|j|☆depecos
|j|☆Infinite4000
|t:|1769444906
|gametype|singles
|player|p1|depecos|1|1234
|player|p2|Infinite4000|brock|1267
|gen|9
|tier|[Gen 9] OU
|rated|
|rule|HP Percentage Mod: HP is shown in percentages
|rule|Endless Battle Clause: Forcing endless battles is banned
|rule|Species Clause: Limit one of each Pokémon
|rule|OHKO Clause: OHKO moves are banned
|rule|Evasion Items Clause: Evasion items are banned
|rule|Evasion Moves Clause: Evasion moves are banned
|rule|Evasion Abilities Clause: Evasion abilities are banned
|rule|Sleep Moves Clause: Sleep-inducing moves are banned
|clearpoke
|poke|p1|Sudowoodo, F|
|poke|p1|Okidogi, M|
|poke|p1|Gholdengo|
|poke|p1|Mimikyu, F|
|poke|p1|Great Tusk|
|poke|p1|Kingambit, F|
|poke|p2|Ogerpon-Cornerstone, F|
|poke|p2|Landorus-Therian, M|
|poke|p2|Raging Bolt|
|poke|p2|Darkrai|
|poke|p2|Kingambit, M|
|poke|p2|Primarina, F|
|teampreview
|inactive|Battle timer is ON: inactive players will automatically lose when time's up. (requested by Infinite4000)
|inactive|depecos has 120 seconds left.
|
|t:|1769444944
|teamsize|p1|6
|teamsize|p2|6
|start
|switch|p1a: Harvest Staff|Sudowoodo, F|100/100
|switch|p2a: Landorus|Landorus-Therian, M|100/100
|-ability|p2a: Landorus|Intimidate|boost
|-unboost|p1a: Harvest Staff|atk|1
|turn|1
|
|t:|1769444953
|move|p2a: Landorus|Taunt|p1a: Harvest Staff
|-start|p1a: Harvest Staff|move: Taunt
|cant|p1a: Harvest Staff|move: Taunt|Stealth Rock
|
|upkeep
|turn|2
|inactive|depecos has 120 seconds left.
|
|t:|1769444987
|move|p2a: Landorus|Stealth Rock|p1a: Harvest Staff
|-sidestart|p1: depecos|move: Stealth Rock
|move|p1a: Harvest Staff|Head Smash|p2a: Landorus
|-damage|p2a: Landorus|60/100
|-damage|p1a: Harvest Staff|84/100|[from] item: Rocky Helmet|[of] p2a: Landorus
|-damage|p1a: Harvest Staff|57/100|[from] Recoil
|
|upkeep
|turn|3
|
|t:|1769444995
|move|p2a: Landorus|Earth Power|p1a: Harvest Staff
|-supereffective|p1a: Harvest Staff
|-damage|p1a: Harvest Staff|0 fnt
|faint|p1a: Harvest Staff
|
|upkeep
|
|t:|1769444999
|switch|p1a: Aorta|Okidogi, M|100/100
|-damage|p1a: Aorta|94/100|[from] Stealth Rock
|turn|4
|
|t:|1769445007
|move|p2a: Landorus|Earth Power|p1a: Aorta
|-supereffective|p1a: Aorta
|-damage|p1a: Aorta|31/100
|-enditem|p1a: Aorta|Weakness Policy
|-boost|p1a: Aorta|atk|2|[from] item: Weakness Policy
|-boost|p1a: Aorta|spa|2|[from] item: Weakness Policy
|move|p1a: Aorta|Ice Punch|p2a: Landorus
|-supereffective|p2a: Landorus
|-damage|p2a: Landorus|0 fnt
|-damage|p1a: Aorta|14/100|[from] item: Rocky Helmet|[of] p2a: Landorus
|faint|p2a: Landorus
|
|upkeep
|
|t:|1769445026
|switch|p2a: Ogerpon|Ogerpon-Cornerstone, F|100/100
|turn|5
|
|t:|1769445033
|move|p2a: Ogerpon|Swords Dance|p2a: Ogerpon
|-boost|p2a: Ogerpon|atk|2
|move|p1a: Aorta|Drain Punch|p2a: Ogerpon
|-supereffective|p2a: Ogerpon
|-ability|p2a: Ogerpon|Sturdy
|-damage|p2a: Ogerpon|1/100
|-heal|p1a: Aorta|54/100|[from] drain|[of] p2a: Ogerpon
|
|upkeep
|turn|6
|
|t:|1769445044
|move|p2a: Ogerpon|Ivy Cudgel|p1a: Aorta|[anim] Ivy Cudgel Rock
|-resisted|p1a: Aorta
|-damage|p1a: Aorta|2/100
|move|p1a: Aorta|Drain Punch|p2a: Ogerpon
|-supereffective|p2a: Ogerpon
|-damage|p2a: Ogerpon|0 fnt
|-heal|p1a: Aorta|2/100|[from] drain|[of] p2a: Ogerpon
|faint|p2a: Ogerpon
|
|upkeep
|
|t:|1769445061
|switch|p2a: Darkrai|Darkrai|100/100
|turn|7
|
|t:|1769445073
|move|p2a: Darkrai|Dark Pulse|p1a: Aorta
|-resisted|p1a: Aorta
|-damage|p1a: Aorta|0 fnt
|faint|p1a: Aorta
|-damage|p2a: Darkrai|91/100|[from] item: Life Orb
|
|upkeep
|
|t:|1769445076
|switch|p1a: Affliction|Mimikyu, F, shiny|100/100
|-damage|p1a: Affliction|88/100|[from] Stealth Rock
|turn|8
|
|t:|1769445089
|move|p2a: Darkrai|Dark Pulse|p1a: Affliction
|-activate|p1a: Affliction|ability: Disguise
|-damage|p1a: Affliction|88/100
|detailschange|p1a: Affliction|Mimikyu-Busted, F, shiny
|-damage|p1a: Affliction|76/100|[from] pokemon: Mimikyu-Busted
|-damage|p2a: Darkrai|81/100|[from] item: Life Orb
|move|p1a: Affliction|Play Rough|p2a: Darkrai
|-supereffective|p2a: Darkrai
|-damage|p2a: Darkrai|0 fnt
|faint|p2a: Darkrai
|-damage|p1a: Affliction|66/100|[from] item: Life Orb
|
|upkeep
|
|t:|1769445112
|switch|p2a: Primarina|Primarina, F|100/100
|turn|9
|
|t:|1769445129
|move|p1a: Affliction|Play Rough|p2a: Primarina
|-damage|p2a: Primarina|62/100
|-damage|p1a: Affliction|56/100|[from] item: Life Orb
|move|p2a: Primarina|Calm Mind|p2a: Primarina
|-boost|p2a: Primarina|spa|1
|-boost|p2a: Primarina|spd|1
|
|-heal|p2a: Primarina|68/100|[from] item: Leftovers
|upkeep
|turn|10
|
|t:|1769445143
|move|p1a: Affliction|Play Rough|p2a: Primarina
|-damage|p2a: Primarina|30/100
|-damage|p1a: Affliction|46/100|[from] item: Life Orb
|move|p2a: Primarina|Moonblast|p1a: Affliction
|-crit|p1a: Affliction
|-damage|p1a: Affliction|0 fnt
|faint|p1a: Affliction
|
|-heal|p2a: Primarina|36/100|[from] item: Leftovers
|upkeep
|
|t:|1769445149
|switch|p1a: Grax|Great Tusk|100/100
|-damage|p1a: Grax|98/100|[from] Stealth Rock
|-enditem|p1a: Grax|Booster Energy
|-activate|p1a: Grax|ability: Protosynthesis|[fromitem]
|-start|p1a: Grax|protosynthesisspe
|turn|11
|
|t:|1769445162
|move|p1a: Grax|Headlong Rush|p2a: Primarina
|-damage|p2a: Primarina|0 fnt
|-unboost|p1a: Grax|def|1
|-unboost|p1a: Grax|spd|1
|faint|p2a: Primarina
|
|upkeep
|
|t:|1769445180
|switch|p2a: Kingambit|Kingambit, M|100/100
|-activate|p2a: Kingambit|ability: Supreme Overlord
|-start|p2a: Kingambit|fallen4|[silent]
|turn|12
|inactive|Infinite4000 has 120 seconds left.
|
|t:|1769445216
|-terastallize|p2a: Kingambit|Flying
|move|p1a: Grax|Rapid Spin|p2a: Kingambit
|-damage|p2a: Kingambit|91/100
|-boost|p1a: Grax|spe|1
|-sideend|p1: depecos|Stealth Rock|[from] move: Rapid Spin|[of] p1a: Grax
|move|p2a: Kingambit|Swords Dance|p2a: Kingambit
|-boost|p2a: Kingambit|atk|2
|
|-heal|p2a: Kingambit|97/100|[from] item: Leftovers
|upkeep
|turn|13
|
|t:|1769445226
|move|p1a: Grax|Bulk Up|p1a: Grax
|-boost|p1a: Grax|atk|1
|-boost|p1a: Grax|def|1
|move|p2a: Kingambit|Zen Headbutt|p1a: Grax
|-supereffective|p1a: Grax
|-crit|p1a: Grax
|-damage|p1a: Grax|0 fnt
|faint|p1a: Grax
|-end|p1a: Grax|Protosynthesis|[silent]
|
|-heal|p2a: Kingambit|100/100|[from] item: Leftovers
|upkeep
|
|t:|1769445234
|switch|p1a: Midas Prime|Gholdengo|100/100
|-item|p1a: Midas Prime|Air Balloon
|turn|14
|inactive|Infinite4000 has 120 seconds left.
|
|t:|1769445239
|move|p2a: Kingambit|Sucker Punch||[still]
|-fail|p2a: Kingambit
|move|p1a: Midas Prime|Thunder Wave|p2a: Kingambit
|-status|p2a: Kingambit|par
|
|upkeep
|turn|15
|
|t:|1769445247
|move|p2a: Kingambit|Sucker Punch|p1a: Midas Prime
|-supereffective|p1a: Midas Prime
|-damage|p1a: Midas Prime|0 fnt
|-enditem|p1a: Midas Prime|Air Balloon
|faint|p1a: Midas Prime
|
|upkeep
|
|t:|1769445249
|switch|p1a: Murasama|Kingambit, F|100/100
|-activate|p1a: Murasama|ability: Supreme Overlord
|-start|p1a: Murasama|fallen5|[silent]
|-item|p1a: Murasama|Air Balloon
|turn|16
|
|t:|1769445266
|move|p2a: Kingambit|Sucker Punch||[still]
|-fail|p2a: Kingambit
|move|p1a: Murasama|Swords Dance|p1a: Murasama
|-boost|p1a: Murasama|atk|2
|
|upkeep
|turn|17
|
|t:|1769445285
|move|p1a: Murasama|Iron Head|p2a: Kingambit
|-damage|p2a: Kingambit|0 fnt
|faint|p2a: Kingambit
|-end|p2a: Kingambit|fallen4|[silent]
|
|upkeep
|
|t:|1769445289
|switch|p2a: Raging Bolt|Raging Bolt|100/100
|-enditem|p2a: Raging Bolt|Booster Energy
|-activate|p2a: Raging Bolt|ability: Protosynthesis|[fromitem]
|-start|p2a: Raging Bolt|protosynthesisspa
|turn|18
|
|t:|1769445296
|-terastallize|p1a: Murasama|Dark
|move|p1a: Murasama|Kowtow Cleave|p2a: Raging Bolt
|-damage|p2a: Raging Bolt|0 fnt
|faint|p2a: Raging Bolt
|-end|p2a: Raging Bolt|Protosynthesis|[silent]
|
|win|depecos
|raw|depecos's rating: 1234 &rarr; <strong>1261</strong><br />(+27 for winning)
|raw|Infinite4000's rating: 1267 &rarr; <strong>1240</strong><br />(-27 for losing)
|l|☆Infinite4000
|player|p2|
|l|☆depecos
|player|p1|
