|j|☆habracadabrah
|j|☆cousclass
|t:|1769337676
|gametype|singles
|player|p1|habracadabrah|hugh|1218
|player|p2|cousclass|ghetsis-gen5bw|1224
|gen|9
|tier|[Gen 9] OU
|rated|
|rule|HP Percentage Mod: HP is shown in percentages
|rule|Endless Battle Clause: Forcing endless battles is banned
|rule|Species Clause: Limit one of each Pokémon
|rule|OHKO Clause: OHKO moves are banned
|rule|Evasion Items Clause: Evasion items are banned
|rule|Evasion Moves Clause: Evasion moves are banned
|rule|Evasion Abilities Clause: Evasion abilities are banned
|rule|Sleep Moves Clause: Sleep-inducing moves are banned
|clearpoke
|poke|p1|Cacturne, M|
|poke|p1|Tyranitar, M|
|poke|p1|Umbreon, M|
|poke|p1|Weavile, M|
|poke|p1|Ninetales-Alola, M|
|poke|p1|Excadrill, M|
|poke|p2|Regidrago|
|poke|p2|Gholdengo|
|poke|p2|Dragonite, F|
|poke|p2|Scizor, F|
|poke|p2|Ting-Lu|
|poke|p2|Weezing-Galar, M|
|teampreview
|
|t:|1769337689
|teamsize|p1|6
|teamsize|p2|6
|start
|switch|p1a: Ninetales|Ninetales-Alola, M|100/100
|switch|p2a: Scizor|Scizor, F|100/100
|-weather|Snowscape|[from] ability: Snow Warning|[of] p1a: Ninetales
|turn|1
|inactive|Battle timer is ON: inactive players will automatically lose when time's up. (requested by cousclass)
|
|t:|1769337702
|switch|p1a: Umbreon|Umbreon, M|100/100
|move|p2a: Scizor|Bullet Punch|p1a: Umbreon
|-damage|p1a: Umbreon|58/100
|
|-weather|Snowscape|[upkeep]
|-heal|p1a: Umbreon|64/100|[from] item: Leftovers
|upkeep
|turn|2
|
|t:|1769337710
|switch|p2a: Ting-Lu|Ting-Lu, shiny|100/100
|-ability|p2a: Ting-Lu|Vessel of Ruin
|move|p1a: Umbreon|Protect||[still]
|-fail|p1a: Umbreon
|
|-weather|Snowscape|[upkeep]
|-heal|p1a: Umbreon|70/100|[from] item: Leftovers
|upkeep
|turn|3
|
|t:|1769337715
|move|p1a: Umbreon|Toxic|p2a: Ting-Lu
|-status|p2a: Ting-Lu|tox
|move|p2a: Ting-Lu|Stealth Rock|p1a: Umbreon
|-sidestart|p1: habracadabrah|move: Stealth Rock
|
|-weather|Snowscape|[upkeep]
|-heal|p1a: Umbreon|76/100|[from] item: Leftovers
|-damage|p2a: Ting-Lu|94/100 tox|[from] psn
|upkeep
|turn|4
|
|t:|1769337720
|move|p1a: Umbreon|Wish|p1a: Umbreon
|move|p2a: Ting-Lu|Ruination|p1a: Umbreon
|-damage|p1a: Umbreon|38/100
|
|-weather|Snowscape|[upkeep]
|-heal|p1a: Umbreon|44/100|[from] item: Leftovers
|-heal|p2a: Ting-Lu|100/100 tox|[from] item: Leftovers
|-damage|p2a: Ting-Lu|88/100 tox|[from] psn
|upkeep
|turn|5
|
|t:|1769337728
|switch|p2a: Scizor|Scizor, F|100/100
|move|p1a: Umbreon|Foul Play|p2a: Scizor
|-damage|p2a: Scizor|39/100
|
|-weather|none
|-heal|p1a: Umbreon|94/100|[from] move: Wish|[wisher] Umbreon
|-heal|p1a: Umbreon|100/100|[from] item: Leftovers
|upkeep
|turn|6
|
|t:|1769337740
|switch|p2a: Weezing|Weezing-Galar, M|100/100
|-ability|p2a: Weezing|Neutralizing Gas
|move|p1a: Umbreon|Protect||[still]
|-fail|p1a: Umbreon
|
|upkeep
|turn|7
|
|t:|1769337749
|move|p1a: Umbreon|Wish|p1a: Umbreon
|move|p2a: Weezing|Sludge Bomb|p1a: Umbreon
|-damage|p1a: Umbreon|87/100
|
|-heal|p1a: Umbreon|93/100|[from] item: Leftovers
|upkeep
|turn|8
|
|t:|1769337766
|switch|p1a: Excadrill|Excadrill, M|100/100
|-damage|p1a: Excadrill|97/100|[from] Stealth Rock
|-item|p1a: Excadrill|Air Balloon
|move|p2a: Weezing|Will-O-Wisp|p1a: Excadrill
|-status|p1a: Excadrill|brn
|
|-heal|p1a: Excadrill|100/100 brn|[from] move: Wish|[wisher] Umbreon
|-damage|p1a: Excadrill|94/100 brn|[from] brn
|upkeep
|turn|9
|
|t:|1769337777
|-end|p2a: Weezing|ability: Neutralizing Gas
|-ability|p1a: Excadrill|Mold Breaker
|switch|p2a: Ting-Lu|Ting-Lu, shiny|88/100 tox
|-ability|p2a: Ting-Lu|Vessel of Ruin
|move|p1a: Excadrill|Rapid Spin|p2a: Ting-Lu
|-damage|p2a: Ting-Lu|83/100 tox
|-boost|p1a: Excadrill|spe|1
|-sideend|p1: habracadabrah|Stealth Rock|[from] move: Rapid Spin|[of] p1a: Excadrill
|
|-heal|p2a: Ting-Lu|89/100 tox|[from] item: Leftovers
|-damage|p2a: Ting-Lu|83/100 tox|[from] psn
|-damage|p1a: Excadrill|88/100 brn|[from] brn
|upkeep
|turn|10
|
|t:|1769337788
|switch|p1a: Cacturne|Cacturne, M|100/100
|move|p2a: Ting-Lu|Ruination|p1a: Cacturne
|-damage|p1a: Cacturne|51/100
|
|-heal|p2a: Ting-Lu|89/100 tox|[from] item: Leftovers
|-damage|p2a: Ting-Lu|77/100 tox|[from] psn
|upkeep
|turn|11
|
|t:|1769337799
|switch|p2a: Weezing|Weezing-Galar, M|100/100
|-ability|p2a: Weezing|Neutralizing Gas
|move|p1a: Cacturne|Leaf Storm|p2a: Weezing
|-resisted|p2a: Weezing
|-damage|p2a: Weezing|35/100
|-unboost|p1a: Cacturne|spa|2
|
|upkeep
|turn|12
|
|t:|1769337823
|switch|p1a: Excadrill|Excadrill, M|88/100 brn
|-item|p1a: Excadrill|Air Balloon
|move|p2a: Weezing|Sludge Bomb|p1a: Excadrill
|-immune|p1a: Excadrill
|
|-damage|p1a: Excadrill|82/100 brn|[from] brn
|upkeep
|turn|13
|
|t:|1769337831
|move|p1a: Excadrill|Swords Dance|p1a: Excadrill
|-boost|p1a: Excadrill|atk|2
|move|p2a: Weezing|Pain Split|p1a: Excadrill
|-sethp|p1a: Excadrill|57/100 brn|[from] move: Pain Split|[silent]
|-sethp|p2a: Weezing|62/100|[from] move: Pain Split
|
|-damage|p1a: Excadrill|51/100 brn|[from] brn
|upkeep
|turn|14
|
|t:|1769337836
|-end|p2a: Weezing|ability: Neutralizing Gas
|-ability|p1a: Excadrill|Mold Breaker
|switch|p2a: Ting-Lu|Ting-Lu, shiny|77/100 tox
|-ability|p2a: Ting-Lu|Vessel of Ruin
|move|p1a: Excadrill|Iron Head|p2a: Ting-Lu
|-damage|p2a: Ting-Lu|54/100 tox
|
|-heal|p2a: Ting-Lu|60/100 tox|[from] item: Leftovers
|-damage|p2a: Ting-Lu|54/100 tox|[from] psn
|-damage|p1a: Excadrill|45/100 brn|[from] brn
|upkeep
|turn|15
|
|t:|1769337848
|move|p1a: Excadrill|Earthquake|p2a: Ting-Lu
|-damage|p2a: Ting-Lu|23/100 tox
|move|p2a: Ting-Lu|Ruination|p1a: Excadrill
|-damage|p1a: Excadrill|23/100 brn
|-enditem|p1a: Excadrill|Air Balloon
|
|-heal|p2a: Ting-Lu|29/100 tox|[from] item: Leftovers
|-damage|p2a: Ting-Lu|17/100 tox|[from] psn
|-damage|p1a: Excadrill|17/100 brn|[from] brn
|upkeep
|turn|16
|
|t:|1769337853
|move|p1a: Excadrill|Earthquake|p2a: Ting-Lu
|-damage|p2a: Ting-Lu|0 fnt
|faint|p2a: Ting-Lu
|
|-damage|p1a: Excadrill|11/100 brn|[from] brn
|upkeep
|
|t:|1769337861
|switch|p2a: Dragonite|Dragonite, F|100/100
|turn|17
|
|t:|1769337865
|move|p1a: Excadrill|Iron Head|p2a: Dragonite
|-damage|p2a: Dragonite|52/100
|cant|p2a: Dragonite|flinch
|
|-damage|p1a: Excadrill|5/100 brn|[from] brn
|upkeep
|turn|18
|
|t:|1769337872
|move|p1a: Excadrill|Iron Head|p2a: Dragonite
|-damage|p2a: Dragonite|7/100
|cant|p2a: Dragonite|flinch
|
|-damage|p1a: Excadrill|0 fnt|[from] brn
|faint|p1a: Excadrill
|upkeep
|
|t:|1769337878
|switch|p1a: Ninetales|Ninetales-Alola, M|100/100
|-weather|Snowscape|[from] ability: Snow Warning|[of] p1a: Ninetales
|turn|19
|
|t:|1769337906
|move|p1a: Ninetales|Aurora Veil|p1a: Ninetales
|-sidestart|p1: habracadabrah|move: Aurora Veil
|move|p2a: Dragonite|Roost|p2a: Dragonite
|-heal|p2a: Dragonite|57/100
|-singleturn|p2a: Dragonite|move: Roost
|
|-weather|Snowscape|[upkeep]
|upkeep
|turn|20
|
|t:|1769337913
|switch|p2a: Weezing|Weezing-Galar, M|62/100
|-ability|p2a: Weezing|Neutralizing Gas
|move|p1a: Ninetales|Blizzard|p2a: Weezing
|-damage|p2a: Weezing|0 fnt
|faint|p2a: Weezing
|-end|p2a: Weezing|ability: Neutralizing Gas
|
|-weather|Snowscape|[upkeep]
|upkeep
|
|t:|1769337920
|switch|p2a: Scizor|Scizor, F|39/100
|turn|21
|
|t:|1769337932
|-terastallize|p1a: Ninetales|Ice
|-terastallize|p2a: Scizor|Steel
|move|p2a: Scizor|Bullet Punch|p1a: Ninetales
|-supereffective|p1a: Ninetales
|-damage|p1a: Ninetales|36/100
|move|p1a: Ninetales|Blizzard|p2a: Scizor
|-resisted|p2a: Scizor
|-damage|p2a: Scizor|1/100
|
|-weather|Snowscape|[upkeep]
|upkeep
|turn|22
|
|t:|1769337948
|switch|p1a: Umbreon|Umbreon, M|93/100
|move|p2a: Scizor|Bullet Punch|p1a: Umbreon
|-damage|p1a: Umbreon|64/100
|
|-weather|Snowscape|[upkeep]
|-heal|p1a: Umbreon|70/100|[from] item: Leftovers
|upkeep
|turn|23
|inactive|cousclass has 120 seconds left.
|
|t:|1769337979
|switch|p2a: Gholdengo|Gholdengo|100/100
|move|p1a: Umbreon|Wish|p1a: Umbreon
|
|-weather|none
|-heal|p1a: Umbreon|76/100|[from] item: Leftovers
|upkeep
|turn|24
|inactive|cousclass has 120 seconds left.
|
|t:|1769337991
|move|p2a: Gholdengo|Make It Rain|p1a: Umbreon
|-damage|p1a: Umbreon|56/100
|-unboost|p2a: Gholdengo|spa|1
|move|p1a: Umbreon|Foul Play|p2a: Gholdengo
|-supereffective|p2a: Gholdengo
|-damage|p2a: Gholdengo|72/100
|
|-heal|p1a: Umbreon|100/100|[from] move: Wish|[wisher] Umbreon
|upkeep
|turn|25
|
|t:|1769337996
|move|p2a: Gholdengo|Nasty Plot|p2a: Gholdengo
|-boost|p2a: Gholdengo|spa|2
|move|p1a: Umbreon|Wish|p1a: Umbreon
|
|upkeep
|turn|26
|inactive|cousclass has 120 seconds left.
|
|t:|1769338023
|switch|p1a: Cacturne|Cacturne, M|51/100
|move|p2a: Gholdengo|Nasty Plot|p2a: Gholdengo
|-boost|p2a: Gholdengo|spa|2
|
|-heal|p1a: Cacturne|100/100|[from] move: Wish|[wisher] Umbreon
|-sideend|p1: habracadabrah|move: Aurora Veil
|upkeep
|turn|27
|inactive|cousclass has 120 seconds left.
|
|t:|1769338035
|switch|p2a: Dragonite|Dragonite, F|57/100
|move|p1a: Cacturne|Sucker Punch||[still]
|-fail|p1a: Cacturne
|
|upkeep
|turn|28
|
|t:|1769338046
|switch|p1a: Weavile|Weavile, M|100/100
|move|p2a: Dragonite|Roost|p2a: Dragonite
|-heal|p2a: Dragonite|100/100
|-singleturn|p2a: Dragonite|move: Roost
|
|upkeep
|turn|29
|
|t:|1769338053
|move|p1a: Weavile|Icicle Crash|p2a: Dragonite|[miss]
|-miss|p1a: Weavile|p2a: Dragonite
|move|p2a: Dragonite|Dragon Dance|p2a: Dragonite
|-boost|p2a: Dragonite|atk|1
|-boost|p2a: Dragonite|spe|1
|
|upkeep
|turn|30
|
|t:|1769338060
|move|p1a: Weavile|Icicle Crash|p2a: Dragonite|[miss]
|-miss|p1a: Weavile|p2a: Dragonite
|move|p2a: Dragonite|Dragon Dance|p2a: Dragonite
|-boost|p2a: Dragonite|atk|1
|-boost|p2a: Dragonite|spe|1
|
|upkeep
|turn|31
|c|☆habracadabrah|Omg
|c|☆cousclass|lmao
|
|t:|1769338076
|move|p2a: Dragonite|Dragon Dance|p2a: Dragonite
|-boost|p2a: Dragonite|atk|1
|-boost|p2a: Dragonite|spe|1
|move|p1a: Weavile|Icicle Crash|p2a: Dragonite
|-supereffective|p2a: Dragonite
|-damage|p2a: Dragonite|11/100
|
|upkeep
|turn|32
|
|t:|1769338081
|move|p2a: Dragonite|Earthquake|p1a: Weavile
|-enditem|p1a: Weavile|Focus Sash
|-damage|p1a: Weavile|1/100
|move|p1a: Weavile|Knock Off|p2a: Dragonite
|-damage|p2a: Dragonite|0 fnt
|-enditem|p2a: Dragonite|Heavy-Duty Boots|[from] move: Knock Off|[of] p1a: Weavile
|faint|p2a: Dragonite
|
|upkeep
|c|☆cousclass|ruh
|c|☆cousclass|bruh
|
|t:|1769338093
|switch|p2a: Regidrago|Regidrago, shiny|100/100
|turn|33
|
|t:|1769338097
|move|p2a: Regidrago|Earth Power|p1a: Weavile
|-crit|p1a: Weavile
|-damage|p1a: Weavile|0 fnt
|faint|p1a: Weavile
|
|upkeep
|
|t:|1769338117
|switch|p1a: Cacturne|Cacturne, M|100/100
|turn|34
|
|t:|1769338126
|switch|p2a: Gholdengo|Gholdengo|72/100
|move|p1a: Cacturne|Dark Pulse|p2a: Gholdengo
|-supereffective|p2a: Gholdengo
|-damage|p2a: Gholdengo|0 fnt
|faint|p2a: Gholdengo
|
|upkeep
|
|t:|1769338132
|switch|p2a: Regidrago|Regidrago, shiny|100/100
|turn|35
|
|t:|1769338139
|switch|p1a: Ninetales|Ninetales-Alola, M, tera:Ice|36/100
|-weather|Snowscape|[from] ability: Snow Warning|[of] p1a: Ninetales
|move|p2a: Regidrago|Draco Meteor|p1a: Ninetales
|-damage|p1a: Ninetales|0 fnt
|-unboost|p2a: Regidrago|spa|2
|faint|p1a: Ninetales
|
|-weather|Snowscape|[upkeep]
|upkeep
|
|t:|1769338148
|switch|p1a: Cacturne|Cacturne, M|100/100
|turn|36
|
|t:|1769338169
|move|p2a: Regidrago|Draco Meteor|p1a: Cacturne|[miss]
|-miss|p2a: Regidrago|p1a: Cacturne
|move|p1a: Cacturne|Dark Pulse|p2a: Regidrago
|-damage|p2a: Regidrago|27/100
|
|-weather|Snowscape|[upkeep]
|upkeep
|turn|37
|
|t:|1769338175
|move|p2a: Regidrago|Draco Meteor|p1a: Cacturne
|-damage|p1a: Cacturne|37/100
|-unboost|p2a: Regidrago|spa|2
|move|p1a: Cacturne|Dark Pulse|p2a: Regidrago
|-damage|p2a: Regidrago|0 fnt
|faint|p2a: Regidrago
|
|-weather|Snowscape|[upkeep]
|upkeep
|
|t:|1769338179
|switch|p2a: Scizor|Scizor, F, tera:Steel|1/100
|turn|38
|
|t:|1769338181
|move|p2a: Scizor|Close Combat|p1a: Cacturne
|-supereffective|p1a: Cacturne
|-damage|p1a: Cacturne|0 fnt
|-unboost|p2a: Scizor|def|1
|-unboost|p2a: Scizor|spd|1
|faint|p1a: Cacturne
|
|-weather|Snowscape|[upkeep]
|upkeep
|
|t:|1769338188
|switch|p1a: Umbreon|Umbreon, M|100/100
|turn|39
|
|t:|1769338191
|move|p2a: Scizor|Close Combat|p1a: Umbreon
|-supereffective|p1a: Umbreon
|-damage|p1a: Umbreon|0 fnt
|-unboost|p2a: Scizor|def|1
|-unboost|p2a: Scizor|spd|1
|faint|p1a: Umbreon
|
|-weather|none
|upkeep
|
|t:|1769338211
|switch|p1a: Tyranitar|Tyranitar, M|100/100
|-weather|Sandstorm|[from] ability: Sand Stream|[of] p1a: Tyranitar
|turn|40
|
|t:|1769338214
|move|p2a: Scizor|Close Combat|p1a: Tyranitar
|-supereffective|p1a: Tyranitar
|-damage|p1a: Tyranitar|0 fnt
|-unboost|p2a: Scizor|def|1
|-unboost|p2a: Scizor|spd|1
|faint|p1a: Tyranitar
|
|win|cousclass
|raw|habracadabrah's rating: 1218 &rarr; <strong>1193</strong><br />(-25 for losing)
|raw|cousclass's rating: 1224 &rarr; <strong>1249</strong><br />(+25 for winning)
|l|☆cousclass
|player|p2|
|l|☆habracadabrah
|player|p1|
