|j|☆polywolyv
|j|☆pacdan111
|t:|1769401224
|gametype|singles
|player|p1|polywolyv|miku-water|1171
|player|p2|pacdan111|barry|1179
|gen|9
|tier|[Gen 9] OU
|rated|
|rule|HP Percentage Mod: HP is shown in percentages
|rule|Endless Battle Clause: Forcing endless battles is banned
|rule|Species Clause: Limit one of each Pokémon
|rule|OHKO Clause: OHKO moves are banned
|rule|Evasion Items Clause: Evasion items are banned
|rule|Evasion Moves Clause: Evasion moves are banned
|rule|Evasion Abilities Clause: Evasion abilities are banned
|rule|Sleep Moves Clause: Sleep-inducing moves are banned
|clearpoke
|poke|p1|Minior-Violet|
|poke|p1|Maushold-Four|
|poke|p1|Dondozo, F|
|poke|p1|Polteageist|
|poke|p1|Galvantula, F|
|poke|p1|Veluza, F|
|poke|p2|Dragonite, M|
|poke|p2|Glimmora, F|
|poke|p2|Gholdengo|
|poke|p2|Iron Valiant|
|poke|p2|Darkrai|
|poke|p2|Kyurem|
|teampreview
|inactive|Battle timer is ON: inactive players will automatically lose when time's up. (requested by polywolyv)
|
|t:|1769401251
|teamsize|p1|6
|teamsize|p2|6
|start
|switch|p1a: Dondozo|Dondozo, F, shiny|100/100
|switch|p2a: Nike Tekkz|Glimmora, F|100/100
|turn|1
|
|t:|1769401264
|move|p2a: Nike Tekkz|Stealth Rock|p1a: Dondozo
|-sidestart|p1: polywolyv|move: Stealth Rock
|move|p1a: Dondozo|Curse|p1a: Dondozo
|-unboost|p1a: Dondozo|spe|1
|-boost|p1a: Dondozo|atk|1
|-boost|p1a: Dondozo|def|1
|
|upkeep
|turn|2
|
|t:|1769401269
|move|p2a: Nike Tekkz|Mortal Spin|p1a: Dondozo
|-damage|p1a: Dondozo|98/100
|-status|p1a: Dondozo|psn
|move|p1a: Dondozo|Curse|p1a: Dondozo
|-unboost|p1a: Dondozo|spe|1
|-boost|p1a: Dondozo|atk|1
|-boost|p1a: Dondozo|def|1
|
|-heal|p1a: Dondozo|100/100 psn|[from] item: Leftovers
|-damage|p1a: Dondozo|88/100 psn|[from] psn
|upkeep
|turn|3
|
|t:|1769401285
|move|p2a: Nike Tekkz|Spikes|p1a: Dondozo
|-sidestart|p1: polywolyv|Spikes
|move|p1a: Dondozo|Liquidation|p2a: Nike Tekkz
|-supereffective|p2a: Nike Tekkz
|-enditem|p2a: Nike Tekkz|Focus Sash
|-damage|p2a: Nike Tekkz|1/100
|-activate|p2a: Nike Tekkz|ability: Toxic Debris
|-sidestart|p1: polywolyv|move: Toxic Spikes
|
|-heal|p1a: Dondozo|94/100 psn|[from] item: Leftovers
|-damage|p1a: Dondozo|82/100 psn|[from] psn
|upkeep
|turn|4
|
|t:|1769401290
|move|p2a: Nike Tekkz|Spikes|p1a: Dondozo
|-sidestart|p1: polywolyv|Spikes
|move|p1a: Dondozo|Liquidation|p2a: Nike Tekkz
|-supereffective|p2a: Nike Tekkz
|-damage|p2a: Nike Tekkz|0 fnt
|-activate|p2a: Nike Tekkz|ability: Toxic Debris
|-sidestart|p1: polywolyv|move: Toxic Spikes
|faint|p2a: Nike Tekkz
|
|-heal|p1a: Dondozo|88/100 psn|[from] item: Leftovers
|-damage|p1a: Dondozo|76/100 psn|[from] psn
|upkeep
|
|t:|1769401292
|switch|p2a: Icing the Game|Kyurem|100/100
|-ability|p2a: Icing the Game|Pressure
|turn|5
|
|t:|1769401297
|move|p2a: Icing the Game|Freeze-Dry|p1a: Dondozo
|-supereffective|p1a: Dondozo
|-damage|p1a: Dondozo|0 fnt
|faint|p1a: Dondozo
|
|upkeep
|
|t:|1769401305
|switch|p1a: Maushold|Maushold-Four|100/100
|-damage|p1a: Maushold|88/100|[from] Stealth Rock
|-damage|p1a: Maushold|71/100|[from] Spikes
|-status|p1a: Maushold|tox
|turn|6
|
|t:|1769401309
|switch|p2a: Daruda|Gholdengo|100/100
|-item|p2a: Daruda|Air Balloon
|move|p1a: Maushold|Tidy Up|p1a: Maushold
|-sideend|p1: polywolyv|Spikes
|-sideend|p1: polywolyv|Toxic Spikes
|-sideend|p1: polywolyv|Stealth Rock
|-activate|p1a: Maushold|move: Tidy Up
|-boost|p1a: Maushold|atk|1
|-boost|p1a: Maushold|spe|1
|
|-damage|p1a: Maushold|65/100 tox|[from] psn
|upkeep
|turn|7
|
|t:|1769401315
|move|p1a: Maushold|Bullet Seed|p2a: Daruda
|-resisted|p2a: Daruda
|-damage|p2a: Daruda|94/100
|-enditem|p2a: Daruda|Air Balloon
|-resisted|p2a: Daruda
|-damage|p2a: Daruda|88/100
|-resisted|p2a: Daruda
|-damage|p2a: Daruda|82/100
|-resisted|p2a: Daruda
|-damage|p2a: Daruda|76/100
|-resisted|p2a: Daruda
|-damage|p2a: Daruda|70/100
|-hitcount|p2a: Daruda|5
|move|p2a: Daruda|Make It Rain|p1a: Maushold
|-damage|p1a: Maushold|0 fnt
|-unboost|p2a: Daruda|spa|1
|faint|p1a: Maushold
|
|upkeep
|
|t:|1769401319
|switch|p1a: Galvantula|Galvantula, F|100/100
|turn|8
|
|t:|1769401323
|move|p1a: Galvantula|Sticky Web|p2a: Daruda
|-sidestart|p2: pacdan111|move: Sticky Web
|move|p2a: Daruda|Nasty Plot|p2a: Daruda
|-boost|p2a: Daruda|spa|2
|
|upkeep
|turn|9
|
|t:|1769401328
|move|p1a: Galvantula|Thunder|p2a: Daruda
|-damage|p2a: Daruda|21/100
|move|p2a: Daruda|Shadow Ball|p1a: Galvantula
|-enditem|p1a: Galvantula|Focus Sash
|-damage|p1a: Galvantula|1/100
|
|upkeep
|turn|10
|
|t:|1769401333
|move|p1a: Galvantula|Thunder|p2a: Daruda|[miss]
|-miss|p1a: Galvantula|p2a: Daruda
|move|p2a: Daruda|Shadow Ball|p1a: Galvantula
|-damage|p1a: Galvantula|0 fnt
|faint|p1a: Galvantula
|
|upkeep
|
|t:|1769401338
|switch|p1a: Minior|Minior-Violet, shiny|100/100
|-formechange|p1a: Minior|Minior-Meteor||[from] ability: Shields Down
|turn|11
|
|t:|1769401343
|move|p1a: Minior|Shell Smash|p1a: Minior
|-unboost|p1a: Minior|def|1
|-unboost|p1a: Minior|spd|1
|-boost|p1a: Minior|atk|2
|-boost|p1a: Minior|spa|2
|-boost|p1a: Minior|spe|2
|-enditem|p1a: Minior|White Herb
|-clearnegativeboost|p1a: Minior|[silent]
|move|p2a: Daruda|Make It Rain|p1a: Minior
|-supereffective|p1a: Minior
|-damage|p1a: Minior|0 fnt
|-unboost|p2a: Daruda|spa|1
|faint|p1a: Minior
|
|upkeep
|
|t:|1769401348
|switch|p1a: Veluza|Veluza, F|100/100
|turn|12
|
|t:|1769401351
|move|p2a: Daruda|Shadow Ball|p1a: Veluza
|-supereffective|p1a: Veluza
|-damage|p1a: Veluza|0 fnt
|faint|p1a: Veluza
|
|upkeep
|
|t:|1769401353
|switch|p1a: Polteageist|Polteageist, shiny|100/100
|turn|13
|
|t:|1769401358
|move|p1a: Polteageist|Shell Smash|p1a: Polteageist
|-unboost|p1a: Polteageist|def|1
|-unboost|p1a: Polteageist|spd|1
|-boost|p1a: Polteageist|atk|2
|-boost|p1a: Polteageist|spa|2
|-boost|p1a: Polteageist|spe|2
|-enditem|p1a: Polteageist|White Herb
|-clearnegativeboost|p1a: Polteageist|[silent]
|move|p2a: Daruda|Shadow Ball|p1a: Polteageist
|-supereffective|p1a: Polteageist
|-damage|p1a: Polteageist|0 fnt
|faint|p1a: Polteageist
|
|win|pacdan111
|raw|polywolyv's rating: 1171 &rarr; <strong>1147</strong><br />(-24 for losing)
|raw|pacdan111's rating: 1179 &rarr; <strong>1203</strong><br />(+24 for winning)
|l|☆polywolyv
|player|p1|
|l|☆pacdan111
|player|p2|
