|j|☆Furiousjulian
|j|☆sancorv1
|t:|1769379611
|gametype|singles
|player|p1|Furiousjulian|blackbelt|1549
|player|p2|sancorv1|doctor|1584
|gen|9
|tier|[Gen 9] OU
|rated|
|rule|HP Percentage Mod: HP is shown in percentages
|rule|Endless Battle Clause: Forcing endless battles is banned
|rule|Species Clause: Limit one of each Pokémon
|rule|OHKO Clause: OHKO moves are banned
|rule|Evasion Items Clause: Evasion items are banned
|rule|Evasion Moves Clause: Evasion moves are banned
|rule|Evasion Abilities Clause: Evasion abilities are banned
|rule|Sleep Moves Clause: Sleep-inducing moves are banned
|clearpoke
|poke|p1|Rillaboom, M|
|poke|p1|Kleavor, M|
|poke|p1|Hawlucha, M|
|poke|p1|Clefable, M|
|poke|p1|Skeledirge, F|
|poke|p1|Goodra-Hisui, F|
|poke|p2|Iron Crown|
|poke|p2|Zamazenta-*|
|poke|p2|Ting-Lu|
|poke|p2|Primarina, F|
|poke|p2|Corviknight, M|
|poke|p2|Walking Wake|
|teampreview
|j| dendar
|
|t:|1769379635
|teamsize|p1|6
|teamsize|p2|6
|start
|switch|p1a: Monkey King:Enma|Rillaboom, M|100/100
|switch|p2a: Walking Wake|Walking Wake|100/100
|-fieldstart|move: Grassy Terrain|[from] ability: Grassy Surge|[of] p1a: Monkey King:Enma
|turn|1
|
|t:|1769379689
|-end|p2a: Walking Wake|Protosynthesis|[silent]
|switch|p2a: Corviknight|Corviknight, M|100/100
|-ability|p2a: Corviknight|Pressure
|-terastallize|p1a: Monkey King:Enma|Grass
|move|p1a: Monkey King:Enma|Grassy Glide|p2a: Corviknight
|-resisted|p2a: Corviknight
|-damage|p2a: Corviknight|89/100
|-damage|p1a: Monkey King:Enma|84/100|[from] item: Rocky Helmet|[of] p2a: Corviknight
|
|-heal|p1a: Monkey King:Enma|90/100|[from] Grassy Terrain
|upkeep
|turn|2
|
|t:|1769379713
|switch|p1a: Sanshouo|Skeledirge, F|100/100
|move|p2a: Corviknight|U-turn|p1a: Sanshouo
|-resisted|p1a: Sanshouo
|-damage|p1a: Sanshouo|99/100
|
|t:|1769379718
|switch|p2a: Primarina|Primarina, F, shiny|100/100|[from] U-turn
|
|-heal|p1a: Sanshouo|100/100|[from] Grassy Terrain
|upkeep
|turn|3
|
|t:|1769379724
|switch|p1a: Katsuyu|Goodra-Hisui, F|100/100
|move|p2a: Primarina|Substitute|p2a: Primarina
|-start|p2a: Primarina|Substitute
|-damage|p2a: Primarina|76/100
|
|-heal|p2a: Primarina|82/100|[from] Grassy Terrain
|-heal|p2a: Primarina|88/100|[from] item: Leftovers
|upkeep
|turn|4
|
|t:|1769379732
|move|p2a: Primarina|Moonblast|p1a: Katsuyu
|-damage|p1a: Katsuyu|77/100
|move|p1a: Katsuyu|Flash Cannon|p2a: Primarina
|-end|p2a: Primarina|Substitute
|
|-heal|p2a: Primarina|94/100|[from] Grassy Terrain
|-heal|p2a: Primarina|99/100|[from] item: Leftovers
|-heal|p1a: Katsuyu|83/100|[from] Grassy Terrain
|upkeep
|turn|5
|
|t:|1769379742
|switch|p2a: Ting-Lu|Ting-Lu|100/100
|-ability|p2a: Ting-Lu|Vessel of Ruin
|move|p1a: Katsuyu|Flash Cannon|p2a: Ting-Lu
|-damage|p2a: Ting-Lu|85/100
|
|-heal|p1a: Katsuyu|89/100|[from] Grassy Terrain
|-heal|p2a: Ting-Lu|91/100|[from] Grassy Terrain
|-heal|p2a: Ting-Lu|97/100|[from] item: Leftovers
|-fieldend|move: Grassy Terrain
|upkeep
|turn|6
|
|t:|1769379752
|switch|p1a: Monkey King:Enma|Rillaboom, M, tera:Grass|90/100
|-fieldstart|move: Grassy Terrain|[from] ability: Grassy Surge|[of] p1a: Monkey King:Enma
|move|p2a: Ting-Lu|Stealth Rock|p1a: Monkey King:Enma
|-sidestart|p1: Furiousjulian|move: Stealth Rock
|
|-heal|p1a: Monkey King:Enma|96/100|[from] Grassy Terrain
|-heal|p2a: Ting-Lu|100/100|[from] Grassy Terrain
|upkeep
|turn|7
|
|t:|1769379760
|switch|p2a: Corviknight|Corviknight, M|89/100
|-ability|p2a: Corviknight|Pressure
|move|p1a: Monkey King:Enma|Knock Off|p2a: Corviknight
|-crit|p2a: Corviknight
|-damage|p2a: Corviknight|41/100
|-damage|p1a: Monkey King:Enma|80/100|[from] item: Rocky Helmet|[of] p2a: Corviknight
|-enditem|p2a: Corviknight|Rocky Helmet|[from] move: Knock Off|[of] p1a: Monkey King:Enma
|
|-heal|p1a: Monkey King:Enma|86/100|[from] Grassy Terrain
|upkeep
|turn|8
|
|t:|1769379771
|switch|p1a: Deidara's c3|Hawlucha, M|100/100
|-damage|p1a: Deidara's c3|88/100|[from] Stealth Rock
|-enditem|p1a: Deidara's c3|Grassy Seed
|-boost|p1a: Deidara's c3|def|1|[from] item: Grassy Seed
|move|p2a: Corviknight|Roost|p2a: Corviknight
|-heal|p2a: Corviknight|91/100
|-singleturn|p2a: Corviknight|move: Roost
|
|-heal|p2a: Corviknight|97/100|[from] Grassy Terrain
|upkeep
|turn|9
|
|t:|1769379782
|move|p1a: Deidara's c3|Bulk Up|p1a: Deidara's c3
|-boost|p1a: Deidara's c3|atk|1
|-boost|p1a: Deidara's c3|def|1
|move|p2a: Corviknight|Brave Bird|p1a: Deidara's c3
|-supereffective|p1a: Deidara's c3
|-damage|p1a: Deidara's c3|33/100
|-damage|p2a: Corviknight|84/100|[from] Recoil
|
|upkeep
|turn|10
|
|t:|1769379794
|move|p1a: Deidara's c3|Drain Punch|p2a: Corviknight
|-damage|p2a: Corviknight|53/100
|-heal|p1a: Deidara's c3|53/100|[from] drain|[of] p2a: Corviknight
|move|p2a: Corviknight|Brave Bird|p1a: Deidara's c3
|-supereffective|p1a: Deidara's c3
|-damage|p1a: Deidara's c3|3/100
|-damage|p2a: Corviknight|40/100|[from] Recoil
|
|-fieldend|move: Grassy Terrain
|upkeep
|turn|11
|
|t:|1769379818
|move|p1a: Deidara's c3|Defog|p2a: Corviknight
|-unboost|p2a: Corviknight|evasion|1
|-sideend|p1: Furiousjulian|Stealth Rock|[from] move: Defog|[of] p1a: Deidara's c3
|move|p2a: Corviknight|Roost|p2a: Corviknight
|-heal|p2a: Corviknight|90/100
|-singleturn|p2a: Corviknight|move: Roost
|
|upkeep
|turn|12
|
|t:|1769379825
|move|p1a: Deidara's c3|Drain Punch|p2a: Corviknight
|-damage|p2a: Corviknight|60/100
|-heal|p1a: Deidara's c3|23/100|[from] drain|[of] p2a: Corviknight
|move|p2a: Corviknight|Brave Bird|p1a: Deidara's c3
|-supereffective|p1a: Deidara's c3
|-damage|p1a: Deidara's c3|0 fnt
|faint|p1a: Deidara's c3
|-damage|p2a: Corviknight|55/100|[from] Recoil
|
|upkeep
|
|t:|1769379849
|switch|p1a: Hidan|Kleavor, M|100/100
|turn|13
|j| Ctannn
|
|t:|1769379857
|move|p1a: Hidan|Stone Axe|p2a: Corviknight
|-damage|p2a: Corviknight|19/100
|-sidestart|p2: sancorv1|move: Stealth Rock
|move|p2a: Corviknight|Roost|p2a: Corviknight
|-heal|p2a: Corviknight|69/100
|-singleturn|p2a: Corviknight|move: Roost
|
|upkeep
|turn|14
|
|t:|1769379871
|switch|p1a: Sakura|Clefable, M|100/100
|move|p2a: Corviknight|Defog|p1a: Sakura
|-unboost|p1a: Sakura|evasion|1
|-sideend|p2: sancorv1|Stealth Rock|[from] move: Defog|[of] p2a: Corviknight
|
|upkeep
|turn|15
|
|t:|1769379881
|switch|p2a: Iron Crown|Iron Crown|100/100
|move|p1a: Sakura|Calm Mind|p1a: Sakura
|-boost|p1a: Sakura|spa|1
|-boost|p1a: Sakura|spd|1
|
|upkeep
|turn|16
|
|t:|1769379887
|move|p2a: Iron Crown|Tachyon Cutter|p1a: Sakura
|-supereffective|p1a: Sakura
|-damage|p1a: Sakura|52/100
|-supereffective|p1a: Sakura
|-damage|p1a: Sakura|6/100
|-hitcount|p1a: Sakura|2
|move|p1a: Sakura|Flamethrower|p2a: Iron Crown
|-supereffective|p2a: Iron Crown
|-damage|p2a: Iron Crown|21/100
|
|upkeep
|turn|17
|
|t:|1769379898
|switch|p1a: Katsuyu|Goodra-Hisui, F|89/100
|move|p2a: Iron Crown|Tachyon Cutter|p1a: Katsuyu
|-resisted|p1a: Katsuyu
|-damage|p1a: Katsuyu|80/100
|-resisted|p1a: Katsuyu
|-damage|p1a: Katsuyu|72/100
|-hitcount|p1a: Katsuyu|2
|
|upkeep
|turn|18
|
|t:|1769379913
|-end|p2a: Iron Crown|Quark Drive|[silent]
|switch|p2a: Ting-Lu|Ting-Lu|100/100
|-ability|p2a: Ting-Lu|Vessel of Ruin
|switch|p1a: Monkey King:Enma|Rillaboom, M, tera:Grass|86/100
|-fieldstart|move: Grassy Terrain|[from] ability: Grassy Surge|[of] p1a: Monkey King:Enma
|
|-heal|p1a: Monkey King:Enma|92/100|[from] Grassy Terrain
|upkeep
|turn|19
|
|t:|1769379922
|switch|p2a: Corviknight|Corviknight, M|69/100
|-ability|p2a: Corviknight|Pressure
|move|p1a: Monkey King:Enma|U-turn|p2a: Corviknight
|-resisted|p2a: Corviknight
|-damage|p2a: Corviknight|64/100
|
|t:|1769379929
|switch|p1a: Sakura|Clefable, M|6/100|[from] U-turn
|
|-heal|p1a: Sakura|12/100|[from] Grassy Terrain
|upkeep
|turn|20
|
|t:|1769379944
|switch|p2a: Walking Wake|Walking Wake|100/100
|move|p1a: Sakura|Moonlight|p1a: Sakura
|-heal|p1a: Sakura|62/100
|
|-heal|p1a: Sakura|68/100|[from] Grassy Terrain
|upkeep
|turn|21
|
|t:|1769379952
|switch|p1a: Katsuyu|Goodra-Hisui, F|72/100
|move|p2a: Walking Wake|Surf|p1a: Katsuyu
|-resisted|p1a: Katsuyu
|-damage|p1a: Katsuyu|62/100
|
|-heal|p1a: Katsuyu|68/100|[from] Grassy Terrain
|upkeep
|turn|22
|
|t:|1769379965
|-end|p2a: Walking Wake|Protosynthesis|[silent]
|switch|p2a: Ting-Lu|Ting-Lu|100/100
|-ability|p2a: Ting-Lu|Vessel of Ruin
|move|p1a: Katsuyu|Draco Meteor|p2a: Ting-Lu
|-damage|p2a: Ting-Lu|73/100
|-unboost|p1a: Katsuyu|spa|2
|
|-heal|p1a: Katsuyu|74/100|[from] Grassy Terrain
|-heal|p2a: Ting-Lu|80/100|[from] Grassy Terrain
|-heal|p2a: Ting-Lu|86/100|[from] item: Leftovers
|-fieldend|move: Grassy Terrain
|upkeep
|turn|23
|
|t:|1769379976
|switch|p1a: Monkey King:Enma|Rillaboom, M, tera:Grass|92/100
|-fieldstart|move: Grassy Terrain|[from] ability: Grassy Surge|[of] p1a: Monkey King:Enma
|move|p2a: Ting-Lu|Stealth Rock|p1a: Monkey King:Enma
|-sidestart|p1: Furiousjulian|move: Stealth Rock
|
|-heal|p1a: Monkey King:Enma|98/100|[from] Grassy Terrain
|-heal|p2a: Ting-Lu|92/100|[from] Grassy Terrain
|-heal|p2a: Ting-Lu|98/100|[from] item: Leftovers
|upkeep
|turn|24
|
|t:|1769379988
|switch|p2a: Corviknight|Corviknight, M|64/100
|-ability|p2a: Corviknight|Pressure
|move|p1a: Monkey King:Enma|U-turn|p2a: Corviknight
|-resisted|p2a: Corviknight
|-damage|p2a: Corviknight|58/100
|
|t:|1769379994
|switch|p1a: Sakura|Clefable, M|68/100|[from] U-turn
|
|-heal|p1a: Sakura|74/100|[from] Grassy Terrain
|upkeep
|turn|25
|
|t:|1769380000
|move|p2a: Corviknight|U-turn|p1a: Sakura
|-resisted|p1a: Sakura
|-damage|p1a: Sakura|69/100
|
|t:|1769380014
|switch|p2a: Iron Crown|Iron Crown|21/100|[from] U-turn
|move|p1a: Sakura|Flamethrower|p2a: Iron Crown
|-supereffective|p2a: Iron Crown
|-damage|p2a: Iron Crown|0 fnt
|faint|p2a: Iron Crown
|-end|p2a: Iron Crown|Quark Drive|[silent]
|
|-heal|p1a: Sakura|75/100|[from] Grassy Terrain
|upkeep
|
|t:|1769380018
|switch|p2a: Primarina|Primarina, F, shiny|99/100
|turn|26
|
|t:|1769380025
|switch|p1a: Katsuyu|Goodra-Hisui, F|74/100
|-damage|p1a: Katsuyu|68/100|[from] Stealth Rock
|move|p2a: Primarina|Substitute|p2a: Primarina
|-start|p2a: Primarina|Substitute
|-damage|p2a: Primarina|75/100
|
|-heal|p2a: Primarina|81/100|[from] Grassy Terrain
|-heal|p2a: Primarina|87/100|[from] item: Leftovers
|-heal|p1a: Katsuyu|74/100|[from] Grassy Terrain
|upkeep
|turn|27
|
|t:|1769380034
|move|p2a: Primarina|Moonblast|p1a: Katsuyu
|-damage|p1a: Katsuyu|52/100
|move|p1a: Katsuyu|Flash Cannon|p2a: Primarina
|-end|p2a: Primarina|Substitute
|
|-heal|p2a: Primarina|93/100|[from] Grassy Terrain
|-heal|p2a: Primarina|99/100|[from] item: Leftovers
|-heal|p1a: Katsuyu|58/100|[from] Grassy Terrain
|-fieldend|move: Grassy Terrain
|upkeep
|turn|28
|
|t:|1769380044
|switch|p2a: Ting-Lu|Ting-Lu|98/100
|-ability|p2a: Ting-Lu|Vessel of Ruin
|switch|p1a: Monkey King:Enma|Rillaboom, M, tera:Grass|98/100
|-damage|p1a: Monkey King:Enma|86/100|[from] Stealth Rock
|-fieldstart|move: Grassy Terrain|[from] ability: Grassy Surge|[of] p1a: Monkey King:Enma
|
|-heal|p1a: Monkey King:Enma|92/100|[from] Grassy Terrain
|-heal|p2a: Ting-Lu|100/100|[from] Grassy Terrain
|upkeep
|turn|29
|
|t:|1769380055
|switch|p2a: Corviknight|Corviknight, M|58/100
|-ability|p2a: Corviknight|Pressure
|move|p1a: Monkey King:Enma|U-turn|p2a: Corviknight
|-resisted|p2a: Corviknight
|-damage|p2a: Corviknight|52/100
|
|t:|1769380061
|switch|p1a: Sakura|Clefable, M|75/100|[from] U-turn
|
|-heal|p1a: Sakura|81/100|[from] Grassy Terrain
|upkeep
|turn|30
|
|t:|1769380067
|move|p2a: Corviknight|Brave Bird|p1a: Sakura
|-damage|p1a: Sakura|54/100
|-damage|p2a: Corviknight|43/100|[from] Recoil
|move|p1a: Sakura|Calm Mind|p1a: Sakura
|-boost|p1a: Sakura|spa|1
|-boost|p1a: Sakura|spd|1
|
|-heal|p1a: Sakura|60/100|[from] Grassy Terrain
|upkeep
|turn|31
|
|t:|1769380076
|move|p2a: Corviknight|Brave Bird|p1a: Sakura
|-damage|p1a: Sakura|33/100
|-damage|p2a: Corviknight|35/100|[from] Recoil
|move|p1a: Sakura|Moonlight|p1a: Sakura
|-heal|p1a: Sakura|83/100
|
|-heal|p1a: Sakura|89/100|[from] Grassy Terrain
|upkeep
|turn|32
|
|t:|1769380085
|move|p2a: Corviknight|Roost|p2a: Corviknight
|-heal|p2a: Corviknight|85/100
|-singleturn|p2a: Corviknight|move: Roost
|move|p1a: Sakura|Flamethrower|p2a: Corviknight
|-supereffective|p2a: Corviknight
|-damage|p2a: Corviknight|14/100
|
|-heal|p2a: Corviknight|20/100|[from] Grassy Terrain
|-heal|p1a: Sakura|95/100|[from] Grassy Terrain
|-fieldend|move: Grassy Terrain
|upkeep
|turn|33
|
|t:|1769380096
|move|p2a: Corviknight|Brave Bird|p1a: Sakura
|-damage|p1a: Sakura|69/100
|-damage|p2a: Corviknight|12/100|[from] Recoil
|move|p1a: Sakura|Flamethrower|p2a: Corviknight
|-supereffective|p2a: Corviknight
|-damage|p2a: Corviknight|0 fnt
|faint|p2a: Corviknight
|
|upkeep
|
|t:|1769380106
|switch|p2a: Primarina|Primarina, F, shiny|99/100
|turn|34
|
|t:|1769380118
|move|p2a: Primarina|Substitute|p2a: Primarina
|-start|p2a: Primarina|Substitute
|-damage|p2a: Primarina|74/100
|move|p1a: Sakura|Moonblast|p2a: Primarina
|-end|p2a: Primarina|Substitute
|
|-heal|p2a: Primarina|80/100|[from] item: Leftovers
|upkeep
|turn|35
|
|t:|1769380126
|move|p2a: Primarina|Psychic Noise|p1a: Sakura
|-damage|p1a: Sakura|43/100
|-start|p1a: Sakura|move: Heal Block
|move|p1a: Sakura|Moonblast|p2a: Primarina
|-damage|p2a: Primarina|19/100
|
|-heal|p2a: Primarina|25/100|[from] item: Leftovers
|upkeep
|turn|36
|
|t:|1769380135
|move|p2a: Primarina|Moonblast|p1a: Sakura
|-damage|p1a: Sakura|7/100
|move|p1a: Sakura|Moonblast|p2a: Primarina
|-damage|p2a: Primarina|0 fnt
|faint|p2a: Primarina
|
|-end|p1a: Sakura|move: Heal Block
|upkeep
|
|t:|1769380151
|switch|p2a: Walking Wake|Walking Wake|100/100
|turn|37
|
|t:|1769380155
|move|p2a: Walking Wake|Knock Off|p1a: Sakura
|-resisted|p1a: Sakura
|-damage|p1a: Sakura|1/100
|-enditem|p1a: Sakura|Life Orb|[from] move: Knock Off|[of] p2a: Walking Wake
|move|p1a: Sakura|Moonblast|p2a: Walking Wake
|-supereffective|p2a: Walking Wake
|-damage|p2a: Walking Wake|0 fnt
|faint|p2a: Walking Wake
|-end|p2a: Walking Wake|Protosynthesis|[silent]
|
|upkeep
|
|t:|1769380157
|switch|p2a: Zamazenta|Zamazenta|100/100
|-ability|p2a: Zamazenta|Dauntless Shield|boost
|-boost|p2a: Zamazenta|def|1
|turn|38
|
|t:|1769380165
|move|p2a: Zamazenta|Crunch|p1a: Sakura
|-resisted|p1a: Sakura
|-damage|p1a: Sakura|0 fnt
|faint|p1a: Sakura
|
|upkeep
|
|t:|1769380170
|switch|p1a: Sanshouo|Skeledirge, F|100/100
|turn|39
|
|t:|1769380177
|-terastallize|p2a: Zamazenta|Dark
|move|p2a: Zamazenta|Crunch|p1a: Sanshouo
|-supereffective|p1a: Sanshouo
|-damage|p1a: Sanshouo|60/100
|move|p1a: Sanshouo|Will-O-Wisp|p2a: Zamazenta
|-status|p2a: Zamazenta|brn
|
|-damage|p2a: Zamazenta|94/100 brn|[from] brn
|upkeep
|turn|40
|
|t:|1769380186
|move|p2a: Zamazenta|Iron Defense|p2a: Zamazenta
|-boost|p2a: Zamazenta|def|2
|move|p1a: Sanshouo|Slack Off|p1a: Sanshouo
|-heal|p1a: Sanshouo|100/100
|
|-heal|p2a: Zamazenta|100/100 brn|[from] item: Leftovers
|-damage|p2a: Zamazenta|94/100 brn|[from] brn
|upkeep
|turn|41
|
|t:|1769380195
|move|p2a: Zamazenta|Crunch|p1a: Sanshouo
|-supereffective|p1a: Sanshouo
|-damage|p1a: Sanshouo|82/100
|move|p1a: Sanshouo|Torch Song|p2a: Zamazenta
|-damage|p2a: Zamazenta|70/100 brn
|-boost|p1a: Sanshouo|spa|1
|
|-heal|p2a: Zamazenta|77/100 brn|[from] item: Leftovers
|-damage|p2a: Zamazenta|70/100 brn|[from] brn
|upkeep
|turn|42
|
|t:|1769380213
|move|p2a: Zamazenta|Crunch|p1a: Sanshouo
|-supereffective|p1a: Sanshouo
|-damage|p1a: Sanshouo|63/100
|move|p1a: Sanshouo|Torch Song|p2a: Zamazenta
|-damage|p2a: Zamazenta|36/100 brn
|-boost|p1a: Sanshouo|spa|1
|
|-heal|p2a: Zamazenta|42/100 brn|[from] item: Leftovers
|-damage|p2a: Zamazenta|36/100 brn|[from] brn
|upkeep
|turn|43
|-message|sancorv1 forfeited.
|
|win|Furiousjulian
|raw|Furiousjulian's rating: 1549 &rarr; <strong>1571</strong><br />(+22 for winning)
|raw|sancorv1's rating: 1584 &rarr; <strong>1562</strong><br />(-22 for losing)
|l|☆sancorv1
|player|p2|
