|j|☆slave of society
|j|☆cospway
|t:|1769372467
|gametype|singles
|player|p1|slave of society|shadowtriad|1484
|player|p2|cospway|iris-gen5bw2|1541
|gen|9
|tier|[Gen 9] OU
|rated|
|rule|HP Percentage Mod: HP is shown in percentages
|rule|Endless Battle Clause: Forcing endless battles is banned
|rule|Species Clause: Limit one of each Pokémon
|rule|OHKO Clause: OHKO moves are banned
|rule|Evasion Items Clause: Evasion items are banned
|rule|Evasion Moves Clause: Evasion moves are banned
|rule|Evasion Abilities Clause: Evasion abilities are banned
|rule|Sleep Moves Clause: Sleep-inducing moves are banned
|clearpoke
|poke|p1|Ceruledge, F|
|poke|p1|Hatterene, F|
|poke|p1|Ninetales-Alola, F|
|poke|p1|Darkrai|
|poke|p1|Zamazenta-*|
|poke|p1|Kyurem|
|poke|p2|Cresselia, F|
|poke|p2|Mew|
|poke|p2|Kingambit, F|
|poke|p2|Gholdengo|
|poke|p2|Azumarill, F|
|poke|p2|Hoopa-Unbound|
|teampreview
|inactive|Battle timer is ON: inactive players will automatically lose when time's up. (requested by cospway)
|
|t:|1769372501
|teamsize|p1|6
|teamsize|p2|6
|start
|switch|p1a: Darkrai|Darkrai|100/100
|switch|p2a: Mew|Mew|100/100
|turn|1
|
|t:|1769372509
|move|p1a: Darkrai|Dark Pulse|p2a: Mew
|-supereffective|p2a: Mew
|-enditem|p2a: Mew|Colbur Berry|[eat]
|-enditem|p2a: Mew|Colbur Berry|[weaken]
|-damage|p2a: Mew|67/100
|move|p2a: Mew|Trick Room|p2a: Mew
|-fieldstart|move: Trick Room|[of] p2a: Mew
|
|upkeep
|turn|2
|
|t:|1769372515
|move|p2a: Mew|Stealth Rock|p1a: Darkrai
|-sidestart|p1: slave of society|move: Stealth Rock
|move|p1a: Darkrai|Dark Pulse|p2a: Mew
|-supereffective|p2a: Mew
|-damage|p2a: Mew|3/100
|
|upkeep
|turn|3
|
|t:|1769372522
|switch|p1a: Hatterene|Hatterene, F|100/100
|-damage|p1a: Hatterene|88/100|[from] Stealth Rock
|move|p2a: Mew|Knock Off|p1a: Hatterene
|-damage|p1a: Hatterene|70/100
|-enditem|p1a: Hatterene|Leftovers|[from] move: Knock Off|[of] p2a: Mew
|
|upkeep
|turn|4
|
|t:|1769372530
|move|p1a: Hatterene|Calm Mind|p1a: Hatterene
|-boost|p1a: Hatterene|spa|1
|-boost|p1a: Hatterene|spd|1
|move|p2a: Mew|Knock Off|p1a: Hatterene
|-damage|p1a: Hatterene|58/100
|
|upkeep
|turn|5
|
|t:|1769372533
|move|p1a: Hatterene|Draining Kiss|p2a: Mew
|-damage|p2a: Mew|0 fnt
|-heal|p1a: Hatterene|60/100|[from] drain|[of] p2a: Mew
|faint|p2a: Mew
|
|-fieldend|move: Trick Room
|upkeep
|
|t:|1769372543
|switch|p2a: Azumarill|Azumarill, F|100/100
|turn|6
|
|t:|1769372553
|move|p1a: Hatterene|Psyshock|p2a: Azumarill
|-damage|p2a: Azumarill|46/100
|move|p2a: Azumarill|Play Rough|p1a: Hatterene
|-damage|p1a: Hatterene|0 fnt
|faint|p1a: Hatterene
|
|upkeep
|
|t:|1769372569
|switch|p1a: Ninetales|Ninetales-Alola, F|100/100
|-damage|p1a: Ninetales|76/100|[from] Stealth Rock
|-weather|Snowscape|[from] ability: Snow Warning|[of] p1a: Ninetales
|turn|7
|
|t:|1769372574
|move|p1a: Ninetales|Aurora Veil|p1a: Ninetales
|-sidestart|p1: slave of society|move: Aurora Veil
|move|p2a: Azumarill|Play Rough|p1a: Ninetales
|-damage|p1a: Ninetales|45/100
|
|-weather|Snowscape|[upkeep]
|upkeep
|turn|8
|
|t:|1769372583
|switch|p2a: Cresselia|Cresselia, F|100/100
|move|p1a: Ninetales|Freeze-Dry|p2a: Cresselia
|-crit|p2a: Cresselia
|-damage|p2a: Cresselia|80/100
|
|-weather|Snowscape|[upkeep]
|upkeep
|turn|9
|
|t:|1769372594
|switch|p1a: Darkrai|Darkrai|100/100
|-damage|p1a: Darkrai|88/100|[from] Stealth Rock
|move|p2a: Cresselia|Trick Room|p2a: Cresselia
|-fieldstart|move: Trick Room|[of] p2a: Cresselia
|
|-weather|Snowscape|[upkeep]
|-heal|p1a: Darkrai|94/100|[from] item: Leftovers
|upkeep
|turn|10
|
|t:|1769372609
|move|p2a: Cresselia|Lunar Dance|p2a: Cresselia
|faint|p2a: Cresselia
|move|p1a: Darkrai|Focus Blast|p2: Cresselia|[notarget]
|-fail|p1a: Darkrai
|
|-weather|Snowscape|[upkeep]
|-heal|p1a: Darkrai|99/100|[from] item: Leftovers
|upkeep
|
|t:|1769372619
|switch|p2a: Azumarill|Azumarill, F|46/100
|-heal|p2a: Azumarill|100/100|[from] move: Lunar Dance
|turn|11
|
|t:|1769372627
|switch|p1a: Zamazenta|Zamazenta|100/100
|-damage|p1a: Zamazenta|94/100|[from] Stealth Rock
|-ability|p1a: Zamazenta|Dauntless Shield|boost
|-boost|p1a: Zamazenta|def|1
|move|p2a: Azumarill|Play Rough|p1a: Zamazenta
|-supereffective|p1a: Zamazenta
|-damage|p1a: Zamazenta|53/100
|
|-weather|none
|upkeep
|turn|12
|
|t:|1769372638
|move|p2a: Azumarill|Play Rough|p1a: Zamazenta
|-supereffective|p1a: Zamazenta
|-damage|p1a: Zamazenta|13/100
|move|p1a: Zamazenta|Rest|p1a: Zamazenta
|-status|p1a: Zamazenta|slp|[from] move: Rest
|-heal|p1a: Zamazenta|100/100 slp|[silent]
|-enditem|p1a: Zamazenta|Chesto Berry|[eat]
|-curestatus|p1a: Zamazenta|slp|[msg]
|
|upkeep
|turn|13
|
|t:|1769372654
|switch|p2a: Kingambit|Kingambit, F|100/100
|-activate|p2a: Kingambit|ability: Supreme Overlord
|-start|p2a: Kingambit|fallen2|[silent]
|switch|p1a: Ninetales|Ninetales-Alola, F|45/100
|-damage|p1a: Ninetales|20/100|[from] Stealth Rock
|-weather|Snowscape|[from] ability: Snow Warning|[of] p1a: Ninetales
|
|-weather|Snowscape|[upkeep]
|-fieldend|move: Trick Room
|upkeep
|turn|14
|
|t:|1769372670
|-terastallize|p2a: Kingambit|Fairy
|move|p1a: Ninetales|Encore||[still]
|-fail|p1a: Ninetales
|move|p2a: Kingambit|Tera Blast|p1a: Ninetales|[anim] Tera Blast Fairy
|-damage|p1a: Ninetales|0 fnt
|faint|p1a: Ninetales
|
|-weather|Snowscape|[upkeep]
|-sideend|p1: slave of society|move: Aurora Veil
|upkeep
|inactive|slave of society has 120 seconds left.
|
|t:|1769372703
|switch|p1a: Kyurem|Kyurem|100/100
|-damage|p1a: Kyurem|76/100|[from] Stealth Rock
|-ability|p1a: Kyurem|Pressure
|turn|15
|inactive|slave of society has 120 seconds left.
|
|t:|1769372714
|-terastallize|p1a: Kyurem|Fire
|move|p1a: Kyurem|Icicle Spear|p2a: Kingambit
|-damage|p2a: Kingambit|90/100
|-damage|p2a: Kingambit|80/100
|-damage|p2a: Kingambit|70/100
|-damage|p2a: Kingambit|59/100
|-hitcount|p2a: Kingambit|4
|move|p2a: Kingambit|Swords Dance|p2a: Kingambit
|-boost|p2a: Kingambit|atk|2
|
|-weather|Snowscape|[upkeep]
|-heal|p2a: Kingambit|65/100|[from] item: Leftovers
|upkeep
|turn|16
|
|t:|1769372725
|move|p1a: Kyurem|Dragon Dance|p1a: Kyurem
|-boost|p1a: Kyurem|atk|1
|-boost|p1a: Kyurem|spe|1
|move|p2a: Kingambit|Kowtow Cleave|p1a: Kyurem
|-damage|p1a: Kyurem|0 fnt
|faint|p1a: Kyurem
|
|-weather|Snowscape|[upkeep]
|-heal|p2a: Kingambit|72/100|[from] item: Leftovers
|upkeep
|
|t:|1769372732
|switch|p1a: Ceruledge|Ceruledge, F|100/100
|-damage|p1a: Ceruledge|76/100|[from] Stealth Rock
|turn|17
|
|t:|1769372741
|move|p2a: Kingambit|Sucker Punch|p1a: Ceruledge
|-supereffective|p1a: Ceruledge
|-damage|p1a: Ceruledge|0 fnt
|faint|p1a: Ceruledge
|
|-weather|none
|-heal|p2a: Kingambit|78/100|[from] item: Leftovers
|upkeep
|
|t:|1769372748
|switch|p1a: Darkrai|Darkrai|99/100
|-damage|p1a: Darkrai|88/100|[from] Stealth Rock
|turn|18
|
|t:|1769372753
|move|p1a: Darkrai|Dark Pulse|p2a: Kingambit
|-resisted|p2a: Kingambit
|-damage|p2a: Kingambit|55/100
|cant|p2a: Kingambit|flinch
|
|-heal|p1a: Darkrai|94/100|[from] item: Leftovers
|-heal|p2a: Kingambit|62/100|[from] item: Leftovers
|upkeep
|turn|19
|
|t:|1769372762
|-end|p2a: Kingambit|fallen2|[silent]
|switch|p2a: Hoopa|Hoopa-Unbound|100/100
|move|p1a: Darkrai|Dark Pulse|p2a: Hoopa
|-damage|p2a: Hoopa|71/100
|
|-heal|p1a: Darkrai|99/100|[from] item: Leftovers
|upkeep
|turn|20
|
|t:|1769372791
|move|p1a: Darkrai|Dark Pulse|p2a: Hoopa
|-damage|p2a: Hoopa|39/100
|cant|p2a: Hoopa|flinch
|
|-heal|p1a: Darkrai|100/100|[from] item: Leftovers
|upkeep
|turn|21
|
|t:|1769372798
|move|p1a: Darkrai|Dark Pulse|p2a: Hoopa
|-damage|p2a: Hoopa|5/100
|move|p2a: Hoopa|Trick Room|p2a: Hoopa
|-fieldstart|move: Trick Room|[of] p2a: Hoopa
|-enditem|p2a: Hoopa|Room Service
|-unboost|p2a: Hoopa|spe|1|[from] item: Room Service
|
|upkeep
|turn|22
|inactive|slave of society has 120 seconds left.
|
|t:|1769372822
|switch|p1a: Zamazenta|Zamazenta|100/100
|-damage|p1a: Zamazenta|94/100|[from] Stealth Rock
|move|p2a: Hoopa|Drain Punch|p1a: Zamazenta
|-damage|p1a: Zamazenta|70/100
|-heal|p2a: Hoopa|18/100|[from] drain|[of] p1a: Zamazenta
|
|upkeep
|turn|23
|
|t:|1769372836
|switch|p2a: Azumarill|Azumarill, F|100/100
|move|p1a: Zamazenta|Iron Defense|p1a: Zamazenta
|-boost|p1a: Zamazenta|def|2
|
|upkeep
|turn|24
|
|t:|1769372846
|move|p2a: Azumarill|Play Rough|p1a: Zamazenta
|-supereffective|p1a: Zamazenta
|-damage|p1a: Zamazenta|13/100
|move|p1a: Zamazenta|Rest|p1a: Zamazenta
|-status|p1a: Zamazenta|slp|[from] move: Rest
|-heal|p1a: Zamazenta|100/100 slp|[silent]
|
|upkeep
|turn|25
|
|t:|1769372854
|move|p2a: Azumarill|Play Rough|p1a: Zamazenta
|-supereffective|p1a: Zamazenta
|-damage|p1a: Zamazenta|40/100 slp
|cant|p1a: Zamazenta|slp
|
|-fieldend|move: Trick Room
|upkeep
|turn|26
|
|t:|1769372861
|cant|p1a: Zamazenta|slp
|move|p2a: Azumarill|Play Rough|p1a: Zamazenta
|-supereffective|p1a: Zamazenta
|-damage|p1a: Zamazenta|0 fnt
|faint|p1a: Zamazenta
|
|upkeep
|
|t:|1769372868
|switch|p1a: Darkrai|Darkrai|100/100
|-damage|p1a: Darkrai|88/100|[from] Stealth Rock
|turn|27
|
|t:|1769372875
|move|p1a: Darkrai|Dark Pulse|p2a: Azumarill
|-resisted|p2a: Azumarill
|-crit|p2a: Azumarill
|-damage|p2a: Azumarill|65/100
|cant|p2a: Azumarill|flinch
|
|-heal|p1a: Darkrai|94/100|[from] item: Leftovers
|upkeep
|turn|28
|
|t:|1769372882
|move|p1a: Darkrai|Dark Pulse|p2a: Azumarill
|-resisted|p2a: Azumarill
|-damage|p2a: Azumarill|45/100
|move|p2a: Azumarill|Play Rough|p1a: Darkrai
|-supereffective|p1a: Darkrai
|-damage|p1a: Darkrai|0 fnt
|faint|p1a: Darkrai
|
|win|cospway
|raw|slave of society's rating: 1484 &rarr; <strong>1467</strong><br />(-17 for losing)
|raw|cospway's rating: 1541 &rarr; <strong>1558</strong><br />(+17 for winning)
