|inactive|Battle timer is ON: inactive players will automatically lose when time's up.
|t:|1769372527
|gametype|singles
|player|p1|noamm|101|
|player|p2|duckycrater|266|
|gen|9
|tier|[Gen 9] OU
|rule|HP Percentage Mod: HP is shown in percentages
|rule|Endless Battle Clause: Forcing endless battles is banned
|rule|Species Clause: Limit one of each Pokémon
|rule|OHKO Clause: OHKO moves are banned
|rule|Evasion Items Clause: Evasion items are banned
|rule|Evasion Moves Clause: Evasion moves are banned
|rule|Evasion Abilities Clause: Evasion abilities are banned
|rule|Sleep Moves Clause: Sleep-inducing moves are banned
|clearpoke
|poke|p1|Deoxys-Speed|
|poke|p1|Ceruledge, M|
|poke|p1|Zamazenta-*|
|poke|p1|Ogerpon-Wellspring, F|
|poke|p1|Glimmora, M|
|poke|p1|Moltres-Galar|
|poke|p2|Kyurem|
|poke|p2|Corviknight, M|
|poke|p2|Ting-Lu|
|poke|p2|Dondozo, M|
|poke|p2|Slowking-Galar, M|
|poke|p2|Cinderace, F|
|teampreview
|c|☆duckycrater|glhf
|inactive|noamm disconnected and has 300 seconds to reconnect!
|player|p1|
|inactive|noamm reconnected and has 300 seconds left.
|player|p1|noamm|101|
|c|☆noamm|U2
|inactive|duckycrater has 270 seconds left.
|inactive|noamm has 270 seconds left.
|inactive|duckycrater has 240 seconds left.
|inactive|duckycrater has 210 seconds left.
|
|t:|1769372639
|teamsize|p1|6
|teamsize|p2|6
|start
|switch|p1a: Deoxys|Deoxys-Speed|100/100
|switch|p2a: Kyurem|Kyurem|100/100
|-ability|p1a: Deoxys|Pressure
|-ability|p2a: Kyurem|Pressure
|turn|1
|
|t:|1769372655
|move|p1a: Deoxys|Taunt|p2a: Kyurem
|-start|p2a: Kyurem|move: Taunt
|cant|p2a: Kyurem|move: Taunt|Substitute
|
|upkeep
|turn|2
|
|t:|1769372658
|move|p1a: Deoxys|Light Screen|p1a: Deoxys
|-sidestart|p1: noamm|move: Light Screen
|move|p2a: Kyurem|Freeze-Dry|p1a: Deoxys
|-damage|p1a: Deoxys|79/100
|-status|p1a: Deoxys|frz
|
|upkeep
|turn|3
|c|☆duckycrater|mb
|inactive|duckycrater has 270 seconds left.
|c|☆noamm|All good
|inactive|noamm has 270 seconds left.
|inactive|duckycrater has 240 seconds left.
|inactive|noamm has 240 seconds left.
|
|t:|1769372734
|switch|p1a: Ceruledge|Ceruledge, M|100/100
|move|p2a: Kyurem|Earth Power|p1a: Ceruledge
|-supereffective|p1a: Ceruledge
|-damage|p1a: Ceruledge|69/100
|
|-end|p2a: Kyurem|move: Taunt
|upkeep
|turn|4
|inactive|noamm has 240 seconds left.
|inactive|duckycrater has 240 seconds left.
|inactive|duckycrater has 210 seconds left.
|
|t:|1769372793
|switch|p2a: Ting-Lu|Ting-Lu|100/100
|-ability|p2a: Ting-Lu|Vessel of Ruin
|move|p1a: Ceruledge|Bitter Blade|p2a: Ting-Lu
|-damage|p2a: Ting-Lu|67/100
|-heal|p1a: Ceruledge|96/100|[from] drain|[of] p2a: Ting-Lu
|-damage|p1a: Ceruledge|86/100|[from] item: Life Orb
|
|-heal|p2a: Ting-Lu|73/100|[from] item: Leftovers
|upkeep
|turn|5
|
|t:|1769372803
|switch|p1a: Ogerpon|Ogerpon-Wellspring, F|100/100
|move|p2a: Ting-Lu|Payback|p1a: Ogerpon
|-damage|p1a: Ogerpon|75/100
|
|-heal|p2a: Ting-Lu|79/100|[from] item: Leftovers
|upkeep
|turn|6
|inactive|noamm has 240 seconds left.
|
|t:|1769372813
|switch|p2a: Corviknight|Corviknight, M|100/100
|-ability|p2a: Corviknight|Pressure
|move|p1a: Ogerpon|Ivy Cudgel|p2a: Corviknight|[anim] Ivy Cudgel Water
|-damage|p2a: Corviknight|60/100
|
|upkeep
|turn|7
|inactive|noamm has 240 seconds left.
|inactive|duckycrater has 180 seconds left.
|
|t:|1769372850
|move|p1a: Ogerpon|Ivy Cudgel|p2a: Corviknight|[anim] Ivy Cudgel Water
|-damage|p2a: Corviknight|23/100
|move|p2a: Corviknight|Roost|p2a: Corviknight
|-heal|p2a: Corviknight|73/100
|-singleturn|p2a: Corviknight|move: Roost
|
|upkeep
|turn|8
|inactive|duckycrater has 180 seconds left.
|
|t:|1769372859
|move|p1a: Ogerpon|Ivy Cudgel|p2a: Corviknight|[anim] Ivy Cudgel Water
|-damage|p2a: Corviknight|33/100
|move|p2a: Corviknight|Brave Bird|p1a: Ogerpon
|-supereffective|p1a: Ogerpon
|-damage|p1a: Ogerpon|0 fnt
|faint|p1a: Ogerpon
|-damage|p2a: Corviknight|14/100|[from] Recoil
|
|upkeep
|
|t:|1769372867
|switch|p1a: Ceruledge|Ceruledge, M|86/100
|turn|9
|
|t:|1769372878
|move|p1a: Ceruledge|Swords Dance|p1a: Ceruledge
|-boost|p1a: Ceruledge|atk|2
|move|p2a: Corviknight|Brave Bird|p1a: Ceruledge
|-damage|p1a: Ceruledge|38/100
|-ability|p1a: Ceruledge|Weak Armor|boost
|-unboost|p1a: Ceruledge|def|1
|-boost|p1a: Ceruledge|spe|2
|-damage|p2a: Corviknight|2/100|[from] Recoil
|
|-sideend|p1: noamm|move: Light Screen
|upkeep
|turn|10
|
|t:|1769372884
|move|p1a: Ceruledge|Bitter Blade|p2a: Corviknight
|-supereffective|p2a: Corviknight
|-damage|p2a: Corviknight|0 fnt
|-heal|p1a: Ceruledge|39/100|[from] drain|[of] p2a: Corviknight
|-damage|p1a: Ceruledge|22/100|[from] item: Rocky Helmet|[of] p2a: Corviknight
|faint|p2a: Corviknight
|-damage|p1a: Ceruledge|12/100|[from] item: Life Orb
|
|upkeep
|
|t:|1769372889
|switch|p2a: Dondozo|Dondozo, M|100/100
|turn|11
|inactive|noamm has 270 seconds left.
|
|t:|1769372895
|move|p1a: Ceruledge|Poltergeist|p2a: Dondozo
|-activate|p2a: Dondozo|move: Poltergeist|Leftovers
|-damage|p2a: Dondozo|52/100
|-damage|p1a: Ceruledge|3/100|[from] item: Life Orb
|move|p2a: Dondozo|Waterfall|p1a: Ceruledge
|-supereffective|p1a: Ceruledge
|-damage|p1a: Ceruledge|0 fnt
|faint|p1a: Ceruledge
|
|-heal|p2a: Dondozo|58/100|[from] item: Leftovers
|upkeep
|
|t:|1769372900
|switch|p1a: Glimmora|Glimmora, M|100/100
|turn|12
|inactive|duckycrater has 210 seconds left.
|inactive|noamm has 270 seconds left.
|
|t:|1769372929
|switch|p1a: Zamazenta|Zamazenta|100/100
|-ability|p1a: Zamazenta|Dauntless Shield|boost
|-boost|p1a: Zamazenta|def|1
|switch|p2a: Ting-Lu|Ting-Lu|79/100
|-ability|p2a: Ting-Lu|Vessel of Ruin
|
|-heal|p2a: Ting-Lu|86/100|[from] item: Leftovers
|upkeep
|turn|13
|
|t:|1769372937
|switch|p2a: Slowking|Slowking-Galar, M|100/100
|move|p1a: Zamazenta|Body Press|p2a: Slowking
|-resisted|p2a: Slowking
|-damage|p2a: Slowking|89/100
|
|upkeep
|turn|14
|inactive|duckycrater has 210 seconds left.
|
|t:|1769372943
|switch|p1a: Glimmora|Glimmora, M|100/100
|move|p2a: Slowking|Future Sight|p1a: Glimmora
|-start|p2a: Slowking|move: Future Sight
|
|upkeep
|turn|15
|
|t:|1769372949
|move|p1a: Glimmora|Meteor Beam||[still]
|-prepare|p1a: Glimmora|Meteor Beam
|-boost|p1a: Glimmora|spa|1
|-enditem|p1a: Glimmora|Power Herb
|-anim|p1a: Glimmora|Meteor Beam|p2a: Slowking|[miss]
|-miss|p1a: Glimmora|p2a: Slowking
|-prepare|p2a: Slowking|Chilly Reception|[premajor]
|move|p2a: Slowking|Chilly Reception|p2a: Slowking
|-weather|Snowscape
|c|☆duckycrater|mb
|
|t:|1769372958
|switch|p2a: Ting-Lu|Ting-Lu|86/100|[from] Chilly Reception
|-ability|p2a: Ting-Lu|Vessel of Ruin
|
|-weather|Snowscape|[upkeep]
|-heal|p2a: Ting-Lu|92/100|[from] item: Leftovers
|upkeep
|turn|16
|
|t:|1769372965
|move|p1a: Glimmora|Earth Power|p2a: Ting-Lu
|-damage|p2a: Ting-Lu|72/100
|move|p2a: Ting-Lu|Payback|p1a: Glimmora
|-damage|p1a: Glimmora|55/100
|-activate|p1a: Glimmora|ability: Toxic Debris
|-sidestart|p2: duckycrater|move: Toxic Spikes
|
|-weather|Snowscape|[upkeep]
|-end|p1a: Glimmora|move: Future Sight
|-supereffective|p1a: Glimmora
|-damage|p1a: Glimmora|0 fnt
|faint|p1a: Glimmora
|-heal|p2a: Ting-Lu|79/100|[from] item: Leftovers
|upkeep
|
|t:|1769372969
|switch|p1a: Moltres|Moltres-Galar|100/100
|turn|17
|inactive|duckycrater has 210 seconds left.
|
|t:|1769373017
|switch|p2a: Slowking|Slowking-Galar, M|100/100
|-sideend|p2: duckycrater|move: Toxic Spikes|[of] p2a: Slowking
|move|p1a: Moltres|Agility|p1a: Moltres
|-boost|p1a: Moltres|spe|2
|
|-weather|Snowscape|[upkeep]
|upkeep
|turn|18
|inactive|duckycrater has 180 seconds left.
|inactive|duckycrater has 150 seconds left.
|
|t:|1769373085
|move|p1a: Moltres|Fiery Wrath|p2a: Slowking
|-supereffective|p2a: Slowking
|-damage|p2a: Slowking|36/100
|-prepare|p2a: Slowking|Chilly Reception|[premajor]
|move|p2a: Slowking|Chilly Reception|p2a: Slowking
|
|t:|1769373088
|switch|p2a: Dondozo|Dondozo, M|58/100|[from] Chilly Reception
|
|-weather|Snowscape|[upkeep]
|-heal|p2a: Dondozo|65/100|[from] item: Leftovers
|upkeep
|turn|19
|
|t:|1769373096
|move|p1a: Moltres|Fiery Wrath|p2a: Dondozo
|-damage|p2a: Dondozo|39/100
|move|p2a: Dondozo|Rest|p2a: Dondozo
|-status|p2a: Dondozo|slp|[from] move: Rest
|-heal|p2a: Dondozo|100/100 slp|[silent]
|
|-weather|none
|upkeep
|turn|20
|
|t:|1769373104
|move|p1a: Moltres|Fiery Wrath|p2a: Dondozo
|-damage|p2a: Dondozo|72/100 slp
|cant|p2a: Dondozo|slp
|
|-heal|p2a: Dondozo|78/100 slp|[from] item: Leftovers
|upkeep
|turn|21
|
|t:|1769373110
|move|p1a: Moltres|Fiery Wrath|p2a: Dondozo
|-damage|p2a: Dondozo|50/100 slp
|cant|p2a: Dondozo|slp
|
|-heal|p2a: Dondozo|56/100 slp|[from] item: Leftovers
|upkeep
|turn|22
|
|t:|1769373114
|move|p1a: Moltres|Fiery Wrath|p2a: Dondozo
|-damage|p2a: Dondozo|28/100 slp
|-curestatus|p2a: Dondozo|slp|[msg]
|cant|p2a: Dondozo|flinch
|
|-heal|p2a: Dondozo|34/100|[from] item: Leftovers
|upkeep
|turn|23
|
|t:|1769373120
|move|p1a: Moltres|Fiery Wrath|p2a: Dondozo
|-damage|p2a: Dondozo|5/100
|cant|p2a: Dondozo|flinch
|
|-heal|p2a: Dondozo|11/100|[from] item: Leftovers
|upkeep
|turn|24
|c|☆noamm|Mb
|inactive|duckycrater has 180 seconds left.
|inactive|duckycrater has 150 seconds left.
|
|t:|1769373200
|move|p1a: Moltres|Fiery Wrath|p2a: Dondozo
|-damage|p2a: Dondozo|0 fnt
|faint|p2a: Dondozo
|
|upkeep
|
|t:|1769373201
|switch|p2a: Kyurem|Kyurem|100/100
|-ability|p2a: Kyurem|Pressure
|turn|25
|
|t:|1769373206
|-terastallize|p1a: Moltres|Fairy
|move|p1a: Moltres|Tera Blast|p2a: Kyurem|[anim] Tera Blast Fairy
|-supereffective|p2a: Kyurem
|-damage|p2a: Kyurem|25/100
|move|p2a: Kyurem|Freeze-Dry|p1a: Moltres
|-damage|p1a: Moltres|69/100
|
|-heal|p2a: Kyurem|31/100|[from] item: Leftovers
|upkeep
|turn|26
|
|t:|1769373214
|move|p1a: Moltres|Tera Blast|p2a: Kyurem|[anim] Tera Blast Fairy
|-supereffective|p2a: Kyurem
|-damage|p2a: Kyurem|0 fnt
|faint|p2a: Kyurem
|
|upkeep
|
|t:|1769373216
|switch|p2a: Ting-Lu|Ting-Lu|79/100
|-ability|p2a: Ting-Lu|Vessel of Ruin
|turn|27
|
|t:|1769373222
|-terastallize|p2a: Ting-Lu|Water
|move|p1a: Moltres|Nasty Plot|p1a: Moltres
|-boost|p1a: Moltres|spa|2
|move|p2a: Ting-Lu|Earthquake|p1a: Moltres
|-crit|p1a: Moltres
|-damage|p1a: Moltres|3/100
|-ability|p1a: Moltres|Berserk|boost
|-boost|p1a: Moltres|spa|1
|-enditem|p1a: Moltres|Sitrus Berry|[eat]
|-heal|p1a: Moltres|28/100|[from] item: Sitrus Berry
|
|-heal|p2a: Ting-Lu|85/100|[from] item: Leftovers
|upkeep
|turn|28
|
|t:|1769373230
|move|p1a: Moltres|Fiery Wrath|p2a: Ting-Lu
|-damage|p2a: Ting-Lu|42/100
|move|p2a: Ting-Lu|Earthquake|p1a: Moltres
|-damage|p1a: Moltres|0 fnt
|faint|p1a: Moltres
|
|-heal|p2a: Ting-Lu|48/100|[from] item: Leftovers
|upkeep
|
|t:|1769373238
|switch|p1a: Zamazenta|Zamazenta|100/100
|turn|29
|
|t:|1769373242
|switch|p2a: Slowking|Slowking-Galar, M|69/100
|move|p1a: Zamazenta|Heavy Slam|p2a: Slowking
|-damage|p2a: Slowking|58/100
|
|upkeep
|turn|30
|
|t:|1769373250
|move|p2a: Slowking|Future Sight|p1a: Zamazenta
|-start|p2a: Slowking|move: Future Sight
|move|p1a: Zamazenta|Roar|p2a: Slowking
|drag|p2a: Ting-Lu|Ting-Lu, tera:Water|48/100
|-ability|p2a: Ting-Lu|Vessel of Ruin
|
|-heal|p2a: Ting-Lu|55/100|[from] item: Leftovers
|upkeep
|turn|31
|
|t:|1769373254
|switch|p1a: Deoxys|Deoxys-Speed|79/100 frz
|-ability|p1a: Deoxys|Pressure
|switch|p2a: Slowking|Slowking-Galar, M|92/100
|
|upkeep
|turn|32
|
|t:|1769373257
|cant|p1a: Deoxys|frz
|move|p2a: Slowking|Sludge Bomb|p1a: Deoxys
|-damage|p1a: Deoxys|36/100 frz
|
|-end|p1a: Deoxys|move: Future Sight
|-resisted|p1a: Deoxys
|-damage|p1a: Deoxys|7/100 frz
|upkeep
|turn|33
|
|t:|1769373258
|-curestatus|p1a: Deoxys|frz|[msg]
|move|p1a: Deoxys|Light Screen|p1a: Deoxys
|-sidestart|p1: noamm|move: Light Screen
|move|p2a: Slowking|Sludge Bomb|p1a: Deoxys
|-damage|p1a: Deoxys|0 fnt
|faint|p1a: Deoxys
|
|upkeep
|
|t:|1769373260
|switch|p1a: Zamazenta|Zamazenta|100/100
|turn|34
|
|t:|1769373262
|move|p1a: Zamazenta|Iron Defense|p1a: Zamazenta
|-boost|p1a: Zamazenta|def|2
|move|p2a: Slowking|Future Sight|p1a: Zamazenta
|-start|p2a: Slowking|move: Future Sight
|
|upkeep
|turn|35
|
|t:|1769373264
|move|p1a: Zamazenta|Iron Defense|p1a: Zamazenta
|-boost|p1a: Zamazenta|def|2
|move|p2a: Slowking|Sludge Bomb|p1a: Zamazenta
|-damage|p1a: Zamazenta|84/100
|-status|p1a: Zamazenta|psn
|
|-heal|p1a: Zamazenta|90/100 psn|[from] item: Leftovers
|-damage|p1a: Zamazenta|78/100 psn|[from] psn
|upkeep
|turn|36
|
|t:|1769373268
|move|p1a: Zamazenta|Iron Defense|p1a: Zamazenta
|-boost|p1a: Zamazenta|def|2
|move|p2a: Slowking|Sludge Bomb|p1a: Zamazenta
|-damage|p1a: Zamazenta|62/100 psn
|
|-end|p1a: Zamazenta|move: Future Sight
|-supereffective|p1a: Zamazenta
|-damage|p1a: Zamazenta|21/100 psn
|-heal|p1a: Zamazenta|27/100 psn|[from] item: Leftovers
|-damage|p1a: Zamazenta|15/100 psn|[from] psn
|upkeep
|turn|37
|
|t:|1769373270
|move|p1a: Zamazenta|Body Press|p2a: Slowking
|-resisted|p2a: Slowking
|-damage|p2a: Slowking|62/100
|move|p2a: Slowking|Sludge Bomb|p1a: Zamazenta
|-damage|p1a: Zamazenta|0 fnt
|faint|p1a: Zamazenta
|
|win|duckycrater
|c|☆noamm|Gg
|c|☆duckycrater|gg
|c|+calaaa!!!|goat
|player|p1|
