|j|☆Saim77
|j|☆shuca nacua
|t:|1769369868
|gametype|singles
|player|p1|Saim77|zinzolin|1556
|player|p2|shuca nacua|boarder|1540
|gen|9
|tier|[Gen 9] OU
|rated|
|rule|HP Percentage Mod: HP is shown in percentages
|rule|Endless Battle Clause: Forcing endless battles is banned
|rule|Species Clause: Limit one of each Pokémon
|rule|OHKO Clause: OHKO moves are banned
|rule|Evasion Items Clause: Evasion items are banned
|rule|Evasion Moves Clause: Evasion moves are banned
|rule|Evasion Abilities Clause: Evasion abilities are banned
|rule|Sleep Moves Clause: Sleep-inducing moves are banned
|clearpoke
|poke|p1|Ting-Lu|
|poke|p1|Bronzong|
|poke|p1|Rillaboom, M|
|poke|p1|Cinderace, M|
|poke|p1|Darkrai|
|poke|p1|Fezandipiti, M|
|poke|p2|Chesnaught, M|
|poke|p2|Garganacl, F|
|poke|p2|Gholdengo|
|poke|p2|Weezing-Galar, F|
|poke|p2|Dragonite, M|
|poke|p2|Araquanid, F|
|teampreview
|inactive|Battle timer is ON: inactive players will automatically lose when time's up. (requested by shuca nacua)
|
|t:|1769369882
|teamsize|p1|6
|teamsize|p2|6
|start
|switch|p1a: Cinderace|Cinderace, M|100/100
|switch|p2a: Araquanid|Araquanid, F|100/100
|turn|1
|
|t:|1769369887
|move|p1a: Cinderace|U-turn|p2a: Araquanid
|-start|p1a: Cinderace|typechange|Bug|[from] ability: Libero
|-damage|p2a: Araquanid|65/100
|
|t:|1769369900
|switch|p1a: Bronzong|Bronzong|100/100|[from] U-turn
|move|p2a: Araquanid|Liquidation|p1a: Bronzong
|-damage|p1a: Bronzong|36/100
|-unboost|p1a: Bronzong|def|1
|
|-heal|p1a: Bronzong|42/100|[from] item: Leftovers
|upkeep
|turn|2
|
|t:|1769369909
|switch|p1a: Rillaboom|Rillaboom, M|100/100
|-fieldstart|move: Grassy Terrain|[from] ability: Grassy Surge|[of] p1a: Rillaboom
|move|p2a: Araquanid|Liquidation|p1a: Rillaboom
|-resisted|p1a: Rillaboom
|-damage|p1a: Rillaboom|45/100
|
|-heal|p1a: Rillaboom|51/100|[from] Grassy Terrain
|-heal|p2a: Araquanid|71/100|[from] Grassy Terrain
|upkeep
|turn|3
|
|t:|1769369921
|switch|p2a: Chesnaught|Chesnaught, M|100/100
|move|p1a: Rillaboom|Wood Hammer|p2a: Chesnaught
|-resisted|p2a: Chesnaught
|-damage|p2a: Chesnaught|63/100
|-damage|p1a: Rillaboom|35/100|[from] item: Rocky Helmet|[of] p2a: Chesnaught
|-damage|p1a: Rillaboom|21/100|[from] Recoil
|
|-heal|p1a: Rillaboom|27/100|[from] Grassy Terrain
|-heal|p2a: Chesnaught|69/100|[from] Grassy Terrain
|upkeep
|turn|4
|
|t:|1769369931
|switch|p1a: Fezandipiti|Fezandipiti, M|100/100
|move|p2a: Chesnaught|Knock Off|p1a: Fezandipiti
|-resisted|p1a: Fezandipiti
|-damage|p1a: Fezandipiti|90/100
|-enditem|p1a: Fezandipiti|Heavy-Duty Boots|[from] move: Knock Off|[of] p2a: Chesnaught
|
|-heal|p1a: Fezandipiti|96/100|[from] Grassy Terrain
|-heal|p2a: Chesnaught|75/100|[from] Grassy Terrain
|upkeep
|turn|5
|
|t:|1769369942
|switch|p2a: Gholdengo|Gholdengo|100/100
|move|p1a: Fezandipiti|Beat Up|p2a: Gholdengo
|-supereffective|p2a: Gholdengo
|-damage|p2a: Gholdengo|96/100
|-supereffective|p2a: Gholdengo
|-damage|p2a: Gholdengo|91/100
|-supereffective|p2a: Gholdengo
|-damage|p2a: Gholdengo|87/100
|-supereffective|p2a: Gholdengo
|-damage|p2a: Gholdengo|81/100
|-supereffective|p2a: Gholdengo
|-damage|p2a: Gholdengo|77/100
|-supereffective|p2a: Gholdengo
|-damage|p2a: Gholdengo|71/100
|-hitcount|p2a: Gholdengo|6
|
|-heal|p1a: Fezandipiti|100/100|[from] Grassy Terrain
|-heal|p2a: Gholdengo|77/100|[from] Grassy Terrain
|-heal|p2a: Gholdengo|83/100|[from] item: Leftovers
|upkeep
|turn|6
|
|t:|1769369949
|switch|p1a: Ting-Lu|Ting-Lu|100/100
|-ability|p1a: Ting-Lu|Vessel of Ruin
|switch|p2a: Araquanid|Araquanid, F|71/100
|
|-heal|p2a: Araquanid|77/100|[from] Grassy Terrain
|-fieldend|move: Grassy Terrain
|upkeep
|turn|7
|
|t:|1769369959
|-terastallize|p1a: Ting-Lu|Fairy
|move|p1a: Ting-Lu|Ruination|p2a: Araquanid
|-damage|p2a: Araquanid|39/100
|move|p2a: Araquanid|Liquidation|p1a: Ting-Lu
|-crit|p1a: Ting-Lu
|-damage|p1a: Ting-Lu|17/100
|
|-heal|p1a: Ting-Lu|24/100|[from] item: Leftovers
|upkeep
|turn|8
|
|t:|1769369969
|move|p1a: Ting-Lu|Spikes|p2a: Araquanid
|-sidestart|p2: shuca nacua|Spikes
|move|p2a: Araquanid|Liquidation|p1a: Ting-Lu
|-damage|p1a: Ting-Lu|0 fnt
|faint|p1a: Ting-Lu
|
|upkeep
|
|t:|1769369975
|switch|p1a: Cinderace|Cinderace, M|100/100
|turn|9
|
|t:|1769369981
|move|p1a: Cinderace|Pyro Ball|p2a: Araquanid
|-damage|p2a: Araquanid|7/100
|move|p2a: Araquanid|Liquidation|p1a: Cinderace
|-supereffective|p1a: Cinderace
|-damage|p1a: Cinderace|0 fnt
|faint|p1a: Cinderace
|
|upkeep
|
|t:|1769369987
|switch|p1a: Fezandipiti|Fezandipiti, M|100/100
|turn|10
|
|t:|1769369990
|switch|p2a: Gholdengo|Gholdengo|83/100
|-damage|p2a: Gholdengo|71/100|[from] Spikes
|move|p1a: Fezandipiti|Beat Up|p2a: Gholdengo
|-supereffective|p2a: Gholdengo
|-damage|p2a: Gholdengo|66/100
|-supereffective|p2a: Gholdengo
|-damage|p2a: Gholdengo|62/100
|-supereffective|p2a: Gholdengo
|-damage|p2a: Gholdengo|57/100
|-supereffective|p2a: Gholdengo
|-damage|p2a: Gholdengo|51/100
|-hitcount|p2a: Gholdengo|4
|
|-heal|p2a: Gholdengo|57/100|[from] item: Leftovers
|upkeep
|turn|11
|
|t:|1769369997
|move|p1a: Fezandipiti|U-turn|p2a: Gholdengo
|-resisted|p2a: Gholdengo
|-damage|p2a: Gholdengo|54/100
|
|t:|1769369999
|switch|p1a: Bronzong|Bronzong|42/100|[from] U-turn
|move|p2a: Gholdengo|Thunder Wave|p1a: Bronzong
|-status|p1a: Bronzong|par
|
|-heal|p2a: Gholdengo|61/100|[from] item: Leftovers
|-heal|p1a: Bronzong|48/100 par|[from] item: Leftovers
|upkeep
|turn|12
|
|t:|1769370004
|switch|p1a: Darkrai|Darkrai|100/100
|move|p2a: Gholdengo|Recover|p2a: Gholdengo
|-heal|p2a: Gholdengo|100/100
|
|upkeep
|turn|13
|
|t:|1769370010
|move|p1a: Darkrai|Dark Pulse|p2a: Gholdengo
|-supereffective|p2a: Gholdengo
|-damage|p2a: Gholdengo|0 fnt
|faint|p2a: Gholdengo
|-damage|p1a: Darkrai|91/100|[from] item: Life Orb
|
|upkeep
|
|t:|1769370017
|switch|p2a: Weezing|Weezing-Galar, F|100/100
|-ability|p2a: Weezing|Neutralizing Gas
|-damage|p2a: Weezing|88/100|[from] Spikes
|turn|14
|
|t:|1769370022
|switch|p1a: Bronzong|Bronzong|48/100 par
|move|p2a: Weezing|Defog|p1a: Bronzong
|-unboost|p1a: Bronzong|evasion|1
|-sideend|p2: shuca nacua|Spikes|[from] move: Defog|[of] p2a: Weezing
|
|-heal|p1a: Bronzong|54/100 par|[from] item: Leftovers
|upkeep
|turn|15
|
|t:|1769370027
|-end|p2a: Weezing|ability: Neutralizing Gas
|switch|p2a: Araquanid|Araquanid, F|7/100
|cant|p1a: Bronzong|par
|
|-heal|p1a: Bronzong|60/100 par|[from] item: Leftovers
|upkeep
|turn|16
|
|t:|1769370032
|move|p2a: Araquanid|Liquidation|p1a: Bronzong
|-crit|p1a: Bronzong
|-damage|p1a: Bronzong|0 fnt
|faint|p1a: Bronzong
|
|upkeep
|
|t:|1769370035
|switch|p1a: Fezandipiti|Fezandipiti, M|100/100
|turn|17
|
|t:|1769370041
|switch|p2a: Weezing|Weezing-Galar, F|88/100
|-ability|p2a: Weezing|Neutralizing Gas
|move|p1a: Fezandipiti|Beat Up|p2a: Weezing
|-resisted|p2a: Weezing
|-damage|p2a: Weezing|87/100
|-resisted|p2a: Weezing
|-damage|p2a: Weezing|86/100
|-resisted|p2a: Weezing
|-damage|p2a: Weezing|84/100
|-hitcount|p2a: Weezing|3
|
|upkeep
|turn|18
|
|t:|1769370055
|move|p1a: Fezandipiti|U-turn|p2a: Weezing
|-resisted|p2a: Weezing
|-damage|p2a: Weezing|81/100
|-damage|p1a: Fezandipiti|84/100|[from] item: Rocky Helmet|[of] p2a: Weezing
|
|t:|1769370064
|switch|p1a: Rillaboom|Rillaboom, M|27/100|[from] U-turn
|move|p2a: Weezing|Will-O-Wisp|p1a: Rillaboom
|-status|p1a: Rillaboom|brn
|
|-damage|p1a: Rillaboom|21/100 brn|[from] brn
|upkeep
|turn|19
|
|t:|1769370071
|move|p1a: Rillaboom|Knock Off|p2a: Weezing
|-resisted|p2a: Weezing
|-damage|p2a: Weezing|69/100
|-damage|p1a: Rillaboom|5/100 brn|[from] item: Rocky Helmet|[of] p2a: Weezing
|-enditem|p2a: Weezing|Rocky Helmet|[from] move: Knock Off|[of] p1a: Rillaboom
|move|p2a: Weezing|Strange Steam|p1a: Rillaboom
|-damage|p1a: Rillaboom|0 fnt
|faint|p1a: Rillaboom
|
|upkeep
|
|t:|1769370077
|switch|p1a: Darkrai|Darkrai|91/100
|turn|20
|
|t:|1769370082
|move|p1a: Darkrai|Sludge Bomb|p2a: Weezing
|-crit|p2a: Weezing
|-damage|p2a: Weezing|12/100
|-damage|p1a: Darkrai|81/100|[from] item: Life Orb
|move|p2a: Weezing|Strange Steam|p1a: Darkrai
|-supereffective|p1a: Darkrai
|-damage|p1a: Darkrai|7/100
|
|upkeep
|turn|21
|
|t:|1769370088
|move|p1a: Darkrai|Dark Pulse|p2a: Weezing
|-resisted|p2a: Weezing
|-damage|p2a: Weezing|0 fnt
|faint|p2a: Weezing
|-end|p2a: Weezing|ability: Neutralizing Gas
|-damage|p1a: Darkrai|0 fnt|[from] item: Life Orb
|faint|p1a: Darkrai
|
|upkeep
|
|t:|1769370093
|switch|p1a: Fezandipiti|Fezandipiti, M|84/100
|switch|p2a: Garganacl|Garganacl, F|100/100
|turn|22
|
|t:|1769370097
|move|p1a: Fezandipiti|Play Rough|p2a: Garganacl
|-damage|p2a: Garganacl|80/100
|move|p2a: Garganacl|Salt Cure|p1a: Fezandipiti
|-damage|p1a: Fezandipiti|70/100
|-start|p1a: Fezandipiti|Salt Cure
|
|-heal|p2a: Garganacl|86/100|[from] item: Leftovers
|-damage|p1a: Fezandipiti|58/100|[from] Salt Cure
|upkeep
|turn|23
|
|t:|1769370102
|move|p1a: Fezandipiti|Play Rough|p2a: Garganacl
|-damage|p2a: Garganacl|68/100
|move|p2a: Garganacl|Stealth Rock|p1a: Fezandipiti
|-sidestart|p1: Saim77|move: Stealth Rock
|
|-heal|p2a: Garganacl|74/100|[from] item: Leftovers
|-damage|p1a: Fezandipiti|46/100|[from] Salt Cure
|upkeep
|turn|24
|
|t:|1769370105
|move|p1a: Fezandipiti|Play Rough|p2a: Garganacl
|-damage|p2a: Garganacl|54/100
|move|p2a: Garganacl|Recover|p2a: Garganacl
|-heal|p2a: Garganacl|100/100
|
|-damage|p1a: Fezandipiti|33/100|[from] Salt Cure
|upkeep
|turn|25
|
|t:|1769370108
|move|p1a: Fezandipiti|Play Rough|p2a: Garganacl
|-damage|p2a: Garganacl|80/100
|move|p2a: Garganacl|Salt Cure|p1a: Fezandipiti
|-damage|p1a: Fezandipiti|20/100
|
|-heal|p2a: Garganacl|87/100|[from] item: Leftovers
|-damage|p1a: Fezandipiti|8/100|[from] Salt Cure
|upkeep
|turn|26
|-message|Saim77 forfeited.
|
|win|shuca nacua
|raw|Saim77's rating: 1556 &rarr; <strong>1535</strong><br />(-21 for losing)
|raw|shuca nacua's rating: 1540 &rarr; <strong>1561</strong><br />(+21 for winning)
|l|☆Saim77
|player|p1|
|l|☆shuca nacua
|player|p2|
