|j|☆Skyvalk
|j|☆Dragonzord6
|t:|1769421633
|gametype|singles
|player|p1|Skyvalk|unknown|1481
|player|p2|Dragonzord6|lance|1425
|gen|9
|tier|[Gen 9] OU
|rated|
|rule|HP Percentage Mod: HP is shown in percentages
|rule|Endless Battle Clause: Forcing endless battles is banned
|rule|Species Clause: Limit one of each Pokémon
|rule|OHKO Clause: OHKO moves are banned
|rule|Evasion Items Clause: Evasion items are banned
|rule|Evasion Moves Clause: Evasion moves are banned
|rule|Evasion Abilities Clause: Evasion abilities are banned
|rule|Sleep Moves Clause: Sleep-inducing moves are banned
|clearpoke
|poke|p1|Gliscor, F|
|poke|p1|Tyranitar, M|
|poke|p1|Tornadus-Therian, M|
|poke|p1|Iron Valiant|
|poke|p1|Great Tusk|
|poke|p1|Pecharunt|
|poke|p2|Pelipper, M|
|poke|p2|Kingdra, M|
|poke|p2|Barraskewda, F|
|poke|p2|Raging Bolt|
|poke|p2|Kyurem|
|poke|p2|Gholdengo|
|teampreview
|
|t:|1769421638
|teamsize|p1|6
|teamsize|p2|6
|start
|switch|p1a: Bootleg|Pecharunt|100/100
|switch|p2a: Barraskewda|Barraskewda, F, shiny|100/100
|turn|1
|inactive|Battle timer is ON: inactive players will automatically lose when time's up. (requested by Dragonzord6)
|
|t:|1769421646
|move|p2a: Barraskewda|Flip Turn|p1a: Bootleg
|-damage|p1a: Bootleg|70/100
|
|t:|1769421651
|switch|p2a: Gholdengo|Gholdengo, shiny|100/100|[from] Flip Turn
|move|p1a: Bootleg|Shadow Ball|p2a: Gholdengo
|-supereffective|p2a: Gholdengo
|-damage|p2a: Gholdengo|18/100
|
|-heal|p1a: Bootleg|77/100|[from] item: Leftovers
|upkeep
|turn|2
|
|t:|1769421662
|switch|p1a: Birbby|Tornadus-Therian, M|100/100
|move|p2a: Gholdengo|Make It Rain|p1a: Birbby
|-damage|p1a: Birbby|46/100
|-unboost|p2a: Gholdengo|spa|1
|
|upkeep
|turn|3
|
|t:|1769421671
|switch|p2a: Messenger|Pelipper, M, shiny|100/100
|-weather|RainDance|[from] ability: Drizzle|[of] p2a: Messenger
|move|p1a: Birbby|Bleakwind Storm|p2a: Messenger
|-damage|p2a: Messenger|35/100
|-unboost|p2a: Messenger|spe|1
|
|-weather|RainDance|[upkeep]
|upkeep
|turn|4
|
|t:|1769421681
|switch|p2a: Gholdengo|Gholdengo, shiny|18/100
|move|p1a: Birbby|Bleakwind Storm|p2a: Gholdengo
|-resisted|p2a: Gholdengo
|-damage|p2a: Gholdengo|0 fnt
|faint|p2a: Gholdengo
|
|-weather|RainDance|[upkeep]
|upkeep
|
|t:|1769421692
|switch|p2a: Barraskewda|Barraskewda, F, shiny|100/100
|turn|5
|
|t:|1769421698
|switch|p1a: Malnourishment|Great Tusk|100/100
|move|p2a: Barraskewda|Flip Turn|p1a: Malnourishment
|-supereffective|p1a: Malnourishment
|-damage|p1a: Malnourishment|0 fnt
|faint|p1a: Malnourishment
|-end|p1a: Malnourishment|Protosynthesis|[silent]
|
|t:|1769421721
|switch|p2a: Kyurem|Kyurem, shiny|100/100|[from] Flip Turn
|-ability|p2a: Kyurem|Pressure
|
|-weather|RainDance|[upkeep]
|upkeep
|
|t:|1769421724
|switch|p1a: Teeters|Tyranitar, M|100/100
|-weather|Sandstorm|[from] ability: Sand Stream|[of] p1a: Teeters
|turn|6
|
|t:|1769421731
|move|p2a: Kyurem|Focus Blast|p1a: Teeters
|-supereffective|p1a: Teeters
|-damage|p1a: Teeters|0 fnt
|faint|p1a: Teeters
|
|-weather|Sandstorm|[upkeep]
|-damage|p2a: Kyurem|94/100|[from] Sandstorm
|upkeep
|
|t:|1769421738
|switch|p1a: Bootleg|Pecharunt|77/100
|turn|7
|
|t:|1769421742
|switch|p2a: Messenger|Pelipper, M, shiny|35/100
|-weather|RainDance|[from] ability: Drizzle|[of] p2a: Messenger
|move|p1a: Bootleg|Malignant Chain|p2a: Messenger
|-damage|p2a: Messenger|0 fnt
|faint|p2a: Messenger
|
|-weather|RainDance|[upkeep]
|-heal|p1a: Bootleg|83/100|[from] item: Leftovers
|upkeep
|
|t:|1769421753
|switch|p2a: Kingdra|Kingdra, M, shiny|100/100
|turn|8
|
|t:|1769421758
|-terastallize|p2a: Kingdra|Water
|move|p2a: Kingdra|Weather Ball|p1a: Bootleg
|-damage|p1a: Bootleg|0 fnt
|faint|p1a: Bootleg
|
|-weather|RainDance|[upkeep]
|upkeep
|
|t:|1769421766
|switch|p1a: Birbby|Tornadus-Therian, M|79/100
|turn|9
|
|t:|1769421770
|move|p2a: Kingdra|Weather Ball|p1a: Birbby
|-damage|p1a: Birbby|0 fnt
|faint|p1a: Birbby
|
|-weather|RainDance|[upkeep]
|upkeep
|
|t:|1769421773
|switch|p1a: Poppy|Gliscor, F, shiny|100/100
|turn|10
|
|t:|1769421778
|move|p1a: Poppy|Protect|p1a: Poppy
|-singleturn|p1a: Poppy|Protect
|move|p2a: Kingdra|Weather Ball|p1a: Poppy
|-activate|p1a: Poppy|move: Protect
|
|-weather|RainDance|[upkeep]
|-status|p1a: Poppy|tox|[from] item: Toxic Orb
|upkeep
|turn|11
|
|t:|1769421787
|-terastallize|p1a: Poppy|Water
|move|p2a: Kingdra|Weather Ball|p1a: Poppy
|-resisted|p1a: Poppy
|-damage|p1a: Poppy|43/100 tox
|move|p1a: Poppy|Toxic|p2a: Kingdra
|-status|p2a: Kingdra|tox
|
|-weather|RainDance|[upkeep]
|-damage|p2a: Kingdra|94/100 tox|[from] psn
|-heal|p1a: Poppy|56/100 tox|[from] ability: Poison Heal
|upkeep
|turn|12
|
|t:|1769421799
|switch|p2a: Kyurem|Kyurem, shiny|94/100
|-ability|p2a: Kyurem|Pressure
|move|p1a: Poppy|Toxic|p2a: Kyurem
|-status|p2a: Kyurem|tox
|
|-weather|RainDance|[upkeep]
|-damage|p2a: Kyurem|88/100 tox|[from] psn
|-heal|p1a: Poppy|68/100 tox|[from] ability: Poison Heal
|upkeep
|turn|13
|
|t:|1769421810
|move|p1a: Poppy|Protect|p1a: Poppy
|-singleturn|p1a: Poppy|Protect
|move|p2a: Kyurem|Freeze-Dry|p1a: Poppy
|-activate|p1a: Poppy|move: Protect
|
|-weather|RainDance|[upkeep]
|-damage|p2a: Kyurem|76/100 tox|[from] psn
|-heal|p1a: Poppy|81/100 tox|[from] ability: Poison Heal
|upkeep
|turn|14
|
|t:|1769421825
|move|p2a: Kyurem|Freeze-Dry|p1a: Poppy
|-supereffective|p1a: Poppy
|-damage|p1a: Poppy|0 fnt
|faint|p1a: Poppy
|
|-weather|none
|-damage|p2a: Kyurem|58/100 tox|[from] psn
|upkeep
|
|t:|1769421828
|switch|p1a: The answer|Iron Valiant|100/100
|-enditem|p1a: The answer|Booster Energy
|-activate|p1a: The answer|ability: Quark Drive|[fromitem]
|-start|p1a: The answer|quarkdrivespe
|turn|15
|
|t:|1769421837
|move|p1a: The answer|Moonblast|p2a: Kyurem
|-supereffective|p2a: Kyurem
|-damage|p2a: Kyurem|0 fnt
|faint|p2a: Kyurem
|
|upkeep
|
|t:|1769421855
|switch|p2a: Kingdra|Kingdra, M, shiny, tera:Water|94/100 tox
|turn|16
|
|t:|1769421858
|move|p1a: The answer|Moonblast|p2a: Kingdra
|-damage|p2a: Kingdra|39/100 tox
|-unboost|p2a: Kingdra|spa|1
|move|p2a: Kingdra|Hurricane|p1a: The answer
|-supereffective|p1a: The answer
|-damage|p1a: The answer|0 fnt
|faint|p1a: The answer
|-end|p1a: The answer|Quark Drive|[silent]
|
|win|Dragonzord6
|raw|Skyvalk's rating: 1481 &rarr; <strong>1458</strong><br />(-23 for losing)
|raw|Dragonzord6's rating: 1425 &rarr; <strong>1448</strong><br />(+23 for winning)
|l|☆Skyvalk
|player|p1|
|l|☆Dragonzord6
|player|p2|
