|j|☆yiiiih
|j|☆saibayman
|t:|1769310318
|gametype|singles
|player|p1|yiiiih|bellelba|1505
|player|p2|saibayman|265|1516
|gen|9
|tier|[Gen 9] OU
|rated|
|rule|HP Percentage Mod: HP is shown in percentages
|rule|Endless Battle Clause: Forcing endless battles is banned
|rule|Species Clause: Limit one of each Pokémon
|rule|OHKO Clause: OHKO moves are banned
|rule|Evasion Items Clause: Evasion items are banned
|rule|Evasion Moves Clause: Evasion moves are banned
|rule|Evasion Abilities Clause: Evasion abilities are banned
|rule|Sleep Moves Clause: Sleep-inducing moves are banned
|clearpoke
|poke|p1|Iron Moth|
|poke|p1|Kingambit, F|
|poke|p1|Dragonite, M|
|poke|p1|Ogerpon-Cornerstone, F|
|poke|p1|Iron Valiant|
|poke|p1|Raging Bolt|
|poke|p2|Tyranitar, M|
|poke|p2|Great Tusk|
|poke|p2|Slowking-Galar, F|
|poke|p2|Gholdengo|
|poke|p2|Meowscarada, M|
|poke|p2|Moltres|
|teampreview
|inactive|Battle timer is ON: inactive players will automatically lose when time's up. (requested by saibayman)
|inactive|yiiiih also wants the timer to be on.
|
|t:|1769310341
|teamsize|p1|6
|teamsize|p2|6
|start
|switch|p1a: Iron Valiant|Iron Valiant|100/100
|switch|p2a: Meowscarada|Meowscarada, M|100/100
|-enditem|p1a: Iron Valiant|Booster Energy
|-activate|p1a: Iron Valiant|ability: Quark Drive|[fromitem]
|-start|p1a: Iron Valiant|quarkdrivespe
|turn|1
|
|t:|1769310350
|switch|p2a: Moltres|Moltres|100/100
|move|p1a: Iron Valiant|Close Combat|p2a: Moltres
|-resisted|p2a: Moltres
|-damage|p2a: Moltres|70/100
|-unboost|p1a: Iron Valiant|def|1
|-unboost|p1a: Iron Valiant|spd|1
|
|upkeep
|turn|2
|
|t:|1769310359
|move|p1a: Iron Valiant|Swords Dance|p1a: Iron Valiant
|-boost|p1a: Iron Valiant|atk|2
|move|p2a: Moltres|Will-O-Wisp|p1a: Iron Valiant
|-status|p1a: Iron Valiant|brn
|
|-damage|p1a: Iron Valiant|94/100 brn|[from] brn
|upkeep
|turn|3
|
|t:|1769310370
|move|p1a: Iron Valiant|Knock Off|p2a: Moltres
|-damage|p2a: Moltres|38/100
|-enditem|p2a: Moltres|Heavy-Duty Boots|[from] move: Knock Off|[of] p1a: Iron Valiant
|move|p2a: Moltres|Roost|p2a: Moltres
|-heal|p2a: Moltres|88/100
|-singleturn|p2a: Moltres|move: Roost
|
|-damage|p1a: Iron Valiant|88/100 brn|[from] brn
|upkeep
|turn|4
|
|t:|1769310379
|move|p1a: Iron Valiant|Knock Off|p2a: Moltres
|-damage|p2a: Moltres|66/100
|move|p2a: Moltres|Air Slash|p1a: Iron Valiant
|-supereffective|p1a: Iron Valiant
|-crit|p1a: Iron Valiant
|-damage|p1a: Iron Valiant|0 fnt
|faint|p1a: Iron Valiant
|-end|p1a: Iron Valiant|Quark Drive|[silent]
|
|upkeep
|
|t:|1769310393
|switch|p1a: Iron Moth|Iron Moth|100/100
|-enditem|p1a: Iron Moth|Booster Energy
|-activate|p1a: Iron Moth|ability: Quark Drive|[fromitem]
|-start|p1a: Iron Moth|quarkdrivespe
|turn|5
|
|t:|1769310398
|switch|p2a: Slowking|Slowking-Galar, F|100/100
|move|p1a: Iron Moth|Fiery Dance|p2a: Slowking
|-damage|p2a: Slowking|77/100
|-boost|p1a: Iron Moth|spa|1
|
|upkeep
|turn|6
|
|t:|1769310406
|-terastallize|p1a: Iron Moth|Grass
|move|p1a: Iron Moth|Fiery Dance|p2a: Slowking
|-damage|p2a: Slowking|45/100
|-boost|p1a: Iron Moth|spa|1
|move|p2a: Slowking|Psyshock|p1a: Iron Moth
|-damage|p1a: Iron Moth|42/100
|
|upkeep
|turn|7
|
|t:|1769310422
|switch|p2a: Moltres|Moltres|66/100
|move|p1a: Iron Moth|Fiery Dance|p2a: Moltres
|-resisted|p2a: Moltres
|-crit|p2a: Moltres
|-damage|p2a: Moltres|19/100
|-boost|p1a: Iron Moth|spa|1
|
|upkeep
|turn|8
|
|t:|1769310430
|move|p1a: Iron Moth|Fiery Dance|p2a: Moltres
|-resisted|p2a: Moltres
|-damage|p2a: Moltres|0 fnt
|-boost|p1a: Iron Moth|spa|1
|faint|p2a: Moltres
|
|upkeep
|
|t:|1769310437
|switch|p2a: Slowking|Slowking-Galar, F|79/100
|turn|9
|
|t:|1769310444
|move|p1a: Iron Moth|Fiery Dance|p2a: Slowking
|-damage|p2a: Slowking|18/100
|-boost|p1a: Iron Moth|spa|1
|move|p2a: Slowking|Ice Beam|p1a: Iron Moth
|-supereffective|p1a: Iron Moth
|-damage|p1a: Iron Moth|0 fnt
|faint|p1a: Iron Moth
|-end|p1a: Iron Moth|Quark Drive|[silent]
|
|upkeep
|
|t:|1769310453
|switch|p1a: Ogerpon|Ogerpon-Cornerstone, F|100/100
|turn|10
|
|t:|1769310458
|switch|p2a: Great Tusk|Great Tusk|100/100
|move|p1a: Ogerpon|Swords Dance|p1a: Ogerpon
|-boost|p1a: Ogerpon|atk|2
|
|upkeep
|turn|11
|
|t:|1769310464
|-terastallize|p2a: Great Tusk|Steel
|move|p1a: Ogerpon|Power Whip|p2a: Great Tusk
|-resisted|p2a: Great Tusk
|-damage|p2a: Great Tusk|70/100
|move|p2a: Great Tusk|Body Press|p1a: Ogerpon
|-supereffective|p1a: Ogerpon
|-ability|p1a: Ogerpon|Sturdy
|-damage|p1a: Ogerpon|1/100
|
|-heal|p2a: Great Tusk|76/100|[from] item: Leftovers
|upkeep
|turn|12
|
|t:|1769310477
|move|p1a: Ogerpon|Ivy Cudgel|p2a: Great Tusk|[anim] Ivy Cudgel Rock
|-resisted|p2a: Great Tusk
|-damage|p2a: Great Tusk|48/100
|move|p2a: Great Tusk|Rapid Spin|p1a: Ogerpon
|-resisted|p1a: Ogerpon
|-damage|p1a: Ogerpon|0 fnt
|-boost|p2a: Great Tusk|spe|1
|faint|p1a: Ogerpon
|
|-heal|p2a: Great Tusk|54/100|[from] item: Leftovers
|upkeep
|
|t:|1769310481
|switch|p1a: Dragonite|Dragonite, M|100/100
|turn|13
|
|t:|1769310490
|move|p2a: Great Tusk|Bulk Up|p2a: Great Tusk
|-boost|p2a: Great Tusk|atk|1
|-boost|p2a: Great Tusk|def|1
|move|p1a: Dragonite|Earthquake|p2a: Great Tusk
|-supereffective|p2a: Great Tusk
|-damage|p2a: Great Tusk|30/100
|
|-heal|p2a: Great Tusk|37/100|[from] item: Leftovers
|upkeep
|turn|14
|
|t:|1769310499
|move|p2a: Great Tusk|Rapid Spin|p1a: Dragonite
|-damage|p1a: Dragonite|87/100
|-boost|p2a: Great Tusk|spe|1
|move|p1a: Dragonite|Dragon Dance|p1a: Dragonite
|-boost|p1a: Dragonite|atk|1
|-boost|p1a: Dragonite|spe|1
|
|-heal|p2a: Great Tusk|43/100|[from] item: Leftovers
|upkeep
|turn|15
|
|t:|1769310508
|move|p2a: Great Tusk|Body Press|p1a: Dragonite
|-resisted|p1a: Dragonite
|-damage|p1a: Dragonite|46/100
|move|p1a: Dragonite|Earthquake|p2a: Great Tusk
|-supereffective|p2a: Great Tusk
|-damage|p2a: Great Tusk|9/100
|
|-heal|p2a: Great Tusk|15/100|[from] item: Leftovers
|upkeep
|turn|16
|
|t:|1769310521
|move|p2a: Great Tusk|Body Press|p1a: Dragonite
|-resisted|p1a: Dragonite
|-damage|p1a: Dragonite|9/100
|move|p1a: Dragonite|Earthquake|p2a: Great Tusk
|-supereffective|p2a: Great Tusk
|-damage|p2a: Great Tusk|0 fnt
|faint|p2a: Great Tusk
|-end|p2a: Great Tusk|Protosynthesis|[silent]
|
|upkeep
|
|t:|1769310530
|switch|p2a: Gholdengo|Gholdengo|100/100
|turn|17
|
|t:|1769310533
|move|p2a: Gholdengo|Dazzling Gleam|p1a: Dragonite
|-supereffective|p1a: Dragonite
|-damage|p1a: Dragonite|0 fnt
|faint|p1a: Dragonite
|
|upkeep
|
|t:|1769310538
|switch|p1a: Kingambit|Kingambit, F|100/100
|-activate|p1a: Kingambit|ability: Supreme Overlord
|-start|p1a: Kingambit|fallen4|[silent]
|turn|18
|
|t:|1769310542
|switch|p2a: Tyranitar|Tyranitar, M|100/100
|-weather|Sandstorm|[from] ability: Sand Stream|[of] p2a: Tyranitar
|move|p1a: Kingambit|Kowtow Cleave|p2a: Tyranitar
|-resisted|p2a: Tyranitar
|-damage|p2a: Tyranitar|79/100
|-damage|p1a: Kingambit|84/100|[from] item: Rocky Helmet|[of] p2a: Tyranitar
|
|-weather|Sandstorm|[upkeep]
|upkeep
|turn|19
|
|t:|1769310552
|move|p1a: Kingambit|Iron Head|p2a: Tyranitar
|-supereffective|p2a: Tyranitar
|-damage|p2a: Tyranitar|9/100
|-damage|p1a: Kingambit|68/100|[from] item: Rocky Helmet|[of] p2a: Tyranitar
|move|p2a: Tyranitar|Low Kick|p1a: Kingambit
|-supereffective|p1a: Kingambit
|-crit|p1a: Kingambit
|-damage|p1a: Kingambit|0 fnt
|faint|p1a: Kingambit
|-end|p1a: Kingambit|fallen4|[silent]
|
|-weather|Sandstorm|[upkeep]
|upkeep
|
|t:|1769310558
|switch|p1a: Raging Bolt|Raging Bolt|100/100
|-enditem|p1a: Raging Bolt|Booster Energy
|-activate|p1a: Raging Bolt|ability: Protosynthesis|[fromitem]
|-start|p1a: Raging Bolt|protosynthesisspa
|turn|20
|
|t:|1769310567
|move|p1a: Raging Bolt|Calm Mind|p1a: Raging Bolt
|-boost|p1a: Raging Bolt|spa|1
|-boost|p1a: Raging Bolt|spd|1
|move|p2a: Tyranitar|Knock Off|p1a: Raging Bolt
|-damage|p1a: Raging Bolt|74/100
|
|-weather|Sandstorm|[upkeep]
|-damage|p1a: Raging Bolt|68/100|[from] Sandstorm
|upkeep
|turn|21
|
|t:|1769310576
|switch|p2a: Meowscarada|Meowscarada, M|100/100
|move|p1a: Raging Bolt|Thunderbolt|p2a: Meowscarada
|-resisted|p2a: Meowscarada
|-damage|p2a: Meowscarada|23/100
|
|-weather|Sandstorm|[upkeep]
|-damage|p2a: Meowscarada|17/100|[from] Sandstorm
|-damage|p1a: Raging Bolt|61/100|[from] Sandstorm
|upkeep
|turn|22
|
|t:|1769310585
|move|p1a: Raging Bolt|Thunderclap|p2a: Meowscarada
|-resisted|p2a: Meowscarada
|-damage|p2a: Meowscarada|0 fnt
|faint|p2a: Meowscarada
|
|-weather|none
|upkeep
|
|t:|1769310591
|switch|p2a: Slowking|Slowking-Galar, F|52/100
|turn|23
|
|t:|1769310595
|switch|p2a: Tyranitar|Tyranitar, M|9/100
|-weather|Sandstorm|[from] ability: Sand Stream|[of] p2a: Tyranitar
|move|p1a: Raging Bolt|Thunderbolt|p2a: Tyranitar
|-damage|p2a: Tyranitar|0 fnt
|faint|p2a: Tyranitar
|
|-weather|Sandstorm|[upkeep]
|-damage|p1a: Raging Bolt|55/100|[from] Sandstorm
|upkeep
|
|t:|1769310611
|switch|p2a: Gholdengo|Gholdengo|100/100
|turn|24
|
|t:|1769310614
|move|p1a: Raging Bolt|Thunderclap||[still]
|-fail|p1a: Raging Bolt
|move|p2a: Gholdengo|Trick|p1a: Raging Bolt
|-activate|p2a: Gholdengo|move: Trick|[of] p1a: Raging Bolt
|-item|p1a: Raging Bolt|Choice Scarf|[from] move: Trick
|-enditem|p2a: Gholdengo|Choice Scarf|[silent]|[from] move: Trick
|
|-weather|Sandstorm|[upkeep]
|-damage|p1a: Raging Bolt|49/100|[from] Sandstorm
|upkeep
|turn|25
|
|t:|1769310623
|switch|p2a: Slowking|Slowking-Galar, F|85/100
|move|p1a: Raging Bolt|Thunderbolt|p2a: Slowking
|-damage|p2a: Slowking|26/100
|
|-weather|Sandstorm|[upkeep]
|-damage|p1a: Raging Bolt|43/100|[from] Sandstorm
|-damage|p2a: Slowking|20/100|[from] Sandstorm
|upkeep
|turn|26
|
|t:|1769310632
|switch|p2a: Gholdengo|Gholdengo|100/100
|move|p1a: Raging Bolt|Thunderbolt|p2a: Gholdengo
|-damage|p2a: Gholdengo|0 fnt
|faint|p2a: Gholdengo
|
|-weather|Sandstorm|[upkeep]
|-damage|p1a: Raging Bolt|37/100|[from] Sandstorm
|upkeep
|
|t:|1769310641
|switch|p2a: Slowking|Slowking-Galar, F|53/100
|turn|27
|
|t:|1769310644
|move|p1a: Raging Bolt|Thunderbolt|p2a: Slowking
|-damage|p2a: Slowking|0 fnt
|faint|p2a: Slowking
|
|win|yiiiih
|raw|yiiiih's rating: 1505 &rarr; <strong>1526</strong><br />(+21 for winning)
|raw|saibayman's rating: 1516 &rarr; <strong>1495</strong><br />(-21 for losing)
