|j|☆DerDonPorrello
|j|☆Skayboy31
|t:|1769298071
|gametype|singles
|player|p1|DerDonPorrello|hiker-gen4|1159
|player|p2|Skayboy31|lucas|1197
|gen|9
|tier|[Gen 9] OU
|rated|
|rule|HP Percentage Mod: HP is shown in percentages
|rule|Endless Battle Clause: Forcing endless battles is banned
|rule|Species Clause: Limit one of each Pokémon
|rule|OHKO Clause: OHKO moves are banned
|rule|Evasion Items Clause: Evasion items are banned
|rule|Evasion Moves Clause: Evasion moves are banned
|rule|Evasion Abilities Clause: Evasion abilities are banned
|rule|Sleep Moves Clause: Sleep-inducing moves are banned
|clearpoke
|poke|p1|Alomomola, F|
|poke|p1|Hydrapple, F|
|poke|p1|Kleavor, F|
|poke|p1|Overqwil, F|
|poke|p1|Hoopa|
|poke|p1|Quaxwell, M|
|poke|p2|Ogerpon-Wellspring, F|
|poke|p2|Garganacl, M|
|poke|p2|Landorus-Therian, M|
|poke|p2|Cinderace, F|
|poke|p2|Skeledirge, M|
|poke|p2|Kyurem|
|teampreview
|inactive|Battle timer is ON: inactive players will automatically lose when time's up. (requested by Skayboy31)
|
|t:|1769298085
|teamsize|p1|6
|teamsize|p2|6
|start
|switch|p1a: Hoopa|Hoopa|100/100
|switch|p2a: Kyurem|Kyurem|100/100
|-ability|p2a: Kyurem|Pressure
|turn|1
|
|t:|1769298106
|switch|p2a: Cinderace|Cinderace, F|100/100
|move|p1a: Hoopa|Focus Blast|p2a: Cinderace|[miss]
|-miss|p1a: Hoopa|p2a: Cinderace
|
|upkeep
|turn|2
|
|t:|1769298117
|switch|p1a: Alomomola|Alomomola, F|100/100
|move|p2a: Cinderace|Sucker Punch||[still]
|-fail|p2a: Cinderace
|
|upkeep
|turn|3
|
|t:|1769298125
|switch|p2a: Kyurem|Kyurem|100/100
|-ability|p2a: Kyurem|Pressure
|move|p1a: Alomomola|Whirlpool|p2a: Kyurem
|-resisted|p2a: Kyurem
|-damage|p2a: Kyurem|98/100
|-activate|p2a: Kyurem|move: Whirlpool|[of] p1a: Alomomola
|
|-damage|p2a: Kyurem|85/100|[from] move: Whirlpool|[partiallytrapped]
|upkeep
|turn|4
|
|t:|1769298142
|move|p1a: Alomomola|Protect|p1a: Alomomola
|-singleturn|p1a: Alomomola|Protect
|move|p2a: Kyurem|Freeze-Dry|p1a: Alomomola
|-activate|p1a: Alomomola|move: Protect
|
|-damage|p2a: Kyurem|73/100|[from] move: Whirlpool|[partiallytrapped]
|upkeep
|turn|5
|
|t:|1769298158
|switch|p1a: Kleavor|Kleavor, F|100/100
|move|p2a: Kyurem|Freeze-Dry|p1a: Kleavor
|-damage|p1a: Kleavor|22/100
|-damage|p2a: Kyurem|63/100|[from] item: Life Orb
|
|-end|p2a: Kyurem|Whirlpool|[partiallytrapped]|[silent]
|upkeep
|turn|6
|
|t:|1769298168
|switch|p1a: Hoopa|Hoopa|100/100
|move|p2a: Kyurem|Freeze-Dry|p1a: Hoopa
|-damage|p1a: Hoopa|57/100
|-damage|p2a: Kyurem|53/100|[from] item: Life Orb
|
|upkeep
|turn|7
|
|t:|1769298181
|switch|p2a: Garganacl|Garganacl, M|100/100
|move|p1a: Hoopa|Psyshock|p2a: Garganacl
|-damage|p2a: Garganacl|61/100
|
|-heal|p2a: Garganacl|67/100|[from] item: Leftovers
|upkeep
|turn|8
|
|t:|1769298190
|switch|p1a: Hydrapple|Hydrapple, F|100/100
|move|p2a: Garganacl|Salt Cure|p1a: Hydrapple
|-damage|p1a: Hydrapple|89/100
|-start|p1a: Hydrapple|Salt Cure
|
|-heal|p2a: Garganacl|74/100|[from] item: Leftovers
|-damage|p1a: Hydrapple|77/100|[from] Salt Cure
|upkeep
|turn|9
|inactive|DerDonPorrello has 120 seconds left.
|
|t:|1769298215
|move|p1a: Hydrapple|Hydro Pump|p2a: Garganacl
|-supereffective|p2a: Garganacl
|-damage|p2a: Garganacl|20/100
|move|p2a: Garganacl|Avalanche|p1a: Hydrapple
|-supereffective|p1a: Hydrapple
|-damage|p1a: Hydrapple|0 fnt
|faint|p1a: Hydrapple
|
|-heal|p2a: Garganacl|26/100|[from] item: Leftovers
|upkeep
|inactive|DerDonPorrello has 120 seconds left.
|
|t:|1769298224
|switch|p1a: Quaxwell|Quaxwell, M|100/100
|turn|10
|
|t:|1769298232
|move|p2a: Garganacl|Protect|p2a: Garganacl
|-singleturn|p2a: Garganacl|Protect
|move|p1a: Quaxwell|Liquidation|p2a: Garganacl
|-activate|p2a: Garganacl|move: Protect
|
|-heal|p2a: Garganacl|32/100|[from] item: Leftovers
|upkeep
|turn|11
|
|t:|1769298241
|switch|p2a: Ogerpon|Ogerpon-Wellspring, F|100/100
|move|p1a: Quaxwell|Liquidation|p2a: Ogerpon
|-immune|p2a: Ogerpon|[from] ability: Water Absorb
|
|upkeep
|turn|12
|
|t:|1769298248
|switch|p1a: Overqwil|Overqwil, F|100/100
|-ability|p1a: Overqwil|Intimidate|boost
|-unboost|p2a: Ogerpon|atk|1
|move|p2a: Ogerpon|Wood Hammer|p1a: Overqwil
|-resisted|p1a: Overqwil
|-crit|p1a: Overqwil
|-damage|p1a: Overqwil|62/100
|-damage|p2a: Ogerpon|85/100|[from] Recoil
|
|-heal|p1a: Overqwil|68/100|[from] item: Black Sludge
|upkeep
|turn|13
|
|t:|1769298263
|switch|p2a: Landorus|Landorus-Therian, M, shiny|100/100
|-ability|p2a: Landorus|Intimidate|boost
|-unboost|p1a: Overqwil|atk|1
|move|p1a: Overqwil|Toxic Spikes|p2a: Landorus
|-sidestart|p2: Skayboy31|move: Toxic Spikes
|
|-heal|p1a: Overqwil|74/100|[from] item: Black Sludge
|upkeep
|turn|14
|
|t:|1769298272
|switch|p1a: Alomomola|Alomomola, F|100/100
|move|p2a: Landorus|Earthquake|p1a: Alomomola
|-crit|p1a: Alomomola
|-damage|p1a: Alomomola|46/100
|
|upkeep
|turn|15
|
|t:|1769298284
|switch|p2a: Ogerpon|Ogerpon-Wellspring, F|85/100
|-status|p2a: Ogerpon|psn
|move|p1a: Alomomola|Wish|p1a: Alomomola
|
|-damage|p2a: Ogerpon|73/100 psn|[from] psn
|upkeep
|turn|16
|
|t:|1769298292
|switch|p1a: Overqwil|Overqwil, F|74/100
|-ability|p1a: Overqwil|Intimidate|boost
|-unboost|p2a: Ogerpon|atk|1
|move|p2a: Ogerpon|Wood Hammer|p1a: Overqwil
|-resisted|p1a: Overqwil
|-damage|p1a: Overqwil|59/100
|-damage|p2a: Ogerpon|66/100 psn|[from] Recoil
|
|-heal|p1a: Overqwil|100/100|[from] move: Wish|[wisher] Alomomola
|-damage|p2a: Ogerpon|54/100 psn|[from] psn
|upkeep
|turn|17
|
|t:|1769298309
|move|p2a: Ogerpon|Play Rough|p1a: Overqwil
|-damage|p1a: Overqwil|83/100
|move|p1a: Overqwil|Spikes|p2a: Ogerpon
|-sidestart|p2: Skayboy31|Spikes
|
|-heal|p1a: Overqwil|89/100|[from] item: Black Sludge
|-damage|p2a: Ogerpon|42/100 psn|[from] psn
|upkeep
|turn|18
|
|t:|1769298318
|move|p2a: Ogerpon|Knock Off|p1a: Overqwil
|-resisted|p1a: Overqwil
|-damage|p1a: Overqwil|80/100
|-enditem|p1a: Overqwil|Black Sludge|[from] move: Knock Off|[of] p2a: Ogerpon
|move|p1a: Overqwil|Spikes|p2a: Ogerpon
|-sidestart|p2: Skayboy31|Spikes
|
|-damage|p2a: Ogerpon|30/100 psn|[from] psn
|upkeep
|turn|19
|
|t:|1769298327
|move|p2a: Ogerpon|Ivy Cudgel|p1a: Overqwil|[anim] Ivy Cudgel Water
|-damage|p1a: Overqwil|51/100
|move|p1a: Overqwil|Spikes|p2a: Ogerpon
|-sidestart|p2: Skayboy31|Spikes
|
|-damage|p2a: Ogerpon|17/100 psn|[from] psn
|upkeep
|turn|20
|
|t:|1769298343
|move|p2a: Ogerpon|Ivy Cudgel|p1a: Overqwil|[anim] Ivy Cudgel Water
|-damage|p1a: Overqwil|23/100
|move|p1a: Overqwil|Crunch|p2a: Ogerpon
|-damage|p2a: Ogerpon|0 fnt
|faint|p2a: Ogerpon
|
|upkeep
|
|t:|1769298351
|switch|p2a: Cinderace|Cinderace, F|100/100
|turn|21
|
|t:|1769298355
|switch|p1a: Alomomola|Alomomola, F|79/100
|move|p2a: Cinderace|Court Change|p2a: Cinderace
|-start|p2a: Cinderace|typechange|Normal|[from] ability: Libero
|-swapsideconditions
|-activate|p2a: Cinderace|move: Court Change
|
|upkeep
|turn|22
|
|t:|1769298364
|switch|p2a: Kyurem|Kyurem|53/100
|-ability|p2a: Kyurem|Pressure
|move|p1a: Alomomola|Wish|p1a: Alomomola
|
|upkeep
|turn|23
|
|t:|1769298380
|switch|p1a: Overqwil|Overqwil, F|23/100
|-sideend|p1: DerDonPorrello|move: Toxic Spikes|[of] p1a: Overqwil
|-damage|p1a: Overqwil|0 fnt|[from] Spikes
|faint|p1a: Overqwil
|move|p2a: Kyurem|Earth Power|p1: Overqwil|[notarget]
|-fail|p2a: Kyurem
|
|upkeep
|
|t:|1769298392
|switch|p1a: Hoopa|Hoopa|57/100
|-damage|p1a: Hoopa|32/100|[from] Spikes
|turn|24
|
|t:|1769298399
|move|p2a: Kyurem|Freeze-Dry|p1a: Hoopa
|-damage|p1a: Hoopa|0 fnt
|faint|p1a: Hoopa
|-damage|p2a: Kyurem|43/100|[from] item: Life Orb
|
|upkeep
|
|t:|1769298405
|switch|p1a: Quaxwell|Quaxwell, M|100/100
|-damage|p1a: Quaxwell|75/100|[from] Spikes
|turn|25
|
|t:|1769298410
|move|p2a: Kyurem|Freeze-Dry|p1a: Quaxwell
|-supereffective|p1a: Quaxwell
|-damage|p1a: Quaxwell|0 fnt
|faint|p1a: Quaxwell
|-damage|p2a: Kyurem|33/100|[from] item: Life Orb
|
|upkeep
|-message|DerDonPorrello forfeited.
|
|win|Skayboy31
|raw|DerDonPorrello's rating: 1159 &rarr; <strong>1137</strong><br />(-22 for losing)
|raw|Skayboy31's rating: 1197 &rarr; <strong>1219</strong><br />(+22 for winning)
|l|☆DerDonPorrello
|player|p1|
|l|☆Skayboy31
|player|p2|
