|j|☆yoyolord
|j|☆newbytho
|t:|1769404557
|gametype|singles
|player|p1|yoyolord|policeman-gen4|1602
|player|p2|newbytho|169|1631
|gen|9
|tier|[Gen 9] OU
|rated|
|rule|HP Percentage Mod: HP is shown in percentages
|rule|Endless Battle Clause: Forcing endless battles is banned
|rule|Species Clause: Limit one of each Pokémon
|rule|OHKO Clause: OHKO moves are banned
|rule|Evasion Items Clause: Evasion items are banned
|rule|Evasion Moves Clause: Evasion moves are banned
|rule|Evasion Abilities Clause: Evasion abilities are banned
|rule|Sleep Moves Clause: Sleep-inducing moves are banned
|clearpoke
|poke|p1|Volcanion|
|poke|p1|Slowking-Galar, F|
|poke|p1|Zamazenta-*|
|poke|p1|Corviknight, F|
|poke|p1|Hatterene, F|
|poke|p1|Ting-Lu|
|poke|p2|Pecharunt|
|poke|p2|Zapdos|
|poke|p2|Ting-Lu|
|poke|p2|Great Tusk|
|poke|p2|Slowking-Galar, M|
|poke|p2|Kingambit, F|
|teampreview
|
|t:|1769404581
|teamsize|p1|6
|teamsize|p2|6
|start
|switch|p1a: Slowking|Slowking-Galar, F, shiny|100/100
|switch|p2a: Zapdos|Zapdos|100/100
|turn|1
|
|t:|1769404584
|move|p2a: Zapdos|Volt Switch|p1a: Slowking
|-damage|p1a: Slowking|77/100
|
|t:|1769404588
|switch|p2a: Ting-Lu|Ting-Lu|100/100|[from] Volt Switch
|-ability|p2a: Ting-Lu|Vessel of Ruin
|move|p1a: Slowking|Future Sight|p2a: Ting-Lu
|-start|p1a: Slowking|move: Future Sight
|
|-heal|p1a: Slowking|83/100|[from] item: Black Sludge
|upkeep
|turn|2
|
|t:|1769404593
|move|p2a: Ting-Lu|Ruination|p1a: Slowking
|-damage|p1a: Slowking|42/100
|move|p1a: Slowking|Trick|p2a: Ting-Lu
|-activate|p1a: Slowking|move: Trick|[of] p2a: Ting-Lu
|-item|p2a: Ting-Lu|Black Sludge|[from] move: Trick
|-item|p1a: Slowking|Leftovers|[from] move: Trick
|
|-damage|p2a: Ting-Lu|88/100|[from] item: Black Sludge
|-heal|p1a: Slowking|48/100|[from] item: Leftovers
|upkeep
|turn|3
|
|t:|1769404606
|switch|p1a: Hatterene|Hatterene, F|100/100
|move|p2a: Ting-Lu|Ruination|p1a: Hatterene
|-damage|p1a: Hatterene|50/100
|
|-end|p2a: Ting-Lu|move: Future Sight
|-immune|p2a: Ting-Lu
|-damage|p2a: Ting-Lu|76/100|[from] item: Black Sludge
|upkeep
|turn|4
|
|t:|1769404611
|switch|p2a: Slowking|Slowking-Galar, M|100/100
|move|p1a: Hatterene|Pain Split|p2a: Slowking
|-sethp|p2a: Slowking|71/100|[from] move: Pain Split|[silent]
|-sethp|p1a: Hatterene|87/100|[from] move: Pain Split
|
|upkeep
|turn|5
|j| Asrzzz
|
|t:|1769404616
|switch|p1a: Slowking|Slowking-Galar, F, shiny|81/100
|move|p2a: Slowking|Flamethrower|p1a: Slowking
|-damage|p1a: Slowking|58/100
|
|-heal|p1a: Slowking|64/100|[from] item: Leftovers
|upkeep
|turn|6
|j| FirstLightSoulja
|
|t:|1769404622
|switch|p2a: Ting-Lu|Ting-Lu|76/100
|-ability|p2a: Ting-Lu|Vessel of Ruin
|-prepare|p1a: Slowking|Chilly Reception|[premajor]
|move|p1a: Slowking|Chilly Reception|p1a: Slowking
|-weather|Snowscape
|
|t:|1769404626
|switch|p1a: Volcanion|Volcanion|100/100|[from] Chilly Reception
|
|-weather|Snowscape|[upkeep]
|-damage|p2a: Ting-Lu|63/100|[from] item: Black Sludge
|upkeep
|turn|7
|
|t:|1769404628
|move|p1a: Volcanion|Steam Eruption|p2a: Ting-Lu
|-supereffective|p2a: Ting-Lu
|-damage|p2a: Ting-Lu|0 fnt
|faint|p2a: Ting-Lu
|
|-weather|Snowscape|[upkeep]
|upkeep
|
|t:|1769404638
|switch|p2a: Slowking|Slowking-Galar, M|100/100
|turn|8
|
|t:|1769404642
|switch|p1a: Slowking|Slowking-Galar, F, shiny|97/100
|move|p2a: Slowking|Ice Beam|p1a: Slowking
|-damage|p1a: Slowking|74/100
|
|-weather|Snowscape|[upkeep]
|-heal|p1a: Slowking|80/100|[from] item: Leftovers
|upkeep
|turn|9
|
|t:|1769404644
|move|p2a: Slowking|Ice Beam|p1a: Slowking
|-damage|p1a: Slowking|58/100
|move|p1a: Slowking|Future Sight|p2a: Slowking
|-start|p1a: Slowking|move: Future Sight
|
|-weather|Snowscape|[upkeep]
|-heal|p1a: Slowking|64/100|[from] item: Leftovers
|upkeep
|turn|10
|j| Shucklepilled
|
|t:|1769404650
|move|p2a: Slowking|Ice Beam|p1a: Slowking
|-damage|p1a: Slowking|43/100
|-prepare|p1a: Slowking|Chilly Reception|[premajor]
|move|p1a: Slowking|Chilly Reception|p1a: Slowking
|
|t:|1769404652
|switch|p1a: Ting-Lu|Ting-Lu|100/100|[from] Chilly Reception
|-ability|p1a: Ting-Lu|Vessel of Ruin
|
|-weather|none
|upkeep
|turn|11
|l| FirstLightSoulja
|j| FirstLightSoulja
|
|t:|1769404661
|move|p1a: Ting-Lu|Payback|p2a: Slowking
|-supereffective|p2a: Slowking
|-damage|p2a: Slowking|59/100
|move|p2a: Slowking|Ice Beam|p1a: Ting-Lu
|-supereffective|p1a: Ting-Lu
|-damage|p1a: Ting-Lu|75/100
|
|-end|p2a: Slowking|move: Future Sight
|-damage|p2a: Slowking|41/100
|-heal|p1a: Ting-Lu|81/100|[from] item: Leftovers
|upkeep
|turn|12
|
|t:|1769404668
|switch|p2a: Great Tusk|Great Tusk|100/100
|move|p1a: Ting-Lu|Earthquake|p2a: Great Tusk
|-crit|p2a: Great Tusk
|-damage|p2a: Great Tusk|67/100
|
|-heal|p2a: Great Tusk|73/100|[from] item: Leftovers
|-heal|p1a: Ting-Lu|87/100|[from] item: Leftovers
|upkeep
|turn|13
|
|t:|1769404674
|switch|p1a: Corviknight|Corviknight, F, shiny|100/100
|-ability|p1a: Corviknight|Pressure
|move|p2a: Great Tusk|Knock Off|p1a: Corviknight
|-damage|p1a: Corviknight|83/100
|-damage|p2a: Great Tusk|56/100|[from] item: Rocky Helmet|[of] p1a: Corviknight
|-enditem|p1a: Corviknight|Rocky Helmet|[from] move: Knock Off|[of] p2a: Great Tusk
|
|-heal|p2a: Great Tusk|62/100|[from] item: Leftovers
|upkeep
|turn|14
|
|t:|1769404679
|-end|p2a: Great Tusk|Protosynthesis|[silent]
|switch|p2a: Zapdos|Zapdos|100/100
|move|p1a: Corviknight|Roost|p1a: Corviknight
|-heal|p1a: Corviknight|100/100
|-singleturn|p1a: Corviknight|move: Roost
|
|upkeep
|turn|15
|
|t:|1769404682
|switch|p1a: Ting-Lu|Ting-Lu|87/100
|-ability|p1a: Ting-Lu|Vessel of Ruin
|move|p2a: Zapdos|Volt Switch|p1a: Ting-Lu
|-immune|p1a: Ting-Lu
|
|-heal|p1a: Ting-Lu|93/100|[from] item: Leftovers
|upkeep
|turn|16
|l| FirstLightSoulja
|
|t:|1769404686
|switch|p2a: Great Tusk|Great Tusk|62/100
|switch|p1a: Slowking|Slowking-Galar, F, shiny|76/100
|
|-heal|p2a: Great Tusk|69/100|[from] item: Leftovers
|-heal|p1a: Slowking|82/100|[from] item: Leftovers
|upkeep
|turn|17
|
|t:|1769404694
|switch|p1a: Corviknight|Corviknight, F, shiny|100/100
|-ability|p1a: Corviknight|Pressure
|move|p2a: Great Tusk|Earthquake|p1a: Corviknight
|-immune|p1a: Corviknight
|
|-heal|p2a: Great Tusk|75/100|[from] item: Leftovers
|upkeep
|turn|18
|j| Daniel Gaming 234
|j| FirstLightSoulja
|
|t:|1769404715
|-end|p2a: Great Tusk|Protosynthesis|[silent]
|switch|p2a: Zapdos|Zapdos|100/100
|move|p1a: Corviknight|Iron Defense|p1a: Corviknight
|-boost|p1a: Corviknight|def|2
|
|upkeep
|turn|19
|
|t:|1769404722
|switch|p2a: Pecharunt|Pecharunt|100/100
|switch|p1a: Slowking|Slowking-Galar, F, shiny|100/100
|
|upkeep
|turn|20
|
|t:|1769404727
|move|p2a: Pecharunt|Nasty Plot|p2a: Pecharunt
|-boost|p2a: Pecharunt|spa|2
|move|p1a: Slowking|Future Sight|p2a: Pecharunt
|-start|p1a: Slowking|move: Future Sight
|
|upkeep
|turn|21
|
|t:|1769404730
|move|p2a: Pecharunt|Shadow Ball|p1a: Slowking
|-supereffective|p1a: Slowking
|-damage|p1a: Slowking|27/100
|-prepare|p1a: Slowking|Chilly Reception|[premajor]
|move|p1a: Slowking|Chilly Reception|p1a: Slowking
|-weather|Snowscape
|l| FirstLightSoulja
|
|t:|1769404774
|switch|p1a: Zamazenta|Zamazenta|100/100|[from] Chilly Reception
|-ability|p1a: Zamazenta|Dauntless Shield|boost
|-boost|p1a: Zamazenta|def|1
|
|-weather|Snowscape|[upkeep]
|upkeep
|turn|22
|inactive|Battle timer is ON: inactive players will automatically lose when time's up. (requested by newbytho)
|j| FirstLightSoulja
|l| FirstLightSoulja
|
|t:|1769404780
|switch|p2a: Zapdos|Zapdos|100/100
|move|p1a: Zamazenta|Crunch|p2a: Zapdos
|-damage|p2a: Zapdos|72/100
|
|-weather|Snowscape|[upkeep]
|-end|p2a: Zapdos|move: Future Sight
|-damage|p2a: Zapdos|27/100
|upkeep
|turn|23
|l|☆yoyolord
|inactive|yoyolord disconnected and has a minute to reconnect!
|player|p1|
|j|☆yoyolord
|inactive|yoyolord reconnected and has 125 seconds left.
|player|p1|yoyolord|policeman-gen4|
|inactive|yoyolord has 120 seconds left.
|
|t:|1769404820
|switch|p2a: Pecharunt|Pecharunt|100/100
|-terastallize|p1a: Zamazenta|Dark
|move|p1a: Zamazenta|Crunch|p2a: Pecharunt
|-supereffective|p2a: Pecharunt
|-damage|p2a: Pecharunt|39/100
|
|-weather|Snowscape|[upkeep]
|upkeep
|turn|24
|inactive|yoyolord has 120 seconds left.
|
|t:|1769404830
|switch|p1a: Slowking|Slowking-Galar, F, shiny|60/100
|switch|p2a: Zapdos|Zapdos|27/100
|
|-weather|Snowscape|[upkeep]
|-heal|p1a: Slowking|66/100|[from] item: Leftovers
|upkeep
|turn|25
|inactive|yoyolord has 120 seconds left.
|
|t:|1769404838
|move|p2a: Zapdos|Roost|p2a: Zapdos
|-heal|p2a: Zapdos|77/100
|-singleturn|p2a: Zapdos|move: Roost
|-prepare|p1a: Slowking|Chilly Reception|[premajor]
|move|p1a: Slowking|Chilly Reception|p1a: Slowking
|inactive|yoyolord has 120 seconds left.
|
|t:|1769404850
|switch|p1a: Ting-Lu|Ting-Lu|93/100|[from] Chilly Reception
|-ability|p1a: Ting-Lu|Vessel of Ruin
|
|-weather|none
|-heal|p1a: Ting-Lu|99/100|[from] item: Leftovers
|upkeep
|turn|26
|
|t:|1769404854
|switch|p2a: Great Tusk|Great Tusk|75/100
|move|p1a: Ting-Lu|Payback|p2a: Great Tusk
|-resisted|p2a: Great Tusk
|-damage|p2a: Great Tusk|69/100
|
|-heal|p2a: Great Tusk|76/100|[from] item: Leftovers
|-heal|p1a: Ting-Lu|100/100|[from] item: Leftovers
|upkeep
|turn|27
|
|t:|1769404858
|switch|p1a: Corviknight|Corviknight, F, shiny|100/100
|-ability|p1a: Corviknight|Pressure
|move|p2a: Great Tusk|Close Combat|p1a: Corviknight
|-damage|p1a: Corviknight|66/100
|-unboost|p2a: Great Tusk|def|1
|-unboost|p2a: Great Tusk|spd|1
|
|-heal|p2a: Great Tusk|82/100|[from] item: Leftovers
|upkeep
|turn|28
|
|t:|1769404862
|-end|p2a: Great Tusk|Protosynthesis|[silent]
|switch|p2a: Zapdos|Zapdos|77/100
|move|p1a: Corviknight|Roost|p1a: Corviknight
|-heal|p1a: Corviknight|100/100
|-singleturn|p1a: Corviknight|move: Roost
|
|upkeep
|turn|29
|
|t:|1769404866
|switch|p2a: Great Tusk|Great Tusk|82/100
|switch|p1a: Slowking|Slowking-Galar, F, shiny|99/100
|
|-heal|p2a: Great Tusk|88/100|[from] item: Leftovers
|-heal|p1a: Slowking|100/100|[from] item: Leftovers
|upkeep
|turn|30
|
|t:|1769404872
|move|p2a: Great Tusk|Earthquake|p1a: Slowking
|-supereffective|p1a: Slowking
|-crit|p1a: Slowking
|-damage|p1a: Slowking|0 fnt
|faint|p1a: Slowking
|
|-heal|p2a: Great Tusk|94/100|[from] item: Leftovers
|upkeep
|
|t:|1769404881
|switch|p1a: Hatterene|Hatterene, F|87/100
|turn|31
|
|t:|1769404888
|-end|p2a: Great Tusk|Protosynthesis|[silent]
|switch|p2a: Slowking|Slowking-Galar, M|74/100
|move|p1a: Hatterene|Psychic Noise|p2a: Slowking
|-damage|p2a: Slowking|57/100
|-start|p2a: Slowking|move: Heal Block
|
|upkeep
|turn|32
|
|t:|1769404894
|switch|p1a: Ting-Lu|Ting-Lu|100/100
|-ability|p1a: Ting-Lu|Vessel of Ruin
|move|p2a: Slowking|Sludge Bomb|p1a: Ting-Lu
|-resisted|p1a: Ting-Lu
|-damage|p1a: Ting-Lu|92/100
|
|-heal|p1a: Ting-Lu|98/100|[from] item: Leftovers
|-end|p2a: Slowking|move: Heal Block
|upkeep
|turn|33
|
|t:|1769404907
|switch|p2a: Zapdos|Zapdos|77/100
|move|p1a: Ting-Lu|Payback|p2a: Zapdos
|-damage|p2a: Zapdos|62/100
|
|-heal|p1a: Ting-Lu|100/100|[from] item: Leftovers
|upkeep
|turn|34
|
|t:|1769404914
|move|p2a: Zapdos|Hurricane|p1a: Ting-Lu|[miss]
|-miss|p2a: Zapdos|p1a: Ting-Lu
|move|p1a: Ting-Lu|Earthquake|p2a: Zapdos
|-immune|p2a: Zapdos
|
|upkeep
|turn|35
|c| Daniel Gaming 234|Blim Lu can be so good but not having hazards sometimes sucks a lot
|
|t:|1769404920
|move|p2a: Zapdos|Roost|p2a: Zapdos
|-heal|p2a: Zapdos|100/100
|-singleturn|p2a: Zapdos|move: Roost
|move|p1a: Ting-Lu|Payback|p2a: Zapdos
|-damage|p2a: Zapdos|74/100
|
|upkeep
|turn|36
|
|t:|1769404934
|switch|p2a: Great Tusk|Great Tusk|94/100
|move|p1a: Ting-Lu|Payback|p2a: Great Tusk
|-resisted|p2a: Great Tusk
|-damage|p2a: Great Tusk|89/100
|
|-heal|p2a: Great Tusk|95/100|[from] item: Leftovers
|upkeep
|turn|37
|
|t:|1769404936
|switch|p1a: Corviknight|Corviknight, F, shiny|100/100
|-ability|p1a: Corviknight|Pressure
|move|p2a: Great Tusk|Knock Off|p1a: Corviknight
|-damage|p1a: Corviknight|89/100
|
|-heal|p2a: Great Tusk|100/100|[from] item: Leftovers
|upkeep
|turn|38
|
|t:|1769404945
|-end|p2a: Great Tusk|Protosynthesis|[silent]
|switch|p2a: Zapdos|Zapdos|74/100
|move|p1a: Corviknight|Iron Defense|p1a: Corviknight
|-boost|p1a: Corviknight|def|2
|
|upkeep
|turn|39
|
|t:|1769404951
|switch|p2a: Pecharunt|Pecharunt|39/100
|switch|p1a: Ting-Lu|Ting-Lu|100/100
|-ability|p1a: Ting-Lu|Vessel of Ruin
|
|upkeep
|turn|40
|
|t:|1769404955
|move|p2a: Pecharunt|Recover|p2a: Pecharunt
|-heal|p2a: Pecharunt|89/100
|move|p1a: Ting-Lu|Earthquake|p2a: Pecharunt
|-supereffective|p2a: Pecharunt
|-damage|p2a: Pecharunt|55/100
|
|upkeep
|turn|41
|
|t:|1769404958
|move|p2a: Pecharunt|Malignant Chain|p1a: Ting-Lu
|-resisted|p1a: Ting-Lu
|-damage|p1a: Ting-Lu|94/100
|-status|p1a: Ting-Lu|tox
|-start|p1a: Ting-Lu|confusion|[from] ability: Poison Puppeteer|[of] p2a: Pecharunt
|-activate|p1a: Ting-Lu|confusion
|-damage|p1a: Ting-Lu|88/100 tox|[from] confusion
|
|-heal|p1a: Ting-Lu|94/100 tox|[from] item: Leftovers
|-damage|p1a: Ting-Lu|88/100 tox|[from] psn
|upkeep
|turn|42
|l| Daniel Gaming 234
|
|t:|1769404970
|switch|p2a: Great Tusk|Great Tusk|100/100
|-end|p1a: Ting-Lu|confusion
|move|p1a: Ting-Lu|Earthquake|p2a: Great Tusk
|-damage|p2a: Great Tusk|80/100
|
|-heal|p2a: Great Tusk|86/100|[from] item: Leftovers
|-heal|p1a: Ting-Lu|94/100 tox|[from] item: Leftovers
|-damage|p1a: Ting-Lu|82/100 tox|[from] psn
|upkeep
|turn|43
|
|t:|1769404984
|switch|p1a: Corviknight|Corviknight, F, shiny|89/100
|-ability|p1a: Corviknight|Pressure
|-terastallize|p2a: Great Tusk|Fighting
|move|p2a: Great Tusk|Close Combat|p1a: Corviknight
|-damage|p1a: Corviknight|48/100
|-unboost|p2a: Great Tusk|def|1
|-unboost|p2a: Great Tusk|spd|1
|
|-heal|p2a: Great Tusk|92/100|[from] item: Leftovers
|upkeep
|turn|44
|inactive|newbytho has 120 seconds left.
|
|t:|1769405016
|-end|p2a: Great Tusk|Protosynthesis|[silent]
|switch|p2a: Zapdos|Zapdos|74/100
|move|p1a: Corviknight|Roost|p1a: Corviknight
|-heal|p1a: Corviknight|98/100
|-singleturn|p1a: Corviknight|move: Roost
|
|upkeep
|turn|45
|
|t:|1769405022
|switch|p2a: Great Tusk|Great Tusk, tera:Fighting|92/100
|switch|p1a: Ting-Lu|Ting-Lu|82/100 tox
|-ability|p1a: Ting-Lu|Vessel of Ruin
|
|-heal|p2a: Great Tusk|98/100|[from] item: Leftovers
|-heal|p1a: Ting-Lu|88/100 tox|[from] item: Leftovers
|-damage|p1a: Ting-Lu|82/100 tox|[from] psn
|upkeep
|turn|46
|
|t:|1769405031
|switch|p1a: Corviknight|Corviknight, F, shiny|98/100
|-ability|p1a: Corviknight|Pressure
|move|p2a: Great Tusk|Close Combat|p1a: Corviknight
|-damage|p1a: Corviknight|53/100
|-unboost|p2a: Great Tusk|def|1
|-unboost|p2a: Great Tusk|spd|1
|
|-heal|p2a: Great Tusk|100/100|[from] item: Leftovers
|upkeep
|turn|47
|
|t:|1769405050
|move|p2a: Great Tusk|Earthquake|p1a: Corviknight
|-immune|p1a: Corviknight
|move|p1a: Corviknight|Roost|p1a: Corviknight
|-heal|p1a: Corviknight|100/100
|-singleturn|p1a: Corviknight|move: Roost
|
|upkeep
|turn|48
|
|t:|1769405058
|-end|p2a: Great Tusk|Protosynthesis|[silent]
|switch|p2a: Slowking|Slowking-Galar, M|91/100
|move|p1a: Corviknight|Iron Defense|p1a: Corviknight
|-boost|p1a: Corviknight|def|2
|
|upkeep
|turn|49
|
|t:|1769405062
|switch|p1a: Ting-Lu|Ting-Lu|82/100 tox
|-ability|p1a: Ting-Lu|Vessel of Ruin
|switch|p2a: Great Tusk|Great Tusk, tera:Fighting|100/100
|
|-heal|p1a: Ting-Lu|88/100 tox|[from] item: Leftovers
|-damage|p1a: Ting-Lu|82/100 tox|[from] psn
|upkeep
|turn|50
|
|t:|1769405073
|-end|p2a: Great Tusk|Protosynthesis|[silent]
|switch|p2a: Slowking|Slowking-Galar, M|100/100
|switch|p1a: Corviknight|Corviknight, F, shiny|100/100
|-ability|p1a: Corviknight|Pressure
|
|upkeep
|turn|51
|
|t:|1769405100
|switch|p1a: Ting-Lu|Ting-Lu|82/100 tox
|-ability|p1a: Ting-Lu|Vessel of Ruin
|move|p2a: Slowking|Ice Beam|p1a: Ting-Lu
|-supereffective|p1a: Ting-Lu
|-damage|p1a: Ting-Lu|58/100 tox
|
|-heal|p1a: Ting-Lu|64/100 tox|[from] item: Leftovers
|-damage|p1a: Ting-Lu|58/100 tox|[from] psn
|upkeep
|turn|52
|
|t:|1769405110
|switch|p2a: Kingambit|Kingambit, F|100/100
|-activate|p2a: Kingambit|ability: Supreme Overlord
|-start|p2a: Kingambit|fallen1|[silent]
|move|p1a: Ting-Lu|Rest|p1a: Ting-Lu
|-status|p1a: Ting-Lu|slp|[from] move: Rest
|-heal|p1a: Ting-Lu|100/100 slp|[silent]
|
|upkeep
|turn|53
|
|t:|1769405119
|switch|p1a: Volcanion|Volcanion|100/100
|move|p2a: Kingambit|Kowtow Cleave|p1a: Volcanion
|-damage|p1a: Volcanion|47/100
|
|upkeep
|turn|54
|
|t:|1769405131
|-end|p2a: Kingambit|fallen1|[silent]
|switch|p2a: Slowking|Slowking-Galar, M|100/100
|move|p1a: Volcanion|Flamethrower|p2a: Slowking
|-damage|p2a: Slowking|61/100
|
|upkeep
|turn|55
|-message|yoyolord forfeited.
|
|win|newbytho
|raw|yoyolord's rating: 1602 &rarr; <strong>1584</strong><br />(-18 for losing)
|raw|newbytho's rating: 1631 &rarr; <strong>1649</strong><br />(+18 for winning)
|l|☆yoyolord
|player|p1|
|l| Asrzzz
|l|☆newbytho
|player|p2|
