|j|☆TyranitarPrimallll
|j|☆LocoTrell
|t:|1769443116
|gametype|singles
|player|p1|TyranitarPrimallll|blue|1370
|player|p2|LocoTrell|wallace|1363
|gen|9
|tier|[Gen 9] OU
|rated|
|rule|HP Percentage Mod: HP is shown in percentages
|rule|Endless Battle Clause: Forcing endless battles is banned
|rule|Species Clause: Limit one of each Pokémon
|rule|OHKO Clause: OHKO moves are banned
|rule|Evasion Items Clause: Evasion items are banned
|rule|Evasion Moves Clause: Evasion moves are banned
|rule|Evasion Abilities Clause: Evasion abilities are banned
|rule|Sleep Moves Clause: Sleep-inducing moves are banned
|clearpoke
|poke|p1|Iron Valiant|
|poke|p1|Great Tusk|
|poke|p1|Dragonite, M|
|poke|p1|Deoxys-Speed|
|poke|p1|Glimmora, M|
|poke|p1|Kingambit, M|
|poke|p2|Iron Valiant|
|poke|p2|Great Tusk|
|poke|p2|Dragonite, F|
|poke|p2|Deoxys-Speed|
|poke|p2|Glimmora, F|
|poke|p2|Kingambit, F|
|teampreview
|inactive|Battle timer is ON: inactive players will automatically lose when time's up. (requested by TyranitarPrimallll)
|c|☆LocoTrell|lol]
|
|t:|1769443134
|teamsize|p1|6
|teamsize|p2|6
|start
|switch|p1a: Deoxys|Deoxys-Speed|100/100
|switch|p2a: Deoxys|Deoxys-Speed|100/100
|-ability|p2a: Deoxys|Pressure
|-ability|p1a: Deoxys|Pressure
|turn|1
|
|t:|1769443138
|move|p1a: Deoxys|Taunt|p2a: Deoxys
|-start|p2a: Deoxys|move: Taunt
|cant|p2a: Deoxys|move: Taunt|Taunt
|
|upkeep
|turn|2
|c|☆TyranitarPrimallll|O ye same team
|
|t:|1769443148
|switch|p2a: Kingambit|Kingambit, F|100/100
|move|p1a: Deoxys|Light Screen|p1a: Deoxys
|-sidestart|p1: TyranitarPrimallll|move: Light Screen
|
|upkeep
|turn|3
|
|t:|1769443155
|move|p1a: Deoxys|Reflect|p1a: Deoxys
|-sidestart|p1: TyranitarPrimallll|Reflect
|move|p2a: Kingambit|Swords Dance|p2a: Kingambit
|-boost|p2a: Kingambit|atk|2
|
|upkeep
|turn|4
|
|t:|1769443159
|move|p1a: Deoxys|Taunt|p2a: Kingambit
|-start|p2a: Kingambit|move: Taunt
|move|p2a: Kingambit|Iron Head|p1a: Deoxys
|-damage|p1a: Deoxys|43/100
|
|upkeep
|turn|5
|
|t:|1769443165
|switch|p1a: Glimmora|Glimmora, M|100/100
|move|p2a: Kingambit|Iron Head|p1a: Glimmora
|-supereffective|p1a: Glimmora
|-damage|p1a: Glimmora|0 fnt
|-activate|p1a: Glimmora|ability: Toxic Debris
|-sidestart|p2: LocoTrell|move: Toxic Spikes
|faint|p1a: Glimmora
|
|upkeep
|
|t:|1769443171
|switch|p1a: Great Tusk|Great Tusk|100/100
|-enditem|p1a: Great Tusk|Booster Energy
|-activate|p1a: Great Tusk|ability: Protosynthesis|[fromitem]
|-start|p1a: Great Tusk|protosynthesisspe
|turn|6
|
|t:|1769443186
|-end|p2a: Kingambit|fallenundefined|[silent]
|switch|p2a: Dragonite|Dragonite, F|100/100
|move|p1a: Great Tusk|Bulk Up|p1a: Great Tusk
|-boost|p1a: Great Tusk|atk|1
|-boost|p1a: Great Tusk|def|1
|
|upkeep
|turn|7
|inactive|LocoTrell has 120 seconds left.
|
|t:|1769443214
|move|p1a: Great Tusk|Taunt|p2a: Dragonite
|-start|p2a: Dragonite|move: Taunt
|move|p2a: Dragonite|Earthquake|p1a: Great Tusk
|-damage|p1a: Great Tusk|94/100
|
|upkeep
|turn|8
|
|t:|1769443220
|move|p1a: Great Tusk|Bulk Up|p1a: Great Tusk
|-boost|p1a: Great Tusk|atk|1
|-boost|p1a: Great Tusk|def|1
|move|p2a: Dragonite|Earthquake|p1a: Great Tusk
|-damage|p1a: Great Tusk|88/100
|
|upkeep
|turn|9
|
|t:|1769443225
|move|p1a: Great Tusk|Bulk Up|p1a: Great Tusk
|-boost|p1a: Great Tusk|atk|1
|-boost|p1a: Great Tusk|def|1
|move|p2a: Dragonite|Earthquake|p1a: Great Tusk
|-damage|p1a: Great Tusk|83/100
|
|-end|p2a: Dragonite|move: Taunt
|-sideend|p1: TyranitarPrimallll|move: Light Screen
|upkeep
|turn|10
|
|t:|1769443230
|move|p1a: Great Tusk|Head Smash|p2a: Dragonite
|-supereffective|p2a: Dragonite
|-damage|p2a: Dragonite|0 fnt
|faint|p2a: Dragonite
|-damage|p1a: Great Tusk|46/100|[from] Recoil
|
|-sideend|p1: TyranitarPrimallll|Reflect
|upkeep
|
|t:|1769443242
|switch|p2a: Glimmora|Glimmora, F|100/100
|-sideend|p2: LocoTrell|move: Toxic Spikes|[of] p2a: Glimmora
|turn|11
|
|t:|1769443248
|move|p1a: Great Tusk|Taunt|p2a: Glimmora
|-start|p2a: Glimmora|move: Taunt
|cant|p2a: Glimmora|move: Taunt|Stealth Rock
|
|upkeep
|turn|12
|
|t:|1769443252
|move|p1a: Great Tusk|Headlong Rush|p2a: Glimmora
|-supereffective|p2a: Glimmora
|-damage|p2a: Glimmora|0 fnt
|-unboost|p1a: Great Tusk|def|1
|-unboost|p1a: Great Tusk|spd|1
|-activate|p2a: Glimmora|ability: Toxic Debris
|-sidestart|p1: TyranitarPrimallll|move: Toxic Spikes
|faint|p2a: Glimmora
|
|upkeep
|
|t:|1769443261
|switch|p2a: Iron Valiant|Iron Valiant|100/100
|-enditem|p2a: Iron Valiant|Booster Energy
|-activate|p2a: Iron Valiant|ability: Quark Drive|[fromitem]
|-start|p2a: Iron Valiant|quarkdrivespe
|turn|13
|
|t:|1769443267
|move|p2a: Iron Valiant|Moonblast|p1a: Great Tusk
|-supereffective|p1a: Great Tusk
|-damage|p1a: Great Tusk|0 fnt
|faint|p1a: Great Tusk
|-end|p1a: Great Tusk|Protosynthesis|[silent]
|
|upkeep
|
|t:|1769443270
|switch|p1a: Deoxys|Deoxys-Speed|43/100
|-status|p1a: Deoxys|psn
|-ability|p1a: Deoxys|Pressure
|turn|14
|
|t:|1769443298
|move|p2a: Iron Valiant|Knock Off|p1a: Deoxys
|-supereffective|p1a: Deoxys
|-damage|p1a: Deoxys|0 fnt
|-enditem|p1a: Deoxys|Light Clay|[from] move: Knock Off|[of] p2a: Iron Valiant
|faint|p1a: Deoxys
|
|upkeep
|
|t:|1769443302
|switch|p1a: Iron Valiant|Iron Valiant|100/100
|-status|p1a: Iron Valiant|psn
|-enditem|p1a: Iron Valiant|Booster Energy
|-activate|p1a: Iron Valiant|ability: Quark Drive|[fromitem]
|-start|p1a: Iron Valiant|quarkdrivespe
|turn|15
|
|t:|1769443307
|-terastallize|p2a: Iron Valiant|Steel
|move|p1a: Iron Valiant|Moonblast|p2a: Iron Valiant
|-resisted|p2a: Iron Valiant
|-damage|p2a: Iron Valiant|57/100
|move|p2a: Iron Valiant|Moonblast|p1a: Iron Valiant
|-supereffective|p1a: Iron Valiant
|-damage|p1a: Iron Valiant|0 fnt
|faint|p1a: Iron Valiant
|-end|p1a: Iron Valiant|Quark Drive|[silent]
|
|upkeep
|
|t:|1769443317
|switch|p1a: Dragonite|Dragonite, M|100/100
|turn|16
|
|t:|1769443321
|-terastallize|p1a: Dragonite|Flying
|move|p2a: Iron Valiant|Moonblast|p1a: Dragonite
|-damage|p1a: Dragonite|76/100
|move|p1a: Dragonite|Dragon Dance|p1a: Dragonite
|-boost|p1a: Dragonite|atk|1
|-boost|p1a: Dragonite|spe|1
|
|-heal|p1a: Dragonite|82/100|[from] item: Leftovers
|upkeep
|turn|17
|
|t:|1769443338
|move|p2a: Iron Valiant|Taunt|p1a: Dragonite
|-start|p1a: Dragonite|move: Taunt
|cant|p1a: Dragonite|move: Taunt|Dragon Dance
|
|-heal|p1a: Dragonite|88/100|[from] item: Leftovers
|upkeep
|turn|18
|
|t:|1769443346
|move|p2a: Iron Valiant|Moonblast|p1a: Dragonite
|-damage|p1a: Dragonite|40/100
|move|p1a: Dragonite|Earthquake|p2a: Iron Valiant
|-supereffective|p2a: Iron Valiant
|-damage|p2a: Iron Valiant|0 fnt
|faint|p2a: Iron Valiant
|-end|p2a: Iron Valiant|Quark Drive|[silent]
|
|-heal|p1a: Dragonite|46/100|[from] item: Leftovers
|upkeep
|
|t:|1769443356
|switch|p2a: Deoxys|Deoxys-Speed|100/100
|-ability|p2a: Deoxys|Pressure
|turn|19
|
|t:|1769443363
|switch|p1a: Kingambit|Kingambit, M|100/100
|-activate|p1a: Kingambit|ability: Supreme Overlord
|-start|p1a: Kingambit|fallen4|[silent]
|move|p2a: Deoxys|Psycho Boost|p1a: Kingambit
|-immune|p1a: Kingambit
|
|upkeep
|turn|20
|
|t:|1769443369
|move|p1a: Kingambit|Sucker Punch||[still]
|-fail|p1a: Kingambit
|move|p2a: Deoxys|Reflect|p2a: Deoxys
|-sidestart|p2: LocoTrell|Reflect
|
|upkeep
|turn|21
|
|t:|1769443374
|move|p2a: Deoxys|Light Screen|p2a: Deoxys
|-sidestart|p2: LocoTrell|move: Light Screen
|move|p1a: Kingambit|Swords Dance|p1a: Kingambit
|-boost|p1a: Kingambit|atk|2
|
|upkeep
|turn|22
|
|t:|1769443377
|move|p2a: Deoxys|Taunt|p1a: Kingambit
|-start|p1a: Kingambit|move: Taunt
|cant|p1a: Kingambit|move: Taunt|Swords Dance
|
|upkeep
|turn|23
|
|t:|1769443395
|switch|p2a: Great Tusk|Great Tusk|100/100
|-enditem|p2a: Great Tusk|Booster Energy
|-activate|p2a: Great Tusk|ability: Protosynthesis|[fromitem]
|-start|p2a: Great Tusk|protosynthesisspe
|move|p1a: Kingambit|Iron Head|p2a: Great Tusk
|-damage|p2a: Great Tusk|62/100
|
|upkeep
|turn|24
|
|t:|1769443403
|move|p2a: Great Tusk|Bulk Up|p2a: Great Tusk
|-boost|p2a: Great Tusk|atk|1
|-boost|p2a: Great Tusk|def|1
|move|p1a: Kingambit|Iron Head|p2a: Great Tusk
|-damage|p2a: Great Tusk|37/100
|
|-end|p1a: Kingambit|move: Taunt
|upkeep
|turn|25
|
|t:|1769443412
|move|p2a: Great Tusk|Headlong Rush|p1a: Kingambit
|-supereffective|p1a: Kingambit
|-damage|p1a: Kingambit|0 fnt
|-unboost|p2a: Great Tusk|def|1
|-unboost|p2a: Great Tusk|spd|1
|faint|p1a: Kingambit
|-end|p1a: Kingambit|fallen4|[silent]
|
|upkeep
|
|t:|1769443417
|switch|p1a: Dragonite|Dragonite, M, tera:Flying|46/100
|turn|26
|
|t:|1769443421
|move|p2a: Great Tusk|Head Smash|p1a: Dragonite
|-supereffective|p1a: Dragonite
|-damage|p1a: Dragonite|0 fnt
|faint|p1a: Dragonite
|-damage|p2a: Great Tusk|20/100|[from] Recoil
|
|win|LocoTrell
|raw|TyranitarPrimallll's rating: 1370 &rarr; <strong>1350</strong><br />(-20 for losing)
|raw|LocoTrell's rating: 1363 &rarr; <strong>1383</strong><br />(+20 for winning)
|l|☆TyranitarPrimallll
|player|p1|
|c|☆LocoTrell|gg
