|j|☆leg.ringed-0p
|j|☆mmdfgm
|t:|1769311735
|gametype|singles
|player|p1|leg.ringed-0p|morty|1062
|player|p2|mmdfgm|blue|1055
|gen|9
|tier|[Gen 9] OU
|rated|
|rule|HP Percentage Mod: HP is shown in percentages
|rule|Endless Battle Clause: Forcing endless battles is banned
|rule|Species Clause: Limit one of each Pokémon
|rule|OHKO Clause: OHKO moves are banned
|rule|Evasion Items Clause: Evasion items are banned
|rule|Evasion Moves Clause: Evasion moves are banned
|rule|Evasion Abilities Clause: Evasion abilities are banned
|rule|Sleep Moves Clause: Sleep-inducing moves are banned
|clearpoke
|poke|p1|Iron Valiant|
|poke|p1|Excadrill, M|
|poke|p1|Tyranitar, M|
|poke|p1|Tornadus-Therian, M|
|poke|p1|Ogerpon-Cornerstone, F|
|poke|p1|Toxapex, F|
|poke|p2|Hariyama, F|
|poke|p2|Electrode-Hisui|
|poke|p2|Volcanion|
|poke|p2|Clefable, F|
|poke|p2|Heatran, M|
|poke|p2|Quaquaval, F|
|teampreview
|inactive|Battle timer is ON: inactive players will automatically lose when time's up. (requested by leg.ringed-0p)
|
|t:|1769311750
|teamsize|p1|6
|teamsize|p2|6
|start
|switch|p1a: Tyranitar|Tyranitar, M|100/100
|switch|p2a: Quaquaval|Quaquaval, F|100/100
|-weather|Sandstorm|[from] ability: Sand Stream|[of] p1a: Tyranitar
|turn|1
|
|t:|1769311759
|-terastallize|p1a: Tyranitar|Bug
|move|p2a: Quaquaval|Aqua Step|p1a: Tyranitar
|-damage|p1a: Tyranitar|52/100
|-boost|p2a: Quaquaval|spe|1
|-damage|p2a: Quaquaval|91/100|[from] item: Life Orb
|move|p1a: Tyranitar|Stealth Rock|p2a: Quaquaval
|-sidestart|p2: mmdfgm|move: Stealth Rock
|
|-weather|Sandstorm|[upkeep]
|-damage|p2a: Quaquaval|84/100|[from] Sandstorm
|-damage|p1a: Tyranitar|46/100|[from] Sandstorm
|upkeep
|turn|2
|
|t:|1769311774
|move|p2a: Quaquaval|Aqua Step|p1a: Tyranitar
|-damage|p1a: Tyranitar|0 fnt
|-boost|p2a: Quaquaval|spe|1
|faint|p1a: Tyranitar
|-ability|p2a: Quaquaval|Moxie|boost
|-boost|p2a: Quaquaval|atk|1
|-damage|p2a: Quaquaval|74/100|[from] item: Life Orb
|
|-weather|Sandstorm|[upkeep]
|-damage|p2a: Quaquaval|68/100|[from] Sandstorm
|upkeep
|
|t:|1769311785
|switch|p1a: Toxapex|Toxapex, F|100/100
|turn|3
|
|t:|1769311789
|move|p2a: Quaquaval|Flip Turn|p1a: Toxapex
|-resisted|p1a: Toxapex
|-damage|p1a: Toxapex|79/100
|-enditem|p1a: Toxapex|Eject Button
|-damage|p2a: Quaquaval|58/100|[from] item: Life Orb
|
|t:|1769311809
|switch|p1a: Tornadus|Tornadus-Therian, M|100/100
|
|-weather|Sandstorm|[upkeep]
|-damage|p2a: Quaquaval|52/100|[from] Sandstorm
|-damage|p1a: Tornadus|94/100|[from] Sandstorm
|upkeep
|turn|4
|inactive|leg.ringed-0p has 120 seconds left.
|
|t:|1769311829
|move|p2a: Quaquaval|Flip Turn|p1a: Tornadus
|-damage|p1a: Tornadus|19/100
|-damage|p2a: Quaquaval|42/100|[from] item: Life Orb
|
|t:|1769311835
|switch|p2a: Heatran|Heatran, M|100/100|[from] Flip Turn
|-damage|p2a: Heatran|88/100|[from] Stealth Rock
|move|p1a: Tornadus|Grass Knot|p2a: Heatran
|-resisted|p2a: Heatran
|-damage|p2a: Heatran|81/100
|
|-weather|Sandstorm|[upkeep]
|-damage|p1a: Tornadus|13/100|[from] Sandstorm
|upkeep
|turn|5
|
|t:|1769311850
|switch|p1a: Toxapex|Toxapex, F|100/100
|move|p2a: Heatran|Flamethrower|p1a: Toxapex
|-resisted|p1a: Toxapex
|-damage|p1a: Toxapex|83/100
|
|-weather|Sandstorm|[upkeep]
|-damage|p1a: Toxapex|77/100|[from] Sandstorm
|upkeep
|turn|6
|
|t:|1769311860
|move|p2a: Heatran|Earth Power|p1a: Toxapex
|-supereffective|p1a: Toxapex
|-damage|p1a: Toxapex|29/100
|-unboost|p1a: Toxapex|spd|1
|move|p1a: Toxapex|Toxic Spikes|p2a: Heatran
|-sidestart|p2: mmdfgm|move: Toxic Spikes
|
|-weather|Sandstorm|[upkeep]
|-damage|p1a: Toxapex|23/100|[from] Sandstorm
|upkeep
|turn|7
|
|t:|1769311877
|switch|p1a: Tornadus|Tornadus-Therian, M|46/100
|move|p2a: Heatran|Earth Power|p1a: Tornadus
|-immune|p1a: Tornadus
|
|-weather|Sandstorm|[upkeep]
|-damage|p1a: Tornadus|40/100|[from] Sandstorm
|upkeep
|turn|8
|inactive|leg.ringed-0p has 120 seconds left.
|
|t:|1769311904
|move|p1a: Tornadus|Weather Ball|p2a: Heatran
|-damage|p2a: Heatran|54/100
|move|p2a: Heatran|Flamethrower|p1a: Tornadus
|-damage|p1a: Tornadus|0 fnt
|faint|p1a: Tornadus
|
|-weather|none
|upkeep
|
|t:|1769311921
|switch|p1a: Excadrill|Excadrill, M|100/100
|turn|9
|
|t:|1769311934
|switch|p2a: Clefable|Clefable, F|100/100
|-status|p2a: Clefable|psn
|move|p1a: Excadrill|Earthquake|p2a: Clefable
|-damage|p2a: Clefable|32/100 psn
|
|upkeep
|turn|10
|
|t:|1769311948
|move|p1a: Excadrill|Earthquake|p2a: Clefable
|-damage|p2a: Clefable|0 fnt
|faint|p2a: Clefable
|
|upkeep
|
|t:|1769311962
|switch|p2a: Electrode|Electrode-Hisui|100/100
|-damage|p2a: Electrode|88/100|[from] Stealth Rock
|-status|p2a: Electrode|psn
|turn|11
|inactive|leg.ringed-0p has 90 seconds left.
|
|t:|1769311992
|move|p2a: Electrode|Leaf Storm|p1a: Excadrill
|-damage|p1a: Excadrill|7/100
|-unboost|p2a: Electrode|spa|2
|move|p1a: Excadrill|Earthquake|p2a: Electrode
|-damage|p2a: Electrode|0 fnt
|faint|p2a: Electrode
|
|-heal|p1a: Excadrill|14/100|[from] item: Leftovers
|upkeep
|
|t:|1769311998
|switch|p2a: Quaquaval|Quaquaval, F|42/100
|-damage|p2a: Quaquaval|36/100|[from] Stealth Rock
|-status|p2a: Quaquaval|psn
|turn|12
|inactive|leg.ringed-0p has 90 seconds left.
|
|t:|1769312022
|switch|p1a: Toxapex|Toxapex, F|56/100
|move|p2a: Quaquaval|Rapid Spin|p1a: Toxapex
|-damage|p1a: Toxapex|41/100
|-boost|p2a: Quaquaval|spe|1
|-sideend|p2: mmdfgm|Toxic Spikes|[from] move: Rapid Spin|[of] p2a: Quaquaval
|-sideend|p2: mmdfgm|Stealth Rock|[from] move: Rapid Spin|[of] p2a: Quaquaval
|-damage|p2a: Quaquaval|26/100 psn|[from] item: Life Orb
|
|-damage|p2a: Quaquaval|14/100 psn|[from] psn
|upkeep
|turn|13
|inactive|leg.ringed-0p has 90 seconds left.
|
|t:|1769312037
|move|p2a: Quaquaval|Flip Turn|p1a: Toxapex
|-resisted|p1a: Toxapex
|-damage|p1a: Toxapex|27/100
|-damage|p2a: Quaquaval|4/100 psn|[from] item: Life Orb
|
|t:|1769312045
|switch|p2a: Volcanion|Volcanion|100/100|[from] Flip Turn
|move|p1a: Toxapex|Recover|p1a: Toxapex
|-heal|p1a: Toxapex|77/100
|
|upkeep
|turn|14
|inactive|leg.ringed-0p has 90 seconds left.
|
|t:|1769312054
|move|p2a: Volcanion|Earth Power|p1a: Toxapex
|-supereffective|p1a: Toxapex
|-damage|p1a: Toxapex|26/100
|move|p1a: Toxapex|Toxic|p2a: Volcanion
|-status|p2a: Volcanion|tox
|
|-damage|p2a: Volcanion|94/100 tox|[from] psn
|upkeep
|turn|15
|inactive|leg.ringed-0p has 90 seconds left.
|inactive|leg.ringed-0p has 60 seconds left.
|
|t:|1769312100
|move|p2a: Volcanion|Earth Power|p1a: Toxapex
|-supereffective|p1a: Toxapex
|-damage|p1a: Toxapex|0 fnt
|faint|p1a: Toxapex
|
|-damage|p2a: Volcanion|82/100 tox|[from] psn
|upkeep
|
|t:|1769312119
|switch|p1a: Iron Valiant|Iron Valiant|100/100
|turn|16
|
|t:|1769312133
|move|p1a: Iron Valiant|Moonblast|p2a: Volcanion
|-resisted|p2a: Volcanion
|-damage|p2a: Volcanion|57/100 tox
|-unboost|p2a: Volcanion|spa|1
|move|p2a: Volcanion|Steam Eruption|p1a: Iron Valiant
|-damage|p1a: Iron Valiant|25/100
|
|-damage|p2a: Volcanion|39/100 tox|[from] psn
|upkeep
|turn|17
|
|t:|1769312155
|move|p1a: Iron Valiant|Moonblast|p2a: Volcanion
|-resisted|p2a: Volcanion
|-damage|p2a: Volcanion|14/100 tox
|move|p2a: Volcanion|Steam Eruption|p1a: Iron Valiant
|-damage|p1a: Iron Valiant|0 fnt
|faint|p1a: Iron Valiant
|-end|p1a: Iron Valiant|Quark Drive|[silent]
|
|-damage|p2a: Volcanion|0 fnt|[from] psn
|faint|p2a: Volcanion
|upkeep
|inactive|leg.ringed-0p has 30 seconds left.
|l|☆leg.ringed-0p
|inactive|leg.ringed-0p disconnected and has a minute to reconnect!
|player|p1|
|inactive|leg.ringed-0p has 20 seconds left.
|inactive|leg.ringed-0p has 15 seconds left.
|j|☆leg.ringed-0p
|inactive|leg.ringed-0p reconnected and has 15 seconds left.
|player|p1|leg.ringed-0p|morty|
|inactive|leg.ringed-0p has 10 seconds left.
|inactive|leg.ringed-0p has 5 seconds left.
|
|t:|1769312193
|switch|p1a: Ogerpon|Ogerpon-Cornerstone, F|100/100
|switch|p2a: Hariyama|Hariyama, F|100/100
|turn|18
|inactive|leg.ringed-0p has 15 seconds left this turn.
|inactive|leg.ringed-0p has 10 seconds left.
|
|t:|1769312202
|-terastallize|p2a: Hariyama|Steel
|move|p1a: Ogerpon|Knock Off|p2a: Hariyama
|-damage|p2a: Hariyama|58/100
|-enditem|p2a: Hariyama|Sitrus Berry|[from] move: Knock Off|[of] p1a: Ogerpon
|move|p2a: Hariyama|Belly Drum|p2a: Hariyama
|-damage|p2a: Hariyama|8/100
|-setboost|p2a: Hariyama|atk|6|[from] move: Belly Drum
|
|upkeep
|turn|19
|inactive|leg.ringed-0p has 20 seconds left this turn.
|inactive|leg.ringed-0p has 15 seconds left.
|inactive|leg.ringed-0p has 10 seconds left.
|
|t:|1769312215
|move|p2a: Hariyama|Bullet Punch|p1a: Ogerpon
|-supereffective|p1a: Ogerpon
|-ability|p1a: Ogerpon|Sturdy
|-damage|p1a: Ogerpon|1/100
|move|p1a: Ogerpon|Low Kick|p2a: Hariyama
|-supereffective|p2a: Hariyama
|-damage|p2a: Hariyama|0 fnt
|faint|p2a: Hariyama
|
|upkeep
|
|t:|1769312223
|switch|p2a: Heatran|Heatran, M|54/100
|turn|20
|inactive|leg.ringed-0p has 25 seconds left this turn.
|inactive|leg.ringed-0p has 20 seconds left.
|inactive|leg.ringed-0p has 15 seconds left.
|l|☆leg.ringed-0p
|inactive|leg.ringed-0p disconnected and has a minute to reconnect!
|player|p1|
|inactive|leg.ringed-0p has 10 seconds left.
|inactive|leg.ringed-0p has 5 seconds left.
|-message|leg.ringed-0p lost due to inactivity.
|
|win|mmdfgm
|raw|leg.ringed-0p's rating: 1062 &rarr; <strong>1042</strong><br />(-20 for losing)
|raw|mmdfgm's rating: 1055 &rarr; <strong>1087</strong><br />(+32 for winning)
