|j|☆ratca
|j|☆danelectro
|t:|1769322577
|gametype|singles
|player|p1|ratca|101|1484
|player|p2|danelectro|pokemaniac|1506
|gen|9
|tier|[Gen 9] OU
|rated|
|rule|HP Percentage Mod: HP is shown in percentages
|rule|Endless Battle Clause: Forcing endless battles is banned
|rule|Species Clause: Limit one of each Pokémon
|rule|OHKO Clause: OHKO moves are banned
|rule|Evasion Items Clause: Evasion items are banned
|rule|Evasion Moves Clause: Evasion moves are banned
|rule|Evasion Abilities Clause: Evasion abilities are banned
|rule|Sleep Moves Clause: Sleep-inducing moves are banned
|clearpoke
|poke|p1|Hydrapple, F|
|poke|p1|Corviknight, M|
|poke|p1|Blissey, F|
|poke|p1|Dondozo, F|
|poke|p1|Clodsire, M|
|poke|p1|Gliscor, F|
|poke|p2|Serperior, M|
|poke|p2|Great Tusk|
|poke|p2|Primarina, M|
|poke|p2|Goodra-Hisui, M|
|poke|p2|Ogerpon-Wellspring, F|
|poke|p2|Skarmory, M|
|teampreview
|
|t:|1769322584
|teamsize|p1|6
|teamsize|p2|6
|start
|switch|p1a: Gliscor|Gliscor, F|100/100
|switch|p2a: Serperior|Serperior, M|100/100
|turn|1
|
|t:|1769322593
|move|p1a: Gliscor|Protect|p1a: Gliscor
|-singleturn|p1a: Gliscor|Protect
|move|p2a: Serperior|Glare|p1a: Gliscor
|-activate|p1a: Gliscor|move: Protect
|
|-status|p1a: Gliscor|tox|[from] item: Toxic Orb
|upkeep
|turn|2
|
|t:|1769322601
|move|p2a: Serperior|Substitute|p2a: Serperior
|-start|p2a: Serperior|Substitute
|-damage|p2a: Serperior|76/100
|move|p1a: Gliscor|Toxic||[still]
|-fail|p1a: Gliscor
|
|-heal|p2a: Serperior|82/100|[from] item: Leftovers
|upkeep
|turn|3
|
|t:|1769322609
|switch|p1a: Corviknight|Corviknight, M|100/100
|-ability|p1a: Corviknight|Pressure
|move|p2a: Serperior|Leaf Storm|p1a: Corviknight
|-resisted|p1a: Corviknight
|-damage|p1a: Corviknight|91/100
|-boost|p2a: Serperior|spa|2
|
|-heal|p2a: Serperior|88/100|[from] item: Leftovers
|-heal|p1a: Corviknight|97/100|[from] item: Leftovers
|upkeep
|turn|4
|
|t:|1769322619
|-terastallize|p2a: Serperior|Fire
|move|p2a: Serperior|Tera Blast|p1a: Corviknight|[anim] Tera Blast Fire
|-supereffective|p1a: Corviknight
|-damage|p1a: Corviknight|10/100
|move|p1a: Corviknight|U-turn|p2a: Serperior
|-resisted|p2a: Serperior
|-activate|p2a: Serperior|move: Substitute|[damage]
|
|t:|1769322632
|switch|p1a: Clodsire|Clodsire, M|100/100|[from] U-turn
|
|-heal|p2a: Serperior|94/100|[from] item: Leftovers
|upkeep
|turn|5
|
|t:|1769322638
|move|p2a: Serperior|Glare|p1a: Clodsire
|-status|p1a: Clodsire|par
|cant|p1a: Clodsire|par
|
|-heal|p2a: Serperior|99/100|[from] item: Leftovers
|upkeep
|turn|6
|
|t:|1769322649
|switch|p2a: Great Tusk|Great Tusk|100/100
|move|p1a: Clodsire|Amnesia|p1a: Clodsire
|-boost|p1a: Clodsire|spd|2
|
|upkeep
|turn|7
|
|t:|1769322655
|switch|p1a: Corviknight|Corviknight, M|10/100
|-ability|p1a: Corviknight|Pressure
|move|p2a: Great Tusk|Stealth Rock|p1a: Corviknight
|-sidestart|p1: ratca|move: Stealth Rock
|
|-heal|p1a: Corviknight|16/100|[from] item: Leftovers
|upkeep
|turn|8
|
|t:|1769322663
|move|p2a: Great Tusk|Knock Off|p1a: Corviknight
|-damage|p1a: Corviknight|0 fnt
|-enditem|p1a: Corviknight|Leftovers|[from] move: Knock Off|[of] p2a: Great Tusk
|faint|p1a: Corviknight
|
|upkeep
|
|t:|1769322668
|switch|p1a: Hydrapple|Hydrapple, F|100/100
|-damage|p1a: Hydrapple|88/100|[from] Stealth Rock
|turn|9
|
|t:|1769322674
|-end|p2a: Great Tusk|Protosynthesis|[silent]
|switch|p2a: Goodra|Goodra-Hisui, M|100/100
|move|p1a: Hydrapple|Giga Drain|p2a: Goodra
|-ability|p2a: Goodra|Sap Sipper|boost
|-boost|p2a: Goodra|atk|1
|
|upkeep
|turn|10
|inactive|Battle timer is ON: inactive players will automatically lose when time's up. (requested by danelectro)
|
|t:|1769322681
|switch|p1a: Gliscor|Gliscor, F|100/100 tox
|-damage|p1a: Gliscor|88/100 tox|[from] Stealth Rock
|move|p2a: Goodra|Ice Beam|p1a: Gliscor
|-supereffective|p1a: Gliscor
|-damage|p1a: Gliscor|0 fnt
|faint|p1a: Gliscor
|
|upkeep
|-message|ratca forfeited.
|
|win|danelectro
|raw|ratca's rating: 1484 &rarr; <strong>1465</strong><br />(-19 for losing)
|raw|danelectro's rating: 1506 &rarr; <strong>1525</strong><br />(+19 for winning)
|l|☆ratca
|player|p1|
|l|☆danelectro
|player|p2|
