|j|☆yesterdaymister
|j|☆ridlostar
|t:|1769298165
|gametype|singles
|player|p1|yesterdaymister|266|1786
|player|p2|ridlostar|hilbert|1772
|gen|9
|tier|[Gen 9] OU
|rated|
|rule|HP Percentage Mod: HP is shown in percentages
|rule|Endless Battle Clause: Forcing endless battles is banned
|rule|Species Clause: Limit one of each Pokémon
|rule|OHKO Clause: OHKO moves are banned
|rule|Evasion Items Clause: Evasion items are banned
|rule|Evasion Moves Clause: Evasion moves are banned
|rule|Evasion Abilities Clause: Evasion abilities are banned
|rule|Sleep Moves Clause: Sleep-inducing moves are banned
|clearpoke
|poke|p1|Ninetales, M|
|poke|p1|Ceruledge, M|
|poke|p1|Venusaur, M|
|poke|p1|Hatterene, F|
|poke|p1|Great Tusk|
|poke|p1|Walking Wake|
|poke|p2|Toedscruel, M|
|poke|p2|Darkrai|
|poke|p2|Cresselia, F|
|poke|p2|Clodsire, M|
|poke|p2|Dragonite, M|
|poke|p2|Alomomola, M|
|teampreview
|inactive|Battle timer is ON: inactive players will automatically lose when time's up. (requested by yesterdaymister)
|
|t:|1769298173
|teamsize|p1|6
|teamsize|p2|6
|start
|switch|p1a: arda guler|Ninetales, M|100/100
|switch|p2a: Keanu Reeves|Darkrai|100/100
|-weather|SunnyDay|[from] ability: Drought|[of] p1a: arda guler
|turn|1
|
|t:|1769298177
|switch|p1a: mignolet|Great Tusk|100/100
|-activate|p1a: mignolet|ability: Protosynthesis
|-start|p1a: mignolet|protosynthesisspe
|move|p2a: Keanu Reeves|Knock Off|p1a: mignolet
|-resisted|p1a: mignolet
|-damage|p1a: mignolet|88/100
|-damage|p2a: Keanu Reeves|84/100|[from] item: Rocky Helmet|[of] p1a: mignolet
|-enditem|p1a: mignolet|Rocky Helmet|[from] move: Knock Off|[of] p2a: Keanu Reeves
|
|-weather|SunnyDay|[upkeep]
|upkeep
|turn|2
|
|t:|1769298182
|switch|p2a: Fair and Balanced|Alomomola, M|100/100
|move|p1a: mignolet|Stealth Rock|p2a: Fair and Balanced
|-sidestart|p2: ridlostar|move: Stealth Rock
|
|-weather|SunnyDay|[upkeep]
|upkeep
|turn|3
|
|t:|1769298185
|-end|p1a: mignolet|Protosynthesis|[silent]
|switch|p1a: maccabi|Hatterene, F|100/100
|move|p2a: Fair and Balanced|Flip Turn|p1a: maccabi
|-damage|p1a: maccabi|95/100
|-enditem|p1a: maccabi|Eject Button
|
|t:|1769298190
|switch|p1a: hans vanaken|Venusaur, M|100/100
|
|-weather|SunnyDay|[upkeep]
|upkeep
|turn|4
|
|t:|1769298194
|move|p1a: hans vanaken|Growth|p1a: hans vanaken
|-boost|p1a: hans vanaken|atk|2
|-boost|p1a: hans vanaken|spa|2
|move|p2a: Fair and Balanced|Flip Turn|p1a: hans vanaken
|-resisted|p1a: hans vanaken
|-damage|p1a: hans vanaken|95/100
|
|t:|1769298198
|switch|p2a: Big Man|Clodsire, M|100/100|[from] Flip Turn
|-damage|p2a: Big Man|94/100|[from] Stealth Rock
|
|-weather|SunnyDay|[upkeep]
|-heal|p2a: Big Man|100/100|[from] item: Leftovers
|upkeep
|turn|5
|j| just-jaype
|
|t:|1769298204
|switch|p1a: chama|Walking Wake|100/100
|-activate|p1a: chama|ability: Protosynthesis
|-start|p1a: chama|protosynthesisspa
|move|p2a: Big Man|Stockpile|p2a: Big Man
|-start|p2a: Big Man|stockpile1
|-boost|p2a: Big Man|def|1
|-boost|p2a: Big Man|spd|1
|
|-weather|SunnyDay|[upkeep]
|upkeep
|turn|6
|
|t:|1769298210
|move|p1a: chama|Hydro Steam|p2a: Big Man
|-supereffective|p2a: Big Man
|-damage|p2a: Big Man|0 fnt
|faint|p2a: Big Man
|
|-weather|SunnyDay|[upkeep]
|upkeep
|
|t:|1769298217
|switch|p2a: Keanu Reeves|Darkrai|84/100
|-damage|p2a: Keanu Reeves|72/100|[from] Stealth Rock
|turn|7
|
|t:|1769298230
|-end|p1a: chama|Protosynthesis|[silent]
|switch|p1a: maccabi|Hatterene, F|95/100
|move|p2a: Keanu Reeves|Knock Off|p1a: maccabi
|-damage|p1a: maccabi|72/100
|
|-weather|SunnyDay|[upkeep]
|upkeep
|turn|8
|
|t:|1769298235
|switch|p2a: Fair and Balanced|Alomomola, M|100/100
|move|p1a: maccabi|Nuzzle|p2a: Fair and Balanced
|-supereffective|p2a: Fair and Balanced
|-damage|p2a: Fair and Balanced|95/100
|-status|p2a: Fair and Balanced|par
|
|-weather|none
|upkeep
|turn|9
|
|t:|1769298238
|switch|p1a: arda guler|Ninetales, M|100/100
|-weather|SunnyDay|[from] ability: Drought|[of] p1a: arda guler
|move|p2a: Fair and Balanced|Flip Turn|p1a: arda guler
|-supereffective|p1a: arda guler
|-damage|p1a: arda guler|83/100
|
|t:|1769298241
|switch|p2a: why|Cresselia, F, shiny|100/100|[from] Flip Turn
|-damage|p2a: why|88/100|[from] Stealth Rock
|
|-weather|SunnyDay|[upkeep]
|-heal|p2a: why|94/100|[from] item: Leftovers
|upkeep
|turn|10
|
|t:|1769298245
|switch|p1a: maccabi|Hatterene, F|72/100
|move|p2a: why|Calm Mind|p2a: why
|-boost|p2a: why|spa|1
|-boost|p2a: why|spd|1
|
|-weather|SunnyDay|[upkeep]
|-heal|p2a: why|99/100|[from] item: Leftovers
|upkeep
|turn|11
|
|t:|1769298250
|move|p2a: why|Calm Mind|p2a: why
|-boost|p2a: why|spa|1
|-boost|p2a: why|spd|1
|move|p1a: maccabi|Nuzzle|p2a: why
|-damage|p2a: why|98/100
|-status|p2a: why|par
|
|-weather|SunnyDay|[upkeep]
|-heal|p2a: why|100/100 par|[from] item: Leftovers
|upkeep
|turn|12
|
|t:|1769298254
|switch|p1a: lebron|Ceruledge, M|100/100
|move|p2a: why|Calm Mind|p2a: why
|-boost|p2a: why|spa|1
|-boost|p2a: why|spd|1
|
|-weather|SunnyDay|[upkeep]
|upkeep
|turn|13
|
|t:|1769298259
|-terastallize|p2a: why|Poison
|move|p1a: lebron|Swords Dance|p1a: lebron
|-boost|p1a: lebron|atk|2
|move|p2a: why|Stored Power|p1a: lebron
|-enditem|p1a: lebron|Focus Sash
|-damage|p1a: lebron|1/100
|
|-weather|SunnyDay|[upkeep]
|upkeep
|turn|14
|
|t:|1769298263
|move|p1a: lebron|Poltergeist|p2a: why
|-activate|p2a: why|move: Poltergeist|Leftovers
|-damage|p2a: why|41/100 par
|move|p2a: why|Stored Power|p1a: lebron
|-damage|p1a: lebron|0 fnt
|faint|p1a: lebron
|
|-weather|SunnyDay|[upkeep]
|-heal|p2a: why|47/100 par|[from] item: Leftovers
|upkeep
|
|t:|1769298289
|switch|p1a: maccabi|Hatterene, F|72/100
|turn|15
|
|t:|1769298295
|switch|p2a: Keanu Reeves|Darkrai|72/100
|-damage|p2a: Keanu Reeves|59/100|[from] Stealth Rock
|move|p1a: maccabi|Psychic Noise|p2a: Keanu Reeves
|-immune|p2a: Keanu Reeves
|
|-weather|SunnyDay|[upkeep]
|upkeep
|turn|16
|
|t:|1769298299
|switch|p2a: Squidward?|Toedscruel, M|100/100
|move|p1a: maccabi|Dazzling Gleam|p2a: Squidward?
|-damage|p2a: Squidward?|65/100
|
|-weather|none
|upkeep
|turn|17
|
|t:|1769298303
|switch|p1a: arda guler|Ninetales, M|83/100
|-weather|SunnyDay|[from] ability: Drought|[of] p1a: arda guler
|move|p2a: Squidward?|Toxic|p1a: arda guler
|-status|p1a: arda guler|tox
|
|-weather|SunnyDay|[upkeep]
|-damage|p1a: arda guler|77/100 tox|[from] psn
|upkeep
|turn|18
|
|t:|1769298312
|switch|p2a: him|Dragonite, M|100/100
|-damage|p2a: him|76/100|[from] Stealth Rock
|move|p1a: arda guler|Flamethrower|p2a: him
|-resisted|p2a: him
|-damage|p2a: him|54/100
|
|-weather|SunnyDay|[upkeep]
|-heal|p2a: him|60/100|[from] item: Leftovers
|-damage|p1a: arda guler|65/100 tox|[from] psn
|upkeep
|turn|19
|
|t:|1769298318
|switch|p1a: mignolet|Great Tusk|88/100
|-activate|p1a: mignolet|ability: Protosynthesis
|-start|p1a: mignolet|protosynthesisspe
|move|p2a: him|Dragon Dance|p2a: him
|-boost|p2a: him|atk|1
|-boost|p2a: him|spe|1
|
|-weather|SunnyDay|[upkeep]
|-heal|p2a: him|66/100|[from] item: Leftovers
|upkeep
|turn|20
|
|t:|1769298329
|move|p1a: mignolet|Ice Spinner|p2a: him
|-supereffective|p2a: him
|-damage|p2a: him|0 fnt
|faint|p2a: him
|
|-weather|SunnyDay|[upkeep]
|upkeep
|
|t:|1769298332
|switch|p2a: Fair and Balanced|Alomomola, M|100/100 par
|turn|21
|
|t:|1769298339
|-end|p1a: mignolet|Protosynthesis|[silent]
|switch|p1a: maccabi|Hatterene, F|72/100
|move|p2a: Fair and Balanced|Healing Wish|p2a: Fair and Balanced
|faint|p2a: Fair and Balanced
|
|-weather|SunnyDay|[upkeep]
|upkeep
|
|t:|1769298342
|switch|p2a: why|Cresselia, F, shiny, tera:Poison|47/100 par
|-heal|p2a: why|100/100|[from] move: Healing Wish
|-damage|p2a: why|88/100|[from] Stealth Rock
|turn|22
|
|t:|1769298346
|switch|p2a: Squidward?|Toedscruel, M|65/100
|move|p1a: maccabi|Psychic Noise|p2a: Squidward?
|-damage|p2a: Squidward?|32/100
|-start|p2a: Squidward?|move: Heal Block
|
|-weather|SunnyDay|[upkeep]
|upkeep
|turn|23
|
|t:|1769298355
|move|p1a: maccabi|Dazzling Gleam|p2a: Squidward?
|-damage|p2a: Squidward?|0 fnt
|faint|p2a: Squidward?
|
|-weather|SunnyDay|[upkeep]
|upkeep
|
|t:|1769298357
|switch|p2a: why|Cresselia, F, shiny, tera:Poison|88/100
|-damage|p2a: why|76/100|[from] Stealth Rock
|turn|24
|
|t:|1769298361
|move|p2a: why|Calm Mind|p2a: why
|-boost|p2a: why|spa|1
|-boost|p2a: why|spd|1
|move|p1a: maccabi|Nuzzle|p2a: why
|-damage|p2a: why|73/100
|-status|p2a: why|par
|
|-weather|none
|-heal|p2a: why|80/100 par|[from] item: Leftovers
|upkeep
|turn|25
|
|t:|1769298364
|switch|p1a: arda guler|Ninetales, M|65/100 tox
|-weather|SunnyDay|[from] ability: Drought|[of] p1a: arda guler
|cant|p2a: why|par
|
|-weather|SunnyDay|[upkeep]
|-heal|p2a: why|86/100 par|[from] item: Leftovers
|-damage|p1a: arda guler|59/100 tox|[from] psn
|upkeep
|turn|26
|
|t:|1769298371
|move|p1a: arda guler|Encore|p2a: why
|-start|p2a: why|Encore
|move|p2a: why|Calm Mind|p2a: why
|-boost|p2a: why|spa|1
|-boost|p2a: why|spd|1
|
|-weather|SunnyDay|[upkeep]
|-heal|p2a: why|92/100 par|[from] item: Leftovers
|-damage|p1a: arda guler|47/100 tox|[from] psn
|upkeep
|turn|27
|
|t:|1769298374
|switch|p1a: chama|Walking Wake|100/100
|-activate|p1a: chama|ability: Protosynthesis
|-start|p1a: chama|protosynthesisspa
|move|p2a: why|Calm Mind|p2a: why
|-boost|p2a: why|spa|1
|-boost|p2a: why|spd|1
|
|-weather|SunnyDay|[upkeep]
|-heal|p2a: why|98/100 par|[from] item: Leftovers
|upkeep
|turn|28
|
|t:|1769298379
|-terastallize|p1a: chama|Water
|move|p1a: chama|Hydro Steam|p2a: why
|-damage|p2a: why|49/100 par
|move|p2a: why|Calm Mind|p2a: why
|-boost|p2a: why|spa|1
|-boost|p2a: why|spd|1
|
|-weather|SunnyDay|[upkeep]
|-heal|p2a: why|55/100 par|[from] item: Leftovers
|-end|p2a: why|Encore
|upkeep
|turn|29
|
|t:|1769298385
|move|p1a: chama|Hydro Steam|p2a: why
|-damage|p2a: why|16/100 par
|cant|p2a: why|par
|
|-weather|SunnyDay|[upkeep]
|-heal|p2a: why|22/100 par|[from] item: Leftovers
|upkeep
|turn|30
|
|t:|1769298389
|move|p1a: chama|Hydro Steam|p2a: why
|-damage|p2a: why|0 fnt
|faint|p2a: why
|
|-weather|SunnyDay|[upkeep]
|upkeep
|-message|ridlostar forfeited.
|
|win|yesterdaymister
|raw|yesterdaymister's rating: 1786 &rarr; <strong>1805</strong><br />(+19 for winning)
|raw|ridlostar's rating: 1772 &rarr; <strong>1753</strong><br />(-19 for losing)
|l|☆ridlostar
|player|p2|
|l|☆yesterdaymister
|player|p1|
