|j|☆Salocin99
|j|☆freshaccc
|t:|1769297725
|gametype|singles
|player|p1|Salocin99|169|1173
|player|p2|freshaccc|102|1207
|gen|9
|tier|[Gen 9] OU
|rated|
|rule|HP Percentage Mod: HP is shown in percentages
|rule|Endless Battle Clause: Forcing endless battles is banned
|rule|Species Clause: Limit one of each Pokémon
|rule|OHKO Clause: OHKO moves are banned
|rule|Evasion Items Clause: Evasion items are banned
|rule|Evasion Moves Clause: Evasion moves are banned
|rule|Evasion Abilities Clause: Evasion abilities are banned
|rule|Sleep Moves Clause: Sleep-inducing moves are banned
|clearpoke
|poke|p1|Hoopa-Unbound|
|poke|p1|Flygon, M|
|poke|p1|Meowstic, M|
|poke|p1|Thundurus-Therian, M|
|poke|p1|Avalugg, M|
|poke|p1|Conkeldurr, F|
|poke|p2|Dragonite, M|
|poke|p2|Gliscor, F|
|poke|p2|Zamazenta-*|
|poke|p2|Heatran, M|
|poke|p2|Clefable, F|
|poke|p2|Darkrai|
|teampreview
|
|t:|1769297735
|teamsize|p1|6
|teamsize|p2|6
|start
|switch|p1a: Thundurus|Thundurus-Therian, M|100/100
|switch|p2a: Clefable|Clefable, F|100/100
|turn|1
|
|t:|1769297748
|move|p1a: Thundurus|Sludge Bomb|p2a: Clefable
|-supereffective|p2a: Clefable
|-damage|p2a: Clefable|9/100
|-status|p2a: Clefable|psn
|move|p2a: Clefable|Stealth Rock|p1a: Thundurus
|-sidestart|p1: Salocin99|move: Stealth Rock
|
|upkeep
|turn|2
|
|t:|1769297754
|switch|p2a: Gliscor|Gliscor, F|100/100
|move|p1a: Thundurus|Sludge Bomb|p2a: Gliscor
|-resisted|p2a: Gliscor
|-damage|p2a: Gliscor|77/100
|-status|p2a: Gliscor|psn
|
|-heal|p2a: Gliscor|89/100 psn|[from] ability: Poison Heal
|upkeep
|turn|3
|
|t:|1769297761
|switch|p1a: Avalugg|Avalugg, M|100/100
|move|p2a: Gliscor|Swords Dance|p2a: Gliscor
|-boost|p2a: Gliscor|atk|2
|
|-heal|p2a: Gliscor|100/100 psn|[from] ability: Poison Heal
|upkeep
|turn|4
|
|t:|1769297767
|switch|p2a: Heatran|Heatran, M|100/100
|move|p1a: Avalugg|Rapid Spin|p2a: Heatran
|-resisted|p2a: Heatran
|-crit|p2a: Heatran
|-damage|p2a: Heatran|92/100
|-boost|p1a: Avalugg|spe|1
|-sideend|p1: Salocin99|Stealth Rock|[from] move: Rapid Spin|[of] p1a: Avalugg
|
|-heal|p2a: Heatran|98/100|[from] item: Leftovers
|upkeep
|turn|5
|
|t:|1769297771
|move|p2a: Heatran|Magma Storm|p1a: Avalugg
|-supereffective|p1a: Avalugg
|-ability|p1a: Avalugg|Sturdy
|-damage|p1a: Avalugg|1/100
|-activate|p1a: Avalugg|move: Magma Storm|[of] p2a: Heatran
|move|p1a: Avalugg|Body Press|p2a: Heatran
|-supereffective|p2a: Heatran
|-damage|p2a: Heatran|18/100
|
|-heal|p2a: Heatran|24/100|[from] item: Leftovers
|-damage|p1a: Avalugg|0 fnt|[from] move: Magma Storm|[partiallytrapped]
|faint|p1a: Avalugg
|upkeep
|
|t:|1769297780
|switch|p1a: Conkeldurr|Conkeldurr, F|100/100
|turn|6
|
|t:|1769297785
|switch|p2a: Clefable|Clefable, F|9/100 psn
|move|p1a: Conkeldurr|Mach Punch|p2a: Clefable
|-resisted|p2a: Clefable
|-damage|p2a: Clefable|1/100 psn
|-damage|p1a: Conkeldurr|84/100|[from] item: Rocky Helmet|[of] p2a: Clefable
|
|-status|p1a: Conkeldurr|brn|[from] item: Flame Orb
|upkeep
|turn|7
|
|t:|1769297793
|move|p1a: Conkeldurr|Mach Punch|p2a: Clefable
|-resisted|p2a: Clefable
|-damage|p2a: Clefable|0 fnt
|-damage|p1a: Conkeldurr|67/100 brn|[from] item: Rocky Helmet|[of] p2a: Clefable
|faint|p2a: Clefable
|
|-damage|p1a: Conkeldurr|61/100 brn|[from] brn
|upkeep
|
|t:|1769297802
|switch|p2a: Zamazenta|Zamazenta|100/100
|-ability|p2a: Zamazenta|Dauntless Shield|boost
|-boost|p2a: Zamazenta|def|1
|turn|8
|
|t:|1769297824
|move|p2a: Zamazenta|Close Combat|p1a: Conkeldurr
|-damage|p1a: Conkeldurr|7/100 brn
|-unboost|p2a: Zamazenta|def|1
|-unboost|p2a: Zamazenta|spd|1
|move|p1a: Conkeldurr|Drain Punch|p2a: Zamazenta
|-damage|p2a: Zamazenta|36/100
|-heal|p1a: Conkeldurr|33/100 brn|[from] drain|[of] p2a: Zamazenta
|
|-damage|p1a: Conkeldurr|27/100 brn|[from] brn
|upkeep
|turn|9
|
|t:|1769297833
|move|p1a: Conkeldurr|Mach Punch|p2a: Zamazenta
|-damage|p2a: Zamazenta|3/100
|move|p2a: Zamazenta|Close Combat|p1a: Conkeldurr
|-damage|p1a: Conkeldurr|0 fnt
|-unboost|p2a: Zamazenta|def|1
|-unboost|p2a: Zamazenta|spd|1
|faint|p1a: Conkeldurr
|
|upkeep
|
|t:|1769297840
|switch|p1a: Meowstic|Meowstic, M|100/100
|turn|10
|
|t:|1769297849
|switch|p2a: Gliscor|Gliscor, F|100/100 psn
|move|p1a: Meowstic|Psychic Noise|p2a: Gliscor
|-damage|p2a: Gliscor|80/100 psn
|-start|p2a: Gliscor|move: Heal Block
|
|upkeep
|turn|11
|
|t:|1769297856
|switch|p2a: Darkrai|Darkrai|100/100
|move|p1a: Meowstic|Psychic Noise|p2a: Darkrai
|-immune|p2a: Darkrai
|
|upkeep
|turn|12
|
|t:|1769297859
|move|p1a: Meowstic|Light Screen|p1a: Meowstic
|-sidestart|p1: Salocin99|move: Light Screen
|move|p2a: Darkrai|Dark Pulse|p1a: Meowstic
|-supereffective|p1a: Meowstic
|-crit|p1a: Meowstic
|-damage|p1a: Meowstic|4/100
|
|upkeep
|turn|13
|
|t:|1769297878
|move|p1a: Meowstic|Reflect|p1a: Meowstic
|-sidestart|p1: Salocin99|Reflect
|move|p2a: Darkrai|Dark Pulse|p1a: Meowstic
|-supereffective|p1a: Meowstic
|-damage|p1a: Meowstic|0 fnt
|faint|p1a: Meowstic
|
|upkeep
|
|t:|1769297893
|switch|p1a: Flygon|Flygon, M|100/100
|turn|14
|
|t:|1769297902
|switch|p2a: Gliscor|Gliscor, F|80/100 psn
|move|p1a: Flygon|Dragon Dance|p1a: Flygon
|-boost|p1a: Flygon|atk|1
|-boost|p1a: Flygon|spe|1
|
|-heal|p2a: Gliscor|92/100 psn|[from] ability: Poison Heal
|upkeep
|turn|15
|
|t:|1769297907
|move|p1a: Flygon|Dragon Dance|p1a: Flygon
|-boost|p1a: Flygon|atk|1
|-boost|p1a: Flygon|spe|1
|move|p2a: Gliscor|Ice Fang|p1a: Flygon
|-supereffective|p1a: Flygon
|-damage|p1a: Flygon|64/100
|
|-heal|p2a: Gliscor|100/100 psn|[from] ability: Poison Heal
|upkeep
|turn|16
|
|t:|1769297917
|move|p1a: Flygon|Outrage|p2a: Gliscor
|-damage|p2a: Gliscor|0 fnt
|faint|p2a: Gliscor
|-damage|p1a: Flygon|54/100|[from] item: Life Orb
|
|upkeep
|
|t:|1769297923
|switch|p2a: Darkrai|Darkrai|100/100
|turn|17
|
|t:|1769297925
|move|p1a: Flygon|Outrage|p2a: Darkrai|[from] lockedmove
|-damage|p2a: Darkrai|0 fnt
|faint|p2a: Darkrai
|-damage|p1a: Flygon|44/100|[from] item: Life Orb
|-start|p1a: Flygon|confusion|[fatigue]
|
|upkeep
|-message|freshaccc forfeited.
|
|win|Salocin99
|raw|Salocin99's rating: 1173 &rarr; <strong>1200</strong><br />(+27 for winning)
|raw|freshaccc's rating: 1207 &rarr; <strong>1180</strong><br />(-27 for losing)
|l|☆freshaccc
|player|p2|
|l|☆Salocin99
|player|p1|
