|j|☆swappy
|j|☆Leap Call
|t:|1769348243
|gametype|singles
|player|p1|swappy|pokemaniac|1505
|player|p2|Leap Call|169|1504
|gen|9
|tier|[Gen 9] OU
|rated|
|rule|HP Percentage Mod: HP is shown in percentages
|rule|Endless Battle Clause: Forcing endless battles is banned
|rule|Species Clause: Limit one of each Pokémon
|rule|OHKO Clause: OHKO moves are banned
|rule|Evasion Items Clause: Evasion items are banned
|rule|Evasion Moves Clause: Evasion moves are banned
|rule|Evasion Abilities Clause: Evasion abilities are banned
|rule|Sleep Moves Clause: Sleep-inducing moves are banned
|clearpoke
|poke|p1|Primarina, M|
|poke|p1|Torkoal, F|
|poke|p1|Great Tusk|
|poke|p1|Scizor, F|
|poke|p1|Arcanine-Hisui, M|
|poke|p1|Walking Wake|
|poke|p2|Cinderace, M|
|poke|p2|Lokix, M|
|poke|p2|Corviknight, F|
|poke|p2|Garganacl, M|
|poke|p2|Dragapult, M|
|poke|p2|Excadrill, F|
|teampreview
|inactive|Battle timer is ON: inactive players will automatically lose when time's up. (requested by swappy)
|
|t:|1769348275
|teamsize|p1|6
|teamsize|p2|6
|start
|switch|p1a: Great Tusk|Great Tusk|100/100
|switch|p2a: Excadycadcad|Excadrill, F|100/100
|-ability|p2a: Excadycadcad|Mold Breaker
|-item|p2a: Excadycadcad|Air Balloon
|turn|1
|
|t:|1769348291
|switch|p2a: Kniggit|Corviknight, F|100/100
|move|p1a: Great Tusk|Stone Edge|p2a: Kniggit
|-damage|p2a: Kniggit|77/100
|
|upkeep
|turn|2
|
|t:|1769348301
|move|p1a: Great Tusk|Stone Edge|p2a: Kniggit
|-damage|p2a: Kniggit|56/100
|move|p2a: Kniggit|Iron Defense|p2a: Kniggit
|-boost|p2a: Kniggit|def|2
|
|upkeep
|turn|3
|
|t:|1769348311
|-end|p1a: Great Tusk|Protosynthesis|[silent]
|switch|p1a: Walking Wake|Walking Wake|100/100
|move|p2a: Kniggit|Roost|p2a: Kniggit
|-heal|p2a: Kniggit|100/100
|-singleturn|p2a: Kniggit|move: Roost
|
|upkeep
|turn|4
|
|t:|1769348316
|move|p1a: Walking Wake|Flamethrower|p2a: Kniggit
|-supereffective|p2a: Kniggit
|-damage|p2a: Kniggit|11/100
|move|p2a: Kniggit|Body Press|p1a: Walking Wake
|-damage|p1a: Walking Wake|41/100
|
|upkeep
|turn|5
|
|t:|1769348330
|switch|p2a: Ejac|Dragapult, M, shiny|100/100
|move|p1a: Walking Wake|Flamethrower|p2a: Ejac
|-resisted|p2a: Ejac
|-damage|p2a: Ejac|67/100
|
|upkeep
|turn|6
|
|t:|1769348348
|-end|p1a: Walking Wake|Protosynthesis|[silent]
|switch|p1a: Great Tusk|Great Tusk|100/100
|move|p2a: Ejac|Shadow Ball|p1a: Great Tusk
|-damage|p1a: Great Tusk|58/100
|-damage|p2a: Ejac|57/100|[from] item: Life Orb
|
|upkeep
|turn|7
|
|t:|1769348361
|move|p2a: Ejac|Draco Meteor|p1a: Great Tusk
|-damage|p1a: Great Tusk|0 fnt
|-unboost|p2a: Ejac|spa|2
|faint|p1a: Great Tusk
|-end|p1a: Great Tusk|Protosynthesis|[silent]
|-damage|p2a: Ejac|48/100|[from] item: Life Orb
|
|upkeep
|
|t:|1769348365
|switch|p1a: Primarina|Primarina, M|100/100
|turn|8
|
|t:|1769348376
|switch|p2a: Soul of Cinder|Cinderace, M|100/100
|move|p1a: Primarina|Substitute|p1a: Primarina
|-start|p1a: Primarina|Substitute
|-damage|p1a: Primarina|75/100
|
|-heal|p1a: Primarina|82/100|[from] item: Leftovers
|upkeep
|turn|9
|
|t:|1769348384
|move|p2a: Soul of Cinder|Gunk Shot|p1a: Primarina
|-start|p2a: Soul of Cinder|typechange|Poison|[from] ability: Libero
|-supereffective|p1a: Primarina
|-end|p1a: Primarina|Substitute
|move|p1a: Primarina|Surf|p2a: Soul of Cinder
|-damage|p2a: Soul of Cinder|41/100
|
|-heal|p1a: Primarina|88/100|[from] item: Leftovers
|upkeep
|turn|10
|
|t:|1769348397
|switch|p1a: Arcanine|Arcanine-Hisui, M|100/100
|move|p2a: Soul of Cinder|Gunk Shot|p1a: Arcanine|[miss]
|-miss|p2a: Soul of Cinder|p1a: Arcanine
|
|upkeep
|turn|11
|inactive|Leap Call has 120 seconds left.
|inactive|Leap Call has 90 seconds left.
|
|t:|1769348459
|switch|p2a: Excadycadcad|Excadrill, F|100/100
|-ability|p2a: Excadycadcad|Mold Breaker
|-item|p2a: Excadycadcad|Air Balloon
|move|p1a: Arcanine|Flare Blitz|p2a: Excadycadcad
|-supereffective|p2a: Excadycadcad
|-damage|p2a: Excadycadcad|0 fnt
|-enditem|p2a: Excadycadcad|Air Balloon
|faint|p2a: Excadycadcad
|
|upkeep
|
|t:|1769348463
|switch|p2a: Gargle|Garganacl, M|100/100
|turn|12
|
|t:|1769348470
|switch|p1a: Scizor|Scizor, F|100/100
|-terastallize|p2a: Gargle|Water
|move|p2a: Gargle|Curse|p2a: Gargle
|-unboost|p2a: Gargle|spe|1
|-boost|p2a: Gargle|atk|1
|-boost|p2a: Gargle|def|1
|
|upkeep
|turn|13
|
|t:|1769348476
|move|p1a: Scizor|U-turn|p2a: Gargle
|-damage|p2a: Gargle|72/100
|
|t:|1769348482
|switch|p1a: Primarina|Primarina, M|88/100|[from] U-turn
|move|p2a: Gargle|Salt Cure|p1a: Primarina
|-damage|p1a: Primarina|72/100
|-start|p1a: Primarina|Salt Cure
|
|-heal|p1a: Primarina|78/100|[from] item: Leftovers
|-heal|p2a: Gargle|78/100|[from] item: Leftovers
|-damage|p1a: Primarina|53/100|[from] Salt Cure
|upkeep
|turn|14
|
|t:|1769348488
|move|p1a: Primarina|Calm Mind|p1a: Primarina
|-boost|p1a: Primarina|spa|1
|-boost|p1a: Primarina|spd|1
|move|p2a: Gargle|Curse|p2a: Gargle
|-unboost|p2a: Gargle|spe|1
|-boost|p2a: Gargle|atk|1
|-boost|p2a: Gargle|def|1
|
|-heal|p1a: Primarina|59/100|[from] item: Leftovers
|-heal|p2a: Gargle|85/100|[from] item: Leftovers
|-damage|p1a: Primarina|34/100|[from] Salt Cure
|upkeep
|turn|15
|
|t:|1769348492
|move|p1a: Primarina|Draining Kiss|p2a: Gargle
|-damage|p2a: Gargle|66/100
|-heal|p1a: Primarina|49/100|[from] drain|[of] p2a: Gargle
|move|p2a: Gargle|Earthquake|p1a: Primarina
|-damage|p1a: Primarina|18/100
|
|-heal|p1a: Primarina|24/100|[from] item: Leftovers
|-heal|p2a: Gargle|72/100|[from] item: Leftovers
|-damage|p1a: Primarina|0 fnt|[from] Salt Cure
|faint|p1a: Primarina
|upkeep
|
|t:|1769348501
|switch|p1a: Walking Wake|Walking Wake|41/100
|turn|16
|
|t:|1769348504
|move|p1a: Walking Wake|Draco Meteor|p2a: Gargle
|-damage|p2a: Gargle|4/100
|-unboost|p1a: Walking Wake|spa|2
|move|p2a: Gargle|Recover|p2a: Gargle
|-heal|p2a: Gargle|54/100
|
|-heal|p2a: Gargle|60/100|[from] item: Leftovers
|upkeep
|turn|17
|
|t:|1769348509
|-end|p1a: Walking Wake|Protosynthesis|[silent]
|switch|p1a: Scizor|Scizor, F|100/100
|move|p2a: Gargle|Recover|p2a: Gargle
|-heal|p2a: Gargle|100/100
|
|upkeep
|turn|18
|
|t:|1769348517
|move|p1a: Scizor|Knock Off|p2a: Gargle
|-damage|p2a: Gargle|80/100
|-enditem|p2a: Gargle|Leftovers|[from] move: Knock Off|[of] p1a: Scizor
|move|p2a: Gargle|Salt Cure|p1a: Scizor
|-damage|p1a: Scizor|75/100
|-start|p1a: Scizor|Salt Cure
|
|-damage|p1a: Scizor|50/100|[from] Salt Cure
|upkeep
|turn|19
|
|t:|1769348534
|switch|p1a: Walking Wake|Walking Wake|41/100
|move|p2a: Gargle|Curse|p2a: Gargle
|-unboost|p2a: Gargle|spe|1
|-boost|p2a: Gargle|atk|1
|-boost|p2a: Gargle|def|1
|
|upkeep
|turn|20
|
|t:|1769348536
|move|p1a: Walking Wake|Draco Meteor|p2a: Gargle
|-damage|p2a: Gargle|17/100
|-unboost|p1a: Walking Wake|spa|2
|move|p2a: Gargle|Recover|p2a: Gargle
|-heal|p2a: Gargle|67/100
|
|upkeep
|turn|21
|
|t:|1769348546
|-end|p1a: Walking Wake|Protosynthesis|[silent]
|switch|p1a: Arcanine|Arcanine-Hisui, M|100/100
|move|p2a: Gargle|Earthquake|p1a: Arcanine
|-supereffective|p1a: Arcanine
|-damage|p1a: Arcanine|0 fnt
|faint|p1a: Arcanine
|
|upkeep
|
|t:|1769348552
|switch|p1a: Walking Wake|Walking Wake|41/100
|turn|22
|
|t:|1769348555
|move|p1a: Walking Wake|Draco Meteor|p2a: Gargle
|-damage|p2a: Gargle|6/100
|-unboost|p1a: Walking Wake|spa|2
|move|p2a: Gargle|Recover|p2a: Gargle
|-heal|p2a: Gargle|56/100
|
|upkeep
|turn|23
|
|t:|1769348559
|-end|p1a: Walking Wake|Protosynthesis|[silent]
|switch|p1a: Scizor|Scizor, F|50/100
|move|p2a: Gargle|Recover|p2a: Gargle
|-heal|p2a: Gargle|100/100
|
|upkeep
|turn|24
|
|t:|1769348565
|move|p1a: Scizor|Close Combat|p2a: Gargle
|-damage|p2a: Gargle|81/100
|-unboost|p1a: Scizor|def|1
|-unboost|p1a: Scizor|spd|1
|move|p2a: Gargle|Salt Cure|p1a: Scizor
|-damage|p1a: Scizor|1/100
|-start|p1a: Scizor|Salt Cure
|
|-damage|p1a: Scizor|0 fnt|[from] Salt Cure
|faint|p1a: Scizor
|upkeep
|
|t:|1769348569
|switch|p1a: Torkoal|Torkoal, F|100/100
|-weather|SunnyDay|[from] ability: Drought|[of] p1a: Torkoal
|turn|25
|
|t:|1769348575
|move|p1a: Torkoal|Stealth Rock|p2a: Gargle
|-sidestart|p2: Leap Call|move: Stealth Rock
|move|p2a: Gargle|Salt Cure|p1a: Torkoal
|-supereffective|p1a: Torkoal
|-damage|p1a: Torkoal|64/100
|-start|p1a: Torkoal|Salt Cure
|
|-weather|SunnyDay|[upkeep]
|-damage|p1a: Torkoal|52/100|[from] Salt Cure
|upkeep
|turn|26
|
|t:|1769348585
|move|p1a: Torkoal|Overheat|p2a: Gargle
|-resisted|p2a: Gargle
|-damage|p2a: Gargle|61/100
|-unboost|p1a: Torkoal|spa|2
|move|p2a: Gargle|Earthquake|p1a: Torkoal
|-supereffective|p1a: Torkoal
|-damage|p1a: Torkoal|0 fnt
|faint|p1a: Torkoal
|
|-weather|SunnyDay|[upkeep]
|upkeep
|
|t:|1769348589
|switch|p1a: Walking Wake|Walking Wake|41/100
|-activate|p1a: Walking Wake|ability: Protosynthesis
|-start|p1a: Walking Wake|protosynthesisspe
|turn|27
|
|t:|1769348596
|move|p1a: Walking Wake|Dragon Pulse|p2a: Gargle
|-damage|p2a: Gargle|16/100
|move|p2a: Gargle|Earthquake|p1a: Walking Wake
|-damage|p1a: Walking Wake|0 fnt
|faint|p1a: Walking Wake
|-end|p1a: Walking Wake|Protosynthesis|[silent]
|
|win|Leap Call
|raw|swappy's rating: 1505 &rarr; <strong>1485</strong><br />(-20 for losing)
|raw|Leap Call's rating: 1504 &rarr; <strong>1524</strong><br />(+20 for winning)
|l|☆swappy
|player|p1|
|l|☆Leap Call
|player|p2|
