|j|☆do bronx aarone
|j|☆banjin
|t:|1769398312
|gametype|singles
|player|p1|do bronx aarone|102|1390
|player|p2|banjin|beauty-gen6xy|1358
|gen|9
|tier|[Gen 9] OU
|rated|
|rule|HP Percentage Mod: HP is shown in percentages
|rule|Endless Battle Clause: Forcing endless battles is banned
|rule|Species Clause: Limit one of each Pokémon
|rule|OHKO Clause: OHKO moves are banned
|rule|Evasion Items Clause: Evasion items are banned
|rule|Evasion Moves Clause: Evasion moves are banned
|rule|Evasion Abilities Clause: Evasion abilities are banned
|rule|Sleep Moves Clause: Sleep-inducing moves are banned
|clearpoke
|poke|p1|Latios, M|
|poke|p1|Zapdos|
|poke|p1|Ting-Lu|
|poke|p1|Pecharunt|
|poke|p1|Great Tusk|
|poke|p1|Scizor, F|
|poke|p2|Minior-Blue|
|poke|p2|Lokix, F|
|poke|p2|Thundurus-Therian, M|
|poke|p2|Muk-Alola, F|
|poke|p2|Emboar, F|
|poke|p2|Ditto|
|teampreview
|inactive|Battle timer is ON: inactive players will automatically lose when time's up. (requested by banjin)
|
|t:|1769398323
|teamsize|p1|6
|teamsize|p2|6
|start
|switch|p1a: Scizor|Scizor, F|100/100
|switch|p2a: Paws|Thundurus-Therian, M|100/100
|turn|1
|
|t:|1769398332
|switch|p1a: Ting-Lu|Ting-Lu|100/100
|-ability|p1a: Ting-Lu|Vessel of Ruin
|move|p2a: Paws|Nasty Plot|p2a: Paws
|-boost|p2a: Paws|spa|2
|
|upkeep
|turn|2
|
|t:|1769398342
|-terastallize|p2a: Paws|Grass
|move|p2a: Paws|Grass Knot|p1a: Ting-Lu
|-supereffective|p1a: Ting-Lu
|-damage|p1a: Ting-Lu|0 fnt
|faint|p1a: Ting-Lu
|
|upkeep
|
|t:|1769398350
|switch|p1a: Zapdos|Zapdos|100/100
|turn|3
|
|t:|1769398353
|move|p2a: Paws|Thunderbolt|p1a: Zapdos
|-damage|p1a: Zapdos|0 fnt
|faint|p1a: Zapdos
|
|upkeep
|
|t:|1769398360
|switch|p1a: Latios|Latios, M|100/100
|turn|4
|
|t:|1769398364
|move|p1a: Latios|Draco Meteor|p2a: Paws
|-enditem|p2a: Paws|Focus Sash
|-damage|p2a: Paws|1/100
|-unboost|p1a: Latios|spa|2
|move|p2a: Paws|Thunderbolt|p1a: Latios
|-resisted|p1a: Latios
|-damage|p1a: Latios|43/100
|
|upkeep
|turn|5
|
|t:|1769398376
|switch|p2a: Beppo|Muk-Alola, F|100/100
|move|p1a: Latios|Draco Meteor|p2a: Beppo|[miss]
|-miss|p1a: Latios|p2a: Beppo
|
|upkeep
|turn|6
|
|t:|1769398388
|switch|p1a: Scizor|Scizor, F|100/100
|move|p2a: Beppo|Knock Off|p1a: Scizor
|-damage|p1a: Scizor|56/100
|-enditem|p1a: Scizor|Choice Band|[from] move: Knock Off|[of] p2a: Beppo
|
|upkeep
|turn|7
|
|t:|1769398401
|move|p1a: Scizor|Bullet Punch|p2a: Beppo
|-damage|p2a: Beppo|64/100
|move|p2a: Beppo|Knock Off|p1a: Scizor
|-damage|p1a: Scizor|26/100
|
|upkeep
|turn|8
|
|t:|1769398409
|move|p1a: Scizor|U-turn|p2a: Beppo
|-damage|p2a: Beppo|21/100
|
|t:|1769398414
|switch|p1a: Great Tusk|Great Tusk|100/100|[from] U-turn
|move|p2a: Beppo|Knock Off|p1a: Great Tusk
|-resisted|p1a: Great Tusk
|-damage|p1a: Great Tusk|89/100
|-damage|p2a: Beppo|5/100|[from] item: Rocky Helmet|[of] p1a: Great Tusk
|-enditem|p1a: Great Tusk|Rocky Helmet|[from] move: Knock Off|[of] p2a: Beppo
|
|upkeep
|turn|9
|-activate|p2a: Beppo|item: Quick Claw
|
|t:|1769398426
|move|p2a: Beppo|Shadow Sneak|p1a: Great Tusk
|-damage|p1a: Great Tusk|83/100
|move|p1a: Great Tusk|Rapid Spin|p2a: Beppo
|-damage|p2a: Beppo|0 fnt
|-boost|p1a: Great Tusk|spe|1
|faint|p2a: Beppo
|
|upkeep
|
|t:|1769398441
|switch|p2a: Mr. Brightside|Minior-Blue|100/100
|-formechange|p2a: Mr. Brightside|Minior-Meteor||[from] ability: Shields Down
|turn|10
|
|t:|1769398450
|move|p1a: Great Tusk|Ice Spinner|p2a: Mr. Brightside
|-supereffective|p2a: Mr. Brightside
|-damage|p2a: Mr. Brightside|41/100
|move|p2a: Mr. Brightside|Shell Smash|p2a: Mr. Brightside
|-unboost|p2a: Mr. Brightside|def|1
|-unboost|p2a: Mr. Brightside|spd|1
|-boost|p2a: Mr. Brightside|atk|2
|-boost|p2a: Mr. Brightside|spa|2
|-boost|p2a: Mr. Brightside|spe|2
|-enditem|p2a: Mr. Brightside|White Herb
|-clearnegativeboost|p2a: Mr. Brightside|[silent]
|
|-formechange|p2a: Mr. Brightside|Minior-Blue||[from] ability: Shields Down
|upkeep
|turn|11
|
|t:|1769398464
|-terastallize|p1a: Great Tusk|Steel
|move|p2a: Mr. Brightside|Substitute|p2a: Mr. Brightside
|-start|p2a: Mr. Brightside|Substitute
|-damage|p2a: Mr. Brightside|16/100
|move|p1a: Great Tusk|Ice Spinner|p2a: Mr. Brightside
|-supereffective|p2a: Mr. Brightside
|-end|p2a: Mr. Brightside|Substitute
|
|upkeep
|turn|12
|
|t:|1769398474
|move|p2a: Mr. Brightside|Earthquake|p1a: Great Tusk
|-supereffective|p1a: Great Tusk
|-damage|p1a: Great Tusk|26/100
|move|p1a: Great Tusk|Rapid Spin|p2a: Mr. Brightside
|-resisted|p2a: Mr. Brightside
|-damage|p2a: Mr. Brightside|2/100
|-boost|p1a: Great Tusk|spe|1
|
|upkeep
|turn|13
|
|t:|1769398488
|move|p2a: Mr. Brightside|Earthquake|p1a: Great Tusk
|-supereffective|p1a: Great Tusk
|-damage|p1a: Great Tusk|0 fnt
|faint|p1a: Great Tusk
|-end|p1a: Great Tusk|Protosynthesis|[silent]
|
|upkeep
|
|t:|1769398494
|switch|p1a: Scizor|Scizor, F|26/100
|turn|14
|
|t:|1769398500
|switch|p2a: Dragmire|Emboar, F, shiny|100/100
|move|p1a: Scizor|Bullet Punch|p2a: Dragmire
|-resisted|p2a: Dragmire
|-damage|p2a: Dragmire|77/100
|
|upkeep
|turn|15
|
|t:|1769398512
|switch|p1a: Pecharunt|Pecharunt|100/100
|-item|p1a: Pecharunt|Air Balloon
|move|p2a: Dragmire|Flare Blitz|p1a: Pecharunt
|-damage|p1a: Pecharunt|65/100
|-enditem|p1a: Pecharunt|Air Balloon
|-damage|p2a: Dragmire|64/100|[from] Recoil
|
|upkeep
|turn|16
|
|t:|1769398521
|move|p2a: Dragmire|Flare Blitz|p1a: Pecharunt
|-damage|p1a: Pecharunt|32/100
|-damage|p2a: Dragmire|53/100|[from] Recoil
|move|p1a: Pecharunt|Malignant Chain|p2a: Dragmire
|-damage|p2a: Dragmire|11/100
|
|upkeep
|turn|17
|
|t:|1769398530
|move|p2a: Dragmire|Flare Blitz|p1a: Pecharunt
|-damage|p1a: Pecharunt|0 fnt
|faint|p1a: Pecharunt
|-damage|p2a: Dragmire|0 fnt|[from] Recoil
|faint|p2a: Dragmire
|
|upkeep
|
|t:|1769398545
|switch|p2a: Katy|Lokix, F|100/100
|switch|p1a: Scizor|Scizor, F|26/100
|turn|18
|
|t:|1769398551
|move|p2a: Katy|First Impression|p1a: Scizor
|-resisted|p1a: Scizor
|-damage|p1a: Scizor|0 fnt
|faint|p1a: Scizor
|
|upkeep
|
|t:|1769398557
|switch|p1a: Latios|Latios, M|43/100
|turn|19
|
|t:|1769398574
|switch|p2a: Mr. Brightside|Minior-Blue|2/100
|move|p1a: Latios|Draco Meteor|p2a: Mr. Brightside
|-damage|p2a: Mr. Brightside|0 fnt
|-unboost|p1a: Latios|spa|2
|faint|p2a: Mr. Brightside
|
|upkeep
|
|t:|1769398581
|switch|p2a: Paws|Thundurus-Therian, M, tera:Grass|1/100
|turn|20
|
|t:|1769398585
|move|p1a: Latios|Draco Meteor|p2a: Paws
|-damage|p2a: Paws|0 fnt
|-unboost|p1a: Latios|spa|2
|faint|p2a: Paws
|
|upkeep
|
|t:|1769398589
|switch|p2a: Katy|Lokix, F|100/100
|turn|21
|
|t:|1769398593
|move|p2a: Katy|First Impression|p1a: Latios
|-supereffective|p1a: Latios
|-damage|p1a: Latios|0 fnt
|faint|p1a: Latios
|
|win|banjin
|raw|do bronx aarone's rating: 1390 &rarr; <strong>1368</strong><br />(-22 for losing)
|raw|banjin's rating: 1358 &rarr; <strong>1380</strong><br />(+22 for winning)
|c|☆banjin|gg
|l|☆do bronx aarone
|player|p1|
|l|☆banjin
|player|p2|
