|j|☆MadHaven
|j|☆girantina87000
|t:|1769440057
|gametype|singles
|player|p1|MadHaven|266|1162
|player|p2|girantina87000|101|1146
|gen|9
|tier|[Gen 9] OU
|rated|
|rule|HP Percentage Mod: HP is shown in percentages
|rule|Endless Battle Clause: Forcing endless battles is banned
|rule|Species Clause: Limit one of each Pokémon
|rule|OHKO Clause: OHKO moves are banned
|rule|Evasion Items Clause: Evasion items are banned
|rule|Evasion Moves Clause: Evasion moves are banned
|rule|Evasion Abilities Clause: Evasion abilities are banned
|rule|Sleep Moves Clause: Sleep-inducing moves are banned
|clearpoke
|poke|p1|Clefable, M|
|poke|p1|Tyranitar, F|
|poke|p1|Corviknight, F|
|poke|p1|Excadrill, M|
|poke|p1|Iron Crown|
|poke|p1|Ogerpon-Wellspring, F|
|poke|p2|Zapdos|
|poke|p2|Deoxys-Speed|
|poke|p2|Raging Bolt|
|poke|p2|Greninja-*, F|
|poke|p2|Dragapult, M|
|poke|p2|Pelipper, F|
|teampreview
|inactive|Battle timer is ON: inactive players will automatically lose when time's up. (requested by MadHaven)
|
|t:|1769440078
|teamsize|p1|6
|teamsize|p2|6
|start
|switch|p1a: Tyranitar|Tyranitar, F|100/100
|switch|p2a: Deoxys|Deoxys-Speed|100/100
|-ability|p2a: Deoxys|Pressure
|-weather|Sandstorm|[from] ability: Sand Stream|[of] p1a: Tyranitar
|turn|1
|
|t:|1769440086
|move|p2a: Deoxys|Stealth Rock|p1a: Tyranitar
|-sidestart|p1: MadHaven|move: Stealth Rock
|move|p1a: Tyranitar|Stealth Rock|p2a: Deoxys
|-sidestart|p2: girantina87000|move: Stealth Rock
|
|-weather|Sandstorm|[upkeep]
|-damage|p2a: Deoxys|94/100|[from] Sandstorm
|upkeep
|turn|2
|
|t:|1769440092
|move|p2a: Deoxys|Spikes|p1a: Tyranitar
|-sidestart|p1: MadHaven|Spikes
|move|p1a: Tyranitar|Knock Off|p2a: Deoxys
|-supereffective|p2a: Deoxys
|-damage|p2a: Deoxys|0 fnt
|-enditem|p2a: Deoxys|Focus Sash|[from] move: Knock Off|[of] p1a: Tyranitar
|faint|p2a: Deoxys
|
|-weather|Sandstorm|[upkeep]
|upkeep
|
|t:|1769440103
|switch|p2a: Pelipper|Pelipper, F|100/100
|-damage|p2a: Pelipper|75/100|[from] Stealth Rock
|-weather|RainDance|[from] ability: Drizzle|[of] p2a: Pelipper
|turn|3
|
|t:|1769440111
|switch|p1a: Ogerpon|Ogerpon-Wellspring, F|100/100
|-damage|p1a: Ogerpon|88/100|[from] Stealth Rock
|-damage|p1a: Ogerpon|76/100|[from] Spikes
|move|p2a: Pelipper|Surf|p1a: Ogerpon
|-heal|p1a: Ogerpon|100/100|[from] ability: Water Absorb|[of] p2a: Pelipper
|
|-weather|RainDance|[upkeep]
|upkeep
|turn|4
|
|t:|1769440136
|switch|p2a: Raging Bolt|Raging Bolt|100/100
|-damage|p2a: Raging Bolt|88/100|[from] Stealth Rock
|move|p1a: Ogerpon|Encore||[still]
|-fail|p1a: Ogerpon
|
|-weather|RainDance|[upkeep]
|upkeep
|turn|5
|
|t:|1769440155
|move|p1a: Ogerpon|U-turn|p2a: Raging Bolt
|-damage|p2a: Raging Bolt|66/100
|
|t:|1769440158
|switch|p1a: Excadrill|Excadrill, M|100/100|[from] U-turn
|-damage|p1a: Excadrill|97/100|[from] Stealth Rock
|-item|p1a: Excadrill|Air Balloon
|move|p2a: Raging Bolt|Thunder|p1a: Excadrill
|-immune|p1a: Excadrill
|
|-weather|RainDance|[upkeep]
|upkeep
|turn|6
|
|t:|1769440180
|-end|p2a: Raging Bolt|Protosynthesis|[silent]
|switch|p2a: Dragapult|Dragapult, M|100/100
|-damage|p2a: Dragapult|88/100|[from] Stealth Rock
|move|p1a: Excadrill|Rapid Spin|p2a: Dragapult
|-immune|p2a: Dragapult
|
|-weather|RainDance|[upkeep]
|upkeep
|turn|7
|
|t:|1769440189
|switch|p1a: Clefable|Clefable, M|100/100
|move|p2a: Dragapult|Will-O-Wisp|p1a: Clefable
|-status|p1a: Clefable|brn
|
|-weather|RainDance|[upkeep]
|upkeep
|turn|8
|inactive|girantina87000 has 120 seconds left.
|
|t:|1769440223
|switch|p2a: Greninja|Greninja, F|100/100
|-damage|p2a: Greninja|88/100|[from] Stealth Rock
|move|p1a: Clefable|Moonblast|p2a: Greninja
|-supereffective|p2a: Greninja
|-damage|p2a: Greninja|0 fnt
|faint|p2a: Greninja
|
|-weather|RainDance|[upkeep]
|upkeep
|
|t:|1769440239
|switch|p2a: Raging Bolt|Raging Bolt|66/100
|-damage|p2a: Raging Bolt|54/100|[from] Stealth Rock
|turn|9
|inactive|girantina87000 has 90 seconds left.
|
|t:|1769440259
|-terastallize|p2a: Raging Bolt|Electric
|move|p2a: Raging Bolt|Thunderclap|p1a: Clefable
|-damage|p1a: Clefable|29/100 brn
|-damage|p2a: Raging Bolt|44/100|[from] item: Life Orb
|move|p1a: Clefable|Moonblast|p2a: Raging Bolt
|-damage|p2a: Raging Bolt|1/100
|
|-weather|RainDance|[upkeep]
|upkeep
|turn|10
|
|t:|1769440271
|move|p1a: Clefable|Healing Wish|p1a: Clefable
|faint|p1a: Clefable
|move|p2a: Raging Bolt|Thunder|p1: Clefable|[notarget]
|-fail|p2a: Raging Bolt
|
|-weather|none
|upkeep
|
|t:|1769440276
|switch|p1a: Tyranitar|Tyranitar, F|100/100
|-damage|p1a: Tyranitar|88/100|[from] Stealth Rock
|-damage|p1a: Tyranitar|76/100|[from] Spikes
|-weather|Sandstorm|[from] ability: Sand Stream|[of] p1a: Tyranitar
|turn|11
|
|t:|1769440287
|move|p2a: Raging Bolt|Draco Meteor|p1a: Tyranitar
|-damage|p1a: Tyranitar|33/100
|-unboost|p2a: Raging Bolt|spa|2
|-damage|p2a: Raging Bolt|0 fnt|[from] item: Life Orb
|faint|p2a: Raging Bolt
|-end|p2a: Raging Bolt|Protosynthesis|[silent]
|move|p1a: Tyranitar|Rock Blast|p2: Raging Bolt|[notarget]
|-fail|p1a: Tyranitar
|
|-weather|Sandstorm|[upkeep]
|-heal|p1a: Tyranitar|39/100|[from] item: Leftovers
|upkeep
|
|t:|1769440297
|switch|p2a: Pelipper|Pelipper, F|75/100
|-damage|p2a: Pelipper|50/100|[from] Stealth Rock
|-weather|RainDance|[from] ability: Drizzle|[of] p2a: Pelipper
|turn|12
|
|t:|1769440311
|switch|p1a: Ogerpon|Ogerpon-Wellspring, F|100/100
|-damage|p1a: Ogerpon|88/100|[from] Stealth Rock
|-damage|p1a: Ogerpon|76/100|[from] Spikes
|move|p2a: Pelipper|U-turn|p1a: Ogerpon
|-supereffective|p1a: Ogerpon
|-damage|p1a: Ogerpon|55/100
|inactive|girantina87000 has 90 seconds left.
|
|t:|1769440327
|switch|p2a: Dragapult|Dragapult, M|88/100|[from] U-turn
|-damage|p2a: Dragapult|76/100|[from] Stealth Rock
|
|-weather|RainDance|[upkeep]
|upkeep
|turn|13
|inactive|girantina87000 has 90 seconds left.
|
|t:|1769440352
|switch|p1a: Corviknight|Corviknight, F|100/100
|-damage|p1a: Corviknight|88/100|[from] Stealth Rock
|-ability|p1a: Corviknight|Pressure
|move|p2a: Dragapult|Dragon Darts|p1a: Corviknight
|-resisted|p1a: Corviknight
|-damage|p1a: Corviknight|79/100
|-anim|p2a: Dragapult|Dragon Darts|p1a: Corviknight
|-resisted|p1a: Corviknight
|-damage|p1a: Corviknight|69/100
|-damage|p2a: Dragapult|66/100|[from] item: Life Orb
|
|-weather|RainDance|[upkeep]
|upkeep
|turn|14
|
|t:|1769440365
|move|p2a: Dragapult|Will-O-Wisp|p1a: Corviknight
|-status|p1a: Corviknight|brn
|move|p1a: Corviknight|Defog|p2a: Dragapult
|-fail|p2a: Dragapult|unboost|[from] ability: Clear Body|[of] p2a: Dragapult
|-sideend|p2: girantina87000|Stealth Rock|[from] move: Defog|[of] p1a: Corviknight
|-sideend|p1: MadHaven|Spikes|[from] move: Defog|[of] p1a: Corviknight
|-sideend|p1: MadHaven|Stealth Rock|[from] move: Defog|[of] p1a: Corviknight
|
|-weather|RainDance|[upkeep]
|-damage|p1a: Corviknight|63/100 brn|[from] brn
|upkeep
|turn|15
|
|t:|1769440385
|move|p2a: Dragapult|Dragon Dance|p2a: Dragapult
|-boost|p2a: Dragapult|atk|1
|-boost|p2a: Dragapult|spe|1
|move|p1a: Corviknight|U-turn|p2a: Dragapult
|-resisted|p2a: Dragapult
|-damage|p2a: Dragapult|62/100
|
|t:|1769440389
|switch|p1a: Tyranitar|Tyranitar, F|39/100|[from] U-turn
|-heal|p1a: Tyranitar|100/100|[from] move: Healing Wish
|-weather|Sandstorm|[from] ability: Sand Stream|[of] p1a: Tyranitar
|
|-weather|Sandstorm|[upkeep]
|-damage|p2a: Dragapult|56/100|[from] Sandstorm
|upkeep
|turn|16
|
|t:|1769440409
|move|p2a: Dragapult|Dragon Darts|p1a: Tyranitar
|-damage|p1a: Tyranitar|65/100
|-anim|p2a: Dragapult|Dragon Darts|p1a: Tyranitar
|-damage|p1a: Tyranitar|26/100
|-damage|p2a: Dragapult|46/100|[from] item: Life Orb
|move|p1a: Tyranitar|Knock Off|p2a: Dragapult
|-supereffective|p2a: Dragapult
|-damage|p2a: Dragapult|0 fnt
|-enditem|p2a: Dragapult|Life Orb|[from] move: Knock Off|[of] p1a: Tyranitar
|faint|p2a: Dragapult
|
|-weather|Sandstorm|[upkeep]
|-heal|p1a: Tyranitar|32/100|[from] item: Leftovers
|upkeep
|inactive|girantina87000 has 60 seconds left.
|
|t:|1769440421
|switch|p2a: Pelipper|Pelipper, F|50/100
|-weather|RainDance|[from] ability: Drizzle|[of] p2a: Pelipper
|turn|17
|inactive|girantina87000 has 60 seconds left.
|
|t:|1769440440
|switch|p1a: Corviknight|Corviknight, F|63/100 brn
|-ability|p1a: Corviknight|Pressure
|move|p2a: Pelipper|Tailwind|p2a: Pelipper
|-sidestart|p2: girantina87000|move: Tailwind
|
|-weather|RainDance|[upkeep]
|-damage|p1a: Corviknight|57/100 brn|[from] brn
|upkeep
|turn|18
|inactive|girantina87000 has 60 seconds left.
|
|t:|1769440453
|move|p2a: Pelipper|Surf|p1a: Corviknight
|-damage|p1a: Corviknight|13/100 brn
|move|p1a: Corviknight|U-turn|p2a: Pelipper
|-resisted|p2a: Pelipper
|-damage|p2a: Pelipper|47/100
|
|t:|1769440463
|switch|p1a: Tyranitar|Tyranitar, F|32/100|[from] U-turn
|-weather|Sandstorm|[from] ability: Sand Stream|[of] p1a: Tyranitar
|
|-weather|Sandstorm|[upkeep]
|-damage|p2a: Pelipper|41/100|[from] Sandstorm
|-heal|p1a: Tyranitar|38/100|[from] item: Leftovers
|upkeep
|turn|19
|
|t:|1769440471
|switch|p1a: Corviknight|Corviknight, F|13/100 brn
|-ability|p1a: Corviknight|Pressure
|move|p2a: Pelipper|Surf|p1a: Corviknight
|-damage|p1a: Corviknight|0 fnt
|faint|p1a: Corviknight
|
|-weather|Sandstorm|[upkeep]
|-damage|p2a: Pelipper|34/100|[from] Sandstorm
|upkeep
|
|t:|1769440481
|switch|p1a: Excadrill|Excadrill, M|97/100
|-item|p1a: Excadrill|Air Balloon
|turn|20
|
|t:|1769440497
|move|p1a: Excadrill|Iron Head|p2a: Pelipper
|-resisted|p2a: Pelipper
|-damage|p2a: Pelipper|13/100
|move|p2a: Pelipper|Surf|p1a: Excadrill
|-supereffective|p1a: Excadrill
|-damage|p1a: Excadrill|20/100
|-enditem|p1a: Excadrill|Air Balloon
|
|-weather|Sandstorm|[upkeep]
|-damage|p2a: Pelipper|7/100|[from] Sandstorm
|-sideend|p2: girantina87000|move: Tailwind
|upkeep
|turn|21
|
|t:|1769440508
|switch|p2a: Zapdos|Zapdos, shiny|100/100
|move|p1a: Excadrill|Rapid Spin|p2a: Zapdos
|-damage|p2a: Zapdos|78/100
|-boost|p1a: Excadrill|spe|1
|
|-weather|Sandstorm|[upkeep]
|-damage|p2a: Zapdos|72/100|[from] Sandstorm
|upkeep
|turn|22
|
|t:|1769440517
|switch|p2a: Pelipper|Pelipper, F|7/100
|-weather|RainDance|[from] ability: Drizzle|[of] p2a: Pelipper
|move|p1a: Excadrill|Iron Head|p2a: Pelipper
|-resisted|p2a: Pelipper
|-damage|p2a: Pelipper|0 fnt
|faint|p2a: Pelipper
|
|-weather|RainDance|[upkeep]
|upkeep
|
|t:|1769440526
|switch|p2a: Zapdos|Zapdos, shiny|72/100
|turn|23
|
|t:|1769440531
|move|p1a: Excadrill|Iron Head|p2a: Zapdos
|-resisted|p2a: Zapdos
|-damage|p2a: Zapdos|46/100
|move|p2a: Zapdos|Weather Ball|p1a: Excadrill
|-supereffective|p1a: Excadrill
|-damage|p1a: Excadrill|0 fnt
|faint|p1a: Excadrill
|
|-weather|RainDance|[upkeep]
|upkeep
|
|t:|1769440535
|switch|p1a: Tyranitar|Tyranitar, F|38/100
|-weather|Sandstorm|[from] ability: Sand Stream|[of] p1a: Tyranitar
|turn|24
|
|t:|1769440553
|move|p2a: Zapdos|Roost|p2a: Zapdos
|-heal|p2a: Zapdos|96/100
|-singleturn|p2a: Zapdos|move: Roost
|move|p1a: Tyranitar|Rock Blast|p2a: Zapdos
|-damage|p2a: Zapdos|82/100
|-damage|p2a: Zapdos|69/100
|-damage|p2a: Zapdos|56/100
|-hitcount|p2a: Zapdos|3
|
|-weather|Sandstorm|[upkeep]
|-damage|p2a: Zapdos|50/100|[from] Sandstorm
|-heal|p1a: Tyranitar|44/100|[from] item: Leftovers
|upkeep
|turn|25
|
|t:|1769440565
|move|p2a: Zapdos|Roost|p2a: Zapdos
|-heal|p2a: Zapdos|99/100
|-singleturn|p2a: Zapdos|move: Roost
|move|p1a: Tyranitar|Knock Off|p2a: Zapdos
|-damage|p2a: Zapdos|51/100
|-status|p1a: Tyranitar|par|[from] ability: Static|[of] p2a: Zapdos
|-enditem|p2a: Zapdos|Heavy-Duty Boots|[from] move: Knock Off|[of] p1a: Tyranitar
|
|-weather|Sandstorm|[upkeep]
|-damage|p2a: Zapdos|45/100|[from] Sandstorm
|-heal|p1a: Tyranitar|51/100 par|[from] item: Leftovers
|upkeep
|turn|26
|
|t:|1769440576
|move|p2a: Zapdos|Roost|p2a: Zapdos
|-heal|p2a: Zapdos|95/100
|-singleturn|p2a: Zapdos|move: Roost
|move|p1a: Tyranitar|Rock Blast|p2a: Zapdos
|-damage|p2a: Zapdos|82/100
|-damage|p2a: Zapdos|68/100
|-hitcount|p2a: Zapdos|2
|
|-weather|Sandstorm|[upkeep]
|-damage|p2a: Zapdos|61/100|[from] Sandstorm
|-heal|p1a: Tyranitar|57/100 par|[from] item: Leftovers
|upkeep
|turn|27
|
|t:|1769440595
|switch|p1a: Ogerpon|Ogerpon-Wellspring, F|55/100
|move|p2a: Zapdos|Roost|p2a: Zapdos
|-heal|p2a: Zapdos|100/100
|-singleturn|p2a: Zapdos|move: Roost
|
|-weather|Sandstorm|[upkeep]
|-damage|p1a: Ogerpon|49/100|[from] Sandstorm
|-damage|p2a: Zapdos|94/100|[from] Sandstorm
|upkeep
|turn|28
|
|t:|1769440608
|move|p1a: Ogerpon|Encore|p2a: Zapdos
|-start|p2a: Zapdos|Encore
|move|p2a: Zapdos|Roost|p2a: Zapdos
|-heal|p2a: Zapdos|100/100
|-singleturn|p2a: Zapdos|move: Roost
|
|-weather|none
|upkeep
|turn|29
|
|t:|1769440616
|move|p1a: Ogerpon|Ivy Cudgel|p2a: Zapdos|[anim] Ivy Cudgel Water
|-damage|p2a: Zapdos|32/100
|move|p2a: Zapdos|Roost|p2a: Zapdos
|-heal|p2a: Zapdos|82/100
|-singleturn|p2a: Zapdos|move: Roost
|
|upkeep
|turn|30
|
|t:|1769440623
|move|p1a: Ogerpon|Ivy Cudgel|p2a: Zapdos|[anim] Ivy Cudgel Water
|-damage|p2a: Zapdos|13/100
|move|p2a: Zapdos|Roost|p2a: Zapdos
|-heal|p2a: Zapdos|63/100
|-singleturn|p2a: Zapdos|move: Roost
|
|-end|p2a: Zapdos|Encore
|upkeep
|turn|31
|inactive|girantina87000 has 90 seconds left.
|
|t:|1769440634
|move|p1a: Ogerpon|Encore|p2a: Zapdos
|-start|p2a: Zapdos|Encore
|move|p2a: Zapdos|Roost|p2a: Zapdos
|-heal|p2a: Zapdos|100/100
|-singleturn|p2a: Zapdos|move: Roost
|
|-end|p2a: Zapdos|Encore
|upkeep
|turn|32
|inactive|girantina87000 has 90 seconds left.
|
|t:|1769440644
|switch|p1a: Tyranitar|Tyranitar, F|57/100 par
|-weather|Sandstorm|[from] ability: Sand Stream|[of] p1a: Tyranitar
|move|p2a: Zapdos|Hurricane|p1a: Tyranitar
|-resisted|p1a: Tyranitar
|-damage|p1a: Tyranitar|44/100 par
|-start|p1a: Tyranitar|confusion
|
|-weather|Sandstorm|[upkeep]
|-damage|p2a: Zapdos|94/100|[from] Sandstorm
|-heal|p1a: Tyranitar|50/100 par|[from] item: Leftovers
|upkeep
|turn|33
|inactive|girantina87000 has 90 seconds left.
|
|t:|1769440658
|move|p2a: Zapdos|Thunder|p1a: Tyranitar
|-damage|p1a: Tyranitar|27/100 par
|-activate|p1a: Tyranitar|confusion
|move|p1a: Tyranitar|Rock Blast|p2a: Zapdos
|-supereffective|p2a: Zapdos
|-damage|p2a: Zapdos|69/100
|-supereffective|p2a: Zapdos
|-damage|p2a: Zapdos|43/100
|-supereffective|p2a: Zapdos
|-damage|p2a: Zapdos|16/100
|-hitcount|p2a: Zapdos|3
|
|-weather|Sandstorm|[upkeep]
|-damage|p2a: Zapdos|10/100|[from] Sandstorm
|-heal|p1a: Tyranitar|34/100 par|[from] item: Leftovers
|upkeep
|turn|34
|inactive|girantina87000 has 90 seconds left.
|
|t:|1769440672
|move|p2a: Zapdos|Thunder|p1a: Tyranitar|[miss]
|-miss|p2a: Zapdos|p1a: Tyranitar
|-activate|p1a: Tyranitar|confusion
|cant|p1a: Tyranitar|par
|
|-weather|Sandstorm|[upkeep]
|-damage|p2a: Zapdos|4/100|[from] Sandstorm
|-heal|p1a: Tyranitar|40/100 par|[from] item: Leftovers
|upkeep
|turn|35
|
|t:|1769440681
|move|p2a: Zapdos|Thunder|p1a: Tyranitar
|-damage|p1a: Tyranitar|14/100 par
|-activate|p1a: Tyranitar|confusion
|-damage|p1a: Tyranitar|6/100 par|[from] confusion
|
|-weather|Sandstorm|[upkeep]
|-damage|p2a: Zapdos|0 fnt|[from] Sandstorm
|faint|p2a: Zapdos
|
|win|MadHaven
|raw|MadHaven's rating: 1162 &rarr; <strong>1186</strong><br />(+24 for winning)
|raw|girantina87000's rating: 1146 &rarr; <strong>1122</strong><br />(-24 for losing)
|l|☆girantina87000
|player|p2|
|c|☆MadHaven|gg
