|j|☆Salocin99
|j|☆nanashi57
|t:|1769295968
|gametype|singles
|player|p1|Salocin99|169|1224
|player|p2|nanashi57|170|1185
|gen|9
|tier|[Gen 9] OU
|rated|
|rule|HP Percentage Mod: HP is shown in percentages
|rule|Endless Battle Clause: Forcing endless battles is banned
|rule|Species Clause: Limit one of each Pokémon
|rule|OHKO Clause: OHKO moves are banned
|rule|Evasion Items Clause: Evasion items are banned
|rule|Evasion Moves Clause: Evasion moves are banned
|rule|Evasion Abilities Clause: Evasion abilities are banned
|rule|Sleep Moves Clause: Sleep-inducing moves are banned
|clearpoke
|poke|p1|Hoopa-Unbound|
|poke|p1|Flygon, M|
|poke|p1|Meowstic, M|
|poke|p1|Thundurus-Therian, M|
|poke|p1|Avalugg, F|
|poke|p1|Conkeldurr, M|
|poke|p2|Drednaw, F|
|poke|p2|Pelipper, M|
|poke|p2|Indeedee, M|
|poke|p2|Hatterene, F|
|poke|p2|Barraskewda, M|
|poke|p2|Samurott-Hisui, F|
|teampreview
|inactive|Battle timer is ON: inactive players will automatically lose when time's up. (requested by nanashi57)
|
|t:|1769295991
|teamsize|p1|6
|teamsize|p2|6
|start
|switch|p1a: Thundurus|Thundurus-Therian, M|100/100
|switch|p2a: Samurott|Samurott-Hisui, F|100/100
|turn|1
|
|t:|1769296000
|move|p1a: Thundurus|Volt Switch|p2a: Samurott
|-supereffective|p2a: Samurott
|-enditem|p2a: Samurott|Focus Sash
|-damage|p2a: Samurott|1/100
|
|t:|1769296004
|switch|p1a: Conkeldurr|Conkeldurr, M|100/100|[from] Volt Switch
|move|p2a: Samurott|Ceaseless Edge|p1a: Conkeldurr
|-resisted|p1a: Conkeldurr
|-damage|p1a: Conkeldurr|81/100
|-sidestart|p1: Salocin99|Spikes
|
|-status|p1a: Conkeldurr|brn|[from] item: Flame Orb
|upkeep
|turn|2
|
|t:|1769296012
|move|p2a: Samurott|Aqua Jet|p1a: Conkeldurr
|-damage|p1a: Conkeldurr|66/100 brn
|move|p1a: Conkeldurr|Defog|p2a: Samurott
|-unboost|p2a: Samurott|evasion|1
|-sideend|p1: Salocin99|Spikes|[from] move: Defog|[of] p1a: Conkeldurr
|
|-damage|p1a: Conkeldurr|60/100 brn|[from] brn
|upkeep
|turn|3
|
|t:|1769296023
|-terastallize|p2a: Samurott|Ghost
|move|p1a: Conkeldurr|Mach Punch|p2a: Samurott
|-immune|p2a: Samurott
|move|p2a: Samurott|Ceaseless Edge|p1a: Conkeldurr
|-resisted|p1a: Conkeldurr
|-damage|p1a: Conkeldurr|42/100 brn
|-sidestart|p1: Salocin99|Spikes
|
|-damage|p1a: Conkeldurr|36/100 brn|[from] brn
|upkeep
|turn|4
|
|t:|1769296033
|move|p2a: Samurott|Razor Shell|p1a: Conkeldurr
|-damage|p1a: Conkeldurr|0 fnt
|faint|p1a: Conkeldurr
|
|upkeep
|
|t:|1769296042
|switch|p1a: Flygon|Flygon, M|100/100
|turn|5
|
|t:|1769296051
|move|p1a: Flygon|Earthquake|p2a: Samurott
|-damage|p2a: Samurott|0 fnt
|faint|p2a: Samurott
|-damage|p1a: Flygon|91/100|[from] item: Life Orb
|
|upkeep
|
|t:|1769296063
|switch|p2a: Pelipper|Pelipper, M|100/100
|-weather|RainDance|[from] ability: Drizzle|[of] p2a: Pelipper
|turn|6
|
|t:|1769296072
|move|p1a: Flygon|Thunder Punch|p2a: Pelipper
|-supereffective|p2a: Pelipper
|-damage|p2a: Pelipper|0 fnt
|faint|p2a: Pelipper
|-damage|p1a: Flygon|81/100|[from] item: Life Orb
|
|-weather|RainDance|[upkeep]
|upkeep
|
|t:|1769296090
|switch|p2a: Drednaw|Drednaw, F|100/100
|turn|7
|
|t:|1769296094
|move|p1a: Flygon|Earthquake|p2a: Drednaw
|-supereffective|p2a: Drednaw
|-damage|p2a: Drednaw|0 fnt
|faint|p2a: Drednaw
|-damage|p1a: Flygon|71/100|[from] item: Life Orb
|
|-weather|RainDance|[upkeep]
|upkeep
|
|t:|1769296100
|switch|p2a: Barraskewda|Barraskewda, M|100/100
|turn|8
|
|t:|1769296103
|move|p2a: Barraskewda|Liquidation|p1a: Flygon
|-damage|p1a: Flygon|0 fnt
|faint|p1a: Flygon
|
|-weather|RainDance|[upkeep]
|upkeep
|
|t:|1769296106
|switch|p1a: Avalugg|Avalugg, F|100/100
|turn|9
|
|t:|1769296111
|switch|p2a: Indeedee|Indeedee, M|100/100
|-fieldstart|move: Psychic Terrain|[from] ability: Psychic Surge|[of] p2a: Indeedee
|move|p1a: Avalugg|Rapid Spin|p2a: Indeedee
|-crit|p2a: Indeedee
|-damage|p2a: Indeedee|61/100
|-boost|p1a: Avalugg|spe|1
|-sideend|p1: Salocin99|Spikes|[from] move: Rapid Spin|[of] p1a: Avalugg
|
|-weather|RainDance|[upkeep]
|upkeep
|turn|10
|
|t:|1769296117
|move|p2a: Indeedee|Encore|p1a: Avalugg
|-start|p1a: Avalugg|Encore
|move|p1a: Avalugg|Rapid Spin|p2a: Indeedee
|-damage|p2a: Indeedee|32/100
|-boost|p1a: Avalugg|spe|1
|
|-weather|RainDance|[upkeep]
|upkeep
|turn|11
|
|t:|1769296123
|switch|p2a: Hatterene|Hatterene, F|100/100
|move|p1a: Avalugg|Rapid Spin|p2a: Hatterene
|-damage|p2a: Hatterene|90/100
|-boost|p1a: Avalugg|spe|1
|
|-weather|RainDance|[upkeep]
|-heal|p2a: Hatterene|96/100|[from] item: Leftovers
|upkeep
|turn|12
|
|t:|1769296130
|switch|p1a: Thundurus|Thundurus-Therian, M|100/100
|move|p2a: Hatterene|Calm Mind|p2a: Hatterene
|-boost|p2a: Hatterene|spa|1
|-boost|p2a: Hatterene|spd|1
|
|-weather|RainDance|[upkeep]
|-heal|p2a: Hatterene|100/100|[from] item: Leftovers
|upkeep
|turn|13
|
|t:|1769296143
|move|p1a: Thundurus|Thunder|p2a: Hatterene
|-damage|p2a: Hatterene|31/100
|move|p2a: Hatterene|Calm Mind|p2a: Hatterene
|-boost|p2a: Hatterene|spa|1
|-boost|p2a: Hatterene|spd|1
|
|-weather|none
|-heal|p2a: Hatterene|37/100|[from] item: Leftovers
|upkeep
|turn|14
|
|t:|1769296151
|move|p1a: Thundurus|Thunder|p2a: Hatterene
|-damage|p2a: Hatterene|0 fnt
|faint|p2a: Hatterene
|
|upkeep
|-message|nanashi57 forfeited.
|
|win|Salocin99
|raw|Salocin99's rating: 1224 &rarr; <strong>1246</strong><br />(+22 for winning)
|raw|nanashi57's rating: 1185 &rarr; <strong>1163</strong><br />(-22 for losing)
|l|☆nanashi57
|player|p2|
|l|☆Salocin99
|player|p1|
