|j|☆Jonpollonmorcillon
|j|☆NeeNee989
|t:|1769407873
|gametype|singles
|player|p1|Jonpollonmorcillon|harlequin|1208
|player|p2|NeeNee989|darach-caitlin|1166
|gen|9
|tier|[Gen 9] OU
|rated|
|rule|HP Percentage Mod: HP is shown in percentages
|rule|Endless Battle Clause: Forcing endless battles is banned
|rule|Species Clause: Limit one of each Pokémon
|rule|OHKO Clause: OHKO moves are banned
|rule|Evasion Items Clause: Evasion items are banned
|rule|Evasion Moves Clause: Evasion moves are banned
|rule|Evasion Abilities Clause: Evasion abilities are banned
|rule|Sleep Moves Clause: Sleep-inducing moves are banned
|clearpoke
|poke|p1|Bronzong|
|poke|p1|Ursaluna, M|
|poke|p1|Volcanion|
|poke|p1|Hatterene, F|
|poke|p1|Porygon2|
|poke|p1|Breloom, F|
|poke|p2|Gliscor, M|
|poke|p2|Garganacl, M|
|poke|p2|Quaquaval, F|
|poke|p2|Iron Valiant|
|poke|p2|Sinistcha|
|poke|p2|Kingambit, F|
|teampreview
|inactive|Battle timer is ON: inactive players will automatically lose when time's up. (requested by NeeNee989)
|
|t:|1769407879
|teamsize|p1|6
|teamsize|p2|6
|start
|switch|p1a: Hatterene|Hatterene, F|100/100
|switch|p2a: Garganacl|Garganacl, M|100/100
|turn|1
|
|t:|1769407887
|move|p2a: Garganacl|Salt Cure|p1a: Hatterene
|-damage|p1a: Hatterene|88/100
|-start|p1a: Hatterene|Salt Cure
|move|p1a: Hatterene|Trick Room|p1a: Hatterene
|-fieldstart|move: Trick Room|[of] p1a: Hatterene
|
|-heal|p1a: Hatterene|94/100|[from] item: Leftovers
|-damage|p1a: Hatterene|82/100|[from] Salt Cure
|upkeep
|turn|2
|
|t:|1769407906
|switch|p1a: Volcanion|Volcanion|100/100
|switch|p2a: Sinistcha|Sinistcha|100/100
|
|upkeep
|turn|3
|
|t:|1769407914
|switch|p2a: Garganacl|Garganacl, M|100/100
|move|p1a: Volcanion|Fire Blast|p2a: Garganacl
|-resisted|p2a: Garganacl
|-crit|p2a: Garganacl
|-damage|p2a: Garganacl|69/100
|
|-heal|p2a: Garganacl|75/100|[from] item: Leftovers
|upkeep
|turn|4
|
|t:|1769407923
|move|p2a: Garganacl|Protect|p2a: Garganacl
|-singleturn|p2a: Garganacl|Protect
|move|p1a: Volcanion|Steam Eruption|p2a: Garganacl
|-activate|p2a: Garganacl|move: Protect
|
|-heal|p2a: Garganacl|81/100|[from] item: Leftovers
|upkeep
|turn|5
|
|t:|1769407934
|switch|p2a: Quaquaval|Quaquaval, F, shiny|100/100
|move|p1a: Volcanion|Sludge Wave|p2a: Quaquaval
|-damage|p2a: Quaquaval|66/100
|
|-fieldend|move: Trick Room
|upkeep
|turn|6
|
|t:|1769407953
|switch|p1a: Bronzong|Bronzong|100/100
|move|p2a: Quaquaval|Knock Off|p1a: Bronzong
|-supereffective|p1a: Bronzong
|-damage|p1a: Bronzong|41/100
|-enditem|p1a: Bronzong|Leftovers|[from] move: Knock Off|[of] p2a: Quaquaval
|
|upkeep
|turn|7
|
|t:|1769407968
|move|p2a: Quaquaval|Aqua Step|p1a: Bronzong
|-crit|p1a: Bronzong
|-damage|p1a: Bronzong|0 fnt
|-boost|p2a: Quaquaval|spe|1
|faint|p1a: Bronzong
|-ability|p2a: Quaquaval|Moxie|boost
|-boost|p2a: Quaquaval|atk|1
|
|upkeep
|
|t:|1769407976
|switch|p1a: Porygon2|Porygon2|100/100
|-ability|p1a: Porygon2|Download|boost
|-boost|p1a: Porygon2|spa|1
|turn|8
|
|t:|1769407981
|move|p2a: Quaquaval|Knock Off|p1a: Porygon2
|-damage|p1a: Porygon2|68/100
|-enditem|p1a: Porygon2|Eviolite|[from] move: Knock Off|[of] p2a: Quaquaval
|move|p1a: Porygon2|Trick Room|p1a: Porygon2
|-fieldstart|move: Trick Room|[of] p1a: Porygon2
|
|upkeep
|turn|9
|
|t:|1769407991
|move|p1a: Porygon2|Tri Attack|p2a: Quaquaval
|-damage|p2a: Quaquaval|14/100
|move|p2a: Quaquaval|Close Combat|p1a: Porygon2
|-supereffective|p1a: Porygon2
|-damage|p1a: Porygon2|0 fnt
|-unboost|p2a: Quaquaval|def|1
|-unboost|p2a: Quaquaval|spd|1
|faint|p1a: Porygon2
|-ability|p2a: Quaquaval|Moxie|boost
|-boost|p2a: Quaquaval|atk|1
|
|upkeep
|
|t:|1769408003
|switch|p1a: Breloom|Breloom, F|100/100
|turn|10
|
|t:|1769408008
|move|p1a: Breloom|Mach Punch|p2a: Quaquaval
|-damage|p2a: Quaquaval|0 fnt
|faint|p2a: Quaquaval
|
|-status|p1a: Breloom|tox|[from] item: Toxic Orb
|upkeep
|
|t:|1769408020
|switch|p2a: Sinistcha|Sinistcha|100/100
|turn|11
|
|t:|1769408030
|switch|p1a: Volcanion|Volcanion|100/100
|move|p2a: Sinistcha|Strength Sap|p1a: Volcanion
|-unboost|p1a: Volcanion|atk|1
|
|upkeep
|turn|12
|
|t:|1769408046
|switch|p2a: Gliscor|Gliscor, M|100/100
|move|p1a: Volcanion|Steam Eruption|p2a: Gliscor
|-supereffective|p2a: Gliscor
|-damage|p2a: Gliscor|0 fnt
|faint|p2a: Gliscor
|
|-fieldend|move: Trick Room
|upkeep
|
|t:|1769408055
|switch|p2a: Garganacl|Garganacl, M|81/100
|turn|13
|
|t:|1769408058
|move|p1a: Volcanion|Steam Eruption|p2a: Garganacl
|-supereffective|p2a: Garganacl
|-damage|p2a: Garganacl|0 fnt
|faint|p2a: Garganacl
|
|upkeep
|
|t:|1769408065
|switch|p2a: Iron Valiant|Iron Valiant|100/100
|-enditem|p2a: Iron Valiant|Booster Energy
|-activate|p2a: Iron Valiant|ability: Quark Drive|[fromitem]
|-start|p2a: Iron Valiant|quarkdrivespe
|turn|14
|
|t:|1769408085
|move|p2a: Iron Valiant|Thunderbolt|p1a: Volcanion
|-supereffective|p1a: Volcanion
|-damage|p1a: Volcanion|59/100
|move|p1a: Volcanion|Fire Blast|p2a: Iron Valiant
|-damage|p2a: Iron Valiant|0 fnt
|faint|p2a: Iron Valiant
|-end|p2a: Iron Valiant|Quark Drive|[silent]
|
|upkeep
|
|t:|1769408098
|switch|p2a: Sinistcha|Sinistcha|100/100
|turn|15
|
|t:|1769408102
|switch|p1a: Hatterene|Hatterene, F|82/100
|-terastallize|p2a: Sinistcha|Poison
|move|p2a: Sinistcha|Calm Mind|p2a: Sinistcha
|-boost|p2a: Sinistcha|spa|1
|-boost|p2a: Sinistcha|spd|1
|
|-heal|p1a: Hatterene|88/100|[from] item: Leftovers
|upkeep
|turn|16
|
|t:|1769408112
|move|p2a: Sinistcha|Shadow Ball|p1a: Hatterene
|-supereffective|p1a: Hatterene
|-damage|p1a: Hatterene|0 fnt
|faint|p1a: Hatterene
|
|upkeep
|
|t:|1769408124
|switch|p1a: Ursaluna|Ursaluna, M|100/100
|turn|17
|
|t:|1769408130
|-terastallize|p1a: Ursaluna|Normal
|move|p2a: Sinistcha|Matcha Gotcha|p1a: Ursaluna
|-damage|p1a: Ursaluna|57/100
|move|p1a: Ursaluna|Crunch|p2a: Sinistcha
|-damage|p2a: Sinistcha|78/100
|
|-status|p1a: Ursaluna|brn|[from] item: Flame Orb
|upkeep
|turn|18
|
|t:|1769408141
|move|p2a: Sinistcha|Strength Sap|p1a: Ursaluna
|-unboost|p1a: Ursaluna|atk|1
|-heal|p2a: Sinistcha|100/100
|move|p1a: Ursaluna|Headlong Rush|p2a: Sinistcha
|-supereffective|p2a: Sinistcha
|-damage|p2a: Sinistcha|0 fnt
|-unboost|p1a: Ursaluna|def|1
|-unboost|p1a: Ursaluna|spd|1
|faint|p2a: Sinistcha
|
|-damage|p1a: Ursaluna|51/100 brn|[from] brn
|upkeep
|
|t:|1769408149
|switch|p2a: Kingambit|Kingambit, F|100/100
|-activate|p2a: Kingambit|ability: Supreme Overlord
|-start|p2a: Kingambit|fallen5|[silent]
|turn|19
|
|t:|1769408159
|move|p2a: Kingambit|Sucker Punch|p1a: Ursaluna
|-damage|p1a: Ursaluna|0 fnt
|faint|p1a: Ursaluna
|
|upkeep
|
|t:|1769408165
|switch|p1a: Volcanion|Volcanion|59/100
|turn|20
|
|t:|1769408177
|move|p2a: Kingambit|Kowtow Cleave|p1a: Volcanion
|-damage|p1a: Volcanion|1/100
|move|p1a: Volcanion|Fire Blast|p2a: Kingambit
|-supereffective|p2a: Kingambit
|-damage|p2a: Kingambit|0 fnt
|faint|p2a: Kingambit
|-end|p2a: Kingambit|fallen5|[silent]
|
|win|Jonpollonmorcillon
|raw|Jonpollonmorcillon's rating: 1208 &rarr; <strong>1230</strong><br />(+22 for winning)
|raw|NeeNee989's rating: 1166 &rarr; <strong>1144</strong><br />(-22 for losing)
|l|☆NeeNee989
|player|p2|
|l|☆Jonpollonmorcillon
|player|p1|
