|j|☆simisearontop
|j|☆mankindes
|t:|1769311501
|gametype|singles
|player|p1|simisearontop|bellelba|1375
|player|p2|mankindes|iono|1393
|gen|9
|tier|[Gen 9] OU
|rated|
|rule|HP Percentage Mod: HP is shown in percentages
|rule|Endless Battle Clause: Forcing endless battles is banned
|rule|Species Clause: Limit one of each Pokémon
|rule|OHKO Clause: OHKO moves are banned
|rule|Evasion Items Clause: Evasion items are banned
|rule|Evasion Moves Clause: Evasion moves are banned
|rule|Evasion Abilities Clause: Evasion abilities are banned
|rule|Sleep Moves Clause: Sleep-inducing moves are banned
|clearpoke
|poke|p1|Torkoal, M|
|poke|p1|Leafeon, F|
|poke|p1|Walking Wake|
|poke|p1|Gliscor, F|
|poke|p1|Slither Wing|
|poke|p1|Heatran, M|
|poke|p2|Iron Valiant|
|poke|p2|Corviknight, F|
|poke|p2|Iron Moth|
|poke|p2|Kingambit, M|
|poke|p2|Gliscor, M|
|poke|p2|Raging Bolt|
|teampreview
|inactive|Battle timer is ON: inactive players will automatically lose when time's up. (requested by simisearontop)
|
|t:|1769311509
|teamsize|p1|6
|teamsize|p2|6
|start
|switch|p1a: choo choo|Torkoal, M|100/100
|switch|p2a: 鹿国关|Raging Bolt|100/100
|-weather|SunnyDay|[from] ability: Drought|[of] p1a: choo choo
|-activate|p2a: 鹿国关|ability: Protosynthesis
|-start|p2a: 鹿国关|protosynthesisspa
|turn|1
|
|t:|1769311526
|switch|p1a: Score!!!|Gliscor, F|100/100
|move|p2a: 鹿国关|Draco Meteor|p1a: Score!!!
|-damage|p1a: Score!!!|0 fnt
|-unboost|p2a: 鹿国关|spa|2
|faint|p1a: Score!!!
|
|-weather|SunnyDay|[upkeep]
|upkeep
|
|t:|1769311534
|switch|p1a: WaWa|Walking Wake|100/100
|-activate|p1a: WaWa|ability: Protosynthesis
|-start|p1a: WaWa|protosynthesisspe
|turn|2
|
|t:|1769311539
|-end|p2a: 鹿国关|Protosynthesis|[silent]
|switch|p2a: 雄鹰|Corviknight, F|100/100
|move|p1a: WaWa|Hydro Steam|p2a: 雄鹰
|-damage|p2a: 雄鹰|25/100
|
|-weather|SunnyDay|[upkeep]
|upkeep
|turn|3
|
|t:|1769311544
|move|p1a: WaWa|Hydro Steam|p2a: 雄鹰
|-damage|p2a: 雄鹰|0 fnt
|faint|p2a: 雄鹰
|
|-weather|SunnyDay|[upkeep]
|upkeep
|
|t:|1769311547
|switch|p2a: 鹿国关|Raging Bolt|100/100
|-activate|p2a: 鹿国关|ability: Protosynthesis
|-start|p2a: 鹿国关|protosynthesisspa
|turn|4
|
|t:|1769311554
|-end|p1a: WaWa|Protosynthesis|[silent]
|switch|p1a: Fibby|Heatran, M|100/100
|move|p2a: 鹿国关|Draco Meteor|p1a: Fibby|[miss]
|-miss|p2a: 鹿国关|p1a: Fibby
|
|-weather|SunnyDay|[upkeep]
|upkeep
|turn|5
|
|t:|1769311563
|move|p1a: Fibby|Protect|p1a: Fibby
|-singleturn|p1a: Fibby|Protect
|move|p2a: 鹿国关|Draco Meteor|p1a: Fibby
|-activate|p1a: Fibby|move: Protect
|
|-weather|none
|-end|p2a: 鹿国关|Protosynthesis
|upkeep
|turn|6
|
|t:|1769311573
|-end|p2a: 鹿国关|Protosynthesis|[silent]
|switch|p2a: 蟹子莱莱|Gliscor, M|100/100
|move|p1a: Fibby|Magma Storm|p2a: 蟹子莱莱|[miss]
|-miss|p1a: Fibby|p2a: 蟹子莱莱
|
|-status|p2a: 蟹子莱莱|tox|[from] item: Toxic Orb
|upkeep
|turn|7
|
|t:|1769311583
|switch|p1a: choo choo|Torkoal, M|100/100
|-weather|SunnyDay|[from] ability: Drought|[of] p1a: choo choo
|move|p2a: 蟹子莱莱|Stealth Rock|p1a: choo choo
|-sidestart|p1: simisearontop|move: Stealth Rock
|
|-weather|SunnyDay|[upkeep]
|upkeep
|turn|8
|
|t:|1769311587
|move|p2a: 蟹子莱莱|Protect|p2a: 蟹子莱莱
|-singleturn|p2a: 蟹子莱莱|Protect
|move|p1a: choo choo|Rapid Spin|p2a: 蟹子莱莱
|-activate|p2a: 蟹子莱莱|move: Protect
|
|-weather|SunnyDay|[upkeep]
|upkeep
|turn|9
|
|t:|1769311592
|move|p2a: 蟹子莱莱|Toxic|p1a: choo choo
|-status|p1a: choo choo|tox
|move|p1a: choo choo|Eruption|p2a: 蟹子莱莱
|-damage|p2a: 蟹子莱莱|4/100 tox
|
|-weather|SunnyDay|[upkeep]
|-heal|p2a: 蟹子莱莱|16/100 tox|[from] ability: Poison Heal
|-damage|p1a: choo choo|94/100 tox|[from] psn
|upkeep
|turn|10
|
|t:|1769311600
|move|p2a: 蟹子莱莱|Protect|p2a: 蟹子莱莱
|-singleturn|p2a: 蟹子莱莱|Protect
|move|p1a: choo choo|Lava Plume|p2a: 蟹子莱莱
|-activate|p2a: 蟹子莱莱|move: Protect
|
|-weather|SunnyDay|[upkeep]
|-heal|p2a: 蟹子莱莱|28/100 tox|[from] ability: Poison Heal
|-damage|p1a: choo choo|82/100 tox|[from] psn
|upkeep
|turn|11
|
|t:|1769311611
|move|p2a: 蟹子莱莱|Earthquake|p1a: choo choo
|-supereffective|p1a: choo choo
|-damage|p1a: choo choo|33/100 tox
|-enditem|p1a: choo choo|Eject Button
|
|t:|1769311625
|switch|p1a: :3|Leafeon, F|100/100
|-damage|p1a: :3|88/100|[from] Stealth Rock
|
|-weather|none
|-heal|p2a: 蟹子莱莱|41/100 tox|[from] ability: Poison Heal
|upkeep
|turn|12
|
|t:|1769311632
|switch|p1a: choo choo|Torkoal, M|33/100 tox
|-damage|p1a: choo choo|8/100 tox|[from] Stealth Rock
|-weather|SunnyDay|[from] ability: Drought|[of] p1a: choo choo
|move|p2a: 蟹子莱莱|Protect||[still]
|-fail|p2a: 蟹子莱莱
|
|-weather|SunnyDay|[upkeep]
|-heal|p2a: 蟹子莱莱|53/100 tox|[from] ability: Poison Heal
|-damage|p1a: choo choo|2/100 tox|[from] psn
|upkeep
|turn|13
|
|t:|1769311638
|move|p2a: 蟹子莱莱|Protect|p2a: 蟹子莱莱
|-singleturn|p2a: 蟹子莱莱|Protect
|move|p1a: choo choo|Lava Plume|p2a: 蟹子莱莱
|-activate|p2a: 蟹子莱莱|move: Protect
|
|-weather|SunnyDay|[upkeep]
|-heal|p2a: 蟹子莱莱|66/100 tox|[from] ability: Poison Heal
|-damage|p1a: choo choo|0 fnt|[from] psn
|faint|p1a: choo choo
|upkeep
|
|t:|1769311640
|switch|p1a: WaWa|Walking Wake|100/100
|-damage|p1a: WaWa|88/100|[from] Stealth Rock
|-activate|p1a: WaWa|ability: Protosynthesis
|-start|p1a: WaWa|protosynthesisspe
|turn|14
|
|t:|1769311667
|switch|p2a: 大将|Kingambit, M|100/100
|-activate|p2a: 大将|ability: Supreme Overlord
|-start|p2a: 大将|fallen1|[silent]
|move|p1a: WaWa|Draco Meteor|p2a: 大将
|-resisted|p2a: 大将
|-damage|p2a: 大将|56/100
|-unboost|p1a: WaWa|spa|2
|
|-weather|SunnyDay|[upkeep]
|-heal|p2a: 大将|62/100|[from] item: Leftovers
|upkeep
|turn|15
|
|t:|1769311678
|-end|p1a: WaWa|Protosynthesis|[silent]
|switch|p1a: Impressed?|Slither Wing|100/100
|-damage|p1a: Impressed?|88/100|[from] Stealth Rock
|-activate|p1a: Impressed?|ability: Protosynthesis
|-start|p1a: Impressed?|protosynthesisatk
|move|p2a: 大将|Kowtow Cleave|p1a: Impressed?
|-resisted|p1a: Impressed?
|-damage|p1a: Impressed?|53/100
|
|-weather|SunnyDay|[upkeep]
|-heal|p2a: 大将|68/100|[from] item: Leftovers
|upkeep
|turn|16
|
|t:|1769311682
|move|p1a: Impressed?|Close Combat|p2a: 大将
|-supereffective|p2a: 大将
|-damage|p2a: 大将|0 fnt
|-unboost|p1a: Impressed?|def|1
|-unboost|p1a: Impressed?|spd|1
|faint|p2a: 大将
|-end|p2a: 大将|fallen1|[silent]
|
|-weather|none
|-end|p1a: Impressed?|Protosynthesis
|upkeep
|
|t:|1769311690
|switch|p2a: 厚底鞋铁鹅|Iron Moth|100/100
|turn|17
|
|t:|1769311695
|-end|p1a: Impressed?|Protosynthesis|[silent]
|switch|p1a: Fibby|Heatran, M|100/100
|-damage|p1a: Fibby|88/100|[from] Stealth Rock
|move|p2a: 厚底鞋铁鹅|Dazzling Gleam|p1a: Fibby
|-resisted|p1a: Fibby
|-damage|p1a: Fibby|81/100
|
|-heal|p1a: Fibby|88/100|[from] item: Leftovers
|upkeep
|turn|18
|
|t:|1769311700
|-end|p2a: 厚底鞋铁鹅|Quark Drive|[silent]
|switch|p2a: 鹿国关|Raging Bolt|100/100
|move|p1a: Fibby|Earth Power|p2a: 鹿国关
|-supereffective|p2a: 鹿国关
|-damage|p2a: 鹿国关|55/100
|
|-heal|p1a: Fibby|94/100|[from] item: Leftovers
|upkeep
|turn|19
|
|t:|1769311709
|move|p1a: Fibby|Protect|p1a: Fibby
|-singleturn|p1a: Fibby|Protect
|move|p2a: 鹿国关|Volt Switch|p1a: Fibby
|-activate|p1a: Fibby|move: Protect
|
|-heal|p1a: Fibby|99/100|[from] item: Leftovers
|upkeep
|turn|20
|
|t:|1769311714
|move|p1a: Fibby|Magma Storm|p2a: 鹿国关
|-resisted|p2a: 鹿国关
|-damage|p2a: 鹿国关|36/100
|-activate|p2a: 鹿国关|move: Magma Storm|[of] p1a: Fibby
|move|p2a: 鹿国关|Volt Switch|p1a: Fibby
|-damage|p1a: Fibby|45/100
|
|t:|1769311720
|-end|p2a: 鹿国关|Protosynthesis|[silent]
|switch|p2a: 命玉男娘|Iron Valiant|100/100|[from] Volt Switch
|
|-heal|p1a: Fibby|52/100|[from] item: Leftovers
|upkeep
|turn|21
|
|t:|1769311725
|move|p1a: Fibby|Protect|p1a: Fibby
|-singleturn|p1a: Fibby|Protect
|move|p2a: 命玉男娘|Close Combat|p1a: Fibby
|-activate|p1a: Fibby|move: Protect
|
|-heal|p1a: Fibby|58/100|[from] item: Leftovers
|upkeep
|turn|22
|
|t:|1769311733
|-terastallize|p1a: Fibby|Grass
|move|p2a: 命玉男娘|Close Combat|p1a: Fibby
|-damage|p1a: Fibby|11/100
|-unboost|p2a: 命玉男娘|def|1
|-unboost|p2a: 命玉男娘|spd|1
|-damage|p2a: 命玉男娘|91/100|[from] item: Life Orb
|move|p1a: Fibby|Magma Storm|p2a: 命玉男娘
|-damage|p2a: 命玉男娘|0 fnt
|faint|p2a: 命玉男娘
|-end|p2a: 命玉男娘|Quark Drive|[silent]
|
|-heal|p1a: Fibby|18/100|[from] item: Leftovers
|upkeep
|
|t:|1769311743
|switch|p2a: 厚底鞋铁鹅|Iron Moth|100/100
|turn|23
|
|t:|1769311747
|-terastallize|p2a: 厚底鞋铁鹅|Fairy
|move|p1a: Fibby|Protect|p1a: Fibby
|-singleturn|p1a: Fibby|Protect
|move|p2a: 厚底鞋铁鹅|Dazzling Gleam|p1a: Fibby
|-activate|p1a: Fibby|move: Protect
|
|-heal|p1a: Fibby|24/100|[from] item: Leftovers
|upkeep
|turn|24
|
|t:|1769311752
|move|p2a: 厚底鞋铁鹅|Dazzling Gleam|p1a: Fibby
|-damage|p1a: Fibby|0 fnt
|faint|p1a: Fibby
|
|upkeep
|
|t:|1769311759
|switch|p1a: Impressed?|Slither Wing|53/100
|-damage|p1a: Impressed?|41/100|[from] Stealth Rock
|turn|25
|
|t:|1769311768
|move|p2a: 厚底鞋铁鹅|Dazzling Gleam|p1a: Impressed?
|-supereffective|p1a: Impressed?
|-damage|p1a: Impressed?|0 fnt
|faint|p1a: Impressed?
|-end|p1a: Impressed?|Protosynthesis|[silent]
|
|upkeep
|
|t:|1769311771
|switch|p1a: :3|Leafeon, F|88/100
|-damage|p1a: :3|75/100|[from] Stealth Rock
|turn|26
|
|t:|1769311776
|-end|p2a: 厚底鞋铁鹅|Quark Drive|[silent]
|switch|p2a: 鹿国关|Raging Bolt|36/100
|move|p1a: :3|Protect||[still]
|-fail|p1a: :3
|
|upkeep
|turn|27
|
|t:|1769311791
|move|p1a: :3|Knock Off|p2a: 鹿国关
|-damage|p2a: 鹿国关|12/100
|-enditem|p2a: 鹿国关|Choice Specs|[from] move: Knock Off|[of] p1a: :3
|move|p2a: 鹿国关|Draco Meteor|p1a: :3|[miss]
|-miss|p2a: 鹿国关|p1a: :3
|
|upkeep
|turn|28
|
|t:|1769311796
|move|p1a: :3|Knock Off|p2a: 鹿国关
|-damage|p2a: 鹿国关|0 fnt
|faint|p2a: 鹿国关
|-end|p2a: 鹿国关|Protosynthesis|[silent]
|
|upkeep
|
|t:|1769311803
|switch|p2a: 厚底鞋铁鹅|Iron Moth, tera:Fairy|100/100
|turn|29
|
|t:|1769311807
|move|p1a: :3|Protect|p1a: :3
|-singleturn|p1a: :3|Protect
|move|p2a: 厚底鞋铁鹅|Overheat|p1a: :3
|-activate|p1a: :3|move: Protect
|
|upkeep
|turn|30
|
|t:|1769311814
|-end|p2a: 厚底鞋铁鹅|Quark Drive|[silent]
|switch|p2a: 蟹子莱莱|Gliscor, M|66/100 tox
|move|p1a: :3|Solar Blade||[still]
|-prepare|p1a: :3|Solar Blade
|
|-heal|p2a: 蟹子莱莱|78/100 tox|[from] ability: Poison Heal
|upkeep
|turn|31
|
|t:|1769311819
|move|p2a: 蟹子莱莱|Protect|p2a: 蟹子莱莱
|-singleturn|p2a: 蟹子莱莱|Protect
|move|p1a: :3|Solar Blade|p2a: 蟹子莱莱|[from] lockedmove
|-activate|p2a: 蟹子莱莱|move: Protect
|
|-heal|p2a: 蟹子莱莱|91/100 tox|[from] ability: Poison Heal
|upkeep
|turn|32
|
|t:|1769311825
|move|p1a: :3|Synthesis|p1a: :3
|-heal|p1a: :3|100/100
|move|p2a: 蟹子莱莱|Toxic|p1a: :3
|-status|p1a: :3|tox
|
|-damage|p1a: :3|94/100 tox|[from] psn
|-heal|p2a: 蟹子莱莱|100/100 tox|[from] ability: Poison Heal
|upkeep
|turn|33
|
|t:|1769311830
|move|p1a: :3|Knock Off|p2a: 蟹子莱莱
|-damage|p2a: 蟹子莱莱|83/100 tox
|-enditem|p2a: 蟹子莱莱|Toxic Orb|[from] move: Knock Off|[of] p1a: :3
|move|p2a: 蟹子莱莱|Earthquake|p1a: :3
|-resisted|p1a: :3
|-damage|p1a: :3|79/100 tox
|
|-damage|p1a: :3|67/100 tox|[from] psn
|-heal|p2a: 蟹子莱莱|95/100 tox|[from] ability: Poison Heal
|upkeep
|turn|34
|
|t:|1769311834
|move|p2a: 蟹子莱莱|Protect|p2a: 蟹子莱莱
|-singleturn|p2a: 蟹子莱莱|Protect
|move|p1a: :3|Knock Off|p2a: 蟹子莱莱
|-activate|p2a: 蟹子莱莱|move: Protect
|
|-damage|p1a: :3|49/100 tox|[from] psn
|-heal|p2a: 蟹子莱莱|100/100 tox|[from] ability: Poison Heal
|upkeep
|turn|35
|
|t:|1769311837
|move|p1a: :3|Knock Off|p2a: 蟹子莱莱
|-damage|p2a: 蟹子莱莱|89/100 tox
|move|p2a: 蟹子莱莱|Toxic|p1a: :3
|-fail|p1a: :3|tox
|
|-damage|p1a: :3|24/100 tox|[from] psn
|-heal|p2a: 蟹子莱莱|100/100 tox|[from] ability: Poison Heal
|upkeep
|turn|36
|
|t:|1769311843
|move|p1a: :3|Knock Off|p2a: 蟹子莱莱
|-damage|p2a: 蟹子莱莱|88/100 tox
|move|p2a: 蟹子莱莱|Toxic|p1a: :3
|-fail|p1a: :3|tox
|
|-damage|p1a: :3|0 fnt|[from] psn
|faint|p1a: :3
|-heal|p2a: 蟹子莱莱|100/100 tox|[from] ability: Poison Heal
|upkeep
|
|t:|1769311845
|switch|p1a: WaWa|Walking Wake|88/100
|-damage|p1a: WaWa|76/100|[from] Stealth Rock
|turn|37
|
|t:|1769311848
|move|p1a: WaWa|Hydro Steam|p2a: 蟹子莱莱
|-supereffective|p2a: 蟹子莱莱
|-damage|p2a: 蟹子莱莱|0 fnt
|faint|p2a: 蟹子莱莱
|
|upkeep
|
|t:|1769311851
|switch|p2a: 厚底鞋铁鹅|Iron Moth, tera:Fairy|100/100
|turn|38
|
|t:|1769311854
|move|p2a: 厚底鞋铁鹅|Dazzling Gleam|p1a: WaWa
|-supereffective|p1a: WaWa
|-damage|p1a: WaWa|0 fnt
|faint|p1a: WaWa
|-end|p1a: WaWa|Protosynthesis|[silent]
|
|win|mankindes
|raw|simisearontop's rating: 1375 &rarr; <strong>1356</strong><br />(-19 for losing)
|raw|mankindes's rating: 1393 &rarr; <strong>1412</strong><br />(+19 for winning)
|l|☆simisearontop
|player|p1|
|l|☆mankindes
|player|p2|
