|j|☆ghighas
|j|☆rossetiger
|t:|1769322784
|gametype|singles
|player|p1|ghighas|ghetsis|1420
|player|p2|rossetiger|170|1431
|gen|9
|tier|[Gen 9] OU
|rated|
|rule|HP Percentage Mod: HP is shown in percentages
|rule|Endless Battle Clause: Forcing endless battles is banned
|rule|Species Clause: Limit one of each Pokémon
|rule|OHKO Clause: OHKO moves are banned
|rule|Evasion Items Clause: Evasion items are banned
|rule|Evasion Moves Clause: Evasion moves are banned
|rule|Evasion Abilities Clause: Evasion abilities are banned
|rule|Sleep Moves Clause: Sleep-inducing moves are banned
|clearpoke
|poke|p1|Barraskewda, F|
|poke|p1|Pelipper, M|
|poke|p1|Dondozo, M|
|poke|p1|Ogerpon-Wellspring, F|
|poke|p1|Goodra-Hisui, M|
|poke|p1|Great Tusk|
|poke|p2|Whimsicott, F|
|poke|p2|Houndstone, M|
|poke|p2|Sinistcha|
|poke|p2|Ting-Lu|
|poke|p2|Gholdengo|
|poke|p2|Glimmora, F|
|teampreview
|
|t:|1769322788
|teamsize|p1|6
|teamsize|p2|6
|start
|switch|p1a: Goodra|Goodra-Hisui, M|100/100
|switch|p2a: Glimmora|Glimmora, F|100/100
|turn|1
|
|t:|1769322796
|move|p2a: Glimmora|Stealth Rock|p1a: Goodra
|-sidestart|p1: ghighas|move: Stealth Rock
|move|p1a: Goodra|Flash Cannon|p2a: Glimmora
|-supereffective|p2a: Glimmora
|-damage|p2a: Glimmora|21/100
|
|upkeep
|turn|2
|
|t:|1769322798
|move|p2a: Glimmora|Spikes|p1a: Goodra
|-sidestart|p1: ghighas|Spikes
|move|p1a: Goodra|Flash Cannon|p2a: Glimmora
|-supereffective|p2a: Glimmora
|-damage|p2a: Glimmora|0 fnt
|faint|p2a: Glimmora
|
|upkeep
|
|t:|1769322809
|switch|p2a: Gholdengo|Gholdengo|100/100
|turn|3
|
|t:|1769322814
|switch|p1a: Pelipper|Pelipper, M|100/100
|-damage|p1a: Pelipper|76/100|[from] Stealth Rock
|-weather|RainDance|[from] ability: Drizzle|[of] p1a: Pelipper
|move|p2a: Gholdengo|Thunder Wave|p1a: Pelipper
|-status|p1a: Pelipper|par
|
|-weather|RainDance|[upkeep]
|upkeep
|turn|4
|
|t:|1769322816
|move|p2a: Gholdengo|Hex|p1a: Pelipper
|-crit|p1a: Pelipper
|-damage|p1a: Pelipper|0 fnt
|faint|p1a: Pelipper
|
|-weather|RainDance|[upkeep]
|upkeep
|
|t:|1769322819
|switch|p1a: Barraskewda|Barraskewda, F, shiny|100/100
|-damage|p1a: Barraskewda|88/100|[from] Stealth Rock
|-damage|p1a: Barraskewda|75/100|[from] Spikes
|turn|5
|
|t:|1769322829
|switch|p2a: Whimsicott|Whimsicott, F|100/100
|-terastallize|p1a: Barraskewda|Water
|move|p1a: Barraskewda|Liquidation|p2a: Whimsicott
|-resisted|p2a: Whimsicott
|-damage|p2a: Whimsicott|36/100
|
|-weather|RainDance|[upkeep]
|-heal|p2a: Whimsicott|42/100|[from] item: Leftovers
|upkeep
|turn|6
|inactive|Battle timer is ON: inactive players will automatically lose when time's up. (requested by ghighas)
|
|t:|1769322860
|switch|p1a: Goodra|Goodra-Hisui, M|100/100
|switch|p2a: Sinistcha|Sinistcha|100/100
|
|-weather|RainDance|[upkeep]
|upkeep
|turn|7
|
|t:|1769322865
|switch|p2a: Gholdengo|Gholdengo|100/100
|move|p1a: Goodra|Curse|p1a: Goodra
|-unboost|p1a: Goodra|spe|1
|-boost|p1a: Goodra|atk|1
|-boost|p1a: Goodra|def|1
|
|-weather|RainDance|[upkeep]
|upkeep
|turn|8
|
|t:|1769322868
|switch|p1a: Great Tusk|Great Tusk|100/100
|move|p2a: Gholdengo|Thunder Wave|p1a: Great Tusk
|-immune|p1a: Great Tusk
|
|-weather|RainDance|[upkeep]
|upkeep
|turn|9
|
|t:|1769322872
|switch|p2a: Sinistcha|Sinistcha|100/100
|move|p1a: Great Tusk|Knock Off|p2a: Sinistcha
|-supereffective|p2a: Sinistcha
|-damage|p2a: Sinistcha|61/100
|-enditem|p2a: Sinistcha|Heavy-Duty Boots|[from] move: Knock Off|[of] p1a: Great Tusk
|
|-weather|RainDance|[upkeep]
|upkeep
|turn|10
|
|t:|1769322878
|-end|p1a: Great Tusk|Protosynthesis|[silent]
|switch|p1a: Goodra|Goodra-Hisui, M|100/100
|move|p2a: Sinistcha|Strength Sap|p1a: Goodra
|-ability|p1a: Goodra|Sap Sipper|boost
|-boost|p1a: Goodra|atk|1
|
|-weather|none
|upkeep
|turn|11
|
|t:|1769322886
|switch|p2a: Gholdengo|Gholdengo|100/100
|move|p1a: Goodra|Dragon Tail|p2a: Gholdengo
|-resisted|p2a: Gholdengo
|-damage|p2a: Gholdengo|83/100
|drag|p2a: Whimsicott|Whimsicott, F|42/100
|
|-heal|p2a: Whimsicott|48/100|[from] item: Leftovers
|upkeep
|turn|12
|
|t:|1769322899
|switch|p2a: Gholdengo|Gholdengo|83/100
|move|p1a: Goodra|Flash Cannon|p2a: Gholdengo
|-resisted|p2a: Gholdengo
|-damage|p2a: Gholdengo|72/100
|
|upkeep
|turn|13
|
|t:|1769322901
|switch|p1a: Great Tusk|Great Tusk|100/100
|move|p2a: Gholdengo|Thunder Wave|p1a: Great Tusk
|-immune|p1a: Great Tusk
|
|upkeep
|turn|14
|
|t:|1769322909
|switch|p2a: Houndstone|Houndstone, M|100/100
|move|p1a: Great Tusk|Stealth Rock|p2a: Houndstone
|-sidestart|p2: rossetiger|move: Stealth Rock
|
|upkeep
|turn|15
|
|t:|1769322914
|-end|p1a: Great Tusk|Protosynthesis|[silent]
|switch|p1a: Dondozo|Dondozo, M|100/100
|-damage|p1a: Dondozo|88/100|[from] Stealth Rock
|-damage|p1a: Dondozo|75/100|[from] Spikes
|move|p2a: Houndstone|Will-O-Wisp|p1a: Dondozo|[miss]
|-miss|p2a: Houndstone|p1a: Dondozo
|
|-heal|p1a: Dondozo|82/100|[from] item: Leftovers
|upkeep
|turn|16
|
|t:|1769322918
|move|p2a: Houndstone|Will-O-Wisp|p1a: Dondozo|[miss]
|-miss|p2a: Houndstone|p1a: Dondozo
|move|p1a: Dondozo|Wave Crash|p2a: Houndstone
|-damage|p2a: Houndstone|86/100
|-damage|p1a: Dondozo|78/100|[from] Recoil
|
|-heal|p1a: Dondozo|84/100|[from] item: Leftovers
|upkeep
|turn|17
|
|t:|1769322929
|move|p2a: Houndstone|Will-O-Wisp|p1a: Dondozo
|-status|p1a: Dondozo|brn
|move|p1a: Dondozo|Curse|p1a: Dondozo
|-unboost|p1a: Dondozo|spe|1
|-boost|p1a: Dondozo|atk|1
|-boost|p1a: Dondozo|def|1
|
|-heal|p1a: Dondozo|91/100 brn|[from] item: Leftovers
|-damage|p1a: Dondozo|84/100 brn|[from] brn
|upkeep
|turn|18
|
|t:|1769322936
|move|p2a: Houndstone|Night Shade|p1a: Dondozo
|-damage|p1a: Dondozo|65/100 brn
|move|p1a: Dondozo|Wave Crash|p2a: Houndstone
|-crit|p2a: Houndstone
|-damage|p2a: Houndstone|69/100
|-damage|p1a: Dondozo|61/100 brn|[from] Recoil
|
|-heal|p1a: Dondozo|67/100 brn|[from] item: Leftovers
|-damage|p1a: Dondozo|61/100 brn|[from] brn
|upkeep
|turn|19
|
|t:|1769322951
|move|p2a: Houndstone|Night Shade|p1a: Dondozo
|-damage|p1a: Dondozo|41/100 brn
|move|p1a: Dondozo|Wave Crash|p2a: Houndstone
|-damage|p2a: Houndstone|58/100
|-damage|p1a: Dondozo|38/100 brn|[from] Recoil
|
|-heal|p1a: Dondozo|45/100 brn|[from] item: Leftovers
|-damage|p1a: Dondozo|38/100 brn|[from] brn
|upkeep
|turn|20
|
|t:|1769322955
|move|p1a: Dondozo|Rest|p1a: Dondozo
|-status|p1a: Dondozo|slp|[from] move: Rest
|-heal|p1a: Dondozo|100/100 slp|[silent]
|move|p2a: Houndstone|Roar|p1a: Dondozo
|drag|p1a: Great Tusk|Great Tusk|100/100
|
|upkeep
|turn|21
|
|t:|1769322960
|move|p1a: Great Tusk|Knock Off|p2a: Houndstone
|-supereffective|p2a: Houndstone
|-damage|p2a: Houndstone|36/100
|-enditem|p2a: Houndstone|Heavy-Duty Boots|[from] move: Knock Off|[of] p1a: Great Tusk
|move|p2a: Houndstone|Will-O-Wisp|p1a: Great Tusk
|-status|p1a: Great Tusk|brn
|
|-damage|p1a: Great Tusk|94/100 brn|[from] brn
|upkeep
|turn|22
|
|t:|1769322977
|move|p1a: Great Tusk|Earthquake|p2a: Houndstone
|-damage|p2a: Houndstone|20/100
|move|p2a: Houndstone|Pain Split|p1a: Great Tusk
|-sethp|p1a: Great Tusk|55/100 brn|[from] move: Pain Split|[silent]
|-sethp|p2a: Houndstone|69/100|[from] move: Pain Split
|
|-damage|p1a: Great Tusk|49/100 brn|[from] brn
|upkeep
|turn|23
|
|t:|1769322989
|-end|p1a: Great Tusk|Protosynthesis|[silent]
|switch|p1a: Goodra|Goodra-Hisui, M|100/100
|move|p2a: Houndstone|Night Shade|p1a: Goodra
|-damage|p1a: Goodra|73/100
|
|upkeep
|turn|24
|
|t:|1769322994
|move|p2a: Houndstone|Will-O-Wisp|p1a: Goodra
|-status|p1a: Goodra|brn
|move|p1a: Goodra|Dragon Tail|p2a: Houndstone
|-damage|p2a: Houndstone|65/100
|drag|p2a: Ting-Lu|Ting-Lu|100/100
|-damage|p2a: Ting-Lu|94/100|[from] Stealth Rock
|-ability|p2a: Ting-Lu|Vessel of Ruin
|
|-heal|p2a: Ting-Lu|100/100|[from] item: Leftovers
|-damage|p1a: Goodra|67/100 brn|[from] brn
|upkeep
|turn|25
|
|t:|1769323023
|switch|p1a: Ogerpon|Ogerpon-Wellspring, F|100/100
|-damage|p1a: Ogerpon|88/100|[from] Stealth Rock
|-damage|p1a: Ogerpon|75/100|[from] Spikes
|move|p2a: Ting-Lu|Spikes|p1a: Ogerpon
|-sidestart|p1: ghighas|Spikes
|
|upkeep
|turn|26
|
|t:|1769323041
|switch|p2a: Whimsicott|Whimsicott, F|48/100
|-damage|p2a: Whimsicott|36/100|[from] Stealth Rock
|move|p1a: Ogerpon|Swords Dance|p1a: Ogerpon
|-boost|p1a: Ogerpon|atk|2
|
|-heal|p2a: Whimsicott|42/100|[from] item: Leftovers
|upkeep
|turn|27
|
|t:|1769323053
|move|p2a: Whimsicott|Substitute|p2a: Whimsicott
|-start|p2a: Whimsicott|Substitute
|-damage|p2a: Whimsicott|18/100
|move|p1a: Ogerpon|Ivy Cudgel|p2a: Whimsicott|[anim] Ivy Cudgel Water
|-resisted|p2a: Whimsicott
|-end|p2a: Whimsicott|Substitute
|
|-heal|p2a: Whimsicott|24/100|[from] item: Leftovers
|upkeep
|turn|28
|
|t:|1769323059
|move|p1a: Ogerpon|Ivy Cudgel|p2a: Whimsicott|[anim] Ivy Cudgel Water
|-resisted|p2a: Whimsicott
|-damage|p2a: Whimsicott|0 fnt
|faint|p2a: Whimsicott
|
|upkeep
|
|t:|1769323067
|switch|p2a: Sinistcha|Sinistcha|61/100
|-damage|p2a: Sinistcha|49/100|[from] Stealth Rock
|turn|29
|
|t:|1769323076
|move|p1a: Ogerpon|Knock Off|p2a: Sinistcha
|-supereffective|p2a: Sinistcha
|-damage|p2a: Sinistcha|0 fnt
|faint|p2a: Sinistcha
|
|upkeep
|-message|rossetiger forfeited.
|
|win|ghighas
|raw|ghighas's rating: 1420 &rarr; <strong>1441</strong><br />(+21 for winning)
|raw|rossetiger's rating: 1431 &rarr; <strong>1410</strong><br />(-21 for losing)
|l|☆rossetiger
|player|p2|
|l|☆ghighas
|player|p1|
