|j|☆MonkeyKoko
|j|☆lilwaterbill
|t:|1769406006
|gametype|singles
|player|p1|MonkeyKoko|red|
|player|p2|lilwaterbill|cyrus-masters|
|gen|9
|tier|[Gen 9] OU
|rule|HP Percentage Mod: HP is shown in percentages
|rule|Endless Battle Clause: Forcing endless battles is banned
|rule|Species Clause: Limit one of each Pokémon
|rule|OHKO Clause: OHKO moves are banned
|rule|Evasion Items Clause: Evasion items are banned
|rule|Evasion Moves Clause: Evasion moves are banned
|rule|Evasion Abilities Clause: Evasion abilities are banned
|rule|Sleep Moves Clause: Sleep-inducing moves are banned
|clearpoke
|poke|p1|Rotom-Wash|
|poke|p1|Corviknight, M|
|poke|p1|Charizard, F|
|poke|p1|Kyurem|
|poke|p1|Jirachi|
|poke|p1|Greninja-*, M|
|poke|p2|Hydrapple, M|
|poke|p2|Primarina, M|
|poke|p2|Cinderace, M|
|poke|p2|Enamorus, F|
|poke|p2|Iron Treads|
|poke|p2|Zamazenta-*|
|teampreview
|inactive|Battle timer is ON: inactive players will automatically lose when time's up. (requested by lilwaterbill)
|
|t:|1769406027
|teamsize|p1|6
|teamsize|p2|6
|start
|switch|p1a: Rotom|Rotom-Wash|100/100
|switch|p2a: Iron Treads|Iron Treads|100/100
|turn|1
|
|t:|1769406038
|-end|p2a: Iron Treads|Quark Drive|[silent]
|switch|p2a: Hydrapple|Hydrapple, M|100/100
|move|p1a: Rotom|Hydro Pump|p2a: Hydrapple
|-resisted|p2a: Hydrapple
|-damage|p2a: Hydrapple|88/100
|
|upkeep
|turn|2
|j| Garnotashchimop
|
|t:|1769406068
|switch|p1a: Kyurem|Kyurem|100/100
|-ability|p1a: Kyurem|Pressure
|move|p2a: Hydrapple|Nasty Plot|p2a: Hydrapple
|-boost|p2a: Hydrapple|spa|2
|
|upkeep
|turn|3
|
|t:|1769406087
|-terastallize|p1a: Kyurem|Fire
|move|p1a: Kyurem|Dragon Dance|p1a: Kyurem
|-boost|p1a: Kyurem|atk|1
|-boost|p1a: Kyurem|spe|1
|move|p2a: Hydrapple|Fickle Beam|p1a: Kyurem
|-damage|p1a: Kyurem|35/100
|
|upkeep
|turn|4
|
|t:|1769406103
|-terastallize|p2a: Hydrapple|Fairy
|move|p1a: Kyurem|Icicle Spear|p2a: Hydrapple
|-damage|p2a: Hydrapple|76/100
|-damage|p2a: Hydrapple|66/100
|-damage|p2a: Hydrapple|55/100
|-damage|p2a: Hydrapple|44/100
|-hitcount|p2a: Hydrapple|4
|move|p2a: Hydrapple|Fickle Beam|p1a: Kyurem
|-damage|p1a: Kyurem|0 fnt
|faint|p1a: Kyurem
|
|upkeep
|inactive|MonkeyKoko has 270 seconds left.
|
|t:|1769406125
|switch|p1a: Greninja|Greninja, M|100/100
|turn|5
|
|t:|1769406139
|switch|p2a: Primarina|Primarina, M|100/100
|move|p1a: Greninja|Sludge Wave|p2a: Primarina
|-supereffective|p2a: Primarina
|-damage|p2a: Primarina|56/100
|-damage|p1a: Greninja|91/100|[from] item: Life Orb
|
|upkeep
|turn|6
|
|t:|1769406148
|move|p1a: Greninja|Sludge Wave|p2a: Primarina
|-supereffective|p2a: Primarina
|-crit|p2a: Primarina
|-damage|p2a: Primarina|0 fnt
|faint|p2a: Primarina
|-ability|p1a: Greninja|Battle Bond|boost
|-boost|p1a: Greninja|atk|1
|-boost|p1a: Greninja|spa|1
|-boost|p1a: Greninja|spe|1
|-activate|p1a: Greninja|ability: Battle Bond
|-damage|p1a: Greninja|81/100|[from] item: Life Orb
|
|upkeep
|
|t:|1769406163
|switch|p2a: Zamazenta|Zamazenta|100/100
|-ability|p2a: Zamazenta|Dauntless Shield|boost
|-boost|p2a: Zamazenta|def|1
|turn|7
|
|t:|1769406171
|move|p1a: Greninja|Surf|p2a: Zamazenta
|-damage|p2a: Zamazenta|36/100
|-damage|p1a: Greninja|71/100|[from] item: Life Orb
|move|p2a: Zamazenta|Body Press|p1a: Greninja
|-supereffective|p1a: Greninja
|-damage|p1a: Greninja|0 fnt
|faint|p1a: Greninja
|
|-heal|p2a: Zamazenta|42/100|[from] item: Leftovers
|upkeep
|
|t:|1769406184
|switch|p1a: Rotom|Rotom-Wash|100/100
|turn|8
|
|t:|1769406189
|switch|p2a: Hydrapple|Hydrapple, M, tera:Fairy|77/100
|move|p1a: Rotom|Hydro Pump|p2a: Hydrapple|[miss]
|-miss|p1a: Rotom|p2a: Hydrapple
|
|upkeep
|turn|9
|
|t:|1769406209
|move|p1a: Rotom|Hydro Pump|p2a: Hydrapple
|-damage|p2a: Hydrapple|30/100
|move|p2a: Hydrapple|Nasty Plot|p2a: Hydrapple
|-boost|p2a: Hydrapple|spa|2
|
|upkeep
|turn|10
|
|t:|1769406231
|move|p1a: Rotom|Hydro Pump|p2a: Hydrapple
|-damage|p2a: Hydrapple|0 fnt
|faint|p2a: Hydrapple
|
|upkeep
|inactive|lilwaterbill has 270 seconds left.
|
|t:|1769406261
|switch|p2a: Zamazenta|Zamazenta|42/100
|turn|11
|
|t:|1769406266
|move|p1a: Rotom|Hydro Pump|p2a: Zamazenta
|-damage|p2a: Zamazenta|1/100
|move|p2a: Zamazenta|Roar|p1a: Rotom
|drag|p1a: Space baby|Jirachi, shiny|100/100
|
|-heal|p2a: Zamazenta|7/100|[from] item: Leftovers
|upkeep
|turn|12
|
|t:|1769406276
|move|p2a: Zamazenta|Crunch|p1a: Space baby
|-supereffective|p1a: Space baby
|-damage|p1a: Space baby|61/100
|move|p1a: Space baby|Body Slam|p2a: Zamazenta
|-damage|p2a: Zamazenta|0 fnt
|faint|p2a: Zamazenta
|
|-heal|p1a: Space baby|67/100|[from] item: Leftovers
|upkeep
|
|t:|1769406292
|switch|p2a: Iron Treads|Iron Treads|100/100
|turn|13
|
|t:|1769406305
|switch|p1a: Big Chungazard|Charizard, F, shiny|100/100
|move|p2a: Iron Treads|Earthquake|p1a: Big Chungazard
|-immune|p1a: Big Chungazard
|
|upkeep
|turn|14
|
|t:|1769406317
|-end|p2a: Iron Treads|Quark Drive|[silent]
|switch|p2a: Cinderace|Cinderace, M|100/100
|move|p1a: Big Chungazard|Flame Charge|p2a: Cinderace
|-resisted|p2a: Cinderace
|-damage|p2a: Cinderace|88/100
|-boost|p1a: Big Chungazard|spe|1
|
|upkeep
|turn|15
|inactive|lilwaterbill has 270 seconds left.
|
|t:|1769406328
|move|p1a: Big Chungazard|Belly Drum|p1a: Big Chungazard
|-damage|p1a: Big Chungazard|50/100
|-setboost|p1a: Big Chungazard|atk|6|[from] move: Belly Drum
|-enditem|p1a: Big Chungazard|Sitrus Berry|[eat]
|-heal|p1a: Big Chungazard|75/100|[from] item: Sitrus Berry
|move|p2a: Cinderace|Pyro Ball|p1a: Big Chungazard
|-resisted|p1a: Big Chungazard
|-damage|p1a: Big Chungazard|42/100
|
|upkeep
|turn|16
|inactive|lilwaterbill has 270 seconds left.
|
|t:|1769406356
|switch|p2a: Enamorus|Enamorus, F|100/100
|move|p1a: Big Chungazard|Earthquake|p2a: Enamorus
|-immune|p2a: Enamorus
|
|upkeep
|turn|17
|
|t:|1769406371
|move|p1a: Big Chungazard|Acrobatics|p2a: Enamorus
|-crit|p2a: Enamorus
|-damage|p2a: Enamorus|0 fnt
|faint|p2a: Enamorus
|
|upkeep
|
|t:|1769406377
|switch|p2a: Iron Treads|Iron Treads|100/100
|turn|18
|
|t:|1769406383
|move|p1a: Big Chungazard|Flame Charge|p2a: Iron Treads
|-supereffective|p2a: Iron Treads
|-damage|p2a: Iron Treads|0 fnt
|-boost|p1a: Big Chungazard|spe|1
|faint|p2a: Iron Treads
|-end|p2a: Iron Treads|Quark Drive|[silent]
|
|upkeep
|
|t:|1769406386
|switch|p2a: Cinderace|Cinderace, M|88/100
|turn|19
|
|t:|1769406391
|move|p1a: Big Chungazard|Earthquake|p2a: Cinderace
|-supereffective|p2a: Cinderace
|-damage|p2a: Cinderace|0 fnt
|faint|p2a: Cinderace
|
|win|MonkeyKoko
