|j|☆gggggyyyyy
|j|☆leidianjiangjun123
|t:|1769319942
|gametype|singles
|player|p1|gggggyyyyy|cynthia-gen4|
|player|p2|leidianjiangjun123|1|
|gen|9
|tier|[Gen 9] OU
|rule|HP Percentage Mod: HP is shown in percentages
|rule|Endless Battle Clause: Forcing endless battles is banned
|rule|Species Clause: Limit one of each Pokémon
|rule|OHKO Clause: OHKO moves are banned
|rule|Evasion Items Clause: Evasion items are banned
|rule|Evasion Moves Clause: Evasion moves are banned
|rule|Evasion Abilities Clause: Evasion abilities are banned
|rule|Sleep Moves Clause: Sleep-inducing moves are banned
|clearpoke
|poke|p1|Zarude|
|poke|p1|Pecharunt|
|poke|p1|Clodsire, M|
|poke|p1|Gholdengo|
|poke|p1|Grimmsnarl, M|
|poke|p1|Alomomola, F|
|poke|p2|Latias, F|
|poke|p2|Gliscor, F|
|poke|p2|Garchomp, M|
|poke|p2|Fezandipiti, M|
|poke|p2|Garganacl, F|
|poke|p2|Gholdengo|
|teampreview
|
|t:|1769319954
|teamsize|p1|6
|teamsize|p2|6
|start
|switch|p1a: Grimmsnarl|Grimmsnarl, M|100/100
|switch|p2a: 江政蛆|Fezandipiti, M|100/100
|turn|1
|
|t:|1769319962
|move|p1a: Grimmsnarl|Trick|p2a: 江政蛆
|-activate|p1a: Grimmsnarl|move: Trick|[of] p2a: 江政蛆
|-item|p2a: 江政蛆|Choice Scarf|[from] move: Trick
|-item|p1a: Grimmsnarl|Leftovers|[from] move: Trick
|move|p2a: 江政蛆|Taunt|p1a: Grimmsnarl
|-start|p1a: Grimmsnarl|move: Taunt
|
|upkeep
|turn|2
|
|t:|1769319976
|move|p2a: 江政蛆|Taunt||[still]
|-fail|p2a: 江政蛆
|move|p1a: Grimmsnarl|Spirit Break|p2a: 江政蛆
|-resisted|p2a: 江政蛆
|-crit|p2a: 江政蛆
|-damage|p2a: 江政蛆|83/100
|-unboost|p2a: 江政蛆|spa|1
|
|upkeep
|turn|3
|
|t:|1769319985
|move|p2a: 江政蛆|Taunt||[still]
|-fail|p2a: 江政蛆
|move|p1a: Grimmsnarl|Spirit Break|p2a: 江政蛆
|-resisted|p2a: 江政蛆
|-damage|p2a: 江政蛆|71/100
|-unboost|p2a: 江政蛆|spa|1
|
|upkeep
|turn|4
|
|t:|1769319993
|switch|p2a: 杰哥|Gliscor, F, shiny|100/100
|move|p1a: Grimmsnarl|Spirit Break|p2a: 杰哥
|-damage|p2a: 杰哥|81/100
|-unboost|p2a: 杰哥|spa|1
|
|-end|p1a: Grimmsnarl|move: Taunt
|-status|p2a: 杰哥|tox|[from] item: Toxic Orb
|upkeep
|turn|5
|
|t:|1769320007
|move|p1a: Grimmsnarl|Bulk Up|p1a: Grimmsnarl
|-boost|p1a: Grimmsnarl|atk|1
|-boost|p1a: Grimmsnarl|def|1
|move|p2a: 杰哥|Toxic|p1a: Grimmsnarl
|-status|p1a: Grimmsnarl|tox
|
|-heal|p2a: 杰哥|93/100 tox|[from] ability: Poison Heal
|-damage|p1a: Grimmsnarl|94/100 tox|[from] psn
|upkeep
|turn|6
|
|t:|1769320018
|switch|p2a: 江政蛆|Fezandipiti, M|71/100
|move|p1a: Grimmsnarl|Bulk Up|p1a: Grimmsnarl
|-boost|p1a: Grimmsnarl|atk|1
|-boost|p1a: Grimmsnarl|def|1
|
|-heal|p1a: Grimmsnarl|100/100 tox|[from] item: Leftovers
|-damage|p1a: Grimmsnarl|88/100 tox|[from] psn
|upkeep
|turn|7
|
|t:|1769320028
|move|p2a: 江政蛆|Taunt|p1a: Grimmsnarl
|-start|p1a: Grimmsnarl|move: Taunt
|move|p1a: Grimmsnarl|Spirit Break|p2a: 江政蛆
|-resisted|p2a: 江政蛆
|-crit|p2a: 江政蛆
|-damage|p2a: 江政蛆|33/100
|-unboost|p2a: 江政蛆|spa|1
|
|-heal|p1a: Grimmsnarl|94/100 tox|[from] item: Leftovers
|-damage|p1a: Grimmsnarl|76/100 tox|[from] psn
|upkeep
|turn|8
|
|t:|1769320042
|switch|p2a: 高伟杰|Garchomp, M, shiny|100/100
|move|p1a: Grimmsnarl|Spirit Break|p2a: 高伟杰
|-supereffective|p2a: 高伟杰
|-damage|p2a: 高伟杰|9/100
|-unboost|p2a: 高伟杰|spa|1
|-damage|p1a: Grimmsnarl|64/100 tox|[from] ability: Rough Skin|[of] p2a: 高伟杰
|-damage|p1a: Grimmsnarl|47/100 tox|[from] item: Rocky Helmet|[of] p2a: 高伟杰
|
|-heal|p1a: Grimmsnarl|53/100 tox|[from] item: Leftovers
|-damage|p1a: Grimmsnarl|29/100 tox|[from] psn
|upkeep
|turn|9
|
|t:|1769320056
|move|p1a: Grimmsnarl|Sucker Punch|p2a: 高伟杰
|-damage|p2a: 高伟杰|0 fnt
|-damage|p1a: Grimmsnarl|16/100 tox|[from] ability: Rough Skin|[of] p2a: 高伟杰
|-damage|p1a: Grimmsnarl|0 fnt|[from] item: Rocky Helmet|[of] p2a: 高伟杰
|faint|p2a: 高伟杰
|faint|p1a: Grimmsnarl
|
|upkeep
|
|t:|1769320065
|switch|p2a: 追风老头|Latias, F|100/100
|switch|p1a: Gholdengo|Gholdengo|100/100
|turn|10
|
|t:|1769320075
|switch|p2a: 江政蛆|Fezandipiti, M|33/100
|move|p1a: Gholdengo|Trick|p2a: 江政蛆
|-activate|p1a: Gholdengo|move: Trick|[of] p2a: 江政蛆
|-item|p2a: 江政蛆|Choice Scarf|[from] move: Trick
|-item|p1a: Gholdengo|Choice Scarf|[from] move: Trick
|
|upkeep
|turn|11
|
|t:|1769320084
|move|p2a: 江政蛆|Taunt|p1a: Gholdengo
|-immune|p1a: Gholdengo|[from] ability: Good as Gold
|move|p1a: Gholdengo|Make It Rain|p2a: 江政蛆
|-supereffective|p2a: 江政蛆
|-damage|p2a: 江政蛆|0 fnt
|-unboost|p1a: Gholdengo|spa|1
|faint|p2a: 江政蛆
|
|upkeep
|
|t:|1769320095
|switch|p2a: 追风老头|Latias, F|100/100
|turn|12
|
|t:|1769320107
|switch|p1a: Clodsire|Clodsire, M|100/100
|move|p2a: 追风老头|Tailwind|p2a: 追风老头
|-sidestart|p2: leidianjiangjun123|move: Tailwind
|
|upkeep
|turn|13
|
|t:|1769320114
|move|p2a: 追风老头|Mist Ball|p1a: Clodsire
|-supereffective|p1a: Clodsire
|-damage|p1a: Clodsire|47/100
|move|p1a: Clodsire|Toxic|p2a: 追风老头
|-status|p2a: 追风老头|tox
|
|-heal|p1a: Clodsire|54/100|[from] item: Leftovers
|-damage|p2a: 追风老头|94/100 tox|[from] psn
|upkeep
|turn|14
|
|t:|1769320124
|move|p1a: Clodsire|Protect|p1a: Clodsire
|-singleturn|p1a: Clodsire|Protect
|move|p2a: 追风老头|Mist Ball|p1a: Clodsire
|-activate|p1a: Clodsire|move: Protect
|
|-heal|p1a: Clodsire|60/100|[from] item: Leftovers
|-damage|p2a: 追风老头|82/100 tox|[from] psn
|upkeep
|turn|15
|
|t:|1769320136
|switch|p1a: Zarude|Zarude|100/100
|move|p2a: 追风老头|Mist Ball|p1a: Zarude
|-immune|p1a: Zarude
|
|-damage|p2a: 追风老头|64/100 tox|[from] psn
|-sideend|p2: leidianjiangjun123|move: Tailwind
|upkeep
|turn|16
|
|t:|1769320147
|switch|p2a: 蔡辰|Garganacl, F|100/100
|move|p1a: Zarude|Knock Off|p2a: 蔡辰
|-damage|p2a: 蔡辰|52/100
|-enditem|p2a: 蔡辰|Leftovers|[from] move: Knock Off|[of] p1a: Zarude
|-damage|p1a: Zarude|91/100|[from] item: Life Orb
|
|upkeep
|turn|17
|
|t:|1769320160
|-terastallize|p2a: 蔡辰|Grass
|move|p1a: Zarude|Bulk Up|p1a: Zarude
|-boost|p1a: Zarude|atk|1
|-boost|p1a: Zarude|def|1
|move|p2a: 蔡辰|Iron Defense|p2a: 蔡辰
|-boost|p2a: 蔡辰|def|2
|
|upkeep
|turn|18
|
|t:|1769320173
|move|p1a: Zarude|U-turn|p2a: 蔡辰
|-supereffective|p2a: 蔡辰
|-damage|p2a: 蔡辰|16/100
|-damage|p1a: Zarude|81/100|[from] item: Life Orb
|
|t:|1769320181
|switch|p1a: Gholdengo|Gholdengo|100/100|[from] U-turn
|move|p2a: 蔡辰|Iron Defense|p2a: 蔡辰
|-boost|p2a: 蔡辰|def|2
|
|upkeep
|turn|19
|
|t:|1769320190
|move|p1a: Gholdengo|Trick|p2a: 蔡辰
|-activate|p1a: Gholdengo|move: Trick|[of] p2a: 蔡辰
|-item|p2a: 蔡辰|Choice Scarf|[from] move: Trick
|-enditem|p1a: Gholdengo|Choice Scarf|[silent]|[from] move: Trick
|move|p2a: 蔡辰|Salt Cure|p1a: Gholdengo
|-resisted|p1a: Gholdengo
|-damage|p1a: Gholdengo|93/100
|-start|p1a: Gholdengo|Salt Cure
|
|-damage|p1a: Gholdengo|68/100|[from] Salt Cure
|upkeep
|turn|20
|
|t:|1769320207
|move|p1a: Gholdengo|Make It Rain|p2a: 蔡辰
|-damage|p2a: 蔡辰|0 fnt
|-unboost|p1a: Gholdengo|spa|1
|faint|p2a: 蔡辰
|
|-damage|p1a: Gholdengo|43/100|[from] Salt Cure
|upkeep
|
|t:|1769320215
|switch|p2a: 追风老头|Latias, F|64/100 tox
|turn|21
|
|t:|1769320219
|move|p2a: 追风老头|Recover|p2a: 追风老头
|-heal|p2a: 追风老头|100/100 tox
|move|p1a: Gholdengo|Recover|p1a: Gholdengo
|-heal|p1a: Gholdengo|93/100
|
|-damage|p2a: 追风老头|94/100 tox|[from] psn
|-damage|p1a: Gholdengo|68/100|[from] Salt Cure
|upkeep
|turn|22
|
|t:|1769320230
|move|p2a: 追风老头|Tailwind|p2a: 追风老头
|-sidestart|p2: leidianjiangjun123|move: Tailwind
|move|p1a: Gholdengo|Recover|p1a: Gholdengo
|-heal|p1a: Gholdengo|100/100
|
|-damage|p2a: 追风老头|82/100 tox|[from] psn
|-damage|p1a: Gholdengo|76/100|[from] Salt Cure
|upkeep
|turn|23
|
|t:|1769320242
|switch|p1a: Clodsire|Clodsire, M|60/100
|move|p2a: 追风老头|Mist Ball|p1a: Clodsire
|-supereffective|p1a: Clodsire
|-damage|p1a: Clodsire|7/100
|
|-heal|p1a: Clodsire|13/100|[from] item: Leftovers
|-damage|p2a: 追风老头|64/100 tox|[from] psn
|upkeep
|turn|24
|
|t:|1769320252
|move|p1a: Clodsire|Protect|p1a: Clodsire
|-singleturn|p1a: Clodsire|Protect
|move|p2a: 追风老头|Recover|p2a: 追风老头
|-heal|p2a: 追风老头|100/100 tox
|
|-heal|p1a: Clodsire|19/100|[from] item: Leftovers
|-damage|p2a: 追风老头|76/100 tox|[from] psn
|upkeep
|turn|25
|
|t:|1769320264
|switch|p1a: Zarude|Zarude|81/100
|move|p2a: 追风老头|Mist Ball|p1a: Zarude
|-immune|p1a: Zarude
|
|-damage|p2a: 追风老头|46/100 tox|[from] psn
|-sideend|p2: leidianjiangjun123|move: Tailwind
|upkeep
|turn|26
|
|t:|1769320275
|switch|p2a: 杰哥|Gliscor, F, shiny|93/100 tox
|move|p1a: Zarude|Knock Off|p2a: 杰哥
|-damage|p2a: 杰哥|54/100 tox
|-enditem|p2a: 杰哥|Toxic Orb|[from] move: Knock Off|[of] p1a: Zarude
|-damage|p1a: Zarude|71/100|[from] item: Life Orb
|
|-heal|p2a: 杰哥|67/100 tox|[from] ability: Poison Heal
|upkeep
|turn|27
|
|t:|1769320287
|move|p1a: Zarude|U-turn|p2a: 杰哥
|-resisted|p2a: 杰哥
|-damage|p2a: 杰哥|58/100 tox
|-damage|p1a: Zarude|61/100|[from] item: Life Orb
|
|t:|1769320297
|switch|p1a: Alomomola|Alomomola, F|100/100|[from] U-turn
|move|p2a: 杰哥|Toxic|p1a: Alomomola
|-status|p1a: Alomomola|tox
|
|-heal|p2a: 杰哥|70/100 tox|[from] ability: Poison Heal
|-damage|p1a: Alomomola|94/100 tox|[from] psn
|upkeep
|turn|28
|
|t:|1769320309
|move|p2a: 杰哥|Stealth Rock|p1a: Alomomola
|-sidestart|p1: gggggyyyyy|move: Stealth Rock
|move|p1a: Alomomola|Wish|p1a: Alomomola
|
|-heal|p1a: Alomomola|100/100 tox|[from] item: Leftovers
|-heal|p2a: 杰哥|82/100 tox|[from] ability: Poison Heal
|-damage|p1a: Alomomola|88/100 tox|[from] psn
|upkeep
|turn|29
|
|t:|1769320318
|move|p2a: 杰哥|Earthquake|p1a: Alomomola
|-damage|p1a: Alomomola|70/100 tox
|move|p1a: Alomomola|Ice Beam|p2a: 杰哥
|-supereffective|p2a: 杰哥
|-damage|p2a: 杰哥|27/100 tox
|
|-heal|p1a: Alomomola|100/100 tox|[from] move: Wish|[wisher] Alomomola
|-heal|p2a: 杰哥|39/100 tox|[from] ability: Poison Heal
|-damage|p1a: Alomomola|82/100 tox|[from] psn
|upkeep
|turn|30
|
|t:|1769320331
|switch|p2a: ex|Gholdengo, shiny|100/100
|move|p1a: Alomomola|Ice Beam|p2a: ex
|-resisted|p2a: ex
|-damage|p2a: ex|94/100
|
|-heal|p1a: Alomomola|88/100 tox|[from] item: Leftovers
|-damage|p1a: Alomomola|63/100 tox|[from] psn
|upkeep
|turn|31
|
|t:|1769320342
|switch|p1a: Zarude|Zarude|61/100
|-damage|p1a: Zarude|48/100|[from] Stealth Rock
|move|p2a: ex|Make It Rain|p1a: Zarude
|-damage|p1a: Zarude|0 fnt
|-unboost|p2a: ex|spa|1
|faint|p1a: Zarude
|
|upkeep
|
|t:|1769320353
|switch|p1a: Gholdengo|Gholdengo|76/100
|-damage|p1a: Gholdengo|70/100|[from] Stealth Rock
|turn|32
|
|t:|1769320367
|move|p2a: ex|Make It Rain|p1a: Gholdengo
|-resisted|p1a: Gholdengo
|-damage|p1a: Gholdengo|42/100
|-unboost|p2a: ex|spa|1
|move|p1a: Gholdengo|Recover|p1a: Gholdengo
|-heal|p1a: Gholdengo|92/100
|
|upkeep
|turn|33
|
|t:|1769320379
|switch|p2a: 杰哥|Gliscor, F, shiny|39/100 tox
|move|p1a: Gholdengo|Nasty Plot|p1a: Gholdengo
|-boost|p1a: Gholdengo|spa|2
|
|-heal|p2a: 杰哥|52/100 tox|[from] ability: Poison Heal
|upkeep
|turn|34
|
|t:|1769320390
|move|p2a: 杰哥|Earthquake|p1a: Gholdengo
|-supereffective|p1a: Gholdengo
|-damage|p1a: Gholdengo|40/100
|move|p1a: Gholdengo|Make It Rain|p2a: 杰哥
|-damage|p2a: 杰哥|0 fnt
|-unboost|p1a: Gholdengo|spa|1
|faint|p2a: 杰哥
|
|upkeep
|
|t:|1769320400
|switch|p2a: ex|Gholdengo, shiny|94/100
|turn|35
|
|t:|1769320406
|move|p2a: ex|Make It Rain|p1a: Gholdengo
|-resisted|p1a: Gholdengo
|-damage|p1a: Gholdengo|0 fnt
|-unboost|p2a: ex|spa|1
|faint|p1a: Gholdengo
|
|upkeep
|
|t:|1769320417
|switch|p1a: Alomomola|Alomomola, F|63/100 tox
|-damage|p1a: Alomomola|51/100 tox|[from] Stealth Rock
|turn|36
|
|t:|1769320424
|move|p2a: ex|Make It Rain|p1a: Alomomola
|-resisted|p1a: Alomomola
|-damage|p1a: Alomomola|11/100 tox
|-unboost|p2a: ex|spa|1
|move|p1a: Alomomola|Wish|p1a: Alomomola
|
|-heal|p1a: Alomomola|17/100 tox|[from] item: Leftovers
|-damage|p1a: Alomomola|11/100 tox|[from] psn
|upkeep
|turn|37
|
|t:|1769320435
|switch|p1a: Clodsire|Clodsire, M|19/100
|-damage|p1a: Clodsire|13/100|[from] Stealth Rock
|move|p2a: ex|Make It Rain|p1a: Clodsire
|-damage|p1a: Clodsire|0 fnt
|-unboost|p2a: ex|spa|1
|faint|p1a: Clodsire
|
|upkeep
|
|t:|1769320448
|switch|p1a: Pecharunt|Pecharunt|100/100
|-damage|p1a: Pecharunt|88/100|[from] Stealth Rock
|turn|38
|
|t:|1769320457
|switch|p2a: 追风老头|Latias, F|46/100 tox
|move|p1a: Pecharunt|Nasty Plot|p1a: Pecharunt
|-boost|p1a: Pecharunt|spa|2
|
|-damage|p2a: 追风老头|40/100 tox|[from] psn
|upkeep
|turn|39
|
|t:|1769320467
|move|p2a: 追风老头|Mist Ball|p1a: Pecharunt
|-supereffective|p1a: Pecharunt
|-damage|p1a: Pecharunt|27/100
|move|p1a: Pecharunt|Nasty Plot|p1a: Pecharunt
|-boost|p1a: Pecharunt|spa|2
|
|-damage|p2a: 追风老头|28/100 tox|[from] psn
|upkeep
|turn|40
|
|t:|1769320476
|move|p2a: 追风老头|Mist Ball|p1a: Pecharunt
|-supereffective|p1a: Pecharunt
|-crit|p1a: Pecharunt
|-damage|p1a: Pecharunt|0 fnt
|faint|p1a: Pecharunt
|
|-damage|p2a: 追风老头|10/100 tox|[from] psn
|upkeep
|
|t:|1769320484
|switch|p1a: Alomomola|Alomomola, F|11/100 tox
|-damage|p1a: Alomomola|0 fnt|[from] Stealth Rock
|faint|p1a: Alomomola
|
|win|leidianjiangjun123
