|j|☆chibi tanjiro
|j|☆Ryan's World
|t:|1769315077
|gametype|singles
|player|p1|chibi tanjiro|170|1623
|player|p2|Ryan's World|169|1646
|gen|9
|tier|[Gen 9] OU
|rated|
|rule|HP Percentage Mod: HP is shown in percentages
|rule|Endless Battle Clause: Forcing endless battles is banned
|rule|Species Clause: Limit one of each Pokémon
|rule|OHKO Clause: OHKO moves are banned
|rule|Evasion Items Clause: Evasion items are banned
|rule|Evasion Moves Clause: Evasion moves are banned
|rule|Evasion Abilities Clause: Evasion abilities are banned
|rule|Sleep Moves Clause: Sleep-inducing moves are banned
|clearpoke
|poke|p1|Zarude-Dada|
|poke|p1|Pecharunt|
|poke|p1|Great Tusk|
|poke|p1|Alomomola, M|
|poke|p1|Landorus-Therian, M|
|poke|p1|Raging Bolt|
|poke|p2|Corviknight, F|
|poke|p2|Hatterene, F|
|poke|p2|Great Tusk|
|poke|p2|Slowking-Galar, F|
|poke|p2|Kyurem|
|poke|p2|Kingambit, F|
|teampreview
|inactive|Battle timer is ON: inactive players will automatically lose when time's up. (requested by Ryan's World)
|
|t:|1769315085
|teamsize|p1|6
|teamsize|p2|6
|start
|switch|p1a: Zarude|Zarude-Dada|100/100
|switch|p2a: Kyurem|Kyurem|100/100
|-ability|p2a: Kyurem|Pressure
|turn|1
|
|t:|1769315092
|-terastallize|p1a: Zarude|Dark
|move|p2a: Kyurem|Protect|p2a: Kyurem
|-singleturn|p2a: Kyurem|Protect
|move|p1a: Zarude|Knock Off|p2a: Kyurem
|-activate|p2a: Kyurem|move: Protect
|
|upkeep
|turn|2
|
|t:|1769315102
|switch|p2a: Corviknight|Corviknight, F|100/100
|-ability|p2a: Corviknight|Pressure
|move|p1a: Zarude|Knock Off|p2a: Corviknight
|-damage|p2a: Corviknight|59/100
|-damage|p1a: Zarude|84/100|[from] item: Rocky Helmet|[of] p2a: Corviknight
|-enditem|p2a: Corviknight|Rocky Helmet|[from] move: Knock Off|[of] p1a: Zarude
|
|upkeep
|turn|3
|
|t:|1769315108
|switch|p1a: Pecharunt|Pecharunt|100/100
|move|p2a: Corviknight|Roost|p2a: Corviknight
|-heal|p2a: Corviknight|100/100
|-singleturn|p2a: Corviknight|move: Roost
|
|upkeep
|turn|4
|
|t:|1769315113
|move|p1a: Pecharunt|Parting Shot|p2a: Corviknight
|-unboost|p2a: Corviknight|atk|1
|-unboost|p2a: Corviknight|spa|1
|
|t:|1769315115
|switch|p1a: Landorus|Landorus-Therian, M|100/100|[from] Parting Shot
|-ability|p1a: Landorus|Intimidate|boost
|-unboost|p2a: Corviknight|atk|1
|move|p2a: Corviknight|Iron Defense|p2a: Corviknight
|-boost|p2a: Corviknight|def|2
|
|upkeep
|turn|5
|
|t:|1769315118
|switch|p2a: Hatterene|Hatterene, F|100/100
|move|p1a: Landorus|Stealth Rock|p2a: Hatterene
|move|p2a: Hatterene|Stealth Rock|p1a: Landorus|[from] ability: Magic Bounce
|-sidestart|p1: chibi tanjiro|move: Stealth Rock
|
|upkeep
|turn|6
|
|t:|1769315123
|move|p1a: Landorus|Earth Power|p2a: Hatterene
|-damage|p2a: Hatterene|65/100
|-unboost|p2a: Hatterene|spd|1
|move|p2a: Hatterene|Psychic Noise|p1a: Landorus
|-damage|p1a: Landorus|66/100
|-start|p1a: Landorus|move: Heal Block
|
|upkeep
|turn|7
|
|t:|1769315130
|move|p1a: Landorus|U-turn|p2a: Hatterene
|-damage|p2a: Hatterene|49/100
|-damage|p1a: Landorus|49/100|[from] item: Rocky Helmet|[of] p2a: Hatterene
|
|t:|1769315137
|switch|p1a: Pecharunt|Pecharunt|100/100|[from] U-turn
|-damage|p1a: Pecharunt|88/100|[from] Stealth Rock
|move|p2a: Hatterene|Pain Split|p1a: Pecharunt
|-sethp|p1a: Pecharunt|65/100|[from] move: Pain Split|[silent]
|-sethp|p2a: Hatterene|77/100|[from] move: Pain Split
|
|upkeep
|turn|8
|
|t:|1769315147
|switch|p2a: Kingambit|Kingambit, F|100/100
|move|p1a: Pecharunt|Shadow Ball|p2a: Kingambit
|-resisted|p2a: Kingambit
|-damage|p2a: Kingambit|88/100
|
|-heal|p2a: Kingambit|94/100|[from] item: Leftovers
|upkeep
|turn|9
|
|t:|1769315152
|move|p1a: Pecharunt|Parting Shot|p2a: Kingambit
|-unboost|p2a: Kingambit|atk|1
|-unboost|p2a: Kingambit|spa|1
|
|t:|1769315153
|switch|p1a: Landorus|Landorus-Therian, M|49/100|[from] Parting Shot
|-damage|p1a: Landorus|37/100|[from] Stealth Rock
|-ability|p1a: Landorus|Intimidate|boost
|-unboost|p2a: Kingambit|atk|1
|move|p2a: Kingambit|Kowtow Cleave|p1a: Landorus
|-damage|p1a: Landorus|13/100
|-damage|p2a: Kingambit|78/100|[from] item: Rocky Helmet|[of] p1a: Landorus
|
|-heal|p2a: Kingambit|84/100|[from] item: Leftovers
|upkeep
|turn|10
|
|t:|1769315162
|-end|p2a: Kingambit|fallenundefined|[silent]
|switch|p2a: Hatterene|Hatterene, F|77/100
|move|p1a: Landorus|Stealth Rock|p2a: Hatterene
|move|p2a: Hatterene|Stealth Rock||[from] ability: Magic Bounce|[still]
|-fail|p2a: Hatterene
|
|upkeep
|turn|11
|
|t:|1769315168
|move|p1a: Landorus|Earth Power|p2a: Hatterene
|-damage|p2a: Hatterene|44/100
|move|p2a: Hatterene|Psychic Noise|p1a: Landorus
|-damage|p1a: Landorus|0 fnt
|faint|p1a: Landorus
|
|upkeep
|
|t:|1769315172
|switch|p1a: Zarude|Zarude-Dada, tera:Dark|84/100
|-damage|p1a: Zarude|72/100|[from] Stealth Rock
|turn|12
|
|t:|1769315174
|switch|p2a: Corviknight|Corviknight, F|100/100
|-ability|p2a: Corviknight|Pressure
|move|p1a: Zarude|Knock Off|p2a: Corviknight
|-damage|p2a: Corviknight|75/100
|
|upkeep
|turn|13
|
|t:|1769315184
|switch|p1a: Great Tusk|Great Tusk|100/100
|move|p2a: Corviknight|Body Press|p1a: Great Tusk
|-damage|p1a: Great Tusk|79/100
|
|upkeep
|turn|14
|
|t:|1769315190
|move|p1a: Great Tusk|Rapid Spin|p2a: Corviknight
|-resisted|p2a: Corviknight
|-damage|p2a: Corviknight|71/100
|-boost|p1a: Great Tusk|spe|1
|-sideend|p1: chibi tanjiro|Stealth Rock|[from] move: Rapid Spin|[of] p1a: Great Tusk
|move|p2a: Corviknight|Iron Defense|p2a: Corviknight
|-boost|p2a: Corviknight|def|2
|
|upkeep
|turn|15
|j| Noamm
|
|t:|1769315195
|-end|p1a: Great Tusk|Protosynthesis|[silent]
|switch|p1a: Pecharunt|Pecharunt|65/100
|switch|p2a: Kingambit|Kingambit, F|84/100
|
|-heal|p2a: Kingambit|90/100|[from] item: Leftovers
|upkeep
|turn|16
|
|t:|1769315200
|move|p1a: Pecharunt|Parting Shot|p2a: Kingambit
|-unboost|p2a: Kingambit|atk|1
|-unboost|p2a: Kingambit|spa|1
|
|t:|1769315203
|switch|p1a: Great Tusk|Great Tusk|79/100|[from] Parting Shot
|move|p2a: Kingambit|Swords Dance|p2a: Kingambit
|-boost|p2a: Kingambit|atk|2
|
|-heal|p2a: Kingambit|97/100|[from] item: Leftovers
|upkeep
|turn|17
|
|t:|1769315218
|-terastallize|p2a: Kingambit|Fairy
|move|p1a: Great Tusk|Close Combat|p2a: Kingambit
|-resisted|p2a: Kingambit
|-damage|p2a: Kingambit|74/100
|-unboost|p1a: Great Tusk|def|1
|-unboost|p1a: Great Tusk|spd|1
|move|p2a: Kingambit|Tera Blast|p1a: Great Tusk|[anim] Tera Blast Fairy
|-supereffective|p1a: Great Tusk
|-damage|p1a: Great Tusk|0 fnt
|faint|p1a: Great Tusk
|-end|p1a: Great Tusk|Protosynthesis|[silent]
|
|-heal|p2a: Kingambit|80/100|[from] item: Leftovers
|upkeep
|
|t:|1769315221
|switch|p1a: Pecharunt|Pecharunt|65/100
|turn|18
|
|t:|1769315225
|move|p1a: Pecharunt|Recover|p1a: Pecharunt
|-heal|p1a: Pecharunt|100/100
|move|p2a: Kingambit|Kowtow Cleave|p1a: Pecharunt
|-supereffective|p1a: Pecharunt
|-damage|p1a: Pecharunt|34/100
|-damage|p2a: Kingambit|64/100|[from] item: Rocky Helmet|[of] p1a: Pecharunt
|
|-heal|p2a: Kingambit|70/100|[from] item: Leftovers
|upkeep
|turn|19
|
|t:|1769315230
|move|p1a: Pecharunt|Recover|p1a: Pecharunt
|-heal|p1a: Pecharunt|84/100
|move|p2a: Kingambit|Kowtow Cleave|p1a: Pecharunt
|-supereffective|p1a: Pecharunt
|-damage|p1a: Pecharunt|17/100
|-damage|p2a: Kingambit|54/100|[from] item: Rocky Helmet|[of] p1a: Pecharunt
|
|-heal|p2a: Kingambit|60/100|[from] item: Leftovers
|upkeep
|turn|20
|
|t:|1769315235
|move|p2a: Kingambit|Sucker Punch|p1a: Pecharunt
|-supereffective|p1a: Pecharunt
|-damage|p1a: Pecharunt|0 fnt
|-damage|p2a: Kingambit|43/100|[from] item: Rocky Helmet|[of] p1a: Pecharunt
|faint|p1a: Pecharunt
|
|-heal|p2a: Kingambit|50/100|[from] item: Leftovers
|upkeep
|
|t:|1769315238
|switch|p1a: Raging Bolt|Raging Bolt|100/100
|-item|p1a: Raging Bolt|Air Balloon
|turn|21
|
|t:|1769315248
|-end|p2a: Kingambit|fallenundefined|[silent]
|switch|p2a: Great Tusk|Great Tusk|100/100
|move|p1a: Raging Bolt|Thunderbolt|p2a: Great Tusk
|-immune|p2a: Great Tusk
|
|upkeep
|turn|22
|
|t:|1769315253
|move|p2a: Great Tusk|Close Combat|p1a: Raging Bolt
|-damage|p1a: Raging Bolt|45/100
|-unboost|p2a: Great Tusk|def|1
|-unboost|p2a: Great Tusk|spd|1
|-enditem|p1a: Raging Bolt|Air Balloon
|move|p1a: Raging Bolt|Dragon Pulse|p2a: Great Tusk
|-damage|p2a: Great Tusk|0 fnt
|faint|p2a: Great Tusk
|-end|p2a: Great Tusk|Protosynthesis|[silent]
|
|upkeep
|
|t:|1769315258
|switch|p2a: Kyurem|Kyurem|100/100
|-ability|p2a: Kyurem|Pressure
|turn|23
|
|t:|1769315260
|move|p2a: Kyurem|Freeze-Dry|p1a: Raging Bolt
|-supereffective|p1a: Raging Bolt
|-damage|p1a: Raging Bolt|0 fnt
|faint|p1a: Raging Bolt
|-end|p1a: Raging Bolt|Protosynthesis|[silent]
|
|upkeep
|
|t:|1769315261
|switch|p1a: Zarude|Zarude-Dada, tera:Dark|72/100
|turn|24
|
|t:|1769315267
|switch|p2a: Corviknight|Corviknight, F|71/100
|-ability|p2a: Corviknight|Pressure
|move|p1a: Zarude|U-turn|p2a: Corviknight
|-resisted|p2a: Corviknight
|-damage|p2a: Corviknight|68/100
|
|t:|1769315269
|switch|p1a: Alomomola|Alomomola, M|100/100|[from] U-turn
|
|upkeep
|turn|25
|
|t:|1769315272
|move|p2a: Corviknight|Iron Defense|p2a: Corviknight
|-boost|p2a: Corviknight|def|2
|move|p1a: Alomomola|Scald|p2a: Corviknight
|-damage|p2a: Corviknight|55/100
|
|upkeep
|turn|26
|
|t:|1769315279
|move|p2a: Corviknight|Iron Defense|p2a: Corviknight
|-boost|p2a: Corviknight|def|2
|move|p1a: Alomomola|Alluring Voice|p2a: Corviknight
|-resisted|p2a: Corviknight
|-damage|p2a: Corviknight|51/100
|-start|p2a: Corviknight|confusion
|
|upkeep
|turn|27
|
|t:|1769315283
|-activate|p2a: Corviknight|confusion
|move|p2a: Corviknight|Roost|p2a: Corviknight
|-heal|p2a: Corviknight|100/100
|-singleturn|p2a: Corviknight|move: Roost
|move|p1a: Alomomola|Scald|p2a: Corviknight
|-damage|p2a: Corviknight|87/100
|
|upkeep
|turn|28
|j| Shucklepilled
|
|t:|1769315294
|switch|p2a: Slowking|Slowking-Galar, F|100/100
|move|p1a: Alomomola|Flip Turn|p2a: Slowking
|-damage|p2a: Slowking|82/100
|
|t:|1769315295
|switch|p1a: Zarude|Zarude-Dada, tera:Dark|72/100|[from] Flip Turn
|
|-heal|p2a: Slowking|88/100|[from] item: Black Sludge
|upkeep
|turn|29
|
|t:|1769315306
|switch|p2a: Corviknight|Corviknight, F|87/100
|-ability|p2a: Corviknight|Pressure
|move|p1a: Zarude|Knock Off|p2a: Corviknight
|-damage|p2a: Corviknight|60/100
|
|upkeep
|turn|30
|-message|chibi tanjiro forfeited.
|
|win|Ryan's World
|raw|chibi tanjiro's rating: 1623 &rarr; <strong>1604</strong><br />(-19 for losing)
|raw|Ryan&apos;s World's rating: 1646 &rarr; <strong>1665</strong><br />(+19 for winning)
|l|☆chibi tanjiro
|player|p1|
|l|☆Ryan's World
|player|p2|
|l| Noamm
|j| Noamm
|l| Noamm
