|j|☆sirhaxalotthethird
|j|☆OUFR Test Alt 12
|t:|1769383976
|gametype|singles
|player|p1|sirhaxalotthethird|2|1154
|player|p2|OUFR Test Alt 12|iono-masters2|1168
|gen|9
|tier|[Gen 9] OU
|rated|
|rule|HP Percentage Mod: HP is shown in percentages
|rule|Endless Battle Clause: Forcing endless battles is banned
|rule|Species Clause: Limit one of each Pokémon
|rule|OHKO Clause: OHKO moves are banned
|rule|Evasion Items Clause: Evasion items are banned
|rule|Evasion Moves Clause: Evasion moves are banned
|rule|Evasion Abilities Clause: Evasion abilities are banned
|rule|Sleep Moves Clause: Sleep-inducing moves are banned
|clearpoke
|poke|p1|Magcargo, F|
|poke|p1|Ninetales-Alola, F|
|poke|p1|Gholdengo|
|poke|p1|Hatterene, F|
|poke|p1|Kingambit, M|
|poke|p1|Garchomp, M|
|poke|p2|Tinkaton, F|
|poke|p2|Ogerpon, F|
|poke|p2|Great Tusk|
|poke|p2|Pecharunt|
|poke|p2|Alomomola, M|
|poke|p2|Hydreigon, M|
|teampreview
|j| pinkstork
|j| Audio Peel
|
|t:|1769384003
|teamsize|p1|6
|teamsize|p2|6
|start
|switch|p1a: 747|Garchomp, M|100/100
|switch|p2a: Anonymous|Ogerpon, F|100/100
|turn|1
|inactive|Battle timer is ON: inactive players will automatically lose when time's up. (requested by sirhaxalotthethird)
|l| pinkstork
|
|t:|1769384013
|move|p2a: Anonymous|Ivy Cudgel|p1a: 747
|-damage|p1a: 747|27/100
|move|p1a: 747|Scale Shot|p2a: Anonymous|[miss]
|-miss|p1a: 747|p2a: Anonymous
|
|upkeep
|turn|2
|j| Naidacra
|
|t:|1769384024
|move|p2a: Anonymous|Ivy Cudgel|p1a: 747
|-damage|p1a: 747|0 fnt
|faint|p1a: 747
|
|upkeep
|j| self-hacking
|l| Naidacra
|inactive|sirhaxalotthethird has 120 seconds left.
|
|t:|1769384050
|switch|p1a: Gholdengo|Gholdengo|100/100
|turn|3
|j| Naidacra
|
|t:|1769384055
|switch|p2a: Pisces|Alomomola, M, shiny|100/100
|move|p1a: Gholdengo|Nasty Plot|p1a: Gholdengo
|-boost|p1a: Gholdengo|spa|2
|
|upkeep
|turn|4
|
|t:|1769384065
|move|p1a: Gholdengo|Shadow Ball|p2a: Pisces
|-damage|p2a: Pisces|59/100
|-unboost|p2a: Pisces|spd|1
|move|p2a: Pisces|Mirror Coat|p1a: Gholdengo
|-damage|p1a: Gholdengo|0 fnt
|faint|p1a: Gholdengo
|
|upkeep
|
|t:|1769384078
|switch|p1a: Ninetales|Ninetales-Alola, F|100/100
|-weather|Snowscape|[from] ability: Snow Warning|[of] p1a: Ninetales
|turn|5
|c| self-hacking|hi red white and bird
|
|t:|1769384092
|switch|p2a: Overseer|Pecharunt|100/100
|move|p1a: Ninetales|Aurora Veil|p1a: Ninetales
|-sidestart|p1: sirhaxalotthethird|move: Aurora Veil
|
|-weather|Snowscape|[upkeep]
|upkeep
|turn|6
|
|t:|1769384107
|switch|p1a: Kingambit|Kingambit, M|100/100
|-activate|p1a: Kingambit|ability: Supreme Overlord
|-start|p1a: Kingambit|fallen2|[silent]
|-item|p1a: Kingambit|Air Balloon
|move|p2a: Overseer|Parting Shot|p1a: Kingambit
|-unboost|p1a: Kingambit|atk|1
|-unboost|p1a: Kingambit|spa|1
|l| Naidacra
|
|t:|1769384116
|switch|p2a: Pisces|Alomomola, M, shiny|92/100|[from] Parting Shot
|
|-weather|Snowscape|[upkeep]
|upkeep
|turn|7
|
|t:|1769384132
|-end|p1a: Kingambit|fallen2|[silent]
|switch|p1a: Hatterene|Hatterene, F|100/100
|move|p2a: Pisces|Flip Turn|p1a: Hatterene
|-damage|p1a: Hatterene|94/100
|
|t:|1769384141
|switch|p2a: Smile.exe|Tinkaton, F, shiny|100/100|[from] Flip Turn
|-item|p2a: Smile.exe|Air Balloon
|
|-weather|Snowscape|[upkeep]
|upkeep
|turn|8
|
|t:|1769384147
|move|p2a: Smile.exe|Gigaton Hammer|p1a: Hatterene
|-supereffective|p1a: Hatterene
|-damage|p1a: Hatterene|43/100
|move|p1a: Hatterene|Nuzzle|p2a: Smile.exe
|-damage|p2a: Smile.exe|95/100
|-status|p2a: Smile.exe|par
|-enditem|p2a: Smile.exe|Air Balloon
|-enditem|p1a: Hatterene|Covert Cloak|[silent]|[from] ability: Pickpocket|[of] p1a: Hatterene
|-item|p2a: Smile.exe|Covert Cloak|[from] ability: Pickpocket|[of] p1a: Hatterene
|
|-weather|Snowscape|[upkeep]
|upkeep
|turn|9
|
|t:|1769384159
|move|p2a: Smile.exe|Ice Hammer|p1a: Hatterene
|-damage|p1a: Hatterene|34/100
|-unboost|p2a: Smile.exe|spe|1
|move|p1a: Hatterene|Psychic Noise|p2a: Smile.exe
|-resisted|p2a: Smile.exe
|-damage|p2a: Smile.exe|77/100 par
|
|-weather|none
|upkeep
|turn|10
|
|t:|1769384164
|move|p1a: Hatterene|Psychic Noise|p2a: Smile.exe
|-resisted|p2a: Smile.exe
|-damage|p2a: Smile.exe|59/100 par
|move|p2a: Smile.exe|Gigaton Hammer|p1a: Hatterene
|-supereffective|p1a: Hatterene
|-damage|p1a: Hatterene|0 fnt
|faint|p1a: Hatterene
|
|upkeep
|
|t:|1769384172
|switch|p1a: Kingambit|Kingambit, M|100/100
|-activate|p1a: Kingambit|ability: Supreme Overlord
|-start|p1a: Kingambit|fallen3|[silent]
|-item|p1a: Kingambit|Air Balloon
|turn|11
|
|t:|1769384175
|move|p1a: Kingambit|Swords Dance|p1a: Kingambit
|-boost|p1a: Kingambit|atk|2
|move|p2a: Smile.exe|Encore|p1a: Kingambit
|-start|p1a: Kingambit|Encore
|
|upkeep
|turn|12
|
|t:|1769384180
|switch|p2a: Behemoth|Great Tusk, shiny|100/100
|move|p1a: Kingambit|Swords Dance|p1a: Kingambit
|-boost|p1a: Kingambit|atk|2
|
|-sideend|p1: sirhaxalotthethird|move: Aurora Veil
|upkeep
|turn|13
|
|t:|1769384184
|-end|p1a: Kingambit|fallen3|[silent]
|switch|p1a: Ninetales|Ninetales-Alola, F|100/100
|-weather|Snowscape|[from] ability: Snow Warning|[of] p1a: Ninetales
|move|p2a: Behemoth|Close Combat|p1a: Ninetales
|-damage|p1a: Ninetales|52/100
|-unboost|p2a: Behemoth|def|1
|-unboost|p2a: Behemoth|spd|1
|
|-weather|Snowscape|[upkeep]
|upkeep
|turn|14
|
|t:|1769384192
|-end|p2a: Behemoth|Protosynthesis|[silent]
|switch|p2a: Smile.exe|Tinkaton, F, shiny|59/100 par
|move|p1a: Ninetales|Aurora Veil|p1a: Ninetales
|-sidestart|p1: sirhaxalotthethird|move: Aurora Veil
|
|-weather|Snowscape|[upkeep]
|upkeep
|turn|15
|
|t:|1769384198
|move|p1a: Ninetales|Freeze-Dry|p2a: Smile.exe
|-resisted|p2a: Smile.exe
|-damage|p2a: Smile.exe|48/100 par
|cant|p2a: Smile.exe|par
|
|-weather|Snowscape|[upkeep]
|upkeep
|turn|16
|
|t:|1769384204
|switch|p1a: Kingambit|Kingambit, M|100/100
|-activate|p1a: Kingambit|ability: Supreme Overlord
|-start|p1a: Kingambit|fallen3|[silent]
|-item|p1a: Kingambit|Air Balloon
|move|p2a: Smile.exe|Stealth Rock|p1a: Kingambit
|-sidestart|p1: sirhaxalotthethird|move: Stealth Rock
|
|-weather|Snowscape|[upkeep]
|upkeep
|turn|17
|
|t:|1769384209
|move|p1a: Kingambit|Swords Dance|p1a: Kingambit
|-boost|p1a: Kingambit|atk|2
|move|p2a: Smile.exe|Encore|p1a: Kingambit
|-start|p1a: Kingambit|Encore
|
|-weather|none
|upkeep
|turn|18
|
|t:|1769384215
|-end|p1a: Kingambit|fallen3|[silent]
|switch|p1a: Magcargo|Magcargo, F|100/100
|-damage|p1a: Magcargo|76/100|[from] Stealth Rock
|switch|p2a: Behemoth|Great Tusk, shiny|100/100
|
|upkeep
|turn|19
|
|t:|1769384235
|-terastallize|p1a: Magcargo|Ice
|move|p2a: Behemoth|Close Combat|p1a: Magcargo
|-supereffective|p1a: Magcargo
|-damage|p1a: Magcargo|10/100
|-unboost|p2a: Behemoth|def|1
|-unboost|p2a: Behemoth|spd|1
|-ability|p1a: Magcargo|Weak Armor|boost
|-unboost|p1a: Magcargo|def|1
|-boost|p1a: Magcargo|spe|2
|move|p1a: Magcargo|Shell Smash|p1a: Magcargo
|-unboost|p1a: Magcargo|def|1
|-unboost|p1a: Magcargo|spd|1
|-boost|p1a: Magcargo|atk|2
|-boost|p1a: Magcargo|spa|2
|-boost|p1a: Magcargo|spe|2
|
|upkeep
|turn|20
|
|t:|1769384242
|-end|p2a: Behemoth|Protosynthesis|[silent]
|switch|p2a: Smile.exe|Tinkaton, F, shiny|48/100 par
|move|p1a: Magcargo|Tera Blast|p2a: Smile.exe|[anim] Tera Blast Ice
|-resisted|p2a: Smile.exe
|-damage|p2a: Smile.exe|15/100 par
|
|upkeep
|turn|21
|
|t:|1769384245
|move|p1a: Magcargo|Tera Blast|p2a: Smile.exe|[anim] Tera Blast Ice
|-resisted|p2a: Smile.exe
|-damage|p2a: Smile.exe|0 fnt
|faint|p2a: Smile.exe
|
|-sideend|p1: sirhaxalotthethird|move: Aurora Veil
|upkeep
|
|t:|1769384247
|switch|p2a: Pisces|Alomomola, M, shiny|100/100
|turn|22
|
|t:|1769384251
|move|p1a: Magcargo|Solar Beam||[still]
|-prepare|p1a: Magcargo|Solar Beam
|-enditem|p1a: Magcargo|Power Herb
|-anim|p1a: Magcargo|Solar Beam|p2a: Pisces
|-supereffective|p2a: Pisces
|-damage|p2a: Pisces|37/100
|move|p2a: Pisces|Flip Turn|p1a: Magcargo
|-damage|p1a: Magcargo|0 fnt
|faint|p1a: Magcargo
|
|t:|1769384280
|switch|p2a: Anonymous|Ogerpon, F|100/100|[from] Flip Turn
|
|upkeep
|
|t:|1769384288
|switch|p1a: Kingambit|Kingambit, M|100/100
|-damage|p1a: Kingambit|94/100|[from] Stealth Rock
|-activate|p1a: Kingambit|ability: Supreme Overlord
|-start|p1a: Kingambit|fallen4|[silent]
|-item|p1a: Kingambit|Air Balloon
|turn|23
|
|t:|1769384291
|move|p2a: Anonymous|U-turn|p1a: Kingambit
|-damage|p1a: Kingambit|70/100
|-enditem|p1a: Kingambit|Air Balloon
|
|t:|1769384292
|switch|p2a: Behemoth|Great Tusk, shiny|100/100|[from] U-turn
|move|p1a: Kingambit|Swords Dance|p1a: Kingambit
|-boost|p1a: Kingambit|atk|2
|
|upkeep
|turn|24
|
|t:|1769384296
|move|p2a: Behemoth|Close Combat|p1a: Kingambit
|-supereffective|p1a: Kingambit
|-damage|p1a: Kingambit|0 fnt
|-unboost|p2a: Behemoth|def|1
|-unboost|p2a: Behemoth|spd|1
|faint|p1a: Kingambit
|-end|p1a: Kingambit|fallen4|[silent]
|
|upkeep
|
|t:|1769384303
|switch|p1a: Ninetales|Ninetales-Alola, F|52/100
|-damage|p1a: Ninetales|28/100|[from] Stealth Rock
|-weather|Snowscape|[from] ability: Snow Warning|[of] p1a: Ninetales
|turn|25
|
|t:|1769384313
|move|p1a: Ninetales|Aurora Veil|p1a: Ninetales
|-sidestart|p1: sirhaxalotthethird|move: Aurora Veil
|move|p2a: Behemoth|Close Combat|p1a: Ninetales
|-damage|p1a: Ninetales|1/100
|-unboost|p2a: Behemoth|def|1
|-unboost|p2a: Behemoth|spd|1
|
|-weather|Snowscape|[upkeep]
|upkeep
|turn|26
|
|t:|1769384318
|-end|p2a: Behemoth|Protosynthesis|[silent]
|switch|p2a: Pisces|Alomomola, M, shiny|70/100
|move|p1a: Ninetales|Freeze-Dry|p2a: Pisces
|-supereffective|p2a: Pisces
|-damage|p2a: Pisces|50/100
|
|-weather|Snowscape|[upkeep]
|upkeep
|turn|27
|
|t:|1769384320
|move|p2a: Pisces|Aqua Jet|p1a: Ninetales
|-damage|p1a: Ninetales|0 fnt
|faint|p1a: Ninetales
|
|win|OUFR Test Alt 12
|raw|sirhaxalotthethird's rating: 1154 &rarr; <strong>1130</strong><br />(-24 for losing)
|raw|OUFR Test Alt 12's rating: 1168 &rarr; <strong>1192</strong><br />(+24 for winning)
|l|☆sirhaxalotthethird
|player|p1|
|l|☆OUFR Test Alt 12
|player|p2|
|l| self-hacking
