|j|☆gametick
|j|☆Linnae
|t:|1769318729
|gametype|singles
|player|p1|gametick|170|1143
|player|p2|Linnae|cynthia|1160
|gen|9
|tier|[Gen 9] OU
|rated|
|rule|HP Percentage Mod: HP is shown in percentages
|rule|Endless Battle Clause: Forcing endless battles is banned
|rule|Species Clause: Limit one of each Pokémon
|rule|OHKO Clause: OHKO moves are banned
|rule|Evasion Items Clause: Evasion items are banned
|rule|Evasion Moves Clause: Evasion moves are banned
|rule|Evasion Abilities Clause: Evasion abilities are banned
|rule|Sleep Moves Clause: Sleep-inducing moves are banned
|clearpoke
|poke|p1|Emboar, M|
|poke|p1|Serperior, M|
|poke|p1|Malamar, M|
|poke|p1|Clefable, M|
|poke|p1|Kyurem|
|poke|p1|Pecharunt|
|poke|p2|Rillaboom, F|
|poke|p2|Dragonite, M|
|poke|p2|Skeledirge, F|
|poke|p2|Hatterene, F|
|poke|p2|Kommo-o, F|
|poke|p2|Gholdengo|
|teampreview
|
|t:|1769318752
|teamsize|p1|6
|teamsize|p2|6
|start
|switch|p1a: Malamar|Malamar, M|100/100
|switch|p2a: Rillaboom|Rillaboom, F|100/100
|-fieldstart|move: Grassy Terrain|[from] ability: Grassy Surge|[of] p2a: Rillaboom
|turn|1
|
|t:|1769318762
|move|p2a: Rillaboom|Fake Out|p1a: Malamar
|-damage|p1a: Malamar|89/100
|cant|p1a: Malamar|flinch
|
|-heal|p1a: Malamar|95/100|[from] Grassy Terrain
|-heal|p1a: Malamar|100/100|[from] item: Leftovers
|upkeep
|turn|2
|
|t:|1769318772
|move|p2a: Rillaboom|U-turn|p1a: Malamar
|-supereffective|p1a: Malamar
|-damage|p1a: Malamar|27/100
|
|t:|1769318776
|switch|p2a: Skeledirge|Skeledirge, F|100/100|[from] U-turn
|-enditem|p2a: Skeledirge|Grassy Seed
|-boost|p2a: Skeledirge|def|1|[from] item: Grassy Seed
|move|p1a: Malamar|Superpower|p2a: Skeledirge
|-immune|p2a: Skeledirge
|
|-heal|p1a: Malamar|33/100|[from] Grassy Terrain
|-heal|p1a: Malamar|39/100|[from] item: Leftovers
|upkeep
|turn|3
|
|t:|1769318797
|move|p2a: Skeledirge|Torch Song|p1a: Malamar
|-damage|p1a: Malamar|2/100
|-boost|p2a: Skeledirge|spa|1
|move|p1a: Malamar|Rest|p1a: Malamar
|-status|p1a: Malamar|slp|[from] move: Rest
|-heal|p1a: Malamar|100/100 slp|[silent]
|
|upkeep
|turn|4
|
|t:|1769318809
|move|p2a: Skeledirge|Will-O-Wisp||[still]
|-fail|p2a: Skeledirge
|cant|p1a: Malamar|slp
|move|p1a: Malamar|Sleep Talk|p1a: Malamar
|move|p1a: Malamar|Knock Off|p2a: Skeledirge|[from] move: Sleep Talk
|-supereffective|p2a: Skeledirge
|-damage|p2a: Skeledirge|64/100
|
|-heal|p2a: Skeledirge|70/100|[from] Grassy Terrain
|upkeep
|turn|5
|
|t:|1769318823
|move|p2a: Skeledirge|Will-O-Wisp||[still]
|-fail|p2a: Skeledirge
|cant|p1a: Malamar|slp
|move|p1a: Malamar|Sleep Talk|p1a: Malamar
|move|p1a: Malamar|Rest||[from] move: Sleep Talk|[still]
|-fail|p1a: Malamar
|
|-heal|p2a: Skeledirge|76/100|[from] Grassy Terrain
|-fieldend|move: Grassy Terrain
|upkeep
|turn|6
|
|t:|1769318835
|move|p2a: Skeledirge|Torch Song|p1a: Malamar
|-crit|p1a: Malamar
|-damage|p1a: Malamar|27/100 slp
|-boost|p2a: Skeledirge|spa|1
|-curestatus|p1a: Malamar|slp|[msg]
|move|p1a: Malamar|Knock Off|p2a: Skeledirge
|-supereffective|p2a: Skeledirge
|-damage|p2a: Skeledirge|38/100
|
|-heal|p1a: Malamar|33/100|[from] item: Leftovers
|upkeep
|turn|7
|
|t:|1769318848
|switch|p1a: Clefable|Clefable, M|100/100
|move|p2a: Skeledirge|Torch Song|p1a: Clefable
|-damage|p1a: Clefable|62/100
|-boost|p2a: Skeledirge|spa|1
|
|-heal|p1a: Clefable|69/100|[from] item: Leftovers
|upkeep
|turn|8
|
|t:|1769318864
|move|p2a: Skeledirge|Slack Off|p2a: Skeledirge
|-heal|p2a: Skeledirge|88/100
|move|p1a: Clefable|Calm Mind|p1a: Clefable
|-boost|p1a: Clefable|spa|1
|-boost|p1a: Clefable|spd|1
|
|-heal|p1a: Clefable|75/100|[from] item: Leftovers
|upkeep
|turn|9
|
|t:|1769318873
|move|p2a: Skeledirge|Will-O-Wisp|p1a: Clefable
|-status|p1a: Clefable|brn
|move|p1a: Clefable|Calm Mind|p1a: Clefable
|-boost|p1a: Clefable|spa|1
|-boost|p1a: Clefable|spd|1
|
|-heal|p1a: Clefable|81/100 brn|[from] item: Leftovers
|upkeep
|turn|10
|
|t:|1769318885
|move|p2a: Skeledirge|Hex|p1a: Clefable
|-damage|p1a: Clefable|0 fnt
|faint|p1a: Clefable
|
|upkeep
|
|t:|1769318890
|switch|p1a: Pecharunt|Pecharunt|100/100
|turn|11
|
|t:|1769318897
|move|p2a: Skeledirge|Will-O-Wisp|p1a: Pecharunt
|-status|p1a: Pecharunt|brn
|move|p1a: Pecharunt|Toxic|p2a: Skeledirge
|-status|p2a: Skeledirge|tox
|-start|p2a: Skeledirge|confusion|[from] ability: Poison Puppeteer|[of] p1a: Pecharunt
|
|-damage|p2a: Skeledirge|82/100 tox|[from] psn
|-damage|p1a: Pecharunt|94/100 brn|[from] brn
|upkeep
|turn|12
|
|t:|1769318909
|switch|p1a: Kyurem|Kyurem|100/100
|-ability|p1a: Kyurem|Pressure
|-activate|p2a: Skeledirge|confusion
|move|p2a: Skeledirge|Hex|p1a: Kyurem
|-damage|p1a: Kyurem|39/100
|
|-damage|p2a: Skeledirge|70/100 tox|[from] psn
|upkeep
|turn|13
|
|t:|1769318923
|move|p1a: Kyurem|Reflect|p1a: Kyurem
|-sidestart|p1: gametick|Reflect
|-activate|p2a: Skeledirge|confusion
|move|p2a: Skeledirge|Torch Song|p1a: Kyurem
|-damage|p1a: Kyurem|0 fnt
|-boost|p2a: Skeledirge|spa|1
|faint|p1a: Kyurem
|
|-damage|p2a: Skeledirge|52/100 tox|[from] psn
|upkeep
|
|t:|1769318933
|switch|p1a: Emboar|Emboar, M|100/100
|turn|14
|
|t:|1769318944
|-end|p2a: Skeledirge|confusion
|move|p2a: Skeledirge|Will-O-Wisp|p1a: Emboar
|-immune|p1a: Emboar
|move|p1a: Emboar|Head Smash|p2a: Skeledirge
|-supereffective|p2a: Skeledirge
|-damage|p2a: Skeledirge|0 fnt
|faint|p2a: Skeledirge
|-damage|p1a: Emboar|79/100|[from] Recoil
|
|upkeep
|
|t:|1769318973
|switch|p2a: Kommo-o|Kommo-o, F|100/100
|turn|15
|
|t:|1769318982
|-terastallize|p2a: Kommo-o|Fairy
|move|p2a: Kommo-o|Clangorous Soul|p2a: Kommo-o
|-boost|p2a: Kommo-o|atk|1
|-boost|p2a: Kommo-o|def|1
|-boost|p2a: Kommo-o|spa|1
|-boost|p2a: Kommo-o|spd|1
|-boost|p2a: Kommo-o|spe|1
|-damage|p2a: Kommo-o|68/100
|-enditem|p2a: Kommo-o|Throat Spray
|-boost|p2a: Kommo-o|spa|1|[from] item: Throat Spray
|move|p1a: Emboar|Head Smash|p2a: Kommo-o
|-damage|p2a: Kommo-o|10/100
|-damage|p1a: Emboar|57/100|[from] Recoil
|
|upkeep
|turn|16
|
|t:|1769319000
|move|p2a: Kommo-o|Boomburst|p1a: Emboar
|-damage|p1a: Emboar|0 fnt
|faint|p1a: Emboar
|
|upkeep
|
|t:|1769319011
|switch|p1a: Serperior|Serperior, M, shiny|100/100
|turn|17
|
|t:|1769319023
|move|p2a: Kommo-o|Boomburst|p1a: Serperior
|-damage|p1a: Serperior|6/100
|move|p1a: Serperior|Leaf Storm|p2a: Kommo-o|[miss]
|-miss|p1a: Serperior|p2a: Kommo-o
|
|-heal|p1a: Serperior|13/100|[from] item: Leftovers
|-sideend|p1: gametick|Reflect
|upkeep
|turn|18
|-message|gametick forfeited.
|
|win|Linnae
|raw|gametick's rating: 1143 &rarr; <strong>1119</strong><br />(-24 for losing)
|raw|Linnae's rating: 1160 &rarr; <strong>1184</strong><br />(+24 for winning)
|l|☆gametick
|player|p1|
|l|☆Linnae
|player|p2|
