|j|☆mystery rain ninja
|j|‽liamsdad
|t:|1769445379
|gametype|singles
|player|p1|mystery rain ninja|janine|1632
|player|p2|liamsdad|bruno|1573
|gen|9
|tier|[Gen 9] OU
|rated|
|rule|HP Percentage Mod: HP is shown in percentages
|rule|Endless Battle Clause: Forcing endless battles is banned
|rule|Species Clause: Limit one of each Pokémon
|rule|OHKO Clause: OHKO moves are banned
|rule|Evasion Items Clause: Evasion items are banned
|rule|Evasion Moves Clause: Evasion moves are banned
|rule|Evasion Abilities Clause: Evasion abilities are banned
|rule|Sleep Moves Clause: Sleep-inducing moves are banned
|clearpoke
|poke|p1|Pelipper, M|
|poke|p1|Raging Bolt|
|poke|p1|Overqwil, F|
|poke|p1|Barraskewda, M|
|poke|p1|Iron Treads|
|poke|p1|Kingambit, F|
|poke|p2|Pelipper, M|
|poke|p2|Ludicolo, F|
|poke|p2|Iron Treads|
|poke|p2|Barraskewda, M|
|poke|p2|Poliwrath, M|
|poke|p2|Greninja-*, M|
|teampreview
|inactive|Battle timer is ON: inactive players will automatically lose when time's up. (requested by mystery rain ninja)
|
|t:|1769445389
|teamsize|p1|6
|teamsize|p2|6
|start
|switch|p1a: Pelipper|Pelipper, M|100/100
|switch|p2a: Pelipper|Pelipper, M|100/100
|-weather|RainDance|[from] ability: Drizzle|[of] p2a: Pelipper
|turn|1
|
|t:|1769445393
|move|p2a: Pelipper|U-turn|p1a: Pelipper
|-resisted|p1a: Pelipper
|-damage|p1a: Pelipper|97/100
|
|t:|1769445396
|switch|p2a: Iron Treads|Iron Treads|100/100|[from] U-turn
|move|p1a: Pelipper|U-turn|p2a: Iron Treads
|-resisted|p2a: Iron Treads
|-damage|p2a: Iron Treads|97/100
|
|t:|1769445400
|switch|p1a: Barraskewda|Barraskewda, M|100/100|[from] U-turn
|
|-weather|RainDance|[upkeep]
|upkeep
|turn|2
|
|t:|1769445403
|-end|p2a: Iron Treads|Quark Drive|[silent]
|switch|p2a: Ludicolo|Ludicolo, F|100/100
|move|p1a: Barraskewda|Flip Turn|p2a: Ludicolo
|-resisted|p2a: Ludicolo
|-damage|p2a: Ludicolo|67/100
|
|t:|1769445413
|switch|p1a: Overqwil|Overqwil, F|100/100|[from] Flip Turn
|
|-weather|RainDance|[upkeep]
|upkeep
|turn|3
|
|t:|1769445424
|switch|p2a: Iron Treads|Iron Treads|97/100
|move|p1a: Overqwil|Crunch|p2a: Iron Treads
|-damage|p2a: Iron Treads|55/100
|-unboost|p2a: Iron Treads|def|1
|-damage|p1a: Overqwil|91/100|[from] item: Life Orb
|
|-weather|RainDance|[upkeep]
|upkeep
|turn|4
|
|t:|1769445429
|move|p1a: Overqwil|Liquidation|p2a: Iron Treads
|-supereffective|p2a: Iron Treads
|-damage|p2a: Iron Treads|0 fnt
|faint|p2a: Iron Treads
|-end|p2a: Iron Treads|Quark Drive|[silent]
|-damage|p1a: Overqwil|81/100|[from] item: Life Orb
|
|-weather|RainDance|[upkeep]
|upkeep
|
|t:|1769445435
|switch|p2a: Barraskewda|Barraskewda, M|100/100
|turn|5
|
|t:|1769445446
|-terastallize|p1a: Overqwil|Water
|move|p2a: Barraskewda|Flip Turn|p1a: Overqwil
|-resisted|p1a: Overqwil
|-damage|p1a: Overqwil|39/100
|
|t:|1769445451
|switch|p2a: Greninja|Greninja, M|100/100|[from] Flip Turn
|move|p1a: Overqwil|Crunch|p2a: Greninja
|-resisted|p2a: Greninja
|-damage|p2a: Greninja|53/100
|-damage|p1a: Overqwil|29/100|[from] item: Life Orb
|
|-weather|RainDance|[upkeep]
|upkeep
|turn|6
|
|t:|1769445460
|switch|p1a: Raging Bolt|Raging Bolt|100/100
|-enditem|p1a: Raging Bolt|Booster Energy
|-activate|p1a: Raging Bolt|ability: Protosynthesis|[fromitem]
|-start|p1a: Raging Bolt|protosynthesisspa
|move|p2a: Greninja|U-turn|p1a: Raging Bolt
|-damage|p1a: Raging Bolt|88/100
|j| Papy_Shiroe
|
|t:|1769445466
|switch|p2a: Ludicolo|Ludicolo, F|67/100|[from] U-turn
|
|-weather|RainDance|[upkeep]
|upkeep
|turn|7
|l| Papy_Shiroe
|
|t:|1769445472
|move|p2a: Ludicolo|Ice Beam|p1a: Raging Bolt
|-supereffective|p1a: Raging Bolt
|-damage|p1a: Raging Bolt|28/100
|-status|p1a: Raging Bolt|frz
|-damage|p2a: Ludicolo|57/100|[from] item: Life Orb
|cant|p1a: Raging Bolt|frz
|
|-weather|RainDance|[upkeep]
|upkeep
|turn|8
|
|t:|1769445477
|move|p2a: Ludicolo|Ice Beam|p1a: Raging Bolt
|-supereffective|p1a: Raging Bolt
|-damage|p1a: Raging Bolt|0 fnt
|faint|p1a: Raging Bolt
|-end|p1a: Raging Bolt|Protosynthesis|[silent]
|-damage|p2a: Ludicolo|47/100|[from] item: Life Orb
|
|-weather|none
|upkeep
|
|t:|1769445480
|switch|p1a: Iron Treads|Iron Treads|100/100
|-enditem|p1a: Iron Treads|Booster Energy
|-activate|p1a: Iron Treads|ability: Quark Drive|[fromitem]
|-start|p1a: Iron Treads|quarkdrivespe
|turn|9
|
|t:|1769445485
|switch|p2a: Pelipper|Pelipper, M|100/100
|-weather|RainDance|[from] ability: Drizzle|[of] p2a: Pelipper
|move|p1a: Iron Treads|Stealth Rock|p2a: Pelipper
|-sidestart|p2: liamsdad|move: Stealth Rock
|
|-weather|RainDance|[upkeep]
|upkeep
|turn|10
|
|t:|1769445494
|-end|p1a: Iron Treads|Quark Drive|[silent]
|switch|p1a: Barraskewda|Barraskewda, M|100/100
|move|p2a: Pelipper|U-turn|p1a: Barraskewda
|-damage|p1a: Barraskewda|83/100
|
|t:|1769445505
|switch|p2a: Poliwrath|Poliwrath, M|100/100|[from] U-turn
|-damage|p2a: Poliwrath|94/100|[from] Stealth Rock
|
|-weather|RainDance|[upkeep]
|upkeep
|turn|11
|
|t:|1769445509
|move|p1a: Barraskewda|Flip Turn|p2a: Poliwrath
|-resisted|p2a: Poliwrath
|-damage|p2a: Poliwrath|52/100
|
|t:|1769445516
|switch|p1a: Overqwil|Overqwil, F, tera:Water|29/100|[from] Flip Turn
|move|p2a: Poliwrath|Belly Drum|p2a: Poliwrath
|-damage|p2a: Poliwrath|2/100
|-setboost|p2a: Poliwrath|atk|6|[from] move: Belly Drum
|-enditem|p2a: Poliwrath|Sitrus Berry|[eat]
|-heal|p2a: Poliwrath|27/100|[from] item: Sitrus Berry
|
|-weather|RainDance|[upkeep]
|upkeep
|turn|12
|
|t:|1769445520
|move|p1a: Overqwil|Crunch|p2a: Poliwrath
|-resisted|p2a: Poliwrath
|-damage|p2a: Poliwrath|0 fnt
|faint|p2a: Poliwrath
|-damage|p1a: Overqwil|19/100|[from] item: Life Orb
|
|-weather|RainDance|[upkeep]
|upkeep
|
|t:|1769445523
|switch|p2a: Barraskewda|Barraskewda, M|100/100
|-damage|p2a: Barraskewda|88/100|[from] Stealth Rock
|turn|13
|
|t:|1769445528
|move|p2a: Barraskewda|Flip Turn|p1a: Overqwil
|-resisted|p1a: Overqwil
|-damage|p1a: Overqwil|0 fnt
|faint|p1a: Overqwil
|
|t:|1769445532
|switch|p2a: Greninja|Greninja, M|53/100|[from] Flip Turn
|-damage|p2a: Greninja|41/100|[from] Stealth Rock
|
|-weather|RainDance|[upkeep]
|upkeep
|
|t:|1769445534
|switch|p1a: Barraskewda|Barraskewda, M|83/100
|turn|14
|
|t:|1769445539
|move|p1a: Barraskewda|Liquidation|p2a: Greninja
|-resisted|p2a: Greninja
|-damage|p2a: Greninja|0 fnt
|faint|p2a: Greninja
|
|-weather|RainDance|[upkeep]
|upkeep
|
|t:|1769445544
|switch|p2a: Barraskewda|Barraskewda, M|88/100
|-damage|p2a: Barraskewda|76/100|[from] Stealth Rock
|turn|15
|
|t:|1769445552
|-terastallize|p2a: Barraskewda|Water
|move|p2a: Barraskewda|Liquidation|p1a: Barraskewda
|-resisted|p1a: Barraskewda
|-damage|p1a: Barraskewda|0 fnt
|faint|p1a: Barraskewda
|
|-weather|RainDance|[upkeep]
|upkeep
|
|t:|1769445556
|switch|p1a: Kingambit|Kingambit, F|100/100
|-activate|p1a: Kingambit|ability: Supreme Overlord
|-start|p1a: Kingambit|fallen3|[silent]
|turn|16
|
|t:|1769445562
|switch|p2a: Ludicolo|Ludicolo, F|47/100
|-damage|p2a: Ludicolo|35/100|[from] Stealth Rock
|move|p1a: Kingambit|Sucker Punch||[still]
|-fail|p1a: Kingambit
|
|-weather|none
|upkeep
|turn|17
|
|t:|1769445567
|-end|p1a: Kingambit|fallen3|[silent]
|switch|p1a: Pelipper|Pelipper, M|97/100
|-weather|RainDance|[from] ability: Drizzle|[of] p1a: Pelipper
|move|p2a: Ludicolo|Encore||[still]
|-fail|p2a: Ludicolo
|
|-weather|RainDance|[upkeep]
|upkeep
|turn|18
|
|t:|1769445573
|switch|p2a: Pelipper|Pelipper, M|100/100
|-damage|p2a: Pelipper|76/100|[from] Stealth Rock
|move|p1a: Pelipper|Hurricane|p2a: Pelipper
|-damage|p2a: Pelipper|27/100
|
|-weather|RainDance|[upkeep]
|upkeep
|turn|19
|
|t:|1769445575
|move|p2a: Pelipper|Hurricane|p1a: Pelipper
|-damage|p1a: Pelipper|46/100
|move|p1a: Pelipper|Hurricane|p2a: Pelipper
|-damage|p2a: Pelipper|0 fnt
|faint|p2a: Pelipper
|
|-weather|RainDance|[upkeep]
|upkeep
|
|t:|1769445578
|switch|p2a: Barraskewda|Barraskewda, M, tera:Water|76/100
|-damage|p2a: Barraskewda|64/100|[from] Stealth Rock
|turn|20
|
|t:|1769445594
|switch|p1a: Iron Treads|Iron Treads|100/100
|move|p2a: Barraskewda|Liquidation|p1a: Iron Treads
|-supereffective|p1a: Iron Treads
|-damage|p1a: Iron Treads|0 fnt
|faint|p1a: Iron Treads
|-end|p1a: Iron Treads|Quark Drive|[silent]
|
|-weather|RainDance|[upkeep]
|upkeep
|
|t:|1769445597
|switch|p1a: Kingambit|Kingambit, F|100/100
|-activate|p1a: Kingambit|ability: Supreme Overlord
|-start|p1a: Kingambit|fallen4|[silent]
|turn|21
|
|t:|1769445605
|move|p1a: Kingambit|Sucker Punch|p2a: Barraskewda
|-damage|p2a: Barraskewda|0 fnt
|faint|p2a: Barraskewda
|
|-weather|RainDance|[upkeep]
|upkeep
|
|t:|1769445606
|switch|p2a: Ludicolo|Ludicolo, F|35/100
|-damage|p2a: Ludicolo|23/100|[from] Stealth Rock
|turn|22
|
|t:|1769445608
|-end|p1a: Kingambit|fallen4|[silent]
|switch|p1a: Pelipper|Pelipper, M|46/100
|move|p2a: Ludicolo|Giga Drain|p1a: Pelipper
|-crit|p1a: Pelipper
|-damage|p1a: Pelipper|0 fnt
|-heal|p2a: Ludicolo|47/100|[from] drain|[of] p1a: Pelipper
|faint|p1a: Pelipper
|-damage|p2a: Ludicolo|37/100|[from] item: Life Orb
|
|-weather|RainDance|[upkeep]
|upkeep
|
|t:|1769445613
|switch|p1a: Kingambit|Kingambit, F|100/100
|-activate|p1a: Kingambit|ability: Supreme Overlord
|-start|p1a: Kingambit|fallen5|[silent]
|turn|23
|
|t:|1769445614
|move|p2a: Ludicolo|Hydro Pump|p1a: Kingambit
|-damage|p1a: Kingambit|14/100
|-damage|p2a: Ludicolo|27/100|[from] item: Life Orb
|move|p1a: Kingambit|Kowtow Cleave|p2a: Ludicolo
|-damage|p2a: Ludicolo|0 fnt
|faint|p2a: Ludicolo
|
|win|mystery rain ninja
|raw|mystery rain ninja's rating: 1632 &rarr; <strong>1649</strong><br />(+17 for winning)
|raw|liamsdad's rating: 1573 &rarr; <strong>1556</strong><br />(-17 for losing)
