|j|☆horizonwalker
|j|☆slave of society
|t:|1769312562
|gametype|singles
|player|p1|horizonwalker|1|1118
|player|p2|slave of society|shadowtriad|1109
|gen|9
|tier|[Gen 9] OU
|rated|
|rule|HP Percentage Mod: HP is shown in percentages
|rule|Endless Battle Clause: Forcing endless battles is banned
|rule|Species Clause: Limit one of each Pokémon
|rule|OHKO Clause: OHKO moves are banned
|rule|Evasion Items Clause: Evasion items are banned
|rule|Evasion Moves Clause: Evasion moves are banned
|rule|Evasion Abilities Clause: Evasion abilities are banned
|rule|Sleep Moves Clause: Sleep-inducing moves are banned
|clearpoke
|poke|p1|Cinderace, M|
|poke|p1|Alomomola, F|
|poke|p1|Ogerpon-Wellspring, F|
|poke|p1|Darkrai|
|poke|p1|Clodsire, M|
|poke|p1|Hatterene, F|
|poke|p2|Deoxys-Speed|
|poke|p2|Ceruledge, M|
|poke|p2|Zamazenta-*|
|poke|p2|Ogerpon-Wellspring, F|
|poke|p2|Glimmora, F|
|poke|p2|Moltres-Galar|
|teampreview
|
|t:|1769312575
|teamsize|p1|6
|teamsize|p2|6
|start
|switch|p1a: Ogerpon|Ogerpon-Wellspring, F|100/100
|switch|p2a: Deoxys|Deoxys-Speed|100/100
|-ability|p2a: Deoxys|Pressure
|turn|1
|
|t:|1769312596
|move|p2a: Deoxys|Reflect|p2a: Deoxys
|-sidestart|p2: slave of society|Reflect
|move|p1a: Ogerpon|Ivy Cudgel|p2a: Deoxys|[anim] Ivy Cudgel Water
|-damage|p2a: Deoxys|65/100
|
|upkeep
|turn|2
|
|t:|1769312626
|move|p2a: Deoxys|Light Screen|p2a: Deoxys
|-sidestart|p2: slave of society|move: Light Screen
|move|p1a: Ogerpon|Swords Dance|p1a: Ogerpon
|-boost|p1a: Ogerpon|atk|2
|
|upkeep
|turn|3
|
|t:|1769312637
|switch|p2a: Zamazenta|Zamazenta|100/100
|-ability|p2a: Zamazenta|Dauntless Shield|boost
|-boost|p2a: Zamazenta|def|1
|move|p1a: Ogerpon|Swords Dance|p1a: Ogerpon
|-boost|p1a: Ogerpon|atk|2
|
|upkeep
|turn|4
|
|t:|1769312652
|move|p2a: Zamazenta|Iron Defense|p2a: Zamazenta
|-boost|p2a: Zamazenta|def|2
|move|p1a: Ogerpon|Ivy Cudgel|p2a: Zamazenta|[anim] Ivy Cudgel Water
|-damage|p2a: Zamazenta|72/100
|
|-heal|p2a: Zamazenta|78/100|[from] item: Leftovers
|upkeep
|turn|5
|
|t:|1769312661
|move|p2a: Zamazenta|Body Press|p1a: Ogerpon
|-damage|p1a: Ogerpon|0 fnt
|faint|p1a: Ogerpon
|
|-heal|p2a: Zamazenta|84/100|[from] item: Leftovers
|upkeep
|
|t:|1769312672
|switch|p1a: Alomomola|Alomomola, F|100/100
|turn|6
|inactive|Battle timer is ON: inactive players will automatically lose when time's up. (requested by horizonwalker)
|
|t:|1769312708
|move|p2a: Zamazenta|Body Press|p1a: Alomomola
|-damage|p1a: Alomomola|46/100
|move|p1a: Alomomola|Scald|p2a: Zamazenta
|-damage|p2a: Zamazenta|78/100
|
|-heal|p2a: Zamazenta|84/100|[from] item: Leftovers
|upkeep
|turn|7
|
|t:|1769312718
|move|p1a: Alomomola|Protect|p1a: Alomomola
|-singleturn|p1a: Alomomola|Protect
|move|p2a: Zamazenta|Body Press|p1a: Alomomola
|-activate|p1a: Alomomola|move: Protect
|
|-heal|p2a: Zamazenta|90/100|[from] item: Leftovers
|upkeep
|turn|8
|inactive|slave of society has 120 seconds left.
|inactive|slave of society has 90 seconds left.
|
|t:|1769312789
|switch|p1a: Clodsire|Clodsire, M|100/100
|move|p2a: Zamazenta|Body Press|p1a: Clodsire
|-resisted|p1a: Clodsire
|-damage|p1a: Clodsire|78/100
|
|-heal|p2a: Zamazenta|96/100|[from] item: Leftovers
|-sideend|p2: slave of society|Reflect
|upkeep
|turn|9
|
|t:|1769312798
|switch|p2a: Ogerpon|Ogerpon-Wellspring, F|100/100
|move|p1a: Clodsire|Toxic|p2a: Ogerpon
|-status|p2a: Ogerpon|tox
|
|-damage|p2a: Ogerpon|95/100 tox|[from] psn
|-sideend|p2: slave of society|move: Light Screen
|upkeep
|turn|10
|inactive|slave of society has 90 seconds left.
|
|t:|1769312812
|switch|p1a: Alomomola|Alomomola, F|79/100
|move|p2a: Ogerpon|Ivy Cudgel|p1a: Alomomola|[anim] Ivy Cudgel Water
|-resisted|p1a: Alomomola
|-damage|p1a: Alomomola|62/100
|
|-damage|p2a: Ogerpon|83/100 tox|[from] psn
|upkeep
|turn|11
|inactive|slave of society has 90 seconds left.
|
|t:|1769312827
|move|p1a: Alomomola|Protect|p1a: Alomomola
|-singleturn|p1a: Alomomola|Protect
|move|p2a: Ogerpon|Swords Dance|p2a: Ogerpon
|-boost|p2a: Ogerpon|atk|2
|
|-damage|p2a: Ogerpon|65/100 tox|[from] psn
|upkeep
|turn|12
|
|t:|1769312845
|move|p2a: Ogerpon|Horn Leech|p1a: Alomomola
|-supereffective|p1a: Alomomola
|-damage|p1a: Alomomola|0 fnt
|-heal|p2a: Ogerpon|100/100 tox|[from] drain|[of] p1a: Alomomola
|faint|p1a: Alomomola
|
|-damage|p2a: Ogerpon|77/100 tox|[from] psn
|upkeep
|
|t:|1769312853
|switch|p1a: Cinderace|Cinderace, M|100/100
|turn|13
|
|t:|1769312862
|switch|p2a: Zamazenta|Zamazenta|96/100
|move|p1a: Cinderace|U-turn|p2a: Zamazenta
|-start|p1a: Cinderace|typechange|Bug|[from] ability: Libero
|-resisted|p2a: Zamazenta
|-damage|p2a: Zamazenta|77/100
|
|t:|1769312869
|switch|p1a: Clodsire|Clodsire, M|78/100|[from] U-turn
|
|-heal|p2a: Zamazenta|83/100|[from] item: Leftovers
|upkeep
|turn|14
|
|t:|1769312878
|switch|p2a: Ogerpon|Ogerpon-Wellspring, F|77/100 tox
|move|p1a: Clodsire|Toxic|p2a: Ogerpon
|-fail|p2a: Ogerpon|tox
|
|-damage|p2a: Ogerpon|71/100 tox|[from] psn
|upkeep
|turn|15
|inactive|slave of society has 120 seconds left.
|
|t:|1769312893
|switch|p1a: Hatterene|Hatterene, F|100/100
|move|p2a: Ogerpon|Horn Leech|p1a: Hatterene
|-damage|p1a: Hatterene|45/100
|-heal|p2a: Ogerpon|99/100 tox|[from] drain|[of] p1a: Hatterene
|
|-heal|p1a: Hatterene|51/100|[from] item: Leftovers
|-damage|p2a: Ogerpon|88/100 tox|[from] psn
|upkeep
|turn|16
|-message|horizonwalker forfeited.
|
|win|slave of society
|raw|horizonwalker's rating: 1118 &rarr; <strong>1092</strong><br />(-26 for losing)
|raw|slave of society's rating: 1109 &rarr; <strong>1135</strong><br />(+26 for winning)
