|j|☆BorderofSeal
|j|☆Alerjake
|t:|1769315488
|gametype|singles
|player|p1|BorderofSeal|102|1494
|player|p2|Alerjake|1|1526
|gen|9
|tier|[Gen 9] OU
|rated|
|rule|HP Percentage Mod: HP is shown in percentages
|rule|Endless Battle Clause: Forcing endless battles is banned
|rule|Species Clause: Limit one of each Pokémon
|rule|OHKO Clause: OHKO moves are banned
|rule|Evasion Items Clause: Evasion items are banned
|rule|Evasion Moves Clause: Evasion moves are banned
|rule|Evasion Abilities Clause: Evasion abilities are banned
|rule|Sleep Moves Clause: Sleep-inducing moves are banned
|clearpoke
|poke|p1|Iron Treads|
|poke|p1|Rillaboom, F|
|poke|p1|Heatran, M|
|poke|p1|Zapdos|
|poke|p1|Iron Valiant|
|poke|p1|Serperior, M|
|poke|p2|Ceruledge, F|
|poke|p2|Ninetales-Alola, M|
|poke|p2|Raging Bolt|
|poke|p2|Iron Crown|
|poke|p2|Hydreigon, F|
|poke|p2|Iron Treads|
|teampreview
|inactive|Battle timer is ON: inactive players will automatically lose when time's up. (requested by Alerjake)
|
|t:|1769315515
|teamsize|p1|6
|teamsize|p2|6
|start
|switch|p1a: Heatran|Heatran, M|100/100
|switch|p2a: Ninetales|Ninetales-Alola, M|100/100
|-weather|Snowscape|[from] ability: Snow Warning|[of] p2a: Ninetales
|turn|1
|
|t:|1769315525
|move|p2a: Ninetales|Aurora Veil|p2a: Ninetales
|-sidestart|p2: Alerjake|move: Aurora Veil
|move|p1a: Heatran|Taunt|p2a: Ninetales
|-start|p2a: Ninetales|move: Taunt
|
|-weather|Snowscape|[upkeep]
|upkeep
|turn|2
|
|t:|1769315529
|switch|p2a: Hydreigon|Hydreigon, F|100/100
|move|p1a: Heatran|Stealth Rock|p2a: Hydreigon
|-sidestart|p2: Alerjake|move: Stealth Rock
|
|-weather|Snowscape|[upkeep]
|upkeep
|turn|3
|
|t:|1769315542
|switch|p1a: Zapdos|Zapdos|100/100
|-ability|p1a: Zapdos|Pressure
|move|p2a: Hydreigon|Nasty Plot|p2a: Hydreigon
|-boost|p2a: Hydreigon|spa|2
|
|-weather|Snowscape|[upkeep]
|upkeep
|turn|4
|inactive|Alerjake has 120 seconds left.
|inactive|Alerjake has 90 seconds left.
|
|t:|1769315608
|move|p2a: Hydreigon|Dragon Pulse|p1a: Zapdos
|-damage|p1a: Zapdos|18/100
|move|p1a: Zapdos|Volt Switch|p2a: Hydreigon
|-resisted|p2a: Hydreigon
|-damage|p2a: Hydreigon|92/100
|
|t:|1769315618
|switch|p1a: Serperior|Serperior, M|100/100|[from] Volt Switch
|
|-weather|Snowscape|[upkeep]
|-heal|p2a: Hydreigon|99/100|[from] item: Leftovers
|upkeep
|turn|5
|inactive|Alerjake has 90 seconds left.
|
|t:|1769315639
|move|p1a: Serperior|Substitute|p1a: Serperior
|-start|p1a: Serperior|Substitute
|-damage|p1a: Serperior|76/100
|move|p2a: Hydreigon|Dragon Pulse|p1a: Serperior
|-end|p1a: Serperior|Substitute
|
|-weather|none
|-heal|p1a: Serperior|82/100|[from] item: Leftovers
|-heal|p2a: Hydreigon|100/100|[from] item: Leftovers
|upkeep
|turn|6
|
|t:|1769315645
|move|p1a: Serperior|Substitute|p1a: Serperior
|-start|p1a: Serperior|Substitute
|-damage|p1a: Serperior|57/100
|move|p2a: Hydreigon|Substitute|p2a: Hydreigon
|-start|p2a: Hydreigon|Substitute
|-damage|p2a: Hydreigon|76/100
|
|-heal|p1a: Serperior|63/100|[from] item: Leftovers
|-heal|p2a: Hydreigon|82/100|[from] item: Leftovers
|upkeep
|turn|7
|inactive|Alerjake has 90 seconds left.
|
|t:|1769315655
|move|p1a: Serperior|Leaf Storm|p2a: Hydreigon
|-resisted|p2a: Hydreigon
|-activate|p2a: Hydreigon|move: Substitute|[damage]
|-boost|p1a: Serperior|spa|2
|move|p2a: Hydreigon|Dragon Pulse|p1a: Serperior
|-end|p1a: Serperior|Substitute
|
|-heal|p1a: Serperior|70/100|[from] item: Leftovers
|-heal|p2a: Hydreigon|88/100|[from] item: Leftovers
|upkeep
|turn|8
|
|t:|1769315662
|move|p1a: Serperior|Substitute|p1a: Serperior
|-start|p1a: Serperior|Substitute
|-damage|p1a: Serperior|45/100
|move|p2a: Hydreigon|Dragon Pulse|p1a: Serperior
|-end|p1a: Serperior|Substitute
|
|-heal|p1a: Serperior|51/100|[from] item: Leftovers
|-heal|p2a: Hydreigon|94/100|[from] item: Leftovers
|-sideend|p2: Alerjake|move: Aurora Veil
|upkeep
|turn|9
|inactive|Alerjake has 90 seconds left.
|
|t:|1769315683
|move|p1a: Serperior|Leaf Storm|p2a: Hydreigon|[miss]
|-miss|p1a: Serperior|p2a: Hydreigon
|move|p2a: Hydreigon|Dragon Pulse|p1a: Serperior
|-damage|p1a: Serperior|0 fnt
|faint|p1a: Serperior
|
|-heal|p2a: Hydreigon|99/100|[from] item: Leftovers
|upkeep
|
|t:|1769315688
|switch|p1a: Iron Treads|Iron Treads|100/100
|turn|10
|inactive|Alerjake has 90 seconds left.
|
|t:|1769315710
|move|p1a: Iron Treads|Ice Spinner|p2a: Hydreigon
|-supereffective|p2a: Hydreigon
|-end|p2a: Hydreigon|Substitute
|move|p2a: Hydreigon|Dragon Pulse|p1a: Iron Treads
|-resisted|p1a: Iron Treads
|-damage|p1a: Iron Treads|60/100
|
|-heal|p2a: Hydreigon|100/100|[from] item: Leftovers
|upkeep
|turn|11
|
|t:|1769315716
|-terastallize|p2a: Hydreigon|Steel
|move|p1a: Iron Treads|Ice Spinner|p2a: Hydreigon
|-resisted|p2a: Hydreigon
|-damage|p2a: Hydreigon|87/100
|move|p2a: Hydreigon|Substitute|p2a: Hydreigon
|-start|p2a: Hydreigon|Substitute
|-damage|p2a: Hydreigon|62/100
|
|-heal|p2a: Hydreigon|68/100|[from] item: Leftovers
|upkeep
|turn|12
|
|t:|1769315729
|move|p1a: Iron Treads|Knock Off|p2a: Hydreigon
|-end|p2a: Hydreigon|Substitute
|move|p2a: Hydreigon|Nasty Plot|p2a: Hydreigon
|-boost|p2a: Hydreigon|spa|2
|
|-heal|p2a: Hydreigon|74/100|[from] item: Leftovers
|upkeep
|turn|13
|inactive|Alerjake has 90 seconds left.
|
|t:|1769315749
|move|p1a: Iron Treads|Knock Off|p2a: Hydreigon
|-damage|p2a: Hydreigon|37/100
|-enditem|p2a: Hydreigon|Leftovers|[from] move: Knock Off|[of] p1a: Iron Treads
|move|p2a: Hydreigon|Substitute|p2a: Hydreigon
|-start|p2a: Hydreigon|Substitute
|-damage|p2a: Hydreigon|12/100
|
|upkeep
|turn|14
|
|t:|1769315753
|move|p1a: Iron Treads|Knock Off|p2a: Hydreigon
|-activate|p2a: Hydreigon|move: Substitute|[damage]
|move|p2a: Hydreigon|Dragon Pulse|p1a: Iron Treads
|-resisted|p1a: Iron Treads
|-damage|p1a: Iron Treads|1/100
|
|upkeep
|turn|15
|
|t:|1769315756
|move|p1a: Iron Treads|Knock Off|p2a: Hydreigon
|-end|p2a: Hydreigon|Substitute
|move|p2a: Hydreigon|Dragon Pulse|p1a: Iron Treads
|-resisted|p1a: Iron Treads
|-damage|p1a: Iron Treads|0 fnt
|faint|p1a: Iron Treads
|-end|p1a: Iron Treads|Quark Drive|[silent]
|
|upkeep
|
|t:|1769315760
|switch|p1a: Iron Valiant|Iron Valiant|100/100
|turn|16
|
|t:|1769315777
|move|p1a: Iron Valiant|Shadow Ball|p2a: Hydreigon
|-damage|p2a: Hydreigon|0 fnt
|faint|p2a: Hydreigon
|
|upkeep
|
|t:|1769315785
|switch|p2a: Ninetales|Ninetales-Alola, M|100/100
|-damage|p2a: Ninetales|76/100|[from] Stealth Rock
|-weather|Snowscape|[from] ability: Snow Warning|[of] p2a: Ninetales
|turn|17
|
|t:|1769315791
|-end|p1a: Iron Valiant|Quark Drive|[silent]
|switch|p1a: Heatran|Heatran, M|100/100
|move|p2a: Ninetales|Aurora Veil|p2a: Ninetales
|-sidestart|p2: Alerjake|move: Aurora Veil
|
|-weather|Snowscape|[upkeep]
|upkeep
|turn|18
|
|t:|1769315796
|switch|p2a: Ceruledge|Ceruledge, F|100/100
|-damage|p2a: Ceruledge|76/100|[from] Stealth Rock
|move|p1a: Heatran|Lava Plume|p2a: Ceruledge
|-resisted|p2a: Ceruledge
|-damage|p2a: Ceruledge|66/100
|
|-weather|Snowscape|[upkeep]
|upkeep
|turn|19
|
|t:|1769315802
|move|p2a: Ceruledge|Swords Dance|p2a: Ceruledge
|-boost|p2a: Ceruledge|atk|2
|move|p1a: Heatran|Earth Power|p2a: Ceruledge
|-supereffective|p2a: Ceruledge
|-damage|p2a: Ceruledge|34/100
|
|-weather|Snowscape|[upkeep]
|upkeep
|turn|20
|
|t:|1769315805
|move|p2a: Ceruledge|Poltergeist|p1a: Heatran
|-activate|p1a: Heatran|move: Poltergeist|Leftovers
|-damage|p1a: Heatran|0 fnt
|faint|p1a: Heatran
|-damage|p2a: Ceruledge|24/100|[from] item: Life Orb
|
|-weather|Snowscape|[upkeep]
|upkeep
|
|t:|1769315809
|switch|p1a: Rillaboom|Rillaboom, F|100/100
|-fieldstart|move: Grassy Terrain|[from] ability: Grassy Surge|[of] p1a: Rillaboom
|turn|21
|
|t:|1769315813
|move|p2a: Ceruledge|Bitter Blade|p1a: Rillaboom
|-supereffective|p1a: Rillaboom
|-damage|p1a: Rillaboom|0 fnt
|-heal|p2a: Ceruledge|83/100|[from] drain|[of] p1a: Rillaboom
|faint|p1a: Rillaboom
|-damage|p2a: Ceruledge|73/100|[from] item: Life Orb
|
|-weather|none
|-heal|p2a: Ceruledge|79/100|[from] Grassy Terrain
|upkeep
|-message|BorderofSeal forfeited.
|
|win|Alerjake
|raw|BorderofSeal's rating: 1494 &rarr; <strong>1476</strong><br />(-18 for losing)
|raw|Alerjake's rating: 1526 &rarr; <strong>1544</strong><br />(+18 for winning)
|l|☆BorderofSeal
|player|p1|
