|j|☆RedBlueGree
|j|☆Spirit Maple Leaf
|t:|1769335440
|gametype|singles
|player|p1|RedBlueGree|skier|1291
|player|p2|Spirit Maple Leaf|bugcatcher-gen4dp|1337
|gen|9
|tier|[Gen 9] OU
|rated|
|rule|HP Percentage Mod: HP is shown in percentages
|rule|Endless Battle Clause: Forcing endless battles is banned
|rule|Species Clause: Limit one of each Pokémon
|rule|OHKO Clause: OHKO moves are banned
|rule|Evasion Items Clause: Evasion items are banned
|rule|Evasion Moves Clause: Evasion moves are banned
|rule|Evasion Abilities Clause: Evasion abilities are banned
|rule|Sleep Moves Clause: Sleep-inducing moves are banned
|clearpoke
|poke|p1|Kingambit, M|
|poke|p1|Glimmora, F|
|poke|p1|Gholdengo|
|poke|p1|Maushold|
|poke|p1|Lokix, F|
|poke|p1|Pecharunt|
|poke|p2|Kyurem|
|poke|p2|Cinderace, F|
|poke|p2|Tornadus-Therian, M|
|poke|p2|Hatterene, F|
|poke|p2|Great Tusk|
|poke|p2|Kingambit, F|
|teampreview
|inactive|Battle timer is ON: inactive players will automatically lose when time's up. (requested by RedBlueGree)
|j| Jakub9817
|l| Jakub9817
|
|t:|1769335470
|teamsize|p1|6
|teamsize|p2|6
|start
|switch|p1a: Glimmora|Glimmora, F|100/100
|switch|p2a: Kyurem|Kyurem|100/100
|-ability|p2a: Kyurem|Pressure
|turn|1
|
|t:|1769335488
|move|p2a: Kyurem|Earth Power|p1a: Glimmora
|-supereffective|p1a: Glimmora
|-enditem|p1a: Glimmora|Focus Sash
|-damage|p1a: Glimmora|1/100
|move|p1a: Glimmora|Power Gem|p2a: Kyurem
|-supereffective|p2a: Kyurem
|-damage|p2a: Kyurem|13/100
|
|upkeep
|turn|2
|
|t:|1769335502
|move|p2a: Kyurem|Earth Power|p1a: Glimmora
|-supereffective|p1a: Glimmora
|-damage|p1a: Glimmora|0 fnt
|faint|p1a: Glimmora
|
|upkeep
|
|t:|1769335510
|switch|p1a: Maushold|Maushold|100/100
|turn|3
|
|t:|1769335515
|switch|p2a: Great Tusk|Great Tusk|100/100
|-terastallize|p1a: Maushold|Normal
|move|p1a: Maushold|Population Bomb|p2a: Great Tusk
|-damage|p2a: Great Tusk|91/100
|-damage|p1a: Maushold|84/100|[from] item: Rocky Helmet|[of] p2a: Great Tusk
|-damage|p2a: Great Tusk|82/100
|-damage|p1a: Maushold|67/100|[from] item: Rocky Helmet|[of] p2a: Great Tusk
|-crit|p2a: Great Tusk
|-damage|p2a: Great Tusk|69/100
|-damage|p1a: Maushold|51/100|[from] item: Rocky Helmet|[of] p2a: Great Tusk
|-damage|p2a: Great Tusk|59/100
|-damage|p1a: Maushold|34/100|[from] item: Rocky Helmet|[of] p2a: Great Tusk
|-damage|p2a: Great Tusk|50/100
|-damage|p1a: Maushold|17/100|[from] item: Rocky Helmet|[of] p2a: Great Tusk
|-damage|p2a: Great Tusk|41/100
|-damage|p1a: Maushold|1/100|[from] item: Rocky Helmet|[of] p2a: Great Tusk
|-damage|p2a: Great Tusk|32/100
|-damage|p1a: Maushold|0 fnt|[from] item: Rocky Helmet|[of] p2a: Great Tusk
|faint|p1a: Maushold
|-hitcount|p2a: Great Tusk|7
|
|upkeep
|
|t:|1769335528
|switch|p1a: Lokix|Lokix, F|100/100
|turn|4
|
|t:|1769335550
|move|p2a: Great Tusk|Stealth Rock|p1a: Lokix
|-sidestart|p1: RedBlueGree|move: Stealth Rock
|move|p1a: Lokix|U-turn|p2a: Great Tusk
|-resisted|p2a: Great Tusk
|-damage|p2a: Great Tusk|0 fnt
|-damage|p1a: Lokix|84/100|[from] item: Rocky Helmet|[of] p2a: Great Tusk
|faint|p2a: Great Tusk
|-end|p2a: Great Tusk|Protosynthesis|[silent]
|
|t:|1769335556
|switch|p1a: Pecharunt|Pecharunt|100/100|[from] U-turn
|-damage|p1a: Pecharunt|88/100|[from] Stealth Rock
|
|-heal|p1a: Pecharunt|94/100|[from] item: Leftovers
|upkeep
|
|t:|1769335568
|switch|p2a: Kingambit|Kingambit, F|100/100
|-activate|p2a: Kingambit|ability: Supreme Overlord
|-start|p2a: Kingambit|fallen1|[silent]
|turn|5
|
|t:|1769335582
|move|p1a: Pecharunt|Parting Shot|p2a: Kingambit
|-unboost|p2a: Kingambit|atk|1
|-unboost|p2a: Kingambit|spa|1
|
|t:|1769335585
|switch|p1a: Kingambit|Kingambit, M|100/100|[from] Parting Shot
|-damage|p1a: Kingambit|94/100|[from] Stealth Rock
|-activate|p1a: Kingambit|ability: Supreme Overlord
|-start|p1a: Kingambit|fallen2|[silent]
|move|p2a: Kingambit|Kowtow Cleave|p1a: Kingambit
|-resisted|p1a: Kingambit
|-damage|p1a: Kingambit|81/100
|
|-heal|p1a: Kingambit|87/100|[from] item: Leftovers
|upkeep
|turn|6
|
|t:|1769335604
|-end|p2a: Kingambit|fallen1|[silent]
|switch|p2a: Cinderace|Cinderace, F|100/100
|move|p1a: Kingambit|Low Kick|p2a: Cinderace
|-damage|p2a: Cinderace|63/100
|
|-heal|p1a: Kingambit|94/100|[from] item: Leftovers
|upkeep
|turn|7
|inactive|RedBlueGree has 120 seconds left.
|
|t:|1769335645
|move|p1a: Kingambit|Sucker Punch||[still]
|-fail|p1a: Kingambit
|move|p2a: Cinderace|Will-O-Wisp|p1a: Kingambit
|-status|p1a: Kingambit|brn
|
|-heal|p1a: Kingambit|99/100 brn|[from] item: Leftovers
|-damage|p1a: Kingambit|94/100 brn|[from] brn
|upkeep
|turn|8
|-message|RedBlueGree forfeited.
|
|win|Spirit Maple Leaf
|raw|RedBlueGree's rating: 1311 &rarr; <strong>1292</strong><br />(-19 for losing)
|raw|Spirit Maple Leaf's rating: 1337 &rarr; <strong>1356</strong><br />(+19 for winning)
|l|☆Spirit Maple Leaf
|player|p2|
|l|☆RedBlueGree
|player|p1|
