|j|☆VaporeonUser
|j|☆jarrodbennett
|t:|1769447180
|gametype|singles
|player|p1|VaporeonUser|volkner|1604
|player|p2|jarrodbennett|265|1543
|gen|9
|tier|[Gen 9] OU
|rated|
|rule|HP Percentage Mod: HP is shown in percentages
|rule|Endless Battle Clause: Forcing endless battles is banned
|rule|Species Clause: Limit one of each Pokémon
|rule|OHKO Clause: OHKO moves are banned
|rule|Evasion Items Clause: Evasion items are banned
|rule|Evasion Moves Clause: Evasion moves are banned
|rule|Evasion Abilities Clause: Evasion abilities are banned
|rule|Sleep Moves Clause: Sleep-inducing moves are banned
|clearpoke
|poke|p1|Pecharunt|
|poke|p1|Mabosstiff, F|
|poke|p1|Volcanion|
|poke|p1|Iron Valiant|
|poke|p1|Landorus-Therian, M|
|poke|p1|Deoxys-Speed|
|poke|p2|Ribombee, F|
|poke|p2|Cinderace, M|
|poke|p2|Serperior, M|
|poke|p2|Hitmonlee, M|
|poke|p2|Empoleon, M|
|poke|p2|Kingambit, F|
|teampreview
|
|t:|1769447197
|teamsize|p1|6
|teamsize|p2|6
|start
|switch|p1a: Volcanion|Volcanion|100/100
|switch|p2a: Ya Like Jazz?|Ribombee, F|100/100
|turn|1
|
|t:|1769447204
|move|p2a: Ya Like Jazz?|Sticky Web|p1a: Volcanion
|-sidestart|p1: VaporeonUser|move: Sticky Web
|move|p1a: Volcanion|Flamethrower|p2a: Ya Like Jazz?
|-supereffective|p2a: Ya Like Jazz?
|-enditem|p2a: Ya Like Jazz?|Focus Sash
|-damage|p2a: Ya Like Jazz?|1/100
|
|upkeep
|turn|2
|
|t:|1769447211
|move|p2a: Ya Like Jazz?|Struggle Bug|p1a: Volcanion
|-resisted|p1a: Volcanion
|-damage|p1a: Volcanion|90/100
|-unboost|p1a: Volcanion|spa|1
|move|p1a: Volcanion|Flamethrower|p2a: Ya Like Jazz?
|-supereffective|p2a: Ya Like Jazz?
|-damage|p2a: Ya Like Jazz?|0 fnt
|faint|p2a: Ya Like Jazz?
|
|-heal|p1a: Volcanion|96/100|[from] item: Leftovers
|upkeep
|
|t:|1769447222
|switch|p2a: What's Up Doc?|Cinderace, M|100/100
|turn|3
|
|t:|1769447227
|switch|p1a: Landorus|Landorus-Therian, M|100/100
|-ability|p1a: Landorus|Intimidate|boost
|-unboost|p2a: What's Up Doc?|atk|1
|move|p2a: What's Up Doc?|Court Change|p2a: What's Up Doc?
|-start|p2a: What's Up Doc?|typechange|Normal|[from] ability: Libero
|-swapsideconditions
|-activate|p2a: What's Up Doc?|move: Court Change
|
|upkeep
|turn|4
|
|t:|1769447238
|move|p2a: What's Up Doc?|Taunt|p1a: Landorus
|-start|p1a: Landorus|move: Taunt
|move|p1a: Landorus|U-turn|p2a: What's Up Doc?
|-damage|p2a: What's Up Doc?|68/100
|
|t:|1769447246
|switch|p1a: Volcanion|Volcanion|96/100|[from] U-turn
|
|-heal|p1a: Volcanion|100/100|[from] item: Leftovers
|upkeep
|turn|5
|
|t:|1769447253
|move|p2a: What's Up Doc?|High Jump Kick|p1a: Volcanion
|-damage|p1a: Volcanion|78/100
|move|p1a: Volcanion|Flamethrower|p2a: What's Up Doc?
|-damage|p2a: What's Up Doc?|10/100
|
|-heal|p1a: Volcanion|85/100|[from] item: Leftovers
|upkeep
|turn|6
|
|t:|1769447261
|switch|p1a: Landorus|Landorus-Therian, M|100/100
|-ability|p1a: Landorus|Intimidate|boost
|-unboost|p2a: What's Up Doc?|atk|1
|move|p2a: What's Up Doc?|High Jump Kick|p1a: Landorus
|-resisted|p1a: Landorus
|-damage|p1a: Landorus|91/100
|-damage|p2a: What's Up Doc?|0 fnt|[from] item: Rocky Helmet|[of] p1a: Landorus
|faint|p2a: What's Up Doc?
|
|upkeep
|
|t:|1769447272
|switch|p2a: Slytherin|Serperior, M|100/100
|-activate|p2a: Slytherin|move: Sticky Web
|-boost|p2a: Slytherin|spe|1
|turn|7
|
|t:|1769447277
|move|p2a: Slytherin|Leaf Storm|p1a: Landorus
|-damage|p1a: Landorus|38/100
|-boost|p2a: Slytherin|spa|2
|move|p1a: Landorus|U-turn|p2a: Slytherin
|-supereffective|p2a: Slytherin
|-damage|p2a: Slytherin|48/100
|
|t:|1769447281
|switch|p1a: Pecharunt|Pecharunt|100/100|[from] U-turn
|
|upkeep
|turn|8
|
|t:|1769447287
|switch|p2a: Big Z|Empoleon, M|100/100
|-activate|p2a: Big Z|move: Sticky Web
|-unboost|p2a: Big Z|spe|1
|-ability|p2a: Big Z|Competitive|boost
|-boost|p2a: Big Z|spa|2
|move|p1a: Pecharunt|Malignant Chain|p2a: Big Z
|-immune|p2a: Big Z
|
|upkeep
|turn|9
|
|t:|1769447297
|switch|p1a: Volcanion|Volcanion|85/100
|move|p2a: Big Z|Grass Knot|p1a: Volcanion
|-damage|p1a: Volcanion|15/100
|
|-heal|p1a: Volcanion|21/100|[from] item: Leftovers
|upkeep
|turn|10
|
|t:|1769447305
|switch|p1a: Pecharunt|Pecharunt|100/100
|move|p2a: Big Z|Vacuum Wave|p1a: Pecharunt
|-immune|p1a: Pecharunt
|
|upkeep
|turn|11
|
|t:|1769447312
|move|p1a: Pecharunt|Nasty Plot|p1a: Pecharunt
|-boost|p1a: Pecharunt|spa|2
|move|p2a: Big Z|Ice Beam|p1a: Pecharunt
|-damage|p1a: Pecharunt|31/100
|
|upkeep
|turn|12
|
|t:|1769447320
|move|p1a: Pecharunt|Shadow Ball|p2a: Big Z
|-crit|p2a: Big Z
|-damage|p2a: Big Z|45/100
|-unboost|p2a: Big Z|spd|1
|-ability|p2a: Big Z|Competitive|boost
|-boost|p2a: Big Z|spa|2
|move|p2a: Big Z|Ice Beam|p1a: Pecharunt
|-damage|p1a: Pecharunt|0 fnt
|faint|p1a: Pecharunt
|
|upkeep
|
|t:|1769447327
|switch|p1a: Landorus|Landorus-Therian, M|38/100
|-ability|p1a: Landorus|Intimidate|boost
|-unboost|p2a: Big Z|atk|1
|-ability|p2a: Big Z|Competitive|boost
|-boost|p2a: Big Z|spa|2
|turn|13
|
|t:|1769447335
|move|p2a: Big Z|Vacuum Wave|p1a: Landorus
|-resisted|p1a: Landorus
|-crit|p1a: Landorus
|-damage|p1a: Landorus|0 fnt
|faint|p1a: Landorus
|
|upkeep
|
|t:|1769447339
|switch|p1a: Iron Valiant|Iron Valiant|100/100
|-enditem|p1a: Iron Valiant|Booster Energy
|-activate|p1a: Iron Valiant|ability: Quark Drive|[fromitem]
|-start|p1a: Iron Valiant|quarkdrivespe
|turn|14
|
|t:|1769447345
|move|p2a: Big Z|Vacuum Wave|p1a: Iron Valiant
|-resisted|p1a: Iron Valiant
|-damage|p1a: Iron Valiant|44/100
|move|p1a: Iron Valiant|Close Combat|p2a: Big Z
|-supereffective|p2a: Big Z
|-damage|p2a: Big Z|0 fnt
|-unboost|p1a: Iron Valiant|def|1
|-unboost|p1a: Iron Valiant|spd|1
|faint|p2a: Big Z
|
|upkeep
|
|t:|1769447354
|switch|p2a: Slytherin|Serperior, M|48/100
|-activate|p2a: Slytherin|move: Sticky Web
|-boost|p2a: Slytherin|spe|1
|turn|15
|
|t:|1769447359
|move|p1a: Iron Valiant|Moonblast|p2a: Slytherin
|-damage|p2a: Slytherin|0 fnt
|faint|p2a: Slytherin
|
|upkeep
|
|t:|1769447364
|switch|p2a: Kickin' Nugget|Hitmonlee, M|100/100
|-activate|p2a: Kickin' Nugget|move: Sticky Web
|-unboost|p2a: Kickin' Nugget|spe|1
|-enditem|p2a: Kickin' Nugget|White Herb
|-clearnegativeboost|p2a: Kickin' Nugget|[silent]
|turn|16
|
|t:|1769447370
|move|p2a: Kickin' Nugget|Close Combat|p1a: Iron Valiant
|-resisted|p1a: Iron Valiant
|-damage|p1a: Iron Valiant|0 fnt
|-unboost|p2a: Kickin' Nugget|def|1
|-unboost|p2a: Kickin' Nugget|spd|1
|faint|p1a: Iron Valiant
|-end|p1a: Iron Valiant|Quark Drive|[silent]
|
|upkeep
|
|t:|1769447376
|switch|p1a: Mabosstiff|Mabosstiff, F, shiny|100/100
|-ability|p1a: Mabosstiff|Intimidate|boost
|-unboost|p2a: Kickin' Nugget|atk|1
|turn|17
|
|t:|1769447386
|-terastallize|p1a: Mabosstiff|Bug
|move|p2a: Kickin' Nugget|Close Combat|p1a: Mabosstiff
|-resisted|p1a: Mabosstiff
|-damage|p1a: Mabosstiff|76/100
|-unboost|p2a: Kickin' Nugget|def|1
|-unboost|p2a: Kickin' Nugget|spd|1
|-enditem|p1a: Mabosstiff|Kee Berry|[eat]
|-boost|p1a: Mabosstiff|def|1|[from] item: Kee Berry
|move|p1a: Mabosstiff|Jaw Lock|p2a: Kickin' Nugget
|-resisted|p2a: Kickin' Nugget
|-damage|p2a: Kickin' Nugget|0 fnt
|faint|p2a: Kickin' Nugget
|
|upkeep
|
|t:|1769447399
|switch|p2a: Come At Me Bro|Kingambit, F|100/100
|-activate|p2a: Come At Me Bro|move: Sticky Web
|-unboost|p2a: Come At Me Bro|spe|1
|-ability|p2a: Come At Me Bro|Defiant|boost
|-boost|p2a: Come At Me Bro|atk|2
|turn|18
|
|t:|1769447406
|-terastallize|p2a: Come At Me Bro|Fairy
|move|p1a: Mabosstiff|Hone Claws|p1a: Mabosstiff
|-boost|p1a: Mabosstiff|atk|1
|-boost|p1a: Mabosstiff|accuracy|1
|move|p2a: Come At Me Bro|Kowtow Cleave|p1a: Mabosstiff
|-damage|p1a: Mabosstiff|8/100
|
|upkeep
|turn|19
|
|t:|1769447415
|move|p2a: Come At Me Bro|Sucker Punch|p1a: Mabosstiff
|-damage|p1a: Mabosstiff|0 fnt
|faint|p1a: Mabosstiff
|
|upkeep
|
|t:|1769447417
|switch|p1a: Volcanion|Volcanion|21/100
|turn|20
|
|t:|1769447423
|move|p2a: Come At Me Bro|Sucker Punch||[still]
|-fail|p2a: Come At Me Bro
|move|p1a: Volcanion|Will-O-Wisp|p2a: Come At Me Bro
|-status|p2a: Come At Me Bro|brn
|-enditem|p2a: Come At Me Bro|Lum Berry|[eat]
|-curestatus|p2a: Come At Me Bro|brn|[msg]
|
|-heal|p1a: Volcanion|27/100|[from] item: Leftovers
|upkeep
|turn|21
|
|t:|1769447433
|move|p1a: Volcanion|Steam Eruption|p2a: Come At Me Bro
|-damage|p2a: Come At Me Bro|50/100
|-status|p2a: Come At Me Bro|brn
|move|p2a: Come At Me Bro|Kowtow Cleave|p1a: Volcanion
|-damage|p1a: Volcanion|0 fnt
|faint|p1a: Volcanion
|
|-damage|p2a: Come At Me Bro|44/100 brn|[from] brn
|upkeep
|
|t:|1769447435
|switch|p1a: Deoxys|Deoxys-Speed|100/100
|-ability|p1a: Deoxys|Pressure
|turn|22
|
|t:|1769447447
|move|p2a: Come At Me Bro|Sucker Punch||[still]
|-fail|p2a: Come At Me Bro
|move|p1a: Deoxys|Spikes|p2a: Come At Me Bro
|-sidestart|p2: jarrodbennett|Spikes
|
|-damage|p2a: Come At Me Bro|38/100 brn|[from] brn
|upkeep
|turn|23
|
|t:|1769447454
|move|p1a: Deoxys|Psycho Boost|p2a: Come At Me Bro
|-damage|p2a: Come At Me Bro|0 fnt
|-unboost|p1a: Deoxys|spa|2
|faint|p2a: Come At Me Bro
|
|win|VaporeonUser
|raw|VaporeonUser's rating: 1604 &rarr; <strong>1621</strong><br />(+17 for winning)
|raw|jarrodbennett's rating: 1543 &rarr; <strong>1526</strong><br />(-17 for losing)
|l|☆VaporeonUser
|player|p1|
|c|☆jarrodbennett|Dang. Well played.
|l|☆jarrodbennett
|player|p2|
