|j|☆beentheredonepat
|j|☆random guy 606060
|t:|1769425754
|gametype|singles
|player|p1|beentheredonepat|spark-casual|1223
|player|p2|random guy 606060|102|1274
|gen|9
|tier|[Gen 9] OU
|rated|
|rule|HP Percentage Mod: HP is shown in percentages
|rule|Endless Battle Clause: Forcing endless battles is banned
|rule|Species Clause: Limit one of each Pokémon
|rule|OHKO Clause: OHKO moves are banned
|rule|Evasion Items Clause: Evasion items are banned
|rule|Evasion Moves Clause: Evasion moves are banned
|rule|Evasion Abilities Clause: Evasion abilities are banned
|rule|Sleep Moves Clause: Sleep-inducing moves are banned
|clearpoke
|poke|p1|Typhlosion, M|
|poke|p1|Ninetales, F|
|poke|p1|Corviknight, M|
|poke|p1|Shiftry, M|
|poke|p1|Samurott-Hisui, M|
|poke|p1|Whimsicott, F|
|poke|p2|Alomomola, M|
|poke|p2|Gliscor, M|
|poke|p2|Lokix, F|
|poke|p2|Hoopa-Unbound|
|poke|p2|Weezing-Galar, F|
|poke|p2|Corviknight, M|
|teampreview
|inactive|Battle timer is ON: inactive players will automatically lose when time's up. (requested by random guy 606060)
|inactive|beentheredonepat also wants the timer to be on.
|
|t:|1769425760
|teamsize|p1|6
|teamsize|p2|6
|start
|switch|p1a: Samurott|Samurott-Hisui, M|100/100
|switch|p2a: Weezing|Weezing-Galar, F|100/100
|-ability|p2a: Weezing|Neutralizing Gas
|turn|1
|
|t:|1769425764
|move|p1a: Samurott|Swords Dance|p1a: Samurott
|-boost|p1a: Samurott|atk|2
|move|p2a: Weezing|Will-O-Wisp|p1a: Samurott
|-status|p1a: Samurott|brn
|
|-damage|p1a: Samurott|94/100 brn|[from] brn
|upkeep
|turn|2
|
|t:|1769425770
|move|p1a: Samurott|Aqua Cutter|p2a: Weezing
|-damage|p2a: Weezing|79/100
|move|p2a: Weezing|Strange Steam|p1a: Samurott
|-supereffective|p1a: Samurott
|-damage|p1a: Samurott|14/100 brn
|
|-damage|p1a: Samurott|8/100 brn|[from] brn
|upkeep
|turn|3
|
|t:|1769425778
|-end|p2a: Weezing|ability: Neutralizing Gas
|switch|p2a: Corviknight|Corviknight, M|100/100
|-ability|p2a: Corviknight|Pressure
|move|p1a: Samurott|Ceaseless Edge|p2a: Corviknight
|-damage|p2a: Corviknight|74/100
|-damage|p1a: Samurott|0 fnt|[from] item: Rocky Helmet|[of] p2a: Corviknight
|faint|p1a: Samurott
|
|upkeep
|
|t:|1769425787
|switch|p1a: Ninetales|Ninetales, F|100/100
|-weather|SunnyDay|[from] ability: Drought|[of] p1a: Ninetales
|turn|4
|
|t:|1769425793
|switch|p2a: Alomomola|Alomomola, M|100/100
|move|p1a: Ninetales|Overheat|p2a: Alomomola
|-resisted|p2a: Alomomola
|-damage|p2a: Alomomola|84/100
|-unboost|p1a: Ninetales|spa|2
|-enditem|p1a: Ninetales|Eject Pack
|
|t:|1769425800
|switch|p1a: Shiftry|Shiftry, M|100/100
|
|-weather|SunnyDay|[upkeep]
|upkeep
|turn|5
|
|t:|1769425809
|move|p1a: Shiftry|Tailwind|p1a: Shiftry
|-sidestart|p1: beentheredonepat|move: Tailwind
|-ability|p1a: Shiftry|Wind Rider|boost
|-boost|p1a: Shiftry|atk|1
|move|p2a: Alomomola|Flip Turn|p1a: Shiftry
|-resisted|p1a: Shiftry
|-damage|p1a: Shiftry|96/100
|
|t:|1769425812
|switch|p2a: Lokix|Lokix, F|100/100|[from] Flip Turn
|
|-weather|SunnyDay|[upkeep]
|upkeep
|turn|6
|
|t:|1769425821
|switch|p1a: Corviknight|Corviknight, M, shiny|100/100
|-terastallize|p2a: Lokix|Bug
|move|p2a: Lokix|First Impression|p1a: Corviknight
|-resisted|p1a: Corviknight
|-damage|p1a: Corviknight|70/100
|
|-weather|SunnyDay|[upkeep]
|-heal|p1a: Corviknight|77/100|[from] item: Leftovers
|upkeep
|turn|7
|
|t:|1769425837
|switch|p2a: Gliscor|Gliscor, M|100/100
|move|p1a: Corviknight|Bulk Up|p1a: Corviknight
|-boost|p1a: Corviknight|atk|1
|-boost|p1a: Corviknight|def|1
|
|-weather|SunnyDay|[upkeep]
|-heal|p1a: Corviknight|83/100|[from] item: Leftovers
|-status|p2a: Gliscor|tox|[from] item: Toxic Orb
|upkeep
|turn|8
|
|t:|1769425860
|move|p1a: Corviknight|Bulk Up|p1a: Corviknight
|-boost|p1a: Corviknight|atk|1
|-boost|p1a: Corviknight|def|1
|move|p2a: Gliscor|Knock Off|p1a: Corviknight
|-damage|p1a: Corviknight|76/100
|-enditem|p1a: Corviknight|Leftovers|[from] move: Knock Off|[of] p2a: Gliscor
|
|-weather|none
|-sideend|p1: beentheredonepat|move: Tailwind
|upkeep
|turn|9
|
|t:|1769425866
|switch|p2a: Weezing|Weezing-Galar, F|79/100
|-ability|p2a: Weezing|Neutralizing Gas
|move|p1a: Corviknight|Brave Bird|p2a: Weezing
|-damage|p2a: Weezing|27/100
|-damage|p1a: Corviknight|62/100|[from] Recoil
|
|upkeep
|turn|10
|
|t:|1769425876
|-end|p2a: Weezing|ability: Neutralizing Gas
|switch|p2a: Corviknight|Corviknight, M|74/100
|-ability|p2a: Corviknight|Pressure
|move|p1a: Corviknight|Brave Bird|p2a: Corviknight
|-resisted|p2a: Corviknight
|-damage|p2a: Corviknight|51/100
|-damage|p1a: Corviknight|46/100|[from] item: Rocky Helmet|[of] p2a: Corviknight
|-damage|p1a: Corviknight|38/100|[from] Recoil
|
|upkeep
|turn|11
|
|t:|1769425884
|move|p1a: Corviknight|Body Press|p2a: Corviknight
|-damage|p2a: Corviknight|20/100
|-damage|p1a: Corviknight|21/100|[from] item: Rocky Helmet|[of] p2a: Corviknight
|move|p2a: Corviknight|Iron Defense|p2a: Corviknight
|-boost|p2a: Corviknight|def|2
|
|upkeep
|turn|12
|
|t:|1769425895
|move|p1a: Corviknight|Body Press|p2a: Corviknight
|-damage|p2a: Corviknight|6/100
|-damage|p1a: Corviknight|5/100|[from] item: Rocky Helmet|[of] p2a: Corviknight
|move|p2a: Corviknight|Roost|p2a: Corviknight
|-heal|p2a: Corviknight|56/100
|-singleturn|p2a: Corviknight|move: Roost
|
|upkeep
|turn|13
|
|t:|1769425905
|switch|p1a: Typhlosion|Typhlosion, M|100/100
|move|p2a: Corviknight|Roost|p2a: Corviknight
|-heal|p2a: Corviknight|100/100
|-singleturn|p2a: Corviknight|move: Roost
|
|upkeep
|turn|14
|
|t:|1769425912
|switch|p2a: Alomomola|Alomomola, M|100/100
|-terastallize|p1a: Typhlosion|Fire
|move|p1a: Typhlosion|Eruption|p2a: Alomomola
|-resisted|p2a: Alomomola
|-damage|p2a: Alomomola|75/100
|
|upkeep
|turn|15
|
|t:|1769425921
|switch|p1a: Ninetales|Ninetales, F|100/100
|-weather|SunnyDay|[from] ability: Drought|[of] p1a: Ninetales
|move|p2a: Alomomola|Flip Turn|p1a: Ninetales
|-supereffective|p1a: Ninetales
|-damage|p1a: Ninetales|81/100
|
|t:|1769425930
|switch|p2a: Hoopa|Hoopa-Unbound|100/100|[from] Flip Turn
|
|-weather|SunnyDay|[upkeep]
|upkeep
|turn|16
|
|t:|1769425935
|move|p1a: Ninetales|Overheat|p2a: Hoopa
|-damage|p2a: Hoopa|68/100
|-unboost|p1a: Ninetales|spa|2
|move|p2a: Hoopa|Psychic Noise|p1a: Ninetales
|-damage|p1a: Ninetales|45/100
|-start|p1a: Ninetales|move: Heal Block
|
|-weather|SunnyDay|[upkeep]
|upkeep
|turn|17
|
|t:|1769425943
|move|p1a: Ninetales|Encore|p2a: Hoopa
|-start|p2a: Hoopa|Encore
|move|p2a: Hoopa|Psychic Noise|p1a: Ninetales
|-damage|p1a: Ninetales|11/100
|
|-weather|SunnyDay|[upkeep]
|-end|p1a: Ninetales|move: Heal Block
|upkeep
|turn|18
|
|t:|1769425946
|switch|p2a: Lokix|Lokix, F, tera:Bug|100/100
|move|p1a: Ninetales|Will-O-Wisp|p2a: Lokix
|-status|p2a: Lokix|brn
|
|-weather|SunnyDay|[upkeep]
|-damage|p2a: Lokix|94/100 brn|[from] brn
|upkeep
|turn|19
|
|t:|1769425958
|move|p2a: Lokix|U-turn|p1a: Ninetales
|-resisted|p1a: Ninetales
|-damage|p1a: Ninetales|0 fnt
|faint|p1a: Ninetales
|
|t:|1769425962
|switch|p2a: Alomomola|Alomomola, M|100/100|[from] U-turn
|
|-weather|none
|upkeep
|
|t:|1769425965
|switch|p1a: Shiftry|Shiftry, M|96/100
|turn|20
|
|t:|1769425975
|move|p1a: Shiftry|Leaf Blade|p2a: Alomomola
|-supereffective|p2a: Alomomola
|-damage|p2a: Alomomola|44/100
|move|p2a: Alomomola|Body Slam|p1a: Shiftry
|-crit|p1a: Shiftry
|-damage|p1a: Shiftry|63/100
|
|upkeep
|turn|21
|
|t:|1769425984
|switch|p2a: Weezing|Weezing-Galar, F|27/100
|-ability|p2a: Weezing|Neutralizing Gas
|move|p1a: Shiftry|Leaf Blade|p2a: Weezing
|-resisted|p2a: Weezing
|-damage|p2a: Weezing|12/100
|
|upkeep
|turn|22
|
|t:|1769425992
|move|p1a: Shiftry|Knock Off|p2a: Weezing
|-resisted|p2a: Weezing
|-damage|p2a: Weezing|0 fnt
|-enditem|p2a: Weezing|Heavy-Duty Boots|[from] move: Knock Off|[of] p1a: Shiftry
|faint|p2a: Weezing
|-end|p2a: Weezing|ability: Neutralizing Gas
|
|upkeep
|
|t:|1769425995
|switch|p2a: Lokix|Lokix, F, tera:Bug|94/100 brn
|turn|23
|
|t:|1769426001
|switch|p1a: Corviknight|Corviknight, M, shiny|5/100
|move|p2a: Lokix|U-turn|p1a: Corviknight
|-resisted|p1a: Corviknight
|-damage|p1a: Corviknight|0 fnt
|faint|p1a: Corviknight
|
|t:|1769426006
|switch|p2a: Gliscor|Gliscor, M|100/100 tox|[from] U-turn
|
|upkeep
|
|t:|1769426013
|switch|p1a: Whimsicott|Whimsicott, F|100/100
|turn|24
|
|t:|1769426021
|move|p1a: Whimsicott|Sunny Day|p1a: Whimsicott
|-weather|SunnyDay
|move|p2a: Gliscor|Knock Off|p1a: Whimsicott
|-resisted|p1a: Whimsicott
|-damage|p1a: Whimsicott|88/100
|-enditem|p1a: Whimsicott|Heat Rock|[from] move: Knock Off|[of] p2a: Gliscor
|
|-weather|SunnyDay|[upkeep]
|upkeep
|turn|25
|
|t:|1769426032
|switch|p2a: Hoopa|Hoopa-Unbound|68/100
|move|p1a: Whimsicott|Tailwind|p1a: Whimsicott
|-sidestart|p1: beentheredonepat|move: Tailwind
|
|-weather|SunnyDay|[upkeep]
|upkeep
|turn|26
|
|t:|1769426040
|switch|p1a: Shiftry|Shiftry, M|63/100
|-ability|p1a: Shiftry|Wind Rider|boost
|-boost|p1a: Shiftry|atk|1
|move|p2a: Hoopa|Psychic Noise|p1a: Shiftry
|-immune|p1a: Shiftry
|
|-weather|SunnyDay|[upkeep]
|upkeep
|turn|27
|
|t:|1769426047
|switch|p2a: Corviknight|Corviknight, M|100/100
|-ability|p2a: Corviknight|Pressure
|move|p1a: Shiftry|Knock Off|p2a: Corviknight
|-damage|p2a: Corviknight|57/100
|-damage|p1a: Shiftry|47/100|[from] item: Rocky Helmet|[of] p2a: Corviknight
|-enditem|p2a: Corviknight|Rocky Helmet|[from] move: Knock Off|[of] p1a: Shiftry
|
|-weather|SunnyDay|[upkeep]
|upkeep
|turn|28
|
|t:|1769426056
|switch|p1a: Typhlosion|Typhlosion, M, tera:Fire|100/100
|move|p2a: Corviknight|Roost|p2a: Corviknight
|-heal|p2a: Corviknight|100/100
|-singleturn|p2a: Corviknight|move: Roost
|
|-weather|SunnyDay|[upkeep]
|-sideend|p1: beentheredonepat|move: Tailwind
|upkeep
|turn|29
|
|t:|1769426066
|switch|p2a: Hoopa|Hoopa-Unbound|68/100
|move|p1a: Typhlosion|Eruption|p2a: Hoopa
|-damage|p2a: Hoopa|0 fnt
|faint|p2a: Hoopa
|
|-weather|SunnyDay|[upkeep]
|upkeep
|
|t:|1769426078
|switch|p2a: Alomomola|Alomomola, M|77/100
|turn|30
|
|t:|1769426081
|move|p1a: Typhlosion|Eruption|p2a: Alomomola
|-resisted|p2a: Alomomola
|-damage|p2a: Alomomola|32/100
|move|p2a: Alomomola|Mirror Coat|p1a: Typhlosion
|-damage|p1a: Typhlosion|0 fnt
|faint|p1a: Typhlosion
|
|-weather|SunnyDay|[upkeep]
|upkeep
|
|t:|1769426087
|switch|p1a: Shiftry|Shiftry, M|47/100
|turn|31
|
|t:|1769426089
|switch|p2a: Corviknight|Corviknight, M|100/100
|-ability|p2a: Corviknight|Pressure
|move|p1a: Shiftry|Tailwind|p1a: Shiftry
|-sidestart|p1: beentheredonepat|move: Tailwind
|-ability|p1a: Shiftry|Wind Rider|boost
|-boost|p1a: Shiftry|atk|1
|
|-weather|none
|upkeep
|turn|32
|
|t:|1769426095
|move|p1a: Shiftry|Explosion|p2a: Corviknight
|-resisted|p2a: Corviknight
|-damage|p2a: Corviknight|66/100
|faint|p1a: Shiftry
|move|p2a: Corviknight|U-turn|p1: Shiftry|[notarget]
|-fail|p2a: Corviknight
|
|upkeep
|-message|beentheredonepat forfeited.
|
|win|random guy 606060
|raw|beentheredonepat's rating: 1223 &rarr; <strong>1202</strong><br />(-21 for losing)
|raw|random guy 606060's rating: 1274 &rarr; <strong>1295</strong><br />(+21 for winning)
|l|☆beentheredonepat
|player|p1|
|l|☆random guy 606060
|player|p2|
