|j|☆vernost72
|j|☆rpgking2000
|t:|1769314279
|gametype|singles
|player|p1|vernost72|hoopster|1500
|player|p2|rpgking2000|silver-gen2|1456
|gen|9
|tier|[Gen 9] OU
|rated|
|rule|HP Percentage Mod: HP is shown in percentages
|rule|Endless Battle Clause: Forcing endless battles is banned
|rule|Species Clause: Limit one of each Pokémon
|rule|OHKO Clause: OHKO moves are banned
|rule|Evasion Items Clause: Evasion items are banned
|rule|Evasion Moves Clause: Evasion moves are banned
|rule|Evasion Abilities Clause: Evasion abilities are banned
|rule|Sleep Moves Clause: Sleep-inducing moves are banned
|clearpoke
|poke|p1|Zamazenta-*|
|poke|p1|Primarina, F|
|poke|p1|Raging Bolt|
|poke|p1|Iron Treads|
|poke|p1|Moltres|
|poke|p1|Rillaboom, F|
|poke|p2|Gliscor, F|
|poke|p2|Weavile, M|
|poke|p2|Latios, M|
|poke|p2|Slowking-Galar, M|
|poke|p2|Cobalion|
|poke|p2|Pecharunt|
|teampreview
|inactive|Battle timer is ON: inactive players will automatically lose when time's up. (requested by vernost72)
|
|t:|1769314290
|teamsize|p1|6
|teamsize|p2|6
|start
|switch|p1a: Rillaboom|Rillaboom, F|100/100
|switch|p2a: Cobalion|Cobalion|100/100
|-fieldstart|move: Grassy Terrain|[from] ability: Grassy Surge|[of] p1a: Rillaboom
|turn|1
|
|t:|1769314305
|switch|p1a: Moltres|Moltres|100/100
|move|p2a: Cobalion|Stealth Rock|p1a: Moltres
|-sidestart|p1: vernost72|move: Stealth Rock
|
|upkeep
|turn|2
|
|t:|1769314312
|switch|p2a: Slowking|Slowking-Galar, M|100/100
|move|p1a: Moltres|Flamethrower|p2a: Slowking
|-damage|p2a: Slowking|76/100
|
|-heal|p2a: Slowking|82/100|[from] Grassy Terrain
|upkeep
|turn|3
|
|t:|1769314318
|switch|p1a: Iron Treads|Iron Treads|100/100
|-damage|p1a: Iron Treads|97/100|[from] Stealth Rock
|move|p2a: Slowking|Future Sight|p1a: Iron Treads
|-start|p2a: Slowking|move: Future Sight
|
|-heal|p1a: Iron Treads|100/100|[from] Grassy Terrain
|-heal|p2a: Slowking|88/100|[from] Grassy Terrain
|upkeep
|turn|4
|
|t:|1769314325
|switch|p2a: Pecharunt|Pecharunt|100/100
|move|p1a: Iron Treads|Rapid Spin|p2a: Pecharunt
|-immune|p2a: Pecharunt
|
|upkeep
|turn|5
|
|t:|1769314330
|move|p1a: Iron Treads|Stealth Rock|p2a: Pecharunt
|-sidestart|p2: rpgking2000|move: Stealth Rock
|move|p2a: Pecharunt|Parting Shot|p1a: Iron Treads
|-unboost|p1a: Iron Treads|atk|1
|-unboost|p1a: Iron Treads|spa|1
|
|t:|1769314337
|switch|p2a: Gliscor|Gliscor, F|100/100|[from] Parting Shot
|-damage|p2a: Gliscor|88/100|[from] Stealth Rock
|
|-end|p1a: Iron Treads|move: Future Sight
|-resisted|p1a: Iron Treads
|-damage|p1a: Iron Treads|66/100
|-heal|p1a: Iron Treads|72/100|[from] Grassy Terrain
|-heal|p1a: Iron Treads|79/100|[from] item: Leftovers
|-status|p2a: Gliscor|tox|[from] item: Toxic Orb
|upkeep
|turn|6
|
|t:|1769314342
|move|p1a: Iron Treads|Rapid Spin|p2a: Gliscor
|-damage|p2a: Gliscor|81/100 tox
|-boost|p1a: Iron Treads|spe|1
|-sideend|p1: vernost72|Stealth Rock|[from] move: Rapid Spin|[of] p1a: Iron Treads
|move|p2a: Gliscor|Earthquake|p1a: Iron Treads
|-supereffective|p1a: Iron Treads
|-damage|p1a: Iron Treads|49/100
|
|-heal|p1a: Iron Treads|55/100|[from] Grassy Terrain
|-heal|p1a: Iron Treads|61/100|[from] item: Leftovers
|-heal|p2a: Gliscor|93/100 tox|[from] ability: Poison Heal
|upkeep
|turn|7
|
|t:|1769314348
|-end|p1a: Iron Treads|Quark Drive|[silent]
|switch|p1a: Primarina|Primarina, F|100/100
|move|p2a: Gliscor|Protect||[still]
|-fail|p2a: Gliscor
|
|-heal|p2a: Gliscor|100/100 tox|[from] ability: Poison Heal
|upkeep
|turn|8
|
|t:|1769314354
|switch|p2a: Slowking|Slowking-Galar, M|100/100
|move|p1a: Primarina|Hydro Pump|p2a: Slowking
|-damage|p2a: Slowking|62/100
|
|-heal|p2a: Slowking|68/100|[from] Grassy Terrain
|-fieldend|move: Grassy Terrain
|upkeep
|turn|9
|
|t:|1769314358
|move|p1a: Primarina|Flip Turn|p2a: Slowking
|-damage|p2a: Slowking|54/100
|
|t:|1769314360
|switch|p1a: Iron Treads|Iron Treads|61/100|[from] Flip Turn
|move|p2a: Slowking|Future Sight|p1a: Iron Treads
|-start|p2a: Slowking|move: Future Sight
|
|-heal|p1a: Iron Treads|67/100|[from] item: Leftovers
|upkeep
|turn|10
|
|t:|1769314373
|move|p1a: Iron Treads|High Horsepower|p2a: Slowking
|-supereffective|p2a: Slowking
|-damage|p2a: Slowking|0 fnt
|faint|p2a: Slowking
|
|-heal|p1a: Iron Treads|74/100|[from] item: Leftovers
|upkeep
|
|t:|1769314386
|switch|p2a: Weavile|Weavile, M|100/100
|-ability|p2a: Weavile|Pressure
|turn|11
|
|t:|1769314395
|move|p2a: Weavile|Swords Dance|p2a: Weavile
|-boost|p2a: Weavile|atk|2
|move|p1a: Iron Treads|Volt Switch|p2a: Weavile
|-damage|p2a: Weavile|84/100
|
|t:|1769314400
|-end|p1a: Iron Treads|Quark Drive|[silent]
|switch|p1a: Zamazenta|Zamazenta|100/100|[from] Volt Switch
|-ability|p1a: Zamazenta|Dauntless Shield|boost
|-boost|p1a: Zamazenta|def|1
|
|-end|p1a: Zamazenta|move: Future Sight
|-supereffective|p1a: Zamazenta
|-damage|p1a: Zamazenta|30/100
|-heal|p1a: Zamazenta|37/100|[from] item: Leftovers
|upkeep
|turn|12
|
|t:|1769314413
|switch|p2a: Pecharunt|Pecharunt|100/100
|move|p1a: Zamazenta|Body Press|p2a: Pecharunt
|-immune|p2a: Pecharunt
|
|-heal|p1a: Zamazenta|43/100|[from] item: Leftovers
|upkeep
|turn|13
|
|t:|1769314420
|switch|p1a: Iron Treads|Iron Treads|74/100
|move|p2a: Pecharunt|Shadow Ball|p1a: Iron Treads
|-damage|p1a: Iron Treads|38/100
|
|-heal|p1a: Iron Treads|44/100|[from] item: Leftovers
|upkeep
|turn|14
|
|t:|1769314426
|move|p1a: Iron Treads|High Horsepower|p2a: Pecharunt
|-supereffective|p2a: Pecharunt
|-damage|p2a: Pecharunt|55/100
|move|p2a: Pecharunt|Shadow Ball|p1a: Iron Treads
|-damage|p1a: Iron Treads|9/100
|
|-heal|p1a: Iron Treads|15/100|[from] item: Leftovers
|upkeep
|turn|15
|
|t:|1769314431
|move|p1a: Iron Treads|High Horsepower|p2a: Pecharunt
|-supereffective|p2a: Pecharunt
|-damage|p2a: Pecharunt|10/100
|move|p2a: Pecharunt|Recover|p2a: Pecharunt
|-heal|p2a: Pecharunt|60/100
|
|-heal|p1a: Iron Treads|21/100|[from] item: Leftovers
|upkeep
|turn|16
|
|t:|1769314439
|switch|p2a: Gliscor|Gliscor, F|100/100 tox
|-damage|p2a: Gliscor|88/100 tox|[from] Stealth Rock
|move|p1a: Iron Treads|High Horsepower|p2a: Gliscor
|-immune|p2a: Gliscor
|
|-heal|p1a: Iron Treads|27/100|[from] item: Leftovers
|-heal|p2a: Gliscor|100/100 tox|[from] ability: Poison Heal
|upkeep
|turn|17
|
|t:|1769314445
|-end|p1a: Iron Treads|Quark Drive|[silent]
|switch|p1a: Rillaboom|Rillaboom, F|100/100
|-fieldstart|move: Grassy Terrain|[from] ability: Grassy Surge|[of] p1a: Rillaboom
|move|p2a: Gliscor|Spikes|p1a: Rillaboom
|-sidestart|p1: vernost72|Spikes
|
|upkeep
|turn|18
|
|t:|1769314450
|move|p2a: Gliscor|Protect|p2a: Gliscor
|-singleturn|p2a: Gliscor|Protect
|move|p1a: Rillaboom|Wood Hammer|p2a: Gliscor
|-activate|p2a: Gliscor|move: Protect
|
|upkeep
|turn|19
|
|t:|1769314456
|move|p1a: Rillaboom|Wood Hammer|p2a: Gliscor
|-damage|p2a: Gliscor|39/100 tox
|-damage|p1a: Rillaboom|79/100|[from] Recoil
|move|p2a: Gliscor|Spikes|p1a: Rillaboom
|-sidestart|p1: vernost72|Spikes
|
|-heal|p1a: Rillaboom|86/100|[from] Grassy Terrain
|-heal|p2a: Gliscor|51/100 tox|[from] ability: Poison Heal
|upkeep
|turn|20
|
|t:|1769314464
|move|p2a: Gliscor|Protect|p2a: Gliscor
|-singleturn|p2a: Gliscor|Protect
|move|p1a: Rillaboom|Knock Off|p2a: Gliscor
|-activate|p2a: Gliscor|move: Protect
|
|-heal|p1a: Rillaboom|92/100|[from] Grassy Terrain
|-heal|p2a: Gliscor|64/100 tox|[from] ability: Poison Heal
|upkeep
|turn|21
|
|t:|1769314469
|move|p1a: Rillaboom|Wood Hammer|p2a: Gliscor
|-damage|p2a: Gliscor|6/100 tox
|-damage|p1a: Rillaboom|72/100|[from] Recoil
|move|p2a: Gliscor|Toxic|p1a: Rillaboom
|-status|p1a: Rillaboom|tox
|
|-heal|p1a: Rillaboom|78/100 tox|[from] Grassy Terrain
|-damage|p1a: Rillaboom|72/100 tox|[from] psn
|-heal|p2a: Gliscor|18/100 tox|[from] ability: Poison Heal
|upkeep
|turn|22
|
|t:|1769314476
|switch|p1a: Primarina|Primarina, F|100/100
|-damage|p1a: Primarina|84/100|[from] Spikes
|move|p2a: Gliscor|Protect||[still]
|-fail|p2a: Gliscor
|
|-heal|p1a: Primarina|90/100|[from] Grassy Terrain
|-heal|p2a: Gliscor|31/100 tox|[from] ability: Poison Heal
|upkeep
|turn|23
|
|t:|1769314483
|move|p2a: Gliscor|Protect|p2a: Gliscor
|-singleturn|p2a: Gliscor|Protect
|move|p1a: Primarina|Moonblast|p2a: Gliscor
|-activate|p2a: Gliscor|move: Protect
|
|-heal|p1a: Primarina|96/100|[from] Grassy Terrain
|-heal|p2a: Gliscor|43/100 tox|[from] ability: Poison Heal
|upkeep
|turn|24
|
|t:|1769314495
|move|p2a: Gliscor|Toxic|p1a: Primarina
|-status|p1a: Primarina|tox
|move|p1a: Primarina|Ice Beam|p2a: Gliscor
|-supereffective|p2a: Gliscor
|-damage|p2a: Gliscor|0 fnt
|faint|p2a: Gliscor
|
|-heal|p1a: Primarina|100/100 tox|[from] Grassy Terrain
|-damage|p1a: Primarina|94/100 tox|[from] psn
|-fieldend|move: Grassy Terrain
|upkeep
|
|t:|1769314503
|switch|p2a: Pecharunt|Pecharunt|60/100
|turn|25
|
|t:|1769314506
|move|p2a: Pecharunt|Malignant Chain|p1a: Primarina
|-supereffective|p1a: Primarina
|-damage|p1a: Primarina|57/100 tox
|move|p1a: Primarina|Flip Turn|p2a: Pecharunt
|-damage|p2a: Pecharunt|53/100
|
|t:|1769314514
|switch|p1a: Rillaboom|Rillaboom, F|72/100 tox|[from] Flip Turn
|-damage|p1a: Rillaboom|55/100 tox|[from] Spikes
|-fieldstart|move: Grassy Terrain|[from] ability: Grassy Surge|[of] p1a: Rillaboom
|
|-heal|p1a: Rillaboom|61/100 tox|[from] Grassy Terrain
|-heal|p2a: Pecharunt|59/100|[from] Grassy Terrain
|-damage|p1a: Rillaboom|55/100 tox|[from] psn
|upkeep
|turn|26
|
|t:|1769314519
|move|p1a: Rillaboom|Knock Off|p2a: Pecharunt
|-supereffective|p2a: Pecharunt
|-damage|p2a: Pecharunt|26/100
|-enditem|p2a: Pecharunt|Heavy-Duty Boots|[from] move: Knock Off|[of] p1a: Rillaboom
|move|p2a: Pecharunt|Recover|p2a: Pecharunt
|-heal|p2a: Pecharunt|76/100
|
|-heal|p1a: Rillaboom|61/100 tox|[from] Grassy Terrain
|-heal|p2a: Pecharunt|82/100|[from] Grassy Terrain
|-damage|p1a: Rillaboom|49/100 tox|[from] psn
|upkeep
|turn|27
|
|t:|1769314522
|move|p1a: Rillaboom|U-turn|p2a: Pecharunt
|-resisted|p2a: Pecharunt
|-damage|p2a: Pecharunt|79/100
|
|t:|1769314533
|switch|p1a: Iron Treads|Iron Treads|27/100|[from] U-turn
|-damage|p1a: Iron Treads|11/100|[from] Spikes
|move|p2a: Pecharunt|Shadow Ball|p1a: Iron Treads
|-damage|p1a: Iron Treads|0 fnt
|faint|p1a: Iron Treads
|-end|p1a: Iron Treads|Quark Drive|[silent]
|
|-heal|p2a: Pecharunt|85/100|[from] Grassy Terrain
|upkeep
|
|t:|1769314535
|switch|p1a: Raging Bolt|Raging Bolt|100/100
|-damage|p1a: Raging Bolt|84/100|[from] Spikes
|turn|28
|
|t:|1769314549
|move|p2a: Pecharunt|Parting Shot|p1a: Raging Bolt
|-unboost|p1a: Raging Bolt|atk|1
|-unboost|p1a: Raging Bolt|spa|1
|
|t:|1769314555
|switch|p2a: Latios|Latios, M|100/100|[from] Parting Shot
|-damage|p2a: Latios|88/100|[from] Stealth Rock
|move|p1a: Raging Bolt|Calm Mind|p1a: Raging Bolt
|-boost|p1a: Raging Bolt|spa|1
|-boost|p1a: Raging Bolt|spd|1
|
|-heal|p1a: Raging Bolt|90/100|[from] Grassy Terrain
|-heal|p1a: Raging Bolt|96/100|[from] item: Leftovers
|upkeep
|turn|29
|
|t:|1769314565
|move|p2a: Latios|Draco Meteor|p1a: Raging Bolt
|-supereffective|p1a: Raging Bolt
|-damage|p1a: Raging Bolt|2/100
|-unboost|p2a: Latios|spa|2
|move|p1a: Raging Bolt|Dragon Pulse|p2a: Latios
|-supereffective|p2a: Latios
|-damage|p2a: Latios|0 fnt
|faint|p2a: Latios
|
|-heal|p1a: Raging Bolt|9/100|[from] Grassy Terrain
|-heal|p1a: Raging Bolt|15/100|[from] item: Leftovers
|upkeep
|
|t:|1769314569
|switch|p2a: Weavile|Weavile, M|84/100
|-ability|p2a: Weavile|Pressure
|turn|30
|
|t:|1769314572
|move|p2a: Weavile|Ice Shard|p1a: Raging Bolt
|-supereffective|p1a: Raging Bolt
|-damage|p1a: Raging Bolt|0 fnt
|faint|p1a: Raging Bolt
|-end|p1a: Raging Bolt|Protosynthesis|[silent]
|
|-heal|p2a: Weavile|91/100|[from] Grassy Terrain
|upkeep
|
|t:|1769314574
|switch|p1a: Moltres|Moltres|100/100
|turn|31
|
|t:|1769314578
|switch|p2a: Pecharunt|Pecharunt|85/100
|-damage|p2a: Pecharunt|73/100|[from] Stealth Rock
|move|p1a: Moltres|Flamethrower|p2a: Pecharunt
|-damage|p2a: Pecharunt|32/100
|
|-heal|p2a: Pecharunt|38/100|[from] Grassy Terrain
|upkeep
|turn|32
|
|t:|1769314580
|move|p1a: Moltres|Hurricane|p2a: Pecharunt
|-damage|p2a: Pecharunt|0 fnt
|faint|p2a: Pecharunt
|
|-fieldend|move: Grassy Terrain
|upkeep
|
|t:|1769314584
|switch|p2a: Cobalion|Cobalion|100/100
|-damage|p2a: Cobalion|97/100|[from] Stealth Rock
|turn|33
|
|t:|1769314590
|-terastallize|p2a: Cobalion|Ghost
|move|p2a: Cobalion|Thunder Wave|p1a: Moltres
|-status|p1a: Moltres|par
|move|p1a: Moltres|Flamethrower|p2a: Cobalion
|-damage|p2a: Cobalion|51/100
|
|-heal|p2a: Cobalion|58/100|[from] item: Leftovers
|upkeep
|turn|34
|
|t:|1769314598
|switch|p2a: Weavile|Weavile, M|91/100
|-ability|p2a: Weavile|Pressure
|move|p1a: Moltres|Will-O-Wisp|p2a: Weavile
|-status|p2a: Weavile|brn
|
|-damage|p2a: Weavile|84/100 brn|[from] brn
|upkeep
|turn|35
|
|t:|1769314606
|move|p2a: Weavile|Icicle Crash|p1a: Moltres
|-damage|p1a: Moltres|79/100 par
|move|p1a: Moltres|Flamethrower|p2a: Weavile
|-supereffective|p2a: Weavile
|-damage|p2a: Weavile|0 fnt
|faint|p2a: Weavile
|
|upkeep
|
|t:|1769314608
|switch|p2a: Cobalion|Cobalion, tera:Ghost|58/100
|-damage|p2a: Cobalion|45/100|[from] Stealth Rock
|turn|36
|
|t:|1769314610
|move|p2a: Cobalion|Stealth Rock|p1a: Moltres
|-sidestart|p1: vernost72|move: Stealth Rock
|move|p1a: Moltres|Hurricane|p2a: Cobalion|[miss]
|-miss|p1a: Moltres|p2a: Cobalion
|
|-heal|p2a: Cobalion|51/100|[from] item: Leftovers
|upkeep
|turn|37
|
|t:|1769314613
|move|p2a: Cobalion|Iron Defense|p2a: Cobalion
|-boost|p2a: Cobalion|def|2
|cant|p1a: Moltres|par
|
|-heal|p2a: Cobalion|58/100|[from] item: Leftovers
|upkeep
|turn|38
|
|t:|1769314616
|move|p2a: Cobalion|Iron Defense|p2a: Cobalion
|-boost|p2a: Cobalion|def|2
|move|p1a: Moltres|Flamethrower|p2a: Cobalion
|-damage|p2a: Cobalion|12/100
|-status|p2a: Cobalion|brn
|
|-heal|p2a: Cobalion|18/100 brn|[from] item: Leftovers
|-damage|p2a: Cobalion|12/100 brn|[from] brn
|upkeep
|turn|39
|
|t:|1769314621
|move|p2a: Cobalion|Body Press|p1a: Moltres
|-resisted|p1a: Moltres
|-damage|p1a: Moltres|45/100 par
|move|p1a: Moltres|Flamethrower|p2a: Cobalion
|-damage|p2a: Cobalion|0 fnt
|faint|p2a: Cobalion
|
|win|vernost72
|raw|vernost72's rating: 1500 &rarr; <strong>1517</strong><br />(+17 for winning)
|raw|rpgking2000's rating: 1456 &rarr; <strong>1439</strong><br />(-17 for losing)
|l|☆vernost72
|player|p1|
|l|☆rpgking2000
|player|p2|
