|j|☆Auburn Hills
|j|☆suprya
|t:|1769292561
|gametype|singles
|player|p1|Auburn Hills|alder|1733
|player|p2|suprya|wattson|1698
|gen|9
|tier|[Gen 9] OU
|rated|
|rule|HP Percentage Mod: HP is shown in percentages
|rule|Endless Battle Clause: Forcing endless battles is banned
|rule|Species Clause: Limit one of each Pokémon
|rule|OHKO Clause: OHKO moves are banned
|rule|Evasion Items Clause: Evasion items are banned
|rule|Evasion Moves Clause: Evasion moves are banned
|rule|Evasion Abilities Clause: Evasion abilities are banned
|rule|Sleep Moves Clause: Sleep-inducing moves are banned
|clearpoke
|poke|p1|Iron Moth|
|poke|p1|Umbreon, M|
|poke|p1|Garchomp, M|
|poke|p1|Glimmora, M|
|poke|p1|Gholdengo|
|poke|p1|Dragonite, F|
|poke|p2|Overqwil, F|
|poke|p2|Landorus-Therian, M|
|poke|p2|Gholdengo|
|poke|p2|Latios, M|
|poke|p2|Clefable, F|
|poke|p2|Zamazenta-*|
|teampreview
|inactive|Battle timer is ON: inactive players will automatically lose when time's up. (requested by suprya)
|
|t:|1769292572
|teamsize|p1|6
|teamsize|p2|6
|start
|switch|p1a: Julia Jacklin|Glimmora, M|100/100
|switch|p2a: Latios|Latios, M|100/100
|turn|1
|
|t:|1769292589
|switch|p1a: Alvvays|Umbreon, M|100/100
|move|p2a: Latios|Psychic Noise|p1a: Alvvays
|-immune|p1a: Alvvays
|
|upkeep
|turn|2
|
|t:|1769292594
|switch|p1a: Julia Jacklin|Glimmora, M|100/100
|move|p2a: Latios|Flip Turn|p1a: Julia Jacklin
|-supereffective|p1a: Julia Jacklin
|-damage|p1a: Julia Jacklin|74/100
|-activate|p1a: Julia Jacklin|ability: Toxic Debris
|-sidestart|p2: suprya|move: Toxic Spikes
|
|t:|1769292602
|switch|p2a: Landorus|Landorus-Therian, M|100/100|[from] Flip Turn
|-ability|p2a: Landorus|Intimidate|boost
|-unboost|p1a: Julia Jacklin|atk|1
|
|upkeep
|turn|3
|
|t:|1769292608
|switch|p1a: Elucid|Dragonite, F|100/100
|move|p2a: Landorus|Earth Power|p1a: Elucid
|-immune|p1a: Elucid
|
|upkeep
|turn|4
|
|t:|1769292613
|move|p2a: Landorus|U-turn|p1a: Elucid
|-resisted|p1a: Elucid
|-damage|p1a: Elucid|95/100
|
|t:|1769292615
|switch|p2a: Clefable|Clefable, F|100/100|[from] U-turn
|-status|p2a: Clefable|psn
|move|p1a: Elucid|Dragon Dance|p1a: Elucid
|-boost|p1a: Elucid|atk|1
|-boost|p1a: Elucid|spe|1
|
|upkeep
|turn|5
|j| keyshotbab
|
|t:|1769292620
|move|p1a: Elucid|Earthquake|p2a: Clefable
|-damage|p2a: Clefable|56/100 psn
|move|p2a: Clefable|Moonblast|p1a: Elucid
|-supereffective|p1a: Elucid
|-damage|p1a: Elucid|26/100
|
|-heal|p2a: Clefable|62/100 psn|[from] item: Leftovers
|upkeep
|turn|6
|
|t:|1769292630
|move|p1a: Elucid|Earthquake|p2a: Clefable
|-damage|p2a: Clefable|14/100 psn
|move|p2a: Clefable|Moonblast|p1a: Elucid
|-supereffective|p1a: Elucid
|-damage|p1a: Elucid|0 fnt
|faint|p1a: Elucid
|
|-heal|p2a: Clefable|20/100 psn|[from] item: Leftovers
|upkeep
|
|t:|1769292642
|switch|p1a: Julia Jacklin|Glimmora, M|74/100
|turn|7
|l| keyshotbab
|
|t:|1769292660
|switch|p2a: Latios|Latios, M|100/100
|move|p1a: Julia Jacklin|Sludge Wave|p2a: Latios
|-damage|p2a: Latios|48/100
|
|upkeep
|turn|8
|
|t:|1769292668
|switch|p1a: Alvvays|Umbreon, M|100/100
|move|p2a: Latios|Recover|p2a: Latios
|-heal|p2a: Latios|99/100
|
|upkeep
|turn|9
|
|t:|1769292674
|move|p2a: Latios|Flip Turn|p1a: Alvvays
|-damage|p1a: Alvvays|92/100
|
|t:|1769292678
|switch|p2a: Landorus|Landorus-Therian, M|100/100|[from] Flip Turn
|-ability|p2a: Landorus|Intimidate|boost
|-fail|p1a: Alvvays|unboost|Attack|[from] ability: Inner Focus|[of] p1a: Alvvays
|move|p1a: Alvvays|Wish|p1a: Alvvays
|
|-heal|p1a: Alvvays|98/100|[from] item: Leftovers
|upkeep
|turn|10
|
|t:|1769292687
|switch|p1a: Julia Jacklin|Glimmora, M|74/100
|move|p2a: Landorus|Earth Power|p1a: Julia Jacklin
|-supereffective|p1a: Julia Jacklin
|-damage|p1a: Julia Jacklin|0 fnt
|faint|p1a: Julia Jacklin
|
|upkeep
|
|t:|1769292700
|switch|p1a: Rat Tally|Garchomp, M|100/100
|turn|11
|
|t:|1769292713
|switch|p2a: Latios|Latios, M|99/100
|move|p1a: Rat Tally|Swords Dance|p1a: Rat Tally
|-boost|p1a: Rat Tally|atk|2
|
|upkeep
|turn|12
|j| Cursed16
|
|t:|1769292721
|-terastallize|p1a: Rat Tally|Electric
|move|p2a: Latios|Draco Meteor|p1a: Rat Tally
|-damage|p1a: Rat Tally|6/100
|-unboost|p2a: Latios|spa|2
|move|p1a: Rat Tally|Scale Shot|p2a: Latios
|-supereffective|p2a: Latios
|-damage|p2a: Latios|25/100
|-supereffective|p2a: Latios
|-crit|p2a: Latios
|-damage|p2a: Latios|0 fnt
|faint|p2a: Latios
|-hitcount|p2: Latios|2
|-unboost|p1a: Rat Tally|def|1
|-boost|p1a: Rat Tally|spe|1
|
|upkeep
|l| Cursed16
|
|t:|1769292731
|switch|p2a: Landorus|Landorus-Therian, M|100/100
|-ability|p2a: Landorus|Intimidate|boost
|-unboost|p1a: Rat Tally|atk|1
|turn|13
|
|t:|1769292747
|switch|p2a: Overqwil|Overqwil, F|100/100
|-sideend|p2: suprya|move: Toxic Spikes|[of] p2a: Overqwil
|-ability|p2a: Overqwil|Intimidate|boost
|-unboost|p1a: Rat Tally|atk|1
|move|p1a: Rat Tally|Scale Shot|p2a: Overqwil
|-damage|p2a: Overqwil|92/100
|-damage|p2a: Overqwil|82/100
|-damage|p2a: Overqwil|73/100
|-damage|p2a: Overqwil|64/100
|-damage|p2a: Overqwil|55/100
|-hitcount|p2a: Overqwil|5
|-unboost|p1a: Rat Tally|def|1
|-boost|p1a: Rat Tally|spe|1
|
|upkeep
|turn|14
|
|t:|1769292759
|move|p1a: Rat Tally|Swords Dance|p1a: Rat Tally
|-boost|p1a: Rat Tally|atk|2
|move|p2a: Overqwil|Crunch|p1a: Rat Tally
|-damage|p1a: Rat Tally|0 fnt
|-damage|p2a: Overqwil|43/100|[from] ability: Rough Skin|[of] p1a: Rat Tally
|faint|p1a: Rat Tally
|
|upkeep
|
|t:|1769292764
|switch|p1a: Carly Rae|Iron Moth|100/100
|-enditem|p1a: Carly Rae|Booster Energy
|-activate|p1a: Carly Rae|ability: Quark Drive|[fromitem]
|-start|p1a: Carly Rae|quarkdrivespe
|turn|15
|
|t:|1769292780
|move|p1a: Carly Rae|Fiery Dance|p2a: Overqwil
|-damage|p2a: Overqwil|0 fnt
|-boost|p1a: Carly Rae|spa|1
|faint|p2a: Overqwil
|
|upkeep
|
|t:|1769292783
|switch|p2a: Landorus|Landorus-Therian, M|100/100
|-ability|p2a: Landorus|Intimidate|boost
|-unboost|p1a: Carly Rae|atk|1
|turn|16
|
|t:|1769292787
|move|p1a: Carly Rae|Fiery Dance|p2a: Landorus
|-damage|p2a: Landorus|41/100
|-boost|p1a: Carly Rae|spa|1
|move|p2a: Landorus|Earth Power|p1a: Carly Rae
|-supereffective|p1a: Carly Rae
|-damage|p1a: Carly Rae|0 fnt
|faint|p1a: Carly Rae
|-end|p1a: Carly Rae|Quark Drive|[silent]
|
|upkeep
|
|t:|1769292791
|switch|p1a: Smino|Gholdengo|100/100
|turn|17
|inactive|suprya has 120 seconds left.
|
|t:|1769292833
|move|p1a: Smino|Shadow Ball|p2a: Landorus
|-damage|p2a: Landorus|0 fnt
|faint|p2a: Landorus
|
|upkeep
|
|t:|1769292852
|switch|p2a: Gholdengo|Gholdengo|100/100
|-item|p2a: Gholdengo|Air Balloon
|turn|18
|
|t:|1769292866
|switch|p1a: Alvvays|Umbreon, M|98/100
|-terastallize|p2a: Gholdengo|Fairy
|move|p2a: Gholdengo|Nasty Plot|p2a: Gholdengo
|-boost|p2a: Gholdengo|spa|2
|
|-heal|p1a: Alvvays|100/100|[from] item: Leftovers
|upkeep
|turn|19
|
|t:|1769292882
|move|p2a: Gholdengo|Shadow Ball|p1a: Alvvays
|-resisted|p1a: Alvvays
|-damage|p1a: Alvvays|82/100
|move|p1a: Alvvays|Foul Play|p2a: Gholdengo
|-resisted|p2a: Gholdengo
|-damage|p2a: Gholdengo|95/100
|-enditem|p2a: Gholdengo|Air Balloon
|
|-heal|p1a: Alvvays|88/100|[from] item: Leftovers
|upkeep
|turn|20
|
|t:|1769292890
|move|p2a: Gholdengo|Shadow Ball|p1a: Alvvays
|-resisted|p1a: Alvvays
|-damage|p1a: Alvvays|70/100
|move|p1a: Alvvays|Foul Play|p2a: Gholdengo
|-resisted|p2a: Gholdengo
|-damage|p2a: Gholdengo|89/100
|
|-heal|p1a: Alvvays|76/100|[from] item: Leftovers
|upkeep
|turn|21
|
|t:|1769292894
|move|p2a: Gholdengo|Shadow Ball|p1a: Alvvays
|-resisted|p1a: Alvvays
|-damage|p1a: Alvvays|57/100
|move|p1a: Alvvays|Foul Play|p2a: Gholdengo
|-resisted|p2a: Gholdengo
|-damage|p2a: Gholdengo|84/100
|
|-heal|p1a: Alvvays|64/100|[from] item: Leftovers
|upkeep
|turn|22
|
|t:|1769292897
|move|p2a: Gholdengo|Nasty Plot|p2a: Gholdengo
|-boost|p2a: Gholdengo|spa|2
|move|p1a: Alvvays|Wish|p1a: Alvvays
|
|-heal|p1a: Alvvays|70/100|[from] item: Leftovers
|upkeep
|turn|23
|
|t:|1769292901
|move|p2a: Gholdengo|Shadow Ball|p1a: Alvvays
|-resisted|p1a: Alvvays
|-damage|p1a: Alvvays|44/100
|move|p1a: Alvvays|Foul Play|p2a: Gholdengo
|-resisted|p2a: Gholdengo
|-damage|p2a: Gholdengo|79/100
|
|-heal|p1a: Alvvays|93/100|[from] move: Wish|[wisher] Alvvays
|-heal|p1a: Alvvays|99/100|[from] item: Leftovers
|upkeep
|turn|24
|
|t:|1769292908
|move|p2a: Gholdengo|Shadow Ball|p1a: Alvvays
|-resisted|p1a: Alvvays
|-damage|p1a: Alvvays|74/100
|-unboost|p1a: Alvvays|spd|1
|move|p1a: Alvvays|Foul Play|p2a: Gholdengo
|-resisted|p2a: Gholdengo
|-damage|p2a: Gholdengo|73/100
|
|-heal|p1a: Alvvays|80/100|[from] item: Leftovers
|upkeep
|turn|25
|
|t:|1769292928
|move|p2a: Gholdengo|Shadow Ball|p1a: Alvvays
|-resisted|p1a: Alvvays
|-damage|p1a: Alvvays|36/100
|move|p1a: Alvvays|Foul Play|p2a: Gholdengo
|-resisted|p2a: Gholdengo
|-damage|p2a: Gholdengo|68/100
|
|-heal|p1a: Alvvays|42/100|[from] item: Leftovers
|upkeep
|turn|26
|
|t:|1769292936
|move|p1a: Alvvays|Protect|p1a: Alvvays
|-singleturn|p1a: Alvvays|Protect
|move|p2a: Gholdengo|Recover|p2a: Gholdengo
|-heal|p2a: Gholdengo|100/100
|
|-heal|p1a: Alvvays|48/100|[from] item: Leftovers
|upkeep
|turn|27
|
|t:|1769292940
|move|p2a: Gholdengo|Shadow Ball|p1a: Alvvays
|-resisted|p1a: Alvvays
|-damage|p1a: Alvvays|7/100
|move|p1a: Alvvays|Wish|p1a: Alvvays
|
|-heal|p1a: Alvvays|13/100|[from] item: Leftovers
|upkeep
|turn|28
|
|t:|1769292948
|move|p1a: Alvvays|Protect|p1a: Alvvays
|-singleturn|p1a: Alvvays|Protect
|move|p2a: Gholdengo|Nasty Plot|p2a: Gholdengo
|-boost|p2a: Gholdengo|spa|2
|
|-heal|p1a: Alvvays|63/100|[from] move: Wish|[wisher] Alvvays
|-heal|p1a: Alvvays|69/100|[from] item: Leftovers
|upkeep
|turn|29
|
|t:|1769292954
|move|p2a: Gholdengo|Make It Rain|p1a: Alvvays
|-damage|p1a: Alvvays|0 fnt
|-unboost|p2a: Gholdengo|spa|1
|faint|p1a: Alvvays
|
|upkeep
|
|t:|1769292957
|switch|p1a: Smino|Gholdengo|100/100
|turn|30
|
|t:|1769292973
|switch|p2a: Clefable|Clefable, F|20/100 psn
|move|p1a: Smino|Make It Rain|p2a: Clefable
|-supereffective|p2a: Clefable
|-crit|p2a: Clefable
|-damage|p2a: Clefable|0 fnt
|-unboost|p1a: Smino|spa|1
|faint|p2a: Clefable
|
|upkeep
|
|t:|1769292977
|switch|p2a: Zamazenta|Zamazenta|100/100
|-ability|p2a: Zamazenta|Dauntless Shield|boost
|-boost|p2a: Zamazenta|def|1
|turn|31
|
|t:|1769292980
|move|p1a: Smino|Make It Rain|p2a: Zamazenta
|-damage|p2a: Zamazenta|68/100
|-unboost|p1a: Smino|spa|1
|move|p2a: Zamazenta|Crunch|p1a: Smino
|-supereffective|p1a: Smino
|-crit|p1a: Smino
|-damage|p1a: Smino|31/100
|
|-heal|p2a: Zamazenta|74/100|[from] item: Leftovers
|upkeep
|turn|32
|-message|Auburn Hills forfeited.
|
|win|suprya
|raw|Auburn Hills's rating: 1733 &rarr; <strong>1711</strong><br />(-22 for losing)
|raw|suprya's rating: 1698 &rarr; <strong>1720</strong><br />(+22 for winning)
|l|☆Auburn Hills
|player|p1|
|l|☆suprya
|player|p2|
