|j|☆Erp_01
|j|☆RaphaDo33
|t:|1769355362
|gametype|singles
|player|p1|Erp_01|darach-caitlin|1198
|player|p2|RaphaDo33|pryce|1222
|gen|9
|tier|[Gen 9] OU
|rated|
|rule|HP Percentage Mod: HP is shown in percentages
|rule|Endless Battle Clause: Forcing endless battles is banned
|rule|Species Clause: Limit one of each Pokémon
|rule|OHKO Clause: OHKO moves are banned
|rule|Evasion Items Clause: Evasion items are banned
|rule|Evasion Moves Clause: Evasion moves are banned
|rule|Evasion Abilities Clause: Evasion abilities are banned
|rule|Sleep Moves Clause: Sleep-inducing moves are banned
|clearpoke
|poke|p1|Glimmora, F|
|poke|p1|Meowscarada, F|
|poke|p1|Ceruledge, F|
|poke|p1|Great Tusk|
|poke|p1|Raging Bolt|
|poke|p1|Kingambit, F|
|poke|p2|Iron Valiant|
|poke|p2|Gliscor, F|
|poke|p2|Garganacl, M|
|poke|p2|Dragonite, F|
|poke|p2|Iron Moth|
|poke|p2|Dondozo, F|
|teampreview
|
|t:|1769355382
|teamsize|p1|6
|teamsize|p2|6
|start
|switch|p1a: Glimmora|Glimmora, F|100/100
|switch|p2a: Galladevoir|Iron Valiant|100/100
|turn|1
|
|t:|1769355390
|move|p2a: Galladevoir|Calm Mind|p2a: Galladevoir
|-boost|p2a: Galladevoir|spa|1
|-boost|p2a: Galladevoir|spd|1
|move|p1a: Glimmora|Stealth Rock|p2a: Galladevoir
|-sidestart|p2: RaphaDo33|move: Stealth Rock
|
|upkeep
|turn|2
|
|t:|1769355395
|move|p2a: Galladevoir|Encore|p1a: Glimmora
|-start|p1a: Glimmora|Encore
|move|p1a: Glimmora|Stealth Rock||[still]
|-fail|p1a: Glimmora
|
|upkeep
|turn|3
|
|t:|1769355399
|switch|p1a: Ceruledge|Ceruledge, F|100/100
|move|p2a: Galladevoir|Calm Mind|p2a: Galladevoir
|-boost|p2a: Galladevoir|spa|1
|-boost|p2a: Galladevoir|spd|1
|
|upkeep
|turn|4
|
|t:|1769355403
|move|p2a: Galladevoir|Shadow Ball|p1a: Ceruledge
|-supereffective|p1a: Ceruledge
|-crit|p1a: Ceruledge
|-damage|p1a: Ceruledge|0 fnt
|faint|p1a: Ceruledge
|
|upkeep
|
|t:|1769355406
|switch|p1a: Glimmora|Glimmora, F|100/100
|turn|5
|
|t:|1769355411
|-terastallize|p2a: Galladevoir|Steel
|move|p2a: Galladevoir|Shadow Ball|p1a: Glimmora
|-damage|p1a: Glimmora|36/100
|move|p1a: Glimmora|Mortal Spin|p2a: Galladevoir
|-immune|p2a: Galladevoir
|
|upkeep
|turn|6
|
|t:|1769355418
|move|p2a: Galladevoir|Encore|p1a: Glimmora
|-start|p1a: Glimmora|Encore
|move|p1a: Glimmora|Mortal Spin|p2a: Galladevoir
|-immune|p2a: Galladevoir
|
|upkeep
|turn|7
|
|t:|1769355420
|switch|p1a: Meowscarada|Meowscarada, F|100/100
|move|p2a: Galladevoir|Calm Mind|p2a: Galladevoir
|-boost|p2a: Galladevoir|spa|1
|-boost|p2a: Galladevoir|spd|1
|
|upkeep
|turn|8
|
|t:|1769355423
|move|p1a: Meowscarada|Knock Off|p2a: Galladevoir
|-start|p1a: Meowscarada|typechange|Dark|[from] ability: Protean
|-crit|p2a: Galladevoir
|-damage|p2a: Galladevoir|8/100
|-enditem|p2a: Galladevoir|Focus Sash|[from] move: Knock Off|[of] p1a: Meowscarada
|move|p2a: Galladevoir|Moonblast|p1a: Meowscarada
|-supereffective|p1a: Meowscarada
|-damage|p1a: Meowscarada|0 fnt
|faint|p1a: Meowscarada
|
|upkeep
|
|t:|1769355434
|switch|p1a: Raging Bolt|Raging Bolt|100/100
|turn|9
|
|t:|1769355440
|move|p1a: Raging Bolt|Thunderclap||[still]
|-fail|p1a: Raging Bolt
|move|p2a: Galladevoir|Encore|p1a: Raging Bolt
|-start|p1a: Raging Bolt|Encore
|
|upkeep
|turn|10
|
|t:|1769355448
|-end|p1a: Raging Bolt|Protosynthesis|[silent]
|switch|p1a: Glimmora|Glimmora, F|36/100
|move|p2a: Galladevoir|Calm Mind|p2a: Galladevoir
|-boost|p2a: Galladevoir|spa|1
|-boost|p2a: Galladevoir|spd|1
|
|upkeep
|turn|11
|
|t:|1769355453
|move|p2a: Galladevoir|Shadow Ball|p1a: Glimmora
|-damage|p1a: Glimmora|0 fnt
|faint|p1a: Glimmora
|
|upkeep
|
|t:|1769355455
|switch|p1a: Great Tusk|Great Tusk|100/100
|-enditem|p1a: Great Tusk|Booster Energy
|-activate|p1a: Great Tusk|ability: Protosynthesis|[fromitem]
|-start|p1a: Great Tusk|protosynthesisatk
|turn|12
|
|t:|1769355460
|move|p2a: Galladevoir|Moonblast|p1a: Great Tusk
|-supereffective|p1a: Great Tusk
|-crit|p1a: Great Tusk
|-damage|p1a: Great Tusk|0 fnt
|faint|p1a: Great Tusk
|-end|p1a: Great Tusk|Protosynthesis|[silent]
|
|upkeep
|
|t:|1769355462
|switch|p1a: Raging Bolt|Raging Bolt|100/100
|turn|13
|
|t:|1769355468
|move|p2a: Galladevoir|Moonblast|p1a: Raging Bolt
|-supereffective|p1a: Raging Bolt
|-damage|p1a: Raging Bolt|0 fnt
|faint|p1a: Raging Bolt
|-end|p1a: Raging Bolt|Protosynthesis|[silent]
|
|upkeep
|
|t:|1769355470
|switch|p1a: Kingambit|Kingambit, F|100/100
|-activate|p1a: Kingambit|ability: Supreme Overlord
|-start|p1a: Kingambit|fallen5|[silent]
|turn|14
|
|t:|1769355475
|move|p1a: Kingambit|Sucker Punch||[still]
|-fail|p1a: Kingambit
|move|p2a: Galladevoir|Encore|p1a: Kingambit
|-start|p1a: Kingambit|Encore
|
|upkeep
|turn|15
|-message|Erp_01 forfeited.
|
|win|RaphaDo33
|raw|Erp_01's rating: 1198 &rarr; <strong>1175</strong><br />(-23 for losing)
|raw|RaphaDo33's rating: 1222 &rarr; <strong>1245</strong><br />(+23 for winning)
|l|☆Erp_01
|player|p1|
