|j|☆bearfirst8
|j|☆Permanultimatum
|t:|1769420752
|gametype|singles
|player|p1|bearfirst8|1|1443
|player|p2|Permanultimatum|scientist-gen4|1376
|gen|9
|tier|[Gen 9] OU
|rated|
|rule|HP Percentage Mod: HP is shown in percentages
|rule|Endless Battle Clause: Forcing endless battles is banned
|rule|Species Clause: Limit one of each Pokémon
|rule|OHKO Clause: OHKO moves are banned
|rule|Evasion Items Clause: Evasion items are banned
|rule|Evasion Moves Clause: Evasion moves are banned
|rule|Evasion Abilities Clause: Evasion abilities are banned
|rule|Sleep Moves Clause: Sleep-inducing moves are banned
|clearpoke
|poke|p1|Torkoal, M|
|poke|p1|Walking Wake|
|poke|p1|Great Tusk|
|poke|p1|Cresselia, F|
|poke|p1|Slither Wing|
|poke|p1|Kingambit, F|
|poke|p2|Jirachi|
|poke|p2|Hydrapple, M|
|poke|p2|Hoopa-Unbound|
|poke|p2|Mandibuzz, F|
|poke|p2|Slither Wing|
|poke|p2|Rotom-Heat|
|teampreview
|inactive|Battle timer is ON: inactive players will automatically lose when time's up. (requested by bearfirst8)
|
|t:|1769420770
|teamsize|p1|6
|teamsize|p2|6
|start
|switch|p1a: Torkoal|Torkoal, M|100/100
|switch|p2a: Hoopa|Hoopa-Unbound|100/100
|-weather|SunnyDay|[from] ability: Drought|[of] p1a: Torkoal
|turn|1
|
|t:|1769420774
|move|p2a: Hoopa|Future Sight|p1a: Torkoal
|-start|p2a: Hoopa|move: Future Sight
|move|p1a: Torkoal|Lava Plume|p2a: Hoopa
|-damage|p2a: Hoopa|75/100
|
|-weather|SunnyDay|[upkeep]
|upkeep
|turn|2
|
|t:|1769420788
|switch|p2a: Rotom|Rotom-Heat|100/100
|move|p1a: Torkoal|Stealth Rock|p2a: Rotom
|-sidestart|p2: Permanultimatum|move: Stealth Rock
|
|-weather|SunnyDay|[upkeep]
|upkeep
|turn|3
|
|t:|1769420799
|switch|p1a: Cresselia|Cresselia, F|100/100
|move|p2a: Rotom|Overheat|p1a: Cresselia
|-damage|p1a: Cresselia|44/100
|-unboost|p2a: Rotom|spa|2
|
|-weather|SunnyDay|[upkeep]
|-end|p1a: Cresselia|move: Future Sight
|-resisted|p1a: Cresselia
|-damage|p1a: Cresselia|23/100
|-heal|p1a: Cresselia|29/100|[from] item: Leftovers
|upkeep
|turn|4
|
|t:|1769420807
|move|p2a: Rotom|Overheat|p1a: Cresselia|[miss]
|-miss|p2a: Rotom|p1a: Cresselia
|move|p1a: Cresselia|Moonlight|p1a: Cresselia
|-heal|p1a: Cresselia|96/100
|
|-weather|SunnyDay|[upkeep]
|-heal|p1a: Cresselia|100/100|[from] item: Leftovers
|upkeep
|turn|5
|
|t:|1769420816
|switch|p1a: Great Tusk|Great Tusk|100/100
|-activate|p1a: Great Tusk|ability: Protosynthesis
|-start|p1a: Great Tusk|protosynthesisspe
|move|p2a: Rotom|Will-O-Wisp|p1a: Great Tusk
|-status|p1a: Great Tusk|brn
|
|-weather|SunnyDay|[upkeep]
|-damage|p1a: Great Tusk|94/100 brn|[from] brn
|upkeep
|turn|6
|
|t:|1769420828
|-end|p1a: Great Tusk|Protosynthesis|[silent]
|switch|p1a: Walking Wake|Walking Wake|100/100
|-activate|p1a: Walking Wake|ability: Protosynthesis
|-start|p1a: Walking Wake|protosynthesisspe
|move|p2a: Rotom|Pain Split|p1a: Walking Wake
|-sethp|p1a: Walking Wake|86/100|[from] move: Pain Split|[silent]
|-sethp|p2a: Rotom|100/100|[from] move: Pain Split
|
|-weather|SunnyDay|[upkeep]
|upkeep
|turn|7
|
|t:|1769420842
|switch|p2a: Mandibuzz|Mandibuzz, F|100/100
|move|p1a: Walking Wake|Draco Meteor|p2a: Mandibuzz
|-damage|p2a: Mandibuzz|20/100
|-unboost|p1a: Walking Wake|spa|2
|
|-weather|SunnyDay|[upkeep]
|upkeep
|turn|8
|
|t:|1769420849
|switch|p2a: Jirachi|Jirachi|100/100
|-damage|p2a: Jirachi|94/100|[from] Stealth Rock
|move|p1a: Walking Wake|Draco Meteor|p2a: Jirachi
|-resisted|p2a: Jirachi
|-damage|p2a: Jirachi|71/100
|-unboost|p1a: Walking Wake|spa|2
|
|-weather|none
|-end|p1a: Walking Wake|Protosynthesis
|upkeep
|turn|9
|
|t:|1769420855
|-end|p1a: Walking Wake|Protosynthesis|[silent]
|switch|p1a: Torkoal|Torkoal, M|100/100
|-weather|SunnyDay|[from] ability: Drought|[of] p1a: Torkoal
|move|p2a: Jirachi|Doom Desire|p1a: Torkoal
|-start|p2a: Jirachi|Doom Desire
|
|-weather|SunnyDay|[upkeep]
|upkeep
|turn|10
|
|t:|1769420867
|switch|p2a: Rotom|Rotom-Heat|100/100
|switch|p1a: Walking Wake|Walking Wake|86/100
|-activate|p1a: Walking Wake|ability: Protosynthesis
|-start|p1a: Walking Wake|protosynthesisspe
|
|-weather|SunnyDay|[upkeep]
|upkeep
|turn|11
|inactive|Permanultimatum has 120 seconds left.
|
|t:|1769420898
|switch|p2a: Mandibuzz|Mandibuzz, F|20/100
|move|p1a: Walking Wake|Hydro Steam|p2a: Mandibuzz
|-crit|p2a: Mandibuzz
|-damage|p2a: Mandibuzz|0 fnt
|faint|p2a: Mandibuzz
|
|-weather|SunnyDay|[upkeep]
|-end|p1a: Walking Wake|move: Doom Desire
|-resisted|p1a: Walking Wake
|-damage|p1a: Walking Wake|50/100
|upkeep
|inactive|Permanultimatum has 120 seconds left.
|
|t:|1769420904
|switch|p2a: Slither Wing|Slither Wing|100/100
|-damage|p2a: Slither Wing|88/100|[from] Stealth Rock
|-activate|p2a: Slither Wing|ability: Protosynthesis
|-start|p2a: Slither Wing|protosynthesisatk
|turn|12
|inactive|Permanultimatum has 120 seconds left.
|
|t:|1769420931
|-end|p1a: Walking Wake|Protosynthesis|[silent]
|switch|p1a: Great Tusk|Great Tusk|94/100 brn
|-activate|p1a: Great Tusk|ability: Protosynthesis
|-start|p1a: Great Tusk|protosynthesisspe
|move|p2a: Slither Wing|U-turn|p1a: Great Tusk
|-resisted|p1a: Great Tusk
|-damage|p1a: Great Tusk|68/100 brn
|inactive|Permanultimatum has 90 seconds left.
|
|t:|1769420955
|-end|p2a: Slither Wing|Protosynthesis|[silent]
|switch|p2a: Rotom|Rotom-Heat|100/100|[from] U-turn
|
|-weather|SunnyDay|[upkeep]
|-damage|p1a: Great Tusk|62/100 brn|[from] brn
|upkeep
|turn|13
|
|t:|1769420964
|-end|p1a: Great Tusk|Protosynthesis|[silent]
|switch|p1a: Cresselia|Cresselia, F|100/100
|move|p2a: Rotom|Volt Switch|p1a: Cresselia
|-damage|p1a: Cresselia|78/100
|
|t:|1769420967
|switch|p2a: Slither Wing|Slither Wing|88/100|[from] Volt Switch
|-damage|p2a: Slither Wing|76/100|[from] Stealth Rock
|-activate|p2a: Slither Wing|ability: Protosynthesis
|-start|p2a: Slither Wing|protosynthesisatk
|
|-weather|SunnyDay|[upkeep]
|-heal|p1a: Cresselia|84/100|[from] item: Leftovers
|upkeep
|turn|14
|
|t:|1769420982
|switch|p1a: Great Tusk|Great Tusk|62/100 brn
|-activate|p1a: Great Tusk|ability: Protosynthesis
|-start|p1a: Great Tusk|protosynthesisspe
|move|p2a: Slither Wing|U-turn|p1a: Great Tusk
|-resisted|p1a: Great Tusk
|-damage|p1a: Great Tusk|39/100 brn
|
|t:|1769420988
|-end|p2a: Slither Wing|Protosynthesis|[silent]
|switch|p2a: Rotom|Rotom-Heat|100/100|[from] U-turn
|
|-weather|SunnyDay|[upkeep]
|-damage|p1a: Great Tusk|33/100 brn|[from] brn
|upkeep
|turn|15
|
|t:|1769420995
|-end|p1a: Great Tusk|Protosynthesis|[silent]
|switch|p1a: Cresselia|Cresselia, F|84/100
|move|p2a: Rotom|Will-O-Wisp|p1a: Cresselia
|-status|p1a: Cresselia|brn
|
|-weather|SunnyDay|[upkeep]
|-heal|p1a: Cresselia|90/100 brn|[from] item: Leftovers
|-damage|p1a: Cresselia|84/100 brn|[from] brn
|upkeep
|turn|16
|inactive|Permanultimatum has 120 seconds left.
|
|t:|1769421007
|move|p2a: Rotom|Volt Switch|p1a: Cresselia
|-damage|p1a: Cresselia|64/100 brn
|
|t:|1769421010
|switch|p2a: Jirachi|Jirachi|71/100|[from] Volt Switch
|-damage|p2a: Jirachi|64/100|[from] Stealth Rock
|move|p1a: Cresselia|Psychic|p2a: Jirachi
|-resisted|p2a: Jirachi
|-damage|p2a: Jirachi|59/100
|
|-weather|none
|-heal|p1a: Cresselia|70/100 brn|[from] item: Leftovers
|-damage|p1a: Cresselia|64/100 brn|[from] brn
|upkeep
|turn|17
|
|t:|1769421017
|move|p2a: Jirachi|Doom Desire|p1a: Cresselia
|-start|p2a: Jirachi|Doom Desire
|move|p1a: Cresselia|Moonlight|p1a: Cresselia
|-heal|p1a: Cresselia|100/100 brn
|
|-damage|p1a: Cresselia|94/100 brn|[from] brn
|upkeep
|turn|18
|inactive|Permanultimatum has 120 seconds left.
|
|t:|1769421034
|switch|p2a: Hydrapple|Hydrapple, M|100/100
|-damage|p2a: Hydrapple|88/100|[from] Stealth Rock
|switch|p1a: Great Tusk|Great Tusk|33/100 brn
|
|-damage|p1a: Great Tusk|26/100 brn|[from] brn
|upkeep
|turn|19
|
|t:|1769421043
|move|p1a: Great Tusk|Ice Spinner|p2a: Hydrapple
|-supereffective|p2a: Hydrapple
|-crit|p2a: Hydrapple
|-damage|p2a: Hydrapple|38/100
|move|p2a: Hydrapple|Earth Power|p1a: Great Tusk
|-damage|p1a: Great Tusk|0 fnt
|faint|p1a: Great Tusk
|-end|p1a: Great Tusk|Protosynthesis|[silent]
|
|-hint|Doom Desire did not hit because the target is fainted.
|upkeep
|
|t:|1769421052
|switch|p1a: Cresselia|Cresselia, F|94/100 brn
|turn|20
|
|t:|1769421063
|switch|p2a: Slither Wing|Slither Wing|76/100
|-damage|p2a: Slither Wing|63/100|[from] Stealth Rock
|move|p1a: Cresselia|Trick Room|p1a: Cresselia
|-fieldstart|move: Trick Room|[of] p1a: Cresselia
|
|-heal|p1a: Cresselia|100/100 brn|[from] item: Leftovers
|-damage|p1a: Cresselia|94/100 brn|[from] brn
|upkeep
|turn|21
|
|t:|1769421076
|switch|p1a: Slither Wing|Slither Wing, shiny|100/100
|move|p2a: Slither Wing|First Impression|p1a: Slither Wing
|-resisted|p1a: Slither Wing
|-damage|p1a: Slither Wing|58/100
|
|upkeep
|turn|22
|
|t:|1769421095
|-end|p2a: Slither Wing|Protosynthesis|[silent]
|switch|p2a: Rotom|Rotom-Heat|100/100
|move|p1a: Slither Wing|U-turn|p2a: Rotom
|-resisted|p2a: Rotom
|-damage|p2a: Rotom|59/100
|
|t:|1769421100
|-end|p1a: Slither Wing|Protosynthesis|[silent]
|switch|p1a: Kingambit|Kingambit, F|100/100|[from] U-turn
|-activate|p1a: Kingambit|ability: Supreme Overlord
|-start|p1a: Kingambit|fallen1|[silent]
|
|upkeep
|turn|23
|
|t:|1769421116
|move|p1a: Kingambit|Kowtow Cleave|p2a: Rotom
|-crit|p2a: Rotom
|-damage|p2a: Rotom|0 fnt
|faint|p2a: Rotom
|
|upkeep
|
|t:|1769421131
|switch|p2a: Hoopa|Hoopa-Unbound|75/100
|-damage|p2a: Hoopa|62/100|[from] Stealth Rock
|turn|24
|
|t:|1769421138
|move|p2a: Hoopa|Drain Punch|p1a: Kingambit
|-supereffective|p1a: Kingambit
|-damage|p1a: Kingambit|0 fnt
|-heal|p2a: Hoopa|100/100|[from] drain|[of] p1a: Kingambit
|faint|p1a: Kingambit
|-end|p1a: Kingambit|fallen1|[silent]
|-damage|p2a: Hoopa|91/100|[from] item: Life Orb
|
|-fieldend|move: Trick Room
|upkeep
|
|t:|1769421148
|switch|p1a: Torkoal|Torkoal, M|100/100
|-weather|SunnyDay|[from] ability: Drought|[of] p1a: Torkoal
|turn|25
|
|t:|1769421154
|switch|p1a: Cresselia|Cresselia, F|94/100 brn
|move|p2a: Hoopa|Future Sight|p1a: Cresselia
|-start|p2a: Hoopa|move: Future Sight
|
|-weather|SunnyDay|[upkeep]
|-heal|p1a: Cresselia|100/100 brn|[from] item: Leftovers
|-damage|p1a: Cresselia|94/100 brn|[from] brn
|upkeep
|turn|26
|
|t:|1769421161
|move|p1a: Cresselia|Lunar Dance|p1a: Cresselia
|faint|p1a: Cresselia
|move|p2a: Hoopa|Hyperspace Fury|p1: Cresselia|[notarget]
|-fail|p2a: Hoopa
|
|-weather|SunnyDay|[upkeep]
|upkeep
|
|t:|1769421168
|switch|p1a: Walking Wake|Walking Wake|50/100
|-heal|p1a: Walking Wake|100/100|[from] move: Lunar Dance
|-activate|p1a: Walking Wake|ability: Protosynthesis
|-start|p1a: Walking Wake|protosynthesisspe
|turn|27
|
|t:|1769421190
|-end|p1a: Walking Wake|Protosynthesis|[silent]
|switch|p1a: Torkoal|Torkoal, M|100/100
|switch|p2a: Hydrapple|Hydrapple, M|71/100
|-damage|p2a: Hydrapple|59/100|[from] Stealth Rock
|
|-weather|SunnyDay|[upkeep]
|-end|p1a: Torkoal|move: Future Sight
|-damage|p1a: Torkoal|39/100
|upkeep
|turn|28
|l|☆bearfirst8
|inactive|bearfirst8 disconnected and has a minute to reconnect!
|player|p1|
|inactive|bearfirst8 has 30 seconds to reconnect!
|inactive|bearfirst8 has 20 seconds to reconnect!
|inactive|bearfirst8 has 15 seconds to reconnect!
|inactive|bearfirst8 has 10 seconds to reconnect!
|inactive|bearfirst8 has 5 seconds to reconnect!
|-message|bearfirst8 lost due to inactivity.
|
|win|Permanultimatum
|raw|bearfirst8's rating: 1443 &rarr; <strong>1419</strong><br />(-24 for losing)
|raw|Permanultimatum's rating: 1376 &rarr; <strong>1400</strong><br />(+24 for winning)
|j|☆bearfirst8
|player|p1|bearfirst8|1|
|l|☆bearfirst8
|player|p1|
