|j|☆theteen
|j|☆reffler22
|t:|1769369232
|gametype|singles
|player|p1|theteen|265|1203
|player|p2|reffler22|lucas|1206
|gen|9
|tier|[Gen 9] OU
|rated|
|rule|HP Percentage Mod: HP is shown in percentages
|rule|Endless Battle Clause: Forcing endless battles is banned
|rule|Species Clause: Limit one of each Pokémon
|rule|OHKO Clause: OHKO moves are banned
|rule|Evasion Items Clause: Evasion items are banned
|rule|Evasion Moves Clause: Evasion moves are banned
|rule|Evasion Abilities Clause: Evasion abilities are banned
|rule|Sleep Moves Clause: Sleep-inducing moves are banned
|clearpoke
|poke|p1|Dragapult, F|
|poke|p1|Rotom-Wash|
|poke|p1|Ting-Lu|
|poke|p1|Kyurem|
|poke|p1|Great Tusk|
|poke|p1|Corviknight, F|
|poke|p2|Corviknight, M|
|poke|p2|Glimmora, M|
|poke|p2|Ogerpon-Wellspring, F|
|poke|p2|Heatran, F|
|poke|p2|Hatterene, F|
|poke|p2|Dragapult, F|
|teampreview
|inactive|Battle timer is ON: inactive players will automatically lose when time's up. (requested by reffler22)
|
|t:|1769369256
|teamsize|p1|6
|teamsize|p2|6
|start
|switch|p1a: Rotom|Rotom-Wash|100/100
|switch|p2a: Glimmora|Glimmora, M|100/100
|turn|1
|
|t:|1769369267
|move|p2a: Glimmora|Meteor Beam||[still]
|-prepare|p2a: Glimmora|Meteor Beam
|-boost|p2a: Glimmora|spa|1
|-enditem|p2a: Glimmora|Power Herb
|-anim|p2a: Glimmora|Meteor Beam|p1a: Rotom
|-damage|p1a: Rotom|30/100
|move|p1a: Rotom|Hydro Pump|p2a: Glimmora
|-supereffective|p2a: Glimmora
|-damage|p2a: Glimmora|0 fnt
|faint|p2a: Glimmora
|
|upkeep
|
|t:|1769369280
|switch|p2a: Ogerpon|Ogerpon-Wellspring, F|100/100
|turn|2
|
|t:|1769369298
|move|p2a: Ogerpon|Knock Off|p1a: Rotom
|-damage|p1a: Rotom|0 fnt
|-enditem|p1a: Rotom|Assault Vest|[from] move: Knock Off|[of] p2a: Ogerpon
|faint|p1a: Rotom
|
|upkeep
|
|t:|1769369309
|switch|p1a: Moody Blues|Dragapult, F|100/100
|turn|3
|
|t:|1769369313
|move|p1a: Moody Blues|U-turn|p2a: Ogerpon
|-supereffective|p2a: Ogerpon
|-damage|p2a: Ogerpon|16/100
|
|t:|1769369324
|switch|p1a: Corviknight|Corviknight, F|100/100|[from] U-turn
|-ability|p1a: Corviknight|Pressure
|move|p2a: Ogerpon|Knock Off|p1a: Corviknight
|-damage|p1a: Corviknight|73/100
|-damage|p2a: Ogerpon|0 fnt|[from] item: Rocky Helmet|[of] p1a: Corviknight
|faint|p2a: Ogerpon
|
|upkeep
|
|t:|1769369335
|switch|p2a: Heatran|Heatran, F|100/100
|turn|4
|
|t:|1769369344
|switch|p1a: Great Tusk|Great Tusk|100/100
|-enditem|p1a: Great Tusk|Booster Energy
|-activate|p1a: Great Tusk|ability: Protosynthesis|[fromitem]
|-start|p1a: Great Tusk|protosynthesisatk
|move|p2a: Heatran|Flamethrower|p1a: Great Tusk
|-damage|p1a: Great Tusk|39/100
|
|upkeep
|turn|5
|
|t:|1769369359
|-terastallize|p2a: Heatran|Flying
|move|p1a: Great Tusk|Rapid Spin|p2a: Heatran
|-damage|p2a: Heatran|82/100
|-boost|p1a: Great Tusk|spe|1
|move|p2a: Heatran|Flamethrower|p1a: Great Tusk
|-damage|p1a: Great Tusk|0 fnt
|faint|p1a: Great Tusk
|-end|p1a: Great Tusk|Protosynthesis|[silent]
|
|upkeep
|c|☆theteen|glass canno
|c|☆theteen|cannon*
|inactive|theteen has 120 seconds left.
|
|t:|1769369384
|switch|p1a: Tiffany BlueStones|Kyurem, shiny|100/100
|-ability|p1a: Tiffany BlueStones|Pressure
|turn|6
|
|t:|1769369389
|move|p1a: Tiffany BlueStones|Freeze-Dry|p2a: Heatran
|-supereffective|p2a: Heatran
|-damage|p2a: Heatran|37/100
|move|p2a: Heatran|Flamethrower|p1a: Tiffany BlueStones
|-damage|p1a: Tiffany BlueStones|50/100
|
|-heal|p1a: Tiffany BlueStones|56/100|[from] item: Leftovers
|upkeep
|turn|7
|
|t:|1769369400
|move|p1a: Tiffany BlueStones|Freeze-Dry|p2a: Heatran
|-supereffective|p2a: Heatran
|-damage|p2a: Heatran|0 fnt
|faint|p2a: Heatran
|
|-heal|p1a: Tiffany BlueStones|62/100|[from] item: Leftovers
|upkeep
|
|t:|1769369408
|switch|p2a: Dragapult|Dragapult, F|100/100
|turn|8
|
|t:|1769369411
|-terastallize|p1a: Tiffany BlueStones|Steel
|move|p2a: Dragapult|Dragon Darts|p1a: Tiffany BlueStones
|-resisted|p1a: Tiffany BlueStones
|-damage|p1a: Tiffany BlueStones|45/100
|-anim|p2a: Dragapult|Dragon Darts|p1a: Tiffany BlueStones
|-resisted|p1a: Tiffany BlueStones
|-damage|p1a: Tiffany BlueStones|29/100
|move|p1a: Tiffany BlueStones|Freeze-Dry|p2a: Dragapult
|-supereffective|p2a: Dragapult
|-damage|p2a: Dragapult|0 fnt
|faint|p2a: Dragapult
|
|-heal|p1a: Tiffany BlueStones|35/100|[from] item: Leftovers
|upkeep
|
|t:|1769369425
|switch|p2a: Hatterene|Hatterene, F|100/100
|turn|9
|
|t:|1769369431
|move|p1a: Tiffany BlueStones|Flash Cannon|p2a: Hatterene
|-supereffective|p2a: Hatterene
|-damage|p2a: Hatterene|16/100
|-unboost|p2a: Hatterene|spd|1
|move|p2a: Hatterene|Calm Mind|p2a: Hatterene
|-boost|p2a: Hatterene|spa|1
|-boost|p2a: Hatterene|spd|1
|
|-heal|p1a: Tiffany BlueStones|41/100|[from] item: Leftovers
|-heal|p2a: Hatterene|22/100|[from] item: Leftovers
|upkeep
|turn|10
|c|☆theteen|gg
|
|t:|1769369441
|switch|p2a: Corviknight|Corviknight, M|100/100
|move|p1a: Tiffany BlueStones|Flash Cannon|p2a: Corviknight
|-resisted|p2a: Corviknight
|-damage|p2a: Corviknight|85/100
|
|-heal|p1a: Tiffany BlueStones|47/100|[from] item: Leftovers
|upkeep
|turn|11
|
|t:|1769369466
|move|p1a: Tiffany BlueStones|Substitute|p1a: Tiffany BlueStones
|-start|p1a: Tiffany BlueStones|Substitute
|-damage|p1a: Tiffany BlueStones|22/100
|move|p2a: Corviknight|Bulk Up|p2a: Corviknight
|-boost|p2a: Corviknight|atk|1
|-boost|p2a: Corviknight|def|1
|
|-heal|p1a: Tiffany BlueStones|28/100|[from] item: Leftovers
|upkeep
|turn|12
|
|t:|1769369476
|move|p1a: Tiffany BlueStones|Freeze-Dry|p2a: Corviknight
|-damage|p2a: Corviknight|56/100
|-status|p2a: Corviknight|frz
|cant|p2a: Corviknight|frz
|
|-heal|p1a: Tiffany BlueStones|35/100|[from] item: Leftovers
|upkeep
|turn|13
|-message|reffler22 forfeited.
|
|win|theteen
|raw|theteen's rating: 1203 &rarr; <strong>1228</strong><br />(+25 for winning)
|raw|reffler22's rating: 1206 &rarr; <strong>1181</strong><br />(-25 for losing)
