|j|☆Obling
|j|☆CambridgeFoulPlay
|t:|1769359648
|gametype|singles
|player|p1|Obling|turo-ai|1804
|player|p2|CambridgeFoulPlay|266|1850
|gen|9
|tier|[Gen 9] OU
|rated|
|rule|HP Percentage Mod: HP is shown in percentages
|rule|Endless Battle Clause: Forcing endless battles is banned
|rule|Species Clause: Limit one of each Pokémon
|rule|OHKO Clause: OHKO moves are banned
|rule|Evasion Items Clause: Evasion items are banned
|rule|Evasion Moves Clause: Evasion moves are banned
|rule|Evasion Abilities Clause: Evasion abilities are banned
|rule|Sleep Moves Clause: Sleep-inducing moves are banned
|clearpoke
|poke|p1|Deoxys-Speed|
|poke|p1|Dragonite, F|
|poke|p1|Iron Valiant|
|poke|p1|Kingambit, F|
|poke|p1|Cresselia, F|
|poke|p1|Walking Wake|
|poke|p2|Hydrapple, M|
|poke|p2|Tyranitar, F|
|poke|p2|Moltres|
|poke|p2|Zamazenta-*|
|poke|p2|Slowking-Galar, M|
|poke|p2|Excadrill, F|
|teampreview
|c|☆CambridgeFoulPlay|hf
|inactive|Battle timer is ON: inactive players will automatically lose when time's up. (requested by CambridgeFoulPlay)
|
|t:|1769359671
|teamsize|p1|6
|teamsize|p2|6
|start
|switch|p1a: Deoxys|Deoxys-Speed|100/100
|switch|p2a: Slowking|Slowking-Galar, M|100/100
|-ability|p1a: Deoxys|Pressure
|turn|1
|
|t:|1769359674
|move|p1a: Deoxys|Stealth Rock|p2a: Slowking
|-sidestart|p2: CambridgeFoulPlay|move: Stealth Rock
|move|p2a: Slowking|Flamethrower|p1a: Deoxys
|-damage|p1a: Deoxys|73/100
|
|upkeep
|turn|2
|
|t:|1769359677
|move|p1a: Deoxys|Spikes|p2a: Slowking
|-sidestart|p2: CambridgeFoulPlay|Spikes
|move|p2a: Slowking|Sludge Bomb|p1a: Deoxys
|-damage|p1a: Deoxys|29/100
|
|upkeep
|turn|3
|
|t:|1769359688
|switch|p1a: Kingambit|Kingambit, F|100/100
|move|p2a: Slowking|Flamethrower|p1a: Kingambit
|-supereffective|p1a: Kingambit
|-damage|p1a: Kingambit|54/100
|
|upkeep
|turn|4
|
|t:|1769359692
|move|p1a: Kingambit|Kowtow Cleave|p2a: Slowking
|-supereffective|p2a: Slowking
|-damage|p2a: Slowking|4/100
|move|p2a: Slowking|Flamethrower|p1a: Kingambit
|-supereffective|p1a: Kingambit
|-damage|p1a: Kingambit|13/100
|
|upkeep
|turn|5
|
|t:|1769359696
|switch|p2a: Zamazenta|Zamazenta|100/100
|-damage|p2a: Zamazenta|94/100|[from] Stealth Rock
|-damage|p2a: Zamazenta|82/100|[from] Spikes
|-ability|p2a: Zamazenta|Dauntless Shield|boost
|-boost|p2a: Zamazenta|def|1
|move|p1a: Kingambit|Iron Head|p2a: Zamazenta
|-damage|p2a: Zamazenta|58/100
|
|-heal|p2a: Zamazenta|64/100|[from] item: Leftovers
|upkeep
|turn|6
|
|t:|1769359699
|-end|p1a: Kingambit|fallenundefined|[silent]
|switch|p1a: Deoxys|Deoxys-Speed|29/100
|-ability|p1a: Deoxys|Pressure
|move|p2a: Zamazenta|Body Press|p1a: Deoxys
|-resisted|p1a: Deoxys
|-damage|p1a: Deoxys|3/100
|-damage|p2a: Zamazenta|47/100|[from] item: Rocky Helmet|[of] p1a: Deoxys
|
|-heal|p2a: Zamazenta|53/100|[from] item: Leftovers
|upkeep
|turn|7
|
|t:|1769359705
|move|p1a: Deoxys|Psycho Boost|p2a: Zamazenta
|-supereffective|p2a: Zamazenta
|-damage|p2a: Zamazenta|0 fnt
|-unboost|p1a: Deoxys|spa|2
|faint|p2a: Zamazenta
|
|upkeep
|
|t:|1769359706
|switch|p2a: Excadrill|Excadrill, F|100/100
|-damage|p2a: Excadrill|97/100|[from] Stealth Rock
|-item|p2a: Excadrill|Air Balloon
|turn|8
|
|t:|1769359709
|move|p1a: Deoxys|Psycho Boost|p2a: Excadrill
|-resisted|p2a: Excadrill
|-damage|p2a: Excadrill|83/100
|-unboost|p1a: Deoxys|spa|2
|-enditem|p2a: Excadrill|Air Balloon
|move|p2a: Excadrill|Rapid Spin|p1a: Deoxys
|-damage|p1a: Deoxys|0 fnt
|-boost|p2a: Excadrill|spe|1
|-damage|p2a: Excadrill|66/100|[from] item: Rocky Helmet|[of] p1a: Deoxys
|-sideend|p2: CambridgeFoulPlay|Spikes|[from] move: Rapid Spin|[of] p2a: Excadrill
|-sideend|p2: CambridgeFoulPlay|Stealth Rock|[from] move: Rapid Spin|[of] p2a: Excadrill
|faint|p1a: Deoxys
|
|upkeep
|
|t:|1769359712
|switch|p1a: Kingambit|Kingambit, F|13/100
|-activate|p1a: Kingambit|ability: Supreme Overlord
|-start|p1a: Kingambit|fallen1|[silent]
|turn|9
|
|t:|1769359716
|switch|p2a: Hydrapple|Hydrapple, M|100/100
|move|p1a: Kingambit|Kowtow Cleave|p2a: Hydrapple
|-damage|p2a: Hydrapple|58/100
|
|upkeep
|turn|10
|j| js_redstar
|
|t:|1769359718
|switch|p2a: Moltres|Moltres|100/100
|move|p1a: Kingambit|Kowtow Cleave|p2a: Moltres
|-damage|p2a: Moltres|58/100
|
|upkeep
|turn|11
|
|t:|1769359721
|move|p2a: Moltres|Roost|p2a: Moltres
|-heal|p2a: Moltres|100/100
|-singleturn|p2a: Moltres|move: Roost
|move|p1a: Kingambit|Kowtow Cleave|p2a: Moltres
|-damage|p2a: Moltres|57/100
|
|upkeep
|turn|12
|
|t:|1769359725
|-end|p1a: Kingambit|fallen1|[silent]
|switch|p1a: Iron Valiant|Iron Valiant|100/100
|-enditem|p1a: Iron Valiant|Booster Energy
|-activate|p1a: Iron Valiant|ability: Quark Drive|[fromitem]
|-start|p1a: Iron Valiant|quarkdrivespe
|move|p2a: Moltres|Roost|p2a: Moltres
|-heal|p2a: Moltres|100/100
|-singleturn|p2a: Moltres|move: Roost
|
|upkeep
|turn|13
|
|t:|1769359728
|move|p1a: Iron Valiant|Encore|p2a: Moltres
|-start|p2a: Moltres|Encore
|move|p2a: Moltres|Roost||[still]
|-fail|p2a: Moltres|heal
|
|upkeep
|turn|14
|
|t:|1769359731
|switch|p2a: Slowking|Slowking-Galar, M|38/100
|move|p1a: Iron Valiant|Swords Dance|p1a: Iron Valiant
|-boost|p1a: Iron Valiant|atk|2
|
|upkeep
|turn|15
|
|t:|1769359733
|switch|p2a: Moltres|Moltres|100/100
|move|p1a: Iron Valiant|Knock Off|p2a: Moltres
|-damage|p2a: Moltres|56/100
|-enditem|p2a: Moltres|Heavy-Duty Boots|[from] move: Knock Off|[of] p1a: Iron Valiant
|
|upkeep
|turn|16
|
|t:|1769359737
|move|p1a: Iron Valiant|Swords Dance|p1a: Iron Valiant
|-boost|p1a: Iron Valiant|atk|2
|move|p2a: Moltres|Roar|p1a: Iron Valiant
|-end|p1a: Iron Valiant|Quark Drive|[silent]
|drag|p1a: Cresselia|Cresselia, F|100/100
|
|upkeep
|turn|17
|
|t:|1769359740
|switch|p1a: Kingambit|Kingambit, F|13/100
|-activate|p1a: Kingambit|ability: Supreme Overlord
|-start|p1a: Kingambit|fallen1|[silent]
|move|p2a: Moltres|Roost|p2a: Moltres
|-heal|p2a: Moltres|100/100
|-singleturn|p2a: Moltres|move: Roost
|
|upkeep
|turn|18
|
|t:|1769359742
|move|p2a: Moltres|Flamethrower|p1a: Kingambit
|-supereffective|p1a: Kingambit
|-damage|p1a: Kingambit|0 fnt
|faint|p1a: Kingambit
|-end|p1a: Kingambit|fallen1|[silent]
|
|upkeep
|
|t:|1769359744
|switch|p1a: Iron Valiant|Iron Valiant|100/100
|turn|19
|
|t:|1769359765
|move|p1a: Iron Valiant|Swords Dance|p1a: Iron Valiant
|-boost|p1a: Iron Valiant|atk|2
|move|p2a: Moltres|U-turn|p1a: Iron Valiant
|-resisted|p1a: Iron Valiant
|-damage|p1a: Iron Valiant|96/100
|
|t:|1769359766
|switch|p2a: Slowking|Slowking-Galar, M|71/100|[from] U-turn
|
|upkeep
|turn|20
|
|t:|1769359769
|switch|p2a: Moltres|Moltres|100/100
|move|p1a: Iron Valiant|Knock Off|p2a: Moltres
|-damage|p2a: Moltres|70/100
|-status|p1a: Iron Valiant|brn|[from] ability: Flame Body|[of] p2a: Moltres
|
|-damage|p1a: Iron Valiant|90/100 brn|[from] brn
|upkeep
|turn|21
|
|t:|1769359772
|move|p1a: Iron Valiant|Close Combat|p2a: Moltres
|-resisted|p2a: Moltres
|-damage|p2a: Moltres|48/100
|-unboost|p1a: Iron Valiant|def|1
|-unboost|p1a: Iron Valiant|spd|1
|move|p2a: Moltres|Flamethrower|p1a: Iron Valiant
|-damage|p1a: Iron Valiant|0 fnt
|faint|p1a: Iron Valiant
|-end|p1a: Iron Valiant|Quark Drive|[silent]
|
|upkeep
|
|t:|1769359778
|switch|p1a: Walking Wake|Walking Wake|100/100
|-enditem|p1a: Walking Wake|Booster Energy
|-activate|p1a: Walking Wake|ability: Protosynthesis|[fromitem]
|-start|p1a: Walking Wake|protosynthesisspa
|turn|22
|
|t:|1769359781
|switch|p2a: Slowking|Slowking-Galar, M|100/100
|move|p1a: Walking Wake|Surf|p2a: Slowking
|-damage|p2a: Slowking|66/100
|
|upkeep
|turn|23
|
|t:|1769359783
|move|p1a: Walking Wake|Surf|p2a: Slowking
|-damage|p2a: Slowking|30/100
|move|p2a: Slowking|Sludge Bomb|p1a: Walking Wake
|-damage|p1a: Walking Wake|67/100
|
|upkeep
|turn|24
|
|t:|1769359787
|switch|p2a: Hydrapple|Hydrapple, M|91/100
|move|p1a: Walking Wake|Dragon Pulse|p2a: Hydrapple
|-supereffective|p2a: Hydrapple
|-damage|p2a: Hydrapple|0 fnt
|faint|p2a: Hydrapple
|
|upkeep
|j| panda1234
|
|t:|1769359789
|switch|p2a: Slowking|Slowking-Galar, M|63/100
|turn|25
|
|t:|1769359794
|move|p1a: Walking Wake|Surf|p2a: Slowking
|-damage|p2a: Slowking|26/100
|move|p2a: Slowking|Sludge Bomb|p1a: Walking Wake
|-crit|p1a: Walking Wake
|-damage|p1a: Walking Wake|16/100
|
|upkeep
|turn|26
|
|t:|1769359797
|switch|p2a: Moltres|Moltres|48/100
|move|p1a: Walking Wake|Surf|p2a: Moltres
|-supereffective|p2a: Moltres
|-damage|p2a: Moltres|0 fnt
|faint|p2a: Moltres
|
|upkeep
|
|t:|1769359799
|switch|p2a: Excadrill|Excadrill, F|66/100
|turn|27
|
|t:|1769359802
|move|p2a: Excadrill|Iron Head|p1a: Walking Wake
|-resisted|p1a: Walking Wake
|-damage|p1a: Walking Wake|0 fnt
|faint|p1a: Walking Wake
|-end|p1a: Walking Wake|Protosynthesis|[silent]
|
|upkeep
|
|t:|1769359804
|switch|p1a: Dragonite|Dragonite, F|100/100
|turn|28
|
|t:|1769359806
|move|p2a: Excadrill|Iron Head|p1a: Dragonite
|-damage|p1a: Dragonite|76/100
|cant|p1a: Dragonite|flinch
|
|upkeep
|turn|29
|
|t:|1769359809
|move|p2a: Excadrill|Iron Head|p1a: Dragonite
|-damage|p1a: Dragonite|31/100
|cant|p1a: Dragonite|flinch
|
|upkeep
|turn|30
|
|t:|1769359813
|move|p1a: Dragonite|Extreme Speed|p2a: Excadrill
|-resisted|p2a: Excadrill
|-damage|p2a: Excadrill|46/100
|move|p2a: Excadrill|Iron Head|p1a: Dragonite
|-damage|p1a: Dragonite|0 fnt
|faint|p1a: Dragonite
|
|upkeep
|
|t:|1769359815
|switch|p1a: Cresselia|Cresselia, F|100/100
|turn|31
|
|t:|1769359817
|move|p2a: Excadrill|Swords Dance|p2a: Excadrill
|-boost|p2a: Excadrill|atk|2
|move|p1a: Cresselia|Calm Mind|p1a: Cresselia
|-boost|p1a: Cresselia|spa|1
|-boost|p1a: Cresselia|spd|1
|
|upkeep
|turn|32
|l| panda1234
|
|t:|1769359820
|move|p2a: Excadrill|Iron Head|p1a: Cresselia
|-crit|p1a: Cresselia
|-damage|p1a: Cresselia|31/100
|move|p1a: Cresselia|Calm Mind|p1a: Cresselia
|-boost|p1a: Cresselia|spa|1
|-boost|p1a: Cresselia|spd|1
|
|-heal|p1a: Cresselia|37/100|[from] item: Leftovers
|upkeep
|turn|33
|-message|Obling forfeited.
|
|win|CambridgeFoulPlay
|raw|Obling's rating: 1804 &rarr; <strong>1787</strong><br />(-17 for losing)
|raw|CambridgeFoulPlay's rating: 1850 &rarr; <strong>1867</strong><br />(+17 for winning)
|c|☆CambridgeFoulPlay|gg
