|j|☆baby falapin
|j|‽munty12
|t:|1769377077
|gametype|singles
|player|p1|baby falapin|265|1435
|player|p2|munty12|101|1378
|gen|9
|tier|[Gen 9] OU
|rated|
|rule|HP Percentage Mod: HP is shown in percentages
|rule|Endless Battle Clause: Forcing endless battles is banned
|rule|Species Clause: Limit one of each Pokémon
|rule|OHKO Clause: OHKO moves are banned
|rule|Evasion Items Clause: Evasion items are banned
|rule|Evasion Moves Clause: Evasion moves are banned
|rule|Evasion Abilities Clause: Evasion abilities are banned
|rule|Sleep Moves Clause: Sleep-inducing moves are banned
|clearpoke
|poke|p1|Regidrago|
|poke|p1|Kyurem|
|poke|p1|Grimmsnarl, M|
|poke|p1|Dragonite, M|
|poke|p1|Great Tusk|
|poke|p1|Pecharunt|
|poke|p2|Gallade, M|
|poke|p2|Rotom-Wash|
|poke|p2|Empoleon, F|
|poke|p2|Breloom, F|
|poke|p2|Palossand, F|
|poke|p2|Scizor, M|
|teampreview
|inactive|Battle timer is ON: inactive players will automatically lose when time's up. (requested by baby falapin)
|
|t:|1769377085
|teamsize|p1|6
|teamsize|p2|6
|start
|switch|p1a: Regidrago|Regidrago|100/100
|switch|p2a: Scizor|Scizor, M|100/100
|turn|1
|
|t:|1769377092
|move|p1a: Regidrago|Fire Fang|p2a: Scizor
|-supereffective|p2a: Scizor
|-damage|p2a: Scizor|7/100
|-damage|p1a: Regidrago|91/100|[from] item: Life Orb
|move|p2a: Scizor|U-turn|p1a: Regidrago
|-crit|p1a: Regidrago
|-damage|p1a: Regidrago|24/100
|
|t:|1769377104
|switch|p2a: Gallade|Gallade, M, shiny|100/100|[from] U-turn
|
|upkeep
|turn|2
|
|t:|1769377109
|move|p2a: Gallade|Psycho Cut|p1a: Regidrago
|-damage|p1a: Regidrago|0 fnt
|faint|p1a: Regidrago
|
|upkeep
|
|t:|1769377115
|switch|p1a: Grimmsnarl|Grimmsnarl, M|100/100
|turn|3
|
|t:|1769377122
|switch|p2a: Scizor|Scizor, M|7/100
|move|p1a: Grimmsnarl|Reflect|p1a: Grimmsnarl
|-sidestart|p1: baby falapin|Reflect
|
|-heal|p2a: Scizor|13/100|[from] item: Leftovers
|upkeep
|turn|4
|
|t:|1769377127
|move|p1a: Grimmsnarl|Light Screen|p1a: Grimmsnarl
|-sidestart|p1: baby falapin|move: Light Screen
|move|p2a: Scizor|Defog|p1a: Grimmsnarl
|-unboost|p1a: Grimmsnarl|evasion|1
|-sideend|p1: baby falapin|Reflect
|-sideend|p1: baby falapin|move: Light Screen
|
|-heal|p2a: Scizor|19/100|[from] item: Leftovers
|upkeep
|turn|5
|
|t:|1769377135
|move|p2a: Scizor|Bullet Punch|p1a: Grimmsnarl
|-supereffective|p1a: Grimmsnarl
|-damage|p1a: Grimmsnarl|14/100
|move|p1a: Grimmsnarl|Reflect|p1a: Grimmsnarl
|-sidestart|p1: baby falapin|Reflect
|
|-heal|p2a: Scizor|25/100|[from] item: Leftovers
|upkeep
|turn|6
|
|t:|1769377141
|move|p2a: Scizor|Defog|p1a: Grimmsnarl
|-unboost|p1a: Grimmsnarl|evasion|1
|-sideend|p1: baby falapin|Reflect
|move|p1a: Grimmsnarl|Spirit Break|p2a: Scizor
|-resisted|p2a: Scizor
|-damage|p2a: Scizor|10/100
|-unboost|p2a: Scizor|spa|1
|
|-heal|p2a: Scizor|16/100|[from] item: Leftovers
|upkeep
|turn|7
|
|t:|1769377151
|move|p2a: Scizor|Bullet Punch|p1a: Grimmsnarl
|-supereffective|p1a: Grimmsnarl
|-damage|p1a: Grimmsnarl|0 fnt
|faint|p1a: Grimmsnarl
|
|-heal|p2a: Scizor|22/100|[from] item: Leftovers
|upkeep
|
|t:|1769377153
|switch|p1a: Kyurem|Kyurem|100/100
|-ability|p1a: Kyurem|Pressure
|turn|8
|
|t:|1769377157
|-terastallize|p1a: Kyurem|Fire
|move|p2a: Scizor|Bullet Punch|p1a: Kyurem
|-resisted|p1a: Kyurem
|-damage|p1a: Kyurem|85/100
|move|p1a: Kyurem|Dragon Dance|p1a: Kyurem
|-boost|p1a: Kyurem|atk|1
|-boost|p1a: Kyurem|spe|1
|
|-heal|p2a: Scizor|29/100|[from] item: Leftovers
|upkeep
|turn|9
|
|t:|1769377169
|move|p2a: Scizor|Bullet Punch|p1a: Kyurem
|-resisted|p1a: Kyurem
|-damage|p1a: Kyurem|69/100
|move|p1a: Kyurem|Icicle Spear|p2a: Scizor
|-resisted|p2a: Scizor
|-damage|p2a: Scizor|17/100
|-resisted|p2a: Scizor
|-damage|p2a: Scizor|8/100
|-resisted|p2a: Scizor
|-damage|p2a: Scizor|0 fnt
|faint|p2a: Scizor
|-hitcount|p2: Scizor|3
|
|upkeep
|
|t:|1769377185
|switch|p2a: Rotom|Rotom-Wash|100/100
|turn|10
|
|t:|1769377189
|move|p1a: Kyurem|Scale Shot|p2a: Rotom
|-damage|p2a: Rotom|73/100
|-damage|p2a: Rotom|47/100
|-damage|p2a: Rotom|17/100
|-damage|p2a: Rotom|0 fnt
|faint|p2a: Rotom
|-hitcount|p2: Rotom|4
|-unboost|p1a: Kyurem|def|1
|-boost|p1a: Kyurem|spe|1
|
|upkeep
|
|t:|1769377194
|switch|p2a: Breloom|Breloom, F|100/100
|turn|11
|
|t:|1769377200
|move|p2a: Breloom|Mach Punch|p1a: Kyurem
|-damage|p1a: Kyurem|0 fnt
|faint|p1a: Kyurem
|
|upkeep
|
|t:|1769377205
|switch|p1a: Dragonite|Dragonite, M|100/100
|turn|12
|
|t:|1769377211
|switch|p2a: Palossand|Palossand, F|100/100
|move|p1a: Dragonite|Dragon Dance|p1a: Dragonite
|-boost|p1a: Dragonite|atk|1
|-boost|p1a: Dragonite|spe|1
|
|upkeep
|turn|13
|
|t:|1769377217
|move|p1a: Dragonite|Dragon Dance|p1a: Dragonite
|-boost|p1a: Dragonite|atk|1
|-boost|p1a: Dragonite|spe|1
|move|p2a: Palossand|Chilling Water|p1a: Dragonite
|-resisted|p1a: Dragonite
|-damage|p1a: Dragonite|97/100
|-unboost|p1a: Dragonite|atk|1
|
|upkeep
|turn|14
|
|t:|1769377220
|move|p1a: Dragonite|Outrage|p2a: Palossand
|-damage|p2a: Palossand|26/100
|move|p2a: Palossand|Chilling Water|p1a: Dragonite
|-resisted|p1a: Dragonite
|-damage|p1a: Dragonite|90/100
|-unboost|p1a: Dragonite|atk|1
|
|-heal|p2a: Palossand|33/100|[from] item: Leftovers
|upkeep
|turn|15
|
|t:|1769377244
|switch|p2a: Breloom|Breloom, F|100/100
|move|p1a: Dragonite|Outrage|p2a: Breloom|[from] lockedmove
|-damage|p2a: Breloom|0 fnt
|faint|p2a: Breloom
|-start|p1a: Dragonite|confusion|[fatigue]
|
|upkeep
|
|t:|1769377250
|switch|p2a: Palossand|Palossand, F|33/100
|turn|16
|
|t:|1769377257
|-activate|p1a: Dragonite|confusion
|-damage|p1a: Dragonite|73/100|[from] confusion
|move|p2a: Palossand|Shore Up|p2a: Palossand
|-heal|p2a: Palossand|83/100
|
|-heal|p2a: Palossand|89/100|[from] item: Leftovers
|upkeep
|turn|17
|
|t:|1769377261
|-end|p1a: Dragonite|confusion
|move|p1a: Dragonite|Dragon Dance|p1a: Dragonite
|-boost|p1a: Dragonite|atk|1
|-boost|p1a: Dragonite|spe|1
|move|p2a: Palossand|Chilling Water|p1a: Dragonite
|-resisted|p1a: Dragonite
|-damage|p1a: Dragonite|66/100
|-unboost|p1a: Dragonite|atk|1
|
|-heal|p2a: Palossand|95/100|[from] item: Leftovers
|upkeep
|turn|18
|
|t:|1769377268
|move|p1a: Dragonite|Outrage|p2a: Palossand
|-damage|p2a: Palossand|40/100
|move|p2a: Palossand|Chilling Water|p1a: Dragonite
|-resisted|p1a: Dragonite
|-damage|p1a: Dragonite|59/100
|-unboost|p1a: Dragonite|atk|1
|
|-heal|p2a: Palossand|46/100|[from] item: Leftovers
|upkeep
|turn|19
|
|t:|1769377277
|move|p1a: Dragonite|Outrage|p2a: Palossand|[from] lockedmove
|-damage|p2a: Palossand|13/100
|move|p2a: Palossand|Shore Up|p2a: Palossand
|-heal|p2a: Palossand|63/100
|
|-heal|p2a: Palossand|69/100|[from] item: Leftovers
|upkeep
|turn|20
|
|t:|1769377281
|move|p1a: Dragonite|Outrage|p2a: Palossand|[from] lockedmove
|-damage|p2a: Palossand|33/100
|-start|p1a: Dragonite|confusion|[fatigue]
|move|p2a: Palossand|Chilling Water|p1a: Dragonite
|-resisted|p1a: Dragonite
|-damage|p1a: Dragonite|52/100
|-unboost|p1a: Dragonite|atk|1
|
|-heal|p2a: Palossand|39/100|[from] item: Leftovers
|upkeep
|turn|21
|
|t:|1769377290
|switch|p1a: Pecharunt|Pecharunt|100/100
|move|p2a: Palossand|Earth Power|p1a: Pecharunt
|-supereffective|p1a: Pecharunt
|-damage|p1a: Pecharunt|22/100
|
|-heal|p1a: Pecharunt|28/100|[from] item: Leftovers
|-heal|p2a: Palossand|45/100|[from] item: Leftovers
|upkeep
|turn|22
|
|t:|1769377299
|switch|p2a: Empoleon|Empoleon, F|100/100
|move|p1a: Pecharunt|Shadow Ball|p2a: Empoleon
|-crit|p2a: Empoleon
|-damage|p2a: Empoleon|79/100
|
|-heal|p1a: Pecharunt|35/100|[from] item: Leftovers
|upkeep
|turn|23
|
|t:|1769377306
|move|p1a: Pecharunt|Shadow Ball|p2a: Empoleon
|-damage|p2a: Empoleon|67/100
|move|p2a: Empoleon|Surf|p1a: Pecharunt
|-damage|p1a: Pecharunt|0 fnt
|faint|p1a: Pecharunt
|
|upkeep
|
|t:|1769377317
|switch|p1a: Great Tusk|Great Tusk|100/100
|-enditem|p1a: Great Tusk|Booster Energy
|-activate|p1a: Great Tusk|ability: Protosynthesis|[fromitem]
|-start|p1a: Great Tusk|protosynthesisspe
|turn|24
|
|t:|1769377324
|move|p1a: Great Tusk|Headlong Rush|p2a: Empoleon
|-supereffective|p2a: Empoleon
|-damage|p2a: Empoleon|0 fnt
|-unboost|p1a: Great Tusk|def|1
|-unboost|p1a: Great Tusk|spd|1
|faint|p2a: Empoleon
|
|upkeep
|
|t:|1769377344
|switch|p2a: Palossand|Palossand, F|45/100
|turn|25
|
|t:|1769377359
|move|p1a: Great Tusk|Headlong Rush|p2a: Palossand
|-damage|p2a: Palossand|7/100
|-unboost|p1a: Great Tusk|def|1
|-unboost|p1a: Great Tusk|spd|1
|move|p2a: Palossand|Shore Up|p2a: Palossand
|-heal|p2a: Palossand|57/100
|
|-heal|p2a: Palossand|63/100|[from] item: Leftovers
|upkeep
|turn|26
|
|t:|1769377367
|-end|p1a: Great Tusk|Protosynthesis|[silent]
|switch|p1a: Dragonite|Dragonite, M|52/100
|move|p2a: Palossand|Chilling Water|p1a: Dragonite
|-resisted|p1a: Dragonite
|-damage|p1a: Dragonite|45/100
|-unboost|p1a: Dragonite|atk|1
|
|-heal|p2a: Palossand|69/100|[from] item: Leftovers
|upkeep
|turn|27
|
|t:|1769377374
|move|p1a: Dragonite|Dragon Dance|p1a: Dragonite
|-boost|p1a: Dragonite|atk|1
|-boost|p1a: Dragonite|spe|1
|move|p2a: Palossand|Chilling Water|p1a: Dragonite
|-resisted|p1a: Dragonite
|-damage|p1a: Dragonite|36/100
|-unboost|p1a: Dragonite|atk|1
|
|-heal|p2a: Palossand|75/100|[from] item: Leftovers
|upkeep
|turn|28
|
|t:|1769377379
|move|p1a: Dragonite|Outrage|p2a: Palossand
|-damage|p2a: Palossand|39/100
|move|p2a: Palossand|Chilling Water|p1a: Dragonite
|-resisted|p1a: Dragonite
|-crit|p1a: Dragonite
|-damage|p1a: Dragonite|26/100
|-unboost|p1a: Dragonite|atk|1
|
|-heal|p2a: Palossand|45/100|[from] item: Leftovers
|upkeep
|turn|29
|
|t:|1769377384
|move|p1a: Dragonite|Outrage|p2a: Palossand|[from] lockedmove
|-damage|p2a: Palossand|21/100
|-start|p1a: Dragonite|confusion|[fatigue]
|move|p2a: Palossand|Shore Up|p2a: Palossand
|-heal|p2a: Palossand|71/100
|
|-heal|p2a: Palossand|77/100|[from] item: Leftovers
|upkeep
|turn|30
|
|t:|1769377392
|switch|p1a: Great Tusk|Great Tusk|100/100
|move|p2a: Palossand|Chilling Water|p1a: Great Tusk
|-supereffective|p1a: Great Tusk
|-damage|p1a: Great Tusk|64/100
|-unboost|p1a: Great Tusk|atk|1
|
|-heal|p2a: Palossand|83/100|[from] item: Leftovers
|upkeep
|turn|31
|
|t:|1769377399
|-end|p1a: Great Tusk|Protosynthesis|[silent]
|switch|p1a: Dragonite|Dragonite, M|26/100
|move|p2a: Palossand|Chilling Water|p1a: Dragonite
|-resisted|p1a: Dragonite
|-damage|p1a: Dragonite|19/100
|-unboost|p1a: Dragonite|atk|1
|
|-heal|p2a: Palossand|89/100|[from] item: Leftovers
|upkeep
|turn|32
|
|t:|1769377406
|move|p1a: Dragonite|Outrage|p2a: Palossand
|-damage|p2a: Palossand|55/100
|move|p2a: Palossand|Shadow Ball|p1a: Dragonite
|-damage|p1a: Dragonite|0 fnt
|faint|p1a: Dragonite
|
|-heal|p2a: Palossand|61/100|[from] item: Leftovers
|upkeep
|
|t:|1769377411
|switch|p1a: Great Tusk|Great Tusk|64/100
|turn|33
|
|t:|1769377435
|move|p1a: Great Tusk|Ice Spinner|p2a: Palossand
|-supereffective|p2a: Palossand
|-damage|p2a: Palossand|25/100
|move|p2a: Palossand|Chilling Water|p1a: Great Tusk
|-supereffective|p1a: Great Tusk
|-damage|p1a: Great Tusk|27/100
|-unboost|p1a: Great Tusk|atk|1
|
|-heal|p2a: Palossand|32/100|[from] item: Leftovers
|upkeep
|turn|34
|
|t:|1769377448
|-terastallize|p2a: Palossand|Water
|move|p1a: Great Tusk|Headlong Rush|p2a: Palossand
|-damage|p2a: Palossand|3/100
|-unboost|p1a: Great Tusk|def|1
|-unboost|p1a: Great Tusk|spd|1
|move|p2a: Palossand|Shore Up|p2a: Palossand
|-heal|p2a: Palossand|53/100
|
|-heal|p2a: Palossand|59/100|[from] item: Leftovers
|upkeep
|turn|35
|
|t:|1769377454
|move|p1a: Great Tusk|Headlong Rush|p2a: Palossand
|-damage|p2a: Palossand|33/100
|-unboost|p1a: Great Tusk|def|1
|-unboost|p1a: Great Tusk|spd|1
|move|p2a: Palossand|Chilling Water|p1a: Great Tusk
|-supereffective|p1a: Great Tusk
|-damage|p1a: Great Tusk|0 fnt
|faint|p1a: Great Tusk
|-end|p1a: Great Tusk|Protosynthesis|[silent]
|
|win|munty12
|raw|baby falapin's rating: 1435 &rarr; <strong>1412</strong><br />(-23 for losing)
|raw|munty12's rating: 1378 &rarr; <strong>1401</strong><br />(+23 for winning)
|l|☆baby falapin
|player|p1|
|l|‽munty12
|player|p2|
