|j|☆Subslayer9000
|j|☆lukoviisk
|t:|1769353673
|gametype|singles
|player|p1|Subslayer9000|102|1218
|player|p2|lukoviisk|blackbelt-gen4dp|1217
|gen|9
|tier|[Gen 9] OU
|rated|
|rule|HP Percentage Mod: HP is shown in percentages
|rule|Endless Battle Clause: Forcing endless battles is banned
|rule|Species Clause: Limit one of each Pokémon
|rule|OHKO Clause: OHKO moves are banned
|rule|Evasion Items Clause: Evasion items are banned
|rule|Evasion Moves Clause: Evasion moves are banned
|rule|Evasion Abilities Clause: Evasion abilities are banned
|rule|Sleep Moves Clause: Sleep-inducing moves are banned
|clearpoke
|poke|p1|Clefable, M|
|poke|p1|Azumarill, F|
|poke|p1|Dragonite, F|
|poke|p1|Ursaluna, M|
|poke|p1|Raging Bolt|
|poke|p1|Gholdengo|
|poke|p2|Ninetales-Alola, M|
|poke|p2|Cetitan, M|
|poke|p2|Kyurem|
|poke|p2|Sandslash-Alola, F|
|poke|p2|Moltres|
|poke|p2|Zamazenta-*|
|teampreview
|inactive|Battle timer is ON: inactive players will automatically lose when time's up. (requested by lukoviisk)
|
|t:|1769353695
|teamsize|p1|6
|teamsize|p2|6
|start
|switch|p1a: Offensive Demon|Clefable, M|100/100
|switch|p2a: Ninetales|Ninetales-Alola, M|100/100
|-weather|Snowscape|[from] ability: Snow Warning|[of] p2a: Ninetales
|turn|1
|
|t:|1769353703
|move|p2a: Ninetales|Aurora Veil|p2a: Ninetales
|-sidestart|p2: lukoviisk|move: Aurora Veil
|move|p1a: Offensive Demon|Stealth Rock|p2a: Ninetales
|-sidestart|p2: lukoviisk|move: Stealth Rock
|
|-weather|Snowscape|[upkeep]
|upkeep
|turn|2
|
|t:|1769353707
|move|p2a: Ninetales|Encore|p1a: Offensive Demon
|-start|p1a: Offensive Demon|Encore
|move|p1a: Offensive Demon|Stealth Rock||[still]
|-fail|p1a: Offensive Demon
|
|-weather|Snowscape|[upkeep]
|upkeep
|turn|3
|
|t:|1769353719
|switch|p2a: Sandslash|Sandslash-Alola, F|100/100
|switch|p1a: Big Winnie|Ursaluna, M|100/100
|
|-weather|Snowscape|[upkeep]
|-status|p1a: Big Winnie|brn|[from] item: Flame Orb
|upkeep
|turn|4
|
|t:|1769353728
|-terastallize|p1a: Big Winnie|Normal
|move|p2a: Sandslash|Rapid Spin|p1a: Big Winnie
|-damage|p1a: Big Winnie|89/100 brn
|-boost|p2a: Sandslash|spe|1
|-sideend|p2: lukoviisk|Stealth Rock|[from] move: Rapid Spin|[of] p2a: Sandslash
|move|p1a: Big Winnie|Swords Dance|p1a: Big Winnie
|-boost|p1a: Big Winnie|atk|2
|
|-weather|Snowscape|[upkeep]
|-damage|p1a: Big Winnie|83/100 brn|[from] brn
|upkeep
|turn|5
|
|t:|1769353744
|move|p2a: Sandslash|Triple Axel|p1a: Big Winnie
|-damage|p1a: Big Winnie|76/100 brn
|-damage|p1a: Big Winnie|63/100 brn
|-damage|p1a: Big Winnie|44/100 brn
|-hitcount|p1a: Big Winnie|3
|move|p1a: Big Winnie|Fire Punch|p2a: Sandslash
|-supereffective|p2a: Sandslash
|-damage|p2a: Sandslash|0 fnt
|faint|p2a: Sandslash
|
|-weather|Snowscape|[upkeep]
|-damage|p1a: Big Winnie|38/100 brn|[from] brn
|-sideend|p2: lukoviisk|move: Aurora Veil
|upkeep
|
|t:|1769353757
|switch|p2a: Cetitan|Cetitan, M|100/100
|turn|6
|
|t:|1769353766
|-terastallize|p2a: Cetitan|Water
|move|p2a: Cetitan|Liquidation|p1a: Big Winnie
|-damage|p1a: Big Winnie|8/100 brn
|-unboost|p1a: Big Winnie|def|1
|move|p1a: Big Winnie|Facade|p2a: Cetitan
|-damage|p2a: Cetitan|0 fnt
|faint|p2a: Cetitan
|
|-weather|Snowscape|[upkeep]
|-damage|p1a: Big Winnie|2/100 brn|[from] brn
|upkeep
|
|t:|1769353781
|switch|p2a: Ninetales|Ninetales-Alola, M|100/100
|turn|7
|
|t:|1769353786
|move|p2a: Ninetales|Blizzard|p1a: Big Winnie
|-damage|p1a: Big Winnie|0 fnt
|faint|p1a: Big Winnie
|
|-weather|Snowscape|[upkeep]
|upkeep
|
|t:|1769353795
|switch|p1a: Chiquita|Gholdengo|100/100
|turn|8
|
|t:|1769353800
|switch|p2a: Moltres|Moltres|100/100
|move|p1a: Chiquita|Trick|p2a: Moltres
|-activate|p1a: Chiquita|move: Trick|[of] p2a: Moltres
|-item|p2a: Moltres|Choice Scarf|[from] move: Trick
|-item|p1a: Chiquita|Heavy-Duty Boots|[from] move: Trick
|
|-weather|none
|upkeep
|turn|9
|
|t:|1769353811
|switch|p1a: Drumaxxing|Azumarill, F|100/100
|move|p2a: Moltres|U-turn|p1a: Drumaxxing
|-resisted|p1a: Drumaxxing
|-damage|p1a: Drumaxxing|92/100
|
|t:|1769353831
|switch|p2a: Ninetales|Ninetales-Alola, M|100/100|[from] U-turn
|-weather|Snowscape|[from] ability: Snow Warning|[of] p2a: Ninetales
|
|-weather|Snowscape|[upkeep]
|upkeep
|turn|10
|
|t:|1769353838
|move|p2a: Ninetales|Freeze-Dry|p1a: Drumaxxing
|-supereffective|p1a: Drumaxxing
|-damage|p1a: Drumaxxing|23/100
|-enditem|p1a: Drumaxxing|Sitrus Berry|[eat]
|-heal|p1a: Drumaxxing|48/100|[from] item: Sitrus Berry
|move|p1a: Drumaxxing|Liquidation|p2a: Ninetales
|-damage|p2a: Ninetales|48/100
|
|-weather|Snowscape|[upkeep]
|upkeep
|turn|11
|
|t:|1769353849
|move|p1a: Drumaxxing|Aqua Jet|p2a: Ninetales
|-damage|p2a: Ninetales|23/100
|move|p2a: Ninetales|Freeze-Dry|p1a: Drumaxxing
|-supereffective|p1a: Drumaxxing
|-damage|p1a: Drumaxxing|0 fnt
|faint|p1a: Drumaxxing
|
|-weather|Snowscape|[upkeep]
|upkeep
|
|t:|1769353857
|switch|p1a: Chiquita|Gholdengo|100/100
|turn|12
|
|t:|1769353867
|switch|p2a: Moltres|Moltres|100/100
|move|p1a: Chiquita|Shadow Ball|p2a: Moltres
|-damage|p2a: Moltres|46/100
|
|-weather|Snowscape|[upkeep]
|upkeep
|turn|13
|
|t:|1769353879
|switch|p1a: Offensive Demon|Clefable, M|100/100
|move|p2a: Moltres|Flamethrower|p1a: Offensive Demon
|-damage|p1a: Offensive Demon|56/100
|
|-weather|Snowscape|[upkeep]
|-heal|p1a: Offensive Demon|62/100|[from] item: Leftovers
|upkeep
|turn|14
|
|t:|1769353886
|move|p2a: Moltres|Flamethrower|p1a: Offensive Demon
|-damage|p1a: Offensive Demon|16/100
|move|p1a: Offensive Demon|Stealth Rock|p2a: Moltres
|-sidestart|p2: lukoviisk|move: Stealth Rock
|
|-weather|Snowscape|[upkeep]
|-heal|p1a: Offensive Demon|22/100|[from] item: Leftovers
|upkeep
|turn|15
|
|t:|1769353893
|move|p2a: Moltres|Flamethrower|p1a: Offensive Demon
|-damage|p1a: Offensive Demon|0 fnt
|faint|p1a: Offensive Demon
|
|-weather|Snowscape|[upkeep]
|upkeep
|
|t:|1769353905
|switch|p1a: Roaring Nite|Dragonite, F|100/100
|turn|16
|
|t:|1769353915
|switch|p2a: Zamazenta|Zamazenta|100/100
|-damage|p2a: Zamazenta|94/100|[from] Stealth Rock
|-ability|p2a: Zamazenta|Dauntless Shield|boost
|-boost|p2a: Zamazenta|def|1
|move|p1a: Roaring Nite|Dragon Dance|p1a: Roaring Nite
|-boost|p1a: Roaring Nite|atk|1
|-boost|p1a: Roaring Nite|spe|1
|
|-weather|none
|-heal|p2a: Zamazenta|100/100|[from] item: Leftovers
|upkeep
|turn|17
|
|t:|1769353934
|move|p1a: Roaring Nite|Earthquake|p2a: Zamazenta
|-damage|p2a: Zamazenta|71/100
|move|p2a: Zamazenta|Heavy Slam|p1a: Roaring Nite
|-damage|p1a: Roaring Nite|94/100
|
|-heal|p2a: Zamazenta|77/100|[from] item: Leftovers
|upkeep
|turn|18
|
|t:|1769353941
|move|p1a: Roaring Nite|Dragon Dance|p1a: Roaring Nite
|-boost|p1a: Roaring Nite|atk|1
|-boost|p1a: Roaring Nite|spe|1
|move|p2a: Zamazenta|Iron Defense|p2a: Zamazenta
|-boost|p2a: Zamazenta|def|2
|
|-heal|p2a: Zamazenta|83/100|[from] item: Leftovers
|upkeep
|turn|19
|
|t:|1769353948
|move|p1a: Roaring Nite|Dragon Dance|p1a: Roaring Nite
|-boost|p1a: Roaring Nite|atk|1
|-boost|p1a: Roaring Nite|spe|1
|move|p2a: Zamazenta|Crunch|p1a: Roaring Nite
|-damage|p1a: Roaring Nite|70/100
|
|-heal|p2a: Zamazenta|89/100|[from] item: Leftovers
|upkeep
|turn|20
|
|t:|1769353955
|move|p1a: Roaring Nite|Earthquake|p2a: Zamazenta
|-damage|p2a: Zamazenta|60/100
|move|p2a: Zamazenta|Iron Defense|p2a: Zamazenta
|-boost|p2a: Zamazenta|def|2
|
|-heal|p2a: Zamazenta|66/100|[from] item: Leftovers
|upkeep
|turn|21
|
|t:|1769353961
|move|p1a: Roaring Nite|Dragon Dance|p1a: Roaring Nite
|-boost|p1a: Roaring Nite|atk|1
|-boost|p1a: Roaring Nite|spe|1
|move|p2a: Zamazenta|Crunch|p1a: Roaring Nite
|-damage|p1a: Roaring Nite|45/100
|
|-heal|p2a: Zamazenta|73/100|[from] item: Leftovers
|upkeep
|turn|22
|
|t:|1769353968
|move|p1a: Roaring Nite|Earthquake|p2a: Zamazenta
|-damage|p2a: Zamazenta|47/100
|move|p2a: Zamazenta|Crunch|p1a: Roaring Nite
|-damage|p1a: Roaring Nite|18/100
|
|-heal|p2a: Zamazenta|54/100|[from] item: Leftovers
|upkeep
|turn|23
|
|t:|1769353975
|move|p1a: Roaring Nite|Earthquake|p2a: Zamazenta
|-damage|p2a: Zamazenta|29/100
|move|p2a: Zamazenta|Crunch|p1a: Roaring Nite
|-damage|p1a: Roaring Nite|0 fnt
|faint|p1a: Roaring Nite
|
|-heal|p2a: Zamazenta|35/100|[from] item: Leftovers
|upkeep
|
|t:|1769353986
|switch|p1a: Raging Neck|Raging Bolt|100/100
|-enditem|p1a: Raging Neck|Booster Energy
|-activate|p1a: Raging Neck|ability: Protosynthesis|[fromitem]
|-start|p1a: Raging Neck|protosynthesisspa
|turn|24
|
|t:|1769353993
|move|p1a: Raging Neck|Thunderclap|p2a: Zamazenta
|-damage|p2a: Zamazenta|0 fnt
|faint|p2a: Zamazenta
|
|upkeep
|
|t:|1769353999
|switch|p2a: Ninetales|Ninetales-Alola, M|23/100
|-damage|p2a: Ninetales|0 fnt|[from] Stealth Rock
|faint|p2a: Ninetales
|
|t:|1769354003
|switch|p2a: Kyurem|Kyurem|100/100
|-damage|p2a: Kyurem|76/100|[from] Stealth Rock
|-ability|p2a: Kyurem|Pressure
|turn|25
|
|t:|1769354014
|move|p2a: Kyurem|Earth Power|p1a: Raging Neck
|-supereffective|p1a: Raging Neck
|-damage|p1a: Raging Neck|13/100
|move|p1a: Raging Neck|Calm Mind|p1a: Raging Neck
|-boost|p1a: Raging Neck|spa|1
|-boost|p1a: Raging Neck|spd|1
|
|upkeep
|turn|26
|
|t:|1769354024
|switch|p2a: Moltres|Moltres|46/100
|-damage|p2a: Moltres|0 fnt|[from] Stealth Rock
|faint|p2a: Moltres
|move|p1a: Raging Neck|Thunderclap|p2: Moltres|[notarget]
|-fail|p1a: Raging Neck
|
|upkeep
|
|t:|1769354030
|switch|p2a: Kyurem|Kyurem|76/100
|-damage|p2a: Kyurem|51/100|[from] Stealth Rock
|-ability|p2a: Kyurem|Pressure
|turn|27
|
|t:|1769354036
|move|p1a: Raging Neck|Thunderclap|p2a: Kyurem
|-resisted|p2a: Kyurem
|-damage|p2a: Kyurem|15/100
|move|p2a: Kyurem|Earth Power|p1a: Raging Neck
|-supereffective|p1a: Raging Neck
|-damage|p1a: Raging Neck|0 fnt
|faint|p1a: Raging Neck
|-end|p1a: Raging Neck|Protosynthesis|[silent]
|
|upkeep
|
|t:|1769354040
|switch|p1a: Chiquita|Gholdengo|100/100
|turn|28
|
|t:|1769354044
|move|p2a: Kyurem|Earth Power|p1a: Chiquita
|-supereffective|p1a: Chiquita
|-damage|p1a: Chiquita|0 fnt
|faint|p1a: Chiquita
|
|win|lukoviisk
|raw|Subslayer9000's rating: 1218 &rarr; <strong>1193</strong><br />(-25 for losing)
|raw|lukoviisk's rating: 1217 &rarr; <strong>1242</strong><br />(+25 for winning)
|l|☆Subslayer9000
|player|p1|
|l|☆lukoviisk
|player|p2|
