|j|☆lsb_0
|j|☆aquagoboom
|t:|1769441553
|gametype|singles
|player|p1|lsb_0|zinzolin|1488
|player|p2|aquagoboom|169|1528
|gen|9
|tier|[Gen 9] OU
|rated|
|rule|HP Percentage Mod: HP is shown in percentages
|rule|Endless Battle Clause: Forcing endless battles is banned
|rule|Species Clause: Limit one of each Pokémon
|rule|OHKO Clause: OHKO moves are banned
|rule|Evasion Items Clause: Evasion items are banned
|rule|Evasion Moves Clause: Evasion moves are banned
|rule|Evasion Abilities Clause: Evasion abilities are banned
|rule|Sleep Moves Clause: Sleep-inducing moves are banned
|clearpoke
|poke|p1|Indeedee, M|
|poke|p1|Hatterene, F|
|poke|p1|Ursaluna, F|
|poke|p1|Iron Hands|
|poke|p1|Hoopa-Unbound|
|poke|p1|Mimikyu, F|
|poke|p2|Tyranitar, M|
|poke|p2|Excadrill, M|
|poke|p2|Iron Valiant|
|poke|p2|Toxapex, M|
|poke|p2|Tornadus-Therian, M|
|poke|p2|Ogerpon-Cornerstone, F|
|teampreview
|
|t:|1769441562
|teamsize|p1|6
|teamsize|p2|6
|start
|switch|p1a: LEBRON|Iron Hands, shiny|100/100
|switch|p2a: Tornadus|Tornadus-Therian, M|100/100
|-enditem|p1a: LEBRON|Booster Energy
|-activate|p1a: LEBRON|ability: Quark Drive|[fromitem]
|-start|p1a: LEBRON|quarkdriveatk
|turn|1
|inactive|Battle timer is ON: inactive players will automatically lose when time's up. (requested by aquagoboom)
|inactive|lsb_0 has 120 seconds left.
|
|t:|1769441608
|move|p2a: Tornadus|Bleakwind Storm|p1a: LEBRON
|-damage|p1a: LEBRON|45/100
|move|p1a: LEBRON|Ice Punch|p2a: Tornadus
|-supereffective|p2a: Tornadus
|-damage|p2a: Tornadus|0 fnt
|faint|p2a: Tornadus
|
|upkeep
|
|t:|1769441614
|switch|p2a: Excadrill|Excadrill, M, shiny|100/100
|turn|2
|
|t:|1769441619
|-terastallize|p1a: LEBRON|Flying
|move|p2a: Excadrill|Substitute|p2a: Excadrill
|-start|p2a: Excadrill|Substitute
|-damage|p2a: Excadrill|76/100
|move|p1a: LEBRON|Close Combat|p2a: Excadrill
|-supereffective|p2a: Excadrill
|-end|p2a: Excadrill|Substitute
|-unboost|p1a: LEBRON|def|1
|-unboost|p1a: LEBRON|spd|1
|
|-heal|p2a: Excadrill|82/100|[from] item: Leftovers
|upkeep
|turn|3
|
|t:|1769441633
|move|p2a: Excadrill|Substitute|p2a: Excadrill
|-start|p2a: Excadrill|Substitute
|-damage|p2a: Excadrill|57/100
|move|p1a: LEBRON|Close Combat|p2a: Excadrill
|-supereffective|p2a: Excadrill
|-end|p2a: Excadrill|Substitute
|-unboost|p1a: LEBRON|def|1
|-unboost|p1a: LEBRON|spd|1
|
|-heal|p2a: Excadrill|63/100|[from] item: Leftovers
|upkeep
|turn|4
|
|t:|1769441636
|move|p2a: Excadrill|Rock Slide|p1a: LEBRON
|-supereffective|p1a: LEBRON
|-damage|p1a: LEBRON|0 fnt
|faint|p1a: LEBRON
|-end|p1a: LEBRON|Quark Drive|[silent]
|
|-heal|p2a: Excadrill|69/100|[from] item: Leftovers
|upkeep
|
|t:|1769441651
|switch|p1a: Mimi|Mimikyu, F, shiny|100/100
|turn|5
|
|t:|1769441656
|move|p2a: Excadrill|Substitute|p2a: Excadrill
|-start|p2a: Excadrill|Substitute
|-damage|p2a: Excadrill|44/100
|move|p1a: Mimi|Trick Room|p1a: Mimi
|-fieldstart|move: Trick Room|[of] p1a: Mimi
|
|-heal|p2a: Excadrill|50/100|[from] item: Leftovers
|upkeep
|turn|6
|
|t:|1769441659
|move|p1a: Mimi|Destiny Bond|p1a: Mimi
|-singlemove|p1a: Mimi|Destiny Bond
|move|p2a: Excadrill|Earthquake|p1a: Mimi
|-activate|p1a: Mimi|ability: Disguise
|-damage|p1a: Mimi|100/100
|detailschange|p1a: Mimi|Mimikyu-Busted, F, shiny
|-damage|p1a: Mimi|88/100|[from] pokemon: Mimikyu-Busted
|-enditem|p1a: Mimi|Red Card|[of] p2a: Excadrill
|drag|p2a: Iron Valiant|Iron Valiant, shiny|100/100
|
|upkeep
|turn|7
|
|t:|1769441672
|-end|p2a: Iron Valiant|Quark Drive|[silent]
|switch|p2a: Toxapex|Toxapex, M, shiny|100/100
|move|p1a: Mimi|Play Rough|p2a: Toxapex
|-resisted|p2a: Toxapex
|-damage|p2a: Toxapex|91/100
|-enditem|p2a: Toxapex|Eject Button
|
|t:|1769441680
|switch|p2a: Tyranitar|Tyranitar, M, shiny|100/100
|-weather|Sandstorm|[from] ability: Sand Stream|[of] p2a: Tyranitar
|
|-weather|Sandstorm|[upkeep]
|-damage|p1a: Mimi|82/100|[from] Sandstorm
|upkeep
|turn|8
|
|t:|1769441693
|move|p1a: Mimi|Play Rough|p2a: Tyranitar
|-supereffective|p2a: Tyranitar
|-damage|p2a: Tyranitar|49/100
|move|p2a: Tyranitar|Stealth Rock|p1a: Mimi
|-sidestart|p1: lsb_0|move: Stealth Rock
|
|-weather|Sandstorm|[upkeep]
|-damage|p1a: Mimi|76/100|[from] Sandstorm
|upkeep
|turn|9
|
|t:|1769441698
|switch|p2a: Toxapex|Toxapex, M, shiny|100/100
|move|p1a: Mimi|Play Rough|p2a: Toxapex
|-resisted|p2a: Toxapex
|-damage|p2a: Toxapex|91/100
|
|-weather|Sandstorm|[upkeep]
|-damage|p2a: Toxapex|85/100|[from] Sandstorm
|-damage|p1a: Mimi|70/100|[from] Sandstorm
|-fieldend|move: Trick Room
|upkeep
|turn|10
|
|t:|1769441712
|move|p1a: Mimi|Curse|p2a: Toxapex
|-start|p2a: Toxapex|Curse|[of] p1a: Mimi
|-damage|p1a: Mimi|20/100
|move|p2a: Toxapex|Toxic|p1a: Mimi
|-status|p1a: Mimi|tox
|
|-weather|Sandstorm|[upkeep]
|-damage|p1a: Mimi|14/100 tox|[from] Sandstorm
|-damage|p2a: Toxapex|79/100|[from] Sandstorm
|-damage|p1a: Mimi|8/100 tox|[from] psn
|-damage|p2a: Toxapex|54/100|[from] Curse
|upkeep
|turn|11
|
|t:|1769441720
|switch|p2a: Excadrill|Excadrill, M, shiny|50/100
|move|p1a: Mimi|Play Rough|p2a: Excadrill
|-resisted|p2a: Excadrill
|-crit|p2a: Excadrill
|-damage|p2a: Excadrill|19/100
|
|-weather|Sandstorm|[upkeep]
|-damage|p1a: Mimi|2/100 tox|[from] Sandstorm
|-heal|p2a: Excadrill|25/100|[from] item: Leftovers
|-damage|p1a: Mimi|0 fnt|[from] psn
|faint|p1a: Mimi
|upkeep
|
|t:|1769441728
|switch|p1a: King Von|Hoopa-Unbound|100/100
|-damage|p1a: King Von|88/100|[from] Stealth Rock
|turn|12
|
|t:|1769441733
|move|p2a: Excadrill|Earthquake|p1a: King Von
|-damage|p1a: King Von|24/100
|move|p1a: King Von|Trick Room|p1a: King Von
|-fieldstart|move: Trick Room|[of] p1a: King Von
|
|-weather|Sandstorm|[upkeep]
|-damage|p1a: King Von|18/100|[from] Sandstorm
|-heal|p2a: Excadrill|31/100|[from] item: Leftovers
|upkeep
|turn|13
|
|t:|1769441750
|switch|p2a: Toxapex|Toxapex, M, shiny|88/100
|move|p1a: King Von|Hyperspace Fury|p2a: Toxapex
|-damage|p2a: Toxapex|56/100
|-unboost|p1a: King Von|def|1
|
|-weather|Sandstorm|[upkeep]
|-damage|p2a: Toxapex|50/100|[from] Sandstorm
|-damage|p1a: King Von|12/100|[from] Sandstorm
|upkeep
|turn|14
|
|t:|1769441760
|switch|p2a: Tyranitar|Tyranitar, M, shiny|49/100
|move|p1a: King Von|Expanding Force|p2a: Tyranitar
|-immune|p2a: Tyranitar
|
|-weather|none
|upkeep
|turn|15
|
|t:|1769441769
|move|p1a: King Von|Focus Blast|p2a: Tyranitar|[miss]
|-miss|p1a: King Von|p2a: Tyranitar
|move|p2a: Tyranitar|Ice Punch|p1a: King Von
|-damage|p1a: King Von|0 fnt
|faint|p1a: King Von
|
|upkeep
|
|t:|1769441774
|switch|p1a: Subaru|Indeedee, M, shiny|100/100
|-damage|p1a: Subaru|88/100|[from] Stealth Rock
|-fieldstart|move: Psychic Terrain|[from] ability: Psychic Surge|[of] p1a: Subaru
|turn|16
|
|t:|1769441783
|move|p2a: Tyranitar|Knock Off|p1a: Subaru
|-supereffective|p1a: Subaru
|-damage|p1a: Subaru|0 fnt
|-enditem|p1a: Subaru|Terrain Extender|[from] move: Knock Off|[of] p2a: Tyranitar
|faint|p1a: Subaru
|
|-fieldend|move: Trick Room
|upkeep
|
|t:|1769441785
|switch|p1a: Satella|Hatterene, F, shiny|100/100
|-damage|p1a: Satella|88/100|[from] Stealth Rock
|turn|17
|
|t:|1769441789
|move|p2a: Tyranitar|Knock Off|p1a: Satella
|-damage|p1a: Satella|24/100
|-enditem|p1a: Satella|Life Orb|[from] move: Knock Off|[of] p2a: Tyranitar
|move|p1a: Satella|Draining Kiss|p2a: Tyranitar
|-supereffective|p2a: Tyranitar
|-damage|p2a: Tyranitar|0 fnt
|-heal|p1a: Satella|63/100|[from] drain|[of] p2a: Tyranitar
|faint|p2a: Tyranitar
|
|upkeep
|
|t:|1769441798
|switch|p2a: Iron Valiant|Iron Valiant, shiny|100/100
|turn|18
|
|t:|1769441807
|-terastallize|p2a: Iron Valiant|Ghost
|move|p2a: Iron Valiant|Shadow Ball|p1a: Satella
|-supereffective|p1a: Satella
|-damage|p1a: Satella|0 fnt
|faint|p1a: Satella
|
|upkeep
|
|t:|1769441813
|switch|p1a: Crashout YN|Ursaluna, F, shiny|100/100
|-damage|p1a: Crashout YN|94/100|[from] Stealth Rock
|turn|19
|
|t:|1769441816
|-end|p2a: Iron Valiant|Quark Drive|[silent]
|switch|p2a: Toxapex|Toxapex, M, shiny|83/100
|move|p1a: Crashout YN|Facade|p2a: Toxapex
|-damage|p2a: Toxapex|53/100
|
|-status|p1a: Crashout YN|brn|[from] item: Flame Orb
|upkeep
|turn|20
|
|t:|1769441822
|move|p1a: Crashout YN|Facade|p2a: Toxapex
|-damage|p2a: Toxapex|0 fnt
|faint|p2a: Toxapex
|
|-damage|p1a: Crashout YN|88/100 brn|[from] brn
|upkeep
|
|t:|1769441830
|switch|p2a: Iron Valiant|Iron Valiant, shiny, tera:Ghost|100/100
|turn|21
|
|t:|1769441836
|move|p2a: Iron Valiant|Moonblast|p1a: Crashout YN
|-damage|p1a: Crashout YN|30/100 brn
|move|p1a: Crashout YN|Headlong Rush|p2a: Iron Valiant
|-damage|p2a: Iron Valiant|0 fnt
|-unboost|p1a: Crashout YN|def|1
|-unboost|p1a: Crashout YN|spd|1
|faint|p2a: Iron Valiant
|-end|p2a: Iron Valiant|Quark Drive|[silent]
|
|-damage|p1a: Crashout YN|24/100 brn|[from] brn
|upkeep
|
|t:|1769441843
|switch|p2a: Excadrill|Excadrill, M, shiny|31/100
|turn|22
|
|t:|1769441845
|move|p2a: Excadrill|Earthquake|p1a: Crashout YN
|-crit|p1a: Crashout YN
|-damage|p1a: Crashout YN|0 fnt
|faint|p1a: Crashout YN
|
|win|aquagoboom
|raw|lsb_0's rating: 1488 &rarr; <strong>1470</strong><br />(-18 for losing)
|raw|aquagoboom's rating: 1528 &rarr; <strong>1546</strong><br />(+18 for winning)
|c|☆aquagoboom|Gg
|l|☆aquagoboom
|player|p2|
|l|☆lsb_0
|player|p1|
