|j|‽testingolem
|j|☆Anorak0770
|t:|1769323747
|gametype|singles
|player|p1|testingolem|scientist-gen4dp|1370
|player|p2|Anorak0770|ethan|1403
|gen|9
|tier|[Gen 9] OU
|rated|
|rule|HP Percentage Mod: HP is shown in percentages
|rule|Endless Battle Clause: Forcing endless battles is banned
|rule|Species Clause: Limit one of each Pokémon
|rule|OHKO Clause: OHKO moves are banned
|rule|Evasion Items Clause: Evasion items are banned
|rule|Evasion Moves Clause: Evasion moves are banned
|rule|Evasion Abilities Clause: Evasion abilities are banned
|rule|Sleep Moves Clause: Sleep-inducing moves are banned
|clearpoke
|poke|p1|Golem-Alola, M|
|poke|p1|Gliscor, M|
|poke|p1|Heatran, F|
|poke|p1|Tornadus-Therian, M|
|poke|p1|Kyurem|
|poke|p1|Quaquaval, M|
|poke|p2|Tyranitar, M|
|poke|p2|Great Tusk|
|poke|p2|Cinderace, F|
|poke|p2|Dragapult, M|
|poke|p2|Alomomola, M|
|poke|p2|Corviknight, F|
|teampreview
|inactive|Battle timer is ON: inactive players will automatically lose when time's up. (requested by Anorak0770)
|
|t:|1769323765
|teamsize|p1|6
|teamsize|p2|6
|start
|switch|p1a: Tornadus|Tornadus-Therian, M|100/100
|switch|p2a: Tyranitar|Tyranitar, M|100/100
|-weather|Sandstorm|[from] ability: Sand Stream|[of] p2a: Tyranitar
|turn|1
|
|t:|1769323779
|switch|p2a: Corviknight|Corviknight, F|100/100
|-ability|p2a: Corviknight|Pressure
|move|p1a: Tornadus|U-turn|p2a: Corviknight
|-resisted|p2a: Corviknight
|-damage|p2a: Corviknight|98/100
|-damage|p1a: Tornadus|84/100|[from] item: Rocky Helmet|[of] p2a: Corviknight
|
|t:|1769323783
|switch|p1a: Heatran|Heatran, F|100/100|[from] U-turn
|
|-weather|Sandstorm|[upkeep]
|upkeep
|turn|2
|
|t:|1769323799
|switch|p2a: Alomomola|Alomomola, M|100/100
|move|p1a: Heatran|Magma Storm|p2a: Alomomola
|-resisted|p2a: Alomomola
|-damage|p2a: Alomomola|89/100
|-activate|p2a: Alomomola|move: Magma Storm|[of] p1a: Heatran
|
|-weather|Sandstorm|[upkeep]
|-damage|p2a: Alomomola|83/100|[from] Sandstorm
|-damage|p2a: Alomomola|71/100|[from] move: Magma Storm|[partiallytrapped]
|upkeep
|turn|3
|
|t:|1769323802
|move|p1a: Heatran|Taunt|p2a: Alomomola
|-start|p2a: Alomomola|move: Taunt
|move|p2a: Alomomola|Flip Turn|p1a: Heatran
|-supereffective|p1a: Heatran
|-damage|p1a: Heatran|71/100
|
|t:|1769323804
|switch|p2a: Great Tusk|Great Tusk|100/100|[from] Flip Turn
|
|-weather|Sandstorm|[upkeep]
|-heal|p1a: Heatran|77/100|[from] item: Leftovers
|upkeep
|turn|4
|
|t:|1769323806
|move|p1a: Heatran|Protect|p1a: Heatran
|-singleturn|p1a: Heatran|Protect
|move|p2a: Great Tusk|Stealth Rock|p1a: Heatran
|-sidestart|p1: testingolem|move: Stealth Rock
|
|-weather|Sandstorm|[upkeep]
|-heal|p1a: Heatran|83/100|[from] item: Leftovers
|upkeep
|turn|5
|
|t:|1769323809
|-terastallize|p1a: Heatran|Flying
|move|p2a: Great Tusk|Headlong Rush|p1a: Heatran
|-immune|p1a: Heatran
|move|p1a: Heatran|Magma Storm|p2a: Great Tusk|[miss]
|-miss|p1a: Heatran|p2a: Great Tusk
|
|-weather|none
|-heal|p1a: Heatran|90/100|[from] item: Leftovers
|upkeep
|turn|6
|
|t:|1769323818
|-end|p2a: Great Tusk|Protosynthesis|[silent]
|switch|p2a: Tyranitar|Tyranitar, M|100/100
|-weather|Sandstorm|[from] ability: Sand Stream|[of] p2a: Tyranitar
|move|p1a: Heatran|Magma Storm|p2a: Tyranitar
|-resisted|p2a: Tyranitar
|-damage|p2a: Tyranitar|86/100
|-activate|p2a: Tyranitar|move: Magma Storm|[of] p1a: Heatran
|
|-weather|Sandstorm|[upkeep]
|-damage|p1a: Heatran|83/100|[from] Sandstorm
|-heal|p1a: Heatran|90/100|[from] item: Leftovers
|-damage|p2a: Tyranitar|73/100|[from] move: Magma Storm|[partiallytrapped]
|upkeep
|turn|7
|
|t:|1769323821
|move|p1a: Heatran|Protect|p1a: Heatran
|-singleturn|p1a: Heatran|Protect
|move|p2a: Tyranitar|Stone Edge|p1a: Heatran
|-activate|p1a: Heatran|move: Protect
|
|-weather|Sandstorm|[upkeep]
|-damage|p1a: Heatran|83/100|[from] Sandstorm
|-heal|p1a: Heatran|90/100|[from] item: Leftovers
|-damage|p2a: Tyranitar|61/100|[from] move: Magma Storm|[partiallytrapped]
|upkeep
|turn|8
|
|t:|1769323825
|switch|p1a: Gliscor|Gliscor, M|100/100
|-damage|p1a: Gliscor|88/100|[from] Stealth Rock
|move|p2a: Tyranitar|Stone Edge|p1a: Gliscor
|-damage|p1a: Gliscor|16/100
|
|-weather|Sandstorm|[upkeep]
|-end|p2a: Tyranitar|Magma Storm|[partiallytrapped]|[silent]
|-status|p1a: Gliscor|tox|[from] item: Toxic Orb
|upkeep
|turn|9
|
|t:|1769323829
|move|p1a: Gliscor|Protect|p1a: Gliscor
|-singleturn|p1a: Gliscor|Protect
|move|p2a: Tyranitar|Stone Edge|p1a: Gliscor
|-activate|p1a: Gliscor|move: Protect
|
|-weather|Sandstorm|[upkeep]
|-heal|p1a: Gliscor|28/100 tox|[from] ability: Poison Heal
|upkeep
|turn|10
|
|t:|1769323835
|move|p1a: Gliscor|U-turn|p2a: Tyranitar
|-supereffective|p2a: Tyranitar
|-damage|p2a: Tyranitar|32/100
|
|t:|1769323839
|switch|p1a: Quaquaval|Quaquaval, M|100/100|[from] U-turn
|move|p2a: Tyranitar|Stone Edge|p1a: Quaquaval
|-resisted|p1a: Quaquaval
|-damage|p1a: Quaquaval|43/100
|
|-weather|none
|upkeep
|turn|11
|
|t:|1769323849
|move|p1a: Quaquaval|Rapid Spin|p2a: Tyranitar
|-resisted|p2a: Tyranitar
|-damage|p2a: Tyranitar|24/100
|-boost|p1a: Quaquaval|spe|1
|-sideend|p1: testingolem|Stealth Rock|[from] move: Rapid Spin|[of] p1a: Quaquaval
|move|p2a: Tyranitar|Stone Edge|p1a: Quaquaval|[miss]
|-miss|p2a: Tyranitar|p1a: Quaquaval
|
|upkeep
|turn|12
|
|t:|1769323857
|switch|p1a: Heatran|Heatran, F, tera:Flying|90/100
|switch|p2a: Corviknight|Corviknight, F|98/100
|-ability|p2a: Corviknight|Pressure
|
|-heal|p1a: Heatran|96/100|[from] item: Leftovers
|upkeep
|turn|13
|
|t:|1769323864
|switch|p2a: Cinderace|Cinderace, F|100/100
|move|p1a: Heatran|Magma Storm|p2a: Cinderace
|-resisted|p2a: Cinderace
|-damage|p2a: Cinderace|69/100
|-activate|p2a: Cinderace|move: Magma Storm|[of] p1a: Heatran
|
|-heal|p1a: Heatran|100/100|[from] item: Leftovers
|-damage|p2a: Cinderace|56/100|[from] move: Magma Storm|[partiallytrapped]
|upkeep
|turn|14
|
|t:|1769323870
|move|p1a: Heatran|Protect|p1a: Heatran
|-singleturn|p1a: Heatran|Protect
|move|p2a: Cinderace|U-turn|p1a: Heatran
|-start|p2a: Cinderace|typechange|Bug|[from] ability: Libero
|-activate|p1a: Heatran|move: Protect
|
|-damage|p2a: Cinderace|44/100|[from] move: Magma Storm|[partiallytrapped]
|upkeep
|turn|15
|
|t:|1769323873
|move|p2a: Cinderace|U-turn|p1a: Heatran
|-resisted|p1a: Heatran
|-damage|p1a: Heatran|87/100
|
|t:|1769323875
|switch|p2a: Alomomola|Alomomola, M|100/100|[from] U-turn
|move|p1a: Heatran|Magma Storm|p2a: Alomomola|[miss]
|-miss|p1a: Heatran|p2a: Alomomola
|
|-heal|p1a: Heatran|93/100|[from] item: Leftovers
|upkeep
|turn|16
|
|t:|1769323882
|move|p1a: Heatran|Protect|p1a: Heatran
|-singleturn|p1a: Heatran|Protect
|move|p2a: Alomomola|Flip Turn|p1a: Heatran
|-activate|p1a: Heatran|move: Protect
|
|-heal|p1a: Heatran|99/100|[from] item: Leftovers
|upkeep
|turn|17
|
|t:|1769323886
|switch|p1a: Tornadus|Tornadus-Therian, M|100/100
|move|p2a: Alomomola|Scald|p1a: Tornadus
|-damage|p1a: Tornadus|82/100
|
|upkeep
|turn|18
|
|t:|1769323889
|move|p1a: Tornadus|Nasty Plot|p1a: Tornadus
|-boost|p1a: Tornadus|spa|2
|move|p2a: Alomomola|Mirror Coat||[still]
|-fail|p2a: Alomomola
|
|upkeep
|turn|19
|
|t:|1769323893
|move|p1a: Tornadus|Nasty Plot|p1a: Tornadus
|-boost|p1a: Tornadus|spa|2
|move|p2a: Alomomola|Body Slam|p1a: Tornadus
|-damage|p1a: Tornadus|60/100
|
|upkeep
|turn|20
|
|t:|1769323896
|move|p1a: Tornadus|Nasty Plot|p1a: Tornadus
|-boost|p1a: Tornadus|spa|2
|move|p2a: Alomomola|Body Slam|p1a: Tornadus
|-damage|p1a: Tornadus|39/100
|
|upkeep
|turn|21
|
|t:|1769323898
|move|p1a: Tornadus|Bleakwind Storm|p2a: Alomomola
|-damage|p2a: Alomomola|7/100
|-unboost|p2a: Alomomola|spe|1
|move|p2a: Alomomola|Mirror Coat|p1a: Tornadus
|-damage|p1a: Tornadus|0 fnt
|faint|p1a: Tornadus
|
|upkeep
|
|t:|1769323904
|switch|p1a: Kyurem|Kyurem|100/100
|-ability|p1a: Kyurem|Pressure
|turn|22
|
|t:|1769323915
|move|p1a: Kyurem|Freeze-Dry|p2a: Alomomola
|-supereffective|p2a: Alomomola
|-damage|p2a: Alomomola|0 fnt
|faint|p2a: Alomomola
|
|upkeep
|
|t:|1769323918
|switch|p2a: Dragapult|Dragapult, M|100/100
|turn|23
|
|t:|1769323921
|switch|p1a: Heatran|Heatran, F, tera:Flying|99/100
|move|p2a: Dragapult|Draco Meteor|p1a: Heatran
|-damage|p1a: Heatran|31/100
|-unboost|p2a: Dragapult|spa|2
|
|-heal|p1a: Heatran|38/100|[from] item: Leftovers
|upkeep
|turn|24
|inactive|Anorak0770 has 120 seconds left.
|inactive|Anorak0770 has 90 seconds left.
|
|t:|1769323985
|switch|p2a: Cinderace|Cinderace, F|44/100
|move|p1a: Heatran|Protect||[still]
|-fail|p1a: Heatran
|
|-heal|p1a: Heatran|44/100|[from] item: Leftovers
|upkeep
|turn|25
|
|t:|1769323994
|move|p1a: Heatran|Protect|p1a: Heatran
|-singleturn|p1a: Heatran|Protect
|move|p2a: Cinderace|Sucker Punch||[still]
|-fail|p2a: Cinderace
|
|-heal|p1a: Heatran|50/100|[from] item: Leftovers
|upkeep
|turn|26
|
|t:|1769324002
|switch|p1a: Gliscor|Gliscor, M|28/100 tox
|move|p2a: Cinderace|Sucker Punch||[still]
|-fail|p2a: Cinderace
|
|-heal|p1a: Gliscor|41/100 tox|[from] ability: Poison Heal
|upkeep
|turn|27
|
|t:|1769324006
|switch|p2a: Dragapult|Dragapult, M|100/100
|move|p1a: Gliscor|Spikes|p2a: Dragapult
|-sidestart|p2: Anorak0770|Spikes
|
|-heal|p1a: Gliscor|53/100 tox|[from] ability: Poison Heal
|upkeep
|turn|28
|
|t:|1769324009
|move|p1a: Gliscor|Protect|p1a: Gliscor
|-singleturn|p1a: Gliscor|Protect
|move|p2a: Dragapult|Draco Meteor|p1a: Gliscor
|-activate|p1a: Gliscor|move: Protect
|
|-heal|p1a: Gliscor|66/100 tox|[from] ability: Poison Heal
|upkeep
|turn|29
|
|t:|1769324018
|move|p2a: Dragapult|Draco Meteor|p1a: Gliscor|[miss]
|-miss|p2a: Dragapult|p1a: Gliscor
|move|p1a: Gliscor|Knock Off|p2a: Dragapult
|-supereffective|p2a: Dragapult
|-damage|p2a: Dragapult|39/100
|-enditem|p2a: Dragapult|Choice Specs|[from] move: Knock Off|[of] p1a: Gliscor
|
|-heal|p1a: Gliscor|78/100 tox|[from] ability: Poison Heal
|upkeep
|turn|30
|
|t:|1769324025
|move|p2a: Dragapult|Shadow Ball|p1a: Gliscor
|-damage|p1a: Gliscor|50/100 tox
|move|p1a: Gliscor|Knock Off|p2a: Dragapult
|-supereffective|p2a: Dragapult
|-damage|p2a: Dragapult|0 fnt
|faint|p2a: Dragapult
|
|-heal|p1a: Gliscor|62/100 tox|[from] ability: Poison Heal
|upkeep
|
|t:|1769324029
|switch|p2a: Great Tusk|Great Tusk|100/100
|turn|31
|
|t:|1769324032
|move|p2a: Great Tusk|Ice Spinner|p1a: Gliscor
|-supereffective|p1a: Gliscor
|-damage|p1a: Gliscor|0 fnt
|faint|p1a: Gliscor
|
|upkeep
|
|t:|1769324034
|switch|p1a: Kyurem|Kyurem|100/100
|-ability|p1a: Kyurem|Pressure
|turn|32
|
|t:|1769324048
|-end|p2a: Great Tusk|Protosynthesis|[silent]
|switch|p2a: Cinderace|Cinderace, F|44/100
|move|p1a: Kyurem|Ice Beam|p2a: Cinderace
|-resisted|p2a: Cinderace
|-damage|p2a: Cinderace|0 fnt
|faint|p2a: Cinderace
|
|upkeep
|
|t:|1769324051
|switch|p2a: Corviknight|Corviknight, F|98/100
|-ability|p2a: Corviknight|Pressure
|turn|33
|
|t:|1769324057
|move|p1a: Kyurem|Ice Beam|p2a: Corviknight
|-damage|p2a: Corviknight|36/100
|move|p2a: Corviknight|Brave Bird|p1a: Kyurem
|-damage|p1a: Kyurem|66/100
|-damage|p2a: Corviknight|25/100|[from] Recoil
|
|upkeep
|turn|34
|
|t:|1769324059
|move|p1a: Kyurem|Ice Beam|p2a: Corviknight
|-damage|p2a: Corviknight|0 fnt
|faint|p2a: Corviknight
|
|upkeep
|
|t:|1769324065
|switch|p2a: Great Tusk|Great Tusk|100/100
|turn|35
|
|t:|1769324068
|-terastallize|p2a: Great Tusk|Steel
|move|p1a: Kyurem|Ice Beam|p2a: Great Tusk
|-resisted|p2a: Great Tusk
|-damage|p2a: Great Tusk|43/100
|move|p2a: Great Tusk|Rapid Spin|p1a: Kyurem
|-damage|p1a: Kyurem|50/100
|-boost|p2a: Great Tusk|spe|1
|-sideend|p2: Anorak0770|Spikes|[from] move: Rapid Spin|[of] p2a: Great Tusk
|
|upkeep
|turn|36
|
|t:|1769324077
|move|p2a: Great Tusk|Headlong Rush|p1a: Kyurem
|-damage|p1a: Kyurem|0 fnt
|-unboost|p2a: Great Tusk|def|1
|-unboost|p2a: Great Tusk|spd|1
|faint|p1a: Kyurem
|
|upkeep
|
|t:|1769324080
|switch|p1a: Golem|Golem-Alola, M|100/100
|turn|37
|
|t:|1769324083
|move|p2a: Great Tusk|Headlong Rush|p1a: Golem
|-supereffective|p1a: Golem
|-ability|p1a: Golem|Sturdy
|-damage|p1a: Golem|1/100
|-unboost|p2a: Great Tusk|def|1
|-unboost|p2a: Great Tusk|spd|1
|move|p1a: Golem|Supercell Slam|p2a: Great Tusk
|-damage|p2a: Great Tusk|0 fnt
|faint|p2a: Great Tusk
|-end|p2a: Great Tusk|Protosynthesis|[silent]
|
|upkeep
|
|t:|1769324087
|switch|p2a: Tyranitar|Tyranitar, M|24/100
|-weather|Sandstorm|[from] ability: Sand Stream|[of] p2a: Tyranitar
|turn|38
|
|t:|1769324091
|move|p2a: Tyranitar|Knock Off|p1a: Golem
|-damage|p1a: Golem|0 fnt
|-enditem|p1a: Golem|Heavy-Duty Boots|[from] move: Knock Off|[of] p2a: Tyranitar
|faint|p1a: Golem
|
|-weather|Sandstorm|[upkeep]
|upkeep
|
|t:|1769324095
|switch|p1a: Heatran|Heatran, F, tera:Flying|50/100
|turn|39
|
|t:|1769324096
|move|p1a: Heatran|Earth Power|p2a: Tyranitar
|-supereffective|p2a: Tyranitar
|-damage|p2a: Tyranitar|0 fnt
|faint|p2a: Tyranitar
|
|win|testingolem
|raw|testingolem's rating: 1370 &rarr; <strong>1392</strong><br />(+22 for winning)
|raw|Anorak0770's rating: 1403 &rarr; <strong>1381</strong><br />(-22 for losing)
|l|☆Anorak0770
|player|p2|
|l|‽testingolem
|player|p1|
