|j|☆MrOrby
|j|☆Mr.anythang
|t:|1769316406
|gametype|singles
|player|p1|MrOrby|169|1109
|player|p2|Mr.anythang|265|1147
|gen|9
|tier|[Gen 9] OU
|rated|
|rule|HP Percentage Mod: HP is shown in percentages
|rule|Endless Battle Clause: Forcing endless battles is banned
|rule|Species Clause: Limit one of each Pokémon
|rule|OHKO Clause: OHKO moves are banned
|rule|Evasion Items Clause: Evasion items are banned
|rule|Evasion Moves Clause: Evasion moves are banned
|rule|Evasion Abilities Clause: Evasion abilities are banned
|rule|Sleep Moves Clause: Sleep-inducing moves are banned
|clearpoke
|poke|p1|Latios, M|
|poke|p1|Ceruledge, F|
|poke|p1|Garchomp, F|
|poke|p1|Kingambit, F|
|poke|p1|Grimmsnarl, M|
|poke|p1|Gliscor, F|
|poke|p2|Gholdengo|
|poke|p2|Glimmora, F|
|poke|p2|Heatran, M|
|poke|p2|Great Tusk|
|poke|p2|Ogerpon-Wellspring, F|
|poke|p2|Dragonite, M|
|teampreview
|
|t:|1769316416
|teamsize|p1|6
|teamsize|p2|6
|start
|switch|p1a: Gliscor|Gliscor, F|100/100
|switch|p2a: Ogerpon|Ogerpon-Wellspring, F|100/100
|turn|1
|
|t:|1769316428
|move|p1a: Gliscor|Protect|p1a: Gliscor
|-singleturn|p1a: Gliscor|Protect
|move|p2a: Ogerpon|Ivy Cudgel|p1a: Gliscor|[anim] Ivy Cudgel Water
|-activate|p1a: Gliscor|move: Protect
|
|-status|p1a: Gliscor|tox|[from] item: Toxic Orb
|upkeep
|turn|2
|
|t:|1769316441
|move|p2a: Ogerpon|U-turn|p1a: Gliscor
|-resisted|p1a: Gliscor
|-damage|p1a: Gliscor|87/100 tox
|
|t:|1769316447
|switch|p2a: Great Tusk|Great Tusk|100/100|[from] U-turn
|-enditem|p2a: Great Tusk|Booster Energy
|-activate|p2a: Great Tusk|ability: Protosynthesis|[fromitem]
|-start|p2a: Great Tusk|protosynthesisatk
|move|p1a: Gliscor|Stealth Rock|p2a: Great Tusk
|-sidestart|p2: Mr.anythang|move: Stealth Rock
|
|-heal|p1a: Gliscor|99/100 tox|[from] ability: Poison Heal
|upkeep
|turn|3
|
|t:|1769316457
|move|p1a: Gliscor|Protect|p1a: Gliscor
|-singleturn|p1a: Gliscor|Protect
|move|p2a: Great Tusk|Rapid Spin|p1a: Gliscor
|-activate|p1a: Gliscor|move: Protect
|
|-heal|p1a: Gliscor|100/100 tox|[from] ability: Poison Heal
|upkeep
|turn|4
|
|t:|1769316468
|switch|p1a: zoro|Ceruledge, F|100/100
|move|p2a: Great Tusk|Ice Spinner|p1a: zoro
|-resisted|p1a: zoro
|-damage|p1a: zoro|65/100
|-ability|p1a: zoro|Weak Armor|boost
|-unboost|p1a: zoro|def|1
|-boost|p1a: zoro|spe|2
|
|upkeep
|turn|5
|
|t:|1769316503
|switch|p1a: blue aeroplane|Latios, M|100/100
|move|p2a: Great Tusk|Headlong Rush|p1a: blue aeroplane
|-immune|p1a: blue aeroplane|[from] ability: Levitate
|
|upkeep
|turn|6
|
|t:|1769316536
|move|p1a: blue aeroplane|Luster Purge|p2a: Great Tusk
|-supereffective|p2a: Great Tusk
|-damage|p2a: Great Tusk|0 fnt
|faint|p2a: Great Tusk
|-end|p2a: Great Tusk|Protosynthesis|[silent]
|
|upkeep
|
|t:|1769316542
|switch|p2a: Dragonite|Dragonite, M|100/100
|turn|7
|
|t:|1769316553
|move|p1a: blue aeroplane|Calm Mind|p1a: blue aeroplane
|-boost|p1a: blue aeroplane|spa|1
|-boost|p1a: blue aeroplane|spd|1
|move|p2a: Dragonite|Dragon Tail|p1a: blue aeroplane
|-supereffective|p1a: blue aeroplane
|-damage|p1a: blue aeroplane|2/100
|drag|p1a: hello|Grimmsnarl, M|100/100
|
|upkeep
|turn|8
|
|t:|1769316567
|move|p1a: hello|Reflect|p1a: hello
|-sidestart|p1: MrOrby|Reflect
|move|p2a: Dragonite|Dragon Tail|p1a: hello
|-immune|p1a: hello
|
|upkeep
|turn|9
|
|t:|1769316572
|move|p1a: hello|Light Screen|p1a: hello
|-sidestart|p1: MrOrby|move: Light Screen
|move|p2a: Dragonite|Dragon Tail|p1a: hello
|-immune|p1a: hello
|
|upkeep
|turn|10
|
|t:|1769316580
|move|p1a: hello|Parting Shot|p2a: Dragonite
|-unboost|p2a: Dragonite|atk|1
|-unboost|p2a: Dragonite|spa|1
|
|t:|1769316597
|switch|p1a: zoro|Ceruledge, F|65/100|[from] Parting Shot
|move|p2a: Dragonite|Earthquake|p1a: zoro
|-supereffective|p1a: zoro
|-damage|p1a: zoro|13/100
|-ability|p1a: zoro|Weak Armor|boost
|-unboost|p1a: zoro|def|1
|-boost|p1a: zoro|spe|2
|
|upkeep
|turn|11
|
|t:|1769316609
|move|p1a: zoro|Poltergeist|p2a: Dragonite
|-activate|p2a: Dragonite|move: Poltergeist|Heavy-Duty Boots
|-damage|p2a: Dragonite|73/100
|move|p2a: Dragonite|Dragon Tail|p1a: zoro|[miss]
|-miss|p2a: Dragonite|p1a: zoro
|
|upkeep
|turn|12
|
|t:|1769316620
|move|p1a: zoro|Poltergeist|p2a: Dragonite
|-activate|p2a: Dragonite|move: Poltergeist|Heavy-Duty Boots
|-damage|p2a: Dragonite|12/100
|move|p2a: Dragonite|Dragon Tail|p1a: zoro
|-damage|p1a: zoro|0 fnt
|faint|p1a: zoro
|
|upkeep
|
|t:|1769316631
|switch|p1a: king poopy|Kingambit, F|100/100
|-activate|p1a: king poopy|ability: Supreme Overlord
|-start|p1a: king poopy|fallen1|[silent]
|turn|13
|
|t:|1769316636
|move|p1a: king poopy|Sucker Punch|p2a: Dragonite
|-damage|p2a: Dragonite|0 fnt
|faint|p2a: Dragonite
|
|upkeep
|
|t:|1769316638
|switch|p2a: Heatran|Heatran, M|100/100
|-damage|p2a: Heatran|88/100|[from] Stealth Rock
|turn|14
|
|t:|1769316643
|-end|p1a: king poopy|fallen1|[silent]
|switch|p1a: blue aeroplane|Latios, M|2/100
|move|p2a: Heatran|Stealth Rock|p1a: blue aeroplane
|-sidestart|p1: MrOrby|move: Stealth Rock
|
|-heal|p2a: Heatran|94/100|[from] item: Leftovers
|upkeep
|turn|15
|
|t:|1769316657
|move|p1a: blue aeroplane|Draco Meteor|p2a: Heatran
|-resisted|p2a: Heatran
|-damage|p2a: Heatran|69/100
|-unboost|p1a: blue aeroplane|spa|2
|move|p2a: Heatran|Magma Storm|p1a: blue aeroplane
|-resisted|p1a: blue aeroplane
|-damage|p1a: blue aeroplane|0 fnt
|faint|p1a: blue aeroplane
|
|-heal|p2a: Heatran|75/100|[from] item: Leftovers
|-sideend|p1: MrOrby|Reflect
|upkeep
|
|t:|1769316667
|switch|p1a: hello|Grimmsnarl, M|100/100
|-damage|p1a: hello|88/100|[from] Stealth Rock
|turn|16
|
|t:|1769316678
|move|p1a: hello|Reflect|p1a: hello
|-sidestart|p1: MrOrby|Reflect
|move|p2a: Heatran|Taunt|p1a: hello
|-start|p1a: hello|move: Taunt
|
|-heal|p2a: Heatran|81/100|[from] item: Leftovers
|-sideend|p1: MrOrby|move: Light Screen
|upkeep
|turn|17
|
|t:|1769316688
|switch|p1a: Gliscor|Gliscor, F|100/100 tox
|-damage|p1a: Gliscor|88/100 tox|[from] Stealth Rock
|move|p2a: Heatran|Magma Storm|p1a: Gliscor
|-damage|p1a: Gliscor|41/100 tox
|-activate|p1a: Gliscor|move: Magma Storm|[of] p2a: Heatran
|
|-heal|p2a: Heatran|87/100|[from] item: Leftovers
|-heal|p1a: Gliscor|53/100 tox|[from] ability: Poison Heal
|-damage|p1a: Gliscor|41/100 tox|[from] move: Magma Storm|[partiallytrapped]
|upkeep
|turn|18
|
|t:|1769316699
|move|p1a: Gliscor|Knock Off|p2a: Heatran
|-damage|p2a: Heatran|70/100
|-enditem|p2a: Heatran|Leftovers|[from] move: Knock Off|[of] p1a: Gliscor
|move|p2a: Heatran|Magma Storm|p1a: Gliscor
|-damage|p1a: Gliscor|0 fnt
|faint|p1a: Gliscor
|
|upkeep
|
|t:|1769316708
|switch|p1a: tiny wings|Garchomp, F|100/100
|-damage|p1a: tiny wings|94/100|[from] Stealth Rock
|turn|19
|
|t:|1769316719
|switch|p2a: Glimmora|Glimmora, F|100/100
|-damage|p2a: Glimmora|88/100|[from] Stealth Rock
|move|p1a: tiny wings|Earthquake|p2a: Glimmora
|-supereffective|p2a: Glimmora
|-damage|p2a: Glimmora|0 fnt
|-activate|p2a: Glimmora|ability: Toxic Debris
|-sidestart|p1: MrOrby|move: Toxic Spikes
|faint|p2a: Glimmora
|
|upkeep
|
|t:|1769316727
|switch|p2a: Ogerpon|Ogerpon-Wellspring, F|100/100
|-damage|p2a: Ogerpon|88/100|[from] Stealth Rock
|turn|20
|
|t:|1769316736
|move|p2a: Ogerpon|Ivy Cudgel|p1a: tiny wings|[anim] Ivy Cudgel Water
|-damage|p1a: tiny wings|67/100
|move|p1a: tiny wings|Scale Shot|p2a: Ogerpon
|-damage|p2a: Ogerpon|72/100
|-damage|p2a: Ogerpon|54/100
|-damage|p2a: Ogerpon|37/100
|-damage|p2a: Ogerpon|18/100
|-damage|p2a: Ogerpon|2/100
|-hitcount|p2a: Ogerpon|5
|-unboost|p1a: tiny wings|def|1
|-boost|p1a: tiny wings|spe|1
|
|upkeep
|turn|21
|
|t:|1769316753
|move|p1a: tiny wings|Liquidation|p2a: Ogerpon
|-heal|p2a: Ogerpon|27/100|[from] ability: Water Absorb|[of] p1a: tiny wings
|move|p2a: Ogerpon|Ivy Cudgel|p1a: tiny wings|[anim] Ivy Cudgel Water
|-damage|p1a: tiny wings|28/100
|
|upkeep
|turn|22
|
|t:|1769316766
|move|p1a: tiny wings|Scale Shot|p2a: Ogerpon
|-damage|p2a: Ogerpon|10/100
|-damage|p2a: Ogerpon|0 fnt
|faint|p2a: Ogerpon
|-hitcount|p2: Ogerpon|2
|-unboost|p1a: tiny wings|def|1
|-boost|p1a: tiny wings|spe|1
|
|upkeep
|
|t:|1769316773
|switch|p2a: Heatran|Heatran, M|70/100
|-damage|p2a: Heatran|58/100|[from] Stealth Rock
|turn|23
|
|t:|1769316780
|-terastallize|p1a: tiny wings|Water
|-terastallize|p2a: Heatran|Grass
|move|p1a: tiny wings|Liquidation|p2a: Heatran
|-resisted|p2a: Heatran
|-damage|p2a: Heatran|41/100
|move|p2a: Heatran|Magma Storm|p1a: tiny wings
|-resisted|p1a: tiny wings
|-damage|p1a: tiny wings|3/100
|-activate|p1a: tiny wings|move: Magma Storm|[of] p2a: Heatran
|
|-damage|p1a: tiny wings|0 fnt|[from] move: Magma Storm|[partiallytrapped]
|faint|p1a: tiny wings
|-sideend|p1: MrOrby|Reflect
|upkeep
|
|t:|1769316794
|switch|p1a: hello|Grimmsnarl, M|88/100
|-damage|p1a: hello|76/100|[from] Stealth Rock
|-status|p1a: hello|psn
|turn|24
|
|t:|1769316800
|move|p1a: hello|Taunt|p2a: Heatran
|-start|p2a: Heatran|move: Taunt
|cant|p2a: Heatran|move: Taunt|Taunt
|
|-damage|p1a: hello|63/100 psn|[from] psn
|upkeep
|turn|25
|
|t:|1769316809
|move|p1a: hello|Light Screen|p1a: hello
|-sidestart|p1: MrOrby|move: Light Screen
|move|p2a: Heatran|Magma Storm|p1a: hello
|-damage|p1a: hello|41/100 psn
|-activate|p1a: hello|move: Magma Storm|[of] p2a: Heatran
|
|-damage|p1a: hello|28/100 psn|[from] psn
|-damage|p1a: hello|16/100 psn|[from] move: Magma Storm|[partiallytrapped]
|upkeep
|turn|26
|
|t:|1769316816
|move|p1a: hello|Parting Shot|p2a: Heatran
|-unboost|p2a: Heatran|atk|1
|-unboost|p2a: Heatran|spa|1
|
|t:|1769316822
|switch|p1a: king poopy|Kingambit, F|100/100|[from] Parting Shot
|-damage|p1a: king poopy|94/100|[from] Stealth Rock
|-activate|p1a: king poopy|ability: Supreme Overlord
|-start|p1a: king poopy|fallen4|[silent]
|move|p2a: Heatran|Magma Storm|p1a: king poopy
|-supereffective|p1a: king poopy
|-damage|p1a: king poopy|72/100
|-activate|p1a: king poopy|move: Magma Storm|[of] p2a: Heatran
|
|-damage|p1a: king poopy|60/100|[from] move: Magma Storm|[partiallytrapped]
|-end|p2a: Heatran|move: Taunt
|upkeep
|turn|27
|
|t:|1769316836
|move|p1a: king poopy|Sucker Punch|p2a: Heatran
|-damage|p2a: Heatran|0 fnt
|faint|p2a: Heatran
|
|-end|p1a: king poopy|Magma Storm|[partiallytrapped]|[silent]
|upkeep
|inactive|Battle timer is ON: inactive players will automatically lose when time's up. (requested by MrOrby)
|
|t:|1769316858
|switch|p2a: Gholdengo|Gholdengo|100/100
|-damage|p2a: Gholdengo|94/100|[from] Stealth Rock
|turn|28
|
|t:|1769316875
|move|p2a: Gholdengo|Thunderbolt|p1a: king poopy
|-damage|p1a: king poopy|45/100
|move|p1a: king poopy|Kowtow Cleave|p2a: Gholdengo
|-supereffective|p2a: Gholdengo
|-damage|p2a: Gholdengo|0 fnt
|faint|p2a: Gholdengo
|
|win|MrOrby
|raw|MrOrby's rating: 1109 &rarr; <strong>1137</strong><br />(+28 for winning)
|raw|Mr.anythang's rating: 1147 &rarr; <strong>1119</strong><br />(-28 for losing)
|l|☆Mr.anythang
|player|p2|
