|inactive|Battle timer is ON: inactive players will automatically lose when time's up.
|t:|1769332460
|gametype|singles
|player|p1|Truthankamon|alder|
|player|p2|Zerotwo big|266|
|gen|9
|tier|[Gen 9] OU
|rule|HP Percentage Mod: HP is shown in percentages
|rule|Endless Battle Clause: Forcing endless battles is banned
|rule|Species Clause: Limit one of each Pokémon
|rule|OHKO Clause: OHKO moves are banned
|rule|Evasion Items Clause: Evasion items are banned
|rule|Evasion Moves Clause: Evasion moves are banned
|rule|Evasion Abilities Clause: Evasion abilities are banned
|rule|Sleep Moves Clause: Sleep-inducing moves are banned
|clearpoke
|poke|p1|Iron Moth|
|poke|p1|Ting-Lu|
|poke|p1|Torkoal, F|
|poke|p1|Walking Wake|
|poke|p1|Great Tusk|
|poke|p1|Slither Wing|
|poke|p2|Gliscor, F|
|poke|p2|Slowking-Galar, F|
|poke|p2|Cinderace, F|
|poke|p2|Kingambit, F|
|poke|p2|Hydrapple, M|
|poke|p2|Zamazenta-*|
|teampreview
|c|☆Zerotwo big|Hf
|c|☆Truthankamon|hf
|inactive|Truthankamon has 270 seconds left.
|inactive|Truthankamon has 240 seconds left.
|inactive|Truthankamon has 210 seconds left.
|
|t:|1769332567
|teamsize|p1|6
|teamsize|p2|6
|start
|switch|p1a: Great Tusk|Great Tusk|100/100
|switch|p2a: Slowking|Slowking-Galar, F|100/100
|turn|1
|
|t:|1769332585
|-end|p1a: Great Tusk|Protosynthesis|[silent]
|switch|p1a: Torkoal|Torkoal, F|100/100
|-weather|SunnyDay|[from] ability: Drought|[of] p1a: Torkoal
|switch|p2a: Hydrapple|Hydrapple, M|100/100
|
|-weather|SunnyDay|[upkeep]
|upkeep
|turn|2
|
|t:|1769332599
|switch|p1a: Slither Wing|Slither Wing|100/100
|-activate|p1a: Slither Wing|ability: Protosynthesis
|-start|p1a: Slither Wing|protosynthesisatk
|move|p2a: Hydrapple|Fickle Beam|p1a: Slither Wing
|-damage|p1a: Slither Wing|68/100
|
|-weather|SunnyDay|[upkeep]
|upkeep
|turn|3
|
|t:|1769332619
|move|p1a: Slither Wing|U-turn|p2a: Hydrapple
|-supereffective|p2a: Hydrapple
|-damage|p2a: Hydrapple|11/100
|
|t:|1769332631
|-end|p1a: Slither Wing|Protosynthesis|[silent]
|switch|p1a: Iron Moth|Iron Moth|100/100|[from] U-turn
|move|p2a: Hydrapple|Fickle Beam|p1a: Iron Moth|[anim] Fickle Beam All Out
|-activate|p2a: Hydrapple|move: Fickle Beam
|-damage|p1a: Iron Moth|31/100
|
|-weather|SunnyDay|[upkeep]
|upkeep
|turn|4
|
|t:|1769332641
|switch|p2a: Slowking|Slowking-Galar, F|100/100
|move|p1a: Iron Moth|Fiery Dance|p2a: Slowking
|-damage|p2a: Slowking|44/100
|-boost|p1a: Iron Moth|spa|1
|
|-weather|SunnyDay|[upkeep]
|upkeep
|turn|5
|inactive|Truthankamon has 270 seconds left.
|inactive|Zerotwo big has 270 seconds left.
|inactive|Truthankamon has 240 seconds left.
|
|t:|1769332686
|switch|p2a: Cinderace|Cinderace, F|100/100
|move|p1a: Iron Moth|Fiery Dance|p2a: Cinderace
|-resisted|p2a: Cinderace
|-damage|p2a: Cinderace|0 fnt
|-boost|p1a: Iron Moth|spa|1
|faint|p2a: Cinderace
|
|-weather|SunnyDay|[upkeep]
|upkeep
|inactive|Zerotwo big has 240 seconds left.
|
|t:|1769332717
|switch|p2a: Slowking|Slowking-Galar, F|77/100
|turn|6
|
|t:|1769332724
|-terastallize|p2a: Slowking|Water
|move|p1a: Iron Moth|Fiery Dance|p2a: Slowking
|-resisted|p2a: Slowking
|-damage|p2a: Slowking|18/100
|-prepare|p2a: Slowking|Chilly Reception|[premajor]
|move|p2a: Slowking|Chilly Reception|p2a: Slowking
|-weather|Snowscape
|inactive|Zerotwo big has 240 seconds left.
|
|t:|1769332736
|switch|p2a: Zamazenta|Zamazenta|100/100|[from] Chilly Reception
|-ability|p2a: Zamazenta|Dauntless Shield|boost
|-boost|p2a: Zamazenta|def|1
|
|-weather|Snowscape|[upkeep]
|upkeep
|turn|7
|inactive|Truthankamon has 240 seconds left.
|inactive|Zerotwo big has 240 seconds left.
|
|t:|1769332787
|-end|p1a: Iron Moth|Quark Drive|[silent]
|switch|p1a: Torkoal|Torkoal, F|100/100
|-weather|SunnyDay|[from] ability: Drought|[of] p1a: Torkoal
|move|p2a: Zamazenta|Iron Defense|p2a: Zamazenta
|-boost|p2a: Zamazenta|def|2
|
|-weather|SunnyDay|[upkeep]
|upkeep
|turn|8
|
|t:|1769332801
|move|p2a: Zamazenta|Body Press|p1a: Torkoal
|-damage|p1a: Torkoal|26/100
|move|p1a: Torkoal|Will-O-Wisp|p2a: Zamazenta
|-status|p2a: Zamazenta|brn
|
|-weather|SunnyDay|[upkeep]
|-damage|p2a: Zamazenta|94/100 brn|[from] brn
|upkeep
|turn|9
|inactive|Truthankamon has 210 seconds left.
|
|t:|1769332835
|switch|p1a: Walking Wake|Walking Wake|100/100
|-activate|p1a: Walking Wake|ability: Protosynthesis
|-start|p1a: Walking Wake|protosynthesisspe
|move|p2a: Zamazenta|Rest|p2a: Zamazenta
|-status|p2a: Zamazenta|slp|[from] move: Rest
|-heal|p2a: Zamazenta|100/100 slp|[silent]
|-enditem|p2a: Zamazenta|Chesto Berry|[eat]
|-curestatus|p2a: Zamazenta|slp|[msg]
|
|-weather|SunnyDay|[upkeep]
|upkeep
|turn|10
|inactive|Truthankamon has 180 seconds left.
|
|t:|1769332865
|-terastallize|p1a: Walking Wake|Water
|move|p1a: Walking Wake|Hydro Steam|p2a: Zamazenta
|-damage|p2a: Zamazenta|0 fnt
|faint|p2a: Zamazenta
|
|-weather|SunnyDay|[upkeep]
|upkeep
|
|t:|1769332872
|switch|p2a: Slowking|Slowking-Galar, F, tera:Water|52/100
|turn|11
|
|t:|1769332881
|move|p1a: Walking Wake|Hydro Steam|p2a: Slowking
|-resisted|p2a: Slowking
|-damage|p2a: Slowking|14/100
|-prepare|p2a: Slowking|Chilly Reception|[premajor]
|move|p2a: Slowking|Chilly Reception|p2a: Slowking
|-weather|Snowscape
|-end|p1a: Walking Wake|Protosynthesis
|
|t:|1769332885
|switch|p2a: Hydrapple|Hydrapple, M|44/100|[from] Chilly Reception
|
|-weather|Snowscape|[upkeep]
|upkeep
|turn|12
|
|t:|1769332895
|-end|p1a: Walking Wake|Protosynthesis|[silent]
|switch|p1a: Iron Moth|Iron Moth|31/100
|switch|p2a: Slowking|Slowking-Galar, F, tera:Water|47/100
|
|-weather|Snowscape|[upkeep]
|upkeep
|turn|13
|inactive|Zerotwo big has 270 seconds left.
|inactive|Truthankamon has 180 seconds left.
|
|t:|1769332921
|switch|p2a: Gliscor|Gliscor, F|100/100
|move|p1a: Iron Moth|Overheat|p2a: Gliscor
|-damage|p2a: Gliscor|0 fnt
|-unboost|p1a: Iron Moth|spa|2
|faint|p2a: Gliscor
|
|-weather|Snowscape|[upkeep]
|upkeep
|inactive|Zerotwo big has 270 seconds left.
|
|t:|1769332935
|switch|p2a: Kingambit|Kingambit, F|100/100
|-activate|p2a: Kingambit|ability: Supreme Overlord
|-start|p2a: Kingambit|fallen3|[silent]
|turn|14
|inactive|Truthankamon has 180 seconds left.
|
|t:|1769332950
|-end|p1a: Iron Moth|Quark Drive|[silent]
|switch|p1a: Great Tusk|Great Tusk|100/100
|move|p2a: Kingambit|Iron Head|p1a: Great Tusk
|-damage|p1a: Great Tusk|66/100
|
|-weather|Snowscape|[upkeep]
|upkeep
|turn|15
|inactive|Truthankamon has 180 seconds left.
|
|t:|1769332964
|-end|p2a: Kingambit|fallen3|[silent]
|switch|p2a: Hydrapple|Hydrapple, M|77/100
|move|p1a: Great Tusk|Bulk Up|p1a: Great Tusk
|-boost|p1a: Great Tusk|atk|1
|-boost|p1a: Great Tusk|def|1
|
|-weather|none
|upkeep
|turn|16
|
|t:|1769332970
|move|p1a: Great Tusk|Ice Spinner|p2a: Hydrapple
|-supereffective|p2a: Hydrapple
|-damage|p2a: Hydrapple|2/100
|move|p2a: Hydrapple|Giga Drain|p1a: Great Tusk
|-supereffective|p1a: Great Tusk
|-damage|p1a: Great Tusk|0 fnt
|-heal|p2a: Hydrapple|36/100|[from] drain|[of] p1a: Great Tusk
|faint|p1a: Great Tusk
|-end|p1a: Great Tusk|Protosynthesis|[silent]
|
|upkeep
|
|t:|1769332974
|switch|p1a: Slither Wing|Slither Wing|68/100
|turn|17
|
|t:|1769332978
|switch|p2a: Slowking|Slowking-Galar, F, tera:Water|80/100
|move|p1a: Slither Wing|U-turn|p2a: Slowking
|-damage|p2a: Slowking|16/100
|inactive|Truthankamon has 180 seconds left.
|
|t:|1769333008
|-end|p1a: Slither Wing|Protosynthesis|[silent]
|switch|p1a: Iron Moth|Iron Moth|31/100|[from] U-turn
|
|upkeep
|turn|18
|
|t:|1769333022
|move|p1a: Iron Moth|Fiery Dance|p2a: Slowking
|-resisted|p2a: Slowking
|-crit|p2a: Slowking
|-damage|p2a: Slowking|0 fnt
|-boost|p1a: Iron Moth|spa|1
|faint|p2a: Slowking
|
|upkeep
|
|t:|1769333025
|switch|p2a: Kingambit|Kingambit, F|100/100
|-activate|p2a: Kingambit|ability: Supreme Overlord
|-start|p2a: Kingambit|fallen4|[silent]
|turn|19
|
|t:|1769333045
|-end|p1a: Iron Moth|Quark Drive|[silent]
|switch|p1a: Torkoal|Torkoal, F|26/100
|-weather|SunnyDay|[from] ability: Drought|[of] p1a: Torkoal
|move|p2a: Kingambit|Sucker Punch||[still]
|-fail|p2a: Kingambit
|
|-weather|SunnyDay|[upkeep]
|upkeep
|turn|20
|
|t:|1769333049
|switch|p1a: Ting-Lu|Ting-Lu|100/100
|-ability|p1a: Ting-Lu|Vessel of Ruin
|move|p2a: Kingambit|Kowtow Cleave|p1a: Ting-Lu
|-resisted|p1a: Ting-Lu
|-damage|p1a: Ting-Lu|85/100
|-damage|p2a: Kingambit|84/100|[from] item: Rocky Helmet|[of] p1a: Ting-Lu
|
|-weather|SunnyDay|[upkeep]
|-heal|p2a: Kingambit|90/100|[from] item: Leftovers
|upkeep
|turn|21
|
|t:|1769333053
|move|p2a: Kingambit|Swords Dance|p2a: Kingambit
|-boost|p2a: Kingambit|atk|2
|move|p1a: Ting-Lu|Ruination|p2a: Kingambit
|-damage|p2a: Kingambit|45/100
|
|-weather|SunnyDay|[upkeep]
|-heal|p2a: Kingambit|51/100|[from] item: Leftovers
|upkeep
|turn|22
|inactive|Truthankamon has 210 seconds left.
|
|t:|1769333073
|switch|p1a: Walking Wake|Walking Wake, tera:Water|100/100
|-activate|p1a: Walking Wake|ability: Protosynthesis
|-start|p1a: Walking Wake|protosynthesisspe
|move|p2a: Kingambit|Iron Head|p1a: Walking Wake
|-resisted|p1a: Walking Wake
|-damage|p1a: Walking Wake|37/100
|
|-weather|SunnyDay|[upkeep]
|-heal|p2a: Kingambit|57/100|[from] item: Leftovers
|upkeep
|turn|23
|
|t:|1769333081
|move|p2a: Kingambit|Sucker Punch|p1a: Walking Wake
|-crit|p1a: Walking Wake
|-damage|p1a: Walking Wake|0 fnt
|faint|p1a: Walking Wake
|-end|p1a: Walking Wake|Protosynthesis|[silent]
|
|-weather|SunnyDay|[upkeep]
|-heal|p2a: Kingambit|63/100|[from] item: Leftovers
|upkeep
|
|t:|1769333084
|switch|p1a: Slither Wing|Slither Wing|68/100
|-activate|p1a: Slither Wing|ability: Protosynthesis
|-start|p1a: Slither Wing|protosynthesisatk
|turn|24
|
|t:|1769333088
|move|p1a: Slither Wing|First Impression|p2a: Kingambit
|-damage|p2a: Kingambit|0 fnt
|faint|p2a: Kingambit
|-end|p2a: Kingambit|fallen4|[silent]
|
|-weather|SunnyDay|[upkeep]
|upkeep
|
|t:|1769333092
|switch|p2a: Hydrapple|Hydrapple, M|69/100
|turn|25
|
|t:|1769333099
|-end|p1a: Slither Wing|Protosynthesis|[silent]
|switch|p1a: Iron Moth|Iron Moth|31/100
|move|p2a: Hydrapple|Earth Power|p1a: Iron Moth
|-supereffective|p1a: Iron Moth
|-damage|p1a: Iron Moth|0 fnt
|faint|p1a: Iron Moth
|-end|p1a: Iron Moth|Quark Drive|[silent]
|
|-weather|SunnyDay|[upkeep]
|upkeep
|
|t:|1769333102
|switch|p1a: Slither Wing|Slither Wing|68/100
|-activate|p1a: Slither Wing|ability: Protosynthesis
|-start|p1a: Slither Wing|protosynthesisatk
|turn|26
|inactive|Truthankamon has 240 seconds left.
|
|t:|1769333110
|move|p1a: Slither Wing|U-turn|p2a: Hydrapple
|-supereffective|p2a: Hydrapple
|-damage|p2a: Hydrapple|0 fnt
|faint|p2a: Hydrapple
|
|win|Truthankamon
|c|☆Zerotwo big|gg
|c|☆Truthankamon|gg
|c|☆Truthankamon|it's b03 right?
