|j|☆Sienna53
|j|☆CeIIardoor
|t:|1769354829
|gametype|singles
|player|p1|Sienna53|winona|1533
|player|p2|CeIIardoor|266|1564
|gen|9
|tier|[Gen 9] OU
|rated|
|rule|HP Percentage Mod: HP is shown in percentages
|rule|Endless Battle Clause: Forcing endless battles is banned
|rule|Species Clause: Limit one of each Pokémon
|rule|OHKO Clause: OHKO moves are banned
|rule|Evasion Items Clause: Evasion items are banned
|rule|Evasion Moves Clause: Evasion moves are banned
|rule|Evasion Abilities Clause: Evasion abilities are banned
|rule|Sleep Moves Clause: Sleep-inducing moves are banned
|clearpoke
|poke|p1|Kingambit, F|
|poke|p1|Tentacruel, F|
|poke|p1|Great Tusk|
|poke|p1|Lokix, M|
|poke|p1|Iron Moth|
|poke|p1|Primarina, F|
|poke|p2|Volcanion|
|poke|p2|Slowking-Galar, F|
|poke|p2|Zamazenta-*|
|poke|p2|Corviknight, F|
|poke|p2|Hatterene, F|
|poke|p2|Ting-Lu|
|teampreview
|inactive|Battle timer is ON: inactive players will automatically lose when time's up. (requested by CeIIardoor)
|
|t:|1769354860
|teamsize|p1|6
|teamsize|p2|6
|start
|switch|p1a: Lokix|Lokix, M|100/100
|switch|p2a: Volcanion|Volcanion|100/100
|turn|1
|
|t:|1769354865
|switch|p2a: Corviknight|Corviknight, F, shiny|100/100
|-ability|p2a: Corviknight|Pressure
|move|p1a: Lokix|U-turn|p2a: Corviknight
|-resisted|p2a: Corviknight
|-damage|p2a: Corviknight|85/100
|-damage|p1a: Lokix|84/100|[from] item: Rocky Helmet|[of] p2a: Corviknight
|
|t:|1769354873
|switch|p1a: Primarina|Primarina, F|100/100|[from] U-turn
|
|upkeep
|turn|2
|
|t:|1769354878
|switch|p2a: Slowking|Slowking-Galar, F, shiny|100/100
|move|p1a: Primarina|Whirlpool|p2a: Slowking
|-damage|p2a: Slowking|85/100
|-activate|p2a: Slowking|move: Whirlpool|[of] p1a: Primarina
|
|-heal|p2a: Slowking|91/100|[from] item: Black Sludge
|-damage|p2a: Slowking|79/100|[from] move: Whirlpool|[partiallytrapped]
|upkeep
|turn|3
|
|t:|1769354886
|move|p1a: Primarina|Surf|p2a: Slowking
|-damage|p2a: Slowking|38/100
|move|p2a: Slowking|Trick|p1a: Primarina
|-activate|p2a: Slowking|move: Trick|[of] p1a: Primarina
|-item|p1a: Primarina|Black Sludge|[from] move: Trick
|-item|p2a: Slowking|Assault Vest|[from] move: Trick
|
|-damage|p1a: Primarina|88/100|[from] item: Black Sludge
|-damage|p2a: Slowking|26/100|[from] move: Whirlpool|[partiallytrapped]
|upkeep
|turn|4
|
|t:|1769354894
|move|p1a: Primarina|Moonblast|p2a: Slowking
|-resisted|p2a: Slowking
|-damage|p2a: Slowking|12/100
|move|p2a: Slowking|Sludge Bomb|p1a: Primarina
|-supereffective|p1a: Primarina
|-damage|p1a: Primarina|19/100
|
|-damage|p1a: Primarina|6/100|[from] item: Black Sludge
|-damage|p2a: Slowking|0 fnt|[from] move: Whirlpool|[partiallytrapped]
|faint|p2a: Slowking
|upkeep
|
|t:|1769354902
|switch|p2a: Volcanion|Volcanion|100/100
|turn|5
|
|t:|1769354911
|move|p2a: Volcanion|Earth Power|p1a: Primarina
|-damage|p1a: Primarina|0 fnt
|faint|p1a: Primarina
|
|upkeep
|
|t:|1769354934
|switch|p1a: Great Tusk|Great Tusk|100/100
|-enditem|p1a: Great Tusk|Booster Energy
|-activate|p1a: Great Tusk|ability: Protosynthesis|[fromitem]
|-start|p1a: Great Tusk|protosynthesisatk
|turn|6
|
|t:|1769354939
|switch|p2a: Corviknight|Corviknight, F, shiny|85/100
|-ability|p2a: Corviknight|Pressure
|move|p1a: Great Tusk|Headlong Rush|p2a: Corviknight
|-immune|p2a: Corviknight
|
|upkeep
|turn|7
|
|t:|1769354954
|-end|p1a: Great Tusk|Protosynthesis|[silent]
|switch|p1a: Tentacruel|Tentacruel, F, shiny|100/100
|move|p2a: Corviknight|Iron Defense|p2a: Corviknight
|-boost|p2a: Corviknight|def|2
|
|upkeep
|turn|8
|
|t:|1769354958
|switch|p2a: Hatterene|Hatterene, F|100/100
|move|p1a: Tentacruel|Hydro Pump|p2a: Hatterene
|-damage|p2a: Hatterene|52/100
|
|upkeep
|turn|9
|
|t:|1769354972
|move|p1a: Tentacruel|Hydro Pump|p2a: Hatterene
|-damage|p2a: Hatterene|0 fnt
|faint|p2a: Hatterene
|
|upkeep
|
|t:|1769354976
|switch|p2a: Volcanion|Volcanion|100/100
|turn|10
|
|t:|1769354984
|switch|p1a: Kingambit|Kingambit, F|100/100
|-activate|p1a: Kingambit|ability: Supreme Overlord
|-start|p1a: Kingambit|fallen1|[silent]
|move|p2a: Volcanion|Earth Power|p1a: Kingambit
|-supereffective|p1a: Kingambit
|-damage|p1a: Kingambit|0 fnt
|faint|p1a: Kingambit
|-end|p1a: Kingambit|fallen1|[silent]
|
|upkeep
|
|t:|1769354994
|switch|p1a: Lokix|Lokix, M|84/100
|turn|11
|
|t:|1769354996
|switch|p2a: Corviknight|Corviknight, F, shiny|85/100
|-ability|p2a: Corviknight|Pressure
|move|p1a: Lokix|Knock Off|p2a: Corviknight
|-damage|p2a: Corviknight|43/100
|-damage|p1a: Lokix|67/100|[from] item: Rocky Helmet|[of] p2a: Corviknight
|-enditem|p2a: Corviknight|Rocky Helmet|[from] move: Knock Off|[of] p1a: Lokix
|
|upkeep
|turn|12
|
|t:|1769355006
|switch|p1a: Iron Moth|Iron Moth|100/100
|-enditem|p1a: Iron Moth|Booster Energy
|-activate|p1a: Iron Moth|ability: Quark Drive|[fromitem]
|-start|p1a: Iron Moth|quarkdrivespe
|move|p2a: Corviknight|Roost|p2a: Corviknight
|-heal|p2a: Corviknight|93/100
|-singleturn|p2a: Corviknight|move: Roost
|
|upkeep
|turn|13
|
|t:|1769355008
|switch|p2a: Ting-Lu|Ting-Lu|100/100
|-ability|p2a: Ting-Lu|Vessel of Ruin
|move|p1a: Iron Moth|Fiery Dance|p2a: Ting-Lu
|-damage|p2a: Ting-Lu|85/100
|-boost|p1a: Iron Moth|spa|1
|
|-heal|p2a: Ting-Lu|91/100|[from] item: Leftovers
|upkeep
|turn|14
|
|t:|1769355016
|-end|p1a: Iron Moth|Quark Drive|[silent]
|switch|p1a: Great Tusk|Great Tusk|100/100
|move|p2a: Ting-Lu|Earthquake|p1a: Great Tusk
|-damage|p1a: Great Tusk|75/100
|
|-heal|p2a: Ting-Lu|97/100|[from] item: Leftovers
|upkeep
|turn|15
|
|t:|1769355023
|switch|p2a: Corviknight|Corviknight, F, shiny|93/100
|-ability|p2a: Corviknight|Pressure
|move|p1a: Great Tusk|Ice Spinner|p2a: Corviknight
|-damage|p2a: Corviknight|77/100
|
|upkeep
|turn|16
|
|t:|1769355030
|-end|p1a: Great Tusk|Protosynthesis|[silent]
|switch|p1a: Tentacruel|Tentacruel, F, shiny|100/100
|switch|p2a: Volcanion|Volcanion|100/100
|
|upkeep
|turn|17
|
|t:|1769355039
|-terastallize|p2a: Volcanion|Ground
|move|p1a: Tentacruel|Sludge Wave|p2a: Volcanion
|-resisted|p2a: Volcanion
|-damage|p2a: Volcanion|76/100
|move|p2a: Volcanion|Earth Power|p1a: Tentacruel
|-supereffective|p1a: Tentacruel
|-damage|p1a: Tentacruel|0 fnt
|faint|p1a: Tentacruel
|
|upkeep
|
|t:|1769355049
|switch|p1a: Lokix|Lokix, M|67/100
|turn|18
|
|t:|1769355052
|switch|p2a: Corviknight|Corviknight, F, shiny|77/100
|-ability|p2a: Corviknight|Pressure
|move|p1a: Lokix|Knock Off|p2a: Corviknight
|-damage|p2a: Corviknight|51/100
|
|upkeep
|turn|19
|
|t:|1769355058
|switch|p1a: Iron Moth|Iron Moth|100/100
|move|p2a: Corviknight|Roost|p2a: Corviknight
|-heal|p2a: Corviknight|100/100
|-singleturn|p2a: Corviknight|move: Roost
|
|upkeep
|turn|20
|
|t:|1769355063
|switch|p2a: Ting-Lu|Ting-Lu|97/100
|-ability|p2a: Ting-Lu|Vessel of Ruin
|move|p1a: Iron Moth|Toxic Spikes|p2a: Ting-Lu
|-sidestart|p2: CeIIardoor|move: Toxic Spikes
|
|-heal|p2a: Ting-Lu|100/100|[from] item: Leftovers
|upkeep
|turn|21
|
|t:|1769355071
|-end|p1a: Iron Moth|Quark Drive|[silent]
|switch|p1a: Lokix|Lokix, M|67/100
|move|p2a: Ting-Lu|Earthquake|p1a: Lokix
|-resisted|p1a: Lokix
|-damage|p1a: Lokix|39/100
|
|upkeep
|turn|22
|
|t:|1769355078
|switch|p2a: Corviknight|Corviknight, F, shiny|100/100
|-ability|p2a: Corviknight|Pressure
|move|p1a: Lokix|U-turn|p2a: Corviknight
|-resisted|p2a: Corviknight
|-damage|p2a: Corviknight|86/100
|
|t:|1769355082
|switch|p1a: Iron Moth|Iron Moth|100/100|[from] U-turn
|
|upkeep
|turn|23
|
|t:|1769355084
|switch|p2a: Ting-Lu|Ting-Lu|100/100
|-status|p2a: Ting-Lu|psn
|-ability|p2a: Ting-Lu|Vessel of Ruin
|move|p1a: Iron Moth|Fiery Dance|p2a: Ting-Lu
|-damage|p2a: Ting-Lu|83/100 psn
|-boost|p1a: Iron Moth|spa|1
|
|-heal|p2a: Ting-Lu|89/100 psn|[from] item: Leftovers
|-damage|p2a: Ting-Lu|77/100 psn|[from] psn
|upkeep
|turn|24
|
|t:|1769355091
|-end|p1a: Iron Moth|Quark Drive|[silent]
|switch|p1a: Lokix|Lokix, M|39/100
|move|p2a: Ting-Lu|Rest|p2a: Ting-Lu
|-status|p2a: Ting-Lu|slp|[from] move: Rest
|-heal|p2a: Ting-Lu|100/100 slp|[silent]
|
|upkeep
|turn|25
|
|t:|1769355095
|switch|p2a: Corviknight|Corviknight, F, shiny|86/100
|-ability|p2a: Corviknight|Pressure
|move|p1a: Lokix|U-turn|p2a: Corviknight
|-resisted|p2a: Corviknight
|-damage|p2a: Corviknight|71/100
|
|t:|1769355098
|switch|p1a: Iron Moth|Iron Moth|100/100|[from] U-turn
|
|upkeep
|turn|26
|
|t:|1769355100
|switch|p2a: Ting-Lu|Ting-Lu|100/100 slp
|-ability|p2a: Ting-Lu|Vessel of Ruin
|move|p1a: Iron Moth|Fiery Dance|p2a: Ting-Lu
|-damage|p2a: Ting-Lu|83/100 slp
|
|-heal|p2a: Ting-Lu|89/100 slp|[from] item: Leftovers
|upkeep
|turn|27
|
|t:|1769355103
|move|p1a: Iron Moth|Fiery Dance|p2a: Ting-Lu
|-damage|p2a: Ting-Lu|73/100 slp
|-boost|p1a: Iron Moth|spa|1
|cant|p2a: Ting-Lu|slp
|move|p2a: Ting-Lu|Sleep Talk|p2a: Ting-Lu
|move|p2a: Ting-Lu|Earthquake|p1a: Iron Moth|[from] move: Sleep Talk
|-supereffective|p1a: Iron Moth
|-damage|p1a: Iron Moth|0 fnt
|faint|p1a: Iron Moth
|-end|p1a: Iron Moth|Quark Drive|[silent]
|
|-heal|p2a: Ting-Lu|79/100 slp|[from] item: Leftovers
|upkeep
|-message|Sienna53 forfeited.
|
|win|CeIIardoor
|raw|Sienna53's rating: 1533 &rarr; <strong>1515</strong><br />(-18 for losing)
|raw|CeIIardoor's rating: 1564 &rarr; <strong>1582</strong><br />(+18 for winning)
|l|☆Sienna53
|player|p1|
|l|☆CeIIardoor
|player|p2|
