|j|☆gleidXZ
|j|☆arroyofran2
|t:|1769353365
|gametype|singles
|player|p1|gleidXZ|cheren|1385
|player|p2|arroyofran2|fisherman|1427
|gen|9
|tier|[Gen 9] OU
|rated|
|rule|HP Percentage Mod: HP is shown in percentages
|rule|Endless Battle Clause: Forcing endless battles is banned
|rule|Species Clause: Limit one of each Pokémon
|rule|OHKO Clause: OHKO moves are banned
|rule|Evasion Items Clause: Evasion items are banned
|rule|Evasion Moves Clause: Evasion moves are banned
|rule|Evasion Abilities Clause: Evasion abilities are banned
|rule|Sleep Moves Clause: Sleep-inducing moves are banned
|clearpoke
|poke|p1|Tyranitar, M|
|poke|p1|Excadrill, F|
|poke|p1|Corviknight, F|
|poke|p1|Dragapult, F|
|poke|p1|Primarina, F|
|poke|p1|Zapdos|
|poke|p2|Politoed, F|
|poke|p2|Kilowattrel, M|
|poke|p2|Iron Crown|
|poke|p2|Rillaboom, F|
|poke|p2|Hawlucha, F|
|poke|p2|Landorus-Therian, M|
|teampreview
|inactive|Battle timer is ON: inactive players will automatically lose when time's up. (requested by gleidXZ)
|
|t:|1769353395
|teamsize|p1|6
|teamsize|p2|6
|start
|switch|p1a: Dragapult|Dragapult, F|100/100
|switch|p2a: Iron Crown|Iron Crown|100/100
|turn|1
|
|t:|1769353401
|move|p1a: Dragapult|U-turn|p2a: Iron Crown
|-damage|p2a: Iron Crown|81/100
|
|t:|1769353405
|switch|p1a: Zapdos|Zapdos|100/100|[from] U-turn
|move|p2a: Iron Crown|Tachyon Cutter|p1a: Zapdos
|-resisted|p1a: Zapdos
|-damage|p1a: Zapdos|89/100
|-resisted|p1a: Zapdos
|-damage|p1a: Zapdos|77/100
|-hitcount|p1a: Zapdos|2
|
|upkeep
|turn|2
|
|t:|1769353415
|move|p2a: Iron Crown|Future Sight|p1a: Zapdos
|-start|p2a: Iron Crown|move: Future Sight
|move|p1a: Zapdos|Hurricane|p2a: Iron Crown
|-resisted|p2a: Iron Crown
|-damage|p2a: Iron Crown|65/100
|
|upkeep
|turn|3
|
|t:|1769353422
|move|p2a: Iron Crown|Volt Switch|p1a: Zapdos
|-damage|p1a: Zapdos|52/100
|
|t:|1769353429
|-end|p2a: Iron Crown|Quark Drive|[silent]
|switch|p2a: Landorus|Landorus-Therian, M|100/100|[from] Volt Switch
|-ability|p2a: Landorus|Intimidate|boost
|-unboost|p1a: Zapdos|atk|1
|move|p1a: Zapdos|Volt Switch|p2a: Landorus
|-immune|p2a: Landorus
|
|upkeep
|turn|4
|
|t:|1769353435
|switch|p1a: Corviknight|Corviknight, F, shiny|100/100
|-ability|p1a: Corviknight|Pressure
|move|p2a: Landorus|Stealth Rock|p1a: Corviknight
|-sidestart|p1: gleidXZ|move: Stealth Rock
|
|-end|p1a: Corviknight|move: Future Sight
|-resisted|p1a: Corviknight
|-damage|p1a: Corviknight|70/100
|upkeep
|turn|5
|
|t:|1769353442
|move|p2a: Landorus|Taunt|p1a: Corviknight
|-start|p1a: Corviknight|move: Taunt
|cant|p1a: Corviknight|move: Taunt|Defog
|
|upkeep
|turn|6
|
|t:|1769353447
|move|p2a: Landorus|U-turn|p1a: Corviknight
|-resisted|p1a: Corviknight
|-damage|p1a: Corviknight|67/100
|-damage|p2a: Landorus|84/100|[from] item: Rocky Helmet|[of] p1a: Corviknight
|
|t:|1769353452
|switch|p2a: Kilowattrel|Kilowattrel, M, shiny|100/100|[from] U-turn
|move|p1a: Corviknight|U-turn|p2a: Kilowattrel
|-resisted|p2a: Kilowattrel
|-damage|p2a: Kilowattrel|87/100
|
|t:|1769353460
|switch|p1a: Tyranitar|Tyranitar, M|100/100|[from] U-turn
|-damage|p1a: Tyranitar|88/100|[from] Stealth Rock
|-weather|Sandstorm|[from] ability: Sand Stream|[of] p1a: Tyranitar
|
|-weather|Sandstorm|[upkeep]
|-damage|p2a: Kilowattrel|81/100|[from] Sandstorm
|upkeep
|turn|7
|
|t:|1769353467
|move|p2a: Kilowattrel|Volt Switch|p1a: Tyranitar
|-damage|p1a: Tyranitar|67/100
|
|t:|1769353472
|switch|p2a: Landorus|Landorus-Therian, M|84/100|[from] Volt Switch
|-ability|p2a: Landorus|Intimidate|boost
|-unboost|p1a: Tyranitar|atk|1
|move|p1a: Tyranitar|Knock Off|p2a: Landorus
|-damage|p2a: Landorus|55/100
|-damage|p1a: Tyranitar|51/100|[from] item: Rocky Helmet|[of] p2a: Landorus
|-enditem|p2a: Landorus|Rocky Helmet|[from] move: Knock Off|[of] p1a: Tyranitar
|
|-weather|Sandstorm|[upkeep]
|upkeep
|turn|8
|
|t:|1769353486
|-terastallize|p1a: Tyranitar|Ghost
|move|p2a: Landorus|U-turn|p1a: Tyranitar
|-resisted|p1a: Tyranitar
|-damage|p1a: Tyranitar|42/100
|
|t:|1769353495
|switch|p2a: Politoed|Politoed, F|100/100|[from] U-turn
|-weather|RainDance|[from] ability: Drizzle|[of] p2a: Politoed
|move|p1a: Tyranitar|Ice Beam|p2a: Politoed
|-resisted|p2a: Politoed
|-damage|p2a: Politoed|94/100
|
|-weather|RainDance|[upkeep]
|upkeep
|turn|9
|
|t:|1769353504
|move|p2a: Politoed|Weather Ball|p1a: Tyranitar
|-damage|p1a: Tyranitar|14/100
|move|p1a: Tyranitar|Knock Off|p2a: Politoed
|-damage|p2a: Politoed|64/100
|-enditem|p2a: Politoed|Damp Rock|[from] move: Knock Off|[of] p1a: Tyranitar
|
|-weather|RainDance|[upkeep]
|upkeep
|turn|10
|
|t:|1769353513
|switch|p1a: Corviknight|Corviknight, F, shiny|67/100
|-damage|p1a: Corviknight|54/100|[from] Stealth Rock
|-ability|p1a: Corviknight|Pressure
|move|p2a: Politoed|Weather Ball|p1a: Corviknight
|-damage|p1a: Corviknight|5/100
|
|-weather|RainDance|[upkeep]
|upkeep
|turn|11
|
|t:|1769353522
|move|p2a: Politoed|Weather Ball|p1a: Corviknight
|-damage|p1a: Corviknight|0 fnt
|faint|p1a: Corviknight
|
|-weather|RainDance|[upkeep]
|upkeep
|
|t:|1769353524
|switch|p1a: Dragapult|Dragapult, F|100/100
|-damage|p1a: Dragapult|88/100|[from] Stealth Rock
|turn|12
|
|t:|1769353530
|switch|p2a: Iron Crown|Iron Crown|65/100
|move|p1a: Dragapult|Draco Meteor|p2a: Iron Crown
|-resisted|p2a: Iron Crown
|-damage|p2a: Iron Crown|36/100
|-unboost|p1a: Dragapult|spa|2
|
|-weather|RainDance|[upkeep]
|upkeep
|turn|13
|
|t:|1769353542
|switch|p1a: Tyranitar|Tyranitar, M, tera:Ghost|14/100
|-damage|p1a: Tyranitar|1/100|[from] Stealth Rock
|-weather|Sandstorm|[from] ability: Sand Stream|[of] p1a: Tyranitar
|move|p2a: Iron Crown|Future Sight|p1a: Tyranitar
|-start|p2a: Iron Crown|move: Future Sight
|
|-weather|Sandstorm|[upkeep]
|-damage|p1a: Tyranitar|0 fnt|[from] Sandstorm
|faint|p1a: Tyranitar
|upkeep
|
|t:|1769353547
|switch|p1a: Excadrill|Excadrill, F|100/100
|-damage|p1a: Excadrill|97/100|[from] Stealth Rock
|-item|p1a: Excadrill|Air Balloon
|turn|14
|
|t:|1769353558
|move|p1a: Excadrill|Swords Dance|p1a: Excadrill
|-boost|p1a: Excadrill|atk|2
|move|p2a: Iron Crown|Tachyon Cutter|p1a: Excadrill
|-resisted|p1a: Excadrill
|-damage|p1a: Excadrill|81/100
|-enditem|p1a: Excadrill|Air Balloon
|-resisted|p1a: Excadrill
|-damage|p1a: Excadrill|64/100
|-hitcount|p1a: Excadrill|2
|
|-weather|Sandstorm|[upkeep]
|upkeep
|turn|15
|
|t:|1769353576
|move|p1a: Excadrill|Iron Head|p2a: Iron Crown
|-resisted|p2a: Iron Crown
|-damage|p2a: Iron Crown|0 fnt
|faint|p2a: Iron Crown
|-end|p2a: Iron Crown|Quark Drive|[silent]
|
|-weather|Sandstorm|[upkeep]
|-end|p1a: Excadrill|move: Future Sight
|-resisted|p1a: Excadrill
|-damage|p1a: Excadrill|24/100
|upkeep
|
|t:|1769353581
|switch|p2a: Rillaboom|Rillaboom, F|100/100
|-fieldstart|move: Grassy Terrain|[from] ability: Grassy Surge|[of] p2a: Rillaboom
|turn|16
|
|t:|1769353602
|switch|p1a: Zapdos|Zapdos|52/100
|move|p2a: Rillaboom|Grassy Glide|p1a: Zapdos
|-resisted|p1a: Zapdos
|-damage|p1a: Zapdos|34/100
|-damage|p2a: Rillaboom|91/100|[from] item: Life Orb
|
|-weather|Sandstorm|[upkeep]
|-damage|p1a: Zapdos|28/100|[from] Sandstorm
|-damage|p2a: Rillaboom|84/100|[from] Sandstorm
|-heal|p2a: Rillaboom|91/100|[from] Grassy Terrain
|upkeep
|turn|17
|
|t:|1769353626
|switch|p2a: Kilowattrel|Kilowattrel, M, shiny|81/100
|move|p1a: Zapdos|Hurricane|p2a: Kilowattrel|[miss]
|-miss|p1a: Zapdos|p2a: Kilowattrel
|
|-weather|Sandstorm|[upkeep]
|-damage|p2a: Kilowattrel|75/100|[from] Sandstorm
|-damage|p1a: Zapdos|22/100|[from] Sandstorm
|upkeep
|turn|18
|
|t:|1769353641
|move|p2a: Kilowattrel|Weather Ball|p1a: Zapdos
|-supereffective|p1a: Zapdos
|-damage|p1a: Zapdos|0 fnt
|faint|p1a: Zapdos
|
|-weather|Sandstorm|[upkeep]
|-damage|p2a: Kilowattrel|68/100|[from] Sandstorm
|upkeep
|
|t:|1769353647
|switch|p1a: Primarina|Primarina, F|100/100
|-damage|p1a: Primarina|88/100|[from] Stealth Rock
|turn|19
|
|t:|1769353654
|switch|p2a: Politoed|Politoed, F|64/100
|-weather|RainDance|[from] ability: Drizzle|[of] p2a: Politoed
|move|p1a: Primarina|Calm Mind|p1a: Primarina
|-boost|p1a: Primarina|spa|1
|-boost|p1a: Primarina|spd|1
|
|-weather|RainDance|[upkeep]
|-heal|p1a: Primarina|94/100|[from] Grassy Terrain
|-heal|p1a: Primarina|100/100|[from] item: Leftovers
|-heal|p2a: Politoed|70/100|[from] Grassy Terrain
|upkeep
|turn|20
|
|t:|1769353657
|move|p1a: Primarina|Substitute|p1a: Primarina
|-start|p1a: Primarina|Substitute
|-damage|p1a: Primarina|76/100
|move|p2a: Politoed|Haze|p2a: Politoed
|-clearallboost
|
|-weather|RainDance|[upkeep]
|-heal|p1a: Primarina|82/100|[from] Grassy Terrain
|-heal|p1a: Primarina|88/100|[from] item: Leftovers
|-heal|p2a: Politoed|76/100|[from] Grassy Terrain
|-fieldend|move: Grassy Terrain
|upkeep
|turn|21
|
|t:|1769353665
|move|p1a: Primarina|Calm Mind|p1a: Primarina
|-boost|p1a: Primarina|spa|1
|-boost|p1a: Primarina|spd|1
|move|p2a: Politoed|Encore|p1a: Primarina
|-start|p1a: Primarina|Encore
|
|-weather|RainDance|[upkeep]
|-heal|p1a: Primarina|94/100|[from] item: Leftovers
|upkeep
|turn|22
|
|t:|1769353670
|move|p1a: Primarina|Calm Mind|p1a: Primarina
|-boost|p1a: Primarina|spa|1
|-boost|p1a: Primarina|spd|1
|move|p2a: Politoed|Perish Song|p2a: Politoed
|-start|p1a: Primarina|perish3|[silent]
|-start|p2a: Politoed|perish3|[silent]
|-fieldactivate|move: Perish Song
|
|-weather|RainDance|[upkeep]
|-heal|p1a: Primarina|100/100|[from] item: Leftovers
|-start|p1a: Primarina|perish3
|-start|p2a: Politoed|perish3
|upkeep
|turn|23
|
|t:|1769353673
|move|p1a: Primarina|Calm Mind|p1a: Primarina
|-boost|p1a: Primarina|spa|1
|-boost|p1a: Primarina|spd|1
|move|p2a: Politoed|Haze|p2a: Politoed
|-clearallboost
|
|-weather|none
|-start|p1a: Primarina|perish2
|-start|p2a: Politoed|perish2
|upkeep
|turn|24
|-message|gleidXZ forfeited.
|
|win|arroyofran2
|raw|gleidXZ's rating: 1385 &rarr; <strong>1367</strong><br />(-18 for losing)
|raw|arroyofran2's rating: 1427 &rarr; <strong>1445</strong><br />(+18 for winning)
|l|☆gleidXZ
|player|p1|
