|j|☆kevinsuw
|j|☆Shalimarrrr
|t:|1769443881
|gametype|singles
|player|p1|kevinsuw|266|1335
|player|p2|Shalimarrrr|iono|1388
|gen|9
|tier|[Gen 9] OU
|rated|
|rule|HP Percentage Mod: HP is shown in percentages
|rule|Endless Battle Clause: Forcing endless battles is banned
|rule|Species Clause: Limit one of each Pokémon
|rule|OHKO Clause: OHKO moves are banned
|rule|Evasion Items Clause: Evasion items are banned
|rule|Evasion Moves Clause: Evasion moves are banned
|rule|Evasion Abilities Clause: Evasion abilities are banned
|rule|Sleep Moves Clause: Sleep-inducing moves are banned
|clearpoke
|poke|p1|Slowking-Galar, F|
|poke|p1|Tornadus-Therian, M|
|poke|p1|Hydrapple, F|
|poke|p1|Mienshao, M|
|poke|p1|Cyclizar, M|
|poke|p1|Alomomola, F|
|poke|p2|Walking Wake|
|poke|p2|Maushold|
|poke|p2|Azumarill, M|
|poke|p2|Kingambit, F|
|poke|p2|Dragapult, F|
|poke|p2|Great Tusk|
|teampreview
|inactive|Battle timer is ON: inactive players will automatically lose when time's up. (requested by Shalimarrrr)
|
|t:|1769443890
|teamsize|p1|6
|teamsize|p2|6
|start
|switch|p1a: Mienshao|Mienshao, M|100/100
|switch|p2a: Dragapult|Dragapult, F|100/100
|turn|1
|
|t:|1769443900
|move|p1a: Mienshao|Knock Off|p2a: Dragapult
|-supereffective|p2a: Dragapult
|-damage|p2a: Dragapult|4/100
|-enditem|p2a: Dragapult|Focus Sash|[from] move: Knock Off|[of] p1a: Mienshao
|move|p2a: Dragapult|Will-O-Wisp|p1a: Mienshao
|-status|p1a: Mienshao|brn
|
|-damage|p1a: Mienshao|94/100 brn|[from] brn
|upkeep
|turn|2
|
|t:|1769443908
|move|p1a: Mienshao|Knock Off|p2a: Dragapult
|-supereffective|p2a: Dragapult
|-damage|p2a: Dragapult|0 fnt
|faint|p2a: Dragapult
|
|-damage|p1a: Mienshao|88/100 brn|[from] brn
|upkeep
|
|t:|1769443911
|switch|p2a: Walking Wake|Walking Wake|100/100
|-enditem|p2a: Walking Wake|Booster Energy
|-activate|p2a: Walking Wake|ability: Protosynthesis|[fromitem]
|-start|p2a: Walking Wake|protosynthesisspa
|turn|3
|
|t:|1769443924
|switch|p1a: Slowking|Slowking-Galar, F|100/100
|move|p2a: Walking Wake|Agility|p2a: Walking Wake
|-boost|p2a: Walking Wake|spe|2
|
|upkeep
|turn|4
|
|t:|1769443931
|move|p2a: Walking Wake|Surf|p1a: Slowking
|-damage|p1a: Slowking|70/100
|move|p1a: Slowking|Sludge Bomb|p2a: Walking Wake
|-damage|p2a: Walking Wake|52/100
|-status|p2a: Walking Wake|psn
|
|-damage|p2a: Walking Wake|40/100 psn|[from] psn
|upkeep
|turn|5
|
|t:|1769443946
|switch|p1a: Alomomola|Alomomola, F|100/100
|move|p2a: Walking Wake|Surf|p1a: Alomomola
|-resisted|p1a: Alomomola
|-damage|p1a: Alomomola|66/100
|
|-damage|p2a: Walking Wake|28/100 psn|[from] psn
|upkeep
|turn|6
|
|t:|1769443954
|switch|p1a: Slowking|Slowking-Galar, F|100/100
|move|p2a: Walking Wake|Dragon Pulse|p1a: Slowking
|-damage|p1a: Slowking|71/100
|
|-damage|p2a: Walking Wake|15/100 psn|[from] psn
|upkeep
|turn|7
|
|t:|1769443966
|move|p2a: Walking Wake|Dragon Pulse|p1a: Slowking
|-damage|p1a: Slowking|42/100
|move|p1a: Slowking|Ice Beam|p2a: Walking Wake
|-damage|p2a: Walking Wake|0 fnt
|faint|p2a: Walking Wake
|-end|p2a: Walking Wake|Protosynthesis|[silent]
|
|upkeep
|
|t:|1769443973
|switch|p2a: Tandemauss|Maushold|100/100
|turn|8
|
|t:|1769443985
|move|p2a: Tandemauss|Population Bomb|p1a: Slowking
|-damage|p1a: Slowking|30/100
|-damage|p1a: Slowking|18/100
|-damage|p1a: Slowking|6/100
|-damage|p1a: Slowking|0 fnt
|faint|p1a: Slowking
|-hitcount|p1: Slowking|4
|
|upkeep
|
|t:|1769444006
|switch|p1a: Tornadus|Tornadus-Therian, M|100/100
|turn|9
|
|t:|1769444024
|-terastallize|p1a: Tornadus|Flying
|move|p1a: Tornadus|Air Slash|p2a: Tandemauss
|-damage|p2a: Tandemauss|0 fnt
|faint|p2a: Tandemauss
|
|upkeep
|
|t:|1769444031
|switch|p2a: Kingambit|Kingambit, F|100/100
|-activate|p2a: Kingambit|ability: Supreme Overlord
|-start|p2a: Kingambit|fallen3|[silent]
|turn|10
|
|t:|1769444041
|switch|p1a: Alomomola|Alomomola, F|99/100
|move|p2a: Kingambit|Swords Dance|p2a: Kingambit
|-boost|p2a: Kingambit|atk|2
|
|upkeep
|turn|11
|
|t:|1769444047
|move|p2a: Kingambit|Kowtow Cleave|p1a: Alomomola
|-damage|p1a: Alomomola|6/100
|-damage|p2a: Kingambit|84/100|[from] item: Rocky Helmet|[of] p1a: Alomomola
|move|p1a: Alomomola|Scald|p2a: Kingambit
|-damage|p2a: Kingambit|71/100
|
|upkeep
|turn|12
|
|t:|1769444056
|move|p2a: Kingambit|Kowtow Cleave|p1a: Alomomola
|-damage|p1a: Alomomola|0 fnt
|-damage|p2a: Kingambit|54/100|[from] item: Rocky Helmet|[of] p1a: Alomomola
|faint|p1a: Alomomola
|
|upkeep
|
|t:|1769444065
|switch|p1a: Mienshao|Mienshao, M|100/100 brn
|turn|13
|
|t:|1769444072
|move|p2a: Kingambit|Sucker Punch|p1a: Mienshao
|-resisted|p1a: Mienshao
|-damage|p1a: Mienshao|0 fnt
|faint|p1a: Mienshao
|
|upkeep
|
|t:|1769444086
|switch|p1a: Tornadus|Tornadus-Therian, M, tera:Flying|100/100
|turn|14
|
|t:|1769444091
|move|p2a: Kingambit|Sucker Punch|p1a: Tornadus
|-damage|p1a: Tornadus|0 fnt
|faint|p1a: Tornadus
|
|upkeep
|-message|kevinsuw forfeited.
|
|win|Shalimarrrr
|raw|kevinsuw's rating: 1335 &rarr; <strong>1318</strong><br />(-17 for losing)
|raw|Shalimarrrr's rating: 1388 &rarr; <strong>1405</strong><br />(+17 for winning)
|l|☆kevinsuw
|player|p1|
|l|☆Shalimarrrr
|player|p2|
