|j|☆raleighk
|j|☆driderwebs
|t:|1769360742
|gametype|singles
|player|p1|raleighk|101|1485
|player|p2|driderwebs|170|1559
|gen|9
|tier|[Gen 9] OU
|rated|
|rule|HP Percentage Mod: HP is shown in percentages
|rule|Endless Battle Clause: Forcing endless battles is banned
|rule|Species Clause: Limit one of each Pokémon
|rule|OHKO Clause: OHKO moves are banned
|rule|Evasion Items Clause: Evasion items are banned
|rule|Evasion Moves Clause: Evasion moves are banned
|rule|Evasion Abilities Clause: Evasion abilities are banned
|rule|Sleep Moves Clause: Sleep-inducing moves are banned
|clearpoke
|poke|p1|Dragonite, M|
|poke|p1|Gyarados, F|
|poke|p1|Zapdos|
|poke|p1|Hatterene, F|
|poke|p1|Zamazenta-*|
|poke|p1|Espeon, F|
|poke|p2|Iron Valiant|
|poke|p2|Garganacl, M|
|poke|p2|Moltres|
|poke|p2|Iron Treads|
|poke|p2|Meowscarada, F|
|poke|p2|Araquanid, F|
|teampreview
|inactive|Battle timer is ON: inactive players will automatically lose when time's up. (requested by raleighk)
|
|t:|1769360748
|teamsize|p1|6
|teamsize|p2|6
|start
|switch|p1a: Espeon|Espeon, F|100/100
|switch|p2a: Meowscarada|Meowscarada, F|100/100
|turn|1
|
|t:|1769360753
|move|p2a: Meowscarada|Knock Off|p1a: Espeon
|-start|p2a: Meowscarada|typechange|Dark|[from] ability: Protean
|-supereffective|p1a: Espeon
|-enditem|p1a: Espeon|Focus Sash
|-damage|p1a: Espeon|1/100
|move|p1a: Espeon|Thunder Wave|p2a: Meowscarada
|-status|p2a: Meowscarada|par
|
|upkeep
|turn|2
|j| chain climb
|l| chain climb
|
|t:|1769360763
|move|p1a: Espeon|Alluring Voice|p2a: Meowscarada
|-supereffective|p2a: Meowscarada
|-damage|p2a: Meowscarada|10/100 par
|cant|p2a: Meowscarada|par
|
|upkeep
|turn|3
|
|t:|1769360772
|move|p1a: Espeon|Alluring Voice|p2a: Meowscarada
|-supereffective|p2a: Meowscarada
|-damage|p2a: Meowscarada|0 fnt
|faint|p2a: Meowscarada
|
|upkeep
|
|t:|1769360780
|switch|p2a: Iron Treads|Iron Treads|100/100
|turn|4
|
|t:|1769360784
|move|p2a: Iron Treads|Rapid Spin|p1a: Espeon
|-damage|p1a: Espeon|0 fnt
|-boost|p2a: Iron Treads|spe|1
|faint|p1a: Espeon
|
|upkeep
|
|t:|1769360791
|switch|p1a: Gyarados|Gyarados, F|100/100
|turn|5
|
|t:|1769360798
|-end|p2a: Iron Treads|Quark Drive|[silent]
|switch|p2a: Garganacl|Garganacl, M|100/100
|move|p1a: Gyarados|Dragon Dance|p1a: Gyarados
|-boost|p1a: Gyarados|atk|1
|-boost|p1a: Gyarados|spe|1
|
|upkeep
|turn|6
|
|t:|1769360805
|-terastallize|p1a: Gyarados|Ground
|-terastallize|p2a: Garganacl|Ghost
|move|p1a: Gyarados|Dragon Dance|p1a: Gyarados
|-boost|p1a: Gyarados|atk|1
|-boost|p1a: Gyarados|spe|1
|move|p2a: Garganacl|Salt Cure|p1a: Gyarados
|-resisted|p1a: Gyarados
|-damage|p1a: Gyarados|91/100
|-start|p1a: Gyarados|Salt Cure
|
|-heal|p1a: Gyarados|97/100|[from] item: Leftovers
|-damage|p1a: Gyarados|85/100|[from] Salt Cure
|upkeep
|turn|7
|
|t:|1769360817
|move|p1a: Gyarados|Earthquake|p2a: Garganacl
|-damage|p2a: Garganacl|48/100
|move|p2a: Garganacl|Body Press|p1a: Gyarados
|-damage|p1a: Gyarados|47/100
|
|-heal|p1a: Gyarados|53/100|[from] item: Leftovers
|-heal|p2a: Garganacl|54/100|[from] item: Leftovers
|-damage|p1a: Gyarados|41/100|[from] Salt Cure
|upkeep
|turn|8
|
|t:|1769360828
|move|p2a: Garganacl|Protect|p2a: Garganacl
|-singleturn|p2a: Garganacl|Protect
|move|p1a: Gyarados|Dragon Dance|p1a: Gyarados
|-boost|p1a: Gyarados|atk|1
|-boost|p1a: Gyarados|spe|1
|
|-heal|p1a: Gyarados|47/100|[from] item: Leftovers
|-heal|p2a: Garganacl|60/100|[from] item: Leftovers
|-damage|p1a: Gyarados|34/100|[from] Salt Cure
|upkeep
|turn|9
|
|t:|1769360839
|move|p1a: Gyarados|Waterfall|p2a: Garganacl
|-damage|p2a: Garganacl|0 fnt
|faint|p2a: Garganacl
|-ability|p1a: Gyarados|Moxie|boost
|-boost|p1a: Gyarados|atk|1
|
|-heal|p1a: Gyarados|40/100|[from] item: Leftovers
|-damage|p1a: Gyarados|28/100|[from] Salt Cure
|upkeep
|
|t:|1769360849
|switch|p2a: Araquanid|Araquanid, F|100/100
|turn|10
|
|t:|1769360853
|move|p1a: Gyarados|Earthquake|p2a: Araquanid
|-resisted|p2a: Araquanid
|-damage|p2a: Araquanid|8/100
|move|p2a: Araquanid|Liquidation|p1a: Gyarados
|-supereffective|p1a: Gyarados
|-damage|p1a: Gyarados|0 fnt
|faint|p1a: Gyarados
|
|upkeep
|
|t:|1769360865
|switch|p1a: Zapdos|Zapdos|100/100
|turn|11
|
|t:|1769360869
|move|p1a: Zapdos|Heat Wave|p2a: Araquanid
|-damage|p2a: Araquanid|0 fnt
|faint|p2a: Araquanid
|
|upkeep
|
|t:|1769360874
|switch|p2a: Moltres|Moltres|100/100
|turn|12
|
|t:|1769360877
|move|p1a: Zapdos|Thunderbolt|p2a: Moltres
|-supereffective|p2a: Moltres
|-damage|p2a: Moltres|0 fnt
|faint|p2a: Moltres
|
|upkeep
|
|t:|1769360881
|switch|p2a: Iron Treads|Iron Treads|100/100
|turn|13
|
|t:|1769360883
|move|p2a: Iron Treads|Ice Spinner|p1a: Zapdos
|-supereffective|p1a: Zapdos
|-damage|p1a: Zapdos|37/100
|move|p1a: Zapdos|Heat Wave|p2a: Iron Treads
|-supereffective|p2a: Iron Treads
|-damage|p2a: Iron Treads|6/100
|
|-heal|p1a: Zapdos|43/100|[from] item: Leftovers
|upkeep
|turn|14
|
|t:|1769360891
|move|p2a: Iron Treads|Ice Spinner|p1a: Zapdos
|-supereffective|p1a: Zapdos
|-damage|p1a: Zapdos|0 fnt
|faint|p1a: Zapdos
|
|upkeep
|
|t:|1769360897
|switch|p1a: Dragonite|Dragonite, M|100/100
|turn|15
|
|t:|1769360900
|move|p1a: Dragonite|Extreme Speed|p2a: Iron Treads
|-resisted|p2a: Iron Treads
|-damage|p2a: Iron Treads|0 fnt
|faint|p2a: Iron Treads
|-end|p2a: Iron Treads|Quark Drive|[silent]
|
|upkeep
|
|t:|1769360902
|switch|p2a: Iron Valiant|Iron Valiant|100/100
|-enditem|p2a: Iron Valiant|Booster Energy
|-activate|p2a: Iron Valiant|ability: Quark Drive|[fromitem]
|-start|p2a: Iron Valiant|quarkdrivespe
|turn|16
|
|t:|1769360911
|move|p1a: Dragonite|Extreme Speed|p2a: Iron Valiant
|-damage|p2a: Iron Valiant|59/100
|move|p2a: Iron Valiant|Moonblast|p1a: Dragonite
|-supereffective|p1a: Dragonite
|-damage|p1a: Dragonite|52/100
|
|-heal|p1a: Dragonite|59/100|[from] item: Leftovers
|upkeep
|turn|17
|
|t:|1769360918
|move|p1a: Dragonite|Extreme Speed|p2a: Iron Valiant
|-damage|p2a: Iron Valiant|19/100
|move|p2a: Iron Valiant|Moonblast|p1a: Dragonite
|-supereffective|p1a: Dragonite
|-damage|p1a: Dragonite|0 fnt
|faint|p1a: Dragonite
|
|upkeep
|
|t:|1769360927
|switch|p1a: Hatterene|Hatterene, F|100/100
|turn|18
|c|☆raleighk|gg
|
|t:|1769360930
|move|p2a: Iron Valiant|Moonblast|p1a: Hatterene
|-damage|p1a: Hatterene|50/100
|-unboost|p1a: Hatterene|spa|1
|move|p1a: Hatterene|Draining Kiss|p2a: Iron Valiant
|-supereffective|p2a: Iron Valiant
|-damage|p2a: Iron Valiant|0 fnt
|-heal|p1a: Hatterene|67/100|[from] drain|[of] p2a: Iron Valiant
|faint|p2a: Iron Valiant
|-end|p2a: Iron Valiant|Quark Drive|[silent]
|
|win|raleighk
|raw|raleighk's rating: 1485 &rarr; <strong>1509</strong><br />(+24 for winning)
|raw|driderwebs's rating: 1559 &rarr; <strong>1535</strong><br />(-24 for losing)
|l|☆driderwebs
|player|p2|
|l|☆raleighk
|player|p1|
