|j|☆sakuizine
|j|☆Kaelai
|t:|1769438344
|gametype|singles
|player|p1|sakuizine|2|1130
|player|p2|Kaelai|bellelba|1079
|gen|9
|tier|[Gen 9] OU
|rated|
|rule|HP Percentage Mod: HP is shown in percentages
|rule|Endless Battle Clause: Forcing endless battles is banned
|rule|Species Clause: Limit one of each Pokémon
|rule|OHKO Clause: OHKO moves are banned
|rule|Evasion Items Clause: Evasion items are banned
|rule|Evasion Moves Clause: Evasion moves are banned
|rule|Evasion Abilities Clause: Evasion abilities are banned
|rule|Sleep Moves Clause: Sleep-inducing moves are banned
|clearpoke
|poke|p1|Iron Crown|
|poke|p1|Samurott-Hisui, F|
|poke|p1|Zapdos|
|poke|p1|Dragapult, M|
|poke|p1|Great Tusk|
|poke|p1|Iron Boulder|
|poke|p2|Minior|
|poke|p2|Toxapex, F|
|poke|p2|Iron Moth|
|poke|p2|Greninja-*, M|
|poke|p2|Garchomp, M|
|poke|p2|Kingambit, F|
|teampreview
|inactive|Battle timer is ON: inactive players will automatically lose when time's up. (requested by Kaelai)
|
|t:|1769438375
|teamsize|p1|6
|teamsize|p2|6
|start
|switch|p1a: Mindreader|Iron Crown|100/100
|switch|p2a: Garchomp|Garchomp, M|100/100
|turn|1
|
|t:|1769438388
|-end|p1a: Mindreader|Quark Drive|[silent]
|switch|p1a: Pump It|Great Tusk|100/100
|move|p2a: Garchomp|Earthquake|p1a: Pump It
|-damage|p1a: Pump It|67/100
|
|upkeep
|turn|2
|
|t:|1769438394
|move|p1a: Pump It|Ice Spinner|p2a: Garchomp
|-supereffective|p2a: Garchomp
|-damage|p2a: Garchomp|35/100
|-damage|p1a: Pump It|55/100|[from] ability: Rough Skin|[of] p2a: Garchomp
|-damage|p1a: Pump It|39/100|[from] item: Rocky Helmet|[of] p2a: Garchomp
|move|p2a: Garchomp|Dragon Tail|p1a: Pump It
|-damage|p1a: Pump It|18/100
|-end|p1a: Pump It|Protosynthesis|[silent]
|drag|p1a: Hurikan|Zapdos|100/100
|
|upkeep
|turn|3
|
|t:|1769438408
|move|p2a: Garchomp|Stealth Rock|p1a: Hurikan
|-sidestart|p1: sakuizine|move: Stealth Rock
|move|p1a: Hurikan|Hurricane|p2a: Garchomp
|-damage|p2a: Garchomp|0 fnt
|faint|p2a: Garchomp
|
|upkeep
|
|t:|1769438415
|switch|p2a: Minior|Minior|100/100
|-formechange|p2a: Minior|Minior-Meteor||[from] ability: Shields Down
|turn|4
|
|t:|1769438420
|-terastallize|p2a: Minior|Ground
|move|p1a: Hurikan|Discharge|p2a: Minior
|-immune|p2a: Minior
|move|p2a: Minior|Shell Smash|p2a: Minior
|-unboost|p2a: Minior|def|1
|-unboost|p2a: Minior|spd|1
|-boost|p2a: Minior|atk|2
|-boost|p2a: Minior|spa|2
|-boost|p2a: Minior|spe|2
|-enditem|p2a: Minior|White Herb
|-clearnegativeboost|p2a: Minior|[silent]
|
|upkeep
|turn|5
|
|t:|1769438426
|move|p2a: Minior|Stone Edge|p1a: Hurikan
|-supereffective|p1a: Hurikan
|-damage|p1a: Hurikan|0 fnt
|faint|p1a: Hurikan
|
|upkeep
|
|t:|1769438432
|switch|p1a: Everytime We Touch|Samurott-Hisui, F|100/100
|-damage|p1a: Everytime We Touch|88/100|[from] Stealth Rock
|turn|6
|
|t:|1769438439
|move|p1a: Everytime We Touch|Flip Turn|p2a: Minior
|-supereffective|p2a: Minior
|-damage|p2a: Minior|26/100
|
|t:|1769438443
|switch|p1a: Pump It|Great Tusk|18/100|[from] Flip Turn
|move|p2a: Minior|Acrobatics|p1a: Pump It
|-supereffective|p1a: Pump It
|-damage|p1a: Pump It|0 fnt
|faint|p1a: Pump It
|-end|p1a: Pump It|Protosynthesis|[silent]
|
|-formechange|p2a: Minior|Minior||[from] ability: Shields Down
|upkeep
|
|t:|1769438448
|switch|p1a: Parasite|Dragapult, M|100/100
|-damage|p1a: Parasite|88/100|[from] Stealth Rock
|turn|7
|
|t:|1769438467
|move|p1a: Parasite|Sucker Punch|p2a: Minior
|-damage|p2a: Minior|0 fnt
|faint|p2a: Minior
|
|upkeep
|
|t:|1769438470
|switch|p2a: Greninja|Greninja, M|100/100
|turn|8
|
|t:|1769438480
|switch|p1a: Mindreader|Iron Crown|100/100
|-damage|p1a: Mindreader|94/100|[from] Stealth Rock
|move|p2a: Greninja|Dark Pulse|p1a: Mindreader
|-supereffective|p1a: Mindreader
|-damage|p1a: Mindreader|9/100
|-damage|p2a: Greninja|91/100|[from] item: Life Orb
|
|upkeep
|turn|9
|
|t:|1769438487
|move|p2a: Greninja|Dark Pulse|p1a: Mindreader
|-supereffective|p1a: Mindreader
|-damage|p1a: Mindreader|0 fnt
|faint|p1a: Mindreader
|-end|p1a: Mindreader|Quark Drive|[silent]
|-ability|p2a: Greninja|Battle Bond|boost
|-boost|p2a: Greninja|atk|1
|-boost|p2a: Greninja|spa|1
|-boost|p2a: Greninja|spe|1
|-activate|p2a: Greninja|ability: Battle Bond
|-damage|p2a: Greninja|81/100|[from] item: Life Orb
|
|upkeep
|-message|sakuizine forfeited.
|
|win|Kaelai
|raw|sakuizine's rating: 1130 &rarr; <strong>1101</strong><br />(-29 for losing)
|raw|Kaelai's rating: 1079 &rarr; <strong>1111</strong><br />(+32 for winning)
|l|☆sakuizine
|player|p1|
|l|☆Kaelai
|player|p2|
