|j|☆Schrosch
|j|☆llnate4L
|t:|1769325138
|gametype|singles
|player|p1|Schrosch|169|1174
|player|p2|llnate4L|gentleman-gen4|1160
|gen|9
|tier|[Gen 9] OU
|rated|
|rule|HP Percentage Mod: HP is shown in percentages
|rule|Endless Battle Clause: Forcing endless battles is banned
|rule|Species Clause: Limit one of each Pokémon
|rule|OHKO Clause: OHKO moves are banned
|rule|Evasion Items Clause: Evasion items are banned
|rule|Evasion Moves Clause: Evasion moves are banned
|rule|Evasion Abilities Clause: Evasion abilities are banned
|rule|Sleep Moves Clause: Sleep-inducing moves are banned
|clearpoke
|poke|p1|Porygon-Z|
|poke|p1|Gardevoir, M|
|poke|p1|Probopass, M|
|poke|p1|Corviknight, F|
|poke|p1|Serperior, F|
|poke|p1|Flygon, M|
|poke|p2|Primarina, F|
|poke|p2|Rhyperior, M|
|poke|p2|Metagross|
|poke|p2|Talonflame, F|
|poke|p2|Tsareena, F|
|poke|p2|Drifblim, F|
|teampreview
|inactive|Battle timer is ON: inactive players will automatically lose when time's up. (requested by Schrosch)
|
|t:|1769325172
|teamsize|p1|6
|teamsize|p2|6
|start
|switch|p1a: Flygon|Flygon, M|100/100
|switch|p2a: Rhyperior|Rhyperior, M|100/100
|turn|1
|
|t:|1769325187
|-terastallize|p2a: Rhyperior|Ground
|move|p1a: Flygon|U-turn|p2a: Rhyperior
|-damage|p2a: Rhyperior|87/100
|
|t:|1769325206
|switch|p1a: Serperior|Serperior, F|100/100|[from] U-turn
|move|p2a: Rhyperior|Ice Punch|p1a: Serperior
|-supereffective|p1a: Serperior
|-damage|p1a: Serperior|25/100
|
|upkeep
|turn|2
|
|t:|1769325215
|move|p1a: Serperior|Leaf Storm|p2a: Rhyperior
|-supereffective|p2a: Rhyperior
|-damage|p2a: Rhyperior|26/100
|-boost|p1a: Serperior|spa|2
|move|p2a: Rhyperior|Ice Punch|p1a: Serperior
|-supereffective|p1a: Serperior
|-damage|p1a: Serperior|0 fnt
|faint|p1a: Serperior
|
|upkeep
|
|t:|1769325231
|switch|p1a: Gardevoir|Gardevoir, M|100/100
|-ability|p1a: Gardevoir|Solid Rock|Trace|[from] ability: Trace|[of] p2a: Rhyperior
|turn|3
|
|t:|1769325240
|move|p1a: Gardevoir|Moonblast|p2a: Rhyperior
|-damage|p2a: Rhyperior|0 fnt
|faint|p2a: Rhyperior
|
|upkeep
|
|t:|1769325248
|switch|p2a: Metagross|Metagross, shiny|100/100
|turn|4
|
|t:|1769325262
|switch|p1a: Corviknight|Corviknight, F|100/100
|-ability|p1a: Corviknight|Pressure
|move|p2a: Metagross|Heavy Slam|p1a: Corviknight
|-resisted|p1a: Corviknight
|-damage|p1a: Corviknight|81/100
|-damage|p2a: Metagross|84/100|[from] item: Rocky Helmet|[of] p1a: Corviknight
|
|upkeep
|turn|5
|
|t:|1769325280
|switch|p2a: Talonflame|Talonflame, F|100/100
|move|p1a: Corviknight|U-turn|p2a: Talonflame
|-resisted|p2a: Talonflame
|-damage|p2a: Talonflame|95/100
|
|t:|1769325295
|switch|p1a: Probopass|Probopass, M|100/100|[from] U-turn
|
|upkeep
|turn|6
|
|t:|1769325302
|move|p2a: Talonflame|Flare Blitz|p1a: Probopass
|-damage|p1a: Probopass|66/100
|-damage|p2a: Talonflame|83/100|[from] Recoil
|-damage|p2a: Talonflame|73/100|[from] item: Life Orb
|move|p1a: Probopass|Meteor Beam||[still]
|-prepare|p1a: Probopass|Meteor Beam
|-boost|p1a: Probopass|spa|1
|-enditem|p1a: Probopass|Power Herb
|-anim|p1a: Probopass|Meteor Beam|p2a: Talonflame
|-supereffective|p2a: Talonflame
|-damage|p2a: Talonflame|0 fnt
|faint|p2a: Talonflame
|
|upkeep
|
|t:|1769325315
|switch|p2a: Tsareena|Tsareena, F, shiny|100/100
|turn|7
|
|t:|1769325327
|switch|p1a: Corviknight|Corviknight, F|81/100
|-ability|p1a: Corviknight|Pressure
|move|p2a: Tsareena|High Jump Kick|p1a: Corviknight
|-damage|p1a: Corviknight|47/100
|-damage|p2a: Tsareena|84/100|[from] item: Rocky Helmet|[of] p1a: Corviknight
|
|upkeep
|turn|8
|
|t:|1769325339
|move|p2a: Tsareena|High Jump Kick|p1a: Corviknight
|-damage|p1a: Corviknight|15/100
|-damage|p2a: Tsareena|67/100|[from] item: Rocky Helmet|[of] p1a: Corviknight
|move|p1a: Corviknight|Roost|p1a: Corviknight
|-heal|p1a: Corviknight|65/100
|-singleturn|p1a: Corviknight|move: Roost
|
|upkeep
|turn|9
|
|t:|1769325349
|switch|p2a: Drifblim|Drifblim, F|100/100
|move|p1a: Corviknight|Roost|p1a: Corviknight
|-heal|p1a: Corviknight|100/100
|-singleturn|p1a: Corviknight|move: Roost
|
|upkeep
|turn|10
|
|t:|1769325357
|move|p2a: Drifblim|Calm Mind|p2a: Drifblim
|-boost|p2a: Drifblim|spa|1
|-boost|p2a: Drifblim|spd|1
|move|p1a: Corviknight|U-turn|p2a: Drifblim
|-resisted|p2a: Drifblim
|-damage|p2a: Drifblim|96/100
|
|t:|1769325374
|switch|p1a: Porygon-Z|Porygon-Z|100/100|[from] U-turn
|
|upkeep
|turn|11
|
|t:|1769325380
|move|p1a: Porygon-Z|Nasty Plot|p1a: Porygon-Z
|-boost|p1a: Porygon-Z|spa|2
|move|p2a: Drifblim|Calm Mind|p2a: Drifblim
|-boost|p2a: Drifblim|spa|1
|-boost|p2a: Drifblim|spd|1
|
|upkeep
|turn|12
|
|t:|1769325393
|-terastallize|p1a: Porygon-Z|Dark
|move|p1a: Porygon-Z|Tera Blast|p2a: Drifblim|[anim] Tera Blast Dark
|-supereffective|p2a: Drifblim
|-damage|p2a: Drifblim|0 fnt
|faint|p2a: Drifblim
|
|upkeep
|
|t:|1769325404
|switch|p2a: Metagross|Metagross, shiny|84/100
|turn|13
|
|t:|1769325415
|move|p1a: Porygon-Z|Tera Blast|p2a: Metagross|[anim] Tera Blast Dark
|-supereffective|p2a: Metagross
|-damage|p2a: Metagross|0 fnt
|faint|p2a: Metagross
|
|upkeep
|
|t:|1769325420
|switch|p2a: Primarina|Primarina, F, shiny|100/100
|turn|14
|
|t:|1769325429
|move|p1a: Porygon-Z|Thunderbolt|p2a: Primarina
|-supereffective|p2a: Primarina
|-damage|p2a: Primarina|0 fnt
|faint|p2a: Primarina
|
|upkeep
|
|t:|1769325434
|switch|p2a: Tsareena|Tsareena, F, shiny|67/100
|turn|15
|
|t:|1769325439
|move|p1a: Porygon-Z|Ice Beam|p2a: Tsareena
|-supereffective|p2a: Tsareena
|-damage|p2a: Tsareena|0 fnt
|faint|p2a: Tsareena
|
|win|Schrosch
|raw|Schrosch's rating: 1174 &rarr; <strong>1198</strong><br />(+24 for winning)
|raw|llnate4L's rating: 1160 &rarr; <strong>1136</strong><br />(-24 for losing)
|l|☆llnate4L
|player|p2|
|l|☆Schrosch
|player|p1|
