|j|☆bluehead42
|j|☆hou…♡ooooo~♡
|t:|1769412955
|gametype|singles
|player|p1|bluehead42|102|1455
|player|p2|hou…♡ooooo~♡|266|1439
|gen|9
|tier|[Gen 9] OU
|rated|
|rule|HP Percentage Mod: HP is shown in percentages
|rule|Endless Battle Clause: Forcing endless battles is banned
|rule|Species Clause: Limit one of each Pokémon
|rule|OHKO Clause: OHKO moves are banned
|rule|Evasion Items Clause: Evasion items are banned
|rule|Evasion Moves Clause: Evasion moves are banned
|rule|Evasion Abilities Clause: Evasion abilities are banned
|rule|Sleep Moves Clause: Sleep-inducing moves are banned
|clearpoke
|poke|p1|Enamorus, F|
|poke|p1|Alomomola, M|
|poke|p1|Slowking-Galar, M|
|poke|p1|Raging Bolt|
|poke|p1|Great Tusk|
|poke|p1|Scizor, F|
|poke|p2|Wo-Chien|
|poke|p2|Mamoswine, M|
|poke|p2|Okidogi, M|
|poke|p2|Cinderace, F|
|poke|p2|Magnezone|
|poke|p2|Salamence, F|
|teampreview
|inactive|Battle timer is ON: inactive players will automatically lose when time's up. (requested by hou…♡ooooo~♡)
|
|t:|1769412983
|teamsize|p1|6
|teamsize|p2|6
|start
|switch|p1a: Raging Bolt|Raging Bolt|100/100
|switch|p2a: Mamoswine|Mamoswine, M|100/100
|turn|1
|
|t:|1769412991
|-end|p1a: Raging Bolt|Protosynthesis|[silent]
|switch|p1a: Alomomola|Alomomola, M|100/100
|move|p2a: Mamoswine|Stealth Rock|p1a: Alomomola
|-sidestart|p1: bluehead42|move: Stealth Rock
|
|upkeep
|turn|2
|
|t:|1769413005
|switch|p2a: Wo-Chien|Wo-Chien|100/100
|-ability|p2a: Wo-Chien|Tablets of Ruin
|move|p1a: Alomomola|Flip Turn|p2a: Wo-Chien
|-resisted|p2a: Wo-Chien
|-damage|p2a: Wo-Chien|95/100
|
|t:|1769413028
|switch|p1a: PINK WOMAN|Enamorus, F|100/100|[from] Flip Turn
|-damage|p1a: PINK WOMAN|76/100|[from] Stealth Rock
|
|-heal|p2a: Wo-Chien|100/100|[from] item: Leftovers
|upkeep
|turn|3
|
|t:|1769413041
|switch|p2a: Magnezone|Magnezone|100/100
|-terastallize|p1a: PINK WOMAN|Fairy
|move|p1a: PINK WOMAN|Moonblast|p2a: Magnezone
|-resisted|p2a: Magnezone
|-damage|p2a: Magnezone|52/100
|
|upkeep
|turn|4
|
|t:|1769413056
|switch|p1a: Great Tusk|Great Tusk|100/100
|move|p2a: Magnezone|Flash Cannon|p1a: Great Tusk
|-damage|p1a: Great Tusk|31/100
|-unboost|p1a: Great Tusk|spd|1
|
|upkeep
|turn|5
|
|t:|1769413069
|switch|p2a: Wo-Chien|Wo-Chien|100/100
|-ability|p2a: Wo-Chien|Tablets of Ruin
|move|p1a: Great Tusk|Rapid Spin|p2a: Wo-Chien
|-damage|p2a: Wo-Chien|90/100
|-boost|p1a: Great Tusk|spe|1
|-sideend|p1: bluehead42|Stealth Rock|[from] move: Rapid Spin|[of] p1a: Great Tusk
|
|-heal|p2a: Wo-Chien|96/100|[from] item: Leftovers
|upkeep
|turn|6
|inactive|hou…♡ooooo~♡ has 120 seconds left.
|
|t:|1769413096
|-end|p1a: Great Tusk|Protosynthesis|[silent]
|switch|p1a: Scizor|Scizor, F|100/100
|move|p2a: Wo-Chien|Giga Drain|p1a: Scizor
|-resisted|p1a: Scizor
|-damage|p1a: Scizor|92/100
|-heal|p2a: Wo-Chien|99/100|[from] drain|[of] p1a: Scizor
|
|-heal|p2a: Wo-Chien|100/100|[from] item: Leftovers
|upkeep
|turn|7
|
|t:|1769413104
|switch|p2a: Salamence|Salamence, F|100/100
|-ability|p2a: Salamence|Intimidate|boost
|-unboost|p1a: Scizor|atk|1
|move|p1a: Scizor|U-turn|p2a: Salamence
|-resisted|p2a: Salamence
|-damage|p2a: Salamence|74/100
|
|t:|1769413108
|switch|p1a: PINK WOMAN|Enamorus, F, tera:Fairy|76/100|[from] U-turn
|
|upkeep
|turn|8
|inactive|hou…♡ooooo~♡ has 120 seconds left.
|
|t:|1769413146
|move|p2a: Salamence|Air Slash|p1a: PINK WOMAN
|-damage|p1a: PINK WOMAN|30/100
|move|p1a: PINK WOMAN|Moonblast|p2a: Salamence
|-supereffective|p2a: Salamence
|-damage|p2a: Salamence|0 fnt
|faint|p2a: Salamence
|
|upkeep
|
|t:|1769413156
|switch|p2a: Magnezone|Magnezone|52/100
|turn|9
|
|t:|1769413167
|switch|p1a: Slowking|Slowking-Galar, M|100/100
|move|p2a: Magnezone|Flash Cannon|p1a: Slowking
|-damage|p1a: Slowking|74/100
|
|upkeep
|turn|10
|
|t:|1769413175
|move|p2a: Magnezone|Volt Switch|p1a: Slowking
|-crit|p1a: Slowking
|-damage|p1a: Slowking|41/100
|
|t:|1769413181
|switch|p2a: Mamoswine|Mamoswine, M|100/100|[from] Volt Switch
|-prepare|p1a: Slowking|Chilly Reception|[premajor]
|move|p1a: Slowking|Chilly Reception|p1a: Slowking
|-weather|Snowscape
|
|t:|1769413184
|switch|p1a: Alomomola|Alomomola, M|100/100|[from] Chilly Reception
|
|-weather|Snowscape|[upkeep]
|upkeep
|turn|11
|inactive|hou…♡ooooo~♡ has 120 seconds left.
|
|t:|1769413192
|move|p2a: Mamoswine|Stealth Rock|p1a: Alomomola
|-sidestart|p1: bluehead42|move: Stealth Rock
|move|p1a: Alomomola|Wish|p1a: Alomomola
|
|-weather|Snowscape|[upkeep]
|upkeep
|turn|12
|inactive|hou…♡ooooo~♡ has 120 seconds left.
|
|t:|1769413219
|switch|p2a: Wo-Chien|Wo-Chien|100/100
|-ability|p2a: Wo-Chien|Tablets of Ruin
|move|p1a: Alomomola|Flip Turn|p2a: Wo-Chien
|-resisted|p2a: Wo-Chien
|-damage|p2a: Wo-Chien|95/100
|
|t:|1769413223
|switch|p1a: PINK WOMAN|Enamorus, F, tera:Fairy|30/100|[from] Flip Turn
|-damage|p1a: PINK WOMAN|17/100|[from] Stealth Rock
|
|-weather|Snowscape|[upkeep]
|-heal|p1a: PINK WOMAN|100/100|[from] move: Wish|[wisher] Alomomola
|-heal|p2a: Wo-Chien|100/100|[from] item: Leftovers
|upkeep
|turn|13
|
|t:|1769413230
|-terastallize|p2a: Wo-Chien|Poison
|move|p1a: PINK WOMAN|Moonblast|p2a: Wo-Chien
|-resisted|p2a: Wo-Chien
|-damage|p2a: Wo-Chien|70/100
|move|p2a: Wo-Chien|Substitute|p2a: Wo-Chien
|-start|p2a: Wo-Chien|Substitute
|-damage|p2a: Wo-Chien|45/100
|
|-weather|Snowscape|[upkeep]
|-heal|p2a: Wo-Chien|52/100|[from] item: Leftovers
|upkeep
|turn|14
|inactive|hou…♡ooooo~♡ has 120 seconds left.
|
|t:|1769413237
|move|p1a: PINK WOMAN|Moonblast|p2a: Wo-Chien
|-resisted|p2a: Wo-Chien
|-end|p2a: Wo-Chien|Substitute
|move|p2a: Wo-Chien|Leech Seed|p1a: PINK WOMAN
|-start|p1a: PINK WOMAN|move: Leech Seed
|
|-weather|none
|-heal|p2a: Wo-Chien|58/100|[from] item: Leftovers
|-damage|p1a: PINK WOMAN|88/100|[from] Leech Seed|[of] p2a: Wo-Chien
|-heal|p2a: Wo-Chien|67/100|[silent]
|upkeep
|turn|15
|inactive|hou…♡ooooo~♡ has 120 seconds left.
|
|t:|1769413258
|switch|p1a: Great Tusk|Great Tusk|31/100
|move|p2a: Wo-Chien|Ruination|p1a: Great Tusk
|-damage|p1a: Great Tusk|16/100
|
|-heal|p2a: Wo-Chien|73/100|[from] item: Leftovers
|upkeep
|turn|16
|inactive|hou…♡ooooo~♡ has 120 seconds left.
|
|t:|1769413272
|switch|p2a: Mamoswine|Mamoswine, M|100/100
|move|p1a: Great Tusk|Rapid Spin|p2a: Mamoswine
|-damage|p2a: Mamoswine|80/100
|-boost|p1a: Great Tusk|spe|1
|-sideend|p1: bluehead42|Stealth Rock|[from] move: Rapid Spin|[of] p1a: Great Tusk
|
|upkeep
|turn|17
|
|t:|1769413279
|-end|p1a: Great Tusk|Protosynthesis|[silent]
|switch|p1a: Alomomola|Alomomola, M|100/100
|move|p2a: Mamoswine|Stealth Rock|p1a: Alomomola
|-sidestart|p1: bluehead42|move: Stealth Rock
|
|upkeep
|turn|18
|
|t:|1769413290
|switch|p2a: Wo-Chien|Wo-Chien, tera:Poison|73/100
|-ability|p2a: Wo-Chien|Tablets of Ruin
|move|p1a: Alomomola|Wish|p1a: Alomomola
|
|-heal|p2a: Wo-Chien|80/100|[from] item: Leftovers
|upkeep
|turn|19
|
|t:|1769413297
|move|p2a: Wo-Chien|Substitute|p2a: Wo-Chien
|-start|p2a: Wo-Chien|Substitute
|-damage|p2a: Wo-Chien|55/100
|move|p1a: Alomomola|Flip Turn|p2a: Wo-Chien
|-activate|p2a: Wo-Chien|move: Substitute|[damage]
|
|t:|1769413300
|switch|p1a: Great Tusk|Great Tusk|16/100|[from] Flip Turn
|
|-heal|p1a: Great Tusk|88/100|[from] move: Wish|[wisher] Alomomola
|-heal|p2a: Wo-Chien|61/100|[from] item: Leftovers
|upkeep
|turn|20
|
|t:|1769413307
|move|p1a: Great Tusk|Rapid Spin|p2a: Wo-Chien
|-activate|p2a: Wo-Chien|move: Substitute|[damage]
|-sideend|p1: bluehead42|Stealth Rock|[from] move: Rapid Spin|[of] p1a: Great Tusk
|-boost|p1a: Great Tusk|spe|1
|move|p2a: Wo-Chien|Giga Drain|p1a: Great Tusk
|-supereffective|p1a: Great Tusk
|-damage|p1a: Great Tusk|7/100
|-heal|p2a: Wo-Chien|100/100|[from] drain|[of] p1a: Great Tusk
|
|upkeep
|turn|21
|
|t:|1769413319
|move|p1a: Great Tusk|Headlong Rush|p2a: Wo-Chien
|-supereffective|p2a: Wo-Chien
|-end|p2a: Wo-Chien|Substitute
|-unboost|p1a: Great Tusk|def|1
|-unboost|p1a: Great Tusk|spd|1
|move|p2a: Wo-Chien|Giga Drain|p1a: Great Tusk
|-supereffective|p1a: Great Tusk
|-damage|p1a: Great Tusk|0 fnt
|faint|p1a: Great Tusk
|-end|p1a: Great Tusk|Protosynthesis|[silent]
|
|upkeep
|
|t:|1769413325
|switch|p1a: Raging Bolt|Raging Bolt|100/100
|turn|22
|
|t:|1769413332
|move|p1a: Raging Bolt|Draco Meteor|p2a: Wo-Chien
|-damage|p2a: Wo-Chien|34/100
|-unboost|p1a: Raging Bolt|spa|2
|move|p2a: Wo-Chien|Leech Seed|p1a: Raging Bolt
|-start|p1a: Raging Bolt|move: Leech Seed
|
|-heal|p2a: Wo-Chien|41/100|[from] item: Leftovers
|-damage|p1a: Raging Bolt|88/100|[from] Leech Seed|[of] p2a: Wo-Chien
|-heal|p2a: Wo-Chien|53/100|[silent]
|upkeep
|turn|23
|
|t:|1769413348
|-end|p1a: Raging Bolt|Protosynthesis|[silent]
|switch|p1a: PINK WOMAN|Enamorus, F, tera:Fairy|88/100
|move|p2a: Wo-Chien|Leech Seed|p1a: PINK WOMAN
|-start|p1a: PINK WOMAN|move: Leech Seed
|
|-heal|p2a: Wo-Chien|60/100|[from] item: Leftovers
|-damage|p1a: PINK WOMAN|76/100|[from] Leech Seed|[of] p2a: Wo-Chien
|-heal|p2a: Wo-Chien|69/100|[silent]
|upkeep
|turn|24
|
|t:|1769413367
|switch|p2a: Mamoswine|Mamoswine, M|80/100
|move|p1a: PINK WOMAN|Earth Power|p2a: Mamoswine
|-damage|p2a: Mamoswine|9/100
|
|-damage|p1a: PINK WOMAN|63/100|[from] Leech Seed|[of] p2a: Mamoswine
|-heal|p2a: Mamoswine|19/100|[silent]
|upkeep
|turn|25
|
|t:|1769413378
|switch|p1a: Alomomola|Alomomola, M|100/100
|move|p2a: Mamoswine|Ice Shard|p1a: Alomomola
|-resisted|p1a: Alomomola
|-damage|p1a: Alomomola|94/100
|
|upkeep
|turn|26
|
|t:|1769413393
|move|p2a: Mamoswine|Stealth Rock|p1a: Alomomola
|-sidestart|p1: bluehead42|move: Stealth Rock
|move|p1a: Alomomola|Flip Turn|p2a: Mamoswine
|-supereffective|p2a: Mamoswine
|-damage|p2a: Mamoswine|0 fnt
|faint|p2a: Mamoswine
|
|t:|1769413412
|switch|p1a: Raging Bolt|Raging Bolt|88/100|[from] Flip Turn
|-damage|p1a: Raging Bolt|76/100|[from] Stealth Rock
|
|upkeep
|
|t:|1769413424
|switch|p2a: Wo-Chien|Wo-Chien, tera:Poison|69/100
|-ability|p2a: Wo-Chien|Tablets of Ruin
|turn|27
|
|t:|1769413427
|switch|p2a: Magnezone|Magnezone|52/100
|move|p1a: Raging Bolt|Thunderbolt|p2a: Magnezone
|-resisted|p2a: Magnezone
|-damage|p2a: Magnezone|15/100
|
|upkeep
|turn|28
|
|t:|1769413438
|move|p1a: Raging Bolt|Thunderbolt|p2a: Magnezone
|-resisted|p2a: Magnezone
|-damage|p2a: Magnezone|0 fnt
|faint|p2a: Magnezone
|
|upkeep
|
|t:|1769413444
|switch|p2a: Okidogi|Okidogi, M|100/100
|turn|29
|
|t:|1769413463
|-end|p1a: Raging Bolt|Protosynthesis|[silent]
|switch|p1a: Alomomola|Alomomola, M|100/100
|move|p2a: Okidogi|Knock Off|p1a: Alomomola
|-damage|p1a: Alomomola|81/100
|-enditem|p1a: Alomomola|Heavy-Duty Boots|[from] move: Knock Off|[of] p2a: Okidogi
|
|upkeep
|turn|30
|
|t:|1769413481
|move|p2a: Okidogi|Poison Jab|p1a: Alomomola
|-damage|p1a: Alomomola|58/100
|move|p1a: Alomomola|Wish|p1a: Alomomola
|
|upkeep
|turn|31
|-message|hou…♡ooooo~♡ forfeited.
|
|win|bluehead42
|raw|bluehead42's rating: 1455 &rarr; <strong>1474</strong><br />(+19 for winning)
|raw|hou…♡ooooo~♡'s rating: 1439 &rarr; <strong>1420</strong><br />(-19 for losing)
|l|☆hou…♡ooooo~♡
|player|p2|
