|j|☆resenhudo1234
|j|☆casui
|t:|1769438628
|gametype|singles
|player|p1|resenhudo1234|bruno|1099
|player|p2|casui|medium|1118
|gen|9
|tier|[Gen 9] OU
|rated|
|rule|HP Percentage Mod: HP is shown in percentages
|rule|Endless Battle Clause: Forcing endless battles is banned
|rule|Species Clause: Limit one of each Pokémon
|rule|OHKO Clause: OHKO moves are banned
|rule|Evasion Items Clause: Evasion items are banned
|rule|Evasion Moves Clause: Evasion moves are banned
|rule|Evasion Abilities Clause: Evasion abilities are banned
|rule|Sleep Moves Clause: Sleep-inducing moves are banned
|clearpoke
|poke|p1|Tinkaton, F|
|poke|p1|Goodra-Hisui, F|
|poke|p1|Stonjourner, M|
|poke|p1|Primarina, F|
|poke|p1|Iron Moth|
|poke|p1|Grafaiai, M|
|poke|p2|Torkoal, F|
|poke|p2|Fezandipiti, M|
|poke|p2|Great Tusk|
|poke|p2|Mandibuzz, F|
|poke|p2|Cinderace, M|
|poke|p2|Volcanion|
|teampreview
|
|t:|1769438658
|teamsize|p1|6
|teamsize|p2|6
|start
|switch|p1a: Primarina|Primarina, F, shiny|100/100
|switch|p2a: Torkoal|Torkoal, F|100/100
|-weather|SunnyDay|[from] ability: Drought|[of] p2a: Torkoal
|turn|1
|
|t:|1769438672
|switch|p2a: Volcanion|Volcanion|100/100
|move|p1a: Primarina|Alluring Voice|p2a: Volcanion
|-immune|p2a: Volcanion|[from] ability: Water Absorb
|
|-weather|SunnyDay|[upkeep]
|upkeep
|turn|2
|
|t:|1769438688
|switch|p1a: Goodra|Goodra-Hisui, F|100/100
|move|p2a: Volcanion|Solar Beam||[still]
|-prepare|p2a: Volcanion|Solar Beam
|-anim|p2a: Volcanion|Solar Beam|p1a: Goodra
|-ability|p1a: Goodra|Sap Sipper|boost
|-boost|p1a: Goodra|atk|1
|
|-weather|SunnyDay|[upkeep]
|upkeep
|turn|3
|
|t:|1769438713
|switch|p2a: Great Tusk|Great Tusk|100/100
|-activate|p2a: Great Tusk|ability: Protosynthesis
|-start|p2a: Great Tusk|protosynthesisatk
|move|p1a: Goodra|Draco Meteor|p2a: Great Tusk
|-damage|p2a: Great Tusk|21/100
|-unboost|p1a: Goodra|spa|2
|
|-weather|SunnyDay|[upkeep]
|upkeep
|turn|4
|
|t:|1769438729
|move|p2a: Great Tusk|Headlong Rush|p1a: Goodra
|-supereffective|p1a: Goodra
|-damage|p1a: Goodra|0 fnt
|-unboost|p2a: Great Tusk|def|1
|-unboost|p2a: Great Tusk|spd|1
|faint|p1a: Goodra
|
|-weather|SunnyDay|[upkeep]
|upkeep
|
|t:|1769438739
|switch|p1a: Tinkaton|Tinkaton, F, shiny|100/100
|-ability|p1a: Tinkaton|Mold Breaker
|turn|5
|
|t:|1769438745
|move|p1a: Tinkaton|Fake Out|p2a: Great Tusk
|-damage|p2a: Great Tusk|10/100
|cant|p2a: Great Tusk|flinch
|
|-weather|SunnyDay|[upkeep]
|upkeep
|turn|6
|
|t:|1769438756
|move|p2a: Great Tusk|Headlong Rush|p1a: Tinkaton
|-supereffective|p1a: Tinkaton
|-damage|p1a: Tinkaton|0 fnt
|-unboost|p2a: Great Tusk|def|1
|-unboost|p2a: Great Tusk|spd|1
|faint|p1a: Tinkaton
|
|-weather|SunnyDay|[upkeep]
|upkeep
|
|t:|1769438768
|switch|p1a: Stonjourner|Stonjourner, M|100/100
|turn|7
|
|t:|1769438772
|move|p2a: Great Tusk|Headlong Rush|p1a: Stonjourner
|-supereffective|p1a: Stonjourner
|-damage|p1a: Stonjourner|14/100
|-unboost|p2a: Great Tusk|def|1
|-unboost|p2a: Great Tusk|spd|1
|move|p1a: Stonjourner|Body Press|p2a: Great Tusk
|-damage|p2a: Great Tusk|0 fnt
|faint|p2a: Great Tusk
|-end|p2a: Great Tusk|Protosynthesis|[silent]
|
|-weather|SunnyDay|[upkeep]
|upkeep
|
|t:|1769438796
|switch|p2a: Volcanion|Volcanion|100/100
|turn|8
|
|t:|1769438808
|move|p2a: Volcanion|Earth Power|p1a: Stonjourner
|-supereffective|p1a: Stonjourner
|-damage|p1a: Stonjourner|0 fnt
|faint|p1a: Stonjourner
|
|-weather|none
|upkeep
|
|t:|1769438813
|switch|p1a: Grafaiai|Grafaiai, M|100/100
|turn|9
|
|t:|1769438816
|move|p1a: Grafaiai|Substitute|p1a: Grafaiai
|-start|p1a: Grafaiai|Substitute
|-damage|p1a: Grafaiai|76/100
|move|p2a: Volcanion|Earth Power|p1a: Grafaiai
|-supereffective|p1a: Grafaiai
|-end|p1a: Grafaiai|Substitute
|
|-heal|p1a: Grafaiai|82/100|[from] item: Leftovers
|upkeep
|turn|10
|
|t:|1769438826
|move|p1a: Grafaiai|Protect|p1a: Grafaiai
|-singleturn|p1a: Grafaiai|Protect
|move|p2a: Volcanion|Earth Power|p1a: Grafaiai
|-activate|p1a: Grafaiai|move: Protect
|
|-heal|p1a: Grafaiai|88/100|[from] item: Leftovers
|upkeep
|turn|11
|
|t:|1769438838
|move|p1a: Grafaiai|Toxic|p2a: Volcanion
|-status|p2a: Volcanion|tox
|move|p2a: Volcanion|Earth Power|p1a: Grafaiai
|-supereffective|p1a: Grafaiai
|-crit|p1a: Grafaiai
|-damage|p1a: Grafaiai|0 fnt
|faint|p1a: Grafaiai
|
|-damage|p2a: Volcanion|94/100 tox|[from] psn
|upkeep
|
|t:|1769438849
|switch|p1a: Iron Moth|Iron Moth, shiny|100/100
|-enditem|p1a: Iron Moth|Booster Energy
|-activate|p1a: Iron Moth|ability: Quark Drive|[fromitem]
|-start|p1a: Iron Moth|quarkdrivespe
|turn|12
|
|t:|1769438857
|move|p1a: Iron Moth|Overheat|p2a: Volcanion
|-resisted|p2a: Volcanion
|-damage|p2a: Volcanion|79/100 tox
|-unboost|p1a: Iron Moth|spa|2
|move|p2a: Volcanion|Earth Power|p1a: Iron Moth
|-supereffective|p1a: Iron Moth
|-damage|p1a: Iron Moth|0 fnt
|faint|p1a: Iron Moth
|-end|p1a: Iron Moth|Quark Drive|[silent]
|
|-damage|p2a: Volcanion|67/100 tox|[from] psn
|upkeep
|-message|resenhudo1234 forfeited.
|
|win|casui
|raw|resenhudo1234's rating: 1099 &rarr; <strong>1076</strong><br />(-23 for losing)
|raw|casui's rating: 1118 &rarr; <strong>1142</strong><br />(+24 for winning)
|l|☆resenhudo1234
|player|p1|
|l|☆casui
|player|p2|
