|j|☆sephy69
|j|☆rex756w11
|t:|1769406025
|gametype|singles
|player|p1|sephy69|will|1105
|player|p2|rex756w11|palmer|1067
|gen|9
|tier|[Gen 9] OU
|rated|
|rule|HP Percentage Mod: HP is shown in percentages
|rule|Endless Battle Clause: Forcing endless battles is banned
|rule|Species Clause: Limit one of each Pokémon
|rule|OHKO Clause: OHKO moves are banned
|rule|Evasion Items Clause: Evasion items are banned
|rule|Evasion Moves Clause: Evasion moves are banned
|rule|Evasion Abilities Clause: Evasion abilities are banned
|rule|Sleep Moves Clause: Sleep-inducing moves are banned
|clearpoke
|poke|p1|Dragapult, M|
|poke|p1|Zapdos-Galar|
|poke|p1|Slowking, M|
|poke|p1|Glimmora, M|
|poke|p1|Weezing-Galar, F|
|poke|p1|Meowscarada, M|
|poke|p2|Greninja-*, F|
|poke|p2|Incineroar, M|
|poke|p2|Muk-Alola, M|
|poke|p2|Garganacl, M|
|poke|p2|Great Tusk|
|poke|p2|Walking Wake|
|teampreview
|inactive|Battle timer is ON: inactive players will automatically lose when time's up. (requested by rex756w11)
|
|t:|1769406035
|teamsize|p1|6
|teamsize|p2|6
|start
|switch|p1a: Zapdos|Zapdos-Galar|100/100
|switch|p2a: Incineroar|Incineroar, M|100/100
|-ability|p2a: Incineroar|Intimidate|boost
|-unboost|p1a: Zapdos|atk|1
|-ability|p1a: Zapdos|Defiant|boost
|-boost|p1a: Zapdos|atk|2
|turn|1
|
|t:|1769406052
|move|p2a: Incineroar|Fake Out|p1a: Zapdos
|-damage|p1a: Zapdos|88/100
|cant|p1a: Zapdos|flinch
|
|upkeep
|turn|2
|
|t:|1769406068
|switch|p2a: Garganacl|Garganacl, M, shiny|100/100
|move|p1a: Zapdos|Thunderous Kick|p2a: Garganacl
|-supereffective|p2a: Garganacl
|-damage|p2a: Garganacl|7/100
|
|-heal|p2a: Garganacl|13/100|[from] item: Leftovers
|upkeep
|turn|3
|
|t:|1769406081
|move|p1a: Zapdos|Knock Off|p2a: Garganacl
|-damage|p2a: Garganacl|0 fnt
|-enditem|p2a: Garganacl|Leftovers|[from] move: Knock Off|[of] p1a: Zapdos
|faint|p2a: Garganacl
|
|upkeep
|
|t:|1769406088
|switch|p2a: Great Tusk|Great Tusk|100/100
|-enditem|p2a: Great Tusk|Booster Energy
|-activate|p2a: Great Tusk|ability: Protosynthesis|[fromitem]
|-start|p2a: Great Tusk|protosynthesisatk
|turn|4
|
|t:|1769406100
|-end|p2a: Great Tusk|Protosynthesis|[silent]
|switch|p2a: Muk|Muk-Alola, M|100/100
|move|p1a: Zapdos|Brave Bird|p2a: Muk
|-damage|p2a: Muk|17/100
|-damage|p1a: Zapdos|56/100|[from] Recoil
|
|-heal|p2a: Muk|24/100|[from] item: Leftovers
|upkeep
|turn|5
|
|t:|1769406115
|move|p2a: Muk|Protect|p2a: Muk
|-singleturn|p2a: Muk|Protect
|move|p1a: Zapdos|Thunderous Kick|p2a: Muk
|-activate|p2a: Muk|move: Protect
|
|-heal|p2a: Muk|30/100|[from] item: Leftovers
|upkeep
|turn|6
|
|t:|1769406126
|move|p1a: Zapdos|Thunderous Kick|p2a: Muk
|-damage|p2a: Muk|0 fnt
|faint|p2a: Muk
|
|upkeep
|inactive|rex756w11 has 120 seconds left.
|
|t:|1769406143
|switch|p2a: Incineroar|Incineroar, M|100/100
|-ability|p2a: Incineroar|Intimidate|boost
|-unboost|p1a: Zapdos|atk|1
|-ability|p1a: Zapdos|Defiant|boost
|-boost|p1a: Zapdos|atk|2
|turn|7
|
|t:|1769406150
|move|p2a: Incineroar|Fake Out|p1a: Zapdos
|-damage|p1a: Zapdos|44/100
|cant|p1a: Zapdos|flinch
|
|upkeep
|turn|8
|
|t:|1769406161
|move|p1a: Zapdos|Thunderous Kick|p2a: Incineroar
|-supereffective|p2a: Incineroar
|-damage|p2a: Incineroar|0 fnt
|faint|p2a: Incineroar
|
|upkeep
|inactive|rex756w11 has 120 seconds left.
|
|t:|1769406174
|switch|p2a: Greninja|Greninja, F|100/100
|turn|9
|
|t:|1769406194
|switch|p2a: Great Tusk|Great Tusk|100/100
|-terastallize|p1a: Zapdos|Fighting
|move|p1a: Zapdos|U-turn|p2a: Great Tusk
|-resisted|p2a: Great Tusk
|-damage|p2a: Great Tusk|86/100
|
|t:|1769406202
|switch|p1a: Meowscarada|Meowscarada, M|100/100|[from] U-turn
|
|upkeep
|turn|10
|
|t:|1769406214
|move|p1a: Meowscarada|Flower Trick|p2a: Great Tusk
|-start|p1a: Meowscarada|typechange|Grass|[from] ability: Protean
|-supereffective|p2a: Great Tusk
|-crit|p2a: Great Tusk
|-damage|p2a: Great Tusk|22/100
|move|p2a: Great Tusk|Close Combat|p1a: Meowscarada
|-damage|p1a: Meowscarada|12/100
|-unboost|p2a: Great Tusk|def|1
|-unboost|p2a: Great Tusk|spd|1
|
|upkeep
|turn|11
|
|t:|1769406234
|move|p1a: Meowscarada|Flower Trick|p2a: Great Tusk
|-supereffective|p2a: Great Tusk
|-crit|p2a: Great Tusk
|-damage|p2a: Great Tusk|0 fnt
|faint|p2a: Great Tusk
|-end|p2a: Great Tusk|Protosynthesis|[silent]
|
|upkeep
|
|t:|1769406241
|switch|p2a: Greninja|Greninja, F|100/100
|turn|12
|
|t:|1769406248
|move|p1a: Meowscarada|Flower Trick|p2a: Greninja
|-supereffective|p2a: Greninja
|-crit|p2a: Greninja
|-damage|p2a: Greninja|0 fnt
|faint|p2a: Greninja
|
|upkeep
|
|t:|1769406255
|switch|p2a: Walking Wake|Walking Wake|100/100
|turn|13
|
|t:|1769406261
|move|p1a: Meowscarada|Play Rough|p2a: Walking Wake
|-supereffective|p2a: Walking Wake
|-damage|p2a: Walking Wake|51/100
|move|p2a: Walking Wake|Sunny Day|p2a: Walking Wake
|-weather|SunnyDay
|-activate|p2a: Walking Wake|ability: Protosynthesis
|-start|p2a: Walking Wake|protosynthesisspa
|
|-weather|SunnyDay|[upkeep]
|upkeep
|turn|14
|
|t:|1769406270
|move|p1a: Meowscarada|Knock Off|p2a: Walking Wake
|-damage|p2a: Walking Wake|21/100
|-enditem|p2a: Walking Wake|Life Orb|[from] move: Knock Off|[of] p1a: Meowscarada
|move|p2a: Walking Wake|Weather Ball|p1a: Meowscarada
|-supereffective|p1a: Meowscarada
|-damage|p1a: Meowscarada|0 fnt
|faint|p1a: Meowscarada
|
|-weather|SunnyDay|[upkeep]
|upkeep
|
|t:|1769406278
|switch|p1a: Dragapult|Dragapult, M|100/100
|turn|15
|
|t:|1769406283
|move|p1a: Dragapult|Draco Meteor|p2a: Walking Wake
|-supereffective|p2a: Walking Wake
|-damage|p2a: Walking Wake|0 fnt
|-unboost|p1a: Dragapult|spa|2
|faint|p2a: Walking Wake
|-end|p2a: Walking Wake|Protosynthesis|[silent]
|
|win|sephy69
|raw|sephy69's rating: 1105 &rarr; <strong>1127</strong><br />(+22 for winning)
|raw|rex756w11's rating: 1067 &rarr; <strong>1049</strong><br />(-18 for losing)
|l|☆sephy69
|player|p1|
|l|☆rex756w11
|player|p2|
