|j|☆bowgartking
|j|☆mrporksin
|t:|1769352231
|gametype|singles
|player|p1|bowgartking|fisherman-gen4|1345
|player|p2|mrporksin|102|1343
|gen|9
|tier|[Gen 9] OU
|rated|
|rule|HP Percentage Mod: HP is shown in percentages
|rule|Endless Battle Clause: Forcing endless battles is banned
|rule|Species Clause: Limit one of each Pokémon
|rule|OHKO Clause: OHKO moves are banned
|rule|Evasion Items Clause: Evasion items are banned
|rule|Evasion Moves Clause: Evasion moves are banned
|rule|Evasion Abilities Clause: Evasion abilities are banned
|rule|Sleep Moves Clause: Sleep-inducing moves are banned
|clearpoke
|poke|p1|Samurott-Hisui, M|
|poke|p1|Heatran, F|
|poke|p1|Gholdengo|
|poke|p1|Landorus-Therian, M|
|poke|p1|Kyurem|
|poke|p1|Tsareena, F|
|poke|p2|Garchomp, M|
|poke|p2|Ceruledge, F|
|poke|p2|Deoxys-Speed|
|poke|p2|Blaziken, F|
|poke|p2|Raging Bolt|
|poke|p2|Cryogonal|
|teampreview
|
|t:|1769352257
|teamsize|p1|6
|teamsize|p2|6
|start
|switch|p1a: Tsareena|Tsareena, F|100/100
|switch|p2a: Blaziken|Blaziken, F, shiny|100/100
|turn|1
|
|t:|1769352261
|switch|p1a: Landorus|Landorus-Therian, M|100/100
|-ability|p1a: Landorus|Intimidate|boost
|-unboost|p2a: Blaziken|atk|1
|move|p2a: Blaziken|Focus Energy|p2a: Blaziken
|-start|p2a: Blaziken|move: Focus Energy
|
|-ability|p2a: Blaziken|Speed Boost|boost
|-boost|p2a: Blaziken|spe|1
|upkeep
|turn|2
|
|t:|1769352268
|move|p2a: Blaziken|Overheat|p1a: Landorus
|-crit|p1a: Landorus
|-damage|p1a: Landorus|0 fnt
|-unboost|p2a: Blaziken|spa|2
|faint|p1a: Landorus
|
|-ability|p2a: Blaziken|Speed Boost|boost
|-boost|p2a: Blaziken|spe|1
|upkeep
|
|t:|1769352273
|switch|p1a: Heatran|Heatran, F|100/100
|turn|3
|
|t:|1769352275
|-terastallize|p1a: Heatran|Ghost
|move|p2a: Blaziken|Close Combat|p1a: Heatran
|-immune|p1a: Heatran
|move|p1a: Heatran|Earth Power|p2a: Blaziken
|-supereffective|p2a: Blaziken
|-damage|p2a: Blaziken|0 fnt
|faint|p2a: Blaziken
|
|upkeep
|
|t:|1769352287
|switch|p2a: Garchomp|Garchomp, M|100/100
|turn|4
|
|t:|1769352290
|move|p1a: Heatran|Taunt|p2a: Garchomp
|-start|p2a: Garchomp|move: Taunt
|cant|p2a: Garchomp|move: Taunt|Stealth Rock
|
|upkeep
|turn|5
|
|t:|1769352293
|move|p1a: Heatran|Will-O-Wisp|p2a: Garchomp
|-status|p2a: Garchomp|brn
|move|p2a: Garchomp|Earthquake|p1a: Heatran
|-damage|p1a: Heatran|78/100
|
|-heal|p1a: Heatran|84/100|[from] item: Leftovers
|-damage|p2a: Garchomp|94/100 brn|[from] brn
|upkeep
|turn|6
|
|t:|1769352295
|switch|p1a: Kyurem|Kyurem|100/100
|-ability|p1a: Kyurem|Pressure
|move|p2a: Garchomp|Dragon Tail|p1a: Kyurem
|-supereffective|p1a: Kyurem
|-damage|p1a: Kyurem|75/100
|drag|p1a: Gholdengo|Gholdengo|100/100
|
|-damage|p2a: Garchomp|88/100 brn|[from] brn
|-end|p2a: Garchomp|move: Taunt
|upkeep
|turn|7
|
|t:|1769352301
|switch|p1a: Tsareena|Tsareena, F|100/100
|move|p2a: Garchomp|Stealth Rock|p1a: Tsareena
|-sidestart|p1: bowgartking|move: Stealth Rock
|
|-damage|p2a: Garchomp|82/100 brn|[from] brn
|upkeep
|turn|8
|
|t:|1769352304
|move|p2a: Garchomp|Spikes|p1a: Tsareena
|-sidestart|p1: bowgartking|Spikes
|move|p1a: Tsareena|Rapid Spin|p2a: Garchomp
|-damage|p2a: Garchomp|70/100 brn
|-boost|p1a: Tsareena|spe|1
|-damage|p1a: Tsareena|88/100|[from] ability: Rough Skin|[of] p2a: Garchomp
|-damage|p1a: Tsareena|71/100|[from] item: Rocky Helmet|[of] p2a: Garchomp
|-sideend|p1: bowgartking|Spikes|[from] move: Rapid Spin|[of] p1a: Tsareena
|-sideend|p1: bowgartking|Stealth Rock|[from] move: Rapid Spin|[of] p1a: Tsareena
|
|-damage|p2a: Garchomp|64/100 brn|[from] brn
|upkeep
|turn|9
|
|t:|1769352308
|switch|p1a: Samurott|Samurott-Hisui, M|100/100
|move|p2a: Garchomp|Stealth Rock|p1a: Samurott
|-sidestart|p1: bowgartking|move: Stealth Rock
|
|-damage|p2a: Garchomp|58/100 brn|[from] brn
|upkeep
|turn|10
|
|t:|1769352310
|move|p1a: Samurott|Ceaseless Edge|p2a: Garchomp
|-damage|p2a: Garchomp|16/100 brn
|-damage|p1a: Samurott|88/100|[from] ability: Rough Skin|[of] p2a: Garchomp
|-damage|p1a: Samurott|72/100|[from] item: Rocky Helmet|[of] p2a: Garchomp
|-sidestart|p2: mrporksin|Spikes
|move|p2a: Garchomp|Spikes|p1a: Samurott
|-sidestart|p1: bowgartking|Spikes
|
|-damage|p2a: Garchomp|9/100 brn|[from] brn
|upkeep
|turn|11
|
|t:|1769352313
|move|p1a: Samurott|Ceaseless Edge|p2a: Garchomp|[miss]
|-miss|p1a: Samurott|p2a: Garchomp
|move|p2a: Garchomp|Spikes|p1a: Samurott
|-sidestart|p1: bowgartking|Spikes
|
|-damage|p2a: Garchomp|3/100 brn|[from] brn
|upkeep
|turn|12
|
|t:|1769352315
|move|p1a: Samurott|Ceaseless Edge|p2a: Garchomp|[miss]
|-miss|p1a: Samurott|p2a: Garchomp
|move|p2a: Garchomp|Spikes|p1a: Samurott
|-sidestart|p1: bowgartking|Spikes
|
|-damage|p2a: Garchomp|0 fnt|[from] brn
|faint|p2a: Garchomp
|upkeep
|c|☆bowgartking|okay
|
|t:|1769352320
|switch|p2a: Deoxys|Deoxys-Speed|100/100
|-damage|p2a: Deoxys|88/100|[from] Spikes
|-ability|p2a: Deoxys|Pressure
|turn|13
|
|t:|1769352324
|switch|p1a: Gholdengo|Gholdengo|100/100
|-damage|p1a: Gholdengo|94/100|[from] Stealth Rock
|-damage|p1a: Gholdengo|70/100|[from] Spikes
|move|p2a: Deoxys|Superpower|p1a: Gholdengo
|-immune|p1a: Gholdengo
|
|upkeep
|turn|14
|
|t:|1769352327
|switch|p2a: Raging Bolt|Raging Bolt|100/100
|-damage|p2a: Raging Bolt|88/100|[from] Spikes
|move|p1a: Gholdengo|Shadow Ball|p2a: Raging Bolt
|-damage|p2a: Raging Bolt|53/100
|
|-heal|p2a: Raging Bolt|59/100|[from] item: Leftovers
|upkeep
|turn|15
|
|t:|1769352330
|move|p1a: Gholdengo|Nasty Plot|p1a: Gholdengo
|-boost|p1a: Gholdengo|spa|2
|move|p2a: Raging Bolt|Calm Mind|p2a: Raging Bolt
|-boost|p2a: Raging Bolt|spa|1
|-boost|p2a: Raging Bolt|spd|1
|
|-heal|p2a: Raging Bolt|65/100|[from] item: Leftovers
|upkeep
|turn|16
|
|t:|1769352339
|move|p1a: Gholdengo|Make It Rain|p2a: Raging Bolt
|-resisted|p2a: Raging Bolt
|-damage|p2a: Raging Bolt|29/100
|-unboost|p1a: Gholdengo|spa|1
|move|p2a: Raging Bolt|Discharge|p1a: Gholdengo
|-damage|p1a: Gholdengo|10/100
|
|-heal|p2a: Raging Bolt|35/100|[from] item: Leftovers
|upkeep
|turn|17
|
|t:|1769352347
|move|p2a: Raging Bolt|Thunderclap||[still]
|-fail|p2a: Raging Bolt
|move|p1a: Gholdengo|Nasty Plot|p1a: Gholdengo
|-boost|p1a: Gholdengo|spa|2
|
|-heal|p2a: Raging Bolt|41/100|[from] item: Leftovers
|upkeep
|turn|18
|
|t:|1769352349
|move|p1a: Gholdengo|Shadow Ball|p2a: Raging Bolt
|-damage|p2a: Raging Bolt|0 fnt
|faint|p2a: Raging Bolt
|-end|p2a: Raging Bolt|Protosynthesis|[silent]
|
|upkeep
|
|t:|1769352352
|switch|p2a: Ceruledge|Ceruledge, F|100/100
|-damage|p2a: Ceruledge|88/100|[from] Spikes
|turn|19
|
|t:|1769352357
|move|p2a: Ceruledge|Shadow Sneak|p1a: Gholdengo
|-supereffective|p1a: Gholdengo
|-damage|p1a: Gholdengo|0 fnt
|faint|p1a: Gholdengo
|
|-heal|p2a: Ceruledge|94/100|[from] item: Leftovers
|upkeep
|
|t:|1769352361
|switch|p1a: Samurott|Samurott-Hisui, M|72/100
|-damage|p1a: Samurott|59/100|[from] Stealth Rock
|-damage|p1a: Samurott|34/100|[from] Spikes
|turn|20
|
|t:|1769352371
|-terastallize|p2a: Ceruledge|Fighting
|move|p1a: Samurott|Sucker Punch||[still]
|-fail|p1a: Samurott
|move|p2a: Ceruledge|Swords Dance|p2a: Ceruledge
|-boost|p2a: Ceruledge|atk|2
|
|-heal|p2a: Ceruledge|99/100|[from] item: Leftovers
|upkeep
|turn|21
|-message|bowgartking forfeited.
|
|win|mrporksin
|raw|bowgartking's rating: 1345 &rarr; <strong>1325</strong><br />(-20 for losing)
|raw|mrporksin's rating: 1343 &rarr; <strong>1363</strong><br />(+20 for winning)
|l|☆bowgartking
|player|p1|
|l|☆mrporksin
|player|p2|
