|j|☆AliB_16
|j|☆thegtothen
|t:|1769390869
|gametype|singles
|player|p1|AliB_16|2|1366
|player|p2|thegtothen|plasmagrunt-gen5bw|1294
|gen|9
|tier|[Gen 9] OU
|rated|
|rule|HP Percentage Mod: HP is shown in percentages
|rule|Endless Battle Clause: Forcing endless battles is banned
|rule|Species Clause: Limit one of each Pokémon
|rule|OHKO Clause: OHKO moves are banned
|rule|Evasion Items Clause: Evasion items are banned
|rule|Evasion Moves Clause: Evasion moves are banned
|rule|Evasion Abilities Clause: Evasion abilities are banned
|rule|Sleep Moves Clause: Sleep-inducing moves are banned
|clearpoke
|poke|p1|Kingambit, M|
|poke|p1|Great Tusk|
|poke|p1|Rillaboom, M|
|poke|p1|Enamorus, F|
|poke|p1|Garganacl, F|
|poke|p1|Slowking-Galar, M|
|poke|p2|Tentacruel, F|
|poke|p2|Vaporeon, M|
|poke|p2|Registeel|
|poke|p2|Scream Tail|
|poke|p2|Blissey, F|
|poke|p2|Forretress, M|
|teampreview
|
|t:|1769390885
|teamsize|p1|6
|teamsize|p2|6
|start
|switch|p1a: Garganacl|Garganacl, F|100/100
|switch|p2a: Forretress|Forretress, M, shiny|100/100
|turn|1
|
|t:|1769390899
|move|p1a: Garganacl|Salt Cure|p2a: Forretress
|-damage|p2a: Forretress|91/100
|-start|p2a: Forretress|Salt Cure
|move|p2a: Forretress|Volt Switch|p1a: Garganacl
|-damage|p1a: Garganacl|92/100
|
|t:|1769390920
|switch|p2a: Vaporeon|Vaporeon, M, shiny|100/100|[from] Volt Switch
|
|-heal|p1a: Garganacl|99/100|[from] item: Leftovers
|upkeep
|turn|2
|
|t:|1769390930
|move|p2a: Vaporeon|Wish|p2a: Vaporeon
|move|p1a: Garganacl|Salt Cure|p2a: Vaporeon
|-damage|p2a: Vaporeon|91/100
|-start|p2a: Vaporeon|Salt Cure
|
|-heal|p1a: Garganacl|100/100|[from] item: Leftovers
|-damage|p2a: Vaporeon|66/100|[from] Salt Cure
|upkeep
|turn|3
|
|t:|1769390941
|move|p1a: Garganacl|Stealth Rock|p2a: Vaporeon
|-sidestart|p2: thegtothen|move: Stealth Rock
|move|p2a: Vaporeon|Roar|p1a: Garganacl
|drag|p1a: Enamorus|Enamorus, F|100/100
|
|-heal|p2a: Vaporeon|100/100|[from] move: Wish|[wisher] Vaporeon
|-damage|p2a: Vaporeon|76/100|[from] Salt Cure
|upkeep
|turn|4
|
|t:|1769390953
|switch|p1a: Rillaboom|Rillaboom, M|100/100
|-fieldstart|move: Grassy Terrain|[from] ability: Grassy Surge|[of] p1a: Rillaboom
|move|p2a: Vaporeon|Scald|p1a: Rillaboom
|-resisted|p1a: Rillaboom
|-damage|p1a: Rillaboom|79/100
|
|-heal|p1a: Rillaboom|85/100|[from] Grassy Terrain
|-heal|p2a: Vaporeon|82/100|[from] Grassy Terrain
|-damage|p2a: Vaporeon|57/100|[from] Salt Cure
|upkeep
|turn|5
|
|t:|1769390983
|switch|p2a: Scream Tail|Scream Tail, shiny|100/100
|-damage|p2a: Scream Tail|88/100|[from] Stealth Rock
|-item|p2a: Scream Tail|Air Balloon
|move|p1a: Rillaboom|Knock Off|p2a: Scream Tail
|-damage|p2a: Scream Tail|55/100
|-enditem|p2a: Scream Tail|Air Balloon
|
|-heal|p2a: Scream Tail|61/100|[from] Grassy Terrain
|-heal|p1a: Rillaboom|91/100|[from] Grassy Terrain
|upkeep
|turn|6
|
|t:|1769390994
|switch|p1a: Slowking|Slowking-Galar, M|100/100
|move|p2a: Scream Tail|Perish Song|p2a: Scream Tail
|-start|p1a: Slowking|perish3|[silent]
|-start|p2a: Scream Tail|perish3|[silent]
|-fieldactivate|move: Perish Song
|
|-heal|p2a: Scream Tail|67/100|[from] Grassy Terrain
|-start|p2a: Scream Tail|perish3
|-start|p1a: Slowking|perish3
|upkeep
|turn|7
|
|t:|1769391004
|switch|p1a: Rillaboom|Rillaboom, M|91/100
|move|p2a: Scream Tail|Stealth Rock|p1a: Rillaboom
|-sidestart|p1: AliB_16|move: Stealth Rock
|
|-heal|p2a: Scream Tail|74/100|[from] Grassy Terrain
|-heal|p1a: Rillaboom|98/100|[from] Grassy Terrain
|-start|p2a: Scream Tail|perish2
|upkeep
|turn|8
|
|t:|1769391012
|move|p2a: Scream Tail|Wish|p2a: Scream Tail
|move|p1a: Rillaboom|U-turn|p2a: Scream Tail
|-damage|p2a: Scream Tail|48/100
|
|t:|1769391017
|switch|p1a: Slowking|Slowking-Galar, M|100/100|[from] U-turn
|-damage|p1a: Slowking|88/100|[from] Stealth Rock
|
|-heal|p2a: Scream Tail|54/100|[from] Grassy Terrain
|-heal|p1a: Slowking|94/100|[from] Grassy Terrain
|-start|p2a: Scream Tail|perish1
|-fieldend|move: Grassy Terrain
|upkeep
|turn|9
|
|t:|1769391027
|-end|p2a: Scream Tail|Protosynthesis|[silent]
|switch|p2a: Vaporeon|Vaporeon, M, shiny|57/100
|-damage|p2a: Vaporeon|45/100|[from] Stealth Rock
|move|p1a: Slowking|Sludge Bomb|p2a: Vaporeon
|-damage|p2a: Vaporeon|11/100
|
|-heal|p2a: Vaporeon|58/100|[from] move: Wish|[wisher] Scream Tail
|upkeep
|turn|10
|
|t:|1769391046
|move|p2a: Vaporeon|Wish|p2a: Vaporeon
|move|p1a: Slowking|Sludge Bomb|p2a: Vaporeon
|-damage|p2a: Vaporeon|27/100
|
|upkeep
|turn|11
|
|t:|1769391055
|move|p2a: Vaporeon|Protect|p2a: Vaporeon
|-singleturn|p2a: Vaporeon|Protect
|move|p1a: Slowking|Sludge Bomb|p2a: Vaporeon
|-activate|p2a: Vaporeon|move: Protect
|
|-heal|p2a: Vaporeon|77/100|[from] move: Wish|[wisher] Vaporeon
|upkeep
|turn|12
|
|t:|1769391066
|switch|p2a: Tentacruel|Tentacruel, F, shiny|100/100
|-damage|p2a: Tentacruel|88/100|[from] Stealth Rock
|move|p1a: Slowking|Sludge Bomb|p2a: Tentacruel
|-resisted|p2a: Tentacruel
|-damage|p2a: Tentacruel|75/100
|
|-heal|p2a: Tentacruel|81/100|[from] item: Black Sludge
|upkeep
|turn|13
|
|t:|1769391075
|move|p2a: Tentacruel|Knock Off|p1a: Slowking
|-supereffective|p1a: Slowking
|-damage|p1a: Slowking|61/100
|-enditem|p1a: Slowking|Assault Vest|[from] move: Knock Off|[of] p2a: Tentacruel
|move|p1a: Slowking|Psyshock|p2a: Tentacruel
|-supereffective|p2a: Tentacruel
|-damage|p2a: Tentacruel|0 fnt
|faint|p2a: Tentacruel
|
|upkeep
|
|t:|1769391089
|switch|p2a: Registeel|Registeel, shiny|100/100
|-damage|p2a: Registeel|94/100|[from] Stealth Rock
|turn|14
|
|t:|1769391093
|move|p2a: Registeel|Curse|p2a: Registeel
|-unboost|p2a: Registeel|spe|1
|-boost|p2a: Registeel|atk|1
|-boost|p2a: Registeel|def|1
|move|p1a: Slowking|Flamethrower|p2a: Registeel
|-supereffective|p2a: Registeel
|-crit|p2a: Registeel
|-damage|p2a: Registeel|48/100
|
|-heal|p2a: Registeel|54/100|[from] item: Leftovers
|upkeep
|turn|15
|
|t:|1769391109
|move|p1a: Slowking|Flamethrower|p2a: Registeel
|-supereffective|p2a: Registeel
|-damage|p2a: Registeel|24/100
|move|p2a: Registeel|Substitute|p2a: Registeel
|-fail|p2a: Registeel|move: Substitute|[weak]
|
|-heal|p2a: Registeel|30/100|[from] item: Leftovers
|upkeep
|turn|16
|-message|thegtothen forfeited.
|
|win|AliB_16
|raw|AliB_16's rating: 1366 &rarr; <strong>1382</strong><br />(+16 for winning)
|raw|thegtothen's rating: 1294 &rarr; <strong>1274</strong><br />(-20 for losing)
|l|☆thegtothen
|player|p2|
