|j|☆xxblazefire
|j|☆masterkisame123
|t:|1769323576
|gametype|singles
|player|p1|xxblazefire|cynthia|1299
|player|p2|masterkisame123|wallace-masters|1341
|gen|9
|tier|[Gen 9] OU
|rated|
|rule|HP Percentage Mod: HP is shown in percentages
|rule|Endless Battle Clause: Forcing endless battles is banned
|rule|Species Clause: Limit one of each Pokémon
|rule|OHKO Clause: OHKO moves are banned
|rule|Evasion Items Clause: Evasion items are banned
|rule|Evasion Moves Clause: Evasion moves are banned
|rule|Evasion Abilities Clause: Evasion abilities are banned
|rule|Sleep Moves Clause: Sleep-inducing moves are banned
|clearpoke
|poke|p1|Ogerpon-Wellspring, F|
|poke|p1|Weezing-Galar, M|
|poke|p1|Great Tusk|
|poke|p1|Garganacl, F|
|poke|p1|Dragapult, M|
|poke|p1|Iron Valiant|
|poke|p2|Swampert, M|
|poke|p2|Heatran, M|
|poke|p2|Amoonguss, M|
|poke|p2|Zapdos|
|poke|p2|Garganacl, M|
|poke|p2|Scizor, M|
|teampreview
|inactive|Battle timer is ON: inactive players will automatically lose when time's up. (requested by masterkisame123)
|inactive|xxblazefire also wants the timer to be on.
|
|t:|1769323595
|teamsize|p1|6
|teamsize|p2|6
|start
|switch|p1a: Great Tusk|Great Tusk, shiny|100/100
|switch|p2a: Zapdos|Zapdos|100/100
|turn|1
|
|t:|1769323602
|move|p1a: Great Tusk|Rapid Spin|p2a: Zapdos
|-damage|p2a: Zapdos|81/100
|-boost|p1a: Great Tusk|spe|1
|move|p2a: Zapdos|Hurricane|p1a: Great Tusk
|-supereffective|p1a: Great Tusk
|-damage|p1a: Great Tusk|0 fnt
|faint|p1a: Great Tusk
|-end|p1a: Great Tusk|Protosynthesis|[silent]
|
|upkeep
|
|t:|1769323616
|switch|p1a: Garganacl|Garganacl, F|100/100
|turn|2
|
|t:|1769323619
|move|p2a: Zapdos|Volt Switch|p1a: Garganacl
|-damage|p1a: Garganacl|77/100
|
|t:|1769323622
|switch|p2a: Amoonguss|Amoonguss, M|100/100|[from] Volt Switch
|move|p1a: Garganacl|Salt Cure|p2a: Amoonguss
|-damage|p2a: Amoonguss|91/100
|-start|p2a: Amoonguss|Salt Cure
|
|-heal|p1a: Garganacl|84/100|[from] item: Leftovers
|-damage|p2a: Amoonguss|79/100|[from] Salt Cure
|upkeep
|turn|3
|
|t:|1769323638
|-terastallize|p1a: Garganacl|Flying
|move|p1a: Garganacl|Iron Defense|p1a: Garganacl
|-boost|p1a: Garganacl|def|2
|move|p2a: Amoonguss|Foul Play|p1a: Garganacl
|-damage|p1a: Garganacl|76/100
|
|-heal|p1a: Garganacl|83/100|[from] item: Leftovers
|-damage|p2a: Amoonguss|67/100|[from] Salt Cure
|upkeep
|turn|4
|
|t:|1769323650
|move|p1a: Garganacl|Salt Cure|p2a: Amoonguss
|-damage|p2a: Amoonguss|56/100
|move|p2a: Amoonguss|Clear Smog|p1a: Garganacl
|-damage|p1a: Garganacl|72/100
|-clearboost|p1a: Garganacl
|
|-heal|p1a: Garganacl|78/100|[from] item: Leftovers
|-damage|p2a: Amoonguss|44/100|[from] Salt Cure
|upkeep
|turn|5
|
|t:|1769323664
|move|p1a: Garganacl|Salt Cure|p2a: Amoonguss
|-damage|p2a: Amoonguss|34/100
|move|p2a: Amoonguss|Synthesis|p2a: Amoonguss
|-heal|p2a: Amoonguss|84/100
|
|-heal|p1a: Garganacl|84/100|[from] item: Leftovers
|-damage|p2a: Amoonguss|71/100|[from] Salt Cure
|upkeep
|turn|6
|
|t:|1769323674
|move|p1a: Garganacl|Iron Defense|p1a: Garganacl
|-boost|p1a: Garganacl|def|2
|move|p2a: Amoonguss|Foul Play|p1a: Garganacl
|-damage|p1a: Garganacl|76/100
|
|-heal|p1a: Garganacl|83/100|[from] item: Leftovers
|-damage|p2a: Amoonguss|59/100|[from] Salt Cure
|upkeep
|turn|7
|
|t:|1769323683
|move|p1a: Garganacl|Iron Defense|p1a: Garganacl
|-boost|p1a: Garganacl|def|2
|move|p2a: Amoonguss|Clear Smog|p1a: Garganacl
|-damage|p1a: Garganacl|72/100
|-clearboost|p1a: Garganacl
|
|-heal|p1a: Garganacl|78/100|[from] item: Leftovers
|-damage|p2a: Amoonguss|47/100|[from] Salt Cure
|upkeep
|turn|8
|
|t:|1769323701
|move|p1a: Garganacl|Salt Cure|p2a: Amoonguss
|-damage|p2a: Amoonguss|37/100
|move|p2a: Amoonguss|Synthesis|p2a: Amoonguss
|-heal|p2a: Amoonguss|87/100
|
|-heal|p1a: Garganacl|84/100|[from] item: Leftovers
|-damage|p2a: Amoonguss|75/100|[from] Salt Cure
|upkeep
|turn|9
|
|t:|1769323714
|switch|p2a: Scizor|Scizor, M|100/100
|move|p1a: Garganacl|Body Press|p2a: Scizor
|-damage|p2a: Scizor|78/100
|
|-heal|p1a: Garganacl|91/100|[from] item: Leftovers
|upkeep
|turn|10
|
|t:|1769323726
|move|p2a: Scizor|Knock Off|p1a: Garganacl
|-damage|p1a: Garganacl|66/100
|-enditem|p1a: Garganacl|Leftovers|[from] move: Knock Off|[of] p2a: Scizor
|move|p1a: Garganacl|Salt Cure|p2a: Scizor
|-damage|p2a: Scizor|65/100
|-start|p2a: Scizor|Salt Cure
|
|-damage|p2a: Scizor|40/100|[from] Salt Cure
|upkeep
|turn|11
|
|t:|1769323736
|switch|p2a: Zapdos|Zapdos|81/100
|move|p1a: Garganacl|Recover|p1a: Garganacl
|-heal|p1a: Garganacl|100/100
|
|upkeep
|turn|12
|
|t:|1769323749
|switch|p1a: Weezing|Weezing-Galar, M|100/100
|move|p2a: Zapdos|Volt Switch|p1a: Weezing
|-damage|p1a: Weezing|49/100
|
|t:|1769323752
|switch|p2a: Heatran|Heatran, M|100/100|[from] Volt Switch
|
|upkeep
|turn|13
|
|t:|1769323761
|move|p2a: Heatran|Flash Cannon|p1a: Weezing
|-supereffective|p1a: Weezing
|-damage|p1a: Weezing|0 fnt
|faint|p1a: Weezing
|
|upkeep
|
|t:|1769323769
|switch|p1a: Dragapult|Dragapult, M, shiny|100/100
|turn|14
|
|t:|1769323773
|-terastallize|p2a: Heatran|Ice
|move|p1a: Dragapult|Hydro Pump|p2a: Heatran
|-crit|p2a: Heatran
|-damage|p2a: Heatran|43/100
|move|p2a: Heatran|Tera Blast|p1a: Dragapult|[anim] Tera Blast Ice
|-supereffective|p1a: Dragapult
|-damage|p1a: Dragapult|0 fnt
|faint|p1a: Dragapult
|
|-heal|p2a: Heatran|49/100|[from] item: Leftovers
|upkeep
|
|t:|1769323792
|switch|p1a: Iron Valiant|Iron Valiant|100/100
|-enditem|p1a: Iron Valiant|Booster Energy
|-activate|p1a: Iron Valiant|ability: Quark Drive|[fromitem]
|-start|p1a: Iron Valiant|quarkdrivespe
|turn|15
|
|t:|1769323804
|switch|p2a: Amoonguss|Amoonguss, M|75/100
|move|p1a: Iron Valiant|Spirit Break|p2a: Amoonguss
|-resisted|p2a: Amoonguss
|-damage|p2a: Amoonguss|61/100
|-unboost|p2a: Amoonguss|spa|1
|-damage|p1a: Iron Valiant|84/100|[from] item: Rocky Helmet|[of] p2a: Amoonguss
|
|upkeep
|turn|16
|
|t:|1769323818
|-end|p1a: Iron Valiant|Quark Drive|[silent]
|switch|p1a: Garganacl|Garganacl, F, tera:Flying|100/100
|move|p2a: Amoonguss|Clear Smog|p1a: Garganacl
|-damage|p1a: Garganacl|94/100
|-clearboost|p1a: Garganacl
|
|upkeep
|turn|17
|
|t:|1769323826
|move|p1a: Garganacl|Salt Cure|p2a: Amoonguss
|-damage|p2a: Amoonguss|51/100
|-start|p2a: Amoonguss|Salt Cure
|move|p2a: Amoonguss|Synthesis|p2a: Amoonguss
|-heal|p2a: Amoonguss|100/100
|
|-damage|p2a: Amoonguss|88/100|[from] Salt Cure
|upkeep
|turn|18
|
|t:|1769323835
|switch|p2a: Zapdos|Zapdos|81/100
|move|p1a: Garganacl|Iron Defense|p1a: Garganacl
|-boost|p1a: Garganacl|def|2
|
|upkeep
|turn|19
|
|t:|1769323844
|move|p2a: Zapdos|Volt Switch|p1a: Garganacl
|-supereffective|p1a: Garganacl
|-damage|p1a: Garganacl|51/100
|
|t:|1769323848
|switch|p2a: Amoonguss|Amoonguss, M|88/100|[from] Volt Switch
|move|p1a: Garganacl|Salt Cure|p2a: Amoonguss
|-damage|p2a: Amoonguss|78/100
|-start|p2a: Amoonguss|Salt Cure
|
|-damage|p2a: Amoonguss|66/100|[from] Salt Cure
|upkeep
|turn|20
|
|t:|1769323857
|switch|p2a: Zapdos|Zapdos|81/100
|move|p1a: Garganacl|Recover|p1a: Garganacl
|-heal|p1a: Garganacl|100/100
|
|upkeep
|turn|21
|
|t:|1769323863
|move|p2a: Zapdos|Volt Switch|p1a: Garganacl
|-supereffective|p1a: Garganacl
|-damage|p1a: Garganacl|51/100
|
|t:|1769323866
|switch|p2a: Amoonguss|Amoonguss, M|66/100|[from] Volt Switch
|move|p1a: Garganacl|Salt Cure|p2a: Amoonguss
|-damage|p2a: Amoonguss|56/100
|-start|p2a: Amoonguss|Salt Cure
|
|-damage|p2a: Amoonguss|44/100|[from] Salt Cure
|upkeep
|turn|22
|
|t:|1769323877
|move|p1a: Garganacl|Salt Cure|p2a: Amoonguss
|-damage|p2a: Amoonguss|34/100
|move|p2a: Amoonguss|Synthesis|p2a: Amoonguss
|-heal|p2a: Amoonguss|84/100
|
|-damage|p2a: Amoonguss|72/100|[from] Salt Cure
|upkeep
|turn|23
|
|t:|1769323888
|move|p1a: Garganacl|Salt Cure|p2a: Amoonguss
|-crit|p2a: Amoonguss
|-damage|p2a: Amoonguss|55/100
|move|p2a: Amoonguss|Clear Smog|p1a: Garganacl
|-damage|p1a: Garganacl|40/100
|-clearboost|p1a: Garganacl
|
|-damage|p2a: Amoonguss|43/100|[from] Salt Cure
|upkeep
|turn|24
|
|t:|1769323898
|move|p1a: Garganacl|Salt Cure|p2a: Amoonguss
|-damage|p2a: Amoonguss|32/100
|move|p2a: Amoonguss|Synthesis|p2a: Amoonguss
|-heal|p2a: Amoonguss|82/100
|
|-damage|p2a: Amoonguss|70/100|[from] Salt Cure
|upkeep
|turn|25
|
|t:|1769323906
|switch|p2a: Zapdos|Zapdos|81/100
|move|p1a: Garganacl|Recover|p1a: Garganacl
|-heal|p1a: Garganacl|90/100
|
|upkeep
|turn|26
|
|t:|1769323921
|move|p2a: Zapdos|Volt Switch|p1a: Garganacl
|-supereffective|p1a: Garganacl
|-damage|p1a: Garganacl|42/100
|
|t:|1769323924
|switch|p2a: Amoonguss|Amoonguss, M|70/100|[from] Volt Switch
|move|p1a: Garganacl|Iron Defense|p1a: Garganacl
|-boost|p1a: Garganacl|def|2
|
|upkeep
|turn|27
|
|t:|1769323933
|move|p1a: Garganacl|Recover|p1a: Garganacl
|-heal|p1a: Garganacl|92/100
|move|p2a: Amoonguss|Clear Smog|p1a: Garganacl
|-crit|p1a: Garganacl
|-damage|p1a: Garganacl|77/100
|-clearboost|p1a: Garganacl
|
|upkeep
|turn|28
|
|t:|1769323941
|switch|p2a: Garganacl|Garganacl, M|100/100
|move|p1a: Garganacl|Salt Cure|p2a: Garganacl
|-damage|p2a: Garganacl|93/100
|-start|p2a: Garganacl|Salt Cure
|
|-heal|p2a: Garganacl|99/100|[from] item: Leftovers
|-damage|p2a: Garganacl|87/100|[from] Salt Cure
|upkeep
|turn|29
|
|t:|1769323956
|move|p1a: Garganacl|Iron Defense|p1a: Garganacl
|-boost|p1a: Garganacl|def|2
|move|p2a: Garganacl|Salt Cure|p1a: Garganacl
|-supereffective|p1a: Garganacl
|-damage|p1a: Garganacl|67/100
|-start|p1a: Garganacl|Salt Cure
|
|-heal|p2a: Garganacl|93/100|[from] item: Leftovers
|-damage|p1a: Garganacl|54/100|[from] Salt Cure
|-damage|p2a: Garganacl|80/100|[from] Salt Cure
|upkeep
|turn|30
|
|t:|1769323966
|switch|p2a: Amoonguss|Amoonguss, M|70/100
|move|p1a: Garganacl|Body Press|p2a: Amoonguss
|-resisted|p2a: Amoonguss
|-damage|p2a: Amoonguss|52/100
|-damage|p1a: Garganacl|38/100|[from] item: Rocky Helmet|[of] p2a: Amoonguss
|
|-damage|p1a: Garganacl|25/100|[from] Salt Cure
|upkeep
|turn|31
|
|t:|1769323980
|switch|p1a: Iron Valiant|Iron Valiant|84/100
|move|p2a: Amoonguss|Clear Smog|p1a: Iron Valiant
|-supereffective|p1a: Iron Valiant
|-damage|p1a: Iron Valiant|26/100
|-clearboost|p1a: Iron Valiant
|
|upkeep
|turn|32
|
|t:|1769323989
|move|p1a: Iron Valiant|Destiny Bond|p1a: Iron Valiant
|-singlemove|p1a: Iron Valiant|Destiny Bond
|move|p2a: Amoonguss|Synthesis|p2a: Amoonguss
|-heal|p2a: Amoonguss|100/100
|
|upkeep
|turn|33
|
|t:|1769323998
|-end|p1a: Iron Valiant|Quark Drive|[silent]
|switch|p1a: Ogerpon|Ogerpon-Wellspring, F|100/100
|move|p2a: Amoonguss|Stun Spore|p1a: Ogerpon
|-immune|p1a: Ogerpon
|
|upkeep
|turn|34
|
|t:|1769324010
|move|p1a: Ogerpon|Swords Dance|p1a: Ogerpon
|-boost|p1a: Ogerpon|atk|2
|move|p2a: Amoonguss|Clear Smog|p1a: Ogerpon
|-supereffective|p1a: Ogerpon
|-damage|p1a: Ogerpon|66/100
|-clearboost|p1a: Ogerpon
|
|upkeep
|turn|35
|c|☆masterkisame123|gg
|
|t:|1769324030
|switch|p1a: Garganacl|Garganacl, F, tera:Flying|25/100
|move|p2a: Amoonguss|Foul Play|p1a: Garganacl
|-damage|p1a: Garganacl|10/100
|
|upkeep
|turn|36
|
|t:|1769324036
|switch|p2a: Zapdos|Zapdos|81/100
|move|p1a: Garganacl|Recover|p1a: Garganacl
|-heal|p1a: Garganacl|60/100
|
|upkeep
|turn|37
|
|t:|1769324043
|move|p2a: Zapdos|Volt Switch|p1a: Garganacl
|-supereffective|p1a: Garganacl
|-damage|p1a: Garganacl|17/100
|
|t:|1769324047
|switch|p2a: Heatran|Heatran, M, tera:Ice|49/100|[from] Volt Switch
|move|p1a: Garganacl|Recover|p1a: Garganacl
|-heal|p1a: Garganacl|67/100
|
|-heal|p2a: Heatran|56/100|[from] item: Leftovers
|upkeep
|turn|38
|
|t:|1769324063
|move|p2a: Heatran|Tera Blast|p1a: Garganacl|[anim] Tera Blast Ice
|-supereffective|p1a: Garganacl
|-damage|p1a: Garganacl|4/100
|move|p1a: Garganacl|Body Press|p2a: Heatran
|-supereffective|p2a: Heatran
|-damage|p2a: Heatran|16/100
|
|-heal|p2a: Heatran|23/100|[from] item: Leftovers
|upkeep
|turn|39
|
|t:|1769324077
|switch|p1a: Ogerpon|Ogerpon-Wellspring, F|66/100
|move|p2a: Heatran|Lava Plume|p1a: Ogerpon
|-damage|p1a: Ogerpon|16/100
|
|-heal|p2a: Heatran|29/100|[from] item: Leftovers
|upkeep
|turn|40
|
|t:|1769324086
|switch|p2a: Amoonguss|Amoonguss, M|100/100
|move|p1a: Ogerpon|Horn Leech|p2a: Amoonguss
|-resisted|p2a: Amoonguss
|-damage|p2a: Amoonguss|92/100
|-heal|p1a: Ogerpon|22/100|[from] drain|[of] p2a: Amoonguss
|-damage|p1a: Ogerpon|5/100|[from] item: Rocky Helmet|[of] p2a: Amoonguss
|
|upkeep
|turn|41
|
|t:|1769324097
|switch|p1a: Iron Valiant|Iron Valiant|26/100
|move|p2a: Amoonguss|Foul Play|p1a: Iron Valiant
|-resisted|p1a: Iron Valiant
|-damage|p1a: Iron Valiant|15/100
|
|upkeep
|turn|42
|
|t:|1769324106
|move|p1a: Iron Valiant|Swords Dance|p1a: Iron Valiant
|-boost|p1a: Iron Valiant|atk|2
|move|p2a: Amoonguss|Stun Spore|p1a: Iron Valiant
|-status|p1a: Iron Valiant|par
|
|upkeep
|turn|43
|
|t:|1769324114
|move|p1a: Iron Valiant|Destiny Bond|p1a: Iron Valiant
|-singlemove|p1a: Iron Valiant|Destiny Bond
|move|p2a: Amoonguss|Synthesis|p2a: Amoonguss
|-heal|p2a: Amoonguss|100/100
|
|upkeep
|turn|44
|
|t:|1769324120
|switch|p2a: Scizor|Scizor, M|40/100
|move|p1a: Iron Valiant|Spirit Break|p2a: Scizor
|-resisted|p2a: Scizor
|-damage|p2a: Scizor|4/100
|-unboost|p2a: Scizor|spa|1
|
|upkeep
|turn|45
|
|t:|1769324130
|move|p2a: Scizor|Bullet Punch|p1a: Iron Valiant
|-supereffective|p1a: Iron Valiant
|-damage|p1a: Iron Valiant|0 fnt
|faint|p1a: Iron Valiant
|-end|p1a: Iron Valiant|Quark Drive|[silent]
|
|upkeep
|
|t:|1769324137
|switch|p1a: Garganacl|Garganacl, F, tera:Flying|4/100
|turn|46
|
|t:|1769324141
|move|p2a: Scizor|Bullet Punch|p1a: Garganacl
|-damage|p1a: Garganacl|0 fnt
|faint|p1a: Garganacl
|
|upkeep
|
|t:|1769324146
|switch|p1a: Ogerpon|Ogerpon-Wellspring, F|5/100
|turn|47
|
|t:|1769324150
|switch|p2a: Amoonguss|Amoonguss, M|100/100
|move|p1a: Ogerpon|Horn Leech|p2a: Amoonguss
|-resisted|p2a: Amoonguss
|-damage|p2a: Amoonguss|93/100
|-heal|p1a: Ogerpon|11/100|[from] drain|[of] p2a: Amoonguss
|-damage|p1a: Ogerpon|0 fnt|[from] item: Rocky Helmet|[of] p2a: Amoonguss
|faint|p1a: Ogerpon
|
|win|masterkisame123
|raw|xxblazefire's rating: 1299 &rarr; <strong>1277</strong><br />(-22 for losing)
|raw|masterkisame123's rating: 1341 &rarr; <strong>1359</strong><br />(+18 for winning)
|l|☆xxblazefire
|player|p1|
