|j|☆151htyrneh
|j|☆smithwick1
|t:|1769338666
|gametype|singles
|player|p1|151htyrneh|wallace|1682
|player|p2|smithwick1|266|1725
|gen|9
|tier|[Gen 9] OU
|rated|
|rule|HP Percentage Mod: HP is shown in percentages
|rule|Endless Battle Clause: Forcing endless battles is banned
|rule|Species Clause: Limit one of each Pokémon
|rule|OHKO Clause: OHKO moves are banned
|rule|Evasion Items Clause: Evasion items are banned
|rule|Evasion Moves Clause: Evasion moves are banned
|rule|Evasion Abilities Clause: Evasion abilities are banned
|rule|Sleep Moves Clause: Sleep-inducing moves are banned
|clearpoke
|poke|p1|Glimmora, M|
|poke|p1|Landorus-Therian, M|
|poke|p1|Kyurem|
|poke|p1|Kingambit, F|
|poke|p1|Iron Valiant|
|poke|p1|Cinderace, M|
|poke|p2|Kyurem|
|poke|p2|Rillaboom, M|
|poke|p2|Garganacl, F|
|poke|p2|Pecharunt|
|poke|p2|Iron Treads|
|poke|p2|Zamazenta-*|
|teampreview
|
|t:|1769338685
|teamsize|p1|6
|teamsize|p2|6
|start
|switch|p1a: Kyurem|Kyurem|100/100
|switch|p2a: Iron Treads|Iron Treads|100/100
|-ability|p1a: Kyurem|Pressure
|turn|1
|
|t:|1769338689
|switch|p1a: Landorus|Landorus-Therian, M|100/100
|-ability|p1a: Landorus|Intimidate|boost
|-unboost|p2a: Iron Treads|atk|1
|move|p2a: Iron Treads|Knock Off|p1a: Landorus
|-damage|p1a: Landorus|81/100
|-damage|p2a: Iron Treads|84/100|[from] item: Rocky Helmet|[of] p1a: Landorus
|-enditem|p1a: Landorus|Rocky Helmet|[from] move: Knock Off|[of] p2a: Iron Treads
|
|upkeep
|turn|2
|
|t:|1769338694
|move|p2a: Iron Treads|Ice Spinner|p1a: Landorus
|-supereffective|p1a: Landorus
|-damage|p1a: Landorus|21/100
|move|p1a: Landorus|Earthquake|p2a: Iron Treads
|-supereffective|p2a: Iron Treads
|-damage|p2a: Iron Treads|7/100
|
|upkeep
|turn|3
|
|t:|1769338702
|switch|p1a: Cinderace|Cinderace, M|100/100
|move|p2a: Iron Treads|Knock Off|p1a: Cinderace
|-damage|p1a: Cinderace|71/100
|-enditem|p1a: Cinderace|Heavy-Duty Boots|[from] move: Knock Off|[of] p2a: Iron Treads
|
|upkeep
|turn|4
|
|t:|1769338711
|-end|p2a: Iron Treads|Quark Drive|[silent]
|switch|p2a: Pecharunt|Pecharunt|100/100
|move|p1a: Cinderace|U-turn|p2a: Pecharunt
|-start|p1a: Cinderace|typechange|Bug|[from] ability: Libero
|-resisted|p2a: Pecharunt
|-damage|p2a: Pecharunt|95/100
|
|t:|1769338715
|switch|p1a: Kingambit|Kingambit, F|100/100|[from] U-turn
|
|upkeep
|turn|5
|
|t:|1769338721
|move|p2a: Pecharunt|Parting Shot|p1a: Kingambit
|-unboost|p1a: Kingambit|atk|1
|-unboost|p1a: Kingambit|spa|1
|
|t:|1769338724
|switch|p2a: Zamazenta|Zamazenta|100/100|[from] Parting Shot
|-ability|p2a: Zamazenta|Dauntless Shield|boost
|-boost|p2a: Zamazenta|def|1
|move|p1a: Kingambit|Kowtow Cleave|p2a: Zamazenta
|-resisted|p2a: Zamazenta
|-damage|p2a: Zamazenta|91/100
|
|-heal|p2a: Zamazenta|97/100|[from] item: Leftovers
|upkeep
|turn|6
|
|t:|1769338732
|-end|p1a: Kingambit|fallenundefined|[silent]
|switch|p1a: Landorus|Landorus-Therian, M|21/100
|-ability|p1a: Landorus|Intimidate|boost
|-unboost|p2a: Zamazenta|atk|1
|move|p2a: Zamazenta|Iron Defense|p2a: Zamazenta
|-boost|p2a: Zamazenta|def|2
|
|-heal|p2a: Zamazenta|100/100|[from] item: Leftovers
|upkeep
|turn|7
|
|t:|1769338740
|move|p2a: Zamazenta|Body Press|p1a: Landorus
|-resisted|p1a: Landorus
|-damage|p1a: Landorus|0 fnt
|faint|p1a: Landorus
|
|upkeep
|
|t:|1769338742
|switch|p1a: Glimmora|Glimmora, M|100/100
|turn|8
|
|t:|1769338744
|-terastallize|p1a: Glimmora|Fairy
|move|p1a: Glimmora|Dazzling Gleam|p2a: Zamazenta
|-supereffective|p2a: Zamazenta
|-damage|p2a: Zamazenta|24/100
|move|p2a: Zamazenta|Body Press|p1a: Glimmora
|-resisted|p1a: Glimmora
|-damage|p1a: Glimmora|41/100
|-activate|p1a: Glimmora|ability: Toxic Debris
|-sidestart|p2: smithwick1|move: Toxic Spikes
|
|-heal|p2a: Zamazenta|31/100|[from] item: Leftovers
|upkeep
|turn|9
|j| MakX70
|
|t:|1769338752
|switch|p1a: Kyurem|Kyurem|100/100
|-ability|p1a: Kyurem|Pressure
|move|p2a: Zamazenta|Body Press|p1a: Kyurem
|-supereffective|p1a: Kyurem
|-damage|p1a: Kyurem|0 fnt
|faint|p1a: Kyurem
|
|-heal|p2a: Zamazenta|37/100|[from] item: Leftovers
|upkeep
|
|t:|1769338755
|switch|p1a: Glimmora|Glimmora, M, tera:Fairy|41/100
|turn|10
|
|t:|1769338762
|switch|p2a: Pecharunt|Pecharunt|95/100
|-sideend|p2: smithwick1|move: Toxic Spikes|[of] p2a: Pecharunt
|move|p1a: Glimmora|Earth Power|p2a: Pecharunt
|-supereffective|p2a: Pecharunt
|-damage|p2a: Pecharunt|35/100
|
|upkeep
|turn|11
|
|t:|1769338773
|switch|p1a: Cinderace|Cinderace, M|71/100
|switch|p2a: Rillaboom|Rillaboom, M|100/100
|-fieldstart|move: Grassy Terrain|[from] ability: Grassy Surge|[of] p2a: Rillaboom
|
|-heal|p1a: Cinderace|77/100|[from] Grassy Terrain
|upkeep
|turn|12
|
|t:|1769338781
|switch|p2a: Garganacl|Garganacl, F|100/100
|move|p1a: Cinderace|U-turn|p2a: Garganacl
|-start|p1a: Cinderace|typechange|Bug|[from] ability: Libero
|-damage|p2a: Garganacl|77/100
|
|t:|1769338783
|switch|p1a: Iron Valiant|Iron Valiant|100/100|[from] U-turn
|-enditem|p1a: Iron Valiant|Booster Energy
|-activate|p1a: Iron Valiant|ability: Quark Drive|[fromitem]
|-start|p1a: Iron Valiant|quarkdrivespe
|
|-heal|p2a: Garganacl|83/100|[from] Grassy Terrain
|-heal|p2a: Garganacl|90/100|[from] item: Leftovers
|upkeep
|turn|13
|
|t:|1769338786
|move|p1a: Iron Valiant|Close Combat|p2a: Garganacl
|-supereffective|p2a: Garganacl
|-crit|p2a: Garganacl
|-damage|p2a: Garganacl|0 fnt
|-unboost|p1a: Iron Valiant|def|1
|-unboost|p1a: Iron Valiant|spd|1
|faint|p2a: Garganacl
|
|upkeep
|c|☆smithwick1|Not the crit
|c|☆smithwick1|I won right there lol
|
|t:|1769338804
|switch|p2a: Rillaboom|Rillaboom, M|100/100
|turn|14
|
|t:|1769338808
|-end|p1a: Iron Valiant|Quark Drive|[silent]
|switch|p1a: Kingambit|Kingambit, F|100/100
|-activate|p1a: Kingambit|ability: Supreme Overlord
|-start|p1a: Kingambit|fallen2|[silent]
|move|p2a: Rillaboom|U-turn|p1a: Kingambit
|-damage|p1a: Kingambit|66/100
|l| MakX70
|
|t:|1769338814
|switch|p2a: Zamazenta|Zamazenta|37/100|[from] U-turn
|
|-heal|p2a: Zamazenta|43/100|[from] Grassy Terrain
|-heal|p2a: Zamazenta|49/100|[from] item: Leftovers
|-heal|p1a: Kingambit|72/100|[from] Grassy Terrain
|upkeep
|turn|15
|
|t:|1769338826
|-end|p1a: Kingambit|fallen2|[silent]
|switch|p1a: Iron Valiant|Iron Valiant|100/100
|move|p2a: Zamazenta|Body Press|p1a: Iron Valiant
|-resisted|p1a: Iron Valiant
|-damage|p1a: Iron Valiant|76/100
|
|-heal|p2a: Zamazenta|55/100|[from] Grassy Terrain
|-heal|p2a: Zamazenta|61/100|[from] item: Leftovers
|-heal|p1a: Iron Valiant|82/100|[from] Grassy Terrain
|-fieldend|move: Grassy Terrain
|upkeep
|turn|16
|
|t:|1769338831
|switch|p2a: Iron Treads|Iron Treads|7/100
|move|p1a: Iron Valiant|Knock Off|p2a: Iron Treads
|-damage|p2a: Iron Treads|0 fnt
|-enditem|p2a: Iron Treads|Assault Vest|[from] move: Knock Off|[of] p1a: Iron Valiant
|faint|p2a: Iron Treads
|-end|p2a: Iron Treads|Quark Drive|[silent]
|
|upkeep
|
|t:|1769338847
|switch|p2a: Rillaboom|Rillaboom, M|100/100
|-fieldstart|move: Grassy Terrain|[from] ability: Grassy Surge|[of] p2a: Rillaboom
|turn|17
|
|t:|1769338848
|move|p1a: Iron Valiant|Moonblast|p2a: Rillaboom
|-damage|p2a: Rillaboom|36/100
|-unboost|p2a: Rillaboom|spa|1
|move|p2a: Rillaboom|Wood Hammer|p1a: Iron Valiant
|-crit|p1a: Iron Valiant
|-damage|p1a: Iron Valiant|0 fnt
|faint|p1a: Iron Valiant
|-end|p1a: Iron Valiant|Quark Drive|[silent]
|-damage|p2a: Rillaboom|13/100|[from] Recoil
|
|-heal|p2a: Rillaboom|20/100|[from] Grassy Terrain
|upkeep
|
|t:|1769338851
|switch|p1a: Glimmora|Glimmora, M, tera:Fairy|41/100
|turn|18
|
|t:|1769338873
|switch|p2a: Pecharunt|Pecharunt|35/100
|move|p1a: Glimmora|Dazzling Gleam|p2a: Pecharunt
|-resisted|p2a: Pecharunt
|-damage|p2a: Pecharunt|14/100
|
|-heal|p1a: Glimmora|47/100|[from] Grassy Terrain
|-heal|p2a: Pecharunt|20/100|[from] Grassy Terrain
|upkeep
|turn|19
|
|t:|1769338880
|move|p1a: Glimmora|Dazzling Gleam|p2a: Pecharunt
|-resisted|p2a: Pecharunt
|-damage|p2a: Pecharunt|0 fnt
|faint|p2a: Pecharunt
|
|-heal|p1a: Glimmora|54/100|[from] Grassy Terrain
|upkeep
|c|☆smithwick1|And u get the roll
|c|☆151htyrneh|That
|
|t:|1769338901
|switch|p2a: Rillaboom|Rillaboom, M|20/100
|turn|20
|c|☆151htyrneh|Aint a roll
|c|☆151htyrneh|First one did 21 nerd
|
|t:|1769338912
|switch|p1a: Cinderace|Cinderace, M|77/100
|move|p2a: Rillaboom|U-turn|p1a: Cinderace
|-resisted|p1a: Cinderace
|-damage|p1a: Cinderace|49/100
|
|t:|1769338920
|switch|p2a: Kyurem|Kyurem|100/100|[from] U-turn
|-ability|p2a: Kyurem|Pressure
|
|-heal|p1a: Cinderace|55/100|[from] Grassy Terrain
|upkeep
|turn|21
|
|t:|1769338924
|move|p1a: Cinderace|Pyro Ball|p2a: Kyurem
|-damage|p2a: Kyurem|43/100
|move|p2a: Kyurem|Earth Power|p1a: Cinderace
|-supereffective|p1a: Cinderace
|-damage|p1a: Cinderace|0 fnt
|faint|p1a: Cinderace
|
|-heal|p2a: Kyurem|49/100|[from] Grassy Terrain
|-heal|p2a: Kyurem|55/100|[from] item: Leftovers
|-fieldend|move: Grassy Terrain
|upkeep
|
|t:|1769338927
|switch|p1a: Glimmora|Glimmora, M, tera:Fairy|54/100
|turn|22
|
|t:|1769338931
|move|p2a: Kyurem|Protect|p2a: Kyurem
|-singleturn|p2a: Kyurem|Protect
|move|p1a: Glimmora|Dazzling Gleam|p2a: Kyurem
|-activate|p2a: Kyurem|move: Protect
|
|-heal|p2a: Kyurem|61/100|[from] item: Leftovers
|upkeep
|turn|23
|j| Specnier
|inactive|Battle timer is ON: inactive players will automatically lose when time's up. (requested by 151htyrneh)
|
|t:|1769339012
|-terastallize|p2a: Kyurem|Ground
|move|p1a: Glimmora|Dazzling Gleam|p2a: Kyurem
|-damage|p2a: Kyurem|25/100
|move|p2a: Kyurem|Earth Power|p1a: Glimmora
|-damage|p1a: Glimmora|0 fnt
|faint|p1a: Glimmora
|
|-heal|p2a: Kyurem|31/100|[from] item: Leftovers
|upkeep
|
|t:|1769339016
|switch|p1a: Kingambit|Kingambit, F|72/100
|-activate|p1a: Kingambit|ability: Supreme Overlord
|-start|p1a: Kingambit|fallen5|[silent]
|turn|24
|
|t:|1769339021
|move|p1a: Kingambit|Sucker Punch|p2a: Kyurem
|-damage|p2a: Kyurem|0 fnt
|faint|p2a: Kyurem
|
|upkeep
|
|t:|1769339025
|switch|p2a: Zamazenta|Zamazenta|61/100
|turn|25
|c|☆smithwick1|Nub
|c|☆smithwick1|Get the crit
|
|t:|1769339034
|move|p2a: Zamazenta|Body Press|p1a: Kingambit
|-supereffective|p1a: Kingambit
|-damage|p1a: Kingambit|0 fnt
|faint|p1a: Kingambit
|-end|p1a: Kingambit|fallen5|[silent]
|
|win|smithwick1
|raw|151htyrneh's rating: 1682 &rarr; <strong>1664</strong><br />(-18 for losing)
|raw|smithwick1's rating: 1725 &rarr; <strong>1743</strong><br />(+18 for winning)
|c|☆151htyrneh|Ggs
|l|☆smithwick1
|player|p2|
|l|☆151htyrneh
|player|p1|
