|j|☆Biwerboy
|j|☆PixelPenguin2
|t:|1769317401
|gametype|singles
|player|p1|Biwerboy|emmet|1409
|player|p2|PixelPenguin2|guitarist|1503
|gen|9
|tier|[Gen 9] OU
|rated|
|rule|HP Percentage Mod: HP is shown in percentages
|rule|Endless Battle Clause: Forcing endless battles is banned
|rule|Species Clause: Limit one of each Pokémon
|rule|OHKO Clause: OHKO moves are banned
|rule|Evasion Items Clause: Evasion items are banned
|rule|Evasion Moves Clause: Evasion moves are banned
|rule|Evasion Abilities Clause: Evasion abilities are banned
|rule|Sleep Moves Clause: Sleep-inducing moves are banned
|clearpoke
|poke|p1|Ogerpon-Wellspring, F|
|poke|p1|Kingambit, M|
|poke|p1|Corviknight, M|
|poke|p1|Tyranitar, M|
|poke|p1|Landorus-Therian, M|
|poke|p1|Garganacl, F|
|poke|p2|Gyarados, M|
|poke|p2|Landorus-Therian, M|
|poke|p2|Scizor, F|
|poke|p2|Glimmora, F|
|poke|p2|Keldeo-Resolute|
|poke|p2|Dragapult, M|
|teampreview
|inactive|Battle timer is ON: inactive players will automatically lose when time's up. (requested by PixelPenguin2)
|inactive|PixelPenguin2 has 120 seconds left.
|inactive|PixelPenguin2 has 90 seconds left.
|
|t:|1769317489
|teamsize|p1|6
|teamsize|p2|6
|start
|switch|p1a: Garganacl|Garganacl, F|100/100
|switch|p2a: Keldeo|Keldeo-Resolute|100/100
|turn|1
|
|t:|1769317511
|switch|p1a: Ogerpon|Ogerpon-Wellspring, F|100/100
|move|p2a: Keldeo|Surf|p1a: Ogerpon
|-immune|p1a: Ogerpon|[from] ability: Water Absorb
|
|upkeep
|turn|2
|
|t:|1769317519
|switch|p2a: Dragapult|Dragapult, M|100/100
|move|p1a: Ogerpon|Horn Leech|p2a: Dragapult
|-resisted|p2a: Dragapult
|-damage|p2a: Dragapult|71/100
|
|upkeep
|turn|3
|
|t:|1769317530
|switch|p1a: Tyranitar|Tyranitar, M|100/100
|-weather|Sandstorm|[from] ability: Sand Stream|[of] p1a: Tyranitar
|move|p2a: Dragapult|Will-O-Wisp|p1a: Tyranitar
|-status|p1a: Tyranitar|brn
|
|-weather|Sandstorm|[upkeep]
|-damage|p2a: Dragapult|65/100|[from] Sandstorm
|-damage|p1a: Tyranitar|94/100 brn|[from] brn
|upkeep
|turn|4
|
|t:|1769317544
|move|p2a: Dragapult|U-turn|p1a: Tyranitar
|-supereffective|p1a: Tyranitar
|-damage|p1a: Tyranitar|66/100 brn
|
|t:|1769317553
|switch|p2a: Landorus|Landorus-Therian, M|100/100|[from] U-turn
|-ability|p2a: Landorus|Intimidate|boost
|-unboost|p1a: Tyranitar|atk|1
|move|p1a: Tyranitar|Stealth Rock|p2a: Landorus
|-sidestart|p2: PixelPenguin2|move: Stealth Rock
|
|-weather|Sandstorm|[upkeep]
|-heal|p1a: Tyranitar|72/100 brn|[from] item: Leftovers
|-damage|p1a: Tyranitar|66/100 brn|[from] brn
|upkeep
|turn|5
|
|t:|1769317566
|switch|p1a: Landorus|Landorus-Therian, M|100/100
|-ability|p1a: Landorus|Intimidate|boost
|-unboost|p2a: Landorus|atk|1
|move|p2a: Landorus|Smack Down|p1a: Landorus
|-damage|p1a: Landorus|88/100
|-start|p1a: Landorus|Smack Down
|
|-weather|Sandstorm|[upkeep]
|-heal|p1a: Landorus|94/100|[from] item: Leftovers
|upkeep
|turn|6
|inactive|Biwerboy has 120 seconds left.
|
|t:|1769317607
|switch|p1a: Tyranitar|Tyranitar, M|66/100 brn
|move|p2a: Landorus|Earthquake|p1a: Tyranitar
|-supereffective|p1a: Tyranitar
|-damage|p1a: Tyranitar|17/100 brn
|
|-weather|Sandstorm|[upkeep]
|-heal|p1a: Tyranitar|23/100 brn|[from] item: Leftovers
|-damage|p1a: Tyranitar|17/100 brn|[from] brn
|upkeep
|turn|7
|
|t:|1769317615
|move|p2a: Landorus|U-turn|p1a: Tyranitar
|-supereffective|p1a: Tyranitar
|-damage|p1a: Tyranitar|0 fnt
|faint|p1a: Tyranitar
|
|t:|1769317622
|switch|p2a: Dragapult|Dragapult, M|65/100|[from] U-turn
|
|-weather|none
|upkeep
|inactive|Biwerboy has 120 seconds left.
|
|t:|1769317634
|switch|p1a: Garganacl|Garganacl, F|100/100
|turn|8
|inactive|Biwerboy has 120 seconds left.
|
|t:|1769317643
|switch|p2a: Glimmora|Glimmora, F|100/100
|-damage|p2a: Glimmora|88/100|[from] Stealth Rock
|move|p1a: Garganacl|Salt Cure|p2a: Glimmora
|-damage|p2a: Glimmora|65/100
|-start|p2a: Glimmora|Salt Cure
|-activate|p2a: Glimmora|ability: Toxic Debris
|-sidestart|p1: Biwerboy|move: Toxic Spikes
|
|-damage|p2a: Glimmora|53/100|[from] Salt Cure
|upkeep
|turn|9
|inactive|Biwerboy has 120 seconds left.
|
|t:|1769317653
|move|p2a: Glimmora|Stealth Rock|p1a: Garganacl
|-sidestart|p1: Biwerboy|move: Stealth Rock
|move|p1a: Garganacl|Earthquake|p2a: Glimmora
|-supereffective|p2a: Glimmora
|-crit|p2a: Glimmora
|-damage|p2a: Glimmora|0 fnt
|-activate|p2a: Glimmora|ability: Toxic Debris
|-sidestart|p1: Biwerboy|move: Toxic Spikes
|faint|p2a: Glimmora
|
|upkeep
|
|t:|1769317659
|switch|p2a: Landorus|Landorus-Therian, M|100/100
|-damage|p2a: Landorus|88/100|[from] Stealth Rock
|-ability|p2a: Landorus|Intimidate|boost
|-unboost|p1a: Garganacl|atk|1
|turn|10
|
|t:|1769317664
|switch|p1a: Corviknight|Corviknight, M|100/100
|-damage|p1a: Corviknight|88/100|[from] Stealth Rock
|-ability|p1a: Corviknight|Pressure
|move|p2a: Landorus|Earthquake|p1a: Corviknight
|-immune|p1a: Corviknight
|
|upkeep
|turn|11
|
|t:|1769317672
|switch|p2a: Keldeo|Keldeo-Resolute|100/100
|move|p1a: Corviknight|Defog|p2a: Keldeo
|-unboost|p2a: Keldeo|evasion|1
|-sideend|p2: PixelPenguin2|Stealth Rock|[from] move: Defog|[of] p1a: Corviknight
|-sideend|p1: Biwerboy|Toxic Spikes|[from] move: Defog|[of] p1a: Corviknight
|-sideend|p1: Biwerboy|Stealth Rock|[from] move: Defog|[of] p1a: Corviknight
|
|upkeep
|turn|12
|
|t:|1769317692
|switch|p2a: Gyarados|Gyarados, M|100/100
|-ability|p2a: Gyarados|Intimidate|boost
|-unboost|p1a: Corviknight|atk|1
|move|p1a: Corviknight|U-turn|p2a: Gyarados
|-resisted|p2a: Gyarados
|-damage|p2a: Gyarados|96/100
|
|t:|1769317702
|switch|p1a: Garganacl|Garganacl, F|100/100|[from] U-turn
|
|-heal|p2a: Gyarados|100/100|[from] item: Leftovers
|upkeep
|turn|13
|
|t:|1769317710
|switch|p2a: Landorus|Landorus-Therian, M|88/100
|-ability|p2a: Landorus|Intimidate|boost
|-unboost|p1a: Garganacl|atk|1
|move|p1a: Garganacl|Salt Cure|p2a: Landorus
|-damage|p2a: Landorus|75/100
|-start|p2a: Landorus|Salt Cure
|
|-damage|p2a: Landorus|62/100|[from] Salt Cure
|upkeep
|turn|14
|
|t:|1769317725
|switch|p1a: Landorus|Landorus-Therian, M|94/100
|-ability|p1a: Landorus|Intimidate|boost
|-unboost|p2a: Landorus|atk|1
|move|p2a: Landorus|Earthquake|p1a: Landorus
|-immune|p1a: Landorus
|
|-heal|p1a: Landorus|99/100|[from] item: Leftovers
|-damage|p2a: Landorus|50/100|[from] Salt Cure
|upkeep
|turn|15
|
|t:|1769317734
|switch|p2a: Gyarados|Gyarados, M|100/100
|-ability|p2a: Gyarados|Intimidate|boost
|-unboost|p1a: Landorus|atk|1
|move|p1a: Landorus|Stealth Rock|p2a: Gyarados
|-sidestart|p2: PixelPenguin2|move: Stealth Rock
|
|-heal|p1a: Landorus|100/100|[from] item: Leftovers
|upkeep
|turn|16
|
|t:|1769317752
|switch|p1a: Corviknight|Corviknight, M|88/100
|-ability|p1a: Corviknight|Pressure
|move|p2a: Gyarados|Dragon Dance|p2a: Gyarados
|-boost|p2a: Gyarados|atk|1
|-boost|p2a: Gyarados|spe|1
|
|upkeep
|turn|17
|
|t:|1769317764
|switch|p1a: Landorus|Landorus-Therian, M|100/100
|-ability|p1a: Landorus|Intimidate|boost
|-unboost|p2a: Gyarados|atk|1
|-terastallize|p2a: Gyarados|Electric
|move|p2a: Gyarados|Tera Blast|p1a: Landorus|[anim] Tera Blast Electric
|-immune|p1a: Landorus
|
|upkeep
|turn|18
|
|t:|1769317774
|switch|p2a: Scizor|Scizor, F|100/100
|-damage|p2a: Scizor|88/100|[from] Stealth Rock
|move|p1a: Landorus|Earthquake|p2a: Scizor
|-damage|p2a: Scizor|30/100
|
|upkeep
|turn|19
|
|t:|1769317781
|move|p2a: Scizor|Bullet Punch|p1a: Landorus
|-damage|p1a: Landorus|58/100
|move|p1a: Landorus|Earthquake|p2a: Scizor
|-damage|p2a: Scizor|0 fnt
|faint|p2a: Scizor
|
|-heal|p1a: Landorus|64/100|[from] item: Leftovers
|upkeep
|
|t:|1769317785
|switch|p2a: Dragapult|Dragapult, M|65/100
|turn|20
|
|t:|1769317792
|switch|p1a: Garganacl|Garganacl, F|100/100
|move|p2a: Dragapult|Draco Meteor|p1a: Garganacl
|-damage|p1a: Garganacl|50/100
|-unboost|p2a: Dragapult|spa|2
|
|-heal|p1a: Garganacl|56/100|[from] item: Leftovers
|upkeep
|turn|21
|
|t:|1769317801
|switch|p2a: Landorus|Landorus-Therian, M|50/100
|-damage|p2a: Landorus|38/100|[from] Stealth Rock
|-ability|p2a: Landorus|Intimidate|boost
|-unboost|p1a: Garganacl|atk|1
|move|p1a: Garganacl|Recover|p1a: Garganacl
|-heal|p1a: Garganacl|100/100
|
|upkeep
|turn|22
|
|t:|1769317814
|switch|p1a: Landorus|Landorus-Therian, M|64/100
|-ability|p1a: Landorus|Intimidate|boost
|-unboost|p2a: Landorus|atk|1
|move|p2a: Landorus|Rock Tomb|p1a: Landorus
|-damage|p1a: Landorus|49/100
|-unboost|p1a: Landorus|spe|1
|
|-heal|p1a: Landorus|55/100|[from] item: Leftovers
|upkeep
|turn|23
|
|t:|1769317827
|move|p2a: Landorus|U-turn|p1a: Landorus
|-resisted|p1a: Landorus
|-damage|p1a: Landorus|47/100
|
|t:|1769317829
|switch|p2a: Gyarados|Gyarados, M, tera:Electric|100/100|[from] U-turn
|-damage|p2a: Gyarados|88/100|[from] Stealth Rock
|-ability|p2a: Gyarados|Intimidate|boost
|-unboost|p1a: Landorus|atk|1
|move|p1a: Landorus|U-turn|p2a: Gyarados
|-damage|p2a: Gyarados|70/100
|
|t:|1769317840
|switch|p1a: Garganacl|Garganacl, F|100/100|[from] U-turn
|
|-heal|p2a: Gyarados|76/100|[from] item: Leftovers
|upkeep
|turn|24
|
|t:|1769317851
|move|p2a: Gyarados|Dragon Dance|p2a: Gyarados
|-boost|p2a: Gyarados|atk|1
|-boost|p2a: Gyarados|spe|1
|move|p1a: Garganacl|Salt Cure|p2a: Gyarados
|-damage|p2a: Gyarados|54/100
|-start|p2a: Gyarados|Salt Cure
|
|-heal|p2a: Gyarados|60/100|[from] item: Leftovers
|-damage|p2a: Gyarados|47/100|[from] Salt Cure
|upkeep
|turn|25
|
|t:|1769317861
|switch|p1a: Landorus|Landorus-Therian, M|47/100
|-ability|p1a: Landorus|Intimidate|boost
|-unboost|p2a: Gyarados|atk|1
|move|p2a: Gyarados|Dragon Dance|p2a: Gyarados
|-boost|p2a: Gyarados|atk|1
|-boost|p2a: Gyarados|spe|1
|
|-heal|p2a: Gyarados|53/100|[from] item: Leftovers
|-heal|p1a: Landorus|53/100|[from] item: Leftovers
|-damage|p2a: Gyarados|41/100|[from] Salt Cure
|upkeep
|turn|26
|
|t:|1769317870
|switch|p1a: Corviknight|Corviknight, M|88/100
|-ability|p1a: Corviknight|Pressure
|move|p2a: Gyarados|Waterfall|p1a: Corviknight
|-damage|p1a: Corviknight|46/100
|-damage|p2a: Gyarados|24/100|[from] item: Rocky Helmet|[of] p1a: Corviknight
|
|-heal|p2a: Gyarados|30/100|[from] item: Leftovers
|-damage|p2a: Gyarados|18/100|[from] Salt Cure
|upkeep
|turn|27
|
|t:|1769317882
|move|p2a: Gyarados|Tera Blast|p1a: Corviknight|[anim] Tera Blast Electric
|-supereffective|p1a: Corviknight
|-damage|p1a: Corviknight|0 fnt
|faint|p1a: Corviknight
|
|-heal|p2a: Gyarados|24/100|[from] item: Leftovers
|-damage|p2a: Gyarados|12/100|[from] Salt Cure
|upkeep
|
|t:|1769317889
|switch|p1a: Landorus|Landorus-Therian, M|53/100
|-ability|p1a: Landorus|Intimidate|boost
|-unboost|p2a: Gyarados|atk|1
|turn|28
|
|t:|1769317907
|switch|p1a: Ogerpon|Ogerpon-Wellspring, F|100/100
|move|p2a: Gyarados|Tera Blast|p1a: Ogerpon|[anim] Tera Blast Electric
|-damage|p1a: Ogerpon|45/100
|
|-heal|p2a: Gyarados|18/100|[from] item: Leftovers
|-damage|p2a: Gyarados|5/100|[from] Salt Cure
|upkeep
|turn|29
|
|t:|1769317917
|switch|p1a: Landorus|Landorus-Therian, M|53/100
|-ability|p1a: Landorus|Intimidate|boost
|-unboost|p2a: Gyarados|atk|1
|move|p2a: Gyarados|Tera Blast|p1a: Landorus|[anim] Tera Blast Electric
|-immune|p1a: Landorus
|
|-heal|p2a: Gyarados|11/100|[from] item: Leftovers
|-heal|p1a: Landorus|58/100|[from] item: Leftovers
|-damage|p2a: Gyarados|0 fnt|[from] Salt Cure
|faint|p2a: Gyarados
|upkeep
|
|t:|1769317919
|switch|p2a: Dragapult|Dragapult, M|65/100
|turn|30
|
|t:|1769317932
|switch|p1a: Garganacl|Garganacl, F|100/100
|move|p2a: Dragapult|Draco Meteor|p1a: Garganacl
|-damage|p1a: Garganacl|49/100
|-unboost|p2a: Dragapult|spa|2
|
|-heal|p1a: Garganacl|55/100|[from] item: Leftovers
|upkeep
|turn|31
|
|t:|1769317940
|switch|p2a: Landorus|Landorus-Therian, M|38/100
|-damage|p2a: Landorus|25/100|[from] Stealth Rock
|-ability|p2a: Landorus|Intimidate|boost
|-unboost|p1a: Garganacl|atk|1
|move|p1a: Garganacl|Recover|p1a: Garganacl
|-heal|p1a: Garganacl|100/100
|
|upkeep
|turn|32
|
|t:|1769317949
|move|p2a: Landorus|Smack Down|p1a: Garganacl
|-crit|p1a: Garganacl
|-damage|p1a: Garganacl|85/100
|move|p1a: Garganacl|Salt Cure|p2a: Landorus
|-damage|p2a: Landorus|13/100
|-start|p2a: Landorus|Salt Cure
|
|-heal|p1a: Garganacl|92/100|[from] item: Leftovers
|-damage|p2a: Landorus|1/100|[from] Salt Cure
|upkeep
|turn|33
|
|t:|1769317964
|switch|p2a: Keldeo|Keldeo-Resolute|100/100
|move|p1a: Garganacl|Salt Cure|p2a: Keldeo
|-resisted|p2a: Keldeo
|-damage|p2a: Keldeo|93/100
|-start|p2a: Keldeo|Salt Cure
|
|-heal|p1a: Garganacl|98/100|[from] item: Leftovers
|-damage|p2a: Keldeo|69/100|[from] Salt Cure
|upkeep
|turn|34
|-message|PixelPenguin2 forfeited.
|
|win|Biwerboy
|raw|Biwerboy's rating: 1409 &rarr; <strong>1434</strong><br />(+25 for winning)
|raw|PixelPenguin2's rating: 1503 &rarr; <strong>1478</strong><br />(-25 for losing)
|l|☆PixelPenguin2
|player|p2|
|l|☆Biwerboy
|player|p1|
