|j|☆GreninjaMyFav
|j|☆shuca nacua
|t:|1769365090
|gametype|singles
|player|p1|GreninjaMyFav|skyla|1570
|player|p2|shuca nacua|boarder|1590
|gen|9
|tier|[Gen 9] OU
|rated|
|rule|HP Percentage Mod: HP is shown in percentages
|rule|Endless Battle Clause: Forcing endless battles is banned
|rule|Species Clause: Limit one of each Pokémon
|rule|OHKO Clause: OHKO moves are banned
|rule|Evasion Items Clause: Evasion items are banned
|rule|Evasion Moves Clause: Evasion moves are banned
|rule|Evasion Abilities Clause: Evasion abilities are banned
|rule|Sleep Moves Clause: Sleep-inducing moves are banned
|clearpoke
|poke|p1|Rillaboom, F|
|poke|p1|Gholdengo|
|poke|p1|Greninja-*, F|
|poke|p1|Heatran, F|
|poke|p1|Great Tusk|
|poke|p1|Ogerpon, F|
|poke|p2|Tauros, M|
|poke|p2|Alomomola, M|
|poke|p2|Dragapult, F|
|poke|p2|Iron Valiant|
|poke|p2|Corviknight, F|
|poke|p2|Gliscor, M|
|teampreview
|
|t:|1769365116
|teamsize|p1|6
|teamsize|p2|6
|start
|switch|p1a: Greninja|Greninja, F|100/100
|switch|p2a: Tauros|Tauros, M|100/100
|turn|1
|
|t:|1769365122
|switch|p1a: Gholdengo|Gholdengo|100/100
|-item|p1a: Gholdengo|Air Balloon
|move|p2a: Tauros|Thunderbolt|p1a: Gholdengo
|-damage|p1a: Gholdengo|70/100
|-enditem|p1a: Gholdengo|Air Balloon
|
|upkeep
|turn|2
|
|t:|1769365130
|move|p2a: Tauros|Flamethrower|p1a: Gholdengo
|-supereffective|p1a: Gholdengo
|-damage|p1a: Gholdengo|17/100
|move|p1a: Gholdengo|Thunder Wave|p2a: Tauros
|-status|p2a: Tauros|par
|
|upkeep
|turn|3
|
|t:|1769365135
|move|p1a: Gholdengo|Recover|p1a: Gholdengo
|-heal|p1a: Gholdengo|67/100
|move|p2a: Tauros|Flamethrower|p1a: Gholdengo
|-supereffective|p1a: Gholdengo
|-damage|p1a: Gholdengo|5/100
|
|upkeep
|turn|4
|
|t:|1769365141
|move|p1a: Gholdengo|Recover|p1a: Gholdengo
|-heal|p1a: Gholdengo|55/100
|move|p2a: Tauros|Flamethrower|p1a: Gholdengo
|-supereffective|p1a: Gholdengo
|-damage|p1a: Gholdengo|0 fnt
|faint|p1a: Gholdengo
|
|upkeep
|
|t:|1769365143
|switch|p1a: Heatran|Heatran, F|100/100
|turn|5
|
|t:|1769365147
|switch|p2a: Gliscor|Gliscor, M|100/100
|move|p1a: Heatran|Stealth Rock|p2a: Gliscor
|-sidestart|p2: shuca nacua|move: Stealth Rock
|
|-status|p2a: Gliscor|tox|[from] item: Toxic Orb
|upkeep
|turn|6
|
|t:|1769365155
|switch|p1a: Greninja|Greninja, F|100/100
|move|p2a: Gliscor|Stealth Rock|p1a: Greninja
|-sidestart|p1: GreninjaMyFav|move: Stealth Rock
|
|upkeep
|turn|7
|
|t:|1769365161
|switch|p2a: Tauros|Tauros, M|100/100 par
|-damage|p2a: Tauros|88/100 par|[from] Stealth Rock
|move|p1a: Greninja|Ice Beam|p2a: Tauros
|-start|p1a: Greninja|typechange|Ice|[from] ability: Protean
|-damage|p2a: Tauros|0 fnt
|faint|p2a: Tauros
|
|upkeep
|
|t:|1769365164
|switch|p2a: Corviknight|Corviknight, F|100/100
|-damage|p2a: Corviknight|88/100|[from] Stealth Rock
|-ability|p2a: Corviknight|Pressure
|turn|8
|
|t:|1769365167
|move|p1a: Greninja|Ice Beam|p2a: Corviknight
|-damage|p2a: Corviknight|29/100
|move|p2a: Corviknight|Defog|p1a: Greninja
|-unboost|p1a: Greninja|evasion|1
|-sideend|p1: GreninjaMyFav|Stealth Rock|[from] move: Defog|[of] p2a: Corviknight
|-sideend|p2: shuca nacua|Stealth Rock|[from] move: Defog|[of] p2a: Corviknight
|
|upkeep
|turn|9
|
|t:|1769365170
|switch|p2a: Alomomola|Alomomola, M|100/100
|move|p1a: Greninja|Ice Beam|p2a: Alomomola
|-resisted|p2a: Alomomola
|-damage|p2a: Alomomola|64/100
|
|upkeep
|turn|10
|
|t:|1769365176
|switch|p1a: Ogerpon|Ogerpon, F|100/100
|move|p2a: Alomomola|Flip Turn|p1a: Ogerpon
|-resisted|p1a: Ogerpon
|-damage|p1a: Ogerpon|91/100
|
|t:|1769365181
|switch|p2a: Corviknight|Corviknight, F|29/100|[from] Flip Turn
|-ability|p2a: Corviknight|Pressure
|
|-heal|p1a: Ogerpon|97/100|[from] item: Leftovers
|upkeep
|turn|11
|
|t:|1769365185
|switch|p1a: Greninja|Greninja, F|100/100
|move|p2a: Corviknight|Defog|p1a: Greninja
|-unboost|p1a: Greninja|evasion|1
|
|upkeep
|turn|12
|c|☆shuca nacua|misclcik
|
|t:|1769365192
|switch|p2a: Alomomola|Alomomola, M|98/100
|move|p1a: Greninja|Spikes|p2a: Alomomola
|-start|p1a: Greninja|typechange|Ground|[from] ability: Protean
|-sidestart|p2: shuca nacua|Spikes
|
|upkeep
|turn|13
|
|t:|1769365196
|switch|p1a: Heatran|Heatran, F|100/100
|move|p2a: Alomomola|Flip Turn|p1a: Heatran
|-supereffective|p1a: Heatran
|-damage|p1a: Heatran|77/100
|
|t:|1769365200
|switch|p2a: Gliscor|Gliscor, M|100/100 tox|[from] Flip Turn
|
|-heal|p1a: Heatran|83/100|[from] item: Leftovers
|upkeep
|turn|14
|
|t:|1769365205
|switch|p1a: Ogerpon|Ogerpon, F|97/100
|move|p2a: Gliscor|Toxic|p1a: Ogerpon
|-status|p1a: Ogerpon|tox
|
|-heal|p1a: Ogerpon|100/100 tox|[from] item: Leftovers
|-damage|p1a: Ogerpon|95/100 tox|[from] psn
|upkeep
|turn|15
|
|t:|1769365210
|switch|p1a: Greninja|Greninja, F|100/100
|move|p2a: Gliscor|Stealth Rock|p1a: Greninja
|-sidestart|p1: GreninjaMyFav|move: Stealth Rock
|
|upkeep
|turn|16
|
|t:|1769365214
|move|p2a: Gliscor|Protect|p2a: Gliscor
|-singleturn|p2a: Gliscor|Protect
|move|p1a: Greninja|Ice Beam|p2a: Gliscor
|-start|p1a: Greninja|typechange|Ice|[from] ability: Protean
|-activate|p2a: Gliscor|move: Protect
|
|upkeep
|turn|17
|
|t:|1769365217
|switch|p1a: Rillaboom|Rillaboom, F|100/100
|-damage|p1a: Rillaboom|88/100|[from] Stealth Rock
|-fieldstart|move: Grassy Terrain|[from] ability: Grassy Surge|[of] p1a: Rillaboom
|switch|p2a: Alomomola|Alomomola, M|100/100
|
|-heal|p1a: Rillaboom|94/100|[from] Grassy Terrain
|upkeep
|turn|18
|
|t:|1769365221
|-terastallize|p1a: Rillaboom|Grass
|move|p1a: Rillaboom|Wood Hammer|p2a: Alomomola
|-supereffective|p2a: Alomomola
|-damage|p2a: Alomomola|0 fnt
|faint|p2a: Alomomola
|-damage|p1a: Rillaboom|43/100|[from] Recoil
|
|-heal|p1a: Rillaboom|49/100|[from] Grassy Terrain
|upkeep
|
|t:|1769365228
|switch|p2a: Corviknight|Corviknight, F|29/100
|-ability|p2a: Corviknight|Pressure
|turn|19
|
|t:|1769365232
|move|p1a: Rillaboom|Wood Hammer|p2a: Corviknight
|-resisted|p2a: Corviknight
|-damage|p2a: Corviknight|1/100
|-damage|p1a: Rillaboom|32/100|[from] item: Rocky Helmet|[of] p2a: Corviknight
|-damage|p1a: Rillaboom|22/100|[from] Recoil
|move|p2a: Corviknight|U-turn|p1a: Rillaboom
|-supereffective|p1a: Rillaboom
|-damage|p1a: Rillaboom|0 fnt
|faint|p1a: Rillaboom
|
|t:|1769365242
|switch|p2a: Gliscor|Gliscor, M|100/100 tox|[from] U-turn
|
|upkeep
|-message|GreninjaMyFav forfeited.
|
|win|shuca nacua
|raw|GreninjaMyFav's rating: 1593 &rarr; <strong>1573</strong><br />(-20 for losing)
|raw|shuca nacua's rating: 1590 &rarr; <strong>1610</strong><br />(+20 for winning)
|l|☆GreninjaMyFav
|player|p1|
|l|☆shuca nacua
|player|p2|
