|j|‽liamsdad
|j|☆suprya
|t:|1769389901
|gametype|singles
|player|p1|liamsdad|bruno|1655
|player|p2|suprya|wattson|1693
|gen|9
|tier|[Gen 9] OU
|rated|
|rule|HP Percentage Mod: HP is shown in percentages
|rule|Endless Battle Clause: Forcing endless battles is banned
|rule|Species Clause: Limit one of each Pokémon
|rule|OHKO Clause: OHKO moves are banned
|rule|Evasion Items Clause: Evasion items are banned
|rule|Evasion Moves Clause: Evasion moves are banned
|rule|Evasion Abilities Clause: Evasion abilities are banned
|rule|Sleep Moves Clause: Sleep-inducing moves are banned
|clearpoke
|poke|p1|Electrode-Hisui|
|poke|p1|Rillaboom, F|
|poke|p1|Iron Crown|
|poke|p1|Primarina, M|
|poke|p1|Garchomp, M|
|poke|p1|Great Tusk|
|poke|p2|Jolteon, F|
|poke|p2|Dragapult, M|
|poke|p2|Heatran, M|
|poke|p2|Gliscor, M|
|poke|p2|Alomomola, F|
|poke|p2|Zarude|
|teampreview
|inactive|Battle timer is ON: inactive players will automatically lose when time's up. (requested by suprya)
|
|t:|1769389916
|teamsize|p1|6
|teamsize|p2|6
|start
|switch|p1a: Electrode|Electrode-Hisui|100/100
|switch|p2a: Zarude|Zarude|100/100
|turn|1
|
|t:|1769389922
|move|p1a: Electrode|Volt Switch|p2a: Zarude
|-resisted|p2a: Zarude
|-damage|p2a: Zarude|88/100
|
|t:|1769389925
|switch|p1a: Garchomp|Garchomp, M|100/100|[from] Volt Switch
|move|p2a: Zarude|Knock Off|p1a: Garchomp
|-damage|p1a: Garchomp|63/100
|-damage|p2a: Zarude|76/100|[from] ability: Rough Skin|[of] p1a: Garchomp
|-damage|p2a: Zarude|60/100|[from] item: Rocky Helmet|[of] p1a: Garchomp
|-enditem|p1a: Garchomp|Rocky Helmet|[from] move: Knock Off|[of] p2a: Zarude
|
|upkeep
|turn|2
|
|t:|1769389939
|switch|p2a: Gliscor|Gliscor, M|100/100
|move|p1a: Garchomp|Spikes|p2a: Gliscor
|-sidestart|p2: suprya|Spikes
|
|-status|p2a: Gliscor|tox|[from] item: Toxic Orb
|upkeep
|turn|3
|
|t:|1769389945
|move|p1a: Garchomp|Spikes|p2a: Gliscor
|-sidestart|p2: suprya|Spikes
|move|p2a: Gliscor|Spikes|p1a: Garchomp
|-sidestart|p1: liamsdad|Spikes
|
|upkeep
|turn|4
|
|t:|1769389948
|move|p1a: Garchomp|Spikes|p2a: Gliscor
|-sidestart|p2: suprya|Spikes
|move|p2a: Gliscor|Spikes|p1a: Garchomp
|-sidestart|p1: liamsdad|Spikes
|
|upkeep
|turn|5
|
|t:|1769389959
|switch|p1a: Great Tusk|Great Tusk|100/100
|-damage|p1a: Great Tusk|84/100|[from] Spikes
|-enditem|p1a: Great Tusk|Booster Energy
|-activate|p1a: Great Tusk|ability: Protosynthesis|[fromitem]
|-start|p1a: Great Tusk|protosynthesisatk
|move|p2a: Gliscor|Earthquake|p1a: Great Tusk
|-crit|p1a: Great Tusk
|-damage|p1a: Great Tusk|51/100
|
|upkeep
|turn|6
|
|t:|1769389968
|switch|p2a: Alomomola|Alomomola, F|100/100
|move|p1a: Great Tusk|Ice Spinner|p2a: Alomomola
|-resisted|p2a: Alomomola
|-damage|p2a: Alomomola|89/100
|
|upkeep
|turn|7
|
|t:|1769389974
|move|p1a: Great Tusk|Ice Spinner|p2a: Alomomola
|-resisted|p2a: Alomomola
|-damage|p2a: Alomomola|77/100
|move|p2a: Alomomola|Flip Turn|p1a: Great Tusk
|-supereffective|p1a: Great Tusk
|-damage|p1a: Great Tusk|27/100
|
|t:|1769389984
|switch|p2a: Dragapult|Dragapult, M|100/100|[from] Flip Turn
|
|upkeep
|turn|8
|
|t:|1769389989
|move|p2a: Dragapult|Hex|p1a: Great Tusk
|-damage|p1a: Great Tusk|0 fnt
|faint|p1a: Great Tusk
|-end|p1a: Great Tusk|Protosynthesis|[silent]
|
|upkeep
|
|t:|1769389996
|switch|p1a: Primarina|Primarina, M|100/100
|-damage|p1a: Primarina|84/100|[from] Spikes
|turn|9
|
|t:|1769390019
|-terastallize|p2a: Dragapult|Steel
|move|p2a: Dragapult|Will-O-Wisp|p1a: Primarina
|-status|p1a: Primarina|brn
|move|p1a: Primarina|Calm Mind|p1a: Primarina
|-boost|p1a: Primarina|spa|1
|-boost|p1a: Primarina|spd|1
|
|-damage|p1a: Primarina|78/100 brn|[from] brn
|upkeep
|turn|10
|
|t:|1769390030
|move|p2a: Dragapult|Hex|p1a: Primarina
|-damage|p1a: Primarina|50/100 brn
|move|p1a: Primarina|Psychic Noise|p2a: Dragapult
|-damage|p2a: Dragapult|12/100
|-start|p2a: Dragapult|move: Heal Block
|
|-damage|p1a: Primarina|44/100 brn|[from] brn
|upkeep
|turn|11
|
|t:|1769390038
|move|p2a: Dragapult|Hex|p1a: Primarina
|-damage|p1a: Primarina|12/100 brn
|move|p1a: Primarina|Draining Kiss|p2a: Dragapult
|-resisted|p2a: Dragapult
|-damage|p2a: Dragapult|0 fnt
|-heal|p1a: Primarina|22/100 brn|[from] drain|[of] p2a: Dragapult
|faint|p2a: Dragapult
|
|-damage|p1a: Primarina|16/100 brn|[from] brn
|upkeep
|
|t:|1769390043
|switch|p2a: Zarude|Zarude|60/100
|turn|12
|
|t:|1769390054
|move|p2a: Zarude|Knock Off|p1a: Primarina
|-resisted|p1a: Primarina
|-damage|p1a: Primarina|0 fnt
|-enditem|p1a: Primarina|Big Root|[from] move: Knock Off|[of] p2a: Zarude
|faint|p1a: Primarina
|
|upkeep
|
|t:|1769390063
|switch|p1a: Garchomp|Garchomp, M|63/100
|-damage|p1a: Garchomp|47/100|[from] Spikes
|turn|13
|
|t:|1769390075
|switch|p2a: Gliscor|Gliscor, M|100/100 tox
|move|p1a: Garchomp|Poison Jab|p2a: Gliscor
|-resisted|p2a: Gliscor
|-damage|p2a: Gliscor|90/100 tox
|
|-heal|p2a: Gliscor|100/100 tox|[from] ability: Poison Heal
|upkeep
|turn|14
|
|t:|1769390081
|move|p1a: Garchomp|Draco Meteor|p2a: Gliscor
|-damage|p2a: Gliscor|66/100 tox
|-unboost|p1a: Garchomp|spa|2
|move|p2a: Gliscor|Spikes|p1a: Garchomp
|-sidestart|p1: liamsdad|Spikes
|
|-heal|p2a: Gliscor|78/100 tox|[from] ability: Poison Heal
|upkeep
|turn|15
|
|t:|1769390094
|switch|p1a: Electrode|Electrode-Hisui|100/100
|-damage|p1a: Electrode|76/100|[from] Spikes
|move|p2a: Gliscor|Knock Off|p1a: Electrode
|-crit|p1a: Electrode
|-damage|p1a: Electrode|21/100
|-enditem|p1a: Electrode|Shell Bell|[from] move: Knock Off|[of] p2a: Gliscor
|
|-heal|p2a: Gliscor|91/100 tox|[from] ability: Poison Heal
|upkeep
|turn|16
|
|t:|1769390106
|switch|p2a: Zarude|Zarude|60/100
|move|p1a: Electrode|Leech Seed|p2a: Zarude
|-immune|p2a: Zarude
|
|upkeep
|turn|17
|
|t:|1769390118
|move|p1a: Electrode|Chloroblast|p2a: Zarude
|-resisted|p2a: Zarude
|-damage|p2a: Zarude|33/100
|-damage|p1a: Electrode|0 fnt|[from] Recoil
|faint|p1a: Electrode
|move|p2a: Zarude|Power Whip|p1: Electrode|[notarget]
|-fail|p2a: Zarude
|
|upkeep
|
|t:|1769390124
|switch|p1a: Garchomp|Garchomp, M|47/100
|-damage|p1a: Garchomp|22/100|[from] Spikes
|turn|18
|
|t:|1769390136
|move|p1a: Garchomp|Draco Meteor|p2a: Zarude
|-damage|p2a: Zarude|3/100
|-unboost|p1a: Garchomp|spa|2
|move|p2a: Zarude|Power Whip|p1a: Garchomp
|-damage|p1a: Garchomp|0 fnt
|-damage|p2a: Zarude|0 fnt|[from] ability: Rough Skin|[of] p1a: Garchomp
|faint|p1a: Garchomp
|faint|p2a: Zarude
|
|upkeep
|
|t:|1769390155
|switch|p1a: Iron Crown|Iron Crown|100/100
|switch|p2a: Heatran|Heatran, M|100/100
|-damage|p1a: Iron Crown|76/100|[from] Spikes
|-enditem|p1a: Iron Crown|Booster Energy
|-activate|p1a: Iron Crown|ability: Quark Drive|[fromitem]
|-start|p1a: Iron Crown|quarkdrivespe
|turn|19
|
|t:|1769390163
|-terastallize|p1a: Iron Crown|Fighting
|move|p1a: Iron Crown|Focus Blast|p2a: Heatran
|-supereffective|p2a: Heatran
|-damage|p2a: Heatran|5/100
|move|p2a: Heatran|Magma Storm|p1a: Iron Crown
|-damage|p1a: Iron Crown|34/100
|-activate|p1a: Iron Crown|move: Magma Storm|[of] p2a: Heatran
|
|-damage|p1a: Iron Crown|22/100|[from] move: Magma Storm|[partiallytrapped]
|upkeep
|turn|20
|
|t:|1769390180
|switch|p2a: Gliscor|Gliscor, M|91/100 tox
|move|p1a: Iron Crown|Tachyon Cutter|p2a: Gliscor
|-damage|p2a: Gliscor|70/100 tox
|-damage|p2a: Gliscor|49/100 tox
|-hitcount|p2a: Gliscor|2
|
|-heal|p2a: Gliscor|61/100 tox|[from] ability: Poison Heal
|-end|p1a: Iron Crown|Magma Storm|[partiallytrapped]|[silent]
|upkeep
|turn|21
|l|‽liamsdad
|inactive|liamsdad disconnected and has a minute to reconnect!
|player|p1|
|inactive|liamsdad has 30 seconds to reconnect!
|inactive|liamsdad has 20 seconds to reconnect!
|inactive|liamsdad has 15 seconds to reconnect!
|inactive|liamsdad has 10 seconds to reconnect!
|j|‽liamsdad
|inactive|liamsdad reconnected and has 85 seconds left.
|player|p1|liamsdad|bruno|
|n|‽liamsdad|liamsdad
|n|‽liamsdad|liamsdad
|
|t:|1769390254
|switch|p2a: Alomomola|Alomomola, F|100/100
|move|p1a: Iron Crown|Tachyon Cutter|p2a: Alomomola
|-resisted|p2a: Alomomola
|-damage|p2a: Alomomola|90/100
|-resisted|p2a: Alomomola
|-damage|p2a: Alomomola|80/100
|-hitcount|p2a: Alomomola|2
|
|upkeep
|turn|22
|
|t:|1769390267
|move|p1a: Iron Crown|Calm Mind|p1a: Iron Crown
|-boost|p1a: Iron Crown|spa|1
|-boost|p1a: Iron Crown|spd|1
|move|p2a: Alomomola|Flip Turn|p1a: Iron Crown
|-damage|p1a: Iron Crown|4/100
|
|t:|1769390271
|switch|p2a: Gliscor|Gliscor, M|61/100 tox|[from] Flip Turn
|
|-heal|p2a: Gliscor|74/100 tox|[from] ability: Poison Heal
|upkeep
|turn|23
|
|t:|1769390291
|move|p1a: Iron Crown|Psyshock|p2a: Gliscor
|-damage|p2a: Gliscor|28/100 tox
|move|p2a: Gliscor|Knock Off|p1a: Iron Crown
|-resisted|p1a: Iron Crown
|-damage|p1a: Iron Crown|0 fnt
|faint|p1a: Iron Crown
|-end|p1a: Iron Crown|Quark Drive|[silent]
|
|-heal|p2a: Gliscor|41/100 tox|[from] ability: Poison Heal
|upkeep
|
|t:|1769390294
|switch|p1a: Rillaboom|Rillaboom, F|100/100
|-damage|p1a: Rillaboom|76/100|[from] Spikes
|-fieldstart|move: Grassy Terrain|[from] ability: Grassy Surge|[of] p1a: Rillaboom
|turn|24
|
|t:|1769390297
|move|p2a: Gliscor|Protect|p2a: Gliscor
|-singleturn|p2a: Gliscor|Protect
|move|p1a: Rillaboom|Swords Dance|p1a: Rillaboom
|-boost|p1a: Rillaboom|atk|2
|
|-heal|p1a: Rillaboom|82/100|[from] Grassy Terrain
|-heal|p2a: Gliscor|53/100 tox|[from] ability: Poison Heal
|upkeep
|turn|25
|
|t:|1769390308
|switch|p2a: Heatran|Heatran, M|5/100
|move|p1a: Rillaboom|Grassy Glide|p2a: Heatran
|-resisted|p2a: Heatran
|-damage|p2a: Heatran|0 fnt
|faint|p2a: Heatran
|
|-heal|p1a: Rillaboom|88/100|[from] Grassy Terrain
|upkeep
|
|t:|1769390317
|switch|p2a: Alomomola|Alomomola, F|100/100
|turn|26
|
|t:|1769390320
|move|p2a: Alomomola|Protect|p2a: Alomomola
|-singleturn|p2a: Alomomola|Protect
|move|p1a: Rillaboom|Swords Dance|p1a: Rillaboom
|-boost|p1a: Rillaboom|atk|2
|
|-heal|p1a: Rillaboom|94/100|[from] Grassy Terrain
|upkeep
|turn|27
|
|t:|1769390323
|move|p1a: Rillaboom|Grassy Glide|p2a: Alomomola
|-supereffective|p2a: Alomomola
|-damage|p2a: Alomomola|0 fnt
|faint|p2a: Alomomola
|
|-heal|p1a: Rillaboom|99/100|[from] Grassy Terrain
|upkeep
|
|t:|1769390326
|switch|p2a: Gliscor|Gliscor, M|53/100 tox
|turn|28
|
|t:|1769390328
|move|p1a: Rillaboom|Grassy Glide|p2a: Gliscor
|-damage|p2a: Gliscor|0 fnt
|faint|p2a: Gliscor
|
|-heal|p1a: Rillaboom|100/100|[from] Grassy Terrain
|upkeep
|-message|suprya forfeited.
|
|win|liamsdad
|raw|liamsdad's rating: 1655 &rarr; <strong>1677</strong><br />(+22 for winning)
|raw|suprya's rating: 1693 &rarr; <strong>1671</strong><br />(-22 for losing)
|l|☆suprya
|player|p2|
|l|‽liamsdad
|player|p1|
