|j|‽gael._.31
|j|☆lordweirdo17
|t:|1769421042
|gametype|singles
|player|p1|gael._.31|102|1091
|player|p2|lordweirdo17|fisherman-gen4|1118
|gen|9
|tier|[Gen 9] OU
|rated|
|rule|HP Percentage Mod: HP is shown in percentages
|rule|Endless Battle Clause: Forcing endless battles is banned
|rule|Species Clause: Limit one of each Pokémon
|rule|OHKO Clause: OHKO moves are banned
|rule|Evasion Items Clause: Evasion items are banned
|rule|Evasion Moves Clause: Evasion moves are banned
|rule|Evasion Abilities Clause: Evasion abilities are banned
|rule|Sleep Moves Clause: Sleep-inducing moves are banned
|clearpoke
|poke|p1|Darkrai|
|poke|p1|Latios, M|
|poke|p1|Dedenne, F|
|poke|p1|Gliscor, F|
|poke|p1|Hoopa-Unbound|
|poke|p1|Great Tusk|
|poke|p2|Hoopa-Unbound|
|poke|p2|Enamorus, F|
|poke|p2|Garchomp, M|
|poke|p2|Pecharunt|
|poke|p2|Hatterene, F|
|poke|p2|Kingambit, F|
|teampreview
|inactive|Battle timer is ON: inactive players will automatically lose when time's up. (requested by lordweirdo17)
|
|t:|1769421059
|teamsize|p1|6
|teamsize|p2|6
|start
|switch|p1a: Dedenne|Dedenne, F|100/100
|switch|p2a: Garchomp|Garchomp, M|100/100
|turn|1
|
|t:|1769421070
|switch|p2a: Kingambit|Kingambit, F|100/100
|move|p1a: Dedenne|Charm|p2a: Kingambit
|-unboost|p2a: Kingambit|atk|2
|
|upkeep
|turn|2
|
|t:|1769421078
|move|p1a: Dedenne|Nuzzle|p2a: Kingambit
|-damage|p2a: Kingambit|97/100
|-status|p2a: Kingambit|par
|-enditem|p2a: Kingambit|Lum Berry|[eat]
|-curestatus|p2a: Kingambit|par|[msg]
|move|p2a: Kingambit|Iron Head|p1a: Dedenne
|-damage|p1a: Dedenne|77/100
|-enditem|p1a: Dedenne|Kee Berry|[eat]
|-boost|p1a: Dedenne|def|1|[from] item: Kee Berry
|-heal|p1a: Dedenne|100/100|[from] ability: Cheek Pouch
|
|upkeep
|turn|3
|
|t:|1769421092
|-end|p2a: Kingambit|fallenundefined|[silent]
|switch|p2a: Pecharunt|Pecharunt|100/100
|move|p1a: Dedenne|Nuzzle|p2a: Pecharunt
|-damage|p2a: Pecharunt|98/100
|-status|p2a: Pecharunt|par
|
|upkeep
|turn|4
|
|t:|1769421102
|move|p1a: Dedenne|Charge|p1a: Dedenne
|-boost|p1a: Dedenne|spd|1
|-start|p1a: Dedenne|Charge
|move|p2a: Pecharunt|Malignant Chain|p1a: Dedenne
|-supereffective|p1a: Dedenne
|-damage|p1a: Dedenne|40/100
|-status|p1a: Dedenne|tox
|-start|p1a: Dedenne|confusion|[from] ability: Poison Puppeteer|[of] p2a: Pecharunt
|
|-damage|p1a: Dedenne|34/100 tox|[from] psn
|upkeep
|turn|5
|
|t:|1769421114
|-activate|p1a: Dedenne|confusion
|move|p1a: Dedenne|Parabolic Charge|p2a: Pecharunt
|-damage|p2a: Pecharunt|64/100 par
|-heal|p1a: Dedenne|53/100 tox|[from] drain|[of] p2a: Pecharunt
|-end|p1a: Dedenne|Charge|[silent]
|move|p2a: Pecharunt|Parting Shot|p1a: Dedenne
|-unboost|p1a: Dedenne|atk|1
|-unboost|p1a: Dedenne|spa|1
|
|t:|1769421130
|switch|p2a: Enamorus|Enamorus, F|100/100|[from] Parting Shot
|
|-damage|p1a: Dedenne|41/100 tox|[from] psn
|upkeep
|turn|6
|
|t:|1769421142
|move|p2a: Enamorus|Moonblast|p1a: Dedenne
|-damage|p1a: Dedenne|0 fnt
|faint|p1a: Dedenne
|
|upkeep
|
|t:|1769421148
|switch|p1a: Darkrai|Darkrai|100/100
|turn|7
|
|t:|1769421157
|-terastallize|p2a: Enamorus|Stellar
|move|p1a: Darkrai|Sludge Bomb|p2a: Enamorus
|-supereffective|p2a: Enamorus
|-damage|p2a: Enamorus|10/100
|move|p2a: Enamorus|Moonblast|p1a: Darkrai
|-supereffective|p1a: Darkrai
|-damage|p1a: Darkrai|0 fnt
|faint|p1a: Darkrai
|
|upkeep
|
|t:|1769421168
|switch|p1a: Gliscor|Gliscor, F|100/100
|turn|8
|
|t:|1769421173
|switch|p2a: Hatterene|Hatterene, F|100/100
|move|p1a: Gliscor|Facade|p2a: Hatterene
|-damage|p2a: Hatterene|86/100
|
|-status|p1a: Gliscor|tox|[from] item: Toxic Orb
|upkeep
|turn|9
|
|t:|1769421185
|switch|p2a: Pecharunt|Pecharunt|64/100 par
|move|p1a: Gliscor|Swords Dance|p1a: Gliscor
|-boost|p1a: Gliscor|atk|2
|
|upkeep
|turn|10
|
|t:|1769421192
|move|p1a: Gliscor|Facade|p2a: Pecharunt
|-immune|p2a: Pecharunt
|move|p2a: Pecharunt|Recover|p2a: Pecharunt
|-heal|p2a: Pecharunt|100/100 par
|
|upkeep
|turn|11
|
|t:|1769421200
|move|p1a: Gliscor|Earthquake|p2a: Pecharunt
|-supereffective|p2a: Pecharunt
|-enditem|p2a: Pecharunt|Shuca Berry|[eat]
|-enditem|p2a: Pecharunt|Shuca Berry|[weaken]
|-damage|p2a: Pecharunt|59/100 par
|move|p2a: Pecharunt|Hex|p1a: Gliscor
|-damage|p1a: Gliscor|55/100 tox
|
|-heal|p1a: Gliscor|67/100 tox|[from] ability: Poison Heal
|upkeep
|turn|12
|
|t:|1769421210
|move|p1a: Gliscor|Earthquake|p2a: Pecharunt
|-supereffective|p2a: Pecharunt
|-damage|p2a: Pecharunt|0 fnt
|faint|p2a: Pecharunt
|
|-heal|p1a: Gliscor|79/100 tox|[from] ability: Poison Heal
|upkeep
|
|t:|1769421218
|switch|p2a: Hoopa|Hoopa-Unbound|100/100
|turn|13
|l|‽gael._.31
|inactive|gael._.31 disconnected and has a minute to reconnect!
|player|p1|
|inactive|gael._.31 has 30 seconds to reconnect!
|inactive|gael._.31 has 20 seconds to reconnect!
|inactive|gael._.31 has 15 seconds to reconnect!
|inactive|gael._.31 has 10 seconds to reconnect!
|inactive|gael._.31 has 5 seconds to reconnect!
|-message|gael._.31 lost due to inactivity.
|
|win|lordweirdo17
|raw|gael._.31's rating: 1091 &rarr; <strong>1069</strong><br />(-22 for losing)
|raw|lordweirdo17's rating: 1118 &rarr; <strong>1141</strong><br />(+23 for winning)
|l|☆lordweirdo17
|player|p2|
