|j|☆Jinghan Yu
|j|☆Jleon23
|t:|1769319190
|gametype|singles
|player|p1|Jinghan Yu|nate|1352
|player|p2|Jleon23|acetrainerf-gen4dp|1356
|gen|9
|tier|[Gen 9] OU
|rated|
|rule|HP Percentage Mod: HP is shown in percentages
|rule|Endless Battle Clause: Forcing endless battles is banned
|rule|Species Clause: Limit one of each Pokémon
|rule|OHKO Clause: OHKO moves are banned
|rule|Evasion Items Clause: Evasion items are banned
|rule|Evasion Moves Clause: Evasion moves are banned
|rule|Evasion Abilities Clause: Evasion abilities are banned
|rule|Sleep Moves Clause: Sleep-inducing moves are banned
|clearpoke
|poke|p1|Blastoise, M|
|poke|p1|Tyranitar, M|
|poke|p1|Garchomp, M|
|poke|p1|Gyarados, M|
|poke|p1|Gengar, M|
|poke|p1|Excadrill, M|
|poke|p2|Lilligant-Hisui, F|
|poke|p2|Ninetales, F|
|poke|p2|Walking Wake|
|poke|p2|Ceruledge, M|
|poke|p2|Great Tusk|
|poke|p2|Greninja-*, M|
|teampreview
|
|t:|1769319201
|teamsize|p1|6
|teamsize|p2|6
|start
|switch|p1a: Osten|Gyarados, M, shiny|100/100
|switch|p2a: Great Tusk|Great Tusk|100/100
|-ability|p1a: Osten|Intimidate|boost
|-unboost|p2a: Great Tusk|atk|1
|turn|1
|
|t:|1769319208
|-end|p2a: Great Tusk|Protosynthesis|[silent]
|switch|p2a: Walking Wake|Walking Wake|100/100
|-enditem|p2a: Walking Wake|Booster Energy
|-activate|p2a: Walking Wake|ability: Protosynthesis|[fromitem]
|-start|p2a: Walking Wake|protosynthesisspa
|move|p1a: Osten|Dragon Dance|p1a: Osten
|-boost|p1a: Osten|atk|1
|-boost|p1a: Osten|spe|1
|
|upkeep
|turn|2
|
|t:|1769319212
|move|p1a: Osten|Body Slam|p2a: Walking Wake
|-damage|p2a: Walking Wake|46/100
|move|p2a: Walking Wake|Draco Meteor|p1a: Osten
|-damage|p1a: Osten|10/100
|-unboost|p2a: Walking Wake|spa|2
|
|-heal|p1a: Osten|16/100|[from] item: Leftovers
|upkeep
|turn|3
|
|t:|1769319219
|-end|p2a: Walking Wake|Protosynthesis|[silent]
|switch|p2a: Ceruledge|Ceruledge, M|100/100
|move|p1a: Osten|Body Slam|p2a: Ceruledge
|-immune|p2a: Ceruledge
|
|-heal|p1a: Osten|22/100|[from] item: Leftovers
|upkeep
|turn|4
|
|t:|1769319230
|switch|p1a: Timothy|Tyranitar, M|100/100
|-weather|Sandstorm|[from] ability: Sand Stream|[of] p1a: Timothy
|move|p2a: Ceruledge|Shadow Sneak|p1a: Timothy
|-resisted|p1a: Timothy
|-damage|p1a: Timothy|90/100
|
|-weather|Sandstorm|[upkeep]
|-damage|p2a: Ceruledge|94/100|[from] Sandstorm
|upkeep
|turn|5
|
|t:|1769319235
|move|p2a: Ceruledge|Close Combat|p1a: Timothy
|-supereffective|p1a: Timothy
|-damage|p1a: Timothy|0 fnt
|-unboost|p2a: Ceruledge|def|1
|-unboost|p2a: Ceruledge|spd|1
|faint|p1a: Timothy
|
|-weather|Sandstorm|[upkeep]
|-damage|p2a: Ceruledge|88/100|[from] Sandstorm
|upkeep
|
|t:|1769319247
|switch|p1a: Blaine|Blastoise, M|100/100
|turn|6
|inactive|Battle timer is ON: inactive players will automatically lose when time's up. (requested by Jinghan Yu)
|
|t:|1769319264
|switch|p2a: Walking Wake|Walking Wake|46/100
|move|p1a: Blaine|Shell Smash|p1a: Blaine
|-unboost|p1a: Blaine|def|1
|-unboost|p1a: Blaine|spd|1
|-boost|p1a: Blaine|atk|2
|-boost|p1a: Blaine|spa|2
|-boost|p1a: Blaine|spe|2
|-enditem|p1a: Blaine|White Herb
|-clearnegativeboost|p1a: Blaine|[silent]
|
|-weather|Sandstorm|[upkeep]
|-damage|p1a: Blaine|94/100|[from] Sandstorm
|-damage|p2a: Walking Wake|40/100|[from] Sandstorm
|upkeep
|turn|7
|
|t:|1769319270
|move|p1a: Blaine|Ice Beam|p2a: Walking Wake
|-damage|p2a: Walking Wake|0 fnt
|faint|p2a: Walking Wake
|-end|p2a: Walking Wake|Protosynthesis|[silent]
|
|-weather|Sandstorm|[upkeep]
|-damage|p1a: Blaine|88/100|[from] Sandstorm
|upkeep
|
|t:|1769319279
|switch|p2a: Ninetales|Ninetales, F|100/100
|-weather|SunnyDay|[from] ability: Drought|[of] p2a: Ninetales
|turn|8
|
|t:|1769319288
|-terastallize|p1a: Blaine|Fighting
|move|p1a: Blaine|Shell Smash|p1a: Blaine
|-unboost|p1a: Blaine|def|1
|-unboost|p1a: Blaine|spd|1
|-boost|p1a: Blaine|atk|2
|-boost|p1a: Blaine|spa|2
|-boost|p1a: Blaine|spe|2
|move|p2a: Ninetales|Roar|p1a: Blaine
|drag|p1a: Mangus|Garchomp, M, shiny|100/100
|
|-weather|SunnyDay|[upkeep]
|upkeep
|turn|9
|
|t:|1769319298
|switch|p2a: Great Tusk|Great Tusk|100/100
|-activate|p2a: Great Tusk|ability: Protosynthesis
|-start|p2a: Great Tusk|protosynthesisdef
|move|p1a: Mangus|Swords Dance|p1a: Mangus
|-boost|p1a: Mangus|atk|2
|
|-weather|SunnyDay|[upkeep]
|upkeep
|turn|10
|
|t:|1769319300
|move|p1a: Mangus|Scale Shot|p2a: Great Tusk
|-damage|p2a: Great Tusk|89/100
|-damage|p2a: Great Tusk|77/100
|-crit|p2a: Great Tusk
|-damage|p2a: Great Tusk|60/100
|-damage|p2a: Great Tusk|49/100
|-damage|p2a: Great Tusk|36/100
|-hitcount|p2a: Great Tusk|5
|-unboost|p1a: Mangus|def|1
|-boost|p1a: Mangus|spe|1
|move|p2a: Great Tusk|Knock Off|p1a: Mangus
|-damage|p1a: Mangus|57/100
|-damage|p2a: Great Tusk|24/100|[from] ability: Rough Skin|[of] p1a: Mangus
|-enditem|p1a: Mangus|Loaded Dice|[from] move: Knock Off|[of] p2a: Great Tusk
|
|-weather|SunnyDay|[upkeep]
|upkeep
|turn|11
|
|t:|1769319305
|move|p1a: Mangus|Scale Shot|p2a: Great Tusk
|-damage|p2a: Great Tusk|11/100
|-damage|p2a: Great Tusk|0 fnt
|faint|p2a: Great Tusk
|-end|p2a: Great Tusk|Protosynthesis|[silent]
|-hitcount|p2: Great Tusk|2
|-unboost|p1a: Mangus|def|1
|-boost|p1a: Mangus|spe|1
|
|-weather|SunnyDay|[upkeep]
|upkeep
|
|t:|1769319317
|switch|p2a: Ceruledge|Ceruledge, M|88/100
|turn|12
|
|t:|1769319320
|move|p2a: Ceruledge|Shadow Sneak|p1a: Mangus
|-damage|p1a: Mangus|20/100
|-damage|p2a: Ceruledge|76/100|[from] ability: Rough Skin|[of] p1a: Mangus
|move|p1a: Mangus|Scale Shot|p2a: Ceruledge
|-damage|p2a: Ceruledge|30/100
|-ability|p2a: Ceruledge|Weak Armor|boost
|-unboost|p2a: Ceruledge|def|1
|-boost|p2a: Ceruledge|spe|2
|-damage|p2a: Ceruledge|0 fnt
|faint|p2a: Ceruledge
|-hitcount|p2: Ceruledge|2
|-unboost|p1a: Mangus|def|1
|-boost|p1a: Mangus|spe|1
|
|-weather|SunnyDay|[upkeep]
|upkeep
|
|t:|1769319324
|switch|p2a: Lilligant|Lilligant-Hisui, F, shiny|100/100
|turn|13
|
|t:|1769319331
|move|p1a: Mangus|Scale Shot|p2a: Lilligant
|-damage|p2a: Lilligant|59/100
|-damage|p2a: Lilligant|21/100
|-hitcount|p2a: Lilligant|2
|-unboost|p1a: Mangus|def|1
|-boost|p1a: Mangus|spe|1
|move|p2a: Lilligant|Solar Blade||[still]
|-prepare|p2a: Lilligant|Solar Blade
|-anim|p2a: Lilligant|Solar Blade|p1a: Mangus
|-crit|p1a: Mangus
|-damage|p1a: Mangus|0 fnt
|-damage|p2a: Lilligant|9/100|[from] ability: Rough Skin|[of] p1a: Mangus
|faint|p1a: Mangus
|
|-weather|SunnyDay|[upkeep]
|upkeep
|
|t:|1769319344
|switch|p1a: Nasim|Gengar, M|100/100
|turn|14
|
|t:|1769319350
|move|p1a: Nasim|Endure|p1a: Nasim
|-singleturn|p1a: Nasim|move: Endure
|move|p2a: Lilligant|Triple Axel|p1a: Nasim
|-damage|p1a: Nasim|86/100
|-crit|p1a: Nasim
|-damage|p1a: Nasim|44/100
|-damage|p1a: Nasim|8/100
|-start|p2a: Lilligant|Disable|Triple Axel|[from] ability: Cursed Body|[of] p1a: Nasim
|-enditem|p1a: Nasim|Salac Berry|[eat]
|-boost|p1a: Nasim|spe|1|[from] item: Salac Berry
|-hitcount|p1a: Nasim|3
|
|-weather|SunnyDay|[upkeep]
|upkeep
|turn|15
|
|t:|1769319356
|move|p2a: Lilligant|Solar Blade||[still]
|-prepare|p2a: Lilligant|Solar Blade
|-anim|p2a: Lilligant|Solar Blade|p1a: Nasim
|-resisted|p1a: Nasim
|-damage|p1a: Nasim|0 fnt
|faint|p1a: Nasim
|
|-weather|none
|upkeep
|
|t:|1769319363
|switch|p1a: Blaine|Blastoise, M, tera:Fighting|88/100
|turn|16
|
|t:|1769319366
|move|p2a: Lilligant|Axe Kick|p1a: Blaine
|-crit|p1a: Blaine
|-damage|p1a: Blaine|0 fnt
|faint|p1a: Blaine
|
|upkeep
|
|t:|1769319371
|switch|p1a: Osten|Gyarados, M, shiny|22/100
|-ability|p1a: Osten|Intimidate|boost
|-unboost|p2a: Lilligant|atk|1
|turn|17
|
|t:|1769319375
|move|p2a: Lilligant|Axe Kick|p1a: Osten
|-resisted|p1a: Osten
|-crit|p1a: Osten
|-damage|p1a: Osten|0 fnt
|faint|p1a: Osten
|
|-end|p2a: Lilligant|Disable
|upkeep
|
|t:|1769319377
|switch|p1a: Emmett|Excadrill, M|100/100
|-item|p1a: Emmett|Air Balloon
|turn|18
|
|t:|1769319381
|move|p1a: Emmett|Rapid Spin|p2a: Lilligant
|-damage|p2a: Lilligant|0 fnt
|-boost|p1a: Emmett|spe|1
|faint|p2a: Lilligant
|
|upkeep
|
|t:|1769319384
|switch|p2a: Ninetales|Ninetales, F|100/100
|-weather|SunnyDay|[from] ability: Drought|[of] p2a: Ninetales
|turn|19
|
|t:|1769319391
|-terastallize|p2a: Ninetales|Grass
|move|p1a: Emmett|Earthquake|p2a: Ninetales
|-resisted|p2a: Ninetales
|-damage|p2a: Ninetales|68/100
|move|p2a: Ninetales|Overheat|p1a: Emmett
|-supereffective|p1a: Emmett
|-damage|p1a: Emmett|0 fnt
|-unboost|p2a: Ninetales|spa|2
|-enditem|p1a: Emmett|Air Balloon
|faint|p1a: Emmett
|
|win|Jleon23
|raw|Jinghan Yu's rating: 1352 &rarr; <strong>1332</strong><br />(-20 for losing)
|raw|Jleon23's rating: 1356 &rarr; <strong>1376</strong><br />(+20 for winning)
|l|☆Jinghan Yu
|player|p1|
|l|☆Jleon23
|player|p2|
