|j|‽senator Kanto
|j|☆osaragiiscute
|t:|1769371416
|gametype|singles
|player|p1|senator Kanto|scientist-gen4|1175
|player|p2|osaragiiscute|wallace|1160
|gen|9
|tier|[Gen 9] OU
|rated|
|rule|HP Percentage Mod: HP is shown in percentages
|rule|Endless Battle Clause: Forcing endless battles is banned
|rule|Species Clause: Limit one of each Pokémon
|rule|OHKO Clause: OHKO moves are banned
|rule|Evasion Items Clause: Evasion items are banned
|rule|Evasion Moves Clause: Evasion moves are banned
|rule|Evasion Abilities Clause: Evasion abilities are banned
|rule|Sleep Moves Clause: Sleep-inducing moves are banned
|clearpoke
|poke|p1|Decidueye, M|
|poke|p1|Muk-Alola, M|
|poke|p1|Toxapex, F|
|poke|p1|Vikavolt, F|
|poke|p1|Toucannon, F|
|poke|p1|Bruxish, F|
|poke|p2|Meowscarada, F|
|poke|p2|Spidops, F|
|poke|p2|Armarouge, F|
|poke|p2|Maushold-Four|
|poke|p2|Gholdengo|
|poke|p2|Grafaiai, M|
|teampreview
|inactive|Battle timer is ON: inactive players will automatically lose when time's up. (requested by senator Kanto)
|
|t:|1769371423
|teamsize|p1|6
|teamsize|p2|6
|start
|switch|p1a: Bruxish|Bruxish, F|100/100
|switch|p2a: Neos|Grafaiai, M|100/100
|turn|1
|c|☆osaragiiscute|nice team
|
|t:|1769371432
|move|p2a: Neos|Knock Off|p1a: Bruxish
|-supereffective|p1a: Bruxish
|-damage|p1a: Bruxish|30/100
|-enditem|p1a: Bruxish|Light Clay|[from] move: Knock Off|[of] p2a: Neos
|move|p1a: Bruxish|Calm Mind|p1a: Bruxish
|-boost|p1a: Bruxish|spa|1
|-boost|p1a: Bruxish|spd|1
|
|upkeep
|turn|2
|
|t:|1769371443
|move|p2a: Neos|Knock Off|p1a: Bruxish
|-supereffective|p1a: Bruxish
|-damage|p1a: Bruxish|0 fnt
|faint|p1a: Bruxish
|
|upkeep
|
|t:|1769371465
|switch|p1a: Toucannon|Toucannon, F|100/100
|turn|3
|
|t:|1769371471
|move|p2a: Neos|Knock Off|p1a: Toucannon
|-damage|p1a: Toucannon|72/100
|-enditem|p1a: Toucannon|Muscle Band|[from] move: Knock Off|[of] p2a: Neos
|move|p1a: Toucannon|Swords Dance|p1a: Toucannon
|-boost|p1a: Toucannon|atk|2
|
|upkeep
|turn|4
|
|t:|1769371484
|-singleturn|p1a: Toucannon|move: Beak Blast
|move|p2a: Neos|Parting Shot|p1a: Toucannon
|-unboost|p1a: Toucannon|atk|1
|-unboost|p1a: Toucannon|spa|1
|
|t:|1769371489
|switch|p2a: Captain Gold|Gholdengo|100/100|[from] Parting Shot
|move|p1a: Toucannon|Beak Blast|p2a: Captain Gold
|-resisted|p2a: Captain Gold
|-damage|p2a: Captain Gold|78/100
|
|upkeep
|turn|5
|
|t:|1769371497
|move|p2a: Captain Gold|Nasty Plot|p2a: Captain Gold
|-boost|p2a: Captain Gold|spa|2
|move|p1a: Toucannon|Throat Chop|p2a: Captain Gold
|-supereffective|p2a: Captain Gold
|-damage|p2a: Captain Gold|11/100
|
|upkeep
|turn|6
|
|t:|1769371506
|move|p2a: Captain Gold|Make It Rain|p1a: Toucannon
|-damage|p1a: Toucannon|0 fnt
|-unboost|p2a: Captain Gold|spa|1
|faint|p1a: Toucannon
|
|upkeep
|
|t:|1769371521
|switch|p1a: Muk|Muk-Alola, M|100/100
|-item|p1a: Muk|Air Balloon
|turn|7
|
|t:|1769371526
|move|p2a: Captain Gold|Recover|p2a: Captain Gold
|-heal|p2a: Captain Gold|61/100
|move|p1a: Muk|Knock Off|p2a: Captain Gold
|-supereffective|p2a: Captain Gold
|-damage|p2a: Captain Gold|0 fnt
|-enditem|p2a: Captain Gold|Covert Cloak|[from] move: Knock Off|[of] p1a: Muk
|faint|p2a: Captain Gold
|
|upkeep
|
|t:|1769371540
|switch|p2a: Escuriado|Spidops, F|100/100
|turn|8
|
|t:|1769371549
|move|p2a: Escuriado|First Impression|p1a: Muk
|-damage|p1a: Muk|62/100
|-enditem|p1a: Muk|Air Balloon
|move|p1a: Muk|Poison Jab|p2a: Escuriado
|-damage|p2a: Escuriado|55/100
|-status|p2a: Escuriado|psn|[from] ability: Poison Touch|[of] p1a: Muk
|
|-damage|p2a: Escuriado|42/100 psn|[from] psn
|upkeep
|turn|9
|
|t:|1769371564
|move|p1a: Muk|Knock Off|p2a: Escuriado
|-damage|p2a: Escuriado|0 fnt
|-enditem|p2a: Escuriado|Heavy-Duty Boots|[from] move: Knock Off|[of] p1a: Muk
|faint|p2a: Escuriado
|
|upkeep
|
|t:|1769371576
|switch|p2a: Stratos|Maushold-Four|100/100
|turn|10
|
|t:|1769371579
|move|p2a: Stratos|Population Bomb|p1a: Muk
|-damage|p1a: Muk|49/100
|-damage|p1a: Muk|37/100
|-damage|p1a: Muk|24/100
|-damage|p1a: Muk|12/100
|-damage|p1a: Muk|0 fnt
|faint|p1a: Muk
|-hitcount|p1: Muk|5
|
|upkeep
|
|t:|1769371591
|switch|p1a: Decidueye|Decidueye, M, shiny|100/100
|turn|11
|
|t:|1769371596
|move|p2a: Stratos|Bite|p1a: Decidueye
|-supereffective|p1a: Decidueye
|-damage|p1a: Decidueye|55/100
|move|p1a: Decidueye|Acrobatics|p2a: Stratos
|-damage|p2a: Stratos|43/100
|
|upkeep
|turn|12
|
|t:|1769371602
|move|p2a: Stratos|Bite|p1a: Decidueye
|-supereffective|p1a: Decidueye
|-damage|p1a: Decidueye|10/100
|move|p1a: Decidueye|Acrobatics|p2a: Stratos
|-damage|p2a: Stratos|0 fnt
|faint|p2a: Stratos
|
|upkeep
|
|t:|1769371611
|switch|p2a: Neos|Grafaiai, M|100/100
|turn|13
|
|t:|1769371629
|move|p2a: Neos|Knock Off|p1a: Decidueye
|-supereffective|p1a: Decidueye
|-damage|p1a: Decidueye|0 fnt
|faint|p1a: Decidueye
|
|upkeep
|
|t:|1769371636
|switch|p1a: Toxapex|Toxapex, F|100/100
|turn|14
|
|t:|1769371641
|switch|p1a: Vikavolt|Vikavolt, F, shiny|100/100
|move|p2a: Neos|Knock Off|p1a: Vikavolt
|-damage|p1a: Vikavolt|71/100
|-enditem|p1a: Vikavolt|Red Card|[from] move: Knock Off|[of] p2a: Neos
|
|upkeep
|turn|15
|
|t:|1769371649
|move|p2a: Neos|Poison Jab|p1a: Vikavolt
|-damage|p1a: Vikavolt|36/100
|move|p1a: Vikavolt|Sticky Web|p2a: Neos
|-sidestart|p2: osaragiiscute|move: Sticky Web
|
|upkeep
|turn|16
|
|t:|1769371655
|move|p2a: Neos|Copycat|p2a: Neos
|move|p2a: Neos|Sticky Web|p1a: Vikavolt|[from] move: Copycat
|-sidestart|p1: senator Kanto|move: Sticky Web
|move|p1a: Vikavolt|Bug Buzz|p2a: Neos
|-resisted|p2a: Neos
|-damage|p2a: Neos|67/100
|
|upkeep
|turn|17
|
|t:|1769371670
|move|p2a: Neos|Poison Jab|p1a: Vikavolt
|-damage|p1a: Vikavolt|0 fnt
|faint|p1a: Vikavolt
|
|upkeep
|
|t:|1769371675
|switch|p1a: Toxapex|Toxapex, F|100/100
|-activate|p1a: Toxapex|move: Sticky Web
|-unboost|p1a: Toxapex|spe|1
|turn|18
|
|t:|1769371683
|move|p2a: Neos|Knock Off|p1a: Toxapex
|-damage|p1a: Toxapex|75/100
|-enditem|p1a: Toxapex|Leftovers|[from] move: Knock Off|[of] p2a: Neos
|move|p1a: Toxapex|Surf|p2a: Neos
|-damage|p2a: Neos|15/100
|
|upkeep
|turn|19
|
|t:|1769371696
|move|p2a: Neos|Parting Shot|p1a: Toxapex
|-unboost|p1a: Toxapex|atk|1
|-unboost|p1a: Toxapex|spa|1
|
|t:|1769371699
|switch|p2a: Terra Firma|Meowscarada, F|100/100|[from] Parting Shot
|-activate|p2a: Terra Firma|move: Sticky Web
|-unboost|p2a: Terra Firma|spe|1
|move|p1a: Toxapex|Surf|p2a: Terra Firma
|-resisted|p2a: Terra Firma
|-damage|p2a: Terra Firma|86/100
|
|upkeep
|turn|20
|
|t:|1769371711
|-terastallize|p2a: Terra Firma|Grass
|move|p1a: Toxapex|Baneful Bunker|p1a: Toxapex
|-singleturn|p1a: Toxapex|move: Protect
|move|p2a: Terra Firma|Flower Trick|p1a: Toxapex
|-activate|p1a: Toxapex|move: Protect
|
|upkeep
|turn|21
|
|t:|1769371720
|move|p2a: Terra Firma|Flower Trick|p1a: Toxapex
|-crit|p1a: Toxapex
|-damage|p1a: Toxapex|6/100
|move|p1a: Toxapex|Venoshock|p2a: Terra Firma
|-supereffective|p2a: Terra Firma
|-damage|p2a: Terra Firma|39/100
|
|upkeep
|turn|22
|
|t:|1769371729
|move|p1a: Toxapex|Baneful Bunker|p1a: Toxapex
|-singleturn|p1a: Toxapex|move: Protect
|move|p2a: Terra Firma|Flower Trick|p1a: Toxapex
|-activate|p1a: Toxapex|move: Protect
|
|upkeep
|turn|23
|
|t:|1769371736
|move|p2a: Terra Firma|Flower Trick|p1a: Toxapex
|-crit|p1a: Toxapex
|-damage|p1a: Toxapex|0 fnt
|faint|p1a: Toxapex
|
|win|osaragiiscute
|raw|senator Kanto's rating: 1175 &rarr; <strong>1149</strong><br />(-26 for losing)
|raw|osaragiiscute's rating: 1160 &rarr; <strong>1186</strong><br />(+26 for winning)
|l|☆osaragiiscute
|player|p2|
|l|‽senator Kanto
|player|p1|
