|j|☆Arcangel666
|j|☆galoop
|t:|1769301097
|gametype|singles
|player|p1|Arcangel666|piers-masters|1778
|player|p2|galoop|266|1740
|gen|9
|tier|[Gen 9] OU
|rated|
|rule|HP Percentage Mod: HP is shown in percentages
|rule|Endless Battle Clause: Forcing endless battles is banned
|rule|Species Clause: Limit one of each Pokémon
|rule|OHKO Clause: OHKO moves are banned
|rule|Evasion Items Clause: Evasion items are banned
|rule|Evasion Moves Clause: Evasion moves are banned
|rule|Evasion Abilities Clause: Evasion abilities are banned
|rule|Sleep Moves Clause: Sleep-inducing moves are banned
|clearpoke
|poke|p1|Ting-Lu|
|poke|p1|Kingambit, M|
|poke|p1|Dragapult, M|
|poke|p1|Skeledirge, F|
|poke|p1|Iron Valiant|
|poke|p1|Rotom-Wash|
|poke|p2|Tyranitar, M|
|poke|p2|Excadrill, M|
|poke|p2|Iron Valiant|
|poke|p2|Primarina, F|
|poke|p2|Scizor, F|
|poke|p2|Landorus-Therian, M|
|teampreview
|
|t:|1769301113
|teamsize|p1|6
|teamsize|p2|6
|start
|switch|p1a: Rotom|Rotom-Wash, shiny|100/100
|switch|p2a: Landorus|Landorus-Therian, M|100/100
|-ability|p2a: Landorus|Intimidate|boost
|-unboost|p1a: Rotom|atk|1
|turn|1
|
|t:|1769301132
|switch|p2a: Scizor|Scizor, F|100/100
|move|p1a: Rotom|Hydro Pump|p2a: Scizor|[miss]
|-miss|p1a: Rotom|p2a: Scizor
|
|upkeep
|turn|2
|
|t:|1769301138
|move|p1a: Rotom|Hydro Pump|p2a: Scizor
|-damage|p2a: Scizor|46/100
|-enditem|p2a: Scizor|Sitrus Berry|[eat]
|-heal|p2a: Scizor|71/100|[from] item: Sitrus Berry
|move|p2a: Scizor|Knock Off|p1a: Rotom
|-damage|p1a: Rotom|51/100
|-enditem|p1a: Rotom|Leftovers|[from] move: Knock Off|[of] p2a: Scizor
|
|upkeep
|turn|3
|j| jsnsddk
|
|t:|1769301145
|move|p1a: Rotom|Hydro Pump|p2a: Scizor
|-damage|p2a: Scizor|15/100
|move|p2a: Scizor|U-turn|p1a: Rotom
|-damage|p1a: Rotom|0 fnt
|faint|p1a: Rotom
|
|t:|1769301150
|switch|p2a: Landorus|Landorus-Therian, M|100/100|[from] U-turn
|
|upkeep
|
|t:|1769301152
|switch|p1a: Iron Valiant|Iron Valiant, shiny|100/100
|turn|4
|
|t:|1769301157
|switch|p2a: Primarina|Primarina, F|100/100
|move|p1a: Iron Valiant|Moonblast|p2a: Primarina
|-damage|p2a: Primarina|58/100
|-unboost|p2a: Primarina|spa|1
|
|upkeep
|turn|5
|
|t:|1769301164
|-end|p1a: Iron Valiant|Quark Drive|[silent]
|switch|p1a: Ting-Lu|Ting-Lu|100/100
|-ability|p1a: Ting-Lu|Vessel of Ruin
|move|p2a: Primarina|Draining Kiss|p1a: Ting-Lu
|-supereffective|p1a: Ting-Lu
|-damage|p1a: Ting-Lu|83/100
|-heal|p2a: Primarina|80/100|[from] drain|[of] p1a: Ting-Lu
|
|-heal|p1a: Ting-Lu|89/100|[from] item: Leftovers
|upkeep
|turn|6
|
|t:|1769301174
|switch|p2a: Landorus|Landorus-Therian, M|100/100
|-ability|p2a: Landorus|Intimidate|boost
|-unboost|p1a: Ting-Lu|atk|1
|move|p1a: Ting-Lu|Stealth Rock|p2a: Landorus
|-sidestart|p2: galoop|move: Stealth Rock
|
|-heal|p1a: Ting-Lu|95/100|[from] item: Leftovers
|upkeep
|turn|7
|
|t:|1769301180
|move|p2a: Landorus|Grass Knot|p1a: Ting-Lu
|-supereffective|p1a: Ting-Lu
|-damage|p1a: Ting-Lu|70/100
|move|p1a: Ting-Lu|Spikes|p2a: Landorus
|-sidestart|p2: galoop|Spikes
|
|-heal|p1a: Ting-Lu|76/100|[from] item: Leftovers
|upkeep
|turn|8
|
|t:|1769301184
|move|p2a: Landorus|Grass Knot|p1a: Ting-Lu
|-supereffective|p1a: Ting-Lu
|-damage|p1a: Ting-Lu|55/100
|move|p1a: Ting-Lu|Spikes|p2a: Landorus
|-sidestart|p2: galoop|Spikes
|
|-heal|p1a: Ting-Lu|61/100|[from] item: Leftovers
|upkeep
|turn|9
|
|t:|1769301188
|move|p2a: Landorus|Grass Knot|p1a: Ting-Lu
|-supereffective|p1a: Ting-Lu
|-damage|p1a: Ting-Lu|37/100
|move|p1a: Ting-Lu|Ruination|p2a: Landorus
|-damage|p2a: Landorus|50/100
|
|-heal|p1a: Ting-Lu|43/100|[from] item: Leftovers
|upkeep
|turn|10
|
|t:|1769301193
|switch|p1a: Dragapult|Dragapult, M, shiny|100/100
|move|p2a: Landorus|Grass Knot|p1a: Dragapult
|-resisted|p1a: Dragapult
|-damage|p1a: Dragapult|87/100
|
|-heal|p1a: Dragapult|93/100|[from] item: Leftovers
|upkeep
|turn|11
|
|t:|1769301196
|move|p1a: Dragapult|Substitute|p1a: Dragapult
|-start|p1a: Dragapult|Substitute
|-damage|p1a: Dragapult|68/100
|move|p2a: Landorus|U-turn|p1a: Dragapult
|-resisted|p1a: Dragapult
|-activate|p1a: Dragapult|move: Substitute|[damage]
|
|t:|1769301202
|switch|p2a: Tyranitar|Tyranitar, M|100/100|[from] U-turn
|-damage|p2a: Tyranitar|88/100|[from] Stealth Rock
|-damage|p2a: Tyranitar|72/100|[from] Spikes
|-weather|Sandstorm|[from] ability: Sand Stream|[of] p2a: Tyranitar
|
|-weather|Sandstorm|[upkeep]
|-damage|p1a: Dragapult|62/100|[from] Sandstorm
|-heal|p1a: Dragapult|68/100|[from] item: Leftovers
|upkeep
|turn|12
|
|t:|1769301204
|move|p1a: Dragapult|Dragon Darts|p2a: Tyranitar
|-damage|p2a: Tyranitar|47/100
|-anim|p1a: Dragapult|Dragon Darts|p2a: Tyranitar
|-damage|p2a: Tyranitar|23/100
|move|p2a: Tyranitar|Knock Off|p1a: Dragapult
|-supereffective|p1a: Dragapult
|-end|p1a: Dragapult|Substitute
|
|-weather|Sandstorm|[upkeep]
|-damage|p1a: Dragapult|62/100|[from] Sandstorm
|-heal|p1a: Dragapult|68/100|[from] item: Leftovers
|upkeep
|turn|13
|
|t:|1769301208
|move|p1a: Dragapult|Substitute|p1a: Dragapult
|-start|p1a: Dragapult|Substitute
|-damage|p1a: Dragapult|43/100
|move|p2a: Tyranitar|Knock Off|p1a: Dragapult
|-supereffective|p1a: Dragapult
|-end|p1a: Dragapult|Substitute
|
|-weather|Sandstorm|[upkeep]
|-damage|p1a: Dragapult|37/100|[from] Sandstorm
|-heal|p1a: Dragapult|43/100|[from] item: Leftovers
|upkeep
|turn|14
|
|t:|1769301216
|move|p1a: Dragapult|Substitute|p1a: Dragapult
|-start|p1a: Dragapult|Substitute
|-damage|p1a: Dragapult|18/100
|move|p2a: Tyranitar|Knock Off|p1a: Dragapult
|-supereffective|p1a: Dragapult
|-end|p1a: Dragapult|Substitute
|
|-weather|Sandstorm|[upkeep]
|-damage|p1a: Dragapult|12/100|[from] Sandstorm
|-heal|p1a: Dragapult|18/100|[from] item: Leftovers
|upkeep
|turn|15
|
|t:|1769301219
|switch|p2a: Scizor|Scizor, F|15/100
|-damage|p2a: Scizor|3/100|[from] Stealth Rock
|-damage|p2a: Scizor|0 fnt|[from] Spikes
|faint|p2a: Scizor
|move|p1a: Dragapult|Dragon Darts|p2: Scizor|[notarget]
|-fail|p1a: Dragapult
|
|-weather|Sandstorm|[upkeep]
|-damage|p1a: Dragapult|12/100|[from] Sandstorm
|-heal|p1a: Dragapult|18/100|[from] item: Leftovers
|upkeep
|
|t:|1769301222
|switch|p2a: Excadrill|Excadrill, M|100/100
|-damage|p2a: Excadrill|97/100|[from] Stealth Rock
|-damage|p2a: Excadrill|81/100|[from] Spikes
|turn|16
|
|t:|1769301227
|switch|p1a: Skeledirge|Skeledirge, F, shiny|100/100
|move|p2a: Excadrill|Earthquake|p1a: Skeledirge
|-supereffective|p1a: Skeledirge
|-damage|p1a: Skeledirge|31/100
|
|-weather|Sandstorm|[upkeep]
|-damage|p1a: Skeledirge|25/100|[from] Sandstorm
|-heal|p2a: Excadrill|87/100|[from] item: Leftovers
|upkeep
|turn|17
|
|t:|1769301233
|move|p2a: Excadrill|Earthquake|p1a: Skeledirge
|-supereffective|p1a: Skeledirge
|-damage|p1a: Skeledirge|0 fnt
|faint|p1a: Skeledirge
|
|-weather|Sandstorm|[upkeep]
|-heal|p2a: Excadrill|93/100|[from] item: Leftovers
|upkeep
|
|t:|1769301235
|switch|p1a: Kingambit|Kingambit, M, shiny|100/100
|-activate|p1a: Kingambit|ability: Supreme Overlord
|-start|p1a: Kingambit|fallen2|[silent]
|turn|18
|
|t:|1769301242
|-terastallize|p1a: Kingambit|Flying
|move|p2a: Excadrill|Substitute|p2a: Excadrill
|-start|p2a: Excadrill|Substitute
|-damage|p2a: Excadrill|68/100
|move|p1a: Kingambit|Swords Dance|p1a: Kingambit
|-boost|p1a: Kingambit|atk|2
|
|-weather|none
|-heal|p2a: Excadrill|74/100|[from] item: Leftovers
|upkeep
|turn|19
|
|t:|1769301248
|move|p2a: Excadrill|Rock Slide|p1a: Kingambit
|-supereffective|p1a: Kingambit
|-damage|p1a: Kingambit|56/100
|move|p1a: Kingambit|Kowtow Cleave|p2a: Excadrill
|-end|p2a: Excadrill|Substitute
|
|-heal|p2a: Excadrill|80/100|[from] item: Leftovers
|upkeep
|turn|20
|
|t:|1769301258
|switch|p2a: Landorus|Landorus-Therian, M|50/100
|-damage|p2a: Landorus|38/100|[from] Stealth Rock
|-ability|p2a: Landorus|Intimidate|boost
|-unboost|p1a: Kingambit|atk|1
|move|p1a: Kingambit|Kowtow Cleave|p2a: Landorus
|-damage|p2a: Landorus|0 fnt
|-damage|p1a: Kingambit|39/100|[from] item: Rocky Helmet|[of] p2a: Landorus
|faint|p2a: Landorus
|
|upkeep
|
|t:|1769301266
|switch|p2a: Iron Valiant|Iron Valiant|100/100
|-damage|p2a: Iron Valiant|94/100|[from] Stealth Rock
|-damage|p2a: Iron Valiant|78/100|[from] Spikes
|-enditem|p2a: Iron Valiant|Booster Energy
|-activate|p2a: Iron Valiant|ability: Quark Drive|[fromitem]
|-start|p2a: Iron Valiant|quarkdrivespe
|turn|21
|
|t:|1769301269
|move|p1a: Kingambit|Sucker Punch|p2a: Iron Valiant
|-resisted|p2a: Iron Valiant
|-damage|p2a: Iron Valiant|55/100
|move|p2a: Iron Valiant|Moonblast|p1a: Kingambit
|-damage|p1a: Kingambit|0 fnt
|faint|p1a: Kingambit
|-end|p1a: Kingambit|fallen2|[silent]
|
|upkeep
|
|t:|1769301272
|switch|p1a: Ting-Lu|Ting-Lu|43/100
|-ability|p1a: Ting-Lu|Vessel of Ruin
|turn|22
|
|t:|1769301276
|move|p2a: Iron Valiant|Close Combat|p1a: Ting-Lu
|-supereffective|p1a: Ting-Lu
|-damage|p1a: Ting-Lu|0 fnt
|-unboost|p2a: Iron Valiant|def|1
|-unboost|p2a: Iron Valiant|spd|1
|faint|p1a: Ting-Lu
|
|upkeep
|
|t:|1769301280
|switch|p1a: Iron Valiant|Iron Valiant, shiny|100/100
|turn|23
|
|t:|1769301287
|-terastallize|p2a: Iron Valiant|Steel
|move|p2a: Iron Valiant|Moonblast|p1a: Iron Valiant
|-supereffective|p1a: Iron Valiant
|-damage|p1a: Iron Valiant|0 fnt
|faint|p1a: Iron Valiant
|-end|p1a: Iron Valiant|Quark Drive|[silent]
|
|upkeep
|
|t:|1769301289
|switch|p1a: Dragapult|Dragapult, M, shiny|18/100
|turn|24
|
|t:|1769301294
|move|p2a: Iron Valiant|Moonblast|p1a: Dragapult
|-supereffective|p1a: Dragapult
|-damage|p1a: Dragapult|0 fnt
|faint|p1a: Dragapult
|
|win|galoop
|raw|Arcangel666's rating: 1778 &rarr; <strong>1756</strong><br />(-22 for losing)
|raw|galoop's rating: 1740 &rarr; <strong>1762</strong><br />(+22 for winning)
|l|☆Arcangel666
|player|p1|
|l|☆galoop
|player|p2|
|l| jsnsddk
