|j|☆rexxiv
|j|‽fayamangblessi32
|t:|1769413878
|gametype|singles
|player|p1|rexxiv|170|1053
|player|p2|fayamangblessi32|170|1086
|gen|9
|tier|[Gen 9] OU
|rated|
|rule|HP Percentage Mod: HP is shown in percentages
|rule|Endless Battle Clause: Forcing endless battles is banned
|rule|Species Clause: Limit one of each Pokémon
|rule|OHKO Clause: OHKO moves are banned
|rule|Evasion Items Clause: Evasion items are banned
|rule|Evasion Moves Clause: Evasion moves are banned
|rule|Evasion Abilities Clause: Evasion abilities are banned
|rule|Sleep Moves Clause: Sleep-inducing moves are banned
|clearpoke
|poke|p1|Regirock|
|poke|p1|Tyranitar, F|
|poke|p1|Sinistcha|
|poke|p1|Glimmora, F|
|poke|p1|Incineroar, F|
|poke|p1|Hatterene, F|
|poke|p2|Ninetales-Alola, F|
|poke|p2|Cetitan, M|
|poke|p2|Revavroom, F|
|poke|p2|Frosmoth, M|
|poke|p2|Maushold-Four|
|poke|p2|Ceruledge, F|
|teampreview
|inactive|Battle timer is ON: inactive players will automatically lose when time's up. (requested by rexxiv)
|
|t:|1769413891
|teamsize|p1|6
|teamsize|p2|6
|start
|switch|p1a: Glimmora|Glimmora, F|100/100
|switch|p2a: Revavroom|Revavroom, F, shiny|100/100
|-item|p2a: Revavroom|Air Balloon
|turn|1
|
|t:|1769413897
|move|p2a: Revavroom|Shift Gear|p2a: Revavroom
|-boost|p2a: Revavroom|spe|2
|-boost|p2a: Revavroom|atk|1
|move|p1a: Glimmora|Power Gem|p2a: Revavroom
|-resisted|p2a: Revavroom
|-crit|p2a: Revavroom
|-damage|p2a: Revavroom|45/100
|-enditem|p2a: Revavroom|Air Balloon
|
|upkeep
|turn|2
|
|t:|1769413902
|move|p2a: Revavroom|Shift Gear|p2a: Revavroom
|-boost|p2a: Revavroom|spe|2
|-boost|p2a: Revavroom|atk|1
|move|p1a: Glimmora|Earth Power|p2a: Revavroom
|-supereffective|p2a: Revavroom
|-damage|p2a: Revavroom|0 fnt
|faint|p2a: Revavroom
|
|upkeep
|
|t:|1769413928
|switch|p2a: Ninetales|Ninetales-Alola, F, shiny|100/100
|-weather|Snowscape|[from] ability: Snow Warning|[of] p2a: Ninetales
|turn|3
|
|t:|1769413934
|move|p2a: Ninetales|Aurora Veil|p2a: Ninetales
|-sidestart|p2: fayamangblessi32|move: Aurora Veil
|move|p1a: Glimmora|Power Gem|p2a: Ninetales
|-supereffective|p2a: Ninetales
|-damage|p2a: Ninetales|54/100
|
|-weather|Snowscape|[upkeep]
|upkeep
|turn|4
|
|t:|1769413948
|switch|p2a: Cetitan|Cetitan, M, shiny|100/100
|move|p1a: Glimmora|Mortal Spin|p2a: Cetitan
|-crit|p2a: Cetitan
|-damage|p2a: Cetitan|95/100
|-status|p2a: Cetitan|psn
|
|-weather|Snowscape|[upkeep]
|-damage|p2a: Cetitan|82/100 psn|[from] psn
|upkeep
|turn|5
|
|t:|1769413956
|move|p2a: Cetitan|Earthquake|p1a: Glimmora
|-supereffective|p1a: Glimmora
|-enditem|p1a: Glimmora|Focus Sash
|-damage|p1a: Glimmora|1/100
|-activate|p1a: Glimmora|ability: Toxic Debris
|-sidestart|p2: fayamangblessi32|move: Toxic Spikes
|move|p1a: Glimmora|Power Gem|p2a: Cetitan
|-supereffective|p2a: Cetitan
|-damage|p2a: Cetitan|29/100 psn
|-enditem|p2a: Cetitan|Sitrus Berry|[eat]
|-heal|p2a: Cetitan|54/100 psn|[from] item: Sitrus Berry
|
|-weather|Snowscape|[upkeep]
|-damage|p2a: Cetitan|41/100 psn|[from] psn
|upkeep
|turn|6
|
|t:|1769413964
|move|p2a: Cetitan|Earthquake|p1a: Glimmora
|-supereffective|p1a: Glimmora
|-damage|p1a: Glimmora|0 fnt
|-activate|p1a: Glimmora|ability: Toxic Debris
|-sidestart|p2: fayamangblessi32|move: Toxic Spikes
|faint|p1a: Glimmora
|
|-weather|Snowscape|[upkeep]
|-damage|p2a: Cetitan|29/100 psn|[from] psn
|upkeep
|
|t:|1769413969
|switch|p1a: Incineroar|Incineroar, F|100/100
|-ability|p1a: Incineroar|Intimidate|boost
|-unboost|p2a: Cetitan|atk|1
|turn|7
|
|t:|1769413974
|switch|p1a: Sinistcha|Sinistcha|100/100
|move|p2a: Cetitan|Liquidation|p1a: Sinistcha
|-resisted|p1a: Sinistcha
|-damage|p1a: Sinistcha|92/100
|-unboost|p1a: Sinistcha|def|1
|
|-weather|none
|-heal|p1a: Sinistcha|98/100|[from] item: Leftovers
|-damage|p2a: Cetitan|16/100 psn|[from] psn
|upkeep
|turn|8
|
|t:|1769413985
|switch|p2a: Maushold|Maushold-Four, shiny|100/100
|-status|p2a: Maushold|tox
|move|p1a: Sinistcha|Calm Mind|p1a: Sinistcha
|-boost|p1a: Sinistcha|spa|1
|-boost|p1a: Sinistcha|spd|1
|
|-heal|p1a: Sinistcha|100/100|[from] item: Leftovers
|-damage|p2a: Maushold|94/100 tox|[from] psn
|upkeep
|turn|9
|
|t:|1769413991
|move|p2a: Maushold|Tidy Up|p2a: Maushold
|-sideend|p2: fayamangblessi32|Toxic Spikes
|-activate|p2a: Maushold|move: Tidy Up
|-boost|p2a: Maushold|atk|1
|-boost|p2a: Maushold|spe|1
|move|p1a: Sinistcha|Calm Mind|p1a: Sinistcha
|-boost|p1a: Sinistcha|spa|1
|-boost|p1a: Sinistcha|spd|1
|
|-damage|p2a: Maushold|82/100 tox|[from] psn
|upkeep
|turn|10
|
|t:|1769413996
|move|p2a: Maushold|Bite|p1a: Sinistcha
|-supereffective|p1a: Sinistcha
|-damage|p1a: Sinistcha|11/100
|move|p1a: Sinistcha|Matcha Gotcha|p2a: Maushold
|-damage|p2a: Maushold|16/100 tox
|-heal|p1a: Sinistcha|39/100|[from] drain|[of] p2a: Maushold
|
|-heal|p1a: Sinistcha|45/100|[from] item: Leftovers
|-damage|p2a: Maushold|0 fnt|[from] psn
|faint|p2a: Maushold
|-sideend|p2: fayamangblessi32|move: Aurora Veil
|upkeep
|
|t:|1769414005
|switch|p2a: Ceruledge|Ceruledge, F, shiny|100/100
|turn|11
|
|t:|1769414014
|move|p2a: Ceruledge|Shadow Sneak|p1a: Sinistcha
|-supereffective|p1a: Sinistcha
|-damage|p1a: Sinistcha|0 fnt
|faint|p1a: Sinistcha
|
|upkeep
|
|t:|1769414018
|switch|p1a: Incineroar|Incineroar, F|100/100
|-ability|p1a: Incineroar|Intimidate|boost
|-unboost|p2a: Ceruledge|atk|1
|turn|12
|
|t:|1769414036
|switch|p2a: Cetitan|Cetitan, M, shiny|16/100 psn
|move|p1a: Incineroar|Knock Off|p2a: Cetitan
|-damage|p2a: Cetitan|0 fnt
|faint|p2a: Cetitan
|
|upkeep
|
|t:|1769414047
|switch|p2a: Ninetales|Ninetales-Alola, F, shiny|54/100
|-weather|Snowscape|[from] ability: Snow Warning|[of] p2a: Ninetales
|turn|13
|
|t:|1769414059
|switch|p1a: Tyranitar|Tyranitar, F|100/100
|-weather|Sandstorm|[from] ability: Sand Stream|[of] p1a: Tyranitar
|move|p2a: Ninetales|Aurora Veil||[still]
|-fail|p2a: Ninetales
|
|-weather|Sandstorm|[upkeep]
|-damage|p2a: Ninetales|48/100|[from] Sandstorm
|upkeep
|turn|14
|
|t:|1769414067
|move|p2a: Ninetales|Moonblast|p1a: Tyranitar
|-supereffective|p1a: Tyranitar
|-damage|p1a: Tyranitar|68/100
|move|p1a: Tyranitar|Rock Slide|p2a: Ninetales
|-supereffective|p2a: Ninetales
|-damage|p2a: Ninetales|0 fnt
|faint|p2a: Ninetales
|
|-weather|Sandstorm|[upkeep]
|upkeep
|
|t:|1769414076
|switch|p2a: Ceruledge|Ceruledge, F, shiny|100/100
|turn|15
|
|t:|1769414082
|move|p2a: Ceruledge|Swords Dance|p2a: Ceruledge
|-boost|p2a: Ceruledge|atk|2
|move|p1a: Tyranitar|Knock Off|p2a: Ceruledge
|-supereffective|p2a: Ceruledge
|-enditem|p2a: Ceruledge|Focus Sash
|-damage|p2a: Ceruledge|1/100
|-ability|p2a: Ceruledge|Weak Armor|boost
|-unboost|p2a: Ceruledge|def|1
|-boost|p2a: Ceruledge|spe|2
|
|-weather|Sandstorm|[upkeep]
|-damage|p2a: Ceruledge|0 fnt|[from] Sandstorm
|faint|p2a: Ceruledge
|upkeep
|
|t:|1769414087
|switch|p2a: Frosmoth|Frosmoth, M, shiny|100/100
|turn|16
|
|t:|1769414098
|move|p2a: Frosmoth|Giga Drain|p1a: Tyranitar
|-supereffective|p1a: Tyranitar
|-damage|p1a: Tyranitar|38/100
|move|p1a: Tyranitar|Rock Slide|p2a: Frosmoth
|-supereffective|p2a: Frosmoth
|-damage|p2a: Frosmoth|0 fnt
|faint|p2a: Frosmoth
|
|win|rexxiv
|raw|rexxiv's rating: 1053 &rarr; <strong>1088</strong><br />(+35 for winning)
|raw|fayamangblessi32's rating: 1086 &rarr; <strong>1061</strong><br />(-25 for losing)
|l|‽fayamangblessi32
|player|p2|
|l|☆rexxiv
|player|p1|
