|j|☆kiko5bolas
|j|‽bluetix2
|t:|1769418004
|gametype|singles
|player|p1|kiko5bolas|ingo|1079
|player|p2|bluetix2|veteran|1120
|gen|9
|tier|[Gen 9] OU
|rated|
|rule|HP Percentage Mod: HP is shown in percentages
|rule|Endless Battle Clause: Forcing endless battles is banned
|rule|Species Clause: Limit one of each Pokémon
|rule|OHKO Clause: OHKO moves are banned
|rule|Evasion Items Clause: Evasion items are banned
|rule|Evasion Moves Clause: Evasion moves are banned
|rule|Evasion Abilities Clause: Evasion abilities are banned
|rule|Sleep Moves Clause: Sleep-inducing moves are banned
|clearpoke
|poke|p1|Torkoal, M|
|poke|p1|Charizard, F|
|poke|p1|Raging Bolt|
|poke|p1|Ceruledge, M|
|poke|p1|Iron Valiant|
|poke|p1|Tyranitar, M|
|poke|p2|Slowking-Galar, F|
|poke|p2|Landorus-Therian, M|
|poke|p2|Corviknight, F|
|poke|p2|Garganacl, F|
|poke|p2|Enamorus, F|
|poke|p2|Iron Crown|
|teampreview
|
|t:|1769418032
|teamsize|p1|6
|teamsize|p2|6
|start
|switch|p1a: Torkoal|Torkoal, M|100/100
|switch|p2a: Landorus|Landorus-Therian, M|100/100
|-ability|p2a: Landorus|Intimidate|boost
|-unboost|p1a: Torkoal|atk|1
|-weather|SunnyDay|[from] ability: Drought|[of] p1a: Torkoal
|turn|1
|
|t:|1769418045
|switch|p1a: Ceruledge|Ceruledge, M|100/100
|-item|p1a: Ceruledge|Air Balloon
|move|p2a: Landorus|Earthquake|p1a: Ceruledge
|-immune|p1a: Ceruledge
|
|-weather|SunnyDay|[upkeep]
|upkeep
|turn|2
|
|t:|1769418056
|move|p1a: Ceruledge|Swords Dance|p1a: Ceruledge
|-boost|p1a: Ceruledge|atk|2
|move|p2a: Landorus|Taunt|p1a: Ceruledge
|-start|p1a: Ceruledge|move: Taunt
|
|-weather|SunnyDay|[upkeep]
|upkeep
|turn|3
|
|t:|1769418068
|switch|p2a: Garganacl|Garganacl, F, shiny|100/100
|move|p1a: Ceruledge|Bitter Blade|p2a: Garganacl
|-resisted|p2a: Garganacl
|-damage|p2a: Garganacl|54/100
|
|-weather|SunnyDay|[upkeep]
|-heal|p2a: Garganacl|60/100|[from] item: Leftovers
|upkeep
|turn|4
|
|t:|1769418077
|-terastallize|p2a: Garganacl|Water
|move|p1a: Ceruledge|Close Combat|p2a: Garganacl
|-damage|p2a: Garganacl|8/100
|-unboost|p1a: Ceruledge|def|1
|-unboost|p1a: Ceruledge|spd|1
|move|p2a: Garganacl|Salt Cure|p1a: Ceruledge
|-supereffective|p1a: Ceruledge
|-damage|p1a: Ceruledge|51/100
|-start|p1a: Ceruledge|Salt Cure
|-ability|p1a: Ceruledge|Weak Armor|boost
|-unboost|p1a: Ceruledge|def|1
|-boost|p1a: Ceruledge|spe|2
|-enditem|p1a: Ceruledge|Air Balloon
|
|-weather|SunnyDay|[upkeep]
|-heal|p2a: Garganacl|14/100|[from] item: Leftovers
|-damage|p1a: Ceruledge|39/100|[from] Salt Cure
|upkeep
|turn|5
|
|t:|1769418092
|move|p2a: Garganacl|Protect|p2a: Garganacl
|-singleturn|p2a: Garganacl|Protect
|move|p1a: Ceruledge|Bitter Blade|p2a: Garganacl
|-activate|p2a: Garganacl|move: Protect
|
|-weather|SunnyDay|[upkeep]
|-heal|p2a: Garganacl|21/100|[from] item: Leftovers
|-damage|p1a: Ceruledge|26/100|[from] Salt Cure
|-end|p1a: Ceruledge|move: Taunt
|upkeep
|turn|6
|
|t:|1769418103
|switch|p2a: Landorus|Landorus-Therian, M|100/100
|-ability|p2a: Landorus|Intimidate|boost
|-unboost|p1a: Ceruledge|atk|1
|move|p1a: Ceruledge|Close Combat|p2a: Landorus
|-resisted|p2a: Landorus
|-damage|p2a: Landorus|67/100
|-unboost|p1a: Ceruledge|def|1
|-unboost|p1a: Ceruledge|spd|1
|
|-weather|SunnyDay|[upkeep]
|-heal|p2a: Landorus|73/100|[from] item: Leftovers
|-damage|p1a: Ceruledge|14/100|[from] Salt Cure
|upkeep
|turn|7
|
|t:|1769418115
|switch|p2a: Garganacl|Garganacl, F, shiny, tera:Water|21/100
|move|p1a: Ceruledge|Bitter Blade|p2a: Garganacl
|-resisted|p2a: Garganacl
|-damage|p2a: Garganacl|0 fnt
|-heal|p1a: Ceruledge|28/100|[from] drain|[of] p2a: Garganacl
|faint|p2a: Garganacl
|
|-weather|SunnyDay|[upkeep]
|-damage|p1a: Ceruledge|16/100|[from] Salt Cure
|upkeep
|
|t:|1769418128
|switch|p2a: Landorus|Landorus-Therian, M|73/100
|-ability|p2a: Landorus|Intimidate|boost
|-unboost|p1a: Ceruledge|atk|1
|turn|8
|
|t:|1769418135
|move|p1a: Ceruledge|Bitter Blade|p2a: Landorus
|-damage|p2a: Landorus|0 fnt
|-heal|p1a: Ceruledge|55/100|[from] drain|[of] p2a: Landorus
|faint|p2a: Landorus
|
|-weather|none
|-damage|p1a: Ceruledge|43/100|[from] Salt Cure
|upkeep
|
|t:|1769418142
|switch|p2a: Slowking|Slowking-Galar, F|100/100
|turn|9
|
|t:|1769418154
|switch|p1a: Tyranitar|Tyranitar, M|100/100
|-weather|Sandstorm|[from] ability: Sand Stream|[of] p1a: Tyranitar
|move|p2a: Slowking|Hydro Pump|p1a: Tyranitar
|-supereffective|p1a: Tyranitar
|-damage|p1a: Tyranitar|66/100
|
|-weather|Sandstorm|[upkeep]
|-damage|p2a: Slowking|94/100|[from] Sandstorm
|-heal|p1a: Tyranitar|72/100|[from] item: Leftovers
|upkeep
|turn|10
|
|t:|1769418166
|switch|p2a: Enamorus|Enamorus, F|100/100
|-terastallize|p1a: Tyranitar|Ghost
|move|p1a: Tyranitar|Ice Punch|p2a: Enamorus
|-supereffective|p2a: Enamorus
|-damage|p2a: Enamorus|10/100
|
|-weather|Sandstorm|[upkeep]
|-damage|p2a: Enamorus|4/100|[from] Sandstorm
|-damage|p1a: Tyranitar|66/100|[from] Sandstorm
|-heal|p1a: Tyranitar|72/100|[from] item: Leftovers
|upkeep
|turn|11
|
|t:|1769418182
|move|p2a: Enamorus|Play Rough|p1a: Tyranitar
|-damage|p1a: Tyranitar|17/100
|move|p1a: Tyranitar|Stone Edge|p2a: Enamorus
|-supereffective|p2a: Enamorus
|-damage|p2a: Enamorus|0 fnt
|faint|p2a: Enamorus
|
|-weather|Sandstorm|[upkeep]
|-damage|p1a: Tyranitar|10/100|[from] Sandstorm
|-heal|p1a: Tyranitar|17/100|[from] item: Leftovers
|upkeep
|
|t:|1769418203
|switch|p2a: Iron Crown|Iron Crown|100/100
|turn|12
|
|t:|1769418211
|move|p2a: Iron Crown|Psychic Noise|p1a: Tyranitar
|-damage|p1a: Tyranitar|0 fnt
|faint|p1a: Tyranitar
|
|-weather|Sandstorm|[upkeep]
|upkeep
|
|t:|1769418223
|switch|p1a: Torkoal|Torkoal, M|100/100
|-weather|SunnyDay|[from] ability: Drought|[of] p1a: Torkoal
|turn|13
|
|t:|1769418238
|-end|p2a: Iron Crown|Quark Drive|[silent]
|switch|p2a: Slowking|Slowking-Galar, F|100/100
|move|p1a: Torkoal|Lava Plume|p2a: Slowking
|-damage|p2a: Slowking|81/100
|
|-weather|SunnyDay|[upkeep]
|upkeep
|turn|14
|
|t:|1769418254
|switch|p1a: Raging Bolt|Raging Bolt|100/100
|-activate|p1a: Raging Bolt|ability: Protosynthesis
|-start|p1a: Raging Bolt|protosynthesisspa
|move|p2a: Slowking|Hydro Pump|p1a: Raging Bolt|[miss]
|-miss|p2a: Slowking|p1a: Raging Bolt
|
|-weather|SunnyDay|[upkeep]
|upkeep
|turn|15
|
|t:|1769418264
|move|p1a: Raging Bolt|Calm Mind|p1a: Raging Bolt
|-boost|p1a: Raging Bolt|spa|1
|-boost|p1a: Raging Bolt|spd|1
|move|p2a: Slowking|Psychic|p1a: Raging Bolt
|-damage|p1a: Raging Bolt|81/100
|
|-weather|SunnyDay|[upkeep]
|-heal|p1a: Raging Bolt|87/100|[from] item: Leftovers
|upkeep
|turn|16
|
|t:|1769418272
|switch|p2a: Corviknight|Corviknight, F|100/100
|-ability|p2a: Corviknight|Pressure
|move|p1a: Raging Bolt|Calm Mind|p1a: Raging Bolt
|-boost|p1a: Raging Bolt|spa|1
|-boost|p1a: Raging Bolt|spd|1
|
|-weather|SunnyDay|[upkeep]
|-heal|p1a: Raging Bolt|93/100|[from] item: Leftovers
|upkeep
|turn|17
|
|t:|1769418283
|move|p1a: Raging Bolt|Weather Ball|p2a: Corviknight
|-supereffective|p2a: Corviknight
|-damage|p2a: Corviknight|0 fnt
|faint|p2a: Corviknight
|
|-weather|SunnyDay|[upkeep]
|-heal|p1a: Raging Bolt|99/100|[from] item: Leftovers
|upkeep
|
|t:|1769418289
|switch|p2a: Iron Crown|Iron Crown|100/100
|turn|18
|
|t:|1769418293
|move|p2a: Iron Crown|Tachyon Cutter|p1a: Raging Bolt
|-resisted|p1a: Raging Bolt
|-damage|p1a: Raging Bolt|91/100
|-resisted|p1a: Raging Bolt
|-damage|p1a: Raging Bolt|81/100
|-hitcount|p1a: Raging Bolt|2
|move|p1a: Raging Bolt|Weather Ball|p2a: Iron Crown
|-supereffective|p2a: Iron Crown
|-damage|p2a: Iron Crown|0 fnt
|faint|p2a: Iron Crown
|-end|p2a: Iron Crown|Quark Drive|[silent]
|
|-weather|SunnyDay|[upkeep]
|-heal|p1a: Raging Bolt|87/100|[from] item: Leftovers
|upkeep
|-message|bluetix2 forfeited.
|
|win|kiko5bolas
|raw|kiko5bolas's rating: 1079 &rarr; <strong>1110</strong><br />(+31 for winning)
|raw|bluetix2's rating: 1120 &rarr; <strong>1092</strong><br />(-28 for losing)
|l|‽bluetix2
|player|p2|
