|j|☆kerbonaut11
|j|☆athene10
|t:|1769421110
|gametype|singles
|player|p1|kerbonaut11|ninjaboy|1331
|player|p2|athene10|fisherman-gen4|1317
|gen|9
|tier|[Gen 9] OU
|rated|
|rule|HP Percentage Mod: HP is shown in percentages
|rule|Endless Battle Clause: Forcing endless battles is banned
|rule|Species Clause: Limit one of each Pokémon
|rule|OHKO Clause: OHKO moves are banned
|rule|Evasion Items Clause: Evasion items are banned
|rule|Evasion Moves Clause: Evasion moves are banned
|rule|Evasion Abilities Clause: Evasion abilities are banned
|rule|Sleep Moves Clause: Sleep-inducing moves are banned
|clearpoke
|poke|p1|Latios, M|
|poke|p1|Iron Hands|
|poke|p1|Meowscarada, F|
|poke|p1|Ting-Lu|
|poke|p1|Pecharunt|
|poke|p1|Great Tusk|
|poke|p2|Cinderace, F|
|poke|p2|Corviknight, F|
|poke|p2|Dragapult, F|
|poke|p2|Clodsire, M|
|poke|p2|Gyarados, F|
|poke|p2|Kingambit, F|
|teampreview
|j| Kai8352
|l| Kai8352
|
|t:|1769421129
|teamsize|p1|6
|teamsize|p2|6
|start
|switch|p1a: Meowscarada|Meowscarada, F|100/100
|switch|p2a: Cinderace|Cinderace, F|100/100
|turn|1
|
|t:|1769421140
|switch|p1a: Ting-Lu|Ting-Lu|100/100
|-ability|p1a: Ting-Lu|Vessel of Ruin
|move|p2a: Cinderace|U-turn|p1a: Ting-Lu
|-start|p2a: Cinderace|typechange|Bug|[from] ability: Libero
|-supereffective|p1a: Ting-Lu
|-damage|p1a: Ting-Lu|63/100
|
|t:|1769421170
|switch|p2a: Dragapult|Dragapult, F|100/100|[from] U-turn
|
|-heal|p1a: Ting-Lu|69/100|[from] item: Leftovers
|upkeep
|turn|2
|
|t:|1769421184
|move|p2a: Dragapult|U-turn|p1a: Ting-Lu
|-supereffective|p1a: Ting-Lu
|-damage|p1a: Ting-Lu|51/100
|
|t:|1769421192
|switch|p2a: Corviknight|Corviknight, F|100/100|[from] U-turn
|-ability|p2a: Corviknight|Pressure
|move|p1a: Ting-Lu|Stealth Rock|p2a: Corviknight
|-sidestart|p2: athene10|move: Stealth Rock
|
|-heal|p1a: Ting-Lu|57/100|[from] item: Leftovers
|upkeep
|turn|3
|
|t:|1769421207
|switch|p1a: Pecharunt|Pecharunt|100/100
|move|p2a: Corviknight|Iron Defense|p2a: Corviknight
|-boost|p2a: Corviknight|def|2
|
|upkeep
|turn|4
|
|t:|1769421222
|switch|p2a: Clodsire|Clodsire, M|100/100
|move|p1a: Pecharunt|Shadow Ball|p2a: Clodsire
|-damage|p2a: Clodsire|78/100
|
|upkeep
|turn|5
|
|t:|1769421232
|move|p1a: Pecharunt|Parting Shot|p2a: Clodsire
|-unboost|p2a: Clodsire|atk|1
|-unboost|p2a: Clodsire|spa|1
|
|t:|1769421238
|switch|p1a: Latios|Latios, M|100/100|[from] Parting Shot
|move|p2a: Clodsire|Stealth Rock|p1a: Latios
|-sidestart|p1: kerbonaut11|move: Stealth Rock
|
|upkeep
|turn|6
|
|t:|1769421266
|move|p1a: Latios|Aura Sphere|p2a: Clodsire
|-resisted|p2a: Clodsire
|-damage|p2a: Clodsire|64/100
|move|p2a: Clodsire|Toxic|p1a: Latios
|-status|p1a: Latios|tox
|
|-damage|p1a: Latios|95/100 tox|[from] psn
|upkeep
|turn|7
|
|t:|1769421281
|switch|p1a: Great Tusk|Great Tusk|100/100
|-damage|p1a: Great Tusk|98/100|[from] Stealth Rock
|-enditem|p1a: Great Tusk|Booster Energy
|-activate|p1a: Great Tusk|ability: Protosynthesis|[fromitem]
|-start|p1a: Great Tusk|protosynthesisatk
|switch|p2a: Dragapult|Dragapult, F|100/100
|
|upkeep
|turn|8
|
|t:|1769421299
|move|p2a: Dragapult|Will-O-Wisp|p1a: Great Tusk|[miss]
|-miss|p2a: Dragapult|p1a: Great Tusk
|move|p1a: Great Tusk|Knock Off|p2a: Dragapult
|-supereffective|p2a: Dragapult
|-damage|p2a: Dragapult|0 fnt
|-enditem|p2a: Dragapult|Heavy-Duty Boots|[from] move: Knock Off|[of] p1a: Great Tusk
|faint|p2a: Dragapult
|
|upkeep
|
|t:|1769421318
|switch|p2a: Corviknight|Corviknight, F|100/100
|-damage|p2a: Corviknight|88/100|[from] Stealth Rock
|-ability|p2a: Corviknight|Pressure
|turn|9
|
|t:|1769421336
|move|p1a: Great Tusk|Knock Off|p2a: Corviknight
|-damage|p2a: Corviknight|61/100
|-damage|p1a: Great Tusk|81/100|[from] item: Rocky Helmet|[of] p2a: Corviknight
|-enditem|p2a: Corviknight|Rocky Helmet|[from] move: Knock Off|[of] p1a: Great Tusk
|move|p2a: Corviknight|Brave Bird|p1a: Great Tusk
|-supereffective|p1a: Great Tusk
|-damage|p1a: Great Tusk|26/100
|-damage|p2a: Corviknight|44/100|[from] Recoil
|
|upkeep
|turn|10
|
|t:|1769421358
|move|p1a: Great Tusk|Rapid Spin|p2a: Corviknight
|-resisted|p2a: Corviknight
|-damage|p2a: Corviknight|37/100
|-boost|p1a: Great Tusk|spe|1
|-sideend|p1: kerbonaut11|Stealth Rock|[from] move: Rapid Spin|[of] p1a: Great Tusk
|move|p2a: Corviknight|Roost|p2a: Corviknight
|-heal|p2a: Corviknight|87/100
|-singleturn|p2a: Corviknight|move: Roost
|
|upkeep
|turn|11
|
|t:|1769421380
|-end|p1a: Great Tusk|Protosynthesis|[silent]
|switch|p1a: Pecharunt|Pecharunt|100/100
|move|p2a: Corviknight|Brave Bird|p1a: Pecharunt
|-damage|p1a: Pecharunt|79/100
|-damage|p2a: Corviknight|71/100|[from] item: Rocky Helmet|[of] p1a: Pecharunt
|-damage|p2a: Corviknight|64/100|[from] Recoil
|
|upkeep
|turn|12
|
|t:|1769421392
|move|p1a: Pecharunt|Shadow Ball|p2a: Corviknight
|-damage|p2a: Corviknight|32/100
|move|p2a: Corviknight|Roost|p2a: Corviknight
|-heal|p2a: Corviknight|82/100
|-singleturn|p2a: Corviknight|move: Roost
|
|upkeep
|turn|13
|
|t:|1769421400
|switch|p2a: Clodsire|Clodsire, M|64/100
|move|p1a: Pecharunt|Shadow Ball|p2a: Clodsire
|-damage|p2a: Clodsire|42/100
|
|upkeep
|turn|14
|
|t:|1769421407
|move|p1a: Pecharunt|Parting Shot|p2a: Clodsire
|-unboost|p2a: Clodsire|atk|1
|-unboost|p2a: Clodsire|spa|1
|
|t:|1769421411
|switch|p1a: Latios|Latios, M|95/100 tox|[from] Parting Shot
|move|p2a: Clodsire|Recover|p2a: Clodsire
|-heal|p2a: Clodsire|92/100
|
|-damage|p1a: Latios|89/100 tox|[from] psn
|upkeep
|turn|15
|
|t:|1769421441
|move|p1a: Latios|Draco Meteor|p2a: Clodsire|[miss]
|-miss|p1a: Latios|p2a: Clodsire
|move|p2a: Clodsire|Stealth Rock|p1a: Latios
|-sidestart|p1: kerbonaut11|move: Stealth Rock
|
|-damage|p1a: Latios|77/100 tox|[from] psn
|upkeep
|turn|16
|
|t:|1769421467
|switch|p2a: Corviknight|Corviknight, F|82/100
|-damage|p2a: Corviknight|69/100|[from] Stealth Rock
|-ability|p2a: Corviknight|Pressure
|move|p1a: Latios|Draco Meteor|p2a: Corviknight
|-resisted|p2a: Corviknight
|-damage|p2a: Corviknight|21/100
|-unboost|p1a: Latios|spa|2
|
|-damage|p1a: Latios|59/100 tox|[from] psn
|upkeep
|turn|17
|
|t:|1769421491
|switch|p1a: Iron Hands|Iron Hands|100/100
|-damage|p1a: Iron Hands|94/100|[from] Stealth Rock
|move|p2a: Corviknight|Roost|p2a: Corviknight
|-heal|p2a: Corviknight|71/100
|-singleturn|p2a: Corviknight|move: Roost
|
|upkeep
|turn|18
|
|t:|1769421507
|switch|p2a: Clodsire|Clodsire, M|92/100
|move|p1a: Iron Hands|Thunder Punch|p2a: Clodsire
|-immune|p2a: Clodsire
|
|upkeep
|turn|19
|
|t:|1769421526
|-end|p1a: Iron Hands|Quark Drive|[silent]
|switch|p1a: Latios|Latios, M|59/100 tox
|-damage|p1a: Latios|46/100 tox|[from] Stealth Rock
|switch|p2a: Cinderace|Cinderace, F|100/100
|
|-damage|p1a: Latios|40/100 tox|[from] psn
|upkeep
|turn|20
|
|t:|1769421539
|move|p2a: Cinderace|U-turn|p1a: Latios
|-start|p2a: Cinderace|typechange|Bug|[from] ability: Libero
|-supereffective|p1a: Latios
|-damage|p1a: Latios|0 fnt
|faint|p1a: Latios
|
|t:|1769421551
|switch|p2a: Corviknight|Corviknight, F|71/100|[from] U-turn
|-damage|p2a: Corviknight|59/100|[from] Stealth Rock
|-ability|p2a: Corviknight|Pressure
|
|upkeep
|
|t:|1769421556
|switch|p1a: Iron Hands|Iron Hands|94/100
|-damage|p1a: Iron Hands|88/100|[from] Stealth Rock
|turn|21
|
|t:|1769421561
|switch|p2a: Clodsire|Clodsire, M|92/100
|move|p1a: Iron Hands|Ice Punch|p2a: Clodsire
|-supereffective|p2a: Clodsire
|-damage|p2a: Clodsire|58/100
|
|upkeep
|turn|22
|
|t:|1769421629
|-end|p1a: Iron Hands|Quark Drive|[silent]
|switch|p1a: Ting-Lu|Ting-Lu|57/100
|-damage|p1a: Ting-Lu|51/100|[from] Stealth Rock
|-ability|p1a: Ting-Lu|Vessel of Ruin
|move|p2a: Clodsire|Recover|p2a: Clodsire
|-heal|p2a: Clodsire|100/100
|
|-heal|p1a: Ting-Lu|57/100|[from] item: Leftovers
|upkeep
|turn|23
|
|t:|1769421644
|switch|p2a: Corviknight|Corviknight, F|59/100
|-damage|p2a: Corviknight|47/100|[from] Stealth Rock
|-ability|p2a: Corviknight|Pressure
|move|p1a: Ting-Lu|Earthquake|p2a: Corviknight
|-immune|p2a: Corviknight
|
|-heal|p1a: Ting-Lu|64/100|[from] item: Leftovers
|upkeep
|turn|24
|
|t:|1769421710
|switch|p2a: Gyarados|Gyarados, F|100/100
|move|p1a: Ting-Lu|Whirlwind|p2a: Gyarados
|drag|p2a: Clodsire|Clodsire, M|100/100
|
|-heal|p1a: Ting-Lu|70/100|[from] item: Leftovers
|upkeep
|turn|25
|
|t:|1769421719
|switch|p2a: Gyarados|Gyarados, F|100/100
|move|p1a: Ting-Lu|Spikes|p2a: Gyarados
|-sidestart|p2: athene10|Spikes
|
|-heal|p1a: Ting-Lu|76/100|[from] item: Leftovers
|upkeep
|turn|26
|
|t:|1769421726
|move|p2a: Gyarados|Dragon Dance|p2a: Gyarados
|-boost|p2a: Gyarados|atk|1
|-boost|p2a: Gyarados|spe|1
|move|p1a: Ting-Lu|Whirlwind|p2a: Gyarados
|drag|p2a: Cinderace|Cinderace, F|100/100
|
|-heal|p1a: Ting-Lu|82/100|[from] item: Leftovers
|upkeep
|turn|27
|
|t:|1769421736
|move|p2a: Cinderace|U-turn|p1a: Ting-Lu
|-start|p2a: Cinderace|typechange|Bug|[from] ability: Libero
|-supereffective|p1a: Ting-Lu
|-damage|p1a: Ting-Lu|46/100
|
|t:|1769421742
|switch|p2a: Corviknight|Corviknight, F|47/100|[from] U-turn
|-damage|p2a: Corviknight|34/100|[from] Stealth Rock
|-ability|p2a: Corviknight|Pressure
|move|p1a: Ting-Lu|Earthquake|p2a: Corviknight
|-immune|p2a: Corviknight
|
|-heal|p1a: Ting-Lu|52/100|[from] item: Leftovers
|upkeep
|turn|28
|
|t:|1769421755
|move|p2a: Corviknight|Roost|p2a: Corviknight
|-heal|p2a: Corviknight|84/100
|-singleturn|p2a: Corviknight|move: Roost
|move|p1a: Ting-Lu|Whirlwind|p2a: Corviknight
|drag|p2a: Kingambit|Kingambit, F|100/100
|-damage|p2a: Kingambit|94/100|[from] Stealth Rock
|-damage|p2a: Kingambit|82/100|[from] Spikes
|-activate|p2a: Kingambit|ability: Supreme Overlord
|-start|p2a: Kingambit|fallen1|[silent]
|
|-heal|p2a: Kingambit|88/100|[from] item: Leftovers
|-heal|p1a: Ting-Lu|58/100|[from] item: Leftovers
|upkeep
|turn|29
|
|t:|1769421768
|-end|p2a: Kingambit|fallen1|[silent]
|switch|p2a: Gyarados|Gyarados, F|100/100
|switch|p1a: Great Tusk|Great Tusk|26/100
|-damage|p1a: Great Tusk|23/100|[from] Stealth Rock
|
|upkeep
|turn|30
|
|t:|1769421784
|move|p1a: Great Tusk|Rapid Spin|p2a: Gyarados
|-damage|p2a: Gyarados|78/100
|-boost|p1a: Great Tusk|spe|1
|-sideend|p1: kerbonaut11|Stealth Rock|[from] move: Rapid Spin|[of] p1a: Great Tusk
|move|p2a: Gyarados|Dragon Dance|p2a: Gyarados
|-boost|p2a: Gyarados|atk|1
|-boost|p2a: Gyarados|spe|1
|
|upkeep
|turn|31
|
|t:|1769421792
|move|p1a: Great Tusk|Knock Off|p2a: Gyarados
|-damage|p2a: Gyarados|34/100
|-enditem|p2a: Gyarados|Heavy-Duty Boots|[from] move: Knock Off|[of] p1a: Great Tusk
|move|p2a: Gyarados|Scale Shot|p1a: Great Tusk
|-damage|p1a: Great Tusk|12/100
|-crit|p1a: Great Tusk
|-damage|p1a: Great Tusk|0 fnt
|faint|p1a: Great Tusk
|-end|p1a: Great Tusk|Protosynthesis|[silent]
|-ability|p2a: Gyarados|Moxie|boost
|-boost|p2a: Gyarados|atk|1
|-hitcount|p1: Great Tusk|2
|-unboost|p2a: Gyarados|def|1
|-boost|p2a: Gyarados|spe|1
|
|upkeep
|
|t:|1769421811
|switch|p1a: Pecharunt|Pecharunt|79/100
|turn|32
|
|t:|1769421823
|-terastallize|p1a: Pecharunt|Fairy
|move|p2a: Gyarados|Scale Shot|p1a: Pecharunt
|-immune|p1a: Pecharunt
|move|p1a: Pecharunt|Malignant Chain|p2a: Gyarados
|-damage|p2a: Gyarados|0 fnt
|faint|p2a: Gyarados
|
|upkeep
|
|t:|1769421842
|switch|p2a: Clodsire|Clodsire, M|100/100
|turn|33
|
|t:|1769421849
|move|p1a: Pecharunt|Parting Shot|p2a: Clodsire
|-unboost|p2a: Clodsire|atk|1
|-unboost|p2a: Clodsire|spa|1
|
|t:|1769421852
|switch|p1a: Meowscarada|Meowscarada, F|100/100|[from] Parting Shot
|move|p2a: Clodsire|Earthquake|p1a: Meowscarada
|-resisted|p1a: Meowscarada
|-damage|p1a: Meowscarada|86/100
|
|upkeep
|turn|34
|
|t:|1769421865
|switch|p2a: Corviknight|Corviknight, F|84/100
|-damage|p2a: Corviknight|72/100|[from] Stealth Rock
|-ability|p2a: Corviknight|Pressure
|move|p1a: Meowscarada|Knock Off|p2a: Corviknight
|-start|p1a: Meowscarada|typechange|Dark|[from] ability: Protean
|-damage|p2a: Corviknight|44/100
|
|upkeep
|turn|35
|
|t:|1769421909
|switch|p1a: Pecharunt|Pecharunt, tera:Fairy|79/100
|switch|p2a: Cinderace|Cinderace, F|100/100
|
|upkeep
|turn|36
|
|t:|1769421933
|move|p2a: Cinderace|Court Change|p2a: Cinderace
|-start|p2a: Cinderace|typechange|Normal|[from] ability: Libero
|-swapsideconditions
|-activate|p2a: Cinderace|move: Court Change
|move|p1a: Pecharunt|Shadow Ball|p2a: Cinderace
|-immune|p2a: Cinderace
|
|upkeep
|turn|37
|
|t:|1769421948
|move|p2a: Cinderace|Pyro Ball|p1a: Pecharunt
|-damage|p1a: Pecharunt|56/100
|move|p1a: Pecharunt|Malignant Chain|p2a: Cinderace
|-damage|p2a: Cinderace|40/100
|-status|p2a: Cinderace|tox
|-start|p2a: Cinderace|confusion|[from] ability: Poison Puppeteer|[of] p1a: Pecharunt
|
|-damage|p2a: Cinderace|34/100 tox|[from] psn
|upkeep
|turn|38
|
|t:|1769421958
|-activate|p2a: Cinderace|confusion
|move|p2a: Cinderace|U-turn|p1a: Pecharunt
|-resisted|p1a: Pecharunt
|-damage|p1a: Pecharunt|49/100
|-damage|p2a: Cinderace|18/100 tox|[from] item: Rocky Helmet|[of] p1a: Pecharunt
|
|t:|1769421964
|switch|p2a: Clodsire|Clodsire, M|100/100|[from] U-turn
|move|p1a: Pecharunt|Recover|p1a: Pecharunt
|-heal|p1a: Pecharunt|99/100
|
|upkeep
|turn|39
|
|t:|1769421973
|move|p1a: Pecharunt|Parting Shot|p2a: Clodsire
|-unboost|p2a: Clodsire|atk|1
|-unboost|p2a: Clodsire|spa|1
|
|t:|1769421983
|switch|p1a: Ting-Lu|Ting-Lu|58/100|[from] Parting Shot
|-damage|p1a: Ting-Lu|52/100|[from] Stealth Rock
|-damage|p1a: Ting-Lu|40/100|[from] Spikes
|-ability|p1a: Ting-Lu|Vessel of Ruin
|move|p2a: Clodsire|Toxic|p1a: Ting-Lu
|-status|p1a: Ting-Lu|tox
|
|-heal|p1a: Ting-Lu|46/100 tox|[from] item: Leftovers
|-damage|p1a: Ting-Lu|40/100 tox|[from] psn
|upkeep
|turn|40
|
|t:|1769421998
|switch|p2a: Corviknight|Corviknight, F|44/100
|-ability|p2a: Corviknight|Pressure
|move|p1a: Ting-Lu|Stealth Rock|p2a: Corviknight
|-sidestart|p2: athene10|move: Stealth Rock
|
|-heal|p1a: Ting-Lu|46/100 tox|[from] item: Leftovers
|-damage|p1a: Ting-Lu|34/100 tox|[from] psn
|upkeep
|turn|41
|
|t:|1769422006
|move|p2a: Corviknight|Roost|p2a: Corviknight
|-heal|p2a: Corviknight|94/100
|-singleturn|p2a: Corviknight|move: Roost
|move|p1a: Ting-Lu|Whirlwind|p2a: Corviknight
|drag|p2a: Cinderace|Cinderace, F|18/100 tox
|
|-heal|p1a: Ting-Lu|40/100 tox|[from] item: Leftovers
|-damage|p2a: Cinderace|12/100 tox|[from] psn
|-damage|p1a: Ting-Lu|21/100 tox|[from] psn
|upkeep
|turn|42
|
|t:|1769422020
|move|p2a: Cinderace|Low Kick|p1a: Ting-Lu
|-start|p2a: Cinderace|typechange|Fighting|[from] ability: Libero
|-supereffective|p1a: Ting-Lu
|-damage|p1a: Ting-Lu|0 fnt
|faint|p1a: Ting-Lu
|
|-damage|p2a: Cinderace|0 fnt|[from] psn
|faint|p2a: Cinderace
|upkeep
|
|t:|1769422029
|switch|p2a: Corviknight|Corviknight, F|94/100
|switch|p1a: Meowscarada|Meowscarada, F|86/100
|-damage|p1a: Meowscarada|74/100|[from] Stealth Rock
|-damage|p1a: Meowscarada|62/100|[from] Spikes
|-damage|p2a: Corviknight|81/100|[from] Stealth Rock
|-ability|p2a: Corviknight|Pressure
|turn|43
|
|t:|1769422044
|move|p1a: Meowscarada|Triple Axel|p2a: Corviknight
|-start|p1a: Meowscarada|typechange|Ice|[from] ability: Protean
|-damage|p2a: Corviknight|72/100
|-damage|p2a: Corviknight|56/100
|-damage|p2a: Corviknight|32/100
|-hitcount|p2a: Corviknight|3
|move|p2a: Corviknight|Iron Defense|p2a: Corviknight
|-boost|p2a: Corviknight|def|2
|
|upkeep
|turn|44
|
|t:|1769422056
|switch|p1a: Pecharunt|Pecharunt, tera:Fairy|99/100
|-damage|p1a: Pecharunt|87/100|[from] Stealth Rock
|-damage|p1a: Pecharunt|75/100|[from] Spikes
|move|p2a: Corviknight|Roost|p2a: Corviknight
|-heal|p2a: Corviknight|82/100
|-singleturn|p2a: Corviknight|move: Roost
|
|upkeep
|turn|45
|
|t:|1769422066
|move|p1a: Pecharunt|Shadow Ball|p2a: Corviknight
|-damage|p2a: Corviknight|45/100
|move|p2a: Corviknight|Body Press|p1a: Pecharunt
|-resisted|p1a: Pecharunt
|-damage|p1a: Pecharunt|58/100
|-damage|p2a: Corviknight|28/100|[from] item: Rocky Helmet|[of] p1a: Pecharunt
|
|upkeep
|turn|46
|
|t:|1769422075
|switch|p2a: Clodsire|Clodsire, M|100/100
|move|p1a: Pecharunt|Shadow Ball|p2a: Clodsire
|-damage|p2a: Clodsire|78/100
|
|upkeep
|turn|47
|
|t:|1769422082
|move|p1a: Pecharunt|Parting Shot|p2a: Clodsire
|-unboost|p2a: Clodsire|atk|1
|-unboost|p2a: Clodsire|spa|1
|
|t:|1769422087
|switch|p1a: Meowscarada|Meowscarada, F|62/100|[from] Parting Shot
|-damage|p1a: Meowscarada|49/100|[from] Stealth Rock
|-damage|p1a: Meowscarada|37/100|[from] Spikes
|move|p2a: Clodsire|Toxic|p1a: Meowscarada
|-status|p1a: Meowscarada|tox
|
|-damage|p1a: Meowscarada|31/100 tox|[from] psn
|upkeep
|turn|48
|
|t:|1769422105
|switch|p2a: Corviknight|Corviknight, F|28/100
|-damage|p2a: Corviknight|16/100|[from] Stealth Rock
|-ability|p2a: Corviknight|Pressure
|move|p1a: Meowscarada|Triple Axel|p2a: Corviknight
|-start|p1a: Meowscarada|typechange|Ice|[from] ability: Protean
|-damage|p2a: Corviknight|8/100
|-damage|p2a: Corviknight|0 fnt
|faint|p2a: Corviknight
|-hitcount|p2: Corviknight|2
|
|-damage|p1a: Meowscarada|19/100 tox|[from] psn
|upkeep
|
|t:|1769422120
|switch|p2a: Kingambit|Kingambit, F|88/100
|-damage|p2a: Kingambit|82/100|[from] Stealth Rock
|-activate|p2a: Kingambit|ability: Supreme Overlord
|-start|p2a: Kingambit|fallen4|[silent]
|turn|49
|
|t:|1769422138
|switch|p1a: Iron Hands|Iron Hands|88/100
|-damage|p1a: Iron Hands|82/100|[from] Stealth Rock
|-damage|p1a: Iron Hands|70/100|[from] Spikes
|move|p2a: Kingambit|Swords Dance|p2a: Kingambit
|-boost|p2a: Kingambit|atk|2
|
|-heal|p2a: Kingambit|88/100|[from] item: Leftovers
|upkeep
|turn|50
|
|t:|1769422157
|-terastallize|p2a: Kingambit|Fire
|move|p2a: Kingambit|Low Kick|p1a: Iron Hands
|-damage|p1a: Iron Hands|0 fnt
|faint|p1a: Iron Hands
|-end|p1a: Iron Hands|Quark Drive|[silent]
|
|-heal|p2a: Kingambit|94/100|[from] item: Leftovers
|upkeep
|
|t:|1769422164
|switch|p1a: Meowscarada|Meowscarada, F|19/100 tox
|-damage|p1a: Meowscarada|6/100 tox|[from] Stealth Rock
|-damage|p1a: Meowscarada|0 fnt|[from] Spikes
|faint|p1a: Meowscarada
|
|t:|1769422168
|switch|p1a: Pecharunt|Pecharunt, tera:Fairy|58/100
|-damage|p1a: Pecharunt|46/100|[from] Stealth Rock
|-damage|p1a: Pecharunt|34/100|[from] Spikes
|turn|51
|
|t:|1769422182
|move|p2a: Kingambit|Sucker Punch|p1a: Pecharunt
|-resisted|p1a: Pecharunt
|-damage|p1a: Pecharunt|0 fnt
|-damage|p2a: Kingambit|78/100|[from] item: Rocky Helmet|[of] p1a: Pecharunt
|faint|p1a: Pecharunt
|
|win|athene10
|raw|kerbonaut11's rating: 1331 &rarr; <strong>1310</strong><br />(-21 for losing)
|raw|athene10's rating: 1317 &rarr; <strong>1338</strong><br />(+21 for winning)
|c|☆kerbonaut11|gg
|l|☆kerbonaut11
|player|p1|
|c|☆athene10|thank you
|l|☆athene10
|player|p2|
