|j|☆rblt ryo
|j|☆wizzz7
|t:|1769303078
|gametype|singles
|player|p1|rblt ryo|dawn|1626
|player|p2|wizzz7|cowgirl|1608
|gen|9
|tier|[Gen 9] OU
|rated|
|rule|HP Percentage Mod: HP is shown in percentages
|rule|Endless Battle Clause: Forcing endless battles is banned
|rule|Species Clause: Limit one of each Pokémon
|rule|OHKO Clause: OHKO moves are banned
|rule|Evasion Items Clause: Evasion items are banned
|rule|Evasion Moves Clause: Evasion moves are banned
|rule|Evasion Abilities Clause: Evasion abilities are banned
|rule|Sleep Moves Clause: Sleep-inducing moves are banned
|clearpoke
|poke|p1|Volcanion|
|poke|p1|Slowking-Galar, M|
|poke|p1|Zamazenta-*|
|poke|p1|Corviknight, M|
|poke|p1|Hatterene, F|
|poke|p1|Ting-Lu|
|poke|p2|Lokix, F|
|poke|p2|Great Tusk|
|poke|p2|Slowking-Galar, M|
|poke|p2|Corviknight, M|
|poke|p2|Dragapult, M|
|poke|p2|Ogerpon-Wellspring, F|
|teampreview
|
|t:|1769303107
|teamsize|p1|6
|teamsize|p2|6
|start
|switch|p1a: Hatterene|Hatterene, F|100/100
|switch|p2a: Lokix|Lokix, F|100/100
|turn|1
|
|t:|1769303117
|move|p2a: Lokix|U-turn|p1a: Hatterene
|-damage|p1a: Hatterene|57/100
|-damage|p2a: Lokix|84/100|[from] item: Rocky Helmet|[of] p1a: Hatterene
|
|t:|1769303121
|switch|p2a: Slowking|Slowking-Galar, M|100/100|[from] U-turn
|move|p1a: Hatterene|Nuzzle|p2a: Slowking
|-damage|p2a: Slowking|97/100
|-status|p2a: Slowking|par
|
|upkeep
|turn|2
|
|t:|1769303137
|switch|p1a: Ting-Lu|Ting-Lu|100/100
|-ability|p1a: Ting-Lu|Vessel of Ruin
|-prepare|p2a: Slowking|Chilly Reception|[premajor]
|cant|p2a: Slowking|par
|
|upkeep
|turn|3
|j| Nikator98
|l| Nikator98
|
|t:|1769303162
|move|p1a: Ting-Lu|Earthquake|p2a: Slowking
|-supereffective|p2a: Slowking
|-damage|p2a: Slowking|26/100 par
|-prepare|p2a: Slowking|Chilly Reception|[premajor]
|move|p2a: Slowking|Chilly Reception|p2a: Slowking
|-weather|Snowscape
|
|t:|1769303168
|switch|p2a: Ogerpon|Ogerpon-Wellspring, F|100/100|[from] Chilly Reception
|
|-weather|Snowscape|[upkeep]
|upkeep
|turn|4
|
|t:|1769303179
|-terastallize|p1a: Ting-Lu|Poison
|move|p2a: Ogerpon|Knock Off|p1a: Ting-Lu
|-crit|p1a: Ting-Lu
|-damage|p1a: Ting-Lu|68/100
|-enditem|p1a: Ting-Lu|Leftovers|[from] move: Knock Off|[of] p2a: Ogerpon
|move|p1a: Ting-Lu|Payback|p2a: Ogerpon
|-damage|p2a: Ogerpon|50/100
|
|-weather|Snowscape|[upkeep]
|upkeep
|turn|5
|
|t:|1769303193
|switch|p1a: Volcanion|Volcanion|100/100
|move|p2a: Ogerpon|U-turn|p1a: Volcanion
|-resisted|p1a: Volcanion
|-damage|p1a: Volcanion|86/100
|
|t:|1769303203
|switch|p2a: Dragapult|Dragapult, M|100/100|[from] U-turn
|
|-weather|Snowscape|[upkeep]
|upkeep
|turn|6
|
|t:|1769303222
|switch|p1a: Ting-Lu|Ting-Lu, tera:Poison|68/100
|-ability|p1a: Ting-Lu|Vessel of Ruin
|move|p2a: Dragapult|Shadow Ball|p1a: Ting-Lu
|-damage|p1a: Ting-Lu|45/100
|-unboost|p1a: Ting-Lu|spd|1
|
|-weather|Snowscape|[upkeep]
|upkeep
|turn|7
|
|t:|1769303238
|switch|p2a: Corviknight|Corviknight, M|100/100
|-ability|p2a: Corviknight|Pressure
|move|p1a: Ting-Lu|Rest|p1a: Ting-Lu
|-status|p1a: Ting-Lu|slp|[from] move: Rest
|-heal|p1a: Ting-Lu|100/100 slp|[silent]
|
|-weather|none
|upkeep
|turn|8
|
|t:|1769303244
|move|p2a: Corviknight|U-turn|p1a: Ting-Lu
|-resisted|p1a: Ting-Lu
|-damage|p1a: Ting-Lu|97/100 slp
|
|t:|1769303247
|switch|p2a: Great Tusk|Great Tusk|100/100|[from] U-turn
|cant|p1a: Ting-Lu|slp
|move|p1a: Ting-Lu|Sleep Talk|p1a: Ting-Lu
|move|p1a: Ting-Lu|Payback|p2a: Great Tusk|[from] move: Sleep Talk
|-resisted|p2a: Great Tusk
|-damage|p2a: Great Tusk|93/100
|
|upkeep
|turn|9
|
|t:|1769303263
|switch|p1a: Corviknight|Corviknight, M, shiny|100/100
|-ability|p1a: Corviknight|Pressure
|move|p2a: Great Tusk|Stealth Rock|p1a: Corviknight
|-sidestart|p1: rblt ryo|move: Stealth Rock
|
|upkeep
|turn|10
|
|t:|1769303271
|-end|p2a: Great Tusk|Protosynthesis|[silent]
|switch|p2a: Dragapult|Dragapult, M|100/100
|move|p1a: Corviknight|Defog|p2a: Dragapult
|-unboost|p2a: Dragapult|evasion|1
|-sideend|p1: rblt ryo|Stealth Rock|[from] move: Defog|[of] p1a: Corviknight
|
|upkeep
|turn|11
|
|t:|1769303285
|move|p2a: Dragapult|U-turn|p1a: Corviknight
|-resisted|p1a: Corviknight
|-damage|p1a: Corviknight|98/100
|-damage|p2a: Dragapult|84/100|[from] item: Rocky Helmet|[of] p1a: Corviknight
|
|t:|1769303289
|switch|p2a: Corviknight|Corviknight, M|100/100|[from] U-turn
|-ability|p2a: Corviknight|Pressure
|move|p1a: Corviknight|Body Press|p2a: Corviknight
|-damage|p2a: Corviknight|84/100
|-damage|p1a: Corviknight|81/100|[from] item: Rocky Helmet|[of] p2a: Corviknight
|
|upkeep
|turn|12
|
|t:|1769303298
|move|p1a: Corviknight|Roost|p1a: Corviknight
|-heal|p1a: Corviknight|100/100
|-singleturn|p1a: Corviknight|move: Roost
|move|p2a: Corviknight|U-turn|p1a: Corviknight
|-resisted|p1a: Corviknight
|-damage|p1a: Corviknight|96/100
|-damage|p2a: Corviknight|68/100|[from] item: Rocky Helmet|[of] p1a: Corviknight
|
|t:|1769303308
|switch|p2a: Lokix|Lokix, F|84/100|[from] U-turn
|
|upkeep
|turn|13
|
|t:|1769303314
|move|p2a: Lokix|Knock Off|p1a: Corviknight
|-damage|p1a: Corviknight|57/100
|-damage|p2a: Lokix|67/100|[from] item: Rocky Helmet|[of] p1a: Corviknight
|-enditem|p1a: Corviknight|Rocky Helmet|[from] move: Knock Off|[of] p2a: Lokix
|move|p1a: Corviknight|Body Press|p2a: Lokix
|-damage|p2a: Lokix|26/100
|
|upkeep
|turn|14
|
|t:|1769303321
|switch|p2a: Slowking|Slowking-Galar, M|59/100 par
|move|p1a: Corviknight|Roost|p1a: Corviknight
|-heal|p1a: Corviknight|100/100
|-singleturn|p1a: Corviknight|move: Roost
|
|upkeep
|turn|15
|
|t:|1769303333
|switch|p1a: Volcanion|Volcanion|86/100
|switch|p2a: Dragapult|Dragapult, M|84/100
|
|upkeep
|turn|16
|
|t:|1769303344
|switch|p1a: Slowking|Slowking-Galar, M, shiny|100/100
|move|p2a: Dragapult|Shadow Ball|p1a: Slowking
|-supereffective|p1a: Slowking
|-damage|p1a: Slowking|25/100
|
|-heal|p1a: Slowking|31/100|[from] item: Black Sludge
|upkeep
|turn|17
|
|t:|1769303355
|switch|p1a: Ting-Lu|Ting-Lu, tera:Poison|97/100 slp
|-ability|p1a: Ting-Lu|Vessel of Ruin
|move|p2a: Dragapult|Shadow Ball|p1a: Ting-Lu
|-damage|p1a: Ting-Lu|75/100 slp
|
|upkeep
|turn|18
|
|t:|1769303365
|switch|p2a: Lokix|Lokix, F|26/100
|cant|p1a: Ting-Lu|slp
|move|p1a: Ting-Lu|Sleep Talk|p1a: Ting-Lu
|move|p1a: Ting-Lu|Payback|p2a: Lokix|[from] move: Sleep Talk
|-resisted|p2a: Lokix
|-damage|p2a: Lokix|12/100
|
|upkeep
|turn|19
|
|t:|1769303378
|switch|p1a: Hatterene|Hatterene, F|57/100
|move|p2a: Lokix|Leech Life|p1a: Hatterene
|-damage|p1a: Hatterene|7/100
|-heal|p2a: Lokix|40/100|[from] drain|[of] p1a: Hatterene
|-damage|p2a: Lokix|23/100|[from] item: Rocky Helmet|[of] p1a: Hatterene
|
|upkeep
|turn|20
|
|t:|1769303388
|move|p2a: Lokix|Leech Life|p1a: Hatterene
|-damage|p1a: Hatterene|0 fnt
|-heal|p2a: Lokix|27/100|[from] drain|[of] p1a: Hatterene
|-damage|p2a: Lokix|11/100|[from] item: Rocky Helmet|[of] p1a: Hatterene
|faint|p1a: Hatterene
|
|upkeep
|
|t:|1769303405
|switch|p1a: Zamazenta|Zamazenta|100/100
|-ability|p1a: Zamazenta|Dauntless Shield|boost
|-boost|p1a: Zamazenta|def|1
|turn|21
|
|t:|1769303419
|switch|p2a: Ogerpon|Ogerpon-Wellspring, F|50/100
|move|p1a: Zamazenta|Crunch|p2a: Ogerpon
|-damage|p2a: Ogerpon|0 fnt
|faint|p2a: Ogerpon
|
|upkeep
|
|t:|1769303433
|switch|p2a: Corviknight|Corviknight, M|68/100
|-ability|p2a: Corviknight|Pressure
|turn|22
|
|t:|1769303438
|switch|p1a: Volcanion|Volcanion|86/100
|move|p2a: Corviknight|Roost|p2a: Corviknight
|-heal|p2a: Corviknight|100/100
|-singleturn|p2a: Corviknight|move: Roost
|
|upkeep
|turn|23
|
|t:|1769303452
|switch|p2a: Slowking|Slowking-Galar, M|93/100 par
|move|p1a: Volcanion|Steam Eruption|p2a: Slowking
|-damage|p2a: Slowking|38/100 par
|
|upkeep
|turn|24
|
|t:|1769303466
|-terastallize|p2a: Slowking|Water
|move|p1a: Volcanion|Steam Eruption|p2a: Slowking
|-resisted|p2a: Slowking
|-damage|p2a: Slowking|9/100 par
|-prepare|p2a: Slowking|Chilly Reception|[premajor]
|move|p2a: Slowking|Chilly Reception|p2a: Slowking
|-weather|Snowscape
|
|t:|1769303473
|switch|p2a: Great Tusk|Great Tusk|93/100|[from] Chilly Reception
|
|-weather|Snowscape|[upkeep]
|upkeep
|turn|25
|
|t:|1769303479
|-end|p2a: Great Tusk|Protosynthesis|[silent]
|switch|p2a: Dragapult|Dragapult, M|84/100
|move|p1a: Volcanion|Steam Eruption|p2a: Dragapult
|-resisted|p2a: Dragapult
|-damage|p2a: Dragapult|18/100
|-status|p2a: Dragapult|brn
|
|-weather|Snowscape|[upkeep]
|-damage|p2a: Dragapult|12/100 brn|[from] brn
|upkeep
|turn|26
|
|t:|1769303487
|switch|p1a: Ting-Lu|Ting-Lu, tera:Poison|75/100 slp
|-ability|p1a: Ting-Lu|Vessel of Ruin
|move|p2a: Dragapult|Shadow Ball|p1a: Ting-Lu
|-damage|p1a: Ting-Lu|54/100 slp
|
|-weather|Snowscape|[upkeep]
|-damage|p2a: Dragapult|6/100 brn|[from] brn
|upkeep
|turn|27
|
|t:|1769303498
|move|p2a: Dragapult|Shadow Ball|p1a: Ting-Lu
|-damage|p1a: Ting-Lu|34/100 slp
|-unboost|p1a: Ting-Lu|spd|1
|-curestatus|p1a: Ting-Lu|slp|[msg]
|move|p1a: Ting-Lu|Earthquake|p2a: Dragapult
|-damage|p2a: Dragapult|0 fnt
|faint|p2a: Dragapult
|
|-weather|Snowscape|[upkeep]
|upkeep
|
|t:|1769303517
|switch|p2a: Lokix|Lokix, F|11/100
|turn|28
|
|t:|1769303529
|move|p2a: Lokix|Leech Life|p1a: Ting-Lu
|-resisted|p1a: Ting-Lu
|-crit|p1a: Ting-Lu
|-damage|p1a: Ting-Lu|0 fnt
|-heal|p2a: Lokix|41/100|[from] drain|[of] p1a: Ting-Lu
|faint|p1a: Ting-Lu
|
|-weather|none
|upkeep
|
|t:|1769303537
|switch|p1a: Zamazenta|Zamazenta|100/100
|turn|29
|
|t:|1769303543
|move|p1a: Zamazenta|Close Combat|p2a: Lokix
|-damage|p2a: Lokix|0 fnt
|-unboost|p1a: Zamazenta|def|1
|-unboost|p1a: Zamazenta|spd|1
|faint|p2a: Lokix
|
|upkeep
|-message|wizzz7 forfeited.
|
|win|rblt ryo
|raw|rblt ryo's rating: 1626 &rarr; <strong>1645</strong><br />(+19 for winning)
|raw|wizzz7's rating: 1608 &rarr; <strong>1589</strong><br />(-19 for losing)
|l|☆wizzz7
|player|p2|
|l|☆rblt ryo
|player|p1|
|j|☆rblt ryo
|player|p1|rblt ryo|dawn|
