|j|☆lolproplayer
|j|☆1colour
|t:|1769369861
|gametype|singles
|player|p1|lolproplayer|102|1662
|player|p2|1colour|parasollady|1639
|gen|9
|tier|[Gen 9] OU
|rated|
|rule|HP Percentage Mod: HP is shown in percentages
|rule|Endless Battle Clause: Forcing endless battles is banned
|rule|Species Clause: Limit one of each Pokémon
|rule|OHKO Clause: OHKO moves are banned
|rule|Evasion Items Clause: Evasion items are banned
|rule|Evasion Moves Clause: Evasion moves are banned
|rule|Evasion Abilities Clause: Evasion abilities are banned
|rule|Sleep Moves Clause: Sleep-inducing moves are banned
|clearpoke
|poke|p1|Ogerpon-Wellspring, F|
|poke|p1|Deoxys-Speed|
|poke|p1|Glimmora, M|
|poke|p1|Ceruledge, F|
|poke|p1|Darkrai|
|poke|p1|Zamazenta-*|
|poke|p2|Dragapult, F|
|poke|p2|Greninja-*, F|
|poke|p2|Slowking-Galar, M|
|poke|p2|Chandelure, F|
|poke|p2|Corviknight, M|
|poke|p2|Iron Jugulis|
|teampreview
|inactive|Battle timer is ON: inactive players will automatically lose when time's up. (requested by lolproplayer)
|
|t:|1769369869
|teamsize|p1|6
|teamsize|p2|6
|start
|switch|p1a: Deoxys|Deoxys-Speed|100/100
|switch|p2a: Slowking|Slowking-Galar, M|100/100
|-ability|p1a: Deoxys|Pressure
|turn|1
|
|t:|1769369876
|switch|p1a: Glimmora|Glimmora, M|100/100
|move|p2a: Slowking|Sludge Bomb|p1a: Glimmora
|-resisted|p1a: Glimmora
|-damage|p1a: Glimmora|90/100
|
|upkeep
|turn|2
|
|t:|1769369881
|move|p1a: Glimmora|Stealth Rock|p2a: Slowking
|-sidestart|p2: 1colour|move: Stealth Rock
|move|p2a: Slowking|Thunder Wave|p1a: Glimmora
|-status|p1a: Glimmora|par
|
|upkeep
|turn|3
|
|t:|1769369890
|cant|p1a: Glimmora|par
|move|p2a: Slowking|Psychic Noise|p1a: Glimmora
|-supereffective|p1a: Glimmora
|-damage|p1a: Glimmora|19/100 par
|-start|p1a: Glimmora|move: Heal Block
|
|upkeep
|turn|4
|
|t:|1769369899
|switch|p1a: Darkrai|Darkrai|100/100
|move|p2a: Slowking|Sludge Bomb|p1a: Darkrai
|-damage|p1a: Darkrai|63/100
|-status|p1a: Darkrai|psn
|
|-damage|p1a: Darkrai|51/100 psn|[from] psn
|upkeep
|turn|5
|
|t:|1769369908
|move|p1a: Darkrai|Nasty Plot|p1a: Darkrai
|-boost|p1a: Darkrai|spa|2
|-prepare|p2a: Slowking|Chilly Reception|[premajor]
|move|p2a: Slowking|Chilly Reception|p2a: Slowking
|-weather|Snowscape
|
|t:|1769369917
|switch|p2a: Dragapult|Dragapult, F|100/100|[from] Chilly Reception
|-damage|p2a: Dragapult|88/100|[from] Stealth Rock
|
|-weather|Snowscape|[upkeep]
|-damage|p1a: Darkrai|39/100 psn|[from] psn
|upkeep
|turn|6
|
|t:|1769369926
|-terastallize|p1a: Darkrai|Fairy
|move|p2a: Dragapult|Dragon Darts|p1a: Darkrai
|-immune|p1a: Darkrai
|move|p1a: Darkrai|Rest|p1a: Darkrai
|-status|p1a: Darkrai|slp|[from] move: Rest
|-heal|p1a: Darkrai|100/100 slp|[silent]
|-enditem|p1a: Darkrai|Chesto Berry|[eat]
|-curestatus|p1a: Darkrai|slp|[msg]
|
|-weather|Snowscape|[upkeep]
|upkeep
|turn|7
|c|☆1colour|that
|c|☆1colour|what should I do then
|inactive|1colour has 120 seconds left.
|c|☆1colour|dark pulse
|c|☆1colour|tera blast?
|c|☆lolproplayer|What
|c|☆1colour|ice beam
|inactive|1colour has 90 seconds left.
|c|☆lolproplayer|U good?
|inactive|1colour has 60 seconds left.
|
|t:|1769370027
|switch|p2a: Corviknight|Corviknight, M|100/100
|-damage|p2a: Corviknight|88/100|[from] Stealth Rock
|-ability|p2a: Corviknight|Pressure
|move|p1a: Darkrai|Nasty Plot|p1a: Darkrai
|-boost|p1a: Darkrai|spa|2
|
|-weather|Snowscape|[upkeep]
|upkeep
|turn|8
|
|t:|1769370034
|move|p1a: Darkrai|Dark Pulse|p2a: Corviknight
|-damage|p2a: Corviknight|0 fnt
|faint|p2a: Corviknight
|
|-weather|Snowscape|[upkeep]
|upkeep
|inactive|1colour has 60 seconds left.
|
|t:|1769370040
|switch|p2a: Chandelure|Chandelure, F|100/100
|-damage|p2a: Chandelure|76/100|[from] Stealth Rock
|turn|9
|
|t:|1769370046
|move|p2a: Chandelure|Shadow Ball|p1a: Darkrai
|-damage|p1a: Darkrai|50/100
|-unboost|p1a: Darkrai|spd|1
|move|p1a: Darkrai|Dark Pulse|p2a: Chandelure
|-supereffective|p2a: Chandelure
|-damage|p2a: Chandelure|0 fnt
|faint|p2a: Chandelure
|
|-weather|none
|upkeep
|inactive|1colour has 60 seconds left.
|
|t:|1769370062
|switch|p2a: Dragapult|Dragapult, F|88/100
|-damage|p2a: Dragapult|76/100|[from] Stealth Rock
|turn|10
|
|t:|1769370069
|-terastallize|p2a: Dragapult|Ghost
|move|p2a: Dragapult|Tera Blast|p1a: Darkrai|[anim] Tera Blast Ghost
|-damage|p1a: Darkrai|0 fnt
|faint|p1a: Darkrai
|
|upkeep
|
|t:|1769370093
|switch|p1a: Deoxys|Deoxys-Speed|100/100
|-ability|p1a: Deoxys|Pressure
|turn|11
|
|t:|1769370102
|switch|p1a: Ogerpon|Ogerpon-Wellspring, F|100/100
|switch|p2a: Slowking|Slowking-Galar, M|100/100
|
|upkeep
|turn|12
|
|t:|1769370108
|move|p1a: Ogerpon|Ivy Cudgel|p2a: Slowking|[anim] Ivy Cudgel Water
|-damage|p2a: Slowking|37/100
|move|p2a: Slowking|Sludge Bomb|p1a: Ogerpon
|-supereffective|p1a: Ogerpon
|-damage|p1a: Ogerpon|25/100
|-status|p1a: Ogerpon|psn
|
|-damage|p1a: Ogerpon|12/100 psn|[from] psn
|upkeep
|turn|13
|
|t:|1769370118
|switch|p2a: Greninja|Greninja, F, shiny|100/100
|-damage|p2a: Greninja|88/100|[from] Stealth Rock
|move|p1a: Ogerpon|Play Rough|p2a: Greninja|[miss]
|-miss|p1a: Ogerpon|p2a: Greninja
|
|-damage|p1a: Ogerpon|0 fnt|[from] psn
|faint|p1a: Ogerpon
|upkeep
|c|☆1colour|missed
|
|t:|1769370132
|switch|p1a: Zamazenta|Zamazenta|100/100
|-ability|p1a: Zamazenta|Dauntless Shield|boost
|-boost|p1a: Zamazenta|def|1
|turn|14
|inactive|1colour has 90 seconds left.
|
|t:|1769370140
|switch|p2a: Dragapult|Dragapult, F, tera:Ghost|76/100
|-damage|p2a: Dragapult|64/100|[from] Stealth Rock
|move|p1a: Zamazenta|Light Screen|p1a: Zamazenta
|-sidestart|p1: lolproplayer|move: Light Screen
|
|upkeep
|turn|15
|
|t:|1769370146
|move|p2a: Dragapult|Will-O-Wisp|p1a: Zamazenta
|-status|p1a: Zamazenta|brn
|move|p1a: Zamazenta|Reflect|p1a: Zamazenta
|-sidestart|p1: lolproplayer|Reflect
|
|-damage|p1a: Zamazenta|94/100 brn|[from] brn
|upkeep
|turn|16
|
|t:|1769370154
|switch|p2a: Slowking|Slowking-Galar, M|70/100
|switch|p1a: Glimmora|Glimmora, M|19/100 par
|
|upkeep
|turn|17
|
|t:|1769370156
|move|p1a: Glimmora|Meteor Beam||[still]
|-prepare|p1a: Glimmora|Meteor Beam
|-boost|p1a: Glimmora|spa|1
|-enditem|p1a: Glimmora|Power Herb
|-anim|p1a: Glimmora|Meteor Beam|p2a: Slowking
|-crit|p2a: Slowking
|-damage|p2a: Slowking|0 fnt
|faint|p2a: Slowking
|
|upkeep
|c|☆lolproplayer|Critical
|inactive|1colour has 90 seconds left.
|c|☆1colour|ouuu I got an idea
|
|t:|1769370194
|switch|p2a: Greninja|Greninja, F, shiny|88/100
|-damage|p2a: Greninja|76/100|[from] Stealth Rock
|turn|18
|
|t:|1769370212
|move|p2a: Greninja|Dark Pulse|p1a: Glimmora
|-start|p2a: Greninja|typechange|Dark|[from] ability: Protean
|-damage|p1a: Glimmora|0 fnt
|faint|p1a: Glimmora
|-damage|p2a: Greninja|66/100|[from] item: Life Orb
|
|upkeep
|inactive|lolproplayer has 120 seconds left.
|
|t:|1769370237
|switch|p1a: Deoxys|Deoxys-Speed|100/100
|-ability|p1a: Deoxys|Pressure
|turn|19
|
|t:|1769370248
|switch|p2a: Dragapult|Dragapult, F, tera:Ghost|64/100
|-damage|p2a: Dragapult|51/100|[from] Stealth Rock
|move|p1a: Deoxys|Substitute|p1a: Deoxys
|-start|p1a: Deoxys|Substitute
|-damage|p1a: Deoxys|76/100
|
|upkeep
|turn|20
|
|t:|1769370254
|move|p1a: Deoxys|Psycho Boost|p2a: Dragapult
|-damage|p2a: Dragapult|0 fnt
|-unboost|p1a: Deoxys|spa|2
|faint|p2a: Dragapult
|-damage|p1a: Deoxys|66/100|[from] item: Life Orb
|
|upkeep
|
|t:|1769370260
|switch|p2a: Iron Jugulis|Iron Jugulis|100/100
|-damage|p2a: Iron Jugulis|76/100|[from] Stealth Rock
|-enditem|p2a: Iron Jugulis|Booster Energy
|-activate|p2a: Iron Jugulis|ability: Quark Drive|[fromitem]
|-start|p2a: Iron Jugulis|quarkdrivespe
|turn|21
|
|t:|1769370272
|move|p2a: Iron Jugulis|Substitute|p2a: Iron Jugulis
|-start|p2a: Iron Jugulis|Substitute
|-damage|p2a: Iron Jugulis|51/100
|move|p1a: Deoxys|Nasty Plot|p1a: Deoxys
|-boost|p1a: Deoxys|spa|2
|
|-sideend|p1: lolproplayer|move: Light Screen
|upkeep
|turn|22
|
|t:|1769370278
|move|p2a: Iron Jugulis|Dark Pulse|p1a: Deoxys
|-supereffective|p1a: Deoxys
|-end|p1a: Deoxys|Substitute
|move|p1a: Deoxys|Focus Blast|p2a: Iron Jugulis
|-end|p2a: Iron Jugulis|Substitute
|-damage|p1a: Deoxys|56/100|[from] item: Life Orb
|
|-sideend|p1: lolproplayer|Reflect
|upkeep
|turn|23
|inactive|1colour has 120 seconds left.
|
|t:|1769370290
|move|p2a: Iron Jugulis|Dark Pulse|p1a: Deoxys
|-supereffective|p1a: Deoxys
|-damage|p1a: Deoxys|0 fnt
|faint|p1a: Deoxys
|
|upkeep
|
|t:|1769370296
|switch|p1a: Zamazenta|Zamazenta|94/100 brn
|turn|24
|
|t:|1769370300
|move|p2a: Iron Jugulis|Air Slash|p1a: Zamazenta
|-supereffective|p1a: Zamazenta
|-damage|p1a: Zamazenta|27/100 brn
|move|p1a: Zamazenta|Light Screen|p1a: Zamazenta
|-sidestart|p1: lolproplayer|move: Light Screen
|
|-damage|p1a: Zamazenta|21/100 brn|[from] brn
|upkeep
|turn|25
|
|t:|1769370306
|move|p2a: Iron Jugulis|Substitute|p2a: Iron Jugulis
|-start|p2a: Iron Jugulis|Substitute
|-damage|p2a: Iron Jugulis|26/100
|move|p1a: Zamazenta|Close Combat|p2a: Iron Jugulis
|-crit|p2a: Iron Jugulis
|-end|p2a: Iron Jugulis|Substitute
|-unboost|p1a: Zamazenta|def|1
|-unboost|p1a: Zamazenta|spd|1
|
|-damage|p1a: Zamazenta|15/100 brn|[from] brn
|upkeep
|turn|26
|
|t:|1769370312
|move|p2a: Iron Jugulis|Air Slash|p1a: Zamazenta
|-supereffective|p1a: Zamazenta
|-damage|p1a: Zamazenta|0 fnt
|faint|p1a: Zamazenta
|
|upkeep
|
|t:|1769370314
|switch|p1a: Ceruledge|Ceruledge, F|100/100
|turn|27
|
|t:|1769370320
|move|p2a: Iron Jugulis|Dark Pulse|p1a: Ceruledge
|-supereffective|p1a: Ceruledge
|-damage|p1a: Ceruledge|53/100
|cant|p1a: Ceruledge|flinch
|
|upkeep
|turn|28
|c|☆1colour|deal with that
|
|t:|1769370333
|move|p2a: Iron Jugulis|Dark Pulse|p1a: Ceruledge
|-supereffective|p1a: Ceruledge
|-damage|p1a: Ceruledge|10/100
|move|p1a: Ceruledge|Swords Dance|p1a: Ceruledge
|-boost|p1a: Ceruledge|atk|2
|
|upkeep
|turn|29
|
|t:|1769370339
|move|p2a: Iron Jugulis|Dark Pulse|p1a: Ceruledge
|-supereffective|p1a: Ceruledge
|-damage|p1a: Ceruledge|0 fnt
|faint|p1a: Ceruledge
|
|win|1colour
|raw|lolproplayer's rating: 1662 &rarr; <strong>1641</strong><br />(-21 for losing)
|raw|1colour's rating: 1639 &rarr; <strong>1660</strong><br />(+21 for winning)
|l|☆lolproplayer
|player|p1|
|l|☆1colour
|player|p2|
