|j|☆levinao
|j|☆chico bucetudo
|t:|1769346122
|gametype|singles
|player|p1|levinao|265|1281
|player|p2|chico bucetudo|ruinmaniac|1258
|gen|9
|tier|[Gen 9] OU
|rated|
|rule|HP Percentage Mod: HP is shown in percentages
|rule|Endless Battle Clause: Forcing endless battles is banned
|rule|Species Clause: Limit one of each Pokémon
|rule|OHKO Clause: OHKO moves are banned
|rule|Evasion Items Clause: Evasion items are banned
|rule|Evasion Moves Clause: Evasion moves are banned
|rule|Evasion Abilities Clause: Evasion abilities are banned
|rule|Sleep Moves Clause: Sleep-inducing moves are banned
|clearpoke
|poke|p1|Kingambit, M|
|poke|p1|Great Tusk|
|poke|p1|Slowking-Galar, F|
|poke|p1|Samurott-Hisui, F|
|poke|p1|Iron Moth|
|poke|p1|Zapdos|
|poke|p2|Landorus-Therian, M|
|poke|p2|Thundurus-Therian, M|
|poke|p2|Volcanion|
|poke|p2|Gholdengo|
|poke|p2|Scrafty, F|
|poke|p2|Weezing-Galar, F|
|teampreview
|
|t:|1769346141
|teamsize|p1|6
|teamsize|p2|6
|start
|switch|p1a: Samurott|Samurott-Hisui, F|100/100
|switch|p2a: angu|Scrafty, F|100/100
|-ability|p2a: angu|Intimidate|boost
|-unboost|p1a: Samurott|atk|1
|turn|1
|
|t:|1769346163
|switch|p1a: Zapdos|Zapdos|100/100
|move|p2a: angu|Drain Punch|p1a: Zapdos
|-resisted|p1a: Zapdos
|-damage|p1a: Zapdos|90/100
|-status|p2a: angu|par|[from] ability: Static|[of] p1a: Zapdos
|
|upkeep
|turn|2
|
|t:|1769346172
|switch|p2a: fezes|Thundurus-Therian, M|100/100
|move|p1a: Zapdos|Volt Switch|p2a: fezes
|-immune|p2a: fezes|[from] ability: Volt Absorb
|
|upkeep
|turn|3
|
|t:|1769346190
|switch|p1a: Slowking|Slowking-Galar, F|100/100
|move|p2a: fezes|Grass Knot|p1a: Slowking
|-resisted|p1a: Slowking
|-damage|p1a: Slowking|91/100
|
|upkeep
|turn|4
|
|t:|1769346198
|switch|p2a: angu|Scrafty, F|100/100 par
|-ability|p2a: angu|Intimidate|boost
|-unboost|p1a: Slowking|atk|1
|move|p1a: Slowking|Toxic||[still]
|-fail|p1a: Slowking
|
|upkeep
|turn|5
|
|t:|1769346207
|switch|p1a: Great Tusk|Great Tusk|100/100
|move|p2a: angu|Knock Off|p1a: Great Tusk
|-resisted|p1a: Great Tusk
|-damage|p1a: Great Tusk|85/100
|-damage|p2a: angu|84/100 par|[from] item: Rocky Helmet|[of] p1a: Great Tusk
|-enditem|p1a: Great Tusk|Rocky Helmet|[from] move: Knock Off|[of] p2a: angu
|
|upkeep
|turn|6
|
|t:|1769346220
|switch|p2a: antonio|Gholdengo|100/100
|move|p1a: Great Tusk|Headlong Rush|p2a: antonio
|-supereffective|p2a: antonio
|-damage|p2a: antonio|0 fnt
|-unboost|p1a: Great Tusk|def|1
|-unboost|p1a: Great Tusk|spd|1
|faint|p2a: antonio
|
|upkeep
|
|t:|1769346226
|switch|p2a: fezes|Thundurus-Therian, M|100/100
|turn|7
|
|t:|1769346244
|-end|p1a: Great Tusk|Protosynthesis|[silent]
|switch|p1a: Slowking|Slowking-Galar, F|100/100
|move|p2a: fezes|Grass Knot|p1a: Slowking
|-resisted|p1a: Slowking
|-damage|p1a: Slowking|92/100
|
|upkeep
|turn|8
|
|t:|1769346253
|switch|p2a: angu|Scrafty, F|84/100 par
|-ability|p2a: angu|Intimidate|boost
|-unboost|p1a: Slowking|atk|1
|move|p1a: Slowking|Toxic||[still]
|-fail|p1a: Slowking
|
|upkeep
|turn|9
|
|t:|1769346264
|switch|p1a: Zapdos|Zapdos|90/100
|move|p2a: angu|Super Fang|p1a: Zapdos
|-damage|p1a: Zapdos|45/100
|
|upkeep
|turn|10
|
|t:|1769346279
|move|p1a: Zapdos|Roost|p1a: Zapdos
|-heal|p1a: Zapdos|95/100
|-singleturn|p1a: Zapdos|move: Roost
|cant|p2a: angu|par
|
|upkeep
|turn|11
|
|t:|1769346301
|move|p1a: Zapdos|Hurricane|p2a: angu
|-supereffective|p2a: angu
|-damage|p2a: angu|24/100 par
|move|p2a: angu|Knock Off|p1a: Zapdos
|-damage|p1a: Zapdos|67/100
|-enditem|p1a: Zapdos|Heavy-Duty Boots|[from] move: Knock Off|[of] p2a: angu
|
|upkeep
|turn|12
|-message|chico bucetudo forfeited.
|
|win|levinao
|raw|levinao's rating: 1281 &rarr; <strong>1304</strong><br />(+23 for winning)
|raw|chico bucetudo's rating: 1258 &rarr; <strong>1235</strong><br />(-23 for losing)
|l|☆chico bucetudo
|player|p2|
|l|☆levinao
|player|p1|
