|j|☆Cheese_contest
|j|☆CambridgeFoulPlay
|t:|1769370799
|gametype|singles
|player|p1|Cheese_contest|colress|1627
|player|p2|CambridgeFoulPlay|266|1739
|gen|9
|tier|[Gen 9] OU
|rated|
|rule|HP Percentage Mod: HP is shown in percentages
|rule|Endless Battle Clause: Forcing endless battles is banned
|rule|Species Clause: Limit one of each Pokémon
|rule|OHKO Clause: OHKO moves are banned
|rule|Evasion Items Clause: Evasion items are banned
|rule|Evasion Moves Clause: Evasion moves are banned
|rule|Evasion Abilities Clause: Evasion abilities are banned
|rule|Sleep Moves Clause: Sleep-inducing moves are banned
|clearpoke
|poke|p1|Pelipper, F|
|poke|p1|Ogerpon-Wellspring, F|
|poke|p1|Kingdra, F|
|poke|p1|Thundurus-Therian, M|
|poke|p1|Great Tusk|
|poke|p1|Kingambit, F|
|poke|p2|Hydrapple, M|
|poke|p2|Tyranitar, F|
|poke|p2|Moltres|
|poke|p2|Zamazenta-*|
|poke|p2|Slowking-Galar, M|
|poke|p2|Excadrill, F|
|teampreview
|inactive|Battle timer is ON: inactive players will automatically lose when time's up. (requested by Cheese_contest)
|c|☆CambridgeFoulPlay|hf
|
|t:|1769370804
|teamsize|p1|6
|teamsize|p2|6
|start
|switch|p1a: Thundurus|Thundurus-Therian, M|100/100
|switch|p2a: Zamazenta|Zamazenta|100/100
|-ability|p2a: Zamazenta|Dauntless Shield|boost
|-boost|p2a: Zamazenta|def|1
|turn|1
|inactive|CambridgeFoulPlay also wants the timer to be on.
|
|t:|1769370806
|switch|p2a: Slowking|Slowking-Galar, M|100/100
|move|p1a: Thundurus|U-turn|p2a: Slowking
|-damage|p2a: Slowking|89/100
|
|t:|1769370812
|switch|p1a: Pelipper|Pelipper, F|100/100|[from] U-turn
|-weather|RainDance|[from] ability: Drizzle|[of] p1a: Pelipper
|
|-weather|RainDance|[upkeep]
|upkeep
|turn|2
|
|t:|1769370814
|move|p1a: Pelipper|U-turn|p2a: Slowking
|-damage|p2a: Slowking|82/100
|
|t:|1769370816
|switch|p1a: Thundurus|Thundurus-Therian, M|100/100|[from] U-turn
|move|p2a: Slowking|Ice Beam|p1a: Thundurus
|-supereffective|p1a: Thundurus
|-damage|p1a: Thundurus|36/100
|
|-weather|RainDance|[upkeep]
|upkeep
|turn|3
|
|t:|1769370819
|move|p1a: Thundurus|U-turn|p2a: Slowking
|-damage|p2a: Slowking|70/100
|
|t:|1769370821
|switch|p1a: Ogerpon|Ogerpon-Wellspring, F|100/100|[from] U-turn
|move|p2a: Slowking|Ice Beam|p1a: Ogerpon
|-damage|p1a: Ogerpon|75/100
|
|-weather|RainDance|[upkeep]
|upkeep
|turn|4
|
|t:|1769370823
|switch|p2a: Hydrapple|Hydrapple, M|100/100
|move|p1a: Ogerpon|Ivy Cudgel|p2a: Hydrapple|[anim] Ivy Cudgel Water
|-resisted|p2a: Hydrapple
|-crit|p2a: Hydrapple
|-damage|p2a: Hydrapple|81/100
|
|-weather|RainDance|[upkeep]
|upkeep
|turn|5
|
|t:|1769370827
|switch|p1a: Kingambit|Kingambit, F|100/100
|move|p2a: Hydrapple|Fickle Beam|p1a: Kingambit
|-resisted|p1a: Kingambit
|-damage|p1a: Kingambit|81/100
|
|-weather|RainDance|[upkeep]
|-heal|p1a: Kingambit|87/100|[from] item: Leftovers
|upkeep
|turn|6
|
|t:|1769370832
|move|p1a: Kingambit|Iron Head|p2a: Hydrapple
|-crit|p2a: Hydrapple
|-damage|p2a: Hydrapple|40/100
|move|p2a: Hydrapple|Earth Power|p1a: Kingambit
|-supereffective|p1a: Kingambit
|-damage|p1a: Kingambit|27/100
|
|-weather|RainDance|[upkeep]
|-heal|p1a: Kingambit|33/100|[from] item: Leftovers
|upkeep
|turn|7
|
|t:|1769370837
|switch|p2a: Zamazenta|Zamazenta|100/100
|move|p1a: Kingambit|Kowtow Cleave|p2a: Zamazenta
|-resisted|p2a: Zamazenta
|-damage|p2a: Zamazenta|83/100
|
|-weather|RainDance|[upkeep]
|-heal|p2a: Zamazenta|89/100|[from] item: Leftovers
|-heal|p1a: Kingambit|40/100|[from] item: Leftovers
|upkeep
|turn|8
|
|t:|1769370841
|-end|p1a: Kingambit|fallenundefined|[silent]
|switch|p1a: Pelipper|Pelipper, F|100/100
|move|p2a: Zamazenta|Iron Defense|p2a: Zamazenta
|-boost|p2a: Zamazenta|def|2
|
|-weather|none
|-heal|p2a: Zamazenta|96/100|[from] item: Leftovers
|upkeep
|turn|9
|
|t:|1769370843
|switch|p2a: Tyranitar|Tyranitar, F|100/100
|-weather|Sandstorm|[from] ability: Sand Stream|[of] p2a: Tyranitar
|move|p1a: Pelipper|Hurricane|p2a: Tyranitar
|-resisted|p2a: Tyranitar
|-damage|p2a: Tyranitar|92/100
|
|-weather|Sandstorm|[upkeep]
|-damage|p1a: Pelipper|94/100|[from] Sandstorm
|upkeep
|turn|10
|
|t:|1769370847
|move|p1a: Pelipper|U-turn|p2a: Tyranitar
|-supereffective|p2a: Tyranitar
|-damage|p2a: Tyranitar|78/100
|
|t:|1769370849
|switch|p1a: Great Tusk|Great Tusk|100/100|[from] U-turn
|-enditem|p1a: Great Tusk|Booster Energy
|-activate|p1a: Great Tusk|ability: Protosynthesis|[fromitem]
|-start|p1a: Great Tusk|protosynthesisspe
|move|p2a: Tyranitar|Stealth Rock|p1a: Great Tusk
|-sidestart|p1: Cheese_contest|move: Stealth Rock
|
|-weather|Sandstorm|[upkeep]
|upkeep
|turn|11
|
|t:|1769370851
|switch|p2a: Zamazenta|Zamazenta|96/100
|move|p1a: Great Tusk|Stealth Rock|p2a: Zamazenta
|-sidestart|p2: CambridgeFoulPlay|move: Stealth Rock
|
|-weather|Sandstorm|[upkeep]
|-damage|p2a: Zamazenta|89/100|[from] Sandstorm
|-heal|p2a: Zamazenta|96/100|[from] item: Leftovers
|upkeep
|turn|12
|
|t:|1769370854
|switch|p2a: Hydrapple|Hydrapple, M|74/100
|move|p1a: Great Tusk|Rapid Spin|p2a: Hydrapple
|-damage|p2a: Hydrapple|64/100
|-boost|p1a: Great Tusk|spe|1
|-sideend|p1: Cheese_contest|Stealth Rock|[from] move: Rapid Spin|[of] p1a: Great Tusk
|
|-weather|Sandstorm|[upkeep]
|-damage|p2a: Hydrapple|58/100|[from] Sandstorm
|upkeep
|turn|13
|
|t:|1769370857
|switch|p2a: Zamazenta|Zamazenta|96/100
|-damage|p2a: Zamazenta|89/100|[from] Stealth Rock
|move|p1a: Great Tusk|Ice Spinner|p2a: Zamazenta
|-damage|p2a: Zamazenta|71/100
|
|-weather|Sandstorm|[upkeep]
|-damage|p2a: Zamazenta|65/100|[from] Sandstorm
|-heal|p2a: Zamazenta|71/100|[from] item: Leftovers
|upkeep
|turn|14
|
|t:|1769370859
|-end|p1a: Great Tusk|Protosynthesis|[silent]
|switch|p1a: Pelipper|Pelipper, F|94/100
|-weather|RainDance|[from] ability: Drizzle|[of] p1a: Pelipper
|move|p2a: Zamazenta|Iron Defense|p2a: Zamazenta
|-boost|p2a: Zamazenta|def|2
|
|-weather|RainDance|[upkeep]
|-heal|p2a: Zamazenta|77/100|[from] item: Leftovers
|upkeep
|turn|15
|
|t:|1769370862
|switch|p2a: Tyranitar|Tyranitar, F|78/100
|-damage|p2a: Tyranitar|66/100|[from] Stealth Rock
|-weather|Sandstorm|[from] ability: Sand Stream|[of] p2a: Tyranitar
|move|p1a: Pelipper|U-turn|p2a: Tyranitar
|-supereffective|p2a: Tyranitar
|-damage|p2a: Tyranitar|53/100
|
|t:|1769370864
|switch|p1a: Ogerpon|Ogerpon-Wellspring, F|75/100|[from] U-turn
|
|-weather|Sandstorm|[upkeep]
|-damage|p1a: Ogerpon|69/100|[from] Sandstorm
|upkeep
|turn|16
|
|t:|1769370867
|switch|p2a: Hydrapple|Hydrapple, M|91/100
|move|p1a: Ogerpon|Swords Dance|p1a: Ogerpon
|-boost|p1a: Ogerpon|atk|2
|
|-weather|Sandstorm|[upkeep]
|-damage|p1a: Ogerpon|63/100|[from] Sandstorm
|-damage|p2a: Hydrapple|85/100|[from] Sandstorm
|upkeep
|turn|17
|
|t:|1769370869
|move|p1a: Ogerpon|Play Rough|p2a: Hydrapple|[miss]
|-miss|p1a: Ogerpon|p2a: Hydrapple
|move|p2a: Hydrapple|Giga Drain|p1a: Ogerpon
|-damage|p1a: Ogerpon|25/100
|-heal|p2a: Hydrapple|99/100|[from] drain|[of] p1a: Ogerpon
|
|-weather|Sandstorm|[upkeep]
|-damage|p1a: Ogerpon|19/100|[from] Sandstorm
|-damage|p2a: Hydrapple|93/100|[from] Sandstorm
|upkeep
|turn|18
|
|t:|1769370871
|move|p1a: Ogerpon|Play Rough|p2a: Hydrapple
|-supereffective|p2a: Hydrapple
|-damage|p2a: Hydrapple|8/100
|move|p2a: Hydrapple|Giga Drain|p1a: Ogerpon
|-damage|p1a: Ogerpon|0 fnt
|-heal|p2a: Hydrapple|15/100|[from] drain|[of] p1a: Ogerpon
|faint|p1a: Ogerpon
|
|-weather|Sandstorm|[upkeep]
|-damage|p2a: Hydrapple|9/100|[from] Sandstorm
|upkeep
|
|t:|1769370875
|switch|p1a: Kingdra|Kingdra, F|100/100
|turn|19
|
|t:|1769370877
|switch|p2a: Slowking|Slowking-Galar, M|100/100
|-damage|p2a: Slowking|88/100|[from] Stealth Rock
|move|p1a: Kingdra|Weather Ball|p2a: Slowking
|-damage|p2a: Slowking|68/100
|-damage|p1a: Kingdra|91/100|[from] item: Life Orb
|
|-weather|Sandstorm|[upkeep]
|-damage|p1a: Kingdra|84/100|[from] Sandstorm
|-damage|p2a: Slowking|62/100|[from] Sandstorm
|upkeep
|turn|20
|
|t:|1769370881
|move|p1a: Kingdra|Flip Turn|p2a: Slowking
|-damage|p2a: Slowking|44/100
|-damage|p1a: Kingdra|74/100|[from] item: Life Orb
|
|t:|1769370883
|switch|p1a: Pelipper|Pelipper, F|94/100|[from] Flip Turn
|-weather|RainDance|[from] ability: Drizzle|[of] p1a: Pelipper
|move|p2a: Slowking|Sludge Bomb|p1a: Pelipper
|-damage|p1a: Pelipper|50/100
|-status|p1a: Pelipper|psn
|
|-weather|RainDance|[upkeep]
|-damage|p1a: Pelipper|37/100 psn|[from] psn
|upkeep
|turn|21
|
|t:|1769370887
|move|p1a: Pelipper|U-turn|p2a: Slowking
|-damage|p2a: Slowking|38/100
|
|t:|1769370889
|switch|p1a: Kingambit|Kingambit, F|40/100|[from] U-turn
|-activate|p1a: Kingambit|ability: Supreme Overlord
|-start|p1a: Kingambit|fallen1|[silent]
|move|p2a: Slowking|Sludge Bomb|p1a: Kingambit
|-immune|p1a: Kingambit
|
|-weather|RainDance|[upkeep]
|-heal|p1a: Kingambit|46/100|[from] item: Leftovers
|upkeep
|turn|22
|
|t:|1769370891
|switch|p2a: Zamazenta|Zamazenta|77/100
|-damage|p2a: Zamazenta|71/100|[from] Stealth Rock
|move|p1a: Kingambit|Kowtow Cleave|p2a: Zamazenta
|-resisted|p2a: Zamazenta
|-damage|p2a: Zamazenta|51/100
|
|-weather|RainDance|[upkeep]
|-heal|p2a: Zamazenta|57/100|[from] item: Leftovers
|-heal|p1a: Kingambit|52/100|[from] item: Leftovers
|upkeep
|turn|23
|
|t:|1769370894
|-end|p1a: Kingambit|fallen1|[silent]
|switch|p1a: Thundurus|Thundurus-Therian, M|36/100
|move|p2a: Zamazenta|Body Press|p1a: Thundurus
|-resisted|p1a: Thundurus
|-damage|p1a: Thundurus|9/100
|
|-weather|RainDance|[upkeep]
|-heal|p2a: Zamazenta|63/100|[from] item: Leftovers
|upkeep
|turn|24
|
|t:|1769370897
|move|p1a: Thundurus|Thunder|p2a: Zamazenta
|-damage|p2a: Zamazenta|10/100
|-status|p2a: Zamazenta|par
|move|p2a: Zamazenta|Body Press|p1a: Thundurus
|-resisted|p1a: Thundurus
|-damage|p1a: Thundurus|0 fnt
|faint|p1a: Thundurus
|
|-weather|RainDance|[upkeep]
|-heal|p2a: Zamazenta|16/100 par|[from] item: Leftovers
|upkeep
|
|t:|1769370899
|switch|p1a: Kingdra|Kingdra, F|74/100
|turn|25
|
|t:|1769370903
|move|p1a: Kingdra|Hurricane|p2a: Zamazenta
|-supereffective|p2a: Zamazenta
|-damage|p2a: Zamazenta|0 fnt
|faint|p2a: Zamazenta
|-damage|p1a: Kingdra|64/100|[from] item: Life Orb
|
|-weather|RainDance|[upkeep]
|upkeep
|
|t:|1769370904
|switch|p2a: Hydrapple|Hydrapple, M|42/100
|turn|26
|
|t:|1769370907
|switch|p2a: Slowking|Slowking-Galar, M|71/100
|-damage|p2a: Slowking|59/100|[from] Stealth Rock
|move|p1a: Kingdra|Hurricane|p2a: Slowking
|-damage|p2a: Slowking|37/100
|-damage|p1a: Kingdra|54/100|[from] item: Life Orb
|
|-weather|RainDance|[upkeep]
|upkeep
|turn|27
|
|t:|1769370909
|switch|p2a: Hydrapple|Hydrapple, M|76/100
|move|p1a: Kingdra|Weather Ball|p2a: Hydrapple
|-resisted|p2a: Hydrapple
|-damage|p2a: Hydrapple|52/100
|-damage|p1a: Kingdra|44/100|[from] item: Life Orb
|
|-weather|none
|upkeep
|turn|28
|
|t:|1769370910
|switch|p2a: Slowking|Slowking-Galar, M|70/100
|-damage|p2a: Slowking|57/100|[from] Stealth Rock
|move|p1a: Kingdra|Hurricane|p2a: Slowking
|-damage|p2a: Slowking|33/100
|-damage|p1a: Kingdra|35/100|[from] item: Life Orb
|
|upkeep
|turn|29
|
|t:|1769370912
|switch|p2a: Excadrill|Excadrill, F|100/100
|-damage|p2a: Excadrill|97/100|[from] Stealth Rock
|-item|p2a: Excadrill|Air Balloon
|move|p1a: Kingdra|Draco Meteor|p2a: Excadrill
|-resisted|p2a: Excadrill
|-damage|p2a: Excadrill|47/100
|-unboost|p1a: Kingdra|spa|2
|-enditem|p2a: Excadrill|Air Balloon
|-damage|p1a: Kingdra|25/100|[from] item: Life Orb
|
|upkeep
|turn|30
|j| SpiderKing3261
|
|t:|1769370914
|switch|p1a: Pelipper|Pelipper, F|37/100 psn
|-weather|RainDance|[from] ability: Drizzle|[of] p1a: Pelipper
|move|p2a: Excadrill|Earthquake|p1a: Pelipper
|-immune|p1a: Pelipper
|
|-weather|RainDance|[upkeep]
|-damage|p1a: Pelipper|25/100 psn|[from] psn
|upkeep
|turn|31
|
|t:|1769370919
|switch|p1a: Great Tusk|Great Tusk|100/100
|move|p2a: Excadrill|Rapid Spin|p1a: Great Tusk
|-damage|p1a: Great Tusk|90/100
|-boost|p2a: Excadrill|spe|1
|-sideend|p2: CambridgeFoulPlay|Stealth Rock|[from] move: Rapid Spin|[of] p2a: Excadrill
|
|-weather|RainDance|[upkeep]
|upkeep
|turn|32
|
|t:|1769370921
|move|p2a: Excadrill|Earthquake|p1a: Great Tusk
|-damage|p1a: Great Tusk|58/100
|move|p1a: Great Tusk|Stealth Rock|p2a: Excadrill
|-sidestart|p2: CambridgeFoulPlay|move: Stealth Rock
|
|-weather|RainDance|[upkeep]
|upkeep
|turn|33
|
|t:|1769370923
|switch|p2a: Hydrapple|Hydrapple, M|85/100
|move|p1a: Great Tusk|Headlong Rush|p2a: Hydrapple
|-resisted|p2a: Hydrapple
|-crit|p2a: Hydrapple
|-damage|p2a: Hydrapple|63/100
|-unboost|p1a: Great Tusk|def|1
|-unboost|p1a: Great Tusk|spd|1
|
|-weather|RainDance|[upkeep]
|upkeep
|turn|34
|
|t:|1769370925
|move|p1a: Great Tusk|Ice Spinner|p2a: Hydrapple
|-supereffective|p2a: Hydrapple
|-damage|p2a: Hydrapple|6/100
|move|p2a: Hydrapple|Giga Drain|p1a: Great Tusk
|-supereffective|p1a: Great Tusk
|-damage|p1a: Great Tusk|0 fnt
|-heal|p2a: Hydrapple|37/100|[from] drain|[of] p1a: Great Tusk
|faint|p1a: Great Tusk
|-end|p1a: Great Tusk|Protosynthesis|[silent]
|
|-weather|RainDance|[upkeep]
|upkeep
|
|t:|1769370927
|switch|p1a: Kingdra|Kingdra, F|25/100
|turn|35
|
|t:|1769370928
|switch|p2a: Tyranitar|Tyranitar, F|53/100
|-damage|p2a: Tyranitar|40/100|[from] Stealth Rock
|-weather|Sandstorm|[from] ability: Sand Stream|[of] p2a: Tyranitar
|move|p1a: Kingdra|Draco Meteor|p2a: Tyranitar
|-damage|p2a: Tyranitar|7/100
|-unboost|p1a: Kingdra|spa|2
|-damage|p1a: Kingdra|15/100|[from] item: Life Orb
|
|-weather|Sandstorm|[upkeep]
|-damage|p1a: Kingdra|8/100|[from] Sandstorm
|upkeep
|turn|36
|l| SpiderKing3261
|
|t:|1769370930
|move|p1a: Kingdra|Flip Turn|p2a: Tyranitar
|-supereffective|p2a: Tyranitar
|-damage|p2a: Tyranitar|0 fnt
|faint|p2a: Tyranitar
|-damage|p1a: Kingdra|0 fnt|[from] item: Life Orb
|faint|p1a: Kingdra
|
|-weather|Sandstorm|[upkeep]
|upkeep
|
|t:|1769370931
|switch|p1a: Kingambit|Kingambit, F|52/100
|switch|p2a: Hydrapple|Hydrapple, M|70/100
|-activate|p1a: Kingambit|ability: Supreme Overlord
|-start|p1a: Kingambit|fallen4|[silent]
|turn|37
|
|t:|1769370934
|switch|p2a: Moltres|Moltres|100/100
|move|p1a: Kingambit|Kowtow Cleave|p2a: Moltres
|-damage|p2a: Moltres|54/100
|-status|p1a: Kingambit|brn|[from] ability: Flame Body|[of] p2a: Moltres
|
|-weather|Sandstorm|[upkeep]
|-damage|p2a: Moltres|47/100|[from] Sandstorm
|-heal|p1a: Kingambit|58/100 brn|[from] item: Leftovers
|-damage|p1a: Kingambit|52/100 brn|[from] brn
|upkeep
|turn|38
|
|t:|1769370937
|move|p2a: Moltres|Flamethrower|p1a: Kingambit
|-supereffective|p1a: Kingambit
|-damage|p1a: Kingambit|0 fnt
|faint|p1a: Kingambit
|-end|p1a: Kingambit|fallen4|[silent]
|
|-weather|Sandstorm|[upkeep]
|-damage|p2a: Moltres|41/100|[from] Sandstorm
|upkeep
|
|t:|1769370938
|switch|p1a: Pelipper|Pelipper, F|25/100 psn
|-weather|RainDance|[from] ability: Drizzle|[of] p1a: Pelipper
|turn|39
|
|t:|1769370941
|move|p2a: Moltres|U-turn|p1a: Pelipper
|-resisted|p1a: Pelipper
|-damage|p1a: Pelipper|19/100 psn
|
|t:|1769370943
|switch|p2a: Slowking|Slowking-Galar, M|66/100|[from] U-turn
|-damage|p2a: Slowking|54/100|[from] Stealth Rock
|move|p1a: Pelipper|Weather Ball|p2a: Slowking
|-damage|p2a: Slowking|28/100
|
|-weather|RainDance|[upkeep]
|-damage|p1a: Pelipper|7/100 psn|[from] psn
|upkeep
|turn|40
|-message|Cheese_contest forfeited.
|
|win|CambridgeFoulPlay
|raw|Cheese_contest's rating: 1627 &rarr; <strong>1613</strong><br />(-14 for losing)
|raw|CambridgeFoulPlay's rating: 1739 &rarr; <strong>1753</strong><br />(+14 for winning)
|l|☆Cheese_contest
|player|p1|
|c|☆CambridgeFoulPlay|gg
|l|☆CambridgeFoulPlay
|player|p2|
