|j|☆claclabar2
|j|☆Markizbi
|t:|1769432756
|gametype|singles
|player|p1|claclabar2|101|1284
|player|p2|Markizbi|hilbert|1269
|gen|9
|tier|[Gen 9] OU
|rated|
|rule|HP Percentage Mod: HP is shown in percentages
|rule|Endless Battle Clause: Forcing endless battles is banned
|rule|Species Clause: Limit one of each Pokémon
|rule|OHKO Clause: OHKO moves are banned
|rule|Evasion Items Clause: Evasion items are banned
|rule|Evasion Moves Clause: Evasion moves are banned
|rule|Evasion Abilities Clause: Evasion abilities are banned
|rule|Sleep Moves Clause: Sleep-inducing moves are banned
|clearpoke
|poke|p1|Torkoal, M|
|poke|p1|Raging Bolt|
|poke|p1|Walking Wake|
|poke|p1|Ursaluna, F|
|poke|p1|Haxorus, M|
|poke|p1|Porygon2|
|poke|p2|Hatterene, F|
|poke|p2|Torkoal, M|
|poke|p2|Zoroark-Hisui, F|
|poke|p2|Magnezone|
|poke|p2|Iron Valiant|
|poke|p2|Donphan, M|
|teampreview
|inactive|Battle timer is ON: inactive players will automatically lose when time's up. (requested by claclabar2)
|inactive|Markizbi has 120 seconds left.
|
|t:|1769432790
|teamsize|p1|6
|teamsize|p2|6
|start
|switch|p1a: 🦕🦕⚡⚡|Raging Bolt|100/100
|switch|p2a: Iron Valiant|Iron Valiant|100/100
|-enditem|p2a: Iron Valiant|Booster Energy
|-activate|p2a: Iron Valiant|ability: Quark Drive|[fromitem]
|-start|p2a: Iron Valiant|quarkdrivespe
|turn|1
|
|t:|1769432804
|-terastallize|p1a: 🦕🦕⚡⚡|Ice
|move|p2a: Iron Valiant|Moonblast|p1a: 🦕🦕⚡⚡
|-damage|p1a: 🦕🦕⚡⚡|71/100
|move|p1a: 🦕🦕⚡⚡|Calm Mind|p1a: 🦕🦕⚡⚡
|-boost|p1a: 🦕🦕⚡⚡|spa|1
|-boost|p1a: 🦕🦕⚡⚡|spd|1
|
|upkeep
|turn|2
|
|t:|1769432811
|move|p1a: 🦕🦕⚡⚡|Thunderclap|p2a: Iron Valiant
|-damage|p2a: Iron Valiant|0 fnt
|faint|p2a: Iron Valiant
|-end|p2a: Iron Valiant|Quark Drive|[silent]
|-damage|p1a: 🦕🦕⚡⚡|62/100|[from] item: Life Orb
|
|upkeep
|inactive|Markizbi has 120 seconds left.
|
|t:|1769432841
|switch|p2a: Magnezone|Magnezone|100/100
|turn|3
|
|t:|1769432846
|move|p1a: 🦕🦕⚡⚡|Thunderbolt|p2a: Magnezone
|-resisted|p2a: Magnezone
|-damage|p2a: Magnezone|42/100
|-damage|p1a: 🦕🦕⚡⚡|52/100|[from] item: Life Orb
|move|p2a: Magnezone|Flash Cannon|p1a: 🦕🦕⚡⚡
|-supereffective|p1a: 🦕🦕⚡⚡
|-damage|p1a: 🦕🦕⚡⚡|13/100
|
|upkeep
|turn|4
|
|t:|1769432857
|move|p1a: 🦕🦕⚡⚡|Tera Blast|p2a: Magnezone|[anim] Tera Blast Ice
|-resisted|p2a: Magnezone
|-damage|p2a: Magnezone|0 fnt
|faint|p2a: Magnezone
|-damage|p1a: 🦕🦕⚡⚡|3/100|[from] item: Life Orb
|
|upkeep
|
|t:|1769432861
|switch|p2a: Donphan|Donphan, M|100/100
|turn|5
|
|t:|1769432865
|move|p2a: Donphan|Will-O-Wisp|p1a: 🦕🦕⚡⚡
|-status|p1a: 🦕🦕⚡⚡|brn
|move|p1a: 🦕🦕⚡⚡|Tera Blast|p2a: Donphan|[anim] Tera Blast Ice
|-enditem|p2a: Donphan|Focus Sash
|-damage|p2a: Donphan|1/100
|replace|p2a: Zoroark|Zoroark-Hisui, F
|-end|p2a: Zoroark|Illusion
|-damage|p1a: 🦕🦕⚡⚡|0 fnt|[from] item: Life Orb
|faint|p1a: 🦕🦕⚡⚡
|-end|p1a: 🦕🦕⚡⚡|Protosynthesis|[silent]
|
|upkeep
|
|t:|1769432874
|switch|p1a: THE DUCK!! 🦆🦆|Porygon2|100/100
|-ability|p1a: THE DUCK!! 🦆🦆|Download|boost
|-boost|p1a: THE DUCK!! 🦆🦆|spa|1
|turn|6
|
|t:|1769432879
|move|p2a: Zoroark|U-turn|p1a: THE DUCK!! 🦆🦆
|-damage|p1a: THE DUCK!! 🦆🦆|91/100
|
|t:|1769432885
|switch|p2a: Donphan|Donphan, M|100/100|[from] U-turn
|move|p1a: THE DUCK!! 🦆🦆|Ice Beam|p2a: Donphan
|-supereffective|p2a: Donphan
|-damage|p2a: Donphan|28/100
|
|upkeep
|turn|7
|
|t:|1769432890
|move|p1a: THE DUCK!! 🦆🦆|Ice Beam|p2a: Donphan
|-supereffective|p2a: Donphan
|-damage|p2a: Donphan|0 fnt
|faint|p2a: Donphan
|
|upkeep
|
|t:|1769432892
|switch|p2a: Hatterene|Hatterene, F|100/100
|turn|8
|
|t:|1769432896
|move|p1a: THE DUCK!! 🦆🦆|Hyper Beam|p2a: Hatterene
|-damage|p2a: Hatterene|15/100
|-mustrecharge|p1a: THE DUCK!! 🦆🦆
|move|p2a: Hatterene|Trick Room|p2a: Hatterene
|-fieldstart|move: Trick Room|[of] p2a: Hatterene
|
|upkeep
|turn|9
|
|t:|1769432903
|move|p2a: Hatterene|Healing Wish|p2a: Hatterene
|faint|p2a: Hatterene
|cant|p1a: THE DUCK!! 🦆🦆|recharge
|
|upkeep
|
|t:|1769432908
|switch|p2a: Torkoal|Torkoal, M|100/100
|-weather|SunnyDay|[from] ability: Drought|[of] p2a: Torkoal
|turn|10
|
|t:|1769432913
|-terastallize|p2a: Torkoal|Fire
|move|p2a: Torkoal|Eruption|p1a: THE DUCK!! 🦆🦆
|-damage|p1a: THE DUCK!! 🦆🦆|0 fnt
|faint|p1a: THE DUCK!! 🦆🦆
|
|-weather|SunnyDay|[upkeep]
|upkeep
|
|t:|1769432921
|switch|p1a: Haxorus|Haxorus, M|100/100
|-ability|p1a: Haxorus|Mold Breaker
|turn|11
|
|t:|1769432922
|move|p2a: Torkoal|Eruption|p1a: Haxorus
|-resisted|p1a: Haxorus
|-damage|p1a: Haxorus|0 fnt
|faint|p1a: Haxorus
|
|-weather|SunnyDay|[upkeep]
|upkeep
|
|t:|1769432929
|switch|p1a: MOTHER BEAR 🐻🐻|Ursaluna, F|100/100
|turn|12
|
|t:|1769432931
|move|p2a: Torkoal|Eruption|p1a: MOTHER BEAR 🐻🐻
|-damage|p1a: MOTHER BEAR 🐻🐻|0 fnt
|faint|p1a: MOTHER BEAR 🐻🐻
|
|-weather|SunnyDay|[upkeep]
|-fieldend|move: Trick Room
|upkeep
|
|t:|1769432935
|switch|p1a: 🦖🦖🌊🌊|Walking Wake|100/100
|-activate|p1a: 🦖🦖🌊🌊|ability: Protosynthesis
|-start|p1a: 🦖🦖🌊🌊|protosynthesisspe
|turn|13
|
|t:|1769432939
|move|p1a: 🦖🦖🌊🌊|Hydro Steam|p2a: Torkoal
|-supereffective|p2a: Torkoal
|-damage|p2a: Torkoal|0 fnt
|faint|p2a: Torkoal
|
|-weather|SunnyDay|[upkeep]
|upkeep
|
|t:|1769432942
|switch|p2a: Zoroark|Zoroark-Hisui, F|1/100
|-heal|p2a: Zoroark|100/100|[from] move: Healing Wish
|turn|14
|
|t:|1769432948
|move|p1a: 🦖🦖🌊🌊|Hydro Steam|p2a: Zoroark
|-damage|p2a: Zoroark|0 fnt
|faint|p2a: Zoroark
|
|win|claclabar2
|raw|claclabar2's rating: 1284 &rarr; <strong>1308</strong><br />(+24 for winning)
|raw|Markizbi's rating: 1269 &rarr; <strong>1245</strong><br />(-24 for losing)
|l|☆Markizbi
|player|p2|
|l|☆claclabar2
|player|p1|
