|j|☆Dariokemontraining
|j|☆my password broke
|t:|1769331933
|gametype|singles
|player|p1|Dariokemontraining|265|1507
|player|p2|my password broke|clown|1471
|gen|9
|tier|[Gen 9] OU
|rated|
|rule|HP Percentage Mod: HP is shown in percentages
|rule|Endless Battle Clause: Forcing endless battles is banned
|rule|Species Clause: Limit one of each Pokémon
|rule|OHKO Clause: OHKO moves are banned
|rule|Evasion Items Clause: Evasion items are banned
|rule|Evasion Moves Clause: Evasion moves are banned
|rule|Evasion Abilities Clause: Evasion abilities are banned
|rule|Sleep Moves Clause: Sleep-inducing moves are banned
|clearpoke
|poke|p1|Dragapult, F|
|poke|p1|Dragonite, F|
|poke|p1|Latias, F|
|poke|p1|Raging Bolt|
|poke|p1|Kyurem|
|poke|p1|Haxorus, F|
|poke|p2|Iron Valiant|
|poke|p2|Excadrill, M|
|poke|p2|Tyranitar, M|
|poke|p2|Tornadus-Therian, M|
|poke|p2|Ogerpon-Cornerstone, F|
|poke|p2|Toxapex, M|
|teampreview
|inactive|Battle timer is ON: inactive players will automatically lose when time's up. (requested by my password broke)
|
|t:|1769331951
|teamsize|p1|6
|teamsize|p2|6
|start
|switch|p1a: Nightmare|Haxorus, F, shiny|100/100
|switch|p2a: Ogerpon|Ogerpon-Cornerstone, F|100/100
|-ability|p1a: Nightmare|Mold Breaker
|turn|1
|
|t:|1769331961
|move|p1a: Nightmare|First Impression|p2a: Ogerpon
|-supereffective|p2a: Ogerpon
|-damage|p2a: Ogerpon|0 fnt
|faint|p2a: Ogerpon
|
|upkeep
|
|t:|1769331983
|switch|p2a: Iron Valiant|Iron Valiant, shiny|100/100
|turn|2
|
|t:|1769331988
|move|p2a: Iron Valiant|Moonblast|p1a: Nightmare
|-supereffective|p1a: Nightmare
|-enditem|p1a: Nightmare|Focus Sash
|-damage|p1a: Nightmare|1/100
|-unboost|p1a: Nightmare|spa|1
|move|p1a: Nightmare|Dragon Dance|p1a: Nightmare
|-boost|p1a: Nightmare|atk|1
|-boost|p1a: Nightmare|spe|1
|
|upkeep
|turn|3
|
|t:|1769332001
|-end|p2a: Iron Valiant|Quark Drive|[silent]
|switch|p2a: Tyranitar|Tyranitar, M, shiny|100/100
|-weather|Sandstorm|[from] ability: Sand Stream|[of] p2a: Tyranitar
|move|p1a: Nightmare|Iron Head|p2a: Tyranitar
|-supereffective|p2a: Tyranitar
|-damage|p2a: Tyranitar|7/100
|
|-weather|Sandstorm|[upkeep]
|-damage|p1a: Nightmare|0 fnt|[from] Sandstorm
|faint|p1a: Nightmare
|upkeep
|
|t:|1769332029
|switch|p1a: Thriller|Dragapult, F|100/100
|turn|4
|
|t:|1769332038
|switch|p2a: Toxapex|Toxapex, M, shiny|100/100
|move|p1a: Thriller|Reflect|p1a: Thriller
|-sidestart|p1: Dariokemontraining|Reflect
|
|-weather|Sandstorm|[upkeep]
|-damage|p1a: Thriller|95/100|[from] Sandstorm
|-damage|p2a: Toxapex|95/100|[from] Sandstorm
|upkeep
|turn|5
|
|t:|1769332046
|move|p1a: Thriller|Light Screen|p1a: Thriller
|-sidestart|p1: Dariokemontraining|move: Light Screen
|move|p2a: Toxapex|Toxic Spikes|p1a: Thriller
|-sidestart|p1: Dariokemontraining|move: Toxic Spikes
|
|-weather|Sandstorm|[upkeep]
|-damage|p1a: Thriller|89/100|[from] Sandstorm
|-damage|p2a: Toxapex|89/100|[from] Sandstorm
|upkeep
|turn|6
|
|t:|1769332053
|move|p1a: Thriller|Will-O-Wisp|p2a: Toxapex
|-status|p2a: Toxapex|brn
|move|p2a: Toxapex|Toxic Spikes|p1a: Thriller
|-sidestart|p1: Dariokemontraining|move: Toxic Spikes
|
|-weather|Sandstorm|[upkeep]
|-damage|p1a: Thriller|83/100|[from] Sandstorm
|-damage|p2a: Toxapex|83/100 brn|[from] Sandstorm
|-damage|p2a: Toxapex|77/100 brn|[from] brn
|upkeep
|turn|7
|
|t:|1769332064
|move|p1a: Thriller|Hex|p2a: Toxapex
|-damage|p2a: Toxapex|36/100 brn
|-enditem|p2a: Toxapex|Eject Button
|
|t:|1769332075
|switch|p2a: Tornadus|Tornadus-Therian, M, shiny|100/100
|
|-weather|Sandstorm|[upkeep]
|-damage|p1a: Thriller|77/100|[from] Sandstorm
|-damage|p2a: Tornadus|94/100|[from] Sandstorm
|upkeep
|turn|8
|
|t:|1769332088
|move|p1a: Thriller|Will-O-Wisp|p2a: Tornadus
|-status|p2a: Tornadus|brn
|move|p2a: Tornadus|Bleakwind Storm|p1a: Thriller
|-damage|p1a: Thriller|29/100
|
|-weather|Sandstorm|[upkeep]
|-damage|p1a: Thriller|23/100|[from] Sandstorm
|-damage|p2a: Tornadus|88/100 brn|[from] Sandstorm
|-damage|p2a: Tornadus|82/100 brn|[from] brn
|upkeep
|turn|9
|
|t:|1769332104
|switch|p2a: Toxapex|Toxapex, M, shiny|69/100 brn
|move|p1a: Thriller|Hex|p2a: Toxapex
|-damage|p2a: Toxapex|29/100 brn
|
|-weather|Sandstorm|[upkeep]
|-damage|p1a: Thriller|17/100|[from] Sandstorm
|-damage|p2a: Toxapex|23/100 brn|[from] Sandstorm
|-damage|p2a: Toxapex|17/100 brn|[from] brn
|upkeep
|turn|10
|
|t:|1769332119
|move|p1a: Thriller|Hex|p2a: Toxapex
|-damage|p2a: Toxapex|0 fnt
|faint|p2a: Toxapex
|
|-weather|none
|upkeep
|
|t:|1769332124
|switch|p2a: Tyranitar|Tyranitar, M, shiny|7/100
|-weather|Sandstorm|[from] ability: Sand Stream|[of] p2a: Tyranitar
|turn|11
|
|t:|1769332129
|move|p1a: Thriller|Hex|p2a: Tyranitar
|-resisted|p2a: Tyranitar
|-damage|p2a: Tyranitar|0 fnt
|faint|p2a: Tyranitar
|
|-weather|Sandstorm|[upkeep]
|-damage|p1a: Thriller|11/100|[from] Sandstorm
|-sideend|p1: Dariokemontraining|Reflect
|upkeep
|
|t:|1769332136
|switch|p2a: Excadrill|Excadrill, M, shiny|100/100
|turn|12
|
|t:|1769332140
|move|p2a: Excadrill|Earthquake|p1a: Thriller
|-damage|p1a: Thriller|0 fnt
|faint|p1a: Thriller
|
|-weather|Sandstorm|[upkeep]
|-sideend|p1: Dariokemontraining|move: Light Screen
|upkeep
|
|t:|1769332147
|switch|p1a: Wingderp|Dragonite, F|100/100
|turn|13
|
|t:|1769332152
|move|p2a: Excadrill|Rock Slide|p1a: Wingderp
|-supereffective|p1a: Wingderp
|-damage|p1a: Wingderp|67/100
|-enditem|p1a: Wingderp|Weakness Policy
|-boost|p1a: Wingderp|atk|2|[from] item: Weakness Policy
|-boost|p1a: Wingderp|spa|2|[from] item: Weakness Policy
|move|p1a: Wingderp|Fire Punch|p2a: Excadrill
|-supereffective|p2a: Excadrill
|-damage|p2a: Excadrill|0 fnt
|faint|p2a: Excadrill
|
|-weather|Sandstorm|[upkeep]
|-damage|p1a: Wingderp|61/100|[from] Sandstorm
|upkeep
|j| nitroLazer120
|
|t:|1769332162
|switch|p2a: Iron Valiant|Iron Valiant, shiny|100/100
|turn|14
|
|t:|1769332167
|-terastallize|p2a: Iron Valiant|Ghost
|move|p1a: Wingderp|Extreme Speed|p2a: Iron Valiant
|-immune|p2a: Iron Valiant
|move|p2a: Iron Valiant|Moonblast|p1a: Wingderp
|-supereffective|p1a: Wingderp
|-damage|p1a: Wingderp|0 fnt
|faint|p1a: Wingderp
|
|-weather|Sandstorm|[upkeep]
|-damage|p2a: Iron Valiant|94/100|[from] Sandstorm
|upkeep
|
|t:|1769332180
|switch|p1a: Zzapcloud|Raging Bolt|100/100
|-status|p1a: Zzapcloud|tox
|-enditem|p1a: Zzapcloud|Booster Energy
|-activate|p1a: Zzapcloud|ability: Protosynthesis|[fromitem]
|-start|p1a: Zzapcloud|protosynthesisspa
|turn|15
|
|t:|1769332188
|move|p2a: Iron Valiant|Moonblast|p1a: Zzapcloud
|-supereffective|p1a: Zzapcloud
|-damage|p1a: Zzapcloud|0 fnt
|faint|p1a: Zzapcloud
|-end|p1a: Zzapcloud|Protosynthesis|[silent]
|
|-weather|Sandstorm|[upkeep]
|-damage|p2a: Iron Valiant|88/100|[from] Sandstorm
|upkeep
|
|t:|1769332196
|switch|p1a: Freeza|Kyurem|100/100
|-status|p1a: Freeza|tox
|-ability|p1a: Freeza|Pressure
|turn|16
|
|t:|1769332203
|-terastallize|p1a: Freeza|Steel
|move|p2a: Iron Valiant|Moonblast|p1a: Freeza
|-resisted|p1a: Freeza
|-damage|p1a: Freeza|67/100 tox
|move|p1a: Freeza|Scale Shot|p2a: Iron Valiant
|-damage|p2a: Iron Valiant|68/100
|-damage|p2a: Iron Valiant|50/100
|-damage|p2a: Iron Valiant|31/100
|-damage|p2a: Iron Valiant|12/100
|-hitcount|p2a: Iron Valiant|4
|-unboost|p1a: Freeza|def|1
|-boost|p1a: Freeza|spe|1
|
|-weather|Sandstorm|[upkeep]
|-damage|p2a: Iron Valiant|5/100|[from] Sandstorm
|-damage|p1a: Freeza|61/100 tox|[from] psn
|upkeep
|turn|17
|
|t:|1769332221
|move|p1a: Freeza|Icicle Spear|p2a: Iron Valiant
|-damage|p2a: Iron Valiant|0 fnt
|faint|p2a: Iron Valiant
|-end|p2a: Iron Valiant|Quark Drive|[silent]
|-hitcount|p2: Iron Valiant|1
|
|-weather|Sandstorm|[upkeep]
|-damage|p1a: Freeza|48/100 tox|[from] psn
|upkeep
|
|t:|1769332223
|switch|p2a: Tornadus|Tornadus-Therian, M, shiny|100/100 brn
|turn|18
|
|t:|1769332231
|move|p1a: Freeza|Icicle Spear|p2a: Tornadus
|-supereffective|p2a: Tornadus
|-damage|p2a: Tornadus|58/100 brn
|-supereffective|p2a: Tornadus
|-damage|p2a: Tornadus|18/100 brn
|-supereffective|p2a: Tornadus
|-damage|p2a: Tornadus|0 fnt
|faint|p2a: Tornadus
|-hitcount|p2: Tornadus|3
|
|win|Dariokemontraining
|raw|Dariokemontraining's rating: 1507 &rarr; <strong>1525</strong><br />(+18 for winning)
|raw|my password broke's rating: 1471 &rarr; <strong>1453</strong><br />(-18 for losing)
|c|☆Dariokemontraining|Gg
|l|☆Dariokemontraining
|player|p1|
|l| nitroLazer120
