|j|☆raviolikid
|j|☆Moreiny
|t:|1769314671
|gametype|singles
|player|p1|raviolikid|zinnia|1683
|player|p2|Moreiny|265|1625
|gen|9
|tier|[Gen 9] OU
|rated|
|rule|HP Percentage Mod: HP is shown in percentages
|rule|Endless Battle Clause: Forcing endless battles is banned
|rule|Species Clause: Limit one of each Pokémon
|rule|OHKO Clause: OHKO moves are banned
|rule|Evasion Items Clause: Evasion items are banned
|rule|Evasion Moves Clause: Evasion moves are banned
|rule|Evasion Abilities Clause: Evasion abilities are banned
|rule|Sleep Moves Clause: Sleep-inducing moves are banned
|clearpoke
|poke|p1|Pecharunt|
|poke|p1|Kingambit, F|
|poke|p1|Volcanion|
|poke|p1|Iron Valiant|
|poke|p1|Landorus-Therian, M|
|poke|p1|Deoxys-Speed|
|poke|p2|Indeedee, M|
|poke|p2|Great Tusk|
|poke|p2|Polteageist|
|poke|p2|Hawlucha, F|
|poke|p2|Iron Crown|
|poke|p2|Iron Moth|
|teampreview
|inactive|Battle timer is ON: inactive players will automatically lose when time's up. (requested by raviolikid)
|
|t:|1769314683
|teamsize|p1|6
|teamsize|p2|6
|start
|switch|p1a: Deoxys|Deoxys-Speed|100/100
|switch|p2a: Iron Crown|Iron Crown|100/100
|-ability|p1a: Deoxys|Pressure
|turn|1
|
|t:|1769314698
|move|p1a: Deoxys|Spikes|p2a: Iron Crown
|-sidestart|p2: Moreiny|Spikes
|move|p2a: Iron Crown|Tachyon Cutter|p1a: Deoxys
|-crit|p1a: Deoxys
|-damage|p1a: Deoxys|6/100
|-damage|p1a: Deoxys|0 fnt
|faint|p1a: Deoxys
|-hitcount|p1: Deoxys|2
|
|upkeep
|
|t:|1769314706
|switch|p1a: Volcanion|Volcanion|100/100
|turn|2
|
|t:|1769314718
|-end|p2a: Iron Crown|Quark Drive|[silent]
|switch|p2a: Indeedee|Indeedee, M|100/100
|-damage|p2a: Indeedee|88/100|[from] Spikes
|-fieldstart|move: Psychic Terrain|[from] ability: Psychic Surge|[of] p2a: Indeedee
|move|p1a: Volcanion|Steam Eruption|p2a: Indeedee
|-damage|p2a: Indeedee|12/100
|
|upkeep
|turn|3
|
|t:|1769314723
|switch|p1a: Kingambit|Kingambit, F|100/100
|-activate|p1a: Kingambit|ability: Supreme Overlord
|-start|p1a: Kingambit|fallen1|[silent]
|move|p2a: Indeedee|Expanding Force|p1a: Kingambit
|-immune|p1a: Kingambit
|
|upkeep
|turn|4
|
|t:|1769314732
|switch|p2a: Great Tusk|Great Tusk|100/100
|-damage|p2a: Great Tusk|88/100|[from] Spikes
|-end|p1a: Kingambit|fallen1|[silent]
|switch|p1a: Landorus|Landorus-Therian, M|100/100
|-ability|p1a: Landorus|Intimidate|boost
|-unboost|p2a: Great Tusk|atk|1
|
|upkeep
|turn|5
|
|t:|1769314737
|switch|p1a: Pecharunt|Pecharunt|100/100
|move|p2a: Great Tusk|Knock Off|p1a: Pecharunt
|-supereffective|p1a: Pecharunt
|-damage|p1a: Pecharunt|75/100
|-enditem|p1a: Pecharunt|Heavy-Duty Boots|[from] move: Knock Off|[of] p2a: Great Tusk
|
|upkeep
|turn|6
|
|t:|1769314743
|move|p1a: Pecharunt|Shadow Ball|p2a: Great Tusk
|-damage|p2a: Great Tusk|50/100
|-unboost|p2a: Great Tusk|spd|1
|move|p2a: Great Tusk|Stealth Rock|p1a: Pecharunt
|-sidestart|p1: raviolikid|move: Stealth Rock
|
|upkeep
|turn|7
|
|t:|1769314751
|-end|p2a: Great Tusk|Protosynthesis|[silent]
|switch|p2a: Iron Moth|Iron Moth|100/100
|-damage|p2a: Iron Moth|88/100|[from] Spikes
|-enditem|p2a: Iron Moth|Booster Energy
|-activate|p2a: Iron Moth|ability: Quark Drive|[fromitem]
|-start|p2a: Iron Moth|quarkdrivespa
|move|p1a: Pecharunt|Shadow Ball|p2a: Iron Moth
|-damage|p2a: Iron Moth|58/100
|-unboost|p2a: Iron Moth|spd|1
|
|upkeep
|turn|8
|
|t:|1769314757
|switch|p1a: Volcanion|Volcanion|100/100
|-damage|p1a: Volcanion|76/100|[from] Stealth Rock
|move|p2a: Iron Moth|Fiery Dance|p1a: Volcanion
|-resisted|p1a: Volcanion
|-damage|p1a: Volcanion|61/100
|-boost|p2a: Iron Moth|spa|1
|
|-heal|p1a: Volcanion|67/100|[from] item: Leftovers
|upkeep
|turn|9
|
|t:|1769314765
|move|p2a: Iron Moth|Sludge Wave|p1a: Volcanion
|-damage|p1a: Volcanion|0 fnt
|faint|p1a: Volcanion
|
|-fieldend|move: Psychic Terrain
|upkeep
|
|t:|1769314784
|switch|p1a: Landorus|Landorus-Therian, M|100/100
|-damage|p1a: Landorus|88/100|[from] Stealth Rock
|-ability|p1a: Landorus|Intimidate|boost
|-unboost|p2a: Iron Moth|atk|1
|turn|10
|
|t:|1769314791
|-terastallize|p1a: Landorus|Water
|move|p2a: Iron Moth|Energy Ball|p1a: Landorus
|-supereffective|p1a: Landorus
|-damage|p1a: Landorus|0 fnt
|faint|p1a: Landorus
|
|upkeep
|
|t:|1769314797
|switch|p1a: Kingambit|Kingambit, F|100/100
|-damage|p1a: Kingambit|94/100|[from] Stealth Rock
|-activate|p1a: Kingambit|ability: Supreme Overlord
|-start|p1a: Kingambit|fallen3|[silent]
|turn|11
|
|t:|1769314800
|move|p1a: Kingambit|Sucker Punch||[still]
|-fail|p1a: Kingambit
|move|p2a: Iron Moth|Agility|p2a: Iron Moth
|-boost|p2a: Iron Moth|spe|2
|
|-heal|p1a: Kingambit|100/100|[from] item: Leftovers
|upkeep
|turn|12
|
|t:|1769314808
|-end|p2a: Iron Moth|Quark Drive|[silent]
|switch|p2a: Great Tusk|Great Tusk|50/100
|-damage|p2a: Great Tusk|38/100|[from] Spikes
|move|p1a: Kingambit|Sucker Punch||[still]
|-fail|p1a: Kingambit
|
|upkeep
|turn|13
|
|t:|1769314813
|move|p2a: Great Tusk|Earthquake|p1a: Kingambit
|-supereffective|p1a: Kingambit
|-crit|p1a: Kingambit
|-damage|p1a: Kingambit|0 fnt
|faint|p1a: Kingambit
|-end|p1a: Kingambit|fallen3|[silent]
|
|upkeep
|
|t:|1769314821
|switch|p1a: Iron Valiant|Iron Valiant|100/100
|-damage|p1a: Iron Valiant|94/100|[from] Stealth Rock
|-enditem|p1a: Iron Valiant|Booster Energy
|-activate|p1a: Iron Valiant|ability: Quark Drive|[fromitem]
|-start|p1a: Iron Valiant|quarkdrivespe
|turn|14
|
|t:|1769314828
|-end|p2a: Great Tusk|Protosynthesis|[silent]
|switch|p2a: Iron Moth|Iron Moth|58/100
|-damage|p2a: Iron Moth|46/100|[from] Spikes
|move|p1a: Iron Valiant|Moonblast|p2a: Iron Moth
|-resisted|p2a: Iron Moth
|-damage|p2a: Iron Moth|35/100
|
|upkeep
|turn|15
|
|t:|1769314838
|move|p1a: Iron Valiant|Close Combat|p2a: Iron Moth
|-resisted|p2a: Iron Moth
|-damage|p2a: Iron Moth|0 fnt
|-unboost|p1a: Iron Valiant|def|1
|-unboost|p1a: Iron Valiant|spd|1
|faint|p2a: Iron Moth
|-end|p2a: Iron Moth|Quark Drive|[silent]
|
|upkeep
|
|t:|1769314844
|switch|p2a: Iron Crown|Iron Crown|100/100
|-damage|p2a: Iron Crown|88/100|[from] Spikes
|turn|16
|
|t:|1769314849
|move|p1a: Iron Valiant|Knock Off|p2a: Iron Crown
|-supereffective|p2a: Iron Crown
|-damage|p2a: Iron Crown|13/100
|-enditem|p2a: Iron Crown|Choice Specs|[from] move: Knock Off|[of] p1a: Iron Valiant
|move|p2a: Iron Crown|Tachyon Cutter|p1a: Iron Valiant
|-supereffective|p1a: Iron Valiant
|-damage|p1a: Iron Valiant|0 fnt
|faint|p1a: Iron Valiant
|-end|p1a: Iron Valiant|Quark Drive|[silent]
|-hitcount|p1: Iron Valiant|1
|
|upkeep
|
|t:|1769314851
|switch|p1a: Pecharunt|Pecharunt|75/100
|-damage|p1a: Pecharunt|63/100|[from] Stealth Rock
|turn|17
|
|t:|1769314855
|-terastallize|p2a: Iron Crown|Steel
|move|p2a: Iron Crown|Tachyon Cutter|p1a: Pecharunt
|-damage|p1a: Pecharunt|24/100
|-damage|p1a: Pecharunt|0 fnt
|faint|p1a: Pecharunt
|-hitcount|p1: Pecharunt|2
|
|win|Moreiny
|raw|raviolikid's rating: 1683 &rarr; <strong>1660</strong><br />(-23 for losing)
|raw|Moreiny's rating: 1625 &rarr; <strong>1648</strong><br />(+23 for winning)
