|j|☆HydraGoring
|j|☆volcoabuser
|t:|1769412925
|gametype|singles
|player|p1|HydraGoring|ghetsis-gen5bw|1227
|player|p2|volcoabuser|102|1191
|gen|9
|tier|[Gen 9] OU
|rated|
|rule|HP Percentage Mod: HP is shown in percentages
|rule|Endless Battle Clause: Forcing endless battles is banned
|rule|Species Clause: Limit one of each Pokémon
|rule|OHKO Clause: OHKO moves are banned
|rule|Evasion Items Clause: Evasion items are banned
|rule|Evasion Moves Clause: Evasion moves are banned
|rule|Evasion Abilities Clause: Evasion abilities are banned
|rule|Sleep Moves Clause: Sleep-inducing moves are banned
|clearpoke
|poke|p1|Ursaluna, M|
|poke|p1|Serperior, F|
|poke|p1|Heatran, M|
|poke|p1|Moltres-Galar|
|poke|p1|Garganacl, F|
|poke|p1|Kingambit, F|
|poke|p2|Kommo-o, M|
|poke|p2|Lokix, F|
|poke|p2|Latios, M|
|poke|p2|Ceruledge, M|
|poke|p2|Lycanroc-Dusk, M|
|poke|p2|Primarina, F|
|teampreview
|inactive|Battle timer is ON: inactive players will automatically lose when time's up. (requested by HydraGoring)
|
|t:|1769412938
|teamsize|p1|6
|teamsize|p2|6
|start
|switch|p1a: Bird of doom|Moltres-Galar|100/100
|switch|p2a: Latios|Latios, M|100/100
|turn|1
|
|t:|1769412957
|move|p2a: Latios|Thunderbolt|p1a: Bird of doom
|-supereffective|p1a: Bird of doom
|-damage|p1a: Bird of doom|13/100
|-ability|p1a: Bird of doom|Berserk|boost
|-boost|p1a: Bird of doom|spa|1
|move|p1a: Bird of doom|Fiery Wrath|p2a: Latios
|-supereffective|p2a: Latios
|-damage|p2a: Latios|0 fnt
|faint|p2a: Latios
|
|-heal|p1a: Bird of doom|19/100|[from] item: Leftovers
|upkeep
|
|t:|1769412972
|switch|p2a: Lycanroc|Lycanroc-Dusk, M|100/100
|turn|2
|
|t:|1769412977
|move|p1a: Bird of doom|Protect|p1a: Bird of doom
|-singleturn|p1a: Bird of doom|Protect
|move|p2a: Lycanroc|Accelerock|p1a: Bird of doom
|-activate|p1a: Bird of doom|move: Protect
|
|-heal|p1a: Bird of doom|25/100|[from] item: Leftovers
|upkeep
|turn|3
|
|t:|1769412989
|switch|p1a: Guts|Ursaluna, M, shiny|100/100
|move|p2a: Lycanroc|Stealth Rock|p1a: Guts
|-sidestart|p1: HydraGoring|move: Stealth Rock
|
|-status|p1a: Guts|brn|[from] item: Flame Orb
|upkeep
|turn|4
|
|t:|1769412999
|move|p2a: Lycanroc|Close Combat|p1a: Guts
|-supereffective|p1a: Guts
|-damage|p1a: Guts|26/100 brn
|-unboost|p2a: Lycanroc|def|1
|-unboost|p2a: Lycanroc|spd|1
|move|p1a: Guts|Drain Punch|p2a: Lycanroc
|-supereffective|p2a: Lycanroc
|-enditem|p2a: Lycanroc|Focus Sash
|-damage|p2a: Lycanroc|1/100
|-heal|p1a: Guts|57/100 brn|[from] drain|[of] p2a: Lycanroc
|
|-damage|p1a: Guts|51/100 brn|[from] brn
|upkeep
|turn|5
|
|t:|1769413016
|move|p2a: Lycanroc|Close Combat|p1a: Guts
|-supereffective|p1a: Guts
|-damage|p1a: Guts|0 fnt
|-unboost|p2a: Lycanroc|def|1
|-unboost|p2a: Lycanroc|spd|1
|faint|p1a: Guts
|
|upkeep
|
|t:|1769413024
|switch|p1a: Your highness|Serperior, F, shiny|100/100
|-damage|p1a: Your highness|88/100|[from] Stealth Rock
|turn|6
|
|t:|1769413039
|switch|p2a: Primarina|Primarina, F|100/100
|move|p1a: Your highness|Leaf Storm|p2a: Primarina
|-supereffective|p2a: Primarina
|-damage|p2a: Primarina|15/100
|-boost|p1a: Your highness|spa|2
|
|-heal|p1a: Your highness|94/100|[from] item: Leftovers
|-heal|p2a: Primarina|22/100|[from] item: Leftovers
|upkeep
|turn|7
|
|t:|1769413052
|move|p1a: Your highness|Leaf Storm|p2a: Primarina
|-supereffective|p2a: Primarina
|-damage|p2a: Primarina|0 fnt
|-boost|p1a: Your highness|spa|2
|faint|p2a: Primarina
|
|-heal|p1a: Your highness|100/100|[from] item: Leftovers
|upkeep
|
|t:|1769413061
|switch|p2a: Ceruledge|Ceruledge, M|100/100
|turn|8
|
|t:|1769413072
|-terastallize|p1a: Your highness|Water
|move|p1a: Your highness|Glare|p2a: Ceruledge
|-status|p2a: Ceruledge|par
|move|p2a: Ceruledge|Bitter Blade|p1a: Your highness
|-resisted|p1a: Your highness
|-damage|p1a: Your highness|71/100
|
|-heal|p1a: Your highness|77/100|[from] item: Leftovers
|upkeep
|turn|9
|
|t:|1769413083
|move|p1a: Your highness|Leaf Storm|p2a: Ceruledge
|-resisted|p2a: Ceruledge
|-damage|p2a: Ceruledge|47/100 par
|-boost|p1a: Your highness|spa|2
|move|p2a: Ceruledge|Poltergeist|p1a: Your highness
|-activate|p1a: Your highness|move: Poltergeist|Leftovers
|-damage|p1a: Your highness|3/100
|
|-heal|p1a: Your highness|9/100|[from] item: Leftovers
|upkeep
|turn|10
|
|t:|1769413092
|cant|p2a: Ceruledge|par
|move|p1a: Your highness|Dragon Pulse|p2a: Ceruledge
|-damage|p2a: Ceruledge|0 fnt
|faint|p2a: Ceruledge
|
|-heal|p1a: Your highness|15/100|[from] item: Leftovers
|upkeep
|
|t:|1769413101
|switch|p2a: Lycanroc|Lycanroc-Dusk, M|1/100
|turn|11
|
|t:|1769413110
|move|p2a: Lycanroc|Accelerock|p1a: Your highness
|-damage|p1a: Your highness|0 fnt
|faint|p1a: Your highness
|
|upkeep
|
|t:|1769413119
|switch|p1a: S A L T Y|Garganacl, F, shiny|100/100
|-damage|p1a: S A L T Y|88/100|[from] Stealth Rock
|turn|12
|
|t:|1769413137
|move|p2a: Lycanroc|Close Combat|p1a: S A L T Y
|-supereffective|p1a: S A L T Y
|-damage|p1a: S A L T Y|36/100
|-unboost|p2a: Lycanroc|def|1
|-unboost|p2a: Lycanroc|spd|1
|move|p1a: S A L T Y|Salt Cure|p2a: Lycanroc
|-damage|p2a: Lycanroc|0 fnt
|faint|p2a: Lycanroc
|
|-heal|p1a: S A L T Y|42/100|[from] item: Leftovers
|upkeep
|
|t:|1769413148
|switch|p2a: Lokix|Lokix, F|100/100
|turn|13
|
|t:|1769413154
|move|p1a: S A L T Y|Protect|p1a: S A L T Y
|-singleturn|p1a: S A L T Y|Protect
|move|p2a: Lokix|First Impression|p1a: S A L T Y
|-activate|p1a: S A L T Y|move: Protect
|
|-heal|p1a: S A L T Y|49/100|[from] item: Leftovers
|upkeep
|turn|14
|
|t:|1769413170
|move|p2a: Lokix|Protect|p2a: Lokix
|-singleturn|p2a: Lokix|Protect
|move|p1a: S A L T Y|Recover|p1a: S A L T Y
|-heal|p1a: S A L T Y|99/100
|
|-heal|p1a: S A L T Y|100/100|[from] item: Leftovers
|upkeep
|turn|15
|
|t:|1769413184
|move|p2a: Lokix|U-turn|p1a: S A L T Y
|-crit|p1a: S A L T Y
|-damage|p1a: S A L T Y|68/100
|-damage|p2a: Lokix|91/100|[from] item: Life Orb
|
|t:|1769413188
|switch|p2a: Kommo-o|Kommo-o, M|100/100|[from] U-turn
|move|p1a: S A L T Y|Salt Cure|p2a: Kommo-o
|-resisted|p2a: Kommo-o
|-damage|p2a: Kommo-o|96/100
|-start|p2a: Kommo-o|Salt Cure
|
|-heal|p2a: Kommo-o|100/100|[from] item: Leftovers
|-heal|p1a: S A L T Y|75/100|[from] item: Leftovers
|-damage|p2a: Kommo-o|88/100|[from] Salt Cure
|upkeep
|turn|16
|
|t:|1769413201
|move|p1a: S A L T Y|Protect|p1a: S A L T Y
|-singleturn|p1a: S A L T Y|Protect
|move|p2a: Kommo-o|Iron Defense|p2a: Kommo-o
|-boost|p2a: Kommo-o|def|2
|
|-heal|p2a: Kommo-o|94/100|[from] item: Leftovers
|-heal|p1a: S A L T Y|81/100|[from] item: Leftovers
|-damage|p2a: Kommo-o|82/100|[from] Salt Cure
|upkeep
|turn|17
|
|t:|1769413215
|move|p2a: Kommo-o|Iron Defense|p2a: Kommo-o
|-boost|p2a: Kommo-o|def|2
|move|p1a: S A L T Y|Salt Cure|p2a: Kommo-o
|-resisted|p2a: Kommo-o
|-damage|p2a: Kommo-o|80/100
|
|-heal|p2a: Kommo-o|86/100|[from] item: Leftovers
|-heal|p1a: S A L T Y|87/100|[from] item: Leftovers
|-damage|p2a: Kommo-o|74/100|[from] Salt Cure
|upkeep
|turn|18
|
|t:|1769413226
|switch|p1a: Bird of doom|Moltres-Galar|25/100
|-damage|p1a: Bird of doom|0 fnt|[from] Stealth Rock
|faint|p1a: Bird of doom
|move|p2a: Kommo-o|Substitute|p2a: Kommo-o
|-start|p2a: Kommo-o|Substitute
|-damage|p2a: Kommo-o|49/100
|
|-heal|p2a: Kommo-o|55/100|[from] item: Leftovers
|-damage|p2a: Kommo-o|43/100|[from] Salt Cure
|upkeep
|
|t:|1769413238
|switch|p1a: S A L T Y|Garganacl, F, shiny|87/100
|-damage|p1a: S A L T Y|75/100|[from] Stealth Rock
|turn|19
|
|t:|1769413243
|move|p1a: S A L T Y|Protect|p1a: S A L T Y
|-singleturn|p1a: S A L T Y|Protect
|move|p2a: Kommo-o|Iron Defense|p2a: Kommo-o
|-boost|p2a: Kommo-o|def|2
|
|-heal|p2a: Kommo-o|49/100|[from] item: Leftovers
|-heal|p1a: S A L T Y|81/100|[from] item: Leftovers
|-damage|p2a: Kommo-o|37/100|[from] Salt Cure
|upkeep
|turn|20
|
|t:|1769413255
|move|p2a: Kommo-o|Body Press|p1a: S A L T Y
|-supereffective|p1a: S A L T Y
|-damage|p1a: S A L T Y|0 fnt
|faint|p1a: S A L T Y
|
|-heal|p2a: Kommo-o|43/100|[from] item: Leftovers
|-damage|p2a: Kommo-o|30/100|[from] Salt Cure
|upkeep
|
|t:|1769413264
|switch|p1a: Fire fighter|Heatran, M|100/100
|-damage|p1a: Fire fighter|88/100|[from] Stealth Rock
|-item|p1a: Fire fighter|Air Balloon
|turn|21
|
|t:|1769413275
|move|p2a: Kommo-o|Body Press|p1a: Fire fighter
|-supereffective|p1a: Fire fighter
|-damage|p1a: Fire fighter|0 fnt
|-enditem|p1a: Fire fighter|Air Balloon
|faint|p1a: Fire fighter
|
|-heal|p2a: Kommo-o|37/100|[from] item: Leftovers
|-damage|p2a: Kommo-o|24/100|[from] Salt Cure
|upkeep
|
|t:|1769413285
|switch|p1a: Menace|Kingambit, F, shiny|100/100
|-damage|p1a: Menace|94/100|[from] Stealth Rock
|-activate|p1a: Menace|ability: Supreme Overlord
|-start|p1a: Menace|fallen5|[silent]
|turn|22
|
|t:|1769413293
|move|p1a: Menace|Sucker Punch|p2a: Kommo-o
|-resisted|p2a: Kommo-o
|-activate|p2a: Kommo-o|move: Substitute|[damage]
|move|p2a: Kommo-o|Body Press|p1a: Menace
|-supereffective|p1a: Menace
|-damage|p1a: Menace|0 fnt
|faint|p1a: Menace
|-end|p1a: Menace|fallen5|[silent]
|
|win|volcoabuser
|raw|HydraGoring's rating: 1227 &rarr; <strong>1199</strong><br />(-28 for losing)
|raw|volcoabuser's rating: 1191 &rarr; <strong>1219</strong><br />(+28 for winning)
|l|☆HydraGoring
|player|p1|
|c|☆volcoabuser|gg
|l|☆volcoabuser
|player|p2|
