|j|☆pikl52
|j|☆mc_mogu
|t:|1769347207
|gametype|singles
|player|p1|pikl52|hilbert|1351
|player|p2|mc_mogu|101|1412
|gen|9
|tier|[Gen 9] OU
|rated|
|rule|HP Percentage Mod: HP is shown in percentages
|rule|Endless Battle Clause: Forcing endless battles is banned
|rule|Species Clause: Limit one of each Pokémon
|rule|OHKO Clause: OHKO moves are banned
|rule|Evasion Items Clause: Evasion items are banned
|rule|Evasion Moves Clause: Evasion moves are banned
|rule|Evasion Abilities Clause: Evasion abilities are banned
|rule|Sleep Moves Clause: Sleep-inducing moves are banned
|clearpoke
|poke|p1|Arcanine-Hisui, M|
|poke|p1|Tyranitar, M|
|poke|p1|Slowking, M|
|poke|p1|Excadrill, M|
|poke|p1|Ogerpon-Cornerstone, F|
|poke|p1|Zapdos|
|poke|p2|Ursaluna, F|
|poke|p2|Mimikyu, M|
|poke|p2|Cresselia, F|
|poke|p2|Enamorus-Therian, F|
|poke|p2|Hatterene, F|
|poke|p2|Hoopa-Unbound|
|teampreview
|inactive|Battle timer is ON: inactive players will automatically lose when time's up. (requested by pikl52)
|
|t:|1769347230
|teamsize|p1|6
|teamsize|p2|6
|start
|switch|p1a: Ogerpon|Ogerpon-Cornerstone, F|100/100
|switch|p2a: Hatterene|Hatterene, F|100/100
|turn|1
|
|t:|1769347243
|move|p1a: Ogerpon|Knock Off|p2a: Hatterene
|-damage|p2a: Hatterene|67/100
|-enditem|p2a: Hatterene|Focus Sash|[from] move: Knock Off|[of] p1a: Ogerpon
|move|p2a: Hatterene|Mystical Fire|p1a: Ogerpon
|-damage|p1a: Ogerpon|70/100
|-unboost|p1a: Ogerpon|spa|1
|
|upkeep
|turn|2
|
|t:|1769347255
|move|p1a: Ogerpon|Horn Leech|p2a: Hatterene
|-damage|p2a: Hatterene|31/100
|-heal|p1a: Ogerpon|89/100|[from] drain|[of] p2a: Hatterene
|move|p2a: Hatterene|Trick Room|p2a: Hatterene
|-fieldstart|move: Trick Room|[of] p2a: Hatterene
|
|upkeep
|turn|3
|
|t:|1769347262
|move|p2a: Hatterene|Healing Wish|p2a: Hatterene
|faint|p2a: Hatterene
|move|p1a: Ogerpon|Horn Leech|p2: Hatterene|[notarget]
|-fail|p1a: Ogerpon
|
|upkeep
|
|t:|1769347268
|switch|p2a: Ursaluna|Ursaluna, F|100/100
|turn|4
|
|t:|1769347280
|move|p2a: Ursaluna|Fire Punch|p1a: Ogerpon
|-damage|p1a: Ogerpon|50/100
|move|p1a: Ogerpon|Knock Off|p2a: Ursaluna
|-damage|p2a: Ursaluna|73/100
|-enditem|p2a: Ursaluna|Flame Orb|[from] move: Knock Off|[of] p1a: Ogerpon
|
|upkeep
|turn|5
|
|t:|1769347293
|switch|p1a: Zapdos|Zapdos|100/100
|move|p2a: Ursaluna|Headlong Rush|p1a: Zapdos
|-immune|p1a: Zapdos
|
|upkeep
|turn|6
|
|t:|1769347313
|move|p2a: Ursaluna|Swords Dance|p2a: Ursaluna
|-boost|p2a: Ursaluna|atk|2
|move|p1a: Zapdos|Hurricane|p2a: Ursaluna|[miss]
|-miss|p1a: Zapdos|p2a: Ursaluna
|
|-fieldend|move: Trick Room
|upkeep
|turn|7
|
|t:|1769347334
|-terastallize|p2a: Ursaluna|Normal
|move|p1a: Zapdos|Hurricane|p2a: Ursaluna|[miss]
|-miss|p1a: Zapdos|p2a: Ursaluna
|move|p2a: Ursaluna|Facade|p1a: Zapdos
|-crit|p1a: Zapdos
|-damage|p1a: Zapdos|0 fnt
|faint|p1a: Zapdos
|
|upkeep
|
|t:|1769347344
|switch|p1a: Tyranitar|Tyranitar, M|100/100
|-weather|Sandstorm|[from] ability: Sand Stream|[of] p1a: Tyranitar
|turn|8
|
|t:|1769347366
|switch|p2a: Hoopa|Hoopa-Unbound|100/100
|move|p1a: Tyranitar|Low Kick|p2a: Hoopa
|-damage|p2a: Hoopa|36/100
|
|-weather|Sandstorm|[upkeep]
|-damage|p2a: Hoopa|30/100|[from] Sandstorm
|upkeep
|turn|9
|
|t:|1769347376
|move|p1a: Tyranitar|Knock Off|p2a: Hoopa
|-crit|p2a: Hoopa
|-damage|p2a: Hoopa|0 fnt
|-enditem|p2a: Hoopa|Eject Pack|[from] move: Knock Off|[of] p1a: Tyranitar
|faint|p2a: Hoopa
|
|-weather|Sandstorm|[upkeep]
|upkeep
|
|t:|1769347385
|switch|p2a: Mimikyu|Mimikyu, M|100/100
|turn|10
|
|t:|1769347389
|move|p1a: Tyranitar|Knock Off|p2a: Mimikyu
|-activate|p2a: Mimikyu|ability: Disguise
|-damage|p2a: Mimikyu|100/100
|-enditem|p2a: Mimikyu|Red Card|[from] move: Knock Off|[of] p1a: Tyranitar
|detailschange|p2a: Mimikyu|Mimikyu-Busted, M
|-damage|p2a: Mimikyu|88/100|[from] pokemon: Mimikyu-Busted
|move|p2a: Mimikyu|Trick Room|p2a: Mimikyu
|-fieldstart|move: Trick Room|[of] p2a: Mimikyu
|
|-weather|Sandstorm|[upkeep]
|-damage|p2a: Mimikyu|82/100|[from] Sandstorm
|upkeep
|turn|11
|
|t:|1769347404
|switch|p2a: Ursaluna|Ursaluna, F, tera:Normal|73/100
|-heal|p2a: Ursaluna|100/100|[from] move: Healing Wish
|move|p1a: Tyranitar|Stone Edge|p2a: Ursaluna
|-damage|p2a: Ursaluna|66/100
|
|-weather|Sandstorm|[upkeep]
|-damage|p2a: Ursaluna|60/100|[from] Sandstorm
|upkeep
|turn|12
|
|t:|1769347420
|-terastallize|p1a: Tyranitar|Grass
|move|p2a: Ursaluna|Headlong Rush|p1a: Tyranitar
|-resisted|p1a: Tyranitar
|-damage|p1a: Tyranitar|74/100
|-unboost|p2a: Ursaluna|def|1
|-unboost|p2a: Ursaluna|spd|1
|move|p1a: Tyranitar|Low Kick|p2a: Ursaluna
|-supereffective|p2a: Ursaluna
|-damage|p2a: Ursaluna|0 fnt
|faint|p2a: Ursaluna
|
|-weather|Sandstorm|[upkeep]
|-damage|p1a: Tyranitar|67/100|[from] Sandstorm
|upkeep
|
|t:|1769347433
|switch|p2a: Enamorus|Enamorus-Therian, F|100/100
|turn|13
|
|t:|1769347439
|move|p2a: Enamorus|Mystical Fire|p1a: Tyranitar
|-supereffective|p1a: Tyranitar
|-damage|p1a: Tyranitar|0 fnt
|faint|p1a: Tyranitar
|
|-weather|Sandstorm|[upkeep]
|upkeep
|
|t:|1769347450
|switch|p1a: Ogerpon|Ogerpon-Cornerstone, F|50/100
|turn|14
|
|t:|1769347458
|switch|p1a: Slowking|Slowking, M|100/100
|move|p2a: Enamorus|Mystical Fire|p1a: Slowking
|-resisted|p1a: Slowking
|-damage|p1a: Slowking|89/100
|-unboost|p1a: Slowking|spa|1
|
|-weather|Sandstorm|[upkeep]
|-damage|p1a: Slowking|83/100|[from] Sandstorm
|-fieldend|move: Trick Room
|upkeep
|turn|15
|
|t:|1769347472
|switch|p2a: Mimikyu|Mimikyu-Busted, M|82/100
|move|p1a: Slowking|Ice Beam|p2a: Mimikyu
|-damage|p2a: Mimikyu|72/100
|
|-weather|none
|upkeep
|turn|16
|
|t:|1769347480
|move|p1a: Slowking|Scald|p2a: Mimikyu
|-damage|p2a: Mimikyu|58/100
|-status|p2a: Mimikyu|brn
|move|p2a: Mimikyu|Trick Room|p2a: Mimikyu
|-fieldstart|move: Trick Room|[of] p2a: Mimikyu
|
|-damage|p2a: Mimikyu|52/100 brn|[from] brn
|upkeep
|turn|17
|
|t:|1769347491
|move|p1a: Slowking|Psychic Noise|p2a: Mimikyu
|-damage|p2a: Mimikyu|38/100 brn
|-start|p2a: Mimikyu|move: Heal Block
|move|p2a: Mimikyu|Curse|p1a: Slowking
|-start|p1a: Slowking|Curse|[of] p2a: Mimikyu
|-damage|p2a: Mimikyu|0 fnt
|faint|p2a: Mimikyu
|
|-damage|p1a: Slowking|58/100|[from] Curse
|upkeep
|
|t:|1769347502
|switch|p2a: Enamorus|Enamorus-Therian, F|100/100
|turn|18
|
|t:|1769347516
|switch|p1a: Excadrill|Excadrill, M|100/100
|-item|p1a: Excadrill|Air Balloon
|move|p2a: Enamorus|Moonblast|p1a: Excadrill
|-resisted|p1a: Excadrill
|-damage|p1a: Excadrill|49/100
|-enditem|p1a: Excadrill|Air Balloon
|
|upkeep
|turn|19
|
|t:|1769347526
|switch|p1a: Ogerpon|Ogerpon-Cornerstone, F|50/100
|move|p2a: Enamorus|Moonblast|p1a: Ogerpon
|-damage|p1a: Ogerpon|0 fnt
|faint|p1a: Ogerpon
|
|upkeep
|
|t:|1769347535
|switch|p1a: Slowking|Slowking, M|58/100
|turn|20
|
|t:|1769347540
|move|p2a: Enamorus|Moonblast|p1a: Slowking
|-damage|p1a: Slowking|10/100
|move|p1a: Slowking|Ice Beam|p2a: Enamorus
|-supereffective|p2a: Enamorus
|-damage|p2a: Enamorus|61/100
|
|-fieldend|move: Trick Room
|upkeep
|turn|21
|
|t:|1769347550
|switch|p2a: Cresselia|Cresselia, F|100/100
|move|p1a: Slowking|Ice Beam|p2a: Cresselia
|-damage|p2a: Cresselia|88/100
|
|upkeep
|turn|22
|
|t:|1769347560
|switch|p1a: Excadrill|Excadrill, M|49/100
|move|p2a: Cresselia|Trick Room|p2a: Cresselia
|-fieldstart|move: Trick Room|[of] p2a: Cresselia
|
|upkeep
|turn|23
|
|t:|1769347570
|move|p2a: Cresselia|Lunar Dance|p2a: Cresselia
|faint|p2a: Cresselia
|move|p1a: Excadrill|Earthquake|p2: Cresselia|[notarget]
|-fail|p1a: Excadrill
|
|upkeep
|
|t:|1769347575
|switch|p2a: Enamorus|Enamorus-Therian, F|61/100
|-heal|p2a: Enamorus|100/100|[from] move: Lunar Dance
|turn|24
|
|t:|1769347585
|move|p2a: Enamorus|Earth Power|p1a: Excadrill
|-supereffective|p1a: Excadrill
|-damage|p1a: Excadrill|0 fnt
|faint|p1a: Excadrill
|
|upkeep
|
|t:|1769347591
|switch|p1a: Slowking|Slowking, M|10/100
|turn|25
|
|t:|1769347594
|move|p2a: Enamorus|Earth Power|p1a: Slowking
|-damage|p1a: Slowking|0 fnt
|faint|p1a: Slowking
|
|upkeep
|
|t:|1769347599
|switch|p1a: Arcanine|Arcanine-Hisui, M|100/100
|turn|26
|
|t:|1769347605
|move|p2a: Enamorus|Earth Power|p1a: Arcanine
|-supereffective|p1a: Arcanine
|-damage|p1a: Arcanine|0 fnt
|faint|p1a: Arcanine
|
|win|mc_mogu
|raw|pikl52's rating: 1351 &rarr; <strong>1334</strong><br />(-17 for losing)
|raw|mc_mogu's rating: 1412 &rarr; <strong>1429</strong><br />(+17 for winning)
|l|☆pikl52
|player|p1|
|l|☆mc_mogu
|player|p2|
