|j|☆solmetria
|j|☆masterdigix_2
|t:|1769382633
|gametype|singles
|player|p1|solmetria|pilot|1073
|player|p2|masterdigix_2|170|1102
|gen|9
|tier|[Gen 9] OU
|rated|
|rule|HP Percentage Mod: HP is shown in percentages
|rule|Endless Battle Clause: Forcing endless battles is banned
|rule|Species Clause: Limit one of each Pokémon
|rule|OHKO Clause: OHKO moves are banned
|rule|Evasion Items Clause: Evasion items are banned
|rule|Evasion Moves Clause: Evasion moves are banned
|rule|Evasion Abilities Clause: Evasion abilities are banned
|rule|Sleep Moves Clause: Sleep-inducing moves are banned
|clearpoke
|poke|p1|Dragonite, F|
|poke|p1|Samurott-Hisui, M|
|poke|p1|Clefable, M|
|poke|p1|Gliscor, F|
|poke|p1|Gholdengo|
|poke|p1|Zamazenta-*|
|poke|p2|Pecharunt|
|poke|p2|Registeel|
|poke|p2|Dragonite, F|
|poke|p2|Darkrai|
|poke|p2|Iron Treads|
|poke|p2|Diancie|
|teampreview
|
|t:|1769382645
|teamsize|p1|6
|teamsize|p2|6
|start
|switch|p1a: Wekko|Samurott-Hisui, M|100/100
|switch|p2a: Registeel|Registeel, shiny|100/100
|turn|1
|
|t:|1769382661
|move|p1a: Wekko|Ceaseless Edge|p2a: Registeel
|-damage|p2a: Registeel|75/100
|-sidestart|p2: masterdigix_2|Spikes
|move|p2a: Registeel|Iron Defense|p2a: Registeel
|-boost|p2a: Registeel|def|2
|
|-heal|p2a: Registeel|81/100|[from] item: Leftovers
|upkeep
|turn|2
|
|t:|1769382682
|switch|p1a: String Cheese Cuh|Gholdengo|100/100
|move|p2a: Registeel|Amnesia|p2a: Registeel
|-boost|p2a: Registeel|spd|2
|
|-heal|p2a: Registeel|87/100|[from] item: Leftovers
|upkeep
|turn|3
|
|t:|1769382697
|move|p1a: String Cheese Cuh|Shadow Ball|p2a: Registeel
|-damage|p2a: Registeel|74/100
|move|p2a: Registeel|Hard Press|p1a: String Cheese Cuh
|-resisted|p1a: String Cheese Cuh
|-damage|p1a: String Cheese Cuh|83/100
|
|-heal|p2a: Registeel|80/100|[from] item: Leftovers
|upkeep
|turn|4
|
|t:|1769382707
|move|p1a: String Cheese Cuh|Shadow Ball|p2a: Registeel
|-damage|p2a: Registeel|66/100
|move|p2a: Registeel|Amnesia|p2a: Registeel
|-boost|p2a: Registeel|spd|2
|
|-heal|p2a: Registeel|72/100|[from] item: Leftovers
|upkeep
|turn|5
|
|t:|1769382719
|switch|p1a: Drake|Gliscor, F|100/100
|move|p2a: Registeel|Amnesia|p2a: Registeel
|-boost|p2a: Registeel|spd|2
|
|-heal|p2a: Registeel|78/100|[from] item: Leftovers
|-status|p1a: Drake|tox|[from] item: Toxic Orb
|upkeep
|turn|6
|
|t:|1769382754
|switch|p1a: Worm|Dragonite, F|100/100
|move|p2a: Registeel|Hard Press|p1a: Worm
|-damage|p1a: Worm|85/100
|
|-heal|p2a: Registeel|84/100|[from] item: Leftovers
|upkeep
|turn|7
|
|t:|1769382769
|move|p1a: Worm|Dragon Dance|p1a: Worm
|-boost|p1a: Worm|atk|1
|-boost|p1a: Worm|spe|1
|move|p2a: Registeel|Iron Defense|p2a: Registeel
|-boost|p2a: Registeel|def|2
|
|-heal|p2a: Registeel|90/100|[from] item: Leftovers
|upkeep
|turn|8
|
|t:|1769382779
|move|p1a: Worm|Dragon Dance|p1a: Worm
|-boost|p1a: Worm|atk|1
|-boost|p1a: Worm|spe|1
|move|p2a: Registeel|Hard Press|p1a: Worm
|-damage|p1a: Worm|58/100
|
|-heal|p2a: Registeel|97/100|[from] item: Leftovers
|upkeep
|turn|9
|
|t:|1769382787
|move|p1a: Worm|Roost|p1a: Worm
|-heal|p1a: Worm|100/100
|-singleturn|p1a: Worm|move: Roost
|move|p2a: Registeel|Hard Press|p1a: Worm
|-damage|p1a: Worm|84/100
|
|-heal|p2a: Registeel|100/100|[from] item: Leftovers
|upkeep
|turn|10
|
|t:|1769382799
|move|p1a: Worm|Dragon Dance|p1a: Worm
|-boost|p1a: Worm|atk|1
|-boost|p1a: Worm|spe|1
|move|p2a: Registeel|Hard Press|p1a: Worm
|-crit|p1a: Worm
|-damage|p1a: Worm|46/100
|
|upkeep
|turn|11
|
|t:|1769382811
|move|p1a: Worm|Roost|p1a: Worm
|-heal|p1a: Worm|96/100
|-singleturn|p1a: Worm|move: Roost
|move|p2a: Registeel|Iron Defense|p2a: Registeel
|-boost|p2a: Registeel|def|2
|
|upkeep
|turn|12
|
|t:|1769382817
|move|p1a: Worm|Dragon Dance|p1a: Worm
|-boost|p1a: Worm|atk|1
|-boost|p1a: Worm|spe|1
|move|p2a: Registeel|Hard Press|p1a: Worm
|-damage|p1a: Worm|68/100
|
|upkeep
|turn|13
|
|t:|1769382825
|move|p1a: Worm|Dragon Dance|p1a: Worm
|-boost|p1a: Worm|atk|1
|-boost|p1a: Worm|spe|1
|move|p2a: Registeel|Hard Press|p1a: Worm
|-damage|p1a: Worm|46/100
|
|upkeep
|turn|14
|
|t:|1769382831
|move|p1a: Worm|Roost|p1a: Worm
|-heal|p1a: Worm|96/100
|-singleturn|p1a: Worm|move: Roost
|move|p2a: Registeel|Hard Press|p1a: Worm
|-damage|p1a: Worm|67/100
|
|upkeep
|turn|15
|
|t:|1769382839
|move|p1a: Worm|Dragon Dance|p1a: Worm
|-boost|p1a: Worm|atk|1
|-boost|p1a: Worm|spe|1
|move|p2a: Registeel|Hard Press|p1a: Worm
|-damage|p1a: Worm|47/100
|
|upkeep
|turn|16
|
|t:|1769382845
|move|p1a: Worm|Roost|p1a: Worm
|-heal|p1a: Worm|97/100
|-singleturn|p1a: Worm|move: Roost
|move|p2a: Registeel|Hard Press|p1a: Worm
|-damage|p1a: Worm|65/100
|
|upkeep
|turn|17
|
|t:|1769382862
|move|p1a: Worm|Earthquake|p2a: Registeel
|-supereffective|p2a: Registeel
|-damage|p2a: Registeel|54/100
|move|p2a: Registeel|Iron Defense|p2a: Registeel
|-boost|p2a: Registeel|def|0
|
|-heal|p2a: Registeel|60/100|[from] item: Leftovers
|upkeep
|turn|18
|
|t:|1769382872
|move|p1a: Worm|Roost|p1a: Worm
|-heal|p1a: Worm|100/100
|-singleturn|p1a: Worm|move: Roost
|move|p2a: Registeel|Rest|p2a: Registeel
|-status|p2a: Registeel|slp|[from] move: Rest
|-heal|p2a: Registeel|100/100 slp|[silent]
|
|upkeep
|turn|19
|
|t:|1769382894
|move|p1a: Worm|Earthquake|p2a: Registeel
|-supereffective|p2a: Registeel
|-damage|p2a: Registeel|52/100 slp
|cant|p2a: Registeel|slp
|
|-heal|p2a: Registeel|58/100 slp|[from] item: Leftovers
|upkeep
|turn|20
|
|t:|1769382900
|move|p1a: Worm|Earthquake|p2a: Registeel
|-supereffective|p2a: Registeel
|-damage|p2a: Registeel|8/100 slp
|cant|p2a: Registeel|slp
|
|-heal|p2a: Registeel|14/100 slp|[from] item: Leftovers
|upkeep
|turn|21
|
|t:|1769382908
|move|p1a: Worm|Earthquake|p2a: Registeel
|-supereffective|p2a: Registeel
|-damage|p2a: Registeel|0 fnt
|faint|p2a: Registeel
|
|upkeep
|
|t:|1769382917
|switch|p2a: Dragonite|Dragonite, F, shiny|100/100
|turn|22
|
|t:|1769382945
|-terastallize|p1a: Worm|Normal
|move|p1a: Worm|Extreme Speed|p2a: Dragonite
|-damage|p2a: Dragonite|15/100
|move|p2a: Dragonite|Breaking Swipe|p1a: Worm
|-damage|p1a: Worm|82/100
|-unboost|p1a: Worm|atk|1
|
|upkeep
|turn|23
|
|t:|1769382959
|move|p1a: Worm|Extreme Speed|p2a: Dragonite
|-damage|p2a: Dragonite|0 fnt
|faint|p2a: Dragonite
|
|upkeep
|
|t:|1769382966
|switch|p2a: Pecharunt|Pecharunt|100/100
|-damage|p2a: Pecharunt|88/100|[from] Spikes
|turn|24
|
|t:|1769382979
|move|p1a: Worm|Earthquake|p2a: Pecharunt
|-supereffective|p2a: Pecharunt
|-damage|p2a: Pecharunt|0 fnt
|faint|p2a: Pecharunt
|
|upkeep
|
|t:|1769382990
|switch|p2a: Darkrai|Darkrai|100/100
|-damage|p2a: Darkrai|88/100|[from] Spikes
|turn|25
|
|t:|1769382996
|move|p1a: Worm|Extreme Speed|p2a: Darkrai
|-damage|p2a: Darkrai|0 fnt
|faint|p2a: Darkrai
|
|upkeep
|
|t:|1769383001
|switch|p2a: Iron Treads|Iron Treads|100/100
|-damage|p2a: Iron Treads|88/100|[from] Spikes
|-enditem|p2a: Iron Treads|Booster Energy
|-activate|p2a: Iron Treads|ability: Quark Drive|[fromitem]
|-start|p2a: Iron Treads|quarkdrivedef
|turn|26
|
|t:|1769383014
|move|p1a: Worm|Earthquake|p2a: Iron Treads
|-supereffective|p2a: Iron Treads
|-crit|p2a: Iron Treads
|-damage|p2a: Iron Treads|0 fnt
|faint|p2a: Iron Treads
|-end|p2a: Iron Treads|Quark Drive|[silent]
|
|upkeep
|
|t:|1769383018
|switch|p2a: Diancie|Diancie|100/100
|-damage|p2a: Diancie|88/100|[from] Spikes
|turn|27
|
|t:|1769383027
|move|p1a: Worm|Earthquake|p2a: Diancie
|-supereffective|p2a: Diancie
|-damage|p2a: Diancie|0 fnt
|faint|p2a: Diancie
|
|win|solmetria
|raw|solmetria's rating: 1073 &rarr; <strong>1104</strong><br />(+31 for winning)
|raw|masterdigix_2's rating: 1102 &rarr; <strong>1075</strong><br />(-27 for losing)
|l|☆masterdigix_2
|player|p2|
