|j|☆MSNGNUM
|j|☆Olive 40
|t:|1769393597
|gametype|singles
|player|p1|MSNGNUM|miku-ghost|1092
|player|p2|Olive 40|rosa|1066
|gen|9
|tier|[Gen 9] OU
|rated|
|rule|HP Percentage Mod: HP is shown in percentages
|rule|Endless Battle Clause: Forcing endless battles is banned
|rule|Species Clause: Limit one of each Pokémon
|rule|OHKO Clause: OHKO moves are banned
|rule|Evasion Items Clause: Evasion items are banned
|rule|Evasion Moves Clause: Evasion moves are banned
|rule|Evasion Abilities Clause: Evasion abilities are banned
|rule|Sleep Moves Clause: Sleep-inducing moves are banned
|clearpoke
|poke|p1|Pecharunt|
|poke|p1|Porygon2|
|poke|p1|Samurott-Hisui, M|
|poke|p1|Brambleghast, M|
|poke|p1|Clefable, M|
|poke|p1|Manaphy|
|poke|p2|Rotom-Mow|
|poke|p2|Salazzle, F|
|poke|p2|Necrozma|
|poke|p2|Slowbro, M|
|poke|p2|Haunter, M|
|poke|p2|Great Tusk|
|teampreview
|inactive|Battle timer is ON: inactive players will automatically lose when time's up. (requested by Olive 40)
|
|t:|1769393605
|teamsize|p1|6
|teamsize|p2|6
|start
|switch|p1a: Lil JimBOOM BOOM|Clefable, M|100/100
|switch|p2a: Rotom|Rotom-Mow|100/100
|turn|1
|
|t:|1769393613
|move|p2a: Rotom|Will-O-Wisp|p1a: Lil JimBOOM BOOM
|-status|p1a: Lil JimBOOM BOOM|brn
|move|p1a: Lil JimBOOM BOOM|Cosmic Power|p1a: Lil JimBOOM BOOM
|-boost|p1a: Lil JimBOOM BOOM|def|1
|-boost|p1a: Lil JimBOOM BOOM|spd|1
|
|upkeep
|turn|2
|
|t:|1769393624
|move|p2a: Rotom|Volt Switch|p1a: Lil JimBOOM BOOM
|-damage|p1a: Lil JimBOOM BOOM|84/100 brn
|
|t:|1769393631
|switch|p2a: Slowbro|Slowbro, M, shiny|100/100|[from] Volt Switch
|move|p1a: Lil JimBOOM BOOM|Cosmic Power|p1a: Lil JimBOOM BOOM
|-boost|p1a: Lil JimBOOM BOOM|def|1
|-boost|p1a: Lil JimBOOM BOOM|spd|1
|
|upkeep
|turn|3
|
|t:|1769393651
|move|p1a: Lil JimBOOM BOOM|Metronome|p1a: Lil JimBOOM BOOM
|move|p1a: Lil JimBOOM BOOM|Stored Power|p2a: Slowbro|[from] move: Metronome
|-resisted|p2a: Slowbro
|-damage|p2a: Slowbro|89/100
|move|p2a: Slowbro|Scald|p1a: Lil JimBOOM BOOM
|-damage|p1a: Lil JimBOOM BOOM|69/100 brn
|
|upkeep
|turn|4
|
|t:|1769393663
|move|p1a: Lil JimBOOM BOOM|Wish|p1a: Lil JimBOOM BOOM
|move|p2a: Slowbro|Scald|p1a: Lil JimBOOM BOOM
|-damage|p1a: Lil JimBOOM BOOM|53/100 brn
|
|upkeep
|turn|5
|
|t:|1769393681
|move|p1a: Lil JimBOOM BOOM|Cosmic Power|p1a: Lil JimBOOM BOOM
|-boost|p1a: Lil JimBOOM BOOM|def|1
|-boost|p1a: Lil JimBOOM BOOM|spd|1
|move|p2a: Slowbro|Scald|p1a: Lil JimBOOM BOOM
|-damage|p1a: Lil JimBOOM BOOM|40/100 brn
|
|-heal|p1a: Lil JimBOOM BOOM|90/100 brn|[from] move: Wish|[wisher] Lil JimBOOM BOOM
|upkeep
|turn|6
|
|t:|1769393698
|switch|p2a: Haunter|Haunter, M, shiny|100/100
|move|p1a: Lil JimBOOM BOOM|Cosmic Power|p1a: Lil JimBOOM BOOM
|-boost|p1a: Lil JimBOOM BOOM|def|1
|-boost|p1a: Lil JimBOOM BOOM|spd|1
|
|upkeep
|turn|7
|
|t:|1769393709
|move|p2a: Haunter|Sludge Wave|p1a: Lil JimBOOM BOOM
|-supereffective|p1a: Lil JimBOOM BOOM
|-damage|p1a: Lil JimBOOM BOOM|65/100 brn
|move|p1a: Lil JimBOOM BOOM|Metronome|p1a: Lil JimBOOM BOOM
|move|p1a: Lil JimBOOM BOOM|Air Cutter|p2a: Haunter|[from] move: Metronome
|-crit|p2a: Haunter
|-damage|p2a: Haunter|71/100
|
|upkeep
|turn|8
|
|t:|1769393718
|move|p2a: Haunter|Sludge Wave|p1a: Lil JimBOOM BOOM
|-supereffective|p1a: Lil JimBOOM BOOM
|-damage|p1a: Lil JimBOOM BOOM|42/100 brn
|move|p1a: Lil JimBOOM BOOM|Wish|p1a: Lil JimBOOM BOOM
|
|upkeep
|turn|9
|
|t:|1769393723
|move|p2a: Haunter|Sludge Wave|p1a: Lil JimBOOM BOOM
|-supereffective|p1a: Lil JimBOOM BOOM
|-damage|p1a: Lil JimBOOM BOOM|18/100 brn
|move|p1a: Lil JimBOOM BOOM|Cosmic Power|p1a: Lil JimBOOM BOOM
|-boost|p1a: Lil JimBOOM BOOM|def|1
|-boost|p1a: Lil JimBOOM BOOM|spd|1
|
|-heal|p1a: Lil JimBOOM BOOM|68/100 brn|[from] move: Wish|[wisher] Lil JimBOOM BOOM
|upkeep
|turn|10
|
|t:|1769393733
|move|p2a: Haunter|Sludge Wave|p1a: Lil JimBOOM BOOM
|-supereffective|p1a: Lil JimBOOM BOOM
|-damage|p1a: Lil JimBOOM BOOM|45/100 brn
|move|p1a: Lil JimBOOM BOOM|Cosmic Power|p1a: Lil JimBOOM BOOM
|-boost|p1a: Lil JimBOOM BOOM|def|1
|-boost|p1a: Lil JimBOOM BOOM|spd|1
|
|upkeep
|turn|11
|
|t:|1769393741
|move|p2a: Haunter|Sludge Wave|p1a: Lil JimBOOM BOOM
|-supereffective|p1a: Lil JimBOOM BOOM
|-damage|p1a: Lil JimBOOM BOOM|26/100 brn
|move|p1a: Lil JimBOOM BOOM|Wish|p1a: Lil JimBOOM BOOM
|
|upkeep
|turn|12
|
|t:|1769393746
|move|p2a: Haunter|Sludge Wave|p1a: Lil JimBOOM BOOM
|-supereffective|p1a: Lil JimBOOM BOOM
|-damage|p1a: Lil JimBOOM BOOM|8/100 brn
|move|p1a: Lil JimBOOM BOOM|Metronome|p1a: Lil JimBOOM BOOM
|move|p1a: Lil JimBOOM BOOM|Psychic Fangs|p2a: Haunter|[from] move: Metronome
|-supereffective|p2a: Haunter
|-damage|p2a: Haunter|43/100
|
|-heal|p1a: Lil JimBOOM BOOM|58/100 brn|[from] move: Wish|[wisher] Lil JimBOOM BOOM
|upkeep
|turn|13
|
|t:|1769393757
|move|p2a: Haunter|Sludge Wave|p1a: Lil JimBOOM BOOM
|-supereffective|p1a: Lil JimBOOM BOOM
|-damage|p1a: Lil JimBOOM BOOM|39/100 brn
|move|p1a: Lil JimBOOM BOOM|Wish|p1a: Lil JimBOOM BOOM
|
|upkeep
|turn|14
|
|t:|1769393764
|move|p2a: Haunter|Sludge Wave|p1a: Lil JimBOOM BOOM
|-supereffective|p1a: Lil JimBOOM BOOM
|-damage|p1a: Lil JimBOOM BOOM|20/100 brn
|move|p1a: Lil JimBOOM BOOM|Metronome|p1a: Lil JimBOOM BOOM
|move|p1a: Lil JimBOOM BOOM|Happy Hour|p1a: Lil JimBOOM BOOM|[from] move: Metronome
|
|-heal|p1a: Lil JimBOOM BOOM|70/100 brn|[from] move: Wish|[wisher] Lil JimBOOM BOOM
|upkeep
|turn|15
|
|t:|1769393774
|move|p2a: Haunter|Sludge Wave|p1a: Lil JimBOOM BOOM
|-supereffective|p1a: Lil JimBOOM BOOM
|-damage|p1a: Lil JimBOOM BOOM|53/100 brn
|move|p1a: Lil JimBOOM BOOM|Wish|p1a: Lil JimBOOM BOOM
|
|upkeep
|turn|16
|
|t:|1769393779
|move|p2a: Haunter|Sludge Wave|p1a: Lil JimBOOM BOOM
|-supereffective|p1a: Lil JimBOOM BOOM
|-damage|p1a: Lil JimBOOM BOOM|33/100 brn
|move|p1a: Lil JimBOOM BOOM|Metronome|p1a: Lil JimBOOM BOOM
|move|p1a: Lil JimBOOM BOOM|Shelter|p1a: Lil JimBOOM BOOM|[from] move: Metronome
|-boost|p1a: Lil JimBOOM BOOM|def|0
|
|-heal|p1a: Lil JimBOOM BOOM|83/100 brn|[from] move: Wish|[wisher] Lil JimBOOM BOOM
|upkeep
|turn|17
|
|t:|1769393790
|move|p2a: Haunter|Sludge Wave|p1a: Lil JimBOOM BOOM
|-supereffective|p1a: Lil JimBOOM BOOM
|-damage|p1a: Lil JimBOOM BOOM|64/100 brn
|move|p1a: Lil JimBOOM BOOM|Metronome|p1a: Lil JimBOOM BOOM
|move|p1a: Lil JimBOOM BOOM|Psyshock|p2a: Haunter|[from] move: Metronome
|-supereffective|p2a: Haunter
|-damage|p2a: Haunter|0 fnt
|faint|p2a: Haunter
|
|upkeep
|
|t:|1769393799
|switch|p2a: Necrozma|Necrozma, shiny|100/100
|turn|18
|
|t:|1769393806
|move|p2a: Necrozma|Meteor Beam||[still]
|-prepare|p2a: Necrozma|Meteor Beam
|-boost|p2a: Necrozma|spa|1
|-enditem|p2a: Necrozma|Power Herb
|-anim|p2a: Necrozma|Meteor Beam|p1a: Lil JimBOOM BOOM|[miss]
|-miss|p2a: Necrozma|p1a: Lil JimBOOM BOOM
|move|p1a: Lil JimBOOM BOOM|Wish|p1a: Lil JimBOOM BOOM
|
|upkeep
|turn|19
|
|t:|1769393815
|move|p2a: Necrozma|Charge Beam|p1a: Lil JimBOOM BOOM
|-damage|p1a: Lil JimBOOM BOOM|58/100 brn
|move|p1a: Lil JimBOOM BOOM|Metronome|p1a: Lil JimBOOM BOOM
|move|p1a: Lil JimBOOM BOOM|Pay Day|p2a: Necrozma|[from] move: Metronome
|-damage|p2a: Necrozma|98/100
|
|-heal|p1a: Lil JimBOOM BOOM|100/100 brn|[from] move: Wish|[wisher] Lil JimBOOM BOOM
|upkeep
|turn|20
|
|t:|1769393825
|move|p2a: Necrozma|Charge Beam|p1a: Lil JimBOOM BOOM
|-damage|p1a: Lil JimBOOM BOOM|95/100 brn
|-boost|p2a: Necrozma|spa|1
|move|p1a: Lil JimBOOM BOOM|Metronome|p1a: Lil JimBOOM BOOM
|move|p1a: Lil JimBOOM BOOM|Sky Attack||[from] move: Metronome|[still]
|-prepare|p1a: Lil JimBOOM BOOM|Sky Attack
|
|upkeep
|turn|21
|
|t:|1769393835
|move|p2a: Necrozma|Meteor Beam||[still]
|-prepare|p2a: Necrozma|Meteor Beam
|-boost|p2a: Necrozma|spa|1
|move|p1a: Lil JimBOOM BOOM|Sky Attack|p2a: Necrozma|[from] lockedmove
|-damage|p2a: Necrozma|87/100
|
|upkeep
|turn|22
|
|t:|1769393843
|move|p2a: Necrozma|Meteor Beam|p1a: Lil JimBOOM BOOM|[from] lockedmove
|-damage|p1a: Lil JimBOOM BOOM|71/100 brn
|move|p1a: Lil JimBOOM BOOM|Wish|p1a: Lil JimBOOM BOOM
|
|upkeep
|turn|23
|
|t:|1769393848
|move|p2a: Necrozma|Flash Cannon|p1a: Lil JimBOOM BOOM
|-supereffective|p1a: Lil JimBOOM BOOM
|-damage|p1a: Lil JimBOOM BOOM|39/100 brn
|move|p1a: Lil JimBOOM BOOM|Metronome|p1a: Lil JimBOOM BOOM
|move|p1a: Lil JimBOOM BOOM|Aerial Ace|p2a: Necrozma|[from] move: Metronome
|-damage|p2a: Necrozma|83/100
|
|-heal|p1a: Lil JimBOOM BOOM|89/100 brn|[from] move: Wish|[wisher] Lil JimBOOM BOOM
|upkeep
|turn|24
|
|t:|1769393861
|move|p2a: Necrozma|Charge Beam|p1a: Lil JimBOOM BOOM
|-crit|p1a: Lil JimBOOM BOOM
|-damage|p1a: Lil JimBOOM BOOM|32/100 brn
|move|p1a: Lil JimBOOM BOOM|Wish|p1a: Lil JimBOOM BOOM
|
|upkeep
|turn|25
|
|t:|1769393867
|move|p2a: Necrozma|Charge Beam|p1a: Lil JimBOOM BOOM
|-damage|p1a: Lil JimBOOM BOOM|21/100 brn
|-boost|p2a: Necrozma|spa|1
|move|p1a: Lil JimBOOM BOOM|Metronome|p1a: Lil JimBOOM BOOM
|move|p1a: Lil JimBOOM BOOM|Rock Smash|p2a: Necrozma|[from] move: Metronome
|-resisted|p2a: Necrozma
|-damage|p2a: Necrozma|82/100
|-unboost|p2a: Necrozma|def|1
|
|-heal|p1a: Lil JimBOOM BOOM|71/100 brn|[from] move: Wish|[wisher] Lil JimBOOM BOOM
|upkeep
|turn|26
|
|t:|1769393880
|move|p2a: Necrozma|Charge Beam|p1a: Lil JimBOOM BOOM
|-damage|p1a: Lil JimBOOM BOOM|61/100 brn
|-boost|p2a: Necrozma|spa|1
|move|p1a: Lil JimBOOM BOOM|Wish|p1a: Lil JimBOOM BOOM
|
|upkeep
|turn|27
|
|t:|1769393886
|move|p2a: Necrozma|Charge Beam|p1a: Lil JimBOOM BOOM
|-damage|p1a: Lil JimBOOM BOOM|47/100 brn
|-boost|p2a: Necrozma|spa|1
|move|p1a: Lil JimBOOM BOOM|Metronome|p1a: Lil JimBOOM BOOM
|move|p1a: Lil JimBOOM BOOM|Ancient Power|p2a: Necrozma|[from] move: Metronome
|-damage|p2a: Necrozma|70/100
|
|-heal|p1a: Lil JimBOOM BOOM|97/100 brn|[from] move: Wish|[wisher] Lil JimBOOM BOOM
|upkeep
|turn|28
|
|t:|1769393900
|move|p2a: Necrozma|Flash Cannon|p1a: Lil JimBOOM BOOM
|-supereffective|p1a: Lil JimBOOM BOOM
|-damage|p1a: Lil JimBOOM BOOM|47/100 brn
|move|p1a: Lil JimBOOM BOOM|Wish|p1a: Lil JimBOOM BOOM
|
|upkeep
|turn|29
|
|t:|1769393906
|move|p2a: Necrozma|Flash Cannon|p1a: Lil JimBOOM BOOM
|-supereffective|p1a: Lil JimBOOM BOOM
|-damage|p1a: Lil JimBOOM BOOM|0 fnt
|faint|p1a: Lil JimBOOM BOOM
|
|upkeep
|
|t:|1769393908
|switch|p1a: Motivated|Samurott-Hisui, M|100/100
|turn|30
|
|t:|1769393918
|move|p1a: Motivated|Ceaseless Edge|p2a: Necrozma
|-supereffective|p2a: Necrozma
|-damage|p2a: Necrozma|0 fnt
|-sidestart|p2: Olive 40|Spikes
|faint|p2a: Necrozma
|
|upkeep
|
|t:|1769393924
|switch|p2a: Great Tusk|Great Tusk|100/100
|turn|31
|
|t:|1769393928
|switch|p1a: Tilt 'n Tumble|Brambleghast, M, shiny|100/100
|move|p2a: Great Tusk|Close Combat|p1a: Tilt 'n Tumble
|-immune|p1a: Tilt 'n Tumble
|
|upkeep
|turn|32
|
|t:|1769393935
|move|p1a: Tilt 'n Tumble|Power Whip|p2a: Great Tusk
|-supereffective|p2a: Great Tusk
|-damage|p2a: Great Tusk|27/100
|move|p2a: Great Tusk|Ice Spinner|p1a: Tilt 'n Tumble
|-supereffective|p1a: Tilt 'n Tumble
|-crit|p1a: Tilt 'n Tumble
|-damage|p1a: Tilt 'n Tumble|0 fnt
|faint|p1a: Tilt 'n Tumble
|
|upkeep
|
|t:|1769393955
|switch|p1a: Motivated|Samurott-Hisui, M|100/100
|turn|33
|
|t:|1769393960
|-terastallize|p1a: Motivated|Water
|move|p1a: Motivated|Flip Turn|p2a: Great Tusk
|-supereffective|p2a: Great Tusk
|-damage|p2a: Great Tusk|0 fnt
|faint|p2a: Great Tusk
|-end|p2a: Great Tusk|Protosynthesis|[silent]
|
|t:|1769393973
|switch|p1a: Totsugeki|Manaphy|100/100|[from] Flip Turn
|
|upkeep
|
|t:|1769393978
|switch|p2a: Salazzle|Salazzle, F|100/100
|-item|p2a: Salazzle|Air Balloon
|turn|34
|
|t:|1769393984
|move|p2a: Salazzle|Toxic|p1a: Totsugeki
|-status|p1a: Totsugeki|tox
|move|p1a: Totsugeki|Tail Glow|p1a: Totsugeki
|-boost|p1a: Totsugeki|spa|3
|
|-damage|p1a: Totsugeki|94/100 tox|[from] psn
|upkeep
|turn|35
|
|t:|1769393993
|switch|p2a: Slowbro|Slowbro, M, shiny|100/100
|-damage|p2a: Slowbro|88/100|[from] Spikes
|move|p1a: Totsugeki|Scald|p2a: Slowbro
|-resisted|p2a: Slowbro
|-damage|p2a: Slowbro|31/100
|-status|p2a: Slowbro|brn
|-damage|p1a: Totsugeki|84/100 tox|[from] item: Life Orb
|
|-damage|p1a: Totsugeki|72/100 tox|[from] psn
|-damage|p2a: Slowbro|25/100 brn|[from] brn
|upkeep
|turn|36
|
|t:|1769394010
|move|p1a: Totsugeki|Scald|p2a: Slowbro
|-resisted|p2a: Slowbro
|-damage|p2a: Slowbro|0 fnt
|faint|p2a: Slowbro
|-damage|p1a: Totsugeki|62/100 tox|[from] item: Life Orb
|
|-damage|p1a: Totsugeki|44/100 tox|[from] psn
|upkeep
|
|t:|1769394021
|switch|p2a: Rotom|Rotom-Mow|100/100
|turn|37
|
|t:|1769394030
|move|p1a: Totsugeki|Flip Turn|p2a: Rotom
|-resisted|p2a: Rotom
|-damage|p2a: Rotom|84/100
|-enditem|p2a: Rotom|Red Card|[of] p1a: Totsugeki
|drag|p1a: Motivated|Samurott-Hisui, M, tera:Water|100/100
|move|p2a: Rotom|Volt Switch|p1a: Motivated
|-supereffective|p1a: Motivated
|-damage|p1a: Motivated|3/100
|
|t:|1769394038
|switch|p2a: Salazzle|Salazzle, F|100/100|[from] Volt Switch
|-item|p2a: Salazzle|Air Balloon
|
|upkeep
|turn|38
|
|t:|1769394048
|move|p1a: Motivated|Ceaseless Edge|p2a: Salazzle
|-damage|p2a: Salazzle|21/100
|-enditem|p2a: Salazzle|Air Balloon
|-sidestart|p2: Olive 40|Spikes
|move|p2a: Salazzle|Sludge Wave|p1a: Motivated
|-damage|p1a: Motivated|0 fnt
|faint|p1a: Motivated
|
|upkeep
|
|t:|1769394056
|switch|p1a: THIS SHH LACED|Pecharunt|100/100
|turn|39
|
|t:|1769394062
|move|p2a: Salazzle|Toxic|p1a: THIS SHH LACED
|-status|p1a: THIS SHH LACED|tox
|move|p1a: THIS SHH LACED|Shadow Ball|p2a: Salazzle
|-damage|p2a: Salazzle|0 fnt
|faint|p2a: Salazzle
|
|-damage|p1a: THIS SHH LACED|94/100 tox|[from] psn
|upkeep
|
|t:|1769394072
|switch|p2a: Rotom|Rotom-Mow|84/100
|turn|40
|
|t:|1769394079
|-terastallize|p2a: Rotom|Steel
|move|p2a: Rotom|Hex|p1a: THIS SHH LACED
|-supereffective|p1a: THIS SHH LACED
|-damage|p1a: THIS SHH LACED|17/100 tox
|move|p1a: THIS SHH LACED|Malignant Chain|p2a: Rotom
|-immune|p2a: Rotom
|
|-damage|p1a: THIS SHH LACED|4/100 tox|[from] psn
|upkeep
|turn|41
|
|t:|1769394098
|switch|p1a: Unwashed Goat|Porygon2|100/100
|-ability|p1a: Unwashed Goat|Levitate|Trace|[from] ability: Trace|[of] p2a: Rotom
|move|p2a: Rotom|Hex|p1a: Unwashed Goat
|-immune|p1a: Unwashed Goat
|
|upkeep
|turn|42
|
|t:|1769394107
|move|p2a: Rotom|Will-O-Wisp|p1a: Unwashed Goat
|-status|p1a: Unwashed Goat|brn
|move|p1a: Unwashed Goat|Substitute|p1a: Unwashed Goat
|-start|p1a: Unwashed Goat|Substitute
|-damage|p1a: Unwashed Goat|76/100 brn
|
|-damage|p1a: Unwashed Goat|69/100 brn|[from] brn
|upkeep
|turn|43
|
|t:|1769394116
|move|p2a: Rotom|Volt Switch|p1a: Unwashed Goat
|-activate|p1a: Unwashed Goat|move: Substitute|[damage]
|move|p1a: Unwashed Goat|Tri Attack|p2a: Rotom
|-resisted|p2a: Rotom
|-damage|p2a: Rotom|64/100
|-status|p2a: Rotom|brn
|
|-damage|p2a: Rotom|58/100 brn|[from] brn
|-damage|p1a: Unwashed Goat|63/100 brn|[from] brn
|upkeep
|turn|44
|
|t:|1769394128
|move|p2a: Rotom|Volt Switch|p1a: Unwashed Goat
|-end|p1a: Unwashed Goat|Substitute
|move|p1a: Unwashed Goat|Recover|p1a: Unwashed Goat
|-heal|p1a: Unwashed Goat|100/100 brn
|
|-damage|p2a: Rotom|52/100 brn|[from] brn
|-damage|p1a: Unwashed Goat|94/100 brn|[from] brn
|upkeep
|turn|45
|
|t:|1769394141
|move|p2a: Rotom|Volt Switch|p1a: Unwashed Goat
|-damage|p1a: Unwashed Goat|76/100 brn
|move|p1a: Unwashed Goat|Substitute|p1a: Unwashed Goat
|-start|p1a: Unwashed Goat|Substitute
|-damage|p1a: Unwashed Goat|51/100 brn
|
|-damage|p2a: Rotom|46/100 brn|[from] brn
|-damage|p1a: Unwashed Goat|45/100 brn|[from] brn
|upkeep
|turn|46
|
|t:|1769394152
|move|p2a: Rotom|Volt Switch|p1a: Unwashed Goat
|-activate|p1a: Unwashed Goat|move: Substitute|[damage]
|move|p1a: Unwashed Goat|Recover|p1a: Unwashed Goat
|-heal|p1a: Unwashed Goat|95/100 brn
|
|-damage|p2a: Rotom|40/100 brn|[from] brn
|-damage|p1a: Unwashed Goat|88/100 brn|[from] brn
|upkeep
|turn|47
|
|t:|1769394162
|move|p2a: Rotom|Volt Switch|p1a: Unwashed Goat
|-crit|p1a: Unwashed Goat
|-end|p1a: Unwashed Goat|Substitute
|move|p1a: Unwashed Goat|Tri Attack|p2a: Rotom
|-resisted|p2a: Rotom
|-damage|p2a: Rotom|20/100 brn
|
|-damage|p2a: Rotom|14/100 brn|[from] brn
|-damage|p1a: Unwashed Goat|82/100 brn|[from] brn
|upkeep
|turn|48
|
|t:|1769394176
|move|p2a: Rotom|Volt Switch|p1a: Unwashed Goat
|-damage|p1a: Unwashed Goat|63/100 brn
|move|p1a: Unwashed Goat|Substitute|p1a: Unwashed Goat
|-start|p1a: Unwashed Goat|Substitute
|-damage|p1a: Unwashed Goat|38/100 brn
|
|-damage|p2a: Rotom|8/100 brn|[from] brn
|-damage|p1a: Unwashed Goat|32/100 brn|[from] brn
|upkeep
|turn|49
|
|t:|1769394187
|move|p2a: Rotom|Volt Switch|p1a: Unwashed Goat
|-crit|p1a: Unwashed Goat
|-end|p1a: Unwashed Goat|Substitute
|move|p1a: Unwashed Goat|Recover|p1a: Unwashed Goat
|-heal|p1a: Unwashed Goat|82/100 brn
|
|-damage|p2a: Rotom|2/100 brn|[from] brn
|-damage|p1a: Unwashed Goat|76/100 brn|[from] brn
|upkeep
|turn|50
|
|t:|1769394198
|move|p2a: Rotom|Leaf Storm|p1a: Unwashed Goat
|-damage|p1a: Unwashed Goat|41/100 brn
|-unboost|p2a: Rotom|spa|2
|move|p1a: Unwashed Goat|Tri Attack|p2a: Rotom
|-resisted|p2a: Rotom
|-damage|p2a: Rotom|0 fnt
|faint|p2a: Rotom
|
|win|MSNGNUM
|raw|MSNGNUM's rating: 1092 &rarr; <strong>1116</strong><br />(+24 for winning)
|raw|Olive 40's rating: 1066 &rarr; <strong>1048</strong><br />(-18 for losing)
|l|☆Olive 40
|player|p2|
|l|☆MSNGNUM
|player|p1|
