|j|☆nicewarmb33r
|j|☆Tryphone
|t:|1769328107
|gametype|singles
|player|p1|nicewarmb33r|2|1165
|player|p2|Tryphone|gambler|1165
|gen|9
|tier|[Gen 9] OU
|rated|
|rule|HP Percentage Mod: HP is shown in percentages
|rule|Endless Battle Clause: Forcing endless battles is banned
|rule|Species Clause: Limit one of each Pokémon
|rule|OHKO Clause: OHKO moves are banned
|rule|Evasion Items Clause: Evasion items are banned
|rule|Evasion Moves Clause: Evasion moves are banned
|rule|Evasion Abilities Clause: Evasion abilities are banned
|rule|Sleep Moves Clause: Sleep-inducing moves are banned
|clearpoke
|poke|p1|Garchomp, F|
|poke|p1|Garganacl, F|
|poke|p1|Walking Wake|
|poke|p1|Azumarill, F|
|poke|p1|Corviknight, M|
|poke|p1|Heatran, M|
|poke|p2|Exeggutor-Alola, M|
|poke|p2|Ninetales, F|
|poke|p2|Walking Wake|
|poke|p2|Venusaur, F|
|poke|p2|Great Tusk|
|poke|p2|Sandy Shocks|
|teampreview
|inactive|Battle timer is ON: inactive players will automatically lose when time's up. (requested by Tryphone)
|
|t:|1769328134
|teamsize|p1|6
|teamsize|p2|6
|start
|switch|p1a: Garganacl|Garganacl, F|100/100
|switch|p2a: Ninetales|Ninetales, F|100/100
|-weather|SunnyDay|[from] ability: Drought|[of] p2a: Ninetales
|-item|p1a: Garganacl|Air Balloon
|turn|1
|
|t:|1769328147
|move|p2a: Ninetales|Solar Beam||[still]
|-prepare|p2a: Ninetales|Solar Beam
|-anim|p2a: Ninetales|Solar Beam|p1a: Garganacl
|-supereffective|p1a: Garganacl
|-damage|p1a: Garganacl|63/100
|-enditem|p1a: Garganacl|Air Balloon
|move|p1a: Garganacl|Salt Cure|p2a: Ninetales
|-supereffective|p2a: Ninetales
|-damage|p2a: Ninetales|59/100
|-start|p2a: Ninetales|Salt Cure
|
|-weather|SunnyDay|[upkeep]
|-damage|p2a: Ninetales|46/100|[from] Salt Cure
|upkeep
|turn|2
|
|t:|1769328158
|switch|p2a: Great Tusk|Great Tusk|100/100
|-activate|p2a: Great Tusk|ability: Protosynthesis
|-start|p2a: Great Tusk|protosynthesisatk
|move|p1a: Garganacl|Recover|p1a: Garganacl
|-heal|p1a: Garganacl|100/100
|
|-weather|SunnyDay|[upkeep]
|upkeep
|turn|3
|
|t:|1769328175
|switch|p1a: Corviknight|Corviknight, M|100/100
|move|p2a: Great Tusk|Close Combat|p1a: Corviknight
|-damage|p1a: Corviknight|42/100
|-unboost|p2a: Great Tusk|def|1
|-unboost|p2a: Great Tusk|spd|1
|
|-weather|SunnyDay|[upkeep]
|-heal|p1a: Corviknight|48/100|[from] item: Leftovers
|upkeep
|turn|4
|
|t:|1769328190
|move|p2a: Great Tusk|Close Combat|p1a: Corviknight
|-damage|p1a: Corviknight|0 fnt
|-unboost|p2a: Great Tusk|def|1
|-unboost|p2a: Great Tusk|spd|1
|faint|p1a: Corviknight
|
|-weather|SunnyDay|[upkeep]
|upkeep
|inactive|nicewarmb33r has 120 seconds left.
|
|t:|1769328222
|switch|p1a: Walking Wake|Walking Wake|100/100
|-activate|p1a: Walking Wake|ability: Protosynthesis
|-start|p1a: Walking Wake|protosynthesisspa
|turn|5
|
|t:|1769328247
|-end|p2a: Great Tusk|Protosynthesis|[silent]
|switch|p2a: Sandy Shocks|Sandy Shocks|100/100
|-activate|p2a: Sandy Shocks|ability: Protosynthesis
|-start|p2a: Sandy Shocks|protosynthesisspe
|move|p1a: Walking Wake|Hydro Steam|p2a: Sandy Shocks
|-supereffective|p2a: Sandy Shocks
|-damage|p2a: Sandy Shocks|0 fnt
|faint|p2a: Sandy Shocks
|-end|p2a: Sandy Shocks|Protosynthesis|[silent]
|
|-weather|SunnyDay|[upkeep]
|upkeep
|
|t:|1769328250
|switch|p2a: Venusaur|Venusaur, F|100/100
|turn|6
|
|t:|1769328264
|move|p2a: Venusaur|Growth|p2a: Venusaur
|-boost|p2a: Venusaur|atk|2
|-boost|p2a: Venusaur|spa|2
|move|p1a: Walking Wake|Weather Ball|p2a: Venusaur
|-supereffective|p2a: Venusaur
|-damage|p2a: Venusaur|0 fnt
|faint|p2a: Venusaur
|
|-weather|SunnyDay|[upkeep]
|upkeep
|
|t:|1769328269
|switch|p2a: Exeggutor|Exeggutor-Alola, M|100/100
|turn|7
|inactive|nicewarmb33r has 120 seconds left.
|
|t:|1769328279
|move|p2a: Exeggutor|Endure|p2a: Exeggutor
|-singleturn|p2a: Exeggutor|move: Endure
|move|p1a: Walking Wake|Weather Ball|p2a: Exeggutor
|-damage|p2a: Exeggutor|24/100
|
|-weather|SunnyDay|[upkeep]
|upkeep
|turn|8
|inactive|nicewarmb33r has 120 seconds left.
|-enditem|p2a: Exeggutor|Custap Berry|[eat]
|-activate|p2a: Exeggutor|item: Custap Berry|[consumed]
|
|t:|1769328297
|move|p2a: Exeggutor|Dragon Hammer|p1a: Walking Wake
|-supereffective|p1a: Walking Wake
|-damage|p1a: Walking Wake|10/100
|move|p1a: Walking Wake|Dragon Pulse|p2a: Exeggutor
|-supereffective|p2a: Exeggutor
|-damage|p2a: Exeggutor|0 fnt
|faint|p2a: Exeggutor
|
|-weather|none
|-end|p1a: Walking Wake|Protosynthesis
|upkeep
|
|t:|1769328312
|switch|p2a: Walking Wake|Walking Wake|100/100
|turn|9
|inactive|nicewarmb33r has 120 seconds left.
|
|t:|1769328324
|-terastallize|p2a: Walking Wake|Water
|move|p2a: Walking Wake|Dragon Pulse|p1a: Walking Wake
|-supereffective|p1a: Walking Wake
|-damage|p1a: Walking Wake|0 fnt
|faint|p1a: Walking Wake
|-end|p1a: Walking Wake|Protosynthesis|[silent]
|
|upkeep
|-message|Tryphone forfeited.
|
|win|nicewarmb33r
|raw|nicewarmb33r's rating: 1165 &rarr; <strong>1190</strong><br />(+25 for winning)
|raw|Tryphone's rating: 1165 &rarr; <strong>1140</strong><br />(-25 for losing)
|l|☆Tryphone
|player|p2|
|l|☆nicewarmb33r
|player|p1|
