|j|☆keylumw
|j|☆koolkidpar
|t:|1769361520
|gametype|singles
|player|p1|keylumw|blue|
|player|p2|koolkidpar|ingo|
|gen|9
|tier|[Gen 9] OU
|rule|HP Percentage Mod: HP is shown in percentages
|rule|Endless Battle Clause: Forcing endless battles is banned
|rule|Species Clause: Limit one of each Pokémon
|rule|OHKO Clause: OHKO moves are banned
|rule|Evasion Items Clause: Evasion items are banned
|rule|Evasion Moves Clause: Evasion moves are banned
|rule|Evasion Abilities Clause: Evasion abilities are banned
|rule|Sleep Moves Clause: Sleep-inducing moves are banned
|clearpoke
|poke|p1|Gholdengo|
|poke|p1|Pecharunt|
|poke|p1|Zamazenta-*|
|poke|p1|Iron Treads|
|poke|p1|Dragonite, M|
|poke|p1|Samurott-Hisui, F|
|poke|p2|Garchomp, F|
|poke|p2|Alomomola, M|
|poke|p2|Iron Moth|
|poke|p2|Glimmora, M|
|poke|p2|Raging Bolt|
|poke|p2|Kingambit, F|
|teampreview
|inactive|Battle timer is ON: inactive players will automatically lose when time's up. (requested by koolkidpar)
|inactiveoff|Battle timer is now OFF.
|
|t:|1769361535
|teamsize|p1|6
|teamsize|p2|6
|start
|switch|p1a: Dragonite|Dragonite, M|100/100
|switch|p2a: Glimmora|Glimmora, M|100/100
|turn|1
|
|t:|1769361539
|move|p2a: Glimmora|Stealth Rock|p1a: Dragonite
|-sidestart|p1: keylumw|move: Stealth Rock
|move|p1a: Dragonite|Earthquake|p2a: Glimmora
|-supereffective|p2a: Glimmora
|-enditem|p2a: Glimmora|Focus Sash
|-damage|p2a: Glimmora|1/100
|-activate|p2a: Glimmora|ability: Toxic Debris
|-sidestart|p1: keylumw|move: Toxic Spikes
|
|upkeep
|turn|2
|
|t:|1769361546
|move|p1a: Dragonite|Extreme Speed|p2a: Glimmora
|-resisted|p2a: Glimmora
|-damage|p2a: Glimmora|0 fnt
|-activate|p2a: Glimmora|ability: Toxic Debris
|-sidestart|p1: keylumw|move: Toxic Spikes
|faint|p2a: Glimmora
|
|upkeep
|
|t:|1769361559
|switch|p2a: Raging Bolt|Raging Bolt|100/100
|turn|3
|
|t:|1769361565
|move|p2a: Raging Bolt|Thunderclap|p1a: Dragonite
|-damage|p1a: Dragonite|83/100
|move|p1a: Dragonite|Earthquake|p2a: Raging Bolt
|-supereffective|p2a: Raging Bolt
|-damage|p2a: Raging Bolt|27/100
|
|upkeep
|turn|4
|
|t:|1769361569
|move|p2a: Raging Bolt|Dragon Pulse|p1a: Dragonite
|-supereffective|p1a: Dragonite
|-damage|p1a: Dragonite|0 fnt
|faint|p1a: Dragonite
|
|upkeep
|
|t:|1769361575
|switch|p1a: Iron Treads|Iron Treads|100/100
|turn|5
|
|t:|1769361579
|move|p1a: Iron Treads|Rapid Spin|p2a: Raging Bolt
|-damage|p2a: Raging Bolt|14/100
|-boost|p1a: Iron Treads|spe|1
|-sideend|p1: keylumw|Toxic Spikes|[from] move: Rapid Spin|[of] p1a: Iron Treads
|-sideend|p1: keylumw|Stealth Rock|[from] move: Rapid Spin|[of] p1a: Iron Treads
|move|p2a: Raging Bolt|Volt Switch|p1a: Iron Treads
|-immune|p1a: Iron Treads
|
|upkeep
|turn|6
|
|t:|1769361585
|move|p1a: Iron Treads|Stealth Rock|p2a: Raging Bolt
|-sidestart|p2: koolkidpar|move: Stealth Rock
|move|p2a: Raging Bolt|Dragon Pulse|p1a: Iron Treads
|-resisted|p1a: Iron Treads
|-damage|p1a: Iron Treads|77/100
|
|upkeep
|turn|7
|
|t:|1769361595
|move|p1a: Iron Treads|Knock Off|p2a: Raging Bolt
|-damage|p2a: Raging Bolt|0 fnt
|-enditem|p2a: Raging Bolt|Heavy-Duty Boots|[from] move: Knock Off|[of] p1a: Iron Treads
|faint|p2a: Raging Bolt
|-end|p2a: Raging Bolt|Protosynthesis|[silent]
|
|upkeep
|
|t:|1769361598
|switch|p2a: Garchomp|Garchomp, F|100/100
|-damage|p2a: Garchomp|94/100|[from] Stealth Rock
|turn|8
|
|t:|1769361603
|move|p1a: Iron Treads|Knock Off|p2a: Garchomp
|-damage|p2a: Garchomp|69/100
|-damage|p1a: Iron Treads|65/100|[from] ability: Rough Skin|[of] p2a: Garchomp
|-enditem|p2a: Garchomp|Loaded Dice|[from] move: Knock Off|[of] p1a: Iron Treads
|move|p2a: Garchomp|Swords Dance|p2a: Garchomp
|-boost|p2a: Garchomp|atk|2
|
|upkeep
|turn|9
|
|t:|1769361612
|move|p1a: Iron Treads|Earthquake|p2a: Garchomp
|-damage|p2a: Garchomp|30/100
|move|p2a: Garchomp|Earthquake|p1a: Iron Treads
|-supereffective|p1a: Iron Treads
|-damage|p1a: Iron Treads|0 fnt
|faint|p1a: Iron Treads
|-end|p1a: Iron Treads|Quark Drive|[silent]
|
|upkeep
|
|t:|1769361625
|switch|p1a: Zamazenta|Zamazenta|100/100
|-ability|p1a: Zamazenta|Dauntless Shield|boost
|-boost|p1a: Zamazenta|def|1
|turn|10
|
|t:|1769361632
|move|p1a: Zamazenta|Iron Defense|p1a: Zamazenta
|-boost|p1a: Zamazenta|def|2
|move|p2a: Garchomp|Earthquake|p1a: Zamazenta
|-damage|p1a: Zamazenta|73/100
|
|-heal|p1a: Zamazenta|79/100|[from] item: Leftovers
|upkeep
|turn|11
|
|t:|1769361637
|move|p1a: Zamazenta|Body Press|p2a: Garchomp
|-damage|p2a: Garchomp|0 fnt
|-damage|p1a: Zamazenta|67/100|[from] ability: Rough Skin|[of] p2a: Garchomp
|faint|p2a: Garchomp
|
|-heal|p1a: Zamazenta|73/100|[from] item: Leftovers
|upkeep
|
|t:|1769361642
|switch|p2a: Iron Moth|Iron Moth|100/100
|-damage|p2a: Iron Moth|76/100|[from] Stealth Rock
|-enditem|p2a: Iron Moth|Booster Energy
|-activate|p2a: Iron Moth|ability: Quark Drive|[fromitem]
|-start|p2a: Iron Moth|quarkdrivespe
|turn|12
|
|t:|1769361651
|move|p2a: Iron Moth|Dazzling Gleam|p1a: Zamazenta
|-supereffective|p1a: Zamazenta
|-damage|p1a: Zamazenta|25/100
|move|p1a: Zamazenta|Body Press|p2a: Iron Moth
|-resisted|p2a: Iron Moth
|-damage|p2a: Iron Moth|12/100
|
|-heal|p1a: Zamazenta|31/100|[from] item: Leftovers
|upkeep
|turn|13
|
|t:|1769361659
|-terastallize|p1a: Zamazenta|Fire
|move|p2a: Iron Moth|Dazzling Gleam|p1a: Zamazenta
|-resisted|p1a: Zamazenta
|-damage|p1a: Zamazenta|19/100
|move|p1a: Zamazenta|Crunch|p2a: Iron Moth
|-damage|p2a: Iron Moth|0 fnt
|faint|p2a: Iron Moth
|-end|p2a: Iron Moth|Quark Drive|[silent]
|
|-heal|p1a: Zamazenta|25/100|[from] item: Leftovers
|upkeep
|
|t:|1769361669
|switch|p2a: Alomomola|Alomomola, M|100/100
|-damage|p2a: Alomomola|88/100|[from] Stealth Rock
|turn|14
|
|t:|1769361677
|-terastallize|p2a: Alomomola|Ghost
|move|p1a: Zamazenta|Iron Defense|p1a: Zamazenta
|-boost|p1a: Zamazenta|def|2
|move|p2a: Alomomola|Scald|p1a: Zamazenta
|-supereffective|p1a: Zamazenta
|-damage|p1a: Zamazenta|2/100
|
|-heal|p1a: Zamazenta|9/100|[from] item: Leftovers
|upkeep
|turn|15
|
|t:|1769361688
|move|p1a: Zamazenta|Crunch|p2a: Alomomola
|-supereffective|p2a: Alomomola
|-damage|p2a: Alomomola|64/100
|-enditem|p2a: Alomomola|Red Card|[of] p1a: Zamazenta
|drag|p1a: Gholdengo|Gholdengo|100/100
|move|p2a: Alomomola|Scald|p1a: Gholdengo
|-damage|p1a: Gholdengo|87/100
|-status|p1a: Gholdengo|brn
|
|-damage|p1a: Gholdengo|81/100 brn|[from] brn
|upkeep
|turn|16
|
|t:|1769361699
|move|p1a: Gholdengo|Shadow Ball|p2a: Alomomola
|-supereffective|p2a: Alomomola
|-crit|p2a: Alomomola
|-damage|p2a: Alomomola|0 fnt
|faint|p2a: Alomomola
|
|-damage|p1a: Gholdengo|75/100 brn|[from] brn
|upkeep
|
|t:|1769361703
|switch|p2a: Kingambit|Kingambit, F|100/100
|-damage|p2a: Kingambit|94/100|[from] Stealth Rock
|-activate|p2a: Kingambit|ability: Supreme Overlord
|-start|p2a: Kingambit|fallen5|[silent]
|turn|17
|
|t:|1769361706
|move|p2a: Kingambit|Sucker Punch||[still]
|-fail|p2a: Kingambit
|move|p1a: Gholdengo|Recover|p1a: Gholdengo
|-heal|p1a: Gholdengo|100/100 brn
|
|-heal|p2a: Kingambit|100/100|[from] item: Leftovers
|-damage|p1a: Gholdengo|94/100 brn|[from] brn
|upkeep
|turn|18
|
|t:|1769361710
|move|p2a: Kingambit|Sucker Punch||[still]
|-fail|p2a: Kingambit
|move|p1a: Gholdengo|Nasty Plot|p1a: Gholdengo
|-boost|p1a: Gholdengo|spa|2
|
|-damage|p1a: Gholdengo|88/100 brn|[from] brn
|upkeep
|turn|19
|
|t:|1769361715
|move|p2a: Kingambit|Sucker Punch|p1a: Gholdengo
|-supereffective|p1a: Gholdengo
|-damage|p1a: Gholdengo|0 fnt
|faint|p1a: Gholdengo
|
|upkeep
|
|t:|1769361720
|switch|p1a: Zamazenta|Zamazenta, tera:Fire|9/100
|turn|20
|
|t:|1769361728
|switch|p1a: Samurott|Samurott-Hisui, F|100/100
|move|p2a: Kingambit|Swords Dance|p2a: Kingambit
|-boost|p2a: Kingambit|atk|2
|
|upkeep
|turn|21
|
|t:|1769361735
|move|p1a: Samurott|Knock Off|p2a: Kingambit
|-resisted|p2a: Kingambit
|-damage|p2a: Kingambit|80/100
|-enditem|p2a: Kingambit|Leftovers|[from] move: Knock Off|[of] p1a: Samurott
|move|p2a: Kingambit|Iron Head|p1a: Samurott
|-resisted|p1a: Samurott
|-damage|p1a: Samurott|26/100
|-damage|p2a: Kingambit|64/100|[from] item: Rocky Helmet|[of] p1a: Samurott
|
|upkeep
|turn|22
|
|t:|1769361740
|move|p2a: Kingambit|Sucker Punch|p1a: Samurott
|-resisted|p1a: Samurott
|-damage|p1a: Samurott|0 fnt
|-damage|p2a: Kingambit|47/100|[from] item: Rocky Helmet|[of] p1a: Samurott
|faint|p1a: Samurott
|
|upkeep
|
|t:|1769361744
|switch|p1a: Pecharunt|Pecharunt|100/100
|-item|p1a: Pecharunt|Air Balloon
|turn|23
|
|t:|1769361748
|move|p2a: Kingambit|Sucker Punch||[still]
|-fail|p2a: Kingambit
|move|p1a: Pecharunt|Parting Shot|p2a: Kingambit
|-unboost|p2a: Kingambit|atk|1
|-unboost|p2a: Kingambit|spa|1
|
|t:|1769361750
|switch|p1a: Zamazenta|Zamazenta, tera:Fire|9/100|[from] Parting Shot
|
|-heal|p1a: Zamazenta|15/100|[from] item: Leftovers
|upkeep
|turn|24
|
|t:|1769361753
|switch|p1a: Pecharunt|Pecharunt|100/100
|-item|p1a: Pecharunt|Air Balloon
|move|p2a: Kingambit|Sucker Punch||[still]
|-fail|p2a: Kingambit
|
|upkeep
|turn|25
|
|t:|1769361761
|move|p1a: Pecharunt|Shadow Ball|p2a: Kingambit
|-resisted|p2a: Kingambit
|-damage|p2a: Kingambit|33/100
|move|p2a: Kingambit|Kowtow Cleave|p1a: Pecharunt
|-supereffective|p1a: Pecharunt
|-damage|p1a: Pecharunt|0 fnt
|-enditem|p1a: Pecharunt|Air Balloon
|faint|p1a: Pecharunt
|
|upkeep
|
|t:|1769361767
|switch|p1a: Zamazenta|Zamazenta, tera:Fire|15/100
|turn|26
|
|t:|1769361770
|move|p2a: Kingambit|Sucker Punch||[still]
|-fail|p2a: Kingambit
|move|p1a: Zamazenta|Iron Defense|p1a: Zamazenta
|-boost|p1a: Zamazenta|def|2
|
|-heal|p1a: Zamazenta|21/100|[from] item: Leftovers
|upkeep
|turn|27
|
|t:|1769361775
|move|p2a: Kingambit|Sucker Punch|p1a: Zamazenta
|-damage|p1a: Zamazenta|0 fnt
|faint|p1a: Zamazenta
|
|win|koolkidpar
|c|☆keylumw|GG
|c|☆koolkidpar|GG
|l|☆keylumw
|player|p1|
