|j|☆John orb
|j|☆ashiscool12345
|t:|1769408335
|gametype|singles
|player|p1|John orb|li|1213
|player|p2|ashiscool12345|266|1224
|gen|9
|tier|[Gen 9] OU
|rated|
|rule|HP Percentage Mod: HP is shown in percentages
|rule|Endless Battle Clause: Forcing endless battles is banned
|rule|Species Clause: Limit one of each Pokémon
|rule|OHKO Clause: OHKO moves are banned
|rule|Evasion Items Clause: Evasion items are banned
|rule|Evasion Moves Clause: Evasion moves are banned
|rule|Evasion Abilities Clause: Evasion abilities are banned
|rule|Sleep Moves Clause: Sleep-inducing moves are banned
|clearpoke
|poke|p1|Kingambit, M|
|poke|p1|Mimikyu, M|
|poke|p1|Great Tusk|
|poke|p1|Landorus-Therian, M|
|poke|p1|Cinderace, M|
|poke|p1|Deoxys-Speed|
|poke|p2|Blaziken, F|
|poke|p2|Dragonite, F|
|poke|p2|Gyarados, F|
|poke|p2|Ribombee, F|
|poke|p2|Kingambit, F|
|poke|p2|Polteageist|
|teampreview
|inactive|Battle timer is ON: inactive players will automatically lose when time's up. (requested by ashiscool12345)
|
|t:|1769408349
|teamsize|p1|6
|teamsize|p2|6
|start
|switch|p1a: Deoxys|Deoxys-Speed|100/100
|switch|p2a: Polteageist|Polteageist|100/100
|-ability|p1a: Deoxys|Pressure
|turn|1
|
|t:|1769408369
|move|p1a: Deoxys|Psycho Boost|p2a: Polteageist
|-damage|p2a: Polteageist|28/100
|-unboost|p1a: Deoxys|spa|2
|-enditem|p1a: Deoxys|Eject Pack
|
|t:|1769408376
|switch|p1a: Mimikyu|Mimikyu, M|100/100
|move|p2a: Polteageist|Shell Smash|p2a: Polteageist
|-unboost|p2a: Polteageist|def|1
|-unboost|p2a: Polteageist|spd|1
|-boost|p2a: Polteageist|atk|2
|-boost|p2a: Polteageist|spa|2
|-boost|p2a: Polteageist|spe|2
|
|upkeep
|turn|2
|
|t:|1769408390
|move|p1a: Mimikyu|Shadow Sneak|p2a: Polteageist
|-supereffective|p2a: Polteageist
|-damage|p2a: Polteageist|0 fnt
|faint|p2a: Polteageist
|-damage|p1a: Mimikyu|91/100|[from] item: Life Orb
|
|upkeep
|
|t:|1769408401
|switch|p2a: Gyarados|Gyarados, F|100/100
|turn|3
|
|t:|1769408412
|move|p1a: Mimikyu|Swords Dance|p1a: Mimikyu
|-boost|p1a: Mimikyu|atk|2
|move|p2a: Gyarados|Waterfall|p1a: Mimikyu
|-activate|p1a: Mimikyu|ability: Disguise
|-damage|p1a: Mimikyu|91/100
|detailschange|p1a: Mimikyu|Mimikyu-Busted, M
|-damage|p1a: Mimikyu|78/100|[from] pokemon: Mimikyu-Busted
|
|upkeep
|turn|4
|
|t:|1769408424
|move|p1a: Mimikyu|Phantom Force||[still]
|-prepare|p1a: Mimikyu|Phantom Force
|move|p2a: Gyarados|Waterfall|p1a: Mimikyu|[miss]
|-miss|p2a: Gyarados|p1a: Mimikyu
|
|upkeep
|turn|5
|
|t:|1769408436
|move|p1a: Mimikyu|Phantom Force|p2a: Gyarados|[from] lockedmove
|-enditem|p2a: Gyarados|Focus Sash
|-damage|p2a: Gyarados|1/100
|-damage|p1a: Mimikyu|68/100|[from] item: Life Orb
|move|p2a: Gyarados|Dragon Dance|p2a: Gyarados
|-boost|p2a: Gyarados|atk|1
|-boost|p2a: Gyarados|spe|1
|
|upkeep
|turn|6
|
|t:|1769408445
|move|p1a: Mimikyu|Shadow Sneak|p2a: Gyarados
|-damage|p2a: Gyarados|0 fnt
|faint|p2a: Gyarados
|-damage|p1a: Mimikyu|58/100|[from] item: Life Orb
|
|upkeep
|
|t:|1769408451
|switch|p2a: Dragonite|Dragonite, F|100/100
|turn|7
|
|t:|1769408478
|move|p1a: Mimikyu|Drain Punch|p2a: Dragonite
|-resisted|p2a: Dragonite
|-damage|p2a: Dragonite|84/100
|-heal|p1a: Mimikyu|69/100|[from] drain|[of] p2a: Dragonite
|-damage|p1a: Mimikyu|59/100|[from] item: Life Orb
|move|p2a: Dragonite|Earthquake|p1a: Mimikyu
|-damage|p1a: Mimikyu|0 fnt
|faint|p1a: Mimikyu
|
|upkeep
|inactive|John orb has 120 seconds left.
|
|t:|1769408493
|switch|p1a: Great Tusk|Great Tusk|100/100
|-enditem|p1a: Great Tusk|Booster Energy
|-activate|p1a: Great Tusk|ability: Protosynthesis|[fromitem]
|-start|p1a: Great Tusk|protosynthesisatk
|turn|8
|
|t:|1769408499
|switch|p2a: Blaziken|Blaziken, F|100/100
|move|p1a: Great Tusk|Rapid Spin|p2a: Blaziken
|-damage|p2a: Blaziken|68/100
|-boost|p1a: Great Tusk|spe|1
|
|upkeep
|turn|9
|inactive|John orb has 120 seconds left.
|
|t:|1769408523
|move|p1a: Great Tusk|Headlong Rush|p2a: Blaziken
|-supereffective|p2a: Blaziken
|-damage|p2a: Blaziken|0 fnt
|-unboost|p1a: Great Tusk|def|1
|-unboost|p1a: Great Tusk|spd|1
|faint|p2a: Blaziken
|
|upkeep
|-message|ashiscool12345 forfeited.
|
|win|John orb
|raw|John orb's rating: 1213 &rarr; <strong>1239</strong><br />(+26 for winning)
|raw|ashiscool12345's rating: 1224 &rarr; <strong>1198</strong><br />(-26 for losing)
|l|☆ashiscool12345
|player|p2|
|l|☆John orb
|player|p1|
