|j|☆ryzuqi
|j|☆bipom PU abuser
|t:|1769343409
|gametype|singles
|player|p1|ryzuqi|101|1415
|player|p2|bipom PU abuser|kunoichi2-conquest|1433
|gen|9
|tier|[Gen 9] OU
|rated|
|rule|HP Percentage Mod: HP is shown in percentages
|rule|Endless Battle Clause: Forcing endless battles is banned
|rule|Species Clause: Limit one of each Pokémon
|rule|OHKO Clause: OHKO moves are banned
|rule|Evasion Items Clause: Evasion items are banned
|rule|Evasion Moves Clause: Evasion moves are banned
|rule|Evasion Abilities Clause: Evasion abilities are banned
|rule|Sleep Moves Clause: Sleep-inducing moves are banned
|clearpoke
|poke|p1|Crawdaunt, F|
|poke|p1|Gliscor, M|
|poke|p1|Weezing-Galar, F|
|poke|p1|Hoopa-Unbound|
|poke|p1|Slowking-Galar, F|
|poke|p1|Deoxys-Defense|
|poke|p2|Azumarill, M|
|poke|p2|Ambipom, F|
|poke|p2|Corviknight, M|
|poke|p2|Dragapult, M|
|poke|p2|Garganacl, M|
|poke|p2|Clodsire, M|
|teampreview
|
|t:|1769343413
|teamsize|p1|6
|teamsize|p2|6
|start
|switch|p1a: Gliscor|Gliscor, M|100/100
|switch|p2a: Ambipom|Ambipom, F|100/100
|turn|1
|
|t:|1769343416
|move|p1a: Gliscor|Protect|p1a: Gliscor
|-singleturn|p1a: Gliscor|Protect
|move|p2a: Ambipom|Fake Out|p1a: Gliscor
|-activate|p1a: Gliscor|move: Protect
|
|-status|p1a: Gliscor|tox|[from] item: Toxic Orb
|upkeep
|turn|2
|
|t:|1769343420
|move|p2a: Ambipom|Triple Axel|p1a: Gliscor
|-supereffective|p1a: Gliscor
|-damage|p1a: Gliscor|77/100 tox
|-supereffective|p1a: Gliscor
|-damage|p1a: Gliscor|34/100 tox
|-supereffective|p1a: Gliscor
|-damage|p1a: Gliscor|0 fnt
|faint|p1a: Gliscor
|-hitcount|p1: Gliscor|3
|
|upkeep
|
|t:|1769343430
|switch|p1a: Deoxys|Deoxys-Defense|100/100
|-ability|p1a: Deoxys|Pressure
|turn|3
|
|t:|1769343433
|move|p2a: Ambipom|U-turn|p1a: Deoxys
|-supereffective|p1a: Deoxys
|-damage|p1a: Deoxys|77/100
|
|t:|1769343436
|switch|p2a: Clodsire|Clodsire, M|100/100|[from] U-turn
|move|p1a: Deoxys|Thunder Wave|p2a: Clodsire
|-immune|p2a: Clodsire
|
|upkeep
|turn|4
|
|t:|1769343447
|move|p2a: Clodsire|Toxic|p1a: Deoxys
|-status|p1a: Deoxys|tox
|move|p1a: Deoxys|Teleport|p1a: Deoxys
|
|t:|1769343449
|switch|p1a: Crawdaunt|Crawdaunt, F|100/100|[from] Teleport
|
|upkeep
|turn|5
|
|t:|1769343456
|move|p1a: Crawdaunt|Switcheroo|p2a: Clodsire
|-activate|p1a: Crawdaunt|move: Trick|[of] p2a: Clodsire
|-item|p2a: Clodsire|Choice Band|[from] move: Switcheroo
|-item|p1a: Crawdaunt|Leftovers|[from] move: Switcheroo
|move|p2a: Clodsire|Toxic|p1a: Crawdaunt
|-status|p1a: Crawdaunt|tox
|
|-damage|p1a: Crawdaunt|95/100 tox|[from] psn
|upkeep
|turn|6
|
|t:|1769343463
|switch|p1a: Slowking|Slowking-Galar, F, shiny|100/100
|switch|p2a: Corviknight|Corviknight, M|100/100
|
|upkeep
|turn|7
|
|t:|1769343468
|move|p2a: Corviknight|U-turn|p1a: Slowking
|-damage|p1a: Slowking|86/100
|
|t:|1769343470
|switch|p2a: Clodsire|Clodsire, M|100/100|[from] U-turn
|move|p1a: Slowking|Trick Room|p1a: Slowking
|-fieldstart|move: Trick Room|[of] p1a: Slowking
|
|-heal|p1a: Slowking|92/100|[from] item: Black Sludge
|upkeep
|turn|8
|
|t:|1769343486
|switch|p1a: Crawdaunt|Crawdaunt, F|95/100 tox
|move|p2a: Clodsire|Earthquake|p1a: Crawdaunt
|-damage|p1a: Crawdaunt|35/100 tox
|
|-heal|p1a: Crawdaunt|41/100 tox|[from] item: Leftovers
|-damage|p1a: Crawdaunt|35/100 tox|[from] psn
|upkeep
|turn|9
|
|t:|1769343490
|move|p2a: Clodsire|Earthquake|p1a: Crawdaunt
|-damage|p1a: Crawdaunt|0 fnt
|faint|p1a: Crawdaunt
|
|upkeep
|-message|ryzuqi forfeited.
|
|win|bipom PU abuser
|raw|ryzuqi's rating: 1415 &rarr; <strong>1396</strong><br />(-19 for losing)
|raw|bipom PU abuser's rating: 1433 &rarr; <strong>1452</strong><br />(+19 for winning)
|l|☆ryzuqi
|player|p1|
|l|☆bipom PU abuser
|player|p2|
