|j|☆NoPuesVale
|j|☆mijumaru94
|t:|1769399787
|gametype|singles
|player|p1|NoPuesVale|lance|1151
|player|p2|mijumaru94|silver|1207
|gen|9
|tier|[Gen 9] OU
|rated|
|rule|HP Percentage Mod: HP is shown in percentages
|rule|Endless Battle Clause: Forcing endless battles is banned
|rule|Species Clause: Limit one of each Pokémon
|rule|OHKO Clause: OHKO moves are banned
|rule|Evasion Items Clause: Evasion items are banned
|rule|Evasion Moves Clause: Evasion moves are banned
|rule|Evasion Abilities Clause: Evasion abilities are banned
|rule|Sleep Moves Clause: Sleep-inducing moves are banned
|clearpoke
|poke|p1|Cloyster, F|
|poke|p1|Tsareena, F|
|poke|p1|Iron Treads|
|poke|p1|Typhlosion-Hisui, F|
|poke|p1|Garchomp, M|
|poke|p1|Yanmega, F|
|poke|p2|Rillaboom, M|
|poke|p2|Raging Bolt|
|poke|p2|Heatran, M|
|poke|p2|Corviknight, M|
|poke|p2|Great Tusk|
|poke|p2|Primarina, F|
|teampreview
|inactive|Battle timer is ON: inactive players will automatically lose when time's up. (requested by NoPuesVale)
|
|t:|1769399798
|teamsize|p1|6
|teamsize|p2|6
|start
|switch|p1a: Garchomp|Garchomp, M|100/100
|switch|p2a: Rillaboom|Rillaboom, M|100/100
|-fieldstart|move: Grassy Terrain|[from] ability: Grassy Surge|[of] p2a: Rillaboom
|turn|1
|
|t:|1769399807
|move|p2a: Rillaboom|Knock Off|p1a: Garchomp
|-damage|p1a: Garchomp|60/100
|-damage|p2a: Rillaboom|88/100|[from] ability: Rough Skin|[of] p1a: Garchomp
|-damage|p2a: Rillaboom|72/100|[from] item: Rocky Helmet|[of] p1a: Garchomp
|-enditem|p1a: Garchomp|Rocky Helmet|[from] move: Knock Off|[of] p2a: Rillaboom
|move|p1a: Garchomp|Stealth Rock|p2a: Rillaboom
|-sidestart|p2: mijumaru94|move: Stealth Rock
|
|-heal|p2a: Rillaboom|78/100|[from] Grassy Terrain
|-heal|p1a: Garchomp|66/100|[from] Grassy Terrain
|upkeep
|turn|2
|
|t:|1769399818
|switch|p2a: Great Tusk|Great Tusk|100/100
|move|p1a: Garchomp|Spikes|p2a: Great Tusk
|-sidestart|p2: mijumaru94|Spikes
|
|-heal|p1a: Garchomp|72/100|[from] Grassy Terrain
|upkeep
|turn|3
|
|t:|1769399826
|move|p2a: Great Tusk|Stealth Rock|p1a: Garchomp
|-sidestart|p1: NoPuesVale|move: Stealth Rock
|move|p1a: Garchomp|Dragon Tail|p2a: Great Tusk
|-damage|p2a: Great Tusk|85/100
|-end|p2a: Great Tusk|Protosynthesis|[silent]
|drag|p2a: Heatran|Heatran, M|100/100
|-damage|p2a: Heatran|88/100|[from] Stealth Rock
|-damage|p2a: Heatran|76/100|[from] Spikes
|
|-heal|p1a: Garchomp|78/100|[from] Grassy Terrain
|-heal|p2a: Heatran|82/100|[from] Grassy Terrain
|-heal|p2a: Heatran|88/100|[from] item: Leftovers
|upkeep
|turn|4
|
|t:|1769399840
|move|p1a: Garchomp|Earthquake|p2a: Heatran
|-supereffective|p2a: Heatran
|-damage|p2a: Heatran|4/100
|move|p2a: Heatran|Magma Storm|p1a: Garchomp
|-resisted|p1a: Garchomp
|-damage|p1a: Garchomp|54/100
|-activate|p1a: Garchomp|move: Magma Storm|[of] p2a: Heatran
|
|-heal|p1a: Garchomp|60/100|[from] Grassy Terrain
|-heal|p2a: Heatran|10/100|[from] Grassy Terrain
|-heal|p2a: Heatran|17/100|[from] item: Leftovers
|-damage|p1a: Garchomp|48/100|[from] move: Magma Storm|[partiallytrapped]
|upkeep
|turn|5
|
|t:|1769399852
|move|p2a: Heatran|Protect|p2a: Heatran
|-singleturn|p2a: Heatran|Protect
|move|p1a: Garchomp|Spikes|p2a: Heatran
|-sidestart|p2: mijumaru94|Spikes
|
|-heal|p1a: Garchomp|54/100|[from] Grassy Terrain
|-heal|p2a: Heatran|23/100|[from] Grassy Terrain
|-heal|p2a: Heatran|29/100|[from] item: Leftovers
|-damage|p1a: Garchomp|41/100|[from] move: Magma Storm|[partiallytrapped]
|-fieldend|move: Grassy Terrain
|upkeep
|turn|6
|
|t:|1769399862
|switch|p2a: Great Tusk|Great Tusk|85/100
|move|p1a: Garchomp|Earthquake|p2a: Great Tusk
|-damage|p2a: Great Tusk|57/100
|
|-end|p1a: Garchomp|Magma Storm|[partiallytrapped]|[silent]
|upkeep
|turn|7
|
|t:|1769399870
|move|p2a: Great Tusk|Rapid Spin|p1a: Garchomp
|-damage|p1a: Garchomp|30/100
|-boost|p2a: Great Tusk|spe|1
|-damage|p2a: Great Tusk|45/100|[from] ability: Rough Skin|[of] p1a: Garchomp
|-sideend|p2: mijumaru94|Spikes|[from] move: Rapid Spin|[of] p2a: Great Tusk
|-sideend|p2: mijumaru94|Stealth Rock|[from] move: Rapid Spin|[of] p2a: Great Tusk
|move|p1a: Garchomp|Dragon Tail|p2a: Great Tusk
|-damage|p2a: Great Tusk|29/100
|-end|p2a: Great Tusk|Protosynthesis|[silent]
|drag|p2a: Rillaboom|Rillaboom, M|78/100
|-fieldstart|move: Grassy Terrain|[from] ability: Grassy Surge|[of] p2a: Rillaboom
|
|-heal|p2a: Rillaboom|84/100|[from] Grassy Terrain
|-heal|p1a: Garchomp|37/100|[from] Grassy Terrain
|upkeep
|turn|8
|
|t:|1769399884
|move|p2a: Rillaboom|U-turn|p1a: Garchomp
|-damage|p1a: Garchomp|7/100
|-damage|p2a: Rillaboom|72/100|[from] ability: Rough Skin|[of] p1a: Garchomp
|
|t:|1769399896
|switch|p2a: Primarina|Primarina, F|100/100|[from] U-turn
|move|p1a: Garchomp|Stealth Rock|p2a: Primarina
|-sidestart|p2: mijumaru94|move: Stealth Rock
|
|-heal|p1a: Garchomp|13/100|[from] Grassy Terrain
|upkeep
|turn|9
|
|t:|1769399908
|move|p1a: Garchomp|Spikes|p2a: Primarina
|-sidestart|p2: mijumaru94|Spikes
|move|p2a: Primarina|Hydro Pump|p1a: Garchomp|[miss]
|-miss|p2a: Primarina|p1a: Garchomp
|
|-heal|p1a: Garchomp|19/100|[from] Grassy Terrain
|upkeep
|turn|10
|
|t:|1769399915
|move|p1a: Garchomp|Spikes|p2a: Primarina
|-sidestart|p2: mijumaru94|Spikes
|move|p2a: Primarina|Moonblast|p1a: Garchomp
|-supereffective|p1a: Garchomp
|-damage|p1a: Garchomp|0 fnt
|faint|p1a: Garchomp
|
|upkeep
|
|t:|1769399926
|switch|p1a: Tsareena|Tsareena, F|100/100
|-damage|p1a: Tsareena|88/100|[from] Stealth Rock
|turn|11
|
|t:|1769399931
|move|p1a: Tsareena|Trailblaze|p2a: Primarina
|-supereffective|p2a: Primarina
|-damage|p2a: Primarina|28/100
|-boost|p1a: Tsareena|spe|1
|move|p2a: Primarina|Encore|p1a: Tsareena
|-start|p1a: Tsareena|Encore
|
|-heal|p1a: Tsareena|94/100|[from] Grassy Terrain
|-heal|p1a: Tsareena|99/100|[from] item: Leftovers
|-heal|p2a: Primarina|34/100|[from] Grassy Terrain
|-heal|p2a: Primarina|40/100|[from] item: Leftovers
|-fieldend|move: Grassy Terrain
|upkeep
|turn|12
|
|t:|1769399944
|switch|p2a: Corviknight|Corviknight, M, shiny|100/100
|-damage|p2a: Corviknight|88/100|[from] Stealth Rock
|-ability|p2a: Corviknight|Pressure
|move|p1a: Tsareena|Trailblaze|p2a: Corviknight
|-resisted|p2a: Corviknight
|-damage|p2a: Corviknight|84/100
|-boost|p1a: Tsareena|spe|1
|-damage|p1a: Tsareena|84/100|[from] item: Rocky Helmet|[of] p2a: Corviknight
|
|-heal|p1a: Tsareena|90/100|[from] item: Leftovers
|upkeep
|turn|13
|
|t:|1769399960
|switch|p1a: Iron Treads|Iron Treads|100/100
|-damage|p1a: Iron Treads|97/100|[from] Stealth Rock
|-enditem|p1a: Iron Treads|Booster Energy
|-activate|p1a: Iron Treads|ability: Quark Drive|[fromitem]
|-start|p1a: Iron Treads|quarkdriveatk
|move|p2a: Corviknight|Brave Bird|p1a: Iron Treads
|-resisted|p1a: Iron Treads
|-damage|p1a: Iron Treads|81/100
|-damage|p2a: Corviknight|80/100|[from] Recoil
|
|upkeep
|turn|14
|
|t:|1769399971
|move|p1a: Iron Treads|Rapid Spin|p2a: Corviknight
|-resisted|p2a: Corviknight
|-damage|p2a: Corviknight|73/100
|-boost|p1a: Iron Treads|spe|1
|-damage|p1a: Iron Treads|64/100|[from] item: Rocky Helmet|[of] p2a: Corviknight
|-sideend|p1: NoPuesVale|Stealth Rock|[from] move: Rapid Spin|[of] p1a: Iron Treads
|move|p2a: Corviknight|U-turn|p1a: Iron Treads
|-resisted|p1a: Iron Treads
|-damage|p1a: Iron Treads|57/100
|
|t:|1769399982
|switch|p2a: Great Tusk|Great Tusk|29/100|[from] U-turn
|
|upkeep
|turn|15
|
|t:|1769399991
|move|p1a: Iron Treads|Ice Spinner|p2a: Great Tusk
|-supereffective|p2a: Great Tusk
|-damage|p2a: Great Tusk|0 fnt
|faint|p2a: Great Tusk
|-end|p2a: Great Tusk|Protosynthesis|[silent]
|
|upkeep
|
|t:|1769399997
|switch|p2a: Corviknight|Corviknight, M, shiny|73/100
|-damage|p2a: Corviknight|60/100|[from] Stealth Rock
|-ability|p2a: Corviknight|Pressure
|turn|16
|
|t:|1769400003
|move|p1a: Iron Treads|Knock Off|p2a: Corviknight
|-damage|p2a: Corviknight|34/100
|-damage|p1a: Iron Treads|41/100|[from] item: Rocky Helmet|[of] p2a: Corviknight
|-enditem|p2a: Corviknight|Rocky Helmet|[from] move: Knock Off|[of] p1a: Iron Treads
|move|p2a: Corviknight|Body Press|p1a: Iron Treads
|-supereffective|p1a: Iron Treads
|-damage|p1a: Iron Treads|0 fnt
|faint|p1a: Iron Treads
|-end|p1a: Iron Treads|Quark Drive|[silent]
|
|upkeep
|
|t:|1769400017
|switch|p1a: Typhlosion|Typhlosion-Hisui, F|100/100
|turn|17
|
|t:|1769400025
|switch|p2a: Heatran|Heatran, M|29/100
|-damage|p2a: Heatran|17/100|[from] Stealth Rock
|-damage|p2a: Heatran|0 fnt|[from] Spikes
|faint|p2a: Heatran
|move|p1a: Typhlosion|Eruption|p2: Heatran|[notarget]
|-fail|p1a: Typhlosion
|
|upkeep
|
|t:|1769400039
|switch|p2a: Primarina|Primarina, F|40/100
|-damage|p2a: Primarina|27/100|[from] Stealth Rock
|-damage|p2a: Primarina|11/100|[from] Spikes
|turn|18
|
|t:|1769400046
|move|p1a: Typhlosion|Eruption|p2a: Primarina
|-resisted|p2a: Primarina
|-damage|p2a: Primarina|0 fnt
|faint|p2a: Primarina
|
|upkeep
|
|t:|1769400053
|switch|p2a: Raging Bolt|Raging Bolt|100/100
|-damage|p2a: Raging Bolt|88/100|[from] Stealth Rock
|-damage|p2a: Raging Bolt|72/100|[from] Spikes
|-enditem|p2a: Raging Bolt|Booster Energy
|-activate|p2a: Raging Bolt|ability: Protosynthesis|[fromitem]
|-start|p2a: Raging Bolt|protosynthesisspa
|turn|19
|
|t:|1769400061
|move|p2a: Raging Bolt|Thunderclap|p1a: Typhlosion
|-crit|p1a: Typhlosion
|-damage|p1a: Typhlosion|0 fnt
|faint|p1a: Typhlosion
|
|upkeep
|
|t:|1769400070
|switch|p1a: Tsareena|Tsareena, F|90/100
|turn|20
|
|t:|1769400075
|-terastallize|p2a: Raging Bolt|Fairy
|move|p1a: Tsareena|Triple Axel|p2a: Raging Bolt
|-damage|p2a: Raging Bolt|66/100
|-damage|p2a: Raging Bolt|53/100
|-damage|p2a: Raging Bolt|36/100
|-hitcount|p2a: Raging Bolt|3
|move|p2a: Raging Bolt|Draco Meteor|p1a: Tsareena
|-damage|p1a: Tsareena|0 fnt
|-unboost|p2a: Raging Bolt|spa|2
|faint|p1a: Tsareena
|
|upkeep
|
|t:|1769400089
|switch|p1a: Yanmega|Yanmega, F|100/100
|turn|21
|
|t:|1769400099
|-terastallize|p1a: Yanmega|Bug
|move|p1a: Yanmega|Giga Drain|p2a: Raging Bolt
|-damage|p2a: Raging Bolt|11/100
|move|p2a: Raging Bolt|Thunderbolt|p1a: Yanmega
|-damage|p1a: Yanmega|43/100
|
|-heal|p1a: Yanmega|49/100|[from] item: Leftovers
|-ability|p1a: Yanmega|Speed Boost|boost
|-boost|p1a: Yanmega|spe|1
|upkeep
|turn|22
|
|t:|1769400111
|move|p2a: Raging Bolt|Thunderclap|p1a: Yanmega
|-damage|p1a: Yanmega|4/100
|move|p1a: Yanmega|Giga Drain|p2a: Raging Bolt
|-damage|p2a: Raging Bolt|0 fnt
|-heal|p1a: Yanmega|11/100|[from] drain|[of] p2a: Raging Bolt
|faint|p2a: Raging Bolt
|-end|p2a: Raging Bolt|Protosynthesis|[silent]
|
|-heal|p1a: Yanmega|17/100|[from] item: Leftovers
|-ability|p1a: Yanmega|Speed Boost|boost
|-boost|p1a: Yanmega|spe|1
|upkeep
|
|t:|1769400121
|switch|p2a: Corviknight|Corviknight, M, shiny|34/100
|-damage|p2a: Corviknight|22/100|[from] Stealth Rock
|-ability|p2a: Corviknight|Pressure
|turn|23
|
|t:|1769400127
|move|p1a: Yanmega|Air Slash|p2a: Corviknight
|-resisted|p2a: Corviknight
|-damage|p2a: Corviknight|2/100
|move|p2a: Corviknight|Roost|p2a: Corviknight
|-heal|p2a: Corviknight|52/100
|-singleturn|p2a: Corviknight|move: Roost
|
|-heal|p1a: Yanmega|23/100|[from] item: Leftovers
|-ability|p1a: Yanmega|Speed Boost|boost
|-boost|p1a: Yanmega|spe|1
|upkeep
|turn|24
|
|t:|1769400137
|move|p1a: Yanmega|Air Slash|p2a: Corviknight
|-resisted|p2a: Corviknight
|-damage|p2a: Corviknight|34/100
|move|p2a: Corviknight|Roost|p2a: Corviknight
|-heal|p2a: Corviknight|84/100
|-singleturn|p2a: Corviknight|move: Roost
|
|-heal|p1a: Yanmega|29/100|[from] item: Leftovers
|-ability|p1a: Yanmega|Speed Boost|boost
|-boost|p1a: Yanmega|spe|1
|upkeep
|turn|25
|
|t:|1769400150
|move|p1a: Yanmega|Air Slash|p2a: Corviknight
|-resisted|p2a: Corviknight
|-damage|p2a: Corviknight|63/100
|cant|p2a: Corviknight|flinch
|
|-heal|p1a: Yanmega|35/100|[from] item: Leftovers
|-ability|p1a: Yanmega|Speed Boost|boost
|-boost|p1a: Yanmega|spe|1
|upkeep
|turn|26
|
|t:|1769400159
|move|p2a: Corviknight|Brave Bird|p1a: Yanmega
|-supereffective|p1a: Yanmega
|-damage|p1a: Yanmega|0 fnt
|faint|p1a: Yanmega
|-damage|p2a: Corviknight|54/100|[from] Recoil
|
|upkeep
|
|t:|1769400166
|switch|p1a: Cloyster|Cloyster, F|100/100
|turn|27
|
|t:|1769400170
|move|p1a: Cloyster|Shell Smash|p1a: Cloyster
|-unboost|p1a: Cloyster|def|1
|-unboost|p1a: Cloyster|spd|1
|-boost|p1a: Cloyster|atk|2
|-boost|p1a: Cloyster|spa|2
|-boost|p1a: Cloyster|spe|2
|move|p2a: Corviknight|Body Press|p1a: Cloyster
|-supereffective|p1a: Cloyster
|-damage|p1a: Cloyster|34/100
|
|upkeep
|turn|28
|
|t:|1769400179
|move|p1a: Cloyster|Icicle Spear|p2a: Corviknight
|-damage|p2a: Corviknight|40/100
|-damage|p2a: Corviknight|26/100
|-crit|p2a: Corviknight
|-damage|p2a: Corviknight|6/100
|-damage|p2a: Corviknight|0 fnt
|faint|p2a: Corviknight
|-hitcount|p2: Corviknight|4
|
|upkeep
|
|t:|1769400187
|switch|p2a: Rillaboom|Rillaboom, M|72/100
|-damage|p2a: Rillaboom|59/100|[from] Stealth Rock
|-damage|p2a: Rillaboom|43/100|[from] Spikes
|-fieldstart|move: Grassy Terrain|[from] ability: Grassy Surge|[of] p2a: Rillaboom
|turn|29
|
|t:|1769400193
|move|p2a: Rillaboom|Grassy Glide|p1a: Cloyster
|-supereffective|p1a: Cloyster
|-damage|p1a: Cloyster|0 fnt
|faint|p1a: Cloyster
|
|win|mijumaru94
|raw|NoPuesVale's rating: 1151 &rarr; <strong>1130</strong><br />(-21 for losing)
|raw|mijumaru94's rating: 1207 &rarr; <strong>1228</strong><br />(+21 for winning)
|l|☆NoPuesVale
|player|p1|
