|j|☆fieryflames123*
|j|☆LNZK1234
|t:|1769379669
|gametype|singles
|player|p1|fieryflames123*|roxie|1111
|player|p2|LNZK1234|red|1094
|gen|9
|tier|[Gen 9] OU
|rated|
|rule|HP Percentage Mod: HP is shown in percentages
|rule|Endless Battle Clause: Forcing endless battles is banned
|rule|Species Clause: Limit one of each Pokémon
|rule|OHKO Clause: OHKO moves are banned
|rule|Evasion Items Clause: Evasion items are banned
|rule|Evasion Moves Clause: Evasion moves are banned
|rule|Evasion Abilities Clause: Evasion abilities are banned
|rule|Sleep Moves Clause: Sleep-inducing moves are banned
|clearpoke
|poke|p1|Infernape, F|
|poke|p1|Typhlosion-Hisui, F|
|poke|p1|Blaziken, M|
|poke|p1|Torkoal, F|
|poke|p1|Heatran, M|
|poke|p1|Ceruledge, M|
|poke|p2|Dragapult, M|
|poke|p2|Dragonite, M|
|poke|p2|Iron Valiant|
|poke|p2|Glimmora, M|
|poke|p2|Cinderace, M|
|poke|p2|Samurott-Hisui, M|
|teampreview
|
|t:|1769379690
|teamsize|p1|6
|teamsize|p2|6
|start
|switch|p1a: Heatran|Heatran, M|100/100
|switch|p2a: Glimmora|Glimmora, M|100/100
|-item|p1a: Heatran|Air Balloon
|turn|1
|
|t:|1769379709
|move|p2a: Glimmora|Spikes|p1a: Heatran
|-sidestart|p1: fieryflames123*|Spikes
|move|p1a: Heatran|Earth Power|p2a: Glimmora
|-supereffective|p2a: Glimmora
|-enditem|p2a: Glimmora|Focus Sash
|-damage|p2a: Glimmora|1/100
|
|upkeep
|turn|2
|
|t:|1769379746
|move|p2a: Glimmora|Stealth Rock|p1a: Heatran
|-sidestart|p1: fieryflames123*|move: Stealth Rock
|move|p1a: Heatran|Flash Cannon|p2a: Glimmora
|-supereffective|p2a: Glimmora
|-damage|p2a: Glimmora|0 fnt
|faint|p2a: Glimmora
|
|upkeep
|
|t:|1769379752
|switch|p2a: Samurott|Samurott-Hisui, M|100/100
|turn|3
|
|t:|1769379759
|move|p2a: Samurott|Razor Shell|p1a: Heatran
|-supereffective|p1a: Heatran
|-damage|p1a: Heatran|15/100
|-unboost|p1a: Heatran|def|1
|-status|p2a: Samurott|brn|[from] ability: Flame Body|[of] p1a: Heatran
|-enditem|p1a: Heatran|Air Balloon
|move|p1a: Heatran|Magma Storm|p2a: Samurott|[miss]
|-miss|p1a: Heatran|p2a: Samurott
|
|-damage|p2a: Samurott|94/100 brn|[from] brn
|upkeep
|turn|4
|c|☆fieryflames123*|Magma storm = shitty move
|
|t:|1769379787
|move|p2a: Samurott|Aqua Jet|p1a: Heatran
|-supereffective|p1a: Heatran
|-damage|p1a: Heatran|0 fnt
|faint|p1a: Heatran
|
|-damage|p2a: Samurott|88/100 brn|[from] brn
|upkeep
|
|t:|1769379797
|switch|p1a: Torkoal|Torkoal, F|100/100
|-damage|p1a: Torkoal|88/100|[from] Spikes
|-damage|p1a: Torkoal|63/100|[from] Stealth Rock
|-weather|SunnyDay|[from] ability: Drought|[of] p1a: Torkoal
|turn|5
|
|t:|1769379806
|move|p2a: Samurott|Razor Shell|p1a: Torkoal
|-supereffective|p1a: Torkoal
|-damage|p1a: Torkoal|45/100
|move|p1a: Torkoal|Rapid Spin|p2a: Samurott
|-damage|p2a: Samurott|75/100 brn
|-boost|p1a: Torkoal|spe|1
|-sideend|p1: fieryflames123*|Spikes|[from] move: Rapid Spin|[of] p1a: Torkoal
|-sideend|p1: fieryflames123*|Stealth Rock|[from] move: Rapid Spin|[of] p1a: Torkoal
|
|-weather|SunnyDay|[upkeep]
|-damage|p2a: Samurott|69/100 brn|[from] brn
|upkeep
|turn|6
|
|t:|1769379822
|move|p2a: Samurott|Razor Shell|p1a: Torkoal
|-supereffective|p1a: Torkoal
|-damage|p1a: Torkoal|26/100
|-unboost|p1a: Torkoal|def|1
|move|p1a: Torkoal|Solar Beam||[still]
|-prepare|p1a: Torkoal|Solar Beam
|-anim|p1a: Torkoal|Solar Beam|p2a: Samurott
|-supereffective|p2a: Samurott
|-crit|p2a: Samurott
|-damage|p2a: Samurott|0 fnt
|faint|p2a: Samurott
|
|-weather|SunnyDay|[upkeep]
|upkeep
|
|t:|1769379829
|switch|p2a: Cinderace|Cinderace, M|100/100
|turn|7
|
|t:|1769379839
|move|p2a: Cinderace|High Jump Kick|p1a: Torkoal|[miss]
|-start|p2a: Cinderace|typechange|Fighting|[from] ability: Libero
|-miss|p2a: Cinderace|p1a: Torkoal
|-damage|p2a: Cinderace|51/100|[from] highjumpkick
|move|p1a: Torkoal|Stealth Rock|p2a: Cinderace
|-sidestart|p2: LNZK1234|move: Stealth Rock
|
|-weather|SunnyDay|[upkeep]
|upkeep
|turn|8
|
|t:|1769379850
|switch|p1a: Ceruledge|Ceruledge, M|100/100
|move|p2a: Cinderace|Sucker Punch||[still]
|-fail|p2a: Cinderace
|
|-weather|SunnyDay|[upkeep]
|upkeep
|turn|9
|
|t:|1769379887
|move|p2a: Cinderace|Sucker Punch|p1a: Ceruledge
|-supereffective|p1a: Ceruledge
|-damage|p1a: Ceruledge|31/100
|-ability|p1a: Ceruledge|Weak Armor|boost
|-unboost|p1a: Ceruledge|def|1
|-boost|p1a: Ceruledge|spe|2
|move|p1a: Ceruledge|Bitter Blade|p2a: Cinderace
|-damage|p2a: Cinderace|0 fnt
|-heal|p1a: Ceruledge|57/100|[from] drain|[of] p2a: Cinderace
|faint|p2a: Cinderace
|
|-weather|SunnyDay|[upkeep]
|upkeep
|
|t:|1769379892
|switch|p2a: Dragapult|Dragapult, M|100/100
|-damage|p2a: Dragapult|88/100|[from] Stealth Rock
|turn|10
|
|t:|1769379916
|move|p1a: Ceruledge|Shadow Ball|p2a: Dragapult
|-supereffective|p2a: Dragapult
|-damage|p2a: Dragapult|36/100
|move|p2a: Dragapult|Shadow Ball|p1a: Ceruledge
|-supereffective|p1a: Ceruledge
|-damage|p1a: Ceruledge|0 fnt
|faint|p1a: Ceruledge
|
|-weather|SunnyDay|[upkeep]
|upkeep
|
|t:|1769379935
|switch|p1a: Infernape|Infernape, F|100/100
|turn|11
|
|t:|1769379939
|move|p2a: Dragapult|Shadow Ball|p1a: Infernape
|-damage|p1a: Infernape|18/100
|-unboost|p1a: Infernape|spd|1
|move|p1a: Infernape|Flare Blitz|p2a: Dragapult
|-resisted|p2a: Dragapult
|-damage|p2a: Dragapult|0 fnt
|faint|p2a: Dragapult
|-damage|p1a: Infernape|5/100|[from] Recoil
|
|-weather|SunnyDay|[upkeep]
|upkeep
|
|t:|1769379943
|switch|p2a: Dragonite|Dragonite, M|100/100
|turn|12
|
|t:|1769379953
|move|p2a: Dragonite|Extreme Speed|p1a: Infernape
|-damage|p1a: Infernape|0 fnt
|faint|p1a: Infernape
|
|-weather|none
|upkeep
|
|t:|1769379962
|switch|p1a: Torkoal|Torkoal, F|26/100
|-weather|SunnyDay|[from] ability: Drought|[of] p1a: Torkoal
|turn|13
|
|t:|1769379967
|move|p2a: Dragonite|Earthquake|p1a: Torkoal
|-supereffective|p1a: Torkoal
|-damage|p1a: Torkoal|0 fnt
|faint|p1a: Torkoal
|
|-weather|SunnyDay|[upkeep]
|upkeep
|
|t:|1769379973
|switch|p1a: Typhlosion|Typhlosion-Hisui, F|100/100
|turn|14
|c|☆fieryflames123*|This infernal parade is for you, you asshole!
|
|t:|1769379994
|move|p1a: Typhlosion|Infernal Parade|p2a: Dragonite
|-damage|p2a: Dragonite|86/100
|move|p2a: Dragonite|Dragon Dance|p2a: Dragonite
|-boost|p2a: Dragonite|atk|1
|-boost|p2a: Dragonite|spe|1
|
|-weather|SunnyDay|[upkeep]
|upkeep
|turn|15
|
|t:|1769380003
|move|p2a: Dragonite|Dragon Dance|p2a: Dragonite
|-boost|p2a: Dragonite|atk|1
|-boost|p2a: Dragonite|spe|1
|move|p1a: Typhlosion|Endeavor|p2a: Dragonite
|-immune|p2a: Dragonite
|
|-weather|SunnyDay|[upkeep]
|upkeep
|turn|16
|
|t:|1769380011
|move|p2a: Dragonite|Dragon Dance|p2a: Dragonite
|-boost|p2a: Dragonite|atk|1
|-boost|p2a: Dragonite|spe|1
|move|p1a: Typhlosion|Endeavor|p2a: Dragonite
|-immune|p2a: Dragonite
|
|-weather|SunnyDay|[upkeep]
|upkeep
|turn|17
|
|t:|1769380019
|move|p2a: Dragonite|Dragon Dance|p2a: Dragonite
|-boost|p2a: Dragonite|atk|1
|-boost|p2a: Dragonite|spe|1
|move|p1a: Typhlosion|Infernal Parade|p2a: Dragonite
|-damage|p2a: Dragonite|53/100
|
|-weather|SunnyDay|[upkeep]
|upkeep
|turn|18
|
|t:|1769380027
|move|p2a: Dragonite|Earthquake|p1a: Typhlosion
|-supereffective|p1a: Typhlosion
|-enditem|p1a: Typhlosion|Focus Sash
|-damage|p1a: Typhlosion|1/100
|move|p1a: Typhlosion|Endeavor|p2a: Dragonite
|-damage|p2a: Dragonite|1/100
|
|-weather|SunnyDay|[upkeep]
|upkeep
|turn|19
|
|t:|1769380037
|move|p2a: Dragonite|Extreme Speed|p1a: Typhlosion
|-immune|p1a: Typhlosion
|move|p1a: Typhlosion|Quick Attack|p2a: Dragonite
|-damage|p2a: Dragonite|0 fnt
|faint|p2a: Dragonite
|
|-weather|SunnyDay|[upkeep]
|upkeep
|
|t:|1769380046
|switch|p2a: Iron Valiant|Iron Valiant, shiny|100/100
|-damage|p2a: Iron Valiant|94/100|[from] Stealth Rock
|-enditem|p2a: Iron Valiant|Booster Energy
|-activate|p2a: Iron Valiant|ability: Quark Drive|[fromitem]
|-start|p2a: Iron Valiant|quarkdrivespe
|turn|20
|
|t:|1769380052
|move|p1a: Typhlosion|Quick Attack|p2a: Iron Valiant
|-damage|p2a: Iron Valiant|85/100
|move|p2a: Iron Valiant|Moonblast|p1a: Typhlosion
|-resisted|p1a: Typhlosion
|-damage|p1a: Typhlosion|0 fnt
|faint|p1a: Typhlosion
|
|-weather|none
|upkeep
|
|t:|1769380061
|switch|p1a: Blaziken|Blaziken, M, shiny|100/100
|turn|21
|
|t:|1769380067
|move|p1a: Blaziken|Protect|p1a: Blaziken
|-singleturn|p1a: Blaziken|Protect
|move|p2a: Iron Valiant|Psyshock|p1a: Blaziken
|-activate|p1a: Blaziken|move: Protect
|
|-ability|p1a: Blaziken|Speed Boost|boost
|-boost|p1a: Blaziken|spe|1
|upkeep
|turn|22
|
|t:|1769380096
|-terastallize|p2a: Iron Valiant|Fairy
|-terastallize|p1a: Blaziken|Ghost
|move|p2a: Iron Valiant|Calm Mind|p2a: Iron Valiant
|-boost|p2a: Iron Valiant|spa|1
|-boost|p2a: Iron Valiant|spd|1
|move|p1a: Blaziken|Fire Punch|p2a: Iron Valiant
|-damage|p2a: Iron Valiant|35/100
|
|-ability|p1a: Blaziken|Speed Boost|boost
|-boost|p1a: Blaziken|spe|1
|upkeep
|turn|23
|
|t:|1769380109
|move|p1a: Blaziken|Protect|p1a: Blaziken
|-singleturn|p1a: Blaziken|Protect
|move|p2a: Iron Valiant|Psyshock|p1a: Blaziken
|-activate|p1a: Blaziken|move: Protect
|
|-ability|p1a: Blaziken|Speed Boost|boost
|-boost|p1a: Blaziken|spe|1
|upkeep
|turn|24
|
|t:|1769380117
|move|p1a: Blaziken|Fire Punch|p2a: Iron Valiant
|-damage|p2a: Iron Valiant|0 fnt
|faint|p2a: Iron Valiant
|-end|p2a: Iron Valiant|Quark Drive|[silent]
|
|win|fieryflames123*
