|j|☆lukoviisk
|j|☆Pookysnuke
|t:|1769357769
|gametype|singles
|player|p1|lukoviisk|blackbelt-gen4dp|1226
|player|p2|Pookysnuke|backpacker|1317
|gen|9
|tier|[Gen 9] OU
|rated|
|rule|HP Percentage Mod: HP is shown in percentages
|rule|Endless Battle Clause: Forcing endless battles is banned
|rule|Species Clause: Limit one of each Pokémon
|rule|OHKO Clause: OHKO moves are banned
|rule|Evasion Items Clause: Evasion items are banned
|rule|Evasion Moves Clause: Evasion moves are banned
|rule|Evasion Abilities Clause: Evasion abilities are banned
|rule|Sleep Moves Clause: Sleep-inducing moves are banned
|clearpoke
|poke|p1|Garganacl, M|
|poke|p1|Hippowdon, M|
|poke|p1|Hydrapple, M|
|poke|p1|Slowking-Galar, M|
|poke|p1|Samurott-Hisui, M|
|poke|p1|Excadrill, M|
|poke|p2|Chandelure, M|
|poke|p2|Rillaboom, F|
|poke|p2|Hitmonlee, M|
|poke|p2|Glimmora, M|
|poke|p2|Whimsicott, F|
|poke|p2|Hydreigon, F|
|teampreview
|inactive|Battle timer is ON: inactive players will automatically lose when time's up. (requested by lukoviisk)
|
|t:|1769357799
|teamsize|p1|6
|teamsize|p2|6
|start
|switch|p1a: Slowking|Slowking-Galar, M, shiny|100/100
|switch|p2a: Hydreigon|Hydreigon, F|100/100
|turn|1
|
|t:|1769357826
|-terastallize|p1a: Slowking|Water
|move|p2a: Hydreigon|Dark Pulse|p1a: Slowking
|-damage|p1a: Slowking|67/100
|move|p1a: Slowking|Sludge Bomb|p2a: Hydreigon
|-damage|p2a: Hydreigon|62/100
|
|upkeep
|turn|2
|
|t:|1769357839
|move|p2a: Hydreigon|Dark Pulse|p1a: Slowking
|-damage|p1a: Slowking|37/100
|cant|p1a: Slowking|flinch
|
|upkeep
|turn|3
|
|t:|1769357844
|move|p2a: Hydreigon|Dark Pulse|p1a: Slowking
|-damage|p1a: Slowking|3/100
|move|p1a: Slowking|Sludge Bomb|p2a: Hydreigon
|-damage|p2a: Hydreigon|26/100
|-status|p2a: Hydreigon|psn
|
|-damage|p2a: Hydreigon|13/100 psn|[from] psn
|upkeep
|turn|4
|
|t:|1769357852
|move|p2a: Hydreigon|Dark Pulse|p1a: Slowking
|-damage|p1a: Slowking|0 fnt
|faint|p1a: Slowking
|
|-damage|p2a: Hydreigon|1/100 psn|[from] psn
|upkeep
|
|t:|1769357861
|switch|p1a: Samurott|Samurott-Hisui, M, shiny|100/100
|turn|5
|
|t:|1769357863
|move|p1a: Samurott|Sucker Punch|p2a: Hydreigon
|-resisted|p2a: Hydreigon
|-damage|p2a: Hydreigon|0 fnt
|faint|p2a: Hydreigon
|
|upkeep
|
|t:|1769357873
|switch|p2a: Rillaboom|Rillaboom, F|100/100
|-fieldstart|move: Grassy Terrain|[from] ability: Grassy Surge|[of] p2a: Rillaboom
|turn|6
|
|t:|1769357884
|switch|p1a: Hydrapple|Hydrapple, M|100/100
|move|p2a: Rillaboom|U-turn|p1a: Hydrapple
|-supereffective|p1a: Hydrapple
|-damage|p1a: Hydrapple|63/100
|
|t:|1769357908
|switch|p2a: Chandelure|Chandelure, M|100/100|[from] U-turn
|-enditem|p2a: Chandelure|Grassy Seed
|-boost|p2a: Chandelure|def|1|[from] item: Grassy Seed
|
|-heal|p1a: Hydrapple|69/100|[from] Grassy Terrain
|upkeep
|turn|7
|
|t:|1769357917
|move|p2a: Chandelure|Will-O-Wisp|p1a: Hydrapple
|-status|p1a: Hydrapple|brn
|move|p1a: Hydrapple|Earth Power|p2a: Chandelure
|-supereffective|p2a: Chandelure
|-damage|p2a: Chandelure|0 fnt
|faint|p2a: Chandelure
|
|-heal|p1a: Hydrapple|75/100 brn|[from] Grassy Terrain
|-damage|p1a: Hydrapple|69/100 brn|[from] brn
|upkeep
|
|t:|1769357932
|switch|p2a: Hitmonlee|Hitmonlee, M|100/100
|-enditem|p2a: Hitmonlee|Grassy Seed
|-boost|p2a: Hitmonlee|def|1|[from] item: Grassy Seed
|turn|8
|
|t:|1769357942
|move|p2a: Hitmonlee|Swords Dance|p2a: Hitmonlee
|-boost|p2a: Hitmonlee|atk|2
|move|p1a: Hydrapple|Fickle Beam|p2a: Hitmonlee
|-damage|p2a: Hitmonlee|47/100
|
|-heal|p2a: Hitmonlee|53/100|[from] Grassy Terrain
|-heal|p1a: Hydrapple|75/100 brn|[from] Grassy Terrain
|-damage|p1a: Hydrapple|69/100 brn|[from] brn
|upkeep
|turn|9
|
|t:|1769357951
|move|p2a: Hitmonlee|Close Combat|p1a: Hydrapple
|-damage|p1a: Hydrapple|0 fnt
|-unboost|p2a: Hitmonlee|def|1
|-unboost|p2a: Hitmonlee|spd|1
|faint|p1a: Hydrapple
|
|-heal|p2a: Hitmonlee|59/100|[from] Grassy Terrain
|upkeep
|
|t:|1769357963
|switch|p1a: Hippowdon|Hippowdon, M, shiny|100/100
|-weather|Sandstorm|[from] ability: Sand Stream|[of] p1a: Hippowdon
|turn|10
|
|t:|1769357971
|move|p2a: Hitmonlee|Close Combat|p1a: Hippowdon
|-damage|p1a: Hippowdon|33/100
|-unboost|p2a: Hitmonlee|def|1
|-unboost|p2a: Hitmonlee|spd|1
|-damage|p2a: Hitmonlee|43/100|[from] item: Rocky Helmet|[of] p1a: Hippowdon
|move|p1a: Hippowdon|Scorching Sands|p2a: Hitmonlee
|-damage|p2a: Hitmonlee|0 fnt
|faint|p2a: Hitmonlee
|
|-weather|Sandstorm|[upkeep]
|-heal|p1a: Hippowdon|39/100|[from] Grassy Terrain
|-fieldend|move: Grassy Terrain
|upkeep
|
|t:|1769357994
|switch|p2a: Whimsicott|Whimsicott, F, shiny|100/100
|turn|11
|
|t:|1769357999
|switch|p1a: Excadrill|Excadrill, M, shiny|100/100
|move|p2a: Whimsicott|Leech Seed|p1a: Excadrill
|-start|p1a: Excadrill|move: Leech Seed
|
|-weather|Sandstorm|[upkeep]
|-damage|p2a: Whimsicott|94/100|[from] Sandstorm
|-heal|p2a: Whimsicott|100/100|[from] item: Leftovers
|-damage|p1a: Excadrill|88/100|[from] Leech Seed|[of] p2a: Whimsicott
|upkeep
|turn|12
|
|t:|1769358011
|switch|p2a: Rillaboom|Rillaboom, F|100/100
|-fieldstart|move: Grassy Terrain|[from] ability: Grassy Surge|[of] p2a: Rillaboom
|move|p1a: Excadrill|Rapid Spin|p2a: Rillaboom
|-damage|p2a: Rillaboom|81/100
|-boost|p1a: Excadrill|spe|1
|-end|p1a: Excadrill|Leech Seed|[from] move: Rapid Spin|[of] p1a: Excadrill
|
|-weather|Sandstorm|[upkeep]
|-damage|p2a: Rillaboom|74/100|[from] Sandstorm
|-heal|p1a: Excadrill|94/100|[from] Grassy Terrain
|-heal|p2a: Rillaboom|81/100|[from] Grassy Terrain
|upkeep
|turn|13
|
|t:|1769358027
|move|p1a: Excadrill|Iron Head|p2a: Rillaboom
|-damage|p2a: Rillaboom|25/100
|cant|p2a: Rillaboom|flinch
|
|-weather|Sandstorm|[upkeep]
|-damage|p2a: Rillaboom|19/100|[from] Sandstorm
|-heal|p1a: Excadrill|99/100|[from] Grassy Terrain
|-heal|p2a: Rillaboom|25/100|[from] Grassy Terrain
|upkeep
|turn|14
|
|t:|1769358035
|move|p2a: Rillaboom|Grassy Glide|p1a: Excadrill
|-damage|p1a: Excadrill|49/100
|move|p1a: Excadrill|Iron Head|p2a: Rillaboom
|-damage|p2a: Rillaboom|0 fnt
|faint|p2a: Rillaboom
|
|-weather|none
|-heal|p1a: Excadrill|55/100|[from] Grassy Terrain
|upkeep
|
|t:|1769358044
|switch|p2a: Glimmora|Glimmora, M|100/100
|turn|15
|
|t:|1769358048
|move|p1a: Excadrill|Earthquake|p2a: Glimmora
|-supereffective|p2a: Glimmora
|-enditem|p2a: Glimmora|Focus Sash
|-damage|p2a: Glimmora|1/100
|-activate|p2a: Glimmora|ability: Toxic Debris
|-sidestart|p1: lukoviisk|move: Toxic Spikes
|move|p2a: Glimmora|Earth Power|p1a: Excadrill
|-supereffective|p1a: Excadrill
|-damage|p1a: Excadrill|0 fnt
|faint|p1a: Excadrill
|
|-heal|p2a: Glimmora|7/100|[from] Grassy Terrain
|upkeep
|
|t:|1769358060
|switch|p1a: Samurott|Samurott-Hisui, M, shiny|100/100
|turn|16
|
|t:|1769358072
|switch|p2a: Whimsicott|Whimsicott, F, shiny|100/100
|move|p1a: Samurott|Sucker Punch||[still]
|-fail|p1a: Samurott
|
|-fieldend|move: Grassy Terrain
|upkeep
|turn|17
|
|t:|1769358087
|switch|p1a: Hippowdon|Hippowdon, M, shiny|39/100
|-status|p1a: Hippowdon|psn
|-weather|Sandstorm|[from] ability: Sand Stream|[of] p1a: Hippowdon
|move|p2a: Whimsicott|Leech Seed|p1a: Hippowdon|[miss]
|-miss|p2a: Whimsicott|p1a: Hippowdon
|
|-weather|Sandstorm|[upkeep]
|-damage|p2a: Whimsicott|94/100|[from] Sandstorm
|-heal|p2a: Whimsicott|100/100|[from] item: Leftovers
|-damage|p1a: Hippowdon|27/100 psn|[from] psn
|upkeep
|turn|18
|
|t:|1769358100
|move|p2a: Whimsicott|Moonblast|p1a: Hippowdon
|-damage|p1a: Hippowdon|0 fnt
|faint|p1a: Hippowdon
|
|-weather|Sandstorm|[upkeep]
|-damage|p2a: Whimsicott|94/100|[from] Sandstorm
|-heal|p2a: Whimsicott|100/100|[from] item: Leftovers
|upkeep
|
|t:|1769358107
|switch|p1a: Garganacl|Garganacl, M, shiny|100/100
|turn|19
|
|t:|1769358115
|move|p2a: Whimsicott|Leech Seed|p1a: Garganacl
|-start|p1a: Garganacl|move: Leech Seed
|move|p1a: Garganacl|Salt Cure|p2a: Whimsicott
|-damage|p2a: Whimsicott|80/100
|-start|p2a: Whimsicott|Salt Cure
|
|-weather|Sandstorm|[upkeep]
|-damage|p2a: Whimsicott|74/100|[from] Sandstorm
|-heal|p2a: Whimsicott|80/100|[from] item: Leftovers
|-damage|p1a: Garganacl|88/100|[from] Leech Seed|[of] p2a: Whimsicott
|-heal|p2a: Whimsicott|99/100|[silent]
|-damage|p2a: Whimsicott|87/100|[from] Salt Cure
|upkeep
|turn|20
|
|t:|1769358127
|switch|p1a: Samurott|Samurott-Hisui, M, shiny|100/100
|move|p2a: Whimsicott|Grassy Terrain|p2a: Whimsicott
|-fieldstart|move: Grassy Terrain
|
|-weather|Sandstorm|[upkeep]
|-damage|p2a: Whimsicott|81/100|[from] Sandstorm
|-damage|p1a: Samurott|94/100|[from] Sandstorm
|-heal|p2a: Whimsicott|87/100|[from] Grassy Terrain
|-heal|p2a: Whimsicott|93/100|[from] item: Leftovers
|-heal|p1a: Samurott|100/100|[from] Grassy Terrain
|-damage|p2a: Whimsicott|81/100|[from] Salt Cure
|upkeep
|turn|21
|
|t:|1769358138
|move|p2a: Whimsicott|Moonblast|p1a: Samurott
|-supereffective|p1a: Samurott
|-damage|p1a: Samurott|3/100
|move|p1a: Samurott|Knock Off|p2a: Whimsicott
|-resisted|p2a: Whimsicott
|-damage|p2a: Whimsicott|46/100
|-enditem|p2a: Whimsicott|Leftovers|[from] move: Knock Off|[of] p1a: Samurott
|
|-weather|none
|-heal|p2a: Whimsicott|52/100|[from] Grassy Terrain
|-heal|p1a: Samurott|10/100|[from] Grassy Terrain
|-damage|p2a: Whimsicott|40/100|[from] Salt Cure
|upkeep
|turn|22
|
|t:|1769358156
|move|p2a: Whimsicott|Leech Seed|p1a: Samurott
|-hint|Since gen 7, Dark is immune to Prankster moves.
|-immune|p1a: Samurott
|move|p1a: Samurott|Sucker Punch||[still]
|-fail|p1a: Samurott
|
|-heal|p2a: Whimsicott|46/100|[from] Grassy Terrain
|-heal|p1a: Samurott|16/100|[from] Grassy Terrain
|-damage|p2a: Whimsicott|34/100|[from] Salt Cure
|upkeep
|turn|23
|
|t:|1769358164
|move|p1a: Samurott|Sucker Punch|p2a: Whimsicott
|-resisted|p2a: Whimsicott
|-damage|p2a: Whimsicott|7/100
|move|p2a: Whimsicott|Moonblast|p1a: Samurott
|-supereffective|p1a: Samurott
|-damage|p1a: Samurott|0 fnt
|faint|p1a: Samurott
|
|-heal|p2a: Whimsicott|14/100|[from] Grassy Terrain
|-damage|p2a: Whimsicott|1/100|[from] Salt Cure
|upkeep
|
|t:|1769358173
|switch|p1a: Garganacl|Garganacl, M, shiny|88/100
|turn|24
|
|t:|1769358186
|switch|p2a: Glimmora|Glimmora, M|7/100
|move|p1a: Garganacl|Protect||[still]
|-fail|p1a: Garganacl
|
|-heal|p2a: Glimmora|13/100|[from] Grassy Terrain
|-heal|p1a: Garganacl|94/100|[from] Grassy Terrain
|-heal|p1a: Garganacl|100/100|[from] item: Leftovers
|-fieldend|move: Grassy Terrain
|upkeep
|turn|25
|
|t:|1769358200
|move|p2a: Glimmora|Earth Power|p1a: Garganacl
|-supereffective|p1a: Garganacl
|-damage|p1a: Garganacl|58/100
|move|p1a: Garganacl|Salt Cure|p2a: Glimmora
|-damage|p2a: Glimmora|0 fnt
|-activate|p2a: Glimmora|ability: Toxic Debris
|-sidestart|p1: lukoviisk|move: Toxic Spikes
|faint|p2a: Glimmora
|
|-heal|p1a: Garganacl|64/100|[from] item: Leftovers
|upkeep
|
|t:|1769358201
|switch|p2a: Whimsicott|Whimsicott, F, shiny|1/100
|turn|26
|
|t:|1769358214
|move|p1a: Garganacl|Protect|p1a: Garganacl
|-singleturn|p1a: Garganacl|Protect
|move|p2a: Whimsicott|Leech Seed|p1a: Garganacl
|-activate|p1a: Garganacl|move: Protect
|
|-heal|p1a: Garganacl|70/100|[from] item: Leftovers
|upkeep
|turn|27
|
|t:|1769358221
|move|p2a: Whimsicott|Encore|p1a: Garganacl
|-start|p1a: Garganacl|Encore
|move|p1a: Garganacl|Protect||[still]
|-fail|p1a: Garganacl
|
|-heal|p1a: Garganacl|76/100|[from] item: Leftovers
|upkeep
|turn|28
|
|t:|1769358229
|move|p1a: Garganacl|Protect|p1a: Garganacl
|-singleturn|p1a: Garganacl|Protect
|move|p2a: Whimsicott|Moonblast|p1a: Garganacl
|-activate|p1a: Garganacl|move: Protect
|
|-heal|p1a: Garganacl|83/100|[from] item: Leftovers
|upkeep
|turn|29
|
|t:|1769358236
|move|p1a: Garganacl|Protect||[still]
|-fail|p1a: Garganacl
|move|p2a: Whimsicott|Leech Seed|p1a: Garganacl
|-start|p1a: Garganacl|move: Leech Seed
|
|-heal|p1a: Garganacl|89/100|[from] item: Leftovers
|-damage|p1a: Garganacl|76/100|[from] Leech Seed|[of] p2a: Whimsicott
|-heal|p2a: Whimsicott|20/100|[silent]
|-end|p1a: Garganacl|Encore
|upkeep
|turn|30
|
|t:|1769358245
|move|p2a: Whimsicott|Encore|p1a: Garganacl
|-start|p1a: Garganacl|Encore
|move|p1a: Garganacl|Protect||[still]
|-fail|p1a: Garganacl
|
|-heal|p1a: Garganacl|83/100|[from] item: Leftovers
|-damage|p1a: Garganacl|70/100|[from] Leech Seed|[of] p2a: Whimsicott
|-heal|p2a: Whimsicott|40/100|[silent]
|upkeep
|turn|31
|
|t:|1769358252
|move|p1a: Garganacl|Protect|p1a: Garganacl
|-singleturn|p1a: Garganacl|Protect
|move|p2a: Whimsicott|Moonblast|p1a: Garganacl
|-activate|p1a: Garganacl|move: Protect
|
|-heal|p1a: Garganacl|76/100|[from] item: Leftovers
|-damage|p1a: Garganacl|64/100|[from] Leech Seed|[of] p2a: Whimsicott
|-heal|p2a: Whimsicott|59/100|[silent]
|upkeep
|turn|32
|
|t:|1769358260
|move|p1a: Garganacl|Protect|p1a: Garganacl
|-singleturn|p1a: Garganacl|Protect
|move|p2a: Whimsicott|Moonblast|p1a: Garganacl
|-activate|p1a: Garganacl|move: Protect
|
|-heal|p1a: Garganacl|70/100|[from] item: Leftovers
|-damage|p1a: Garganacl|58/100|[from] Leech Seed|[of] p2a: Whimsicott
|-heal|p2a: Whimsicott|78/100|[silent]
|-end|p1a: Garganacl|Encore
|upkeep
|turn|33
|-message|lukoviisk forfeited.
|
|win|Pookysnuke
|raw|lukoviisk's rating: 1226 &rarr; <strong>1207</strong><br />(-19 for losing)
|raw|Pookysnuke's rating: 1317 &rarr; <strong>1332</strong><br />(+15 for winning)
|l|☆lukoviisk
|player|p1|
