|j|☆jyf123123
|j|☆Jonpollonmorcillon
|t:|1769418922
|gametype|singles
|player|p1|jyf123123|266|1214
|player|p2|Jonpollonmorcillon|harlequin|1264
|gen|9
|tier|[Gen 9] OU
|rated|
|rule|HP Percentage Mod: HP is shown in percentages
|rule|Endless Battle Clause: Forcing endless battles is banned
|rule|Species Clause: Limit one of each Pokémon
|rule|OHKO Clause: OHKO moves are banned
|rule|Evasion Items Clause: Evasion items are banned
|rule|Evasion Moves Clause: Evasion moves are banned
|rule|Evasion Abilities Clause: Evasion abilities are banned
|rule|Sleep Moves Clause: Sleep-inducing moves are banned
|clearpoke
|poke|p1|Zoroark-Hisui, F|
|poke|p1|Ceruledge, F|
|poke|p1|Gholdengo|
|poke|p1|Raging Bolt|
|poke|p1|Clodsire, M|
|poke|p1|Deoxys-Speed|
|poke|p2|Bronzong|
|poke|p2|Ursaluna, F|
|poke|p2|Volcanion|
|poke|p2|Hatterene, F|
|poke|p2|Porygon2|
|poke|p2|Breloom, F|
|teampreview
|
|t:|1769418937
|teamsize|p1|6
|teamsize|p2|6
|start
|switch|p1a: Deoxys|Deoxys-Speed|100/100
|switch|p2a: Volcanion|Volcanion|100/100
|turn|1
|
|t:|1769418947
|switch|p2a: Hatterene|Hatterene, F|100/100
|move|p1a: Deoxys|Hyper Voice|p2a: Hatterene
|-damage|p2a: Hatterene|49/100
|-enditem|p1a: Deoxys|Throat Spray
|-boost|p1a: Deoxys|spa|1|[from] item: Throat Spray
|
|-heal|p2a: Hatterene|55/100|[from] item: Leftovers
|upkeep
|turn|2
|
|t:|1769418960
|move|p1a: Deoxys|Hyper Voice|p2a: Hatterene
|-damage|p2a: Hatterene|0 fnt
|faint|p2a: Hatterene
|
|upkeep
|
|t:|1769418969
|switch|p2a: Porygon2|Porygon2|100/100
|-ability|p2a: Porygon2|Download|boost
|-boost|p2a: Porygon2|spa|1
|turn|3
|
|t:|1769418981
|move|p1a: Deoxys|Hyper Voice|p2a: Porygon2
|-damage|p2a: Porygon2|58/100
|move|p2a: Porygon2|Trick Room|p2a: Porygon2
|-fieldstart|move: Trick Room|[of] p2a: Porygon2
|
|upkeep
|turn|4
|
|t:|1769418995
|move|p2a: Porygon2|Recover|p2a: Porygon2
|-heal|p2a: Porygon2|100/100
|move|p1a: Deoxys|Shadow Ball|p2a: Porygon2
|-immune|p2a: Porygon2
|
|upkeep
|turn|5
|
|t:|1769419002
|move|p2a: Porygon2|Tri Attack|p1a: Deoxys
|-immune|p1a: Deoxys
|move|p1a: Deoxys|Hyper Voice|p2a: Porygon2
|-damage|p2a: Porygon2|60/100
|
|upkeep
|turn|6
|
|t:|1769419013
|move|p2a: Porygon2|Ice Beam|p1a: Deoxys
|-damage|p1a: Deoxys|5/100
|replace|p1a: Zoroark|Zoroark-Hisui, F
|-end|p1a: Zoroark|Illusion
|move|p1a: Zoroark|Hyper Voice|p2a: Porygon2
|-damage|p2a: Porygon2|19/100
|
|upkeep
|turn|7
|
|t:|1769419020
|move|p2a: Porygon2|Recover|p2a: Porygon2
|-heal|p2a: Porygon2|69/100
|move|p1a: Zoroark|Hyper Voice|p2a: Porygon2
|-damage|p2a: Porygon2|29/100
|
|-fieldend|move: Trick Room
|upkeep
|turn|8
|
|t:|1769419032
|switch|p2a: Bronzong|Bronzong|100/100
|move|p1a: Zoroark|Hyper Voice|p2a: Bronzong
|-resisted|p2a: Bronzong
|-damage|p2a: Bronzong|79/100
|
|-heal|p2a: Bronzong|86/100|[from] item: Leftovers
|upkeep
|turn|9
|
|t:|1769419043
|move|p1a: Zoroark|Taunt|p2a: Bronzong
|-start|p2a: Bronzong|move: Taunt
|cant|p2a: Bronzong|move: Taunt|Trick Room
|
|-heal|p2a: Bronzong|92/100|[from] item: Leftovers
|upkeep
|turn|10
|
|t:|1769419050
|move|p1a: Zoroark|Shadow Ball|p2a: Bronzong
|-supereffective|p2a: Bronzong
|-damage|p2a: Bronzong|10/100
|move|p2a: Bronzong|Gyro Ball|p1a: Zoroark
|-damage|p1a: Zoroark|0 fnt
|faint|p1a: Zoroark
|
|-heal|p2a: Bronzong|16/100|[from] item: Leftovers
|upkeep
|
|t:|1769419058
|switch|p1a: Ceruledge|Ceruledge, F|100/100
|turn|11
|
|t:|1769419066
|switch|p2a: Volcanion|Volcanion|100/100
|move|p1a: Ceruledge|Swords Dance|p1a: Ceruledge
|-boost|p1a: Ceruledge|atk|2
|
|upkeep
|turn|12
|
|t:|1769419077
|move|p1a: Ceruledge|Swords Dance|p1a: Ceruledge
|-boost|p1a: Ceruledge|atk|2
|move|p2a: Volcanion|Steam Eruption|p1a: Ceruledge
|-supereffective|p1a: Ceruledge
|-damage|p1a: Ceruledge|0 fnt
|faint|p1a: Ceruledge
|
|upkeep
|
|t:|1769419099
|switch|p1a: Raging Bolt|Raging Bolt|100/100
|-enditem|p1a: Raging Bolt|Booster Energy
|-activate|p1a: Raging Bolt|ability: Protosynthesis|[fromitem]
|-start|p1a: Raging Bolt|protosynthesisspa
|turn|13
|
|t:|1769419105
|switch|p2a: Bronzong|Bronzong|16/100
|move|p1a: Raging Bolt|Calm Mind|p1a: Raging Bolt
|-boost|p1a: Raging Bolt|spa|1
|-boost|p1a: Raging Bolt|spd|1
|
|-heal|p2a: Bronzong|22/100|[from] item: Leftovers
|upkeep
|turn|14
|
|t:|1769419115
|move|p1a: Raging Bolt|Dragon Pulse|p2a: Bronzong
|-resisted|p2a: Bronzong
|-damage|p2a: Bronzong|0 fnt
|faint|p2a: Bronzong
|
|upkeep
|
|t:|1769419122
|switch|p2a: Ursaluna|Ursaluna, F|100/100
|turn|15
|
|t:|1769419132
|move|p1a: Raging Bolt|Dragon Pulse|p2a: Ursaluna
|-damage|p2a: Ursaluna|16/100
|move|p2a: Ursaluna|Headlong Rush|p1a: Raging Bolt
|-supereffective|p1a: Raging Bolt
|-damage|p1a: Raging Bolt|0 fnt
|-unboost|p2a: Ursaluna|def|1
|-unboost|p2a: Ursaluna|spd|1
|faint|p1a: Raging Bolt
|-end|p1a: Raging Bolt|Protosynthesis|[silent]
|
|-status|p2a: Ursaluna|brn|[from] item: Flame Orb
|upkeep
|
|t:|1769419140
|switch|p1a: Deoxys|Deoxys-Speed|100/100
|-ability|p1a: Deoxys|Pressure
|turn|16
|
|t:|1769419161
|move|p1a: Deoxys|Ice Beam|p2a: Ursaluna
|-supereffective|p2a: Ursaluna
|-damage|p2a: Ursaluna|0 fnt
|faint|p2a: Ursaluna
|
|upkeep
|
|t:|1769419167
|switch|p2a: Porygon2|Porygon2|29/100
|-ability|p2a: Porygon2|Download|boost
|-boost|p2a: Porygon2|spa|1
|turn|17
|
|t:|1769419176
|move|p1a: Deoxys|Ice Beam|p2a: Porygon2
|-damage|p2a: Porygon2|10/100
|move|p2a: Porygon2|Trick Room|p2a: Porygon2
|-fieldstart|move: Trick Room|[of] p2a: Porygon2
|
|upkeep
|turn|18
|
|t:|1769419181
|move|p2a: Porygon2|Recover|p2a: Porygon2
|-heal|p2a: Porygon2|60/100
|move|p1a: Deoxys|Ice Beam|p2a: Porygon2
|-damage|p2a: Porygon2|42/100
|
|upkeep
|turn|19
|
|t:|1769419188
|switch|p1a: Clodsire|Clodsire, M|100/100
|move|p2a: Porygon2|Recover|p2a: Porygon2
|-heal|p2a: Porygon2|92/100
|
|upkeep
|turn|20
|
|t:|1769419194
|move|p1a: Clodsire|Body Slam|p2a: Porygon2
|-damage|p2a: Porygon2|83/100
|move|p2a: Porygon2|Ice Beam|p1a: Clodsire
|-supereffective|p1a: Clodsire
|-damage|p1a: Clodsire|64/100
|
|-heal|p1a: Clodsire|70/100|[from] item: Leftovers
|upkeep
|turn|21
|
|t:|1769419203
|move|p1a: Clodsire|Body Slam|p2a: Porygon2
|-damage|p2a: Porygon2|73/100
|-status|p2a: Porygon2|par
|move|p2a: Porygon2|Ice Beam|p1a: Clodsire
|-supereffective|p1a: Clodsire
|-damage|p1a: Clodsire|34/100
|
|-heal|p1a: Clodsire|41/100|[from] item: Leftovers
|-fieldend|move: Trick Room
|upkeep
|turn|22
|
|t:|1769419213
|switch|p1a: Gholdengo|Gholdengo|100/100
|cant|p2a: Porygon2|par
|
|upkeep
|turn|23
|
|t:|1769419221
|move|p1a: Gholdengo|Focus Blast|p2a: Porygon2
|-supereffective|p2a: Porygon2
|-damage|p2a: Porygon2|13/100 par
|cant|p2a: Porygon2|par
|
|upkeep
|turn|24
|
|t:|1769419227
|move|p1a: Gholdengo|Dazzling Gleam|p2a: Porygon2
|-damage|p2a: Porygon2|0 fnt
|faint|p2a: Porygon2
|
|upkeep
|
|t:|1769419232
|switch|p2a: Volcanion|Volcanion|100/100
|turn|25
|
|t:|1769419242
|move|p1a: Gholdengo|Shadow Ball|p2a: Volcanion
|-damage|p2a: Volcanion|70/100
|move|p2a: Volcanion|Fire Blast|p1a: Gholdengo
|-supereffective|p1a: Gholdengo
|-damage|p1a: Gholdengo|5/100
|
|upkeep
|turn|26
|
|t:|1769419253
|move|p1a: Gholdengo|Shadow Ball|p2a: Volcanion
|-damage|p2a: Volcanion|38/100
|move|p2a: Volcanion|Steam Eruption|p1a: Gholdengo
|-damage|p1a: Gholdengo|0 fnt
|faint|p1a: Gholdengo
|
|upkeep
|
|t:|1769419258
|switch|p1a: Deoxys|Deoxys-Speed|100/100
|-ability|p1a: Deoxys|Pressure
|turn|27
|
|t:|1769419265
|move|p1a: Deoxys|Meteor Beam||[still]
|-prepare|p1a: Deoxys|Meteor Beam
|-boost|p1a: Deoxys|spa|1
|-enditem|p1a: Deoxys|Power Herb
|-anim|p1a: Deoxys|Meteor Beam|p2a: Volcanion
|-supereffective|p2a: Volcanion
|-damage|p2a: Volcanion|0 fnt
|faint|p2a: Volcanion
|
|upkeep
|
|t:|1769419273
|switch|p2a: Breloom|Breloom, F|100/100
|turn|28
|
|t:|1769419288
|-terastallize|p2a: Breloom|Steel
|move|p1a: Deoxys|Ice Beam|p2a: Breloom
|-resisted|p2a: Breloom
|-damage|p2a: Breloom|68/100
|move|p2a: Breloom|Seed Bomb|p1a: Deoxys
|-damage|p1a: Deoxys|30/100
|
|upkeep
|turn|29
|
|t:|1769419312
|move|p1a: Deoxys|Focus Blast|p2a: Breloom|[miss]
|-miss|p1a: Deoxys|p2a: Breloom
|move|p2a: Breloom|Seed Bomb|p1a: Deoxys
|-damage|p1a: Deoxys|0 fnt
|faint|p1a: Deoxys
|
|upkeep
|
|t:|1769419317
|switch|p1a: Clodsire|Clodsire, M|41/100
|turn|30
|
|t:|1769419327
|move|p1a: Clodsire|Protect|p1a: Clodsire
|-singleturn|p1a: Clodsire|Protect
|move|p2a: Breloom|Seed Bomb|p1a: Clodsire
|-activate|p1a: Clodsire|move: Protect
|
|-heal|p1a: Clodsire|47/100|[from] item: Leftovers
|upkeep
|turn|31
|
|t:|1769419335
|-terastallize|p1a: Clodsire|Flying
|move|p2a: Breloom|Seed Bomb|p1a: Clodsire
|-resisted|p1a: Clodsire
|-damage|p1a: Clodsire|26/100
|move|p1a: Clodsire|Body Slam|p2a: Breloom
|-resisted|p2a: Breloom
|-damage|p2a: Breloom|58/100
|
|-heal|p1a: Clodsire|32/100|[from] item: Leftovers
|upkeep
|turn|32
|
|t:|1769419346
|move|p1a: Clodsire|Protect|p1a: Clodsire
|-singleturn|p1a: Clodsire|Protect
|move|p2a: Breloom|Stone Edge|p1a: Clodsire
|-activate|p1a: Clodsire|move: Protect
|
|-heal|p1a: Clodsire|39/100|[from] item: Leftovers
|upkeep
|turn|33
|
|t:|1769419354
|move|p2a: Breloom|Stone Edge|p1a: Clodsire|[miss]
|-miss|p2a: Breloom|p1a: Clodsire
|move|p1a: Clodsire|Body Slam|p2a: Breloom
|-resisted|p2a: Breloom
|-damage|p2a: Breloom|48/100
|
|-heal|p1a: Clodsire|45/100|[from] item: Leftovers
|upkeep
|turn|34
|
|t:|1769419363
|move|p1a: Clodsire|Protect|p1a: Clodsire
|-singleturn|p1a: Clodsire|Protect
|move|p2a: Breloom|Stone Edge|p1a: Clodsire
|-activate|p1a: Clodsire|move: Protect
|
|-heal|p1a: Clodsire|51/100|[from] item: Leftovers
|upkeep
|turn|35
|
|t:|1769419371
|move|p2a: Breloom|Stone Edge|p1a: Clodsire
|-supereffective|p1a: Clodsire
|-damage|p1a: Clodsire|0 fnt
|faint|p1a: Clodsire
|
|win|Jonpollonmorcillon
|raw|jyf123123's rating: 1242 &rarr; <strong>1219</strong><br />(-23 for losing)
|raw|Jonpollonmorcillon's rating: 1264 &rarr; <strong>1287</strong><br />(+23 for winning)
|l|☆jyf123123
|player|p1|
|l|☆Jonpollonmorcillon
|player|p2|
