|j|☆Goolaan16
|j|☆LaportaPotty
|t:|1769333142
|gametype|singles
|player|p1|Goolaan16|1|1342
|player|p2|LaportaPotty|169|1407
|gen|9
|tier|[Gen 9] OU
|rated|
|rule|HP Percentage Mod: HP is shown in percentages
|rule|Endless Battle Clause: Forcing endless battles is banned
|rule|Species Clause: Limit one of each Pokémon
|rule|OHKO Clause: OHKO moves are banned
|rule|Evasion Items Clause: Evasion items are banned
|rule|Evasion Moves Clause: Evasion moves are banned
|rule|Evasion Abilities Clause: Evasion abilities are banned
|rule|Sleep Moves Clause: Sleep-inducing moves are banned
|clearpoke
|poke|p1|Fezandipiti, M|
|poke|p1|Dragapult, F|
|poke|p1|Great Tusk|
|poke|p1|Samurott-Hisui, F|
|poke|p1|Moltres|
|poke|p1|Scizor, M|
|poke|p2|Okidogi, M|
|poke|p2|Raging Bolt|
|poke|p2|Moltres|
|poke|p2|Sinistcha|
|poke|p2|Iron Treads|
|poke|p2|Ting-Lu|
|teampreview
|
|t:|1769333157
|teamsize|p1|6
|teamsize|p2|6
|start
|switch|p1a: Samurott|Samurott-Hisui, F|100/100
|switch|p2a: Ting-Lu|Ting-Lu|100/100
|-ability|p2a: Ting-Lu|Vessel of Ruin
|turn|1
|
|t:|1769333167
|move|p1a: Samurott|Ceaseless Edge|p2a: Ting-Lu
|-resisted|p2a: Ting-Lu
|-damage|p2a: Ting-Lu|90/100
|-sidestart|p2: LaportaPotty|Spikes
|move|p2a: Ting-Lu|Stealth Rock|p1a: Samurott
|-sidestart|p1: Goolaan16|move: Stealth Rock
|
|-heal|p2a: Ting-Lu|96/100|[from] item: Leftovers
|upkeep
|turn|2
|
|t:|1769333176
|move|p1a: Samurott|Encore|p2a: Ting-Lu
|-start|p2a: Ting-Lu|Encore
|move|p2a: Ting-Lu|Stealth Rock||[still]
|-fail|p2a: Ting-Lu
|
|-heal|p2a: Ting-Lu|100/100|[from] item: Leftovers
|upkeep
|turn|3
|
|t:|1769333188
|switch|p2a: Raging Bolt|Raging Bolt|100/100
|-damage|p2a: Raging Bolt|88/100|[from] Spikes
|-enditem|p2a: Raging Bolt|Booster Energy
|-activate|p2a: Raging Bolt|ability: Protosynthesis|[fromitem]
|-start|p2a: Raging Bolt|protosynthesisspa
|move|p1a: Samurott|Knock Off|p2a: Raging Bolt
|-damage|p2a: Raging Bolt|61/100
|
|upkeep
|turn|4
|
|t:|1769333205
|move|p1a: Samurott|Ceaseless Edge|p2a: Raging Bolt
|-damage|p2a: Raging Bolt|17/100
|-sidestart|p2: LaportaPotty|Spikes
|move|p2a: Raging Bolt|Thunderbolt|p1a: Samurott
|-supereffective|p1a: Samurott
|-damage|p1a: Samurott|0 fnt
|faint|p1a: Samurott
|
|upkeep
|
|t:|1769333214
|switch|p1a: Dragapult|Dragapult, F|100/100
|-damage|p1a: Dragapult|88/100|[from] Stealth Rock
|turn|5
|
|t:|1769333221
|move|p2a: Raging Bolt|Thunderclap|p1a: Dragapult
|-resisted|p1a: Dragapult
|-damage|p1a: Dragapult|54/100
|move|p1a: Dragapult|Shadow Ball|p2a: Raging Bolt
|-damage|p2a: Raging Bolt|0 fnt
|faint|p2a: Raging Bolt
|-end|p2a: Raging Bolt|Protosynthesis|[silent]
|
|upkeep
|
|t:|1769333227
|switch|p2a: Iron Treads|Iron Treads|100/100
|turn|6
|
|t:|1769333233
|switch|p1a: Moltres|Moltres|100/100
|move|p2a: Iron Treads|Ice Spinner|p1a: Moltres
|-damage|p1a: Moltres|83/100
|
|upkeep
|turn|7
|
|t:|1769333241
|move|p2a: Iron Treads|Rapid Spin|p1a: Moltres
|-damage|p1a: Moltres|72/100
|-boost|p2a: Iron Treads|spe|1
|-sideend|p2: LaportaPotty|Spikes|[from] move: Rapid Spin|[of] p2a: Iron Treads
|move|p1a: Moltres|Will-O-Wisp|p2a: Iron Treads
|-status|p2a: Iron Treads|brn
|
|-damage|p2a: Iron Treads|94/100 brn|[from] brn
|upkeep
|turn|8
|inactive|Battle timer is ON: inactive players will automatically lose when time's up. (requested by LaportaPotty)
|
|t:|1769333253
|-end|p2a: Iron Treads|Quark Drive|[silent]
|switch|p2a: Moltres|Moltres|100/100
|move|p1a: Moltres|U-turn|p2a: Moltres
|-resisted|p2a: Moltres
|-damage|p2a: Moltres|98/100
|
|t:|1769333261
|switch|p1a: Great Tusk|Great Tusk|100/100|[from] U-turn
|-damage|p1a: Great Tusk|98/100|[from] Stealth Rock
|
|upkeep
|turn|9
|
|t:|1769333273
|switch|p2a: Sinistcha|Sinistcha|100/100
|move|p1a: Great Tusk|Rapid Spin|p2a: Sinistcha
|-immune|p2a: Sinistcha
|
|upkeep
|turn|10
|
|t:|1769333283
|-end|p1a: Great Tusk|Protosynthesis|[silent]
|switch|p1a: Moltres|Moltres|72/100
|move|p2a: Sinistcha|Matcha Gotcha|p1a: Moltres
|-resisted|p1a: Moltres
|-damage|p1a: Moltres|63/100
|
|upkeep
|turn|11
|
|t:|1769333293
|switch|p2a: Ting-Lu|Ting-Lu|100/100
|-ability|p2a: Ting-Lu|Vessel of Ruin
|move|p1a: Moltres|Flamethrower|p2a: Ting-Lu
|-damage|p2a: Ting-Lu|82/100
|
|-heal|p2a: Ting-Lu|89/100|[from] item: Leftovers
|upkeep
|turn|12
|
|t:|1769333303
|move|p1a: Moltres|Will-O-Wisp|p2a: Ting-Lu
|-status|p2a: Ting-Lu|brn
|move|p2a: Ting-Lu|Spikes|p1a: Moltres
|-sidestart|p1: Goolaan16|Spikes
|
|-heal|p2a: Ting-Lu|95/100 brn|[from] item: Leftovers
|-damage|p2a: Ting-Lu|89/100 brn|[from] brn
|upkeep
|turn|13
|
|t:|1769333312
|move|p1a: Moltres|U-turn|p2a: Ting-Lu
|-supereffective|p2a: Ting-Lu
|-damage|p2a: Ting-Lu|74/100 brn
|
|t:|1769333315
|switch|p1a: Great Tusk|Great Tusk|98/100|[from] U-turn
|-damage|p1a: Great Tusk|95/100|[from] Stealth Rock
|-damage|p1a: Great Tusk|82/100|[from] Spikes
|move|p2a: Ting-Lu|Whirlwind|p1a: Great Tusk
|-end|p1a: Great Tusk|Protosynthesis|[silent]
|drag|p1a: Dragapult|Dragapult, F|54/100
|-damage|p1a: Dragapult|42/100|[from] Stealth Rock
|-damage|p1a: Dragapult|30/100|[from] Spikes
|
|-heal|p2a: Ting-Lu|81/100 brn|[from] item: Leftovers
|-damage|p2a: Ting-Lu|74/100 brn|[from] brn
|upkeep
|turn|14
|
|t:|1769333332
|-terastallize|p1a: Dragapult|Ghost
|move|p1a: Dragapult|Hex|p2a: Ting-Lu
|-resisted|p2a: Ting-Lu
|-damage|p2a: Ting-Lu|46/100 brn
|move|p2a: Ting-Lu|Whirlwind|p1a: Dragapult
|drag|p1a: Great Tusk|Great Tusk|82/100
|-damage|p1a: Great Tusk|79/100|[from] Stealth Rock
|-damage|p1a: Great Tusk|67/100|[from] Spikes
|
|-heal|p2a: Ting-Lu|52/100 brn|[from] item: Leftovers
|-damage|p2a: Ting-Lu|46/100 brn|[from] brn
|upkeep
|turn|15
|
|t:|1769333347
|switch|p2a: Sinistcha|Sinistcha|100/100
|move|p1a: Great Tusk|Ice Spinner|p2a: Sinistcha
|-supereffective|p2a: Sinistcha
|-damage|p2a: Sinistcha|67/100
|
|upkeep
|turn|16
|
|t:|1769333356
|-end|p1a: Great Tusk|Protosynthesis|[silent]
|switch|p1a: Moltres|Moltres|63/100
|move|p2a: Sinistcha|Shadow Ball|p1a: Moltres
|-damage|p1a: Moltres|27/100
|-unboost|p1a: Moltres|spd|1
|
|upkeep
|turn|17
|
|t:|1769333369
|switch|p2a: Ting-Lu|Ting-Lu|46/100 brn
|-ability|p2a: Ting-Lu|Vessel of Ruin
|move|p1a: Moltres|Flamethrower|p2a: Ting-Lu
|-damage|p2a: Ting-Lu|25/100 brn
|
|-heal|p2a: Ting-Lu|31/100 brn|[from] item: Leftovers
|-damage|p2a: Ting-Lu|25/100 brn|[from] brn
|upkeep
|turn|18
|
|t:|1769333379
|move|p1a: Moltres|Roost|p1a: Moltres
|-heal|p1a: Moltres|77/100
|-singleturn|p1a: Moltres|move: Roost
|move|p2a: Ting-Lu|Whirlwind|p1a: Moltres
|drag|p1a: Scizor|Scizor, M|100/100
|
|-heal|p2a: Ting-Lu|31/100 brn|[from] item: Leftovers
|-damage|p2a: Ting-Lu|25/100 brn|[from] brn
|upkeep
|turn|19
|
|t:|1769333392
|move|p1a: Scizor|Knock Off|p2a: Ting-Lu
|-resisted|p2a: Ting-Lu
|-damage|p2a: Ting-Lu|17/100 brn
|-enditem|p2a: Ting-Lu|Leftovers|[from] move: Knock Off|[of] p1a: Scizor
|move|p2a: Ting-Lu|Ruination|p1a: Scizor
|-damage|p1a: Scizor|50/100
|
|-damage|p2a: Ting-Lu|11/100 brn|[from] brn
|upkeep
|turn|20
|
|t:|1769333406
|move|p1a: Scizor|Knock Off|p2a: Ting-Lu
|-resisted|p2a: Ting-Lu
|-damage|p2a: Ting-Lu|5/100 brn
|move|p2a: Ting-Lu|Whirlwind|p1a: Scizor
|drag|p1a: Great Tusk|Great Tusk|67/100
|-damage|p1a: Great Tusk|64/100|[from] Stealth Rock
|-damage|p1a: Great Tusk|51/100|[from] Spikes
|
|-damage|p2a: Ting-Lu|0 fnt|[from] brn
|faint|p2a: Ting-Lu
|upkeep
|
|t:|1769333413
|switch|p2a: Sinistcha|Sinistcha|67/100
|turn|21
|
|t:|1769333421
|-end|p1a: Great Tusk|Protosynthesis|[silent]
|switch|p1a: Moltres|Moltres|77/100
|move|p2a: Sinistcha|Strength Sap|p1a: Moltres
|-unboost|p1a: Moltres|atk|1
|-heal|p2a: Sinistcha|100/100
|
|upkeep
|turn|22
|
|t:|1769333431
|switch|p2a: Moltres|Moltres|98/100
|move|p1a: Moltres|Flamethrower|p2a: Moltres
|-resisted|p2a: Moltres
|-damage|p2a: Moltres|78/100
|
|upkeep
|turn|23
|
|t:|1769333443
|move|p1a: Moltres|Flamethrower|p2a: Moltres
|-resisted|p2a: Moltres
|-damage|p2a: Moltres|60/100
|move|p2a: Moltres|Flamethrower|p1a: Moltres
|-resisted|p1a: Moltres
|-damage|p1a: Moltres|59/100
|
|upkeep
|turn|24
|
|t:|1769333451
|move|p1a: Moltres|U-turn|p2a: Moltres
|-resisted|p2a: Moltres
|-damage|p2a: Moltres|58/100
|
|t:|1769333455
|switch|p1a: Fezandipiti|Fezandipiti, M|100/100|[from] U-turn
|move|p2a: Moltres|Roost|p2a: Moltres
|-heal|p2a: Moltres|100/100
|-singleturn|p2a: Moltres|move: Roost
|
|upkeep
|turn|25
|
|t:|1769333464
|move|p1a: Fezandipiti|U-turn|p2a: Moltres
|-resisted|p2a: Moltres
|-damage|p2a: Moltres|97/100
|
|t:|1769333467
|switch|p1a: Moltres|Moltres|59/100|[from] U-turn
|move|p2a: Moltres|Will-O-Wisp|p1a: Moltres
|-immune|p1a: Moltres
|
|upkeep
|turn|26
|
|t:|1769333475
|move|p1a: Moltres|Roost|p1a: Moltres
|-heal|p1a: Moltres|100/100
|-singleturn|p1a: Moltres|move: Roost
|move|p2a: Moltres|Roar|p1a: Moltres
|drag|p1a: Scizor|Scizor, M|50/100
|
|upkeep
|turn|27
|
|t:|1769333489
|move|p2a: Moltres|Flamethrower|p1a: Scizor
|-supereffective|p1a: Scizor
|-damage|p1a: Scizor|0 fnt
|faint|p1a: Scizor
|
|upkeep
|
|t:|1769333503
|switch|p1a: Fezandipiti|Fezandipiti, M|100/100
|turn|28
|
|t:|1769333509
|move|p1a: Fezandipiti|Beat Up|p2a: Moltres
|-damage|p2a: Moltres|95/100
|-damage|p2a: Moltres|92/100
|-status|p2a: Moltres|tox|[from] ability: Toxic Chain|[of] p1a: Fezandipiti
|-damage|p2a: Moltres|89/100 tox
|-damage|p2a: Moltres|85/100 tox
|-hitcount|p2a: Moltres|4
|move|p2a: Moltres|Will-O-Wisp|p1a: Fezandipiti
|-status|p1a: Fezandipiti|brn
|
|-damage|p2a: Moltres|79/100 tox|[from] psn
|-damage|p1a: Fezandipiti|94/100 brn|[from] brn
|upkeep
|turn|29
|
|t:|1769333528
|move|p1a: Fezandipiti|Play Rough|p2a: Moltres
|-resisted|p2a: Moltres
|-damage|p2a: Moltres|74/100 tox
|move|p2a: Moltres|Roar|p1a: Fezandipiti
|drag|p1a: Moltres|Moltres|100/100
|
|-damage|p2a: Moltres|62/100 tox|[from] psn
|upkeep
|turn|30
|
|t:|1769333538
|move|p1a: Moltres|Flamethrower|p2a: Moltres
|-resisted|p2a: Moltres
|-damage|p2a: Moltres|44/100 tox
|move|p2a: Moltres|Roost|p2a: Moltres
|-heal|p2a: Moltres|94/100 tox
|-singleturn|p2a: Moltres|move: Roost
|
|-damage|p2a: Moltres|76/100 tox|[from] psn
|upkeep
|turn|31
|
|t:|1769333549
|switch|p2a: Iron Treads|Iron Treads|94/100 brn
|move|p1a: Moltres|Flamethrower|p2a: Iron Treads
|-supereffective|p2a: Iron Treads
|-damage|p2a: Iron Treads|0 fnt
|faint|p2a: Iron Treads
|-end|p2a: Iron Treads|Quark Drive|[silent]
|
|upkeep
|
|t:|1769333553
|switch|p2a: Okidogi|Okidogi, M|100/100
|turn|32
|
|t:|1769333561
|move|p1a: Moltres|Will-O-Wisp|p2a: Okidogi
|-status|p2a: Okidogi|brn
|move|p2a: Okidogi|Knock Off|p1a: Moltres
|-damage|p1a: Moltres|87/100
|-enditem|p1a: Moltres|Heavy-Duty Boots|[from] move: Knock Off|[of] p2a: Okidogi
|
|-damage|p2a: Okidogi|94/100 brn|[from] brn
|upkeep
|turn|33
|
|t:|1769333571
|move|p1a: Moltres|Flamethrower|p2a: Okidogi
|-damage|p2a: Okidogi|68/100 brn
|move|p2a: Okidogi|Knock Off|p1a: Moltres
|-damage|p1a: Moltres|78/100
|-status|p1a: Moltres|tox|[from] ability: Toxic Chain|[of] p2a: Okidogi
|
|-damage|p1a: Moltres|72/100 tox|[from] psn
|-damage|p2a: Okidogi|62/100 brn|[from] brn
|upkeep
|turn|34
|
|t:|1769333582
|switch|p2a: Moltres|Moltres|76/100 tox
|move|p1a: Moltres|U-turn|p2a: Moltres
|-resisted|p2a: Moltres
|-damage|p2a: Moltres|74/100 tox
|
|t:|1769333588
|switch|p1a: Great Tusk|Great Tusk|51/100|[from] U-turn
|-damage|p1a: Great Tusk|48/100|[from] Stealth Rock
|-damage|p1a: Great Tusk|36/100|[from] Spikes
|
|-damage|p2a: Moltres|68/100 tox|[from] psn
|upkeep
|turn|35
|
|t:|1769333597
|switch|p2a: Sinistcha|Sinistcha|100/100
|move|p1a: Great Tusk|Rapid Spin|p2a: Sinistcha
|-immune|p2a: Sinistcha
|
|upkeep
|turn|36
|
|t:|1769333606
|-end|p1a: Great Tusk|Protosynthesis|[silent]
|switch|p1a: Moltres|Moltres|72/100 tox
|-damage|p1a: Moltres|22/100 tox|[from] Stealth Rock
|move|p2a: Sinistcha|Shadow Ball|p1a: Moltres
|-damage|p1a: Moltres|0 fnt
|faint|p1a: Moltres
|
|upkeep
|
|t:|1769333615
|switch|p1a: Dragapult|Dragapult, F, tera:Ghost|30/100
|-damage|p1a: Dragapult|17/100|[from] Stealth Rock
|-damage|p1a: Dragapult|5/100|[from] Spikes
|turn|37
|
|t:|1769333626
|-terastallize|p2a: Sinistcha|Fairy
|move|p1a: Dragapult|Shadow Ball|p2a: Sinistcha
|-damage|p2a: Sinistcha|13/100
|move|p2a: Sinistcha|Matcha Gotcha|p1a: Dragapult
|-damage|p1a: Dragapult|0 fnt
|-heal|p2a: Sinistcha|15/100|[from] drain|[of] p1a: Dragapult
|faint|p1a: Dragapult
|
|upkeep
|
|t:|1769333640
|switch|p1a: Great Tusk|Great Tusk|36/100
|-damage|p1a: Great Tusk|33/100|[from] Stealth Rock
|-damage|p1a: Great Tusk|20/100|[from] Spikes
|turn|38
|
|t:|1769333651
|move|p1a: Great Tusk|Rapid Spin|p2a: Sinistcha
|-damage|p2a: Sinistcha|6/100
|-boost|p1a: Great Tusk|spe|1
|-sideend|p1: Goolaan16|Spikes|[from] move: Rapid Spin|[of] p1a: Great Tusk
|-sideend|p1: Goolaan16|Stealth Rock|[from] move: Rapid Spin|[of] p1a: Great Tusk
|move|p2a: Sinistcha|Strength Sap|p1a: Great Tusk
|-unboost|p1a: Great Tusk|atk|1
|-heal|p2a: Sinistcha|92/100
|
|upkeep
|turn|39
|
|t:|1769333661
|-end|p1a: Great Tusk|Protosynthesis|[silent]
|switch|p1a: Fezandipiti|Fezandipiti, M|94/100 brn
|move|p2a: Sinistcha|Shadow Ball|p1a: Fezandipiti
|-damage|p1a: Fezandipiti|74/100 brn
|
|-damage|p1a: Fezandipiti|68/100 brn|[from] brn
|upkeep
|turn|40
|
|t:|1769333673
|switch|p2a: Okidogi|Okidogi, M|62/100 brn
|move|p1a: Fezandipiti|Play Rough|p2a: Okidogi
|-damage|p2a: Okidogi|49/100 brn
|
|-damage|p1a: Fezandipiti|62/100 brn|[from] brn
|-damage|p2a: Okidogi|43/100 brn|[from] brn
|upkeep
|turn|41
|
|t:|1769333689
|move|p1a: Fezandipiti|Roost|p1a: Fezandipiti
|-heal|p1a: Fezandipiti|100/100 brn
|-singleturn|p1a: Fezandipiti|move: Roost
|move|p2a: Okidogi|Ice Punch|p1a: Fezandipiti
|-damage|p1a: Fezandipiti|84/100 brn
|
|-damage|p1a: Fezandipiti|78/100 brn|[from] brn
|-damage|p2a: Okidogi|37/100 brn|[from] brn
|upkeep
|turn|42
|
|t:|1769333699
|move|p1a: Fezandipiti|Play Rough|p2a: Okidogi
|-damage|p2a: Okidogi|24/100 brn
|move|p2a: Okidogi|Knock Off|p1a: Fezandipiti
|-resisted|p1a: Fezandipiti
|-damage|p1a: Fezandipiti|68/100 brn
|-enditem|p1a: Fezandipiti|Heavy-Duty Boots|[from] move: Knock Off|[of] p2a: Okidogi
|
|-damage|p1a: Fezandipiti|62/100 brn|[from] brn
|-damage|p2a: Okidogi|18/100 brn|[from] brn
|upkeep
|turn|43
|
|t:|1769333709
|move|p1a: Fezandipiti|Roost|p1a: Fezandipiti
|-heal|p1a: Fezandipiti|100/100 brn
|-singleturn|p1a: Fezandipiti|move: Roost
|move|p2a: Okidogi|Gunk Shot|p1a: Fezandipiti
|-damage|p1a: Fezandipiti|67/100 brn
|
|-damage|p1a: Fezandipiti|61/100 brn|[from] brn
|-damage|p2a: Okidogi|12/100 brn|[from] brn
|upkeep
|turn|44
|
|t:|1769333719
|move|p1a: Fezandipiti|Roost|p1a: Fezandipiti
|-heal|p1a: Fezandipiti|100/100 brn
|-singleturn|p1a: Fezandipiti|move: Roost
|move|p2a: Okidogi|Ice Punch|p1a: Fezandipiti
|-damage|p1a: Fezandipiti|86/100 brn
|
|-damage|p1a: Fezandipiti|80/100 brn|[from] brn
|-damage|p2a: Okidogi|6/100 brn|[from] brn
|upkeep
|turn|45
|
|t:|1769333740
|move|p1a: Fezandipiti|Play Rough|p2a: Okidogi
|-damage|p2a: Okidogi|0 fnt
|faint|p2a: Okidogi
|
|-damage|p1a: Fezandipiti|74/100 brn|[from] brn
|upkeep
|
|t:|1769333745
|switch|p2a: Moltres|Moltres|68/100 tox
|turn|46
|
|t:|1769333752
|move|p1a: Fezandipiti|Roost|p1a: Fezandipiti
|-heal|p1a: Fezandipiti|100/100 brn
|-singleturn|p1a: Fezandipiti|move: Roost
|move|p2a: Moltres|Flamethrower|p1a: Fezandipiti
|-damage|p1a: Fezandipiti|76/100 brn
|
|-damage|p2a: Moltres|62/100 tox|[from] psn
|-damage|p1a: Fezandipiti|70/100 brn|[from] brn
|upkeep
|turn|47
|
|t:|1769333761
|move|p1a: Fezandipiti|Play Rough|p2a: Moltres
|-resisted|p2a: Moltres
|-damage|p2a: Moltres|56/100 tox
|-unboost|p2a: Moltres|atk|1
|move|p2a: Moltres|Roost|p2a: Moltres
|-heal|p2a: Moltres|100/100 tox
|-singleturn|p2a: Moltres|move: Roost
|
|-damage|p2a: Moltres|88/100 tox|[from] psn
|-damage|p1a: Fezandipiti|64/100 brn|[from] brn
|upkeep
|turn|48
|
|t:|1769333773
|move|p1a: Fezandipiti|Play Rough|p2a: Moltres
|-resisted|p2a: Moltres
|-damage|p2a: Moltres|83/100 tox
|move|p2a: Moltres|Roar|p1a: Fezandipiti
|drag|p1a: Great Tusk|Great Tusk|20/100
|
|-damage|p2a: Moltres|65/100 tox|[from] psn
|upkeep
|turn|49
|
|t:|1769333787
|switch|p2a: Sinistcha|Sinistcha, tera:Fairy|92/100
|move|p1a: Great Tusk|Stealth Rock|p2a: Sinistcha
|-sidestart|p2: LaportaPotty|move: Stealth Rock
|
|upkeep
|turn|50
|
|t:|1769333796
|-end|p1a: Great Tusk|Protosynthesis|[silent]
|switch|p1a: Fezandipiti|Fezandipiti, M|64/100 brn
|move|p2a: Sinistcha|Shadow Ball|p1a: Fezandipiti
|-damage|p1a: Fezandipiti|42/100 brn
|-unboost|p1a: Fezandipiti|spd|1
|
|-damage|p1a: Fezandipiti|36/100 brn|[from] brn
|upkeep
|turn|51
|
|t:|1769333806
|move|p1a: Fezandipiti|Roost|p1a: Fezandipiti
|-heal|p1a: Fezandipiti|86/100 brn
|-singleturn|p1a: Fezandipiti|move: Roost
|move|p2a: Sinistcha|Calm Mind|p2a: Sinistcha
|-boost|p2a: Sinistcha|spa|1
|-boost|p2a: Sinistcha|spd|1
|
|-damage|p1a: Fezandipiti|80/100 brn|[from] brn
|upkeep
|turn|52
|
|t:|1769333815
|move|p1a: Fezandipiti|U-turn|p2a: Sinistcha
|-resisted|p2a: Sinistcha
|-damage|p2a: Sinistcha|90/100
|
|t:|1769333818
|switch|p1a: Great Tusk|Great Tusk|20/100|[from] U-turn
|move|p2a: Sinistcha|Shadow Ball|p1a: Great Tusk
|-damage|p1a: Great Tusk|0 fnt
|faint|p1a: Great Tusk
|-end|p1a: Great Tusk|Protosynthesis|[silent]
|
|upkeep
|
|t:|1769333826
|switch|p1a: Fezandipiti|Fezandipiti, M|80/100 brn
|turn|53
|
|t:|1769333832
|move|p1a: Fezandipiti|Play Rough|p2a: Sinistcha|[miss]
|-miss|p1a: Fezandipiti|p2a: Sinistcha
|move|p2a: Sinistcha|Calm Mind|p2a: Sinistcha
|-boost|p2a: Sinistcha|spa|1
|-boost|p2a: Sinistcha|spd|1
|
|-damage|p1a: Fezandipiti|74/100 brn|[from] brn
|upkeep
|turn|54
|
|t:|1769333843
|move|p1a: Fezandipiti|Play Rough|p2a: Sinistcha
|-damage|p2a: Sinistcha|79/100
|move|p2a: Sinistcha|Calm Mind|p2a: Sinistcha
|-boost|p2a: Sinistcha|spa|1
|-boost|p2a: Sinistcha|spd|1
|
|-damage|p1a: Fezandipiti|68/100 brn|[from] brn
|upkeep
|turn|55
|
|t:|1769333852
|move|p1a: Fezandipiti|Play Rough|p2a: Sinistcha
|-damage|p2a: Sinistcha|68/100
|move|p2a: Sinistcha|Shadow Ball|p1a: Fezandipiti
|-damage|p1a: Fezandipiti|19/100 brn
|
|-damage|p1a: Fezandipiti|13/100 brn|[from] brn
|upkeep
|turn|56
|
|t:|1769333861
|move|p1a: Fezandipiti|Play Rough|p2a: Sinistcha
|-damage|p2a: Sinistcha|57/100
|move|p2a: Sinistcha|Shadow Ball|p1a: Fezandipiti
|-damage|p1a: Fezandipiti|0 fnt
|faint|p1a: Fezandipiti
|
|win|LaportaPotty
|raw|Goolaan16's rating: 1342 &rarr; <strong>1326</strong><br />(-16 for losing)
|raw|LaportaPotty's rating: 1407 &rarr; <strong>1423</strong><br />(+16 for winning)
|c|☆LaportaPotty|gg
|l|☆LaportaPotty
|player|p2|
|l|☆Goolaan16
|player|p1|
