|j|☆ikun ngm
|j|☆Year1990
|t:|1769331785
|gametype|singles
|player|p1|ikun ngm|swimmer-gen4|1243
|player|p2|Year1990|102|1236
|gen|9
|tier|[Gen 9] OU
|rated|
|rule|HP Percentage Mod: HP is shown in percentages
|rule|Endless Battle Clause: Forcing endless battles is banned
|rule|Species Clause: Limit one of each Pokémon
|rule|OHKO Clause: OHKO moves are banned
|rule|Evasion Items Clause: Evasion items are banned
|rule|Evasion Moves Clause: Evasion moves are banned
|rule|Evasion Abilities Clause: Evasion abilities are banned
|rule|Sleep Moves Clause: Sleep-inducing moves are banned
|clearpoke
|poke|p1|Alomomola, F|
|poke|p1|Thundurus-Therian, M|
|poke|p1|Blaziken, M|
|poke|p1|Slowking-Galar, F|
|poke|p1|Dragonite, F|
|poke|p1|Delibird, F|
|poke|p2|Lilligant, F|
|poke|p2|Primeape, M|
|poke|p2|Bisharp, F|
|poke|p2|Forretress, M|
|poke|p2|Porygon2|
|poke|p2|Ditto|
|teampreview
|
|t:|1769331799
|teamsize|p1|6
|teamsize|p2|6
|start
|switch|p1a: 只因！|Delibird, F|100/100
|switch|p2a: Forretress|Forretress, M|100/100
|turn|1
|
|t:|1769331806
|move|p1a: 只因！|Spikes|p2a: Forretress
|-sidestart|p2: Year1990|Spikes
|move|p2a: Forretress|Stealth Rock|p1a: 只因！
|-sidestart|p1: ikun ngm|move: Stealth Rock
|
|upkeep
|turn|2
|
|t:|1769331810
|move|p1a: 只因！|Spikes|p2a: Forretress
|-sidestart|p2: Year1990|Spikes
|move|p2a: Forretress|Spikes|p1a: 只因！
|-sidestart|p1: ikun ngm|Spikes
|
|upkeep
|turn|3
|
|t:|1769331812
|move|p1a: 只因！|Spikes|p2a: Forretress
|-sidestart|p2: Year1990|Spikes
|move|p2a: Forretress|Spikes|p1a: 只因！
|-sidestart|p1: ikun ngm|Spikes
|
|upkeep
|turn|4
|
|t:|1769331817
|switch|p1a: 叮咚鸡！|Blaziken, M|100/100
|-damage|p1a: 叮咚鸡！|88/100|[from] Stealth Rock
|-damage|p1a: 叮咚鸡！|72/100|[from] Spikes
|move|p2a: Forretress|Spikes|p1a: 叮咚鸡！
|-sidestart|p1: ikun ngm|Spikes
|
|upkeep
|turn|5
|
|t:|1769331824
|move|p1a: 叮咚鸡！|Blaze Kick|p2a: Forretress|[miss]
|-miss|p1a: 叮咚鸡！|p2a: Forretress
|move|p2a: Forretress|Thunder Wave|p1a: 叮咚鸡！
|-status|p1a: 叮咚鸡！|par
|
|-ability|p1a: 叮咚鸡！|Speed Boost|boost
|-boost|p1a: 叮咚鸡！|spe|1
|upkeep
|turn|6
|
|t:|1769331832
|move|p1a: 叮咚鸡！|Blaze Kick|p2a: Forretress
|-supereffective|p2a: Forretress
|-damage|p2a: Forretress|6/100
|-enditem|p2a: Forretress|Red Card|[of] p1a: 叮咚鸡！
|drag|p1a: 曼波！|Alomomola, F|100/100
|-damage|p1a: 曼波！|88/100|[from] Stealth Rock
|-damage|p1a: 曼波！|63/100|[from] Spikes
|move|p2a: Forretress|Thunder Wave|p1a: 曼波！
|-status|p1a: 曼波！|par
|
|upkeep
|turn|7
|
|t:|1769331845
|move|p2a: Forretress|Volt Switch|p1a: 曼波！
|-supereffective|p1a: 曼波！
|-damage|p1a: 曼波！|42/100 par
|
|t:|1769331849
|switch|p2a: Primeape|Primeape, M|100/100|[from] Volt Switch
|-damage|p2a: Primeape|76/100|[from] Spikes
|move|p1a: 曼波！|Flip Turn|p2a: Primeape
|-damage|p2a: Primeape|58/100
|
|t:|1769331863
|switch|p1a: 小白手套！|Thundurus-Therian, M|100/100|[from] Flip Turn
|
|upkeep
|turn|8
|
|t:|1769331871
|move|p1a: 小白手套！|Thunderbolt|p2a: Primeape
|-damage|p2a: Primeape|24/100
|move|p2a: Primeape|Rage Fist|p1a: 小白手套！
|-damage|p1a: 小白手套！|44/100
|
|upkeep
|turn|9
|
|t:|1769331877
|move|p1a: 小白手套！|Thunderbolt|p2a: Primeape
|-damage|p2a: Primeape|0 fnt
|faint|p2a: Primeape
|
|upkeep
|
|t:|1769331884
|switch|p2a: Porygon2|Porygon2, shiny|100/100
|-damage|p2a: Porygon2|76/100|[from] Spikes
|-ability|p2a: Porygon2|Volt Absorb|Trace|[from] ability: Trace|[of] p1a: 小白手套！
|turn|10
|
|t:|1769331890
|move|p1a: 小白手套！|Thunderbolt|p2a: Porygon2
|-heal|p2a: Porygon2|100/100|[from] ability: Volt Absorb|[of] p1a: 小白手套！
|move|p2a: Porygon2|Tri Attack|p1a: 小白手套！
|-damage|p1a: 小白手套！|7/100
|
|upkeep
|turn|11
|
|t:|1769331896
|move|p1a: 小白手套！|Grass Knot|p2a: Porygon2
|-damage|p2a: Porygon2|89/100
|move|p2a: Porygon2|Tri Attack|p1a: 小白手套！
|-damage|p1a: 小白手套！|0 fnt
|faint|p1a: 小白手套！
|
|upkeep
|
|t:|1769331904
|switch|p1a: 胖宝宝！|Slowking-Galar, F|100/100
|turn|12
|
|t:|1769331910
|switch|p2a: Forretress|Forretress, M|6/100
|-damage|p2a: Forretress|0 fnt|[from] Spikes
|faint|p2a: Forretress
|move|p1a: 胖宝宝！|Future Sight|p2: Forretress
|-start|p1a: 胖宝宝！|move: Future Sight
|
|upkeep
|
|t:|1769331916
|switch|p2a: Bisharp|Bisharp, F, shiny|100/100
|-damage|p2a: Bisharp|76/100|[from] Spikes
|turn|13
|
|t:|1769331918
|switch|p1a: 曼波！|Alomomola, F|75/100 par
|-damage|p1a: 曼波！|63/100 par|[from] Stealth Rock
|-damage|p1a: 曼波！|38/100 par|[from] Spikes
|move|p2a: Bisharp|Swords Dance|p2a: Bisharp
|-boost|p2a: Bisharp|atk|2
|
|upkeep
|turn|14
|
|t:|1769331927
|move|p2a: Bisharp|Iron Head|p1a: 曼波！
|-resisted|p1a: 曼波！
|-damage|p1a: 曼波！|12/100 par
|-damage|p2a: Bisharp|59/100|[from] item: Rocky Helmet|[of] p1a: 曼波！
|move|p1a: 曼波！|Alluring Voice|p2a: Bisharp
|-damage|p2a: Bisharp|50/100
|
|-end|p2a: Bisharp|move: Future Sight
|-immune|p2a: Bisharp
|upkeep
|turn|15
|
|t:|1769331939
|move|p2a: Bisharp|Tera Blast|p1a: 曼波！
|-damage|p1a: 曼波！|3/100 par
|move|p1a: 曼波！|Alluring Voice|p2a: Bisharp
|-damage|p2a: Bisharp|40/100
|
|upkeep
|turn|16
|inactive|Battle timer is ON: inactive players will automatically lose when time's up. (requested by Year1990)
|
|t:|1769332000
|-terastallize|p2a: Bisharp|Flying
|move|p2a: Bisharp|Tera Blast|p1a: 曼波！|[anim] Tera Blast Flying
|-damage|p1a: 曼波！|0 fnt
|faint|p1a: 曼波！
|
|upkeep
|
|t:|1769332021
|switch|p1a: 只因！|Delibird, F|100/100
|-damage|p1a: 只因！|50/100|[from] Stealth Rock
|turn|17
|
|t:|1769332028
|move|p2a: Bisharp|Sucker Punch||[still]
|-fail|p2a: Bisharp
|move|p1a: 只因！|Destiny Bond|p1a: 只因！
|-singlemove|p1a: 只因！|Destiny Bond
|
|upkeep
|turn|18
|
|t:|1769332036
|move|p2a: Bisharp|Sucker Punch|p1a: 只因！
|-damage|p1a: 只因！|0 fnt
|faint|p1a: 只因！
|-activate|p1a: 只因！|move: Destiny Bond
|faint|p2a: Bisharp
|
|upkeep
|
|t:|1769332045
|switch|p1a: 叮咚鸡！|Blaziken, M|72/100 par
|switch|p2a: Porygon2|Porygon2, shiny|89/100
|-damage|p2a: Porygon2|64/100|[from] Spikes
|-ability|p2a: Porygon2|Speed Boost|Trace|[from] ability: Trace|[of] p1a: 叮咚鸡！
|-damage|p1a: 叮咚鸡！|59/100 par|[from] Stealth Rock
|-damage|p1a: 叮咚鸡！|34/100 par|[from] Spikes
|turn|19
|
|t:|1769332059
|move|p2a: Porygon2|Tri Attack|p1a: 叮咚鸡！
|-damage|p1a: 叮咚鸡！|0 fnt
|faint|p1a: 叮咚鸡！
|
|-ability|p2a: Porygon2|Speed Boost|boost
|-boost|p2a: Porygon2|spe|1
|upkeep
|
|t:|1769332067
|switch|p1a: 胖宝宝！|Slowking-Galar, F|100/100
|turn|20
|
|t:|1769332071
|move|p2a: Porygon2|Charge Beam|p1a: 胖宝宝！
|-damage|p1a: 胖宝宝！|92/100
|-boost|p2a: Porygon2|spa|1
|move|p1a: 胖宝宝！|Future Sight|p2a: Porygon2
|-start|p1a: 胖宝宝！|move: Future Sight
|
|-ability|p2a: Porygon2|Speed Boost|boost
|-boost|p2a: Porygon2|spe|1
|upkeep
|turn|21
|
|t:|1769332081
|move|p2a: Porygon2|Charge Beam|p1a: 胖宝宝！
|-damage|p1a: 胖宝宝！|80/100
|-boost|p2a: Porygon2|spa|1
|move|p1a: 胖宝宝！|Sludge Bomb|p2a: Porygon2
|-damage|p2a: Porygon2|48/100
|
|-ability|p2a: Porygon2|Speed Boost|boost
|-boost|p2a: Porygon2|spe|1
|upkeep
|turn|22
|
|t:|1769332091
|move|p2a: Porygon2|Recover|p2a: Porygon2
|-heal|p2a: Porygon2|98/100
|move|p1a: 胖宝宝！|Sludge Bomb|p2a: Porygon2
|-damage|p2a: Porygon2|83/100
|-status|p2a: Porygon2|psn
|
|-end|p2a: Porygon2|move: Future Sight
|-damage|p2a: Porygon2|60/100 psn
|-damage|p2a: Porygon2|48/100 psn|[from] psn
|-ability|p2a: Porygon2|Speed Boost|boost
|-boost|p2a: Porygon2|spe|1
|upkeep
|turn|23
|
|t:|1769332097
|move|p2a: Porygon2|Recover|p2a: Porygon2
|-heal|p2a: Porygon2|98/100 psn
|move|p1a: 胖宝宝！|Future Sight|p2a: Porygon2
|-start|p1a: 胖宝宝！|move: Future Sight
|
|-damage|p2a: Porygon2|86/100 psn|[from] psn
|-ability|p2a: Porygon2|Speed Boost|boost
|-boost|p2a: Porygon2|spe|1
|upkeep
|turn|24
|
|t:|1769332104
|move|p2a: Porygon2|Charge Beam|p1a: 胖宝宝！
|-damage|p1a: 胖宝宝！|63/100
|-boost|p2a: Porygon2|spa|1
|move|p1a: 胖宝宝！|Psyshock|p2a: Porygon2
|-damage|p2a: Porygon2|63/100 psn
|
|-damage|p2a: Porygon2|51/100 psn|[from] psn
|-ability|p2a: Porygon2|Speed Boost|boost
|-boost|p2a: Porygon2|spe|1
|upkeep
|turn|25
|
|t:|1769332113
|move|p2a: Porygon2|Recover|p2a: Porygon2
|-heal|p2a: Porygon2|100/100 psn
|move|p1a: 胖宝宝！|Psyshock|p2a: Porygon2
|-damage|p2a: Porygon2|79/100 psn
|
|-end|p2a: Porygon2|move: Future Sight
|-damage|p2a: Porygon2|58/100 psn
|-damage|p2a: Porygon2|45/100 psn|[from] psn
|upkeep
|turn|26
|
|t:|1769332122
|move|p2a: Porygon2|Recover|p2a: Porygon2
|-heal|p2a: Porygon2|95/100 psn
|move|p1a: 胖宝宝！|Future Sight|p2a: Porygon2
|-start|p1a: 胖宝宝！|move: Future Sight
|
|-damage|p2a: Porygon2|83/100 psn|[from] psn
|upkeep
|turn|27
|
|t:|1769332126
|move|p2a: Porygon2|Shadow Ball|p1a: 胖宝宝！
|-supereffective|p1a: 胖宝宝！
|-damage|p1a: 胖宝宝！|4/100
|move|p1a: 胖宝宝！|Psyshock|p2a: Porygon2
|-damage|p2a: Porygon2|61/100 psn
|
|-damage|p2a: Porygon2|48/100 psn|[from] psn
|upkeep
|turn|28
|
|t:|1769332134
|move|p2a: Porygon2|Recover|p2a: Porygon2
|-heal|p2a: Porygon2|98/100 psn
|move|p1a: 胖宝宝！|Psyshock|p2a: Porygon2
|-damage|p2a: Porygon2|75/100 psn
|
|-end|p2a: Porygon2|move: Future Sight
|-damage|p2a: Porygon2|52/100 psn
|-damage|p2a: Porygon2|40/100 psn|[from] psn
|upkeep
|turn|29
|
|t:|1769332143
|move|p2a: Porygon2|Recover|p2a: Porygon2
|-heal|p2a: Porygon2|90/100 psn
|move|p1a: 胖宝宝！|Future Sight|p2a: Porygon2
|-start|p1a: 胖宝宝！|move: Future Sight
|
|-damage|p2a: Porygon2|78/100 psn|[from] psn
|upkeep
|turn|30
|
|t:|1769332149
|move|p2a: Porygon2|Tri Attack|p1a: 胖宝宝！
|-damage|p1a: 胖宝宝！|0 fnt
|faint|p1a: 胖宝宝！
|
|-damage|p2a: Porygon2|65/100 psn|[from] psn
|upkeep
|
|t:|1769332151
|switch|p1a: 奶龙！|Dragonite, F|100/100
|turn|31
|
|t:|1769332159
|-terastallize|p1a: 奶龙！|Flying
|move|p2a: Porygon2|Recover|p2a: Porygon2
|-heal|p2a: Porygon2|100/100 psn
|move|p1a: 奶龙！|Tera Blast|p2a: Porygon2|[anim] Tera Blast Flying
|-damage|p2a: Porygon2|62/100 psn
|
|-end|p2a: Porygon2|move: Future Sight
|-damage|p2a: Porygon2|39/100 psn
|-damage|p2a: Porygon2|27/100 psn|[from] psn
|upkeep
|turn|32
|
|t:|1769332168
|move|p2a: Porygon2|Recover|p2a: Porygon2
|-heal|p2a: Porygon2|77/100 psn
|move|p1a: 奶龙！|Tera Blast|p2a: Porygon2|[anim] Tera Blast Flying
|-crit|p2a: Porygon2
|-damage|p2a: Porygon2|18/100 psn
|
|-damage|p2a: Porygon2|5/100 psn|[from] psn
|upkeep
|turn|33
|
|t:|1769332175
|move|p2a: Porygon2|Tri Attack|p1a: 奶龙！
|-damage|p1a: 奶龙！|60/100
|move|p1a: 奶龙！|Tera Blast|p2a: Porygon2|[anim] Tera Blast Flying
|-damage|p2a: Porygon2|0 fnt
|faint|p2a: Porygon2
|
|upkeep
|
|t:|1769332187
|switch|p2a: Ditto|Ditto|100/100
|-damage|p2a: Ditto|75/100|[from] Spikes
|-transform|p2a: Ditto|p1a: 奶龙！|[from] ability: Imposter
|-start|p2a: Ditto|typechange|Dragon/Flying|[silent]
|turn|34
|
|t:|1769332205
|move|p2a: Ditto|Tera Blast|p1a: 奶龙！
|-damage|p1a: 奶龙！|44/100
|move|p1a: 奶龙！|Dragon Dance|p1a: 奶龙！
|-boost|p1a: 奶龙！|atk|1
|-boost|p1a: 奶龙！|spe|1
|
|upkeep
|turn|35
|
|t:|1769332213
|move|p2a: Ditto|Tera Blast|p1a: 奶龙！
|-damage|p1a: 奶龙！|26/100
|move|p1a: 奶龙！|Dragon Dance|p1a: 奶龙！
|-boost|p1a: 奶龙！|atk|1
|-boost|p1a: 奶龙！|spe|1
|
|upkeep
|turn|36
|
|t:|1769332230
|switch|p2a: Lilligant|Lilligant, F, shiny|100/100
|-damage|p2a: Lilligant|76/100|[from] Spikes
|move|p1a: 奶龙！|Tera Blast|p2a: Lilligant|[anim] Tera Blast Flying
|-supereffective|p2a: Lilligant
|-damage|p2a: Lilligant|0 fnt
|faint|p2a: Lilligant
|
|upkeep
|
|t:|1769332237
|switch|p2a: Ditto|Ditto|75/100
|-damage|p2a: Ditto|50/100|[from] Spikes
|-transform|p2a: Ditto|p1a: 奶龙！|[from] ability: Imposter
|-start|p2a: Ditto|typechange|Dragon/Flying|[silent]
|turn|37
|
|t:|1769332250
|move|p2a: Ditto|Tera Blast|p1a: 奶龙！
|-damage|p1a: 奶龙！|8/100
|move|p1a: 奶龙！|Tera Blast|p2a: Ditto|[anim] Tera Blast Flying
|-damage|p2a: Ditto|0 fnt
|faint|p2a: Ditto
|
|win|ikun ngm
|raw|ikun ngm's rating: 1243 &rarr; <strong>1267</strong><br />(+24 for winning)
|raw|Year1990's rating: 1236 &rarr; <strong>1212</strong><br />(-24 for losing)
|l|☆Year1990
|player|p2|
|l|☆ikun ngm
|player|p1|
