|j|☆tkmanz
|j|☆Xander910
|t:|1769379074
|gametype|singles
|player|p1|tkmanz|benga|
|player|p2|Xander910|n|
|gen|9
|tier|[Gen 9] OU
|rule|HP Percentage Mod: HP is shown in percentages
|rule|Endless Battle Clause: Forcing endless battles is banned
|rule|Species Clause: Limit one of each Pokémon
|rule|OHKO Clause: OHKO moves are banned
|rule|Evasion Items Clause: Evasion items are banned
|rule|Evasion Moves Clause: Evasion moves are banned
|rule|Evasion Abilities Clause: Evasion abilities are banned
|rule|Sleep Moves Clause: Sleep-inducing moves are banned
|clearpoke
|poke|p1|Garganacl, M|
|poke|p1|Iron Valiant|
|poke|p1|Iron Moth|
|poke|p1|Salamence, F|
|poke|p1|Ogerpon-Wellspring, F|
|poke|p1|Zarude|
|poke|p2|Rillaboom, M|
|poke|p2|Heatran, F|
|poke|p2|Tornadus-Therian, M|
|poke|p2|Iron Treads|
|poke|p2|Cinderace, M|
|poke|p2|Gliscor, F|
|teampreview
|
|t:|1769379115
|teamsize|p1|6
|teamsize|p2|6
|start
|switch|p1a: Garganacl|Garganacl, M|100/100
|switch|p2a: Heatran|Heatran, F, shiny|100/100
|turn|1
|
|t:|1769379124
|move|p2a: Heatran|Earth Power|p1a: Garganacl
|-supereffective|p1a: Garganacl
|-damage|p1a: Garganacl|64/100
|-unboost|p1a: Garganacl|spd|1
|move|p1a: Garganacl|Stealth Rock|p2a: Heatran
|-sidestart|p2: Xander910|move: Stealth Rock
|
|-heal|p1a: Garganacl|71/100|[from] item: Leftovers
|upkeep
|turn|2
|
|t:|1769379138
|move|p2a: Heatran|Earth Power|p1a: Garganacl
|-supereffective|p1a: Garganacl
|-damage|p1a: Garganacl|15/100
|move|p1a: Garganacl|Salt Cure|p2a: Heatran
|-damage|p2a: Heatran|89/100
|-start|p2a: Heatran|Salt Cure
|
|-heal|p2a: Heatran|95/100|[from] item: Leftovers
|-heal|p1a: Garganacl|21/100|[from] item: Leftovers
|-damage|p2a: Heatran|70/100|[from] Salt Cure
|upkeep
|turn|3
|
|t:|1769379148
|move|p2a: Heatran|Magma Storm|p1a: Garganacl
|-resisted|p1a: Garganacl
|-damage|p1a: Garganacl|0 fnt
|faint|p1a: Garganacl
|
|-heal|p2a: Heatran|76/100|[from] item: Leftovers
|-damage|p2a: Heatran|51/100|[from] Salt Cure
|upkeep
|
|t:|1769379158
|switch|p1a: Zarude|Zarude|100/100
|turn|4
|
|t:|1769379166
|switch|p2a: Tornadus|Tornadus-Therian, M, shiny|100/100
|move|p1a: Zarude|Power Whip|p2a: Tornadus
|-resisted|p2a: Tornadus
|-damage|p2a: Tornadus|66/100
|
|upkeep
|turn|5
|
|t:|1769379204
|switch|p2a: Cinderace|Cinderace, M, shiny|100/100
|switch|p1a: Salamence|Salamence, F|100/100
|-ability|p1a: Salamence|Intimidate|boost
|-unboost|p2a: Cinderace|atk|1
|
|upkeep
|turn|6
|
|t:|1769379213
|move|p1a: Salamence|Hydro Pump|p2a: Cinderace
|-supereffective|p2a: Cinderace
|-damage|p2a: Cinderace|0 fnt
|faint|p2a: Cinderace
|
|upkeep
|
|t:|1769379220
|switch|p2a: Iron Treads|Iron Treads, shiny|100/100
|-damage|p2a: Iron Treads|97/100|[from] Stealth Rock
|-enditem|p2a: Iron Treads|Booster Energy
|-activate|p2a: Iron Treads|ability: Quark Drive|[fromitem]
|-start|p2a: Iron Treads|quarkdrivespe
|turn|7
|
|t:|1769379228
|move|p2a: Iron Treads|Ice Spinner|p1a: Salamence
|-supereffective|p1a: Salamence
|-damage|p1a: Salamence|0 fnt
|faint|p1a: Salamence
|
|upkeep
|
|t:|1769379235
|switch|p1a: Zarude|Zarude|100/100
|turn|8
|
|t:|1769379242
|move|p2a: Iron Treads|Ice Spinner|p1a: Zarude
|-supereffective|p1a: Zarude
|-damage|p1a: Zarude|59/100
|move|p1a: Zarude|Power Whip|p2a: Iron Treads
|-damage|p2a: Iron Treads|54/100
|
|-heal|p1a: Zarude|65/100|[from] item: Leftovers
|upkeep
|turn|9
|
|t:|1769379252
|move|p2a: Iron Treads|Ice Spinner|p1a: Zarude
|-supereffective|p1a: Zarude
|-damage|p1a: Zarude|24/100
|move|p1a: Zarude|Drain Punch|p2a: Iron Treads
|-supereffective|p2a: Iron Treads
|-damage|p2a: Iron Treads|19/100
|-heal|p1a: Zarude|38/100|[from] drain|[of] p2a: Iron Treads
|
|-heal|p1a: Zarude|44/100|[from] item: Leftovers
|upkeep
|turn|10
|
|t:|1769379264
|move|p2a: Iron Treads|Ice Spinner|p1a: Zarude
|-supereffective|p1a: Zarude
|-damage|p1a: Zarude|6/100
|move|p1a: Zarude|Drain Punch|p2a: Iron Treads
|-supereffective|p2a: Iron Treads
|-damage|p2a: Iron Treads|0 fnt
|-heal|p1a: Zarude|13/100|[from] drain|[of] p2a: Iron Treads
|faint|p2a: Iron Treads
|-end|p2a: Iron Treads|Quark Drive|[silent]
|
|-heal|p1a: Zarude|19/100|[from] item: Leftovers
|upkeep
|
|t:|1769379277
|switch|p2a: Tornadus|Tornadus-Therian, M, shiny|99/100
|turn|11
|
|t:|1769379287
|switch|p1a: Iron Moth|Iron Moth|100/100
|-enditem|p1a: Iron Moth|Booster Energy
|-activate|p1a: Iron Moth|ability: Quark Drive|[fromitem]
|-start|p1a: Iron Moth|quarkdrivespe
|move|p2a: Tornadus|Heat Wave|p1a: Iron Moth
|-resisted|p1a: Iron Moth
|-damage|p1a: Iron Moth|85/100
|
|upkeep
|turn|12
|
|t:|1769379310
|switch|p2a: Gliscor|Gliscor, F, shiny|100/100
|-damage|p2a: Gliscor|88/100|[from] Stealth Rock
|move|p1a: Iron Moth|Sludge Wave|p2a: Gliscor
|-resisted|p2a: Gliscor
|-damage|p2a: Gliscor|68/100
|
|-status|p2a: Gliscor|tox|[from] item: Toxic Orb
|upkeep
|turn|13
|
|t:|1769379321
|move|p1a: Iron Moth|Energy Ball|p2a: Gliscor
|-damage|p2a: Gliscor|43/100 tox
|move|p2a: Gliscor|Earthquake|p1a: Iron Moth
|-supereffective|p1a: Iron Moth
|-damage|p1a: Iron Moth|0 fnt
|faint|p1a: Iron Moth
|-end|p1a: Iron Moth|Quark Drive|[silent]
|
|-heal|p2a: Gliscor|55/100 tox|[from] ability: Poison Heal
|upkeep
|
|t:|1769379330
|switch|p1a: Ogerpon|Ogerpon-Wellspring, F|100/100
|turn|14
|
|t:|1769379335
|move|p1a: Ogerpon|Ivy Cudgel|p2a: Gliscor|[anim] Ivy Cudgel Water
|-supereffective|p2a: Gliscor
|-crit|p2a: Gliscor
|-damage|p2a: Gliscor|0 fnt
|faint|p2a: Gliscor
|
|upkeep
|
|t:|1769379341
|switch|p2a: Tornadus|Tornadus-Therian, M, shiny|100/100
|turn|15
|
|t:|1769379347
|move|p2a: Tornadus|Hurricane|p1a: Ogerpon
|-supereffective|p1a: Ogerpon
|-crit|p1a: Ogerpon
|-damage|p1a: Ogerpon|0 fnt
|faint|p1a: Ogerpon
|
|upkeep
|
|t:|1769379353
|switch|p1a: Zarude|Zarude|19/100
|turn|16
|
|t:|1769379359
|move|p2a: Tornadus|Heat Wave|p1a: Zarude
|-supereffective|p1a: Zarude
|-damage|p1a: Zarude|0 fnt
|faint|p1a: Zarude
|
|upkeep
|
|t:|1769379364
|switch|p1a: Iron Valiant|Iron Valiant|100/100
|-enditem|p1a: Iron Valiant|Booster Energy
|-activate|p1a: Iron Valiant|ability: Quark Drive|[fromitem]
|-start|p1a: Iron Valiant|quarkdrivespe
|turn|17
|
|t:|1769379384
|move|p1a: Iron Valiant|Liquidation|p2a: Tornadus
|-damage|p2a: Tornadus|63/100
|move|p2a: Tornadus|Hurricane|p1a: Iron Valiant|[miss]
|-miss|p2a: Tornadus|p1a: Iron Valiant
|
|upkeep
|turn|18
|
|t:|1769379390
|move|p1a: Iron Valiant|Ice Punch|p2a: Tornadus
|-supereffective|p2a: Tornadus
|-damage|p2a: Tornadus|0 fnt
|faint|p2a: Tornadus
|
|upkeep
|
|t:|1769379396
|switch|p2a: Rillaboom|Rillaboom, M, shiny|100/100
|-damage|p2a: Rillaboom|88/100|[from] Stealth Rock
|-fieldstart|move: Grassy Terrain|[from] ability: Grassy Surge|[of] p2a: Rillaboom
|turn|19
|
|t:|1769379404
|move|p2a: Rillaboom|Grassy Glide|p1a: Iron Valiant
|-damage|p1a: Iron Valiant|33/100
|move|p1a: Iron Valiant|Ice Punch|p2a: Rillaboom
|-supereffective|p2a: Rillaboom
|-damage|p2a: Rillaboom|32/100
|
|-heal|p1a: Iron Valiant|39/100|[from] Grassy Terrain
|-heal|p2a: Rillaboom|39/100|[from] Grassy Terrain
|upkeep
|turn|20
|
|t:|1769379414
|move|p2a: Rillaboom|Grassy Glide|p1a: Iron Valiant
|-damage|p1a: Iron Valiant|0 fnt
|faint|p1a: Iron Valiant
|-end|p1a: Iron Valiant|Quark Drive|[silent]
|
|win|Xander910
|l|☆tkmanz
|player|p1|
|l|☆Xander910
|player|p2|
