|j|☆jsxlllll
|j|☆skql
|t:|1769418701
|gametype|singles
|player|p1|jsxlllll|170|1569
|player|p2|skql|caitlin|1575
|gen|9
|tier|[Gen 9] OU
|rated|
|rule|HP Percentage Mod: HP is shown in percentages
|rule|Endless Battle Clause: Forcing endless battles is banned
|rule|Species Clause: Limit one of each Pokémon
|rule|OHKO Clause: OHKO moves are banned
|rule|Evasion Items Clause: Evasion items are banned
|rule|Evasion Moves Clause: Evasion moves are banned
|rule|Evasion Abilities Clause: Evasion abilities are banned
|rule|Sleep Moves Clause: Sleep-inducing moves are banned
|clearpoke
|poke|p1|Sandy Shocks|
|poke|p1|Scizor, M|
|poke|p1|Manaphy|
|poke|p1|Latios, M|
|poke|p1|Ogerpon, F|
|poke|p1|Iron Jugulis|
|poke|p2|Kyurem|
|poke|p2|Ting-Lu|
|poke|p2|Corviknight, M|
|poke|p2|Weezing-Galar, M|
|poke|p2|Zamazenta-*|
|poke|p2|Toxapex, M|
|teampreview
|inactive|Battle timer is ON: inactive players will automatically lose when time's up. (requested by skql)
|
|t:|1769418723
|teamsize|p1|6
|teamsize|p2|6
|start
|switch|p1a: Sandy Shocks|Sandy Shocks|100/100
|switch|p2a: Toxapex|Toxapex, M|100/100
|-enditem|p1a: Sandy Shocks|Booster Energy
|-activate|p1a: Sandy Shocks|ability: Protosynthesis|[fromitem]
|-start|p1a: Sandy Shocks|protosynthesisspe
|turn|1
|
|t:|1769418738
|move|p1a: Sandy Shocks|Stealth Rock|p2a: Toxapex
|-sidestart|p2: skql|move: Stealth Rock
|move|p2a: Toxapex|Surf|p1a: Sandy Shocks
|-supereffective|p1a: Sandy Shocks
|-damage|p1a: Sandy Shocks|31/100
|
|upkeep
|turn|2
|
|t:|1769418745
|move|p1a: Sandy Shocks|Earth Power|p2a: Toxapex
|-supereffective|p2a: Toxapex
|-damage|p2a: Toxapex|48/100
|move|p2a: Toxapex|Surf|p1a: Sandy Shocks
|-supereffective|p1a: Sandy Shocks
|-damage|p1a: Sandy Shocks|0 fnt
|faint|p1a: Sandy Shocks
|-end|p1a: Sandy Shocks|Protosynthesis|[silent]
|
|upkeep
|
|t:|1769418754
|switch|p1a: Scizor|Scizor, M|100/100
|turn|3
|
|t:|1769418762
|switch|p2a: Corviknight|Corviknight, M|100/100
|-damage|p2a: Corviknight|88/100|[from] Stealth Rock
|-ability|p2a: Corviknight|Pressure
|move|p1a: Scizor|Swords Dance|p1a: Scizor
|-boost|p1a: Scizor|atk|2
|
|upkeep
|turn|4
|
|t:|1769418765
|move|p1a: Scizor|Swords Dance|p1a: Scizor
|-boost|p1a: Scizor|atk|2
|move|p2a: Corviknight|Iron Defense|p2a: Corviknight
|-boost|p2a: Corviknight|def|2
|
|upkeep
|turn|5
|
|t:|1769418769
|move|p1a: Scizor|Close Combat|p2a: Corviknight
|-damage|p2a: Corviknight|48/100
|-unboost|p1a: Scizor|def|1
|-unboost|p1a: Scizor|spd|1
|-damage|p1a: Scizor|84/100|[from] item: Rocky Helmet|[of] p2a: Corviknight
|move|p2a: Corviknight|Iron Defense|p2a: Corviknight
|-boost|p2a: Corviknight|def|2
|
|upkeep
|turn|6
|
|t:|1769418774
|move|p1a: Scizor|Knock Off|p2a: Corviknight
|-damage|p2a: Corviknight|28/100
|-damage|p1a: Scizor|67/100|[from] item: Rocky Helmet|[of] p2a: Corviknight
|-enditem|p2a: Corviknight|Rocky Helmet|[from] move: Knock Off|[of] p1a: Scizor
|move|p2a: Corviknight|Roost|p2a: Corviknight
|-heal|p2a: Corviknight|78/100
|-singleturn|p2a: Corviknight|move: Roost
|
|upkeep
|turn|7
|
|t:|1769418789
|switch|p1a: Latios|Latios, M|100/100
|move|p2a: Corviknight|Brave Bird|p1a: Latios
|-damage|p1a: Latios|67/100
|-damage|p2a: Corviknight|67/100|[from] Recoil
|
|upkeep
|turn|8
|
|t:|1769418792
|move|p1a: Latios|Agility|p1a: Latios
|-boost|p1a: Latios|spe|2
|move|p2a: Corviknight|U-turn|p1a: Latios
|-supereffective|p1a: Latios
|-damage|p1a: Latios|38/100
|-enditem|p1a: Latios|Weakness Policy
|-boost|p1a: Latios|atk|2|[from] item: Weakness Policy
|-boost|p1a: Latios|spa|2|[from] item: Weakness Policy
|
|t:|1769418802
|switch|p2a: Kyurem|Kyurem|100/100|[from] U-turn
|-damage|p2a: Kyurem|76/100|[from] Stealth Rock
|-ability|p2a: Kyurem|Pressure
|
|-heal|p2a: Kyurem|82/100|[from] item: Leftovers
|upkeep
|turn|9
|
|t:|1769418811
|move|p2a: Kyurem|Protect|p2a: Kyurem
|-singleturn|p2a: Kyurem|Protect
|move|p1a: Latios|Aura Sphere|p2a: Kyurem
|-activate|p2a: Kyurem|move: Protect
|
|-heal|p2a: Kyurem|88/100|[from] item: Leftovers
|upkeep
|turn|10
|
|t:|1769418816
|-terastallize|p2a: Kyurem|Ground
|move|p1a: Latios|Aura Sphere|p2a: Kyurem
|-damage|p2a: Kyurem|42/100
|move|p2a: Kyurem|Freeze-Dry|p1a: Latios
|-supereffective|p1a: Latios
|-damage|p1a: Latios|0 fnt
|faint|p1a: Latios
|
|-heal|p2a: Kyurem|48/100|[from] item: Leftovers
|upkeep
|
|t:|1769418830
|switch|p1a: Manaphy|Manaphy|100/100
|turn|11
|
|t:|1769418842
|switch|p2a: Toxapex|Toxapex, M|82/100
|-damage|p2a: Toxapex|69/100|[from] Stealth Rock
|move|p1a: Manaphy|Surf|p2a: Toxapex
|-resisted|p2a: Toxapex
|-damage|p2a: Toxapex|59/100
|
|upkeep
|turn|12
|j| Tbccc15
|
|t:|1769418846
|switch|p1a: Scizor|Scizor, M|67/100
|move|p2a: Toxapex|Sludge Bomb|p1a: Scizor
|-immune|p1a: Scizor
|
|upkeep
|turn|13
|
|t:|1769418876
|switch|p2a: Corviknight|Corviknight, M|67/100
|-damage|p2a: Corviknight|55/100|[from] Stealth Rock
|-ability|p2a: Corviknight|Pressure
|move|p1a: Scizor|Swords Dance|p1a: Scizor
|-boost|p1a: Scizor|atk|2
|
|upkeep
|turn|14
|
|t:|1769418879
|move|p1a: Scizor|Close Combat|p2a: Corviknight
|-damage|p2a: Corviknight|5/100
|-unboost|p1a: Scizor|def|1
|-unboost|p1a: Scizor|spd|1
|move|p2a: Corviknight|Brave Bird|p1a: Scizor
|-damage|p1a: Scizor|9/100
|-enditem|p1a: Scizor|Sitrus Berry|[eat]
|-heal|p1a: Scizor|33/100|[from] item: Sitrus Berry
|-damage|p2a: Corviknight|0 fnt|[from] Recoil
|faint|p2a: Corviknight
|
|upkeep
|
|t:|1769418887
|switch|p2a: Zamazenta|Zamazenta|100/100
|-damage|p2a: Zamazenta|94/100|[from] Stealth Rock
|-ability|p2a: Zamazenta|Dauntless Shield|boost
|-boost|p2a: Zamazenta|def|1
|turn|15
|l| Tbccc15
|
|t:|1769418892
|move|p1a: Scizor|Bullet Punch|p2a: Zamazenta
|-damage|p2a: Zamazenta|51/100
|move|p2a: Zamazenta|Close Combat|p1a: Scizor
|-damage|p1a: Scizor|0 fnt
|-unboost|p2a: Zamazenta|def|1
|-unboost|p2a: Zamazenta|spd|1
|faint|p1a: Scizor
|
|upkeep
|
|t:|1769418898
|switch|p1a: Iron Jugulis|Iron Jugulis|100/100
|-enditem|p1a: Iron Jugulis|Booster Energy
|-activate|p1a: Iron Jugulis|ability: Quark Drive|[fromitem]
|-start|p1a: Iron Jugulis|quarkdrivespe
|turn|16
|
|t:|1769418904
|switch|p2a: Toxapex|Toxapex, M|93/100
|-damage|p2a: Toxapex|80/100|[from] Stealth Rock
|move|p1a: Iron Jugulis|Hurricane|p2a: Toxapex
|-damage|p2a: Toxapex|47/100
|
|upkeep
|turn|17
|
|t:|1769418907
|move|p1a: Iron Jugulis|Earth Power|p2a: Toxapex
|-supereffective|p2a: Toxapex
|-damage|p2a: Toxapex|14/100
|move|p2a: Toxapex|Ice Beam|p1a: Iron Jugulis
|-supereffective|p1a: Iron Jugulis
|-damage|p1a: Iron Jugulis|52/100
|
|upkeep
|turn|18
|
|t:|1769418913
|switch|p2a: Ting-Lu|Ting-Lu|100/100
|-damage|p2a: Ting-Lu|94/100|[from] Stealth Rock
|-ability|p2a: Ting-Lu|Vessel of Ruin
|move|p1a: Iron Jugulis|Earth Power|p2a: Ting-Lu
|-crit|p2a: Ting-Lu
|-damage|p2a: Ting-Lu|76/100
|
|-heal|p2a: Ting-Lu|82/100|[from] item: Leftovers
|upkeep
|turn|19
|
|t:|1769418917
|move|p1a: Iron Jugulis|Taunt|p2a: Ting-Lu
|-start|p2a: Ting-Lu|move: Taunt
|cant|p2a: Ting-Lu|move: Taunt|Stealth Rock
|
|-heal|p2a: Ting-Lu|88/100|[from] item: Leftovers
|upkeep
|turn|20
|
|t:|1769418924
|move|p1a: Iron Jugulis|Earth Power|p2a: Ting-Lu
|-damage|p2a: Ting-Lu|76/100
|move|p2a: Ting-Lu|Ruination|p1a: Iron Jugulis|[miss]
|-miss|p2a: Ting-Lu|p1a: Iron Jugulis
|
|-heal|p2a: Ting-Lu|82/100|[from] item: Leftovers
|upkeep
|turn|21
|
|t:|1769418942
|move|p1a: Iron Jugulis|Hurricane|p2a: Ting-Lu|[miss]
|-miss|p1a: Iron Jugulis|p2a: Ting-Lu
|move|p2a: Ting-Lu|Ruination|p1a: Iron Jugulis
|-damage|p1a: Iron Jugulis|26/100
|
|-heal|p2a: Ting-Lu|89/100|[from] item: Leftovers
|-end|p2a: Ting-Lu|move: Taunt
|upkeep
|turn|22
|
|t:|1769418949
|switch|p2a: Toxapex|Toxapex, M|48/100
|-damage|p2a: Toxapex|35/100|[from] Stealth Rock
|move|p1a: Iron Jugulis|Taunt|p2a: Toxapex
|-start|p2a: Toxapex|move: Taunt
|
|upkeep
|turn|23
|
|t:|1769418952
|move|p1a: Iron Jugulis|Earth Power|p2a: Toxapex
|-supereffective|p2a: Toxapex
|-damage|p2a: Toxapex|3/100
|move|p2a: Toxapex|Ice Beam|p1a: Iron Jugulis
|-supereffective|p1a: Iron Jugulis
|-damage|p1a: Iron Jugulis|0 fnt
|faint|p1a: Iron Jugulis
|-end|p1a: Iron Jugulis|Quark Drive|[silent]
|
|upkeep
|
|t:|1769418963
|switch|p1a: Manaphy|Manaphy|100/100
|turn|24
|
|t:|1769418971
|move|p1a: Manaphy|Tail Glow|p1a: Manaphy
|-boost|p1a: Manaphy|spa|3
|move|p2a: Toxapex|Sludge Bomb|p1a: Manaphy
|-damage|p1a: Manaphy|71/100
|-status|p1a: Manaphy|psn
|
|-damage|p1a: Manaphy|59/100 psn|[from] psn
|-end|p2a: Toxapex|move: Taunt
|upkeep
|turn|25
|
|t:|1769418975
|move|p1a: Manaphy|Surf|p2a: Toxapex
|-resisted|p2a: Toxapex
|-damage|p2a: Toxapex|0 fnt
|faint|p2a: Toxapex
|
|-damage|p1a: Manaphy|47/100 psn|[from] psn
|upkeep
|-enditem|p1a: Manaphy|Sitrus Berry|[eat]
|-heal|p1a: Manaphy|72/100 psn|[from] item: Sitrus Berry
|
|t:|1769418977
|switch|p2a: Zamazenta|Zamazenta|51/100
|-damage|p2a: Zamazenta|44/100|[from] Stealth Rock
|turn|26
|
|t:|1769418981
|move|p2a: Zamazenta|Close Combat|p1a: Manaphy
|-damage|p1a: Manaphy|0 fnt
|-unboost|p2a: Zamazenta|def|1
|-unboost|p2a: Zamazenta|spd|1
|faint|p1a: Manaphy
|
|upkeep
|
|t:|1769418984
|switch|p1a: Ogerpon|Ogerpon, F|100/100
|turn|27
|
|t:|1769418996
|-terastallize|p1a: Ogerpon|Grass
|detailschange|p1a: Ogerpon|Ogerpon-Teal-Tera, F, tera:Grass
|-ability|p1a: Ogerpon|Embody Aspect (Teal)|boost
|-boost|p1a: Ogerpon|spe|1
|move|p1a: Ogerpon|Swords Dance|p1a: Ogerpon
|-boost|p1a: Ogerpon|atk|2
|move|p2a: Zamazenta|Close Combat|p1a: Ogerpon
|-crit|p1a: Ogerpon
|-damage|p1a: Ogerpon|0 fnt
|-unboost|p2a: Zamazenta|def|1
|-unboost|p2a: Zamazenta|spd|1
|faint|p1a: Ogerpon
|detailschange|p1: Ogerpon|Ogerpon, F|[silent]
|
|win|skql
|raw|jsxlllll's rating: 1569 &rarr; <strong>1548</strong><br />(-21 for losing)
|raw|skql's rating: 1550 &rarr; <strong>1571</strong><br />(+21 for winning)
|l|☆skql
|player|p2|
|l|☆jsxlllll
|player|p1|
