|j|☆Ferferella
|j|☆Team BBIO 38
|t:|1769299527
|gametype|singles
|player|p1|Ferferella|pokemonbreeder-gen4|1367
|player|p2|Team BBIO 38|rocketgrunt|1382
|gen|9
|tier|[Gen 9] OU
|rated|
|rule|HP Percentage Mod: HP is shown in percentages
|rule|Endless Battle Clause: Forcing endless battles is banned
|rule|Species Clause: Limit one of each Pokémon
|rule|OHKO Clause: OHKO moves are banned
|rule|Evasion Items Clause: Evasion items are banned
|rule|Evasion Moves Clause: Evasion moves are banned
|rule|Evasion Abilities Clause: Evasion abilities are banned
|rule|Sleep Moves Clause: Sleep-inducing moves are banned
|clearpoke
|poke|p1|Ceruledge, F|
|poke|p1|Ninetales, M|
|poke|p1|Leavanny, M|
|poke|p1|Great Tusk|
|poke|p1|Slither Wing|
|poke|p1|Walking Wake|
|poke|p2|Dusclops, M|
|poke|p2|Blissey, F|
|poke|p2|Flamigo, M|
|poke|p2|Latias, F|
|poke|p2|Darkrai|
|poke|p2|Dragonite, M|
|teampreview
|inactive|Battle timer is ON: inactive players will automatically lose when time's up. (requested by Ferferella)
|inactive|Team BBIO 38 also wants the timer to be on.
|inactive|Ferferella has 120 seconds left.
|
|t:|1769299580
|teamsize|p1|6
|teamsize|p2|6
|start
|switch|p1a: Slither Wing|Slither Wing|100/100
|switch|p2a: Blissey|Blissey, F|100/100
|turn|1
|
|t:|1769299586
|move|p1a: Slither Wing|U-turn|p2a: Blissey
|-damage|p2a: Blissey|44/100
|
|t:|1769299607
|-end|p1a: Slither Wing|Protosynthesis|[silent]
|switch|p1a: Great Tusk|Great Tusk|100/100|[from] U-turn
|move|p2a: Blissey|Stealth Rock|p1a: Great Tusk
|-sidestart|p1: Ferferella|move: Stealth Rock
|
|-heal|p2a: Blissey|50/100|[from] item: Leftovers
|upkeep
|turn|2
|
|t:|1769299617
|move|p1a: Great Tusk|Stealth Rock|p2a: Blissey
|-sidestart|p2: Team BBIO 38|move: Stealth Rock
|move|p2a: Blissey|Soft-Boiled|p2a: Blissey
|-heal|p2a: Blissey|99/100
|
|-heal|p2a: Blissey|100/100|[from] item: Leftovers
|upkeep
|turn|3
|
|t:|1769299625
|switch|p2a: Dusclops|Dusclops, M|100/100
|-damage|p2a: Dusclops|88/100|[from] Stealth Rock
|-item|p1a: Great Tusk|Heavy-Duty Boots|[from] ability: Frisk|[of] p2a: Dusclops
|move|p1a: Great Tusk|Headlong Rush|p2a: Dusclops
|-damage|p2a: Dusclops|59/100
|-unboost|p1a: Great Tusk|def|1
|-unboost|p1a: Great Tusk|spd|1
|
|upkeep
|turn|4
|
|t:|1769299633
|-end|p1a: Great Tusk|Protosynthesis|[silent]
|switch|p1a: Ninetales|Ninetales, M|100/100
|-damage|p1a: Ninetales|76/100|[from] Stealth Rock
|-weather|SunnyDay|[from] ability: Drought|[of] p1a: Ninetales
|move|p2a: Dusclops|Pain Split|p1a: Ninetales
|-sethp|p1a: Ninetales|62/100|[from] move: Pain Split|[silent]
|-sethp|p2a: Dusclops|76/100|[from] move: Pain Split
|
|-weather|SunnyDay|[upkeep]
|upkeep
|turn|5
|
|t:|1769299643
|move|p1a: Ninetales|Encore|p2a: Dusclops
|-start|p2a: Dusclops|Encore
|move|p2a: Dusclops|Pain Split|p1a: Ninetales
|-sethp|p1a: Ninetales|62/100|[from] move: Pain Split|[silent]
|-sethp|p2a: Dusclops|76/100|[from] move: Pain Split
|
|-weather|SunnyDay|[upkeep]
|upkeep
|turn|6
|
|t:|1769299656
|switch|p1a: Ceruledge|Ceruledge, F|100/100
|-damage|p1a: Ceruledge|76/100|[from] Stealth Rock
|switch|p2a: Dragonite|Dragonite, M|100/100
|
|-weather|SunnyDay|[upkeep]
|upkeep
|turn|7
|
|t:|1769299663
|move|p1a: Ceruledge|Swords Dance|p1a: Ceruledge
|-boost|p1a: Ceruledge|atk|2
|move|p2a: Dragonite|Earthquake|p1a: Ceruledge
|-supereffective|p1a: Ceruledge
|-damage|p1a: Ceruledge|0 fnt
|faint|p1a: Ceruledge
|
|-weather|SunnyDay|[upkeep]
|upkeep
|
|t:|1769299670
|switch|p1a: Great Tusk|Great Tusk|100/100
|-activate|p1a: Great Tusk|ability: Protosynthesis
|-start|p1a: Great Tusk|protosynthesisatk
|turn|8
|
|t:|1769299675
|switch|p2a: Dusclops|Dusclops, M|76/100
|-damage|p2a: Dusclops|64/100|[from] Stealth Rock
|-item|p1a: Great Tusk|Heavy-Duty Boots|[from] ability: Frisk|[of] p2a: Dusclops
|move|p1a: Great Tusk|Headlong Rush|p2a: Dusclops
|-damage|p2a: Dusclops|23/100
|-unboost|p1a: Great Tusk|def|1
|-unboost|p1a: Great Tusk|spd|1
|
|-weather|SunnyDay|[upkeep]
|upkeep
|turn|9
|
|t:|1769299687
|move|p1a: Great Tusk|Temper Flare|p2a: Dusclops
|-damage|p2a: Dusclops|0 fnt
|faint|p2a: Dusclops
|
|-weather|SunnyDay|[upkeep]
|upkeep
|
|t:|1769299699
|switch|p2a: Darkrai|Darkrai|100/100
|-damage|p2a: Darkrai|88/100|[from] Stealth Rock
|turn|10
|
|t:|1769299711
|-end|p1a: Great Tusk|Protosynthesis|[silent]
|switch|p1a: Ninetales|Ninetales, M|62/100
|-damage|p1a: Ninetales|37/100|[from] Stealth Rock
|move|p2a: Darkrai|Psychic|p1a: Ninetales
|-damage|p1a: Ninetales|0 fnt
|faint|p1a: Ninetales
|
|-weather|SunnyDay|[upkeep]
|upkeep
|
|t:|1769299714
|switch|p1a: Slither Wing|Slither Wing|100/100
|-damage|p1a: Slither Wing|88/100|[from] Stealth Rock
|-activate|p1a: Slither Wing|ability: Protosynthesis
|-start|p1a: Slither Wing|protosynthesisatk
|turn|11
|
|t:|1769299725
|switch|p2a: Dragonite|Dragonite, M|100/100
|move|p1a: Slither Wing|First Impression|p2a: Dragonite
|-resisted|p2a: Dragonite
|-damage|p2a: Dragonite|71/100
|
|-weather|none
|-end|p1a: Slither Wing|Protosynthesis
|upkeep
|turn|12
|
|t:|1769299744
|-end|p1a: Slither Wing|Protosynthesis|[silent]
|switch|p1a: Leavanny|Leavanny, M|100/100
|-damage|p1a: Leavanny|76/100|[from] Stealth Rock
|move|p2a: Dragonite|Dragon Dance|p2a: Dragonite
|-boost|p2a: Dragonite|atk|1
|-boost|p2a: Dragonite|spe|1
|
|upkeep
|turn|13
|
|t:|1769299754
|move|p2a: Dragonite|Outrage|p1a: Leavanny
|-damage|p1a: Leavanny|0 fnt
|faint|p1a: Leavanny
|
|upkeep
|
|t:|1769299770
|switch|p1a: Great Tusk|Great Tusk|100/100
|turn|14
|
|t:|1769299774
|move|p2a: Dragonite|Outrage|p1a: Great Tusk|[from] lockedmove
|-damage|p1a: Great Tusk|23/100
|move|p1a: Great Tusk|Rapid Spin|p2a: Dragonite
|-damage|p2a: Dragonite|50/100
|-boost|p1a: Great Tusk|spe|1
|-sideend|p1: Ferferella|Stealth Rock|[from] move: Rapid Spin|[of] p1a: Great Tusk
|
|upkeep
|turn|15
|
|t:|1769299785
|-terastallize|p1a: Great Tusk|Fire
|move|p1a: Great Tusk|Temper Flare|p2a: Dragonite
|-resisted|p2a: Dragonite
|-damage|p2a: Dragonite|27/100
|move|p2a: Dragonite|Outrage|p1a: Great Tusk|[from] lockedmove
|-damage|p1a: Great Tusk|0 fnt
|faint|p1a: Great Tusk
|-end|p1a: Great Tusk|Protosynthesis|[silent]
|-start|p2a: Dragonite|confusion|[fatigue]
|
|upkeep
|
|t:|1769299788
|switch|p1a: Slither Wing|Slither Wing|88/100
|turn|16
|
|t:|1769299796
|-activate|p2a: Dragonite|confusion
|move|p2a: Dragonite|Extreme Speed|p1a: Slither Wing
|-damage|p1a: Slither Wing|30/100
|move|p1a: Slither Wing|First Impression|p2a: Dragonite
|-resisted|p2a: Dragonite
|-damage|p2a: Dragonite|0 fnt
|faint|p2a: Dragonite
|
|upkeep
|
|t:|1769299804
|switch|p2a: Darkrai|Darkrai|88/100
|-damage|p2a: Darkrai|76/100|[from] Stealth Rock
|turn|17
|
|t:|1769299808
|move|p1a: Slither Wing|First Impression||[still]
|-hint|First Impression only works on your first turn out.
|-fail|p1a: Slither Wing
|move|p2a: Darkrai|Psychic|p1a: Slither Wing
|-supereffective|p1a: Slither Wing
|-damage|p1a: Slither Wing|0 fnt
|faint|p1a: Slither Wing
|-end|p1a: Slither Wing|Protosynthesis|[silent]
|
|upkeep
|
|t:|1769299810
|switch|p1a: Walking Wake|Walking Wake|100/100
|turn|18
|-message|Ferferella forfeited.
|
|win|Team BBIO 38
|raw|Ferferella's rating: 1367 &rarr; <strong>1348</strong><br />(-19 for losing)
|raw|Team BBIO 38's rating: 1382 &rarr; <strong>1401</strong><br />(+19 for winning)
|l|☆Ferferella
|player|p1|
|l|☆Team BBIO 38
|player|p2|
