|j|☆Sulluulllu
|j|☆clsxmn4保姆曼波侠
|t:|1769404507
|gametype|singles
|player|p1|Sulluulllu|1|1093
|player|p2|clsxmn4保姆曼波侠|parasollady|1122
|gen|9
|tier|[Gen 9] OU
|rated|
|rule|HP Percentage Mod: HP is shown in percentages
|rule|Endless Battle Clause: Forcing endless battles is banned
|rule|Species Clause: Limit one of each Pokémon
|rule|OHKO Clause: OHKO moves are banned
|rule|Evasion Items Clause: Evasion items are banned
|rule|Evasion Moves Clause: Evasion moves are banned
|rule|Evasion Abilities Clause: Evasion abilities are banned
|rule|Sleep Moves Clause: Sleep-inducing moves are banned
|clearpoke
|poke|p1|Great Tusk|
|poke|p1|Gholdengo|
|poke|p1|Rotom-Wash|
|poke|p1|Kingambit, M|
|poke|p1|Dragapult, F|
|poke|p1|Iron Valiant|
|poke|p2|Landorus-Therian, M|
|poke|p2|Alomomola, F|
|poke|p2|Iron Treads|
|poke|p2|Gholdengo|
|poke|p2|Rotom-Heat|
|poke|p2|Ogerpon-Wellspring, F|
|teampreview
|
|t:|1769404524
|teamsize|p1|6
|teamsize|p2|6
|start
|switch|p1a: Great Tusk|Great Tusk|100/100
|switch|p2a: Ogerpon|Ogerpon-Wellspring, F|100/100
|turn|1
|
|t:|1769404537
|move|p2a: Ogerpon|Ivy Cudgel|p1a: Great Tusk|[anim] Ivy Cudgel Water
|-supereffective|p1a: Great Tusk
|-damage|p1a: Great Tusk|45/100
|move|p1a: Great Tusk|Stealth Rock|p2a: Ogerpon
|-sidestart|p2: clsxmn4保姆曼波侠|move: Stealth Rock
|
|-heal|p1a: Great Tusk|51/100|[from] item: Leftovers
|upkeep
|turn|2
|
|t:|1769404550
|-end|p1a: Great Tusk|Protosynthesis|[silent]
|switch|p1a: Rotom|Rotom-Wash|100/100
|move|p2a: Ogerpon|Ivy Cudgel|p1a: Rotom|[anim] Ivy Cudgel Water
|-resisted|p1a: Rotom
|-damage|p1a: Rotom|76/100
|
|upkeep
|turn|3
|
|t:|1769404584
|switch|p2a: Rotom|Rotom-Heat|100/100
|move|p1a: Rotom|Volt Switch|p2a: Rotom
|-resisted|p2a: Rotom
|-damage|p2a: Rotom|86/100
|inactive|Battle timer is ON: inactive players will automatically lose when time's up. (requested by clsxmn4保姆曼波侠)
|
|t:|1769404632
|switch|p1a: Dragapult|Dragapult, F|100/100|[from] Volt Switch
|
|upkeep
|turn|4
|
|t:|1769404636
|move|p1a: Dragapult|Draco Meteor|p2a: Rotom
|-damage|p2a: Rotom|0 fnt
|-unboost|p1a: Dragapult|spa|2
|faint|p2a: Rotom
|
|upkeep
|
|t:|1769404644
|switch|p2a: Iron Treads|Iron Treads|100/100
|-damage|p2a: Iron Treads|97/100|[from] Stealth Rock
|turn|5
|
|t:|1769404651
|switch|p1a: Rotom|Rotom-Wash|76/100
|move|p2a: Iron Treads|Knock Off|p1a: Rotom
|-damage|p1a: Rotom|50/100
|-enditem|p1a: Rotom|Heavy-Duty Boots|[from] move: Knock Off|[of] p2a: Iron Treads
|
|upkeep
|turn|6
|
|t:|1769404659
|move|p2a: Iron Treads|Rapid Spin|p1a: Rotom
|-damage|p1a: Rotom|35/100
|-boost|p2a: Iron Treads|spe|1
|-sideend|p2: clsxmn4保姆曼波侠|Stealth Rock|[from] move: Rapid Spin|[of] p2a: Iron Treads
|move|p1a: Rotom|Pain Split|p2a: Iron Treads
|-sethp|p2a: Iron Treads|65/100|[from] move: Pain Split|[silent]
|-sethp|p1a: Rotom|69/100|[from] move: Pain Split
|
|upkeep
|turn|7
|
|t:|1769404671
|move|p2a: Iron Treads|Knock Off|p1a: Rotom
|-damage|p1a: Rotom|52/100
|move|p1a: Rotom|Will-O-Wisp|p2a: Iron Treads
|-status|p2a: Iron Treads|brn
|
|-damage|p2a: Iron Treads|59/100 brn|[from] brn
|upkeep
|turn|8
|-message|clsxmn4保姆曼波侠 forfeited.
|
|win|Sulluulllu
|raw|Sulluulllu's rating: 1121 &rarr; <strong>1146</strong><br />(+25 for winning)
|raw|clsxmn4保姆曼波侠's rating: 1122 &rarr; <strong>1097</strong><br />(-25 for losing)
|l|☆clsxmn4保姆曼波侠
|player|p2|
