|j|☆landondinos
|j|☆SPICELER
|t:|1769409535
|gametype|singles
|player|p1|landondinos|2|1050
|player|p2|SPICELER|1|1072
|gen|9
|tier|[Gen 9] OU
|rated|
|rule|HP Percentage Mod: HP is shown in percentages
|rule|Endless Battle Clause: Forcing endless battles is banned
|rule|Species Clause: Limit one of each Pokémon
|rule|OHKO Clause: OHKO moves are banned
|rule|Evasion Items Clause: Evasion items are banned
|rule|Evasion Moves Clause: Evasion moves are banned
|rule|Evasion Abilities Clause: Evasion abilities are banned
|rule|Sleep Moves Clause: Sleep-inducing moves are banned
|clearpoke
|poke|p1|Ribombee, F|
|poke|p1|Zoroark-Hisui, F|
|poke|p1|Azumarill, F|
|poke|p1|Kingambit, F|
|poke|p1|Great Tusk|
|poke|p1|Iron Valiant|
|poke|p2|Garchomp, M|
|poke|p2|Arcanine, M|
|poke|p2|Zapdos|
|poke|p2|Weezing-Galar, M|
|poke|p2|Zangoose, M|
|poke|p2|Murkrow, F|
|teampreview
|
|t:|1769409540
|teamsize|p1|6
|teamsize|p2|6
|start
|switch|p1a: Ribombee|Ribombee, F, shiny|100/100
|switch|p2a: Murkrow|Murkrow, F|100/100
|turn|1
|
|t:|1769409554
|move|p2a: Murkrow|Taunt|p1a: Ribombee
|-start|p1a: Ribombee|move: Taunt
|cant|p1a: Ribombee|move: Taunt|Skill Swap
|
|upkeep
|turn|2
|
|t:|1769409565
|move|p2a: Murkrow|Tailwind|p2a: Murkrow
|-sidestart|p2: SPICELER|move: Tailwind
|move|p1a: Ribombee|Moonblast|p2a: Murkrow
|-supereffective|p2a: Murkrow
|-damage|p2a: Murkrow|13/100
|
|upkeep
|turn|3
|
|t:|1769409575
|move|p2a: Murkrow|U-turn|p1a: Ribombee
|-resisted|p1a: Ribombee
|-damage|p1a: Ribombee|87/100
|
|t:|1769409578
|switch|p2a: Weezing|Weezing-Galar, M|100/100|[from] U-turn
|-ability|p2a: Weezing|Neutralizing Gas
|move|p1a: Ribombee|Moonblast|p2a: Weezing
|-resisted|p2a: Weezing
|-damage|p2a: Weezing|73/100
|
|-heal|p2a: Weezing|80/100|[from] item: Black Sludge
|-end|p1a: Ribombee|move: Taunt
|upkeep
|turn|4
|
|t:|1769409609
|move|p1a: Ribombee|Sticky Web|p2a: Weezing
|-sidestart|p2: SPICELER|move: Sticky Web
|move|p2a: Weezing|Sludge Wave|p1a: Ribombee
|-supereffective|p1a: Ribombee
|-damage|p1a: Ribombee|0 fnt
|faint|p1a: Ribombee
|
|-heal|p2a: Weezing|86/100|[from] item: Black Sludge
|upkeep
|
|t:|1769409625
|switch|p1a: Iron Valiant|Iron Valiant|100/100
|turn|5
|
|t:|1769409633
|move|p1a: Iron Valiant|Psyshock|p2a: Weezing
|-supereffective|p2a: Weezing
|-damage|p2a: Weezing|45/100
|move|p2a: Weezing|Sludge Wave|p1a: Iron Valiant
|-supereffective|p1a: Iron Valiant
|-damage|p1a: Iron Valiant|0 fnt
|faint|p1a: Iron Valiant
|-end|p1a: Iron Valiant|Quark Drive|[silent]
|
|-heal|p2a: Weezing|51/100|[from] item: Black Sludge
|-sideend|p2: SPICELER|move: Tailwind
|upkeep
|
|t:|1769409658
|switch|p1a: Great Tusk|Great Tusk|100/100
|turn|6
|
|t:|1769409664
|move|p1a: Great Tusk|Stealth Rock|p2a: Weezing
|-sidestart|p2: SPICELER|move: Stealth Rock
|move|p2a: Weezing|Strange Steam|p1a: Great Tusk
|-supereffective|p1a: Great Tusk
|-damage|p1a: Great Tusk|13/100
|-start|p1a: Great Tusk|confusion
|
|-heal|p2a: Weezing|57/100|[from] item: Black Sludge
|upkeep
|turn|7
|
|t:|1769409682
|-activate|p1a: Great Tusk|confusion
|-damage|p1a: Great Tusk|2/100|[from] confusion
|move|p2a: Weezing|Strange Steam|p1a: Great Tusk
|-supereffective|p1a: Great Tusk
|-damage|p1a: Great Tusk|0 fnt
|faint|p1a: Great Tusk
|-end|p1a: Great Tusk|Protosynthesis|[silent]
|
|-heal|p2a: Weezing|63/100|[from] item: Black Sludge
|upkeep
|-message|landondinos forfeited.
|
|win|SPICELER
|raw|landondinos's rating: 1050 &rarr; <strong>1034</strong><br />(-16 for losing)
|raw|SPICELER's rating: 1072 &rarr; <strong>1099</strong><br />(+27 for winning)
|l|☆landondinos
|player|p1|
|l|☆SPICELER
|player|p2|
