|j|☆kuraiyagare
|j|☆Weepenbell
|t:|1769362964
|gametype|singles
|player|p1|kuraiyagare|mars|1324
|player|p2|Weepenbell|wallace|1303
|gen|9
|tier|[Gen 9] OU
|rated|
|rule|HP Percentage Mod: HP is shown in percentages
|rule|Endless Battle Clause: Forcing endless battles is banned
|rule|Species Clause: Limit one of each Pokémon
|rule|OHKO Clause: OHKO moves are banned
|rule|Evasion Items Clause: Evasion items are banned
|rule|Evasion Moves Clause: Evasion moves are banned
|rule|Evasion Abilities Clause: Evasion abilities are banned
|rule|Sleep Moves Clause: Sleep-inducing moves are banned
|clearpoke
|poke|p1|Bastiodon, M|
|poke|p1|Gardevoir, F|
|poke|p1|Talonflame, F|
|poke|p1|Drifblim, M|
|poke|p1|Gyarados, F|
|poke|p1|Houndoom, M|
|poke|p2|Tinkaton, F|
|poke|p2|Skeledirge, M|
|poke|p2|Great Tusk|
|poke|p2|Hydreigon, M|
|poke|p2|Meowscarada, M|
|poke|p2|Gholdengo|
|teampreview
|
|t:|1769362973
|teamsize|p1|6
|teamsize|p2|6
|start
|switch|p1a: motto sukunai|Houndoom, M|100/100
|switch|p2a: Tinkaton|Tinkaton, F, shiny|100/100
|-ability|p2a: Tinkaton|Mold Breaker
|turn|1
|
|t:|1769362985
|move|p1a: motto sukunai|Flame Charge|p2a: Tinkaton
|-supereffective|p2a: Tinkaton
|-damage|p2a: Tinkaton|76/100
|-boost|p1a: motto sukunai|spe|1
|move|p2a: Tinkaton|Thunder Wave|p1a: motto sukunai
|-status|p1a: motto sukunai|par
|
|-heal|p2a: Tinkaton|82/100|[from] item: Leftovers
|upkeep
|turn|2
|inactive|Battle timer is ON: inactive players will automatically lose when time's up. (requested by kuraiyagare)
|
|t:|1769362991
|cant|p1a: motto sukunai|par
|move|p2a: Tinkaton|Stealth Rock|p1a: motto sukunai
|-sidestart|p1: kuraiyagare|move: Stealth Rock
|
|-heal|p2a: Tinkaton|88/100|[from] item: Leftovers
|upkeep
|turn|3
|
|t:|1769362995
|move|p2a: Tinkaton|Knock Off|p1a: motto sukunai
|-resisted|p1a: motto sukunai
|-damage|p1a: motto sukunai|74/100 par
|-enditem|p1a: motto sukunai|Focus Sash|[from] move: Knock Off|[of] p2a: Tinkaton
|move|p1a: motto sukunai|Counter|p2a: Tinkaton
|-damage|p2a: Tinkaton|46/100
|
|-heal|p2a: Tinkaton|53/100|[from] item: Leftovers
|upkeep
|turn|4
|
|t:|1769363006
|switch|p2a: Skeledirge|Skeledirge, M|100/100
|cant|p1a: motto sukunai|par
|
|upkeep
|turn|5
|
|t:|1769363020
|switch|p2a: Great Tusk|Great Tusk|100/100
|-enditem|p2a: Great Tusk|Booster Energy
|-activate|p2a: Great Tusk|ability: Protosynthesis|[fromitem]
|-start|p2a: Great Tusk|protosynthesisatk
|move|p1a: motto sukunai|Dark Pulse|p2a: Great Tusk
|-resisted|p2a: Great Tusk
|-damage|p2a: Great Tusk|72/100
|
|upkeep
|turn|6
|
|t:|1769363031
|move|p2a: Great Tusk|Rapid Spin|p1a: motto sukunai
|-damage|p1a: motto sukunai|1/100 par
|-boost|p2a: Great Tusk|spe|1
|move|p1a: motto sukunai|Counter|p2a: Great Tusk
|-damage|p2a: Great Tusk|0 fnt
|faint|p2a: Great Tusk
|-end|p2a: Great Tusk|Protosynthesis|[silent]
|
|upkeep
|c|☆Weepenbell|. . .
|
|t:|1769363040
|switch|p2a: Tinkaton|Tinkaton, F, shiny|53/100
|-ability|p2a: Tinkaton|Mold Breaker
|turn|7
|c|☆Weepenbell|no words
|
|t:|1769363048
|move|p1a: motto sukunai|Destiny Bond|p1a: motto sukunai
|-singlemove|p1a: motto sukunai|Destiny Bond
|move|p2a: Tinkaton|Knock Off|p1a: motto sukunai
|-resisted|p1a: motto sukunai
|-damage|p1a: motto sukunai|0 fnt
|faint|p1a: motto sukunai
|-activate|p1a: motto sukunai|move: Destiny Bond
|faint|p2a: Tinkaton
|
|upkeep
|c|☆Weepenbell|jajajajaja
|c|☆Weepenbell|why was he faster tho?
|
|t:|1769363074
|switch|p1a: Vatra|Talonflame, F|100/100
|switch|p2a: Meowscarada|Meowscarada, M|100/100
|turn|8
|
|t:|1769363084
|switch|p2a: Skeledirge|Skeledirge, M|100/100
|move|p1a: Vatra|Defog|p2a: Skeledirge
|-unboost|p2a: Skeledirge|evasion|1
|-sideend|p1: kuraiyagare|Stealth Rock|[from] move: Defog|[of] p1a: Vatra
|
|upkeep
|turn|9
|
|t:|1769363092
|switch|p1a: Bastiodon|Bastiodon, M|100/100
|move|p2a: Skeledirge|Hex|p1a: Bastiodon
|-damage|p1a: Bastiodon|81/100
|
|upkeep
|turn|10
|
|t:|1769363098
|switch|p2a: Hydreigon|Hydreigon, M|100/100
|move|p1a: Bastiodon|Stealth Rock|p2a: Hydreigon
|-sidestart|p2: Weepenbell|move: Stealth Rock
|
|upkeep
|turn|11
|
|t:|1769363106
|move|p2a: Hydreigon|Substitute|p2a: Hydreigon
|-start|p2a: Hydreigon|Substitute
|-damage|p2a: Hydreigon|76/100
|move|p1a: Bastiodon|Rest|p1a: Bastiodon
|-status|p1a: Bastiodon|slp|[from] move: Rest
|-heal|p1a: Bastiodon|100/100 slp|[silent]
|-enditem|p1a: Bastiodon|Chesto Berry|[eat]
|-curestatus|p1a: Bastiodon|slp|[msg]
|
|upkeep
|turn|12
|
|t:|1769363110
|move|p2a: Hydreigon|Nasty Plot|p2a: Hydreigon
|-boost|p2a: Hydreigon|spa|2
|move|p1a: Bastiodon|Roar|p2a: Hydreigon
|drag|p2a: Meowscarada|Meowscarada, M|100/100
|-damage|p2a: Meowscarada|88/100|[from] Stealth Rock
|
|upkeep
|turn|13
|
|t:|1769363119
|move|p2a: Meowscarada|U-turn|p1a: Bastiodon
|-start|p2a: Meowscarada|typechange|Bug|[from] ability: Protean
|-resisted|p1a: Bastiodon
|-damage|p1a: Bastiodon|87/100
|
|t:|1769363123
|switch|p2a: Gholdengo|Gholdengo|100/100|[from] U-turn
|-damage|p2a: Gholdengo|94/100|[from] Stealth Rock
|move|p1a: Bastiodon|Metal Burst|p2a: Gholdengo
|-damage|p2a: Gholdengo|74/100
|
|upkeep
|turn|14
|
|t:|1769363134
|move|p2a: Gholdengo|Make It Rain|p1a: Bastiodon
|-damage|p1a: Bastiodon|30/100
|-unboost|p2a: Gholdengo|spa|1
|move|p1a: Bastiodon|Metal Burst|p2a: Gholdengo
|-damage|p2a: Gholdengo|0 fnt
|faint|p2a: Gholdengo
|
|upkeep
|
|t:|1769363146
|switch|p2a: Meowscarada|Meowscarada, M|88/100
|-damage|p2a: Meowscarada|76/100|[from] Stealth Rock
|turn|15
|
|t:|1769363149
|move|p2a: Meowscarada|Flower Trick|p1a: Bastiodon
|-start|p2a: Meowscarada|typechange|Grass|[from] ability: Protean
|-crit|p1a: Bastiodon
|-damage|p1a: Bastiodon|0 fnt
|faint|p1a: Bastiodon
|
|upkeep
|
|t:|1769363158
|switch|p1a: Vatra|Talonflame, F|100/100
|turn|16
|
|t:|1769363162
|switch|p2a: Skeledirge|Skeledirge, M|100/100
|move|p1a: Vatra|Brave Bird|p2a: Skeledirge
|-damage|p2a: Skeledirge|69/100
|-damage|p1a: Vatra|86/100|[from] Recoil
|
|upkeep
|turn|17
|
|t:|1769363174
|move|p1a: Vatra|Brave Bird|p2a: Skeledirge
|-damage|p2a: Skeledirge|36/100
|-damage|p1a: Vatra|71/100|[from] Recoil
|move|p2a: Skeledirge|Slack Off|p2a: Skeledirge
|-heal|p2a: Skeledirge|86/100
|
|upkeep
|turn|18
|
|t:|1769363177
|move|p1a: Vatra|Brave Bird|p2a: Skeledirge
|-damage|p2a: Skeledirge|57/100
|-damage|p1a: Vatra|58/100|[from] Recoil
|move|p2a: Skeledirge|Slack Off|p2a: Skeledirge
|-heal|p2a: Skeledirge|100/100
|
|upkeep
|turn|19
|
|t:|1769363180
|move|p1a: Vatra|Brave Bird|p2a: Skeledirge
|-damage|p2a: Skeledirge|67/100
|-damage|p1a: Vatra|42/100|[from] Recoil
|move|p2a: Skeledirge|Torch Song|p1a: Vatra
|-resisted|p1a: Vatra
|-damage|p1a: Vatra|21/100
|-boost|p2a: Skeledirge|spa|1
|
|upkeep
|turn|20
|
|t:|1769363187
|switch|p1a: Gardenia|Gardevoir, F|100/100
|-ability|p1a: Gardenia|Unaware|Trace|[from] ability: Trace|[of] p2a: Skeledirge
|move|p2a: Skeledirge|Slack Off|p2a: Skeledirge
|-heal|p2a: Skeledirge|100/100
|
|upkeep
|turn|21
|
|t:|1769363192
|move|p1a: Gardenia|Psyshock|p2a: Skeledirge
|-damage|p2a: Skeledirge|72/100
|move|p2a: Skeledirge|Will-O-Wisp|p1a: Gardenia
|-status|p1a: Gardenia|brn
|
|-damage|p1a: Gardenia|94/100 brn|[from] brn
|upkeep
|turn|22
|
|t:|1769363199
|move|p1a: Gardenia|Psyshock|p2a: Skeledirge
|-damage|p2a: Skeledirge|42/100
|move|p2a: Skeledirge|Slack Off|p2a: Skeledirge
|-heal|p2a: Skeledirge|92/100
|
|-damage|p1a: Gardenia|88/100 brn|[from] brn
|upkeep
|turn|23
|
|t:|1769363201
|move|p1a: Gardenia|Destiny Bond|p1a: Gardenia
|-singlemove|p1a: Gardenia|Destiny Bond
|move|p2a: Skeledirge|Hex|p1a: Gardenia
|-supereffective|p1a: Gardenia
|-damage|p1a: Gardenia|0 fnt
|faint|p1a: Gardenia
|-activate|p1a: Gardenia|move: Destiny Bond
|faint|p2a: Skeledirge
|
|upkeep
|
|t:|1769363209
|switch|p1a: Vatra|Talonflame, F|21/100
|switch|p2a: Hydreigon|Hydreigon, M|76/100
|-damage|p2a: Hydreigon|63/100|[from] Stealth Rock
|turn|24
|
|t:|1769363218
|move|p1a: Vatra|Brave Bird|p2a: Hydreigon
|-damage|p2a: Hydreigon|11/100
|-damage|p1a: Vatra|2/100|[from] Recoil
|move|p2a: Hydreigon|Substitute|p2a: Hydreigon
|-fail|p2a: Hydreigon|move: Substitute|[weak]
|
|upkeep
|turn|25
|
|t:|1769363224
|move|p1a: Vatra|Flare Blitz|p2a: Hydreigon
|-resisted|p2a: Hydreigon
|-damage|p2a: Hydreigon|0 fnt
|faint|p2a: Hydreigon
|-damage|p1a: Vatra|0 fnt|[from] Recoil
|faint|p1a: Vatra
|
|upkeep
|
|t:|1769363246
|switch|p1a: drifflim|Drifblim, M|100/100
|switch|p2a: Meowscarada|Meowscarada, M|76/100
|-damage|p2a: Meowscarada|64/100|[from] Stealth Rock
|turn|26
|inactive|Weepenbell has 120 seconds left.
|
|t:|1769363296
|-terastallize|p1a: drifflim|Fighting
|move|p2a: Meowscarada|Knock Off|p1a: drifflim
|-start|p2a: Meowscarada|typechange|Dark|[from] ability: Protean
|-resisted|p1a: drifflim
|-damage|p1a: drifflim|57/100
|-enditem|p1a: drifflim|Weakness Policy|[from] move: Knock Off|[of] p2a: Meowscarada
|move|p1a: drifflim|Strength Sap|p2a: Meowscarada
|-unboost|p2a: Meowscarada|atk|1
|-heal|p1a: drifflim|100/100
|
|upkeep
|turn|27
|c|☆Weepenbell|serius?
|
|t:|1769363307
|move|p1a: drifflim|Strength Sap|p2a: Meowscarada
|-unboost|p2a: Meowscarada|atk|1
|move|p2a: Meowscarada|Knock Off|p1a: drifflim
|-resisted|p1a: drifflim
|-crit|p1a: drifflim
|-damage|p1a: drifflim|60/100
|
|upkeep
|turn|28
|-message|Weepenbell forfeited.
|
|win|kuraiyagare
|raw|kuraiyagare's rating: 1324 &rarr; <strong>1343</strong><br />(+19 for winning)
|raw|Weepenbell's rating: 1303 &rarr; <strong>1284</strong><br />(-19 for losing)
|l|☆Weepenbell
|player|p2|
|l|☆kuraiyagare
|player|p1|
