|j|☆sveddy
|j|☆Lumina2531660013
|t:|1769331806
|gametype|singles
|player|p1|sveddy|1|1115
|player|p2|Lumina2531660013|steven|1115
|gen|9
|tier|[Gen 9] OU
|rated|
|rule|HP Percentage Mod: HP is shown in percentages
|rule|Endless Battle Clause: Forcing endless battles is banned
|rule|Species Clause: Limit one of each Pokémon
|rule|OHKO Clause: OHKO moves are banned
|rule|Evasion Items Clause: Evasion items are banned
|rule|Evasion Moves Clause: Evasion moves are banned
|rule|Evasion Abilities Clause: Evasion abilities are banned
|rule|Sleep Moves Clause: Sleep-inducing moves are banned
|clearpoke
|poke|p1|Great Tusk|
|poke|p1|Torkoal, M|
|poke|p1|Azumarill, M|
|poke|p1|Lilligant-Hisui, F|
|poke|p1|Glimmora, F|
|poke|p1|Sylveon, F|
|poke|p2|Scizor, M|
|poke|p2|Hatterene, F|
|poke|p2|Azumarill, M|
|poke|p2|Skeledirge, M|
|poke|p2|Alomomola, F|
|poke|p2|Landorus-Therian, M|
|teampreview
|inactive|Battle timer is ON: inactive players will automatically lose when time's up. (requested by sveddy)
|
|t:|1769331813
|teamsize|p1|6
|teamsize|p2|6
|start
|switch|p1a: Azumarill|Azumarill, M, shiny|100/100
|switch|p2a: Hatterene|Hatterene, F, shiny|100/100
|turn|1
|
|t:|1769331821
|switch|p2a: Scizor|Scizor, M|100/100
|move|p1a: Azumarill|Liquidation|p2a: Scizor
|-damage|p2a: Scizor|79/100
|-unboost|p2a: Scizor|def|1
|
|upkeep
|turn|2
|
|t:|1769331828
|move|p2a: Scizor|Knock Off|p1a: Azumarill
|-resisted|p1a: Azumarill
|-damage|p1a: Azumarill|80/100
|-enditem|p1a: Azumarill|Assault Vest|[from] move: Knock Off|[of] p2a: Scizor
|move|p1a: Azumarill|Liquidation|p2a: Scizor
|-damage|p2a: Scizor|45/100
|
|upkeep
|turn|3
|
|t:|1769331844
|move|p2a: Scizor|U-turn|p1a: Azumarill
|-resisted|p1a: Azumarill
|-damage|p1a: Azumarill|57/100
|
|t:|1769331854
|switch|p2a: Azumarill|Azumarill, M, shiny|100/100|[from] U-turn
|move|p1a: Azumarill|Liquidation|p2a: Azumarill
|-resisted|p2a: Azumarill
|-damage|p2a: Azumarill|90/100
|
|upkeep
|turn|4
|
|t:|1769331862
|switch|p1a: Torkoal|Torkoal, M|100/100
|-weather|SunnyDay|[from] ability: Drought|[of] p1a: Torkoal
|move|p2a: Azumarill|Play Rough|p1a: Torkoal
|-resisted|p1a: Torkoal
|-damage|p1a: Torkoal|83/100
|
|-weather|SunnyDay|[upkeep]
|upkeep
|turn|5
|
|t:|1769331875
|switch|p2a: Hatterene|Hatterene, F, shiny|100/100
|move|p1a: Torkoal|Stealth Rock|p2a: Hatterene
|move|p2a: Hatterene|Stealth Rock|p1a: Torkoal|[from] ability: Magic Bounce
|-sidestart|p1: sveddy|move: Stealth Rock
|
|-weather|SunnyDay|[upkeep]
|upkeep
|turn|6
|
|t:|1769331888
|move|p2a: Hatterene|Dazzling Gleam|p1a: Torkoal
|-resisted|p1a: Torkoal
|-damage|p1a: Torkoal|51/100
|move|p1a: Torkoal|Rapid Spin|p2a: Hatterene
|-damage|p2a: Hatterene|90/100
|-boost|p1a: Torkoal|spe|1
|-sideend|p1: sveddy|Stealth Rock|[from] move: Rapid Spin|[of] p1a: Torkoal
|
|-weather|SunnyDay|[upkeep]
|-heal|p2a: Hatterene|96/100|[from] item: Leftovers
|upkeep
|turn|7
|
|t:|1769331900
|switch|p1a: Glimmora|Glimmora, F|100/100
|move|p2a: Hatterene|Psychic|p1a: Glimmora
|-supereffective|p1a: Glimmora
|-damage|p1a: Glimmora|0 fnt
|faint|p1a: Glimmora
|
|-weather|SunnyDay|[upkeep]
|-heal|p2a: Hatterene|100/100|[from] item: Leftovers
|upkeep
|
|t:|1769331905
|switch|p1a: Great Tusk|Great Tusk|100/100
|-activate|p1a: Great Tusk|ability: Protosynthesis
|-start|p1a: Great Tusk|protosynthesisatk
|turn|8
|
|t:|1769331915
|switch|p2a: Landorus|Landorus-Therian, M, shiny|100/100
|-ability|p2a: Landorus|Intimidate|boost
|-unboost|p1a: Great Tusk|atk|1
|move|p1a: Great Tusk|Headlong Rush|p2a: Landorus
|-immune|p2a: Landorus
|
|-weather|none
|-end|p1a: Great Tusk|Protosynthesis
|upkeep
|turn|9
|
|t:|1769331926
|-end|p1a: Great Tusk|Protosynthesis|[silent]
|switch|p1a: Torkoal|Torkoal, M|51/100
|-weather|SunnyDay|[from] ability: Drought|[of] p1a: Torkoal
|switch|p2a: Alomomola|Alomomola, F|100/100
|
|-weather|SunnyDay|[upkeep]
|upkeep
|turn|10
|
|t:|1769331938
|move|p2a: Alomomola|Flip Turn|p1a: Torkoal
|-supereffective|p1a: Torkoal
|-damage|p1a: Torkoal|41/100
|
|t:|1769331941
|switch|p2a: Hatterene|Hatterene, F, shiny|100/100|[from] Flip Turn
|move|p1a: Torkoal|Lava Plume|p2a: Hatterene
|-damage|p2a: Hatterene|55/100
|
|-weather|SunnyDay|[upkeep]
|-heal|p2a: Hatterene|61/100|[from] item: Leftovers
|upkeep
|turn|11
|
|t:|1769331954
|move|p2a: Hatterene|Dazzling Gleam|p1a: Torkoal
|-resisted|p1a: Torkoal
|-damage|p1a: Torkoal|8/100
|move|p1a: Torkoal|Lava Plume|p2a: Hatterene
|-damage|p2a: Hatterene|23/100
|
|-weather|SunnyDay|[upkeep]
|-heal|p2a: Hatterene|28/100|[from] item: Leftovers
|upkeep
|turn|12
|
|t:|1769331967
|switch|p1a: Lilligant|Lilligant-Hisui, F|100/100
|move|p2a: Hatterene|Dazzling Gleam|p1a: Lilligant
|-supereffective|p1a: Lilligant
|-damage|p1a: Lilligant|0 fnt
|faint|p1a: Lilligant
|
|-weather|SunnyDay|[upkeep]
|-heal|p2a: Hatterene|34/100|[from] item: Leftovers
|upkeep
|
|t:|1769331972
|switch|p1a: Great Tusk|Great Tusk|100/100
|-activate|p1a: Great Tusk|ability: Protosynthesis
|-start|p1a: Great Tusk|protosynthesisatk
|turn|13
|
|t:|1769331999
|switch|p2a: Landorus|Landorus-Therian, M, shiny|100/100
|-ability|p2a: Landorus|Intimidate|boost
|-unboost|p1a: Great Tusk|atk|1
|move|p1a: Great Tusk|Ice Spinner|p2a: Landorus
|-supereffective|p2a: Landorus
|-damage|p2a: Landorus|5/100
|-enditem|p2a: Landorus|Sitrus Berry|[eat]
|-heal|p2a: Landorus|30/100|[from] item: Sitrus Berry
|
|-weather|none
|-end|p1a: Great Tusk|Protosynthesis
|upkeep
|turn|14
|
|t:|1769332010
|switch|p2a: Alomomola|Alomomola, F|100/100
|move|p1a: Great Tusk|Ice Spinner|p2a: Alomomola
|-resisted|p2a: Alomomola
|-damage|p2a: Alomomola|93/100
|
|-heal|p2a: Alomomola|99/100|[from] item: Leftovers
|upkeep
|turn|15
|
|t:|1769332030
|-end|p1a: Great Tusk|Protosynthesis|[silent]
|switch|p1a: Sylveon|Sylveon, F|100/100
|move|p2a: Alomomola|Wish|p2a: Alomomola
|
|-heal|p2a: Alomomola|100/100|[from] item: Leftovers
|upkeep
|turn|16
|
|t:|1769332037
|move|p1a: Sylveon|Calm Mind|p1a: Sylveon
|-boost|p1a: Sylveon|spa|1
|-boost|p1a: Sylveon|spd|1
|move|p2a: Alomomola|Flip Turn|p1a: Sylveon
|-damage|p1a: Sylveon|88/100
|
|t:|1769332044
|switch|p2a: Hatterene|Hatterene, F, shiny|34/100|[from] Flip Turn
|
|-heal|p2a: Hatterene|100/100|[from] move: Wish|[wisher] Alomomola
|-heal|p1a: Sylveon|94/100|[from] item: Leftovers
|upkeep
|turn|17
|
|t:|1769332053
|switch|p2a: Alomomola|Alomomola, F|100/100
|move|p1a: Sylveon|Moonblast|p2a: Alomomola
|-damage|p2a: Alomomola|63/100
|
|-heal|p1a: Sylveon|99/100|[from] item: Leftovers
|-heal|p2a: Alomomola|69/100|[from] item: Leftovers
|upkeep
|turn|18
|
|t:|1769332063
|move|p1a: Sylveon|Calm Mind|p1a: Sylveon
|-boost|p1a: Sylveon|spa|1
|-boost|p1a: Sylveon|spd|1
|move|p2a: Alomomola|Wish|p2a: Alomomola
|
|-heal|p1a: Sylveon|100/100|[from] item: Leftovers
|-heal|p2a: Alomomola|76/100|[from] item: Leftovers
|upkeep
|turn|19
|
|t:|1769332074
|move|p1a: Sylveon|Moonblast|p2a: Alomomola
|-damage|p2a: Alomomola|21/100
|move|p2a: Alomomola|Mirror Coat|p1a: Sylveon
|-damage|p1a: Sylveon|0 fnt
|faint|p1a: Sylveon
|
|-heal|p2a: Alomomola|71/100|[from] move: Wish|[wisher] Alomomola
|-heal|p2a: Alomomola|78/100|[from] item: Leftovers
|upkeep
|
|t:|1769332079
|switch|p1a: Torkoal|Torkoal, M|8/100
|-weather|SunnyDay|[from] ability: Drought|[of] p1a: Torkoal
|turn|20
|
|t:|1769332088
|move|p2a: Alomomola|Wish|p2a: Alomomola
|move|p1a: Torkoal|Lava Plume|p2a: Alomomola
|-resisted|p2a: Alomomola
|-damage|p2a: Alomomola|63/100
|-status|p2a: Alomomola|brn
|
|-weather|SunnyDay|[upkeep]
|-heal|p2a: Alomomola|69/100 brn|[from] item: Leftovers
|-damage|p2a: Alomomola|63/100 brn|[from] brn
|upkeep
|turn|21
|
|t:|1769332100
|switch|p2a: Landorus|Landorus-Therian, M, shiny|30/100
|-ability|p2a: Landorus|Intimidate|boost
|-unboost|p1a: Torkoal|atk|1
|move|p1a: Torkoal|Lava Plume|p2a: Landorus
|-damage|p2a: Landorus|0 fnt
|faint|p2a: Landorus
|
|-weather|SunnyDay|[upkeep]
|upkeep
|
|t:|1769332112
|switch|p2a: Hatterene|Hatterene, F, shiny|100/100
|turn|22
|
|t:|1769332122
|move|p1a: Torkoal|Lava Plume|p2a: Hatterene
|-damage|p2a: Hatterene|61/100
|move|p2a: Hatterene|Trick Room|p2a: Hatterene
|-fieldstart|move: Trick Room|[of] p2a: Hatterene
|
|-weather|SunnyDay|[upkeep]
|-heal|p2a: Hatterene|67/100|[from] item: Leftovers
|upkeep
|turn|23
|
|t:|1769332130
|move|p1a: Torkoal|Lava Plume|p2a: Hatterene
|-damage|p2a: Hatterene|27/100
|-status|p2a: Hatterene|brn
|move|p2a: Hatterene|Dazzling Gleam|p1a: Torkoal
|-resisted|p1a: Torkoal
|-damage|p1a: Torkoal|0 fnt
|faint|p1a: Torkoal
|
|-weather|SunnyDay|[upkeep]
|-heal|p2a: Hatterene|33/100 brn|[from] item: Leftovers
|-damage|p2a: Hatterene|27/100 brn|[from] brn
|upkeep
|
|t:|1769332139
|switch|p1a: Great Tusk|Great Tusk|100/100
|-activate|p1a: Great Tusk|ability: Protosynthesis
|-start|p1a: Great Tusk|protosynthesisatk
|turn|24
|
|t:|1769332149
|move|p2a: Hatterene|Dazzling Gleam|p1a: Great Tusk
|-supereffective|p1a: Great Tusk
|-damage|p1a: Great Tusk|0 fnt
|faint|p1a: Great Tusk
|-end|p1a: Great Tusk|Protosynthesis|[silent]
|
|-weather|none
|-heal|p2a: Hatterene|33/100 brn|[from] item: Leftovers
|-damage|p2a: Hatterene|27/100 brn|[from] brn
|upkeep
|
|t:|1769332152
|switch|p1a: Azumarill|Azumarill, M, shiny|57/100
|turn|25
|
|t:|1769332162
|switch|p2a: Alomomola|Alomomola, F|97/100 brn
|move|p1a: Azumarill|Liquidation|p2a: Alomomola
|-resisted|p2a: Alomomola
|-damage|p2a: Alomomola|89/100 brn
|-unboost|p2a: Alomomola|def|1
|
|-heal|p2a: Alomomola|95/100 brn|[from] item: Leftovers
|-damage|p2a: Alomomola|89/100 brn|[from] brn
|upkeep
|turn|26
|-message|sveddy forfeited.
|
|win|Lumina2531660013
|raw|sveddy's rating: 1115 &rarr; <strong>1090</strong><br />(-25 for losing)
|raw|Lumina2531660013's rating: 1115 &rarr; <strong>1140</strong><br />(+25 for winning)
|l|☆sveddy
|player|p1|
|l|☆Lumina2531660013
|player|p2|
