|j|☆Sienna53
|j|☆jsxlllll
|t:|1769353819
|gametype|singles
|player|p1|Sienna53|winona|1492
|player|p2|jsxlllll|265|1534
|gen|9
|tier|[Gen 9] OU
|rated|
|rule|HP Percentage Mod: HP is shown in percentages
|rule|Endless Battle Clause: Forcing endless battles is banned
|rule|Species Clause: Limit one of each Pokémon
|rule|OHKO Clause: OHKO moves are banned
|rule|Evasion Items Clause: Evasion items are banned
|rule|Evasion Moves Clause: Evasion moves are banned
|rule|Evasion Abilities Clause: Evasion abilities are banned
|rule|Sleep Moves Clause: Sleep-inducing moves are banned
|clearpoke
|poke|p1|Kingambit, F|
|poke|p1|Tentacruel, M|
|poke|p1|Great Tusk|
|poke|p1|Lokix, M|
|poke|p1|Iron Moth|
|poke|p1|Primarina, M|
|poke|p2|Sandy Shocks|
|poke|p2|Scizor, F|
|poke|p2|Manaphy|
|poke|p2|Latios, M|
|poke|p2|Ogerpon, F|
|poke|p2|Iron Jugulis|
|teampreview
|inactive|Battle timer is ON: inactive players will automatically lose when time's up. (requested by Sienna53)
|
|t:|1769353824
|teamsize|p1|6
|teamsize|p2|6
|start
|switch|p1a: Lokix|Lokix, M|100/100
|switch|p2a: Sandy Shocks|Sandy Shocks|100/100
|-enditem|p2a: Sandy Shocks|Booster Energy
|-activate|p2a: Sandy Shocks|ability: Protosynthesis|[fromitem]
|-start|p2a: Sandy Shocks|protosynthesisspe
|turn|1
|
|t:|1769353836
|move|p2a: Sandy Shocks|Stealth Rock|p1a: Lokix
|-sidestart|p1: Sienna53|move: Stealth Rock
|move|p1a: Lokix|U-turn|p2a: Sandy Shocks
|-damage|p2a: Sandy Shocks|46/100
|
|t:|1769353841
|switch|p1a: Great Tusk|Great Tusk|100/100|[from] U-turn
|-damage|p1a: Great Tusk|98/100|[from] Stealth Rock
|-enditem|p1a: Great Tusk|Booster Energy
|-activate|p1a: Great Tusk|ability: Protosynthesis|[fromitem]
|-start|p1a: Great Tusk|protosynthesisatk
|
|upkeep
|turn|2
|
|t:|1769353846
|move|p2a: Sandy Shocks|Earth Power|p1a: Great Tusk
|-damage|p1a: Great Tusk|35/100
|move|p1a: Great Tusk|Rapid Spin|p2a: Sandy Shocks
|-damage|p2a: Sandy Shocks|23/100
|-boost|p1a: Great Tusk|spe|1
|-sideend|p1: Sienna53|Stealth Rock|[from] move: Rapid Spin|[of] p1a: Great Tusk
|
|upkeep
|turn|3
|
|t:|1769353856
|move|p2a: Sandy Shocks|Earth Power|p1a: Great Tusk
|-damage|p1a: Great Tusk|0 fnt
|faint|p1a: Great Tusk
|-end|p1a: Great Tusk|Protosynthesis|[silent]
|
|upkeep
|
|t:|1769353859
|switch|p1a: Iron Moth|Iron Moth|100/100
|-enditem|p1a: Iron Moth|Booster Energy
|-activate|p1a: Iron Moth|ability: Quark Drive|[fromitem]
|-start|p1a: Iron Moth|quarkdrivespe
|turn|4
|
|t:|1769353865
|move|p1a: Iron Moth|Fiery Dance|p2a: Sandy Shocks
|-damage|p2a: Sandy Shocks|0 fnt
|faint|p2a: Sandy Shocks
|-end|p2a: Sandy Shocks|Protosynthesis|[silent]
|
|upkeep
|
|t:|1769353869
|switch|p2a: Latios|Latios, M|100/100
|turn|5
|
|t:|1769353875
|-end|p1a: Iron Moth|Quark Drive|[silent]
|switch|p1a: Lokix|Lokix, M|100/100
|move|p2a: Latios|Calm Mind|p2a: Latios
|-boost|p2a: Latios|spa|1
|-boost|p2a: Latios|spd|1
|
|upkeep
|turn|6
|
|t:|1769353884
|-terastallize|p2a: Latios|Fighting
|move|p1a: Lokix|U-turn|p2a: Latios
|-resisted|p2a: Latios
|-damage|p2a: Latios|55/100
|
|t:|1769353890
|switch|p1a: Primarina|Primarina, M|100/100|[from] U-turn
|move|p2a: Latios|Agility|p2a: Latios
|-boost|p2a: Latios|spe|2
|
|upkeep
|turn|7
|
|t:|1769353894
|move|p2a: Latios|Stored Power|p1a: Primarina
|-damage|p1a: Primarina|56/100
|move|p1a: Primarina|Moonblast|p2a: Latios
|-supereffective|p2a: Latios
|-damage|p2a: Latios|0 fnt
|faint|p2a: Latios
|
|upkeep
|
|t:|1769353904
|switch|p2a: Ogerpon|Ogerpon, F|100/100
|turn|8
|
|t:|1769353918
|switch|p1a: Tentacruel|Tentacruel, M, shiny|100/100
|move|p2a: Ogerpon|Ivy Cudgel|p1a: Tentacruel
|-damage|p1a: Tentacruel|20/100
|
|upkeep
|turn|9
|
|t:|1769353925
|move|p1a: Tentacruel|Sludge Wave|p2a: Ogerpon
|-supereffective|p2a: Ogerpon
|-damage|p2a: Ogerpon|8/100
|move|p2a: Ogerpon|Ivy Cudgel|p1a: Tentacruel
|-damage|p1a: Tentacruel|0 fnt
|faint|p1a: Tentacruel
|
|upkeep
|
|t:|1769353934
|switch|p1a: Iron Moth|Iron Moth|100/100
|turn|10
|
|t:|1769353938
|move|p1a: Iron Moth|Fiery Dance|p2a: Ogerpon
|-supereffective|p2a: Ogerpon
|-damage|p2a: Ogerpon|0 fnt
|-boost|p1a: Iron Moth|spa|1
|faint|p2a: Ogerpon
|
|upkeep
|
|t:|1769353946
|switch|p2a: Manaphy|Manaphy|100/100
|turn|11
|
|t:|1769353949
|move|p1a: Iron Moth|Sludge Wave|p2a: Manaphy
|-damage|p2a: Manaphy|27/100
|-enditem|p2a: Manaphy|Sitrus Berry|[eat]
|-heal|p2a: Manaphy|51/100|[from] item: Sitrus Berry
|move|p2a: Manaphy|Tail Glow|p2a: Manaphy
|-boost|p2a: Manaphy|spa|3
|
|upkeep
|turn|12
|
|t:|1769353955
|move|p1a: Iron Moth|Sludge Wave|p2a: Manaphy
|-damage|p2a: Manaphy|0 fnt
|faint|p2a: Manaphy
|
|upkeep
|
|t:|1769353957
|switch|p2a: Iron Jugulis|Iron Jugulis|100/100
|-enditem|p2a: Iron Jugulis|Booster Energy
|-activate|p2a: Iron Jugulis|ability: Quark Drive|[fromitem]
|-start|p2a: Iron Jugulis|quarkdrivespe
|turn|13
|
|t:|1769353973
|-end|p1a: Iron Moth|Quark Drive|[silent]
|switch|p1a: Lokix|Lokix, M|100/100
|move|p2a: Iron Jugulis|Earth Power|p1a: Lokix
|-resisted|p1a: Lokix
|-damage|p1a: Lokix|73/100
|-unboost|p1a: Lokix|spd|1
|
|upkeep
|turn|14
|
|t:|1769353981
|move|p1a: Lokix|First Impression|p2a: Iron Jugulis
|-damage|p2a: Iron Jugulis|20/100
|move|p2a: Iron Jugulis|Hurricane|p1a: Lokix
|-supereffective|p1a: Lokix
|-damage|p1a: Lokix|0 fnt
|faint|p1a: Lokix
|
|upkeep
|
|t:|1769353987
|switch|p1a: Primarina|Primarina, M|56/100
|turn|15
|
|t:|1769353991
|move|p2a: Iron Jugulis|Hurricane|p1a: Primarina
|-damage|p1a: Primarina|24/100
|move|p1a: Primarina|Surf|p2a: Iron Jugulis
|-damage|p2a: Iron Jugulis|0 fnt
|faint|p2a: Iron Jugulis
|-end|p2a: Iron Jugulis|Quark Drive|[silent]
|
|upkeep
|
|t:|1769353994
|switch|p2a: Scizor|Scizor, F|100/100
|turn|16
|
|t:|1769354021
|move|p1a: Primarina|Surf|p2a: Scizor
|-damage|p2a: Scizor|4/100
|-enditem|p2a: Scizor|Sitrus Berry|[eat]
|-heal|p2a: Scizor|29/100|[from] item: Sitrus Berry
|move|p2a: Scizor|Swords Dance|p2a: Scizor
|-boost|p2a: Scizor|atk|2
|
|upkeep
|turn|17
|
|t:|1769354025
|move|p2a: Scizor|Bullet Punch|p1a: Primarina
|-damage|p1a: Primarina|0 fnt
|faint|p1a: Primarina
|
|upkeep
|-message|jsxlllll forfeited.
|
|win|Sienna53
|raw|Sienna53's rating: 1492 &rarr; <strong>1514</strong><br />(+22 for winning)
|raw|jsxlllll's rating: 1534 &rarr; <strong>1512</strong><br />(-22 for losing)
|l|☆jsxlllll
|player|p2|
|l|☆Sienna53
|player|p1|
