|j|☆jsxlllll
|j|☆Luisowbro
|t:|1769442721
|gametype|singles
|player|p1|jsxlllll|cynthia-gen4|1515
|player|p2|Luisowbro|ingo|1540
|gen|9
|tier|[Gen 9] OU
|rated|
|rule|HP Percentage Mod: HP is shown in percentages
|rule|Endless Battle Clause: Forcing endless battles is banned
|rule|Species Clause: Limit one of each Pokémon
|rule|OHKO Clause: OHKO moves are banned
|rule|Evasion Items Clause: Evasion items are banned
|rule|Evasion Moves Clause: Evasion moves are banned
|rule|Evasion Abilities Clause: Evasion abilities are banned
|rule|Sleep Moves Clause: Sleep-inducing moves are banned
|clearpoke
|poke|p1|Sandy Shocks|
|poke|p1|Scizor, M|
|poke|p1|Manaphy|
|poke|p1|Latios, M|
|poke|p1|Ogerpon, F|
|poke|p1|Iron Jugulis|
|poke|p2|Haxorus, M|
|poke|p2|Moltres-Galar|
|poke|p2|Mamoswine, M|
|poke|p2|Scizor, M|
|poke|p2|Volcanion|
|poke|p2|Ninetales-Alola, F|
|teampreview
|
|t:|1769442758
|teamsize|p1|6
|teamsize|p2|6
|start
|switch|p1a: Scizor|Scizor, M|100/100
|switch|p2a: Mamoswine|Mamoswine, M|100/100
|turn|1
|inactive|Battle timer is ON: inactive players will automatically lose when time's up. (requested by Luisowbro)
|
|t:|1769442766
|switch|p2a: Volcanion|Volcanion|100/100
|move|p1a: Scizor|Swords Dance|p1a: Scizor
|-boost|p1a: Scizor|atk|2
|
|upkeep
|turn|2
|
|t:|1769442788
|switch|p1a: Latios|Latios, M|100/100
|move|p2a: Volcanion|Flamethrower|p1a: Latios
|-resisted|p1a: Latios
|-damage|p1a: Latios|77/100
|
|upkeep
|turn|3
|
|t:|1769442798
|switch|p2a: Moltres|Moltres-Galar, shiny|100/100
|move|p1a: Latios|Calm Mind|p1a: Latios
|-boost|p1a: Latios|spa|1
|-boost|p1a: Latios|spd|1
|
|upkeep
|turn|4
|
|t:|1769442804
|move|p1a: Latios|Agility|p1a: Latios
|-boost|p1a: Latios|spe|2
|move|p2a: Moltres|Fiery Wrath|p1a: Latios
|-supereffective|p1a: Latios
|-damage|p1a: Latios|31/100
|-enditem|p1a: Latios|Weakness Policy
|-boost|p1a: Latios|atk|2|[from] item: Weakness Policy
|-boost|p1a: Latios|spa|2|[from] item: Weakness Policy
|
|upkeep
|turn|5
|
|t:|1769442813
|-terastallize|p1a: Latios|Fighting
|move|p1a: Latios|Aura Sphere|p2a: Moltres
|-damage|p2a: Moltres|35/100
|-ability|p2a: Moltres|Berserk|boost
|-boost|p2a: Moltres|spa|1
|-enditem|p2a: Moltres|Sitrus Berry|[eat]
|-heal|p2a: Moltres|60/100|[from] item: Sitrus Berry
|move|p2a: Moltres|Fiery Wrath|p1a: Latios
|-resisted|p1a: Latios
|-damage|p1a: Latios|14/100
|
|upkeep
|turn|6
|
|t:|1769442830
|move|p1a: Latios|Aura Sphere|p2a: Moltres
|-damage|p2a: Moltres|0 fnt
|faint|p2a: Moltres
|
|upkeep
|
|t:|1769442843
|switch|p2a: Scizor|Scizor, M|100/100
|turn|7
|
|t:|1769442855
|move|p2a: Scizor|Bullet Punch|p1a: Latios
|-damage|p1a: Latios|0 fnt
|faint|p1a: Latios
|
|upkeep
|
|t:|1769442858
|switch|p1a: Manaphy|Manaphy|100/100
|turn|8
|
|t:|1769442861
|switch|p2a: Ninetales|Ninetales-Alola, F, shiny|100/100
|-weather|Snowscape|[from] ability: Snow Warning|[of] p2a: Ninetales
|move|p1a: Manaphy|Tail Glow|p1a: Manaphy
|-boost|p1a: Manaphy|spa|3
|
|-weather|Snowscape|[upkeep]
|upkeep
|turn|9
|
|t:|1769442868
|switch|p1a: Sandy Shocks|Sandy Shocks|100/100
|-enditem|p1a: Sandy Shocks|Booster Energy
|-activate|p1a: Sandy Shocks|ability: Protosynthesis|[fromitem]
|-start|p1a: Sandy Shocks|protosynthesisspe
|move|p2a: Ninetales|Aurora Veil|p2a: Ninetales
|-sidestart|p2: Luisowbro|move: Aurora Veil
|
|-weather|Snowscape|[upkeep]
|upkeep
|turn|10
|
|t:|1769442875
|switch|p2a: Mamoswine|Mamoswine, M|100/100
|move|p1a: Sandy Shocks|Stealth Rock|p2a: Mamoswine
|-sidestart|p2: Luisowbro|move: Stealth Rock
|
|-weather|Snowscape|[upkeep]
|upkeep
|turn|11
|
|t:|1769442886
|move|p1a: Sandy Shocks|Spikes|p2a: Mamoswine
|-sidestart|p2: Luisowbro|Spikes
|move|p2a: Mamoswine|Icicle Crash|p1a: Sandy Shocks
|-supereffective|p1a: Sandy Shocks
|-damage|p1a: Sandy Shocks|0 fnt
|faint|p1a: Sandy Shocks
|-end|p1a: Sandy Shocks|Protosynthesis|[silent]
|
|-weather|Snowscape|[upkeep]
|upkeep
|
|t:|1769442903
|switch|p1a: Scizor|Scizor, M|100/100
|turn|12
|
|t:|1769442912
|switch|p2a: Scizor|Scizor, M|100/100
|-damage|p2a: Scizor|88/100|[from] Stealth Rock
|-damage|p2a: Scizor|76/100|[from] Spikes
|move|p1a: Scizor|Knock Off|p2a: Scizor
|-damage|p2a: Scizor|58/100
|-enditem|p2a: Scizor|Choice Band|[from] move: Knock Off|[of] p1a: Scizor
|
|-weather|none
|upkeep
|turn|13
|
|t:|1769442921
|move|p1a: Scizor|Swords Dance|p1a: Scizor
|-boost|p1a: Scizor|atk|2
|move|p2a: Scizor|Defog|p1a: Scizor
|-unboost|p1a: Scizor|evasion|1
|-sideend|p2: Luisowbro|Spikes|[from] move: Defog|[of] p2a: Scizor
|-sideend|p2: Luisowbro|Stealth Rock|[from] move: Defog|[of] p2a: Scizor
|
|upkeep
|turn|14
|
|t:|1769442933
|move|p1a: Scizor|Swords Dance|p1a: Scizor
|-boost|p1a: Scizor|atk|2
|move|p2a: Scizor|U-turn|p1a: Scizor
|-resisted|p1a: Scizor
|-damage|p1a: Scizor|80/100
|
|t:|1769442939
|switch|p2a: Volcanion|Volcanion|100/100|[from] U-turn
|
|upkeep
|turn|15
|
|t:|1769442951
|switch|p1a: Iron Jugulis|Iron Jugulis|100/100
|-enditem|p1a: Iron Jugulis|Booster Energy
|-activate|p1a: Iron Jugulis|ability: Quark Drive|[fromitem]
|-start|p1a: Iron Jugulis|quarkdrivespe
|move|p2a: Volcanion|Flamethrower|p1a: Iron Jugulis
|-damage|p1a: Iron Jugulis|38/100
|
|upkeep
|turn|16
|
|t:|1769442963
|switch|p2a: Ninetales|Ninetales-Alola, F, shiny|100/100
|-weather|Snowscape|[from] ability: Snow Warning|[of] p2a: Ninetales
|move|p1a: Iron Jugulis|Earth Power|p2a: Ninetales
|-damage|p2a: Ninetales|85/100
|
|-weather|Snowscape|[upkeep]
|-sideend|p2: Luisowbro|move: Aurora Veil
|upkeep
|turn|17
|
|t:|1769442972
|move|p1a: Iron Jugulis|Taunt|p2a: Ninetales
|-start|p2a: Ninetales|move: Taunt
|cant|p2a: Ninetales|move: Taunt|Aurora Veil
|
|-weather|Snowscape|[upkeep]
|upkeep
|turn|18
|
|t:|1769442980
|-end|p1a: Iron Jugulis|Quark Drive|[silent]
|switch|p1a: Scizor|Scizor, M|80/100
|move|p2a: Ninetales|Freeze-Dry|p1a: Scizor
|-resisted|p1a: Scizor
|-damage|p1a: Scizor|68/100
|
|-weather|Snowscape|[upkeep]
|upkeep
|turn|19
|
|t:|1769442987
|switch|p2a: Volcanion|Volcanion|100/100
|move|p1a: Scizor|Knock Off|p2a: Volcanion
|-damage|p2a: Volcanion|72/100
|-enditem|p2a: Volcanion|Assault Vest|[from] move: Knock Off|[of] p1a: Scizor
|
|-weather|Snowscape|[upkeep]
|upkeep
|turn|20
|
|t:|1769442996
|switch|p1a: Manaphy|Manaphy|100/100
|move|p2a: Volcanion|Flamethrower|p1a: Manaphy
|-resisted|p1a: Manaphy
|-damage|p1a: Manaphy|75/100
|
|-weather|none
|upkeep
|turn|21
|
|t:|1769443004
|switch|p2a: Ninetales|Ninetales-Alola, F, shiny|85/100
|-weather|Snowscape|[from] ability: Snow Warning|[of] p2a: Ninetales
|move|p1a: Manaphy|Surf|p2a: Ninetales
|-damage|p2a: Ninetales|43/100
|
|-weather|Snowscape|[upkeep]
|upkeep
|turn|22
|
|t:|1769443011
|switch|p1a: Scizor|Scizor, M|68/100
|move|p2a: Ninetales|Aurora Veil|p2a: Ninetales
|-sidestart|p2: Luisowbro|move: Aurora Veil
|
|-weather|Snowscape|[upkeep]
|upkeep
|turn|23
|
|t:|1769443016
|switch|p2a: Volcanion|Volcanion|72/100
|move|p1a: Scizor|Close Combat|p2a: Volcanion
|-damage|p2a: Volcanion|55/100
|-unboost|p1a: Scizor|def|1
|-unboost|p1a: Scizor|spd|1
|
|-weather|Snowscape|[upkeep]
|upkeep
|turn|24
|
|t:|1769443028
|switch|p1a: Manaphy|Manaphy|75/100
|move|p2a: Volcanion|Sludge Bomb|p1a: Manaphy
|-damage|p1a: Manaphy|43/100
|-enditem|p1a: Manaphy|Sitrus Berry|[eat]
|-heal|p1a: Manaphy|68/100|[from] item: Sitrus Berry
|
|-weather|Snowscape|[upkeep]
|upkeep
|turn|25
|
|t:|1769443037
|move|p1a: Manaphy|Tail Glow|p1a: Manaphy
|-boost|p1a: Manaphy|spa|3
|move|p2a: Volcanion|Sludge Bomb|p1a: Manaphy
|-damage|p1a: Manaphy|36/100
|-status|p1a: Manaphy|psn
|
|-weather|none
|-damage|p1a: Manaphy|24/100 psn|[from] psn
|upkeep
|turn|26
|
|t:|1769443050
|switch|p2a: Ninetales|Ninetales-Alola, F, shiny|43/100
|-weather|Snowscape|[from] ability: Snow Warning|[of] p2a: Ninetales
|move|p1a: Manaphy|Energy Ball|p2a: Ninetales
|-damage|p2a: Ninetales|13/100
|
|-weather|Snowscape|[upkeep]
|-damage|p1a: Manaphy|11/100 psn|[from] psn
|upkeep
|turn|27
|
|t:|1769443058
|move|p2a: Ninetales|Freeze-Dry|p1a: Manaphy
|-supereffective|p1a: Manaphy
|-damage|p1a: Manaphy|0 fnt
|faint|p1a: Manaphy
|
|-weather|Snowscape|[upkeep]
|upkeep
|
|t:|1769443062
|switch|p1a: Ogerpon|Ogerpon, F|100/100
|turn|28
|
|t:|1769443067
|move|p1a: Ogerpon|Ivy Cudgel|p2a: Ninetales
|-damage|p2a: Ninetales|0 fnt
|faint|p2a: Ninetales
|
|-weather|Snowscape|[upkeep]
|upkeep
|
|t:|1769443077
|switch|p2a: Mamoswine|Mamoswine, M|100/100
|turn|29
|
|t:|1769443088
|switch|p1a: Scizor|Scizor, M|68/100
|-terastallize|p2a: Mamoswine|Ice
|move|p2a: Mamoswine|Icicle Crash|p1a: Scizor
|-resisted|p1a: Scizor
|-damage|p1a: Scizor|38/100
|-enditem|p1a: Scizor|Sitrus Berry|[eat]
|-heal|p1a: Scizor|62/100|[from] item: Sitrus Berry
|
|-weather|Snowscape|[upkeep]
|-sideend|p2: Luisowbro|move: Aurora Veil
|upkeep
|turn|30
|
|t:|1769443112
|switch|p2a: Volcanion|Volcanion|55/100
|move|p1a: Scizor|Close Combat|p2a: Volcanion
|-damage|p2a: Volcanion|15/100
|-unboost|p1a: Scizor|def|1
|-unboost|p1a: Scizor|spd|1
|
|-weather|none
|upkeep
|turn|31
|
|t:|1769443123
|move|p1a: Scizor|Bullet Punch|p2a: Volcanion
|-resisted|p2a: Volcanion
|-crit|p2a: Volcanion
|-damage|p2a: Volcanion|5/100
|move|p2a: Volcanion|Flamethrower|p1a: Scizor
|-supereffective|p1a: Scizor
|-damage|p1a: Scizor|0 fnt
|faint|p1a: Scizor
|
|upkeep
|
|t:|1769443141
|switch|p1a: Iron Jugulis|Iron Jugulis|38/100
|turn|32
|
|t:|1769443145
|move|p1a: Iron Jugulis|Dark Pulse|p2a: Volcanion
|-damage|p2a: Volcanion|0 fnt
|faint|p2a: Volcanion
|
|upkeep
|
|t:|1769443152
|switch|p2a: Mamoswine|Mamoswine, M, tera:Ice|100/100
|turn|33
|
|t:|1769443158
|move|p2a: Mamoswine|Icicle Crash|p1a: Iron Jugulis
|-supereffective|p1a: Iron Jugulis
|-damage|p1a: Iron Jugulis|0 fnt
|faint|p1a: Iron Jugulis
|-end|p1a: Iron Jugulis|Quark Drive|[silent]
|
|upkeep
|
|t:|1769443161
|switch|p1a: Ogerpon|Ogerpon, F|100/100
|turn|34
|
|t:|1769443166
|move|p2a: Mamoswine|Icicle Crash|p1a: Ogerpon
|-supereffective|p1a: Ogerpon
|-damage|p1a: Ogerpon|0 fnt
|faint|p1a: Ogerpon
|
|win|Luisowbro
|raw|jsxlllll's rating: 1515 &rarr; <strong>1496</strong><br />(-19 for losing)
|raw|Luisowbro's rating: 1540 &rarr; <strong>1559</strong><br />(+19 for winning)
|c|☆Luisowbro|gg
|l|☆jsxlllll
|player|p1|
|c|☆Luisowbro|nice team
|l|☆Luisowbro
|player|p2|
