|j|☆healorant
|j|☆Trainer #39
|t:|1769293914
|gametype|singles
|player|p1|healorant|alder|1792
|player|p2|Trainer #39|bugsy|1763
|gen|9
|tier|[Gen 9] OU
|rated|
|rule|HP Percentage Mod: HP is shown in percentages
|rule|Endless Battle Clause: Forcing endless battles is banned
|rule|Species Clause: Limit one of each Pokémon
|rule|OHKO Clause: OHKO moves are banned
|rule|Evasion Items Clause: Evasion items are banned
|rule|Evasion Moves Clause: Evasion moves are banned
|rule|Evasion Abilities Clause: Evasion abilities are banned
|rule|Sleep Moves Clause: Sleep-inducing moves are banned
|clearpoke
|poke|p1|Darkrai|
|poke|p1|Pecharunt|
|poke|p1|Zamazenta-*|
|poke|p1|Ogerpon-Wellspring, F|
|poke|p1|Iron Treads|
|poke|p1|Latios, M|
|poke|p2|Blissey, F|
|poke|p2|Corviknight, M|
|poke|p2|Dondozo, M|
|poke|p2|Gliscor, M|
|poke|p2|Clefable, M|
|poke|p2|Slowking-Galar, M|
|teampreview
|inactive|Battle timer is ON: inactive players will automatically lose when time's up. (requested by healorant)
|j| FaronAan
|inactive|Trainer #39 has 120 seconds left.
|l| FaronAan
|
|t:|1769293981
|teamsize|p1|6
|teamsize|p2|6
|start
|switch|p1a: Latios|Latios, M|100/100
|switch|p2a: Free Palestine|Gliscor, M|100/100
|turn|1
|
|t:|1769293987
|-terastallize|p1a: Latios|Steel
|move|p2a: Free Palestine|Protect|p2a: Free Palestine
|-singleturn|p2a: Free Palestine|Protect
|move|p1a: Latios|Calm Mind|p1a: Latios
|-boost|p1a: Latios|spa|1
|-boost|p1a: Latios|spd|1
|
|-status|p2a: Free Palestine|tox|[from] item: Toxic Orb
|upkeep
|turn|2
|
|t:|1769293997
|switch|p2a: Save Sudan|Slowking-Galar, M|100/100
|move|p1a: Latios|Calm Mind|p1a: Latios
|-boost|p1a: Latios|spa|1
|-boost|p1a: Latios|spd|1
|
|upkeep
|turn|3
|
|t:|1769294010
|switch|p1a: Iron Treads|Iron Treads|100/100
|move|p2a: Save Sudan|Trick|p1a: Iron Treads
|-activate|p2a: Save Sudan|move: Trick|[of] p1a: Iron Treads
|-item|p1a: Iron Treads|Choice Scarf|[from] move: Trick
|-item|p2a: Save Sudan|Leftovers|[from] move: Trick
|
|upkeep
|turn|4
|inactive|Trainer #39 has 120 seconds left.
|
|t:|1769294048
|switch|p2a: Trump is low IQ|Corviknight, M|100/100
|-ability|p2a: Trump is low IQ|Pressure
|move|p1a: Iron Treads|Stealth Rock|p2a: Trump is low IQ
|-sidestart|p2: Trainer #39|move: Stealth Rock
|
|upkeep
|turn|5
|
|t:|1769294055
|-end|p1a: Iron Treads|Quark Drive|[silent]
|switch|p1a: Pecharunt|Pecharunt|100/100
|move|p2a: Trump is low IQ|Defog|p1a: Pecharunt
|-unboost|p1a: Pecharunt|evasion|1
|-sideend|p2: Trainer #39|Stealth Rock|[from] move: Defog|[of] p2a: Trump is low IQ
|
|upkeep
|turn|6
|
|t:|1769294060
|switch|p2a: Save Sudan|Slowking-Galar, M|100/100
|move|p1a: Pecharunt|Parting Shot|p2a: Save Sudan
|-unboost|p2a: Save Sudan|atk|1
|-unboost|p2a: Save Sudan|spa|1
|
|t:|1769294067
|switch|p1a: Iron Treads|Iron Treads|100/100|[from] Parting Shot
|
|upkeep
|turn|7
|inactive|Trainer #39 has 120 seconds left.
|
|t:|1769294101
|switch|p2a: Trump is low IQ|Corviknight, M|100/100
|-ability|p2a: Trump is low IQ|Pressure
|move|p1a: Iron Treads|Stealth Rock|p2a: Trump is low IQ
|-sidestart|p2: Trainer #39|move: Stealth Rock
|
|upkeep
|turn|8
|
|t:|1769294106
|-end|p1a: Iron Treads|Quark Drive|[silent]
|switch|p1a: Darkrai|Darkrai|100/100
|move|p2a: Trump is low IQ|Defog|p1a: Darkrai
|-unboost|p1a: Darkrai|evasion|1
|-sideend|p2: Trainer #39|Stealth Rock|[from] move: Defog|[of] p2a: Trump is low IQ
|
|upkeep
|turn|9
|
|t:|1769294121
|switch|p2a: Save Sudan|Slowking-Galar, M|100/100
|move|p1a: Darkrai|Will-O-Wisp|p2a: Save Sudan|[miss]
|-miss|p1a: Darkrai|p2a: Save Sudan
|
|upkeep
|turn|10
|
|t:|1769294126
|move|p1a: Darkrai|Will-O-Wisp|p2a: Save Sudan
|-status|p2a: Save Sudan|brn
|move|p2a: Save Sudan|Sludge Bomb|p1a: Darkrai
|-damage|p1a: Darkrai|62/100
|
|-heal|p1a: Darkrai|68/100|[from] item: Leftovers
|-damage|p2a: Save Sudan|94/100 brn|[from] brn
|upkeep
|turn|11
|
|t:|1769294132
|switch|p1a: Iron Treads|Iron Treads|100/100
|move|p2a: Save Sudan|Sludge Bomb|p1a: Iron Treads
|-immune|p1a: Iron Treads
|
|-heal|p2a: Save Sudan|100/100 brn|[from] item: Leftovers
|-damage|p2a: Save Sudan|94/100 brn|[from] brn
|upkeep
|turn|12
|
|t:|1769294134
|switch|p2a: Trump is low IQ|Corviknight, M|100/100
|-ability|p2a: Trump is low IQ|Pressure
|move|p1a: Iron Treads|Knock Off|p2a: Trump is low IQ
|-damage|p2a: Trump is low IQ|85/100
|-damage|p1a: Iron Treads|84/100|[from] item: Rocky Helmet|[of] p2a: Trump is low IQ
|-enditem|p2a: Trump is low IQ|Rocky Helmet|[from] move: Knock Off|[of] p1a: Iron Treads
|
|upkeep
|turn|13
|
|t:|1769294139
|-end|p1a: Iron Treads|Quark Drive|[silent]
|switch|p1a: Pecharunt|Pecharunt|100/100
|move|p2a: Trump is low IQ|U-turn|p1a: Pecharunt
|-resisted|p1a: Pecharunt
|-damage|p1a: Pecharunt|99/100
|
|t:|1769294144
|switch|p2a: brat|Blissey, F|100/100|[from] U-turn
|
|upkeep
|turn|14
|
|t:|1769294147
|move|p1a: Pecharunt|Parting Shot|p2a: brat
|-unboost|p2a: brat|atk|1
|-unboost|p2a: brat|spa|1
|
|t:|1769294149
|switch|p1a: Iron Treads|Iron Treads|84/100|[from] Parting Shot
|move|p2a: brat|Stealth Rock|p1a: Iron Treads
|-sidestart|p1: healorant|move: Stealth Rock
|
|upkeep
|turn|15
|
|t:|1769294155
|switch|p2a: Trump is low IQ|Corviknight, M|85/100
|-ability|p2a: Trump is low IQ|Pressure
|move|p1a: Iron Treads|Stealth Rock|p2a: Trump is low IQ
|-sidestart|p2: Trainer #39|move: Stealth Rock
|
|upkeep
|turn|16
|
|t:|1769294159
|-end|p1a: Iron Treads|Quark Drive|[silent]
|switch|p1a: Pecharunt|Pecharunt|99/100
|move|p2a: Trump is low IQ|Brave Bird|p1a: Pecharunt
|-damage|p1a: Pecharunt|80/100
|-damage|p2a: Trump is low IQ|79/100|[from] Recoil
|
|upkeep
|turn|17
|
|t:|1769294163
|switch|p2a: Free Palestine|Gliscor, M|100/100 tox
|-damage|p2a: Free Palestine|88/100 tox|[from] Stealth Rock
|move|p1a: Pecharunt|Parting Shot|p2a: Free Palestine
|-unboost|p2a: Free Palestine|atk|1
|-unboost|p2a: Free Palestine|spa|1
|
|t:|1769294166
|switch|p1a: Latios|Latios, M, tera:Steel|100/100|[from] Parting Shot
|-damage|p1a: Latios|95/100|[from] Stealth Rock
|
|-heal|p2a: Free Palestine|100/100 tox|[from] ability: Poison Heal
|upkeep
|turn|18
|
|t:|1769294170
|switch|p2a: Save Sudan|Slowking-Galar, M|100/100 brn
|-damage|p2a: Save Sudan|88/100 brn|[from] Stealth Rock
|move|p1a: Latios|Calm Mind|p1a: Latios
|-boost|p1a: Latios|spa|1
|-boost|p1a: Latios|spd|1
|
|-heal|p2a: Save Sudan|94/100 brn|[from] item: Leftovers
|-damage|p2a: Save Sudan|88/100 brn|[from] brn
|upkeep
|turn|19
|
|t:|1769294175
|move|p1a: Latios|Calm Mind|p1a: Latios
|-boost|p1a: Latios|spa|1
|-boost|p1a: Latios|spd|1
|move|p2a: Save Sudan|Thunder Wave|p1a: Latios
|-status|p1a: Latios|par
|
|-heal|p2a: Save Sudan|94/100 brn|[from] item: Leftovers
|-damage|p2a: Save Sudan|88/100 brn|[from] brn
|upkeep
|turn|20
|
|t:|1769294179
|switch|p2a: Charli xcx|Clefable, M|100/100
|move|p1a: Latios|Draco Meteor|p2a: Charli xcx
|-immune|p2a: Charli xcx
|
|upkeep
|turn|21
|
|t:|1769294183
|move|p1a: Latios|Psychic Noise|p2a: Charli xcx
|-damage|p2a: Charli xcx|67/100
|-start|p2a: Charli xcx|move: Heal Block
|move|p2a: Charli xcx|Moonblast|p1a: Latios
|-resisted|p1a: Latios
|-damage|p1a: Latios|77/100 par
|
|upkeep
|turn|22
|
|t:|1769294187
|cant|p1a: Latios|par
|move|p2a: Charli xcx|Knock Off|p1a: Latios
|-damage|p1a: Latios|55/100 par
|-enditem|p1a: Latios|Soul Dew|[from] move: Knock Off|[of] p2a: Charli xcx
|
|-end|p2a: Charli xcx|move: Heal Block
|upkeep
|turn|23
|
|t:|1769294191
|move|p1a: Latios|Psychic Noise|p2a: Charli xcx
|-damage|p2a: Charli xcx|38/100
|-start|p2a: Charli xcx|move: Heal Block
|move|p2a: Charli xcx|Moonblast|p1a: Latios
|-resisted|p1a: Latios
|-damage|p1a: Latios|39/100 par
|-unboost|p1a: Latios|spa|1
|
|upkeep
|turn|24
|
|t:|1769294195
|move|p1a: Latios|Recover|p1a: Latios
|-heal|p1a: Latios|89/100 par
|move|p2a: Charli xcx|Moonblast|p1a: Latios
|-resisted|p1a: Latios
|-damage|p1a: Latios|74/100 par
|-unboost|p1a: Latios|spa|1
|
|-end|p2a: Charli xcx|move: Heal Block
|upkeep
|turn|25
|
|t:|1769294197
|move|p1a: Latios|Psychic Noise|p2a: Charli xcx
|-damage|p2a: Charli xcx|13/100
|-start|p2a: Charli xcx|move: Heal Block
|move|p2a: Charli xcx|Moonblast|p1a: Latios
|-resisted|p1a: Latios
|-damage|p1a: Latios|59/100 par
|
|upkeep
|turn|26
|
|t:|1769294202
|move|p2a: Charli xcx|Protect|p2a: Charli xcx
|-singleturn|p2a: Charli xcx|Protect
|move|p1a: Latios|Psychic Noise|p2a: Charli xcx
|-activate|p2a: Charli xcx|move: Protect
|
|-end|p2a: Charli xcx|move: Heal Block
|upkeep
|turn|27
|
|t:|1769294205
|move|p1a: Latios|Psychic Noise|p2a: Charli xcx
|-damage|p2a: Charli xcx|0 fnt
|faint|p2a: Charli xcx
|
|upkeep
|
|t:|1769294210
|switch|p2a: 808 and curses|Dondozo, M|100/100
|-damage|p2a: 808 and curses|88/100|[from] Stealth Rock
|turn|28
|
|t:|1769294215
|switch|p1a: Pecharunt|Pecharunt|80/100
|move|p2a: 808 and curses|Waterfall|p1a: Pecharunt
|-damage|p1a: Pecharunt|67/100
|
|-heal|p2a: 808 and curses|94/100|[from] item: Leftovers
|upkeep
|turn|29
|
|t:|1769294219
|switch|p2a: Free Palestine|Gliscor, M|100/100 tox
|-damage|p2a: Free Palestine|88/100 tox|[from] Stealth Rock
|move|p1a: Pecharunt|Parting Shot|p2a: Free Palestine
|-unboost|p2a: Free Palestine|atk|1
|-unboost|p2a: Free Palestine|spa|1
|
|t:|1769294222
|switch|p1a: Latios|Latios, M, tera:Steel|59/100 par|[from] Parting Shot
|-damage|p1a: Latios|53/100 par|[from] Stealth Rock
|
|-heal|p2a: Free Palestine|100/100 tox|[from] ability: Poison Heal
|upkeep
|turn|30
|
|t:|1769294224
|switch|p2a: brat|Blissey, F|100/100
|move|p1a: Latios|Recover|p1a: Latios
|-heal|p1a: Latios|100/100 par
|
|upkeep
|turn|31
|j| KappaHalo
|
|t:|1769294233
|switch|p1a: Pecharunt|Pecharunt|67/100
|move|p2a: brat|Calm Mind|p2a: brat
|-boost|p2a: brat|spa|1
|-boost|p2a: brat|spd|1
|
|upkeep
|turn|32
|
|t:|1769294235
|move|p1a: Pecharunt|Recover|p1a: Pecharunt
|-heal|p1a: Pecharunt|100/100
|move|p2a: brat|Shadow Ball|p1a: Pecharunt
|-supereffective|p1a: Pecharunt
|-damage|p1a: Pecharunt|55/100
|
|upkeep
|turn|33
|
|t:|1769294238
|move|p1a: Pecharunt|Parting Shot|p2a: brat
|-unboost|p2a: brat|atk|1
|-unboost|p2a: brat|spa|1
|
|t:|1769294239
|switch|p1a: Iron Treads|Iron Treads|84/100|[from] Parting Shot
|-damage|p1a: Iron Treads|81/100|[from] Stealth Rock
|move|p2a: brat|Shadow Ball|p1a: Iron Treads
|-damage|p1a: Iron Treads|69/100
|
|upkeep
|turn|34
|
|t:|1769294242
|switch|p2a: Trump is low IQ|Corviknight, M|79/100
|-damage|p2a: Trump is low IQ|67/100|[from] Stealth Rock
|-ability|p2a: Trump is low IQ|Pressure
|move|p1a: Iron Treads|Rapid Spin|p2a: Trump is low IQ
|-resisted|p2a: Trump is low IQ
|-damage|p2a: Trump is low IQ|63/100
|-boost|p1a: Iron Treads|spe|1
|-sideend|p1: healorant|Stealth Rock|[from] move: Rapid Spin|[of] p1a: Iron Treads
|
|upkeep
|turn|35
|
|t:|1769294247
|-end|p1a: Iron Treads|Quark Drive|[silent]
|switch|p1a: Darkrai|Darkrai|68/100
|move|p2a: Trump is low IQ|Defog|p1a: Darkrai
|-unboost|p1a: Darkrai|evasion|1
|-sideend|p2: Trainer #39|Stealth Rock|[from] move: Defog|[of] p2a: Trump is low IQ
|
|-heal|p1a: Darkrai|74/100|[from] item: Leftovers
|upkeep
|turn|36
|
|t:|1769294249
|switch|p2a: Save Sudan|Slowking-Galar, M|100/100 brn
|move|p1a: Darkrai|Dark Pulse|p2a: Save Sudan
|-supereffective|p2a: Save Sudan
|-damage|p2a: Save Sudan|45/100 brn
|
|-heal|p1a: Darkrai|80/100|[from] item: Leftovers
|-heal|p2a: Save Sudan|51/100 brn|[from] item: Leftovers
|-damage|p2a: Save Sudan|45/100 brn|[from] brn
|upkeep
|turn|37
|
|t:|1769294252
|switch|p2a: brat|Blissey, F|100/100
|move|p1a: Darkrai|Dark Pulse|p2a: brat
|-damage|p2a: brat|88/100
|
|-heal|p1a: Darkrai|87/100|[from] item: Leftovers
|upkeep
|turn|38
|
|t:|1769294257
|switch|p1a: Ogerpon|Ogerpon-Wellspring, F|100/100
|move|p2a: brat|Stealth Rock|p1a: Ogerpon
|-sidestart|p1: healorant|move: Stealth Rock
|
|upkeep
|turn|39
|
|t:|1769294261
|switch|p2a: 808 and curses|Dondozo, M|94/100
|move|p1a: Ogerpon|Horn Leech|p2a: 808 and curses
|-supereffective|p2a: 808 and curses
|-damage|p2a: 808 and curses|57/100
|
|-heal|p2a: 808 and curses|63/100|[from] item: Leftovers
|upkeep
|turn|40
|
|t:|1769294264
|move|p1a: Ogerpon|Taunt|p2a: 808 and curses
|-start|p2a: 808 and curses|move: Taunt
|cant|p2a: 808 and curses|move: Taunt|Curse
|
|-heal|p2a: 808 and curses|70/100|[from] item: Leftovers
|upkeep
|turn|41
|
|t:|1769294268
|switch|p2a: Trump is low IQ|Corviknight, M|63/100
|-ability|p2a: Trump is low IQ|Pressure
|move|p1a: Ogerpon|Horn Leech|p2a: Trump is low IQ
|-resisted|p2a: Trump is low IQ
|-damage|p2a: Trump is low IQ|56/100
|
|upkeep
|turn|42
|
|t:|1769294271
|switch|p1a: Pecharunt|Pecharunt|55/100
|move|p2a: Trump is low IQ|Brave Bird|p1a: Pecharunt
|-damage|p1a: Pecharunt|38/100
|-damage|p2a: Trump is low IQ|50/100|[from] Recoil
|
|upkeep
|turn|43
|
|t:|1769294273
|move|p1a: Pecharunt|Recover|p1a: Pecharunt
|-heal|p1a: Pecharunt|88/100
|move|p2a: Trump is low IQ|Roost|p2a: Trump is low IQ
|-heal|p2a: Trump is low IQ|99/100
|-singleturn|p2a: Trump is low IQ|move: Roost
|
|upkeep
|turn|44
|
|t:|1769294278
|move|p1a: Pecharunt|Foul Play|p2a: Trump is low IQ
|-damage|p2a: Trump is low IQ|88/100
|move|p2a: Trump is low IQ|U-turn|p1a: Pecharunt
|-resisted|p1a: Pecharunt
|-damage|p1a: Pecharunt|86/100
|
|t:|1769294282
|switch|p2a: Save Sudan|Slowking-Galar, M|78/100 brn|[from] U-turn
|
|-heal|p2a: Save Sudan|84/100 brn|[from] item: Leftovers
|-damage|p2a: Save Sudan|78/100 brn|[from] brn
|upkeep
|turn|45
|
|t:|1769294283
|move|p1a: Pecharunt|Parting Shot|p2a: Save Sudan
|-unboost|p2a: Save Sudan|atk|1
|-unboost|p2a: Save Sudan|spa|1
|
|t:|1769294285
|switch|p1a: Iron Treads|Iron Treads|69/100|[from] Parting Shot
|-damage|p1a: Iron Treads|66/100|[from] Stealth Rock
|move|p2a: Save Sudan|Future Sight|p1a: Iron Treads
|-start|p2a: Save Sudan|move: Future Sight
|
|-heal|p2a: Save Sudan|84/100 brn|[from] item: Leftovers
|-damage|p2a: Save Sudan|78/100 brn|[from] brn
|upkeep
|turn|46
|
|t:|1769294289
|switch|p2a: Trump is low IQ|Corviknight, M|88/100
|-ability|p2a: Trump is low IQ|Pressure
|move|p1a: Iron Treads|Rapid Spin|p2a: Trump is low IQ
|-resisted|p2a: Trump is low IQ
|-damage|p2a: Trump is low IQ|85/100
|-boost|p1a: Iron Treads|spe|1
|-sideend|p1: healorant|Stealth Rock|[from] move: Rapid Spin|[of] p1a: Iron Treads
|
|upkeep
|turn|47
|
|t:|1769294294
|-end|p1a: Iron Treads|Quark Drive|[silent]
|switch|p1a: Darkrai|Darkrai|87/100
|move|p2a: Trump is low IQ|U-turn|p1a: Darkrai
|-supereffective|p1a: Darkrai
|-damage|p1a: Darkrai|55/100
|
|t:|1769294296
|switch|p2a: Save Sudan|Slowking-Galar, M|100/100 brn|[from] U-turn
|
|-end|p1a: Darkrai|move: Future Sight
|-immune|p1a: Darkrai
|-heal|p1a: Darkrai|61/100|[from] item: Leftovers
|-damage|p2a: Save Sudan|94/100 brn|[from] brn
|upkeep
|turn|48
|
|t:|1769294300
|move|p1a: Darkrai|Dark Pulse|p2a: Save Sudan
|-supereffective|p2a: Save Sudan
|-damage|p2a: Save Sudan|42/100 brn
|cant|p2a: Save Sudan|flinch
|
|-heal|p1a: Darkrai|67/100|[from] item: Leftovers
|-heal|p2a: Save Sudan|48/100 brn|[from] item: Leftovers
|-damage|p2a: Save Sudan|42/100 brn|[from] brn
|upkeep
|turn|49
|
|t:|1769294306
|switch|p1a: Ogerpon|Ogerpon-Wellspring, F|100/100
|switch|p2a: brat|Blissey, F|88/100
|
|upkeep
|turn|50
|
|t:|1769294310
|switch|p2a: Trump is low IQ|Corviknight, M|85/100
|-ability|p2a: Trump is low IQ|Pressure
|move|p1a: Ogerpon|Swords Dance|p1a: Ogerpon
|-boost|p1a: Ogerpon|atk|2
|
|upkeep
|turn|51
|
|t:|1769294314
|switch|p2a: 808 and curses|Dondozo, M|70/100
|move|p1a: Ogerpon|Ivy Cudgel|p2a: 808 and curses|[anim] Ivy Cudgel Water
|-resisted|p2a: 808 and curses
|-damage|p2a: 808 and curses|57/100
|
|-heal|p2a: 808 and curses|63/100|[from] item: Leftovers
|upkeep
|turn|52
|j| Latomate6430
|
|t:|1769294318
|move|p1a: Ogerpon|Taunt|p2a: 808 and curses
|-start|p2a: 808 and curses|move: Taunt
|cant|p2a: 808 and curses|move: Taunt|Curse
|
|-heal|p2a: 808 and curses|69/100|[from] item: Leftovers
|upkeep
|turn|53
|
|t:|1769294323
|-terastallize|p2a: 808 and curses|Dragon
|move|p1a: Ogerpon|Horn Leech|p2a: 808 and curses
|-resisted|p2a: 808 and curses
|-damage|p2a: 808 and curses|59/100
|move|p2a: 808 and curses|Waterfall|p1a: Ogerpon
|-immune|p1a: Ogerpon|[from] ability: Water Absorb
|
|-heal|p2a: 808 and curses|65/100|[from] item: Leftovers
|upkeep
|turn|54
|
|t:|1769294327
|move|p1a: Ogerpon|Ivy Cudgel|p2a: 808 and curses|[anim] Ivy Cudgel Water
|-resisted|p2a: 808 and curses
|-damage|p2a: 808 and curses|53/100
|move|p2a: 808 and curses|Waterfall|p1a: Ogerpon
|-immune|p1a: Ogerpon|[from] ability: Water Absorb
|
|-heal|p2a: 808 and curses|59/100|[from] item: Leftovers
|-end|p2a: 808 and curses|move: Taunt
|upkeep
|turn|55
|
|t:|1769294330
|switch|p2a: Trump is low IQ|Corviknight, M|85/100
|-ability|p2a: Trump is low IQ|Pressure
|move|p1a: Ogerpon|Taunt|p2a: Trump is low IQ
|-start|p2a: Trump is low IQ|move: Taunt
|
|upkeep
|turn|56
|
|t:|1769294332
|switch|p2a: 808 and curses|Dondozo, M, tera:Dragon|59/100
|move|p1a: Ogerpon|Ivy Cudgel|p2a: 808 and curses|[anim] Ivy Cudgel Water
|-resisted|p2a: 808 and curses
|-damage|p2a: 808 and curses|46/100
|
|-heal|p2a: 808 and curses|52/100|[from] item: Leftovers
|upkeep
|turn|57
|
|t:|1769294334
|move|p1a: Ogerpon|Ivy Cudgel|p2a: 808 and curses|[anim] Ivy Cudgel Water
|-resisted|p2a: 808 and curses
|-damage|p2a: 808 and curses|38/100
|move|p2a: 808 and curses|Rest|p2a: 808 and curses
|-status|p2a: 808 and curses|slp|[from] move: Rest
|-heal|p2a: 808 and curses|100/100 slp|[silent]
|
|upkeep
|turn|58
|
|t:|1769294339
|switch|p1a: Darkrai|Darkrai|67/100
|cant|p2a: 808 and curses|slp
|move|p2a: 808 and curses|Sleep Talk|p2a: 808 and curses
|move|p2a: 808 and curses|Curse|p2a: 808 and curses|[from] move: Sleep Talk
|-unboost|p2a: 808 and curses|spe|1
|-boost|p2a: 808 and curses|atk|1
|-boost|p2a: 808 and curses|def|1
|
|-heal|p1a: Darkrai|73/100|[from] item: Leftovers
|-damage|p2a: 808 and curses|88/100 slp|[from] ability: Bad Dreams|[of] p1a: Darkrai
|upkeep
|turn|59
|
|t:|1769294345
|switch|p2a: brat|Blissey, F|88/100
|move|p1a: Darkrai|Dark Pulse|p2a: brat
|-damage|p2a: brat|76/100
|
|-heal|p1a: Darkrai|80/100|[from] item: Leftovers
|upkeep
|turn|60
|
|t:|1769294358
|move|p1a: Darkrai|Will-O-Wisp|p2a: brat
|-status|p2a: brat|brn
|move|p2a: brat|Stealth Rock|p1a: Darkrai
|-sidestart|p1: healorant|move: Stealth Rock
|
|-heal|p1a: Darkrai|86/100|[from] item: Leftovers
|-damage|p2a: brat|70/100 brn|[from] brn
|upkeep
|turn|61
|inactive|Trainer #39 has 120 seconds left.
|
|t:|1769294391
|move|p1a: Darkrai|Dark Pulse|p2a: brat
|-damage|p2a: brat|57/100 brn
|move|p2a: brat|Calm Mind|p2a: brat
|-boost|p2a: brat|spa|1
|-boost|p2a: brat|spd|1
|
|-heal|p1a: Darkrai|92/100|[from] item: Leftovers
|-damage|p2a: brat|51/100 brn|[from] brn
|upkeep
|turn|62
|
|t:|1769294395
|move|p1a: Darkrai|Dark Pulse|p2a: brat
|-damage|p2a: brat|43/100 brn
|move|p2a: brat|Soft-Boiled|p2a: brat
|-heal|p2a: brat|93/100 brn
|
|-heal|p1a: Darkrai|98/100|[from] item: Leftovers
|-damage|p2a: brat|87/100 brn|[from] brn
|upkeep
|turn|63
|
|t:|1769294401
|move|p1a: Darkrai|Dark Pulse|p2a: brat
|-damage|p2a: brat|79/100 brn
|move|p2a: brat|Calm Mind|p2a: brat
|-boost|p2a: brat|spa|1
|-boost|p2a: brat|spd|1
|
|-heal|p1a: Darkrai|100/100|[from] item: Leftovers
|-damage|p2a: brat|73/100 brn|[from] brn
|upkeep
|turn|64
|
|t:|1769294409
|move|p1a: Darkrai|Dark Pulse|p2a: brat
|-damage|p2a: brat|67/100 brn
|move|p2a: brat|Shadow Ball|p1a: Darkrai
|-resisted|p1a: Darkrai
|-damage|p1a: Darkrai|86/100
|
|-heal|p1a: Darkrai|92/100|[from] item: Leftovers
|-damage|p2a: brat|60/100 brn|[from] brn
|upkeep
|turn|65
|
|t:|1769294414
|move|p1a: Darkrai|Dark Pulse|p2a: brat
|-damage|p2a: brat|54/100 brn
|cant|p2a: brat|flinch
|
|-heal|p1a: Darkrai|98/100|[from] item: Leftovers
|-damage|p2a: brat|48/100 brn|[from] brn
|upkeep
|turn|66
|
|t:|1769294420
|move|p1a: Darkrai|Dark Pulse|p2a: brat
|-damage|p2a: brat|41/100 brn
|cant|p2a: brat|flinch
|
|-heal|p1a: Darkrai|100/100|[from] item: Leftovers
|-damage|p2a: brat|35/100 brn|[from] brn
|upkeep
|turn|67
|
|t:|1769294423
|move|p1a: Darkrai|Dark Pulse|p2a: brat
|-damage|p2a: brat|29/100 brn
|move|p2a: brat|Soft-Boiled|p2a: brat
|-heal|p2a: brat|79/100 brn
|
|-damage|p2a: brat|72/100 brn|[from] brn
|upkeep
|turn|68
|
|t:|1769294427
|move|p1a: Darkrai|Ice Beam|p2a: brat
|-damage|p2a: brat|68/100 brn
|move|p2a: brat|Calm Mind|p2a: brat
|-boost|p2a: brat|spa|1
|-boost|p2a: brat|spd|1
|
|-damage|p2a: brat|62/100 brn|[from] brn
|upkeep
|turn|69
|
|t:|1769294431
|move|p1a: Darkrai|Ice Beam|p2a: brat
|-damage|p2a: brat|58/100 brn
|move|p2a: brat|Soft-Boiled|p2a: brat
|-heal|p2a: brat|100/100 brn
|
|-damage|p2a: brat|94/100 brn|[from] brn
|upkeep
|turn|70
|
|t:|1769294433
|move|p1a: Darkrai|Ice Beam|p2a: brat
|-damage|p2a: brat|91/100 brn
|move|p2a: brat|Calm Mind|p2a: brat
|-boost|p2a: brat|spa|1
|-boost|p2a: brat|spd|1
|
|-damage|p2a: brat|85/100 brn|[from] brn
|upkeep
|turn|71
|
|t:|1769294436
|move|p1a: Darkrai|Dark Pulse|p2a: brat
|-damage|p2a: brat|81/100 brn
|move|p2a: brat|Calm Mind|p2a: brat
|-boost|p2a: brat|spa|1
|-boost|p2a: brat|spd|1
|
|-damage|p2a: brat|75/100 brn|[from] brn
|upkeep
|turn|72
|
|t:|1769294439
|move|p1a: Darkrai|Dark Pulse|p2a: brat
|-damage|p2a: brat|71/100 brn
|move|p2a: brat|Calm Mind|p2a: brat
|-boost|p2a: brat|spa|1
|-boost|p2a: brat|spd|1
|
|-damage|p2a: brat|65/100 brn|[from] brn
|upkeep
|turn|73
|
|t:|1769294442
|switch|p1a: Zamazenta|Zamazenta|100/100
|-damage|p1a: Zamazenta|94/100|[from] Stealth Rock
|-ability|p1a: Zamazenta|Dauntless Shield|boost
|-boost|p1a: Zamazenta|def|1
|move|p2a: brat|Shadow Ball|p1a: Zamazenta
|-damage|p1a: Zamazenta|50/100
|
|-heal|p1a: Zamazenta|56/100|[from] item: Leftovers
|-damage|p2a: brat|59/100 brn|[from] brn
|upkeep
|turn|74
|
|t:|1769294445
|-curestatus|p2a: brat|brn|[from] ability: Natural Cure
|switch|p2a: Free Palestine|Gliscor, M|100/100 tox
|move|p1a: Zamazenta|Crunch|p2a: Free Palestine
|-damage|p2a: Free Palestine|88/100 tox
|
|-heal|p1a: Zamazenta|63/100|[from] item: Leftovers
|-heal|p2a: Free Palestine|99/100 tox|[from] ability: Poison Heal
|upkeep
|turn|75
|
|t:|1769294449
|switch|p1a: Latios|Latios, M, tera:Steel|100/100 par
|-damage|p1a: Latios|95/100 par|[from] Stealth Rock
|move|p2a: Free Palestine|Toxic||[still]
|-fail|p2a: Free Palestine
|
|-heal|p2a: Free Palestine|100/100 tox|[from] ability: Poison Heal
|upkeep
|turn|76
|
|t:|1769294454
|switch|p2a: Trump is low IQ|Corviknight, M|85/100
|-ability|p2a: Trump is low IQ|Pressure
|move|p1a: Latios|Calm Mind|p1a: Latios
|-boost|p1a: Latios|spa|1
|-boost|p1a: Latios|spd|1
|
|upkeep
|turn|77
|
|t:|1769294465
|switch|p2a: brat|Blissey, F|59/100
|move|p1a: Latios|Calm Mind|p1a: Latios
|-boost|p1a: Latios|spa|1
|-boost|p1a: Latios|spd|1
|
|upkeep
|turn|78
|
|t:|1769294470
|move|p1a: Latios|Psychic Noise|p2a: brat
|-damage|p2a: brat|30/100
|-start|p2a: brat|move: Heal Block
|move|p2a: brat|Calm Mind|p2a: brat
|-boost|p2a: brat|spa|1
|-boost|p2a: brat|spd|1
|
|upkeep
|turn|79
|
|t:|1769294479
|switch|p1a: Zamazenta|Zamazenta|63/100
|-damage|p1a: Zamazenta|56/100|[from] Stealth Rock
|move|p2a: brat|Calm Mind|p2a: brat
|-boost|p2a: brat|spa|1
|-boost|p2a: brat|spd|1
|
|-heal|p1a: Zamazenta|63/100|[from] item: Leftovers
|-end|p2a: brat|move: Heal Block
|upkeep
|turn|80
|l| KappaHalo
|
|t:|1769294484
|switch|p2a: Trump is low IQ|Corviknight, M|85/100
|-ability|p2a: Trump is low IQ|Pressure
|move|p1a: Zamazenta|Body Press|p2a: Trump is low IQ
|-damage|p2a: Trump is low IQ|63/100
|
|-heal|p1a: Zamazenta|69/100|[from] item: Leftovers
|upkeep
|turn|81
|
|t:|1769294488
|switch|p1a: Iron Treads|Iron Treads|66/100
|-damage|p1a: Iron Treads|63/100|[from] Stealth Rock
|move|p2a: Trump is low IQ|U-turn|p1a: Iron Treads
|-resisted|p1a: Iron Treads
|-damage|p1a: Iron Treads|57/100
|
|t:|1769294492
|switch|p2a: brat|Blissey, F|30/100|[from] U-turn
|
|upkeep
|turn|82
|
|t:|1769294497
|switch|p2a: Trump is low IQ|Corviknight, M|63/100
|-ability|p2a: Trump is low IQ|Pressure
|move|p1a: Iron Treads|Rapid Spin|p2a: Trump is low IQ
|-resisted|p2a: Trump is low IQ
|-damage|p2a: Trump is low IQ|59/100
|-boost|p1a: Iron Treads|spe|1
|-sideend|p1: healorant|Stealth Rock|[from] move: Rapid Spin|[of] p1a: Iron Treads
|
|upkeep
|turn|83
|
|t:|1769294504
|-end|p1a: Iron Treads|Quark Drive|[silent]
|switch|p1a: Latios|Latios, M, tera:Steel|95/100 par
|move|p2a: Trump is low IQ|U-turn|p1a: Latios
|-resisted|p1a: Latios
|-damage|p1a: Latios|85/100 par
|
|t:|1769294506
|switch|p2a: brat|Blissey, F|30/100|[from] U-turn
|
|upkeep
|turn|84
|
|t:|1769294508
|cant|p1a: Latios|par
|move|p2a: brat|Calm Mind|p2a: brat
|-boost|p2a: brat|spa|1
|-boost|p2a: brat|spd|1
|
|upkeep
|turn|85
|
|t:|1769294512
|move|p1a: Latios|Psychic Noise|p2a: brat
|-crit|p2a: brat
|-damage|p2a: brat|8/100
|-start|p2a: brat|move: Heal Block
|move|p2a: brat|Stealth Rock|p1a: Latios
|-sidestart|p1: healorant|move: Stealth Rock
|
|upkeep
|turn|86
|
|t:|1769294530
|switch|p1a: Zamazenta|Zamazenta|69/100
|-damage|p1a: Zamazenta|63/100|[from] Stealth Rock
|move|p2a: brat|Shadow Ball|p1a: Zamazenta
|-damage|p1a: Zamazenta|45/100
|-unboost|p1a: Zamazenta|spd|1
|
|-heal|p1a: Zamazenta|51/100|[from] item: Leftovers
|-end|p2a: brat|move: Heal Block
|upkeep
|turn|87
|
|t:|1769294536
|switch|p2a: Trump is low IQ|Corviknight, M|59/100
|-ability|p2a: Trump is low IQ|Pressure
|move|p1a: Zamazenta|Crunch|p2a: Trump is low IQ
|-damage|p2a: Trump is low IQ|47/100
|
|-heal|p1a: Zamazenta|57/100|[from] item: Leftovers
|upkeep
|turn|88
|
|t:|1769294539
|move|p1a: Zamazenta|Body Press|p2a: Trump is low IQ
|-damage|p2a: Trump is low IQ|26/100
|move|p2a: Trump is low IQ|Roost|p2a: Trump is low IQ
|-heal|p2a: Trump is low IQ|76/100
|-singleturn|p2a: Trump is low IQ|move: Roost
|
|-heal|p1a: Zamazenta|63/100|[from] item: Leftovers
|upkeep
|turn|89
|
|t:|1769294543
|switch|p1a: Iron Treads|Iron Treads|57/100
|-damage|p1a: Iron Treads|54/100|[from] Stealth Rock
|move|p2a: Trump is low IQ|U-turn|p1a: Iron Treads
|-resisted|p1a: Iron Treads
|-damage|p1a: Iron Treads|49/100
|
|t:|1769294545
|switch|p2a: brat|Blissey, F|8/100|[from] U-turn
|
|upkeep
|turn|90
|
|t:|1769294551
|switch|p2a: Trump is low IQ|Corviknight, M|76/100
|-ability|p2a: Trump is low IQ|Pressure
|move|p1a: Iron Treads|Rapid Spin|p2a: Trump is low IQ
|-resisted|p2a: Trump is low IQ
|-damage|p2a: Trump is low IQ|72/100
|-boost|p1a: Iron Treads|spe|1
|-sideend|p1: healorant|Stealth Rock|[from] move: Rapid Spin|[of] p1a: Iron Treads
|
|upkeep
|turn|91
|
|t:|1769294555
|-end|p1a: Iron Treads|Quark Drive|[silent]
|switch|p1a: Darkrai|Darkrai|100/100
|move|p2a: Trump is low IQ|U-turn|p1a: Darkrai
|-supereffective|p1a: Darkrai
|-damage|p1a: Darkrai|71/100
|
|t:|1769294558
|switch|p2a: Save Sudan|Slowking-Galar, M|75/100 brn|[from] U-turn
|
|-heal|p1a: Darkrai|77/100|[from] item: Leftovers
|-heal|p2a: Save Sudan|81/100 brn|[from] item: Leftovers
|-damage|p2a: Save Sudan|75/100 brn|[from] brn
|upkeep
|turn|92
|
|t:|1769294561
|switch|p1a: Iron Treads|Iron Treads|49/100
|move|p2a: Save Sudan|Thunder Wave|p1a: Iron Treads
|-immune|p1a: Iron Treads
|
|-heal|p2a: Save Sudan|81/100 brn|[from] item: Leftovers
|-damage|p2a: Save Sudan|75/100 brn|[from] brn
|upkeep
|turn|93
|
|t:|1769294565
|switch|p2a: brat|Blissey, F|8/100
|move|p1a: Iron Treads|Stealth Rock|p2a: brat
|-sidestart|p2: Trainer #39|move: Stealth Rock
|
|upkeep
|turn|94
|
|t:|1769294569
|-end|p1a: Iron Treads|Quark Drive|[silent]
|switch|p1a: Ogerpon|Ogerpon-Wellspring, F|100/100
|move|p2a: brat|Soft-Boiled|p2a: brat
|-heal|p2a: brat|58/100
|
|upkeep
|turn|95
|j| Nikator98
|
|t:|1769294576
|switch|p2a: 808 and curses|Dondozo, M, tera:Dragon|88/100 slp
|-damage|p2a: 808 and curses|75/100 slp|[from] Stealth Rock
|move|p1a: Ogerpon|Ivy Cudgel|p2a: 808 and curses|[anim] Ivy Cudgel Water
|-resisted|p2a: 808 and curses
|-crit|p2a: 808 and curses
|-damage|p2a: 808 and curses|57/100 slp
|
|-heal|p2a: 808 and curses|64/100 slp|[from] item: Leftovers
|upkeep
|turn|96
|
|t:|1769294582
|move|p1a: Ogerpon|Swords Dance|p1a: Ogerpon
|-boost|p1a: Ogerpon|atk|2
|cant|p2a: 808 and curses|slp
|move|p2a: 808 and curses|Sleep Talk|p2a: 808 and curses
|move|p2a: 808 and curses|Waterfall|p1a: Ogerpon|[from] move: Sleep Talk
|-immune|p1a: Ogerpon|[from] ability: Water Absorb
|
|-heal|p2a: 808 and curses|70/100 slp|[from] item: Leftovers
|upkeep
|turn|97
|
|t:|1769294587
|move|p1a: Ogerpon|Ivy Cudgel|p2a: 808 and curses|[anim] Ivy Cudgel Water
|-resisted|p2a: 808 and curses
|-damage|p2a: 808 and curses|55/100 slp
|-curestatus|p2a: 808 and curses|slp|[msg]
|move|p2a: 808 and curses|Curse|p2a: 808 and curses
|-unboost|p2a: 808 and curses|spe|1
|-boost|p2a: 808 and curses|atk|1
|-boost|p2a: 808 and curses|def|1
|
|-heal|p2a: 808 and curses|62/100|[from] item: Leftovers
|upkeep
|turn|98
|
|t:|1769294590
|move|p1a: Ogerpon|Taunt|p2a: 808 and curses
|-start|p2a: 808 and curses|move: Taunt
|move|p2a: 808 and curses|Waterfall|p1a: Ogerpon
|-immune|p1a: Ogerpon|[from] ability: Water Absorb
|
|-heal|p2a: 808 and curses|68/100|[from] item: Leftovers
|upkeep
|turn|99
|
|t:|1769294592
|move|p1a: Ogerpon|Horn Leech|p2a: 808 and curses
|-resisted|p2a: 808 and curses
|-damage|p2a: 808 and curses|61/100
|move|p2a: 808 and curses|Waterfall|p1a: Ogerpon
|-immune|p1a: Ogerpon|[from] ability: Water Absorb
|
|-heal|p2a: 808 and curses|68/100|[from] item: Leftovers
|upkeep
|turn|100
|
|t:|1769294594
|move|p1a: Ogerpon|Horn Leech|p2a: 808 and curses
|-resisted|p2a: 808 and curses
|-damage|p2a: 808 and curses|60/100
|move|p2a: 808 and curses|Waterfall|p1a: Ogerpon
|-immune|p1a: Ogerpon|[from] ability: Water Absorb
|
|-heal|p2a: 808 and curses|67/100|[from] item: Leftovers
|-end|p2a: 808 and curses|move: Taunt
|upkeep
|turn|101
|
|t:|1769294597
|move|p1a: Ogerpon|Taunt|p2a: 808 and curses
|-start|p2a: 808 and curses|move: Taunt
|move|p2a: 808 and curses|Waterfall|p1a: Ogerpon
|-immune|p1a: Ogerpon|[from] ability: Water Absorb
|
|-heal|p2a: 808 and curses|73/100|[from] item: Leftovers
|upkeep
|turn|102
|
|t:|1769294599
|move|p1a: Ogerpon|Swords Dance|p1a: Ogerpon
|-boost|p1a: Ogerpon|atk|2
|move|p2a: 808 and curses|Waterfall|p1a: Ogerpon
|-immune|p1a: Ogerpon|[from] ability: Water Absorb
|
|-heal|p2a: 808 and curses|79/100|[from] item: Leftovers
|upkeep
|turn|103
|
|t:|1769294600
|move|p1a: Ogerpon|Swords Dance|p1a: Ogerpon
|-boost|p1a: Ogerpon|atk|2
|move|p2a: 808 and curses|Waterfall|p1a: Ogerpon
|-immune|p1a: Ogerpon|[from] ability: Water Absorb
|
|-heal|p2a: 808 and curses|85/100|[from] item: Leftovers
|-end|p2a: 808 and curses|move: Taunt
|upkeep
|turn|104
|
|t:|1769294602
|move|p1a: Ogerpon|Taunt|p2a: 808 and curses
|-start|p2a: 808 and curses|move: Taunt
|cant|p2a: 808 and curses|move: Taunt|Curse
|
|-heal|p2a: 808 and curses|91/100|[from] item: Leftovers
|upkeep
|turn|105
|
|t:|1769294610
|move|p1a: Ogerpon|Swords Dance|p1a: Ogerpon
|-boost|p1a: Ogerpon|atk|0
|move|p2a: 808 and curses|Waterfall|p1a: Ogerpon
|-immune|p1a: Ogerpon|[from] ability: Water Absorb
|
|-heal|p2a: 808 and curses|97/100|[from] item: Leftovers
|upkeep
|turn|106
|
|t:|1769294612
|move|p1a: Ogerpon|Swords Dance|p1a: Ogerpon
|-boost|p1a: Ogerpon|atk|0
|move|p2a: 808 and curses|Waterfall|p1a: Ogerpon
|-immune|p1a: Ogerpon|[from] ability: Water Absorb
|
|-heal|p2a: 808 and curses|100/100|[from] item: Leftovers
|-end|p2a: 808 and curses|move: Taunt
|upkeep
|turn|107
|
|t:|1769294615
|switch|p2a: Free Palestine|Gliscor, M|100/100 tox
|-damage|p2a: Free Palestine|88/100 tox|[from] Stealth Rock
|move|p1a: Ogerpon|Taunt|p2a: Free Palestine
|-start|p2a: Free Palestine|move: Taunt
|
|-heal|p2a: Free Palestine|100/100 tox|[from] ability: Poison Heal
|upkeep
|turn|108
|
|t:|1769294619
|switch|p1a: Darkrai|Darkrai|77/100
|switch|p2a: 808 and curses|Dondozo, M, tera:Dragon|100/100
|-damage|p2a: 808 and curses|88/100|[from] Stealth Rock
|
|-heal|p1a: Darkrai|83/100|[from] item: Leftovers
|-heal|p2a: 808 and curses|94/100|[from] item: Leftovers
|upkeep
|turn|109
|
|t:|1769294622
|switch|p1a: Ogerpon|Ogerpon-Wellspring, F|100/100
|switch|p2a: brat|Blissey, F|58/100
|
|upkeep
|turn|110
|
|t:|1769294628
|switch|p1a: Latios|Latios, M, tera:Steel|85/100 par
|switch|p2a: Trump is low IQ|Corviknight, M|72/100
|-damage|p2a: Trump is low IQ|60/100|[from] Stealth Rock
|-ability|p2a: Trump is low IQ|Pressure
|
|upkeep
|turn|111
|
|t:|1769294632
|move|p1a: Latios|Calm Mind|p1a: Latios
|-boost|p1a: Latios|spa|1
|-boost|p1a: Latios|spd|1
|move|p2a: Trump is low IQ|Defog|p1a: Latios
|-unboost|p1a: Latios|evasion|1
|-sideend|p2: Trainer #39|Stealth Rock|[from] move: Defog|[of] p2a: Trump is low IQ
|
|upkeep
|turn|112
|
|t:|1769294633
|move|p1a: Latios|Calm Mind|p1a: Latios
|-boost|p1a: Latios|spa|1
|-boost|p1a: Latios|spd|1
|move|p2a: Trump is low IQ|Roost|p2a: Trump is low IQ
|-heal|p2a: Trump is low IQ|100/100
|-singleturn|p2a: Trump is low IQ|move: Roost
|
|upkeep
|turn|113
|
|t:|1769294636
|move|p1a: Latios|Calm Mind|p1a: Latios
|-boost|p1a: Latios|spa|1
|-boost|p1a: Latios|spd|1
|move|p2a: Trump is low IQ|U-turn|p1a: Latios
|-resisted|p1a: Latios
|-damage|p1a: Latios|75/100 par
|
|t:|1769294639
|switch|p2a: brat|Blissey, F|58/100|[from] U-turn
|
|upkeep
|turn|114
|
|t:|1769294641
|move|p1a: Latios|Psychic Noise|p2a: brat
|-damage|p2a: brat|25/100
|-start|p2a: brat|move: Heal Block
|cant|p2a: brat|move: Heal Block|Soft-Boiled
|
|upkeep
|turn|115
|
|t:|1769294645
|switch|p2a: Trump is low IQ|Corviknight, M|100/100
|-ability|p2a: Trump is low IQ|Pressure
|move|p1a: Latios|Psychic Noise|p2a: Trump is low IQ
|-resisted|p2a: Trump is low IQ
|-damage|p2a: Trump is low IQ|55/100
|-start|p2a: Trump is low IQ|move: Heal Block
|
|upkeep
|turn|116
|
|t:|1769294651
|move|p1a: Latios|Draco Meteor|p2a: Trump is low IQ
|-resisted|p2a: Trump is low IQ
|-damage|p2a: Trump is low IQ|0 fnt
|-unboost|p1a: Latios|spa|2
|faint|p2a: Trump is low IQ
|
|upkeep
|
|t:|1769294654
|switch|p2a: Free Palestine|Gliscor, M|100/100 tox
|turn|117
|
|t:|1769294656
|move|p2a: Free Palestine|Protect|p2a: Free Palestine
|-singleturn|p2a: Free Palestine|Protect
|cant|p1a: Latios|par
|
|upkeep
|turn|118
|
|t:|1769294659
|switch|p2a: Save Sudan|Slowking-Galar, M|100/100 brn
|move|p1a: Latios|Calm Mind|p1a: Latios
|-boost|p1a: Latios|spa|1
|-boost|p1a: Latios|spd|1
|
|-damage|p2a: Save Sudan|94/100 brn|[from] brn
|upkeep
|turn|119
|
|t:|1769294663
|switch|p2a: brat|Blissey, F|25/100
|move|p1a: Latios|Calm Mind|p1a: Latios
|-boost|p1a: Latios|spa|1
|-boost|p1a: Latios|spd|1
|
|upkeep
|turn|120
|
|t:|1769294665
|move|p1a: Latios|Psychic Noise|p2a: brat
|-damage|p2a: brat|0 fnt
|faint|p2a: brat
|
|upkeep
|c|☆healorant|gg
|-message|Trainer #39 forfeited.
|
|win|healorant
|raw|healorant's rating: 1792 &rarr; <strong>1810</strong><br />(+18 for winning)
|raw|Trainer #39's rating: 1763 &rarr; <strong>1745</strong><br />(-18 for losing)
|l|☆Trainer #39
|player|p2|
|l|☆healorant
|player|p1|
|l| Nikator98
