|j|☆happy timmy
|j|☆TheH3xx
|t:|1769407332
|gametype|singles
|player|p1|happy timmy|pokekid|1155
|player|p2|TheH3xx|2|1066
|gen|9
|tier|[Gen 9] OU
|rated|
|rule|HP Percentage Mod: HP is shown in percentages
|rule|Endless Battle Clause: Forcing endless battles is banned
|rule|Species Clause: Limit one of each Pokémon
|rule|OHKO Clause: OHKO moves are banned
|rule|Evasion Items Clause: Evasion items are banned
|rule|Evasion Moves Clause: Evasion moves are banned
|rule|Evasion Abilities Clause: Evasion abilities are banned
|rule|Sleep Moves Clause: Sleep-inducing moves are banned
|clearpoke
|poke|p1|Cinderace, M|
|poke|p1|Dragapult, F|
|poke|p1|Great Tusk|
|poke|p1|Gliscor, F|
|poke|p1|Greninja-*, M|
|poke|p1|Rotom-Wash|
|poke|p2|Metagross|
|poke|p2|Houndoom, F|
|poke|p2|Gengar, F|
|poke|p2|Golem, M|
|poke|p2|Regirock|
|poke|p2|Hatterene, F|
|teampreview
|inactive|Battle timer is ON: inactive players will automatically lose when time's up. (requested by happy timmy)
|
|t:|1769407353
|teamsize|p1|6
|teamsize|p2|6
|start
|switch|p1a: Greninja|Greninja, M|100/100
|switch|p2a: Metagross|Metagross|100/100
|turn|1
|
|t:|1769407380
|switch|p1a: Cinderace|Cinderace, M|100/100
|move|p2a: Metagross|Stealth Rock|p1a: Cinderace
|-sidestart|p1: happy timmy|move: Stealth Rock
|
|upkeep
|turn|2
|
|t:|1769407386
|move|p1a: Cinderace|Pyro Ball|p2a: Metagross
|-supereffective|p2a: Metagross
|-damage|p2a: Metagross|3/100
|move|p2a: Metagross|Explosion|p1a: Cinderace
|-damage|p1a: Cinderace|0 fnt
|faint|p2a: Metagross
|faint|p1a: Cinderace
|
|upkeep
|
|t:|1769407399
|switch|p1a: Greninja|Greninja, M|100/100
|switch|p2a: Hatterene|Hatterene, F|100/100
|-damage|p1a: Greninja|88/100|[from] Stealth Rock
|turn|3
|
|t:|1769407412
|move|p1a: Greninja|Sludge Wave|p2a: Hatterene
|-start|p1a: Greninja|typechange|Poison|[from] ability: Protean
|-supereffective|p2a: Hatterene
|-damage|p2a: Hatterene|41/100
|move|p2a: Hatterene|Trick Room|p2a: Hatterene
|-fieldstart|move: Trick Room|[of] p2a: Hatterene
|
|upkeep
|turn|4
|
|t:|1769407418
|move|p2a: Hatterene|Misty Explosion|p1a: Greninja
|-resisted|p1a: Greninja
|-damage|p1a: Greninja|54/100
|faint|p2a: Hatterene
|move|p1a: Greninja|Sludge Wave|p2: Hatterene|[notarget]
|-fail|p1a: Greninja
|
|upkeep
|
|t:|1769407423
|switch|p2a: Golem|Golem, M|100/100
|turn|5
|
|t:|1769407432
|move|p2a: Golem|Earthquake|p1a: Greninja
|-supereffective|p1a: Greninja
|-damage|p1a: Greninja|0 fnt
|faint|p1a: Greninja
|
|upkeep
|
|t:|1769407435
|switch|p1a: Gliscor|Gliscor, F|100/100
|-damage|p1a: Gliscor|88/100|[from] Stealth Rock
|turn|6
|
|t:|1769407442
|move|p1a: Gliscor|Protect|p1a: Gliscor
|-singleturn|p1a: Gliscor|Protect
|move|p2a: Golem|Curse|p2a: Golem
|-unboost|p2a: Golem|spe|1
|-boost|p2a: Golem|atk|1
|-boost|p2a: Golem|def|1
|
|-status|p1a: Gliscor|tox|[from] item: Toxic Orb
|upkeep
|turn|7
|
|t:|1769407446
|move|p2a: Golem|Explosion|p1a: Gliscor
|-damage|p1a: Gliscor|0 fnt
|faint|p2a: Golem
|faint|p1a: Gliscor
|
|-fieldend|move: Trick Room
|upkeep
|
|t:|1769407464
|switch|p1a: Rotom|Rotom-Wash|100/100
|switch|p2a: Houndoom|Houndoom, F|100/100
|-damage|p1a: Rotom|88/100|[from] Stealth Rock
|turn|8
|
|t:|1769407470
|move|p2a: Houndoom|Nasty Plot|p2a: Houndoom
|-boost|p2a: Houndoom|spa|2
|move|p1a: Rotom|Hydro Pump|p2a: Houndoom
|-supereffective|p2a: Houndoom
|-enditem|p2a: Houndoom|Focus Sash
|-damage|p2a: Houndoom|1/100
|
|-heal|p1a: Rotom|94/100|[from] item: Leftovers
|upkeep
|turn|9
|
|t:|1769407474
|-terastallize|p2a: Houndoom|Dark
|move|p2a: Houndoom|Dark Pulse|p1a: Rotom
|-damage|p1a: Rotom|0 fnt
|faint|p1a: Rotom
|
|upkeep
|
|t:|1769407480
|switch|p1a: Dragapult|Dragapult, F|100/100
|-damage|p1a: Dragapult|88/100|[from] Stealth Rock
|turn|10
|
|t:|1769407484
|move|p1a: Dragapult|Sucker Punch|p2a: Houndoom
|-resisted|p2a: Houndoom
|-damage|p2a: Houndoom|0 fnt
|faint|p2a: Houndoom
|
|-heal|p1a: Dragapult|94/100|[from] item: Leftovers
|upkeep
|
|t:|1769407487
|switch|p2a: Gengar|Gengar, F|100/100
|turn|11
|inactive|happy timmy has 120 seconds left.
|
|t:|1769407521
|move|p1a: Dragapult|Dragon Darts|p2a: Gengar
|-damage|p2a: Gengar|53/100
|-anim|p1a: Dragapult|Dragon Darts|p2a: Gengar
|-damage|p2a: Gengar|0 fnt
|-start|p1a: Dragapult|Disable|Dragon Darts|[from] ability: Cursed Body|[of] p2a: Gengar
|faint|p2a: Gengar
|
|-heal|p1a: Dragapult|99/100|[from] item: Leftovers
|upkeep
|-message|TheH3xx forfeited.
|
|win|happy timmy
|raw|happy timmy's rating: 1155 &rarr; <strong>1174</strong><br />(+19 for winning)
|raw|TheH3xx's rating: 1066 &rarr; <strong>1051</strong><br />(-15 for losing)
|l|☆TheH3xx
|player|p2|
|l|☆happy timmy
|player|p1|
