|j|☆Mack_1125
|j|☆Yaoshi
|t:|1769403486
|gametype|singles
|player|p1|Mack_1125|1|1506
|player|p2|Yaoshi|silver-masters|1570
|gen|9
|tier|[Gen 9] OU
|rated|
|rule|HP Percentage Mod: HP is shown in percentages
|rule|Endless Battle Clause: Forcing endless battles is banned
|rule|Species Clause: Limit one of each Pokémon
|rule|OHKO Clause: OHKO moves are banned
|rule|Evasion Items Clause: Evasion items are banned
|rule|Evasion Moves Clause: Evasion moves are banned
|rule|Evasion Abilities Clause: Evasion abilities are banned
|rule|Sleep Moves Clause: Sleep-inducing moves are banned
|clearpoke
|poke|p1|Rillaboom, M|
|poke|p1|Serperior, F|
|poke|p1|Heatran, F|
|poke|p1|Gholdengo|
|poke|p1|Zamazenta-*|
|poke|p1|Great Tusk|
|poke|p2|Cinderace, M|
|poke|p2|Dragonite, F|
|poke|p2|Iron Valiant|
|poke|p2|Snorlax, F|
|poke|p2|Primarina, M|
|poke|p2|Skarmory, M|
|teampreview
|inactive|Battle timer is ON: inactive players will automatically lose when time's up. (requested by Yaoshi)
|inactive|Mack_1125 has 120 seconds left.
|inactive|Mack_1125 has 90 seconds left.
|
|t:|1769403568
|teamsize|p1|6
|teamsize|p2|6
|start
|switch|p1a: Heatran|Heatran, F|100/100
|switch|p2a: One Hit Wonder|Cinderace, M|100/100
|-item|p1a: Heatran|Air Balloon
|turn|1
|
|t:|1769403584
|switch|p2a: Homerun|Snorlax, F, shiny|100/100
|move|p1a: Heatran|Magma Storm|p2a: Homerun
|-damage|p2a: Homerun|81/100
|-activate|p2a: Homerun|move: Magma Storm|[of] p1a: Heatran
|
|-damage|p2a: Homerun|68/100|[from] move: Magma Storm|[partiallytrapped]
|upkeep
|turn|2
|inactive|Yaoshi has 120 seconds left.
|
|t:|1769403618
|move|p1a: Heatran|Taunt|p2a: Homerun
|-start|p2a: Homerun|move: Taunt
|move|p2a: Homerun|Body Slam|p1a: Heatran
|-resisted|p1a: Heatran
|-damage|p1a: Heatran|86/100
|-enditem|p1a: Heatran|Air Balloon
|
|-damage|p2a: Homerun|56/100|[from] move: Magma Storm|[partiallytrapped]
|upkeep
|turn|3
|
|t:|1769403623
|move|p1a: Heatran|Stealth Rock|p2a: Homerun
|-sidestart|p2: Yaoshi|move: Stealth Rock
|move|p2a: Homerun|Earthquake|p1a: Heatran
|-supereffective|p1a: Heatran
|-damage|p1a: Heatran|0 fnt
|faint|p1a: Heatran
|
|-end|p2a: Homerun|Magma Storm|[partiallytrapped]|[silent]
|upkeep
|
|t:|1769403644
|switch|p1a: Rillaboom|Rillaboom, M|100/100
|-fieldstart|move: Grassy Terrain|[from] ability: Grassy Surge|[of] p1a: Rillaboom
|turn|4
|
|t:|1769403658
|switch|p2a: Oz Smith|Skarmory, M, shiny|100/100
|-damage|p2a: Oz Smith|88/100|[from] Stealth Rock
|move|p1a: Rillaboom|Knock Off|p2a: Oz Smith
|-damage|p2a: Oz Smith|60/100
|-damage|p1a: Rillaboom|84/100|[from] item: Rocky Helmet|[of] p2a: Oz Smith
|-enditem|p2a: Oz Smith|Rocky Helmet|[from] move: Knock Off|[of] p1a: Rillaboom
|-damage|p1a: Rillaboom|74/100|[from] item: Life Orb
|
|-heal|p1a: Rillaboom|80/100|[from] Grassy Terrain
|upkeep
|turn|5
|
|t:|1769403668
|switch|p1a: Gholdengo|Gholdengo|100/100
|-enditem|p1a: Gholdengo|Grassy Seed
|-boost|p1a: Gholdengo|def|1|[from] item: Grassy Seed
|move|p2a: Oz Smith|Roost|p2a: Oz Smith
|-heal|p2a: Oz Smith|100/100
|-singleturn|p2a: Oz Smith|move: Roost
|
|upkeep
|turn|6
|
|t:|1769403681
|move|p1a: Gholdengo|Nasty Plot|p1a: Gholdengo
|-boost|p1a: Gholdengo|spa|2
|move|p2a: Oz Smith|Brave Bird|p1a: Gholdengo
|-resisted|p1a: Gholdengo
|-damage|p1a: Gholdengo|90/100
|-damage|p2a: Oz Smith|97/100|[from] Recoil
|
|-heal|p1a: Gholdengo|96/100|[from] Grassy Terrain
|upkeep
|turn|7
|
|t:|1769403686
|switch|p2a: Homerun|Snorlax, F, shiny|56/100
|-damage|p2a: Homerun|44/100|[from] Stealth Rock
|-enditem|p2a: Homerun|Figy Berry|[eat]
|-heal|p2a: Homerun|77/100|[from] item: Figy Berry
|move|p1a: Gholdengo|Shadow Ball|p2a: Homerun
|-immune|p2a: Homerun
|
|-heal|p1a: Gholdengo|100/100|[from] Grassy Terrain
|-heal|p2a: Homerun|83/100|[from] Grassy Terrain
|upkeep
|turn|8
|
|t:|1769403695
|move|p1a: Gholdengo|Focus Blast|p2a: Homerun|[miss]
|-miss|p1a: Gholdengo|p2a: Homerun
|move|p2a: Homerun|Earthquake|p1a: Gholdengo
|-supereffective|p1a: Gholdengo
|-damage|p1a: Gholdengo|85/100
|
|-heal|p1a: Gholdengo|91/100|[from] Grassy Terrain
|-heal|p2a: Homerun|89/100|[from] Grassy Terrain
|-fieldend|move: Grassy Terrain
|upkeep
|turn|9
|
|t:|1769403699
|switch|p2a: Babe Ruth|Iron Valiant, shiny|100/100
|-damage|p2a: Babe Ruth|94/100|[from] Stealth Rock
|-enditem|p2a: Babe Ruth|Booster Energy
|-activate|p2a: Babe Ruth|ability: Quark Drive|[fromitem]
|-start|p2a: Babe Ruth|quarkdrivespe
|move|p1a: Gholdengo|Focus Blast|p2a: Babe Ruth
|-resisted|p2a: Babe Ruth
|-crit|p2a: Babe Ruth
|-damage|p2a: Babe Ruth|0 fnt
|faint|p2a: Babe Ruth
|-end|p2a: Babe Ruth|Quark Drive|[silent]
|
|upkeep
|
|t:|1769403708
|switch|p2a: One Hit Wonder|Cinderace, M|100/100
|turn|10
|
|t:|1769403716
|-terastallize|p1a: Gholdengo|Water
|move|p2a: One Hit Wonder|Pyro Ball|p1a: Gholdengo
|-resisted|p1a: Gholdengo
|-damage|p1a: Gholdengo|71/100
|move|p1a: Gholdengo|Recover|p1a: Gholdengo
|-heal|p1a: Gholdengo|100/100
|
|upkeep
|turn|11
|
|t:|1769403721
|move|p2a: One Hit Wonder|Zen Headbutt|p1a: Gholdengo
|-start|p2a: One Hit Wonder|typechange|Psychic|[from] ability: Libero
|-damage|p1a: Gholdengo|75/100
|move|p1a: Gholdengo|Nasty Plot|p1a: Gholdengo
|-boost|p1a: Gholdengo|spa|2
|
|upkeep
|turn|12
|
|t:|1769403726
|move|p2a: One Hit Wonder|Zen Headbutt|p1a: Gholdengo
|-damage|p1a: Gholdengo|47/100
|move|p1a: Gholdengo|Recover|p1a: Gholdengo
|-heal|p1a: Gholdengo|98/100
|
|upkeep
|turn|13
|
|t:|1769403729
|move|p2a: One Hit Wonder|Zen Headbutt|p1a: Gholdengo
|-damage|p1a: Gholdengo|71/100
|move|p1a: Gholdengo|Shadow Ball|p2a: One Hit Wonder
|-supereffective|p2a: One Hit Wonder
|-damage|p2a: One Hit Wonder|0 fnt
|faint|p2a: One Hit Wonder
|
|upkeep
|
|t:|1769403735
|switch|p2a: Homerun|Snorlax, F, shiny|89/100
|-damage|p2a: Homerun|77/100|[from] Stealth Rock
|turn|14
|
|t:|1769403738
|move|p1a: Gholdengo|Focus Blast|p2a: Homerun
|-supereffective|p2a: Homerun
|-crit|p2a: Homerun
|-damage|p2a: Homerun|0 fnt
|faint|p2a: Homerun
|
|upkeep
|
|t:|1769403740
|switch|p2a: Ohtani|Dragonite, F|100/100
|-damage|p2a: Ohtani|76/100|[from] Stealth Rock
|turn|15
|
|t:|1769403744
|-terastallize|p2a: Ohtani|Normal
|move|p2a: Ohtani|Extreme Speed|p1a: Gholdengo
|-damage|p1a: Gholdengo|26/100
|move|p1a: Gholdengo|Shadow Ball|p2a: Ohtani
|-immune|p2a: Ohtani
|
|upkeep
|turn|16
|
|t:|1769403755
|switch|p1a: Rillaboom|Rillaboom, M|80/100
|-fieldstart|move: Grassy Terrain|[from] ability: Grassy Surge|[of] p1a: Rillaboom
|move|p2a: Ohtani|Extreme Speed|p1a: Rillaboom
|-damage|p1a: Rillaboom|11/100
|
|-heal|p1a: Rillaboom|17/100|[from] Grassy Terrain
|-heal|p2a: Ohtani|82/100|[from] Grassy Terrain
|upkeep
|turn|17
|
|t:|1769403759
|switch|p1a: Zamazenta|Zamazenta|100/100
|-ability|p1a: Zamazenta|Dauntless Shield|boost
|-boost|p1a: Zamazenta|def|1
|move|p2a: Ohtani|Extreme Speed|p1a: Zamazenta
|-damage|p1a: Zamazenta|60/100
|
|-heal|p1a: Zamazenta|66/100|[from] Grassy Terrain
|-heal|p2a: Ohtani|88/100|[from] Grassy Terrain
|upkeep
|turn|18
|
|t:|1769403765
|switch|p2a: Ayami Sato|Primarina, M, shiny|100/100
|-damage|p2a: Ayami Sato|88/100|[from] Stealth Rock
|move|p1a: Zamazenta|Close Combat|p2a: Ayami Sato
|-resisted|p2a: Ayami Sato
|-damage|p2a: Ayami Sato|54/100
|-unboost|p1a: Zamazenta|def|1
|-unboost|p1a: Zamazenta|spd|1
|-damage|p1a: Zamazenta|56/100|[from] item: Life Orb
|
|-heal|p1a: Zamazenta|62/100|[from] Grassy Terrain
|-heal|p2a: Ayami Sato|60/100|[from] Grassy Terrain
|-heal|p2a: Ayami Sato|66/100|[from] item: Leftovers
|upkeep
|turn|19
|
|t:|1769403783
|switch|p1a: Serperior|Serperior, F|100/100
|move|p2a: Ayami Sato|Draining Kiss|p1a: Serperior
|-damage|p1a: Serperior|75/100
|-heal|p2a: Ayami Sato|81/100|[from] drain|[of] p1a: Serperior
|
|-heal|p1a: Serperior|81/100|[from] Grassy Terrain
|-heal|p2a: Ayami Sato|87/100|[from] Grassy Terrain
|-heal|p2a: Ayami Sato|93/100|[from] item: Leftovers
|upkeep
|turn|20
|
|t:|1769403787
|switch|p2a: Oz Smith|Skarmory, M, shiny|97/100
|-damage|p2a: Oz Smith|84/100|[from] Stealth Rock
|move|p1a: Serperior|Leaf Storm|p2a: Oz Smith
|-resisted|p2a: Oz Smith
|-damage|p2a: Oz Smith|62/100
|-boost|p1a: Serperior|spa|2
|
|-heal|p1a: Serperior|87/100|[from] Grassy Terrain
|-fieldend|move: Grassy Terrain
|upkeep
|turn|21
|
|t:|1769403794
|switch|p1a: Gholdengo|Gholdengo, tera:Water|26/100
|move|p2a: Oz Smith|Brave Bird|p1a: Gholdengo
|-damage|p1a: Gholdengo|0 fnt
|faint|p1a: Gholdengo
|-damage|p2a: Oz Smith|53/100|[from] Recoil
|
|upkeep
|
|t:|1769403804
|switch|p1a: Great Tusk|Great Tusk|100/100
|-enditem|p1a: Great Tusk|Booster Energy
|-activate|p1a: Great Tusk|ability: Protosynthesis|[fromitem]
|-start|p1a: Great Tusk|protosynthesisspe
|turn|22
|
|t:|1769403807
|move|p1a: Great Tusk|Bulk Up|p1a: Great Tusk
|-boost|p1a: Great Tusk|atk|1
|-boost|p1a: Great Tusk|def|1
|move|p2a: Oz Smith|Roost|p2a: Oz Smith
|-heal|p2a: Oz Smith|100/100
|-singleturn|p2a: Oz Smith|move: Roost
|
|upkeep
|turn|23
|
|t:|1769403809
|move|p1a: Great Tusk|Bulk Up|p1a: Great Tusk
|-boost|p1a: Great Tusk|atk|1
|-boost|p1a: Great Tusk|def|1
|move|p2a: Oz Smith|Whirlwind|p1a: Great Tusk
|-end|p1a: Great Tusk|Protosynthesis|[silent]
|drag|p1a: Serperior|Serperior, F|87/100
|
|upkeep
|turn|24
|
|t:|1769403813
|move|p1a: Serperior|Glare|p2a: Oz Smith
|-status|p2a: Oz Smith|par
|move|p2a: Oz Smith|Brave Bird|p1a: Serperior
|-supereffective|p1a: Serperior
|-damage|p1a: Serperior|8/100
|-damage|p2a: Oz Smith|77/100 par|[from] Recoil
|
|upkeep
|turn|25
|
|t:|1769403816
|switch|p1a: Rillaboom|Rillaboom, M|17/100
|-fieldstart|move: Grassy Terrain|[from] ability: Grassy Surge|[of] p1a: Rillaboom
|cant|p2a: Oz Smith|par
|
|-heal|p1a: Rillaboom|23/100|[from] Grassy Terrain
|upkeep
|turn|26
|
|t:|1769403824
|switch|p1a: Serperior|Serperior, F|8/100
|move|p2a: Oz Smith|Brave Bird|p1a: Serperior
|-supereffective|p1a: Serperior
|-damage|p1a: Serperior|0 fnt
|faint|p1a: Serperior
|-damage|p2a: Oz Smith|75/100 par|[from] Recoil
|
|upkeep
|
|t:|1769403827
|switch|p1a: Zamazenta|Zamazenta|62/100
|turn|27
|
|t:|1769403839
|move|p1a: Zamazenta|Close Combat|p2a: Oz Smith
|-damage|p2a: Oz Smith|28/100 par
|-unboost|p1a: Zamazenta|def|1
|-unboost|p1a: Zamazenta|spd|1
|-damage|p1a: Zamazenta|52/100|[from] item: Life Orb
|move|p2a: Oz Smith|Roost|p2a: Oz Smith
|-heal|p2a: Oz Smith|78/100 par
|-singleturn|p2a: Oz Smith|move: Roost
|
|-heal|p1a: Zamazenta|58/100|[from] Grassy Terrain
|-heal|p2a: Oz Smith|84/100 par|[from] Grassy Terrain
|upkeep
|turn|28
|
|t:|1769403842
|move|p1a: Zamazenta|Close Combat|p2a: Oz Smith
|-damage|p2a: Oz Smith|36/100 par
|-unboost|p1a: Zamazenta|def|1
|-unboost|p1a: Zamazenta|spd|1
|-damage|p1a: Zamazenta|48/100|[from] item: Life Orb
|move|p2a: Oz Smith|Roost|p2a: Oz Smith
|-heal|p2a: Oz Smith|86/100 par
|-singleturn|p2a: Oz Smith|move: Roost
|
|-heal|p1a: Zamazenta|55/100|[from] Grassy Terrain
|-heal|p2a: Oz Smith|92/100 par|[from] Grassy Terrain
|upkeep
|turn|29
|
|t:|1769403845
|move|p1a: Zamazenta|Close Combat|p2a: Oz Smith
|-damage|p2a: Oz Smith|38/100 par
|-unboost|p1a: Zamazenta|def|1
|-unboost|p1a: Zamazenta|spd|1
|-damage|p1a: Zamazenta|45/100|[from] item: Life Orb
|move|p2a: Oz Smith|Roost|p2a: Oz Smith
|-heal|p2a: Oz Smith|88/100 par
|-singleturn|p2a: Oz Smith|move: Roost
|
|-heal|p1a: Zamazenta|51/100|[from] Grassy Terrain
|-heal|p2a: Oz Smith|94/100 par|[from] Grassy Terrain
|-fieldend|move: Grassy Terrain
|upkeep
|turn|30
|
|t:|1769403847
|move|p1a: Zamazenta|Close Combat|p2a: Oz Smith
|-damage|p2a: Oz Smith|45/100 par
|-unboost|p1a: Zamazenta|def|1
|-unboost|p1a: Zamazenta|spd|1
|-damage|p1a: Zamazenta|41/100|[from] item: Life Orb
|move|p2a: Oz Smith|Brave Bird|p1a: Zamazenta
|-supereffective|p1a: Zamazenta
|-damage|p1a: Zamazenta|0 fnt
|faint|p1a: Zamazenta
|-damage|p2a: Oz Smith|32/100 par|[from] Recoil
|
|upkeep
|
|t:|1769403849
|switch|p1a: Rillaboom|Rillaboom, M|23/100
|-fieldstart|move: Grassy Terrain|[from] ability: Grassy Surge|[of] p1a: Rillaboom
|turn|31
|
|t:|1769403863
|move|p1a: Rillaboom|Swords Dance|p1a: Rillaboom
|-boost|p1a: Rillaboom|atk|2
|move|p2a: Oz Smith|Roost|p2a: Oz Smith
|-heal|p2a: Oz Smith|82/100 par
|-singleturn|p2a: Oz Smith|move: Roost
|
|-heal|p1a: Rillaboom|29/100|[from] Grassy Terrain
|-heal|p2a: Oz Smith|88/100 par|[from] Grassy Terrain
|upkeep
|turn|32
|
|t:|1769403866
|move|p1a: Rillaboom|Knock Off|p2a: Oz Smith
|-damage|p2a: Oz Smith|52/100 par
|-damage|p1a: Rillaboom|20/100|[from] item: Life Orb
|cant|p2a: Oz Smith|par
|
|-heal|p1a: Rillaboom|26/100|[from] Grassy Terrain
|upkeep
|turn|33
|
|t:|1769403869
|move|p1a: Rillaboom|Knock Off|p2a: Oz Smith
|-damage|p2a: Oz Smith|15/100 par
|-damage|p1a: Rillaboom|16/100|[from] item: Life Orb
|move|p2a: Oz Smith|Roost|p2a: Oz Smith
|-heal|p2a: Oz Smith|65/100 par
|-singleturn|p2a: Oz Smith|move: Roost
|
|-heal|p1a: Rillaboom|22/100|[from] Grassy Terrain
|-heal|p2a: Oz Smith|71/100 par|[from] Grassy Terrain
|upkeep
|turn|34
|
|t:|1769403872
|move|p1a: Rillaboom|Knock Off|p2a: Oz Smith
|-damage|p2a: Oz Smith|36/100 par
|-damage|p1a: Rillaboom|12/100|[from] item: Life Orb
|cant|p2a: Oz Smith|par
|
|-heal|p1a: Rillaboom|19/100|[from] Grassy Terrain
|upkeep
|turn|35
|
|t:|1769403876
|move|p1a: Rillaboom|Knock Off|p2a: Oz Smith
|-damage|p2a: Oz Smith|0 fnt
|faint|p2a: Oz Smith
|-damage|p1a: Rillaboom|9/100|[from] item: Life Orb
|
|-heal|p1a: Rillaboom|15/100|[from] Grassy Terrain
|-fieldend|move: Grassy Terrain
|upkeep
|
|t:|1769403879
|switch|p2a: Ohtani|Dragonite, F, tera:Normal|88/100
|-damage|p2a: Ohtani|76/100|[from] Stealth Rock
|turn|36
|
|t:|1769403882
|move|p2a: Ohtani|Extreme Speed|p1a: Rillaboom
|-damage|p1a: Rillaboom|0 fnt
|faint|p1a: Rillaboom
|
|upkeep
|
|t:|1769403885
|switch|p1a: Great Tusk|Great Tusk|100/100
|turn|37
|
|t:|1769403887
|move|p2a: Ohtani|Extreme Speed|p1a: Great Tusk
|-damage|p1a: Great Tusk|59/100
|move|p1a: Great Tusk|Bulk Up|p1a: Great Tusk
|-boost|p1a: Great Tusk|atk|1
|-boost|p1a: Great Tusk|def|1
|
|upkeep
|turn|38
|
|t:|1769403897
|switch|p2a: Ayami Sato|Primarina, M, shiny|93/100
|-damage|p2a: Ayami Sato|81/100|[from] Stealth Rock
|move|p1a: Great Tusk|Bulk Up|p1a: Great Tusk
|-boost|p1a: Great Tusk|atk|1
|-boost|p1a: Great Tusk|def|1
|
|-heal|p2a: Ayami Sato|87/100|[from] item: Leftovers
|upkeep
|turn|39
|
|t:|1769403924
|move|p1a: Great Tusk|Headlong Rush|p2a: Ayami Sato
|-damage|p2a: Ayami Sato|3/100
|-unboost|p1a: Great Tusk|def|1
|-unboost|p1a: Great Tusk|spd|1
|move|p2a: Ayami Sato|Psychic Noise|p1a: Great Tusk
|-supereffective|p1a: Great Tusk
|-damage|p1a: Great Tusk|0 fnt
|faint|p1a: Great Tusk
|-end|p1a: Great Tusk|Protosynthesis|[silent]
|
|win|Yaoshi
|raw|Mack_1125's rating: 1506 &rarr; <strong>1490</strong><br />(-16 for losing)
|raw|Yaoshi's rating: 1570 &rarr; <strong>1586</strong><br />(+16 for winning)
|l|☆Mack_1125
|player|p1|
|l|☆Yaoshi
|player|p2|
