|j|☆Sk021
|j|‽maitreyathe
|t:|1769325243
|gametype|singles
|player|p1|Sk021|266|1366
|player|p2|maitreyathe|skyla-masters2|1344
|gen|9
|tier|[Gen 9] OU
|rated|
|rule|HP Percentage Mod: HP is shown in percentages
|rule|Endless Battle Clause: Forcing endless battles is banned
|rule|Species Clause: Limit one of each Pokémon
|rule|OHKO Clause: OHKO moves are banned
|rule|Evasion Items Clause: Evasion items are banned
|rule|Evasion Moves Clause: Evasion moves are banned
|rule|Evasion Abilities Clause: Evasion abilities are banned
|rule|Sleep Moves Clause: Sleep-inducing moves are banned
|clearpoke
|poke|p1|Landorus-Therian, M|
|poke|p1|Kyurem|
|poke|p1|Iron Moth|
|poke|p1|Kingambit, M|
|poke|p1|Hatterene, F|
|poke|p1|Zamazenta-*|
|poke|p2|Dragonite, F|
|poke|p2|Articuno|
|poke|p2|Corviknight, F|
|poke|p2|Enamorus, F|
|poke|p2|Gliscor, M|
|poke|p2|Tornadus-Therian, M|
|teampreview
|inactive|Battle timer is ON: inactive players will automatically lose when time's up. (requested by maitreyathe)
|
|t:|1769325254
|teamsize|p1|6
|teamsize|p2|6
|start
|switch|p1a: Kyurem|Kyurem|100/100
|switch|p2a: Gliscor|Gliscor, M|100/100
|-ability|p1a: Kyurem|Pressure
|turn|1
|
|t:|1769325266
|move|p2a: Gliscor|Protect|p2a: Gliscor
|-singleturn|p2a: Gliscor|Protect
|move|p1a: Kyurem|Substitute|p1a: Kyurem
|-start|p1a: Kyurem|Substitute
|-damage|p1a: Kyurem|75/100
|
|-heal|p1a: Kyurem|82/100|[from] item: Leftovers
|-status|p2a: Gliscor|tox|[from] item: Toxic Orb
|upkeep
|turn|2
|
|t:|1769325280
|switch|p2a: Articuno|Articuno|100/100
|-ability|p2a: Articuno|Pressure
|move|p1a: Kyurem|Freeze-Dry|p2a: Articuno
|-damage|p2a: Articuno|80/100
|
|-heal|p1a: Kyurem|88/100|[from] item: Leftovers
|upkeep
|turn|3
|inactive|Sk021 has 120 seconds left.
|
|t:|1769325318
|move|p1a: Kyurem|Freeze-Dry|p2a: Articuno
|-damage|p2a: Articuno|61/100
|move|p2a: Articuno|Freeze-Dry|p1a: Kyurem
|-activate|p1a: Kyurem|move: Substitute|[damage]
|
|-heal|p1a: Kyurem|94/100|[from] item: Leftovers
|upkeep
|turn|4
|inactive|Sk021 has 120 seconds left.
|
|t:|1769325340
|switch|p1a: Iron Moth|Iron Moth|100/100
|-enditem|p1a: Iron Moth|Booster Energy
|-activate|p1a: Iron Moth|ability: Quark Drive|[fromitem]
|-start|p1a: Iron Moth|quarkdrivespa
|move|p2a: Articuno|Roost|p2a: Articuno
|-heal|p2a: Articuno|100/100
|-singleturn|p2a: Articuno|move: Roost
|
|upkeep
|turn|5
|inactive|maitreyathe has 120 seconds left.
|
|t:|1769325372
|switch|p2a: Tornadus|Tornadus-Therian, M|100/100
|move|p1a: Iron Moth|Fiery Dance|p2a: Tornadus
|-damage|p2a: Tornadus|59/100
|-boost|p1a: Iron Moth|spa|1
|
|upkeep
|turn|6
|
|t:|1769325381
|move|p2a: Tornadus|Bleakwind Storm|p1a: Iron Moth|[miss]
|-miss|p2a: Tornadus|p1a: Iron Moth
|move|p1a: Iron Moth|Fiery Dance|p2a: Tornadus
|-damage|p2a: Tornadus|0 fnt
|-boost|p1a: Iron Moth|spa|1
|faint|p2a: Tornadus
|
|upkeep
|
|t:|1769325389
|switch|p2a: Dragonite|Dragonite, F|100/100
|turn|7
|inactive|Sk021 has 120 seconds left.
|
|t:|1769325398
|-terastallize|p1a: Iron Moth|Fairy
|move|p2a: Dragonite|Extreme Speed|p1a: Iron Moth
|-damage|p1a: Iron Moth|20/100
|move|p1a: Iron Moth|Dazzling Gleam|p2a: Dragonite
|-supereffective|p2a: Dragonite
|-damage|p2a: Dragonite|0 fnt
|faint|p2a: Dragonite
|
|upkeep
|
|t:|1769325409
|switch|p2a: Enamorus|Enamorus, F|100/100
|turn|8
|
|t:|1769325413
|move|p2a: Enamorus|Moonblast|p1a: Iron Moth
|-damage|p1a: Iron Moth|0 fnt
|faint|p1a: Iron Moth
|-end|p1a: Iron Moth|Quark Drive|[silent]
|
|upkeep
|inactive|Sk021 has 120 seconds left.
|
|t:|1769325442
|switch|p1a: Kingambit|Kingambit, M|100/100
|-activate|p1a: Kingambit|ability: Supreme Overlord
|-start|p1a: Kingambit|fallen1|[silent]
|turn|9
|inactive|Sk021 has 120 seconds left.
|
|t:|1769325470
|switch|p2a: Corviknight|Corviknight, F|100/100
|-ability|p2a: Corviknight|Pressure
|move|p1a: Kingambit|Swords Dance|p1a: Kingambit
|-boost|p1a: Kingambit|atk|2
|
|upkeep
|turn|10
|inactive|Sk021 has 120 seconds left.
|
|t:|1769325479
|move|p2a: Corviknight|Iron Head|p1a: Kingambit
|-resisted|p1a: Kingambit
|-damage|p1a: Kingambit|91/100
|move|p1a: Kingambit|Kowtow Cleave|p2a: Corviknight
|-damage|p2a: Corviknight|32/100
|
|-heal|p2a: Corviknight|38/100|[from] item: Leftovers
|-heal|p1a: Kingambit|98/100|[from] item: Leftovers
|upkeep
|turn|11
|inactive|Sk021 has 120 seconds left.
|inactive|maitreyathe has 120 seconds left.
|
|t:|1769325521
|move|p1a: Kingambit|Sucker Punch|p2a: Corviknight
|-damage|p2a: Corviknight|0 fnt
|faint|p2a: Corviknight
|
|-heal|p1a: Kingambit|100/100|[from] item: Leftovers
|upkeep
|
|t:|1769325524
|switch|p2a: Gliscor|Gliscor, M|100/100 tox
|turn|12
|
|t:|1769325531
|-end|p1a: Kingambit|fallen1|[silent]
|switch|p1a: Landorus|Landorus-Therian, M|100/100
|-ability|p1a: Landorus|Intimidate|boost
|-unboost|p2a: Gliscor|atk|1
|move|p2a: Gliscor|Earthquake|p1a: Landorus
|-immune|p1a: Landorus
|
|upkeep
|turn|13
|
|t:|1769325544
|move|p1a: Landorus|Stealth Rock|p2a: Gliscor
|-sidestart|p2: maitreyathe|move: Stealth Rock
|move|p2a: Gliscor|Toxic|p1a: Landorus
|-status|p1a: Landorus|tox
|
|-damage|p1a: Landorus|95/100 tox|[from] psn
|upkeep
|turn|14
|inactive|Sk021 has 120 seconds left.
|
|t:|1769325560
|move|p1a: Landorus|Grass Knot|p2a: Gliscor
|-damage|p2a: Gliscor|83/100 tox
|move|p2a: Gliscor|Stealth Rock|p1a: Landorus
|-sidestart|p1: Sk021|move: Stealth Rock
|
|-damage|p1a: Landorus|83/100 tox|[from] psn
|-heal|p2a: Gliscor|95/100 tox|[from] ability: Poison Heal
|upkeep
|turn|15
|inactive|Sk021 has 120 seconds left.
|
|t:|1769325572
|switch|p1a: Kyurem|Kyurem|94/100
|-damage|p1a: Kyurem|69/100|[from] Stealth Rock
|-ability|p1a: Kyurem|Pressure
|move|p2a: Gliscor|Protect||[still]
|-fail|p2a: Gliscor
|
|-heal|p1a: Kyurem|75/100|[from] item: Leftovers
|-heal|p2a: Gliscor|100/100 tox|[from] ability: Poison Heal
|upkeep
|turn|16
|inactive|Sk021 has 120 seconds left.
|
|t:|1769325585
|switch|p2a: Articuno|Articuno|100/100
|-ability|p2a: Articuno|Pressure
|move|p1a: Kyurem|Protect||[still]
|-fail|p1a: Kyurem
|
|-heal|p1a: Kyurem|81/100|[from] item: Leftovers
|upkeep
|turn|17
|
|t:|1769325589
|move|p1a: Kyurem|Substitute|p1a: Kyurem
|-start|p1a: Kyurem|Substitute
|-damage|p1a: Kyurem|56/100
|move|p2a: Articuno|Substitute|p2a: Articuno
|-start|p2a: Articuno|Substitute
|-damage|p2a: Articuno|76/100
|
|-heal|p1a: Kyurem|63/100|[from] item: Leftovers
|upkeep
|turn|18
|
|t:|1769325604
|move|p1a: Kyurem|Freeze-Dry|p2a: Articuno
|-activate|p2a: Articuno|move: Substitute|[damage]
|move|p2a: Articuno|Freeze-Dry|p1a: Kyurem
|-activate|p1a: Kyurem|move: Substitute|[damage]
|
|-heal|p1a: Kyurem|69/100|[from] item: Leftovers
|upkeep
|turn|19
|
|t:|1769325615
|switch|p1a: Landorus|Landorus-Therian, M|83/100 tox
|-damage|p1a: Landorus|70/100 tox|[from] Stealth Rock
|-ability|p1a: Landorus|Intimidate|boost
|-immune|p2a: Articuno
|move|p2a: Articuno|Freeze-Dry|p1a: Landorus
|-supereffective|p1a: Landorus
|-damage|p1a: Landorus|0 fnt
|faint|p1a: Landorus
|
|upkeep
|inactive|Sk021 has 120 seconds left.
|
|t:|1769325647
|switch|p1a: Kingambit|Kingambit, M|100/100
|-damage|p1a: Kingambit|94/100|[from] Stealth Rock
|-activate|p1a: Kingambit|ability: Supreme Overlord
|-start|p1a: Kingambit|fallen2|[silent]
|turn|20
|
|t:|1769325653
|move|p2a: Articuno|Freeze-Dry|p1a: Kingambit
|-resisted|p1a: Kingambit
|-damage|p1a: Kingambit|83/100
|-status|p1a: Kingambit|frz
|cant|p1a: Kingambit|frz
|
|-heal|p1a: Kingambit|89/100 frz|[from] item: Leftovers
|upkeep
|turn|21
|
|t:|1769325664
|move|p2a: Articuno|Freeze-Dry|p1a: Kingambit
|-resisted|p1a: Kingambit
|-crit|p1a: Kingambit
|-damage|p1a: Kingambit|73/100 frz
|cant|p1a: Kingambit|frz
|
|-heal|p1a: Kingambit|79/100 frz|[from] item: Leftovers
|upkeep
|turn|22
|
|t:|1769325674
|move|p2a: Articuno|Roost|p2a: Articuno
|-heal|p2a: Articuno|100/100
|-singleturn|p2a: Articuno|move: Roost
|cant|p1a: Kingambit|frz
|
|-heal|p1a: Kingambit|85/100 frz|[from] item: Leftovers
|upkeep
|turn|23
|
|t:|1769325685
|switch|p2a: Gliscor|Gliscor, M|100/100 tox
|-damage|p2a: Gliscor|88/100 tox|[from] Stealth Rock
|cant|p1a: Kingambit|frz
|
|-heal|p1a: Kingambit|92/100 frz|[from] item: Leftovers
|-heal|p2a: Gliscor|100/100 tox|[from] ability: Poison Heal
|upkeep
|turn|24
|
|t:|1769325696
|-end|p1a: Kingambit|fallen2|[silent]
|switch|p1a: Hatterene|Hatterene, F|100/100
|-damage|p1a: Hatterene|88/100|[from] Stealth Rock
|move|p2a: Gliscor|Earthquake|p1a: Hatterene
|-damage|p1a: Hatterene|51/100
|
|upkeep
|turn|25
|
|t:|1769325708
|move|p2a: Gliscor|Earthquake|p1a: Hatterene
|-damage|p1a: Hatterene|15/100
|move|p1a: Hatterene|Draining Kiss|p2a: Gliscor
|-damage|p2a: Gliscor|67/100 tox
|-heal|p1a: Hatterene|43/100|[from] drain|[of] p2a: Gliscor
|
|-heal|p2a: Gliscor|79/100 tox|[from] ability: Poison Heal
|upkeep
|turn|26
|inactive|Sk021 has 90 seconds left.
|
|t:|1769325752
|switch|p1a: Kyurem|Kyurem|69/100
|-damage|p1a: Kyurem|44/100|[from] Stealth Rock
|-ability|p1a: Kyurem|Pressure
|move|p2a: Gliscor|Earthquake|p1a: Kyurem
|-damage|p1a: Kyurem|14/100
|
|-heal|p1a: Kyurem|20/100|[from] item: Leftovers
|-heal|p2a: Gliscor|92/100 tox|[from] ability: Poison Heal
|upkeep
|turn|27
|
|t:|1769325764
|move|p2a: Gliscor|Protect|p2a: Gliscor
|-singleturn|p2a: Gliscor|Protect
|move|p1a: Kyurem|Freeze-Dry|p2a: Gliscor
|-activate|p2a: Gliscor|move: Protect
|
|-heal|p1a: Kyurem|26/100|[from] item: Leftovers
|-heal|p2a: Gliscor|100/100 tox|[from] ability: Poison Heal
|upkeep
|turn|28
|
|t:|1769325770
|switch|p2a: Articuno|Articuno|100/100
|-ability|p2a: Articuno|Pressure
|move|p1a: Kyurem|Freeze-Dry|p2a: Articuno
|-damage|p2a: Articuno|81/100
|
|-heal|p1a: Kyurem|33/100|[from] item: Leftovers
|upkeep
|turn|29
|inactive|Sk021 has 90 seconds left.
|
|t:|1769325784
|move|p1a: Kyurem|Freeze-Dry|p2a: Articuno
|-damage|p2a: Articuno|60/100
|move|p2a: Articuno|Freeze-Dry|p1a: Kyurem
|-damage|p1a: Kyurem|10/100
|
|-heal|p1a: Kyurem|17/100|[from] item: Leftovers
|upkeep
|turn|30
|inactive|Sk021 has 90 seconds left.
|
|t:|1769325795
|move|p1a: Kyurem|Freeze-Dry|p2a: Articuno
|-damage|p2a: Articuno|41/100
|move|p2a: Articuno|Freeze-Dry|p1a: Kyurem
|-damage|p1a: Kyurem|0 fnt
|faint|p1a: Kyurem
|
|upkeep
|inactive|Sk021 has 90 seconds left.
|
|t:|1769325804
|switch|p1a: Zamazenta|Zamazenta|100/100
|-damage|p1a: Zamazenta|94/100|[from] Stealth Rock
|-ability|p1a: Zamazenta|Dauntless Shield|boost
|-boost|p1a: Zamazenta|def|1
|turn|31
|inactive|Sk021 has 90 seconds left.
|
|t:|1769325815
|move|p1a: Zamazenta|Substitute|p1a: Zamazenta
|-start|p1a: Zamazenta|Substitute
|-damage|p1a: Zamazenta|69/100
|move|p2a: Articuno|Haze|p2a: Articuno
|-clearallboost
|
|-heal|p1a: Zamazenta|76/100|[from] item: Leftovers
|upkeep
|turn|32
|inactive|Sk021 has 90 seconds left.
|
|t:|1769325826
|move|p1a: Zamazenta|Iron Defense|p1a: Zamazenta
|-boost|p1a: Zamazenta|def|2
|move|p2a: Articuno|Roost|p2a: Articuno
|-heal|p2a: Articuno|91/100
|-singleturn|p2a: Articuno|move: Roost
|
|-heal|p1a: Zamazenta|82/100|[from] item: Leftovers
|upkeep
|turn|33
|inactive|Sk021 has 90 seconds left.
|
|t:|1769325836
|move|p1a: Zamazenta|Body Press|p2a: Articuno
|-damage|p2a: Articuno|39/100
|move|p2a: Articuno|Substitute|p2a: Articuno
|-start|p2a: Articuno|Substitute
|-damage|p2a: Articuno|14/100
|
|-heal|p1a: Zamazenta|88/100|[from] item: Leftovers
|upkeep
|turn|34
|
|t:|1769325848
|move|p1a: Zamazenta|Body Press|p2a: Articuno
|-end|p2a: Articuno|Substitute
|move|p2a: Articuno|Haze|p2a: Articuno
|-clearallboost
|
|-heal|p1a: Zamazenta|94/100|[from] item: Leftovers
|upkeep
|turn|35
|
|t:|1769325857
|move|p1a: Zamazenta|Body Press|p2a: Articuno
|-damage|p2a: Articuno|0 fnt
|faint|p2a: Articuno
|
|-heal|p1a: Zamazenta|100/100|[from] item: Leftovers
|upkeep
|
|t:|1769325861
|switch|p2a: Enamorus|Enamorus, F|100/100
|-damage|p2a: Enamorus|76/100|[from] Stealth Rock
|turn|36
|
|t:|1769325881
|switch|p1a: Hatterene|Hatterene, F|43/100
|-damage|p1a: Hatterene|31/100|[from] Stealth Rock
|-terastallize|p2a: Enamorus|Fairy
|move|p2a: Enamorus|Moonblast|p1a: Hatterene
|-damage|p1a: Hatterene|0 fnt
|faint|p1a: Hatterene
|
|upkeep
|
|t:|1769325893
|switch|p1a: Kingambit|Kingambit, M|92/100 frz
|-damage|p1a: Kingambit|85/100 frz|[from] Stealth Rock
|-activate|p1a: Kingambit|ability: Supreme Overlord
|-start|p1a: Kingambit|fallen4|[silent]
|turn|37
|
|t:|1769325899
|move|p2a: Enamorus|Moonblast|p1a: Kingambit
|-damage|p1a: Kingambit|16/100 frz
|cant|p1a: Kingambit|frz
|
|-heal|p1a: Kingambit|22/100 frz|[from] item: Leftovers
|upkeep
|turn|38
|
|t:|1769325908
|move|p2a: Enamorus|Moonblast|p1a: Kingambit
|-damage|p1a: Kingambit|0 fnt
|faint|p1a: Kingambit
|-end|p1a: Kingambit|fallen4|[silent]
|
|upkeep
|-message|Sk021 forfeited.
|
|win|maitreyathe
|raw|Sk021's rating: 1366 &rarr; <strong>1345</strong><br />(-21 for losing)
|raw|maitreyathe's rating: 1344 &rarr; <strong>1365</strong><br />(+21 for winning)
|l|☆Sk021
|player|p1|
