|j|☆Home114514
|j|☆lucky guy 101
|t:|1769315438
|gametype|singles
|player|p1|Home114514|rocketgrunt|1004
|player|p2|lucky guy 101|266|1054
|gen|9
|tier|[Gen 9] OU
|rated|
|rule|HP Percentage Mod: HP is shown in percentages
|rule|Endless Battle Clause: Forcing endless battles is banned
|rule|Species Clause: Limit one of each Pokémon
|rule|OHKO Clause: OHKO moves are banned
|rule|Evasion Items Clause: Evasion items are banned
|rule|Evasion Moves Clause: Evasion moves are banned
|rule|Evasion Abilities Clause: Evasion abilities are banned
|rule|Sleep Moves Clause: Sleep-inducing moves are banned
|clearpoke
|poke|p1|Gliscor, M|
|poke|p1|Heatran, F|
|poke|p1|Dragonite, M|
|poke|p1|Azumarill, F|
|poke|p1|Conkeldurr, M|
|poke|p1|Kingambit, M|
|poke|p2|Iron Moth|
|poke|p2|Gliscor, F|
|poke|p2|Pecharunt|
|poke|p2|Iron Treads|
|poke|p2|Kingambit, F|
|poke|p2|Deoxys-Speed|
|teampreview
|
|t:|1769315479
|teamsize|p1|6
|teamsize|p2|6
|start
|switch|p1a: Azumarill|Azumarill, F|100/100
|switch|p2a: Deoxys|Deoxys-Speed|100/100
|-ability|p2a: Deoxys|Pressure
|turn|1
|
|t:|1769315492
|move|p2a: Deoxys|Stealth Rock|p1a: Azumarill
|-sidestart|p1: Home114514|move: Stealth Rock
|move|p1a: Azumarill|Belly Drum|p1a: Azumarill
|-damage|p1a: Azumarill|50/100
|-setboost|p1a: Azumarill|atk|6|[from] move: Belly Drum
|
|upkeep
|turn|2
|
|t:|1769315501
|move|p1a: Azumarill|Aqua Jet|p2a: Deoxys
|-damage|p2a: Deoxys|0 fnt
|faint|p2a: Deoxys
|
|upkeep
|
|t:|1769315528
|switch|p2a: Pecharunt|Pecharunt|100/100
|turn|3
|
|t:|1769315538
|move|p1a: Azumarill|Aqua Jet|p2a: Pecharunt
|-damage|p2a: Pecharunt|30/100
|-damage|p1a: Azumarill|34/100|[from] item: Rocky Helmet|[of] p2a: Pecharunt
|move|p2a: Pecharunt|Toxic|p1a: Azumarill
|-status|p1a: Azumarill|tox
|-start|p1a: Azumarill|confusion|[from] ability: Poison Puppeteer|[of] p2a: Pecharunt
|
|-damage|p1a: Azumarill|28/100 tox|[from] psn
|upkeep
|turn|4
|
|t:|1769315553
|-activate|p1a: Azumarill|confusion
|move|p1a: Azumarill|Aqua Jet|p2a: Pecharunt
|-damage|p2a: Pecharunt|0 fnt
|-damage|p1a: Azumarill|11/100 tox|[from] item: Rocky Helmet|[of] p2a: Pecharunt
|faint|p2a: Pecharunt
|
|-damage|p1a: Azumarill|0 fnt|[from] psn
|faint|p1a: Azumarill
|upkeep
|
|t:|1769315564
|switch|p2a: Gliscor|Gliscor, F|100/100
|switch|p1a: Heatran|Heatran, F|100/100
|-damage|p1a: Heatran|88/100|[from] Stealth Rock
|turn|5
|
|t:|1769315577
|move|p2a: Gliscor|Spikes|p1a: Heatran
|-sidestart|p1: Home114514|Spikes
|move|p1a: Heatran|Heavy Slam|p2a: Gliscor
|-damage|p2a: Gliscor|78/100
|
|-status|p2a: Gliscor|tox|[from] item: Toxic Orb
|upkeep
|turn|6
|
|t:|1769315588
|move|p2a: Gliscor|Spikes|p1a: Heatran
|-sidestart|p1: Home114514|Spikes
|move|p1a: Heatran|Stealth Rock|p2a: Gliscor
|-sidestart|p2: lucky guy 101|move: Stealth Rock
|
|-heal|p2a: Gliscor|91/100 tox|[from] ability: Poison Heal
|upkeep
|turn|7
|
|t:|1769315597
|move|p2a: Gliscor|Spikes|p1a: Heatran
|-sidestart|p1: Home114514|Spikes
|move|p1a: Heatran|Fire Blast|p2a: Gliscor
|-damage|p2a: Gliscor|7/100 tox
|
|-heal|p2a: Gliscor|20/100 tox|[from] ability: Poison Heal
|upkeep
|turn|8
|
|t:|1769315621
|switch|p2a: Iron Moth|Iron Moth|100/100
|-damage|p2a: Iron Moth|76/100|[from] Stealth Rock
|-enditem|p2a: Iron Moth|Booster Energy
|-activate|p2a: Iron Moth|ability: Quark Drive|[fromitem]
|-start|p2a: Iron Moth|quarkdrivespa
|move|p1a: Heatran|Fire Blast|p2a: Iron Moth
|-resisted|p2a: Iron Moth
|-damage|p2a: Iron Moth|45/100
|
|upkeep
|turn|9
|
|t:|1769315641
|-end|p2a: Iron Moth|Quark Drive|[silent]
|switch|p2a: Gliscor|Gliscor, F|20/100 tox
|-damage|p2a: Gliscor|7/100 tox|[from] Stealth Rock
|move|p1a: Heatran|Iron Defense|p1a: Heatran
|-boost|p1a: Heatran|def|2
|
|-heal|p2a: Gliscor|20/100 tox|[from] ability: Poison Heal
|upkeep
|turn|10
|
|t:|1769315654
|move|p2a: Gliscor|Toxic|p1a: Heatran
|-immune|p1a: Heatran
|move|p1a: Heatran|Fire Blast|p2a: Gliscor
|-damage|p2a: Gliscor|0 fnt
|faint|p2a: Gliscor
|
|upkeep
|
|t:|1769315665
|switch|p2a: Iron Treads|Iron Treads|100/100
|-damage|p2a: Iron Treads|98/100|[from] Stealth Rock
|-enditem|p2a: Iron Treads|Booster Energy
|-activate|p2a: Iron Treads|ability: Quark Drive|[fromitem]
|-start|p2a: Iron Treads|quarkdrivespe
|turn|11
|
|t:|1769315677
|-terastallize|p2a: Iron Treads|Ground
|move|p2a: Iron Treads|Earthquake|p1a: Heatran
|-supereffective|p1a: Heatran
|-damage|p1a: Heatran|1/100
|move|p1a: Heatran|Fire Blast|p2a: Iron Treads
|-damage|p2a: Iron Treads|25/100
|
|upkeep
|turn|12
|
|t:|1769315689
|move|p2a: Iron Treads|Rapid Spin|p1a: Heatran
|-resisted|p1a: Heatran
|-damage|p1a: Heatran|0 fnt
|-boost|p2a: Iron Treads|spe|1
|-sideend|p2: lucky guy 101|Stealth Rock|[from] move: Rapid Spin|[of] p2a: Iron Treads
|faint|p1a: Heatran
|
|upkeep
|
|t:|1769315698
|switch|p1a: Conkeldurr|Conkeldurr, M|100/100
|-damage|p1a: Conkeldurr|94/100|[from] Stealth Rock
|-damage|p1a: Conkeldurr|70/100|[from] Spikes
|turn|13
|
|t:|1769315708
|move|p2a: Iron Treads|Iron Defense|p2a: Iron Treads
|-boost|p2a: Iron Treads|def|2
|move|p1a: Conkeldurr|Defog|p2a: Iron Treads
|-unboost|p2a: Iron Treads|evasion|1
|-sideend|p1: Home114514|Spikes|[from] move: Defog|[of] p1a: Conkeldurr
|-sideend|p1: Home114514|Stealth Rock|[from] move: Defog|[of] p1a: Conkeldurr
|
|-status|p1a: Conkeldurr|brn|[from] item: Flame Orb
|upkeep
|turn|14
|
|t:|1769315721
|move|p2a: Iron Treads|Earthquake|p1a: Conkeldurr
|-damage|p1a: Conkeldurr|26/100 brn
|move|p1a: Conkeldurr|Drain Punch|p2a: Iron Treads
|-damage|p2a: Iron Treads|0 fnt
|-heal|p1a: Conkeldurr|37/100 brn|[from] drain|[of] p2a: Iron Treads
|faint|p2a: Iron Treads
|-end|p2a: Iron Treads|Quark Drive|[silent]
|
|-damage|p1a: Conkeldurr|31/100 brn|[from] brn
|upkeep
|
|t:|1769315730
|switch|p2a: Iron Moth|Iron Moth|45/100
|turn|15
|
|t:|1769315738
|move|p2a: Iron Moth|Fiery Dance|p1a: Conkeldurr
|-damage|p1a: Conkeldurr|0 fnt
|-boost|p2a: Iron Moth|spa|1
|faint|p1a: Conkeldurr
|
|upkeep
|
|t:|1769315746
|switch|p1a: Dragonite|Dragonite, M|100/100
|turn|16
|
|t:|1769315754
|move|p2a: Iron Moth|Fiery Dance|p1a: Dragonite
|-resisted|p1a: Dragonite
|-damage|p1a: Dragonite|84/100
|move|p1a: Dragonite|Dragon Dance|p1a: Dragonite
|-boost|p1a: Dragonite|atk|1
|-boost|p1a: Dragonite|spe|1
|
|-heal|p1a: Dragonite|90/100|[from] item: Leftovers
|upkeep
|turn|17
|
|t:|1769315769
|move|p1a: Dragonite|Dragon Claw|p2a: Iron Moth
|-damage|p2a: Iron Moth|0 fnt
|faint|p2a: Iron Moth
|-end|p2a: Iron Moth|Quark Drive|[silent]
|
|-heal|p1a: Dragonite|96/100|[from] item: Leftovers
|upkeep
|
|t:|1769315775
|switch|p2a: Kingambit|Kingambit, F|100/100
|-activate|p2a: Kingambit|ability: Supreme Overlord
|-start|p2a: Kingambit|fallen5|[silent]
|turn|18
|
|t:|1769315783
|move|p1a: Dragonite|Protect|p1a: Dragonite
|-singleturn|p1a: Dragonite|Protect
|move|p2a: Kingambit|Swords Dance|p2a: Kingambit
|-boost|p2a: Kingambit|atk|2
|
|-heal|p1a: Dragonite|100/100|[from] item: Leftovers
|upkeep
|turn|19
|
|t:|1769315796
|move|p1a: Dragonite|Extreme Speed|p2a: Kingambit
|-resisted|p2a: Kingambit
|-damage|p2a: Kingambit|84/100
|move|p2a: Kingambit|Swords Dance|p2a: Kingambit
|-boost|p2a: Kingambit|atk|2
|
|upkeep
|turn|20
|
|t:|1769315806
|move|p1a: Dragonite|Dragon Claw|p2a: Kingambit
|-resisted|p2a: Kingambit
|-damage|p2a: Kingambit|61/100
|move|p2a: Kingambit|Swords Dance|p2a: Kingambit
|-boost|p2a: Kingambit|atk|2
|
|upkeep
|turn|21
|
|t:|1769315830
|move|p2a: Kingambit|Sucker Punch|p1a: Dragonite
|-damage|p1a: Dragonite|0 fnt
|faint|p1a: Dragonite
|
|upkeep
|
|t:|1769315836
|switch|p1a: 超阴间|Gliscor, M|100/100
|turn|22
|
|t:|1769315857
|move|p1a: 超阴间|Protect|p1a: 超阴间
|-singleturn|p1a: 超阴间|Protect
|move|p2a: Kingambit|Iron Head|p1a: 超阴间
|-activate|p1a: 超阴间|move: Protect
|
|-status|p1a: 超阴间|tox|[from] item: Toxic Orb
|upkeep
|turn|23
|
|t:|1769315869
|move|p2a: Kingambit|Sucker Punch||[still]
|-fail|p2a: Kingambit
|move|p1a: 超阴间|Toxic|p2a: Kingambit
|-immune|p2a: Kingambit
|
|upkeep
|turn|24
|
|t:|1769315884
|move|p1a: 超阴间|Substitute|p1a: 超阴间
|-start|p1a: 超阴间|Substitute
|-damage|p1a: 超阴间|76/100 tox
|move|p2a: Kingambit|Iron Head|p1a: 超阴间
|-end|p1a: 超阴间|Substitute
|
|-heal|p1a: 超阴间|88/100 tox|[from] ability: Poison Heal
|upkeep
|turn|25
|
|t:|1769315894
|move|p1a: 超阴间|Spikes|p2a: Kingambit
|-sidestart|p2: lucky guy 101|Spikes
|move|p2a: Kingambit|Iron Head|p1a: 超阴间
|-damage|p1a: 超阴间|0 fnt
|faint|p1a: 超阴间
|
|upkeep
|
|t:|1769315901
|switch|p1a: Kingambit|Kingambit, M|100/100
|-activate|p1a: Kingambit|ability: Supreme Overlord
|-start|p1a: Kingambit|fallen5|[silent]
|turn|26
|
|t:|1769315911
|-terastallize|p1a: Kingambit|Dark
|move|p1a: Kingambit|Sucker Punch|p2a: Kingambit
|-resisted|p2a: Kingambit
|-damage|p2a: Kingambit|23/100
|move|p2a: Kingambit|Kowtow Cleave|p1a: Kingambit
|-resisted|p1a: Kingambit
|-damage|p1a: Kingambit|0 fnt
|faint|p1a: Kingambit
|-end|p1a: Kingambit|fallen5|[silent]
|
|win|lucky guy 101
|raw|Home114514's rating: 1004 &rarr; <strong>1000</strong><br />(-4 for losing)
|raw|lucky guy 101's rating: 1054 &rarr; <strong>1081</strong><br />(+27 for winning)
