|j|☆CambridgeFoulPlay
|j|☆blckd out
|t:|1769355150
|gametype|singles
|player|p1|CambridgeFoulPlay|266|1727
|player|p2|blckd out|lucas-gen4pt|1682
|gen|9
|tier|[Gen 9] OU
|rated|
|rule|HP Percentage Mod: HP is shown in percentages
|rule|Endless Battle Clause: Forcing endless battles is banned
|rule|Species Clause: Limit one of each Pokémon
|rule|OHKO Clause: OHKO moves are banned
|rule|Evasion Items Clause: Evasion items are banned
|rule|Evasion Moves Clause: Evasion moves are banned
|rule|Evasion Abilities Clause: Evasion abilities are banned
|rule|Sleep Moves Clause: Sleep-inducing moves are banned
|clearpoke
|poke|p1|Hydrapple, M|
|poke|p1|Tyranitar, F|
|poke|p1|Moltres|
|poke|p1|Zamazenta-*|
|poke|p1|Slowking-Galar, M|
|poke|p1|Excadrill, F|
|poke|p2|Gholdengo|
|poke|p2|Raging Bolt|
|poke|p2|Ceruledge, F|
|poke|p2|Ribombee, M|
|poke|p2|Ogerpon-Wellspring, F|
|poke|p2|Great Tusk|
|teampreview
|
|t:|1769355153
|teamsize|p1|6
|teamsize|p2|6
|start
|switch|p1a: Tyranitar|Tyranitar, F|100/100
|switch|p2a: Ceruledge|Ceruledge, F|100/100
|-weather|Sandstorm|[from] ability: Sand Stream|[of] p1a: Tyranitar
|turn|1
|c|☆CambridgeFoulPlay|hf
|inactive|Battle timer is ON: inactive players will automatically lose when time's up. (requested by blckd out)
|inactive|CambridgeFoulPlay also wants the timer to be on.
|
|t:|1769355156
|move|p2a: Ceruledge|Close Combat|p1a: Tyranitar
|-supereffective|p1a: Tyranitar
|-damage|p1a: Tyranitar|0 fnt
|-unboost|p2a: Ceruledge|def|1
|-unboost|p2a: Ceruledge|spd|1
|faint|p1a: Tyranitar
|
|-weather|Sandstorm|[upkeep]
|-damage|p2a: Ceruledge|94/100|[from] Sandstorm
|upkeep
|
|t:|1769355159
|switch|p1a: Excadrill|Excadrill, F|100/100
|-item|p1a: Excadrill|Air Balloon
|turn|2
|
|t:|1769355164
|switch|p2a: Gholdengo|Gholdengo|100/100
|-item|p2a: Gholdengo|Air Balloon
|move|p1a: Excadrill|Earthquake|p2a: Gholdengo
|-immune|p2a: Gholdengo
|
|-weather|Sandstorm|[upkeep]
|upkeep
|turn|3
|
|t:|1769355169
|move|p1a: Excadrill|Iron Head|p2a: Gholdengo
|-resisted|p2a: Gholdengo
|-damage|p2a: Gholdengo|77/100
|-enditem|p2a: Gholdengo|Air Balloon
|cant|p2a: Gholdengo|flinch
|
|-weather|Sandstorm|[upkeep]
|upkeep
|turn|4
|
|t:|1769355178
|switch|p2a: Ogerpon|Ogerpon-Wellspring, F|100/100
|move|p1a: Excadrill|Earthquake|p2a: Ogerpon
|-resisted|p2a: Ogerpon
|-damage|p2a: Ogerpon|64/100
|
|-weather|Sandstorm|[upkeep]
|-damage|p2a: Ogerpon|58/100|[from] Sandstorm
|upkeep
|turn|5
|
|t:|1769355183
|switch|p1a: Hydrapple|Hydrapple, M|100/100
|move|p2a: Ogerpon|Ivy Cudgel|p1a: Hydrapple|[anim] Ivy Cudgel Water
|-resisted|p1a: Hydrapple
|-damage|p1a: Hydrapple|92/100
|
|-weather|Sandstorm|[upkeep]
|-damage|p2a: Ogerpon|52/100|[from] Sandstorm
|-damage|p1a: Hydrapple|86/100|[from] Sandstorm
|upkeep
|turn|6
|
|t:|1769355187
|switch|p2a: Ribombee|Ribombee, M|100/100
|move|p1a: Hydrapple|Earth Power|p2a: Ribombee
|-resisted|p2a: Ribombee
|-crit|p2a: Ribombee
|-damage|p2a: Ribombee|64/100
|
|-weather|Sandstorm|[upkeep]
|-damage|p2a: Ribombee|58/100|[from] Sandstorm
|-damage|p1a: Hydrapple|80/100|[from] Sandstorm
|upkeep
|turn|7
|
|t:|1769355191
|switch|p1a: Excadrill|Excadrill, F|100/100
|-item|p1a: Excadrill|Air Balloon
|move|p2a: Ribombee|Sticky Web|p1a: Excadrill
|-sidestart|p1: CambridgeFoulPlay|move: Sticky Web
|
|-weather|Sandstorm|[upkeep]
|-damage|p2a: Ribombee|52/100|[from] Sandstorm
|upkeep
|turn|8
|
|t:|1769355193
|move|p1a: Excadrill|Earthquake|p2a: Ribombee
|-resisted|p2a: Ribombee
|-damage|p2a: Ribombee|4/100
|move|p2a: Ribombee|Stun Spore|p1a: Excadrill|[miss]
|-miss|p2a: Ribombee|p1a: Excadrill
|
|-weather|none
|upkeep
|turn|9
|
|t:|1769355198
|move|p2a: Ribombee|Stun Spore|p1a: Excadrill
|-status|p1a: Excadrill|par
|cant|p1a: Excadrill|par
|
|upkeep
|turn|10
|
|t:|1769355203
|switch|p2a: Gholdengo|Gholdengo|77/100
|move|p1a: Excadrill|Rapid Spin|p2a: Gholdengo
|-immune|p2a: Gholdengo
|
|upkeep
|turn|11
|
|t:|1769355208
|move|p2a: Gholdengo|Shadow Ball|p1a: Excadrill
|-damage|p1a: Excadrill|43/100 par
|-unboost|p1a: Excadrill|spd|1
|-enditem|p1a: Excadrill|Air Balloon
|cant|p1a: Excadrill|par
|
|upkeep
|turn|12
|
|t:|1769355210
|move|p2a: Gholdengo|Shadow Ball|p1a: Excadrill
|-crit|p1a: Excadrill
|-damage|p1a: Excadrill|0 fnt
|faint|p1a: Excadrill
|
|upkeep
|
|t:|1769355213
|switch|p1a: Moltres|Moltres|100/100
|turn|13
|j| lianklk
|inactive|blckd out has 120 seconds left.
|
|t:|1769355259
|switch|p2a: Ribombee|Ribombee, M|4/100
|move|p1a: Moltres|Flamethrower|p2a: Ribombee
|-supereffective|p2a: Ribombee
|-damage|p2a: Ribombee|0 fnt
|faint|p2a: Ribombee
|
|upkeep
|
|t:|1769355261
|switch|p2a: Ogerpon|Ogerpon-Wellspring, F|52/100
|turn|14
|
|t:|1769355263
|move|p2a: Ogerpon|Swords Dance|p2a: Ogerpon
|-boost|p2a: Ogerpon|atk|2
|move|p1a: Moltres|U-turn|p2a: Ogerpon
|-supereffective|p2a: Ogerpon
|-damage|p2a: Ogerpon|13/100
|
|t:|1769355266
|switch|p1a: Hydrapple|Hydrapple, M|100/100|[from] U-turn
|
|upkeep
|turn|15
|
|t:|1769355269
|move|p2a: Ogerpon|Play Rough|p1a: Hydrapple
|-supereffective|p1a: Hydrapple
|-damage|p1a: Hydrapple|15/100
|move|p1a: Hydrapple|Fickle Beam|p2a: Ogerpon|[anim] Fickle Beam All Out
|-activate|p1a: Hydrapple|move: Fickle Beam
|-damage|p2a: Ogerpon|0 fnt
|faint|p2a: Ogerpon
|
|upkeep
|
|t:|1769355274
|switch|p2a: Gholdengo|Gholdengo|77/100
|turn|16
|
|t:|1769355276
|switch|p1a: Moltres|Moltres|100/100
|move|p2a: Gholdengo|Shadow Ball|p1a: Moltres
|-damage|p1a: Moltres|50/100
|
|upkeep
|turn|17
|
|t:|1769355281
|move|p2a: Gholdengo|Shadow Ball|p1a: Moltres
|-damage|p1a: Moltres|5/100
|move|p1a: Moltres|Flamethrower|p2a: Gholdengo
|-supereffective|p2a: Gholdengo
|-damage|p2a: Gholdengo|0 fnt
|faint|p2a: Gholdengo
|
|upkeep
|
|t:|1769355287
|switch|p2a: Ceruledge|Ceruledge, F|94/100
|turn|18
|
|t:|1769355290
|switch|p1a: Zamazenta|Zamazenta|100/100
|-activate|p1a: Zamazenta|move: Sticky Web
|-unboost|p1a: Zamazenta|spe|1
|-ability|p1a: Zamazenta|Dauntless Shield|boost
|-boost|p1a: Zamazenta|def|1
|move|p2a: Ceruledge|Bitter Blade|p1a: Zamazenta
|-damage|p1a: Zamazenta|74/100
|-heal|p2a: Ceruledge|100/100|[from] drain|[of] p1a: Zamazenta
|
|-heal|p1a: Zamazenta|80/100|[from] item: Leftovers
|upkeep
|turn|19
|
|t:|1769355293
|move|p1a: Zamazenta|Iron Defense|p1a: Zamazenta
|-boost|p1a: Zamazenta|def|2
|move|p2a: Ceruledge|Swords Dance|p2a: Ceruledge
|-boost|p2a: Ceruledge|atk|2
|
|-heal|p1a: Zamazenta|87/100|[from] item: Leftovers
|upkeep
|turn|20
|
|t:|1769355295
|move|p1a: Zamazenta|Crunch|p2a: Ceruledge
|-supereffective|p2a: Ceruledge
|-damage|p2a: Ceruledge|35/100
|-ability|p2a: Ceruledge|Weak Armor|boost
|-unboost|p2a: Ceruledge|def|1
|-boost|p2a: Ceruledge|spe|2
|move|p2a: Ceruledge|Swords Dance|p2a: Ceruledge
|-boost|p2a: Ceruledge|atk|2
|
|-heal|p1a: Zamazenta|93/100|[from] item: Leftovers
|upkeep
|turn|21
|
|t:|1769355298
|move|p2a: Ceruledge|Bitter Blade|p1a: Zamazenta
|-damage|p1a: Zamazenta|46/100
|-heal|p2a: Ceruledge|61/100|[from] drain|[of] p1a: Zamazenta
|move|p1a: Zamazenta|Crunch|p2a: Ceruledge
|-supereffective|p2a: Ceruledge
|-damage|p2a: Ceruledge|0 fnt
|faint|p2a: Ceruledge
|
|-heal|p1a: Zamazenta|52/100|[from] item: Leftovers
|upkeep
|
|t:|1769355303
|switch|p2a: Raging Bolt|Raging Bolt|100/100
|-enditem|p2a: Raging Bolt|Booster Energy
|-activate|p2a: Raging Bolt|ability: Protosynthesis|[fromitem]
|-start|p2a: Raging Bolt|protosynthesisspa
|turn|22
|
|t:|1769355306
|move|p1a: Zamazenta|Body Press|p2a: Raging Bolt
|-damage|p2a: Raging Bolt|9/100
|move|p2a: Raging Bolt|Dragon Pulse|p1a: Zamazenta
|-damage|p1a: Zamazenta|0 fnt
|faint|p1a: Zamazenta
|
|upkeep
|
|t:|1769355309
|switch|p1a: Slowking|Slowking-Galar, M|100/100
|-activate|p1a: Slowking|move: Sticky Web
|-unboost|p1a: Slowking|spe|1
|turn|23
|
|t:|1769355314
|move|p2a: Raging Bolt|Discharge|p1a: Slowking
|-damage|p1a: Slowking|70/100
|-status|p1a: Slowking|par
|cant|p1a: Slowking|par
|
|upkeep
|turn|24
|
|t:|1769355317
|move|p2a: Raging Bolt|Discharge|p1a: Slowking
|-damage|p1a: Slowking|35/100 par
|move|p1a: Slowking|Ice Beam|p2a: Raging Bolt
|-supereffective|p2a: Raging Bolt
|-damage|p2a: Raging Bolt|0 fnt
|faint|p2a: Raging Bolt
|-end|p2a: Raging Bolt|Protosynthesis|[silent]
|
|upkeep
|
|t:|1769355322
|switch|p2a: Great Tusk|Great Tusk|100/100
|-enditem|p2a: Great Tusk|Booster Energy
|-activate|p2a: Great Tusk|ability: Protosynthesis|[fromitem]
|-start|p2a: Great Tusk|protosynthesisatk
|turn|25
|
|t:|1769355324
|switch|p1a: Hydrapple|Hydrapple, M|48/100
|move|p2a: Great Tusk|Headlong Rush|p1a: Hydrapple
|-resisted|p1a: Hydrapple
|-damage|p1a: Hydrapple|22/100
|-unboost|p2a: Great Tusk|def|1
|-unboost|p2a: Great Tusk|spd|1
|
|upkeep
|turn|26
|
|t:|1769355327
|switch|p1a: Moltres|Moltres|5/100
|move|p2a: Great Tusk|Ice Spinner|p1a: Moltres
|-damage|p1a: Moltres|0 fnt
|faint|p1a: Moltres
|
|upkeep
|
|t:|1769355330
|switch|p1a: Slowking|Slowking-Galar, M|68/100 par
|-activate|p1a: Slowking|move: Sticky Web
|-unboost|p1a: Slowking|spe|1
|turn|27
|
|t:|1769355332
|switch|p1a: Hydrapple|Hydrapple, M|56/100
|move|p2a: Great Tusk|Headlong Rush|p1a: Hydrapple
|-resisted|p1a: Hydrapple
|-damage|p1a: Hydrapple|30/100
|-unboost|p2a: Great Tusk|def|1
|-unboost|p2a: Great Tusk|spd|1
|
|upkeep
|turn|28
|
|t:|1769355335
|move|p2a: Great Tusk|Ice Spinner|p1a: Hydrapple
|-supereffective|p1a: Hydrapple
|-damage|p1a: Hydrapple|0 fnt
|faint|p1a: Hydrapple
|
|upkeep
|
|t:|1769355337
|switch|p1a: Slowking|Slowking-Galar, M|100/100 par
|-activate|p1a: Slowking|move: Sticky Web
|-unboost|p1a: Slowking|spe|1
|turn|29
|
|t:|1769355339
|-terastallize|p1a: Slowking|Grass
|move|p2a: Great Tusk|Headlong Rush|p1a: Slowking
|-resisted|p1a: Slowking
|-crit|p1a: Slowking
|-damage|p1a: Slowking|54/100 par
|-unboost|p2a: Great Tusk|def|1
|-unboost|p2a: Great Tusk|spd|1
|cant|p1a: Slowking|par
|
|upkeep
|turn|30
|
|t:|1769355348
|-terastallize|p2a: Great Tusk|Ghost
|move|p2a: Great Tusk|Ice Spinner|p1a: Slowking
|-supereffective|p1a: Slowking
|-damage|p1a: Slowking|0 fnt
|faint|p1a: Slowking
|
|win|blckd out
|raw|CambridgeFoulPlay's rating: 1727 &rarr; <strong>1706</strong><br />(-21 for losing)
|raw|blckd out's rating: 1704 &rarr; <strong>1725</strong><br />(+21 for winning)
|c|☆CambridgeFoulPlay|gg
