|j|☆Keroki
|j|☆kyuremhardwin
|t:|1769319865
|gametype|singles
|player|p1|Keroki|wallace|1356
|player|p2|kyuremhardwin|169|1345
|gen|9
|tier|[Gen 9] OU
|rated|
|rule|HP Percentage Mod: HP is shown in percentages
|rule|Endless Battle Clause: Forcing endless battles is banned
|rule|Species Clause: Limit one of each Pokémon
|rule|OHKO Clause: OHKO moves are banned
|rule|Evasion Items Clause: Evasion items are banned
|rule|Evasion Moves Clause: Evasion moves are banned
|rule|Evasion Abilities Clause: Evasion abilities are banned
|rule|Sleep Moves Clause: Sleep-inducing moves are banned
|clearpoke
|poke|p1|Ting-Lu|
|poke|p1|Ogerpon-Wellspring, F|
|poke|p1|Iron Crown|
|poke|p1|Pecharunt|
|poke|p1|Dragonite, M|
|poke|p1|Zamazenta-*|
|poke|p2|Kyurem|
|poke|p2|Blissey, F|
|poke|p2|Talonflame, M|
|poke|p2|Weezing-Galar, M|
|poke|p2|Dondozo, F|
|poke|p2|Cresselia, F|
|teampreview
|
|t:|1769319875
|teamsize|p1|6
|teamsize|p2|6
|start
|switch|p1a: Iron Crown|Iron Crown|100/100
|switch|p2a: Kyurem|Kyurem|100/100
|-ability|p2a: Kyurem|Pressure
|turn|1
|
|t:|1769319880
|move|p2a: Kyurem|Protect|p2a: Kyurem
|-singleturn|p2a: Kyurem|Protect
|move|p1a: Iron Crown|Tachyon Cutter|p2a: Kyurem
|-activate|p2a: Kyurem|move: Protect
|
|upkeep
|turn|2
|j| matiass892
|
|t:|1769319892
|switch|p2a: Blissey|Blissey, F|100/100
|move|p1a: Iron Crown|Tachyon Cutter|p2a: Blissey
|-damage|p2a: Blissey|87/100
|-damage|p2a: Blissey|74/100
|-hitcount|p2a: Blissey|2
|
|-heal|p2a: Blissey|80/100|[from] item: Leftovers
|upkeep
|turn|3
|
|t:|1769319903
|-end|p1a: Iron Crown|Quark Drive|[silent]
|switch|p1a: Dragonite|Dragonite, M|100/100
|move|p2a: Blissey|Shadow Ball|p1a: Dragonite
|-damage|p1a: Dragonite|93/100
|-unboost|p1a: Dragonite|spd|1
|
|-heal|p2a: Blissey|86/100|[from] item: Leftovers
|upkeep
|turn|4
|
|t:|1769319921
|switch|p2a: Talonflame|Talonflame, M|100/100
|move|p1a: Dragonite|Encore||[still]
|-fail|p1a: Dragonite
|
|upkeep
|turn|5
|
|t:|1769319949
|switch|p2a: Cresselia|Cresselia, F|100/100
|switch|p1a: Ting-Lu|Ting-Lu|100/100
|-ability|p1a: Ting-Lu|Vessel of Ruin
|
|upkeep
|turn|6
|
|t:|1769319956
|switch|p2a: Kyurem|Kyurem|100/100
|-ability|p2a: Kyurem|Pressure
|move|p1a: Ting-Lu|Stealth Rock|p2a: Kyurem
|-sidestart|p2: kyuremhardwin|move: Stealth Rock
|
|upkeep
|turn|7
|
|t:|1769319962
|move|p2a: Kyurem|Freeze-Dry|p1a: Ting-Lu
|-supereffective|p1a: Ting-Lu
|-damage|p1a: Ting-Lu|73/100
|move|p1a: Ting-Lu|Whirlwind|p2a: Kyurem
|drag|p2a: Talonflame|Talonflame, M|100/100
|
|-heal|p1a: Ting-Lu|79/100|[from] item: Leftovers
|upkeep
|turn|8
|
|t:|1769319970
|move|p2a: Talonflame|Will-O-Wisp|p1a: Ting-Lu
|-status|p1a: Ting-Lu|brn
|move|p1a: Ting-Lu|Ruination|p2a: Talonflame
|-damage|p2a: Talonflame|50/100
|
|-heal|p1a: Ting-Lu|86/100 brn|[from] item: Leftovers
|-damage|p1a: Ting-Lu|79/100 brn|[from] brn
|upkeep
|turn|9
|
|t:|1769319977
|move|p2a: Talonflame|Roost|p2a: Talonflame
|-heal|p2a: Talonflame|100/100
|-singleturn|p2a: Talonflame|move: Roost
|move|p1a: Ting-Lu|Earthquake|p2a: Talonflame
|-supereffective|p2a: Talonflame
|-damage|p2a: Talonflame|65/100
|
|-heal|p1a: Ting-Lu|86/100 brn|[from] item: Leftovers
|-damage|p1a: Ting-Lu|79/100 brn|[from] brn
|upkeep
|turn|10
|
|t:|1769319984
|move|p2a: Talonflame|Defog|p1a: Ting-Lu
|-unboost|p1a: Ting-Lu|evasion|1
|-sideend|p2: kyuremhardwin|Stealth Rock|[from] move: Defog|[of] p2a: Talonflame
|move|p1a: Ting-Lu|Ruination|p2a: Talonflame
|-damage|p2a: Talonflame|33/100
|
|-heal|p1a: Ting-Lu|86/100 brn|[from] item: Leftovers
|-damage|p1a: Ting-Lu|79/100 brn|[from] brn
|upkeep
|turn|11
|
|t:|1769319989
|switch|p1a: Dragonite|Dragonite, M|93/100
|move|p2a: Talonflame|Roost|p2a: Talonflame
|-heal|p2a: Talonflame|83/100
|-singleturn|p2a: Talonflame|move: Roost
|
|upkeep
|turn|12
|
|t:|1769319995
|switch|p2a: Cresselia|Cresselia, F|100/100
|switch|p1a: Ting-Lu|Ting-Lu|79/100 brn
|-ability|p1a: Ting-Lu|Vessel of Ruin
|
|-heal|p1a: Ting-Lu|86/100 brn|[from] item: Leftovers
|-damage|p1a: Ting-Lu|79/100 brn|[from] brn
|upkeep
|turn|13
|
|t:|1769320005
|switch|p2a: Kyurem|Kyurem|100/100
|-ability|p2a: Kyurem|Pressure
|move|p1a: Ting-Lu|Ruination|p2a: Kyurem
|-damage|p2a: Kyurem|50/100
|
|-heal|p2a: Kyurem|57/100|[from] item: Leftovers
|-heal|p1a: Ting-Lu|86/100 brn|[from] item: Leftovers
|-damage|p1a: Ting-Lu|79/100 brn|[from] brn
|upkeep
|turn|14
|
|t:|1769320019
|move|p2a: Kyurem|Freeze-Dry|p1a: Ting-Lu
|-supereffective|p1a: Ting-Lu
|-damage|p1a: Ting-Lu|49/100 brn
|move|p1a: Ting-Lu|Stealth Rock|p2a: Kyurem
|-sidestart|p2: kyuremhardwin|move: Stealth Rock
|
|-heal|p2a: Kyurem|63/100|[from] item: Leftovers
|-heal|p1a: Ting-Lu|55/100 brn|[from] item: Leftovers
|-damage|p1a: Ting-Lu|49/100 brn|[from] brn
|upkeep
|turn|15
|
|t:|1769320036
|switch|p1a: Iron Crown|Iron Crown|100/100
|move|p2a: Kyurem|Freeze-Dry|p1a: Iron Crown
|-resisted|p1a: Iron Crown
|-damage|p1a: Iron Crown|82/100
|-status|p1a: Iron Crown|frz
|
|-heal|p2a: Kyurem|69/100|[from] item: Leftovers
|upkeep
|turn|16
|
|t:|1769320046
|cant|p1a: Iron Crown|frz
|move|p2a: Kyurem|Earth Power|p1a: Iron Crown
|-supereffective|p1a: Iron Crown
|-damage|p1a: Iron Crown|20/100 frz
|-unboost|p1a: Iron Crown|spd|1
|
|-heal|p2a: Kyurem|75/100|[from] item: Leftovers
|upkeep
|turn|17
|-message|Keroki forfeited.
|
|win|kyuremhardwin
|raw|Keroki's rating: 1356 &rarr; <strong>1335</strong><br />(-21 for losing)
|raw|kyuremhardwin's rating: 1345 &rarr; <strong>1366</strong><br />(+21 for winning)
|l|☆Keroki
|player|p1|
|l|☆kyuremhardwin
|player|p2|
|l| matiass892
