|j|☆BurlyNut
|j|☆shotblade
|t:|1769407359
|gametype|singles
|player|p1|BurlyNut|steven|1134
|player|p2|shotblade|265|1058
|gen|9
|tier|[Gen 9] OU
|rated|
|rule|HP Percentage Mod: HP is shown in percentages
|rule|Endless Battle Clause: Forcing endless battles is banned
|rule|Species Clause: Limit one of each Pokémon
|rule|OHKO Clause: OHKO moves are banned
|rule|Evasion Items Clause: Evasion items are banned
|rule|Evasion Moves Clause: Evasion moves are banned
|rule|Evasion Abilities Clause: Evasion abilities are banned
|rule|Sleep Moves Clause: Sleep-inducing moves are banned
|clearpoke
|poke|p1|Deoxys-Speed|
|poke|p1|Barraskewda, M|
|poke|p1|Weavile, F|
|poke|p1|Electrode-Hisui|
|poke|p1|Iron Valiant|
|poke|p1|Dragapult, M|
|poke|p2|Yanmega, M|
|poke|p2|Araquanid, M|
|poke|p2|Scizor, M|
|poke|p2|Slither Wing|
|poke|p2|Ariados, M|
|poke|p2|Kleavor, F|
|teampreview
|inactive|Battle timer is ON: inactive players will automatically lose when time's up. (requested by BurlyNut)
|
|t:|1769407362
|teamsize|p1|6
|teamsize|p2|6
|start
|switch|p1a: Electrode|Electrode-Hisui, shiny|100/100
|switch|p2a: Scizor|Scizor, M|100/100
|turn|1
|
|t:|1769407373
|move|p1a: Electrode|Leech Seed|p2a: Scizor
|-start|p2a: Scizor|move: Leech Seed
|move|p2a: Scizor|Swords Dance|p2a: Scizor
|-boost|p2a: Scizor|atk|2
|
|-damage|p2a: Scizor|88/100|[from] Leech Seed|[of] p1a: Electrode
|upkeep
|turn|2
|
|t:|1769407381
|move|p1a: Electrode|Discharge|p2a: Scizor
|-damage|p2a: Scizor|47/100
|move|p2a: Scizor|Swords Dance|p2a: Scizor
|-boost|p2a: Scizor|atk|2
|
|-heal|p2a: Scizor|53/100|[from] item: Leftovers
|-damage|p2a: Scizor|40/100|[from] Leech Seed|[of] p1a: Electrode
|upkeep
|turn|3
|
|t:|1769407392
|move|p1a: Electrode|Charge Beam|p2a: Scizor
|-damage|p2a: Scizor|16/100
|move|p2a: Scizor|Aerial Ace|p1a: Electrode
|-damage|p1a: Electrode|0 fnt
|faint|p1a: Electrode
|
|-heal|p2a: Scizor|23/100|[from] item: Leftovers
|upkeep
|inactive|BurlyNut has 120 seconds left.
|
|t:|1769407418
|switch|p1a: Dragapult|Dragapult, M, shiny|100/100
|turn|4
|
|t:|1769407427
|move|p1a: Dragapult|Sucker Punch|p2a: Scizor
|-damage|p2a: Scizor|0 fnt
|faint|p2a: Scizor
|
|upkeep
|
|t:|1769407434
|switch|p2a: Kleavor|Kleavor, F|100/100
|turn|5
|
|t:|1769407449
|move|p1a: Dragapult|Dragon Dance|p1a: Dragapult
|-boost|p1a: Dragapult|atk|1
|-boost|p1a: Dragapult|spe|1
|move|p2a: Kleavor|Stone Axe|p1a: Dragapult
|-damage|p1a: Dragapult|24/100
|-sidestart|p1: BurlyNut|move: Stealth Rock
|
|upkeep
|turn|6
|
|t:|1769407457
|move|p2a: Kleavor|Quick Attack|p1a: Dragapult
|-immune|p1a: Dragapult
|move|p1a: Dragapult|Dragon Darts|p2a: Kleavor
|-damage|p2a: Kleavor|52/100
|-anim|p1a: Dragapult|Dragon Darts|p2a: Kleavor
|-damage|p2a: Kleavor|4/100
|-heal|p1a: Dragapult|34/100|[from] item: Shell Bell|[of] p2a: Kleavor
|
|upkeep
|turn|7
|
|t:|1769407469
|move|p1a: Dragapult|Dragon Darts|p2a: Kleavor
|-damage|p2a: Kleavor|0 fnt
|faint|p2a: Kleavor
|-heal|p1a: Dragapult|34/100|[from] item: Shell Bell|[of] p2: Kleavor
|
|upkeep
|
|t:|1769407476
|switch|p2a: 360 Noscope|Ariados, M|100/100
|turn|8
|
|t:|1769407482
|move|p2a: 360 Noscope|Shadow Sneak|p1a: Dragapult
|-supereffective|p1a: Dragapult
|-crit|p1a: Dragapult
|-damage|p1a: Dragapult|0 fnt
|faint|p1a: Dragapult
|
|upkeep
|
|t:|1769407490
|switch|p1a: Weavile|Weavile, F, shiny|100/100
|-damage|p1a: Weavile|76/100|[from] Stealth Rock
|turn|9
|
|t:|1769407500
|move|p1a: Weavile|Icicle Spear|p2a: 360 Noscope
|-damage|p2a: 360 Noscope|80/100
|-damage|p2a: 360 Noscope|60/100
|-damage|p2a: 360 Noscope|40/100
|-damage|p2a: 360 Noscope|20/100
|-damage|p2a: 360 Noscope|0 fnt
|faint|p2a: 360 Noscope
|-hitcount|p2: 360 Noscope|5
|
|upkeep
|
|t:|1769407515
|switch|p2a: Slither Wing|Slither Wing|100/100
|turn|10
|
|t:|1769407521
|switch|p1a: Barraskewda|Barraskewda, M, shiny|100/100
|-damage|p1a: Barraskewda|88/100|[from] Stealth Rock
|move|p2a: Slither Wing|Close Combat|p1a: Barraskewda
|-damage|p1a: Barraskewda|0 fnt
|-unboost|p2a: Slither Wing|def|1
|-unboost|p2a: Slither Wing|spd|1
|faint|p1a: Barraskewda
|-damage|p2a: Slither Wing|91/100|[from] item: Life Orb
|
|upkeep
|
|t:|1769407544
|switch|p1a: Iron Valiant|Iron Valiant, shiny|100/100
|-damage|p1a: Iron Valiant|94/100|[from] Stealth Rock
|-enditem|p1a: Iron Valiant|Booster Energy
|-activate|p1a: Iron Valiant|ability: Quark Drive|[fromitem]
|-start|p1a: Iron Valiant|quarkdrivespe
|turn|11
|
|t:|1769407562
|move|p1a: Iron Valiant|Moonblast|p2a: Slither Wing
|-supereffective|p2a: Slither Wing
|-damage|p2a: Slither Wing|0 fnt
|faint|p2a: Slither Wing
|-end|p2a: Slither Wing|Protosynthesis|[silent]
|
|upkeep
|
|t:|1769407568
|switch|p2a: Yanmega|Yanmega, M|100/100
|turn|12
|
|t:|1769407575
|move|p1a: Iron Valiant|Calm Mind|p1a: Iron Valiant
|-boost|p1a: Iron Valiant|spa|1
|-boost|p1a: Iron Valiant|spd|1
|move|p2a: Yanmega|Air Slash|p1a: Iron Valiant
|-supereffective|p1a: Iron Valiant
|-damage|p1a: Iron Valiant|11/100
|
|-ability|p2a: Yanmega|Speed Boost|boost
|-boost|p2a: Yanmega|spe|1
|upkeep
|turn|13
|
|t:|1769407586
|move|p1a: Iron Valiant|Moonblast|p2a: Yanmega
|-damage|p2a: Yanmega|0 fnt
|faint|p2a: Yanmega
|
|upkeep
|
|t:|1769407591
|switch|p2a: Araquanid|Araquanid, M|100/100
|turn|14
|
|t:|1769407595
|move|p1a: Iron Valiant|Moonblast|p2a: Araquanid
|-damage|p2a: Araquanid|60/100
|move|p2a: Araquanid|Aqua Ring|p2a: Araquanid
|-start|p2a: Araquanid|Aqua Ring
|
|-heal|p2a: Araquanid|67/100|[from] item: Leftovers
|-heal|p2a: Araquanid|73/100|[from] Aqua Ring
|upkeep
|turn|15
|
|t:|1769407609
|move|p1a: Iron Valiant|Moonblast|p2a: Araquanid
|-damage|p2a: Araquanid|30/100
|-unboost|p2a: Araquanid|spa|1
|move|p2a: Araquanid|Leech Life|p1a: Iron Valiant
|-resisted|p1a: Iron Valiant
|-damage|p1a: Iron Valiant|4/100
|-heal|p2a: Araquanid|33/100|[from] drain|[of] p1a: Iron Valiant
|
|-heal|p2a: Araquanid|39/100|[from] item: Leftovers
|-heal|p2a: Araquanid|45/100|[from] Aqua Ring
|upkeep
|turn|16
|
|t:|1769407621
|move|p1a: Iron Valiant|Moonblast|p2a: Araquanid
|-damage|p2a: Araquanid|0 fnt
|faint|p2a: Araquanid
|
|win|BurlyNut
|raw|BurlyNut's rating: 1134 &rarr; <strong>1154</strong><br />(+20 for winning)
|raw|shotblade's rating: 1058 &rarr; <strong>1043</strong><br />(-15 for losing)
|l|☆shotblade
|player|p2|
|l|☆BurlyNut
|player|p1|
