|j|☆WeiWei
|j|☆guoqiushi
|t:|1769318765
|gametype|singles
|player|p1|WeiWei|265|1381
|player|p2|guoqiushi|n|1439
|gen|9
|tier|[Gen 9] OU
|rated|
|rule|HP Percentage Mod: HP is shown in percentages
|rule|Endless Battle Clause: Forcing endless battles is banned
|rule|Species Clause: Limit one of each Pokémon
|rule|OHKO Clause: OHKO moves are banned
|rule|Evasion Items Clause: Evasion items are banned
|rule|Evasion Moves Clause: Evasion moves are banned
|rule|Evasion Abilities Clause: Evasion abilities are banned
|rule|Sleep Moves Clause: Sleep-inducing moves are banned
|clearpoke
|poke|p1|Rillaboom, F|
|poke|p1|Serperior, F|
|poke|p1|Heatran, F|
|poke|p1|Gholdengo|
|poke|p1|Zamazenta-*|
|poke|p1|Great Tusk|
|poke|p2|Zoroark, F|
|poke|p2|Great Tusk|
|poke|p2|Moltres|
|poke|p2|Dragonite, M|
|poke|p2|Gholdengo|
|poke|p2|Glimmora, F|
|teampreview
|inactive|Battle timer is ON: inactive players will automatically lose when time's up. (requested by guoqiushi)
|
|t:|1769318788
|teamsize|p1|6
|teamsize|p2|6
|start
|switch|p1a: Heatran|Heatran, F|100/100
|switch|p2a: Glimmora|Glimmora, F|100/100
|-item|p1a: Heatran|Air Balloon
|turn|1
|
|t:|1769318801
|move|p2a: Glimmora|Power Gem|p1a: Heatran
|-crit|p1a: Heatran
|-damage|p1a: Heatran|62/100
|-enditem|p1a: Heatran|Air Balloon
|move|p1a: Heatran|Stealth Rock|p2a: Glimmora
|-sidestart|p2: guoqiushi|move: Stealth Rock
|
|upkeep
|turn|2
|
|t:|1769318824
|switch|p1a: Great Tusk|Great Tusk|100/100
|-enditem|p1a: Great Tusk|Booster Energy
|-activate|p1a: Great Tusk|ability: Protosynthesis|[fromitem]
|-start|p1a: Great Tusk|protosynthesisspe
|move|p2a: Glimmora|Spikes|p1a: Great Tusk
|-sidestart|p1: WeiWei|Spikes
|
|upkeep
|turn|3
|
|t:|1769318833
|switch|p2a: Great Tusk|Great Tusk|100/100
|-damage|p2a: Great Tusk|98/100|[from] Stealth Rock
|move|p1a: Great Tusk|Bulk Up|p1a: Great Tusk
|-boost|p1a: Great Tusk|atk|1
|-boost|p1a: Great Tusk|def|1
|
|upkeep
|turn|4
|
|t:|1769318843
|move|p1a: Great Tusk|Headlong Rush|p2a: Great Tusk
|-crit|p2a: Great Tusk
|-damage|p2a: Great Tusk|42/100
|-unboost|p1a: Great Tusk|def|1
|-unboost|p1a: Great Tusk|spd|1
|-damage|p1a: Great Tusk|84/100|[from] item: Rocky Helmet|[of] p2a: Great Tusk
|move|p2a: Great Tusk|Rapid Spin|p1a: Great Tusk
|-damage|p1a: Great Tusk|75/100
|-boost|p2a: Great Tusk|spe|1
|-sideend|p2: guoqiushi|Stealth Rock|[from] move: Rapid Spin|[of] p2a: Great Tusk
|
|upkeep
|turn|5
|
|t:|1769318853
|move|p1a: Great Tusk|Rapid Spin|p2a: Great Tusk
|-damage|p2a: Great Tusk|30/100
|-boost|p1a: Great Tusk|spe|1
|-damage|p1a: Great Tusk|58/100|[from] item: Rocky Helmet|[of] p2a: Great Tusk
|-sideend|p1: WeiWei|Spikes|[from] move: Rapid Spin|[of] p1a: Great Tusk
|move|p2a: Great Tusk|Headlong Rush|p1a: Great Tusk
|-damage|p1a: Great Tusk|28/100
|-unboost|p2a: Great Tusk|def|1
|-unboost|p2a: Great Tusk|spd|1
|
|upkeep
|turn|6
|
|t:|1769318863
|-end|p2a: Great Tusk|Protosynthesis|[silent]
|switch|p2a: Dragonite|Dragonite, M|100/100
|move|p1a: Great Tusk|Headlong Rush|p2a: Dragonite
|-immune|p2a: Dragonite
|
|upkeep
|turn|7
|
|t:|1769318870
|move|p2a: Dragonite|Extreme Speed|p1a: Great Tusk
|-damage|p1a: Great Tusk|9/100
|move|p1a: Great Tusk|Head Smash|p2a: Dragonite
|-supereffective|p2a: Dragonite
|-damage|p2a: Dragonite|28/100
|-damage|p1a: Great Tusk|0 fnt|[from] Recoil
|faint|p1a: Great Tusk
|-end|p1a: Great Tusk|Protosynthesis|[silent]
|
|-heal|p2a: Dragonite|35/100|[from] item: Leftovers
|upkeep
|
|t:|1769318884
|switch|p1a: Zamazenta|Zamazenta|100/100
|-ability|p1a: Zamazenta|Dauntless Shield|boost
|-boost|p1a: Zamazenta|def|1
|turn|8
|
|t:|1769318891
|switch|p2a: Moltres|Moltres|100/100
|move|p1a: Zamazenta|Ice Fang|p2a: Moltres
|-damage|p2a: Moltres|71/100
|-damage|p1a: Zamazenta|91/100|[from] item: Life Orb
|
|upkeep
|turn|9
|
|t:|1769318901
|switch|p1a: Heatran|Heatran, F|62/100
|move|p2a: Moltres|Roost|p2a: Moltres
|-heal|p2a: Moltres|100/100
|-singleturn|p2a: Moltres|move: Roost
|
|upkeep
|turn|10
|
|t:|1769318912
|move|p2a: Moltres|U-turn|p1a: Heatran
|-resisted|p1a: Heatran
|-damage|p1a: Heatran|59/100
|
|t:|1769318918
|switch|p2a: Glimmora|Glimmora, F|100/100|[from] U-turn
|move|p1a: Heatran|Stealth Rock|p2a: Glimmora
|-sidestart|p2: guoqiushi|move: Stealth Rock
|
|upkeep
|turn|11
|
|t:|1769318931
|switch|p1a: Gholdengo|Gholdengo|100/100
|move|p2a: Glimmora|Spikes|p1a: Gholdengo
|-sidestart|p1: WeiWei|Spikes
|
|upkeep
|turn|12
|
|t:|1769318936
|move|p2a: Glimmora|Earth Power|p1a: Gholdengo
|-supereffective|p1a: Gholdengo
|-damage|p1a: Gholdengo|50/100
|move|p1a: Gholdengo|Nasty Plot|p1a: Gholdengo
|-boost|p1a: Gholdengo|spa|2
|
|upkeep
|turn|13
|
|t:|1769318943
|-terastallize|p1a: Gholdengo|Water
|move|p2a: Glimmora|Earth Power|p1a: Gholdengo
|-damage|p1a: Gholdengo|24/100
|move|p1a: Gholdengo|Recover|p1a: Gholdengo
|-heal|p1a: Gholdengo|75/100
|
|upkeep
|turn|14
|
|t:|1769318952
|move|p2a: Glimmora|Mortal Spin|p1a: Gholdengo
|-damage|p1a: Gholdengo|69/100
|-status|p1a: Gholdengo|psn
|-sideend|p2: guoqiushi|Stealth Rock|[from] move: Mortal Spin|[of] p2a: Glimmora
|move|p1a: Gholdengo|Nasty Plot|p1a: Gholdengo
|-boost|p1a: Gholdengo|spa|2
|
|-damage|p1a: Gholdengo|57/100 psn|[from] psn
|upkeep
|turn|15
|
|t:|1769318960
|move|p2a: Glimmora|Power Gem|p1a: Gholdengo
|-damage|p1a: Gholdengo|20/100 psn
|move|p1a: Gholdengo|Recover|p1a: Gholdengo
|-heal|p1a: Gholdengo|70/100 psn
|
|-damage|p1a: Gholdengo|58/100 psn|[from] psn
|upkeep
|turn|16
|
|t:|1769318967
|move|p2a: Glimmora|Power Gem|p1a: Gholdengo
|-damage|p1a: Gholdengo|20/100 psn
|move|p1a: Gholdengo|Recover|p1a: Gholdengo
|-heal|p1a: Gholdengo|70/100 psn
|
|-damage|p1a: Gholdengo|58/100 psn|[from] psn
|upkeep
|turn|17
|
|t:|1769318980
|move|p2a: Glimmora|Power Gem|p1a: Gholdengo
|-damage|p1a: Gholdengo|26/100 psn
|move|p1a: Gholdengo|Shadow Ball|p2a: Glimmora
|-enditem|p2a: Glimmora|Focus Sash
|-damage|p2a: Glimmora|1/100
|
|-damage|p1a: Gholdengo|13/100 psn|[from] psn
|upkeep
|turn|18
|
|t:|1769318989
|move|p2a: Glimmora|Earth Power|p1a: Gholdengo
|-damage|p1a: Gholdengo|0 fnt
|faint|p1a: Gholdengo
|
|upkeep
|
|t:|1769319000
|switch|p1a: Serperior|Serperior, F|100/100
|-damage|p1a: Serperior|88/100|[from] Spikes
|turn|19
|
|t:|1769319007
|move|p1a: Serperior|Giga Drain|p2a: Glimmora
|-damage|p2a: Glimmora|0 fnt
|-heal|p1a: Serperior|88/100|[from] drain|[of] p2a: Glimmora
|faint|p2a: Glimmora
|
|upkeep
|
|t:|1769319011
|switch|p2a: Moltres|Moltres|100/100
|turn|20
|
|t:|1769319015
|switch|p1a: Zamazenta|Zamazenta|91/100
|-damage|p1a: Zamazenta|78/100|[from] Spikes
|move|p2a: Moltres|U-turn|p1a: Zamazenta
|-resisted|p1a: Zamazenta
|-damage|p1a: Zamazenta|71/100
|
|t:|1769319020
|switch|p2a: Great Tusk|Great Tusk|30/100|[from] U-turn
|
|upkeep
|turn|21
|
|t:|1769319025
|move|p1a: Zamazenta|Close Combat|p2a: Great Tusk
|-damage|p2a: Great Tusk|0 fnt
|-unboost|p1a: Zamazenta|def|1
|-unboost|p1a: Zamazenta|spd|1
|-damage|p1a: Zamazenta|55/100|[from] item: Rocky Helmet|[of] p2a: Great Tusk
|faint|p2a: Great Tusk
|-end|p2a: Great Tusk|Protosynthesis|[silent]
|-damage|p1a: Zamazenta|45/100|[from] item: Life Orb
|
|upkeep
|
|t:|1769319034
|switch|p2a: Gholdengo|Gholdengo|100/100
|turn|22
|
|t:|1769319053
|move|p2a: Gholdengo|Shadow Ball|p1a: Zamazenta
|-damage|p1a: Zamazenta|0 fnt
|faint|p1a: Zamazenta
|
|upkeep
|
|t:|1769319061
|switch|p1a: Rillaboom|Rillaboom, F|100/100
|-damage|p1a: Rillaboom|88/100|[from] Spikes
|-fieldstart|move: Grassy Terrain|[from] ability: Grassy Surge|[of] p1a: Rillaboom
|turn|23
|
|t:|1769319068
|switch|p2a: Moltres|Moltres|100/100
|move|p1a: Rillaboom|Knock Off|p2a: Moltres
|-damage|p2a: Moltres|51/100
|-enditem|p2a: Moltres|Heavy-Duty Boots|[from] move: Knock Off|[of] p1a: Rillaboom
|-damage|p1a: Rillaboom|78/100|[from] item: Life Orb
|
|-heal|p1a: Rillaboom|85/100|[from] Grassy Terrain
|upkeep
|turn|24
|
|t:|1769319076
|switch|p1a: Heatran|Heatran, F|59/100
|-damage|p1a: Heatran|46/100|[from] Spikes
|move|p2a: Moltres|Roost|p2a: Moltres
|-heal|p2a: Moltres|100/100
|-singleturn|p2a: Moltres|move: Roost
|
|-heal|p1a: Heatran|53/100|[from] Grassy Terrain
|upkeep
|turn|25
|
|t:|1769319086
|move|p2a: Moltres|U-turn|p1a: Heatran
|-resisted|p1a: Heatran
|-damage|p1a: Heatran|49/100
|
|t:|1769319089
|switch|p2a: Dragonite|Dragonite, M|35/100|[from] U-turn
|move|p1a: Heatran|Stealth Rock|p2a: Dragonite
|-sidestart|p2: guoqiushi|move: Stealth Rock
|
|-heal|p2a: Dragonite|41/100|[from] item: Leftovers
|-heal|p1a: Heatran|56/100|[from] Grassy Terrain
|upkeep
|turn|26
|
|t:|1769319100
|move|p2a: Dragonite|Ice Spinner|p1a: Heatran
|-resisted|p1a: Heatran
|-damage|p1a: Heatran|50/100
|-fieldend|move: Grassy Terrain
|move|p1a: Heatran|Magma Storm|p2a: Dragonite
|-resisted|p2a: Dragonite
|-damage|p2a: Dragonite|19/100
|-activate|p2a: Dragonite|move: Magma Storm|[of] p1a: Heatran
|
|-heal|p2a: Dragonite|25/100|[from] item: Leftovers
|-damage|p2a: Dragonite|13/100|[from] move: Magma Storm|[partiallytrapped]
|upkeep
|turn|27
|
|t:|1769319112
|move|p2a: Dragonite|Earthquake|p1a: Heatran
|-supereffective|p1a: Heatran
|-damage|p1a: Heatran|0 fnt
|faint|p1a: Heatran
|
|-heal|p2a: Dragonite|19/100|[from] item: Leftovers
|-end|p2a: Dragonite|Magma Storm|[partiallytrapped]|[silent]
|upkeep
|
|t:|1769319123
|switch|p1a: Rillaboom|Rillaboom, F|85/100
|-damage|p1a: Rillaboom|72/100|[from] Spikes
|-fieldstart|move: Grassy Terrain|[from] ability: Grassy Surge|[of] p1a: Rillaboom
|turn|28
|
|t:|1769319138
|move|p2a: Dragonite|Extreme Speed|p1a: Rillaboom
|-damage|p1a: Rillaboom|38/100
|move|p1a: Rillaboom|Swords Dance|p1a: Rillaboom
|-boost|p1a: Rillaboom|atk|2
|
|-heal|p1a: Rillaboom|44/100|[from] Grassy Terrain
|-heal|p2a: Dragonite|25/100|[from] item: Leftovers
|upkeep
|turn|29
|
|t:|1769319148
|move|p2a: Dragonite|Extreme Speed|p1a: Rillaboom
|-damage|p1a: Rillaboom|14/100
|move|p1a: Rillaboom|Grassy Glide|p2a: Dragonite
|-resisted|p2a: Dragonite
|-damage|p2a: Dragonite|0 fnt
|faint|p2a: Dragonite
|-damage|p1a: Rillaboom|4/100|[from] item: Life Orb
|
|-heal|p1a: Rillaboom|11/100|[from] Grassy Terrain
|upkeep
|
|t:|1769319160
|switch|p2a: Gholdengo|Gholdengo|100/100
|-damage|p2a: Gholdengo|94/100|[from] Stealth Rock
|turn|30
|
|t:|1769319170
|move|p1a: Rillaboom|Grassy Glide|p2a: Gholdengo
|-resisted|p2a: Gholdengo
|-damage|p2a: Gholdengo|39/100
|-damage|p1a: Rillaboom|1/100|[from] item: Life Orb
|move|p2a: Gholdengo|Shadow Ball|p1a: Rillaboom
|-crit|p1a: Rillaboom
|-damage|p1a: Rillaboom|0 fnt
|faint|p1a: Rillaboom
|
|-heal|p2a: Gholdengo|45/100|[from] Grassy Terrain
|upkeep
|
|t:|1769319180
|switch|p1a: Serperior|Serperior, F|88/100
|-damage|p1a: Serperior|76/100|[from] Spikes
|turn|31
|
|t:|1769319184
|move|p1a: Serperior|Leaf Storm|p2a: Gholdengo
|-resisted|p2a: Gholdengo
|-damage|p2a: Gholdengo|10/100
|-boost|p1a: Serperior|spa|2
|move|p2a: Gholdengo|Shadow Ball|p1a: Serperior
|-damage|p1a: Serperior|29/100
|-boost|p1a: Serperior|spd|1
|
|-heal|p1a: Serperior|35/100|[from] Grassy Terrain
|-heal|p2a: Gholdengo|16/100|[from] Grassy Terrain
|upkeep
|turn|32
|
|t:|1769319193
|move|p1a: Serperior|Leaf Storm|p2a: Gholdengo
|-resisted|p2a: Gholdengo
|-damage|p2a: Gholdengo|0 fnt
|-boost|p1a: Serperior|spa|2
|faint|p2a: Gholdengo
|
|-heal|p1a: Serperior|41/100|[from] Grassy Terrain
|-fieldend|move: Grassy Terrain
|upkeep
|
|t:|1769319195
|switch|p2a: Moltres|Moltres|100/100
|-damage|p2a: Moltres|88/100|[from] Stealth Rock
|turn|33
|
|t:|1769319203
|-terastallize|p2a: Moltres|Dark
|move|p2a: Moltres|Sucker Punch|p1a: Serperior
|-damage|p1a: Serperior|0 fnt
|faint|p1a: Serperior
|
|win|guoqiushi
|raw|WeiWei's rating: 1381 &rarr; <strong>1364</strong><br />(-17 for losing)
|raw|guoqiushi's rating: 1439 &rarr; <strong>1456</strong><br />(+17 for winning)
|l|☆WeiWei
|player|p1|
|l|☆guoqiushi
|player|p2|
