|j|☆AjaxTheMighty
|j|☆DragonHunter994
|t:|1769318867
|gametype|singles
|player|p1|AjaxTheMighty|101|1400
|player|p2|DragonHunter994|burglar|1432
|gen|9
|tier|[Gen 9] OU
|rated|
|rule|HP Percentage Mod: HP is shown in percentages
|rule|Endless Battle Clause: Forcing endless battles is banned
|rule|Species Clause: Limit one of each Pokémon
|rule|OHKO Clause: OHKO moves are banned
|rule|Evasion Items Clause: Evasion items are banned
|rule|Evasion Moves Clause: Evasion moves are banned
|rule|Evasion Abilities Clause: Evasion abilities are banned
|rule|Sleep Moves Clause: Sleep-inducing moves are banned
|clearpoke
|poke|p1|Dondozo, M|
|poke|p1|Blissey, F|
|poke|p1|Corviknight, F|
|poke|p1|Weezing-Galar, F|
|poke|p1|Gliscor, F|
|poke|p1|Toxapex, F|
|poke|p2|Electivire, F|
|poke|p2|Krookodile, M|
|poke|p2|Keldeo-Resolute|
|poke|p2|Corviknight, M|
|poke|p2|Primarina, F|
|poke|p2|Iron Valiant|
|teampreview
|inactive|Battle timer is ON: inactive players will automatically lose when time's up. (requested by DragonHunter994)
|
|t:|1769318881
|teamsize|p1|6
|teamsize|p2|6
|start
|switch|p1a: Gliscor|Gliscor, F|100/100
|switch|p2a: Electivire|Electivire, F|100/100
|turn|1
|
|t:|1769318883
|move|p1a: Gliscor|Protect|p1a: Gliscor
|-singleturn|p1a: Gliscor|Protect
|move|p2a: Electivire|Ice Punch|p1a: Gliscor
|-activate|p1a: Gliscor|move: Protect
|
|-status|p1a: Gliscor|tox|[from] item: Toxic Orb
|upkeep
|turn|2
|
|t:|1769318889
|switch|p1a: Weezing|Weezing-Galar, F|100/100
|-ability|p1a: Weezing|Neutralizing Gas
|move|p2a: Electivire|Ice Punch|p1a: Weezing
|-damage|p1a: Weezing|77/100
|-damage|p2a: Electivire|91/100|[from] item: Life Orb
|
|upkeep
|turn|3
|
|t:|1769318896
|switch|p2a: Primarina|Primarina, F|100/100
|move|p1a: Weezing|Will-O-Wisp|p2a: Primarina
|-status|p2a: Primarina|brn
|
|-damage|p2a: Primarina|94/100 brn|[from] brn
|upkeep
|turn|4
|
|t:|1769318898
|switch|p2a: Corviknight|Corviknight, M|100/100
|move|p1a: Weezing|Toxic Spikes|p2a: Corviknight
|-sidestart|p2: DragonHunter994|move: Toxic Spikes
|
|upkeep
|turn|5
|
|t:|1769318901
|move|p2a: Corviknight|U-turn|p1a: Weezing
|-resisted|p1a: Weezing
|-damage|p1a: Weezing|75/100
|
|t:|1769318904
|switch|p2a: Primarina|Primarina, F|94/100 brn|[from] U-turn
|move|p1a: Weezing|Will-O-Wisp|p2a: Primarina
|-fail|p2a: Primarina|brn
|
|-heal|p2a: Primarina|100/100 brn|[from] item: Leftovers
|-damage|p2a: Primarina|94/100 brn|[from] brn
|upkeep
|turn|6
|
|t:|1769318909
|-end|p1a: Weezing|ability: Neutralizing Gas
|switch|p1a: Toxapex|Toxapex, F|100/100
|move|p2a: Primarina|Hyper Voice|p1a: Toxapex
|-resisted|p1a: Toxapex
|-damage|p1a: Toxapex|85/100
|
|-heal|p2a: Primarina|100/100 brn|[from] item: Leftovers
|-heal|p1a: Toxapex|91/100|[from] item: Leftovers
|-damage|p2a: Primarina|94/100 brn|[from] brn
|upkeep
|turn|7
|
|t:|1769318916
|switch|p1a: Gliscor|Gliscor, F|100/100 tox
|move|p2a: Primarina|Substitute|p2a: Primarina
|-start|p2a: Primarina|Substitute
|-damage|p2a: Primarina|70/100 brn
|
|-heal|p2a: Primarina|76/100 brn|[from] item: Leftovers
|-damage|p2a: Primarina|70/100 brn|[from] brn
|upkeep
|turn|8
|
|t:|1769318919
|switch|p1a: Toxapex|Toxapex, F|100/100
|move|p2a: Primarina|Hyper Voice|p1a: Toxapex
|-resisted|p1a: Toxapex
|-damage|p1a: Toxapex|85/100
|
|-heal|p2a: Primarina|76/100 brn|[from] item: Leftovers
|-heal|p1a: Toxapex|91/100|[from] item: Leftovers
|-damage|p2a: Primarina|70/100 brn|[from] brn
|upkeep
|turn|9
|
|t:|1769318922
|move|p2a: Primarina|Calm Mind|p2a: Primarina
|-boost|p2a: Primarina|spa|1
|-boost|p2a: Primarina|spd|1
|move|p1a: Toxapex|Poison Jab|p2a: Primarina
|-supereffective|p2a: Primarina
|-end|p2a: Primarina|Substitute
|
|-heal|p2a: Primarina|76/100 brn|[from] item: Leftovers
|-heal|p1a: Toxapex|98/100|[from] item: Leftovers
|-damage|p2a: Primarina|70/100 brn|[from] brn
|upkeep
|turn|10
|
|t:|1769318924
|switch|p2a: Corviknight|Corviknight, M|100/100
|-ability|p2a: Corviknight|Pressure
|move|p1a: Toxapex|Poison Jab|p2a: Corviknight
|-immune|p2a: Corviknight
|
|-heal|p1a: Toxapex|100/100|[from] item: Leftovers
|upkeep
|turn|11
|
|t:|1769318927
|switch|p1a: Gliscor|Gliscor, F|100/100 tox
|move|p2a: Corviknight|Defog|p1a: Gliscor
|-unboost|p1a: Gliscor|evasion|1
|-sideend|p2: DragonHunter994|Toxic Spikes|[from] move: Defog|[of] p2a: Corviknight
|
|upkeep
|turn|12
|
|t:|1769318929
|move|p1a: Gliscor|Knock Off|p2a: Corviknight
|-damage|p2a: Corviknight|88/100
|-damage|p1a: Gliscor|84/100 tox|[from] item: Rocky Helmet|[of] p2a: Corviknight
|-enditem|p2a: Corviknight|Rocky Helmet|[from] move: Knock Off|[of] p1a: Gliscor
|move|p2a: Corviknight|U-turn|p1a: Gliscor
|-resisted|p1a: Gliscor
|-damage|p1a: Gliscor|78/100 tox
|
|t:|1769318931
|switch|p2a: Keldeo|Keldeo-Resolute|100/100|[from] U-turn
|
|-heal|p1a: Gliscor|91/100 tox|[from] ability: Poison Heal
|upkeep
|turn|13
|
|t:|1769318934
|switch|p1a: Toxapex|Toxapex, F|100/100
|move|p2a: Keldeo|Secret Sword|p1a: Toxapex
|-resisted|p1a: Toxapex
|-damage|p1a: Toxapex|73/100
|
|-heal|p1a: Toxapex|79/100|[from] item: Leftovers
|upkeep
|turn|14
|
|t:|1769318938
|switch|p2a: Primarina|Primarina, F|70/100 brn
|move|p1a: Toxapex|Toxic||[still]
|-fail|p1a: Toxapex
|
|-heal|p2a: Primarina|76/100 brn|[from] item: Leftovers
|-heal|p1a: Toxapex|85/100|[from] item: Leftovers
|-damage|p2a: Primarina|70/100 brn|[from] brn
|upkeep
|turn|15
|
|t:|1769318941
|switch|p2a: Krookodile|Krookodile, M|100/100
|-ability|p2a: Krookodile|Intimidate|boost
|-unboost|p1a: Toxapex|atk|1
|move|p1a: Toxapex|Poison Jab|p2a: Krookodile
|-resisted|p2a: Krookodile
|-damage|p2a: Krookodile|94/100
|-status|p2a: Krookodile|psn
|
|-heal|p1a: Toxapex|92/100|[from] item: Leftovers
|-damage|p2a: Krookodile|82/100 psn|[from] psn
|upkeep
|turn|16
|
|t:|1769318944
|switch|p2a: Electivire|Electivire, F|91/100
|switch|p1a: Gliscor|Gliscor, F|91/100 tox
|
|-heal|p1a: Gliscor|100/100 tox|[from] ability: Poison Heal
|upkeep
|turn|17
|
|t:|1769318949
|move|p2a: Electivire|Bulk Up|p2a: Electivire
|-boost|p2a: Electivire|atk|1
|-boost|p2a: Electivire|def|1
|move|p1a: Gliscor|Earthquake|p2a: Electivire
|-supereffective|p2a: Electivire
|-damage|p2a: Electivire|16/100
|
|upkeep
|turn|18
|
|t:|1769318955
|switch|p1a: Toxapex|Toxapex, F|100/100
|move|p2a: Electivire|Ice Punch|p1a: Toxapex
|-resisted|p1a: Toxapex
|-damage|p1a: Toxapex|81/100
|-damage|p2a: Electivire|6/100|[from] item: Life Orb
|
|-heal|p1a: Toxapex|87/100|[from] item: Leftovers
|upkeep
|turn|19
|
|t:|1769318959
|switch|p1a: Gliscor|Gliscor, F|100/100 tox
|move|p2a: Electivire|Ice Punch|p1a: Gliscor
|-supereffective|p1a: Gliscor
|-damage|p1a: Gliscor|0 fnt
|faint|p1a: Gliscor
|-damage|p2a: Electivire|0 fnt|[from] item: Life Orb
|faint|p2a: Electivire
|
|upkeep
|c|☆AjaxTheMighty|got me
|c|☆AjaxTheMighty|nice
|c|☆DragonHunter994|ty
|
|t:|1769318972
|switch|p2a: Keldeo|Keldeo-Resolute|100/100
|switch|p1a: Toxapex|Toxapex, F|100/100
|turn|20
|
|t:|1769318977
|switch|p2a: Corviknight|Corviknight, M|88/100
|-ability|p2a: Corviknight|Pressure
|move|p1a: Toxapex|Toxic|p2a: Corviknight
|-immune|p2a: Corviknight
|
|upkeep
|turn|21
|
|t:|1769318981
|switch|p1a: Corviknight|Corviknight, F|100/100
|-ability|p1a: Corviknight|Pressure
|move|p2a: Corviknight|Body Press|p1a: Corviknight
|-damage|p1a: Corviknight|85/100
|
|-heal|p1a: Corviknight|92/100|[from] item: Leftovers
|upkeep
|turn|22
|
|t:|1769318984
|move|p1a: Corviknight|Iron Defense|p1a: Corviknight
|-boost|p1a: Corviknight|def|2
|move|p2a: Corviknight|Body Press|p1a: Corviknight
|-damage|p1a: Corviknight|84/100
|
|-heal|p1a: Corviknight|90/100|[from] item: Leftovers
|upkeep
|turn|23
|
|t:|1769318987
|move|p1a: Corviknight|Body Press|p2a: Corviknight
|-damage|p2a: Corviknight|56/100
|move|p2a: Corviknight|U-turn|p1a: Corviknight
|-resisted|p1a: Corviknight
|-damage|p1a: Corviknight|89/100
|
|t:|1769318989
|switch|p2a: Iron Valiant|Iron Valiant|100/100|[from] U-turn
|-enditem|p2a: Iron Valiant|Booster Energy
|-activate|p2a: Iron Valiant|ability: Quark Drive|[fromitem]
|-start|p2a: Iron Valiant|quarkdrivespe
|
|-heal|p1a: Corviknight|95/100|[from] item: Leftovers
|upkeep
|turn|24
|
|t:|1769318993
|switch|p1a: Toxapex|Toxapex, F|100/100
|move|p2a: Iron Valiant|Thunderbolt|p1a: Toxapex
|-supereffective|p1a: Toxapex
|-damage|p1a: Toxapex|64/100
|
|-heal|p1a: Toxapex|71/100|[from] item: Leftovers
|upkeep
|turn|25
|
|t:|1769318996
|-end|p2a: Iron Valiant|Quark Drive|[silent]
|switch|p2a: Corviknight|Corviknight, M|56/100
|-ability|p2a: Corviknight|Pressure
|move|p1a: Toxapex|Poison Jab|p2a: Corviknight
|-immune|p2a: Corviknight
|
|-heal|p1a: Toxapex|77/100|[from] item: Leftovers
|upkeep
|turn|26
|
|t:|1769318998
|switch|p1a: Corviknight|Corviknight, F|95/100
|-ability|p1a: Corviknight|Pressure
|move|p2a: Corviknight|Roost|p2a: Corviknight
|-heal|p2a: Corviknight|100/100
|-singleturn|p2a: Corviknight|move: Roost
|
|-heal|p1a: Corviknight|100/100|[from] item: Leftovers
|upkeep
|turn|27
|
|t:|1769319000
|move|p2a: Corviknight|U-turn|p1a: Corviknight
|-resisted|p1a: Corviknight
|-damage|p1a: Corviknight|98/100
|
|t:|1769319002
|switch|p2a: Primarina|Primarina, F|70/100 brn|[from] U-turn
|move|p1a: Corviknight|Iron Defense|p1a: Corviknight
|-boost|p1a: Corviknight|def|2
|
|-heal|p1a: Corviknight|100/100|[from] item: Leftovers
|-heal|p2a: Primarina|76/100 brn|[from] item: Leftovers
|-damage|p2a: Primarina|70/100 brn|[from] brn
|upkeep
|turn|28
|
|t:|1769319007
|switch|p1a: Toxapex|Toxapex, F|100/100
|move|p2a: Primarina|Hyper Voice|p1a: Toxapex
|-resisted|p1a: Toxapex
|-damage|p1a: Toxapex|86/100
|
|-heal|p2a: Primarina|76/100 brn|[from] item: Leftovers
|-heal|p1a: Toxapex|92/100|[from] item: Leftovers
|-damage|p2a: Primarina|70/100 brn|[from] brn
|upkeep
|turn|29
|
|t:|1769319010
|switch|p1a: Corviknight|Corviknight, F|100/100
|-ability|p1a: Corviknight|Pressure
|move|p2a: Primarina|Substitute|p2a: Primarina
|-start|p2a: Primarina|Substitute
|-damage|p2a: Primarina|45/100 brn
|
|-heal|p2a: Primarina|51/100 brn|[from] item: Leftovers
|-damage|p2a: Primarina|45/100 brn|[from] brn
|upkeep
|turn|30
|
|t:|1769319012
|switch|p1a: Toxapex|Toxapex, F|100/100
|move|p2a: Primarina|Calm Mind|p2a: Primarina
|-boost|p2a: Primarina|spa|1
|-boost|p2a: Primarina|spd|1
|
|-heal|p2a: Primarina|51/100 brn|[from] item: Leftovers
|-damage|p2a: Primarina|45/100 brn|[from] brn
|upkeep
|turn|31
|
|t:|1769319013
|move|p2a: Primarina|Hyper Voice|p1a: Toxapex
|-resisted|p1a: Toxapex
|-damage|p1a: Toxapex|77/100
|move|p1a: Toxapex|Poison Jab|p2a: Primarina
|-supereffective|p2a: Primarina
|-end|p2a: Primarina|Substitute
|
|-heal|p2a: Primarina|51/100 brn|[from] item: Leftovers
|-heal|p1a: Toxapex|84/100|[from] item: Leftovers
|-damage|p2a: Primarina|45/100 brn|[from] brn
|upkeep
|turn|32
|
|t:|1769319018
|switch|p2a: Corviknight|Corviknight, M|100/100
|-ability|p2a: Corviknight|Pressure
|move|p1a: Toxapex|Poison Jab|p2a: Corviknight
|-immune|p2a: Corviknight
|
|-heal|p1a: Toxapex|90/100|[from] item: Leftovers
|upkeep
|turn|33
|
|t:|1769319022
|switch|p1a: Corviknight|Corviknight, F|100/100
|-ability|p1a: Corviknight|Pressure
|move|p2a: Corviknight|U-turn|p1a: Corviknight
|-resisted|p1a: Corviknight
|-damage|p1a: Corviknight|98/100
|
|t:|1769319028
|switch|p2a: Iron Valiant|Iron Valiant|100/100|[from] U-turn
|
|-heal|p1a: Corviknight|100/100|[from] item: Leftovers
|upkeep
|turn|34
|
|t:|1769319031
|switch|p1a: Toxapex|Toxapex, F|100/100
|move|p2a: Iron Valiant|Thunderbolt|p1a: Toxapex
|-supereffective|p1a: Toxapex
|-damage|p1a: Toxapex|66/100
|
|-heal|p1a: Toxapex|72/100|[from] item: Leftovers
|upkeep
|turn|35
|
|t:|1769319034
|move|p2a: Iron Valiant|Calm Mind|p2a: Iron Valiant
|-boost|p2a: Iron Valiant|spa|1
|-boost|p2a: Iron Valiant|spd|1
|move|p1a: Toxapex|Poison Jab|p2a: Iron Valiant
|-supereffective|p2a: Iron Valiant
|-damage|p2a: Iron Valiant|55/100
|
|-heal|p1a: Toxapex|78/100|[from] item: Leftovers
|upkeep
|turn|36
|
|t:|1769319038
|move|p2a: Iron Valiant|Thunderbolt|p1a: Toxapex
|-supereffective|p1a: Toxapex
|-damage|p1a: Toxapex|22/100
|move|p1a: Toxapex|Toxic|p2a: Iron Valiant
|-status|p2a: Iron Valiant|tox
|
|-heal|p1a: Toxapex|28/100|[from] item: Leftovers
|-damage|p2a: Iron Valiant|49/100 tox|[from] psn
|upkeep
|turn|37
|
|t:|1769319042
|switch|p1a: Blissey|Blissey, F|100/100
|move|p2a: Iron Valiant|Thunderbolt|p1a: Blissey
|-damage|p1a: Blissey|86/100
|
|-heal|p1a: Blissey|93/100|[from] item: Leftovers
|-damage|p2a: Iron Valiant|36/100 tox|[from] psn
|upkeep
|turn|38
|
|t:|1769319045
|move|p2a: Iron Valiant|Close Combat|p1a: Blissey
|-supereffective|p1a: Blissey
|-damage|p1a: Blissey|0 fnt
|-unboost|p2a: Iron Valiant|def|1
|-unboost|p2a: Iron Valiant|spd|1
|faint|p1a: Blissey
|
|-damage|p2a: Iron Valiant|17/100 tox|[from] psn
|upkeep
|
|t:|1769319053
|switch|p1a: Toxapex|Toxapex, F|61/100
|turn|39
|
|t:|1769319056
|move|p2a: Iron Valiant|Thunderbolt|p1a: Toxapex
|-supereffective|p1a: Toxapex
|-damage|p1a: Toxapex|9/100
|move|p1a: Toxapex|Recover|p1a: Toxapex
|-heal|p1a: Toxapex|59/100
|
|-heal|p1a: Toxapex|65/100|[from] item: Leftovers
|-damage|p2a: Iron Valiant|0 fnt|[from] psn
|faint|p2a: Iron Valiant
|-end|p2a: Iron Valiant|Quark Drive|[silent]
|upkeep
|
|t:|1769319059
|switch|p2a: Krookodile|Krookodile, M|82/100 psn
|-ability|p2a: Krookodile|Intimidate|boost
|-unboost|p1a: Toxapex|atk|1
|turn|40
|
|t:|1769319061
|switch|p2a: Keldeo|Keldeo-Resolute|100/100
|switch|p1a: Corviknight|Corviknight, F|100/100
|-ability|p1a: Corviknight|Pressure
|
|upkeep
|turn|41
|
|t:|1769319066
|switch|p1a: Toxapex|Toxapex, F|99/100
|-terastallize|p2a: Keldeo|Water
|move|p2a: Keldeo|Surf|p1a: Toxapex
|-resisted|p1a: Toxapex
|-crit|p1a: Toxapex
|-damage|p1a: Toxapex|56/100
|
|-heal|p1a: Toxapex|62/100|[from] item: Leftovers
|upkeep
|turn|42
|
|t:|1769319072
|switch|p2a: Corviknight|Corviknight, M|100/100
|-ability|p2a: Corviknight|Pressure
|move|p1a: Toxapex|Toxic|p2a: Corviknight
|-immune|p2a: Corviknight
|
|-heal|p1a: Toxapex|68/100|[from] item: Leftovers
|upkeep
|turn|43
|
|t:|1769319074
|move|p2a: Corviknight|Body Press|p1a: Toxapex
|-resisted|p1a: Toxapex
|-damage|p1a: Toxapex|58/100
|move|p1a: Toxapex|Toxic|p2a: Corviknight
|-immune|p2a: Corviknight
|
|-heal|p1a: Toxapex|65/100|[from] item: Leftovers
|upkeep
|turn|44
|
|t:|1769319079
|switch|p1a: Weezing|Weezing-Galar, F|75/100
|-ability|p1a: Weezing|Neutralizing Gas
|move|p2a: Corviknight|U-turn|p1a: Weezing
|-resisted|p1a: Weezing
|-damage|p1a: Weezing|73/100
|
|t:|1769319082
|switch|p2a: Krookodile|Krookodile, M|82/100 psn|[from] U-turn
|
|-damage|p2a: Krookodile|70/100 psn|[from] psn
|upkeep
|turn|45
|
|t:|1769319085
|switch|p2a: Keldeo|Keldeo-Resolute, tera:Water|100/100
|-end|p1a: Weezing|ability: Neutralizing Gas
|switch|p1a: Corviknight|Corviknight, F|100/100
|-ability|p1a: Corviknight|Pressure
|
|upkeep
|turn|46
|
|t:|1769319087
|switch|p1a: Toxapex|Toxapex, F|98/100
|move|p2a: Keldeo|Air Slash|p1a: Toxapex
|-damage|p1a: Toxapex|74/100
|
|-heal|p1a: Toxapex|80/100|[from] item: Leftovers
|upkeep
|turn|47
|
|t:|1769319092
|switch|p2a: Corviknight|Corviknight, M|100/100
|-ability|p2a: Corviknight|Pressure
|switch|p1a: Weezing|Weezing-Galar, F|73/100
|-ability|p1a: Weezing|Neutralizing Gas
|
|upkeep
|turn|48
|
|t:|1769319095
|switch|p2a: Krookodile|Krookodile, M|70/100 psn
|move|p1a: Weezing|Will-O-Wisp|p2a: Krookodile|[miss]
|-miss|p1a: Weezing|p2a: Krookodile
|
|-damage|p2a: Krookodile|57/100 psn|[from] psn
|upkeep
|turn|49
|
|t:|1769319098
|-end|p1a: Weezing|ability: Neutralizing Gas
|-ability|p2a: Krookodile|Intimidate|boost
|-unboost|p1a: Weezing|atk|1
|switch|p1a: Corviknight|Corviknight, F|100/100
|-ability|p1a: Corviknight|Pressure
|move|p2a: Krookodile|Knock Off|p1a: Corviknight
|-damage|p1a: Corviknight|71/100
|-enditem|p1a: Corviknight|Leftovers|[from] move: Knock Off|[of] p2a: Krookodile
|
|-damage|p2a: Krookodile|45/100 psn|[from] psn
|upkeep
|turn|50
|
|t:|1769319108
|switch|p2a: Corviknight|Corviknight, M|100/100
|-ability|p2a: Corviknight|Pressure
|move|p1a: Corviknight|Body Press|p2a: Corviknight
|-damage|p2a: Corviknight|84/100
|
|upkeep
|turn|51
|
|t:|1769319113
|move|p2a: Corviknight|U-turn|p1a: Corviknight
|-resisted|p1a: Corviknight
|-damage|p1a: Corviknight|69/100
|
|t:|1769319115
|switch|p2a: Primarina|Primarina, F|45/100 brn|[from] U-turn
|move|p1a: Corviknight|Iron Defense|p1a: Corviknight
|-boost|p1a: Corviknight|def|2
|
|-heal|p2a: Primarina|51/100 brn|[from] item: Leftovers
|-damage|p2a: Primarina|45/100 brn|[from] brn
|upkeep
|turn|52
|
|t:|1769319118
|switch|p1a: Toxapex|Toxapex, F|100/100
|move|p2a: Primarina|Draining Kiss|p1a: Toxapex
|-resisted|p1a: Toxapex
|-damage|p1a: Toxapex|91/100
|-heal|p2a: Primarina|51/100 brn|[from] drain|[of] p1a: Toxapex
|
|-heal|p2a: Primarina|57/100 brn|[from] item: Leftovers
|-heal|p1a: Toxapex|97/100|[from] item: Leftovers
|-damage|p2a: Primarina|51/100 brn|[from] brn
|upkeep
|turn|53
|
|t:|1769319124
|switch|p1a: Weezing|Weezing-Galar, F|73/100
|-ability|p1a: Weezing|Neutralizing Gas
|move|p2a: Primarina|Substitute|p2a: Primarina
|-start|p2a: Primarina|Substitute
|-damage|p2a: Primarina|26/100 brn
|
|-heal|p2a: Primarina|32/100 brn|[from] item: Leftovers
|-damage|p2a: Primarina|26/100 brn|[from] brn
|upkeep
|turn|54
|
|t:|1769319127
|-end|p1a: Weezing|ability: Neutralizing Gas
|switch|p1a: Toxapex|Toxapex, F|100/100
|move|p2a: Primarina|Hyper Voice|p1a: Toxapex
|-resisted|p1a: Toxapex
|-damage|p1a: Toxapex|84/100
|
|-heal|p2a: Primarina|32/100 brn|[from] item: Leftovers
|-heal|p1a: Toxapex|90/100|[from] item: Leftovers
|-damage|p2a: Primarina|26/100 brn|[from] brn
|upkeep
|turn|55
|
|t:|1769319131
|move|p2a: Primarina|Draining Kiss|p1a: Toxapex
|-resisted|p1a: Toxapex
|-damage|p1a: Toxapex|81/100
|-heal|p2a: Primarina|32/100 brn|[from] drain|[of] p1a: Toxapex
|move|p1a: Toxapex|Poison Jab|p2a: Primarina
|-supereffective|p2a: Primarina
|-end|p2a: Primarina|Substitute
|
|-heal|p2a: Primarina|38/100 brn|[from] item: Leftovers
|-heal|p1a: Toxapex|88/100|[from] item: Leftovers
|-damage|p2a: Primarina|32/100 brn|[from] brn
|upkeep
|turn|56
|
|t:|1769319133
|switch|p2a: Corviknight|Corviknight, M|84/100
|-ability|p2a: Corviknight|Pressure
|move|p1a: Toxapex|Poison Jab|p2a: Corviknight
|-immune|p2a: Corviknight
|
|-heal|p1a: Toxapex|94/100|[from] item: Leftovers
|upkeep
|turn|57
|
|t:|1769319139
|switch|p1a: Corviknight|Corviknight, F|69/100
|-ability|p1a: Corviknight|Pressure
|move|p2a: Corviknight|U-turn|p1a: Corviknight
|-resisted|p1a: Corviknight
|-damage|p1a: Corviknight|67/100
|
|t:|1769319140
|switch|p2a: Keldeo|Keldeo-Resolute, tera:Water|100/100|[from] U-turn
|
|upkeep
|turn|58
|
|t:|1769319142
|switch|p1a: Toxapex|Toxapex, F|100/100
|move|p2a: Keldeo|Surf|p1a: Toxapex
|-resisted|p1a: Toxapex
|-damage|p1a: Toxapex|69/100
|
|-heal|p1a: Toxapex|75/100|[from] item: Leftovers
|upkeep
|turn|59
|
|t:|1769319146
|switch|p1a: Corviknight|Corviknight, F|67/100
|-ability|p1a: Corviknight|Pressure
|move|p2a: Keldeo|Surf|p1a: Corviknight
|-damage|p1a: Corviknight|0 fnt
|faint|p1a: Corviknight
|
|upkeep
|
|t:|1769319149
|switch|p1a: Toxapex|Toxapex, F|100/100
|turn|60
|
|t:|1769319151
|switch|p2a: Corviknight|Corviknight, M|84/100
|-ability|p2a: Corviknight|Pressure
|switch|p1a: Dondozo|Dondozo, M|100/100
|
|upkeep
|turn|61
|
|t:|1769319153
|move|p2a: Corviknight|U-turn|p1a: Dondozo
|-damage|p1a: Dondozo|94/100
|
|t:|1769319155
|switch|p2a: Primarina|Primarina, F|32/100 brn|[from] U-turn
|move|p1a: Dondozo|Body Press|p2a: Primarina
|-resisted|p2a: Primarina
|-damage|p2a: Primarina|14/100 brn
|
|-heal|p2a: Primarina|20/100 brn|[from] item: Leftovers
|-heal|p1a: Dondozo|100/100|[from] item: Leftovers
|-damage|p2a: Primarina|14/100 brn|[from] brn
|upkeep
|turn|62
|
|t:|1769319158
|switch|p1a: Toxapex|Toxapex, F|100/100
|move|p2a: Primarina|Draining Kiss|p1a: Toxapex
|-resisted|p1a: Toxapex
|-damage|p1a: Toxapex|91/100
|-heal|p2a: Primarina|20/100 brn|[from] drain|[of] p1a: Toxapex
|
|-heal|p2a: Primarina|26/100 brn|[from] item: Leftovers
|-heal|p1a: Toxapex|97/100|[from] item: Leftovers
|-damage|p2a: Primarina|20/100 brn|[from] brn
|upkeep
|turn|63
|
|t:|1769319160
|switch|p2a: Corviknight|Corviknight, M|84/100
|-ability|p2a: Corviknight|Pressure
|move|p1a: Toxapex|Poison Jab|p2a: Corviknight
|-immune|p2a: Corviknight
|
|-heal|p1a: Toxapex|100/100|[from] item: Leftovers
|upkeep
|turn|64
|
|t:|1769319162
|move|p2a: Corviknight|U-turn|p1a: Toxapex
|-resisted|p1a: Toxapex
|-damage|p1a: Toxapex|95/100
|
|t:|1769319163
|switch|p2a: Primarina|Primarina, F|20/100 brn|[from] U-turn
|move|p1a: Toxapex|Poison Jab|p2a: Primarina
|-supereffective|p2a: Primarina
|-damage|p2a: Primarina|0 fnt
|faint|p2a: Primarina
|
|-heal|p1a: Toxapex|100/100|[from] item: Leftovers
|upkeep
|
|t:|1769319165
|switch|p2a: Krookodile|Krookodile, M|45/100 psn
|-ability|p2a: Krookodile|Intimidate|boost
|-unboost|p1a: Toxapex|atk|1
|turn|65
|
|t:|1769319167
|switch|p1a: Dondozo|Dondozo, M|100/100
|move|p2a: Krookodile|Earthquake|p1a: Dondozo
|-damage|p1a: Dondozo|75/100
|
|-heal|p1a: Dondozo|82/100|[from] item: Leftovers
|-damage|p2a: Krookodile|33/100 psn|[from] psn
|upkeep
|turn|66
|
|t:|1769319172
|switch|p2a: Corviknight|Corviknight, M|84/100
|-ability|p2a: Corviknight|Pressure
|move|p1a: Dondozo|Body Press|p2a: Corviknight
|-damage|p2a: Corviknight|68/100
|
|-heal|p1a: Dondozo|88/100|[from] item: Leftovers
|upkeep
|turn|67
|
|t:|1769319174
|move|p2a: Corviknight|Roost|p2a: Corviknight
|-heal|p2a: Corviknight|100/100
|-singleturn|p2a: Corviknight|move: Roost
|move|p1a: Dondozo|Body Press|p2a: Corviknight
|-supereffective|p2a: Corviknight
|-damage|p2a: Corviknight|67/100
|
|-heal|p1a: Dondozo|94/100|[from] item: Leftovers
|upkeep
|turn|68
|
|t:|1769319175
|move|p2a: Corviknight|Body Press|p1a: Dondozo
|-damage|p1a: Dondozo|81/100
|move|p1a: Dondozo|Body Press|p2a: Corviknight
|-damage|p2a: Corviknight|51/100
|
|-heal|p1a: Dondozo|88/100|[from] item: Leftovers
|upkeep
|turn|69
|
|t:|1769319179
|switch|p1a: Weezing|Weezing-Galar, F|73/100
|-ability|p1a: Weezing|Neutralizing Gas
|move|p2a: Corviknight|Body Press|p1a: Weezing
|-resisted|p1a: Weezing
|-damage|p1a: Weezing|69/100
|
|upkeep
|turn|70
|
|t:|1769319181
|switch|p2a: Krookodile|Krookodile, M|33/100 psn
|move|p1a: Weezing|Toxic Spikes|p2a: Krookodile
|-sidestart|p2: DragonHunter994|move: Toxic Spikes
|
|-damage|p2a: Krookodile|21/100 psn|[from] psn
|upkeep
|turn|71
|
|t:|1769319185
|-end|p1a: Weezing|ability: Neutralizing Gas
|-ability|p2a: Krookodile|Intimidate|boost
|-unboost|p1a: Weezing|atk|1
|switch|p1a: Dondozo|Dondozo, M|88/100
|move|p2a: Krookodile|Knock Off|p1a: Dondozo
|-damage|p1a: Dondozo|65/100
|-enditem|p1a: Dondozo|Leftovers|[from] move: Knock Off|[of] p2a: Krookodile
|
|-damage|p2a: Krookodile|8/100 psn|[from] psn
|upkeep
|turn|72
|
|t:|1769319192
|switch|p2a: Corviknight|Corviknight, M|51/100
|-ability|p2a: Corviknight|Pressure
|move|p1a: Dondozo|Rest|p1a: Dondozo
|-status|p1a: Dondozo|slp|[from] move: Rest
|-heal|p1a: Dondozo|100/100 slp|[silent]
|
|upkeep
|turn|73
|
|t:|1769319196
|move|p2a: Corviknight|Defog|p1a: Dondozo
|-unboost|p1a: Dondozo|evasion|1
|-sideend|p2: DragonHunter994|Toxic Spikes|[from] move: Defog|[of] p2a: Corviknight
|cant|p1a: Dondozo|slp
|
|upkeep
|turn|74
|
|t:|1769319198
|move|p2a: Corviknight|Roost|p2a: Corviknight
|-heal|p2a: Corviknight|100/100
|-singleturn|p2a: Corviknight|move: Roost
|cant|p1a: Dondozo|slp
|
|upkeep
|turn|75
|
|t:|1769319201
|move|p2a: Corviknight|Body Press|p1a: Dondozo
|-damage|p1a: Dondozo|89/100 slp
|-curestatus|p1a: Dondozo|slp|[msg]
|move|p1a: Dondozo|Body Press|p2a: Corviknight
|-damage|p2a: Corviknight|84/100
|
|upkeep
|turn|76
|
|t:|1769319207
|switch|p1a: Toxapex|Toxapex, F|100/100
|move|p2a: Corviknight|Body Press|p1a: Toxapex
|-resisted|p1a: Toxapex
|-damage|p1a: Toxapex|90/100
|
|-heal|p1a: Toxapex|96/100|[from] item: Leftovers
|upkeep
|turn|77
|
|t:|1769319210
|switch|p1a: Dondozo|Dondozo, M|89/100
|move|p2a: Corviknight|Defog|p1a: Dondozo
|-unboost|p1a: Dondozo|evasion|1
|
|upkeep
|turn|78
|
|t:|1769319212
|switch|p1a: Toxapex|Toxapex, F|100/100
|move|p2a: Corviknight|U-turn|p1a: Toxapex
|-resisted|p1a: Toxapex
|-damage|p1a: Toxapex|95/100
|
|t:|1769319213
|switch|p2a: Krookodile|Krookodile, M|8/100 psn|[from] U-turn
|-ability|p2a: Krookodile|Intimidate|boost
|-unboost|p1a: Toxapex|atk|1
|
|-heal|p1a: Toxapex|100/100|[from] item: Leftovers
|-damage|p2a: Krookodile|0 fnt|[from] psn
|faint|p2a: Krookodile
|upkeep
|
|t:|1769319220
|switch|p2a: Keldeo|Keldeo-Resolute, tera:Water|100/100
|turn|79
|
|t:|1769319222
|switch|p2a: Corviknight|Corviknight, M|84/100
|-ability|p2a: Corviknight|Pressure
|move|p1a: Toxapex|Toxic|p2a: Corviknight
|-immune|p2a: Corviknight
|
|upkeep
|turn|80
|
|t:|1769319227
|switch|p1a: Dondozo|Dondozo, M|89/100
|move|p2a: Corviknight|Body Press|p1a: Dondozo
|-damage|p1a: Dondozo|77/100
|
|upkeep
|turn|81
|
|t:|1769319231
|move|p2a: Corviknight|Defog|p1a: Dondozo
|-unboost|p1a: Dondozo|evasion|1
|move|p1a: Dondozo|Avalanche|p2a: Corviknight
|-damage|p2a: Corviknight|75/100
|
|upkeep
|turn|82
|
|t:|1769319234
|move|p2a: Corviknight|U-turn|p1a: Dondozo
|-damage|p1a: Dondozo|70/100
|
|t:|1769319235
|switch|p2a: Keldeo|Keldeo-Resolute, tera:Water|100/100|[from] U-turn
|move|p1a: Dondozo|Avalanche|p2a: Keldeo
|-resisted|p2a: Keldeo
|-damage|p2a: Keldeo|93/100
|
|upkeep
|turn|83
|
|t:|1769319238
|move|p2a: Keldeo|Surf|p1a: Dondozo
|-resisted|p1a: Dondozo
|-damage|p1a: Dondozo|24/100
|move|p1a: Dondozo|Body Press|p2a: Keldeo
|-damage|p2a: Keldeo|57/100
|
|upkeep
|turn|84
|
|t:|1769319244
|switch|p1a: Toxapex|Toxapex, F|100/100
|move|p2a: Keldeo|Surf|p1a: Toxapex
|-resisted|p1a: Toxapex
|-damage|p1a: Toxapex|69/100
|
|-heal|p1a: Toxapex|75/100|[from] item: Leftovers
|upkeep
|turn|85
|
|t:|1769319247
|switch|p2a: Corviknight|Corviknight, M|75/100
|-ability|p2a: Corviknight|Pressure
|move|p1a: Toxapex|Toxic|p2a: Corviknight
|-immune|p2a: Corviknight
|
|-heal|p1a: Toxapex|81/100|[from] item: Leftovers
|upkeep
|turn|86
|
|t:|1769319250
|switch|p1a: Dondozo|Dondozo, M|24/100
|move|p2a: Corviknight|U-turn|p1a: Dondozo
|-damage|p1a: Dondozo|18/100
|
|t:|1769319251
|switch|p2a: Keldeo|Keldeo-Resolute, tera:Water|57/100|[from] U-turn
|
|upkeep
|turn|87
|
|t:|1769319253
|switch|p1a: Toxapex|Toxapex, F|100/100
|move|p2a: Keldeo|Surf|p1a: Toxapex
|-resisted|p1a: Toxapex
|-damage|p1a: Toxapex|71/100
|
|-heal|p1a: Toxapex|77/100|[from] item: Leftovers
|upkeep
|turn|88
|
|t:|1769319257
|switch|p2a: Corviknight|Corviknight, M|75/100
|-ability|p2a: Corviknight|Pressure
|move|p1a: Toxapex|Haze|p1a: Toxapex
|-clearallboost
|
|-heal|p1a: Toxapex|83/100|[from] item: Leftovers
|upkeep
|turn|89
|
|t:|1769319260
|move|p2a: Corviknight|Defog|p1a: Toxapex
|-unboost|p1a: Toxapex|evasion|1
|move|p1a: Toxapex|Haze|p1a: Toxapex
|-clearallboost
|
|-heal|p1a: Toxapex|89/100|[from] item: Leftovers
|upkeep
|turn|90
|
|t:|1769319262
|move|p2a: Corviknight|Defog|p1a: Toxapex
|-unboost|p1a: Toxapex|evasion|1
|move|p1a: Toxapex|Haze|p1a: Toxapex
|-clearallboost
|
|-heal|p1a: Toxapex|96/100|[from] item: Leftovers
|upkeep
|turn|91
|
|t:|1769319267
|move|p2a: Corviknight|Defog|p1a: Toxapex
|-unboost|p1a: Toxapex|evasion|1
|move|p1a: Toxapex|Haze|p1a: Toxapex
|-clearallboost
|
|-heal|p1a: Toxapex|100/100|[from] item: Leftovers
|upkeep
|turn|92
|
|t:|1769319269
|switch|p1a: Dondozo|Dondozo, M|18/100
|move|p2a: Corviknight|Defog|p1a: Dondozo
|-unboost|p1a: Dondozo|evasion|1
|
|upkeep
|turn|93
|
|t:|1769319271
|move|p2a: Corviknight|Body Press|p1a: Dondozo
|-damage|p1a: Dondozo|5/100
|move|p1a: Dondozo|Rest|p1a: Dondozo
|-status|p1a: Dondozo|slp|[from] move: Rest
|-heal|p1a: Dondozo|100/100 slp|[silent]
|
|upkeep
|turn|94
|
|t:|1769319274
|move|p2a: Corviknight|U-turn|p1a: Dondozo
|-damage|p1a: Dondozo|94/100 slp
|
|t:|1769319275
|switch|p2a: Keldeo|Keldeo-Resolute, tera:Water|57/100|[from] U-turn
|cant|p1a: Dondozo|slp
|
|upkeep
|turn|95
|
|t:|1769319277
|switch|p1a: Toxapex|Toxapex, F|100/100
|move|p2a: Keldeo|Surf|p1a: Toxapex
|-resisted|p1a: Toxapex
|-damage|p1a: Toxapex|68/100
|
|-heal|p1a: Toxapex|75/100|[from] item: Leftovers
|upkeep
|turn|96
|
|t:|1769319280
|move|p2a: Keldeo|Surf|p1a: Toxapex
|-resisted|p1a: Toxapex
|-damage|p1a: Toxapex|43/100
|move|p1a: Toxapex|Haze|p1a: Toxapex
|-clearallboost
|
|-heal|p1a: Toxapex|49/100|[from] item: Leftovers
|upkeep
|turn|97
|
|t:|1769319282
|switch|p2a: Corviknight|Corviknight, M|75/100
|-ability|p2a: Corviknight|Pressure
|move|p1a: Toxapex|Recover|p1a: Toxapex
|-heal|p1a: Toxapex|99/100
|
|-heal|p1a: Toxapex|100/100|[from] item: Leftovers
|upkeep
|turn|98
|
|t:|1769319284
|switch|p1a: Dondozo|Dondozo, M|94/100 slp
|move|p2a: Corviknight|Body Press|p1a: Dondozo
|-damage|p1a: Dondozo|83/100 slp
|
|upkeep
|turn|99
|
|t:|1769319287
|move|p2a: Corviknight|U-turn|p1a: Dondozo
|-damage|p1a: Dondozo|76/100 slp
|
|t:|1769319288
|switch|p2a: Keldeo|Keldeo-Resolute, tera:Water|57/100|[from] U-turn
|cant|p1a: Dondozo|slp
|
|upkeep
|turn|100
|
|t:|1769319289
|switch|p1a: Toxapex|Toxapex, F|100/100
|move|p2a: Keldeo|Surf|p1a: Toxapex
|-resisted|p1a: Toxapex
|-damage|p1a: Toxapex|71/100
|
|-heal|p1a: Toxapex|77/100|[from] item: Leftovers
|upkeep
|turn|101
|
|t:|1769319291
|switch|p2a: Corviknight|Corviknight, M|75/100
|-ability|p2a: Corviknight|Pressure
|move|p1a: Toxapex|Haze|p1a: Toxapex
|-clearallboost
|
|-heal|p1a: Toxapex|83/100|[from] item: Leftovers
|upkeep
|turn|102
|
|t:|1769319294
|move|p2a: Corviknight|Defog|p1a: Toxapex
|-unboost|p1a: Toxapex|evasion|1
|move|p1a: Toxapex|Haze|p1a: Toxapex
|-clearallboost
|
|-heal|p1a: Toxapex|89/100|[from] item: Leftovers
|upkeep
|turn|103
|
|t:|1769319303
|move|p2a: Corviknight|Defog|p1a: Toxapex
|-unboost|p1a: Toxapex|evasion|1
|move|p1a: Toxapex|Haze|p1a: Toxapex
|-clearallboost
|
|-heal|p1a: Toxapex|96/100|[from] item: Leftovers
|upkeep
|turn|104
|
|t:|1769319305
|move|p2a: Corviknight|Defog|p1a: Toxapex
|-unboost|p1a: Toxapex|evasion|1
|move|p1a: Toxapex|Haze|p1a: Toxapex
|-clearallboost
|
|-heal|p1a: Toxapex|100/100|[from] item: Leftovers
|upkeep
|turn|105
|
|t:|1769319307
|move|p2a: Corviknight|Defog|p1a: Toxapex
|-unboost|p1a: Toxapex|evasion|1
|move|p1a: Toxapex|Haze|p1a: Toxapex
|-clearallboost
|
|upkeep
|turn|106
|
|t:|1769319309
|move|p2a: Corviknight|Defog|p1a: Toxapex
|-unboost|p1a: Toxapex|evasion|1
|move|p1a: Toxapex|Haze|p1a: Toxapex
|-clearallboost
|
|upkeep
|turn|107
|
|t:|1769319311
|move|p2a: Corviknight|Defog|p1a: Toxapex
|-unboost|p1a: Toxapex|evasion|1
|move|p1a: Toxapex|Haze|p1a: Toxapex
|-clearallboost
|
|upkeep
|turn|108
|
|t:|1769319312
|move|p2a: Corviknight|U-turn|p1a: Toxapex
|-resisted|p1a: Toxapex
|-damage|p1a: Toxapex|95/100
|
|t:|1769319313
|switch|p2a: Keldeo|Keldeo-Resolute, tera:Water|57/100|[from] U-turn
|move|p1a: Toxapex|Haze|p1a: Toxapex
|-clearallboost
|
|-heal|p1a: Toxapex|100/100|[from] item: Leftovers
|upkeep
|turn|109
|
|t:|1769319315
|switch|p2a: Corviknight|Corviknight, M|75/100
|-ability|p2a: Corviknight|Pressure
|move|p1a: Toxapex|Haze|p1a: Toxapex
|-clearallboost
|
|upkeep
|turn|110
|
|t:|1769319318
|move|p2a: Corviknight|Defog|p1a: Toxapex
|-unboost|p1a: Toxapex|evasion|1
|move|p1a: Toxapex|Haze|p1a: Toxapex
|-clearallboost
|
|upkeep
|turn|111
|
|t:|1769319320
|switch|p1a: Weezing|Weezing-Galar, F|69/100
|-ability|p1a: Weezing|Neutralizing Gas
|move|p2a: Corviknight|Defog|p1a: Weezing
|-unboost|p1a: Weezing|evasion|1
|
|upkeep
|turn|112
|
|t:|1769319322
|move|p2a: Corviknight|U-turn|p1a: Weezing
|-resisted|p1a: Weezing
|-damage|p1a: Weezing|66/100
|
|t:|1769319323
|switch|p2a: Keldeo|Keldeo-Resolute, tera:Water|57/100|[from] U-turn
|move|p1a: Weezing|Will-O-Wisp|p2a: Keldeo
|-status|p2a: Keldeo|brn
|
|-damage|p2a: Keldeo|51/100 brn|[from] brn
|upkeep
|turn|113
|
|t:|1769319325
|-end|p1a: Weezing|ability: Neutralizing Gas
|switch|p1a: Toxapex|Toxapex, F|100/100
|move|p2a: Keldeo|Surf|p1a: Toxapex
|-resisted|p1a: Toxapex
|-damage|p1a: Toxapex|71/100
|
|-heal|p1a: Toxapex|77/100|[from] item: Leftovers
|-damage|p2a: Keldeo|45/100 brn|[from] brn
|upkeep
|turn|114
|
|t:|1769319327
|switch|p2a: Corviknight|Corviknight, M|75/100
|-ability|p2a: Corviknight|Pressure
|move|p1a: Toxapex|Haze|p1a: Toxapex
|-clearallboost
|
|-heal|p1a: Toxapex|83/100|[from] item: Leftovers
|upkeep
|turn|115
|
|t:|1769319329
|move|p2a: Corviknight|Defog|p1a: Toxapex
|-unboost|p1a: Toxapex|evasion|1
|move|p1a: Toxapex|Haze|p1a: Toxapex
|-clearallboost
|
|-heal|p1a: Toxapex|90/100|[from] item: Leftovers
|upkeep
|turn|116
|
|t:|1769319334
|move|p2a: Corviknight|Defog|p1a: Toxapex
|-unboost|p1a: Toxapex|evasion|1
|move|p1a: Toxapex|Haze|p1a: Toxapex
|-clearallboost
|
|-heal|p1a: Toxapex|96/100|[from] item: Leftovers
|upkeep
|turn|117
|
|t:|1769319336
|move|p2a: Corviknight|Body Press|p1a: Toxapex
|-resisted|p1a: Toxapex
|-damage|p1a: Toxapex|86/100
|move|p1a: Toxapex|Haze|p1a: Toxapex
|-clearallboost
|
|-heal|p1a: Toxapex|92/100|[from] item: Leftovers
|upkeep
|turn|118
|
|t:|1769319337
|move|p2a: Corviknight|U-turn|p1a: Toxapex
|-resisted|p1a: Toxapex
|-damage|p1a: Toxapex|87/100
|
|t:|1769319339
|switch|p2a: Keldeo|Keldeo-Resolute, tera:Water|45/100 brn|[from] U-turn
|move|p1a: Toxapex|Haze|p1a: Toxapex
|-clearallboost
|
|-heal|p1a: Toxapex|93/100|[from] item: Leftovers
|-damage|p2a: Keldeo|39/100 brn|[from] brn
|upkeep
|turn|119
|
|t:|1769319340
|switch|p2a: Corviknight|Corviknight, M|75/100
|-ability|p2a: Corviknight|Pressure
|move|p1a: Toxapex|Haze|p1a: Toxapex
|-clearallboost
|
|-heal|p1a: Toxapex|99/100|[from] item: Leftovers
|upkeep
|turn|120
|
|t:|1769319342
|move|p2a: Corviknight|U-turn|p1a: Toxapex
|-resisted|p1a: Toxapex
|-damage|p1a: Toxapex|94/100
|
|t:|1769319343
|switch|p2a: Keldeo|Keldeo-Resolute, tera:Water|39/100 brn|[from] U-turn
|move|p1a: Toxapex|Haze|p1a: Toxapex
|-clearallboost
|
|-heal|p1a: Toxapex|99/100|[from] item: Leftovers
|-damage|p2a: Keldeo|33/100 brn|[from] brn
|upkeep
|turn|121
|
|t:|1769319344
|switch|p2a: Corviknight|Corviknight, M|75/100
|-ability|p2a: Corviknight|Pressure
|move|p1a: Toxapex|Haze|p1a: Toxapex
|-clearallboost
|
|-heal|p1a: Toxapex|100/100|[from] item: Leftovers
|upkeep
|turn|122
|
|t:|1769319345
|move|p2a: Corviknight|Body Press|p1a: Toxapex
|-resisted|p1a: Toxapex
|-damage|p1a: Toxapex|91/100
|move|p1a: Toxapex|Haze|p1a: Toxapex
|-clearallboost
|
|-heal|p1a: Toxapex|97/100|[from] item: Leftovers
|upkeep
|turn|123
|
|t:|1769319355
|move|p2a: Corviknight|Defog|p1a: Toxapex
|-unboost|p1a: Toxapex|evasion|1
|move|p1a: Toxapex|Haze|p1a: Toxapex
|-clearallboost
|
|-heal|p1a: Toxapex|100/100|[from] item: Leftovers
|upkeep
|turn|124
|
|t:|1769319358
|switch|p1a: Weezing|Weezing-Galar, F|66/100
|-ability|p1a: Weezing|Neutralizing Gas
|move|p2a: Corviknight|U-turn|p1a: Weezing
|-resisted|p1a: Weezing
|-damage|p1a: Weezing|64/100
|
|t:|1769319359
|switch|p2a: Keldeo|Keldeo-Resolute, tera:Water|33/100 brn|[from] U-turn
|
|-damage|p2a: Keldeo|27/100 brn|[from] brn
|upkeep
|turn|125
|
|t:|1769319362
|-end|p1a: Weezing|ability: Neutralizing Gas
|switch|p1a: Toxapex|Toxapex, F|100/100
|move|p2a: Keldeo|Surf|p1a: Toxapex
|-resisted|p1a: Toxapex
|-damage|p1a: Toxapex|73/100
|
|-heal|p1a: Toxapex|79/100|[from] item: Leftovers
|-damage|p2a: Keldeo|20/100 brn|[from] brn
|upkeep
|turn|126
|
|t:|1769319366
|switch|p2a: Corviknight|Corviknight, M|75/100
|-ability|p2a: Corviknight|Pressure
|move|p1a: Toxapex|Poison Jab|p2a: Corviknight
|-immune|p2a: Corviknight
|
|-heal|p1a: Toxapex|85/100|[from] item: Leftovers
|upkeep
|turn|127
|
|t:|1769319368
|switch|p1a: Weezing|Weezing-Galar, F|64/100
|-ability|p1a: Weezing|Neutralizing Gas
|move|p2a: Corviknight|Defog|p1a: Weezing
|-unboost|p1a: Weezing|evasion|1
|
|upkeep
|turn|128
|
|t:|1769319373
|move|p2a: Corviknight|U-turn|p1a: Weezing
|-resisted|p1a: Weezing
|-damage|p1a: Weezing|62/100
|
|t:|1769319374
|switch|p2a: Keldeo|Keldeo-Resolute, tera:Water|20/100 brn|[from] U-turn
|move|p1a: Weezing|Will-O-Wisp|p2a: Keldeo
|-fail|p2a: Keldeo|brn
|
|-damage|p2a: Keldeo|14/100 brn|[from] brn
|upkeep
|turn|129
|
|t:|1769319376
|switch|p2a: Corviknight|Corviknight, M|75/100
|-end|p1a: Weezing|ability: Neutralizing Gas
|-ability|p2a: Corviknight|Pressure
|switch|p1a: Toxapex|Toxapex, F|100/100
|
|upkeep
|turn|130
|
|t:|1769319378
|switch|p1a: Weezing|Weezing-Galar, F|62/100
|-ability|p1a: Weezing|Neutralizing Gas
|move|p2a: Corviknight|Defog|p1a: Weezing
|-unboost|p1a: Weezing|evasion|1
|
|upkeep
|turn|131
|
|t:|1769319384
|move|p2a: Corviknight|Body Press|p1a: Weezing
|-resisted|p1a: Weezing
|-damage|p1a: Weezing|57/100
|move|p1a: Weezing|Will-O-Wisp|p2a: Corviknight
|-status|p2a: Corviknight|brn
|
|-damage|p2a: Corviknight|69/100 brn|[from] brn
|upkeep
|turn|132
|
|t:|1769319390
|move|p2a: Corviknight|U-turn|p1a: Weezing
|-resisted|p1a: Weezing
|-damage|p1a: Weezing|56/100
|
|t:|1769319390
|switch|p2a: Keldeo|Keldeo-Resolute, tera:Water|14/100 brn|[from] U-turn
|move|p1a: Weezing|Toxic Spikes|p2a: Keldeo
|-sidestart|p2: DragonHunter994|move: Toxic Spikes
|
|-damage|p2a: Keldeo|8/100 brn|[from] brn
|upkeep
|turn|133
|c|☆DragonHunter994|ah gg
|c|☆AjaxTheMighty|gg
|-message|DragonHunter994 forfeited.
|
|win|AjaxTheMighty
|raw|AjaxTheMighty's rating: 1400 &rarr; <strong>1422</strong><br />(+22 for winning)
|raw|DragonHunter994's rating: 1432 &rarr; <strong>1410</strong><br />(-22 for losing)
|l|☆DragonHunter994
|player|p2|
