|j|☆lv0ry
|j|☆Directeur Ian
|t:|1769406699
|gametype|singles
|player|p1|lv0ry|102|1353
|player|p2|Directeur Ian|gentleman|1325
|gen|9
|tier|[Gen 9] OU
|rated|
|rule|HP Percentage Mod: HP is shown in percentages
|rule|Endless Battle Clause: Forcing endless battles is banned
|rule|Species Clause: Limit one of each Pokémon
|rule|OHKO Clause: OHKO moves are banned
|rule|Evasion Items Clause: Evasion items are banned
|rule|Evasion Moves Clause: Evasion moves are banned
|rule|Evasion Abilities Clause: Evasion abilities are banned
|rule|Sleep Moves Clause: Sleep-inducing moves are banned
|clearpoke
|poke|p1|Eelektross, F|
|poke|p1|Deoxys-Speed|
|poke|p1|Iron Valiant|
|poke|p1|Pecharunt|
|poke|p1|Dragonite, M|
|poke|p1|Kingambit, M|
|poke|p2|Great Tusk|
|poke|p2|Pecharunt|
|poke|p2|Iron Valiant|
|poke|p2|Iron Crown|
|poke|p2|Samurott-Hisui, M|
|poke|p2|Dragonite, M|
|teampreview
|inactive|Battle timer is ON: inactive players will automatically lose when time's up. (requested by lv0ry)
|
|t:|1769406709
|teamsize|p1|6
|teamsize|p2|6
|start
|switch|p1a: Iron Valiant|Iron Valiant|100/100
|switch|p2a: Samurott|Samurott-Hisui, M|100/100
|-enditem|p1a: Iron Valiant|Booster Energy
|-activate|p1a: Iron Valiant|ability: Quark Drive|[fromitem]
|-start|p1a: Iron Valiant|quarkdrivespe
|turn|1
|
|t:|1769406726
|move|p1a: Iron Valiant|Moonblast|p2a: Samurott
|-supereffective|p2a: Samurott
|-damage|p2a: Samurott|0 fnt
|faint|p2a: Samurott
|
|upkeep
|
|t:|1769406732
|switch|p2a: Iron Crown|Iron Crown|100/100
|turn|2
|
|t:|1769406739
|-terastallize|p1a: Iron Valiant|Ghost
|move|p1a: Iron Valiant|Shadow Ball|p2a: Iron Crown
|-supereffective|p2a: Iron Crown
|-crit|p2a: Iron Crown
|-damage|p2a: Iron Crown|14/100
|move|p2a: Iron Crown|Tachyon Cutter|p1a: Iron Valiant
|-damage|p1a: Iron Valiant|56/100
|-damage|p1a: Iron Valiant|14/100
|-hitcount|p1a: Iron Valiant|2
|
|upkeep
|turn|3
|
|t:|1769406750
|move|p1a: Iron Valiant|Shadow Ball|p2a: Iron Crown
|-supereffective|p2a: Iron Crown
|-damage|p2a: Iron Crown|0 fnt
|faint|p2a: Iron Crown
|-end|p2a: Iron Crown|Quark Drive|[silent]
|
|upkeep
|
|t:|1769406761
|switch|p2a: Dragonite|Dragonite, M|100/100
|turn|4
|
|t:|1769406769
|-terastallize|p2a: Dragonite|Flying
|move|p1a: Iron Valiant|Moonblast|p2a: Dragonite
|-damage|p2a: Dragonite|75/100
|move|p2a: Dragonite|Earthquake|p1a: Iron Valiant
|-damage|p1a: Iron Valiant|0 fnt
|faint|p1a: Iron Valiant
|-end|p1a: Iron Valiant|Quark Drive|[silent]
|
|upkeep
|
|t:|1769406778
|switch|p1a: Eelektross|Eelektross, F|100/100
|turn|5
|
|t:|1769406784
|switch|p2a: Great Tusk|Great Tusk|100/100
|move|p1a: Eelektross|Coil|p1a: Eelektross
|-boost|p1a: Eelektross|atk|1
|-boost|p1a: Eelektross|def|1
|-boost|p1a: Eelektross|accuracy|1
|
|upkeep
|turn|6
|
|t:|1769406797
|move|p2a: Great Tusk|Ice Spinner|p1a: Eelektross
|-damage|p1a: Eelektross|81/100
|move|p1a: Eelektross|Coil|p1a: Eelektross
|-boost|p1a: Eelektross|atk|1
|-boost|p1a: Eelektross|def|1
|-boost|p1a: Eelektross|accuracy|1
|
|-heal|p1a: Eelektross|87/100|[from] item: Leftovers
|upkeep
|turn|7
|
|t:|1769406807
|-end|p2a: Great Tusk|Protosynthesis|[silent]
|switch|p2a: Pecharunt|Pecharunt|100/100
|move|p1a: Eelektross|Coil|p1a: Eelektross
|-boost|p1a: Eelektross|atk|1
|-boost|p1a: Eelektross|def|1
|-boost|p1a: Eelektross|accuracy|1
|
|-heal|p1a: Eelektross|94/100|[from] item: Leftovers
|upkeep
|turn|8
|
|t:|1769406816
|move|p2a: Pecharunt|Malignant Chain|p1a: Eelektross
|-damage|p1a: Eelektross|67/100
|-status|p1a: Eelektross|tox
|-start|p1a: Eelektross|confusion|[from] ability: Poison Puppeteer|[of] p2a: Pecharunt
|-activate|p1a: Eelektross|confusion
|move|p1a: Eelektross|Dragon Tail|p2a: Pecharunt
|-damage|p2a: Pecharunt|82/100
|-damage|p1a: Eelektross|50/100 tox|[from] item: Rocky Helmet|[of] p2a: Pecharunt
|drag|p2a: Dragonite|Dragonite, M, tera:Flying|75/100
|
|-heal|p1a: Eelektross|57/100 tox|[from] item: Leftovers
|-damage|p1a: Eelektross|50/100 tox|[from] psn
|upkeep
|turn|9
|
|t:|1769406833
|switch|p2a: Pecharunt|Pecharunt|82/100
|-activate|p1a: Eelektross|confusion
|-damage|p1a: Eelektross|40/100 tox|[from] confusion
|
|-heal|p1a: Eelektross|46/100 tox|[from] item: Leftovers
|-damage|p1a: Eelektross|34/100 tox|[from] psn
|upkeep
|turn|10
|
|t:|1769406841
|move|p2a: Pecharunt|Shadow Ball|p1a: Eelektross
|-damage|p1a: Eelektross|12/100 tox
|-end|p1a: Eelektross|confusion
|move|p1a: Eelektross|Supercell Slam|p2a: Pecharunt
|-damage|p2a: Pecharunt|37/100
|-damage|p1a: Eelektross|0 fnt|[from] item: Rocky Helmet|[of] p2a: Pecharunt
|faint|p1a: Eelektross
|
|upkeep
|
|t:|1769406850
|switch|p1a: Deoxys|Deoxys-Speed|100/100
|-ability|p1a: Deoxys|Pressure
|turn|11
|
|t:|1769406856
|switch|p2a: Dragonite|Dragonite, M, tera:Flying|75/100
|move|p1a: Deoxys|Light Screen|p1a: Deoxys
|-sidestart|p1: lv0ry|move: Light Screen
|
|upkeep
|turn|12
|
|t:|1769406861
|move|p1a: Deoxys|Taunt|p2a: Dragonite
|-start|p2a: Dragonite|move: Taunt
|cant|p2a: Dragonite|move: Taunt|Dragon Dance
|
|upkeep
|turn|13
|
|t:|1769406867
|move|p1a: Deoxys|Reflect|p1a: Deoxys
|-sidestart|p1: lv0ry|Reflect
|move|p2a: Dragonite|Tera Blast|p1a: Deoxys|[anim] Tera Blast Flying
|-damage|p1a: Deoxys|67/100
|
|upkeep
|turn|14
|
|t:|1769406872
|move|p1a: Deoxys|Stealth Rock|p2a: Dragonite
|-sidestart|p2: Directeur Ian|move: Stealth Rock
|move|p2a: Dragonite|Tera Blast|p1a: Deoxys|[anim] Tera Blast Flying
|-damage|p1a: Deoxys|32/100
|
|-end|p2a: Dragonite|move: Taunt
|upkeep
|turn|15
|
|t:|1769406883
|switch|p1a: Pecharunt|Pecharunt|100/100
|move|p2a: Dragonite|Tera Blast|p1a: Pecharunt|[anim] Tera Blast Flying
|-damage|p1a: Pecharunt|85/100
|
|upkeep
|turn|16
|
|t:|1769406891
|move|p1a: Pecharunt|Malignant Chain|p2a: Dragonite
|-damage|p2a: Dragonite|41/100
|-status|p2a: Dragonite|tox
|-start|p2a: Dragonite|confusion|[from] ability: Poison Puppeteer|[of] p1a: Pecharunt
|-activate|p2a: Dragonite|confusion
|move|p2a: Dragonite|Dragon Dance|p2a: Dragonite
|-boost|p2a: Dragonite|atk|1
|-boost|p2a: Dragonite|spe|1
|
|-damage|p2a: Dragonite|35/100 tox|[from] psn
|upkeep
|turn|17
|
|t:|1769406901
|-activate|p2a: Dragonite|confusion
|move|p2a: Dragonite|Roost|p2a: Dragonite
|-heal|p2a: Dragonite|85/100 tox
|-hint|If a Terastallized Pokemon uses Roost, it remains Flying-type.
|move|p1a: Pecharunt|Recover|p1a: Pecharunt
|-heal|p1a: Pecharunt|100/100
|
|-damage|p2a: Dragonite|73/100 tox|[from] psn
|upkeep
|turn|18
|
|t:|1769406910
|-activate|p2a: Dragonite|confusion
|move|p2a: Dragonite|Dragon Dance|p2a: Dragonite
|-boost|p2a: Dragonite|atk|1
|-boost|p2a: Dragonite|spe|1
|move|p1a: Pecharunt|Recover||[still]
|-fail|p1a: Pecharunt|heal
|
|-damage|p2a: Dragonite|54/100 tox|[from] psn
|-sideend|p1: lv0ry|move: Light Screen
|upkeep
|turn|19
|
|t:|1769406919
|-end|p2a: Dragonite|confusion
|move|p2a: Dragonite|Roost|p2a: Dragonite
|-heal|p2a: Dragonite|100/100 tox
|-hint|If a Terastallized Pokemon uses Roost, it remains Flying-type.
|move|p1a: Pecharunt|Malignant Chain|p2a: Dragonite
|-damage|p2a: Dragonite|83/100 tox
|
|-damage|p2a: Dragonite|58/100 tox|[from] psn
|upkeep
|turn|20
|
|t:|1769406930
|move|p2a: Dragonite|Roost|p2a: Dragonite
|-heal|p2a: Dragonite|100/100 tox
|-hint|If a Terastallized Pokemon uses Roost, it remains Flying-type.
|move|p1a: Pecharunt|Malignant Chain|p2a: Dragonite
|-damage|p2a: Dragonite|86/100 tox
|
|-damage|p2a: Dragonite|55/100 tox|[from] psn
|-sideend|p1: lv0ry|Reflect
|upkeep
|turn|21
|
|t:|1769406939
|move|p2a: Dragonite|Earthquake|p1a: Pecharunt
|-supereffective|p1a: Pecharunt
|-damage|p1a: Pecharunt|15/100
|move|p1a: Pecharunt|Shadow Ball|p2a: Dragonite
|-damage|p2a: Dragonite|29/100 tox
|-unboost|p2a: Dragonite|spd|1
|
|-damage|p2a: Dragonite|0 fnt|[from] psn
|faint|p2a: Dragonite
|upkeep
|
|t:|1769406952
|switch|p2a: Iron Valiant|Iron Valiant|100/100
|-damage|p2a: Iron Valiant|94/100|[from] Stealth Rock
|turn|22
|
|t:|1769406960
|move|p2a: Iron Valiant|Moonblast|p1a: Pecharunt
|-resisted|p1a: Pecharunt
|-damage|p1a: Pecharunt|0 fnt
|faint|p1a: Pecharunt
|
|upkeep
|
|t:|1769406981
|switch|p1a: Deoxys|Deoxys-Speed|32/100
|-ability|p1a: Deoxys|Pressure
|turn|23
|
|t:|1769406986
|move|p1a: Deoxys|Light Screen|p1a: Deoxys
|-sidestart|p1: lv0ry|move: Light Screen
|move|p2a: Iron Valiant|Moonblast|p1a: Deoxys
|-damage|p1a: Deoxys|0 fnt
|faint|p1a: Deoxys
|
|upkeep
|
|t:|1769406991
|switch|p1a: Kingambit|Kingambit, M|100/100
|-activate|p1a: Kingambit|ability: Supreme Overlord
|-start|p1a: Kingambit|fallen4|[silent]
|turn|24
|
|t:|1769406998
|-end|p2a: Iron Valiant|Quark Drive|[silent]
|switch|p2a: Pecharunt|Pecharunt|37/100
|-damage|p2a: Pecharunt|25/100|[from] Stealth Rock
|move|p1a: Kingambit|Iron Head|p2a: Pecharunt
|-damage|p2a: Pecharunt|0 fnt
|-damage|p1a: Kingambit|84/100|[from] item: Rocky Helmet|[of] p2a: Pecharunt
|faint|p2a: Pecharunt
|
|upkeep
|
|t:|1769407007
|switch|p2a: Great Tusk|Great Tusk|100/100
|turn|25
|
|t:|1769407012
|move|p2a: Great Tusk|Rapid Spin|p1a: Kingambit
|-resisted|p1a: Kingambit
|-damage|p1a: Kingambit|77/100
|-boost|p2a: Great Tusk|spe|1
|-sideend|p2: Directeur Ian|Stealth Rock|[from] move: Rapid Spin|[of] p2a: Great Tusk
|move|p1a: Kingambit|Iron Head|p2a: Great Tusk
|-damage|p2a: Great Tusk|48/100
|
|upkeep
|turn|26
|
|t:|1769407020
|move|p1a: Kingambit|Sucker Punch|p2a: Great Tusk
|-resisted|p2a: Great Tusk
|-damage|p2a: Great Tusk|27/100
|move|p2a: Great Tusk|Headlong Rush|p1a: Kingambit
|-supereffective|p1a: Kingambit
|-damage|p1a: Kingambit|0 fnt
|-unboost|p2a: Great Tusk|def|1
|-unboost|p2a: Great Tusk|spd|1
|faint|p1a: Kingambit
|-end|p1a: Kingambit|fallen4|[silent]
|
|upkeep
|
|t:|1769407026
|switch|p1a: Dragonite|Dragonite, M|100/100
|turn|27
|
|t:|1769407032
|move|p2a: Great Tusk|Ice Spinner|p1a: Dragonite
|-supereffective|p1a: Dragonite
|-damage|p1a: Dragonite|44/100
|move|p1a: Dragonite|Dragon Dance|p1a: Dragonite
|-boost|p1a: Dragonite|atk|1
|-boost|p1a: Dragonite|spe|1
|
|upkeep
|turn|28
|
|t:|1769407039
|move|p1a: Dragonite|Extreme Speed|p2a: Great Tusk
|-crit|p2a: Great Tusk
|-damage|p2a: Great Tusk|0 fnt
|faint|p2a: Great Tusk
|-end|p2a: Great Tusk|Protosynthesis|[silent]
|
|upkeep
|
|t:|1769407044
|switch|p2a: Iron Valiant|Iron Valiant|94/100
|turn|29
|
|t:|1769407049
|move|p1a: Dragonite|Earthquake|p2a: Iron Valiant
|-damage|p2a: Iron Valiant|23/100
|move|p2a: Iron Valiant|Moonblast|p1a: Dragonite
|-supereffective|p1a: Dragonite
|-damage|p1a: Dragonite|0 fnt
|faint|p1a: Dragonite
|
|win|Directeur Ian
|raw|lv0ry's rating: 1353 &rarr; <strong>1331</strong><br />(-22 for losing)
|raw|Directeur Ian's rating: 1325 &rarr; <strong>1347</strong><br />(+22 for winning)
|l|☆lv0ry
|player|p1|
|c|☆Directeur Ian|ggs
|l|☆Directeur Ian
|player|p2|
