|j|☆IDKwht
|j|☆BIGBALLERQ$
|t:|1769413423
|gametype|singles
|player|p1|IDKwht|schoolkid|1506
|player|p2|BIGBALLERQ$|102|1529
|gen|9
|tier|[Gen 9] OU
|rated|
|rule|HP Percentage Mod: HP is shown in percentages
|rule|Endless Battle Clause: Forcing endless battles is banned
|rule|Species Clause: Limit one of each Pokémon
|rule|OHKO Clause: OHKO moves are banned
|rule|Evasion Items Clause: Evasion items are banned
|rule|Evasion Moves Clause: Evasion moves are banned
|rule|Evasion Abilities Clause: Evasion abilities are banned
|rule|Sleep Moves Clause: Sleep-inducing moves are banned
|clearpoke
|poke|p1|Slowking-Galar, M|
|poke|p1|Gholdengo|
|poke|p1|Ogerpon-Wellspring, F|
|poke|p1|Great Tusk|
|poke|p1|Lokix, F|
|poke|p1|Zapdos|
|poke|p2|Kingambit, F|
|poke|p2|Landorus-Therian, M|
|poke|p2|Ninetales-Alola, M|
|poke|p2|Gholdengo|
|poke|p2|Kyurem|
|poke|p2|Great Tusk|
|teampreview
|inactive|Battle timer is ON: inactive players will automatically lose when time's up. (requested by IDKwht)
|
|t:|1769413430
|teamsize|p1|6
|teamsize|p2|6
|start
|switch|p1a: Gholdengo|Gholdengo|100/100
|switch|p2a: Landorus|Landorus-Therian, M|100/100
|-ability|p2a: Landorus|Intimidate|boost
|-unboost|p1a: Gholdengo|atk|1
|turn|1
|
|t:|1769413439
|switch|p1a: Lokix|Lokix, F, shiny|100/100
|move|p2a: Landorus|Rock Tomb|p1a: Lokix
|-supereffective|p1a: Lokix
|-damage|p1a: Lokix|40/100
|-unboost|p1a: Lokix|spe|1
|
|upkeep
|turn|2
|
|t:|1769413453
|move|p1a: Lokix|First Impression|p2a: Landorus
|-resisted|p2a: Landorus
|-crit|p2a: Landorus
|-damage|p2a: Landorus|23/100
|-damage|p1a: Lokix|24/100|[from] item: Rocky Helmet|[of] p2a: Landorus
|move|p2a: Landorus|U-turn|p1a: Lokix
|-supereffective|p1a: Lokix
|-damage|p1a: Lokix|0 fnt
|faint|p1a: Lokix
|inactive|BIGBALLERQ$ has 120 seconds left.
|inactive|BIGBALLERQ$ has 90 seconds left.
|inactive|BIGBALLERQ$ has 60 seconds left.
|
|t:|1769413540
|switch|p2a: Ninetales|Ninetales-Alola, M|100/100|[from] U-turn
|-weather|Snowscape|[from] ability: Snow Warning|[of] p2a: Ninetales
|
|-weather|Snowscape|[upkeep]
|upkeep
|
|t:|1769413544
|switch|p1a: Gholdengo|Gholdengo|100/100
|turn|3
|
|t:|1769413554
|-terastallize|p2a: Ninetales|Fire
|move|p1a: Gholdengo|Make It Rain|p2a: Ninetales
|-resisted|p2a: Ninetales
|-damage|p2a: Ninetales|68/100
|-unboost|p1a: Gholdengo|spa|1
|move|p2a: Ninetales|Aurora Veil|p2a: Ninetales
|-sidestart|p2: BIGBALLERQ$|move: Aurora Veil
|
|-weather|Snowscape|[upkeep]
|upkeep
|turn|4
|inactive|BIGBALLERQ$ has 60 seconds left.
|
|t:|1769413577
|switch|p1a: Slowking|Slowking-Galar, M, shiny|100/100
|switch|p2a: Kyurem|Kyurem|100/100
|-ability|p2a: Kyurem|Pressure
|
|-weather|Snowscape|[upkeep]
|upkeep
|turn|5
|inactive|BIGBALLERQ$ has 60 seconds left.
|
|t:|1769413589
|move|p2a: Kyurem|Dragon Dance|p2a: Kyurem
|-boost|p2a: Kyurem|atk|1
|-boost|p2a: Kyurem|spe|1
|move|p1a: Slowking|Psychic Noise|p2a: Kyurem
|-damage|p2a: Kyurem|82/100
|-start|p2a: Kyurem|move: Heal Block
|
|-weather|Snowscape|[upkeep]
|upkeep
|turn|6
|
|t:|1769413592
|move|p2a: Kyurem|Icicle Spear|p1a: Slowking
|-damage|p1a: Slowking|77/100
|-damage|p1a: Slowking|54/100
|-damage|p1a: Slowking|31/100
|-damage|p1a: Slowking|8/100
|-damage|p1a: Slowking|0 fnt
|faint|p1a: Slowking
|-hitcount|p1: Slowking|5
|
|-weather|none
|-end|p2a: Kyurem|move: Heal Block
|upkeep
|
|t:|1769413596
|switch|p1a: Great Tusk|Great Tusk|100/100
|turn|7
|
|t:|1769413599
|move|p2a: Kyurem|Icicle Spear|p1a: Great Tusk
|-supereffective|p1a: Great Tusk
|-damage|p1a: Great Tusk|75/100
|-supereffective|p1a: Great Tusk
|-damage|p1a: Great Tusk|48/100
|-supereffective|p1a: Great Tusk
|-damage|p1a: Great Tusk|22/100
|-supereffective|p1a: Great Tusk
|-damage|p1a: Great Tusk|0 fnt
|faint|p1a: Great Tusk
|-end|p1a: Great Tusk|Protosynthesis|[silent]
|-hitcount|p1: Great Tusk|4
|
|upkeep
|
|t:|1769413603
|switch|p1a: Gholdengo|Gholdengo|100/100
|turn|8
|inactive|BIGBALLERQ$ has 90 seconds left.
|
|t:|1769413619
|switch|p2a: Gholdengo|Gholdengo|100/100
|move|p1a: Gholdengo|Make It Rain|p2a: Gholdengo
|-resisted|p2a: Gholdengo
|-damage|p2a: Gholdengo|82/100
|-unboost|p1a: Gholdengo|spa|1
|
|upkeep
|turn|9
|
|t:|1769413625
|switch|p1a: Zapdos|Zapdos|100/100
|move|p2a: Gholdengo|Shadow Ball|p1a: Zapdos
|-damage|p1a: Zapdos|62/100
|
|upkeep
|turn|10
|
|t:|1769413634
|move|p2a: Gholdengo|Shadow Ball|p1a: Zapdos
|-damage|p1a: Zapdos|19/100
|-unboost|p1a: Zapdos|spd|1
|move|p1a: Zapdos|Discharge|p2a: Gholdengo
|-damage|p2a: Gholdengo|55/100
|
|-sideend|p2: BIGBALLERQ$|move: Aurora Veil
|upkeep
|turn|11
|
|t:|1769413640
|move|p2a: Gholdengo|Shadow Ball|p1a: Zapdos
|-damage|p1a: Zapdos|0 fnt
|faint|p1a: Zapdos
|
|upkeep
|
|t:|1769413644
|switch|p1a: Ogerpon|Ogerpon-Wellspring, F|100/100
|turn|12
|
|t:|1769413647
|move|p2a: Gholdengo|Shadow Ball|p1a: Ogerpon
|-damage|p1a: Ogerpon|49/100
|-unboost|p1a: Ogerpon|spd|1
|move|p1a: Ogerpon|Ivy Cudgel|p2a: Gholdengo|[anim] Ivy Cudgel Water
|-damage|p2a: Gholdengo|0 fnt
|faint|p2a: Gholdengo
|
|upkeep
|inactive|BIGBALLERQ$ has 120 seconds left.
|
|t:|1769413653
|switch|p2a: Landorus|Landorus-Therian, M|23/100
|-ability|p2a: Landorus|Intimidate|boost
|-unboost|p1a: Ogerpon|atk|1
|turn|13
|inactive|BIGBALLERQ$ has 120 seconds left.
|
|t:|1769413674
|switch|p2a: Great Tusk|Great Tusk|100/100
|-enditem|p2a: Great Tusk|Booster Energy
|-activate|p2a: Great Tusk|ability: Protosynthesis|[fromitem]
|-start|p2a: Great Tusk|protosynthesisatk
|move|p1a: Ogerpon|Ivy Cudgel|p2a: Great Tusk|[anim] Ivy Cudgel Water
|-supereffective|p2a: Great Tusk
|-damage|p2a: Great Tusk|39/100
|
|upkeep
|turn|14
|
|t:|1769413680
|-end|p2a: Great Tusk|Protosynthesis|[silent]
|switch|p2a: Landorus|Landorus-Therian, M|23/100
|-ability|p2a: Landorus|Intimidate|boost
|-unboost|p1a: Ogerpon|atk|1
|move|p1a: Ogerpon|Ivy Cudgel|p2a: Landorus|[anim] Ivy Cudgel Water
|-supereffective|p2a: Landorus
|-damage|p2a: Landorus|0 fnt
|faint|p2a: Landorus
|
|upkeep
|
|t:|1769413704
|switch|p2a: Kingambit|Kingambit, F|100/100
|-activate|p2a: Kingambit|ability: Supreme Overlord
|-start|p2a: Kingambit|fallen2|[silent]
|turn|15
|
|t:|1769413711
|move|p1a: Ogerpon|U-turn|p2a: Kingambit
|-damage|p2a: Kingambit|91/100
|
|t:|1769413713
|switch|p1a: Gholdengo|Gholdengo|100/100|[from] U-turn
|move|p2a: Kingambit|Kowtow Cleave|p1a: Gholdengo
|-supereffective|p1a: Gholdengo
|-damage|p1a: Gholdengo|0 fnt
|faint|p1a: Gholdengo
|
|-heal|p2a: Kingambit|97/100|[from] item: Leftovers
|upkeep
|
|t:|1769413715
|switch|p1a: Ogerpon|Ogerpon-Wellspring, F|49/100
|turn|16
|
|t:|1769413719
|-terastallize|p1a: Ogerpon|Water
|detailschange|p1a: Ogerpon|Ogerpon-Wellspring-Tera, F, tera:Water
|-ability|p1a: Ogerpon|Embody Aspect (Wellspring)|boost
|-boost|p1a: Ogerpon|spd|1
|move|p1a: Ogerpon|Ivy Cudgel|p2a: Kingambit|[anim] Ivy Cudgel Water
|-damage|p2a: Kingambit|38/100
|move|p2a: Kingambit|Kowtow Cleave|p1a: Ogerpon
|-damage|p1a: Ogerpon|0 fnt
|faint|p1a: Ogerpon
|detailschange|p1: Ogerpon|Ogerpon-Wellspring, F|[silent]
|
|win|BIGBALLERQ$
|raw|IDKwht's rating: 1506 &rarr; <strong>1487</strong><br />(-19 for losing)
|raw|BIGBALLERQ$'s rating: 1529 &rarr; <strong>1548</strong><br />(+19 for winning)
|l|☆IDKwht
|player|p1|
|l|☆BIGBALLERQ$
|player|p2|
