|j|☆vacineee
|j|☆SDLU
|t:|1769406847
|gametype|singles
|player|p1|vacineee|parasollady-gen4|1389
|player|p2|SDLU|1|1373
|gen|9
|tier|[Gen 9] OU
|rated|
|rule|HP Percentage Mod: HP is shown in percentages
|rule|Endless Battle Clause: Forcing endless battles is banned
|rule|Species Clause: Limit one of each Pokémon
|rule|OHKO Clause: OHKO moves are banned
|rule|Evasion Items Clause: Evasion items are banned
|rule|Evasion Moves Clause: Evasion moves are banned
|rule|Evasion Abilities Clause: Evasion abilities are banned
|rule|Sleep Moves Clause: Sleep-inducing moves are banned
|clearpoke
|poke|p1|Hoopa-Unbound|
|poke|p1|Rillaboom, F|
|poke|p1|Iron Hands|
|poke|p1|Slowking-Galar, F|
|poke|p1|Great Tusk|
|poke|p1|Heatran, F|
|poke|p2|Dragapult, M|
|poke|p2|Gastrodon, M|
|poke|p2|Skeledirge, M|
|poke|p2|Garganacl, M|
|poke|p2|Clefable, F|
|poke|p2|Moltres|
|teampreview
|inactive|Battle timer is ON: inactive players will automatically lose when time's up. (requested by SDLU)
|
|t:|1769406860
|teamsize|p1|6
|teamsize|p2|6
|start
|switch|p1a: Heatran|Heatran, F|100/100
|switch|p2a: Dragapult|Dragapult, M|100/100
|-item|p1a: Heatran|Air Balloon
|turn|1
|
|t:|1769406865
|move|p2a: Dragapult|U-turn|p1a: Heatran
|-resisted|p1a: Heatran
|-damage|p1a: Heatran|93/100
|-enditem|p1a: Heatran|Air Balloon
|
|t:|1769406869
|switch|p2a: Garganacl|Garganacl, M|100/100|[from] U-turn
|move|p1a: Heatran|Stealth Rock|p2a: Garganacl
|-sidestart|p2: SDLU|move: Stealth Rock
|
|upkeep
|turn|2
|
|t:|1769406884
|switch|p1a: Slowking|Slowking-Galar, F|100/100
|move|p2a: Garganacl|Salt Cure|p1a: Slowking
|-damage|p1a: Slowking|85/100
|-start|p1a: Slowking|Salt Cure
|
|-damage|p1a: Slowking|73/100|[from] Salt Cure
|upkeep
|turn|3
|
|t:|1769406892
|move|p2a: Garganacl|Stealth Rock|p1a: Slowking
|-sidestart|p1: vacineee|move: Stealth Rock
|move|p1a: Slowking|Future Sight|p2a: Garganacl
|-start|p1a: Slowking|move: Future Sight
|
|-damage|p1a: Slowking|60/100|[from] Salt Cure
|upkeep
|turn|4
|
|t:|1769406901
|move|p2a: Garganacl|Salt Cure|p1a: Slowking
|-damage|p1a: Slowking|47/100
|-prepare|p1a: Slowking|Chilly Reception|[premajor]
|move|p1a: Slowking|Chilly Reception|p1a: Slowking
|-weather|Snowscape
|
|t:|1769406914
|switch|p1a: Rillaboom|Rillaboom, F|100/100|[from] Chilly Reception
|-damage|p1a: Rillaboom|88/100|[from] Stealth Rock
|-fieldstart|move: Grassy Terrain|[from] ability: Grassy Surge|[of] p1a: Rillaboom
|
|-weather|Snowscape|[upkeep]
|-heal|p1a: Rillaboom|94/100|[from] Grassy Terrain
|upkeep
|turn|5
|
|t:|1769406923
|switch|p1a: Iron Hands|Iron Hands, shiny|100/100
|-damage|p1a: Iron Hands|94/100|[from] Stealth Rock
|move|p2a: Garganacl|Protect||[still]
|-fail|p2a: Garganacl
|
|-weather|Snowscape|[upkeep]
|-end|p2a: Garganacl|move: Future Sight
|-damage|p2a: Garganacl|70/100
|-heal|p1a: Iron Hands|100/100|[from] Grassy Terrain
|-heal|p2a: Garganacl|76/100|[from] Grassy Terrain
|-heal|p2a: Garganacl|82/100|[from] item: Leftovers
|upkeep
|turn|6
|
|t:|1769406937
|switch|p2a: Gastrodon|Gastrodon, M|100/100
|-damage|p2a: Gastrodon|94/100|[from] Stealth Rock
|move|p1a: Iron Hands|Swords Dance|p1a: Iron Hands
|-boost|p1a: Iron Hands|atk|2
|
|-weather|Snowscape|[upkeep]
|-heal|p2a: Gastrodon|100/100|[from] Grassy Terrain
|upkeep
|turn|7
|
|t:|1769406944
|move|p1a: Iron Hands|Drain Punch|p2a: Gastrodon
|-damage|p2a: Gastrodon|36/100
|-damage|p1a: Iron Hands|84/100|[from] item: Rocky Helmet|[of] p2a: Gastrodon
|move|p2a: Gastrodon|Spikes|p1a: Iron Hands
|-sidestart|p1: vacineee|Spikes
|
|-weather|Snowscape|[upkeep]
|-heal|p1a: Iron Hands|90/100|[from] Grassy Terrain
|-heal|p2a: Gastrodon|43/100|[from] Grassy Terrain
|upkeep
|turn|8
|
|t:|1769406957
|switch|p2a: Dragapult|Dragapult, M|100/100
|-damage|p2a: Dragapult|88/100|[from] Stealth Rock
|move|p1a: Iron Hands|Drain Punch|p2a: Dragapult
|-immune|p2a: Dragapult
|
|-weather|none
|-heal|p2a: Dragapult|94/100|[from] Grassy Terrain
|-heal|p1a: Iron Hands|96/100|[from] Grassy Terrain
|-fieldend|move: Grassy Terrain
|upkeep
|turn|9
|
|t:|1769406963
|switch|p2a: Gastrodon|Gastrodon, M|43/100
|-damage|p2a: Gastrodon|36/100|[from] Stealth Rock
|move|p1a: Iron Hands|Ice Punch|p2a: Gastrodon
|-damage|p2a: Gastrodon|0 fnt
|-damage|p1a: Iron Hands|80/100|[from] item: Rocky Helmet|[of] p2a: Gastrodon
|faint|p2a: Gastrodon
|
|upkeep
|
|t:|1769406971
|switch|p2a: Skeledirge|Skeledirge, M|100/100
|turn|10
|
|t:|1769406975
|-end|p1a: Iron Hands|Quark Drive|[silent]
|switch|p1a: Heatran|Heatran, F|93/100
|-damage|p1a: Heatran|81/100|[from] Stealth Rock
|-damage|p1a: Heatran|68/100|[from] Spikes
|move|p2a: Skeledirge|Will-O-Wisp|p1a: Heatran
|-start|p1a: Heatran|ability: Flash Fire
|
|upkeep
|turn|11
|
|t:|1769406982
|switch|p2a: Garganacl|Garganacl, M|82/100
|-damage|p2a: Garganacl|70/100|[from] Stealth Rock
|move|p1a: Heatran|Magma Storm|p2a: Garganacl|[miss]
|-miss|p1a: Heatran|p2a: Garganacl
|
|-heal|p2a: Garganacl|76/100|[from] item: Leftovers
|upkeep
|turn|12
|
|t:|1769406991
|move|p1a: Heatran|Earth Power|p2a: Garganacl
|-supereffective|p2a: Garganacl
|-damage|p2a: Garganacl|44/100
|move|p2a: Garganacl|Salt Cure|p1a: Heatran
|-damage|p1a: Heatran|57/100
|-start|p1a: Heatran|Salt Cure
|
|-heal|p2a: Garganacl|50/100|[from] item: Leftovers
|-damage|p1a: Heatran|32/100|[from] Salt Cure
|upkeep
|turn|13
|
|t:|1769406997
|move|p1a: Heatran|Magma Storm|p2a: Garganacl
|-resisted|p2a: Garganacl
|-damage|p2a: Garganacl|27/100
|-activate|p2a: Garganacl|move: Magma Storm|[of] p1a: Heatran
|move|p2a: Garganacl|Recover|p2a: Garganacl
|-heal|p2a: Garganacl|77/100
|
|-heal|p2a: Garganacl|84/100|[from] item: Leftovers
|-damage|p1a: Heatran|7/100|[from] Salt Cure
|-damage|p2a: Garganacl|71/100|[from] move: Magma Storm|[partiallytrapped]
|upkeep
|turn|14
|
|t:|1769407001
|move|p1a: Heatran|Taunt|p2a: Garganacl
|-start|p2a: Garganacl|move: Taunt
|cant|p2a: Garganacl|move: Taunt|Recover
|
|-heal|p2a: Garganacl|77/100|[from] item: Leftovers
|-damage|p1a: Heatran|0 fnt|[from] Salt Cure
|faint|p1a: Heatran
|-end|p2a: Garganacl|Magma Storm|[partiallytrapped]|[silent]
|upkeep
|
|t:|1769407011
|switch|p1a: Rillaboom|Rillaboom, F|94/100
|-damage|p1a: Rillaboom|82/100|[from] Stealth Rock
|-damage|p1a: Rillaboom|70/100|[from] Spikes
|-fieldstart|move: Grassy Terrain|[from] ability: Grassy Surge|[of] p1a: Rillaboom
|turn|15
|
|t:|1769407020
|switch|p1a: Iron Hands|Iron Hands, shiny|80/100
|-damage|p1a: Iron Hands|74/100|[from] Stealth Rock
|-damage|p1a: Iron Hands|61/100|[from] Spikes
|switch|p2a: Moltres|Moltres|100/100
|
|-heal|p1a: Iron Hands|68/100|[from] Grassy Terrain
|upkeep
|turn|16
|inactive|SDLU has 120 seconds left.
|
|t:|1769407051
|move|p2a: Moltres|Scorching Sands|p1a: Iron Hands
|-supereffective|p1a: Iron Hands
|-damage|p1a: Iron Hands|37/100
|move|p1a: Iron Hands|Wild Charge|p2a: Moltres
|-supereffective|p2a: Moltres
|-damage|p2a: Moltres|0 fnt
|faint|p2a: Moltres
|-damage|p1a: Iron Hands|16/100|[from] Recoil
|
|-heal|p1a: Iron Hands|22/100|[from] Grassy Terrain
|upkeep
|inactive|SDLU has 120 seconds left.
|
|t:|1769407057
|switch|p2a: Dragapult|Dragapult, M|94/100
|-damage|p2a: Dragapult|82/100|[from] Stealth Rock
|turn|17
|
|t:|1769407062
|move|p2a: Dragapult|Dragon Darts|p1a: Iron Hands
|-damage|p1a: Iron Hands|0 fnt
|faint|p1a: Iron Hands
|-end|p1a: Iron Hands|Quark Drive|[silent]
|
|-heal|p2a: Dragapult|88/100|[from] Grassy Terrain
|upkeep
|
|t:|1769407072
|switch|p1a: Great Tusk|Great Tusk|100/100
|-damage|p1a: Great Tusk|98/100|[from] Stealth Rock
|-damage|p1a: Great Tusk|85/100|[from] Spikes
|-enditem|p1a: Great Tusk|Booster Energy
|-activate|p1a: Great Tusk|ability: Protosynthesis|[fromitem]
|-start|p1a: Great Tusk|protosynthesisspe
|turn|18
|inactive|SDLU has 120 seconds left.
|
|t:|1769407098
|switch|p2a: Garganacl|Garganacl, M|77/100
|-damage|p2a: Garganacl|65/100|[from] Stealth Rock
|move|p1a: Great Tusk|Bulk Up|p1a: Great Tusk
|-boost|p1a: Great Tusk|atk|1
|-boost|p1a: Great Tusk|def|1
|
|-heal|p1a: Great Tusk|91/100|[from] Grassy Terrain
|-heal|p2a: Garganacl|71/100|[from] Grassy Terrain
|-heal|p2a: Garganacl|77/100|[from] item: Leftovers
|upkeep
|turn|19
|inactive|SDLU has 120 seconds left.
|
|t:|1769407105
|move|p1a: Great Tusk|Headlong Rush|p2a: Garganacl
|-supereffective|p2a: Garganacl
|-damage|p2a: Garganacl|0 fnt
|-unboost|p1a: Great Tusk|def|1
|-unboost|p1a: Great Tusk|spd|1
|faint|p2a: Garganacl
|
|-heal|p1a: Great Tusk|98/100|[from] Grassy Terrain
|-fieldend|move: Grassy Terrain
|upkeep
|inactive|SDLU has 120 seconds left.
|
|t:|1769407111
|switch|p2a: Skeledirge|Skeledirge, M|100/100
|turn|20
|
|t:|1769407115
|move|p1a: Great Tusk|Headlong Rush|p2a: Skeledirge
|-supereffective|p2a: Skeledirge
|-damage|p2a: Skeledirge|40/100
|-unboost|p1a: Great Tusk|def|1
|-unboost|p1a: Great Tusk|spd|1
|move|p2a: Skeledirge|Will-O-Wisp|p1a: Great Tusk|[miss]
|-miss|p2a: Skeledirge|p1a: Great Tusk
|
|upkeep
|turn|21
|
|t:|1769407122
|-terastallize|p2a: Skeledirge|Flying
|move|p1a: Great Tusk|Headlong Rush|p2a: Skeledirge
|-immune|p2a: Skeledirge
|move|p2a: Skeledirge|Will-O-Wisp|p1a: Great Tusk|[miss]
|-miss|p2a: Skeledirge|p1a: Great Tusk
|
|upkeep
|turn|22
|
|t:|1769407137
|-end|p1a: Great Tusk|Protosynthesis|[silent]
|switch|p1a: Slowking|Slowking-Galar, F|80/100
|move|p2a: Skeledirge|Slack Off|p2a: Skeledirge
|-heal|p2a: Skeledirge|90/100
|
|upkeep
|turn|23
|
|t:|1769407155
|switch|p2a: Dragapult|Dragapult, M|88/100
|-damage|p2a: Dragapult|76/100|[from] Stealth Rock
|-prepare|p1a: Slowking|Chilly Reception|[premajor]
|move|p1a: Slowking|Chilly Reception|p1a: Slowking
|-weather|Snowscape
|
|t:|1769407176
|switch|p1a: Great Tusk|Great Tusk|98/100|[from] Chilly Reception
|-damage|p1a: Great Tusk|95/100|[from] Stealth Rock
|-damage|p1a: Great Tusk|82/100|[from] Spikes
|
|-weather|Snowscape|[upkeep]
|upkeep
|turn|24
|
|t:|1769407196
|move|p2a: Dragapult|Dragon Darts|p1a: Great Tusk
|-damage|p1a: Great Tusk|57/100
|-anim|p2a: Dragapult|Dragon Darts|p1a: Great Tusk
|-damage|p1a: Great Tusk|34/100
|move|p1a: Great Tusk|Headlong Rush|p2a: Dragapult
|-damage|p2a: Dragapult|0 fnt
|-unboost|p1a: Great Tusk|def|1
|-unboost|p1a: Great Tusk|spd|1
|faint|p2a: Dragapult
|
|-weather|Snowscape|[upkeep]
|upkeep
|
|t:|1769407206
|switch|p2a: Skeledirge|Skeledirge, M, tera:Flying|90/100
|turn|25
|
|t:|1769407213
|move|p1a: Great Tusk|Rapid Spin|p2a: Skeledirge
|-damage|p2a: Skeledirge|82/100
|-boost|p1a: Great Tusk|spe|1
|-sideend|p1: vacineee|Spikes|[from] move: Rapid Spin|[of] p1a: Great Tusk
|-sideend|p1: vacineee|Stealth Rock|[from] move: Rapid Spin|[of] p1a: Great Tusk
|move|p2a: Skeledirge|Torch Song|p1a: Great Tusk
|-damage|p1a: Great Tusk|0 fnt
|-boost|p2a: Skeledirge|spa|1
|faint|p1a: Great Tusk
|-end|p1a: Great Tusk|Protosynthesis|[silent]
|
|-weather|Snowscape|[upkeep]
|upkeep
|
|t:|1769407221
|switch|p1a: Hoopa|Hoopa-Unbound|100/100
|turn|26
|
|t:|1769407230
|move|p1a: Hoopa|Psychic Noise|p2a: Skeledirge
|-damage|p2a: Skeledirge|21/100
|-start|p2a: Skeledirge|move: Heal Block
|move|p2a: Skeledirge|Will-O-Wisp|p1a: Hoopa
|-status|p1a: Hoopa|brn
|
|-weather|Snowscape|[upkeep]
|-damage|p1a: Hoopa|94/100 brn|[from] brn
|upkeep
|turn|27
|inactive|vacineee has 120 seconds left.
|
|t:|1769407275
|move|p1a: Hoopa|Psychic Noise|p2a: Skeledirge
|-damage|p2a: Skeledirge|0 fnt
|faint|p2a: Skeledirge
|
|-weather|none
|-damage|p1a: Hoopa|88/100 brn|[from] brn
|upkeep
|
|t:|1769407278
|switch|p2a: Clefable|Clefable, F|100/100
|-damage|p2a: Clefable|88/100|[from] Stealth Rock
|turn|28
|inactive|vacineee has 120 seconds left.
|
|t:|1769407292
|move|p1a: Hoopa|Psychic Noise|p2a: Clefable
|-damage|p2a: Clefable|55/100
|move|p2a: Clefable|Calm Mind|p2a: Clefable
|-boost|p2a: Clefable|spa|1
|-boost|p2a: Clefable|spd|1
|
|-damage|p1a: Hoopa|82/100 brn|[from] brn
|upkeep
|turn|29
|inactive|vacineee has 120 seconds left.
|
|t:|1769407299
|switch|p1a: Rillaboom|Rillaboom, F|70/100
|-fieldstart|move: Grassy Terrain|[from] ability: Grassy Surge|[of] p1a: Rillaboom
|move|p2a: Clefable|Moonlight|p2a: Clefable
|-heal|p2a: Clefable|100/100
|
|-heal|p1a: Rillaboom|76/100|[from] Grassy Terrain
|upkeep
|turn|30
|
|t:|1769407304
|-terastallize|p1a: Rillaboom|Grass
|move|p1a: Rillaboom|Wood Hammer|p2a: Clefable
|-crit|p2a: Clefable
|-damage|p2a: Clefable|0 fnt
|faint|p2a: Clefable
|-damage|p1a: Rillaboom|38/100|[from] Recoil
|
|win|vacineee
|raw|vacineee's rating: 1410 &rarr; <strong>1428</strong><br />(+18 for winning)
|raw|SDLU's rating: 1373 &rarr; <strong>1355</strong><br />(-18 for losing)
|l|☆SDLU
|player|p2|
|l|☆vacineee
|player|p1|
