|j|☆dragapult-flygon2
|j|☆elknightoscuro
|t:|1769303326
|gametype|singles
|player|p1|dragapult-flygon2|dawn-gen4pt|1373
|player|p2|elknightoscuro|ghetsis|1403
|gen|9
|tier|[Gen 9] OU
|rated|
|rule|HP Percentage Mod: HP is shown in percentages
|rule|Endless Battle Clause: Forcing endless battles is banned
|rule|Species Clause: Limit one of each Pokémon
|rule|OHKO Clause: OHKO moves are banned
|rule|Evasion Items Clause: Evasion items are banned
|rule|Evasion Moves Clause: Evasion moves are banned
|rule|Evasion Abilities Clause: Evasion abilities are banned
|rule|Sleep Moves Clause: Sleep-inducing moves are banned
|clearpoke
|poke|p1|Ogerpon, F|
|poke|p1|Hatterene, F|
|poke|p1|Tornadus-Therian, M|
|poke|p1|Garchomp, F|
|poke|p1|Alomomola, F|
|poke|p1|Gholdengo|
|poke|p2|Revavroom, M|
|poke|p2|Rillaboom, F|
|poke|p2|Iron Valiant|
|poke|p2|Alomomola, F|
|poke|p2|Ting-Lu|
|poke|p2|Moltres|
|teampreview
|inactive|Battle timer is ON: inactive players will automatically lose when time's up. (requested by dragapult-flygon2)
|inactive|elknightoscuro has 120 seconds left.
|inactive|elknightoscuro has 90 seconds left.
|
|t:|1769303400
|teamsize|p1|6
|teamsize|p2|6
|start
|switch|p1a: Garchomp|Garchomp, F|100/100
|switch|p2a: Alomomola|Alomomola, F|100/100
|turn|1
|
|t:|1769303406
|move|p1a: Garchomp|Poison Jab|p2a: Alomomola
|-damage|p2a: Alomomola|88/100
|move|p2a: Alomomola|Flip Turn|p1a: Garchomp
|-damage|p1a: Garchomp|90/100
|-damage|p2a: Alomomola|75/100|[from] ability: Rough Skin|[of] p1a: Garchomp
|-damage|p2a: Alomomola|59/100|[from] item: Rocky Helmet|[of] p1a: Garchomp
|
|t:|1769303415
|switch|p2a: Revavroom|Revavroom, M|100/100|[from] Flip Turn
|-item|p2a: Revavroom|Air Balloon
|
|upkeep
|turn|2
|
|t:|1769303427
|switch|p2a: Moltres|Moltres|100/100
|move|p1a: Garchomp|Dragon Tail|p2a: Moltres
|-damage|p2a: Moltres|83/100
|-status|p1a: Garchomp|brn|[from] ability: Flame Body|[of] p2a: Moltres
|drag|p2a: Rillaboom|Rillaboom, F|100/100
|-fieldstart|move: Grassy Terrain|[from] ability: Grassy Surge|[of] p2a: Rillaboom
|
|-heal|p1a: Garchomp|96/100 brn|[from] Grassy Terrain
|-damage|p1a: Garchomp|90/100 brn|[from] brn
|upkeep
|turn|3
|
|t:|1769303434
|move|p2a: Rillaboom|Swords Dance|p2a: Rillaboom
|-boost|p2a: Rillaboom|atk|2
|move|p1a: Garchomp|Stealth Rock|p2a: Rillaboom
|-sidestart|p2: elknightoscuro|move: Stealth Rock
|
|-heal|p1a: Garchomp|96/100 brn|[from] Grassy Terrain
|-damage|p1a: Garchomp|90/100 brn|[from] brn
|upkeep
|turn|4
|
|t:|1769303449
|-terastallize|p2a: Rillaboom|Dark
|move|p2a: Rillaboom|Knock Off|p1a: Garchomp
|-damage|p1a: Garchomp|14/100 brn
|-damage|p2a: Rillaboom|88/100|[from] ability: Rough Skin|[of] p1a: Garchomp
|-damage|p2a: Rillaboom|72/100|[from] item: Rocky Helmet|[of] p1a: Garchomp
|-enditem|p1a: Garchomp|Rocky Helmet|[from] move: Knock Off|[of] p2a: Rillaboom
|move|p1a: Garchomp|Poison Jab|p2a: Rillaboom
|-damage|p2a: Rillaboom|60/100
|
|-heal|p2a: Rillaboom|66/100|[from] Grassy Terrain
|-heal|p1a: Garchomp|20/100 brn|[from] Grassy Terrain
|-damage|p1a: Garchomp|14/100 brn|[from] brn
|upkeep
|turn|5
|
|t:|1769303464
|move|p2a: Rillaboom|Drain Punch|p1a: Garchomp
|-damage|p1a: Garchomp|0 fnt
|-heal|p2a: Rillaboom|74/100|[from] drain|[of] p1a: Garchomp
|-damage|p2a: Rillaboom|62/100|[from] ability: Rough Skin|[of] p1a: Garchomp
|faint|p1a: Garchomp
|
|-heal|p2a: Rillaboom|68/100|[from] Grassy Terrain
|upkeep
|
|t:|1769303475
|switch|p1a: Ogerpon|Ogerpon, F|100/100
|turn|6
|
|t:|1769303485
|switch|p2a: Moltres|Moltres|83/100
|-terastallize|p1a: Ogerpon|Grass
|detailschange|p1a: Ogerpon|Ogerpon-Teal-Tera, F, tera:Grass
|-ability|p1a: Ogerpon|Embody Aspect (Teal)|boost
|-boost|p1a: Ogerpon|spe|1
|move|p1a: Ogerpon|Ivy Cudgel|p2a: Moltres
|-resisted|p2a: Moltres
|-damage|p2a: Moltres|61/100
|
|-fieldend|move: Grassy Terrain
|upkeep
|turn|7
|
|t:|1769303500
|switch|p1a: Alomomola|Alomomola, F|100/100
|move|p2a: Moltres|Will-O-Wisp|p1a: Alomomola|[miss]
|-miss|p2a: Moltres|p1a: Alomomola
|
|upkeep
|turn|8
|
|t:|1769303504
|move|p2a: Moltres|U-turn|p1a: Alomomola
|-damage|p1a: Alomomola|90/100
|
|t:|1769303511
|switch|p2a: Rillaboom|Rillaboom, F, tera:Dark|68/100|[from] U-turn
|-damage|p2a: Rillaboom|56/100|[from] Stealth Rock
|-fieldstart|move: Grassy Terrain|[from] ability: Grassy Surge|[of] p2a: Rillaboom
|move|p1a: Alomomola|Scald|p2a: Rillaboom
|-damage|p2a: Rillaboom|38/100
|
|-heal|p2a: Rillaboom|44/100|[from] Grassy Terrain
|-heal|p1a: Alomomola|96/100|[from] Grassy Terrain
|upkeep
|turn|9
|
|t:|1769303519
|move|p2a: Rillaboom|Knock Off|p1a: Alomomola
|-damage|p1a: Alomomola|59/100
|-enditem|p1a: Alomomola|Assault Vest|[from] move: Knock Off|[of] p2a: Rillaboom
|move|p1a: Alomomola|Flip Turn|p2a: Rillaboom
|-damage|p2a: Rillaboom|26/100
|
|t:|1769303523
|switch|p1a: Ogerpon|Ogerpon-Teal-Tera, F, tera:Grass|100/100|[from] Flip Turn
|-ability|p1a: Ogerpon|Embody Aspect (Teal)|boost
|-boost|p1a: Ogerpon|spe|1
|
|-heal|p2a: Rillaboom|32/100|[from] Grassy Terrain
|upkeep
|turn|10
|
|t:|1769303526
|switch|p2a: Moltres|Moltres|61/100
|move|p1a: Ogerpon|Rock Tomb|p2a: Moltres
|-supereffective|p2a: Moltres
|-damage|p2a: Moltres|0 fnt
|faint|p2a: Moltres
|
|upkeep
|
|t:|1769303538
|switch|p2a: Revavroom|Revavroom, M|100/100
|-damage|p2a: Revavroom|95/100|[from] Stealth Rock
|-item|p2a: Revavroom|Air Balloon
|turn|11
|
|t:|1769303543
|switch|p1a: Tornadus|Tornadus-Therian, M|100/100
|move|p2a: Revavroom|Shift Gear|p2a: Revavroom
|-boost|p2a: Revavroom|spe|2
|-boost|p2a: Revavroom|atk|1
|
|upkeep
|turn|12
|
|t:|1769303547
|move|p2a: Revavroom|Gunk Shot|p1a: Tornadus|[miss]
|-miss|p2a: Revavroom|p1a: Tornadus
|move|p1a: Tornadus|Heat Wave|p2a: Revavroom
|-supereffective|p2a: Revavroom
|-damage|p2a: Revavroom|36/100
|-enditem|p2a: Revavroom|Air Balloon
|
|-heal|p2a: Revavroom|42/100|[from] Grassy Terrain
|-fieldend|move: Grassy Terrain
|upkeep
|turn|13
|
|t:|1769303553
|move|p2a: Revavroom|Gunk Shot|p1a: Tornadus
|-crit|p1a: Tornadus
|-damage|p1a: Tornadus|0 fnt
|faint|p1a: Tornadus
|
|upkeep
|
|t:|1769303566
|switch|p1a: Ogerpon|Ogerpon-Teal-Tera, F, tera:Grass|100/100
|-ability|p1a: Ogerpon|Embody Aspect (Teal)|boost
|-boost|p1a: Ogerpon|spe|1
|turn|14
|
|t:|1769303583
|switch|p1a: Gholdengo|Gholdengo|100/100
|move|p2a: Revavroom|Gunk Shot|p1a: Gholdengo
|-immune|p1a: Gholdengo
|
|upkeep
|turn|15
|
|t:|1769303597
|move|p2a: Revavroom|Temper Flare|p1a: Gholdengo
|-supereffective|p1a: Gholdengo
|-damage|p1a: Gholdengo|0 fnt
|faint|p1a: Gholdengo
|
|upkeep
|
|t:|1769303602
|switch|p1a: Hatterene|Hatterene, F|100/100
|turn|16
|
|t:|1769303606
|move|p2a: Revavroom|Gunk Shot|p1a: Hatterene
|-supereffective|p1a: Hatterene
|-damage|p1a: Hatterene|0 fnt
|faint|p1a: Hatterene
|
|upkeep
|
|t:|1769303610
|switch|p1a: Alomomola|Alomomola, F|92/100
|turn|17
|
|t:|1769303612
|move|p2a: Revavroom|Gunk Shot|p1a: Alomomola
|-damage|p1a: Alomomola|29/100
|move|p1a: Alomomola|Flip Turn|p2a: Revavroom
|-damage|p2a: Revavroom|22/100
|
|t:|1769303614
|switch|p1a: Ogerpon|Ogerpon-Teal-Tera, F, tera:Grass|100/100|[from] Flip Turn
|-ability|p1a: Ogerpon|Embody Aspect (Teal)|boost
|-boost|p1a: Ogerpon|spe|1
|
|upkeep
|turn|18
|
|t:|1769303618
|move|p2a: Revavroom|Gunk Shot|p1a: Ogerpon
|-supereffective|p1a: Ogerpon
|-damage|p1a: Ogerpon|0 fnt
|faint|p1a: Ogerpon
|detailschange|p1: Ogerpon|Ogerpon, F|[silent]
|
|upkeep
|
|t:|1769303621
|switch|p1a: Alomomola|Alomomola, F|62/100
|turn|19
|
|t:|1769303624
|move|p2a: Revavroom|Gunk Shot|p1a: Alomomola
|-damage|p1a: Alomomola|0 fnt
|faint|p1a: Alomomola
|
|win|elknightoscuro
|raw|dragapult-flygon2's rating: 1373 &rarr; <strong>1355</strong><br />(-18 for losing)
|raw|elknightoscuro's rating: 1403 &rarr; <strong>1421</strong><br />(+18 for winning)
|l|☆dragapult-flygon2
|player|p1|
|l|☆elknightoscuro
|player|p2|
