|j|☆Jslosh
|j|☆bwchompfan
|inactive|Battle timer is ON: inactive players will automatically lose when time's up.
|t:|1769443068
|gametype|singles
|player|p1|Jslosh|clown|
|player|p2|bwchompfan|clair|
|gen|9
|tier|[Gen 9] OU
|rated|Tournament battle
|rule|HP Percentage Mod: HP is shown in percentages
|rule|Endless Battle Clause: Forcing endless battles is banned
|rule|Species Clause: Limit one of each Pokémon
|rule|OHKO Clause: OHKO moves are banned
|rule|Evasion Items Clause: Evasion items are banned
|rule|Evasion Moves Clause: Evasion moves are banned
|rule|Evasion Abilities Clause: Evasion abilities are banned
|rule|Sleep Moves Clause: Sleep-inducing moves are banned
|clearpoke
|poke|p1|Grimmsnarl, M|
|poke|p1|Iron Treads|
|poke|p1|Raging Bolt|
|poke|p1|Deoxys-Speed|
|poke|p1|Ogerpon-Wellspring, F|
|poke|p1|Ceruledge, M|
|poke|p2|Deoxys-Speed|
|poke|p2|Garchomp, M|
|poke|p2|Iron Moth|
|poke|p2|Darkrai|
|poke|p2|Ogerpon-Wellspring, F|
|poke|p2|Zamazenta-*|
|teampreview
|
|t:|1769443080
|teamsize|p1|6
|teamsize|p2|6
|start
|switch|p1a: Grimmsnarl|Grimmsnarl, M, shiny|100/100
|switch|p2a: Deoxys|Deoxys-Speed|100/100
|-ability|p2a: Deoxys|Pressure
|turn|1
|j| sirpeanutcronch
|l| sirpeanutcronch
|
|t:|1769443091
|switch|p2a: Darkrai|Darkrai|100/100
|move|p1a: Grimmsnarl|Taunt|p2a: Darkrai
|-hint|Since gen 7, Dark is immune to Prankster moves.
|-immune|p2a: Darkrai
|
|upkeep
|turn|2
|
|t:|1769443100
|move|p2a: Darkrai|Nasty Plot|p2a: Darkrai
|-boost|p2a: Darkrai|spa|2
|move|p1a: Grimmsnarl|Low Kick|p2a: Darkrai
|-supereffective|p2a: Darkrai
|-damage|p2a: Darkrai|23/100
|
|-heal|p2a: Darkrai|29/100|[from] item: Leftovers
|upkeep
|turn|3
|
|t:|1769443110
|move|p2a: Darkrai|Focus Blast|p1a: Grimmsnarl
|-damage|p1a: Grimmsnarl|0 fnt
|faint|p1a: Grimmsnarl
|
|-heal|p2a: Darkrai|35/100|[from] item: Leftovers
|upkeep
|j| hiyopon
|
|t:|1769443119
|switch|p1a: Deoxys|Deoxys-Speed, shiny|100/100
|-ability|p1a: Deoxys|Pressure
|turn|4
|
|t:|1769443128
|move|p1a: Deoxys|Focus Blast|p2a: Darkrai
|-supereffective|p2a: Darkrai
|-damage|p2a: Darkrai|0 fnt
|faint|p2a: Darkrai
|
|upkeep
|
|t:|1769443131
|switch|p2a: Deoxys|Deoxys-Speed|100/100
|-ability|p2a: Deoxys|Pressure
|turn|5
|j| parks34
|
|t:|1769443145
|move|p2a: Deoxys|Light Screen|p2a: Deoxys
|-sidestart|p2: bwchompfan|move: Light Screen
|move|p1a: Deoxys|Substitute|p1a: Deoxys
|-start|p1a: Deoxys|Substitute
|-damage|p1a: Deoxys|76/100
|
|-heal|p1a: Deoxys|82/100|[from] item: Leftovers
|upkeep
|turn|6
|l| parks34
|
|t:|1769443153
|move|p2a: Deoxys|Taunt|p1a: Deoxys
|-start|p1a: Deoxys|move: Taunt
|cant|p1a: Deoxys|move: Taunt|Nasty Plot
|
|-heal|p1a: Deoxys|88/100|[from] item: Leftovers
|upkeep
|turn|7
|
|t:|1769443162
|move|p2a: Deoxys|Reflect|p2a: Deoxys
|-sidestart|p2: bwchompfan|Reflect
|move|p1a: Deoxys|Focus Blast|p2a: Deoxys
|-resisted|p2a: Deoxys
|-damage|p2a: Deoxys|90/100
|-unboost|p2a: Deoxys|spd|1
|
|-heal|p1a: Deoxys|94/100|[from] item: Leftovers
|upkeep
|turn|8
|
|t:|1769443177
|move|p1a: Deoxys|Focus Blast|p2a: Deoxys
|-resisted|p2a: Deoxys
|-damage|p2a: Deoxys|74/100
|move|p2a: Deoxys|Teleport|p2a: Deoxys
|
|t:|1769443180
|switch|p2a: Iron Moth|Iron Moth|100/100|[from] Teleport
|-enditem|p2a: Iron Moth|Booster Energy
|-activate|p2a: Iron Moth|ability: Quark Drive|[fromitem]
|-start|p2a: Iron Moth|quarkdrivespe
|
|-heal|p1a: Deoxys|100/100|[from] item: Leftovers
|-end|p1a: Deoxys|move: Taunt
|upkeep
|turn|9
|
|t:|1769443193
|move|p2a: Iron Moth|Fiery Dance|p1a: Deoxys
|-end|p1a: Deoxys|Substitute
|move|p1a: Deoxys|Nasty Plot|p1a: Deoxys
|-boost|p1a: Deoxys|spa|2
|
|upkeep
|turn|10
|
|t:|1769443205
|-terastallize|p2a: Iron Moth|Ground
|move|p2a: Iron Moth|Fiery Dance|p1a: Deoxys
|-damage|p1a: Deoxys|37/100
|move|p1a: Deoxys|Psycho Boost|p2a: Iron Moth
|-damage|p2a: Iron Moth|30/100
|-unboost|p1a: Deoxys|spa|2
|
|-heal|p1a: Deoxys|43/100|[from] item: Leftovers
|upkeep
|turn|11
|
|t:|1769443233
|move|p2a: Iron Moth|Fiery Dance|p1a: Deoxys
|-damage|p1a: Deoxys|0 fnt
|faint|p1a: Deoxys
|
|upkeep
|inactive|Jslosh has 120 seconds left.
|
|t:|1769443251
|switch|p1a: Ogerpon|Ogerpon-Wellspring, F|100/100
|turn|12
|inactive|Jslosh has 120 seconds left.
|
|t:|1769443264
|-terastallize|p1a: Ogerpon|Water
|detailschange|p1a: Ogerpon|Ogerpon-Wellspring-Tera, F, tera:Water
|-ability|p1a: Ogerpon|Embody Aspect (Wellspring)|boost
|-boost|p1a: Ogerpon|spd|1
|move|p2a: Iron Moth|Sludge Wave|p1a: Ogerpon
|-damage|p1a: Ogerpon|60/100
|move|p1a: Ogerpon|Ivy Cudgel|p2a: Iron Moth|[anim] Ivy Cudgel Water
|-supereffective|p2a: Iron Moth
|-crit|p2a: Iron Moth
|-damage|p2a: Iron Moth|0 fnt
|faint|p2a: Iron Moth
|-end|p2a: Iron Moth|Quark Drive|[silent]
|
|-sideend|p2: bwchompfan|move: Light Screen
|upkeep
|
|t:|1769443273
|switch|p2a: Zamazenta|Zamazenta, shiny|100/100
|-ability|p2a: Zamazenta|Dauntless Shield|boost
|-boost|p2a: Zamazenta|def|1
|turn|13
|inactive|Jslosh has 120 seconds left.
|
|t:|1769443293
|move|p2a: Zamazenta|Iron Defense|p2a: Zamazenta
|-boost|p2a: Zamazenta|def|2
|move|p1a: Ogerpon|Play Rough|p2a: Zamazenta
|-supereffective|p2a: Zamazenta
|-damage|p2a: Zamazenta|89/100
|
|-heal|p2a: Zamazenta|95/100|[from] item: Leftovers
|upkeep
|turn|14
|inactive|Jslosh has 120 seconds left.
|
|t:|1769443307
|switch|p1a: Ceruledge|Ceruledge, M, shiny|100/100
|move|p2a: Zamazenta|Body Press|p1a: Ceruledge
|-immune|p1a: Ceruledge
|
|-heal|p2a: Zamazenta|100/100|[from] item: Leftovers
|-sideend|p2: bwchompfan|Reflect
|upkeep
|turn|15
|inactive|Jslosh has 120 seconds left.
|
|t:|1769443320
|move|p1a: Ceruledge|Swords Dance|p1a: Ceruledge
|-boost|p1a: Ceruledge|atk|2
|move|p2a: Zamazenta|Roar|p1a: Ceruledge
|drag|p1a: Iron Treads|Iron Treads, shiny|100/100
|-enditem|p1a: Iron Treads|Booster Energy
|-activate|p1a: Iron Treads|ability: Quark Drive|[fromitem]
|-start|p1a: Iron Treads|quarkdrivespe
|
|upkeep
|turn|16
|inactive|Jslosh has 120 seconds left.
|
|t:|1769443336
|move|p1a: Iron Treads|Steel Beam|p2a: Zamazenta
|-damage|p2a: Zamazenta|54/100
|-damage|p1a: Iron Treads|50/100|[from] steelbeam
|move|p2a: Zamazenta|Body Press|p1a: Iron Treads
|-supereffective|p1a: Iron Treads
|-damage|p1a: Iron Treads|0 fnt
|faint|p1a: Iron Treads
|-end|p1a: Iron Treads|Quark Drive|[silent]
|
|-heal|p2a: Zamazenta|60/100|[from] item: Leftovers
|upkeep
|
|t:|1769443352
|switch|p1a: Raging Bolt|Raging Bolt|100/100
|-enditem|p1a: Raging Bolt|Booster Energy
|-activate|p1a: Raging Bolt|ability: Protosynthesis|[fromitem]
|-start|p1a: Raging Bolt|protosynthesisspa
|turn|17
|
|t:|1769443361
|move|p2a: Zamazenta|Body Press|p1a: Raging Bolt
|-damage|p1a: Raging Bolt|16/100
|move|p1a: Raging Bolt|Calm Mind|p1a: Raging Bolt
|-boost|p1a: Raging Bolt|spa|1
|-boost|p1a: Raging Bolt|spd|1
|
|-heal|p2a: Zamazenta|67/100|[from] item: Leftovers
|upkeep
|turn|18
|
|t:|1769443372
|move|p2a: Zamazenta|Body Press|p1a: Raging Bolt
|-damage|p1a: Raging Bolt|0 fnt
|faint|p1a: Raging Bolt
|-end|p1a: Raging Bolt|Protosynthesis|[silent]
|
|-heal|p2a: Zamazenta|73/100|[from] item: Leftovers
|upkeep
|
|t:|1769443383
|switch|p1a: Ceruledge|Ceruledge, M, shiny|100/100
|turn|19
|
|t:|1769443389
|move|p1a: Ceruledge|Poltergeist|p2a: Zamazenta
|-activate|p2a: Zamazenta|move: Poltergeist|Leftovers
|-damage|p2a: Zamazenta|46/100
|-damage|p1a: Ceruledge|91/100|[from] item: Life Orb
|move|p2a: Zamazenta|Roar|p1a: Ceruledge
|drag|p1a: Ogerpon|Ogerpon-Wellspring-Tera, F, tera:Water|60/100
|-ability|p1a: Ogerpon|Embody Aspect (Wellspring)|boost
|-boost|p1a: Ogerpon|spd|1
|
|-heal|p2a: Zamazenta|52/100|[from] item: Leftovers
|upkeep
|turn|20
|
|t:|1769443403
|move|p1a: Ogerpon|Swords Dance|p1a: Ogerpon
|-boost|p1a: Ogerpon|atk|2
|move|p2a: Zamazenta|Roar|p1a: Ogerpon
|drag|p1a: Ceruledge|Ceruledge, M, shiny|91/100
|
|-heal|p2a: Zamazenta|59/100|[from] item: Leftovers
|upkeep
|turn|21
|
|t:|1769443416
|switch|p2a: Garchomp|Garchomp, M|100/100
|move|p1a: Ceruledge|Poltergeist|p2a: Garchomp
|-activate|p2a: Garchomp|move: Poltergeist|Loaded Dice
|-damage|p2a: Garchomp|25/100
|-damage|p1a: Ceruledge|81/100|[from] item: Life Orb
|
|upkeep
|turn|22
|
|t:|1769443428
|move|p2a: Garchomp|Earthquake|p1a: Ceruledge
|-supereffective|p1a: Ceruledge
|-damage|p1a: Ceruledge|0 fnt
|faint|p1a: Ceruledge
|
|upkeep
|
|t:|1769443434
|switch|p1a: Ogerpon|Ogerpon-Wellspring-Tera, F, tera:Water|60/100
|-ability|p1a: Ogerpon|Embody Aspect (Wellspring)|boost
|-boost|p1a: Ogerpon|spd|1
|turn|23
|
|t:|1769443442
|move|p2a: Garchomp|Earthquake|p1a: Ogerpon
|-damage|p1a: Ogerpon|0 fnt
|faint|p1a: Ogerpon
|detailschange|p1: Ogerpon|Ogerpon-Wellspring, F|[silent]
|
|win|bwchompfan
|n|☆Jslosh|jslosh
|n|☆bwchompfan|bwchompfan
|n| hiyopon|hiyopon
