|j|☆aidz321
|j|☆Baddyboy100
|t:|1769412660
|gametype|singles
|player|p1|aidz321|janitor|1206
|player|p2|Baddyboy100|volkner|1192
|gen|9
|tier|[Gen 9] OU
|rated|
|rule|HP Percentage Mod: HP is shown in percentages
|rule|Endless Battle Clause: Forcing endless battles is banned
|rule|Species Clause: Limit one of each Pokémon
|rule|OHKO Clause: OHKO moves are banned
|rule|Evasion Items Clause: Evasion items are banned
|rule|Evasion Moves Clause: Evasion moves are banned
|rule|Evasion Abilities Clause: Evasion abilities are banned
|rule|Sleep Moves Clause: Sleep-inducing moves are banned
|clearpoke
|poke|p1|Gholdengo|
|poke|p1|Ogerpon, F|
|poke|p1|Rillaboom, M|
|poke|p1|Samurott-Hisui, M|
|poke|p1|Glimmora, M|
|poke|p1|Raging Bolt|
|poke|p2|Maushold-Four|
|poke|p2|Clefable, F|
|poke|p2|Gholdengo|
|poke|p2|Great Tusk|
|poke|p2|Grafaiai, M|
|poke|p2|Cinderace, F|
|teampreview
|inactive|Battle timer is ON: inactive players will automatically lose when time's up. (requested by Baddyboy100)
|inactive|aidz321 also wants the timer to be on.
|
|t:|1769412679
|teamsize|p1|6
|teamsize|p2|6
|start
|switch|p1a: Samurott|Samurott-Hisui, M, shiny|100/100
|switch|p2a: Clefable|Clefable, F|100/100
|turn|1
|
|t:|1769412687
|move|p1a: Samurott|Flip Turn|p2a: Clefable
|-damage|p2a: Clefable|69/100
|
|t:|1769412698
|switch|p1a: Gholdengo|Gholdengo, shiny|100/100|[from] Flip Turn
|move|p2a: Clefable|Alluring Voice|p1a: Gholdengo
|-resisted|p1a: Gholdengo
|-damage|p1a: Gholdengo|83/100
|
|-heal|p2a: Clefable|75/100|[from] item: Leftovers
|upkeep
|turn|2
|
|t:|1769412706
|switch|p2a: Gholdengo|Gholdengo|100/100
|move|p1a: Gholdengo|Nasty Plot|p1a: Gholdengo
|-boost|p1a: Gholdengo|spa|2
|
|upkeep
|turn|3
|
|t:|1769412713
|-terastallize|p1a: Gholdengo|Fairy
|move|p2a: Gholdengo|Shadow Ball|p1a: Gholdengo
|-damage|p1a: Gholdengo|37/100
|move|p1a: Gholdengo|Shadow Ball|p2a: Gholdengo
|-supereffective|p2a: Gholdengo
|-damage|p2a: Gholdengo|0 fnt
|faint|p2a: Gholdengo
|
|upkeep
|
|t:|1769412721
|switch|p2a: Cinderace|Cinderace, F, shiny|100/100
|turn|4
|
|t:|1769412726
|switch|p1a: Glimmora|Glimmora, M, shiny|100/100
|move|p2a: Cinderace|U-turn|p1a: Glimmora
|-start|p2a: Cinderace|typechange|Bug|[from] ability: Libero
|-resisted|p1a: Glimmora
|-damage|p1a: Glimmora|83/100
|-activate|p1a: Glimmora|ability: Toxic Debris
|-sidestart|p2: Baddyboy100|move: Toxic Spikes
|-enditem|p1a: Glimmora|Red Card|[of] p2a: Cinderace
|drag|p2a: Maushold|Maushold-Four|100/100
|-status|p2a: Maushold|psn
|
|-damage|p2a: Maushold|88/100 psn|[from] psn
|upkeep
|turn|5
|
|t:|1769412741
|move|p2a: Maushold|Tidy Up|p2a: Maushold
|-sideend|p2: Baddyboy100|Toxic Spikes
|-activate|p2a: Maushold|move: Tidy Up
|-boost|p2a: Maushold|atk|1
|-boost|p2a: Maushold|spe|1
|move|p1a: Glimmora|Stealth Rock|p2a: Maushold
|-sidestart|p2: Baddyboy100|move: Stealth Rock
|
|-damage|p2a: Maushold|76/100 psn|[from] psn
|upkeep
|turn|6
|
|t:|1769412756
|move|p2a: Maushold|Tidy Up|p2a: Maushold
|-sideend|p2: Baddyboy100|Stealth Rock
|-activate|p2a: Maushold|move: Tidy Up
|-boost|p2a: Maushold|atk|1
|-boost|p2a: Maushold|spe|1
|move|p1a: Glimmora|Power Gem|p2a: Maushold
|-damage|p2a: Maushold|22/100 psn
|
|-damage|p2a: Maushold|10/100 psn|[from] psn
|upkeep
|turn|7
|
|t:|1769412764
|move|p2a: Maushold|Population Bomb|p1a: Glimmora
|-resisted|p1a: Glimmora
|-damage|p1a: Glimmora|72/100
|-activate|p1a: Glimmora|ability: Toxic Debris
|-sidestart|p2: Baddyboy100|move: Toxic Spikes
|-resisted|p1a: Glimmora
|-damage|p1a: Glimmora|63/100
|-activate|p1a: Glimmora|ability: Toxic Debris
|-sidestart|p2: Baddyboy100|move: Toxic Spikes
|-resisted|p1a: Glimmora
|-damage|p1a: Glimmora|52/100
|-resisted|p1a: Glimmora
|-damage|p1a: Glimmora|41/100
|-resisted|p1a: Glimmora
|-damage|p1a: Glimmora|32/100
|-resisted|p1a: Glimmora
|-damage|p1a: Glimmora|22/100
|-resisted|p1a: Glimmora
|-damage|p1a: Glimmora|13/100
|-resisted|p1a: Glimmora
|-damage|p1a: Glimmora|2/100
|-resisted|p1a: Glimmora
|-damage|p1a: Glimmora|0 fnt
|faint|p1a: Glimmora
|-hitcount|p1: Glimmora|9
|
|-damage|p2a: Maushold|0 fnt|[from] psn
|faint|p2a: Maushold
|upkeep
|inactive|aidz321 has 120 seconds left.
|
|t:|1769412811
|switch|p2a: Grafaiai|Grafaiai, M|100/100
|switch|p1a: Rillaboom|Rillaboom, M, shiny|100/100
|-sideend|p2: Baddyboy100|move: Toxic Spikes|[of] p2a: Grafaiai
|-fieldstart|move: Grassy Terrain|[from] ability: Grassy Surge|[of] p1a: Rillaboom
|turn|8
|
|t:|1769412819
|switch|p1a: Gholdengo|Gholdengo, shiny, tera:Fairy|37/100
|-enditem|p1a: Gholdengo|Grassy Seed
|-boost|p1a: Gholdengo|def|1|[from] item: Grassy Seed
|move|p2a: Grafaiai|Gunk Shot|p1a: Gholdengo
|-supereffective|p1a: Gholdengo
|-damage|p1a: Gholdengo|0 fnt
|faint|p1a: Gholdengo
|
|upkeep
|inactive|aidz321 has 90 seconds left.
|
|t:|1769412841
|switch|p1a: Samurott|Samurott-Hisui, M, shiny|100/100
|turn|9
|
|t:|1769412848
|move|p2a: Grafaiai|Sunny Day|p2a: Grafaiai
|-weather|SunnyDay
|move|p1a: Samurott|Knock Off|p2a: Grafaiai
|-damage|p2a: Grafaiai|0 fnt
|-enditem|p2a: Grafaiai|Heavy-Duty Boots|[from] move: Knock Off|[of] p1a: Samurott
|faint|p2a: Grafaiai
|
|-weather|SunnyDay|[upkeep]
|upkeep
|
|t:|1769412859
|switch|p2a: Clefable|Clefable, F|75/100
|turn|10
|
|t:|1769412865
|move|p1a: Samurott|Flip Turn|p2a: Clefable
|-damage|p2a: Clefable|58/100
|
|t:|1769412873
|switch|p1a: Rillaboom|Rillaboom, M, shiny|100/100|[from] Flip Turn
|move|p2a: Clefable|Moonlight|p2a: Clefable
|-heal|p2a: Clefable|100/100
|
|-weather|SunnyDay|[upkeep]
|upkeep
|turn|11
|
|t:|1769412882
|move|p1a: Rillaboom|Swords Dance|p1a: Rillaboom
|-boost|p1a: Rillaboom|atk|2
|move|p2a: Clefable|Calm Mind|p2a: Clefable
|-boost|p2a: Clefable|spa|1
|-boost|p2a: Clefable|spd|1
|
|-weather|SunnyDay|[upkeep]
|upkeep
|turn|12
|
|t:|1769412889
|move|p1a: Rillaboom|Grassy Glide|p2a: Clefable
|-damage|p2a: Clefable|42/100
|-damage|p1a: Rillaboom|91/100|[from] item: Life Orb
|move|p2a: Clefable|Fire Blast|p1a: Rillaboom
|-supereffective|p1a: Rillaboom
|-damage|p1a: Rillaboom|0 fnt
|faint|p1a: Rillaboom
|
|-weather|SunnyDay|[upkeep]
|-heal|p2a: Clefable|48/100|[from] Grassy Terrain
|-heal|p2a: Clefable|54/100|[from] item: Leftovers
|-fieldend|move: Grassy Terrain
|upkeep
|
|t:|1769412902
|switch|p1a: Ogerpon|Ogerpon, F|100/100
|turn|13
|
|t:|1769412907
|-terastallize|p2a: Clefable|Steel
|move|p1a: Ogerpon|Ivy Cudgel|p2a: Clefable
|-resisted|p2a: Clefable
|-damage|p2a: Clefable|13/100
|move|p2a: Clefable|Fire Blast|p1a: Ogerpon|[miss]
|-miss|p2a: Clefable|p1a: Ogerpon
|
|-weather|none
|-heal|p2a: Clefable|19/100|[from] item: Leftovers
|upkeep
|turn|14
|
|t:|1769412914
|move|p1a: Ogerpon|Ivy Cudgel|p2a: Clefable
|-resisted|p2a: Clefable
|-damage|p2a: Clefable|0 fnt
|faint|p2a: Clefable
|
|upkeep
|
|t:|1769412917
|switch|p2a: Cinderace|Cinderace, F, shiny|100/100
|turn|15
|
|t:|1769412922
|switch|p1a: Samurott|Samurott-Hisui, M, shiny|100/100
|move|p2a: Cinderace|Pyro Ball|p1a: Samurott
|-resisted|p1a: Samurott
|-damage|p1a: Samurott|53/100
|-damage|p2a: Cinderace|91/100|[from] item: Life Orb
|
|upkeep
|turn|16
|
|t:|1769412934
|switch|p1a: Ogerpon|Ogerpon, F|100/100
|move|p2a: Cinderace|U-turn|p1a: Ogerpon
|-start|p2a: Cinderace|typechange|Bug|[from] ability: Libero
|-supereffective|p1a: Ogerpon
|-damage|p1a: Ogerpon|0 fnt
|faint|p1a: Ogerpon
|-damage|p2a: Cinderace|81/100|[from] item: Life Orb
|
|t:|1769412943
|switch|p2a: Great Tusk|Great Tusk|100/100|[from] U-turn
|
|upkeep
|
|t:|1769412946
|switch|p1a: Samurott|Samurott-Hisui, M, shiny|53/100
|turn|17
|
|t:|1769412950
|move|p1a: Samurott|Flip Turn|p2a: Great Tusk
|-supereffective|p2a: Great Tusk
|-damage|p2a: Great Tusk|64/100
|
|t:|1769412953
|switch|p1a: Raging Bolt|Raging Bolt|100/100|[from] Flip Turn
|-enditem|p1a: Raging Bolt|Booster Energy
|-activate|p1a: Raging Bolt|ability: Protosynthesis|[fromitem]
|-start|p1a: Raging Bolt|protosynthesisspa
|move|p2a: Great Tusk|Close Combat|p1a: Raging Bolt
|-damage|p1a: Raging Bolt|37/100
|-unboost|p2a: Great Tusk|def|1
|-unboost|p2a: Great Tusk|spd|1
|
|upkeep
|turn|18
|-message|aidz321 forfeited.
|
|win|Baddyboy100
|raw|aidz321's rating: 1206 &rarr; <strong>1180</strong><br />(-26 for losing)
|raw|Baddyboy100's rating: 1192 &rarr; <strong>1218</strong><br />(+26 for winning)
|l|☆aidz321
|player|p1|
|l|☆Baddyboy100
|player|p2|
