|j|☆loveliver
|j|☆gbgbalgb
|t:|1769322273
|gametype|singles
|player|p1|loveliver|101|1097
|player|p2|gbgbalgb|266|1085
|gen|9
|tier|[Gen 9] OU
|rated|
|rule|HP Percentage Mod: HP is shown in percentages
|rule|Endless Battle Clause: Forcing endless battles is banned
|rule|Species Clause: Limit one of each Pokémon
|rule|OHKO Clause: OHKO moves are banned
|rule|Evasion Items Clause: Evasion items are banned
|rule|Evasion Moves Clause: Evasion moves are banned
|rule|Evasion Abilities Clause: Evasion abilities are banned
|rule|Sleep Moves Clause: Sleep-inducing moves are banned
|clearpoke
|poke|p1|Samurott-Hisui, F|
|poke|p1|Slowking-Galar, M|
|poke|p1|Kleavor, M|
|poke|p1|Deoxys-Speed|
|poke|p1|Abomasnow, M|
|poke|p1|Armarouge, M|
|poke|p2|Gallade, M|
|poke|p2|Whimsicott, F|
|poke|p2|Heatran, F|
|poke|p2|Dragapult, F|
|poke|p2|Zapdos|
|poke|p2|Great Tusk|
|teampreview
|
|t:|1769322287
|teamsize|p1|6
|teamsize|p2|6
|start
|switch|p1a: Samurott|Samurott-Hisui, F|100/100
|switch|p2a: Whimsicott|Whimsicott, F|100/100
|turn|1
|inactive|Battle timer is ON: inactive players will automatically lose when time's up. (requested by loveliver)
|
|t:|1769322295
|move|p2a: Whimsicott|Tailwind|p2a: Whimsicott
|-sidestart|p2: gbgbalgb|move: Tailwind
|move|p1a: Samurott|Ceaseless Edge|p2a: Whimsicott|[miss]
|-miss|p1a: Samurott|p2a: Whimsicott
|
|upkeep
|turn|2
|
|t:|1769322307
|move|p2a: Whimsicott|Moonblast|p1a: Samurott
|-supereffective|p1a: Samurott
|-damage|p1a: Samurott|36/100
|move|p1a: Samurott|Ceaseless Edge|p2a: Whimsicott
|-resisted|p2a: Whimsicott
|-damage|p2a: Whimsicott|75/100
|-sidestart|p2: gbgbalgb|Spikes
|
|upkeep
|turn|3
|
|t:|1769322318
|switch|p1a: Kleavor|Kleavor, M|100/100
|move|p2a: Whimsicott|Moonblast|p1a: Kleavor
|-damage|p1a: Kleavor|76/100
|-unboost|p1a: Kleavor|spa|1
|
|upkeep
|turn|4
|
|t:|1769322325
|move|p2a: Whimsicott|Moonblast|p1a: Kleavor
|-damage|p1a: Kleavor|51/100
|-unboost|p1a: Kleavor|spa|1
|move|p1a: Kleavor|Stone Axe|p2a: Whimsicott
|-damage|p2a: Whimsicott|6/100
|-sidestart|p2: gbgbalgb|move: Stealth Rock
|
|-sideend|p2: gbgbalgb|move: Tailwind
|upkeep
|turn|5
|
|t:|1769322334
|move|p2a: Whimsicott|Tailwind|p2a: Whimsicott
|-sidestart|p2: gbgbalgb|move: Tailwind
|move|p1a: Kleavor|U-turn|p2a: Whimsicott
|-crit|p2a: Whimsicott
|-damage|p2a: Whimsicott|0 fnt
|faint|p2a: Whimsicott
|
|t:|1769322341
|switch|p1a: Slowking|Slowking-Galar, M|100/100|[from] U-turn
|
|upkeep
|
|t:|1769322344
|switch|p2a: Gallade|Gallade, M, shiny|100/100
|-damage|p2a: Gallade|88/100|[from] Spikes
|-damage|p2a: Gallade|82/100|[from] Stealth Rock
|turn|6
|
|t:|1769322354
|move|p2a: Gallade|Swords Dance|p2a: Gallade
|-boost|p2a: Gallade|atk|2
|move|p1a: Slowking|Psychic Terrain|p1a: Slowking
|-fieldstart|move: Psychic Terrain
|
|upkeep
|turn|7
|
|t:|1769322364
|move|p2a: Gallade|Psycho Cut|p1a: Slowking
|-crit|p1a: Slowking
|-damage|p1a: Slowking|0 fnt
|faint|p1a: Slowking
|-damage|p2a: Gallade|72/100|[from] item: Life Orb
|
|upkeep
|
|t:|1769322370
|switch|p1a: Deoxys|Deoxys-Speed|100/100
|-ability|p1a: Deoxys|Pressure
|turn|8
|
|t:|1769322377
|move|p2a: Gallade|Psycho Cut|p1a: Deoxys
|-resisted|p1a: Deoxys
|-damage|p1a: Deoxys|0 fnt
|faint|p1a: Deoxys
|-damage|p2a: Gallade|63/100|[from] item: Life Orb
|
|-sideend|p2: gbgbalgb|move: Tailwind
|upkeep
|-message|loveliver forfeited.
|
|win|gbgbalgb
|raw|loveliver's rating: 1097 &rarr; <strong>1072</strong><br />(-25 for losing)
|raw|gbgbalgb's rating: 1085 &rarr; <strong>1113</strong><br />(+28 for winning)
|l|☆loveliver
|player|p1|
|l|☆gbgbalgb
|player|p2|
