|j|☆Maxcolor
|j|☆icouldcrithere
|t:|1769355948
|gametype|singles
|player|p1|Maxcolor|ghetsis|1376
|player|p2|icouldcrithere|hilbert|1396
|gen|9
|tier|[Gen 9] OU
|rated|
|rule|HP Percentage Mod: HP is shown in percentages
|rule|Endless Battle Clause: Forcing endless battles is banned
|rule|Species Clause: Limit one of each Pokémon
|rule|OHKO Clause: OHKO moves are banned
|rule|Evasion Items Clause: Evasion items are banned
|rule|Evasion Moves Clause: Evasion moves are banned
|rule|Evasion Abilities Clause: Evasion abilities are banned
|rule|Sleep Moves Clause: Sleep-inducing moves are banned
|clearpoke
|poke|p1|Pincurchin, M|
|poke|p1|Raging Bolt|
|poke|p1|Iron Hands|
|poke|p1|Raichu-Alola, M|
|poke|p1|Zapdos|
|poke|p1|Galvantula, F|
|poke|p2|Primarina, F|
|poke|p2|Corviknight, M|
|poke|p2|Clodsire, F|
|poke|p2|Great Tusk|
|poke|p2|Darkrai|
|poke|p2|Ogerpon, F|
|teampreview
|inactive|Battle timer is ON: inactive players will automatically lose when time's up. (requested by Maxcolor)
|
|t:|1769355966
|teamsize|p1|6
|teamsize|p2|6
|start
|switch|p1a: Pinchitou|Pincurchin, M, shiny|100/100
|switch|p2a: Petite-Bonkerstyle|Ogerpon, F|100/100
|-fieldstart|move: Electric Terrain|[from] ability: Electric Surge|[of] p1a: Pinchitou
|turn|1
|
|t:|1769355978
|move|p2a: Petite-Bonkerstyle|U-turn|p1a: Pinchitou
|-damage|p1a: Pinchitou|61/100
|
|t:|1769355983
|switch|p2a: MyBoy|Clodsire, F|100/100|[from] U-turn
|move|p1a: Pinchitou|Memento|p2a: MyBoy
|-unboost|p2a: MyBoy|atk|2
|-unboost|p2a: MyBoy|spa|2
|faint|p1a: Pinchitou
|
|upkeep
|
|t:|1769355996
|switch|p1a: Raichudechocolate|Raichu-Alola, M, shiny|100/100
|turn|2
|
|t:|1769356002
|move|p1a: Raichudechocolate|Nasty Plot|p1a: Raichudechocolate
|-boost|p1a: Raichudechocolate|spa|2
|move|p2a: MyBoy|Haze|p2a: MyBoy
|-clearallboost
|
|upkeep
|turn|3
|c|☆icouldcrithere|Raichu de chocolate kkk
|
|t:|1769356020
|move|p1a: Raichudechocolate|Psychic|p2a: MyBoy
|-supereffective|p2a: MyBoy
|-damage|p2a: MyBoy|28/100
|-damage|p1a: Raichudechocolate|91/100|[from] item: Life Orb
|move|p2a: MyBoy|Haze|p2a: MyBoy
|-clearallboost
|
|upkeep
|turn|4
|
|t:|1769356043
|-terastallize|p2a: MyBoy|Dark
|move|p1a: Raichudechocolate|Psychic|p2a: MyBoy
|-immune|p2a: MyBoy
|move|p2a: MyBoy|Earthquake|p1a: Raichudechocolate
|-supereffective|p1a: Raichudechocolate
|-damage|p1a: Raichudechocolate|0 fnt
|faint|p1a: Raichudechocolate
|
|upkeep
|
|t:|1769356049
|switch|p1a: Donplins|Iron Hands, shiny|100/100
|-activate|p1a: Donplins|ability: Quark Drive
|-start|p1a: Donplins|quarkdriveatk
|turn|5
|
|t:|1769356064
|switch|p2a: GiantTeeth|Great Tusk|100/100
|move|p1a: Donplins|Swords Dance|p1a: Donplins
|-boost|p1a: Donplins|atk|2
|
|upkeep
|turn|6
|
|t:|1769356074
|-terastallize|p1a: Donplins|Flying
|move|p2a: GiantTeeth|Headlong Rush|p1a: Donplins
|-immune|p1a: Donplins
|move|p1a: Donplins|Drain Punch|p2a: GiantTeeth
|-damage|p2a: GiantTeeth|42/100
|
|-heal|p2a: GiantTeeth|48/100|[from] item: Leftovers
|upkeep
|turn|7
|
|t:|1769356087
|-end|p2a: GiantTeeth|Protosynthesis|[silent]
|switch|p2a: MyBoy|Clodsire, F, tera:Dark|28/100
|move|p1a: Donplins|Drain Punch|p2a: MyBoy
|-supereffective|p2a: MyBoy
|-damage|p2a: MyBoy|0 fnt
|faint|p2a: MyBoy
|
|upkeep
|inactive|icouldcrithere has 120 seconds left.
|
|t:|1769356110
|switch|p2a: Blonde Blazer|Primarina, F, shiny|100/100
|turn|8
|
|t:|1769356117
|move|p2a: Blonde Blazer|Substitute|p2a: Blonde Blazer
|-start|p2a: Blonde Blazer|Substitute
|-damage|p2a: Blonde Blazer|75/100
|move|p1a: Donplins|Thunder Punch|p2a: Blonde Blazer
|-supereffective|p2a: Blonde Blazer
|-end|p2a: Blonde Blazer|Substitute
|
|-heal|p2a: Blonde Blazer|82/100|[from] item: Leftovers
|-fieldend|move: Electric Terrain
|-end|p1a: Donplins|Quark Drive
|upkeep
|turn|9
|
|t:|1769356129
|move|p2a: Blonde Blazer|Moonblast|p1a: Donplins
|-damage|p1a: Donplins|59/100
|move|p1a: Donplins|Thunder Punch|p2a: Blonde Blazer
|-supereffective|p2a: Blonde Blazer
|-damage|p2a: Blonde Blazer|0 fnt
|faint|p2a: Blonde Blazer
|
|upkeep
|
|t:|1769356138
|switch|p2a: Haxxmaxxing|Darkrai|100/100
|turn|10
|
|t:|1769356141
|move|p2a: Haxxmaxxing|Dark Pulse|p1a: Donplins
|-damage|p1a: Donplins|14/100
|move|p1a: Donplins|Drain Punch|p2a: Haxxmaxxing
|-supereffective|p2a: Haxxmaxxing
|-damage|p2a: Haxxmaxxing|0 fnt
|-heal|p1a: Donplins|44/100|[from] drain|[of] p2a: Haxxmaxxing
|faint|p2a: Haxxmaxxing
|
|upkeep
|c|☆Maxcolor|Sorry bye
|
|t:|1769356152
|switch|p2a: Petite-Bonkerstyle|Ogerpon, F|100/100
|turn|11
|l|☆Maxcolor
|inactive|Maxcolor disconnected and has a minute to reconnect!
|player|p1|
|c|☆icouldcrithere|Huh?
|c|☆icouldcrithere|You're winning ?
|inactive|Maxcolor has 30 seconds to reconnect!
|inactive|Maxcolor has 20 seconds to reconnect!
|inactive|Maxcolor has 15 seconds to reconnect!
|inactive|Maxcolor has 10 seconds to reconnect!
|inactive|Maxcolor has 5 seconds to reconnect!
|-message|Maxcolor lost due to inactivity.
|
|win|icouldcrithere
|raw|Maxcolor's rating: 1376 &rarr; <strong>1357</strong><br />(-19 for losing)
|raw|icouldcrithere's rating: 1396 &rarr; <strong>1415</strong><br />(+19 for winning)
|l|☆icouldcrithere
|player|p2|
