|j|☆Alerjake
|j|☆Chessmaster 2000
|t:|1769312187
|gametype|singles
|player|p1|Alerjake|1|1459
|player|p2|Chessmaster 2000|scientist-gen4|1400
|gen|9
|tier|[Gen 9] OU
|rated|
|rule|HP Percentage Mod: HP is shown in percentages
|rule|Endless Battle Clause: Forcing endless battles is banned
|rule|Species Clause: Limit one of each Pokémon
|rule|OHKO Clause: OHKO moves are banned
|rule|Evasion Items Clause: Evasion items are banned
|rule|Evasion Moves Clause: Evasion moves are banned
|rule|Evasion Abilities Clause: Evasion abilities are banned
|rule|Sleep Moves Clause: Sleep-inducing moves are banned
|clearpoke
|poke|p1|Ceruledge, M|
|poke|p1|Ninetales-Alola, F|
|poke|p1|Raging Bolt|
|poke|p1|Iron Crown|
|poke|p1|Hydreigon, M|
|poke|p1|Iron Treads|
|poke|p2|Pecharunt|
|poke|p2|Mabosstiff, F|
|poke|p2|Volcanion|
|poke|p2|Iron Valiant|
|poke|p2|Landorus-Therian, M|
|poke|p2|Deoxys-Speed|
|teampreview
|inactive|Battle timer is ON: inactive players will automatically lose when time's up. (requested by Chessmaster 2000)
|inactive|Alerjake also wants the timer to be on.
|
|t:|1769312202
|teamsize|p1|6
|teamsize|p2|6
|start
|switch|p1a: Ninetales|Ninetales-Alola, F|100/100
|switch|p2a: Volcanion|Volcanion|100/100
|-weather|Snowscape|[from] ability: Snow Warning|[of] p1a: Ninetales
|turn|1
|
|t:|1769312208
|move|p1a: Ninetales|Aurora Veil|p1a: Ninetales
|-sidestart|p1: Alerjake|move: Aurora Veil
|move|p2a: Volcanion|Steam Eruption|p1a: Ninetales
|-damage|p1a: Ninetales|73/100
|-status|p1a: Ninetales|brn
|
|-weather|Snowscape|[upkeep]
|-damage|p1a: Ninetales|67/100 brn|[from] brn
|upkeep
|turn|2
|
|t:|1769312222
|switch|p1a: Hydreigon|Hydreigon, M|100/100
|move|p2a: Volcanion|Flamethrower|p1a: Hydreigon
|-resisted|p1a: Hydreigon
|-damage|p1a: Hydreigon|88/100
|
|-weather|Snowscape|[upkeep]
|-heal|p1a: Hydreigon|95/100|[from] item: Leftovers
|upkeep
|turn|3
|
|t:|1769312229
|switch|p2a: Landorus|Landorus-Therian, M|100/100
|-ability|p2a: Landorus|Intimidate|boost
|-unboost|p1a: Hydreigon|atk|1
|move|p1a: Hydreigon|Nasty Plot|p1a: Hydreigon
|-boost|p1a: Hydreigon|spa|2
|
|-weather|Snowscape|[upkeep]
|-heal|p1a: Hydreigon|100/100|[from] item: Leftovers
|upkeep
|turn|4
|
|t:|1769312248
|move|p1a: Hydreigon|Dragon Pulse|p2a: Landorus
|-damage|p2a: Landorus|3/100
|move|p2a: Landorus|U-turn|p1a: Hydreigon
|-supereffective|p1a: Hydreigon
|-damage|p1a: Hydreigon|76/100
|
|t:|1769312253
|switch|p2a: Deoxys|Deoxys-Speed|100/100|[from] U-turn
|-ability|p2a: Deoxys|Pressure
|
|-weather|Snowscape|[upkeep]
|-heal|p1a: Hydreigon|83/100|[from] item: Leftovers
|upkeep
|turn|5
|
|t:|1769312267
|move|p2a: Deoxys|Superpower|p1a: Hydreigon
|-supereffective|p1a: Hydreigon
|-damage|p1a: Hydreigon|48/100
|-unboost|p2a: Deoxys|atk|1
|-unboost|p2a: Deoxys|def|1
|-enditem|p2a: Deoxys|Eject Pack
|
|t:|1769312273
|switch|p2a: Landorus|Landorus-Therian, M|3/100
|-ability|p2a: Landorus|Intimidate|boost
|-unboost|p1a: Hydreigon|atk|1
|move|p1a: Hydreigon|Dragon Pulse|p2a: Landorus
|-damage|p2a: Landorus|0 fnt
|faint|p2a: Landorus
|
|-weather|none
|-heal|p1a: Hydreigon|55/100|[from] item: Leftovers
|upkeep
|
|t:|1769312276
|switch|p2a: Iron Valiant|Iron Valiant|100/100
|-enditem|p2a: Iron Valiant|Booster Energy
|-activate|p2a: Iron Valiant|ability: Quark Drive|[fromitem]
|-start|p2a: Iron Valiant|quarkdrivespe
|turn|6
|
|t:|1769312282
|move|p2a: Iron Valiant|Close Combat|p1a: Hydreigon
|-supereffective|p1a: Hydreigon
|-damage|p1a: Hydreigon|0 fnt
|-unboost|p2a: Iron Valiant|def|1
|-unboost|p2a: Iron Valiant|spd|1
|faint|p1a: Hydreigon
|
|upkeep
|
|t:|1769312286
|switch|p1a: Ceruledge|Ceruledge, M|100/100
|turn|7
|
|t:|1769312288
|move|p2a: Iron Valiant|Knock Off|p1a: Ceruledge
|-supereffective|p1a: Ceruledge
|-damage|p1a: Ceruledge|50/100
|-ability|p1a: Ceruledge|Weak Armor|boost
|-unboost|p1a: Ceruledge|def|1
|-boost|p1a: Ceruledge|spe|2
|-enditem|p1a: Ceruledge|Life Orb|[from] move: Knock Off|[of] p2a: Iron Valiant
|move|p1a: Ceruledge|Swords Dance|p1a: Ceruledge
|-boost|p1a: Ceruledge|atk|2
|
|upkeep
|turn|8
|
|t:|1769312296
|-terastallize|p1a: Ceruledge|Ghost
|move|p1a: Ceruledge|Shadow Sneak|p2a: Iron Valiant
|-damage|p2a: Iron Valiant|4/100
|move|p2a: Iron Valiant|Encore|p1a: Ceruledge
|-start|p1a: Ceruledge|Encore
|
|-sideend|p1: Alerjake|move: Aurora Veil
|upkeep
|turn|9
|
|t:|1769312311
|move|p1a: Ceruledge|Shadow Sneak|p2a: Iron Valiant
|-damage|p2a: Iron Valiant|0 fnt
|faint|p2a: Iron Valiant
|-end|p2a: Iron Valiant|Quark Drive|[silent]
|
|upkeep
|
|t:|1769312313
|switch|p2a: Mabosstiff|Mabosstiff, F|100/100
|-ability|p2a: Mabosstiff|Intimidate|boost
|-unboost|p1a: Ceruledge|atk|1
|turn|10
|
|t:|1769312320
|switch|p1a: Ninetales|Ninetales-Alola, F|67/100 brn
|-weather|Snowscape|[from] ability: Snow Warning|[of] p1a: Ninetales
|move|p2a: Mabosstiff|Jaw Lock|p1a: Ninetales
|-resisted|p1a: Ninetales
|-damage|p1a: Ninetales|50/100 brn
|-activate|p2a: Mabosstiff|trapped
|-activate|p1a: Ninetales|trapped
|
|-weather|Snowscape|[upkeep]
|-damage|p1a: Ninetales|44/100 brn|[from] brn
|upkeep
|turn|11
|
|t:|1769312324
|move|p1a: Ninetales|Aurora Veil|p1a: Ninetales
|-sidestart|p1: Alerjake|move: Aurora Veil
|move|p2a: Mabosstiff|Trailblaze|p1a: Ninetales
|-damage|p1a: Ninetales|37/100 brn
|-boost|p2a: Mabosstiff|spe|1
|
|-weather|Snowscape|[upkeep]
|-damage|p1a: Ninetales|31/100 brn|[from] brn
|upkeep
|turn|12
|inactive|Alerjake has 120 seconds left.
|-message|Chessmaster 2000 forfeited.
|
|win|Alerjake
|raw|Alerjake's rating: 1459 &rarr; <strong>1476</strong><br />(+17 for winning)
|raw|Chessmaster 2000's rating: 1400 &rarr; <strong>1383</strong><br />(-17 for losing)
