|j|☆Aguila74
|j|☆keklord420
|t:|1769350953
|gametype|singles
|player|p1|Aguila74|1|1564
|player|p2|keklord420|grimsley|1585
|gen|9
|tier|[Gen 9] OU
|rated|
|rule|HP Percentage Mod: HP is shown in percentages
|rule|Endless Battle Clause: Forcing endless battles is banned
|rule|Species Clause: Limit one of each Pokémon
|rule|OHKO Clause: OHKO moves are banned
|rule|Evasion Items Clause: Evasion items are banned
|rule|Evasion Moves Clause: Evasion moves are banned
|rule|Evasion Abilities Clause: Evasion abilities are banned
|rule|Sleep Moves Clause: Sleep-inducing moves are banned
|clearpoke
|poke|p1|Conkeldurr, F|
|poke|p1|Suicune|
|poke|p1|Dragapult, F|
|poke|p1|Iron Moth|
|poke|p1|Iron Treads|
|poke|p1|Meowscarada, F|
|poke|p2|Iron Valiant|
|poke|p2|Dragonite, M|
|poke|p2|Deoxys-Speed|
|poke|p2|Gholdengo|
|poke|p2|Iron Treads|
|poke|p2|Ogerpon-Wellspring, F|
|teampreview
|inactive|Battle timer is ON: inactive players will automatically lose when time's up. (requested by keklord420)
|
|t:|1769350961
|teamsize|p1|6
|teamsize|p2|6
|start
|switch|p1a: Meowscarada|Meowscarada, F|100/100
|switch|p2a: Deoxys|Deoxys-Speed|100/100
|-ability|p2a: Deoxys|Pressure
|turn|1
|
|t:|1769350966
|switch|p1a: Suicune|Suicune|100/100
|-ability|p1a: Suicune|Pressure
|move|p2a: Deoxys|Stealth Rock|p1a: Suicune
|-sidestart|p1: Aguila74|move: Stealth Rock
|
|upkeep
|turn|2
|
|t:|1769350973
|switch|p1a: Conkeldurr|Conkeldurr, F|100/100
|-damage|p1a: Conkeldurr|94/100|[from] Stealth Rock
|move|p2a: Deoxys|Spikes|p1a: Conkeldurr
|-sidestart|p1: Aguila74|Spikes
|
|upkeep
|turn|3
|
|t:|1769350977
|move|p2a: Deoxys|Psychic|p1a: Conkeldurr
|-supereffective|p1a: Conkeldurr
|-damage|p1a: Conkeldurr|32/100
|move|p1a: Conkeldurr|Knock Off|p2a: Deoxys
|-supereffective|p2a: Deoxys
|-enditem|p2a: Deoxys|Focus Sash
|-damage|p2a: Deoxys|1/100
|
|upkeep
|turn|4
|
|t:|1769350985
|switch|p2a: Ogerpon|Ogerpon-Wellspring, F|100/100
|move|p1a: Conkeldurr|Mach Punch|p2a: Ogerpon
|-damage|p2a: Ogerpon|66/100
|
|upkeep
|turn|5
|
|t:|1769350990
|move|p1a: Conkeldurr|Mach Punch|p2a: Ogerpon
|-damage|p2a: Ogerpon|36/100
|move|p2a: Ogerpon|Ivy Cudgel|p1a: Conkeldurr|[anim] Ivy Cudgel Water
|-damage|p1a: Conkeldurr|0 fnt
|faint|p1a: Conkeldurr
|
|upkeep
|
|t:|1769350992
|switch|p1a: Meowscarada|Meowscarada, F|100/100
|-damage|p1a: Meowscarada|88/100|[from] Stealth Rock
|-damage|p1a: Meowscarada|76/100|[from] Spikes
|turn|6
|
|t:|1769351004
|move|p1a: Meowscarada|U-turn|p2a: Ogerpon
|-start|p1a: Meowscarada|typechange|Bug|[from] ability: Protean
|-supereffective|p2a: Ogerpon
|-damage|p2a: Ogerpon|0 fnt
|faint|p2a: Ogerpon
|-damage|p1a: Meowscarada|66/100|[from] item: Life Orb
|
|t:|1769351006
|switch|p1a: Iron Treads|Iron Treads|100/100|[from] U-turn
|-damage|p1a: Iron Treads|97/100|[from] Stealth Rock
|-damage|p1a: Iron Treads|85/100|[from] Spikes
|
|-heal|p1a: Iron Treads|91/100|[from] item: Leftovers
|upkeep
|inactive|keklord420 has 120 seconds left.
|
|t:|1769351038
|switch|p2a: Iron Valiant|Iron Valiant|100/100
|-enditem|p2a: Iron Valiant|Booster Energy
|-activate|p2a: Iron Valiant|ability: Quark Drive|[fromitem]
|-start|p2a: Iron Valiant|quarkdrivespe
|turn|7
|
|t:|1769351045
|-terastallize|p1a: Iron Treads|Ground
|move|p2a: Iron Valiant|Calm Mind|p2a: Iron Valiant
|-boost|p2a: Iron Valiant|spa|1
|-boost|p2a: Iron Valiant|spd|1
|move|p1a: Iron Treads|Rapid Spin|p2a: Iron Valiant
|-damage|p2a: Iron Valiant|81/100
|-boost|p1a: Iron Treads|spe|1
|-sideend|p1: Aguila74|Spikes|[from] move: Rapid Spin|[of] p1a: Iron Treads
|-sideend|p1: Aguila74|Stealth Rock|[from] move: Rapid Spin|[of] p1a: Iron Treads
|
|-heal|p1a: Iron Treads|97/100|[from] item: Leftovers
|upkeep
|turn|8
|
|t:|1769351055
|move|p2a: Iron Valiant|Moonblast|p1a: Iron Treads
|-crit|p1a: Iron Treads
|-damage|p1a: Iron Treads|0 fnt
|faint|p1a: Iron Treads
|-end|p1a: Iron Treads|Quark Drive|[silent]
|
|upkeep
|
|t:|1769351058
|switch|p1a: Iron Moth|Iron Moth|100/100
|-enditem|p1a: Iron Moth|Booster Energy
|-activate|p1a: Iron Moth|ability: Quark Drive|[fromitem]
|-start|p1a: Iron Moth|quarkdrivespe
|turn|9
|
|t:|1769351067
|move|p2a: Iron Valiant|Shadow Ball|p1a: Iron Moth
|-damage|p1a: Iron Moth|65/100
|move|p1a: Iron Moth|Sludge Wave|p2a: Iron Valiant
|-supereffective|p2a: Iron Valiant
|-damage|p2a: Iron Valiant|0 fnt
|faint|p2a: Iron Valiant
|-end|p2a: Iron Valiant|Quark Drive|[silent]
|
|upkeep
|
|t:|1769351080
|switch|p2a: Dragonite|Dragonite, M|100/100
|turn|10
|
|t:|1769351086
|move|p1a: Iron Moth|Dazzling Gleam|p2a: Dragonite
|-supereffective|p2a: Dragonite
|-damage|p2a: Dragonite|71/100
|move|p2a: Dragonite|Dragon Dance|p2a: Dragonite
|-boost|p2a: Dragonite|atk|1
|-boost|p2a: Dragonite|spe|1
|
|upkeep
|turn|11
|
|t:|1769351098
|-end|p1a: Iron Moth|Quark Drive|[silent]
|switch|p1a: Dragapult|Dragapult, F|100/100
|-terastallize|p2a: Dragonite|Normal
|move|p2a: Dragonite|Dragon Dance|p2a: Dragonite
|-boost|p2a: Dragonite|atk|1
|-boost|p2a: Dragonite|spe|1
|
|upkeep
|turn|12
|
|t:|1769351106
|move|p2a: Dragonite|Earthquake|p1a: Dragapult
|-damage|p1a: Dragapult|0 fnt
|faint|p1a: Dragapult
|
|upkeep
|
|t:|1769351112
|switch|p1a: Suicune|Suicune|100/100
|-ability|p1a: Suicune|Pressure
|turn|13
|
|t:|1769351117
|move|p2a: Dragonite|Extreme Speed|p1a: Suicune
|-damage|p1a: Suicune|45/100
|move|p1a: Suicune|Scald|p2a: Dragonite
|-damage|p2a: Dragonite|45/100
|
|-heal|p1a: Suicune|51/100|[from] item: Leftovers
|upkeep
|turn|14
|
|t:|1769351125
|move|p2a: Dragonite|Extreme Speed|p1a: Suicune
|-damage|p1a: Suicune|1/100
|move|p1a: Suicune|Scald|p2a: Dragonite
|-damage|p2a: Dragonite|19/100
|
|-heal|p1a: Suicune|7/100|[from] item: Leftovers
|upkeep
|turn|15
|-message|Aguila74 forfeited.
|
|win|keklord420
|raw|Aguila74's rating: 1564 &rarr; <strong>1545</strong><br />(-19 for losing)
|raw|keklord420's rating: 1585 &rarr; <strong>1604</strong><br />(+19 for winning)
|l|☆Aguila74
|player|p1|
|l|☆keklord420
|player|p2|
