|j|☆firecharmander004
|j|☆FishOfTheSea
|t:|1769364040
|gametype|singles
|player|p1|firecharmander004|266|1610
|player|p2|FishOfTheSea|elesa-gen5bw2|1694
|gen|9
|tier|[Gen 9] OU
|rated|
|rule|HP Percentage Mod: HP is shown in percentages
|rule|Endless Battle Clause: Forcing endless battles is banned
|rule|Species Clause: Limit one of each Pokémon
|rule|OHKO Clause: OHKO moves are banned
|rule|Evasion Items Clause: Evasion items are banned
|rule|Evasion Moves Clause: Evasion moves are banned
|rule|Evasion Abilities Clause: Evasion abilities are banned
|rule|Sleep Moves Clause: Sleep-inducing moves are banned
|clearpoke
|poke|p1|Charizard, M|
|poke|p1|Walking Wake|
|poke|p1|Hatterene, F|
|poke|p1|Venusaur, M|
|poke|p1|Great Tusk|
|poke|p1|Ninetales, M|
|poke|p2|Slowking-Galar, M|
|poke|p2|Great Tusk|
|poke|p2|Dondozo, F|
|poke|p2|Darkrai|
|poke|p2|Corviknight, M|
|poke|p2|Hatterene, F|
|teampreview
|inactive|Battle timer is ON: inactive players will automatically lose when time's up. (requested by firecharmander004)
|
|t:|1769364055
|teamsize|p1|6
|teamsize|p2|6
|start
|switch|p1a: Great Tusk|Great Tusk|100/100
|switch|p2a: Slowking|Slowking-Galar, M|100/100
|turn|1
|
|t:|1769364059
|-end|p1a: Great Tusk|Protosynthesis|[silent]
|switch|p1a: Ninetales|Ninetales, M|100/100
|-weather|SunnyDay|[from] ability: Drought|[of] p1a: Ninetales
|switch|p2a: Hatterene|Hatterene, F|100/100
|
|-weather|SunnyDay|[upkeep]
|upkeep
|turn|2
|
|t:|1769364067
|switch|p1a: Hatterene|Hatterene, F|100/100
|move|p2a: Hatterene|Mystical Fire|p1a: Hatterene
|-damage|p1a: Hatterene|67/100
|-unboost|p1a: Hatterene|spa|1
|-enditem|p1a: Hatterene|Eject Button
|
|t:|1769364072
|switch|p1a: Charizard|Charizard, M|100/100
|
|-weather|SunnyDay|[upkeep]
|-damage|p1a: Charizard|88/100|[from] ability: Solar Power|[of] p1a: Charizard
|upkeep
|turn|3
|
|t:|1769364080
|move|p1a: Charizard|Weather Ball|p2a: Hatterene
|-damage|p2a: Hatterene|0 fnt
|faint|p2a: Hatterene
|
|-weather|SunnyDay|[upkeep]
|-damage|p1a: Charizard|76/100|[from] ability: Solar Power|[of] p1a: Charizard
|upkeep
|
|t:|1769364085
|switch|p2a: Slowking|Slowking-Galar, M|100/100
|turn|4
|
|t:|1769364089
|-terastallize|p1a: Charizard|Fire
|-terastallize|p2a: Slowking|Water
|move|p1a: Charizard|Weather Ball|p2a: Slowking
|-resisted|p2a: Slowking
|-damage|p2a: Slowking|40/100
|-prepare|p2a: Slowking|Chilly Reception|[premajor]
|move|p2a: Slowking|Chilly Reception|p2a: Slowking
|-weather|Snowscape
|
|t:|1769364096
|switch|p2a: Darkrai|Darkrai|100/100|[from] Chilly Reception
|
|-weather|Snowscape|[upkeep]
|upkeep
|turn|5
|
|t:|1769364101
|switch|p2a: Slowking|Slowking-Galar, M, tera:Water|73/100
|switch|p1a: Ninetales|Ninetales, M|100/100
|-weather|SunnyDay|[from] ability: Drought|[of] p1a: Ninetales
|
|-weather|SunnyDay|[upkeep]
|-damage|p2a: Slowking|60/100|[from] item: Black Sludge
|upkeep
|turn|6
|
|t:|1769364106
|move|p1a: Ninetales|Will-O-Wisp|p2a: Slowking
|-status|p2a: Slowking|brn
|-prepare|p2a: Slowking|Chilly Reception|[premajor]
|move|p2a: Slowking|Chilly Reception|p2a: Slowking
|-weather|Snowscape
|
|t:|1769364110
|switch|p2a: Darkrai|Darkrai|100/100|[from] Chilly Reception
|
|-weather|Snowscape|[upkeep]
|upkeep
|turn|7
|
|t:|1769364114
|switch|p1a: Hatterene|Hatterene, F|67/100
|move|p2a: Darkrai|Dark Pulse|p1a: Hatterene
|-damage|p1a: Hatterene|0 fnt
|faint|p1a: Hatterene
|
|-weather|Snowscape|[upkeep]
|upkeep
|
|t:|1769364124
|switch|p1a: Ninetales|Ninetales, M|100/100
|-weather|SunnyDay|[from] ability: Drought|[of] p1a: Ninetales
|turn|8
|
|t:|1769364134
|switch|p1a: Venusaur|Venusaur, M|100/100
|move|p2a: Darkrai|Dark Pulse|p1a: Venusaur
|-damage|p1a: Venusaur|21/100
|
|-weather|SunnyDay|[upkeep]
|upkeep
|turn|9
|
|t:|1769364140
|move|p1a: Venusaur|Giga Drain|p2a: Darkrai
|-damage|p2a: Darkrai|43/100
|-heal|p1a: Venusaur|48/100|[from] drain|[of] p2a: Darkrai
|-damage|p1a: Venusaur|38/100|[from] item: Life Orb
|move|p2a: Darkrai|Dark Pulse|p1a: Venusaur
|-damage|p1a: Venusaur|0 fnt
|faint|p1a: Venusaur
|
|-weather|SunnyDay|[upkeep]
|upkeep
|
|t:|1769364148
|switch|p1a: Charizard|Charizard, M, tera:Fire|76/100
|turn|10
|
|t:|1769364155
|switch|p2a: Great Tusk|Great Tusk|100/100
|-activate|p2a: Great Tusk|ability: Protosynthesis
|-start|p2a: Great Tusk|protosynthesisatk
|move|p1a: Charizard|Weather Ball|p2a: Great Tusk
|-damage|p2a: Great Tusk|0 fnt
|faint|p2a: Great Tusk
|-end|p2a: Great Tusk|Protosynthesis|[silent]
|
|-weather|SunnyDay|[upkeep]
|-damage|p1a: Charizard|63/100|[from] ability: Solar Power|[of] p1a: Charizard
|upkeep
|
|t:|1769364159
|switch|p2a: Slowking|Slowking-Galar, M, tera:Water|94/100 brn
|turn|11
|
|t:|1769364165
|switch|p1a: Great Tusk|Great Tusk|100/100
|-activate|p1a: Great Tusk|ability: Protosynthesis
|-start|p1a: Great Tusk|protosynthesisspe
|-prepare|p2a: Slowking|Chilly Reception|[premajor]
|move|p2a: Slowking|Chilly Reception|p2a: Slowking
|-weather|Snowscape
|-end|p1a: Great Tusk|Protosynthesis
|
|t:|1769364170
|switch|p2a: Corviknight|Corviknight, M|100/100|[from] Chilly Reception
|-ability|p2a: Corviknight|Pressure
|
|-weather|Snowscape|[upkeep]
|upkeep
|turn|12
|
|t:|1769364174
|move|p1a: Great Tusk|Bulk Up|p1a: Great Tusk
|-boost|p1a: Great Tusk|atk|1
|-boost|p1a: Great Tusk|def|1
|move|p2a: Corviknight|U-turn|p1a: Great Tusk
|-resisted|p1a: Great Tusk
|-damage|p1a: Great Tusk|98/100
|
|t:|1769364177
|switch|p2a: Darkrai|Darkrai|43/100|[from] U-turn
|
|-weather|Snowscape|[upkeep]
|-heal|p1a: Great Tusk|100/100|[from] item: Leftovers
|upkeep
|turn|13
|
|t:|1769364181
|-end|p1a: Great Tusk|Protosynthesis|[silent]
|switch|p1a: Ninetales|Ninetales, M|100/100
|-weather|SunnyDay|[from] ability: Drought|[of] p1a: Ninetales
|move|p2a: Darkrai|Ice Beam|p1a: Ninetales
|-resisted|p1a: Ninetales
|-damage|p1a: Ninetales|78/100
|
|-weather|SunnyDay|[upkeep]
|upkeep
|turn|14
|
|t:|1769364189
|switch|p2a: Slowking|Slowking-Galar, M, tera:Water|100/100 brn
|switch|p1a: Walking Wake|Walking Wake|100/100
|-activate|p1a: Walking Wake|ability: Protosynthesis
|-start|p1a: Walking Wake|protosynthesisspe
|
|-weather|SunnyDay|[upkeep]
|-damage|p2a: Slowking|88/100 brn|[from] item: Black Sludge
|-damage|p2a: Slowking|82/100 brn|[from] brn
|upkeep
|turn|15
|
|t:|1769364199
|move|p1a: Walking Wake|Draco Meteor|p2a: Slowking
|-damage|p2a: Slowking|28/100 brn
|-unboost|p1a: Walking Wake|spa|2
|move|p2a: Slowking|Trick|p1a: Walking Wake
|-activate|p2a: Slowking|move: Trick|[of] p1a: Walking Wake
|-item|p1a: Walking Wake|Black Sludge|[from] move: Trick
|-item|p2a: Slowking|Choice Specs|[from] move: Trick
|
|-weather|SunnyDay|[upkeep]
|-damage|p1a: Walking Wake|88/100|[from] item: Black Sludge
|-damage|p2a: Slowking|22/100 brn|[from] brn
|upkeep
|turn|16
|
|t:|1769364209
|-end|p1a: Walking Wake|Protosynthesis|[silent]
|switch|p1a: Charizard|Charizard, M, tera:Fire|63/100
|switch|p2a: Dondozo|Dondozo, F|100/100
|
|-weather|SunnyDay|[upkeep]
|-damage|p1a: Charizard|51/100|[from] ability: Solar Power|[of] p1a: Charizard
|upkeep
|turn|17
|
|t:|1769364224
|move|p1a: Charizard|Weather Ball|p2a: Dondozo
|-resisted|p2a: Dondozo
|-damage|p2a: Dondozo|36/100
|move|p2a: Dondozo|Rest|p2a: Dondozo
|-status|p2a: Dondozo|slp|[from] move: Rest
|-heal|p2a: Dondozo|100/100 slp|[silent]
|
|-weather|SunnyDay|[upkeep]
|-damage|p1a: Charizard|38/100|[from] ability: Solar Power|[of] p1a: Charizard
|upkeep
|turn|18
|
|t:|1769364236
|switch|p1a: Great Tusk|Great Tusk|100/100
|-activate|p1a: Great Tusk|ability: Protosynthesis
|-start|p1a: Great Tusk|protosynthesisspe
|cant|p2a: Dondozo|slp
|move|p2a: Dondozo|Sleep Talk|p2a: Dondozo
|move|p2a: Dondozo|Rest||[from] move: Sleep Talk|[still]
|-fail|p2a: Dondozo
|
|-weather|SunnyDay|[upkeep]
|upkeep
|turn|19
|
|t:|1769364255
|-end|p1a: Great Tusk|Protosynthesis|[silent]
|switch|p1a: Charizard|Charizard, M, tera:Fire|38/100
|cant|p2a: Dondozo|slp
|move|p2a: Dondozo|Sleep Talk|p2a: Dondozo
|move|p2a: Dondozo|Avalanche|p1a: Charizard|[from] move: Sleep Talk
|-resisted|p1a: Charizard
|-damage|p1a: Charizard|28/100
|
|-weather|SunnyDay|[upkeep]
|-damage|p1a: Charizard|16/100|[from] ability: Solar Power|[of] p1a: Charizard
|upkeep
|turn|20
|
|t:|1769364273
|switch|p2a: Corviknight|Corviknight, M|100/100
|-ability|p2a: Corviknight|Pressure
|move|p1a: Charizard|Solar Beam||[still]
|-prepare|p1a: Charizard|Solar Beam
|-anim|p1a: Charizard|Solar Beam|p2a: Corviknight
|-resisted|p2a: Corviknight
|-damage|p2a: Corviknight|82/100
|
|-weather|none
|upkeep
|turn|21
|
|t:|1769364281
|switch|p1a: Great Tusk|Great Tusk|100/100
|move|p2a: Corviknight|U-turn|p1a: Great Tusk
|-resisted|p1a: Great Tusk
|-damage|p1a: Great Tusk|96/100
|
|t:|1769364283
|switch|p2a: Slowking|Slowking-Galar, M, tera:Water|56/100 brn|[from] U-turn
|
|-heal|p1a: Great Tusk|100/100|[from] item: Leftovers
|-damage|p2a: Slowking|49/100 brn|[from] brn
|upkeep
|turn|22
|
|t:|1769364286
|switch|p2a: Corviknight|Corviknight, M|82/100
|-ability|p2a: Corviknight|Pressure
|move|p1a: Great Tusk|Headlong Rush|p2a: Corviknight
|-immune|p2a: Corviknight
|
|upkeep
|turn|23
|
|t:|1769364289
|-end|p1a: Great Tusk|Protosynthesis|[silent]
|switch|p1a: Ninetales|Ninetales, M|78/100
|-weather|SunnyDay|[from] ability: Drought|[of] p1a: Ninetales
|move|p2a: Corviknight|U-turn|p1a: Ninetales
|-resisted|p1a: Ninetales
|-damage|p1a: Ninetales|69/100
|
|t:|1769364292
|switch|p2a: Slowking|Slowking-Galar, M, tera:Water|83/100 brn|[from] U-turn
|
|-weather|SunnyDay|[upkeep]
|-damage|p2a: Slowking|77/100 brn|[from] brn
|upkeep
|turn|24
|
|t:|1769364296
|switch|p1a: Walking Wake|Walking Wake|88/100
|-activate|p1a: Walking Wake|ability: Protosynthesis
|-start|p1a: Walking Wake|protosynthesisspe
|-prepare|p2a: Slowking|Chilly Reception|[premajor]
|move|p2a: Slowking|Chilly Reception|p2a: Slowking
|-weather|Snowscape
|-end|p1a: Walking Wake|Protosynthesis
|
|t:|1769364303
|switch|p2a: Dondozo|Dondozo, F|100/100 slp|[from] Chilly Reception
|
|-weather|Snowscape|[upkeep]
|-damage|p1a: Walking Wake|76/100|[from] item: Black Sludge
|upkeep
|turn|25
|
|t:|1769364306
|switch|p2a: Slowking|Slowking-Galar, M, tera:Water|100/100 brn
|move|p1a: Walking Wake|Draco Meteor|p2a: Slowking
|-damage|p2a: Slowking|59/100 brn
|-unboost|p1a: Walking Wake|spa|2
|
|-weather|Snowscape|[upkeep]
|-damage|p1a: Walking Wake|64/100|[from] item: Black Sludge
|-damage|p2a: Slowking|53/100 brn|[from] brn
|upkeep
|turn|26
|
|t:|1769364312
|-end|p1a: Walking Wake|Protosynthesis|[silent]
|switch|p1a: Ninetales|Ninetales, M|69/100
|-weather|SunnyDay|[from] ability: Drought|[of] p1a: Ninetales
|switch|p2a: Corviknight|Corviknight, M|82/100
|-ability|p2a: Corviknight|Pressure
|
|-weather|SunnyDay|[upkeep]
|upkeep
|turn|27
|
|t:|1769364320
|switch|p2a: Slowking|Slowking-Galar, M, tera:Water|86/100 brn
|move|p1a: Ninetales|Healing Wish|p1a: Ninetales
|faint|p1a: Ninetales
|
|-weather|SunnyDay|[upkeep]
|-damage|p2a: Slowking|80/100 brn|[from] brn
|upkeep
|
|t:|1769364324
|switch|p1a: Charizard|Charizard, M, tera:Fire|16/100
|-heal|p1a: Charizard|100/100|[from] move: Healing Wish
|turn|28
|
|t:|1769364337
|switch|p2a: Corviknight|Corviknight, M|82/100
|-ability|p2a: Corviknight|Pressure
|move|p1a: Charizard|Overheat|p2a: Corviknight
|-supereffective|p2a: Corviknight
|-damage|p2a: Corviknight|0 fnt
|-unboost|p1a: Charizard|spa|2
|faint|p2a: Corviknight
|
|-weather|SunnyDay|[upkeep]
|-damage|p1a: Charizard|88/100|[from] ability: Solar Power|[of] p1a: Charizard
|upkeep
|
|t:|1769364341
|switch|p2a: Slowking|Slowking-Galar, M, tera:Water|100/100 brn
|turn|29
|
|t:|1769364346
|switch|p1a: Great Tusk|Great Tusk|100/100
|-activate|p1a: Great Tusk|ability: Protosynthesis
|-start|p1a: Great Tusk|protosynthesisspe
|-prepare|p2a: Slowking|Chilly Reception|[premajor]
|move|p2a: Slowking|Chilly Reception|p2a: Slowking
|-weather|Snowscape
|-end|p1a: Great Tusk|Protosynthesis
|
|t:|1769364351
|switch|p2a: Dondozo|Dondozo, F|100/100 slp|[from] Chilly Reception
|
|-weather|Snowscape|[upkeep]
|upkeep
|turn|30
|
|t:|1769364357
|-end|p1a: Great Tusk|Protosynthesis|[silent]
|switch|p1a: Walking Wake|Walking Wake|64/100
|-curestatus|p2a: Dondozo|slp|[msg]
|move|p2a: Dondozo|Curse|p2a: Dondozo
|-unboost|p2a: Dondozo|spe|1
|-boost|p2a: Dondozo|atk|1
|-boost|p2a: Dondozo|def|1
|
|-weather|Snowscape|[upkeep]
|-damage|p1a: Walking Wake|51/100|[from] item: Black Sludge
|upkeep
|turn|31
|
|t:|1769364362
|move|p1a: Walking Wake|Draco Meteor|p2a: Dondozo
|-damage|p2a: Dondozo|58/100
|-unboost|p1a: Walking Wake|spa|2
|move|p2a: Dondozo|Avalanche|p1a: Walking Wake
|-damage|p1a: Walking Wake|5/100
|
|-weather|Snowscape|[upkeep]
|-damage|p1a: Walking Wake|0 fnt|[from] item: Black Sludge
|faint|p1a: Walking Wake
|-end|p1a: Walking Wake|Protosynthesis|[silent]
|-heal|p2a: Dondozo|64/100|[from] item: Leftovers
|upkeep
|j| rainspam101
|-message|firecharmander004 forfeited.
|
|win|FishOfTheSea
|raw|firecharmander004's rating: 1610 &rarr; <strong>1595</strong><br />(-15 for losing)
|raw|FishOfTheSea's rating: 1694 &rarr; <strong>1709</strong><br />(+15 for winning)
|l|☆firecharmander004
|player|p1|
|l|☆FishOfTheSea
|player|p2|
