|j|☆brandonlee1
|j|‽OehtWasHere
|t:|1769362518
|gametype|singles
|player|p1|brandonlee1|lucas|1614
|player|p2|OehtWasHere|ryuki|1688
|gen|9
|tier|[Gen 9] OU
|rated|
|rule|HP Percentage Mod: HP is shown in percentages
|rule|Endless Battle Clause: Forcing endless battles is banned
|rule|Species Clause: Limit one of each Pokémon
|rule|OHKO Clause: OHKO moves are banned
|rule|Evasion Items Clause: Evasion items are banned
|rule|Evasion Moves Clause: Evasion moves are banned
|rule|Evasion Abilities Clause: Evasion abilities are banned
|rule|Sleep Moves Clause: Sleep-inducing moves are banned
|clearpoke
|poke|p1|Cresselia, F|
|poke|p1|Ninetales, F|
|poke|p1|Great Tusk|
|poke|p1|Venusaur, F|
|poke|p1|Walking Wake|
|poke|p1|Zamazenta-*|
|poke|p2|Dragonite, F|
|poke|p2|Ninetales-Alola, M|
|poke|p2|Ceruledge, M|
|poke|p2|Hatterene, F|
|poke|p2|Darkrai|
|poke|p2|Kingambit, F|
|teampreview
|inactive|Battle timer is ON: inactive players will automatically lose when time's up. (requested by OehtWasHere)
|inactive|brandonlee1 also wants the timer to be on.
|
|t:|1769362529
|teamsize|p1|6
|teamsize|p2|6
|start
|switch|p1a: Ninetales|Ninetales, F|100/100
|switch|p2a: Darkrai|Darkrai|100/100
|-weather|SunnyDay|[from] ability: Drought|[of] p1a: Ninetales
|turn|1
|
|t:|1769362534
|switch|p2a: Ninetales|Ninetales-Alola, M|100/100
|-weather|Snowscape|[from] ability: Snow Warning|[of] p2a: Ninetales
|switch|p1a: Great Tusk|Great Tusk|100/100
|
|-weather|Snowscape|[upkeep]
|upkeep
|turn|2
|
|t:|1769362538
|-end|p1a: Great Tusk|Protosynthesis|[silent]
|switch|p1a: Ninetales|Ninetales, F|100/100
|-weather|SunnyDay|[from] ability: Drought|[of] p1a: Ninetales
|move|p2a: Ninetales|Moonblast|p1a: Ninetales
|-resisted|p1a: Ninetales
|-damage|p1a: Ninetales|86/100
|
|-weather|SunnyDay|[upkeep]
|upkeep
|turn|3
|
|t:|1769362544
|switch|p2a: Ceruledge|Ceruledge, M|100/100
|move|p1a: Ninetales|Overheat|p2a: Ceruledge
|-resisted|p2a: Ceruledge
|-damage|p2a: Ceruledge|53/100
|-unboost|p1a: Ninetales|spa|2
|
|-weather|SunnyDay|[upkeep]
|upkeep
|turn|4
|
|t:|1769362551
|switch|p1a: Great Tusk|Great Tusk|100/100
|-activate|p1a: Great Tusk|ability: Protosynthesis
|-start|p1a: Great Tusk|protosynthesisspe
|switch|p2a: Ninetales|Ninetales-Alola, M|100/100
|-weather|Snowscape|[from] ability: Snow Warning|[of] p2a: Ninetales
|-end|p1a: Great Tusk|Protosynthesis
|
|-weather|Snowscape|[upkeep]
|upkeep
|turn|5
|
|t:|1769362579
|switch|p2a: Darkrai|Darkrai|100/100
|-end|p1a: Great Tusk|Protosynthesis|[silent]
|switch|p1a: Ninetales|Ninetales, F|86/100
|-weather|SunnyDay|[from] ability: Drought|[of] p1a: Ninetales
|
|-weather|SunnyDay|[upkeep]
|upkeep
|turn|6
|
|t:|1769362583
|switch|p1a: Great Tusk|Great Tusk|100/100
|-activate|p1a: Great Tusk|ability: Protosynthesis
|-start|p1a: Great Tusk|protosynthesisspe
|move|p2a: Darkrai|Dark Pulse|p1a: Great Tusk
|-resisted|p1a: Great Tusk
|-damage|p1a: Great Tusk|71/100
|
|-weather|SunnyDay|[upkeep]
|upkeep
|turn|7
|
|t:|1769362598
|move|p1a: Great Tusk|Stealth Rock|p2a: Darkrai
|-sidestart|p2: OehtWasHere|move: Stealth Rock
|move|p2a: Darkrai|Nasty Plot|p2a: Darkrai
|-boost|p2a: Darkrai|spa|2
|
|-weather|SunnyDay|[upkeep]
|upkeep
|turn|8
|
|t:|1769362615
|move|p1a: Great Tusk|Headlong Rush|p2a: Darkrai
|-damage|p2a: Darkrai|25/100
|-unboost|p1a: Great Tusk|def|1
|-unboost|p1a: Great Tusk|spd|1
|-enditem|p2a: Darkrai|Salac Berry|[eat]
|-boost|p2a: Darkrai|spe|1|[from] item: Salac Berry
|move|p2a: Darkrai|Nasty Plot|p2a: Darkrai
|-boost|p2a: Darkrai|spa|2
|
|-weather|SunnyDay|[upkeep]
|upkeep
|turn|9
|inactive|OehtWasHere has 120 seconds left.
|
|t:|1769362646
|move|p2a: Darkrai|Dark Pulse|p1a: Great Tusk
|-resisted|p1a: Great Tusk
|-damage|p1a: Great Tusk|0 fnt
|faint|p1a: Great Tusk
|-end|p1a: Great Tusk|Protosynthesis|[silent]
|
|-weather|SunnyDay|[upkeep]
|upkeep
|inactive|brandonlee1 has 120 seconds left.
|
|t:|1769362673
|switch|p1a: Venusaur|Venusaur, F|100/100
|turn|10
|inactive|OehtWasHere has 120 seconds left.
|
|t:|1769362678
|move|p2a: Darkrai|Dark Pulse|p1a: Venusaur
|-damage|p1a: Venusaur|0 fnt
|faint|p1a: Venusaur
|
|-weather|SunnyDay|[upkeep]
|upkeep
|
|t:|1769362685
|switch|p1a: Ninetales|Ninetales, F|86/100
|turn|11
|inactive|OehtWasHere has 120 seconds left.
|
|t:|1769362704
|-terastallize|p1a: Ninetales|Fairy
|move|p2a: Darkrai|Dark Pulse|p1a: Ninetales
|-resisted|p1a: Ninetales
|-damage|p1a: Ninetales|7/100
|cant|p1a: Ninetales|flinch
|
|-weather|SunnyDay|[upkeep]
|upkeep
|turn|12
|-message|brandonlee1 forfeited.
|
|win|OehtWasHere
|raw|brandonlee1's rating: 1614 &rarr; <strong>1598</strong><br />(-16 for losing)
|raw|OehtWasHere's rating: 1688 &rarr; <strong>1704</strong><br />(+16 for winning)
|l|☆brandonlee1
|player|p1|
|l|‽OehtWasHere
|player|p2|
