|j|☆BuffFlareon
|j|☆Olive 40
|t:|1769394966
|gametype|singles
|player|p1|BuffFlareon|flint|1112
|player|p2|Olive 40|rosa|1073
|gen|9
|tier|[Gen 9] OU
|rated|
|rule|HP Percentage Mod: HP is shown in percentages
|rule|Endless Battle Clause: Forcing endless battles is banned
|rule|Species Clause: Limit one of each Pokémon
|rule|OHKO Clause: OHKO moves are banned
|rule|Evasion Items Clause: Evasion items are banned
|rule|Evasion Moves Clause: Evasion moves are banned
|rule|Evasion Abilities Clause: Evasion abilities are banned
|rule|Sleep Moves Clause: Sleep-inducing moves are banned
|clearpoke
|poke|p1|Muk-Alola, F|
|poke|p1|Great Tusk|
|poke|p1|Corviknight, F|
|poke|p1|Clefable, M|
|poke|p1|Heatran, F|
|poke|p1|Kyurem|
|poke|p2|Rotom-Mow|
|poke|p2|Salazzle, F|
|poke|p2|Necrozma|
|poke|p2|Slowbro, M|
|poke|p2|Haunter, M|
|poke|p2|Great Tusk|
|teampreview
|inactive|Battle timer is ON: inactive players will automatically lose when time's up. (requested by Olive 40)
|
|t:|1769394978
|teamsize|p1|6
|teamsize|p2|6
|start
|switch|p1a: Heatran|Heatran, F|100/100
|switch|p2a: Rotom|Rotom-Mow|100/100
|turn|1
|
|t:|1769394991
|move|p2a: Rotom|Volt Switch|p1a: Heatran
|-damage|p1a: Heatran|74/100
|
|t:|1769394998
|switch|p2a: Salazzle|Salazzle, F|100/100|[from] Volt Switch
|-item|p2a: Salazzle|Air Balloon
|move|p1a: Heatran|Stealth Rock|p2a: Salazzle
|-sidestart|p2: Olive 40|move: Stealth Rock
|
|-heal|p1a: Heatran|80/100|[from] item: Leftovers
|upkeep
|turn|2
|
|t:|1769395009
|move|p2a: Salazzle|Toxic|p1a: Heatran
|-status|p1a: Heatran|tox
|move|p1a: Heatran|Magma Storm|p2a: Salazzle
|-resisted|p2a: Salazzle
|-damage|p2a: Salazzle|46/100
|-activate|p2a: Salazzle|move: Magma Storm|[of] p1a: Heatran
|-enditem|p2a: Salazzle|Air Balloon
|
|-heal|p1a: Heatran|86/100 tox|[from] item: Leftovers
|-damage|p1a: Heatran|80/100 tox|[from] psn
|-damage|p2a: Salazzle|34/100|[from] move: Magma Storm|[partiallytrapped]
|upkeep
|turn|3
|
|t:|1769395025
|move|p2a: Salazzle|Toxic|p1a: Heatran
|-fail|p1a: Heatran|tox
|move|p1a: Heatran|Magma Storm|p2a: Salazzle
|-resisted|p2a: Salazzle
|-damage|p2a: Salazzle|0 fnt
|faint|p2a: Salazzle
|
|-heal|p1a: Heatran|86/100 tox|[from] item: Leftovers
|-damage|p1a: Heatran|74/100 tox|[from] psn
|upkeep
|
|t:|1769395036
|switch|p2a: Slowbro|Slowbro, M, shiny|100/100
|-damage|p2a: Slowbro|88/100|[from] Stealth Rock
|turn|4
|
|t:|1769395044
|move|p1a: Heatran|Magma Storm|p2a: Slowbro
|-resisted|p2a: Slowbro
|-damage|p2a: Slowbro|58/100
|-activate|p2a: Slowbro|move: Magma Storm|[of] p1a: Heatran
|move|p2a: Slowbro|Scald|p1a: Heatran
|-supereffective|p1a: Heatran
|-damage|p1a: Heatran|12/100 tox
|
|-heal|p1a: Heatran|18/100 tox|[from] item: Leftovers
|-damage|p1a: Heatran|0 fnt|[from] psn
|faint|p1a: Heatran
|-end|p2a: Slowbro|Magma Storm|[partiallytrapped]|[silent]
|upkeep
|
|t:|1769395067
|switch|p1a: Kyurem|Kyurem|100/100
|-ability|p1a: Kyurem|Pressure
|turn|5
|
|t:|1769395078
|move|p1a: Kyurem|Dragon Dance|p1a: Kyurem
|-boost|p1a: Kyurem|atk|1
|-boost|p1a: Kyurem|spe|1
|move|p2a: Slowbro|Ice Beam|p1a: Kyurem
|-damage|p1a: Kyurem|71/100
|
|upkeep
|turn|6
|
|t:|1769395091
|switch|p2a: Rotom|Rotom-Mow|100/100
|-damage|p2a: Rotom|88/100|[from] Stealth Rock
|move|p1a: Kyurem|Dragon Dance|p1a: Kyurem
|-boost|p1a: Kyurem|atk|1
|-boost|p1a: Kyurem|spe|1
|
|upkeep
|turn|7
|
|t:|1769395109
|move|p1a: Kyurem|Icicle Spear|p2a: Rotom
|-supereffective|p2a: Rotom
|-damage|p2a: Rotom|8/100
|-supereffective|p2a: Rotom
|-damage|p2a: Rotom|0 fnt
|faint|p2a: Rotom
|-hitcount|p2: Rotom|2
|
|upkeep
|
|t:|1769395121
|switch|p2a: Necrozma|Necrozma, shiny|100/100
|-damage|p2a: Necrozma|88/100|[from] Stealth Rock
|turn|8
|
|t:|1769395132
|move|p1a: Kyurem|Icicle Spear|p2a: Necrozma
|-damage|p2a: Necrozma|64/100
|-damage|p2a: Necrozma|39/100
|-damage|p2a: Necrozma|13/100
|-damage|p2a: Necrozma|0 fnt
|faint|p2a: Necrozma
|-hitcount|p2: Necrozma|4
|
|upkeep
|
|t:|1769395140
|switch|p2a: Haunter|Haunter, M, shiny|100/100
|-damage|p2a: Haunter|88/100|[from] Stealth Rock
|turn|9
|
|t:|1769395149
|-terastallize|p1a: Kyurem|Steel
|move|p1a: Kyurem|Icicle Spear|p2a: Haunter
|-damage|p2a: Haunter|36/100
|-damage|p2a: Haunter|0 fnt
|faint|p2a: Haunter
|-hitcount|p2: Haunter|2
|
|upkeep
|
|t:|1769395157
|switch|p2a: Great Tusk|Great Tusk|100/100
|turn|10
|
|t:|1769395173
|move|p1a: Kyurem|Icicle Spear|p2a: Great Tusk
|-supereffective|p2a: Great Tusk
|-damage|p2a: Great Tusk|62/100
|-supereffective|p2a: Great Tusk
|-damage|p2a: Great Tusk|21/100
|-supereffective|p2a: Great Tusk
|-damage|p2a: Great Tusk|0 fnt
|faint|p2a: Great Tusk
|-end|p2a: Great Tusk|Protosynthesis|[silent]
|-hitcount|p2: Great Tusk|3
|
|upkeep
|
|t:|1769395181
|switch|p2a: Slowbro|Slowbro, M, shiny|91/100
|-damage|p2a: Slowbro|78/100|[from] Stealth Rock
|turn|11
|
|t:|1769395192
|-terastallize|p2a: Slowbro|Fire
|move|p1a: Kyurem|Scale Shot|p2a: Slowbro
|-damage|p2a: Slowbro|55/100
|-damage|p2a: Slowbro|33/100
|-damage|p2a: Slowbro|12/100
|-damage|p2a: Slowbro|0 fnt
|faint|p2a: Slowbro
|-hitcount|p2: Slowbro|4
|
|win|BuffFlareon
|raw|BuffFlareon's rating: 1112 &rarr; <strong>1134</strong><br />(+22 for winning)
|raw|Olive 40's rating: 1073 &rarr; <strong>1054</strong><br />(-19 for losing)
|l|☆Olive 40
|player|p2|
|l|☆BuffFlareon
|player|p1|
