|inactive|Battle timer is ON: inactive players will automatically lose when time's up.
|t:|1769293152
|gametype|singles
|player|p1|LpZ IV|#splxviiclassiest|
|player|p2|akotellete|alder|
|gen|9
|tier|[Gen 9] OU
|rule|HP Percentage Mod: HP is shown in percentages
|rule|Endless Battle Clause: Forcing endless battles is banned
|rule|Species Clause: Limit one of each Pokémon
|rule|OHKO Clause: OHKO moves are banned
|rule|Evasion Items Clause: Evasion items are banned
|rule|Evasion Moves Clause: Evasion moves are banned
|rule|Evasion Abilities Clause: Evasion abilities are banned
|rule|Sleep Moves Clause: Sleep-inducing moves are banned
|clearpoke
|poke|p1|Ogerpon-Wellspring, F|
|poke|p1|Zamazenta-*|
|poke|p1|Ting-Lu|
|poke|p1|Pecharunt|
|poke|p1|Iron Valiant|
|poke|p1|Iron Crown|
|poke|p2|Pecharunt|
|poke|p2|Ting-Lu|
|poke|p2|Gliscor, M|
|poke|p2|Dragonite, M|
|poke|p2|Ogerpon, F|
|poke|p2|Great Tusk|
|teampreview
|inactive|LpZ IV has 270 seconds left.
|inactive|akotellete has 270 seconds left.
|c|☆LpZ IV|hf
|inactive|LpZ IV has 240 seconds left.
|inactive|akotellete has 240 seconds left.
|c|☆akotellete|hf
|inactive|akotellete has 210 seconds left.
|
|t:|1769293266
|teamsize|p1|6
|teamsize|p2|6
|start
|switch|p1a: Ting-Lu|Ting-Lu|100/100
|switch|p2a: Gliscor|Gliscor, M|100/100
|-ability|p1a: Ting-Lu|Vessel of Ruin
|turn|1
|
|t:|1769293275
|move|p2a: Gliscor|Spikes|p1a: Ting-Lu
|-sidestart|p1: LpZ IV|Spikes
|move|p1a: Ting-Lu|Stealth Rock|p2a: Gliscor
|-sidestart|p2: akotellete|move: Stealth Rock
|
|-status|p2a: Gliscor|tox|[from] item: Toxic Orb
|upkeep
|turn|2
|
|t:|1769293278
|move|p2a: Gliscor|Toxic|p1a: Ting-Lu|[miss]
|-miss|p2a: Gliscor|p1a: Ting-Lu
|move|p1a: Ting-Lu|Spikes|p2a: Gliscor
|-sidestart|p2: akotellete|Spikes
|
|upkeep
|turn|3
|
|t:|1769293283
|move|p2a: Gliscor|Knock Off|p1a: Ting-Lu
|-resisted|p1a: Ting-Lu
|-damage|p1a: Ting-Lu|94/100
|-enditem|p1a: Ting-Lu|Red Card|[from] move: Knock Off|[of] p2a: Gliscor
|move|p1a: Ting-Lu|Ruination|p2a: Gliscor
|-damage|p2a: Gliscor|50/100 tox
|
|-heal|p2a: Gliscor|63/100 tox|[from] ability: Poison Heal
|upkeep
|turn|4
|
|t:|1769293287
|move|p2a: Gliscor|Toxic|p1a: Ting-Lu
|-status|p1a: Ting-Lu|tox
|move|p1a: Ting-Lu|Spikes|p2a: Gliscor
|-sidestart|p2: akotellete|Spikes
|
|-heal|p2a: Gliscor|75/100 tox|[from] ability: Poison Heal
|-damage|p1a: Ting-Lu|88/100 tox|[from] psn
|upkeep
|turn|5
|
|t:|1769293290
|move|p2a: Gliscor|Spikes|p1a: Ting-Lu
|-sidestart|p1: LpZ IV|Spikes
|move|p1a: Ting-Lu|Spikes|p2a: Gliscor
|-sidestart|p2: akotellete|Spikes
|
|-heal|p2a: Gliscor|88/100 tox|[from] ability: Poison Heal
|-damage|p1a: Ting-Lu|76/100 tox|[from] psn
|upkeep
|turn|6
|
|t:|1769293293
|move|p2a: Gliscor|Spikes|p1a: Ting-Lu
|-sidestart|p1: LpZ IV|Spikes
|move|p1a: Ting-Lu|Ruination|p2a: Gliscor
|-damage|p2a: Gliscor|44/100 tox
|
|-heal|p2a: Gliscor|57/100 tox|[from] ability: Poison Heal
|-damage|p1a: Ting-Lu|57/100 tox|[from] psn
|upkeep
|turn|7
|
|t:|1769293299
|move|p2a: Gliscor|Knock Off|p1a: Ting-Lu
|-resisted|p1a: Ting-Lu
|-damage|p1a: Ting-Lu|53/100 tox
|move|p1a: Ting-Lu|Whirlwind|p2a: Gliscor
|drag|p2a: Ogerpon|Ogerpon, F|100/100
|-damage|p2a: Ogerpon|88/100|[from] Stealth Rock
|-damage|p2a: Ogerpon|63/100|[from] Spikes
|
|-damage|p1a: Ting-Lu|28/100 tox|[from] psn
|upkeep
|turn|8
|
|t:|1769293307
|move|p2a: Ogerpon|U-turn|p1a: Ting-Lu
|-supereffective|p1a: Ting-Lu
|-damage|p1a: Ting-Lu|0 fnt
|faint|p1a: Ting-Lu
|inactive|akotellete has 270 seconds left.
|
|t:|1769293354
|switch|p2a: Gliscor|Gliscor, M|57/100 tox|[from] U-turn
|-damage|p2a: Gliscor|44/100 tox|[from] Stealth Rock
|
|-heal|p2a: Gliscor|57/100 tox|[from] ability: Poison Heal
|upkeep
|
|t:|1769293364
|switch|p1a: Ogerpon|Ogerpon-Wellspring, F|100/100
|-damage|p1a: Ogerpon|76/100|[from] Spikes
|turn|9
|
|t:|1769293375
|switch|p2a: Pecharunt|Pecharunt|100/100
|move|p1a: Ogerpon|Ivy Cudgel|p2a: Pecharunt|[anim] Ivy Cudgel Water
|-damage|p2a: Pecharunt|72/100
|
|upkeep
|turn|10
|
|t:|1769293383
|switch|p1a: Iron Crown|Iron Crown|100/100
|-damage|p1a: Iron Crown|76/100|[from] Spikes
|-enditem|p1a: Iron Crown|Booster Energy
|-activate|p1a: Iron Crown|ability: Quark Drive|[fromitem]
|-start|p1a: Iron Crown|quarkdrivespe
|move|p2a: Pecharunt|Malignant Chain|p1a: Iron Crown
|-immune|p1a: Iron Crown
|
|upkeep
|turn|11
|inactive|akotellete has 270 seconds left.
|
|t:|1769293400
|switch|p2a: Ting-Lu|Ting-Lu|100/100
|-damage|p2a: Ting-Lu|94/100|[from] Stealth Rock
|-damage|p2a: Ting-Lu|69/100|[from] Spikes
|-ability|p2a: Ting-Lu|Vessel of Ruin
|move|p1a: Iron Crown|Tachyon Cutter|p2a: Ting-Lu
|-damage|p2a: Ting-Lu|60/100
|-damage|p2a: Ting-Lu|50/100
|-hitcount|p2a: Ting-Lu|2
|
|-heal|p2a: Ting-Lu|57/100|[from] item: Leftovers
|upkeep
|turn|12
|
|t:|1769293422
|-end|p1a: Iron Crown|Quark Drive|[silent]
|switch|p1a: Ogerpon|Ogerpon-Wellspring, F|76/100
|-damage|p1a: Ogerpon|51/100|[from] Spikes
|move|p2a: Ting-Lu|Whirlwind|p1a: Ogerpon
|drag|p1a: Iron Valiant|Iron Valiant|100/100
|-damage|p1a: Iron Valiant|76/100|[from] Spikes
|-enditem|p1a: Iron Valiant|Booster Energy
|-activate|p1a: Iron Valiant|ability: Quark Drive|[fromitem]
|-start|p1a: Iron Valiant|quarkdrivespe
|
|-heal|p2a: Ting-Lu|63/100|[from] item: Leftovers
|upkeep
|turn|13
|inactive|akotellete has 270 seconds left.
|
|t:|1769293456
|move|p1a: Iron Valiant|Moonblast|p2a: Ting-Lu
|-supereffective|p2a: Ting-Lu
|-damage|p2a: Ting-Lu|20/100
|-unboost|p2a: Ting-Lu|spa|1
|move|p2a: Ting-Lu|Earthquake|p1a: Iron Valiant
|-damage|p1a: Iron Valiant|25/100
|
|-heal|p2a: Ting-Lu|27/100|[from] item: Leftovers
|upkeep
|turn|14
|inactive|akotellete has 240 seconds left.
|
|t:|1769293475
|move|p1a: Iron Valiant|Moonblast|p2a: Ting-Lu
|-supereffective|p2a: Ting-Lu
|-damage|p2a: Ting-Lu|0 fnt
|faint|p2a: Ting-Lu
|
|upkeep
|inactive|akotellete has 240 seconds left.
|
|t:|1769293482
|switch|p2a: Gliscor|Gliscor, M|57/100 tox
|-damage|p2a: Gliscor|44/100 tox|[from] Stealth Rock
|turn|15
|
|t:|1769293488
|move|p2a: Gliscor|Protect|p2a: Gliscor
|-singleturn|p2a: Gliscor|Protect
|move|p1a: Iron Valiant|Calm Mind|p1a: Iron Valiant
|-boost|p1a: Iron Valiant|spa|1
|-boost|p1a: Iron Valiant|spd|1
|
|-heal|p2a: Gliscor|57/100 tox|[from] ability: Poison Heal
|upkeep
|turn|16
|inactive|akotellete has 240 seconds left.
|
|t:|1769293515
|switch|p2a: Ogerpon|Ogerpon, F|63/100
|-damage|p2a: Ogerpon|51/100|[from] Stealth Rock
|-damage|p2a: Ogerpon|26/100|[from] Spikes
|move|p1a: Iron Valiant|Moonblast|p2a: Ogerpon
|-damage|p2a: Ogerpon|0 fnt
|faint|p2a: Ogerpon
|
|upkeep
|
|t:|1769293521
|switch|p2a: Dragonite|Dragonite, M|100/100
|turn|17
|inactive|akotellete has 240 seconds left.
|
|t:|1769293538
|switch|p2a: Gliscor|Gliscor, M|57/100 tox
|-damage|p2a: Gliscor|44/100 tox|[from] Stealth Rock
|-terastallize|p1a: Iron Valiant|Ghost
|move|p1a: Iron Valiant|Moonblast|p2a: Gliscor
|-damage|p2a: Gliscor|0 fnt
|faint|p2a: Gliscor
|
|upkeep
|
|t:|1769293544
|switch|p2a: Dragonite|Dragonite, M|100/100
|turn|18
|
|t:|1769293550
|move|p1a: Iron Valiant|Moonblast|p2a: Dragonite
|-supereffective|p2a: Dragonite
|-damage|p2a: Dragonite|38/100
|move|p2a: Dragonite|Earthquake|p1a: Iron Valiant
|-damage|p1a: Iron Valiant|0 fnt
|faint|p1a: Iron Valiant
|-end|p1a: Iron Valiant|Quark Drive|[silent]
|
|upkeep
|
|t:|1769293563
|switch|p1a: Iron Crown|Iron Crown|76/100
|-damage|p1a: Iron Crown|51/100|[from] Spikes
|turn|19
|inactive|akotellete has 240 seconds left.
|
|t:|1769293595
|move|p2a: Dragonite|Extreme Speed|p1a: Iron Crown
|-resisted|p1a: Iron Crown
|-damage|p1a: Iron Crown|36/100
|move|p1a: Iron Crown|Tachyon Cutter|p2a: Dragonite
|-damage|p2a: Dragonite|17/100
|-damage|p2a: Dragonite|0 fnt
|faint|p2a: Dragonite
|-hitcount|p2: Dragonite|2
|
|upkeep
|
|t:|1769293597
|switch|p2a: Great Tusk|Great Tusk|100/100
|-damage|p2a: Great Tusk|98/100|[from] Stealth Rock
|-damage|p2a: Great Tusk|73/100|[from] Spikes
|turn|20
|
|t:|1769293606
|-terastallize|p2a: Great Tusk|Ground
|move|p2a: Great Tusk|Headlong Rush|p1a: Iron Crown
|-supereffective|p1a: Iron Crown
|-damage|p1a: Iron Crown|0 fnt
|-unboost|p2a: Great Tusk|def|1
|-unboost|p2a: Great Tusk|spd|1
|faint|p1a: Iron Crown
|-end|p1a: Iron Crown|Quark Drive|[silent]
|
|upkeep
|
|t:|1769293612
|switch|p1a: Pecharunt|Pecharunt|100/100
|-item|p1a: Pecharunt|Air Balloon
|turn|21
|
|t:|1769293616
|-end|p2a: Great Tusk|Protosynthesis|[silent]
|switch|p2a: Pecharunt|Pecharunt|72/100
|move|p1a: Pecharunt|Shadow Ball|p2a: Pecharunt
|-supereffective|p2a: Pecharunt
|-damage|p2a: Pecharunt|25/100
|
|upkeep
|turn|22
|
|t:|1769293619
|move|p1a: Pecharunt|Shadow Ball|p2a: Pecharunt
|-supereffective|p2a: Pecharunt
|-damage|p2a: Pecharunt|0 fnt
|faint|p2a: Pecharunt
|
|upkeep
|
|t:|1769293620
|switch|p2a: Great Tusk|Great Tusk, tera:Ground|73/100
|-damage|p2a: Great Tusk|67/100|[from] Stealth Rock
|-damage|p2a: Great Tusk|42/100|[from] Spikes
|turn|23
|
|t:|1769293622
|move|p2a: Great Tusk|Headlong Rush|p1a: Pecharunt
|-immune|p1a: Pecharunt
|move|p1a: Pecharunt|Shadow Ball|p2a: Great Tusk
|-damage|p2a: Great Tusk|5/100
|
|upkeep
|turn|24
|c|☆akotellete|oh
|c|☆akotellete|gg
|c|☆LpZ IV|ggs
|
|t:|1769293628
|move|p2a: Great Tusk|Headlong Rush|p1a: Pecharunt
|-immune|p1a: Pecharunt
|move|p1a: Pecharunt|Shadow Ball|p2a: Great Tusk
|-damage|p2a: Great Tusk|0 fnt
|faint|p2a: Great Tusk
|-end|p2a: Great Tusk|Protosynthesis|[silent]
|
|win|LpZ IV
