|j|☆ArvenDs
|j|☆Amaterasu1611
|t:|1769366803
|gametype|singles
|player|p1|ArvenDs|acetrainer|1317
|player|p2|Amaterasu1611|1|1260
|gen|9
|tier|[Gen 9] OU
|rated|
|rule|HP Percentage Mod: HP is shown in percentages
|rule|Endless Battle Clause: Forcing endless battles is banned
|rule|Species Clause: Limit one of each Pokémon
|rule|OHKO Clause: OHKO moves are banned
|rule|Evasion Items Clause: Evasion items are banned
|rule|Evasion Moves Clause: Evasion moves are banned
|rule|Evasion Abilities Clause: Evasion abilities are banned
|rule|Sleep Moves Clause: Sleep-inducing moves are banned
|clearpoke
|poke|p1|Gardevoir, M|
|poke|p1|Espeon, F|
|poke|p1|Indeedee, M|
|poke|p1|Grumpig, M|
|poke|p1|Gallade, M|
|poke|p1|Salamence, M|
|poke|p2|Heatran, M|
|poke|p2|Deoxys-Speed|
|poke|p2|Dragapult, F|
|poke|p2|Zapdos|
|poke|p2|Rillaboom, M|
|poke|p2|Hatterene, F|
|teampreview
|
|t:|1769366826
|teamsize|p1|6
|teamsize|p2|6
|start
|switch|p1a: Gardevoir|Gardevoir, M|100/100
|switch|p2a: Deoxys|Deoxys-Speed|100/100
|-ability|p2a: Deoxys|Pressure
|-ability|p1a: Gardevoir|Pressure|Trace|[from] ability: Trace|[of] p2a: Deoxys
|-ability|p1a: Gardevoir|Pressure
|turn|1
|inactive|Battle timer is ON: inactive players will automatically lose when time's up. (requested by Amaterasu1611)
|
|t:|1769366838
|switch|p1a: Espeon|Espeon, F|100/100
|move|p2a: Deoxys|Thunder Wave|p1a: Espeon
|move|p1a: Espeon|Thunder Wave|p2a: Deoxys|[from] ability: Magic Bounce
|-status|p2a: Deoxys|par
|
|upkeep
|turn|2
|
|t:|1769366846
|move|p1a: Espeon|Shadow Ball|p2a: Deoxys
|-supereffective|p2a: Deoxys
|-enditem|p2a: Deoxys|Focus Sash
|-damage|p2a: Deoxys|1/100 par
|-damage|p1a: Espeon|91/100|[from] item: Life Orb
|move|p2a: Deoxys|Knock Off|p1a: Espeon
|-supereffective|p1a: Espeon
|-damage|p1a: Espeon|10/100
|-enditem|p1a: Espeon|Life Orb|[from] move: Knock Off|[of] p2a: Deoxys
|
|upkeep
|turn|3
|
|t:|1769366857
|move|p1a: Espeon|Shadow Ball|p2a: Deoxys
|-supereffective|p2a: Deoxys
|-damage|p2a: Deoxys|0 fnt
|faint|p2a: Deoxys
|
|upkeep
|
|t:|1769366863
|switch|p2a: Heatran|Heatran, M|100/100
|turn|4
|
|t:|1769366869
|move|p1a: Espeon|Power Swap|p2a: Heatran
|-swapboost|p1a: Espeon|p2a: Heatran|atk, spa|[from] move: Power Swap
|move|p2a: Heatran|Earth Power|p1a: Espeon
|-damage|p1a: Espeon|0 fnt
|faint|p1a: Espeon
|
|upkeep
|
|t:|1769366884
|switch|p1a: Grumpig|Grumpig, M|100/100
|turn|5
|
|t:|1769366890
|switch|p2a: Rillaboom|Rillaboom, M|100/100
|-fieldstart|move: Grassy Terrain|[from] ability: Grassy Surge|[of] p2a: Rillaboom
|move|p1a: Grumpig|Calm Mind|p1a: Grumpig
|-boost|p1a: Grumpig|spa|1
|-boost|p1a: Grumpig|spd|1
|
|upkeep
|turn|6
|
|t:|1769366899
|move|p2a: Rillaboom|Knock Off|p1a: Grumpig
|-supereffective|p1a: Grumpig
|-damage|p1a: Grumpig|0 fnt
|-enditem|p1a: Grumpig|Expert Belt|[from] move: Knock Off|[of] p2a: Rillaboom
|faint|p1a: Grumpig
|
|upkeep
|
|t:|1769366902
|switch|p1a: Salamence|Salamence, M|100/100
|turn|7
|
|t:|1769366907
|move|p1a: Salamence|Dragon Dance|p1a: Salamence
|-boost|p1a: Salamence|atk|1
|-boost|p1a: Salamence|spe|1
|move|p2a: Rillaboom|Knock Off|p1a: Salamence
|-damage|p1a: Salamence|29/100
|-enditem|p1a: Salamence|Life Orb|[from] move: Knock Off|[of] p2a: Rillaboom
|
|upkeep
|turn|8
|
|t:|1769366913
|move|p1a: Salamence|Temper Flare|p2a: Rillaboom
|-supereffective|p2a: Rillaboom
|-damage|p2a: Rillaboom|5/100
|move|p2a: Rillaboom|Knock Off|p1a: Salamence
|-damage|p1a: Salamence|0 fnt
|faint|p1a: Salamence
|
|-heal|p2a: Rillaboom|11/100|[from] Grassy Terrain
|upkeep
|-message|ArvenDs forfeited.
|
|win|Amaterasu1611
|raw|ArvenDs's rating: 1317 &rarr; <strong>1294</strong><br />(-23 for losing)
|raw|Amaterasu1611's rating: 1260 &rarr; <strong>1289</strong><br />(+29 for winning)
|l|☆ArvenDs
|player|p1|
|l|☆Amaterasu1611
|player|p2|
