|j|☆Smash BrOUs
|j|☆lirip
|t:|1769307082
|gametype|singles
|player|p1|Smash BrOUs|wallace|1558
|player|p2|lirip|drayden|1486
|gen|9
|tier|[Gen 9] OU
|rated|
|rule|HP Percentage Mod: HP is shown in percentages
|rule|Endless Battle Clause: Forcing endless battles is banned
|rule|Species Clause: Limit one of each Pokémon
|rule|OHKO Clause: OHKO moves are banned
|rule|Evasion Items Clause: Evasion items are banned
|rule|Evasion Moves Clause: Evasion moves are banned
|rule|Evasion Abilities Clause: Evasion abilities are banned
|rule|Sleep Moves Clause: Sleep-inducing moves are banned
|clearpoke
|poke|p1|Torterra, F|
|poke|p1|Polteageist|
|poke|p1|Cloyster, M|
|poke|p1|Minior-Green|
|poke|p1|Blastoise, F|
|poke|p1|Drednaw, M|
|poke|p2|Walking Wake|
|poke|p2|Samurott-Hisui, F|
|poke|p2|Ceruledge, M|
|poke|p2|Ninetales, M|
|poke|p2|Great Tusk|
|poke|p2|Gholdengo|
|teampreview
|inactive|Battle timer is ON: inactive players will automatically lose when time's up. (requested by Smash BrOUs)
|
|t:|1769307100
|teamsize|p1|6
|teamsize|p2|6
|start
|switch|p1a: Little Mac|Torterra, F|100/100
|switch|p2a: Walking Wake|Walking Wake|100/100
|turn|1
|
|t:|1769307111
|move|p2a: Walking Wake|Hydro Steam|p1a: Little Mac
|-damage|p1a: Little Mac|34/100
|move|p1a: Little Mac|Shell Smash|p1a: Little Mac
|-unboost|p1a: Little Mac|def|1
|-unboost|p1a: Little Mac|spd|1
|-boost|p1a: Little Mac|atk|2
|-boost|p1a: Little Mac|spa|2
|-boost|p1a: Little Mac|spe|2
|
|upkeep
|turn|2
|
|t:|1769307117
|-end|p2a: Walking Wake|Protosynthesis|[silent]
|switch|p2a: Ceruledge|Ceruledge, M|100/100
|move|p1a: Little Mac|Bullet Seed|p2a: Ceruledge
|-resisted|p2a: Ceruledge
|-damage|p2a: Ceruledge|86/100
|-resisted|p2a: Ceruledge
|-damage|p2a: Ceruledge|71/100
|-resisted|p2a: Ceruledge
|-damage|p2a: Ceruledge|57/100
|-resisted|p2a: Ceruledge
|-crit|p2a: Ceruledge
|-damage|p2a: Ceruledge|35/100
|-hitcount|p2a: Ceruledge|4
|
|upkeep
|turn|3
|
|t:|1769307121
|move|p2a: Ceruledge|Shadow Sneak|p1a: Little Mac
|-damage|p1a: Little Mac|6/100
|move|p1a: Little Mac|Bullet Seed|p2a: Ceruledge
|-resisted|p2a: Ceruledge
|-damage|p2a: Ceruledge|15/100
|-resisted|p2a: Ceruledge
|-damage|p2a: Ceruledge|0 fnt
|faint|p2a: Ceruledge
|-hitcount|p2: Ceruledge|2
|
|upkeep
|
|t:|1769307123
|switch|p2a: Samurott|Samurott-Hisui, F|100/100
|turn|4
|
|t:|1769307128
|move|p2a: Samurott|Aqua Jet|p1a: Little Mac
|-damage|p1a: Little Mac|0 fnt
|faint|p1a: Little Mac
|
|upkeep
|
|t:|1769307135
|switch|p1a: Dr. Mario|Cloyster, M|100/100
|turn|5
|
|t:|1769307143
|switch|p2a: Ninetales|Ninetales, M, shiny|100/100
|-weather|SunnyDay|[from] ability: Drought|[of] p2a: Ninetales
|move|p1a: Dr. Mario|Shell Smash|p1a: Dr. Mario
|-unboost|p1a: Dr. Mario|def|1
|-unboost|p1a: Dr. Mario|spd|1
|-boost|p1a: Dr. Mario|atk|2
|-boost|p1a: Dr. Mario|spa|2
|-boost|p1a: Dr. Mario|spe|2
|
|-weather|SunnyDay|[upkeep]
|upkeep
|turn|6
|
|t:|1769307154
|move|p1a: Dr. Mario|Liquidation|p2a: Ninetales
|-supereffective|p2a: Ninetales
|-damage|p2a: Ninetales|0 fnt
|faint|p2a: Ninetales
|
|-weather|SunnyDay|[upkeep]
|upkeep
|
|t:|1769307157
|switch|p2a: Glimmering Soul|Gholdengo|100/100
|-item|p2a: Glimmering Soul|Air Balloon
|turn|7
|
|t:|1769307173
|move|p1a: Dr. Mario|Icicle Spear|p2a: Glimmering Soul
|-resisted|p2a: Glimmering Soul
|-damage|p2a: Glimmering Soul|91/100
|-enditem|p2a: Glimmering Soul|Air Balloon
|-resisted|p2a: Glimmering Soul
|-damage|p2a: Glimmering Soul|81/100
|-resisted|p2a: Glimmering Soul
|-damage|p2a: Glimmering Soul|71/100
|-resisted|p2a: Glimmering Soul
|-damage|p2a: Glimmering Soul|62/100
|-resisted|p2a: Glimmering Soul
|-damage|p2a: Glimmering Soul|52/100
|-hitcount|p2a: Glimmering Soul|5
|move|p2a: Glimmering Soul|Shadow Ball|p1a: Dr. Mario
|-enditem|p1a: Dr. Mario|Focus Sash
|-damage|p1a: Dr. Mario|1/100
|
|-weather|SunnyDay|[upkeep]
|upkeep
|turn|8
|
|t:|1769307184
|move|p1a: Dr. Mario|Icicle Spear|p2a: Glimmering Soul
|-resisted|p2a: Glimmering Soul
|-damage|p2a: Glimmering Soul|42/100
|-resisted|p2a: Glimmering Soul
|-damage|p2a: Glimmering Soul|31/100
|-resisted|p2a: Glimmering Soul
|-damage|p2a: Glimmering Soul|22/100
|-resisted|p2a: Glimmering Soul
|-damage|p2a: Glimmering Soul|12/100
|-resisted|p2a: Glimmering Soul
|-damage|p2a: Glimmering Soul|3/100
|-hitcount|p2a: Glimmering Soul|5
|move|p2a: Glimmering Soul|Recover|p2a: Glimmering Soul
|-heal|p2a: Glimmering Soul|53/100
|
|-weather|SunnyDay|[upkeep]
|upkeep
|turn|9
|
|t:|1769307188
|move|p1a: Dr. Mario|Icicle Spear|p2a: Glimmering Soul
|-resisted|p2a: Glimmering Soul
|-damage|p2a: Glimmering Soul|42/100
|-resisted|p2a: Glimmering Soul
|-damage|p2a: Glimmering Soul|33/100
|-resisted|p2a: Glimmering Soul
|-damage|p2a: Glimmering Soul|22/100
|-resisted|p2a: Glimmering Soul
|-damage|p2a: Glimmering Soul|13/100
|-resisted|p2a: Glimmering Soul
|-damage|p2a: Glimmering Soul|4/100
|-hitcount|p2a: Glimmering Soul|5
|move|p2a: Glimmering Soul|Shadow Ball|p1a: Dr. Mario
|-damage|p1a: Dr. Mario|0 fnt
|faint|p1a: Dr. Mario
|
|-weather|SunnyDay|[upkeep]
|upkeep
|
|t:|1769307202
|switch|p1a: Ganondorf|Drednaw, M|100/100
|turn|10
|
|t:|1769307209
|move|p1a: Ganondorf|Shell Smash|p1a: Ganondorf
|-unboost|p1a: Ganondorf|def|1
|-unboost|p1a: Ganondorf|spd|1
|-boost|p1a: Ganondorf|atk|2
|-boost|p1a: Ganondorf|spa|2
|-boost|p1a: Ganondorf|spe|2
|move|p2a: Glimmering Soul|Make It Rain|p1a: Ganondorf
|-enditem|p1a: Ganondorf|Focus Sash
|-damage|p1a: Ganondorf|1/100
|-unboost|p2a: Glimmering Soul|spa|1
|
|-weather|SunnyDay|[upkeep]
|upkeep
|turn|11
|
|t:|1769307215
|move|p1a: Ganondorf|Earthquake|p2a: Glimmering Soul
|-supereffective|p2a: Glimmering Soul
|-damage|p2a: Glimmering Soul|0 fnt
|faint|p2a: Glimmering Soul
|
|-weather|SunnyDay|[upkeep]
|upkeep
|
|t:|1769307219
|switch|p2a: Walking Wake|Walking Wake|100/100
|-activate|p2a: Walking Wake|ability: Protosynthesis
|-start|p2a: Walking Wake|protosynthesisspe
|turn|12
|
|t:|1769307224
|move|p1a: Ganondorf|Earthquake|p2a: Walking Wake
|-damage|p2a: Walking Wake|36/100
|move|p2a: Walking Wake|Flip Turn|p1a: Ganondorf
|-damage|p1a: Ganondorf|0 fnt
|faint|p1a: Ganondorf
|
|t:|1769307229
|-end|p2a: Walking Wake|Protosynthesis|[silent]
|switch|p2a: Samurott|Samurott-Hisui, F|100/100|[from] Flip Turn
|
|-weather|none
|upkeep
|
|t:|1769307234
|switch|p1a: Mr. Game & Watch|Polteageist|100/100
|turn|13
|
|t:|1769307239
|-terastallize|p1a: Mr. Game & Watch|Fighting
|move|p2a: Samurott|Ceaseless Edge|p1a: Mr. Game & Watch
|-resisted|p1a: Mr. Game & Watch
|-damage|p1a: Mr. Game & Watch|41/100
|-ability|p1a: Mr. Game & Watch|Weak Armor|boost
|-unboost|p1a: Mr. Game & Watch|def|1
|-boost|p1a: Mr. Game & Watch|spe|2
|-sidestart|p1: Smash BrOUs|Spikes
|move|p1a: Mr. Game & Watch|Tera Blast|p2a: Samurott|[anim] Tera Blast Fighting
|-supereffective|p2a: Samurott
|-damage|p2a: Samurott|0 fnt
|faint|p2a: Samurott
|
|upkeep
|
|t:|1769307242
|switch|p2a: Great Tusk|Great Tusk|100/100
|turn|14
|
|t:|1769307250
|move|p1a: Mr. Game & Watch|Shadow Ball|p2a: Great Tusk
|-damage|p2a: Great Tusk|54/100
|move|p2a: Great Tusk|Headlong Rush|p1a: Mr. Game & Watch
|-damage|p1a: Mr. Game & Watch|0 fnt
|-unboost|p2a: Great Tusk|def|1
|-unboost|p2a: Great Tusk|spd|1
|faint|p1a: Mr. Game & Watch
|
|upkeep
|
|t:|1769307253
|switch|p1a: King Dedede|Blastoise, F|100/100
|-damage|p1a: King Dedede|88/100|[from] Spikes
|turn|15
|
|t:|1769307262
|-terastallize|p2a: Great Tusk|Ground
|move|p2a: Great Tusk|Headlong Rush|p1a: King Dedede
|-damage|p1a: King Dedede|0 fnt
|-unboost|p2a: Great Tusk|def|1
|-unboost|p2a: Great Tusk|spd|1
|faint|p1a: King Dedede
|
|upkeep
|
|t:|1769307265
|switch|p1a: Wii Fit Trainer|Minior-Green|100/100
|-formechange|p1a: Wii Fit Trainer|Minior-Meteor||[from] ability: Shields Down
|turn|16
|
|t:|1769307273
|move|p2a: Great Tusk|Head Smash|p1a: Wii Fit Trainer
|-supereffective|p1a: Wii Fit Trainer
|-crit|p1a: Wii Fit Trainer
|-enditem|p1a: Wii Fit Trainer|Focus Sash
|-damage|p1a: Wii Fit Trainer|1/100
|-damage|p2a: Great Tusk|19/100|[from] Recoil
|move|p1a: Wii Fit Trainer|Shell Smash|p1a: Wii Fit Trainer
|-unboost|p1a: Wii Fit Trainer|def|1
|-unboost|p1a: Wii Fit Trainer|spd|1
|-boost|p1a: Wii Fit Trainer|atk|2
|-boost|p1a: Wii Fit Trainer|spa|2
|-boost|p1a: Wii Fit Trainer|spe|2
|
|-formechange|p1a: Wii Fit Trainer|Minior-Green||[from] ability: Shields Down
|upkeep
|turn|17
|
|t:|1769307278
|move|p1a: Wii Fit Trainer|Dazzling Gleam|p2a: Great Tusk
|-damage|p2a: Great Tusk|0 fnt
|faint|p2a: Great Tusk
|-end|p2a: Great Tusk|Protosynthesis|[silent]
|
|upkeep
|
|t:|1769307279
|switch|p2a: Walking Wake|Walking Wake|36/100
|turn|18
|c|☆lirip|Ggs
|
|t:|1769307283
|move|p1a: Wii Fit Trainer|Power Gem|p2a: Walking Wake
|-damage|p2a: Walking Wake|0 fnt
|faint|p2a: Walking Wake
|-end|p2a: Walking Wake|Protosynthesis|[silent]
|
|win|Smash BrOUs
|raw|Smash BrOUs's rating: 1558 &rarr; <strong>1574</strong><br />(+16 for winning)
|raw|lirip's rating: 1486 &rarr; <strong>1470</strong><br />(-16 for losing)
|l|☆Smash BrOUs
|player|p1|
|l|☆lirip
|player|p2|
