|j|☆cycyrobotv
|j|☆trippingon
|t:|1769319739
|gametype|singles
|player|p1|cycyrobotv|101|1099
|player|p2|trippingon|rye|1101
|gen|9
|tier|[Gen 9] OU
|rated|
|rule|HP Percentage Mod: HP is shown in percentages
|rule|Endless Battle Clause: Forcing endless battles is banned
|rule|Species Clause: Limit one of each Pokémon
|rule|OHKO Clause: OHKO moves are banned
|rule|Evasion Items Clause: Evasion items are banned
|rule|Evasion Moves Clause: Evasion moves are banned
|rule|Evasion Abilities Clause: Evasion abilities are banned
|rule|Sleep Moves Clause: Sleep-inducing moves are banned
|clearpoke
|poke|p1|Yanmega, M|
|poke|p1|Moltres|
|poke|p1|Hawlucha, F|
|poke|p1|Great Tusk|
|poke|p1|Raging Bolt|
|poke|p1|Lokix, M|
|poke|p2|Scizor, F|
|poke|p2|Ogerpon-Wellspring, F|
|poke|p2|Raging Bolt|
|poke|p2|Pecharunt|
|poke|p2|Landorus-Therian, M|
|poke|p2|Samurott-Hisui, F|
|teampreview
|
|t:|1769319750
|teamsize|p1|6
|teamsize|p2|6
|start
|switch|p1a: ishmeal|Great Tusk|100/100
|switch|p2a: Samurott|Samurott-Hisui, F|100/100
|turn|1
|inactive|Battle timer is ON: inactive players will automatically lose when time's up. (requested by trippingon)
|
|t:|1769319768
|move|p2a: Samurott|Flip Turn|p1a: ishmeal
|-supereffective|p1a: ishmeal
|-damage|p1a: ishmeal|62/100
|
|t:|1769319771
|switch|p2a: Landorus|Landorus-Therian, M|100/100|[from] Flip Turn
|-ability|p2a: Landorus|Intimidate|boost
|-unboost|p1a: ishmeal|atk|1
|move|p1a: ishmeal|Headlong Rush|p2a: Landorus
|-immune|p2a: Landorus
|
|upkeep
|turn|2
|
|t:|1769319776
|switch|p2a: Pecharunt|Pecharunt|100/100
|move|p1a: ishmeal|Ice Spinner|p2a: Pecharunt
|-crit|p2a: Pecharunt
|-damage|p2a: Pecharunt|76/100
|
|upkeep
|turn|3
|
|t:|1769319783
|move|p2a: Pecharunt|Parting Shot|p1a: ishmeal
|-unboost|p1a: ishmeal|atk|1
|-unboost|p1a: ishmeal|spa|1
|
|t:|1769319786
|switch|p2a: Landorus|Landorus-Therian, M|100/100|[from] Parting Shot
|-ability|p2a: Landorus|Intimidate|boost
|-unboost|p1a: ishmeal|atk|1
|move|p1a: ishmeal|Stealth Rock|p2a: Landorus
|-sidestart|p2: trippingon|move: Stealth Rock
|
|upkeep
|turn|4
|
|t:|1769319813
|-end|p1a: ishmeal|Protosynthesis|[silent]
|switch|p1a: new guy|Hawlucha, F|100/100
|move|p2a: Landorus|Stealth Rock|p1a: new guy
|-sidestart|p1: cycyrobotv|move: Stealth Rock
|
|upkeep
|turn|5
|
|t:|1769319819
|move|p1a: new guy|Brave Bird|p2a: Landorus
|-damage|p2a: Landorus|45/100
|-damage|p1a: new guy|84/100|[from] item: Rocky Helmet|[of] p2a: Landorus
|-damage|p1a: new guy|60/100|[from] Recoil
|move|p2a: Landorus|U-turn|p1a: new guy
|-resisted|p1a: new guy
|-damage|p1a: new guy|52/100
|
|t:|1769319832
|switch|p2a: Samurott|Samurott-Hisui, F|100/100|[from] U-turn
|-damage|p2a: Samurott|88/100|[from] Stealth Rock
|
|upkeep
|turn|6
|
|t:|1769319844
|move|p2a: Samurott|Flip Turn|p1a: new guy
|-damage|p1a: new guy|15/100
|
|t:|1769319848
|switch|p2a: Landorus|Landorus-Therian, M|45/100|[from] Flip Turn
|-damage|p2a: Landorus|32/100|[from] Stealth Rock
|-ability|p2a: Landorus|Intimidate|boost
|-unboost|p1a: new guy|atk|1
|-enditem|p1a: new guy|White Herb
|-clearnegativeboost|p1a: new guy|[silent]
|move|p1a: new guy|Close Combat|p2a: Landorus
|-resisted|p2a: Landorus
|-crit|p2a: Landorus
|-damage|p2a: Landorus|0 fnt
|-unboost|p1a: new guy|def|1
|-unboost|p1a: new guy|spd|1
|-damage|p1a: new guy|0 fnt|[from] item: Rocky Helmet|[of] p2a: Landorus
|faint|p2a: Landorus
|faint|p1a: new guy
|
|upkeep
|
|t:|1769319855
|switch|p1a: ishmeal|Great Tusk|62/100
|switch|p2a: Ogerpon|Ogerpon-Wellspring, F|100/100
|-damage|p2a: Ogerpon|88/100|[from] Stealth Rock
|turn|7
|
|t:|1769319860
|-terastallize|p1a: ishmeal|Steel
|move|p2a: Ogerpon|Ivy Cudgel|p1a: ishmeal|[anim] Ivy Cudgel Water
|-damage|p1a: ishmeal|13/100
|move|p1a: ishmeal|Rapid Spin|p2a: Ogerpon
|-damage|p2a: Ogerpon|65/100
|-boost|p1a: ishmeal|spe|1
|-sideend|p1: cycyrobotv|Stealth Rock|[from] move: Rapid Spin|[of] p1a: ishmeal
|
|upkeep
|turn|8
|
|t:|1769319864
|move|p1a: ishmeal|Headlong Rush|p2a: Ogerpon
|-resisted|p2a: Ogerpon
|-damage|p2a: Ogerpon|22/100
|-unboost|p1a: ishmeal|def|1
|-unboost|p1a: ishmeal|spd|1
|move|p2a: Ogerpon|Ivy Cudgel|p1a: ishmeal|[anim] Ivy Cudgel Water
|-damage|p1a: ishmeal|0 fnt
|faint|p1a: ishmeal
|-end|p1a: ishmeal|Protosynthesis|[silent]
|
|upkeep
|
|t:|1769319868
|switch|p1a: call it|Raging Bolt|100/100
|-enditem|p1a: call it|Booster Energy
|-activate|p1a: call it|ability: Protosynthesis|[fromitem]
|-start|p1a: call it|protosynthesisspa
|turn|9
|
|t:|1769319880
|switch|p2a: Scizor|Scizor, F|100/100
|-damage|p2a: Scizor|88/100|[from] Stealth Rock
|move|p1a: call it|Calm Mind|p1a: call it
|-boost|p1a: call it|spa|1
|-boost|p1a: call it|spd|1
|
|upkeep
|turn|10
|
|t:|1769319883
|move|p2a: Scizor|U-turn|p1a: call it
|-damage|p1a: call it|54/100
|
|t:|1769319888
|switch|p2a: Samurott|Samurott-Hisui, F|88/100|[from] U-turn
|-damage|p2a: Samurott|76/100|[from] Stealth Rock
|move|p1a: call it|Thunderbolt|p2a: Samurott
|-supereffective|p2a: Samurott
|-damage|p2a: Samurott|0 fnt
|faint|p2a: Samurott
|
|upkeep
|
|t:|1769319889
|switch|p2a: Raging Bolt|Raging Bolt|100/100
|turn|11
|
|t:|1769319895
|move|p2a: Raging Bolt|Draco Meteor|p1a: call it
|-supereffective|p1a: call it
|-damage|p1a: call it|0 fnt
|-unboost|p2a: Raging Bolt|spa|2
|faint|p1a: call it
|-end|p1a: call it|Protosynthesis|[silent]
|
|upkeep
|
|t:|1769319899
|switch|p1a: the GOAT|Yanmega, M, shiny|100/100
|turn|12
|
|t:|1769319902
|move|p1a: the GOAT|Protect|p1a: the GOAT
|-singleturn|p1a: the GOAT|Protect
|move|p2a: Raging Bolt|Volt Switch|p1a: the GOAT
|-activate|p1a: the GOAT|move: Protect
|
|-ability|p1a: the GOAT|Speed Boost|boost
|-boost|p1a: the GOAT|spe|1
|upkeep
|turn|13
|
|t:|1769319908
|move|p1a: the GOAT|Bug Buzz|p2a: Raging Bolt
|-damage|p2a: Raging Bolt|44/100
|-damage|p1a: the GOAT|91/100|[from] item: Life Orb
|move|p2a: Raging Bolt|Volt Switch|p1a: the GOAT
|-supereffective|p1a: the GOAT
|-damage|p1a: the GOAT|25/100
|
|t:|1769319911
|-end|p2a: Raging Bolt|Protosynthesis|[silent]
|switch|p2a: Scizor|Scizor, F|88/100|[from] Volt Switch
|-damage|p2a: Scizor|76/100|[from] Stealth Rock
|
|-ability|p1a: the GOAT|Speed Boost|boost
|-boost|p1a: the GOAT|spe|1
|upkeep
|turn|14
|
|t:|1769319915
|move|p1a: the GOAT|Protect|p1a: the GOAT
|-singleturn|p1a: the GOAT|Protect
|move|p2a: Scizor|Bullet Punch|p1a: the GOAT
|-activate|p1a: the GOAT|move: Protect
|
|-ability|p1a: the GOAT|Speed Boost|boost
|-boost|p1a: the GOAT|spe|1
|upkeep
|turn|15
|
|t:|1769319918
|switch|p1a: Moltres|Moltres|100/100
|move|p2a: Scizor|Bullet Punch|p1a: Moltres
|-resisted|p1a: Moltres
|-damage|p1a: Moltres|78/100
|-status|p2a: Scizor|brn|[from] ability: Flame Body|[of] p1a: Moltres
|
|-damage|p2a: Scizor|70/100 brn|[from] brn
|upkeep
|turn|16
|
|t:|1769319922
|switch|p2a: Ogerpon|Ogerpon-Wellspring, F|22/100
|-damage|p2a: Ogerpon|10/100|[from] Stealth Rock
|move|p1a: Moltres|U-turn|p2a: Ogerpon
|-supereffective|p2a: Ogerpon
|-damage|p2a: Ogerpon|0 fnt
|faint|p2a: Ogerpon
|
|t:|1769319929
|switch|p1a: the GOAT|Yanmega, M, shiny|25/100|[from] U-turn
|
|upkeep
|
|t:|1769319931
|switch|p2a: Scizor|Scizor, F|70/100 brn
|-damage|p2a: Scizor|58/100 brn|[from] Stealth Rock
|turn|17
|
|t:|1769319934
|move|p1a: the GOAT|Tera Blast|p2a: Scizor
|-resisted|p2a: Scizor
|-damage|p2a: Scizor|32/100 brn
|-damage|p1a: the GOAT|15/100|[from] item: Life Orb
|move|p2a: Scizor|U-turn|p1a: the GOAT
|-resisted|p1a: the GOAT
|-damage|p1a: the GOAT|0 fnt
|faint|p1a: the GOAT
|
|t:|1769319937
|switch|p2a: Raging Bolt|Raging Bolt|44/100|[from] U-turn
|
|upkeep
|
|t:|1769319942
|switch|p1a: the dark knight|Lokix, M|100/100
|turn|18
|
|t:|1769319945
|-end|p2a: Raging Bolt|Protosynthesis|[silent]
|switch|p2a: Pecharunt|Pecharunt|76/100
|move|p1a: the dark knight|First Impression|p2a: Pecharunt
|-resisted|p2a: Pecharunt
|-damage|p2a: Pecharunt|62/100
|-damage|p1a: the dark knight|91/100|[from] item: Life Orb
|
|upkeep
|turn|19
|
|t:|1769319948
|move|p1a: the dark knight|Knock Off|p2a: Pecharunt
|-supereffective|p2a: Pecharunt
|-damage|p2a: Pecharunt|0 fnt
|-enditem|p2a: Pecharunt|Heavy-Duty Boots|[from] move: Knock Off|[of] p1a: the dark knight
|faint|p2a: Pecharunt
|-damage|p1a: the dark knight|81/100|[from] item: Life Orb
|
|upkeep
|
|t:|1769319955
|switch|p2a: Scizor|Scizor, F|32/100 brn
|-damage|p2a: Scizor|20/100 brn|[from] Stealth Rock
|turn|20
|
|t:|1769319958
|move|p2a: Scizor|Bullet Punch|p1a: the dark knight
|-damage|p1a: the dark knight|40/100
|move|p1a: the dark knight|U-turn|p2a: Scizor
|-resisted|p2a: Scizor
|-damage|p2a: Scizor|0 fnt
|faint|p2a: Scizor
|-damage|p1a: the dark knight|30/100|[from] item: Life Orb
|
|t:|1769319961
|switch|p1a: Moltres|Moltres|78/100|[from] U-turn
|
|upkeep
|
|t:|1769319964
|switch|p2a: Raging Bolt|Raging Bolt|44/100
|turn|21
|
|t:|1769319968
|move|p2a: Raging Bolt|Discharge|p1a: Moltres
|-supereffective|p1a: Moltres
|-damage|p1a: Moltres|0 fnt
|faint|p1a: Moltres
|
|upkeep
|
|t:|1769319971
|switch|p1a: the dark knight|Lokix, M|30/100
|turn|22
|
|t:|1769319979
|-terastallize|p2a: Raging Bolt|Ghost
|move|p1a: the dark knight|First Impression|p2a: Raging Bolt
|-resisted|p2a: Raging Bolt
|-damage|p2a: Raging Bolt|0 fnt
|faint|p2a: Raging Bolt
|-end|p2a: Raging Bolt|Protosynthesis|[silent]
|-damage|p1a: the dark knight|20/100|[from] item: Life Orb
|
|win|cycyrobotv
|raw|cycyrobotv's rating: 1099 &rarr; <strong>1124</strong><br />(+25 for winning)
|raw|trippingon's rating: 1101 &rarr; <strong>1076</strong><br />(-25 for losing)
|l|☆trippingon
|player|p2|
|l|☆cycyrobotv
|player|p1|
