|j|☆Red the pikamon
|j|☆pixel_dragon9
|t:|1769417149
|gametype|singles
|player|p1|Red the pikamon|red|1037
|player|p2|pixel_dragon9|2|1068
|gen|9
|tier|[Gen 9] OU
|rated|
|rule|HP Percentage Mod: HP is shown in percentages
|rule|Endless Battle Clause: Forcing endless battles is banned
|rule|Species Clause: Limit one of each Pokémon
|rule|OHKO Clause: OHKO moves are banned
|rule|Evasion Items Clause: Evasion items are banned
|rule|Evasion Moves Clause: Evasion moves are banned
|rule|Evasion Abilities Clause: Evasion abilities are banned
|rule|Sleep Moves Clause: Sleep-inducing moves are banned
|clearpoke
|poke|p1|Pikachu, M|
|poke|p1|Charizard, M|
|poke|p1|Venusaur, F|
|poke|p1|Blastoise, M|
|poke|p1|Snorlax, M|
|poke|p1|Lapras, M|
|poke|p2|Deoxys-Speed|
|poke|p2|Dragapult, F|
|poke|p2|Gholdengo|
|poke|p2|Great Tusk|
|poke|p2|Kingambit, F|
|poke|p2|Ogerpon-Wellspring, F|
|teampreview
|inactive|Battle timer is ON: inactive players will automatically lose when time's up. (requested by pixel_dragon9)
|
|t:|1769417153
|teamsize|p1|6
|teamsize|p2|6
|start
|switch|p1a: Pikachu|Pikachu, M, shiny|100/100
|switch|p2a: Deoxys|Deoxys-Speed|100/100
|-ability|p2a: Deoxys|Pressure
|turn|1
|
|t:|1769417159
|move|p1a: Pikachu|Fake Out|p2a: Deoxys
|-damage|p2a: Deoxys|81/100
|cant|p2a: Deoxys|flinch
|
|upkeep
|turn|2
|
|t:|1769417171
|switch|p1a: Snorlax|Snorlax, M, shiny|100/100
|move|p2a: Deoxys|Stealth Rock|p1a: Snorlax
|-sidestart|p1: Red the pikamon|move: Stealth Rock
|
|upkeep
|turn|3
|
|t:|1769417176
|move|p2a: Deoxys|Taunt|p1a: Snorlax
|-start|p1a: Snorlax|move: Taunt
|move|p1a: Snorlax|Body Slam|p2a: Deoxys
|-damage|p2a: Deoxys|39/100
|
|upkeep
|turn|4
|
|t:|1769417181
|move|p2a: Deoxys|Spikes|p1a: Snorlax
|-sidestart|p1: Red the pikamon|Spikes
|move|p1a: Snorlax|Body Slam|p2a: Deoxys
|-damage|p2a: Deoxys|0 fnt
|faint|p2a: Deoxys
|
|upkeep
|
|t:|1769417190
|switch|p2a: Gholdengo|Gholdengo|100/100
|turn|5
|
|t:|1769417200
|switch|p1a: Lapras|Lapras, M|100/100
|move|p2a: Gholdengo|Trick|p1a: Lapras
|-activate|p2a: Gholdengo|move: Trick|[of] p1a: Lapras
|-item|p1a: Lapras|Choice Scarf|[from] move: Trick
|-item|p2a: Gholdengo|Heavy-Duty Boots|[from] move: Trick
|
|upkeep
|turn|6
|
|t:|1769417211
|move|p2a: Gholdengo|Focus Blast|p1a: Lapras
|-supereffective|p1a: Lapras
|-damage|p1a: Lapras|24/100
|move|p1a: Lapras|Freeze-Dry|p2a: Gholdengo
|-resisted|p2a: Gholdengo
|-damage|p2a: Gholdengo|85/100
|
|upkeep
|turn|7
|
|t:|1769417220
|switch|p1a: Charizard|Charizard, M, shiny|100/100
|move|p2a: Gholdengo|Shadow Ball|p1a: Charizard
|-damage|p1a: Charizard|41/100
|
|upkeep
|turn|8
|
|t:|1769417227
|switch|p2a: Ogerpon|Ogerpon-Wellspring, F|100/100
|move|p1a: Charizard|Will-O-Wisp|p2a: Ogerpon
|-status|p2a: Ogerpon|brn
|
|-damage|p2a: Ogerpon|95/100 brn|[from] brn
|upkeep
|turn|9
|
|t:|1769417235
|switch|p1a: Venusaur|Venusaur, F, shiny|100/100
|-damage|p1a: Venusaur|88/100|[from] Stealth Rock
|-damage|p1a: Venusaur|76/100|[from] Spikes
|move|p2a: Ogerpon|Ivy Cudgel|p1a: Venusaur|[anim] Ivy Cudgel Water
|-resisted|p1a: Venusaur
|-damage|p1a: Venusaur|65/100
|
|-heal|p1a: Venusaur|71/100|[from] item: Black Sludge
|-damage|p2a: Ogerpon|89/100 brn|[from] brn
|upkeep
|turn|10
|
|t:|1769417245
|move|p2a: Ogerpon|U-turn|p1a: Venusaur
|-damage|p1a: Venusaur|61/100
|
|t:|1769417248
|switch|p2a: Gholdengo|Gholdengo|85/100|[from] U-turn
|move|p1a: Venusaur|Leech Seed|p2a: Gholdengo
|-immune|p2a: Gholdengo|[from] ability: Good as Gold
|
|-heal|p1a: Venusaur|67/100|[from] item: Black Sludge
|upkeep
|turn|11
|
|t:|1769417256
|switch|p1a: Blastoise|Blastoise, M, shiny|100/100
|-damage|p1a: Blastoise|88/100|[from] Stealth Rock
|-damage|p1a: Blastoise|76/100|[from] Spikes
|move|p2a: Gholdengo|Shadow Ball|p1a: Blastoise
|-damage|p1a: Blastoise|28/100
|
|upkeep
|turn|12
|
|t:|1769417265
|move|p2a: Gholdengo|Shadow Ball|p1a: Blastoise
|-damage|p1a: Blastoise|0 fnt
|faint|p1a: Blastoise
|
|upkeep
|-message|Red the pikamon forfeited.
|
|win|pixel_dragon9
|raw|Red the pikamon's rating: 1037 &rarr; <strong>1023</strong><br />(-14 for losing)
|raw|pixel_dragon9's rating: 1068 &rarr; <strong>1095</strong><br />(+27 for winning)
|l|☆Red the pikamon
|player|p1|
