|j|☆znquanuo
|j|☆BIG EURO
|t:|1769355982
|gametype|singles
|player|p1|znquanuo|ingo|1425
|player|p2|BIG EURO|gardenia|1414
|gen|9
|tier|[Gen 9] OU
|rated|
|rule|HP Percentage Mod: HP is shown in percentages
|rule|Endless Battle Clause: Forcing endless battles is banned
|rule|Species Clause: Limit one of each Pokémon
|rule|OHKO Clause: OHKO moves are banned
|rule|Evasion Items Clause: Evasion items are banned
|rule|Evasion Moves Clause: Evasion moves are banned
|rule|Evasion Abilities Clause: Evasion abilities are banned
|rule|Sleep Moves Clause: Sleep-inducing moves are banned
|clearpoke
|poke|p1|Rillaboom, M|
|poke|p1|Okidogi, M|
|poke|p1|Zamazenta-*|
|poke|p1|Iron Treads|
|poke|p1|Clefable, F|
|poke|p1|Walking Wake|
|poke|p2|Rillaboom, M|
|poke|p2|Breloom, M|
|poke|p2|Ogerpon-Wellspring, F|
|poke|p2|Moltres-Galar|
|poke|p2|Deoxys-Speed|
|poke|p2|Enamorus, F|
|teampreview
|
|t:|1769356011
|teamsize|p1|6
|teamsize|p2|6
|start
|switch|p1a: Walking Wake|Walking Wake|100/100
|switch|p2a: Moltres|Moltres-Galar|100/100
|turn|1
|
|t:|1769356023
|move|p1a: Walking Wake|Surf|p2a: Moltres
|-damage|p2a: Moltres|44/100
|-ability|p2a: Moltres|Berserk|boost
|-boost|p2a: Moltres|spa|1
|-enditem|p2a: Moltres|Sitrus Berry|[eat]
|-heal|p2a: Moltres|69/100|[from] item: Sitrus Berry
|move|p2a: Moltres|Agility|p2a: Moltres
|-boost|p2a: Moltres|spe|2
|
|upkeep
|turn|2
|
|t:|1769356032
|move|p2a: Moltres|Fiery Wrath|p1a: Walking Wake
|-crit|p1a: Walking Wake
|-damage|p1a: Walking Wake|0 fnt
|faint|p1a: Walking Wake
|-end|p1a: Walking Wake|Protosynthesis|[silent]
|
|upkeep
|inactive|Battle timer is ON: inactive players will automatically lose when time's up. (requested by BIG EURO)
|
|t:|1769356041
|switch|p1a: Clefable|Clefable, F|100/100
|turn|3
|
|t:|1769356053
|move|p2a: Moltres|Air Slash|p1a: Clefable
|-damage|p1a: Clefable|53/100
|move|p1a: Clefable|Moonblast|p2a: Moltres
|-supereffective|p2a: Moltres
|-damage|p2a: Moltres|17/100
|-ability|p2a: Moltres|Berserk|boost
|-boost|p2a: Moltres|spa|1
|
|-heal|p1a: Clefable|59/100|[from] item: Leftovers
|upkeep
|turn|4
|
|t:|1769356063
|move|p2a: Moltres|Air Slash|p1a: Clefable
|-damage|p1a: Clefable|0 fnt
|faint|p1a: Clefable
|
|upkeep
|
|t:|1769356068
|switch|p1a: Rillaboom|Rillaboom, M|100/100
|-fieldstart|move: Grassy Terrain|[from] ability: Grassy Surge|[of] p1a: Rillaboom
|turn|5
|
|t:|1769356088
|switch|p2a: Enamorus|Enamorus, F|100/100
|-terastallize|p1a: Rillaboom|Grass
|move|p1a: Rillaboom|Grassy Glide|p2a: Enamorus
|-resisted|p2a: Enamorus
|-crit|p2a: Enamorus
|-damage|p2a: Enamorus|26/100
|
|upkeep
|turn|6
|
|t:|1769356103
|switch|p2a: Rillaboom|Rillaboom, M|100/100
|move|p1a: Rillaboom|Grassy Glide|p2a: Rillaboom
|-resisted|p2a: Rillaboom
|-damage|p2a: Rillaboom|72/100
|
|-heal|p2a: Rillaboom|79/100|[from] Grassy Terrain
|upkeep
|turn|7
|
|t:|1769356112
|switch|p1a: Okidogi|Okidogi, M|100/100
|move|p2a: Rillaboom|U-turn|p1a: Okidogi
|-resisted|p1a: Okidogi
|-damage|p1a: Okidogi|96/100
|
|t:|1769356129
|switch|p2a: Moltres|Moltres-Galar|17/100|[from] U-turn
|
|-heal|p1a: Okidogi|100/100|[from] Grassy Terrain
|upkeep
|turn|8
|
|t:|1769356136
|move|p2a: Moltres|Air Slash|p1a: Okidogi
|-supereffective|p1a: Okidogi
|-damage|p1a: Okidogi|40/100
|cant|p1a: Okidogi|flinch
|
|-heal|p1a: Okidogi|46/100|[from] Grassy Terrain
|-heal|p1a: Okidogi|52/100|[from] item: Leftovers
|upkeep
|turn|9
|
|t:|1769356145
|switch|p1a: Iron Treads|Iron Treads|100/100
|move|p2a: Moltres|Fiery Wrath|p1a: Iron Treads
|-damage|p1a: Iron Treads|50/100
|
|-heal|p1a: Iron Treads|56/100|[from] Grassy Terrain
|-heal|p1a: Iron Treads|62/100|[from] item: Leftovers
|upkeep
|turn|10
|
|t:|1769356154
|move|p1a: Iron Treads|Knock Off|p2a: Moltres
|-resisted|p2a: Moltres
|-damage|p2a: Moltres|7/100
|move|p2a: Moltres|Fiery Wrath|p1a: Iron Treads
|-damage|p1a: Iron Treads|18/100
|
|-heal|p1a: Iron Treads|24/100|[from] Grassy Terrain
|-heal|p1a: Iron Treads|30/100|[from] item: Leftovers
|upkeep
|turn|11
|
|t:|1769356159
|move|p1a: Iron Treads|Knock Off|p2a: Moltres
|-resisted|p2a: Moltres
|-damage|p2a: Moltres|0 fnt
|faint|p2a: Moltres
|
|-heal|p1a: Iron Treads|36/100|[from] Grassy Terrain
|-heal|p1a: Iron Treads|42/100|[from] item: Leftovers
|upkeep
|
|t:|1769356167
|switch|p2a: Ogerpon|Ogerpon-Wellspring, F|100/100
|turn|12
|
|t:|1769356175
|move|p2a: Ogerpon|Ivy Cudgel|p1a: Iron Treads|[anim] Ivy Cudgel Water
|-supereffective|p1a: Iron Treads
|-damage|p1a: Iron Treads|0 fnt
|faint|p1a: Iron Treads
|-end|p1a: Iron Treads|Quark Drive|[silent]
|
|-fieldend|move: Grassy Terrain
|upkeep
|
|t:|1769356180
|switch|p1a: Rillaboom|Rillaboom, M, tera:Grass|100/100
|-fieldstart|move: Grassy Terrain|[from] ability: Grassy Surge|[of] p1a: Rillaboom
|turn|13
|
|t:|1769356188
|switch|p2a: Rillaboom|Rillaboom, M|79/100
|move|p1a: Rillaboom|Grassy Glide|p2a: Rillaboom
|-resisted|p2a: Rillaboom
|-damage|p2a: Rillaboom|52/100
|
|-heal|p2a: Rillaboom|58/100|[from] Grassy Terrain
|upkeep
|turn|14
|
|t:|1769356199
|switch|p1a: Okidogi|Okidogi, M|52/100
|move|p2a: Rillaboom|Swords Dance|p2a: Rillaboom
|-boost|p2a: Rillaboom|atk|2
|
|-heal|p2a: Rillaboom|64/100|[from] Grassy Terrain
|-heal|p1a: Okidogi|58/100|[from] Grassy Terrain
|-heal|p1a: Okidogi|64/100|[from] item: Leftovers
|upkeep
|turn|15
|
|t:|1769356204
|move|p2a: Rillaboom|High Horsepower|p1a: Okidogi
|-supereffective|p1a: Okidogi
|-damage|p1a: Okidogi|0 fnt
|faint|p1a: Okidogi
|
|-heal|p2a: Rillaboom|71/100|[from] Grassy Terrain
|upkeep
|
|t:|1769356217
|switch|p1a: Zamazenta|Zamazenta|100/100
|-ability|p1a: Zamazenta|Dauntless Shield|boost
|-boost|p1a: Zamazenta|def|1
|turn|16
|
|t:|1769356224
|move|p1a: Zamazenta|Iron Defense|p1a: Zamazenta
|-boost|p1a: Zamazenta|def|2
|move|p2a: Rillaboom|U-turn|p1a: Zamazenta
|-resisted|p1a: Zamazenta
|-damage|p1a: Zamazenta|93/100
|
|t:|1769356228
|switch|p2a: Enamorus|Enamorus, F|26/100|[from] U-turn
|
|-heal|p1a: Zamazenta|99/100|[from] Grassy Terrain
|-heal|p1a: Zamazenta|100/100|[from] item: Leftovers
|upkeep
|turn|17
|
|t:|1769356238
|move|p2a: Enamorus|Moonblast|p1a: Zamazenta
|-supereffective|p1a: Zamazenta
|-damage|p1a: Zamazenta|11/100
|move|p1a: Zamazenta|Body Press|p2a: Enamorus
|-resisted|p2a: Enamorus
|-damage|p2a: Enamorus|0 fnt
|faint|p2a: Enamorus
|
|-heal|p1a: Zamazenta|17/100|[from] Grassy Terrain
|-heal|p1a: Zamazenta|24/100|[from] item: Leftovers
|upkeep
|
|t:|1769356255
|switch|p2a: Deoxys|Deoxys-Speed|100/100
|-ability|p2a: Deoxys|Pressure
|turn|18
|
|t:|1769356262
|move|p2a: Deoxys|Thunderbolt|p1a: Zamazenta
|-damage|p1a: Zamazenta|1/100
|move|p1a: Zamazenta|Crunch|p2a: Deoxys
|-supereffective|p2a: Deoxys
|-damage|p2a: Deoxys|30/100
|
|-heal|p2a: Deoxys|36/100|[from] Grassy Terrain
|-heal|p1a: Zamazenta|7/100|[from] Grassy Terrain
|-heal|p1a: Zamazenta|13/100|[from] item: Leftovers
|upkeep
|turn|19
|
|t:|1769356271
|move|p2a: Deoxys|Ice Beam|p1a: Zamazenta
|-damage|p1a: Zamazenta|0 fnt
|faint|p1a: Zamazenta
|
|-heal|p2a: Deoxys|42/100|[from] Grassy Terrain
|upkeep
|
|t:|1769356274
|switch|p1a: Rillaboom|Rillaboom, M, tera:Grass|100/100
|turn|20
|
|t:|1769356277
|move|p1a: Rillaboom|Grassy Glide|p2a: Deoxys
|-damage|p2a: Deoxys|0 fnt
|faint|p2a: Deoxys
|
|-fieldend|move: Grassy Terrain
|upkeep
|
|t:|1769356289
|switch|p2a: Breloom|Breloom, M|100/100
|turn|21
|
|t:|1769356298
|move|p2a: Breloom|Force Palm|p1a: Rillaboom
|-damage|p1a: Rillaboom|52/100
|move|p1a: Rillaboom|Swords Dance|p1a: Rillaboom
|-boost|p1a: Rillaboom|atk|2
|
|upkeep
|turn|22
|
|t:|1769356305
|move|p2a: Breloom|Mach Punch|p1a: Rillaboom
|-damage|p1a: Rillaboom|24/100
|move|p1a: Rillaboom|Wood Hammer|p2a: Breloom
|-resisted|p2a: Breloom
|-damage|p2a: Breloom|0 fnt
|faint|p2a: Breloom
|-damage|p1a: Rillaboom|2/100|[from] Recoil
|
|upkeep
|
|t:|1769356317
|switch|p2a: Rillaboom|Rillaboom, M|71/100
|-fieldstart|move: Grassy Terrain|[from] ability: Grassy Surge|[of] p2a: Rillaboom
|turn|23
|
|t:|1769356328
|move|p2a: Rillaboom|Grassy Glide|p1a: Rillaboom
|-resisted|p1a: Rillaboom
|-damage|p1a: Rillaboom|0 fnt
|faint|p1a: Rillaboom
|
|win|BIG EURO
|raw|znquanuo's rating: 1425 &rarr; <strong>1404</strong><br />(-21 for losing)
|raw|BIG EURO's rating: 1414 &rarr; <strong>1435</strong><br />(+21 for winning)
|l|☆BIG EURO
|player|p2|
|l|☆znquanuo
|player|p1|
