|j|☆Orange_Blue_10
|j|☆Pablofromportluis
|t:|1769323079
|gametype|singles
|player|p1|Orange_Blue_10|lance|1260
|player|p2|Pablofromportluis|blackbelt-gen4dp|1282
|gen|9
|tier|[Gen 9] OU
|rated|
|rule|HP Percentage Mod: HP is shown in percentages
|rule|Endless Battle Clause: Forcing endless battles is banned
|rule|Species Clause: Limit one of each Pokémon
|rule|OHKO Clause: OHKO moves are banned
|rule|Evasion Items Clause: Evasion items are banned
|rule|Evasion Moves Clause: Evasion moves are banned
|rule|Evasion Abilities Clause: Evasion abilities are banned
|rule|Sleep Moves Clause: Sleep-inducing moves are banned
|clearpoke
|poke|p1|Charizard, M|
|poke|p1|Walking Wake|
|poke|p1|Torkoal, M|
|poke|p1|Raging Bolt|
|poke|p1|Great Tusk|
|poke|p1|Lilligant-Hisui, F|
|poke|p2|Rillaboom, F|
|poke|p2|Raging Bolt|
|poke|p2|Moltres|
|poke|p2|Slowking-Galar, M|
|poke|p2|Great Tusk|
|poke|p2|Primarina, F|
|teampreview
|inactive|Battle timer is ON: inactive players will automatically lose when time's up. (requested by Orange_Blue_10)
|
|t:|1769323102
|teamsize|p1|6
|teamsize|p2|6
|start
|switch|p1a: Great Tusk|Great Tusk|100/100
|switch|p2a: Primarina|Primarina, F|100/100
|turn|1
|
|t:|1769323111
|-end|p1a: Great Tusk|Protosynthesis|[silent]
|switch|p1a: Torkoal|Torkoal, M|100/100
|-weather|SunnyDay|[from] ability: Drought|[of] p1a: Torkoal
|move|p2a: Primarina|Substitute|p2a: Primarina
|-start|p2a: Primarina|Substitute
|-damage|p2a: Primarina|76/100
|
|-weather|SunnyDay|[upkeep]
|-heal|p2a: Primarina|82/100|[from] item: Leftovers
|upkeep
|turn|2
|
|t:|1769323121
|switch|p1a: Raging Bolt|Raging Bolt|100/100
|-activate|p1a: Raging Bolt|ability: Protosynthesis
|-start|p1a: Raging Bolt|protosynthesisspa
|move|p2a: Primarina|Calm Mind|p2a: Primarina
|-boost|p2a: Primarina|spa|1
|-boost|p2a: Primarina|spd|1
|
|-weather|SunnyDay|[upkeep]
|-heal|p2a: Primarina|88/100|[from] item: Leftovers
|upkeep
|turn|3
|
|t:|1769323145
|move|p2a: Primarina|Moonblast|p1a: Raging Bolt
|-supereffective|p1a: Raging Bolt
|-damage|p1a: Raging Bolt|17/100
|-unboost|p1a: Raging Bolt|spa|1
|move|p1a: Raging Bolt|Thunderbolt|p2a: Primarina
|-supereffective|p2a: Primarina
|-crit|p2a: Primarina
|-end|p2a: Primarina|Substitute
|
|-weather|SunnyDay|[upkeep]
|-heal|p2a: Primarina|94/100|[from] item: Leftovers
|upkeep
|turn|4
|
|t:|1769323155
|move|p1a: Raging Bolt|Thunderclap||[still]
|-fail|p1a: Raging Bolt
|move|p2a: Primarina|Substitute|p2a: Primarina
|-start|p2a: Primarina|Substitute
|-damage|p2a: Primarina|69/100
|
|-weather|SunnyDay|[upkeep]
|-heal|p2a: Primarina|76/100|[from] item: Leftovers
|upkeep
|turn|5
|
|t:|1769323163
|move|p2a: Primarina|Calm Mind|p2a: Primarina
|-boost|p2a: Primarina|spa|1
|-boost|p2a: Primarina|spd|1
|move|p1a: Raging Bolt|Thunderbolt|p2a: Primarina
|-supereffective|p2a: Primarina
|-end|p2a: Primarina|Substitute
|
|-weather|SunnyDay|[upkeep]
|-heal|p2a: Primarina|82/100|[from] item: Leftovers
|upkeep
|turn|6
|
|t:|1769323173
|-end|p1a: Raging Bolt|Protosynthesis|[silent]
|switch|p1a: Lilligant|Lilligant-Hisui, F|100/100
|move|p2a: Primarina|Substitute|p2a: Primarina
|-start|p2a: Primarina|Substitute
|-damage|p2a: Primarina|57/100
|
|-weather|SunnyDay|[upkeep]
|-heal|p2a: Primarina|63/100|[from] item: Leftovers
|upkeep
|turn|7
|
|t:|1769323180
|move|p1a: Lilligant|Solar Blade||[still]
|-prepare|p1a: Lilligant|Solar Blade
|-anim|p1a: Lilligant|Solar Blade|p2a: Primarina
|-supereffective|p2a: Primarina
|-end|p2a: Primarina|Substitute
|move|p2a: Primarina|Moonblast|p1a: Lilligant
|-supereffective|p1a: Lilligant
|-enditem|p1a: Lilligant|Focus Sash
|-damage|p1a: Lilligant|1/100
|
|-weather|SunnyDay|[upkeep]
|-heal|p2a: Primarina|69/100|[from] item: Leftovers
|upkeep
|turn|8
|
|t:|1769323191
|switch|p2a: Moltres|Moltres|100/100
|move|p1a: Lilligant|Solar Blade||[still]
|-prepare|p1a: Lilligant|Solar Blade
|-anim|p1a: Lilligant|Solar Blade|p2a: Moltres
|-resisted|p2a: Moltres
|-damage|p2a: Moltres|90/100
|
|-weather|none
|upkeep
|turn|9
|
|t:|1769323200
|switch|p1a: Torkoal|Torkoal, M|100/100
|-weather|SunnyDay|[from] ability: Drought|[of] p1a: Torkoal
|move|p2a: Moltres|U-turn|p1a: Torkoal
|-resisted|p1a: Torkoal
|-damage|p1a: Torkoal|96/100
|
|t:|1769323222
|switch|p2a: Primarina|Primarina, F|69/100|[from] U-turn
|
|-weather|SunnyDay|[upkeep]
|-heal|p2a: Primarina|76/100|[from] item: Leftovers
|upkeep
|turn|10
|
|t:|1769323236
|switch|p1a: Raging Bolt|Raging Bolt|17/100
|-activate|p1a: Raging Bolt|ability: Protosynthesis
|-start|p1a: Raging Bolt|protosynthesisspa
|move|p2a: Primarina|Substitute|p2a: Primarina
|-start|p2a: Primarina|Substitute
|-damage|p2a: Primarina|51/100
|
|-weather|SunnyDay|[upkeep]
|-heal|p2a: Primarina|57/100|[from] item: Leftovers
|upkeep
|turn|11
|
|t:|1769323245
|move|p2a: Primarina|Moonblast|p1a: Raging Bolt
|-supereffective|p1a: Raging Bolt
|-damage|p1a: Raging Bolt|0 fnt
|faint|p1a: Raging Bolt
|-end|p1a: Raging Bolt|Protosynthesis|[silent]
|
|-weather|SunnyDay|[upkeep]
|-heal|p2a: Primarina|63/100|[from] item: Leftovers
|upkeep
|
|t:|1769323252
|switch|p1a: Lilligant|Lilligant-Hisui, F|1/100
|turn|12
|
|t:|1769323256
|move|p1a: Lilligant|Solar Blade||[still]
|-prepare|p1a: Lilligant|Solar Blade
|-anim|p1a: Lilligant|Solar Blade|p2a: Primarina
|-supereffective|p2a: Primarina
|-end|p2a: Primarina|Substitute
|move|p2a: Primarina|Moonblast|p1a: Lilligant
|-supereffective|p1a: Lilligant
|-damage|p1a: Lilligant|0 fnt
|faint|p1a: Lilligant
|
|-weather|SunnyDay|[upkeep]
|-heal|p2a: Primarina|69/100|[from] item: Leftovers
|upkeep
|
|t:|1769323267
|switch|p1a: Charizard|Charizard, M|100/100
|turn|13
|
|t:|1769323278
|switch|p2a: Moltres|Moltres|90/100
|move|p1a: Charizard|Solar Beam||[still]
|-prepare|p1a: Charizard|Solar Beam
|-anim|p1a: Charizard|Solar Beam|p2a: Moltres
|-resisted|p2a: Moltres
|-damage|p2a: Moltres|75/100
|
|-weather|SunnyDay|[upkeep]
|-damage|p1a: Charizard|88/100|[from] ability: Solar Power|[of] p1a: Charizard
|upkeep
|turn|14
|
|t:|1769323288
|move|p1a: Charizard|Air Slash|p2a: Moltres
|-damage|p2a: Moltres|20/100
|move|p2a: Moltres|U-turn|p1a: Charizard
|-resisted|p1a: Charizard
|-damage|p1a: Charizard|83/100
|
|t:|1769323293
|switch|p2a: Slowking|Slowking-Galar, M|100/100|[from] U-turn
|
|-weather|SunnyDay|[upkeep]
|-damage|p1a: Charizard|71/100|[from] ability: Solar Power|[of] p1a: Charizard
|upkeep
|turn|15
|
|t:|1769323300
|move|p1a: Charizard|Weather Ball|p2a: Slowking
|-damage|p2a: Slowking|38/100
|-prepare|p2a: Slowking|Chilly Reception|[premajor]
|move|p2a: Slowking|Chilly Reception|p2a: Slowking
|-weather|Snowscape
|
|t:|1769323308
|switch|p2a: Rillaboom|Rillaboom, F|100/100|[from] Chilly Reception
|-fieldstart|move: Grassy Terrain|[from] ability: Grassy Surge|[of] p2a: Rillaboom
|
|-weather|Snowscape|[upkeep]
|upkeep
|turn|16
|
|t:|1769323314
|switch|p1a: Torkoal|Torkoal, M|96/100
|-weather|SunnyDay|[from] ability: Drought|[of] p1a: Torkoal
|switch|p2a: Primarina|Primarina, F|69/100
|
|-weather|SunnyDay|[upkeep]
|-heal|p2a: Primarina|76/100|[from] Grassy Terrain
|-heal|p2a: Primarina|82/100|[from] item: Leftovers
|-heal|p1a: Torkoal|100/100|[from] Grassy Terrain
|upkeep
|turn|17
|
|t:|1769323327
|move|p2a: Primarina|Substitute|p2a: Primarina
|-start|p2a: Primarina|Substitute
|-damage|p2a: Primarina|57/100
|move|p1a: Torkoal|Earthquake|p2a: Primarina
|-activate|p2a: Primarina|move: Substitute|[damage]
|
|-weather|SunnyDay|[upkeep]
|-heal|p2a: Primarina|63/100|[from] Grassy Terrain
|-heal|p2a: Primarina|69/100|[from] item: Leftovers
|upkeep
|turn|18
|
|t:|1769323338
|move|p2a: Primarina|Calm Mind|p2a: Primarina
|-boost|p2a: Primarina|spa|1
|-boost|p2a: Primarina|spd|1
|move|p1a: Torkoal|Earthquake|p2a: Primarina
|-end|p2a: Primarina|Substitute
|
|-weather|SunnyDay|[upkeep]
|-heal|p2a: Primarina|76/100|[from] Grassy Terrain
|-heal|p2a: Primarina|82/100|[from] item: Leftovers
|upkeep
|turn|19
|
|t:|1769323364
|move|p2a: Primarina|Substitute|p2a: Primarina
|-start|p2a: Primarina|Substitute
|-damage|p2a: Primarina|57/100
|move|p1a: Torkoal|Flare Blitz|p2a: Primarina
|-resisted|p2a: Primarina
|-end|p2a: Primarina|Substitute
|-damage|p1a: Torkoal|93/100|[from] Recoil|[of] p2a: Primarina
|
|-weather|SunnyDay|[upkeep]
|-heal|p2a: Primarina|63/100|[from] Grassy Terrain
|-heal|p2a: Primarina|69/100|[from] item: Leftovers
|-heal|p1a: Torkoal|99/100|[from] Grassy Terrain
|upkeep
|turn|20
|
|t:|1769323385
|move|p2a: Primarina|Substitute|p2a: Primarina
|-start|p2a: Primarina|Substitute
|-damage|p2a: Primarina|44/100
|move|p1a: Torkoal|Flare Blitz|p2a: Primarina
|-resisted|p2a: Primarina
|-end|p2a: Primarina|Substitute
|-damage|p1a: Torkoal|91/100|[from] Recoil|[of] p2a: Primarina
|
|-weather|SunnyDay|[upkeep]
|-heal|p2a: Primarina|51/100|[from] Grassy Terrain
|-heal|p2a: Primarina|57/100|[from] item: Leftovers
|-heal|p1a: Torkoal|98/100|[from] Grassy Terrain
|upkeep
|turn|21
|
|t:|1769323396
|move|p2a: Primarina|Surf|p1a: Torkoal
|-supereffective|p1a: Torkoal
|-damage|p1a: Torkoal|5/100
|move|p1a: Torkoal|Flare Blitz|p2a: Primarina
|-resisted|p2a: Primarina
|-damage|p2a: Primarina|17/100
|-damage|p1a: Torkoal|0 fnt|[from] Recoil
|faint|p1a: Torkoal
|
|-weather|SunnyDay|[upkeep]
|-heal|p2a: Primarina|24/100|[from] Grassy Terrain
|-heal|p2a: Primarina|30/100|[from] item: Leftovers
|upkeep
|inactive|Orange_Blue_10 has 120 seconds left.
|
|t:|1769323407
|switch|p1a: Charizard|Charizard, M|71/100
|turn|22
|
|t:|1769323412
|switch|p2a: Moltres|Moltres|20/100
|move|p1a: Charizard|Air Slash|p2a: Moltres
|-damage|p2a: Moltres|0 fnt
|faint|p2a: Moltres
|
|-weather|SunnyDay|[upkeep]
|-damage|p1a: Charizard|59/100|[from] ability: Solar Power|[of] p1a: Charizard
|-fieldend|move: Grassy Terrain
|upkeep
|
|t:|1769323428
|switch|p2a: Raging Bolt|Raging Bolt|100/100
|-activate|p2a: Raging Bolt|ability: Protosynthesis
|-start|p2a: Raging Bolt|protosynthesisspa
|turn|23
|
|t:|1769323439
|switch|p1a: Great Tusk|Great Tusk|100/100
|-activate|p1a: Great Tusk|ability: Protosynthesis
|-start|p1a: Great Tusk|protosynthesisatk
|move|p2a: Raging Bolt|Dragon Pulse|p1a: Great Tusk
|-damage|p1a: Great Tusk|42/100
|
|-weather|none
|-end|p2a: Raging Bolt|Protosynthesis
|-end|p1a: Great Tusk|Protosynthesis
|upkeep
|-enditem|p2a: Raging Bolt|Booster Energy
|-activate|p2a: Raging Bolt|ability: Protosynthesis|[fromitem]
|-start|p2a: Raging Bolt|protosynthesisspa
|turn|24
|
|t:|1769323458
|-end|p2a: Raging Bolt|Protosynthesis|[silent]
|switch|p2a: Rillaboom|Rillaboom, F|100/100
|-fieldstart|move: Grassy Terrain|[from] ability: Grassy Surge|[of] p2a: Rillaboom
|move|p1a: Great Tusk|Earthquake|p2a: Rillaboom
|-resisted|p2a: Rillaboom
|-damage|p2a: Rillaboom|87/100
|
|-heal|p2a: Rillaboom|93/100|[from] Grassy Terrain
|-heal|p1a: Great Tusk|48/100|[from] Grassy Terrain
|upkeep
|turn|25
|
|t:|1769323467
|-end|p1a: Great Tusk|Protosynthesis|[silent]
|switch|p1a: Walking Wake|Walking Wake|100/100
|move|p2a: Rillaboom|Grassy Glide|p1a: Walking Wake
|-damage|p1a: Walking Wake|54/100
|
|-heal|p1a: Walking Wake|61/100|[from] Grassy Terrain
|-heal|p2a: Rillaboom|99/100|[from] Grassy Terrain
|upkeep
|turn|26
|
|t:|1769323483
|-terastallize|p1a: Walking Wake|Fire
|move|p1a: Walking Wake|Flamethrower|p2a: Rillaboom
|-supereffective|p2a: Rillaboom
|-damage|p2a: Rillaboom|0 fnt
|faint|p2a: Rillaboom
|
|-heal|p1a: Walking Wake|67/100|[from] Grassy Terrain
|upkeep
|
|t:|1769323487
|switch|p2a: Primarina|Primarina, F|30/100
|turn|27
|
|t:|1769323494
|move|p1a: Walking Wake|Flamethrower|p2a: Primarina
|-resisted|p2a: Primarina
|-damage|p2a: Primarina|0 fnt
|faint|p2a: Primarina
|
|-heal|p1a: Walking Wake|73/100|[from] Grassy Terrain
|upkeep
|
|t:|1769323497
|switch|p2a: Slowking|Slowking-Galar, M|71/100
|turn|28
|
|t:|1769323508
|-terastallize|p2a: Slowking|Water
|move|p1a: Walking Wake|Flamethrower|p2a: Slowking
|-resisted|p2a: Slowking
|-damage|p2a: Slowking|52/100
|move|p2a: Slowking|Thunder Wave|p1a: Walking Wake
|-status|p1a: Walking Wake|par
|
|-heal|p1a: Walking Wake|79/100 par|[from] Grassy Terrain
|-heal|p2a: Slowking|58/100|[from] Grassy Terrain
|upkeep
|turn|29
|
|t:|1769323518
|-end|p1a: Walking Wake|Protosynthesis|[silent]
|switch|p1a: Great Tusk|Great Tusk|48/100
|move|p2a: Slowking|Psychic Noise|p1a: Great Tusk
|-supereffective|p1a: Great Tusk
|-damage|p1a: Great Tusk|0 fnt
|faint|p1a: Great Tusk
|-end|p1a: Great Tusk|Protosynthesis|[silent]
|
|-heal|p2a: Slowking|64/100|[from] Grassy Terrain
|upkeep
|
|t:|1769323528
|switch|p1a: Charizard|Charizard, M|59/100
|turn|30
|
|t:|1769323535
|move|p1a: Charizard|Solar Beam||[still]
|-prepare|p1a: Charizard|Solar Beam
|move|p2a: Slowking|Thunder Wave|p1a: Charizard
|-status|p1a: Charizard|par
|
|-heal|p2a: Slowking|70/100|[from] Grassy Terrain
|upkeep
|turn|31
|
|t:|1769323542
|move|p1a: Charizard|Solar Beam|p2a: Slowking|[from] lockedmove
|-supereffective|p2a: Slowking
|-damage|p2a: Slowking|30/100
|move|p2a: Slowking|Sludge Bomb|p1a: Charizard
|-damage|p1a: Charizard|15/100 par
|
|-heal|p2a: Slowking|36/100|[from] Grassy Terrain
|-fieldend|move: Grassy Terrain
|upkeep
|turn|32
|
|t:|1769323551
|move|p1a: Charizard|Air Slash|p2a: Slowking|[miss]
|-miss|p1a: Charizard|p2a: Slowking
|-prepare|p2a: Slowking|Chilly Reception|[premajor]
|move|p2a: Slowking|Chilly Reception|p2a: Slowking
|-weather|Snowscape
|
|t:|1769323557
|switch|p2a: Great Tusk|Great Tusk|100/100|[from] Chilly Reception
|
|-weather|Snowscape|[upkeep]
|upkeep
|turn|33
|
|t:|1769323561
|move|p2a: Great Tusk|Ice Spinner|p1a: Charizard
|-damage|p1a: Charizard|0 fnt
|faint|p1a: Charizard
|
|-weather|Snowscape|[upkeep]
|upkeep
|
|t:|1769323567
|switch|p1a: Walking Wake|Walking Wake, tera:Fire|79/100 par
|turn|34
|
|t:|1769323577
|move|p2a: Great Tusk|Headlong Rush|p1a: Walking Wake
|-supereffective|p1a: Walking Wake
|-damage|p1a: Walking Wake|0 fnt
|-unboost|p2a: Great Tusk|def|1
|-unboost|p2a: Great Tusk|spd|1
|faint|p1a: Walking Wake
|-end|p1a: Walking Wake|Protosynthesis|[silent]
|
|win|Pablofromportluis
|raw|Orange_Blue_10's rating: 1260 &rarr; <strong>1237</strong><br />(-23 for losing)
|raw|Pablofromportluis's rating: 1282 &rarr; <strong>1305</strong><br />(+23 for winning)
|l|☆Pablofromportluis
|player|p2|
|l|☆Orange_Blue_10
|player|p1|
