|j|☆qweralt
|j|☆psyforce1011
|t:|1769358859
|gametype|singles
|player|p1|qweralt|brycenman|1208
|player|p2|psyforce1011|169|1151
|gen|9
|tier|[Gen 9] OU
|rated|
|rule|HP Percentage Mod: HP is shown in percentages
|rule|Endless Battle Clause: Forcing endless battles is banned
|rule|Species Clause: Limit one of each Pokémon
|rule|OHKO Clause: OHKO moves are banned
|rule|Evasion Items Clause: Evasion items are banned
|rule|Evasion Moves Clause: Evasion moves are banned
|rule|Evasion Abilities Clause: Evasion abilities are banned
|rule|Sleep Moves Clause: Sleep-inducing moves are banned
|clearpoke
|poke|p1|Pecharunt|
|poke|p1|Mabosstiff, F|
|poke|p1|Volcanion|
|poke|p1|Iron Valiant|
|poke|p1|Landorus-Therian, M|
|poke|p1|Deoxys-Speed|
|poke|p2|Iron Treads|
|poke|p2|Zapdos-Galar|
|poke|p2|Kyurem|
|poke|p2|Ceruledge, M|
|poke|p2|Clefable, F|
|poke|p2|Slowking-Galar, F|
|teampreview
|
|t:|1769358870
|teamsize|p1|6
|teamsize|p2|6
|start
|switch|p1a: Landorus|Landorus-Therian, M|100/100
|switch|p2a: Zapdos|Zapdos-Galar|100/100
|-ability|p1a: Landorus|Intimidate|boost
|-unboost|p2a: Zapdos|atk|1
|-ability|p2a: Zapdos|Defiant|boost
|-boost|p2a: Zapdos|atk|2
|turn|1
|
|t:|1769358881
|move|p2a: Zapdos|Brave Bird|p1a: Landorus
|-damage|p1a: Landorus|16/100
|-damage|p2a: Zapdos|84/100|[from] item: Rocky Helmet|[of] p1a: Landorus
|-damage|p2a: Zapdos|51/100|[from] Recoil
|move|p1a: Landorus|Stealth Rock|p2a: Zapdos
|-sidestart|p2: psyforce1011|move: Stealth Rock
|
|upkeep
|turn|2
|
|t:|1769358889
|move|p2a: Zapdos|Brave Bird|p1a: Landorus
|-damage|p1a: Landorus|0 fnt
|-damage|p2a: Zapdos|34/100|[from] item: Rocky Helmet|[of] p1a: Landorus
|faint|p1a: Landorus
|-damage|p2a: Zapdos|29/100|[from] Recoil
|
|upkeep
|
|t:|1769358897
|switch|p1a: Iron Valiant|Iron Valiant|100/100
|-enditem|p1a: Iron Valiant|Booster Energy
|-activate|p1a: Iron Valiant|ability: Quark Drive|[fromitem]
|-start|p1a: Iron Valiant|quarkdrivespe
|turn|3
|
|t:|1769358904
|move|p1a: Iron Valiant|Moonblast|p2a: Zapdos
|-supereffective|p2a: Zapdos
|-damage|p2a: Zapdos|0 fnt
|faint|p2a: Zapdos
|
|upkeep
|
|t:|1769358915
|switch|p2a: Clefable|Clefable, F|100/100
|-damage|p2a: Clefable|88/100|[from] Stealth Rock
|turn|4
|
|t:|1769358923
|move|p1a: Iron Valiant|Moonblast|p2a: Clefable
|-damage|p2a: Clefable|52/100
|move|p2a: Clefable|Moonblast|p1a: Iron Valiant
|-supereffective|p1a: Iron Valiant
|-damage|p1a: Iron Valiant|0 fnt
|faint|p1a: Iron Valiant
|-end|p1a: Iron Valiant|Quark Drive|[silent]
|
|-heal|p2a: Clefable|58/100|[from] item: Leftovers
|upkeep
|
|t:|1769358928
|switch|p1a: Volcanion|Volcanion|100/100
|turn|5
|
|t:|1769358937
|move|p1a: Volcanion|Flamethrower|p2a: Clefable
|-damage|p2a: Clefable|17/100
|-status|p2a: Clefable|brn
|move|p2a: Clefable|Knock Off|p1a: Volcanion
|-damage|p1a: Volcanion|95/100
|-enditem|p1a: Volcanion|Leftovers|[from] move: Knock Off|[of] p2a: Clefable
|
|-heal|p2a: Clefable|23/100 brn|[from] item: Leftovers
|-damage|p2a: Clefable|17/100 brn|[from] brn
|upkeep
|turn|6
|
|t:|1769358947
|move|p1a: Volcanion|Flamethrower|p2a: Clefable
|-damage|p2a: Clefable|0 fnt
|faint|p2a: Clefable
|
|upkeep
|
|t:|1769358964
|switch|p2a: Iron Treads|Iron Treads|100/100
|-damage|p2a: Iron Treads|97/100|[from] Stealth Rock
|turn|7
|
|t:|1769358971
|move|p2a: Iron Treads|Earthquake|p1a: Volcanion
|-supereffective|p1a: Volcanion
|-damage|p1a: Volcanion|38/100
|move|p1a: Volcanion|Flamethrower|p2a: Iron Treads
|-supereffective|p2a: Iron Treads
|-damage|p2a: Iron Treads|29/100
|-status|p2a: Iron Treads|brn
|
|-heal|p2a: Iron Treads|35/100 brn|[from] item: Leftovers
|-damage|p2a: Iron Treads|29/100 brn|[from] brn
|upkeep
|turn|8
|
|t:|1769358990
|move|p2a: Iron Treads|Earthquake|p1a: Volcanion
|-supereffective|p1a: Volcanion
|-damage|p1a: Volcanion|11/100
|move|p1a: Volcanion|Flamethrower|p2a: Iron Treads
|-supereffective|p2a: Iron Treads
|-damage|p2a: Iron Treads|0 fnt
|faint|p2a: Iron Treads
|-end|p2a: Iron Treads|Quark Drive|[silent]
|
|upkeep
|
|t:|1769359001
|switch|p2a: Kyurem|Kyurem|100/100
|-damage|p2a: Kyurem|76/100|[from] Stealth Rock
|-ability|p2a: Kyurem|Pressure
|turn|9
|
|t:|1769359015
|move|p2a: Kyurem|Ice Beam|p1a: Volcanion
|-resisted|p1a: Volcanion
|-damage|p1a: Volcanion|0 fnt
|faint|p1a: Volcanion
|
|upkeep
|inactive|Battle timer is ON: inactive players will automatically lose when time's up. (requested by psyforce1011)
|
|t:|1769359043
|switch|p1a: Pecharunt|Pecharunt|100/100
|turn|10
|
|t:|1769359063
|-terastallize|p2a: Kyurem|Ground
|move|p2a: Kyurem|Earth Power|p1a: Pecharunt
|-supereffective|p1a: Pecharunt
|-damage|p1a: Pecharunt|0 fnt
|faint|p1a: Pecharunt
|
|upkeep
|
|t:|1769359077
|switch|p1a: Deoxys|Deoxys-Speed|100/100
|-ability|p1a: Deoxys|Pressure
|turn|11
|
|t:|1769359093
|move|p1a: Deoxys|Knock Off|p2a: Kyurem
|-damage|p2a: Kyurem|50/100
|-enditem|p2a: Kyurem|Assault Vest|[from] move: Knock Off|[of] p1a: Deoxys
|move|p2a: Kyurem|Ice Beam|p1a: Deoxys
|-damage|p1a: Deoxys|23/100
|
|upkeep
|turn|12
|
|t:|1769359101
|move|p1a: Deoxys|Psycho Boost|p2a: Kyurem
|-damage|p2a: Kyurem|0 fnt
|-unboost|p1a: Deoxys|spa|2
|faint|p2a: Kyurem
|-enditem|p1a: Deoxys|Eject Pack
|
|t:|1769359103
|switch|p1a: Mabosstiff|Mabosstiff, F, shiny|100/100
|
|upkeep
|
|t:|1769359114
|switch|p2a: Slowking|Slowking-Galar, F|100/100
|-damage|p2a: Slowking|88/100|[from] Stealth Rock
|turn|13
|
|t:|1769359119
|move|p1a: Mabosstiff|Jaw Lock|p2a: Slowking
|-supereffective|p2a: Slowking
|-damage|p2a: Slowking|0 fnt
|faint|p2a: Slowking
|
|upkeep
|
|t:|1769359123
|switch|p2a: Ceruledge|Ceruledge, M|100/100
|-damage|p2a: Ceruledge|76/100|[from] Stealth Rock
|turn|14
|
|t:|1769359127
|move|p2a: Ceruledge|Swords Dance|p2a: Ceruledge
|-boost|p2a: Ceruledge|atk|2
|move|p1a: Mabosstiff|Jaw Lock|p2a: Ceruledge
|-supereffective|p2a: Ceruledge
|-damage|p2a: Ceruledge|0 fnt
|faint|p2a: Ceruledge
|
|win|qweralt
|raw|qweralt's rating: 1208 &rarr; <strong>1229</strong><br />(+21 for winning)
|raw|psyforce1011's rating: 1151 &rarr; <strong>1130</strong><br />(-21 for losing)
|l|☆psyforce1011
|player|p2|
