|j|☆amartianbecauseyes
|j|☆Cyberpouet
|t:|1769397257
|gametype|singles
|player|p1|amartianbecauseyes|170|1040
|player|p2|Cyberpouet|dawn|1094
|gen|9
|tier|[Gen 9] OU
|rated|
|rule|HP Percentage Mod: HP is shown in percentages
|rule|Endless Battle Clause: Forcing endless battles is banned
|rule|Species Clause: Limit one of each Pokémon
|rule|OHKO Clause: OHKO moves are banned
|rule|Evasion Items Clause: Evasion items are banned
|rule|Evasion Moves Clause: Evasion moves are banned
|rule|Evasion Abilities Clause: Evasion abilities are banned
|rule|Sleep Moves Clause: Sleep-inducing moves are banned
|clearpoke
|poke|p1|Umbreon, M|
|poke|p1|Gholdengo|
|poke|p1|Great Tusk|
|poke|p1|Samurott-Hisui, F|
|poke|p1|Raging Bolt|
|poke|p1|Alomomola, F|
|poke|p2|Landorus-Therian, M|
|poke|p2|Walking Wake|
|poke|p2|Meowscarada, F|
|poke|p2|Excadrill, M|
|poke|p2|Gardevoir, F|
|poke|p2|Zoroark-Hisui, M|
|teampreview
|
|t:|1769397271
|teamsize|p1|6
|teamsize|p2|6
|start
|switch|p1a: Samurott|Samurott-Hisui, F|100/100
|switch|p2a: Aang|Landorus-Therian, M|100/100
|-ability|p2a: Aang|Intimidate|boost
|-unboost|p1a: Samurott|atk|1
|turn|1
|c|☆Cyberpouet|hiiiii glhf :3
|
|t:|1769397286
|move|p1a: Samurott|Razor Shell|p2a: Aang
|-supereffective|p2a: Aang
|-damage|p2a: Aang|24/100
|move|p2a: Aang|Stealth Rock|p1a: Samurott
|-sidestart|p1: amartianbecauseyes|move: Stealth Rock
|
|-heal|p2a: Aang|30/100|[from] item: Leftovers
|upkeep
|turn|2
|
|t:|1769397295
|move|p1a: Samurott|Razor Shell|p2a: Aang
|-supereffective|p2a: Aang
|-damage|p2a: Aang|0 fnt
|faint|p2a: Aang
|
|upkeep
|
|t:|1769397303
|switch|p2a: Loki|Meowscarada, F|100/100
|turn|3
|
|t:|1769397320
|switch|p1a: Gholdengo|Gholdengo|100/100
|-damage|p1a: Gholdengo|94/100|[from] Stealth Rock
|move|p2a: Loki|Foul Play|p1a: Gholdengo
|-start|p2a: Loki|typechange|Dark|[from] ability: Protean
|-supereffective|p1a: Gholdengo
|-damage|p1a: Gholdengo|44/100
|-damage|p2a: Loki|91/100|[from] item: Life Orb
|
|upkeep
|turn|4
|
|t:|1769397333
|move|p2a: Loki|Foul Play|p1a: Gholdengo
|-supereffective|p1a: Gholdengo
|-damage|p1a: Gholdengo|0 fnt
|faint|p1a: Gholdengo
|-damage|p2a: Loki|81/100|[from] item: Life Orb
|
|upkeep
|
|t:|1769397342
|switch|p1a: Great Tusk|Great Tusk|100/100
|-damage|p1a: Great Tusk|98/100|[from] Stealth Rock
|turn|5
|
|t:|1769397358
|-end|p1a: Great Tusk|Protosynthesis|[silent]
|switch|p1a: Raging Bolt|Raging Bolt|100/100
|-damage|p1a: Raging Bolt|88/100|[from] Stealth Rock
|-enditem|p1a: Raging Bolt|Booster Energy
|-activate|p1a: Raging Bolt|ability: Protosynthesis|[fromitem]
|-start|p1a: Raging Bolt|protosynthesisspa
|move|p2a: Loki|Flower Trick|p1a: Raging Bolt
|-resisted|p1a: Raging Bolt
|-crit|p1a: Raging Bolt
|-damage|p1a: Raging Bolt|70/100
|-damage|p2a: Loki|71/100|[from] item: Life Orb
|
|upkeep
|turn|6
|
|t:|1769397374
|move|p2a: Loki|Play Rough|p1a: Raging Bolt
|-supereffective|p1a: Raging Bolt
|-damage|p1a: Raging Bolt|3/100
|-damage|p2a: Loki|61/100|[from] item: Life Orb
|move|p1a: Raging Bolt|Draco Meteor|p2a: Loki
|-damage|p2a: Loki|0 fnt
|-unboost|p1a: Raging Bolt|spa|2
|faint|p2a: Loki
|
|upkeep
|
|t:|1769397385
|switch|p2a: Bluey|Gardevoir, F, shiny|100/100
|turn|7
|
|t:|1769397405
|-end|p1a: Raging Bolt|Protosynthesis|[silent]
|switch|p1a: Great Tusk|Great Tusk|98/100
|-damage|p1a: Great Tusk|95/100|[from] Stealth Rock
|move|p2a: Bluey|Calm Mind|p2a: Bluey
|-boost|p2a: Bluey|spa|1
|-boost|p2a: Bluey|spd|1
|
|upkeep
|turn|8
|
|t:|1769397413
|move|p1a: Great Tusk|Rapid Spin|p2a: Bluey
|-damage|p2a: Bluey|75/100
|-boost|p1a: Great Tusk|spe|1
|-sideend|p1: amartianbecauseyes|Stealth Rock|[from] move: Rapid Spin|[of] p1a: Great Tusk
|move|p2a: Bluey|Energy Ball|p1a: Great Tusk
|-supereffective|p1a: Great Tusk
|-damage|p1a: Great Tusk|0 fnt
|faint|p1a: Great Tusk
|-end|p1a: Great Tusk|Protosynthesis|[silent]
|-damage|p2a: Bluey|65/100|[from] item: Life Orb
|
|upkeep
|
|t:|1769397430
|switch|p1a: Samurott|Samurott-Hisui, F|100/100
|turn|9
|
|t:|1769397434
|move|p1a: Samurott|Ceaseless Edge|p2a: Bluey
|-damage|p2a: Bluey|0 fnt
|-sidestart|p2: Cyberpouet|Spikes
|faint|p2a: Bluey
|
|upkeep
|
|t:|1769397447
|switch|p2a: Jormungandr|Walking Wake|100/100
|-damage|p2a: Jormungandr|88/100|[from] Spikes
|-enditem|p2a: Jormungandr|Booster Energy
|-activate|p2a: Jormungandr|ability: Protosynthesis|[fromitem]
|-start|p2a: Jormungandr|protosynthesisspe
|turn|10
|
|t:|1769397464
|move|p2a: Jormungandr|Draco Meteor|p1a: Samurott
|-damage|p1a: Samurott|8/100
|-unboost|p2a: Jormungandr|spa|2
|move|p1a: Samurott|Ceaseless Edge|p2a: Jormungandr
|-damage|p2a: Jormungandr|36/100
|-sidestart|p2: Cyberpouet|Spikes
|
|upkeep
|turn|11
|
|t:|1769397476
|switch|p1a: Umbreon|Umbreon, M|100/100
|move|p2a: Jormungandr|Dragon Pulse|p1a: Umbreon
|-damage|p1a: Umbreon|89/100
|
|-heal|p1a: Umbreon|95/100|[from] item: Leftovers
|upkeep
|turn|12
|
|t:|1769397495
|-end|p2a: Jormungandr|Protosynthesis|[silent]
|switch|p2a: Taptop|Excadrill, M|100/100
|-damage|p2a: Taptop|84/100|[from] Spikes
|move|p1a: Umbreon|Thunder Wave|p2a: Taptop
|-immune|p2a: Taptop
|
|-heal|p1a: Umbreon|100/100|[from] item: Leftovers
|upkeep
|turn|13
|
|t:|1769397510
|switch|p1a: Alomomola|Alomomola, F|100/100
|move|p2a: Taptop|Brick Break|p1a: Alomomola
|-damage|p1a: Alomomola|81/100
|-damage|p2a: Taptop|74/100|[from] item: Life Orb
|
|upkeep
|turn|14
|
|t:|1769397518
|switch|p2a: Taptop|Excadrill, M|100/100
|-damage|p2a: Taptop|84/100|[from] Spikes
|move|p1a: Alomomola|Scald|p2a: Taptop
|-damage|p2a: Taptop|56/100
|replace|p2a: Bibou|Zoroark-Hisui, M
|-end|p2a: Bibou|Illusion
|
|upkeep
|turn|15
|
|t:|1769397533
|switch|p1a: Umbreon|Umbreon, M|100/100
|-terastallize|p2a: Bibou|Ghost
|move|p2a: Bibou|Shadow Ball|p1a: Umbreon
|-resisted|p1a: Umbreon
|-damage|p1a: Umbreon|81/100
|-damage|p2a: Bibou|47/100|[from] item: Life Orb
|
|-heal|p1a: Umbreon|87/100|[from] item: Leftovers
|upkeep
|turn|16
|
|t:|1769397545
|move|p2a: Bibou|U-turn|p1a: Umbreon
|-supereffective|p1a: Umbreon
|-damage|p1a: Umbreon|56/100
|-damage|p2a: Bibou|37/100|[from] item: Life Orb
|
|t:|1769397549
|switch|p2a: Taptop|Excadrill, M|74/100|[from] U-turn
|-damage|p2a: Taptop|57/100|[from] Spikes
|move|p1a: Umbreon|Foul Play|p2a: Taptop
|-damage|p2a: Taptop|0 fnt
|faint|p2a: Taptop
|
|-heal|p1a: Umbreon|62/100|[from] item: Leftovers
|upkeep
|
|t:|1769397558
|switch|p2a: Jormungandr|Walking Wake|36/100
|-damage|p2a: Jormungandr|20/100|[from] Spikes
|turn|17
|
|t:|1769397568
|move|p2a: Jormungandr|Draco Meteor|p1a: Umbreon
|-damage|p1a: Umbreon|31/100
|-unboost|p2a: Jormungandr|spa|2
|move|p1a: Umbreon|Foul Play|p2a: Jormungandr
|-damage|p2a: Jormungandr|0 fnt
|faint|p2a: Jormungandr
|-end|p2a: Jormungandr|Protosynthesis|[silent]
|
|-heal|p1a: Umbreon|37/100|[from] item: Leftovers
|upkeep
|
|t:|1769397577
|switch|p2a: Bibou|Zoroark-Hisui, M, tera:Ghost|37/100
|-damage|p2a: Bibou|20/100|[from] Spikes
|turn|18
|
|t:|1769397582
|move|p2a: Bibou|U-turn|p1a: Umbreon
|-supereffective|p1a: Umbreon
|-damage|p1a: Umbreon|8/100
|-damage|p2a: Bibou|10/100|[from] item: Life Orb
|move|p1a: Umbreon|Foul Play|p2a: Bibou
|-supereffective|p2a: Bibou
|-damage|p2a: Bibou|0 fnt
|faint|p2a: Bibou
|
|win|amartianbecauseyes
|raw|amartianbecauseyes's rating: 1040 &rarr; <strong>1079</strong><br />(+39 for winning)
|raw|Cyberpouet's rating: 1094 &rarr; <strong>1066</strong><br />(-28 for losing)
