|j|☆Joker555J
|j|☆rockdrigox666
|t:|1769404771
|gametype|singles
|player|p1|Joker555J|acetrainer-gen4dp|1170
|player|p2|rockdrigox666|102|1132
|gen|9
|tier|[Gen 9] OU
|rated|
|rule|HP Percentage Mod: HP is shown in percentages
|rule|Endless Battle Clause: Forcing endless battles is banned
|rule|Species Clause: Limit one of each Pokémon
|rule|OHKO Clause: OHKO moves are banned
|rule|Evasion Items Clause: Evasion items are banned
|rule|Evasion Moves Clause: Evasion moves are banned
|rule|Evasion Abilities Clause: Evasion abilities are banned
|rule|Sleep Moves Clause: Sleep-inducing moves are banned
|clearpoke
|poke|p1|Serperior, F|
|poke|p1|Samurott-Hisui, M|
|poke|p1|Chandelure, M|
|poke|p1|Garchomp, M|
|poke|p1|Conkeldurr, M|
|poke|p1|Vikavolt, M|
|poke|p2|Excadrill, M|
|poke|p2|Ambipom, M|
|poke|p2|Azumarill, M|
|poke|p2|Hippowdon, M|
|poke|p2|Gengar, F|
|poke|p2|Glimmora, M|
|teampreview
|inactive|Battle timer is ON: inactive players will automatically lose when time's up. (requested by rockdrigox666)
|
|t:|1769404774
|teamsize|p1|6
|teamsize|p2|6
|start
|switch|p1a: Vikavolt|Vikavolt, M|100/100
|switch|p2a: Glimmora|Glimmora, M|100/100
|turn|1
|
|t:|1769404779
|move|p2a: Glimmora|Mortal Spin|p1a: Vikavolt
|-damage|p1a: Vikavolt|95/100
|-status|p1a: Vikavolt|psn
|move|p1a: Vikavolt|Sticky Web|p2a: Glimmora
|-sidestart|p2: rockdrigox666|move: Sticky Web
|
|-damage|p1a: Vikavolt|82/100 psn|[from] psn
|upkeep
|turn|2
|
|t:|1769404784
|move|p2a: Glimmora|Mortal Spin|p1a: Vikavolt
|-damage|p1a: Vikavolt|76/100 psn
|-sideend|p2: rockdrigox666|Sticky Web|[from] move: Mortal Spin|[of] p2a: Glimmora
|move|p1a: Vikavolt|Discharge|p2a: Glimmora
|-damage|p2a: Glimmora|34/100
|
|-damage|p1a: Vikavolt|64/100 psn|[from] psn
|upkeep
|turn|3
|
|t:|1769404792
|move|p2a: Glimmora|Spiky Shield|p2a: Glimmora
|-singleturn|p2a: Glimmora|move: Protect
|move|p1a: Vikavolt|Discharge|p2a: Glimmora
|-activate|p2a: Glimmora|move: Protect
|
|-damage|p1a: Vikavolt|52/100 psn|[from] psn
|upkeep
|turn|4
|
|t:|1769404797
|switch|p2a: Hippowdon|Hippowdon, M|100/100
|-weather|Sandstorm|[from] ability: Sand Stream|[of] p2a: Hippowdon
|move|p1a: Vikavolt|Discharge|p2a: Hippowdon
|-immune|p2a: Hippowdon
|
|-weather|Sandstorm|[upkeep]
|-damage|p1a: Vikavolt|46/100 psn|[from] Sandstorm
|-damage|p1a: Vikavolt|33/100 psn|[from] psn
|upkeep
|turn|5
|
|t:|1769404800
|move|p2a: Hippowdon|Stealth Rock|p1a: Vikavolt
|-sidestart|p1: Joker555J|move: Stealth Rock
|move|p1a: Vikavolt|Energy Ball|p2a: Hippowdon
|-supereffective|p2a: Hippowdon
|-damage|p2a: Hippowdon|16/100
|-unboost|p2a: Hippowdon|spd|1
|
|-weather|Sandstorm|[upkeep]
|-damage|p1a: Vikavolt|27/100 psn|[from] Sandstorm
|-damage|p1a: Vikavolt|15/100 psn|[from] psn
|upkeep
|turn|6
|
|t:|1769404809
|switch|p2a: Azumarill|Azumarill, M|100/100
|move|p1a: Vikavolt|Energy Ball|p2a: Azumarill
|-ability|p2a: Azumarill|Sap Sipper|boost
|-boost|p2a: Azumarill|atk|1
|
|-weather|Sandstorm|[upkeep]
|-damage|p2a: Azumarill|94/100|[from] Sandstorm
|-damage|p1a: Vikavolt|9/100 psn|[from] Sandstorm
|-damage|p1a: Vikavolt|0 fnt|[from] psn
|faint|p1a: Vikavolt
|upkeep
|
|t:|1769404820
|switch|p1a: Conkeldurr|Conkeldurr, M|100/100
|-damage|p1a: Conkeldurr|94/100|[from] Stealth Rock
|turn|7
|
|t:|1769404823
|move|p2a: Azumarill|Play Rough|p1a: Conkeldurr
|-supereffective|p1a: Conkeldurr
|-damage|p1a: Conkeldurr|23/100
|move|p1a: Conkeldurr|Thunder Punch|p2a: Azumarill
|-supereffective|p2a: Azumarill
|-damage|p2a: Azumarill|31/100
|-enditem|p2a: Azumarill|Sitrus Berry|[eat]
|-heal|p2a: Azumarill|56/100|[from] item: Sitrus Berry
|
|-weather|Sandstorm|[upkeep]
|-damage|p2a: Azumarill|50/100|[from] Sandstorm
|-damage|p1a: Conkeldurr|17/100|[from] Sandstorm
|-status|p1a: Conkeldurr|brn|[from] item: Flame Orb
|upkeep
|turn|8
|
|t:|1769404830
|move|p2a: Azumarill|Aqua Jet|p1a: Conkeldurr
|-damage|p1a: Conkeldurr|0 fnt
|faint|p1a: Conkeldurr
|
|-weather|none
|upkeep
|
|t:|1769404834
|switch|p1a: Samurott|Samurott-Hisui, M|100/100
|-damage|p1a: Samurott|88/100|[from] Stealth Rock
|turn|9
|
|t:|1769404838
|move|p1a: Samurott|Ceaseless Edge|p2a: Azumarill
|-resisted|p2a: Azumarill
|-damage|p2a: Azumarill|28/100
|-sidestart|p2: rockdrigox666|Spikes
|move|p2a: Azumarill|Play Rough|p1a: Samurott
|-supereffective|p1a: Samurott
|-damage|p1a: Samurott|0 fnt
|faint|p1a: Samurott
|
|upkeep
|
|t:|1769404842
|switch|p1a: Garchomp|Garchomp, M|100/100
|-damage|p1a: Garchomp|94/100|[from] Stealth Rock
|turn|10
|
|t:|1769404849
|move|p1a: Garchomp|Stealth Rock|p2a: Azumarill
|-sidestart|p2: rockdrigox666|move: Stealth Rock
|move|p2a: Azumarill|Ice Spinner|p1a: Garchomp
|-supereffective|p1a: Garchomp
|-damage|p1a: Garchomp|0 fnt
|-damage|p2a: Azumarill|16/100|[from] ability: Rough Skin|[of] p1a: Garchomp
|-damage|p2a: Azumarill|0 fnt|[from] item: Rocky Helmet|[of] p1a: Garchomp
|faint|p1a: Garchomp
|faint|p2a: Azumarill
|
|upkeep
|
|t:|1769404854
|switch|p1a: Chandelure|Chandelure, M|100/100
|switch|p2a: Glimmora|Glimmora, M|34/100
|-damage|p1a: Chandelure|76/100|[from] Stealth Rock
|turn|11
|
|t:|1769404859
|move|p1a: Chandelure|Fire Blast|p2a: Glimmora
|-resisted|p2a: Glimmora
|-damage|p2a: Glimmora|0 fnt
|faint|p2a: Glimmora
|
|upkeep
|
|t:|1769404865
|switch|p2a: Gengar|Gengar, F|100/100
|-damage|p2a: Gengar|88/100|[from] Spikes
|-damage|p2a: Gengar|76/100|[from] Stealth Rock
|turn|12
|
|t:|1769404866
|move|p1a: Chandelure|Fire Blast|p2a: Gengar
|-damage|p2a: Gengar|0 fnt
|faint|p2a: Gengar
|
|upkeep
|
|t:|1769404871
|switch|p2a: Hippowdon|Hippowdon, M|16/100
|-damage|p2a: Hippowdon|4/100|[from] Spikes
|-damage|p2a: Hippowdon|0 fnt|[from] Stealth Rock
|faint|p2a: Hippowdon
|
|t:|1769404872
|switch|p2a: Excadrill|Excadrill, M|100/100
|-damage|p2a: Excadrill|88/100|[from] Spikes
|-damage|p2a: Excadrill|85/100|[from] Stealth Rock
|turn|13
|
|t:|1769404877
|-terastallize|p2a: Excadrill|Psychic
|move|p1a: Chandelure|Fire Blast|p2a: Excadrill
|-damage|p2a: Excadrill|0 fnt
|faint|p2a: Excadrill
|
|upkeep
|
|t:|1769404882
|switch|p2a: Ambipom|Ambipom, M|100/100
|-damage|p2a: Ambipom|88/100|[from] Spikes
|-damage|p2a: Ambipom|76/100|[from] Stealth Rock
|turn|14
|
|t:|1769404884
|move|p2a: Ambipom|Fake Out|p1a: Chandelure
|-immune|p1a: Chandelure
|move|p1a: Chandelure|Fire Blast|p2a: Ambipom
|-damage|p2a: Ambipom|0 fnt
|faint|p2a: Ambipom
|
|win|Joker555J
|raw|Joker555J's rating: 1170 &rarr; <strong>1192</strong><br />(+22 for winning)
|raw|rockdrigox666's rating: 1132 &rarr; <strong>1110</strong><br />(-22 for losing)
|l|☆rockdrigox666
|player|p2|
|l|☆Joker555J
|player|p1|
