|j|☆nimjaisugly
|j|☆sampoke19
|t:|1769406095
|gametype|singles
|player|p1|nimjaisugly|clavell-s|1546
|player|p2|sampoke19|265|1597
|gen|9
|tier|[Gen 9] OU
|rated|
|rule|HP Percentage Mod: HP is shown in percentages
|rule|Endless Battle Clause: Forcing endless battles is banned
|rule|Species Clause: Limit one of each Pokémon
|rule|OHKO Clause: OHKO moves are banned
|rule|Evasion Items Clause: Evasion items are banned
|rule|Evasion Moves Clause: Evasion moves are banned
|rule|Evasion Abilities Clause: Evasion abilities are banned
|rule|Sleep Moves Clause: Sleep-inducing moves are banned
|clearpoke
|poke|p1|Scyther, F|
|poke|p1|Kleavor, M|
|poke|p1|Scizor, F|
|poke|p1|Alomomola, M|
|poke|p1|Ursaluna, M|
|poke|p1|Dragapult, F|
|poke|p2|Blastoise, M|
|poke|p2|Ceruledge, F|
|poke|p2|Kingambit, M|
|poke|p2|Volcanion|
|poke|p2|Great Tusk|
|poke|p2|Haxorus, M|
|teampreview
|inactive|Battle timer is ON: inactive players will automatically lose when time's up. (requested by nimjaisugly)
|
|t:|1769406104
|teamsize|p1|6
|teamsize|p2|6
|start
|switch|p1a: Kleavor|Kleavor, M|100/100
|switch|p2a: Volcanion|Volcanion|100/100
|turn|1
|
|t:|1769406113
|move|p2a: Volcanion|Steam Eruption|p1a: Kleavor
|-supereffective|p1a: Kleavor
|-damage|p1a: Kleavor|0 fnt
|faint|p1a: Kleavor
|
|upkeep
|
|t:|1769406116
|switch|p1a: Alomomola|Alomomola, M|100/100
|turn|2
|
|t:|1769406121
|move|p2a: Volcanion|Steam Eruption|p1a: Alomomola
|-resisted|p1a: Alomomola
|-damage|p1a: Alomomola|84/100
|-status|p1a: Alomomola|brn
|move|p1a: Alomomola|Mirror Coat|p2a: Volcanion
|-damage|p2a: Volcanion|49/100
|
|-damage|p1a: Alomomola|78/100 brn|[from] brn
|upkeep
|turn|3
|
|t:|1769406131
|switch|p2a: Great Tusk|Great Tusk|100/100
|-enditem|p2a: Great Tusk|Booster Energy
|-activate|p2a: Great Tusk|ability: Protosynthesis|[fromitem]
|-start|p2a: Great Tusk|protosynthesisspe
|move|p1a: Alomomola|Flip Turn|p2a: Great Tusk
|-supereffective|p2a: Great Tusk
|-damage|p2a: Great Tusk|89/100
|
|t:|1769406143
|switch|p1a: Scyther|Scyther, F|100/100|[from] Flip Turn
|
|upkeep
|turn|4
|
|t:|1769406148
|move|p2a: Great Tusk|Stealth Rock|p1a: Scyther
|-sidestart|p1: nimjaisugly|move: Stealth Rock
|move|p1a: Scyther|Dual Wingbeat|p2a: Great Tusk
|-supereffective|p2a: Great Tusk
|-damage|p2a: Great Tusk|29/100
|-supereffective|p2a: Great Tusk
|-damage|p2a: Great Tusk|0 fnt
|faint|p2a: Great Tusk
|-end|p2a: Great Tusk|Protosynthesis|[silent]
|-hitcount|p2: Great Tusk|2
|
|upkeep
|
|t:|1769406160
|switch|p2a: Haxorus|Haxorus, M|100/100
|-ability|p2a: Haxorus|Mold Breaker
|turn|5
|
|t:|1769406164
|move|p1a: Scyther|Dual Wingbeat|p2a: Haxorus
|-damage|p2a: Haxorus|47/100
|-damage|p2a: Haxorus|0 fnt
|faint|p2a: Haxorus
|-hitcount|p2: Haxorus|2
|
|upkeep
|
|t:|1769406171
|switch|p2a: Kingambit|Kingambit, M|100/100
|-activate|p2a: Kingambit|ability: Supreme Overlord
|-start|p2a: Kingambit|fallen2|[silent]
|turn|6
|
|t:|1769406176
|switch|p1a: Ursaluna|Ursaluna, M|100/100
|-damage|p1a: Ursaluna|94/100|[from] Stealth Rock
|move|p2a: Kingambit|Swords Dance|p2a: Kingambit
|-boost|p2a: Kingambit|atk|2
|
|-status|p1a: Ursaluna|brn|[from] item: Flame Orb
|upkeep
|turn|7
|
|t:|1769406188
|-terastallize|p2a: Kingambit|Flying
|move|p2a: Kingambit|Kowtow Cleave|p1a: Ursaluna
|-damage|p1a: Ursaluna|12/100 brn
|move|p1a: Ursaluna|Headlong Rush|p2a: Kingambit
|-immune|p2a: Kingambit
|
|-damage|p1a: Ursaluna|6/100 brn|[from] brn
|upkeep
|turn|8
|
|t:|1769406198
|move|p2a: Kingambit|Kowtow Cleave|p1a: Ursaluna
|-damage|p1a: Ursaluna|0 fnt
|faint|p1a: Ursaluna
|
|upkeep
|
|t:|1769406208
|switch|p1a: Scizor|Scizor, F|100/100
|turn|9
|j| KappaHalo
|
|t:|1769406218
|-terastallize|p1a: Scizor|Steel
|move|p1a: Scizor|Bullet Punch|p2a: Kingambit
|-damage|p2a: Kingambit|59/100
|move|p2a: Kingambit|Kowtow Cleave|p1a: Scizor
|-damage|p1a: Scizor|0 fnt
|faint|p1a: Scizor
|
|upkeep
|-message|nimjaisugly forfeited.
|
|win|sampoke19
|raw|nimjaisugly's rating: 1546 &rarr; <strong>1529</strong><br />(-17 for losing)
|raw|sampoke19's rating: 1597 &rarr; <strong>1614</strong><br />(+17 for winning)
|l|☆nimjaisugly
|player|p1|
|l|☆sampoke19
|player|p2|
|l| KappaHalo
