|j|☆Moreiny
|j|☆NeoNaruto✈️_✈️
|t:|1769392355
|gametype|singles
|player|p1|Moreiny|169|1614
|player|p2|NeoNaruto✈️_✈️|medium|1629
|gen|9
|tier|[Gen 9] OU
|rated|
|rule|HP Percentage Mod: HP is shown in percentages
|rule|Endless Battle Clause: Forcing endless battles is banned
|rule|Species Clause: Limit one of each Pokémon
|rule|OHKO Clause: OHKO moves are banned
|rule|Evasion Items Clause: Evasion items are banned
|rule|Evasion Moves Clause: Evasion moves are banned
|rule|Evasion Abilities Clause: Evasion abilities are banned
|rule|Sleep Moves Clause: Sleep-inducing moves are banned
|clearpoke
|poke|p1|Indeedee, M|
|poke|p1|Great Tusk|
|poke|p1|Polteageist|
|poke|p1|Hawlucha, M|
|poke|p1|Iron Crown|
|poke|p1|Iron Moth|
|poke|p2|Tyranitar, F|
|poke|p2|Iron Moth|
|poke|p2|Staraptor, F|
|poke|p2|Garchomp, F|
|poke|p2|Torkoal, M|
|poke|p2|Dragonite, M|
|teampreview
|inactive|Battle timer is ON: inactive players will automatically lose when time's up. (requested by NeoNaruto✈️_✈️)
|
|t:|1769392367
|teamsize|p1|6
|teamsize|p2|6
|start
|switch|p1a: Great Tusk|Great Tusk|100/100
|switch|p2a: VODECi IV|Iron Moth|100/100
|turn|1
|
|t:|1769392374
|-end|p1a: Great Tusk|Protosynthesis|[silent]
|switch|p1a: Indeedee|Indeedee, M|100/100
|-fieldstart|move: Psychic Terrain|[from] ability: Psychic Surge|[of] p1a: Indeedee
|move|p2a: VODECi IV|Overheat|p1a: Indeedee
|-damage|p1a: Indeedee|0 fnt
|-unboost|p2a: VODECi IV|spa|2
|faint|p1a: Indeedee
|
|upkeep
|
|t:|1769392385
|switch|p1a: Hawlucha|Hawlucha, M|100/100
|-enditem|p1a: Hawlucha|Psychic Seed
|-boost|p1a: Hawlucha|spd|1|[from] item: Psychic Seed
|turn|2
|
|t:|1769392390
|-end|p2a: VODECi IV|Quark Drive|[silent]
|switch|p2a: OVO CHUBBS|Torkoal, M|100/100
|-weather|SunnyDay|[from] ability: Drought|[of] p2a: OVO CHUBBS
|move|p1a: Hawlucha|Swords Dance|p1a: Hawlucha
|-boost|p1a: Hawlucha|atk|2
|
|-weather|SunnyDay|[upkeep]
|upkeep
|turn|3
|
|t:|1769392396
|move|p1a: Hawlucha|Acrobatics|p2a: OVO CHUBBS
|-damage|p2a: OVO CHUBBS|45/100
|move|p2a: OVO CHUBBS|Will-O-Wisp|p1a: Hawlucha
|-status|p1a: Hawlucha|brn
|
|-weather|SunnyDay|[upkeep]
|-damage|p1a: Hawlucha|94/100 brn|[from] brn
|upkeep
|turn|4
|
|t:|1769392399
|move|p1a: Hawlucha|Swords Dance|p1a: Hawlucha
|-boost|p1a: Hawlucha|atk|2
|move|p2a: OVO CHUBBS|Clear Smog|p1a: Hawlucha
|-damage|p1a: Hawlucha|83/100 brn
|-clearboost|p1a: Hawlucha
|
|-weather|SunnyDay|[upkeep]
|-damage|p1a: Hawlucha|77/100 brn|[from] brn
|upkeep
|turn|5
|
|t:|1769392403
|switch|p2a: BLITZ SOME OPPS|Garchomp, F|100/100
|move|p1a: Hawlucha|Swords Dance|p1a: Hawlucha
|-boost|p1a: Hawlucha|atk|2
|
|-weather|SunnyDay|[upkeep]
|-damage|p1a: Hawlucha|71/100 brn|[from] brn
|upkeep
|turn|6
|
|t:|1769392409
|move|p1a: Hawlucha|Acrobatics|p2a: BLITZ SOME OPPS
|-damage|p2a: BLITZ SOME OPPS|71/100
|-damage|p1a: Hawlucha|58/100 brn|[from] ability: Rough Skin|[of] p2a: BLITZ SOME OPPS
|-damage|p1a: Hawlucha|42/100 brn|[from] item: Rocky Helmet|[of] p2a: BLITZ SOME OPPS
|move|p2a: BLITZ SOME OPPS|Stealth Rock|p1a: Hawlucha
|-sidestart|p1: Moreiny|move: Stealth Rock
|
|-weather|none
|-damage|p1a: Hawlucha|36/100 brn|[from] brn
|upkeep
|turn|7
|
|t:|1769392412
|move|p1a: Hawlucha|Encore|p2a: BLITZ SOME OPPS
|-start|p2a: BLITZ SOME OPPS|Encore
|move|p2a: BLITZ SOME OPPS|Stealth Rock||[still]
|-fail|p2a: BLITZ SOME OPPS
|
|-damage|p1a: Hawlucha|30/100 brn|[from] brn
|upkeep
|turn|8
|
|t:|1769392421
|move|p1a: Hawlucha|Swords Dance|p1a: Hawlucha
|-boost|p1a: Hawlucha|atk|2
|move|p2a: BLITZ SOME OPPS|Stealth Rock||[still]
|-fail|p2a: BLITZ SOME OPPS
|
|-damage|p1a: Hawlucha|23/100 brn|[from] brn
|-fieldend|move: Psychic Terrain
|upkeep
|turn|9
|
|t:|1769392427
|move|p1a: Hawlucha|Swords Dance|p1a: Hawlucha
|-boost|p1a: Hawlucha|atk|2
|move|p2a: BLITZ SOME OPPS|Stealth Rock||[still]
|-fail|p2a: BLITZ SOME OPPS
|
|-damage|p1a: Hawlucha|17/100 brn|[from] brn
|-end|p2a: BLITZ SOME OPPS|Encore
|upkeep
|turn|10
|
|t:|1769392435
|switch|p2a: OVO CHUBBS|Torkoal, M|45/100
|-weather|SunnyDay|[from] ability: Drought|[of] p2a: OVO CHUBBS
|move|p1a: Hawlucha|Acrobatics|p2a: OVO CHUBBS
|-damage|p2a: OVO CHUBBS|0 fnt
|faint|p2a: OVO CHUBBS
|
|-weather|SunnyDay|[upkeep]
|-damage|p1a: Hawlucha|11/100 brn|[from] brn
|upkeep
|
|t:|1769392441
|switch|p2a: DA LAST REX(3005)|Tyranitar, F|100/100
|-weather|Sandstorm|[from] ability: Sand Stream|[of] p2a: DA LAST REX(3005)
|turn|11
|
|t:|1769392445
|switch|p2a: BLITZ SOME OPPS|Garchomp, F|71/100
|move|p1a: Hawlucha|Close Combat|p2a: BLITZ SOME OPPS
|-crit|p2a: BLITZ SOME OPPS
|-damage|p2a: BLITZ SOME OPPS|0 fnt
|-unboost|p1a: Hawlucha|def|1
|-unboost|p1a: Hawlucha|spd|1
|-damage|p1a: Hawlucha|0 fnt|[from] ability: Rough Skin|[of] p2a: BLITZ SOME OPPS
|faint|p2a: BLITZ SOME OPPS
|faint|p1a: Hawlucha
|
|-weather|Sandstorm|[upkeep]
|upkeep
|
|t:|1769392450
|switch|p1a: Iron Crown|Iron Crown|100/100
|switch|p2a: VODECi IV|Iron Moth|100/100
|-damage|p1a: Iron Crown|94/100|[from] Stealth Rock
|turn|12
|
|t:|1769392457
|-end|p2a: VODECi IV|Quark Drive|[silent]
|switch|p2a: DA LAST REX(3005)|Tyranitar, F|100/100
|move|p1a: Iron Crown|Future Sight|p2a: DA LAST REX(3005)
|-start|p1a: Iron Crown|move: Future Sight
|
|-weather|Sandstorm|[upkeep]
|upkeep
|turn|13
|
|t:|1769392461
|-end|p1a: Iron Crown|Quark Drive|[silent]
|switch|p1a: Great Tusk|Great Tusk|100/100
|-damage|p1a: Great Tusk|98/100|[from] Stealth Rock
|move|p2a: DA LAST REX(3005)|Dragon Tail|p1a: Great Tusk
|-damage|p1a: Great Tusk|89/100
|-damage|p2a: DA LAST REX(3005)|84/100|[from] item: Rocky Helmet|[of] p1a: Great Tusk
|-end|p1a: Great Tusk|Protosynthesis|[silent]
|drag|p1a: Iron Crown|Iron Crown|94/100
|-damage|p1a: Iron Crown|88/100|[from] Stealth Rock
|
|-weather|Sandstorm|[upkeep]
|upkeep
|turn|14
|
|t:|1769392467
|move|p1a: Iron Crown|Tachyon Cutter|p2a: DA LAST REX(3005)
|-supereffective|p2a: DA LAST REX(3005)
|-damage|p2a: DA LAST REX(3005)|64/100
|-supereffective|p2a: DA LAST REX(3005)
|-damage|p2a: DA LAST REX(3005)|42/100
|-hitcount|p2a: DA LAST REX(3005)|2
|move|p2a: DA LAST REX(3005)|Dragon Tail|p1a: Iron Crown
|-resisted|p1a: Iron Crown
|-damage|p1a: Iron Crown|79/100
|-end|p1a: Iron Crown|Quark Drive|[silent]
|drag|p1a: Iron Moth|Iron Moth|100/100
|-damage|p1a: Iron Moth|76/100|[from] Stealth Rock
|-enditem|p1a: Iron Moth|Booster Energy
|-activate|p1a: Iron Moth|ability: Quark Drive|[fromitem]
|-start|p1a: Iron Moth|quarkdrivespa
|
|-weather|Sandstorm|[upkeep]
|-damage|p1a: Iron Moth|70/100|[from] Sandstorm
|-end|p2a: DA LAST REX(3005)|move: Future Sight
|-immune|p2a: DA LAST REX(3005)
|upkeep
|turn|15
|
|t:|1769392477
|move|p1a: Iron Moth|Energy Ball|p2a: DA LAST REX(3005)
|-supereffective|p2a: DA LAST REX(3005)
|-damage|p2a: DA LAST REX(3005)|14/100
|move|p2a: DA LAST REX(3005)|Dragon Tail|p1a: Iron Moth
|-damage|p1a: Iron Moth|36/100
|-end|p1a: Iron Moth|Quark Drive|[silent]
|drag|p1a: Polteageist|Polteageist|100/100
|-damage|p1a: Polteageist|88/100|[from] Stealth Rock
|
|-weather|none
|upkeep
|turn|16
|
|t:|1769392484
|switch|p1a: Great Tusk|Great Tusk|89/100
|-damage|p1a: Great Tusk|86/100|[from] Stealth Rock
|move|p2a: DA LAST REX(3005)|Dragon Tail|p1a: Great Tusk
|-damage|p1a: Great Tusk|77/100
|-damage|p2a: DA LAST REX(3005)|0 fnt|[from] item: Rocky Helmet|[of] p1a: Great Tusk
|faint|p2a: DA LAST REX(3005)
|-end|p1a: Great Tusk|Protosynthesis|[silent]
|drag|p1a: Iron Crown|Iron Crown|79/100
|-damage|p1a: Iron Crown|72/100|[from] Stealth Rock
|
|upkeep
|
|t:|1769392489
|switch|p2a: VODECi IV|Iron Moth|100/100
|turn|17
|
|t:|1769392500
|-end|p1a: Iron Crown|Quark Drive|[silent]
|switch|p1a: Iron Moth|Iron Moth|36/100
|-damage|p1a: Iron Moth|11/100|[from] Stealth Rock
|move|p2a: VODECi IV|Overheat|p1a: Iron Moth
|-resisted|p1a: Iron Moth
|-damage|p1a: Iron Moth|0 fnt
|-unboost|p2a: VODECi IV|spa|2
|faint|p1a: Iron Moth
|-end|p1a: Iron Moth|Quark Drive|[silent]
|
|upkeep
|
|t:|1769392514
|switch|p1a: Polteageist|Polteageist|88/100
|-damage|p1a: Polteageist|76/100|[from] Stealth Rock
|turn|18
|
|t:|1769392517
|-end|p2a: VODECi IV|Quark Drive|[silent]
|switch|p2a: BIRD JESUS|Staraptor, F, shiny|100/100
|move|p1a: Polteageist|Shell Smash|p1a: Polteageist
|-unboost|p1a: Polteageist|def|1
|-unboost|p1a: Polteageist|spd|1
|-boost|p1a: Polteageist|atk|2
|-boost|p1a: Polteageist|spa|2
|-boost|p1a: Polteageist|spe|2
|
|upkeep
|turn|19
|
|t:|1769392520
|move|p1a: Polteageist|Stored Power|p2a: BIRD JESUS
|-damage|p2a: BIRD JESUS|0 fnt
|faint|p2a: BIRD JESUS
|
|upkeep
|
|t:|1769392522
|switch|p2a: FAT CHARIZARD|Dragonite, M, shiny|100/100
|turn|20
|
|t:|1769392531
|move|p1a: Polteageist|Stored Power|p2a: FAT CHARIZARD
|-damage|p2a: FAT CHARIZARD|44/100
|move|p2a: FAT CHARIZARD|Earthquake|p1a: Polteageist
|-damage|p1a: Polteageist|0 fnt
|faint|p1a: Polteageist
|
|upkeep
|
|t:|1769392534
|switch|p1a: Great Tusk|Great Tusk|77/100
|-damage|p1a: Great Tusk|74/100|[from] Stealth Rock
|turn|21
|
|t:|1769392538
|-terastallize|p2a: FAT CHARIZARD|Fairy
|move|p2a: FAT CHARIZARD|Tera Blast|p1a: Great Tusk|[anim] Tera Blast Fairy
|-supereffective|p1a: Great Tusk
|-damage|p1a: Great Tusk|30/100
|move|p1a: Great Tusk|Rapid Spin|p2a: FAT CHARIZARD
|-damage|p2a: FAT CHARIZARD|27/100
|-boost|p1a: Great Tusk|spe|1
|-sideend|p1: Moreiny|Stealth Rock|[from] move: Rapid Spin|[of] p1a: Great Tusk
|
|upkeep
|turn|22
|
|t:|1769392543
|move|p1a: Great Tusk|Earthquake|p2a: FAT CHARIZARD
|-damage|p2a: FAT CHARIZARD|0 fnt
|faint|p2a: FAT CHARIZARD
|
|upkeep
|
|t:|1769392544
|switch|p2a: VODECi IV|Iron Moth|100/100
|turn|23
|
|t:|1769392551
|-terastallize|p1a: Great Tusk|Dragon
|move|p1a: Great Tusk|Earthquake|p2a: VODECi IV
|-supereffective|p2a: VODECi IV
|-damage|p2a: VODECi IV|0 fnt
|faint|p2a: VODECi IV
|-end|p2a: VODECi IV|Quark Drive|[silent]
|
|win|Moreiny
|raw|Moreiny's rating: 1614 &rarr; <strong>1635</strong><br />(+21 for winning)
|raw|NeoNaruto✈️_✈️'s rating: 1629 &rarr; <strong>1608</strong><br />(-21 for losing)
|l|☆NeoNaruto✈️_✈️
|player|p2|
|l|☆Moreiny
|player|p1|
