|j|☆elinamgan
|j|☆Shy Sammy
|t:|1769404561
|gametype|singles
|player|p1|elinamgan|cynthia-gen4|1106
|player|p2|Shy Sammy|pokemaniac|1115
|gen|9
|tier|[Gen 9] OU
|rated|
|rule|HP Percentage Mod: HP is shown in percentages
|rule|Endless Battle Clause: Forcing endless battles is banned
|rule|Species Clause: Limit one of each Pokémon
|rule|OHKO Clause: OHKO moves are banned
|rule|Evasion Items Clause: Evasion items are banned
|rule|Evasion Moves Clause: Evasion moves are banned
|rule|Evasion Abilities Clause: Evasion abilities are banned
|rule|Sleep Moves Clause: Sleep-inducing moves are banned
|clearpoke
|poke|p1|Infernape, F|
|poke|p1|Gardevoir, M|
|poke|p1|Garchomp, M|
|poke|p1|Sceptile, F|
|poke|p1|Milotic, M|
|poke|p1|Kingambit, F|
|poke|p2|Pelipper, M|
|poke|p2|Barraskewda, M|
|poke|p2|Kingdra, M|
|poke|p2|Thundurus, M|
|poke|p2|Amoonguss, M|
|poke|p2|Clodsire, M|
|teampreview
|inactive|Battle timer is ON: inactive players will automatically lose when time's up. (requested by elinamgan)
|
|t:|1769404581
|teamsize|p1|6
|teamsize|p2|6
|start
|switch|p1a: Sceptile|Sceptile, F|100/100
|switch|p2a: Special Dumplin|Clodsire, M|100/100
|turn|1
|
|t:|1769404605
|move|p1a: Sceptile|Acrobatics|p2a: Special Dumplin
|-damage|p2a: Special Dumplin|85/100
|move|p2a: Special Dumplin|Stealth Rock|p1a: Sceptile
|-sidestart|p1: elinamgan|move: Stealth Rock
|
|-heal|p2a: Special Dumplin|91/100|[from] item: Leftovers
|upkeep
|turn|2
|
|t:|1769404616
|move|p1a: Sceptile|Leaf Blade|p2a: Special Dumplin
|-damage|p2a: Special Dumplin|52/100
|move|p2a: Special Dumplin|Toxic|p1a: Sceptile
|-status|p1a: Sceptile|tox
|
|-heal|p2a: Special Dumplin|58/100|[from] item: Leftovers
|-damage|p1a: Sceptile|94/100 tox|[from] psn
|upkeep
|turn|3
|
|t:|1769404638
|move|p1a: Sceptile|Leaf Blade|p2a: Special Dumplin
|-damage|p2a: Special Dumplin|17/100
|move|p2a: Special Dumplin|Recover|p2a: Special Dumplin
|-heal|p2a: Special Dumplin|67/100
|
|-heal|p2a: Special Dumplin|73/100|[from] item: Leftovers
|-damage|p1a: Sceptile|82/100 tox|[from] psn
|upkeep
|turn|4
|
|t:|1769404646
|move|p1a: Sceptile|Swords Dance|p1a: Sceptile
|-boost|p1a: Sceptile|atk|2
|move|p2a: Special Dumplin|Recover|p2a: Special Dumplin
|-heal|p2a: Special Dumplin|100/100
|
|-damage|p1a: Sceptile|64/100 tox|[from] psn
|upkeep
|turn|5
|
|t:|1769404657
|switch|p1a: Milotic|Milotic, M|100/100
|-damage|p1a: Milotic|88/100|[from] Stealth Rock
|move|p2a: Special Dumplin|Earthquake|p1a: Milotic
|-crit|p1a: Milotic
|-damage|p1a: Milotic|60/100
|
|-heal|p1a: Milotic|66/100|[from] item: Leftovers
|upkeep
|turn|6
|
|t:|1769404666
|move|p1a: Milotic|Hydro Pump|p2a: Special Dumplin
|-immune|p2a: Special Dumplin|[from] ability: Water Absorb
|move|p2a: Special Dumplin|Toxic|p1a: Milotic
|-status|p1a: Milotic|tox
|
|-heal|p1a: Milotic|73/100 tox|[from] item: Leftovers
|-damage|p1a: Milotic|66/100 tox|[from] psn
|upkeep
|turn|7
|-message|elinamgan forfeited.
|
|win|Shy Sammy
|raw|elinamgan's rating: 1106 &rarr; <strong>1082</strong><br />(-24 for losing)
|raw|Shy Sammy's rating: 1115 &rarr; <strong>1139</strong><br />(+24 for winning)
|l|☆elinamgan
|player|p1|
|l|☆Shy Sammy
|player|p2|
