|j|☆5darkelves
|j|☆brickforbrains
|t:|1769443840
|gametype|singles
|player|p1|5darkelves|170|1566
|player|p2|brickforbrains|clerk|1546
|gen|9
|tier|[Gen 9] OU
|rated|
|rule|HP Percentage Mod: HP is shown in percentages
|rule|Endless Battle Clause: Forcing endless battles is banned
|rule|Species Clause: Limit one of each Pokémon
|rule|OHKO Clause: OHKO moves are banned
|rule|Evasion Items Clause: Evasion items are banned
|rule|Evasion Moves Clause: Evasion moves are banned
|rule|Evasion Abilities Clause: Evasion abilities are banned
|rule|Sleep Moves Clause: Sleep-inducing moves are banned
|clearpoke
|poke|p1|Persian-Alola, F|
|poke|p1|Ogerpon-Wellspring, F|
|poke|p1|Dragapult, M|
|poke|p1|Iron Crown|
|poke|p1|Cinderace, F|
|poke|p1|Gliscor, M|
|poke|p2|Landorus-Therian, M|
|poke|p2|Revavroom, M|
|poke|p2|Kyurem|
|poke|p2|Hatterene, F|
|poke|p2|Iron Valiant|
|poke|p2|Dragonite, F|
|teampreview
|inactive|Battle timer is ON: inactive players will automatically lose when time's up. (requested by brickforbrains)
|
|t:|1769443857
|teamsize|p1|6
|teamsize|p2|6
|start
|switch|p1a: Ogerpon|Ogerpon-Wellspring, F|100/100
|switch|p2a: Landorus|Landorus-Therian, M|100/100
|-ability|p2a: Landorus|Intimidate|boost
|-unboost|p1a: Ogerpon|atk|1
|turn|1
|
|t:|1769443867
|switch|p1a: Gliscor|Gliscor, M|100/100
|move|p2a: Landorus|Stealth Rock|p1a: Gliscor
|-sidestart|p1: 5darkelves|move: Stealth Rock
|
|-status|p1a: Gliscor|tox|[from] item: Toxic Orb
|upkeep
|turn|2
|
|t:|1769443877
|move|p2a: Landorus|Taunt|p1a: Gliscor
|-start|p1a: Gliscor|move: Taunt
|move|p1a: Gliscor|Earthquake|p2a: Landorus
|-immune|p2a: Landorus
|
|upkeep
|turn|3
|
|t:|1769443885
|move|p2a: Landorus|U-turn|p1a: Gliscor
|-resisted|p1a: Gliscor
|-damage|p1a: Gliscor|93/100 tox
|
|t:|1769443887
|switch|p2a: Dragonite|Dragonite, F|100/100|[from] U-turn
|move|p1a: Gliscor|Earthquake|p2a: Dragonite
|-immune|p2a: Dragonite
|
|-heal|p1a: Gliscor|100/100 tox|[from] ability: Poison Heal
|upkeep
|turn|4
|
|t:|1769443892
|switch|p1a: Persian|Persian-Alola, F|100/100
|-damage|p1a: Persian|88/100|[from] Stealth Rock
|move|p2a: Dragonite|Encore||[still]
|-fail|p2a: Dragonite
|
|upkeep
|turn|5
|
|t:|1769443906
|switch|p2a: Landorus|Landorus-Therian, M|100/100
|-ability|p2a: Landorus|Intimidate|boost
|-unboost|p1a: Persian|atk|1
|move|p1a: Persian|Foul Play|p2a: Landorus
|-damage|p2a: Landorus|62/100
|-damage|p1a: Persian|71/100|[from] item: Rocky Helmet|[of] p2a: Landorus
|
|upkeep
|turn|6
|
|t:|1769443920
|move|p1a: Persian|Taunt|p2a: Landorus
|-start|p2a: Landorus|move: Taunt
|move|p2a: Landorus|U-turn|p1a: Persian
|-supereffective|p1a: Persian
|-damage|p1a: Persian|50/100
|-damage|p2a: Landorus|46/100|[from] item: Rocky Helmet|[of] p1a: Persian
|
|t:|1769443942
|switch|p2a: Hatterene|Hatterene, F|100/100|[from] U-turn
|
|upkeep
|turn|7
|
|t:|1769443950
|move|p1a: Persian|Parting Shot|p2a: Hatterene
|move|p2a: Hatterene|Parting Shot|p1a: Persian|[from] ability: Magic Bounce
|-unboost|p1a: Persian|atk|1
|-unboost|p1a: Persian|spa|1
|
|t:|1769443971
|switch|p2a: Landorus|Landorus-Therian, M|46/100|[from] Parting Shot
|-ability|p2a: Landorus|Intimidate|boost
|-unboost|p1a: Persian|atk|1
|
|upkeep
|turn|8
|
|t:|1769443980
|move|p1a: Persian|Foul Play|p2a: Landorus
|-damage|p2a: Landorus|10/100
|-damage|p1a: Persian|33/100|[from] item: Rocky Helmet|[of] p2a: Landorus
|move|p2a: Landorus|U-turn|p1a: Persian
|-supereffective|p1a: Persian
|-damage|p1a: Persian|12/100
|-damage|p2a: Landorus|0 fnt|[from] item: Rocky Helmet|[of] p1a: Persian
|faint|p2a: Landorus
|
|upkeep
|inactive|brickforbrains has 120 seconds left.
|
|t:|1769444006
|switch|p2a: Iron Valiant|Iron Valiant|100/100
|-enditem|p2a: Iron Valiant|Booster Energy
|-activate|p2a: Iron Valiant|ability: Quark Drive|[fromitem]
|-start|p2a: Iron Valiant|quarkdrivespe
|turn|9
|
|t:|1769444015
|move|p2a: Iron Valiant|Calm Mind|p2a: Iron Valiant
|-boost|p2a: Iron Valiant|spa|1
|-boost|p2a: Iron Valiant|spd|1
|move|p1a: Persian|Thunder Wave|p2a: Iron Valiant|[miss]
|-miss|p1a: Persian|p2a: Iron Valiant
|
|upkeep
|turn|10
|
|t:|1769444021
|-terastallize|p2a: Iron Valiant|Electric
|move|p2a: Iron Valiant|Calm Mind|p2a: Iron Valiant
|-boost|p2a: Iron Valiant|spa|1
|-boost|p2a: Iron Valiant|spd|1
|move|p1a: Persian|Thunder Wave|p2a: Iron Valiant
|-immune|p2a: Iron Valiant
|
|upkeep
|turn|11
|
|t:|1769444028
|move|p2a: Iron Valiant|Calm Mind|p2a: Iron Valiant
|-boost|p2a: Iron Valiant|spa|1
|-boost|p2a: Iron Valiant|spd|1
|move|p1a: Persian|Foul Play|p2a: Iron Valiant
|-damage|p2a: Iron Valiant|62/100
|
|upkeep
|turn|12
|
|t:|1769444035
|move|p2a: Iron Valiant|Moonblast|p1a: Persian
|-supereffective|p1a: Persian
|-damage|p1a: Persian|0 fnt
|faint|p1a: Persian
|
|upkeep
|
|t:|1769444038
|switch|p1a: Iron Crown|Iron Crown|100/100
|-damage|p1a: Iron Crown|94/100|[from] Stealth Rock
|turn|13
|
|t:|1769444042
|move|p2a: Iron Valiant|Thunderbolt|p1a: Iron Crown
|-damage|p1a: Iron Crown|26/100
|move|p1a: Iron Crown|Future Sight|p2a: Iron Valiant
|-start|p1a: Iron Crown|move: Future Sight
|
|upkeep
|turn|14
|
|t:|1769444047
|move|p2a: Iron Valiant|Moonblast|p1a: Iron Crown
|-resisted|p1a: Iron Crown
|-damage|p1a: Iron Crown|0 fnt
|faint|p1a: Iron Crown
|-end|p1a: Iron Crown|Quark Drive|[silent]
|
|upkeep
|
|t:|1769444054
|switch|p1a: Gliscor|Gliscor, M|100/100 tox
|-damage|p1a: Gliscor|88/100 tox|[from] Stealth Rock
|turn|15
|
|t:|1769444056
|move|p1a: Gliscor|Protect|p1a: Gliscor
|-singleturn|p1a: Gliscor|Protect
|move|p2a: Iron Valiant|Moonblast|p1a: Gliscor
|-activate|p1a: Gliscor|move: Protect
|
|-end|p2a: Iron Valiant|move: Future Sight
|-damage|p2a: Iron Valiant|18/100
|-heal|p1a: Gliscor|100/100 tox|[from] ability: Poison Heal
|upkeep
|turn|16
|
|t:|1769444063
|move|p2a: Iron Valiant|Encore|p1a: Gliscor
|-start|p1a: Gliscor|Encore
|move|p1a: Gliscor|Protect||[still]
|-fail|p1a: Gliscor
|
|upkeep
|turn|17
|
|t:|1769444067
|switch|p1a: Cinderace|Cinderace, F|100/100
|move|p2a: Iron Valiant|Calm Mind|p2a: Iron Valiant
|-boost|p2a: Iron Valiant|spa|1
|-boost|p2a: Iron Valiant|spd|1
|
|upkeep
|turn|18
|
|t:|1769444071
|move|p1a: Cinderace|Sucker Punch|p2a: Iron Valiant
|-start|p1a: Cinderace|typechange|Dark|[from] ability: Libero
|-damage|p2a: Iron Valiant|0 fnt
|faint|p2a: Iron Valiant
|-end|p2a: Iron Valiant|Quark Drive|[silent]
|
|upkeep
|
|t:|1769444078
|switch|p2a: Kyurem|Kyurem|100/100
|-ability|p2a: Kyurem|Pressure
|turn|19
|
|t:|1769444085
|move|p1a: Cinderace|U-turn|p2a: Kyurem
|-damage|p2a: Kyurem|83/100
|
|t:|1769444094
|switch|p1a: Dragapult|Dragapult, M|100/100|[from] U-turn
|move|p2a: Kyurem|Dragon Dance|p2a: Kyurem
|-boost|p2a: Kyurem|atk|1
|-boost|p2a: Kyurem|spe|1
|
|upkeep
|turn|20
|j| dj stavbo
|
|t:|1769444102
|-terastallize|p1a: Dragapult|Fairy
|move|p2a: Kyurem|Scale Shot|p1a: Dragapult
|-immune|p1a: Dragapult
|move|p1a: Dragapult|Dragon Darts|p2a: Kyurem
|-supereffective|p2a: Kyurem
|-damage|p2a: Kyurem|40/100
|-anim|p1a: Dragapult|Dragon Darts|p2a: Kyurem
|-supereffective|p2a: Kyurem
|-damage|p2a: Kyurem|0 fnt
|faint|p2a: Kyurem
|
|upkeep
|
|t:|1769444106
|switch|p2a: Revavroom|Revavroom, M|100/100
|-item|p2a: Revavroom|Air Balloon
|turn|21
|
|t:|1769444110
|move|p1a: Dragapult|Will-O-Wisp|p2a: Revavroom
|-status|p2a: Revavroom|brn
|move|p2a: Revavroom|Shift Gear|p2a: Revavroom
|-boost|p2a: Revavroom|spe|2
|-boost|p2a: Revavroom|atk|1
|
|-damage|p2a: Revavroom|95/100 brn|[from] brn
|upkeep
|turn|22
|
|t:|1769444119
|switch|p1a: Gliscor|Gliscor, M|100/100 tox
|-damage|p1a: Gliscor|88/100 tox|[from] Stealth Rock
|move|p2a: Revavroom|Shift Gear|p2a: Revavroom
|-boost|p2a: Revavroom|spe|2
|-boost|p2a: Revavroom|atk|1
|
|-heal|p1a: Gliscor|100/100 tox|[from] ability: Poison Heal
|-damage|p2a: Revavroom|89/100 brn|[from] brn
|upkeep
|turn|23
|
|t:|1769444131
|switch|p1a: Cinderace|Cinderace, F|100/100
|move|p2a: Revavroom|Iron Head|p1a: Cinderace
|-resisted|p1a: Cinderace
|-damage|p1a: Cinderace|75/100
|
|-damage|p2a: Revavroom|83/100 brn|[from] brn
|upkeep
|turn|24
|
|t:|1769444136
|move|p1a: Cinderace|Sucker Punch|p2a: Revavroom
|-start|p1a: Cinderace|typechange|Dark|[from] ability: Libero
|-damage|p2a: Revavroom|49/100 brn
|-enditem|p2a: Revavroom|Air Balloon
|move|p2a: Revavroom|High Horsepower|p1a: Cinderace
|-damage|p1a: Cinderace|35/100
|
|-damage|p2a: Revavroom|43/100 brn|[from] brn
|upkeep
|turn|25
|
|t:|1769444145
|move|p1a: Cinderace|Sucker Punch|p2a: Revavroom
|-damage|p2a: Revavroom|10/100 brn
|move|p2a: Revavroom|Iron Head|p1a: Cinderace
|-damage|p1a: Cinderace|0 fnt
|faint|p1a: Cinderace
|
|-damage|p2a: Revavroom|4/100 brn|[from] brn
|upkeep
|
|t:|1769444149
|switch|p1a: Gliscor|Gliscor, M|100/100 tox
|-damage|p1a: Gliscor|88/100 tox|[from] Stealth Rock
|turn|26
|
|t:|1769444153
|move|p1a: Gliscor|Protect|p1a: Gliscor
|-singleturn|p1a: Gliscor|Protect
|move|p2a: Revavroom|Iron Head|p1a: Gliscor
|-activate|p1a: Gliscor|move: Protect
|
|-heal|p1a: Gliscor|100/100 tox|[from] ability: Poison Heal
|-damage|p2a: Revavroom|0 fnt|[from] brn
|faint|p2a: Revavroom
|upkeep
|
|t:|1769444157
|switch|p2a: Dragonite|Dragonite, F|100/100
|turn|27
|
|t:|1769444166
|switch|p1a: Dragapult|Dragapult, M, tera:Fairy|100/100
|move|p2a: Dragonite|Dragon Dance|p2a: Dragonite
|-boost|p2a: Dragonite|atk|1
|-boost|p2a: Dragonite|spe|1
|
|upkeep
|turn|28
|
|t:|1769444170
|move|p2a: Dragonite|Fire Punch|p1a: Dragapult
|-damage|p1a: Dragapult|44/100
|move|p1a: Dragapult|Will-O-Wisp|p2a: Dragonite|[miss]
|-miss|p1a: Dragapult|p2a: Dragonite
|
|upkeep
|turn|29
|
|t:|1769444177
|move|p2a: Dragonite|Fire Punch|p1a: Dragapult
|-damage|p1a: Dragapult|0 fnt
|faint|p1a: Dragapult
|
|upkeep
|
|t:|1769444181
|switch|p1a: Gliscor|Gliscor, M|100/100 tox
|-damage|p1a: Gliscor|88/100 tox|[from] Stealth Rock
|turn|30
|
|t:|1769444185
|move|p2a: Dragonite|Dragon Dance|p2a: Dragonite
|-boost|p2a: Dragonite|atk|1
|-boost|p2a: Dragonite|spe|1
|move|p1a: Gliscor|Toxic|p2a: Dragonite
|-status|p2a: Dragonite|tox
|
|-damage|p2a: Dragonite|94/100 tox|[from] psn
|-heal|p1a: Gliscor|100/100 tox|[from] ability: Poison Heal
|upkeep
|turn|31
|
|t:|1769444197
|move|p2a: Dragonite|Encore|p1a: Gliscor
|-start|p1a: Gliscor|Encore
|move|p1a: Gliscor|Toxic|p2a: Dragonite
|-fail|p2a: Dragonite|tox
|
|-damage|p2a: Dragonite|82/100 tox|[from] psn
|upkeep
|turn|32
|
|t:|1769444209
|move|p2a: Dragonite|Dragon Dance|p2a: Dragonite
|-boost|p2a: Dragonite|atk|1
|-boost|p2a: Dragonite|spe|1
|move|p1a: Gliscor|Toxic|p2a: Dragonite
|-fail|p2a: Dragonite|tox
|
|-damage|p2a: Dragonite|63/100 tox|[from] psn
|upkeep
|turn|33
|
|t:|1769444215
|move|p2a: Dragonite|Scale Shot|p1a: Gliscor
|-damage|p1a: Gliscor|75/100 tox
|-damage|p1a: Gliscor|50/100 tox
|-damage|p1a: Gliscor|23/100 tox
|-damage|p1a: Gliscor|0 fnt
|faint|p1a: Gliscor
|-hitcount|p1: Gliscor|4
|-unboost|p2a: Dragonite|def|1
|-boost|p2a: Dragonite|spe|1
|
|-damage|p2a: Dragonite|39/100 tox|[from] psn
|upkeep
|
|t:|1769444226
|switch|p1a: Ogerpon|Ogerpon-Wellspring, F|100/100
|-damage|p1a: Ogerpon|88/100|[from] Stealth Rock
|turn|34
|
|t:|1769444231
|move|p2a: Dragonite|Scale Shot|p1a: Ogerpon
|-damage|p1a: Ogerpon|45/100
|-damage|p1a: Ogerpon|2/100
|-crit|p1a: Ogerpon
|-damage|p1a: Ogerpon|0 fnt
|faint|p1a: Ogerpon
|-hitcount|p1: Ogerpon|3
|
|win|brickforbrains
|raw|5darkelves's rating: 1566 &rarr; <strong>1545</strong><br />(-21 for losing)
|raw|brickforbrains's rating: 1546 &rarr; <strong>1567</strong><br />(+21 for winning)
|l|☆5darkelves
|player|p1|
|l| dj stavbo
