|j|☆Kanha Greninja
|j|☆Luisowbro
|t:|1769435621
|gametype|singles
|player|p1|Kanha Greninja|#rbtt7teamgiratinao|1572
|player|p2|Luisowbro|ingo|1599
|gen|9
|tier|[Gen 9] OU
|rated|
|rule|HP Percentage Mod: HP is shown in percentages
|rule|Endless Battle Clause: Forcing endless battles is banned
|rule|Species Clause: Limit one of each Pokémon
|rule|OHKO Clause: OHKO moves are banned
|rule|Evasion Items Clause: Evasion items are banned
|rule|Evasion Moves Clause: Evasion moves are banned
|rule|Evasion Abilities Clause: Evasion abilities are banned
|rule|Sleep Moves Clause: Sleep-inducing moves are banned
|clearpoke
|poke|p1|Enamorus, F|
|poke|p1|Araquanid, M|
|poke|p1|Cinderace, M|
|poke|p1|Kingambit, F|
|poke|p1|Serperior, F|
|poke|p1|Ceruledge, M|
|poke|p2|Haxorus, M|
|poke|p2|Moltres-Galar|
|poke|p2|Mamoswine, M|
|poke|p2|Scizor, M|
|poke|p2|Volcanion|
|poke|p2|Ninetales-Alola, F|
|teampreview
|inactive|Battle timer is ON: inactive players will automatically lose when time's up. (requested by Luisowbro)
|j| opthebestkkj
|
|t:|1769435643
|teamsize|p1|6
|teamsize|p2|6
|start
|switch|p1a: Araquanid|Araquanid, M|100/100
|switch|p2a: Moltres|Moltres-Galar, shiny|100/100
|turn|1
|
|t:|1769435649
|move|p2a: Moltres|Air Slash|p1a: Araquanid
|-supereffective|p1a: Araquanid
|-damage|p1a: Araquanid|49/100
|move|p1a: Araquanid|Sticky Web|p2a: Moltres
|-sidestart|p2: Luisowbro|move: Sticky Web
|
|upkeep
|turn|2
|
|t:|1769435653
|move|p1a: Araquanid|Endure|p1a: Araquanid
|-singleturn|p1a: Araquanid|move: Endure
|move|p2a: Moltres|Air Slash|p1a: Araquanid
|-supereffective|p1a: Araquanid
|-activate|p1a: Araquanid|move: Endure
|-damage|p1a: Araquanid|1/100
|
|upkeep
|turn|3
|-enditem|p1a: Araquanid|Custap Berry|[eat]
|-activate|p1a: Araquanid|item: Custap Berry|[consumed]
|
|t:|1769435675
|move|p1a: Araquanid|Endeavor|p2a: Moltres
|-damage|p2a: Moltres|1/100
|-ability|p2a: Moltres|Berserk|boost
|-boost|p2a: Moltres|spa|1
|-enditem|p2a: Moltres|Sitrus Berry|[eat]
|-heal|p2a: Moltres|26/100|[from] item: Sitrus Berry
|move|p2a: Moltres|Fiery Wrath|p1a: Araquanid
|-damage|p1a: Araquanid|0 fnt
|faint|p1a: Araquanid
|
|upkeep
|
|t:|1769435701
|switch|p1a: Enamorus|Enamorus, F|100/100
|turn|4
|inactive|Luisowbro has 120 seconds left.
|
|t:|1769435741
|move|p1a: Enamorus|Moonblast|p2a: Moltres
|-supereffective|p2a: Moltres
|-damage|p2a: Moltres|0 fnt
|faint|p2a: Moltres
|
|upkeep
|
|t:|1769435747
|switch|p2a: Scizor|Scizor, M|100/100
|-activate|p2a: Scizor|move: Sticky Web
|-unboost|p2a: Scizor|spe|1
|turn|5
|
|t:|1769435753
|switch|p1a: Cinderace|Cinderace, M|100/100
|move|p2a: Scizor|Defog|p1a: Cinderace
|-unboost|p1a: Cinderace|evasion|1
|-sideend|p2: Luisowbro|Sticky Web|[from] move: Defog|[of] p2a: Scizor
|
|upkeep
|turn|6
|
|t:|1769435759
|switch|p2a: Volcanion|Volcanion|100/100
|move|p1a: Cinderace|Pyro Ball|p2a: Volcanion
|-resisted|p2a: Volcanion
|-damage|p2a: Volcanion|88/100
|
|upkeep
|turn|7
|inactive|Kanha Greninja has 120 seconds left.
|
|t:|1769435796
|move|p1a: Cinderace|High Jump Kick|p2a: Volcanion|[miss]
|-start|p1a: Cinderace|typechange|Fighting|[from] ability: Libero
|-miss|p1a: Cinderace|p2a: Volcanion
|-damage|p1a: Cinderace|51/100|[from] highjumpkick
|move|p2a: Volcanion|Sludge Bomb|p1a: Cinderace
|-damage|p1a: Cinderace|1/100
|
|upkeep
|turn|8
|inactive|Luisowbro has 120 seconds left.
|
|t:|1769435811
|move|p1a: Cinderace|High Jump Kick|p2a: Volcanion
|-damage|p2a: Volcanion|36/100
|move|p2a: Volcanion|Flamethrower|p1a: Cinderace
|-damage|p1a: Cinderace|0 fnt
|faint|p1a: Cinderace
|
|upkeep
|inactive|Kanha Greninja has 120 seconds left.
|
|t:|1769435824
|switch|p1a: Serperior|Serperior, F|100/100
|turn|9
|
|t:|1769435827
|move|p1a: Serperior|Leaf Storm|p2a: Volcanion
|-damage|p2a: Volcanion|2/100
|-boost|p1a: Serperior|spa|2
|move|p2a: Volcanion|Flamethrower|p1a: Serperior
|-supereffective|p1a: Serperior
|-damage|p1a: Serperior|0 fnt
|faint|p1a: Serperior
|
|upkeep
|
|t:|1769435834
|switch|p1a: Enamorus|Enamorus, F|100/100
|turn|10
|
|t:|1769435841
|move|p1a: Enamorus|Mystical Fire|p2a: Volcanion
|-resisted|p2a: Volcanion
|-damage|p2a: Volcanion|0 fnt
|faint|p2a: Volcanion
|
|upkeep
|
|t:|1769435857
|switch|p2a: Scizor|Scizor, M|100/100
|turn|11
|inactive|Kanha Greninja has 120 seconds left.
|
|t:|1769435901
|switch|p1a: Ceruledge|Ceruledge, M|100/100
|switch|p2a: Haxorus|Haxorus, M, shiny|100/100
|-ability|p2a: Haxorus|Mold Breaker
|
|upkeep
|turn|12
|j| blueneighborhood
|
|t:|1769435912
|move|p2a: Haxorus|Scale Shot|p1a: Ceruledge
|-damage|p1a: Ceruledge|80/100
|-ability|p1a: Ceruledge|Weak Armor|boost
|-unboost|p1a: Ceruledge|def|1
|-boost|p1a: Ceruledge|spe|2
|-damage|p1a: Ceruledge|52/100
|-ability|p1a: Ceruledge|Weak Armor|boost
|-unboost|p1a: Ceruledge|def|1
|-boost|p1a: Ceruledge|spe|2
|-damage|p1a: Ceruledge|11/100
|-ability|p1a: Ceruledge|Weak Armor|boost
|-unboost|p1a: Ceruledge|def|1
|-boost|p1a: Ceruledge|spe|2
|-damage|p1a: Ceruledge|0 fnt
|faint|p1a: Ceruledge
|-hitcount|p1: Ceruledge|4
|-unboost|p2a: Haxorus|def|1
|-boost|p2a: Haxorus|spe|1
|
|upkeep
|
|t:|1769435918
|switch|p1a: Kingambit|Kingambit, F|100/100
|turn|13
|
|t:|1769435940
|-terastallize|p2a: Haxorus|Fire
|move|p2a: Haxorus|Tera Blast|p1a: Kingambit|[anim] Tera Blast Fire
|-supereffective|p1a: Kingambit
|-damage|p1a: Kingambit|32/100
|move|p1a: Kingambit|Swords Dance|p1a: Kingambit
|-boost|p1a: Kingambit|atk|2
|
|-heal|p1a: Kingambit|38/100|[from] item: Leftovers
|upkeep
|turn|14
|inactive|Kanha Greninja has 90 seconds left.
|j| QD KING
|
|t:|1769435986
|move|p1a: Kingambit|Sucker Punch||[still]
|-fail|p1a: Kingambit
|move|p2a: Haxorus|Swords Dance|p2a: Haxorus
|-boost|p2a: Haxorus|atk|2
|
|-heal|p1a: Kingambit|45/100|[from] item: Leftovers
|upkeep
|turn|15
|
|t:|1769435996
|move|p1a: Kingambit|Sucker Punch||[still]
|-fail|p1a: Kingambit
|move|p2a: Haxorus|Swords Dance|p2a: Haxorus
|-boost|p2a: Haxorus|atk|2
|
|-heal|p1a: Kingambit|51/100|[from] item: Leftovers
|upkeep
|turn|16
|
|t:|1769436015
|switch|p2a: Ninetales|Ninetales-Alola, F, shiny|100/100
|-weather|Snowscape|[from] ability: Snow Warning|[of] p2a: Ninetales
|move|p1a: Kingambit|Sucker Punch||[still]
|-fail|p1a: Kingambit
|
|-weather|Snowscape|[upkeep]
|-heal|p1a: Kingambit|57/100|[from] item: Leftovers
|upkeep
|turn|17
|
|t:|1769436023
|move|p2a: Ninetales|Aurora Veil|p2a: Ninetales
|-sidestart|p2: Luisowbro|move: Aurora Veil
|move|p1a: Kingambit|Iron Head|p2a: Ninetales
|-supereffective|p2a: Ninetales
|-damage|p2a: Ninetales|0 fnt
|faint|p2a: Ninetales
|
|-weather|Snowscape|[upkeep]
|-heal|p1a: Kingambit|63/100|[from] item: Leftovers
|upkeep
|
|t:|1769436031
|switch|p2a: Scizor|Scizor, M|100/100
|turn|18
|
|t:|1769436041
|-terastallize|p1a: Kingambit|Ghost
|move|p2a: Scizor|Close Combat|p1a: Kingambit
|-immune|p1a: Kingambit
|move|p1a: Kingambit|Swords Dance|p1a: Kingambit
|-boost|p1a: Kingambit|atk|2
|
|-weather|Snowscape|[upkeep]
|-heal|p1a: Kingambit|69/100|[from] item: Leftovers
|upkeep
|turn|19
|inactive|Kanha Greninja has 120 seconds left.
|
|t:|1769436052
|switch|p2a: Mamoswine|Mamoswine, M|100/100
|move|p1a: Kingambit|Kowtow Cleave|p2a: Mamoswine
|-damage|p2a: Mamoswine|48/100
|
|-weather|Snowscape|[upkeep]
|-heal|p1a: Kingambit|75/100|[from] item: Leftovers
|upkeep
|turn|20
|inactive|Kanha Greninja has 120 seconds left.
|
|t:|1769436062
|move|p1a: Kingambit|Sucker Punch|p2a: Mamoswine
|-damage|p2a: Mamoswine|0 fnt
|faint|p2a: Mamoswine
|
|-weather|none
|-heal|p1a: Kingambit|82/100|[from] item: Leftovers
|upkeep
|inactive|Luisowbro has 120 seconds left.
|inactive|Luisowbro has 90 seconds left.
|
|t:|1769436122
|switch|p2a: Scizor|Scizor, M|100/100
|turn|21
|inactive|Kanha Greninja has 120 seconds left.
|
|t:|1769436141
|move|p2a: Scizor|Bullet Punch|p1a: Kingambit
|-damage|p1a: Kingambit|41/100
|move|p1a: Kingambit|Kowtow Cleave|p2a: Scizor
|-damage|p2a: Scizor|26/100
|
|-heal|p1a: Kingambit|48/100|[from] item: Leftovers
|upkeep
|turn|22
|
|t:|1769436154
|move|p2a: Scizor|Bullet Punch|p1a: Kingambit
|-damage|p1a: Kingambit|13/100
|move|p1a: Kingambit|Kowtow Cleave|p2a: Scizor
|-damage|p2a: Scizor|0 fnt
|faint|p2a: Scizor
|
|-heal|p1a: Kingambit|20/100|[from] item: Leftovers
|upkeep
|
|t:|1769436161
|switch|p2a: Haxorus|Haxorus, M, shiny, tera:Fire|100/100
|-ability|p2a: Haxorus|Mold Breaker
|turn|23
|
|t:|1769436169
|move|p2a: Haxorus|Iron Head|p1a: Kingambit
|-damage|p1a: Kingambit|0 fnt
|faint|p1a: Kingambit
|
|upkeep
|
|t:|1769436171
|switch|p1a: Enamorus|Enamorus, F|100/100
|turn|24
|
|t:|1769436174
|move|p1a: Enamorus|Earth Power|p2a: Haxorus
|-supereffective|p2a: Haxorus
|-damage|p2a: Haxorus|33/100
|move|p2a: Haxorus|Iron Head|p1a: Enamorus
|-supereffective|p1a: Enamorus
|-damage|p1a: Enamorus|1/100
|
|-sideend|p2: Luisowbro|move: Aurora Veil
|upkeep
|turn|25
|inactive|Luisowbro has 120 seconds left.
|c|☆Luisowbro|NOOOOO
|c|☆Luisowbro|gg
|
|t:|1769436190
|move|p1a: Enamorus|Earth Power|p2a: Haxorus
|-supereffective|p2a: Haxorus
|-damage|p2a: Haxorus|0 fnt
|faint|p2a: Haxorus
|
|win|Kanha Greninja
|raw|Kanha Greninja's rating: 1572 &rarr; <strong>1594</strong><br />(+22 for winning)
|raw|Luisowbro's rating: 1599 &rarr; <strong>1577</strong><br />(-22 for losing)
|c| QD KING|ggs
|c| opthebestkkj|foi quase
|l|☆Kanha Greninja
|player|p1|
|l| QD KING
|l| opthebestkkj
|l|☆Luisowbro
|player|p2|
