|j|☆KingCS123
|j|☆BapiWither
|t:|1769389363
|gametype|singles
|player|p1|KingCS123|psychicf|1346
|player|p2|BapiWither|265|1311
|gen|9
|tier|[Gen 9] OU
|rated|
|rule|HP Percentage Mod: HP is shown in percentages
|rule|Endless Battle Clause: Forcing endless battles is banned
|rule|Species Clause: Limit one of each Pokémon
|rule|OHKO Clause: OHKO moves are banned
|rule|Evasion Items Clause: Evasion items are banned
|rule|Evasion Moves Clause: Evasion moves are banned
|rule|Evasion Abilities Clause: Evasion abilities are banned
|rule|Sleep Moves Clause: Sleep-inducing moves are banned
|clearpoke
|poke|p1|Diancie|
|poke|p1|Garchomp, M|
|poke|p1|Rillaboom, M|
|poke|p1|Hatterene, F|
|poke|p1|Iron Hands|
|poke|p1|Kingambit, M|
|poke|p2|Scizor, F|
|poke|p2|Great Tusk|
|poke|p2|Heatran, F|
|poke|p2|Ogerpon-Wellspring, F|
|poke|p2|Raging Bolt|
|poke|p2|Tornadus-Therian, M|
|teampreview
|inactive|Battle timer is ON: inactive players will automatically lose when time's up. (requested by KingCS123)
|
|t:|1769389374
|teamsize|p1|6
|teamsize|p2|6
|start
|switch|p1a: Garchomp|Garchomp, M|100/100
|switch|p2a: Ogerpon|Ogerpon-Wellspring, F|100/100
|turn|1
|
|t:|1769389381
|move|p2a: Ogerpon|Ivy Cudgel|p1a: Garchomp|[anim] Ivy Cudgel Water
|-damage|p1a: Garchomp|65/100
|move|p1a: Garchomp|Stealth Rock|p2a: Ogerpon
|-sidestart|p2: BapiWither|move: Stealth Rock
|
|upkeep
|turn|2
|
|t:|1769389387
|move|p2a: Ogerpon|Ivy Cudgel|p1a: Garchomp|[anim] Ivy Cudgel Water
|-damage|p1a: Garchomp|30/100
|move|p1a: Garchomp|Spikes|p2a: Ogerpon
|-sidestart|p2: BapiWither|Spikes
|
|upkeep
|turn|3
|
|t:|1769389401
|move|p2a: Ogerpon|Ivy Cudgel|p1a: Garchomp|[anim] Ivy Cudgel Water
|-crit|p1a: Garchomp
|-damage|p1a: Garchomp|0 fnt
|faint|p1a: Garchomp
|
|upkeep
|inactive|KingCS123 has 120 seconds left.
|
|t:|1769389426
|switch|p1a: Hatterene|Hatterene, F, shiny|100/100
|turn|4
|
|t:|1769389429
|move|p2a: Ogerpon|Ivy Cudgel|p1a: Hatterene|[anim] Ivy Cudgel Water
|-damage|p1a: Hatterene|30/100
|move|p1a: Hatterene|Trick Room|p1a: Hatterene
|-fieldstart|move: Trick Room|[of] p1a: Hatterene
|
|upkeep
|turn|5
|
|t:|1769389434
|move|p1a: Hatterene|Dazzling Gleam|p2a: Ogerpon
|-damage|p2a: Ogerpon|45/100
|move|p2a: Ogerpon|Ivy Cudgel|p1a: Hatterene|[anim] Ivy Cudgel Water
|-damage|p1a: Hatterene|0 fnt
|faint|p1a: Hatterene
|
|upkeep
|
|t:|1769389438
|switch|p1a: Diancie|Diancie, shiny|100/100
|turn|6
|
|t:|1769389441
|move|p1a: Diancie|Meteor Beam||[still]
|-prepare|p1a: Diancie|Meteor Beam
|-boost|p1a: Diancie|spa|1
|-enditem|p1a: Diancie|Power Herb
|-anim|p1a: Diancie|Meteor Beam|p2a: Ogerpon
|-damage|p2a: Ogerpon|0 fnt
|faint|p2a: Ogerpon
|
|upkeep
|
|t:|1769389458
|switch|p2a: Scizor|Scizor, F|100/100
|-damage|p2a: Scizor|88/100|[from] Stealth Rock
|-damage|p2a: Scizor|76/100|[from] Spikes
|turn|7
|
|t:|1769389463
|-terastallize|p1a: Diancie|Ground
|move|p2a: Scizor|Bullet Punch|p1a: Diancie
|-damage|p1a: Diancie|66/100
|-damage|p2a: Scizor|66/100|[from] item: Life Orb
|move|p1a: Diancie|Earth Power|p2a: Scizor
|-damage|p2a: Scizor|0 fnt
|faint|p2a: Scizor
|
|upkeep
|
|t:|1769389467
|switch|p2a: Great Tusk|Great Tusk|100/100
|-damage|p2a: Great Tusk|98/100|[from] Stealth Rock
|-damage|p2a: Great Tusk|85/100|[from] Spikes
|turn|8
|
|t:|1769389471
|move|p1a: Diancie|Moonblast|p2a: Great Tusk
|-supereffective|p2a: Great Tusk
|-damage|p2a: Great Tusk|0 fnt
|faint|p2a: Great Tusk
|-end|p2a: Great Tusk|Protosynthesis|[silent]
|
|-fieldend|move: Trick Room
|upkeep
|
|t:|1769389483
|switch|p2a: Tornadus|Tornadus-Therian, M|100/100
|-damage|p2a: Tornadus|76/100|[from] Stealth Rock
|turn|9
|
|t:|1769389488
|move|p2a: Tornadus|Bleakwind Storm|p1a: Diancie
|-damage|p1a: Diancie|11/100
|move|p1a: Diancie|Trick Room|p1a: Diancie
|-fieldstart|move: Trick Room|[of] p1a: Diancie
|
|upkeep
|turn|10
|
|t:|1769389494
|move|p1a: Diancie|Moonblast|p2a: Tornadus
|-damage|p2a: Tornadus|0 fnt
|faint|p2a: Tornadus
|
|upkeep
|
|t:|1769389497
|switch|p2a: Raging Bolt|Raging Bolt|100/100
|-damage|p2a: Raging Bolt|88/100|[from] Stealth Rock
|-damage|p2a: Raging Bolt|76/100|[from] Spikes
|turn|11
|
|t:|1769389501
|move|p2a: Raging Bolt|Thunderclap|p1a: Diancie
|-immune|p1a: Diancie
|move|p1a: Diancie|Earth Power|p2a: Raging Bolt
|-supereffective|p2a: Raging Bolt
|-damage|p2a: Raging Bolt|1/100
|
|upkeep
|turn|12
|-message|BapiWither forfeited.
|
|win|KingCS123
|raw|KingCS123's rating: 1346 &rarr; <strong>1364</strong><br />(+18 for winning)
|raw|BapiWither's rating: 1311 &rarr; <strong>1293</strong><br />(-18 for losing)
|l|☆BapiWither
|player|p2|
