|j|☆atlazzz
|j|☆nany19
|t:|1769395633
|gametype|singles
|player|p1|atlazzz|volkner|
|player|p2|nany19|102|
|gen|9
|tier|[Gen 9] OU
|rule|HP Percentage Mod: HP is shown in percentages
|rule|Endless Battle Clause: Forcing endless battles is banned
|rule|Species Clause: Limit one of each Pokémon
|rule|OHKO Clause: OHKO moves are banned
|rule|Evasion Items Clause: Evasion items are banned
|rule|Evasion Moves Clause: Evasion moves are banned
|rule|Evasion Abilities Clause: Evasion abilities are banned
|rule|Sleep Moves Clause: Sleep-inducing moves are banned
|clearpoke
|poke|p1|Rillaboom, F|
|poke|p1|Heatran, F|
|poke|p1|Slowking, F|
|poke|p1|Dragapult, F|
|poke|p1|Landorus-Therian, M|
|poke|p1|Bisharp, M|
|poke|p2|Dragapult, F|
|poke|p2|Great Tusk|
|poke|p2|Heatran, M|
|poke|p2|Ting-Lu|
|poke|p2|Gholdengo|
|poke|p2|Toxapex, M|
|teampreview
|
|t:|1769395643
|teamsize|p1|6
|teamsize|p2|6
|start
|switch|p1a: un gr|Landorus-Therian, M|100/100
|switch|p2a: Great Tusk|Great Tusk|100/100
|-ability|p1a: un gr|Intimidate|boost
|-unboost|p2a: Great Tusk|atk|1
|turn|1
|
|t:|1769395652
|move|p1a: un gr|Calm Mind|p1a: un gr
|-boost|p1a: un gr|spa|1
|-boost|p1a: un gr|spd|1
|move|p2a: Great Tusk|Knock Off|p1a: un gr
|-damage|p1a: un gr|86/100
|-enditem|p1a: un gr|Leftovers|[from] move: Knock Off|[of] p2a: Great Tusk
|
|upkeep
|turn|2
|
|t:|1769395661
|move|p1a: un gr|Calm Mind|p1a: un gr
|-boost|p1a: un gr|spa|1
|-boost|p1a: un gr|spd|1
|move|p2a: Great Tusk|Close Combat|p1a: un gr
|-resisted|p1a: un gr
|-damage|p1a: un gr|73/100
|-unboost|p2a: Great Tusk|def|1
|-unboost|p2a: Great Tusk|spd|1
|
|upkeep
|turn|3
|
|t:|1769395678
|-end|p2a: Great Tusk|Protosynthesis|[silent]
|switch|p2a: Heatran|Heatran, M|100/100
|move|p1a: un gr|Grass Knot|p2a: Heatran
|-resisted|p2a: Heatran
|-damage|p2a: Heatran|86/100
|
|-heal|p2a: Heatran|92/100|[from] item: Leftovers
|upkeep
|turn|4
|
|t:|1769395687
|move|p2a: Heatran|Protect|p2a: Heatran
|-singleturn|p2a: Heatran|Protect
|move|p1a: un gr|Earth Power|p2a: Heatran
|-activate|p2a: Heatran|move: Protect
|
|-heal|p2a: Heatran|98/100|[from] item: Leftovers
|upkeep
|turn|5
|
|t:|1769395696
|switch|p2a: Toxapex|Toxapex, M|100/100
|move|p1a: un gr|Earth Power|p2a: Toxapex
|-supereffective|p2a: Toxapex
|-damage|p2a: Toxapex|5/100
|-enditem|p2a: Toxapex|Aguav Berry|[eat]
|-heal|p2a: Toxapex|38/100|[from] item: Aguav Berry
|
|upkeep
|turn|6
|
|t:|1769395708
|switch|p2a: Gholdengo|Gholdengo|100/100
|move|p1a: un gr|Earth Power|p2a: Gholdengo
|-supereffective|p2a: Gholdengo
|-damage|p2a: Gholdengo|0 fnt
|faint|p2a: Gholdengo
|
|upkeep
|
|t:|1769395721
|switch|p2a: Toxapex|Toxapex, M|72/100
|turn|7
|
|t:|1769395724
|move|p1a: un gr|Earth Power|p2a: Toxapex
|-supereffective|p2a: Toxapex
|-damage|p2a: Toxapex|0 fnt
|faint|p2a: Toxapex
|
|upkeep
|
|t:|1769395731
|switch|p2a: Ting-Lu|Ting-Lu|100/100
|-ability|p2a: Ting-Lu|Vessel of Ruin
|turn|8
|
|t:|1769395742
|move|p1a: un gr|Grass Knot|p2a: Ting-Lu
|-supereffective|p2a: Ting-Lu
|-damage|p2a: Ting-Lu|26/100
|move|p2a: Ting-Lu|Stealth Rock|p1a: un gr
|-sidestart|p1: atlazzz|move: Stealth Rock
|
|-heal|p2a: Ting-Lu|32/100|[from] item: Leftovers
|upkeep
|turn|9
|
|t:|1769395749
|move|p1a: un gr|Grass Knot|p2a: Ting-Lu
|-supereffective|p2a: Ting-Lu
|-damage|p2a: Ting-Lu|0 fnt
|faint|p2a: Ting-Lu
|
|upkeep
|
|t:|1769395754
|switch|p2a: se saco la poia|Dragapult, F|100/100
|turn|10
|
|t:|1769395765
|move|p2a: se saco la poia|U-turn|p1a: un gr
|-resisted|p1a: un gr
|-damage|p1a: un gr|65/100
|
|t:|1769395768
|switch|p2a: Heatran|Heatran, M|98/100|[from] U-turn
|move|p1a: un gr|Earth Power|p2a: Heatran
|-supereffective|p2a: Heatran
|-damage|p2a: Heatran|0 fnt
|faint|p2a: Heatran
|
|upkeep
|
|t:|1769395778
|switch|p2a: Great Tusk|Great Tusk|100/100
|turn|11
|
|t:|1769395781
|move|p1a: un gr|Calm Mind|p1a: un gr
|-boost|p1a: un gr|spa|1
|-boost|p1a: un gr|spd|1
|move|p2a: Great Tusk|Knock Off|p1a: un gr
|-damage|p1a: un gr|50/100
|
|upkeep
|turn|12
|
|t:|1769395787
|move|p1a: un gr|Earth Power|p2a: Great Tusk
|-damage|p2a: Great Tusk|23/100
|move|p2a: Great Tusk|Close Combat|p1a: un gr
|-resisted|p1a: un gr
|-damage|p1a: un gr|28/100
|-unboost|p2a: Great Tusk|def|1
|-unboost|p2a: Great Tusk|spd|1
|
|-heal|p2a: Great Tusk|29/100|[from] item: Leftovers
|upkeep
|turn|13
|
|t:|1769395798
|move|p1a: un gr|Earth Power|p2a: Great Tusk
|-damage|p2a: Great Tusk|0 fnt
|faint|p2a: Great Tusk
|-end|p2a: Great Tusk|Protosynthesis|[silent]
|
|upkeep
|
|t:|1769395813
|switch|p2a: se saco la poia|Dragapult, F|100/100
|turn|14
|
|t:|1769395820
|-terastallize|p2a: se saco la poia|Dragon
|move|p2a: se saco la poia|Shadow Ball|p1a: un gr
|-damage|p1a: un gr|14/100
|move|p1a: un gr|Earth Power|p2a: se saco la poia
|-damage|p2a: se saco la poia|0 fnt
|faint|p2a: se saco la poia
|
|win|atlazzz
