|j|☆macrocytic
|j|☆funtimecharliekirk
|t:|1769399528
|gametype|singles
|player|p1|macrocytic|swimmerf-gen4dp|1513
|player|p2|funtimecharliekirk|hiker-gen4|1501
|gen|9
|tier|[Gen 9] OU
|rated|
|rule|HP Percentage Mod: HP is shown in percentages
|rule|Endless Battle Clause: Forcing endless battles is banned
|rule|Species Clause: Limit one of each Pokémon
|rule|OHKO Clause: OHKO moves are banned
|rule|Evasion Items Clause: Evasion items are banned
|rule|Evasion Moves Clause: Evasion moves are banned
|rule|Evasion Abilities Clause: Evasion abilities are banned
|rule|Sleep Moves Clause: Sleep-inducing moves are banned
|clearpoke
|poke|p1|Kingambit, F|
|poke|p1|Dragonite, F|
|poke|p1|Ogerpon-Wellspring, F|
|poke|p1|Gholdengo|
|poke|p1|Great Tusk|
|poke|p1|Iron Valiant|
|poke|p2|Dondozo, F|
|poke|p2|Blissey, F|
|poke|p2|Toxapex, F|
|poke|p2|Slaking, F|
|poke|p2|Gliscor, F|
|poke|p2|Corviknight, F|
|teampreview
|inactive|Battle timer is ON: inactive players will automatically lose when time's up. (requested by macrocytic)
|
|t:|1769399543
|teamsize|p1|6
|teamsize|p2|6
|start
|switch|p1a: Lubbock|Gholdengo|100/100
|switch|p2a: Gliscor|Gliscor, F|100/100
|turn|1
|
|t:|1769399557
|move|p2a: Gliscor|Protect|p2a: Gliscor
|-singleturn|p2a: Gliscor|Protect
|move|p1a: Lubbock|Trick|p2a: Gliscor
|-activate|p2a: Gliscor|move: Protect
|
|-status|p2a: Gliscor|tox|[from] item: Toxic Orb
|upkeep
|turn|2
|
|t:|1769399564
|move|p1a: Lubbock|Trick|p2a: Gliscor
|-activate|p1a: Lubbock|move: Trick|[of] p2a: Gliscor
|-item|p2a: Gliscor|Choice Scarf|[from] move: Trick
|-item|p1a: Lubbock|Toxic Orb|[from] move: Trick
|move|p2a: Gliscor|Spikes|p1a: Lubbock
|-sidestart|p1: macrocytic|Spikes
|
|upkeep
|turn|3
|
|t:|1769399574
|move|p2a: Gliscor|Spikes|p1a: Lubbock
|-sidestart|p1: macrocytic|Spikes
|move|p1a: Lubbock|Nasty Plot|p1a: Lubbock
|-boost|p1a: Lubbock|spa|2
|
|upkeep
|turn|4
|
|t:|1769399583
|switch|p2a: Blissey|Blissey, F|100/100
|move|p1a: Lubbock|Make It Rain|p2a: Blissey
|-damage|p2a: Blissey|63/100
|-unboost|p1a: Lubbock|spa|1
|
|-heal|p2a: Blissey|70/100|[from] item: Leftovers
|upkeep
|turn|5
|
|t:|1769399587
|move|p1a: Lubbock|Nasty Plot|p1a: Lubbock
|-boost|p1a: Lubbock|spa|2
|move|p2a: Blissey|Calm Mind|p2a: Blissey
|-boost|p2a: Blissey|spa|1
|-boost|p2a: Blissey|spd|1
|
|-heal|p2a: Blissey|76/100|[from] item: Leftovers
|upkeep
|turn|6
|
|t:|1769399590
|switch|p1a: Tatsumi|Great Tusk|100/100
|-damage|p1a: Tatsumi|84/100|[from] Spikes
|move|p2a: Blissey|Calm Mind|p2a: Blissey
|-boost|p2a: Blissey|spa|1
|-boost|p2a: Blissey|spd|1
|
|-heal|p2a: Blissey|82/100|[from] item: Leftovers
|upkeep
|turn|7
|
|t:|1769399592
|switch|p2a: Corviknight|Corviknight, F|100/100
|-ability|p2a: Corviknight|Pressure
|move|p1a: Tatsumi|Rapid Spin|p2a: Corviknight
|-resisted|p2a: Corviknight
|-damage|p2a: Corviknight|95/100
|-boost|p1a: Tatsumi|spe|1
|-damage|p1a: Tatsumi|68/100|[from] item: Rocky Helmet|[of] p2a: Corviknight
|-sideend|p1: macrocytic|Spikes|[from] move: Rapid Spin|[of] p1a: Tatsumi
|
|upkeep
|turn|8
|
|t:|1769399602
|switch|p2a: Gliscor|Gliscor, F|100/100 tox
|move|p1a: Tatsumi|Stealth Rock|p2a: Gliscor
|-sidestart|p2: funtimecharliekirk|move: Stealth Rock
|
|upkeep
|turn|9
|
|t:|1769399610
|-end|p1a: Tatsumi|Protosynthesis|[silent]
|switch|p1a: Yotsuba Nakano|Dragonite, F|100/100
|move|p2a: Gliscor|Spikes|p1a: Yotsuba Nakano
|-sidestart|p1: macrocytic|Spikes
|
|upkeep
|turn|10
|
|t:|1769399615
|switch|p2a: Dondozo|Dondozo, F|100/100
|-damage|p2a: Dondozo|88/100|[from] Stealth Rock
|switch|p1a: Miku Nakano|Ogerpon-Wellspring, F|100/100
|-damage|p1a: Miku Nakano|88/100|[from] Spikes
|
|-heal|p2a: Dondozo|94/100|[from] item: Leftovers
|upkeep
|turn|11
|
|t:|1769399619
|switch|p2a: Toxapex|Toxapex, F|100/100
|move|p1a: Miku Nakano|Power Whip|p2a: Toxapex|[miss]
|-miss|p1a: Miku Nakano|p2a: Toxapex
|
|upkeep
|turn|12
|
|t:|1769399625
|switch|p1a: Lubbock|Gholdengo|100/100
|-damage|p1a: Lubbock|88/100|[from] Spikes
|move|p2a: Toxapex|Toxic Spikes|p1a: Lubbock
|-sidestart|p1: macrocytic|move: Toxic Spikes
|
|upkeep
|turn|13
|
|t:|1769399633
|move|p1a: Lubbock|Nasty Plot|p1a: Lubbock
|-boost|p1a: Lubbock|spa|2
|move|p2a: Toxapex|Toxic Spikes|p1a: Lubbock
|-sidestart|p1: macrocytic|move: Toxic Spikes
|
|upkeep
|turn|14
|
|t:|1769399639
|switch|p2a: Slaking|Slaking, F|100/100
|-damage|p2a: Slaking|88/100|[from] Stealth Rock
|move|p1a: Lubbock|Nasty Plot|p1a: Lubbock
|-boost|p1a: Lubbock|spa|2
|
|upkeep
|turn|15
|
|t:|1769399644
|switch|p1a: Yotsuba Nakano|Dragonite, F|100/100
|move|p2a: Slaking|Knock Off|p1a: Yotsuba Nakano
|-damage|p1a: Yotsuba Nakano|67/100
|-enditem|p1a: Yotsuba Nakano|Heavy-Duty Boots|[from] move: Knock Off|[of] p2a: Slaking
|
|upkeep
|turn|16
|
|t:|1769399653
|switch|p2a: Dondozo|Dondozo, F|94/100
|-damage|p2a: Dondozo|82/100|[from] Stealth Rock
|move|p1a: Yotsuba Nakano|Earthquake|p2a: Dondozo
|-crit|p2a: Dondozo
|-damage|p2a: Dondozo|55/100
|
|-heal|p2a: Dondozo|61/100|[from] item: Leftovers
|upkeep
|turn|17
|
|t:|1769399663
|switch|p1a: Tatsumi|Great Tusk|68/100
|-damage|p1a: Tatsumi|55/100|[from] Spikes
|-status|p1a: Tatsumi|tox
|move|p2a: Dondozo|Avalanche|p1a: Tatsumi
|-supereffective|p1a: Tatsumi
|-damage|p1a: Tatsumi|35/100 tox
|
|-heal|p2a: Dondozo|68/100|[from] item: Leftovers
|-damage|p1a: Tatsumi|29/100 tox|[from] psn
|upkeep
|turn|18
|
|t:|1769399668
|move|p1a: Tatsumi|Rapid Spin|p2a: Dondozo
|-damage|p2a: Dondozo|60/100
|-boost|p1a: Tatsumi|spe|1
|-sideend|p1: macrocytic|Spikes|[from] move: Rapid Spin|[of] p1a: Tatsumi
|-sideend|p1: macrocytic|Toxic Spikes|[from] move: Rapid Spin|[of] p1a: Tatsumi
|move|p2a: Dondozo|Rest|p2a: Dondozo
|-status|p2a: Dondozo|slp|[from] move: Rest
|-heal|p2a: Dondozo|100/100 slp|[silent]
|
|-damage|p1a: Tatsumi|16/100 tox|[from] psn
|upkeep
|turn|19
|
|t:|1769399675
|-end|p1a: Tatsumi|Protosynthesis|[silent]
|switch|p1a: Miku Nakano|Ogerpon-Wellspring, F|88/100
|switch|p2a: Corviknight|Corviknight, F|95/100
|-damage|p2a: Corviknight|82/100|[from] Stealth Rock
|-ability|p2a: Corviknight|Pressure
|
|upkeep
|turn|20
|
|t:|1769399681
|switch|p1a: Lubbock|Gholdengo|88/100
|move|p2a: Corviknight|Defog|p1a: Lubbock
|-immune|p1a: Lubbock|[from] ability: Good as Gold
|
|upkeep
|turn|21
|
|t:|1769399689
|switch|p2a: Blissey|Blissey, F|82/100
|-damage|p2a: Blissey|69/100|[from] Stealth Rock
|move|p1a: Lubbock|Nasty Plot|p1a: Lubbock
|-boost|p1a: Lubbock|spa|2
|
|-heal|p2a: Blissey|76/100|[from] item: Leftovers
|upkeep
|turn|22
|
|t:|1769399693
|move|p1a: Lubbock|Make It Rain|p2a: Blissey
|-damage|p2a: Blissey|40/100
|-unboost|p1a: Lubbock|spa|1
|move|p2a: Blissey|Calm Mind|p2a: Blissey
|-boost|p2a: Blissey|spa|1
|-boost|p2a: Blissey|spd|1
|
|-heal|p2a: Blissey|46/100|[from] item: Leftovers
|upkeep
|turn|23
|
|t:|1769399698
|switch|p1a: Miku Nakano|Ogerpon-Wellspring, F|88/100
|move|p2a: Blissey|Soft-Boiled|p2a: Blissey
|-heal|p2a: Blissey|96/100
|
|-heal|p2a: Blissey|100/100|[from] item: Leftovers
|upkeep
|turn|24
|
|t:|1769399703
|switch|p2a: Toxapex|Toxapex, F|100/100
|move|p1a: Miku Nakano|Swords Dance|p1a: Miku Nakano
|-boost|p1a: Miku Nakano|atk|2
|
|upkeep
|turn|25
|
|t:|1769399706
|move|p1a: Miku Nakano|Power Whip|p2a: Toxapex
|-damage|p2a: Toxapex|6/100
|move|p2a: Toxapex|Haze|p2a: Toxapex
|-clearallboost
|
|upkeep
|turn|26
|
|t:|1769399715
|switch|p2a: Dondozo|Dondozo, F|100/100 slp
|-damage|p2a: Dondozo|88/100 slp|[from] Stealth Rock
|move|p1a: Miku Nakano|Knock Off|p2a: Dondozo
|-damage|p2a: Dondozo|70/100 slp
|-enditem|p2a: Dondozo|Leftovers|[from] move: Knock Off|[of] p1a: Miku Nakano
|
|upkeep
|turn|27
|
|t:|1769399718
|move|p1a: Miku Nakano|Power Whip|p2a: Dondozo
|-supereffective|p2a: Dondozo
|-crit|p2a: Dondozo
|-damage|p2a: Dondozo|0 fnt
|faint|p2a: Dondozo
|
|upkeep
|
|t:|1769399721
|switch|p2a: Slaking|Slaking, F|88/100
|-damage|p2a: Slaking|76/100|[from] Stealth Rock
|turn|28
|
|t:|1769399726
|switch|p1a: Tatsumi|Great Tusk|16/100 tox
|move|p2a: Slaking|Giga Impact|p1a: Tatsumi
|-damage|p1a: Tatsumi|0 fnt
|-mustrecharge|p2a: Slaking
|faint|p1a: Tatsumi
|-end|p1a: Tatsumi|Protosynthesis|[silent]
|
|upkeep
|
|t:|1769399736
|switch|p1a: Kirino Kousaka|Kingambit, F|100/100
|-activate|p1a: Kirino Kousaka|ability: Supreme Overlord
|-start|p1a: Kirino Kousaka|fallen1|[silent]
|turn|29
|
|t:|1769399741
|cant|p2a: Slaking|recharge
|move|p1a: Kirino Kousaka|Swords Dance|p1a: Kirino Kousaka
|-boost|p1a: Kirino Kousaka|atk|2
|
|upkeep
|turn|30
|
|t:|1769399744
|move|p1a: Kirino Kousaka|Sucker Punch|p2a: Slaking
|-crit|p2a: Slaking
|-damage|p2a: Slaking|0 fnt
|faint|p2a: Slaking
|
|upkeep
|-message|funtimecharliekirk forfeited.
|
|win|macrocytic
|raw|macrocytic's rating: 1513 &rarr; <strong>1532</strong><br />(+19 for winning)
|raw|funtimecharliekirk's rating: 1501 &rarr; <strong>1482</strong><br />(-19 for losing)
|l|☆macrocytic
|player|p1|
