|j|☆Noamm
|j|☆zxcvbh
|t:|1769434467
|gametype|singles
|player|p1|Noamm|gambler|1711
|player|p2|zxcvbh|elesa|1669
|gen|9
|tier|[Gen 9] OU
|rated|
|rule|HP Percentage Mod: HP is shown in percentages
|rule|Endless Battle Clause: Forcing endless battles is banned
|rule|Species Clause: Limit one of each Pokémon
|rule|OHKO Clause: OHKO moves are banned
|rule|Evasion Items Clause: Evasion items are banned
|rule|Evasion Moves Clause: Evasion moves are banned
|rule|Evasion Abilities Clause: Evasion abilities are banned
|rule|Sleep Moves Clause: Sleep-inducing moves are banned
|clearpoke
|poke|p1|Lokix, M|
|poke|p1|Dragapult, M|
|poke|p1|Slowking-Galar, F|
|poke|p1|Mandibuzz, F|
|poke|p1|Great Tusk|
|poke|p1|Primarina, M|
|poke|p2|Sandy Shocks|
|poke|p2|Scizor, M|
|poke|p2|Latios, M|
|poke|p2|Ogerpon, F|
|poke|p2|Iron Jugulis|
|poke|p2|Primarina, F|
|teampreview
|j| NShF
|
|t:|1769434492
|teamsize|p1|6
|teamsize|p2|6
|start
|switch|p1a: Kamen Rider Burr|Slowking-Galar, F|100/100
|switch|p2a: Sandy Shocks|Sandy Shocks|100/100
|-enditem|p2a: Sandy Shocks|Booster Energy
|-activate|p2a: Sandy Shocks|ability: Protosynthesis|[fromitem]
|-start|p2a: Sandy Shocks|protosynthesisspe
|turn|1
|
|t:|1769434515
|move|p2a: Sandy Shocks|Stealth Rock|p1a: Kamen Rider Burr
|-sidestart|p1: Noamm|move: Stealth Rock
|move|p1a: Kamen Rider Burr|Future Sight|p2a: Sandy Shocks
|-start|p1a: Kamen Rider Burr|move: Future Sight
|
|upkeep
|turn|2
|
|t:|1769434523
|move|p2a: Sandy Shocks|Earth Power|p1a: Kamen Rider Burr
|-supereffective|p1a: Kamen Rider Burr
|-damage|p1a: Kamen Rider Burr|50/100
|-prepare|p1a: Kamen Rider Burr|Chilly Reception|[premajor]
|move|p1a: Kamen Rider Burr|Chilly Reception|p1a: Kamen Rider Burr
|-weather|Snowscape
|inactive|Battle timer is ON: inactive players will automatically lose when time's up. (requested by zxcvbh)
|
|t:|1769434577
|switch|p1a: Kamen Rider SwarmX|Lokix, M, shiny|100/100|[from] Chilly Reception
|-damage|p1a: Kamen Rider SwarmX|76/100|[from] Stealth Rock
|
|-weather|Snowscape|[upkeep]
|upkeep
|turn|3
|
|t:|1769434587
|switch|p1a: Kamen Rider Torque|Great Tusk|100/100
|move|p2a: Sandy Shocks|Discharge|p1a: Kamen Rider Torque
|-immune|p1a: Kamen Rider Torque
|
|-weather|Snowscape|[upkeep]
|-end|p2a: Sandy Shocks|move: Future Sight
|-damage|p2a: Sandy Shocks|44/100
|upkeep
|turn|4
|
|t:|1769434597
|-terastallize|p2a: Sandy Shocks|Ghost
|move|p2a: Sandy Shocks|Earth Power|p1a: Kamen Rider Torque
|-damage|p1a: Kamen Rider Torque|37/100
|move|p1a: Kamen Rider Torque|Rapid Spin|p2a: Sandy Shocks
|-immune|p2a: Sandy Shocks
|
|-weather|Snowscape|[upkeep]
|upkeep
|turn|5
|
|t:|1769434604
|-end|p1a: Kamen Rider Torque|Protosynthesis|[silent]
|switch|p1a: Kamen Rider Burr|Slowking-Galar, F|83/100
|move|p2a: Sandy Shocks|Earth Power|p1a: Kamen Rider Burr
|-supereffective|p1a: Kamen Rider Burr
|-damage|p1a: Kamen Rider Burr|30/100
|
|-weather|Snowscape|[upkeep]
|upkeep
|turn|6
|
|t:|1769434611
|switch|p1a: Kamen Rider SwarmX|Lokix, M, shiny|76/100
|-damage|p1a: Kamen Rider SwarmX|51/100|[from] Stealth Rock
|move|p2a: Sandy Shocks|Discharge|p1a: Kamen Rider SwarmX
|-damage|p1a: Kamen Rider SwarmX|0 fnt
|faint|p1a: Kamen Rider SwarmX
|
|-weather|none
|upkeep
|
|t:|1769434615
|switch|p1a: Kamen Rider Shade|Dragapult, M, shiny|100/100
|-damage|p1a: Kamen Rider Shade|88/100|[from] Stealth Rock
|turn|7
|
|t:|1769434621
|move|p2a: Sandy Shocks|Earth Power|p1a: Kamen Rider Shade
|-damage|p1a: Kamen Rider Shade|28/100
|-unboost|p1a: Kamen Rider Shade|spd|1
|move|p1a: Kamen Rider Shade|Shadow Ball|p2a: Sandy Shocks
|-supereffective|p2a: Sandy Shocks
|-damage|p2a: Sandy Shocks|0 fnt
|faint|p2a: Sandy Shocks
|-end|p2a: Sandy Shocks|Protosynthesis|[silent]
|
|upkeep
|j| blueneighborhood
|
|t:|1769434629
|switch|p2a: Scizor|Scizor, M|100/100
|turn|8
|
|t:|1769434632
|switch|p1a: Kamen Rider Scaven|Mandibuzz, F|100/100
|move|p2a: Scizor|Swords Dance|p2a: Scizor
|-boost|p2a: Scizor|atk|2
|
|upkeep
|turn|9
|j| TES.Jackylove
|
|t:|1769434643
|move|p2a: Scizor|Bullet Punch|p1a: Kamen Rider Scaven
|-crit|p1a: Kamen Rider Scaven
|-damage|p1a: Kamen Rider Scaven|40/100
|move|p1a: Kamen Rider Scaven|Foul Play|p2a: Scizor
|-damage|p2a: Scizor|0 fnt
|faint|p2a: Scizor
|
|upkeep
|
|t:|1769434653
|switch|p2a: Latios|Latios, M|100/100
|turn|10
|
|t:|1769434659
|switch|p1a: Kamen Rider Siren|Primarina, M|100/100
|-damage|p1a: Kamen Rider Siren|88/100|[from] Stealth Rock
|move|p2a: Latios|Agility|p2a: Latios
|-boost|p2a: Latios|spe|2
|
|upkeep
|turn|11
|
|t:|1769434663
|move|p2a: Latios|Calm Mind|p2a: Latios
|-boost|p2a: Latios|spa|1
|-boost|p2a: Latios|spd|1
|move|p1a: Kamen Rider Siren|Moonblast|p2a: Latios
|-supereffective|p2a: Latios
|-damage|p2a: Latios|34/100
|-unboost|p2a: Latios|spa|1
|-enditem|p2a: Latios|Weakness Policy
|-boost|p2a: Latios|atk|2|[from] item: Weakness Policy
|-boost|p2a: Latios|spa|2|[from] item: Weakness Policy
|
|upkeep
|turn|12
|
|t:|1769434669
|move|p2a: Latios|Stored Power|p1a: Kamen Rider Siren
|-damage|p1a: Kamen Rider Siren|0 fnt
|faint|p1a: Kamen Rider Siren
|
|upkeep
|-message|Noamm forfeited.
|
|win|zxcvbh
|raw|Noamm's rating: 1711 &rarr; <strong>1689</strong><br />(-22 for losing)
|raw|zxcvbh's rating: 1669 &rarr; <strong>1691</strong><br />(+22 for winning)
|l|☆Noamm
|player|p1|
|l| NShF
|l|☆zxcvbh
|player|p2|
|l| TES.Jackylove
