|j|☆rblt ryo
|j|☆spunder_policy
|t:|1769298107
|gametype|singles
|player|p1|rblt ryo|dawn|1557
|player|p2|spunder_policy|170|1642
|gen|9
|tier|[Gen 9] OU
|rated|
|rule|HP Percentage Mod: HP is shown in percentages
|rule|Endless Battle Clause: Forcing endless battles is banned
|rule|Species Clause: Limit one of each Pokémon
|rule|OHKO Clause: OHKO moves are banned
|rule|Evasion Items Clause: Evasion items are banned
|rule|Evasion Moves Clause: Evasion moves are banned
|rule|Evasion Abilities Clause: Evasion abilities are banned
|rule|Sleep Moves Clause: Sleep-inducing moves are banned
|clearpoke
|poke|p1|Rhyperior, F|
|poke|p1|Articuno|
|poke|p1|Suicune|
|poke|p1|Heatran, F|
|poke|p1|Decidueye-Hisui, M|
|poke|p1|Latios, M|
|poke|p2|Whimsicott, M|
|poke|p2|Torkoal, F|
|poke|p2|Great Tusk|
|poke|p2|Walking Wake|
|poke|p2|Cinderace, F|
|poke|p2|Moltres|
|teampreview
|inactive|Battle timer is ON: inactive players will automatically lose when time's up. (requested by spunder_policy)
|
|t:|1769298136
|teamsize|p1|6
|teamsize|p2|6
|start
|switch|p1a: Latios|Latios, M, shiny|100/100
|switch|p2a: Great Tusk|Great Tusk|100/100
|turn|1
|
|t:|1769298147
|-terastallize|p2a: Great Tusk|Ground
|move|p1a: Latios|Luster Purge|p2a: Great Tusk
|-crit|p2a: Great Tusk
|-damage|p2a: Great Tusk|44/100
|move|p2a: Great Tusk|Knock Off|p1a: Latios
|-supereffective|p1a: Latios
|-damage|p1a: Latios|25/100
|-enditem|p1a: Latios|Choice Scarf|[from] move: Knock Off|[of] p2a: Great Tusk
|
|upkeep
|turn|2
|
|t:|1769298172
|-end|p2a: Great Tusk|Protosynthesis|[silent]
|switch|p2a: Cinderace|Cinderace, F|100/100
|move|p1a: Latios|Draco Meteor|p2a: Cinderace
|-damage|p2a: Cinderace|4/100
|-unboost|p1a: Latios|spa|2
|
|upkeep
|turn|3
|
|t:|1769298181
|switch|p2a: Moltres|Moltres|100/100
|switch|p1a: Heatran|Heatran, F|100/100
|
|upkeep
|turn|4
|
|t:|1769298201
|move|p2a: Moltres|Scorching Sands|p1a: Heatran
|-supereffective|p1a: Heatran
|-damage|p1a: Heatran|36/100
|move|p1a: Heatran|Earth Power|p2a: Moltres
|-immune|p2a: Moltres
|
|-heal|p1a: Heatran|42/100|[from] item: Leftovers
|upkeep
|turn|5
|
|t:|1769298213
|move|p2a: Moltres|Tera Blast|p1a: Heatran
|-resisted|p1a: Heatran
|-damage|p1a: Heatran|34/100
|move|p1a: Heatran|Stealth Rock|p2a: Moltres
|-sidestart|p2: spunder_policy|move: Stealth Rock
|
|-heal|p1a: Heatran|40/100|[from] item: Leftovers
|upkeep
|turn|6
|
|t:|1769298223
|move|p2a: Moltres|Tera Blast|p1a: Heatran
|-resisted|p1a: Heatran
|-damage|p1a: Heatran|31/100
|move|p1a: Heatran|Magma Storm|p2a: Moltres
|-resisted|p2a: Moltres
|-damage|p2a: Moltres|77/100
|-activate|p2a: Moltres|move: Magma Storm|[of] p1a: Heatran
|
|-heal|p1a: Heatran|38/100|[from] item: Leftovers
|-damage|p2a: Moltres|65/100|[from] move: Magma Storm|[partiallytrapped]
|upkeep
|turn|7
|
|t:|1769298233
|move|p2a: Moltres|Scorching Sands|p1a: Heatran
|-supereffective|p1a: Heatran
|-damage|p1a: Heatran|0 fnt
|faint|p1a: Heatran
|
|-end|p2a: Moltres|Magma Storm|[partiallytrapped]|[silent]
|upkeep
|
|t:|1769298235
|switch|p1a: Suicune|Suicune, shiny|100/100
|-ability|p1a: Suicune|Pressure
|turn|8
|
|t:|1769298240
|switch|p2a: Walking Wake|Walking Wake|100/100
|-damage|p2a: Walking Wake|88/100|[from] Stealth Rock
|move|p1a: Suicune|Calm Mind|p1a: Suicune
|-boost|p1a: Suicune|spa|1
|-boost|p1a: Suicune|spd|1
|
|upkeep
|turn|9
|
|t:|1769298246
|move|p2a: Walking Wake|Knock Off|p1a: Suicune
|-damage|p1a: Suicune|92/100
|-enditem|p1a: Suicune|Leftovers|[from] move: Knock Off|[of] p2a: Walking Wake
|move|p1a: Suicune|Agility|p1a: Suicune
|-boost|p1a: Suicune|spe|2
|
|upkeep
|turn|10
|
|t:|1769298250
|move|p1a: Suicune|Calm Mind|p1a: Suicune
|-boost|p1a: Suicune|spa|1
|-boost|p1a: Suicune|spd|1
|move|p2a: Walking Wake|Draco Meteor|p1a: Suicune
|-damage|p1a: Suicune|68/100
|-unboost|p2a: Walking Wake|spa|2
|
|upkeep
|turn|11
|
|t:|1769298262
|move|p1a: Suicune|Calm Mind|p1a: Suicune
|-boost|p1a: Suicune|spa|1
|-boost|p1a: Suicune|spd|1
|move|p2a: Walking Wake|Flip Turn|p1a: Suicune
|-resisted|p1a: Suicune
|-damage|p1a: Suicune|63/100
|
|t:|1769298265
|-end|p2a: Walking Wake|Protosynthesis|[silent]
|switch|p2a: Torkoal|Torkoal, F|100/100|[from] Flip Turn
|-damage|p2a: Torkoal|75/100|[from] Stealth Rock
|-weather|SunnyDay|[from] ability: Drought|[of] p2a: Torkoal
|
|-weather|SunnyDay|[upkeep]
|upkeep
|turn|12
|
|t:|1769298287
|switch|p2a: Walking Wake|Walking Wake|88/100
|-damage|p2a: Walking Wake|76/100|[from] Stealth Rock
|-activate|p2a: Walking Wake|ability: Protosynthesis
|-start|p2a: Walking Wake|protosynthesisspa
|move|p1a: Suicune|Scald|p2a: Walking Wake
|-resisted|p2a: Walking Wake
|-crit|p2a: Walking Wake
|-damage|p2a: Walking Wake|64/100
|-status|p2a: Walking Wake|brn
|
|-weather|SunnyDay|[upkeep]
|-damage|p2a: Walking Wake|58/100 brn|[from] brn
|upkeep
|turn|13
|
|t:|1769298306
|move|p1a: Suicune|Ice Beam|p2a: Walking Wake
|-damage|p2a: Walking Wake|9/100 brn
|move|p2a: Walking Wake|Draco Meteor|p1a: Suicune
|-damage|p1a: Suicune|36/100
|-unboost|p2a: Walking Wake|spa|2
|
|-weather|SunnyDay|[upkeep]
|-damage|p2a: Walking Wake|2/100 brn|[from] brn
|upkeep
|turn|14
|
|t:|1769298312
|move|p1a: Suicune|Ice Beam|p2a: Walking Wake
|-crit|p2a: Walking Wake
|-damage|p2a: Walking Wake|0 fnt
|faint|p2a: Walking Wake
|-end|p2a: Walking Wake|Protosynthesis|[silent]
|
|-weather|SunnyDay|[upkeep]
|upkeep
|
|t:|1769298317
|switch|p2a: Whimsicott|Whimsicott, M|100/100
|-damage|p2a: Whimsicott|88/100|[from] Stealth Rock
|turn|15
|
|t:|1769298326
|-terastallize|p1a: Suicune|Poison
|move|p2a: Whimsicott|Solar Beam||[still]
|-prepare|p2a: Whimsicott|Solar Beam
|-anim|p2a: Whimsicott|Solar Beam|p1a: Suicune
|-resisted|p1a: Suicune
|-damage|p1a: Suicune|25/100
|move|p1a: Suicune|Ice Beam|p2a: Whimsicott
|-supereffective|p2a: Whimsicott
|-damage|p2a: Whimsicott|0 fnt
|faint|p2a: Whimsicott
|
|-weather|SunnyDay|[upkeep]
|upkeep
|
|t:|1769298338
|switch|p2a: Moltres|Moltres|65/100
|turn|16
|
|t:|1769298351
|move|p1a: Suicune|Scald|p2a: Moltres
|-supereffective|p2a: Moltres
|-damage|p2a: Moltres|0 fnt
|faint|p2a: Moltres
|
|-weather|SunnyDay|[upkeep]
|upkeep
|
|t:|1769298354
|switch|p2a: Great Tusk|Great Tusk, tera:Ground|44/100
|-damage|p2a: Great Tusk|38/100|[from] Stealth Rock
|-activate|p2a: Great Tusk|ability: Protosynthesis
|-start|p2a: Great Tusk|protosynthesisspe
|turn|17
|
|t:|1769298359
|move|p2a: Great Tusk|Headlong Rush|p1a: Suicune
|-supereffective|p1a: Suicune
|-damage|p1a: Suicune|0 fnt
|-unboost|p2a: Great Tusk|def|1
|-unboost|p2a: Great Tusk|spd|1
|faint|p1a: Suicune
|
|-weather|SunnyDay|[upkeep]
|upkeep
|
|t:|1769298365
|switch|p1a: Articuno|Articuno, shiny|100/100
|-ability|p1a: Articuno|Pressure
|turn|18
|
|t:|1769298374
|-end|p2a: Great Tusk|Protosynthesis|[silent]
|switch|p2a: Torkoal|Torkoal, F|75/100
|-damage|p2a: Torkoal|50/100|[from] Stealth Rock
|move|p1a: Articuno|Freeze-Dry|p2a: Torkoal
|-resisted|p2a: Torkoal
|-damage|p2a: Torkoal|32/100
|
|-weather|none
|upkeep
|turn|19
|
|t:|1769298379
|move|p1a: Articuno|Air Slash|p2a: Torkoal
|-damage|p2a: Torkoal|0 fnt
|faint|p2a: Torkoal
|
|upkeep
|
|t:|1769298381
|switch|p2a: Cinderace|Cinderace, F|4/100
|turn|20
|
|t:|1769298389
|switch|p1a: Latios|Latios, M, shiny|25/100
|move|p2a: Cinderace|Pyro Ball|p1a: Latios
|-resisted|p1a: Latios
|-damage|p1a: Latios|0 fnt
|faint|p1a: Latios
|
|upkeep
|
|t:|1769298395
|switch|p1a: Rhyperior|Rhyperior, F|100/100
|turn|21
|
|t:|1769298398
|switch|p2a: Great Tusk|Great Tusk, tera:Ground|38/100
|-damage|p2a: Great Tusk|32/100|[from] Stealth Rock
|move|p1a: Rhyperior|Earthquake|p2a: Great Tusk
|-damage|p2a: Great Tusk|0 fnt
|faint|p2a: Great Tusk
|-end|p2a: Great Tusk|Protosynthesis|[silent]
|
|upkeep
|-message|spunder_policy forfeited.
|
|win|rblt ryo
|raw|rblt ryo's rating: 1557 &rarr; <strong>1582</strong><br />(+25 for winning)
|raw|spunder_policy's rating: 1642 &rarr; <strong>1617</strong><br />(-25 for losing)
|l|☆spunder_policy
|player|p2|
