|j|☆EduInsano
|j|☆yo brodie
|t:|1769294864
|gametype|singles
|player|p1|EduInsano|norman|1085
|player|p2|yo brodie|pokekid|1115
|gen|9
|tier|[Gen 9] OU
|rated|
|rule|HP Percentage Mod: HP is shown in percentages
|rule|Endless Battle Clause: Forcing endless battles is banned
|rule|Species Clause: Limit one of each Pokémon
|rule|OHKO Clause: OHKO moves are banned
|rule|Evasion Items Clause: Evasion items are banned
|rule|Evasion Moves Clause: Evasion moves are banned
|rule|Evasion Abilities Clause: Evasion abilities are banned
|rule|Sleep Moves Clause: Sleep-inducing moves are banned
|clearpoke
|poke|p1|Porygon2|
|poke|p1|Empoleon, M|
|poke|p1|Altaria, F|
|poke|p1|Clodsire, M|
|poke|p1|Infernape, M|
|poke|p1|Umbreon, F|
|poke|p2|Regidrago|
|poke|p2|Gholdengo|
|poke|p2|Great Tusk|
|poke|p2|Glimmora, F|
|poke|p2|Garganacl, M|
|poke|p2|Ogerpon-Wellspring, F|
|teampreview
|
|t:|1769294879
|teamsize|p1|6
|teamsize|p2|6
|start
|switch|p1a: Rememba|Umbreon, F|100/100
|switch|p2a: Great Jolt|Great Tusk|100/100
|-enditem|p2a: Great Jolt|Booster Energy
|-activate|p2a: Great Jolt|ability: Protosynthesis|[fromitem]
|-start|p2a: Great Jolt|protosynthesisatk
|turn|1
|
|t:|1769294891
|move|p2a: Great Jolt|Close Combat|p1a: Rememba
|-supereffective|p1a: Rememba
|-damage|p1a: Rememba|0 fnt
|-unboost|p2a: Great Jolt|def|1
|-unboost|p2a: Great Jolt|spd|1
|faint|p1a: Rememba
|
|upkeep
|c|☆yo brodie|jolteon better
|
|t:|1769294902
|switch|p1a: Amegakure|Altaria, F|100/100
|turn|2
|
|t:|1769294910
|move|p2a: Great Jolt|Ice Spinner|p1a: Amegakure
|-supereffective|p1a: Amegakure
|-damage|p1a: Amegakure|0 fnt
|faint|p1a: Amegakure
|
|upkeep
|c|☆yo brodie|jolteon better
|
|t:|1769294919
|switch|p1a: Kody|Empoleon, M|100/100
|turn|3
|
|t:|1769294923
|move|p2a: Great Jolt|Headlong Rush|p1a: Kody
|-supereffective|p1a: Kody
|-damage|p1a: Kody|0 fnt
|-unboost|p2a: Great Jolt|def|1
|-unboost|p2a: Great Jolt|spd|1
|faint|p1a: Kody
|
|upkeep
|c|☆yo brodie|jolteon better
|
|t:|1769294939
|switch|p1a: Homs|Clodsire, M|100/100
|turn|4
|
|t:|1769294947
|move|p2a: Great Jolt|Ice Spinner|p1a: Homs
|-supereffective|p1a: Homs
|-damage|p1a: Homs|47/100
|move|p1a: Homs|Toxic Spikes|p2a: Great Jolt
|-sidestart|p2: yo brodie|move: Toxic Spikes
|
|-heal|p1a: Homs|54/100|[from] item: Leftovers
|upkeep
|turn|5
|
|t:|1769294957
|move|p2a: Great Jolt|Ice Spinner|p1a: Homs
|-supereffective|p1a: Homs
|-damage|p1a: Homs|4/100
|move|p1a: Homs|Toxic|p2a: Great Jolt
|-status|p2a: Great Jolt|tox
|
|-heal|p1a: Homs|10/100|[from] item: Leftovers
|-damage|p2a: Great Jolt|94/100 tox|[from] psn
|upkeep
|turn|6
|
|t:|1769294967
|move|p2a: Great Jolt|Ice Spinner|p1a: Homs
|-supereffective|p1a: Homs
|-damage|p1a: Homs|0 fnt
|faint|p1a: Homs
|
|-damage|p2a: Great Jolt|82/100 tox|[from] psn
|upkeep
|
|t:|1769294974
|switch|p1a: Mau|Infernape, M|100/100
|turn|7
|
|t:|1769294981
|move|p1a: Mau|Mach Punch|p2a: Great Jolt
|-damage|p2a: Great Jolt|48/100 tox
|-damage|p1a: Mau|91/100|[from] item: Life Orb
|move|p2a: Great Jolt|Headlong Rush|p1a: Mau
|-supereffective|p1a: Mau
|-damage|p1a: Mau|0 fnt
|-unboost|p2a: Great Jolt|def|1
|-unboost|p2a: Great Jolt|spd|1
|faint|p1a: Mau
|
|-damage|p2a: Great Jolt|30/100 tox|[from] psn
|upkeep
|
|t:|1769294994
|switch|p1a: Alcatel|Porygon2|100/100
|-ability|p1a: Alcatel|Download|boost
|-boost|p1a: Alcatel|spa|1
|turn|8
|c|☆yo brodie|jolteon better
|
|t:|1769295008
|-terastallize|p1a: Alcatel|Normal
|move|p2a: Great Jolt|Close Combat|p1a: Alcatel
|-supereffective|p1a: Alcatel
|-damage|p1a: Alcatel|12/100
|-unboost|p2a: Great Jolt|def|1
|-unboost|p2a: Great Jolt|spd|1
|move|p1a: Alcatel|Ice Beam|p2a: Great Jolt
|-supereffective|p2a: Great Jolt
|-damage|p2a: Great Jolt|0 fnt
|faint|p2a: Great Jolt
|-end|p2a: Great Jolt|Protosynthesis|[silent]
|
|upkeep
|
|t:|1769295029
|switch|p2a: Regidragolteon|Regidrago|100/100
|-status|p2a: Regidragolteon|psn
|turn|9
|inactive|Battle timer is ON: inactive players will automatically lose when time's up. (requested by EduInsano)
|
|t:|1769295046
|move|p2a: Regidragolteon|Dragon Energy|p1a: Alcatel
|-damage|p1a: Alcatel|0 fnt
|faint|p1a: Alcatel
|
|win|yo brodie
|raw|EduInsano's rating: 1085 &rarr; <strong>1064</strong><br />(-21 for losing)
|raw|yo brodie's rating: 1115 &rarr; <strong>1138</strong><br />(+23 for winning)
|l|☆EduInsano
|player|p1|
|c|☆yo brodie|Gg
|l|☆yo brodie
|player|p2|
|j|☆yo brodie
|player|p2|yo brodie|pokekid|
