|j|☆onionxking
|j|☆depecos
|t:|1769349603
|gametype|singles
|player|p1|onionxking|pokemaniac|1356
|player|p2|depecos|265|1320
|gen|9
|tier|[Gen 9] OU
|rated|
|rule|HP Percentage Mod: HP is shown in percentages
|rule|Endless Battle Clause: Forcing endless battles is banned
|rule|Species Clause: Limit one of each Pokémon
|rule|OHKO Clause: OHKO moves are banned
|rule|Evasion Items Clause: Evasion items are banned
|rule|Evasion Moves Clause: Evasion moves are banned
|rule|Evasion Abilities Clause: Evasion abilities are banned
|rule|Sleep Moves Clause: Sleep-inducing moves are banned
|clearpoke
|poke|p1|Sandy Shocks|
|poke|p1|Darkrai|
|poke|p1|Iron Valiant|
|poke|p1|Iron Treads|
|poke|p1|Walking Wake|
|poke|p1|Rillaboom, F|
|poke|p2|Sudowoodo, F|
|poke|p2|Okidogi, M|
|poke|p2|Gholdengo|
|poke|p2|Mimikyu, F|
|poke|p2|Great Tusk|
|poke|p2|Kingambit, F|
|teampreview
|inactive|Battle timer is ON: inactive players will automatically lose when time's up. (requested by onionxking)
|
|t:|1769349607
|teamsize|p1|6
|teamsize|p2|6
|start
|switch|p1a: Sandy Shocks|Sandy Shocks, shiny|100/100
|switch|p2a: Harvest Staff|Sudowoodo, F|100/100
|-enditem|p1a: Sandy Shocks|Booster Energy
|-activate|p1a: Sandy Shocks|ability: Protosynthesis|[fromitem]
|-start|p1a: Sandy Shocks|protosynthesisspe
|turn|1
|
|t:|1769349619
|move|p1a: Sandy Shocks|Earth Power|p2a: Harvest Staff
|-supereffective|p2a: Harvest Staff
|-ability|p2a: Harvest Staff|Sturdy
|-damage|p2a: Harvest Staff|1/100
|move|p2a: Harvest Staff|Stealth Rock|p1a: Sandy Shocks
|-sidestart|p1: onionxking|move: Stealth Rock
|
|upkeep
|turn|2
|-enditem|p2a: Harvest Staff|Custap Berry|[eat]
|-activate|p2a: Harvest Staff|item: Custap Berry|[consumed]
|
|t:|1769349625
|move|p2a: Harvest Staff|Spikes|p1a: Sandy Shocks
|-sidestart|p1: onionxking|Spikes
|move|p1a: Sandy Shocks|Earth Power|p2a: Harvest Staff
|-supereffective|p2a: Harvest Staff
|-damage|p2a: Harvest Staff|0 fnt
|faint|p2a: Harvest Staff
|
|upkeep
|
|t:|1769349633
|switch|p2a: Grax|Great Tusk|100/100
|-enditem|p2a: Grax|Booster Energy
|-activate|p2a: Grax|ability: Protosynthesis|[fromitem]
|-start|p2a: Grax|protosynthesisspe
|turn|3
|
|t:|1769349637
|-terastallize|p1a: Sandy Shocks|Ice
|move|p1a: Sandy Shocks|Tera Blast|p2a: Grax|[anim] Tera Blast Ice
|-supereffective|p2a: Grax
|-damage|p2a: Grax|5/100
|move|p2a: Grax|Headlong Rush|p1a: Sandy Shocks
|-damage|p1a: Sandy Shocks|48/100
|-unboost|p2a: Grax|def|1
|-unboost|p2a: Grax|spd|1
|
|upkeep
|turn|4
|
|t:|1769349642
|move|p1a: Sandy Shocks|Tera Blast|p2a: Grax|[anim] Tera Blast Ice
|-supereffective|p2a: Grax
|-damage|p2a: Grax|0 fnt
|faint|p2a: Grax
|-end|p2a: Grax|Protosynthesis|[silent]
|
|upkeep
|
|t:|1769349647
|switch|p2a: Affliction|Mimikyu, F, shiny|100/100
|turn|5
|
|t:|1769349649
|move|p1a: Sandy Shocks|Thunderbolt|p2a: Affliction
|-activate|p2a: Affliction|ability: Disguise
|-damage|p2a: Affliction|100/100
|detailschange|p2a: Affliction|Mimikyu-Busted, F, shiny
|-damage|p2a: Affliction|88/100|[from] pokemon: Mimikyu-Busted
|move|p2a: Affliction|Play Rough|p1a: Sandy Shocks
|-damage|p1a: Sandy Shocks|0 fnt
|faint|p1a: Sandy Shocks
|-end|p1a: Sandy Shocks|Protosynthesis|[silent]
|-damage|p2a: Affliction|78/100|[from] item: Life Orb
|
|upkeep
|
|t:|1769349660
|switch|p1a: Iron Treads|Iron Treads|100/100
|-damage|p1a: Iron Treads|98/100|[from] Stealth Rock
|-damage|p1a: Iron Treads|85/100|[from] Spikes
|-enditem|p1a: Iron Treads|Booster Energy
|-activate|p1a: Iron Treads|ability: Quark Drive|[fromitem]
|-start|p1a: Iron Treads|quarkdrivespe
|turn|6
|
|t:|1769349664
|move|p1a: Iron Treads|Iron Head|p2a: Affliction
|-supereffective|p2a: Affliction
|-damage|p2a: Affliction|0 fnt
|faint|p2a: Affliction
|
|upkeep
|
|t:|1769349668
|switch|p2a: Midas Prime|Gholdengo|100/100
|-item|p2a: Midas Prime|Air Balloon
|turn|7
|
|t:|1769349670
|move|p1a: Iron Treads|Iron Head|p2a: Midas Prime
|-resisted|p2a: Midas Prime
|-damage|p2a: Midas Prime|77/100
|-enditem|p2a: Midas Prime|Air Balloon
|cant|p2a: Midas Prime|flinch
|
|upkeep
|turn|8
|
|t:|1769349674
|move|p1a: Iron Treads|Earthquake|p2a: Midas Prime
|-supereffective|p2a: Midas Prime
|-damage|p2a: Midas Prime|0 fnt
|faint|p2a: Midas Prime
|
|upkeep
|
|t:|1769349681
|switch|p2a: Aorta|Okidogi, M|100/100
|turn|9
|
|t:|1769349685
|move|p1a: Iron Treads|Rapid Spin|p2a: Aorta
|-damage|p2a: Aorta|88/100
|-boost|p1a: Iron Treads|spe|1
|-sideend|p1: onionxking|Spikes|[from] move: Rapid Spin|[of] p1a: Iron Treads
|-sideend|p1: onionxking|Stealth Rock|[from] move: Rapid Spin|[of] p1a: Iron Treads
|move|p2a: Aorta|Bulk Up|p2a: Aorta
|-boost|p2a: Aorta|atk|1
|-boost|p2a: Aorta|def|1
|
|upkeep
|turn|10
|
|t:|1769349691
|move|p1a: Iron Treads|Earthquake|p2a: Aorta
|-supereffective|p2a: Aorta
|-damage|p2a: Aorta|35/100
|-enditem|p2a: Aorta|Weakness Policy
|-boost|p2a: Aorta|atk|2|[from] item: Weakness Policy
|-boost|p2a: Aorta|spa|2|[from] item: Weakness Policy
|move|p2a: Aorta|Drain Punch|p1a: Iron Treads
|-supereffective|p1a: Iron Treads
|-damage|p1a: Iron Treads|0 fnt
|-heal|p2a: Aorta|73/100|[from] drain|[of] p1a: Iron Treads
|faint|p1a: Iron Treads
|-end|p1a: Iron Treads|Quark Drive|[silent]
|
|upkeep
|
|t:|1769349703
|switch|p1a: Walking Wake|Walking Wake|100/100
|-enditem|p1a: Walking Wake|Booster Energy
|-activate|p1a: Walking Wake|ability: Protosynthesis|[fromitem]
|-start|p1a: Walking Wake|protosynthesisspe
|turn|11
|
|t:|1769349708
|move|p1a: Walking Wake|Scald|p2a: Aorta
|-damage|p2a: Aorta|31/100
|move|p2a: Aorta|Drain Punch|p1a: Walking Wake
|-damage|p1a: Walking Wake|6/100
|-heal|p2a: Aorta|74/100|[from] drain|[of] p1a: Walking Wake
|-status|p1a: Walking Wake|tox|[from] ability: Toxic Chain|[of] p2a: Aorta
|
|-damage|p1a: Walking Wake|0 fnt|[from] psn
|faint|p1a: Walking Wake
|-end|p1a: Walking Wake|Protosynthesis|[silent]
|upkeep
|
|t:|1769349714
|switch|p1a: Rillaboom|Rillaboom, F, shiny|100/100
|-fieldstart|move: Grassy Terrain|[from] ability: Grassy Surge|[of] p1a: Rillaboom
|turn|12
|
|t:|1769349719
|move|p1a: Rillaboom|Grassy Glide|p2a: Aorta
|-resisted|p2a: Aorta
|-damage|p2a: Aorta|62/100
|move|p2a: Aorta|Drain Punch|p1a: Rillaboom
|-damage|p1a: Rillaboom|0 fnt
|-heal|p2a: Aorta|100/100|[from] drain|[of] p1a: Rillaboom
|faint|p1a: Rillaboom
|
|upkeep
|
|t:|1769349723
|switch|p1a: Darkrai|Darkrai, shiny|100/100
|turn|13
|
|t:|1769349726
|move|p1a: Darkrai|Dark Pulse|p2a: Aorta
|-resisted|p2a: Aorta
|-damage|p2a: Aorta|78/100
|move|p2a: Aorta|Drain Punch|p1a: Darkrai
|-supereffective|p1a: Darkrai
|-damage|p1a: Darkrai|0 fnt
|-heal|p2a: Aorta|100/100|[from] drain|[of] p1a: Darkrai
|faint|p1a: Darkrai
|
|upkeep
|
|t:|1769349732
|switch|p1a: Iron Valiant|Iron Valiant|100/100
|-enditem|p1a: Iron Valiant|Booster Energy
|-activate|p1a: Iron Valiant|ability: Quark Drive|[fromitem]
|-start|p1a: Iron Valiant|quarkdrivespe
|turn|14
|
|t:|1769349735
|move|p1a: Iron Valiant|Moonblast|p2a: Aorta
|-damage|p2a: Aorta|52/100
|-unboost|p2a: Aorta|spa|1
|move|p2a: Aorta|Ice Punch|p1a: Iron Valiant
|-damage|p1a: Iron Valiant|18/100
|
|-heal|p1a: Iron Valiant|24/100|[from] Grassy Terrain
|-heal|p2a: Aorta|58/100|[from] Grassy Terrain
|upkeep
|turn|15
|
|t:|1769349743
|move|p1a: Iron Valiant|Moonblast|p2a: Aorta
|-damage|p2a: Aorta|11/100
|move|p2a: Aorta|Ice Punch|p1a: Iron Valiant
|-damage|p1a: Iron Valiant|0 fnt
|faint|p1a: Iron Valiant
|-end|p1a: Iron Valiant|Quark Drive|[silent]
|
|win|depecos
|raw|onionxking's rating: 1356 &rarr; <strong>1334</strong><br />(-22 for losing)
|raw|depecos's rating: 1320 &rarr; <strong>1342</strong><br />(+22 for winning)
|l|☆depecos
|player|p2|
|l|☆onionxking
|player|p1|
