|j|☆TheJojoAlchemist
|j|☆Platypuzzled
|t:|1769374791
|gametype|singles
|player|p1|TheJojoAlchemist|shadowtriad|1231
|player|p2|Platypuzzled|burglar-lgpe|1174
|gen|9
|tier|[Gen 9] OU
|rated|
|rule|HP Percentage Mod: HP is shown in percentages
|rule|Endless Battle Clause: Forcing endless battles is banned
|rule|Species Clause: Limit one of each Pokémon
|rule|OHKO Clause: OHKO moves are banned
|rule|Evasion Items Clause: Evasion items are banned
|rule|Evasion Moves Clause: Evasion moves are banned
|rule|Evasion Abilities Clause: Evasion abilities are banned
|rule|Sleep Moves Clause: Sleep-inducing moves are banned
|clearpoke
|poke|p1|Walking Wake|
|poke|p1|Ninetales, F|
|poke|p1|Great Tusk|
|poke|p1|Corviknight, F|
|poke|p1|Kingambit, M|
|poke|p1|Gholdengo|
|poke|p2|Samurott-Hisui, F|
|poke|p2|Corviknight, M|
|poke|p2|Muk-Alola, F|
|poke|p2|Kommo-o, M|
|poke|p2|Sandy Shocks|
|poke|p2|Cramorant, F|
|teampreview
|c|☆Platypuzzled|glhf
|
|t:|1769374818
|teamsize|p1|6
|teamsize|p2|6
|start
|switch|p1a: Ninetales|Ninetales, F|100/100
|switch|p2a: Slop|Muk-Alola, F|100/100
|-weather|SunnyDay|[from] ability: Drought|[of] p1a: Ninetales
|turn|1
|inactive|Battle timer is ON: inactive players will automatically lose when time's up. (requested by Platypuzzled)
|
|t:|1769374825
|switch|p1a: Corviknight|Corviknight, F|100/100
|-ability|p1a: Corviknight|Pressure
|move|p2a: Slop|Knock Off|p1a: Corviknight
|-damage|p1a: Corviknight|70/100
|-enditem|p1a: Corviknight|Leftovers|[from] move: Knock Off|[of] p2a: Slop
|
|-weather|SunnyDay|[upkeep]
|upkeep
|turn|2
|
|t:|1769374849
|move|p1a: Corviknight|U-turn|p2a: Slop
|-damage|p2a: Slop|84/100
|
|t:|1769374852
|switch|p1a: Great Tusk|Great Tusk|100/100|[from] U-turn
|-activate|p1a: Great Tusk|ability: Protosynthesis
|-start|p1a: Great Tusk|protosynthesisspe
|move|p2a: Slop|Drain Punch|p1a: Great Tusk
|-damage|p1a: Great Tusk|88/100
|-heal|p2a: Slop|91/100|[from] drain|[of] p1a: Great Tusk
|
|-weather|SunnyDay|[upkeep]
|upkeep
|turn|3
|
|t:|1769374857
|switch|p2a: Chicken|Corviknight, M|100/100
|-ability|p2a: Chicken|Pressure
|move|p1a: Great Tusk|Headlong Rush|p2a: Chicken
|-immune|p2a: Chicken
|
|-weather|SunnyDay|[upkeep]
|upkeep
|turn|4
|
|t:|1769374865
|-end|p1a: Great Tusk|Protosynthesis|[silent]
|switch|p1a: Corviknight|Corviknight, F|70/100
|-ability|p1a: Corviknight|Pressure
|move|p2a: Chicken|Brave Bird|p1a: Corviknight
|-resisted|p1a: Corviknight
|-damage|p1a: Corviknight|54/100
|-damage|p2a: Chicken|95/100|[from] Recoil
|
|-weather|SunnyDay|[upkeep]
|upkeep
|turn|5
|
|t:|1769374867
|move|p1a: Corviknight|Roost|p1a: Corviknight
|-heal|p1a: Corviknight|100/100
|-singleturn|p1a: Corviknight|move: Roost
|move|p2a: Chicken|Body Press|p1a: Corviknight
|-supereffective|p1a: Corviknight
|-damage|p1a: Corviknight|60/100
|
|-weather|SunnyDay|[upkeep]
|upkeep
|turn|6
|
|t:|1769374872
|move|p1a: Corviknight|U-turn|p2a: Chicken
|-resisted|p2a: Chicken
|-damage|p2a: Chicken|92/100
|-damage|p1a: Corviknight|43/100|[from] item: Rocky Helmet|[of] p2a: Chicken
|
|t:|1769374874
|switch|p1a: Ninetales|Ninetales, F|100/100|[from] U-turn
|move|p2a: Chicken|Bulk Up|p2a: Chicken
|-boost|p2a: Chicken|atk|1
|-boost|p2a: Chicken|def|1
|
|-weather|SunnyDay|[upkeep]
|upkeep
|turn|7
|
|t:|1769374887
|move|p1a: Ninetales|Encore|p2a: Chicken
|-start|p2a: Chicken|Encore
|move|p2a: Chicken|Bulk Up|p2a: Chicken
|-boost|p2a: Chicken|atk|1
|-boost|p2a: Chicken|def|1
|
|-weather|SunnyDay|[upkeep]
|upkeep
|turn|8
|
|t:|1769374892
|switch|p2a: Bird :D|Cramorant, F|100/100
|move|p1a: Ninetales|Flamethrower|p2a: Bird :D
|-resisted|p2a: Bird :D
|-damage|p2a: Bird :D|77/100
|
|-weather|none
|upkeep
|turn|9
|
|t:|1769374897
|switch|p1a: Gholdengo|Gholdengo|100/100
|-item|p1a: Gholdengo|Air Balloon
|move|p2a: Bird :D|Surf|p1a: Gholdengo
|-formechange|p2a: Bird :D|Cramorant-Gulping|
|-damage|p1a: Gholdengo|65/100
|-enditem|p1a: Gholdengo|Air Balloon
|
|upkeep
|turn|10
|
|t:|1769374901
|move|p2a: Bird :D|Surf|p1a: Gholdengo
|-damage|p1a: Gholdengo|30/100
|move|p1a: Gholdengo|Recover|p1a: Gholdengo
|-heal|p1a: Gholdengo|80/100
|
|upkeep
|turn|11
|
|t:|1769374908
|move|p2a: Bird :D|Surf|p1a: Gholdengo
|-damage|p1a: Gholdengo|43/100
|move|p1a: Gholdengo|Recover|p1a: Gholdengo
|-heal|p1a: Gholdengo|93/100
|
|upkeep
|turn|12
|
|t:|1769374911
|move|p2a: Bird :D|Surf|p1a: Gholdengo
|-damage|p1a: Gholdengo|56/100
|move|p1a: Gholdengo|Shadow Ball|p2a: Bird :D
|-damage|p2a: Bird :D|27/100
|-damage|p1a: Gholdengo|31/100|[from] ability: Gulp Missile|[of] p2a: Bird :D
|-unboost|p1a: Gholdengo|def|1
|-formechange|p2a: Bird :D|Cramorant|
|
|upkeep
|turn|13
|
|t:|1769374915
|move|p2a: Bird :D|Surf|p1a: Gholdengo
|-formechange|p2a: Bird :D|Cramorant-Gorging|
|-damage|p1a: Gholdengo|0 fnt
|faint|p1a: Gholdengo
|
|upkeep
|
|t:|1769374924
|switch|p1a: Ninetales|Ninetales, F|100/100
|-weather|SunnyDay|[from] ability: Drought|[of] p1a: Ninetales
|turn|14
|
|t:|1769374929
|switch|p1a: Corviknight|Corviknight, F|43/100
|-ability|p1a: Corviknight|Pressure
|move|p2a: Bird :D|Roost|p2a: Bird :D
|-heal|p2a: Bird :D|77/100
|-singleturn|p2a: Bird :D|move: Roost
|
|-weather|SunnyDay|[upkeep]
|upkeep
|turn|15
|
|t:|1769374939
|move|p2a: Bird :D|Surf|p1a: Corviknight
|-damage|p1a: Corviknight|31/100
|move|p1a: Corviknight|Roost|p1a: Corviknight
|-heal|p1a: Corviknight|81/100
|-singleturn|p1a: Corviknight|move: Roost
|
|-weather|SunnyDay|[upkeep]
|upkeep
|turn|16
|
|t:|1769374951
|move|p2a: Bird :D|Surf|p1a: Corviknight
|-damage|p1a: Corviknight|69/100
|move|p1a: Corviknight|U-turn|p2a: Bird :D
|-resisted|p2a: Bird :D
|-damage|p2a: Bird :D|64/100
|-damage|p1a: Corviknight|44/100|[from] ability: Gulp Missile|[of] p2a: Bird :D
|-status|p1a: Corviknight|par
|-formechange|p2a: Bird :D|Cramorant|
|
|t:|1769374953
|switch|p1a: Walking Wake|Walking Wake|100/100|[from] U-turn
|-activate|p1a: Walking Wake|ability: Protosynthesis
|-start|p1a: Walking Wake|protosynthesisspe
|
|-weather|SunnyDay|[upkeep]
|upkeep
|turn|17
|
|t:|1769374959
|-terastallize|p1a: Walking Wake|Water
|move|p1a: Walking Wake|Hydro Steam|p2a: Bird :D
|-resisted|p2a: Bird :D
|-damage|p2a: Bird :D|0 fnt
|faint|p2a: Bird :D
|
|-weather|SunnyDay|[upkeep]
|upkeep
|
|t:|1769374964
|switch|p2a: Slop|Muk-Alola, F|91/100
|turn|18
|
|t:|1769374966
|move|p1a: Walking Wake|Hydro Steam|p2a: Slop
|-damage|p2a: Slop|36/100
|move|p2a: Slop|Knock Off|p1a: Walking Wake
|-damage|p1a: Walking Wake|61/100
|-status|p1a: Walking Wake|psn|[from] ability: Poison Touch|[of] p2a: Slop
|-enditem|p1a: Walking Wake|Choice Specs|[from] move: Knock Off|[of] p2a: Slop
|
|-weather|SunnyDay|[upkeep]
|-damage|p1a: Walking Wake|48/100 psn|[from] psn
|upkeep
|turn|19
|inactive|Platypuzzled has 120 seconds left.
|
|t:|1769375026
|move|p1a: Walking Wake|Hydro Steam|p2a: Slop
|-damage|p2a: Slop|0 fnt
|faint|p2a: Slop
|
|-weather|SunnyDay|[upkeep]
|-damage|p1a: Walking Wake|36/100 psn|[from] psn
|upkeep
|
|t:|1769375031
|switch|p2a: Wet Dog|Samurott-Hisui, F|100/100
|turn|20
|
|t:|1769375037
|-end|p1a: Walking Wake|Protosynthesis|[silent]
|switch|p1a: Great Tusk|Great Tusk|88/100
|-activate|p1a: Great Tusk|ability: Protosynthesis
|-start|p1a: Great Tusk|protosynthesisspe
|move|p2a: Wet Dog|Ceaseless Edge|p1a: Great Tusk
|-resisted|p1a: Great Tusk
|-damage|p1a: Great Tusk|71/100
|-sidestart|p1: TheJojoAlchemist|Spikes
|
|-weather|SunnyDay|[upkeep]
|upkeep
|turn|21
|
|t:|1769375061
|move|p1a: Great Tusk|Rapid Spin|p2a: Wet Dog
|-damage|p2a: Wet Dog|83/100
|-boost|p1a: Great Tusk|spe|1
|-sideend|p1: TheJojoAlchemist|Spikes|[from] move: Rapid Spin|[of] p1a: Great Tusk
|move|p2a: Wet Dog|Aqua Cutter|p1a: Great Tusk
|-supereffective|p1a: Great Tusk
|-damage|p1a: Great Tusk|38/100
|
|-weather|none
|-end|p1a: Great Tusk|Protosynthesis
|upkeep
|turn|22
|
|t:|1769375069
|move|p1a: Great Tusk|Headlong Rush|p2a: Wet Dog
|-damage|p2a: Wet Dog|13/100
|-unboost|p1a: Great Tusk|def|1
|-unboost|p1a: Great Tusk|spd|1
|move|p2a: Wet Dog|Aqua Cutter|p1a: Great Tusk
|-supereffective|p1a: Great Tusk
|-damage|p1a: Great Tusk|0 fnt
|faint|p1a: Great Tusk
|-end|p1a: Great Tusk|Protosynthesis|[silent]
|
|upkeep
|
|t:|1769375077
|switch|p1a: Ninetales|Ninetales, F|100/100
|-weather|SunnyDay|[from] ability: Drought|[of] p1a: Ninetales
|turn|23
|inactive|Platypuzzled has 120 seconds left.
|inactive|Platypuzzled has 90 seconds left.
|
|t:|1769375128
|move|p1a: Ninetales|Flamethrower|p2a: Wet Dog
|-resisted|p2a: Wet Dog
|-damage|p2a: Wet Dog|0 fnt
|faint|p2a: Wet Dog
|
|-weather|SunnyDay|[upkeep]
|upkeep
|
|t:|1769375132
|switch|p2a: Polycule|Sandy Shocks|100/100
|-activate|p2a: Polycule|ability: Protosynthesis
|-start|p2a: Polycule|protosynthesisspe
|turn|24
|
|t:|1769375135
|switch|p1a: Corviknight|Corviknight, F|44/100 par
|-ability|p1a: Corviknight|Pressure
|move|p2a: Polycule|Earth Power|p1a: Corviknight
|-immune|p1a: Corviknight
|
|-weather|SunnyDay|[upkeep]
|upkeep
|turn|25
|inactive|Platypuzzled has 90 seconds left.
|
|t:|1769375150
|move|p2a: Polycule|Thunderbolt|p1a: Corviknight
|-supereffective|p1a: Corviknight
|-damage|p1a: Corviknight|0 fnt
|faint|p1a: Corviknight
|
|-weather|SunnyDay|[upkeep]
|upkeep
|
|t:|1769375152
|switch|p1a: Walking Wake|Walking Wake, tera:Water|36/100 psn
|-activate|p1a: Walking Wake|ability: Protosynthesis
|-start|p1a: Walking Wake|protosynthesisspe
|turn|26
|
|t:|1769375159
|move|p1a: Walking Wake|Hydro Steam|p2a: Polycule
|-supereffective|p2a: Polycule
|-damage|p2a: Polycule|0 fnt
|faint|p2a: Polycule
|-end|p2a: Polycule|Protosynthesis|[silent]
|
|-weather|SunnyDay|[upkeep]
|-damage|p1a: Walking Wake|24/100 psn|[from] psn
|upkeep
|
|t:|1769375162
|switch|p2a: Chicken|Corviknight, M|92/100
|-ability|p2a: Chicken|Pressure
|turn|27
|
|t:|1769375165
|move|p1a: Walking Wake|Hydro Steam|p2a: Chicken
|-damage|p2a: Chicken|14/100
|move|p2a: Chicken|Brave Bird|p1a: Walking Wake
|-damage|p1a: Walking Wake|0 fnt
|faint|p1a: Walking Wake
|-end|p1a: Walking Wake|Protosynthesis|[silent]
|-damage|p2a: Chicken|7/100|[from] Recoil
|
|-weather|SunnyDay|[upkeep]
|upkeep
|
|t:|1769375170
|switch|p1a: Ninetales|Ninetales, F|100/100
|turn|28
|
|t:|1769375172
|move|p1a: Ninetales|Flamethrower|p2a: Chicken
|-supereffective|p2a: Chicken
|-damage|p2a: Chicken|0 fnt
|faint|p2a: Chicken
|
|-weather|SunnyDay|[upkeep]
|upkeep
|
|t:|1769375173
|switch|p2a: Banana Horse|Kommo-o, M|100/100
|turn|29
|
|t:|1769375176
|move|p1a: Ninetales|Will-O-Wisp|p2a: Banana Horse
|-status|p2a: Banana Horse|brn
|move|p2a: Banana Horse|Clangorous Soul|p2a: Banana Horse
|-boost|p2a: Banana Horse|atk|1
|-boost|p2a: Banana Horse|def|1
|-boost|p2a: Banana Horse|spa|1
|-boost|p2a: Banana Horse|spd|1
|-boost|p2a: Banana Horse|spe|1
|-damage|p2a: Banana Horse|68/100 brn
|-enditem|p2a: Banana Horse|Throat Spray
|-boost|p2a: Banana Horse|spa|1|[from] item: Throat Spray
|
|-weather|SunnyDay|[upkeep]
|-damage|p2a: Banana Horse|62/100 brn|[from] brn
|upkeep
|turn|30
|
|t:|1769375181
|move|p2a: Banana Horse|Clanging Scales|p1a: Ninetales
|-damage|p1a: Ninetales|7/100
|-unboost|p2a: Banana Horse|def|1
|move|p1a: Ninetales|Encore|p2a: Banana Horse
|-start|p2a: Banana Horse|Encore
|
|-weather|none
|-damage|p2a: Banana Horse|56/100 brn|[from] brn
|upkeep
|turn|31
|
|t:|1769375185
|move|p2a: Banana Horse|Clanging Scales|p1a: Ninetales
|-damage|p1a: Ninetales|0 fnt
|faint|p1a: Ninetales
|-unboost|p2a: Banana Horse|def|1
|
|-damage|p2a: Banana Horse|49/100 brn|[from] brn
|upkeep
|
|t:|1769375187
|switch|p1a: Kingambit|Kingambit, M|100/100
|-activate|p1a: Kingambit|ability: Supreme Overlord
|-start|p1a: Kingambit|fallen5|[silent]
|turn|32
|
|t:|1769375191
|-terastallize|p2a: Banana Horse|Steel
|move|p2a: Banana Horse|Clanging Scales|p1a: Kingambit
|-resisted|p1a: Kingambit
|-crit|p1a: Kingambit
|-damage|p1a: Kingambit|23/100
|-unboost|p2a: Banana Horse|def|1
|move|p1a: Kingambit|Iron Head|p2a: Banana Horse
|-resisted|p2a: Banana Horse
|-damage|p2a: Banana Horse|0 fnt
|faint|p2a: Banana Horse
|
|win|TheJojoAlchemist
|raw|TheJojoAlchemist's rating: 1231 &rarr; <strong>1252</strong><br />(+21 for winning)
|raw|Platypuzzled's rating: 1174 &rarr; <strong>1153</strong><br />(-21 for losing)
|c|☆Platypuzzled|gg
|l|☆Platypuzzled
|player|p2|
|c|☆TheJojoAlchemist|gg
|l|☆TheJojoAlchemist
|player|p1|
