|j|☆Collecting-Rod
|j|☆Mxlphxs
|t:|1769341359
|gametype|singles
|player|p1|Collecting-Rod|101|1076
|player|p2|Mxlphxs|veteran|1076
|gen|9
|tier|[Gen 9] OU
|rated|
|rule|HP Percentage Mod: HP is shown in percentages
|rule|Endless Battle Clause: Forcing endless battles is banned
|rule|Species Clause: Limit one of each Pokémon
|rule|OHKO Clause: OHKO moves are banned
|rule|Evasion Items Clause: Evasion items are banned
|rule|Evasion Moves Clause: Evasion moves are banned
|rule|Evasion Abilities Clause: Evasion abilities are banned
|rule|Sleep Moves Clause: Sleep-inducing moves are banned
|clearpoke
|poke|p1|Cinderace, F|
|poke|p1|Gengar, M|
|poke|p1|Kingambit, M|
|poke|p1|Meowscarada, F|
|poke|p1|Greninja-*, M|
|poke|p1|Ogerpon-Wellspring, F|
|poke|p2|Dragonite, M|
|poke|p2|Gliscor, M|
|poke|p2|Corviknight, M|
|poke|p2|Slowking-Galar, M|
|poke|p2|Ursaluna, M|
|poke|p2|Clefable, M|
|teampreview
|c|☆Collecting-Rod|glhf
|c|☆Mxlphxs|is fun allowed in this game?
|
|t:|1769341374
|teamsize|p1|6
|teamsize|p2|6
|start
|switch|p1a: Greninja|Greninja, M|100/100
|switch|p2a: Gliscor|Gliscor, M, shiny|100/100
|turn|1
|c|☆Collecting-Rod|lol
|
|t:|1769341382
|switch|p2a: Slowking|Slowking-Galar, M|100/100
|move|p1a: Greninja|Chilling Water|p2a: Slowking
|-start|p1a: Greninja|typechange|Water|[from] ability: Protean
|-damage|p2a: Slowking|87/100
|-unboost|p2a: Slowking|atk|1
|
|-heal|p2a: Slowking|93/100|[from] item: Leftovers
|upkeep
|turn|2
|
|t:|1769341397
|switch|p1a: Meowscarada|Meowscarada, F|100/100
|-terastallize|p2a: Slowking|Poison
|move|p2a: Slowking|Sludge Bomb|p1a: Meowscarada
|-supereffective|p1a: Meowscarada
|-damage|p1a: Meowscarada|0 fnt
|faint|p1a: Meowscarada
|
|-heal|p2a: Slowking|99/100|[from] item: Leftovers
|upkeep
|c|☆Collecting-Rod|oh god
|
|t:|1769341416
|switch|p1a: Ogerpon|Ogerpon-Wellspring, F|100/100
|turn|3
|
|t:|1769341428
|-terastallize|p1a: Ogerpon|Water
|detailschange|p1a: Ogerpon|Ogerpon-Wellspring-Tera, F, tera:Water
|-ability|p1a: Ogerpon|Embody Aspect (Wellspring)|boost
|-boost|p1a: Ogerpon|spd|1
|move|p1a: Ogerpon|Ivy Cudgel|p2a: Slowking|[anim] Ivy Cudgel Water
|-damage|p2a: Slowking|11/100
|move|p2a: Slowking|Sludge Bomb|p1a: Ogerpon
|-damage|p1a: Ogerpon|64/100
|
|-heal|p2a: Slowking|17/100|[from] item: Leftovers
|upkeep
|turn|4
|
|t:|1769341443
|switch|p2a: Corviknight|Corviknight, M, shiny|100/100
|-ability|p2a: Corviknight|Pressure
|move|p1a: Ogerpon|Knock Off|p2a: Corviknight
|-damage|p2a: Corviknight|76/100
|-damage|p1a: Ogerpon|47/100|[from] item: Rocky Helmet|[of] p2a: Corviknight
|-enditem|p2a: Corviknight|Rocky Helmet|[from] move: Knock Off|[of] p1a: Ogerpon
|
|upkeep
|turn|5
|
|t:|1769341460
|move|p1a: Ogerpon|Ivy Cudgel|p2a: Corviknight|[anim] Ivy Cudgel Water
|-damage|p2a: Corviknight|28/100
|move|p2a: Corviknight|Body Press|p1a: Ogerpon
|-damage|p1a: Ogerpon|14/100
|
|upkeep
|turn|6
|c|☆Collecting-Rod|thank god that survived
|c|☆Mxlphxs|i dont get how that stupid thing does so much dmg
|c|☆Mxlphxs|i have 400 DEF
|c|☆Collecting-Rod|lol
|
|t:|1769341505
|move|p1a: Ogerpon|Ivy Cudgel|p2a: Corviknight|[anim] Ivy Cudgel Water
|-damage|p2a: Corviknight|0 fnt
|faint|p2a: Corviknight
|
|upkeep
|c|☆Collecting-Rod|its the tera boost + a 1.2x boost for wellspring
|c|☆Mxlphxs|48% with a nonstab move
|c|☆Collecting-Rod|kinda op
|c|☆Collecting-Rod|its busted
|c|☆Mxlphxs|but thats the problem with pokemon these days
|c|☆Mxlphxs|everything is busted compared to what it used to be
|c|☆Collecting-Rod|"back in my day" ahh
|c|☆Mxlphxs|al these gen9 broken fucking bullshit
|c|☆Mxlphxs|its insane
|c|☆Collecting-Rod|gen 10 will be worse
|c|☆Mxlphxs|all them booster energys and things like wellspring
|c|☆Mxlphxs|its not good for the game
|c|☆Mxlphxs|guess im too oldschool ye
|c|☆Collecting-Rod|oh well, lets get on with it
|
|t:|1769341594
|switch|p2a: Dragonite|Dragonite, M, shiny|100/100
|turn|7
|c|☆Collecting-Rod|i didnt even wanna use my tera
|
|t:|1769341604
|move|p1a: Ogerpon|Knock Off|p2a: Dragonite
|-damage|p2a: Dragonite|60/100
|-enditem|p2a: Dragonite|Heavy-Duty Boots|[from] move: Knock Off|[of] p1a: Ogerpon
|move|p2a: Dragonite|Dragon Dance|p2a: Dragonite
|-boost|p2a: Dragonite|atk|1
|-boost|p2a: Dragonite|spe|1
|
|upkeep
|turn|8
|
|t:|1769341623
|move|p2a: Dragonite|Outrage|p1a: Ogerpon
|-damage|p1a: Ogerpon|0 fnt
|faint|p1a: Ogerpon
|detailschange|p1: Ogerpon|Ogerpon-Wellspring, F|[silent]
|
|upkeep
|
|t:|1769341629
|switch|p1a: Gengar|Gengar, M|100/100
|turn|9
|
|t:|1769341634
|move|p2a: Dragonite|Outrage|p1a: Gengar|[from] lockedmove
|-damage|p1a: Gengar|0 fnt
|-damage|p2a: Dragonite|43/100|[from] item: Rocky Helmet|[of] p1a: Gengar
|faint|p1a: Gengar
|-start|p2a: Dragonite|confusion|[fatigue]
|
|upkeep
|
|t:|1769341646
|switch|p1a: Greninja|Greninja, M|100/100
|turn|10
|
|t:|1769341657
|-activate|p2a: Dragonite|confusion
|move|p2a: Dragonite|Outrage|p1a: Greninja
|-damage|p1a: Greninja|0 fnt
|-damage|p2a: Dragonite|27/100|[from] item: Rocky Helmet|[of] p1a: Greninja
|faint|p1a: Greninja
|
|upkeep
|
|t:|1769341663
|switch|p1a: Kingambit|Kingambit, M, shiny|100/100
|-activate|p1a: Kingambit|ability: Supreme Overlord
|-start|p1a: Kingambit|fallen4|[silent]
|-item|p1a: Kingambit|Air Balloon
|turn|11
|c|☆Collecting-Rod|not the outrage spam
|
|t:|1769341673
|-activate|p2a: Dragonite|confusion
|move|p2a: Dragonite|Outrage|p1a: Kingambit|[from] lockedmove
|-resisted|p1a: Kingambit
|-damage|p1a: Kingambit|71/100
|-enditem|p1a: Kingambit|Air Balloon
|move|p1a: Kingambit|Foul Play|p2a: Dragonite
|-damage|p2a: Dragonite|0 fnt
|faint|p2a: Dragonite
|
|upkeep
|c|☆Mxlphxs|not Kingambit...
|c|☆Collecting-Rod|ma boi
|c|☆Mxlphxs|ma boi?
|c|☆Mxlphxs|half the fucking community uses this carp
|c|☆Mxlphxs|crap
|c|☆Collecting-Rod|i love him tho
|
|t:|1769341707
|switch|p2a: Clefable|Clefable, M|100/100
|turn|12
|c|☆Mxlphxs|cause its braindead to play?
|c|☆Collecting-Rod|im using all my fav pokemon
|
|t:|1769341719
|move|p2a: Clefable|Moonblast|p1a: Kingambit
|-damage|p1a: Kingambit|36/100
|move|p1a: Kingambit|Iron Head|p2a: Clefable
|-supereffective|p2a: Clefable
|-damage|p2a: Clefable|24/100
|
|-heal|p2a: Clefable|30/100|[from] item: Leftovers
|upkeep
|turn|13
|
|t:|1769341728
|move|p2a: Clefable|Moonblast|p1a: Kingambit
|-crit|p1a: Kingambit
|-damage|p1a: Kingambit|0 fnt
|faint|p1a: Kingambit
|-end|p1a: Kingambit|fallen4|[silent]
|
|-heal|p2a: Clefable|36/100|[from] item: Leftovers
|upkeep
|
|t:|1769341734
|switch|p1a: Cinderace|Cinderace, F, shiny|100/100
|turn|14
|c|☆Mxlphxs|if Ogerpon is one of your fav theres somethign wrong with you
|c|☆Collecting-Rod|he's a cute boi
|
|t:|1769341757
|move|p1a: Cinderace|Acrobatics|p2a: Clefable
|-start|p1a: Cinderace|typechange|Flying|[from] ability: Libero
|-damage|p2a: Clefable|17/100
|move|p2a: Clefable|Moonblast|p1a: Cinderace
|-damage|p1a: Cinderace|54/100
|-unboost|p1a: Cinderace|spa|1
|
|-heal|p2a: Clefable|23/100|[from] item: Leftovers
|upkeep
|turn|15
|
|t:|1769341774
|move|p2a: Clefable|Protect|p2a: Clefable
|-singleturn|p2a: Clefable|Protect
|move|p1a: Cinderace|Facade|p2a: Clefable
|-activate|p2a: Clefable|move: Protect
|
|-heal|p2a: Clefable|29/100|[from] item: Leftovers
|upkeep
|turn|16
|
|t:|1769341782
|move|p1a: Cinderace|Facade|p2a: Clefable
|-damage|p2a: Clefable|13/100
|move|p2a: Clefable|Wish|p2a: Clefable
|
|-heal|p2a: Clefable|19/100|[from] item: Leftovers
|upkeep
|turn|17
|
|t:|1769341789
|move|p2a: Clefable|Protect|p2a: Clefable
|-singleturn|p2a: Clefable|Protect
|move|p1a: Cinderace|Facade|p2a: Clefable
|-activate|p2a: Clefable|move: Protect
|
|-heal|p2a: Clefable|69/100|[from] move: Wish|[wisher] Clefable
|-heal|p2a: Clefable|75/100|[from] item: Leftovers
|upkeep
|turn|18
|c|☆Collecting-Rod|not the clefable heal spam
|
|t:|1769341802
|move|p1a: Cinderace|Flamethrower|p2a: Clefable
|-damage|p2a: Clefable|64/100
|-status|p2a: Clefable|brn
|move|p2a: Clefable|Moonblast|p1a: Cinderace
|-damage|p1a: Cinderace|13/100
|
|-heal|p2a: Clefable|70/100 brn|[from] item: Leftovers
|-damage|p2a: Clefable|64/100 brn|[from] brn
|upkeep
|turn|19
|
|t:|1769341812
|move|p1a: Cinderace|Facade|p2a: Clefable
|-damage|p2a: Clefable|46/100 brn
|move|p2a: Clefable|Moonblast|p1a: Cinderace
|-damage|p1a: Cinderace|0 fnt
|faint|p1a: Cinderace
|
|win|Mxlphxs
