|j|☆Beibeii
|j|☆sbl66666
|t:|1769397985
|gametype|singles
|player|p1|Beibeii|170|1133
|player|p2|sbl66666|2|1079
|gen|9
|tier|[Gen 9] OU
|rated|
|rule|HP Percentage Mod: HP is shown in percentages
|rule|Endless Battle Clause: Forcing endless battles is banned
|rule|Species Clause: Limit one of each Pokémon
|rule|OHKO Clause: OHKO moves are banned
|rule|Evasion Items Clause: Evasion items are banned
|rule|Evasion Moves Clause: Evasion moves are banned
|rule|Evasion Abilities Clause: Evasion abilities are banned
|rule|Sleep Moves Clause: Sleep-inducing moves are banned
|clearpoke
|poke|p1|Mamoswine, F|
|poke|p1|Weezing-Galar, F|
|poke|p1|Samurott-Hisui, M|
|poke|p1|Dragapult, F|
|poke|p1|Charizard, F|
|poke|p1|Ogerpon, F|
|poke|p2|Indeedee, M|
|poke|p2|Hatterene, F|
|poke|p2|Ursaluna, F|
|poke|p2|Azumarill, F|
|poke|p2|Hoopa-Unbound|
|poke|p2|Mimikyu, F|
|teampreview
|c|☆sbl66666|中国人？
|
|t:|1769398023
|teamsize|p1|6
|teamsize|p2|6
|start
|switch|p1a: Mamoswine|Mamoswine, F, shiny|100/100
|switch|p2a: Miss Kiss|Hatterene, F, shiny|100/100
|turn|1
|inactive|Battle timer is ON: inactive players will automatically lose when time's up. (requested by sbl66666)
|
|t:|1769398044
|move|p1a: Mamoswine|Stealth Rock|p2a: Miss Kiss
|move|p2a: Miss Kiss|Stealth Rock|p1a: Mamoswine|[from] ability: Magic Bounce
|-sidestart|p1: Beibeii|move: Stealth Rock
|move|p2a: Miss Kiss|Mystical Fire|p1a: Mamoswine
|-supereffective|p1a: Mamoswine
|-damage|p1a: Mamoswine|64/100
|-unboost|p1a: Mamoswine|spa|1
|
|upkeep
|turn|2
|
|t:|1769398058
|switch|p2a: Pink Portal|Indeedee, M, shiny|100/100
|-fieldstart|move: Psychic Terrain|[from] ability: Psychic Surge|[of] p2a: Pink Portal
|move|p1a: Mamoswine|Stealth Rock|p2a: Pink Portal
|-sidestart|p2: sbl66666|move: Stealth Rock
|
|upkeep
|turn|3
|
|t:|1769398072
|switch|p1a: Samurott|Samurott-Hisui, M, shiny|100/100
|-damage|p1a: Samurott|88/100|[from] Stealth Rock
|move|p2a: Pink Portal|Expanding Force|p1a: Samurott
|-immune|p1a: Samurott
|
|upkeep
|turn|4
|
|t:|1769398081
|move|p1a: Samurott|Ceaseless Edge|p2a: Pink Portal
|-supereffective|p2a: Pink Portal
|-damage|p2a: Pink Portal|0 fnt
|-sidestart|p2: sbl66666|Spikes
|faint|p2a: Pink Portal
|
|upkeep
|
|t:|1769398091
|switch|p2a: Ball Girl|Azumarill, F|100/100
|-damage|p2a: Ball Girl|88/100|[from] Stealth Rock
|-damage|p2a: Ball Girl|76/100|[from] Spikes
|turn|5
|
|t:|1769398103
|-terastallize|p1a: Samurott|Steel
|move|p1a: Samurott|Smart Strike|p2a: Ball Girl
|-damage|p2a: Ball Girl|38/100
|move|p2a: Ball Girl|Play Rough|p1a: Samurott
|-resisted|p1a: Samurott
|-damage|p1a: Samurott|58/100
|
|upkeep
|turn|6
|
|t:|1769398113
|move|p1a: Samurott|Smart Strike|p2a: Ball Girl
|-damage|p2a: Ball Girl|0 fnt
|faint|p2a: Ball Girl
|
|upkeep
|
|t:|1769398123
|switch|p2a: Miss Kiss|Hatterene, F, shiny|100/100
|-damage|p2a: Miss Kiss|88/100|[from] Stealth Rock
|-damage|p2a: Miss Kiss|76/100|[from] Spikes
|turn|7
|
|t:|1769398134
|move|p1a: Samurott|Smart Strike|p2a: Miss Kiss
|-supereffective|p2a: Miss Kiss
|-damage|p2a: Miss Kiss|1/100
|move|p2a: Miss Kiss|Trick Room|p2a: Miss Kiss
|-fieldstart|move: Trick Room|[of] p2a: Miss Kiss
|
|-heal|p2a: Miss Kiss|7/100|[from] item: Leftovers
|upkeep
|turn|8
|
|t:|1769398151
|move|p2a: Miss Kiss|Mystical Fire|p1a: Samurott
|-supereffective|p1a: Samurott
|-damage|p1a: Samurott|0 fnt
|faint|p1a: Samurott
|
|-heal|p2a: Miss Kiss|13/100|[from] item: Leftovers
|upkeep
|
|t:|1769398164
|switch|p1a: Charizard|Charizard, F, shiny|100/100
|-damage|p1a: Charizard|50/100|[from] Stealth Rock
|turn|9
|
|t:|1769398173
|move|p2a: Miss Kiss|Expanding Force|p1a: Charizard
|-damage|p1a: Charizard|0 fnt
|faint|p1a: Charizard
|
|-heal|p2a: Miss Kiss|19/100|[from] item: Leftovers
|-fieldend|move: Psychic Terrain
|upkeep
|
|t:|1769398184
|switch|p1a: Weezing|Weezing-Galar, F, shiny|100/100
|-damage|p1a: Weezing|88/100|[from] Stealth Rock
|turn|10
|
|t:|1769398199
|switch|p1a: Ogerpon|Ogerpon, F|100/100
|-damage|p1a: Ogerpon|88/100|[from] Stealth Rock
|move|p2a: Miss Kiss|Expanding Force|p1a: Ogerpon
|-damage|p1a: Ogerpon|42/100
|
|-heal|p2a: Miss Kiss|25/100|[from] item: Leftovers
|upkeep
|turn|11
|
|t:|1769398213
|move|p2a: Miss Kiss|Mystical Fire|p1a: Ogerpon
|-supereffective|p1a: Ogerpon
|-crit|p1a: Ogerpon
|-damage|p1a: Ogerpon|0 fnt
|faint|p1a: Ogerpon
|
|-heal|p2a: Miss Kiss|31/100|[from] item: Leftovers
|-fieldend|move: Trick Room
|upkeep
|
|t:|1769398221
|switch|p1a: Dragapult|Dragapult, F|100/100
|-damage|p1a: Dragapult|88/100|[from] Stealth Rock
|turn|12
|
|t:|1769398239
|move|p1a: Dragapult|Phantom Force||[still]
|-prepare|p1a: Dragapult|Phantom Force
|move|p2a: Miss Kiss|Trick Room|p2a: Miss Kiss
|-fieldstart|move: Trick Room|[of] p2a: Miss Kiss
|
|-heal|p2a: Miss Kiss|37/100|[from] item: Leftovers
|upkeep
|turn|13
|
|t:|1769398248
|move|p2a: Miss Kiss|Expanding Force|p1a: Dragapult|[miss]
|-miss|p2a: Miss Kiss|p1a: Dragapult
|move|p1a: Dragapult|Phantom Force|p2a: Miss Kiss|[from] lockedmove
|-supereffective|p2a: Miss Kiss
|-damage|p2a: Miss Kiss|0 fnt
|faint|p2a: Miss Kiss
|
|upkeep
|
|t:|1769398259
|switch|p2a: Twisted Magic|Hoopa-Unbound|100/100
|-damage|p2a: Twisted Magic|88/100|[from] Stealth Rock
|-damage|p2a: Twisted Magic|76/100|[from] Spikes
|turn|14
|
|t:|1769398269
|move|p2a: Twisted Magic|Hyperspace Fury|p1a: Dragapult
|-supereffective|p1a: Dragapult
|-damage|p1a: Dragapult|0 fnt
|-unboost|p2a: Twisted Magic|def|1
|faint|p1a: Dragapult
|
|upkeep
|
|t:|1769398276
|switch|p1a: Mamoswine|Mamoswine, F, shiny|64/100
|-damage|p1a: Mamoswine|52/100|[from] Stealth Rock
|turn|15
|
|t:|1769398289
|move|p2a: Twisted Magic|Hyperspace Fury|p1a: Mamoswine
|-damage|p1a: Mamoswine|0 fnt
|-unboost|p2a: Twisted Magic|def|1
|faint|p1a: Mamoswine
|
|upkeep
|
|t:|1769398294
|switch|p1a: Weezing|Weezing-Galar, F, shiny|88/100
|-damage|p1a: Weezing|76/100|[from] Stealth Rock
|turn|16
|
|t:|1769398305
|move|p2a: Twisted Magic|Expanding Force|p1a: Weezing
|-supereffective|p1a: Weezing
|-damage|p1a: Weezing|0 fnt
|faint|p1a: Weezing
|
|win|sbl66666
|raw|Beibeii's rating: 1133 &rarr; <strong>1104</strong><br />(-29 for losing)
|raw|sbl66666's rating: 1079 &rarr; <strong>1111</strong><br />(+32 for winning)
|l|☆Beibeii
|player|p1|
