|j|☆Noraa J Simpson
|j|☆psyforce1011
|t:|1769362104
|gametype|singles
|player|p1|Noraa J Simpson|silver|1201
|player|p2|psyforce1011|169|1181
|gen|9
|tier|[Gen 9] OU
|rated|
|rule|HP Percentage Mod: HP is shown in percentages
|rule|Endless Battle Clause: Forcing endless battles is banned
|rule|Species Clause: Limit one of each Pokémon
|rule|OHKO Clause: OHKO moves are banned
|rule|Evasion Items Clause: Evasion items are banned
|rule|Evasion Moves Clause: Evasion moves are banned
|rule|Evasion Abilities Clause: Evasion abilities are banned
|rule|Sleep Moves Clause: Sleep-inducing moves are banned
|clearpoke
|poke|p1|Iron Valiant|
|poke|p1|Scizor, F|
|poke|p1|Quagsire, F|
|poke|p1|Porygon2|
|poke|p1|Kingdra, M|
|poke|p1|Pelipper, F|
|poke|p2|Iron Treads|
|poke|p2|Zapdos-Galar|
|poke|p2|Kyurem|
|poke|p2|Ceruledge, M|
|poke|p2|Clefable, F|
|poke|p2|Slowking-Galar, F|
|teampreview
|j| OpticalYT
|
|t:|1769362112
|teamsize|p1|6
|teamsize|p2|6
|start
|switch|p1a: Prince|Pelipper, F, shiny|100/100
|switch|p2a: Clefable|Clefable, F|100/100
|-weather|RainDance|[from] ability: Drizzle|[of] p1a: Prince
|turn|1
|
|t:|1769362125
|move|p1a: Prince|U-turn|p2a: Clefable
|-resisted|p2a: Clefable
|-damage|p2a: Clefable|97/100
|
|t:|1769362128
|switch|p1a: Chapopote|Quagsire, F|100/100|[from] U-turn
|move|p2a: Clefable|Knock Off|p1a: Chapopote
|-damage|p1a: Chapopote|89/100
|-enditem|p1a: Chapopote|Leftovers|[from] move: Knock Off|[of] p2a: Clefable
|
|-weather|RainDance|[upkeep]
|-heal|p2a: Clefable|100/100|[from] item: Leftovers
|upkeep
|turn|2
|
|t:|1769362137
|move|p2a: Clefable|Cosmic Power|p2a: Clefable
|-boost|p2a: Clefable|def|1
|-boost|p2a: Clefable|spd|1
|move|p1a: Chapopote|Stealth Rock|p2a: Clefable
|-sidestart|p2: psyforce1011|move: Stealth Rock
|
|-weather|RainDance|[upkeep]
|upkeep
|turn|3
|
|t:|1769362143
|move|p2a: Clefable|Moonblast|p1a: Chapopote
|-damage|p1a: Chapopote|53/100
|move|p1a: Chapopote|Earthquake|p2a: Clefable
|-damage|p2a: Clefable|79/100
|
|-weather|RainDance|[upkeep]
|-heal|p2a: Clefable|85/100|[from] item: Leftovers
|upkeep
|turn|4
|
|t:|1769362150
|move|p2a: Clefable|Moonblast|p1a: Chapopote
|-damage|p1a: Chapopote|11/100
|-unboost|p1a: Chapopote|spa|1
|move|p1a: Chapopote|Recover|p1a: Chapopote
|-heal|p1a: Chapopote|61/100
|
|-weather|RainDance|[upkeep]
|-heal|p2a: Clefable|91/100|[from] item: Leftovers
|upkeep
|turn|5
|
|t:|1769362158
|move|p2a: Clefable|Moonblast|p1a: Chapopote
|-damage|p1a: Chapopote|20/100
|move|p1a: Chapopote|Haze|p1a: Chapopote
|-clearallboost
|
|-weather|RainDance|[upkeep]
|-heal|p2a: Clefable|97/100|[from] item: Leftovers
|upkeep
|turn|6
|
|t:|1769362171
|switch|p1a: Tenazas|Scizor, F|100/100
|move|p2a: Clefable|Moonblast|p1a: Tenazas
|-resisted|p1a: Tenazas
|-damage|p1a: Tenazas|89/100
|
|-weather|RainDance|[upkeep]
|-heal|p2a: Clefable|100/100|[from] item: Leftovers
|upkeep
|turn|7
|
|t:|1769362179
|switch|p2a: Iron Treads|Iron Treads|100/100
|-damage|p2a: Iron Treads|97/100|[from] Stealth Rock
|move|p1a: Tenazas|Knock Off|p2a: Iron Treads
|-damage|p2a: Iron Treads|67/100
|-enditem|p2a: Iron Treads|Leftovers|[from] move: Knock Off|[of] p1a: Tenazas
|
|-weather|RainDance|[upkeep]
|upkeep
|turn|8
|l| OpticalYT
|
|t:|1769362188
|move|p2a: Iron Treads|Rapid Spin|p1a: Tenazas
|-resisted|p1a: Tenazas
|-damage|p1a: Tenazas|83/100
|-boost|p2a: Iron Treads|spe|1
|-sideend|p2: psyforce1011|Stealth Rock|[from] move: Rapid Spin|[of] p2a: Iron Treads
|move|p1a: Tenazas|Close Combat|p2a: Iron Treads
|-supereffective|p2a: Iron Treads
|-damage|p2a: Iron Treads|0 fnt
|-unboost|p1a: Tenazas|def|1
|-unboost|p1a: Tenazas|spd|1
|faint|p2a: Iron Treads
|-end|p2a: Iron Treads|Quark Drive|[silent]
|
|-weather|none
|upkeep
|
|t:|1769362200
|switch|p2a: Ceruledge|Ceruledge, M|100/100
|turn|9
|
|t:|1769362206
|switch|p1a: Prince|Pelipper, F, shiny|100/100
|-weather|RainDance|[from] ability: Drizzle|[of] p1a: Prince
|move|p2a: Ceruledge|Bitter Blade|p1a: Prince
|-resisted|p1a: Prince
|-damage|p1a: Prince|90/100
|-damage|p2a: Ceruledge|91/100|[from] item: Life Orb
|
|-weather|RainDance|[upkeep]
|upkeep
|turn|10
|
|t:|1769362222
|switch|p2a: Kyurem|Kyurem|100/100
|-ability|p2a: Kyurem|Pressure
|move|p1a: Prince|Chilling Water|p2a: Kyurem
|-resisted|p2a: Kyurem
|-damage|p2a: Kyurem|92/100
|-unboost|p2a: Kyurem|atk|1
|
|-weather|RainDance|[upkeep]
|upkeep
|turn|11
|
|t:|1769362234
|move|p2a: Kyurem|Freeze-Dry|p1a: Prince
|-supereffective|p1a: Prince
|-damage|p1a: Prince|0 fnt
|faint|p1a: Prince
|
|-weather|RainDance|[upkeep]
|upkeep
|
|t:|1769362236
|switch|p1a: Purple rain|Kingdra, M, shiny|100/100
|turn|12
|
|t:|1769362249
|-terastallize|p1a: Purple rain|Steel
|-terastallize|p2a: Kyurem|Ground
|move|p1a: Purple rain|Draco Meteor|p2a: Kyurem
|-damage|p2a: Kyurem|42/100
|-unboost|p1a: Purple rain|spa|2
|-damage|p1a: Purple rain|91/100|[from] item: Life Orb
|move|p2a: Kyurem|Freeze-Dry|p1a: Purple rain
|-resisted|p1a: Purple rain
|-damage|p1a: Purple rain|67/100
|
|-weather|RainDance|[upkeep]
|upkeep
|turn|13
|
|t:|1769362276
|switch|p2a: Clefable|Clefable, F|100/100
|move|p1a: Purple rain|Scald|p2a: Clefable
|-damage|p2a: Clefable|29/100
|-damage|p1a: Purple rain|57/100|[from] item: Life Orb
|
|-weather|RainDance|[upkeep]
|-heal|p2a: Clefable|35/100|[from] item: Leftovers
|upkeep
|turn|14
|
|t:|1769362288
|switch|p2a: Slowking|Slowking-Galar, F|100/100
|move|p1a: Purple rain|Scald|p2a: Slowking
|-damage|p2a: Slowking|79/100
|-status|p2a: Slowking|brn
|-damage|p1a: Purple rain|47/100|[from] item: Life Orb
|
|-weather|RainDance|[upkeep]
|-damage|p2a: Slowking|73/100 brn|[from] brn
|upkeep
|turn|15
|
|t:|1769362298
|move|p1a: Purple rain|Hurricane|p2a: Slowking
|-damage|p2a: Slowking|61/100 brn
|-damage|p1a: Purple rain|37/100|[from] item: Life Orb
|move|p2a: Slowking|Focus Blast|p1a: Purple rain
|-supereffective|p1a: Purple rain
|-damage|p1a: Purple rain|0 fnt
|faint|p1a: Purple rain
|
|-weather|RainDance|[upkeep]
|-damage|p2a: Slowking|55/100 brn|[from] brn
|upkeep
|
|t:|1769362307
|switch|p1a: Tenazas|Scizor, F|83/100
|turn|16
|
|t:|1769362314
|move|p1a: Tenazas|Knock Off|p2a: Slowking
|-supereffective|p2a: Slowking
|-damage|p2a: Slowking|0 fnt
|-enditem|p2a: Slowking|Assault Vest|[from] move: Knock Off|[of] p1a: Tenazas
|faint|p2a: Slowking
|
|-weather|none
|upkeep
|
|t:|1769362322
|switch|p2a: Ceruledge|Ceruledge, M|91/100
|turn|17
|
|t:|1769362326
|switch|p1a: Chapopote|Quagsire, F|20/100
|move|p2a: Ceruledge|Bitter Blade|p1a: Chapopote
|-resisted|p1a: Chapopote
|-damage|p1a: Chapopote|0 fnt
|-heal|p2a: Ceruledge|100/100|[from] drain|[of] p1a: Chapopote
|faint|p1a: Chapopote
|-damage|p2a: Ceruledge|91/100|[from] item: Life Orb
|
|upkeep
|
|t:|1769362335
|switch|p1a: Raiden|Iron Valiant|100/100
|-enditem|p1a: Raiden|Booster Energy
|-activate|p1a: Raiden|ability: Quark Drive|[fromitem]
|-start|p1a: Raiden|quarkdrivespe
|turn|18
|
|t:|1769362346
|move|p1a: Raiden|Liquidation|p2a: Ceruledge
|-supereffective|p2a: Ceruledge
|-damage|p2a: Ceruledge|9/100
|-unboost|p2a: Ceruledge|def|1
|-ability|p2a: Ceruledge|Weak Armor|boost
|-unboost|p2a: Ceruledge|def|1
|-boost|p2a: Ceruledge|spe|2
|move|p2a: Ceruledge|Bitter Blade|p1a: Raiden
|-damage|p1a: Raiden|24/100
|-heal|p2a: Ceruledge|48/100|[from] drain|[of] p1a: Raiden
|-damage|p2a: Ceruledge|38/100|[from] item: Life Orb
|
|upkeep
|turn|19
|
|t:|1769362358
|move|p2a: Ceruledge|Bitter Blade|p1a: Raiden
|-damage|p1a: Raiden|0 fnt
|-heal|p2a: Ceruledge|49/100|[from] drain|[of] p1a: Raiden
|faint|p1a: Raiden
|-end|p1a: Raiden|Quark Drive|[silent]
|-damage|p2a: Ceruledge|39/100|[from] item: Life Orb
|
|upkeep
|
|t:|1769362361
|switch|p1a: Duckstation|Porygon2, shiny|100/100
|turn|20
|
|t:|1769362371
|move|p2a: Ceruledge|Bitter Blade|p1a: Duckstation
|-damage|p1a: Duckstation|59/100
|-heal|p2a: Ceruledge|66/100|[from] drain|[of] p1a: Duckstation
|-damage|p2a: Ceruledge|56/100|[from] item: Life Orb
|move|p1a: Duckstation|Thunder|p2a: Ceruledge|[miss]
|-miss|p1a: Duckstation|p2a: Ceruledge
|
|upkeep
|turn|21
|
|t:|1769362381
|move|p2a: Ceruledge|Bitter Blade|p1a: Duckstation
|-damage|p1a: Duckstation|17/100
|-heal|p2a: Ceruledge|83/100|[from] drain|[of] p1a: Duckstation
|-damage|p2a: Ceruledge|73/100|[from] item: Life Orb
|move|p1a: Duckstation|Recover|p1a: Duckstation
|-heal|p1a: Duckstation|67/100
|
|upkeep
|turn|22
|
|t:|1769362390
|move|p2a: Ceruledge|Bitter Blade|p1a: Duckstation
|-damage|p1a: Duckstation|28/100
|-heal|p2a: Ceruledge|98/100|[from] drain|[of] p1a: Duckstation
|-damage|p2a: Ceruledge|88/100|[from] item: Life Orb
|move|p1a: Duckstation|Recover|p1a: Duckstation
|-heal|p1a: Duckstation|78/100
|
|upkeep
|turn|23
|
|t:|1769362398
|move|p2a: Ceruledge|Bitter Blade|p1a: Duckstation
|-damage|p1a: Duckstation|40/100
|-heal|p2a: Ceruledge|100/100|[from] drain|[of] p1a: Duckstation
|-damage|p2a: Ceruledge|91/100|[from] item: Life Orb
|move|p1a: Duckstation|Thunder Wave|p2a: Ceruledge
|-status|p2a: Ceruledge|par
|
|upkeep
|turn|24
|
|t:|1769362406
|move|p2a: Ceruledge|Bitter Blade|p1a: Duckstation
|-damage|p1a: Duckstation|1/100
|-heal|p2a: Ceruledge|100/100 par|[from] drain|[of] p1a: Duckstation
|-damage|p2a: Ceruledge|91/100 par|[from] item: Life Orb
|move|p1a: Duckstation|Recover|p1a: Duckstation
|-heal|p1a: Duckstation|51/100
|
|upkeep
|turn|25
|
|t:|1769362414
|move|p2a: Ceruledge|Bitter Blade|p1a: Duckstation
|-damage|p1a: Duckstation|8/100
|-heal|p2a: Ceruledge|100/100 par|[from] drain|[of] p1a: Duckstation
|-damage|p2a: Ceruledge|91/100 par|[from] item: Life Orb
|move|p1a: Duckstation|Recover|p1a: Duckstation
|-heal|p1a: Duckstation|58/100
|
|upkeep
|turn|26
|
|t:|1769362428
|move|p2a: Ceruledge|Bitter Blade|p1a: Duckstation
|-damage|p1a: Duckstation|16/100
|-heal|p2a: Ceruledge|100/100 par|[from] drain|[of] p1a: Duckstation
|-damage|p2a: Ceruledge|91/100 par|[from] item: Life Orb
|move|p1a: Duckstation|Thunder|p2a: Ceruledge
|-damage|p2a: Ceruledge|39/100 par
|
|upkeep
|turn|27
|
|t:|1769362437
|cant|p2a: Ceruledge|par
|move|p1a: Duckstation|Recover|p1a: Duckstation
|-heal|p1a: Duckstation|66/100
|
|upkeep
|turn|28
|
|t:|1769362447
|switch|p2a: Kyurem|Kyurem, tera:Ground|42/100
|-ability|p2a: Kyurem|Pressure
|move|p1a: Duckstation|Thunder|p2a: Kyurem
|-immune|p2a: Kyurem
|
|upkeep
|turn|29
|
|t:|1769362455
|move|p2a: Kyurem|Draco Meteor|p1a: Duckstation
|-damage|p1a: Duckstation|25/100
|-unboost|p2a: Kyurem|spa|2
|move|p1a: Duckstation|Ice Beam|p2a: Kyurem
|-supereffective|p2a: Kyurem
|-damage|p2a: Kyurem|0 fnt
|faint|p2a: Kyurem
|
|upkeep
|
|t:|1769362463
|switch|p2a: Zapdos|Zapdos-Galar|100/100
|turn|30
|
|t:|1769362469
|move|p2a: Zapdos|Brave Bird|p1a: Duckstation
|-crit|p1a: Duckstation
|-damage|p1a: Duckstation|0 fnt
|faint|p1a: Duckstation
|-damage|p2a: Zapdos|91/100|[from] Recoil
|
|upkeep
|
|t:|1769362472
|switch|p1a: Tenazas|Scizor, F|83/100
|turn|31
|
|t:|1769362477
|move|p1a: Tenazas|Bullet Punch|p2a: Zapdos
|-damage|p2a: Zapdos|48/100
|move|p2a: Zapdos|Brave Bird|p1a: Tenazas
|-damage|p1a: Tenazas|23/100
|-damage|p2a: Zapdos|26/100|[from] Recoil
|
|upkeep
|turn|32
|
|t:|1769362486
|move|p1a: Tenazas|Bullet Punch|p2a: Zapdos
|-damage|p2a: Zapdos|0 fnt
|faint|p2a: Zapdos
|
|upkeep
|
|t:|1769362489
|switch|p2a: Ceruledge|Ceruledge, M|39/100 par
|turn|33
|
|t:|1769362492
|move|p1a: Tenazas|Knock Off|p2a: Ceruledge
|-supereffective|p2a: Ceruledge
|-damage|p2a: Ceruledge|0 fnt
|-enditem|p2a: Ceruledge|Life Orb|[from] move: Knock Off|[of] p1a: Tenazas
|faint|p2a: Ceruledge
|
|upkeep
|
|t:|1769362497
|switch|p2a: Clefable|Clefable, F|35/100
|turn|34
|
|t:|1769362500
|move|p1a: Tenazas|Bullet Punch|p2a: Clefable
|-supereffective|p2a: Clefable
|-damage|p2a: Clefable|0 fnt
|faint|p2a: Clefable
|
|win|Noraa J Simpson
|raw|Noraa J Simpson's rating: 1201 &rarr; <strong>1225</strong><br />(+24 for winning)
|raw|psyforce1011's rating: 1181 &rarr; <strong>1157</strong><br />(-24 for losing)
|l|☆psyforce1011
|player|p2|
|c|☆Noraa J Simpson|Good game
