|j|☆lolcano46
|j|☆sampoke19
|t:|1769386811
|gametype|singles
|player|p1|lolcano46|fisherman-gen4|1548
|player|p2|sampoke19|265|1532
|gen|9
|tier|[Gen 9] OU
|rated|
|rule|HP Percentage Mod: HP is shown in percentages
|rule|Endless Battle Clause: Forcing endless battles is banned
|rule|Species Clause: Limit one of each Pokémon
|rule|OHKO Clause: OHKO moves are banned
|rule|Evasion Items Clause: Evasion items are banned
|rule|Evasion Moves Clause: Evasion moves are banned
|rule|Evasion Abilities Clause: Evasion abilities are banned
|rule|Sleep Moves Clause: Sleep-inducing moves are banned
|clearpoke
|poke|p1|Azelf|
|poke|p1|Ogerpon-Wellspring, F|
|poke|p1|Scizor, F|
|poke|p1|Gengar, M|
|poke|p1|Raging Bolt|
|poke|p1|Cinderace, M|
|poke|p2|Blastoise, M|
|poke|p2|Ceruledge, F|
|poke|p2|Kingambit, F|
|poke|p2|Volcanion|
|poke|p2|Great Tusk|
|poke|p2|Haxorus, M|
|teampreview
|inactive|Battle timer is ON: inactive players will automatically lose when time's up. (requested by lolcano46)
|
|t:|1769386832
|teamsize|p1|6
|teamsize|p2|6
|start
|switch|p1a: Gengar|Gengar, M|100/100
|switch|p2a: Volcanion|Volcanion|100/100
|turn|1
|
|t:|1769386839
|move|p1a: Gengar|Sludge Bomb|p2a: Volcanion
|-damage|p2a: Volcanion|42/100
|-status|p2a: Volcanion|psn
|move|p2a: Volcanion|Fire Blast|p1a: Gengar
|-damage|p1a: Gengar|2/100
|-start|p2a: Volcanion|Disable|Fire Blast|[from] ability: Cursed Body|[of] p1a: Gengar
|
|-damage|p2a: Volcanion|29/100 psn|[from] psn
|upkeep
|turn|2
|
|t:|1769386850
|switch|p1a: Cinderace|Cinderace, M|100/100
|switch|p2a: Kingambit|Kingambit, F|100/100
|
|upkeep
|turn|3
|
|t:|1769386859
|-end|p2a: Kingambit|fallenundefined|[silent]
|switch|p2a: Great Tusk|Great Tusk|100/100
|-enditem|p2a: Great Tusk|Booster Energy
|-activate|p2a: Great Tusk|ability: Protosynthesis|[fromitem]
|-start|p2a: Great Tusk|protosynthesisspe
|move|p1a: Cinderace|Will-O-Wisp|p2a: Great Tusk
|-status|p2a: Great Tusk|brn
|
|-damage|p2a: Great Tusk|94/100 brn|[from] brn
|upkeep
|turn|4
|
|t:|1769386869
|switch|p1a: Azelf|Azelf|100/100
|move|p2a: Great Tusk|Earthquake|p1a: Azelf
|-immune|p1a: Azelf|[from] ability: Levitate
|
|-damage|p2a: Great Tusk|88/100 brn|[from] brn
|upkeep
|turn|5
|
|t:|1769386877
|move|p2a: Great Tusk|Stealth Rock|p1a: Azelf
|-sidestart|p1: lolcano46|move: Stealth Rock
|move|p1a: Azelf|Dazzling Gleam|p2a: Great Tusk
|-supereffective|p2a: Great Tusk
|-damage|p2a: Great Tusk|17/100 brn
|
|-damage|p2a: Great Tusk|11/100 brn|[from] brn
|upkeep
|turn|6
|
|t:|1769386886
|switch|p1a: Cinderace|Cinderace, M|100/100
|move|p2a: Great Tusk|Close Combat|p1a: Cinderace
|-damage|p1a: Cinderace|60/100
|-unboost|p2a: Great Tusk|def|1
|-unboost|p2a: Great Tusk|spd|1
|
|-damage|p2a: Great Tusk|5/100 brn|[from] brn
|upkeep
|turn|7
|
|t:|1769386896
|move|p1a: Cinderace|Sucker Punch|p2a: Great Tusk
|-start|p1a: Cinderace|typechange|Dark|[from] ability: Libero
|-resisted|p2a: Great Tusk
|-damage|p2a: Great Tusk|0 fnt
|faint|p2a: Great Tusk
|-end|p2a: Great Tusk|Protosynthesis|[silent]
|
|upkeep
|
|t:|1769386909
|switch|p2a: Blastoise|Blastoise, M, shiny|100/100
|turn|8
|
|t:|1769386913
|move|p1a: Cinderace|Court Change|p1a: Cinderace
|-swapsideconditions
|-activate|p1a: Cinderace|move: Court Change
|move|p2a: Blastoise|Shell Smash|p2a: Blastoise
|-unboost|p2a: Blastoise|def|1
|-unboost|p2a: Blastoise|spd|1
|-boost|p2a: Blastoise|atk|2
|-boost|p2a: Blastoise|spa|2
|-boost|p2a: Blastoise|spe|2
|-enditem|p2a: Blastoise|White Herb
|-clearnegativeboost|p2a: Blastoise|[silent]
|
|upkeep
|turn|9
|
|t:|1769386922
|move|p1a: Cinderace|Sucker Punch|p2a: Blastoise
|-crit|p2a: Blastoise
|-damage|p2a: Blastoise|46/100
|move|p2a: Blastoise|Ice Beam|p1a: Cinderace
|-crit|p1a: Cinderace
|-damage|p1a: Cinderace|0 fnt
|faint|p1a: Cinderace
|
|upkeep
|
|t:|1769386928
|switch|p1a: Gengar|Gengar, M|2/100
|turn|10
|
|t:|1769386931
|move|p1a: Gengar|Trick|p2a: Blastoise
|-activate|p1a: Gengar|move: Trick|[of] p2a: Blastoise
|-item|p2a: Blastoise|Choice Scarf|[from] move: Trick
|-enditem|p1a: Gengar|Choice Scarf|[silent]|[from] move: Trick
|move|p2a: Blastoise|Ice Beam|p1a: Gengar
|-damage|p1a: Gengar|0 fnt
|faint|p1a: Gengar
|
|upkeep
|
|t:|1769386936
|switch|p1a: Scizor|Scizor, F|100/100
|turn|11
|
|t:|1769386944
|move|p2a: Blastoise|Ice Beam|p1a: Scizor
|-resisted|p1a: Scizor
|-damage|p1a: Scizor|66/100
|move|p1a: Scizor|Swords Dance|p1a: Scizor
|-boost|p1a: Scizor|atk|2
|
|upkeep
|turn|12
|
|t:|1769386950
|move|p2a: Blastoise|Ice Beam|p1a: Scizor
|-resisted|p1a: Scizor
|-damage|p1a: Scizor|34/100
|-status|p1a: Scizor|frz
|cant|p1a: Scizor|frz
|
|upkeep
|turn|13
|
|t:|1769386958
|cant|p1a: Scizor|frz
|move|p2a: Blastoise|Ice Beam|p1a: Scizor
|-resisted|p1a: Scizor
|-crit|p1a: Scizor
|-damage|p1a: Scizor|0 fnt
|faint|p1a: Scizor
|
|upkeep
|
|t:|1769386960
|switch|p1a: Ogerpon|Ogerpon-Wellspring, F|100/100
|turn|14
|
|t:|1769386974
|-terastallize|p2a: Blastoise|Grass
|move|p2a: Blastoise|Ice Beam|p1a: Ogerpon
|-damage|p1a: Ogerpon|42/100
|move|p1a: Ogerpon|Horn Leech|p2a: Blastoise
|-resisted|p2a: Blastoise
|-damage|p2a: Blastoise|24/100
|-heal|p1a: Ogerpon|53/100|[from] drain|[of] p2a: Blastoise
|
|upkeep
|turn|15
|
|t:|1769386984
|-terastallize|p1a: Ogerpon|Water
|detailschange|p1a: Ogerpon|Ogerpon-Wellspring-Tera, F, tera:Water
|-ability|p1a: Ogerpon|Embody Aspect (Wellspring)|boost
|-boost|p1a: Ogerpon|spd|1
|move|p2a: Blastoise|Ice Beam|p1a: Ogerpon
|-resisted|p1a: Ogerpon
|-damage|p1a: Ogerpon|32/100
|move|p1a: Ogerpon|Horn Leech|p2a: Blastoise
|-resisted|p2a: Blastoise
|-damage|p2a: Blastoise|2/100
|-heal|p1a: Ogerpon|43/100|[from] drain|[of] p2a: Blastoise
|
|upkeep
|turn|16
|
|t:|1769386996
|move|p2a: Blastoise|Ice Beam|p1a: Ogerpon
|-resisted|p1a: Ogerpon
|-damage|p1a: Ogerpon|23/100
|move|p1a: Ogerpon|Horn Leech|p2a: Blastoise
|-resisted|p2a: Blastoise
|-damage|p2a: Blastoise|0 fnt
|-heal|p1a: Ogerpon|23/100|[from] drain|[of] p2a: Blastoise
|faint|p2a: Blastoise
|
|upkeep
|
|t:|1769387010
|switch|p2a: Volcanion|Volcanion|29/100 psn
|-damage|p2a: Volcanion|4/100 psn|[from] Stealth Rock
|turn|17
|
|t:|1769387015
|move|p2a: Volcanion|Earth Power|p1a: Ogerpon
|-damage|p1a: Ogerpon|0 fnt
|faint|p1a: Ogerpon
|detailschange|p1: Ogerpon|Ogerpon-Wellspring, F|[silent]
|
|-damage|p2a: Volcanion|0 fnt|[from] psn
|faint|p2a: Volcanion
|upkeep
|
|t:|1769387024
|switch|p1a: Azelf|Azelf|100/100
|switch|p2a: Ceruledge|Ceruledge, F|100/100
|-damage|p2a: Ceruledge|76/100|[from] Stealth Rock
|turn|18
|
|t:|1769387031
|move|p1a: Azelf|Psychic|p2a: Ceruledge
|-damage|p2a: Ceruledge|24/100
|move|p2a: Ceruledge|Poltergeist|p1a: Azelf
|-activate|p1a: Azelf|move: Poltergeist|Expert Belt
|-supereffective|p1a: Azelf
|-damage|p1a: Azelf|0 fnt
|faint|p1a: Azelf
|
|upkeep
|
|t:|1769387035
|switch|p1a: Raging Bolt|Raging Bolt|100/100
|-enditem|p1a: Raging Bolt|Booster Energy
|-activate|p1a: Raging Bolt|ability: Protosynthesis|[fromitem]
|-start|p1a: Raging Bolt|protosynthesisspa
|turn|19
|
|t:|1769387044
|move|p1a: Raging Bolt|Dragon Pulse|p2a: Ceruledge
|-damage|p2a: Ceruledge|0 fnt
|faint|p2a: Ceruledge
|
|upkeep
|
|t:|1769387050
|switch|p2a: Haxorus|Haxorus, M|100/100
|-damage|p2a: Haxorus|88/100|[from] Stealth Rock
|-ability|p2a: Haxorus|Mold Breaker
|turn|20
|
|t:|1769387055
|move|p2a: Haxorus|Scale Shot|p1a: Raging Bolt
|-supereffective|p1a: Raging Bolt
|-damage|p1a: Raging Bolt|68/100
|-supereffective|p1a: Raging Bolt
|-damage|p1a: Raging Bolt|39/100
|-supereffective|p1a: Raging Bolt
|-damage|p1a: Raging Bolt|7/100
|-supereffective|p1a: Raging Bolt
|-damage|p1a: Raging Bolt|0 fnt
|faint|p1a: Raging Bolt
|-end|p1a: Raging Bolt|Protosynthesis|[silent]
|-hitcount|p1: Raging Bolt|4
|
|win|sampoke19
|raw|lolcano46's rating: 1548 &rarr; <strong>1527</strong><br />(-21 for losing)
|raw|sampoke19's rating: 1532 &rarr; <strong>1553</strong><br />(+21 for winning)
|l|☆lolcano46
|player|p1|
|l|☆sampoke19
|player|p2|
