|j|☆ridlostar
|j|☆Johnny tots
|t:|1769293758
|gametype|singles
|player|p1|ridlostar|hilbert|1763
|player|p2|Johnny tots|1|1791
|gen|9
|tier|[Gen 9] OU
|rated|
|rule|HP Percentage Mod: HP is shown in percentages
|rule|Endless Battle Clause: Forcing endless battles is banned
|rule|Species Clause: Limit one of each Pokémon
|rule|OHKO Clause: OHKO moves are banned
|rule|Evasion Items Clause: Evasion items are banned
|rule|Evasion Moves Clause: Evasion moves are banned
|rule|Evasion Abilities Clause: Evasion abilities are banned
|rule|Sleep Moves Clause: Sleep-inducing moves are banned
|clearpoke
|poke|p1|Toedscruel, M|
|poke|p1|Darkrai|
|poke|p1|Cresselia, F|
|poke|p1|Clodsire, M|
|poke|p1|Dragonite, M|
|poke|p1|Alomomola, F|
|poke|p2|Rillaboom, F|
|poke|p2|Klefki, M|
|poke|p2|Manaphy|
|poke|p2|Ogerpon-Wellspring, F|
|poke|p2|Maushold-Four|
|poke|p2|Clefable, M|
|teampreview
|
|t:|1769293765
|teamsize|p1|6
|teamsize|p2|6
|start
|switch|p1a: Keanu Reeves|Darkrai|100/100
|switch|p2a: Klefki|Klefki, M|100/100
|turn|1
|inactive|Battle timer is ON: inactive players will automatically lose when time's up. (requested by Johnny tots)
|
|t:|1769293772
|move|p2a: Klefki|Light Screen|p2a: Klefki
|-sidestart|p2: Johnny tots|move: Light Screen
|move|p1a: Keanu Reeves|Knock Off|p2a: Klefki
|-resisted|p2a: Klefki
|-damage|p2a: Klefki|83/100
|-enditem|p2a: Klefki|Light Clay|[from] move: Knock Off|[of] p1a: Keanu Reeves
|
|upkeep
|turn|2
|
|t:|1769293781
|switch|p1a: Big Man|Clodsire, M|100/100
|move|p2a: Klefki|Reflect|p2a: Klefki
|-sidestart|p2: Johnny tots|Reflect
|
|upkeep
|turn|3
|
|t:|1769293786
|switch|p2a: Maushold|Maushold-Four|100/100
|move|p1a: Big Man|Stockpile|p1a: Big Man
|-start|p1a: Big Man|stockpile1
|-boost|p1a: Big Man|def|1
|-boost|p1a: Big Man|spd|1
|
|upkeep
|turn|4
|
|t:|1769293790
|move|p2a: Maushold|Encore|p1a: Big Man
|-start|p1a: Big Man|Encore
|move|p1a: Big Man|Stockpile|p1a: Big Man
|-start|p1a: Big Man|stockpile2
|-boost|p1a: Big Man|def|1
|-boost|p1a: Big Man|spd|1
|
|upkeep
|turn|5
|
|t:|1769293796
|move|p2a: Maushold|Tidy Up|p2a: Maushold
|-boost|p2a: Maushold|atk|1
|-boost|p2a: Maushold|spe|1
|move|p1a: Big Man|Stockpile|p1a: Big Man
|-start|p1a: Big Man|stockpile3
|-boost|p1a: Big Man|def|1
|-boost|p1a: Big Man|spd|1
|
|upkeep
|turn|6
|
|t:|1769293799
|move|p2a: Maushold|Population Bomb|p1a: Big Man
|-damage|p1a: Big Man|97/100
|-damage|p1a: Big Man|93/100
|-damage|p1a: Big Man|89/100
|-damage|p1a: Big Man|86/100
|-damage|p1a: Big Man|82/100
|-damage|p1a: Big Man|78/100
|-damage|p1a: Big Man|75/100
|-damage|p1a: Big Man|71/100
|-damage|p1a: Big Man|68/100
|-damage|p1a: Big Man|64/100
|-hitcount|p1a: Big Man|10
|move|p1a: Big Man|Stockpile||[still]
|-fail|p1a: Big Man
|
|-heal|p1a: Big Man|70/100|[from] item: Leftovers
|-end|p1a: Big Man|Encore
|-sideend|p2: Johnny tots|Reflect
|upkeep
|turn|7
|
|t:|1769293811
|switch|p1a: Squidward?|Toedscruel, M|100/100
|move|p2a: Maushold|Encore||[still]
|-fail|p2a: Maushold
|
|upkeep
|turn|8
|
|t:|1769293815
|move|p2a: Maushold|Population Bomb|p1a: Squidward?
|-damage|p1a: Squidward?|74/100
|-damage|p1a: Squidward?|46/100
|-damage|p1a: Squidward?|17/100
|-damage|p1a: Squidward?|0 fnt
|faint|p1a: Squidward?
|-hitcount|p1: Squidward?|4
|
|-sideend|p2: Johnny tots|move: Light Screen
|upkeep
|
|t:|1769293818
|switch|p1a: Big Man|Clodsire, M|70/100
|turn|9
|
|t:|1769293822
|move|p2a: Maushold|Population Bomb|p1a: Big Man
|-damage|p1a: Big Man|62/100
|-damage|p1a: Big Man|52/100
|-damage|p1a: Big Man|44/100
|-damage|p1a: Big Man|36/100
|-damage|p1a: Big Man|27/100
|-damage|p1a: Big Man|19/100
|-damage|p1a: Big Man|10/100
|-damage|p1a: Big Man|1/100
|-damage|p1a: Big Man|0 fnt
|faint|p1a: Big Man
|-hitcount|p1: Big Man|9
|
|upkeep
|l|☆Johnny tots
|inactive|Johnny tots disconnected and has a minute to reconnect!
|player|p2|
|inactive|ridlostar has 120 seconds left.
|
|t:|1769293854
|switch|p1a: him|Dragonite, M|100/100
|turn|10
|j|☆Johnny tots
|inactive|Johnny tots reconnected and has 145 seconds left.
|player|p2|Johnny tots|1|
|
|t:|1769293861
|-terastallize|p1a: him|Steel
|move|p2a: Maushold|Population Bomb|p1a: him
|-resisted|p1a: him
|-damage|p1a: him|95/100
|-resisted|p1a: him
|-damage|p1a: him|85/100
|-resisted|p1a: him
|-damage|p1a: him|76/100
|-resisted|p1a: him
|-damage|p1a: him|67/100
|-resisted|p1a: him
|-damage|p1a: him|58/100
|-resisted|p1a: him
|-damage|p1a: him|47/100
|-resisted|p1a: him
|-damage|p1a: him|38/100
|-resisted|p1a: him
|-damage|p1a: him|28/100
|-resisted|p1a: him
|-damage|p1a: him|18/100
|-resisted|p1a: him
|-damage|p1a: him|8/100
|-hitcount|p1a: him|10
|move|p1a: him|Outrage|p2a: Maushold
|-damage|p2a: Maushold|4/100
|
|-heal|p1a: him|14/100|[from] item: Leftovers
|upkeep
|turn|11
|-message|ridlostar forfeited.
|
|win|Johnny tots
|raw|ridlostar's rating: 1763 &rarr; <strong>1745</strong><br />(-18 for losing)
|raw|Johnny tots's rating: 1791 &rarr; <strong>1809</strong><br />(+18 for winning)
|l|☆ridlostar
|player|p1|
|l|☆Johnny tots
|player|p2|
