|j|☆daddyveilz
|j|☆magikarp soup
|t:|1769424048
|gametype|singles
|player|p1|daddyveilz|170|
|player|p2|magikarp soup|medium|
|gen|9
|tier|[Gen 9] OU
|rule|HP Percentage Mod: HP is shown in percentages
|rule|Endless Battle Clause: Forcing endless battles is banned
|rule|Species Clause: Limit one of each Pokémon
|rule|OHKO Clause: OHKO moves are banned
|rule|Evasion Items Clause: Evasion items are banned
|rule|Evasion Moves Clause: Evasion moves are banned
|rule|Evasion Abilities Clause: Evasion abilities are banned
|rule|Sleep Moves Clause: Sleep-inducing moves are banned
|clearpoke
|poke|p1|Tornadus-Therian, M|
|poke|p1|Pecharunt|
|poke|p1|Corviknight, M|
|poke|p1|Dondozo, M|
|poke|p1|Chansey, F|
|poke|p1|Gliscor, M|
|poke|p2|Dudunsparce-*, F|
|poke|p2|Gliscor, F|
|poke|p2|Clefable, F|
|poke|p2|Zamazenta-*|
|poke|p2|Moltres|
|poke|p2|Kingambit, F|
|teampreview
|c|☆magikarp soup|glhf
|
|t:|1769424067
|teamsize|p1|6
|teamsize|p2|6
|start
|switch|p1a: Gliscor|Gliscor, M|100/100
|switch|p2a: Clefable|Clefable, F|100/100
|turn|1
|
|t:|1769424070
|move|p1a: Gliscor|Protect|p1a: Gliscor
|-singleturn|p1a: Gliscor|Protect
|move|p2a: Clefable|Stealth Rock|p1a: Gliscor
|-sidestart|p1: daddyveilz|move: Stealth Rock
|
|-status|p1a: Gliscor|tox|[from] item: Toxic Orb
|upkeep
|turn|2
|
|t:|1769424072
|move|p1a: Gliscor|Spikes|p2a: Clefable
|-sidestart|p2: magikarp soup|Spikes
|move|p2a: Clefable|Encore|p1a: Gliscor
|-start|p1a: Gliscor|Encore
|
|upkeep
|turn|3
|
|t:|1769424077
|switch|p2a: Dudunsparce|Dudunsparce, F|100/100
|move|p1a: Gliscor|Spikes|p2a: Dudunsparce
|-sidestart|p2: magikarp soup|Spikes
|
|upkeep
|turn|4
|
|t:|1769424080
|switch|p1a: Pecharunt|Pecharunt|100/100
|move|p2a: Dudunsparce|Calm Mind|p2a: Dudunsparce
|-boost|p2a: Dudunsparce|spa|1
|-boost|p2a: Dudunsparce|spd|1
|
|upkeep
|turn|5
|
|t:|1769424084
|-terastallize|p2a: Dudunsparce|Poison
|move|p1a: Pecharunt|Toxic|p2a: Dudunsparce
|-immune|p2a: Dudunsparce
|move|p2a: Dudunsparce|Calm Mind|p2a: Dudunsparce
|-boost|p2a: Dudunsparce|spa|1
|-boost|p2a: Dudunsparce|spd|1
|
|upkeep
|turn|6
|
|t:|1769424099
|move|p1a: Pecharunt|Parting Shot|p2a: Dudunsparce
|-unboost|p2a: Dudunsparce|atk|1
|-unboost|p2a: Dudunsparce|spa|1
|
|t:|1769424107
|switch|p1a: Chansey|Chansey, F|100/100|[from] Parting Shot
|-damage|p1a: Chansey|88/100|[from] Stealth Rock
|move|p2a: Dudunsparce|Calm Mind|p2a: Dudunsparce
|-boost|p2a: Dudunsparce|spa|1
|-boost|p2a: Dudunsparce|spd|1
|
|upkeep
|turn|7
|
|t:|1769424111
|move|p2a: Dudunsparce|Boomburst|p1a: Chansey
|-damage|p1a: Chansey|55/100
|move|p1a: Chansey|Stealth Rock|p2a: Dudunsparce
|-sidestart|p2: magikarp soup|move: Stealth Rock
|
|upkeep
|turn|8
|
|t:|1769424115
|move|p2a: Dudunsparce|Boomburst|p1a: Chansey
|-damage|p1a: Chansey|22/100
|move|p1a: Chansey|Soft-Boiled|p1a: Chansey
|-heal|p1a: Chansey|72/100
|
|upkeep
|turn|9
|
|t:|1769424119
|switch|p1a: Pecharunt|Pecharunt|100/100
|move|p2a: Dudunsparce|Calm Mind|p2a: Dudunsparce
|-boost|p2a: Dudunsparce|spa|1
|-boost|p2a: Dudunsparce|spd|1
|
|upkeep
|turn|10
|
|t:|1769424123
|move|p1a: Pecharunt|Parting Shot|p2a: Dudunsparce
|-unboost|p2a: Dudunsparce|atk|1
|-unboost|p2a: Dudunsparce|spa|1
|
|t:|1769424128
|switch|p1a: Dondozo|Dondozo, M|100/100|[from] Parting Shot
|-damage|p1a: Dondozo|88/100|[from] Stealth Rock
|move|p2a: Dudunsparce|Calm Mind|p2a: Dudunsparce
|-boost|p2a: Dudunsparce|spa|1
|-boost|p2a: Dudunsparce|spd|1
|
|-heal|p1a: Dondozo|94/100|[from] item: Leftovers
|upkeep
|turn|11
|j| Niroglift
|
|t:|1769424136
|move|p2a: Dudunsparce|Boomburst|p1a: Dondozo
|-damage|p1a: Dondozo|50/100
|move|p1a: Dondozo|Curse|p1a: Dondozo
|-unboost|p1a: Dondozo|spe|1
|-boost|p1a: Dondozo|atk|1
|-boost|p1a: Dondozo|def|1
|
|-heal|p1a: Dondozo|57/100|[from] item: Leftovers
|upkeep
|turn|12
|
|t:|1769424140
|move|p2a: Dudunsparce|Boomburst|p1a: Dondozo
|-damage|p1a: Dondozo|12/100
|move|p1a: Dondozo|Rest|p1a: Dondozo
|-status|p1a: Dondozo|slp|[from] move: Rest
|-heal|p1a: Dondozo|100/100 slp|[silent]
|
|upkeep
|turn|13
|
|t:|1769424142
|move|p2a: Dudunsparce|Boomburst|p1a: Dondozo
|-damage|p1a: Dondozo|51/100 slp
|cant|p1a: Dondozo|slp
|move|p1a: Dondozo|Sleep Talk|p1a: Dondozo
|move|p1a: Dondozo|Rest||[from] move: Sleep Talk|[still]
|-fail|p1a: Dondozo
|
|-heal|p1a: Dondozo|57/100 slp|[from] item: Leftovers
|upkeep
|turn|14
|
|t:|1769424145
|switch|p1a: Corviknight|Corviknight, M|100/100
|-damage|p1a: Corviknight|88/100|[from] Stealth Rock
|-ability|p1a: Corviknight|Pressure
|move|p2a: Dudunsparce|Boomburst|p1a: Corviknight
|-resisted|p1a: Corviknight
|-damage|p1a: Corviknight|32/100
|
|-heal|p1a: Corviknight|38/100|[from] item: Leftovers
|upkeep
|turn|15
|
|t:|1769424153
|move|p1a: Corviknight|Roost|p1a: Corviknight
|-heal|p1a: Corviknight|88/100
|-singleturn|p1a: Corviknight|move: Roost
|move|p2a: Dudunsparce|Boomburst|p1a: Corviknight
|-resisted|p1a: Corviknight
|-damage|p1a: Corviknight|29/100
|
|-heal|p1a: Corviknight|35/100|[from] item: Leftovers
|upkeep
|turn|16
|
|t:|1769424156
|move|p1a: Corviknight|Roost|p1a: Corviknight
|-heal|p1a: Corviknight|85/100
|-singleturn|p1a: Corviknight|move: Roost
|move|p2a: Dudunsparce|Earth Power|p1a: Corviknight
|-supereffective|p1a: Corviknight
|-damage|p1a: Corviknight|0 fnt
|faint|p1a: Corviknight
|
|upkeep
|
|t:|1769424162
|switch|p1a: Tornadus|Tornadus-Therian, M|100/100
|turn|17
|
|t:|1769424167
|move|p1a: Tornadus|Knock Off|p2a: Dudunsparce
|-damage|p2a: Dudunsparce|86/100
|-ability|p2a: Dudunsparce|Rattled|boost
|-boost|p2a: Dudunsparce|spe|1
|-enditem|p2a: Dudunsparce|Heavy-Duty Boots|[from] move: Knock Off|[of] p1a: Tornadus
|move|p2a: Dudunsparce|Boomburst|p1a: Tornadus
|-damage|p1a: Tornadus|0 fnt
|faint|p1a: Tornadus
|
|upkeep
|
|t:|1769424174
|switch|p1a: Chansey|Chansey, F|72/100
|-damage|p1a: Chansey|59/100|[from] Stealth Rock
|turn|18
|
|t:|1769424179
|move|p2a: Dudunsparce|Boomburst|p1a: Chansey
|-damage|p1a: Chansey|22/100
|move|p1a: Chansey|Calm Mind|p1a: Chansey
|-boost|p1a: Chansey|spa|1
|-boost|p1a: Chansey|spd|1
|
|upkeep
|turn|19
|c|☆daddyveilz|bruh im so dumb i forgot chansey had pom
|
|t:|1769424188
|move|p2a: Dudunsparce|Boomburst|p1a: Chansey
|-damage|p1a: Chansey|0 fnt
|faint|p1a: Chansey
|
|upkeep
|c|☆magikarp soup|:sob:
|
|t:|1769424190
|switch|p1a: Dondozo|Dondozo, M|57/100 slp
|-damage|p1a: Dondozo|45/100 slp|[from] Stealth Rock
|turn|20
|
|t:|1769424192
|move|p2a: Dudunsparce|Boomburst|p1a: Dondozo
|-damage|p1a: Dondozo|0 fnt
|faint|p1a: Dondozo
|
|upkeep
|c| Niroglift|oh is it only turn 17 at this stage
|
|t:|1769424193
|switch|p1a: Pecharunt|Pecharunt|100/100
|turn|21
|
|t:|1769424196
|move|p2a: Dudunsparce|Earth Power|p1a: Pecharunt
|-supereffective|p1a: Pecharunt
|-damage|p1a: Pecharunt|0 fnt
|faint|p1a: Pecharunt
|
|upkeep
|
|t:|1769424198
|switch|p1a: Gliscor|Gliscor, M|100/100 tox
|-damage|p1a: Gliscor|88/100 tox|[from] Stealth Rock
|turn|22
|
|t:|1769424199
|move|p1a: Gliscor|Knock Off|p2a: Dudunsparce
|-damage|p2a: Dudunsparce|75/100
|-ability|p2a: Dudunsparce|Rattled|boost
|-boost|p2a: Dudunsparce|spe|1
|move|p2a: Dudunsparce|Boomburst|p1a: Gliscor
|-damage|p1a: Gliscor|0 fnt
|faint|p1a: Gliscor
|
|win|magikarp soup
|c|☆magikarp soup|gg
|c|☆daddyveilz|gg
