|j|☆derpsaur
|j|☆4G3NC Teo
|t:|1769407685
|gametype|singles
|player|p1|derpsaur|102|1477
|player|p2|4G3NC Teo|iris-gen5bw2|1473
|gen|9
|tier|[Gen 9] OU
|rated|
|rule|HP Percentage Mod: HP is shown in percentages
|rule|Endless Battle Clause: Forcing endless battles is banned
|rule|Species Clause: Limit one of each Pokémon
|rule|OHKO Clause: OHKO moves are banned
|rule|Evasion Items Clause: Evasion items are banned
|rule|Evasion Moves Clause: Evasion moves are banned
|rule|Evasion Abilities Clause: Evasion abilities are banned
|rule|Sleep Moves Clause: Sleep-inducing moves are banned
|clearpoke
|poke|p1|Heatran, F|
|poke|p1|Weezing-Galar, F|
|poke|p1|Landorus-Therian, M|
|poke|p1|Ogerpon-Wellspring, F|
|poke|p1|Slither Wing|
|poke|p1|Dragonite, M|
|poke|p2|Zapdos-Galar|
|poke|p2|Zamazenta-*|
|poke|p2|Azumarill, F|
|poke|p2|Iron Crown|
|poke|p2|Pecharunt|
|poke|p2|Iron Treads|
|teampreview
|inactive|Battle timer is ON: inactive players will automatically lose when time's up. (requested by derpsaur)
|
|t:|1769407694
|teamsize|p1|6
|teamsize|p2|6
|start
|switch|p1a: Heatran|Heatran, F|100/100
|switch|p2a: Azumarill|Azumarill, F|100/100
|turn|1
|
|t:|1769407699
|move|p1a: Heatran|Protect|p1a: Heatran
|-singleturn|p1a: Heatran|Protect
|move|p2a: Azumarill|Play Rough|p1a: Heatran
|-activate|p1a: Heatran|move: Protect
|
|upkeep
|turn|2
|
|t:|1769407701
|switch|p1a: Weezing|Weezing-Galar, F|100/100
|-ability|p1a: Weezing|Neutralizing Gas
|move|p2a: Azumarill|Liquidation|p1a: Weezing
|-damage|p1a: Weezing|83/100
|
|upkeep
|turn|3
|
|t:|1769407707
|switch|p2a: Iron Crown|Iron Crown|100/100
|move|p1a: Weezing|Strange Steam|p2a: Iron Crown
|-resisted|p2a: Iron Crown
|-damage|p2a: Iron Crown|93/100
|
|upkeep
|turn|4
|
|t:|1769407712
|-end|p1a: Weezing|ability: Neutralizing Gas
|switch|p1a: Heatran|Heatran, F|100/100
|move|p2a: Iron Crown|Tachyon Cutter|p1a: Heatran
|-resisted|p1a: Heatran
|-damage|p1a: Heatran|96/100
|-resisted|p1a: Heatran
|-damage|p1a: Heatran|92/100
|-hitcount|p1a: Heatran|2
|
|-heal|p1a: Heatran|98/100|[from] item: Leftovers
|upkeep
|turn|5
|
|t:|1769407716
|move|p2a: Iron Crown|Volt Switch|p1a: Heatran
|-damage|p1a: Heatran|82/100
|
|t:|1769407719
|-end|p2a: Iron Crown|Quark Drive|[silent]
|switch|p2a: Azumarill|Azumarill, F|100/100|[from] Volt Switch
|move|p1a: Heatran|Magma Storm|p2a: Azumarill
|-resisted|p2a: Azumarill
|-damage|p2a: Azumarill|87/100
|-activate|p2a: Azumarill|move: Magma Storm|[of] p1a: Heatran
|
|-heal|p1a: Heatran|89/100|[from] item: Leftovers
|-damage|p2a: Azumarill|75/100|[from] move: Magma Storm|[partiallytrapped]
|upkeep
|turn|6
|
|t:|1769407727
|move|p1a: Heatran|Protect|p1a: Heatran
|-singleturn|p1a: Heatran|Protect
|move|p2a: Azumarill|Liquidation|p1a: Heatran
|-activate|p1a: Heatran|move: Protect
|
|-heal|p1a: Heatran|95/100|[from] item: Leftovers
|-damage|p2a: Azumarill|62/100|[from] move: Magma Storm|[partiallytrapped]
|upkeep
|turn|7
|
|t:|1769407731
|switch|p1a: Ogerpon|Ogerpon-Wellspring, F|100/100
|move|p2a: Azumarill|Knock Off|p1a: Ogerpon
|-damage|p1a: Ogerpon|65/100
|
|-end|p2a: Azumarill|Magma Storm|[partiallytrapped]|[silent]
|upkeep
|turn|8
|
|t:|1769407736
|switch|p2a: Pecharunt|Pecharunt|100/100
|move|p1a: Ogerpon|Knock Off|p2a: Pecharunt
|-supereffective|p2a: Pecharunt
|-damage|p2a: Pecharunt|65/100
|-enditem|p2a: Pecharunt|Leftovers|[from] move: Knock Off|[of] p1a: Ogerpon
|
|upkeep
|turn|9
|
|t:|1769407742
|move|p1a: Ogerpon|Spikes|p2a: Pecharunt
|-sidestart|p2: 4G3NC Teo|Spikes
|move|p2a: Pecharunt|Recover|p2a: Pecharunt
|-heal|p2a: Pecharunt|100/100
|
|upkeep
|turn|10
|
|t:|1769407744
|switch|p1a: Heatran|Heatran, F|95/100
|move|p2a: Pecharunt|Malignant Chain|p1a: Heatran
|-immune|p1a: Heatran
|
|-heal|p1a: Heatran|100/100|[from] item: Leftovers
|upkeep
|turn|11
|
|t:|1769407746
|move|p2a: Pecharunt|Parting Shot|p1a: Heatran
|-unboost|p1a: Heatran|atk|1
|-unboost|p1a: Heatran|spa|1
|
|t:|1769407751
|switch|p2a: Azumarill|Azumarill, F|62/100|[from] Parting Shot
|-damage|p2a: Azumarill|50/100|[from] Spikes
|move|p1a: Heatran|Magma Storm|p2a: Azumarill
|-resisted|p2a: Azumarill
|-damage|p2a: Azumarill|41/100
|-activate|p2a: Azumarill|move: Magma Storm|[of] p1a: Heatran
|
|-damage|p2a: Azumarill|28/100|[from] move: Magma Storm|[partiallytrapped]
|upkeep
|turn|12
|
|t:|1769407754
|move|p1a: Heatran|Protect|p1a: Heatran
|-singleturn|p1a: Heatran|Protect
|move|p2a: Azumarill|Liquidation|p1a: Heatran
|-activate|p1a: Heatran|move: Protect
|
|-damage|p2a: Azumarill|16/100|[from] move: Magma Storm|[partiallytrapped]
|upkeep
|turn|13
|
|t:|1769407757
|switch|p1a: Weezing|Weezing-Galar, F|83/100
|-ability|p1a: Weezing|Neutralizing Gas
|move|p2a: Azumarill|Knock Off|p1a: Weezing
|-resisted|p1a: Weezing
|-damage|p1a: Weezing|75/100
|-enditem|p1a: Weezing|Heavy-Duty Boots|[from] move: Knock Off|[of] p2a: Azumarill
|
|-end|p2a: Azumarill|Magma Storm|[partiallytrapped]|[silent]
|upkeep
|turn|14
|
|t:|1769407761
|move|p1a: Weezing|Strange Steam|p2a: Azumarill
|-damage|p2a: Azumarill|0 fnt
|faint|p2a: Azumarill
|
|upkeep
|
|t:|1769407766
|switch|p2a: Iron Treads|Iron Treads|100/100
|-damage|p2a: Iron Treads|88/100|[from] Spikes
|turn|15
|
|t:|1769407770
|-end|p1a: Weezing|ability: Neutralizing Gas
|switch|p1a: Slither Wing|Slither Wing|100/100
|move|p2a: Iron Treads|Earthquake|p1a: Slither Wing
|-resisted|p1a: Slither Wing
|-damage|p1a: Slither Wing|80/100
|
|-heal|p2a: Iron Treads|94/100|[from] item: Leftovers
|upkeep
|turn|16
|
|t:|1769407775
|-end|p2a: Iron Treads|Quark Drive|[silent]
|switch|p2a: Pecharunt|Pecharunt|100/100
|-damage|p2a: Pecharunt|88/100|[from] Spikes
|move|p1a: Slither Wing|Will-O-Wisp|p2a: Pecharunt
|-status|p2a: Pecharunt|brn
|
|-damage|p2a: Pecharunt|82/100 brn|[from] brn
|upkeep
|turn|17
|
|t:|1769407780
|-end|p1a: Slither Wing|Protosynthesis|[silent]
|switch|p1a: Heatran|Heatran, F|100/100
|move|p2a: Pecharunt|Parting Shot|p1a: Heatran
|-unboost|p1a: Heatran|atk|1
|-unboost|p1a: Heatran|spa|1
|
|t:|1769407784
|switch|p2a: Iron Treads|Iron Treads|94/100|[from] Parting Shot
|-damage|p2a: Iron Treads|82/100|[from] Spikes
|
|-heal|p2a: Iron Treads|88/100|[from] item: Leftovers
|upkeep
|turn|18
|
|t:|1769407793
|switch|p1a: Landorus|Landorus-Therian, M|100/100
|-ability|p1a: Landorus|Intimidate|boost
|-unboost|p2a: Iron Treads|atk|1
|move|p2a: Iron Treads|Earthquake|p1a: Landorus
|-immune|p1a: Landorus
|
|-heal|p2a: Iron Treads|94/100|[from] item: Leftovers
|upkeep
|turn|19
|
|t:|1769407799
|move|p1a: Landorus|Earthquake|p2a: Iron Treads
|-supereffective|p2a: Iron Treads
|-damage|p2a: Iron Treads|6/100
|move|p2a: Iron Treads|Stealth Rock|p1a: Landorus
|-sidestart|p1: derpsaur|move: Stealth Rock
|
|-heal|p2a: Iron Treads|12/100|[from] item: Leftovers
|upkeep
|turn|20
|
|t:|1769407804
|-end|p2a: Iron Treads|Quark Drive|[silent]
|switch|p2a: Zapdos|Zapdos-Galar|100/100
|move|p1a: Landorus|Earthquake|p2a: Zapdos
|-immune|p2a: Zapdos
|
|upkeep
|turn|21
|
|t:|1769407807
|move|p2a: Zapdos|Thunderous Kick|p1a: Landorus
|-resisted|p1a: Landorus
|-crit|p1a: Landorus
|-damage|p1a: Landorus|65/100
|-unboost|p1a: Landorus|def|1
|-damage|p2a: Zapdos|84/100|[from] item: Rocky Helmet|[of] p1a: Landorus
|move|p1a: Landorus|Stealth Rock|p2a: Zapdos
|-sidestart|p2: 4G3NC Teo|move: Stealth Rock
|
|upkeep
|turn|22
|
|t:|1769407813
|move|p2a: Zapdos|Brave Bird|p1a: Landorus
|-damage|p1a: Landorus|0 fnt
|-damage|p2a: Zapdos|68/100|[from] item: Rocky Helmet|[of] p1a: Landorus
|faint|p1a: Landorus
|-damage|p2a: Zapdos|42/100|[from] Recoil
|
|upkeep
|
|t:|1769407827
|switch|p1a: Ogerpon|Ogerpon-Wellspring, F|65/100
|-damage|p1a: Ogerpon|52/100|[from] Stealth Rock
|turn|23
|
|t:|1769407835
|switch|p2a: Iron Treads|Iron Treads|12/100
|-damage|p2a: Iron Treads|0 fnt|[from] Spikes
|faint|p2a: Iron Treads
|-end|p2a: Iron Treads|Quark Drive|[silent]
|move|p1a: Ogerpon|Ivy Cudgel|p2: Iron Treads|[notarget]
|-fail|p1a: Ogerpon
|
|upkeep
|
|t:|1769407845
|switch|p2a: Pecharunt|Pecharunt|82/100 brn
|-damage|p2a: Pecharunt|70/100 brn|[from] Spikes
|-damage|p2a: Pecharunt|57/100 brn|[from] Stealth Rock
|turn|24
|
|t:|1769407850
|switch|p1a: Heatran|Heatran, F|100/100
|-damage|p1a: Heatran|88/100|[from] Stealth Rock
|move|p2a: Pecharunt|Recover|p2a: Pecharunt
|-heal|p2a: Pecharunt|100/100 brn
|
|-heal|p1a: Heatran|94/100|[from] item: Leftovers
|-damage|p2a: Pecharunt|94/100 brn|[from] brn
|upkeep
|turn|25
|
|t:|1769407854
|move|p2a: Pecharunt|Parting Shot|p1a: Heatran
|-unboost|p1a: Heatran|atk|1
|-unboost|p1a: Heatran|spa|1
|
|t:|1769407857
|switch|p2a: Zapdos|Zapdos-Galar|42/100|[from] Parting Shot
|-damage|p2a: Zapdos|30/100|[from] Stealth Rock
|move|p1a: Heatran|Earth Power|p2a: Zapdos
|-immune|p2a: Zapdos
|
|-heal|p1a: Heatran|100/100|[from] item: Leftovers
|upkeep
|turn|26
|
|t:|1769407862
|switch|p1a: Dragonite|Dragonite, M|100/100
|move|p2a: Zapdos|Thunderous Kick|p1a: Dragonite
|-resisted|p1a: Dragonite
|-damage|p1a: Dragonite|86/100
|-unboost|p1a: Dragonite|def|1
|
|upkeep
|turn|27
|
|t:|1769407868
|move|p2a: Zapdos|Brave Bird|p1a: Dragonite
|-damage|p1a: Dragonite|0 fnt
|faint|p1a: Dragonite
|-damage|p2a: Zapdos|2/100|[from] Recoil
|
|upkeep
|
|t:|1769407872
|switch|p1a: Ogerpon|Ogerpon-Wellspring, F|52/100
|-damage|p1a: Ogerpon|40/100|[from] Stealth Rock
|turn|28
|
|t:|1769407876
|move|p1a: Ogerpon|Ivy Cudgel|p2a: Zapdos|[anim] Ivy Cudgel Water
|-damage|p2a: Zapdos|0 fnt
|faint|p2a: Zapdos
|
|upkeep
|
|t:|1769407878
|switch|p2a: Pecharunt|Pecharunt|94/100 brn
|-damage|p2a: Pecharunt|82/100 brn|[from] Spikes
|-damage|p2a: Pecharunt|70/100 brn|[from] Stealth Rock
|turn|29
|
|t:|1769407884
|move|p1a: Ogerpon|Synthesis|p1a: Ogerpon
|-heal|p1a: Ogerpon|90/100
|move|p2a: Pecharunt|Recover|p2a: Pecharunt
|-heal|p2a: Pecharunt|100/100 brn
|
|-damage|p2a: Pecharunt|94/100 brn|[from] brn
|upkeep
|turn|30
|
|t:|1769407887
|switch|p1a: Heatran|Heatran, F|100/100
|-damage|p1a: Heatran|88/100|[from] Stealth Rock
|move|p2a: Pecharunt|Parting Shot|p1a: Heatran
|-unboost|p1a: Heatran|atk|1
|-unboost|p1a: Heatran|spa|1
|
|t:|1769407893
|switch|p2a: Zamazenta|Zamazenta|100/100|[from] Parting Shot
|-damage|p2a: Zamazenta|88/100|[from] Spikes
|-damage|p2a: Zamazenta|82/100|[from] Stealth Rock
|-ability|p2a: Zamazenta|Dauntless Shield|boost
|-boost|p2a: Zamazenta|def|1
|
|-heal|p2a: Zamazenta|88/100|[from] item: Leftovers
|-heal|p1a: Heatran|94/100|[from] item: Leftovers
|upkeep
|turn|31
|
|t:|1769407896
|switch|p1a: Slither Wing|Slither Wing|80/100
|move|p2a: Zamazenta|Substitute|p2a: Zamazenta
|-start|p2a: Zamazenta|Substitute
|-damage|p2a: Zamazenta|63/100
|
|-heal|p2a: Zamazenta|69/100|[from] item: Leftovers
|upkeep
|turn|32
|
|t:|1769407899
|move|p2a: Zamazenta|Iron Defense|p2a: Zamazenta
|-boost|p2a: Zamazenta|def|2
|move|p1a: Slither Wing|U-turn|p2a: Zamazenta
|-resisted|p2a: Zamazenta
|-activate|p2a: Zamazenta|move: Substitute|[damage]
|
|t:|1769407901
|-end|p1a: Slither Wing|Protosynthesis|[silent]
|switch|p1a: Weezing|Weezing-Galar, F|75/100|[from] U-turn
|-ability|p1a: Weezing|Neutralizing Gas
|-damage|p1a: Weezing|63/100|[from] Stealth Rock
|
|-heal|p2a: Zamazenta|76/100|[from] item: Leftovers
|upkeep
|turn|33
|
|t:|1769407906
|-terastallize|p2a: Zamazenta|Steel
|move|p2a: Zamazenta|Iron Defense|p2a: Zamazenta
|-boost|p2a: Zamazenta|def|2
|move|p1a: Weezing|Strange Steam|p2a: Zamazenta
|-resisted|p2a: Zamazenta
|-activate|p2a: Zamazenta|move: Substitute|[damage]
|
|-heal|p2a: Zamazenta|82/100|[from] item: Leftovers
|upkeep
|turn|34
|
|t:|1769407913
|move|p2a: Zamazenta|Body Press|p1a: Weezing
|-resisted|p1a: Weezing
|-damage|p1a: Weezing|42/100
|move|p1a: Weezing|Strange Steam|p2a: Zamazenta
|-resisted|p2a: Zamazenta
|-end|p2a: Zamazenta|Substitute
|
|-heal|p2a: Zamazenta|88/100|[from] item: Leftovers
|upkeep
|turn|35
|
|t:|1769407917
|move|p2a: Zamazenta|Substitute|p2a: Zamazenta
|-start|p2a: Zamazenta|Substitute
|-damage|p2a: Zamazenta|63/100
|move|p1a: Weezing|Strange Steam|p2a: Zamazenta
|-resisted|p2a: Zamazenta
|-crit|p2a: Zamazenta
|-activate|p2a: Zamazenta|move: Substitute|[damage]
|
|-heal|p2a: Zamazenta|69/100|[from] item: Leftovers
|upkeep
|turn|36
|
|t:|1769407919
|move|p2a: Zamazenta|Body Press|p1a: Weezing
|-resisted|p1a: Weezing
|-damage|p1a: Weezing|21/100
|move|p1a: Weezing|Strange Steam|p2a: Zamazenta
|-resisted|p2a: Zamazenta
|-end|p2a: Zamazenta|Substitute
|
|-heal|p2a: Zamazenta|75/100|[from] item: Leftovers
|upkeep
|turn|37
|
|t:|1769407922
|move|p2a: Zamazenta|Substitute|p2a: Zamazenta
|-start|p2a: Zamazenta|Substitute
|-damage|p2a: Zamazenta|50/100
|move|p1a: Weezing|Pain Split||[still]
|-fail|p1a: Weezing
|
|-heal|p2a: Zamazenta|56/100|[from] item: Leftovers
|upkeep
|turn|38
|-message|derpsaur forfeited.
|
|win|4G3NC Teo
|raw|derpsaur's rating: 1477 &rarr; <strong>1457</strong><br />(-20 for losing)
|raw|4G3NC Teo's rating: 1473 &rarr; <strong>1493</strong><br />(+20 for winning)
|l|☆derpsaur
|player|p1|
|l|☆4G3NC Teo
|player|p2|
