|j|☆testthoitestthoi2
|j|☆Sulluulllu
|t:|1769413764
|gametype|singles
|player|p1|testthoitestthoi2|266|1218
|player|p2|Sulluulllu|1|1187
|gen|9
|tier|[Gen 9] OU
|rated|
|rule|HP Percentage Mod: HP is shown in percentages
|rule|Endless Battle Clause: Forcing endless battles is banned
|rule|Species Clause: Limit one of each Pokémon
|rule|OHKO Clause: OHKO moves are banned
|rule|Evasion Items Clause: Evasion items are banned
|rule|Evasion Moves Clause: Evasion moves are banned
|rule|Evasion Abilities Clause: Evasion abilities are banned
|rule|Sleep Moves Clause: Sleep-inducing moves are banned
|clearpoke
|poke|p1|Iron Valiant|
|poke|p1|Excadrill, M|
|poke|p1|Tyranitar, F|
|poke|p1|Tornadus-Therian, M|
|poke|p1|Ogerpon-Cornerstone, F|
|poke|p1|Toxapex, M|
|poke|p2|Slowking-Galar, M|
|poke|p2|Toxapex, M|
|poke|p2|Landorus-Therian, M|
|poke|p2|Blissey, F|
|poke|p2|Kingambit, F|
|poke|p2|Rotom-Mow|
|teampreview
|
|t:|1769413784
|teamsize|p1|6
|teamsize|p2|6
|start
|switch|p1a: Ogerpon|Ogerpon-Cornerstone, F|100/100
|switch|p2a: Landorus|Landorus-Therian, M|100/100
|-ability|p2a: Landorus|Intimidate|boost
|-unboost|p1a: Ogerpon|atk|1
|turn|1
|
|t:|1769413795
|switch|p1a: Tornadus|Tornadus-Therian, M|100/100
|move|p2a: Landorus|Earthquake|p1a: Tornadus
|-immune|p1a: Tornadus
|
|upkeep
|turn|2
|
|t:|1769413805
|switch|p2a: Blissey|Blissey, F|100/100
|move|p1a: Tornadus|Bleakwind Storm|p2a: Blissey
|-damage|p2a: Blissey|82/100
|
|-heal|p2a: Blissey|88/100|[from] item: Leftovers
|upkeep
|turn|3
|
|t:|1769413813
|switch|p1a: Tyranitar|Tyranitar, F|100/100
|-weather|Sandstorm|[from] ability: Sand Stream|[of] p1a: Tyranitar
|move|p2a: Blissey|Stealth Rock|p1a: Tyranitar
|-sidestart|p1: testthoitestthoi2|move: Stealth Rock
|
|-weather|Sandstorm|[upkeep]
|-damage|p2a: Blissey|82/100|[from] Sandstorm
|-heal|p2a: Blissey|88/100|[from] item: Leftovers
|upkeep
|turn|4
|
|t:|1769413824
|switch|p2a: Landorus|Landorus-Therian, M|100/100
|-ability|p2a: Landorus|Intimidate|boost
|-unboost|p1a: Tyranitar|atk|1
|move|p1a: Tyranitar|Knock Off|p2a: Landorus
|-damage|p2a: Landorus|57/100
|-enditem|p2a: Landorus|Choice Scarf|[from] move: Knock Off|[of] p1a: Tyranitar
|
|-weather|Sandstorm|[upkeep]
|upkeep
|turn|5
|
|t:|1769413837
|move|p2a: Landorus|U-turn|p1a: Tyranitar
|-supereffective|p1a: Tyranitar
|-damage|p1a: Tyranitar|45/100
|
|t:|1769413842
|switch|p2a: Toxapex|Toxapex, M|100/100|[from] U-turn
|move|p1a: Tyranitar|Ice Punch|p2a: Toxapex
|-resisted|p2a: Toxapex
|-damage|p2a: Toxapex|94/100
|-damage|p1a: Tyranitar|28/100|[from] item: Rocky Helmet|[of] p2a: Toxapex
|
|-weather|Sandstorm|[upkeep]
|-damage|p2a: Toxapex|88/100|[from] Sandstorm
|upkeep
|turn|6
|
|t:|1769413853
|switch|p1a: Excadrill|Excadrill, M|100/100
|-damage|p1a: Excadrill|97/100|[from] Stealth Rock
|switch|p2a: Landorus|Landorus-Therian, M|57/100
|-ability|p2a: Landorus|Intimidate|boost
|-unboost|p1a: Excadrill|atk|1
|
|-weather|Sandstorm|[upkeep]
|-heal|p1a: Excadrill|100/100|[from] item: Leftovers
|upkeep
|turn|7
|
|t:|1769413874
|switch|p1a: Tornadus|Tornadus-Therian, M|100/100
|-damage|p1a: Tornadus|76/100|[from] Stealth Rock
|move|p2a: Landorus|Earthquake|p1a: Tornadus
|-immune|p1a: Tornadus
|
|-weather|Sandstorm|[upkeep]
|-damage|p1a: Tornadus|70/100|[from] Sandstorm
|upkeep
|turn|8
|
|t:|1769413884
|switch|p2a: Blissey|Blissey, F|88/100
|move|p1a: Tornadus|Weather Ball|p2a: Blissey
|-damage|p2a: Blissey|75/100
|
|-weather|Sandstorm|[upkeep]
|-damage|p1a: Tornadus|64/100|[from] Sandstorm
|-damage|p2a: Blissey|69/100|[from] Sandstorm
|-heal|p2a: Blissey|75/100|[from] item: Leftovers
|upkeep
|turn|9
|
|t:|1769413897
|switch|p1a: Excadrill|Excadrill, M|100/100
|-damage|p1a: Excadrill|97/100|[from] Stealth Rock
|move|p2a: Blissey|Seismic Toss|p1a: Excadrill
|-damage|p1a: Excadrill|70/100
|
|-weather|Sandstorm|[upkeep]
|-damage|p2a: Blissey|69/100|[from] Sandstorm
|-heal|p1a: Excadrill|76/100|[from] item: Leftovers
|-heal|p2a: Blissey|75/100|[from] item: Leftovers
|upkeep
|turn|10
|
|t:|1769413910
|switch|p2a: Landorus|Landorus-Therian, M|57/100
|-ability|p2a: Landorus|Intimidate|boost
|-unboost|p1a: Excadrill|atk|1
|move|p1a: Excadrill|Substitute|p1a: Excadrill
|-start|p1a: Excadrill|Substitute
|-damage|p1a: Excadrill|51/100
|
|-weather|none
|-heal|p1a: Excadrill|57/100|[from] item: Leftovers
|upkeep
|turn|11
|
|t:|1769413919
|move|p2a: Landorus|Earthquake|p1a: Excadrill
|-supereffective|p1a: Excadrill
|-end|p1a: Excadrill|Substitute
|move|p1a: Excadrill|Rapid Spin|p2a: Landorus
|-damage|p2a: Landorus|42/100
|-boost|p1a: Excadrill|spe|1
|-sideend|p1: testthoitestthoi2|Stealth Rock|[from] move: Rapid Spin|[of] p1a: Excadrill
|
|-heal|p1a: Excadrill|63/100|[from] item: Leftovers
|upkeep
|turn|12
|
|t:|1769413930
|switch|p1a: Tornadus|Tornadus-Therian, M|97/100
|-terastallize|p2a: Landorus|Steel
|move|p2a: Landorus|Earthquake|p1a: Tornadus
|-immune|p1a: Tornadus
|
|upkeep
|turn|13
|
|t:|1769413938
|move|p1a: Tornadus|Heat Wave|p2a: Landorus
|-supereffective|p2a: Landorus
|-damage|p2a: Landorus|0 fnt
|faint|p2a: Landorus
|
|upkeep
|
|t:|1769413944
|switch|p2a: Rotom|Rotom-Mow|100/100
|turn|14
|
|t:|1769413951
|move|p1a: Tornadus|Heat Wave|p2a: Rotom
|-supereffective|p2a: Rotom
|-damage|p2a: Rotom|0 fnt
|faint|p2a: Rotom
|
|upkeep
|
|t:|1769413956
|switch|p2a: Toxapex|Toxapex, M|100/100
|turn|15
|
|t:|1769413961
|switch|p1a: Excadrill|Excadrill, M|63/100
|move|p2a: Toxapex|Liquidation|p1a: Excadrill
|-supereffective|p1a: Excadrill
|-damage|p1a: Excadrill|6/100
|-unboost|p1a: Excadrill|def|1
|
|-heal|p1a: Excadrill|12/100|[from] item: Leftovers
|upkeep
|turn|16
|
|t:|1769413972
|switch|p1a: Tyranitar|Tyranitar, F|28/100
|-weather|Sandstorm|[from] ability: Sand Stream|[of] p1a: Tyranitar
|move|p2a: Toxapex|Baneful Bunker||[still]
|-fail|p2a: Toxapex
|
|-weather|Sandstorm|[upkeep]
|-damage|p2a: Toxapex|94/100|[from] Sandstorm
|upkeep
|turn|17
|
|t:|1769413984
|move|p1a: Tyranitar|Stealth Rock|p2a: Toxapex
|-sidestart|p2: Sulluulllu|move: Stealth Rock
|move|p2a: Toxapex|Liquidation|p1a: Tyranitar
|-supereffective|p1a: Tyranitar
|-damage|p1a: Tyranitar|0 fnt
|faint|p1a: Tyranitar
|
|-weather|Sandstorm|[upkeep]
|-damage|p2a: Toxapex|88/100|[from] Sandstorm
|upkeep
|
|t:|1769414003
|switch|p1a: Iron Valiant|Iron Valiant|100/100
|turn|18
|
|t:|1769414010
|move|p1a: Iron Valiant|Thunderbolt|p2a: Toxapex
|-supereffective|p2a: Toxapex
|-damage|p2a: Toxapex|15/100
|move|p2a: Toxapex|Toxic|p1a: Iron Valiant
|-status|p1a: Iron Valiant|tox
|
|-weather|Sandstorm|[upkeep]
|-damage|p1a: Iron Valiant|94/100 tox|[from] Sandstorm
|-damage|p2a: Toxapex|9/100|[from] Sandstorm
|-damage|p1a: Iron Valiant|88/100 tox|[from] psn
|upkeep
|turn|19
|
|t:|1769414020
|switch|p2a: Blissey|Blissey, F|75/100
|-damage|p2a: Blissey|63/100|[from] Stealth Rock
|move|p1a: Iron Valiant|Thunderbolt|p2a: Blissey
|-damage|p2a: Blissey|50/100
|
|-weather|Sandstorm|[upkeep]
|-damage|p1a: Iron Valiant|82/100 tox|[from] Sandstorm
|-damage|p2a: Blissey|44/100|[from] Sandstorm
|-heal|p2a: Blissey|50/100|[from] item: Leftovers
|-damage|p1a: Iron Valiant|69/100 tox|[from] psn
|upkeep
|turn|20
|
|t:|1769414032
|-end|p1a: Iron Valiant|Quark Drive|[silent]
|switch|p1a: Toxapex|Toxapex, M|100/100
|switch|p2a: Slowking|Slowking-Galar, M|100/100
|-damage|p2a: Slowking|88/100|[from] Stealth Rock
|
|-weather|Sandstorm|[upkeep]
|-damage|p1a: Toxapex|95/100|[from] Sandstorm
|-damage|p2a: Slowking|82/100|[from] Sandstorm
|upkeep
|turn|21
|
|t:|1769414044
|switch|p1a: Tornadus|Tornadus-Therian, M|100/100
|move|p2a: Slowking|Psychic|p1a: Tornadus
|-damage|p1a: Tornadus|55/100
|
|-weather|Sandstorm|[upkeep]
|-damage|p1a: Tornadus|49/100|[from] Sandstorm
|-damage|p2a: Slowking|76/100|[from] Sandstorm
|upkeep
|turn|22
|
|t:|1769414056
|move|p1a: Tornadus|Weather Ball|p2a: Slowking
|-damage|p2a: Slowking|47/100
|move|p2a: Slowking|Sludge Wave|p1a: Tornadus
|-damage|p1a: Tornadus|5/100
|
|-weather|Sandstorm|[upkeep]
|-damage|p1a: Tornadus|0 fnt|[from] Sandstorm
|-damage|p2a: Slowking|41/100|[from] Sandstorm
|faint|p1a: Tornadus
|upkeep
|
|t:|1769414066
|switch|p1a: Ogerpon|Ogerpon-Cornerstone, F|100/100
|turn|23
|
|t:|1769414080
|move|p1a: Ogerpon|Knock Off|p2a: Slowking
|-supereffective|p2a: Slowking
|-damage|p2a: Slowking|0 fnt
|-damage|p1a: Ogerpon|84/100|[from] item: Rocky Helmet|[of] p2a: Slowking
|-enditem|p2a: Slowking|Rocky Helmet|[from] move: Knock Off|[of] p1a: Ogerpon
|faint|p2a: Slowking
|
|-weather|none
|upkeep
|
|t:|1769414084
|switch|p2a: Kingambit|Kingambit, F|100/100
|-damage|p2a: Kingambit|94/100|[from] Stealth Rock
|-activate|p2a: Kingambit|ability: Supreme Overlord
|-start|p2a: Kingambit|fallen3|[silent]
|turn|24
|
|t:|1769414092
|move|p1a: Ogerpon|Low Kick|p2a: Kingambit
|-supereffective|p2a: Kingambit
|-damage|p2a: Kingambit|0 fnt
|faint|p2a: Kingambit
|-end|p2a: Kingambit|fallen3|[silent]
|
|upkeep
|-message|Sulluulllu forfeited.
|
|win|testthoitestthoi2
|raw|testthoitestthoi2's rating: 1218 &rarr; <strong>1241</strong><br />(+23 for winning)
|raw|Sulluulllu's rating: 1187 &rarr; <strong>1164</strong><br />(-23 for losing)
|l|☆Sulluulllu
|player|p2|
|l|☆testthoitestthoi2
|player|p1|
