|j|☆MMIICCAA
|j|☆boyhood99
|t:|1769350011
|gametype|singles
|player|p1|MMIICCAA|101|1076
|player|p2|boyhood99|cynthia|1069
|gen|9
|tier|[Gen 9] OU
|rated|
|rule|HP Percentage Mod: HP is shown in percentages
|rule|Endless Battle Clause: Forcing endless battles is banned
|rule|Species Clause: Limit one of each Pokémon
|rule|OHKO Clause: OHKO moves are banned
|rule|Evasion Items Clause: Evasion items are banned
|rule|Evasion Moves Clause: Evasion moves are banned
|rule|Evasion Abilities Clause: Evasion abilities are banned
|rule|Sleep Moves Clause: Sleep-inducing moves are banned
|clearpoke
|poke|p1|Dragapult, M|
|poke|p1|Zoroark-Hisui, M|
|poke|p1|Ceruledge, M|
|poke|p1|Rotom-Wash|
|poke|p1|Meowscarada, F|
|poke|p1|Ogerpon-Wellspring, F|
|poke|p2|Bastiodon, M|
|poke|p2|Rampardos, F|
|poke|p2|Probopass, F|
|poke|p2|Klawf, F|
|poke|p2|Magcargo, M|
|poke|p2|Tyranitar, F|
|teampreview
|
|t:|1769350020
|teamsize|p1|6
|teamsize|p2|6
|start
|switch|p1a: Ogerpon|Ogerpon-Wellspring, F|100/100
|switch|p2a: Bastiodon|Bastiodon, M|100/100
|turn|1
|
|t:|1769350045
|-terastallize|p1a: Ogerpon|Water
|detailschange|p1a: Ogerpon|Ogerpon-Wellspring-Tera, F, tera:Water
|-ability|p1a: Ogerpon|Embody Aspect (Wellspring)|boost
|-boost|p1a: Ogerpon|spd|1
|move|p1a: Ogerpon|Ivy Cudgel|p2a: Bastiodon|[anim] Ivy Cudgel Water
|-supereffective|p2a: Bastiodon
|-damage|p2a: Bastiodon|21/100
|move|p2a: Bastiodon|Stealth Rock|p1a: Ogerpon
|-sidestart|p1: MMIICCAA|move: Stealth Rock
|
|-heal|p2a: Bastiodon|27/100|[from] item: Leftovers
|upkeep
|turn|2
|
|t:|1769350064
|move|p1a: Ogerpon|Horn Leech|p2a: Bastiodon
|-damage|p2a: Bastiodon|6/100
|move|p2a: Bastiodon|Roar|p1a: Ogerpon
|drag|p1a: Rotom|Rotom-Wash|100/100
|-damage|p1a: Rotom|88/100|[from] Stealth Rock
|
|-heal|p2a: Bastiodon|12/100|[from] item: Leftovers
|upkeep
|turn|3
|
|t:|1769350074
|move|p1a: Rotom|Volt Switch|p2a: Bastiodon
|-damage|p2a: Bastiodon|0 fnt
|faint|p2a: Bastiodon
|
|t:|1769350079
|switch|p1a: Ogerpon|Ogerpon-Wellspring-Tera, F, tera:Water|100/100|[from] Volt Switch
|-damage|p1a: Ogerpon|88/100|[from] Stealth Rock
|-ability|p1a: Ogerpon|Embody Aspect (Wellspring)|boost
|-boost|p1a: Ogerpon|spd|1
|
|upkeep
|inactive|Battle timer is ON: inactive players will automatically lose when time's up. (requested by MMIICCAA)
|
|t:|1769350125
|switch|p2a: Probopass|Probopass, F|100/100
|turn|4
|
|t:|1769350132
|move|p1a: Ogerpon|Ivy Cudgel|p2a: Probopass|[anim] Ivy Cudgel Water
|-supereffective|p2a: Probopass
|-damage|p2a: Probopass|0 fnt
|faint|p2a: Probopass
|
|upkeep
|
|t:|1769350138
|switch|p2a: Rampardos|Rampardos, F|100/100
|turn|5
|
|t:|1769350140
|move|p2a: Rampardos|Rock Slide|p1a: Ogerpon
|-damage|p1a: Ogerpon|8/100
|move|p1a: Ogerpon|Ivy Cudgel|p2a: Rampardos|[anim] Ivy Cudgel Water
|-supereffective|p2a: Rampardos
|-damage|p2a: Rampardos|0 fnt
|faint|p2a: Rampardos
|
|upkeep
|
|t:|1769350147
|switch|p2a: Magcargo|Magcargo, M|100/100
|-item|p2a: Magcargo|Air Balloon
|turn|6
|
|t:|1769350150
|-terastallize|p2a: Magcargo|Flying
|move|p1a: Ogerpon|Ivy Cudgel|p2a: Magcargo|[anim] Ivy Cudgel Water
|-damage|p2a: Magcargo|10/100
|-ability|p2a: Magcargo|Weak Armor|boost
|-unboost|p2a: Magcargo|def|1
|-boost|p2a: Magcargo|spe|2
|-enditem|p2a: Magcargo|Air Balloon
|move|p2a: Magcargo|Shell Smash|p2a: Magcargo
|-unboost|p2a: Magcargo|def|1
|-unboost|p2a: Magcargo|spd|1
|-boost|p2a: Magcargo|atk|2
|-boost|p2a: Magcargo|spa|2
|-boost|p2a: Magcargo|spe|2
|
|upkeep
|turn|7
|
|t:|1769350167
|move|p2a: Magcargo|Flamethrower|p1a: Ogerpon
|-resisted|p1a: Ogerpon
|-damage|p1a: Ogerpon|0 fnt
|faint|p1a: Ogerpon
|detailschange|p1: Ogerpon|Ogerpon-Wellspring, F|[silent]
|
|upkeep
|
|t:|1769350174
|switch|p1a: Dragapult|Dragapult, M|100/100
|-damage|p1a: Dragapult|88/100|[from] Stealth Rock
|-item|p1a: Dragapult|Air Balloon
|turn|8
|
|t:|1769350182
|move|p2a: Magcargo|Power Gem|p1a: Dragapult
|-damage|p1a: Dragapult|0 fnt
|replace|p1a: Zoroark|Zoroark-Hisui, M, shiny
|-end|p1a: Zoroark|Illusion
|-enditem|p1a: Zoroark|Air Balloon
|faint|p1a: Zoroark
|
|upkeep
|
|t:|1769350188
|switch|p1a: Rotom|Rotom-Wash|88/100
|-damage|p1a: Rotom|76/100|[from] Stealth Rock
|turn|9
|
|t:|1769350193
|move|p2a: Magcargo|Power Gem|p1a: Rotom
|-damage|p1a: Rotom|0 fnt
|faint|p1a: Rotom
|
|upkeep
|
|t:|1769350197
|switch|p1a: Ceruledge|Ceruledge, M, shiny|100/100
|-damage|p1a: Ceruledge|76/100|[from] Stealth Rock
|turn|10
|
|t:|1769350201
|move|p1a: Ceruledge|Shadow Sneak|p2a: Magcargo
|-damage|p2a: Magcargo|0 fnt
|faint|p2a: Magcargo
|-damage|p1a: Ceruledge|66/100|[from] item: Life Orb
|
|upkeep
|
|t:|1769350209
|switch|p2a: Klawf|Klawf, F|100/100
|turn|11
|
|t:|1769350214
|move|p1a: Ceruledge|Bitter Blade|p2a: Klawf
|-resisted|p2a: Klawf
|-damage|p2a: Klawf|73/100
|-heal|p1a: Ceruledge|82/100|[from] drain|[of] p2a: Klawf
|-damage|p1a: Ceruledge|72/100|[from] item: Life Orb
|move|p2a: Klawf|High Horsepower|p1a: Ceruledge
|-supereffective|p1a: Ceruledge
|-damage|p1a: Ceruledge|0 fnt
|faint|p1a: Ceruledge
|
|upkeep
|
|t:|1769350226
|switch|p1a: Meowscarada|Meowscarada, F|100/100
|turn|12
|
|t:|1769350236
|move|p1a: Meowscarada|Triple Axel|p2a: Klawf
|-start|p1a: Meowscarada|typechange|Ice|[from] ability: Protean
|-damage|p2a: Klawf|64/100
|-damage|p2a: Klawf|48/100
|-damage|p2a: Klawf|23/100
|-hitcount|p2a: Klawf|3
|-ability|p2a: Klawf|Anger Shell|boost
|-boost|p2a: Klawf|atk|1
|-boost|p2a: Klawf|spa|1
|-boost|p2a: Klawf|spe|1
|-unboost|p2a: Klawf|def|1
|-unboost|p2a: Klawf|spd|1
|move|p2a: Klawf|Brick Break|p1a: Meowscarada
|-supereffective|p1a: Meowscarada
|-damage|p1a: Meowscarada|0 fnt
|faint|p1a: Meowscarada
|
|upkeep
|
|t:|1769350250
|switch|p1a: Dragapult|Dragapult, M|100/100
|-damage|p1a: Dragapult|88/100|[from] Stealth Rock
|turn|13
|
|t:|1769350263
|move|p1a: Dragapult|Shadow Ball|p2a: Klawf
|-damage|p2a: Klawf|0 fnt
|faint|p2a: Klawf
|
|upkeep
|
|t:|1769350266
|switch|p2a: Tyranitar|Tyranitar, F|100/100
|-weather|Sandstorm|[from] ability: Sand Stream|[of] p2a: Tyranitar
|turn|14
|
|t:|1769350272
|move|p1a: Dragapult|Shadow Ball|p2a: Tyranitar
|-resisted|p2a: Tyranitar
|-damage|p2a: Tyranitar|86/100
|-unboost|p2a: Tyranitar|spd|1
|move|p2a: Tyranitar|Rock Slide|p1a: Dragapult|[miss]
|-miss|p2a: Tyranitar|p1a: Dragapult
|
|-weather|Sandstorm|[upkeep]
|-damage|p1a: Dragapult|82/100|[from] Sandstorm
|upkeep
|turn|15
|
|t:|1769350277
|move|p1a: Dragapult|Shadow Ball|p2a: Tyranitar
|-resisted|p2a: Tyranitar
|-damage|p2a: Tyranitar|64/100
|move|p2a: Tyranitar|Rock Slide|p1a: Dragapult
|-damage|p1a: Dragapult|0 fnt
|faint|p1a: Dragapult
|
|win|boyhood99
|raw|MMIICCAA's rating: 1076 &rarr; <strong>1054</strong><br />(-22 for losing)
|raw|boyhood99's rating: 1069 &rarr; <strong>1099</strong><br />(+30 for winning)
|l|☆MMIICCAA
|player|p1|
|l|☆boyhood99
|player|p2|
