|j|☆shnorkalface
|j|☆maneki uwu
|t:|1769413756
|gametype|singles
|player|p1|shnorkalface|101|1146
|player|p2|maneki uwu|serena-masters2|1198
|gen|9
|tier|[Gen 9] OU
|rated|
|rule|HP Percentage Mod: HP is shown in percentages
|rule|Endless Battle Clause: Forcing endless battles is banned
|rule|Species Clause: Limit one of each Pokémon
|rule|OHKO Clause: OHKO moves are banned
|rule|Evasion Items Clause: Evasion items are banned
|rule|Evasion Moves Clause: Evasion moves are banned
|rule|Evasion Abilities Clause: Evasion abilities are banned
|rule|Sleep Moves Clause: Sleep-inducing moves are banned
|clearpoke
|poke|p1|Great Tusk|
|poke|p1|Greninja-*, M|
|poke|p1|Kingambit, M|
|poke|p1|Electrode-Hisui|
|poke|p1|Abomasnow, F|
|poke|p1|Azumarill, F|
|poke|p2|Serperior, M|
|poke|p2|Sylveon, F|
|poke|p2|Gliscor, M|
|poke|p2|Bisharp, F|
|poke|p2|Espeon, F|
|poke|p2|Ditto|
|teampreview
|
|t:|1769413770
|teamsize|p1|6
|teamsize|p2|6
|start
|switch|p1a: Abomasnow|Abomasnow, F|100/100
|switch|p2a: QI DE 143|Espeon, F|100/100
|-weather|Snowscape|[from] ability: Snow Warning|[of] p1a: Abomasnow
|turn|1
|
|t:|1769413780
|move|p2a: QI DE 143|Reflect|p2a: QI DE 143
|-sidestart|p2: maneki uwu|Reflect
|move|p1a: Abomasnow|Aurora Veil|p1a: Abomasnow
|-sidestart|p1: shnorkalface|move: Aurora Veil
|
|-weather|Snowscape|[upkeep]
|upkeep
|turn|2
|
|t:|1769413788
|move|p2a: QI DE 143|Light Screen|p2a: QI DE 143
|-sidestart|p2: maneki uwu|move: Light Screen
|move|p1a: Abomasnow|Blizzard|p2a: QI DE 143
|-damage|p2a: QI DE 143|78/100
|-status|p2a: QI DE 143|frz
|
|-weather|Snowscape|[upkeep]
|upkeep
|turn|3
|
|t:|1769413798
|cant|p2a: QI DE 143|frz
|move|p1a: Abomasnow|Blizzard|p2a: QI DE 143
|-damage|p2a: QI DE 143|56/100 frz
|
|-weather|Snowscape|[upkeep]
|upkeep
|turn|4
|
|t:|1769413805
|cant|p2a: QI DE 143|frz
|move|p1a: Abomasnow|Blizzard|p2a: QI DE 143
|-damage|p2a: QI DE 143|34/100 frz
|
|-weather|Snowscape|[upkeep]
|upkeep
|turn|5
|
|t:|1769413813
|cant|p2a: QI DE 143|frz
|move|p1a: Abomasnow|Blizzard|p2a: QI DE 143
|-damage|p2a: QI DE 143|13/100 frz
|
|-weather|none
|upkeep
|turn|6
|
|t:|1769413821
|cant|p2a: QI DE 143|frz
|move|p1a: Abomasnow|Earth Power|p2a: QI DE 143
|-damage|p2a: QI DE 143|2/100 frz
|
|upkeep
|turn|7
|
|t:|1769413828
|move|p1a: Abomasnow|Ice Shard|p2a: QI DE 143
|-damage|p2a: QI DE 143|0 fnt
|faint|p2a: QI DE 143
|
|upkeep
|
|t:|1769413837
|switch|p2a: Cobrassassin|Serperior, M|100/100
|turn|8
|
|t:|1769413846
|switch|p1a: Electrode|Electrode-Hisui|100/100
|-terastallize|p2a: Cobrassassin|Fire
|move|p2a: Cobrassassin|Leaf Storm|p1a: Electrode
|-resisted|p1a: Electrode
|-damage|p1a: Electrode|82/100
|-boost|p2a: Cobrassassin|spa|2
|
|-sideend|p2: maneki uwu|Reflect
|-sideend|p1: shnorkalface|move: Aurora Veil
|upkeep
|turn|9
|
|t:|1769413868
|move|p1a: Electrode|Volt Switch|p2a: Cobrassassin
|-damage|p2a: Cobrassassin|84/100
|
|t:|1769413872
|switch|p1a: Abomasnow|Abomasnow, F|100/100|[from] Volt Switch
|-weather|Snowscape|[from] ability: Snow Warning|[of] p1a: Abomasnow
|move|p2a: Cobrassassin|Tera Blast|p1a: Abomasnow|[anim] Tera Blast Fire
|-supereffective|p1a: Abomasnow
|-damage|p1a: Abomasnow|0 fnt
|faint|p1a: Abomasnow
|
|-weather|Snowscape|[upkeep]
|-heal|p2a: Cobrassassin|90/100|[from] item: Leftovers
|-sideend|p2: maneki uwu|move: Light Screen
|upkeep
|
|t:|1769413895
|switch|p1a: Greninja|Greninja, M|100/100
|turn|10
|
|t:|1769413905
|-terastallize|p1a: Greninja|Water
|move|p1a: Greninja|Surf|p2a: Cobrassassin
|-supereffective|p2a: Cobrassassin
|-damage|p2a: Cobrassassin|0 fnt
|faint|p2a: Cobrassassin
|-ability|p1a: Greninja|Battle Bond|boost
|-boost|p1a: Greninja|atk|1
|-boost|p1a: Greninja|spa|1
|-boost|p1a: Greninja|spe|1
|-activate|p1a: Greninja|ability: Battle Bond
|-damage|p1a: Greninja|91/100|[from] item: Life Orb
|
|-weather|Snowscape|[upkeep]
|upkeep
|
|t:|1769413912
|switch|p2a: Envy|Ditto|100/100
|-transform|p2a: Envy|p1a: Greninja|[from] ability: Imposter
|-start|p2a: Envy|typechange|Water/Dark|[silent]
|turn|11
|
|t:|1769413932
|switch|p1a: Azumarill|Azumarill, F|100/100
|move|p2a: Envy|Surf|p1a: Azumarill
|-resisted|p1a: Azumarill
|-damage|p1a: Azumarill|85/100
|
|-weather|Snowscape|[upkeep]
|upkeep
|turn|12
|
|t:|1769413951
|switch|p2a: soleil levant|Bisharp, F|100/100
|move|p1a: Azumarill|Play Rough|p2a: soleil levant
|-damage|p2a: soleil levant|65/100
|
|-weather|Snowscape|[upkeep]
|upkeep
|turn|13
|
|t:|1769414005
|switch|p1a: Great Tusk|Great Tusk|100/100
|-enditem|p1a: Great Tusk|Booster Energy
|-activate|p1a: Great Tusk|ability: Protosynthesis|[fromitem]
|-start|p1a: Great Tusk|protosynthesisspe
|move|p2a: soleil levant|Swords Dance|p2a: soleil levant
|-boost|p2a: soleil levant|atk|2
|
|-weather|none
|upkeep
|turn|14
|
|t:|1769414017
|move|p2a: soleil levant|Sucker Punch|p1a: Great Tusk
|-resisted|p1a: Great Tusk
|-damage|p1a: Great Tusk|74/100
|move|p1a: Great Tusk|Headlong Rush|p2a: soleil levant
|-supereffective|p2a: soleil levant
|-damage|p2a: soleil levant|0 fnt
|-unboost|p1a: Great Tusk|def|1
|-unboost|p1a: Great Tusk|spd|1
|faint|p2a: soleil levant
|
|upkeep
|
|t:|1769414024
|switch|p2a: Maneki|Sylveon, F, shiny|100/100
|turn|15
|
|t:|1769414036
|-end|p1a: Great Tusk|Protosynthesis|[silent]
|switch|p1a: Electrode|Electrode-Hisui|82/100
|move|p2a: Maneki|Calm Mind|p2a: Maneki
|-boost|p2a: Maneki|spa|1
|-boost|p2a: Maneki|spd|1
|
|upkeep
|turn|16
|
|t:|1769414046
|move|p1a: Electrode|Leech Seed|p2a: Maneki
|-start|p2a: Maneki|move: Leech Seed
|move|p2a: Maneki|Calm Mind|p2a: Maneki
|-boost|p2a: Maneki|spa|1
|-boost|p2a: Maneki|spd|1
|
|-damage|p2a: Maneki|88/100|[from] Leech Seed|[of] p1a: Electrode
|-heal|p1a: Electrode|100/100|[silent]
|upkeep
|turn|17
|
|t:|1769414056
|move|p1a: Electrode|Volt Switch|p2a: Maneki
|-damage|p2a: Maneki|79/100
|
|t:|1769414062
|switch|p1a: Azumarill|Azumarill, F|85/100|[from] Volt Switch
|move|p2a: Maneki|Calm Mind|p2a: Maneki
|-boost|p2a: Maneki|spa|1
|-boost|p2a: Maneki|spd|1
|
|-heal|p2a: Maneki|85/100|[from] item: Leftovers
|-damage|p2a: Maneki|73/100|[from] Leech Seed|[of] p1a: Azumarill
|-heal|p1a: Azumarill|97/100|[silent]
|upkeep
|turn|18
|
|t:|1769414073
|move|p2a: Maneki|Hyper Voice|p1a: Azumarill
|-damage|p1a: Azumarill|45/100
|move|p1a: Azumarill|Knock Off|p2a: Maneki
|-resisted|p2a: Maneki
|-damage|p2a: Maneki|58/100
|-enditem|p2a: Maneki|Leftovers|[from] move: Knock Off|[of] p1a: Azumarill
|
|-damage|p2a: Maneki|46/100|[from] Leech Seed|[of] p1a: Azumarill
|-heal|p1a: Azumarill|57/100|[silent]
|upkeep
|turn|19
|
|t:|1769414082
|move|p2a: Maneki|Wish|p2a: Maneki
|move|p1a: Azumarill|Liquidation|p2a: Maneki
|-damage|p2a: Maneki|8/100
|
|-damage|p2a: Maneki|0 fnt|[from] Leech Seed|[of] p1a: Azumarill
|-heal|p1a: Azumarill|65/100|[silent]
|faint|p2a: Maneki
|upkeep
|-message|maneki uwu forfeited.
|
|win|shnorkalface
|raw|shnorkalface's rating: 1146 &rarr; <strong>1175</strong><br />(+29 for winning)
|raw|maneki uwu's rating: 1198 &rarr; <strong>1169</strong><br />(-29 for losing)
|l|☆maneki uwu
|player|p2|
