|j|☆oblizzy
|j|☆BlueDwn
|t:|1769390232
|gametype|singles
|player|p1|oblizzy|2|1446
|player|p2|BlueDwn|266|1495
|gen|9
|tier|[Gen 9] OU
|rated|
|rule|HP Percentage Mod: HP is shown in percentages
|rule|Endless Battle Clause: Forcing endless battles is banned
|rule|Species Clause: Limit one of each Pokémon
|rule|OHKO Clause: OHKO moves are banned
|rule|Evasion Items Clause: Evasion items are banned
|rule|Evasion Moves Clause: Evasion moves are banned
|rule|Evasion Abilities Clause: Evasion abilities are banned
|rule|Sleep Moves Clause: Sleep-inducing moves are banned
|clearpoke
|poke|p1|Zapdos-Galar|
|poke|p1|Ogerpon-Wellspring, F|
|poke|p1|Gliscor, M|
|poke|p1|Hatterene, F|
|poke|p1|Meowscarada, F|
|poke|p1|Iron Treads|
|poke|p2|Darkrai|
|poke|p2|Metagross|
|poke|p2|Garchomp, M|
|poke|p2|Clefable, F|
|poke|p2|Zapdos|
|poke|p2|Zamazenta-*|
|teampreview
|
|t:|1769390235
|teamsize|p1|6
|teamsize|p2|6
|start
|switch|p1a: Meowscarada|Meowscarada, F|100/100
|switch|p2a: Metagross|Metagross, shiny|100/100
|turn|1
|
|t:|1769390248
|move|p1a: Meowscarada|Knock Off|p2a: Metagross
|-start|p1a: Meowscarada|typechange|Dark|[from] ability: Protean
|-supereffective|p2a: Metagross
|-damage|p2a: Metagross|29/100
|-enditem|p2a: Metagross|Choice Band|[from] move: Knock Off|[of] p1a: Meowscarada
|move|p2a: Metagross|Heavy Slam|p1a: Meowscarada
|-damage|p1a: Meowscarada|0 fnt
|faint|p1a: Meowscarada
|
|upkeep
|
|t:|1769390258
|switch|p1a: Zapdos|Zapdos-Galar|100/100
|turn|2
|
|t:|1769390264
|move|p1a: Zapdos|Knock Off|p2a: Metagross
|-supereffective|p2a: Metagross
|-damage|p2a: Metagross|0 fnt
|faint|p2a: Metagross
|
|upkeep
|
|t:|1769390275
|switch|p2a: Garchomp|Garchomp, M|100/100
|turn|3
|
|t:|1769390281
|switch|p1a: Hatterene|Hatterene, F, shiny|100/100
|move|p2a: Garchomp|Swords Dance|p2a: Garchomp
|-boost|p2a: Garchomp|atk|2
|
|upkeep
|turn|4
|
|t:|1769390295
|move|p2a: Garchomp|Earthquake|p1a: Hatterene
|-damage|p1a: Hatterene|14/100
|move|p1a: Hatterene|Pain Split|p2a: Garchomp
|-sethp|p2a: Garchomp|56/100|[from] move: Pain Split|[silent]
|-sethp|p1a: Hatterene|63/100|[from] move: Pain Split
|
|upkeep
|turn|5
|
|t:|1769390304
|switch|p1a: Zapdos|Zapdos-Galar|100/100
|move|p2a: Garchomp|Earthquake|p1a: Zapdos
|-immune|p1a: Zapdos
|
|upkeep
|turn|6
|
|t:|1769390312
|move|p2a: Garchomp|Stone Edge|p1a: Zapdos
|-damage|p1a: Zapdos|21/100
|move|p1a: Zapdos|Brave Bird|p2a: Garchomp
|-damage|p2a: Garchomp|0 fnt
|-damage|p1a: Zapdos|9/100|[from] ability: Rough Skin|[of] p2a: Garchomp
|faint|p2a: Garchomp
|-damage|p1a: Zapdos|0 fnt|[from] Recoil
|faint|p1a: Zapdos
|
|upkeep
|
|t:|1769390322
|switch|p2a: Darkrai|Darkrai|100/100
|switch|p1a: Gliscor|Gliscor, M|100/100
|turn|7
|
|t:|1769390325
|move|p1a: Gliscor|Protect|p1a: Gliscor
|-singleturn|p1a: Gliscor|Protect
|move|p2a: Darkrai|Ice Beam|p1a: Gliscor
|-activate|p1a: Gliscor|move: Protect
|
|-status|p1a: Gliscor|tox|[from] item: Toxic Orb
|upkeep
|turn|8
|
|t:|1769390329
|switch|p1a: Iron Treads|Iron Treads|100/100
|move|p2a: Darkrai|Ice Beam|p1a: Iron Treads
|-damage|p1a: Iron Treads|76/100
|-damage|p2a: Darkrai|91/100|[from] item: Life Orb
|
|upkeep
|turn|9
|
|t:|1769390338
|move|p2a: Darkrai|Nasty Plot|p2a: Darkrai
|-boost|p2a: Darkrai|spa|2
|move|p1a: Iron Treads|Volt Switch|p2a: Darkrai
|-damage|p2a: Darkrai|75/100
|
|t:|1769390347
|-end|p1a: Iron Treads|Quark Drive|[silent]
|switch|p1a: Ogerpon|Ogerpon-Wellspring, F|100/100|[from] Volt Switch
|
|upkeep
|turn|10
|
|t:|1769390352
|-terastallize|p1a: Ogerpon|Water
|detailschange|p1a: Ogerpon|Ogerpon-Wellspring-Tera, F, tera:Water
|-ability|p1a: Ogerpon|Embody Aspect (Wellspring)|boost
|-boost|p1a: Ogerpon|spd|1
|move|p2a: Darkrai|Dark Pulse|p1a: Ogerpon
|-crit|p1a: Ogerpon
|-damage|p1a: Ogerpon|0 fnt
|faint|p1a: Ogerpon
|detailschange|p1: Ogerpon|Ogerpon-Wellspring, F|[silent]
|-damage|p2a: Darkrai|65/100|[from] item: Life Orb
|
|upkeep
|
|t:|1769390360
|switch|p1a: Iron Treads|Iron Treads|76/100
|turn|11
|
|t:|1769390363
|move|p2a: Darkrai|Dark Pulse|p1a: Iron Treads
|-damage|p1a: Iron Treads|12/100
|-damage|p2a: Darkrai|55/100|[from] item: Life Orb
|move|p1a: Iron Treads|Steel Beam|p2a: Darkrai
|-damage|p2a: Darkrai|3/100
|-damage|p1a: Iron Treads|0 fnt|[from] steelbeam
|faint|p1a: Iron Treads
|-end|p1a: Iron Treads|Quark Drive|[silent]
|
|upkeep
|
|t:|1769390369
|switch|p1a: Hatterene|Hatterene, F, shiny|63/100
|turn|12
|
|t:|1769390373
|move|p2a: Darkrai|Sludge Bomb|p1a: Hatterene
|-supereffective|p1a: Hatterene
|-damage|p1a: Hatterene|0 fnt
|faint|p1a: Hatterene
|-damage|p2a: Darkrai|0 fnt|[from] item: Life Orb
|faint|p2a: Darkrai
|
|upkeep
|
|t:|1769390384
|switch|p2a: Clefable|Clefable, F|100/100
|switch|p1a: Gliscor|Gliscor, M|100/100 tox
|turn|13
|
|t:|1769390391
|move|p1a: Gliscor|Toxic|p2a: Clefable
|-status|p2a: Clefable|tox
|move|p2a: Clefable|Calm Mind|p2a: Clefable
|-boost|p2a: Clefable|spa|1
|-boost|p2a: Clefable|spd|1
|
|-damage|p2a: Clefable|94/100 tox|[from] psn
|upkeep
|turn|14
|
|t:|1769390399
|move|p1a: Gliscor|Earthquake|p2a: Clefable
|-damage|p2a: Clefable|70/100 tox
|move|p2a: Clefable|Calm Mind|p2a: Clefable
|-boost|p2a: Clefable|spa|1
|-boost|p2a: Clefable|spd|1
|
|-heal|p2a: Clefable|76/100 tox|[from] item: Leftovers
|-damage|p2a: Clefable|64/100 tox|[from] psn
|upkeep
|turn|15
|
|t:|1769390403
|move|p1a: Gliscor|Earthquake|p2a: Clefable
|-damage|p2a: Clefable|37/100 tox
|move|p2a: Clefable|Moonblast|p1a: Gliscor
|-damage|p1a: Gliscor|40/100 tox
|
|-heal|p2a: Clefable|43/100 tox|[from] item: Leftovers
|-heal|p1a: Gliscor|52/100 tox|[from] ability: Poison Heal
|-damage|p2a: Clefable|24/100 tox|[from] psn
|upkeep
|turn|16
|
|t:|1769390409
|move|p1a: Gliscor|Earthquake|p2a: Clefable
|-damage|p2a: Clefable|0 fnt
|faint|p2a: Clefable
|
|-heal|p1a: Gliscor|65/100 tox|[from] ability: Poison Heal
|upkeep
|
|t:|1769390411
|switch|p2a: Zapdos|Zapdos|100/100
|-ability|p2a: Zapdos|Pressure
|turn|17
|
|t:|1769390415
|move|p1a: Gliscor|Protect|p1a: Gliscor
|-singleturn|p1a: Gliscor|Protect
|move|p2a: Zapdos|Hurricane|p1a: Gliscor
|-activate|p1a: Gliscor|move: Protect
|
|-heal|p1a: Gliscor|77/100 tox|[from] ability: Poison Heal
|upkeep
|turn|18
|
|t:|1769390418
|move|p2a: Zapdos|Hurricane|p1a: Gliscor|[miss]
|-miss|p2a: Zapdos|p1a: Gliscor
|move|p1a: Gliscor|Toxic|p2a: Zapdos
|-status|p2a: Zapdos|tox
|
|-damage|p2a: Zapdos|94/100 tox|[from] psn
|-heal|p1a: Gliscor|90/100 tox|[from] ability: Poison Heal
|upkeep
|turn|19
|
|t:|1769390420
|move|p1a: Gliscor|Protect|p1a: Gliscor
|-singleturn|p1a: Gliscor|Protect
|move|p2a: Zapdos|Hurricane|p1a: Gliscor
|-activate|p1a: Gliscor|move: Protect
|
|-damage|p2a: Zapdos|82/100 tox|[from] psn
|-heal|p1a: Gliscor|100/100 tox|[from] ability: Poison Heal
|upkeep
|turn|20
|
|t:|1769390423
|move|p2a: Zapdos|Hurricane|p1a: Gliscor
|-damage|p1a: Gliscor|46/100 tox
|move|p1a: Gliscor|Stealth Rock|p2a: Zapdos
|-sidestart|p2: BlueDwn|move: Stealth Rock
|
|-damage|p2a: Zapdos|64/100 tox|[from] psn
|-heal|p1a: Gliscor|58/100 tox|[from] ability: Poison Heal
|upkeep
|turn|21
|
|t:|1769390427
|move|p1a: Gliscor|Protect|p1a: Gliscor
|-singleturn|p1a: Gliscor|Protect
|move|p2a: Zapdos|Hurricane|p1a: Gliscor
|-activate|p1a: Gliscor|move: Protect
|
|-damage|p2a: Zapdos|40/100 tox|[from] psn
|-heal|p1a: Gliscor|71/100 tox|[from] ability: Poison Heal
|upkeep
|turn|22
|
|t:|1769390430
|move|p1a: Gliscor|Protect||[still]
|-fail|p1a: Gliscor
|move|p2a: Zapdos|Hurricane|p1a: Gliscor|[miss]
|-miss|p2a: Zapdos|p1a: Gliscor
|
|-damage|p2a: Zapdos|10/100 tox|[from] psn
|-heal|p1a: Gliscor|83/100 tox|[from] ability: Poison Heal
|upkeep
|turn|23
|
|t:|1769390434
|move|p1a: Gliscor|Protect|p1a: Gliscor
|-singleturn|p1a: Gliscor|Protect
|move|p2a: Zapdos|Hurricane|p1a: Gliscor
|-activate|p1a: Gliscor|move: Protect
|
|-damage|p2a: Zapdos|0 fnt|[from] psn
|faint|p2a: Zapdos
|-heal|p1a: Gliscor|96/100 tox|[from] ability: Poison Heal
|upkeep
|
|t:|1769390437
|switch|p2a: Zamazenta|Zamazenta|100/100
|-damage|p2a: Zamazenta|94/100|[from] Stealth Rock
|-ability|p2a: Zamazenta|Dauntless Shield|boost
|-boost|p2a: Zamazenta|def|1
|turn|24
|
|t:|1769390445
|move|p2a: Zamazenta|Iron Defense|p2a: Zamazenta
|-boost|p2a: Zamazenta|def|2
|move|p1a: Gliscor|Toxic|p2a: Zamazenta
|-status|p2a: Zamazenta|tox
|
|-heal|p2a: Zamazenta|100/100 tox|[from] item: Leftovers
|-damage|p2a: Zamazenta|94/100 tox|[from] psn
|-heal|p1a: Gliscor|100/100 tox|[from] ability: Poison Heal
|upkeep
|turn|25
|
|t:|1769390448
|move|p2a: Zamazenta|Iron Defense|p2a: Zamazenta
|-boost|p2a: Zamazenta|def|2
|move|p1a: Gliscor|Earthquake|p2a: Zamazenta
|-crit|p2a: Zamazenta
|-damage|p2a: Zamazenta|59/100 tox
|
|-heal|p2a: Zamazenta|65/100 tox|[from] item: Leftovers
|-damage|p2a: Zamazenta|53/100 tox|[from] psn
|upkeep
|turn|26
|
|t:|1769390457
|move|p2a: Zamazenta|Body Press|p1a: Gliscor
|-resisted|p1a: Gliscor
|-damage|p1a: Gliscor|58/100 tox
|move|p1a: Gliscor|Earthquake|p2a: Zamazenta
|-crit|p2a: Zamazenta
|-damage|p2a: Zamazenta|19/100 tox
|
|-heal|p2a: Zamazenta|25/100 tox|[from] item: Leftovers
|-damage|p2a: Zamazenta|7/100 tox|[from] psn
|-heal|p1a: Gliscor|71/100 tox|[from] ability: Poison Heal
|upkeep
|turn|27
|c|☆oblizzy|gg
|
|t:|1769390463
|-terastallize|p2a: Zamazenta|Dark
|move|p1a: Gliscor|Protect|p1a: Gliscor
|-singleturn|p1a: Gliscor|Protect
|move|p2a: Zamazenta|Crunch|p1a: Gliscor
|-activate|p1a: Gliscor|move: Protect
|
|-heal|p2a: Zamazenta|13/100 tox|[from] item: Leftovers
|-damage|p2a: Zamazenta|0 fnt|[from] psn
|faint|p2a: Zamazenta
|
|win|oblizzy
|raw|oblizzy's rating: 1446 &rarr; <strong>1469</strong><br />(+23 for winning)
|raw|BlueDwn's rating: 1495 &rarr; <strong>1472</strong><br />(-23 for losing)
|l|☆BlueDwn
|player|p2|
