|j|☆jsxlllll
|j|‽a3720
|t:|1769416097
|gametype|singles
|player|p1|jsxlllll|170|1582
|player|p2|a3720|1|1628
|gen|9
|tier|[Gen 9] OU
|rated|
|rule|HP Percentage Mod: HP is shown in percentages
|rule|Endless Battle Clause: Forcing endless battles is banned
|rule|Species Clause: Limit one of each Pokémon
|rule|OHKO Clause: OHKO moves are banned
|rule|Evasion Items Clause: Evasion items are banned
|rule|Evasion Moves Clause: Evasion moves are banned
|rule|Evasion Abilities Clause: Evasion abilities are banned
|rule|Sleep Moves Clause: Sleep-inducing moves are banned
|clearpoke
|poke|p1|Sandy Shocks|
|poke|p1|Scizor, F|
|poke|p1|Manaphy|
|poke|p1|Latios, M|
|poke|p1|Ogerpon, F|
|poke|p1|Iron Jugulis|
|poke|p2|Zoroark-Hisui, F|
|poke|p2|Dragapult, M|
|poke|p2|Slowking-Galar, F|
|poke|p2|Primarina, F|
|poke|p2|Cinderace, F|
|poke|p2|Gliscor, F|
|teampreview
|inactive|Battle timer is ON: inactive players will automatically lose when time's up. (requested by jsxlllll)
|inactive|a3720 has 120 seconds left.
|
|t:|1769416161
|teamsize|p1|6
|teamsize|p2|6
|start
|switch|p1a: Sandy Shocks|Sandy Shocks|100/100
|switch|p2a: Gliscor|Gliscor, F|100/100
|-enditem|p1a: Sandy Shocks|Booster Energy
|-activate|p1a: Sandy Shocks|ability: Protosynthesis|[fromitem]
|-start|p1a: Sandy Shocks|protosynthesisspe
|turn|1
|
|t:|1769416173
|move|p1a: Sandy Shocks|Stealth Rock|p2a: Gliscor
|-sidestart|p2: a3720|move: Stealth Rock
|move|p2a: Gliscor|Earthquake|p1a: Sandy Shocks
|-supereffective|p1a: Sandy Shocks
|-damage|p1a: Sandy Shocks|31/100
|
|-status|p2a: Gliscor|tox|[from] item: Toxic Orb
|upkeep
|turn|2
|
|t:|1769416189
|move|p1a: Sandy Shocks|Spikes|p2a: Gliscor
|-sidestart|p2: a3720|Spikes
|move|p2a: Gliscor|Facade|p1a: Sandy Shocks
|-damage|p1a: Sandy Shocks|0 fnt
|faint|p1a: Sandy Shocks
|-end|p1a: Sandy Shocks|Protosynthesis|[silent]
|
|upkeep
|
|t:|1769416196
|switch|p1a: Scizor|Scizor, F|100/100
|turn|3
|
|t:|1769416202
|move|p2a: Gliscor|Swords Dance|p2a: Gliscor
|-boost|p2a: Gliscor|atk|2
|move|p1a: Scizor|Swords Dance|p1a: Scizor
|-boost|p1a: Scizor|atk|2
|
|upkeep
|turn|4
|
|t:|1769416212
|move|p2a: Gliscor|Earthquake|p1a: Scizor
|-damage|p1a: Scizor|38/100
|-enditem|p1a: Scizor|Sitrus Berry|[eat]
|-heal|p1a: Scizor|62/100|[from] item: Sitrus Berry
|move|p1a: Scizor|Knock Off|p2a: Gliscor
|-damage|p2a: Gliscor|47/100 tox
|-enditem|p2a: Gliscor|Toxic Orb|[from] move: Knock Off|[of] p1a: Scizor
|
|-heal|p2a: Gliscor|60/100 tox|[from] ability: Poison Heal
|upkeep
|turn|5
|
|t:|1769416225
|move|p2a: Gliscor|Protect|p2a: Gliscor
|-singleturn|p2a: Gliscor|Protect
|move|p1a: Scizor|Bullet Punch|p2a: Gliscor
|-activate|p2a: Gliscor|move: Protect
|
|-heal|p2a: Gliscor|72/100 tox|[from] ability: Poison Heal
|upkeep
|turn|6
|
|t:|1769416231
|move|p2a: Gliscor|Earthquake|p1a: Scizor
|-damage|p1a: Scizor|0 fnt
|faint|p1a: Scizor
|
|-heal|p2a: Gliscor|85/100 tox|[from] ability: Poison Heal
|upkeep
|
|t:|1769416237
|switch|p1a: Manaphy|Manaphy|100/100
|turn|7
|
|t:|1769416266
|-terastallize|p2a: Gliscor|Normal
|move|p1a: Manaphy|Tail Glow|p1a: Manaphy
|-boost|p1a: Manaphy|spa|3
|move|p2a: Gliscor|Facade|p1a: Manaphy
|-damage|p1a: Manaphy|12/100
|-enditem|p1a: Manaphy|Sitrus Berry|[eat]
|-heal|p1a: Manaphy|36/100|[from] item: Sitrus Berry
|
|-heal|p2a: Gliscor|97/100 tox|[from] ability: Poison Heal
|upkeep
|turn|8
|
|t:|1769416272
|move|p1a: Manaphy|Surf|p2a: Gliscor
|-damage|p2a: Gliscor|11/100 tox
|move|p2a: Gliscor|Facade|p1a: Manaphy
|-damage|p1a: Manaphy|0 fnt
|faint|p1a: Manaphy
|
|-heal|p2a: Gliscor|23/100 tox|[from] ability: Poison Heal
|upkeep
|
|t:|1769416285
|switch|p1a: Ogerpon|Ogerpon, F|100/100
|turn|9
|
|t:|1769416297
|move|p1a: Ogerpon|Ivy Cudgel|p2a: Gliscor
|-damage|p2a: Gliscor|0 fnt
|faint|p2a: Gliscor
|
|upkeep
|
|t:|1769416304
|switch|p2a: Cinderace|Cinderace, F|100/100
|turn|10
|
|t:|1769416310
|switch|p1a: Latios|Latios, M|100/100
|move|p2a: Cinderace|Court Change|p2a: Cinderace
|-start|p2a: Cinderace|typechange|Normal|[from] ability: Libero
|-swapsideconditions
|-activate|p2a: Cinderace|move: Court Change
|
|upkeep
|turn|11
|
|t:|1769416315
|move|p2a: Cinderace|U-turn|p1a: Latios
|-supereffective|p1a: Latios
|-damage|p1a: Latios|58/100
|-enditem|p1a: Latios|Weakness Policy
|-boost|p1a: Latios|atk|2|[from] item: Weakness Policy
|-boost|p1a: Latios|spa|2|[from] item: Weakness Policy
|
|t:|1769416337
|switch|p2a: Dragapult|Dragapult, M|100/100|[from] U-turn
|move|p1a: Latios|Agility|p1a: Latios
|-boost|p1a: Latios|spe|2
|
|upkeep
|turn|12
|
|t:|1769416354
|move|p1a: Latios|Stored Power|p2a: Dragapult
|-damage|p2a: Dragapult|0 fnt
|faint|p2a: Dragapult
|
|upkeep
|
|t:|1769416357
|switch|p2a: Cinderace|Cinderace, F|100/100
|turn|13
|
|t:|1769416363
|-terastallize|p1a: Latios|Fighting
|move|p2a: Cinderace|Shadow Sneak|p1a: Latios
|-damage|p1a: Latios|34/100
|move|p1a: Latios|Stored Power|p2a: Cinderace
|-damage|p2a: Cinderace|0 fnt
|replace|p2a: Zoroark|Zoroark-Hisui, F
|-end|p2a: Zoroark|Illusion
|faint|p2a: Zoroark
|
|upkeep
|
|t:|1769416383
|switch|p2a: Primarina|Primarina, F|100/100
|turn|14
|
|t:|1769416392
|move|p1a: Latios|Stored Power|p2a: Primarina
|-damage|p2a: Primarina|19/100
|move|p2a: Primarina|Moonblast|p1a: Latios
|-supereffective|p1a: Latios
|-damage|p1a: Latios|0 fnt
|faint|p1a: Latios
|
|upkeep
|
|t:|1769416406
|switch|p1a: Ogerpon|Ogerpon, F|100/100
|-damage|p1a: Ogerpon|88/100|[from] Stealth Rock
|-damage|p1a: Ogerpon|76/100|[from] Spikes
|turn|15
|j| Tbccc15
|
|t:|1769416425
|switch|p2a: Slowking|Slowking-Galar, F|100/100
|move|p1a: Ogerpon|Ivy Cudgel|p2a: Slowking
|-resisted|p2a: Slowking
|-damage|p2a: Slowking|84/100
|
|upkeep
|turn|16
|
|t:|1769416437
|move|p1a: Ogerpon|Swords Dance|p1a: Ogerpon
|-boost|p1a: Ogerpon|atk|2
|move|p2a: Slowking|Sludge Bomb|p1a: Ogerpon
|-supereffective|p1a: Ogerpon
|-damage|p1a: Ogerpon|2/100
|
|upkeep
|turn|17
|
|t:|1769416447
|move|p1a: Ogerpon|Ivy Cudgel|p2a: Slowking
|-resisted|p2a: Slowking
|-crit|p2a: Slowking
|-damage|p2a: Slowking|27/100
|move|p2a: Slowking|Sludge Bomb|p1a: Ogerpon
|-supereffective|p1a: Ogerpon
|-damage|p1a: Ogerpon|0 fnt
|faint|p1a: Ogerpon
|
|upkeep
|
|t:|1769416453
|switch|p1a: Iron Jugulis|Iron Jugulis|100/100
|-damage|p1a: Iron Jugulis|76/100|[from] Stealth Rock
|-enditem|p1a: Iron Jugulis|Booster Energy
|-activate|p1a: Iron Jugulis|ability: Quark Drive|[fromitem]
|-start|p1a: Iron Jugulis|quarkdrivespe
|turn|18
|
|t:|1769416456
|move|p1a: Iron Jugulis|Earth Power|p2a: Slowking
|-supereffective|p2a: Slowking
|-damage|p2a: Slowking|0 fnt
|faint|p2a: Slowking
|
|upkeep
|j| God-King Of Mono
|
|t:|1769416481
|switch|p2a: Cinderace|Cinderace, F|100/100
|turn|19
|
|t:|1769416484
|move|p1a: Iron Jugulis|Earth Power|p2a: Cinderace
|-supereffective|p2a: Cinderace
|-damage|p2a: Cinderace|9/100
|move|p2a: Cinderace|Pyro Ball|p1a: Iron Jugulis
|-damage|p1a: Iron Jugulis|4/100
|
|upkeep
|turn|20
|
|t:|1769416490
|move|p2a: Cinderace|Sucker Punch|p1a: Iron Jugulis
|-start|p2a: Cinderace|typechange|Dark|[from] ability: Libero
|-resisted|p1a: Iron Jugulis
|-damage|p1a: Iron Jugulis|0 fnt
|faint|p1a: Iron Jugulis
|-end|p1a: Iron Jugulis|Quark Drive|[silent]
|
|win|a3720
|raw|jsxlllll's rating: 1582 &rarr; <strong>1565</strong><br />(-17 for losing)
|raw|a3720's rating: 1628 &rarr; <strong>1645</strong><br />(+17 for winning)
|l|☆jsxlllll
|player|p1|
|l|‽a3720
|player|p2|
|l| God-King Of Mono
