|j|☆OUmonster2341
|j|☆FELIPE1000MASTER
|t:|1769339918
|gametype|singles
|player|p1|OUmonster2341|brycenman|1323
|player|p2|FELIPE1000MASTER|red|1307
|gen|9
|tier|[Gen 9] OU
|rated|
|rule|HP Percentage Mod: HP is shown in percentages
|rule|Endless Battle Clause: Forcing endless battles is banned
|rule|Species Clause: Limit one of each Pokémon
|rule|OHKO Clause: OHKO moves are banned
|rule|Evasion Items Clause: Evasion items are banned
|rule|Evasion Moves Clause: Evasion moves are banned
|rule|Evasion Abilities Clause: Evasion abilities are banned
|rule|Sleep Moves Clause: Sleep-inducing moves are banned
|clearpoke
|poke|p1|Tyranitar, F|
|poke|p1|Excadrill, F|
|poke|p1|Iron Valiant|
|poke|p1|Iron Boulder|
|poke|p1|Zapdos|
|poke|p1|Ogerpon, F|
|poke|p2|Rhyperior, M|
|poke|p2|Coalossal, M|
|poke|p2|Garganacl, M|
|poke|p2|Glimmora, M|
|poke|p2|Terrakion|
|poke|p2|Lycanroc-Dusk, M|
|teampreview
|inactive|Battle timer is ON: inactive players will automatically lose when time's up. (requested by OUmonster2341)
|
|t:|1769339942
|teamsize|p1|6
|teamsize|p2|6
|start
|switch|p1a: Zapdos|Zapdos|100/100
|switch|p2a: Rhyperior|Rhyperior, M|100/100
|turn|1
|
|t:|1769339949
|move|p1a: Zapdos|Hurricane|p2a: Rhyperior
|-resisted|p2a: Rhyperior
|-damage|p2a: Rhyperior|61/100
|-start|p2a: Rhyperior|confusion
|-activate|p2a: Rhyperior|confusion
|move|p2a: Rhyperior|Avalanche|p1a: Zapdos
|-supereffective|p1a: Zapdos
|-damage|p1a: Zapdos|0 fnt
|-status|p2a: Rhyperior|par|[from] ability: Static|[of] p1a: Zapdos
|faint|p1a: Zapdos
|
|upkeep
|
|t:|1769339959
|switch|p1a: Tyranitar|Tyranitar, F|100/100
|-weather|Sandstorm|[from] ability: Sand Stream|[of] p1a: Tyranitar
|turn|2
|
|t:|1769339965
|move|p1a: Tyranitar|Stealth Rock|p2a: Rhyperior
|-sidestart|p2: FELIPE1000MASTER|move: Stealth Rock
|-activate|p2a: Rhyperior|confusion
|move|p2a: Rhyperior|Earthquake|p1a: Tyranitar
|-supereffective|p1a: Tyranitar
|-damage|p1a: Tyranitar|0 fnt
|faint|p1a: Tyranitar
|
|-weather|Sandstorm|[upkeep]
|upkeep
|
|t:|1769339968
|switch|p1a: Excadrill|Excadrill, F, shiny|100/100
|turn|3
|
|t:|1769339976
|move|p1a: Excadrill|Earthquake|p2a: Rhyperior
|-supereffective|p2a: Rhyperior
|-damage|p2a: Rhyperior|0 fnt
|faint|p2a: Rhyperior
|
|-weather|Sandstorm|[upkeep]
|upkeep
|
|t:|1769339994
|switch|p2a: Garganacl|Garganacl, M|100/100
|-damage|p2a: Garganacl|88/100|[from] Stealth Rock
|turn|4
|
|t:|1769340000
|move|p1a: Excadrill|Substitute|p1a: Excadrill
|-start|p1a: Excadrill|Substitute
|-damage|p1a: Excadrill|76/100
|move|p2a: Garganacl|Earthquake|p1a: Excadrill
|-supereffective|p1a: Excadrill
|-end|p1a: Excadrill|Substitute
|
|-weather|Sandstorm|[upkeep]
|-heal|p1a: Excadrill|82/100|[from] item: Leftovers
|upkeep
|turn|5
|
|t:|1769340010
|move|p1a: Excadrill|Earthquake|p2a: Garganacl
|-supereffective|p2a: Garganacl
|-crit|p2a: Garganacl
|-damage|p2a: Garganacl|0 fnt
|faint|p2a: Garganacl
|
|-weather|Sandstorm|[upkeep]
|-heal|p1a: Excadrill|88/100|[from] item: Leftovers
|upkeep
|
|t:|1769340019
|switch|p2a: Terrakion|Terrakion|100/100
|-damage|p2a: Terrakion|94/100|[from] Stealth Rock
|turn|6
|
|t:|1769340025
|-terastallize|p2a: Terrakion|Fighting
|move|p1a: Excadrill|Earthquake|p2a: Terrakion
|-damage|p2a: Terrakion|31/100
|move|p2a: Terrakion|Close Combat|p1a: Excadrill
|-supereffective|p1a: Excadrill
|-crit|p1a: Excadrill
|-damage|p1a: Excadrill|0 fnt
|-unboost|p2a: Terrakion|def|1
|-unboost|p2a: Terrakion|spd|1
|faint|p1a: Excadrill
|
|-weather|Sandstorm|[upkeep]
|-damage|p2a: Terrakion|25/100|[from] Sandstorm
|upkeep
|
|t:|1769340029
|switch|p1a: Iron Boulder|Iron Boulder|100/100
|-enditem|p1a: Iron Boulder|Booster Energy
|-activate|p1a: Iron Boulder|ability: Quark Drive|[fromitem]
|-start|p1a: Iron Boulder|quarkdrivespe
|turn|7
|
|t:|1769340045
|move|p1a: Iron Boulder|Psycho Cut|p2a: Terrakion
|-supereffective|p2a: Terrakion
|-damage|p2a: Terrakion|0 fnt
|faint|p2a: Terrakion
|
|-weather|Sandstorm|[upkeep]
|upkeep
|
|t:|1769340058
|switch|p2a: Coalossal|Coalossal, M|100/100
|-damage|p2a: Coalossal|76/100|[from] Stealth Rock
|turn|8
|
|t:|1769340063
|move|p1a: Iron Boulder|Earthquake|p2a: Coalossal
|-supereffective|p2a: Coalossal
|-damage|p2a: Coalossal|0 fnt
|faint|p2a: Coalossal
|
|-weather|Sandstorm|[upkeep]
|upkeep
|-message|FELIPE1000MASTER forfeited.
|
|win|OUmonster2341
|raw|OUmonster2341's rating: 1323 &rarr; <strong>1342</strong><br />(+19 for winning)
|raw|FELIPE1000MASTER's rating: 1307 &rarr; <strong>1288</strong><br />(-19 for losing)
|l|☆FELIPE1000MASTER
|player|p2|
|l|☆OUmonster2341
|player|p1|
