|j|☆Qplazm10
|j|☆maxmoefoe pokemon
|t:|1769335705
|gametype|singles
|player|p1|Qplazm10|fisherman-gen4|1644
|player|p2|maxmoefoe pokemon|1|1619
|gen|9
|tier|[Gen 9] OU
|rated|
|rule|HP Percentage Mod: HP is shown in percentages
|rule|Endless Battle Clause: Forcing endless battles is banned
|rule|Species Clause: Limit one of each Pokémon
|rule|OHKO Clause: OHKO moves are banned
|rule|Evasion Items Clause: Evasion items are banned
|rule|Evasion Moves Clause: Evasion moves are banned
|rule|Evasion Abilities Clause: Evasion abilities are banned
|rule|Sleep Moves Clause: Sleep-inducing moves are banned
|clearpoke
|poke|p1|Hawlucha, M|
|poke|p1|Raging Bolt|
|poke|p1|Iron Leaves|
|poke|p1|Iron Treads|
|poke|p1|Iron Valiant|
|poke|p1|Pincurchin, M|
|poke|p2|Enamorus, F|
|poke|p2|Iron Moth|
|poke|p2|Landorus-Therian, M|
|poke|p2|Kingambit, F|
|poke|p2|Ogerpon-Wellspring, F|
|poke|p2|Deoxys-Speed|
|teampreview
|inactive|Battle timer is ON: inactive players will automatically lose when time's up. (requested by Qplazm10)
|j| 12723 Dong
|l| 12723 Dong
|inactive|maxmoefoe pokemon has 120 seconds left.
|
|t:|1769335762
|teamsize|p1|6
|teamsize|p2|6
|start
|switch|p1a: The Urchinator|Pincurchin, M|100/100
|switch|p2a: Deoxys|Deoxys-Speed|100/100
|-ability|p2a: Deoxys|Pressure
|-fieldstart|move: Electric Terrain|[from] ability: Electric Surge|[of] p1a: The Urchinator
|turn|1
|
|t:|1769335778
|switch|p2a: Landorus|Landorus-Therian, M|100/100
|-ability|p2a: Landorus|Intimidate|boost
|-unboost|p1a: The Urchinator|atk|1
|switch|p1a: Virizitron|Iron Leaves|100/100
|-activate|p1a: Virizitron|ability: Quark Drive
|-start|p1a: Virizitron|quarkdrivespe
|
|upkeep
|turn|2
|j| nitroLazer120
|
|t:|1769335796
|-end|p1a: Virizitron|Quark Drive|[silent]
|switch|p1a: Nacho Libre|Hawlucha, M, shiny|100/100
|-enditem|p1a: Nacho Libre|Electric Seed
|-boost|p1a: Nacho Libre|def|1|[from] item: Electric Seed
|move|p2a: Landorus|U-turn|p1a: Nacho Libre
|-resisted|p1a: Nacho Libre
|-damage|p1a: Nacho Libre|96/100
|
|t:|1769335810
|switch|p2a: Enamorus|Enamorus, F|100/100|[from] U-turn
|
|upkeep
|turn|3
|inactive|Qplazm10 has 120 seconds left.
|
|t:|1769335842
|-terastallize|p1a: Nacho Libre|Steel
|move|p1a: Nacho Libre|Swords Dance|p1a: Nacho Libre
|-boost|p1a: Nacho Libre|atk|2
|move|p2a: Enamorus|Play Rough|p1a: Nacho Libre
|-resisted|p1a: Nacho Libre
|-damage|p1a: Nacho Libre|77/100
|
|upkeep
|turn|4
|inactive|Qplazm10 has 120 seconds left.
|
|t:|1769335855
|move|p1a: Nacho Libre|Acrobatics|p2a: Enamorus
|-damage|p2a: Enamorus|0 fnt
|faint|p2a: Enamorus
|
|upkeep
|
|t:|1769335860
|switch|p2a: Landorus|Landorus-Therian, M|100/100
|-ability|p2a: Landorus|Intimidate|boost
|-unboost|p1a: Nacho Libre|atk|1
|turn|5
|
|t:|1769335866
|move|p1a: Nacho Libre|Acrobatics|p2a: Landorus
|-damage|p2a: Landorus|29/100
|-damage|p1a: Nacho Libre|60/100|[from] item: Rocky Helmet|[of] p2a: Landorus
|move|p2a: Landorus|Earth Power|p1a: Nacho Libre
|-supereffective|p1a: Nacho Libre
|-damage|p1a: Nacho Libre|0 fnt
|faint|p1a: Nacho Libre
|
|upkeep
|inactive|Qplazm10 has 120 seconds left.
|
|t:|1769335879
|switch|p1a: Virizitron|Iron Leaves|100/100
|-activate|p1a: Virizitron|ability: Quark Drive
|-start|p1a: Virizitron|quarkdrivespe
|turn|6
|
|t:|1769335887
|move|p1a: Virizitron|Psyblade|p2a: Landorus
|-damage|p2a: Landorus|0 fnt
|-damage|p1a: Virizitron|84/100|[from] item: Rocky Helmet|[of] p2a: Landorus
|faint|p2a: Landorus
|-damage|p1a: Virizitron|74/100|[from] item: Life Orb
|
|upkeep
|
|t:|1769335894
|switch|p2a: Iron Moth|Iron Moth|100/100
|-activate|p2a: Iron Moth|ability: Quark Drive
|-start|p2a: Iron Moth|quarkdrivespe
|turn|7
|
|t:|1769335906
|-end|p1a: Virizitron|Quark Drive|[silent]
|switch|p1a: Great Neck|Raging Bolt|100/100
|move|p2a: Iron Moth|Sludge Wave|p1a: Great Neck
|-damage|p1a: Great Neck|58/100
|
|-heal|p1a: Great Neck|64/100|[from] item: Leftovers
|upkeep
|turn|8
|
|t:|1769335924
|move|p2a: Iron Moth|Substitute|p2a: Iron Moth
|-start|p2a: Iron Moth|Substitute
|-damage|p2a: Iron Moth|76/100
|move|p1a: Great Neck|Rising Voltage|p2a: Iron Moth
|-hint|Rising Voltage's BP doubled on grounded target.
|-end|p2a: Iron Moth|Substitute
|
|-heal|p1a: Great Neck|71/100|[from] item: Leftovers
|-fieldend|move: Electric Terrain
|-end|p2a: Iron Moth|Quark Drive
|upkeep
|-enditem|p2a: Iron Moth|Booster Energy
|-activate|p2a: Iron Moth|ability: Quark Drive|[fromitem]
|-start|p2a: Iron Moth|quarkdrivespe
|turn|9
|
|t:|1769335941
|move|p2a: Iron Moth|Sludge Wave|p1a: Great Neck
|-damage|p1a: Great Neck|32/100
|move|p1a: Great Neck|Rising Voltage|p2a: Iron Moth
|-damage|p2a: Iron Moth|33/100
|
|-heal|p1a: Great Neck|38/100|[from] item: Leftovers
|upkeep
|turn|10
|
|t:|1769335946
|move|p2a: Iron Moth|Sludge Wave|p1a: Great Neck
|-damage|p1a: Great Neck|0 fnt
|faint|p1a: Great Neck
|-end|p1a: Great Neck|Protosynthesis|[silent]
|
|upkeep
|
|t:|1769335964
|switch|p1a: The Urchinator|Pincurchin, M|100/100
|-fieldstart|move: Electric Terrain|[from] ability: Electric Surge|[of] p1a: The Urchinator
|turn|11
|l| nitroLazer120
|
|t:|1769335993
|-end|p2a: Iron Moth|Quark Drive|[silent]
|switch|p2a: Kingambit|Kingambit, F|100/100
|-activate|p2a: Kingambit|ability: Supreme Overlord
|-start|p2a: Kingambit|fallen2|[silent]
|move|p1a: The Urchinator|Scald|p2a: Kingambit
|-damage|p2a: Kingambit|81/100
|
|upkeep
|turn|12
|
|t:|1769336007
|switch|p1a: Tronphan|Iron Treads|100/100
|-activate|p1a: Tronphan|ability: Quark Drive
|-start|p1a: Tronphan|quarkdrivespe
|move|p2a: Kingambit|Kowtow Cleave|p1a: Tronphan
|-damage|p1a: Tronphan|54/100
|
|upkeep
|turn|13
|
|t:|1769336016
|move|p1a: Tronphan|Earthquake|p2a: Kingambit
|-supereffective|p2a: Kingambit
|-damage|p2a: Kingambit|0 fnt
|faint|p2a: Kingambit
|-end|p2a: Kingambit|fallen2|[silent]
|-damage|p1a: Tronphan|44/100|[from] item: Life Orb
|
|upkeep
|
|t:|1769336019
|switch|p2a: Iron Moth|Iron Moth|33/100
|-activate|p2a: Iron Moth|ability: Quark Drive
|-start|p2a: Iron Moth|quarkdrivespe
|turn|14
|
|t:|1769336027
|move|p2a: Iron Moth|Fiery Dance|p1a: Tronphan
|-supereffective|p1a: Tronphan
|-damage|p1a: Tronphan|0 fnt
|faint|p1a: Tronphan
|-end|p1a: Tronphan|Quark Drive|[silent]
|
|upkeep
|
|t:|1769336032
|switch|p1a: Galgaraze|Iron Valiant|100/100
|-activate|p1a: Galgaraze|ability: Quark Drive
|-start|p1a: Galgaraze|quarkdrivespe
|turn|15
|
|t:|1769336041
|move|p1a: Galgaraze|Thunderbolt|p2a: Iron Moth
|-damage|p2a: Iron Moth|0 fnt
|faint|p2a: Iron Moth
|-end|p2a: Iron Moth|Quark Drive|[silent]
|
|upkeep
|
|t:|1769336057
|switch|p2a: Deoxys|Deoxys-Speed|100/100
|-ability|p2a: Deoxys|Pressure
|turn|16
|
|t:|1769336065
|-end|p1a: Galgaraze|Quark Drive|[silent]
|switch|p1a: Virizitron|Iron Leaves|74/100
|-activate|p1a: Virizitron|ability: Quark Drive
|-start|p1a: Virizitron|quarkdrivespe
|move|p2a: Deoxys|Psycho Boost|p1a: Virizitron
|-resisted|p1a: Virizitron
|-damage|p1a: Virizitron|41/100
|-unboost|p2a: Deoxys|spa|2
|-damage|p2a: Deoxys|91/100|[from] item: Life Orb
|
|upkeep
|turn|17
|
|t:|1769336083
|move|p1a: Virizitron|Swords Dance|p1a: Virizitron
|-boost|p1a: Virizitron|atk|2
|move|p2a: Deoxys|Knock Off|p1a: Virizitron
|-supereffective|p1a: Virizitron
|-damage|p1a: Virizitron|0 fnt
|-enditem|p1a: Virizitron|Life Orb|[from] move: Knock Off|[of] p2a: Deoxys
|faint|p1a: Virizitron
|-end|p1a: Virizitron|Quark Drive|[silent]
|-damage|p2a: Deoxys|81/100|[from] item: Life Orb
|
|upkeep
|
|t:|1769336090
|switch|p1a: Galgaraze|Iron Valiant|100/100
|-activate|p1a: Galgaraze|ability: Quark Drive
|-start|p1a: Galgaraze|quarkdrivespe
|turn|18
|
|t:|1769336095
|move|p1a: Galgaraze|Moonblast|p2a: Deoxys
|-damage|p2a: Deoxys|0 fnt
|faint|p2a: Deoxys
|
|-fieldend|move: Electric Terrain
|-end|p1a: Galgaraze|Quark Drive
|upkeep
|
|t:|1769336098
|switch|p2a: Ogerpon|Ogerpon-Wellspring, F|100/100
|turn|19
|
|t:|1769336103
|-end|p1a: Galgaraze|Quark Drive|[silent]
|switch|p1a: The Urchinator|Pincurchin, M|100/100
|-fieldstart|move: Electric Terrain|[from] ability: Electric Surge|[of] p1a: The Urchinator
|-terastallize|p2a: Ogerpon|Water
|detailschange|p2a: Ogerpon|Ogerpon-Wellspring-Tera, F, tera:Water
|-ability|p2a: Ogerpon|Embody Aspect (Wellspring)|boost
|-boost|p2a: Ogerpon|spd|1
|move|p2a: Ogerpon|Ivy Cudgel|p1a: The Urchinator|[anim] Ivy Cudgel Water
|-damage|p1a: The Urchinator|6/100
|
|upkeep
|turn|20
|
|t:|1769336114
|move|p2a: Ogerpon|Ivy Cudgel|p1a: The Urchinator|[anim] Ivy Cudgel Water
|-damage|p1a: The Urchinator|0 fnt
|faint|p1a: The Urchinator
|
|upkeep
|
|t:|1769336118
|switch|p1a: Galgaraze|Iron Valiant|100/100
|-activate|p1a: Galgaraze|ability: Quark Drive
|-start|p1a: Galgaraze|quarkdrivespe
|turn|21
|
|t:|1769336127
|move|p1a: Galgaraze|Thunderbolt|p2a: Ogerpon
|-supereffective|p2a: Ogerpon
|-damage|p2a: Ogerpon|11/100
|move|p2a: Ogerpon|Ivy Cudgel|p1a: Galgaraze|[anim] Ivy Cudgel Water
|-damage|p1a: Galgaraze|4/100
|
|upkeep
|turn|22
|
|t:|1769336133
|move|p1a: Galgaraze|Thunderbolt|p2a: Ogerpon
|-supereffective|p2a: Ogerpon
|-damage|p2a: Ogerpon|0 fnt
|faint|p2a: Ogerpon
|detailschange|p2: Ogerpon|Ogerpon-Wellspring, F|[silent]
|
|win|Qplazm10
|raw|Qplazm10's rating: 1644 &rarr; <strong>1663</strong><br />(+19 for winning)
|raw|maxmoefoe pokemon's rating: 1619 &rarr; <strong>1600</strong><br />(-19 for losing)
|l|☆maxmoefoe pokemon
|player|p2|
|l|☆Qplazm10
|player|p1|
