|j|☆amega709
|j|☆rawbraines
|t:|1769363460
|gametype|singles
|player|p1|amega709|2|1175
|player|p2|rawbraines|smasher|1185
|gen|9
|tier|[Gen 9] OU
|rated|
|rule|HP Percentage Mod: HP is shown in percentages
|rule|Endless Battle Clause: Forcing endless battles is banned
|rule|Species Clause: Limit one of each Pokémon
|rule|OHKO Clause: OHKO moves are banned
|rule|Evasion Items Clause: Evasion items are banned
|rule|Evasion Moves Clause: Evasion moves are banned
|rule|Evasion Abilities Clause: Evasion abilities are banned
|rule|Sleep Moves Clause: Sleep-inducing moves are banned
|clearpoke
|poke|p1|Alomomola, F|
|poke|p1|Gholdengo|
|poke|p1|Grimmsnarl, M|
|poke|p1|Heatran, M|
|poke|p1|Hoopa-Unbound|
|poke|p1|Weezing-Galar, F|
|poke|p2|Overqwil, F|
|poke|p2|Articuno|
|poke|p2|Golurk|
|poke|p2|Iron Valiant|
|poke|p2|Dragonite, F|
|poke|p2|Tinkaton, F|
|teampreview
|
|t:|1769363476
|teamsize|p1|6
|teamsize|p2|6
|start
|switch|p1a: Grimmsnarl|Grimmsnarl, M, shiny|100/100
|switch|p2a: Overqwil|Overqwil, F|100/100
|-ability|p2a: Overqwil|Intimidate|boost
|-unboost|p1a: Grimmsnarl|atk|1
|turn|1
|
|t:|1769363483
|move|p1a: Grimmsnarl|Reflect|p1a: Grimmsnarl
|-sidestart|p1: amega709|Reflect
|move|p2a: Overqwil|Spikes|p1a: Grimmsnarl
|-sidestart|p1: amega709|Spikes
|
|upkeep
|turn|2
|
|t:|1769363489
|move|p1a: Grimmsnarl|Parting Shot|p2a: Overqwil
|-hint|Since gen 7, Dark is immune to Prankster moves.
|-immune|p2a: Overqwil
|move|p2a: Overqwil|Spikes|p1a: Grimmsnarl
|-sidestart|p1: amega709|Spikes
|
|upkeep
|turn|3
|
|t:|1769363498
|move|p1a: Grimmsnarl|Light Screen|p1a: Grimmsnarl
|-sidestart|p1: amega709|move: Light Screen
|move|p2a: Overqwil|Crunch|p1a: Grimmsnarl
|-resisted|p1a: Grimmsnarl
|-damage|p1a: Grimmsnarl|96/100
|-unboost|p1a: Grimmsnarl|def|1
|
|upkeep
|turn|4
|
|t:|1769363504
|move|p1a: Grimmsnarl|Thunder Wave|p2a: Overqwil
|-hint|Since gen 7, Dark is immune to Prankster moves.
|-immune|p2a: Overqwil
|move|p2a: Overqwil|Crunch|p1a: Grimmsnarl
|-resisted|p1a: Grimmsnarl
|-damage|p1a: Grimmsnarl|89/100
|
|upkeep
|turn|5
|
|t:|1769363515
|switch|p1a: Weezing|Weezing-Galar, F|100/100
|-ability|p1a: Weezing|Neutralizing Gas
|move|p2a: Overqwil|Spikes|p1a: Weezing
|-sidestart|p1: amega709|Spikes
|
|upkeep
|turn|6
|
|t:|1769363523
|move|p2a: Overqwil|Taunt|p1a: Weezing
|-start|p1a: Weezing|move: Taunt
|cant|p1a: Weezing|move: Taunt|Defog
|
|upkeep
|turn|7
|
|t:|1769363532
|move|p2a: Overqwil|Barb Barrage|p1a: Weezing
|-damage|p1a: Weezing|93/100
|move|p1a: Weezing|Heat Wave|p2a: Overqwil
|-damage|p2a: Overqwil|74/100
|
|-heal|p2a: Overqwil|80/100|[from] item: Black Sludge
|upkeep
|turn|8
|
|t:|1769363539
|move|p2a: Overqwil|Barb Barrage|p1a: Weezing
|-damage|p1a: Weezing|85/100
|move|p1a: Weezing|Heat Wave|p2a: Overqwil
|-damage|p2a: Overqwil|51/100
|
|-heal|p2a: Overqwil|57/100|[from] item: Black Sludge
|-end|p1a: Weezing|move: Taunt
|-sideend|p1: amega709|Reflect
|upkeep
|turn|9
|
|t:|1769363549
|move|p2a: Overqwil|Taunt|p1a: Weezing
|-start|p1a: Weezing|move: Taunt
|move|p1a: Weezing|Heat Wave|p2a: Overqwil
|-damage|p2a: Overqwil|30/100
|
|-heal|p2a: Overqwil|37/100|[from] item: Black Sludge
|upkeep
|turn|10
|
|t:|1769363556
|move|p2a: Overqwil|Barb Barrage|p1a: Weezing
|-damage|p1a: Weezing|69/100
|move|p1a: Weezing|Heat Wave|p2a: Overqwil
|-damage|p2a: Overqwil|9/100
|
|-heal|p2a: Overqwil|15/100|[from] item: Black Sludge
|-sideend|p1: amega709|move: Light Screen
|upkeep
|turn|11
|
|t:|1769363567
|move|p2a: Overqwil|Barb Barrage|p1a: Weezing
|-damage|p1a: Weezing|53/100
|move|p1a: Weezing|Heat Wave|p2a: Overqwil
|-damage|p2a: Overqwil|0 fnt
|faint|p2a: Overqwil
|
|-end|p1a: Weezing|move: Taunt
|upkeep
|
|t:|1769363583
|switch|p2a: Tinkaton|Tinkaton, F|100/100
|-item|p2a: Tinkaton|Air Balloon
|turn|12
|
|t:|1769363608
|-end|p1a: Weezing|ability: Neutralizing Gas
|switch|p1a: Alomomola|Alomomola, F|100/100
|-damage|p1a: Alomomola|76/100|[from] Spikes
|move|p2a: Tinkaton|Gigaton Hammer|p1a: Alomomola
|-resisted|p1a: Alomomola
|-damage|p1a: Alomomola|65/100
|
|upkeep
|turn|13
|
|t:|1769363615
|move|p2a: Tinkaton|Thunder Wave|p1a: Alomomola
|-status|p1a: Alomomola|par
|move|p1a: Alomomola|Wish|p1a: Alomomola
|
|upkeep
|turn|14
|
|t:|1769363659
|switch|p2a: Golurk|Golurk|100/100
|move|p1a: Alomomola|Flip Turn|p2a: Golurk
|-supereffective|p2a: Golurk
|-damage|p2a: Golurk|55/100
|
|t:|1769363671
|switch|p1a: Weezing|Weezing-Galar, F|53/100|[from] Flip Turn
|-ability|p1a: Weezing|Neutralizing Gas
|
|-heal|p1a: Weezing|100/100|[from] move: Wish|[wisher] Alomomola
|upkeep
|turn|15
|
|t:|1769363683
|move|p2a: Golurk|Poltergeist|p1a: Weezing|[miss]
|-miss|p2a: Golurk|p1a: Weezing
|move|p1a: Weezing|Defog|p2a: Golurk
|-unboost|p2a: Golurk|evasion|1
|-sideend|p1: amega709|Spikes|[from] move: Defog|[of] p1a: Weezing
|
|upkeep
|turn|16
|
|t:|1769363691
|move|p2a: Golurk|Poltergeist|p1a: Weezing
|-activate|p1a: Weezing|move: Poltergeist|Heavy-Duty Boots
|-damage|p1a: Weezing|56/100
|move|p1a: Weezing|Will-O-Wisp|p2a: Golurk
|-status|p2a: Golurk|brn
|
|-damage|p2a: Golurk|49/100 brn|[from] brn
|upkeep
|turn|17
|
|t:|1769363716
|move|p2a: Golurk|Poltergeist|p1a: Weezing|[miss]
|-miss|p2a: Golurk|p1a: Weezing
|move|p1a: Weezing|Heat Wave|p2a: Golurk
|-damage|p2a: Golurk|31/100 brn
|
|-damage|p2a: Golurk|25/100 brn|[from] brn
|upkeep
|turn|18
|
|t:|1769363726
|move|p2a: Golurk|Poltergeist|p1a: Weezing
|-activate|p1a: Weezing|move: Poltergeist|Heavy-Duty Boots
|-crit|p1a: Weezing
|-damage|p1a: Weezing|21/100
|move|p1a: Weezing|Heat Wave|p2a: Golurk
|-damage|p2a: Golurk|7/100 brn
|
|-damage|p2a: Golurk|1/100 brn|[from] brn
|upkeep
|turn|19
|
|t:|1769363740
|-end|p1a: Weezing|ability: Neutralizing Gas
|switch|p1a: Grimmsnarl|Grimmsnarl, M, shiny|89/100
|move|p2a: Golurk|Poltergeist|p1a: Grimmsnarl
|-activate|p1a: Grimmsnarl|move: Poltergeist|Light Clay
|-resisted|p1a: Grimmsnarl
|-damage|p1a: Grimmsnarl|70/100
|
|-damage|p2a: Golurk|0 fnt|[from] brn
|faint|p2a: Golurk
|upkeep
|
|t:|1769363747
|switch|p2a: Tinkaton|Tinkaton, F|100/100
|-item|p2a: Tinkaton|Air Balloon
|turn|20
|
|t:|1769363760
|-terastallize|p1a: Grimmsnarl|Dark
|move|p1a: Grimmsnarl|Reflect|p1a: Grimmsnarl
|-sidestart|p1: amega709|Reflect
|move|p2a: Tinkaton|Gigaton Hammer|p1a: Grimmsnarl
|-damage|p1a: Grimmsnarl|43/100
|
|upkeep
|turn|21
|
|t:|1769363770
|move|p1a: Grimmsnarl|Parting Shot|p2a: Tinkaton
|-unboost|p2a: Tinkaton|atk|1
|-unboost|p2a: Tinkaton|spa|1
|
|t:|1769363783
|switch|p1a: Gholdengo|Gholdengo|100/100|[from] Parting Shot
|move|p2a: Tinkaton|Brick Break|p1a: Gholdengo
|-immune|p1a: Gholdengo
|
|upkeep
|turn|22
|
|t:|1769363803
|move|p2a: Tinkaton|Gigaton Hammer|p1a: Gholdengo
|-resisted|p1a: Gholdengo
|-damage|p1a: Gholdengo|94/100
|move|p1a: Gholdengo|Nasty Plot|p1a: Gholdengo
|-boost|p1a: Gholdengo|spa|2
|
|-heal|p1a: Gholdengo|100/100|[from] item: Leftovers
|upkeep
|turn|23
|
|t:|1769363811
|move|p2a: Tinkaton|Play Rough|p1a: Gholdengo
|-resisted|p1a: Gholdengo
|-damage|p1a: Gholdengo|97/100
|move|p1a: Gholdengo|Make It Rain|p2a: Tinkaton
|-crit|p2a: Tinkaton
|-damage|p2a: Tinkaton|0 fnt
|-unboost|p1a: Gholdengo|spa|1
|-enditem|p2a: Tinkaton|Air Balloon
|faint|p2a: Tinkaton
|
|-heal|p1a: Gholdengo|100/100|[from] item: Leftovers
|upkeep
|-message|rawbraines forfeited.
|
|win|amega709
|raw|amega709's rating: 1175 &rarr; <strong>1201</strong><br />(+26 for winning)
|raw|rawbraines's rating: 1185 &rarr; <strong>1159</strong><br />(-26 for losing)
|l|☆rawbraines
|player|p2|
|l|☆amega709
|player|p1|
