|j|☆Supersayan999
|j|☆qwolff
|t:|1769302806
|gametype|singles
|player|p1|Supersayan999|palmer|1525
|player|p2|qwolff|1|1498
|gen|9
|tier|[Gen 9] OU
|rated|
|rule|HP Percentage Mod: HP is shown in percentages
|rule|Endless Battle Clause: Forcing endless battles is banned
|rule|Species Clause: Limit one of each Pokémon
|rule|OHKO Clause: OHKO moves are banned
|rule|Evasion Items Clause: Evasion items are banned
|rule|Evasion Moves Clause: Evasion moves are banned
|rule|Evasion Abilities Clause: Evasion abilities are banned
|rule|Sleep Moves Clause: Sleep-inducing moves are banned
|clearpoke
|poke|p1|Darkrai|
|poke|p1|Zamazenta-*|
|poke|p1|Gliscor, F|
|poke|p1|Kyurem|
|poke|p1|Corviknight, M|
|poke|p1|Toxapex, M|
|poke|p2|Great Tusk|
|poke|p2|Hoopa-Unbound|
|poke|p2|Slowking-Galar, M|
|poke|p2|Gyarados, F|
|poke|p2|Zamazenta-*|
|poke|p2|Iron Valiant|
|teampreview
|
|t:|1769302821
|teamsize|p1|6
|teamsize|p2|6
|start
|switch|p1a: Kyurem|Kyurem|100/100
|switch|p2a: Gyarados|Gyarados, F, shiny|100/100
|-ability|p1a: Kyurem|Pressure
|turn|1
|
|t:|1769302828
|switch|p2a: Slowking|Slowking-Galar, M|100/100
|move|p1a: Kyurem|Dragon Dance|p1a: Kyurem
|-boost|p1a: Kyurem|atk|1
|-boost|p1a: Kyurem|spe|1
|
|upkeep
|turn|2
|
|t:|1769302838
|switch|p2a: Zamazenta|Zamazenta|100/100
|-ability|p2a: Zamazenta|Dauntless Shield|boost
|-boost|p2a: Zamazenta|def|1
|-terastallize|p1a: Kyurem|Ghost
|move|p1a: Kyurem|Tera Blast|p2a: Zamazenta|[anim] Tera Blast Ghost
|-damage|p2a: Zamazenta|71/100
|
|-heal|p2a: Zamazenta|77/100|[from] item: Leftovers
|upkeep
|turn|3
|
|t:|1769302851
|move|p1a: Kyurem|Icicle Spear|p2a: Zamazenta
|-damage|p2a: Zamazenta|68/100
|-damage|p2a: Zamazenta|59/100
|-damage|p2a: Zamazenta|49/100
|-damage|p2a: Zamazenta|40/100
|-damage|p2a: Zamazenta|31/100
|-hitcount|p2a: Zamazenta|5
|move|p2a: Zamazenta|Crunch|p1a: Kyurem
|-supereffective|p1a: Kyurem
|-damage|p1a: Kyurem|58/100
|-unboost|p1a: Kyurem|def|1
|
|-heal|p2a: Zamazenta|37/100|[from] item: Leftovers
|upkeep
|turn|4
|l|☆qwolff
|player|p2|
|j|☆qwolff
|player|p2|qwolff|1|
|
|t:|1769302885
|-terastallize|p2a: Zamazenta|Water
|move|p1a: Kyurem|Icicle Spear|p2a: Zamazenta
|-resisted|p2a: Zamazenta
|-damage|p2a: Zamazenta|32/100
|-resisted|p2a: Zamazenta
|-damage|p2a: Zamazenta|28/100
|-resisted|p2a: Zamazenta
|-damage|p2a: Zamazenta|24/100
|-resisted|p2a: Zamazenta
|-damage|p2a: Zamazenta|19/100
|-hitcount|p2a: Zamazenta|4
|move|p2a: Zamazenta|Crunch|p1a: Kyurem
|-supereffective|p1a: Kyurem
|-damage|p1a: Kyurem|0 fnt
|faint|p1a: Kyurem
|
|-heal|p2a: Zamazenta|25/100|[from] item: Leftovers
|upkeep
|
|t:|1769302907
|switch|p1a: Gliscor|Gliscor, F|100/100
|turn|5
|
|t:|1769302914
|move|p2a: Zamazenta|Body Press|p1a: Gliscor
|-resisted|p1a: Gliscor
|-damage|p1a: Gliscor|84/100
|move|p1a: Gliscor|Toxic|p2a: Zamazenta
|-status|p2a: Zamazenta|tox
|
|-heal|p2a: Zamazenta|31/100 tox|[from] item: Leftovers
|-damage|p2a: Zamazenta|25/100 tox|[from] psn
|-status|p1a: Gliscor|tox|[from] item: Toxic Orb
|upkeep
|turn|6
|
|t:|1769302925
|switch|p2a: Great Tusk|Great Tusk|100/100
|move|p1a: Gliscor|Stealth Rock|p2a: Great Tusk
|-sidestart|p2: qwolff|move: Stealth Rock
|
|-heal|p1a: Gliscor|97/100 tox|[from] ability: Poison Heal
|upkeep
|turn|7
|
|t:|1769302932
|move|p1a: Gliscor|Toxic|p2a: Great Tusk|[miss]
|-miss|p1a: Gliscor|p2a: Great Tusk
|move|p2a: Great Tusk|Stealth Rock|p1a: Gliscor
|-sidestart|p1: Supersayan999|move: Stealth Rock
|
|-heal|p1a: Gliscor|100/100 tox|[from] ability: Poison Heal
|upkeep
|turn|8
|
|t:|1769302940
|move|p1a: Gliscor|Toxic|p2a: Great Tusk
|-status|p2a: Great Tusk|tox
|move|p2a: Great Tusk|Rapid Spin|p1a: Gliscor
|-damage|p1a: Gliscor|92/100 tox
|-boost|p2a: Great Tusk|spe|1
|-sideend|p2: qwolff|Stealth Rock|[from] move: Rapid Spin|[of] p2a: Great Tusk
|
|-damage|p2a: Great Tusk|94/100 tox|[from] psn
|-heal|p1a: Gliscor|100/100 tox|[from] ability: Poison Heal
|upkeep
|turn|9
|
|t:|1769302951
|-end|p2a: Great Tusk|Protosynthesis|[silent]
|switch|p2a: Gyarados|Gyarados, F, shiny|100/100
|move|p1a: Gliscor|Stealth Rock|p2a: Gyarados
|-sidestart|p2: qwolff|move: Stealth Rock
|
|upkeep
|turn|10
|
|t:|1769302957
|move|p2a: Gyarados|Dragon Dance|p2a: Gyarados
|-boost|p2a: Gyarados|atk|1
|-boost|p2a: Gyarados|spe|1
|move|p1a: Gliscor|Toxic|p2a: Gyarados
|-status|p2a: Gyarados|tox
|-enditem|p2a: Gyarados|Lum Berry|[eat]
|-curestatus|p2a: Gyarados|tox|[msg]
|
|upkeep
|turn|11
|
|t:|1769302968
|move|p2a: Gyarados|Waterfall|p1a: Gliscor
|-supereffective|p1a: Gliscor
|-damage|p1a: Gliscor|29/100 tox
|move|p1a: Gliscor|Toxic|p2a: Gyarados
|-status|p2a: Gyarados|tox
|
|-damage|p2a: Gyarados|94/100 tox|[from] psn
|-heal|p1a: Gliscor|42/100 tox|[from] ability: Poison Heal
|upkeep
|turn|12
|
|t:|1769302977
|move|p1a: Gliscor|Protect|p1a: Gliscor
|-singleturn|p1a: Gliscor|Protect
|move|p2a: Gyarados|Dragon Dance|p2a: Gyarados
|-boost|p2a: Gyarados|atk|1
|-boost|p2a: Gyarados|spe|1
|
|-damage|p2a: Gyarados|82/100 tox|[from] psn
|-heal|p1a: Gliscor|54/100 tox|[from] ability: Poison Heal
|upkeep
|turn|13
|
|t:|1769302988
|switch|p1a: Zamazenta|Zamazenta|100/100
|-damage|p1a: Zamazenta|94/100|[from] Stealth Rock
|-ability|p1a: Zamazenta|Dauntless Shield|boost
|-boost|p1a: Zamazenta|def|1
|move|p2a: Gyarados|Earthquake|p1a: Zamazenta
|-crit|p1a: Zamazenta
|-damage|p1a: Zamazenta|12/100
|
|-heal|p1a: Zamazenta|18/100|[from] item: Leftovers
|-damage|p2a: Gyarados|64/100 tox|[from] psn
|upkeep
|turn|14
|
|t:|1769303000
|move|p2a: Gyarados|Waterfall|p1a: Zamazenta
|-damage|p1a: Zamazenta|0 fnt
|faint|p1a: Zamazenta
|-ability|p2a: Gyarados|Moxie|boost
|-boost|p2a: Gyarados|atk|1
|
|-damage|p2a: Gyarados|40/100 tox|[from] psn
|upkeep
|
|t:|1769303009
|switch|p1a: Corviknight|Corviknight, M|100/100
|-damage|p1a: Corviknight|88/100|[from] Stealth Rock
|-ability|p1a: Corviknight|Pressure
|turn|15
|
|t:|1769303014
|move|p2a: Gyarados|Waterfall|p1a: Corviknight
|-damage|p1a: Corviknight|29/100
|-damage|p2a: Gyarados|23/100 tox|[from] item: Rocky Helmet|[of] p1a: Corviknight
|move|p1a: Corviknight|Roost|p1a: Corviknight
|-heal|p1a: Corviknight|79/100
|-singleturn|p1a: Corviknight|move: Roost
|
|-damage|p2a: Gyarados|0 fnt|[from] psn
|faint|p2a: Gyarados
|upkeep
|
|t:|1769303018
|switch|p2a: Great Tusk|Great Tusk|94/100 tox
|-damage|p2a: Great Tusk|91/100 tox|[from] Stealth Rock
|turn|16
|
|t:|1769303029
|move|p2a: Great Tusk|Rapid Spin|p1a: Corviknight
|-resisted|p1a: Corviknight
|-damage|p1a: Corviknight|74/100
|-boost|p2a: Great Tusk|spe|1
|-damage|p2a: Great Tusk|75/100 tox|[from] item: Rocky Helmet|[of] p1a: Corviknight
|-sideend|p2: qwolff|Stealth Rock|[from] move: Rapid Spin|[of] p2a: Great Tusk
|move|p1a: Corviknight|Defog|p2a: Great Tusk
|-unboost|p2a: Great Tusk|evasion|1
|-sideend|p1: Supersayan999|Stealth Rock|[from] move: Defog|[of] p1a: Corviknight
|
|-damage|p2a: Great Tusk|68/100 tox|[from] psn
|upkeep
|turn|17
|
|t:|1769303041
|move|p2a: Great Tusk|Knock Off|p1a: Corviknight
|-damage|p1a: Corviknight|58/100
|-damage|p2a: Great Tusk|52/100 tox|[from] item: Rocky Helmet|[of] p1a: Corviknight
|-enditem|p1a: Corviknight|Rocky Helmet|[from] move: Knock Off|[of] p2a: Great Tusk
|move|p1a: Corviknight|Defog|p2a: Great Tusk
|-unboost|p2a: Great Tusk|evasion|1
|
|-damage|p2a: Great Tusk|39/100 tox|[from] psn
|upkeep
|turn|18
|
|t:|1769303051
|move|p2a: Great Tusk|Stealth Rock|p1a: Corviknight
|-sidestart|p1: Supersayan999|move: Stealth Rock
|move|p1a: Corviknight|Roost|p1a: Corviknight
|-heal|p1a: Corviknight|100/100
|-singleturn|p1a: Corviknight|move: Roost
|
|-damage|p2a: Great Tusk|21/100 tox|[from] psn
|upkeep
|turn|19
|
|t:|1769303060
|-end|p2a: Great Tusk|Protosynthesis|[silent]
|switch|p2a: Slowking|Slowking-Galar, M|100/100
|move|p1a: Corviknight|Defog|p2a: Slowking
|-unboost|p2a: Slowking|evasion|1
|-sideend|p1: Supersayan999|Stealth Rock|[from] move: Defog|[of] p1a: Corviknight
|
|upkeep
|turn|20
|
|t:|1769303068
|move|p1a: Corviknight|U-turn|p2a: Slowking
|-damage|p2a: Slowking|87/100
|
|t:|1769303071
|switch|p1a: Toxapex|Toxapex, M|100/100|[from] U-turn
|move|p2a: Slowking|Future Sight|p1a: Toxapex
|-start|p2a: Slowking|move: Future Sight
|
|upkeep
|turn|21
|
|t:|1769303082
|move|p1a: Toxapex|Liquidation|p2a: Slowking
|-damage|p2a: Slowking|58/100
|move|p2a: Slowking|Psychic Noise|p1a: Toxapex
|-supereffective|p1a: Toxapex
|-damage|p1a: Toxapex|63/100
|-start|p1a: Toxapex|move: Heal Block
|
|upkeep
|turn|22
|
|t:|1769303091
|switch|p1a: Darkrai|Darkrai|100/100
|move|p2a: Slowking|Flamethrower|p1a: Darkrai
|-damage|p1a: Darkrai|62/100
|
|-end|p1a: Darkrai|move: Future Sight
|-immune|p1a: Darkrai
|upkeep
|turn|23
|
|t:|1769303100
|switch|p2a: Hoopa|Hoopa-Unbound|100/100
|move|p1a: Darkrai|Dark Pulse|p2a: Hoopa
|-damage|p2a: Hoopa|70/100
|
|upkeep
|turn|24
|
|t:|1769303108
|switch|p1a: Corviknight|Corviknight, M|100/100
|-ability|p1a: Corviknight|Pressure
|move|p2a: Hoopa|Future Sight|p1a: Corviknight
|-start|p2a: Hoopa|move: Future Sight
|
|upkeep
|turn|25
|
|t:|1769303114
|switch|p2a: Great Tusk|Great Tusk|21/100 tox
|move|p1a: Corviknight|U-turn|p2a: Great Tusk
|-resisted|p2a: Great Tusk
|-damage|p2a: Great Tusk|18/100 tox
|-damage|p1a: Corviknight|84/100|[from] item: Rocky Helmet|[of] p2a: Great Tusk
|
|t:|1769303121
|switch|p1a: Darkrai|Darkrai|62/100|[from] U-turn
|
|-damage|p2a: Great Tusk|11/100 tox|[from] psn
|upkeep
|turn|26
|
|t:|1769303127
|move|p1a: Darkrai|Dark Pulse|p2a: Great Tusk
|-resisted|p2a: Great Tusk
|-damage|p2a: Great Tusk|0 fnt
|faint|p2a: Great Tusk
|-end|p2a: Great Tusk|Protosynthesis|[silent]
|
|-end|p1a: Darkrai|move: Future Sight
|-immune|p1a: Darkrai
|upkeep
|
|t:|1769303141
|switch|p2a: Hoopa|Hoopa-Unbound|70/100
|turn|27
|
|t:|1769303147
|switch|p1a: Corviknight|Corviknight, M|84/100
|-ability|p1a: Corviknight|Pressure
|move|p2a: Hoopa|Focus Blast|p1a: Corviknight
|-damage|p1a: Corviknight|34/100
|
|upkeep
|turn|28
|
|t:|1769303155
|switch|p2a: Slowking|Slowking-Galar, M|91/100
|switch|p1a: Toxapex|Toxapex, M|96/100
|
|upkeep
|turn|29
|
|t:|1769303165
|move|p1a: Toxapex|Liquidation|p2a: Slowking
|-damage|p2a: Slowking|62/100
|move|p2a: Slowking|Future Sight|p1a: Toxapex
|-start|p2a: Slowking|move: Future Sight
|
|upkeep
|turn|30
|
|t:|1769303172
|switch|p1a: Darkrai|Darkrai|62/100
|move|p2a: Slowking|Sludge Wave|p1a: Darkrai
|-damage|p1a: Darkrai|0 fnt
|faint|p1a: Darkrai
|
|upkeep
|
|t:|1769303182
|switch|p1a: Corviknight|Corviknight, M|34/100
|-ability|p1a: Corviknight|Pressure
|turn|31
|
|t:|1769303190
|move|p1a: Corviknight|Roost|p1a: Corviknight
|-heal|p1a: Corviknight|84/100
|-singleturn|p1a: Corviknight|move: Roost
|move|p2a: Slowking|Flamethrower|p1a: Corviknight
|-supereffective|p1a: Corviknight
|-crit|p1a: Corviknight
|-damage|p1a: Corviknight|0 fnt
|faint|p1a: Corviknight
|
|-hint|Future Sight did not hit because the target is fainted.
|upkeep
|-message|Supersayan999 forfeited.
|
|win|qwolff
|raw|Supersayan999's rating: 1525 &rarr; <strong>1503</strong><br />(-22 for losing)
|raw|qwolff's rating: 1498 &rarr; <strong>1520</strong><br />(+22 for winning)
|l|☆Supersayan999
|player|p1|
|l|☆qwolff
|player|p2|
