|j|☆squashua333
|j|☆King12345676
|t:|1769340634
|gametype|singles
|player|p1|squashua333|striker|1416
|player|p2|King12345676|psychic|1445
|gen|9
|tier|[Gen 9] OU
|rated|
|rule|HP Percentage Mod: HP is shown in percentages
|rule|Endless Battle Clause: Forcing endless battles is banned
|rule|Species Clause: Limit one of each Pokémon
|rule|OHKO Clause: OHKO moves are banned
|rule|Evasion Items Clause: Evasion items are banned
|rule|Evasion Moves Clause: Evasion moves are banned
|rule|Evasion Abilities Clause: Evasion abilities are banned
|rule|Sleep Moves Clause: Sleep-inducing moves are banned
|clearpoke
|poke|p1|Kyurem|
|poke|p1|Cinderace, M|
|poke|p1|Tornadus-Therian, M|
|poke|p1|Hatterene, F|
|poke|p1|Great Tusk|
|poke|p1|Kingambit, F|
|poke|p2|Mew|
|poke|p2|Raging Bolt|
|poke|p2|Iron Treads|
|poke|p2|Zamazenta-*|
|poke|p2|Garchomp, F|
|poke|p2|Alomomola, M|
|teampreview
|
|t:|1769340658
|teamsize|p1|6
|teamsize|p2|6
|start
|switch|p1a: Kyurem|Kyurem|100/100
|switch|p2a: Mew|Mew|100/100
|-ability|p1a: Kyurem|Pressure
|turn|1
|inactive|Battle timer is ON: inactive players will automatically lose when time's up. (requested by King12345676)
|
|t:|1769340697
|move|p1a: Kyurem|Ice Beam|p2a: Mew
|-damage|p2a: Mew|55/100
|move|p2a: Mew|Knock Off|p1a: Kyurem
|-damage|p1a: Kyurem|82/100
|-enditem|p1a: Kyurem|Choice Specs|[from] move: Knock Off|[of] p2a: Mew
|
|upkeep
|turn|2
|
|t:|1769340707
|move|p1a: Kyurem|Ice Beam|p2a: Mew
|-damage|p2a: Mew|27/100
|move|p2a: Mew|Volt Switch|p1a: Kyurem
|-resisted|p1a: Kyurem
|-damage|p1a: Kyurem|75/100
|
|t:|1769340713
|switch|p2a: Iron Treads|Iron Treads|100/100|[from] Volt Switch
|
|upkeep
|turn|3
|
|t:|1769340719
|switch|p1a: Hatterene|Hatterene, F|100/100
|move|p2a: Iron Treads|Knock Off|p1a: Hatterene
|-damage|p1a: Hatterene|80/100
|-enditem|p1a: Hatterene|Leftovers|[from] move: Knock Off|[of] p2a: Iron Treads
|
|upkeep
|turn|4
|
|t:|1769340733
|switch|p1a: Cinderace|Cinderace, M|100/100
|move|p2a: Iron Treads|Earthquake|p1a: Cinderace
|-supereffective|p1a: Cinderace
|-damage|p1a: Cinderace|0 fnt
|faint|p1a: Cinderace
|
|upkeep
|
|t:|1769340742
|switch|p1a: Great Tusk|Great Tusk|100/100
|turn|5
|
|t:|1769340749
|-end|p2a: Iron Treads|Quark Drive|[silent]
|switch|p2a: Alomomola|Alomomola, M|100/100
|move|p1a: Great Tusk|Stealth Rock|p2a: Alomomola
|-sidestart|p2: King12345676|move: Stealth Rock
|
|upkeep
|turn|6
|
|t:|1769340755
|-end|p1a: Great Tusk|Protosynthesis|[silent]
|switch|p1a: Tornadus|Tornadus-Therian, M|100/100
|move|p2a: Alomomola|Scald|p1a: Tornadus
|-damage|p1a: Tornadus|91/100
|-status|p1a: Tornadus|brn
|
|-damage|p1a: Tornadus|85/100 brn|[from] brn
|upkeep
|turn|7
|
|t:|1769340763
|move|p1a: Tornadus|Knock Off|p2a: Alomomola
|-damage|p2a: Alomomola|95/100
|-enditem|p2a: Alomomola|Heavy-Duty Boots|[from] move: Knock Off|[of] p1a: Tornadus
|move|p2a: Alomomola|Flip Turn|p1a: Tornadus
|-damage|p1a: Tornadus|65/100 brn
|
|t:|1769340770
|switch|p2a: Iron Treads|Iron Treads|100/100|[from] Flip Turn
|-damage|p2a: Iron Treads|98/100|[from] Stealth Rock
|
|-damage|p1a: Tornadus|59/100 brn|[from] brn
|upkeep
|turn|8
|
|t:|1769340776
|move|p1a: Tornadus|Heat Wave|p2a: Iron Treads
|-supereffective|p2a: Iron Treads
|-damage|p2a: Iron Treads|71/100
|move|p2a: Iron Treads|Rapid Spin|p1a: Tornadus
|-damage|p1a: Tornadus|45/100 brn
|-boost|p2a: Iron Treads|spe|1
|-sideend|p2: King12345676|Stealth Rock|[from] move: Rapid Spin|[of] p2a: Iron Treads
|
|-damage|p1a: Tornadus|38/100 brn|[from] brn
|upkeep
|turn|9
|
|t:|1769340785
|switch|p1a: Great Tusk|Great Tusk|100/100
|move|p2a: Iron Treads|Knock Off|p1a: Great Tusk
|-resisted|p1a: Great Tusk
|-damage|p1a: Great Tusk|94/100
|-damage|p2a: Iron Treads|55/100|[from] item: Rocky Helmet|[of] p1a: Great Tusk
|-enditem|p1a: Great Tusk|Rocky Helmet|[from] move: Knock Off|[of] p2a: Iron Treads
|
|upkeep
|turn|10
|
|t:|1769340792
|-end|p2a: Iron Treads|Quark Drive|[silent]
|switch|p2a: Alomomola|Alomomola, M|100/100
|move|p1a: Great Tusk|Stealth Rock|p2a: Alomomola
|-sidestart|p2: King12345676|move: Stealth Rock
|
|upkeep
|turn|11
|
|t:|1769340802
|-end|p1a: Great Tusk|Protosynthesis|[silent]
|switch|p1a: Kyurem|Kyurem|75/100
|-ability|p1a: Kyurem|Pressure
|move|p2a: Alomomola|Wish|p2a: Alomomola
|
|upkeep
|turn|12
|
|t:|1769340807
|switch|p2a: Iron Treads|Iron Treads|55/100
|-damage|p2a: Iron Treads|52/100|[from] Stealth Rock
|move|p1a: Kyurem|Freeze-Dry|p2a: Iron Treads
|-damage|p2a: Iron Treads|32/100
|
|-heal|p2a: Iron Treads|94/100|[from] move: Wish|[wisher] Alomomola
|upkeep
|turn|13
|
|t:|1769340816
|switch|p1a: Great Tusk|Great Tusk|94/100
|move|p2a: Iron Treads|Ice Spinner|p1a: Great Tusk
|-supereffective|p1a: Great Tusk
|-damage|p1a: Great Tusk|70/100
|
|upkeep
|turn|14
|
|t:|1769340822
|-end|p2a: Iron Treads|Quark Drive|[silent]
|switch|p2a: Mew|Mew|27/100
|move|p1a: Great Tusk|Rapid Spin|p2a: Mew
|-damage|p2a: Mew|15/100
|-boost|p1a: Great Tusk|spe|1
|
|upkeep
|turn|15
|
|t:|1769340832
|move|p1a: Great Tusk|Ice Spinner|p2a: Mew
|-damage|p2a: Mew|0 fnt
|faint|p2a: Mew
|
|upkeep
|
|t:|1769340840
|switch|p2a: Zamazenta|Zamazenta|100/100
|-damage|p2a: Zamazenta|95/100|[from] Stealth Rock
|-ability|p2a: Zamazenta|Dauntless Shield|boost
|-boost|p2a: Zamazenta|def|1
|turn|16
|
|t:|1769340847
|-end|p1a: Great Tusk|Protosynthesis|[silent]
|switch|p1a: Tornadus|Tornadus-Therian, M|72/100 brn
|move|p2a: Zamazenta|Substitute|p2a: Zamazenta
|-start|p2a: Zamazenta|Substitute
|-damage|p2a: Zamazenta|70/100
|
|-heal|p2a: Zamazenta|76/100|[from] item: Leftovers
|-damage|p1a: Tornadus|66/100 brn|[from] brn
|upkeep
|turn|17
|
|t:|1769340853
|move|p2a: Zamazenta|Iron Defense|p2a: Zamazenta
|-boost|p2a: Zamazenta|def|2
|move|p1a: Tornadus|Bleakwind Storm|p2a: Zamazenta|[miss]
|-miss|p1a: Tornadus|p2a: Zamazenta
|
|-heal|p2a: Zamazenta|82/100|[from] item: Leftovers
|-damage|p1a: Tornadus|59/100 brn|[from] brn
|upkeep
|turn|18
|
|t:|1769340857
|move|p2a: Zamazenta|Body Press|p1a: Tornadus
|-resisted|p1a: Tornadus
|-damage|p1a: Tornadus|7/100 brn
|move|p1a: Tornadus|Bleakwind Storm|p2a: Zamazenta
|-supereffective|p2a: Zamazenta
|-end|p2a: Zamazenta|Substitute
|
|-heal|p2a: Zamazenta|88/100|[from] item: Leftovers
|-damage|p1a: Tornadus|1/100 brn|[from] brn
|upkeep
|turn|19
|
|t:|1769340880
|switch|p1a: Great Tusk|Great Tusk|70/100
|move|p2a: Zamazenta|Body Press|p1a: Great Tusk
|-damage|p1a: Great Tusk|8/100
|
|-heal|p2a: Zamazenta|94/100|[from] item: Leftovers
|upkeep
|turn|20
|
|t:|1769340887
|move|p2a: Zamazenta|Substitute|p2a: Zamazenta
|-start|p2a: Zamazenta|Substitute
|-damage|p2a: Zamazenta|69/100
|move|p1a: Great Tusk|Headlong Rush|p2a: Zamazenta
|-activate|p2a: Zamazenta|move: Substitute|[damage]
|-unboost|p1a: Great Tusk|def|1
|-unboost|p1a: Great Tusk|spd|1
|
|-heal|p2a: Zamazenta|75/100|[from] item: Leftovers
|upkeep
|turn|21
|
|t:|1769340892
|move|p2a: Zamazenta|Iron Defense|p2a: Zamazenta
|-boost|p2a: Zamazenta|def|2
|move|p1a: Great Tusk|Headlong Rush|p2a: Zamazenta
|-end|p2a: Zamazenta|Substitute
|-unboost|p1a: Great Tusk|def|1
|-unboost|p1a: Great Tusk|spd|1
|
|-heal|p2a: Zamazenta|81/100|[from] item: Leftovers
|upkeep
|turn|22
|
|t:|1769340896
|move|p2a: Zamazenta|Substitute|p2a: Zamazenta
|-start|p2a: Zamazenta|Substitute
|-damage|p2a: Zamazenta|56/100
|move|p1a: Great Tusk|Headlong Rush|p2a: Zamazenta
|-activate|p2a: Zamazenta|move: Substitute|[damage]
|-unboost|p1a: Great Tusk|def|1
|-unboost|p1a: Great Tusk|spd|1
|
|-heal|p2a: Zamazenta|62/100|[from] item: Leftovers
|upkeep
|turn|23
|
|t:|1769340907
|move|p2a: Zamazenta|Crunch|p1a: Great Tusk
|-resisted|p1a: Great Tusk
|-damage|p1a: Great Tusk|0 fnt
|faint|p1a: Great Tusk
|-end|p1a: Great Tusk|Protosynthesis|[silent]
|
|-heal|p2a: Zamazenta|68/100|[from] item: Leftovers
|upkeep
|inactive|squashua333 has 120 seconds left.
|inactive|squashua333 has 90 seconds left.
|-message|squashua333 forfeited.
|
|win|King12345676
|raw|squashua333's rating: 1416 &rarr; <strong>1398</strong><br />(-18 for losing)
|raw|King12345676's rating: 1445 &rarr; <strong>1463</strong><br />(+18 for winning)
|l|☆squashua333
|player|p1|
|l|☆King12345676
|player|p2|
