|j|☆lolcano46
|j|☆Alerjake
|t:|1769314859
|gametype|singles
|player|p1|lolcano46|fisherman-gen4|1470
|player|p2|Alerjake|1|1528
|gen|9
|tier|[Gen 9] OU
|rated|
|rule|HP Percentage Mod: HP is shown in percentages
|rule|Endless Battle Clause: Forcing endless battles is banned
|rule|Species Clause: Limit one of each Pokémon
|rule|OHKO Clause: OHKO moves are banned
|rule|Evasion Items Clause: Evasion items are banned
|rule|Evasion Moves Clause: Evasion moves are banned
|rule|Evasion Abilities Clause: Evasion abilities are banned
|rule|Sleep Moves Clause: Sleep-inducing moves are banned
|clearpoke
|poke|p1|Azelf|
|poke|p1|Ogerpon-Wellspring, F|
|poke|p1|Scizor, M|
|poke|p1|Gengar, M|
|poke|p1|Raging Bolt|
|poke|p1|Cinderace, F|
|poke|p2|Ceruledge, F|
|poke|p2|Ninetales-Alola, F|
|poke|p2|Raging Bolt|
|poke|p2|Iron Crown|
|poke|p2|Hydreigon, F|
|poke|p2|Iron Treads|
|teampreview
|inactive|Battle timer is ON: inactive players will automatically lose when time's up. (requested by lolcano46)
|inactive|Alerjake also wants the timer to be on.
|
|t:|1769314883
|teamsize|p1|6
|teamsize|p2|6
|start
|switch|p1a: Gengar|Gengar, M|100/100
|switch|p2a: Ceruledge|Ceruledge, F|100/100
|turn|1
|
|t:|1769314888
|move|p2a: Ceruledge|Shadow Sneak|p1a: Gengar
|-supereffective|p1a: Gengar
|-damage|p1a: Gengar|0 fnt
|-start|p2a: Ceruledge|Disable|Shadow Sneak|[from] ability: Cursed Body|[of] p1a: Gengar
|faint|p1a: Gengar
|-damage|p2a: Ceruledge|91/100|[from] item: Life Orb
|
|upkeep
|
|t:|1769314892
|switch|p1a: Azelf|Azelf|100/100
|turn|2
|
|t:|1769314897
|move|p1a: Azelf|Psychic|p2a: Ceruledge
|-damage|p2a: Ceruledge|41/100
|move|p2a: Ceruledge|Bitter Blade|p1a: Azelf
|-damage|p1a: Azelf|1/100
|-heal|p2a: Ceruledge|91/100|[from] drain|[of] p1a: Azelf
|-damage|p2a: Ceruledge|81/100|[from] item: Life Orb
|
|upkeep
|turn|3
|
|t:|1769314904
|switch|p2a: Ninetales|Ninetales-Alola, F|100/100
|-weather|Snowscape|[from] ability: Snow Warning|[of] p2a: Ninetales
|move|p1a: Azelf|Psychic|p2a: Ninetales
|-damage|p2a: Ninetales|58/100
|-unboost|p2a: Ninetales|spd|1
|
|-weather|Snowscape|[upkeep]
|upkeep
|turn|4
|
|t:|1769314910
|move|p1a: Azelf|Flamethrower|p2a: Ninetales
|-supereffective|p2a: Ninetales
|-damage|p2a: Ninetales|0 fnt
|faint|p2a: Ninetales
|
|-weather|Snowscape|[upkeep]
|upkeep
|
|t:|1769314917
|switch|p2a: Iron Treads|Iron Treads|100/100
|-enditem|p2a: Iron Treads|Booster Energy
|-activate|p2a: Iron Treads|ability: Quark Drive|[fromitem]
|-start|p2a: Iron Treads|quarkdrivespe
|turn|5
|
|t:|1769314921
|move|p2a: Iron Treads|Rapid Spin|p1a: Azelf
|-damage|p1a: Azelf|0 fnt
|-boost|p2a: Iron Treads|spe|1
|faint|p1a: Azelf
|
|-weather|Snowscape|[upkeep]
|upkeep
|
|t:|1769314923
|switch|p1a: Ogerpon|Ogerpon-Wellspring, F|100/100
|turn|6
|
|t:|1769314926
|move|p2a: Iron Treads|Iron Defense|p2a: Iron Treads
|-boost|p2a: Iron Treads|def|2
|move|p1a: Ogerpon|Swords Dance|p1a: Ogerpon
|-boost|p1a: Ogerpon|atk|2
|
|-weather|Snowscape|[upkeep]
|upkeep
|turn|7
|
|t:|1769314930
|move|p2a: Iron Treads|Body Press|p1a: Ogerpon
|-damage|p1a: Ogerpon|43/100
|move|p1a: Ogerpon|Ivy Cudgel|p2a: Iron Treads|[anim] Ivy Cudgel Water
|-supereffective|p2a: Iron Treads
|-damage|p2a: Iron Treads|5/100
|
|-weather|none
|upkeep
|turn|8
|
|t:|1769314940
|switch|p1a: Scizor|Scizor, M|100/100
|move|p2a: Iron Treads|Body Press|p1a: Scizor
|-damage|p1a: Scizor|53/100
|
|upkeep
|turn|9
|
|t:|1769314944
|move|p1a: Scizor|Bullet Punch|p2a: Iron Treads
|-resisted|p2a: Iron Treads
|-damage|p2a: Iron Treads|0 fnt
|faint|p2a: Iron Treads
|-end|p2a: Iron Treads|Quark Drive|[silent]
|
|upkeep
|
|t:|1769314950
|switch|p2a: Ceruledge|Ceruledge, F|81/100
|turn|10
|
|t:|1769314954
|-terastallize|p1a: Scizor|Fire
|move|p2a: Ceruledge|Bitter Blade|p1a: Scizor
|-resisted|p1a: Scizor
|-damage|p1a: Scizor|19/100
|-heal|p2a: Ceruledge|99/100|[from] drain|[of] p1a: Scizor
|-damage|p2a: Ceruledge|90/100|[from] item: Life Orb
|move|p1a: Scizor|Knock Off|p2a: Ceruledge
|-supereffective|p2a: Ceruledge
|-damage|p2a: Ceruledge|0 fnt
|-enditem|p2a: Ceruledge|Life Orb|[from] move: Knock Off|[of] p1a: Scizor
|faint|p2a: Ceruledge
|
|upkeep
|
|t:|1769314966
|switch|p2a: Hydreigon|Hydreigon, F|100/100
|turn|11
|
|t:|1769314969
|-terastallize|p2a: Hydreigon|Steel
|move|p1a: Scizor|Bullet Punch|p2a: Hydreigon
|-resisted|p2a: Hydreigon
|-damage|p2a: Hydreigon|79/100
|move|p2a: Hydreigon|Substitute|p2a: Hydreigon
|-start|p2a: Hydreigon|Substitute
|-damage|p2a: Hydreigon|54/100
|
|-heal|p2a: Hydreigon|60/100|[from] item: Leftovers
|upkeep
|turn|12
|
|t:|1769314977
|move|p1a: Scizor|Bullet Punch|p2a: Hydreigon
|-resisted|p2a: Hydreigon
|-activate|p2a: Hydreigon|move: Substitute|[damage]
|move|p2a: Hydreigon|Dragon Pulse|p1a: Scizor
|-damage|p1a: Scizor|0 fnt
|faint|p1a: Scizor
|
|-heal|p2a: Hydreigon|67/100|[from] item: Leftovers
|upkeep
|
|t:|1769314980
|switch|p1a: Cinderace|Cinderace, F|100/100
|turn|13
|
|t:|1769314985
|move|p1a: Cinderace|Sucker Punch|p2a: Hydreigon
|-start|p1a: Cinderace|typechange|Dark|[from] ability: Libero
|-end|p2a: Hydreigon|Substitute
|move|p2a: Hydreigon|Dragon Pulse|p1a: Cinderace
|-damage|p1a: Cinderace|33/100
|
|-heal|p2a: Hydreigon|73/100|[from] item: Leftovers
|upkeep
|turn|14
|
|t:|1769314991
|move|p1a: Cinderace|Pyro Ball|p2a: Hydreigon|[miss]
|-miss|p1a: Cinderace|p2a: Hydreigon
|move|p2a: Hydreigon|Dragon Pulse|p1a: Cinderace
|-damage|p1a: Cinderace|0 fnt
|faint|p1a: Cinderace
|
|-heal|p2a: Hydreigon|79/100|[from] item: Leftovers
|upkeep
|
|t:|1769314994
|switch|p1a: Raging Bolt|Raging Bolt|100/100
|-enditem|p1a: Raging Bolt|Booster Energy
|-activate|p1a: Raging Bolt|ability: Protosynthesis|[fromitem]
|-start|p1a: Raging Bolt|protosynthesisspa
|turn|15
|
|t:|1769315009
|move|p1a: Raging Bolt|Thunderclap||[still]
|-fail|p1a: Raging Bolt
|move|p2a: Hydreigon|Substitute|p2a: Hydreigon
|-start|p2a: Hydreigon|Substitute
|-damage|p2a: Hydreigon|54/100
|
|-heal|p2a: Hydreigon|60/100|[from] item: Leftovers
|upkeep
|turn|16
|-message|lolcano46 forfeited.
|
|win|Alerjake
|raw|lolcano46's rating: 1470 &rarr; <strong>1453</strong><br />(-17 for losing)
|raw|Alerjake's rating: 1528 &rarr; <strong>1545</strong><br />(+17 for winning)
