|j|☆one thundillion
|j|☆Clair117
|t:|1769325570
|gametype|singles
|player|p1|one thundillion|2|1463
|player|p2|Clair117|courtney|1539
|gen|9
|tier|[Gen 9] OU
|rated|
|rule|HP Percentage Mod: HP is shown in percentages
|rule|Endless Battle Clause: Forcing endless battles is banned
|rule|Species Clause: Limit one of each Pokémon
|rule|OHKO Clause: OHKO moves are banned
|rule|Evasion Items Clause: Evasion items are banned
|rule|Evasion Moves Clause: Evasion moves are banned
|rule|Evasion Abilities Clause: Evasion abilities are banned
|rule|Sleep Moves Clause: Sleep-inducing moves are banned
|clearpoke
|poke|p1|Excadrill, F|
|poke|p1|Tyranitar, F|
|poke|p1|Ogerpon-Wellspring, F|
|poke|p1|Hydrapple, M|
|poke|p1|Slowking-Galar, M|
|poke|p1|Skarmory, M|
|poke|p2|Polteageist|
|poke|p2|Indeedee, M|
|poke|p2|Great Tusk|
|poke|p2|Ogerpon-Wellspring, F|
|poke|p2|Skarmory, M|
|poke|p2|Muk-Alola, M|
|teampreview
|inactive|Battle timer is ON: inactive players will automatically lose when time's up. (requested by one thundillion)
|
|t:|1769325573
|teamsize|p1|6
|teamsize|p2|6
|start
|switch|p1a: Tyranitar|Tyranitar, F|100/100
|switch|p2a: Ogerpon|Ogerpon-Wellspring, F|100/100
|-weather|Sandstorm|[from] ability: Sand Stream|[of] p1a: Tyranitar
|turn|1
|
|t:|1769325576
|switch|p1a: Hydrapple|Hydrapple, M|100/100
|move|p2a: Ogerpon|U-turn|p1a: Hydrapple
|-supereffective|p1a: Hydrapple
|-damage|p1a: Hydrapple|69/100
|-damage|p2a: Ogerpon|84/100|[from] item: Rocky Helmet|[of] p1a: Hydrapple
|
|t:|1769325582
|switch|p2a: Muk Monday|Muk-Alola, M|100/100|[from] U-turn
|
|-weather|Sandstorm|[upkeep]
|-damage|p2a: Muk Monday|94/100|[from] Sandstorm
|-damage|p1a: Hydrapple|63/100|[from] Sandstorm
|upkeep
|turn|2
|
|t:|1769325586
|switch|p1a: Skarmory|Skarmory, M|100/100
|-singleturn|p2a: Muk Monday|move: Focus Punch
|move|p2a: Muk Monday|Focus Punch|p1a: Skarmory
|-damage|p1a: Skarmory|72/100
|-damage|p2a: Muk Monday|78/100|[from] item: Rocky Helmet|[of] p1a: Skarmory
|
|-weather|Sandstorm|[upkeep]
|-damage|p2a: Muk Monday|72/100|[from] Sandstorm
|upkeep
|turn|3
|
|t:|1769325589
|move|p1a: Skarmory|Spikes|p2a: Muk Monday
|-sidestart|p2: Clair117|Spikes
|move|p2a: Muk Monday|Knock Off|p1a: Skarmory
|-damage|p1a: Skarmory|41/100
|-damage|p2a: Muk Monday|55/100|[from] item: Rocky Helmet|[of] p1a: Skarmory
|-enditem|p1a: Skarmory|Rocky Helmet|[from] move: Knock Off|[of] p2a: Muk Monday
|
|-weather|Sandstorm|[upkeep]
|-damage|p2a: Muk Monday|49/100|[from] Sandstorm
|upkeep
|turn|4
|
|t:|1769325593
|-singleturn|p2a: Muk Monday|move: Focus Punch
|move|p1a: Skarmory|Roost|p1a: Skarmory
|-heal|p1a: Skarmory|91/100
|-singleturn|p1a: Skarmory|move: Roost
|move|p2a: Muk Monday|Focus Punch|p1a: Skarmory
|-supereffective|p1a: Skarmory
|-damage|p1a: Skarmory|24/100
|
|-weather|Sandstorm|[upkeep]
|-damage|p2a: Muk Monday|43/100|[from] Sandstorm
|upkeep
|turn|5
|
|t:|1769325597
|move|p1a: Skarmory|Roost|p1a: Skarmory
|-heal|p1a: Skarmory|74/100
|-singleturn|p1a: Skarmory|move: Roost
|move|p2a: Muk Monday|Knock Off|p1a: Skarmory
|-damage|p1a: Skarmory|55/100
|
|-weather|Sandstorm|[upkeep]
|-damage|p2a: Muk Monday|37/100|[from] Sandstorm
|upkeep
|turn|6
|
|t:|1769325599
|-singleturn|p2a: Muk Monday|move: Focus Punch
|move|p1a: Skarmory|Roost|p1a: Skarmory
|-heal|p1a: Skarmory|100/100
|-singleturn|p1a: Skarmory|move: Roost
|move|p2a: Muk Monday|Focus Punch|p1a: Skarmory
|-supereffective|p1a: Skarmory
|-damage|p1a: Skarmory|42/100
|
|-weather|Sandstorm|[upkeep]
|-damage|p2a: Muk Monday|31/100|[from] Sandstorm
|upkeep
|turn|7
|
|t:|1769325602
|-singleturn|p2a: Muk Monday|move: Focus Punch
|move|p1a: Skarmory|Roost|p1a: Skarmory
|-heal|p1a: Skarmory|92/100
|-singleturn|p1a: Skarmory|move: Roost
|move|p2a: Muk Monday|Focus Punch|p1a: Skarmory
|-supereffective|p1a: Skarmory
|-damage|p1a: Skarmory|34/100
|
|-weather|Sandstorm|[upkeep]
|-damage|p2a: Muk Monday|25/100|[from] Sandstorm
|upkeep
|turn|8
|
|t:|1769325605
|move|p1a: Skarmory|Body Press|p2a: Muk Monday
|-damage|p2a: Muk Monday|0 fnt
|faint|p2a: Muk Monday
|
|-weather|none
|upkeep
|
|t:|1769325612
|switch|p2a: Ogerpon|Ogerpon-Wellspring, F|84/100
|-damage|p2a: Ogerpon|72/100|[from] Spikes
|turn|9
|
|t:|1769325616
|switch|p1a: Hydrapple|Hydrapple, M|96/100
|move|p2a: Ogerpon|Knock Off|p1a: Hydrapple
|-damage|p1a: Hydrapple|74/100
|-damage|p2a: Ogerpon|55/100|[from] item: Rocky Helmet|[of] p1a: Hydrapple
|-enditem|p1a: Hydrapple|Rocky Helmet|[from] move: Knock Off|[of] p2a: Ogerpon
|
|upkeep
|turn|10
|
|t:|1769325620
|move|p2a: Ogerpon|U-turn|p1a: Hydrapple
|-supereffective|p1a: Hydrapple
|-damage|p1a: Hydrapple|42/100
|
|t:|1769325622
|switch|p2a: Skarmory|Skarmory, M|100/100|[from] U-turn
|move|p1a: Hydrapple|Fickle Beam|p2a: Skarmory|[anim] Fickle Beam All Out
|-activate|p1a: Hydrapple|move: Fickle Beam
|-resisted|p2a: Skarmory
|-damage|p2a: Skarmory|59/100
|
|upkeep
|turn|11
|
|t:|1769325633
|switch|p1a: Slowking|Slowking-Galar, M|100/100
|move|p2a: Skarmory|Brave Bird|p1a: Slowking
|-damage|p1a: Slowking|68/100
|-damage|p2a: Skarmory|46/100|[from] Recoil
|
|upkeep
|turn|12
|
|t:|1769325636
|move|p2a: Skarmory|Roost|p2a: Skarmory
|-heal|p2a: Skarmory|96/100
|-singleturn|p2a: Skarmory|move: Roost
|move|p1a: Slowking|Thunder Wave|p2a: Skarmory
|-status|p2a: Skarmory|par
|
|upkeep
|turn|13
|
|t:|1769325639
|move|p2a: Skarmory|Spikes|p1a: Slowking
|-sidestart|p1: one thundillion|Spikes
|-prepare|p1a: Slowking|Chilly Reception|[premajor]
|move|p1a: Slowking|Chilly Reception|p1a: Slowking
|-weather|Snowscape
|
|t:|1769325641
|switch|p1a: Excadrill|Excadrill, F|100/100|[from] Chilly Reception
|-damage|p1a: Excadrill|88/100|[from] Spikes
|
|-weather|Snowscape|[upkeep]
|-heal|p1a: Excadrill|94/100|[from] item: Leftovers
|upkeep
|turn|14
|
|t:|1769325645
|move|p1a: Excadrill|Rapid Spin|p2a: Skarmory
|-resisted|p2a: Skarmory
|-damage|p2a: Skarmory|90/100 par
|-boost|p1a: Excadrill|spe|1
|-damage|p1a: Excadrill|78/100|[from] item: Rocky Helmet|[of] p2a: Skarmory
|-sideend|p1: one thundillion|Spikes|[from] move: Rapid Spin|[of] p1a: Excadrill
|cant|p2a: Skarmory|par
|
|-weather|Snowscape|[upkeep]
|-heal|p1a: Excadrill|84/100|[from] item: Leftovers
|upkeep
|turn|15
|
|t:|1769325648
|switch|p1a: Ogerpon|Ogerpon-Wellspring, F|100/100
|move|p2a: Skarmory|Spikes|p1a: Ogerpon
|-sidestart|p1: one thundillion|Spikes
|
|-weather|Snowscape|[upkeep]
|upkeep
|turn|16
|
|t:|1769325652
|move|p1a: Ogerpon|Swords Dance|p1a: Ogerpon
|-boost|p1a: Ogerpon|atk|2
|move|p2a: Skarmory|Brave Bird|p1a: Ogerpon
|-supereffective|p1a: Ogerpon
|-damage|p1a: Ogerpon|10/100
|-damage|p2a: Skarmory|63/100 par|[from] Recoil
|
|-weather|Snowscape|[upkeep]
|upkeep
|turn|17
|
|t:|1769325656
|switch|p2a: Ogerpon|Ogerpon-Wellspring, F|55/100
|-damage|p2a: Ogerpon|43/100|[from] Spikes
|move|p1a: Ogerpon|Ivy Cudgel|p2a: Ogerpon|[anim] Ivy Cudgel Water
|-heal|p2a: Ogerpon|68/100|[from] ability: Water Absorb|[of] p1a: Ogerpon
|
|-weather|none
|upkeep
|turn|18
|
|t:|1769325660
|move|p1a: Ogerpon|Horn Leech|p2a: Ogerpon
|-damage|p2a: Ogerpon|0 fnt
|-heal|p1a: Ogerpon|44/100|[from] drain|[of] p2a: Ogerpon
|faint|p2a: Ogerpon
|
|upkeep
|
|t:|1769325667
|switch|p2a: HonestMidsMichael|Indeedee, M|100/100
|-damage|p2a: HonestMidsMichael|88/100|[from] Spikes
|-fieldstart|move: Psychic Terrain|[from] ability: Psychic Surge|[of] p2a: HonestMidsMichael
|turn|19
|
|t:|1769325671
|move|p1a: Ogerpon|Horn Leech|p2a: HonestMidsMichael
|-damage|p2a: HonestMidsMichael|0 fnt
|-heal|p1a: Ogerpon|82/100|[from] drain|[of] p2a: HonestMidsMichael
|faint|p2a: HonestMidsMichael
|
|upkeep
|
|t:|1769325674
|switch|p2a: Skarmory|Skarmory, M|63/100 par
|turn|20
|
|t:|1769325677
|move|p1a: Ogerpon|Ivy Cudgel|p2a: Skarmory|[anim] Ivy Cudgel Water
|-damage|p2a: Skarmory|0 fnt
|faint|p2a: Skarmory
|
|upkeep
|
|t:|1769325679
|switch|p2a: Great Tusk|Great Tusk|100/100
|-damage|p2a: Great Tusk|88/100|[from] Spikes
|turn|21
|
|t:|1769325683
|-terastallize|p2a: Great Tusk|Ice
|move|p1a: Ogerpon|Ivy Cudgel|p2a: Great Tusk|[anim] Ivy Cudgel Water
|-damage|p2a: Great Tusk|15/100
|move|p2a: Great Tusk|Rapid Spin|p1a: Ogerpon
|-damage|p1a: Ogerpon|62/100
|-boost|p2a: Great Tusk|spe|1
|-sideend|p2: Clair117|Spikes|[from] move: Rapid Spin|[of] p2a: Great Tusk
|
|upkeep
|turn|22
|
|t:|1769325688
|move|p2a: Great Tusk|Headlong Rush|p1a: Ogerpon
|-resisted|p1a: Ogerpon
|-damage|p1a: Ogerpon|26/100
|-unboost|p2a: Great Tusk|def|1
|-unboost|p2a: Great Tusk|spd|1
|move|p1a: Ogerpon|Horn Leech|p2a: Great Tusk
|-crit|p2a: Great Tusk
|-damage|p2a: Great Tusk|0 fnt
|-heal|p1a: Ogerpon|37/100|[from] drain|[of] p2a: Great Tusk
|-damage|p1a: Ogerpon|20/100|[from] item: Rocky Helmet|[of] p2a: Great Tusk
|faint|p2a: Great Tusk
|-end|p2a: Great Tusk|Protosynthesis|[silent]
|
|upkeep
|
|t:|1769325691
|switch|p2a: 22+ Frames|Polteageist|100/100
|turn|23
|-message|Clair117 forfeited.
|
|win|one thundillion
|raw|one thundillion's rating: 1463 &rarr; <strong>1487</strong><br />(+24 for winning)
|raw|Clair117's rating: 1539 &rarr; <strong>1515</strong><br />(-24 for losing)
|l|☆Clair117
|player|p2|
|l|☆one thundillion
|player|p1|
