|j|☆tkmanz
|j|☆Xander910
|t:|1769379435
|gametype|singles
|player|p1|tkmanz|benga|
|player|p2|Xander910|n|
|gen|9
|tier|[Gen 9] OU
|rule|HP Percentage Mod: HP is shown in percentages
|rule|Endless Battle Clause: Forcing endless battles is banned
|rule|Species Clause: Limit one of each Pokémon
|rule|OHKO Clause: OHKO moves are banned
|rule|Evasion Items Clause: Evasion items are banned
|rule|Evasion Moves Clause: Evasion moves are banned
|rule|Evasion Abilities Clause: Evasion abilities are banned
|rule|Sleep Moves Clause: Sleep-inducing moves are banned
|clearpoke
|poke|p1|Garganacl, F|
|poke|p1|Iron Valiant|
|poke|p1|Iron Moth|
|poke|p1|Salamence, F|
|poke|p1|Ogerpon-Wellspring, F|
|poke|p1|Zarude|
|poke|p2|Rillaboom, F|
|poke|p2|Heatran, M|
|poke|p2|Tornadus-Therian, M|
|poke|p2|Iron Treads|
|poke|p2|Cinderace, F|
|poke|p2|Gliscor, M|
|teampreview
|
|t:|1769379443
|teamsize|p1|6
|teamsize|p2|6
|start
|switch|p1a: Zarude|Zarude|100/100
|switch|p2a: Gliscor|Gliscor, M, shiny|100/100
|turn|1
|
|t:|1769379449
|move|p1a: Zarude|Bulk Up|p1a: Zarude
|-boost|p1a: Zarude|atk|1
|-boost|p1a: Zarude|def|1
|move|p2a: Gliscor|Swords Dance|p2a: Gliscor
|-boost|p2a: Gliscor|atk|2
|
|-status|p2a: Gliscor|tox|[from] item: Toxic Orb
|upkeep
|turn|2
|
|t:|1769379462
|move|p1a: Zarude|Power Whip|p2a: Gliscor
|-damage|p2a: Gliscor|47/100 tox
|move|p2a: Gliscor|Swords Dance|p2a: Gliscor
|-boost|p2a: Gliscor|atk|2
|
|-heal|p2a: Gliscor|59/100 tox|[from] ability: Poison Heal
|upkeep
|turn|3
|
|t:|1769379469
|move|p1a: Zarude|Power Whip|p2a: Gliscor
|-damage|p2a: Gliscor|4/100 tox
|move|p2a: Gliscor|Ice Fang|p1a: Zarude
|-supereffective|p1a: Zarude
|-damage|p1a: Zarude|58/100
|
|-heal|p1a: Zarude|64/100|[from] item: Leftovers
|-heal|p2a: Gliscor|17/100 tox|[from] ability: Poison Heal
|upkeep
|turn|4
|
|t:|1769379481
|move|p1a: Zarude|Power Whip|p2a: Gliscor
|-damage|p2a: Gliscor|0 fnt
|faint|p2a: Gliscor
|
|-heal|p1a: Zarude|70/100|[from] item: Leftovers
|upkeep
|
|t:|1769379487
|switch|p2a: Heatran|Heatran, M, shiny|100/100
|turn|5
|
|t:|1769379497
|switch|p1a: Salamence|Salamence, F|100/100
|-ability|p1a: Salamence|Intimidate|boost
|-unboost|p2a: Heatran|atk|1
|move|p2a: Heatran|Magma Storm|p1a: Salamence
|-resisted|p1a: Salamence
|-damage|p1a: Salamence|72/100
|-activate|p1a: Salamence|move: Magma Storm|[of] p2a: Heatran
|
|-damage|p1a: Salamence|60/100|[from] move: Magma Storm|[partiallytrapped]
|upkeep
|turn|6
|
|t:|1769379512
|move|p2a: Heatran|Protect|p2a: Heatran
|-singleturn|p2a: Heatran|Protect
|move|p1a: Salamence|Hydro Pump|p2a: Heatran
|-activate|p2a: Heatran|move: Protect
|
|-damage|p1a: Salamence|48/100|[from] move: Magma Storm|[partiallytrapped]
|upkeep
|turn|7
|
|t:|1769379532
|switch|p2a: Rillaboom|Rillaboom, F, shiny|100/100
|-fieldstart|move: Grassy Terrain|[from] ability: Grassy Surge|[of] p2a: Rillaboom
|move|p1a: Salamence|Hydro Pump|p2a: Rillaboom
|-resisted|p2a: Rillaboom
|-damage|p2a: Rillaboom|77/100
|
|-heal|p2a: Rillaboom|83/100|[from] Grassy Terrain
|-end|p1a: Salamence|Magma Storm|[partiallytrapped]|[silent]
|upkeep
|turn|8
|
|t:|1769379550
|switch|p1a: Iron Moth|Iron Moth|100/100
|-enditem|p1a: Iron Moth|Booster Energy
|-activate|p1a: Iron Moth|ability: Quark Drive|[fromitem]
|-start|p1a: Iron Moth|quarkdrivespe
|move|p2a: Rillaboom|Grassy Glide|p1a: Iron Moth
|-resisted|p1a: Iron Moth
|-damage|p1a: Iron Moth|82/100
|
|-heal|p1a: Iron Moth|88/100|[from] Grassy Terrain
|-heal|p2a: Rillaboom|89/100|[from] Grassy Terrain
|upkeep
|turn|9
|
|t:|1769379572
|switch|p2a: Heatran|Heatran, M, shiny|100/100
|move|p1a: Iron Moth|Fiery Dance|p2a: Heatran
|-start|p2a: Heatran|ability: Flash Fire
|
|-heal|p1a: Iron Moth|94/100|[from] Grassy Terrain
|upkeep
|turn|10
|
|t:|1769379590
|-end|p1a: Iron Moth|Quark Drive|[silent]
|switch|p1a: Ogerpon|Ogerpon-Wellspring, F|100/100
|move|p2a: Heatran|Earth Power|p1a: Ogerpon
|-resisted|p1a: Ogerpon
|-damage|p1a: Ogerpon|86/100
|
|-heal|p1a: Ogerpon|92/100|[from] Grassy Terrain
|upkeep
|turn|11
|
|t:|1769379614
|-end|p2a: Heatran|ability: Flash Fire|[silent]
|switch|p2a: Tornadus|Tornadus-Therian, M, shiny|100/100
|move|p1a: Ogerpon|Ivy Cudgel|p2a: Tornadus|[anim] Ivy Cudgel Water
|-damage|p2a: Tornadus|23/100
|
|-heal|p1a: Ogerpon|98/100|[from] Grassy Terrain
|-fieldend|move: Grassy Terrain
|upkeep
|turn|12
|
|t:|1769379627
|switch|p1a: Salamence|Salamence, F|48/100
|-ability|p1a: Salamence|Intimidate|boost
|-unboost|p2a: Tornadus|atk|1
|move|p2a: Tornadus|Hurricane|p1a: Salamence
|-damage|p1a: Salamence|0 fnt
|faint|p1a: Salamence
|
|upkeep
|
|t:|1769379636
|switch|p1a: Zarude|Zarude|70/100
|turn|13
|
|t:|1769379650
|move|p2a: Tornadus|Heat Wave|p1a: Zarude
|-supereffective|p1a: Zarude
|-damage|p1a: Zarude|29/100
|move|p1a: Zarude|Drain Punch|p2a: Tornadus
|-resisted|p2a: Tornadus
|-damage|p2a: Tornadus|10/100
|-heal|p1a: Zarude|34/100|[from] drain|[of] p2a: Tornadus
|
|-heal|p1a: Zarude|40/100|[from] item: Leftovers
|upkeep
|turn|14
|
|t:|1769379659
|move|p2a: Tornadus|Heat Wave|p1a: Zarude
|-supereffective|p1a: Zarude
|-damage|p1a: Zarude|0 fnt
|faint|p1a: Zarude
|
|upkeep
|
|t:|1769379668
|switch|p1a: Iron Valiant|Iron Valiant|100/100
|-enditem|p1a: Iron Valiant|Booster Energy
|-activate|p1a: Iron Valiant|ability: Quark Drive|[fromitem]
|-start|p1a: Iron Valiant|quarkdrivespe
|turn|15
|
|t:|1769379694
|switch|p2a: Rillaboom|Rillaboom, F, shiny|89/100
|-fieldstart|move: Grassy Terrain|[from] ability: Grassy Surge|[of] p2a: Rillaboom
|move|p1a: Iron Valiant|Ice Punch|p2a: Rillaboom
|-supereffective|p2a: Rillaboom
|-damage|p2a: Rillaboom|29/100
|
|-heal|p2a: Rillaboom|35/100|[from] Grassy Terrain
|upkeep
|turn|16
|
|t:|1769379703
|move|p2a: Rillaboom|Grassy Glide|p1a: Iron Valiant
|-damage|p1a: Iron Valiant|26/100
|move|p1a: Iron Valiant|Ice Punch|p2a: Rillaboom
|-supereffective|p2a: Rillaboom
|-damage|p2a: Rillaboom|0 fnt
|faint|p2a: Rillaboom
|
|-heal|p1a: Iron Valiant|33/100|[from] Grassy Terrain
|upkeep
|
|t:|1769379718
|switch|p2a: Cinderace|Cinderace, F, shiny|100/100
|turn|17
|
|t:|1769379728
|move|p1a: Iron Valiant|Liquidation|p2a: Cinderace
|-supereffective|p2a: Cinderace
|-damage|p2a: Cinderace|14/100
|-unboost|p2a: Cinderace|def|1
|move|p2a: Cinderace|Pyro Ball|p1a: Iron Valiant
|-damage|p1a: Iron Valiant|0 fnt
|faint|p1a: Iron Valiant
|-end|p1a: Iron Valiant|Quark Drive|[silent]
|
|-heal|p2a: Cinderace|20/100|[from] Grassy Terrain
|upkeep
|
|t:|1769379738
|switch|p1a: Garganacl|Garganacl, F|100/100
|turn|18
|
|t:|1769379746
|move|p2a: Cinderace|Sucker Punch|p1a: Garganacl
|-start|p2a: Cinderace|typechange|Dark|[from] ability: Libero
|-damage|p1a: Garganacl|77/100
|move|p1a: Garganacl|Earthquake|p2a: Cinderace
|-damage|p2a: Cinderace|0 fnt
|faint|p2a: Cinderace
|
|-heal|p1a: Garganacl|83/100|[from] Grassy Terrain
|-heal|p1a: Garganacl|90/100|[from] item: Leftovers
|upkeep
|
|t:|1769379769
|switch|p2a: Iron Treads|Iron Treads, shiny|100/100
|-enditem|p2a: Iron Treads|Booster Energy
|-activate|p2a: Iron Treads|ability: Quark Drive|[fromitem]
|-start|p2a: Iron Treads|quarkdrivespe
|turn|19
|
|t:|1769379778
|move|p2a: Iron Treads|Ice Spinner|p1a: Garganacl
|-damage|p1a: Garganacl|72/100
|-fieldend|move: Grassy Terrain
|move|p1a: Garganacl|Salt Cure|p2a: Iron Treads
|-resisted|p2a: Iron Treads
|-damage|p2a: Iron Treads|97/100
|-start|p2a: Iron Treads|Salt Cure
|
|-heal|p1a: Garganacl|78/100|[from] item: Leftovers
|-damage|p2a: Iron Treads|72/100|[from] Salt Cure
|upkeep
|turn|20
|
|t:|1769379788
|move|p2a: Iron Treads|Earthquake|p1a: Garganacl
|-supereffective|p1a: Garganacl
|-damage|p1a: Garganacl|17/100
|move|p1a: Garganacl|Stealth Rock|p2a: Iron Treads
|-sidestart|p2: Xander910|move: Stealth Rock
|
|-heal|p1a: Garganacl|24/100|[from] item: Leftovers
|-damage|p2a: Iron Treads|48/100|[from] Salt Cure
|upkeep
|turn|21
|
|t:|1769379799
|switch|p1a: Ogerpon|Ogerpon-Wellspring, F|98/100
|move|p2a: Iron Treads|Earthquake|p1a: Ogerpon
|-resisted|p1a: Ogerpon
|-damage|p1a: Ogerpon|65/100
|
|-damage|p2a: Iron Treads|23/100|[from] Salt Cure
|upkeep
|turn|22
|
|t:|1769379814
|move|p2a: Iron Treads|Ice Spinner|p1a: Ogerpon
|-damage|p1a: Ogerpon|31/100
|move|p1a: Ogerpon|Ivy Cudgel|p2a: Iron Treads|[anim] Ivy Cudgel Water
|-supereffective|p2a: Iron Treads
|-damage|p2a: Iron Treads|0 fnt
|faint|p2a: Iron Treads
|-end|p2a: Iron Treads|Quark Drive|[silent]
|
|upkeep
|
|t:|1769379820
|switch|p2a: Tornadus|Tornadus-Therian, M, shiny|43/100
|turn|23
|
|t:|1769379834
|switch|p1a: Iron Moth|Iron Moth|94/100
|move|p2a: Tornadus|Hurricane|p1a: Iron Moth|[miss]
|-miss|p2a: Tornadus|p1a: Iron Moth
|
|upkeep
|turn|24
|
|t:|1769379852
|switch|p2a: Heatran|Heatran, M, shiny|100/100
|-damage|p2a: Heatran|88/100|[from] Stealth Rock
|move|p1a: Iron Moth|Fiery Dance|p2a: Heatran
|-start|p2a: Heatran|ability: Flash Fire
|
|-heal|p2a: Heatran|94/100|[from] item: Leftovers
|upkeep
|turn|25
|
|t:|1769379863
|move|p1a: Iron Moth|Dazzling Gleam|p2a: Heatran
|-resisted|p2a: Heatran
|-damage|p2a: Heatran|90/100
|move|p2a: Heatran|Magma Storm|p1a: Iron Moth
|-resisted|p1a: Iron Moth
|-damage|p1a: Iron Moth|60/100
|-activate|p1a: Iron Moth|move: Magma Storm|[of] p2a: Heatran
|
|-heal|p2a: Heatran|96/100|[from] item: Leftovers
|-damage|p1a: Iron Moth|48/100|[from] move: Magma Storm|[partiallytrapped]
|upkeep
|turn|26
|
|t:|1769379883
|move|p1a: Iron Moth|Energy Ball|p2a: Heatran
|-resisted|p2a: Heatran
|-damage|p2a: Heatran|92/100
|move|p2a: Heatran|Magma Storm|p1a: Iron Moth
|-resisted|p1a: Iron Moth
|-damage|p1a: Iron Moth|13/100
|
|-heal|p2a: Heatran|98/100|[from] item: Leftovers
|-damage|p1a: Iron Moth|0 fnt|[from] move: Magma Storm|[partiallytrapped]
|faint|p1a: Iron Moth
|-end|p1a: Iron Moth|Quark Drive|[silent]
|upkeep
|
|t:|1769379893
|switch|p1a: Garganacl|Garganacl, F|24/100
|turn|27
|
|t:|1769379902
|move|p2a: Heatran|Magma Storm|p1a: Garganacl
|-resisted|p1a: Garganacl
|-damage|p1a: Garganacl|2/100
|-activate|p1a: Garganacl|move: Magma Storm|[of] p2a: Heatran
|move|p1a: Garganacl|Recover|p1a: Garganacl
|-heal|p1a: Garganacl|52/100
|
|-heal|p2a: Heatran|100/100|[from] item: Leftovers
|-heal|p1a: Garganacl|58/100|[from] item: Leftovers
|-damage|p1a: Garganacl|46/100|[from] move: Magma Storm|[partiallytrapped]
|upkeep
|turn|28
|
|t:|1769379911
|move|p2a: Heatran|Earth Power|p1a: Garganacl
|-supereffective|p1a: Garganacl
|-damage|p1a: Garganacl|13/100
|move|p1a: Garganacl|Recover|p1a: Garganacl
|-heal|p1a: Garganacl|63/100
|
|-heal|p1a: Garganacl|69/100|[from] item: Leftovers
|-damage|p1a: Garganacl|57/100|[from] move: Magma Storm|[partiallytrapped]
|upkeep
|turn|29
|
|t:|1769379920
|move|p2a: Heatran|Earth Power|p1a: Garganacl
|-supereffective|p1a: Garganacl
|-crit|p1a: Garganacl
|-damage|p1a: Garganacl|6/100
|move|p1a: Garganacl|Recover|p1a: Garganacl
|-heal|p1a: Garganacl|56/100
|
|-heal|p1a: Garganacl|63/100|[from] item: Leftovers
|-damage|p1a: Garganacl|50/100|[from] move: Magma Storm|[partiallytrapped]
|upkeep
|turn|30
|
|t:|1769379930
|move|p2a: Heatran|Earth Power|p1a: Garganacl
|-supereffective|p1a: Garganacl
|-damage|p1a: Garganacl|14/100
|move|p1a: Garganacl|Salt Cure|p2a: Heatran
|-damage|p2a: Heatran|90/100
|-start|p2a: Heatran|Salt Cure
|
|-heal|p2a: Heatran|96/100|[from] item: Leftovers
|-heal|p1a: Garganacl|20/100|[from] item: Leftovers
|-damage|p2a: Heatran|71/100|[from] Salt Cure
|-damage|p1a: Garganacl|8/100|[from] move: Magma Storm|[partiallytrapped]
|upkeep
|turn|31
|
|t:|1769379943
|move|p2a: Heatran|Earth Power|p1a: Garganacl
|-supereffective|p1a: Garganacl
|-damage|p1a: Garganacl|0 fnt
|faint|p1a: Garganacl
|
|-heal|p2a: Heatran|77/100|[from] item: Leftovers
|-damage|p2a: Heatran|52/100|[from] Salt Cure
|upkeep
|
|t:|1769379950
|switch|p1a: Ogerpon|Ogerpon-Wellspring, F|31/100
|turn|32
|
|t:|1769379966
|move|p1a: Ogerpon|Ivy Cudgel|p2a: Heatran|[anim] Ivy Cudgel Water
|-supereffective|p2a: Heatran
|-damage|p2a: Heatran|0 fnt
|faint|p2a: Heatran
|
|upkeep
|
|t:|1769379970
|switch|p2a: Tornadus|Tornadus-Therian, M, shiny|76/100
|turn|33
|
|t:|1769379981
|move|p2a: Tornadus|U-turn|p1a: Ogerpon
|-supereffective|p1a: Ogerpon
|-damage|p1a: Ogerpon|0 fnt
|faint|p1a: Ogerpon
|
|win|Xander910
|l|☆tkmanz
|player|p1|
