|j|☆gigapoophater
|j|‽ilbkjbi
|t:|1769406953
|gametype|singles
|player|p1|gigapoophater|1|1109
|player|p2|ilbkjbi|169|1116
|gen|9
|tier|[Gen 9] OU
|rated|
|rule|HP Percentage Mod: HP is shown in percentages
|rule|Endless Battle Clause: Forcing endless battles is banned
|rule|Species Clause: Limit one of each Pokémon
|rule|OHKO Clause: OHKO moves are banned
|rule|Evasion Items Clause: Evasion items are banned
|rule|Evasion Moves Clause: Evasion moves are banned
|rule|Evasion Abilities Clause: Evasion abilities are banned
|rule|Sleep Moves Clause: Sleep-inducing moves are banned
|clearpoke
|poke|p1|Squawkabilly, F|
|poke|p1|Electivire, F|
|poke|p1|Rampardos, F|
|poke|p1|Orthworm, M|
|poke|p1|Swanna, M|
|poke|p1|Spiritomb, M|
|poke|p2|Ogerpon, F|
|poke|p2|Landorus-Therian, M|
|poke|p2|Glastrier|
|poke|p2|Crawdaunt, M|
|poke|p2|Pecharunt|
|poke|p2|Heatran, M|
|teampreview
|inactive|Battle timer is ON: inactive players will automatically lose when time's up. (requested by ilbkjbi)
|
|t:|1769406985
|teamsize|p1|6
|teamsize|p2|6
|start
|switch|p1a: Rampardos|Rampardos, F|100/100
|switch|p2a: Landorus|Landorus-Therian, M|100/100
|-ability|p2a: Landorus|Intimidate|boost
|-fail|p1a: Rampardos|unboost|[from] item: Clear Amulet|[of] p1a: Rampardos
|-ability|p1a: Rampardos|Mold Breaker
|turn|1
|
|t:|1769406996
|-terastallize|p1a: Rampardos|Grass
|move|p2a: Landorus|Earthquake|p1a: Rampardos
|-resisted|p1a: Rampardos
|-damage|p1a: Rampardos|66/100
|move|p1a: Rampardos|Avalanche|p2a: Landorus
|-supereffective|p2a: Landorus
|-damage|p2a: Landorus|0 fnt
|faint|p2a: Landorus
|
|upkeep
|
|t:|1769407010
|switch|p2a: Ogerpon|Ogerpon, F|100/100
|turn|2
|
|t:|1769407030
|switch|p1a: Orthworm|Orthworm, M|100/100
|-terastallize|p2a: Ogerpon|Grass
|detailschange|p2a: Ogerpon|Ogerpon-Teal-Tera, F, tera:Grass
|-ability|p2a: Ogerpon|Embody Aspect (Teal)|boost
|-boost|p2a: Ogerpon|spe|1
|move|p2a: Ogerpon|Ivy Cudgel|p1a: Orthworm
|-resisted|p1a: Orthworm
|-damage|p1a: Orthworm|72/100
|
|upkeep
|turn|3
|
|t:|1769407042
|switch|p2a: Heatran|Heatran, M|100/100
|move|p1a: Orthworm|Body Press|p2a: Heatran
|-supereffective|p2a: Heatran
|-damage|p2a: Heatran|45/100
|
|-heal|p2a: Heatran|51/100|[from] item: Leftovers
|upkeep
|turn|4
|
|t:|1769407051
|switch|p1a: Swanna|Swanna, M|100/100
|move|p2a: Heatran|Overheat|p1a: Swanna
|-resisted|p1a: Swanna
|-crit|p1a: Swanna
|-damage|p1a: Swanna|5/100
|-unboost|p2a: Heatran|spa|2
|
|-heal|p2a: Heatran|57/100|[from] item: Leftovers
|upkeep
|turn|5
|
|t:|1769407060
|switch|p2a: Crawdaunt|Crawdaunt, M|100/100
|move|p1a: Swanna|Hydro Pump|p2a: Crawdaunt
|-resisted|p2a: Crawdaunt
|-damage|p2a: Crawdaunt|54/100
|
|upkeep
|turn|6
|
|t:|1769407069
|move|p1a: Swanna|Feather Dance|p2a: Crawdaunt
|-unboost|p2a: Crawdaunt|atk|2
|move|p2a: Crawdaunt|Dragon Dance|p2a: Crawdaunt
|-boost|p2a: Crawdaunt|atk|1
|-boost|p2a: Crawdaunt|spe|1
|
|upkeep
|turn|7
|
|t:|1769407076
|move|p2a: Crawdaunt|Aqua Jet|p1a: Swanna
|-resisted|p1a: Swanna
|-damage|p1a: Swanna|0 fnt
|faint|p1a: Swanna
|-damage|p2a: Crawdaunt|45/100|[from] item: Life Orb
|
|upkeep
|
|t:|1769407087
|switch|p1a: Orthworm|Orthworm, M|72/100
|turn|8
|
|t:|1769407091
|move|p2a: Crawdaunt|Knock Off|p1a: Orthworm
|-damage|p1a: Orthworm|39/100
|-damage|p2a: Crawdaunt|28/100|[from] item: Rocky Helmet|[of] p1a: Orthworm
|-enditem|p1a: Orthworm|Rocky Helmet|[from] move: Knock Off|[of] p2a: Crawdaunt
|-damage|p2a: Crawdaunt|18/100|[from] item: Life Orb
|move|p1a: Orthworm|Coil|p1a: Orthworm
|-boost|p1a: Orthworm|atk|1
|-boost|p1a: Orthworm|def|1
|-boost|p1a: Orthworm|accuracy|1
|
|upkeep
|turn|9
|
|t:|1769407103
|move|p2a: Crawdaunt|Crabhammer|p1a: Orthworm
|-damage|p1a: Orthworm|17/100
|-damage|p2a: Crawdaunt|9/100|[from] item: Life Orb
|move|p1a: Orthworm|Stealth Rock|p2a: Crawdaunt
|-sidestart|p2: ilbkjbi|move: Stealth Rock
|
|upkeep
|turn|10
|
|t:|1769407110
|move|p2a: Crawdaunt|Crabhammer|p1a: Orthworm
|-damage|p1a: Orthworm|0 fnt
|faint|p1a: Orthworm
|-damage|p2a: Crawdaunt|0 fnt|[from] item: Life Orb
|faint|p2a: Crawdaunt
|
|upkeep
|
|t:|1769407126
|switch|p2a: Glastrier|Glastrier|100/100
|switch|p1a: Spiritomb|Spiritomb, M, shiny|100/100
|-ability|p1a: Spiritomb|Pressure
|-damage|p2a: Glastrier|76/100|[from] Stealth Rock
|turn|11
|
|t:|1769407134
|move|p1a: Spiritomb|Will-O-Wisp|p2a: Glastrier
|-status|p2a: Glastrier|brn
|move|p2a: Glastrier|Icicle Crash|p1a: Spiritomb
|-damage|p1a: Spiritomb|73/100
|
|-heal|p1a: Spiritomb|79/100|[from] item: Leftovers
|-damage|p2a: Glastrier|70/100 brn|[from] brn
|upkeep
|turn|12
|
|t:|1769407149
|move|p1a: Spiritomb|Hex|p2a: Glastrier
|-damage|p2a: Glastrier|46/100 brn
|move|p2a: Glastrier|Icicle Crash|p1a: Spiritomb
|-damage|p1a: Spiritomb|52/100
|
|-heal|p1a: Spiritomb|58/100|[from] item: Leftovers
|-damage|p2a: Glastrier|40/100 brn|[from] brn
|upkeep
|turn|13
|
|t:|1769407158
|move|p1a: Spiritomb|Foul Play|p2a: Glastrier
|-damage|p2a: Glastrier|1/100 brn
|move|p2a: Glastrier|Icicle Crash|p1a: Spiritomb
|-damage|p1a: Spiritomb|30/100
|
|-heal|p1a: Spiritomb|36/100|[from] item: Leftovers
|-damage|p2a: Glastrier|0 fnt|[from] brn
|faint|p2a: Glastrier
|upkeep
|
|t:|1769407167
|switch|p2a: Ogerpon|Ogerpon-Teal-Tera, F, tera:Grass|100/100
|-damage|p2a: Ogerpon|88/100|[from] Stealth Rock
|-ability|p2a: Ogerpon|Embody Aspect (Teal)|boost
|-boost|p2a: Ogerpon|spe|1
|turn|14
|
|t:|1769407181
|move|p2a: Ogerpon|Ivy Cudgel|p1a: Spiritomb
|-damage|p1a: Spiritomb|0 fnt
|faint|p1a: Spiritomb
|
|upkeep
|
|t:|1769407186
|switch|p1a: Squawkabilly|Squawkabilly, F, shiny|100/100
|turn|15
|
|t:|1769407195
|switch|p2a: Pecharunt|Pecharunt|100/100
|-damage|p2a: Pecharunt|88/100|[from] Stealth Rock
|move|p1a: Squawkabilly|Quick Attack|p2a: Pecharunt
|-immune|p2a: Pecharunt
|
|upkeep
|turn|16
|
|t:|1769407203
|switch|p1a: Electivire|Electivire, F|100/100
|move|p2a: Pecharunt|Malignant Chain|p1a: Electivire
|-damage|p1a: Electivire|74/100
|-status|p1a: Electivire|tox
|-start|p1a: Electivire|confusion|[from] ability: Poison Puppeteer|[of] p2a: Pecharunt
|
|-damage|p1a: Electivire|68/100 tox|[from] psn
|upkeep
|turn|17
|
|t:|1769407214
|-activate|p1a: Electivire|confusion
|move|p1a: Electivire|Earthquake|p2a: Pecharunt
|-supereffective|p2a: Pecharunt
|-damage|p2a: Pecharunt|52/100
|move|p2a: Pecharunt|Malignant Chain|p1a: Electivire
|-damage|p1a: Electivire|42/100 tox
|
|-damage|p1a: Electivire|29/100 tox|[from] psn
|upkeep
|turn|18
|
|t:|1769407223
|-activate|p1a: Electivire|confusion
|move|p1a: Electivire|Earthquake|p2a: Pecharunt
|-supereffective|p2a: Pecharunt
|-damage|p2a: Pecharunt|14/100
|move|p2a: Pecharunt|Recover|p2a: Pecharunt
|-heal|p2a: Pecharunt|64/100
|
|-damage|p1a: Electivire|11/100 tox|[from] psn
|upkeep
|turn|19
|
|t:|1769407231
|-activate|p1a: Electivire|confusion
|-damage|p1a: Electivire|0 fnt|[from] confusion
|faint|p1a: Electivire
|move|p2a: Pecharunt|Recover|p2a: Pecharunt
|-heal|p2a: Pecharunt|100/100
|
|upkeep
|
|t:|1769407242
|switch|p1a: Squawkabilly|Squawkabilly, F, shiny|100/100
|turn|20
|
|t:|1769407246
|move|p1a: Squawkabilly|Brave Bird|p2a: Pecharunt
|-crit|p2a: Pecharunt
|-damage|p2a: Pecharunt|14/100
|-damage|p1a: Squawkabilly|65/100|[from] Recoil
|move|p2a: Pecharunt|Malignant Chain|p1a: Squawkabilly
|-damage|p1a: Squawkabilly|9/100
|-status|p1a: Squawkabilly|tox
|-start|p1a: Squawkabilly|confusion|[from] ability: Poison Puppeteer|[of] p2a: Pecharunt
|
|-damage|p1a: Squawkabilly|3/100 tox|[from] psn
|upkeep
|turn|21
|-message|gigapoophater forfeited.
|
|win|ilbkjbi
|raw|gigapoophater's rating: 1109 &rarr; <strong>1085</strong><br />(-24 for losing)
|raw|ilbkjbi's rating: 1116 &rarr; <strong>1140</strong><br />(+24 for winning)
|l|‽ilbkjbi
|player|p2|
