|j|☆Mik22
|j|☆SuZo
|t:|1769404774
|gametype|singles
|player|p1|Mik22|265|1448
|player|p2|SuZo|cynthia-gen7|1384
|gen|9
|tier|[Gen 9] OU
|rated|
|rule|HP Percentage Mod: HP is shown in percentages
|rule|Endless Battle Clause: Forcing endless battles is banned
|rule|Species Clause: Limit one of each Pokémon
|rule|OHKO Clause: OHKO moves are banned
|rule|Evasion Items Clause: Evasion items are banned
|rule|Evasion Moves Clause: Evasion moves are banned
|rule|Evasion Abilities Clause: Evasion abilities are banned
|rule|Sleep Moves Clause: Sleep-inducing moves are banned
|clearpoke
|poke|p1|Kingambit, M|
|poke|p1|Pelipper, F|
|poke|p1|Kingdra, F|
|poke|p1|Iron Hands|
|poke|p1|Ogerpon-Wellspring, F|
|poke|p1|Hoopa-Unbound|
|poke|p2|Scizor, M|
|poke|p2|Raging Bolt|
|poke|p2|Moltres|
|poke|p2|Great Tusk|
|poke|p2|Ogerpon-Wellspring, F|
|poke|p2|Kingambit, M|
|teampreview
|inactive|Battle timer is ON: inactive players will automatically lose when time's up. (requested by Mik22)
|
|t:|1769404791
|teamsize|p1|6
|teamsize|p2|6
|start
|switch|p1a: Pelipper|Pelipper, F|100/100
|switch|p2a: Raging Bolt|Raging Bolt|100/100
|-weather|RainDance|[from] ability: Drizzle|[of] p1a: Pelipper
|turn|1
|
|t:|1769404802
|switch|p1a: Hoopa|Hoopa-Unbound|100/100
|move|p2a: Raging Bolt|Volt Switch|p1a: Hoopa
|-damage|p1a: Hoopa|80/100
|
|t:|1769404811
|-end|p2a: Raging Bolt|Protosynthesis|[silent]
|switch|p2a: Ogerpon|Ogerpon-Wellspring, F|100/100|[from] Volt Switch
|
|-weather|RainDance|[upkeep]
|upkeep
|turn|2
|
|t:|1769404818
|switch|p1a: Iron Hands|Iron Hands|100/100
|move|p2a: Ogerpon|U-turn|p1a: Iron Hands
|-resisted|p1a: Iron Hands
|-damage|p1a: Iron Hands|91/100
|
|t:|1769404825
|switch|p2a: Raging Bolt|Raging Bolt|100/100|[from] U-turn
|
|-weather|RainDance|[upkeep]
|upkeep
|turn|3
|
|t:|1769404832
|move|p2a: Raging Bolt|Draco Meteor|p1a: Iron Hands
|-damage|p1a: Iron Hands|27/100
|-unboost|p2a: Raging Bolt|spa|2
|move|p1a: Iron Hands|Ice Punch|p2a: Raging Bolt
|-supereffective|p2a: Raging Bolt
|-damage|p2a: Raging Bolt|50/100
|
|-weather|RainDance|[upkeep]
|-heal|p2a: Raging Bolt|56/100|[from] item: Leftovers
|upkeep
|turn|4
|
|t:|1769404842
|move|p2a: Raging Bolt|Draco Meteor|p1a: Iron Hands
|-damage|p1a: Iron Hands|0 fnt
|-unboost|p2a: Raging Bolt|spa|2
|faint|p1a: Iron Hands
|-end|p1a: Iron Hands|Quark Drive|[silent]
|
|-weather|RainDance|[upkeep]
|-heal|p2a: Raging Bolt|63/100|[from] item: Leftovers
|upkeep
|
|t:|1769404849
|switch|p1a: Ogerpon|Ogerpon-Wellspring, F|100/100
|turn|5
|
|t:|1769404855
|-end|p2a: Raging Bolt|Protosynthesis|[silent]
|switch|p2a: Moltres|Moltres|100/100
|move|p1a: Ogerpon|Swords Dance|p1a: Ogerpon
|-boost|p1a: Ogerpon|atk|2
|
|-weather|RainDance|[upkeep]
|upkeep
|turn|6
|
|t:|1769404863
|-terastallize|p2a: Moltres|Grass
|move|p1a: Ogerpon|Ivy Cudgel|p2a: Moltres|[anim] Ivy Cudgel Water
|-resisted|p2a: Moltres
|-damage|p2a: Moltres|42/100
|move|p2a: Moltres|Will-O-Wisp|p1a: Ogerpon|[miss]
|-miss|p2a: Moltres|p1a: Ogerpon
|
|-weather|RainDance|[upkeep]
|upkeep
|turn|7
|
|t:|1769404874
|move|p1a: Ogerpon|Ivy Cudgel|p2a: Moltres|[anim] Ivy Cudgel Water
|-resisted|p2a: Moltres
|-damage|p2a: Moltres|0 fnt
|faint|p2a: Moltres
|
|-weather|RainDance|[upkeep]
|upkeep
|
|t:|1769404880
|switch|p2a: Ogerpon|Ogerpon-Wellspring, F|100/100
|turn|8
|
|t:|1769404883
|move|p1a: Ogerpon|Horn Leech|p2a: Ogerpon
|-damage|p2a: Ogerpon|0 fnt
|faint|p2a: Ogerpon
|
|-weather|none
|upkeep
|
|t:|1769404892
|switch|p2a: Raging Bolt|Raging Bolt|63/100
|turn|9
|
|t:|1769404895
|move|p2a: Raging Bolt|Thunderclap|p1a: Ogerpon
|-damage|p1a: Ogerpon|48/100
|move|p1a: Ogerpon|Play Rough|p2a: Raging Bolt
|-supereffective|p2a: Raging Bolt
|-damage|p2a: Raging Bolt|0 fnt
|faint|p2a: Raging Bolt
|-end|p2a: Raging Bolt|Protosynthesis|[silent]
|
|upkeep
|
|t:|1769404905
|switch|p2a: Kingambit|Kingambit, M|100/100
|-activate|p2a: Kingambit|ability: Supreme Overlord
|-start|p2a: Kingambit|fallen3|[silent]
|turn|10
|
|t:|1769404909
|move|p2a: Kingambit|Sucker Punch|p1a: Ogerpon
|-damage|p1a: Ogerpon|0 fnt
|faint|p1a: Ogerpon
|
|upkeep
|
|t:|1769404916
|switch|p1a: Hoopa|Hoopa-Unbound|80/100
|turn|11
|
|t:|1769404922
|-end|p2a: Kingambit|fallen3|[silent]
|switch|p2a: Great Tusk|Great Tusk|100/100
|move|p1a: Hoopa|Drain Punch|p2a: Great Tusk
|-damage|p2a: Great Tusk|81/100
|-heal|p1a: Hoopa|90/100|[from] drain|[of] p2a: Great Tusk
|
|upkeep
|turn|12
|
|t:|1769404930
|move|p2a: Great Tusk|Stealth Rock|p1a: Hoopa
|-sidestart|p1: Mik22|move: Stealth Rock
|move|p1a: Hoopa|Psychic Noise|p2a: Great Tusk
|-supereffective|p2a: Great Tusk
|-damage|p2a: Great Tusk|0 fnt
|faint|p2a: Great Tusk
|-end|p2a: Great Tusk|Protosynthesis|[silent]
|
|upkeep
|
|t:|1769404937
|switch|p2a: Scizor|Scizor, M|100/100
|turn|13
|
|t:|1769404944
|switch|p1a: Pelipper|Pelipper, F|100/100
|-damage|p1a: Pelipper|76/100|[from] Stealth Rock
|-weather|RainDance|[from] ability: Drizzle|[of] p1a: Pelipper
|move|p2a: Scizor|Swords Dance|p2a: Scizor
|-boost|p2a: Scizor|atk|2
|
|-weather|RainDance|[upkeep]
|upkeep
|turn|14
|
|t:|1769404953
|move|p2a: Scizor|Knock Off|p1a: Pelipper
|-damage|p1a: Pelipper|20/100
|-enditem|p1a: Pelipper|Damp Rock|[from] move: Knock Off|[of] p2a: Scizor
|move|p1a: Pelipper|U-turn|p2a: Scizor
|-resisted|p2a: Scizor
|-damage|p2a: Scizor|95/100
|
|t:|1769404957
|switch|p1a: Kingdra|Kingdra, F, shiny|100/100|[from] U-turn
|-damage|p1a: Kingdra|88/100|[from] Stealth Rock
|
|-weather|RainDance|[upkeep]
|upkeep
|turn|15
|
|t:|1769404968
|move|p2a: Scizor|Bullet Punch|p1a: Kingdra
|-resisted|p1a: Kingdra
|-damage|p1a: Kingdra|40/100
|move|p1a: Kingdra|Weather Ball|p2a: Scizor
|-damage|p2a: Scizor|0 fnt
|faint|p2a: Scizor
|
|-weather|RainDance|[upkeep]
|upkeep
|
|t:|1769404976
|switch|p2a: Kingambit|Kingambit, M|100/100
|-activate|p2a: Kingambit|ability: Supreme Overlord
|-start|p2a: Kingambit|fallen5|[silent]
|turn|16
|
|t:|1769404980
|move|p2a: Kingambit|Sucker Punch|p1a: Kingdra
|-damage|p1a: Kingdra|0 fnt
|faint|p1a: Kingdra
|
|-weather|RainDance|[upkeep]
|upkeep
|
|t:|1769404983
|switch|p1a: Hoopa|Hoopa-Unbound|90/100
|-damage|p1a: Hoopa|77/100|[from] Stealth Rock
|turn|17
|
|t:|1769404988
|move|p2a: Kingambit|Sucker Punch|p1a: Hoopa
|-damage|p1a: Hoopa|0 fnt
|faint|p1a: Hoopa
|
|-weather|RainDance|[upkeep]
|upkeep
|
|t:|1769404991
|switch|p1a: Pelipper|Pelipper, F|20/100
|-damage|p1a: Pelipper|0 fnt|[from] Stealth Rock
|faint|p1a: Pelipper
|
|t:|1769404992
|switch|p1a: Kingambit|Kingambit, M, shiny|100/100
|-damage|p1a: Kingambit|94/100|[from] Stealth Rock
|-activate|p1a: Kingambit|ability: Supreme Overlord
|-start|p1a: Kingambit|fallen5|[silent]
|turn|18
|
|t:|1769404999
|move|p1a: Kingambit|Low Kick|p2a: Kingambit
|-supereffective|p2a: Kingambit
|-damage|p2a: Kingambit|0 fnt
|faint|p2a: Kingambit
|-end|p2a: Kingambit|fallen5|[silent]
|
|win|Mik22
|raw|Mik22's rating: 1448 &rarr; <strong>1464</strong><br />(+16 for winning)
|raw|SuZo's rating: 1384 &rarr; <strong>1368</strong><br />(-16 for losing)
|l|☆Mik22
|player|p1|
|l|☆SuZo
|player|p2|
