|j|☆USofVenezuela
|j|☆sk_pk123
|t:|1769432679
|gametype|singles
|player|p1|USofVenezuela|169|1290
|player|p2|sk_pk123|red|1328
|gen|9
|tier|[Gen 9] OU
|rated|
|rule|HP Percentage Mod: HP is shown in percentages
|rule|Endless Battle Clause: Forcing endless battles is banned
|rule|Species Clause: Limit one of each Pokémon
|rule|OHKO Clause: OHKO moves are banned
|rule|Evasion Items Clause: Evasion items are banned
|rule|Evasion Moves Clause: Evasion moves are banned
|rule|Evasion Abilities Clause: Evasion abilities are banned
|rule|Sleep Moves Clause: Sleep-inducing moves are banned
|clearpoke
|poke|p1|Tyranitar, F|
|poke|p1|Excadrill, M|
|poke|p1|Corviknight, M|
|poke|p1|Alomomola, F|
|poke|p1|Scizor, M|
|poke|p1|Gholdengo|
|poke|p2|Greninja-*, M|
|poke|p2|Pelipper, M|
|poke|p2|Tentacruel, M|
|poke|p2|Whimsicott, M|
|poke|p2|Zapdos|
|poke|p2|Basculegion, M|
|teampreview
|inactive|Battle timer is ON: inactive players will automatically lose when time's up. (requested by sk_pk123)
|
|t:|1769432703
|teamsize|p1|6
|teamsize|p2|6
|start
|switch|p1a: Alomomola|Alomomola, F|100/100
|switch|p2a: Tentacruel|Tentacruel, M|100/100
|turn|1
|
|t:|1769432714
|switch|p1a: Tyranitar|Tyranitar, F|100/100
|-weather|Sandstorm|[from] ability: Sand Stream|[of] p1a: Tyranitar
|move|p2a: Tentacruel|Rapid Spin|p1a: Tyranitar
|-resisted|p1a: Tyranitar
|-damage|p1a: Tyranitar|96/100
|-boost|p2a: Tentacruel|spe|1
|
|-weather|Sandstorm|[upkeep]
|-damage|p2a: Tentacruel|95/100|[from] Sandstorm
|-heal|p2a: Tentacruel|100/100|[from] item: Leftovers
|upkeep
|turn|2
|
|t:|1769432724
|move|p2a: Tentacruel|Toxic Spikes|p1a: Tyranitar
|-sidestart|p1: USofVenezuela|move: Toxic Spikes
|move|p1a: Tyranitar|Knock Off|p2a: Tentacruel
|-damage|p2a: Tentacruel|11/100
|-enditem|p2a: Tentacruel|Leftovers|[from] move: Knock Off|[of] p1a: Tyranitar
|
|-weather|Sandstorm|[upkeep]
|-damage|p2a: Tentacruel|5/100|[from] Sandstorm
|upkeep
|turn|3
|
|t:|1769432732
|move|p2a: Tentacruel|Liquidation|p1a: Tyranitar
|-supereffective|p1a: Tyranitar
|-damage|p1a: Tyranitar|49/100
|move|p1a: Tyranitar|Stealth Rock|p2a: Tentacruel
|-sidestart|p2: sk_pk123|move: Stealth Rock
|
|-weather|Sandstorm|[upkeep]
|-damage|p2a: Tentacruel|0 fnt|[from] Sandstorm
|faint|p2a: Tentacruel
|upkeep
|
|t:|1769432739
|switch|p2a: Pelipper|Pelipper, M|100/100
|-damage|p2a: Pelipper|76/100|[from] Stealth Rock
|-weather|RainDance|[from] ability: Drizzle|[of] p2a: Pelipper
|turn|4
|
|t:|1769432759
|switch|p1a: Alomomola|Alomomola, F|100/100
|move|p2a: Pelipper|Weather Ball|p1a: Alomomola
|-resisted|p1a: Alomomola
|-damage|p1a: Alomomola|74/100
|
|-weather|RainDance|[upkeep]
|upkeep
|turn|5
|
|t:|1769432768
|move|p1a: Alomomola|Flip Turn|p2a: Pelipper
|-resisted|p2a: Pelipper
|-damage|p2a: Pelipper|65/100
|
|t:|1769432776
|switch|p1a: Corviknight|Corviknight, M|100/100|[from] Flip Turn
|-ability|p1a: Corviknight|Pressure
|move|p2a: Pelipper|Hurricane|p1a: Corviknight
|-resisted|p1a: Corviknight
|-damage|p1a: Corviknight|76/100
|
|-weather|RainDance|[upkeep]
|upkeep
|turn|6
|
|t:|1769432787
|switch|p1a: Alomomola|Alomomola, F|100/100
|move|p2a: Pelipper|Weather Ball|p1a: Alomomola
|-resisted|p1a: Alomomola
|-damage|p1a: Alomomola|75/100
|
|-weather|RainDance|[upkeep]
|upkeep
|turn|7
|
|t:|1769432793
|move|p1a: Alomomola|Protect|p1a: Alomomola
|-singleturn|p1a: Alomomola|Protect
|move|p2a: Pelipper|U-turn|p1a: Alomomola
|-activate|p1a: Alomomola|move: Protect
|
|-weather|RainDance|[upkeep]
|upkeep
|turn|8
|
|t:|1769432802
|move|p1a: Alomomola|Wish|p1a: Alomomola
|move|p2a: Pelipper|U-turn|p1a: Alomomola
|-damage|p1a: Alomomola|69/100
|
|t:|1769432808
|switch|p2a: Zapdos|Zapdos|100/100|[from] U-turn
|
|-weather|RainDance|[upkeep]
|upkeep
|turn|9
|
|t:|1769432820
|switch|p1a: Tyranitar|Tyranitar, F|49/100
|-status|p1a: Tyranitar|psn
|-weather|Sandstorm|[from] ability: Sand Stream|[of] p1a: Tyranitar
|move|p2a: Zapdos|Thunder|p1a: Tyranitar
|-damage|p1a: Tyranitar|16/100 psn
|
|-weather|Sandstorm|[upkeep]
|-damage|p2a: Zapdos|94/100|[from] Sandstorm
|-heal|p1a: Tyranitar|82/100 psn|[from] move: Wish|[wisher] Alomomola
|-damage|p1a: Tyranitar|69/100 psn|[from] psn
|upkeep
|turn|10
|
|t:|1769432837
|move|p2a: Zapdos|Volt Switch|p1a: Tyranitar
|-damage|p1a: Tyranitar|48/100 psn
|
|t:|1769432839
|switch|p2a: Pelipper|Pelipper, M|65/100|[from] Volt Switch
|-damage|p2a: Pelipper|40/100|[from] Stealth Rock
|-weather|RainDance|[from] ability: Drizzle|[of] p2a: Pelipper
|move|p1a: Tyranitar|Knock Off|p2a: Pelipper
|-damage|p2a: Pelipper|0 fnt
|-enditem|p2a: Pelipper|Damp Rock|[from] move: Knock Off|[of] p1a: Tyranitar
|faint|p2a: Pelipper
|
|-weather|RainDance|[upkeep]
|-damage|p1a: Tyranitar|36/100 psn|[from] psn
|upkeep
|
|t:|1769432847
|switch|p2a: Zapdos|Zapdos|94/100
|turn|11
|inactive|USofVenezuela has 120 seconds left.
|
|t:|1769432881
|switch|p1a: Alomomola|Alomomola, F|100/100
|move|p2a: Zapdos|Weather Ball|p1a: Alomomola
|-resisted|p1a: Alomomola
|-damage|p1a: Alomomola|80/100
|
|-weather|RainDance|[upkeep]
|upkeep
|turn|12
|
|t:|1769432889
|move|p1a: Alomomola|Protect|p1a: Alomomola
|-singleturn|p1a: Alomomola|Protect
|move|p2a: Zapdos|Thunder|p1a: Alomomola
|-activate|p1a: Alomomola|move: Protect
|
|-weather|RainDance|[upkeep]
|upkeep
|turn|13
|
|t:|1769432897
|switch|p1a: Tyranitar|Tyranitar, F|36/100 psn
|-weather|Sandstorm|[from] ability: Sand Stream|[of] p1a: Tyranitar
|move|p2a: Zapdos|Thunder|p1a: Tyranitar
|-damage|p1a: Tyranitar|5/100 psn
|
|-weather|Sandstorm|[upkeep]
|-damage|p2a: Zapdos|88/100|[from] Sandstorm
|-damage|p1a: Tyranitar|0 fnt|[from] psn
|faint|p1a: Tyranitar
|upkeep
|inactive|USofVenezuela has 120 seconds left.
|
|t:|1769432920
|switch|p1a: Excadrill|Excadrill, M|100/100
|turn|14
|
|t:|1769432928
|switch|p2a: Whimsicott|Whimsicott, M|100/100
|-damage|p2a: Whimsicott|88/100|[from] Stealth Rock
|move|p1a: Excadrill|Swords Dance|p1a: Excadrill
|-boost|p1a: Excadrill|atk|2
|
|-weather|Sandstorm|[upkeep]
|-damage|p2a: Whimsicott|82/100|[from] Sandstorm
|upkeep
|turn|15
|
|t:|1769432933
|switch|p1a: Gholdengo|Gholdengo|100/100
|-item|p1a: Gholdengo|Air Balloon
|move|p2a: Whimsicott|Tailwind|p2a: Whimsicott
|-sidestart|p2: sk_pk123|move: Tailwind
|
|-weather|Sandstorm|[upkeep]
|-damage|p2a: Whimsicott|76/100|[from] Sandstorm
|upkeep
|turn|16
|
|t:|1769432940
|switch|p2a: Basculegion|Basculegion, M|100/100
|-damage|p2a: Basculegion|88/100|[from] Stealth Rock
|move|p1a: Gholdengo|Make It Rain|p2a: Basculegion
|-resisted|p2a: Basculegion
|-damage|p2a: Basculegion|53/100
|-unboost|p1a: Gholdengo|spa|1
|
|-weather|Sandstorm|[upkeep]
|-damage|p2a: Basculegion|47/100|[from] Sandstorm
|upkeep
|turn|17
|
|t:|1769432957
|switch|p1a: Corviknight|Corviknight, M|76/100
|-ability|p1a: Corviknight|Pressure
|move|p2a: Basculegion|Wave Crash|p1a: Corviknight
|-damage|p1a: Corviknight|31/100
|-damage|p2a: Basculegion|31/100|[from] item: Rocky Helmet|[of] p1a: Corviknight
|-damage|p2a: Basculegion|15/100|[from] Recoil
|
|-weather|Sandstorm|[upkeep]
|-damage|p2a: Basculegion|9/100|[from] Sandstorm
|upkeep
|turn|18
|
|t:|1769432962
|move|p2a: Basculegion|Wave Crash|p1a: Corviknight
|-damage|p1a: Corviknight|0 fnt
|-damage|p2a: Basculegion|0 fnt|[from] item: Rocky Helmet|[of] p1a: Corviknight
|faint|p1a: Corviknight
|faint|p2a: Basculegion
|
|-weather|Sandstorm|[upkeep]
|-sideend|p2: sk_pk123|move: Tailwind
|upkeep
|
|t:|1769432968
|switch|p2a: Whimsicott|Whimsicott, M|76/100
|switch|p1a: Excadrill|Excadrill, M|100/100
|-damage|p2a: Whimsicott|64/100|[from] Stealth Rock
|turn|19
|
|t:|1769432975
|move|p2a: Whimsicott|Tailwind|p2a: Whimsicott
|-sidestart|p2: sk_pk123|move: Tailwind
|move|p1a: Excadrill|Rapid Spin|p2a: Whimsicott
|-damage|p2a: Whimsicott|37/100
|-boost|p1a: Excadrill|spe|1
|-sideend|p1: USofVenezuela|Toxic Spikes|[from] move: Rapid Spin|[of] p1a: Excadrill
|
|-weather|Sandstorm|[upkeep]
|-damage|p2a: Whimsicott|30/100|[from] Sandstorm
|upkeep
|turn|20
|
|t:|1769432987
|move|p1a: Excadrill|Rapid Spin|p2a: Whimsicott
|-damage|p2a: Whimsicott|1/100
|-boost|p1a: Excadrill|spe|1
|move|p2a: Whimsicott|Energy Ball|p1a: Excadrill
|-damage|p1a: Excadrill|56/100
|
|-weather|none
|upkeep
|turn|21
|
|t:|1769432995
|move|p2a: Whimsicott|Energy Ball|p1a: Excadrill
|-damage|p1a: Excadrill|10/100
|move|p1a: Excadrill|Rapid Spin|p2a: Whimsicott
|-damage|p2a: Whimsicott|0 fnt
|-boost|p1a: Excadrill|spe|1
|faint|p2a: Whimsicott
|
|upkeep
|
|t:|1769433000
|switch|p2a: Greninja|Greninja, M|100/100
|-damage|p2a: Greninja|88/100|[from] Stealth Rock
|turn|22
|
|t:|1769433007
|switch|p1a: Alomomola|Alomomola, F|100/100
|move|p2a: Greninja|Water Shuriken|p1a: Alomomola
|-resisted|p1a: Alomomola
|-damage|p1a: Alomomola|97/100
|-resisted|p1a: Alomomola
|-damage|p1a: Alomomola|94/100
|-resisted|p1a: Alomomola
|-damage|p1a: Alomomola|91/100
|-hitcount|p1a: Alomomola|3
|-damage|p2a: Greninja|78/100|[from] item: Life Orb
|
|-sideend|p2: sk_pk123|move: Tailwind
|upkeep
|turn|23
|
|t:|1769433015
|move|p1a: Alomomola|Protect|p1a: Alomomola
|-singleturn|p1a: Alomomola|Protect
|move|p2a: Greninja|Dark Pulse|p1a: Alomomola
|-activate|p1a: Alomomola|move: Protect
|
|upkeep
|turn|24
|
|t:|1769433021
|switch|p2a: Zapdos|Zapdos|88/100
|move|p1a: Alomomola|Flip Turn|p2a: Zapdos
|-damage|p2a: Zapdos|70/100
|
|t:|1769433029
|switch|p1a: Gholdengo|Gholdengo|100/100|[from] Flip Turn
|-item|p1a: Gholdengo|Air Balloon
|
|upkeep
|turn|25
|
|t:|1769433035
|move|p2a: Zapdos|Thunder|p1a: Gholdengo
|-damage|p1a: Gholdengo|35/100
|-enditem|p1a: Gholdengo|Air Balloon
|move|p1a: Gholdengo|Nasty Plot|p1a: Gholdengo
|-boost|p1a: Gholdengo|spa|2
|
|upkeep
|turn|26
|
|t:|1769433041
|move|p2a: Zapdos|Thunder|p1a: Gholdengo
|-damage|p1a: Gholdengo|0 fnt
|faint|p1a: Gholdengo
|
|upkeep
|
|t:|1769433049
|switch|p1a: Excadrill|Excadrill, M|10/100
|turn|27
|
|t:|1769433053
|move|p2a: Zapdos|Hurricane|p1a: Excadrill|[miss]
|-miss|p2a: Zapdos|p1a: Excadrill
|move|p1a: Excadrill|Iron Head|p2a: Zapdos
|-resisted|p2a: Zapdos
|-damage|p2a: Zapdos|43/100
|
|upkeep
|turn|28
|
|t:|1769433056
|move|p2a: Zapdos|Hurricane|p1a: Excadrill
|-resisted|p1a: Excadrill
|-damage|p1a: Excadrill|0 fnt
|faint|p1a: Excadrill
|
|upkeep
|
|t:|1769433059
|switch|p1a: Scizor|Scizor, M|100/100
|turn|29
|
|t:|1769433065
|-terastallize|p1a: Scizor|Steel
|move|p1a: Scizor|Bullet Punch|p2a: Zapdos
|-resisted|p2a: Zapdos
|-damage|p2a: Zapdos|3/100
|-status|p1a: Scizor|par|[from] ability: Static|[of] p2a: Zapdos
|move|p2a: Zapdos|Volt Switch|p1a: Scizor
|-damage|p1a: Scizor|46/100 par
|
|t:|1769433073
|switch|p2a: Greninja|Greninja, M|78/100|[from] Volt Switch
|-damage|p2a: Greninja|66/100|[from] Stealth Rock
|
|upkeep
|turn|30
|
|t:|1769433079
|switch|p1a: Alomomola|Alomomola, F|100/100
|move|p2a: Greninja|Surf|p1a: Alomomola
|-resisted|p1a: Alomomola
|-damage|p1a: Alomomola|80/100
|-damage|p2a: Greninja|56/100|[from] item: Life Orb
|
|upkeep
|turn|31
|
|t:|1769433087
|move|p2a: Greninja|Dark Pulse|p1a: Alomomola
|-damage|p1a: Alomomola|48/100
|-damage|p2a: Greninja|46/100|[from] item: Life Orb
|move|p1a: Alomomola|Wish|p1a: Alomomola
|
|upkeep
|turn|32
|
|t:|1769433094
|move|p2a: Greninja|Dark Pulse|p1a: Alomomola
|-damage|p1a: Alomomola|16/100
|-damage|p2a: Greninja|37/100|[from] item: Life Orb
|move|p1a: Alomomola|Flip Turn|p2a: Greninja
|-resisted|p2a: Greninja
|-damage|p2a: Greninja|25/100
|
|t:|1769433097
|switch|p1a: Scizor|Scizor, M, tera:Steel|46/100 par|[from] Flip Turn
|
|-heal|p1a: Scizor|100/100 par|[from] move: Wish|[wisher] Alomomola
|upkeep
|turn|33
|
|t:|1769433101
|move|p1a: Scizor|Bullet Punch|p2a: Greninja
|-resisted|p2a: Greninja
|-damage|p2a: Greninja|0 fnt
|faint|p2a: Greninja
|
|upkeep
|
|t:|1769433105
|switch|p2a: Zapdos|Zapdos|3/100
|turn|34
|
|t:|1769433108
|move|p1a: Scizor|Bullet Punch|p2a: Zapdos
|-resisted|p2a: Zapdos
|-damage|p2a: Zapdos|0 fnt
|faint|p2a: Zapdos
|
|win|USofVenezuela
|raw|USofVenezuela's rating: 1290 &rarr; <strong>1318</strong><br />(+28 for winning)
|raw|sk_pk123's rating: 1328 &rarr; <strong>1306</strong><br />(-22 for losing)
|l|☆USofVenezuela
|player|p1|
|l|☆sk_pk123
|player|p2|
