|j|☆151htyrneh
|j|☆kielsama
|t:|1769421203
|gametype|singles
|player|p1|151htyrneh|wallace|1738
|player|p2|kielsama|169|1753
|gen|9
|tier|[Gen 9] OU
|rated|
|rule|HP Percentage Mod: HP is shown in percentages
|rule|Endless Battle Clause: Forcing endless battles is banned
|rule|Species Clause: Limit one of each Pokémon
|rule|OHKO Clause: OHKO moves are banned
|rule|Evasion Items Clause: Evasion items are banned
|rule|Evasion Moves Clause: Evasion moves are banned
|rule|Evasion Abilities Clause: Evasion abilities are banned
|rule|Sleep Moves Clause: Sleep-inducing moves are banned
|clearpoke
|poke|p1|Glimmora, M|
|poke|p1|Landorus-Therian, M|
|poke|p1|Kyurem|
|poke|p1|Kingambit, M|
|poke|p1|Iron Valiant|
|poke|p1|Hatterene, F|
|poke|p2|Araquanid, F|
|poke|p2|Gholdengo|
|poke|p2|Iron Moth|
|poke|p2|Iron Valiant|
|poke|p2|Raging Bolt|
|poke|p2|Kingambit, F|
|teampreview
|
|t:|1769421208
|teamsize|p1|6
|teamsize|p2|6
|start
|switch|p1a: Landorus|Landorus-Therian, M|100/100
|switch|p2a: QUIL|Araquanid, F|100/100
|-ability|p1a: Landorus|Intimidate|boost
|-unboost|p2a: QUIL|atk|1
|turn|1
|
|t:|1769421218
|move|p1a: Landorus|U-turn|p2a: QUIL
|-damage|p2a: QUIL|82/100
|
|t:|1769421220
|switch|p1a: Kyurem|Kyurem|100/100|[from] U-turn
|-ability|p1a: Kyurem|Pressure
|move|p2a: QUIL|Sticky Web|p1a: Kyurem
|-sidestart|p1: 151htyrneh|move: Sticky Web
|
|upkeep
|turn|2
|
|t:|1769421226
|move|p1a: Kyurem|Freeze-Dry|p2a: QUIL
|-supereffective|p2a: QUIL
|-damage|p2a: QUIL|25/100
|move|p2a: QUIL|Endeavor|p1a: Kyurem
|-damage|p1a: Kyurem|21/100
|
|upkeep
|turn|3
|-enditem|p2a: QUIL|Custap Berry|[eat]
|-activate|p2a: QUIL|item: Custap Berry|[consumed]
|
|t:|1769421241
|move|p2a: QUIL|Surf|p1a: Kyurem
|-resisted|p1a: Kyurem
|-damage|p1a: Kyurem|11/100
|move|p1a: Kyurem|Freeze-Dry|p2a: QUIL
|-supereffective|p2a: QUIL
|-damage|p2a: QUIL|0 fnt
|faint|p2a: QUIL
|
|upkeep
|
|t:|1769421250
|switch|p2a: CALA|Iron Moth|100/100
|-enditem|p2a: CALA|Booster Energy
|-activate|p2a: CALA|ability: Quark Drive|[fromitem]
|-start|p2a: CALA|quarkdrivespa
|turn|4
|j| beeboobaa
|
|t:|1769421266
|move|p2a: CALA|Fiery Dance|p1a: Kyurem
|-damage|p1a: Kyurem|0 fnt
|faint|p1a: Kyurem
|
|upkeep
|
|t:|1769421267
|switch|p1a: Glimmora|Glimmora, M|100/100
|-activate|p1a: Glimmora|move: Sticky Web
|-unboost|p1a: Glimmora|spe|1
|turn|5
|l| beeboobaa
|
|t:|1769421278
|move|p2a: CALA|Substitute|p2a: CALA
|-start|p2a: CALA|Substitute
|-damage|p2a: CALA|76/100
|move|p1a: Glimmora|Dazzling Gleam|p2a: CALA
|-resisted|p2a: CALA
|-activate|p2a: CALA|move: Substitute|[damage]
|
|upkeep
|turn|6
|j| shedtailhater
|
|t:|1769421303
|switch|p1a: Landorus|Landorus-Therian, M|100/100
|-ability|p1a: Landorus|Intimidate|boost
|-immune|p2a: CALA
|move|p2a: CALA|Energy Ball|p1a: Landorus
|-damage|p1a: Landorus|50/100
|
|upkeep
|turn|7
|
|t:|1769421313
|move|p2a: CALA|Energy Ball|p1a: Landorus
|-damage|p1a: Landorus|0 fnt
|faint|p1a: Landorus
|
|upkeep
|-message|151htyrneh forfeited.
|
|win|kielsama
|raw|151htyrneh's rating: 1738 &rarr; <strong>1719</strong><br />(-19 for losing)
|raw|kielsama's rating: 1753 &rarr; <strong>1772</strong><br />(+19 for winning)
|l|☆151htyrneh
|player|p1|
|l| shedtailhater
|l|☆kielsama
|player|p2|
