|j|☆Johveon
|j|☆Skayboy31
|t:|1769337356
|gametype|singles
|player|p1|Johveon|norman|1172
|player|p2|Skayboy31|lucas|1207
|gen|9
|tier|[Gen 9] OU
|rated|
|rule|HP Percentage Mod: HP is shown in percentages
|rule|Endless Battle Clause: Forcing endless battles is banned
|rule|Species Clause: Limit one of each Pokémon
|rule|OHKO Clause: OHKO moves are banned
|rule|Evasion Items Clause: Evasion items are banned
|rule|Evasion Moves Clause: Evasion moves are banned
|rule|Evasion Abilities Clause: Evasion abilities are banned
|rule|Sleep Moves Clause: Sleep-inducing moves are banned
|clearpoke
|poke|p1|Rillaboom, M|
|poke|p1|Great Tusk|
|poke|p1|Gyarados, M|
|poke|p1|Iron Moth|
|poke|p1|Azelf|
|poke|p1|Kyurem|
|poke|p2|Ogerpon-Wellspring, F|
|poke|p2|Garganacl, F|
|poke|p2|Landorus-Therian, M|
|poke|p2|Cinderace, M|
|poke|p2|Skeledirge, F|
|poke|p2|Kyurem|
|teampreview
|
|t:|1769337364
|teamsize|p1|6
|teamsize|p2|6
|start
|switch|p1a: Azelf|Azelf|100/100
|switch|p2a: Kyurem|Kyurem|100/100
|-ability|p2a: Kyurem|Pressure
|turn|1
|
|t:|1769337381
|switch|p2a: Skeledirge|Skeledirge, F|100/100
|move|p1a: Azelf|Stealth Rock|p2a: Skeledirge
|-sidestart|p2: Skayboy31|move: Stealth Rock
|
|upkeep
|turn|2
|
|t:|1769337386
|move|p1a: Azelf|Taunt|p2a: Skeledirge
|-start|p2a: Skeledirge|move: Taunt
|move|p2a: Skeledirge|Hex|p1a: Azelf
|-supereffective|p1a: Azelf
|-crit|p1a: Azelf
|-enditem|p1a: Azelf|Focus Sash
|-damage|p1a: Azelf|1/100
|
|upkeep
|turn|3
|
|t:|1769337401
|move|p1a: Azelf|Thunder Wave|p2a: Skeledirge
|-status|p2a: Skeledirge|par
|cant|p2a: Skeledirge|par
|
|upkeep
|turn|4
|
|t:|1769337408
|move|p1a: Azelf|Stealth Rock||[still]
|-fail|p1a: Azelf
|move|p2a: Skeledirge|Hex|p1a: Azelf
|-supereffective|p1a: Azelf
|-damage|p1a: Azelf|0 fnt
|faint|p1a: Azelf
|
|-end|p2a: Skeledirge|move: Taunt
|upkeep
|
|t:|1769337421
|switch|p1a: Gyarados|Gyarados, M|100/100
|-ability|p1a: Gyarados|Intimidate|boost
|-unboost|p2a: Skeledirge|atk|1
|turn|5
|
|t:|1769337431
|switch|p2a: Ogerpon|Ogerpon-Wellspring, F|100/100
|-damage|p2a: Ogerpon|88/100|[from] Stealth Rock
|move|p1a: Gyarados|Dragon Dance|p1a: Gyarados
|-boost|p1a: Gyarados|atk|1
|-boost|p1a: Gyarados|spe|1
|
|upkeep
|turn|6
|
|t:|1769337459
|-terastallize|p1a: Gyarados|Flying
|move|p1a: Gyarados|Tera Blast|p2a: Ogerpon|[anim] Tera Blast Flying
|-supereffective|p2a: Ogerpon
|-damage|p2a: Ogerpon|0 fnt
|faint|p2a: Ogerpon
|
|upkeep
|
|t:|1769337471
|switch|p2a: Kyurem|Kyurem|100/100
|-damage|p2a: Kyurem|75/100|[from] Stealth Rock
|-ability|p2a: Kyurem|Pressure
|turn|7
|
|t:|1769337476
|move|p1a: Gyarados|Tera Blast|p2a: Kyurem|[anim] Tera Blast Flying
|-damage|p2a: Kyurem|0 fnt
|faint|p2a: Kyurem
|
|upkeep
|
|t:|1769337482
|switch|p2a: Skeledirge|Skeledirge, F|100/100 par
|-damage|p2a: Skeledirge|75/100 par|[from] Stealth Rock
|turn|8
|
|t:|1769337491
|move|p1a: Gyarados|Waterfall|p2a: Skeledirge
|-supereffective|p2a: Skeledirge
|-damage|p2a: Skeledirge|25/100 par
|move|p2a: Skeledirge|Torch Song|p1a: Gyarados
|-damage|p1a: Gyarados|69/100
|-boost|p2a: Skeledirge|spa|1
|
|-heal|p2a: Skeledirge|32/100 par|[from] item: Leftovers
|upkeep
|turn|9
|
|t:|1769337510
|move|p1a: Gyarados|Waterfall|p2a: Skeledirge
|-supereffective|p2a: Skeledirge
|-damage|p2a: Skeledirge|0 fnt
|faint|p2a: Skeledirge
|
|upkeep
|-message|Skayboy31 forfeited.
|
|win|Johveon
|raw|Johveon's rating: 1145 &rarr; <strong>1174</strong><br />(+29 for winning)
|raw|Skayboy31's rating: 1207 &rarr; <strong>1178</strong><br />(-29 for losing)
|l|☆Skayboy31
|player|p2|
