|j|☆nitsu91
|j|☆meowdante
|t:|1769393988
|gametype|singles
|player|p1|nitsu91|101|1121
|player|p2|meowdante|roxie|1153
|gen|9
|tier|[Gen 9] OU
|rated|
|rule|HP Percentage Mod: HP is shown in percentages
|rule|Endless Battle Clause: Forcing endless battles is banned
|rule|Species Clause: Limit one of each Pokémon
|rule|OHKO Clause: OHKO moves are banned
|rule|Evasion Items Clause: Evasion items are banned
|rule|Evasion Moves Clause: Evasion moves are banned
|rule|Evasion Abilities Clause: Evasion abilities are banned
|rule|Sleep Moves Clause: Sleep-inducing moves are banned
|clearpoke
|poke|p1|Clodsire, F|
|poke|p1|Kleavor, F|
|poke|p1|Tsareena, F|
|poke|p1|Vivillon, M|
|poke|p1|Gardevoir, M|
|poke|p1|Skuntank, F|
|poke|p2|Ceruledge, M|
|poke|p2|Iron Valiant|
|poke|p2|Glimmora, M|
|poke|p2|Zamazenta-*|
|poke|p2|Darkrai|
|poke|p2|Ogerpon-Wellspring, F|
|teampreview
|inactive|Battle timer is ON: inactive players will automatically lose when time's up. (requested by meowdante)
|
|t:|1769393994
|teamsize|p1|6
|teamsize|p2|6
|start
|switch|p1a: Kleavor|Kleavor, F|100/100
|switch|p2a: Glimmora|Glimmora, M|100/100
|turn|1
|
|t:|1769394008
|move|p1a: Kleavor|U-turn|p2a: Glimmora
|-resisted|p2a: Glimmora
|-damage|p2a: Glimmora|79/100
|-activate|p2a: Glimmora|ability: Toxic Debris
|-sidestart|p1: nitsu91|move: Toxic Spikes
|
|t:|1769394013
|switch|p1a: Skuntank|Skuntank, F, shiny|100/100|[from] U-turn
|-sideend|p1: nitsu91|move: Toxic Spikes|[of] p1a: Skuntank
|move|p2a: Glimmora|Earth Power|p1a: Skuntank
|-supereffective|p1a: Skuntank
|-damage|p1a: Skuntank|13/100
|
|upkeep
|turn|2
|
|t:|1769394026
|move|p2a: Glimmora|Earth Power|p1a: Skuntank
|-supereffective|p1a: Skuntank
|-damage|p1a: Skuntank|0 fnt
|faint|p1a: Skuntank
|
|upkeep
|
|t:|1769394036
|switch|p1a: Clodsire|Clodsire, F|100/100
|turn|3
|
|t:|1769394045
|-terastallize|p1a: Clodsire|Ground
|move|p2a: Glimmora|Meteor Beam||[still]
|-prepare|p2a: Glimmora|Meteor Beam
|-boost|p2a: Glimmora|spa|1
|-enditem|p2a: Glimmora|Power Herb
|-anim|p2a: Glimmora|Meteor Beam|p1a: Clodsire
|-resisted|p1a: Clodsire
|-damage|p1a: Clodsire|83/100
|move|p1a: Clodsire|Earthquake|p2a: Glimmora
|-supereffective|p2a: Glimmora
|-damage|p2a: Glimmora|0 fnt
|-activate|p2a: Glimmora|ability: Toxic Debris
|-sidestart|p1: nitsu91|move: Toxic Spikes
|faint|p2a: Glimmora
|
|-heal|p1a: Clodsire|89/100|[from] item: Leftovers
|upkeep
|
|t:|1769394055
|switch|p2a: Ogerpon|Ogerpon-Wellspring, F|100/100
|turn|4
|
|t:|1769394062
|move|p2a: Ogerpon|Horn Leech|p1a: Clodsire
|-supereffective|p1a: Clodsire
|-damage|p1a: Clodsire|0 fnt
|faint|p1a: Clodsire
|
|upkeep
|
|t:|1769394080
|switch|p1a: Vivillon|Vivillon, M|100/100
|turn|5
|
|t:|1769394093
|-terastallize|p2a: Ogerpon|Water
|detailschange|p2a: Ogerpon|Ogerpon-Wellspring-Tera, F, tera:Water
|-ability|p2a: Ogerpon|Embody Aspect (Wellspring)|boost
|-boost|p2a: Ogerpon|spd|1
|move|p2a: Ogerpon|Ivy Cudgel|p1a: Vivillon|[anim] Ivy Cudgel Water
|-crit|p1a: Vivillon
|-enditem|p1a: Vivillon|Focus Sash
|-damage|p1a: Vivillon|1/100
|move|p1a: Vivillon|Quiver Dance|p1a: Vivillon
|-boost|p1a: Vivillon|spa|1
|-boost|p1a: Vivillon|spd|1
|-boost|p1a: Vivillon|spe|1
|
|upkeep
|turn|6
|
|t:|1769394108
|move|p1a: Vivillon|Bug Buzz|p2a: Ogerpon
|-damage|p2a: Ogerpon|56/100
|move|p2a: Ogerpon|Ivy Cudgel|p1a: Vivillon|[anim] Ivy Cudgel Water
|-damage|p1a: Vivillon|0 fnt
|faint|p1a: Vivillon
|
|upkeep
|
|t:|1769394121
|switch|p1a: Tsareena|Tsareena, F|100/100
|turn|7
|
|t:|1769394128
|switch|p2a: Laertes|Iron Valiant|100/100
|-enditem|p2a: Laertes|Booster Energy
|-activate|p2a: Laertes|ability: Quark Drive|[fromitem]
|-start|p2a: Laertes|quarkdrivespe
|move|p1a: Tsareena|Petal Blizzard|p2a: Laertes
|-damage|p2a: Laertes|42/100
|
|upkeep
|turn|8
|
|t:|1769394138
|move|p2a: Laertes|Ice Punch|p1a: Tsareena
|-supereffective|p1a: Tsareena
|-damage|p1a: Tsareena|33/100
|move|p1a: Tsareena|Rapid Spin|p2a: Laertes
|-damage|p2a: Laertes|20/100
|-boost|p1a: Tsareena|spe|1
|-sideend|p1: nitsu91|Toxic Spikes|[from] move: Rapid Spin|[of] p1a: Tsareena
|
|upkeep
|turn|9
|
|t:|1769394146
|move|p2a: Laertes|Ice Punch|p1a: Tsareena
|-supereffective|p1a: Tsareena
|-damage|p1a: Tsareena|0 fnt
|faint|p1a: Tsareena
|
|upkeep
|inactive|nitsu91 has 120 seconds left.
|inactive|nitsu91 has 90 seconds left.
|inactive|nitsu91 has 60 seconds left.
|inactive|nitsu91 has 30 seconds left.
|inactive|nitsu91 has 20 seconds left.
|c|☆meowdante|lol
|inactive|nitsu91 has 15 seconds left.
|c|☆meowdante|gg
|inactive|nitsu91 has 10 seconds left.
|inactive|nitsu91 has 5 seconds left.
|-message|nitsu91 lost due to inactivity.
|
|win|meowdante
|raw|nitsu91's rating: 1121 &rarr; <strong>1098</strong><br />(-23 for losing)
|raw|meowdante's rating: 1153 &rarr; <strong>1176</strong><br />(+23 for winning)
|l|☆meowdante
|player|p2|
