|j|☆biggruse04
|j|☆Beef Lo Mein
|inactive|Battle timer is ON: inactive players will automatically lose when time's up.
|t:|1769438720
|gametype|singles
|player|p1|biggruse04|lady-gen4|
|player|p2|Beef Lo Mein|firebreather|
|gen|9
|tier|[Gen 9] OU
|rated|Tournament battle
|rule|HP Percentage Mod: HP is shown in percentages
|rule|Endless Battle Clause: Forcing endless battles is banned
|rule|Species Clause: Limit one of each Pokémon
|rule|OHKO Clause: OHKO moves are banned
|rule|Evasion Items Clause: Evasion items are banned
|rule|Evasion Moves Clause: Evasion moves are banned
|rule|Evasion Abilities Clause: Evasion abilities are banned
|rule|Sleep Moves Clause: Sleep-inducing moves are banned
|clearpoke
|poke|p1|Zapdos-Galar|
|poke|p1|Meowscarada, M|
|poke|p1|Gholdengo|
|poke|p1|Kyurem|
|poke|p1|Quaquaval, F|
|poke|p1|Iron Treads|
|poke|p2|Slowking-Galar, M|
|poke|p2|Zarude|
|poke|p2|Raging Bolt|
|poke|p2|Gliscor, M|
|poke|p2|Clefable, M|
|poke|p2|Iron Treads|
|teampreview
|
|t:|1769438731
|teamsize|p1|6
|teamsize|p2|6
|start
|switch|p1a: money man|Gholdengo, shiny|100/100
|switch|p2a: Raging Bolt|Raging Bolt|100/100
|-item|p1a: money man|Air Balloon
|-enditem|p2a: Raging Bolt|Booster Energy
|-activate|p2a: Raging Bolt|ability: Protosynthesis|[fromitem]
|-start|p2a: Raging Bolt|protosynthesisspa
|turn|1
|j| Stall Ambassador
|
|t:|1769438737
|move|p1a: money man|Shadow Ball|p2a: Raging Bolt
|-damage|p2a: Raging Bolt|61/100
|move|p2a: Raging Bolt|Dragon Pulse|p1a: money man
|-resisted|p1a: money man
|-damage|p1a: money man|64/100
|-enditem|p1a: money man|Air Balloon
|
|upkeep
|turn|2
|l| Stall Ambassador
|
|t:|1769438747
|move|p1a: money man|Make It Rain|p2a: Raging Bolt
|-resisted|p2a: Raging Bolt
|-damage|p2a: Raging Bolt|32/100
|-unboost|p1a: money man|spa|1
|move|p2a: Raging Bolt|Dragon Pulse|p1a: money man
|-resisted|p1a: money man
|-damage|p1a: money man|22/100
|
|upkeep
|turn|3
|
|t:|1769438755
|switch|p1a: fridge|Kyurem, shiny|100/100
|-ability|p1a: fridge|Pressure
|move|p2a: Raging Bolt|Thunderclap||[still]
|-fail|p2a: Raging Bolt
|
|upkeep
|turn|4
|
|t:|1769438765
|-end|p2a: Raging Bolt|Protosynthesis|[silent]
|switch|p2a: Clefable|Clefable, M|100/100
|move|p1a: fridge|Ice Beam|p2a: Clefable
|-damage|p2a: Clefable|59/100
|
|upkeep
|turn|5
|
|t:|1769438786
|move|p1a: fridge|Ice Beam|p2a: Clefable
|-damage|p2a: Clefable|11/100
|move|p2a: Clefable|Moonblast|p1a: fridge
|-supereffective|p1a: fridge
|-damage|p1a: fridge|37/100
|-unboost|p1a: fridge|spa|1
|-enditem|p1a: fridge|Weakness Policy
|-boost|p1a: fridge|atk|2|[from] item: Weakness Policy
|-boost|p1a: fridge|spa|2|[from] item: Weakness Policy
|
|upkeep
|turn|6
|
|t:|1769438793
|move|p1a: fridge|Ice Beam|p2a: Clefable
|-damage|p2a: Clefable|0 fnt
|faint|p2a: Clefable
|
|upkeep
|j| GIGI MURIN FANS
|
|t:|1769438807
|switch|p2a: Iron Treads|Iron Treads|100/100
|-item|p2a: Iron Treads|Air Balloon
|turn|7
|
|t:|1769438819
|move|p2a: Iron Treads|Earthquake|p1a: fridge
|-damage|p1a: fridge|1/100
|move|p1a: fridge|Ice Beam|p2a: Iron Treads
|-damage|p2a: Iron Treads|14/100
|-enditem|p2a: Iron Treads|Air Balloon
|
|upkeep
|turn|8
|
|t:|1769438826
|move|p2a: Iron Treads|Earthquake|p1a: fridge
|-damage|p1a: fridge|0 fnt
|faint|p1a: fridge
|
|upkeep
|
|t:|1769438829
|switch|p1a: fancy dancer|Meowscarada, M, shiny|100/100
|turn|9
|
|t:|1769438839
|move|p1a: fancy dancer|U-turn|p2a: Iron Treads
|-start|p1a: fancy dancer|typechange|Bug|[from] ability: Protean
|-resisted|p2a: Iron Treads
|-damage|p2a: Iron Treads|0 fnt
|faint|p2a: Iron Treads
|-end|p2a: Iron Treads|Quark Drive|[silent]
|
|t:|1769438845
|switch|p1a: anger birb|Zapdos-Galar|100/100|[from] U-turn
|
|upkeep
|
|t:|1769438854
|switch|p2a: Slowking|Slowking-Galar, M|100/100
|turn|10
|
|t:|1769438858
|move|p1a: anger birb|U-turn|p2a: Slowking
|-damage|p2a: Slowking|77/100
|
|t:|1769438864
|switch|p1a: frank the truck|Iron Treads, shiny|100/100|[from] U-turn
|move|p2a: Slowking|Future Sight|p1a: frank the truck
|-start|p2a: Slowking|move: Future Sight
|
|upkeep
|turn|11
|
|t:|1769438880
|switch|p2a: Gliscor|Gliscor, M|100/100
|move|p1a: frank the truck|Stealth Rock|p2a: Gliscor
|-sidestart|p2: Beef Lo Mein|move: Stealth Rock
|
|-status|p2a: Gliscor|tox|[from] item: Toxic Orb
|upkeep
|turn|12
|
|t:|1769438901
|-end|p1a: frank the truck|Quark Drive|[silent]
|switch|p1a: bigey bonk|Quaquaval, F, shiny|100/100
|move|p2a: Gliscor|Protect||[still]
|-fail|p2a: Gliscor
|
|-end|p1a: bigey bonk|move: Future Sight
|-supereffective|p1a: bigey bonk
|-damage|p1a: bigey bonk|0 fnt
|faint|p1a: bigey bonk
|upkeep
|
|t:|1769438909
|switch|p1a: fancy dancer|Meowscarada, M, shiny|100/100
|turn|13
|inactive|Beef Lo Mein has 120 seconds left.
|
|t:|1769438948
|move|p1a: fancy dancer|Flower Trick|p2a: Gliscor
|-start|p1a: fancy dancer|typechange|Grass|[from] ability: Protean
|-crit|p2a: Gliscor
|-damage|p2a: Gliscor|54/100 tox
|move|p2a: Gliscor|Toxic|p1a: fancy dancer
|-status|p1a: fancy dancer|tox
|
|-damage|p1a: fancy dancer|94/100 tox|[from] psn
|-heal|p2a: Gliscor|67/100 tox|[from] ability: Poison Heal
|upkeep
|turn|14
|inactive|Beef Lo Mein has 120 seconds left.
|
|t:|1769438966
|switch|p1a: anger birb|Zapdos-Galar|100/100
|move|p2a: Gliscor|Protect||[still]
|-fail|p2a: Gliscor
|
|-heal|p2a: Gliscor|79/100 tox|[from] ability: Poison Heal
|upkeep
|turn|15
|
|t:|1769438973
|move|p1a: anger birb|Bulk Up|p1a: anger birb
|-boost|p1a: anger birb|atk|1
|-boost|p1a: anger birb|def|1
|move|p2a: Gliscor|Toxic|p1a: anger birb
|-status|p1a: anger birb|tox
|-enditem|p1a: anger birb|Lum Berry|[eat]
|-curestatus|p1a: anger birb|tox|[msg]
|
|-heal|p2a: Gliscor|92/100 tox|[from] ability: Poison Heal
|upkeep
|turn|16
|
|t:|1769438980
|switch|p2a: Slowking|Slowking-Galar, M|100/100
|move|p1a: anger birb|Acrobatics|p2a: Slowking
|-damage|p2a: Slowking|8/100
|
|upkeep
|turn|17
|
|t:|1769438986
|move|p1a: anger birb|Acrobatics|p2a: Slowking
|-damage|p2a: Slowking|0 fnt
|faint|p2a: Slowking
|
|upkeep
|
|t:|1769438993
|switch|p2a: Raging Bolt|Raging Bolt|32/100
|-damage|p2a: Raging Bolt|20/100|[from] Stealth Rock
|turn|18
|
|t:|1769438997
|move|p1a: anger birb|Thunderous Kick|p2a: Raging Bolt
|-damage|p2a: Raging Bolt|0 fnt
|faint|p2a: Raging Bolt
|-end|p2a: Raging Bolt|Protosynthesis|[silent]
|
|upkeep
|c|☆Beef Lo Mein|shit
|c|☆biggruse04|lum berry
|c|☆Beef Lo Mein|not what im shitting about
|inactive|Beef Lo Mein has 120 seconds left.
|c|☆Beef Lo Mein|!dt thunderous kick
|c|☆Beef Lo Mein|/raw <ul class="utilichart"><li class="result"><span class="col movenamecol"><a href="https://dex.pokemonshowdown.com/moves/thunderouskick">Thunderous Kick</a></span> <span class="col typecol"><img src="//play.pokemonshowdown.com/sprites/types/Fighting.png" alt="Fighting" width="32" height="14"><img src="//play.pokemonshowdown.com/sprites/categories/Physical.png" alt="Physical" width="32" height="14"></span> <span class="col labelcol"><em>Power</em><br>90</span> <span class="col widelabelcol"><em>Accuracy</em><br>100%</span> <span class="col pplabelcol"><em>PP</em><br>16</span> <span class="col movedesccol">100% chance to lower the target's Defense by 1.</span> </li><li style="clear:both"></li></ul>
|c|☆Beef Lo Mein|/raw <font size="1"><font color="#686868">Priority:</font> 0&nbsp;|&ThickSpace;<font color="#686868">Gen:</font> 8&nbsp;|&ThickSpace;&#10003; Boosted by Sheer Force&nbsp;|&ThickSpace;&#10003; Contact&nbsp;|&ThickSpace;<font color="#686868">Z-Power:</font> 175&nbsp;|&ThickSpace;<font color="#686868">Target:</font> One Adjacent Pokémon</font>

|
|t:|1769439036
|switch|p2a: Gliscor|Gliscor, M|92/100 tox
|-damage|p2a: Gliscor|79/100 tox|[from] Stealth Rock
|turn|19
|
|t:|1769439039
|move|p1a: anger birb|Acrobatics|p2a: Gliscor
|-damage|p2a: Gliscor|32/100 tox
|move|p2a: Gliscor|Toxic|p1a: anger birb
|-status|p1a: anger birb|tox
|
|-damage|p1a: anger birb|94/100 tox|[from] psn
|-heal|p2a: Gliscor|45/100 tox|[from] ability: Poison Heal
|upkeep
|turn|20
|inactive|Beef Lo Mein has 120 seconds left.
|
|t:|1769439062
|move|p2a: Gliscor|Protect|p2a: Gliscor
|-singleturn|p2a: Gliscor|Protect
|move|p1a: anger birb|Bulk Up|p1a: anger birb
|-boost|p1a: anger birb|atk|1
|-boost|p1a: anger birb|def|1
|
|-damage|p1a: anger birb|82/100 tox|[from] psn
|-heal|p2a: Gliscor|57/100 tox|[from] ability: Poison Heal
|upkeep
|turn|21
|c|☆biggruse04|read
|inactive|Beef Lo Mein has 120 seconds left.
|
|t:|1769439082
|move|p1a: anger birb|Acrobatics|p2a: Gliscor
|-damage|p2a: Gliscor|0 fnt
|faint|p2a: Gliscor
|
|-damage|p1a: anger birb|63/100 tox|[from] psn
|upkeep
|
|t:|1769439084
|switch|p2a: Zarude|Zarude|100/100
|-damage|p2a: Zarude|88/100|[from] Stealth Rock
|turn|22
|
|t:|1769439088
|-terastallize|p2a: Zarude|Ghost
|move|p1a: anger birb|Acrobatics|p2a: Zarude
|-damage|p2a: Zarude|0 fnt
|faint|p2a: Zarude
|
|win|biggruse04
|n|☆biggruse04|biggruse04
|n|☆Beef Lo Mein|beeflomein
|n| GIGI MURIN FANS|gigimurinfans
|c|☆Beef Lo Mein|gg
|c|☆biggruse04|gg
|l|☆Beef Lo Mein
|player|p2|
