|j|☆mokkai
|j|☆cb_anyone
|t:|1769338492
|gametype|singles
|player|p1|mokkai|266|1124
|player|p2|cb_anyone|266|1177
|gen|9
|tier|[Gen 9] OU
|rated|
|rule|HP Percentage Mod: HP is shown in percentages
|rule|Endless Battle Clause: Forcing endless battles is banned
|rule|Species Clause: Limit one of each Pokémon
|rule|OHKO Clause: OHKO moves are banned
|rule|Evasion Items Clause: Evasion items are banned
|rule|Evasion Moves Clause: Evasion moves are banned
|rule|Evasion Abilities Clause: Evasion abilities are banned
|rule|Sleep Moves Clause: Sleep-inducing moves are banned
|clearpoke
|poke|p1|Regigigas|
|poke|p1|Mismagius, F|
|poke|p1|Weezing-Galar, F|
|poke|p1|Iron Hands|
|poke|p2|Hydrapple, M|
|poke|p2|Gliscor, M|
|poke|p2|Slowking-Galar, M|
|poke|p2|Kingambit, F|
|poke|p2|Iron Valiant|
|poke|p2|Cinderace, M|
|teampreview
|inactive|Battle timer is ON: inactive players will automatically lose when time's up. (requested by cb_anyone)
|
|t:|1769338505
|teamsize|p1|4
|teamsize|p2|6
|start
|switch|p1a: Weezing|Weezing-Galar, F|100/100
|switch|p2a: Gliscor|Gliscor, M, shiny|100/100
|turn|1
|
|t:|1769338516
|move|p2a: Gliscor|Protect|p2a: Gliscor
|-singleturn|p2a: Gliscor|Protect
|move|p1a: Weezing|Will-O-Wisp|p2a: Gliscor
|-activate|p2a: Gliscor|move: Protect
|
|-status|p2a: Gliscor|tox|[from] item: Toxic Orb
|upkeep
|turn|2
|
|t:|1769338537
|switch|p1a: Regigigas|Regigigas|100/100
|-start|p1a: Regigigas|ability: Slow Start
|move|p2a: Gliscor|Swords Dance|p2a: Gliscor
|-boost|p2a: Gliscor|atk|2
|
|upkeep
|turn|3
|
|t:|1769338551
|move|p2a: Gliscor|Earthquake|p1a: Regigigas
|-damage|p1a: Regigigas|33/100
|move|p1a: Regigigas|Drain Punch|p2a: Gliscor
|-resisted|p2a: Gliscor
|-damage|p2a: Gliscor|92/100 tox
|-heal|p1a: Regigigas|36/100|[from] drain|[of] p2a: Gliscor
|
|-heal|p1a: Regigigas|42/100|[from] item: Leftovers
|-heal|p2a: Gliscor|100/100 tox|[from] ability: Poison Heal
|upkeep
|turn|4
|
|t:|1769338563
|move|p1a: Regigigas|Protect|p1a: Regigigas
|-singleturn|p1a: Regigigas|Protect
|move|p2a: Gliscor|Earthquake|p1a: Regigigas
|-activate|p1a: Regigigas|move: Protect
|
|-heal|p1a: Regigigas|48/100|[from] item: Leftovers
|upkeep
|turn|5
|
|t:|1769338572
|switch|p1a: Mismagius|Mismagius, F|100/100
|move|p2a: Gliscor|Earthquake|p1a: Mismagius
|-immune|p1a: Mismagius|[from] ability: Levitate
|
|upkeep
|turn|6
|
|t:|1769338580
|move|p1a: Mismagius|Energy Ball|p2a: Gliscor
|-damage|p2a: Gliscor|53/100 tox
|-damage|p1a: Mismagius|91/100|[from] item: Life Orb
|move|p2a: Gliscor|Swords Dance|p2a: Gliscor
|-boost|p2a: Gliscor|atk|2
|
|-heal|p2a: Gliscor|65/100 tox|[from] ability: Poison Heal
|upkeep
|turn|7
|
|t:|1769338592
|move|p2a: Gliscor|Protect|p2a: Gliscor
|-singleturn|p2a: Gliscor|Protect
|move|p1a: Mismagius|Shadow Ball|p2a: Gliscor
|-activate|p2a: Gliscor|move: Protect
|
|-heal|p2a: Gliscor|77/100 tox|[from] ability: Poison Heal
|upkeep
|turn|8
|
|t:|1769338608
|-terastallize|p2a: Gliscor|Fairy
|move|p1a: Mismagius|Shadow Ball|p2a: Gliscor
|-damage|p2a: Gliscor|9/100 tox
|-damage|p1a: Mismagius|81/100|[from] item: Life Orb
|move|p2a: Gliscor|Tera Blast|p1a: Mismagius|[anim] Tera Blast Fairy
|-damage|p1a: Mismagius|0 fnt
|faint|p1a: Mismagius
|
|-heal|p2a: Gliscor|21/100 tox|[from] ability: Poison Heal
|upkeep
|
|t:|1769338622
|switch|p1a: Weezing|Weezing-Galar, F|100/100
|turn|9
|
|t:|1769338626
|move|p2a: Gliscor|Protect|p2a: Gliscor
|-singleturn|p2a: Gliscor|Protect
|move|p1a: Weezing|Gyro Ball|p2a: Gliscor
|-activate|p2a: Gliscor|move: Protect
|
|-heal|p2a: Gliscor|34/100 tox|[from] ability: Poison Heal
|upkeep
|turn|10
|
|t:|1769338638
|move|p2a: Gliscor|Tera Blast|p1a: Weezing|[anim] Tera Blast Fairy
|-resisted|p1a: Weezing
|-damage|p1a: Weezing|53/100
|move|p1a: Weezing|Gyro Ball|p2a: Gliscor
|-supereffective|p2a: Gliscor
|-damage|p2a: Gliscor|2/100 tox
|
|-heal|p1a: Weezing|59/100|[from] item: Leftovers
|-heal|p2a: Gliscor|15/100 tox|[from] ability: Poison Heal
|upkeep
|turn|11
|
|t:|1769338649
|move|p2a: Gliscor|Protect|p2a: Gliscor
|-singleturn|p2a: Gliscor|Protect
|move|p1a: Weezing|Gyro Ball|p2a: Gliscor
|-activate|p2a: Gliscor|move: Protect
|
|-heal|p1a: Weezing|65/100|[from] item: Leftovers
|-heal|p2a: Gliscor|27/100 tox|[from] ability: Poison Heal
|upkeep
|turn|12
|
|t:|1769338664
|switch|p2a: Cinderace|Cinderace, M|100/100
|move|p1a: Weezing|Gyro Ball|p2a: Cinderace
|-resisted|p2a: Cinderace
|-damage|p2a: Cinderace|89/100
|
|-heal|p1a: Weezing|71/100|[from] item: Leftovers
|upkeep
|turn|13
|
|t:|1769338676
|move|p2a: Cinderace|Pyro Ball|p1a: Weezing|[miss]
|-miss|p2a: Cinderace|p1a: Weezing
|move|p1a: Weezing|Toxic|p2a: Cinderace
|-status|p2a: Cinderace|tox
|
|-heal|p1a: Weezing|77/100|[from] item: Leftovers
|-damage|p2a: Cinderace|83/100 tox|[from] psn
|upkeep
|turn|14
|
|t:|1769338687
|switch|p1a: Regigigas|Regigigas|48/100
|-start|p1a: Regigigas|ability: Slow Start
|move|p2a: Cinderace|Pyro Ball|p1a: Regigigas
|-damage|p1a: Regigigas|7/100
|
|-heal|p1a: Regigigas|13/100|[from] item: Leftovers
|-damage|p2a: Cinderace|71/100 tox|[from] psn
|upkeep
|turn|15
|
|t:|1769338698
|move|p1a: Regigigas|Protect|p1a: Regigigas
|-singleturn|p1a: Regigigas|Protect
|move|p2a: Cinderace|Pyro Ball|p1a: Regigigas
|-activate|p1a: Regigigas|move: Protect
|
|-heal|p1a: Regigigas|19/100|[from] item: Leftovers
|-damage|p2a: Cinderace|53/100 tox|[from] psn
|upkeep
|turn|16
|
|t:|1769338727
|switch|p1a: Weezing|Weezing-Galar, F|77/100
|move|p2a: Cinderace|U-turn|p1a: Weezing
|-start|p2a: Cinderace|typechange|Bug|[from] ability: Libero
|-resisted|p1a: Weezing
|-damage|p1a: Weezing|70/100
|
|t:|1769338734
|switch|p2a: Kingambit|Kingambit, F|100/100|[from] U-turn
|-item|p2a: Kingambit|Air Balloon
|
|-heal|p1a: Weezing|76/100|[from] item: Leftovers
|upkeep
|turn|17
|
|t:|1769338742
|move|p2a: Kingambit|Iron Head|p1a: Weezing
|-supereffective|p1a: Weezing
|-crit|p1a: Weezing
|-damage|p1a: Weezing|0 fnt
|faint|p1a: Weezing
|
|upkeep
|
|t:|1769338747
|switch|p1a: Regigigas|Regigigas|19/100
|-start|p1a: Regigigas|ability: Slow Start
|turn|18
|inactive|cb_anyone has 120 seconds left.
|
|t:|1769338774
|move|p2a: Kingambit|Iron Head|p1a: Regigigas
|-damage|p1a: Regigigas|0 fnt
|faint|p1a: Regigigas
|
|upkeep
|
|t:|1769338780
|switch|p1a: Iron Hands|Iron Hands|100/100
|-enditem|p1a: Iron Hands|Booster Energy
|-activate|p1a: Iron Hands|ability: Quark Drive|[fromitem]
|-start|p1a: Iron Hands|quarkdriveatk
|turn|19
|
|t:|1769338794
|move|p1a: Iron Hands|Fake Out|p2a: Kingambit
|-resisted|p2a: Kingambit
|-damage|p2a: Kingambit|91/100
|-enditem|p2a: Kingambit|Air Balloon
|cant|p2a: Kingambit|flinch
|
|upkeep
|turn|20
|
|t:|1769338805
|-terastallize|p1a: Iron Hands|Fighting
|move|p2a: Kingambit|Low Kick|p1a: Iron Hands
|-damage|p1a: Iron Hands|73/100
|move|p1a: Iron Hands|Supercell Slam|p2a: Kingambit
|-damage|p2a: Kingambit|20/100
|
|upkeep
|turn|21
|
|t:|1769338816
|move|p2a: Kingambit|Iron Head|p1a: Iron Hands
|-damage|p1a: Iron Hands|46/100
|move|p1a: Iron Hands|Rock Slide|p2a: Kingambit
|-resisted|p2a: Kingambit
|-damage|p2a: Kingambit|3/100
|
|upkeep
|turn|22
|
|t:|1769338824
|move|p2a: Kingambit|Iron Head|p1a: Iron Hands
|-crit|p1a: Iron Hands
|-damage|p1a: Iron Hands|2/100
|cant|p1a: Iron Hands|flinch
|
|upkeep
|turn|23
|
|t:|1769338830
|move|p2a: Kingambit|Iron Head|p1a: Iron Hands
|-damage|p1a: Iron Hands|0 fnt
|faint|p1a: Iron Hands
|-end|p1a: Iron Hands|Quark Drive|[silent]
|
|win|cb_anyone
|raw|mokkai's rating: 1124 &rarr; <strong>1103</strong><br />(-21 for losing)
|raw|cb_anyone's rating: 1177 &rarr; <strong>1198</strong><br />(+21 for winning)
|l|☆cb_anyone
|player|p2|
|l|☆mokkai
|player|p1|
