|j|☆sr lightie
|j|☆ShyBlizz-
|t:|1769349801
|gametype|singles
|player|p1|sr lightie|blue|1309
|player|p2|ShyBlizz-|depotagent|1322
|gen|9
|tier|[Gen 9] OU
|rated|
|rule|HP Percentage Mod: HP is shown in percentages
|rule|Endless Battle Clause: Forcing endless battles is banned
|rule|Species Clause: Limit one of each Pokémon
|rule|OHKO Clause: OHKO moves are banned
|rule|Evasion Items Clause: Evasion items are banned
|rule|Evasion Moves Clause: Evasion moves are banned
|rule|Evasion Abilities Clause: Evasion abilities are banned
|rule|Sleep Moves Clause: Sleep-inducing moves are banned
|clearpoke
|poke|p1|Umbreon, M|
|poke|p1|Ceruledge, M|
|poke|p1|Grimmsnarl, M|
|poke|p1|Farigiraf, F|
|poke|p1|Avalugg, M|
|poke|p1|Gengar, M|
|poke|p2|Ting-Lu|
|poke|p2|Iron Valiant|
|poke|p2|Ambipom, M|
|poke|p2|Skeledirge, F|
|poke|p2|Gholdengo|
|poke|p2|Tornadus-Therian, M|
|teampreview
|inactive|Battle timer is ON: inactive players will automatically lose when time's up. (requested by sr lightie)
|
|t:|1769349817
|teamsize|p1|6
|teamsize|p2|6
|start
|switch|p1a: Gengar|Gengar, M|100/100
|switch|p2a: Xiaolin|Ting-Lu|100/100
|-ability|p2a: Xiaolin|Vessel of Ruin
|turn|1
|
|t:|1769349821
|move|p1a: Gengar|Trick|p2a: Xiaolin
|-activate|p1a: Gengar|move: Trick|[of] p2a: Xiaolin
|-item|p2a: Xiaolin|Choice Scarf|[from] move: Trick
|-item|p1a: Gengar|Leftovers|[from] move: Trick
|move|p2a: Xiaolin|Stealth Rock|p1a: Gengar
|-sidestart|p1: sr lightie|move: Stealth Rock
|
|upkeep
|turn|2
|
|t:|1769349830
|switch|p2a: Gucci Necklace|Tornadus-Therian, M, shiny|100/100
|move|p1a: Gengar|Shadow Ball|p2a: Gucci Necklace
|-damage|p2a: Gucci Necklace|67/100
|
|upkeep
|turn|3
|
|t:|1769349837
|move|p2a: Gucci Necklace|Knock Off|p1a: Gengar
|-supereffective|p1a: Gengar
|-crit|p1a: Gengar
|-damage|p1a: Gengar|0 fnt
|-enditem|p1a: Gengar|Leftovers|[from] move: Knock Off|[of] p2a: Gucci Necklace
|faint|p1a: Gengar
|
|upkeep
|
|t:|1769349843
|switch|p1a: Ceruledge|Ceruledge, M|100/100
|-damage|p1a: Ceruledge|76/100|[from] Stealth Rock
|turn|4
|
|t:|1769349850
|switch|p2a: Xiaolin|Ting-Lu|100/100
|-ability|p2a: Xiaolin|Vessel of Ruin
|move|p1a: Ceruledge|Bitter Blade|p2a: Xiaolin
|-damage|p2a: Xiaolin|75/100
|-heal|p1a: Ceruledge|94/100|[from] drain|[of] p2a: Xiaolin
|
|upkeep
|turn|5
|
|t:|1769349871
|move|p1a: Ceruledge|Bulk Up|p1a: Ceruledge
|-boost|p1a: Ceruledge|atk|1
|-boost|p1a: Ceruledge|def|1
|move|p2a: Xiaolin|Spikes|p1a: Ceruledge
|-sidestart|p1: sr lightie|Spikes
|
|upkeep
|turn|6
|
|t:|1769349890
|switch|p2a: Gucci Necklace|Tornadus-Therian, M, shiny|100/100
|move|p1a: Ceruledge|Bitter Blade|p2a: Gucci Necklace
|-damage|p2a: Gucci Necklace|0 fnt
|-heal|p1a: Ceruledge|100/100|[from] drain|[of] p2a: Gucci Necklace
|faint|p2a: Gucci Necklace
|
|upkeep
|
|t:|1769349892
|switch|p2a: Xiaolin|Ting-Lu|75/100
|-ability|p2a: Xiaolin|Vessel of Ruin
|turn|7
|
|t:|1769349895
|move|p1a: Ceruledge|Brick Break|p2a: Xiaolin
|-supereffective|p2a: Xiaolin
|-damage|p2a: Xiaolin|35/100
|move|p2a: Xiaolin|Whirlwind|p1a: Ceruledge
|drag|p1a: Grimmsnarl|Grimmsnarl, M, shiny|100/100
|-damage|p1a: Grimmsnarl|88/100|[from] Stealth Rock
|-damage|p1a: Grimmsnarl|76/100|[from] Spikes
|
|upkeep
|turn|8
|
|t:|1769349903
|move|p1a: Grimmsnarl|Spirit Break|p2a: Xiaolin
|-supereffective|p2a: Xiaolin
|-damage|p2a: Xiaolin|0 fnt
|faint|p2a: Xiaolin
|
|upkeep
|
|t:|1769349911
|switch|p2a: Plank|Gholdengo|100/100
|-item|p2a: Plank|Air Balloon
|turn|9
|
|t:|1769349915
|move|p1a: Grimmsnarl|Light Screen|p1a: Grimmsnarl
|-sidestart|p1: sr lightie|move: Light Screen
|move|p2a: Plank|Steel Beam|p1a: Grimmsnarl
|-supereffective|p1a: Grimmsnarl
|-damage|p1a: Grimmsnarl|4/100
|-damage|p2a: Plank|50/100|[from] steelbeam
|
|upkeep
|turn|10
|
|t:|1769349920
|move|p1a: Grimmsnarl|Sucker Punch||[still]
|-fail|p1a: Grimmsnarl
|move|p2a: Plank|Recover|p2a: Plank
|-heal|p2a: Plank|100/100
|
|upkeep
|turn|11
|
|t:|1769349927
|move|p1a: Grimmsnarl|Reflect|p1a: Grimmsnarl
|-sidestart|p1: sr lightie|Reflect
|move|p2a: Plank|Recover||[still]
|-fail|p2a: Plank|heal
|
|upkeep
|turn|12
|
|t:|1769349931
|move|p2a: Plank|Shadow Ball|p1a: Grimmsnarl
|-resisted|p1a: Grimmsnarl
|-damage|p1a: Grimmsnarl|0 fnt
|faint|p1a: Grimmsnarl
|
|upkeep
|
|t:|1769349937
|switch|p1a: Ceruledge|Ceruledge, M|100/100
|-damage|p1a: Ceruledge|76/100|[from] Stealth Rock
|-damage|p1a: Ceruledge|63/100|[from] Spikes
|turn|13
|
|t:|1769349952
|-terastallize|p2a: Plank|Normal
|move|p2a: Plank|Shadow Ball|p1a: Ceruledge
|-supereffective|p1a: Ceruledge
|-damage|p1a: Ceruledge|24/100
|-enditem|p1a: Ceruledge|Weakness Policy
|-boost|p1a: Ceruledge|atk|2|[from] item: Weakness Policy
|-boost|p1a: Ceruledge|spa|2|[from] item: Weakness Policy
|move|p1a: Ceruledge|Bitter Blade|p2a: Plank
|-damage|p2a: Plank|0 fnt
|-heal|p1a: Ceruledge|71/100|[from] drain|[of] p2a: Plank
|-enditem|p2a: Plank|Air Balloon
|faint|p2a: Plank
|
|upkeep
|
|t:|1769349964
|switch|p2a: Nicholas Cage|Skeledirge, F, shiny|100/100
|-item|p2a: Nicholas Cage|Air Balloon
|turn|14
|
|t:|1769349969
|move|p1a: Ceruledge|Shadow Sneak|p2a: Nicholas Cage
|-supereffective|p2a: Nicholas Cage
|-damage|p2a: Nicholas Cage|77/100
|-enditem|p2a: Nicholas Cage|Air Balloon
|move|p2a: Nicholas Cage|Shadow Ball|p1a: Ceruledge
|-supereffective|p1a: Ceruledge
|-damage|p1a: Ceruledge|45/100
|
|upkeep
|turn|15
|
|t:|1769349980
|-terastallize|p1a: Ceruledge|Grass
|move|p1a: Ceruledge|Bitter Blade|p2a: Nicholas Cage
|-resisted|p2a: Nicholas Cage
|-damage|p2a: Nicholas Cage|62/100
|-heal|p1a: Ceruledge|54/100|[from] drain|[of] p2a: Nicholas Cage
|move|p2a: Nicholas Cage|Torch Song|p1a: Ceruledge
|-start|p1a: Ceruledge|ability: Flash Fire
|
|upkeep
|turn|16
|
|t:|1769349987
|move|p1a: Ceruledge|Bitter Blade|p2a: Nicholas Cage
|-resisted|p2a: Nicholas Cage
|-damage|p2a: Nicholas Cage|42/100
|-heal|p1a: Ceruledge|65/100|[from] drain|[of] p2a: Nicholas Cage
|move|p2a: Nicholas Cage|Shadow Ball|p1a: Ceruledge
|-damage|p1a: Ceruledge|51/100
|
|-sideend|p1: sr lightie|move: Light Screen
|upkeep
|turn|17
|
|t:|1769349991
|move|p1a: Ceruledge|Bitter Blade|p2a: Nicholas Cage
|-resisted|p2a: Nicholas Cage
|-damage|p2a: Nicholas Cage|19/100
|-heal|p1a: Ceruledge|64/100|[from] drain|[of] p2a: Nicholas Cage
|move|p2a: Nicholas Cage|Slack Off|p2a: Nicholas Cage
|-heal|p2a: Nicholas Cage|69/100
|
|upkeep
|turn|18
|
|t:|1769349995
|move|p1a: Ceruledge|Bitter Blade|p2a: Nicholas Cage
|-resisted|p2a: Nicholas Cage
|-damage|p2a: Nicholas Cage|49/100
|-heal|p1a: Ceruledge|76/100|[from] drain|[of] p2a: Nicholas Cage
|move|p2a: Nicholas Cage|Slack Off|p2a: Nicholas Cage
|-heal|p2a: Nicholas Cage|99/100
|
|-sideend|p1: sr lightie|Reflect
|upkeep
|turn|19
|
|t:|1769349999
|move|p1a: Ceruledge|Bitter Blade|p2a: Nicholas Cage
|-resisted|p2a: Nicholas Cage
|-damage|p2a: Nicholas Cage|77/100
|-heal|p1a: Ceruledge|89/100|[from] drain|[of] p2a: Nicholas Cage
|move|p2a: Nicholas Cage|Shadow Ball|p1a: Ceruledge
|-damage|p1a: Ceruledge|64/100
|
|upkeep
|turn|20
|
|t:|1769350008
|move|p1a: Ceruledge|Bitter Blade|p2a: Nicholas Cage
|-resisted|p2a: Nicholas Cage
|-damage|p2a: Nicholas Cage|56/100
|-heal|p1a: Ceruledge|76/100|[from] drain|[of] p2a: Nicholas Cage
|move|p2a: Nicholas Cage|Shadow Ball|p1a: Ceruledge
|-damage|p1a: Ceruledge|48/100
|
|upkeep
|turn|21
|
|t:|1769350014
|move|p1a: Ceruledge|Shadow Sneak|p2a: Nicholas Cage
|-supereffective|p2a: Nicholas Cage
|-damage|p2a: Nicholas Cage|29/100
|move|p2a: Nicholas Cage|Shadow Ball|p1a: Ceruledge
|-damage|p1a: Ceruledge|20/100
|
|upkeep
|turn|22
|
|t:|1769350016
|move|p1a: Ceruledge|Shadow Sneak|p2a: Nicholas Cage
|-supereffective|p2a: Nicholas Cage
|-crit|p2a: Nicholas Cage
|-damage|p2a: Nicholas Cage|0 fnt
|faint|p2a: Nicholas Cage
|
|upkeep
|
|t:|1769350019
|switch|p2a: Lazlo|Ambipom, M, shiny|100/100
|turn|23
|
|t:|1769350026
|-end|p1a: Ceruledge|ability: Flash Fire|[silent]
|switch|p1a: Avalugg|Avalugg, M|100/100
|move|p2a: Lazlo|Fake Out|p1a: Avalugg
|-damage|p1a: Avalugg|88/100
|
|upkeep
|turn|24
|
|t:|1769350029
|move|p2a: Lazlo|Low Kick|p1a: Avalugg
|-supereffective|p1a: Avalugg
|-damage|p1a: Avalugg|62/100
|move|p1a: Avalugg|Rapid Spin|p2a: Lazlo
|-damage|p2a: Lazlo|80/100
|-boost|p1a: Avalugg|spe|1
|-sideend|p1: sr lightie|Spikes|[from] move: Rapid Spin|[of] p1a: Avalugg
|-sideend|p1: sr lightie|Stealth Rock|[from] move: Rapid Spin|[of] p1a: Avalugg
|
|upkeep
|turn|25
|
|t:|1769350033
|move|p2a: Lazlo|Low Kick|p1a: Avalugg
|-supereffective|p1a: Avalugg
|-damage|p1a: Avalugg|34/100
|move|p1a: Avalugg|Body Press|p2a: Lazlo
|-supereffective|p2a: Lazlo
|-damage|p2a: Lazlo|0 fnt
|faint|p2a: Lazlo
|
|upkeep
|
|t:|1769350035
|switch|p2a: Remy Ma|Iron Valiant, shiny|100/100
|-enditem|p2a: Remy Ma|Booster Energy
|-activate|p2a: Remy Ma|ability: Quark Drive|[fromitem]
|-start|p2a: Remy Ma|quarkdrivespe
|turn|26
|
|t:|1769350044
|move|p2a: Remy Ma|Aura Sphere|p1a: Avalugg
|-supereffective|p1a: Avalugg
|-damage|p1a: Avalugg|0 fnt
|faint|p1a: Avalugg
|
|upkeep
|
|t:|1769350047
|switch|p1a: Ceruledge|Ceruledge, M, tera:Grass|20/100
|turn|27
|
|t:|1769350053
|move|p1a: Ceruledge|Shadow Sneak|p2a: Remy Ma
|-damage|p2a: Remy Ma|75/100
|move|p2a: Remy Ma|Moonblast|p1a: Ceruledge
|-damage|p1a: Ceruledge|0 fnt
|faint|p1a: Ceruledge
|
|upkeep
|
|t:|1769350057
|switch|p1a: Farigiraf|Farigiraf, F|100/100
|turn|28
|
|t:|1769350061
|move|p2a: Remy Ma|Knock Off|p1a: Farigiraf
|-supereffective|p1a: Farigiraf
|-damage|p1a: Farigiraf|40/100
|-enditem|p1a: Farigiraf|Focus Sash|[from] move: Knock Off|[of] p2a: Remy Ma
|move|p1a: Farigiraf|Trick Room|p1a: Farigiraf
|-fieldstart|move: Trick Room|[of] p1a: Farigiraf
|
|upkeep
|turn|29
|
|t:|1769350066
|move|p1a: Farigiraf|Twin Beam|p2a: Remy Ma
|-supereffective|p2a: Remy Ma
|-damage|p2a: Remy Ma|3/100
|-supereffective|p2a: Remy Ma
|-damage|p2a: Remy Ma|0 fnt
|faint|p2a: Remy Ma
|-end|p2a: Remy Ma|Quark Drive|[silent]
|-hitcount|p2: Remy Ma|2
|
|win|sr lightie
|raw|sr lightie's rating: 1309 &rarr; <strong>1330</strong><br />(+21 for winning)
|raw|ShyBlizz-'s rating: 1322 &rarr; <strong>1301</strong><br />(-21 for losing)
|l|☆sr lightie
|player|p1|
|c|☆ShyBlizz-|Woah
|l|☆ShyBlizz-
|player|p2|
