|j|☆evemeria
|j|☆capt.once
|t:|1769432850
|gametype|singles
|player|p1|evemeria|veteranf|1335
|player|p2|capt.once|clerkf|1297
|gen|9
|tier|[Gen 9] OU
|rated|
|rule|HP Percentage Mod: HP is shown in percentages
|rule|Endless Battle Clause: Forcing endless battles is banned
|rule|Species Clause: Limit one of each Pokémon
|rule|OHKO Clause: OHKO moves are banned
|rule|Evasion Items Clause: Evasion items are banned
|rule|Evasion Moves Clause: Evasion moves are banned
|rule|Evasion Abilities Clause: Evasion abilities are banned
|rule|Sleep Moves Clause: Sleep-inducing moves are banned
|clearpoke
|poke|p1|Zoroark-Hisui, M|
|poke|p1|Ogerpon-Wellspring, F|
|poke|p1|Great Tusk|
|poke|p1|Garganacl, F|
|poke|p1|Pecharunt|
|poke|p1|Alomomola, M|
|poke|p2|Samurott-Hisui, M|
|poke|p2|Salamence, F|
|poke|p2|Abomasnow, F|
|poke|p2|Glimmora, M|
|poke|p2|Iron Valiant|
|poke|p2|Iron Hands|
|teampreview
|inactive|Battle timer is ON: inactive players will automatically lose when time's up. (requested by capt.once)
|inactive|evemeria also wants the timer to be on.
|
|t:|1769432859
|teamsize|p1|6
|teamsize|p2|6
|start
|switch|p1a: Ogerpon|Ogerpon-Wellspring, F|100/100
|switch|p2a: Samurott|Samurott-Hisui, M|100/100
|turn|1
|
|t:|1769432866
|move|p2a: Samurott|Aqua Cutter|p1a: Ogerpon
|-immune|p1a: Ogerpon|[from] ability: Water Absorb
|move|p1a: Ogerpon|Horn Leech|p2a: Samurott
|-supereffective|p2a: Samurott
|-damage|p2a: Samurott|0 fnt
|faint|p2a: Samurott
|
|upkeep
|
|t:|1769432877
|switch|p2a: Abomasnow|Abomasnow, F|100/100
|-weather|Snowscape|[from] ability: Snow Warning|[of] p2a: Abomasnow
|turn|2
|
|t:|1769432884
|switch|p1a: Pecharunt|Pecharunt|100/100
|move|p2a: Abomasnow|Giga Drain|p1a: Pecharunt
|-resisted|p1a: Pecharunt
|-damage|p1a: Pecharunt|84/100
|
|-weather|Snowscape|[upkeep]
|upkeep
|turn|3
|
|t:|1769432892
|switch|p2a: Glimmora|Glimmora, M|100/100
|move|p1a: Pecharunt|Malignant Chain|p2a: Glimmora
|-resisted|p2a: Glimmora
|-damage|p2a: Glimmora|91/100
|
|-weather|Snowscape|[upkeep]
|-heal|p2a: Glimmora|97/100|[from] item: Black Sludge
|upkeep
|turn|4
|
|t:|1769432906
|switch|p1a: Alomomola|Alomomola, M|100/100
|move|p2a: Glimmora|Earth Power|p1a: Alomomola
|-damage|p1a: Alomomola|84/100
|
|-weather|Snowscape|[upkeep]
|-heal|p2a: Glimmora|100/100|[from] item: Black Sludge
|upkeep
|turn|5
|
|t:|1769432914
|move|p2a: Glimmora|Sludge Wave|p1a: Alomomola
|-damage|p1a: Alomomola|55/100
|move|p1a: Alomomola|Scald|p2a: Glimmora
|-supereffective|p2a: Glimmora
|-damage|p2a: Glimmora|63/100
|
|-weather|Snowscape|[upkeep]
|-heal|p2a: Glimmora|69/100|[from] item: Black Sludge
|upkeep
|turn|6
|
|t:|1769432924
|switch|p2a: Abomasnow|Abomasnow, F|100/100
|move|p1a: Alomomola|Mirror Coat||[still]
|-fail|p1a: Alomomola
|
|-weather|none
|upkeep
|turn|7
|
|t:|1769432934
|switch|p1a: Pecharunt|Pecharunt|84/100
|move|p2a: Abomasnow|Giga Drain|p1a: Pecharunt
|-resisted|p1a: Pecharunt
|-damage|p1a: Pecharunt|67/100
|
|upkeep
|turn|8
|
|t:|1769432942
|switch|p2a: Glimmora|Glimmora, M|69/100
|move|p1a: Pecharunt|Parting Shot|p2a: Glimmora
|-unboost|p2a: Glimmora|atk|1
|-unboost|p2a: Glimmora|spa|1
|
|t:|1769432951
|switch|p1a: Alomomola|Alomomola, M|88/100|[from] Parting Shot
|
|-heal|p2a: Glimmora|75/100|[from] item: Black Sludge
|upkeep
|turn|9
|
|t:|1769432958
|move|p2a: Glimmora|Mortal Spin|p1a: Alomomola
|-damage|p1a: Alomomola|85/100
|-status|p1a: Alomomola|psn
|move|p1a: Alomomola|Scald|p2a: Glimmora
|-supereffective|p2a: Glimmora
|-damage|p2a: Glimmora|39/100
|
|-heal|p2a: Glimmora|45/100|[from] item: Black Sludge
|-damage|p1a: Alomomola|72/100 psn|[from] psn
|upkeep
|turn|10
|
|t:|1769432971
|switch|p2a: Abomasnow|Abomasnow, F|100/100
|-weather|Snowscape|[from] ability: Snow Warning|[of] p2a: Abomasnow
|move|p1a: Alomomola|Scald|p2a: Abomasnow
|-resisted|p2a: Abomasnow
|-damage|p2a: Abomasnow|94/100
|
|-weather|Snowscape|[upkeep]
|-damage|p1a: Alomomola|60/100 psn|[from] psn
|upkeep
|turn|11
|
|t:|1769432982
|switch|p1a: Pecharunt|Pecharunt|67/100
|move|p2a: Abomasnow|Aurora Veil|p2a: Abomasnow
|-sidestart|p2: capt.once|move: Aurora Veil
|
|-weather|Snowscape|[upkeep]
|upkeep
|turn|12
|
|t:|1769432991
|move|p1a: Pecharunt|Recover|p1a: Pecharunt
|-heal|p1a: Pecharunt|100/100
|move|p2a: Abomasnow|Blizzard|p1a: Pecharunt
|-damage|p1a: Pecharunt|54/100
|-status|p1a: Pecharunt|frz
|
|-weather|Snowscape|[upkeep]
|upkeep
|turn|13
|
|t:|1769433001
|cant|p1a: Pecharunt|frz
|move|p2a: Abomasnow|Earth Power|p1a: Pecharunt
|-supereffective|p1a: Pecharunt
|-damage|p1a: Pecharunt|1/100 frz
|
|-weather|Snowscape|[upkeep]
|upkeep
|turn|14
|
|t:|1769433009
|cant|p1a: Pecharunt|frz
|move|p2a: Abomasnow|Blizzard|p1a: Pecharunt
|-damage|p1a: Pecharunt|0 fnt
|faint|p1a: Pecharunt
|
|-weather|none
|upkeep
|
|t:|1769433018
|switch|p1a: Garganacl|Garganacl, F|100/100
|turn|15
|
|t:|1769433026
|move|p2a: Abomasnow|Giga Drain|p1a: Garganacl
|-supereffective|p1a: Garganacl
|-damage|p1a: Garganacl|52/100
|-heal|p2a: Abomasnow|100/100|[from] drain|[of] p1a: Garganacl
|move|p1a: Garganacl|Stealth Rock|p2a: Abomasnow
|-sidestart|p2: capt.once|move: Stealth Rock
|
|-heal|p1a: Garganacl|59/100|[from] item: Leftovers
|upkeep
|turn|16
|
|t:|1769433035
|switch|p2a: Glimmora|Glimmora, M|45/100
|-damage|p2a: Glimmora|33/100|[from] Stealth Rock
|move|p1a: Garganacl|Protect||[still]
|-fail|p1a: Garganacl
|
|-heal|p2a: Glimmora|39/100|[from] item: Black Sludge
|-heal|p1a: Garganacl|65/100|[from] item: Leftovers
|upkeep
|turn|17
|
|t:|1769433045
|switch|p1a: Alomomola|Alomomola, M|93/100 psn
|move|p2a: Glimmora|Mortal Spin|p1a: Alomomola
|-damage|p1a: Alomomola|89/100 psn
|-sideend|p2: capt.once|Stealth Rock|[from] move: Mortal Spin|[of] p2a: Glimmora
|
|-heal|p2a: Glimmora|45/100|[from] item: Black Sludge
|-damage|p1a: Alomomola|77/100 psn|[from] psn
|upkeep
|turn|18
|
|t:|1769433057
|switch|p2a: Abomasnow|Abomasnow, F|100/100
|-weather|Snowscape|[from] ability: Snow Warning|[of] p2a: Abomasnow
|move|p1a: Alomomola|Scald|p2a: Abomasnow
|-resisted|p2a: Abomasnow
|-damage|p2a: Abomasnow|97/100
|-status|p2a: Abomasnow|brn
|
|-weather|Snowscape|[upkeep]
|-damage|p1a: Alomomola|64/100 psn|[from] psn
|-damage|p2a: Abomasnow|91/100 brn|[from] brn
|-sideend|p2: capt.once|move: Aurora Veil
|upkeep
|turn|19
|
|t:|1769433073
|move|p2a: Abomasnow|Giga Drain|p1a: Alomomola
|-supereffective|p1a: Alomomola
|-damage|p1a: Alomomola|25/100 psn
|-heal|p2a: Abomasnow|100/100 brn|[from] drain|[of] p1a: Alomomola
|move|p1a: Alomomola|Flip Turn|p2a: Abomasnow
|-resisted|p2a: Abomasnow
|-damage|p2a: Abomasnow|94/100 brn
|
|t:|1769433103
|switch|p1a: Garganacl|Garganacl, F|100/100|[from] Flip Turn
|
|-weather|Snowscape|[upkeep]
|-damage|p2a: Abomasnow|88/100 brn|[from] brn
|upkeep
|turn|20
|
|t:|1769433110
|move|p1a: Garganacl|Shadow Ball|p2a: Abomasnow
|-damage|p2a: Abomasnow|22/100 brn
|move|p2a: Abomasnow|Blizzard|p1a: Garganacl
|-damage|p1a: Garganacl|0 fnt
|replace|p1a: Zoroark|Zoroark-Hisui, M, shiny
|-end|p1a: Zoroark|Illusion
|faint|p1a: Zoroark
|
|-weather|Snowscape|[upkeep]
|-damage|p2a: Abomasnow|16/100 brn|[from] brn
|upkeep
|
|t:|1769433118
|switch|p1a: Great Tusk|Great Tusk|100/100
|turn|21
|
|t:|1769433126
|move|p1a: Great Tusk|Ice Spinner|p2a: Abomasnow
|-damage|p2a: Abomasnow|0 fnt
|faint|p2a: Abomasnow
|
|-weather|Snowscape|[upkeep]
|upkeep
|
|t:|1769433136
|switch|p2a: Iron Valiant|Iron Valiant|100/100
|-enditem|p2a: Iron Valiant|Booster Energy
|-activate|p2a: Iron Valiant|ability: Quark Drive|[fromitem]
|-start|p2a: Iron Valiant|quarkdrivespe
|turn|22
|
|t:|1769433142
|-end|p1a: Great Tusk|Protosynthesis|[silent]
|switch|p1a: Garganacl|Garganacl, F|65/100
|move|p2a: Iron Valiant|Moonblast|p1a: Garganacl
|-damage|p1a: Garganacl|34/100
|-unboost|p1a: Garganacl|spa|1
|
|-weather|none
|-heal|p1a: Garganacl|40/100|[from] item: Leftovers
|upkeep
|turn|23
|
|t:|1769433152
|move|p2a: Iron Valiant|Aura Sphere|p1a: Garganacl
|-supereffective|p1a: Garganacl
|-damage|p1a: Garganacl|0 fnt
|faint|p1a: Garganacl
|
|upkeep
|
|t:|1769433158
|switch|p1a: Alomomola|Alomomola, M|58/100 psn
|turn|24
|
|t:|1769433168
|move|p2a: Iron Valiant|Moonblast|p1a: Alomomola
|-damage|p1a: Alomomola|31/100 psn
|-unboost|p1a: Alomomola|spa|1
|move|p1a: Alomomola|Mirror Coat|p2a: Iron Valiant
|-damage|p2a: Iron Valiant|11/100
|
|-damage|p1a: Alomomola|18/100 psn|[from] psn
|upkeep
|turn|25
|
|t:|1769433177
|switch|p1a: Ogerpon|Ogerpon-Wellspring, F|100/100
|move|p2a: Iron Valiant|Moonblast|p1a: Ogerpon
|-damage|p1a: Ogerpon|45/100
|
|upkeep
|turn|26
|
|t:|1769433184
|switch|p1a: Alomomola|Alomomola, M|52/100 psn
|move|p2a: Iron Valiant|Moonblast|p1a: Alomomola
|-damage|p1a: Alomomola|24/100 psn
|
|-damage|p1a: Alomomola|12/100 psn|[from] psn
|upkeep
|turn|27
|
|t:|1769433193
|move|p2a: Iron Valiant|Moonblast|p1a: Alomomola
|-damage|p1a: Alomomola|0 fnt
|faint|p1a: Alomomola
|
|upkeep
|
|t:|1769433194
|switch|p1a: Great Tusk|Great Tusk|100/100
|turn|28
|
|t:|1769433200
|-terastallize|p1a: Great Tusk|Water
|move|p2a: Iron Valiant|Moonblast|p1a: Great Tusk
|-damage|p1a: Great Tusk|30/100
|move|p1a: Great Tusk|Rapid Spin|p2a: Iron Valiant
|-damage|p2a: Iron Valiant|0 fnt
|-boost|p1a: Great Tusk|spe|1
|faint|p2a: Iron Valiant
|-end|p2a: Iron Valiant|Quark Drive|[silent]
|
|upkeep
|
|t:|1769433215
|switch|p2a: Iron Hands|Iron Hands|100/100
|-enditem|p2a: Iron Hands|Booster Energy
|-activate|p2a: Iron Hands|ability: Quark Drive|[fromitem]
|-start|p2a: Iron Hands|quarkdriveatk
|turn|29
|
|t:|1769433222
|-terastallize|p2a: Iron Hands|Fighting
|move|p1a: Great Tusk|Headlong Rush|p2a: Iron Hands
|-damage|p2a: Iron Hands|66/100
|-unboost|p1a: Great Tusk|def|1
|-unboost|p1a: Great Tusk|spd|1
|move|p2a: Iron Hands|Wild Charge|p1a: Great Tusk
|-supereffective|p1a: Great Tusk
|-damage|p1a: Great Tusk|0 fnt
|faint|p1a: Great Tusk
|-end|p1a: Great Tusk|Protosynthesis|[silent]
|-damage|p2a: Iron Hands|60/100|[from] Recoil
|
|upkeep
|
|t:|1769433226
|switch|p1a: Ogerpon|Ogerpon-Wellspring, F|45/100
|turn|30
|
|t:|1769433236
|move|p1a: Ogerpon|Horn Leech|p2a: Iron Hands
|-damage|p2a: Iron Hands|33/100
|-heal|p1a: Ogerpon|65/100|[from] drain|[of] p2a: Iron Hands
|move|p2a: Iron Hands|Wild Charge|p1a: Ogerpon
|-damage|p1a: Ogerpon|0 fnt
|faint|p1a: Ogerpon
|-damage|p2a: Iron Hands|22/100|[from] Recoil
|
|win|capt.once
|raw|evemeria's rating: 1335 &rarr; <strong>1313</strong><br />(-22 for losing)
|raw|capt.once's rating: 1297 &rarr; <strong>1325</strong><br />(+28 for winning)
|l|☆evemeria
|player|p1|
|l|☆capt.once
|player|p2|
