|j|☆ratca
|j|☆cowboykale
|t:|1769315815
|gametype|singles
|player|p1|ratca|101|1380
|player|p2|cowboykale|1|1385
|gen|9
|tier|[Gen 9] OU
|rated|
|rule|HP Percentage Mod: HP is shown in percentages
|rule|Endless Battle Clause: Forcing endless battles is banned
|rule|Species Clause: Limit one of each Pokémon
|rule|OHKO Clause: OHKO moves are banned
|rule|Evasion Items Clause: Evasion items are banned
|rule|Evasion Moves Clause: Evasion moves are banned
|rule|Evasion Abilities Clause: Evasion abilities are banned
|rule|Sleep Moves Clause: Sleep-inducing moves are banned
|clearpoke
|poke|p1|Hydrapple, M|
|poke|p1|Corviknight, F|
|poke|p1|Blissey, F|
|poke|p1|Dondozo, F|
|poke|p1|Clodsire, M|
|poke|p1|Gliscor, F|
|poke|p2|Azumarill, F|
|poke|p2|Glimmora, F|
|poke|p2|Hatterene, F|
|poke|p2|Ursaluna, M|
|poke|p2|Slowbro-Galar, M|
|poke|p2|Lokix, M|
|teampreview
|
|t:|1769315827
|teamsize|p1|6
|teamsize|p2|6
|start
|switch|p1a: Gliscor|Gliscor, F|100/100
|switch|p2a: Wotjek|Ursaluna, M|100/100
|turn|1
|
|t:|1769315846
|move|p1a: Gliscor|Knock Off|p2a: Wotjek
|-damage|p2a: Wotjek|86/100
|-enditem|p2a: Wotjek|Flame Orb|[from] move: Knock Off|[of] p1a: Gliscor
|move|p2a: Wotjek|Ice Punch|p1a: Gliscor
|-supereffective|p1a: Gliscor
|-crit|p1a: Gliscor
|-damage|p1a: Gliscor|0 fnt
|faint|p1a: Gliscor
|
|upkeep
|inactive|Battle timer is ON: inactive players will automatically lose when time's up. (requested by cowboykale)
|
|t:|1769315857
|switch|p1a: Hydrapple|Hydrapple, M|100/100
|turn|2
|
|t:|1769315862
|switch|p1a: Dondozo|Dondozo, F|100/100
|move|p2a: Wotjek|Ice Punch|p1a: Dondozo
|-resisted|p1a: Dondozo
|-damage|p1a: Dondozo|94/100
|
|-heal|p1a: Dondozo|99/100|[from] item: Leftovers
|upkeep
|turn|3
|
|t:|1769315872
|move|p2a: Wotjek|Earthquake|p1a: Dondozo
|-damage|p1a: Dondozo|74/100
|move|p1a: Dondozo|Curse|p1a: Dondozo
|-unboost|p1a: Dondozo|spe|1
|-boost|p1a: Dondozo|atk|1
|-boost|p1a: Dondozo|def|1
|
|-heal|p1a: Dondozo|81/100|[from] item: Leftovers
|upkeep
|turn|4
|
|t:|1769315880
|switch|p2a: SpintoWin|Glimmora, F|100/100
|move|p1a: Dondozo|Wave Crash|p2a: SpintoWin
|-supereffective|p2a: SpintoWin
|-enditem|p2a: SpintoWin|Focus Sash
|-damage|p2a: SpintoWin|1/100
|-activate|p2a: SpintoWin|ability: Toxic Debris
|-sidestart|p1: ratca|move: Toxic Spikes
|-damage|p1a: Dondozo|61/100|[from] Recoil
|
|-heal|p1a: Dondozo|67/100|[from] item: Leftovers
|upkeep
|turn|5
|
|t:|1769315892
|switch|p1a: Clodsire|Clodsire, M|100/100
|-sideend|p1: ratca|move: Toxic Spikes|[of] p1a: Clodsire
|move|p2a: SpintoWin|Energy Ball|p1a: Clodsire
|-damage|p1a: Clodsire|85/100
|-unboost|p1a: Clodsire|spd|1
|
|-heal|p1a: Clodsire|91/100|[from] item: Black Sludge
|upkeep
|turn|6
|
|t:|1769315902
|move|p2a: SpintoWin|Earth Power|p1a: Clodsire
|-supereffective|p1a: Clodsire
|-damage|p1a: Clodsire|37/100
|move|p1a: Clodsire|Stealth Rock|p2a: SpintoWin
|-sidestart|p2: cowboykale|move: Stealth Rock
|
|-heal|p1a: Clodsire|43/100|[from] item: Black Sludge
|upkeep
|turn|7
|
|t:|1769315909
|switch|p1a: Corviknight|Corviknight, F|100/100
|-ability|p1a: Corviknight|Pressure
|move|p2a: SpintoWin|Stealth Rock|p1a: Corviknight
|-sidestart|p1: ratca|move: Stealth Rock
|
|upkeep
|turn|8
|
|t:|1769315920
|switch|p2a: Wotjek|Ursaluna, M|86/100
|-damage|p2a: Wotjek|80/100|[from] Stealth Rock
|move|p1a: Corviknight|U-turn|p2a: Wotjek
|-damage|p2a: Wotjek|70/100
|
|t:|1769315932
|switch|p1a: Hydrapple|Hydrapple, M|100/100|[from] U-turn
|-damage|p1a: Hydrapple|88/100|[from] Stealth Rock
|
|upkeep
|turn|9
|
|t:|1769315939
|switch|p1a: Corviknight|Corviknight, F|100/100
|-damage|p1a: Corviknight|88/100|[from] Stealth Rock
|-ability|p1a: Corviknight|Pressure
|move|p2a: Wotjek|Ice Punch|p1a: Corviknight
|-damage|p1a: Corviknight|70/100
|
|-heal|p1a: Corviknight|76/100|[from] item: Leftovers
|upkeep
|turn|10
|
|t:|1769315949
|move|p1a: Corviknight|Iron Head|p2a: Wotjek
|-damage|p2a: Wotjek|52/100
|cant|p2a: Wotjek|flinch
|
|-heal|p1a: Corviknight|82/100|[from] item: Leftovers
|upkeep
|turn|11
|
|t:|1769315955
|move|p1a: Corviknight|Iron Head|p2a: Wotjek
|-damage|p2a: Wotjek|36/100
|cant|p2a: Wotjek|flinch
|
|-heal|p1a: Corviknight|88/100|[from] item: Leftovers
|upkeep
|turn|12
|
|t:|1769315961
|move|p1a: Corviknight|Iron Head|p2a: Wotjek
|-damage|p2a: Wotjek|17/100
|move|p2a: Wotjek|Drain Punch|p1a: Corviknight
|-damage|p1a: Corviknight|68/100
|-heal|p2a: Wotjek|26/100|[from] drain|[of] p1a: Corviknight
|
|-heal|p1a: Corviknight|74/100|[from] item: Leftovers
|upkeep
|turn|13
|
|t:|1769315970
|switch|p2a: FastestGunNtheWest|Slowbro-Galar, M|100/100
|-damage|p2a: FastestGunNtheWest|88/100|[from] Stealth Rock
|move|p1a: Corviknight|Iron Head|p2a: FastestGunNtheWest
|-damage|p2a: FastestGunNtheWest|66/100
|
|-heal|p1a: Corviknight|80/100|[from] item: Leftovers
|upkeep
|turn|14
|
|t:|1769315977
|move|p1a: Corviknight|U-turn|p2a: FastestGunNtheWest
|-damage|p2a: FastestGunNtheWest|53/100
|
|t:|1769315984
|switch|p1a: Blissey|Blissey, F|100/100|[from] U-turn
|move|p2a: FastestGunNtheWest|Flamethrower|p1a: Blissey
|-damage|p1a: Blissey|90/100
|
|upkeep
|turn|15
|
|t:|1769316014
|switch|p2a: SillyMove|Hatterene, F|100/100
|-damage|p2a: SillyMove|88/100|[from] Stealth Rock
|move|p1a: Blissey|Seismic Toss|p2a: SillyMove
|-damage|p2a: SillyMove|57/100
|
|upkeep
|turn|16
|
|t:|1769316025
|move|p1a: Blissey|Seismic Toss|p2a: SillyMove
|-damage|p2a: SillyMove|25/100
|move|p2a: SillyMove|Psychic Noise|p1a: Blissey
|-damage|p1a: Blissey|75/100
|-start|p1a: Blissey|move: Heal Block
|
|upkeep
|turn|17
|
|t:|1769316037
|move|p1a: Blissey|Seismic Toss|p2a: SillyMove
|-damage|p2a: SillyMove|0 fnt
|faint|p2a: SillyMove
|
|-end|p1a: Blissey|move: Heal Block
|upkeep
|
|t:|1769316044
|switch|p2a: Pikachu?|Azumarill, F, shiny|100/100
|-damage|p2a: Pikachu?|88/100|[from] Stealth Rock
|turn|18
|
|t:|1769316053
|switch|p1a: Dondozo|Dondozo, F|67/100
|-damage|p1a: Dondozo|54/100|[from] Stealth Rock
|move|p2a: Pikachu?|Play Rough|p1a: Dondozo
|-damage|p1a: Dondozo|30/100
|
|-heal|p1a: Dondozo|36/100|[from] item: Leftovers
|upkeep
|turn|19
|
|t:|1769316061
|move|p2a: Pikachu?|Trailblaze|p1a: Dondozo
|-supereffective|p1a: Dondozo
|-damage|p1a: Dondozo|17/100
|-boost|p2a: Pikachu?|spe|1
|move|p1a: Dondozo|Rest|p1a: Dondozo
|-status|p1a: Dondozo|slp|[from] move: Rest
|-heal|p1a: Dondozo|100/100 slp|[silent]
|
|upkeep
|turn|20
|
|t:|1769316070
|move|p2a: Pikachu?|Belly Drum|p2a: Pikachu?
|-damage|p2a: Pikachu?|38/100
|-setboost|p2a: Pikachu?|atk|6|[from] move: Belly Drum
|-enditem|p2a: Pikachu?|Sitrus Berry|[eat]
|-heal|p2a: Pikachu?|63/100|[from] item: Sitrus Berry
|cant|p1a: Dondozo|slp
|move|p1a: Dondozo|Sleep Talk|p1a: Dondozo
|move|p1a: Dondozo|Rest||[from] move: Sleep Talk|[still]
|-fail|p1a: Dondozo
|
|upkeep
|turn|21
|
|t:|1769316079
|move|p2a: Pikachu?|Trailblaze|p1a: Dondozo
|-supereffective|p1a: Dondozo
|-damage|p1a: Dondozo|80/100 slp
|-boost|p2a: Pikachu?|spe|1
|cant|p1a: Dondozo|slp
|move|p1a: Dondozo|Sleep Talk|p1a: Dondozo
|move|p1a: Dondozo|Rest||[from] move: Sleep Talk|[still]
|-fail|p1a: Dondozo
|
|-heal|p1a: Dondozo|86/100 slp|[from] item: Leftovers
|upkeep
|turn|22
|
|t:|1769316090
|move|p2a: Pikachu?|Play Rough|p1a: Dondozo
|-damage|p1a: Dondozo|60/100 slp
|-curestatus|p1a: Dondozo|slp|[msg]
|move|p1a: Dondozo|Curse|p1a: Dondozo
|-unboost|p1a: Dondozo|spe|1
|-boost|p1a: Dondozo|atk|1
|-boost|p1a: Dondozo|def|1
|
|-heal|p1a: Dondozo|66/100|[from] item: Leftovers
|upkeep
|turn|23
|
|t:|1769316101
|move|p2a: Pikachu?|Play Rough|p1a: Dondozo
|-damage|p1a: Dondozo|49/100
|move|p1a: Dondozo|Wave Crash|p2a: Pikachu?
|-resisted|p2a: Pikachu?
|-damage|p2a: Pikachu?|30/100
|-damage|p1a: Dondozo|40/100|[from] Recoil
|
|-heal|p1a: Dondozo|46/100|[from] item: Leftovers
|upkeep
|turn|24
|
|t:|1769316110
|move|p2a: Pikachu?|Play Rough|p1a: Dondozo
|-damage|p1a: Dondozo|30/100
|move|p1a: Dondozo|Rest|p1a: Dondozo
|-status|p1a: Dondozo|slp|[from] move: Rest
|-heal|p1a: Dondozo|100/100 slp|[silent]
|
|upkeep
|turn|25
|
|t:|1769316117
|switch|p2a: FastestGunNtheWest|Slowbro-Galar, M|53/100
|-damage|p2a: FastestGunNtheWest|40/100|[from] Stealth Rock
|cant|p1a: Dondozo|slp
|move|p1a: Dondozo|Sleep Talk|p1a: Dondozo
|move|p1a: Dondozo|Wave Crash|p2a: FastestGunNtheWest|[from] move: Sleep Talk
|-damage|p2a: FastestGunNtheWest|0 fnt
|faint|p2a: FastestGunNtheWest
|-damage|p1a: Dondozo|90/100 slp|[from] Recoil
|
|-heal|p1a: Dondozo|97/100 slp|[from] item: Leftovers
|upkeep
|
|t:|1769316120
|switch|p2a: Lokix|Lokix, M|100/100
|turn|26
|-message|cowboykale forfeited.
|
|win|ratca
|raw|ratca's rating: 1380 &rarr; <strong>1400</strong><br />(+20 for winning)
|raw|cowboykale's rating: 1385 &rarr; <strong>1365</strong><br />(-20 for losing)
|l|☆cowboykale
|player|p2|
