|j|☆the russian
|j|☆niall639
|t:|1769414844
|gametype|singles
|player|p1|the russian|170|1272
|player|p2|niall639|170|1315
|gen|9
|tier|[Gen 9] OU
|rated|
|rule|HP Percentage Mod: HP is shown in percentages
|rule|Endless Battle Clause: Forcing endless battles is banned
|rule|Species Clause: Limit one of each Pokémon
|rule|OHKO Clause: OHKO moves are banned
|rule|Evasion Items Clause: Evasion items are banned
|rule|Evasion Moves Clause: Evasion moves are banned
|rule|Evasion Abilities Clause: Evasion abilities are banned
|rule|Sleep Moves Clause: Sleep-inducing moves are banned
|clearpoke
|poke|p1|Garchomp, F|
|poke|p1|Milotic, M|
|poke|p1|Metagross|
|poke|p1|Chesnaught, F|
|poke|p1|Glimmora, M|
|poke|p1|Moltres|
|poke|p2|Iron Valiant|
|poke|p2|Excadrill, M|
|poke|p2|Tyranitar, M|
|poke|p2|Tornadus-Therian, M|
|poke|p2|Ogerpon-Cornerstone, F|
|poke|p2|Toxapex, M|
|teampreview
|
|t:|1769414852
|teamsize|p1|6
|teamsize|p2|6
|start
|switch|p1a: Garchomp|Garchomp, F|100/100
|switch|p2a: Tyranitar|Tyranitar, M, shiny|100/100
|-weather|Sandstorm|[from] ability: Sand Stream|[of] p2a: Tyranitar
|turn|1
|
|t:|1769414859
|move|p1a: Garchomp|Stealth Rock|p2a: Tyranitar
|-sidestart|p2: niall639|move: Stealth Rock
|move|p2a: Tyranitar|Ice Punch|p1a: Garchomp
|-supereffective|p1a: Garchomp
|-damage|p1a: Garchomp|0 fnt
|-damage|p2a: Tyranitar|88/100|[from] ability: Rough Skin|[of] p1a: Garchomp
|-damage|p2a: Tyranitar|72/100|[from] item: Rocky Helmet|[of] p1a: Garchomp
|faint|p1a: Garchomp
|
|-weather|Sandstorm|[upkeep]
|upkeep
|
|t:|1769414864
|switch|p1a: Chesnaught|Chesnaught, F|100/100
|turn|2
|
|t:|1769414869
|switch|p2a: Toxapex|Toxapex, M, shiny|100/100
|-damage|p2a: Toxapex|88/100|[from] Stealth Rock
|move|p1a: Chesnaught|Drain Punch|p2a: Toxapex
|-resisted|p2a: Toxapex
|-damage|p2a: Toxapex|76/100
|-enditem|p2a: Toxapex|Eject Button
|
|t:|1769414873
|switch|p2a: Tornadus|Tornadus-Therian, M, shiny|100/100
|-damage|p2a: Tornadus|76/100|[from] Stealth Rock
|
|-weather|Sandstorm|[upkeep]
|-damage|p2a: Tornadus|70/100|[from] Sandstorm
|-damage|p1a: Chesnaught|95/100|[from] Sandstorm
|-heal|p1a: Chesnaught|100/100|[from] item: Leftovers
|upkeep
|turn|3
|
|t:|1769414879
|switch|p1a: Moltres|Moltres|100/100
|move|p2a: Tornadus|Bleakwind Storm|p1a: Moltres
|-damage|p1a: Moltres|31/100
|
|-weather|Sandstorm|[upkeep]
|-damage|p2a: Tornadus|64/100|[from] Sandstorm
|-damage|p1a: Moltres|25/100|[from] Sandstorm
|upkeep
|turn|4
|
|t:|1769414881
|move|p2a: Tornadus|Bleakwind Storm|p1a: Moltres
|-damage|p1a: Moltres|0 fnt
|faint|p1a: Moltres
|
|-weather|Sandstorm|[upkeep]
|-damage|p2a: Tornadus|58/100|[from] Sandstorm
|upkeep
|
|t:|1769414885
|switch|p1a: Glimmora|Glimmora, M|100/100
|turn|5
|
|t:|1769414893
|switch|p2a: Ogerpon|Ogerpon-Cornerstone, F|100/100
|-damage|p2a: Ogerpon|88/100|[from] Stealth Rock
|move|p1a: Glimmora|Sludge Wave|p2a: Ogerpon
|-damage|p2a: Ogerpon|47/100
|
|-weather|Sandstorm|[upkeep]
|upkeep
|turn|6
|
|t:|1769414901
|switch|p2a: Excadrill|Excadrill, M, shiny|100/100
|-damage|p2a: Excadrill|97/100|[from] Stealth Rock
|move|p1a: Glimmora|Sludge Wave|p2a: Excadrill
|-immune|p2a: Excadrill
|
|-weather|Sandstorm|[upkeep]
|-heal|p2a: Excadrill|100/100|[from] item: Leftovers
|upkeep
|turn|7
|
|t:|1769414909
|switch|p1a: Chesnaught|Chesnaught, F|100/100
|move|p2a: Excadrill|Earthquake|p1a: Chesnaught
|-resisted|p1a: Chesnaught
|-damage|p1a: Chesnaught|81/100
|
|-weather|Sandstorm|[upkeep]
|-damage|p1a: Chesnaught|75/100|[from] Sandstorm
|-heal|p1a: Chesnaught|81/100|[from] item: Leftovers
|upkeep
|turn|8
|
|t:|1769414920
|move|p2a: Excadrill|Rapid Spin|p1a: Chesnaught
|-damage|p1a: Chesnaught|68/100
|-boost|p2a: Excadrill|spe|1
|-sideend|p2: niall639|Stealth Rock|[from] move: Rapid Spin|[of] p2a: Excadrill
|move|p1a: Chesnaught|Leech Seed|p2a: Excadrill
|-start|p2a: Excadrill|move: Leech Seed
|
|-weather|none
|-heal|p1a: Chesnaught|74/100|[from] item: Leftovers
|-damage|p2a: Excadrill|88/100|[from] Leech Seed|[of] p1a: Chesnaught
|-heal|p1a: Chesnaught|86/100|[silent]
|upkeep
|turn|9
|
|t:|1769414926
|switch|p2a: Tornadus|Tornadus-Therian, M, shiny|91/100
|move|p1a: Chesnaught|Knock Off|p2a: Tornadus
|-damage|p2a: Tornadus|53/100
|-enditem|p2a: Tornadus|Choice Specs|[from] move: Knock Off|[of] p1a: Chesnaught
|
|-heal|p1a: Chesnaught|92/100|[from] item: Leftovers
|upkeep
|turn|10
|
|t:|1769414933
|move|p1a: Chesnaught|Spiky Shield|p1a: Chesnaught
|-singleturn|p1a: Chesnaught|move: Protect
|move|p2a: Tornadus|Bleakwind Storm|p1a: Chesnaught
|-activate|p1a: Chesnaught|move: Protect
|
|-heal|p1a: Chesnaught|98/100|[from] item: Leftovers
|upkeep
|turn|11
|
|t:|1769414937
|switch|p1a: Milotic|Milotic, M|100/100
|move|p2a: Tornadus|Bleakwind Storm|p1a: Milotic
|-damage|p1a: Milotic|71/100
|
|-heal|p1a: Milotic|77/100|[from] item: Leftovers
|upkeep
|turn|12
|
|t:|1769414944
|switch|p2a: Toxapex|Toxapex, M, shiny|100/100
|switch|p1a: Glimmora|Glimmora, M|100/100
|
|upkeep
|turn|13
|
|t:|1769414953
|switch|p2a: Tornadus|Tornadus-Therian, M, shiny|86/100
|move|p1a: Glimmora|Earth Power|p2a: Tornadus
|-immune|p2a: Tornadus
|
|upkeep
|turn|14
|
|t:|1769414957
|switch|p1a: Milotic|Milotic, M|77/100
|switch|p2a: Excadrill|Excadrill, M, shiny|88/100
|
|-heal|p2a: Excadrill|94/100|[from] item: Leftovers
|-heal|p1a: Milotic|83/100|[from] item: Leftovers
|upkeep
|turn|15
|
|t:|1769414963
|switch|p2a: Tyranitar|Tyranitar, M, shiny|72/100
|-weather|Sandstorm|[from] ability: Sand Stream|[of] p2a: Tyranitar
|move|p1a: Milotic|Scald|p2a: Tyranitar
|-supereffective|p2a: Tyranitar
|-damage|p2a: Tyranitar|31/100
|
|-weather|Sandstorm|[upkeep]
|-damage|p1a: Milotic|77/100|[from] Sandstorm
|-heal|p1a: Milotic|83/100|[from] item: Leftovers
|upkeep
|turn|16
|
|t:|1769414966
|move|p2a: Tyranitar|Knock Off|p1a: Milotic
|-damage|p1a: Milotic|19/100
|-enditem|p1a: Milotic|Leftovers|[from] move: Knock Off|[of] p2a: Tyranitar
|move|p1a: Milotic|Scald|p2a: Tyranitar
|-supereffective|p2a: Tyranitar
|-damage|p2a: Tyranitar|0 fnt
|faint|p2a: Tyranitar
|
|-weather|Sandstorm|[upkeep]
|-damage|p1a: Milotic|13/100|[from] Sandstorm
|upkeep
|
|t:|1769414969
|switch|p2a: Excadrill|Excadrill, M, shiny|94/100
|turn|17
|
|t:|1769414976
|switch|p1a: Chesnaught|Chesnaught, F|98/100
|-terastallize|p2a: Excadrill|Ground
|move|p2a: Excadrill|Earthquake|p1a: Chesnaught
|-resisted|p1a: Chesnaught
|-damage|p1a: Chesnaught|71/100
|
|-weather|Sandstorm|[upkeep]
|-damage|p1a: Chesnaught|65/100|[from] Sandstorm
|-heal|p2a: Excadrill|99/100|[from] item: Leftovers
|-heal|p1a: Chesnaught|71/100|[from] item: Leftovers
|upkeep
|turn|18
|
|t:|1769414982
|move|p2a: Excadrill|Earthquake|p1a: Chesnaught
|-resisted|p1a: Chesnaught
|-damage|p1a: Chesnaught|46/100
|move|p1a: Chesnaught|Leech Seed|p2a: Excadrill
|-start|p2a: Excadrill|move: Leech Seed
|
|-weather|Sandstorm|[upkeep]
|-damage|p1a: Chesnaught|40/100|[from] Sandstorm
|-heal|p2a: Excadrill|100/100|[from] item: Leftovers
|-heal|p1a: Chesnaught|46/100|[from] item: Leftovers
|-damage|p2a: Excadrill|88/100|[from] Leech Seed|[of] p1a: Chesnaught
|-heal|p1a: Chesnaught|59/100|[silent]
|upkeep
|turn|19
|
|t:|1769414988
|move|p2a: Excadrill|Substitute|p2a: Excadrill
|-start|p2a: Excadrill|Substitute
|-damage|p2a: Excadrill|63/100
|move|p1a: Chesnaught|Drain Punch|p2a: Excadrill
|-end|p2a: Excadrill|Substitute
|-heal|p1a: Chesnaught|71/100|[from] drain|[of] p2a: Excadrill
|
|-weather|Sandstorm|[upkeep]
|-damage|p1a: Chesnaught|65/100|[from] Sandstorm
|-heal|p2a: Excadrill|69/100|[from] item: Leftovers
|-heal|p1a: Chesnaught|71/100|[from] item: Leftovers
|-damage|p2a: Excadrill|57/100|[from] Leech Seed|[of] p1a: Chesnaught
|-heal|p1a: Chesnaught|83/100|[silent]
|upkeep
|turn|20
|
|t:|1769414991
|move|p2a: Excadrill|Earthquake|p1a: Chesnaught
|-resisted|p1a: Chesnaught
|-damage|p1a: Chesnaught|56/100
|move|p1a: Chesnaught|Drain Punch|p2a: Excadrill
|-damage|p2a: Excadrill|6/100
|-heal|p1a: Chesnaught|81/100|[from] drain|[of] p2a: Excadrill
|
|-weather|Sandstorm|[upkeep]
|-damage|p1a: Chesnaught|75/100|[from] Sandstorm
|-heal|p2a: Excadrill|12/100|[from] item: Leftovers
|-heal|p1a: Chesnaught|81/100|[from] item: Leftovers
|-damage|p2a: Excadrill|0 fnt|[from] Leech Seed|[of] p1a: Chesnaught
|-heal|p1a: Chesnaught|93/100|[silent]
|faint|p2a: Excadrill
|upkeep
|
|t:|1769414993
|switch|p2a: Iron Valiant|Iron Valiant, shiny|100/100
|turn|21
|
|t:|1769415007
|move|p1a: Chesnaught|Spiky Shield|p1a: Chesnaught
|-singleturn|p1a: Chesnaught|move: Protect
|move|p2a: Iron Valiant|Moonblast|p1a: Chesnaught
|-activate|p1a: Chesnaught|move: Protect
|
|-weather|Sandstorm|[upkeep]
|-damage|p2a: Iron Valiant|94/100|[from] Sandstorm
|-damage|p1a: Chesnaught|87/100|[from] Sandstorm
|-heal|p1a: Chesnaught|93/100|[from] item: Leftovers
|upkeep
|turn|22
|l|☆niall639
|player|p2|
|inactive|Battle timer is ON: inactive players will automatically lose when time's up. (requested by the russian)
|inactive|niall639 has 30 seconds to reconnect!
|inactive|niall639 has 20 seconds to reconnect!
|inactive|niall639 has 15 seconds to reconnect!
|inactive|niall639 has 10 seconds to reconnect!
|inactive|niall639 has 5 seconds to reconnect!
|-message|niall639 lost due to inactivity.
|
|win|the russian
|raw|the russian's rating: 1272 &rarr; <strong>1300</strong><br />(+28 for winning)
|raw|niall639's rating: 1315 &rarr; <strong>1293</strong><br />(-22 for losing)
|l|☆the russian
|player|p1|
