|j|☆yoyolord
|j|☆Ryan Cowtinho
|t:|1769403872
|gametype|singles
|player|p1|yoyolord|policeman-gen4|1556
|player|p2|Ryan Cowtinho|169|1603
|gen|9
|tier|[Gen 9] OU
|rated|
|rule|HP Percentage Mod: HP is shown in percentages
|rule|Endless Battle Clause: Forcing endless battles is banned
|rule|Species Clause: Limit one of each Pokémon
|rule|OHKO Clause: OHKO moves are banned
|rule|Evasion Items Clause: Evasion items are banned
|rule|Evasion Moves Clause: Evasion moves are banned
|rule|Evasion Abilities Clause: Evasion abilities are banned
|rule|Sleep Moves Clause: Sleep-inducing moves are banned
|clearpoke
|poke|p1|Volcanion|
|poke|p1|Slowking-Galar, F|
|poke|p1|Zamazenta-*|
|poke|p1|Corviknight, M|
|poke|p1|Hatterene, F|
|poke|p1|Ting-Lu|
|poke|p2|Tyranitar, F|
|poke|p2|Excadrill, F|
|poke|p2|Ogerpon-Wellspring, F|
|poke|p2|Pecharunt|
|poke|p2|Skarmory, F|
|poke|p2|Zamazenta-*|
|teampreview
|
|t:|1769403885
|teamsize|p1|6
|teamsize|p2|6
|start
|switch|p1a: Volcanion|Volcanion|100/100
|switch|p2a: Tyranitar|Tyranitar, F|100/100
|-weather|Sandstorm|[from] ability: Sand Stream|[of] p2a: Tyranitar
|turn|1
|
|t:|1769403894
|switch|p2a: Ogerpon|Ogerpon-Wellspring, F|100/100
|move|p1a: Volcanion|Steam Eruption|p2a: Ogerpon
|-immune|p2a: Ogerpon|[from] ability: Water Absorb
|
|-weather|Sandstorm|[upkeep]
|-damage|p2a: Ogerpon|95/100|[from] Sandstorm
|-damage|p1a: Volcanion|95/100|[from] Sandstorm
|upkeep
|turn|2
|
|t:|1769403899
|switch|p1a: Slowking|Slowking-Galar, F, shiny|100/100
|move|p2a: Ogerpon|Knock Off|p1a: Slowking
|-supereffective|p1a: Slowking
|-damage|p1a: Slowking|44/100
|-enditem|p1a: Slowking|Black Sludge|[from] move: Knock Off|[of] p2a: Ogerpon
|
|-weather|Sandstorm|[upkeep]
|-damage|p2a: Ogerpon|89/100|[from] Sandstorm
|-damage|p1a: Slowking|38/100|[from] Sandstorm
|upkeep
|turn|3
|
|t:|1769403909
|switch|p1a: Corviknight|Corviknight, M, shiny|100/100
|-ability|p1a: Corviknight|Pressure
|move|p2a: Ogerpon|Knock Off|p1a: Corviknight
|-damage|p1a: Corviknight|76/100
|-damage|p2a: Ogerpon|72/100|[from] item: Rocky Helmet|[of] p1a: Corviknight
|-enditem|p1a: Corviknight|Rocky Helmet|[from] move: Knock Off|[of] p2a: Ogerpon
|
|-weather|Sandstorm|[upkeep]
|-damage|p2a: Ogerpon|66/100|[from] Sandstorm
|upkeep
|turn|4
|
|t:|1769403914
|-terastallize|p2a: Ogerpon|Water
|detailschange|p2a: Ogerpon|Ogerpon-Wellspring-Tera, F, tera:Water
|-ability|p2a: Ogerpon|Embody Aspect (Wellspring)|boost
|-boost|p2a: Ogerpon|spd|1
|move|p2a: Ogerpon|Ivy Cudgel|p1a: Corviknight|[anim] Ivy Cudgel Water
|-damage|p1a: Corviknight|31/100
|move|p1a: Corviknight|Roost|p1a: Corviknight
|-heal|p1a: Corviknight|81/100
|-singleturn|p1a: Corviknight|move: Roost
|
|-weather|Sandstorm|[upkeep]
|-damage|p2a: Ogerpon|60/100|[from] Sandstorm
|upkeep
|turn|5
|
|t:|1769403919
|switch|p1a: Volcanion|Volcanion|95/100
|move|p2a: Ogerpon|Ivy Cudgel|p1a: Volcanion|[anim] Ivy Cudgel Water
|-heal|p1a: Volcanion|100/100|[from] ability: Water Absorb|[of] p2a: Ogerpon
|
|-weather|Sandstorm|[upkeep]
|-damage|p2a: Ogerpon|54/100|[from] Sandstorm
|-damage|p1a: Volcanion|95/100|[from] Sandstorm
|upkeep
|turn|6
|
|t:|1769403923
|move|p2a: Ogerpon|U-turn|p1a: Volcanion
|-resisted|p1a: Volcanion
|-damage|p1a: Volcanion|81/100
|
|t:|1769403926
|switch|p2a: Tyranitar|Tyranitar, F|100/100|[from] U-turn
|move|p1a: Volcanion|Sludge Bomb|p2a: Tyranitar
|-resisted|p2a: Tyranitar
|-damage|p2a: Tyranitar|90/100
|-status|p2a: Tyranitar|psn
|
|-weather|Sandstorm|[upkeep]
|-damage|p1a: Volcanion|75/100|[from] Sandstorm
|-damage|p2a: Tyranitar|77/100 psn|[from] psn
|upkeep
|turn|7
|
|t:|1769403931
|switch|p1a: Hatterene|Hatterene, F|100/100
|move|p2a: Tyranitar|Stealth Rock|p1a: Hatterene
|move|p1a: Hatterene|Stealth Rock|p2a: Tyranitar|[from] ability: Magic Bounce
|-sidestart|p2: Ryan Cowtinho|move: Stealth Rock
|
|-weather|Sandstorm|[upkeep]
|-damage|p1a: Hatterene|95/100|[from] Sandstorm
|-damage|p2a: Tyranitar|65/100 psn|[from] psn
|upkeep
|turn|8
|
|t:|1769403938
|move|p2a: Tyranitar|Knock Off|p1a: Hatterene
|-damage|p1a: Hatterene|57/100
|-damage|p2a: Tyranitar|49/100 psn|[from] item: Rocky Helmet|[of] p1a: Hatterene
|-enditem|p1a: Hatterene|Rocky Helmet|[from] move: Knock Off|[of] p2a: Tyranitar
|move|p1a: Hatterene|Draining Kiss|p2a: Tyranitar
|-supereffective|p2a: Tyranitar
|-damage|p2a: Tyranitar|29/100 psn
|-heal|p1a: Hatterene|76/100|[from] drain|[of] p2a: Tyranitar
|
|-weather|none
|-damage|p2a: Tyranitar|16/100 psn|[from] psn
|upkeep
|turn|9
|
|t:|1769403943
|switch|p2a: Excadrill|Excadrill, F|100/100
|-damage|p2a: Excadrill|97/100|[from] Stealth Rock
|-item|p2a: Excadrill|Air Balloon
|move|p1a: Hatterene|Psychic Noise|p2a: Excadrill
|-resisted|p2a: Excadrill
|-damage|p2a: Excadrill|73/100
|-start|p2a: Excadrill|move: Heal Block
|-enditem|p2a: Excadrill|Air Balloon
|
|upkeep
|turn|10
|
|t:|1769403952
|switch|p1a: Slowking|Slowking-Galar, F, shiny|71/100
|move|p2a: Excadrill|Rapid Spin|p1a: Slowking
|-damage|p1a: Slowking|56/100
|-boost|p2a: Excadrill|spe|1
|-sideend|p2: Ryan Cowtinho|Stealth Rock|[from] move: Rapid Spin|[of] p2a: Excadrill
|
|-end|p2a: Excadrill|move: Heal Block
|upkeep
|turn|11
|
|t:|1769403957
|switch|p1a: Corviknight|Corviknight, M, shiny|81/100
|-ability|p1a: Corviknight|Pressure
|move|p2a: Excadrill|Earthquake|p1a: Corviknight
|-immune|p1a: Corviknight
|
|upkeep
|turn|12
|
|t:|1769403967
|switch|p2a: Pecharunt|Pecharunt|100/100
|switch|p1a: Volcanion|Volcanion|75/100
|
|upkeep
|turn|13
|
|t:|1769403970
|move|p2a: Pecharunt|Malignant Chain|p1a: Volcanion
|-damage|p1a: Volcanion|34/100
|move|p1a: Volcanion|Earth Power|p2a: Pecharunt
|-supereffective|p2a: Pecharunt
|-damage|p2a: Pecharunt|0 fnt
|faint|p2a: Pecharunt
|
|upkeep
|
|t:|1769403972
|switch|p2a: Ogerpon|Ogerpon-Wellspring-Tera, F, tera:Water|54/100
|-ability|p2a: Ogerpon|Embody Aspect (Wellspring)|boost
|-boost|p2a: Ogerpon|spd|1
|turn|14
|
|t:|1769403977
|move|p2a: Ogerpon|Power Whip|p1a: Volcanion
|-damage|p1a: Volcanion|0 fnt
|faint|p1a: Volcanion
|
|upkeep
|
|t:|1769403981
|switch|p1a: Zamazenta|Zamazenta|100/100
|-ability|p1a: Zamazenta|Dauntless Shield|boost
|-boost|p1a: Zamazenta|def|1
|turn|15
|
|t:|1769403983
|switch|p2a: Skarmory|Skarmory, F|100/100
|move|p1a: Zamazenta|Close Combat|p2a: Skarmory
|-damage|p2a: Skarmory|44/100
|-unboost|p1a: Zamazenta|def|1
|-unboost|p1a: Zamazenta|spd|1
|-damage|p1a: Zamazenta|84/100|[from] item: Rocky Helmet|[of] p2a: Skarmory
|
|upkeep
|turn|16
|
|t:|1769403988
|switch|p2a: Zamazenta|Zamazenta|100/100
|-ability|p2a: Zamazenta|Dauntless Shield|boost
|-boost|p2a: Zamazenta|def|1
|move|p1a: Zamazenta|Close Combat|p2a: Zamazenta
|-damage|p2a: Zamazenta|36/100
|-unboost|p1a: Zamazenta|def|1
|-unboost|p1a: Zamazenta|spd|1
|
|upkeep
|turn|17
|
|t:|1769403992
|switch|p1a: Slowking|Slowking-Galar, F, shiny|89/100
|move|p2a: Zamazenta|Close Combat|p1a: Slowking
|-resisted|p1a: Slowking
|-damage|p1a: Slowking|79/100
|-unboost|p2a: Zamazenta|def|1
|-unboost|p2a: Zamazenta|spd|1
|
|upkeep
|turn|18
|
|t:|1769403998
|switch|p2a: Excadrill|Excadrill, F|73/100
|-prepare|p1a: Slowking|Chilly Reception|[premajor]
|move|p1a: Slowking|Chilly Reception|p1a: Slowking
|-weather|Snowscape
|
|t:|1769404000
|switch|p1a: Zamazenta|Zamazenta|84/100|[from] Chilly Reception
|
|-weather|Snowscape|[upkeep]
|upkeep
|turn|19
|-message|Ryan Cowtinho forfeited.
|
|win|yoyolord
|raw|yoyolord's rating: 1556 &rarr; <strong>1579</strong><br />(+23 for winning)
|raw|Ryan Cowtinho's rating: 1603 &rarr; <strong>1580</strong><br />(-23 for losing)
|l|☆yoyolord
|player|p1|
|l|☆Ryan Cowtinho
|player|p2|
