|j|☆Sontrad
|j|☆atlazzz
|t:|1769309574
|gametype|singles
|player|p1|Sontrad|volkner|
|player|p2|atlazzz|volkner|
|gen|9
|tier|[Gen 9] OU
|rule|HP Percentage Mod: HP is shown in percentages
|rule|Endless Battle Clause: Forcing endless battles is banned
|rule|Species Clause: Limit one of each Pokémon
|rule|OHKO Clause: OHKO moves are banned
|rule|Evasion Items Clause: Evasion items are banned
|rule|Evasion Moves Clause: Evasion moves are banned
|rule|Evasion Abilities Clause: Evasion abilities are banned
|rule|Sleep Moves Clause: Sleep-inducing moves are banned
|clearpoke
|poke|p1|Great Tusk|
|poke|p1|Iron Valiant|
|poke|p1|Kingambit, M|
|poke|p1|Gholdengo|
|poke|p1|Ting-Lu|
|poke|p1|Dragapult, M|
|poke|p2|Rillaboom, M|
|poke|p2|Heatran, F|
|poke|p2|Slowking, M|
|poke|p2|Dragapult, M|
|poke|p2|Landorus-Therian, M|
|poke|p2|Bisharp, F|
|teampreview
|
|t:|1769309772
|teamsize|p1|6
|teamsize|p2|6
|start
|switch|p1a: Ting-Lu|Ting-Lu, shiny|100/100
|switch|p2a: Nany te amo|Rillaboom, M|100/100
|-fieldstart|move: Grassy Terrain|[from] ability: Grassy Surge|[of] p2a: Nany te amo
|-ability|p1a: Ting-Lu|Vessel of Ruin
|turn|1
|
|t:|1769309787
|-terastallize|p1a: Ting-Lu|Poison
|move|p2a: Nany te amo|Wood Hammer|p1a: Ting-Lu
|-resisted|p1a: Ting-Lu
|-damage|p1a: Ting-Lu|77/100
|-damage|p2a: Nany te amo|84/100|[from] item: Rocky Helmet|[of] p1a: Ting-Lu
|-damage|p2a: Nany te amo|73/100|[from] Recoil
|move|p1a: Ting-Lu|Spikes|p2a: Nany te amo
|-sidestart|p2: atlazzz|Spikes
|
|-heal|p2a: Nany te amo|79/100|[from] Grassy Terrain
|-heal|p2a: Nany te amo|85/100|[from] item: Leftovers
|-heal|p1a: Ting-Lu|83/100|[from] Grassy Terrain
|upkeep
|turn|2
|
|t:|1769309799
|move|p2a: Nany te amo|Earthquake|p1a: Ting-Lu
|-supereffective|p1a: Ting-Lu
|-damage|p1a: Ting-Lu|62/100
|move|p1a: Ting-Lu|Earthquake|p2a: Nany te amo
|-resisted|p2a: Nany te amo
|-damage|p2a: Nany te amo|75/100
|
|-heal|p2a: Nany te amo|81/100|[from] Grassy Terrain
|-heal|p2a: Nany te amo|87/100|[from] item: Leftovers
|-heal|p1a: Ting-Lu|68/100|[from] Grassy Terrain
|upkeep
|turn|3
|
|t:|1769309809
|move|p2a: Nany te amo|Earthquake|p1a: Ting-Lu
|-supereffective|p1a: Ting-Lu
|-damage|p1a: Ting-Lu|48/100
|move|p1a: Ting-Lu|Whirlwind|p2a: Nany te amo
|drag|p2a: un gr|Landorus-Therian, M|100/100
|-ability|p2a: un gr|Intimidate|boost
|-unboost|p1a: Ting-Lu|atk|1
|
|-heal|p1a: Ting-Lu|54/100|[from] Grassy Terrain
|upkeep
|turn|4
|
|t:|1769309819
|move|p2a: un gr|Earth Power|p1a: Ting-Lu
|-supereffective|p1a: Ting-Lu
|-damage|p1a: Ting-Lu|25/100
|move|p1a: Ting-Lu|Ruination|p2a: un gr
|-damage|p2a: un gr|51/100
|
|-heal|p2a: un gr|57/100|[from] item: Leftovers
|-heal|p1a: Ting-Lu|31/100|[from] Grassy Terrain
|upkeep
|turn|5
|
|t:|1769309830
|move|p2a: un gr|Earth Power|p1a: Ting-Lu
|-supereffective|p1a: Ting-Lu
|-damage|p1a: Ting-Lu|4/100
|move|p1a: Ting-Lu|Ruination|p2a: un gr|[miss]
|-miss|p1a: Ting-Lu|p2a: un gr
|
|-heal|p2a: un gr|63/100|[from] item: Leftovers
|-heal|p1a: Ting-Lu|10/100|[from] Grassy Terrain
|-fieldend|move: Grassy Terrain
|upkeep
|turn|6
|
|t:|1769309841
|move|p2a: un gr|Earth Power|p1a: Ting-Lu
|-supereffective|p1a: Ting-Lu
|-damage|p1a: Ting-Lu|0 fnt
|faint|p1a: Ting-Lu
|
|-heal|p2a: un gr|69/100|[from] item: Leftovers
|upkeep
|
|t:|1769309848
|switch|p1a: Gholdengo|Gholdengo|100/100
|turn|7
|
|t:|1769309851
|move|p2a: un gr|Earth Power|p1a: Gholdengo
|-supereffective|p1a: Gholdengo
|-damage|p1a: Gholdengo|58/100
|-unboost|p1a: Gholdengo|spd|1
|move|p1a: Gholdengo|Make It Rain|p2a: un gr
|-damage|p2a: un gr|14/100
|-unboost|p1a: Gholdengo|spa|1
|
|-heal|p2a: un gr|20/100|[from] item: Leftovers
|-heal|p1a: Gholdengo|64/100|[from] item: Leftovers
|upkeep
|turn|8
|
|t:|1769309862
|move|p2a: un gr|Earth Power|p1a: Gholdengo
|-supereffective|p1a: Gholdengo
|-damage|p1a: Gholdengo|0 fnt
|faint|p1a: Gholdengo
|
|-heal|p2a: un gr|26/100|[from] item: Leftovers
|upkeep
|
|t:|1769309869
|switch|p1a: Dragapult|Dragapult, M, shiny|100/100
|turn|9
|
|t:|1769309872
|move|p1a: Dragapult|Draco Meteor|p2a: un gr
|-damage|p2a: un gr|0 fnt
|-unboost|p1a: Dragapult|spa|2
|faint|p2a: un gr
|
|upkeep
|
|t:|1769309877
|switch|p2a: ohh me void|Bisharp, F, shiny|100/100
|-damage|p2a: ohh me void|88/100|[from] Spikes
|turn|10
|
|t:|1769309884
|switch|p1a: Great Tusk|Great Tusk, shiny|100/100
|move|p2a: ohh me void|Sucker Punch||[still]
|-fail|p2a: ohh me void
|
|upkeep
|turn|11
|
|t:|1769309893
|-terastallize|p2a: ohh me void|Ghost
|move|p2a: ohh me void|Swords Dance|p2a: ohh me void
|-boost|p2a: ohh me void|atk|2
|move|p1a: Great Tusk|Earthquake|p2a: ohh me void
|-damage|p2a: ohh me void|36/100
|
|upkeep
|turn|12
|
|t:|1769309901
|move|p2a: ohh me void|Sucker Punch|p1a: Great Tusk
|-resisted|p1a: Great Tusk
|-crit|p1a: Great Tusk
|-damage|p1a: Great Tusk|73/100
|move|p1a: Great Tusk|Earthquake|p2a: ohh me void
|-damage|p2a: ohh me void|0 fnt
|faint|p2a: ohh me void
|
|-heal|p1a: Great Tusk|79/100|[from] item: Leftovers
|upkeep
|
|t:|1769309909
|switch|p2a: Nany te amo|Rillaboom, M|87/100
|-damage|p2a: Nany te amo|74/100|[from] Spikes
|-fieldstart|move: Grassy Terrain|[from] ability: Grassy Surge|[of] p2a: Nany te amo
|turn|13
|
|t:|1769309920
|move|p2a: Nany te amo|Wood Hammer|p1a: Great Tusk
|-supereffective|p1a: Great Tusk
|-crit|p1a: Great Tusk
|-damage|p1a: Great Tusk|0 fnt
|faint|p1a: Great Tusk
|-end|p1a: Great Tusk|Protosynthesis|[silent]
|-damage|p2a: Nany te amo|42/100|[from] Recoil
|
|-heal|p2a: Nany te amo|48/100|[from] Grassy Terrain
|-heal|p2a: Nany te amo|54/100|[from] item: Leftovers
|upkeep
|
|t:|1769309931
|switch|p1a: Kingambit|Kingambit, M, shiny|100/100
|-activate|p1a: Kingambit|ability: Supreme Overlord
|-start|p1a: Kingambit|fallen3|[silent]
|turn|14
|
|t:|1769309938
|move|p2a: Nany te amo|Brick Break|p1a: Kingambit
|-supereffective|p1a: Kingambit
|-damage|p1a: Kingambit|15/100
|move|p1a: Kingambit|Kowtow Cleave|p2a: Nany te amo
|-damage|p2a: Nany te amo|0 fnt
|faint|p2a: Nany te amo
|
|-heal|p1a: Kingambit|22/100|[from] Grassy Terrain
|upkeep
|
|t:|1769309947
|switch|p2a: skibidi sigma|Heatran, F|100/100
|-damage|p2a: skibidi sigma|88/100|[from] Spikes
|turn|15
|
|t:|1769309955
|move|p2a: skibidi sigma|Lava Plume|p1a: Kingambit
|-supereffective|p1a: Kingambit
|-damage|p1a: Kingambit|0 fnt
|faint|p1a: Kingambit
|-end|p1a: Kingambit|fallen3|[silent]
|
|-heal|p2a: skibidi sigma|94/100|[from] Grassy Terrain
|upkeep
|
|t:|1769309965
|switch|p1a: Iron Valiant|Iron Valiant, shiny|100/100
|-enditem|p1a: Iron Valiant|Booster Energy
|-activate|p1a: Iron Valiant|ability: Quark Drive|[fromitem]
|-start|p1a: Iron Valiant|quarkdrivespe
|turn|16
|
|t:|1769309978
|move|p1a: Iron Valiant|Moonblast|p2a: skibidi sigma
|-resisted|p2a: skibidi sigma
|-damage|p2a: skibidi sigma|83/100
|move|p2a: skibidi sigma|Lava Plume|p1a: Iron Valiant
|-damage|p1a: Iron Valiant|26/100
|
|-heal|p1a: Iron Valiant|32/100|[from] Grassy Terrain
|-heal|p2a: skibidi sigma|89/100|[from] Grassy Terrain
|upkeep
|turn|17
|
|t:|1769309987
|move|p1a: Iron Valiant|Knock Off|p2a: skibidi sigma
|-damage|p2a: skibidi sigma|57/100
|-enditem|p2a: skibidi sigma|Choice Band|[from] move: Knock Off|[of] p1a: Iron Valiant
|move|p2a: skibidi sigma|Lava Plume|p1a: Iron Valiant
|-damage|p1a: Iron Valiant|0 fnt
|faint|p1a: Iron Valiant
|-end|p1a: Iron Valiant|Quark Drive|[silent]
|
|-heal|p2a: skibidi sigma|63/100|[from] Grassy Terrain
|-fieldend|move: Grassy Terrain
|upkeep
|
|t:|1769309996
|switch|p1a: Dragapult|Dragapult, M, shiny|100/100
|turn|18
|
|t:|1769310005
|move|p1a: Dragapult|U-turn|p2a: skibidi sigma
|-resisted|p2a: skibidi sigma
|-damage|p2a: skibidi sigma|59/100
|move|p2a: skibidi sigma|Dragon Pulse|p1a: Dragapult
|-supereffective|p1a: Dragapult
|-damage|p1a: Dragapult|18/100
|
|upkeep
|turn|19
|
|t:|1769310012
|move|p1a: Dragapult|U-turn|p2a: skibidi sigma
|-resisted|p2a: skibidi sigma
|-damage|p2a: skibidi sigma|55/100
|move|p2a: skibidi sigma|Dragon Pulse|p1a: Dragapult
|-supereffective|p1a: Dragapult
|-damage|p1a: Dragapult|0 fnt
|faint|p1a: Dragapult
|
|win|atlazzz
