|j|☆acedoesgames
|j|☆Alexoupsse
|t:|1769418683
|gametype|singles
|player|p1|acedoesgames|miku-ghost|1083
|player|p2|Alexoupsse|n|1119
|gen|9
|tier|[Gen 9] OU
|rated|
|rule|HP Percentage Mod: HP is shown in percentages
|rule|Endless Battle Clause: Forcing endless battles is banned
|rule|Species Clause: Limit one of each Pokémon
|rule|OHKO Clause: OHKO moves are banned
|rule|Evasion Items Clause: Evasion items are banned
|rule|Evasion Moves Clause: Evasion moves are banned
|rule|Evasion Abilities Clause: Evasion abilities are banned
|rule|Sleep Moves Clause: Sleep-inducing moves are banned
|clearpoke
|poke|p1|Delphox, F|
|poke|p1|Rillaboom, M|
|poke|p1|Ninetales-Alola, F|
|poke|p1|Gholdengo|
|poke|p1|Kyurem|
|poke|p1|Maushold-Four|
|poke|p2|Heatran, F|
|poke|p2|Sylveon, M|
|poke|p2|Dragapult, M|
|poke|p2|Kingambit, M|
|poke|p2|Pawmot, F|
|poke|p2|Great Tusk|
|teampreview
|inactive|Battle timer is ON: inactive players will automatically lose when time's up. (requested by acedoesgames)
|
|t:|1769418709
|teamsize|p1|6
|teamsize|p2|6
|start
|switch|p1a: Ninetales|Ninetales-Alola, F, shiny|100/100
|switch|p2a: Heatran|Heatran, F, shiny|100/100
|-weather|Snowscape|[from] ability: Snow Warning|[of] p1a: Ninetales
|-item|p2a: Heatran|Air Balloon
|turn|1
|
|t:|1769418717
|move|p1a: Ninetales|Aurora Veil|p1a: Ninetales
|-sidestart|p1: acedoesgames|move: Aurora Veil
|move|p2a: Heatran|Stealth Rock|p1a: Ninetales
|-sidestart|p1: acedoesgames|move: Stealth Rock
|
|-weather|Snowscape|[upkeep]
|upkeep
|turn|2
|
|t:|1769418728
|move|p1a: Ninetales|Encore|p2a: Heatran
|-start|p2a: Heatran|Encore
|move|p2a: Heatran|Stealth Rock||[still]
|-fail|p2a: Heatran
|
|-weather|Snowscape|[upkeep]
|upkeep
|turn|3
|
|t:|1769418741
|switch|p1a: Maushold|Maushold-Four|100/100
|-damage|p1a: Maushold|88/100|[from] Stealth Rock
|move|p2a: Heatran|Stealth Rock||[still]
|-fail|p2a: Heatran
|
|-weather|Snowscape|[upkeep]
|upkeep
|turn|4
|
|t:|1769418744
|move|p1a: Maushold|Tidy Up|p1a: Maushold
|-sideend|p1: acedoesgames|Stealth Rock
|-activate|p1a: Maushold|move: Tidy Up
|-boost|p1a: Maushold|atk|1
|-boost|p1a: Maushold|spe|1
|move|p2a: Heatran|Stealth Rock|p1a: Maushold
|-sidestart|p1: acedoesgames|move: Stealth Rock
|
|-weather|Snowscape|[upkeep]
|-end|p2a: Heatran|Encore
|upkeep
|turn|5
|
|t:|1769418752
|move|p1a: Maushold|Low Kick|p2a: Heatran
|-supereffective|p2a: Heatran
|-damage|p2a: Heatran|42/100
|-enditem|p2a: Heatran|Air Balloon
|move|p2a: Heatran|Will-O-Wisp|p1a: Maushold
|-status|p1a: Maushold|brn
|
|-weather|none
|-damage|p1a: Maushold|82/100 brn|[from] brn
|upkeep
|turn|6
|
|t:|1769418764
|switch|p2a: Dragapult|Dragapult, M|100/100
|move|p1a: Maushold|Tidy Up|p1a: Maushold
|-sideend|p1: acedoesgames|Stealth Rock
|-activate|p1a: Maushold|move: Tidy Up
|-boost|p1a: Maushold|atk|1
|-boost|p1a: Maushold|spe|1
|
|-damage|p1a: Maushold|76/100 brn|[from] brn
|upkeep
|turn|7
|
|t:|1769418777
|move|p1a: Maushold|Bite|p2a: Dragapult
|-supereffective|p2a: Dragapult
|-damage|p2a: Dragapult|30/100
|move|p2a: Dragapult|Dragon Darts|p1a: Maushold
|-damage|p1a: Maushold|42/100 brn
|-anim|p2a: Dragapult|Dragon Darts|p1a: Maushold
|-damage|p1a: Maushold|9/100 brn
|
|-damage|p1a: Maushold|3/100 brn|[from] brn
|upkeep
|turn|8
|
|t:|1769418790
|switch|p2a: Sylveon|Sylveon, M, shiny|100/100
|move|p1a: Maushold|Bite|p2a: Sylveon
|-resisted|p2a: Sylveon
|-damage|p2a: Sylveon|89/100
|
|-heal|p2a: Sylveon|95/100|[from] item: Leftovers
|-damage|p1a: Maushold|0 fnt|[from] brn
|faint|p1a: Maushold
|-sideend|p1: acedoesgames|move: Aurora Veil
|upkeep
|
|t:|1769418798
|switch|p1a: Gholdengo|Gholdengo|100/100
|turn|9
|
|t:|1769418813
|switch|p1a: Rillaboom|Rillaboom, M|100/100
|-fieldstart|move: Grassy Terrain|[from] ability: Grassy Surge|[of] p1a: Rillaboom
|move|p2a: Sylveon|Moonblast|p1a: Rillaboom
|-damage|p1a: Rillaboom|58/100
|
|-heal|p1a: Rillaboom|64/100|[from] Grassy Terrain
|-heal|p2a: Sylveon|100/100|[from] Grassy Terrain
|upkeep
|turn|10
|
|t:|1769418821
|move|p1a: Rillaboom|U-turn|p2a: Sylveon
|-resisted|p2a: Sylveon
|-damage|p2a: Sylveon|88/100
|
|t:|1769418824
|switch|p1a: Delphox|Delphox, F|100/100|[from] U-turn
|-enditem|p1a: Delphox|Grassy Seed
|-boost|p1a: Delphox|def|1|[from] item: Grassy Seed
|move|p2a: Sylveon|Calm Mind|p2a: Sylveon
|-boost|p2a: Sylveon|spa|1
|-boost|p2a: Sylveon|spd|1
|
|-heal|p2a: Sylveon|94/100|[from] Grassy Terrain
|-heal|p2a: Sylveon|99/100|[from] item: Leftovers
|upkeep
|turn|11
|
|t:|1769418828
|move|p1a: Delphox|Nasty Plot|p1a: Delphox
|-boost|p1a: Delphox|spa|2
|move|p2a: Sylveon|Moonblast|p1a: Delphox
|-resisted|p1a: Delphox
|-crit|p1a: Delphox
|-damage|p1a: Delphox|48/100
|
|-heal|p1a: Delphox|54/100|[from] Grassy Terrain
|-heal|p2a: Sylveon|100/100|[from] Grassy Terrain
|upkeep
|turn|12
|
|t:|1769418833
|move|p1a: Delphox|Protect|p1a: Delphox
|-singleturn|p1a: Delphox|Protect
|move|p2a: Sylveon|Moonblast|p1a: Delphox
|-activate|p1a: Delphox|move: Protect
|
|-heal|p1a: Delphox|60/100|[from] Grassy Terrain
|upkeep
|turn|13
|
|t:|1769418837
|move|p1a: Delphox|Stored Power|p2a: Sylveon
|-damage|p2a: Sylveon|66/100
|-item|p1a: Delphox|Leftovers|[from] ability: Magician|[of] p2a: Sylveon
|move|p2a: Sylveon|Moonblast|p1a: Delphox
|-resisted|p1a: Delphox
|-damage|p1a: Delphox|25/100
|
|-heal|p1a: Delphox|31/100|[from] Grassy Terrain
|-heal|p1a: Delphox|38/100|[from] item: Leftovers
|-heal|p2a: Sylveon|72/100|[from] Grassy Terrain
|upkeep
|turn|14
|
|t:|1769418841
|move|p1a: Delphox|Nasty Plot|p1a: Delphox
|-boost|p1a: Delphox|spa|2
|move|p2a: Sylveon|Moonblast|p1a: Delphox
|-resisted|p1a: Delphox
|-damage|p1a: Delphox|3/100
|
|-heal|p1a: Delphox|9/100|[from] Grassy Terrain
|-heal|p1a: Delphox|15/100|[from] item: Leftovers
|-heal|p2a: Sylveon|79/100|[from] Grassy Terrain
|upkeep
|turn|15
|
|t:|1769418845
|move|p1a: Delphox|Protect|p1a: Delphox
|-singleturn|p1a: Delphox|Protect
|move|p2a: Sylveon|Moonblast|p1a: Delphox
|-activate|p1a: Delphox|move: Protect
|
|-heal|p1a: Delphox|21/100|[from] Grassy Terrain
|-heal|p1a: Delphox|27/100|[from] item: Leftovers
|-heal|p2a: Sylveon|85/100|[from] Grassy Terrain
|upkeep
|turn|16
|
|t:|1769418848
|move|p1a: Delphox|Stored Power|p2a: Sylveon
|-damage|p2a: Sylveon|1/100
|move|p2a: Sylveon|Moonblast|p1a: Delphox
|-resisted|p1a: Delphox
|-damage|p1a: Delphox|0 fnt
|faint|p1a: Delphox
|
|-heal|p2a: Sylveon|7/100|[from] Grassy Terrain
|-fieldend|move: Grassy Terrain
|upkeep
|
|t:|1769418854
|switch|p1a: Kyurem|Kyurem, shiny|100/100
|-ability|p1a: Kyurem|Pressure
|turn|17
|
|t:|1769418857
|move|p1a: Kyurem|Dragon Dance|p1a: Kyurem
|-boost|p1a: Kyurem|atk|1
|-boost|p1a: Kyurem|spe|1
|move|p2a: Sylveon|Wish|p2a: Sylveon
|
|upkeep
|turn|18
|
|t:|1769418862
|move|p2a: Sylveon|Protect|p2a: Sylveon
|-singleturn|p2a: Sylveon|Protect
|move|p1a: Kyurem|Dragon Dance|p1a: Kyurem
|-boost|p1a: Kyurem|atk|1
|-boost|p1a: Kyurem|spe|1
|
|-heal|p2a: Sylveon|57/100|[from] move: Wish|[wisher] Sylveon
|upkeep
|turn|19
|
|t:|1769418868
|move|p1a: Kyurem|Icicle Spear|p2a: Sylveon
|-damage|p2a: Sylveon|27/100
|-damage|p2a: Sylveon|0 fnt
|faint|p2a: Sylveon
|-hitcount|p2: Sylveon|2
|
|upkeep
|
|t:|1769418873
|switch|p2a: Dragapult|Dragapult, M|30/100
|turn|20
|
|t:|1769418877
|move|p1a: Kyurem|Icicle Spear|p2a: Dragapult
|-supereffective|p2a: Dragapult
|-damage|p2a: Dragapult|0 fnt
|faint|p2a: Dragapult
|-hitcount|p2: Dragapult|1
|
|upkeep
|
|t:|1769418887
|switch|p2a: Pawmot|Pawmot, F, shiny|100/100
|turn|21
|
|t:|1769418892
|move|p1a: Kyurem|Scale Shot|p2a: Pawmot
|-damage|p2a: Pawmot|51/100
|-damage|p2a: Pawmot|0 fnt
|faint|p2a: Pawmot
|-hitcount|p2: Pawmot|2
|-unboost|p1a: Kyurem|def|1
|-boost|p1a: Kyurem|spe|1
|
|upkeep
|
|t:|1769418899
|switch|p2a: Great Tusk|Great Tusk|100/100
|-enditem|p2a: Great Tusk|Booster Energy
|-activate|p2a: Great Tusk|ability: Protosynthesis|[fromitem]
|-start|p2a: Great Tusk|protosynthesisatk
|turn|22
|
|t:|1769418907
|move|p1a: Kyurem|Icicle Spear|p2a: Great Tusk
|-supereffective|p2a: Great Tusk
|-damage|p2a: Great Tusk|57/100
|-supereffective|p2a: Great Tusk
|-damage|p2a: Great Tusk|13/100
|-supereffective|p2a: Great Tusk
|-damage|p2a: Great Tusk|0 fnt
|faint|p2a: Great Tusk
|-end|p2a: Great Tusk|Protosynthesis|[silent]
|-hitcount|p2: Great Tusk|3
|
|upkeep
|
|t:|1769418911
|switch|p2a: Heatran|Heatran, F, shiny|42/100
|turn|23
|
|t:|1769418914
|-terastallize|p1a: Kyurem|Ground
|move|p1a: Kyurem|Tera Blast|p2a: Heatran|[anim] Tera Blast Ground
|-supereffective|p2a: Heatran
|-damage|p2a: Heatran|0 fnt
|faint|p2a: Heatran
|
|upkeep
|
|t:|1769418919
|switch|p2a: Kingambit|Kingambit, M|100/100
|-activate|p2a: Kingambit|ability: Supreme Overlord
|-start|p2a: Kingambit|fallen5|[silent]
|turn|24
|
|t:|1769418925
|-terastallize|p2a: Kingambit|Flying
|move|p2a: Kingambit|Sucker Punch|p1a: Kyurem
|-damage|p1a: Kyurem|0 fnt
|faint|p1a: Kyurem
|
|upkeep
|
|t:|1769418931
|switch|p1a: Ninetales|Ninetales-Alola, F, shiny|100/100
|-weather|Snowscape|[from] ability: Snow Warning|[of] p1a: Ninetales
|turn|25
|
|t:|1769418936
|move|p2a: Kingambit|Sucker Punch|p1a: Ninetales
|-resisted|p1a: Ninetales
|-damage|p1a: Ninetales|72/100
|move|p1a: Ninetales|Freeze-Dry|p2a: Kingambit
|-supereffective|p2a: Kingambit
|-damage|p2a: Kingambit|52/100
|
|-weather|Snowscape|[upkeep]
|upkeep
|turn|26
|
|t:|1769418941
|move|p1a: Ninetales|Encore|p2a: Kingambit
|-start|p2a: Kingambit|Encore
|move|p2a: Kingambit|Sucker Punch||[still]
|-fail|p2a: Kingambit
|
|-weather|Snowscape|[upkeep]
|upkeep
|turn|27
|
|t:|1769418946
|move|p2a: Kingambit|Sucker Punch||[still]
|-fail|p2a: Kingambit
|move|p1a: Ninetales|Aurora Veil|p1a: Ninetales
|-sidestart|p1: acedoesgames|move: Aurora Veil
|
|-weather|Snowscape|[upkeep]
|upkeep
|turn|28
|
|t:|1769418952
|move|p2a: Kingambit|Sucker Punch||[still]
|-fail|p2a: Kingambit
|move|p1a: Ninetales|Aurora Veil||[still]
|-fail|p1a: Ninetales
|
|-weather|Snowscape|[upkeep]
|-end|p2a: Kingambit|Encore
|upkeep
|turn|29
|
|t:|1769418954
|move|p1a: Ninetales|Encore|p2a: Kingambit
|-start|p2a: Kingambit|Encore
|move|p2a: Kingambit|Sucker Punch||[still]
|-fail|p2a: Kingambit
|
|-weather|none
|upkeep
|turn|30
|
|t:|1769418959
|move|p2a: Kingambit|Sucker Punch||[still]
|-fail|p2a: Kingambit
|move|p1a: Ninetales|Encore||[still]
|-fail|p1a: Ninetales
|
|-end|p2a: Kingambit|Encore
|upkeep
|turn|31
|
|t:|1769418964
|move|p1a: Ninetales|Freeze-Dry|p2a: Kingambit
|-supereffective|p2a: Kingambit
|-damage|p2a: Kingambit|7/100
|move|p2a: Kingambit|Kowtow Cleave|p1a: Ninetales
|-resisted|p1a: Ninetales
|-damage|p1a: Ninetales|46/100
|
|upkeep
|turn|32
|
|t:|1769418969
|move|p1a: Ninetales|Freeze-Dry|p2a: Kingambit
|-supereffective|p2a: Kingambit
|-damage|p2a: Kingambit|0 fnt
|faint|p2a: Kingambit
|-end|p2a: Kingambit|fallen5|[silent]
|
|win|acedoesgames
|raw|acedoesgames's rating: 1083 &rarr; <strong>1113</strong><br />(+30 for winning)
|raw|Alexoupsse's rating: 1119 &rarr; <strong>1091</strong><br />(-28 for losing)
|l|☆Alexoupsse
|player|p2|
|l|☆acedoesgames
|player|p1|
