|j|☆Nakaouzi
|j|☆wsbcsn
|t:|1769407841
|gametype|singles
|player|p1|Nakaouzi|265|1384
|player|p2|wsbcsn|hilbert|1328
|gen|9
|tier|[Gen 9] OU
|rated|
|rule|HP Percentage Mod: HP is shown in percentages
|rule|Endless Battle Clause: Forcing endless battles is banned
|rule|Species Clause: Limit one of each Pokémon
|rule|OHKO Clause: OHKO moves are banned
|rule|Evasion Items Clause: Evasion items are banned
|rule|Evasion Moves Clause: Evasion moves are banned
|rule|Evasion Abilities Clause: Evasion abilities are banned
|rule|Sleep Moves Clause: Sleep-inducing moves are banned
|clearpoke
|poke|p1|Kingambit, M|
|poke|p1|Cinderace, F|
|poke|p1|Landorus-Therian, M|
|poke|p1|Kyurem|
|poke|p1|Iron Valiant|
|poke|p1|Slowking-Galar, F|
|poke|p2|Ting-Lu|
|poke|p2|Talonflame, F|
|poke|p2|Iron Valiant|
|poke|p2|Scizor, F|
|poke|p2|Walking Wake|
|poke|p2|Iron Moth|
|teampreview
|
|t:|1769407858
|teamsize|p1|6
|teamsize|p2|6
|start
|switch|p1a: ランドロス|Landorus-Therian, M|100/100
|switch|p2a: Iron Moth|Iron Moth|100/100
|-item|p2a: Iron Moth|Air Balloon
|-ability|p1a: ランドロス|Intimidate|boost
|-unboost|p2a: Iron Moth|atk|1
|turn|1
|
|t:|1769407868
|move|p2a: Iron Moth|Fiery Dance|p1a: ランドロス
|-damage|p1a: ランドロス|49/100
|move|p1a: ランドロス|U-turn|p2a: Iron Moth
|-resisted|p2a: Iron Moth
|-damage|p2a: Iron Moth|92/100
|-enditem|p2a: Iron Moth|Air Balloon
|
|t:|1769407876
|switch|p1a: ヤドキング|Slowking-Galar, F|100/100|[from] U-turn
|
|upkeep
|turn|2
|
|t:|1769407896
|move|p2a: Iron Moth|Bug Buzz|p1a: ヤドキング
|-damage|p1a: ヤドキング|82/100
|-prepare|p1a: ヤドキング|Chilly Reception|[premajor]
|move|p1a: ヤドキング|Chilly Reception|p1a: ヤドキング
|-weather|Snowscape
|
|t:|1769407912
|switch|p1a: キューレム|Kyurem|100/100|[from] Chilly Reception
|-ability|p1a: キューレム|Pressure
|
|-weather|Snowscape|[upkeep]
|upkeep
|turn|3
|
|t:|1769407920
|move|p2a: Iron Moth|Fiery Dance|p1a: キューレム
|-damage|p1a: キューレム|63/100
|-boost|p2a: Iron Moth|spa|1
|move|p1a: キューレム|Earth Power|p2a: Iron Moth
|-supereffective|p2a: Iron Moth
|-damage|p2a: Iron Moth|0 fnt
|faint|p2a: Iron Moth
|-end|p2a: Iron Moth|Quark Drive|[silent]
|
|-weather|Snowscape|[upkeep]
|-heal|p1a: キューレム|69/100|[from] item: Leftovers
|upkeep
|
|t:|1769407931
|switch|p2a: Ting-Lu|Ting-Lu|100/100
|-ability|p2a: Ting-Lu|Vessel of Ruin
|turn|4
|
|t:|1769407943
|switch|p1a: ランドロス|Landorus-Therian, M|49/100
|-ability|p1a: ランドロス|Intimidate|boost
|-unboost|p2a: Ting-Lu|atk|1
|move|p2a: Ting-Lu|Body Press|p1a: ランドロス
|-resisted|p1a: ランドロス
|-damage|p1a: ランドロス|39/100
|-damage|p2a: Ting-Lu|84/100|[from] item: Rocky Helmet|[of] p1a: ランドロス
|
|-weather|Snowscape|[upkeep]
|upkeep
|turn|5
|
|t:|1769407965
|switch|p2a: Scizor|Scizor, F|100/100
|move|p1a: ランドロス|Taunt|p2a: Scizor
|-start|p2a: Scizor|move: Taunt
|
|-weather|Snowscape|[upkeep]
|upkeep
|turn|6
|
|t:|1769407976
|move|p1a: ランドロス|Earthquake|p2a: Scizor
|-damage|p2a: Scizor|50/100
|-enditem|p2a: Scizor|Sitrus Berry|[eat]
|-heal|p2a: Scizor|75/100|[from] item: Sitrus Berry
|move|p2a: Scizor|U-turn|p1a: ランドロス
|-resisted|p1a: ランドロス
|-crit|p1a: ランドロス
|-damage|p1a: ランドロス|11/100
|-damage|p2a: Scizor|59/100|[from] item: Rocky Helmet|[of] p1a: ランドロス
|
|t:|1769407989
|switch|p2a: Walking Wake|Walking Wake|100/100|[from] U-turn
|
|-weather|none
|upkeep
|turn|7
|
|t:|1769408002
|switch|p1a: ヤドキング|Slowking-Galar, F|100/100
|move|p2a: Walking Wake|Flamethrower|p1a: ヤドキング
|-damage|p1a: ヤドキング|80/100
|
|upkeep
|turn|8
|
|t:|1769408018
|-end|p2a: Walking Wake|Protosynthesis|[silent]
|switch|p2a: Scizor|Scizor, F|59/100
|move|p1a: ヤドキング|Thunder Wave|p2a: Scizor
|-status|p2a: Scizor|par
|
|upkeep
|turn|9
|
|t:|1769408027
|switch|p1a: ランドロス|Landorus-Therian, M|11/100
|-ability|p1a: ランドロス|Intimidate|boost
|-unboost|p2a: Scizor|atk|1
|move|p2a: Scizor|U-turn|p1a: ランドロス
|-resisted|p1a: ランドロス
|-crit|p1a: ランドロス
|-damage|p1a: ランドロス|0 fnt
|-damage|p2a: Scizor|42/100 par|[from] item: Rocky Helmet|[of] p1a: ランドロス
|faint|p1a: ランドロス
|
|t:|1769408042
|switch|p2a: Talonflame|Talonflame, F|100/100|[from] U-turn
|
|upkeep
|
|t:|1769408054
|switch|p1a: ヤドキング|Slowking-Galar, F|100/100
|turn|10
|
|t:|1769408060
|move|p2a: Talonflame|Brave Bird|p1a: ヤドキング
|-damage|p1a: ヤドキング|23/100
|-damage|p2a: Talonflame|66/100|[from] Recoil
|-prepare|p1a: ヤドキング|Chilly Reception|[premajor]
|move|p1a: ヤドキング|Chilly Reception|p1a: ヤドキング
|-weather|Snowscape
|
|t:|1769408064
|switch|p1a: キューレム|Kyurem|69/100|[from] Chilly Reception
|-ability|p1a: キューレム|Pressure
|
|-weather|Snowscape|[upkeep]
|-heal|p1a: キューレム|76/100|[from] item: Leftovers
|upkeep
|turn|11
|
|t:|1769408080
|switch|p2a: Scizor|Scizor, F|42/100 par
|move|p1a: キューレム|Freeze-Dry|p2a: Scizor
|-resisted|p2a: Scizor
|-damage|p2a: Scizor|19/100 par
|
|-weather|Snowscape|[upkeep]
|-heal|p1a: キューレム|82/100|[from] item: Leftovers
|upkeep
|turn|12
|
|t:|1769408089
|move|p1a: キューレム|Protect|p1a: キューレム
|-singleturn|p1a: キューレム|Protect
|move|p2a: Scizor|Bullet Punch|p1a: キューレム
|-activate|p1a: キューレム|move: Protect
|
|-weather|Snowscape|[upkeep]
|-heal|p1a: キューレム|88/100|[from] item: Leftovers
|upkeep
|turn|13
|
|t:|1769408098
|move|p1a: キューレム|Freeze-Dry|p2a: Scizor
|-resisted|p2a: Scizor
|-damage|p2a: Scizor|0 fnt
|faint|p2a: Scizor
|
|-weather|Snowscape|[upkeep]
|-heal|p1a: キューレム|94/100|[from] item: Leftovers
|upkeep
|
|t:|1769408112
|switch|p2a: Walking Wake|Walking Wake|100/100
|turn|14
|
|t:|1769408128
|switch|p1a: ヤドキング|Slowking-Galar, F|56/100
|move|p2a: Walking Wake|Hurricane|p1a: ヤドキング
|-damage|p1a: ヤドキング|32/100
|
|-weather|none
|upkeep
|turn|15
|
|t:|1769408147
|-end|p2a: Walking Wake|Protosynthesis|[silent]
|switch|p2a: Talonflame|Talonflame, F|66/100
|-prepare|p1a: ヤドキング|Chilly Reception|[premajor]
|move|p1a: ヤドキング|Chilly Reception|p1a: ヤドキング
|-weather|Snowscape
|
|t:|1769408151
|switch|p1a: キューレム|Kyurem|94/100|[from] Chilly Reception
|-ability|p1a: キューレム|Pressure
|
|-weather|Snowscape|[upkeep]
|-heal|p1a: キューレム|99/100|[from] item: Leftovers
|upkeep
|turn|16
|
|t:|1769408158
|move|p2a: Talonflame|Flare Blitz|p1a: キューレム
|-damage|p1a: キューレム|53/100
|-damage|p2a: Talonflame|45/100|[from] Recoil
|move|p1a: キューレム|Freeze-Dry|p2a: Talonflame
|-damage|p2a: Talonflame|0 fnt
|faint|p2a: Talonflame
|
|-weather|Snowscape|[upkeep]
|-heal|p1a: キューレム|59/100|[from] item: Leftovers
|upkeep
|
|t:|1769408169
|switch|p2a: Iron Valiant|Iron Valiant|100/100
|-enditem|p2a: Iron Valiant|Booster Energy
|-activate|p2a: Iron Valiant|ability: Quark Drive|[fromitem]
|-start|p2a: Iron Valiant|quarkdrivespe
|turn|17
|
|t:|1769408180
|-terastallize|p1a: キューレム|Ground
|move|p2a: Iron Valiant|Moonblast|p1a: キューレム
|-damage|p1a: キューレム|17/100
|move|p1a: キューレム|Earth Power|p2a: Iron Valiant
|-damage|p2a: Iron Valiant|19/100
|
|-weather|Snowscape|[upkeep]
|-heal|p1a: キューレム|23/100|[from] item: Leftovers
|upkeep
|turn|18
|
|t:|1769408189
|move|p2a: Iron Valiant|Moonblast|p1a: キューレム
|-damage|p1a: キューレム|0 fnt
|faint|p1a: キューレム
|
|-weather|Snowscape|[upkeep]
|upkeep
|
|t:|1769408193
|switch|p1a: ヤドキング|Slowking-Galar, F|65/100
|turn|19
|
|t:|1769408200
|move|p2a: Iron Valiant|Destiny Bond|p2a: Iron Valiant
|-singlemove|p2a: Iron Valiant|Destiny Bond
|move|p1a: ヤドキング|Psychic Noise|p2a: Iron Valiant
|-supereffective|p2a: Iron Valiant
|-damage|p2a: Iron Valiant|0 fnt
|faint|p2a: Iron Valiant
|-activate|p2a: Iron Valiant|move: Destiny Bond
|-end|p2a: Iron Valiant|Quark Drive|[silent]
|faint|p1a: ヤドキング
|
|-weather|none
|upkeep
|
|t:|1769408210
|switch|p2a: Ting-Lu|Ting-Lu|84/100
|switch|p1a: エ-スバン|Cinderace, F, shiny|100/100
|-ability|p2a: Ting-Lu|Vessel of Ruin
|turn|20
|
|t:|1769408216
|move|p1a: エ-スバン|Will-O-Wisp|p2a: Ting-Lu
|-status|p2a: Ting-Lu|brn
|move|p2a: Ting-Lu|Earthquake|p1a: エ-スバン
|-supereffective|p1a: エ-スバン
|-damage|p1a: エ-スバン|23/100
|
|-damage|p2a: Ting-Lu|78/100 brn|[from] brn
|upkeep
|turn|21
|
|t:|1769408222
|move|p1a: エ-スバン|Pyro Ball|p2a: Ting-Lu
|-damage|p2a: Ting-Lu|46/100 brn
|move|p2a: Ting-Lu|Earthquake|p1a: エ-スバン
|-supereffective|p1a: エ-スバン
|-damage|p1a: エ-スバン|0 fnt
|faint|p1a: エ-スバン
|
|-damage|p2a: Ting-Lu|40/100 brn|[from] brn
|upkeep
|
|t:|1769408230
|switch|p1a: テツノブジン|Iron Valiant|100/100
|-enditem|p1a: テツノブジン|Booster Energy
|-activate|p1a: テツノブジン|ability: Quark Drive|[fromitem]
|-start|p1a: テツノブジン|quarkdrivespe
|turn|22
|
|t:|1769408243
|move|p1a: テツノブジン|Calm Mind|p1a: テツノブジン
|-boost|p1a: テツノブジン|spa|1
|-boost|p1a: テツノブジン|spd|1
|move|p2a: Ting-Lu|Heavy Slam|p1a: テツノブジン
|-supereffective|p1a: テツノブジン
|-damage|p1a: テツノブジン|43/100
|
|-damage|p2a: Ting-Lu|34/100 brn|[from] brn
|upkeep
|turn|23
|
|t:|1769408256
|-terastallize|p2a: Ting-Lu|Poison
|move|p1a: テツノブジン|Moonblast|p2a: Ting-Lu
|-resisted|p2a: Ting-Lu
|-damage|p2a: Ting-Lu|20/100 brn
|move|p2a: Ting-Lu|Heavy Slam|p1a: テツノブジン
|-supereffective|p1a: テツノブジン
|-damage|p1a: テツノブジン|0 fnt
|faint|p1a: テツノブジン
|-end|p1a: テツノブジン|Quark Drive|[silent]
|
|-damage|p2a: Ting-Lu|14/100 brn|[from] brn
|upkeep
|
|t:|1769408260
|switch|p1a: ドドゲザン|Kingambit, M, shiny|100/100
|-activate|p1a: ドドゲザン|ability: Supreme Overlord
|-start|p1a: ドドゲザン|fallen5|[silent]
|turn|24
|
|t:|1769408263
|move|p1a: ドドゲザン|Kowtow Cleave|p2a: Ting-Lu
|-damage|p2a: Ting-Lu|0 fnt
|faint|p2a: Ting-Lu
|
|upkeep
|
|t:|1769408266
|switch|p2a: Walking Wake|Walking Wake|100/100
|turn|25
|
|t:|1769408270
|move|p2a: Walking Wake|Flamethrower|p1a: ドドゲザン
|-supereffective|p1a: ドドゲザン
|-damage|p1a: ドドゲザン|25/100
|-status|p1a: ドドゲザン|brn
|move|p1a: ドドゲザン|Kowtow Cleave|p2a: Walking Wake
|-damage|p2a: Walking Wake|57/100
|
|-heal|p1a: ドドゲザン|31/100 brn|[from] item: Leftovers
|-damage|p1a: ドドゲザン|25/100 brn|[from] brn
|upkeep
|turn|26
|
|t:|1769408277
|move|p1a: ドドゲザン|Sucker Punch|p2a: Walking Wake
|-damage|p2a: Walking Wake|25/100
|move|p2a: Walking Wake|Flamethrower|p1a: ドドゲザン
|-supereffective|p1a: ドドゲザン
|-damage|p1a: ドドゲザン|0 fnt
|faint|p1a: ドドゲザン
|-end|p1a: ドドゲザン|fallen5|[silent]
|
|win|wsbcsn
|raw|Nakaouzi's rating: 1384 &rarr; <strong>1361</strong><br />(-23 for losing)
|raw|wsbcsn's rating: 1328 &rarr; <strong>1351</strong><br />(+23 for winning)
|c|☆Nakaouzi|Gg
|l|☆wsbcsn
|player|p2|
|l|☆Nakaouzi
|player|p1|
