|j|☆h3ckt1k
|j|☆caomei111
|t:|1769380767
|gametype|singles
|player|p1|h3ckt1k|169|1119
|player|p2|caomei111|2|1069
|gen|9
|tier|[Gen 9] OU
|rated|
|rule|HP Percentage Mod: HP is shown in percentages
|rule|Endless Battle Clause: Forcing endless battles is banned
|rule|Species Clause: Limit one of each Pokémon
|rule|OHKO Clause: OHKO moves are banned
|rule|Evasion Items Clause: Evasion items are banned
|rule|Evasion Moves Clause: Evasion moves are banned
|rule|Evasion Abilities Clause: Evasion abilities are banned
|rule|Sleep Moves Clause: Sleep-inducing moves are banned
|clearpoke
|poke|p1|Salamence, F|
|poke|p1|Politoed, F|
|poke|p1|Thundurus-Therian, M|
|poke|p1|Hatterene, F|
|poke|p1|Floatzel, F|
|poke|p1|Scizor, F|
|poke|p2|Heatran, F|
|poke|p2|Great Tusk|
|poke|p2|Rillaboom, F|
|poke|p2|Corviknight, F|
|poke|p2|Kingambit, M|
|poke|p2|Gliscor, M|
|teampreview
|
|t:|1769380774
|teamsize|p1|6
|teamsize|p2|6
|start
|switch|p1a: Politoed|Politoed, F, shiny|100/100
|switch|p2a: Great Tusk|Great Tusk|100/100
|-weather|RainDance|[from] ability: Drizzle|[of] p1a: Politoed
|turn|1
|
|t:|1769380783
|move|p2a: Great Tusk|Knock Off|p1a: Politoed
|-damage|p1a: Politoed|69/100
|-enditem|p1a: Politoed|Damp Rock|[from] move: Knock Off|[of] p2a: Great Tusk
|move|p1a: Politoed|Surf|p2a: Great Tusk
|-supereffective|p2a: Great Tusk
|-damage|p2a: Great Tusk|0 fnt
|faint|p2a: Great Tusk
|-end|p2a: Great Tusk|Protosynthesis|[silent]
|
|-weather|RainDance|[upkeep]
|upkeep
|
|t:|1769380791
|switch|p2a: Rillaboom|Rillaboom, F|100/100
|-fieldstart|move: Grassy Terrain|[from] ability: Grassy Surge|[of] p2a: Rillaboom
|turn|2
|
|t:|1769380796
|switch|p1a: Salamence|Salamence, F|100/100
|-ability|p1a: Salamence|Intimidate|boost
|-unboost|p2a: Rillaboom|atk|1
|move|p2a: Rillaboom|Grassy Glide|p1a: Salamence
|-resisted|p1a: Salamence
|-damage|p1a: Salamence|92/100
|
|-weather|RainDance|[upkeep]
|-heal|p1a: Salamence|98/100|[from] item: Leftovers
|upkeep
|turn|3
|
|t:|1769380807
|switch|p2a: Corviknight|Corviknight, F|100/100
|-ability|p2a: Corviknight|Pressure
|move|p1a: Salamence|Hurricane|p2a: Corviknight
|-resisted|p2a: Corviknight
|-damage|p2a: Corviknight|83/100
|
|-weather|RainDance|[upkeep]
|-heal|p1a: Salamence|100/100|[from] item: Leftovers
|-heal|p2a: Corviknight|89/100|[from] item: Leftovers
|upkeep
|turn|4
|
|t:|1769380822
|switch|p1a: Thundurus|Thundurus-Therian, M|100/100
|move|p2a: Corviknight|U-turn|p1a: Thundurus
|-resisted|p1a: Thundurus
|-damage|p1a: Thundurus|89/100
|inactive|Battle timer is ON: inactive players will automatically lose when time's up. (requested by h3ckt1k)
|
|t:|1769380836
|switch|p2a: Heatran|Heatran, F|100/100|[from] U-turn
|
|-weather|RainDance|[upkeep]
|upkeep
|turn|5
|
|t:|1769380848
|move|p1a: Thundurus|Thunder|p2a: Heatran
|-damage|p2a: Heatran|59/100
|move|p2a: Heatran|Magma Storm|p1a: Thundurus
|-damage|p1a: Thundurus|61/100
|-activate|p1a: Thundurus|move: Magma Storm|[of] p2a: Heatran
|
|-weather|RainDance|[upkeep]
|-heal|p2a: Heatran|65/100|[from] Grassy Terrain
|-heal|p2a: Heatran|71/100|[from] item: Leftovers
|-damage|p1a: Thundurus|49/100|[from] move: Magma Storm|[partiallytrapped]
|upkeep
|turn|6
|
|t:|1769380867
|move|p1a: Thundurus|Volt Switch|p2a: Heatran
|-damage|p2a: Heatran|43/100
|
|t:|1769380874
|switch|p1a: Floatzel|Floatzel, F|100/100|[from] Volt Switch
|move|p2a: Heatran|Stealth Rock|p1a: Floatzel
|-sidestart|p1: h3ckt1k|move: Stealth Rock
|
|-weather|RainDance|[upkeep]
|-heal|p2a: Heatran|49/100|[from] Grassy Terrain
|-heal|p2a: Heatran|55/100|[from] item: Leftovers
|-fieldend|move: Grassy Terrain
|upkeep
|turn|7
|
|t:|1769380890
|-terastallize|p2a: Heatran|Grass
|move|p1a: Floatzel|Ice Spinner|p2a: Heatran
|-supereffective|p2a: Heatran
|-damage|p2a: Heatran|0 fnt
|faint|p2a: Heatran
|
|-weather|RainDance|[upkeep]
|upkeep
|
|t:|1769380902
|switch|p2a: Rillaboom|Rillaboom, F|100/100
|-fieldstart|move: Grassy Terrain|[from] ability: Grassy Surge|[of] p2a: Rillaboom
|turn|8
|
|t:|1769380916
|switch|p1a: Salamence|Salamence, F|100/100
|-damage|p1a: Salamence|76/100|[from] Stealth Rock
|-ability|p1a: Salamence|Intimidate|boost
|-unboost|p2a: Rillaboom|atk|1
|move|p2a: Rillaboom|Wood Hammer|p1a: Salamence
|-resisted|p1a: Salamence
|-damage|p1a: Salamence|58/100
|-damage|p2a: Rillaboom|94/100|[from] Recoil
|
|-weather|none
|-heal|p1a: Salamence|64/100|[from] item: Leftovers
|-heal|p2a: Rillaboom|100/100|[from] Grassy Terrain
|upkeep
|turn|9
|
|t:|1769380930
|switch|p2a: Corviknight|Corviknight, F|89/100
|-ability|p2a: Corviknight|Pressure
|move|p1a: Salamence|Flamethrower|p2a: Corviknight
|-supereffective|p2a: Corviknight
|-crit|p2a: Corviknight
|-damage|p2a: Corviknight|25/100
|-status|p2a: Corviknight|brn
|
|-heal|p1a: Salamence|70/100|[from] item: Leftovers
|-heal|p2a: Corviknight|31/100 brn|[from] item: Leftovers
|-damage|p2a: Corviknight|25/100 brn|[from] brn
|upkeep
|turn|10
|
|t:|1769380944
|switch|p2a: Gliscor|Gliscor, M|100/100
|move|p1a: Salamence|Flamethrower|p2a: Gliscor
|-damage|p2a: Gliscor|74/100
|
|-heal|p1a: Salamence|76/100|[from] item: Leftovers
|-status|p2a: Gliscor|tox|[from] item: Toxic Orb
|upkeep
|turn|11
|
|t:|1769380953
|switch|p1a: Politoed|Politoed, F, shiny|69/100
|-damage|p1a: Politoed|56/100|[from] Stealth Rock
|-weather|RainDance|[from] ability: Drizzle|[of] p1a: Politoed
|move|p2a: Gliscor|Spikes|p1a: Politoed
|-sidestart|p1: h3ckt1k|Spikes
|
|-weather|RainDance|[upkeep]
|-heal|p1a: Politoed|63/100|[from] Grassy Terrain
|-heal|p2a: Gliscor|86/100 tox|[from] ability: Poison Heal
|upkeep
|turn|12
|
|t:|1769380973
|move|p2a: Gliscor|Earthquake|p1a: Politoed
|-damage|p1a: Politoed|45/100
|move|p1a: Politoed|Surf|p2a: Gliscor
|-supereffective|p2a: Gliscor
|-damage|p2a: Gliscor|0 fnt
|faint|p2a: Gliscor
|
|-weather|RainDance|[upkeep]
|-heal|p1a: Politoed|51/100|[from] Grassy Terrain
|-fieldend|move: Grassy Terrain
|upkeep
|
|t:|1769380985
|switch|p2a: Rillaboom|Rillaboom, F|100/100
|-fieldstart|move: Grassy Terrain|[from] ability: Grassy Surge|[of] p2a: Rillaboom
|turn|13
|
|t:|1769380992
|switch|p1a: Hatterene|Hatterene, F|100/100
|-damage|p1a: Hatterene|88/100|[from] Stealth Rock
|-damage|p1a: Hatterene|76/100|[from] Spikes
|move|p2a: Rillaboom|Grassy Glide|p1a: Hatterene
|-damage|p1a: Hatterene|27/100
|-damage|p2a: Rillaboom|84/100|[from] item: Rocky Helmet|[of] p1a: Hatterene
|
|-weather|RainDance|[upkeep]
|-heal|p2a: Rillaboom|90/100|[from] Grassy Terrain
|-heal|p1a: Hatterene|33/100|[from] Grassy Terrain
|upkeep
|turn|14
|
|t:|1769381006
|move|p2a: Rillaboom|Grassy Glide|p1a: Hatterene
|-damage|p1a: Hatterene|0 fnt
|-damage|p2a: Rillaboom|74/100|[from] item: Rocky Helmet|[of] p1a: Hatterene
|faint|p1a: Hatterene
|
|-weather|RainDance|[upkeep]
|-heal|p2a: Rillaboom|80/100|[from] Grassy Terrain
|upkeep
|
|t:|1769381014
|switch|p1a: Scizor|Scizor, F|100/100
|turn|15
|
|t:|1769381019
|switch|p2a: Kingambit|Kingambit, M|100/100
|-activate|p2a: Kingambit|ability: Supreme Overlord
|-start|p2a: Kingambit|fallen3|[silent]
|move|p1a: Scizor|Defog|p2a: Kingambit
|-unboost|p2a: Kingambit|evasion|1
|-sideend|p1: h3ckt1k|Spikes|[from] move: Defog|[of] p1a: Scizor
|-sideend|p1: h3ckt1k|Stealth Rock|[from] move: Defog|[of] p1a: Scizor
|-fieldend|move: Grassy Terrain
|
|-weather|none
|upkeep
|turn|16
|
|t:|1769381029
|move|p1a: Scizor|U-turn|p2a: Kingambit
|-damage|p2a: Kingambit|72/100
|
|t:|1769381032
|switch|p1a: Salamence|Salamence, F|76/100|[from] U-turn
|-ability|p1a: Salamence|Intimidate|boost
|-unboost|p2a: Kingambit|atk|1
|move|p2a: Kingambit|Swords Dance|p2a: Kingambit
|-boost|p2a: Kingambit|atk|2
|
|-heal|p1a: Salamence|82/100|[from] item: Leftovers
|upkeep
|turn|17
|
|t:|1769381055
|move|p1a: Salamence|Flamethrower|p2a: Kingambit
|-supereffective|p2a: Kingambit
|-damage|p2a: Kingambit|29/100
|move|p2a: Kingambit|Kowtow Cleave|p1a: Salamence
|-damage|p1a: Salamence|0 fnt
|faint|p1a: Salamence
|
|upkeep
|
|t:|1769381066
|switch|p1a: Floatzel|Floatzel, F|100/100
|turn|18
|
|t:|1769381069
|move|p2a: Kingambit|Sucker Punch|p1a: Floatzel
|-damage|p1a: Floatzel|0 fnt
|faint|p1a: Floatzel
|
|upkeep
|
|t:|1769381075
|switch|p1a: Scizor|Scizor, F|100/100
|turn|19
|
|t:|1769381077
|move|p2a: Kingambit|Sucker Punch|p1a: Scizor
|-damage|p1a: Scizor|0 fnt
|faint|p1a: Scizor
|
|upkeep
|-message|h3ckt1k forfeited.
|
|win|caomei111
|raw|h3ckt1k's rating: 1119 &rarr; <strong>1090</strong><br />(-29 for losing)
|raw|caomei111's rating: 1069 &rarr; <strong>1103</strong><br />(+34 for winning)
|l|☆h3ckt1k
|player|p1|
