|j|☆ape-tickler
|j|☆smexydevvi
|t:|1769337937
|gametype|singles
|player|p1|ape-tickler|skyla|1165
|player|p2|smexydevvi|janitor|1208
|gen|9
|tier|[Gen 9] OU
|rated|
|rule|HP Percentage Mod: HP is shown in percentages
|rule|Endless Battle Clause: Forcing endless battles is banned
|rule|Species Clause: Limit one of each Pokémon
|rule|OHKO Clause: OHKO moves are banned
|rule|Evasion Items Clause: Evasion items are banned
|rule|Evasion Moves Clause: Evasion moves are banned
|rule|Evasion Abilities Clause: Evasion abilities are banned
|rule|Sleep Moves Clause: Sleep-inducing moves are banned
|clearpoke
|poke|p1|Greninja-*, M|
|poke|p1|Hydrapple, M|
|poke|p1|Blaziken, M|
|poke|p1|Alomomola, F|
|poke|p1|Great Tusk|
|poke|p1|Metagross|
|poke|p2|Regidrago|
|poke|p2|Ceruledge, M|
|poke|p2|Torkoal, M|
|poke|p2|Great Tusk|
|poke|p2|Walking Wake|
|poke|p2|Charjabug, M|
|teampreview
|
|t:|1769337952
|teamsize|p1|6
|teamsize|p2|6
|start
|switch|p1a: Greninja|Greninja, M, shiny|100/100
|switch|p2a: Praise The Sun|Torkoal, M|100/100
|-weather|SunnyDay|[from] ability: Drought|[of] p2a: Praise The Sun
|turn|1
|
|t:|1769337966
|switch|p2a: b u g e|Charjabug, M|100/100
|move|p1a: Greninja|Hydro Pump|p2a: b u g e
|-start|p1a: Greninja|typechange|Water|[from] ability: Protean
|-damage|p2a: b u g e|80/100
|-damage|p1a: Greninja|91/100|[from] item: Life Orb
|
|-weather|SunnyDay|[upkeep]
|upkeep
|turn|2
|
|t:|1769337977
|move|p1a: Greninja|U-turn|p2a: b u g e
|-crit|p2a: b u g e
|-damage|p2a: b u g e|61/100
|-damage|p1a: Greninja|81/100|[from] item: Life Orb
|
|t:|1769337982
|switch|p1a: Blaziken|Blaziken, M|100/100|[from] U-turn
|move|p2a: b u g e|Lunge|p1a: Blaziken
|-resisted|p1a: Blaziken
|-damage|p1a: Blaziken|92/100
|-unboost|p1a: Blaziken|atk|1
|
|-weather|SunnyDay|[upkeep]
|upkeep
|turn|3
|
|t:|1769338002
|move|p1a: Blaziken|Flare Blitz|p2a: b u g e
|-supereffective|p2a: b u g e
|-damage|p2a: b u g e|0 fnt
|faint|p2a: b u g e
|-damage|p1a: Blaziken|71/100|[from] Recoil
|
|-weather|SunnyDay|[upkeep]
|upkeep
|
|t:|1769338006
|switch|p2a: Radahn|Walking Wake|100/100
|-activate|p2a: Radahn|ability: Protosynthesis
|-start|p2a: Radahn|protosynthesisspa
|turn|4
|
|t:|1769338020
|switch|p1a: Metagross|Metagross|100/100
|move|p2a: Radahn|Draco Meteor|p1a: Metagross
|-resisted|p1a: Metagross
|-damage|p1a: Metagross|58/100
|-unboost|p2a: Radahn|spa|2
|-enditem|p2a: Radahn|Eject Pack
|
|t:|1769338035
|-end|p2a: Radahn|Protosynthesis|[silent]
|switch|p2a: Praise The Sun|Torkoal, M|100/100
|
|-weather|SunnyDay|[upkeep]
|-heal|p1a: Metagross|64/100|[from] item: Leftovers
|upkeep
|turn|5
|
|t:|1769338043
|move|p1a: Metagross|Earthquake|p2a: Praise The Sun
|-supereffective|p2a: Praise The Sun
|-damage|p2a: Praise The Sun|46/100
|move|p2a: Praise The Sun|Lava Plume|p1a: Metagross
|-supereffective|p1a: Metagross
|-damage|p1a: Metagross|0 fnt
|faint|p1a: Metagross
|
|-weather|none
|upkeep
|inactive|Battle timer is ON: inactive players will automatically lose when time's up. (requested by smexydevvi)
|
|t:|1769338053
|switch|p1a: Greninja|Greninja, M, shiny|81/100
|turn|6
|
|t:|1769338064
|switch|p2a: Radahn|Walking Wake|100/100
|move|p1a: Greninja|Ice Beam|p2a: Radahn
|-start|p1a: Greninja|typechange|Ice|[from] ability: Protean
|-damage|p2a: Radahn|42/100
|-damage|p1a: Greninja|71/100|[from] item: Life Orb
|
|upkeep
|turn|7
|
|t:|1769338074
|-end|p2a: Radahn|Protosynthesis|[silent]
|switch|p2a: Praise The Sun|Torkoal, M|46/100
|-weather|SunnyDay|[from] ability: Drought|[of] p2a: Praise The Sun
|move|p1a: Greninja|Ice Beam|p2a: Praise The Sun
|-resisted|p2a: Praise The Sun
|-damage|p2a: Praise The Sun|22/100
|-damage|p1a: Greninja|61/100|[from] item: Life Orb
|
|-weather|SunnyDay|[upkeep]
|upkeep
|turn|8
|
|t:|1769338086
|move|p1a: Greninja|Ice Beam|p2a: Praise The Sun
|-resisted|p2a: Praise The Sun
|-damage|p2a: Praise The Sun|0 fnt
|faint|p2a: Praise The Sun
|-damage|p1a: Greninja|51/100|[from] item: Life Orb
|
|-weather|SunnyDay|[upkeep]
|upkeep
|
|t:|1769338092
|switch|p2a: Radahn|Walking Wake|42/100
|-activate|p2a: Radahn|ability: Protosynthesis
|-start|p2a: Radahn|protosynthesisspa
|turn|9
|
|t:|1769338098
|move|p1a: Greninja|Ice Beam|p2a: Radahn
|-damage|p2a: Radahn|0 fnt
|faint|p2a: Radahn
|-end|p2a: Radahn|Protosynthesis|[silent]
|-damage|p1a: Greninja|42/100|[from] item: Life Orb
|
|-weather|SunnyDay|[upkeep]
|upkeep
|
|t:|1769338108
|switch|p2a: EvenFurtherBeyond|Regidrago|100/100
|turn|10
|
|t:|1769338112
|-terastallize|p2a: EvenFurtherBeyond|Steel
|move|p1a: Greninja|Ice Beam|p2a: EvenFurtherBeyond
|-resisted|p2a: EvenFurtherBeyond
|-damage|p2a: EvenFurtherBeyond|71/100
|-damage|p1a: Greninja|32/100|[from] item: Life Orb
|move|p2a: EvenFurtherBeyond|Dragon Dance|p2a: EvenFurtherBeyond
|-boost|p2a: EvenFurtherBeyond|atk|1
|-boost|p2a: EvenFurtherBeyond|spe|1
|
|-weather|SunnyDay|[upkeep]
|upkeep
|turn|11
|
|t:|1769338127
|switch|p1a: Great Tusk|Great Tusk|100/100
|-activate|p1a: Great Tusk|ability: Protosynthesis
|-start|p1a: Great Tusk|protosynthesisdef
|move|p2a: EvenFurtherBeyond|Dragon Dance|p2a: EvenFurtherBeyond
|-boost|p2a: EvenFurtherBeyond|atk|1
|-boost|p2a: EvenFurtherBeyond|spe|1
|
|-weather|none
|-end|p1a: Great Tusk|Protosynthesis
|upkeep
|-enditem|p1a: Great Tusk|Booster Energy
|-activate|p1a: Great Tusk|ability: Protosynthesis|[fromitem]
|-start|p1a: Great Tusk|protosynthesisdef
|turn|12
|
|t:|1769338148
|switch|p2a: Mahoraga|Ceruledge, M|100/100
|-item|p2a: Mahoraga|Air Balloon
|-terastallize|p1a: Great Tusk|Ground
|move|p1a: Great Tusk|Earthquake|p2a: Mahoraga
|-immune|p2a: Mahoraga
|
|upkeep
|turn|13
|
|t:|1769338158
|move|p1a: Great Tusk|Stealth Rock|p2a: Mahoraga
|-sidestart|p2: smexydevvi|move: Stealth Rock
|move|p2a: Mahoraga|Bulk Up|p2a: Mahoraga
|-boost|p2a: Mahoraga|atk|1
|-boost|p2a: Mahoraga|def|1
|
|upkeep
|turn|14
|
|t:|1769338168
|-end|p1a: Great Tusk|Protosynthesis|[silent]
|switch|p1a: Alomomola|Alomomola, F|100/100
|move|p2a: Mahoraga|Bitter Blade|p1a: Alomomola
|-resisted|p1a: Alomomola
|-damage|p1a: Alomomola|84/100
|
|upkeep
|turn|15
|
|t:|1769338176
|move|p2a: Mahoraga|Bulk Up|p2a: Mahoraga
|-boost|p2a: Mahoraga|atk|1
|-boost|p2a: Mahoraga|def|1
|move|p1a: Alomomola|Flip Turn|p2a: Mahoraga
|-supereffective|p2a: Mahoraga
|-damage|p2a: Mahoraga|89/100
|-ability|p2a: Mahoraga|Weak Armor|boost
|-unboost|p2a: Mahoraga|def|1
|-boost|p2a: Mahoraga|spe|2
|-enditem|p2a: Mahoraga|Air Balloon
|
|t:|1769338187
|switch|p1a: Great Tusk|Great Tusk, tera:Ground|100/100|[from] Flip Turn
|
|upkeep
|turn|16
|
|t:|1769338192
|move|p2a: Mahoraga|Bulk Up|p2a: Mahoraga
|-boost|p2a: Mahoraga|atk|1
|-boost|p2a: Mahoraga|def|1
|move|p1a: Great Tusk|Earthquake|p2a: Mahoraga
|-supereffective|p2a: Mahoraga
|-damage|p2a: Mahoraga|43/100
|-ability|p2a: Mahoraga|Weak Armor|boost
|-unboost|p2a: Mahoraga|def|1
|-boost|p2a: Mahoraga|spe|2
|
|upkeep
|turn|17
|
|t:|1769338203
|move|p2a: Mahoraga|Bitter Blade|p1a: Great Tusk
|-damage|p1a: Great Tusk|60/100
|-heal|p2a: Mahoraga|69/100|[from] drain|[of] p1a: Great Tusk
|move|p1a: Great Tusk|Earthquake|p2a: Mahoraga
|-supereffective|p2a: Mahoraga
|-damage|p2a: Mahoraga|8/100
|-ability|p2a: Mahoraga|Weak Armor|boost
|-unboost|p2a: Mahoraga|def|1
|-boost|p2a: Mahoraga|spe|2
|
|upkeep
|turn|18
|
|t:|1769338214
|move|p2a: Mahoraga|Bitter Blade|p1a: Great Tusk
|-damage|p1a: Great Tusk|12/100
|-heal|p2a: Mahoraga|37/100|[from] drain|[of] p1a: Great Tusk
|move|p1a: Great Tusk|Earthquake|p2a: Mahoraga
|-supereffective|p2a: Mahoraga
|-damage|p2a: Mahoraga|0 fnt
|faint|p2a: Mahoraga
|
|upkeep
|
|t:|1769338217
|switch|p2a: Gatekeeper of OU|Great Tusk|100/100
|turn|19
|
|t:|1769338227
|move|p2a: Gatekeeper of OU|Rapid Spin|p1a: Great Tusk
|-damage|p1a: Great Tusk|5/100
|-boost|p2a: Gatekeeper of OU|spe|1
|-sideend|p2: smexydevvi|Stealth Rock|[from] move: Rapid Spin|[of] p2a: Gatekeeper of OU
|move|p1a: Great Tusk|Rest|p1a: Great Tusk
|-status|p1a: Great Tusk|slp|[from] move: Rest
|-heal|p1a: Great Tusk|100/100 slp|[silent]
|
|upkeep
|turn|20
|
|t:|1769338237
|-end|p1a: Great Tusk|Protosynthesis|[silent]
|switch|p1a: Hydrapple|Hydrapple, M|100/100
|move|p2a: Gatekeeper of OU|Bulk Up|p2a: Gatekeeper of OU
|-boost|p2a: Gatekeeper of OU|atk|1
|-boost|p2a: Gatekeeper of OU|def|1
|
|upkeep
|turn|21
|
|t:|1769338245
|move|p2a: Gatekeeper of OU|Knock Off|p1a: Hydrapple
|-damage|p1a: Hydrapple|76/100
|-enditem|p1a: Hydrapple|Leftovers|[from] move: Knock Off|[of] p2a: Gatekeeper of OU
|move|p1a: Hydrapple|Leaf Storm|p2a: Gatekeeper of OU
|-supereffective|p2a: Gatekeeper of OU
|-damage|p2a: Gatekeeper of OU|0 fnt
|-unboost|p1a: Hydrapple|spa|2
|faint|p2a: Gatekeeper of OU
|-end|p2a: Gatekeeper of OU|Protosynthesis|[silent]
|
|upkeep
|
|t:|1769338251
|switch|p2a: EvenFurtherBeyond|Regidrago, tera:Steel|71/100
|turn|22
|
|t:|1769338260
|switch|p1a: Blaziken|Blaziken, M|71/100
|move|p2a: EvenFurtherBeyond|Dragon Dance|p2a: EvenFurtherBeyond
|-boost|p2a: EvenFurtherBeyond|atk|1
|-boost|p2a: EvenFurtherBeyond|spe|1
|
|upkeep
|turn|23
|
|t:|1769338266
|move|p1a: Blaziken|Vacuum Wave|p2a: EvenFurtherBeyond
|-supereffective|p2a: EvenFurtherBeyond
|-damage|p2a: EvenFurtherBeyond|40/100
|move|p2a: EvenFurtherBeyond|Scale Shot|p1a: Blaziken
|-damage|p1a: Blaziken|25/100
|-damage|p1a: Blaziken|0 fnt
|faint|p1a: Blaziken
|-hitcount|p1: Blaziken|2
|-unboost|p2a: EvenFurtherBeyond|def|1
|-boost|p2a: EvenFurtherBeyond|spe|1
|
|upkeep
|
|t:|1769338285
|switch|p1a: Alomomola|Alomomola, F|100/100
|turn|24
|
|t:|1769338291
|move|p2a: EvenFurtherBeyond|Dragon Dance|p2a: EvenFurtherBeyond
|-boost|p2a: EvenFurtherBeyond|atk|1
|-boost|p2a: EvenFurtherBeyond|spe|1
|move|p1a: Alomomola|Light Screen|p1a: Alomomola
|-sidestart|p1: ape-tickler|move: Light Screen
|
|upkeep
|turn|25
|
|t:|1769338296
|move|p2a: EvenFurtherBeyond|Scale Shot|p1a: Alomomola
|-damage|p1a: Alomomola|78/100
|-damage|p1a: Alomomola|56/100
|-damage|p1a: Alomomola|36/100
|-damage|p1a: Alomomola|13/100
|-hitcount|p1a: Alomomola|4
|-unboost|p2a: EvenFurtherBeyond|def|1
|-boost|p2a: EvenFurtherBeyond|spe|1
|move|p1a: Alomomola|Scald|p2a: EvenFurtherBeyond
|-damage|p2a: EvenFurtherBeyond|24/100
|-status|p2a: EvenFurtherBeyond|brn
|
|-damage|p2a: EvenFurtherBeyond|18/100 brn|[from] brn
|upkeep
|turn|26
|-message|smexydevvi forfeited.
|
|win|ape-tickler
|raw|ape-tickler's rating: 1165 &rarr; <strong>1193</strong><br />(+28 for winning)
|raw|smexydevvi's rating: 1208 &rarr; <strong>1180</strong><br />(-28 for losing)
|l|☆smexydevvi
|player|p2|
|l|☆ape-tickler
|player|p1|
