|j|☆davdov227
|j|☆kiko5bolas
|t:|1769400098
|gametype|singles
|player|p1|davdov227|266|1065
|player|p2|kiko5bolas|ingo|1087
|gen|9
|tier|[Gen 9] OU
|rated|
|rule|HP Percentage Mod: HP is shown in percentages
|rule|Endless Battle Clause: Forcing endless battles is banned
|rule|Species Clause: Limit one of each Pokémon
|rule|OHKO Clause: OHKO moves are banned
|rule|Evasion Items Clause: Evasion items are banned
|rule|Evasion Moves Clause: Evasion moves are banned
|rule|Evasion Abilities Clause: Evasion abilities are banned
|rule|Sleep Moves Clause: Sleep-inducing moves are banned
|clearpoke
|poke|p1|Kingambit, M|
|poke|p1|Glimmora, M|
|poke|p1|Diglett, F|
|poke|p1|Tentacruel, M|
|poke|p1|Flamigo, F|
|poke|p1|Sentret, F|
|poke|p2|Gardevoir, F|
|poke|p2|Iron Valiant|
|poke|p2|Ceruledge, F|
|poke|p2|Garganacl, F|
|poke|p2|Metagross|
|poke|p2|Ninetales, F|
|teampreview
|inactive|Battle timer is ON: inactive players will automatically lose when time's up. (requested by davdov227)
|
|t:|1769400110
|teamsize|p1|6
|teamsize|p2|6
|start
|switch|p1a: regular glimmora|Glimmora, M|100/100
|switch|p2a: Ninetales|Ninetales, F|100/100
|-weather|SunnyDay|[from] ability: Drought|[of] p2a: Ninetales
|turn|1
|
|t:|1769400128
|switch|p2a: Metagross|Metagross|100/100
|move|p1a: regular glimmora|Toxic Spikes|p2a: Metagross
|-sidestart|p2: kiko5bolas|move: Toxic Spikes
|
|-weather|SunnyDay|[upkeep]
|upkeep
|turn|2
|inactive|davdov227 has 120 seconds left.
|
|t:|1769400160
|move|p1a: regular glimmora|Toxic Spikes|p2a: Metagross
|-sidestart|p2: kiko5bolas|move: Toxic Spikes
|move|p2a: Metagross|Zen Headbutt|p1a: regular glimmora
|-supereffective|p1a: regular glimmora
|-damage|p1a: regular glimmora|3/100
|
|-weather|SunnyDay|[upkeep]
|upkeep
|turn|3
|inactive|davdov227 has 120 seconds left.
|
|t:|1769400173
|move|p2a: Metagross|Bullet Punch|p1a: regular glimmora
|-supereffective|p1a: regular glimmora
|-damage|p1a: regular glimmora|0 fnt
|faint|p1a: regular glimmora
|
|-weather|SunnyDay|[upkeep]
|upkeep
|
|t:|1769400183
|switch|p1a: classic fear|Sentret, F|100/100
|-item|p2a: Metagross|Assault Vest|[from] ability: Frisk|[of] p1a: classic fear
|turn|4
|
|t:|1769400199
|switch|p2a: Garganacl|Garganacl, F|100/100
|move|p1a: classic fear|Endeavor|p2a: Garganacl
|-damage|p2a: Garganacl|45/100
|
|-weather|SunnyDay|[upkeep]
|-heal|p2a: Garganacl|51/100|[from] item: Leftovers
|upkeep
|turn|5
|inactive|davdov227 has 120 seconds left.
|
|t:|1769400212
|switch|p1a: backup glimmora|Tentacruel, M|100/100
|move|p2a: Garganacl|Recover|p2a: Garganacl
|-heal|p2a: Garganacl|100/100
|
|-weather|SunnyDay|[upkeep]
|upkeep
|turn|6
|inactive|davdov227 has 120 seconds left.
|
|t:|1769400221
|move|p1a: backup glimmora|Toxic|p2a: Garganacl
|-immune|p2a: Garganacl|[from] ability: Purifying Salt
|move|p2a: Garganacl|Salt Cure|p1a: backup glimmora
|-damage|p1a: backup glimmora|80/100
|-start|p1a: backup glimmora|Salt Cure
|
|-weather|SunnyDay|[upkeep]
|-heal|p1a: backup glimmora|86/100|[from] item: Leftovers
|-damage|p1a: backup glimmora|61/100|[from] Salt Cure
|upkeep
|turn|7
|
|t:|1769400231
|move|p1a: backup glimmora|Gunk Shot|p2a: Garganacl
|-resisted|p2a: Garganacl
|-damage|p2a: Garganacl|86/100
|move|p2a: Garganacl|Stealth Rock|p1a: backup glimmora
|-sidestart|p1: davdov227|move: Stealth Rock
|
|-weather|SunnyDay|[upkeep]
|-heal|p1a: backup glimmora|67/100|[from] item: Leftovers
|-heal|p2a: Garganacl|92/100|[from] item: Leftovers
|-damage|p1a: backup glimmora|42/100|[from] Salt Cure
|upkeep
|turn|8
|
|t:|1769400242
|move|p1a: backup glimmora|Rapid Spin|p2a: Garganacl
|-resisted|p2a: Garganacl
|-damage|p2a: Garganacl|89/100
|-boost|p1a: backup glimmora|spe|1
|-sideend|p1: davdov227|Stealth Rock|[from] move: Rapid Spin|[of] p1a: backup glimmora
|move|p2a: Garganacl|Salt Cure|p1a: backup glimmora
|-damage|p1a: backup glimmora|18/100
|
|-weather|none
|-heal|p1a: backup glimmora|24/100|[from] item: Leftovers
|-heal|p2a: Garganacl|95/100|[from] item: Leftovers
|-damage|p1a: backup glimmora|0 fnt|[from] Salt Cure
|faint|p1a: backup glimmora
|upkeep
|
|t:|1769400246
|switch|p1a: gholdengo MELTER|Kingambit, M|100/100
|turn|9
|
|t:|1769400255
|move|p1a: gholdengo MELTER|Low Sweep|p2a: Garganacl
|-supereffective|p2a: Garganacl
|-damage|p2a: Garganacl|60/100
|-unboost|p2a: Garganacl|spe|1
|move|p2a: Garganacl|Salt Cure|p1a: gholdengo MELTER
|-resisted|p1a: gholdengo MELTER
|-crit|p1a: gholdengo MELTER
|-damage|p1a: gholdengo MELTER|93/100
|-start|p1a: gholdengo MELTER|Salt Cure
|
|-heal|p2a: Garganacl|66/100|[from] item: Leftovers
|-damage|p1a: gholdengo MELTER|68/100|[from] Salt Cure
|upkeep
|turn|10
|
|t:|1769400266
|move|p2a: Garganacl|Protect|p2a: Garganacl
|-singleturn|p2a: Garganacl|Protect
|move|p1a: gholdengo MELTER|Iron Head|p2a: Garganacl
|-activate|p2a: Garganacl|move: Protect
|
|-heal|p2a: Garganacl|72/100|[from] item: Leftovers
|-damage|p1a: gholdengo MELTER|43/100|[from] Salt Cure
|upkeep
|turn|11
|
|t:|1769400277
|move|p1a: gholdengo MELTER|Kowtow Cleave|p2a: Garganacl
|-damage|p2a: Garganacl|37/100
|move|p2a: Garganacl|Recover|p2a: Garganacl
|-heal|p2a: Garganacl|87/100
|
|-heal|p2a: Garganacl|93/100|[from] item: Leftovers
|-damage|p1a: gholdengo MELTER|18/100|[from] Salt Cure
|upkeep
|turn|12
|
|t:|1769400286
|move|p1a: gholdengo MELTER|Low Sweep|p2a: Garganacl
|-supereffective|p2a: Garganacl
|-damage|p2a: Garganacl|61/100
|-unboost|p2a: Garganacl|spe|1
|move|p2a: Garganacl|Stealth Rock|p1a: gholdengo MELTER
|-sidestart|p1: davdov227|move: Stealth Rock
|
|-heal|p2a: Garganacl|67/100|[from] item: Leftovers
|-damage|p1a: gholdengo MELTER|0 fnt|[from] Salt Cure
|faint|p1a: gholdengo MELTER
|upkeep
|-message|davdov227 forfeited.
|
|win|kiko5bolas
|raw|davdov227's rating: 1065 &rarr; <strong>1046</strong><br />(-19 for losing)
|raw|kiko5bolas's rating: 1087 &rarr; <strong>1112</strong><br />(+25 for winning)
|l|☆davdov227
|player|p1|
|l|☆kiko5bolas
|player|p2|
