|j|☆RandomChickenx
|j|☆zenny0785e
|t:|1769393422
|gametype|singles
|player|p1|RandomChickenx|1|
|player|p2|zenny0785e|266|
|gen|9
|tier|[Gen 9] OU
|rule|HP Percentage Mod: HP is shown in percentages
|rule|Endless Battle Clause: Forcing endless battles is banned
|rule|Species Clause: Limit one of each Pokémon
|rule|OHKO Clause: OHKO moves are banned
|rule|Evasion Items Clause: Evasion items are banned
|rule|Evasion Moves Clause: Evasion moves are banned
|rule|Evasion Abilities Clause: Evasion abilities are banned
|rule|Sleep Moves Clause: Sleep-inducing moves are banned
|clearpoke
|poke|p1|Clefable, M|
|poke|p1|Dragonite, F|
|poke|p1|Gholdengo|
|poke|p1|Iron Valiant|
|poke|p1|Heatran, M|
|poke|p1|Kingambit, M|
|poke|p2|Serperior, F|
|poke|p2|Clefable, F|
|poke|p2|Bisharp, F|
|poke|p2|Armarouge, M|
|poke|p2|Froslass, F|
|poke|p2|Maushold-Four|
|teampreview
|
|t:|1769393447
|teamsize|p1|6
|teamsize|p2|6
|start
|switch|p1a: clef|Clefable, M|100/100
|switch|p2a: freeze|Froslass, F|100/100
|turn|1
|
|t:|1769393455
|move|p2a: freeze|Spikes|p1a: clef
|-sidestart|p1: RandomChickenx|Spikes
|move|p1a: clef|Flamethrower|p2a: freeze
|-supereffective|p2a: freeze
|-crit|p2a: freeze
|-damage|p2a: freeze|24/100
|-start|p1a: clef|Disable|Flamethrower|[from] ability: Cursed Body|[of] p2a: freeze
|
|upkeep
|turn|2
|
|t:|1769393471
|move|p2a: freeze|Icicle Spear|p1a: clef
|-damage|p1a: clef|94/100
|-damage|p1a: clef|89/100
|-damage|p1a: clef|83/100
|-damage|p1a: clef|77/100
|-hitcount|p1a: clef|4
|move|p1a: clef|Moonblast|p2a: freeze
|-damage|p2a: freeze|0 fnt
|faint|p2a: freeze
|
|-heal|p1a: clef|83/100|[from] item: Leftovers
|upkeep
|
|t:|1769393476
|switch|p2a: tinkatonk|Bisharp, F|100/100
|turn|3
|
|t:|1769393484
|switch|p1a: heat man|Heatran, M|100/100
|-damage|p1a: heat man|88/100|[from] Spikes
|move|p2a: tinkatonk|Swords Dance|p2a: tinkatonk
|-boost|p2a: tinkatonk|atk|2
|
|-heal|p1a: heat man|94/100|[from] item: Leftovers
|upkeep
|turn|4
|
|t:|1769393498
|switch|p2a: watch this|Clefable, F|100/100
|move|p1a: heat man|Magma Storm|p2a: watch this
|-damage|p2a: watch this|65/100
|-activate|p2a: watch this|move: Magma Storm|[of] p1a: heat man
|
|-heal|p1a: heat man|100/100|[from] item: Leftovers
|-heal|p2a: watch this|71/100|[from] item: Leftovers
|-damage|p2a: watch this|59/100|[from] move: Magma Storm|[partiallytrapped]
|upkeep
|turn|5
|
|t:|1769393514
|switch|p1a: steel femboy|Iron Valiant, shiny|100/100
|-damage|p1a: steel femboy|88/100|[from] Spikes
|-enditem|p1a: steel femboy|Booster Energy
|-activate|p1a: steel femboy|ability: Quark Drive|[fromitem]
|-start|p1a: steel femboy|quarkdrivespe
|move|p2a: watch this|Moonlight|p2a: watch this
|-heal|p2a: watch this|100/100
|
|-end|p2a: watch this|Magma Storm|[partiallytrapped]|[silent]
|upkeep
|turn|6
|
|t:|1769393530
|-end|p1a: steel femboy|Quark Drive|[silent]
|switch|p1a: 13¢|Gholdengo|100/100
|-damage|p1a: 13¢|88/100|[from] Spikes
|move|p2a: watch this|Calm Mind|p2a: watch this
|-boost|p2a: watch this|spa|1
|-boost|p2a: watch this|spd|1
|
|upkeep
|turn|7
|
|t:|1769393542
|move|p1a: 13¢|Make It Rain|p2a: watch this
|-supereffective|p2a: watch this
|-damage|p2a: watch this|0 fnt
|-unboost|p1a: 13¢|spa|1
|faint|p2a: watch this
|
|upkeep
|
|t:|1769393552
|switch|p2a: eruption|Armarouge, M|100/100
|turn|8
|
|t:|1769393589
|switch|p1a: heat man|Heatran, M|100/100
|-damage|p1a: heat man|88/100|[from] Spikes
|move|p2a: eruption|Calm Mind|p2a: eruption
|-boost|p2a: eruption|spa|1
|-boost|p2a: eruption|spd|1
|
|-heal|p1a: heat man|94/100|[from] item: Leftovers
|upkeep
|turn|9
|l|☆RandomChickenx
|player|p1|
|j|☆RandomChickenx
|player|p1|RandomChickenx|1|
|inactive|Battle timer is ON: inactive players will automatically lose when time's up. (requested by RandomChickenx)
|inactive|zenny0785e has 270 seconds left.
|
|t:|1769393889
|move|p2a: eruption|Expanding Force|p1a: heat man
|-resisted|p1a: heat man
|-damage|p1a: heat man|74/100
|move|p1a: heat man|Earth Power|p2a: eruption
|-supereffective|p2a: eruption
|-damage|p2a: eruption|56/100
|
|-heal|p1a: heat man|80/100|[from] item: Leftovers
|upkeep
|turn|10
|inactive|RandomChickenx has 270 seconds left.
|
|t:|1769393945
|move|p2a: eruption|Shadow Ball|p1a: heat man
|-damage|p1a: heat man|55/100
|move|p1a: heat man|Earth Power|p2a: eruption
|-supereffective|p2a: eruption
|-damage|p2a: eruption|14/100
|
|-heal|p1a: heat man|61/100|[from] item: Leftovers
|upkeep
|turn|11
|
|t:|1769393953
|move|p2a: eruption|Shadow Ball|p1a: heat man
|-damage|p1a: heat man|33/100
|move|p1a: heat man|Earth Power|p2a: eruption
|-supereffective|p2a: eruption
|-damage|p2a: eruption|0 fnt
|faint|p2a: eruption
|
|-heal|p1a: heat man|39/100|[from] item: Leftovers
|upkeep
|
|t:|1769393960
|switch|p2a: just beat it|Maushold-Four|100/100
|turn|12
|
|t:|1769393979
|switch|p1a: cutie patootie|Dragonite, F, shiny|100/100
|move|p2a: just beat it|Bullet Seed|p1a: cutie patootie
|-resisted|p1a: cutie patootie
|-damage|p1a: cutie patootie|99/100
|-resisted|p1a: cutie patootie
|-crit|p1a: cutie patootie
|-damage|p1a: cutie patootie|96/100
|-hitcount|p1a: cutie patootie|2
|
|upkeep
|turn|13
|
|t:|1769393996
|move|p1a: cutie patootie|Extreme Speed|p2a: just beat it
|-damage|p2a: just beat it|54/100
|move|p2a: just beat it|Thunder Wave|p1a: cutie patootie
|-status|p1a: cutie patootie|par
|
|upkeep
|turn|14
|
|t:|1769394005
|move|p2a: just beat it|Population Bomb|p1a: cutie patootie
|-damage|p1a: cutie patootie|81/100 par
|-damage|p1a: cutie patootie|68/100 par
|-damage|p1a: cutie patootie|56/100 par
|-damage|p1a: cutie patootie|41/100 par
|-damage|p1a: cutie patootie|27/100 par
|-damage|p1a: cutie patootie|13/100 par
|-damage|p1a: cutie patootie|0 fnt
|faint|p1a: cutie patootie
|-hitcount|p1: cutie patootie|7
|
|upkeep
|
|t:|1769394015
|switch|p1a: steel femboy|Iron Valiant, shiny|88/100
|-damage|p1a: steel femboy|76/100|[from] Spikes
|turn|15
|
|t:|1769394027
|move|p1a: steel femboy|Close Combat|p2a: just beat it
|-supereffective|p2a: just beat it
|-damage|p2a: just beat it|0 fnt
|-unboost|p1a: steel femboy|def|1
|-unboost|p1a: steel femboy|spd|1
|faint|p2a: just beat it
|
|upkeep
|
|t:|1769394030
|switch|p2a: tinkatonk|Bisharp, F|100/100
|turn|16
|
|t:|1769394046
|-end|p1a: steel femboy|Quark Drive|[silent]
|switch|p1a: Bishar|Kingambit, M|100/100
|-damage|p1a: Bishar|88/100|[from] Spikes
|-activate|p1a: Bishar|ability: Supreme Overlord
|-start|p1a: Bishar|fallen1|[silent]
|move|p2a: tinkatonk|Iron Head|p1a: Bishar
|-resisted|p1a: Bishar
|-damage|p1a: Bishar|71/100
|
|-heal|p1a: Bishar|78/100|[from] item: Leftovers
|upkeep
|turn|17
|inactive|RandomChickenx has 270 seconds left.
|
|t:|1769394078
|-terastallize|p1a: Bishar|Dark
|move|p1a: Bishar|Kowtow Cleave|p2a: tinkatonk
|-resisted|p2a: tinkatonk
|-damage|p2a: tinkatonk|76/100
|move|p2a: tinkatonk|Swords Dance|p2a: tinkatonk
|-boost|p2a: tinkatonk|atk|2
|
|-heal|p1a: Bishar|84/100|[from] item: Leftovers
|upkeep
|turn|18
|l|☆RandomChickenx
|inactive|RandomChickenx disconnected and has 300 seconds to reconnect!
|player|p1|
|j|☆RandomChickenx
|inactive|RandomChickenx reconnected and has 260 seconds left.
|player|p1|RandomChickenx|1|
|
|t:|1769394107
|-end|p1a: Bishar|fallen1|[silent]
|switch|p1a: heat man|Heatran, M|39/100
|-damage|p1a: heat man|27/100|[from] Spikes
|move|p2a: tinkatonk|Iron Head|p1a: heat man
|-resisted|p1a: heat man
|-damage|p1a: heat man|11/100
|
|-heal|p1a: heat man|17/100|[from] item: Leftovers
|upkeep
|turn|19
|inactive|zenny0785e has 270 seconds left.
|
|t:|1769394128
|move|p2a: tinkatonk|Sucker Punch|p1a: heat man
|-damage|p1a: heat man|0 fnt
|faint|p1a: heat man
|
|upkeep
|
|t:|1769394140
|switch|p1a: steel femboy|Iron Valiant, shiny|76/100
|-damage|p1a: steel femboy|63/100|[from] Spikes
|turn|20
|
|t:|1769394147
|move|p1a: steel femboy|Moonblast|p2a: tinkatonk
|-damage|p2a: tinkatonk|38/100
|-unboost|p2a: tinkatonk|spa|1
|-ability|p2a: tinkatonk|Defiant|boost
|-boost|p2a: tinkatonk|atk|2
|move|p2a: tinkatonk|Poison Jab|p1a: steel femboy
|-supereffective|p1a: steel femboy
|-damage|p1a: steel femboy|0 fnt
|faint|p1a: steel femboy
|-end|p1a: steel femboy|Quark Drive|[silent]
|
|upkeep
|
|t:|1769394157
|switch|p1a: clef|Clefable, M|83/100
|-damage|p1a: clef|71/100|[from] Spikes
|turn|21
|
|t:|1769394163
|move|p2a: tinkatonk|Poison Jab|p1a: clef
|-supereffective|p1a: clef
|-damage|p1a: clef|34/100
|-status|p1a: clef|psn
|move|p1a: clef|Moonblast|p2a: tinkatonk
|-damage|p2a: tinkatonk|11/100
|
|-heal|p1a: clef|40/100 psn|[from] item: Leftovers
|-damage|p1a: clef|28/100 psn|[from] psn
|upkeep
|turn|22
|
|t:|1769394177
|move|p2a: tinkatonk|Poison Jab|p1a: clef
|-supereffective|p1a: clef
|-damage|p1a: clef|0 fnt
|faint|p1a: clef
|
|upkeep
|
|t:|1769394201
|switch|p1a: 13¢|Gholdengo|88/100
|-damage|p1a: 13¢|76/100|[from] Spikes
|turn|23
|
|t:|1769394208
|move|p2a: tinkatonk|Sucker Punch|p1a: 13¢
|-supereffective|p1a: 13¢
|-damage|p1a: 13¢|0 fnt
|faint|p1a: 13¢
|
|upkeep
|
|t:|1769394214
|switch|p1a: Bishar|Kingambit, M, tera:Dark|84/100
|-damage|p1a: Bishar|71/100|[from] Spikes
|-activate|p1a: Bishar|ability: Supreme Overlord
|-start|p1a: Bishar|fallen5|[silent]
|turn|24
|
|t:|1769394231
|-terastallize|p2a: tinkatonk|Dark
|move|p2a: tinkatonk|Sucker Punch|p1a: Bishar
|-resisted|p1a: Bishar
|-damage|p1a: Bishar|21/100
|move|p1a: Bishar|Iron Head|p2a: tinkatonk
|-damage|p2a: tinkatonk|0 fnt
|faint|p2a: tinkatonk
|
|-heal|p1a: Bishar|27/100|[from] item: Leftovers
|upkeep
|
|t:|1769394235
|switch|p2a: snips|Serperior, F|100/100
|turn|25
|
|t:|1769394252
|move|p2a: snips|Leaf Storm|p1a: Bishar
|-damage|p1a: Bishar|0 fnt
|-boost|p2a: snips|spa|2
|faint|p1a: Bishar
|-end|p1a: Bishar|fallen5|[silent]
|
|win|zenny0785e
