|j|☆aboda
|j|☆Monodomie
|t:|1769413482
|gametype|singles
|player|p1|aboda|pokemonranger-gen4|1305
|player|p2|Monodomie|hilda|1241
|gen|9
|tier|[Gen 9] OU
|rated|
|rule|HP Percentage Mod: HP is shown in percentages
|rule|Endless Battle Clause: Forcing endless battles is banned
|rule|Species Clause: Limit one of each Pokémon
|rule|OHKO Clause: OHKO moves are banned
|rule|Evasion Items Clause: Evasion items are banned
|rule|Evasion Moves Clause: Evasion moves are banned
|rule|Evasion Abilities Clause: Evasion abilities are banned
|rule|Sleep Moves Clause: Sleep-inducing moves are banned
|clearpoke
|poke|p1|Torkoal, M|
|poke|p1|Venusaur, M|
|poke|p1|Chansey, F|
|poke|p1|Corviknight, F|
|poke|p1|Great Tusk|
|poke|p1|Dragonite, M|
|poke|p2|Iron Valiant|
|poke|p2|Raging Bolt|
|poke|p2|Greninja-*, M|
|poke|p2|Manaphy|
|poke|p2|Cloyster, M|
|poke|p2|Zamazenta-*|
|teampreview
|inactive|Battle timer is ON: inactive players will automatically lose when time's up. (requested by aboda)
|
|t:|1769413494
|teamsize|p1|6
|teamsize|p2|6
|start
|switch|p1a: Great Tusk|Great Tusk|100/100
|switch|p2a: Manaphy|Manaphy, shiny|100/100
|turn|1
|
|t:|1769413501
|-end|p1a: Great Tusk|Protosynthesis|[silent]
|switch|p1a: Chansey|Chansey, F|100/100
|move|p2a: Manaphy|Tail Glow|p2a: Manaphy
|-boost|p2a: Manaphy|spa|3
|
|upkeep
|turn|2
|
|t:|1769413508
|move|p2a: Manaphy|Tail Glow|p2a: Manaphy
|-boost|p2a: Manaphy|spa|3
|move|p1a: Chansey|Thunder Wave|p2a: Manaphy
|-status|p2a: Manaphy|par
|
|upkeep
|turn|3
|
|t:|1769413519
|move|p2a: Manaphy|Hydro Pump|p1a: Chansey
|-damage|p1a: Chansey|60/100
|move|p1a: Chansey|Seismic Toss|p2a: Manaphy
|-damage|p2a: Manaphy|71/100 par
|
|upkeep
|turn|4
|
|t:|1769413523
|move|p2a: Manaphy|Hydro Pump|p1a: Chansey
|-damage|p1a: Chansey|17/100
|move|p1a: Chansey|Soft-Boiled|p1a: Chansey
|-heal|p1a: Chansey|67/100
|
|upkeep
|turn|5
|
|t:|1769413527
|move|p2a: Manaphy|Hydro Pump|p1a: Chansey
|-damage|p1a: Chansey|25/100
|move|p1a: Chansey|Sunny Day|p1a: Chansey
|-weather|SunnyDay
|
|-weather|SunnyDay|[upkeep]
|upkeep
|turn|6
|
|t:|1769413530
|move|p2a: Manaphy|Hydro Pump|p1a: Chansey
|-damage|p1a: Chansey|5/100
|move|p1a: Chansey|Soft-Boiled|p1a: Chansey
|-heal|p1a: Chansey|55/100
|
|-weather|SunnyDay|[upkeep]
|upkeep
|turn|7
|
|t:|1769413536
|move|p2a: Manaphy|Hydro Pump|p1a: Chansey|[miss]
|-miss|p2a: Manaphy|p1a: Chansey
|move|p1a: Chansey|Soft-Boiled|p1a: Chansey
|-heal|p1a: Chansey|100/100
|
|-weather|SunnyDay|[upkeep]
|upkeep
|turn|8
|
|t:|1769413539
|switch|p2a: Iron Valiant|Iron Valiant|100/100
|-enditem|p2a: Iron Valiant|Booster Energy
|-activate|p2a: Iron Valiant|ability: Quark Drive|[fromitem]
|-start|p2a: Iron Valiant|quarkdrivespe
|move|p1a: Chansey|Seismic Toss|p2a: Iron Valiant
|-damage|p2a: Iron Valiant|66/100
|
|-weather|SunnyDay|[upkeep]
|upkeep
|turn|9
|
|t:|1769413547
|switch|p1a: Corviknight|Corviknight, F|100/100
|move|p2a: Iron Valiant|Aura Sphere|p1a: Corviknight
|-damage|p1a: Corviknight|61/100
|
|-weather|none
|upkeep
|turn|10
|
|t:|1769413556
|-terastallize|p2a: Iron Valiant|Steel
|move|p2a: Iron Valiant|Calm Mind|p2a: Iron Valiant
|-boost|p2a: Iron Valiant|spa|1
|-boost|p2a: Iron Valiant|spd|1
|move|p1a: Corviknight|Brave Bird|p2a: Iron Valiant
|-resisted|p2a: Iron Valiant
|-damage|p2a: Iron Valiant|33/100
|-damage|p1a: Corviknight|53/100|[from] Recoil
|
|upkeep
|turn|11
|
|t:|1769413568
|move|p2a: Iron Valiant|Aura Sphere|p1a: Corviknight
|-damage|p1a: Corviknight|1/100
|move|p1a: Corviknight|Roost|p1a: Corviknight
|-heal|p1a: Corviknight|51/100
|-singleturn|p1a: Corviknight|move: Roost
|
|upkeep
|turn|12
|
|t:|1769413576
|switch|p1a: Chansey|Chansey, F|100/100
|move|p2a: Iron Valiant|Aura Sphere|p1a: Chansey
|-supereffective|p1a: Chansey
|-damage|p1a: Chansey|71/100
|
|upkeep
|turn|13
|
|t:|1769413581
|move|p2a: Iron Valiant|Calm Mind|p2a: Iron Valiant
|-boost|p2a: Iron Valiant|spa|1
|-boost|p2a: Iron Valiant|spd|1
|move|p1a: Chansey|Seismic Toss|p2a: Iron Valiant
|-damage|p2a: Iron Valiant|0 fnt
|faint|p2a: Iron Valiant
|-end|p2a: Iron Valiant|Quark Drive|[silent]
|
|upkeep
|
|t:|1769413588
|switch|p2a: Cloyster|Cloyster, M|100/100
|turn|14
|
|t:|1769413591
|switch|p1a: Torkoal|Torkoal, M|100/100
|-weather|SunnyDay|[from] ability: Drought|[of] p1a: Torkoal
|move|p2a: Cloyster|Shell Smash|p2a: Cloyster
|-unboost|p2a: Cloyster|def|1
|-unboost|p2a: Cloyster|spd|1
|-boost|p2a: Cloyster|atk|2
|-boost|p2a: Cloyster|spa|2
|-boost|p2a: Cloyster|spe|2
|-enditem|p2a: Cloyster|White Herb
|-clearnegativeboost|p2a: Cloyster|[silent]
|
|-weather|SunnyDay|[upkeep]
|upkeep
|turn|15
|
|t:|1769413603
|move|p2a: Cloyster|Rock Blast|p1a: Torkoal
|-supereffective|p1a: Torkoal
|-damage|p1a: Torkoal|78/100
|-supereffective|p1a: Torkoal
|-damage|p1a: Torkoal|54/100
|-supereffective|p1a: Torkoal
|-damage|p1a: Torkoal|33/100
|-supereffective|p1a: Torkoal
|-damage|p1a: Torkoal|10/100
|-supereffective|p1a: Torkoal
|-damage|p1a: Torkoal|0 fnt
|faint|p1a: Torkoal
|-hitcount|p1: Torkoal|5
|
|-weather|SunnyDay|[upkeep]
|upkeep
|
|t:|1769413605
|switch|p1a: Venusaur|Venusaur, M|100/100
|turn|16
|
|t:|1769413616
|-terastallize|p1a: Venusaur|Ground
|move|p1a: Venusaur|Energy Ball|p2a: Cloyster
|-supereffective|p2a: Cloyster
|-damage|p2a: Cloyster|0 fnt
|faint|p2a: Cloyster
|-damage|p1a: Venusaur|91/100|[from] item: Life Orb
|
|-weather|SunnyDay|[upkeep]
|upkeep
|
|t:|1769413634
|switch|p2a: Raging Bolt|Raging Bolt|100/100
|-activate|p2a: Raging Bolt|ability: Protosynthesis
|-start|p2a: Raging Bolt|protosynthesisspa
|turn|17
|
|t:|1769413644
|move|p1a: Venusaur|Earth Power|p2a: Raging Bolt
|-supereffective|p2a: Raging Bolt
|-damage|p2a: Raging Bolt|2/100
|-damage|p1a: Venusaur|81/100|[from] item: Life Orb
|move|p2a: Raging Bolt|Draco Meteor|p1a: Venusaur
|-damage|p1a: Venusaur|0 fnt
|-unboost|p2a: Raging Bolt|spa|2
|faint|p1a: Venusaur
|
|-weather|SunnyDay|[upkeep]
|upkeep
|
|t:|1769413652
|switch|p1a: Chansey|Chansey, F|71/100
|turn|18
|
|t:|1769413657
|move|p2a: Raging Bolt|Thunderclap|p1a: Chansey
|-damage|p1a: Chansey|65/100
|move|p1a: Chansey|Seismic Toss|p2a: Raging Bolt
|-damage|p2a: Raging Bolt|0 fnt
|faint|p2a: Raging Bolt
|-end|p2a: Raging Bolt|Protosynthesis|[silent]
|
|-weather|none
|upkeep
|
|t:|1769413661
|switch|p2a: Greninja|Greninja, M|100/100
|turn|19
|
|t:|1769413666
|move|p2a: Greninja|Ice Beam|p1a: Chansey
|-damage|p1a: Chansey|59/100
|move|p1a: Chansey|Thunder Wave|p2a: Greninja
|-status|p2a: Greninja|par
|
|upkeep
|turn|20
|
|t:|1769413671
|move|p2a: Greninja|Ice Beam|p1a: Chansey
|-damage|p1a: Chansey|52/100
|move|p1a: Chansey|Soft-Boiled|p1a: Chansey
|-heal|p1a: Chansey|100/100
|
|upkeep
|turn|21
|
|t:|1769413678
|move|p2a: Greninja|Ice Beam|p1a: Chansey
|-damage|p1a: Chansey|95/100
|move|p1a: Chansey|Seismic Toss|p2a: Greninja
|-damage|p2a: Greninja|65/100 par
|
|upkeep
|turn|22
|
|t:|1769413695
|move|p2a: Greninja|Ice Beam|p1a: Chansey
|-damage|p1a: Chansey|89/100
|move|p1a: Chansey|Seismic Toss|p2a: Greninja
|-damage|p2a: Greninja|30/100 par
|
|upkeep
|turn|23
|
|t:|1769413702
|move|p2a: Greninja|Water Shuriken|p1a: Chansey
|-damage|p1a: Chansey|87/100
|-damage|p1a: Chansey|85/100
|-damage|p1a: Chansey|83/100
|-damage|p1a: Chansey|82/100
|-hitcount|p1a: Chansey|4
|move|p1a: Chansey|Seismic Toss|p2a: Greninja
|-damage|p2a: Greninja|0 fnt
|faint|p2a: Greninja
|
|upkeep
|
|t:|1769413706
|switch|p2a: Zamazenta|Zamazenta|100/100
|-ability|p2a: Zamazenta|Dauntless Shield|boost
|-boost|p2a: Zamazenta|def|1
|turn|24
|
|t:|1769413712
|switch|p1a: Corviknight|Corviknight, F|51/100
|move|p2a: Zamazenta|Body Press|p1a: Corviknight
|-damage|p1a: Corviknight|9/100
|-damage|p2a: Zamazenta|84/100|[from] item: Rocky Helmet|[of] p1a: Corviknight
|
|-heal|p2a: Zamazenta|90/100|[from] item: Leftovers
|upkeep
|turn|25
|
|t:|1769413717
|move|p2a: Zamazenta|Body Press|p1a: Corviknight
|-damage|p1a: Corviknight|0 fnt
|-damage|p2a: Zamazenta|74/100|[from] item: Rocky Helmet|[of] p1a: Corviknight
|faint|p1a: Corviknight
|
|-heal|p2a: Zamazenta|80/100|[from] item: Leftovers
|upkeep
|
|t:|1769413720
|switch|p1a: Great Tusk|Great Tusk|100/100
|turn|26
|
|t:|1769413728
|move|p2a: Zamazenta|Iron Defense|p2a: Zamazenta
|-boost|p2a: Zamazenta|def|2
|move|p1a: Great Tusk|Headlong Rush|p2a: Zamazenta
|-damage|p2a: Zamazenta|57/100
|-unboost|p1a: Great Tusk|def|1
|-unboost|p1a: Great Tusk|spd|1
|
|-heal|p2a: Zamazenta|63/100|[from] item: Leftovers
|upkeep
|turn|27
|
|t:|1769413740
|move|p2a: Zamazenta|Body Press|p1a: Great Tusk
|-damage|p1a: Great Tusk|27/100
|move|p1a: Great Tusk|Knock Off|p2a: Zamazenta
|-resisted|p2a: Zamazenta
|-damage|p2a: Zamazenta|57/100
|-enditem|p2a: Zamazenta|Leftovers|[from] move: Knock Off|[of] p1a: Great Tusk
|
|-heal|p1a: Great Tusk|33/100|[from] item: Leftovers
|upkeep
|turn|28
|
|t:|1769413748
|move|p2a: Zamazenta|Body Press|p1a: Great Tusk
|-damage|p1a: Great Tusk|0 fnt
|faint|p1a: Great Tusk
|-end|p1a: Great Tusk|Protosynthesis|[silent]
|
|upkeep
|
|t:|1769413758
|switch|p1a: Dragonite|Dragonite, M|100/100
|turn|29
|
|t:|1769413767
|move|p2a: Zamazenta|Ice Fang|p1a: Dragonite
|-supereffective|p1a: Dragonite
|-damage|p1a: Dragonite|0 fnt
|-damage|p2a: Zamazenta|41/100|[from] item: Rocky Helmet|[of] p1a: Dragonite
|faint|p1a: Dragonite
|
|upkeep
|
|t:|1769413770
|switch|p1a: Chansey|Chansey, F|82/100
|turn|30
|
|t:|1769413772
|move|p2a: Zamazenta|Body Press|p1a: Chansey
|-supereffective|p1a: Chansey
|-damage|p1a: Chansey|0 fnt
|faint|p1a: Chansey
|
|win|Monodomie
|raw|aboda's rating: 1305 &rarr; <strong>1281</strong><br />(-24 for losing)
|raw|Monodomie's rating: 1241 &rarr; <strong>1271</strong><br />(+30 for winning)
|l|☆aboda
|player|p1|
|c|☆Monodomie|AAAAAAAAAAAAHHHHHHh
|l|☆Monodomie
|player|p2|
