|j|☆Daacebandit
|j|☆Foxxie frost
|t:|1769370795
|gametype|singles
|player|p1|Daacebandit|ghetsis-gen5bw|1300
|player|p2|Foxxie frost|shadowtriad|1263
|gen|9
|tier|[Gen 9] OU
|rated|
|rule|HP Percentage Mod: HP is shown in percentages
|rule|Endless Battle Clause: Forcing endless battles is banned
|rule|Species Clause: Limit one of each Pokémon
|rule|OHKO Clause: OHKO moves are banned
|rule|Evasion Items Clause: Evasion items are banned
|rule|Evasion Moves Clause: Evasion moves are banned
|rule|Evasion Abilities Clause: Evasion abilities are banned
|rule|Sleep Moves Clause: Sleep-inducing moves are banned
|clearpoke
|poke|p1|Porygon-Z|
|poke|p1|Keldeo-Resolute|
|poke|p1|Sinistcha-Masterpiece|
|poke|p1|Iron Moth|
|poke|p1|Brambleghast, M|
|poke|p1|Flygon, F|
|poke|p2|Ceruledge, F|
|poke|p2|Kingambit, F|
|poke|p2|Great Tusk|
|poke|p2|Gholdengo|
|poke|p2|Ting-Lu|
|poke|p2|Samurott-Hisui, F|
|teampreview
|
|t:|1769370806
|teamsize|p1|6
|teamsize|p2|6
|start
|switch|p1a: Porygon-Z|Porygon-Z|100/100
|switch|p2a: Ting-Lu|Ting-Lu|100/100
|-ability|p2a: Ting-Lu|Vessel of Ruin
|turn|1
|c|☆Foxxie frost|oh the matcha gotcha guy :D
|
|t:|1769370828
|move|p1a: Porygon-Z|Tri Attack|p2a: Ting-Lu
|-damage|p2a: Ting-Lu|78/100
|move|p2a: Ting-Lu|Stealth Rock|p1a: Porygon-Z
|-sidestart|p1: Daacebandit|move: Stealth Rock
|
|-heal|p2a: Ting-Lu|84/100|[from] item: Leftovers
|upkeep
|turn|2
|
|t:|1769370836
|switch|p1a: Flygon|Flygon, F|100/100
|-damage|p1a: Flygon|95/100|[from] Stealth Rock
|move|p2a: Ting-Lu|Heavy Slam|p1a: Flygon
|-damage|p1a: Flygon|52/100
|
|-heal|p2a: Ting-Lu|90/100|[from] item: Leftovers
|upkeep
|turn|3
|
|t:|1769370844
|move|p1a: Flygon|Dragon Dance|p1a: Flygon
|-boost|p1a: Flygon|atk|1
|-boost|p1a: Flygon|spe|1
|move|p2a: Ting-Lu|Heavy Slam|p1a: Flygon
|-damage|p1a: Flygon|13/100
|
|-heal|p2a: Ting-Lu|97/100|[from] item: Leftovers
|upkeep
|turn|4
|
|t:|1769370850
|move|p1a: Flygon|Scale Shot|p2a: Ting-Lu
|-damage|p2a: Ting-Lu|87/100
|-damage|p2a: Ting-Lu|76/100
|-damage|p2a: Ting-Lu|65/100
|-damage|p2a: Ting-Lu|56/100
|-damage|p2a: Ting-Lu|46/100
|-hitcount|p2a: Ting-Lu|5
|-unboost|p1a: Flygon|def|1
|-boost|p1a: Flygon|spe|1
|move|p2a: Ting-Lu|Heavy Slam|p1a: Flygon
|-damage|p1a: Flygon|0 fnt
|faint|p1a: Flygon
|
|-heal|p2a: Ting-Lu|52/100|[from] item: Leftovers
|upkeep
|
|t:|1769370863
|switch|p1a: Brambleghast|Brambleghast, M|100/100
|turn|5
|
|t:|1769370868
|move|p1a: Brambleghast|Power Whip|p2a: Ting-Lu
|-supereffective|p2a: Ting-Lu
|-damage|p2a: Ting-Lu|0 fnt
|faint|p2a: Ting-Lu
|
|upkeep
|
|t:|1769370874
|switch|p2a: Samurott|Samurott-Hisui, F|100/100
|turn|6
|inactive|Battle timer is ON: inactive players will automatically lose when time's up. (requested by Foxxie frost)
|
|t:|1769370887
|-terastallize|p1a: Brambleghast|Water
|move|p2a: Samurott|Ceaseless Edge|p1a: Brambleghast
|-crit|p1a: Brambleghast
|-damage|p1a: Brambleghast|0 fnt
|-sidestart|p1: Daacebandit|Spikes
|faint|p1a: Brambleghast
|
|upkeep
|
|t:|1769370896
|switch|p1a: Keldeo|Keldeo-Resolute|100/100
|-damage|p1a: Keldeo|94/100|[from] Stealth Rock
|-damage|p1a: Keldeo|82/100|[from] Spikes
|turn|7
|
|t:|1769370905
|move|p2a: Samurott|Ceaseless Edge|p1a: Keldeo
|-resisted|p1a: Keldeo
|-damage|p1a: Keldeo|56/100
|-ability|p1a: Keldeo|Justified|boost
|-boost|p1a: Keldeo|atk|1
|-sidestart|p1: Daacebandit|Spikes
|move|p1a: Keldeo|Secret Sword|p2a: Samurott
|-supereffective|p2a: Samurott
|-damage|p2a: Samurott|0 fnt
|faint|p2a: Samurott
|
|upkeep
|
|t:|1769370919
|switch|p2a: Gholdengo|Gholdengo|100/100
|turn|8
|
|t:|1769370926
|move|p1a: Keldeo|Surf|p2a: Gholdengo
|-damage|p2a: Gholdengo|52/100
|move|p2a: Gholdengo|Dazzling Gleam|p1a: Keldeo
|-supereffective|p1a: Keldeo
|-damage|p1a: Keldeo|0 fnt
|faint|p1a: Keldeo
|
|-heal|p2a: Gholdengo|58/100|[from] item: Leftovers
|upkeep
|
|t:|1769370935
|switch|p1a: Porygon-Z|Porygon-Z|100/100
|-damage|p1a: Porygon-Z|88/100|[from] Stealth Rock
|-damage|p1a: Porygon-Z|72/100|[from] Spikes
|turn|9
|
|t:|1769370942
|move|p1a: Porygon-Z|Shadow Ball|p2a: Gholdengo
|-supereffective|p2a: Gholdengo
|-damage|p2a: Gholdengo|4/100
|-unboost|p2a: Gholdengo|spd|1
|move|p2a: Gholdengo|Make It Rain|p1a: Porygon-Z
|-damage|p1a: Porygon-Z|0 fnt
|-unboost|p2a: Gholdengo|spa|1
|faint|p1a: Porygon-Z
|
|-heal|p2a: Gholdengo|10/100|[from] item: Leftovers
|upkeep
|
|t:|1769370950
|switch|p1a: Sinistcha|Sinistcha-Masterpiece|100/100
|-damage|p1a: Sinistcha|88/100|[from] Stealth Rock
|-damage|p1a: Sinistcha|72/100|[from] Spikes
|turn|10
|
|t:|1769370962
|switch|p2a: Great Tusk|Great Tusk|100/100
|move|p1a: Sinistcha|Calm Mind|p1a: Sinistcha
|-boost|p1a: Sinistcha|spa|1
|-boost|p1a: Sinistcha|spd|1
|
|-heal|p1a: Sinistcha|78/100|[from] item: Leftovers
|upkeep
|turn|11
|
|t:|1769370969
|move|p2a: Great Tusk|Knock Off|p1a: Sinistcha
|-supereffective|p1a: Sinistcha
|-damage|p1a: Sinistcha|34/100
|-enditem|p1a: Sinistcha|Leftovers|[from] move: Knock Off|[of] p2a: Great Tusk
|move|p1a: Sinistcha|Strength Sap|p2a: Great Tusk
|-unboost|p2a: Great Tusk|atk|1
|-heal|p1a: Sinistcha|100/100
|
|upkeep
|turn|12
|
|t:|1769370977
|move|p2a: Great Tusk|Knock Off|p1a: Sinistcha
|-supereffective|p1a: Sinistcha
|-damage|p1a: Sinistcha|83/100
|move|p1a: Sinistcha|Calm Mind|p1a: Sinistcha
|-boost|p1a: Sinistcha|spa|1
|-boost|p1a: Sinistcha|spd|1
|
|upkeep
|turn|13
|
|t:|1769370981
|move|p2a: Great Tusk|Knock Off|p1a: Sinistcha
|-supereffective|p1a: Sinistcha
|-damage|p1a: Sinistcha|64/100
|move|p1a: Sinistcha|Calm Mind|p1a: Sinistcha
|-boost|p1a: Sinistcha|spa|1
|-boost|p1a: Sinistcha|spd|1
|
|upkeep
|turn|14
|
|t:|1769370984
|move|p2a: Great Tusk|Knock Off|p1a: Sinistcha
|-supereffective|p1a: Sinistcha
|-damage|p1a: Sinistcha|43/100
|move|p1a: Sinistcha|Calm Mind|p1a: Sinistcha
|-boost|p1a: Sinistcha|spa|1
|-boost|p1a: Sinistcha|spd|1
|
|upkeep
|turn|15
|
|t:|1769370987
|move|p2a: Great Tusk|Knock Off|p1a: Sinistcha
|-supereffective|p1a: Sinistcha
|-damage|p1a: Sinistcha|24/100
|move|p1a: Sinistcha|Strength Sap|p2a: Great Tusk
|-unboost|p2a: Great Tusk|atk|1
|-heal|p1a: Sinistcha|87/100
|
|upkeep
|turn|16
|
|t:|1769370994
|-end|p2a: Great Tusk|Protosynthesis|[silent]
|switch|p2a: Kingambit|Kingambit, F|100/100
|move|p1a: Sinistcha|Matcha Gotcha|p2a: Kingambit
|-resisted|p2a: Kingambit
|-damage|p2a: Kingambit|54/100
|-heal|p1a: Sinistcha|100/100|[from] drain|[of] p2a: Kingambit
|
|upkeep
|turn|17
|
|t:|1769371000
|move|p1a: Sinistcha|Matcha Gotcha|p2a: Kingambit
|-resisted|p2a: Kingambit
|-damage|p2a: Kingambit|11/100
|move|p2a: Kingambit|Kowtow Cleave|p1a: Sinistcha
|-supereffective|p1a: Sinistcha
|-damage|p1a: Sinistcha|16/100
|-damage|p2a: Kingambit|1/100|[from] item: Life Orb
|
|upkeep
|turn|18
|
|t:|1769371009
|move|p2a: Kingambit|Sucker Punch||[still]
|-fail|p2a: Kingambit
|move|p1a: Sinistcha|Strength Sap|p2a: Kingambit
|-unboost|p2a: Kingambit|atk|1
|-ability|p2a: Kingambit|Defiant|boost
|-boost|p2a: Kingambit|atk|2
|-heal|p1a: Sinistcha|100/100
|
|upkeep
|turn|19
|
|t:|1769371019
|move|p2a: Kingambit|Sucker Punch|p1a: Sinistcha
|-supereffective|p1a: Sinistcha
|-damage|p1a: Sinistcha|0 fnt
|faint|p1a: Sinistcha
|-damage|p2a: Kingambit|0 fnt|[from] item: Life Orb
|faint|p2a: Kingambit
|
|upkeep
|
|t:|1769371025
|switch|p1a: Iron Moth|Iron Moth|100/100
|switch|p2a: Great Tusk|Great Tusk|100/100
|-damage|p1a: Iron Moth|76/100|[from] Stealth Rock
|-item|p1a: Iron Moth|Air Balloon
|turn|20
|
|t:|1769371038
|move|p1a: Iron Moth|Sludge Wave|p2a: Great Tusk
|-resisted|p2a: Great Tusk
|-damage|p2a: Great Tusk|66/100
|move|p2a: Great Tusk|Rapid Spin|p1a: Iron Moth
|-damage|p1a: Iron Moth|48/100
|-boost|p2a: Great Tusk|spe|1
|-enditem|p1a: Iron Moth|Air Balloon
|
|upkeep
|turn|21
|c|☆Daacebandit|oh misclick lol
|
|t:|1769371048
|move|p2a: Great Tusk|Headlong Rush|p1a: Iron Moth
|-supereffective|p1a: Iron Moth
|-damage|p1a: Iron Moth|0 fnt
|-unboost|p2a: Great Tusk|def|1
|-unboost|p2a: Great Tusk|spd|1
|faint|p1a: Iron Moth
|-end|p1a: Iron Moth|Quark Drive|[silent]
|
|win|Foxxie frost
|raw|Daacebandit's rating: 1300 &rarr; <strong>1272</strong><br />(-28 for losing)
|raw|Foxxie frost's rating: 1263 &rarr; <strong>1291</strong><br />(+28 for winning)
|c|☆Foxxie frost|damn
|l|☆Daacebandit
|player|p1|
|l|☆Foxxie frost
|player|p2|
