|j|☆AHAan KANTO
|j|☆DerDonPorrello
|t:|1769339191
|gametype|singles
|player|p1|AHAan KANTO|red|1169
|player|p2|DerDonPorrello|hiker-gen4|1208
|gen|9
|tier|[Gen 9] OU
|rated|
|rule|HP Percentage Mod: HP is shown in percentages
|rule|Endless Battle Clause: Forcing endless battles is banned
|rule|Species Clause: Limit one of each Pokémon
|rule|OHKO Clause: OHKO moves are banned
|rule|Evasion Items Clause: Evasion items are banned
|rule|Evasion Moves Clause: Evasion moves are banned
|rule|Evasion Abilities Clause: Evasion abilities are banned
|rule|Sleep Moves Clause: Sleep-inducing moves are banned
|clearpoke
|poke|p1|Hoopa-Unbound|
|poke|p1|Ogerpon-Wellspring, F|
|poke|p1|Great Tusk|
|poke|p1|Raging Bolt|
|poke|p1|Heatran, M|
|poke|p1|Dragonite, F|
|poke|p2|Zamazenta-*|
|poke|p2|Empoleon, M|
|poke|p2|Hydrapple, F|
|poke|p2|Ninetales, M|
|poke|p2|Hitmontop, M|
|poke|p2|Lilligant-Hisui, F|
|teampreview
|
|t:|1769339207
|teamsize|p1|6
|teamsize|p2|6
|start
|switch|p1a: Hoopa|Hoopa-Unbound|100/100
|switch|p2a: Hitmontop|Hitmontop, M|100/100
|-ability|p2a: Hitmontop|Intimidate|boost
|-unboost|p1a: Hoopa|atk|1
|turn|1
|
|t:|1769339221
|switch|p2a: Empoleon|Empoleon, M|100/100
|move|p1a: Hoopa|Psychic|p2a: Empoleon
|-resisted|p2a: Empoleon
|-damage|p2a: Empoleon|72/100
|
|-heal|p2a: Empoleon|78/100|[from] item: Leftovers
|upkeep
|turn|2
|
|t:|1769339233
|move|p1a: Hoopa|Focus Blast|p2a: Empoleon
|-supereffective|p2a: Empoleon
|-damage|p2a: Empoleon|0 fnt
|faint|p2a: Empoleon
|
|upkeep
|
|t:|1769339251
|switch|p2a: Ninetales|Ninetales, M|100/100
|-weather|SunnyDay|[from] ability: Drought|[of] p2a: Ninetales
|turn|3
|
|t:|1769339265
|switch|p1a: Dragonite|Dragonite, F|100/100
|move|p2a: Ninetales|Weather Ball|p1a: Dragonite
|-resisted|p1a: Dragonite
|-damage|p1a: Dragonite|90/100
|
|-weather|SunnyDay|[upkeep]
|upkeep
|turn|4
|
|t:|1769339278
|move|p1a: Dragonite|Aqua Jet|p2a: Ninetales
|-supereffective|p2a: Ninetales
|-damage|p2a: Ninetales|80/100
|move|p2a: Ninetales|Will-O-Wisp|p1a: Dragonite|[miss]
|-miss|p2a: Ninetales|p1a: Dragonite
|
|-weather|SunnyDay|[upkeep]
|upkeep
|turn|5
|
|t:|1769339290
|move|p2a: Ninetales|Will-O-Wisp|p1a: Dragonite
|-status|p1a: Dragonite|brn
|move|p1a: Dragonite|Earthquake|p2a: Ninetales
|-supereffective|p2a: Ninetales
|-damage|p2a: Ninetales|34/100
|
|-weather|SunnyDay|[upkeep]
|-damage|p1a: Dragonite|84/100 brn|[from] brn
|upkeep
|turn|6
|
|t:|1769339316
|switch|p2a: Hitmontop|Hitmontop, M|100/100
|-ability|p2a: Hitmontop|Intimidate|boost
|-unboost|p1a: Dragonite|atk|1
|move|p1a: Dragonite|Earthquake|p2a: Hitmontop
|-damage|p2a: Hitmontop|86/100
|
|-weather|SunnyDay|[upkeep]
|-damage|p1a: Dragonite|78/100 brn|[from] brn
|upkeep
|turn|7
|
|t:|1769339329
|move|p1a: Dragonite|Extreme Speed|p2a: Hitmontop
|-damage|p2a: Hitmontop|73/100
|move|p2a: Hitmontop|Triple Axel|p1a: Dragonite
|-supereffective|p1a: Dragonite
|-damage|p1a: Dragonite|55/100 brn
|-supereffective|p1a: Dragonite
|-damage|p1a: Dragonite|15/100 brn
|-supereffective|p1a: Dragonite
|-damage|p1a: Dragonite|0 fnt
|faint|p1a: Dragonite
|-hitcount|p1: Dragonite|3
|
|-weather|SunnyDay|[upkeep]
|upkeep
|
|t:|1769339353
|switch|p1a: Raging Bolt|Raging Bolt|100/100
|-activate|p1a: Raging Bolt|ability: Protosynthesis
|-start|p1a: Raging Bolt|protosynthesisspa
|turn|8
|
|t:|1769339368
|-terastallize|p1a: Raging Bolt|Fairy
|move|p2a: Hitmontop|Triple Axel|p1a: Raging Bolt
|-damage|p1a: Raging Bolt|95/100
|-damage|p1a: Raging Bolt|85/100
|-damage|p1a: Raging Bolt|71/100
|-hitcount|p1a: Raging Bolt|3
|move|p1a: Raging Bolt|Tera Blast|p2a: Hitmontop|[anim] Tera Blast Fairy
|-supereffective|p2a: Hitmontop
|-damage|p2a: Hitmontop|0 fnt
|faint|p2a: Hitmontop
|
|-weather|SunnyDay|[upkeep]
|upkeep
|
|t:|1769339384
|switch|p2a: Zamazenta|Zamazenta|100/100
|-ability|p2a: Zamazenta|Dauntless Shield|boost
|-boost|p2a: Zamazenta|def|1
|turn|9
|
|t:|1769339392
|move|p2a: Zamazenta|Heavy Slam|p1a: Raging Bolt
|-supereffective|p1a: Raging Bolt
|-damage|p1a: Raging Bolt|37/100
|move|p1a: Raging Bolt|Tera Blast|p2a: Zamazenta|[anim] Tera Blast Fairy
|-supereffective|p2a: Zamazenta
|-damage|p2a: Zamazenta|0 fnt
|faint|p2a: Zamazenta
|
|-weather|SunnyDay|[upkeep]
|upkeep
|
|t:|1769339402
|switch|p2a: Lilligant|Lilligant-Hisui, F|100/100
|turn|10
|
|t:|1769339407
|move|p2a: Lilligant|Solar Blade||[still]
|-prepare|p2a: Lilligant|Solar Blade
|-anim|p2a: Lilligant|Solar Blade|p1a: Raging Bolt
|-damage|p1a: Raging Bolt|0 fnt
|faint|p1a: Raging Bolt
|-end|p1a: Raging Bolt|Protosynthesis|[silent]
|-damage|p2a: Lilligant|91/100|[from] item: Life Orb
|
|-weather|none
|upkeep
|
|t:|1769339417
|switch|p1a: Heatran|Heatran, M|100/100
|-item|p1a: Heatran|Air Balloon
|turn|11
|
|t:|1769339426
|switch|p2a: Ninetales|Ninetales, M|34/100
|-weather|SunnyDay|[from] ability: Drought|[of] p2a: Ninetales
|move|p1a: Heatran|Flamethrower|p2a: Ninetales
|-resisted|p2a: Ninetales
|-damage|p2a: Ninetales|4/100
|
|-weather|SunnyDay|[upkeep]
|upkeep
|turn|12
|
|t:|1769339444
|move|p2a: Ninetales|Healing Wish|p2a: Ninetales
|faint|p2a: Ninetales
|move|p1a: Heatran|Flamethrower|p2: Ninetales|[notarget]
|-fail|p1a: Heatran
|
|-weather|SunnyDay|[upkeep]
|upkeep
|
|t:|1769339448
|switch|p2a: Lilligant|Lilligant-Hisui, F|91/100
|-heal|p2a: Lilligant|100/100|[from] move: Healing Wish
|turn|13
|
|t:|1769339457
|-terastallize|p2a: Lilligant|Fire
|move|p2a: Lilligant|Close Combat|p1a: Heatran
|-supereffective|p1a: Heatran
|-damage|p1a: Heatran|0 fnt
|-unboost|p2a: Lilligant|def|1
|-unboost|p2a: Lilligant|spd|1
|-enditem|p1a: Heatran|Air Balloon
|faint|p1a: Heatran
|-damage|p2a: Lilligant|91/100|[from] item: Life Orb
|
|-weather|SunnyDay|[upkeep]
|upkeep
|
|t:|1769339469
|switch|p1a: Ogerpon|Ogerpon-Wellspring, F|100/100
|turn|14
|
|t:|1769339484
|switch|p1a: Great Tusk|Great Tusk|100/100
|-activate|p1a: Great Tusk|ability: Protosynthesis
|-start|p1a: Great Tusk|protosynthesisatk
|move|p2a: Lilligant|Solar Blade||[still]
|-prepare|p2a: Lilligant|Solar Blade
|-anim|p2a: Lilligant|Solar Blade|p1a: Great Tusk
|-supereffective|p1a: Great Tusk
|-damage|p1a: Great Tusk|0 fnt
|faint|p1a: Great Tusk
|-end|p1a: Great Tusk|Protosynthesis|[silent]
|-damage|p2a: Lilligant|81/100|[from] item: Life Orb
|
|-weather|SunnyDay|[upkeep]
|upkeep
|
|t:|1769339503
|switch|p1a: Ogerpon|Ogerpon-Wellspring, F|100/100
|turn|15
|
|t:|1769339514
|move|p1a: Ogerpon|Protect|p1a: Ogerpon
|-singleturn|p1a: Ogerpon|Protect
|move|p2a: Lilligant|Tera Blast|p1a: Ogerpon|[anim] Tera Blast Fire
|-activate|p1a: Ogerpon|move: Protect
|
|-weather|SunnyDay|[upkeep]
|upkeep
|turn|16
|
|t:|1769339524
|move|p2a: Lilligant|Solar Blade||[still]
|-prepare|p2a: Lilligant|Solar Blade
|-anim|p2a: Lilligant|Solar Blade|p1a: Ogerpon
|-crit|p1a: Ogerpon
|-damage|p1a: Ogerpon|0 fnt
|faint|p1a: Ogerpon
|-damage|p2a: Lilligant|71/100|[from] item: Life Orb
|
|-weather|SunnyDay|[upkeep]
|upkeep
|
|t:|1769339533
|switch|p1a: Hoopa|Hoopa-Unbound|100/100
|turn|17
|
|t:|1769339550
|move|p2a: Lilligant|Solar Blade||[still]
|-prepare|p2a: Lilligant|Solar Blade
|-anim|p2a: Lilligant|Solar Blade|p1a: Hoopa
|-damage|p1a: Hoopa|0 fnt
|faint|p1a: Hoopa
|-damage|p2a: Lilligant|61/100|[from] item: Life Orb
|
|win|DerDonPorrello
|raw|AHAan KANTO's rating: 1169 &rarr; <strong>1147</strong><br />(-22 for losing)
|raw|DerDonPorrello's rating: 1208 &rarr; <strong>1230</strong><br />(+22 for winning)
|l|☆DerDonPorrello
|player|p2|
|l|☆AHAan KANTO
|player|p1|
