|j|☆LaportaPotty
|j|☆rossetiger
|t:|1769409097
|gametype|singles
|player|p1|LaportaPotty|170|1374
|player|p2|rossetiger|scientist|1391
|gen|9
|tier|[Gen 9] OU
|rated|
|rule|HP Percentage Mod: HP is shown in percentages
|rule|Endless Battle Clause: Forcing endless battles is banned
|rule|Species Clause: Limit one of each Pokémon
|rule|OHKO Clause: OHKO moves are banned
|rule|Evasion Items Clause: Evasion items are banned
|rule|Evasion Moves Clause: Evasion moves are banned
|rule|Evasion Abilities Clause: Evasion abilities are banned
|rule|Sleep Moves Clause: Sleep-inducing moves are banned
|clearpoke
|poke|p1|Wo-Chien|
|poke|p1|Heatran, M|
|poke|p1|Ogerpon-Wellspring, F|
|poke|p1|Raging Bolt|
|poke|p1|Glimmora, M|
|poke|p1|Dragapult, F|
|poke|p2|Kleavor, M|
|poke|p2|Sinistcha|
|poke|p2|Houndstone, F|
|poke|p2|Gholdengo|
|poke|p2|Ting-Lu|
|poke|p2|Samurott-Hisui, F|
|teampreview
|
|t:|1769409102
|teamsize|p1|6
|teamsize|p2|6
|start
|switch|p1a: Glimmora|Glimmora, M|100/100
|switch|p2a: Kleavor|Kleavor, M|100/100
|turn|1
|c|☆LaportaPotty|glhf
|
|t:|1769409108
|move|p1a: Glimmora|Spiky Shield|p1a: Glimmora
|-singleturn|p1a: Glimmora|move: Protect
|move|p2a: Kleavor|Stone Axe|p1a: Glimmora
|-activate|p1a: Glimmora|move: Protect
|-damage|p2a: Kleavor|88/100|[from] Spiky Shield|[of] p1a: Glimmora
|
|upkeep
|turn|2
|
|t:|1769409120
|move|p2a: Kleavor|Stone Axe|p1a: Glimmora
|-damage|p1a: Glimmora|37/100
|-sidestart|p1: LaportaPotty|move: Stealth Rock
|move|p1a: Glimmora|Spikes|p2a: Kleavor
|-sidestart|p2: rossetiger|Spikes
|
|upkeep
|turn|3
|
|t:|1769409130
|switch|p1a: Heatran|Heatran, M|100/100
|-damage|p1a: Heatran|88/100|[from] Stealth Rock
|move|p2a: Kleavor|Stone Axe|p1a: Heatran
|-damage|p1a: Heatran|57/100
|-damage|p2a: Kleavor|72/100|[from] item: Rocky Helmet|[of] p1a: Heatran
|
|upkeep
|turn|4
|
|t:|1769409140
|switch|p2a: Ting-Lu|Ting-Lu|100/100
|-damage|p2a: Ting-Lu|88/100|[from] Spikes
|-ability|p2a: Ting-Lu|Vessel of Ruin
|move|p1a: Heatran|Stealth Rock|p2a: Ting-Lu
|-sidestart|p2: rossetiger|move: Stealth Rock
|
|-heal|p2a: Ting-Lu|94/100|[from] item: Leftovers
|upkeep
|turn|5
|
|t:|1769409152
|switch|p1a: Wo-Chien|Wo-Chien|100/100
|-damage|p1a: Wo-Chien|88/100|[from] Stealth Rock
|-ability|p1a: Wo-Chien|Tablets of Ruin
|move|p2a: Ting-Lu|Spikes|p1a: Wo-Chien
|-sidestart|p1: LaportaPotty|Spikes
|
|-heal|p1a: Wo-Chien|94/100|[from] item: Leftovers
|-heal|p2a: Ting-Lu|100/100|[from] item: Leftovers
|upkeep
|turn|6
|
|t:|1769409162
|move|p1a: Wo-Chien|Leech Seed|p2a: Ting-Lu
|-start|p2a: Ting-Lu|move: Leech Seed
|move|p2a: Ting-Lu|Spikes|p1a: Wo-Chien
|-sidestart|p1: LaportaPotty|Spikes
|
|-heal|p1a: Wo-Chien|99/100|[from] item: Leftovers
|-damage|p2a: Ting-Lu|88/100|[from] Leech Seed|[of] p1a: Wo-Chien
|-heal|p1a: Wo-Chien|100/100|[silent]
|upkeep
|turn|7
|
|t:|1769409172
|switch|p1a: Glimmora|Glimmora, M|37/100
|-damage|p1a: Glimmora|24/100|[from] Stealth Rock
|-damage|p1a: Glimmora|8/100|[from] Spikes
|switch|p2a: Kleavor|Kleavor, M|72/100
|-damage|p2a: Kleavor|59/100|[from] Spikes
|-damage|p2a: Kleavor|34/100|[from] Stealth Rock
|
|upkeep
|turn|8
|
|t:|1769409189
|move|p1a: Glimmora|Spiky Shield|p1a: Glimmora
|-singleturn|p1a: Glimmora|move: Protect
|move|p2a: Kleavor|Stone Axe|p1a: Glimmora
|-activate|p1a: Glimmora|move: Protect
|-damage|p2a: Kleavor|22/100|[from] Spiky Shield|[of] p1a: Glimmora
|
|upkeep
|turn|9
|
|t:|1769409202
|move|p1a: Glimmora|Spiky Shield|p1a: Glimmora
|-singleturn|p1a: Glimmora|move: Protect
|move|p2a: Kleavor|Stone Axe|p1a: Glimmora
|-activate|p1a: Glimmora|move: Protect
|-damage|p2a: Kleavor|9/100|[from] Spiky Shield|[of] p1a: Glimmora
|
|upkeep
|turn|10
|
|t:|1769409209
|switch|p1a: Heatran|Heatran, M|57/100
|-damage|p1a: Heatran|45/100|[from] Stealth Rock
|-damage|p1a: Heatran|28/100|[from] Spikes
|move|p2a: Kleavor|Stone Axe|p1a: Heatran
|-damage|p1a: Heatran|0 fnt
|-damage|p2a: Kleavor|0 fnt|[from] item: Rocky Helmet|[of] p1a: Heatran
|faint|p1a: Heatran
|faint|p2a: Kleavor
|
|upkeep
|
|t:|1769409221
|switch|p2a: Samurott|Samurott-Hisui, F|100/100
|switch|p1a: Glimmora|Glimmora, M|8/100
|-damage|p1a: Glimmora|0 fnt|[from] Stealth Rock
|faint|p1a: Glimmora
|
|t:|1769409225
|switch|p1a: Raging Bolt|Raging Bolt|100/100
|-damage|p1a: Raging Bolt|88/100|[from] Stealth Rock
|-damage|p1a: Raging Bolt|72/100|[from] Spikes
|-enditem|p1a: Raging Bolt|Booster Energy
|-activate|p1a: Raging Bolt|ability: Protosynthesis|[fromitem]
|-start|p1a: Raging Bolt|protosynthesisspa
|turn|11
|inactive|Battle timer is ON: inactive players will automatically lose when time's up. (requested by LaportaPotty)
|
|t:|1769409244
|switch|p2a: Ting-Lu|Ting-Lu|88/100
|-damage|p2a: Ting-Lu|76/100|[from] Spikes
|-damage|p2a: Ting-Lu|69/100|[from] Stealth Rock
|-ability|p2a: Ting-Lu|Vessel of Ruin
|move|p1a: Raging Bolt|Calm Mind|p1a: Raging Bolt
|-boost|p1a: Raging Bolt|spa|1
|-boost|p1a: Raging Bolt|spd|1
|
|-heal|p2a: Ting-Lu|76/100|[from] item: Leftovers
|upkeep
|turn|12
|
|t:|1769409250
|-terastallize|p1a: Raging Bolt|Fairy
|move|p1a: Raging Bolt|Dragon Pulse|p2a: Ting-Lu
|-damage|p2a: Ting-Lu|41/100
|move|p2a: Ting-Lu|Whirlwind|p1a: Raging Bolt
|-end|p1a: Raging Bolt|Protosynthesis|[silent]
|drag|p1a: Wo-Chien|Wo-Chien|100/100
|-damage|p1a: Wo-Chien|88/100|[from] Stealth Rock
|-damage|p1a: Wo-Chien|72/100|[from] Spikes
|-ability|p1a: Wo-Chien|Tablets of Ruin
|
|-heal|p1a: Wo-Chien|78/100|[from] item: Leftovers
|-heal|p2a: Ting-Lu|47/100|[from] item: Leftovers
|upkeep
|turn|13
|
|t:|1769409267
|move|p1a: Wo-Chien|Knock Off|p2a: Ting-Lu
|-resisted|p2a: Ting-Lu
|-damage|p2a: Ting-Lu|38/100
|-enditem|p2a: Ting-Lu|Leftovers|[from] move: Knock Off|[of] p1a: Wo-Chien
|move|p2a: Ting-Lu|Spikes|p1a: Wo-Chien
|-sidestart|p1: LaportaPotty|Spikes
|
|-heal|p1a: Wo-Chien|84/100|[from] item: Leftovers
|upkeep
|turn|14
|
|t:|1769409280
|move|p1a: Wo-Chien|Leech Seed|p2a: Ting-Lu
|-start|p2a: Ting-Lu|move: Leech Seed
|move|p2a: Ting-Lu|Whirlwind|p1a: Wo-Chien
|drag|p1a: Raging Bolt|Raging Bolt, tera:Fairy|72/100
|-damage|p1a: Raging Bolt|59/100|[from] Stealth Rock
|-damage|p1a: Raging Bolt|35/100|[from] Spikes
|
|-damage|p2a: Ting-Lu|26/100|[from] Leech Seed|[of] p1a: Raging Bolt
|-heal|p1a: Raging Bolt|51/100|[silent]
|upkeep
|turn|15
|
|t:|1769409287
|move|p1a: Raging Bolt|Dragon Pulse|p2a: Ting-Lu
|-damage|p2a: Ting-Lu|7/100
|move|p2a: Ting-Lu|Whirlwind|p1a: Raging Bolt
|-end|p1a: Raging Bolt|Protosynthesis|[silent]
|drag|p1a: Dragapult|Dragapult, F|100/100
|
|-damage|p2a: Ting-Lu|0 fnt|[from] Leech Seed|[of] p1a: Dragapult
|faint|p2a: Ting-Lu
|upkeep
|
|t:|1769409296
|switch|p2a: Samurott|Samurott-Hisui, F|100/100
|turn|16
|
|t:|1769409305
|move|p1a: Dragapult|U-turn|p2a: Samurott
|-supereffective|p2a: Samurott
|-damage|p2a: Samurott|39/100
|
|t:|1769409309
|switch|p1a: Wo-Chien|Wo-Chien|84/100|[from] U-turn
|-damage|p1a: Wo-Chien|71/100|[from] Stealth Rock
|-damage|p1a: Wo-Chien|46/100|[from] Spikes
|-ability|p1a: Wo-Chien|Tablets of Ruin
|move|p2a: Samurott|Knock Off|p1a: Wo-Chien
|-resisted|p1a: Wo-Chien
|-damage|p1a: Wo-Chien|35/100
|-enditem|p1a: Wo-Chien|Leftovers|[from] move: Knock Off|[of] p2a: Samurott
|
|upkeep
|turn|17
|
|t:|1769409328
|switch|p2a: Gholdengo|Gholdengo|100/100
|-damage|p2a: Gholdengo|94/100|[from] Stealth Rock
|-item|p2a: Gholdengo|Air Balloon
|move|p1a: Wo-Chien|Leech Seed|p2a: Gholdengo
|-immune|p2a: Gholdengo|[from] ability: Good as Gold
|
|upkeep
|turn|18
|
|t:|1769409356
|move|p1a: Wo-Chien|Substitute|p1a: Wo-Chien
|-start|p1a: Wo-Chien|Substitute
|-damage|p1a: Wo-Chien|10/100
|move|p2a: Gholdengo|Make It Rain|p1a: Wo-Chien
|-end|p1a: Wo-Chien|Substitute
|-unboost|p2a: Gholdengo|spa|1
|
|upkeep
|turn|19
|
|t:|1769409361
|move|p1a: Wo-Chien|Knock Off|p2a: Gholdengo
|-supereffective|p2a: Gholdengo
|-damage|p2a: Gholdengo|36/100
|-enditem|p2a: Gholdengo|Air Balloon
|move|p2a: Gholdengo|Make It Rain|p1a: Wo-Chien
|-damage|p1a: Wo-Chien|0 fnt
|-unboost|p2a: Gholdengo|spa|1
|faint|p1a: Wo-Chien
|
|upkeep
|
|t:|1769409367
|switch|p1a: Ogerpon|Ogerpon-Wellspring, F|100/100
|-damage|p1a: Ogerpon|88/100|[from] Stealth Rock
|-damage|p1a: Ogerpon|63/100|[from] Spikes
|turn|20
|
|t:|1769409378
|switch|p2a: Houndstone|Houndstone, F|100/100
|move|p1a: Ogerpon|Swords Dance|p1a: Ogerpon
|-boost|p1a: Ogerpon|atk|2
|
|upkeep
|turn|21
|
|t:|1769409382
|move|p1a: Ogerpon|Ivy Cudgel|p2a: Houndstone|[anim] Ivy Cudgel Water
|-crit|p2a: Houndstone
|-damage|p2a: Houndstone|0 fnt
|faint|p2a: Houndstone
|
|upkeep
|
|t:|1769409385
|switch|p2a: Sinistcha|Sinistcha|100/100
|turn|22
|
|t:|1769409389
|move|p1a: Ogerpon|Knock Off|p2a: Sinistcha
|-supereffective|p2a: Sinistcha
|-crit|p2a: Sinistcha
|-damage|p2a: Sinistcha|0 fnt
|-enditem|p2a: Sinistcha|Heavy-Duty Boots|[from] move: Knock Off|[of] p1a: Ogerpon
|faint|p2a: Sinistcha
|
|upkeep
|
|t:|1769409397
|switch|p2a: Samurott|Samurott-Hisui, F|39/100
|turn|23
|
|t:|1769409400
|move|p2a: Samurott|Sucker Punch|p1a: Ogerpon
|-damage|p1a: Ogerpon|22/100
|move|p1a: Ogerpon|Trailblaze|p2a: Samurott
|-supereffective|p2a: Samurott
|-damage|p2a: Samurott|0 fnt
|-boost|p1a: Ogerpon|spe|1
|faint|p2a: Samurott
|
|upkeep
|c|☆LaportaPotty|gg
|-message|rossetiger forfeited.
|
|win|LaportaPotty
|raw|LaportaPotty's rating: 1374 &rarr; <strong>1395</strong><br />(+21 for winning)
|raw|rossetiger's rating: 1391 &rarr; <strong>1370</strong><br />(-21 for losing)
|l|☆rossetiger
|player|p2|
|l|☆LaportaPotty
|player|p1|
