|j|☆Wozzathesexygod
|j|☆ErroDeDigitacao
|t:|1769435010
|gametype|singles
|player|p1|Wozzathesexygod|n|1508
|player|p2|ErroDeDigitacao|266|1483
|gen|9
|tier|[Gen 9] OU
|rated|
|rule|HP Percentage Mod: HP is shown in percentages
|rule|Endless Battle Clause: Forcing endless battles is banned
|rule|Species Clause: Limit one of each Pokémon
|rule|OHKO Clause: OHKO moves are banned
|rule|Evasion Items Clause: Evasion items are banned
|rule|Evasion Moves Clause: Evasion moves are banned
|rule|Evasion Abilities Clause: Evasion abilities are banned
|rule|Sleep Moves Clause: Sleep-inducing moves are banned
|clearpoke
|poke|p1|Hydrapple, M|
|poke|p1|Tyranitar, F|
|poke|p1|Moltres|
|poke|p1|Zamazenta-*|
|poke|p1|Slowking-Galar, M|
|poke|p1|Excadrill, F|
|poke|p2|Zamazenta-*|
|poke|p2|Alomomola, F|
|poke|p2|Iron Treads|
|poke|p2|Corviknight, F|
|poke|p2|Latios, M|
|poke|p2|Iron Valiant|
|teampreview
|inactive|Battle timer is ON: inactive players will automatically lose when time's up. (requested by ErroDeDigitacao)
|inactive|Wozzathesexygod also wants the timer to be on.
|
|t:|1769435030
|teamsize|p1|6
|teamsize|p2|6
|start
|switch|p1a: Tyranitar|Tyranitar, F|100/100
|switch|p2a: Iron Treads|Iron Treads|100/100
|-weather|Sandstorm|[from] ability: Sand Stream|[of] p1a: Tyranitar
|turn|1
|
|t:|1769435034
|switch|p1a: Moltres|Moltres|100/100
|move|p2a: Iron Treads|Knock Off|p1a: Moltres
|-damage|p1a: Moltres|85/100
|-enditem|p1a: Moltres|Heavy-Duty Boots|[from] move: Knock Off|[of] p2a: Iron Treads
|
|-weather|Sandstorm|[upkeep]
|-damage|p1a: Moltres|79/100|[from] Sandstorm
|upkeep
|turn|2
|
|t:|1769435054
|move|p2a: Iron Treads|Stealth Rock|p1a: Moltres
|-sidestart|p1: Wozzathesexygod|move: Stealth Rock
|move|p1a: Moltres|Flamethrower|p2a: Iron Treads
|-supereffective|p2a: Iron Treads
|-damage|p2a: Iron Treads|9/100
|
|-weather|Sandstorm|[upkeep]
|-damage|p1a: Moltres|73/100|[from] Sandstorm
|-heal|p2a: Iron Treads|16/100|[from] item: Leftovers
|upkeep
|turn|3
|
|t:|1769435061
|-end|p2a: Iron Treads|Quark Drive|[silent]
|switch|p2a: Alomomola|Alomomola, F, shiny|100/100
|move|p1a: Moltres|U-turn|p2a: Alomomola
|-damage|p2a: Alomomola|89/100
|
|t:|1769435073
|switch|p1a: Tyranitar|Tyranitar, F|100/100|[from] U-turn
|-damage|p1a: Tyranitar|88/100|[from] Stealth Rock
|
|-weather|Sandstorm|[upkeep]
|-damage|p2a: Alomomola|83/100|[from] Sandstorm
|upkeep
|turn|4
|
|t:|1769435078
|switch|p2a: Corviknight|Corviknight, F|100/100
|-ability|p2a: Corviknight|Pressure
|move|p1a: Tyranitar|Stealth Rock|p2a: Corviknight
|-sidestart|p2: ErroDeDigitacao|move: Stealth Rock
|
|-weather|Sandstorm|[upkeep]
|upkeep
|turn|5
|
|t:|1769435082
|switch|p1a: Moltres|Moltres|73/100
|-damage|p1a: Moltres|23/100|[from] Stealth Rock
|move|p2a: Corviknight|U-turn|p1a: Moltres
|-resisted|p1a: Moltres
|-damage|p1a: Moltres|20/100
|-status|p2a: Corviknight|brn|[from] ability: Flame Body|[of] p1a: Moltres
|
|t:|1769435087
|switch|p2a: Zamazenta|Zamazenta|100/100|[from] U-turn
|-damage|p2a: Zamazenta|94/100|[from] Stealth Rock
|-ability|p2a: Zamazenta|Dauntless Shield|boost
|-boost|p2a: Zamazenta|def|1
|
|-weather|Sandstorm|[upkeep]
|-damage|p2a: Zamazenta|88/100|[from] Sandstorm
|-damage|p1a: Moltres|14/100|[from] Sandstorm
|upkeep
|turn|6
|
|t:|1769435107
|move|p2a: Zamazenta|Close Combat|p1a: Moltres
|-resisted|p1a: Moltres
|-damage|p1a: Moltres|0 fnt
|-unboost|p2a: Zamazenta|def|1
|-unboost|p2a: Zamazenta|spd|1
|faint|p1a: Moltres
|-damage|p2a: Zamazenta|78/100|[from] item: Life Orb
|
|-weather|Sandstorm|[upkeep]
|-damage|p2a: Zamazenta|72/100|[from] Sandstorm
|upkeep
|
|t:|1769435117
|switch|p1a: Slowking|Slowking-Galar, M|100/100
|-damage|p1a: Slowking|88/100|[from] Stealth Rock
|turn|7
|
|t:|1769435125
|-terastallize|p2a: Zamazenta|Stellar
|move|p2a: Zamazenta|Crunch|p1a: Slowking
|-supereffective|p1a: Slowking
|-damage|p1a: Slowking|13/100
|-unboost|p1a: Slowking|def|1
|-damage|p2a: Zamazenta|62/100|[from] item: Life Orb
|move|p1a: Slowking|Flamethrower|p2a: Zamazenta
|-damage|p2a: Zamazenta|32/100
|-status|p2a: Zamazenta|brn
|
|-weather|Sandstorm|[upkeep]
|-damage|p2a: Zamazenta|26/100 brn|[from] Sandstorm
|-damage|p1a: Slowking|7/100|[from] Sandstorm
|-damage|p2a: Zamazenta|20/100 brn|[from] brn
|upkeep
|turn|8
|
|t:|1769435145
|switch|p1a: Hydrapple|Hydrapple, M|100/100
|move|p2a: Zamazenta|Close Combat|p1a: Hydrapple
|-damage|p1a: Hydrapple|67/100
|-unboost|p2a: Zamazenta|def|1
|-unboost|p2a: Zamazenta|spd|1
|-damage|p2a: Zamazenta|10/100 brn|[from] item: Life Orb
|
|-weather|none
|-damage|p2a: Zamazenta|4/100 brn|[from] brn
|upkeep
|turn|9
|inactive|Wozzathesexygod has 120 seconds left.
|
|t:|1769435170
|move|p2a: Zamazenta|Crunch|p1a: Hydrapple
|-damage|p1a: Hydrapple|55/100
|-damage|p2a: Zamazenta|0 fnt|[from] item: Life Orb
|faint|p2a: Zamazenta
|move|p1a: Hydrapple|Nasty Plot|p1a: Hydrapple
|-boost|p1a: Hydrapple|spa|2
|
|upkeep
|
|t:|1769435173
|switch|p2a: Iron Valiant|Iron Valiant, shiny|100/100
|-damage|p2a: Iron Valiant|94/100|[from] Stealth Rock
|turn|10
|inactive|Wozzathesexygod has 120 seconds left.
|
|t:|1769435216
|switch|p1a: Tyranitar|Tyranitar, F|88/100
|-damage|p1a: Tyranitar|76/100|[from] Stealth Rock
|-weather|Sandstorm|[from] ability: Sand Stream|[of] p1a: Tyranitar
|move|p2a: Iron Valiant|Moonblast|p1a: Tyranitar
|-supereffective|p1a: Tyranitar
|-damage|p1a: Tyranitar|16/100
|-unboost|p1a: Tyranitar|spa|1
|
|-weather|Sandstorm|[upkeep]
|-damage|p2a: Iron Valiant|88/100|[from] Sandstorm
|upkeep
|turn|11
|
|t:|1769435222
|move|p2a: Iron Valiant|Moonblast|p1a: Tyranitar
|-supereffective|p1a: Tyranitar
|-damage|p1a: Tyranitar|0 fnt
|faint|p1a: Tyranitar
|
|-weather|Sandstorm|[upkeep]
|-damage|p2a: Iron Valiant|82/100|[from] Sandstorm
|upkeep
|
|t:|1769435224
|switch|p1a: Excadrill|Excadrill, F|100/100
|-damage|p1a: Excadrill|97/100|[from] Stealth Rock
|-item|p1a: Excadrill|Air Balloon
|turn|12
|inactive|Wozzathesexygod has 90 seconds left.
|
|t:|1769435275
|-end|p2a: Iron Valiant|Quark Drive|[silent]
|switch|p2a: Corviknight|Corviknight, F|100/100 brn
|-damage|p2a: Corviknight|88/100 brn|[from] Stealth Rock
|-ability|p2a: Corviknight|Pressure
|move|p1a: Excadrill|Iron Head|p2a: Corviknight
|-resisted|p2a: Corviknight
|-damage|p2a: Corviknight|75/100 brn
|
|-weather|Sandstorm|[upkeep]
|-heal|p2a: Corviknight|81/100 brn|[from] item: Leftovers
|-damage|p2a: Corviknight|75/100 brn|[from] brn
|upkeep
|turn|13
|
|t:|1769435281
|switch|p1a: Slowking|Slowking-Galar, M|40/100
|-damage|p1a: Slowking|28/100|[from] Stealth Rock
|move|p2a: Corviknight|Defog|p1a: Slowking
|-unboost|p1a: Slowking|evasion|1
|-sideend|p1: Wozzathesexygod|Stealth Rock|[from] move: Defog|[of] p2a: Corviknight
|-sideend|p2: ErroDeDigitacao|Stealth Rock|[from] move: Defog|[of] p2a: Corviknight
|
|-weather|Sandstorm|[upkeep]
|-damage|p1a: Slowking|22/100|[from] Sandstorm
|-heal|p2a: Corviknight|81/100 brn|[from] item: Leftovers
|-damage|p2a: Corviknight|75/100 brn|[from] brn
|upkeep
|turn|14
|
|t:|1769435286
|switch|p1a: Hydrapple|Hydrapple, M|89/100
|move|p2a: Corviknight|Brave Bird|p1a: Hydrapple
|-supereffective|p1a: Hydrapple
|-damage|p1a: Hydrapple|64/100
|-damage|p2a: Corviknight|66/100 brn|[from] Recoil
|
|-weather|Sandstorm|[upkeep]
|-damage|p1a: Hydrapple|58/100|[from] Sandstorm
|-heal|p2a: Corviknight|72/100 brn|[from] item: Leftovers
|-damage|p2a: Corviknight|66/100 brn|[from] brn
|upkeep
|turn|15
|inactive|Wozzathesexygod has 90 seconds left.
|
|t:|1769435291
|switch|p1a: Excadrill|Excadrill, F|97/100
|-item|p1a: Excadrill|Air Balloon
|move|p2a: Corviknight|Brave Bird|p1a: Excadrill
|-resisted|p1a: Excadrill
|-damage|p1a: Excadrill|86/100
|-enditem|p1a: Excadrill|Air Balloon
|-damage|p2a: Corviknight|63/100 brn|[from] Recoil
|
|-weather|Sandstorm|[upkeep]
|-heal|p2a: Corviknight|69/100 brn|[from] item: Leftovers
|-damage|p2a: Corviknight|63/100 brn|[from] brn
|upkeep
|turn|16
|
|t:|1769435299
|move|p1a: Excadrill|Rapid Spin|p2a: Corviknight
|-resisted|p2a: Corviknight
|-damage|p2a: Corviknight|58/100 brn
|-boost|p1a: Excadrill|spe|1
|move|p2a: Corviknight|Roost|p2a: Corviknight
|-heal|p2a: Corviknight|100/100 brn
|-singleturn|p2a: Corviknight|move: Roost
|
|-weather|Sandstorm|[upkeep]
|-damage|p2a: Corviknight|94/100 brn|[from] brn
|upkeep
|turn|17
|
|t:|1769435304
|move|p1a: Excadrill|Swords Dance|p1a: Excadrill
|-boost|p1a: Excadrill|atk|2
|move|p2a: Corviknight|U-turn|p1a: Excadrill
|-resisted|p1a: Excadrill
|-damage|p1a: Excadrill|81/100
|
|t:|1769435305
|switch|p2a: Latios|Latios, M|100/100|[from] U-turn
|
|-weather|none
|upkeep
|turn|18
|
|t:|1769435312
|move|p2a: Latios|Aura Sphere|p1a: Excadrill
|-supereffective|p1a: Excadrill
|-damage|p1a: Excadrill|0 fnt
|faint|p1a: Excadrill
|
|upkeep
|
|t:|1769435328
|switch|p1a: Slowking|Slowking-Galar, M|55/100
|turn|19
|
|t:|1769435336
|switch|p2a: Iron Treads|Iron Treads|16/100
|move|p1a: Slowking|Ice Beam|p2a: Iron Treads
|-damage|p2a: Iron Treads|0 fnt
|faint|p2a: Iron Treads
|-end|p2a: Iron Treads|Quark Drive|[silent]
|
|upkeep
|
|t:|1769435341
|switch|p2a: Latios|Latios, M|100/100
|turn|20
|inactive|Wozzathesexygod has 120 seconds left.
|
|t:|1769435376
|switch|p2a: Alomomola|Alomomola, F, shiny|100/100
|move|p1a: Slowking|Ice Beam|p2a: Alomomola
|-resisted|p2a: Alomomola
|-damage|p2a: Alomomola|95/100
|
|upkeep
|turn|21
|
|t:|1769435378
|switch|p1a: Hydrapple|Hydrapple, M|91/100
|move|p2a: Alomomola|Flip Turn|p1a: Hydrapple
|-resisted|p1a: Hydrapple
|-damage|p1a: Hydrapple|89/100
|
|t:|1769435381
|switch|p2a: Iron Valiant|Iron Valiant, shiny|82/100|[from] Flip Turn
|
|upkeep
|turn|22
|
|t:|1769435388
|switch|p1a: Slowking|Slowking-Galar, M|89/100
|move|p2a: Iron Valiant|Shadow Ball|p1a: Slowking
|-supereffective|p1a: Slowking
|-damage|p1a: Slowking|47/100
|
|upkeep
|turn|23
|inactive|Wozzathesexygod has 120 seconds left.
|
|t:|1769435397
|move|p2a: Iron Valiant|Shadow Ball|p1a: Slowking
|-supereffective|p1a: Slowking
|-damage|p1a: Slowking|6/100
|-unboost|p1a: Slowking|spd|1
|move|p1a: Slowking|Sludge Bomb|p2a: Iron Valiant
|-supereffective|p2a: Iron Valiant
|-damage|p2a: Iron Valiant|0 fnt
|faint|p2a: Iron Valiant
|-end|p2a: Iron Valiant|Quark Drive|[silent]
|
|upkeep
|
|t:|1769435401
|switch|p2a: Latios|Latios, M|100/100
|turn|24
|
|t:|1769435415
|switch|p1a: Hydrapple|Hydrapple, M|100/100
|move|p2a: Latios|Psychic Noise|p1a: Hydrapple
|-damage|p1a: Hydrapple|63/100
|-start|p1a: Hydrapple|move: Heal Block
|
|upkeep
|turn|25
|
|t:|1769435419
|switch|p2a: Corviknight|Corviknight, F|94/100 brn
|-ability|p2a: Corviknight|Pressure
|move|p1a: Hydrapple|Nasty Plot|p1a: Hydrapple
|-boost|p1a: Hydrapple|spa|2
|
|-heal|p2a: Corviknight|100/100 brn|[from] item: Leftovers
|-damage|p2a: Corviknight|94/100 brn|[from] brn
|-end|p1a: Hydrapple|move: Heal Block
|upkeep
|turn|26
|inactive|Wozzathesexygod has 120 seconds left.
|
|t:|1769435463
|switch|p1a: Slowking|Slowking-Galar, M|39/100
|move|p2a: Corviknight|Brave Bird|p1a: Slowking
|-damage|p1a: Slowking|26/100
|-damage|p2a: Corviknight|90/100 brn|[from] Recoil
|
|-heal|p2a: Corviknight|96/100 brn|[from] item: Leftovers
|-damage|p2a: Corviknight|90/100 brn|[from] brn
|upkeep
|turn|27
|
|t:|1769435473
|switch|p2a: Alomomola|Alomomola, F, shiny|100/100
|switch|p1a: Hydrapple|Hydrapple, M|96/100
|
|upkeep
|turn|28
|
|t:|1769435477
|move|p1a: Hydrapple|Fickle Beam|p2a: Alomomola
|-damage|p2a: Alomomola|83/100
|move|p2a: Alomomola|Flip Turn|p1a: Hydrapple
|-resisted|p1a: Hydrapple
|-damage|p1a: Hydrapple|94/100
|
|t:|1769435480
|switch|p2a: Latios|Latios, M|100/100|[from] Flip Turn
|
|upkeep
|turn|29
|inactive|Wozzathesexygod has 120 seconds left.
|
|t:|1769435492
|switch|p1a: Slowking|Slowking-Galar, M|59/100
|move|p2a: Latios|Trick|p1a: Slowking
|-activate|p2a: Latios|move: Trick|[of] p1a: Slowking
|-item|p1a: Slowking|Choice Scarf|[from] move: Trick
|-item|p2a: Latios|Assault Vest|[from] move: Trick
|
|upkeep
|turn|30
|inactive|Wozzathesexygod has 120 seconds left.
|inactive|Wozzathesexygod has 90 seconds left.
|
|t:|1769435536
|switch|p2a: Alomomola|Alomomola, F, shiny|100/100
|move|p1a: Slowking|Ice Beam|p2a: Alomomola
|-resisted|p2a: Alomomola
|-damage|p2a: Alomomola|95/100
|
|upkeep
|turn|31
|
|t:|1769435540
|switch|p1a: Hydrapple|Hydrapple, M|100/100
|move|p2a: Alomomola|Flip Turn|p1a: Hydrapple
|-resisted|p1a: Hydrapple
|-damage|p1a: Hydrapple|98/100
|
|t:|1769435542
|switch|p2a: Latios|Latios, M|100/100|[from] Flip Turn
|
|upkeep
|turn|32
|inactive|Wozzathesexygod has 90 seconds left.
|
|t:|1769435578
|-terastallize|p1a: Hydrapple|Poison
|move|p2a: Latios|Psychic Noise|p1a: Hydrapple
|-supereffective|p1a: Hydrapple
|-damage|p1a: Hydrapple|21/100
|-start|p1a: Hydrapple|move: Heal Block
|move|p1a: Hydrapple|Fickle Beam|p2a: Latios|[anim] Fickle Beam All Out
|-activate|p1a: Hydrapple|move: Fickle Beam
|-supereffective|p2a: Latios
|-damage|p2a: Latios|0 fnt
|faint|p2a: Latios
|
|upkeep
|-message|ErroDeDigitacao forfeited.
|
|win|Wozzathesexygod
|raw|Wozzathesexygod's rating: 1491 &rarr; <strong>1511</strong><br />(+20 for winning)
|raw|ErroDeDigitacao's rating: 1483 &rarr; <strong>1463</strong><br />(-20 for losing)
|l|☆ErroDeDigitacao
|player|p2|
