|j|☆gigapoophater
|j|☆leavannyboi
|t:|1769394880
|gametype|singles
|player|p1|gigapoophater|265|
|player|p2|leavannyboi|roxie|
|gen|9
|tier|[Gen 9] OU
|rule|HP Percentage Mod: HP is shown in percentages
|rule|Endless Battle Clause: Forcing endless battles is banned
|rule|Species Clause: Limit one of each Pokémon
|rule|OHKO Clause: OHKO moves are banned
|rule|Evasion Items Clause: Evasion items are banned
|rule|Evasion Moves Clause: Evasion moves are banned
|rule|Evasion Abilities Clause: Evasion abilities are banned
|rule|Sleep Moves Clause: Sleep-inducing moves are banned
|clearpoke
|poke|p1|Thundurus-Therian, M|
|poke|p1|Tauros-Paldea-Aqua, M|
|poke|p1|Ogerpon, F|
|poke|p1|Tinkaton, F|
|poke|p1|Chandelure, F|
|poke|p1|Cyclizar, M|
|poke|p2|Serperior, F|
|poke|p2|Darkrai|
|poke|p2|Dondozo, F|
|poke|p2|Cresselia, F|
|poke|p2|Haxorus, F|
|poke|p2|Heatran, F|
|teampreview
|inactive|Battle timer is ON: inactive players will automatically lose when time's up. (requested by leavannyboi)
|c|☆leavannyboi|I hate cyclizar
|c|☆gigapoophater|y shed tail is banned
|inactive|leavannyboi has 270 seconds left.
|c|☆leavannyboi|Idk its jus so ugh
|c|☆leavannyboi|I rlly dunno your lead
|c|☆leavannyboi|Hmm
|c|☆gigapoophater|you have heatran on your team
|
|t:|1769394936
|teamsize|p1|6
|teamsize|p2|6
|start
|switch|p1a: Tinkaton|Tinkaton, F|100/100
|switch|p2a: Heatran|Heatran, F|100/100
|-ability|p1a: Tinkaton|Mold Breaker
|-item|p1a: Tinkaton|Air Balloon
|turn|1
|c|☆leavannyboi|Heatran is rad
|c|☆leavannyboi|Haha i ate that predict
|c|☆gigapoophater|what if i think cyclizar is rad
|inactive|leavannyboi has 270 seconds left.
|c|☆leavannyboi|Well. Your incorrect opinion is notes
|c|☆leavannyboi|Noted
|c|☆gigapoophater|get a laod of this guy
|c|☆leavannyboi|Jk
|c|☆leavannyboi|!weak tinkaton
|c| leavannyboi|/raw <div class="infobox">Tinkaton (ignoring abilities):<br /><span class="message-effect-weak">Weaknesses</span>: Fire, Ground<br /><span class="message-effect-resist">Resistances</span>: <b>Bug</b>, Dark, Fairy, Flying, Grass, Ice, Normal, Psychic, Rock<br /><span class="message-effect-immune">Immunities</span>: Dragon, Poison, Sandstorm damage, Toxic</div>
|
|t:|1769394994
|switch|p1a: Cyclizar|Cyclizar, M|100/100
|move|p2a: Heatran|Magma Storm|p1a: Cyclizar
|-resisted|p1a: Cyclizar
|-crit|p1a: Cyclizar
|-damage|p1a: Cyclizar|66/100
|-activate|p1a: Cyclizar|move: Magma Storm|[of] p2a: Heatran
|
|-damage|p1a: Cyclizar|53/100|[from] move: Magma Storm|[partiallytrapped]
|upkeep
|turn|2
|c|☆gigapoophater|-1000 aura
|inactive|leavannyboi has 240 seconds left.
|c|☆leavannyboi|!stats cylizar
'cylizar' has no exact match. Approximate match:
|c|☆leavannyboi|/raw <div class="message"><ul class="utilichart"><li class="result"><span class="col numcol">RU</span> <span class="col iconcol"><psicon pokemon="cyclizar"/></span> <span class="col pokemonnamecol" style="white-space:nowrap"><a href="https://dex.pokemonshowdown.com/pokemon/cyclizar" target="_blank">Cyclizar</a></span> <span class="col typecol"><img src="https://play.pokemonshowdown.com/sprites/types/Dragon.png" alt="Dragon" height="14" width="32"><img src="https://play.pokemonshowdown.com/sprites/types/Normal.png" alt="Normal" height="14" width="32"></span> <span style="float:left;min-height:26px"><span class="col abilitycol">Shed Skin</span><span class="col abilitycol"><em>Regenerator</em></span></span><span style="float:left;min-height:26px"><span class="col statcol"><em>HP</em><br />70</span> <span class="col statcol"><em>Atk</em><br />95</span> <span class="col statcol"><em>Def</em><br />65</span> <span class="col statcol"><em>SpA</em><br />85</span> <span class="col statcol"><em>SpD</em><br />65</span> <span class="col statcol"><em>Spe</em><br />121</span> <span class="col bstcol"><em>BST<br />501</em></span> </span></li><li style="clear:both"></li></ul></div>

|inactive|leavannyboi has 210 seconds left.
|
|t:|1769395046
|switch|p2a: Serperior|Serperior, F|100/100
|move|p1a: Cyclizar|U-turn|p2a: Serperior
|-supereffective|p2a: Serperior
|-damage|p2a: Serperior|66/100
|c|☆gigapoophater|-1000 aura again
|c|☆leavannyboi|Oops
|
|t:|1769395053
|switch|p1a: Chandelure|Chandelure, F|100/100|[from] U-turn
|
|upkeep
|turn|3
|inactive|leavannyboi has 210 seconds left.
|
|t:|1769395068
|switch|p2a: Heatran|Heatran, F|100/100
|move|p1a: Chandelure|Fire Blast|p2a: Heatran
|-start|p2a: Heatran|ability: Flash Fire
|
|upkeep
|turn|4
|inactive|leavannyboi has 210 seconds left.
|c|☆leavannyboi|-1000 aura
|
|t:|1769395088
|switch|p1a: Tauros|Tauros-Paldea-Aqua, M|100/100
|-ability|p1a: Tauros|Intimidate|boost
|-unboost|p2a: Heatran|atk|1
|move|p2a: Heatran|Earth Power|p1a: Tauros
|-damage|p1a: Tauros|61/100
|
|upkeep
|turn|5
|
|t:|1769395108
|switch|p1a: Thundurus|Thundurus-Therian, M|100/100
|-end|p2a: Heatran|ability: Flash Fire|[silent]
|switch|p2a: Cresselia|Cresselia, F|100/100
|
|upkeep
|turn|6
|c|☆leavannyboi|Ugh its gonna be a switchy match
|c|☆gigapoophater|i dont see a ground type
|
|t:|1769395132
|move|p1a: Thundurus|Volt Switch|p2a: Cresselia
|-damage|p2a: Cresselia|68/100
|inactive|gigapoophater has 270 seconds left.
|
|t:|1769395142
|switch|p1a: Tinkaton|Tinkaton, F|100/100|[from] Volt Switch
|-ability|p1a: Tinkaton|Mold Breaker
|-item|p1a: Tinkaton|Air Balloon
|move|p2a: Cresselia|Psyshock|p1a: Tinkaton
|-resisted|p1a: Tinkaton
|-crit|p1a: Tinkaton
|-damage|p1a: Tinkaton|83/100
|-enditem|p1a: Tinkaton|Air Balloon
|
|-heal|p2a: Cresselia|74/100|[from] item: Leftovers
|upkeep
|turn|7
|inactive|gigapoophater has 270 seconds left.
|
|t:|1769395152
|move|p1a: Tinkaton|Encore|p2a: Cresselia
|-start|p2a: Cresselia|Encore
|move|p2a: Cresselia|Psyshock|p1a: Tinkaton
|-resisted|p1a: Tinkaton
|-crit|p1a: Tinkaton
|-damage|p1a: Tinkaton|65/100
|
|-heal|p2a: Cresselia|80/100|[from] item: Leftovers
|upkeep
|turn|8
|inactive|leavannyboi has 210 seconds left.
|
|t:|1769395166
|switch|p2a: Dondozo|Dondozo, F|100/100
|move|p1a: Tinkaton|Stealth Rock|p2a: Dondozo
|-sidestart|p2: leavannyboi|move: Stealth Rock
|
|upkeep
|turn|9
|
|t:|1769395170
|move|p1a: Tinkaton|Thunder Wave|p2a: Dondozo
|-status|p2a: Dondozo|par
|move|p2a: Dondozo|Curse|p2a: Dondozo
|-unboost|p2a: Dondozo|spe|1
|-boost|p2a: Dondozo|atk|1
|-boost|p2a: Dondozo|def|1
|
|upkeep
|turn|10
|
|t:|1769395176
|move|p1a: Tinkaton|Encore|p2a: Dondozo
|-start|p2a: Dondozo|Encore
|cant|p2a: Dondozo|par
|
|upkeep
|turn|11
|c|☆leavannyboi|Im slow
|
|t:|1769395189
|switch|p1a: Thundurus|Thundurus-Therian, M|100/100
|switch|p2a: Heatran|Heatran, F|100/100
|-damage|p2a: Heatran|88/100|[from] Stealth Rock
|
|upkeep
|turn|12
|c|☆gigapoophater|30 win chance
|
|t:|1769395196
|move|p1a: Thundurus|Volt Switch|p2a: Heatran
|-damage|p2a: Heatran|62/100
|
|t:|1769395202
|switch|p1a: Tauros|Tauros-Paldea-Aqua, M|61/100|[from] Volt Switch
|-ability|p1a: Tauros|Intimidate|boost
|-unboost|p2a: Heatran|atk|1
|move|p2a: Heatran|Power Gem|p1a: Tauros
|-resisted|p1a: Tauros
|-damage|p1a: Tauros|44/100
|
|upkeep
|turn|13
|
|t:|1769395216
|switch|p2a: Dondozo|Dondozo, F|100/100 par
|-damage|p2a: Dondozo|88/100 par|[from] Stealth Rock
|move|p1a: Tauros|Close Combat|p2a: Dondozo
|-damage|p2a: Dondozo|64/100 par
|-unboost|p1a: Tauros|def|1
|-unboost|p1a: Tauros|spd|1
|
|-heal|p2a: Dondozo|70/100 par|[from] item: Leftovers
|upkeep
|turn|14
|
|t:|1769395226
|switch|p1a: Cyclizar|Cyclizar, M|86/100
|move|p2a: Dondozo|Liquidation|p1a: Cyclizar
|-resisted|p1a: Cyclizar
|-damage|p1a: Cyclizar|62/100
|
|-heal|p2a: Dondozo|76/100 par|[from] item: Leftovers
|upkeep
|turn|15
|inactive|leavannyboi has 240 seconds left.
|
|t:|1769395238
|move|p1a: Cyclizar|Draco Meteor|p2a: Dondozo
|-damage|p2a: Dondozo|26/100 par
|-unboost|p1a: Cyclizar|spa|2
|cant|p2a: Dondozo|par
|
|-heal|p2a: Dondozo|33/100 par|[from] item: Leftovers
|upkeep
|turn|16
|
|t:|1769395246
|move|p1a: Cyclizar|U-turn|p2a: Dondozo
|-damage|p2a: Dondozo|26/100 par
|c|☆leavannyboi|Yo regenerator is like so ugh
|
|t:|1769395258
|switch|p1a: Ogerpon|Ogerpon, F|100/100|[from] U-turn
|cant|p2a: Dondozo|par
|
|-heal|p2a: Dondozo|32/100 par|[from] item: Leftovers
|upkeep
|turn|17
|c|☆leavannyboi|So 2016 stats
|c|☆gigapoophater|heatran is ugh
|c|☆gigapoophater|bad stats make pokemon cool
|
|t:|1769395286
|switch|p2a: Heatran|Heatran, F|62/100
|-damage|p2a: Heatran|50/100|[from] Stealth Rock
|-terastallize|p1a: Ogerpon|Grass
|detailschange|p1a: Ogerpon|Ogerpon-Teal-Tera, F, tera:Grass
|-ability|p1a: Ogerpon|Embody Aspect (Teal)|boost
|-boost|p1a: Ogerpon|spe|1
|move|p1a: Ogerpon|Ivy Cudgel|p2a: Heatran
|-resisted|p2a: Heatran
|-damage|p2a: Heatran|29/100
|
|upkeep
|turn|18
|c|☆gigapoophater|w 21 percent
|c|☆leavannyboi|Haha ig but like heatran looks awsome
|inactive|gigapoophater has 270 seconds left.
|inactive|leavannyboi has 240 seconds left.
|
|t:|1769395306
|switch|p1a: Cyclizar|Cyclizar, M|96/100
|move|p2a: Heatran|Magma Storm|p1a: Cyclizar
|-resisted|p1a: Cyclizar
|-damage|p1a: Cyclizar|70/100
|-activate|p1a: Cyclizar|move: Magma Storm|[of] p2a: Heatran
|
|-damage|p1a: Cyclizar|57/100|[from] move: Magma Storm|[partiallytrapped]
|upkeep
|turn|19
|inactive|leavannyboi has 240 seconds left.
|
|t:|1769395326
|move|p1a: Cyclizar|U-turn|p2a: Heatran
|-resisted|p2a: Heatran
|-damage|p2a: Heatran|26/100
|
|t:|1769395332
|switch|p1a: Tauros|Tauros-Paldea-Aqua, M|44/100|[from] U-turn
|-ability|p1a: Tauros|Intimidate|boost
|-unboost|p2a: Heatran|atk|1
|move|p2a: Heatran|Magma Storm|p1a: Tauros
|-resisted|p1a: Tauros
|-damage|p1a: Tauros|8/100
|-activate|p1a: Tauros|move: Magma Storm|[of] p2a: Heatran
|
|-damage|p1a: Tauros|0 fnt|[from] move: Magma Storm|[partiallytrapped]
|faint|p1a: Tauros
|upkeep
|inactive|gigapoophater has 270 seconds left.
|
|t:|1769395346
|switch|p1a: Thundurus|Thundurus-Therian, M|100/100
|turn|20
|
|t:|1769395356
|move|p1a: Thundurus|Volt Switch|p2a: Heatran
|-damage|p2a: Heatran|1/100
|
|t:|1769395369
|switch|p1a: Cyclizar|Cyclizar, M|91/100|[from] Volt Switch
|move|p2a: Heatran|Power Gem|p1a: Cyclizar
|-damage|p1a: Cyclizar|66/100
|
|upkeep
|turn|21
|
|t:|1769395375
|move|p1a: Cyclizar|U-turn|p2a: Heatran
|-resisted|p2a: Heatran
|-damage|p2a: Heatran|0 fnt
|faint|p2a: Heatran
|
|t:|1769395385
|switch|p1a: Chandelure|Chandelure, F|100/100|[from] U-turn
|
|upkeep
|inactive|leavannyboi has 270 seconds left.
|
|t:|1769395420
|switch|p2a: Haxorus|Haxorus, F|100/100
|-damage|p2a: Haxorus|88/100|[from] Stealth Rock
|-ability|p2a: Haxorus|Mold Breaker
|turn|22
|c|☆leavannyboi|Hmm
|inactive|leavannyboi has 240 seconds left.
|c|☆leavannyboi|Tuff move choice
|inactive|gigapoophater has 270 seconds left.
|c|☆leavannyboi|!stats chandelure
|c|☆leavannyboi|/raw <div class="message"><ul class="utilichart"><li class="result"><span class="col numcol">NU</span> <span class="col iconcol"><psicon pokemon="chandelure"/></span> <span class="col pokemonnamecol" style="white-space:nowrap"><a href="https://dex.pokemonshowdown.com/pokemon/chandelure" target="_blank">Chandelure</a></span> <span class="col typecol"><img src="https://play.pokemonshowdown.com/sprites/types/Ghost.png" alt="Ghost" height="14" width="32"><img src="https://play.pokemonshowdown.com/sprites/types/Fire.png" alt="Fire" height="14" width="32"></span> <span style="float:left;min-height:26px"><span class="col twoabilitycol">Flash Fire<br />Flame Body</span><span class="col abilitycol"><em>Infiltrator</em></span></span><span style="float:left;min-height:26px"><span class="col statcol"><em>HP</em><br />60</span> <span class="col statcol"><em>Atk</em><br />55</span> <span class="col statcol"><em>Def</em><br />90</span> <span class="col statcol"><em>SpA</em><br />145</span> <span class="col statcol"><em>SpD</em><br />90</span> <span class="col statcol"><em>Spe</em><br />80</span> <span class="col bstcol"><em>BST<br />520</em></span> </span></li><li style="clear:both"></li></ul></div>

|
|t:|1769395455
|switch|p1a: Tinkaton|Tinkaton, F|65/100
|-ability|p1a: Tinkaton|Mold Breaker
|move|p2a: Haxorus|Earthquake|p1a: Tinkaton
|-supereffective|p1a: Tinkaton
|-damage|p1a: Tinkaton|0 fnt
|faint|p1a: Tinkaton
|
|upkeep
|c|☆gigapoophater|ur faster bro
|
|t:|1769395467
|switch|p1a: Ogerpon|Ogerpon-Teal-Tera, F, tera:Grass|100/100
|-ability|p1a: Ogerpon|Embody Aspect (Teal)|boost
|-boost|p1a: Ogerpon|spe|1
|turn|23
|c|☆leavannyboi|I was nervy u would go thunderous
|
|t:|1769395481
|switch|p2a: Cresselia|Cresselia, F|80/100
|-damage|p2a: Cresselia|68/100|[from] Stealth Rock
|move|p1a: Ogerpon|Ivy Cudgel|p2a: Cresselia
|-damage|p2a: Cresselia|9/100
|
|-heal|p2a: Cresselia|15/100|[from] item: Leftovers
|upkeep
|turn|24
|
|t:|1769395486
|move|p1a: Ogerpon|Ivy Cudgel|p2a: Cresselia
|-damage|p2a: Cresselia|0 fnt
|faint|p2a: Cresselia
|
|upkeep
|
|t:|1769395504
|switch|p2a: Haxorus|Haxorus, F|88/100
|-damage|p2a: Haxorus|76/100|[from] Stealth Rock
|-ability|p2a: Haxorus|Mold Breaker
|turn|25
|c|☆gigapoophater|ts might kill ngl
|inactive|gigapoophater has 270 seconds left.
|c|☆leavannyboi|U might win here
|c|☆leavannyboi|Im in a tuff conee
|c|☆leavannyboi|*corner
|
|t:|1769395534
|switch|p1a: Cyclizar|Cyclizar, M|99/100
|move|p2a: Haxorus|Poison Jab|p1a: Cyclizar
|-damage|p1a: Cyclizar|42/100
|
|upkeep
|turn|26
|inactive|leavannyboi has 240 seconds left.
|
|t:|1769395546
|move|p2a: Haxorus|Poison Jab|p1a: Cyclizar
|-damage|p1a: Cyclizar|0 fnt
|faint|p1a: Cyclizar
|
|upkeep
|
|t:|1769395549
|switch|p1a: Ogerpon|Ogerpon-Teal-Tera, F, tera:Grass|100/100
|-ability|p1a: Ogerpon|Embody Aspect (Teal)|boost
|-boost|p1a: Ogerpon|spe|1
|turn|27
|
|t:|1769395552
|move|p1a: Ogerpon|Play Rough|p2a: Haxorus
|-supereffective|p2a: Haxorus
|-damage|p2a: Haxorus|0 fnt
|faint|p2a: Haxorus
|
|upkeep
|c|☆leavannyboi|Damnit i knew it to
|
|t:|1769395563
|switch|p2a: Serperior|Serperior, F|66/100
|-damage|p2a: Serperior|53/100|[from] Stealth Rock
|turn|28
|
|t:|1769395569
|-terastallize|p2a: Serperior|Fire
|move|p1a: Ogerpon|Play Rough|p2a: Serperior
|-resisted|p2a: Serperior
|-damage|p2a: Serperior|28/100
|move|p2a: Serperior|Tera Blast|p1a: Ogerpon|[anim] Tera Blast Fire
|-supereffective|p1a: Ogerpon
|-damage|p1a: Ogerpon|0 fnt
|faint|p1a: Ogerpon
|detailschange|p1: Ogerpon|Ogerpon, F|[silent]
|
|upkeep
|
|t:|1769395577
|switch|p1a: Chandelure|Chandelure, F|100/100
|turn|29
|inactive|leavannyboi has 270 seconds left.
|c|☆leavannyboi|I threw bro
|
|t:|1769395597
|switch|p2a: Dondozo|Dondozo, F|32/100 par
|-damage|p2a: Dondozo|19/100 par|[from] Stealth Rock
|move|p1a: Chandelure|Shadow Ball|p2a: Dondozo
|-damage|p2a: Dondozo|0 fnt
|faint|p2a: Dondozo
|
|upkeep
|c|☆leavannyboi|I was like ik its faster
|inactive|leavannyboi has 270 seconds left.
|c|☆gigapoophater|doomer
|
|t:|1769395606
|switch|p2a: Darkrai|Darkrai|100/100
|-damage|p2a: Darkrai|88/100|[from] Stealth Rock
|turn|30
|c|☆gigapoophater|ur still winning
|
|t:|1769395613
|switch|p1a: Thundurus|Thundurus-Therian, M|100/100
|move|p2a: Darkrai|Dark Pulse|p1a: Thundurus
|-crit|p1a: Thundurus
|-damage|p1a: Thundurus|0 fnt
|faint|p1a: Thundurus
|-damage|p2a: Darkrai|78/100|[from] item: Life Orb
|
|upkeep
|
|t:|1769395615
|switch|p1a: Chandelure|Chandelure, F|100/100
|turn|31
|
|t:|1769395617
|move|p1a: Chandelure|Fire Blast|p2a: Darkrai
|-damage|p2a: Darkrai|0 fnt
|faint|p2a: Darkrai
|
|upkeep
|c|☆gigapoophater|i lied
|
|t:|1769395625
|switch|p2a: Serperior|Serperior, F, tera:Fire|28/100
|-damage|p2a: Serperior|3/100|[from] Stealth Rock
|turn|32
|
|t:|1769395652
|move|p1a: Chandelure|Fire Blast|p2a: Serperior
|-resisted|p2a: Serperior
|-damage|p2a: Serperior|0 fnt
|faint|p2a: Serperior
|
|win|gigapoophater
|c|☆gigapoophater|gg
|c|☆leavannyboi|Scarfed
|c|☆leavannyboi|Brutal
|c|☆gigapoophater|chandelure my goat
|c|☆gigapoophater|well goodbye
|c|☆leavannyboi|It is truely a god teir mon
|c|☆leavannyboi|Gg
