|j|☆Yaoshi
|j|☆getreyal
|t:|1769443115
|gametype|singles
|player|p1|Yaoshi|silver-masters|1644
|player|p2|getreyal|pokemonbreeder-gen4|1700
|gen|9
|tier|[Gen 9] OU
|rated|
|rule|HP Percentage Mod: HP is shown in percentages
|rule|Endless Battle Clause: Forcing endless battles is banned
|rule|Species Clause: Limit one of each Pokémon
|rule|OHKO Clause: OHKO moves are banned
|rule|Evasion Items Clause: Evasion items are banned
|rule|Evasion Moves Clause: Evasion moves are banned
|rule|Evasion Abilities Clause: Evasion abilities are banned
|rule|Sleep Moves Clause: Sleep-inducing moves are banned
|clearpoke
|poke|p1|Cinderace, F|
|poke|p1|Dragonite, F|
|poke|p1|Iron Valiant|
|poke|p1|Snorlax, M|
|poke|p1|Primarina, M|
|poke|p1|Skarmory, M|
|poke|p2|Ting-Lu|
|poke|p2|Corviknight, F|
|poke|p2|Chesnaught, M|
|poke|p2|Primarina, F|
|poke|p2|Garganacl, M|
|poke|p2|Slowking-Galar, M|
|teampreview
|inactive|Battle timer is ON: inactive players will automatically lose when time's up. (requested by Yaoshi)
|
|t:|1769443122
|teamsize|p1|6
|teamsize|p2|6
|start
|switch|p1a: Babe Ruth|Iron Valiant, shiny|100/100
|switch|p2a: Slowking|Slowking-Galar, M|100/100
|-enditem|p1a: Babe Ruth|Booster Energy
|-activate|p1a: Babe Ruth|ability: Quark Drive|[fromitem]
|-start|p1a: Babe Ruth|quarkdrivespe
|turn|1
|
|t:|1769443127
|move|p1a: Babe Ruth|Knock Off|p2a: Slowking
|-supereffective|p2a: Slowking
|-damage|p2a: Slowking|40/100
|-enditem|p2a: Slowking|Heavy-Duty Boots|[from] move: Knock Off|[of] p1a: Babe Ruth
|move|p2a: Slowking|Sludge Bomb|p1a: Babe Ruth
|-supereffective|p1a: Babe Ruth
|-damage|p1a: Babe Ruth|0 fnt
|faint|p1a: Babe Ruth
|-end|p1a: Babe Ruth|Quark Drive|[silent]
|
|upkeep
|
|t:|1769443131
|switch|p1a: One Hit Wonder|Cinderace, F|100/100
|turn|2
|
|t:|1769443145
|switch|p1a: Ayami Sato|Primarina, M, shiny|100/100
|switch|p2a: Chesnaught|Chesnaught, M|100/100
|
|upkeep
|turn|3
|
|t:|1769443150
|switch|p2a: Slowking|Slowking-Galar, M|73/100
|-terastallize|p1a: Ayami Sato|Poison
|move|p1a: Ayami Sato|Calm Mind|p1a: Ayami Sato
|-boost|p1a: Ayami Sato|spa|1
|-boost|p1a: Ayami Sato|spd|1
|
|upkeep
|turn|4
|
|t:|1769443153
|move|p1a: Ayami Sato|Calm Mind|p1a: Ayami Sato
|-boost|p1a: Ayami Sato|spa|1
|-boost|p1a: Ayami Sato|spd|1
|move|p2a: Slowking|Thunder Wave|p1a: Ayami Sato
|-status|p1a: Ayami Sato|par
|
|upkeep
|turn|5
|
|t:|1769443156
|cant|p1a: Ayami Sato|par
|-prepare|p2a: Slowking|Chilly Reception|[premajor]
|move|p2a: Slowking|Chilly Reception|p2a: Slowking
|-weather|Snowscape
|
|t:|1769443158
|switch|p2a: Ting-Lu|Ting-Lu|100/100|[from] Chilly Reception
|-ability|p2a: Ting-Lu|Vessel of Ruin
|
|-weather|Snowscape|[upkeep]
|upkeep
|turn|6
|
|t:|1769443161
|-terastallize|p2a: Ting-Lu|Poison
|move|p2a: Ting-Lu|Earthquake|p1a: Ayami Sato
|-supereffective|p1a: Ayami Sato
|-damage|p1a: Ayami Sato|39/100 par
|move|p1a: Ayami Sato|Psychic Noise|p2a: Ting-Lu
|-damage|p2a: Ting-Lu|74/100
|-start|p2a: Ting-Lu|move: Heal Block
|
|-weather|Snowscape|[upkeep]
|-heal|p1a: Ayami Sato|45/100 par|[from] item: Leftovers
|upkeep
|turn|7
|
|t:|1769443169
|switch|p1a: Ohtani|Dragonite, F|100/100
|move|p2a: Ting-Lu|Earthquake|p1a: Ohtani
|-immune|p1a: Ohtani
|
|-weather|Snowscape|[upkeep]
|-end|p2a: Ting-Lu|move: Heal Block
|upkeep
|turn|8
|
|t:|1769443188
|switch|p1a: One Hit Wonder|Cinderace, F|100/100
|move|p2a: Ting-Lu|Ruination|p1a: One Hit Wonder
|-damage|p1a: One Hit Wonder|51/100
|
|-weather|Snowscape|[upkeep]
|-heal|p2a: Ting-Lu|80/100|[from] item: Leftovers
|upkeep
|turn|9
|
|t:|1769443194
|switch|p2a: Chesnaught|Chesnaught, M|100/100
|move|p1a: One Hit Wonder|Zen Headbutt|p2a: Chesnaught
|-start|p1a: One Hit Wonder|typechange|Psychic|[from] ability: Libero
|-supereffective|p2a: Chesnaught
|-damage|p2a: Chesnaught|51/100
|-damage|p1a: One Hit Wonder|34/100|[from] item: Rocky Helmet|[of] p2a: Chesnaught
|
|-weather|none
|upkeep
|turn|10
|inactive|getreyal has 120 seconds left.
|
|t:|1769443233
|switch|p2a: Corviknight|Corviknight, F|100/100
|-ability|p2a: Corviknight|Pressure
|move|p1a: One Hit Wonder|Pyro Ball|p2a: Corviknight
|-supereffective|p2a: Corviknight
|-damage|p2a: Corviknight|52/100
|
|upkeep
|turn|11
|
|t:|1769443237
|move|p1a: One Hit Wonder|Pyro Ball|p2a: Corviknight
|-supereffective|p2a: Corviknight
|-damage|p2a: Corviknight|3/100
|move|p2a: Corviknight|U-turn|p1a: One Hit Wonder
|-supereffective|p1a: One Hit Wonder
|-damage|p1a: One Hit Wonder|0 fnt
|faint|p1a: One Hit Wonder
|
|t:|1769443241
|switch|p2a: Chesnaught|Chesnaught, M|51/100|[from] U-turn
|
|upkeep
|
|t:|1769443249
|switch|p1a: Skarmory|Skarmory, M|100/100
|turn|12
|inactive|getreyal has 120 seconds left.
|
|t:|1769443282
|move|p1a: Skarmory|Brave Bird|p2a: Chesnaught
|-supereffective|p2a: Chesnaught
|-damage|p2a: Chesnaught|0 fnt
|-damage|p1a: Skarmory|84/100|[from] item: Rocky Helmet|[of] p2a: Chesnaught
|faint|p2a: Chesnaught
|-damage|p1a: Skarmory|65/100|[from] Recoil
|
|upkeep
|
|t:|1769443288
|switch|p2a: Primarina|Primarina, F|100/100
|turn|13
|
|t:|1769443292
|switch|p1a: Homerun|Snorlax, M, shiny|100/100
|move|p2a: Primarina|Calm Mind|p2a: Primarina
|-boost|p2a: Primarina|spa|1
|-boost|p2a: Primarina|spd|1
|
|upkeep
|turn|14
|
|t:|1769443297
|move|p2a: Primarina|Substitute|p2a: Primarina
|-start|p2a: Primarina|Substitute
|-damage|p2a: Primarina|75/100
|move|p1a: Homerun|Body Slam|p2a: Primarina
|-end|p2a: Primarina|Substitute
|
|upkeep
|turn|15
|
|t:|1769443302
|switch|p2a: Garganacl|Garganacl, M|100/100
|move|p1a: Homerun|Body Slam|p2a: Garganacl
|-resisted|p2a: Garganacl
|-damage|p2a: Garganacl|90/100
|
|-heal|p2a: Garganacl|96/100|[from] item: Leftovers
|upkeep
|turn|16
|
|t:|1769443307
|switch|p1a: Ayami Sato|Primarina, M, shiny, tera:Poison|45/100 par
|move|p2a: Garganacl|Salt Cure|p1a: Ayami Sato
|-damage|p1a: Ayami Sato|33/100 par
|-start|p1a: Ayami Sato|Salt Cure
|
|-heal|p2a: Garganacl|100/100|[from] item: Leftovers
|-heal|p1a: Ayami Sato|39/100 par|[from] item: Leftovers
|-damage|p1a: Ayami Sato|26/100 par|[from] Salt Cure
|upkeep
|turn|17
|
|t:|1769443310
|move|p2a: Garganacl|Stealth Rock|p1a: Ayami Sato
|-sidestart|p1: Yaoshi|move: Stealth Rock
|move|p1a: Ayami Sato|Psychic Noise|p2a: Garganacl
|-supereffective|p2a: Garganacl
|-damage|p2a: Garganacl|58/100
|-start|p2a: Garganacl|move: Heal Block
|
|-heal|p1a: Ayami Sato|32/100 par|[from] item: Leftovers
|-damage|p1a: Ayami Sato|20/100 par|[from] Salt Cure
|upkeep
|turn|18
|
|t:|1769443313
|move|p2a: Garganacl|Protect|p2a: Garganacl
|-singleturn|p2a: Garganacl|Protect
|cant|p1a: Ayami Sato|par
|
|-heal|p1a: Ayami Sato|26/100 par|[from] item: Leftovers
|-damage|p1a: Ayami Sato|14/100 par|[from] Salt Cure
|-end|p2a: Garganacl|move: Heal Block
|upkeep
|turn|19
|
|t:|1769443321
|move|p2a: Garganacl|Recover|p2a: Garganacl
|-heal|p2a: Garganacl|100/100
|move|p1a: Ayami Sato|Psychic Noise|p2a: Garganacl
|-supereffective|p2a: Garganacl
|-damage|p2a: Garganacl|57/100
|-start|p2a: Garganacl|move: Heal Block
|
|-heal|p1a: Ayami Sato|20/100 par|[from] item: Leftovers
|-damage|p1a: Ayami Sato|7/100 par|[from] Salt Cure
|upkeep
|turn|20
|
|t:|1769443329
|move|p2a: Garganacl|Protect|p2a: Garganacl
|-singleturn|p2a: Garganacl|Protect
|cant|p1a: Ayami Sato|par
|
|-heal|p1a: Ayami Sato|13/100 par|[from] item: Leftovers
|-damage|p1a: Ayami Sato|1/100 par|[from] Salt Cure
|-end|p2a: Garganacl|move: Heal Block
|upkeep
|turn|21
|
|t:|1769443331
|move|p2a: Garganacl|Recover|p2a: Garganacl
|-heal|p2a: Garganacl|100/100
|move|p1a: Ayami Sato|Psychic Noise|p2a: Garganacl
|-supereffective|p2a: Garganacl
|-damage|p2a: Garganacl|54/100
|-start|p2a: Garganacl|move: Heal Block
|
|-heal|p1a: Ayami Sato|7/100 par|[from] item: Leftovers
|-damage|p1a: Ayami Sato|0 fnt|[from] Salt Cure
|faint|p1a: Ayami Sato
|upkeep
|
|t:|1769443335
|switch|p1a: Ohtani|Dragonite, F|100/100
|-damage|p1a: Ohtani|76/100|[from] Stealth Rock
|turn|22
|
|t:|1769443339
|switch|p2a: Corviknight|Corviknight, F|3/100
|-ability|p2a: Corviknight|Pressure
|move|p1a: Ohtani|Outrage|p2a: Corviknight
|-resisted|p2a: Corviknight
|-damage|p2a: Corviknight|0 fnt
|-damage|p1a: Ohtani|59/100|[from] item: Rocky Helmet|[of] p2a: Corviknight
|faint|p2a: Corviknight
|
|upkeep
|
|t:|1769443342
|switch|p2a: Primarina|Primarina, F|75/100
|turn|23
|
|t:|1769443345
|move|p1a: Ohtani|Outrage|p2a: Primarina|[from] lockedmove
|-immune|p2a: Primarina
|-start|p1a: Ohtani|confusion|[fatigue]
|move|p2a: Primarina|Draining Kiss|p1a: Ohtani
|-supereffective|p1a: Ohtani
|-damage|p1a: Ohtani|20/100
|-heal|p2a: Primarina|100/100|[from] drain|[of] p1a: Ohtani
|
|upkeep
|turn|24
|
|t:|1769443351
|switch|p1a: Homerun|Snorlax, M, shiny|100/100
|-damage|p1a: Homerun|88/100|[from] Stealth Rock
|move|p2a: Primarina|Psychic Noise|p1a: Homerun
|-damage|p1a: Homerun|73/100
|-start|p1a: Homerun|move: Heal Block
|
|upkeep
|turn|25
|
|t:|1769443354
|switch|p2a: Garganacl|Garganacl, M|54/100
|move|p1a: Homerun|Body Slam|p2a: Garganacl
|-resisted|p2a: Garganacl
|-damage|p2a: Garganacl|44/100
|
|-heal|p2a: Garganacl|50/100|[from] item: Leftovers
|-end|p1a: Homerun|move: Heal Block
|upkeep
|turn|26
|
|t:|1769443357
|move|p2a: Garganacl|Recover|p2a: Garganacl
|-heal|p2a: Garganacl|99/100
|move|p1a: Homerun|Iron Head|p2a: Garganacl
|-supereffective|p2a: Garganacl
|-damage|p2a: Garganacl|73/100
|
|-heal|p2a: Garganacl|79/100|[from] item: Leftovers
|upkeep
|turn|27
|-message|Yaoshi forfeited.
|
|win|getreyal
|raw|Yaoshi's rating: 1644 &rarr; <strong>1628</strong><br />(-16 for losing)
|raw|getreyal's rating: 1718 &rarr; <strong>1734</strong><br />(+16 for winning)
|l|☆Yaoshi
|player|p1|
|l|☆getreyal
|player|p2|
