|j|☆uviubkbj
|j|☆puppacino402
|t:|1769414963
|gametype|singles
|player|p1|uviubkbj|170|1057
|player|p2|puppacino402|265|1012
|gen|9
|tier|[Gen 9] OU
|rated|
|rule|HP Percentage Mod: HP is shown in percentages
|rule|Endless Battle Clause: Forcing endless battles is banned
|rule|Species Clause: Limit one of each Pokémon
|rule|OHKO Clause: OHKO moves are banned
|rule|Evasion Items Clause: Evasion items are banned
|rule|Evasion Moves Clause: Evasion moves are banned
|rule|Evasion Abilities Clause: Evasion abilities are banned
|rule|Sleep Moves Clause: Sleep-inducing moves are banned
|clearpoke
|poke|p1|Glimmora, M|
|poke|p1|Rillaboom, M|
|poke|p1|Samurott-Hisui, F|
|poke|p1|Gholdengo|
|poke|p1|Ogerpon, F|
|poke|p1|Raging Bolt|
|poke|p2|Electivire, M|
|poke|p2|Enamorus, F|
|poke|p2|Rillaboom, F|
|poke|p2|Cramorant, F|
|poke|p2|Weezing-Galar, F|
|poke|p2|Ditto|
|teampreview
|inactive|Battle timer is ON: inactive players will automatically lose when time's up. (requested by puppacino402)
|
|t:|1769414990
|teamsize|p1|6
|teamsize|p2|6
|start
|switch|p1a: Glimmora|Glimmora, M, shiny|100/100
|switch|p2a: Rillaboom|Rillaboom, F|100/100
|-fieldstart|move: Grassy Terrain|[from] ability: Grassy Surge|[of] p2a: Rillaboom
|turn|1
|
|t:|1769414998
|move|p1a: Glimmora|Stealth Rock|p2a: Rillaboom
|-sidestart|p2: puppacino402|move: Stealth Rock
|move|p2a: Rillaboom|Earthquake|p1a: Glimmora
|-supereffective|p1a: Glimmora
|-damage|p1a: Glimmora|63/100
|-activate|p1a: Glimmora|ability: Toxic Debris
|-sidestart|p2: puppacino402|move: Toxic Spikes
|-enditem|p1a: Glimmora|Red Card|[of] p2a: Rillaboom
|drag|p2a: Electivire|Electivire, M|100/100
|-damage|p2a: Electivire|88/100|[from] Stealth Rock
|-status|p2a: Electivire|psn
|
|-heal|p2a: Electivire|94/100 psn|[from] Grassy Terrain
|-heal|p1a: Glimmora|69/100|[from] Grassy Terrain
|-damage|p2a: Electivire|82/100 psn|[from] psn
|upkeep
|turn|2
|
|t:|1769415015
|switch|p2a: Rillaboom|Rillaboom, F|100/100
|-damage|p2a: Rillaboom|88/100|[from] Stealth Rock
|-status|p2a: Rillaboom|psn
|move|p1a: Glimmora|Earth Power|p2a: Rillaboom
|-resisted|p2a: Rillaboom
|-damage|p2a: Rillaboom|74/100 psn
|
|-heal|p1a: Glimmora|75/100|[from] Grassy Terrain
|-heal|p2a: Rillaboom|80/100 psn|[from] Grassy Terrain
|-damage|p2a: Rillaboom|68/100 psn|[from] psn
|upkeep
|turn|3
|
|t:|1769415027
|move|p1a: Glimmora|Mortal Spin|p2a: Rillaboom
|-supereffective|p2a: Rillaboom
|-damage|p2a: Rillaboom|60/100 psn
|move|p2a: Rillaboom|Earthquake|p1a: Glimmora
|-supereffective|p1a: Glimmora
|-damage|p1a: Glimmora|36/100
|-activate|p1a: Glimmora|ability: Toxic Debris
|-sidestart|p2: puppacino402|move: Toxic Spikes
|
|-heal|p1a: Glimmora|42/100|[from] Grassy Terrain
|-heal|p2a: Rillaboom|66/100 psn|[from] Grassy Terrain
|-damage|p2a: Rillaboom|54/100 psn|[from] psn
|upkeep
|turn|4
|
|t:|1769415042
|switch|p1a: Ogerpon|Ogerpon, F|100/100
|move|p2a: Rillaboom|Earthquake|p1a: Ogerpon
|-resisted|p1a: Ogerpon
|-damage|p1a: Ogerpon|94/100
|
|-heal|p1a: Ogerpon|99/100|[from] Grassy Terrain
|-heal|p2a: Rillaboom|60/100 psn|[from] Grassy Terrain
|-damage|p2a: Rillaboom|48/100 psn|[from] psn
|upkeep
|turn|5
|
|t:|1769415052
|move|p1a: Ogerpon|U-turn|p2a: Rillaboom
|-supereffective|p2a: Rillaboom
|-damage|p2a: Rillaboom|6/100 psn
|
|t:|1769415055
|switch|p1a: Rillaboom|Rillaboom, M, shiny|100/100|[from] U-turn
|move|p2a: Rillaboom|Earthquake|p1a: Rillaboom
|-resisted|p1a: Rillaboom
|-damage|p1a: Rillaboom|95/100
|
|-heal|p1a: Rillaboom|100/100|[from] Grassy Terrain
|-heal|p2a: Rillaboom|12/100 psn|[from] Grassy Terrain
|-damage|p2a: Rillaboom|0 fnt|[from] psn
|faint|p2a: Rillaboom
|upkeep
|
|t:|1769415067
|switch|p2a: Electivire|Electivire, M|82/100 psn
|-damage|p2a: Electivire|70/100 psn|[from] Stealth Rock
|turn|6
|
|t:|1769415073
|-terastallize|p2a: Electivire|Water
|move|p1a: Rillaboom|Swords Dance|p1a: Rillaboom
|-boost|p1a: Rillaboom|atk|2
|move|p2a: Electivire|Rest|p2a: Electivire
|-fail|p2a: Electivire|[from] ability: Vital Spirit|[of] p2a: Electivire
|
|-heal|p2a: Electivire|76/100 psn|[from] Grassy Terrain
|-damage|p2a: Electivire|63/100 psn|[from] psn
|upkeep
|turn|7
|
|t:|1769415085
|move|p1a: Rillaboom|Grassy Glide|p2a: Electivire
|-supereffective|p2a: Electivire
|-damage|p2a: Electivire|0 fnt
|faint|p2a: Electivire
|-damage|p1a: Rillaboom|91/100|[from] item: Life Orb
|
|-heal|p1a: Rillaboom|97/100|[from] Grassy Terrain
|upkeep
|
|t:|1769415093
|switch|p2a: Ditto|Ditto|100/100
|-damage|p2a: Ditto|88/100|[from] Stealth Rock
|-status|p2a: Ditto|tox
|turn|8
|
|t:|1769415105
|move|p1a: Rillaboom|Grassy Glide|p2a: Ditto
|-damage|p2a: Ditto|0 fnt
|faint|p2a: Ditto
|-damage|p1a: Rillaboom|87/100|[from] item: Life Orb
|
|-heal|p1a: Rillaboom|93/100|[from] Grassy Terrain
|-fieldend|move: Grassy Terrain
|upkeep
|
|t:|1769415114
|switch|p2a: Cramorant|Cramorant, F|100/100
|-damage|p2a: Cramorant|75/100|[from] Stealth Rock
|turn|9
|
|t:|1769415125
|-terastallize|p1a: Rillaboom|Electric
|move|p2a: Cramorant|Water Gun|p1a: Rillaboom
|-damage|p1a: Rillaboom|77/100
|move|p1a: Rillaboom|Tera Blast|p2a: Cramorant|[anim] Tera Blast Electric
|-supereffective|p2a: Cramorant
|-damage|p2a: Cramorant|0 fnt
|faint|p2a: Cramorant
|-damage|p1a: Rillaboom|67/100|[from] item: Life Orb
|
|upkeep
|
|t:|1769415136
|switch|p2a: Enamorus|Enamorus, F|100/100
|-damage|p2a: Enamorus|75/100|[from] Stealth Rock
|turn|10
|
|t:|1769415141
|move|p1a: Rillaboom|Tera Blast|p2a: Enamorus|[anim] Tera Blast Electric
|-supereffective|p2a: Enamorus
|-damage|p2a: Enamorus|0 fnt
|faint|p2a: Enamorus
|-damage|p1a: Rillaboom|57/100|[from] item: Life Orb
|
|upkeep
|
|t:|1769415147
|switch|p2a: Weezing|Weezing-Galar, F|100/100
|-damage|p2a: Weezing|88/100|[from] Stealth Rock
|-sideend|p2: puppacino402|move: Toxic Spikes|[of] p2a: Weezing
|-fieldstart|move: Misty Terrain|[from] ability: Misty Surge|[of] p2a: Weezing
|turn|11
|
|t:|1769415154
|move|p1a: Rillaboom|High Horsepower|p2a: Weezing
|-supereffective|p2a: Weezing
|-damage|p2a: Weezing|0 fnt
|faint|p2a: Weezing
|-damage|p1a: Rillaboom|47/100|[from] item: Life Orb
|
|win|uviubkbj
|raw|uviubkbj's rating: 1057 &rarr; <strong>1084</strong><br />(+27 for winning)
|raw|puppacino402's rating: 1012 &rarr; <strong>1002</strong><br />(-10 for losing)
|c|☆puppacino402|gg
