|j|☆pobrelascado33
|j|☆ToustiPlayer
|t:|1769389908
|gametype|singles
|player|p1|pobrelascado33|266|1086
|player|p2|ToustiPlayer|cyrus|1105
|gen|9
|tier|[Gen 9] OU
|rated|
|rule|HP Percentage Mod: HP is shown in percentages
|rule|Endless Battle Clause: Forcing endless battles is banned
|rule|Species Clause: Limit one of each Pokémon
|rule|OHKO Clause: OHKO moves are banned
|rule|Evasion Items Clause: Evasion items are banned
|rule|Evasion Moves Clause: Evasion moves are banned
|rule|Evasion Abilities Clause: Evasion abilities are banned
|rule|Sleep Moves Clause: Sleep-inducing moves are banned
|clearpoke
|poke|p1|Vespiquen, F|
|poke|p1|Combee, M|
|poke|p1|Great Tusk|
|poke|p1|Ceruledge, M|
|poke|p1|Ogerpon-Wellspring, F|
|poke|p1|Raging Bolt|
|poke|p2|Glimmora, F|
|poke|p2|Zapdos|
|poke|p2|Clefable, F|
|poke|p2|Iron Moth|
|poke|p2|Rillaboom, F|
|poke|p2|Dragonite, F|
|teampreview
|inactive|Battle timer is ON: inactive players will automatically lose when time's up. (requested by pobrelascado33)
|
|t:|1769389918
|teamsize|p1|6
|teamsize|p2|6
|start
|switch|p1a: Great Tusk|Great Tusk|100/100
|switch|p2a: Glimmora|Glimmora, F|100/100
|-item|p2a: Glimmora|Air Balloon
|-enditem|p1a: Great Tusk|Booster Energy
|-activate|p1a: Great Tusk|ability: Protosynthesis|[fromitem]
|-start|p1a: Great Tusk|protosynthesisatk
|turn|1
|
|t:|1769389931
|move|p1a: Great Tusk|Close Combat|p2a: Glimmora
|-damage|p2a: Glimmora|12/100
|-unboost|p1a: Great Tusk|def|1
|-unboost|p1a: Great Tusk|spd|1
|-activate|p2a: Glimmora|ability: Toxic Debris
|-sidestart|p1: pobrelascado33|move: Toxic Spikes
|-enditem|p2a: Glimmora|Air Balloon
|move|p2a: Glimmora|Stealth Rock|p1a: Great Tusk
|-sidestart|p1: pobrelascado33|move: Stealth Rock
|
|upkeep
|turn|2
|
|t:|1769389947
|move|p1a: Great Tusk|Rapid Spin|p2a: Glimmora
|-resisted|p2a: Glimmora
|-damage|p2a: Glimmora|2/100
|-boost|p1a: Great Tusk|spe|1
|-activate|p2a: Glimmora|ability: Toxic Debris
|-sidestart|p1: pobrelascado33|move: Toxic Spikes
|-sideend|p1: pobrelascado33|Toxic Spikes|[from] move: Rapid Spin|[of] p1a: Great Tusk
|-sideend|p1: pobrelascado33|Stealth Rock|[from] move: Rapid Spin|[of] p1a: Great Tusk
|move|p2a: Glimmora|Sludge Wave|p1a: Great Tusk
|-resisted|p1a: Great Tusk
|-damage|p1a: Great Tusk|35/100
|
|upkeep
|turn|3
|
|t:|1769389958
|move|p1a: Great Tusk|Rapid Spin|p2a: Glimmora
|-resisted|p2a: Glimmora
|-damage|p2a: Glimmora|0 fnt
|-boost|p1a: Great Tusk|spe|1
|-activate|p2a: Glimmora|ability: Toxic Debris
|-sidestart|p1: pobrelascado33|move: Toxic Spikes
|-sideend|p1: pobrelascado33|Toxic Spikes|[from] move: Rapid Spin|[of] p1a: Great Tusk
|faint|p2a: Glimmora
|
|upkeep
|
|t:|1769389966
|switch|p2a: Rillaboom|Rillaboom, F|100/100
|-fieldstart|move: Grassy Terrain|[from] ability: Grassy Surge|[of] p2a: Rillaboom
|turn|4
|
|t:|1769389978
|move|p1a: Great Tusk|Ice Spinner|p2a: Rillaboom
|-supereffective|p2a: Rillaboom
|-damage|p2a: Rillaboom|32/100
|-damage|p1a: Great Tusk|19/100|[from] item: Rocky Helmet|[of] p2a: Rillaboom
|-fieldend|move: Grassy Terrain
|move|p2a: Rillaboom|Swords Dance|p2a: Rillaboom
|-boost|p2a: Rillaboom|atk|2
|
|upkeep
|turn|5
|
|t:|1769389990
|switch|p2a: Iron Moth|Iron Moth|100/100
|-enditem|p2a: Iron Moth|Booster Energy
|-activate|p2a: Iron Moth|ability: Quark Drive|[fromitem]
|-start|p2a: Iron Moth|quarkdrivespa
|move|p1a: Great Tusk|Ice Spinner|p2a: Iron Moth
|-resisted|p2a: Iron Moth
|-damage|p2a: Iron Moth|68/100
|
|upkeep
|turn|6
|
|t:|1769390006
|move|p1a: Great Tusk|Headlong Rush|p2a: Iron Moth
|-supereffective|p2a: Iron Moth
|-damage|p2a: Iron Moth|0 fnt
|-unboost|p1a: Great Tusk|def|1
|-unboost|p1a: Great Tusk|spd|1
|faint|p2a: Iron Moth
|-end|p2a: Iron Moth|Quark Drive|[silent]
|
|upkeep
|
|t:|1769390014
|switch|p2a: Zapdos|Zapdos|100/100
|turn|7
|
|t:|1769390017
|move|p1a: Great Tusk|Ice Spinner|p2a: Zapdos
|-supereffective|p2a: Zapdos
|-damage|p2a: Zapdos|7/100
|move|p2a: Zapdos|Hurricane|p1a: Great Tusk
|-supereffective|p1a: Great Tusk
|-damage|p1a: Great Tusk|0 fnt
|faint|p1a: Great Tusk
|-end|p1a: Great Tusk|Protosynthesis|[silent]
|
|upkeep
|
|t:|1769390027
|switch|p1a: Vespiquen|Vespiquen, F|100/100
|-ability|p1a: Vespiquen|Pressure
|turn|8
|
|t:|1769390034
|-terastallize|p1a: Vespiquen|Steel
|move|p2a: Zapdos|Thunderbolt|p1a: Vespiquen
|-damage|p1a: Vespiquen|57/100
|move|p1a: Vespiquen|Defend Order|p1a: Vespiquen
|-boost|p1a: Vespiquen|def|1
|-boost|p1a: Vespiquen|spd|1
|
|-heal|p1a: Vespiquen|63/100|[from] item: Leftovers
|upkeep
|turn|9
|
|t:|1769390046
|move|p2a: Zapdos|Volt Switch|p1a: Vespiquen
|-damage|p1a: Vespiquen|42/100
|
|t:|1769390061
|switch|p2a: Dragonite|Dragonite, F|100/100|[from] Volt Switch
|move|p1a: Vespiquen|Defend Order|p1a: Vespiquen
|-boost|p1a: Vespiquen|def|1
|-boost|p1a: Vespiquen|spd|1
|
|-heal|p1a: Vespiquen|48/100|[from] item: Leftovers
|upkeep
|turn|10
|
|t:|1769390071
|move|p2a: Dragonite|Stone Edge|p1a: Vespiquen
|-resisted|p1a: Vespiquen
|-damage|p1a: Vespiquen|35/100
|move|p1a: Vespiquen|Toxic|p2a: Dragonite
|-status|p2a: Dragonite|tox
|
|-heal|p1a: Vespiquen|41/100|[from] item: Leftovers
|-damage|p2a: Dragonite|94/100 tox|[from] psn
|upkeep
|turn|11
|
|t:|1769390082
|switch|p2a: Zapdos|Zapdos|7/100
|move|p1a: Vespiquen|Roost|p1a: Vespiquen
|-heal|p1a: Vespiquen|91/100
|
|-heal|p1a: Vespiquen|97/100|[from] item: Leftovers
|upkeep
|turn|12
|
|t:|1769390090
|move|p2a: Zapdos|Thunder Wave|p1a: Vespiquen
|-status|p1a: Vespiquen|par
|move|p1a: Vespiquen|Defend Order|p1a: Vespiquen
|-boost|p1a: Vespiquen|def|1
|-boost|p1a: Vespiquen|spd|1
|
|-heal|p1a: Vespiquen|100/100 par|[from] item: Leftovers
|upkeep
|turn|13
|
|t:|1769390098
|move|p2a: Zapdos|Hurricane|p1a: Vespiquen
|-resisted|p1a: Vespiquen
|-damage|p1a: Vespiquen|90/100 par
|-start|p1a: Vespiquen|confusion
|-activate|p1a: Vespiquen|confusion
|-damage|p1a: Vespiquen|87/100 par|[from] confusion
|
|-heal|p1a: Vespiquen|93/100 par|[from] item: Leftovers
|upkeep
|turn|14
|
|t:|1769390108
|move|p2a: Zapdos|Thunderbolt|p1a: Vespiquen
|-damage|p1a: Vespiquen|76/100 par
|-end|p1a: Vespiquen|confusion
|move|p1a: Vespiquen|Defend Order|p1a: Vespiquen
|-boost|p1a: Vespiquen|def|1
|-boost|p1a: Vespiquen|spd|1
|
|-heal|p1a: Vespiquen|82/100 par|[from] item: Leftovers
|upkeep
|turn|15
|
|t:|1769390119
|move|p2a: Zapdos|Thunderbolt|p1a: Vespiquen
|-damage|p1a: Vespiquen|69/100 par
|move|p1a: Vespiquen|Attack Order|p2a: Zapdos
|-resisted|p2a: Zapdos
|-damage|p2a: Zapdos|0 fnt
|faint|p2a: Zapdos
|
|-heal|p1a: Vespiquen|75/100 par|[from] item: Leftovers
|upkeep
|
|t:|1769390127
|switch|p2a: Dragonite|Dragonite, F|94/100 tox
|turn|16
|
|t:|1769390133
|-terastallize|p2a: Dragonite|Fire
|move|p2a: Dragonite|Fire Punch|p1a: Vespiquen
|-supereffective|p1a: Vespiquen
|-damage|p1a: Vespiquen|41/100 par
|move|p1a: Vespiquen|Defend Order|p1a: Vespiquen
|-boost|p1a: Vespiquen|def|1
|-boost|p1a: Vespiquen|spd|1
|
|-heal|p1a: Vespiquen|47/100 par|[from] item: Leftovers
|-damage|p2a: Dragonite|88/100 tox|[from] psn
|upkeep
|turn|17
|
|t:|1769390142
|move|p2a: Dragonite|Fire Punch|p1a: Vespiquen
|-supereffective|p1a: Vespiquen
|-damage|p1a: Vespiquen|15/100 par
|move|p1a: Vespiquen|Roost|p1a: Vespiquen
|-heal|p1a: Vespiquen|65/100 par
|
|-heal|p1a: Vespiquen|71/100 par|[from] item: Leftovers
|-damage|p2a: Dragonite|76/100 tox|[from] psn
|upkeep
|turn|18
|
|t:|1769390154
|move|p2a: Dragonite|Fire Punch|p1a: Vespiquen
|-supereffective|p1a: Vespiquen
|-damage|p1a: Vespiquen|40/100 par
|move|p1a: Vespiquen|Roost|p1a: Vespiquen
|-heal|p1a: Vespiquen|90/100 par
|
|-heal|p1a: Vespiquen|96/100 par|[from] item: Leftovers
|-damage|p2a: Dragonite|57/100 tox|[from] psn
|upkeep
|turn|19
|
|t:|1769390167
|switch|p2a: Rillaboom|Rillaboom, F|32/100
|-fieldstart|move: Grassy Terrain|[from] ability: Grassy Surge|[of] p2a: Rillaboom
|move|p1a: Vespiquen|Defend Order|p1a: Vespiquen
|-boost|p1a: Vespiquen|def|1
|-boost|p1a: Vespiquen|spd|1
|
|-heal|p2a: Rillaboom|38/100|[from] Grassy Terrain
|-heal|p1a: Vespiquen|100/100 par|[from] Grassy Terrain
|upkeep
|turn|20
|
|t:|1769390176
|move|p2a: Rillaboom|Swords Dance|p2a: Rillaboom
|-boost|p2a: Rillaboom|atk|2
|move|p1a: Vespiquen|Attack Order|p2a: Rillaboom
|-supereffective|p2a: Rillaboom
|-damage|p2a: Rillaboom|0 fnt
|faint|p2a: Rillaboom
|
|upkeep
|
|t:|1769390183
|switch|p2a: Clefable|Clefable, F|100/100
|turn|21
|
|t:|1769390187
|move|p2a: Clefable|Cosmic Power|p2a: Clefable
|-boost|p2a: Clefable|def|1
|-boost|p2a: Clefable|spd|1
|move|p1a: Vespiquen|Toxic|p2a: Clefable
|-status|p2a: Clefable|tox
|
|upkeep
|turn|22
|
|t:|1769390194
|move|p2a: Clefable|Cosmic Power|p2a: Clefable
|-boost|p2a: Clefable|def|1
|-boost|p2a: Clefable|spd|1
|move|p1a: Vespiquen|Attack Order|p2a: Clefable
|-resisted|p2a: Clefable
|-damage|p2a: Clefable|93/100 tox
|
|-heal|p2a: Clefable|99/100 tox|[from] Grassy Terrain
|-heal|p2a: Clefable|100/100 tox|[from] item: Leftovers
|upkeep
|turn|23
|
|t:|1769390204
|move|p2a: Clefable|Cosmic Power|p2a: Clefable
|-boost|p2a: Clefable|def|1
|-boost|p2a: Clefable|spd|1
|cant|p1a: Vespiquen|par
|
|-fieldend|move: Grassy Terrain
|upkeep
|turn|24
|
|t:|1769390210
|move|p2a: Clefable|Cosmic Power|p2a: Clefable
|-boost|p2a: Clefable|def|1
|-boost|p2a: Clefable|spd|1
|move|p1a: Vespiquen|Attack Order|p2a: Clefable
|-resisted|p2a: Clefable
|-crit|p2a: Clefable
|-damage|p2a: Clefable|77/100 tox
|
|-heal|p2a: Clefable|83/100 tox|[from] item: Leftovers
|upkeep
|turn|25
|
|t:|1769390220
|move|p2a: Clefable|Cosmic Power|p2a: Clefable
|-boost|p2a: Clefable|def|1
|-boost|p2a: Clefable|spd|1
|cant|p1a: Vespiquen|par
|
|-heal|p2a: Clefable|90/100 tox|[from] item: Leftovers
|upkeep
|turn|26
|
|t:|1769390228
|move|p2a: Clefable|Cosmic Power|p2a: Clefable
|-boost|p2a: Clefable|def|1
|-boost|p2a: Clefable|spd|1
|cant|p1a: Vespiquen|par
|
|-heal|p2a: Clefable|96/100 tox|[from] item: Leftovers
|upkeep
|turn|27
|
|t:|1769390237
|move|p2a: Clefable|Stored Power|p1a: Vespiquen
|-resisted|p1a: Vespiquen
|-damage|p1a: Vespiquen|92/100 par
|cant|p1a: Vespiquen|par
|
|-heal|p2a: Clefable|100/100 tox|[from] item: Leftovers
|-heal|p1a: Vespiquen|98/100 par|[from] item: Leftovers
|upkeep
|turn|28
|
|t:|1769390245
|move|p2a: Clefable|Stored Power|p1a: Vespiquen
|-resisted|p1a: Vespiquen
|-damage|p1a: Vespiquen|89/100 par
|move|p1a: Vespiquen|Attack Order|p2a: Clefable
|-resisted|p2a: Clefable
|-damage|p2a: Clefable|96/100 tox
|
|-heal|p2a: Clefable|100/100 tox|[from] item: Leftovers
|-heal|p1a: Vespiquen|95/100 par|[from] item: Leftovers
|upkeep
|turn|29
|
|t:|1769390255
|move|p2a: Clefable|Moonblast|p1a: Vespiquen
|-resisted|p1a: Vespiquen
|-damage|p1a: Vespiquen|90/100 par
|cant|p1a: Vespiquen|par
|
|-heal|p1a: Vespiquen|96/100 par|[from] item: Leftovers
|upkeep
|turn|30
|
|t:|1769390263
|move|p2a: Clefable|Stored Power|p1a: Vespiquen
|-resisted|p1a: Vespiquen
|-damage|p1a: Vespiquen|88/100 par
|cant|p1a: Vespiquen|par
|
|-heal|p1a: Vespiquen|94/100 par|[from] item: Leftovers
|upkeep
|turn|31
|
|t:|1769390271
|move|p2a: Clefable|Stored Power|p1a: Vespiquen
|-resisted|p1a: Vespiquen
|-damage|p1a: Vespiquen|85/100 par
|move|p1a: Vespiquen|Attack Order|p2a: Clefable
|-resisted|p2a: Clefable
|-damage|p2a: Clefable|97/100 tox
|
|-heal|p2a: Clefable|100/100 tox|[from] item: Leftovers
|-heal|p1a: Vespiquen|91/100 par|[from] item: Leftovers
|upkeep
|turn|32
|
|t:|1769390283
|move|p2a: Clefable|Stored Power|p1a: Vespiquen
|-resisted|p1a: Vespiquen
|-damage|p1a: Vespiquen|83/100 par
|move|p1a: Vespiquen|Attack Order|p2a: Clefable
|-resisted|p2a: Clefable
|-damage|p2a: Clefable|96/100 tox
|
|-heal|p2a: Clefable|100/100 tox|[from] item: Leftovers
|-heal|p1a: Vespiquen|89/100 par|[from] item: Leftovers
|upkeep
|turn|33
|
|t:|1769390293
|move|p2a: Clefable|Stored Power|p1a: Vespiquen
|-resisted|p1a: Vespiquen
|-damage|p1a: Vespiquen|79/100 par
|move|p1a: Vespiquen|Attack Order|p2a: Clefable
|-resisted|p2a: Clefable
|-crit|p2a: Clefable
|-damage|p2a: Clefable|77/100 tox
|
|-heal|p2a: Clefable|83/100 tox|[from] item: Leftovers
|-heal|p1a: Vespiquen|85/100 par|[from] item: Leftovers
|upkeep
|turn|34
|
|t:|1769390302
|move|p2a: Clefable|Stored Power|p1a: Vespiquen
|-resisted|p1a: Vespiquen
|-damage|p1a: Vespiquen|76/100 par
|move|p1a: Vespiquen|Attack Order|p2a: Clefable
|-resisted|p2a: Clefable
|-damage|p2a: Clefable|79/100 tox
|
|-heal|p2a: Clefable|86/100 tox|[from] item: Leftovers
|-heal|p1a: Vespiquen|82/100 par|[from] item: Leftovers
|upkeep
|turn|35
|
|t:|1769390315
|move|p2a: Clefable|Stored Power|p1a: Vespiquen
|-resisted|p1a: Vespiquen
|-damage|p1a: Vespiquen|73/100 par
|cant|p1a: Vespiquen|par
|
|-heal|p2a: Clefable|92/100 tox|[from] item: Leftovers
|-heal|p1a: Vespiquen|79/100 par|[from] item: Leftovers
|upkeep
|turn|36
|-message|ToustiPlayer forfeited.
|
|win|pobrelascado33
|raw|pobrelascado33's rating: 1086 &rarr; <strong>1115</strong><br />(+29 for winning)
|raw|ToustiPlayer's rating: 1105 &rarr; <strong>1079</strong><br />(-26 for losing)
|l|☆ToustiPlayer
|player|p2|
|l|☆pobrelascado33
|player|p1|
