|j|☆Lintoz
|j|☆Gyo99
|t:|1769297525
|gametype|singles
|player|p1|Lintoz|102|1457
|player|p2|Gyo99|rocketgrunt|1463
|gen|9
|tier|[Gen 9] OU
|rated|
|rule|HP Percentage Mod: HP is shown in percentages
|rule|Endless Battle Clause: Forcing endless battles is banned
|rule|Species Clause: Limit one of each Pokémon
|rule|OHKO Clause: OHKO moves are banned
|rule|Evasion Items Clause: Evasion items are banned
|rule|Evasion Moves Clause: Evasion moves are banned
|rule|Evasion Abilities Clause: Evasion abilities are banned
|rule|Sleep Moves Clause: Sleep-inducing moves are banned
|clearpoke
|poke|p1|Landorus-Therian, M|
|poke|p1|Great Tusk|
|poke|p1|Ogerpon-Wellspring, F|
|poke|p1|Kingambit, F|
|poke|p1|Slowking-Galar, F|
|poke|p1|Raging Bolt|
|poke|p2|Garchomp, M|
|poke|p2|Corviknight, M|
|poke|p2|Clefable, M|
|poke|p2|Swampert, F|
|poke|p2|Cinderace, F|
|poke|p2|Darkrai|
|teampreview
|inactive|Battle timer is ON: inactive players will automatically lose when time's up. (requested by Lintoz)
|
|t:|1769297531
|teamsize|p1|6
|teamsize|p2|6
|start
|switch|p1a: Ogerpon|Ogerpon-Wellspring, F|100/100
|switch|p2a: Corviknight|Corviknight, M, shiny|100/100
|turn|1
|
|t:|1769297545
|switch|p1a: Landorus|Landorus-Therian, M|100/100
|-ability|p1a: Landorus|Intimidate|boost
|-ability|p2a: Corviknight|Mirror Armor
|-unboost|p1a: Landorus|atk|1
|move|p2a: Corviknight|U-turn|p1a: Landorus
|-resisted|p1a: Landorus
|-damage|p1a: Landorus|92/100
|
|t:|1769297562
|switch|p2a: Swampert|Swampert, F|100/100|[from] U-turn
|
|upkeep
|turn|2
|
|t:|1769297567
|switch|p1a: Ogerpon|Ogerpon-Wellspring, F|100/100
|move|p2a: Swampert|Flip Turn|p1a: Ogerpon
|-immune|p1a: Ogerpon|[from] ability: Water Absorb
|
|upkeep
|turn|3
|
|t:|1769297580
|move|p1a: Ogerpon|Knock Off|p2a: Swampert
|-damage|p2a: Swampert|64/100
|-enditem|p2a: Swampert|Leftovers|[from] move: Knock Off|[of] p1a: Ogerpon
|move|p2a: Swampert|Stealth Rock|p1a: Ogerpon
|-sidestart|p1: Lintoz|move: Stealth Rock
|
|upkeep
|turn|4
|
|t:|1769297589
|switch|p2a: Corviknight|Corviknight, M, shiny|100/100
|move|p1a: Ogerpon|Knock Off|p2a: Corviknight
|-crit|p2a: Corviknight
|-damage|p2a: Corviknight|66/100
|-damage|p1a: Ogerpon|84/100|[from] item: Rocky Helmet|[of] p2a: Corviknight
|-enditem|p2a: Corviknight|Rocky Helmet|[from] move: Knock Off|[of] p1a: Ogerpon
|
|upkeep
|turn|5
|
|t:|1769297599
|switch|p1a: Great Tusk|Great Tusk|100/100
|-damage|p1a: Great Tusk|98/100|[from] Stealth Rock
|move|p2a: Corviknight|U-turn|p1a: Great Tusk
|-resisted|p1a: Great Tusk
|-damage|p1a: Great Tusk|93/100
|-damage|p2a: Corviknight|49/100|[from] item: Rocky Helmet|[of] p1a: Great Tusk
|
|t:|1769297607
|switch|p2a: Darkrai|Darkrai, shiny|100/100|[from] U-turn
|
|upkeep
|turn|6
|
|t:|1769297633
|-end|p1a: Great Tusk|Protosynthesis|[silent]
|switch|p1a: Kingambit|Kingambit, F|100/100
|-damage|p1a: Kingambit|94/100|[from] Stealth Rock
|move|p2a: Darkrai|Dark Pulse|p1a: Kingambit
|-resisted|p1a: Kingambit
|-damage|p1a: Kingambit|64/100
|
|-heal|p1a: Kingambit|71/100|[from] item: Leftovers
|upkeep
|turn|7
|
|t:|1769297643
|switch|p2a: Swampert|Swampert, F|64/100
|move|p1a: Kingambit|Low Kick|p2a: Swampert
|-damage|p2a: Swampert|37/100
|
|-heal|p1a: Kingambit|77/100|[from] item: Leftovers
|upkeep
|turn|8
|
|t:|1769297659
|move|p1a: Kingambit|Sucker Punch|p2a: Swampert
|-damage|p2a: Swampert|0 fnt
|faint|p2a: Swampert
|
|-heal|p1a: Kingambit|83/100|[from] item: Leftovers
|upkeep
|
|t:|1769297666
|switch|p2a: Cinderace|Cinderace, F, shiny|100/100
|turn|9
|
|t:|1769297684
|-end|p1a: Kingambit|fallenundefined|[silent]
|switch|p1a: Ogerpon|Ogerpon-Wellspring, F|84/100
|-damage|p1a: Ogerpon|72/100|[from] Stealth Rock
|move|p2a: Cinderace|Pyro Ball|p1a: Ogerpon|[miss]
|-miss|p2a: Cinderace|p1a: Ogerpon
|
|upkeep
|turn|10
|
|t:|1769297694
|move|p2a: Cinderace|Pyro Ball|p1a: Ogerpon
|-damage|p1a: Ogerpon|0 fnt
|faint|p1a: Ogerpon
|
|upkeep
|inactive|Lintoz has 120 seconds left.
|
|t:|1769297721
|switch|p1a: Landorus|Landorus-Therian, M|92/100
|-damage|p1a: Landorus|80/100|[from] Stealth Rock
|-ability|p1a: Landorus|Intimidate|boost
|-unboost|p2a: Cinderace|atk|1
|turn|11
|
|t:|1769297729
|switch|p2a: Corviknight|Corviknight, M, shiny|49/100
|move|p1a: Landorus|Stone Edge|p2a: Corviknight
|-damage|p2a: Corviknight|28/100
|
|upkeep
|turn|12
|inactive|Lintoz has 120 seconds left.
|
|t:|1769297737
|switch|p1a: Great Tusk|Great Tusk|93/100
|-damage|p1a: Great Tusk|90/100|[from] Stealth Rock
|move|p2a: Corviknight|Roost|p2a: Corviknight
|-heal|p2a: Corviknight|78/100
|-singleturn|p2a: Corviknight|move: Roost
|
|upkeep
|turn|13
|
|t:|1769297748
|move|p1a: Great Tusk|Stealth Rock|p2a: Corviknight
|-sidestart|p2: Gyo99|move: Stealth Rock
|move|p2a: Corviknight|Brave Bird|p1a: Great Tusk
|-supereffective|p1a: Great Tusk
|-damage|p1a: Great Tusk|44/100
|-damage|p2a: Corviknight|62/100|[from] item: Rocky Helmet|[of] p1a: Great Tusk
|-damage|p2a: Corviknight|45/100|[from] Recoil
|
|upkeep
|turn|14
|
|t:|1769297763
|move|p1a: Great Tusk|Headlong Rush|p2a: Corviknight
|-immune|p2a: Corviknight
|move|p2a: Corviknight|Roost|p2a: Corviknight
|-heal|p2a: Corviknight|95/100
|-singleturn|p2a: Corviknight|move: Roost
|
|upkeep
|turn|15
|
|t:|1769297772
|move|p1a: Great Tusk|Rapid Spin|p2a: Corviknight
|-resisted|p2a: Corviknight
|-damage|p2a: Corviknight|91/100
|-boost|p1a: Great Tusk|spe|1
|-sideend|p1: Lintoz|Stealth Rock|[from] move: Rapid Spin|[of] p1a: Great Tusk
|move|p2a: Corviknight|Defog|p1a: Great Tusk
|-unboost|p1a: Great Tusk|evasion|1
|-sideend|p2: Gyo99|Stealth Rock|[from] move: Defog|[of] p2a: Corviknight
|
|upkeep
|turn|16
|
|t:|1769297781
|move|p1a: Great Tusk|Stealth Rock|p2a: Corviknight
|-sidestart|p2: Gyo99|move: Stealth Rock
|move|p2a: Corviknight|Brave Bird|p1a: Great Tusk
|-supereffective|p1a: Great Tusk
|-damage|p1a: Great Tusk|0 fnt
|-damage|p2a: Corviknight|74/100|[from] item: Rocky Helmet|[of] p1a: Great Tusk
|faint|p1a: Great Tusk
|-end|p1a: Great Tusk|Protosynthesis|[silent]
|-damage|p2a: Corviknight|58/100|[from] Recoil
|
|upkeep
|
|t:|1769297793
|switch|p1a: Slowking|Slowking-Galar, F|100/100
|turn|17
|
|t:|1769297804
|move|p2a: Corviknight|Defog|p1a: Slowking
|-unboost|p1a: Slowking|evasion|1
|-sideend|p2: Gyo99|Stealth Rock|[from] move: Defog|[of] p2a: Corviknight
|move|p1a: Slowking|Flamethrower|p2a: Corviknight
|-supereffective|p2a: Corviknight
|-damage|p2a: Corviknight|8/100
|
|upkeep
|turn|18
|
|t:|1769297815
|move|p2a: Corviknight|Roost|p2a: Corviknight
|-heal|p2a: Corviknight|58/100
|-singleturn|p2a: Corviknight|move: Roost
|move|p1a: Slowking|Flamethrower|p2a: Corviknight
|-supereffective|p2a: Corviknight
|-damage|p2a: Corviknight|6/100
|
|upkeep
|turn|19
|
|t:|1769297824
|switch|p2a: Cinderace|Cinderace, F, shiny|100/100
|move|p1a: Slowking|Flamethrower|p2a: Cinderace
|-resisted|p2a: Cinderace
|-damage|p2a: Cinderace|82/100
|
|upkeep
|turn|20
|
|t:|1769297832
|-terastallize|p2a: Cinderace|Fire
|move|p2a: Cinderace|Pyro Ball|p1a: Slowking
|-damage|p1a: Slowking|0 fnt
|faint|p1a: Slowking
|
|upkeep
|
|t:|1769297836
|switch|p1a: Landorus|Landorus-Therian, M|80/100
|-ability|p1a: Landorus|Intimidate|boost
|-unboost|p2a: Cinderace|atk|1
|turn|21
|
|t:|1769297848
|switch|p2a: Corviknight|Corviknight, M, shiny|6/100
|move|p1a: Landorus|Stone Edge|p2a: Corviknight
|-damage|p2a: Corviknight|0 fnt
|faint|p2a: Corviknight
|
|upkeep
|
|t:|1769297858
|switch|p2a: Cinderace|Cinderace, F, shiny, tera:Fire|82/100
|turn|22
|
|t:|1769297867
|move|p1a: Landorus|Stone Edge|p2a: Cinderace
|-supereffective|p2a: Cinderace
|-damage|p2a: Cinderace|0 fnt
|faint|p2a: Cinderace
|
|upkeep
|
|t:|1769297873
|switch|p2a: Garchomp|Garchomp, M, shiny|100/100
|turn|23
|
|t:|1769297880
|move|p1a: Landorus|Stone Edge|p2a: Garchomp
|-resisted|p2a: Garchomp
|-damage|p2a: Garchomp|82/100
|move|p2a: Garchomp|Swords Dance|p2a: Garchomp
|-boost|p2a: Garchomp|atk|2
|
|upkeep
|turn|24
|
|t:|1769297888
|move|p1a: Landorus|Stone Edge|p2a: Garchomp
|-resisted|p2a: Garchomp
|-damage|p2a: Garchomp|63/100
|move|p2a: Garchomp|Scale Shot|p1a: Landorus|[miss]
|-miss|p2a: Garchomp|p1a: Landorus
|
|upkeep
|turn|25
|
|t:|1769297895
|move|p1a: Landorus|Stone Edge|p2a: Garchomp
|-resisted|p2a: Garchomp
|-crit|p2a: Garchomp
|-damage|p2a: Garchomp|35/100
|move|p2a: Garchomp|Scale Shot|p1a: Landorus
|-crit|p1a: Landorus
|-damage|p1a: Landorus|37/100
|-damage|p1a: Landorus|4/100
|-damage|p1a: Landorus|0 fnt
|faint|p1a: Landorus
|-hitcount|p1: Landorus|3
|-unboost|p2a: Garchomp|def|1
|-boost|p2a: Garchomp|spe|1
|
|upkeep
|
|t:|1769297914
|switch|p1a: Kingambit|Kingambit, F|83/100
|-activate|p1a: Kingambit|ability: Supreme Overlord
|-start|p1a: Kingambit|fallen4|[silent]
|turn|26
|
|t:|1769297920
|move|p2a: Garchomp|Earthquake|p1a: Kingambit
|-supereffective|p1a: Kingambit
|-damage|p1a: Kingambit|0 fnt
|faint|p1a: Kingambit
|-end|p1a: Kingambit|fallen4|[silent]
|
|upkeep
|
|t:|1769297929
|switch|p1a: Raging Bolt|Raging Bolt|100/100
|-enditem|p1a: Raging Bolt|Booster Energy
|-activate|p1a: Raging Bolt|ability: Protosynthesis|[fromitem]
|-start|p1a: Raging Bolt|protosynthesisspa
|turn|27
|
|t:|1769297937
|-terastallize|p1a: Raging Bolt|Fairy
|move|p2a: Garchomp|Earthquake|p1a: Raging Bolt
|-damage|p1a: Raging Bolt|0 fnt
|faint|p1a: Raging Bolt
|-end|p1a: Raging Bolt|Protosynthesis|[silent]
|
|win|Gyo99
|raw|Lintoz's rating: 1457 &rarr; <strong>1437</strong><br />(-20 for losing)
|raw|Gyo99's rating: 1463 &rarr; <strong>1483</strong><br />(+20 for winning)
|l|☆Lintoz
|player|p1|
