|j|☆Terabyte_HH
|j|☆Magenta Maylene
|t:|1769363183
|gametype|singles
|player|p1|Terabyte_HH|101|1437
|player|p2|Magenta Maylene|maylene|1446
|gen|9
|tier|[Gen 9] OU
|rated|
|rule|HP Percentage Mod: HP is shown in percentages
|rule|Endless Battle Clause: Forcing endless battles is banned
|rule|Species Clause: Limit one of each Pokémon
|rule|OHKO Clause: OHKO moves are banned
|rule|Evasion Items Clause: Evasion items are banned
|rule|Evasion Moves Clause: Evasion moves are banned
|rule|Evasion Abilities Clause: Evasion abilities are banned
|rule|Sleep Moves Clause: Sleep-inducing moves are banned
|clearpoke
|poke|p1|Dragapult, M|
|poke|p1|Alomomola, M|
|poke|p1|Weezing-Galar, F|
|poke|p1|Kyurem|
|poke|p1|Ting-Lu|
|poke|p1|Corviknight, M|
|poke|p2|Clodsire, M|
|poke|p2|Maushold-Four|
|poke|p2|Abomasnow, M|
|poke|p2|Gholdengo|
|poke|p2|Moltres|
|poke|p2|Scizor, F|
|teampreview
|inactive|Battle timer is ON: inactive players will automatically lose when time's up. (requested by Magenta Maylene)
|
|t:|1769363199
|teamsize|p1|6
|teamsize|p2|6
|start
|switch|p1a: Ting-Lu|Ting-Lu|100/100
|switch|p2a: Red Comet|Scizor, F|100/100
|-ability|p1a: Ting-Lu|Vessel of Ruin
|turn|1
|
|t:|1769363205
|move|p2a: Red Comet|Knock Off|p1a: Ting-Lu
|-resisted|p1a: Ting-Lu
|-damage|p1a: Ting-Lu|86/100
|-enditem|p1a: Ting-Lu|Leftovers|[from] move: Knock Off|[of] p2a: Red Comet
|move|p1a: Ting-Lu|Stealth Rock|p2a: Red Comet
|-sidestart|p2: Magenta Maylene|move: Stealth Rock
|
|upkeep
|turn|2
|
|t:|1769363213
|switch|p2a: Lava Chicken|Moltres|100/100
|move|p1a: Ting-Lu|Ruination|p2a: Lava Chicken
|-damage|p2a: Lava Chicken|51/100
|
|upkeep
|turn|3
|
|t:|1769363229
|switch|p1a: Dragapult|Dragapult, M|100/100
|move|p2a: Lava Chicken|Will-O-Wisp|p1a: Dragapult
|-status|p1a: Dragapult|brn
|
|-damage|p1a: Dragapult|95/100 brn|[from] brn
|upkeep
|turn|4
|
|t:|1769363237
|switch|p2a: The Boy|Clodsire, M|100/100
|-damage|p2a: The Boy|94/100|[from] Stealth Rock
|move|p1a: Dragapult|U-turn|p2a: The Boy
|-resisted|p2a: The Boy
|-damage|p2a: The Boy|86/100
|
|t:|1769363242
|switch|p1a: Kyurem|Kyurem|100/100|[from] U-turn
|-ability|p1a: Kyurem|Pressure
|
|-heal|p2a: The Boy|92/100|[from] item: Leftovers
|upkeep
|turn|5
|
|t:|1769363247
|switch|p2a: Mister 1000|Gholdengo|100/100
|-damage|p2a: Mister 1000|94/100|[from] Stealth Rock
|move|p1a: Kyurem|Freeze-Dry|p2a: Mister 1000
|-resisted|p2a: Mister 1000
|-damage|p2a: Mister 1000|72/100
|
|upkeep
|turn|6
|
|t:|1769363252
|switch|p1a: Dragapult|Dragapult, M|95/100 brn
|move|p2a: Mister 1000|Trick|p1a: Dragapult
|-activate|p2a: Mister 1000|move: Trick|[of] p1a: Dragapult
|-item|p1a: Dragapult|Choice Scarf|[from] move: Trick
|-item|p2a: Mister 1000|Choice Band|[from] move: Trick
|
|-damage|p1a: Dragapult|89/100 brn|[from] brn
|upkeep
|turn|7
|
|t:|1769363262
|move|p1a: Dragapult|U-turn|p2a: Mister 1000
|-resisted|p2a: Mister 1000
|-damage|p2a: Mister 1000|69/100
|
|t:|1769363272
|switch|p1a: Ting-Lu|Ting-Lu|86/100|[from] U-turn
|-ability|p1a: Ting-Lu|Vessel of Ruin
|move|p2a: Mister 1000|Shadow Ball|p1a: Ting-Lu
|-resisted|p1a: Ting-Lu
|-damage|p1a: Ting-Lu|76/100
|
|upkeep
|turn|8
|
|t:|1769363280
|switch|p2a: Lava Chicken|Moltres|51/100
|switch|p1a: Kyurem|Kyurem|100/100
|-ability|p1a: Kyurem|Pressure
|
|upkeep
|turn|9
|
|t:|1769363291
|switch|p2a: Red Comet|Scizor, F|100/100
|-damage|p2a: Red Comet|88/100|[from] Stealth Rock
|move|p1a: Kyurem|Freeze-Dry|p2a: Red Comet
|-resisted|p2a: Red Comet
|-damage|p2a: Red Comet|62/100
|
|upkeep
|turn|10
|inactive|Terabyte_HH has 120 seconds left.
|
|t:|1769363323
|switch|p1a: Alomomola|Alomomola, M|100/100
|move|p2a: Red Comet|U-turn|p1a: Alomomola
|-damage|p1a: Alomomola|66/100
|-damage|p2a: Red Comet|45/100|[from] item: Rocky Helmet|[of] p1a: Alomomola
|
|t:|1769363345
|switch|p2a: Big Sushi Enjoyer|Abomasnow, M|100/100|[from] U-turn
|-weather|Snowscape|[from] ability: Snow Warning|[of] p2a: Big Sushi Enjoyer
|
|-weather|Snowscape|[upkeep]
|upkeep
|turn|11
|
|t:|1769363349
|switch|p1a: Corviknight|Corviknight, M|100/100
|-ability|p1a: Corviknight|Pressure
|move|p2a: Big Sushi Enjoyer|Aurora Veil|p2a: Big Sushi Enjoyer
|-sidestart|p2: Magenta Maylene|move: Aurora Veil
|
|-weather|Snowscape|[upkeep]
|upkeep
|turn|12
|
|t:|1769363374
|switch|p2a: Mister 1000|Gholdengo|69/100
|-damage|p2a: Mister 1000|63/100|[from] Stealth Rock
|move|p1a: Corviknight|U-turn|p2a: Mister 1000
|-resisted|p2a: Mister 1000
|-damage|p2a: Mister 1000|61/100
|
|t:|1769363402
|switch|p1a: Dragapult|Dragapult, M|89/100 brn|[from] U-turn
|
|-weather|Snowscape|[upkeep]
|-damage|p1a: Dragapult|83/100 brn|[from] brn
|upkeep
|turn|13
|
|t:|1769363407
|move|p1a: Dragapult|U-turn|p2a: Mister 1000
|-resisted|p2a: Mister 1000
|-damage|p2a: Mister 1000|58/100
|
|t:|1769363410
|switch|p1a: Ting-Lu|Ting-Lu|76/100|[from] U-turn
|-ability|p1a: Ting-Lu|Vessel of Ruin
|move|p2a: Mister 1000|Trick|p1a: Ting-Lu
|-activate|p2a: Mister 1000|move: Trick|[of] p1a: Ting-Lu
|-item|p1a: Ting-Lu|Choice Band|[from] move: Trick
|-enditem|p2a: Mister 1000|Choice Band|[silent]|[from] move: Trick
|
|-weather|Snowscape|[upkeep]
|upkeep
|turn|14
|
|t:|1769363422
|switch|p2a: Maus x Family|Maushold-Four|100/100
|-damage|p2a: Maus x Family|88/100|[from] Stealth Rock
|move|p1a: Ting-Lu|Ruination|p2a: Maus x Family|[miss]
|-miss|p1a: Ting-Lu|p2a: Maus x Family
|
|-weather|none
|upkeep
|turn|15
|
|t:|1769363431
|switch|p2a: Lava Chicken|Moltres|51/100
|switch|p1a: Dragapult|Dragapult, M|83/100 brn
|
|-damage|p1a: Dragapult|77/100 brn|[from] brn
|-sideend|p2: Magenta Maylene|move: Aurora Veil
|upkeep
|turn|16
|
|t:|1769363435
|move|p1a: Dragapult|Dragon Darts|p2a: Lava Chicken
|-damage|p2a: Lava Chicken|41/100
|-anim|p1a: Dragapult|Dragon Darts|p2a: Lava Chicken
|-damage|p2a: Lava Chicken|32/100
|move|p2a: Lava Chicken|U-turn|p1a: Dragapult
|-resisted|p1a: Dragapult
|-damage|p1a: Dragapult|67/100 brn
|
|t:|1769363445
|switch|p2a: The Boy|Clodsire, M|92/100|[from] U-turn
|-damage|p2a: The Boy|86/100|[from] Stealth Rock
|
|-heal|p2a: The Boy|92/100|[from] item: Leftovers
|-damage|p1a: Dragapult|61/100 brn|[from] brn
|upkeep
|turn|17
|
|t:|1769363466
|switch|p1a: Ting-Lu|Ting-Lu|76/100
|-ability|p1a: Ting-Lu|Vessel of Ruin
|move|p2a: The Boy|Stealth Rock|p1a: Ting-Lu
|-sidestart|p1: Terabyte_HH|move: Stealth Rock
|
|-heal|p2a: The Boy|98/100|[from] item: Leftovers
|upkeep
|turn|18
|
|t:|1769363486
|switch|p2a: Lava Chicken|Moltres|32/100
|move|p1a: Ting-Lu|Earthquake|p2a: Lava Chicken
|-immune|p2a: Lava Chicken
|
|upkeep
|turn|19
|
|t:|1769363494
|switch|p1a: Dragapult|Dragapult, M|61/100 brn
|-damage|p1a: Dragapult|49/100 brn|[from] Stealth Rock
|move|p2a: Lava Chicken|Roost|p2a: Lava Chicken
|-heal|p2a: Lava Chicken|82/100
|-singleturn|p2a: Lava Chicken|move: Roost
|
|-damage|p1a: Dragapult|43/100 brn|[from] brn
|upkeep
|turn|20
|
|t:|1769363503
|move|p1a: Dragapult|U-turn|p2a: Lava Chicken
|-resisted|p2a: Lava Chicken
|-damage|p2a: Lava Chicken|80/100
|
|t:|1769363508
|switch|p1a: Weezing|Weezing-Galar, F|100/100|[from] U-turn
|-ability|p1a: Weezing|Neutralizing Gas
|-damage|p1a: Weezing|88/100|[from] Stealth Rock
|move|p2a: Lava Chicken|Flamethrower|p1a: Weezing
|-damage|p1a: Weezing|33/100
|
|-heal|p1a: Weezing|39/100|[from] item: Leftovers
|upkeep
|turn|21
|
|t:|1769363517
|move|p2a: Lava Chicken|Flamethrower|p1a: Weezing
|-damage|p1a: Weezing|0 fnt
|faint|p1a: Weezing
|-end|p1a: Weezing|ability: Neutralizing Gas
|
|upkeep
|-message|Terabyte_HH forfeited.
|
|win|Magenta Maylene
|raw|Terabyte_HH's rating: 1437 &rarr; <strong>1418</strong><br />(-19 for losing)
|raw|Magenta Maylene's rating: 1446 &rarr; <strong>1465</strong><br />(+19 for winning)
|l|☆Terabyte_HH
|player|p1|
|l|☆Magenta Maylene
|player|p2|
