|j|☆Chun-Lili
|j|☆Motisma Z
|t:|1769429830
|gametype|singles
|player|p1|Chun-Lili|battlegirl|1525
|player|p2|Motisma Z|guitarist|1490
|gen|9
|tier|[Gen 9] OU
|rated|
|rule|HP Percentage Mod: HP is shown in percentages
|rule|Endless Battle Clause: Forcing endless battles is banned
|rule|Species Clause: Limit one of each Pokémon
|rule|OHKO Clause: OHKO moves are banned
|rule|Evasion Items Clause: Evasion items are banned
|rule|Evasion Moves Clause: Evasion moves are banned
|rule|Evasion Abilities Clause: Evasion abilities are banned
|rule|Sleep Moves Clause: Sleep-inducing moves are banned
|clearpoke
|poke|p1|Deoxys-Speed|
|poke|p1|Zamazenta-*|
|poke|p1|Ogerpon-Wellspring, F|
|poke|p1|Glimmora, F|
|poke|p1|Ceruledge, F|
|poke|p1|Necrozma|
|poke|p2|Darkrai|
|poke|p2|Samurott-Hisui, F|
|poke|p2|Kingambit, M|
|poke|p2|Gholdengo|
|poke|p2|Moltres|
|poke|p2|Dragapult, F|
|teampreview
|inactive|Battle timer is ON: inactive players will automatically lose when time's up. (requested by Chun-Lili)
|
|t:|1769429839
|teamsize|p1|6
|teamsize|p2|6
|start
|switch|p1a: The Magician|Deoxys-Speed, shiny|100/100
|switch|p2a: Samurott|Samurott-Hisui, F|100/100
|-ability|p1a: The Magician|Pressure
|turn|1
|
|t:|1769429848
|move|p1a: The Magician|Reflect|p1a: The Magician
|-sidestart|p1: Chun-Lili|Reflect
|move|p2a: Samurott|Ceaseless Edge|p1a: The Magician
|-supereffective|p1a: The Magician
|-damage|p1a: The Magician|45/100
|-sidestart|p1: Chun-Lili|Spikes
|
|upkeep
|turn|2
|
|t:|1769429855
|move|p1a: The Magician|Light Screen|p1a: The Magician
|-sidestart|p1: Chun-Lili|move: Light Screen
|move|p2a: Samurott|Taunt|p1a: The Magician
|-start|p1a: The Magician|move: Taunt
|
|upkeep
|turn|3
|
|t:|1769429860
|switch|p1a: The Star|Glimmora, F, shiny|100/100
|-damage|p1a: The Star|88/100|[from] Spikes
|move|p2a: Samurott|Ceaseless Edge|p1a: The Star
|-damage|p1a: The Star|60/100
|-activate|p1a: The Star|ability: Toxic Debris
|-sidestart|p2: Motisma Z|move: Toxic Spikes
|-sidestart|p1: Chun-Lili|Spikes
|
|upkeep
|turn|4
|
|t:|1769429875
|move|p1a: The Star|Mortal Spin|p2a: Samurott
|-damage|p2a: Samurott|94/100
|-status|p2a: Samurott|psn
|-sideend|p1: Chun-Lili|Spikes|[from] move: Mortal Spin|[of] p1a: The Star
|move|p2a: Samurott|Razor Shell|p1a: The Star
|-supereffective|p1a: The Star
|-damage|p1a: The Star|0 fnt
|-activate|p1a: The Star|ability: Toxic Debris
|-sidestart|p2: Motisma Z|move: Toxic Spikes
|faint|p1a: The Star
|
|-damage|p2a: Samurott|81/100 psn|[from] psn
|upkeep
|
|t:|1769429885
|switch|p1a: The Moon|Necrozma, shiny|100/100
|turn|5
|
|t:|1769429900
|move|p2a: Samurott|Ceaseless Edge|p1a: The Moon
|-supereffective|p1a: The Moon
|-damage|p1a: The Moon|73/100
|-enditem|p1a: The Moon|Weakness Policy
|-boost|p1a: The Moon|atk|2|[from] item: Weakness Policy
|-boost|p1a: The Moon|spa|2|[from] item: Weakness Policy
|-sidestart|p1: Chun-Lili|Spikes
|move|p1a: The Moon|Trick Room|p1a: The Moon
|-fieldstart|move: Trick Room|[of] p1a: The Moon
|
|-damage|p2a: Samurott|69/100 psn|[from] psn
|upkeep
|turn|6
|
|t:|1769429909
|-terastallize|p1a: The Moon|Fairy
|move|p1a: The Moon|Brick Break|p2a: Samurott
|-supereffective|p2a: Samurott
|-damage|p2a: Samurott|0 fnt
|faint|p2a: Samurott
|
|upkeep
|
|t:|1769429918
|switch|p2a: Gholdengo|Gholdengo|100/100
|-item|p2a: Gholdengo|Air Balloon
|turn|7
|
|t:|1769429921
|move|p1a: The Moon|Dark Pulse|p2a: Gholdengo
|-supereffective|p2a: Gholdengo
|-damage|p2a: Gholdengo|0 fnt
|-enditem|p2a: Gholdengo|Air Balloon
|faint|p2a: Gholdengo
|
|upkeep
|
|t:|1769429931
|switch|p2a: Moltres|Moltres|100/100
|turn|8
|
|t:|1769429935
|switch|p2a: Darkrai|Darkrai|100/100
|-status|p2a: Darkrai|tox
|move|p1a: The Moon|Photon Geyser|p2a: Darkrai
|-immune|p2a: Darkrai
|
|-damage|p2a: Darkrai|94/100 tox|[from] psn
|-sideend|p1: Chun-Lili|Reflect
|upkeep
|turn|9
|
|t:|1769429943
|-terastallize|p2a: Darkrai|Poison
|move|p1a: The Moon|Brick Break|p2a: Darkrai
|-resisted|p2a: Darkrai
|-damage|p2a: Darkrai|69/100 tox
|move|p2a: Darkrai|Sludge Bomb|p1a: The Moon
|-supereffective|p1a: The Moon
|-damage|p1a: The Moon|38/100
|
|-damage|p2a: Darkrai|57/100 tox|[from] psn
|-sideend|p1: Chun-Lili|move: Light Screen
|-fieldend|move: Trick Room
|upkeep
|turn|10
|
|t:|1769429952
|move|p2a: Darkrai|Sludge Bomb|p1a: The Moon
|-supereffective|p1a: The Moon
|-damage|p1a: The Moon|0 fnt
|faint|p1a: The Moon
|
|-damage|p2a: Darkrai|39/100 tox|[from] psn
|upkeep
|
|t:|1769429956
|switch|p1a: The Magician|Deoxys-Speed, shiny|45/100
|-damage|p1a: The Magician|33/100|[from] Spikes
|-ability|p1a: The Magician|Pressure
|turn|11
|
|t:|1769429963
|move|p2a: Darkrai|Sludge Bomb|p1a: The Magician
|-damage|p1a: The Magician|0 fnt
|faint|p1a: The Magician
|
|-damage|p2a: Darkrai|15/100 tox|[from] psn
|upkeep
|
|t:|1769429971
|switch|p1a: Justice|Ceruledge, F, shiny|100/100
|-damage|p1a: Justice|88/100|[from] Spikes
|turn|12
|
|t:|1769429978
|switch|p2a: Moltres|Moltres|100/100
|move|p1a: Justice|Swords Dance|p1a: Justice
|-boost|p1a: Justice|atk|2
|
|upkeep
|turn|13
|
|t:|1769429985
|move|p1a: Justice|Poltergeist|p2a: Moltres
|-activate|p2a: Moltres|move: Poltergeist|Heavy-Duty Boots
|-damage|p2a: Moltres|0 fnt
|faint|p2a: Moltres
|-damage|p1a: Justice|79/100|[from] item: Life Orb
|
|upkeep
|
|t:|1769429994
|switch|p2a: Darkrai|Darkrai, tera:Poison|15/100 tox
|-sideend|p2: Motisma Z|move: Toxic Spikes|[of] p2a: Darkrai
|turn|14
|
|t:|1769429997
|move|p1a: Justice|Shadow Sneak|p2a: Darkrai
|-damage|p2a: Darkrai|0 fnt
|faint|p2a: Darkrai
|-damage|p1a: Justice|69/100|[from] item: Life Orb
|
|upkeep
|
|t:|1769430002
|switch|p2a: Kingambit|Kingambit, M|100/100
|-activate|p2a: Kingambit|ability: Supreme Overlord
|-start|p2a: Kingambit|fallen4|[silent]
|turn|15
|
|t:|1769430007
|switch|p1a: The Tower|Zamazenta|100/100
|-damage|p1a: The Tower|88/100|[from] Spikes
|-ability|p1a: The Tower|Dauntless Shield|boost
|-boost|p1a: The Tower|def|1
|move|p2a: Kingambit|Kowtow Cleave|p1a: The Tower
|-resisted|p1a: The Tower
|-damage|p1a: The Tower|71/100
|
|-heal|p1a: The Tower|77/100|[from] item: Leftovers
|upkeep
|turn|16
|
|t:|1769430017
|-end|p2a: Kingambit|fallen4|[silent]
|switch|p2a: Dragapult|Dragapult, F|100/100
|move|p1a: The Tower|Crunch|p2a: Dragapult
|-supereffective|p2a: Dragapult
|-damage|p2a: Dragapult|46/100
|
|-heal|p1a: The Tower|83/100|[from] item: Leftovers
|upkeep
|turn|17
|
|t:|1769430027
|move|p2a: Dragapult|Will-O-Wisp|p1a: The Tower|[miss]
|-miss|p2a: Dragapult|p1a: The Tower
|move|p1a: The Tower|Crunch|p2a: Dragapult
|-supereffective|p2a: Dragapult
|-damage|p2a: Dragapult|0 fnt
|faint|p2a: Dragapult
|
|-heal|p1a: The Tower|89/100|[from] item: Leftovers
|upkeep
|-message|Motisma Z forfeited.
|
|win|Chun-Lili
|raw|Chun-Lili's rating: 1525 &rarr; <strong>1543</strong><br />(+18 for winning)
|raw|Motisma Z's rating: 1490 &rarr; <strong>1472</strong><br />(-18 for losing)
|l|☆Motisma Z
|player|p2|
|l|☆Chun-Lili
|player|p1|
