|j|☆marc3lolxd
|j|☆ApollosNuh
|t:|1769397916
|gametype|singles
|player|p1|marc3lolxd|clerkf|1103
|player|p2|ApollosNuh|n|1134
|gen|9
|tier|[Gen 9] OU
|rated|
|rule|HP Percentage Mod: HP is shown in percentages
|rule|Endless Battle Clause: Forcing endless battles is banned
|rule|Species Clause: Limit one of each Pokémon
|rule|OHKO Clause: OHKO moves are banned
|rule|Evasion Items Clause: Evasion items are banned
|rule|Evasion Moves Clause: Evasion moves are banned
|rule|Evasion Abilities Clause: Evasion abilities are banned
|rule|Sleep Moves Clause: Sleep-inducing moves are banned
|clearpoke
|poke|p1|Pecharunt|
|poke|p1|Sandy Shocks|
|poke|p1|Rabsca, M|
|poke|p1|Volcanion|
|poke|p1|Bronzong|
|poke|p1|Tauros-Paldea-Aqua, M|
|poke|p2|Ribombee, F|
|poke|p2|Ceruledge, F|
|poke|p2|Great Tusk|
|poke|p2|Hydreigon, M|
|poke|p2|Gholdengo|
|poke|p2|Ogerpon-Wellspring, F|
|teampreview
|inactive|Battle timer is ON: inactive players will automatically lose when time's up. (requested by ApollosNuh)
|
|t:|1769397922
|teamsize|p1|6
|teamsize|p2|6
|start
|switch|p1a: Bronzong|Bronzong, shiny|100/100
|switch|p2a: Ribombee|Ribombee, F|100/100
|turn|1
|
|t:|1769397933
|move|p2a: Ribombee|Sticky Web|p1a: Bronzong
|-sidestart|p1: marc3lolxd|move: Sticky Web
|move|p1a: Bronzong|Stealth Rock|p2a: Ribombee
|-sidestart|p2: ApollosNuh|move: Stealth Rock
|
|upkeep
|turn|2
|
|t:|1769397941
|move|p2a: Ribombee|Skill Swap|p1a: Bronzong
|-activate|p2a: Ribombee|move: Skill Swap|Levitate|Shield Dust|[of] p1a: Bronzong
|move|p1a: Bronzong|Psychic|p2a: Ribombee
|-damage|p2a: Ribombee|57/100
|
|upkeep
|turn|3
|
|t:|1769397951
|move|p2a: Ribombee|Moonblast|p1a: Bronzong
|-resisted|p1a: Bronzong
|-damage|p1a: Bronzong|86/100
|move|p1a: Bronzong|Psychic|p2a: Ribombee
|-damage|p2a: Ribombee|15/100
|
|-heal|p1a: Bronzong|92/100|[from] item: Leftovers
|upkeep
|turn|4
|
|t:|1769397956
|move|p2a: Ribombee|Moonblast|p1a: Bronzong
|-resisted|p1a: Bronzong
|-damage|p1a: Bronzong|76/100
|move|p1a: Bronzong|Psychic|p2a: Ribombee
|-damage|p2a: Ribombee|0 fnt
|faint|p2a: Ribombee
|
|-heal|p1a: Bronzong|82/100|[from] item: Leftovers
|upkeep
|
|t:|1769397965
|switch|p2a: Achilles|Ceruledge, F|100/100
|-damage|p2a: Achilles|76/100|[from] Stealth Rock
|turn|5
|
|t:|1769397973
|move|p2a: Achilles|Bitter Blade|p1a: Bronzong
|-supereffective|p1a: Bronzong
|-damage|p1a: Bronzong|11/100
|-heal|p2a: Achilles|100/100|[from] drain|[of] p1a: Bronzong
|move|p1a: Bronzong|Earthquake|p2a: Achilles
|-supereffective|p2a: Achilles
|-damage|p2a: Achilles|37/100
|-ability|p2a: Achilles|Weak Armor|boost
|-unboost|p2a: Achilles|def|1
|-boost|p2a: Achilles|spe|2
|
|-heal|p1a: Bronzong|18/100|[from] item: Leftovers
|upkeep
|turn|6
|
|t:|1769397982
|move|p2a: Achilles|Bitter Blade|p1a: Bronzong
|-supereffective|p1a: Bronzong
|-damage|p1a: Bronzong|0 fnt
|-heal|p2a: Achilles|47/100|[from] drain|[of] p1a: Bronzong
|faint|p1a: Bronzong
|
|upkeep
|
|t:|1769397996
|switch|p1a: Rabsca|Rabsca, M, shiny|100/100
|turn|7
|
|t:|1769398002
|move|p2a: Achilles|Shadow Sneak|p1a: Rabsca
|-supereffective|p1a: Rabsca
|-damage|p1a: Rabsca|70/100
|move|p1a: Rabsca|Bug Buzz|p2a: Achilles
|-resisted|p2a: Achilles
|-damage|p2a: Achilles|36/100
|
|upkeep
|turn|8
|
|t:|1769398008
|move|p2a: Achilles|Bitter Blade|p1a: Rabsca
|-supereffective|p1a: Rabsca
|-damage|p1a: Rabsca|0 fnt
|-heal|p2a: Achilles|79/100|[from] drain|[of] p1a: Rabsca
|faint|p1a: Rabsca
|
|upkeep
|
|t:|1769398014
|switch|p1a: Volcanion|Volcanion|100/100
|-activate|p1a: Volcanion|move: Sticky Web
|-unboost|p1a: Volcanion|spe|1
|turn|9
|
|t:|1769398021
|move|p2a: Achilles|Poltergeist|p1a: Volcanion
|-activate|p1a: Volcanion|move: Poltergeist|Assault Vest
|-damage|p1a: Volcanion|56/100
|move|p1a: Volcanion|Steam Eruption|p2a: Achilles
|-supereffective|p2a: Achilles
|-damage|p2a: Achilles|0 fnt
|faint|p2a: Achilles
|
|upkeep
|
|t:|1769398031
|switch|p2a: Cerberus|Hydreigon, M|100/100
|-damage|p2a: Cerberus|88/100|[from] Stealth Rock
|turn|10
|
|t:|1769398049
|move|p2a: Cerberus|Dragon Pulse|p1a: Volcanion
|-damage|p1a: Volcanion|17/100
|-damage|p2a: Cerberus|78/100|[from] item: Life Orb
|move|p1a: Volcanion|Sludge Bomb|p2a: Cerberus
|-damage|p2a: Cerberus|42/100
|
|upkeep
|turn|11
|
|t:|1769398058
|move|p2a: Cerberus|Dragon Pulse|p1a: Volcanion
|-damage|p1a: Volcanion|0 fnt
|faint|p1a: Volcanion
|-damage|p2a: Cerberus|32/100|[from] item: Life Orb
|
|upkeep
|
|t:|1769398059
|switch|p1a: Pecharunt|Pecharunt|100/100
|-activate|p1a: Pecharunt|move: Sticky Web
|-unboost|p1a: Pecharunt|spe|1
|turn|12
|
|t:|1769398067
|move|p2a: Cerberus|Dark Pulse|p1a: Pecharunt
|-supereffective|p1a: Pecharunt
|-damage|p1a: Pecharunt|20/100
|-damage|p2a: Cerberus|22/100|[from] item: Life Orb
|move|p1a: Pecharunt|Malignant Chain|p2a: Cerberus
|-damage|p2a: Cerberus|0 fnt
|faint|p2a: Cerberus
|
|-heal|p1a: Pecharunt|26/100|[from] item: Leftovers
|upkeep
|
|t:|1769398080
|switch|p2a: Gholdengo|Gholdengo|100/100
|-damage|p2a: Gholdengo|94/100|[from] Stealth Rock
|-item|p2a: Gholdengo|Air Balloon
|turn|13
|
|t:|1769398088
|move|p2a: Gholdengo|Shadow Ball|p1a: Pecharunt
|-supereffective|p1a: Pecharunt
|-damage|p1a: Pecharunt|0 fnt
|faint|p1a: Pecharunt
|
|upkeep
|
|t:|1769398091
|switch|p1a: Tauros|Tauros-Paldea-Aqua, M, shiny|100/100
|-activate|p1a: Tauros|move: Sticky Web
|-unboost|p1a: Tauros|spe|1
|-ability|p1a: Tauros|Intimidate|boost
|-unboost|p2a: Gholdengo|atk|1
|turn|14
|
|t:|1769398098
|move|p2a: Gholdengo|Make It Rain|p1a: Tauros
|-resisted|p1a: Tauros
|-damage|p1a: Tauros|48/100
|-unboost|p2a: Gholdengo|spa|1
|move|p1a: Tauros|Close Combat|p2a: Gholdengo
|-immune|p2a: Gholdengo
|
|upkeep
|turn|15
|
|t:|1769398106
|-terastallize|p1a: Tauros|Psychic
|move|p2a: Gholdengo|Nasty Plot|p2a: Gholdengo
|-boost|p2a: Gholdengo|spa|2
|move|p1a: Tauros|Close Combat|p2a: Gholdengo
|-immune|p2a: Gholdengo
|
|upkeep
|turn|16
|
|t:|1769398117
|move|p2a: Gholdengo|Shadow Ball|p1a: Tauros
|-supereffective|p1a: Tauros
|-damage|p1a: Tauros|0 fnt
|faint|p1a: Tauros
|
|upkeep
|
|t:|1769398120
|switch|p1a: Sandy Shocks|Sandy Shocks, shiny|100/100
|-activate|p1a: Sandy Shocks|move: Sticky Web
|-unboost|p1a: Sandy Shocks|spe|1
|-enditem|p1a: Sandy Shocks|Booster Energy
|-activate|p1a: Sandy Shocks|ability: Protosynthesis|[fromitem]
|-start|p1a: Sandy Shocks|protosynthesisspa
|turn|17
|
|t:|1769398126
|move|p2a: Gholdengo|Make It Rain|p1a: Sandy Shocks
|-resisted|p1a: Sandy Shocks
|-damage|p1a: Sandy Shocks|45/100
|-unboost|p2a: Gholdengo|spa|1
|move|p1a: Sandy Shocks|Earth Power|p2a: Gholdengo
|-immune|p2a: Gholdengo
|
|upkeep
|turn|18
|
|t:|1769398130
|move|p2a: Gholdengo|Make It Rain|p1a: Sandy Shocks
|-resisted|p1a: Sandy Shocks
|-damage|p1a: Sandy Shocks|8/100
|-unboost|p2a: Gholdengo|spa|1
|move|p1a: Sandy Shocks|Earth Power|p2a: Gholdengo
|-immune|p2a: Gholdengo
|
|upkeep
|turn|19
|
|t:|1769398141
|move|p2a: Gholdengo|Shadow Ball|p1a: Sandy Shocks
|-damage|p1a: Sandy Shocks|0 fnt
|faint|p1a: Sandy Shocks
|-end|p1a: Sandy Shocks|Protosynthesis|[silent]
|
|win|ApollosNuh
|raw|marc3lolxd's rating: 1103 &rarr; <strong>1080</strong><br />(-23 for losing)
|raw|ApollosNuh's rating: 1134 &rarr; <strong>1157</strong><br />(+23 for winning)
|l|☆marc3lolxd
|player|p1|
|l|☆ApollosNuh
|player|p2|
