|j|☆plol1
|j|☆colbarr
|t:|1769407601
|gametype|singles
|player|p1|plol1|preschooler|1101
|player|p2|colbarr|silver|1101
|gen|9
|tier|[Gen 9] OU
|rated|
|rule|HP Percentage Mod: HP is shown in percentages
|rule|Endless Battle Clause: Forcing endless battles is banned
|rule|Species Clause: Limit one of each Pokémon
|rule|OHKO Clause: OHKO moves are banned
|rule|Evasion Items Clause: Evasion items are banned
|rule|Evasion Moves Clause: Evasion moves are banned
|rule|Evasion Abilities Clause: Evasion abilities are banned
|rule|Sleep Moves Clause: Sleep-inducing moves are banned
|clearpoke
|poke|p1|Pelipper, M|
|poke|p1|Politoed, M|
|poke|p1|Manaphy|
|poke|p1|Whiscash, F|
|poke|p1|Golduck, F|
|poke|p1|Barraskewda, F|
|poke|p2|Toxapex, F|
|poke|p2|Gliscor, M|
|poke|p2|Blissey, F|
|poke|p2|Clodsire, F|
|poke|p2|Dondozo, M|
|poke|p2|Corviknight, M|
|teampreview
|inactive|Battle timer is ON: inactive players will automatically lose when time's up. (requested by plol1)
|
|t:|1769407649
|teamsize|p1|6
|teamsize|p2|6
|start
|switch|p1a: Politoed|Politoed, M|100/100
|switch|p2a: Toxapex|Toxapex, F, shiny|100/100
|-weather|RainDance|[from] ability: Drizzle|[of] p1a: Politoed
|turn|1
|
|t:|1769407658
|switch|p1a: Whiscash|Whiscash, F|100/100
|move|p2a: Toxapex|Toxic Spikes|p1a: Whiscash
|-sidestart|p1: plol1|move: Toxic Spikes
|
|-weather|RainDance|[upkeep]
|upkeep
|turn|2
|
|t:|1769407665
|move|p1a: Whiscash|Whirlpool|p2a: Toxapex
|-resisted|p2a: Toxapex
|-damage|p2a: Toxapex|95/100
|-activate|p2a: Toxapex|move: Whirlpool|[of] p1a: Whiscash
|move|p2a: Toxapex|Toxic|p1a: Whiscash
|-status|p1a: Whiscash|tox
|
|-weather|RainDance|[upkeep]
|-activate|p1a: Whiscash|ability: Hydration
|-curestatus|p1a: Whiscash|tox|[msg]
|-damage|p2a: Toxapex|82/100|[from] move: Whirlpool|[partiallytrapped]
|upkeep
|turn|3
|
|t:|1769407687
|move|p1a: Whiscash|Earthquake|p2a: Toxapex
|-supereffective|p2a: Toxapex
|-damage|p2a: Toxapex|32/100
|move|p2a: Toxapex|Recover|p2a: Toxapex
|-heal|p2a: Toxapex|82/100
|
|-weather|RainDance|[upkeep]
|-damage|p2a: Toxapex|70/100|[from] move: Whirlpool|[partiallytrapped]
|upkeep
|turn|4
|
|t:|1769407696
|move|p1a: Whiscash|Spark|p2a: Toxapex
|-supereffective|p2a: Toxapex
|-damage|p2a: Toxapex|47/100
|move|p2a: Toxapex|Recover|p2a: Toxapex
|-heal|p2a: Toxapex|97/100
|
|-weather|RainDance|[upkeep]
|-damage|p2a: Toxapex|84/100|[from] move: Whirlpool|[partiallytrapped]
|upkeep
|turn|5
|
|t:|1769407703
|move|p1a: Whiscash|Spark|p2a: Toxapex
|-supereffective|p2a: Toxapex
|-damage|p2a: Toxapex|59/100
|-status|p2a: Toxapex|par
|move|p2a: Toxapex|Toxic Spikes|p1a: Whiscash
|-sidestart|p1: plol1|move: Toxic Spikes
|
|-weather|RainDance|[upkeep]
|-damage|p2a: Toxapex|46/100 par|[from] move: Whirlpool|[partiallytrapped]
|upkeep
|turn|6
|
|t:|1769407710
|-terastallize|p2a: Toxapex|Steel
|move|p1a: Whiscash|Earthquake|p2a: Toxapex
|-supereffective|p2a: Toxapex
|-damage|p2a: Toxapex|0 fnt
|faint|p2a: Toxapex
|
|-weather|RainDance|[upkeep]
|upkeep
|
|t:|1769407737
|switch|p2a: Dondozo|Dondozo, M, shiny|100/100
|turn|7
|
|t:|1769407742
|move|p1a: Whiscash|Whirlpool|p2a: Dondozo
|-resisted|p2a: Dondozo
|-damage|p2a: Dondozo|94/100
|-activate|p2a: Dondozo|move: Whirlpool|[of] p1a: Whiscash
|move|p2a: Dondozo|Body Press|p1a: Whiscash
|-crit|p1a: Whiscash
|-damage|p1a: Whiscash|57/100
|-damage|p2a: Dondozo|77/100|[from] item: Rocky Helmet|[of] p1a: Whiscash
|
|-weather|RainDance|[upkeep]
|-damage|p2a: Dondozo|65/100|[from] move: Whirlpool|[partiallytrapped]
|upkeep
|turn|8
|
|t:|1769407751
|move|p1a: Whiscash|Spark|p2a: Dondozo
|-supereffective|p2a: Dondozo
|-damage|p2a: Dondozo|50/100
|move|p2a: Dondozo|Rest|p2a: Dondozo
|-status|p2a: Dondozo|slp|[from] move: Rest
|-heal|p2a: Dondozo|100/100 slp|[silent]
|
|-weather|none
|-damage|p2a: Dondozo|88/100 slp|[from] move: Whirlpool|[partiallytrapped]
|upkeep
|turn|9
|
|t:|1769407759
|switch|p1a: Pelipper|Pelipper, M|100/100
|-weather|RainDance|[from] ability: Drizzle|[of] p1a: Pelipper
|cant|p2a: Dondozo|slp
|move|p2a: Dondozo|Sleep Talk|p2a: Dondozo
|move|p2a: Dondozo|Avalanche|p1a: Pelipper|[from] move: Sleep Talk
|-damage|p1a: Pelipper|89/100
|
|-weather|RainDance|[upkeep]
|-end|p2a: Dondozo|Whirlpool|[partiallytrapped]|[silent]
|upkeep
|turn|10
|inactive|colbarr has 120 seconds left.
|
|t:|1769407797
|switch|p2a: Corviknight|Corviknight, M|100/100
|-ability|p2a: Corviknight|Pressure
|move|p1a: Pelipper|Hurricane|p2a: Corviknight
|-resisted|p2a: Corviknight
|-damage|p2a: Corviknight|82/100
|-start|p2a: Corviknight|confusion
|
|-weather|RainDance|[upkeep]
|-heal|p2a: Corviknight|88/100|[from] item: Leftovers
|upkeep
|turn|11
|inactive|colbarr has 120 seconds left.
|
|t:|1769407810
|-activate|p2a: Corviknight|confusion
|move|p2a: Corviknight|Brave Bird|p1a: Pelipper
|-damage|p1a: Pelipper|61/100
|-damage|p2a: Corviknight|80/100|[from] Recoil
|move|p1a: Pelipper|Weather Ball|p2a: Corviknight
|-damage|p2a: Corviknight|31/100
|
|-weather|RainDance|[upkeep]
|-heal|p2a: Corviknight|37/100|[from] item: Leftovers
|upkeep
|turn|12
|inactive|colbarr has 120 seconds left.
|
|t:|1769407820
|-activate|p2a: Corviknight|confusion
|move|p2a: Corviknight|Protect|p2a: Corviknight
|-singleturn|p2a: Corviknight|Protect
|move|p1a: Pelipper|Roost|p1a: Pelipper
|-heal|p1a: Pelipper|100/100
|-singleturn|p1a: Pelipper|move: Roost
|
|-weather|RainDance|[upkeep]
|-heal|p2a: Corviknight|43/100|[from] item: Leftovers
|upkeep
|turn|13
|inactive|colbarr has 120 seconds left.
|
|t:|1769407827
|-activate|p2a: Corviknight|confusion
|-damage|p2a: Corviknight|37/100|[from] confusion
|move|p1a: Pelipper|Weather Ball|p2a: Corviknight
|-damage|p2a: Corviknight|0 fnt
|faint|p2a: Corviknight
|
|-weather|RainDance|[upkeep]
|upkeep
|inactive|colbarr has 120 seconds left.
|-message|colbarr forfeited.
|
|win|plol1
|raw|plol1's rating: 1101 &rarr; <strong>1126</strong><br />(+25 for winning)
|raw|colbarr's rating: 1101 &rarr; <strong>1076</strong><br />(-25 for losing)
|l|☆colbarr
|player|p2|
|l|☆plol1
|player|p1|
