|j|☆niloswan
|j|☆Leap Call
|t:|1769372879
|gametype|singles
|player|p1|niloswan|zinzolin|1479
|player|p2|Leap Call|266|1522
|gen|9
|tier|[Gen 9] OU
|rated|
|rule|HP Percentage Mod: HP is shown in percentages
|rule|Endless Battle Clause: Forcing endless battles is banned
|rule|Species Clause: Limit one of each Pokémon
|rule|OHKO Clause: OHKO moves are banned
|rule|Evasion Items Clause: Evasion items are banned
|rule|Evasion Moves Clause: Evasion moves are banned
|rule|Evasion Abilities Clause: Evasion abilities are banned
|rule|Sleep Moves Clause: Sleep-inducing moves are banned
|clearpoke
|poke|p1|Zamazenta-*|
|poke|p1|Hydrapple, F|
|poke|p1|Glimmora, M|
|poke|p1|Scizor, F|
|poke|p1|Ogerpon-Wellspring, F|
|poke|p1|Dragapult, M|
|poke|p2|Cinderace, F|
|poke|p2|Lokix, M|
|poke|p2|Corviknight, F|
|poke|p2|Garganacl, M|
|poke|p2|Dragapult, F|
|poke|p2|Excadrill, M|
|teampreview
|inactive|Battle timer is ON: inactive players will automatically lose when time's up. (requested by niloswan)
|inactive|niloswan has 120 seconds left.
|
|t:|1769372912
|teamsize|p1|6
|teamsize|p2|6
|start
|switch|p1a: Zamazenta|Zamazenta|100/100
|switch|p2a: Ejac|Dragapult, F, shiny|100/100
|-ability|p1a: Zamazenta|Dauntless Shield|boost
|-boost|p1a: Zamazenta|def|1
|turn|1
|
|t:|1769372921
|move|p2a: Ejac|Will-O-Wisp|p1a: Zamazenta
|-status|p1a: Zamazenta|brn
|move|p1a: Zamazenta|Crunch|p2a: Ejac
|-supereffective|p2a: Ejac
|-damage|p2a: Ejac|71/100
|
|-damage|p1a: Zamazenta|94/100 brn|[from] brn
|upkeep
|turn|2
|
|t:|1769372928
|switch|p2a: Kniggit|Corviknight, F|100/100
|move|p1a: Zamazenta|Iron Defense|p1a: Zamazenta
|-boost|p1a: Zamazenta|def|2
|
|-damage|p1a: Zamazenta|88/100 brn|[from] brn
|upkeep
|turn|3
|
|t:|1769372935
|move|p1a: Zamazenta|Iron Defense|p1a: Zamazenta
|-boost|p1a: Zamazenta|def|2
|move|p2a: Kniggit|Iron Defense|p2a: Kniggit
|-boost|p2a: Kniggit|def|2
|
|-damage|p1a: Zamazenta|82/100 brn|[from] brn
|upkeep
|turn|4
|
|t:|1769372943
|move|p1a: Zamazenta|Crunch|p2a: Kniggit
|-damage|p2a: Kniggit|97/100
|-damage|p1a: Zamazenta|65/100 brn|[from] item: Rocky Helmet|[of] p2a: Kniggit
|move|p2a: Kniggit|Iron Defense|p2a: Kniggit
|-boost|p2a: Kniggit|def|2
|
|-damage|p1a: Zamazenta|59/100 brn|[from] brn
|upkeep
|turn|5
|
|t:|1769372955
|switch|p1a: Dragapult|Dragapult, M|100/100
|move|p2a: Kniggit|U-turn|p1a: Dragapult
|-resisted|p1a: Dragapult
|-damage|p1a: Dragapult|90/100
|inactive|Leap Call has 120 seconds left.
|
|t:|1769373009
|switch|p2a: Low Kicks|Lokix, M, shiny|100/100|[from] U-turn
|
|upkeep
|turn|6
|
|t:|1769373020
|-terastallize|p2a: Low Kicks|Bug
|move|p2a: Low Kicks|First Impression|p1a: Dragapult
|-resisted|p1a: Dragapult
|-damage|p1a: Dragapult|0 fnt
|faint|p1a: Dragapult
|
|upkeep
|
|t:|1769373036
|switch|p1a: Ogerpon|Ogerpon-Wellspring, F|100/100
|turn|7
|
|t:|1769373040
|switch|p2a: Kniggit|Corviknight, F|97/100
|move|p1a: Ogerpon|Swords Dance|p1a: Ogerpon
|-boost|p1a: Ogerpon|atk|2
|
|upkeep
|turn|8
|
|t:|1769373057
|-terastallize|p1a: Ogerpon|Water
|detailschange|p1a: Ogerpon|Ogerpon-Wellspring-Tera, F, tera:Water
|-ability|p1a: Ogerpon|Embody Aspect (Wellspring)|boost
|-boost|p1a: Ogerpon|spd|1
|move|p1a: Ogerpon|Ivy Cudgel|p2a: Kniggit|[anim] Ivy Cudgel Water
|-damage|p2a: Kniggit|0 fnt
|faint|p2a: Kniggit
|
|upkeep
|inactive|Leap Call has 120 seconds left.
|inactive|Leap Call has 90 seconds left.
|
|t:|1769373092
|switch|p2a: Low Kicks|Lokix, M, shiny, tera:Bug|100/100
|turn|9
|
|t:|1769373108
|switch|p1a: Scizor|Scizor, F|100/100
|move|p2a: Low Kicks|First Impression|p1a: Scizor
|-resisted|p1a: Scizor
|-damage|p1a: Scizor|22/100
|-enditem|p1a: Scizor|Sitrus Berry|[eat]
|-heal|p1a: Scizor|47/100|[from] item: Sitrus Berry
|
|upkeep
|turn|10
|
|t:|1769373117
|switch|p2a: Soul of Cinder|Cinderace, F|100/100
|move|p1a: Scizor|Knock Off|p2a: Soul of Cinder
|-damage|p2a: Soul of Cinder|45/100
|-enditem|p2a: Soul of Cinder|Heavy-Duty Boots|[from] move: Knock Off|[of] p1a: Scizor
|
|upkeep
|turn|11
|
|t:|1769373130
|switch|p1a: Glimmora|Glimmora, M|100/100
|move|p2a: Soul of Cinder|Pyro Ball|p1a: Glimmora
|-resisted|p1a: Glimmora
|-damage|p1a: Glimmora|68/100
|-activate|p1a: Glimmora|ability: Toxic Debris
|-sidestart|p2: Leap Call|move: Toxic Spikes
|
|upkeep
|turn|12
|
|t:|1769373140
|switch|p2a: Excadycadcad|Excadrill, M|100/100
|-ability|p2a: Excadycadcad|Mold Breaker
|-item|p2a: Excadycadcad|Air Balloon
|move|p1a: Glimmora|Meteor Beam||[still]
|-prepare|p1a: Glimmora|Meteor Beam
|-boost|p1a: Glimmora|spa|1
|-enditem|p1a: Glimmora|Power Herb
|-anim|p1a: Glimmora|Meteor Beam|p2a: Excadycadcad
|-resisted|p2a: Excadycadcad
|-damage|p2a: Excadycadcad|68/100
|-enditem|p2a: Excadycadcad|Air Balloon
|
|upkeep
|turn|13
|
|t:|1769373156
|move|p2a: Excadycadcad|Earthquake|p1a: Glimmora
|-supereffective|p1a: Glimmora
|-damage|p1a: Glimmora|0 fnt
|-activate|p1a: Glimmora|ability: Toxic Debris
|-sidestart|p2: Leap Call|move: Toxic Spikes
|faint|p1a: Glimmora
|
|upkeep
|
|t:|1769373163
|switch|p1a: Ogerpon|Ogerpon-Wellspring-Tera, F, tera:Water|100/100
|-ability|p1a: Ogerpon|Embody Aspect (Wellspring)|boost
|-boost|p1a: Ogerpon|spd|1
|turn|14
|inactive|Leap Call has 90 seconds left.
|
|t:|1769373206
|move|p1a: Ogerpon|Ivy Cudgel|p2a: Excadycadcad|[anim] Ivy Cudgel Water
|-supereffective|p2a: Excadycadcad
|-damage|p2a: Excadycadcad|0 fnt
|faint|p2a: Excadycadcad
|
|upkeep
|
|t:|1769373208
|switch|p2a: Low Kicks|Lokix, M, shiny, tera:Bug|100/100
|-status|p2a: Low Kicks|tox
|turn|15
|
|t:|1769373216
|switch|p1a: Zamazenta|Zamazenta|59/100 brn
|move|p2a: Low Kicks|First Impression|p1a: Zamazenta
|-resisted|p1a: Zamazenta
|-damage|p1a: Zamazenta|0 fnt
|faint|p1a: Zamazenta
|
|-damage|p2a: Low Kicks|94/100 tox|[from] psn
|upkeep
|
|t:|1769373238
|switch|p1a: Scizor|Scizor, F|47/100
|turn|16
|
|t:|1769373249
|switch|p2a: Gargle|Garganacl, M|100/100
|move|p1a: Scizor|Swords Dance|p1a: Scizor
|-boost|p1a: Scizor|atk|2
|
|upkeep
|turn|17
|
|t:|1769373261
|move|p1a: Scizor|Bullet Punch|p2a: Gargle
|-supereffective|p2a: Gargle
|-damage|p2a: Gargle|10/100
|move|p2a: Gargle|Salt Cure|p1a: Scizor
|-damage|p1a: Scizor|33/100
|-start|p1a: Scizor|Salt Cure
|
|-heal|p2a: Gargle|16/100|[from] item: Leftovers
|-damage|p1a: Scizor|8/100|[from] Salt Cure
|upkeep
|turn|18
|
|t:|1769373271
|switch|p1a: Ogerpon|Ogerpon-Wellspring-Tera, F, tera:Water|100/100
|-ability|p1a: Ogerpon|Embody Aspect (Wellspring)|boost
|-boost|p1a: Ogerpon|spd|1
|move|p2a: Gargle|Salt Cure|p1a: Ogerpon
|-damage|p1a: Ogerpon|83/100
|-start|p1a: Ogerpon|Salt Cure
|
|-heal|p2a: Gargle|22/100|[from] item: Leftovers
|-damage|p1a: Ogerpon|58/100|[from] Salt Cure
|upkeep
|turn|19
|inactive|Leap Call has 120 seconds left.
|
|t:|1769373282
|move|p1a: Ogerpon|Swords Dance|p1a: Ogerpon
|-boost|p1a: Ogerpon|atk|2
|move|p2a: Gargle|Salt Cure|p1a: Ogerpon
|-damage|p1a: Ogerpon|42/100
|
|-heal|p2a: Gargle|28/100|[from] item: Leftovers
|-damage|p1a: Ogerpon|17/100|[from] Salt Cure
|upkeep
|turn|20
|inactive|Leap Call has 120 seconds left.
|
|t:|1769373292
|move|p1a: Ogerpon|Horn Leech|p2a: Gargle
|-supereffective|p2a: Gargle
|-damage|p2a: Gargle|0 fnt
|-heal|p1a: Ogerpon|36/100|[from] drain|[of] p2a: Gargle
|faint|p2a: Gargle
|
|-damage|p1a: Ogerpon|11/100|[from] Salt Cure
|upkeep
|inactive|Leap Call has 120 seconds left.
|
|t:|1769373304
|switch|p2a: Soul of Cinder|Cinderace, F|45/100
|-status|p2a: Soul of Cinder|tox
|turn|21
|inactive|Leap Call has 120 seconds left.
|
|t:|1769373311
|move|p2a: Soul of Cinder|Pyro Ball|p1a: Ogerpon
|-resisted|p1a: Ogerpon
|-damage|p1a: Ogerpon|0 fnt
|faint|p1a: Ogerpon
|detailschange|p1: Ogerpon|Ogerpon-Wellspring, F|[silent]
|
|-damage|p2a: Soul of Cinder|39/100 tox|[from] psn
|upkeep
|
|t:|1769373325
|switch|p1a: Scizor|Scizor, F|8/100
|turn|22
|
|t:|1769373330
|move|p2a: Soul of Cinder|Sucker Punch|p1a: Scizor
|-start|p2a: Soul of Cinder|typechange|Dark|[from] ability: Libero
|-damage|p1a: Scizor|0 fnt
|faint|p1a: Scizor
|
|-damage|p2a: Soul of Cinder|27/100 tox|[from] psn
|upkeep
|
|t:|1769373337
|switch|p1a: Hydrapple|Hydrapple, F|100/100
|turn|23
|
|t:|1769373344
|move|p2a: Soul of Cinder|Gunk Shot|p1a: Hydrapple
|-supereffective|p1a: Hydrapple
|-damage|p1a: Hydrapple|46/100
|move|p1a: Hydrapple|Giga Drain|p2a: Soul of Cinder
|-damage|p2a: Soul of Cinder|0 fnt
|-heal|p1a: Hydrapple|56/100|[from] drain|[of] p2a: Soul of Cinder
|faint|p2a: Soul of Cinder
|-damage|p1a: Hydrapple|46/100|[from] item: Life Orb
|
|upkeep
|
|t:|1769373350
|switch|p2a: Low Kicks|Lokix, M, shiny, tera:Bug|94/100 tox
|turn|24
|c|☆Leap Call|gg
|c|☆niloswan|gg
|-message|niloswan forfeited.
|
|win|Leap Call
|raw|niloswan's rating: 1479 &rarr; <strong>1461</strong><br />(-18 for losing)
|raw|Leap Call's rating: 1522 &rarr; <strong>1540</strong><br />(+18 for winning)
|l|☆niloswan
|player|p1|
