|j|☆xsaulx
|j|☆about15gals
|t:|1769367775
|gametype|singles
|player|p1|xsaulx|101|
|player|p2|about15gals|miku-fairy|
|gen|9
|tier|[Gen 9] OU
|rule|HP Percentage Mod: HP is shown in percentages
|rule|Endless Battle Clause: Forcing endless battles is banned
|rule|Species Clause: Limit one of each Pokémon
|rule|OHKO Clause: OHKO moves are banned
|rule|Evasion Items Clause: Evasion items are banned
|rule|Evasion Moves Clause: Evasion moves are banned
|rule|Evasion Abilities Clause: Evasion abilities are banned
|rule|Sleep Moves Clause: Sleep-inducing moves are banned
|clearpoke
|poke|p1|Grimmsnarl, M|
|poke|p1|Iron Treads|
|poke|p1|Raging Bolt|
|poke|p1|Deoxys-Speed|
|poke|p1|Ogerpon-Wellspring, F|
|poke|p1|Ceruledge, M|
|poke|p2|Weavile, F|
|poke|p2|Pecharunt|
|poke|p2|Ting-Lu|
|poke|p2|Tinkaton, F|
|poke|p2|Keldeo-Resolute|
|poke|p2|Dragonite, F|
|teampreview
|c|☆xsaulx|glhf
|c|☆about15gals|u2
|
|t:|1769367809
|teamsize|p1|6
|teamsize|p2|6
|start
|switch|p1a: Iron Treads|Iron Treads|100/100
|switch|p2a: Yandere Era|Tinkaton, F|100/100
|-item|p2a: Yandere Era|Air Balloon
|-enditem|p1a: Iron Treads|Booster Energy
|-activate|p1a: Iron Treads|ability: Quark Drive|[fromitem]
|-start|p1a: Iron Treads|quarkdrivespe
|turn|1
|
|t:|1769367830
|move|p1a: Iron Treads|Rapid Spin|p2a: Yandere Era
|-resisted|p2a: Yandere Era
|-damage|p2a: Yandere Era|94/100
|-boost|p1a: Iron Treads|spe|1
|-enditem|p2a: Yandere Era|Air Balloon
|move|p2a: Yandere Era|Encore|p1a: Iron Treads
|-start|p1a: Iron Treads|Encore
|
|upkeep
|turn|2
|j| woopre
|
|t:|1769367844
|-end|p1a: Iron Treads|Quark Drive|[silent]
|switch|p1a: Grimmsnarl|Grimmsnarl, M|100/100
|move|p2a: Yandere Era|Stealth Rock|p1a: Grimmsnarl
|-sidestart|p1: xsaulx|move: Stealth Rock
|
|upkeep
|turn|3
|
|t:|1769367853
|move|p1a: Grimmsnarl|Taunt|p2a: Yandere Era
|-start|p2a: Yandere Era|move: Taunt
|move|p2a: Yandere Era|Gigaton Hammer|p1a: Grimmsnarl
|-supereffective|p1a: Grimmsnarl
|-damage|p1a: Grimmsnarl|0 fnt
|faint|p1a: Grimmsnarl
|
|upkeep
|j| amydidnothingwrong
|
|t:|1769367861
|switch|p1a: Iron Treads|Iron Treads|100/100
|-damage|p1a: Iron Treads|97/100|[from] Stealth Rock
|turn|4
|
|t:|1769367868
|switch|p2a: Feeling Is Gone|Pecharunt|100/100
|move|p1a: Iron Treads|Earth Power|p2a: Feeling Is Gone
|-supereffective|p2a: Feeling Is Gone
|-damage|p2a: Feeling Is Gone|35/100
|
|upkeep
|turn|5
|
|t:|1769367884
|move|p1a: Iron Treads|Stealth Rock|p2a: Feeling Is Gone
|-sidestart|p2: about15gals|move: Stealth Rock
|move|p2a: Feeling Is Gone|Parting Shot|p1a: Iron Treads
|-unboost|p1a: Iron Treads|atk|1
|-unboost|p1a: Iron Treads|spa|1
|
|t:|1769367888
|switch|p2a: Cynthoni Of Flames|Keldeo-Resolute|100/100|[from] Parting Shot
|
|upkeep
|turn|6
|
|t:|1769367901
|-end|p1a: Iron Treads|Quark Drive|[silent]
|switch|p1a: Ogerpon|Ogerpon-Wellspring, F|100/100
|-damage|p1a: Ogerpon|88/100|[from] Stealth Rock
|move|p2a: Cynthoni Of Flames|Flip Turn|p1a: Ogerpon
|-heal|p1a: Ogerpon|100/100|[from] ability: Water Absorb|[of] p2a: Cynthoni Of Flames
|
|upkeep
|turn|7
|
|t:|1769367914
|switch|p2a: Slowburn|Dragonite, F|100/100
|move|p1a: Ogerpon|Trailblaze|p2a: Slowburn
|-resisted|p2a: Slowburn
|-damage|p2a: Slowburn|97/100
|-boost|p1a: Ogerpon|spe|1
|
|upkeep
|turn|8
|
|t:|1769367953
|move|p1a: Ogerpon|Play Rough|p2a: Slowburn
|-supereffective|p2a: Slowburn
|-damage|p2a: Slowburn|17/100
|move|p2a: Slowburn|Hurricane|p1a: Ogerpon
|-supereffective|p1a: Ogerpon
|-damage|p1a: Ogerpon|4/100
|
|upkeep
|turn|9
|
|t:|1769367972
|switch|p1a: Iron Treads|Iron Treads|97/100
|-damage|p1a: Iron Treads|94/100|[from] Stealth Rock
|move|p2a: Slowburn|Extreme Speed|p1a: Iron Treads
|-resisted|p1a: Iron Treads
|-damage|p1a: Iron Treads|81/100
|
|upkeep
|turn|10
|
|t:|1769367979
|switch|p2a: Feeling Is Gone|Pecharunt|35/100
|move|p1a: Iron Treads|Rapid Spin|p2a: Feeling Is Gone
|-immune|p2a: Feeling Is Gone
|
|upkeep
|turn|11
|
|t:|1769367986
|switch|p2a: Cynthoni Of Flames|Keldeo-Resolute|100/100
|move|p1a: Iron Treads|Earth Power|p2a: Cynthoni Of Flames
|-damage|p2a: Cynthoni Of Flames|61/100
|
|upkeep
|turn|12
|
|t:|1769368011
|-end|p1a: Iron Treads|Quark Drive|[silent]
|switch|p1a: Deoxys|Deoxys-Speed, shiny|100/100
|-damage|p1a: Deoxys|88/100|[from] Stealth Rock
|-ability|p1a: Deoxys|Pressure
|move|p2a: Cynthoni Of Flames|Hydro Pump|p1a: Deoxys|[miss]
|-miss|p2a: Cynthoni Of Flames|p1a: Deoxys
|
|-heal|p1a: Deoxys|94/100|[from] item: Leftovers
|upkeep
|turn|13
|
|t:|1769368024
|switch|p2a: Yandere Era|Tinkaton, F|94/100
|-damage|p2a: Yandere Era|88/100|[from] Stealth Rock
|move|p1a: Deoxys|Psycho Boost|p2a: Yandere Era
|-resisted|p2a: Yandere Era
|-damage|p2a: Yandere Era|58/100
|-unboost|p1a: Deoxys|spa|2
|
|-heal|p1a: Deoxys|100/100|[from] item: Leftovers
|upkeep
|turn|14
|
|t:|1769368034
|switch|p1a: Iron Treads|Iron Treads|81/100
|-damage|p1a: Iron Treads|77/100|[from] Stealth Rock
|switch|p2a: Femcels|Weavile, F|100/100
|-ability|p2a: Femcels|Pressure
|
|upkeep
|turn|15
|
|t:|1769368047
|switch|p2a: Feeling Is Gone|Pecharunt|35/100
|move|p1a: Iron Treads|Rapid Spin|p2a: Feeling Is Gone
|-immune|p2a: Feeling Is Gone
|
|upkeep
|turn|16
|
|t:|1769368051
|move|p1a: Iron Treads|Earth Power|p2a: Feeling Is Gone
|-supereffective|p2a: Feeling Is Gone
|-damage|p2a: Feeling Is Gone|0 fnt
|faint|p2a: Feeling Is Gone
|
|upkeep
|
|t:|1769368053
|switch|p2a: Cynthoni Of Flames|Keldeo-Resolute|61/100
|turn|17
|
|t:|1769368072
|-end|p1a: Iron Treads|Quark Drive|[silent]
|switch|p1a: Raging Bolt|Raging Bolt|100/100
|-damage|p1a: Raging Bolt|88/100|[from] Stealth Rock
|-enditem|p1a: Raging Bolt|Booster Energy
|-activate|p1a: Raging Bolt|ability: Protosynthesis|[fromitem]
|-start|p1a: Raging Bolt|protosynthesisspa
|move|p2a: Cynthoni Of Flames|Hydro Pump|p1a: Raging Bolt
|-resisted|p1a: Raging Bolt
|-damage|p1a: Raging Bolt|63/100
|
|upkeep
|turn|18
|
|t:|1769368092
|switch|p2a: Down The Drain|Ting-Lu|100/100
|-damage|p2a: Down The Drain|94/100|[from] Stealth Rock
|-ability|p2a: Down The Drain|Vessel of Ruin
|move|p1a: Raging Bolt|Calm Mind|p1a: Raging Bolt
|-boost|p1a: Raging Bolt|spa|1
|-boost|p1a: Raging Bolt|spd|1
|
|upkeep
|turn|19
|
|t:|1769368127
|-terastallize|p1a: Raging Bolt|Flying
|move|p1a: Raging Bolt|Calm Mind|p1a: Raging Bolt
|-boost|p1a: Raging Bolt|spa|1
|-boost|p1a: Raging Bolt|spd|1
|move|p2a: Down The Drain|Earthquake|p1a: Raging Bolt
|-immune|p1a: Raging Bolt
|
|upkeep
|turn|20
|
|t:|1769368135
|move|p1a: Raging Bolt|Dragon Pulse|p2a: Down The Drain
|-damage|p2a: Down The Drain|29/100
|move|p2a: Down The Drain|Whirlwind|p1a: Raging Bolt
|-end|p1a: Raging Bolt|Protosynthesis|[silent]
|drag|p1a: Ceruledge|Ceruledge, M|100/100
|-damage|p1a: Ceruledge|76/100|[from] Stealth Rock
|
|upkeep
|turn|21
|
|t:|1769368151
|-terastallize|p2a: Down The Drain|Water
|move|p1a: Ceruledge|Bitter Blade|p2a: Down The Drain
|-resisted|p2a: Down The Drain
|-damage|p2a: Down The Drain|13/100
|-heal|p1a: Ceruledge|89/100|[from] drain|[of] p2a: Down The Drain
|-damage|p1a: Ceruledge|73/100|[from] item: Rocky Helmet|[of] p2a: Down The Drain
|-damage|p1a: Ceruledge|63/100|[from] item: Life Orb
|move|p2a: Down The Drain|Earthquake|p1a: Ceruledge
|-supereffective|p1a: Ceruledge
|-damage|p1a: Ceruledge|0 fnt
|faint|p1a: Ceruledge
|
|upkeep
|
|t:|1769368158
|switch|p1a: Iron Treads|Iron Treads|77/100
|-damage|p1a: Iron Treads|74/100|[from] Stealth Rock
|turn|22
|
|t:|1769368165
|move|p1a: Iron Treads|Rapid Spin|p2a: Down The Drain
|-damage|p2a: Down The Drain|7/100
|-boost|p1a: Iron Treads|spe|1
|-damage|p1a: Iron Treads|58/100|[from] item: Rocky Helmet|[of] p2a: Down The Drain
|-sideend|p1: xsaulx|Stealth Rock|[from] move: Rapid Spin|[of] p1a: Iron Treads
|move|p2a: Down The Drain|Earthquake|p1a: Iron Treads
|-supereffective|p1a: Iron Treads
|-damage|p1a: Iron Treads|0 fnt
|faint|p1a: Iron Treads
|-end|p1a: Iron Treads|Quark Drive|[silent]
|
|upkeep
|
|t:|1769368172
|switch|p1a: Ogerpon|Ogerpon-Wellspring, F|4/100
|turn|23
|
|t:|1769368177
|move|p1a: Ogerpon|Trailblaze|p2a: Down The Drain
|-supereffective|p2a: Down The Drain
|-crit|p2a: Down The Drain
|-damage|p2a: Down The Drain|0 fnt
|-boost|p1a: Ogerpon|spe|1
|-damage|p1a: Ogerpon|0 fnt|[from] item: Rocky Helmet|[of] p2a: Down The Drain
|faint|p2a: Down The Drain
|faint|p1a: Ogerpon
|
|upkeep
|
|t:|1769368184
|switch|p1a: Deoxys|Deoxys-Speed, shiny|100/100
|switch|p2a: Yandere Era|Tinkaton, F|58/100
|-ability|p1a: Deoxys|Pressure
|-damage|p2a: Yandere Era|52/100|[from] Stealth Rock
|turn|24
|
|t:|1769368196
|move|p1a: Deoxys|Substitute|p1a: Deoxys
|-start|p1a: Deoxys|Substitute
|-damage|p1a: Deoxys|76/100
|move|p2a: Yandere Era|Thunder Wave||[still]
|-fail|p2a: Yandere Era
|
|-heal|p1a: Deoxys|82/100|[from] item: Leftovers
|upkeep
|turn|25
|
|t:|1769368201
|move|p1a: Deoxys|Nasty Plot|p1a: Deoxys
|-boost|p1a: Deoxys|spa|2
|move|p2a: Yandere Era|Encore|p1a: Deoxys
|-start|p1a: Deoxys|Encore
|
|-heal|p1a: Deoxys|88/100|[from] item: Leftovers
|upkeep
|turn|26
|
|t:|1769368206
|switch|p2a: Femcels|Weavile, F|100/100
|-ability|p2a: Femcels|Pressure
|move|p1a: Deoxys|Nasty Plot|p1a: Deoxys
|-boost|p1a: Deoxys|spa|2
|
|-heal|p1a: Deoxys|94/100|[from] item: Leftovers
|upkeep
|turn|27
|
|t:|1769368210
|move|p1a: Deoxys|Nasty Plot|p1a: Deoxys
|-boost|p1a: Deoxys|spa|2
|move|p2a: Femcels|Triple Axel|p1a: Deoxys
|-activate|p1a: Deoxys|move: Substitute|[damage]
|-end|p1a: Deoxys|Substitute
|-damage|p1a: Deoxys|47/100
|-hitcount|p1a: Deoxys|3
|
|-heal|p1a: Deoxys|53/100|[from] item: Leftovers
|upkeep
|turn|28
|
|t:|1769368229
|move|p2a: Femcels|Ice Shard|p1a: Deoxys
|-damage|p1a: Deoxys|23/100
|move|p1a: Deoxys|Nasty Plot|p1a: Deoxys
|-boost|p1a: Deoxys|spa|0
|
|-heal|p1a: Deoxys|29/100|[from] item: Leftovers
|-end|p1a: Deoxys|Encore
|upkeep
|turn|29
|
|t:|1769368248
|move|p2a: Femcels|Ice Shard|p1a: Deoxys
|-damage|p1a: Deoxys|0 fnt
|faint|p1a: Deoxys
|
|upkeep
|
|t:|1769368251
|switch|p1a: Raging Bolt|Raging Bolt, tera:Flying|63/100
|turn|30
|c|☆about15gals|gg
|
|t:|1769368261
|move|p1a: Raging Bolt|Thunderclap|p2a: Femcels
|-damage|p2a: Femcels|47/100
|move|p2a: Femcels|Triple Axel|p1a: Raging Bolt
|-supereffective|p1a: Raging Bolt
|-damage|p1a: Raging Bolt|43/100
|-supereffective|p1a: Raging Bolt
|-damage|p1a: Raging Bolt|8/100
|-hitcount|p1a: Raging Bolt|2
|
|upkeep
|turn|31
|
|t:|1769368264
|move|p2a: Femcels|Ice Shard|p1a: Raging Bolt
|-supereffective|p1a: Raging Bolt
|-damage|p1a: Raging Bolt|0 fnt
|faint|p1a: Raging Bolt
|-end|p1a: Raging Bolt|Protosynthesis|[silent]
|
|win|about15gals
