|j|☆apexacer
|j|☆youngchimp
|t:|1769413605
|gametype|singles
|player|p1|apexacer|266|1679
|player|p2|youngchimp|supernerd|1693
|gen|9
|tier|[Gen 9] OU
|rated|
|rule|HP Percentage Mod: HP is shown in percentages
|rule|Endless Battle Clause: Forcing endless battles is banned
|rule|Species Clause: Limit one of each Pokémon
|rule|OHKO Clause: OHKO moves are banned
|rule|Evasion Items Clause: Evasion items are banned
|rule|Evasion Moves Clause: Evasion moves are banned
|rule|Evasion Abilities Clause: Evasion abilities are banned
|rule|Sleep Moves Clause: Sleep-inducing moves are banned
|clearpoke
|poke|p1|Indeedee, M|
|poke|p1|Kingambit, M|
|poke|p1|Polteageist|
|poke|p1|Grimmsnarl, M|
|poke|p1|Great Tusk|
|poke|p1|Kyurem|
|poke|p2|Glimmora, M|
|poke|p2|Rillaboom, F|
|poke|p2|Dragapult, M|
|poke|p2|Great Tusk|
|poke|p2|Kingambit, F|
|poke|p2|Moltres|
|teampreview
|inactive|Battle timer is ON: inactive players will automatically lose when time's up. (requested by youngchimp)
|j| Venom15
|
|t:|1769413630
|teamsize|p1|6
|teamsize|p2|6
|start
|switch|p1a: Kyurem|Kyurem|100/100
|switch|p2a: Kingambit|Kingambit, F|100/100
|-ability|p1a: Kyurem|Pressure
|turn|1
|
|t:|1769413637
|switch|p1a: Great Tusk|Great Tusk|100/100
|move|p2a: Kingambit|Iron Head|p1a: Great Tusk
|-damage|p1a: Great Tusk|66/100
|-damage|p2a: Kingambit|84/100|[from] item: Rocky Helmet|[of] p1a: Great Tusk
|
|-heal|p2a: Kingambit|90/100|[from] item: Leftovers
|upkeep
|turn|2
|
|t:|1769413644
|-end|p2a: Kingambit|fallenundefined|[silent]
|switch|p2a: Swoletres|Moltres|100/100
|move|p1a: Great Tusk|Stealth Rock|p2a: Swoletres
|-sidestart|p2: youngchimp|move: Stealth Rock
|
|upkeep
|turn|3
|
|t:|1769413652
|-end|p1a: Great Tusk|Protosynthesis|[silent]
|switch|p1a: Grimmsnarl|Grimmsnarl, M|100/100
|move|p2a: Swoletres|Will-O-Wisp|p1a: Grimmsnarl
|-status|p1a: Grimmsnarl|brn
|
|-damage|p1a: Grimmsnarl|94/100 brn|[from] brn
|upkeep
|turn|4
|
|t:|1769413660
|move|p1a: Grimmsnarl|Light Screen|p1a: Grimmsnarl
|-sidestart|p1: apexacer|move: Light Screen
|move|p2a: Swoletres|U-turn|p1a: Grimmsnarl
|-damage|p1a: Grimmsnarl|76/100 brn
|
|t:|1769413665
|switch|p2a: Kingambit|Kingambit, F|90/100|[from] U-turn
|-damage|p2a: Kingambit|84/100|[from] Stealth Rock
|
|-heal|p2a: Kingambit|90/100|[from] item: Leftovers
|-damage|p1a: Grimmsnarl|70/100 brn|[from] brn
|upkeep
|turn|5
|inactive|youngchimp has 120 seconds left.
|
|t:|1769413697
|-end|p2a: Kingambit|fallenundefined|[silent]
|switch|p2a: Swoletres|Moltres|100/100
|move|p1a: Grimmsnarl|Reflect|p1a: Grimmsnarl
|-sidestart|p1: apexacer|Reflect
|
|-damage|p1a: Grimmsnarl|64/100 brn|[from] brn
|upkeep
|turn|6
|
|t:|1769413703
|switch|p2a: Kingambit|Kingambit, F|90/100
|-damage|p2a: Kingambit|84/100|[from] Stealth Rock
|move|p1a: Grimmsnarl|Thunder Wave|p2a: Kingambit
|-hint|Since gen 7, Dark is immune to Prankster moves.
|-immune|p2a: Kingambit
|
|-heal|p2a: Kingambit|90/100|[from] item: Leftovers
|-damage|p1a: Grimmsnarl|58/100 brn|[from] brn
|upkeep
|turn|7
|
|t:|1769413715
|switch|p1a: Great Tusk|Great Tusk|66/100
|move|p2a: Kingambit|Iron Head|p1a: Great Tusk
|-damage|p1a: Great Tusk|47/100
|-damage|p2a: Kingambit|73/100|[from] item: Rocky Helmet|[of] p1a: Great Tusk
|
|-heal|p2a: Kingambit|80/100|[from] item: Leftovers
|upkeep
|turn|8
|
|t:|1769413721
|-end|p2a: Kingambit|fallenundefined|[silent]
|switch|p2a: Swoletres|Moltres|100/100
|move|p1a: Great Tusk|Close Combat|p2a: Swoletres
|-resisted|p2a: Swoletres
|-damage|p2a: Swoletres|80/100
|-unboost|p1a: Great Tusk|def|1
|-unboost|p1a: Great Tusk|spd|1
|
|upkeep
|turn|9
|
|t:|1769413735
|-end|p1a: Great Tusk|Protosynthesis|[silent]
|switch|p1a: Kyurem|Kyurem|100/100
|-ability|p1a: Kyurem|Pressure
|move|p2a: Swoletres|U-turn|p1a: Kyurem
|-crit|p1a: Kyurem
|-damage|p1a: Kyurem|79/100
|
|t:|1769413746
|switch|p2a: Usain Pult|Dragapult, M|100/100|[from] U-turn
|
|upkeep
|turn|10
|
|t:|1769413749
|move|p1a: Kyurem|Freeze-Dry|p2a: Usain Pult
|-supereffective|p2a: Usain Pult
|-crit|p2a: Usain Pult
|-damage|p2a: Usain Pult|0 fnt
|faint|p2a: Usain Pult
|
|upkeep
|
|t:|1769413755
|switch|p2a: Kingambit|Kingambit, F|80/100
|-damage|p2a: Kingambit|73/100|[from] Stealth Rock
|-activate|p2a: Kingambit|ability: Supreme Overlord
|-start|p2a: Kingambit|fallen1|[silent]
|turn|11
|j| MakX70
|
|t:|1769413762
|switch|p1a: Polteageist|Polteageist|100/100
|-end|p2a: Kingambit|fallen1|[silent]
|switch|p2a: Top Don|Great Tusk|100/100
|
|-sideend|p1: apexacer|move: Light Screen
|upkeep
|turn|12
|
|t:|1769413771
|-terastallize|p1a: Polteageist|Fighting
|move|p2a: Top Don|Headlong Rush|p1a: Polteageist
|-damage|p1a: Polteageist|39/100
|-unboost|p2a: Top Don|def|1
|-unboost|p2a: Top Don|spd|1
|move|p1a: Polteageist|Shell Smash|p1a: Polteageist
|-unboost|p1a: Polteageist|def|1
|-unboost|p1a: Polteageist|spd|1
|-boost|p1a: Polteageist|atk|2
|-boost|p1a: Polteageist|spa|2
|-boost|p1a: Polteageist|spe|2
|-enditem|p1a: Polteageist|White Herb
|-clearnegativeboost|p1a: Polteageist|[silent]
|
|-sideend|p1: apexacer|Reflect
|upkeep
|turn|13
|
|t:|1769413801
|-end|p2a: Top Don|Protosynthesis|[silent]
|switch|p2a: Glimmora|Glimmora, M|100/100
|-damage|p2a: Glimmora|88/100|[from] Stealth Rock
|move|p1a: Polteageist|Shadow Ball|p2a: Glimmora
|-damage|p2a: Glimmora|0 fnt
|faint|p2a: Glimmora
|
|upkeep
|
|t:|1769413806
|switch|p2a: Boom Bringer|Rillaboom, F|100/100
|-damage|p2a: Boom Bringer|88/100|[from] Stealth Rock
|-fieldstart|move: Grassy Terrain|[from] ability: Grassy Surge|[of] p2a: Boom Bringer
|turn|14
|
|t:|1769413823
|move|p2a: Boom Bringer|Grassy Glide|p1a: Polteageist
|-damage|p1a: Polteageist|0 fnt
|faint|p1a: Polteageist
|
|-heal|p2a: Boom Bringer|94/100|[from] Grassy Terrain
|upkeep
|
|t:|1769413828
|switch|p1a: Kyurem|Kyurem|79/100
|-ability|p1a: Kyurem|Pressure
|turn|15
|
|t:|1769413838
|move|p2a: Boom Bringer|Grassy Glide|p1a: Kyurem
|-resisted|p1a: Kyurem
|-damage|p1a: Kyurem|52/100
|move|p1a: Kyurem|Draco Meteor|p2a: Boom Bringer
|-damage|p2a: Boom Bringer|0 fnt
|-unboost|p1a: Kyurem|spa|2
|faint|p2a: Boom Bringer
|
|-heal|p1a: Kyurem|58/100|[from] Grassy Terrain
|upkeep
|c| Venom15|How did that tera help? Feared knock off?
|
|t:|1769413862
|switch|p2a: Kingambit|Kingambit, F|73/100
|-damage|p2a: Kingambit|67/100|[from] Stealth Rock
|-activate|p2a: Kingambit|ability: Supreme Overlord
|-start|p2a: Kingambit|fallen3|[silent]
|turn|16
|c|☆apexacer|yep
|
|t:|1769413886
|switch|p1a: Kingambit|Kingambit, M|100/100
|-activate|p1a: Kingambit|ability: Supreme Overlord
|-start|p1a: Kingambit|fallen1|[silent]
|move|p2a: Kingambit|Iron Head|p1a: Kingambit
|-resisted|p1a: Kingambit
|-damage|p1a: Kingambit|79/100
|
|-heal|p1a: Kingambit|85/100|[from] Grassy Terrain
|-heal|p2a: Kingambit|73/100|[from] Grassy Terrain
|-heal|p2a: Kingambit|80/100|[from] item: Leftovers
|upkeep
|turn|17
|c| Venom15|Ok
|
|t:|1769413891
|-end|p2a: Kingambit|fallen3|[silent]
|switch|p2a: Swoletres|Moltres|80/100
|move|p1a: Kingambit|Iron Head|p2a: Swoletres
|-resisted|p2a: Swoletres
|-damage|p2a: Swoletres|64/100
|-status|p1a: Kingambit|brn|[from] ability: Flame Body|[of] p2a: Swoletres
|
|-heal|p1a: Kingambit|91/100 brn|[from] Grassy Terrain
|-damage|p1a: Kingambit|85/100 brn|[from] brn
|upkeep
|turn|18
|
|t:|1769413901
|-end|p1a: Kingambit|fallen1|[silent]
|switch|p1a: Kyurem|Kyurem|58/100
|-ability|p1a: Kyurem|Pressure
|move|p2a: Swoletres|Roost|p2a: Swoletres
|-heal|p2a: Swoletres|100/100
|-singleturn|p2a: Swoletres|move: Roost
|
|-heal|p1a: Kyurem|64/100|[from] Grassy Terrain
|-fieldend|move: Grassy Terrain
|upkeep
|turn|19
|
|t:|1769413909
|move|p1a: Kyurem|Draco Meteor|p2a: Swoletres|[miss]
|-miss|p1a: Kyurem|p2a: Swoletres
|move|p2a: Swoletres|Flamethrower|p1a: Kyurem
|-crit|p1a: Kyurem
|-damage|p1a: Kyurem|9/100
|
|upkeep
|turn|20
|
|t:|1769413914
|move|p1a: Kyurem|Draco Meteor|p2a: Swoletres|[miss]
|-miss|p1a: Kyurem|p2a: Swoletres
|move|p2a: Swoletres|Roost||[still]
|-fail|p2a: Swoletres|heal
|
|upkeep
|turn|21
|c| Venom15|Damn
|c|☆apexacer|what ?
|
|t:|1769413925
|move|p1a: Kyurem|Draco Meteor|p2a: Swoletres
|-damage|p2a: Swoletres|27/100
|-unboost|p1a: Kyurem|spa|2
|move|p2a: Swoletres|Roost|p2a: Swoletres
|-heal|p2a: Swoletres|78/100
|-singleturn|p2a: Swoletres|move: Roost
|
|upkeep
|turn|22
|
|t:|1769413934
|switch|p1a: Indeedee|Indeedee, M|100/100
|-fieldstart|move: Psychic Terrain|[from] ability: Psychic Surge|[of] p1a: Indeedee
|move|p2a: Swoletres|Roost|p2a: Swoletres
|-heal|p2a: Swoletres|100/100
|-singleturn|p2a: Swoletres|move: Roost
|
|upkeep
|turn|23
|
|t:|1769413943
|move|p1a: Indeedee|Expanding Force|p2a: Swoletres
|-damage|p2a: Swoletres|24/100
|move|p2a: Swoletres|U-turn|p1a: Indeedee
|-supereffective|p1a: Indeedee
|-damage|p1a: Indeedee|36/100
|
|t:|1769413946
|switch|p2a: Kingambit|Kingambit, F|80/100|[from] U-turn
|-damage|p2a: Kingambit|73/100|[from] Stealth Rock
|-activate|p2a: Kingambit|ability: Supreme Overlord
|-start|p2a: Kingambit|fallen3|[silent]
|
|-heal|p2a: Kingambit|80/100|[from] item: Leftovers
|upkeep
|turn|24
|
|t:|1769413954
|switch|p1a: Grimmsnarl|Grimmsnarl, M|58/100 brn
|move|p2a: Kingambit|Kowtow Cleave|p1a: Grimmsnarl
|-resisted|p1a: Grimmsnarl
|-damage|p1a: Grimmsnarl|37/100 brn
|
|-heal|p2a: Kingambit|86/100|[from] item: Leftovers
|-damage|p1a: Grimmsnarl|30/100 brn|[from] brn
|upkeep
|turn|25
|
|t:|1769413961
|move|p1a: Grimmsnarl|Reflect|p1a: Grimmsnarl
|-sidestart|p1: apexacer|Reflect
|move|p2a: Kingambit|Swords Dance|p2a: Kingambit
|-boost|p2a: Kingambit|atk|2
|
|-heal|p2a: Kingambit|92/100|[from] item: Leftovers
|-damage|p1a: Grimmsnarl|24/100 brn|[from] brn
|upkeep
|turn|26
|
|t:|1769413971
|move|p1a: Grimmsnarl|Spirit Break|p2a: Kingambit
|-damage|p2a: Kingambit|80/100
|-unboost|p2a: Kingambit|spa|1
|move|p2a: Kingambit|Iron Head|p1a: Grimmsnarl
|-supereffective|p1a: Grimmsnarl
|-damage|p1a: Grimmsnarl|0 fnt
|faint|p1a: Grimmsnarl
|
|-heal|p2a: Kingambit|86/100|[from] item: Leftovers
|-fieldend|move: Psychic Terrain
|upkeep
|
|t:|1769413985
|switch|p1a: Great Tusk|Great Tusk|47/100
|turn|27
|
|t:|1769413988
|-end|p2a: Kingambit|fallen3|[silent]
|switch|p2a: Swoletres|Moltres|24/100
|move|p1a: Great Tusk|Close Combat|p2a: Swoletres
|-resisted|p2a: Swoletres
|-damage|p2a: Swoletres|3/100
|-unboost|p1a: Great Tusk|def|1
|-unboost|p1a: Great Tusk|spd|1
|-status|p1a: Great Tusk|brn|[from] ability: Flame Body|[of] p2a: Swoletres
|
|-damage|p1a: Great Tusk|41/100 brn|[from] brn
|upkeep
|turn|28
|
|t:|1769413993
|-end|p1a: Great Tusk|Protosynthesis|[silent]
|switch|p1a: Kyurem|Kyurem|9/100
|-ability|p1a: Kyurem|Pressure
|move|p2a: Swoletres|Roost|p2a: Swoletres
|-heal|p2a: Swoletres|53/100
|-singleturn|p2a: Swoletres|move: Roost
|
|upkeep
|turn|29
|l| MakX70
|
|t:|1769414002
|move|p1a: Kyurem|Draco Meteor|p2a: Swoletres
|-damage|p2a: Swoletres|0 fnt
|-unboost|p1a: Kyurem|spa|2
|faint|p2a: Swoletres
|
|upkeep
|
|t:|1769414004
|switch|p2a: Top Don|Great Tusk|100/100
|turn|30
|c| Venom15|Moltres evil man
|
|t:|1769414028
|switch|p1a: Kingambit|Kingambit, M|85/100 brn
|-activate|p1a: Kingambit|ability: Supreme Overlord
|-start|p1a: Kingambit|fallen2|[silent]
|move|p2a: Top Don|Rapid Spin|p1a: Kingambit
|-resisted|p1a: Kingambit
|-damage|p1a: Kingambit|82/100 brn
|-boost|p2a: Top Don|spe|1
|-sideend|p2: youngchimp|Stealth Rock|[from] move: Rapid Spin|[of] p2a: Top Don
|
|-damage|p1a: Kingambit|76/100 brn|[from] brn
|upkeep
|turn|31
|
|t:|1769414050
|move|p2a: Top Don|Stealth Rock|p1a: Kingambit
|-sidestart|p1: apexacer|move: Stealth Rock
|move|p1a: Kingambit|Iron Head|p2a: Top Don
|-damage|p2a: Top Don|81/100
|
|-damage|p1a: Kingambit|70/100 brn|[from] brn
|upkeep
|turn|32
|
|t:|1769414061
|move|p2a: Top Don|Headlong Rush|p1a: Kingambit
|-supereffective|p1a: Kingambit
|-damage|p1a: Kingambit|23/100 brn
|-unboost|p2a: Top Don|def|1
|-unboost|p2a: Top Don|spd|1
|move|p1a: Kingambit|Iron Head|p2a: Top Don
|-damage|p2a: Top Don|49/100
|
|-damage|p1a: Kingambit|17/100 brn|[from] brn
|-sideend|p1: apexacer|Reflect
|upkeep
|turn|33
|
|t:|1769414069
|move|p2a: Top Don|Headlong Rush|p1a: Kingambit
|-supereffective|p1a: Kingambit
|-damage|p1a: Kingambit|0 fnt
|-unboost|p2a: Top Don|def|1
|-unboost|p2a: Top Don|spd|1
|faint|p1a: Kingambit
|-end|p1a: Kingambit|fallen2|[silent]
|
|upkeep
|
|t:|1769414081
|switch|p1a: Great Tusk|Great Tusk|41/100 brn
|-damage|p1a: Great Tusk|38/100 brn|[from] Stealth Rock
|turn|34
|
|t:|1769414085
|move|p2a: Top Don|Ice Spinner|p1a: Great Tusk
|-supereffective|p1a: Great Tusk
|-crit|p1a: Great Tusk
|-damage|p1a: Great Tusk|0 fnt
|-damage|p2a: Top Don|33/100|[from] item: Rocky Helmet|[of] p1a: Great Tusk
|faint|p1a: Great Tusk
|-end|p1a: Great Tusk|Protosynthesis|[silent]
|
|upkeep
|
|t:|1769414096
|switch|p1a: Kyurem|Kyurem|9/100
|-damage|p1a: Kyurem|0 fnt|[from] Stealth Rock
|faint|p1a: Kyurem
|
|t:|1769414101
|switch|p1a: Indeedee|Indeedee, M|36/100
|-damage|p1a: Indeedee|24/100|[from] Stealth Rock
|-fieldstart|move: Psychic Terrain|[from] ability: Psychic Surge|[of] p1a: Indeedee
|turn|35
|
|t:|1769414107
|move|p1a: Indeedee|Dazzling Gleam|p2a: Top Don
|-supereffective|p2a: Top Don
|-damage|p2a: Top Don|0 fnt
|faint|p2a: Top Don
|-end|p2a: Top Don|Protosynthesis|[silent]
|
|upkeep
|
|t:|1769414109
|switch|p2a: Kingambit|Kingambit, F|86/100
|-activate|p2a: Kingambit|ability: Supreme Overlord
|-start|p2a: Kingambit|fallen5|[silent]
|turn|36
|c|☆apexacer|I should have saved tusk
|
|t:|1769414126
|move|p1a: Indeedee|Dazzling Gleam|p2a: Kingambit
|-damage|p2a: Kingambit|62/100
|move|p2a: Kingambit|Kowtow Cleave|p1a: Indeedee
|-supereffective|p1a: Indeedee
|-damage|p1a: Indeedee|0 fnt
|faint|p1a: Indeedee
|
|win|youngchimp
|raw|apexacer's rating: 1679 &rarr; <strong>1660</strong><br />(-19 for losing)
|raw|youngchimp's rating: 1693 &rarr; <strong>1712</strong><br />(+19 for winning)
|c| Venom15|Yep
|l|☆apexacer
|player|p1|
|c|☆youngchimp|gg
|l| Venom15
|l|☆youngchimp
|player|p2|
