|j|☆Jonpollonmorcillon
|j|☆lovelymoa
|t:|1769434171
|gametype|singles
|player|p1|Jonpollonmorcillon|harlequin|1287
|player|p2|lovelymoa|102|1277
|gen|9
|tier|[Gen 9] OU
|rated|
|rule|HP Percentage Mod: HP is shown in percentages
|rule|Endless Battle Clause: Forcing endless battles is banned
|rule|Species Clause: Limit one of each Pokémon
|rule|OHKO Clause: OHKO moves are banned
|rule|Evasion Items Clause: Evasion items are banned
|rule|Evasion Moves Clause: Evasion moves are banned
|rule|Evasion Abilities Clause: Evasion abilities are banned
|rule|Sleep Moves Clause: Sleep-inducing moves are banned
|clearpoke
|poke|p1|Bronzong|
|poke|p1|Ursaluna, F|
|poke|p1|Volcanion|
|poke|p1|Hatterene, F|
|poke|p1|Porygon2|
|poke|p1|Breloom, F|
|poke|p2|Corviknight, M|
|poke|p2|Latias, F|
|poke|p2|Primarina, M|
|poke|p2|Zoroark-Hisui, M|
|poke|p2|Garchomp, F|
|poke|p2|Glimmora, F|
|teampreview
|inactive|Battle timer is ON: inactive players will automatically lose when time's up. (requested by lovelymoa)
|
|t:|1769434189
|teamsize|p1|6
|teamsize|p2|6
|start
|switch|p1a: Hatterene|Hatterene, F|100/100
|switch|p2a: Glimmora|Glimmora, F|100/100
|turn|1
|
|t:|1769434196
|move|p2a: Glimmora|Shadow Ball|p1a: Hatterene
|-supereffective|p1a: Hatterene
|-damage|p1a: Hatterene|13/100
|-unboost|p1a: Hatterene|spd|1
|move|p1a: Hatterene|Trick Room|p1a: Hatterene
|-fieldstart|move: Trick Room|[of] p1a: Hatterene
|
|-heal|p1a: Hatterene|19/100|[from] item: Leftovers
|upkeep
|turn|2
|
|t:|1769434206
|switch|p1a: Ursaluna|Ursaluna, F|100/100
|move|p2a: Glimmora|Shadow Ball|p1a: Ursaluna
|-immune|p1a: Ursaluna
|
|-status|p1a: Ursaluna|brn|[from] item: Flame Orb
|upkeep
|turn|3
|
|t:|1769434217
|switch|p2a: Corviknight|Corviknight, M|100/100
|move|p1a: Ursaluna|Crunch|p2a: Corviknight
|-damage|p2a: Corviknight|73/100
|-damage|p1a: Ursaluna|84/100 brn|[from] item: Rocky Helmet|[of] p2a: Corviknight
|
|-damage|p1a: Ursaluna|78/100 brn|[from] brn
|upkeep
|turn|4
|
|t:|1769434230
|switch|p1a: Volcanion|Volcanion|100/100
|move|p2a: Corviknight|Body Press|p1a: Volcanion
|-crit|p1a: Volcanion
|-damage|p1a: Volcanion|67/100
|
|upkeep
|turn|5
|
|t:|1769434240
|switch|p2a: Primarina|Primarina, M|100/100
|move|p1a: Volcanion|Sludge Wave|p2a: Primarina
|-supereffective|p2a: Primarina
|-damage|p2a: Primarina|61/100
|
|-fieldend|move: Trick Room
|upkeep
|turn|6
|
|t:|1769434259
|move|p2a: Primarina|Moonblast|p1a: Volcanion
|-resisted|p1a: Volcanion
|-damage|p1a: Volcanion|49/100
|-unboost|p1a: Volcanion|spa|1
|move|p1a: Volcanion|Sludge Wave|p2a: Primarina
|-supereffective|p2a: Primarina
|-damage|p2a: Primarina|33/100
|
|upkeep
|turn|7
|
|t:|1769434276
|switch|p2a: Garchomp|Garchomp, F|100/100
|switch|p1a: Bronzong|Bronzong|100/100
|
|upkeep
|turn|8
|
|t:|1769434288
|switch|p2a: Glimmora|Glimmora, F|100/100
|move|p1a: Bronzong|Trick Room|p1a: Bronzong
|-fieldstart|move: Trick Room|[of] p1a: Bronzong
|
|upkeep
|turn|9
|
|t:|1769434297
|switch|p1a: Ursaluna|Ursaluna, F|78/100 brn
|move|p2a: Glimmora|Flamethrower|p1a: Ursaluna
|-damage|p1a: Ursaluna|48/100 brn
|
|-damage|p1a: Ursaluna|42/100 brn|[from] brn
|upkeep
|turn|10
|
|t:|1769434308
|switch|p2a: Corviknight|Corviknight, M|73/100
|move|p1a: Ursaluna|Crunch|p2a: Corviknight
|-damage|p2a: Corviknight|43/100
|-damage|p1a: Ursaluna|25/100 brn|[from] item: Rocky Helmet|[of] p2a: Corviknight
|
|-damage|p1a: Ursaluna|19/100 brn|[from] brn
|upkeep
|turn|11
|
|t:|1769434319
|move|p1a: Ursaluna|Facade|p2a: Corviknight
|-resisted|p2a: Corviknight
|-damage|p2a: Corviknight|8/100
|-damage|p1a: Ursaluna|2/100 brn|[from] item: Rocky Helmet|[of] p2a: Corviknight
|move|p2a: Corviknight|Roost|p2a: Corviknight
|-heal|p2a: Corviknight|58/100
|-singleturn|p2a: Corviknight|move: Roost
|
|-damage|p1a: Ursaluna|0 fnt|[from] brn
|faint|p1a: Ursaluna
|upkeep
|
|t:|1769434332
|switch|p1a: Volcanion|Volcanion|49/100
|turn|12
|
|t:|1769434339
|switch|p2a: Primarina|Primarina, M|33/100
|move|p1a: Volcanion|Fire Blast|p2a: Primarina
|-resisted|p2a: Primarina
|-damage|p2a: Primarina|16/100
|
|-fieldend|move: Trick Room
|upkeep
|turn|13
|
|t:|1769434348
|move|p2a: Primarina|Moonblast|p1a: Volcanion
|-resisted|p1a: Volcanion
|-damage|p1a: Volcanion|31/100
|-unboost|p1a: Volcanion|spa|1
|move|p1a: Volcanion|Sludge Wave|p2a: Primarina
|-supereffective|p2a: Primarina
|-damage|p2a: Primarina|0 fnt
|faint|p2a: Primarina
|
|upkeep
|
|t:|1769434357
|switch|p2a: Glimmora|Glimmora, F|100/100
|turn|14
|
|t:|1769434367
|switch|p1a: Porygon2|Porygon2|100/100
|-ability|p1a: Porygon2|Download|boost
|-boost|p1a: Porygon2|atk|1
|move|p2a: Glimmora|Shadow Ball|p1a: Porygon2
|-immune|p1a: Porygon2
|
|upkeep
|turn|15
|
|t:|1769434384
|switch|p2a: Garchomp|Garchomp, F|100/100
|move|p1a: Porygon2|Trick Room|p1a: Porygon2
|-fieldstart|move: Trick Room|[of] p1a: Porygon2
|
|upkeep
|turn|16
|
|t:|1769434391
|move|p1a: Porygon2|Ice Beam|p2a: Garchomp
|-supereffective|p2a: Garchomp
|-damage|p2a: Garchomp|0 fnt
|faint|p2a: Garchomp
|
|upkeep
|
|t:|1769434396
|switch|p2a: Glimmora|Glimmora, F|100/100
|turn|17
|
|t:|1769434402
|move|p1a: Porygon2|Tri Attack|p2a: Glimmora
|-resisted|p2a: Glimmora
|-damage|p2a: Glimmora|73/100
|move|p2a: Glimmora|Meteor Beam||[still]
|-prepare|p2a: Glimmora|Meteor Beam
|-boost|p2a: Glimmora|spa|1
|-enditem|p2a: Glimmora|Power Herb
|-anim|p2a: Glimmora|Meteor Beam|p1a: Porygon2
|-damage|p1a: Porygon2|43/100
|
|upkeep
|turn|18
|
|t:|1769434416
|switch|p1a: Bronzong|Bronzong|100/100
|move|p2a: Glimmora|Sludge Wave|p1a: Bronzong
|-immune|p1a: Bronzong
|
|upkeep
|turn|19
|
|t:|1769434426
|switch|p2a: Glimmora|Glimmora, F|100/100
|move|p1a: Bronzong|Stealth Rock|p2a: Glimmora
|-sidestart|p2: lovelymoa|move: Stealth Rock
|
|-fieldend|move: Trick Room
|upkeep
|turn|20
|
|t:|1769434439
|switch|p1a: Porygon2|Porygon2|43/100
|-ability|p1a: Porygon2|Download|boost
|-boost|p1a: Porygon2|atk|1
|move|p2a: Glimmora|Hyper Voice|p1a: Porygon2
|-damage|p1a: Porygon2|11/100
|
|upkeep
|turn|21
|
|t:|1769434448
|switch|p1a: Bronzong|Bronzong|100/100
|move|p2a: Glimmora|Hyper Voice|p1a: Bronzong
|-resisted|p1a: Bronzong
|-damage|p1a: Bronzong|83/100
|
|-heal|p1a: Bronzong|89/100|[from] item: Leftovers
|upkeep
|turn|22
|
|t:|1769434460
|switch|p2a: Glimmora|Glimmora, F|73/100
|-damage|p2a: Glimmora|61/100|[from] Stealth Rock
|move|p1a: Bronzong|Trick Room|p1a: Bronzong
|-fieldstart|move: Trick Room|[of] p1a: Bronzong
|
|-heal|p1a: Bronzong|95/100|[from] item: Leftovers
|upkeep
|turn|23
|
|t:|1769434478
|move|p1a: Bronzong|Psychic Noise|p2a: Glimmora
|-supereffective|p2a: Glimmora
|-damage|p2a: Glimmora|10/100
|-start|p2a: Glimmora|move: Heal Block
|move|p2a: Glimmora|Energy Ball|p1a: Bronzong
|-resisted|p1a: Bronzong
|-damage|p1a: Bronzong|86/100
|
|-heal|p1a: Bronzong|92/100|[from] item: Leftovers
|upkeep
|turn|24
|-message|lovelymoa forfeited.
|
|win|Jonpollonmorcillon
|raw|Jonpollonmorcillon's rating: 1287 &rarr; <strong>1311</strong><br />(+24 for winning)
|raw|lovelymoa's rating: 1277 &rarr; <strong>1253</strong><br />(-24 for losing)
|l|☆lovelymoa
|player|p2|
|l|☆Jonpollonmorcillon
|player|p1|
