|j|☆rogerrc93
|j|☆Sollar star
|t:|1769346466
|gametype|singles
|player|p1|rogerrc93|picnicker|1451
|player|p2|Sollar star|veteran-gen4|1401
|gen|9
|tier|[Gen 9] OU
|rated|
|rule|HP Percentage Mod: HP is shown in percentages
|rule|Endless Battle Clause: Forcing endless battles is banned
|rule|Species Clause: Limit one of each Pokémon
|rule|OHKO Clause: OHKO moves are banned
|rule|Evasion Items Clause: Evasion items are banned
|rule|Evasion Moves Clause: Evasion moves are banned
|rule|Evasion Abilities Clause: Evasion abilities are banned
|rule|Sleep Moves Clause: Sleep-inducing moves are banned
|clearpoke
|poke|p1|Meowscarada, F|
|poke|p1|Volcanion|
|poke|p1|Iron Moth|
|poke|p1|Corviknight, M|
|poke|p1|Clodsire, M|
|poke|p1|Maushold-Four|
|poke|p2|Kingambit, M|
|poke|p2|Landorus-Therian, M|
|poke|p2|Dragonite, F|
|poke|p2|Great Tusk|
|poke|p2|Dragapult, F|
|poke|p2|Iron Valiant|
|teampreview
|inactive|Battle timer is ON: inactive players will automatically lose when time's up. (requested by Sollar star)
|
|t:|1769346484
|teamsize|p1|6
|teamsize|p2|6
|start
|switch|p1a: Meowscarada|Meowscarada, F|100/100
|switch|p2a: Great Tusk|Great Tusk|100/100
|-enditem|p2a: Great Tusk|Booster Energy
|-activate|p2a: Great Tusk|ability: Protosynthesis|[fromitem]
|-start|p2a: Great Tusk|protosynthesisspe
|turn|1
|
|t:|1769346497
|switch|p1a: Corviknight|Corviknight, M, shiny|100/100
|-ability|p1a: Corviknight|Pressure
|move|p2a: Great Tusk|Stealth Rock|p1a: Corviknight
|-sidestart|p1: rogerrc93|move: Stealth Rock
|
|upkeep
|turn|2
|
|t:|1769346508
|move|p2a: Great Tusk|Knock Off|p1a: Corviknight
|-damage|p1a: Corviknight|84/100
|-damage|p2a: Great Tusk|84/100|[from] item: Rocky Helmet|[of] p1a: Corviknight
|-enditem|p1a: Corviknight|Rocky Helmet|[from] move: Knock Off|[of] p2a: Great Tusk
|move|p1a: Corviknight|Defog|p2a: Great Tusk
|-unboost|p2a: Great Tusk|evasion|1
|-sideend|p1: rogerrc93|Stealth Rock|[from] move: Defog|[of] p1a: Corviknight
|
|upkeep
|turn|3
|
|t:|1769346519
|move|p2a: Great Tusk|Stealth Rock|p1a: Corviknight
|-sidestart|p1: rogerrc93|move: Stealth Rock
|move|p1a: Corviknight|Brave Bird|p2a: Great Tusk
|-supereffective|p2a: Great Tusk
|-damage|p2a: Great Tusk|30/100
|-damage|p1a: Corviknight|66/100|[from] Recoil
|
|upkeep
|turn|4
|
|t:|1769346532
|-end|p2a: Great Tusk|Protosynthesis|[silent]
|switch|p2a: Dragapult|Dragapult, F|100/100
|move|p1a: Corviknight|Defog|p2a: Dragapult
|-unboost|p2a: Dragapult|evasion|1
|-sideend|p1: rogerrc93|Stealth Rock|[from] move: Defog|[of] p1a: Corviknight
|
|upkeep
|turn|5
|
|t:|1769346536
|switch|p1a: Volcanion|Volcanion|100/100
|move|p2a: Dragapult|Shadow Ball|p1a: Volcanion
|-damage|p1a: Volcanion|61/100
|
|upkeep
|turn|6
|
|t:|1769346546
|switch|p2a: Great Tusk|Great Tusk|30/100
|move|p1a: Volcanion|Steam Eruption|p2a: Great Tusk
|-supereffective|p2a: Great Tusk
|-damage|p2a: Great Tusk|0 fnt
|faint|p2a: Great Tusk
|-end|p2a: Great Tusk|Protosynthesis|[silent]
|
|upkeep
|
|t:|1769346551
|switch|p2a: Dragapult|Dragapult, F|100/100
|turn|7
|
|t:|1769346561
|switch|p1a: Corviknight|Corviknight, M, shiny|66/100
|-ability|p1a: Corviknight|Pressure
|move|p2a: Dragapult|Thunderbolt|p1a: Corviknight
|-supereffective|p1a: Corviknight
|-damage|p1a: Corviknight|0 fnt
|faint|p1a: Corviknight
|
|upkeep
|
|t:|1769346568
|switch|p1a: Clodsire|Clodsire, M|100/100
|turn|8
|
|t:|1769346574
|switch|p2a: Landorus|Landorus-Therian, M|100/100
|-ability|p2a: Landorus|Intimidate|boost
|-unboost|p1a: Clodsire|atk|1
|move|p1a: Clodsire|Stealth Rock|p2a: Landorus
|-sidestart|p2: Sollar star|move: Stealth Rock
|
|upkeep
|turn|9
|
|t:|1769346581
|switch|p1a: Meowscarada|Meowscarada, F|100/100
|move|p2a: Landorus|Earthquake|p1a: Meowscarada
|-resisted|p1a: Meowscarada
|-damage|p1a: Meowscarada|49/100
|
|upkeep
|turn|10
|
|t:|1769346588
|move|p1a: Meowscarada|Knock Off|p2a: Landorus
|-start|p1a: Meowscarada|typechange|Dark|[from] ability: Protean
|-damage|p2a: Landorus|43/100
|-enditem|p2a: Landorus|Choice Scarf|[from] move: Knock Off|[of] p1a: Meowscarada
|move|p2a: Landorus|Earthquake|p1a: Meowscarada
|-damage|p1a: Meowscarada|0 fnt
|faint|p1a: Meowscarada
|
|upkeep
|
|t:|1769346596
|switch|p1a: Maushold|Maushold-Four|100/100
|turn|11
|
|t:|1769346610
|move|p1a: Maushold|Population Bomb|p2a: Landorus
|-damage|p2a: Landorus|31/100
|-damage|p2a: Landorus|17/100
|-crit|p2a: Landorus
|-damage|p2a: Landorus|0 fnt
|faint|p2a: Landorus
|-hitcount|p2: Landorus|3
|
|upkeep
|
|t:|1769346616
|switch|p2a: Iron Valiant|Iron Valiant|100/100
|-damage|p2a: Iron Valiant|94/100|[from] Stealth Rock
|-enditem|p2a: Iron Valiant|Booster Energy
|-activate|p2a: Iron Valiant|ability: Quark Drive|[fromitem]
|-start|p2a: Iron Valiant|quarkdrivespe
|turn|12
|
|t:|1769346624
|switch|p1a: Volcanion|Volcanion|61/100
|move|p2a: Iron Valiant|Aura Sphere|p1a: Volcanion
|-damage|p1a: Volcanion|32/100
|
|upkeep
|turn|13
|
|t:|1769346630
|move|p2a: Iron Valiant|Aura Sphere|p1a: Volcanion
|-damage|p1a: Volcanion|5/100
|move|p1a: Volcanion|Steam Eruption|p2a: Iron Valiant
|-damage|p2a: Iron Valiant|0 fnt
|faint|p2a: Iron Valiant
|-end|p2a: Iron Valiant|Quark Drive|[silent]
|
|upkeep
|
|t:|1769346638
|switch|p2a: Dragonite|Dragonite, F|100/100
|turn|14
|
|t:|1769346643
|move|p2a: Dragonite|Dragon Dance|p2a: Dragonite
|-boost|p2a: Dragonite|atk|1
|-boost|p2a: Dragonite|spe|1
|move|p1a: Volcanion|Steam Eruption|p2a: Dragonite
|-resisted|p2a: Dragonite
|-damage|p2a: Dragonite|87/100
|
|upkeep
|turn|15
|
|t:|1769346651
|move|p2a: Dragonite|Earthquake|p1a: Volcanion
|-supereffective|p1a: Volcanion
|-crit|p1a: Volcanion
|-damage|p1a: Volcanion|0 fnt
|faint|p1a: Volcanion
|
|upkeep
|
|t:|1769346660
|switch|p1a: Maushold|Maushold-Four|100/100
|turn|16
|
|t:|1769346665
|move|p2a: Dragonite|Earthquake|p1a: Maushold
|-damage|p1a: Maushold|24/100
|move|p1a: Maushold|Tidy Up|p1a: Maushold
|-sideend|p2: Sollar star|Stealth Rock
|-activate|p1a: Maushold|move: Tidy Up
|-boost|p1a: Maushold|atk|1
|-boost|p1a: Maushold|spe|1
|
|upkeep
|turn|17
|
|t:|1769346670
|move|p1a: Maushold|Population Bomb|p2a: Dragonite
|-damage|p2a: Dragonite|71/100
|-damage|p2a: Dragonite|55/100
|-damage|p2a: Dragonite|40/100
|-damage|p2a: Dragonite|25/100
|-damage|p2a: Dragonite|10/100
|-damage|p2a: Dragonite|0 fnt
|faint|p2a: Dragonite
|-hitcount|p2: Dragonite|6
|
|upkeep
|
|t:|1769346680
|switch|p2a: Kingambit|Kingambit, M, shiny|100/100
|-activate|p2a: Kingambit|ability: Supreme Overlord
|-start|p2a: Kingambit|fallen4|[silent]
|turn|18
|
|t:|1769346691
|move|p1a: Maushold|Encore||[still]
|-fail|p1a: Maushold
|move|p2a: Kingambit|Kowtow Cleave|p1a: Maushold
|-damage|p1a: Maushold|0 fnt
|faint|p1a: Maushold
|
|upkeep
|
|t:|1769346694
|switch|p1a: Iron Moth|Iron Moth|100/100
|-enditem|p1a: Iron Moth|Booster Energy
|-activate|p1a: Iron Moth|ability: Quark Drive|[fromitem]
|-start|p1a: Iron Moth|quarkdrivespe
|turn|19
|
|t:|1769346703
|-terastallize|p2a: Kingambit|Dark
|move|p1a: Iron Moth|Fiery Dance|p2a: Kingambit
|-damage|p2a: Kingambit|61/100
|move|p2a: Kingambit|Kowtow Cleave|p1a: Iron Moth
|-damage|p1a: Iron Moth|0 fnt
|faint|p1a: Iron Moth
|-end|p1a: Iron Moth|Quark Drive|[silent]
|
|-heal|p2a: Kingambit|67/100|[from] item: Leftovers
|upkeep
|l|☆rogerrc93
|inactive|rogerrc93 disconnected and has a minute to reconnect!
|player|p1|
|inactive|rogerrc93 has 30 seconds to reconnect!
|inactive|rogerrc93 has 20 seconds to reconnect!
|inactive|rogerrc93 has 15 seconds to reconnect!
|inactive|rogerrc93 has 10 seconds to reconnect!
|inactive|rogerrc93 has 5 seconds to reconnect!
|-message|rogerrc93 lost due to inactivity.
|
|win|Sollar star
|raw|rogerrc93's rating: 1451 &rarr; <strong>1428</strong><br />(-23 for losing)
|raw|Sollar star's rating: 1401 &rarr; <strong>1424</strong><br />(+23 for winning)
|l|☆Sollar star
|player|p2|
