|j|☆tymmx
|j|☆masterkisame123
|t:|1769447207
|gametype|singles
|player|p1|tymmx|hilda|1361
|player|p2|masterkisame123|wallace-masters|1398
|gen|9
|tier|[Gen 9] OU
|rated|
|rule|HP Percentage Mod: HP is shown in percentages
|rule|Endless Battle Clause: Forcing endless battles is banned
|rule|Species Clause: Limit one of each Pokémon
|rule|OHKO Clause: OHKO moves are banned
|rule|Evasion Items Clause: Evasion items are banned
|rule|Evasion Moves Clause: Evasion moves are banned
|rule|Evasion Abilities Clause: Evasion abilities are banned
|rule|Sleep Moves Clause: Sleep-inducing moves are banned
|clearpoke
|poke|p1|Scizor, M|
|poke|p1|Ting-Lu|
|poke|p1|Corviknight, M|
|poke|p1|Dragapult, F|
|poke|p1|Landorus-Therian, M|
|poke|p1|Serperior, F|
|poke|p2|Swampert, M|
|poke|p2|Heatran, M|
|poke|p2|Amoonguss, F|
|poke|p2|Zapdos|
|poke|p2|Garganacl, F|
|poke|p2|Scizor, F|
|teampreview
|inactive|Battle timer is ON: inactive players will automatically lose when time's up. (requested by masterkisame123)
|
|t:|1769447226
|teamsize|p1|6
|teamsize|p2|6
|start
|switch|p1a: Landorus|Landorus-Therian, M|100/100
|switch|p2a: Heatran|Heatran, M|100/100
|-ability|p1a: Landorus|Intimidate|boost
|-unboost|p2a: Heatran|atk|1
|turn|1
|
|t:|1769447233
|-terastallize|p2a: Heatran|Ice
|move|p1a: Landorus|Earthquake|p2a: Heatran
|-damage|p2a: Heatran|50/100
|move|p2a: Heatran|Tera Blast|p1a: Landorus|[anim] Tera Blast Ice
|-supereffective|p1a: Landorus
|-damage|p1a: Landorus|0 fnt
|faint|p1a: Landorus
|
|-heal|p2a: Heatran|56/100|[from] item: Leftovers
|upkeep
|
|t:|1769447250
|switch|p1a: Scizor|Scizor, M|100/100
|turn|2
|
|t:|1769447255
|switch|p2a: Zapdos|Zapdos|100/100
|move|p1a: Scizor|Close Combat|p2a: Zapdos
|-resisted|p2a: Zapdos
|-damage|p2a: Zapdos|78/100
|-unboost|p1a: Scizor|def|1
|-unboost|p1a: Scizor|spd|1
|-status|p1a: Scizor|par|[from] ability: Static|[of] p2a: Zapdos
|
|upkeep
|turn|3
|
|t:|1769447265
|switch|p1a: Ting-Lu|Ting-Lu|100/100
|-ability|p1a: Ting-Lu|Vessel of Ruin
|move|p2a: Zapdos|Volt Switch|p1a: Ting-Lu
|-immune|p1a: Ting-Lu
|
|upkeep
|turn|4
|
|t:|1769447276
|switch|p2a: Scizor|Scizor, F|100/100
|move|p1a: Ting-Lu|Ruination|p2a: Scizor
|-damage|p2a: Scizor|51/100
|
|upkeep
|turn|5
|
|t:|1769447288
|move|p2a: Scizor|Knock Off|p1a: Ting-Lu
|-resisted|p1a: Ting-Lu
|-damage|p1a: Ting-Lu|90/100
|-enditem|p1a: Ting-Lu|Sitrus Berry|[from] move: Knock Off|[of] p2a: Scizor
|move|p1a: Ting-Lu|Ruination|p2a: Scizor
|-damage|p2a: Scizor|26/100
|
|upkeep
|turn|6
|
|t:|1769447297
|move|p2a: Scizor|U-turn|p1a: Ting-Lu
|-supereffective|p1a: Ting-Lu
|-damage|p1a: Ting-Lu|45/100
|
|t:|1769447301
|switch|p2a: Zapdos|Zapdos|78/100|[from] U-turn
|move|p1a: Ting-Lu|Whirlwind|p2a: Zapdos
|drag|p2a: Garganacl|Garganacl, F|100/100
|
|upkeep
|turn|7
|
|t:|1769447314
|move|p1a: Ting-Lu|Earthquake|p2a: Garganacl
|-supereffective|p2a: Garganacl
|-damage|p2a: Garganacl|62/100
|move|p2a: Garganacl|Salt Cure|p1a: Ting-Lu
|-resisted|p1a: Ting-Lu
|-damage|p1a: Ting-Lu|41/100
|-start|p1a: Ting-Lu|Salt Cure
|
|-heal|p2a: Garganacl|68/100|[from] item: Leftovers
|-damage|p1a: Ting-Lu|29/100|[from] Salt Cure
|upkeep
|turn|8
|
|t:|1769447324
|move|p1a: Ting-Lu|Ruination|p2a: Garganacl|[miss]
|-miss|p1a: Ting-Lu|p2a: Garganacl
|move|p2a: Garganacl|Recover|p2a: Garganacl
|-heal|p2a: Garganacl|100/100
|
|-damage|p1a: Ting-Lu|16/100|[from] Salt Cure
|upkeep
|turn|9
|
|t:|1769447331
|switch|p2a: Scizor|Scizor, F|26/100
|move|p1a: Ting-Lu|Ruination|p2a: Scizor
|-damage|p2a: Scizor|13/100
|
|-damage|p1a: Ting-Lu|4/100|[from] Salt Cure
|upkeep
|turn|10
|
|t:|1769447339
|move|p2a: Scizor|Bullet Punch|p1a: Ting-Lu
|-damage|p1a: Ting-Lu|0 fnt
|faint|p1a: Ting-Lu
|
|upkeep
|
|t:|1769447344
|switch|p1a: Serperior|Serperior, F|100/100
|turn|11
|
|t:|1769447347
|switch|p2a: Amoonguss|Amoonguss, F|100/100
|move|p1a: Serperior|Leaf Storm|p2a: Amoonguss
|-resisted|p2a: Amoonguss
|-damage|p2a: Amoonguss|89/100
|-boost|p1a: Serperior|spa|2
|
|upkeep
|turn|12
|
|t:|1769447355
|move|p1a: Serperior|Substitute|p1a: Serperior
|-start|p1a: Serperior|Substitute
|-damage|p1a: Serperior|76/100
|move|p2a: Amoonguss|Clear Smog|p1a: Serperior
|-supereffective|p1a: Serperior
|-crit|p1a: Serperior
|-end|p1a: Serperior|Substitute
|
|-heal|p1a: Serperior|82/100|[from] item: Leftovers
|upkeep
|turn|13
|
|t:|1769447368
|switch|p1a: Dragapult|Dragapult, F|100/100
|move|p2a: Amoonguss|Clear Smog|p1a: Dragapult
|-resisted|p1a: Dragapult
|-damage|p1a: Dragapult|90/100
|-clearboost|p1a: Dragapult
|
|upkeep
|turn|14
|
|t:|1769447383
|switch|p2a: Swampert|Swampert, M|100/100
|move|p1a: Dragapult|Draco Meteor|p2a: Swampert
|-damage|p2a: Swampert|49/100
|-unboost|p1a: Dragapult|spa|2
|
|upkeep
|turn|15
|
|t:|1769447392
|switch|p1a: Corviknight|Corviknight, M|100/100
|-ability|p1a: Corviknight|Pressure
|move|p2a: Swampert|Ice Punch|p1a: Corviknight
|-damage|p1a: Corviknight|85/100
|-damage|p2a: Swampert|32/100|[from] item: Rocky Helmet|[of] p1a: Corviknight
|
|upkeep
|turn|16
|
|t:|1769447403
|switch|p2a: Zapdos|Zapdos|78/100
|move|p1a: Corviknight|U-turn|p2a: Zapdos
|-resisted|p2a: Zapdos
|-damage|p2a: Zapdos|70/100
|
|t:|1769447417
|switch|p1a: Dragapult|Dragapult, F|90/100|[from] U-turn
|
|upkeep
|turn|17
|
|t:|1769447421
|switch|p2a: Swampert|Swampert, M|32/100
|move|p1a: Dragapult|Draco Meteor|p2a: Swampert
|-damage|p2a: Swampert|0 fnt
|-unboost|p1a: Dragapult|spa|2
|faint|p2a: Swampert
|
|upkeep
|
|t:|1769447427
|switch|p2a: Garganacl|Garganacl, F|100/100
|turn|18
|
|t:|1769447436
|switch|p1a: Scizor|Scizor, M|100/100 par
|move|p2a: Garganacl|Salt Cure|p1a: Scizor
|-damage|p1a: Scizor|87/100 par
|-start|p1a: Scizor|Salt Cure
|
|-damage|p1a: Scizor|62/100 par|[from] Salt Cure
|upkeep
|turn|19
|
|t:|1769447444
|switch|p2a: Scizor|Scizor, F|13/100
|cant|p1a: Scizor|par
|
|-damage|p1a: Scizor|38/100 par|[from] Salt Cure
|upkeep
|turn|20
|
|t:|1769447451
|move|p2a: Scizor|Bullet Punch|p1a: Scizor
|-resisted|p1a: Scizor
|-damage|p1a: Scizor|21/100 par
|move|p1a: Scizor|Bullet Punch|p2a: Scizor
|-resisted|p2a: Scizor
|-damage|p2a: Scizor|0 fnt
|faint|p2a: Scizor
|
|-damage|p1a: Scizor|0 fnt|[from] Salt Cure
|faint|p1a: Scizor
|upkeep
|
|t:|1769447464
|switch|p1a: Dragapult|Dragapult, F|90/100
|switch|p2a: Garganacl|Garganacl, F|100/100
|turn|21
|
|t:|1769447470
|move|p1a: Dragapult|Draco Meteor|p2a: Garganacl
|-damage|p2a: Garganacl|27/100
|-unboost|p1a: Dragapult|spa|2
|move|p2a: Garganacl|Recover|p2a: Garganacl
|-heal|p2a: Garganacl|77/100
|
|-heal|p2a: Garganacl|83/100|[from] item: Leftovers
|upkeep
|turn|22
|
|t:|1769447479
|switch|p1a: Corviknight|Corviknight, M|85/100
|-ability|p1a: Corviknight|Pressure
|move|p2a: Garganacl|Salt Cure|p1a: Corviknight
|-crit|p1a: Corviknight
|-damage|p1a: Corviknight|73/100
|-start|p1a: Corviknight|Salt Cure
|
|-heal|p2a: Garganacl|89/100|[from] item: Leftovers
|-damage|p1a: Corviknight|48/100|[from] Salt Cure
|upkeep
|turn|23
|
|t:|1769447490
|switch|p1a: Serperior|Serperior, F|82/100
|move|p2a: Garganacl|Salt Cure|p1a: Serperior
|-damage|p1a: Serperior|65/100
|-start|p1a: Serperior|Salt Cure
|
|-heal|p1a: Serperior|72/100|[from] item: Leftovers
|-heal|p2a: Garganacl|96/100|[from] item: Leftovers
|-damage|p1a: Serperior|59/100|[from] Salt Cure
|upkeep
|turn|24
|
|t:|1769447499
|switch|p2a: Amoonguss|Amoonguss, F|89/100
|move|p1a: Serperior|Leaf Storm|p2a: Amoonguss
|-resisted|p2a: Amoonguss
|-damage|p2a: Amoonguss|79/100
|-boost|p1a: Serperior|spa|2
|
|-heal|p1a: Serperior|65/100|[from] item: Leftovers
|-damage|p1a: Serperior|53/100|[from] Salt Cure
|upkeep
|turn|25
|
|t:|1769447510
|switch|p1a: Dragapult|Dragapult, F|90/100
|move|p2a: Amoonguss|Clear Smog|p1a: Dragapult
|-resisted|p1a: Dragapult
|-damage|p1a: Dragapult|80/100
|-clearboost|p1a: Dragapult
|
|upkeep
|turn|26
|
|t:|1769447530
|move|p1a: Dragapult|Draco Meteor|p2a: Amoonguss|[miss]
|-miss|p1a: Dragapult|p2a: Amoonguss
|move|p2a: Amoonguss|Synthesis|p2a: Amoonguss
|-heal|p2a: Amoonguss|100/100
|
|upkeep
|turn|27
|
|t:|1769447535
|move|p1a: Dragapult|Draco Meteor|p2a: Amoonguss
|-damage|p2a: Amoonguss|25/100
|-unboost|p1a: Dragapult|spa|2
|move|p2a: Amoonguss|Synthesis|p2a: Amoonguss
|-heal|p2a: Amoonguss|75/100
|
|upkeep
|turn|28
|
|t:|1769447542
|move|p1a: Dragapult|Draco Meteor|p2a: Amoonguss
|-damage|p2a: Amoonguss|33/100
|-unboost|p1a: Dragapult|spa|2
|move|p2a: Amoonguss|Stun Spore|p1a: Dragapult|[miss]
|-miss|p2a: Amoonguss|p1a: Dragapult
|
|upkeep
|turn|29
|
|t:|1769447550
|switch|p1a: Corviknight|Corviknight, M|48/100
|-ability|p1a: Corviknight|Pressure
|move|p2a: Amoonguss|Synthesis|p2a: Amoonguss
|-heal|p2a: Amoonguss|83/100
|
|upkeep
|turn|30
|
|t:|1769447557
|switch|p2a: Zapdos|Zapdos|70/100
|move|p1a: Corviknight|U-turn|p2a: Zapdos
|-resisted|p2a: Zapdos
|-damage|p2a: Zapdos|63/100
|-status|p1a: Corviknight|par|[from] ability: Static|[of] p2a: Zapdos
|
|t:|1769447568
|switch|p1a: Dragapult|Dragapult, F|80/100|[from] U-turn
|
|upkeep
|turn|31
|
|t:|1769447574
|move|p1a: Dragapult|Draco Meteor|p2a: Zapdos
|-damage|p2a: Zapdos|0 fnt
|-unboost|p1a: Dragapult|spa|2
|faint|p2a: Zapdos
|
|upkeep
|
|t:|1769447578
|switch|p2a: Heatran|Heatran, M, tera:Ice|56/100
|turn|32
|
|t:|1769447583
|switch|p1a: Corviknight|Corviknight, M|48/100 par
|-ability|p1a: Corviknight|Pressure
|move|p2a: Heatran|Tera Blast|p1a: Corviknight|[anim] Tera Blast Ice
|-damage|p1a: Corviknight|2/100 par
|
|-heal|p2a: Heatran|62/100|[from] item: Leftovers
|upkeep
|turn|33
|
|t:|1769447592
|move|p2a: Heatran|Tera Blast|p1a: Corviknight|[anim] Tera Blast Ice
|-damage|p1a: Corviknight|0 fnt
|faint|p1a: Corviknight
|
|-heal|p2a: Heatran|69/100|[from] item: Leftovers
|upkeep
|
|t:|1769447613
|switch|p1a: Serperior|Serperior, F|53/100
|turn|34
|
|t:|1769447623
|-terastallize|p1a: Serperior|Water
|move|p1a: Serperior|Leaf Storm|p2a: Heatran|[miss]
|-miss|p1a: Serperior|p2a: Heatran
|move|p2a: Heatran|Lava Plume|p1a: Serperior
|-resisted|p1a: Serperior
|-damage|p1a: Serperior|24/100
|-status|p1a: Serperior|brn
|
|-heal|p1a: Serperior|30/100 brn|[from] item: Leftovers
|-heal|p2a: Heatran|75/100|[from] item: Leftovers
|-damage|p1a: Serperior|24/100 brn|[from] brn
|upkeep
|turn|35
|
|t:|1769447635
|switch|p2a: Amoonguss|Amoonguss, F|83/100
|move|p1a: Serperior|Leaf Storm|p2a: Amoonguss
|-resisted|p2a: Amoonguss
|-damage|p2a: Amoonguss|72/100
|-boost|p1a: Serperior|spa|2
|
|-heal|p1a: Serperior|30/100 brn|[from] item: Leftovers
|-damage|p1a: Serperior|24/100 brn|[from] brn
|upkeep
|turn|36
|
|t:|1769447645
|move|p1a: Serperior|Leech Seed|p2a: Amoonguss
|-immune|p2a: Amoonguss
|move|p2a: Amoonguss|Clear Smog|p1a: Serperior
|-damage|p1a: Serperior|5/100 brn
|-clearboost|p1a: Serperior
|
|-heal|p1a: Serperior|11/100 brn|[from] item: Leftovers
|-damage|p1a: Serperior|5/100 brn|[from] brn
|upkeep
|turn|37
|
|t:|1769447656
|move|p1a: Serperior|Tera Blast|p2a: Amoonguss|[anim] Tera Blast Water
|-resisted|p2a: Amoonguss
|-damage|p2a: Amoonguss|58/100
|move|p2a: Amoonguss|Synthesis|p2a: Amoonguss
|-heal|p2a: Amoonguss|100/100
|
|-heal|p1a: Serperior|11/100 brn|[from] item: Leftovers
|-damage|p1a: Serperior|5/100 brn|[from] brn
|upkeep
|turn|38
|
|t:|1769447664
|switch|p1a: Dragapult|Dragapult, F|80/100
|move|p2a: Amoonguss|Clear Smog|p1a: Dragapult
|-resisted|p1a: Dragapult
|-damage|p1a: Dragapult|69/100
|-clearboost|p1a: Dragapult
|
|upkeep
|turn|39
|
|t:|1769447673
|move|p1a: Dragapult|Draco Meteor|p2a: Amoonguss
|-crit|p2a: Amoonguss
|-damage|p2a: Amoonguss|0 fnt
|-unboost|p1a: Dragapult|spa|2
|faint|p2a: Amoonguss
|
|upkeep
|
|t:|1769447677
|switch|p2a: Garganacl|Garganacl, F|96/100
|turn|40
|
|t:|1769447688
|switch|p1a: Serperior|Serperior, F, tera:Water|5/100 brn
|move|p2a: Garganacl|Salt Cure|p1a: Serperior
|-damage|p1a: Serperior|0 fnt
|faint|p1a: Serperior
|
|-heal|p2a: Garganacl|100/100|[from] item: Leftovers
|upkeep
|
|t:|1769447696
|switch|p1a: Dragapult|Dragapult, F|69/100
|turn|41
|
|t:|1769447704
|move|p1a: Dragapult|Shadow Ball|p2a: Garganacl
|-damage|p2a: Garganacl|75/100
|move|p2a: Garganacl|Salt Cure|p1a: Dragapult
|-damage|p1a: Dragapult|49/100
|-start|p1a: Dragapult|Salt Cure
|
|-heal|p2a: Garganacl|81/100|[from] item: Leftovers
|-damage|p1a: Dragapult|37/100|[from] Salt Cure
|upkeep
|turn|42
|
|t:|1769447712
|move|p1a: Dragapult|Shadow Ball|p2a: Garganacl
|-damage|p2a: Garganacl|56/100
|move|p2a: Garganacl|Curse|p2a: Garganacl
|-unboost|p2a: Garganacl|spe|1
|-boost|p2a: Garganacl|atk|1
|-boost|p2a: Garganacl|def|1
|
|-heal|p2a: Garganacl|62/100|[from] item: Leftovers
|-damage|p1a: Dragapult|24/100|[from] Salt Cure
|upkeep
|turn|43
|c|☆tymmx|cs
|c|☆tymmx|sb
|-message|tymmx forfeited.
|
|win|masterkisame123
|raw|tymmx's rating: 1361 &rarr; <strong>1343</strong><br />(-18 for losing)
|raw|masterkisame123's rating: 1398 &rarr; <strong>1416</strong><br />(+18 for winning)
|l|☆tymmx
|player|p1|
|l|☆masterkisame123
|player|p2|
