|j|☆topmanbladee
|j|☆mio3777
|t:|1769325531
|gametype|singles
|player|p1|topmanbladee|169|1783
|player|p2|mio3777|102|1711
|gen|9
|tier|[Gen 9] OU
|rated|
|rule|HP Percentage Mod: HP is shown in percentages
|rule|Endless Battle Clause: Forcing endless battles is banned
|rule|Species Clause: Limit one of each Pokémon
|rule|OHKO Clause: OHKO moves are banned
|rule|Evasion Items Clause: Evasion items are banned
|rule|Evasion Moves Clause: Evasion moves are banned
|rule|Evasion Abilities Clause: Evasion abilities are banned
|rule|Sleep Moves Clause: Sleep-inducing moves are banned
|clearpoke
|poke|p1|Kyurem|
|poke|p1|Cinderace, F|
|poke|p1|Tornadus-Therian, M|
|poke|p1|Hatterene, F|
|poke|p1|Great Tusk|
|poke|p1|Kingambit, F|
|poke|p2|Indeedee, M|
|poke|p2|Polteageist-Antique|
|poke|p2|Cinderace, M|
|poke|p2|Armarouge, M|
|poke|p2|Hawlucha, M|
|poke|p2|Hatterene, F|
|teampreview
|inactive|Battle timer is ON: inactive players will automatically lose when time's up. (requested by topmanbladee)
|
|t:|1769325547
|teamsize|p1|6
|teamsize|p2|6
|start
|switch|p1a: Kyurem|Kyurem|100/100
|switch|p2a: Indeedee|Indeedee, M|100/100
|-ability|p1a: Kyurem|Pressure
|-fieldstart|move: Psychic Terrain|[from] ability: Psychic Surge|[of] p2a: Indeedee
|turn|1
|
|t:|1769325555
|move|p1a: Kyurem|Draco Meteor|p2a: Indeedee|[miss]
|-miss|p1a: Kyurem|p2a: Indeedee
|move|p2a: Indeedee|Encore|p1a: Kyurem
|-start|p1a: Kyurem|Encore
|
|upkeep
|turn|2
|
|t:|1769325568
|switch|p2a: Hatterene|Hatterene, F|100/100
|move|p1a: Kyurem|Draco Meteor|p2a: Hatterene
|-immune|p2a: Hatterene
|
|upkeep
|turn|3
|
|t:|1769325574
|switch|p1a: Tornadus|Tornadus-Therian, M|100/100
|move|p2a: Hatterene|Mystical Fire|p1a: Tornadus
|-damage|p1a: Tornadus|81/100
|-unboost|p1a: Tornadus|spa|1
|
|upkeep
|turn|4
|
|t:|1769325581
|move|p1a: Tornadus|Knock Off|p2a: Hatterene
|-damage|p2a: Hatterene|80/100
|-enditem|p2a: Hatterene|Custap Berry|[from] move: Knock Off|[of] p1a: Tornadus
|move|p2a: Hatterene|Expanding Force|p1a: Tornadus
|-damage|p1a: Tornadus|24/100
|
|upkeep
|turn|5
|
|t:|1769325587
|move|p1a: Tornadus|U-turn|p2a: Hatterene
|-damage|p2a: Hatterene|64/100
|
|t:|1769325593
|switch|p1a: Cinderace|Cinderace, F|100/100|[from] U-turn
|move|p2a: Hatterene|Mystical Fire|p1a: Cinderace
|-resisted|p1a: Cinderace
|-damage|p1a: Cinderace|78/100
|-unboost|p1a: Cinderace|spa|1
|
|upkeep
|turn|6
|
|t:|1769325600
|move|p1a: Cinderace|Gunk Shot|p2a: Hatterene
|-start|p1a: Cinderace|typechange|Poison|[from] ability: Libero
|-supereffective|p2a: Hatterene
|-damage|p2a: Hatterene|0 fnt
|faint|p2a: Hatterene
|
|upkeep
|
|t:|1769325606
|switch|p2a: Armarouge|Armarouge, M|100/100
|turn|7
|
|t:|1769325613
|switch|p1a: Kyurem|Kyurem|100/100
|-ability|p1a: Kyurem|Pressure
|move|p2a: Armarouge|Armor Cannon|p1a: Kyurem
|-damage|p1a: Kyurem|40/100
|-unboost|p2a: Armarouge|def|1
|-unboost|p2a: Armarouge|spd|1
|
|upkeep
|turn|8
|
|t:|1769325622
|move|p1a: Kyurem|Earth Power|p2a: Armarouge
|-supereffective|p2a: Armarouge
|-enditem|p2a: Armarouge|Focus Sash
|-damage|p2a: Armarouge|1/100
|move|p2a: Armarouge|Expanding Force|p1a: Kyurem
|-damage|p1a: Kyurem|0 fnt
|faint|p1a: Kyurem
|
|-fieldend|move: Psychic Terrain
|upkeep
|
|t:|1769325626
|switch|p1a: Cinderace|Cinderace, F|78/100
|turn|9
|
|t:|1769325637
|move|p2a: Armarouge|Endure|p2a: Armarouge
|-singleturn|p2a: Armarouge|move: Endure
|move|p1a: Cinderace|Pyro Ball|p2a: Armarouge
|-resisted|p2a: Armarouge
|-activate|p2a: Armarouge|move: Endure
|-damage|p2a: Armarouge|1/100
|-ability|p2a: Armarouge|Weak Armor|boost
|-unboost|p2a: Armarouge|def|1
|-boost|p2a: Armarouge|spe|2
|
|upkeep
|turn|10
|
|t:|1769325645
|move|p2a: Armarouge|Destiny Bond|p2a: Armarouge
|-singlemove|p2a: Armarouge|Destiny Bond
|move|p1a: Cinderace|Pyro Ball|p2a: Armarouge
|-resisted|p2a: Armarouge
|-damage|p2a: Armarouge|0 fnt
|faint|p2a: Armarouge
|-activate|p2a: Armarouge|move: Destiny Bond
|faint|p1a: Cinderace
|
|upkeep
|
|t:|1769325655
|switch|p1a: Tornadus|Tornadus-Therian, M|57/100
|switch|p2a: Indeedee|Indeedee, M|100/100
|-fieldstart|move: Psychic Terrain|[from] ability: Psychic Surge|[of] p2a: Indeedee
|turn|11
|
|t:|1769325665
|move|p1a: Tornadus|Knock Off|p2a: Indeedee
|-supereffective|p2a: Indeedee
|-damage|p2a: Indeedee|32/100
|-enditem|p2a: Indeedee|Terrain Extender|[from] move: Knock Off|[of] p1a: Tornadus
|move|p2a: Indeedee|Expanding Force|p1a: Tornadus
|-damage|p1a: Tornadus|4/100
|
|upkeep
|turn|12
|
|t:|1769325677
|switch|p1a: Hatterene|Hatterene, F|100/100
|switch|p2a: Cinderace|Cinderace, M|100/100
|
|upkeep
|turn|13
|
|t:|1769325682
|move|p2a: Cinderace|Pyro Ball|p1a: Hatterene
|-damage|p1a: Hatterene|63/100
|move|p1a: Hatterene|Nuzzle|p2a: Cinderace
|-damage|p2a: Cinderace|96/100
|-status|p2a: Cinderace|par
|
|-heal|p1a: Hatterene|69/100|[from] item: Leftovers
|upkeep
|turn|14
|
|t:|1769325692
|cant|p2a: Cinderace|par
|move|p1a: Hatterene|Pain Split|p2a: Cinderace
|-sethp|p2a: Cinderace|79/100 par|[from] move: Pain Split|[silent]
|-sethp|p1a: Hatterene|88/100|[from] move: Pain Split
|
|-heal|p1a: Hatterene|94/100|[from] item: Leftovers
|upkeep
|turn|15
|
|t:|1769325699
|move|p2a: Cinderace|Pyro Ball|p1a: Hatterene
|-damage|p1a: Hatterene|51/100
|move|p1a: Hatterene|Psychic Noise|p2a: Cinderace
|-damage|p2a: Cinderace|23/100 par
|-start|p2a: Cinderace|move: Heal Block
|
|-heal|p1a: Hatterene|57/100|[from] item: Leftovers
|upkeep
|turn|16
|
|t:|1769325711
|switch|p1a: Great Tusk|Great Tusk|100/100
|move|p2a: Cinderace|Pyro Ball|p1a: Great Tusk
|-damage|p1a: Great Tusk|68/100
|
|-end|p2a: Cinderace|move: Heal Block
|upkeep
|turn|17
|j| AmberArm
|
|t:|1769325718
|switch|p2a: Hawlucha|Hawlucha, M|100/100
|-enditem|p2a: Hawlucha|Psychic Seed
|-boost|p2a: Hawlucha|spd|1|[from] item: Psychic Seed
|move|p1a: Great Tusk|Rapid Spin|p2a: Hawlucha
|-damage|p2a: Hawlucha|80/100
|-boost|p1a: Great Tusk|spe|1
|
|upkeep
|turn|18
|
|t:|1769325726
|move|p2a: Hawlucha|Acrobatics|p1a: Great Tusk
|-supereffective|p1a: Great Tusk
|-damage|p1a: Great Tusk|6/100
|-damage|p2a: Hawlucha|63/100|[from] item: Rocky Helmet|[of] p1a: Great Tusk
|move|p1a: Great Tusk|Ice Spinner|p2a: Hawlucha
|-supereffective|p2a: Hawlucha
|-damage|p2a: Hawlucha|0 fnt
|-fieldend|move: Psychic Terrain
|faint|p2a: Hawlucha
|
|upkeep
|
|t:|1769325747
|switch|p2a: Polteageist|Polteageist-Antique|100/100
|turn|19
|
|t:|1769325751
|move|p1a: Great Tusk|Headlong Rush|p2a: Polteageist
|-damage|p2a: Polteageist|3/100
|-unboost|p1a: Great Tusk|def|1
|-unboost|p1a: Great Tusk|spd|1
|-ability|p2a: Polteageist|Weak Armor|boost
|-unboost|p2a: Polteageist|def|1
|-boost|p2a: Polteageist|spe|2
|move|p2a: Polteageist|Shadow Ball|p1a: Great Tusk
|-damage|p1a: Great Tusk|0 fnt
|faint|p1a: Great Tusk
|-end|p1a: Great Tusk|Protosynthesis|[silent]
|
|upkeep
|
|t:|1769325759
|switch|p1a: Kingambit|Kingambit, F|100/100
|-activate|p1a: Kingambit|ability: Supreme Overlord
|-start|p1a: Kingambit|fallen3|[silent]
|turn|20
|
|t:|1769325769
|switch|p2a: Indeedee|Indeedee, M|32/100
|-fieldstart|move: Psychic Terrain|[from] ability: Psychic Surge|[of] p2a: Indeedee
|move|p1a: Kingambit|Kowtow Cleave|p2a: Indeedee
|-supereffective|p2a: Indeedee
|-damage|p2a: Indeedee|0 fnt
|faint|p2a: Indeedee
|
|upkeep
|
|t:|1769325778
|switch|p2a: Cinderace|Cinderace, M|23/100 par
|turn|21
|
|t:|1769325784
|-end|p1a: Kingambit|fallen3|[silent]
|switch|p1a: Hatterene|Hatterene, F|57/100
|move|p2a: Cinderace|Pyro Ball|p1a: Hatterene
|-damage|p1a: Hatterene|16/100
|-status|p1a: Hatterene|brn
|
|-heal|p1a: Hatterene|22/100 brn|[from] item: Leftovers
|-damage|p1a: Hatterene|16/100 brn|[from] brn
|upkeep
|turn|22
|j| loen_64
|
|t:|1769325793
|move|p2a: Cinderace|Pyro Ball|p1a: Hatterene|[miss]
|-miss|p2a: Cinderace|p1a: Hatterene
|move|p1a: Hatterene|Psychic Noise|p2a: Cinderace
|-damage|p2a: Cinderace|0 fnt
|faint|p2a: Cinderace
|
|-heal|p1a: Hatterene|22/100 brn|[from] item: Leftovers
|-damage|p1a: Hatterene|16/100 brn|[from] brn
|upkeep
|j| Fifo drummer
|
|t:|1769325802
|switch|p2a: Polteageist|Polteageist-Antique|3/100
|turn|23
|
|t:|1769325804
|move|p2a: Polteageist|Shadow Ball|p1a: Hatterene
|-supereffective|p1a: Hatterene
|-damage|p1a: Hatterene|0 fnt
|faint|p1a: Hatterene
|
|upkeep
|
|t:|1769325808
|switch|p1a: Kingambit|Kingambit, F|100/100
|-activate|p1a: Kingambit|ability: Supreme Overlord
|-start|p1a: Kingambit|fallen4|[silent]
|turn|24
|
|t:|1769325813
|-terastallize|p2a: Polteageist|Fighting
|-terastallize|p1a: Kingambit|Fairy
|move|p2a: Polteageist|Tera Blast|p1a: Kingambit|[anim] Tera Blast Fighting
|-resisted|p1a: Kingambit
|-damage|p1a: Kingambit|79/100
|move|p1a: Kingambit|Kowtow Cleave|p2a: Polteageist
|-resisted|p2a: Polteageist
|-damage|p2a: Polteageist|0 fnt
|faint|p2a: Polteageist
|
|win|topmanbladee
|raw|topmanbladee's rating: 1783 &rarr; <strong>1799</strong><br />(+16 for winning)
|raw|mio3777's rating: 1711 &rarr; <strong>1695</strong><br />(-16 for losing)
|l|☆mio3777
|player|p2|
|l| AmberArm
|l|☆topmanbladee
|player|p1|
|l| Fifo drummer
