|j|☆TangelaMerkel7
|j|☆tassat
|t:|1769309254
|gametype|singles
|player|p1|TangelaMerkel7|n|1102
|player|p2|tassat|steven|1084
|gen|9
|tier|[Gen 9] OU
|rated|
|rule|HP Percentage Mod: HP is shown in percentages
|rule|Endless Battle Clause: Forcing endless battles is banned
|rule|Species Clause: Limit one of each Pokémon
|rule|OHKO Clause: OHKO moves are banned
|rule|Evasion Items Clause: Evasion items are banned
|rule|Evasion Moves Clause: Evasion moves are banned
|rule|Evasion Abilities Clause: Evasion abilities are banned
|rule|Sleep Moves Clause: Sleep-inducing moves are banned
|clearpoke
|poke|p1|Cinderace, F|
|poke|p1|Heracross, F|
|poke|p1|Gengar, F|
|poke|p1|Gholdengo|
|poke|p1|Zangoose, F|
|poke|p1|Luxray, F|
|poke|p2|Chansey, F|
|poke|p2|Amoonguss, F|
|poke|p2|Toxapex, F|
|poke|p2|Garganacl, M|
|poke|p2|Avalugg, F|
|poke|p2|Clodsire, F|
|teampreview
|inactive|Battle timer is ON: inactive players will automatically lose when time's up. (requested by TangelaMerkel7)
|
|t:|1769309264
|teamsize|p1|6
|teamsize|p2|6
|start
|switch|p1a: Gorgonzola|Gengar, F|100/100
|switch|p2a: Garganacl|Garganacl, M|100/100
|turn|1
|l|☆tassat
|inactive|tassat disconnected and has a minute to reconnect!
|player|p2|
|j|☆tassat
|inactive|tassat reconnected and has 120 seconds left.
|player|p2|tassat|steven|
|
|t:|1769309305
|-terastallize|p2a: Garganacl|Rock
|move|p1a: Gorgonzola|Toxic Spikes|p2a: Garganacl
|-sidestart|p2: tassat|move: Toxic Spikes
|move|p2a: Garganacl|Salt Cure|p1a: Gorgonzola
|-damage|p1a: Gorgonzola|52/100
|-start|p1a: Gorgonzola|Salt Cure
|
|-damage|p1a: Gorgonzola|39/100|[from] Salt Cure
|upkeep
|turn|2
|
|t:|1769309319
|move|p1a: Gorgonzola|Shadow Ball|p2a: Garganacl
|-damage|p2a: Garganacl|57/100
|move|p2a: Garganacl|Iron Defense|p2a: Garganacl
|-boost|p2a: Garganacl|def|2
|
|-heal|p2a: Garganacl|63/100|[from] item: Leftovers
|-damage|p1a: Gorgonzola|27/100|[from] Salt Cure
|upkeep
|turn|3
|
|t:|1769309329
|move|p1a: Gorgonzola|Shadow Ball|p2a: Garganacl
|-damage|p2a: Garganacl|24/100
|move|p2a: Garganacl|Salt Cure|p1a: Gorgonzola
|-damage|p1a: Gorgonzola|0 fnt
|faint|p1a: Gorgonzola
|
|-heal|p2a: Garganacl|30/100|[from] item: Leftovers
|upkeep
|
|t:|1769309338
|switch|p1a: Roquefort|Cinderace, F|100/100
|turn|4
|
|t:|1769309342
|move|p1a: Roquefort|Court Change|p1a: Roquefort
|-swapsideconditions
|-activate|p1a: Roquefort|move: Court Change
|move|p2a: Garganacl|Salt Cure|p1a: Roquefort
|-supereffective|p1a: Roquefort
|-damage|p1a: Roquefort|21/100
|-start|p1a: Roquefort|Salt Cure
|
|-heal|p2a: Garganacl|36/100|[from] item: Leftovers
|-damage|p1a: Roquefort|8/100|[from] Salt Cure
|upkeep
|turn|5
|
|t:|1769309353
|move|p1a: Roquefort|Pyro Ball|p2a: Garganacl
|-resisted|p2a: Garganacl
|-damage|p2a: Garganacl|24/100
|move|p2a: Garganacl|Recover|p2a: Garganacl
|-heal|p2a: Garganacl|74/100
|
|-heal|p2a: Garganacl|80/100|[from] item: Leftovers
|-damage|p1a: Roquefort|0 fnt|[from] Salt Cure
|faint|p1a: Roquefort
|upkeep
|
|t:|1769309366
|switch|p1a: Cracker|Gholdengo|100/100
|-item|p1a: Cracker|Air Balloon
|turn|6
|
|t:|1769309379
|move|p1a: Cracker|Make It Rain|p2a: Garganacl
|-supereffective|p2a: Garganacl
|-damage|p2a: Garganacl|0 fnt
|-unboost|p1a: Cracker|spa|1
|faint|p2a: Garganacl
|
|upkeep
|
|t:|1769309388
|switch|p2a: Amoonguss|Amoonguss, F|100/100
|turn|7
|
|t:|1769309394
|move|p1a: Cracker|Nasty Plot|p1a: Cracker
|-boost|p1a: Cracker|spa|2
|move|p2a: Amoonguss|Sludge Bomb|p1a: Cracker
|-immune|p1a: Cracker
|
|upkeep
|turn|8
|
|t:|1769309405
|move|p1a: Cracker|Nasty Plot|p1a: Cracker
|-boost|p1a: Cracker|spa|2
|move|p2a: Amoonguss|Bullet Seed|p1a: Cracker
|-resisted|p1a: Cracker
|-damage|p1a: Cracker|96/100
|-enditem|p1a: Cracker|Air Balloon
|-resisted|p1a: Cracker
|-damage|p1a: Cracker|91/100
|-hitcount|p1a: Cracker|2
|
|upkeep
|turn|9
|
|t:|1769309415
|move|p1a: Cracker|Shadow Ball|p2a: Amoonguss
|-damage|p2a: Amoonguss|39/100
|move|p2a: Amoonguss|Stomping Tantrum|p1a: Cracker
|-supereffective|p1a: Cracker
|-damage|p1a: Cracker|60/100
|
|upkeep
|turn|10
|
|t:|1769309423
|move|p1a: Cracker|Shadow Ball|p2a: Amoonguss
|-damage|p2a: Amoonguss|0 fnt
|faint|p2a: Amoonguss
|
|upkeep
|
|t:|1769309429
|switch|p2a: Avalugg|Avalugg, F|100/100
|turn|11
|
|t:|1769309435
|move|p1a: Cracker|Make It Rain|p2a: Avalugg
|-supereffective|p2a: Avalugg
|-damage|p2a: Avalugg|0 fnt
|-unboost|p1a: Cracker|spa|1
|faint|p2a: Avalugg
|
|upkeep
|
|t:|1769309443
|switch|p2a: Clodsire|Clodsire, F|100/100
|turn|12
|
|t:|1769309450
|move|p1a: Cracker|Make It Rain|p2a: Clodsire
|-damage|p2a: Clodsire|17/100
|-unboost|p1a: Cracker|spa|1
|move|p2a: Clodsire|Amnesia|p2a: Clodsire
|-boost|p2a: Clodsire|spd|2
|
|-heal|p2a: Clodsire|23/100|[from] item: Black Sludge
|upkeep
|turn|13
|
|t:|1769309461
|move|p1a: Cracker|Make It Rain|p2a: Clodsire
|-damage|p2a: Clodsire|0 fnt
|-unboost|p1a: Cracker|spa|1
|faint|p2a: Clodsire
|
|upkeep
|
|t:|1769309469
|switch|p2a: Chansey|Chansey, F|100/100
|turn|14
|
|t:|1769309478
|move|p1a: Cracker|Nasty Plot|p1a: Cracker
|-boost|p1a: Cracker|spa|2
|move|p2a: Chansey|Seismic Toss|p1a: Cracker
|-immune|p1a: Cracker
|
|upkeep
|turn|15
|
|t:|1769309488
|switch|p2a: Toxapex|Toxapex, F|100/100
|move|p1a: Cracker|Nasty Plot|p1a: Cracker
|-boost|p1a: Cracker|spa|2
|
|upkeep
|turn|16
|
|t:|1769309496
|move|p1a: Cracker|Thunderbolt|p2a: Toxapex
|-supereffective|p2a: Toxapex
|-damage|p2a: Toxapex|0 fnt
|faint|p2a: Toxapex
|
|upkeep
|
|t:|1769309501
|switch|p2a: Chansey|Chansey, F|100/100
|turn|17
|
|t:|1769309505
|move|p1a: Cracker|Make It Rain|p2a: Chansey
|-damage|p2a: Chansey|52/100
|-unboost|p1a: Cracker|spa|1
|move|p2a: Chansey|Stealth Rock|p1a: Cracker
|-sidestart|p1: TangelaMerkel7|move: Stealth Rock
|
|upkeep
|turn|18
|inactive|tassat has 120 seconds left.
|inactive|tassat has 90 seconds left.
|
|t:|1769309576
|move|p1a: Cracker|Make It Rain|p2a: Chansey
|-damage|p2a: Chansey|10/100
|-unboost|p1a: Cracker|spa|1
|move|p2a: Chansey|Soft-Boiled|p2a: Chansey
|-heal|p2a: Chansey|60/100
|
|upkeep
|turn|19
|
|t:|1769309588
|switch|p1a: Lünberg|Luxray, F|100/100
|-status|p1a: Lünberg|psn
|-damage|p1a: Lünberg|88/100 psn|[from] Stealth Rock
|move|p2a: Chansey|Soft-Boiled|p2a: Chansey
|-heal|p2a: Chansey|100/100
|
|-damage|p1a: Lünberg|76/100 psn|[from] psn
|upkeep
|turn|20
|
|t:|1769309601
|move|p1a: Lünberg|Supercell Slam|p2a: Chansey
|-damage|p2a: Chansey|19/100
|move|p2a: Chansey|Soft-Boiled|p2a: Chansey
|-heal|p2a: Chansey|69/100
|
|-damage|p1a: Lünberg|64/100 psn|[from] psn
|upkeep
|turn|21
|
|t:|1769309610
|move|p1a: Lünberg|Supercell Slam|p2a: Chansey
|-damage|p2a: Chansey|0 fnt
|faint|p2a: Chansey
|
|win|TangelaMerkel7
|raw|TangelaMerkel7's rating: 1102 &rarr; <strong>1126</strong><br />(+24 for winning)
|raw|tassat's rating: 1084 &rarr; <strong>1063</strong><br />(-21 for losing)
|l|☆tassat
|player|p2|
|l|☆TangelaMerkel7
|player|p1|
