|j|☆floatyazr
|j|‽besovshina
|t:|1769332010
|gametype|singles
|player|p1|floatyazr|lusamine-nihilego|1099
|player|p2|besovshina|alder|1191
|gen|9
|tier|[Gen 9] OU
|rated|
|rule|HP Percentage Mod: HP is shown in percentages
|rule|Endless Battle Clause: Forcing endless battles is banned
|rule|Species Clause: Limit one of each Pokémon
|rule|OHKO Clause: OHKO moves are banned
|rule|Evasion Items Clause: Evasion items are banned
|rule|Evasion Moves Clause: Evasion moves are banned
|rule|Evasion Abilities Clause: Evasion abilities are banned
|rule|Sleep Moves Clause: Sleep-inducing moves are banned
|clearpoke
|poke|p1|Gholdengo|
|poke|p1|Slowking-Galar, F|
|poke|p1|Hydrapple, M|
|poke|p1|Darkrai|
|poke|p1|Ogerpon-Wellspring, F|
|poke|p1|Great Tusk|
|poke|p2|Emboar, M|
|poke|p2|Enamorus-Therian, F|
|poke|p2|Exeggutor-Alola, M|
|poke|p2|Ursaluna, M|
|poke|p2|Porygon2|
|poke|p2|Bronzong|
|teampreview
|inactive|Battle timer is ON: inactive players will automatically lose when time's up. (requested by besovshina)
|
|t:|1769332018
|teamsize|p1|6
|teamsize|p2|6
|start
|switch|p1a: Hydrapple|Hydrapple, M|100/100
|switch|p2a: Exeggutor|Exeggutor-Alola, M, shiny|100/100
|-item|p1a: Hydrapple|Heavy-Duty Boots|[from] ability: Frisk|[of] p2a: Exeggutor
|turn|1
|
|t:|1769332026
|switch|p2a: Enamorus|Enamorus-Therian, F|100/100
|move|p1a: Hydrapple|Fickle Beam|p2a: Enamorus
|-immune|p2a: Enamorus
|
|upkeep
|turn|2
|
|t:|1769332034
|switch|p1a: Slowking|Slowking-Galar, F|100/100
|move|p2a: Enamorus|Moonblast|p1a: Slowking
|-resisted|p1a: Slowking
|-damage|p1a: Slowking|77/100
|-damage|p2a: Enamorus|91/100|[from] item: Life Orb
|
|upkeep
|turn|3
|
|t:|1769332042
|-prepare|p1a: Slowking|Chilly Reception|[premajor]
|move|p1a: Slowking|Chilly Reception|p1a: Slowking
|-weather|Snowscape
|
|t:|1769332052
|switch|p1a: Gholdengo|Gholdengo|100/100|[from] Chilly Reception
|move|p2a: Enamorus|Earth Power|p1a: Gholdengo
|-supereffective|p1a: Gholdengo
|-damage|p1a: Gholdengo|0 fnt
|faint|p1a: Gholdengo
|-damage|p2a: Enamorus|81/100|[from] item: Life Orb
|
|-weather|Snowscape|[upkeep]
|upkeep
|
|t:|1769332058
|switch|p1a: Darkrai|Darkrai|100/100
|turn|4
|
|t:|1769332070
|switch|p2a: Emboar|Emboar, M, shiny|100/100
|move|p1a: Darkrai|Sludge Bomb|p2a: Emboar
|-damage|p2a: Emboar|45/100
|-status|p2a: Emboar|psn
|
|-weather|Snowscape|[upkeep]
|-damage|p2a: Emboar|33/100 psn|[from] psn
|upkeep
|turn|5
|
|t:|1769332078
|switch|p2a: Bronzong|Bronzong, shiny|100/100
|move|p1a: Darkrai|Sludge Bomb|p2a: Bronzong
|-immune|p2a: Bronzong
|
|-weather|Snowscape|[upkeep]
|upkeep
|turn|6
|
|t:|1769332086
|switch|p1a: Slowking|Slowking-Galar, F|100/100
|-terastallize|p2a: Bronzong|Fighting
|move|p2a: Bronzong|Trick Room|p2a: Bronzong
|-fieldstart|move: Trick Room|[of] p2a: Bronzong
|
|-weather|Snowscape|[upkeep]
|upkeep
|turn|7
|
|t:|1769332094
|switch|p2a: Emboar|Emboar, M, shiny|33/100 psn
|move|p1a: Slowking|Future Sight|p2a: Emboar
|-start|p1a: Slowking|move: Future Sight
|
|-weather|none
|-damage|p2a: Emboar|20/100 psn|[from] psn
|upkeep
|turn|8
|
|t:|1769332101
|-prepare|p1a: Slowking|Chilly Reception|[premajor]
|move|p1a: Slowking|Chilly Reception|p1a: Slowking
|-weather|Snowscape
|
|t:|1769332105
|switch|p1a: Great Tusk|Great Tusk|100/100|[from] Chilly Reception
|move|p2a: Emboar|Head Smash|p1a: Great Tusk
|-resisted|p1a: Great Tusk
|-damage|p1a: Great Tusk|86/100
|-damage|p2a: Emboar|4/100 psn|[from] item: Rocky Helmet|[of] p1a: Great Tusk
|-damage|p2a: Emboar|0 fnt|[from] Recoil
|faint|p2a: Emboar
|
|-weather|Snowscape|[upkeep]
|upkeep
|
|t:|1769332112
|switch|p2a: Enamorus|Enamorus-Therian, F|81/100
|turn|9
|
|t:|1769332116
|-end|p1a: Great Tusk|Protosynthesis|[silent]
|switch|p1a: Slowking|Slowking-Galar, F|100/100
|move|p2a: Enamorus|Extrasensory|p1a: Slowking
|-damage|p1a: Slowking|73/100
|-damage|p2a: Enamorus|71/100|[from] item: Life Orb
|
|-weather|Snowscape|[upkeep]
|-end|p2a: Enamorus|move: Future Sight
|-damage|p2a: Enamorus|25/100
|upkeep
|turn|10
|
|t:|1769332124
|move|p2a: Enamorus|Earth Power|p1a: Slowking
|-supereffective|p1a: Slowking
|-crit|p1a: Slowking
|-damage|p1a: Slowking|0 fnt
|faint|p1a: Slowking
|-damage|p2a: Enamorus|15/100|[from] item: Life Orb
|
|-weather|Snowscape|[upkeep]
|-fieldend|move: Trick Room
|upkeep
|
|t:|1769332128
|switch|p1a: Ogerpon|Ogerpon-Wellspring, F|100/100
|turn|11
|
|t:|1769332135
|switch|p2a: Exeggutor|Exeggutor-Alola, M, shiny|100/100
|-item|p1a: Ogerpon|Wellspring Mask|[from] ability: Frisk|[of] p2a: Exeggutor
|move|p1a: Ogerpon|Ivy Cudgel|p2a: Exeggutor|[anim] Ivy Cudgel Water
|-resisted|p2a: Exeggutor
|-damage|p2a: Exeggutor|85/100
|
|-weather|Snowscape|[upkeep]
|upkeep
|turn|12
|
|t:|1769332146
|move|p1a: Ogerpon|Swords Dance|p1a: Ogerpon
|-boost|p1a: Ogerpon|atk|2
|move|p2a: Exeggutor|Trick Room|p2a: Exeggutor
|-fieldstart|move: Trick Room|[of] p2a: Exeggutor
|
|-weather|none
|upkeep
|turn|13
|
|t:|1769332153
|move|p2a: Exeggutor|Leaf Storm|p1a: Ogerpon
|-damage|p1a: Ogerpon|11/100
|-unboost|p2a: Exeggutor|spa|2
|-enditem|p2a: Exeggutor|Eject Pack
|
|t:|1769332156
|switch|p2a: Enamorus|Enamorus-Therian, F|15/100
|move|p1a: Ogerpon|Ivy Cudgel|p2a: Enamorus|[anim] Ivy Cudgel Water
|-damage|p2a: Enamorus|0 fnt
|faint|p2a: Enamorus
|
|upkeep
|
|t:|1769332164
|switch|p2a: Ursaluna|Ursaluna, M|100/100
|turn|14
|
|t:|1769332168
|move|p2a: Ursaluna|Crunch|p1a: Ogerpon
|-damage|p1a: Ogerpon|0 fnt
|faint|p1a: Ogerpon
|
|-status|p2a: Ursaluna|brn|[from] item: Flame Orb
|upkeep
|
|t:|1769332176
|switch|p1a: Great Tusk|Great Tusk|86/100
|turn|15
|
|t:|1769332179
|move|p2a: Ursaluna|Earthquake|p1a: Great Tusk
|-crit|p1a: Great Tusk
|-damage|p1a: Great Tusk|0 fnt
|faint|p1a: Great Tusk
|-end|p1a: Great Tusk|Protosynthesis|[silent]
|
|-damage|p2a: Ursaluna|94/100 brn|[from] brn
|upkeep
|
|t:|1769332185
|switch|p1a: Hydrapple|Hydrapple, M|100/100
|turn|16
|
|t:|1769332189
|move|p2a: Ursaluna|Facade|p1a: Hydrapple
|-damage|p1a: Hydrapple|29/100
|move|p1a: Hydrapple|Giga Drain|p2a: Ursaluna
|-supereffective|p2a: Ursaluna
|-damage|p2a: Ursaluna|44/100 brn
|-heal|p1a: Hydrapple|53/100|[from] drain|[of] p2a: Ursaluna
|
|-damage|p2a: Ursaluna|38/100 brn|[from] brn
|-fieldend|move: Trick Room
|upkeep
|turn|17
|
|t:|1769332197
|switch|p2a: Bronzong|Bronzong, shiny, tera:Fighting|100/100
|-terastallize|p1a: Hydrapple|Steel
|move|p1a: Hydrapple|Giga Drain|p2a: Bronzong
|-damage|p2a: Bronzong|69/100
|-heal|p1a: Hydrapple|64/100|[from] drain|[of] p2a: Bronzong
|
|upkeep
|turn|18
|
|t:|1769332203
|move|p1a: Hydrapple|Nasty Plot|p1a: Hydrapple
|-boost|p1a: Hydrapple|spa|2
|move|p2a: Bronzong|Trick Room|p2a: Bronzong
|-fieldstart|move: Trick Room|[of] p2a: Bronzong
|
|upkeep
|turn|19
|
|t:|1769332209
|move|p2a: Bronzong|Body Press|p1a: Hydrapple
|-supereffective|p1a: Hydrapple
|-damage|p1a: Hydrapple|16/100
|move|p1a: Hydrapple|Giga Drain|p2a: Bronzong
|-damage|p2a: Bronzong|4/100
|-heal|p1a: Hydrapple|38/100|[from] drain|[of] p2a: Bronzong
|
|upkeep
|turn|20
|
|t:|1769332215
|move|p2a: Bronzong|Body Press|p1a: Hydrapple
|-supereffective|p1a: Hydrapple
|-damage|p1a: Hydrapple|0 fnt
|faint|p1a: Hydrapple
|
|upkeep
|
|t:|1769332217
|switch|p1a: Darkrai|Darkrai|100/100
|turn|21
|
|t:|1769332229
|move|p2a: Bronzong|Body Press|p1a: Darkrai
|-supereffective|p1a: Darkrai
|-damage|p1a: Darkrai|0 fnt
|faint|p1a: Darkrai
|
|win|besovshina
|raw|floatyazr's rating: 1099 &rarr; <strong>1081</strong><br />(-18 for losing)
|raw|besovshina's rating: 1191 &rarr; <strong>1210</strong><br />(+19 for winning)
|l|☆floatyazr
|player|p1|
|l|‽besovshina
|player|p2|
