|j|☆topmanbladee
|j|☆Leap Call
|t:|1769390943
|gametype|singles
|player|p1|topmanbladee|170|1588
|player|p2|Leap Call|170|1542
|gen|9
|tier|[Gen 9] OU
|rated|
|rule|HP Percentage Mod: HP is shown in percentages
|rule|Endless Battle Clause: Forcing endless battles is banned
|rule|Species Clause: Limit one of each Pokémon
|rule|OHKO Clause: OHKO moves are banned
|rule|Evasion Items Clause: Evasion items are banned
|rule|Evasion Moves Clause: Evasion moves are banned
|rule|Evasion Abilities Clause: Evasion abilities are banned
|rule|Sleep Moves Clause: Sleep-inducing moves are banned
|clearpoke
|poke|p1|Kyurem|
|poke|p1|Cinderace, M|
|poke|p1|Tornadus-Therian, M|
|poke|p1|Hatterene, F|
|poke|p1|Great Tusk|
|poke|p1|Kingambit, F|
|poke|p2|Ninetales, F|
|poke|p2|Walking Wake|
|poke|p2|Lilligant-Hisui, F|
|poke|p2|Great Tusk|
|poke|p2|Ceruledge, M|
|poke|p2|Orthworm, F|
|teampreview
|inactive|Battle timer is ON: inactive players will automatically lose when time's up. (requested by topmanbladee)
|
|t:|1769390954
|teamsize|p1|6
|teamsize|p2|6
|start
|switch|p1a: Kyurem|Kyurem|100/100
|switch|p2a: Orthworm|Orthworm, F, shiny|100/100
|-ability|p1a: Kyurem|Pressure
|turn|1
|
|t:|1769390962
|switch|p1a: Tornadus|Tornadus-Therian, M|100/100
|move|p2a: Orthworm|Body Press|p1a: Tornadus
|-resisted|p1a: Tornadus
|-damage|p1a: Tornadus|80/100
|
|upkeep
|turn|2
|
|t:|1769390964
|move|p1a: Tornadus|Knock Off|p2a: Orthworm
|-damage|p2a: Orthworm|89/100
|-enditem|p2a: Orthworm|Leftovers|[from] move: Knock Off|[of] p1a: Tornadus
|move|p2a: Orthworm|Stealth Rock|p1a: Tornadus
|-sidestart|p1: topmanbladee|move: Stealth Rock
|
|upkeep
|turn|3
|
|t:|1769390968
|move|p1a: Tornadus|Heat Wave|p2a: Orthworm
|-supereffective|p2a: Orthworm
|-crit|p2a: Orthworm
|-damage|p2a: Orthworm|0 fnt
|faint|p2a: Orthworm
|
|upkeep
|
|t:|1769390971
|switch|p2a: Ninetales|Ninetales, F|100/100
|-weather|SunnyDay|[from] ability: Drought|[of] p2a: Ninetales
|turn|4
|
|t:|1769390978
|move|p1a: Tornadus|Knock Off|p2a: Ninetales
|-damage|p2a: Ninetales|74/100
|-enditem|p2a: Ninetales|Heat Rock|[from] move: Knock Off|[of] p1a: Tornadus
|move|p2a: Ninetales|Weather Ball|p1a: Tornadus
|-damage|p1a: Tornadus|50/100
|
|-weather|SunnyDay|[upkeep]
|upkeep
|turn|5
|
|t:|1769390985
|move|p1a: Tornadus|Bleakwind Storm|p2a: Ninetales
|-damage|p2a: Ninetales|39/100
|move|p2a: Ninetales|Weather Ball|p1a: Tornadus
|-damage|p1a: Tornadus|22/100
|
|-weather|SunnyDay|[upkeep]
|upkeep
|turn|6
|
|t:|1769390993
|move|p1a: Tornadus|U-turn|p2a: Ninetales
|-resisted|p2a: Ninetales
|-damage|p2a: Ninetales|29/100
|
|t:|1769390996
|switch|p1a: Cinderace|Cinderace, M|100/100|[from] U-turn
|move|p2a: Ninetales|Weather Ball|p1a: Cinderace
|-resisted|p1a: Cinderace
|-damage|p1a: Cinderace|71/100
|
|-weather|SunnyDay|[upkeep]
|upkeep
|turn|7
|
|t:|1769390999
|move|p1a: Cinderace|Pyro Ball|p2a: Ninetales
|-resisted|p2a: Ninetales
|-damage|p2a: Ninetales|0 fnt
|faint|p2a: Ninetales
|
|-weather|SunnyDay|[upkeep]
|upkeep
|
|t:|1769391002
|switch|p2a: Lilligant|Lilligant-Hisui, F|100/100
|turn|8
|
|t:|1769391005
|-terastallize|p2a: Lilligant|Ghost
|move|p1a: Cinderace|Pyro Ball|p2a: Lilligant
|-damage|p2a: Lilligant|0 fnt
|faint|p2a: Lilligant
|
|-weather|SunnyDay|[upkeep]
|upkeep
|-message|Leap Call forfeited.
|
|win|topmanbladee
|raw|topmanbladee's rating: 1588 &rarr; <strong>1605</strong><br />(+17 for winning)
|raw|Leap Call's rating: 1542 &rarr; <strong>1525</strong><br />(-17 for losing)
|l|☆Leap Call
|player|p2|
|l|☆topmanbladee
|player|p1|
