|j|☆Aadltya
|j|☆Qbbandrew
|t:|1769364776
|gametype|singles
|player|p1|Aadltya|101|1000
|player|p2|Qbbandrew|lucas|1000
|gen|9
|tier|[Gen 9] OU
|rated|
|rule|HP Percentage Mod: HP is shown in percentages
|rule|Endless Battle Clause: Forcing endless battles is banned
|rule|Species Clause: Limit one of each Pokémon
|rule|OHKO Clause: OHKO moves are banned
|rule|Evasion Items Clause: Evasion items are banned
|rule|Evasion Moves Clause: Evasion moves are banned
|rule|Evasion Abilities Clause: Evasion abilities are banned
|rule|Sleep Moves Clause: Sleep-inducing moves are banned
|clearpoke
|poke|p1|Maushold-Four|
|poke|p1|Kingambit, M|
|poke|p1|Blaziken, M|
|poke|p1|Gliscor, M|
|poke|p1|Swampert, M|
|poke|p1|Deoxys-Speed|
|poke|p2|Pelipper, M|
|poke|p2|Cramorant, F|
|teampreview
|c|☆Aadltya|gl
|c|☆Qbbandrew|Ggs already
|c|☆Qbbandrew|temp never loses
|c|☆Aadltya|ur as
|inactive|Battle timer is ON: inactive players will automatically lose when time's up. (requested by Qbbandrew)
|c|☆Qbbandrew|What was that
|
|t:|1769364804
|teamsize|p1|6
|teamsize|p2|2
|start
|switch|p1a: Deoxys|Deoxys-Speed|100/100
|switch|p2a: Pelipper|Pelipper, M|100/100
|-ability|p1a: Deoxys|Pressure
|-weather|RainDance|[from] ability: Drizzle|[of] p2a: Pelipper
|turn|1
|c|☆Aadltya|ur ass
|
|t:|1769364812
|move|p1a: Deoxys|Taunt|p2a: Pelipper
|-start|p2a: Pelipper|move: Taunt
|cant|p2a: Pelipper|move: Taunt|Tailwind
|
|-weather|RainDance|[upkeep]
|upkeep
|turn|2
|c|☆Qbbandrew|Excuse me
|
|t:|1769364829
|move|p1a: Deoxys|Light Screen|p1a: Deoxys
|-sidestart|p1: Aadltya|move: Light Screen
|move|p2a: Pelipper|Weather Ball|p1a: Deoxys
|-damage|p1a: Deoxys|72/100
|
|-weather|RainDance|[upkeep]
|upkeep
|turn|3
|
|t:|1769364834
|move|p1a: Deoxys|Reflect|p1a: Deoxys
|-sidestart|p1: Aadltya|Reflect
|move|p2a: Pelipper|Weather Ball|p1a: Deoxys
|-damage|p1a: Deoxys|41/100
|
|-weather|RainDance|[upkeep]
|-end|p2a: Pelipper|move: Taunt
|upkeep
|turn|4
|
|t:|1769364840
|move|p1a: Deoxys|Taunt|p2a: Pelipper
|-start|p2a: Pelipper|move: Taunt
|cant|p2a: Pelipper|move: Taunt|Tailwind
|
|-weather|RainDance|[upkeep]
|upkeep
|turn|5
|
|t:|1769364844
|move|p1a: Deoxys|Extreme Speed|p2a: Pelipper
|-damage|p2a: Pelipper|87/100
|move|p2a: Pelipper|Weather Ball|p1a: Deoxys
|-damage|p1a: Deoxys|8/100
|
|-weather|RainDance|[upkeep]
|upkeep
|turn|6
|
|t:|1769364852
|-terastallize|p1a: Deoxys|Psychic
|move|p1a: Deoxys|Taunt||[still]
|-fail|p1a: Deoxys
|move|p2a: Pelipper|Weather Ball|p1a: Deoxys
|-damage|p1a: Deoxys|0 fnt
|faint|p1a: Deoxys
|
|-weather|RainDance|[upkeep]
|-end|p2a: Pelipper|move: Taunt
|upkeep
|
|t:|1769364861
|switch|p1a: Maushold|Maushold-Four|100/100
|turn|7
|
|t:|1769364867
|move|p1a: Maushold|Population Bomb|p2a: Pelipper
|-damage|p2a: Pelipper|78/100
|-damage|p2a: Pelipper|69/100
|-damage|p2a: Pelipper|59/100
|-damage|p2a: Pelipper|50/100
|-damage|p2a: Pelipper|42/100
|-hitcount|p2a: Pelipper|5
|move|p2a: Pelipper|Tailwind|p2a: Pelipper
|-sidestart|p2: Qbbandrew|move: Tailwind
|
|-weather|RainDance|[upkeep]
|upkeep
|turn|8
|
|t:|1769364893
|switch|p2a: Cramorant|Cramorant, F|100/100
|move|p1a: Maushold|Population Bomb|p2a: Cramorant
|-damage|p2a: Cramorant|80/100
|-damage|p2a: Cramorant|57/100
|-damage|p2a: Cramorant|35/100
|-damage|p2a: Cramorant|15/100
|-damage|p2a: Cramorant|0 fnt
|faint|p2a: Cramorant
|-hitcount|p2: Cramorant|5
|
|-weather|none
|upkeep
|
|t:|1769364895
|switch|p2a: Pelipper|Pelipper, M|42/100
|-weather|RainDance|[from] ability: Drizzle|[of] p2a: Pelipper
|turn|9
|
|t:|1769364907
|move|p1a: Maushold|Population Bomb|p2a: Pelipper|[miss]
|-miss|p1a: Maushold|p2a: Pelipper
|move|p2a: Pelipper|Weather Ball|p1a: Maushold
|-damage|p1a: Maushold|63/100
|
|-weather|RainDance|[upkeep]
|-sideend|p1: Aadltya|move: Light Screen
|upkeep
|turn|10
|
|t:|1769364935
|move|p1a: Maushold|Population Bomb|p2a: Pelipper
|-damage|p2a: Pelipper|33/100
|-damage|p2a: Pelipper|24/100
|-damage|p2a: Pelipper|15/100
|-damage|p2a: Pelipper|6/100
|-damage|p2a: Pelipper|0 fnt
|faint|p2a: Pelipper
|-hitcount|p2: Pelipper|5
|
|win|Aadltya
|raw|Aadltya's rating: 1000 &rarr; <strong>1040</strong><br />(+40 for winning)
|raw|Qbbandrew's rating: 1000 &rarr; <strong>1000</strong><br />(+0 for losing)
|c|☆Aadltya|ur as
|l|☆Aadltya
|player|p1|
|c|☆Qbbandrew|Hello
|c|☆Qbbandrew|Do you late to everyone like that
|c|☆Qbbandrew|like what
|c|☆Qbbandrew|You don’t curse at people like that
