|j|☆plol1
|j|☆e88ms
|t:|1769379460
|gametype|singles
|player|p1|plol1|preschooler|1114
|player|p2|e88ms|1|1137
|gen|9
|tier|[Gen 9] OU
|rated|
|rule|HP Percentage Mod: HP is shown in percentages
|rule|Endless Battle Clause: Forcing endless battles is banned
|rule|Species Clause: Limit one of each Pokémon
|rule|OHKO Clause: OHKO moves are banned
|rule|Evasion Items Clause: Evasion items are banned
|rule|Evasion Moves Clause: Evasion moves are banned
|rule|Evasion Abilities Clause: Evasion abilities are banned
|rule|Sleep Moves Clause: Sleep-inducing moves are banned
|clearpoke
|poke|p1|Pelipper, M|
|poke|p1|Politoed, F|
|poke|p1|Manaphy|
|poke|p1|Dewgong, F|
|poke|p1|Vaporeon, F|
|poke|p1|Lumineon, M|
|poke|p2|Wo-Chien|
|poke|p2|Cinderace, F|
|poke|p2|Gholdengo|
|poke|p2|Landorus-Therian, M|
|poke|p2|Zapdos|
|poke|p2|Ogerpon-Wellspring, F|
|teampreview
|
|t:|1769379480
|teamsize|p1|6
|teamsize|p2|6
|start
|switch|p1a: Pelipper|Pelipper, M|100/100
|switch|p2a: Zapdos|Zapdos|100/100
|-weather|RainDance|[from] ability: Drizzle|[of] p1a: Pelipper
|turn|1
|
|t:|1769379495
|switch|p1a: Dewgong|Dewgong, F|100/100
|move|p2a: Zapdos|U-turn|p1a: Dewgong
|-damage|p1a: Dewgong|85/100
|
|t:|1769379515
|switch|p2a: Ogerpon|Ogerpon-Wellspring, F|100/100|[from] U-turn
|
|-weather|RainDance|[upkeep]
|upkeep
|turn|2
|
|t:|1769379527
|move|p1a: Dewgong|Fake Out|p2a: Ogerpon
|-damage|p2a: Ogerpon|86/100
|cant|p2a: Ogerpon|flinch
|
|-weather|RainDance|[upkeep]
|upkeep
|turn|3
|
|t:|1769379546
|move|p2a: Ogerpon|Trailblaze|p1a: Dewgong
|-supereffective|p1a: Dewgong
|-crit|p1a: Dewgong
|-damage|p1a: Dewgong|0 fnt
|-boost|p2a: Ogerpon|spe|1
|faint|p1a: Dewgong
|
|-weather|RainDance|[upkeep]
|upkeep
|
|t:|1769379557
|switch|p1a: Lumineon|Lumineon, M|100/100
|turn|4
|
|t:|1769379568
|move|p1a: Lumineon|Ice Beam|p2a: Ogerpon
|-damage|p2a: Ogerpon|60/100
|-status|p2a: Ogerpon|frz
|cant|p2a: Ogerpon|frz
|
|-weather|RainDance|[upkeep]
|upkeep
|turn|5
|
|t:|1769379578
|switch|p2a: Gholdengo|Gholdengo|100/100
|move|p1a: Lumineon|Alluring Voice|p2a: Gholdengo
|-resisted|p2a: Gholdengo
|-damage|p2a: Gholdengo|88/100
|
|-weather|RainDance|[upkeep]
|upkeep
|turn|6
|
|t:|1769379590
|move|p1a: Lumineon|U-turn|p2a: Gholdengo
|-resisted|p2a: Gholdengo
|-damage|p2a: Gholdengo|85/100
|
|t:|1769379600
|switch|p1a: Manaphy|Manaphy|100/100|[from] U-turn
|move|p2a: Gholdengo|Shadow Ball|p1a: Manaphy
|-crit|p1a: Manaphy
|-damage|p1a: Manaphy|43/100
|
|-weather|RainDance|[upkeep]
|-heal|p1a: Manaphy|49/100|[from] item: Leftovers
|upkeep
|turn|7
|
|t:|1769379612
|move|p2a: Gholdengo|Shadow Ball|p1a: Manaphy
|-damage|p1a: Manaphy|10/100
|move|p1a: Manaphy|Rest|p1a: Manaphy
|-status|p1a: Manaphy|slp|[from] move: Rest
|-heal|p1a: Manaphy|100/100 slp|[silent]
|
|-weather|RainDance|[upkeep]
|-activate|p1a: Manaphy|ability: Hydration
|-curestatus|p1a: Manaphy|slp|[msg]
|upkeep
|turn|8
|
|t:|1769379623
|switch|p2a: Ogerpon|Ogerpon-Wellspring, F|60/100 frz
|move|p1a: Manaphy|Scald|p2a: Ogerpon
|-heal|p2a: Ogerpon|85/100 frz|[from] ability: Water Absorb|[of] p1a: Manaphy
|
|-weather|none
|upkeep
|turn|9
|
|t:|1769379633
|cant|p2a: Ogerpon|frz
|move|p1a: Manaphy|Energy Ball|p2a: Ogerpon
|-damage|p2a: Ogerpon|48/100 frz
|
|upkeep
|turn|10
|
|t:|1769379648
|switch|p2a: Wo-Chien|Wo-Chien|100/100
|-ability|p2a: Wo-Chien|Tablets of Ruin
|move|p1a: Manaphy|Energy Ball|p2a: Wo-Chien
|-resisted|p2a: Wo-Chien
|-damage|p2a: Wo-Chien|90/100
|
|-heal|p2a: Wo-Chien|96/100|[from] item: Leftovers
|upkeep
|turn|11
|
|t:|1769379665
|move|p1a: Manaphy|Scald|p2a: Wo-Chien
|-resisted|p2a: Wo-Chien
|-damage|p2a: Wo-Chien|82/100
|move|p2a: Wo-Chien|Leech Seed|p1a: Manaphy
|-start|p1a: Manaphy|move: Leech Seed
|
|-heal|p2a: Wo-Chien|88/100|[from] item: Leftovers
|-damage|p1a: Manaphy|88/100|[from] Leech Seed|[of] p2a: Wo-Chien
|-heal|p2a: Wo-Chien|100/100|[silent]
|upkeep
|turn|12
|
|t:|1769379675
|switch|p1a: Pelipper|Pelipper, M|100/100
|-weather|RainDance|[from] ability: Drizzle|[of] p1a: Pelipper
|move|p2a: Wo-Chien|Knock Off|p1a: Pelipper
|-damage|p1a: Pelipper|83/100
|-enditem|p1a: Pelipper|Damp Rock|[from] move: Knock Off|[of] p2a: Wo-Chien
|
|-weather|RainDance|[upkeep]
|upkeep
|turn|13
|
|t:|1769379688
|move|p2a: Wo-Chien|Protect|p2a: Wo-Chien
|-singleturn|p2a: Wo-Chien|Protect
|move|p1a: Pelipper|Hurricane|p2a: Wo-Chien
|-activate|p2a: Wo-Chien|move: Protect
|
|-weather|RainDance|[upkeep]
|upkeep
|turn|14
|
|t:|1769379694
|switch|p2a: Gholdengo|Gholdengo|85/100
|move|p1a: Pelipper|Hurricane|p2a: Gholdengo
|-resisted|p2a: Gholdengo
|-damage|p2a: Gholdengo|63/100
|
|-weather|RainDance|[upkeep]
|upkeep
|turn|15
|
|t:|1769379712
|move|p2a: Gholdengo|Power Gem|p1a: Pelipper
|-supereffective|p1a: Pelipper
|-damage|p1a: Pelipper|1/100
|move|p1a: Pelipper|Weather Ball|p2a: Gholdengo
|-crit|p2a: Gholdengo
|-damage|p2a: Gholdengo|0 fnt
|faint|p2a: Gholdengo
|
|-weather|RainDance|[upkeep]
|upkeep
|
|t:|1769379729
|switch|p2a: Cinderace|Cinderace, F|100/100
|turn|16
|inactive|Battle timer is ON: inactive players will automatically lose when time's up. (requested by plol1)
|
|t:|1769379749
|move|p2a: Cinderace|Trailblaze|p1a: Pelipper
|-start|p2a: Cinderace|typechange|Grass|[from] ability: Libero
|-damage|p1a: Pelipper|0 fnt
|-boost|p2a: Cinderace|spe|1
|faint|p1a: Pelipper
|
|-weather|RainDance|[upkeep]
|upkeep
|
|t:|1769379766
|switch|p1a: Lumineon|Lumineon, M|100/100
|turn|17
|
|t:|1769379775
|move|p1a: Lumineon|Ice Beam|p2a: Cinderace
|-supereffective|p2a: Cinderace
|-damage|p2a: Cinderace|33/100
|move|p2a: Cinderace|Trailblaze|p1a: Lumineon
|-supereffective|p1a: Lumineon
|-damage|p1a: Lumineon|12/100
|-boost|p2a: Cinderace|spe|1
|
|-weather|RainDance|[upkeep]
|upkeep
|turn|18
|
|t:|1769379790
|move|p2a: Cinderace|Trailblaze|p1a: Lumineon
|-supereffective|p1a: Lumineon
|-damage|p1a: Lumineon|0 fnt
|-boost|p2a: Cinderace|spe|1
|faint|p1a: Lumineon
|
|-weather|RainDance|[upkeep]
|upkeep
|
|t:|1769379813
|switch|p1a: Manaphy|Manaphy|88/100
|turn|19
|
|t:|1769379827
|move|p2a: Cinderace|Trailblaze|p1a: Manaphy
|-supereffective|p1a: Manaphy
|-damage|p1a: Manaphy|50/100
|-boost|p2a: Cinderace|spe|1
|move|p1a: Manaphy|Heart Swap|p2a: Cinderace
|-swapboost|p1a: Manaphy|p2a: Cinderace|[from] move: Heart Swap
|
|-weather|none
|-heal|p1a: Manaphy|57/100|[from] item: Leftovers
|upkeep
|turn|20
|
|t:|1769379839
|switch|p2a: Ogerpon|Ogerpon-Wellspring, F|48/100 frz
|move|p1a: Manaphy|Scald|p2a: Ogerpon
|-heal|p2a: Ogerpon|73/100 frz|[from] ability: Water Absorb|[of] p1a: Manaphy
|
|-heal|p1a: Manaphy|63/100|[from] item: Leftovers
|upkeep
|turn|21
|
|t:|1769379849
|switch|p1a: Politoed|Politoed, F|100/100
|-weather|RainDance|[from] ability: Drizzle|[of] p1a: Politoed
|cant|p2a: Ogerpon|frz
|
|-weather|RainDance|[upkeep]
|upkeep
|turn|22
|
|t:|1769379860
|cant|p2a: Ogerpon|frz
|move|p1a: Politoed|Earth Power|p2a: Ogerpon
|-resisted|p2a: Ogerpon
|-damage|p2a: Ogerpon|57/100 frz
|
|-weather|RainDance|[upkeep]
|upkeep
|turn|23
|
|t:|1769379869
|cant|p2a: Ogerpon|frz
|move|p1a: Politoed|Earth Power|p2a: Ogerpon
|-resisted|p2a: Ogerpon
|-damage|p2a: Ogerpon|43/100 frz
|-unboost|p2a: Ogerpon|spd|1
|
|-weather|RainDance|[upkeep]
|upkeep
|turn|24
|
|t:|1769379879
|switch|p2a: Wo-Chien|Wo-Chien|100/100
|-ability|p2a: Wo-Chien|Tablets of Ruin
|move|p1a: Politoed|Earth Power|p2a: Wo-Chien
|-resisted|p2a: Wo-Chien
|-damage|p2a: Wo-Chien|92/100
|
|-weather|RainDance|[upkeep]
|-heal|p2a: Wo-Chien|98/100|[from] item: Leftovers
|upkeep
|turn|25
|
|t:|1769379890
|move|p2a: Wo-Chien|Leech Seed|p1a: Politoed
|-start|p1a: Politoed|move: Leech Seed
|move|p1a: Politoed|Muddy Water|p2a: Wo-Chien
|-resisted|p2a: Wo-Chien
|-crit|p2a: Wo-Chien
|-damage|p2a: Wo-Chien|67/100
|
|-weather|RainDance|[upkeep]
|-heal|p2a: Wo-Chien|73/100|[from] item: Leftovers
|-damage|p1a: Politoed|88/100|[from] Leech Seed|[of] p2a: Wo-Chien
|-heal|p2a: Wo-Chien|86/100|[silent]
|upkeep
|turn|26
|
|t:|1769379900
|move|p2a: Wo-Chien|Knock Off|p1a: Politoed
|-damage|p1a: Politoed|60/100
|-enditem|p1a: Politoed|Damp Rock|[from] move: Knock Off|[of] p2a: Wo-Chien
|move|p1a: Politoed|Weather Ball|p2a: Wo-Chien
|-resisted|p2a: Wo-Chien
|-crit|p2a: Wo-Chien
|-damage|p2a: Wo-Chien|48/100
|
|-weather|RainDance|[upkeep]
|-heal|p2a: Wo-Chien|55/100|[from] item: Leftovers
|-damage|p1a: Politoed|47/100|[from] Leech Seed|[of] p2a: Wo-Chien
|-heal|p2a: Wo-Chien|67/100|[silent]
|upkeep
|turn|27
|
|t:|1769379913
|switch|p1a: Manaphy|Manaphy|63/100
|move|p2a: Wo-Chien|Protect||[still]
|-fail|p2a: Wo-Chien
|
|-weather|RainDance|[upkeep]
|-heal|p1a: Manaphy|69/100|[from] item: Leftovers
|-heal|p2a: Wo-Chien|73/100|[from] item: Leftovers
|upkeep
|turn|28
|
|t:|1769379924
|move|p1a: Manaphy|Rest|p1a: Manaphy
|-status|p1a: Manaphy|slp|[from] move: Rest
|-heal|p1a: Manaphy|100/100 slp|[silent]
|move|p2a: Wo-Chien|Leech Seed|p1a: Manaphy|[miss]
|-miss|p2a: Wo-Chien|p1a: Manaphy
|
|-weather|none
|-heal|p2a: Wo-Chien|79/100|[from] item: Leftovers
|upkeep
|turn|29
|
|t:|1769379935
|cant|p1a: Manaphy|slp
|move|p2a: Wo-Chien|Leech Seed|p1a: Manaphy|[miss]
|-miss|p2a: Wo-Chien|p1a: Manaphy
|
|-heal|p2a: Wo-Chien|86/100|[from] item: Leftovers
|upkeep
|turn|30
|
|t:|1769379940
|switch|p1a: Politoed|Politoed, F|47/100
|-weather|RainDance|[from] ability: Drizzle|[of] p1a: Politoed
|move|p2a: Wo-Chien|Knock Off|p1a: Politoed
|-damage|p1a: Politoed|28/100
|
|-weather|RainDance|[upkeep]
|-heal|p2a: Wo-Chien|92/100|[from] item: Leftovers
|upkeep
|turn|31
|
|t:|1769379957
|switch|p1a: Manaphy|Manaphy|100/100 slp
|move|p2a: Wo-Chien|Leech Seed|p1a: Manaphy
|-start|p1a: Manaphy|move: Leech Seed
|
|-weather|RainDance|[upkeep]
|-activate|p1a: Manaphy|ability: Hydration
|-curestatus|p1a: Manaphy|slp|[msg]
|-heal|p2a: Wo-Chien|98/100|[from] item: Leftovers
|-damage|p1a: Manaphy|88/100|[from] Leech Seed|[of] p2a: Wo-Chien
|-heal|p2a: Wo-Chien|100/100|[silent]
|upkeep
|turn|32
|
|t:|1769379979
|switch|p1a: Vaporeon|Vaporeon, F|100/100
|move|p2a: Wo-Chien|Knock Off|p1a: Vaporeon
|-damage|p1a: Vaporeon|69/100
|-enditem|p1a: Vaporeon|Leftovers|[from] move: Knock Off|[of] p2a: Wo-Chien
|
|-weather|RainDance|[upkeep]
|upkeep
|turn|33
|
|t:|1769379988
|move|p2a: Wo-Chien|Leech Seed|p1a: Vaporeon
|-start|p1a: Vaporeon|move: Leech Seed
|move|p1a: Vaporeon|Ice Beam|p2a: Wo-Chien
|-supereffective|p2a: Wo-Chien
|-damage|p2a: Wo-Chien|56/100
|
|-weather|RainDance|[upkeep]
|-heal|p2a: Wo-Chien|62/100|[from] item: Leftovers
|-damage|p1a: Vaporeon|56/100|[from] Leech Seed|[of] p2a: Wo-Chien
|-heal|p2a: Wo-Chien|77/100|[silent]
|upkeep
|turn|34
|
|t:|1769379998
|switch|p2a: Ogerpon|Ogerpon-Wellspring, F|43/100 frz
|move|p1a: Vaporeon|Rest|p1a: Vaporeon
|-status|p1a: Vaporeon|slp|[from] move: Rest
|-heal|p1a: Vaporeon|100/100 slp|[silent]
|
|-weather|none
|-damage|p1a: Vaporeon|88/100 slp|[from] Leech Seed|[of] p2a: Ogerpon
|-heal|p2a: Ogerpon|62/100 frz|[silent]
|upkeep
|turn|35
|
|t:|1769380008
|switch|p1a: Politoed|Politoed, F|28/100
|-weather|RainDance|[from] ability: Drizzle|[of] p1a: Politoed
|cant|p2a: Ogerpon|frz
|
|-weather|RainDance|[upkeep]
|upkeep
|turn|36
|
|t:|1769380018
|switch|p1a: Manaphy|Manaphy|88/100
|cant|p2a: Ogerpon|frz
|
|-weather|RainDance|[upkeep]
|-heal|p1a: Manaphy|94/100|[from] item: Leftovers
|upkeep
|turn|37
|
|t:|1769380028
|cant|p2a: Ogerpon|frz
|move|p1a: Manaphy|Energy Ball|p2a: Ogerpon
|-damage|p2a: Ogerpon|28/100 frz
|
|-weather|RainDance|[upkeep]
|-heal|p1a: Manaphy|100/100|[from] item: Leftovers
|upkeep
|turn|38
|
|t:|1769380043
|switch|p2a: Wo-Chien|Wo-Chien|77/100
|-ability|p2a: Wo-Chien|Tablets of Ruin
|move|p1a: Manaphy|Energy Ball|p2a: Wo-Chien
|-resisted|p2a: Wo-Chien
|-damage|p2a: Wo-Chien|68/100
|
|-weather|RainDance|[upkeep]
|-heal|p2a: Wo-Chien|74/100|[from] item: Leftovers
|upkeep
|turn|39
|
|t:|1769380057
|switch|p1a: Vaporeon|Vaporeon, F|88/100 slp
|move|p2a: Wo-Chien|Knock Off|p1a: Vaporeon
|-damage|p1a: Vaporeon|68/100 slp
|
|-weather|none
|-heal|p2a: Wo-Chien|80/100|[from] item: Leftovers
|upkeep
|turn|40
|
|t:|1769380068
|move|p2a: Wo-Chien|Leech Seed|p1a: Vaporeon
|-start|p1a: Vaporeon|move: Leech Seed
|cant|p1a: Vaporeon|slp
|
|-heal|p2a: Wo-Chien|86/100|[from] item: Leftovers
|-damage|p1a: Vaporeon|56/100 slp|[from] Leech Seed|[of] p2a: Wo-Chien
|-heal|p2a: Wo-Chien|100/100|[silent]
|upkeep
|turn|41
|
|t:|1769380074
|switch|p2a: Ogerpon|Ogerpon-Wellspring, F|28/100 frz
|cant|p1a: Vaporeon|slp
|
|-damage|p1a: Vaporeon|43/100 slp|[from] Leech Seed|[of] p2a: Ogerpon
|-heal|p2a: Ogerpon|47/100 frz|[silent]
|upkeep
|turn|42
|
|t:|1769380089
|-curestatus|p2a: Ogerpon|frz|[msg]
|move|p2a: Ogerpon|Trailblaze|p1a: Vaporeon
|-supereffective|p1a: Vaporeon
|-damage|p1a: Vaporeon|0 fnt
|-boost|p2a: Ogerpon|spe|1
|faint|p1a: Vaporeon
|
|upkeep
|
|t:|1769380099
|switch|p1a: Manaphy|Manaphy|100/100
|turn|43
|
|t:|1769380103
|move|p2a: Ogerpon|Trailblaze|p1a: Manaphy
|-supereffective|p1a: Manaphy
|-damage|p1a: Manaphy|48/100
|-boost|p2a: Ogerpon|spe|1
|move|p1a: Manaphy|Energy Ball|p2a: Ogerpon
|-damage|p2a: Ogerpon|13/100
|-unboost|p2a: Ogerpon|spd|1
|
|-heal|p1a: Manaphy|54/100|[from] item: Leftovers
|upkeep
|turn|44
|
|t:|1769380122
|switch|p2a: Landorus|Landorus-Therian, M|100/100
|-ability|p2a: Landorus|Intimidate|boost
|-unboost|p1a: Manaphy|atk|1
|move|p1a: Manaphy|Energy Ball|p2a: Landorus
|-damage|p2a: Landorus|63/100
|
|-heal|p2a: Landorus|69/100|[from] item: Leftovers
|-heal|p1a: Manaphy|60/100|[from] item: Leftovers
|upkeep
|turn|45
|
|t:|1769380135
|switch|p2a: Ogerpon|Ogerpon-Wellspring, F|13/100
|move|p1a: Manaphy|Energy Ball|p2a: Ogerpon
|-damage|p2a: Ogerpon|0 fnt
|faint|p2a: Ogerpon
|
|-heal|p1a: Manaphy|67/100|[from] item: Leftovers
|upkeep
|
|t:|1769380142
|switch|p2a: Zapdos|Zapdos|100/100
|turn|46
|
|t:|1769380155
|switch|p1a: Politoed|Politoed, F|28/100
|-weather|RainDance|[from] ability: Drizzle|[of] p1a: Politoed
|move|p2a: Zapdos|Discharge|p1a: Politoed
|-supereffective|p1a: Politoed
|-damage|p1a: Politoed|0 fnt
|faint|p1a: Politoed
|
|-weather|RainDance|[upkeep]
|upkeep
|
|t:|1769380168
|switch|p1a: Manaphy|Manaphy|67/100
|turn|47
|
|t:|1769380178
|-terastallize|p1a: Manaphy|Water
|move|p2a: Zapdos|Discharge|p1a: Manaphy
|-supereffective|p1a: Manaphy
|-damage|p1a: Manaphy|0 fnt
|faint|p1a: Manaphy
|
|win|e88ms
|raw|plol1's rating: 1114 &rarr; <strong>1091</strong><br />(-23 for losing)
|raw|e88ms's rating: 1137 &rarr; <strong>1160</strong><br />(+23 for winning)
|l|☆plol1
|player|p1|
|l|☆e88ms
|player|p2|
