|j|‽xhdhjs10
|j|☆Incognito260
|t:|1769342968
|gametype|singles
|player|p1|xhdhjs10|bugcatcher-gen4dp|1458
|player|p2|Incognito260|hilbert|1481
|gen|9
|tier|[Gen 9] OU
|rated|
|rule|HP Percentage Mod: HP is shown in percentages
|rule|Endless Battle Clause: Forcing endless battles is banned
|rule|Species Clause: Limit one of each Pokémon
|rule|OHKO Clause: OHKO moves are banned
|rule|Evasion Items Clause: Evasion items are banned
|rule|Evasion Moves Clause: Evasion moves are banned
|rule|Evasion Abilities Clause: Evasion abilities are banned
|rule|Sleep Moves Clause: Sleep-inducing moves are banned
|clearpoke
|poke|p1|Great Tusk|
|poke|p1|Cinderace, F|
|poke|p1|Slowking-Galar, F|
|poke|p1|Kingambit, M|
|poke|p1|Raging Bolt|
|poke|p1|Tornadus-Therian, M|
|poke|p2|Iron Hands|
|poke|p2|Kingambit, M|
|poke|p2|Primarina, F|
|poke|p2|Enamorus-Therian, F|
|poke|p2|Zamazenta-*|
|poke|p2|Rillaboom, F|
|teampreview
|inactive|Battle timer is ON: inactive players will automatically lose when time's up. (requested by Incognito260)
|
|t:|1769342972
|teamsize|p1|6
|teamsize|p2|6
|start
|switch|p1a: Tornadus|Tornadus-Therian, M|100/100
|switch|p2a: Enamorus|Enamorus-Therian, F|100/100
|turn|1
|
|t:|1769342976
|move|p1a: Tornadus|Bleakwind Storm|p2a: Enamorus|[miss]
|-miss|p1a: Tornadus|p2a: Enamorus
|move|p2a: Enamorus|Agility|p2a: Enamorus
|-boost|p2a: Enamorus|spe|2
|
|upkeep
|turn|2
|
|t:|1769342980
|move|p2a: Enamorus|Mystical Fire|p1a: Tornadus
|-damage|p1a: Tornadus|67/100
|-unboost|p1a: Tornadus|spa|1
|move|p1a: Tornadus|Bleakwind Storm|p2a: Enamorus
|-damage|p2a: Enamorus|57/100
|-damage|p1a: Tornadus|57/100|[from] item: Life Orb
|
|upkeep
|turn|3
|
|t:|1769342988
|move|p2a: Enamorus|Draining Kiss|p1a: Tornadus
|-damage|p1a: Tornadus|23/100
|-heal|p2a: Enamorus|83/100|[from] drain|[of] p1a: Tornadus
|move|p1a: Tornadus|Bleakwind Storm|p2a: Enamorus
|-damage|p2a: Enamorus|35/100
|-unboost|p2a: Enamorus|spe|1
|-damage|p1a: Tornadus|14/100|[from] item: Life Orb
|
|upkeep
|turn|4
|
|t:|1769342995
|switch|p1a: Slowking|Slowking-Galar, F|100/100
|move|p2a: Enamorus|Draining Kiss|p1a: Slowking
|-resisted|p1a: Slowking
|-damage|p1a: Slowking|89/100
|-heal|p2a: Enamorus|46/100|[from] drain|[of] p1a: Slowking
|
|-heal|p1a: Slowking|95/100|[from] item: Leftovers
|upkeep
|turn|5
|
|t:|1769342997
|-terastallize|p2a: Enamorus|Ground
|move|p2a: Enamorus|Earth Power|p1a: Slowking
|-supereffective|p1a: Slowking
|-damage|p1a: Slowking|21/100
|-unboost|p1a: Slowking|spd|1
|move|p1a: Slowking|Future Sight|p2a: Enamorus
|-start|p1a: Slowking|move: Future Sight
|
|-heal|p1a: Slowking|27/100|[from] item: Leftovers
|upkeep
|turn|6
|
|t:|1769343005
|-terastallize|p1a: Slowking|Flying
|move|p2a: Enamorus|Draining Kiss|p1a: Slowking
|-crit|p1a: Slowking
|-damage|p1a: Slowking|0 fnt
|-heal|p2a: Enamorus|72/100|[from] drain|[of] p1a: Slowking
|faint|p1a: Slowking
|
|upkeep
|
|t:|1769343010
|switch|p1a: Cinderace|Cinderace, F|100/100
|turn|7
|
|t:|1769343012
|move|p1a: Cinderace|High Jump Kick|p2a: Enamorus
|-start|p1a: Cinderace|typechange|Fighting|[from] ability: Libero
|-damage|p2a: Enamorus|0 fnt
|faint|p2a: Enamorus
|
|-hint|Future Sight did not hit because the target is fainted.
|upkeep
|
|t:|1769343018
|switch|p2a: Primarina|Primarina, F, shiny|100/100
|turn|8
|
|t:|1769343022
|switch|p1a: Kingambit|Kingambit, M|100/100
|-activate|p1a: Kingambit|ability: Supreme Overlord
|-start|p1a: Kingambit|fallen1|[silent]
|-item|p1a: Kingambit|Air Balloon
|move|p2a: Primarina|Moonblast|p1a: Kingambit
|-damage|p1a: Kingambit|44/100
|-unboost|p1a: Kingambit|spa|1
|-enditem|p1a: Kingambit|Air Balloon
|
|upkeep
|turn|9
|
|t:|1769343025
|move|p1a: Kingambit|Iron Head|p2a: Primarina
|-damage|p2a: Primarina|33/100
|move|p2a: Primarina|Moonblast|p1a: Kingambit
|-damage|p1a: Kingambit|0 fnt
|faint|p1a: Kingambit
|-end|p1a: Kingambit|fallen1|[silent]
|
|upkeep
|
|t:|1769343028
|switch|p1a: Raging Bolt|Raging Bolt|100/100
|-enditem|p1a: Raging Bolt|Booster Energy
|-activate|p1a: Raging Bolt|ability: Protosynthesis|[fromitem]
|-start|p1a: Raging Bolt|protosynthesisspa
|turn|10
|
|t:|1769343031
|move|p1a: Raging Bolt|Thunderbolt|p2a: Primarina
|-supereffective|p2a: Primarina
|-damage|p2a: Primarina|0 fnt
|faint|p2a: Primarina
|
|upkeep
|
|t:|1769343036
|switch|p2a: Rillaboom|Rillaboom, F|100/100
|-fieldstart|move: Grassy Terrain|[from] ability: Grassy Surge|[of] p2a: Rillaboom
|turn|11
|
|t:|1769343038
|move|p2a: Rillaboom|High Horsepower|p1a: Raging Bolt
|-supereffective|p1a: Raging Bolt
|-damage|p1a: Raging Bolt|10/100
|-damage|p2a: Rillaboom|91/100|[from] item: Life Orb
|move|p1a: Raging Bolt|Draco Meteor|p2a: Rillaboom
|-damage|p2a: Rillaboom|0 fnt
|-unboost|p1a: Raging Bolt|spa|2
|faint|p2a: Rillaboom
|
|-heal|p1a: Raging Bolt|16/100|[from] Grassy Terrain
|upkeep
|
|t:|1769343042
|switch|p2a: LeBron James|Iron Hands, shiny|100/100
|-enditem|p2a: LeBron James|Booster Energy
|-activate|p2a: LeBron James|ability: Quark Drive|[fromitem]
|-start|p2a: LeBron James|quarkdriveatk
|turn|12
|
|t:|1769343047
|-end|p1a: Raging Bolt|Protosynthesis|[silent]
|switch|p1a: Great Tusk|Great Tusk|100/100
|move|p2a: LeBron James|Swords Dance|p2a: LeBron James
|-boost|p2a: LeBron James|atk|2
|
|upkeep
|turn|13
|
|t:|1769343051
|move|p1a: Great Tusk|Headlong Rush|p2a: LeBron James
|-supereffective|p2a: LeBron James
|-damage|p2a: LeBron James|31/100
|-unboost|p1a: Great Tusk|def|1
|-unboost|p1a: Great Tusk|spd|1
|move|p2a: LeBron James|Drain Punch|p1a: Great Tusk
|-damage|p1a: Great Tusk|0 fnt
|-heal|p2a: LeBron James|72/100|[from] drain|[of] p1a: Great Tusk
|-damage|p2a: LeBron James|56/100|[from] item: Rocky Helmet|[of] p1a: Great Tusk
|faint|p1a: Great Tusk
|-end|p1a: Great Tusk|Protosynthesis|[silent]
|
|-heal|p2a: LeBron James|62/100|[from] Grassy Terrain
|upkeep
|
|t:|1769343058
|switch|p1a: Tornadus|Tornadus-Therian, M|47/100
|turn|14
|
|t:|1769343059
|move|p1a: Tornadus|Bleakwind Storm|p2a: LeBron James
|-damage|p2a: LeBron James|3/100
|-unboost|p2a: LeBron James|spe|1
|-damage|p1a: Tornadus|37/100|[from] item: Life Orb
|move|p2a: LeBron James|Drain Punch|p1a: Tornadus
|-resisted|p1a: Tornadus
|-damage|p1a: Tornadus|0 fnt
|-heal|p2a: LeBron James|15/100|[from] drain|[of] p1a: Tornadus
|faint|p1a: Tornadus
|
|-heal|p2a: LeBron James|21/100|[from] Grassy Terrain
|upkeep
|
|t:|1769343065
|switch|p1a: Raging Bolt|Raging Bolt|16/100
|turn|15
|
|t:|1769343066
|move|p1a: Raging Bolt|Draco Meteor|p2a: LeBron James
|-damage|p2a: LeBron James|0 fnt
|-unboost|p1a: Raging Bolt|spa|2
|faint|p2a: LeBron James
|-end|p2a: LeBron James|Quark Drive|[silent]
|
|-heal|p1a: Raging Bolt|22/100|[from] Grassy Terrain
|-fieldend|move: Grassy Terrain
|upkeep
|
|t:|1769343069
|switch|p2a: Zamazenta|Zamazenta|100/100
|-ability|p2a: Zamazenta|Dauntless Shield|boost
|-boost|p2a: Zamazenta|def|1
|turn|16
|
|t:|1769343072
|move|p2a: Zamazenta|Close Combat|p1a: Raging Bolt
|-damage|p1a: Raging Bolt|0 fnt
|-unboost|p2a: Zamazenta|def|1
|-unboost|p2a: Zamazenta|spd|1
|faint|p1a: Raging Bolt
|-end|p1a: Raging Bolt|Protosynthesis|[silent]
|-damage|p2a: Zamazenta|91/100|[from] item: Life Orb
|
|upkeep
|
|t:|1769343074
|switch|p1a: Cinderace|Cinderace, F|100/100
|turn|17
|
|t:|1769343076
|move|p2a: Zamazenta|Close Combat|p1a: Cinderace
|-damage|p1a: Cinderace|0 fnt
|-unboost|p2a: Zamazenta|def|1
|-unboost|p2a: Zamazenta|spd|1
|faint|p1a: Cinderace
|-damage|p2a: Zamazenta|81/100|[from] item: Life Orb
|
|win|Incognito260
|raw|xhdhjs10's rating: 1458 &rarr; <strong>1439</strong><br />(-19 for losing)
|raw|Incognito260's rating: 1481 &rarr; <strong>1500</strong><br />(+19 for winning)
|l|‽xhdhjs10
|player|p1|
|l|☆Incognito260
|player|p2|
