|j|☆nachooopr
|j|☆iHowRy
|t:|1769439696
|gametype|singles
|player|p1|nachooopr|265|1105
|player|p2|iHowRy|265|1051
|gen|9
|tier|[Gen 9] OU
|rated|
|rule|HP Percentage Mod: HP is shown in percentages
|rule|Endless Battle Clause: Forcing endless battles is banned
|rule|Species Clause: Limit one of each Pokémon
|rule|OHKO Clause: OHKO moves are banned
|rule|Evasion Items Clause: Evasion items are banned
|rule|Evasion Moves Clause: Evasion moves are banned
|rule|Evasion Abilities Clause: Evasion abilities are banned
|rule|Sleep Moves Clause: Sleep-inducing moves are banned
|clearpoke
|poke|p1|Kommo-o, M|
|poke|p1|Torkoal, F|
|poke|p1|Arboliva, F|
|poke|p1|Leafeon, F|
|poke|p1|Magcargo, M|
|poke|p1|Dondozo, M|
|poke|p2|Iron Valiant|
|poke|p2|Excadrill, M|
|poke|p2|Tyranitar, M|
|poke|p2|Tornadus-Therian, M|
|poke|p2|Ogerpon-Cornerstone, F|
|poke|p2|Toxapex, M|
|teampreview
|inactive|Battle timer is ON: inactive players will automatically lose when time's up. (requested by nachooopr)
|
|t:|1769439711
|teamsize|p1|6
|teamsize|p2|6
|start
|switch|p1a: Arboliva|Arboliva, F|100/100
|switch|p2a: Ogerpon|Ogerpon-Cornerstone, F|100/100
|turn|1
|
|t:|1769439718
|move|p2a: Ogerpon|Ivy Cudgel|p1a: Arboliva|[anim] Ivy Cudgel Rock
|-damage|p1a: Arboliva|56/100
|move|p1a: Arboliva|Strength Sap|p2a: Ogerpon
|-unboost|p2a: Ogerpon|atk|1
|-heal|p1a: Arboliva|100/100
|
|upkeep
|turn|2
|
|t:|1769439727
|move|p2a: Ogerpon|Knock Off|p1a: Arboliva
|-damage|p1a: Arboliva|82/100
|-enditem|p1a: Arboliva|Custap Berry|[from] move: Knock Off|[of] p2a: Ogerpon
|move|p1a: Arboliva|Strength Sap|p2a: Ogerpon
|-unboost|p2a: Ogerpon|atk|1
|-heal|p1a: Arboliva|100/100
|
|upkeep
|turn|3
|
|t:|1769439736
|move|p2a: Ogerpon|Ivy Cudgel|p1a: Arboliva|[anim] Ivy Cudgel Rock
|-damage|p1a: Arboliva|78/100
|move|p1a: Arboliva|Earth Power|p2a: Ogerpon
|-damage|p2a: Ogerpon|70/100
|-unboost|p2a: Ogerpon|spd|1
|
|upkeep
|turn|4
|
|t:|1769439742
|switch|p2a: Tornadus|Tornadus-Therian, M, shiny|100/100
|move|p1a: Arboliva|Earth Power|p2a: Tornadus
|-immune|p2a: Tornadus
|
|upkeep
|turn|5
|
|t:|1769439751
|move|p2a: Tornadus|Bleakwind Storm|p1a: Arboliva
|-supereffective|p1a: Arboliva
|-damage|p1a: Arboliva|0 fnt
|faint|p1a: Arboliva
|
|upkeep
|
|t:|1769439763
|switch|p1a: Magcargo|Magcargo, M|100/100
|turn|6
|
|t:|1769439791
|switch|p2a: Tyranitar|Tyranitar, M, shiny|100/100
|-weather|Sandstorm|[from] ability: Sand Stream|[of] p2a: Tyranitar
|move|p1a: Magcargo|Guard Swap|p2a: Tyranitar
|-swapboost|p1a: Magcargo|p2a: Tyranitar|def, spd|[from] move: Guard Swap
|
|-weather|Sandstorm|[upkeep]
|upkeep
|turn|7
|inactive|nachooopr has 120 seconds left.
|
|t:|1769439809
|move|p2a: Tyranitar|Stealth Rock|p1a: Magcargo
|-sidestart|p1: nachooopr|move: Stealth Rock
|move|p1a: Magcargo|Earthquake|p2a: Tyranitar
|-supereffective|p2a: Tyranitar
|-damage|p2a: Tyranitar|75/100
|
|-weather|Sandstorm|[upkeep]
|upkeep
|turn|8
|
|t:|1769439816
|move|p2a: Tyranitar|Knock Off|p1a: Magcargo
|-damage|p1a: Magcargo|62/100
|-ability|p1a: Magcargo|Weak Armor|boost
|-unboost|p1a: Magcargo|def|1
|-boost|p1a: Magcargo|spe|2
|-enditem|p1a: Magcargo|Weakness Policy|[from] move: Knock Off|[of] p2a: Tyranitar
|move|p1a: Magcargo|Earthquake|p2a: Tyranitar
|-supereffective|p2a: Tyranitar
|-crit|p2a: Tyranitar
|-damage|p2a: Tyranitar|38/100
|
|-weather|Sandstorm|[upkeep]
|upkeep
|turn|9
|inactive|nachooopr has 120 seconds left.
|
|t:|1769439833
|switch|p2a: Tornadus|Tornadus-Therian, M, shiny|100/100
|move|p1a: Magcargo|Earthquake|p2a: Tornadus
|-immune|p2a: Tornadus
|
|-weather|Sandstorm|[upkeep]
|-damage|p2a: Tornadus|94/100|[from] Sandstorm
|upkeep
|turn|10
|
|t:|1769439841
|move|p2a: Tornadus|Weather Ball|p1a: Magcargo
|-supereffective|p1a: Magcargo
|-damage|p1a: Magcargo|0 fnt
|faint|p1a: Magcargo
|
|-weather|Sandstorm|[upkeep]
|-damage|p2a: Tornadus|88/100|[from] Sandstorm
|upkeep
|
|t:|1769439850
|switch|p1a: Leafeon|Leafeon, F|100/100
|-damage|p1a: Leafeon|88/100|[from] Stealth Rock
|turn|11
|
|t:|1769439861
|move|p2a: Tornadus|Weather Ball|p1a: Leafeon
|-damage|p1a: Leafeon|2/100
|move|p1a: Leafeon|Calm Mind|p1a: Leafeon
|-boost|p1a: Leafeon|spa|1
|-boost|p1a: Leafeon|spd|1
|
|-weather|Sandstorm|[upkeep]
|-damage|p2a: Tornadus|82/100|[from] Sandstorm
|-damage|p1a: Leafeon|0 fnt|[from] Sandstorm
|faint|p1a: Leafeon
|upkeep
|
|t:|1769439868
|switch|p1a: Dondozo|Dondozo, M|100/100
|-damage|p1a: Dondozo|88/100|[from] Stealth Rock
|turn|12
|
|t:|1769439872
|switch|p2a: Toxapex|Toxapex, M, shiny|100/100
|move|p1a: Dondozo|Curse|p1a: Dondozo
|-unboost|p1a: Dondozo|spe|1
|-boost|p1a: Dondozo|atk|1
|-boost|p1a: Dondozo|def|1
|
|-weather|Sandstorm|[upkeep]
|-damage|p2a: Toxapex|95/100|[from] Sandstorm
|-damage|p1a: Dondozo|82/100|[from] Sandstorm
|upkeep
|turn|13
|
|t:|1769439883
|move|p2a: Toxapex|Haze|p2a: Toxapex
|-clearallboost
|move|p1a: Dondozo|Curse|p1a: Dondozo
|-unboost|p1a: Dondozo|spe|1
|-boost|p1a: Dondozo|atk|1
|-boost|p1a: Dondozo|def|1
|
|-weather|none
|upkeep
|turn|14
|
|t:|1769439890
|move|p2a: Toxapex|Toxic|p1a: Dondozo
|-status|p1a: Dondozo|tox
|move|p1a: Dondozo|Body Press|p2a: Toxapex
|-resisted|p2a: Toxapex
|-damage|p2a: Toxapex|79/100
|-enditem|p2a: Toxapex|Eject Button
|
|t:|1769439898
|switch|p2a: Ogerpon|Ogerpon-Cornerstone, F|70/100
|
|-damage|p1a: Dondozo|76/100 tox|[from] psn
|upkeep
|turn|15
|
|t:|1769439902
|move|p2a: Ogerpon|Power Whip|p1a: Dondozo
|-supereffective|p1a: Dondozo
|-damage|p1a: Dondozo|30/100 tox
|move|p1a: Dondozo|Surf|p2a: Ogerpon
|-crit|p2a: Ogerpon
|-damage|p2a: Ogerpon|36/100
|
|-damage|p1a: Dondozo|18/100 tox|[from] psn
|upkeep
|turn|16
|
|t:|1769439914
|move|p2a: Ogerpon|Ivy Cudgel|p1a: Dondozo|[anim] Ivy Cudgel Rock
|-damage|p1a: Dondozo|0 fnt
|faint|p1a: Dondozo
|
|upkeep
|
|t:|1769439919
|switch|p1a: Kommo-o|Kommo-o, M|100/100
|-damage|p1a: Kommo-o|94/100|[from] Stealth Rock
|turn|17
|
|t:|1769439927
|move|p2a: Ogerpon|Knock Off|p1a: Kommo-o
|-resisted|p1a: Kommo-o
|-damage|p1a: Kommo-o|77/100
|-enditem|p1a: Kommo-o|Leftovers|[from] move: Knock Off|[of] p2a: Ogerpon
|move|p1a: Kommo-o|Clangorous Soul|p1a: Kommo-o
|-boost|p1a: Kommo-o|atk|1
|-boost|p1a: Kommo-o|def|1
|-boost|p1a: Kommo-o|spa|1
|-boost|p1a: Kommo-o|spd|1
|-boost|p1a: Kommo-o|spe|1
|-damage|p1a: Kommo-o|44/100
|
|upkeep
|turn|18
|
|t:|1769439938
|-terastallize|p1a: Kommo-o|Normal
|move|p1a: Kommo-o|Boomburst|p2a: Ogerpon
|-resisted|p2a: Ogerpon
|-damage|p2a: Ogerpon|0 fnt
|faint|p2a: Ogerpon
|
|upkeep
|
|t:|1769439943
|switch|p2a: Tyranitar|Tyranitar, M, shiny|38/100
|-weather|Sandstorm|[from] ability: Sand Stream|[of] p2a: Tyranitar
|turn|19
|
|t:|1769439956
|move|p1a: Kommo-o|Boomburst|p2a: Tyranitar
|-resisted|p2a: Tyranitar
|-damage|p2a: Tyranitar|5/100
|move|p2a: Tyranitar|Low Kick|p1a: Kommo-o
|-supereffective|p1a: Kommo-o
|-damage|p1a: Kommo-o|6/100
|
|-weather|Sandstorm|[upkeep]
|upkeep
|turn|20
|
|t:|1769439967
|switch|p2a: Excadrill|Excadrill, M, shiny|100/100
|move|p1a: Kommo-o|Boomburst|p2a: Excadrill
|-resisted|p2a: Excadrill
|-damage|p2a: Excadrill|40/100
|
|-weather|Sandstorm|[upkeep]
|-heal|p2a: Excadrill|46/100|[from] item: Leftovers
|upkeep
|turn|21
|
|t:|1769439977
|move|p1a: Kommo-o|Vacuum Wave|p2a: Excadrill
|-supereffective|p2a: Excadrill
|-damage|p2a: Excadrill|0 fnt
|faint|p2a: Excadrill
|
|-weather|Sandstorm|[upkeep]
|upkeep
|
|t:|1769439980
|switch|p2a: Iron Valiant|Iron Valiant, shiny|100/100
|turn|22
|
|t:|1769439993
|-terastallize|p2a: Iron Valiant|Ghost
|move|p2a: Iron Valiant|Vacuum Wave|p1a: Kommo-o
|-supereffective|p1a: Kommo-o
|-damage|p1a: Kommo-o|0 fnt
|faint|p1a: Kommo-o
|
|-weather|Sandstorm|[upkeep]
|-damage|p2a: Iron Valiant|94/100|[from] Sandstorm
|upkeep
|
|t:|1769439997
|switch|p1a: Torkoal|Torkoal, F|100/100
|-damage|p1a: Torkoal|75/100|[from] Stealth Rock
|-weather|SunnyDay|[from] ability: Drought|[of] p1a: Torkoal
|turn|23
|
|t:|1769440002
|-end|p2a: Iron Valiant|Quark Drive|[silent]
|switch|p2a: Toxapex|Toxapex, M, shiny|100/100
|move|p1a: Torkoal|Iron Defense|p1a: Torkoal
|-boost|p1a: Torkoal|def|2
|
|-weather|SunnyDay|[upkeep]
|upkeep
|turn|24
|
|t:|1769440014
|move|p2a: Toxapex|Toxic|p1a: Torkoal
|-status|p1a: Torkoal|tox
|move|p1a: Torkoal|Rapid Spin|p2a: Toxapex
|-damage|p2a: Toxapex|94/100
|-boost|p1a: Torkoal|spe|1
|-sideend|p1: nachooopr|Stealth Rock|[from] move: Rapid Spin|[of] p1a: Torkoal
|
|-weather|SunnyDay|[upkeep]
|-damage|p1a: Torkoal|69/100 tox|[from] psn
|upkeep
|turn|25
|
|t:|1769440020
|move|p1a: Torkoal|Body Press|p2a: Toxapex
|-resisted|p2a: Toxapex
|-damage|p2a: Toxapex|71/100
|move|p2a: Toxapex|Haze|p2a: Toxapex
|-clearallboost
|
|-weather|SunnyDay|[upkeep]
|-damage|p1a: Torkoal|57/100 tox|[from] psn
|upkeep
|turn|26
|
|t:|1769440024
|move|p2a: Toxapex|Recover|p2a: Toxapex
|-heal|p2a: Toxapex|100/100
|move|p1a: Torkoal|Iron Defense|p1a: Torkoal
|-boost|p1a: Torkoal|def|2
|
|-weather|SunnyDay|[upkeep]
|-damage|p1a: Torkoal|39/100 tox|[from] psn
|upkeep
|turn|27
|
|t:|1769440026
|move|p2a: Toxapex|Haze|p2a: Toxapex
|-clearallboost
|move|p1a: Torkoal|Iron Defense|p1a: Torkoal
|-boost|p1a: Torkoal|def|2
|
|-weather|none
|-damage|p1a: Torkoal|14/100 tox|[from] psn
|upkeep
|turn|28
|
|t:|1769440033
|move|p2a: Toxapex|Haze|p2a: Toxapex
|-clearallboost
|move|p1a: Torkoal|Body Press|p2a: Toxapex
|-resisted|p2a: Toxapex
|-damage|p2a: Toxapex|89/100
|
|-damage|p1a: Torkoal|0 fnt|[from] psn
|faint|p1a: Torkoal
|
|win|iHowRy
|raw|nachooopr's rating: 1105 &rarr; <strong>1076</strong><br />(-29 for losing)
|raw|iHowRy's rating: 1051 &rarr; <strong>1088</strong><br />(+37 for winning)
|l|☆nachooopr
|player|p1|
|l|☆iHowRy
|player|p2|
