|j|☆aria4games
|j|☆TheWailord44
|t:|1769429263
|gametype|singles
|player|p1|aria4games|baker|1327
|player|p2|TheWailord44|crasherwake|1294
|gen|9
|tier|[Gen 9] OU
|rated|
|rule|HP Percentage Mod: HP is shown in percentages
|rule|Endless Battle Clause: Forcing endless battles is banned
|rule|Species Clause: Limit one of each Pokémon
|rule|OHKO Clause: OHKO moves are banned
|rule|Evasion Items Clause: Evasion items are banned
|rule|Evasion Moves Clause: Evasion moves are banned
|rule|Evasion Abilities Clause: Evasion abilities are banned
|rule|Sleep Moves Clause: Sleep-inducing moves are banned
|clearpoke
|poke|p1|Cinderace, M|
|poke|p1|Reuniclus, F|
|poke|p1|Kyurem|
|poke|p1|Raging Bolt|
|poke|p1|Darkrai|
|poke|p1|Keldeo-Resolute|
|poke|p2|Chesnaught, M|
|poke|p2|Kingambit, F|
|poke|p2|Clefable, M|
|poke|p2|Great Tusk|
|poke|p2|Glimmora, F|
|poke|p2|Heatran, M|
|teampreview
|
|t:|1769429282
|teamsize|p1|6
|teamsize|p2|6
|start
|switch|p1a: super mario|Kyurem, shiny|100/100
|switch|p2a: Treble|Clefable, M|100/100
|-ability|p1a: super mario|Pressure
|turn|1
|inactive|Battle timer is ON: inactive players will automatically lose when time's up. (requested by TheWailord44)
|
|t:|1769429289
|switch|p1a: raging goat|Raging Bolt|100/100
|-enditem|p1a: raging goat|Booster Energy
|-activate|p1a: raging goat|ability: Protosynthesis|[fromitem]
|-start|p1a: raging goat|protosynthesisspa
|move|p2a: Treble|Knock Off|p1a: raging goat
|-damage|p1a: raging goat|92/100
|
|upkeep
|turn|2
|
|t:|1769429297
|move|p1a: raging goat|Calm Mind|p1a: raging goat
|-boost|p1a: raging goat|spa|1
|-boost|p1a: raging goat|spd|1
|move|p2a: Treble|Calm Mind|p2a: Treble
|-boost|p2a: Treble|spa|1
|-boost|p2a: Treble|spd|1
|
|upkeep
|turn|3
|
|t:|1769429303
|move|p1a: raging goat|Thunderbolt|p2a: Treble
|-damage|p2a: Treble|53/100
|move|p2a: Treble|Calm Mind|p2a: Treble
|-boost|p2a: Treble|spa|1
|-boost|p2a: Treble|spd|1
|
|-heal|p2a: Treble|59/100|[from] item: Leftovers
|upkeep
|turn|4
|
|t:|1769429310
|move|p1a: raging goat|Calm Mind|p1a: raging goat
|-boost|p1a: raging goat|spa|1
|-boost|p1a: raging goat|spd|1
|move|p2a: Treble|Moonlight|p2a: Treble
|-heal|p2a: Treble|100/100
|
|upkeep
|turn|5
|
|t:|1769429321
|move|p1a: raging goat|Calm Mind|p1a: raging goat
|-boost|p1a: raging goat|spa|1
|-boost|p1a: raging goat|spd|1
|move|p2a: Treble|Calm Mind|p2a: Treble
|-boost|p2a: Treble|spa|1
|-boost|p2a: Treble|spd|1
|
|upkeep
|turn|6
|
|t:|1769429332
|move|p1a: raging goat|Calm Mind|p1a: raging goat
|-boost|p1a: raging goat|spa|1
|-boost|p1a: raging goat|spd|1
|move|p2a: Treble|Calm Mind|p2a: Treble
|-boost|p2a: Treble|spa|1
|-boost|p2a: Treble|spd|1
|
|upkeep
|turn|7
|
|t:|1769429342
|move|p1a: raging goat|Thunderbolt|p2a: Treble
|-damage|p2a: Treble|78/100
|move|p2a: Treble|Calm Mind|p2a: Treble
|-boost|p2a: Treble|spa|1
|-boost|p2a: Treble|spd|1
|
|-heal|p2a: Treble|84/100|[from] item: Leftovers
|upkeep
|turn|8
|
|t:|1769429349
|move|p1a: raging goat|Calm Mind|p1a: raging goat
|-boost|p1a: raging goat|spa|1
|-boost|p1a: raging goat|spd|1
|move|p2a: Treble|Moonblast|p1a: raging goat
|-supereffective|p1a: raging goat
|-damage|p1a: raging goat|0 fnt
|faint|p1a: raging goat
|-end|p1a: raging goat|Protosynthesis|[silent]
|
|-heal|p2a: Treble|90/100|[from] item: Leftovers
|upkeep
|
|t:|1769429355
|switch|p1a: '06 wayne rooney|Cinderace, M|100/100
|turn|9
|
|t:|1769429362
|-terastallize|p2a: Treble|Water
|move|p1a: '06 wayne rooney|Pyro Ball|p2a: Treble
|-resisted|p2a: Treble
|-damage|p2a: Treble|68/100
|-status|p2a: Treble|brn
|move|p2a: Treble|Moonblast|p1a: '06 wayne rooney
|-resisted|p1a: '06 wayne rooney
|-damage|p1a: '06 wayne rooney|22/100
|-unboost|p1a: '06 wayne rooney|spa|1
|
|-heal|p2a: Treble|74/100 brn|[from] item: Leftovers
|-damage|p2a: Treble|68/100 brn|[from] brn
|upkeep
|turn|10
|
|t:|1769429373
|move|p1a: '06 wayne rooney|U-turn|p2a: Treble
|-start|p1a: '06 wayne rooney|typechange|Bug|[from] ability: Libero
|-damage|p2a: Treble|40/100 brn
|
|t:|1769429379
|switch|p1a: super mario|Kyurem, shiny|100/100|[from] U-turn
|-ability|p1a: super mario|Pressure
|move|p2a: Treble|Moonblast|p1a: super mario
|-supereffective|p1a: super mario
|-damage|p1a: super mario|3/100
|
|-heal|p2a: Treble|46/100 brn|[from] item: Leftovers
|-damage|p2a: Treble|40/100 brn|[from] brn
|upkeep
|turn|11
|
|t:|1769429389
|move|p1a: super mario|Freeze-Dry|p2a: Treble
|-supereffective|p2a: Treble
|-damage|p2a: Treble|23/100 brn
|move|p2a: Treble|Moonlight|p2a: Treble
|-heal|p2a: Treble|73/100 brn
|
|-heal|p2a: Treble|79/100 brn|[from] item: Leftovers
|-damage|p2a: Treble|73/100 brn|[from] brn
|upkeep
|turn|12
|
|t:|1769429399
|move|p2a: Treble|Moonblast|p1a: super mario
|-supereffective|p1a: super mario
|-damage|p1a: super mario|0 fnt
|faint|p1a: super mario
|
|-heal|p2a: Treble|79/100 brn|[from] item: Leftovers
|-damage|p2a: Treble|73/100 brn|[from] brn
|upkeep
|
|t:|1769429404
|switch|p1a: NU's finest|Reuniclus, F, shiny|100/100
|turn|13
|
|t:|1769429409
|move|p2a: Treble|Moonblast|p1a: NU's finest
|-damage|p1a: NU's finest|0 fnt
|faint|p1a: NU's finest
|
|-heal|p2a: Treble|79/100 brn|[from] item: Leftovers
|-damage|p2a: Treble|73/100 brn|[from] brn
|upkeep
|
|t:|1769429411
|switch|p1a: '06 wayne rooney|Cinderace, M|22/100
|turn|14
|
|t:|1769429419
|move|p1a: '06 wayne rooney|U-turn|p2a: Treble
|-start|p1a: '06 wayne rooney|typechange|Bug|[from] ability: Libero
|-damage|p2a: Treble|47/100 brn
|
|t:|1769429423
|switch|p1a: lil trooper|Keldeo-Resolute|100/100|[from] U-turn
|move|p2a: Treble|Moonblast|p1a: lil trooper
|-supereffective|p1a: lil trooper
|-damage|p1a: lil trooper|0 fnt
|faint|p1a: lil trooper
|
|-heal|p2a: Treble|53/100 brn|[from] item: Leftovers
|-damage|p2a: Treble|47/100 brn|[from] brn
|upkeep
|
|t:|1769429424
|switch|p1a: freddie gibbs|Darkrai|100/100
|turn|15
|
|t:|1769429433
|-terastallize|p1a: freddie gibbs|Poison
|move|p1a: freddie gibbs|Dark Pulse|p2a: Treble
|-damage|p2a: Treble|29/100 brn
|move|p2a: Treble|Moonlight|p2a: Treble
|-heal|p2a: Treble|79/100 brn
|
|-heal|p2a: Treble|86/100 brn|[from] item: Leftovers
|-damage|p2a: Treble|79/100 brn|[from] brn
|upkeep
|turn|16
|-message|aria4games forfeited.
|
|win|TheWailord44
|raw|aria4games's rating: 1327 &rarr; <strong>1305</strong><br />(-22 for losing)
|raw|TheWailord44's rating: 1294 &rarr; <strong>1321</strong><br />(+27 for winning)
|l|☆aria4games
|player|p1|
