|j|☆jbox11
|j|☆sableye555
|t:|1769320393
|gametype|singles
|player|p1|jbox11|artist|1314
|player|p2|sableye555|gentleman-gen4|1376
|gen|9
|tier|[Gen 9] OU
|rated|
|rule|HP Percentage Mod: HP is shown in percentages
|rule|Endless Battle Clause: Forcing endless battles is banned
|rule|Species Clause: Limit one of each Pokémon
|rule|OHKO Clause: OHKO moves are banned
|rule|Evasion Items Clause: Evasion items are banned
|rule|Evasion Moves Clause: Evasion moves are banned
|rule|Evasion Abilities Clause: Evasion abilities are banned
|rule|Sleep Moves Clause: Sleep-inducing moves are banned
|clearpoke
|poke|p1|Torkoal, F|
|poke|p1|Great Tusk|
|poke|p1|Ceruledge, F|
|poke|p1|Walking Wake|
|poke|p1|Raging Bolt|
|poke|p1|Moltres|
|poke|p2|Slowking-Galar, M|
|poke|p2|Lokix, M|
|poke|p2|Iron Moth|
|poke|p2|Ogerpon-Wellspring, F|
|poke|p2|Cinderace, F|
|poke|p2|Garganacl, M|
|teampreview
|inactive|Battle timer is ON: inactive players will automatically lose when time's up. (requested by sableye555)
|
|t:|1769320405
|teamsize|p1|6
|teamsize|p2|6
|start
|switch|p1a: Walking Wake|Walking Wake|100/100
|switch|p2a: Garganacl|Garganacl, M|100/100
|turn|1
|
|t:|1769320416
|switch|p2a: Ogerpon|Ogerpon-Wellspring, F|100/100
|move|p1a: Walking Wake|Hydro Steam|p2a: Ogerpon
|-immune|p2a: Ogerpon|[from] ability: Water Absorb
|
|upkeep
|turn|2
|
|t:|1769320427
|-end|p1a: Walking Wake|Protosynthesis|[silent]
|switch|p1a: Torkoal|Torkoal, F, shiny|100/100
|-weather|SunnyDay|[from] ability: Drought|[of] p1a: Torkoal
|move|p2a: Ogerpon|Swords Dance|p2a: Ogerpon
|-boost|p2a: Ogerpon|atk|2
|
|-weather|SunnyDay|[upkeep]
|upkeep
|turn|3
|
|t:|1769320437
|move|p2a: Ogerpon|Ivy Cudgel|p1a: Torkoal|[anim] Ivy Cudgel Water
|-supereffective|p1a: Torkoal
|-damage|p1a: Torkoal|12/100
|move|p1a: Torkoal|Will-O-Wisp|p2a: Ogerpon
|-status|p2a: Ogerpon|brn
|
|-weather|SunnyDay|[upkeep]
|-damage|p2a: Ogerpon|95/100 brn|[from] brn
|upkeep
|turn|4
|
|t:|1769320443
|switch|p1a: Great Tusk|Great Tusk, shiny|100/100
|-activate|p1a: Great Tusk|ability: Protosynthesis
|-start|p1a: Great Tusk|protosynthesisdef
|move|p2a: Ogerpon|Ivy Cudgel|p1a: Great Tusk|[anim] Ivy Cudgel Water
|-supereffective|p1a: Great Tusk
|-damage|p1a: Great Tusk|78/100
|
|-weather|SunnyDay|[upkeep]
|-heal|p1a: Great Tusk|84/100|[from] item: Leftovers
|-damage|p2a: Ogerpon|89/100 brn|[from] brn
|upkeep
|turn|5
|
|t:|1769320454
|move|p2a: Ogerpon|Horn Leech|p1a: Great Tusk
|-supereffective|p1a: Great Tusk
|-damage|p1a: Great Tusk|50/100
|-heal|p2a: Ogerpon|100/100 brn|[from] drain|[of] p1a: Great Tusk
|move|p1a: Great Tusk|Body Press|p2a: Ogerpon
|-damage|p2a: Ogerpon|41/100 brn
|
|-weather|SunnyDay|[upkeep]
|-heal|p1a: Great Tusk|56/100|[from] item: Leftovers
|-damage|p2a: Ogerpon|35/100 brn|[from] brn
|upkeep
|turn|6
|
|t:|1769320462
|move|p2a: Ogerpon|Horn Leech|p1a: Great Tusk
|-supereffective|p1a: Great Tusk
|-damage|p1a: Great Tusk|24/100
|-heal|p2a: Ogerpon|58/100 brn|[from] drain|[of] p1a: Great Tusk
|move|p1a: Great Tusk|Body Press|p2a: Ogerpon
|-damage|p2a: Ogerpon|0 fnt
|faint|p2a: Ogerpon
|
|-weather|SunnyDay|[upkeep]
|-heal|p1a: Great Tusk|30/100|[from] item: Leftovers
|upkeep
|
|t:|1769320467
|switch|p2a: Iron Moth|Iron Moth|100/100
|-enditem|p2a: Iron Moth|Booster Energy
|-activate|p2a: Iron Moth|ability: Quark Drive|[fromitem]
|-start|p2a: Iron Moth|quarkdrivespe
|turn|7
|
|t:|1769320471
|-end|p1a: Great Tusk|Protosynthesis|[silent]
|switch|p1a: Raging Bolt|Raging Bolt|100/100
|-activate|p1a: Raging Bolt|ability: Protosynthesis
|-start|p1a: Raging Bolt|protosynthesisspa
|move|p2a: Iron Moth|Fiery Dance|p1a: Raging Bolt
|-resisted|p1a: Raging Bolt
|-damage|p1a: Raging Bolt|74/100
|-boost|p2a: Iron Moth|spa|1
|
|-weather|SunnyDay|[upkeep]
|upkeep
|turn|8
|
|t:|1769320481
|move|p2a: Iron Moth|Sludge Wave|p1a: Raging Bolt
|-damage|p1a: Raging Bolt|10/100
|move|p1a: Raging Bolt|Thunderbolt|p2a: Iron Moth
|-damage|p2a: Iron Moth|33/100
|-status|p2a: Iron Moth|par
|
|-weather|SunnyDay|[upkeep]
|upkeep
|turn|9
|
|t:|1769320487
|move|p1a: Raging Bolt|Thunderclap|p2a: Iron Moth
|-damage|p2a: Iron Moth|0 fnt
|faint|p2a: Iron Moth
|-end|p2a: Iron Moth|Quark Drive|[silent]
|
|-weather|none
|-end|p1a: Raging Bolt|Protosynthesis
|upkeep
|
|t:|1769320498
|switch|p2a: Cinderace|Cinderace, F|100/100
|turn|10
|
|t:|1769320504
|-end|p1a: Raging Bolt|Protosynthesis|[silent]
|switch|p1a: Moltres|Moltres|100/100
|move|p2a: Cinderace|U-turn|p1a: Moltres
|-start|p2a: Cinderace|typechange|Bug|[from] ability: Libero
|-resisted|p1a: Moltres
|-damage|p1a: Moltres|93/100
|
|t:|1769320511
|switch|p2a: Garganacl|Garganacl, M|100/100|[from] U-turn
|
|upkeep
|turn|11
|
|t:|1769320516
|move|p1a: Moltres|U-turn|p2a: Garganacl
|-damage|p2a: Garganacl|91/100
|
|t:|1769320518
|switch|p1a: Great Tusk|Great Tusk, shiny|30/100|[from] U-turn
|move|p2a: Garganacl|Stealth Rock|p1a: Great Tusk
|-sidestart|p1: jbox11|move: Stealth Rock
|
|-heal|p1a: Great Tusk|36/100|[from] item: Leftovers
|-heal|p2a: Garganacl|97/100|[from] item: Leftovers
|upkeep
|turn|12
|
|t:|1769320524
|move|p1a: Great Tusk|Rapid Spin|p2a: Garganacl
|-resisted|p2a: Garganacl
|-damage|p2a: Garganacl|93/100
|-boost|p1a: Great Tusk|spe|1
|-sideend|p1: jbox11|Stealth Rock|[from] move: Rapid Spin|[of] p1a: Great Tusk
|move|p2a: Garganacl|Salt Cure|p1a: Great Tusk
|-resisted|p1a: Great Tusk
|-damage|p1a: Great Tusk|35/100
|-start|p1a: Great Tusk|Salt Cure
|
|-heal|p1a: Great Tusk|41/100|[from] item: Leftovers
|-heal|p2a: Garganacl|99/100|[from] item: Leftovers
|-damage|p1a: Great Tusk|29/100|[from] Salt Cure
|upkeep
|turn|13
|
|t:|1769320528
|move|p1a: Great Tusk|Knock Off|p2a: Garganacl
|-damage|p2a: Garganacl|82/100
|-enditem|p2a: Garganacl|Leftovers|[from] move: Knock Off|[of] p1a: Great Tusk
|move|p2a: Garganacl|Stealth Rock|p1a: Great Tusk
|-sidestart|p1: jbox11|move: Stealth Rock
|
|-heal|p1a: Great Tusk|35/100|[from] item: Leftovers
|-damage|p1a: Great Tusk|22/100|[from] Salt Cure
|upkeep
|turn|14
|
|t:|1769320539
|move|p2a: Garganacl|Protect|p2a: Garganacl
|-singleturn|p2a: Garganacl|Protect
|move|p1a: Great Tusk|Rapid Spin|p2a: Garganacl
|-activate|p2a: Garganacl|move: Protect
|
|-heal|p1a: Great Tusk|29/100|[from] item: Leftovers
|-damage|p1a: Great Tusk|16/100|[from] Salt Cure
|upkeep
|turn|15
|
|t:|1769320549
|move|p1a: Great Tusk|Rapid Spin|p2a: Garganacl
|-resisted|p2a: Garganacl
|-damage|p2a: Garganacl|77/100
|-boost|p1a: Great Tusk|spe|1
|-sideend|p1: jbox11|Stealth Rock|[from] move: Rapid Spin|[of] p1a: Great Tusk
|move|p2a: Garganacl|Stealth Rock|p1a: Great Tusk
|-sidestart|p1: jbox11|move: Stealth Rock
|
|-heal|p1a: Great Tusk|22/100|[from] item: Leftovers
|-damage|p1a: Great Tusk|10/100|[from] Salt Cure
|upkeep
|turn|16
|
|t:|1769320555
|move|p2a: Garganacl|Protect|p2a: Garganacl
|-singleturn|p2a: Garganacl|Protect
|move|p1a: Great Tusk|Body Press|p2a: Garganacl
|-activate|p2a: Garganacl|move: Protect
|
|-heal|p1a: Great Tusk|16/100|[from] item: Leftovers
|-damage|p1a: Great Tusk|4/100|[from] Salt Cure
|upkeep
|turn|17
|
|t:|1769320558
|move|p1a: Great Tusk|Body Press|p2a: Garganacl
|-supereffective|p2a: Garganacl
|-damage|p2a: Garganacl|16/100
|move|p2a: Garganacl|Stealth Rock||[still]
|-fail|p2a: Garganacl
|
|-heal|p1a: Great Tusk|10/100|[from] item: Leftovers
|-damage|p1a: Great Tusk|0 fnt|[from] Salt Cure
|faint|p1a: Great Tusk
|-end|p1a: Great Tusk|Protosynthesis|[silent]
|upkeep
|
|t:|1769320565
|switch|p1a: Walking Wake|Walking Wake|100/100
|-damage|p1a: Walking Wake|88/100|[from] Stealth Rock
|turn|18
|
|t:|1769320569
|move|p2a: Garganacl|Protect|p2a: Garganacl
|-singleturn|p2a: Garganacl|Protect
|move|p1a: Walking Wake|Hydro Steam|p2a: Garganacl
|-activate|p2a: Garganacl|move: Protect
|
|upkeep
|turn|19
|
|t:|1769320577
|switch|p2a: Slowking|Slowking-Galar, M, shiny|100/100
|move|p1a: Walking Wake|Hydro Steam|p2a: Slowking
|-damage|p2a: Slowking|68/100
|
|-heal|p2a: Slowking|74/100|[from] item: Leftovers
|upkeep
|turn|20
|
|t:|1769320586
|-end|p1a: Walking Wake|Protosynthesis|[silent]
|switch|p1a: Torkoal|Torkoal, F, shiny|12/100
|-damage|p1a: Torkoal|0 fnt|[from] Stealth Rock
|faint|p1a: Torkoal
|move|p2a: Slowking|Toxic|p1: Torkoal|[notarget]
|-fail|p2a: Slowking
|
|-heal|p2a: Slowking|80/100|[from] item: Leftovers
|upkeep
|
|t:|1769320589
|switch|p1a: Ceruledge|Ceruledge, F|100/100
|-damage|p1a: Ceruledge|76/100|[from] Stealth Rock
|turn|21
|
|t:|1769320598
|move|p1a: Ceruledge|Poltergeist|p2a: Slowking
|-activate|p2a: Slowking|move: Poltergeist|Leftovers
|-supereffective|p2a: Slowking
|-damage|p2a: Slowking|0 fnt
|faint|p2a: Slowking
|
|upkeep
|
|t:|1769320606
|switch|p2a: BigXthaBug|Lokix, M|100/100
|turn|22
|
|t:|1769320614
|switch|p1a: Raging Bolt|Raging Bolt|10/100
|-damage|p1a: Raging Bolt|0 fnt|[from] Stealth Rock
|faint|p1a: Raging Bolt
|-end|p1a: Raging Bolt|Protosynthesis|[silent]
|move|p2a: BigXthaBug|Knock Off|p1: Raging Bolt|[notarget]
|-fail|p2a: BigXthaBug
|
|upkeep
|
|t:|1769320619
|switch|p1a: Moltres|Moltres|93/100
|turn|23
|
|t:|1769320626
|switch|p2a: Cinderace|Cinderace, F|100/100
|move|p1a: Moltres|Flamethrower|p2a: Cinderace
|-resisted|p2a: Cinderace
|-damage|p2a: Cinderace|74/100
|
|upkeep
|turn|24
|
|t:|1769320634
|move|p2a: Cinderace|Pyro Ball|p1a: Moltres
|-resisted|p1a: Moltres
|-damage|p1a: Moltres|65/100
|move|p1a: Moltres|Air Slash|p2a: Cinderace
|-damage|p2a: Cinderace|23/100
|
|upkeep
|turn|25
|
|t:|1769320638
|move|p2a: Cinderace|U-turn|p1a: Moltres
|-start|p2a: Cinderace|typechange|Bug|[from] ability: Libero
|-resisted|p1a: Moltres
|-damage|p1a: Moltres|57/100
|
|t:|1769320644
|switch|p2a: Garganacl|Garganacl, M|16/100|[from] U-turn
|move|p1a: Moltres|Roost|p1a: Moltres
|-heal|p1a: Moltres|100/100
|-singleturn|p1a: Moltres|move: Roost
|
|upkeep
|turn|26
|
|t:|1769320651
|move|p1a: Moltres|U-turn|p2a: Garganacl
|-damage|p2a: Garganacl|6/100
|
|t:|1769320654
|switch|p1a: Walking Wake|Walking Wake|88/100|[from] U-turn
|-damage|p1a: Walking Wake|76/100|[from] Stealth Rock
|move|p2a: Garganacl|Recover|p2a: Garganacl
|-heal|p2a: Garganacl|56/100
|
|upkeep
|turn|27
|
|t:|1769320661
|move|p2a: Garganacl|Protect|p2a: Garganacl
|-singleturn|p2a: Garganacl|Protect
|move|p1a: Walking Wake|Hydro Steam|p2a: Garganacl
|-activate|p2a: Garganacl|move: Protect
|
|upkeep
|turn|28
|
|t:|1769320673
|move|p1a: Walking Wake|Hydro Steam|p2a: Garganacl
|-supereffective|p2a: Garganacl
|-damage|p2a: Garganacl|3/100
|move|p2a: Garganacl|Salt Cure|p1a: Walking Wake
|-damage|p1a: Walking Wake|61/100
|-start|p1a: Walking Wake|Salt Cure
|
|-damage|p1a: Walking Wake|36/100|[from] Salt Cure
|upkeep
|turn|29
|
|t:|1769320677
|-end|p1a: Walking Wake|Protosynthesis|[silent]
|switch|p1a: Moltres|Moltres|100/100
|move|p2a: Garganacl|Recover|p2a: Garganacl
|-heal|p2a: Garganacl|53/100
|
|upkeep
|turn|30
|
|t:|1769320682
|move|p1a: Moltres|Air Slash|p2a: Garganacl
|-resisted|p2a: Garganacl
|-damage|p2a: Garganacl|41/100
|move|p2a: Garganacl|Recover|p2a: Garganacl
|-heal|p2a: Garganacl|91/100
|
|upkeep
|turn|31
|
|t:|1769320694
|move|p1a: Moltres|U-turn|p2a: Garganacl
|-damage|p2a: Garganacl|81/100
|
|t:|1769320698
|switch|p1a: Walking Wake|Walking Wake|36/100|[from] U-turn
|-damage|p1a: Walking Wake|24/100|[from] Stealth Rock
|move|p2a: Garganacl|Salt Cure|p1a: Walking Wake
|-damage|p1a: Walking Wake|8/100
|-start|p1a: Walking Wake|Salt Cure
|
|-damage|p1a: Walking Wake|0 fnt|[from] Salt Cure
|faint|p1a: Walking Wake
|-end|p1a: Walking Wake|Protosynthesis|[silent]
|upkeep
|
|t:|1769320699
|switch|p1a: Ceruledge|Ceruledge, F|76/100
|-damage|p1a: Ceruledge|51/100|[from] Stealth Rock
|turn|32
|
|t:|1769320706
|move|p1a: Ceruledge|Swords Dance|p1a: Ceruledge
|-boost|p1a: Ceruledge|atk|2
|move|p2a: Garganacl|Salt Cure|p1a: Ceruledge
|-supereffective|p1a: Ceruledge
|-damage|p1a: Ceruledge|11/100
|-start|p1a: Ceruledge|Salt Cure
|-ability|p1a: Ceruledge|Weak Armor|boost
|-unboost|p1a: Ceruledge|def|1
|-boost|p1a: Ceruledge|spe|2
|
|-damage|p1a: Ceruledge|0 fnt|[from] Salt Cure
|faint|p1a: Ceruledge
|upkeep
|-message|jbox11 forfeited.
|
|win|sableye555
|raw|jbox11's rating: 1314 &rarr; <strong>1298</strong><br />(-16 for losing)
|raw|sableye555's rating: 1376 &rarr; <strong>1392</strong><br />(+16 for winning)
|l|☆jbox11
|player|p1|
|l|☆sableye555
|player|p2|
