|j|☆UnitedDank
|j|☆DirkDiggler420
|t:|1769306467
|gametype|singles
|player|p1|UnitedDank|youngn|1487
|player|p2|DirkDiggler420|linebacker|1671
|gen|9
|tier|[Gen 9] OU
|rated|
|rule|HP Percentage Mod: HP is shown in percentages
|rule|Endless Battle Clause: Forcing endless battles is banned
|rule|Species Clause: Limit one of each Pokémon
|rule|OHKO Clause: OHKO moves are banned
|rule|Evasion Items Clause: Evasion items are banned
|rule|Evasion Moves Clause: Evasion moves are banned
|rule|Evasion Abilities Clause: Evasion abilities are banned
|rule|Sleep Moves Clause: Sleep-inducing moves are banned
|clearpoke
|poke|p1|Ribombee, F|
|poke|p1|Gholdengo|
|poke|p1|Great Tusk|
|poke|p1|Raging Bolt|
|poke|p1|Ogerpon-Cornerstone, F|
|poke|p1|Ceruledge, M|
|poke|p2|Dragapult, F|
|poke|p2|Darkrai|
|poke|p2|Iron Valiant|
|poke|p2|Great Tusk|
|poke|p2|Rotom-Wash|
|poke|p2|Ceruledge, F|
|teampreview
|inactive|Battle timer is ON: inactive players will automatically lose when time's up. (requested by UnitedDank)
|inactive|DirkDiggler420 has 120 seconds left.
|
|t:|1769306506
|teamsize|p1|6
|teamsize|p2|6
|start
|switch|p1a: Ribombee|Ribombee, F|100/100
|switch|p2a: Ceruledge|Ceruledge, F|100/100
|turn|1
|
|t:|1769306527
|move|p1a: Ribombee|Sticky Web|p2a: Ceruledge
|-sidestart|p2: DirkDiggler420|move: Sticky Web
|move|p2a: Ceruledge|Bitter Blade|p1a: Ribombee
|-supereffective|p1a: Ribombee
|-enditem|p1a: Ribombee|Focus Sash
|-damage|p1a: Ribombee|1/100
|
|upkeep
|turn|2
|
|t:|1769306531
|move|p2a: Ceruledge|Shadow Sneak|p1a: Ribombee
|-damage|p1a: Ribombee|0 fnt
|faint|p1a: Ribombee
|
|upkeep
|
|t:|1769306551
|switch|p1a: Raging Bolt|Raging Bolt|100/100
|-enditem|p1a: Raging Bolt|Booster Energy
|-activate|p1a: Raging Bolt|ability: Protosynthesis|[fromitem]
|-start|p1a: Raging Bolt|protosynthesisspa
|turn|3
|
|t:|1769306563
|switch|p2a: Rotom|Rotom-Wash|100/100
|move|p1a: Raging Bolt|Dragon Pulse|p2a: Rotom
|-crit|p2a: Rotom
|-damage|p2a: Rotom|21/100
|
|-heal|p2a: Rotom|27/100|[from] item: Leftovers
|upkeep
|turn|4
|
|t:|1769306570
|move|p1a: Raging Bolt|Thunderbolt|p2a: Rotom
|-damage|p2a: Rotom|0 fnt
|faint|p2a: Rotom
|
|upkeep
|
|t:|1769306575
|switch|p2a: Great Tusk|Great Tusk|100/100
|turn|5
|
|t:|1769306590
|-end|p2a: Great Tusk|Protosynthesis|[silent]
|switch|p2a: Iron Valiant|Iron Valiant|100/100
|-activate|p2a: Iron Valiant|move: Sticky Web
|-unboost|p2a: Iron Valiant|spe|1
|-enditem|p2a: Iron Valiant|Booster Energy
|-activate|p2a: Iron Valiant|ability: Quark Drive|[fromitem]
|-start|p2a: Iron Valiant|quarkdrivespa
|move|p1a: Raging Bolt|Dragon Pulse|p2a: Iron Valiant
|-immune|p2a: Iron Valiant
|
|upkeep
|turn|6
|
|t:|1769306600
|move|p1a: Raging Bolt|Thunderbolt|p2a: Iron Valiant
|-damage|p2a: Iron Valiant|0 fnt
|faint|p2a: Iron Valiant
|-end|p2a: Iron Valiant|Quark Drive|[silent]
|
|upkeep
|
|t:|1769306604
|switch|p2a: Great Tusk|Great Tusk|100/100
|turn|7
|
|t:|1769306607
|move|p2a: Great Tusk|Headlong Rush|p1a: Raging Bolt
|-supereffective|p1a: Raging Bolt
|-damage|p1a: Raging Bolt|0 fnt
|-unboost|p2a: Great Tusk|def|1
|-unboost|p2a: Great Tusk|spd|1
|faint|p1a: Raging Bolt
|-end|p1a: Raging Bolt|Protosynthesis|[silent]
|
|upkeep
|
|t:|1769306614
|switch|p1a: Ogerpon|Ogerpon-Cornerstone, F|100/100
|turn|8
|
|t:|1769306625
|-terastallize|p2a: Great Tusk|Steel
|move|p1a: Ogerpon|Power Whip|p2a: Great Tusk
|-resisted|p2a: Great Tusk
|-damage|p2a: Great Tusk|58/100
|move|p2a: Great Tusk|Rapid Spin|p1a: Ogerpon
|-resisted|p1a: Ogerpon
|-damage|p1a: Ogerpon|88/100
|-boost|p2a: Great Tusk|spe|1
|-sideend|p2: DirkDiggler420|Sticky Web|[from] move: Rapid Spin|[of] p2a: Great Tusk
|
|upkeep
|turn|9
|
|t:|1769306642
|switch|p1a: Gholdengo|Gholdengo|100/100
|-item|p1a: Gholdengo|Air Balloon
|move|p2a: Great Tusk|Close Combat|p1a: Gholdengo
|-immune|p1a: Gholdengo
|
|upkeep
|turn|10
|
|t:|1769306660
|move|p2a: Great Tusk|Ice Spinner|p1a: Gholdengo
|-resisted|p1a: Gholdengo
|-damage|p1a: Gholdengo|87/100
|-enditem|p1a: Gholdengo|Air Balloon
|move|p1a: Gholdengo|Shadow Ball|p2a: Great Tusk
|-damage|p2a: Great Tusk|0 fnt
|faint|p2a: Great Tusk
|-end|p2a: Great Tusk|Protosynthesis|[silent]
|
|upkeep
|
|t:|1769306666
|switch|p2a: Darkrai|Darkrai|100/100
|turn|11
|
|t:|1769306677
|-terastallize|p1a: Gholdengo|Fighting
|move|p2a: Darkrai|Dark Pulse|p1a: Gholdengo
|-resisted|p1a: Gholdengo
|-damage|p1a: Gholdengo|59/100
|move|p1a: Gholdengo|Focus Blast|p2a: Darkrai
|-supereffective|p2a: Darkrai
|-damage|p2a: Darkrai|0 fnt
|faint|p2a: Darkrai
|
|upkeep
|
|t:|1769306694
|switch|p2a: Ceruledge|Ceruledge, F|100/100
|turn|12
|
|t:|1769306706
|move|p2a: Ceruledge|Bitter Blade|p1a: Gholdengo
|-damage|p1a: Gholdengo|6/100
|move|p1a: Gholdengo|Shadow Ball|p2a: Ceruledge
|-supereffective|p2a: Ceruledge
|-enditem|p2a: Ceruledge|Focus Sash
|-damage|p2a: Ceruledge|1/100
|
|upkeep
|turn|13
|
|t:|1769306710
|move|p2a: Ceruledge|Bitter Blade|p1a: Gholdengo
|-damage|p1a: Gholdengo|0 fnt
|-heal|p2a: Ceruledge|4/100|[from] drain|[of] p1a: Gholdengo
|faint|p1a: Gholdengo
|
|upkeep
|
|t:|1769306722
|switch|p1a: Great Tusk|Great Tusk|100/100
|-enditem|p1a: Great Tusk|Booster Energy
|-activate|p1a: Great Tusk|ability: Protosynthesis|[fromitem]
|-start|p1a: Great Tusk|protosynthesisatk
|turn|14
|
|t:|1769306726
|move|p2a: Ceruledge|Shadow Sneak|p1a: Great Tusk
|-damage|p1a: Great Tusk|86/100
|move|p1a: Great Tusk|Ice Spinner|p2a: Ceruledge
|-resisted|p2a: Ceruledge
|-damage|p2a: Ceruledge|0 fnt
|faint|p2a: Ceruledge
|
|upkeep
|
|t:|1769306729
|switch|p2a: Dragapult|Dragapult, F|100/100
|turn|15
|
|t:|1769306737
|move|p2a: Dragapult|Shadow Ball|p1a: Great Tusk
|-damage|p1a: Great Tusk|3/100
|move|p1a: Great Tusk|Ice Spinner|p2a: Dragapult
|-supereffective|p2a: Dragapult
|-crit|p2a: Dragapult
|-damage|p2a: Dragapult|0 fnt
|faint|p2a: Dragapult
|
|win|UnitedDank
|raw|UnitedDank's rating: 1487 &rarr; <strong>1517</strong><br />(+30 for winning)
|raw|DirkDiggler420's rating: 1671 &rarr; <strong>1641</strong><br />(-30 for losing)
|l|☆DirkDiggler420
|player|p2|
