|j|☆skayboy31
|j|☆Eternity._.Isi
|t:|1769429853
|gametype|singles
|player|p1|skayboy31|lucas|1213
|player|p2|Eternity._.Isi|101|1271
|gen|9
|tier|[Gen 9] OU
|rated|
|rule|HP Percentage Mod: HP is shown in percentages
|rule|Endless Battle Clause: Forcing endless battles is banned
|rule|Species Clause: Limit one of each Pokémon
|rule|OHKO Clause: OHKO moves are banned
|rule|Evasion Items Clause: Evasion items are banned
|rule|Evasion Moves Clause: Evasion moves are banned
|rule|Evasion Abilities Clause: Evasion abilities are banned
|rule|Sleep Moves Clause: Sleep-inducing moves are banned
|clearpoke
|poke|p1|Ogerpon-Wellspring, F|
|poke|p1|Garganacl, F|
|poke|p1|Landorus-Therian, M|
|poke|p1|Kyurem|
|poke|p1|Zapdos-Galar|
|poke|p1|Salazzle, F|
|poke|p2|Great Tusk|
|poke|p2|Ogerpon-Wellspring, F|
|poke|p2|Dragapult, M|
|poke|p2|Iron Moth|
|poke|p2|Kingambit, F|
|poke|p2|Zapdos|
|teampreview
|
|t:|1769429860
|teamsize|p1|6
|teamsize|p2|6
|start
|switch|p1a: Kyurem|Kyurem|100/100
|switch|p2a: Champipi|Ogerpon-Wellspring, F|100/100
|-ability|p1a: Kyurem|Pressure
|turn|1
|inactive|Battle timer is ON: inactive players will automatically lose when time's up. (requested by skayboy31)
|
|t:|1769429870
|switch|p2a: Jeune samouraï|Kingambit, F|100/100
|move|p1a: Kyurem|Freeze-Dry|p2a: Jeune samouraï
|-resisted|p2a: Jeune samouraï
|-damage|p2a: Jeune samouraï|72/100
|-damage|p1a: Kyurem|91/100|[from] item: Life Orb
|
|-heal|p2a: Jeune samouraï|79/100|[from] item: Leftovers
|upkeep
|turn|2
|
|t:|1769429885
|switch|p1a: Landorus|Landorus-Therian, M, shiny|100/100
|-ability|p1a: Landorus|Intimidate|boost
|-unboost|p2a: Jeune samouraï|atk|1
|move|p2a: Jeune samouraï|Iron Head|p1a: Landorus
|-damage|p1a: Landorus|68/100
|-damage|p2a: Jeune samouraï|62/100|[from] item: Rocky Helmet|[of] p1a: Landorus
|
|-heal|p2a: Jeune samouraï|68/100|[from] item: Leftovers
|upkeep
|turn|3
|
|t:|1769429899
|-end|p2a: Jeune samouraï|fallenundefined|[silent]
|switch|p2a: Champipi|Ogerpon-Wellspring, F|100/100
|move|p1a: Landorus|Earthquake|p2a: Champipi
|-resisted|p2a: Champipi
|-damage|p2a: Champipi|66/100
|
|upkeep
|turn|4
|
|t:|1769429909
|switch|p1a: Ogerpon|Ogerpon-Wellspring, F|100/100
|move|p2a: Champipi|Horn Leech|p1a: Ogerpon
|-damage|p1a: Ogerpon|41/100
|-heal|p2a: Champipi|96/100|[from] drain|[of] p1a: Ogerpon
|
|upkeep
|turn|5
|
|t:|1769429917
|move|p2a: Champipi|Horn Leech|p1a: Ogerpon
|-damage|p1a: Ogerpon|0 fnt
|-heal|p2a: Champipi|100/100|[from] drain|[of] p1a: Ogerpon
|faint|p1a: Ogerpon
|
|upkeep
|
|t:|1769429924
|switch|p1a: Kyurem|Kyurem|91/100
|-ability|p1a: Kyurem|Pressure
|turn|6
|
|t:|1769429930
|switch|p2a: Jeune samouraï|Kingambit, F|68/100
|move|p1a: Kyurem|Earth Power|p2a: Jeune samouraï
|-supereffective|p2a: Jeune samouraï
|-damage|p2a: Jeune samouraï|0 fnt
|faint|p2a: Jeune samouraï
|-end|p2a: Jeune samouraï|fallenundefined|[silent]
|-damage|p1a: Kyurem|81/100|[from] item: Life Orb
|
|upkeep
|
|t:|1769429942
|switch|p2a: La mite|Iron Moth, shiny|100/100
|-enditem|p2a: La mite|Booster Energy
|-activate|p2a: La mite|ability: Quark Drive|[fromitem]
|-start|p2a: La mite|quarkdrivespe
|turn|7
|
|t:|1769429951
|switch|p1a: Garganacl|Garganacl, F|100/100
|move|p2a: La mite|Fiery Dance|p1a: Garganacl
|-resisted|p1a: Garganacl
|-damage|p1a: Garganacl|85/100
|
|-heal|p1a: Garganacl|91/100|[from] item: Leftovers
|upkeep
|turn|8
|
|t:|1769429962
|-terastallize|p2a: La mite|Ground
|move|p2a: La mite|Tera Blast|p1a: Garganacl|[anim] Tera Blast Ground
|-supereffective|p1a: Garganacl
|-damage|p1a: Garganacl|30/100
|move|p1a: Garganacl|Salt Cure|p2a: La mite
|-resisted|p2a: La mite
|-damage|p2a: La mite|91/100
|-start|p2a: La mite|Salt Cure
|
|-heal|p1a: Garganacl|36/100|[from] item: Leftovers
|-damage|p2a: La mite|79/100|[from] Salt Cure
|upkeep
|turn|9
|
|t:|1769429981
|move|p1a: Garganacl|Protect|p1a: Garganacl
|-singleturn|p1a: Garganacl|Protect
|move|p2a: La mite|Tera Blast|p1a: Garganacl|[anim] Tera Blast Ground
|-activate|p1a: Garganacl|move: Protect
|
|-heal|p1a: Garganacl|43/100|[from] item: Leftovers
|-damage|p2a: La mite|66/100|[from] Salt Cure
|upkeep
|turn|10
|
|t:|1769430001
|switch|p1a: Landorus|Landorus-Therian, M, shiny|68/100
|-ability|p1a: Landorus|Intimidate|boost
|-unboost|p2a: La mite|atk|1
|move|p2a: La mite|Tera Blast|p1a: Landorus|[anim] Tera Blast Ground
|-immune|p1a: Landorus
|
|-damage|p2a: La mite|54/100|[from] Salt Cure
|upkeep
|turn|11
|inactive|skayboy31 has 120 seconds left.
|
|t:|1769430031
|-end|p2a: La mite|Quark Drive|[silent]
|switch|p2a: Champipi|Ogerpon-Wellspring, F|100/100
|move|p1a: Landorus|Crunch|p2a: Champipi
|-damage|p2a: Champipi|62/100
|
|upkeep
|turn|12
|
|t:|1769430047
|switch|p1a: Salazzle|Salazzle, F|100/100
|move|p2a: Champipi|Ivy Cudgel|p1a: Salazzle|[anim] Ivy Cudgel Water
|-supereffective|p1a: Salazzle
|-damage|p1a: Salazzle|0 fnt
|faint|p1a: Salazzle
|
|upkeep
|
|t:|1769430057
|switch|p1a: Kyurem|Kyurem|81/100
|-ability|p1a: Kyurem|Pressure
|turn|13
|
|t:|1769430067
|switch|p2a: La mite|Iron Moth, shiny, tera:Ground|54/100
|move|p1a: Kyurem|Psychic|p2a: La mite
|-damage|p2a: La mite|14/100
|-damage|p1a: Kyurem|71/100|[from] item: Life Orb
|
|upkeep
|turn|14
|
|t:|1769430078
|switch|p1a: Zapdos|Zapdos-Galar|100/100
|move|p2a: La mite|Fiery Dance|p1a: Zapdos
|-damage|p1a: Zapdos|53/100
|
|upkeep
|turn|15
|
|t:|1769430095
|-end|p2a: La mite|Quark Drive|[silent]
|switch|p2a: El thor|Zapdos|100/100
|move|p1a: Zapdos|Knock Off|p2a: El thor
|-damage|p2a: El thor|68/100
|-status|p1a: Zapdos|par|[from] ability: Static|[of] p2a: El thor
|-enditem|p2a: El thor|Heavy-Duty Boots|[from] move: Knock Off|[of] p1a: Zapdos
|
|upkeep
|turn|16
|
|t:|1769430110
|switch|p1a: Landorus|Landorus-Therian, M, shiny|68/100
|-ability|p1a: Landorus|Intimidate|boost
|-unboost|p2a: El thor|atk|1
|move|p2a: El thor|Hurricane|p1a: Landorus|[miss]
|-miss|p2a: El thor|p1a: Landorus
|
|upkeep
|turn|17
|inactive|skayboy31 has 120 seconds left.
|
|t:|1769430120
|switch|p2a: Champipi|Ogerpon-Wellspring, F|62/100
|move|p1a: Landorus|Stealth Rock|p2a: Champipi
|-sidestart|p2: Eternity._.Isi|move: Stealth Rock
|
|upkeep
|turn|18
|inactive|skayboy31 has 120 seconds left.
|
|t:|1769430131
|-terastallize|p1a: Landorus|Ice
|move|p2a: Champipi|Ivy Cudgel|p1a: Landorus|[anim] Ivy Cudgel Water
|-damage|p1a: Landorus|0 fnt
|faint|p1a: Landorus
|
|upkeep
|
|t:|1769430139
|switch|p1a: Kyurem|Kyurem|71/100
|-ability|p1a: Kyurem|Pressure
|turn|19
|inactive|skayboy31 has 120 seconds left.
|
|t:|1769430153
|move|p2a: Champipi|U-turn|p1a: Kyurem
|-damage|p1a: Kyurem|42/100
|
|t:|1769430159
|switch|p2a: El thor|Zapdos|68/100|[from] U-turn
|-damage|p2a: El thor|43/100|[from] Stealth Rock
|move|p1a: Kyurem|Freeze-Dry|p2a: El thor
|-supereffective|p2a: El thor
|-damage|p2a: El thor|0 fnt
|faint|p2a: El thor
|-damage|p1a: Kyurem|32/100|[from] item: Life Orb
|
|upkeep
|
|t:|1769430171
|switch|p2a: Brook|Dragapult, M|100/100
|-damage|p2a: Brook|88/100|[from] Stealth Rock
|turn|20
|
|t:|1769430178
|move|p2a: Brook|Flamethrower|p1a: Kyurem
|-damage|p1a: Kyurem|0 fnt
|faint|p1a: Kyurem
|
|upkeep
|
|t:|1769430184
|switch|p1a: Garganacl|Garganacl, F|43/100
|turn|21
|
|t:|1769430188
|switch|p2a: Babar|Great Tusk|100/100
|move|p1a: Garganacl|Salt Cure|p2a: Babar
|-resisted|p2a: Babar
|-damage|p2a: Babar|98/100
|-start|p2a: Babar|Salt Cure
|
|-heal|p1a: Garganacl|49/100|[from] item: Leftovers
|-damage|p2a: Babar|85/100|[from] Salt Cure
|upkeep
|turn|22
|
|t:|1769430201
|move|p1a: Garganacl|Protect|p1a: Garganacl
|-singleturn|p1a: Garganacl|Protect
|move|p2a: Babar|Stealth Rock|p1a: Garganacl
|-sidestart|p1: skayboy31|move: Stealth Rock
|
|-heal|p1a: Garganacl|55/100|[from] item: Leftovers
|-damage|p2a: Babar|73/100|[from] Salt Cure
|upkeep
|turn|23
|
|t:|1769430210
|move|p2a: Babar|Ice Spinner|p1a: Garganacl
|-damage|p1a: Garganacl|39/100
|move|p1a: Garganacl|Recover|p1a: Garganacl
|-heal|p1a: Garganacl|89/100
|
|-heal|p1a: Garganacl|95/100|[from] item: Leftovers
|-damage|p2a: Babar|61/100|[from] Salt Cure
|upkeep
|turn|24
|
|t:|1769430221
|-end|p2a: Babar|Protosynthesis|[silent]
|switch|p2a: Champipi|Ogerpon-Wellspring, F|62/100
|-damage|p2a: Champipi|50/100|[from] Stealth Rock
|move|p1a: Garganacl|Avalanche|p2a: Champipi
|-damage|p2a: Champipi|33/100
|
|-heal|p1a: Garganacl|100/100|[from] item: Leftovers
|upkeep
|turn|25
|
|t:|1769430231
|move|p2a: Champipi|Ivy Cudgel|p1a: Garganacl|[anim] Ivy Cudgel Water
|-supereffective|p1a: Garganacl
|-damage|p1a: Garganacl|22/100
|move|p1a: Garganacl|Salt Cure|p2a: Champipi
|-crit|p2a: Champipi
|-damage|p2a: Champipi|5/100
|-start|p2a: Champipi|Salt Cure
|
|-heal|p1a: Garganacl|28/100|[from] item: Leftovers
|-damage|p2a: Champipi|0 fnt|[from] Salt Cure
|faint|p2a: Champipi
|upkeep
|
|t:|1769430244
|switch|p2a: La mite|Iron Moth, shiny, tera:Ground|14/100
|-damage|p2a: La mite|8/100|[from] Stealth Rock
|turn|26
|
|t:|1769430253
|move|p1a: Garganacl|Protect|p1a: Garganacl
|-singleturn|p1a: Garganacl|Protect
|move|p2a: La mite|Tera Blast|p1a: Garganacl|[anim] Tera Blast Ground
|-activate|p1a: Garganacl|move: Protect
|
|-heal|p1a: Garganacl|34/100|[from] item: Leftovers
|upkeep
|turn|27
|
|t:|1769430262
|switch|p1a: Zapdos|Zapdos-Galar|53/100 par
|-damage|p1a: Zapdos|41/100 par|[from] Stealth Rock
|move|p2a: La mite|Tera Blast|p1a: Zapdos|[anim] Tera Blast Ground
|-immune|p1a: Zapdos
|
|upkeep
|turn|28
|
|t:|1769430273
|move|p2a: La mite|Fiery Dance|p1a: Zapdos
|-damage|p1a: Zapdos|0 fnt
|faint|p1a: Zapdos
|
|upkeep
|
|t:|1769430278
|switch|p1a: Garganacl|Garganacl, F|34/100
|-damage|p1a: Garganacl|22/100|[from] Stealth Rock
|turn|29
|
|t:|1769430284
|move|p1a: Garganacl|Protect|p1a: Garganacl
|-singleturn|p1a: Garganacl|Protect
|move|p2a: La mite|Tera Blast|p1a: Garganacl|[anim] Tera Blast Ground
|-activate|p1a: Garganacl|move: Protect
|
|-heal|p1a: Garganacl|28/100|[from] item: Leftovers
|upkeep
|turn|30
|
|t:|1769430293
|move|p2a: La mite|Tera Blast|p1a: Garganacl|[anim] Tera Blast Ground
|-supereffective|p1a: Garganacl
|-damage|p1a: Garganacl|0 fnt
|faint|p1a: Garganacl
|
|win|Eternity._.Isi
|raw|skayboy31's rating: 1213 &rarr; <strong>1192</strong><br />(-21 for losing)
|raw|Eternity._.Isi's rating: 1271 &rarr; <strong>1292</strong><br />(+21 for winning)
|l|☆skayboy31
|player|p1|
|l|☆Eternity._.Isi
|player|p2|
