|j|☆Selemene1
|j|☆skql
|t:|1769418342
|gametype|singles
|player|p1|Selemene1|steven|1478
|player|p2|skql|caitlin|1559
|gen|9
|tier|[Gen 9] OU
|rated|
|rule|HP Percentage Mod: HP is shown in percentages
|rule|Endless Battle Clause: Forcing endless battles is banned
|rule|Species Clause: Limit one of each Pokémon
|rule|OHKO Clause: OHKO moves are banned
|rule|Evasion Items Clause: Evasion items are banned
|rule|Evasion Moves Clause: Evasion moves are banned
|rule|Evasion Abilities Clause: Evasion abilities are banned
|rule|Sleep Moves Clause: Sleep-inducing moves are banned
|clearpoke
|poke|p1|Pelipper, M|
|poke|p1|Barraskewda, F|
|poke|p1|Zapdos|
|poke|p1|Corviknight, M|
|poke|p1|Clodsire, F|
|poke|p1|Incineroar, F|
|poke|p2|Kyurem|
|poke|p2|Ting-Lu|
|poke|p2|Corviknight, M|
|poke|p2|Weezing-Galar, M|
|poke|p2|Zamazenta-*|
|poke|p2|Toxapex, M|
|teampreview
|inactive|Battle timer is ON: inactive players will automatically lose when time's up. (requested by skql)
|
|t:|1769418353
|teamsize|p1|6
|teamsize|p2|6
|start
|switch|p1a: Incineroar|Incineroar, F, shiny|100/100
|switch|p2a: Kyurem|Kyurem|100/100
|-ability|p2a: Kyurem|Pressure
|-ability|p1a: Incineroar|Intimidate|boost
|-unboost|p2a: Kyurem|atk|1
|turn|1
|
|t:|1769418364
|move|p2a: Kyurem|Substitute|p2a: Kyurem
|-start|p2a: Kyurem|Substitute
|-damage|p2a: Kyurem|76/100
|move|p1a: Incineroar|Knock Off|p2a: Kyurem
|-end|p2a: Kyurem|Substitute
|
|-heal|p2a: Kyurem|82/100|[from] item: Leftovers
|upkeep
|turn|2
|
|t:|1769418367
|move|p2a: Kyurem|Protect|p2a: Kyurem
|-singleturn|p2a: Kyurem|Protect
|move|p1a: Incineroar|Knock Off|p2a: Kyurem
|-activate|p2a: Kyurem|move: Protect
|
|-heal|p2a: Kyurem|88/100|[from] item: Leftovers
|upkeep
|turn|3
|
|t:|1769418372
|switch|p2a: Ting-Lu|Ting-Lu|100/100
|-ability|p2a: Ting-Lu|Vessel of Ruin
|move|p1a: Incineroar|Knock Off|p2a: Ting-Lu
|-resisted|p2a: Ting-Lu
|-damage|p2a: Ting-Lu|90/100
|-enditem|p2a: Ting-Lu|Leftovers|[from] move: Knock Off|[of] p1a: Incineroar
|
|upkeep
|turn|4
|
|t:|1769418378
|move|p1a: Incineroar|Parting Shot|p2a: Ting-Lu
|-unboost|p2a: Ting-Lu|atk|1
|-unboost|p2a: Ting-Lu|spa|1
|
|t:|1769418382
|switch|p1a: Corviknight|Corviknight, M, shiny|100/100|[from] Parting Shot
|-ability|p1a: Corviknight|Pressure
|move|p2a: Ting-Lu|Stealth Rock|p1a: Corviknight
|-sidestart|p1: Selemene1|move: Stealth Rock
|
|upkeep
|turn|5
|
|t:|1769418388
|move|p2a: Ting-Lu|Ruination|p1a: Corviknight
|-damage|p1a: Corviknight|51/100
|move|p1a: Corviknight|Defog|p2a: Ting-Lu
|-unboost|p2a: Ting-Lu|evasion|1
|-sideend|p1: Selemene1|Stealth Rock|[from] move: Defog|[of] p1a: Corviknight
|
|upkeep
|turn|6
|
|t:|1769418391
|move|p2a: Ting-Lu|Stealth Rock|p1a: Corviknight
|-sidestart|p1: Selemene1|move: Stealth Rock
|move|p1a: Corviknight|Roost|p1a: Corviknight
|-heal|p1a: Corviknight|100/100
|-singleturn|p1a: Corviknight|move: Roost
|
|upkeep
|turn|7
|
|t:|1769418395
|switch|p2a: Corviknight|Corviknight, M|100/100
|-ability|p2a: Corviknight|Pressure
|move|p1a: Corviknight|Defog|p2a: Corviknight
|-unboost|p2a: Corviknight|evasion|1
|-sideend|p1: Selemene1|Stealth Rock|[from] move: Defog|[of] p1a: Corviknight
|
|upkeep
|turn|8
|
|t:|1769418400
|move|p2a: Corviknight|U-turn|p1a: Corviknight
|-resisted|p1a: Corviknight
|-damage|p1a: Corviknight|98/100
|-damage|p2a: Corviknight|84/100|[from] item: Rocky Helmet|[of] p1a: Corviknight
|
|t:|1769418407
|switch|p2a: Weezing|Weezing-Galar, M|100/100|[from] U-turn
|-ability|p2a: Weezing|Neutralizing Gas
|move|p1a: Corviknight|U-turn|p2a: Weezing
|-resisted|p2a: Weezing
|-damage|p2a: Weezing|98/100
|
|t:|1769418414
|switch|p1a: Incineroar|Incineroar, F, shiny|100/100|[from] U-turn
|
|upkeep
|turn|9
|
|t:|1769418419
|-end|p2a: Weezing|ability: Neutralizing Gas
|-ability|p1a: Incineroar|Intimidate|boost
|-unboost|p2a: Weezing|atk|1
|switch|p2a: Ting-Lu|Ting-Lu|90/100
|-ability|p2a: Ting-Lu|Vessel of Ruin
|move|p1a: Incineroar|Knock Off|p2a: Ting-Lu
|-resisted|p2a: Ting-Lu
|-crit|p2a: Ting-Lu
|-damage|p2a: Ting-Lu|80/100
|
|upkeep
|turn|10
|
|t:|1769418427
|move|p1a: Incineroar|Parting Shot|p2a: Ting-Lu
|-unboost|p2a: Ting-Lu|atk|1
|-unboost|p2a: Ting-Lu|spa|1
|
|t:|1769418429
|switch|p1a: Corviknight|Corviknight, M, shiny|98/100|[from] Parting Shot
|-ability|p1a: Corviknight|Pressure
|move|p2a: Ting-Lu|Ruination|p1a: Corviknight
|-damage|p1a: Corviknight|50/100
|
|upkeep
|turn|11
|
|t:|1769418436
|move|p2a: Ting-Lu|Stealth Rock|p1a: Corviknight
|-sidestart|p1: Selemene1|move: Stealth Rock
|move|p1a: Corviknight|Roost|p1a: Corviknight
|-heal|p1a: Corviknight|99/100
|-singleturn|p1a: Corviknight|move: Roost
|
|upkeep
|turn|12
|
|t:|1769418440
|switch|p2a: Kyurem|Kyurem|88/100
|-ability|p2a: Kyurem|Pressure
|move|p1a: Corviknight|Defog|p2a: Kyurem
|-unboost|p2a: Kyurem|evasion|1
|-sideend|p1: Selemene1|Stealth Rock|[from] move: Defog|[of] p1a: Corviknight
|
|-heal|p2a: Kyurem|94/100|[from] item: Leftovers
|upkeep
|turn|13
|
|t:|1769418444
|move|p2a: Kyurem|Substitute|p2a: Kyurem
|-start|p2a: Kyurem|Substitute
|-damage|p2a: Kyurem|69/100
|move|p1a: Corviknight|Body Press|p2a: Kyurem
|-supereffective|p2a: Kyurem
|-end|p2a: Kyurem|Substitute
|
|-heal|p2a: Kyurem|75/100|[from] item: Leftovers
|upkeep
|turn|14
|
|t:|1769418447
|move|p2a: Kyurem|Protect|p2a: Kyurem
|-singleturn|p2a: Kyurem|Protect
|move|p1a: Corviknight|Body Press|p2a: Kyurem
|-activate|p2a: Kyurem|move: Protect
|
|-heal|p2a: Kyurem|81/100|[from] item: Leftovers
|upkeep
|turn|15
|
|t:|1769418453
|switch|p2a: Corviknight|Corviknight, M|84/100
|-ability|p2a: Corviknight|Pressure
|move|p1a: Corviknight|U-turn|p2a: Corviknight
|-resisted|p2a: Corviknight
|-damage|p2a: Corviknight|82/100
|-damage|p1a: Corviknight|83/100|[from] item: Rocky Helmet|[of] p2a: Corviknight
|
|t:|1769418456
|switch|p1a: Zapdos|Zapdos, shiny|100/100|[from] U-turn
|
|upkeep
|turn|16
|
|t:|1769418466
|switch|p1a: Barraskewda|Barraskewda, F|100/100
|switch|p2a: Ting-Lu|Ting-Lu|80/100
|-ability|p2a: Ting-Lu|Vessel of Ruin
|
|upkeep
|turn|17
|
|t:|1769418470
|switch|p2a: Toxapex|Toxapex, M|100/100
|move|p1a: Barraskewda|Flip Turn|p2a: Toxapex
|-resisted|p2a: Toxapex
|-damage|p2a: Toxapex|82/100
|
|t:|1769418477
|switch|p1a: Zapdos|Zapdos, shiny|100/100|[from] Flip Turn
|
|upkeep
|turn|18
|
|t:|1769418485
|switch|p2a: Ting-Lu|Ting-Lu|80/100
|-ability|p2a: Ting-Lu|Vessel of Ruin
|move|p1a: Zapdos|Volt Switch|p2a: Ting-Lu
|-immune|p2a: Ting-Lu
|
|upkeep
|turn|19
|
|t:|1769418488
|switch|p1a: Corviknight|Corviknight, M, shiny|83/100
|-ability|p1a: Corviknight|Pressure
|move|p2a: Ting-Lu|Ruination|p1a: Corviknight
|-damage|p1a: Corviknight|42/100
|
|upkeep
|turn|20
|
|t:|1769418495
|switch|p2a: Weezing|Weezing-Galar, M|98/100
|-ability|p2a: Weezing|Neutralizing Gas
|move|p1a: Corviknight|Roost|p1a: Corviknight
|-heal|p1a: Corviknight|92/100
|-singleturn|p1a: Corviknight|move: Roost
|
|upkeep
|turn|21
|
|t:|1769418500
|move|p2a: Weezing|Strange Steam|p1a: Corviknight
|-resisted|p1a: Corviknight
|-damage|p1a: Corviknight|78/100
|move|p1a: Corviknight|U-turn|p2a: Weezing
|-resisted|p2a: Weezing
|-damage|p2a: Weezing|96/100
|
|t:|1769418513
|switch|p1a: Barraskewda|Barraskewda, F|100/100|[from] U-turn
|
|upkeep
|turn|22
|
|t:|1769418519
|-end|p2a: Weezing|ability: Neutralizing Gas
|switch|p2a: Toxapex|Toxapex, M|100/100
|move|p1a: Barraskewda|Flip Turn|p2a: Toxapex
|-resisted|p2a: Toxapex
|-crit|p2a: Toxapex
|-damage|p2a: Toxapex|70/100
|
|t:|1769418524
|switch|p1a: Pelipper|Pelipper, M|100/100|[from] Flip Turn
|-weather|RainDance|[from] ability: Drizzle|[of] p1a: Pelipper
|
|-weather|RainDance|[upkeep]
|upkeep
|turn|23
|
|t:|1769418532
|switch|p1a: Clodsire|Clodsire, F|100/100
|move|p2a: Toxapex|Sludge Bomb|p1a: Clodsire
|-resisted|p1a: Clodsire
|-damage|p1a: Clodsire|97/100
|
|-weather|RainDance|[upkeep]
|-heal|p1a: Clodsire|100/100|[from] item: Leftovers
|upkeep
|turn|24
|
|t:|1769418541
|move|p2a: Toxapex|Surf|p1a: Clodsire
|-immune|p1a: Clodsire|[from] ability: Water Absorb
|move|p1a: Clodsire|Toxic|p2a: Toxapex
|-immune|p2a: Toxapex
|
|-weather|RainDance|[upkeep]
|upkeep
|turn|25
|
|t:|1769418556
|switch|p2a: Corviknight|Corviknight, M|82/100
|-ability|p2a: Corviknight|Pressure
|move|p1a: Clodsire|Stealth Rock|p2a: Corviknight
|-sidestart|p2: skql|move: Stealth Rock
|
|-weather|RainDance|[upkeep]
|upkeep
|turn|26
|
|t:|1769418562
|switch|p2a: Ting-Lu|Ting-Lu|80/100
|-damage|p2a: Ting-Lu|74/100|[from] Stealth Rock
|-ability|p2a: Ting-Lu|Vessel of Ruin
|switch|p1a: Zapdos|Zapdos, shiny|100/100
|
|-weather|RainDance|[upkeep]
|upkeep
|turn|27
|
|t:|1769418568
|move|p1a: Zapdos|Weather Ball|p2a: Ting-Lu
|-supereffective|p2a: Ting-Lu
|-damage|p2a: Ting-Lu|30/100
|move|p2a: Ting-Lu|Ruination|p1a: Zapdos|[miss]
|-miss|p2a: Ting-Lu|p1a: Zapdos
|
|-weather|RainDance|[upkeep]
|upkeep
|turn|28
|
|t:|1769418576
|switch|p2a: Toxapex|Toxapex, M|100/100
|-damage|p2a: Toxapex|88/100|[from] Stealth Rock
|move|p1a: Zapdos|Weather Ball|p2a: Toxapex
|-resisted|p2a: Toxapex
|-damage|p2a: Toxapex|75/100
|
|-weather|RainDance|[upkeep]
|upkeep
|turn|29
|
|t:|1769418598
|move|p1a: Zapdos|Thunder|p2a: Toxapex
|-supereffective|p2a: Toxapex
|-damage|p2a: Toxapex|18/100
|move|p2a: Toxapex|Ice Beam|p1a: Zapdos
|-supereffective|p1a: Zapdos
|-damage|p1a: Zapdos|54/100
|-status|p1a: Zapdos|frz
|
|-weather|none
|upkeep
|turn|30
|
|t:|1769418605
|switch|p2a: Ting-Lu|Ting-Lu|30/100
|-damage|p2a: Ting-Lu|23/100|[from] Stealth Rock
|-ability|p2a: Ting-Lu|Vessel of Ruin
|cant|p1a: Zapdos|frz
|
|upkeep
|turn|31
|
|t:|1769418613
|-curestatus|p1a: Zapdos|frz|[msg]
|move|p1a: Zapdos|Volt Switch|p2a: Ting-Lu
|-immune|p2a: Ting-Lu
|move|p2a: Ting-Lu|Rest|p2a: Ting-Lu
|-status|p2a: Ting-Lu|slp|[from] move: Rest
|-heal|p2a: Ting-Lu|100/100 slp|[silent]
|
|upkeep
|turn|32
|
|t:|1769418621
|switch|p1a: Pelipper|Pelipper, M|100/100
|-weather|RainDance|[from] ability: Drizzle|[of] p1a: Pelipper
|cant|p2a: Ting-Lu|slp
|
|-weather|RainDance|[upkeep]
|upkeep
|turn|33
|
|t:|1769418632
|switch|p2a: Toxapex|Toxapex, M|51/100
|-damage|p2a: Toxapex|39/100|[from] Stealth Rock
|move|p1a: Pelipper|U-turn|p2a: Toxapex
|-resisted|p2a: Toxapex
|-crit|p2a: Toxapex
|-damage|p2a: Toxapex|33/100
|
|t:|1769418637
|switch|p1a: Zapdos|Zapdos, shiny|54/100|[from] U-turn
|
|-weather|RainDance|[upkeep]
|upkeep
|turn|34
|
|t:|1769418640
|switch|p2a: Kyurem|Kyurem|81/100
|-damage|p2a: Kyurem|57/100|[from] Stealth Rock
|-ability|p2a: Kyurem|Pressure
|move|p1a: Zapdos|Hurricane|p2a: Kyurem
|-damage|p2a: Kyurem|5/100
|
|-weather|RainDance|[upkeep]
|-heal|p2a: Kyurem|11/100|[from] item: Leftovers
|upkeep
|turn|35
|inactive|Selemene1 has 120 seconds left.
|
|t:|1769418675
|move|p1a: Zapdos|Hurricane|p2a: Kyurem
|-damage|p2a: Kyurem|0 fnt
|faint|p2a: Kyurem
|
|-weather|RainDance|[upkeep]
|upkeep
|
|t:|1769418678
|switch|p2a: Zamazenta|Zamazenta|100/100
|-damage|p2a: Zamazenta|94/100|[from] Stealth Rock
|-ability|p2a: Zamazenta|Dauntless Shield|boost
|-boost|p2a: Zamazenta|def|1
|turn|36
|
|t:|1769418682
|switch|p1a: Pelipper|Pelipper, M|100/100
|move|p2a: Zamazenta|Close Combat|p1a: Pelipper
|-resisted|p1a: Pelipper
|-damage|p1a: Pelipper|65/100
|-unboost|p2a: Zamazenta|def|1
|-unboost|p2a: Zamazenta|spd|1
|
|-weather|RainDance|[upkeep]
|upkeep
|turn|37
|
|t:|1769418688
|switch|p2a: Toxapex|Toxapex, M|67/100
|-damage|p2a: Toxapex|54/100|[from] Stealth Rock
|move|p1a: Pelipper|Hurricane|p2a: Toxapex
|-damage|p2a: Toxapex|33/100
|-start|p2a: Toxapex|confusion
|
|-weather|RainDance|[upkeep]
|upkeep
|turn|38
|
|t:|1769418701
|move|p1a: Pelipper|Hurricane|p2a: Toxapex
|-damage|p2a: Toxapex|12/100
|-activate|p2a: Toxapex|confusion
|-damage|p2a: Toxapex|8/100|[from] confusion
|
|-weather|RainDance|[upkeep]
|upkeep
|turn|39
|
|t:|1769418707
|move|p1a: Pelipper|Hurricane|p2a: Toxapex
|-damage|p2a: Toxapex|0 fnt
|faint|p2a: Toxapex
|
|-weather|none
|upkeep
|
|t:|1769418708
|switch|p2a: Zamazenta|Zamazenta|94/100
|-damage|p2a: Zamazenta|88/100|[from] Stealth Rock
|turn|40
|
|t:|1769418712
|move|p2a: Zamazenta|Close Combat|p1a: Pelipper
|-resisted|p1a: Pelipper
|-damage|p1a: Pelipper|32/100
|-unboost|p2a: Zamazenta|def|1
|-unboost|p2a: Zamazenta|spd|1
|move|p1a: Pelipper|Roost|p1a: Pelipper
|-heal|p1a: Pelipper|82/100
|-singleturn|p1a: Pelipper|move: Roost
|
|upkeep
|turn|41
|-message|skql forfeited.
|
|win|Selemene1
|raw|Selemene1's rating: 1478 &rarr; <strong>1503</strong><br />(+25 for winning)
|raw|skql's rating: 1575 &rarr; <strong>1550</strong><br />(-25 for losing)
|l|☆skql
|player|p2|
|l|☆Selemene1
|player|p1|
