|j|☆DerDonPorrello
|j|☆nottrigate
|t:|1769298914
|gametype|singles
|player|p1|DerDonPorrello|hiker-gen4|1184
|player|p2|nottrigate|101|1127
|gen|9
|tier|[Gen 9] OU
|rated|
|rule|HP Percentage Mod: HP is shown in percentages
|rule|Endless Battle Clause: Forcing endless battles is banned
|rule|Species Clause: Limit one of each Pokémon
|rule|OHKO Clause: OHKO moves are banned
|rule|Evasion Items Clause: Evasion items are banned
|rule|Evasion Moves Clause: Evasion moves are banned
|rule|Evasion Abilities Clause: Evasion abilities are banned
|rule|Sleep Moves Clause: Sleep-inducing moves are banned
|clearpoke
|poke|p1|Alomomola, M|
|poke|p1|Hydrapple, F|
|poke|p1|Kleavor, F|
|poke|p1|Overqwil, M|
|poke|p1|Hoopa|
|poke|p1|Quaxwell, F|
|poke|p2|Snorlax, F|
|poke|p2|Victreebel, M|
|poke|p2|Quagsire, F|
|poke|p2|Espeon, M|
|poke|p2|Vaporeon, M|
|poke|p2|Weezing-Galar, F|
|teampreview
|
|t:|1769298927
|teamsize|p1|6
|teamsize|p2|6
|start
|switch|p1a: Overqwil|Overqwil, M|100/100
|switch|p2a: Victreebel|Victreebel, M|100/100
|-ability|p1a: Overqwil|Intimidate|boost
|-unboost|p2a: Victreebel|atk|1
|turn|1
|
|t:|1769298934
|move|p1a: Overqwil|Toxic Spikes|p2a: Victreebel
|-sidestart|p2: nottrigate|move: Toxic Spikes
|move|p2a: Victreebel|Trailblaze|p1a: Overqwil
|-resisted|p1a: Overqwil
|-damage|p1a: Overqwil|95/100
|-boost|p2a: Victreebel|spe|1
|
|-heal|p1a: Overqwil|100/100|[from] item: Black Sludge
|upkeep
|turn|2
|
|t:|1769298943
|move|p2a: Victreebel|Knock Off|p1a: Overqwil
|-resisted|p1a: Overqwil
|-damage|p1a: Overqwil|94/100
|-enditem|p1a: Overqwil|Black Sludge|[from] move: Knock Off|[of] p2a: Victreebel
|move|p1a: Overqwil|Spikes|p2a: Victreebel
|-sidestart|p2: nottrigate|Spikes
|
|upkeep
|turn|3
|
|t:|1769298949
|switch|p2a: Weezing|Weezing-Galar, F|100/100
|-ability|p2a: Weezing|Neutralizing Gas
|-sideend|p2: nottrigate|move: Toxic Spikes|[of] p2a: Weezing
|-damage|p2a: Weezing|88/100|[from] Spikes
|move|p1a: Overqwil|Spikes|p2a: Weezing
|-sidestart|p2: nottrigate|Spikes
|
|upkeep
|turn|4
|
|t:|1769298960
|move|p1a: Overqwil|Spikes|p2a: Weezing
|-sidestart|p2: nottrigate|Spikes
|move|p2a: Weezing|Defog|p1a: Overqwil
|-unboost|p1a: Overqwil|evasion|1
|-sideend|p2: nottrigate|Spikes|[from] move: Defog|[of] p2a: Weezing
|
|upkeep
|turn|5
|
|t:|1769298970
|switch|p1a: Hoopa|Hoopa|100/100
|move|p2a: Weezing|Dazzling Gleam|p1a: Hoopa
|-damage|p1a: Hoopa|76/100
|
|upkeep
|turn|6
|
|t:|1769298981
|-end|p2a: Weezing|ability: Neutralizing Gas
|switch|p2a: Snorlax|Snorlax, F|100/100
|move|p1a: Hoopa|Shadow Ball|p2a: Snorlax
|-immune|p2a: Snorlax
|
|upkeep
|turn|7
|
|t:|1769298990
|switch|p1a: Alomomola|Alomomola, M|100/100
|move|p2a: Snorlax|Earthquake|p1a: Alomomola
|-damage|p1a: Alomomola|85/100
|
|upkeep
|turn|8
|
|t:|1769298996
|move|p1a: Alomomola|Wish|p1a: Alomomola
|move|p2a: Snorlax|Curse|p2a: Snorlax
|-unboost|p2a: Snorlax|spe|1
|-boost|p2a: Snorlax|atk|1
|-boost|p2a: Snorlax|def|1
|
|upkeep
|turn|9
|
|t:|1769299006
|switch|p1a: Hoopa|Hoopa|76/100
|move|p2a: Snorlax|Curse|p2a: Snorlax
|-unboost|p2a: Snorlax|spe|1
|-boost|p2a: Snorlax|atk|1
|-boost|p2a: Snorlax|def|1
|
|-heal|p1a: Hoopa|100/100|[from] move: Wish|[wisher] Alomomola
|upkeep
|turn|10
|
|t:|1769299015
|move|p1a: Hoopa|Trick|p2a: Snorlax
|-activate|p1a: Hoopa|move: Trick|[of] p2a: Snorlax
|-item|p2a: Snorlax|Choice Specs|[from] move: Trick
|-item|p1a: Hoopa|Leftovers|[from] move: Trick
|move|p2a: Snorlax|Earthquake|p1a: Hoopa
|-damage|p1a: Hoopa|8/100
|
|-heal|p1a: Hoopa|14/100|[from] item: Leftovers
|upkeep
|turn|11
|-message|nottrigate forfeited.
|
|win|DerDonPorrello
|raw|DerDonPorrello's rating: 1184 &rarr; <strong>1205</strong><br />(+21 for winning)
|raw|nottrigate's rating: 1127 &rarr; <strong>1106</strong><br />(-21 for losing)
|l|☆nottrigate
|player|p2|
|l|☆DerDonPorrello
|player|p1|
