|j|☆icetea1896
|j|☆Skayboy31
|t:|1769355552
|gametype|singles
|player|p1|icetea1896|buck|1080
|player|p2|Skayboy31|lucas|1055
|gen|9
|tier|[Gen 9] OU
|rated|
|rule|HP Percentage Mod: HP is shown in percentages
|rule|Endless Battle Clause: Forcing endless battles is banned
|rule|Species Clause: Limit one of each Pokémon
|rule|OHKO Clause: OHKO moves are banned
|rule|Evasion Items Clause: Evasion items are banned
|rule|Evasion Moves Clause: Evasion moves are banned
|rule|Evasion Abilities Clause: Evasion abilities are banned
|rule|Sleep Moves Clause: Sleep-inducing moves are banned
|clearpoke
|poke|p1|Ceruledge, M|
|poke|p1|Whimsicott, M|
|poke|p1|Scyther, M|
|poke|p1|Azumarill, M|
|poke|p1|Salamence, F|
|poke|p1|Garganacl, F|
|poke|p2|Walking Wake|
|poke|p2|Amoonguss, M|
|poke|p2|Hatterene, F|
|poke|p2|Torkoal, F|
|poke|p2|Kingambit, F|
|poke|p2|Seedot, F|
|teampreview
|
|t:|1769355562
|teamsize|p1|6
|teamsize|p2|6
|start
|switch|p1a: Azumarill|Azumarill, M|100/100
|switch|p2a: Seedot|Seedot, F|100/100
|turn|1
|
|t:|1769355569
|move|p1a: Azumarill|Belly Drum|p1a: Azumarill
|-damage|p1a: Azumarill|51/100
|-setboost|p1a: Azumarill|atk|6|[from] move: Belly Drum
|move|p2a: Seedot|Endeavor|p1a: Azumarill
|-immune|p1a: Azumarill
|
|upkeep
|turn|2
|
|t:|1769355581
|move|p1a: Azumarill|Aqua Jet|p2a: Seedot
|-resisted|p2a: Seedot
|-enditem|p2a: Seedot|Focus Sash
|-damage|p2a: Seedot|1/100
|-enditem|p1a: Azumarill|Mystic Water|[silent]|[from] ability: Pickpocket|[of] p1a: Azumarill
|-item|p2a: Seedot|Mystic Water|[from] ability: Pickpocket|[of] p1a: Azumarill
|move|p2a: Seedot|Endeavor|p1a: Azumarill
|-damage|p1a: Azumarill|1/100
|
|upkeep
|turn|3
|
|t:|1769355592
|move|p1a: Azumarill|Aqua Jet|p2a: Seedot
|-resisted|p2a: Seedot
|-damage|p2a: Seedot|0 fnt
|faint|p2a: Seedot
|
|upkeep
|
|t:|1769355601
|switch|p2a: Torkoal|Torkoal, F|100/100
|-weather|SunnyDay|[from] ability: Drought|[of] p2a: Torkoal
|turn|4
|
|t:|1769355611
|switch|p2a: Walking Wake|Walking Wake|100/100
|-activate|p2a: Walking Wake|ability: Protosynthesis
|-start|p2a: Walking Wake|protosynthesisspe
|move|p1a: Azumarill|Aqua Jet|p2a: Walking Wake
|-resisted|p2a: Walking Wake
|-damage|p2a: Walking Wake|88/100
|
|-weather|SunnyDay|[upkeep]
|upkeep
|turn|5
|
|t:|1769355623
|move|p2a: Walking Wake|Hydro Steam|p1a: Azumarill
|-resisted|p1a: Azumarill
|-damage|p1a: Azumarill|0 fnt
|faint|p1a: Azumarill
|
|-weather|SunnyDay|[upkeep]
|upkeep
|
|t:|1769355632
|switch|p1a: Salamence|Salamence, F|100/100
|-ability|p1a: Salamence|Intimidate|boost
|-unboost|p2a: Walking Wake|atk|1
|turn|6
|
|t:|1769355636
|-terastallize|p2a: Walking Wake|Water
|move|p2a: Walking Wake|Hydro Steam|p1a: Salamence
|-resisted|p1a: Salamence
|-damage|p1a: Salamence|25/100
|move|p1a: Salamence|Dragon Dance|p1a: Salamence
|-boost|p1a: Salamence|atk|1
|-boost|p1a: Salamence|spe|1
|
|-weather|SunnyDay|[upkeep]
|upkeep
|turn|7
|
|t:|1769355646
|move|p2a: Walking Wake|Hydro Steam|p1a: Salamence
|-resisted|p1a: Salamence
|-damage|p1a: Salamence|0 fnt
|faint|p1a: Salamence
|
|-weather|SunnyDay|[upkeep]
|upkeep
|
|t:|1769355655
|switch|p1a: Garganacl|Garganacl, F|100/100
|turn|8
|
|t:|1769355661
|move|p2a: Walking Wake|Hydro Steam|p1a: Garganacl
|-supereffective|p1a: Garganacl
|-damage|p1a: Garganacl|0 fnt
|faint|p1a: Garganacl
|
|-weather|SunnyDay|[upkeep]
|upkeep
|
|t:|1769355667
|switch|p1a: Whimsicott|Whimsicott, M|100/100
|turn|9
|
|t:|1769355670
|move|p2a: Walking Wake|Hydro Steam|p1a: Whimsicott
|-resisted|p1a: Whimsicott
|-damage|p1a: Whimsicott|8/100
|move|p1a: Whimsicott|Giga Drain|p2a: Walking Wake
|-supereffective|p2a: Walking Wake
|-damage|p2a: Walking Wake|25/100
|-heal|p1a: Whimsicott|46/100|[from] drain|[of] p2a: Walking Wake
|
|-weather|SunnyDay|[upkeep]
|upkeep
|turn|10
|
|t:|1769355680
|move|p2a: Walking Wake|Hydro Steam|p1a: Whimsicott
|-resisted|p1a: Whimsicott
|-damage|p1a: Whimsicott|0 fnt
|faint|p1a: Whimsicott
|
|-weather|SunnyDay|[upkeep]
|upkeep
|
|t:|1769355688
|switch|p1a: Ceruledge|Ceruledge, M|100/100
|turn|11
|
|t:|1769355691
|move|p2a: Walking Wake|Hydro Steam|p1a: Ceruledge
|-supereffective|p1a: Ceruledge
|-damage|p1a: Ceruledge|0 fnt
|faint|p1a: Ceruledge
|
|-weather|none
|-end|p2a: Walking Wake|Protosynthesis
|upkeep
|
|t:|1769355694
|switch|p1a: Scyther|Scyther, M|100/100
|turn|12
|
|t:|1769355700
|move|p2a: Walking Wake|Hydro Steam|p1a: Scyther
|-damage|p1a: Scyther|0 fnt
|faint|p1a: Scyther
|
|win|Skayboy31
|raw|icetea1896's rating: 1080 &rarr; <strong>1056</strong><br />(-24 for losing)
|raw|Skayboy31's rating: 1055 &rarr; <strong>1089</strong><br />(+34 for winning)
|l|☆icetea1896
|player|p1|
