|j|☆Samglizzyslapper
|j|☆valentinokingreact
|t:|1769444038
|gametype|singles
|player|p1|Samglizzyslapper|102|1251
|player|p2|valentinokingreact|marlon|1300
|gen|9
|tier|[Gen 9] OU
|rated|
|rule|HP Percentage Mod: HP is shown in percentages
|rule|Endless Battle Clause: Forcing endless battles is banned
|rule|Species Clause: Limit one of each Pokémon
|rule|OHKO Clause: OHKO moves are banned
|rule|Evasion Items Clause: Evasion items are banned
|rule|Evasion Moves Clause: Evasion moves are banned
|rule|Evasion Abilities Clause: Evasion abilities are banned
|rule|Sleep Moves Clause: Sleep-inducing moves are banned
|clearpoke
|poke|p1|Ampharos, M|
|poke|p1|Great Tusk|
|poke|p1|Incineroar, F|
|poke|p1|Gyarados, F|
|poke|p1|Weezing-Galar, F|
|poke|p1|Magcargo, F|
|poke|p2|Slowking-Galar, F|
|poke|p2|Beartic, F|
|poke|p2|Ninetales, F|
|poke|p2|Walking Wake|
|poke|p2|Excadrill, F|
|poke|p2|Tyranitar, M|
|teampreview
|inactive|Battle timer is ON: inactive players will automatically lose when time's up. (requested by Samglizzyslapper)
|inactive|valentinokingreact has 120 seconds left.
|
|t:|1769444077
|teamsize|p1|6
|teamsize|p2|6
|start
|switch|p1a: Weezing|Weezing-Galar, F|100/100
|switch|p2a: Slowking|Slowking-Galar, F|100/100
|-ability|p1a: Weezing|Neutralizing Gas
|turn|1
|
|t:|1769444086
|move|p1a: Weezing|Toxic Spikes|p2a: Slowking
|-sidestart|p2: valentinokingreact|move: Toxic Spikes
|move|p2a: Slowking|Psychic|p1a: Weezing
|-supereffective|p1a: Weezing
|-damage|p1a: Weezing|7/100
|
|-heal|p1a: Weezing|13/100|[from] item: Leftovers
|upkeep
|turn|2
|
|t:|1769444094
|move|p1a: Weezing|Pain Split|p2a: Slowking
|-sethp|p2a: Slowking|56/100|[from] move: Pain Split|[silent]
|-sethp|p1a: Weezing|66/100|[from] move: Pain Split
|-prepare|p2a: Slowking|Chilly Reception|[premajor]
|move|p2a: Slowking|Chilly Reception|p2a: Slowking
|-weather|Snowscape
|
|t:|1769444097
|switch|p2a: Excadrill|Excadrill, F|100/100|[from] Chilly Reception
|
|-weather|Snowscape|[upkeep]
|-heal|p1a: Weezing|72/100|[from] item: Leftovers
|upkeep
|turn|3
|
|t:|1769444101
|switch|p2a: Slowking|Slowking-Galar, F|56/100
|-sideend|p2: valentinokingreact|move: Toxic Spikes|[of] p2a: Slowking
|move|p1a: Weezing|Will-O-Wisp|p2a: Slowking|[miss]
|-miss|p1a: Weezing|p2a: Slowking
|
|-weather|Snowscape|[upkeep]
|-heal|p1a: Weezing|78/100|[from] item: Leftovers
|upkeep
|turn|4
|
|t:|1769444107
|-end|p1a: Weezing|ability: Neutralizing Gas
|switch|p1a: Incineroar|Incineroar, F|100/100
|-ability|p1a: Incineroar|Intimidate|boost
|-unboost|p2a: Slowking|atk|1
|move|p2a: Slowking|Psychic|p1a: Incineroar
|-immune|p1a: Incineroar
|
|-weather|Snowscape|[upkeep]
|upkeep
|turn|5
|
|t:|1769444115
|switch|p2a: Tyranitar|Tyranitar, M|100/100
|-weather|Sandstorm|[from] ability: Sand Stream|[of] p2a: Tyranitar
|move|p1a: Incineroar|Knock Off|p2a: Tyranitar
|-resisted|p2a: Tyranitar
|-damage|p2a: Tyranitar|81/100
|-enditem|p2a: Tyranitar|Smooth Rock|[from] move: Knock Off|[of] p1a: Incineroar
|
|-weather|Sandstorm|[upkeep]
|-damage|p1a: Incineroar|94/100|[from] Sandstorm
|upkeep
|turn|6
|
|t:|1769444120
|move|p2a: Tyranitar|Dragon Dance|p2a: Tyranitar
|-boost|p2a: Tyranitar|atk|1
|-boost|p2a: Tyranitar|spe|1
|move|p1a: Incineroar|U-turn|p2a: Tyranitar
|-supereffective|p2a: Tyranitar
|-damage|p2a: Tyranitar|43/100
|
|t:|1769444133
|switch|p1a: Magcargo|Magcargo, F|100/100|[from] U-turn
|-item|p1a: Magcargo|Air Balloon
|
|-weather|Sandstorm|[upkeep]
|upkeep
|turn|7
|
|t:|1769444150
|switch|p1a: Great Tusk|Great Tusk|100/100
|move|p2a: Tyranitar|Rock Blast|p1a: Great Tusk
|-resisted|p1a: Great Tusk
|-damage|p1a: Great Tusk|98/100
|-resisted|p1a: Great Tusk
|-damage|p1a: Great Tusk|94/100
|-resisted|p1a: Great Tusk
|-damage|p1a: Great Tusk|91/100
|-resisted|p1a: Great Tusk
|-damage|p1a: Great Tusk|88/100
|-hitcount|p1a: Great Tusk|4
|
|-weather|Sandstorm|[upkeep]
|upkeep
|turn|8
|
|t:|1769444160
|move|p2a: Tyranitar|Ice Punch|p1a: Great Tusk
|-supereffective|p1a: Great Tusk
|-damage|p1a: Great Tusk|36/100
|-damage|p2a: Tyranitar|27/100|[from] item: Rocky Helmet|[of] p1a: Great Tusk
|move|p1a: Great Tusk|Earthquake|p2a: Tyranitar
|-supereffective|p2a: Tyranitar
|-damage|p2a: Tyranitar|0 fnt
|faint|p2a: Tyranitar
|
|-weather|Sandstorm|[upkeep]
|upkeep
|
|t:|1769444170
|switch|p2a: Excadrill|Excadrill, F|100/100
|turn|9
|
|t:|1769444175
|-end|p1a: Great Tusk|Protosynthesis|[silent]
|switch|p1a: Gyarados|Gyarados, F|100/100
|move|p2a: Excadrill|Swords Dance|p2a: Excadrill
|-boost|p2a: Excadrill|atk|2
|
|-weather|Sandstorm|[upkeep]
|-damage|p1a: Gyarados|94/100|[from] Sandstorm
|upkeep
|turn|10
|
|t:|1769444179
|move|p2a: Excadrill|Iron Head|p1a: Gyarados
|-resisted|p1a: Gyarados
|-damage|p1a: Gyarados|31/100
|move|p1a: Gyarados|Waterfall|p2a: Excadrill
|-supereffective|p2a: Excadrill
|-enditem|p2a: Excadrill|Focus Sash
|-damage|p2a: Excadrill|1/100
|
|-weather|Sandstorm|[upkeep]
|-damage|p1a: Gyarados|25/100|[from] Sandstorm
|upkeep
|turn|11
|
|t:|1769444189
|switch|p1a: Ampharos|Ampharos, M|100/100
|move|p2a: Excadrill|Iron Head|p1a: Ampharos
|-resisted|p1a: Ampharos
|-damage|p1a: Ampharos|49/100
|
|-weather|Sandstorm|[upkeep]
|-damage|p1a: Ampharos|43/100|[from] Sandstorm
|-heal|p1a: Ampharos|49/100|[from] item: Leftovers
|upkeep
|turn|12
|
|t:|1769444202
|move|p2a: Excadrill|Iron Head|p1a: Ampharos
|-resisted|p1a: Ampharos
|-damage|p1a: Ampharos|2/100
|-status|p2a: Excadrill|par|[from] ability: Static|[of] p1a: Ampharos
|cant|p1a: Ampharos|flinch
|
|-weather|none
|-heal|p1a: Ampharos|8/100|[from] item: Leftovers
|upkeep
|turn|13
|
|t:|1769444208
|move|p1a: Ampharos|Tera Blast|p2a: Excadrill
|-resisted|p2a: Excadrill
|-damage|p2a: Excadrill|0 fnt
|faint|p2a: Excadrill
|
|-heal|p1a: Ampharos|14/100|[from] item: Leftovers
|upkeep
|
|t:|1769444217
|switch|p2a: Ninetales|Ninetales, F|100/100
|-weather|SunnyDay|[from] ability: Drought|[of] p2a: Ninetales
|turn|14
|
|t:|1769444225
|move|p2a: Ninetales|Overheat|p1a: Ampharos
|-damage|p1a: Ampharos|0 fnt
|-unboost|p2a: Ninetales|spa|2
|faint|p1a: Ampharos
|
|-weather|SunnyDay|[upkeep]
|upkeep
|
|t:|1769444232
|switch|p1a: Magcargo|Magcargo, F|100/100
|-item|p1a: Magcargo|Air Balloon
|turn|15
|
|t:|1769444246
|switch|p2a: Walking Wake|Walking Wake|100/100
|-activate|p2a: Walking Wake|ability: Protosynthesis
|-start|p2a: Walking Wake|protosynthesisspa
|move|p1a: Magcargo|Shell Smash|p1a: Magcargo
|-unboost|p1a: Magcargo|def|1
|-unboost|p1a: Magcargo|spd|1
|-boost|p1a: Magcargo|atk|2
|-boost|p1a: Magcargo|spa|2
|-boost|p1a: Magcargo|spe|2
|
|-weather|SunnyDay|[upkeep]
|upkeep
|turn|16
|
|t:|1769444258
|-terastallize|p2a: Walking Wake|Water
|move|p2a: Walking Wake|Hydro Steam|p1a: Magcargo
|-supereffective|p1a: Magcargo
|-damage|p1a: Magcargo|0 fnt
|-enditem|p1a: Magcargo|Air Balloon
|faint|p1a: Magcargo
|
|-weather|SunnyDay|[upkeep]
|upkeep
|
|t:|1769444271
|switch|p1a: Weezing|Weezing-Galar, F|78/100
|-ability|p1a: Weezing|Neutralizing Gas
|turn|17
|
|t:|1769444275
|move|p2a: Walking Wake|Hydro Steam|p1a: Weezing
|-damage|p1a: Weezing|0 fnt
|faint|p1a: Weezing
|-end|p1a: Weezing|ability: Neutralizing Gas
|
|-weather|SunnyDay|[upkeep]
|upkeep
|
|t:|1769444279
|switch|p1a: Gyarados|Gyarados, F|25/100
|turn|18
|
|t:|1769444283
|move|p2a: Walking Wake|Hydro Steam|p1a: Gyarados
|-resisted|p1a: Gyarados
|-damage|p1a: Gyarados|0 fnt
|faint|p1a: Gyarados
|
|-weather|SunnyDay|[upkeep]
|upkeep
|
|t:|1769444286
|switch|p1a: Great Tusk|Great Tusk|36/100
|-activate|p1a: Great Tusk|ability: Protosynthesis
|-start|p1a: Great Tusk|protosynthesisspe
|turn|19
|
|t:|1769444289
|move|p2a: Walking Wake|Hydro Steam|p1a: Great Tusk
|-supereffective|p1a: Great Tusk
|-damage|p1a: Great Tusk|0 fnt
|faint|p1a: Great Tusk
|-end|p1a: Great Tusk|Protosynthesis|[silent]
|
|-weather|SunnyDay|[upkeep]
|upkeep
|
|t:|1769444291
|switch|p1a: Incineroar|Incineroar, F|94/100
|-ability|p1a: Incineroar|Intimidate|boost
|-unboost|p2a: Walking Wake|atk|1
|turn|20
|
|t:|1769444299
|-terastallize|p1a: Incineroar|Fairy
|move|p2a: Walking Wake|Hydro Steam|p1a: Incineroar
|-damage|p1a: Incineroar|43/100
|move|p1a: Incineroar|Drain Punch|p2a: Walking Wake
|-damage|p2a: Walking Wake|78/100
|-heal|p1a: Incineroar|53/100|[from] drain|[of] p2a: Walking Wake
|
|-weather|SunnyDay|[upkeep]
|upkeep
|turn|21
|
|t:|1769444305
|move|p2a: Walking Wake|Hydro Steam|p1a: Incineroar
|-damage|p1a: Incineroar|2/100
|move|p1a: Incineroar|Drain Punch|p2a: Walking Wake
|-damage|p2a: Walking Wake|54/100
|-heal|p1a: Incineroar|12/100|[from] drain|[of] p2a: Walking Wake
|
|-weather|none
|-end|p2a: Walking Wake|Protosynthesis
|upkeep
|turn|22
|
|t:|1769444308
|move|p2a: Walking Wake|Hydro Steam|p1a: Incineroar
|-damage|p1a: Incineroar|0 fnt
|faint|p1a: Incineroar
|
|win|valentinokingreact
|raw|Samglizzyslapper's rating: 1251 &rarr; <strong>1230</strong><br />(-21 for losing)
|raw|valentinokingreact's rating: 1300 &rarr; <strong>1321</strong><br />(+21 for winning)
|l|☆Samglizzyslapper
|player|p1|
