|j|☆Sulluulllu
|j|☆Mothrakong
|t:|1769404682
|gametype|singles
|player|p1|Sulluulllu|1|1146
|player|p2|Mothrakong|swimmer-gen4|1158
|gen|9
|tier|[Gen 9] OU
|rated|
|rule|HP Percentage Mod: HP is shown in percentages
|rule|Endless Battle Clause: Forcing endless battles is banned
|rule|Species Clause: Limit one of each Pokémon
|rule|OHKO Clause: OHKO moves are banned
|rule|Evasion Items Clause: Evasion items are banned
|rule|Evasion Moves Clause: Evasion moves are banned
|rule|Evasion Abilities Clause: Evasion abilities are banned
|rule|Sleep Moves Clause: Sleep-inducing moves are banned
|clearpoke
|poke|p1|Great Tusk|
|poke|p1|Gholdengo|
|poke|p1|Rotom-Wash|
|poke|p1|Kingambit, F|
|poke|p1|Dragapult, M|
|poke|p1|Iron Valiant|
|poke|p2|Iron Boulder|
|poke|p2|Weavile, M|
|poke|p2|Kingambit, M|
|poke|p2|Raging Bolt|
|poke|p2|Iron Valiant|
|poke|p2|Glimmora, M|
|teampreview
|
|t:|1769404704
|teamsize|p1|6
|teamsize|p2|6
|start
|switch|p1a: Great Tusk|Great Tusk|100/100
|switch|p2a: Glimmora|Glimmora, M, shiny|100/100
|turn|1
|
|t:|1769404709
|move|p2a: Glimmora|Stealth Rock|p1a: Great Tusk
|-sidestart|p1: Sulluulllu|move: Stealth Rock
|move|p1a: Great Tusk|Earthquake|p2a: Glimmora
|-supereffective|p2a: Glimmora
|-enditem|p2a: Glimmora|Focus Sash
|-damage|p2a: Glimmora|1/100
|-activate|p2a: Glimmora|ability: Toxic Debris
|-sidestart|p1: Sulluulllu|move: Toxic Spikes
|
|upkeep
|turn|2
|
|t:|1769404717
|move|p2a: Glimmora|Energy Ball|p1a: Great Tusk
|-supereffective|p1a: Great Tusk
|-damage|p1a: Great Tusk|22/100
|-unboost|p1a: Great Tusk|spd|1
|move|p1a: Great Tusk|Rapid Spin|p2a: Glimmora
|-resisted|p2a: Glimmora
|-damage|p2a: Glimmora|0 fnt
|-boost|p1a: Great Tusk|spe|1
|-activate|p2a: Glimmora|ability: Toxic Debris
|-sidestart|p1: Sulluulllu|move: Toxic Spikes
|-sideend|p1: Sulluulllu|Toxic Spikes|[from] move: Rapid Spin|[of] p1a: Great Tusk
|-sideend|p1: Sulluulllu|Stealth Rock|[from] move: Rapid Spin|[of] p1a: Great Tusk
|faint|p2a: Glimmora
|
|-heal|p1a: Great Tusk|28/100|[from] item: Leftovers
|upkeep
|
|t:|1769404730
|switch|p2a: Iron Boulder|Iron Boulder|100/100
|-enditem|p2a: Iron Boulder|Booster Energy
|-activate|p2a: Iron Boulder|ability: Quark Drive|[fromitem]
|-start|p2a: Iron Boulder|quarkdrivespe
|turn|3
|
|t:|1769404737
|move|p2a: Iron Boulder|Earthquake|p1a: Great Tusk
|-damage|p1a: Great Tusk|11/100
|move|p1a: Great Tusk|Earthquake|p2a: Iron Boulder
|-supereffective|p2a: Iron Boulder
|-damage|p2a: Iron Boulder|0 fnt
|faint|p2a: Iron Boulder
|-end|p2a: Iron Boulder|Quark Drive|[silent]
|
|-heal|p1a: Great Tusk|17/100|[from] item: Leftovers
|upkeep
|
|t:|1769404746
|switch|p2a: Iron Valiant|Iron Valiant|100/100
|turn|4
|
|t:|1769404756
|-terastallize|p2a: Iron Valiant|Fairy
|move|p2a: Iron Valiant|Moonblast|p1a: Great Tusk
|-supereffective|p1a: Great Tusk
|-damage|p1a: Great Tusk|0 fnt
|faint|p1a: Great Tusk
|-end|p1a: Great Tusk|Protosynthesis|[silent]
|
|upkeep
|
|t:|1769404772
|switch|p1a: Gholdengo|Gholdengo|100/100
|turn|5
|
|t:|1769404777
|move|p2a: Iron Valiant|Moonblast|p1a: Gholdengo
|-resisted|p1a: Gholdengo
|-damage|p1a: Gholdengo|57/100
|move|p1a: Gholdengo|Make It Rain|p2a: Iron Valiant
|-supereffective|p2a: Iron Valiant
|-damage|p2a: Iron Valiant|0 fnt
|-unboost|p1a: Gholdengo|spa|1
|faint|p2a: Iron Valiant
|-end|p2a: Iron Valiant|Quark Drive|[silent]
|
|-heal|p1a: Gholdengo|63/100|[from] item: Leftovers
|upkeep
|
|t:|1769404787
|switch|p2a: Weavile|Weavile, M, shiny|100/100
|-ability|p2a: Weavile|Pressure
|turn|6
|
|t:|1769404795
|switch|p1a: Rotom|Rotom-Wash|100/100
|move|p2a: Weavile|Knock Off|p1a: Rotom
|-damage|p1a: Rotom|43/100
|-enditem|p1a: Rotom|Heavy-Duty Boots|[from] move: Knock Off|[of] p2a: Weavile
|
|upkeep
|turn|7
|
|t:|1769404806
|move|p2a: Weavile|Knock Off|p1a: Rotom
|-damage|p1a: Rotom|6/100
|move|p1a: Rotom|Pain Split|p2a: Weavile
|-sethp|p2a: Weavile|53/100|[from] move: Pain Split|[silent]
|-sethp|p1a: Rotom|49/100|[from] move: Pain Split
|
|upkeep
|turn|8
|
|t:|1769404817
|move|p2a: Weavile|Knock Off|p1a: Rotom
|-damage|p1a: Rotom|9/100
|move|p1a: Rotom|Will-O-Wisp|p2a: Weavile
|-status|p2a: Weavile|brn
|
|-damage|p2a: Weavile|47/100 brn|[from] brn
|upkeep
|turn|9
|
|t:|1769404823
|move|p2a: Weavile|Knock Off|p1a: Rotom
|-damage|p1a: Rotom|0 fnt
|faint|p1a: Rotom
|
|-damage|p2a: Weavile|41/100 brn|[from] brn
|upkeep
|
|t:|1769404844
|switch|p1a: Iron Valiant|Iron Valiant|100/100
|-enditem|p1a: Iron Valiant|Booster Energy
|-activate|p1a: Iron Valiant|ability: Quark Drive|[fromitem]
|-start|p1a: Iron Valiant|quarkdrivespe
|turn|10
|
|t:|1769404851
|move|p1a: Iron Valiant|Moonblast|p2a: Weavile
|-supereffective|p2a: Weavile
|-damage|p2a: Weavile|0 fnt
|faint|p2a: Weavile
|
|upkeep
|
|t:|1769404855
|switch|p2a: Raging Bolt|Raging Bolt|100/100
|turn|11
|
|t:|1769404862
|move|p2a: Raging Bolt|Thunderclap|p1a: Iron Valiant
|-damage|p1a: Iron Valiant|12/100
|move|p1a: Iron Valiant|Moonblast|p2a: Raging Bolt
|-supereffective|p2a: Raging Bolt
|-damage|p2a: Raging Bolt|21/100
|
|-heal|p2a: Raging Bolt|27/100|[from] item: Leftovers
|upkeep
|turn|12
|
|t:|1769404871
|move|p2a: Raging Bolt|Thunderclap||[still]
|-fail|p2a: Raging Bolt
|move|p1a: Iron Valiant|Encore|p2a: Raging Bolt
|-start|p2a: Raging Bolt|Encore
|
|-heal|p2a: Raging Bolt|33/100|[from] item: Leftovers
|upkeep
|turn|13
|
|t:|1769404877
|-end|p1a: Iron Valiant|Quark Drive|[silent]
|switch|p1a: Kingambit|Kingambit, F|100/100
|-activate|p1a: Kingambit|ability: Supreme Overlord
|-start|p1a: Kingambit|fallen2|[silent]
|move|p2a: Raging Bolt|Thunderclap||[still]
|-fail|p2a: Raging Bolt
|
|-heal|p2a: Raging Bolt|39/100|[from] item: Leftovers
|upkeep
|turn|14
|
|t:|1769404885
|move|p2a: Raging Bolt|Thunderclap||[still]
|-fail|p2a: Raging Bolt
|move|p1a: Kingambit|Swords Dance|p1a: Kingambit
|-boost|p1a: Kingambit|atk|2
|
|-heal|p2a: Raging Bolt|45/100|[from] item: Leftovers
|upkeep
|turn|15
|
|t:|1769404892
|move|p2a: Raging Bolt|Thunderclap||[still]
|-fail|p2a: Raging Bolt
|move|p1a: Kingambit|Swords Dance|p1a: Kingambit
|-boost|p1a: Kingambit|atk|2
|
|-heal|p2a: Raging Bolt|52/100|[from] item: Leftovers
|-end|p2a: Raging Bolt|Encore
|upkeep
|turn|16
|
|t:|1769404899
|move|p2a: Raging Bolt|Thunderclap|p1a: Kingambit
|-damage|p1a: Kingambit|63/100
|move|p1a: Kingambit|Kowtow Cleave|p2a: Raging Bolt
|-damage|p2a: Raging Bolt|0 fnt
|faint|p2a: Raging Bolt
|-end|p2a: Raging Bolt|Protosynthesis|[silent]
|
|upkeep
|
|t:|1769404905
|switch|p2a: Kingambit|Kingambit, M|100/100
|-activate|p2a: Kingambit|ability: Supreme Overlord
|-start|p2a: Kingambit|fallen5|[silent]
|turn|17
|
|t:|1769404914
|move|p2a: Kingambit|Sucker Punch|p1a: Kingambit
|-resisted|p1a: Kingambit
|-damage|p1a: Kingambit|36/100
|move|p1a: Kingambit|Kowtow Cleave|p2a: Kingambit
|-resisted|p2a: Kingambit
|-damage|p2a: Kingambit|10/100
|
|upkeep
|turn|18
|
|t:|1769404921
|move|p2a: Kingambit|Sucker Punch|p1a: Kingambit
|-resisted|p1a: Kingambit
|-damage|p1a: Kingambit|12/100
|move|p1a: Kingambit|Sucker Punch||[still]
|-fail|p1a: Kingambit
|
|upkeep
|turn|19
|
|t:|1769404931
|move|p2a: Kingambit|Kowtow Cleave|p1a: Kingambit
|-resisted|p1a: Kingambit
|-damage|p1a: Kingambit|0 fnt
|faint|p1a: Kingambit
|-end|p1a: Kingambit|fallen2|[silent]
|
|upkeep
|
|t:|1769404940
|switch|p1a: Gholdengo|Gholdengo|63/100
|turn|20
|
|t:|1769404947
|-terastallize|p1a: Gholdengo|Steel
|move|p1a: Gholdengo|Recover|p1a: Gholdengo
|-heal|p1a: Gholdengo|100/100
|move|p2a: Kingambit|Kowtow Cleave|p1a: Gholdengo
|-damage|p1a: Gholdengo|38/100
|
|-heal|p1a: Gholdengo|44/100|[from] item: Leftovers
|upkeep
|turn|21
|
|t:|1769404957
|move|p2a: Kingambit|Sucker Punch|p1a: Gholdengo
|-damage|p1a: Gholdengo|0 fnt
|faint|p1a: Gholdengo
|
|upkeep
|
|t:|1769404961
|switch|p1a: Dragapult|Dragapult, M|100/100
|turn|22
|
|t:|1769404965
|move|p2a: Kingambit|Sucker Punch|p1a: Dragapult
|-supereffective|p1a: Dragapult
|-damage|p1a: Dragapult|0 fnt
|faint|p1a: Dragapult
|
|upkeep
|
|t:|1769404967
|switch|p1a: Iron Valiant|Iron Valiant|12/100
|turn|23
|
|t:|1769404971
|move|p2a: Kingambit|Sucker Punch||[still]
|-fail|p2a: Kingambit
|move|p1a: Iron Valiant|Encore|p2a: Kingambit
|-start|p2a: Kingambit|Encore
|
|upkeep
|turn|24
|
|t:|1769404976
|move|p2a: Kingambit|Sucker Punch|p1a: Iron Valiant
|-resisted|p1a: Iron Valiant
|-damage|p1a: Iron Valiant|0 fnt
|faint|p1a: Iron Valiant
|-end|p1a: Iron Valiant|Quark Drive|[silent]
|
|win|Mothrakong
|raw|Sulluulllu's rating: 1146 &rarr; <strong>1122</strong><br />(-24 for losing)
|raw|Mothrakong's rating: 1158 &rarr; <strong>1182</strong><br />(+24 for winning)
|c|☆Mothrakong|gg
|l|☆Mothrakong
|player|p2|
