|j|☆Z-A Fynx
|j|☆levraiprodewich
|t:|1769408245
|gametype|singles
|player|p1|Z-A Fynx|2|1260
|player|p2|levraiprodewich|medium|1251
|gen|9
|tier|[Gen 9] OU
|rated|
|rule|HP Percentage Mod: HP is shown in percentages
|rule|Endless Battle Clause: Forcing endless battles is banned
|rule|Species Clause: Limit one of each Pokémon
|rule|OHKO Clause: OHKO moves are banned
|rule|Evasion Items Clause: Evasion items are banned
|rule|Evasion Moves Clause: Evasion moves are banned
|rule|Evasion Abilities Clause: Evasion abilities are banned
|rule|Sleep Moves Clause: Sleep-inducing moves are banned
|clearpoke
|poke|p1|Gliscor, M|
|poke|p1|Slowking-Galar, F|
|poke|p1|Ogerpon-Wellspring, F|
|poke|p1|Heatran, M|
|poke|p1|Great Tusk|
|poke|p1|Iron Valiant|
|poke|p2|Landorus-Therian, M|
|poke|p2|Kingambit, M|
|poke|p2|Dragapult, F|
|poke|p2|Iron Valiant|
|poke|p2|Ogerpon-Wellspring, F|
|poke|p2|Iron Moth|
|teampreview
|inactive|Battle timer is ON: inactive players will automatically lose when time's up. (requested by levraiprodewich)
|inactive|Z-A Fynx has 120 seconds left.
|
|t:|1769408286
|teamsize|p1|6
|teamsize|p2|6
|start
|switch|p1a: Ogerpon|Ogerpon-Wellspring, F|100/100
|switch|p2a: Dragapult|Dragapult, F|100/100
|turn|1
|
|t:|1769408289
|move|p2a: Dragapult|U-turn|p1a: Ogerpon
|-supereffective|p1a: Ogerpon
|-damage|p1a: Ogerpon|52/100
|
|t:|1769408293
|switch|p2a: Ogerpon|Ogerpon-Wellspring, F|100/100|[from] U-turn
|move|p1a: Ogerpon|Knock Off|p2a: Ogerpon
|-damage|p2a: Ogerpon|69/100
|
|upkeep
|turn|2
|
|t:|1769408323
|move|p2a: Ogerpon|Ivy Cudgel|p1a: Ogerpon|[anim] Ivy Cudgel Water
|-heal|p1a: Ogerpon|77/100|[from] ability: Water Absorb|[of] p2a: Ogerpon
|move|p1a: Ogerpon|Trailblaze|p2a: Ogerpon
|-damage|p2a: Ogerpon|28/100
|-boost|p1a: Ogerpon|spe|1
|
|upkeep
|turn|3
|
|t:|1769408330
|move|p1a: Ogerpon|Swords Dance|p1a: Ogerpon
|-boost|p1a: Ogerpon|atk|2
|move|p2a: Ogerpon|Power Whip|p1a: Ogerpon
|-damage|p1a: Ogerpon|0 fnt
|faint|p1a: Ogerpon
|
|upkeep
|
|t:|1769408344
|switch|p1a: Iron Valiant|Iron Valiant|100/100
|-enditem|p1a: Iron Valiant|Booster Energy
|-activate|p1a: Iron Valiant|ability: Quark Drive|[fromitem]
|-start|p1a: Iron Valiant|quarkdrivespe
|turn|4
|inactive|levraiprodewich has 120 seconds left.
|
|t:|1769408371
|switch|p2a: Iron Moth|Iron Moth|100/100
|-enditem|p2a: Iron Moth|Booster Energy
|-activate|p2a: Iron Moth|ability: Quark Drive|[fromitem]
|-start|p2a: Iron Moth|quarkdrivespe
|move|p1a: Iron Valiant|Moonblast|p2a: Iron Moth
|-resisted|p2a: Iron Moth
|-damage|p2a: Iron Moth|88/100
|
|upkeep
|turn|5
|
|t:|1769408377
|-terastallize|p2a: Iron Moth|Fairy
|move|p1a: Iron Valiant|Destiny Bond|p1a: Iron Valiant
|-singlemove|p1a: Iron Valiant|Destiny Bond
|move|p2a: Iron Moth|Fiery Dance|p1a: Iron Valiant
|-damage|p1a: Iron Valiant|19/100
|-boost|p2a: Iron Moth|spa|1
|
|upkeep
|turn|6
|
|t:|1769408384
|move|p1a: Iron Valiant|Encore|p2a: Iron Moth
|-start|p2a: Iron Moth|Encore
|move|p2a: Iron Moth|Fiery Dance|p1a: Iron Valiant
|-damage|p1a: Iron Valiant|0 fnt
|-boost|p2a: Iron Moth|spa|1
|faint|p1a: Iron Valiant
|-end|p1a: Iron Valiant|Quark Drive|[silent]
|
|upkeep
|
|t:|1769408386
|switch|p1a: Heatran|Heatran, M|100/100
|turn|7
|
|t:|1769408393
|move|p2a: Iron Moth|Fiery Dance|p1a: Heatran
|-start|p1a: Heatran|ability: Flash Fire
|move|p1a: Heatran|Stealth Rock|p2a: Iron Moth
|-sidestart|p2: levraiprodewich|move: Stealth Rock
|
|upkeep
|turn|8
|
|t:|1769408398
|move|p2a: Iron Moth|Fiery Dance|p1a: Heatran
|-immune|p1a: Heatran|[from] ability: Flash Fire
|move|p1a: Heatran|Magma Storm|p2a: Iron Moth
|-damage|p2a: Iron Moth|0 fnt
|faint|p2a: Iron Moth
|-end|p2a: Iron Moth|Quark Drive|[silent]
|
|upkeep
|
|t:|1769408404
|switch|p2a: Ogerpon|Ogerpon-Wellspring, F|28/100
|-damage|p2a: Ogerpon|16/100|[from] Stealth Rock
|turn|9
|
|t:|1769408410
|-end|p1a: Heatran|ability: Flash Fire|[silent]
|switch|p1a: Slowking|Slowking-Galar, F|100/100
|move|p2a: Ogerpon|Ivy Cudgel|p1a: Slowking|[anim] Ivy Cudgel Water
|-damage|p1a: Slowking|57/100
|
|upkeep
|turn|10
|inactive|levraiprodewich has 120 seconds left.
|
|t:|1769408479
|move|p2a: Ogerpon|Power Whip|p1a: Slowking
|-resisted|p1a: Slowking
|-damage|p1a: Slowking|31/100
|move|p1a: Slowking|Flamethrower|p2a: Ogerpon
|-damage|p2a: Ogerpon|0 fnt
|faint|p2a: Ogerpon
|
|upkeep
|
|t:|1769408483
|switch|p2a: Dragapult|Dragapult, F|100/100
|-damage|p2a: Dragapult|88/100|[from] Stealth Rock
|turn|11
|
|t:|1769408494
|switch|p1a: Heatran|Heatran, M|100/100
|move|p2a: Dragapult|Shadow Ball|p1a: Heatran
|-damage|p1a: Heatran|50/100
|
|-heal|p1a: Heatran|56/100|[from] item: Leftovers
|upkeep
|turn|12
|
|t:|1769408500
|move|p2a: Dragapult|Shadow Ball|p1a: Heatran
|-damage|p1a: Heatran|9/100
|move|p1a: Heatran|Magma Storm|p2a: Dragapult
|-resisted|p2a: Dragapult
|-damage|p2a: Dragapult|53/100
|-activate|p2a: Dragapult|move: Magma Storm|[of] p1a: Heatran
|
|-heal|p1a: Heatran|15/100|[from] item: Leftovers
|-damage|p2a: Dragapult|40/100|[from] move: Magma Storm|[partiallytrapped]
|upkeep
|turn|13
|
|t:|1769408511
|move|p2a: Dragapult|Shadow Ball|p1a: Heatran
|-damage|p1a: Heatran|0 fnt
|faint|p1a: Heatran
|
|-end|p2a: Dragapult|Magma Storm|[partiallytrapped]|[silent]
|upkeep
|inactive|Z-A Fynx has 120 seconds left.
|
|t:|1769408547
|switch|p1a: Slowking|Slowking-Galar, F|64/100
|turn|14
|
|t:|1769408559
|move|p2a: Dragapult|Shadow Ball|p1a: Slowking
|-supereffective|p1a: Slowking
|-damage|p1a: Slowking|9/100
|move|p1a: Slowking|Psychic Noise|p2a: Dragapult
|-damage|p2a: Dragapult|4/100
|-start|p2a: Dragapult|move: Heal Block
|
|upkeep
|turn|15
|
|t:|1769408563
|move|p2a: Dragapult|Shadow Ball|p1a: Slowking
|-supereffective|p1a: Slowking
|-damage|p1a: Slowking|0 fnt
|faint|p1a: Slowking
|
|-end|p2a: Dragapult|move: Heal Block
|upkeep
|
|t:|1769408567
|switch|p1a: Gliscor|Gliscor, M, shiny|100/100
|turn|16
|
|t:|1769408569
|move|p2a: Dragapult|Shadow Ball|p1a: Gliscor
|-damage|p1a: Gliscor|21/100
|-unboost|p1a: Gliscor|spd|1
|move|p1a: Gliscor|Earthquake|p2a: Dragapult
|-damage|p2a: Dragapult|0 fnt
|faint|p2a: Dragapult
|
|-status|p1a: Gliscor|tox|[from] item: Toxic Orb
|upkeep
|
|t:|1769408579
|switch|p2a: Iron Valiant|Iron Valiant|100/100
|-damage|p2a: Iron Valiant|94/100|[from] Stealth Rock
|-enditem|p2a: Iron Valiant|Booster Energy
|-activate|p2a: Iron Valiant|ability: Quark Drive|[fromitem]
|-start|p2a: Iron Valiant|quarkdrivespe
|turn|17
|
|t:|1769408585
|move|p2a: Iron Valiant|Moonblast|p1a: Gliscor
|-damage|p1a: Gliscor|0 fnt
|faint|p1a: Gliscor
|
|upkeep
|
|t:|1769408587
|switch|p1a: Great Tusk|Great Tusk|100/100
|-enditem|p1a: Great Tusk|Booster Energy
|-activate|p1a: Great Tusk|ability: Protosynthesis|[fromitem]
|-start|p1a: Great Tusk|protosynthesisspe
|turn|18
|
|t:|1769408592
|-terastallize|p1a: Great Tusk|Ice
|move|p2a: Iron Valiant|Moonblast|p1a: Great Tusk
|-damage|p1a: Great Tusk|42/100
|move|p1a: Great Tusk|Rapid Spin|p2a: Iron Valiant
|-damage|p2a: Iron Valiant|75/100
|-boost|p1a: Great Tusk|spe|1
|
|upkeep
|turn|19
|
|t:|1769408598
|move|p1a: Great Tusk|Headlong Rush|p2a: Iron Valiant
|-damage|p2a: Iron Valiant|5/100
|-unboost|p1a: Great Tusk|def|1
|-unboost|p1a: Great Tusk|spd|1
|move|p2a: Iron Valiant|Close Combat|p1a: Great Tusk
|-supereffective|p1a: Great Tusk
|-damage|p1a: Great Tusk|0 fnt
|-unboost|p2a: Iron Valiant|def|1
|-unboost|p2a: Iron Valiant|spd|1
|faint|p1a: Great Tusk
|-end|p1a: Great Tusk|Protosynthesis|[silent]
|
|win|levraiprodewich
|raw|Z-A Fynx's rating: 1260 &rarr; <strong>1234</strong><br />(-26 for losing)
|raw|levraiprodewich's rating: 1251 &rarr; <strong>1277</strong><br />(+26 for winning)
|l|☆Z-A Fynx
|player|p1|
