|j|☆Crooksieee
|j|☆1colour
|t:|1769370693
|gametype|singles
|player|p1|Crooksieee|266|1701
|player|p2|1colour|parasollady|1659
|gen|9
|tier|[Gen 9] OU
|rated|
|rule|HP Percentage Mod: HP is shown in percentages
|rule|Endless Battle Clause: Forcing endless battles is banned
|rule|Species Clause: Limit one of each Pokémon
|rule|OHKO Clause: OHKO moves are banned
|rule|Evasion Items Clause: Evasion items are banned
|rule|Evasion Moves Clause: Evasion moves are banned
|rule|Evasion Abilities Clause: Evasion abilities are banned
|rule|Sleep Moves Clause: Sleep-inducing moves are banned
|clearpoke
|poke|p1|Tyranitar, F|
|poke|p1|Glimmora, F|
|poke|p1|Excadrill, F|
|poke|p1|Gholdengo|
|poke|p1|Corviknight, M|
|poke|p1|Landorus-Therian, M|
|poke|p2|Dragapult, F|
|poke|p2|Greninja-*, M|
|poke|p2|Slowking-Galar, F|
|poke|p2|Chandelure, F|
|poke|p2|Corviknight, F|
|poke|p2|Iron Jugulis|
|teampreview
|
|t:|1769370705
|teamsize|p1|6
|teamsize|p2|6
|start
|switch|p1a: Tyranitar|Tyranitar, F|100/100
|switch|p2a: Dragapult|Dragapult, F|100/100
|-weather|Sandstorm|[from] ability: Sand Stream|[of] p1a: Tyranitar
|turn|1
|
|t:|1769370717
|move|p2a: Dragapult|U-turn|p1a: Tyranitar
|-supereffective|p1a: Tyranitar
|-damage|p1a: Tyranitar|38/100
|
|t:|1769370720
|switch|p2a: Greninja|Greninja, M, shiny|100/100|[from] U-turn
|move|p1a: Tyranitar|Dragon Dance|p1a: Tyranitar
|-boost|p1a: Tyranitar|atk|1
|-boost|p1a: Tyranitar|spe|1
|
|-weather|Sandstorm|[upkeep]
|-damage|p2a: Greninja|95/100|[from] Sandstorm
|upkeep
|turn|2
|
|t:|1769370767
|move|p2a: Greninja|Low Kick|p1a: Tyranitar
|-start|p2a: Greninja|typechange|Fighting|[from] ability: Protean
|-supereffective|p1a: Tyranitar
|-damage|p1a: Tyranitar|0 fnt
|faint|p1a: Tyranitar
|-damage|p2a: Greninja|85/100|[from] item: Life Orb
|
|-weather|Sandstorm|[upkeep]
|-damage|p2a: Greninja|79/100|[from] Sandstorm
|upkeep
|inactive|Battle timer is ON: inactive players will automatically lose when time's up. (requested by 1colour)
|
|t:|1769370778
|switch|p1a: Excadrill|Excadrill, F|100/100
|turn|3
|
|t:|1769370798
|move|p2a: Greninja|Water Shuriken|p1a: Excadrill
|-supereffective|p1a: Excadrill
|-damage|p1a: Excadrill|84/100
|-supereffective|p1a: Excadrill
|-crit|p1a: Excadrill
|-damage|p1a: Excadrill|60/100
|-supereffective|p1a: Excadrill
|-damage|p1a: Excadrill|44/100
|-hitcount|p1a: Excadrill|3
|-damage|p2a: Greninja|69/100|[from] item: Life Orb
|move|p1a: Excadrill|Swords Dance|p1a: Excadrill
|-boost|p1a: Excadrill|atk|2
|
|-weather|Sandstorm|[upkeep]
|-damage|p2a: Greninja|63/100|[from] Sandstorm
|upkeep
|turn|4
|c|☆1colour|I knew it
|
|t:|1769370813
|switch|p1a: Landorus|Landorus-Therian, M|100/100
|-ability|p1a: Landorus|Intimidate|boost
|-unboost|p2a: Greninja|atk|1
|move|p2a: Greninja|Water Shuriken|p1a: Landorus
|-supereffective|p1a: Landorus
|-damage|p1a: Landorus|86/100
|-supereffective|p1a: Landorus
|-damage|p1a: Landorus|71/100
|-supereffective|p1a: Landorus
|-damage|p1a: Landorus|56/100
|-hitcount|p1a: Landorus|3
|-damage|p2a: Greninja|53/100|[from] item: Life Orb
|
|-weather|Sandstorm|[upkeep]
|-damage|p2a: Greninja|47/100|[from] Sandstorm
|upkeep
|turn|5
|inactive|Crooksieee has 120 seconds left.
|
|t:|1769370836
|switch|p2a: Corviknight|Corviknight, F|100/100
|-ability|p2a: Corviknight|Pressure
|switch|p1a: Corviknight|Corviknight, M|100/100
|-ability|p1a: Corviknight|Pressure
|
|-weather|none
|upkeep
|turn|6
|inactive|Crooksieee has 120 seconds left.
|
|t:|1769370854
|move|p1a: Corviknight|U-turn|p2a: Corviknight
|-resisted|p2a: Corviknight
|-damage|p2a: Corviknight|98/100
|-damage|p1a: Corviknight|84/100|[from] item: Rocky Helmet|[of] p2a: Corviknight
|
|t:|1769370859
|switch|p1a: Gholdengo|Gholdengo|100/100|[from] U-turn
|move|p2a: Corviknight|U-turn|p1a: Gholdengo
|-resisted|p1a: Gholdengo
|-damage|p1a: Gholdengo|98/100
|
|t:|1769370867
|switch|p2a: Greninja|Greninja, M, shiny|47/100|[from] U-turn
|
|-heal|p1a: Gholdengo|100/100|[from] item: Leftovers
|upkeep
|turn|7
|inactive|Crooksieee has 120 seconds left.
|c|☆1colour|did u think I was this powerful at first?
|
|t:|1769370892
|-terastallize|p1a: Gholdengo|Fairy
|move|p2a: Greninja|Dark Pulse|p1a: Gholdengo
|-start|p2a: Greninja|typechange|Dark|[from] ability: Protean
|-resisted|p1a: Gholdengo
|-damage|p1a: Gholdengo|76/100
|-damage|p2a: Greninja|37/100|[from] item: Life Orb
|move|p1a: Gholdengo|Thunder Wave|p2a: Greninja
|-status|p2a: Greninja|par
|
|-heal|p1a: Gholdengo|83/100|[from] item: Leftovers
|upkeep
|turn|8
|
|t:|1769370910
|move|p1a: Gholdengo|Shadow Ball|p2a: Greninja
|-resisted|p2a: Greninja
|-damage|p2a: Greninja|3/100 par
|-unboost|p2a: Greninja|spd|1
|cant|p2a: Greninja|par
|
|-heal|p1a: Gholdengo|89/100|[from] item: Leftovers
|upkeep
|turn|9
|j| SpiderKing3261
|
|t:|1769370919
|move|p2a: Greninja|Water Shuriken|p1a: Gholdengo
|-damage|p1a: Gholdengo|83/100
|-damage|p1a: Gholdengo|77/100
|-damage|p1a: Gholdengo|71/100
|-damage|p1a: Gholdengo|65/100
|-hitcount|p1a: Gholdengo|4
|-damage|p2a: Greninja|0 fnt|[from] item: Life Orb
|faint|p2a: Greninja
|move|p1a: Gholdengo|Shadow Ball|p2: Greninja|[notarget]
|-fail|p1a: Gholdengo
|
|-heal|p1a: Gholdengo|71/100|[from] item: Leftovers
|upkeep
|l| SpiderKing3261
|
|t:|1769370935
|switch|p2a: Slowking|Slowking-Galar, F|100/100
|turn|10
|
|t:|1769370941
|switch|p1a: Glimmora|Glimmora, F|100/100
|move|p2a: Slowking|Sludge Bomb|p1a: Glimmora
|-resisted|p1a: Glimmora
|-damage|p1a: Glimmora|92/100
|
|upkeep
|turn|11
|inactive|Crooksieee has 120 seconds left.
|
|t:|1769370954
|move|p1a: Glimmora|Power Gem|p2a: Slowking
|-damage|p2a: Slowking|59/100
|move|p2a: Slowking|Psychic Noise|p1a: Glimmora
|-supereffective|p1a: Glimmora
|-damage|p1a: Glimmora|25/100
|-start|p1a: Glimmora|move: Heal Block
|
|upkeep
|turn|12
|inactive|Crooksieee has 120 seconds left.
|
|t:|1769370970
|switch|p1a: Corviknight|Corviknight, M|84/100
|-ability|p1a: Corviknight|Pressure
|move|p2a: Slowking|Psychic Noise|p1a: Corviknight
|-resisted|p1a: Corviknight
|-damage|p1a: Corviknight|73/100
|-start|p1a: Corviknight|move: Heal Block
|
|upkeep
|turn|13
|
|t:|1769370984
|move|p1a: Corviknight|Bulk Up|p1a: Corviknight
|-boost|p1a: Corviknight|atk|1
|-boost|p1a: Corviknight|def|1
|-prepare|p2a: Slowking|Chilly Reception|[premajor]
|move|p2a: Slowking|Chilly Reception|p2a: Slowking
|-weather|Snowscape
|
|t:|1769370990
|switch|p2a: Chandelure|Chandelure, F|100/100|[from] Chilly Reception
|
|-weather|Snowscape|[upkeep]
|-end|p1a: Corviknight|move: Heal Block
|upkeep
|turn|14
|inactive|Crooksieee has 120 seconds left.
|
|t:|1769371016
|move|p2a: Chandelure|Flamethrower|p1a: Corviknight
|-supereffective|p1a: Corviknight
|-damage|p1a: Corviknight|0 fnt
|faint|p1a: Corviknight
|
|-weather|Snowscape|[upkeep]
|upkeep
|-message|Crooksieee forfeited.
|
|win|1colour
|raw|Crooksieee's rating: 1701 &rarr; <strong>1679</strong><br />(-22 for losing)
|raw|1colour's rating: 1659 &rarr; <strong>1681</strong><br />(+22 for winning)
|l|☆Crooksieee
|player|p1|
|l|☆1colour
|player|p2|
