|j|☆RedDragonLecter2
|j|☆antzinmypantz
|t:|1769387642
|gametype|singles
|player|p1|RedDragonLecter2|swimmer|1394
|player|p2|antzinmypantz|101|1353
|gen|9
|tier|[Gen 9] OU
|rated|
|rule|HP Percentage Mod: HP is shown in percentages
|rule|Endless Battle Clause: Forcing endless battles is banned
|rule|Species Clause: Limit one of each Pokémon
|rule|OHKO Clause: OHKO moves are banned
|rule|Evasion Items Clause: Evasion items are banned
|rule|Evasion Moves Clause: Evasion moves are banned
|rule|Evasion Abilities Clause: Evasion abilities are banned
|rule|Sleep Moves Clause: Sleep-inducing moves are banned
|clearpoke
|poke|p1|Ceruledge, M|
|poke|p1|Iron Treads|
|poke|p1|Samurott-Hisui, M|
|poke|p1|Raging Bolt|
|poke|p1|Araquanid, M|
|poke|p1|Enamorus, F|
|poke|p2|Bellibolt, F|
|poke|p2|Sinistcha|
|poke|p2|Muk-Alola, M|
|poke|p2|Blaziken, F|
|poke|p2|Komala, F|
|poke|p2|Braviary-Hisui, M|
|teampreview
|
|t:|1769387660
|teamsize|p1|6
|teamsize|p2|6
|start
|switch|p1a: Samurott|Samurott-Hisui, M|100/100
|switch|p2a: Bellibolt|Bellibolt, F|100/100
|turn|1
|
|t:|1769387693
|move|p1a: Samurott|Knock Off|p2a: Bellibolt
|-damage|p2a: Bellibolt|70/100
|-start|p2a: Bellibolt|Charge|Knock Off|[from] ability: Electromorphosis
|-damage|p1a: Samurott|84/100|[from] item: Rocky Helmet|[of] p2a: Bellibolt
|-enditem|p2a: Bellibolt|Rocky Helmet|[from] move: Knock Off|[of] p1a: Samurott
|move|p2a: Bellibolt|Volt Switch|p1a: Samurott
|-supereffective|p1a: Samurott
|-damage|p1a: Samurott|0 fnt
|faint|p1a: Samurott
|-end|p2a: Bellibolt|Charge|[silent]
|
|t:|1769387707
|switch|p2a: Komala|Komala, F|100/100|[from] Volt Switch
|-ability|p2a: Komala|Comatose
|
|upkeep
|
|t:|1769387720
|switch|p1a: Ceruledge|Ceruledge, M|100/100
|turn|2
|
|t:|1769387725
|move|p2a: Komala|Knock Off|p1a: Ceruledge
|-supereffective|p1a: Ceruledge
|-damage|p1a: Ceruledge|6/100
|-ability|p1a: Ceruledge|Weak Armor|boost
|-unboost|p1a: Ceruledge|def|1
|-boost|p1a: Ceruledge|spe|2
|-enditem|p1a: Ceruledge|Focus Sash|[from] move: Knock Off|[of] p2a: Komala
|move|p1a: Ceruledge|Swords Dance|p1a: Ceruledge
|-boost|p1a: Ceruledge|atk|2
|
|upkeep
|turn|3
|
|t:|1769387739
|move|p1a: Ceruledge|Bitter Blade|p2a: Komala
|-damage|p2a: Komala|0 fnt
|-heal|p1a: Ceruledge|52/100|[from] drain|[of] p2a: Komala
|faint|p2a: Komala
|
|upkeep
|
|t:|1769387757
|switch|p2a: Muk|Muk-Alola, M|100/100
|turn|4
|
|t:|1769387764
|move|p1a: Ceruledge|Bitter Blade|p2a: Muk
|-damage|p2a: Muk|5/100
|-heal|p1a: Ceruledge|100/100|[from] drain|[of] p2a: Muk
|move|p2a: Muk|Knock Off|p1a: Ceruledge
|-supereffective|p1a: Ceruledge
|-damage|p1a: Ceruledge|0 fnt
|faint|p1a: Ceruledge
|
|upkeep
|
|t:|1769387780
|switch|p1a: Araquanid|Araquanid, M|100/100
|turn|5
|
|t:|1769387787
|move|p2a: Muk|Knock Off|p1a: Araquanid
|-damage|p1a: Araquanid|47/100
|-enditem|p1a: Araquanid|Custap Berry|[from] move: Knock Off|[of] p2a: Muk
|move|p1a: Araquanid|Sticky Web|p2a: Muk
|-sidestart|p2: antzinmypantz|move: Sticky Web
|
|upkeep
|turn|6
|
|t:|1769387805
|move|p2a: Muk|Poison Jab|p1a: Araquanid
|-damage|p1a: Araquanid|6/100
|-status|p1a: Araquanid|psn
|move|p1a: Araquanid|Surf|p2a: Muk
|-damage|p2a: Muk|0 fnt
|faint|p2a: Muk
|
|-damage|p1a: Araquanid|0 fnt|[from] psn
|faint|p1a: Araquanid
|upkeep
|
|t:|1769387814
|switch|p2a: Blaziken|Blaziken, F|100/100
|switch|p1a: Raging Bolt|Raging Bolt|100/100
|-activate|p2a: Blaziken|move: Sticky Web
|-unboost|p2a: Blaziken|spe|1
|-enditem|p1a: Raging Bolt|Booster Energy
|-activate|p1a: Raging Bolt|ability: Protosynthesis|[fromitem]
|-start|p1a: Raging Bolt|protosynthesisspa
|turn|7
|
|t:|1769387834
|move|p2a: Blaziken|Protect|p2a: Blaziken
|-singleturn|p2a: Blaziken|Protect
|move|p1a: Raging Bolt|Calm Mind|p1a: Raging Bolt
|-boost|p1a: Raging Bolt|spa|1
|-boost|p1a: Raging Bolt|spd|1
|
|-ability|p2a: Blaziken|Speed Boost|boost
|-boost|p2a: Blaziken|spe|1
|upkeep
|turn|8
|
|t:|1769387841
|move|p2a: Blaziken|Swords Dance|p2a: Blaziken
|-boost|p2a: Blaziken|atk|2
|move|p1a: Raging Bolt|Thunderbolt|p2a: Blaziken
|-damage|p2a: Blaziken|0 fnt
|faint|p2a: Blaziken
|
|upkeep
|
|t:|1769387847
|switch|p2a: Sinistcha|Sinistcha|100/100
|-activate|p2a: Sinistcha|move: Sticky Web
|-unboost|p2a: Sinistcha|spe|1
|turn|9
|
|t:|1769387864
|move|p1a: Raging Bolt|Calm Mind|p1a: Raging Bolt
|-boost|p1a: Raging Bolt|spa|1
|-boost|p1a: Raging Bolt|spd|1
|move|p2a: Sinistcha|Nasty Plot|p2a: Sinistcha
|-boost|p2a: Sinistcha|spa|2
|
|upkeep
|turn|10
|
|t:|1769387872
|move|p2a: Sinistcha|Endure|p2a: Sinistcha
|-singleturn|p2a: Sinistcha|move: Endure
|move|p1a: Raging Bolt|Dragon Pulse|p2a: Sinistcha
|-activate|p2a: Sinistcha|move: Endure
|-damage|p2a: Sinistcha|1/100
|-enditem|p2a: Sinistcha|Salac Berry|[eat]
|-boost|p2a: Sinistcha|spe|1|[from] item: Salac Berry
|
|upkeep
|turn|11
|
|t:|1769387876
|move|p2a: Sinistcha|Shadow Ball|p1a: Raging Bolt
|-damage|p1a: Raging Bolt|60/100
|move|p1a: Raging Bolt|Dragon Pulse|p2a: Sinistcha
|-damage|p2a: Sinistcha|0 fnt
|faint|p2a: Sinistcha
|
|upkeep
|-message|antzinmypantz forfeited.
|
|win|RedDragonLecter2
|raw|RedDragonLecter2's rating: 1394 &rarr; <strong>1412</strong><br />(+18 for winning)
|raw|antzinmypantz's rating: 1353 &rarr; <strong>1335</strong><br />(-18 for losing)
|l|☆antzinmypantz
|player|p2|
|l|☆RedDragonLecter2
|player|p1|
