|j|☆Leuloch
|j|☆pinkwalll
|t:|1769365553
|gametype|singles
|player|p1|Leuloch|101|1363
|player|p2|pinkwalll|battlegirl|1389
|gen|9
|tier|[Gen 9] OU
|rated|
|rule|HP Percentage Mod: HP is shown in percentages
|rule|Endless Battle Clause: Forcing endless battles is banned
|rule|Species Clause: Limit one of each Pokémon
|rule|OHKO Clause: OHKO moves are banned
|rule|Evasion Items Clause: Evasion items are banned
|rule|Evasion Moves Clause: Evasion moves are banned
|rule|Evasion Abilities Clause: Evasion abilities are banned
|rule|Sleep Moves Clause: Sleep-inducing moves are banned
|clearpoke
|poke|p1|Conkeldurr, M|
|poke|p1|Rillaboom, M|
|poke|p1|Hydreigon, M|
|poke|p1|Thundurus-Therian, M|
|poke|p1|Hippowdon, F|
|poke|p1|Milotic, F|
|poke|p2|Torkoal, F|
|poke|p2|Scovillain, F|
|poke|p2|Walking Wake|
|poke|p2|Hatterene, F|
|poke|p2|Great Tusk|
|poke|p2|Ceruledge, M|
|teampreview
|inactive|Battle timer is ON: inactive players will automatically lose when time's up. (requested by pinkwalll)
|
|t:|1769365563
|teamsize|p1|6
|teamsize|p2|6
|start
|switch|p1a: Hippowdon|Hippowdon, F|100/100
|switch|p2a: Torkoal|Torkoal, F|100/100
|-weather|Sandstorm|[from] ability: Sand Stream|[of] p1a: Hippowdon
|-weather|SunnyDay|[from] ability: Drought|[of] p2a: Torkoal
|turn|1
|
|t:|1769365571
|move|p1a: Hippowdon|Stealth Rock|p2a: Torkoal
|-sidestart|p2: pinkwalll|move: Stealth Rock
|move|p2a: Torkoal|Stealth Rock|p1a: Hippowdon
|-sidestart|p1: Leuloch|move: Stealth Rock
|
|-weather|SunnyDay|[upkeep]
|upkeep
|turn|2
|
|t:|1769365575
|switch|p2a: Walking Wake|Walking Wake|100/100
|-damage|p2a: Walking Wake|88/100|[from] Stealth Rock
|-activate|p2a: Walking Wake|ability: Protosynthesis
|-start|p2a: Walking Wake|protosynthesisspa
|move|p1a: Hippowdon|Earthquake|p2a: Walking Wake
|-damage|p2a: Walking Wake|50/100
|
|-weather|SunnyDay|[upkeep]
|upkeep
|turn|3
|
|t:|1769365588
|switch|p1a: Milotic|Milotic, F, shiny|100/100
|-damage|p1a: Milotic|88/100|[from] Stealth Rock
|move|p2a: Walking Wake|Flamethrower|p1a: Milotic
|-resisted|p1a: Milotic
|-damage|p1a: Milotic|64/100
|
|-weather|SunnyDay|[upkeep]
|-heal|p1a: Milotic|70/100|[from] item: Leftovers
|upkeep
|turn|4
|
|t:|1769365599
|-end|p2a: Walking Wake|Protosynthesis|[silent]
|switch|p2a: Hatterene|Hatterene, F, shiny|100/100
|-damage|p2a: Hatterene|88/100|[from] Stealth Rock
|move|p1a: Milotic|Scald|p2a: Hatterene
|-damage|p2a: Hatterene|77/100
|-enditem|p2a: Hatterene|Eject Button
|
|t:|1769365602
|switch|p2a: Scovillain|Scovillain, F|100/100
|-damage|p2a: Scovillain|76/100|[from] Stealth Rock
|
|-weather|SunnyDay|[upkeep]
|-heal|p1a: Milotic|76/100|[from] item: Leftovers
|upkeep
|turn|5
|inactive|Leuloch has 120 seconds left.
|
|t:|1769365647
|switch|p1a: Hippowdon|Hippowdon, F|100/100
|-damage|p1a: Hippowdon|94/100|[from] Stealth Rock
|-weather|Sandstorm|[from] ability: Sand Stream|[of] p1a: Hippowdon
|move|p2a: Scovillain|Growth|p2a: Scovillain
|-boost|p2a: Scovillain|atk|1
|-boost|p2a: Scovillain|spa|1
|
|-weather|Sandstorm|[upkeep]
|-damage|p2a: Scovillain|70/100|[from] Sandstorm
|upkeep
|turn|6
|
|t:|1769365666
|move|p2a: Scovillain|Giga Drain|p1a: Hippowdon
|-supereffective|p1a: Hippowdon
|-damage|p1a: Hippowdon|0 fnt
|-heal|p2a: Scovillain|100/100|[from] drain|[of] p1a: Hippowdon
|faint|p1a: Hippowdon
|-damage|p2a: Scovillain|91/100|[from] item: Life Orb
|
|-weather|Sandstorm|[upkeep]
|-damage|p2a: Scovillain|85/100|[from] Sandstorm
|upkeep
|inactive|Leuloch has 90 seconds left.
|l|☆Leuloch
|inactive|Leuloch disconnected and has a minute to reconnect!
|player|p1|
|inactive|Leuloch has 30 seconds to reconnect!
|inactive|Leuloch has 20 seconds to reconnect!
|inactive|Leuloch has 15 seconds to reconnect!
|inactive|Leuloch has 10 seconds to reconnect!
|inactive|Leuloch has 5 seconds to reconnect!
|-message|Leuloch lost due to inactivity.
|
|win|pinkwalll
|raw|Leuloch's rating: 1363 &rarr; <strong>1344</strong><br />(-19 for losing)
|raw|pinkwalll's rating: 1389 &rarr; <strong>1408</strong><br />(+19 for winning)
|l|☆pinkwalll
|player|p2|
