|j|☆mongwong
|j|☆Vandosaurus
|t:|1769374990
|gametype|singles
|player|p1|mongwong|silver-gen2|1611
|player|p2|Vandosaurus|blaine|1626
|gen|9
|tier|[Gen 9] OU
|rated|
|rule|HP Percentage Mod: HP is shown in percentages
|rule|Endless Battle Clause: Forcing endless battles is banned
|rule|Species Clause: Limit one of each Pokémon
|rule|OHKO Clause: OHKO moves are banned
|rule|Evasion Items Clause: Evasion items are banned
|rule|Evasion Moves Clause: Evasion moves are banned
|rule|Evasion Abilities Clause: Evasion abilities are banned
|rule|Sleep Moves Clause: Sleep-inducing moves are banned
|clearpoke
|poke|p1|Pelipper, M|
|poke|p1|Barraskewda, M|
|poke|p1|Jolteon, F|
|poke|p1|Walking Wake|
|poke|p1|Sinistcha-Masterpiece|
|poke|p1|Scizor, M|
|poke|p2|Meowscarada, F|
|poke|p2|Clodsire, F|
|poke|p2|Corviknight, F|
|poke|p2|Iron Moth|
|poke|p2|Weezing-Galar, M|
|poke|p2|Tornadus-Therian, M|
|teampreview
|
|t:|1769375004
|teamsize|p1|6
|teamsize|p2|6
|start
|switch|p1a: Barraskewda|Barraskewda, M|100/100
|switch|p2a: Mephistopheles|Clodsire, F|100/100
|turn|1
|
|t:|1769375010
|move|p1a: Barraskewda|Flip Turn|p2a: Mephistopheles
|-immune|p2a: Mephistopheles|[from] ability: Water Absorb
|move|p2a: Mephistopheles|Toxic|p1a: Barraskewda
|-status|p1a: Barraskewda|tox
|
|-damage|p1a: Barraskewda|94/100 tox|[from] psn
|upkeep
|turn|2
|
|t:|1769375014
|switch|p1a: Scizor|Scizor, M|100/100
|move|p2a: Mephistopheles|Stealth Rock|p1a: Scizor
|-sidestart|p1: mongwong|move: Stealth Rock
|
|upkeep
|turn|3
|
|t:|1769375016
|switch|p2a: Felix|Corviknight, F|100/100
|-ability|p2a: Felix|Pressure
|move|p1a: Scizor|Knock Off|p2a: Felix
|-damage|p2a: Felix|85/100
|-damage|p1a: Scizor|84/100|[from] item: Rocky Helmet|[of] p2a: Felix
|-enditem|p2a: Felix|Rocky Helmet|[from] move: Knock Off|[of] p1a: Scizor
|
|-heal|p1a: Scizor|90/100|[from] item: Leftovers
|upkeep
|turn|4
|
|t:|1769375027
|move|p2a: Felix|U-turn|p1a: Scizor
|-resisted|p1a: Scizor
|-damage|p1a: Scizor|83/100
|
|t:|1769375029
|switch|p2a: Arthur|Tornadus-Therian, M|100/100|[from] U-turn
|move|p1a: Scizor|Defog|p2a: Arthur
|-unboost|p2a: Arthur|evasion|1
|-sideend|p1: mongwong|Stealth Rock|[from] move: Defog|[of] p1a: Scizor
|
|-heal|p1a: Scizor|89/100|[from] item: Leftovers
|upkeep
|turn|5
|
|t:|1769375036
|move|p2a: Arthur|Heat Wave|p1a: Scizor
|-supereffective|p1a: Scizor
|-damage|p1a: Scizor|14/100
|move|p1a: Scizor|U-turn|p2a: Arthur
|-resisted|p2a: Arthur
|-damage|p2a: Arthur|83/100
|
|t:|1769375044
|switch|p1a: Jolteon|Jolteon, F|100/100|[from] U-turn
|
|upkeep
|turn|6
|inactive|Battle timer is ON: inactive players will automatically lose when time's up. (requested by Vandosaurus)
|
|t:|1769375049
|switch|p2a: Mephistopheles|Clodsire, F|100/100
|move|p1a: Jolteon|Volt Switch|p2a: Mephistopheles
|-immune|p2a: Mephistopheles
|
|upkeep
|turn|7
|
|t:|1769375057
|switch|p1a: Scizor|Scizor, M|14/100
|move|p2a: Mephistopheles|Earthquake|p1a: Scizor
|-damage|p1a: Scizor|0 fnt
|faint|p1a: Scizor
|
|upkeep
|
|t:|1769375065
|switch|p1a: Sinistcha|Sinistcha-Masterpiece|100/100
|turn|8
|
|t:|1769375068
|-terastallize|p1a: Sinistcha|Poison
|move|p1a: Sinistcha|Calm Mind|p1a: Sinistcha
|-boost|p1a: Sinistcha|spa|1
|-boost|p1a: Sinistcha|spd|1
|move|p2a: Mephistopheles|Toxic|p1a: Sinistcha
|-immune|p1a: Sinistcha
|
|upkeep
|turn|9
|
|t:|1769375072
|move|p1a: Sinistcha|Calm Mind|p1a: Sinistcha
|-boost|p1a: Sinistcha|spa|1
|-boost|p1a: Sinistcha|spd|1
|move|p2a: Mephistopheles|Earthquake|p1a: Sinistcha
|-supereffective|p1a: Sinistcha
|-damage|p1a: Sinistcha|59/100
|
|-heal|p1a: Sinistcha|65/100|[from] item: Leftovers
|upkeep
|turn|10
|
|t:|1769375075
|move|p1a: Sinistcha|Calm Mind|p1a: Sinistcha
|-boost|p1a: Sinistcha|spa|1
|-boost|p1a: Sinistcha|spd|1
|move|p2a: Mephistopheles|Earthquake|p1a: Sinistcha
|-supereffective|p1a: Sinistcha
|-damage|p1a: Sinistcha|23/100
|
|-heal|p1a: Sinistcha|29/100|[from] item: Leftovers
|upkeep
|turn|11
|
|t:|1769375088
|move|p1a: Sinistcha|Strength Sap|p2a: Mephistopheles
|-unboost|p2a: Mephistopheles|atk|1
|-heal|p1a: Sinistcha|84/100
|move|p2a: Mephistopheles|Earthquake|p1a: Sinistcha
|-supereffective|p1a: Sinistcha
|-damage|p1a: Sinistcha|57/100
|
|-heal|p1a: Sinistcha|63/100|[from] item: Leftovers
|upkeep
|turn|12
|
|t:|1769375097
|switch|p2a: Arthur|Tornadus-Therian, M|100/100
|move|p1a: Sinistcha|Strength Sap|p2a: Arthur
|-unboost|p2a: Arthur|atk|1
|-heal|p1a: Sinistcha|100/100
|
|upkeep
|turn|13
|
|t:|1769375102
|move|p2a: Arthur|Knock Off|p1a: Sinistcha
|-damage|p1a: Sinistcha|90/100
|-enditem|p1a: Sinistcha|Leftovers|[from] move: Knock Off|[of] p2a: Arthur
|move|p1a: Sinistcha|Shadow Ball|p2a: Arthur
|-damage|p2a: Arthur|42/100
|-unboost|p2a: Arthur|spd|1
|
|upkeep
|turn|14
|
|t:|1769375110
|move|p2a: Arthur|Bleakwind Storm|p1a: Sinistcha
|-damage|p1a: Sinistcha|72/100
|move|p1a: Sinistcha|Shadow Ball|p2a: Arthur
|-damage|p2a: Arthur|0 fnt
|faint|p2a: Arthur
|
|upkeep
|
|t:|1769375138
|switch|p2a: Hollow Knight III|Iron Moth|100/100
|-enditem|p2a: Hollow Knight III|Booster Energy
|-activate|p2a: Hollow Knight III|ability: Quark Drive|[fromitem]
|-start|p2a: Hollow Knight III|quarkdrivespe
|turn|15
|
|t:|1769375142
|move|p2a: Hollow Knight III|Substitute|p2a: Hollow Knight III
|-start|p2a: Hollow Knight III|Substitute
|-damage|p2a: Hollow Knight III|76/100
|move|p1a: Sinistcha|Shadow Ball|p2a: Hollow Knight III
|-end|p2a: Hollow Knight III|Substitute
|
|upkeep
|turn|16
|
|t:|1769375147
|move|p2a: Hollow Knight III|Fiery Dance|p1a: Sinistcha
|-damage|p1a: Sinistcha|62/100
|-boost|p2a: Hollow Knight III|spa|1
|move|p1a: Sinistcha|Shadow Ball|p2a: Hollow Knight III
|-damage|p2a: Hollow Knight III|0 fnt
|faint|p2a: Hollow Knight III
|-end|p2a: Hollow Knight III|Quark Drive|[silent]
|
|upkeep
|
|t:|1769375153
|switch|p2a: Señor Gatito|Meowscarada, F|100/100
|turn|17
|
|t:|1769375156
|move|p2a: Señor Gatito|Triple Axel|p1a: Sinistcha
|-start|p2a: Señor Gatito|typechange|Ice|[from] ability: Protean
|-damage|p1a: Sinistcha|53/100
|-damage|p1a: Sinistcha|32/100
|-damage|p1a: Sinistcha|0 fnt
|faint|p1a: Sinistcha
|-hitcount|p1: Sinistcha|3
|
|upkeep
|
|t:|1769375173
|switch|p1a: Pelipper|Pelipper, M|100/100
|-weather|RainDance|[from] ability: Drizzle|[of] p1a: Pelipper
|turn|18
|
|t:|1769375177
|move|p2a: Señor Gatito|Triple Axel|p1a: Pelipper
|-damage|p1a: Pelipper|90/100
|-damage|p1a: Pelipper|67/100
|-damage|p1a: Pelipper|36/100
|-hitcount|p1a: Pelipper|3
|move|p1a: Pelipper|Hurricane|p2a: Señor Gatito
|-damage|p2a: Señor Gatito|40/100
|
|-weather|RainDance|[upkeep]
|upkeep
|turn|19
|
|t:|1769375192
|switch|p1a: Jolteon|Jolteon, F|100/100
|move|p2a: Señor Gatito|Triple Axel|p1a: Jolteon
|-damage|p1a: Jolteon|75/100
|-damage|p1a: Jolteon|24/100
|-damage|p1a: Jolteon|0 fnt
|faint|p1a: Jolteon
|-hitcount|p1: Jolteon|3
|
|-weather|RainDance|[upkeep]
|upkeep
|
|t:|1769375194
|switch|p1a: Barraskewda|Barraskewda, M|94/100 tox
|turn|20
|
|t:|1769375204
|move|p1a: Barraskewda|Close Combat|p2a: Señor Gatito
|-supereffective|p2a: Señor Gatito
|-damage|p2a: Señor Gatito|0 fnt
|-unboost|p1a: Barraskewda|def|1
|-unboost|p1a: Barraskewda|spd|1
|faint|p2a: Señor Gatito
|
|-weather|RainDance|[upkeep]
|-damage|p1a: Barraskewda|88/100 tox|[from] psn
|upkeep
|
|t:|1769375208
|switch|p2a: Mephistopheles|Clodsire, F|100/100
|turn|21
|
|t:|1769375213
|move|p1a: Barraskewda|Close Combat|p2a: Mephistopheles
|-resisted|p2a: Mephistopheles
|-damage|p2a: Mephistopheles|65/100
|-unboost|p1a: Barraskewda|def|1
|-unboost|p1a: Barraskewda|spd|1
|move|p2a: Mephistopheles|Toxic|p1a: Barraskewda
|-fail|p1a: Barraskewda|tox
|
|-weather|RainDance|[upkeep]
|-heal|p2a: Mephistopheles|71/100|[from] item: Leftovers
|-damage|p1a: Barraskewda|76/100 tox|[from] psn
|upkeep
|turn|22
|
|t:|1769375216
|switch|p1a: Walking Wake|Walking Wake|100/100
|-enditem|p1a: Walking Wake|Booster Energy
|-activate|p1a: Walking Wake|ability: Protosynthesis|[fromitem]
|-start|p1a: Walking Wake|protosynthesisspa
|move|p2a: Mephistopheles|Recover|p2a: Mephistopheles
|-heal|p2a: Mephistopheles|100/100
|
|-weather|RainDance|[upkeep]
|upkeep
|turn|23
|
|t:|1769375220
|move|p1a: Walking Wake|Draco Meteor|p2a: Mephistopheles
|-damage|p2a: Mephistopheles|56/100
|-unboost|p1a: Walking Wake|spa|2
|move|p2a: Mephistopheles|Toxic|p1a: Walking Wake
|-status|p1a: Walking Wake|tox
|
|-weather|RainDance|[upkeep]
|-heal|p2a: Mephistopheles|62/100|[from] item: Leftovers
|-damage|p1a: Walking Wake|94/100 tox|[from] psn
|upkeep
|turn|24
|
|t:|1769375226
|-end|p1a: Walking Wake|Protosynthesis|[silent]
|switch|p1a: Barraskewda|Barraskewda, M|76/100 tox
|move|p2a: Mephistopheles|Recover|p2a: Mephistopheles
|-heal|p2a: Mephistopheles|100/100
|
|-weather|RainDance|[upkeep]
|-damage|p1a: Barraskewda|70/100 tox|[from] psn
|upkeep
|turn|25
|-message|mongwong forfeited.
|
|win|Vandosaurus
|raw|mongwong's rating: 1611 &rarr; <strong>1592</strong><br />(-19 for losing)
|raw|Vandosaurus's rating: 1626 &rarr; <strong>1645</strong><br />(+19 for winning)
|l|☆mongwong
|player|p1|
|l|☆Vandosaurus
|player|p2|
