|j|☆Ddard002
|j|☆ZarrHaka
|t:|1769300733
|gametype|singles
|player|p1|Ddard002|gentleman-gen4|1186
|player|p2|ZarrHaka|pokemaniac|1148
|gen|9
|tier|[Gen 9] OU
|rated|
|rule|HP Percentage Mod: HP is shown in percentages
|rule|Endless Battle Clause: Forcing endless battles is banned
|rule|Species Clause: Limit one of each Pokémon
|rule|OHKO Clause: OHKO moves are banned
|rule|Evasion Items Clause: Evasion items are banned
|rule|Evasion Moves Clause: Evasion moves are banned
|rule|Evasion Abilities Clause: Evasion abilities are banned
|rule|Sleep Moves Clause: Sleep-inducing moves are banned
|clearpoke
|poke|p1|Ribombee, F|
|poke|p1|Gholdengo|
|poke|p1|Great Tusk|
|poke|p1|Ninetales, F|
|poke|p1|Iron Valiant|
|poke|p1|Deoxys-Speed|
|poke|p2|Lycanroc-Midnight, M|
|poke|p2|Raichu, M|
|poke|p2|Polteageist-Antique|
|poke|p2|Meowscarada, M|
|poke|p2|Talonflame, M|
|poke|p2|Dragonite, F|
|teampreview
|inactive|Battle timer is ON: inactive players will automatically lose when time's up. (requested by Ddard002)
|
|t:|1769300739
|teamsize|p1|6
|teamsize|p2|6
|start
|switch|p1a: Bee|Ribombee, F, shiny|100/100
|switch|p2a: Lycanroc|Lycanroc-Midnight, M, shiny|100/100
|turn|1
|
|t:|1769300745
|move|p1a: Bee|Stun Spore|p2a: Lycanroc
|-status|p2a: Lycanroc|par
|move|p2a: Lycanroc|Stone Edge|p1a: Bee
|-supereffective|p1a: Bee
|-enditem|p1a: Bee|Focus Sash
|-damage|p1a: Bee|1/100
|
|upkeep
|turn|2
|
|t:|1769300749
|move|p1a: Bee|Sticky Web|p2a: Lycanroc
|-sidestart|p2: ZarrHaka|move: Sticky Web
|move|p2a: Lycanroc|Stone Edge|p1a: Bee
|-supereffective|p1a: Bee
|-damage|p1a: Bee|0 fnt
|faint|p1a: Bee
|
|upkeep
|
|t:|1769300754
|switch|p1a: Surfs up|Gholdengo|100/100
|turn|3
|
|t:|1769300757
|move|p2a: Lycanroc|Sucker Punch||[still]
|-fail|p2a: Lycanroc
|move|p1a: Surfs up|Nasty Plot|p1a: Surfs up
|-boost|p1a: Surfs up|spa|2
|
|upkeep
|turn|4
|
|t:|1769300761
|move|p1a: Surfs up|Nasty Plot|p1a: Surfs up
|-boost|p1a: Surfs up|spa|2
|move|p2a: Lycanroc|Stone Edge|p1a: Surfs up
|-resisted|p1a: Surfs up
|-crit|p1a: Surfs up
|-damage|p1a: Surfs up|79/100
|
|-heal|p1a: Surfs up|85/100|[from] item: Leftovers
|upkeep
|turn|5
|
|t:|1769300763
|move|p1a: Surfs up|Make It Rain|p2a: Lycanroc
|-supereffective|p2a: Lycanroc
|-enditem|p2a: Lycanroc|Babiri Berry|[eat]
|-enditem|p2a: Lycanroc|Babiri Berry|[weaken]
|-damage|p2a: Lycanroc|0 fnt
|-unboost|p1a: Surfs up|spa|1
|faint|p2a: Lycanroc
|
|-heal|p1a: Surfs up|91/100|[from] item: Leftovers
|upkeep
|
|t:|1769300765
|switch|p2a: Raichu|Raichu, M|100/100
|-activate|p2a: Raichu|move: Sticky Web
|-unboost|p2a: Raichu|spe|1
|turn|6
|
|t:|1769300770
|move|p2a: Raichu|Nuzzle|p1a: Surfs up
|-damage|p1a: Surfs up|87/100
|-status|p1a: Surfs up|par
|move|p1a: Surfs up|Make It Rain|p2a: Raichu
|-resisted|p2a: Raichu
|-enditem|p2a: Raichu|Focus Sash
|-damage|p2a: Raichu|1/100
|-unboost|p1a: Surfs up|spa|1
|
|-heal|p1a: Surfs up|93/100 par|[from] item: Leftovers
|upkeep
|turn|7
|
|t:|1769300783
|move|p2a: Raichu|Grass Knot|p1a: Surfs up
|-resisted|p1a: Surfs up
|-damage|p1a: Surfs up|86/100 par
|cant|p1a: Surfs up|par
|
|-heal|p1a: Surfs up|92/100 par|[from] item: Leftovers
|upkeep
|turn|8
|
|t:|1769300794
|move|p2a: Raichu|Volt Switch|p1a: Surfs up
|-damage|p1a: Surfs up|62/100 par
|
|t:|1769300797
|switch|p2a: Dragonite|Dragonite, F|100/100|[from] Volt Switch
|move|p1a: Surfs up|Shadow Ball|p2a: Dragonite
|-damage|p2a: Dragonite|65/100
|
|-heal|p1a: Surfs up|68/100 par|[from] item: Leftovers
|upkeep
|turn|9
|
|t:|1769300808
|move|p2a: Dragonite|Roost|p2a: Dragonite
|-heal|p2a: Dragonite|100/100
|-singleturn|p2a: Dragonite|move: Roost
|move|p1a: Surfs up|Make It Rain|p2a: Dragonite
|-damage|p2a: Dragonite|43/100
|-unboost|p1a: Surfs up|spa|1
|
|-heal|p1a: Surfs up|75/100 par|[from] item: Leftovers
|upkeep
|turn|10
|
|t:|1769300817
|move|p2a: Dragonite|Roost|p2a: Dragonite
|-heal|p2a: Dragonite|93/100
|-singleturn|p2a: Dragonite|move: Roost
|cant|p1a: Surfs up|par
|
|-heal|p1a: Surfs up|81/100 par|[from] item: Leftovers
|upkeep
|turn|11
|
|t:|1769300827
|move|p2a: Dragonite|Roost|p2a: Dragonite
|-heal|p2a: Dragonite|100/100
|-singleturn|p2a: Dragonite|move: Roost
|move|p1a: Surfs up|Make It Rain|p2a: Dragonite
|-damage|p2a: Dragonite|59/100
|-unboost|p1a: Surfs up|spa|1
|
|-heal|p1a: Surfs up|87/100 par|[from] item: Leftovers
|upkeep
|turn|12
|
|t:|1769300834
|move|p2a: Dragonite|Roost|p2a: Dragonite
|-heal|p2a: Dragonite|100/100
|-singleturn|p2a: Dragonite|move: Roost
|move|p1a: Surfs up|Nasty Plot|p1a: Surfs up
|-boost|p1a: Surfs up|spa|2
|-enditem|p2a: Dragonite|Mirror Herb
|-boost|p2a: Dragonite|spa|2|[from] item: Mirror Herb
|
|-heal|p1a: Surfs up|93/100 par|[from] item: Leftovers
|upkeep
|turn|13
|
|t:|1769300842
|move|p2a: Dragonite|Earthquake|p1a: Surfs up
|-supereffective|p1a: Surfs up
|-damage|p1a: Surfs up|45/100 par
|cant|p1a: Surfs up|par
|
|-heal|p1a: Surfs up|51/100 par|[from] item: Leftovers
|upkeep
|turn|14
|
|t:|1769300849
|move|p2a: Dragonite|Earthquake|p1a: Surfs up
|-supereffective|p1a: Surfs up
|-damage|p1a: Surfs up|5/100 par
|move|p1a: Surfs up|Make It Rain|p2a: Dragonite
|-damage|p2a: Dragonite|46/100
|-unboost|p1a: Surfs up|spa|1
|
|-heal|p1a: Surfs up|11/100 par|[from] item: Leftovers
|upkeep
|turn|15
|
|t:|1769300856
|move|p2a: Dragonite|Roost|p2a: Dragonite
|-heal|p2a: Dragonite|96/100
|-singleturn|p2a: Dragonite|move: Roost
|move|p1a: Surfs up|Shadow Ball|p2a: Dragonite
|-damage|p2a: Dragonite|38/100
|
|-heal|p1a: Surfs up|17/100 par|[from] item: Leftovers
|upkeep
|turn|16
|
|t:|1769300866
|move|p2a: Dragonite|Dragon Dance|p2a: Dragonite
|-boost|p2a: Dragonite|atk|1
|-boost|p2a: Dragonite|spe|1
|cant|p1a: Surfs up|par
|
|-heal|p1a: Surfs up|23/100 par|[from] item: Leftovers
|upkeep
|turn|17
|
|t:|1769300873
|move|p2a: Dragonite|Earthquake|p1a: Surfs up
|-supereffective|p1a: Surfs up
|-damage|p1a: Surfs up|0 fnt
|faint|p1a: Surfs up
|
|upkeep
|
|t:|1769300876
|switch|p1a: Set Up|Ninetales, F, shiny|100/100
|-weather|SunnyDay|[from] ability: Drought|[of] p1a: Set Up
|turn|18
|
|t:|1769300887
|move|p2a: Dragonite|Roost|p2a: Dragonite
|-heal|p2a: Dragonite|88/100
|-singleturn|p2a: Dragonite|move: Roost
|move|p1a: Set Up|Flamethrower|p2a: Dragonite
|-resisted|p2a: Dragonite
|-damage|p2a: Dragonite|53/100
|
|-weather|SunnyDay|[upkeep]
|upkeep
|turn|19
|
|t:|1769300904
|switch|p1a: Gardelade|Iron Valiant, shiny|100/100
|move|p2a: Dragonite|Earthquake|p1a: Gardelade
|-damage|p1a: Gardelade|29/100
|
|-weather|SunnyDay|[upkeep]
|upkeep
|turn|20
|
|t:|1769300910
|move|p2a: Dragonite|Earthquake|p1a: Gardelade
|-damage|p1a: Gardelade|0 fnt
|faint|p1a: Gardelade
|-end|p1a: Gardelade|Quark Drive|[silent]
|
|-weather|SunnyDay|[upkeep]
|upkeep
|
|t:|1769300913
|switch|p1a: Sweeper|Great Tusk, shiny|100/100
|-activate|p1a: Sweeper|ability: Protosynthesis
|-start|p1a: Sweeper|protosynthesisatk
|turn|21
|
|t:|1769300929
|-terastallize|p2a: Dragonite|Fairy
|-terastallize|p1a: Sweeper|Dark
|move|p2a: Dragonite|Roost|p2a: Dragonite
|-heal|p2a: Dragonite|100/100
|move|p1a: Sweeper|Ice Spinner|p2a: Dragonite
|-damage|p2a: Dragonite|79/100
|
|-weather|SunnyDay|[upkeep]
|upkeep
|turn|22
|
|t:|1769300941
|move|p2a: Dragonite|Dragon Dance|p2a: Dragonite
|-boost|p2a: Dragonite|atk|1
|-boost|p2a: Dragonite|spe|1
|move|p1a: Sweeper|Rapid Spin|p2a: Dragonite
|-damage|p2a: Dragonite|54/100
|-boost|p1a: Sweeper|spe|1
|
|-weather|none
|-end|p1a: Sweeper|Protosynthesis
|upkeep
|-enditem|p1a: Sweeper|Booster Energy
|-activate|p1a: Sweeper|ability: Protosynthesis|[fromitem]
|-start|p1a: Sweeper|protosynthesisspe
|turn|23
|
|t:|1769300950
|move|p1a: Sweeper|Headlong Rush|p2a: Dragonite
|-damage|p2a: Dragonite|0 fnt
|-unboost|p1a: Sweeper|def|1
|-unboost|p1a: Sweeper|spd|1
|faint|p2a: Dragonite
|
|upkeep
|
|t:|1769300964
|switch|p2a: Talonflame|Talonflame, M|100/100
|turn|24
|
|t:|1769300971
|move|p2a: Talonflame|Defog|p1a: Sweeper
|-unboost|p1a: Sweeper|evasion|1
|-sideend|p2: ZarrHaka|Sticky Web|[from] move: Defog|[of] p2a: Talonflame
|move|p1a: Sweeper|Ice Spinner|p2a: Talonflame
|-damage|p2a: Talonflame|74/100
|
|upkeep
|turn|25
|
|t:|1769300979
|move|p1a: Sweeper|Ice Spinner|p2a: Talonflame
|-damage|p2a: Talonflame|43/100
|move|p2a: Talonflame|Will-O-Wisp|p1a: Sweeper
|-status|p1a: Sweeper|brn
|
|-damage|p1a: Sweeper|94/100 brn|[from] brn
|upkeep
|turn|26
|
|t:|1769300985
|move|p1a: Sweeper|Ice Spinner|p2a: Talonflame
|-damage|p2a: Talonflame|28/100
|move|p2a: Talonflame|Fire Spin|p1a: Sweeper
|-damage|p1a: Sweeper|75/100 brn
|-activate|p1a: Sweeper|move: Fire Spin|[of] p2a: Talonflame
|
|-damage|p1a: Sweeper|69/100 brn|[from] brn
|-damage|p1a: Sweeper|56/100 brn|[from] move: Fire Spin|[partiallytrapped]
|upkeep
|turn|27
|
|t:|1769300989
|move|p1a: Sweeper|Rapid Spin|p2a: Talonflame
|-damage|p2a: Talonflame|19/100
|-boost|p1a: Sweeper|spe|1
|-end|p1a: Sweeper|Fire Spin|[partiallytrapped]
|move|p2a: Talonflame|Fire Spin|p1a: Sweeper
|-damage|p1a: Sweeper|38/100 brn
|-activate|p1a: Sweeper|move: Fire Spin|[of] p2a: Talonflame
|
|-damage|p1a: Sweeper|32/100 brn|[from] brn
|-damage|p1a: Sweeper|20/100 brn|[from] move: Fire Spin|[partiallytrapped]
|upkeep
|turn|28
|
|t:|1769300998
|move|p1a: Sweeper|Ice Spinner|p2a: Talonflame
|-damage|p2a: Talonflame|6/100
|move|p2a: Talonflame|Fire Spin|p1a: Sweeper
|-damage|p1a: Sweeper|2/100 brn
|
|-damage|p1a: Sweeper|0 fnt|[from] brn
|faint|p1a: Sweeper
|-end|p1a: Sweeper|Protosynthesis|[silent]
|upkeep
|
|t:|1769301004
|switch|p1a: Fast Asf Boi|Deoxys-Speed|100/100
|-ability|p1a: Fast Asf Boi|Pressure
|turn|29
|
|t:|1769301010
|move|p1a: Fast Asf Boi|Shadow Ball|p2a: Talonflame
|-damage|p2a: Talonflame|0 fnt
|faint|p2a: Talonflame
|-damage|p1a: Fast Asf Boi|91/100|[from] item: Life Orb
|
|upkeep
|
|t:|1769301013
|switch|p2a: Polteageist|Polteageist-Antique|100/100
|turn|30
|
|t:|1769301017
|move|p1a: Fast Asf Boi|Shadow Ball|p2a: Polteageist
|-supereffective|p2a: Polteageist
|-damage|p2a: Polteageist|61/100
|-unboost|p2a: Polteageist|spd|1
|-start|p1a: Fast Asf Boi|Disable|Shadow Ball|[from] ability: Cursed Body|[of] p2a: Polteageist
|-damage|p1a: Fast Asf Boi|81/100|[from] item: Life Orb
|move|p2a: Polteageist|Shadow Ball|p1a: Fast Asf Boi
|-supereffective|p1a: Fast Asf Boi
|-damage|p1a: Fast Asf Boi|0 fnt
|faint|p1a: Fast Asf Boi
|
|upkeep
|
|t:|1769301020
|switch|p1a: Set Up|Ninetales, F, shiny|100/100
|-weather|SunnyDay|[from] ability: Drought|[of] p1a: Set Up
|turn|31
|
|t:|1769301024
|switch|p2a: Raichu|Raichu, M|1/100
|move|p1a: Set Up|Nasty Plot|p1a: Set Up
|-boost|p1a: Set Up|spa|2
|
|-weather|SunnyDay|[upkeep]
|upkeep
|turn|32
|
|t:|1769301031
|move|p2a: Raichu|Nuzzle|p1a: Set Up
|-damage|p1a: Set Up|91/100
|-status|p1a: Set Up|par
|cant|p1a: Set Up|par
|
|-weather|SunnyDay|[upkeep]
|upkeep
|turn|33
|
|t:|1769301036
|move|p2a: Raichu|Endeavor|p1a: Set Up
|-damage|p1a: Set Up|1/100 par
|move|p1a: Set Up|Flamethrower|p2a: Raichu
|-damage|p2a: Raichu|0 fnt
|faint|p2a: Raichu
|
|-weather|SunnyDay|[upkeep]
|upkeep
|-message|Ddard002 forfeited.
|
|win|ZarrHaka
|raw|Ddard002's rating: 1186 &rarr; <strong>1158</strong><br />(-28 for losing)
|raw|ZarrHaka's rating: 1148 &rarr; <strong>1176</strong><br />(+28 for winning)
|l|☆Ddard002
|player|p1|
|l|☆ZarrHaka
|player|p2|
