|j|☆YumeKasumi76
|j|☆LaynusNotLeenus
|t:|1769425600
|gametype|singles
|player|p1|YumeKasumi76|266|1230
|player|p2|LaynusNotLeenus|lucas|1205
|gen|9
|tier|[Gen 9] OU
|rated|
|rule|HP Percentage Mod: HP is shown in percentages
|rule|Endless Battle Clause: Forcing endless battles is banned
|rule|Species Clause: Limit one of each Pokémon
|rule|OHKO Clause: OHKO moves are banned
|rule|Evasion Items Clause: Evasion items are banned
|rule|Evasion Moves Clause: Evasion moves are banned
|rule|Evasion Abilities Clause: Evasion abilities are banned
|rule|Sleep Moves Clause: Sleep-inducing moves are banned
|clearpoke
|poke|p1|Dragapult, M|
|poke|p1|Bisharp, F|
|poke|p1|Glimmora, F|
|poke|p1|Entei|
|poke|p1|Veluza, F|
|poke|p1|Braviary-Hisui, M|
|poke|p2|Great Tusk|
|poke|p2|Kingambit, F|
|poke|p2|Drifblim, M|
|poke|p2|Glimmora, M|
|poke|p2|Arcanine-Hisui, M|
|poke|p2|Ogerpon-Wellspring, F|
|teampreview
|
|t:|1769425607
|teamsize|p1|6
|teamsize|p2|6
|start
|switch|p1a: Mentalist|Braviary-Hisui, M|100/100
|switch|p2a: Blossom|Glimmora, M|100/100
|turn|1
|inactive|Battle timer is ON: inactive players will automatically lose when time's up. (requested by LaynusNotLeenus)
|inactive|YumeKasumi76 also wants the timer to be on.
|
|t:|1769425612
|move|p2a: Blossom|Rock Polish|p2a: Blossom
|-boost|p2a: Blossom|spe|2
|move|p1a: Mentalist|Esper Wing|p2a: Blossom
|-supereffective|p2a: Blossom
|-enditem|p2a: Blossom|Focus Sash
|-damage|p2a: Blossom|1/100
|-boost|p1a: Mentalist|spe|1
|
|upkeep
|turn|2
|
|t:|1769425620
|-terastallize|p1a: Mentalist|Fighting
|move|p2a: Blossom|Power Gem|p1a: Mentalist
|-resisted|p1a: Mentalist
|-damage|p1a: Mentalist|71/100
|move|p1a: Mentalist|Esper Wing|p2a: Blossom
|-supereffective|p2a: Blossom
|-damage|p2a: Blossom|0 fnt
|-boost|p1a: Mentalist|spe|1
|faint|p2a: Blossom
|
|upkeep
|
|t:|1769425642
|switch|p2a: Magma|Arcanine-Hisui, M|100/100
|turn|3
|
|t:|1769425653
|-terastallize|p2a: Magma|Fire
|move|p1a: Mentalist|Hurricane|p2a: Magma
|-damage|p2a: Magma|24/100
|-start|p2a: Magma|confusion
|-activate|p2a: Magma|confusion
|move|p2a: Magma|Flare Blitz|p1a: Mentalist
|-damage|p1a: Mentalist|0 fnt
|faint|p1a: Mentalist
|-damage|p2a: Magma|14/100|[from] item: Life Orb
|
|upkeep
|
|t:|1769425665
|switch|p1a: Sovereign|Entei|100/100
|turn|4
|
|t:|1769425668
|move|p1a: Sovereign|Extreme Speed|p2a: Magma
|-damage|p2a: Magma|0 fnt
|faint|p2a: Magma
|
|upkeep
|
|t:|1769425674
|switch|p2a: Pon|Ogerpon-Wellspring, F|100/100
|turn|5
|
|t:|1769425683
|switch|p1a: Railgun|Dragapult, M|100/100
|move|p2a: Pon|Swords Dance|p2a: Pon
|-boost|p2a: Pon|atk|2
|
|upkeep
|turn|6
|
|t:|1769425690
|move|p1a: Railgun|Reflect|p1a: Railgun
|-sidestart|p1: YumeKasumi76|Reflect
|move|p2a: Pon|Ivy Cudgel|p1a: Railgun|[anim] Ivy Cudgel Water
|-resisted|p1a: Railgun
|-damage|p1a: Railgun|68/100
|
|upkeep
|turn|7
|
|t:|1769425697
|move|p1a: Railgun|Dragon Darts|p2a: Pon
|-damage|p2a: Pon|74/100
|-anim|p1a: Railgun|Dragon Darts|p2a: Pon
|-damage|p2a: Pon|47/100
|move|p2a: Pon|Ivy Cudgel|p1a: Railgun|[anim] Ivy Cudgel Water
|-resisted|p1a: Railgun
|-damage|p1a: Railgun|34/100
|
|upkeep
|turn|8
|
|t:|1769425705
|move|p1a: Railgun|Dragon Darts|p2a: Pon
|-damage|p2a: Pon|20/100
|-anim|p1a: Railgun|Dragon Darts|p2a: Pon
|-damage|p2a: Pon|0 fnt
|faint|p2a: Pon
|
|upkeep
|
|t:|1769425713
|switch|p2a: Shadow|Drifblim, M|100/100
|turn|9
|
|t:|1769425718
|move|p1a: Railgun|Light Screen|p1a: Railgun
|-sidestart|p1: YumeKasumi76|move: Light Screen
|move|p2a: Shadow|Strength Sap||[still]
|-fail|p1a: Railgun|unboost|[from] ability: Clear Body|[of] p1a: Railgun
|-fail|p2a: Shadow
|
|-status|p2a: Shadow|brn|[from] item: Flame Orb
|upkeep
|turn|10
|
|t:|1769425728
|move|p1a: Railgun|Curse|p2a: Shadow
|-start|p2a: Shadow|Curse|[of] p1a: Railgun
|-damage|p1a: Railgun|0 fnt
|faint|p1a: Railgun
|move|p2a: Shadow|Calm Mind|p2a: Shadow
|-boost|p2a: Shadow|spa|1
|-boost|p2a: Shadow|spd|1
|
|-damage|p2a: Shadow|94/100 brn|[from] brn
|-damage|p2a: Shadow|70/100 brn|[from] Curse
|upkeep
|
|t:|1769425737
|switch|p1a: Hikari|Glimmora, F|100/100
|turn|11
|
|t:|1769425740
|move|p1a: Hikari|Meteor Beam||[still]
|-prepare|p1a: Hikari|Meteor Beam
|-boost|p1a: Hikari|spa|1
|-enditem|p1a: Hikari|Power Herb
|-anim|p1a: Hikari|Meteor Beam|p2a: Shadow
|-supereffective|p2a: Shadow
|-damage|p2a: Shadow|0 fnt
|faint|p2a: Shadow
|
|upkeep
|
|t:|1769425749
|switch|p2a: Tooth|Great Tusk|100/100
|-enditem|p2a: Tooth|Booster Energy
|-activate|p2a: Tooth|ability: Protosynthesis|[fromitem]
|-start|p2a: Tooth|protosynthesisatk
|turn|12
|
|t:|1769425755
|move|p2a: Tooth|Headlong Rush|p1a: Hikari
|-supereffective|p1a: Hikari
|-damage|p1a: Hikari|0 fnt
|-unboost|p2a: Tooth|def|1
|-unboost|p2a: Tooth|spd|1
|-activate|p1a: Hikari|ability: Toxic Debris
|-sidestart|p2: LaynusNotLeenus|move: Toxic Spikes
|faint|p1a: Hikari
|
|upkeep
|
|t:|1769425759
|switch|p1a: Riamare|Veluza, F, shiny|100/100
|turn|13
|
|t:|1769425765
|-end|p2a: Tooth|Protosynthesis|[silent]
|switch|p2a: Magnus|Kingambit, F|100/100
|-activate|p2a: Magnus|ability: Supreme Overlord
|-start|p2a: Magnus|fallen4|[silent]
|move|p1a: Riamare|Fillet Away|p1a: Riamare
|-boost|p1a: Riamare|atk|2
|-boost|p1a: Riamare|spa|2
|-boost|p1a: Riamare|spe|2
|-damage|p1a: Riamare|50/100
|-enditem|p1a: Riamare|Sitrus Berry|[eat]
|-heal|p1a: Riamare|75/100|[from] item: Sitrus Berry
|
|-sideend|p1: YumeKasumi76|Reflect
|upkeep
|turn|14
|
|t:|1769425777
|move|p2a: Magnus|Sucker Punch|p1a: Riamare
|-supereffective|p1a: Riamare
|-damage|p1a: Riamare|0 fnt
|faint|p1a: Riamare
|
|upkeep
|
|t:|1769425779
|switch|p1a: Sovereign|Entei|100/100
|turn|15
|
|t:|1769425784
|move|p2a: Magnus|Sucker Punch|p1a: Sovereign
|-damage|p1a: Sovereign|50/100
|move|p1a: Sovereign|Sacred Fire|p2a: Magnus
|-supereffective|p2a: Magnus
|-damage|p2a: Magnus|24/100
|
|-heal|p2a: Magnus|31/100|[from] item: Leftovers
|upkeep
|turn|16
|
|t:|1769425792
|move|p2a: Magnus|Sucker Punch||[still]
|-fail|p2a: Magnus
|move|p1a: Sovereign|Roar|p2a: Magnus
|-end|p2a: Magnus|fallen4|[silent]
|drag|p2a: Tooth|Great Tusk|100/100
|-status|p2a: Tooth|psn
|
|-damage|p2a: Tooth|88/100 psn|[from] psn
|-sideend|p1: YumeKasumi76|move: Light Screen
|upkeep
|turn|17
|
|t:|1769425802
|move|p1a: Sovereign|Extreme Speed|p2a: Tooth
|-damage|p2a: Tooth|69/100 psn
|move|p2a: Tooth|Headlong Rush|p1a: Sovereign
|-supereffective|p1a: Sovereign
|-damage|p1a: Sovereign|0 fnt
|-unboost|p2a: Tooth|def|1
|-unboost|p2a: Tooth|spd|1
|faint|p1a: Sovereign
|
|-damage|p2a: Tooth|57/100 psn|[from] psn
|upkeep
|
|t:|1769425804
|switch|p1a: Bellator|Bisharp, F, shiny|100/100
|turn|18
|
|t:|1769425814
|move|p2a: Tooth|Close Combat|p1a: Bellator
|-supereffective|p1a: Bellator
|-crit|p1a: Bellator
|-damage|p1a: Bellator|0 fnt
|-unboost|p2a: Tooth|def|1
|-unboost|p2a: Tooth|spd|1
|faint|p1a: Bellator
|
|win|LaynusNotLeenus
|raw|YumeKasumi76's rating: 1230 &rarr; <strong>1203</strong><br />(-27 for losing)
|raw|LaynusNotLeenus's rating: 1205 &rarr; <strong>1232</strong><br />(+27 for winning)
|l|☆YumeKasumi76
|player|p1|
|l|☆LaynusNotLeenus
|player|p2|
