|j|☆Brabrasese
|j|☆Alexflame1223
|t:|1769391429
|gametype|singles
|player|p1|Brabrasese|101|1257
|player|p2|Alexflame1223|steven|1224
|gen|9
|tier|[Gen 9] OU
|rated|
|rule|HP Percentage Mod: HP is shown in percentages
|rule|Endless Battle Clause: Forcing endless battles is banned
|rule|Species Clause: Limit one of each Pokémon
|rule|OHKO Clause: OHKO moves are banned
|rule|Evasion Items Clause: Evasion items are banned
|rule|Evasion Moves Clause: Evasion moves are banned
|rule|Evasion Abilities Clause: Evasion abilities are banned
|rule|Sleep Moves Clause: Sleep-inducing moves are banned
|clearpoke
|poke|p1|Crawdaunt, F|
|poke|p1|Ursaluna, F|
|poke|p1|Hatterene, F|
|poke|p1|Porygon2|
|poke|p1|Indeedee, M|
|poke|p1|Hoopa-Unbound|
|poke|p2|Moltres-Galar|
|poke|p2|Iron Treads|
|poke|p2|Hydrapple, M|
|poke|p2|Samurott-Hisui, F|
|poke|p2|Greninja-*, M|
|poke|p2|Zamazenta-*|
|teampreview
|inactive|Battle timer is ON: inactive players will automatically lose when time's up. (requested by Brabrasese)
|
|t:|1769391444
|teamsize|p1|6
|teamsize|p2|6
|start
|switch|p1a: Porygon2|Porygon2|100/100
|switch|p2a: Iron Treads|Iron Treads|100/100
|-ability|p1a: Porygon2|Download|boost
|-boost|p1a: Porygon2|spa|1
|turn|1
|
|t:|1769391452
|move|p2a: Iron Treads|Iron Head|p1a: Porygon2
|-damage|p1a: Porygon2|83/100
|move|p1a: Porygon2|Trick Room|p1a: Porygon2
|-fieldstart|move: Trick Room|[of] p1a: Porygon2
|
|upkeep
|turn|2
|
|t:|1769391461
|switch|p1a: Crawdaunt|Crawdaunt, F|100/100
|move|p2a: Iron Treads|Earthquake|p1a: Crawdaunt
|-damage|p1a: Crawdaunt|41/100
|
|upkeep
|turn|3
|
|t:|1769391476
|-end|p2a: Iron Treads|Quark Drive|[silent]
|switch|p2a: Greninja|Greninja, M|100/100
|move|p1a: Crawdaunt|Knock Off|p2a: Greninja
|-resisted|p2a: Greninja
|-damage|p2a: Greninja|13/100
|-enditem|p2a: Greninja|Life Orb|[from] move: Knock Off|[of] p1a: Crawdaunt
|
|upkeep
|turn|4
|
|t:|1769391486
|move|p1a: Crawdaunt|Knock Off|p2a: Greninja
|-resisted|p2a: Greninja
|-damage|p2a: Greninja|0 fnt
|faint|p2a: Greninja
|
|upkeep
|
|t:|1769391491
|switch|p2a: Samurott|Samurott-Hisui, F|100/100
|turn|5
|
|t:|1769391495
|switch|p1a: Porygon2|Porygon2|83/100
|-ability|p1a: Porygon2|Download|boost
|-boost|p1a: Porygon2|spa|1
|move|p2a: Samurott|Ceaseless Edge|p1a: Porygon2
|-damage|p1a: Porygon2|61/100
|-sidestart|p1: Brabrasese|Spikes
|
|-fieldend|move: Trick Room
|upkeep
|turn|6
|
|t:|1769391504
|move|p2a: Samurott|Ceaseless Edge|p1a: Porygon2
|-damage|p1a: Porygon2|40/100
|-sidestart|p1: Brabrasese|Spikes
|move|p1a: Porygon2|Recover|p1a: Porygon2
|-heal|p1a: Porygon2|90/100
|
|upkeep
|turn|7
|
|t:|1769391511
|move|p2a: Samurott|Ceaseless Edge|p1a: Porygon2
|-damage|p1a: Porygon2|68/100
|-sidestart|p1: Brabrasese|Spikes
|move|p1a: Porygon2|Trick Room|p1a: Porygon2
|-fieldstart|move: Trick Room|[of] p1a: Porygon2
|
|upkeep
|turn|8
|
|t:|1769391518
|move|p1a: Porygon2|Discharge|p2a: Samurott
|-supereffective|p2a: Samurott
|-damage|p2a: Samurott|18/100
|move|p2a: Samurott|Sacred Sword|p1a: Porygon2
|-supereffective|p1a: Porygon2
|-damage|p1a: Porygon2|26/100
|
|upkeep
|turn|9
|
|t:|1769391525
|move|p2a: Samurott|Aqua Jet|p1a: Porygon2
|-damage|p1a: Porygon2|17/100
|move|p1a: Porygon2|Ice Beam|p2a: Samurott
|-resisted|p2a: Samurott
|-damage|p2a: Samurott|0 fnt
|faint|p2a: Samurott
|
|upkeep
|
|t:|1769391535
|switch|p2a: Moltres|Moltres-Galar|100/100
|turn|10
|
|t:|1769391541
|move|p1a: Porygon2|Discharge|p2a: Moltres
|-supereffective|p2a: Moltres
|-damage|p2a: Moltres|56/100
|-status|p2a: Moltres|par
|move|p2a: Moltres|Agility|p2a: Moltres
|-boost|p2a: Moltres|spe|2
|
|upkeep
|turn|11
|
|t:|1769391550
|move|p1a: Porygon2|Recover|p1a: Porygon2
|-heal|p1a: Porygon2|67/100
|cant|p2a: Moltres|par
|
|-fieldend|move: Trick Room
|upkeep
|turn|12
|
|t:|1769391557
|cant|p2a: Moltres|par
|move|p1a: Porygon2|Trick Room|p1a: Porygon2
|-fieldstart|move: Trick Room|[of] p1a: Porygon2
|
|upkeep
|turn|13
|
|t:|1769391562
|switch|p1a: Hoopa|Hoopa-Unbound|100/100
|-damage|p1a: Hoopa|75/100|[from] Spikes
|cant|p2a: Moltres|par
|
|upkeep
|turn|14
|
|t:|1769391569
|move|p1a: Hoopa|Dark Pulse|p2a: Moltres
|-resisted|p2a: Moltres
|-damage|p2a: Moltres|28/100 par
|-ability|p2a: Moltres|Berserk|boost
|-boost|p2a: Moltres|spa|1
|move|p2a: Moltres|Fiery Wrath|p1a: Hoopa
|-damage|p1a: Hoopa|28/100
|
|upkeep
|turn|15
|
|t:|1769391578
|move|p1a: Hoopa|Dark Pulse|p2a: Moltres
|-resisted|p2a: Moltres
|-damage|p2a: Moltres|0 fnt
|faint|p2a: Moltres
|
|upkeep
|
|t:|1769391586
|switch|p2a: Hydrapple|Hydrapple, M, shiny|100/100
|turn|16
|
|t:|1769391591
|switch|p1a: Hatterene|Hatterene, F|100/100
|-damage|p1a: Hatterene|76/100|[from] Spikes
|move|p2a: Hydrapple|Giga Drain|p1a: Hatterene
|-damage|p1a: Hatterene|35/100
|
|-fieldend|move: Trick Room
|upkeep
|turn|17
|
|t:|1769391600
|move|p2a: Hydrapple|Giga Drain|p1a: Hatterene
|-damage|p1a: Hatterene|0 fnt
|faint|p1a: Hatterene
|
|upkeep
|
|t:|1769391605
|switch|p1a: Indeedee|Indeedee, M|100/100
|-damage|p1a: Indeedee|76/100|[from] Spikes
|-fieldstart|move: Psychic Terrain|[from] ability: Psychic Surge|[of] p1a: Indeedee
|turn|18
|
|t:|1769391611
|move|p2a: Hydrapple|Fickle Beam|p1a: Indeedee|[anim] Fickle Beam All Out
|-activate|p2a: Hydrapple|move: Fickle Beam
|-damage|p1a: Indeedee|0 fnt
|faint|p1a: Indeedee
|
|upkeep
|
|t:|1769391615
|switch|p1a: Porygon2|Porygon2|67/100
|-damage|p1a: Porygon2|42/100|[from] Spikes
|-ability|p1a: Porygon2|Download|boost
|-boost|p1a: Porygon2|spa|1
|turn|19
|
|t:|1769391621
|move|p2a: Hydrapple|Fickle Beam|p1a: Porygon2
|-damage|p1a: Porygon2|15/100
|move|p1a: Porygon2|Trick Room|p1a: Porygon2
|-fieldstart|move: Trick Room|[of] p1a: Porygon2
|
|upkeep
|turn|20
|
|t:|1769391627
|move|p2a: Hydrapple|Giga Drain|p1a: Porygon2
|-damage|p1a: Porygon2|0 fnt
|faint|p1a: Porygon2
|
|upkeep
|
|t:|1769391640
|switch|p1a: Hoopa|Hoopa-Unbound|28/100
|-damage|p1a: Hoopa|3/100|[from] Spikes
|turn|21
|
|t:|1769391645
|-terastallize|p1a: Hoopa|Psychic
|move|p2a: Hydrapple|Giga Drain|p1a: Hoopa
|-damage|p1a: Hoopa|0 fnt
|faint|p1a: Hoopa
|
|upkeep
|
|t:|1769391656
|switch|p1a: Crawdaunt|Crawdaunt, F|41/100
|-damage|p1a: Crawdaunt|17/100|[from] Spikes
|turn|22
|
|t:|1769391660
|move|p1a: Crawdaunt|Knock Off|p2a: Hydrapple
|-damage|p2a: Hydrapple|25/100
|-enditem|p2a: Hydrapple|Assault Vest|[from] move: Knock Off|[of] p1a: Crawdaunt
|move|p2a: Hydrapple|Giga Drain|p1a: Crawdaunt
|-supereffective|p1a: Crawdaunt
|-damage|p1a: Crawdaunt|0 fnt
|-heal|p2a: Hydrapple|31/100|[from] drain|[of] p1a: Crawdaunt
|faint|p1a: Crawdaunt
|
|-fieldend|move: Psychic Terrain
|upkeep
|
|t:|1769391665
|switch|p1a: Ursaluna|Ursaluna, F|100/100
|-damage|p1a: Ursaluna|75/100|[from] Spikes
|turn|23
|
|t:|1769391674
|move|p1a: Ursaluna|Facade|p2a: Hydrapple
|-damage|p2a: Hydrapple|0 fnt
|faint|p2a: Hydrapple
|
|-fieldend|move: Trick Room
|-status|p1a: Ursaluna|brn|[from] item: Flame Orb
|upkeep
|
|t:|1769391682
|switch|p2a: Iron Treads|Iron Treads|100/100
|turn|24
|
|t:|1769391687
|move|p2a: Iron Treads|Earthquake|p1a: Ursaluna
|-damage|p1a: Ursaluna|44/100 brn
|move|p1a: Ursaluna|Headlong Rush|p2a: Iron Treads
|-supereffective|p2a: Iron Treads
|-damage|p2a: Iron Treads|0 fnt
|-unboost|p1a: Ursaluna|def|1
|-unboost|p1a: Ursaluna|spd|1
|faint|p2a: Iron Treads
|-end|p2a: Iron Treads|Quark Drive|[silent]
|
|-damage|p1a: Ursaluna|37/100 brn|[from] brn
|upkeep
|
|t:|1769391699
|switch|p2a: Zamazenta|Zamazenta|100/100
|-ability|p2a: Zamazenta|Dauntless Shield|boost
|-boost|p2a: Zamazenta|def|1
|turn|25
|
|t:|1769391705
|move|p2a: Zamazenta|Body Press|p1a: Ursaluna
|-supereffective|p1a: Ursaluna
|-damage|p1a: Ursaluna|0 fnt
|faint|p1a: Ursaluna
|
|win|Alexflame1223
|raw|Brabrasese's rating: 1257 &rarr; <strong>1230</strong><br />(-27 for losing)
|raw|Alexflame1223's rating: 1224 &rarr; <strong>1251</strong><br />(+27 for winning)
|l|☆Brabrasese
|player|p1|
