|j|☆antonitaly
|j|☆Stealthalo
|t:|1769434202
|gametype|singles
|player|p1|antonitaly|nate|1432
|player|p2|Stealthalo|266|1420
|gen|9
|tier|[Gen 9] OU
|rated|
|rule|HP Percentage Mod: HP is shown in percentages
|rule|Endless Battle Clause: Forcing endless battles is banned
|rule|Species Clause: Limit one of each Pokémon
|rule|OHKO Clause: OHKO moves are banned
|rule|Evasion Items Clause: Evasion items are banned
|rule|Evasion Moves Clause: Evasion moves are banned
|rule|Evasion Abilities Clause: Evasion abilities are banned
|rule|Sleep Moves Clause: Sleep-inducing moves are banned
|clearpoke
|poke|p1|Darkrai|
|poke|p1|Kingambit, M|
|poke|p1|Ogerpon-Wellspring, F|
|poke|p1|Zamazenta-*|
|poke|p1|Glimmora, F|
|poke|p1|Iron Valiant|
|poke|p2|Mamoswine, F|
|poke|p2|Weezing-Galar, F|
|poke|p2|Moltres|
|poke|p2|Glimmora, F|
|poke|p2|Dragapult, M|
|poke|p2|Ogerpon-Wellspring, F|
|teampreview
|
|t:|1769434220
|teamsize|p1|6
|teamsize|p2|6
|start
|switch|p1a: Iron Valiant|Iron Valiant|100/100
|switch|p2a: Glimmora|Glimmora, F|100/100
|-enditem|p1a: Iron Valiant|Booster Energy
|-activate|p1a: Iron Valiant|ability: Quark Drive|[fromitem]
|-start|p1a: Iron Valiant|quarkdrivespe
|turn|1
|inactive|Battle timer is ON: inactive players will automatically lose when time's up. (requested by antonitaly)
|
|t:|1769434237
|-end|p1a: Iron Valiant|Quark Drive|[silent]
|switch|p1a: Glimmora|Glimmora, F|100/100
|move|p2a: Glimmora|Sludge Bomb|p1a: Glimmora
|-resisted|p1a: Glimmora
|-damage|p1a: Glimmora|87/100
|-enditem|p1a: Glimmora|Red Card|[of] p2a: Glimmora
|drag|p2a: Mamoswine|Mamoswine, F|100/100
|
|upkeep
|turn|2
|
|t:|1769434248
|switch|p1a: Zamazenta|Zamazenta|100/100
|-ability|p1a: Zamazenta|Dauntless Shield|boost
|-boost|p1a: Zamazenta|def|1
|move|p2a: Mamoswine|Earthquake|p1a: Zamazenta
|-damage|p1a: Zamazenta|68/100
|
|-heal|p1a: Zamazenta|74/100|[from] item: Leftovers
|upkeep
|turn|3
|
|t:|1769434258
|switch|p2a: Weezing|Weezing-Galar, F|100/100
|move|p1a: Zamazenta|Iron Defense|p1a: Zamazenta
|-boost|p1a: Zamazenta|def|2
|
|-heal|p1a: Zamazenta|80/100|[from] item: Leftovers
|upkeep
|turn|4
|
|t:|1769434268
|switch|p1a: Glimmora|Glimmora, F|87/100
|move|p2a: Weezing|Strange Steam|p1a: Glimmora
|-resisted|p1a: Glimmora
|-damage|p1a: Glimmora|69/100
|
|upkeep
|turn|5
|
|t:|1769434276
|switch|p2a: Ogerpon|Ogerpon-Wellspring, F|100/100
|move|p1a: Glimmora|Earth Power|p2a: Ogerpon
|-resisted|p2a: Ogerpon
|-damage|p2a: Ogerpon|81/100
|
|upkeep
|turn|6
|
|t:|1769434284
|switch|p1a: Ogerpon|Ogerpon-Wellspring, F|100/100
|move|p2a: Ogerpon|Ivy Cudgel|p1a: Ogerpon|[anim] Ivy Cudgel Water
|-immune|p1a: Ogerpon|[from] ability: Water Absorb
|
|upkeep
|turn|7
|
|t:|1769434292
|move|p1a: Ogerpon|Horn Leech|p2a: Ogerpon
|-crit|p2a: Ogerpon
|-damage|p2a: Ogerpon|0 fnt
|faint|p2a: Ogerpon
|
|upkeep
|
|t:|1769434298
|switch|p2a: Dragapult|Dragapult, M|100/100
|turn|8
|
|t:|1769434302
|move|p2a: Dragapult|Dragon Darts|p1a: Ogerpon
|-damage|p1a: Ogerpon|67/100
|-anim|p2a: Dragapult|Dragon Darts|p1a: Ogerpon
|-damage|p1a: Ogerpon|35/100
|move|p1a: Ogerpon|Knock Off|p2a: Dragapult
|-supereffective|p2a: Dragapult
|-damage|p2a: Dragapult|1/100
|-enditem|p2a: Dragapult|Leftovers|[from] move: Knock Off|[of] p1a: Ogerpon
|
|upkeep
|turn|9
|
|t:|1769434313
|switch|p1a: Iron Valiant|Iron Valiant|100/100
|move|p2a: Dragapult|Dragon Darts|p1a: Iron Valiant
|-immune|p1a: Iron Valiant
|
|upkeep
|turn|10
|
|t:|1769434322
|switch|p2a: Glimmora|Glimmora, F|100/100
|move|p1a: Iron Valiant|Moonblast|p2a: Glimmora
|-resisted|p2a: Glimmora
|-damage|p2a: Glimmora|78/100
|
|-heal|p2a: Glimmora|84/100|[from] item: Leftovers
|upkeep
|turn|11
|
|t:|1769434332
|-end|p1a: Iron Valiant|Quark Drive|[silent]
|switch|p1a: Glimmora|Glimmora, F|69/100
|move|p2a: Glimmora|Stealth Rock|p1a: Glimmora
|-sidestart|p1: antonitaly|move: Stealth Rock
|
|-heal|p2a: Glimmora|90/100|[from] item: Leftovers
|upkeep
|turn|12
|
|t:|1769434345
|-terastallize|p2a: Glimmora|Ghost
|move|p1a: Glimmora|Mortal Spin|p2a: Glimmora
|-resisted|p2a: Glimmora
|-damage|p2a: Glimmora|88/100
|-status|p2a: Glimmora|psn
|-activate|p2a: Glimmora|ability: Toxic Debris
|-sidestart|p1: antonitaly|move: Toxic Spikes
|-sideend|p1: antonitaly|Toxic Spikes|[from] move: Mortal Spin|[of] p1a: Glimmora
|-sideend|p1: antonitaly|Stealth Rock|[from] move: Mortal Spin|[of] p1a: Glimmora
|move|p2a: Glimmora|Earth Power|p1a: Glimmora
|-supereffective|p1a: Glimmora
|-damage|p1a: Glimmora|0 fnt
|faint|p1a: Glimmora
|
|-heal|p2a: Glimmora|94/100 psn|[from] item: Leftovers
|-damage|p2a: Glimmora|82/100 psn|[from] psn
|upkeep
|
|t:|1769434362
|switch|p1a: Darkrai|Darkrai|100/100
|turn|13
|
|t:|1769434368
|switch|p2a: Mamoswine|Mamoswine, F|100/100
|move|p1a: Darkrai|Dark Pulse|p2a: Mamoswine
|-damage|p2a: Mamoswine|41/100
|
|upkeep
|turn|14
|
|t:|1769434375
|move|p2a: Mamoswine|Ice Shard|p1a: Darkrai
|-damage|p1a: Darkrai|72/100
|move|p1a: Darkrai|Dark Pulse|p2a: Mamoswine
|-damage|p2a: Mamoswine|0 fnt
|faint|p2a: Mamoswine
|
|upkeep
|
|t:|1769434384
|switch|p2a: Dragapult|Dragapult, M|1/100
|turn|15
|
|t:|1769434389
|switch|p1a: Zamazenta|Zamazenta|80/100
|move|p2a: Dragapult|Dragon Darts|p1a: Zamazenta
|-damage|p1a: Zamazenta|62/100
|-anim|p2a: Dragapult|Dragon Darts|p1a: Zamazenta
|-damage|p1a: Zamazenta|44/100
|
|-heal|p1a: Zamazenta|50/100|[from] item: Leftovers
|upkeep
|turn|16
|
|t:|1769434401
|switch|p2a: Glimmora|Glimmora, F, tera:Ghost|82/100 psn
|move|p1a: Zamazenta|Crunch|p2a: Glimmora
|-supereffective|p2a: Glimmora
|-damage|p2a: Glimmora|36/100 psn
|-unboost|p2a: Glimmora|def|1
|-activate|p2a: Glimmora|ability: Toxic Debris
|-sidestart|p1: antonitaly|move: Toxic Spikes
|
|-heal|p1a: Zamazenta|55/100|[from] item: Leftovers
|-heal|p2a: Glimmora|42/100 psn|[from] item: Leftovers
|-damage|p2a: Glimmora|30/100 psn|[from] psn
|upkeep
|turn|17
|
|t:|1769434418
|switch|p2a: Weezing|Weezing-Galar, F|100/100
|-terastallize|p1a: Zamazenta|Poison
|move|p1a: Zamazenta|Crunch|p2a: Weezing
|-resisted|p2a: Weezing
|-damage|p2a: Weezing|91/100
|-unboost|p2a: Weezing|def|1
|
|-heal|p1a: Zamazenta|61/100|[from] item: Leftovers
|-heal|p2a: Weezing|97/100|[from] item: Leftovers
|upkeep
|turn|18
|
|t:|1769434432
|switch|p1a: Darkrai|Darkrai|72/100
|-status|p1a: Darkrai|psn
|move|p2a: Weezing|Flamethrower|p1a: Darkrai
|-damage|p1a: Darkrai|47/100 psn
|
|-heal|p2a: Weezing|100/100|[from] item: Leftovers
|-damage|p1a: Darkrai|34/100 psn|[from] psn
|upkeep
|turn|19
|
|t:|1769434443
|switch|p2a: Moltres|Moltres|100/100
|move|p1a: Darkrai|Sludge Bomb|p2a: Moltres
|-damage|p2a: Moltres|66/100
|-status|p2a: Moltres|psn
|
|-damage|p1a: Darkrai|22/100 psn|[from] psn
|-damage|p2a: Moltres|54/100 psn|[from] psn
|upkeep
|turn|20
|
|t:|1769434454
|move|p1a: Darkrai|Dark Pulse|p2a: Moltres
|-damage|p2a: Moltres|14/100 psn
|move|p2a: Moltres|Roost|p2a: Moltres
|-heal|p2a: Moltres|64/100 psn
|-singleturn|p2a: Moltres|move: Roost
|
|-damage|p1a: Darkrai|9/100 psn|[from] psn
|-damage|p2a: Moltres|52/100 psn|[from] psn
|upkeep
|turn|21
|
|t:|1769434463
|move|p1a: Darkrai|Dark Pulse|p2a: Moltres
|-damage|p2a: Moltres|6/100 psn
|move|p2a: Moltres|Roost|p2a: Moltres
|-heal|p2a: Moltres|56/100 psn
|-singleturn|p2a: Moltres|move: Roost
|
|-damage|p1a: Darkrai|0 fnt|[from] psn
|faint|p1a: Darkrai
|-damage|p2a: Moltres|44/100 psn|[from] psn
|upkeep
|
|t:|1769434477
|switch|p1a: Zamazenta|Zamazenta, tera:Poison|61/100
|-sideend|p1: antonitaly|move: Toxic Spikes|[of] p1a: Zamazenta
|turn|22
|
|t:|1769434485
|switch|p1a: Ogerpon|Ogerpon-Wellspring, F|35/100
|switch|p2a: Weezing|Weezing-Galar, F|100/100
|
|upkeep
|turn|23
|
|t:|1769434496
|switch|p1a: Iron Valiant|Iron Valiant|100/100
|move|p2a: Weezing|Strange Steam|p1a: Iron Valiant
|-supereffective|p1a: Iron Valiant
|-damage|p1a: Iron Valiant|4/100
|
|upkeep
|turn|24
|
|t:|1769434503
|move|p1a: Iron Valiant|Destiny Bond|p1a: Iron Valiant
|-singlemove|p1a: Iron Valiant|Destiny Bond
|move|p2a: Weezing|Flamethrower|p1a: Iron Valiant
|-damage|p1a: Iron Valiant|0 fnt
|faint|p1a: Iron Valiant
|-activate|p1a: Iron Valiant|move: Destiny Bond
|-end|p1a: Iron Valiant|Quark Drive|[silent]
|faint|p2a: Weezing
|
|upkeep
|
|t:|1769434515
|switch|p1a: Ogerpon|Ogerpon-Wellspring, F|35/100
|switch|p2a: Dragapult|Dragapult, M|1/100
|turn|25
|
|t:|1769434520
|switch|p1a: Kingambit|Kingambit, M|100/100
|-activate|p1a: Kingambit|ability: Supreme Overlord
|-start|p1a: Kingambit|fallen3|[silent]
|-item|p1a: Kingambit|Air Balloon
|move|p2a: Dragapult|Dragon Darts|p1a: Kingambit
|-resisted|p1a: Kingambit
|-damage|p1a: Kingambit|91/100
|-enditem|p1a: Kingambit|Air Balloon
|-anim|p2a: Dragapult|Dragon Darts|p1a: Kingambit
|-resisted|p1a: Kingambit
|-damage|p1a: Kingambit|82/100
|
|upkeep
|turn|26
|
|t:|1769434532
|switch|p2a: Glimmora|Glimmora, F, tera:Ghost|30/100 psn
|move|p1a: Kingambit|Swords Dance|p1a: Kingambit
|-boost|p1a: Kingambit|atk|2
|
|-heal|p2a: Glimmora|36/100 psn|[from] item: Leftovers
|-damage|p2a: Glimmora|24/100 psn|[from] psn
|upkeep
|turn|27
|
|t:|1769434542
|move|p1a: Kingambit|Sucker Punch|p2a: Glimmora
|-supereffective|p2a: Glimmora
|-damage|p2a: Glimmora|0 fnt
|-activate|p2a: Glimmora|ability: Toxic Debris
|-sidestart|p1: antonitaly|move: Toxic Spikes
|faint|p2a: Glimmora
|
|upkeep
|
|t:|1769434549
|switch|p2a: Moltres|Moltres|44/100 psn
|turn|28
|
|t:|1769434552
|move|p2a: Moltres|Flamethrower|p1a: Kingambit
|-supereffective|p1a: Kingambit
|-damage|p1a: Kingambit|15/100
|move|p1a: Kingambit|Kowtow Cleave|p2a: Moltres
|-damage|p2a: Moltres|0 fnt
|faint|p2a: Moltres
|
|upkeep
|
|t:|1769434560
|switch|p2a: Dragapult|Dragapult, M|1/100
|turn|29
|
|t:|1769434565
|move|p1a: Kingambit|Sucker Punch||[still]
|-fail|p1a: Kingambit
|move|p2a: Dragapult|Dragon Dance|p2a: Dragapult
|-boost|p2a: Dragapult|atk|1
|-boost|p2a: Dragapult|spe|1
|
|upkeep
|turn|30
|
|t:|1769434575
|move|p2a: Dragapult|Dragon Darts|p1a: Kingambit
|-resisted|p1a: Kingambit
|-damage|p1a: Kingambit|1/100
|-anim|p2a: Dragapult|Dragon Darts|p1a: Kingambit
|-resisted|p1a: Kingambit
|-damage|p1a: Kingambit|0 fnt
|faint|p1a: Kingambit
|-end|p1a: Kingambit|fallen3|[silent]
|
|upkeep
|
|t:|1769434581
|switch|p1a: Zamazenta|Zamazenta, tera:Poison|61/100
|-sideend|p1: antonitaly|move: Toxic Spikes|[of] p1a: Zamazenta
|turn|31
|
|t:|1769434585
|move|p2a: Dragapult|Dragon Darts|p1a: Zamazenta
|-damage|p1a: Zamazenta|31/100
|-anim|p2a: Dragapult|Dragon Darts|p1a: Zamazenta
|-damage|p1a: Zamazenta|0 fnt
|faint|p1a: Zamazenta
|
|upkeep
|c|☆antonitaly|I hope someone will slaughter you
|c|☆Stealthalo|Gg
|l|☆antonitaly
|inactive|antonitaly disconnected and has a minute to reconnect!
|player|p1|
|j|☆antonitaly
|inactive|antonitaly reconnected and has 110 seconds left.
|player|p1|antonitaly|nate|
|-message|antonitaly forfeited.
|
|win|Stealthalo
|raw|antonitaly's rating: 1432 &rarr; <strong>1411</strong><br />(-21 for losing)
|raw|Stealthalo's rating: 1420 &rarr; <strong>1441</strong><br />(+21 for winning)
|l|☆Stealthalo
|player|p2|
