|j|☆deathflower
|j|☆cdcs5 ABReu
|t:|1769411356
|gametype|singles
|player|p1|deathflower|iris|1177
|player|p2|cdcs5 ABReu|lusamine-nihilego|1178
|gen|9
|tier|[Gen 9] OU
|rated|
|rule|HP Percentage Mod: HP is shown in percentages
|rule|Endless Battle Clause: Forcing endless battles is banned
|rule|Species Clause: Limit one of each Pokémon
|rule|OHKO Clause: OHKO moves are banned
|rule|Evasion Items Clause: Evasion items are banned
|rule|Evasion Moves Clause: Evasion moves are banned
|rule|Evasion Abilities Clause: Evasion abilities are banned
|rule|Sleep Moves Clause: Sleep-inducing moves are banned
|clearpoke
|poke|p1|Mandibuzz, F|
|poke|p1|Araquanid, F|
|poke|p1|Pelipper, M|
|poke|p1|Kilowattrel, F|
|poke|p1|Beartic, M|
|poke|p1|Quagsire, M|
|poke|p2|Kyurem|
|poke|p2|Landorus-Therian, M|
|poke|p2|Hatterene, F|
|poke|p2|Iron Moth|
|poke|p2|Kingambit, F|
|poke|p2|Zamazenta-*|
|teampreview
|
|t:|1769411376
|teamsize|p1|6
|teamsize|p2|6
|start
|switch|p1a: Pelipper|Pelipper, M|100/100
|switch|p2a: Landorus|Landorus-Therian, M|100/100
|-ability|p2a: Landorus|Intimidate|boost
|-unboost|p1a: Pelipper|atk|1
|-weather|RainDance|[from] ability: Drizzle|[of] p1a: Pelipper
|turn|1
|
|t:|1769411382
|move|p2a: Landorus|Stealth Rock|p1a: Pelipper
|-sidestart|p1: deathflower|move: Stealth Rock
|move|p1a: Pelipper|Weather Ball|p2a: Landorus
|-supereffective|p2a: Landorus
|-damage|p2a: Landorus|0 fnt
|faint|p2a: Landorus
|
|-weather|RainDance|[upkeep]
|upkeep
|
|t:|1769411395
|switch|p2a: Kingambit|Kingambit, F|100/100
|-activate|p2a: Kingambit|ability: Supreme Overlord
|-start|p2a: Kingambit|fallen1|[silent]
|turn|2
|
|t:|1769411400
|move|p1a: Pelipper|Weather Ball|p2a: Kingambit
|-damage|p2a: Kingambit|39/100
|move|p2a: Kingambit|Swords Dance|p2a: Kingambit
|-boost|p2a: Kingambit|atk|2
|
|-weather|RainDance|[upkeep]
|-heal|p2a: Kingambit|45/100|[from] item: Leftovers
|upkeep
|turn|3
|
|t:|1769411412
|-terastallize|p2a: Kingambit|Dark
|move|p2a: Kingambit|Sucker Punch|p1a: Pelipper
|-damage|p1a: Pelipper|0 fnt
|faint|p1a: Pelipper
|
|-weather|RainDance|[upkeep]
|-heal|p2a: Kingambit|51/100|[from] item: Leftovers
|upkeep
|
|t:|1769411416
|switch|p1a: Quagsire|Quagsire, M|100/100
|-damage|p1a: Quagsire|94/100|[from] Stealth Rock
|turn|4
|
|t:|1769411420
|move|p2a: Kingambit|Kowtow Cleave|p1a: Quagsire
|-damage|p1a: Quagsire|39/100
|move|p1a: Quagsire|Earthquake|p2a: Kingambit
|-damage|p2a: Kingambit|29/100
|
|-weather|RainDance|[upkeep]
|-heal|p2a: Kingambit|35/100|[from] item: Leftovers
|-heal|p1a: Quagsire|45/100|[from] item: Leftovers
|upkeep
|turn|5
|
|t:|1769411429
|move|p2a: Kingambit|Kowtow Cleave|p1a: Quagsire
|-crit|p1a: Quagsire
|-damage|p1a: Quagsire|0 fnt
|faint|p1a: Quagsire
|
|-weather|RainDance|[upkeep]
|-heal|p2a: Kingambit|41/100|[from] item: Leftovers
|upkeep
|
|t:|1769411432
|switch|p1a: Mandibuzz|Mandibuzz, F, shiny|100/100
|turn|6
|
|t:|1769411436
|move|p1a: Mandibuzz|Foul Play|p2a: Kingambit
|-resisted|p2a: Kingambit
|-damage|p2a: Kingambit|0 fnt
|faint|p2a: Kingambit
|-end|p2a: Kingambit|fallen1|[silent]
|
|-weather|RainDance|[upkeep]
|upkeep
|
|t:|1769411440
|switch|p2a: Kyurem|Kyurem|100/100
|-ability|p2a: Kyurem|Pressure
|turn|7
|
|t:|1769411447
|switch|p1a: Beartic|Beartic, M|100/100
|-damage|p1a: Beartic|75/100|[from] Stealth Rock
|move|p2a: Kyurem|Dragon Dance|p2a: Kyurem
|-boost|p2a: Kyurem|atk|1
|-boost|p2a: Kyurem|spe|1
|
|-weather|RainDance|[upkeep]
|upkeep
|turn|8
|
|t:|1769411457
|move|p2a: Kyurem|Scale Shot|p1a: Beartic
|-damage|p1a: Beartic|50/100
|-damage|p1a: Beartic|22/100
|-damage|p1a: Beartic|0 fnt
|faint|p1a: Beartic
|-hitcount|p1: Beartic|3
|-unboost|p2a: Kyurem|def|1
|-boost|p2a: Kyurem|spe|1
|
|-weather|none
|upkeep
|-message|deathflower forfeited.
|
|win|cdcs5 ABReu
|raw|deathflower's rating: 1177 &rarr; <strong>1152</strong><br />(-25 for losing)
|raw|cdcs5 ABReu's rating: 1178 &rarr; <strong>1203</strong><br />(+25 for winning)
|l|☆deathflower
|player|p1|
|l|☆cdcs5 ABReu
|player|p2|
