|j|☆agent strike
|j|☆SquilliamTG
|t:|1769407796
|gametype|singles
|player|p1|agent strike|policeman-gen4|1590
|player|p2|SquilliamTG|silver|1559
|gen|9
|tier|[Gen 9] OU
|rated|
|rule|HP Percentage Mod: HP is shown in percentages
|rule|Endless Battle Clause: Forcing endless battles is banned
|rule|Species Clause: Limit one of each Pokémon
|rule|OHKO Clause: OHKO moves are banned
|rule|Evasion Items Clause: Evasion items are banned
|rule|Evasion Moves Clause: Evasion moves are banned
|rule|Evasion Abilities Clause: Evasion abilities are banned
|rule|Sleep Moves Clause: Sleep-inducing moves are banned
|clearpoke
|poke|p1|Great Tusk|
|poke|p1|Kingambit, M|
|poke|p1|Moltres|
|poke|p1|Dragapult, M|
|poke|p1|Primarina, F|
|poke|p1|Meowscarada, M|
|poke|p2|Great Tusk|
|poke|p2|Magnezone|
|poke|p2|Slowking-Galar, F|
|poke|p2|Dragonite, M|
|poke|p2|Alomomola, F|
|poke|p2|Zamazenta-*|
|teampreview
|inactive|Battle timer is ON: inactive players will automatically lose when time's up. (requested by SquilliamTG)
|
|t:|1769407817
|teamsize|p1|6
|teamsize|p2|6
|start
|switch|p1a: Great Tusk|Great Tusk|100/100
|switch|p2a: Zamazenta|Zamazenta|100/100
|-ability|p2a: Zamazenta|Dauntless Shield|boost
|-boost|p2a: Zamazenta|def|1
|turn|1
|
|t:|1769407824
|switch|p2a: Alomomola|Alomomola, F|100/100
|move|p1a: Great Tusk|Stealth Rock|p2a: Alomomola
|-sidestart|p2: SquilliamTG|move: Stealth Rock
|
|upkeep
|turn|2
|
|t:|1769407829
|move|p1a: Great Tusk|Knock Off|p2a: Alomomola
|-damage|p2a: Alomomola|86/100
|-enditem|p2a: Alomomola|Heavy-Duty Boots|[from] move: Knock Off|[of] p1a: Great Tusk
|move|p2a: Alomomola|Flip Turn|p1a: Great Tusk
|-supereffective|p1a: Great Tusk
|-damage|p1a: Great Tusk|83/100
|
|t:|1769407836
|switch|p2a: Great Tusk|Great Tusk|100/100|[from] Flip Turn
|
|-heal|p1a: Great Tusk|90/100|[from] item: Leftovers
|upkeep
|turn|3
|
|t:|1769407841
|-end|p1a: Great Tusk|Protosynthesis|[silent]
|switch|p1a: Moltres|Moltres|100/100
|move|p2a: Great Tusk|Stealth Rock|p1a: Moltres
|-sidestart|p1: agent strike|move: Stealth Rock
|
|upkeep
|turn|4
|
|t:|1769407848
|-end|p2a: Great Tusk|Protosynthesis|[silent]
|switch|p2a: Alomomola|Alomomola, F|100/100
|-damage|p2a: Alomomola|88/100|[from] Stealth Rock
|move|p1a: Moltres|Hurricane|p2a: Alomomola|[miss]
|-miss|p1a: Moltres|p2a: Alomomola
|
|upkeep
|turn|5
|
|t:|1769407855
|move|p1a: Moltres|U-turn|p2a: Alomomola
|-damage|p2a: Alomomola|81/100
|
|t:|1769407858
|switch|p1a: Great Tusk|Great Tusk|90/100|[from] U-turn
|-damage|p1a: Great Tusk|87/100|[from] Stealth Rock
|move|p2a: Alomomola|Flip Turn|p1a: Great Tusk
|-supereffective|p1a: Great Tusk
|-damage|p1a: Great Tusk|70/100
|
|t:|1769407867
|switch|p2a: Great Tusk|Great Tusk|100/100|[from] Flip Turn
|
|-heal|p1a: Great Tusk|76/100|[from] item: Leftovers
|upkeep
|turn|6
|
|t:|1769407872
|-end|p1a: Great Tusk|Protosynthesis|[silent]
|switch|p1a: Dragapult|Dragapult, M, shiny|100/100
|-damage|p1a: Dragapult|88/100|[from] Stealth Rock
|move|p2a: Great Tusk|Ice Spinner|p1a: Dragapult
|-supereffective|p1a: Dragapult
|-damage|p1a: Dragapult|15/100
|
|upkeep
|turn|7
|
|t:|1769407883
|-end|p2a: Great Tusk|Protosynthesis|[silent]
|switch|p2a: Slowking|Slowking-Galar, F|100/100
|move|p1a: Dragapult|Draco Meteor|p2a: Slowking
|-damage|p2a: Slowking|52/100
|-unboost|p1a: Dragapult|spa|2
|
|upkeep
|turn|8
|
|t:|1769407890
|switch|p1a: Great Tusk|Great Tusk|76/100
|-damage|p1a: Great Tusk|73/100|[from] Stealth Rock
|-prepare|p2a: Slowking|Chilly Reception|[premajor]
|move|p2a: Slowking|Chilly Reception|p2a: Slowking
|-weather|Snowscape
|
|t:|1769407897
|switch|p2a: Great Tusk|Great Tusk|100/100|[from] Chilly Reception
|
|-weather|Snowscape|[upkeep]
|-heal|p1a: Great Tusk|79/100|[from] item: Leftovers
|upkeep
|turn|9
|
|t:|1769407903
|move|p2a: Great Tusk|Rapid Spin|p1a: Great Tusk
|-damage|p1a: Great Tusk|70/100
|-boost|p2a: Great Tusk|spe|1
|-sideend|p2: SquilliamTG|Stealth Rock|[from] move: Rapid Spin|[of] p2a: Great Tusk
|move|p1a: Great Tusk|Rapid Spin|p2a: Great Tusk
|-damage|p2a: Great Tusk|89/100
|-boost|p1a: Great Tusk|spe|1
|-sideend|p1: agent strike|Stealth Rock|[from] move: Rapid Spin|[of] p1a: Great Tusk
|
|-weather|Snowscape|[upkeep]
|-heal|p1a: Great Tusk|76/100|[from] item: Leftovers
|upkeep
|turn|10
|
|t:|1769407912
|move|p2a: Great Tusk|Ice Spinner|p1a: Great Tusk
|-supereffective|p1a: Great Tusk
|-damage|p1a: Great Tusk|46/100
|move|p1a: Great Tusk|Stealth Rock|p2a: Great Tusk
|-sidestart|p2: SquilliamTG|move: Stealth Rock
|
|-weather|Snowscape|[upkeep]
|-heal|p1a: Great Tusk|52/100|[from] item: Leftovers
|upkeep
|turn|11
|
|t:|1769407919
|-end|p1a: Great Tusk|Protosynthesis|[silent]
|switch|p1a: Meowscarada|Meowscarada, M|100/100
|move|p2a: Great Tusk|Stealth Rock|p1a: Meowscarada
|-sidestart|p1: agent strike|move: Stealth Rock
|
|-weather|Snowscape|[upkeep]
|upkeep
|turn|12
|
|t:|1769407936
|-end|p2a: Great Tusk|Protosynthesis|[silent]
|switch|p2a: Magnezone|Magnezone|100/100
|-damage|p2a: Magnezone|94/100|[from] Stealth Rock
|move|p1a: Meowscarada|Triple Axel|p2a: Magnezone
|-start|p1a: Meowscarada|typechange|Ice|[from] ability: Protean
|-resisted|p2a: Magnezone
|-damage|p2a: Magnezone|89/100
|-resisted|p2a: Magnezone
|-damage|p2a: Magnezone|80/100
|-resisted|p2a: Magnezone
|-damage|p2a: Magnezone|66/100
|-hitcount|p2a: Magnezone|3
|
|-weather|none
|upkeep
|turn|13
|
|t:|1769407949
|switch|p1a: Great Tusk|Great Tusk|52/100
|-damage|p1a: Great Tusk|49/100|[from] Stealth Rock
|move|p2a: Magnezone|Flash Cannon|p1a: Great Tusk
|-damage|p1a: Great Tusk|0 fnt
|faint|p1a: Great Tusk
|-end|p1a: Great Tusk|Protosynthesis|[silent]
|
|upkeep
|
|t:|1769407954
|switch|p1a: Dragapult|Dragapult, M, shiny|15/100
|-damage|p1a: Dragapult|3/100|[from] Stealth Rock
|turn|14
|
|t:|1769407966
|switch|p2a: Dragonite|Dragonite, M|100/100
|move|p1a: Dragapult|Shadow Ball|p2a: Dragonite
|-damage|p2a: Dragonite|71/100
|-unboost|p2a: Dragonite|spd|1
|
|upkeep
|turn|15
|
|t:|1769407973
|move|p1a: Dragapult|Shadow Ball|p2a: Dragonite
|-crit|p2a: Dragonite
|-damage|p2a: Dragonite|0 fnt
|faint|p2a: Dragonite
|
|upkeep
|
|t:|1769407981
|switch|p2a: Alomomola|Alomomola, F|100/100
|-damage|p2a: Alomomola|88/100|[from] Stealth Rock
|turn|16
|
|t:|1769407986
|move|p1a: Dragapult|Shadow Ball|p2a: Alomomola
|-damage|p2a: Alomomola|28/100
|move|p2a: Alomomola|Flip Turn|p1a: Dragapult
|-resisted|p1a: Dragapult
|-damage|p1a: Dragapult|0 fnt
|faint|p1a: Dragapult
|
|t:|1769407998
|switch|p2a: Zamazenta|Zamazenta|100/100|[from] Flip Turn
|-damage|p2a: Zamazenta|94/100|[from] Stealth Rock
|
|upkeep
|
|t:|1769408000
|switch|p1a: Primarina|Primarina, F|100/100
|-damage|p1a: Primarina|88/100|[from] Stealth Rock
|turn|17
|
|t:|1769408005
|switch|p2a: Slowking|Slowking-Galar, F|85/100
|move|p1a: Primarina|Calm Mind|p1a: Primarina
|-boost|p1a: Primarina|spa|1
|-boost|p1a: Primarina|spd|1
|
|-heal|p1a: Primarina|94/100|[from] item: Leftovers
|upkeep
|turn|18
|
|t:|1769408012
|-terastallize|p1a: Primarina|Steel
|move|p1a: Primarina|Substitute|p1a: Primarina
|-start|p1a: Primarina|Substitute
|-damage|p1a: Primarina|69/100
|move|p2a: Slowking|Sludge Bomb|p1a: Primarina
|-immune|p1a: Primarina
|
|-heal|p1a: Primarina|75/100|[from] item: Leftovers
|upkeep
|turn|19
|
|t:|1769408021
|move|p1a: Primarina|Calm Mind|p1a: Primarina
|-boost|p1a: Primarina|spa|1
|-boost|p1a: Primarina|spd|1
|-prepare|p2a: Slowking|Chilly Reception|[premajor]
|move|p2a: Slowking|Chilly Reception|p2a: Slowking
|-weather|Snowscape
|
|t:|1769408032
|switch|p2a: Magnezone|Magnezone|66/100|[from] Chilly Reception
|-damage|p2a: Magnezone|60/100|[from] Stealth Rock
|
|-weather|Snowscape|[upkeep]
|-heal|p1a: Primarina|81/100|[from] item: Leftovers
|upkeep
|turn|20
|
|t:|1769408039
|move|p2a: Magnezone|Thunderbolt|p1a: Primarina
|-end|p1a: Primarina|Substitute
|move|p1a: Primarina|Surf|p2a: Magnezone
|-damage|p2a: Magnezone|0 fnt
|faint|p2a: Magnezone
|
|-weather|Snowscape|[upkeep]
|-heal|p1a: Primarina|87/100|[from] item: Leftovers
|upkeep
|
|t:|1769408053
|switch|p2a: Zamazenta|Zamazenta|94/100
|-damage|p2a: Zamazenta|88/100|[from] Stealth Rock
|turn|21
|
|t:|1769408057
|move|p2a: Zamazenta|Close Combat|p1a: Primarina
|-supereffective|p1a: Primarina
|-damage|p1a: Primarina|0 fnt
|-unboost|p2a: Zamazenta|def|1
|-unboost|p2a: Zamazenta|spd|1
|faint|p1a: Primarina
|
|-weather|Snowscape|[upkeep]
|upkeep
|
|t:|1769408071
|switch|p1a: Meowscarada|Meowscarada, M|100/100
|-damage|p1a: Meowscarada|88/100|[from] Stealth Rock
|turn|22
|
|t:|1769408083
|switch|p2a: Alomomola|Alomomola, F|62/100
|-damage|p2a: Alomomola|49/100|[from] Stealth Rock
|move|p1a: Meowscarada|Knock Off|p2a: Alomomola
|-start|p1a: Meowscarada|typechange|Dark|[from] ability: Protean
|-damage|p2a: Alomomola|34/100
|
|-weather|Snowscape|[upkeep]
|upkeep
|turn|23
|
|t:|1769408093
|switch|p1a: Moltres|Moltres|100/100
|move|p2a: Alomomola|Flip Turn|p1a: Moltres
|-supereffective|p1a: Moltres
|-damage|p1a: Moltres|76/100
|-status|p2a: Alomomola|brn|[from] ability: Flame Body|[of] p1a: Moltres
|
|t:|1769408105
|switch|p2a: Zamazenta|Zamazenta|88/100|[from] Flip Turn
|-damage|p2a: Zamazenta|82/100|[from] Stealth Rock
|
|-weather|none
|upkeep
|turn|24
|
|t:|1769408117
|move|p2a: Zamazenta|Stone Edge|p1a: Moltres
|-supereffective|p1a: Moltres
|-damage|p1a: Moltres|0 fnt
|faint|p1a: Moltres
|
|upkeep
|
|t:|1769408120
|switch|p1a: Meowscarada|Meowscarada, M|88/100
|-damage|p1a: Meowscarada|76/100|[from] Stealth Rock
|turn|25
|
|t:|1769408128
|switch|p2a: Slowking|Slowking-Galar, F|100/100
|move|p1a: Meowscarada|Flower Trick|p2a: Slowking
|-start|p1a: Meowscarada|typechange|Grass|[from] ability: Protean
|-resisted|p2a: Slowking
|-crit|p2a: Slowking
|-damage|p2a: Slowking|76/100
|
|upkeep
|turn|26
|
|t:|1769408137
|move|p1a: Meowscarada|Flower Trick|p2a: Slowking
|-resisted|p2a: Slowking
|-crit|p2a: Slowking
|-damage|p2a: Slowking|52/100
|-prepare|p2a: Slowking|Chilly Reception|[premajor]
|move|p2a: Slowking|Chilly Reception|p2a: Slowking
|-weather|Snowscape
|
|t:|1769408145
|switch|p2a: Alomomola|Alomomola, F|67/100 brn|[from] Chilly Reception
|-damage|p2a: Alomomola|55/100 brn|[from] Stealth Rock
|
|-weather|Snowscape|[upkeep]
|-damage|p2a: Alomomola|48/100 brn|[from] brn
|upkeep
|turn|27
|
|t:|1769408152
|switch|p2a: Slowking|Slowking-Galar, F|85/100
|move|p1a: Meowscarada|Flower Trick|p2a: Slowking
|-resisted|p2a: Slowking
|-crit|p2a: Slowking
|-damage|p2a: Slowking|60/100
|
|-weather|Snowscape|[upkeep]
|upkeep
|turn|28
|
|t:|1769408161
|switch|p1a: Kingambit|Kingambit, M, shiny|100/100
|-damage|p1a: Kingambit|94/100|[from] Stealth Rock
|-activate|p1a: Kingambit|ability: Supreme Overlord
|-start|p1a: Kingambit|fallen4|[silent]
|move|p2a: Slowking|Sludge Bomb|p1a: Kingambit
|-immune|p1a: Kingambit
|
|-weather|Snowscape|[upkeep]
|-heal|p1a: Kingambit|100/100|[from] item: Leftovers
|upkeep
|turn|29
|
|t:|1769408171
|switch|p2a: Great Tusk|Great Tusk|89/100
|move|p1a: Kingambit|Iron Head|p2a: Great Tusk
|-damage|p2a: Great Tusk|38/100
|
|-weather|Snowscape|[upkeep]
|upkeep
|turn|30
|
|t:|1769408177
|-end|p1a: Kingambit|fallen4|[silent]
|switch|p1a: Meowscarada|Meowscarada, M|76/100
|-damage|p1a: Meowscarada|64/100|[from] Stealth Rock
|move|p2a: Great Tusk|Headlong Rush|p1a: Meowscarada
|-resisted|p1a: Meowscarada
|-damage|p1a: Meowscarada|13/100
|-unboost|p2a: Great Tusk|def|1
|-unboost|p2a: Great Tusk|spd|1
|
|-weather|none
|upkeep
|turn|31
|
|t:|1769408188
|-end|p2a: Great Tusk|Protosynthesis|[silent]
|switch|p2a: Slowking|Slowking-Galar, F|93/100
|move|p1a: Meowscarada|Knock Off|p2a: Slowking
|-start|p1a: Meowscarada|typechange|Dark|[from] ability: Protean
|-supereffective|p2a: Slowking
|-damage|p2a: Slowking|6/100
|-enditem|p2a: Slowking|Heavy-Duty Boots|[from] move: Knock Off|[of] p1a: Meowscarada
|
|upkeep
|turn|32
|
|t:|1769408197
|move|p1a: Meowscarada|Knock Off|p2a: Slowking
|-supereffective|p2a: Slowking
|-damage|p2a: Slowking|0 fnt
|faint|p2a: Slowking
|
|upkeep
|
|t:|1769408202
|switch|p2a: Alomomola|Alomomola, F|82/100 brn
|-damage|p2a: Alomomola|69/100 brn|[from] Stealth Rock
|turn|33
|
|t:|1769408209
|move|p1a: Meowscarada|Knock Off|p2a: Alomomola
|-damage|p2a: Alomomola|55/100 brn
|move|p2a: Alomomola|Wish|p2a: Alomomola
|
|-damage|p2a: Alomomola|48/100 brn|[from] brn
|upkeep
|turn|34
|
|t:|1769408219
|move|p1a: Meowscarada|Knock Off|p2a: Alomomola
|-damage|p2a: Alomomola|33/100 brn
|move|p2a: Alomomola|Flip Turn|p1a: Meowscarada
|-damage|p1a: Meowscarada|0 fnt
|faint|p1a: Meowscarada
|
|t:|1769408226
|switch|p2a: Great Tusk|Great Tusk|38/100|[from] Flip Turn
|
|-heal|p2a: Great Tusk|100/100|[from] move: Wish|[wisher] Alomomola
|upkeep
|
|t:|1769408228
|switch|p1a: Kingambit|Kingambit, M, shiny|100/100
|-damage|p1a: Kingambit|94/100|[from] Stealth Rock
|-activate|p1a: Kingambit|ability: Supreme Overlord
|-start|p1a: Kingambit|fallen5|[silent]
|turn|35
|
|t:|1769408235
|move|p2a: Great Tusk|Headlong Rush|p1a: Kingambit
|-supereffective|p1a: Kingambit
|-damage|p1a: Kingambit|0 fnt
|-unboost|p2a: Great Tusk|def|1
|-unboost|p2a: Great Tusk|spd|1
|faint|p1a: Kingambit
|-end|p1a: Kingambit|fallen5|[silent]
|
|win|SquilliamTG
|raw|agent strike's rating: 1590 &rarr; <strong>1568</strong><br />(-22 for losing)
|raw|SquilliamTG's rating: 1559 &rarr; <strong>1581</strong><br />(+22 for winning)
|l|☆agent strike
|player|p1|
|l|☆SquilliamTG
|player|p2|
