|j|☆volcoabuser
|j|‽SpeedySebas
|t:|1769398447
|gametype|singles
|player|p1|volcoabuser|102|1113
|player|p2|SpeedySebas|102|1097
|gen|9
|tier|[Gen 9] OU
|rated|
|rule|HP Percentage Mod: HP is shown in percentages
|rule|Endless Battle Clause: Forcing endless battles is banned
|rule|Species Clause: Limit one of each Pokémon
|rule|OHKO Clause: OHKO moves are banned
|rule|Evasion Items Clause: Evasion items are banned
|rule|Evasion Moves Clause: Evasion moves are banned
|rule|Evasion Abilities Clause: Evasion abilities are banned
|rule|Sleep Moves Clause: Sleep-inducing moves are banned
|clearpoke
|poke|p1|Kommo-o, M|
|poke|p1|Lokix, F|
|poke|p1|Gallade, M|
|poke|p1|Ceruledge, M|
|poke|p1|Lycanroc-Dusk, F|
|poke|p1|Primarina, F|
|poke|p2|Oinkologne, M|
|poke|p2|Slaking, M|
|poke|p2|Grimmsnarl, M|
|poke|p2|Pawmot, F|
|poke|p2|Skeledirge, M|
|poke|p2|Kingambit, F|
|teampreview
|
|t:|1769398476
|teamsize|p1|6
|teamsize|p2|6
|start
|switch|p1a: Lycanroc|Lycanroc-Dusk, F|100/100
|switch|p2a: Grimmsnarl|Grimmsnarl, M|100/100
|turn|1
|
|t:|1769398491
|move|p2a: Grimmsnarl|Reflect|p2a: Grimmsnarl
|-sidestart|p2: SpeedySebas|Reflect
|move|p1a: Lycanroc|Close Combat|p2a: Grimmsnarl
|-damage|p2a: Grimmsnarl|81/100
|-unboost|p1a: Lycanroc|def|1
|-unboost|p1a: Lycanroc|spd|1
|
|upkeep
|turn|2
|
|t:|1769398499
|move|p2a: Grimmsnarl|Parting Shot|p1a: Lycanroc
|-unboost|p1a: Lycanroc|atk|1
|-unboost|p1a: Lycanroc|spa|1
|
|t:|1769398503
|switch|p2a: Oinkologne|Oinkologne, M|100/100|[from] Parting Shot
|move|p1a: Lycanroc|Stealth Rock|p2a: Oinkologne
|-sidestart|p2: SpeedySebas|move: Stealth Rock
|
|upkeep
|turn|3
|
|t:|1769398513
|switch|p1a: Primarina|Primarina, F|100/100
|move|p2a: Oinkologne|Body Slam|p1a: Primarina
|-damage|p1a: Primarina|68/100
|
|-heal|p1a: Primarina|75/100|[from] item: Leftovers
|upkeep
|turn|4
|
|t:|1769398553
|move|p2a: Oinkologne|Protect|p2a: Oinkologne
|-singleturn|p2a: Oinkologne|Protect
|move|p1a: Primarina|Whirlpool|p2a: Oinkologne
|-activate|p2a: Oinkologne|move: Protect
|
|-heal|p1a: Primarina|81/100|[from] item: Leftovers
|upkeep
|turn|5
|
|t:|1769398590
|switch|p2a: Pawmot|Pawmot, F|100/100
|-damage|p2a: Pawmot|94/100|[from] Stealth Rock
|move|p1a: Primarina|Whirlpool|p2a: Pawmot|[miss]
|-miss|p1a: Primarina|p2a: Pawmot
|
|-heal|p1a: Primarina|87/100|[from] item: Leftovers
|upkeep
|turn|6
|
|t:|1769398625
|-terastallize|p1a: Primarina|Ghost
|move|p2a: Pawmot|Double Shock|p1a: Primarina
|-damage|p1a: Primarina|18/100
|-start|p2a: Pawmot|typechange|???/Fighting|[from] move: Double Shock
|move|p1a: Primarina|Whirlpool|p2a: Pawmot
|-damage|p2a: Pawmot|60/100
|-activate|p2a: Pawmot|move: Whirlpool|[of] p1a: Primarina
|
|-heal|p1a: Primarina|24/100|[from] item: Leftovers
|-damage|p2a: Pawmot|47/100|[from] move: Whirlpool|[partiallytrapped]
|upkeep
|turn|7
|
|t:|1769398638
|move|p2a: Pawmot|Double Shock||[still]
|-fail|p2a: Pawmot|move: Double Shock
|move|p1a: Primarina|Draining Kiss|p2a: Pawmot
|-supereffective|p2a: Pawmot
|-damage|p2a: Pawmot|0 fnt
|-heal|p1a: Primarina|54/100|[from] drain|[of] p2a: Pawmot
|faint|p2a: Pawmot
|
|-heal|p1a: Primarina|60/100|[from] item: Leftovers
|upkeep
|
|t:|1769398651
|switch|p2a: Skeledirge|Skeledirge, M|100/100
|turn|8
|
|t:|1769398661
|move|p2a: Skeledirge|Hex|p1a: Primarina
|-supereffective|p1a: Primarina
|-damage|p1a: Primarina|14/100
|move|p1a: Primarina|Psychic Noise|p2a: Skeledirge
|-supereffective|p2a: Skeledirge
|-crit|p2a: Skeledirge
|-damage|p2a: Skeledirge|0 fnt
|faint|p2a: Skeledirge
|
|-heal|p1a: Primarina|20/100|[from] item: Leftovers
|-sideend|p2: SpeedySebas|Reflect
|upkeep
|
|t:|1769398671
|switch|p2a: Kingambit|Kingambit, F|100/100
|-damage|p2a: Kingambit|94/100|[from] Stealth Rock
|-activate|p2a: Kingambit|ability: Supreme Overlord
|-start|p2a: Kingambit|fallen2|[silent]
|turn|9
|
|t:|1769398677
|move|p1a: Primarina|Draining Kiss|p2a: Kingambit
|-damage|p2a: Kingambit|68/100
|-heal|p1a: Primarina|44/100|[from] drain|[of] p2a: Kingambit
|move|p2a: Kingambit|Swords Dance|p2a: Kingambit
|-boost|p2a: Kingambit|atk|2
|
|-heal|p1a: Primarina|50/100|[from] item: Leftovers
|upkeep
|turn|10
|
|t:|1769398695
|move|p1a: Primarina|Draining Kiss|p2a: Kingambit
|-damage|p2a: Kingambit|41/100
|-heal|p1a: Primarina|75/100|[from] drain|[of] p2a: Kingambit
|move|p2a: Kingambit|Swords Dance|p2a: Kingambit
|-boost|p2a: Kingambit|atk|2
|
|-heal|p1a: Primarina|81/100|[from] item: Leftovers
|upkeep
|turn|11
|
|t:|1769398703
|move|p2a: Kingambit|Sucker Punch|p1a: Primarina
|-supereffective|p1a: Primarina
|-damage|p1a: Primarina|0 fnt
|faint|p1a: Primarina
|
|upkeep
|
|t:|1769398718
|switch|p1a: Lokix|Lokix, F|100/100
|turn|12
|
|t:|1769398723
|move|p1a: Lokix|First Impression|p2a: Kingambit
|-damage|p2a: Kingambit|6/100
|-damage|p1a: Lokix|91/100|[from] item: Life Orb
|move|p2a: Kingambit|Sucker Punch||[still]
|-fail|p2a: Kingambit
|
|upkeep
|turn|13
|
|t:|1769398731
|move|p1a: Lokix|Protect|p1a: Lokix
|-singleturn|p1a: Lokix|Protect
|move|p2a: Kingambit|Sucker Punch||[still]
|-fail|p2a: Kingambit
|
|upkeep
|turn|14
|
|t:|1769398741
|move|p1a: Lokix|Sucker Punch|p2a: Kingambit
|-resisted|p2a: Kingambit
|-damage|p2a: Kingambit|0 fnt
|faint|p2a: Kingambit
|-end|p2a: Kingambit|fallen2|[silent]
|-damage|p1a: Lokix|81/100|[from] item: Life Orb
|
|upkeep
|
|t:|1769398747
|switch|p2a: Grimmsnarl|Grimmsnarl, M|81/100
|-damage|p2a: Grimmsnarl|69/100|[from] Stealth Rock
|turn|15
|
|t:|1769398754
|move|p2a: Grimmsnarl|Reflect|p2a: Grimmsnarl
|-sidestart|p2: SpeedySebas|Reflect
|move|p1a: Lokix|U-turn|p2a: Grimmsnarl
|-damage|p2a: Grimmsnarl|53/100
|-damage|p1a: Lokix|71/100|[from] item: Life Orb
|
|t:|1769398788
|switch|p1a: Gallade|Gallade, M|100/100|[from] U-turn
|
|upkeep
|turn|16
|
|t:|1769398799
|move|p2a: Grimmsnarl|Parting Shot|p1a: Gallade
|-unboost|p1a: Gallade|atk|1
|-unboost|p1a: Gallade|spa|1
|
|t:|1769398802
|switch|p2a: Oinkologne|Oinkologne, M|100/100|[from] Parting Shot
|-damage|p2a: Oinkologne|88/100|[from] Stealth Rock
|move|p1a: Gallade|Agility|p1a: Gallade
|-boost|p1a: Gallade|spe|2
|
|upkeep
|turn|17
|
|t:|1769398812
|move|p1a: Gallade|Sacred Sword|p2a: Oinkologne
|-supereffective|p2a: Oinkologne
|-damage|p2a: Oinkologne|54/100
|-ability|p1a: Gallade|Lingering Aroma|Sharpness|[from] ability: Lingering Aroma|[of] p2a: Oinkologne
|-activate|p2a: Oinkologne|ability: Lingering Aroma|Sharpness|[of] p1a: Gallade
|-enditem|p2a: Oinkologne|Eject Button
|
|t:|1769398823
|switch|p2a: Slaking|Slaking, M|100/100
|-damage|p2a: Slaking|88/100|[from] Stealth Rock
|
|upkeep
|turn|18
|
|t:|1769398832
|move|p1a: Gallade|Sacred Sword|p2a: Slaking
|-supereffective|p2a: Slaking
|-damage|p2a: Slaking|61/100
|move|p2a: Slaking|Body Slam|p1a: Gallade
|-enditem|p1a: Gallade|Focus Sash
|-damage|p1a: Gallade|1/100
|-ability|p2a: Slaking|Lingering Aroma|Truant|[from] ability: Lingering Aroma|[of] p1a: Gallade
|-activate|p1a: Gallade|ability: Lingering Aroma|Truant|[of] p2a: Slaking
|
|upkeep
|turn|19
|
|t:|1769398846
|move|p1a: Gallade|Sacred Sword|p2a: Slaking
|-supereffective|p2a: Slaking
|-damage|p2a: Slaking|35/100
|move|p2a: Slaking|Body Slam|p1a: Gallade
|-damage|p1a: Gallade|0 fnt
|faint|p1a: Gallade
|
|upkeep
|c|☆volcoabuser|that is a nice strat
|
|t:|1769398879
|switch|p1a: Ceruledge|Ceruledge, M|100/100
|turn|20
|
|t:|1769398887
|switch|p2a: Grimmsnarl|Grimmsnarl, M|53/100
|-damage|p2a: Grimmsnarl|41/100|[from] Stealth Rock
|move|p1a: Ceruledge|Bitter Blade|p2a: Grimmsnarl
|-damage|p2a: Grimmsnarl|22/100
|
|upkeep
|turn|21
|
|t:|1769398916
|move|p2a: Grimmsnarl|Parting Shot|p1a: Ceruledge
|-unboost|p1a: Ceruledge|atk|1
|-unboost|p1a: Ceruledge|spa|1
|
|t:|1769398919
|switch|p2a: Oinkologne|Oinkologne, M|54/100|[from] Parting Shot
|-damage|p2a: Oinkologne|41/100|[from] Stealth Rock
|move|p1a: Ceruledge|Iron Head|p2a: Oinkologne
|-damage|p2a: Oinkologne|34/100
|-ability|p1a: Ceruledge|Lingering Aroma|Flash Fire|[from] ability: Lingering Aroma|[of] p2a: Oinkologne
|-activate|p2a: Oinkologne|ability: Lingering Aroma|Flash Fire|[of] p1a: Ceruledge
|
|upkeep
|turn|22
|
|t:|1769398940
|move|p1a: Ceruledge|Bitter Blade|p2a: Oinkologne
|-damage|p2a: Oinkologne|24/100
|move|p2a: Oinkologne|Thief|p1a: Ceruledge
|-supereffective|p1a: Ceruledge
|-damage|p1a: Ceruledge|70/100
|-enditem|p1a: Ceruledge|Assault Vest|[silent]|[from] move: Thief|[of] p2a: Oinkologne
|-item|p2a: Oinkologne|Assault Vest|[from] move: Thief|[of] p1a: Ceruledge
|
|-sideend|p2: SpeedySebas|Reflect
|upkeep
|turn|23
|
|t:|1769398953
|move|p1a: Ceruledge|Bitter Blade|p2a: Oinkologne
|-damage|p2a: Oinkologne|1/100
|-heal|p1a: Ceruledge|87/100|[from] drain|[of] p2a: Oinkologne
|move|p2a: Oinkologne|Thief|p1a: Ceruledge
|-supereffective|p1a: Ceruledge
|-damage|p1a: Ceruledge|56/100
|
|upkeep
|turn|24
|
|t:|1769398966
|move|p1a: Ceruledge|Bitter Blade|p2a: Oinkologne
|-damage|p2a: Oinkologne|0 fnt
|-heal|p1a: Ceruledge|57/100|[from] drain|[of] p2a: Oinkologne
|faint|p2a: Oinkologne
|
|upkeep
|
|t:|1769398972
|switch|p2a: Grimmsnarl|Grimmsnarl, M|22/100
|-damage|p2a: Grimmsnarl|9/100|[from] Stealth Rock
|turn|25
|
|t:|1769398984
|move|p2a: Grimmsnarl|Reflect|p2a: Grimmsnarl
|-sidestart|p2: SpeedySebas|Reflect
|move|p1a: Ceruledge|Iron Head|p2a: Grimmsnarl
|-supereffective|p2a: Grimmsnarl
|-damage|p2a: Grimmsnarl|0 fnt
|faint|p2a: Grimmsnarl
|
|upkeep
|
|t:|1769398989
|switch|p2a: Slaking|Slaking, M|35/100
|-damage|p2a: Slaking|23/100|[from] Stealth Rock
|turn|26
|
|t:|1769399011
|move|p2a: Slaking|Earthquake|p1a: Ceruledge
|-supereffective|p1a: Ceruledge
|-damage|p1a: Ceruledge|0 fnt
|faint|p1a: Ceruledge
|
|upkeep
|
|t:|1769399023
|switch|p1a: Lycanroc|Lycanroc-Dusk, F|100/100
|turn|27
|
|t:|1769399026
|move|p1a: Lycanroc|Close Combat|p2a: Slaking
|-supereffective|p2a: Slaking
|-damage|p2a: Slaking|0 fnt
|-unboost|p1a: Lycanroc|def|1
|-unboost|p1a: Lycanroc|spd|1
|faint|p2a: Slaking
|
|win|volcoabuser
|raw|volcoabuser's rating: 1113 &rarr; <strong>1137</strong><br />(+24 for winning)
|raw|SpeedySebas's rating: 1097 &rarr; <strong>1074</strong><br />(-23 for losing)
|l|‽SpeedySebas
|player|p2|
|l|☆volcoabuser
|player|p1|
