|j|☆DcBaker
|j|☆osharem21
|t:|1769389481
|gametype|singles
|player|p1|DcBaker|pokemonrangerf|1203
|player|p2|osharem21|cyrus|1173
|gen|9
|tier|[Gen 9] OU
|rated|
|rule|HP Percentage Mod: HP is shown in percentages
|rule|Endless Battle Clause: Forcing endless battles is banned
|rule|Species Clause: Limit one of each Pokémon
|rule|OHKO Clause: OHKO moves are banned
|rule|Evasion Items Clause: Evasion items are banned
|rule|Evasion Moves Clause: Evasion moves are banned
|rule|Evasion Abilities Clause: Evasion abilities are banned
|rule|Sleep Moves Clause: Sleep-inducing moves are banned
|clearpoke
|poke|p1|Hydrapple, M|
|poke|p1|Gliscor, M|
|poke|p1|Slowking-Galar, M|
|poke|p1|Cinderace, M|
|poke|p1|Kingambit, M|
|poke|p1|Iron Valiant|
|poke|p2|Ludicolo, M|
|poke|p2|Politoed, M|
|poke|p2|Vaporeon, M|
|poke|p2|Tornadus, M|
|poke|p2|Zapdos|
|poke|p2|Basculegion-F, F|
|teampreview
|inactive|Battle timer is ON: inactive players will automatically lose when time's up. (requested by osharem21)
|
|t:|1769389497
|teamsize|p1|6
|teamsize|p2|6
|start
|switch|p1a: ICE MAN|Gliscor, M, shiny|100/100
|switch|p2a: Tornadus|Tornadus, M|100/100
|turn|1
|
|t:|1769389513
|switch|p1a: Dk|Slowking-Galar, M, shiny|100/100
|move|p2a: Tornadus|Tailwind|p2a: Tornadus
|-sidestart|p2: osharem21|move: Tailwind
|
|upkeep
|turn|2
|
|t:|1769389521
|move|p2a: Tornadus|Taunt|p1a: Dk
|-start|p1a: Dk|move: Taunt
|move|p1a: Dk|Sludge Bomb|p2a: Tornadus
|-damage|p2a: Tornadus|58/100
|-status|p2a: Tornadus|psn
|
|-damage|p2a: Tornadus|45/100 psn|[from] psn
|upkeep
|turn|3
|
|t:|1769389526
|move|p2a: Tornadus|Dark Pulse|p1a: Dk
|-supereffective|p1a: Dk
|-damage|p1a: Dk|72/100
|move|p1a: Dk|Sludge Bomb|p2a: Tornadus
|-damage|p2a: Tornadus|3/100 psn
|
|-damage|p2a: Tornadus|0 fnt|[from] psn
|faint|p2a: Tornadus
|upkeep
|
|t:|1769389530
|switch|p2a: Ludicolo|Ludicolo, M|100/100
|turn|4
|
|t:|1769389538
|switch|p2a: Politoed|Politoed, M|100/100
|-weather|RainDance|[from] ability: Drizzle|[of] p2a: Politoed
|move|p1a: Dk|Sludge Bomb|p2a: Politoed
|-damage|p2a: Politoed|77/100
|
|-weather|RainDance|[upkeep]
|-end|p1a: Dk|move: Taunt
|-sideend|p2: osharem21|move: Tailwind
|upkeep
|turn|5
|
|t:|1769389553
|move|p2a: Politoed|Whirlpool|p1a: Dk
|-damage|p1a: Dk|63/100
|-activate|p1a: Dk|move: Whirlpool|[of] p2a: Politoed
|move|p1a: Dk|Sludge Bomb|p2a: Politoed
|-damage|p2a: Politoed|54/100
|
|-weather|RainDance|[upkeep]
|-damage|p1a: Dk|51/100|[from] move: Whirlpool|[partiallytrapped]
|upkeep
|turn|6
|
|t:|1769389561
|move|p2a: Politoed|Perish Song|p2a: Politoed
|-start|p1a: Dk|perish3|[silent]
|-start|p2a: Politoed|perish3|[silent]
|-fieldactivate|move: Perish Song
|move|p1a: Dk|Whirlpool|p2a: Politoed
|-resisted|p2a: Politoed
|-damage|p2a: Politoed|50/100
|-activate|p2a: Politoed|move: Whirlpool|[of] p1a: Dk
|
|-weather|RainDance|[upkeep]
|-damage|p2a: Politoed|37/100|[from] move: Whirlpool|[partiallytrapped]
|-damage|p1a: Dk|38/100|[from] move: Whirlpool|[partiallytrapped]
|-start|p2a: Politoed|perish3
|-start|p1a: Dk|perish3
|upkeep
|turn|7
|c|☆osharem21|damn
|
|t:|1769389574
|move|p2a: Politoed|Encore|p1a: Dk
|-start|p1a: Dk|Encore
|move|p1a: Dk|Whirlpool|p2a: Politoed
|-resisted|p2a: Politoed
|-damage|p2a: Politoed|33/100
|
|-weather|RainDance|[upkeep]
|-damage|p2a: Politoed|21/100|[from] move: Whirlpool|[partiallytrapped]
|-damage|p1a: Dk|26/100|[from] move: Whirlpool|[partiallytrapped]
|-start|p2a: Politoed|perish2
|-start|p1a: Dk|perish2
|upkeep
|turn|8
|
|t:|1769389586
|move|p2a: Politoed|Protect|p2a: Politoed
|-singleturn|p2a: Politoed|Protect
|move|p1a: Dk|Whirlpool|p2a: Politoed
|-activate|p2a: Politoed|move: Protect
|
|-weather|RainDance|[upkeep]
|-damage|p2a: Politoed|9/100|[from] move: Whirlpool|[partiallytrapped]
|-damage|p1a: Dk|13/100|[from] move: Whirlpool|[partiallytrapped]
|-start|p2a: Politoed|perish1
|-start|p1a: Dk|perish1
|upkeep
|turn|9
|
|t:|1769389593
|move|p2a: Politoed|Whirlpool|p1a: Dk
|-damage|p1a: Dk|4/100
|move|p1a: Dk|Whirlpool|p2a: Politoed
|-resisted|p2a: Politoed
|-damage|p2a: Politoed|4/100
|
|-weather|RainDance|[upkeep]
|-damage|p2a: Politoed|0 fnt|[from] move: Whirlpool|[partiallytrapped]
|faint|p2a: Politoed
|-end|p1a: Dk|Whirlpool|[partiallytrapped]
|-end|p1a: Dk|Encore
|-start|p1a: Dk|perish0
|upkeep
|faint|p1a: Dk
|
|t:|1769389609
|switch|p2a: Ludicolo|Ludicolo, M|100/100
|switch|p1a: Goob|Hydrapple, M, shiny|100/100
|turn|10
|inactive|DcBaker has 120 seconds left.
|
|t:|1769389653
|move|p2a: Ludicolo|Hyper Voice|p1a: Goob
|-damage|p1a: Goob|75/100
|-enditem|p2a: Ludicolo|Throat Spray
|-boost|p2a: Ludicolo|spa|1|[from] item: Throat Spray
|move|p1a: Goob|Draco Meteor|p2a: Ludicolo
|-damage|p2a: Ludicolo|0 fnt
|-unboost|p1a: Goob|spa|2
|faint|p2a: Ludicolo
|-damage|p1a: Goob|66/100|[from] item: Life Orb
|
|-weather|RainDance|[upkeep]
|upkeep
|c|☆DcBaker|???
|c|☆osharem21|lol
|c|☆DcBaker|no ice beam?
|
|t:|1769389679
|switch|p2a: Zapdos|Zapdos|100/100
|turn|11
|inactive|DcBaker has 120 seconds left.
|
|t:|1769389692
|move|p2a: Zapdos|Hurricane|p1a: Goob
|-supereffective|p1a: Goob
|-damage|p1a: Goob|0 fnt
|faint|p1a: Goob
|
|-weather|none
|upkeep
|c|☆osharem21|maybe
|c|☆osharem21|idk
|c|☆DcBaker|??? what you mean idk its your pk
|inactive|DcBaker has 90 seconds left.
|
|t:|1769389722
|switch|p1a: ICE MAN|Gliscor, M, shiny|100/100
|turn|12
|inactive|DcBaker has 90 seconds left.
|
|t:|1769389736
|move|p1a: ICE MAN|Protect|p1a: ICE MAN
|-singleturn|p1a: ICE MAN|Protect
|move|p2a: Zapdos|Electric Terrain|p2a: Zapdos
|-fieldstart|move: Electric Terrain
|-enditem|p2a: Zapdos|Electric Seed
|-boost|p2a: Zapdos|def|1|[from] item: Electric Seed
|
|-status|p1a: ICE MAN|tox|[from] item: Toxic Orb
|upkeep
|turn|13
|
|t:|1769389750
|move|p1a: ICE MAN|Swords Dance|p1a: ICE MAN
|-boost|p1a: ICE MAN|atk|2
|move|p2a: Zapdos|Hurricane|p1a: ICE MAN
|-damage|p1a: ICE MAN|7/100 tox
|
|-heal|p1a: ICE MAN|19/100 tox|[from] ability: Poison Heal
|upkeep
|turn|14
|
|t:|1769389760
|move|p1a: ICE MAN|Protect|p1a: ICE MAN
|-singleturn|p1a: ICE MAN|Protect
|move|p2a: Zapdos|Roost||[still]
|-fail|p2a: Zapdos|heal
|
|-heal|p1a: ICE MAN|31/100 tox|[from] ability: Poison Heal
|upkeep
|turn|15
|c|☆osharem21|Oops
|
|t:|1769389771
|-terastallize|p1a: ICE MAN|Fairy
|move|p1a: ICE MAN|Tera Blast|p2a: Zapdos|[anim] Tera Blast Fairy
|-damage|p2a: Zapdos|52/100
|move|p2a: Zapdos|Hurricane|p1a: ICE MAN|[miss]
|-miss|p2a: Zapdos|p1a: ICE MAN
|
|-heal|p1a: ICE MAN|44/100 tox|[from] ability: Poison Heal
|upkeep
|turn|16
|
|t:|1769389777
|move|p1a: ICE MAN|Protect|p1a: ICE MAN
|-singleturn|p1a: ICE MAN|Protect
|move|p2a: Zapdos|Thunder|p1a: ICE MAN
|-activate|p1a: ICE MAN|move: Protect
|
|-heal|p1a: ICE MAN|56/100 tox|[from] ability: Poison Heal
|-fieldend|move: Electric Terrain
|upkeep
|turn|17
|
|t:|1769389785
|move|p1a: ICE MAN|Tera Blast|p2a: Zapdos|[anim] Tera Blast Fairy
|-damage|p2a: Zapdos|5/100
|move|p2a: Zapdos|Roost|p2a: Zapdos
|-heal|p2a: Zapdos|55/100
|-singleturn|p2a: Zapdos|move: Roost
|
|-heal|p1a: ICE MAN|69/100 tox|[from] ability: Poison Heal
|upkeep
|turn|18
|inactive|DcBaker has 120 seconds left.
|
|t:|1769389799
|move|p1a: ICE MAN|Protect|p1a: ICE MAN
|-singleturn|p1a: ICE MAN|Protect
|move|p2a: Zapdos|Thunder|p1a: ICE MAN
|-activate|p1a: ICE MAN|move: Protect
|
|-heal|p1a: ICE MAN|81/100 tox|[from] ability: Poison Heal
|upkeep
|turn|19
|
|t:|1769389804
|move|p1a: ICE MAN|Tera Blast|p2a: Zapdos|[anim] Tera Blast Fairy
|-damage|p2a: Zapdos|12/100
|move|p2a: Zapdos|Thunder|p1a: ICE MAN
|-damage|p1a: ICE MAN|0 fnt
|faint|p1a: ICE MAN
|
|upkeep
|
|t:|1769389810
|switch|p1a: IShowSpeed|Cinderace, M, shiny|100/100
|turn|20
|inactive|DcBaker has 120 seconds left.
|
|t:|1769389826
|move|p1a: IShowSpeed|Court Change||[still]
|-start|p1a: IShowSpeed|typechange|Normal|[from] ability: Libero
|-fail|p1a: IShowSpeed
|move|p2a: Zapdos|Hurricane|p1a: IShowSpeed
|-damage|p1a: IShowSpeed|17/100
|
|upkeep
|turn|21
|
|t:|1769389835
|move|p1a: IShowSpeed|Pyro Ball|p2a: Zapdos|[miss]
|-miss|p1a: IShowSpeed|p2a: Zapdos
|move|p2a: Zapdos|Hurricane|p1a: IShowSpeed
|-damage|p1a: IShowSpeed|0 fnt
|faint|p1a: IShowSpeed
|
|upkeep
|
|t:|1769389839
|switch|p1a: Vroom|Iron Valiant, shiny|100/100
|-enditem|p1a: Vroom|Booster Energy
|-activate|p1a: Vroom|ability: Quark Drive|[fromitem]
|-start|p1a: Vroom|quarkdrivespe
|turn|22
|
|t:|1769389846
|move|p1a: Vroom|Moonblast|p2a: Zapdos
|-damage|p2a: Zapdos|0 fnt
|faint|p2a: Zapdos
|
|upkeep
|
|t:|1769389861
|switch|p2a: Vaporeon|Vaporeon, M|100/100
|turn|23
|
|t:|1769389871
|-terastallize|p2a: Vaporeon|Steel
|move|p1a: Vroom|Moonblast|p2a: Vaporeon
|-resisted|p2a: Vaporeon
|-damage|p2a: Vaporeon|81/100
|-unboost|p2a: Vaporeon|spa|1
|move|p2a: Vaporeon|Tera Blast|p1a: Vroom|[anim] Tera Blast Steel
|-supereffective|p1a: Vroom
|-damage|p1a: Vroom|0 fnt
|faint|p1a: Vroom
|-end|p1a: Vroom|Quark Drive|[silent]
|
|-heal|p2a: Vaporeon|88/100|[from] item: Leftovers
|upkeep
|
|t:|1769389880
|switch|p1a: Kingly|Kingambit, M, shiny|100/100
|-activate|p1a: Kingly|ability: Supreme Overlord
|-start|p1a: Kingly|fallen5|[silent]
|-item|p1a: Kingly|Air Balloon
|turn|24
|
|t:|1769389884
|move|p1a: Kingly|Swords Dance|p1a: Kingly
|-boost|p1a: Kingly|atk|2
|move|p2a: Vaporeon|Scald|p1a: Kingly
|-damage|p1a: Kingly|66/100
|-status|p1a: Kingly|brn
|-enditem|p1a: Kingly|Air Balloon
|
|-heal|p2a: Vaporeon|94/100|[from] item: Leftovers
|-damage|p1a: Kingly|60/100 brn|[from] brn
|upkeep
|turn|25
|c|☆osharem21|yooo
|c|☆osharem21|let's go
|c|☆DcBaker|gg
|c|☆osharem21|gg
|
|t:|1769389903
|move|p1a: Kingly|Low Kick|p2a: Vaporeon
|-supereffective|p2a: Vaporeon
|-damage|p2a: Vaporeon|27/100
|move|p2a: Vaporeon|Scald|p1a: Kingly
|-damage|p1a: Kingly|30/100 brn
|
|-heal|p2a: Vaporeon|34/100|[from] item: Leftovers
|-damage|p1a: Kingly|24/100 brn|[from] brn
|upkeep
|turn|26
|
|t:|1769389908
|move|p1a: Kingly|Low Kick|p2a: Vaporeon
|-supereffective|p2a: Vaporeon
|-damage|p2a: Vaporeon|0 fnt
|faint|p2a: Vaporeon
|
|-damage|p1a: Kingly|18/100 brn|[from] brn
|upkeep
|
|t:|1769389910
|switch|p2a: Basculegion|Basculegion-F, F|100/100
|turn|27
|c|☆osharem21|if I only had aqua jet
|
|t:|1769389925
|move|p1a: Kingly|Sucker Punch|p2a: Basculegion
|-supereffective|p2a: Basculegion
|-damage|p2a: Basculegion|0 fnt
|faint|p2a: Basculegion
|
|win|DcBaker
|raw|DcBaker's rating: 1203 &rarr; <strong>1226</strong><br />(+23 for winning)
|raw|osharem21's rating: 1173 &rarr; <strong>1150</strong><br />(-23 for losing)
