|j|☆firered27
|j|☆redmists
|t:|1769414554
|gametype|singles
|player|p1|firered27|169|1231
|player|p2|redmists|bugsy|1288
|gen|9
|tier|[Gen 9] OU
|rated|
|rule|HP Percentage Mod: HP is shown in percentages
|rule|Endless Battle Clause: Forcing endless battles is banned
|rule|Species Clause: Limit one of each Pokémon
|rule|OHKO Clause: OHKO moves are banned
|rule|Evasion Items Clause: Evasion items are banned
|rule|Evasion Moves Clause: Evasion moves are banned
|rule|Evasion Abilities Clause: Evasion abilities are banned
|rule|Sleep Moves Clause: Sleep-inducing moves are banned
|clearpoke
|poke|p1|Krookodile, M|
|poke|p1|Hatterene, F|
|poke|p1|Porygon2|
|poke|p1|Rotom-Wash|
|poke|p1|Conkeldurr, F|
|poke|p1|Scizor, F|
|poke|p2|Deoxys-Speed|
|poke|p2|Kingambit, F|
|poke|p2|Raging Bolt|
|poke|p2|Ogerpon-Wellspring, F|
|poke|p2|Primarina, F|
|poke|p2|Gliscor, M|
|teampreview
|inactive|Battle timer is ON: inactive players will automatically lose when time's up. (requested by firered27)
|
|t:|1769414560
|teamsize|p1|6
|teamsize|p2|6
|start
|switch|p1a: Krookodile|Krookodile, M|100/100
|switch|p2a: Deoxys|Deoxys-Speed|100/100
|-ability|p2a: Deoxys|Pressure
|-ability|p1a: Krookodile|Intimidate|boost
|-unboost|p2a: Deoxys|atk|1
|turn|1
|
|t:|1769414569
|move|p2a: Deoxys|Trick|p1a: Krookodile
|-activate|p2a: Deoxys|move: Trick|[of] p1a: Krookodile
|-item|p1a: Krookodile|Choice Specs|[from] move: Trick
|-item|p2a: Deoxys|Focus Sash|[from] move: Trick
|move|p1a: Krookodile|Stealth Rock|p2a: Deoxys
|-sidestart|p2: redmists|move: Stealth Rock
|
|upkeep
|turn|2
|
|t:|1769414584
|switch|p1a: Hatterene|Hatterene, F|100/100
|move|p2a: Deoxys|Stealth Rock|p1a: Hatterene
|move|p1a: Hatterene|Stealth Rock||[from] ability: Magic Bounce|[still]
|-fail|p1a: Hatterene
|
|upkeep
|turn|3
|
|t:|1769414595
|move|p2a: Deoxys|Trick|p1a: Hatterene
|-activate|p2a: Deoxys|move: Trick|[of] p1a: Hatterene
|-item|p1a: Hatterene|Focus Sash|[from] move: Trick
|-item|p2a: Deoxys|Throat Spray|[from] move: Trick
|move|p1a: Hatterene|Trick Room|p1a: Hatterene
|-fieldstart|move: Trick Room|[of] p1a: Hatterene
|
|upkeep
|turn|4
|
|t:|1769414606
|move|p1a: Hatterene|Psychic Noise|p2a: Deoxys
|-resisted|p2a: Deoxys
|-damage|p2a: Deoxys|69/100
|-start|p2a: Deoxys|move: Heal Block
|move|p2a: Deoxys|Thunderbolt|p1a: Hatterene
|-damage|p1a: Hatterene|74/100
|
|upkeep
|turn|5
|
|t:|1769414615
|switch|p2a: Kingambit|Kingambit, F|100/100
|-damage|p2a: Kingambit|94/100|[from] Stealth Rock
|move|p1a: Hatterene|Mystical Fire|p2a: Kingambit
|-supereffective|p2a: Kingambit
|-damage|p2a: Kingambit|38/100
|-unboost|p2a: Kingambit|spa|1
|
|-heal|p2a: Kingambit|44/100|[from] item: Leftovers
|upkeep
|turn|6
|
|t:|1769414627
|-terastallize|p2a: Kingambit|Flying
|move|p1a: Hatterene|Mystical Fire|p2a: Kingambit
|-damage|p2a: Kingambit|17/100
|-unboost|p2a: Kingambit|spa|1
|move|p2a: Kingambit|Iron Head|p1a: Hatterene
|-supereffective|p1a: Hatterene
|-damage|p1a: Hatterene|0 fnt
|faint|p1a: Hatterene
|
|-heal|p2a: Kingambit|24/100|[from] item: Leftovers
|upkeep
|
|t:|1769414641
|switch|p1a: Conkeldurr|Conkeldurr, F|100/100
|turn|7
|
|t:|1769414659
|move|p1a: Conkeldurr|Knock Off|p2a: Kingambit
|-damage|p2a: Kingambit|0 fnt
|-enditem|p2a: Kingambit|Leftovers|[from] move: Knock Off|[of] p1a: Conkeldurr
|faint|p2a: Kingambit
|-end|p2a: Kingambit|fallenundefined|[silent]
|
|-fieldend|move: Trick Room
|-status|p1a: Conkeldurr|brn|[from] item: Flame Orb
|upkeep
|
|t:|1769414667
|switch|p2a: Deoxys|Deoxys-Speed|69/100
|-damage|p2a: Deoxys|56/100|[from] Stealth Rock
|-ability|p2a: Deoxys|Pressure
|turn|8
|
|t:|1769414676
|switch|p1a: Krookodile|Krookodile, M|100/100
|-ability|p1a: Krookodile|Intimidate|boost
|-unboost|p2a: Deoxys|atk|1
|move|p2a: Deoxys|Psycho Boost|p1a: Krookodile
|-immune|p1a: Krookodile
|
|upkeep
|turn|9
|
|t:|1769414694
|move|p2a: Deoxys|Stealth Rock|p1a: Krookodile
|-sidestart|p1: firered27|move: Stealth Rock
|move|p1a: Krookodile|Dragon Tail|p2a: Deoxys
|-damage|p2a: Deoxys|34/100
|drag|p2a: Primarina|Primarina, F|100/100
|-damage|p2a: Primarina|88/100|[from] Stealth Rock
|
|upkeep
|turn|10
|
|t:|1769414705
|switch|p1a: Rotom|Rotom-Wash|100/100
|-damage|p1a: Rotom|88/100|[from] Stealth Rock
|move|p2a: Primarina|Moonblast|p1a: Rotom
|-damage|p1a: Rotom|27/100
|
|upkeep
|turn|11
|
|t:|1769414719
|move|p1a: Rotom|Hydro Pump|p2a: Primarina
|-resisted|p2a: Primarina
|-crit|p2a: Primarina
|-damage|p2a: Primarina|69/100
|move|p2a: Primarina|Moonblast|p1a: Rotom
|-damage|p1a: Rotom|0 fnt
|faint|p1a: Rotom
|
|upkeep
|
|t:|1769414726
|switch|p1a: Porygon2|Porygon2, shiny|100/100
|-damage|p1a: Porygon2|88/100|[from] Stealth Rock
|-ability|p1a: Porygon2|Download|boost
|-boost|p1a: Porygon2|atk|1
|turn|12
|
|t:|1769414732
|switch|p2a: Deoxys|Deoxys-Speed|34/100
|-damage|p2a: Deoxys|22/100|[from] Stealth Rock
|-ability|p2a: Deoxys|Pressure
|move|p1a: Porygon2|Trick Room|p1a: Porygon2
|-fieldstart|move: Trick Room|[of] p1a: Porygon2
|
|-heal|p1a: Porygon2|94/100|[from] item: Leftovers
|upkeep
|turn|13
|
|t:|1769414744
|move|p1a: Porygon2|Discharge|p2a: Deoxys
|-damage|p2a: Deoxys|0 fnt
|faint|p2a: Deoxys
|
|-heal|p1a: Porygon2|100/100|[from] item: Leftovers
|upkeep
|
|t:|1769414752
|switch|p2a: Gliscor|Gliscor, M|100/100
|-damage|p2a: Gliscor|88/100|[from] Stealth Rock
|turn|14
|
|t:|1769414756
|move|p2a: Gliscor|Protect|p2a: Gliscor
|-singleturn|p2a: Gliscor|Protect
|move|p1a: Porygon2|Ice Beam|p2a: Gliscor
|-activate|p2a: Gliscor|move: Protect
|
|-status|p2a: Gliscor|tox|[from] item: Toxic Orb
|upkeep
|turn|15
|
|t:|1769414765
|switch|p2a: Raging Bolt|Raging Bolt|100/100
|-damage|p2a: Raging Bolt|88/100|[from] Stealth Rock
|-enditem|p2a: Raging Bolt|Booster Energy
|-activate|p2a: Raging Bolt|ability: Protosynthesis|[fromitem]
|-start|p2a: Raging Bolt|protosynthesisspa
|move|p1a: Porygon2|Ice Beam|p2a: Raging Bolt
|-supereffective|p2a: Raging Bolt
|-damage|p2a: Raging Bolt|41/100
|-status|p2a: Raging Bolt|frz
|
|upkeep
|turn|16
|
|t:|1769414778
|move|p1a: Porygon2|Ice Beam|p2a: Raging Bolt
|-supereffective|p2a: Raging Bolt
|-damage|p2a: Raging Bolt|0 fnt
|faint|p2a: Raging Bolt
|-end|p2a: Raging Bolt|Protosynthesis|[silent]
|
|-fieldend|move: Trick Room
|upkeep
|
|t:|1769414786
|switch|p2a: Ogerpon|Ogerpon-Wellspring, F|100/100
|-damage|p2a: Ogerpon|88/100|[from] Stealth Rock
|turn|17
|
|t:|1769414791
|move|p2a: Ogerpon|Swords Dance|p2a: Ogerpon
|-boost|p2a: Ogerpon|atk|2
|move|p1a: Porygon2|Trick Room|p1a: Porygon2
|-fieldstart|move: Trick Room|[of] p1a: Porygon2
|
|upkeep
|turn|18
|
|t:|1769414811
|move|p1a: Porygon2|Discharge|p2a: Ogerpon
|-damage|p2a: Ogerpon|58/100
|move|p2a: Ogerpon|Ivy Cudgel|p1a: Porygon2|[anim] Ivy Cudgel Water
|-damage|p1a: Porygon2|0 fnt
|faint|p1a: Porygon2
|
|upkeep
|
|t:|1769414819
|switch|p1a: Conkeldurr|Conkeldurr, F|100/100 brn
|-damage|p1a: Conkeldurr|94/100 brn|[from] Stealth Rock
|turn|19
|
|t:|1769414828
|move|p1a: Conkeldurr|Facade|p2a: Ogerpon
|-damage|p2a: Ogerpon|0 fnt
|faint|p2a: Ogerpon
|
|-damage|p1a: Conkeldurr|88/100 brn|[from] brn
|upkeep
|
|t:|1769414838
|switch|p2a: Gliscor|Gliscor, M|88/100 tox
|-damage|p2a: Gliscor|76/100 tox|[from] Stealth Rock
|turn|20
|
|t:|1769414844
|move|p2a: Gliscor|Protect|p2a: Gliscor
|-singleturn|p2a: Gliscor|Protect
|move|p1a: Conkeldurr|Facade|p2a: Gliscor
|-activate|p2a: Gliscor|move: Protect
|
|-heal|p2a: Gliscor|88/100 tox|[from] ability: Poison Heal
|-damage|p1a: Conkeldurr|82/100 brn|[from] brn
|upkeep
|turn|21
|
|t:|1769414854
|move|p1a: Conkeldurr|Facade|p2a: Gliscor
|-damage|p2a: Gliscor|33/100 tox
|move|p2a: Gliscor|Facade|p1a: Conkeldurr
|-damage|p1a: Conkeldurr|55/100 brn
|
|-heal|p2a: Gliscor|45/100 tox|[from] ability: Poison Heal
|-damage|p1a: Conkeldurr|49/100 brn|[from] brn
|-fieldend|move: Trick Room
|upkeep
|turn|22
|
|t:|1769414867
|move|p2a: Gliscor|Protect|p2a: Gliscor
|-singleturn|p2a: Gliscor|Protect
|move|p1a: Conkeldurr|Knock Off|p2a: Gliscor
|-activate|p2a: Gliscor|move: Protect
|
|-heal|p2a: Gliscor|57/100 tox|[from] ability: Poison Heal
|-damage|p1a: Conkeldurr|43/100 brn|[from] brn
|upkeep
|turn|23
|
|t:|1769414889
|move|p2a: Gliscor|Facade|p1a: Conkeldurr
|-damage|p1a: Conkeldurr|13/100 brn
|move|p1a: Conkeldurr|Facade|p2a: Gliscor
|-crit|p2a: Gliscor
|-damage|p2a: Gliscor|0 fnt
|faint|p2a: Gliscor
|
|-damage|p1a: Conkeldurr|7/100 brn|[from] brn
|upkeep
|
|t:|1769414906
|switch|p2a: Primarina|Primarina, F|69/100
|-damage|p2a: Primarina|57/100|[from] Stealth Rock
|turn|24
|
|t:|1769414910
|move|p1a: Conkeldurr|Mach Punch|p2a: Primarina
|-resisted|p2a: Primarina
|-damage|p2a: Primarina|38/100
|move|p2a: Primarina|Moonblast|p1a: Conkeldurr
|-supereffective|p1a: Conkeldurr
|-damage|p1a: Conkeldurr|0 fnt
|faint|p1a: Conkeldurr
|
|upkeep
|
|t:|1769414919
|switch|p1a: Scizor|Scizor, F, shiny|100/100
|-damage|p1a: Scizor|88/100|[from] Stealth Rock
|turn|25
|
|t:|1769414928
|move|p2a: Primarina|Psychic Noise|p1a: Scizor
|-damage|p1a: Scizor|45/100
|-start|p1a: Scizor|move: Heal Block
|move|p1a: Scizor|Swords Dance|p1a: Scizor
|-boost|p1a: Scizor|atk|2
|
|upkeep
|turn|26
|
|t:|1769414937
|-terastallize|p1a: Scizor|Steel
|move|p1a: Scizor|Bullet Punch|p2a: Primarina
|-damage|p2a: Primarina|0 fnt
|faint|p2a: Primarina
|
|win|firered27
|raw|firered27's rating: 1231 &rarr; <strong>1260</strong><br />(+29 for winning)
|raw|redmists's rating: 1288 &rarr; <strong>1259</strong><br />(-29 for losing)
|l|☆redmists
|player|p2|
