|j|☆burmyhunter9903
|j|☆Lumina2531660013
|t:|1769338213
|gametype|singles
|player|p1|burmyhunter9903|cynthia-gen4|1080
|player|p2|Lumina2531660013|steven|1113
|gen|9
|tier|[Gen 9] OU
|rated|
|rule|HP Percentage Mod: HP is shown in percentages
|rule|Endless Battle Clause: Forcing endless battles is banned
|rule|Species Clause: Limit one of each Pokémon
|rule|OHKO Clause: OHKO moves are banned
|rule|Evasion Items Clause: Evasion items are banned
|rule|Evasion Moves Clause: Evasion moves are banned
|rule|Evasion Abilities Clause: Evasion abilities are banned
|rule|Sleep Moves Clause: Sleep-inducing moves are banned
|clearpoke
|poke|p1|Grimmsnarl, M|
|poke|p1|Salamence, M|
|poke|p1|Carbink|
|poke|p1|Magmortar, F|
|poke|p1|Greninja-*, M|
|poke|p1|Excadrill, F|
|poke|p2|Great Tusk|
|poke|p2|Hatterene, F|
|poke|p2|Azumarill, M|
|poke|p2|Skeledirge, M|
|poke|p2|Alomomola, F|
|poke|p2|Landorus-Therian, M|
|teampreview
|inactive|Battle timer is ON: inactive players will automatically lose when time's up. (requested by burmyhunter9903)
|c|☆burmyhunter9903|glhf
|
|t:|1769338223
|teamsize|p1|6
|teamsize|p2|6
|start
|switch|p1a: Carbink|Carbink|100/100
|switch|p2a: Hatterene|Hatterene, F, shiny|100/100
|turn|1
|
|t:|1769338233
|move|p1a: Carbink|Reflect|p1a: Carbink
|-sidestart|p1: burmyhunter9903|Reflect
|move|p2a: Hatterene|Dazzling Gleam|p1a: Carbink
|-damage|p1a: Carbink|73/100
|
|upkeep
|turn|2
|
|t:|1769338238
|move|p1a: Carbink|Light Screen|p1a: Carbink
|-sidestart|p1: burmyhunter9903|move: Light Screen
|move|p2a: Hatterene|Dazzling Gleam|p1a: Carbink
|-damage|p1a: Carbink|59/100
|
|upkeep
|turn|3
|
|t:|1769338250
|switch|p1a: Excadrill|Excadrill, F|100/100
|-ability|p1a: Excadrill|Mold Breaker
|-item|p1a: Excadrill|Air Balloon
|move|p2a: Hatterene|Psychic|p1a: Excadrill
|-resisted|p1a: Excadrill
|-damage|p1a: Excadrill|83/100
|-enditem|p1a: Excadrill|Air Balloon
|
|upkeep
|turn|4
|
|t:|1769338260
|switch|p2a: Landorus|Landorus-Therian, M, shiny|100/100
|-ability|p2a: Landorus|Intimidate|boost
|-unboost|p1a: Excadrill|atk|1
|move|p1a: Excadrill|Iron Head|p2a: Landorus
|-damage|p2a: Landorus|72/100
|
|upkeep
|turn|5
|
|t:|1769338268
|switch|p1a: Salamence|Salamence, M|100/100
|-ability|p1a: Salamence|Intimidate|boost
|-unboost|p2a: Landorus|atk|1
|move|p2a: Landorus|U-turn|p1a: Salamence
|-resisted|p1a: Salamence
|-damage|p1a: Salamence|94/100
|
|t:|1769338275
|switch|p2a: Skeledirge|Skeledirge, M|100/100|[from] U-turn
|
|upkeep
|turn|6
|
|t:|1769338281
|move|p1a: Salamence|Hydro Pump|p2a: Skeledirge
|-supereffective|p2a: Skeledirge
|-damage|p2a: Skeledirge|34/100
|move|p2a: Skeledirge|Will-O-Wisp|p1a: Salamence
|-status|p1a: Salamence|brn
|
|-heal|p2a: Skeledirge|41/100|[from] item: Leftovers
|-damage|p1a: Salamence|88/100 brn|[from] brn
|upkeep
|turn|7
|
|t:|1769338292
|switch|p2a: Hatterene|Hatterene, F, shiny|100/100
|move|p1a: Salamence|Roar|p2a: Hatterene
|move|p2a: Hatterene|Roar|p1a: Salamence|[from] ability: Magic Bounce
|drag|p1a: Excadrill|Excadrill, F|83/100
|-ability|p1a: Excadrill|Mold Breaker
|
|upkeep
|turn|8
|
|t:|1769338308
|switch|p2a: Landorus|Landorus-Therian, M, shiny|72/100
|-ability|p2a: Landorus|Intimidate|boost
|-unboost|p1a: Excadrill|atk|1
|move|p1a: Excadrill|Iron Head|p2a: Landorus
|-damage|p2a: Landorus|42/100
|-enditem|p2a: Landorus|Sitrus Berry|[eat]
|-heal|p2a: Landorus|67/100|[from] item: Sitrus Berry
|
|-sideend|p1: burmyhunter9903|Reflect
|upkeep
|turn|9
|
|t:|1769338320
|switch|p1a: Salamence|Salamence, M|88/100 brn
|-ability|p1a: Salamence|Intimidate|boost
|-unboost|p2a: Landorus|atk|1
|move|p2a: Landorus|Earthquake|p1a: Salamence
|-immune|p1a: Salamence
|
|-damage|p1a: Salamence|82/100 brn|[from] brn
|-sideend|p1: burmyhunter9903|move: Light Screen
|upkeep
|turn|10
|
|t:|1769338331
|switch|p2a: Hatterene|Hatterene, F, shiny|100/100
|move|p1a: Salamence|Roar|p2a: Hatterene
|move|p2a: Hatterene|Roar|p1a: Salamence|[from] ability: Magic Bounce
|drag|p1a: Excadrill|Excadrill, F|83/100
|-ability|p1a: Excadrill|Mold Breaker
|
|upkeep
|turn|11
|
|t:|1769338342
|switch|p2a: Landorus|Landorus-Therian, M, shiny|67/100
|-ability|p2a: Landorus|Intimidate|boost
|-unboost|p1a: Excadrill|atk|1
|move|p1a: Excadrill|Iron Head|p2a: Landorus
|-damage|p2a: Landorus|41/100
|
|upkeep
|turn|12
|
|t:|1769338350
|move|p1a: Excadrill|Iron Head|p2a: Landorus
|-damage|p2a: Landorus|10/100
|move|p2a: Landorus|Earthquake|p1a: Excadrill
|-supereffective|p1a: Excadrill
|-damage|p1a: Excadrill|0 fnt
|faint|p1a: Excadrill
|
|upkeep
|
|t:|1769338355
|switch|p1a: Salamence|Salamence, M|82/100 brn
|-ability|p1a: Salamence|Intimidate|boost
|-unboost|p2a: Landorus|atk|1
|turn|13
|
|t:|1769338362
|switch|p2a: Alomomola|Alomomola, F|100/100
|move|p1a: Salamence|Roar|p2a: Alomomola
|-enditem|p1a: Salamence|Throat Spray
|-boost|p1a: Salamence|spa|1|[from] item: Throat Spray
|drag|p2a: Hatterene|Hatterene, F, shiny|100/100
|
|-damage|p1a: Salamence|76/100 brn|[from] brn
|upkeep
|turn|14
|
|t:|1769338373
|-terastallize|p1a: Salamence|Water
|move|p1a: Salamence|Hydro Pump|p2a: Hatterene
|-damage|p2a: Hatterene|19/100
|move|p2a: Hatterene|Trick Room|p2a: Hatterene
|-fieldstart|move: Trick Room|[of] p2a: Hatterene
|
|-heal|p2a: Hatterene|25/100|[from] item: Leftovers
|-damage|p1a: Salamence|70/100 brn|[from] brn
|upkeep
|turn|15
|
|t:|1769338390
|switch|p2a: Azumarill|Azumarill, M, shiny|100/100
|move|p1a: Salamence|Hydro Pump|p2a: Azumarill
|-resisted|p2a: Azumarill
|-damage|p2a: Azumarill|76/100
|
|-damage|p1a: Salamence|64/100 brn|[from] brn
|upkeep
|turn|16
|
|t:|1769338400
|move|p2a: Azumarill|Play Rough|p1a: Salamence
|-damage|p1a: Salamence|0 fnt
|faint|p1a: Salamence
|
|upkeep
|
|t:|1769338405
|switch|p1a: Carbink|Carbink|59/100
|turn|17
|
|t:|1769338411
|move|p1a: Carbink|Stealth Rock|p2a: Azumarill
|-sidestart|p2: Lumina2531660013|move: Stealth Rock
|move|p2a: Azumarill|Liquidation|p1a: Carbink
|-supereffective|p1a: Carbink
|-damage|p1a: Carbink|0 fnt
|faint|p1a: Carbink
|
|upkeep
|
|t:|1769338416
|switch|p1a: Grimmsnarl|Grimmsnarl, M|100/100
|turn|18
|
|t:|1769338421
|move|p1a: Grimmsnarl|Nasty Plot|p1a: Grimmsnarl
|-boost|p1a: Grimmsnarl|spa|2
|move|p2a: Azumarill|Play Rough|p1a: Grimmsnarl
|-supereffective|p1a: Grimmsnarl
|-damage|p1a: Grimmsnarl|0 fnt
|faint|p1a: Grimmsnarl
|
|-fieldend|move: Trick Room
|upkeep
|
|t:|1769338429
|switch|p1a: Magmortar|Magmortar, F|100/100
|turn|19
|
|t:|1769338433
|move|p1a: Magmortar|Thunderbolt|p2a: Azumarill
|-supereffective|p2a: Azumarill
|-damage|p2a: Azumarill|37/100
|move|p2a: Azumarill|Liquidation|p1a: Magmortar
|-supereffective|p1a: Magmortar
|-damage|p1a: Magmortar|0 fnt
|-status|p2a: Azumarill|brn|[from] ability: Flame Body|[of] p1a: Magmortar
|faint|p1a: Magmortar
|
|-damage|p2a: Azumarill|31/100 brn|[from] brn
|upkeep
|
|t:|1769338439
|switch|p1a: Greninja|Greninja, M|100/100
|turn|20
|
|t:|1769338447
|move|p1a: Greninja|Sludge Wave|p2a: Azumarill
|-supereffective|p2a: Azumarill
|-damage|p2a: Azumarill|0 fnt
|faint|p2a: Azumarill
|-ability|p1a: Greninja|Battle Bond|boost
|-boost|p1a: Greninja|atk|1
|-boost|p1a: Greninja|spa|1
|-boost|p1a: Greninja|spe|1
|-activate|p1a: Greninja|ability: Battle Bond
|-damage|p1a: Greninja|91/100|[from] item: Life Orb
|
|upkeep
|
|t:|1769338458
|switch|p2a: Alomomola|Alomomola, F|100/100
|-damage|p2a: Alomomola|88/100|[from] Stealth Rock
|turn|21
|
|t:|1769338463
|move|p1a: Greninja|Dark Pulse|p2a: Alomomola
|-damage|p2a: Alomomola|40/100
|-damage|p1a: Greninja|81/100|[from] item: Life Orb
|move|p2a: Alomomola|Mirror Coat|p1a: Greninja
|-immune|p1a: Greninja
|
|-heal|p2a: Alomomola|46/100|[from] item: Leftovers
|upkeep
|turn|22
|
|t:|1769338472
|move|p2a: Alomomola|Protect|p2a: Alomomola
|-singleturn|p2a: Alomomola|Protect
|move|p1a: Greninja|Dark Pulse|p2a: Alomomola
|-activate|p2a: Alomomola|move: Protect
|
|-heal|p2a: Alomomola|52/100|[from] item: Leftovers
|upkeep
|turn|23
|
|t:|1769338481
|move|p1a: Greninja|Dark Pulse|p2a: Alomomola
|-damage|p2a: Alomomola|0 fnt
|faint|p2a: Alomomola
|-damage|p1a: Greninja|71/100|[from] item: Life Orb
|
|upkeep
|
|t:|1769338495
|switch|p2a: Skeledirge|Skeledirge, M|41/100
|-damage|p2a: Skeledirge|16/100|[from] Stealth Rock
|turn|24
|
|t:|1769338501
|move|p1a: Greninja|Surf|p2a: Skeledirge
|-supereffective|p2a: Skeledirge
|-crit|p2a: Skeledirge
|-damage|p2a: Skeledirge|0 fnt
|faint|p2a: Skeledirge
|-damage|p1a: Greninja|61/100|[from] item: Life Orb
|
|upkeep
|
|t:|1769338508
|switch|p2a: Great Tusk|Great Tusk|100/100
|-damage|p2a: Great Tusk|98/100|[from] Stealth Rock
|turn|25
|
|t:|1769338521
|move|p1a: Greninja|Surf|p2a: Great Tusk
|-supereffective|p2a: Great Tusk
|-damage|p2a: Great Tusk|0 fnt
|faint|p2a: Great Tusk
|-end|p2a: Great Tusk|Protosynthesis|[silent]
|-damage|p1a: Greninja|51/100|[from] item: Life Orb
|
|upkeep
|-message|Lumina2531660013 forfeited.
|
|win|burmyhunter9903
|raw|burmyhunter9903's rating: 1080 &rarr; <strong>1111</strong><br />(+31 for winning)
|raw|Lumina2531660013's rating: 1113 &rarr; <strong>1086</strong><br />(-27 for losing)
|l|☆Lumina2531660013
|player|p2|
|l|☆burmyhunter9903
|player|p1|
