|j|☆JD2Sleepy
|j|☆C. Eclipse
|t:|1769303450
|gametype|singles
|player|p1|JD2Sleepy|blackbelt-gen4dp|1480
|player|p2|C. Eclipse|koga|1547
|gen|9
|tier|[Gen 9] OU
|rated|
|rule|HP Percentage Mod: HP is shown in percentages
|rule|Endless Battle Clause: Forcing endless battles is banned
|rule|Species Clause: Limit one of each Pokémon
|rule|OHKO Clause: OHKO moves are banned
|rule|Evasion Items Clause: Evasion items are banned
|rule|Evasion Moves Clause: Evasion moves are banned
|rule|Evasion Abilities Clause: Evasion abilities are banned
|rule|Sleep Moves Clause: Sleep-inducing moves are banned
|clearpoke
|poke|p1|Ninetales-Alola, F|
|poke|p1|Ceruledge, M|
|poke|p1|Furret, F|
|poke|p1|Enamorus, F|
|poke|p1|Raging Bolt|
|poke|p1|Kingambit, F|
|poke|p2|Darkrai|
|poke|p2|Dragonite, M|
|poke|p2|Araquanid, F|
|poke|p2|Gholdengo|
|poke|p2|Glimmora, M|
|poke|p2|Great Tusk|
|teampreview
|inactive|Battle timer is ON: inactive players will automatically lose when time's up. (requested by C. Eclipse)
|
|t:|1769303458
|teamsize|p1|6
|teamsize|p2|6
|start
|switch|p1a: Gët Busy|Ceruledge, M|100/100
|switch|p2a: Araquanid|Araquanid, F, shiny|100/100
|turn|1
|
|t:|1769303463
|move|p1a: Gët Busy|Poltergeist|p2a: Araquanid
|-activate|p2a: Araquanid|move: Poltergeist|Red Card
|-damage|p2a: Araquanid|37/100
|-enditem|p2a: Araquanid|Red Card|[of] p1a: Gët Busy
|drag|p1a: All Dae|Raging Bolt|100/100
|-enditem|p1a: All Dae|Booster Energy
|-activate|p1a: All Dae|ability: Protosynthesis|[fromitem]
|-start|p1a: All Dae|protosynthesisspa
|move|p2a: Araquanid|Lunge|p1a: All Dae
|-damage|p1a: All Dae|82/100
|-unboost|p1a: All Dae|atk|1
|
|upkeep
|turn|2
|
|t:|1769303474
|switch|p2a: Darkrai|Darkrai, shiny|100/100
|move|p1a: All Dae|Thunderbolt|p2a: Darkrai
|-damage|p2a: Darkrai|4/100
|
|upkeep
|turn|3
|
|t:|1769303477
|move|p2a: Darkrai|Sucker Punch|p1a: All Dae
|-damage|p1a: All Dae|58/100
|move|p1a: All Dae|Thunderbolt|p2a: Darkrai
|-damage|p2a: Darkrai|0 fnt
|faint|p2a: Darkrai
|
|upkeep
|
|t:|1769303480
|switch|p2a: Glimmora|Glimmora, M, shiny|100/100
|turn|4
|
|t:|1769303483
|move|p1a: All Dae|Thunderclap||[still]
|-fail|p1a: All Dae
|move|p2a: Glimmora|Stealth Rock|p1a: All Dae
|-sidestart|p1: JD2Sleepy|move: Stealth Rock
|
|upkeep
|turn|5
|
|t:|1769303487
|move|p2a: Glimmora|Dazzling Gleam|p1a: All Dae
|-supereffective|p1a: All Dae
|-damage|p1a: All Dae|6/100
|move|p1a: All Dae|Draco Meteor|p2a: Glimmora
|-damage|p2a: Glimmora|0 fnt
|-unboost|p1a: All Dae|spa|2
|faint|p2a: Glimmora
|
|upkeep
|
|t:|1769303496
|switch|p2a: Dragonite|Dragonite, M|100/100
|turn|6
|
|t:|1769303500
|-terastallize|p2a: Dragonite|Fairy
|move|p2a: Dragonite|Dragon Dance|p2a: Dragonite
|-boost|p2a: Dragonite|atk|1
|-boost|p2a: Dragonite|spe|1
|move|p1a: All Dae|Thunderbolt|p2a: Dragonite
|-damage|p2a: Dragonite|87/100
|
|upkeep
|turn|7
|
|t:|1769303502
|move|p2a: Dragonite|Dragon Dance|p2a: Dragonite
|-boost|p2a: Dragonite|atk|1
|-boost|p2a: Dragonite|spe|1
|move|p1a: All Dae|Thunderbolt|p2a: Dragonite
|-damage|p2a: Dragonite|60/100
|
|upkeep
|turn|8
|
|t:|1769303509
|move|p2a: Dragonite|Roost|p2a: Dragonite
|-heal|p2a: Dragonite|100/100
|move|p1a: All Dae|Thunderbolt|p2a: Dragonite
|-damage|p2a: Dragonite|88/100
|
|upkeep
|turn|9
|
|t:|1769303513
|move|p2a: Dragonite|Dragon Dance|p2a: Dragonite
|-boost|p2a: Dragonite|atk|1
|-boost|p2a: Dragonite|spe|1
|move|p1a: All Dae|Thunderbolt|p2a: Dragonite
|-damage|p2a: Dragonite|64/100
|
|upkeep
|turn|10
|
|t:|1769303515
|move|p2a: Dragonite|Dragon Dance|p2a: Dragonite
|-boost|p2a: Dragonite|atk|1
|-boost|p2a: Dragonite|spe|1
|move|p1a: All Dae|Thunderbolt|p2a: Dragonite
|-damage|p2a: Dragonite|37/100
|
|upkeep
|turn|11
|
|t:|1769303517
|move|p2a: Dragonite|Roost|p2a: Dragonite
|-heal|p2a: Dragonite|87/100
|move|p1a: All Dae|Thunderbolt|p2a: Dragonite
|-damage|p2a: Dragonite|63/100
|
|upkeep
|turn|12
|
|t:|1769303520
|move|p2a: Dragonite|Roost|p2a: Dragonite
|-heal|p2a: Dragonite|100/100
|move|p1a: All Dae|Thunderbolt|p2a: Dragonite
|-crit|p2a: Dragonite
|-damage|p2a: Dragonite|66/100
|
|upkeep
|turn|13
|
|t:|1769303524
|move|p2a: Dragonite|Dragon Dance|p2a: Dragonite
|-boost|p2a: Dragonite|atk|1
|-boost|p2a: Dragonite|spe|1
|move|p1a: All Dae|Thunderbolt|p2a: Dragonite
|-damage|p2a: Dragonite|42/100
|
|upkeep
|turn|14
|
|t:|1769303526
|move|p2a: Dragonite|Roost|p2a: Dragonite
|-heal|p2a: Dragonite|92/100
|move|p1a: All Dae|Thunderbolt|p2a: Dragonite
|-damage|p2a: Dragonite|68/100
|
|upkeep
|turn|15
|
|t:|1769303528
|move|p2a: Dragonite|Roost|p2a: Dragonite
|-heal|p2a: Dragonite|100/100
|move|p1a: All Dae|Thunderbolt|p2a: Dragonite
|-damage|p2a: Dragonite|88/100
|
|upkeep
|turn|16
|
|t:|1769303530
|move|p2a: Dragonite|Tera Blast|p1a: All Dae|[anim] Tera Blast Fairy
|-supereffective|p1a: All Dae
|-damage|p1a: All Dae|0 fnt
|faint|p1a: All Dae
|-end|p1a: All Dae|Protosynthesis|[silent]
|
|upkeep
|
|t:|1769303536
|switch|p1a: Gët Busy|Ceruledge, M|100/100
|-damage|p1a: Gët Busy|76/100|[from] Stealth Rock
|turn|17
|
|t:|1769303541
|move|p1a: Gët Busy|Shadow Sneak|p2a: Dragonite
|-damage|p2a: Dragonite|60/100
|-damage|p1a: Gët Busy|66/100|[from] item: Life Orb
|move|p2a: Dragonite|Earthquake|p1a: Gët Busy
|-supereffective|p1a: Gët Busy
|-damage|p1a: Gët Busy|0 fnt
|faint|p1a: Gët Busy
|
|upkeep
|
|t:|1769303544
|switch|p1a: 平和|Kingambit, F|100/100
|-damage|p1a: 平和|94/100|[from] Stealth Rock
|-activate|p1a: 平和|ability: Supreme Overlord
|-start|p1a: 平和|fallen2|[silent]
|turn|18
|
|t:|1769303546
|move|p2a: Dragonite|Tera Blast|p1a: 平和|[anim] Tera Blast Fairy
|-damage|p1a: 平和|0 fnt
|faint|p1a: 平和
|-end|p1a: 平和|fallen2|[silent]
|
|upkeep
|-message|JD2Sleepy forfeited.
|
|win|C. Eclipse
|raw|JD2Sleepy's rating: 1480 &rarr; <strong>1464</strong><br />(-16 for losing)
|raw|C. Eclipse's rating: 1547 &rarr; <strong>1563</strong><br />(+16 for winning)
|l|☆JD2Sleepy
|player|p1|
