|j|☆forsithyl
|j|☆NoPuesVale
|t:|1769324021
|gametype|singles
|player|p1|forsithyl|waiter|1166
|player|p2|NoPuesVale|lance|1151
|gen|9
|tier|[Gen 9] OU
|rated|
|rule|HP Percentage Mod: HP is shown in percentages
|rule|Endless Battle Clause: Forcing endless battles is banned
|rule|Species Clause: Limit one of each Pokémon
|rule|OHKO Clause: OHKO moves are banned
|rule|Evasion Items Clause: Evasion items are banned
|rule|Evasion Moves Clause: Evasion moves are banned
|rule|Evasion Abilities Clause: Evasion abilities are banned
|rule|Sleep Moves Clause: Sleep-inducing moves are banned
|clearpoke
|poke|p1|Masquerain, M|
|poke|p1|Scizor, F|
|poke|p1|Lokix, M|
|poke|p1|Araquanid, M|
|poke|p1|Yanmega, F|
|poke|p1|Forretress, F|
|poke|p2|Great Tusk|
|poke|p2|Walking Wake|
|poke|p2|Kingambit, F|
|poke|p2|Venusaur, F|
|poke|p2|Ninetales, M|
|poke|p2|Raging Bolt|
|teampreview
|inactive|Battle timer is ON: inactive players will automatically lose when time's up. (requested by NoPuesVale)
|
|t:|1769324025
|teamsize|p1|6
|teamsize|p2|6
|start
|switch|p1a: slugger|Lokix, M|100/100
|switch|p2a: Ninetales|Ninetales, M|100/100
|-weather|SunnyDay|[from] ability: Drought|[of] p2a: Ninetales
|turn|1
|
|t:|1769324043
|switch|p1a: lurker|Araquanid, M|100/100
|move|p2a: Ninetales|Will-O-Wisp|p1a: lurker
|-immune|p1a: lurker|[from] ability: Water Bubble
|
|-weather|SunnyDay|[upkeep]
|upkeep
|turn|2
|
|t:|1769324054
|switch|p2a: Venusaur|Venusaur, F|100/100
|move|p1a: lurker|Rain Dance|p1a: lurker
|-weather|RainDance
|
|-weather|RainDance|[upkeep]
|upkeep
|turn|3
|
|t:|1769324063
|switch|p2a: Ninetales|Ninetales, M|100/100
|-weather|SunnyDay|[from] ability: Drought|[of] p2a: Ninetales
|move|p1a: lurker|Sticky Web|p2a: Ninetales
|-sidestart|p2: NoPuesVale|move: Sticky Web
|
|-weather|SunnyDay|[upkeep]
|upkeep
|turn|4
|
|t:|1769324073
|switch|p2a: Raging Bolt|Raging Bolt|100/100
|-item|p2a: Raging Bolt|Air Balloon
|-activate|p2a: Raging Bolt|ability: Protosynthesis
|-start|p2a: Raging Bolt|protosynthesisspa
|move|p1a: lurker|Rain Dance|p1a: lurker
|-weather|RainDance
|-end|p2a: Raging Bolt|Protosynthesis
|
|-weather|RainDance|[upkeep]
|upkeep
|turn|5
|
|t:|1769324083
|switch|p1a: biter|Scizor, F|100/100
|move|p2a: Raging Bolt|Calm Mind|p2a: Raging Bolt
|-boost|p2a: Raging Bolt|spa|1
|-boost|p2a: Raging Bolt|spd|1
|
|-weather|RainDance|[upkeep]
|upkeep
|turn|6
|
|t:|1769324092
|move|p2a: Raging Bolt|Thunderclap|p1a: biter
|-damage|p1a: biter|51/100
|move|p1a: biter|U-turn|p2a: Raging Bolt
|-damage|p2a: Raging Bolt|61/100
|-enditem|p2a: Raging Bolt|Air Balloon
|
|t:|1769324099
|switch|p1a: whisker|Masquerain, M|100/100|[from] U-turn
|-ability|p1a: whisker|Intimidate|boost
|-unboost|p2a: Raging Bolt|atk|1
|
|-weather|RainDance|[upkeep]
|upkeep
|turn|7
|
|t:|1769324106
|-terastallize|p1a: whisker|Ground
|move|p1a: whisker|Quiver Dance|p1a: whisker
|-boost|p1a: whisker|spa|1
|-boost|p1a: whisker|spd|1
|-boost|p1a: whisker|spe|1
|move|p2a: Raging Bolt|Thunderbolt|p1a: whisker
|-immune|p1a: whisker
|
|-weather|RainDance|[upkeep]
|upkeep
|turn|8
|
|t:|1769324116
|-end|p2a: Raging Bolt|Protosynthesis|[silent]
|switch|p2a: Ninetales|Ninetales, M|100/100
|-activate|p2a: Ninetales|move: Sticky Web
|-unboost|p2a: Ninetales|spe|1
|-weather|SunnyDay|[from] ability: Drought|[of] p2a: Ninetales
|move|p1a: whisker|Tera Blast|p2a: Ninetales|[anim] Tera Blast Ground
|-supereffective|p2a: Ninetales
|-damage|p2a: Ninetales|0 fnt
|faint|p2a: Ninetales
|
|-weather|SunnyDay|[upkeep]
|upkeep
|
|t:|1769324132
|switch|p2a: Great Tusk|Great Tusk|100/100
|-activate|p2a: Great Tusk|move: Sticky Web
|-unboost|p2a: Great Tusk|spe|1
|-activate|p2a: Great Tusk|ability: Protosynthesis
|-start|p2a: Great Tusk|protosynthesisatk
|turn|9
|
|t:|1769324136
|move|p1a: whisker|Ice Beam|p2a: Great Tusk
|-supereffective|p2a: Great Tusk
|-damage|p2a: Great Tusk|28/100
|move|p2a: Great Tusk|Rapid Spin|p1a: whisker
|-damage|p1a: whisker|60/100
|-boost|p2a: Great Tusk|spe|1
|-sideend|p2: NoPuesVale|Sticky Web|[from] move: Rapid Spin|[of] p2a: Great Tusk
|
|-weather|SunnyDay|[upkeep]
|upkeep
|turn|10
|
|t:|1769324153
|move|p1a: whisker|Ice Beam|p2a: Great Tusk
|-supereffective|p2a: Great Tusk
|-damage|p2a: Great Tusk|0 fnt
|faint|p2a: Great Tusk
|-end|p2a: Great Tusk|Protosynthesis|[silent]
|
|-weather|SunnyDay|[upkeep]
|upkeep
|
|t:|1769324160
|switch|p2a: Walking Wake|Walking Wake|100/100
|-activate|p2a: Walking Wake|ability: Protosynthesis
|-start|p2a: Walking Wake|protosynthesisspe
|turn|11
|
|t:|1769324167
|move|p2a: Walking Wake|Hydro Steam|p1a: whisker
|-supereffective|p1a: whisker
|-damage|p1a: whisker|0 fnt
|faint|p1a: whisker
|
|-weather|SunnyDay|[upkeep]
|upkeep
|
|t:|1769324185
|switch|p1a: lurker|Araquanid, M|100/100
|turn|12
|
|t:|1769324189
|move|p2a: Walking Wake|Draco Meteor|p1a: lurker
|-damage|p1a: lurker|60/100
|-unboost|p2a: Walking Wake|spa|2
|move|p1a: lurker|Rain Dance|p1a: lurker
|-weather|RainDance
|-end|p2a: Walking Wake|Protosynthesis
|
|-weather|RainDance|[upkeep]
|upkeep
|turn|13
|
|t:|1769324198
|-end|p2a: Walking Wake|Protosynthesis|[silent]
|switch|p2a: Venusaur|Venusaur, F|100/100
|move|p1a: lurker|Sticky Web|p2a: Venusaur
|-sidestart|p2: NoPuesVale|move: Sticky Web
|
|-weather|RainDance|[upkeep]
|upkeep
|turn|14
|
|t:|1769324217
|switch|p1a: flapper|Yanmega, F|100/100
|move|p2a: Venusaur|Growth|p2a: Venusaur
|-boost|p2a: Venusaur|atk|1
|-boost|p2a: Venusaur|spa|1
|
|-weather|RainDance|[upkeep]
|upkeep
|turn|15
|
|t:|1769324227
|move|p1a: flapper|Air Slash|p2a: Venusaur
|-supereffective|p2a: Venusaur
|-damage|p2a: Venusaur|0 fnt
|faint|p2a: Venusaur
|
|-weather|RainDance|[upkeep]
|upkeep
|
|t:|1769324235
|switch|p2a: Raging Bolt|Raging Bolt|61/100
|-activate|p2a: Raging Bolt|move: Sticky Web
|-unboost|p2a: Raging Bolt|spe|1
|turn|16
|
|t:|1769324240
|move|p1a: flapper|Air Slash|p2a: Raging Bolt
|-resisted|p2a: Raging Bolt
|-damage|p2a: Raging Bolt|0 fnt
|faint|p2a: Raging Bolt
|-end|p2a: Raging Bolt|Protosynthesis|[silent]
|
|-weather|none
|upkeep
|
|t:|1769324246
|switch|p2a: Walking Wake|Walking Wake|100/100
|-activate|p2a: Walking Wake|move: Sticky Web
|-unboost|p2a: Walking Wake|spe|1
|turn|17
|
|t:|1769324252
|move|p1a: flapper|Air Slash|p2a: Walking Wake
|-damage|p2a: Walking Wake|34/100
|move|p2a: Walking Wake|Flamethrower|p1a: flapper
|-supereffective|p1a: flapper
|-damage|p1a: flapper|0 fnt
|faint|p1a: flapper
|
|upkeep
|
|t:|1769324264
|switch|p1a: slugger|Lokix, M|100/100
|turn|18
|
|t:|1769324268
|move|p1a: slugger|First Impression|p2a: Walking Wake
|-damage|p2a: Walking Wake|0 fnt
|faint|p2a: Walking Wake
|-end|p2a: Walking Wake|Protosynthesis|[silent]
|
|upkeep
|
|t:|1769324273
|switch|p2a: Kingambit|Kingambit, F|100/100
|-activate|p2a: Kingambit|ability: Supreme Overlord
|-start|p2a: Kingambit|fallen5|[silent]
|-item|p2a: Kingambit|Air Balloon
|turn|19
|
|t:|1769324283
|switch|p1a: blocker|Forretress, F|100/100
|move|p2a: Kingambit|Swords Dance|p2a: Kingambit
|-boost|p2a: Kingambit|atk|2
|
|upkeep
|turn|20
|
|t:|1769324295
|move|p2a: Kingambit|Kowtow Cleave|p1a: blocker
|-damage|p1a: blocker|26/100
|move|p1a: blocker|Reflect|p1a: blocker
|-sidestart|p1: forsithyl|Reflect
|
|upkeep
|turn|21
|
|t:|1769324302
|move|p2a: Kingambit|Iron Head|p1a: blocker
|-resisted|p1a: blocker
|-damage|p1a: blocker|7/100
|move|p1a: blocker|Volt Switch|p2a: Kingambit
|-damage|p2a: Kingambit|89/100
|-enditem|p2a: Kingambit|Air Balloon
|
|t:|1769324310
|switch|p1a: slugger|Lokix, M|100/100|[from] Volt Switch
|
|upkeep
|turn|22
|
|t:|1769324325
|move|p1a: slugger|Leech Life|p2a: Kingambit
|-crit|p2a: Kingambit
|-damage|p2a: Kingambit|27/100
|move|p2a: Kingambit|Iron Head|p1a: slugger
|-damage|p1a: slugger|0 fnt
|faint|p1a: slugger
|
|upkeep
|
|t:|1769324333
|switch|p1a: lurker|Araquanid, M|60/100
|turn|23
|
|t:|1769324338
|move|p2a: Kingambit|Sucker Punch|p1a: lurker
|-damage|p1a: lurker|0 fnt
|faint|p1a: lurker
|
|upkeep
|
|t:|1769324340
|switch|p1a: biter|Scizor, F|51/100
|turn|24
|
|t:|1769324345
|move|p1a: biter|Bullet Punch|p2a: Kingambit
|-resisted|p2a: Kingambit
|-damage|p2a: Kingambit|14/100
|move|p2a: Kingambit|Sucker Punch||[still]
|-fail|p2a: Kingambit
|
|upkeep
|turn|25
|
|t:|1769324351
|move|p1a: biter|Bullet Punch|p2a: Kingambit
|-resisted|p2a: Kingambit
|-damage|p2a: Kingambit|0 fnt
|faint|p2a: Kingambit
|-end|p2a: Kingambit|fallen5|[silent]
|
|win|forsithyl
|raw|forsithyl's rating: 1166 &rarr; <strong>1190</strong><br />(+24 for winning)
|raw|NoPuesVale's rating: 1151 &rarr; <strong>1127</strong><br />(-24 for losing)
|l|☆NoPuesVale
|player|p2|
|l|☆forsithyl
|player|p1|
