|j|☆itkenreiza
|j|☆godliestwalrus
|t:|1769424396
|gametype|singles
|player|p1|itkenreiza|169|1459
|player|p2|godliestwalrus|acerola|1478
|gen|9
|tier|[Gen 9] OU
|rated|
|rule|HP Percentage Mod: HP is shown in percentages
|rule|Endless Battle Clause: Forcing endless battles is banned
|rule|Species Clause: Limit one of each Pokémon
|rule|OHKO Clause: OHKO moves are banned
|rule|Evasion Items Clause: Evasion items are banned
|rule|Evasion Moves Clause: Evasion moves are banned
|rule|Evasion Abilities Clause: Evasion abilities are banned
|rule|Sleep Moves Clause: Sleep-inducing moves are banned
|clearpoke
|poke|p1|Kyurem|
|poke|p1|Ogerpon-Cornerstone, F|
|poke|p1|Gholdengo|
|poke|p1|Heatran, M|
|poke|p1|Rotom-Wash|
|poke|p1|Great Tusk|
|poke|p2|Primarina, M|
|poke|p2|Jirachi|
|poke|p2|Cinderace, F|
|poke|p2|Weavile, F|
|poke|p2|Landorus-Therian, M|
|poke|p2|Raging Bolt|
|teampreview
|inactive|Battle timer is ON: inactive players will automatically lose when time's up. (requested by itkenreiza)
|inactive|godliestwalrus also wants the timer to be on.
|
|t:|1769424412
|teamsize|p1|6
|teamsize|p2|6
|start
|switch|p1a: Rotom|Rotom-Wash|100/100
|switch|p2a: Jirachi|Jirachi|100/100
|turn|1
|
|t:|1769424418
|move|p2a: Jirachi|U-turn|p1a: Rotom
|-damage|p1a: Rotom|85/100
|-damage|p2a: Jirachi|84/100|[from] item: Rocky Helmet|[of] p1a: Rotom
|
|t:|1769424423
|switch|p2a: Landorus|Landorus-Therian, M|100/100|[from] U-turn
|-ability|p2a: Landorus|Intimidate|boost
|-unboost|p1a: Rotom|atk|1
|move|p1a: Rotom|Will-O-Wisp|p2a: Landorus
|-status|p2a: Landorus|brn
|
|-damage|p2a: Landorus|94/100 brn|[from] brn
|upkeep
|turn|2
|
|t:|1769424432
|switch|p2a: Raging Bolt|Raging Bolt|100/100
|move|p1a: Rotom|Hydro Pump|p2a: Raging Bolt
|-resisted|p2a: Raging Bolt
|-damage|p2a: Raging Bolt|81/100
|
|-heal|p2a: Raging Bolt|87/100|[from] item: Leftovers
|upkeep
|turn|3
|
|t:|1769424444
|switch|p1a: Heatran|Heatran, M|100/100
|move|p2a: Raging Bolt|Thunderbolt|p1a: Heatran
|-damage|p1a: Heatran|75/100
|
|-heal|p2a: Raging Bolt|94/100|[from] item: Leftovers
|upkeep
|turn|4
|
|t:|1769424455
|-end|p2a: Raging Bolt|Protosynthesis|[silent]
|switch|p2a: Landorus|Landorus-Therian, M|94/100 brn
|-ability|p2a: Landorus|Intimidate|boost
|-unboost|p1a: Heatran|atk|1
|move|p1a: Heatran|Dragon Pulse|p2a: Landorus
|-damage|p2a: Landorus|65/100 brn
|
|-damage|p2a: Landorus|59/100 brn|[from] brn
|upkeep
|turn|5
|
|t:|1769424459
|switch|p1a: Rotom|Rotom-Wash|85/100
|move|p2a: Landorus|U-turn|p1a: Rotom
|-damage|p1a: Rotom|75/100
|-damage|p2a: Landorus|42/100 brn|[from] item: Rocky Helmet|[of] p1a: Rotom
|
|t:|1769424464
|switch|p2a: Raging Bolt|Raging Bolt|94/100|[from] U-turn
|
|-heal|p2a: Raging Bolt|99/100|[from] item: Leftovers
|upkeep
|turn|6
|
|t:|1769424470
|switch|p1a: Great Tusk|Great Tusk|100/100
|-enditem|p1a: Great Tusk|Booster Energy
|-activate|p1a: Great Tusk|ability: Protosynthesis|[fromitem]
|-start|p1a: Great Tusk|protosynthesisatk
|move|p2a: Raging Bolt|Calm Mind|p2a: Raging Bolt
|-boost|p2a: Raging Bolt|spa|1
|-boost|p2a: Raging Bolt|spd|1
|
|-heal|p2a: Raging Bolt|100/100|[from] item: Leftovers
|upkeep
|turn|7
|
|t:|1769424478
|-end|p2a: Raging Bolt|Protosynthesis|[silent]
|switch|p2a: Landorus|Landorus-Therian, M|42/100 brn
|-ability|p2a: Landorus|Intimidate|boost
|-unboost|p1a: Great Tusk|atk|1
|move|p1a: Great Tusk|Headlong Rush|p2a: Landorus
|-immune|p2a: Landorus
|
|-damage|p2a: Landorus|36/100 brn|[from] brn
|upkeep
|turn|8
|
|t:|1769424484
|move|p1a: Great Tusk|Stealth Rock|p2a: Landorus
|-sidestart|p2: godliestwalrus|move: Stealth Rock
|move|p2a: Landorus|U-turn|p1a: Great Tusk
|-resisted|p1a: Great Tusk
|-damage|p1a: Great Tusk|96/100
|
|t:|1769424490
|switch|p2a: Primarina|Primarina, M|100/100|[from] U-turn
|-damage|p2a: Primarina|88/100|[from] Stealth Rock
|
|upkeep
|turn|9
|
|t:|1769424496
|move|p1a: Great Tusk|Headlong Rush|p2a: Primarina
|-damage|p2a: Primarina|12/100
|-unboost|p1a: Great Tusk|def|1
|-unboost|p1a: Great Tusk|spd|1
|move|p2a: Primarina|Whirlpool|p1a: Great Tusk
|-supereffective|p1a: Great Tusk
|-damage|p1a: Great Tusk|9/100
|-activate|p1a: Great Tusk|move: Whirlpool|[of] p2a: Primarina
|
|-damage|p1a: Great Tusk|0 fnt|[from] move: Whirlpool|[partiallytrapped]
|faint|p1a: Great Tusk
|-end|p1a: Great Tusk|Protosynthesis|[silent]
|upkeep
|
|t:|1769424503
|switch|p1a: Ogerpon|Ogerpon-Cornerstone, F|100/100
|turn|10
|
|t:|1769424512
|switch|p2a: Jirachi|Jirachi|84/100
|-damage|p2a: Jirachi|78/100|[from] Stealth Rock
|move|p1a: Ogerpon|Ivy Cudgel|p2a: Jirachi|[anim] Ivy Cudgel Rock
|-resisted|p2a: Jirachi
|-damage|p2a: Jirachi|54/100
|
|-heal|p2a: Jirachi|60/100|[from] item: Leftovers
|upkeep
|turn|11
|
|t:|1769424516
|switch|p1a: Rotom|Rotom-Wash|75/100
|move|p2a: Jirachi|U-turn|p1a: Rotom
|-damage|p1a: Rotom|59/100
|-damage|p2a: Jirachi|44/100|[from] item: Rocky Helmet|[of] p1a: Rotom
|
|t:|1769424523
|switch|p2a: Raging Bolt|Raging Bolt|100/100|[from] U-turn
|-damage|p2a: Raging Bolt|88/100|[from] Stealth Rock
|
|-heal|p2a: Raging Bolt|94/100|[from] item: Leftovers
|upkeep
|turn|12
|
|t:|1769424526
|switch|p1a: Heatran|Heatran, M|75/100
|move|p2a: Raging Bolt|Calm Mind|p2a: Raging Bolt
|-boost|p2a: Raging Bolt|spa|1
|-boost|p2a: Raging Bolt|spd|1
|
|-heal|p2a: Raging Bolt|100/100|[from] item: Leftovers
|upkeep
|turn|13
|
|t:|1769424534
|move|p2a: Raging Bolt|Thunderbolt|p1a: Heatran
|-damage|p1a: Heatran|38/100
|move|p1a: Heatran|Dragon Pulse|p2a: Raging Bolt
|-supereffective|p2a: Raging Bolt
|-damage|p2a: Raging Bolt|64/100
|
|-heal|p2a: Raging Bolt|70/100|[from] item: Leftovers
|upkeep
|turn|14
|
|t:|1769424540
|move|p2a: Raging Bolt|Thunderbolt|p1a: Heatran
|-damage|p1a: Heatran|0 fnt
|faint|p1a: Heatran
|
|-heal|p2a: Raging Bolt|76/100|[from] item: Leftovers
|upkeep
|
|t:|1769424556
|switch|p1a: Kyurem|Kyurem|100/100
|-ability|p1a: Kyurem|Pressure
|turn|15
|
|t:|1769424577
|-terastallize|p2a: Raging Bolt|Fairy
|move|p1a: Kyurem|Scale Shot|p2a: Raging Bolt
|-immune|p2a: Raging Bolt
|move|p2a: Raging Bolt|Draco Meteor|p1a: Kyurem
|-supereffective|p1a: Kyurem
|-damage|p1a: Kyurem|0 fnt
|-unboost|p2a: Raging Bolt|spa|2
|faint|p1a: Kyurem
|
|-heal|p2a: Raging Bolt|82/100|[from] item: Leftovers
|upkeep
|
|t:|1769424587
|switch|p1a: Gholdengo|Gholdengo|100/100
|-item|p1a: Gholdengo|Air Balloon
|turn|16
|
|t:|1769424596
|-end|p2a: Raging Bolt|Protosynthesis|[silent]
|switch|p2a: Cinderace|Cinderace, F|100/100
|move|p1a: Gholdengo|Nasty Plot|p1a: Gholdengo
|-boost|p1a: Gholdengo|spa|2
|
|upkeep
|turn|17
|
|t:|1769424603
|-terastallize|p1a: Gholdengo|Fairy
|move|p2a: Cinderace|Court Change|p2a: Cinderace
|-start|p2a: Cinderace|typechange|Normal|[from] ability: Libero
|-swapsideconditions
|-activate|p2a: Cinderace|move: Court Change
|move|p1a: Gholdengo|Shadow Ball|p2a: Cinderace
|-immune|p2a: Cinderace
|
|upkeep
|turn|18
|
|t:|1769424632
|move|p2a: Cinderace|Gunk Shot|p1a: Gholdengo
|-supereffective|p1a: Gholdengo
|-damage|p1a: Gholdengo|46/100
|-enditem|p1a: Gholdengo|Air Balloon
|move|p1a: Gholdengo|Dazzling Gleam|p2a: Cinderace
|-damage|p2a: Cinderace|2/100
|
|upkeep
|turn|19
|
|t:|1769424642
|move|p2a: Cinderace|Gunk Shot|p1a: Gholdengo
|-supereffective|p1a: Gholdengo
|-damage|p1a: Gholdengo|0 fnt
|faint|p1a: Gholdengo
|
|upkeep
|-message|itkenreiza forfeited.
|
|win|godliestwalrus
|raw|itkenreiza's rating: 1459 &rarr; <strong>1440</strong><br />(-19 for losing)
|raw|godliestwalrus's rating: 1478 &rarr; <strong>1497</strong><br />(+19 for winning)
|l|☆itkenreiza
|player|p1|
|l|☆godliestwalrus
|player|p2|
