|j|☆bd00
|j|☆jl_kec
|t:|1769354800
|gametype|singles
|player|p1|bd00|aromalady|1292
|player|p2|jl_kec|169|1232
|gen|9
|tier|[Gen 9] OU
|rated|
|rule|HP Percentage Mod: HP is shown in percentages
|rule|Endless Battle Clause: Forcing endless battles is banned
|rule|Species Clause: Limit one of each Pokémon
|rule|OHKO Clause: OHKO moves are banned
|rule|Evasion Items Clause: Evasion items are banned
|rule|Evasion Moves Clause: Evasion moves are banned
|rule|Evasion Abilities Clause: Evasion abilities are banned
|rule|Sleep Moves Clause: Sleep-inducing moves are banned
|clearpoke
|poke|p1|Ninetales-Alola, F|
|poke|p1|Alcremie, F|
|poke|p1|Electrode-Hisui|
|poke|p1|Garchomp, M|
|poke|p1|Gholdengo|
|poke|p1|Tentacruel, F|
|poke|p2|Meowscarada, F|
|poke|p2|Tyranitar, F|
|poke|p2|Excadrill, F|
|poke|p2|Diancie|
|poke|p2|Darkrai|
|poke|p2|Moltres|
|teampreview
|
|t:|1769354821
|teamsize|p1|6
|teamsize|p2|6
|start
|switch|p1a: Electrode|Electrode-Hisui|100/100
|switch|p2a: Moltres|Moltres, shiny|100/100
|turn|1
|
|t:|1769354835
|move|p1a: Electrode|Leaf Storm|p2a: Moltres
|-resisted|p2a: Moltres
|-damage|p2a: Moltres|89/100
|-unboost|p1a: Electrode|spa|2
|move|p2a: Moltres|Flamethrower|p1a: Electrode
|-supereffective|p1a: Electrode
|-damage|p1a: Electrode|0 fnt
|faint|p1a: Electrode
|
|upkeep
|
|t:|1769354839
|switch|p1a: Garchomp|Garchomp, M|100/100
|turn|2
|
|t:|1769354847
|move|p1a: Garchomp|Stealth Rock|p2a: Moltres
|-sidestart|p2: jl_kec|move: Stealth Rock
|move|p2a: Moltres|U-turn|p1a: Garchomp
|-damage|p1a: Garchomp|91/100
|-damage|p2a: Moltres|76/100|[from] ability: Rough Skin|[of] p1a: Garchomp
|-damage|p2a: Moltres|60/100|[from] item: Rocky Helmet|[of] p1a: Garchomp
|
|t:|1769354857
|switch|p2a: Darkrai|Darkrai|100/100|[from] U-turn
|-damage|p2a: Darkrai|88/100|[from] Stealth Rock
|
|-heal|p2a: Darkrai|94/100|[from] item: Leftovers
|upkeep
|turn|3
|
|t:|1769354865
|switch|p1a: Ninetales|Ninetales-Alola, F|100/100
|-weather|Snowscape|[from] ability: Snow Warning|[of] p1a: Ninetales
|move|p2a: Darkrai|Ice Beam|p1a: Ninetales
|-resisted|p1a: Ninetales
|-damage|p1a: Ninetales|82/100
|
|-weather|Snowscape|[upkeep]
|-heal|p2a: Darkrai|99/100|[from] item: Leftovers
|upkeep
|turn|4
|
|t:|1769354873
|switch|p1a: Garchomp|Garchomp, M|91/100
|move|p2a: Darkrai|Sludge Bomb|p1a: Garchomp
|-resisted|p1a: Garchomp
|-damage|p1a: Garchomp|76/100
|
|-weather|Snowscape|[upkeep]
|-heal|p2a: Darkrai|100/100|[from] item: Leftovers
|upkeep
|turn|5
|
|t:|1769354878
|move|p2a: Darkrai|Ice Beam|p1a: Garchomp
|-supereffective|p1a: Garchomp
|-damage|p1a: Garchomp|0 fnt
|faint|p1a: Garchomp
|
|-weather|Snowscape|[upkeep]
|upkeep
|
|t:|1769354884
|switch|p1a: Ninetales|Ninetales-Alola, F|82/100
|turn|6
|
|t:|1769354888
|move|p2a: Darkrai|Sludge Bomb|p1a: Ninetales
|-supereffective|p1a: Ninetales
|-damage|p1a: Ninetales|12/100
|-status|p1a: Ninetales|psn
|move|p1a: Ninetales|Aurora Veil|p1a: Ninetales
|-sidestart|p1: bd00|move: Aurora Veil
|
|-weather|Snowscape|[upkeep]
|-damage|p1a: Ninetales|0 fnt|[from] psn
|faint|p1a: Ninetales
|upkeep
|
|t:|1769354891
|switch|p1a: Alcremie|Alcremie, F|100/100
|turn|7
|
|t:|1769354899
|-terastallize|p2a: Darkrai|Poison
|-terastallize|p1a: Alcremie|Poison
|move|p2a: Darkrai|Sludge Bomb|p1a: Alcremie
|-resisted|p1a: Alcremie
|-damage|p1a: Alcremie|90/100
|move|p1a: Alcremie|Calm Mind|p1a: Alcremie
|-boost|p1a: Alcremie|spa|1
|-boost|p1a: Alcremie|spd|1
|
|-weather|none
|-heal|p1a: Alcremie|96/100|[from] item: Leftovers
|upkeep
|turn|8
|
|t:|1769354907
|move|p2a: Darkrai|Nasty Plot|p2a: Darkrai
|-boost|p2a: Darkrai|spa|2
|move|p1a: Alcremie|Acid Armor|p1a: Alcremie
|-boost|p1a: Alcremie|def|2
|
|-heal|p1a: Alcremie|100/100|[from] item: Leftovers
|upkeep
|turn|9
|
|t:|1769354913
|move|p2a: Darkrai|Dark Pulse|p1a: Alcremie
|-damage|p1a: Alcremie|76/100
|move|p1a: Alcremie|Calm Mind|p1a: Alcremie
|-boost|p1a: Alcremie|spa|1
|-boost|p1a: Alcremie|spd|1
|
|-heal|p1a: Alcremie|82/100|[from] item: Leftovers
|upkeep
|turn|10
|
|t:|1769354921
|move|p2a: Darkrai|Nasty Plot|p2a: Darkrai
|-boost|p2a: Darkrai|spa|2
|move|p1a: Alcremie|Acid Armor|p1a: Alcremie
|-boost|p1a: Alcremie|def|2
|
|-heal|p1a: Alcremie|88/100|[from] item: Leftovers
|upkeep
|turn|11
|
|t:|1769354926
|move|p2a: Darkrai|Dark Pulse|p1a: Alcremie
|-damage|p1a: Alcremie|61/100
|move|p1a: Alcremie|Calm Mind|p1a: Alcremie
|-boost|p1a: Alcremie|spa|1
|-boost|p1a: Alcremie|spd|1
|
|-heal|p1a: Alcremie|67/100|[from] item: Leftovers
|upkeep
|turn|12
|
|t:|1769354930
|move|p2a: Darkrai|Dark Pulse|p1a: Alcremie
|-crit|p1a: Alcremie
|-damage|p1a: Alcremie|0 fnt
|faint|p1a: Alcremie
|
|upkeep
|-message|bd00 forfeited.
|
|win|jl_kec
|raw|bd00's rating: 1292 &rarr; <strong>1263</strong><br />(-29 for losing)
|raw|jl_kec's rating: 1232 &rarr; <strong>1261</strong><br />(+29 for winning)
|l|☆bd00
|player|p1|
|l|☆jl_kec
|player|p2|
