|j|☆firered27
|j|☆Eared Robot
|t:|1769421685
|gametype|singles
|player|p1|firered27|169|1270
|player|p2|Eared Robot|zinnia|1299
|gen|9
|tier|[Gen 9] OU
|rated|
|rule|HP Percentage Mod: HP is shown in percentages
|rule|Endless Battle Clause: Forcing endless battles is banned
|rule|Species Clause: Limit one of each Pokémon
|rule|OHKO Clause: OHKO moves are banned
|rule|Evasion Items Clause: Evasion items are banned
|rule|Evasion Moves Clause: Evasion moves are banned
|rule|Evasion Abilities Clause: Evasion abilities are banned
|rule|Sleep Moves Clause: Sleep-inducing moves are banned
|clearpoke
|poke|p1|Krookodile, M|
|poke|p1|Hatterene, F|
|poke|p1|Porygon2|
|poke|p1|Rotom-Wash|
|poke|p1|Conkeldurr, F|
|poke|p1|Scizor, F|
|poke|p2|Kingambit, F|
|poke|p2|Cinderace, F|
|poke|p2|Landorus-Therian, M|
|poke|p2|Iron Valiant|
|poke|p2|Kyurem|
|poke|p2|Slowking-Galar, F|
|teampreview
|inactive|Battle timer is ON: inactive players will automatically lose when time's up. (requested by Eared Robot)
|
|t:|1769421692
|teamsize|p1|6
|teamsize|p2|6
|start
|switch|p1a: Krookodile|Krookodile, M|100/100
|switch|p2a: Tetoris|Landorus-Therian, M|100/100
|-ability|p2a: Tetoris|Intimidate|boost
|-unboost|p1a: Krookodile|atk|1
|-ability|p1a: Krookodile|Intimidate|boost
|-unboost|p2a: Tetoris|atk|1
|turn|1
|
|t:|1769421703
|move|p2a: Tetoris|Taunt|p1a: Krookodile
|-start|p1a: Krookodile|move: Taunt
|move|p1a: Krookodile|Sand Tomb|p2a: Tetoris
|-immune|p2a: Tetoris
|
|upkeep
|turn|2
|
|t:|1769421716
|move|p2a: Tetoris|Stealth Rock|p1a: Krookodile
|-sidestart|p1: firered27|move: Stealth Rock
|move|p1a: Krookodile|Dragon Tail|p2a: Tetoris
|-damage|p2a: Tetoris|91/100
|-damage|p1a: Krookodile|84/100|[from] item: Rocky Helmet|[of] p2a: Tetoris
|drag|p2a: Override|Kingambit, F|100/100
|
|upkeep
|turn|3
|
|t:|1769421730
|-end|p2a: Override|fallenundefined|[silent]
|switch|p2a: Tetoris|Landorus-Therian, M|91/100
|-ability|p2a: Tetoris|Intimidate|boost
|-unboost|p1a: Krookodile|atk|1
|move|p1a: Krookodile|Sand Tomb|p2a: Tetoris
|-immune|p2a: Tetoris
|
|-end|p1a: Krookodile|move: Taunt
|upkeep
|turn|4
|
|t:|1769421739
|move|p2a: Tetoris|Taunt|p1a: Krookodile
|-start|p1a: Krookodile|move: Taunt
|cant|p1a: Krookodile|move: Taunt|Stealth Rock
|
|upkeep
|turn|5
|
|t:|1769421749
|move|p2a: Tetoris|Earthquake|p1a: Krookodile
|-damage|p1a: Krookodile|51/100
|move|p1a: Krookodile|Counter|p2a: Tetoris
|-damage|p2a: Tetoris|18/100
|-damage|p1a: Krookodile|35/100|[from] item: Rocky Helmet|[of] p2a: Tetoris
|
|upkeep
|turn|6
|
|t:|1769421766
|switch|p1a: Rotom|Rotom-Wash|100/100
|-damage|p1a: Rotom|88/100|[from] Stealth Rock
|move|p2a: Tetoris|Earthquake|p1a: Rotom
|-immune|p1a: Rotom|[from] ability: Levitate
|
|upkeep
|turn|7
|
|t:|1769421774
|move|p1a: Rotom|Hydro Pump|p2a: Tetoris
|-supereffective|p2a: Tetoris
|-damage|p2a: Tetoris|0 fnt
|faint|p2a: Tetoris
|
|upkeep
|
|t:|1769421781
|switch|p2a: Birdbrain|Kyurem|100/100
|-ability|p2a: Birdbrain|Pressure
|turn|8
|
|t:|1769421792
|switch|p1a: Hatterene|Hatterene, F|100/100
|-damage|p1a: Hatterene|88/100|[from] Stealth Rock
|move|p2a: Birdbrain|Substitute|p2a: Birdbrain
|-start|p2a: Birdbrain|Substitute
|-damage|p2a: Birdbrain|76/100
|
|-heal|p2a: Birdbrain|82/100|[from] item: Leftovers
|upkeep
|turn|9
|
|t:|1769421812
|move|p2a: Birdbrain|Freeze-Dry|p1a: Hatterene
|-damage|p1a: Hatterene|53/100
|move|p1a: Hatterene|Psychic Noise|p2a: Birdbrain
|-crit|p2a: Birdbrain
|-damage|p2a: Birdbrain|24/100
|-start|p2a: Birdbrain|move: Heal Block
|-enditem|p1a: Hatterene|Throat Spray
|-boost|p1a: Hatterene|spa|1|[from] item: Throat Spray
|
|upkeep
|turn|10
|
|t:|1769421832
|switch|p2a: Override|Kingambit, F|100/100
|-activate|p2a: Override|ability: Supreme Overlord
|-start|p2a: Override|fallen1|[silent]
|move|p1a: Hatterene|Trick Room|p1a: Hatterene
|-fieldstart|move: Trick Room|[of] p1a: Hatterene
|
|upkeep
|turn|11
|
|t:|1769421846
|move|p1a: Hatterene|Mystical Fire|p2a: Override
|-supereffective|p2a: Override
|-damage|p2a: Override|3/100
|-unboost|p2a: Override|spa|1
|move|p2a: Override|Kowtow Cleave|p1a: Hatterene
|-damage|p1a: Hatterene|0 fnt
|faint|p1a: Hatterene
|
|-heal|p2a: Override|10/100|[from] item: Leftovers
|upkeep
|
|t:|1769421854
|switch|p1a: Conkeldurr|Conkeldurr, F|100/100
|-damage|p1a: Conkeldurr|94/100|[from] Stealth Rock
|turn|12
|
|t:|1769421861
|-end|p2a: Override|fallen1|[silent]
|switch|p2a: Liar Dancer|Slowking-Galar, F|100/100
|move|p1a: Conkeldurr|Mach Punch|p2a: Liar Dancer
|-resisted|p2a: Liar Dancer
|-damage|p2a: Liar Dancer|94/100
|
|-status|p1a: Conkeldurr|brn|[from] item: Flame Orb
|upkeep
|turn|13
|
|t:|1769421883
|-terastallize|p1a: Conkeldurr|Steel
|move|p2a: Liar Dancer|Psychic Noise|p1a: Conkeldurr
|-resisted|p1a: Conkeldurr
|-damage|p1a: Conkeldurr|78/100 brn
|-start|p1a: Conkeldurr|move: Heal Block
|move|p1a: Conkeldurr|Knock Off|p2a: Liar Dancer
|-supereffective|p2a: Liar Dancer
|-damage|p2a: Liar Dancer|0 fnt
|-enditem|p2a: Liar Dancer|Heavy-Duty Boots|[from] move: Knock Off|[of] p1a: Conkeldurr
|faint|p2a: Liar Dancer
|
|-damage|p1a: Conkeldurr|72/100 brn|[from] brn
|upkeep
|
|t:|1769421893
|switch|p2a: Spoken For|Iron Valiant|100/100
|-enditem|p2a: Spoken For|Booster Energy
|-activate|p2a: Spoken For|ability: Quark Drive|[fromitem]
|-start|p2a: Spoken For|quarkdrivespe
|turn|14
|
|t:|1769421906
|move|p1a: Conkeldurr|Facade|p2a: Spoken For
|-damage|p2a: Spoken For|0 fnt
|faint|p2a: Spoken For
|-end|p2a: Spoken For|Quark Drive|[silent]
|
|-damage|p1a: Conkeldurr|66/100 brn|[from] brn
|-end|p1a: Conkeldurr|move: Heal Block
|-fieldend|move: Trick Room
|upkeep
|
|t:|1769421910
|switch|p2a: Birdbrain|Kyurem|24/100
|-ability|p2a: Birdbrain|Pressure
|turn|15
|
|t:|1769421917
|-terastallize|p2a: Birdbrain|Ground
|move|p1a: Conkeldurr|Mach Punch|p2a: Birdbrain
|-damage|p2a: Birdbrain|0 fnt
|faint|p2a: Birdbrain
|
|-damage|p1a: Conkeldurr|60/100 brn|[from] brn
|upkeep
|-message|Eared Robot forfeited.
|
|win|firered27
|raw|firered27's rating: 1270 &rarr; <strong>1297</strong><br />(+27 for winning)
|raw|Eared Robot's rating: 1299 &rarr; <strong>1272</strong><br />(-27 for losing)
|l|☆Eared Robot
|player|p2|
|l|☆firered27
|player|p1|
