|j|☆migui_121
|j|☆baakrisht
|t:|1769338099
|gametype|singles
|player|p1|migui_121|boarder|1175
|player|p2|baakrisht|101|1215
|gen|9
|tier|[Gen 9] OU
|rated|
|rule|HP Percentage Mod: HP is shown in percentages
|rule|Endless Battle Clause: Forcing endless battles is banned
|rule|Species Clause: Limit one of each Pokémon
|rule|OHKO Clause: OHKO moves are banned
|rule|Evasion Items Clause: Evasion items are banned
|rule|Evasion Moves Clause: Evasion moves are banned
|rule|Evasion Abilities Clause: Evasion abilities are banned
|rule|Sleep Moves Clause: Sleep-inducing moves are banned
|clearpoke
|poke|p1|Ting-Lu|
|poke|p1|Rotom-Wash|
|poke|p1|Corviknight, F|
|poke|p1|Dusclops, M|
|poke|p1|Goodra, F|
|poke|p1|Slowking-Galar, M|
|poke|p2|Blissey, F|
|poke|p2|Espeon, F|
|poke|p2|Goodra, F|
|poke|p2|Weezing-Galar, F|
|poke|p2|Orthworm, F|
|poke|p2|Suicune|
|teampreview
|inactive|Battle timer is ON: inactive players will automatically lose when time's up. (requested by migui_121)
|
|t:|1769338122
|teamsize|p1|6
|teamsize|p2|6
|start
|switch|p1a: Slowking|Slowking-Galar, M|100/100
|switch|p2a: Espeon|Espeon, F|100/100
|turn|1
|
|t:|1769338134
|switch|p1a: Corviknight|Corviknight, F|100/100
|-ability|p1a: Corviknight|Pressure
|move|p2a: Espeon|Trick|p1a: Corviknight
|-activate|p2a: Espeon|move: Trick|[of] p1a: Corviknight
|-item|p1a: Corviknight|Choice Scarf|[from] move: Trick
|-item|p2a: Espeon|Rocky Helmet|[from] move: Trick
|
|upkeep
|turn|2
|
|t:|1769338149
|switch|p2a: Weezing|Weezing-Galar, F|100/100
|move|p1a: Corviknight|Brave Bird|p2a: Weezing
|-crit|p2a: Weezing
|-damage|p2a: Weezing|56/100
|-damage|p1a: Corviknight|84/100|[from] item: Rocky Helmet|[of] p2a: Weezing
|-damage|p1a: Corviknight|69/100|[from] Recoil
|
|upkeep
|turn|3
|
|t:|1769338156
|switch|p1a: Slowking|Slowking-Galar, M|100/100
|move|p2a: Weezing|Toxic Spikes|p1a: Slowking
|-sidestart|p1: migui_121|move: Toxic Spikes
|
|upkeep
|turn|4
|
|t:|1769338163
|switch|p2a: Suicune|Suicune|100/100
|-ability|p2a: Suicune|Pressure
|move|p1a: Slowking|Future Sight|p2a: Suicune
|-start|p1a: Slowking|move: Future Sight
|
|upkeep
|turn|5
|
|t:|1769338181
|move|p1a: Slowking|Thunder Wave|p2a: Suicune
|-status|p2a: Suicune|par
|move|p2a: Suicune|Roar|p1a: Slowking
|drag|p1a: Corviknight|Corviknight, F|69/100
|-ability|p1a: Corviknight|Pressure
|
|upkeep
|turn|6
|
|t:|1769338193
|switch|p2a: Goodra|Goodra, F|100/100
|move|p1a: Corviknight|Defog|p2a: Goodra
|-unboost|p2a: Goodra|evasion|1
|-sideend|p1: migui_121|Toxic Spikes|[from] move: Defog|[of] p1a: Corviknight
|
|-end|p2a: Goodra|move: Future Sight
|-damage|p2a: Goodra|75/100
|upkeep
|turn|7
|
|t:|1769338198
|switch|p1a: Slowking|Slowking-Galar, M|100/100
|move|p2a: Goodra|Rain Dance|p2a: Goodra
|-weather|RainDance
|
|-weather|RainDance|[upkeep]
|upkeep
|turn|8
|
|t:|1769338218
|move|p2a: Goodra|Thunder|p1a: Slowking
|-damage|p1a: Slowking|81/100
|move|p1a: Slowking|Trick|p2a: Goodra
|-activate|p1a: Slowking|move: Trick|[of] p2a: Goodra
|-item|p2a: Goodra|Black Sludge|[from] move: Trick
|-item|p1a: Slowking|Damp Rock|[from] move: Trick
|
|-weather|RainDance|[upkeep]
|-damage|p2a: Goodra|62/100|[from] item: Black Sludge
|upkeep
|turn|9
|-message|baakrisht forfeited.
|
|win|migui_121
|raw|migui_121's rating: 1175 &rarr; <strong>1203</strong><br />(+28 for winning)
|raw|baakrisht's rating: 1215 &rarr; <strong>1187</strong><br />(-28 for losing)
|l|☆baakrisht
|player|p2|
|l|☆migui_121
|player|p1|
