|j|☆dinutttrrr
|j|☆mash13
|t:|1769403935
|gametype|singles
|player|p1|dinutttrrr|170|1092
|player|p2|mash13|pokemaniac|1142
|gen|9
|tier|[Gen 9] OU
|rated|
|rule|HP Percentage Mod: HP is shown in percentages
|rule|Endless Battle Clause: Forcing endless battles is banned
|rule|Species Clause: Limit one of each Pokémon
|rule|OHKO Clause: OHKO moves are banned
|rule|Evasion Items Clause: Evasion items are banned
|rule|Evasion Moves Clause: Evasion moves are banned
|rule|Evasion Abilities Clause: Evasion abilities are banned
|rule|Sleep Moves Clause: Sleep-inducing moves are banned
|clearpoke
|poke|p1|Azumarill, M|
|poke|p1|Greedent, M|
|poke|p1|Skeledirge, F|
|poke|p1|Ting-Lu|
|poke|p1|Ursaluna, F|
|poke|p1|Raging Bolt|
|poke|p2|Hoopa-Unbound|
|poke|p2|Slowking-Galar, F|
|poke|p2|Alomomola, F|
|poke|p2|Zamazenta-*|
|poke|p2|Great Tusk|
|poke|p2|Kingambit, F|
|teampreview
|inactive|Battle timer is ON: inactive players will automatically lose when time's up. (requested by mash13)
|
|t:|1769403941
|teamsize|p1|6
|teamsize|p2|6
|start
|switch|p1a: Greedent|Greedent, M|100/100
|switch|p2a: Slowking|Slowking-Galar, F|100/100
|turn|1
|
|t:|1769403963
|move|p2a: Slowking|Future Sight|p1a: Greedent
|-start|p2a: Slowking|move: Future Sight
|move|p1a: Greedent|Stockpile|p1a: Greedent
|-start|p1a: Greedent|stockpile1
|-boost|p1a: Greedent|def|1
|-boost|p1a: Greedent|spd|1
|
|upkeep
|turn|2
|
|t:|1769403974
|-prepare|p2a: Slowking|Chilly Reception|[premajor]
|move|p2a: Slowking|Chilly Reception|p2a: Slowking
|-weather|Snowscape
|
|t:|1769403980
|switch|p2a: Zamazenta|Zamazenta|100/100|[from] Chilly Reception
|-ability|p2a: Zamazenta|Dauntless Shield|boost
|-boost|p2a: Zamazenta|def|1
|move|p1a: Greedent|Stockpile|p1a: Greedent
|-start|p1a: Greedent|stockpile2
|-boost|p1a: Greedent|def|1
|-boost|p1a: Greedent|spd|1
|
|-weather|Snowscape|[upkeep]
|upkeep
|turn|3
|
|t:|1769403991
|move|p2a: Zamazenta|Iron Defense|p2a: Zamazenta
|-boost|p2a: Zamazenta|def|2
|move|p1a: Greedent|Gyro Ball|p2a: Zamazenta
|-damage|p2a: Zamazenta|90/100
|
|-weather|Snowscape|[upkeep]
|-end|p1a: Greedent|move: Future Sight
|-damage|p1a: Greedent|84/100
|-heal|p2a: Zamazenta|96/100|[from] item: Leftovers
|upkeep
|turn|4
|
|t:|1769404000
|move|p2a: Zamazenta|Iron Defense|p2a: Zamazenta
|-boost|p2a: Zamazenta|def|2
|move|p1a: Greedent|Super Fang|p2a: Zamazenta|[miss]
|-miss|p1a: Greedent|p2a: Zamazenta
|
|-weather|Snowscape|[upkeep]
|-heal|p2a: Zamazenta|100/100|[from] item: Leftovers
|upkeep
|turn|5
|
|t:|1769404011
|move|p1a: Greedent|Super Fang|p2a: Zamazenta
|-damage|p2a: Zamazenta|51/100
|move|p2a: Zamazenta|Roar|p1a: Greedent
|drag|p1a: Raging Bolt|Raging Bolt|100/100
|-enditem|p1a: Raging Bolt|Booster Energy
|-activate|p1a: Raging Bolt|ability: Protosynthesis|[fromitem]
|-start|p1a: Raging Bolt|protosynthesisspa
|
|-weather|Snowscape|[upkeep]
|-heal|p2a: Zamazenta|57/100|[from] item: Leftovers
|upkeep
|turn|6
|
|t:|1769404023
|move|p1a: Raging Bolt|Thunderclap|p2a: Zamazenta
|-damage|p2a: Zamazenta|13/100
|move|p2a: Zamazenta|Body Press|p1a: Raging Bolt
|-damage|p1a: Raging Bolt|0 fnt
|faint|p1a: Raging Bolt
|-end|p1a: Raging Bolt|Protosynthesis|[silent]
|
|-weather|none
|-heal|p2a: Zamazenta|19/100|[from] item: Leftovers
|upkeep
|
|t:|1769404030
|switch|p1a: Azumarill|Azumarill, M|100/100
|turn|7
|
|t:|1769404046
|-terastallize|p1a: Azumarill|Water
|move|p1a: Azumarill|Aqua Jet|p2a: Zamazenta
|-damage|p2a: Zamazenta|11/100
|move|p2a: Zamazenta|Body Press|p1a: Azumarill
|-damage|p1a: Azumarill|0 fnt
|faint|p1a: Azumarill
|
|-heal|p2a: Zamazenta|17/100|[from] item: Leftovers
|upkeep
|
|t:|1769404055
|switch|p1a: Skeledirge|Skeledirge, F, shiny|100/100
|turn|8
|-message|dinutttrrr forfeited.
|
|win|mash13
|raw|dinutttrrr's rating: 1092 &rarr; <strong>1072</strong><br />(-20 for losing)
|raw|mash13's rating: 1142 &rarr; <strong>1163</strong><br />(+21 for winning)
|l|☆dinutttrrr
|player|p1|
|l|☆mash13
|player|p2|
