|j|☆mrdecidueye111
|j|☆1337muffin1337
|t:|1769414262
|gametype|singles
|player|p1|mrdecidueye111|steven|1137
|player|p2|1337muffin1337|misty|1100
|gen|9
|tier|[Gen 9] OU
|rated|
|rule|HP Percentage Mod: HP is shown in percentages
|rule|Endless Battle Clause: Forcing endless battles is banned
|rule|Species Clause: Limit one of each Pokémon
|rule|OHKO Clause: OHKO moves are banned
|rule|Evasion Items Clause: Evasion items are banned
|rule|Evasion Moves Clause: Evasion moves are banned
|rule|Evasion Abilities Clause: Evasion abilities are banned
|rule|Sleep Moves Clause: Sleep-inducing moves are banned
|clearpoke
|poke|p1|Garganacl, M|
|poke|p1|Dragonite, F|
|poke|p1|Heatran, F|
|poke|p1|Hatterene, F|
|poke|p1|Decidueye, M|
|poke|p1|Scrafty, M|
|poke|p2|Volcanion|
|poke|p2|Venusaur, F|
|poke|p2|Blastoise, M|
|poke|p2|Darkrai|
|poke|p2|Iron Treads|
|poke|p2|Conkeldurr, M|
|teampreview
|inactive|Battle timer is ON: inactive players will automatically lose when time's up. (requested by 1337muffin1337)
|
|t:|1769414275
|teamsize|p1|6
|teamsize|p2|6
|start
|switch|p1a: Heatran|Heatran, F|100/100
|switch|p2a: Volcanion|Volcanion|100/100
|turn|1
|
|t:|1769414295
|move|p1a: Heatran|Earth Power|p2a: Volcanion
|-supereffective|p2a: Volcanion
|-damage|p2a: Volcanion|39/100
|move|p2a: Volcanion|Steam Eruption|p1a: Heatran
|-supereffective|p1a: Heatran
|-damage|p1a: Heatran|0 fnt
|faint|p1a: Heatran
|
|upkeep
|inactive|mrdecidueye111 has 120 seconds left.
|
|t:|1769414328
|switch|p1a: Dragonite|Dragonite, F|100/100
|turn|2
|
|t:|1769414334
|move|p1a: Dragonite|Thunder Punch|p2a: Volcanion
|-supereffective|p2a: Volcanion
|-damage|p2a: Volcanion|0 fnt
|faint|p2a: Volcanion
|
|upkeep
|
|t:|1769414342
|switch|p2a: Blastoise|Blastoise, M|100/100
|turn|3
|
|t:|1769414350
|switch|p1a: Garganacl|Garganacl, M|100/100
|move|p2a: Blastoise|Shell Smash|p2a: Blastoise
|-unboost|p2a: Blastoise|def|1
|-unboost|p2a: Blastoise|spd|1
|-boost|p2a: Blastoise|atk|2
|-boost|p2a: Blastoise|spa|2
|-boost|p2a: Blastoise|spe|2
|
|upkeep
|turn|4
|
|t:|1769414364
|move|p2a: Blastoise|Hydro Pump|p1a: Garganacl
|-supereffective|p1a: Garganacl
|-crit|p1a: Garganacl
|-damage|p1a: Garganacl|0 fnt
|faint|p1a: Garganacl
|
|upkeep
|
|t:|1769414374
|switch|p1a: Dragonite|Dragonite, F|100/100
|turn|5
|
|t:|1769414379
|move|p2a: Blastoise|Ice Beam|p1a: Dragonite
|-supereffective|p1a: Dragonite
|-damage|p1a: Dragonite|0 fnt
|faint|p1a: Dragonite
|
|upkeep
|
|t:|1769414391
|switch|p1a: Decidueye|Decidueye, M|100/100
|turn|6
|
|t:|1769414397
|move|p2a: Blastoise|Ice Beam|p1a: Decidueye
|-supereffective|p1a: Decidueye
|-damage|p1a: Decidueye|0 fnt
|faint|p1a: Decidueye
|
|upkeep
|
|t:|1769414400
|switch|p1a: Hatterene|Hatterene, F|100/100
|turn|7
|
|t:|1769414404
|move|p2a: Blastoise|Hydro Pump|p1a: Hatterene
|-damage|p1a: Hatterene|1/100
|move|p1a: Hatterene|Calm Mind|p1a: Hatterene
|-boost|p1a: Hatterene|spa|1
|-boost|p1a: Hatterene|spd|1
|
|-heal|p1a: Hatterene|7/100|[from] item: Leftovers
|upkeep
|turn|8
|
|t:|1769414411
|move|p2a: Blastoise|Ice Beam|p1a: Hatterene
|-damage|p1a: Hatterene|0 fnt
|faint|p1a: Hatterene
|
|upkeep
|
|t:|1769414413
|switch|p1a: Scrafty|Scrafty, M|100/100
|turn|9
|
|t:|1769414418
|move|p2a: Blastoise|Hydro Pump|p1a: Scrafty
|-damage|p1a: Scrafty|33/100
|move|p1a: Scrafty|Bulk Up|p1a: Scrafty
|-boost|p1a: Scrafty|atk|1
|-boost|p1a: Scrafty|def|1
|
|-heal|p1a: Scrafty|39/100|[from] item: Leftovers
|upkeep
|turn|10
|
|t:|1769414426
|move|p2a: Blastoise|Hydro Pump|p1a: Scrafty
|-crit|p1a: Scrafty
|-damage|p1a: Scrafty|0 fnt
|faint|p1a: Scrafty
|
|win|1337muffin1337
|raw|mrdecidueye111's rating: 1137 &rarr; <strong>1109</strong><br />(-28 for losing)
|raw|1337muffin1337's rating: 1100 &rarr; <strong>1128</strong><br />(+28 for winning)
|l|☆mrdecidueye111
|player|p1|
|l|☆1337muffin1337
|player|p2|
