|j|☆poketrep
|j|☆CeIIardoor
|t:|1769433464
|gametype|singles
|player|p1|poketrep|swimmerf|1737
|player|p2|CeIIardoor|olivia|1642
|gen|9
|tier|[Gen 9] OU
|rated|
|rule|HP Percentage Mod: HP is shown in percentages
|rule|Endless Battle Clause: Forcing endless battles is banned
|rule|Species Clause: Limit one of each Pokémon
|rule|OHKO Clause: OHKO moves are banned
|rule|Evasion Items Clause: Evasion items are banned
|rule|Evasion Moves Clause: Evasion moves are banned
|rule|Evasion Abilities Clause: Evasion abilities are banned
|rule|Sleep Moves Clause: Sleep-inducing moves are banned
|clearpoke
|poke|p1|Rabsca, F|
|poke|p1|Slowking-Galar, F|
|poke|p1|Ursaluna, F|
|poke|p1|Azumarill, M|
|poke|p1|Mimikyu, F|
|poke|p1|Kingambit, M|
|poke|p2|Tinkaton, F|
|poke|p2|Ogerpon, F|
|poke|p2|Great Tusk|
|poke|p2|Pecharunt|
|poke|p2|Alomomola, M|
|poke|p2|Hydreigon, M|
|teampreview
|inactive|Battle timer is ON: inactive players will automatically lose when time's up. (requested by CeIIardoor)
|
|t:|1769433489
|teamsize|p1|6
|teamsize|p2|6
|start
|switch|p1a: Chad|Azumarill, M|100/100
|switch|p2a: Hydreigon|Hydreigon, M, shiny|100/100
|turn|1
|
|t:|1769433517
|switch|p2a: Pecharunt|Pecharunt|100/100
|switch|p1a: Village Crusher|Ursaluna, F|100/100
|
|-status|p1a: Village Crusher|brn|[from] item: Flame Orb
|upkeep
|turn|2
|
|t:|1769433533
|move|p2a: Pecharunt|Parting Shot|p1a: Village Crusher
|-unboost|p1a: Village Crusher|atk|1
|-unboost|p1a: Village Crusher|spa|1
|
|t:|1769433538
|switch|p2a: Tinkaton|Tinkaton, F, shiny|100/100|[from] Parting Shot
|-item|p2a: Tinkaton|Air Balloon
|move|p1a: Village Crusher|Facade|p2a: Tinkaton
|-resisted|p2a: Tinkaton
|-damage|p2a: Tinkaton|42/100
|-enditem|p2a: Tinkaton|Air Balloon
|-enditem|p1a: Village Crusher|Flame Orb|[silent]|[from] ability: Pickpocket|[of] p1a: Village Crusher
|-item|p2a: Tinkaton|Flame Orb|[from] ability: Pickpocket|[of] p1a: Village Crusher
|
|-damage|p1a: Village Crusher|94/100 brn|[from] brn
|-status|p2a: Tinkaton|brn|[from] item: Flame Orb
|upkeep
|turn|3
|
|t:|1769433549
|move|p2a: Tinkaton|Stealth Rock|p1a: Village Crusher
|-sidestart|p1: poketrep|move: Stealth Rock
|move|p1a: Village Crusher|Facade|p2a: Tinkaton
|-resisted|p2a: Tinkaton
|-damage|p2a: Tinkaton|0 fnt
|faint|p2a: Tinkaton
|
|-damage|p1a: Village Crusher|88/100 brn|[from] brn
|upkeep
|
|t:|1769433570
|switch|p2a: Ogerpon|Ogerpon, F|100/100
|turn|4
|inactive|CeIIardoor has 120 seconds left.
|inactive|poketrep has 120 seconds left.
|
|t:|1769433614
|switch|p1a: Shogun|Kingambit, M|100/100
|-damage|p1a: Shogun|94/100|[from] Stealth Rock
|move|p2a: Ogerpon|Ivy Cudgel|p1a: Shogun
|-resisted|p1a: Shogun
|-damage|p1a: Shogun|67/100
|
|upkeep
|turn|5
|inactive|CeIIardoor has 120 seconds left.
|
|t:|1769433621
|switch|p2a: Great Tusk|Great Tusk, shiny|100/100
|move|p1a: Shogun|Iron Head|p2a: Great Tusk
|-damage|p2a: Great Tusk|65/100
|
|upkeep
|turn|6
|
|t:|1769433631
|-end|p1a: Shogun|fallenundefined|[silent]
|switch|p1a: Atonement|Rabsca, F|100/100
|move|p2a: Great Tusk|Headlong Rush|p1a: Atonement
|-resisted|p1a: Atonement
|-damage|p1a: Atonement|78/100
|-unboost|p2a: Great Tusk|def|1
|-unboost|p2a: Great Tusk|spd|1
|
|upkeep
|turn|7
|j| Jaroti
|c|☆poketrep|Cool name btw
|c|☆poketrep|Great movie
|inactive|poketrep has 120 seconds left.
|
|t:|1769433651
|-end|p2a: Great Tusk|Protosynthesis|[silent]
|switch|p2a: Alomomola|Alomomola, M, shiny|100/100
|move|p1a: Atonement|Trick Room|p1a: Atonement
|-fieldstart|move: Trick Room|[of] p1a: Atonement
|
|upkeep
|turn|8
|
|t:|1769433660
|switch|p1a: Burr|Slowking-Galar, F|100/100
|-damage|p1a: Burr|88/100|[from] Stealth Rock
|move|p2a: Alomomola|Flip Turn|p1a: Burr
|-damage|p1a: Burr|70/100
|
|t:|1769433663
|switch|p2a: Hydreigon|Hydreigon, M, shiny|100/100|[from] Flip Turn
|
|upkeep
|turn|9
|
|t:|1769433670
|move|p1a: Burr|Ice Beam|p2a: Hydreigon
|-supereffective|p2a: Hydreigon
|-damage|p2a: Hydreigon|8/100
|-damage|p1a: Burr|60/100|[from] item: Life Orb
|move|p2a: Hydreigon|Dark Pulse|p1a: Burr
|-supereffective|p1a: Burr
|-damage|p1a: Burr|0 fnt
|faint|p1a: Burr
|
|upkeep
|
|t:|1769433678
|switch|p1a: Shogun|Kingambit, M|67/100
|-damage|p1a: Shogun|61/100|[from] Stealth Rock
|-activate|p1a: Shogun|ability: Supreme Overlord
|-start|p1a: Shogun|fallen1|[silent]
|turn|10
|
|t:|1769433691
|move|p1a: Shogun|Kowtow Cleave|p2a: Hydreigon
|-resisted|p2a: Hydreigon
|-damage|p2a: Hydreigon|0 fnt
|faint|p2a: Hydreigon
|
|upkeep
|
|t:|1769433693
|switch|p2a: Great Tusk|Great Tusk, shiny|65/100
|turn|11
|
|t:|1769433711
|move|p1a: Shogun|Iron Head|p2a: Great Tusk
|-damage|p2a: Great Tusk|29/100
|move|p2a: Great Tusk|Close Combat|p1a: Shogun
|-supereffective|p1a: Shogun
|-damage|p1a: Shogun|0 fnt
|-unboost|p2a: Great Tusk|def|1
|-unboost|p2a: Great Tusk|spd|1
|faint|p1a: Shogun
|-end|p1a: Shogun|fallen1|[silent]
|
|-fieldend|move: Trick Room
|upkeep
|
|t:|1769433718
|switch|p1a: Atonement|Rabsca, F|78/100
|turn|12
|
|t:|1769433721
|move|p2a: Great Tusk|Ice Spinner|p1a: Atonement
|-damage|p1a: Atonement|56/100
|move|p1a: Atonement|Trick Room|p1a: Atonement
|-fieldstart|move: Trick Room|[of] p1a: Atonement
|
|upkeep
|turn|13
|
|t:|1769433724
|move|p1a: Atonement|Revival Blessing|p1a: Atonement
|
|t:|1769433729
|-heal|p1: Shogun|50/100|[from] move: Revival Blessing
|move|p2a: Great Tusk|Ice Spinner|p1a: Atonement
|-damage|p1a: Atonement|36/100
|
|upkeep
|turn|14
|
|t:|1769433747
|move|p1a: Atonement|Future Sight|p2a: Great Tusk
|-start|p1a: Atonement|move: Future Sight
|move|p2a: Great Tusk|Ice Spinner|p1a: Atonement
|-damage|p1a: Atonement|13/100
|
|upkeep
|turn|15
|
|t:|1769433753
|move|p1a: Atonement|Memento|p2a: Great Tusk
|-unboost|p2a: Great Tusk|atk|2
|-unboost|p2a: Great Tusk|spa|2
|faint|p1a: Atonement
|move|p2a: Great Tusk|Ice Spinner|p1: Atonement|[notarget]
|-fail|p2a: Great Tusk
|
|upkeep
|
|t:|1769433758
|switch|p1a: Shogun|Kingambit, M|50/100
|-damage|p1a: Shogun|44/100|[from] Stealth Rock
|-activate|p1a: Shogun|ability: Supreme Overlord
|-start|p1a: Shogun|fallen3|[silent]
|turn|16
|
|t:|1769433761
|move|p1a: Shogun|Kowtow Cleave|p2a: Great Tusk
|-resisted|p2a: Great Tusk
|-damage|p2a: Great Tusk|0 fnt
|faint|p2a: Great Tusk
|-end|p2a: Great Tusk|Protosynthesis|[silent]
|
|-hint|Future Sight did not hit because the target is fainted.
|-fieldend|move: Trick Room
|upkeep
|
|t:|1769433765
|switch|p2a: Ogerpon|Ogerpon, F|100/100
|turn|17
|
|t:|1769433769
|-terastallize|p2a: Ogerpon|Grass
|detailschange|p2a: Ogerpon|Ogerpon-Teal-Tera, F, tera:Grass
|-ability|p2a: Ogerpon|Embody Aspect (Teal)|boost
|-boost|p2a: Ogerpon|spe|1
|-terastallize|p1a: Shogun|Dark
|move|p1a: Shogun|Sucker Punch|p2a: Ogerpon
|-damage|p2a: Ogerpon|0 fnt
|faint|p2a: Ogerpon
|detailschange|p2: Ogerpon|Ogerpon, F|[silent]
|
|upkeep
|-message|CeIIardoor forfeited.
|
|win|poketrep
|raw|poketrep's rating: 1737 &rarr; <strong>1752</strong><br />(+15 for winning)
|raw|CeIIardoor's rating: 1642 &rarr; <strong>1627</strong><br />(-15 for losing)
|l|☆CeIIardoor
|player|p2|
|l| Jaroti
|c|☆poketrep|Gg
|l|☆poketrep
|player|p1|
