|j|☆Cubavision
|j|☆abronya21
|t:|1769398607
|gametype|singles
|player|p1|Cubavision|musician|1338
|player|p2|abronya21|clair|1411
|gen|9
|tier|[Gen 9] OU
|rated|
|rule|HP Percentage Mod: HP is shown in percentages
|rule|Endless Battle Clause: Forcing endless battles is banned
|rule|Species Clause: Limit one of each Pokémon
|rule|OHKO Clause: OHKO moves are banned
|rule|Evasion Items Clause: Evasion items are banned
|rule|Evasion Moves Clause: Evasion moves are banned
|rule|Evasion Abilities Clause: Evasion abilities are banned
|rule|Sleep Moves Clause: Sleep-inducing moves are banned
|clearpoke
|poke|p1|Rillaboom, M|
|poke|p1|Primarina, F|
|poke|p1|Darkrai|
|poke|p1|Ceruledge, F|
|poke|p1|Clodsire, M|
|poke|p1|Corviknight, F|
|poke|p2|Great Tusk|
|poke|p2|Ogerpon-Wellspring, F|
|poke|p2|Iron Crown|
|poke|p2|Cinderace, M|
|poke|p2|Dragonite, F|
|poke|p2|Clefable, F|
|teampreview
|inactive|Battle timer is ON: inactive players will automatically lose when time's up. (requested by abronya21)
|
|t:|1769398626
|teamsize|p1|6
|teamsize|p2|6
|start
|switch|p1a: Rillaboom|Rillaboom, M|100/100
|switch|p2a: Clefable|Clefable, F|100/100
|-fieldstart|move: Grassy Terrain|[from] ability: Grassy Surge|[of] p1a: Rillaboom
|turn|1
|
|t:|1769398632
|-terastallize|p1a: Rillaboom|Grass
|move|p1a: Rillaboom|Wood Hammer|p2a: Clefable
|-damage|p2a: Clefable|0 fnt
|faint|p2a: Clefable
|-damage|p1a: Rillaboom|62/100|[from] Recoil
|
|-heal|p1a: Rillaboom|69/100|[from] Grassy Terrain
|upkeep
|
|t:|1769398636
|switch|p2a: Iron Crown|Iron Crown|100/100
|turn|2
|
|t:|1769398643
|switch|p1a: Clodsire|Clodsire, M|100/100
|move|p2a: Iron Crown|Tachyon Cutter|p1a: Clodsire
|-damage|p1a: Clodsire|88/100
|-damage|p1a: Clodsire|74/100
|-hitcount|p1a: Clodsire|2
|
|-heal|p1a: Clodsire|80/100|[from] Grassy Terrain
|upkeep
|turn|3
|
|t:|1769398651
|move|p2a: Iron Crown|Future Sight|p1a: Clodsire
|-start|p2a: Iron Crown|move: Future Sight
|move|p1a: Clodsire|Stealth Rock|p2a: Iron Crown
|-sidestart|p2: abronya21|move: Stealth Rock
|
|-heal|p1a: Clodsire|86/100|[from] Grassy Terrain
|upkeep
|turn|4
|
|t:|1769398658
|move|p2a: Iron Crown|Tachyon Cutter|p1a: Clodsire
|-damage|p1a: Clodsire|73/100
|-damage|p1a: Clodsire|59/100
|-hitcount|p1a: Clodsire|2
|move|p1a: Clodsire|Toxic|p2a: Iron Crown
|-immune|p2a: Iron Crown
|
|-heal|p1a: Clodsire|66/100|[from] Grassy Terrain
|upkeep
|turn|5
|inactive|Cubavision has 120 seconds left.
|
|t:|1769398690
|move|p2a: Iron Crown|Focus Blast|p1a: Clodsire|[miss]
|-miss|p2a: Iron Crown|p1a: Clodsire
|move|p1a: Clodsire|Recover|p1a: Clodsire
|-heal|p1a: Clodsire|100/100
|
|-end|p1a: Clodsire|move: Future Sight
|-supereffective|p1a: Clodsire
|-damage|p1a: Clodsire|36/100
|-heal|p1a: Clodsire|42/100|[from] Grassy Terrain
|-fieldend|move: Grassy Terrain
|upkeep
|turn|6
|
|t:|1769398694
|move|p2a: Iron Crown|Future Sight|p1a: Clodsire
|-start|p2a: Iron Crown|move: Future Sight
|move|p1a: Clodsire|Recover|p1a: Clodsire
|-heal|p1a: Clodsire|92/100
|
|upkeep
|turn|7
|
|t:|1769398698
|switch|p1a: Darkrai|Darkrai|100/100
|move|p2a: Iron Crown|Tachyon Cutter|p1a: Darkrai
|-damage|p1a: Darkrai|66/100
|-damage|p1a: Darkrai|36/100
|-hitcount|p1a: Darkrai|2
|
|upkeep
|turn|8
|
|t:|1769398708
|move|p1a: Darkrai|Trick|p2a: Iron Crown
|-activate|p1a: Darkrai|move: Trick|[of] p2a: Iron Crown
|-item|p2a: Iron Crown|Choice Scarf|[from] move: Trick
|-item|p1a: Darkrai|Assault Vest|[from] move: Trick
|move|p2a: Iron Crown|Tachyon Cutter|p1a: Darkrai
|-damage|p1a: Darkrai|15/100
|-damage|p1a: Darkrai|0 fnt
|faint|p1a: Darkrai
|-hitcount|p1: Darkrai|2
|
|-hint|Future Sight did not hit because the target is fainted.
|upkeep
|
|t:|1769398724
|switch|p1a: Ceruledge|Ceruledge, F|100/100
|turn|9
|
|t:|1769398732
|-end|p2a: Iron Crown|Quark Drive|[silent]
|switch|p2a: Cinderace|Cinderace, M|100/100
|move|p1a: Ceruledge|Swords Dance|p1a: Ceruledge
|-boost|p1a: Ceruledge|atk|2
|
|upkeep
|turn|10
|
|t:|1769398741
|move|p2a: Cinderace|Pyro Ball|p1a: Ceruledge
|-resisted|p1a: Ceruledge
|-damage|p1a: Ceruledge|65/100
|-ability|p1a: Ceruledge|Weak Armor|boost
|-unboost|p1a: Ceruledge|def|1
|-boost|p1a: Ceruledge|spe|2
|move|p1a: Ceruledge|Swords Dance|p1a: Ceruledge
|-boost|p1a: Ceruledge|atk|2
|
|upkeep
|turn|11
|
|t:|1769398766
|move|p1a: Ceruledge|Bitter Blade|p2a: Cinderace
|-resisted|p2a: Cinderace
|-damage|p2a: Cinderace|18/100
|-heal|p1a: Ceruledge|100/100|[from] drain|[of] p2a: Cinderace
|move|p2a: Cinderace|Pyro Ball|p1a: Ceruledge
|-resisted|p1a: Ceruledge
|-damage|p1a: Ceruledge|30/100
|-ability|p1a: Ceruledge|Weak Armor|boost
|-unboost|p1a: Ceruledge|def|1
|-boost|p1a: Ceruledge|spe|2
|
|upkeep
|turn|12
|
|t:|1769398774
|move|p1a: Ceruledge|Bitter Blade|p2a: Cinderace
|-resisted|p2a: Cinderace
|-damage|p2a: Cinderace|0 fnt
|-heal|p1a: Ceruledge|41/100|[from] drain|[of] p2a: Cinderace
|faint|p2a: Cinderace
|
|upkeep
|
|t:|1769398776
|switch|p2a: Great Tusk|Great Tusk|100/100
|-damage|p2a: Great Tusk|98/100|[from] Stealth Rock
|turn|13
|
|t:|1769398789
|move|p1a: Ceruledge|Bitter Blade|p2a: Great Tusk
|-damage|p2a: Great Tusk|4/100
|-heal|p1a: Ceruledge|100/100|[from] drain|[of] p2a: Great Tusk
|move|p2a: Great Tusk|Earthquake|p1a: Ceruledge
|-supereffective|p1a: Ceruledge
|-enditem|p1a: Ceruledge|Focus Sash
|-damage|p1a: Ceruledge|1/100
|-ability|p1a: Ceruledge|Weak Armor|boost
|-unboost|p1a: Ceruledge|def|1
|-boost|p1a: Ceruledge|spe|2
|
|upkeep
|turn|14
|-message|abronya21 forfeited.
|
|win|Cubavision
|raw|Cubavision's rating: 1338 &rarr; <strong>1362</strong><br />(+24 for winning)
|raw|abronya21's rating: 1411 &rarr; <strong>1387</strong><br />(-24 for losing)
|l|☆abronya21
|player|p2|
