|j|☆szeykoo
|j|☆endyeto
|t:|1769355965
|gametype|singles
|player|p1|szeykoo|steven|1246
|player|p2|endyeto|hiker-gen4|1309
|gen|9
|tier|[Gen 9] OU
|rated|
|rule|HP Percentage Mod: HP is shown in percentages
|rule|Endless Battle Clause: Forcing endless battles is banned
|rule|Species Clause: Limit one of each Pokémon
|rule|OHKO Clause: OHKO moves are banned
|rule|Evasion Items Clause: Evasion items are banned
|rule|Evasion Moves Clause: Evasion moves are banned
|rule|Evasion Abilities Clause: Evasion abilities are banned
|rule|Sleep Moves Clause: Sleep-inducing moves are banned
|clearpoke
|poke|p1|Torkoal, M|
|poke|p1|Blaziken, F|
|poke|p1|Lilligant, F|
|poke|p1|Gallade, M|
|poke|p1|Raging Bolt|
|poke|p1|Scream Tail|
|poke|p2|Garchomp, M|
|poke|p2|Iron Treads|
|poke|p2|Darkrai|
|poke|p2|Enamorus, F|
|poke|p2|Garganacl, F|
|poke|p2|Pecharunt|
|teampreview
|inactive|Battle timer is ON: inactive players will automatically lose when time's up. (requested by endyeto)
|
|t:|1769355968
|teamsize|p1|6
|teamsize|p2|6
|start
|switch|p1a: sun merchant|Torkoal, M, shiny|100/100
|switch|p2a: Garchomp|Garchomp, M|100/100
|-weather|SunnyDay|[from] ability: Drought|[of] p1a: sun merchant
|turn|1
|
|t:|1769355988
|move|p2a: Garchomp|Earthquake|p1a: sun merchant
|-supereffective|p1a: sun merchant
|-damage|p1a: sun merchant|53/100
|move|p1a: sun merchant|Will-O-Wisp|p2a: Garchomp
|-status|p2a: Garchomp|brn
|
|-weather|SunnyDay|[upkeep]
|-damage|p2a: Garchomp|94/100 brn|[from] brn
|upkeep
|turn|2
|
|t:|1769356007
|switch|p1a: killer|Lilligant, F|100/100
|move|p2a: Garchomp|Stealth Rock|p1a: killer
|-sidestart|p1: szeykoo|move: Stealth Rock
|
|-weather|SunnyDay|[upkeep]
|-damage|p2a: Garchomp|88/100 brn|[from] brn
|upkeep
|turn|3
|
|t:|1769356015
|move|p1a: killer|Quiver Dance|p1a: killer
|-boost|p1a: killer|spa|1
|-boost|p1a: killer|spd|1
|-boost|p1a: killer|spe|1
|move|p2a: Garchomp|Dragon Tail|p1a: killer
|-damage|p1a: killer|82/100
|drag|p1a: airfryer|Blaziken, F|100/100
|-damage|p1a: airfryer|88/100|[from] Stealth Rock
|-item|p1a: airfryer|Air Balloon
|
|-weather|SunnyDay|[upkeep]
|-damage|p2a: Garchomp|82/100 brn|[from] brn
|upkeep
|turn|4
|
|t:|1769356040
|move|p2a: Garchomp|Spikes|p1a: airfryer
|-sidestart|p1: szeykoo|Spikes
|move|p1a: airfryer|Knock Off|p2a: Garchomp
|-damage|p2a: Garchomp|58/100 brn
|-damage|p1a: airfryer|76/100|[from] ability: Rough Skin|[of] p2a: Garchomp
|-damage|p1a: airfryer|59/100|[from] item: Rocky Helmet|[of] p2a: Garchomp
|-enditem|p2a: Garchomp|Rocky Helmet|[from] move: Knock Off|[of] p1a: airfryer
|
|-weather|SunnyDay|[upkeep]
|-damage|p2a: Garchomp|52/100 brn|[from] brn
|-ability|p1a: airfryer|Speed Boost|boost
|-boost|p1a: airfryer|spe|1
|upkeep
|turn|5
|
|t:|1769356056
|move|p1a: airfryer|Swords Dance|p1a: airfryer
|-boost|p1a: airfryer|atk|2
|move|p2a: Garchomp|Dragon Tail|p1a: airfryer
|-damage|p1a: airfryer|40/100
|-enditem|p1a: airfryer|Air Balloon
|drag|p1a: sun merchant|Torkoal, M, shiny|53/100
|-damage|p1a: sun merchant|28/100|[from] Stealth Rock
|-damage|p1a: sun merchant|16/100|[from] Spikes
|
|-weather|SunnyDay|[upkeep]
|-damage|p2a: Garchomp|46/100 brn|[from] brn
|upkeep
|turn|6
|inactive|szeykoo has 120 seconds left.
|
|t:|1769356072
|switch|p1a: filler mon|Scream Tail|100/100
|-damage|p1a: filler mon|88/100|[from] Stealth Rock
|-damage|p1a: filler mon|76/100|[from] Spikes
|-activate|p1a: filler mon|ability: Protosynthesis
|-start|p1a: filler mon|protosynthesisspe
|move|p2a: Garchomp|Earthquake|p1a: filler mon
|-damage|p1a: filler mon|62/100
|
|-weather|SunnyDay|[upkeep]
|-heal|p1a: filler mon|68/100|[from] item: Leftovers
|-damage|p2a: Garchomp|40/100 brn|[from] brn
|upkeep
|turn|7
|inactive|szeykoo has 120 seconds left.
|inactive|endyeto has 120 seconds left.
|
|t:|1769356111
|move|p1a: filler mon|Psychic Noise|p2a: Garchomp
|-damage|p2a: Garchomp|20/100 brn
|-start|p2a: Garchomp|move: Heal Block
|move|p2a: Garchomp|Spikes|p1a: filler mon
|-sidestart|p1: szeykoo|Spikes
|
|-weather|SunnyDay|[upkeep]
|-heal|p1a: filler mon|74/100|[from] item: Leftovers
|-damage|p2a: Garchomp|13/100 brn|[from] brn
|upkeep
|turn|8
|inactive|endyeto has 120 seconds left.
|inactive|szeykoo has 120 seconds left.
|inactive|endyeto has 90 seconds left.
|
|t:|1769356148
|move|p1a: filler mon|Psychic Noise|p2a: Garchomp
|-damage|p2a: Garchomp|0 fnt
|faint|p2a: Garchomp
|
|-weather|none
|-end|p1a: filler mon|Protosynthesis
|-heal|p1a: filler mon|80/100|[from] item: Leftovers
|upkeep
|inactive|endyeto has 90 seconds left.
|
|t:|1769356164
|switch|p2a: Pecharunt|Pecharunt|100/100
|turn|9
|
|t:|1769356173
|-terastallize|p1a: filler mon|Steel
|move|p1a: filler mon|Wish|p1a: filler mon
|move|p2a: Pecharunt|Malignant Chain|p1a: filler mon
|-immune|p1a: filler mon
|
|-heal|p1a: filler mon|87/100|[from] item: Leftovers
|upkeep
|turn|10
|inactive|szeykoo has 120 seconds left.
|
|t:|1769356188
|-end|p1a: filler mon|Protosynthesis|[silent]
|switch|p1a: G.O.A.T.|Gallade, M, shiny|100/100
|-damage|p1a: G.O.A.T.|94/100|[from] Stealth Rock
|-damage|p1a: G.O.A.T.|78/100|[from] Spikes
|move|p2a: Pecharunt|Parting Shot|p1a: G.O.A.T.
|-unboost|p1a: G.O.A.T.|atk|1
|-unboost|p1a: G.O.A.T.|spa|1
|
|t:|1769356197
|switch|p2a: Enamorus|Enamorus, F|100/100|[from] Parting Shot
|
|-heal|p1a: G.O.A.T.|100/100|[from] move: Wish|[wisher] filler mon
|upkeep
|turn|11
|inactive|szeykoo has 120 seconds left.
|
|t:|1769356214
|switch|p1a: sun merchant|Torkoal, M, shiny|16/100
|-damage|p1a: sun merchant|0 fnt|[from] Stealth Rock
|faint|p1a: sun merchant
|move|p2a: Enamorus|Sludge Bomb|p1: sun merchant|[notarget]
|-fail|p2a: Enamorus
|
|upkeep
|inactive|szeykoo has 120 seconds left.
|
|t:|1769356220
|switch|p1a: king von|Raging Bolt|100/100
|-damage|p1a: king von|88/100|[from] Stealth Rock
|-damage|p1a: king von|72/100|[from] Spikes
|turn|12
|inactive|szeykoo has 120 seconds left.
|
|t:|1769356235
|switch|p2a: Iron Treads|Iron Treads|100/100
|move|p1a: king von|Thunderclap||[still]
|-fail|p1a: king von
|
|upkeep
|turn|13
|inactive|szeykoo has 120 seconds left.
|-message|szeykoo forfeited.
|
|win|endyeto
|raw|szeykoo's rating: 1246 &rarr; <strong>1225</strong><br />(-21 for losing)
|raw|endyeto's rating: 1309 &rarr; <strong>1325</strong><br />(+16 for winning)
|l|☆szeykoo
|player|p1|
|l|☆endyeto
|player|p2|
