|j|☆darcxzczxx
|j|☆pixel_dragon9
|t:|1769420397
|gametype|singles
|player|p1|darcxzczxx|170|1081
|player|p2|pixel_dragon9|2|1118
|gen|9
|tier|[Gen 9] OU
|rated|
|rule|HP Percentage Mod: HP is shown in percentages
|rule|Endless Battle Clause: Forcing endless battles is banned
|rule|Species Clause: Limit one of each Pokémon
|rule|OHKO Clause: OHKO moves are banned
|rule|Evasion Items Clause: Evasion items are banned
|rule|Evasion Moves Clause: Evasion moves are banned
|rule|Evasion Abilities Clause: Evasion abilities are banned
|rule|Sleep Moves Clause: Sleep-inducing moves are banned
|clearpoke
|poke|p1|Salamence, M|
|poke|p1|Espeon, F|
|poke|p1|Greninja-*, F|
|poke|p1|Garganacl, F|
|poke|p1|Mienshao, M|
|poke|p1|Scizor, F|
|poke|p2|Deoxys-Speed|
|poke|p2|Dragapult, F|
|poke|p2|Gholdengo|
|poke|p2|Great Tusk|
|poke|p2|Kingambit, F|
|poke|p2|Ogerpon-Wellspring, F|
|teampreview
|inactive|Battle timer is ON: inactive players will automatically lose when time's up. (requested by pixel_dragon9)
|
|t:|1769420405
|teamsize|p1|6
|teamsize|p2|6
|start
|switch|p1a: Scizor|Scizor, F|100/100
|switch|p2a: Deoxys|Deoxys-Speed|100/100
|-ability|p2a: Deoxys|Pressure
|turn|1
|
|t:|1769420416
|move|p2a: Deoxys|Stealth Rock|p1a: Scizor
|-sidestart|p1: darcxzczxx|move: Stealth Rock
|move|p1a: Scizor|U-turn|p2a: Deoxys
|-supereffective|p2a: Deoxys
|-enditem|p2a: Deoxys|Focus Sash
|-damage|p2a: Deoxys|1/100
|-damage|p1a: Scizor|91/100|[from] item: Life Orb
|
|t:|1769420423
|switch|p1a: Greninja|Greninja, F|100/100|[from] U-turn
|-damage|p1a: Greninja|88/100|[from] Stealth Rock
|
|upkeep
|turn|2
|
|t:|1769420428
|move|p2a: Deoxys|Spikes|p1a: Greninja
|-sidestart|p1: darcxzczxx|Spikes
|move|p1a: Greninja|U-turn|p2a: Deoxys
|-start|p1a: Greninja|typechange|Bug|[from] ability: Protean
|-supereffective|p2a: Deoxys
|-damage|p2a: Deoxys|0 fnt
|faint|p2a: Deoxys
|
|t:|1769420436
|switch|p1a: Scizor|Scizor, F|91/100|[from] U-turn
|-damage|p1a: Scizor|78/100|[from] Stealth Rock
|-damage|p1a: Scizor|66/100|[from] Spikes
|
|upkeep
|inactive|pixel_dragon9 has 120 seconds left.
|
|t:|1769420476
|switch|p2a: Dragapult|Dragapult, F|100/100
|turn|3
|
|t:|1769420484
|move|p2a: Dragapult|Phantom Force||[still]
|-prepare|p2a: Dragapult|Phantom Force
|move|p1a: Scizor|Swords Dance|p1a: Scizor
|-boost|p1a: Scizor|atk|2
|
|upkeep
|turn|4
|
|t:|1769420493
|move|p2a: Dragapult|Phantom Force|p1a: Scizor|[from] lockedmove
|-damage|p1a: Scizor|13/100
|-damage|p2a: Dragapult|91/100|[from] item: Life Orb
|move|p1a: Scizor|Swords Dance|p1a: Scizor
|-boost|p1a: Scizor|atk|2
|
|upkeep
|turn|5
|
|t:|1769420506
|move|p1a: Scizor|Bullet Punch|p2a: Dragapult
|-crit|p2a: Dragapult
|-damage|p2a: Dragapult|0 fnt
|faint|p2a: Dragapult
|-damage|p1a: Scizor|3/100|[from] item: Life Orb
|
|upkeep
|
|t:|1769420512
|switch|p2a: Great Tusk|Great Tusk|100/100
|turn|6
|
|t:|1769420517
|move|p1a: Scizor|Bullet Punch|p2a: Great Tusk
|-damage|p2a: Great Tusk|12/100
|-damage|p1a: Scizor|0 fnt|[from] item: Life Orb
|faint|p1a: Scizor
|move|p2a: Great Tusk|Rapid Spin|p1: Scizor|[notarget]
|-fail|p2a: Great Tusk
|
|upkeep
|
|t:|1769420525
|switch|p1a: Greninja|Greninja, F|88/100
|-damage|p1a: Greninja|76/100|[from] Stealth Rock
|-damage|p1a: Greninja|64/100|[from] Spikes
|turn|7
|
|t:|1769420550
|move|p1a: Greninja|U-turn|p2a: Great Tusk
|-start|p1a: Greninja|typechange|Bug|[from] ability: Protean
|-resisted|p2a: Great Tusk
|-damage|p2a: Great Tusk|5/100
|
|t:|1769420562
|switch|p1a: Espeon|Espeon, F|100/100|[from] U-turn
|-damage|p1a: Espeon|88/100|[from] Stealth Rock
|-damage|p1a: Espeon|76/100|[from] Spikes
|move|p2a: Great Tusk|Close Combat|p1a: Espeon
|-resisted|p1a: Espeon
|-damage|p1a: Espeon|8/100
|-unboost|p2a: Great Tusk|def|1
|-unboost|p2a: Great Tusk|spd|1
|
|-heal|p1a: Espeon|14/100|[from] item: Leftovers
|upkeep
|turn|8
|
|t:|1769420572
|move|p1a: Espeon|Psychic|p2a: Great Tusk
|-supereffective|p2a: Great Tusk
|-damage|p2a: Great Tusk|0 fnt
|faint|p2a: Great Tusk
|-end|p2a: Great Tusk|Protosynthesis|[silent]
|
|-heal|p1a: Espeon|20/100|[from] item: Leftovers
|upkeep
|
|t:|1769420577
|switch|p2a: Gholdengo|Gholdengo|100/100
|turn|9
|
|t:|1769420581
|move|p2a: Gholdengo|Shadow Ball|p1a: Espeon
|-supereffective|p1a: Espeon
|-damage|p1a: Espeon|0 fnt
|faint|p1a: Espeon
|
|upkeep
|
|t:|1769420585
|switch|p1a: Greninja|Greninja, F|64/100
|-damage|p1a: Greninja|51/100|[from] Stealth Rock
|-damage|p1a: Greninja|39/100|[from] Spikes
|turn|10
|
|t:|1769420589
|move|p2a: Gholdengo|Shadow Ball|p1a: Greninja
|-resisted|p1a: Greninja
|-damage|p1a: Greninja|3/100
|move|p1a: Greninja|Dark Pulse|p2a: Gholdengo
|-start|p1a: Greninja|typechange|Dark|[from] ability: Protean
|-supereffective|p2a: Gholdengo
|-damage|p2a: Gholdengo|0 fnt
|faint|p2a: Gholdengo
|
|upkeep
|
|t:|1769420608
|switch|p2a: Kingambit|Kingambit, F|100/100
|turn|11
|
|t:|1769420617
|switch|p1a: Salamence|Salamence, M|100/100
|-ability|p1a: Salamence|Intimidate|boost
|-unboost|p2a: Kingambit|atk|1
|-ability|p2a: Kingambit|Defiant|boost
|-boost|p2a: Kingambit|atk|2
|move|p2a: Kingambit|Sucker Punch||[still]
|-fail|p2a: Kingambit
|
|upkeep
|turn|12
|
|t:|1769420624
|move|p1a: Salamence|Dragon Dance|p1a: Salamence
|-boost|p1a: Salamence|atk|1
|-boost|p1a: Salamence|spe|1
|move|p2a: Kingambit|Kowtow Cleave|p1a: Salamence
|-damage|p1a: Salamence|0 fnt
|faint|p1a: Salamence
|
|upkeep
|
|t:|1769420630
|switch|p1a: Mienshao|Mienshao, M|100/100
|-damage|p1a: Mienshao|95/100|[from] Stealth Rock
|-damage|p1a: Mienshao|82/100|[from] Spikes
|turn|13
|
|t:|1769420635
|-terastallize|p2a: Kingambit|Ghost
|move|p1a: Mienshao|High Jump Kick|p2a: Kingambit
|-immune|p2a: Kingambit
|-damage|p1a: Mienshao|33/100|[from] highjumpkick
|move|p2a: Kingambit|Kowtow Cleave|p1a: Mienshao
|-resisted|p1a: Mienshao
|-damage|p1a: Mienshao|0 fnt
|faint|p1a: Mienshao
|
|upkeep
|
|t:|1769420646
|switch|p1a: Greninja|Greninja, F|3/100
|-damage|p1a: Greninja|0 fnt|[from] Stealth Rock
|faint|p1a: Greninja
|
|t:|1769420649
|switch|p1a: Garganacl|Garganacl, F|100/100
|-damage|p1a: Garganacl|88/100|[from] Stealth Rock
|-damage|p1a: Garganacl|76/100|[from] Spikes
|turn|14
|
|t:|1769420652
|move|p2a: Kingambit|Iron Head|p1a: Garganacl
|-supereffective|p1a: Garganacl
|-damage|p1a: Garganacl|0 fnt
|faint|p1a: Garganacl
|
|win|pixel_dragon9
|raw|darcxzczxx's rating: 1081 &rarr; <strong>1063</strong><br />(-18 for losing)
|raw|pixel_dragon9's rating: 1143 &rarr; <strong>1164</strong><br />(+21 for winning)
|l|☆darcxzczxx
|player|p1|
