|j|☆stormhero
|j|☆Fabe3107
|t:|1769404355
|gametype|singles
|player|p1|stormhero|hugh|1423
|player|p2|Fabe3107|170|1390
|gen|9
|tier|[Gen 9] OU
|rated|
|rule|HP Percentage Mod: HP is shown in percentages
|rule|Endless Battle Clause: Forcing endless battles is banned
|rule|Species Clause: Limit one of each Pokémon
|rule|OHKO Clause: OHKO moves are banned
|rule|Evasion Items Clause: Evasion items are banned
|rule|Evasion Moves Clause: Evasion moves are banned
|rule|Evasion Abilities Clause: Evasion abilities are banned
|rule|Sleep Moves Clause: Sleep-inducing moves are banned
|clearpoke
|poke|p1|Cinderace, M|
|poke|p1|Gholdengo|
|poke|p1|Meowscarada, F|
|poke|p1|Ogerpon-Cornerstone, F|
|poke|p1|Ting-Lu|
|poke|p1|Primarina, M|
|poke|p2|Great Tusk|
|poke|p2|Pecharunt|
|poke|p2|Iron Valiant|
|poke|p2|Iron Crown|
|poke|p2|Samurott-Hisui, M|
|poke|p2|Dragonite, M|
|teampreview
|inactive|Battle timer is ON: inactive players will automatically lose when time's up. (requested by Fabe3107)
|inactive|Fabe3107 has 120 seconds left.
|
|t:|1769404408
|teamsize|p1|6
|teamsize|p2|6
|start
|switch|p1a: Primarina|Primarina, M, shiny|100/100
|switch|p2a: Samurott|Samurott-Hisui, M, shiny|100/100
|turn|1
|
|t:|1769404415
|move|p2a: Samurott|Flip Turn|p1a: Primarina
|-resisted|p1a: Primarina
|-damage|p1a: Primarina|83/100
|
|t:|1769404422
|switch|p2a: Iron Crown|Iron Crown|100/100|[from] Flip Turn
|move|p1a: Primarina|Moonblast|p2a: Iron Crown
|-resisted|p2a: Iron Crown
|-damage|p2a: Iron Crown|82/100
|-unboost|p2a: Iron Crown|spa|1
|
|upkeep
|turn|2
|
|t:|1769404433
|switch|p1a: Ting-Lu|Ting-Lu|100/100
|-ability|p1a: Ting-Lu|Vessel of Ruin
|move|p2a: Iron Crown|Tachyon Cutter|p1a: Ting-Lu
|-damage|p1a: Ting-Lu|91/100
|-damage|p1a: Ting-Lu|82/100
|-hitcount|p1a: Ting-Lu|2
|
|-heal|p1a: Ting-Lu|88/100|[from] item: Leftovers
|upkeep
|turn|3
|
|t:|1769404450
|-end|p2a: Iron Crown|Quark Drive|[silent]
|switch|p2a: Dragonite|Dragonite, M, shiny|100/100
|move|p1a: Ting-Lu|Spikes|p2a: Dragonite
|-sidestart|p2: Fabe3107|Spikes
|
|-heal|p1a: Ting-Lu|94/100|[from] item: Leftovers
|upkeep
|turn|4
|
|t:|1769404459
|move|p2a: Dragonite|Earthquake|p1a: Ting-Lu
|-damage|p1a: Ting-Lu|79/100
|move|p1a: Ting-Lu|Ruination|p2a: Dragonite
|-damage|p2a: Dragonite|51/100
|
|-heal|p1a: Ting-Lu|85/100|[from] item: Leftovers
|upkeep
|turn|5
|
|t:|1769404476
|move|p2a: Dragonite|Roost|p2a: Dragonite
|-heal|p2a: Dragonite|100/100
|-singleturn|p2a: Dragonite|move: Roost
|move|p1a: Ting-Lu|Spikes|p2a: Dragonite
|-sidestart|p2: Fabe3107|Spikes
|
|-heal|p1a: Ting-Lu|92/100|[from] item: Leftovers
|upkeep
|turn|6
|
|t:|1769404486
|switch|p2a: Great Tusk|Great Tusk, shiny|100/100
|move|p1a: Ting-Lu|Ruination|p2a: Great Tusk
|-damage|p2a: Great Tusk|51/100
|
|-heal|p1a: Ting-Lu|98/100|[from] item: Leftovers
|upkeep
|turn|7
|
|t:|1769404495
|move|p2a: Great Tusk|Rapid Spin|p1a: Ting-Lu
|-damage|p1a: Ting-Lu|90/100
|-boost|p2a: Great Tusk|spe|1
|-sideend|p2: Fabe3107|Spikes|[from] move: Rapid Spin|[of] p2a: Great Tusk
|move|p1a: Ting-Lu|Earthquake|p2a: Great Tusk
|-damage|p2a: Great Tusk|21/100
|
|-heal|p1a: Ting-Lu|96/100|[from] item: Leftovers
|upkeep
|turn|8
|
|t:|1769404506
|move|p2a: Great Tusk|Stealth Rock|p1a: Ting-Lu
|-sidestart|p1: stormhero|move: Stealth Rock
|move|p1a: Ting-Lu|Earthquake|p2a: Great Tusk
|-damage|p2a: Great Tusk|0 fnt
|faint|p2a: Great Tusk
|-end|p2a: Great Tusk|Protosynthesis|[silent]
|
|-heal|p1a: Ting-Lu|100/100|[from] item: Leftovers
|upkeep
|
|t:|1769404522
|switch|p2a: Samurott|Samurott-Hisui, M, shiny|100/100
|turn|9
|inactive|stormhero has 120 seconds left.
|
|t:|1769404558
|move|p2a: Samurott|Knock Off|p1a: Ting-Lu
|-resisted|p1a: Ting-Lu
|-damage|p1a: Ting-Lu|88/100
|-enditem|p1a: Ting-Lu|Leftovers|[from] move: Knock Off|[of] p2a: Samurott
|move|p1a: Ting-Lu|Ruination|p2a: Samurott
|-damage|p2a: Samurott|51/100
|
|upkeep
|turn|10
|inactive|stormhero has 120 seconds left.
|
|t:|1769404571
|move|p2a: Samurott|Flip Turn|p1a: Ting-Lu
|-supereffective|p1a: Ting-Lu
|-damage|p1a: Ting-Lu|62/100
|
|t:|1769404589
|switch|p2a: Iron Valiant|Iron Valiant, shiny|100/100|[from] Flip Turn
|move|p1a: Ting-Lu|Earthquake|p2a: Iron Valiant
|-damage|p2a: Iron Valiant|48/100
|
|upkeep
|turn|11
|inactive|stormhero has 120 seconds left.
|
|t:|1769404611
|switch|p1a: CTC|Gholdengo, shiny|100/100
|-damage|p1a: CTC|94/100|[from] Stealth Rock
|move|p2a: Iron Valiant|Moonblast|p1a: CTC
|-resisted|p1a: CTC
|-damage|p1a: CTC|55/100
|
|upkeep
|turn|12
|inactive|stormhero has 120 seconds left.
|
|t:|1769404630
|-end|p2a: Iron Valiant|Quark Drive|[silent]
|switch|p2a: Samurott|Samurott-Hisui, M, shiny|51/100
|move|p1a: CTC|Shadow Ball|p2a: Samurott
|-resisted|p2a: Samurott
|-damage|p2a: Samurott|17/100
|
|upkeep
|turn|13
|
|t:|1769404639
|move|p2a: Samurott|Sucker Punch|p1a: CTC
|-supereffective|p1a: CTC
|-damage|p1a: CTC|0 fnt
|faint|p1a: CTC
|
|upkeep
|inactive|stormhero has 90 seconds left.
|
|t:|1769404672
|switch|p1a: Meowscarada|Meowscarada, F, shiny|100/100
|-damage|p1a: Meowscarada|88/100|[from] Stealth Rock
|turn|14
|inactive|Fabe3107 has 120 seconds left.
|
|t:|1769404700
|move|p2a: Samurott|Sucker Punch|p1a: Meowscarada
|-resisted|p1a: Meowscarada
|-damage|p1a: Meowscarada|56/100
|move|p1a: Meowscarada|Knock Off|p2a: Samurott
|-start|p1a: Meowscarada|typechange|Dark|[from] ability: Protean
|-resisted|p2a: Samurott
|-damage|p2a: Samurott|0 fnt
|-enditem|p2a: Samurott|Black Glasses|[from] move: Knock Off|[of] p1a: Meowscarada
|faint|p2a: Samurott
|
|upkeep
|inactive|Fabe3107 has 120 seconds left.
|
|t:|1769404713
|switch|p2a: Iron Valiant|Iron Valiant, shiny|48/100
|turn|15
|
|t:|1769404720
|move|p2a: Iron Valiant|Vacuum Wave|p1a: Meowscarada
|-supereffective|p1a: Meowscarada
|-damage|p1a: Meowscarada|0 fnt
|faint|p1a: Meowscarada
|
|upkeep
|
|t:|1769404730
|switch|p1a: Primarina|Primarina, M, shiny|83/100
|-damage|p1a: Primarina|70/100|[from] Stealth Rock
|turn|16
|inactive|Fabe3107 has 120 seconds left.
|inactive|Fabe3107 has 90 seconds left.
|
|t:|1769404783
|-end|p2a: Iron Valiant|Quark Drive|[silent]
|switch|p2a: Iron Crown|Iron Crown|82/100
|move|p1a: Primarina|Surf|p2a: Iron Crown
|-damage|p2a: Iron Crown|47/100
|
|upkeep
|turn|17
|
|t:|1769404795
|move|p2a: Iron Crown|Tachyon Cutter|p1a: Primarina
|-damage|p1a: Primarina|55/100
|-damage|p1a: Primarina|38/100
|-hitcount|p1a: Primarina|2
|move|p1a: Primarina|Surf|p2a: Iron Crown
|-damage|p2a: Iron Crown|14/100
|
|upkeep
|turn|18
|
|t:|1769404811
|move|p2a: Iron Crown|Volt Switch|p1a: Primarina
|-supereffective|p1a: Primarina
|-damage|p1a: Primarina|9/100
|inactive|Fabe3107 has 90 seconds left.
|
|t:|1769404839
|-end|p2a: Iron Crown|Quark Drive|[silent]
|switch|p2a: Dragonite|Dragonite, M, shiny|100/100|[from] Volt Switch
|move|p1a: Primarina|Surf|p2a: Dragonite
|-resisted|p2a: Dragonite
|-damage|p2a: Dragonite|81/100
|
|upkeep
|turn|19
|
|t:|1769404858
|move|p2a: Dragonite|Earthquake|p1a: Primarina
|-damage|p1a: Primarina|0 fnt
|faint|p1a: Primarina
|
|upkeep
|
|t:|1769404871
|switch|p1a: Ogerpon|Ogerpon-Cornerstone, F|100/100
|-damage|p1a: Ogerpon|88/100|[from] Stealth Rock
|turn|20
|inactive|stormhero has 90 seconds left.
|inactive|Fabe3107 has 60 seconds left.
|
|t:|1769404919
|-terastallize|p2a: Dragonite|Flying
|move|p1a: Ogerpon|Ivy Cudgel|p2a: Dragonite|[anim] Ivy Cudgel Rock
|-supereffective|p2a: Dragonite
|-damage|p2a: Dragonite|0 fnt
|faint|p2a: Dragonite
|
|upkeep
|
|t:|1769404927
|switch|p2a: Iron Crown|Iron Crown|14/100
|turn|21
|
|t:|1769404935
|move|p1a: Ogerpon|Ivy Cudgel|p2a: Iron Crown|[anim] Ivy Cudgel Rock
|-resisted|p2a: Iron Crown
|-crit|p2a: Iron Crown
|-damage|p2a: Iron Crown|0 fnt
|faint|p2a: Iron Crown
|-end|p2a: Iron Crown|Quark Drive|[silent]
|
|upkeep
|
|t:|1769404947
|switch|p2a: Pecharunt|Pecharunt|100/100
|turn|22
|inactive|stormhero has 90 seconds left.
|inactive|stormhero has 60 seconds left.
|
|t:|1769404986
|switch|p1a: Ting-Lu|Ting-Lu|62/100
|-damage|p1a: Ting-Lu|56/100|[from] Stealth Rock
|-ability|p1a: Ting-Lu|Vessel of Ruin
|move|p2a: Pecharunt|Malignant Chain|p1a: Ting-Lu
|-resisted|p1a: Ting-Lu
|-damage|p1a: Ting-Lu|49/100
|
|upkeep
|turn|23
|inactive|stormhero has 60 seconds left.
|
|t:|1769405010
|move|p2a: Pecharunt|Malignant Chain|p1a: Ting-Lu
|-resisted|p1a: Ting-Lu
|-damage|p1a: Ting-Lu|41/100
|move|p1a: Ting-Lu|Earthquake|p2a: Pecharunt
|-supereffective|p2a: Pecharunt
|-damage|p2a: Pecharunt|64/100
|
|upkeep
|turn|24
|inactive|stormhero has 60 seconds left.
|
|t:|1769405026
|move|p2a: Pecharunt|Malignant Chain|p1a: Ting-Lu
|-resisted|p1a: Ting-Lu
|-damage|p1a: Ting-Lu|32/100
|-status|p1a: Ting-Lu|tox
|-start|p1a: Ting-Lu|confusion|[from] ability: Poison Puppeteer|[of] p2a: Pecharunt
|-activate|p1a: Ting-Lu|confusion
|-damage|p1a: Ting-Lu|28/100 tox|[from] confusion
|
|-damage|p1a: Ting-Lu|22/100 tox|[from] psn
|upkeep
|turn|25
|
|t:|1769405040
|move|p2a: Pecharunt|Recover|p2a: Pecharunt
|-heal|p2a: Pecharunt|100/100
|-end|p1a: Ting-Lu|confusion
|move|p1a: Ting-Lu|Earthquake|p2a: Pecharunt
|-supereffective|p2a: Pecharunt
|-damage|p2a: Pecharunt|64/100
|
|-damage|p1a: Ting-Lu|9/100 tox|[from] psn
|upkeep
|turn|26
|
|t:|1769405050
|move|p2a: Pecharunt|Recover|p2a: Pecharunt
|-heal|p2a: Pecharunt|100/100
|move|p1a: Ting-Lu|Earthquake|p2a: Pecharunt
|-supereffective|p2a: Pecharunt
|-crit|p2a: Pecharunt
|-damage|p2a: Pecharunt|51/100
|
|-damage|p1a: Ting-Lu|0 fnt|[from] psn
|faint|p1a: Ting-Lu
|upkeep
|
|t:|1769405059
|switch|p1a: Ogerpon|Ogerpon-Cornerstone, F|88/100
|-damage|p1a: Ogerpon|76/100|[from] Stealth Rock
|turn|27
|inactive|stormhero has 60 seconds left.
|inactive|Fabe3107 has 60 seconds left.
|
|t:|1769405072
|-terastallize|p1a: Ogerpon|Rock
|detailschange|p1a: Ogerpon|Ogerpon-Cornerstone-Tera, F, tera:Rock
|-ability|p1a: Ogerpon|Embody Aspect (Cornerstone)|boost
|-boost|p1a: Ogerpon|def|1
|move|p1a: Ogerpon|Ivy Cudgel|p2a: Pecharunt|[anim] Ivy Cudgel Rock
|-damage|p2a: Pecharunt|15/100
|move|p2a: Pecharunt|Malignant Chain|p1a: Ogerpon
|-resisted|p1a: Ogerpon
|-damage|p1a: Ogerpon|59/100
|-status|p1a: Ogerpon|tox
|-start|p1a: Ogerpon|confusion|[from] ability: Poison Puppeteer|[of] p2a: Pecharunt
|
|-damage|p1a: Ogerpon|53/100 tox|[from] psn
|upkeep
|turn|28
|inactive|stormhero has 60 seconds left.
|inactive|Fabe3107 has 60 seconds left.
|
|t:|1769405089
|-activate|p1a: Ogerpon|confusion
|move|p1a: Ogerpon|Ivy Cudgel|p2a: Pecharunt|[anim] Ivy Cudgel Rock
|-damage|p2a: Pecharunt|0 fnt
|faint|p2a: Pecharunt
|
|-damage|p1a: Ogerpon|41/100 tox|[from] psn
|upkeep
|
|t:|1769405093
|switch|p2a: Iron Valiant|Iron Valiant, shiny|48/100
|turn|29
|inactive|stormhero has 60 seconds left.
|inactive|Fabe3107 has 60 seconds left.
|
|t:|1769405107
|move|p2a: Iron Valiant|Vacuum Wave|p1a: Ogerpon
|-supereffective|p1a: Ogerpon
|-damage|p1a: Ogerpon|0 fnt
|faint|p1a: Ogerpon
|detailschange|p1: Ogerpon|Ogerpon-Cornerstone, F|[silent]
|
|upkeep
|
|t:|1769405111
|switch|p1a: ACE|Cinderace, M, shiny|100/100
|turn|30
|
|t:|1769405114
|move|p2a: Iron Valiant|Vacuum Wave|p1a: ACE
|-damage|p1a: ACE|59/100
|move|p1a: ACE|Pyro Ball|p2a: Iron Valiant
|-damage|p2a: Iron Valiant|0 fnt
|faint|p2a: Iron Valiant
|-end|p2a: Iron Valiant|Quark Drive|[silent]
|
|win|stormhero
|raw|stormhero's rating: 1423 &rarr; <strong>1441</strong><br />(+18 for winning)
|raw|Fabe3107's rating: 1390 &rarr; <strong>1372</strong><br />(-18 for losing)
|c|☆stormhero|gg
|l|☆Fabe3107
|player|p2|
|l|☆stormhero
|player|p1|
