|j|☆D3xB0y
|j|☆zhareef
|t:|1769348320
|gametype|singles
|player|p1|D3xB0y|101|1194
|player|p2|zhareef|dragontamer|1184
|gen|9
|tier|[Gen 9] OU
|rated|
|rule|HP Percentage Mod: HP is shown in percentages
|rule|Endless Battle Clause: Forcing endless battles is banned
|rule|Species Clause: Limit one of each Pokémon
|rule|OHKO Clause: OHKO moves are banned
|rule|Evasion Items Clause: Evasion items are banned
|rule|Evasion Moves Clause: Evasion moves are banned
|rule|Evasion Abilities Clause: Evasion abilities are banned
|rule|Sleep Moves Clause: Sleep-inducing moves are banned
|clearpoke
|poke|p1|Grimmsnarl, M|
|poke|p1|Iron Moth|
|poke|p1|Garchomp, F|
|poke|p1|Iron Valiant|
|poke|p1|Great Tusk|
|poke|p1|Landorus-Therian, M|
|poke|p2|Gyarados, F|
|poke|p2|Garchomp, F|
|poke|p2|Corviknight, M|
|poke|p2|Cloyster, F|
|poke|p2|Kingambit, F|
|poke|p2|Gliscor, F|
|teampreview
|inactive|Battle timer is ON: inactive players will automatically lose when time's up. (requested by zhareef)
|
|t:|1769348326
|teamsize|p1|6
|teamsize|p2|6
|start
|switch|p1a: Grimmsnarl|Grimmsnarl, M|100/100
|switch|p2a: Clampz|Cloyster, F|100/100
|turn|1
|
|t:|1769348335
|move|p1a: Grimmsnarl|Taunt|p2a: Clampz
|-start|p2a: Clampz|move: Taunt
|cant|p2a: Clampz|move: Taunt|Shell Smash
|
|upkeep
|turn|2
|
|t:|1769348347
|switch|p2a: Slizer|Gliscor, F|100/100
|move|p1a: Grimmsnarl|Reflect|p1a: Grimmsnarl
|-sidestart|p1: D3xB0y|Reflect
|
|-status|p2a: Slizer|tox|[from] item: Toxic Orb
|upkeep
|turn|3
|
|t:|1769348357
|move|p1a: Grimmsnarl|Light Screen|p1a: Grimmsnarl
|-sidestart|p1: D3xB0y|move: Light Screen
|move|p2a: Slizer|Toxic|p1a: Grimmsnarl
|-status|p1a: Grimmsnarl|tox
|
|-damage|p1a: Grimmsnarl|94/100 tox|[from] psn
|upkeep
|turn|4
|
|t:|1769348365
|move|p1a: Grimmsnarl|Parting Shot|p2a: Slizer
|-unboost|p2a: Slizer|atk|1
|-unboost|p2a: Slizer|spa|1
|
|t:|1769348377
|switch|p1a: Iron Moth|Iron Moth|100/100|[from] Parting Shot
|-enditem|p1a: Iron Moth|Booster Energy
|-activate|p1a: Iron Moth|ability: Quark Drive|[fromitem]
|-start|p1a: Iron Moth|quarkdrivespa
|move|p2a: Slizer|Swords Dance|p2a: Slizer
|-boost|p2a: Slizer|atk|2
|
|upkeep
|turn|5
|
|t:|1769348403
|-terastallize|p1a: Iron Moth|Fire
|move|p1a: Iron Moth|Fiery Dance|p2a: Slizer
|-damage|p2a: Slizer|3/100 tox
|-boost|p1a: Iron Moth|spa|1
|move|p2a: Slizer|Earthquake|p1a: Iron Moth
|-supereffective|p1a: Iron Moth
|-damage|p1a: Iron Moth|12/100
|
|-heal|p2a: Slizer|16/100 tox|[from] ability: Poison Heal
|upkeep
|turn|6
|
|t:|1769348421
|move|p2a: Slizer|Protect|p2a: Slizer
|-singleturn|p2a: Slizer|Protect
|move|p1a: Iron Moth|Fiery Dance|p2a: Slizer
|-activate|p2a: Slizer|move: Protect
|
|-heal|p2a: Slizer|28/100 tox|[from] ability: Poison Heal
|upkeep
|turn|7
|
|t:|1769348432
|move|p1a: Iron Moth|Fiery Dance|p2a: Slizer
|-damage|p2a: Slizer|0 fnt
|-boost|p1a: Iron Moth|spa|1
|faint|p2a: Slizer
|
|upkeep
|
|t:|1769348442
|switch|p2a: Shadow|Kingambit, F|100/100
|-activate|p2a: Shadow|ability: Supreme Overlord
|-start|p2a: Shadow|fallen1|[silent]
|turn|8
|
|t:|1769348450
|move|p2a: Shadow|Sucker Punch||[still]
|-fail|p2a: Shadow
|move|p1a: Iron Moth|Agility|p1a: Iron Moth
|-boost|p1a: Iron Moth|spe|2
|
|upkeep
|turn|9
|
|t:|1769348459
|move|p1a: Iron Moth|Agility|p1a: Iron Moth
|-boost|p1a: Iron Moth|spe|2
|move|p2a: Shadow|Kowtow Cleave|p1a: Iron Moth
|-damage|p1a: Iron Moth|0 fnt
|faint|p1a: Iron Moth
|-end|p1a: Iron Moth|Quark Drive|[silent]
|
|-sideend|p1: D3xB0y|Reflect
|upkeep
|
|t:|1769348472
|switch|p1a: Grimmsnarl|Grimmsnarl, M|94/100 tox
|turn|10
|
|t:|1769348479
|move|p1a: Grimmsnarl|Reflect|p1a: Grimmsnarl
|-sidestart|p1: D3xB0y|Reflect
|move|p2a: Shadow|Swords Dance|p2a: Shadow
|-boost|p2a: Shadow|atk|2
|
|-damage|p1a: Grimmsnarl|88/100 tox|[from] psn
|-sideend|p1: D3xB0y|move: Light Screen
|upkeep
|turn|11
|
|t:|1769348490
|switch|p1a: Landorus|Landorus-Therian, M|100/100
|-ability|p1a: Landorus|Intimidate|boost
|-unboost|p2a: Shadow|atk|1
|move|p2a: Shadow|Iron Head|p1a: Landorus
|-damage|p1a: Landorus|57/100
|
|upkeep
|turn|12
|
|t:|1769348508
|-terastallize|p2a: Shadow|Dark
|move|p1a: Landorus|Earthquake|p2a: Shadow
|-damage|p2a: Shadow|59/100
|move|p2a: Shadow|Kowtow Cleave|p1a: Landorus
|-damage|p1a: Landorus|0 fnt
|faint|p1a: Landorus
|
|upkeep
|
|t:|1769348511
|switch|p1a: Iron Valiant|Iron Valiant|100/100
|turn|13
|
|t:|1769348523
|move|p2a: Shadow|Sucker Punch|p1a: Iron Valiant
|-resisted|p1a: Iron Valiant
|-damage|p1a: Iron Valiant|83/100
|move|p1a: Iron Valiant|Close Combat|p2a: Shadow
|-supereffective|p2a: Shadow
|-damage|p2a: Shadow|0 fnt
|-unboost|p1a: Iron Valiant|def|1
|-unboost|p1a: Iron Valiant|spd|1
|faint|p2a: Shadow
|-end|p2a: Shadow|fallen1|[silent]
|-damage|p1a: Iron Valiant|74/100|[from] item: Life Orb
|
|upkeep
|
|t:|1769348545
|switch|p2a: Clampz|Cloyster, F|100/100
|turn|14
|
|t:|1769348549
|move|p1a: Iron Valiant|Close Combat|p2a: Clampz
|-supereffective|p2a: Clampz
|-enditem|p2a: Clampz|Focus Sash
|-damage|p2a: Clampz|1/100
|-unboost|p1a: Iron Valiant|def|1
|-unboost|p1a: Iron Valiant|spd|1
|-damage|p1a: Iron Valiant|64/100|[from] item: Life Orb
|move|p2a: Clampz|Shell Smash|p2a: Clampz
|-unboost|p2a: Clampz|def|1
|-unboost|p2a: Clampz|spd|1
|-boost|p2a: Clampz|atk|2
|-boost|p2a: Clampz|spa|2
|-boost|p2a: Clampz|spe|2
|
|upkeep
|turn|15
|
|t:|1769348565
|move|p2a: Clampz|Icicle Spear|p1a: Iron Valiant
|-damage|p1a: Iron Valiant|32/100
|-damage|p1a: Iron Valiant|2/100
|-damage|p1a: Iron Valiant|0 fnt
|faint|p1a: Iron Valiant
|-end|p1a: Iron Valiant|Quark Drive|[silent]
|-hitcount|p1: Iron Valiant|3
|
|upkeep
|
|t:|1769348571
|switch|p1a: Grimmsnarl|Grimmsnarl, M|88/100 tox
|turn|16
|
|t:|1769348577
|move|p1a: Grimmsnarl|Parting Shot|p2a: Clampz
|-unboost|p2a: Clampz|atk|1
|-unboost|p2a: Clampz|spa|1
|
|t:|1769348582
|switch|p1a: Great Tusk|Great Tusk|100/100|[from] Parting Shot
|move|p2a: Clampz|Icicle Spear|p1a: Great Tusk
|-supereffective|p1a: Great Tusk
|-damage|p1a: Great Tusk|87/100
|-supereffective|p1a: Great Tusk
|-damage|p1a: Great Tusk|74/100
|-supereffective|p1a: Great Tusk
|-damage|p1a: Great Tusk|61/100
|-supereffective|p1a: Great Tusk
|-damage|p1a: Great Tusk|49/100
|-supereffective|p1a: Great Tusk
|-damage|p1a: Great Tusk|37/100
|-hitcount|p1a: Great Tusk|5
|
|upkeep
|turn|17
|
|t:|1769348596
|move|p2a: Clampz|Icicle Spear|p1a: Great Tusk
|-supereffective|p1a: Great Tusk
|-crit|p1a: Great Tusk
|-damage|p1a: Great Tusk|0 fnt
|faint|p1a: Great Tusk
|-end|p1a: Great Tusk|Protosynthesis|[silent]
|-hitcount|p1: Great Tusk|1
|
|-sideend|p1: D3xB0y|Reflect
|upkeep
|
|t:|1769348599
|switch|p1a: Grimmsnarl|Grimmsnarl, M|88/100 tox
|turn|18
|
|t:|1769348607
|move|p1a: Grimmsnarl|Taunt|p2a: Clampz
|-start|p2a: Clampz|move: Taunt
|cant|p2a: Clampz|move: Taunt|Shell Smash
|
|-damage|p1a: Grimmsnarl|82/100 tox|[from] psn
|upkeep
|turn|19
|
|t:|1769348614
|move|p1a: Grimmsnarl|Reflect|p1a: Grimmsnarl
|-sidestart|p1: D3xB0y|Reflect
|move|p2a: Clampz|Icicle Spear|p1a: Grimmsnarl
|-damage|p1a: Grimmsnarl|71/100 tox
|-damage|p1a: Grimmsnarl|61/100 tox
|-damage|p1a: Grimmsnarl|51/100 tox
|-damage|p1a: Grimmsnarl|41/100 tox
|-damage|p1a: Grimmsnarl|31/100 tox
|-hitcount|p1a: Grimmsnarl|5
|
|-damage|p1a: Grimmsnarl|19/100 tox|[from] psn
|upkeep
|turn|20
|
|t:|1769348631
|move|p1a: Grimmsnarl|Light Screen|p1a: Grimmsnarl
|-sidestart|p1: D3xB0y|move: Light Screen
|move|p2a: Clampz|Icicle Spear|p1a: Grimmsnarl
|-damage|p1a: Grimmsnarl|9/100 tox
|-damage|p1a: Grimmsnarl|0 fnt
|faint|p1a: Grimmsnarl
|-hitcount|p1: Grimmsnarl|2
|
|-end|p2a: Clampz|move: Taunt
|upkeep
|
|t:|1769348635
|switch|p1a: Garchomp|Garchomp, F|100/100
|turn|21
|
|t:|1769348645
|move|p2a: Clampz|Icicle Spear|p1a: Garchomp
|-supereffective|p1a: Garchomp
|-damage|p1a: Garchomp|69/100
|-supereffective|p1a: Garchomp
|-damage|p1a: Garchomp|34/100
|-supereffective|p1a: Garchomp
|-damage|p1a: Garchomp|0 fnt
|faint|p1a: Garchomp
|-hitcount|p1: Garchomp|3
|
|win|zhareef
|raw|D3xB0y's rating: 1194 &rarr; <strong>1168</strong><br />(-26 for losing)
|raw|zhareef's rating: 1184 &rarr; <strong>1210</strong><br />(+26 for winning)
|l|☆D3xB0y
|player|p1|
|l|☆zhareef
|player|p2|
