|j|☆John orb
|j|☆rj215
|t:|1769413812
|gametype|singles
|player|p1|John orb|li|1252
|player|p2|rj215|170|1257
|gen|9
|tier|[Gen 9] OU
|rated|
|rule|HP Percentage Mod: HP is shown in percentages
|rule|Endless Battle Clause: Forcing endless battles is banned
|rule|Species Clause: Limit one of each Pokémon
|rule|OHKO Clause: OHKO moves are banned
|rule|Evasion Items Clause: Evasion items are banned
|rule|Evasion Moves Clause: Evasion moves are banned
|rule|Evasion Abilities Clause: Evasion abilities are banned
|rule|Sleep Moves Clause: Sleep-inducing moves are banned
|clearpoke
|poke|p1|Kingambit, M|
|poke|p1|Mimikyu, M|
|poke|p1|Great Tusk|
|poke|p1|Landorus-Therian, M|
|poke|p1|Cinderace, F|
|poke|p1|Deoxys-Speed|
|poke|p2|Cramorant, M|
|poke|p2|Dragonite, F|
|poke|p2|Ting-Lu|
|poke|p2|Mimikyu, F|
|poke|p2|Skeledirge, F|
|poke|p2|Revavroom, M|
|teampreview
|
|t:|1769413828
|teamsize|p1|6
|teamsize|p2|6
|start
|switch|p1a: Deoxys|Deoxys-Speed|100/100
|switch|p2a: Cramorant|Cramorant, M|100/100
|-ability|p1a: Deoxys|Pressure
|turn|1
|
|t:|1769413839
|move|p1a: Deoxys|Knock Off|p2a: Cramorant
|-damage|p2a: Cramorant|50/100
|-enditem|p2a: Cramorant|Focus Sash|[from] move: Knock Off|[of] p1a: Deoxys
|move|p2a: Cramorant|Surf|p1a: Deoxys
|-formechange|p2a: Cramorant|Cramorant-Gorging|
|-damage|p1a: Deoxys|37/100
|
|upkeep
|turn|2
|
|t:|1769413848
|move|p2a: Cramorant|Endure|p2a: Cramorant
|-singleturn|p2a: Cramorant|move: Endure
|move|p1a: Deoxys|Psycho Boost|p2a: Cramorant
|-activate|p2a: Cramorant|move: Endure
|-damage|p2a: Cramorant|1/100
|-unboost|p1a: Deoxys|spa|2
|-damage|p1a: Deoxys|12/100|[from] ability: Gulp Missile|[of] p2a: Cramorant
|-status|p1a: Deoxys|par
|-formechange|p2a: Cramorant|Cramorant|
|-enditem|p1a: Deoxys|Eject Pack
|
|t:|1769413863
|switch|p1a: Landorus|Landorus-Therian, M|100/100
|-ability|p1a: Landorus|Intimidate|boost
|-unboost|p2a: Cramorant|atk|1
|
|upkeep
|turn|3
|
|t:|1769413872
|move|p1a: Landorus|U-turn|p2a: Cramorant
|-resisted|p2a: Cramorant
|-damage|p2a: Cramorant|0 fnt
|faint|p2a: Cramorant
|
|t:|1769413880
|switch|p1a: Great Tusk|Great Tusk|100/100|[from] U-turn
|-enditem|p1a: Great Tusk|Booster Energy
|-activate|p1a: Great Tusk|ability: Protosynthesis|[fromitem]
|-start|p1a: Great Tusk|protosynthesisatk
|
|upkeep
|
|t:|1769413897
|switch|p2a: Dragonite|Dragonite, F|100/100
|turn|4
|
|t:|1769413904
|move|p1a: Great Tusk|Rapid Spin|p2a: Dragonite
|-damage|p2a: Dragonite|93/100
|-boost|p1a: Great Tusk|spe|1
|move|p2a: Dragonite|Fire Spin|p1a: Great Tusk
|-damage|p1a: Great Tusk|89/100
|-activate|p1a: Great Tusk|move: Fire Spin|[of] p2a: Dragonite
|
|-damage|p1a: Great Tusk|77/100|[from] move: Fire Spin|[partiallytrapped]
|upkeep
|turn|5
|
|t:|1769413913
|-terastallize|p2a: Dragonite|Normal
|move|p1a: Great Tusk|Head Smash|p2a: Dragonite|[miss]
|-miss|p1a: Great Tusk|p2a: Dragonite
|move|p2a: Dragonite|Dragon Dance|p2a: Dragonite
|-boost|p2a: Dragonite|atk|1
|-boost|p2a: Dragonite|spe|1
|
|-damage|p1a: Great Tusk|64/100|[from] move: Fire Spin|[partiallytrapped]
|upkeep
|turn|6
|
|t:|1769413918
|move|p1a: Great Tusk|Headlong Rush|p2a: Dragonite
|-damage|p2a: Dragonite|43/100
|-unboost|p1a: Great Tusk|def|1
|-unboost|p1a: Great Tusk|spd|1
|-enditem|p2a: Dragonite|Sitrus Berry|[eat]
|-heal|p2a: Dragonite|68/100|[from] item: Sitrus Berry
|move|p2a: Dragonite|Dragon Dance|p2a: Dragonite
|-boost|p2a: Dragonite|atk|1
|-boost|p2a: Dragonite|spe|1
|
|-damage|p1a: Great Tusk|52/100|[from] move: Fire Spin|[partiallytrapped]
|upkeep
|turn|7
|
|t:|1769413929
|move|p1a: Great Tusk|Headlong Rush|p2a: Dragonite
|-damage|p2a: Dragonite|13/100
|-unboost|p1a: Great Tusk|def|1
|-unboost|p1a: Great Tusk|spd|1
|move|p2a: Dragonite|Roost|p2a: Dragonite
|-heal|p2a: Dragonite|63/100
|
|-damage|p1a: Great Tusk|39/100|[from] move: Fire Spin|[partiallytrapped]
|upkeep
|turn|8
|
|t:|1769413944
|move|p2a: Dragonite|Extreme Speed|p1a: Great Tusk
|-damage|p1a: Great Tusk|0 fnt
|faint|p1a: Great Tusk
|-end|p1a: Great Tusk|Protosynthesis|[silent]
|
|upkeep
|
|t:|1769413950
|switch|p1a: Cinderace|Cinderace, F|100/100
|turn|9
|
|t:|1769413959
|move|p2a: Dragonite|Roost|p2a: Dragonite
|-heal|p2a: Dragonite|100/100
|move|p1a: Cinderace|Low Kick|p2a: Dragonite
|-start|p1a: Cinderace|typechange|Fighting|[from] ability: Libero
|-supereffective|p2a: Dragonite
|-damage|p2a: Dragonite|57/100
|
|upkeep
|turn|10
|
|t:|1769413970
|move|p2a: Dragonite|Extreme Speed|p1a: Cinderace
|-damage|p1a: Cinderace|7/100
|move|p1a: Cinderace|Low Kick|p2a: Dragonite
|-supereffective|p2a: Dragonite
|-damage|p2a: Dragonite|0 fnt
|faint|p2a: Dragonite
|
|upkeep
|
|t:|1769413978
|switch|p2a: Ting-Lu|Ting-Lu|100/100
|-ability|p2a: Ting-Lu|Vessel of Ruin
|turn|11
|
|t:|1769413986
|move|p1a: Cinderace|Low Kick|p2a: Ting-Lu
|-supereffective|p2a: Ting-Lu
|-damage|p2a: Ting-Lu|38/100
|move|p2a: Ting-Lu|Stealth Rock|p1a: Cinderace
|-sidestart|p1: John orb|move: Stealth Rock
|
|-heal|p2a: Ting-Lu|44/100|[from] item: Leftovers
|upkeep
|turn|12
|
|t:|1769413995
|switch|p2a: Skeledirge|Skeledirge, F|100/100
|move|p1a: Cinderace|Low Kick|p2a: Skeledirge
|-immune|p2a: Skeledirge
|
|upkeep
|turn|13
|
|t:|1769414006
|move|p1a: Cinderace|Court Change|p1a: Cinderace
|-swapsideconditions
|-activate|p1a: Cinderace|move: Court Change
|move|p2a: Skeledirge|Will-O-Wisp|p1a: Cinderace
|-status|p1a: Cinderace|brn
|
|-damage|p1a: Cinderace|1/100 brn|[from] brn
|upkeep
|turn|14
|
|t:|1769414020
|move|p1a: Cinderace|Sucker Punch|p2a: Skeledirge
|-supereffective|p2a: Skeledirge
|-damage|p2a: Skeledirge|79/100
|-enditem|p2a: Skeledirge|Red Card|[of] p1a: Cinderace
|drag|p1a: Mimikyu|Mimikyu, M|100/100
|move|p2a: Skeledirge|Torch Song|p1a: Mimikyu
|-activate|p1a: Mimikyu|ability: Disguise
|-damage|p1a: Mimikyu|100/100
|-boost|p2a: Skeledirge|spa|1
|detailschange|p1a: Mimikyu|Mimikyu-Busted, M
|-damage|p1a: Mimikyu|88/100|[from] pokemon: Mimikyu-Busted
|
|upkeep
|turn|15
|
|t:|1769414036
|-terastallize|p1a: Mimikyu|Ghost
|move|p1a: Mimikyu|Phantom Force||[still]
|-prepare|p1a: Mimikyu|Phantom Force
|move|p2a: Skeledirge|Torch Song|p1a: Mimikyu|[miss]
|-miss|p2a: Skeledirge|p1a: Mimikyu
|
|upkeep
|turn|16
|
|t:|1769414043
|move|p1a: Mimikyu|Phantom Force|p2a: Skeledirge|[from] lockedmove
|-supereffective|p2a: Skeledirge
|-damage|p2a: Skeledirge|0 fnt
|faint|p2a: Skeledirge
|-damage|p1a: Mimikyu|78/100|[from] item: Life Orb
|
|upkeep
|
|t:|1769414059
|switch|p2a: Mimikyu|Mimikyu, F|100/100
|-damage|p2a: Mimikyu|88/100|[from] Stealth Rock
|turn|17
|
|t:|1769414072
|switch|p1a: Cinderace|Cinderace, F|1/100 brn
|move|p2a: Mimikyu|Bulk Up|p2a: Mimikyu
|-boost|p2a: Mimikyu|atk|1
|-boost|p2a: Mimikyu|def|1
|
|-damage|p1a: Cinderace|0 fnt|[from] brn
|faint|p1a: Cinderace
|upkeep
|
|t:|1769414079
|switch|p1a: Landorus|Landorus-Therian, M|100/100
|-ability|p1a: Landorus|Intimidate|boost
|-unboost|p2a: Mimikyu|atk|1
|turn|18
|
|t:|1769414082
|move|p1a: Landorus|Taunt|p2a: Mimikyu
|-start|p2a: Mimikyu|move: Taunt
|cant|p2a: Mimikyu|move: Taunt|Bulk Up
|
|upkeep
|turn|19
|
|t:|1769414089
|move|p1a: Landorus|Earth Power|p2a: Mimikyu
|-activate|p2a: Mimikyu|ability: Disguise
|-damage|p2a: Mimikyu|88/100
|detailschange|p2a: Mimikyu|Mimikyu-Busted, F
|-damage|p2a: Mimikyu|76/100|[from] pokemon: Mimikyu-Busted
|move|p2a: Mimikyu|Play Rough|p1a: Landorus
|-damage|p1a: Landorus|63/100
|-damage|p2a: Mimikyu|59/100|[from] item: Rocky Helmet|[of] p1a: Landorus
|-damage|p2a: Mimikyu|49/100|[from] item: Life Orb
|
|upkeep
|turn|20
|-message|rj215 forfeited.
|
|win|John orb
|raw|John orb's rating: 1252 &rarr; <strong>1277</strong><br />(+25 for winning)
|raw|rj215's rating: 1257 &rarr; <strong>1232</strong><br />(-25 for losing)
|l|☆rj215
|player|p2|
