|j|☆shrek5baby
|j|☆burrasca
|t:|1769444225
|gametype|singles
|player|p1|shrek5baby|rood|1409
|player|p2|burrasca|crasherwake|1407
|gen|9
|tier|[Gen 9] OU
|rated|
|rule|HP Percentage Mod: HP is shown in percentages
|rule|Endless Battle Clause: Forcing endless battles is banned
|rule|Species Clause: Limit one of each Pokémon
|rule|OHKO Clause: OHKO moves are banned
|rule|Evasion Items Clause: Evasion items are banned
|rule|Evasion Moves Clause: Evasion moves are banned
|rule|Evasion Abilities Clause: Evasion abilities are banned
|rule|Sleep Moves Clause: Sleep-inducing moves are banned
|clearpoke
|poke|p1|Slowbro, F|
|poke|p1|Okidogi, M|
|poke|p1|Great Tusk|
|poke|p1|Tornadus-Therian, M|
|poke|p1|Dragonite, M|
|poke|p1|Scizor, M|
|poke|p2|Rillaboom, M|
|poke|p2|Ogerpon, F|
|poke|p2|Gholdengo|
|poke|p2|Samurott-Hisui, M|
|poke|p2|Glimmora, M|
|poke|p2|Raging Bolt|
|teampreview
|inactive|Battle timer is ON: inactive players will automatically lose when time's up. (requested by burrasca)
|
|t:|1769444249
|teamsize|p1|6
|teamsize|p2|6
|start
|switch|p1a: Scizor|Scizor, M|100/100
|switch|p2a: dirty Harry|Rillaboom, M|100/100
|-fieldstart|move: Grassy Terrain|[from] ability: Grassy Surge|[of] p2a: dirty Harry
|turn|1
|
|t:|1769444259
|switch|p2a: Mutombo|Glimmora, M|100/100
|move|p1a: Scizor|U-turn|p2a: Mutombo
|-resisted|p2a: Mutombo
|-damage|p2a: Mutombo|82/100
|-activate|p2a: Mutombo|ability: Toxic Debris
|-sidestart|p1: shrek5baby|move: Toxic Spikes
|-enditem|p2a: Mutombo|Red Card|[of] p1a: Scizor
|drag|p1a: Okidogi|Okidogi, M|100/100
|-sideend|p1: shrek5baby|move: Toxic Spikes|[of] p1a: Okidogi
|
|-heal|p2a: Mutombo|88/100|[from] Grassy Terrain
|upkeep
|turn|2
|
|t:|1769444268
|move|p2a: Mutombo|Earth Power|p1a: Okidogi
|-supereffective|p1a: Okidogi
|-damage|p1a: Okidogi|62/100
|move|p1a: Okidogi|Drain Punch|p2a: Mutombo
|-damage|p2a: Mutombo|49/100
|-heal|p1a: Okidogi|81/100|[from] drain|[of] p2a: Mutombo
|-activate|p2a: Mutombo|ability: Toxic Debris
|-sidestart|p1: shrek5baby|move: Toxic Spikes
|
|-heal|p2a: Mutombo|55/100|[from] Grassy Terrain
|-heal|p1a: Okidogi|87/100|[from] Grassy Terrain
|upkeep
|turn|3
|
|t:|1769444277
|move|p2a: Mutombo|Stealth Rock|p1a: Okidogi
|-sidestart|p1: shrek5baby|move: Stealth Rock
|move|p1a: Okidogi|Drain Punch|p2a: Mutombo
|-damage|p2a: Mutombo|15/100
|-heal|p1a: Okidogi|100/100|[from] drain|[of] p2a: Mutombo
|-activate|p2a: Mutombo|ability: Toxic Debris
|-sidestart|p1: shrek5baby|move: Toxic Spikes
|
|-heal|p2a: Mutombo|21/100|[from] Grassy Terrain
|upkeep
|turn|4
|
|t:|1769444284
|switch|p2a: Goldilocks|Gholdengo, shiny|100/100
|-enditem|p2a: Goldilocks|Grassy Seed
|-boost|p2a: Goldilocks|def|1|[from] item: Grassy Seed
|move|p1a: Okidogi|Knock Off|p2a: Goldilocks
|-supereffective|p2a: Goldilocks
|-damage|p2a: Goldilocks|78/100
|
|-heal|p2a: Goldilocks|84/100|[from] Grassy Terrain
|upkeep
|turn|5
|
|t:|1769444303
|move|p2a: Goldilocks|Shadow Ball|p1a: Okidogi
|-damage|p1a: Okidogi|77/100
|move|p1a: Okidogi|Knock Off|p2a: Goldilocks
|-supereffective|p2a: Goldilocks
|-damage|p2a: Goldilocks|62/100
|
|-heal|p2a: Goldilocks|68/100|[from] Grassy Terrain
|-heal|p1a: Okidogi|83/100|[from] Grassy Terrain
|-fieldend|move: Grassy Terrain
|upkeep
|turn|6
|
|t:|1769444322
|switch|p1a: Scizor|Scizor, M|100/100
|move|p2a: Goldilocks|Nasty Plot|p2a: Goldilocks
|-boost|p2a: Goldilocks|spa|2
|
|upkeep
|turn|7
|
|t:|1769444335
|move|p2a: Goldilocks|Recover|p2a: Goldilocks
|-heal|p2a: Goldilocks|100/100
|move|p1a: Scizor|U-turn|p2a: Goldilocks
|-resisted|p2a: Goldilocks
|-damage|p2a: Goldilocks|96/100
|
|t:|1769444337
|switch|p1a: Great Tusk|Great Tusk|100/100|[from] U-turn
|-status|p1a: Great Tusk|tox
|-damage|p1a: Great Tusk|98/100 tox|[from] Stealth Rock
|-enditem|p1a: Great Tusk|Booster Energy
|-activate|p1a: Great Tusk|ability: Protosynthesis|[fromitem]
|-start|p1a: Great Tusk|protosynthesisatk
|
|-damage|p1a: Great Tusk|91/100 tox|[from] psn
|upkeep
|turn|8
|
|t:|1769444349
|-terastallize|p2a: Goldilocks|Fairy
|move|p1a: Great Tusk|Headlong Rush|p2a: Goldilocks
|-damage|p2a: Goldilocks|58/100
|-unboost|p1a: Great Tusk|def|1
|-unboost|p1a: Great Tusk|spd|1
|move|p2a: Goldilocks|Dazzling Gleam|p1a: Great Tusk
|-supereffective|p1a: Great Tusk
|-damage|p1a: Great Tusk|0 fnt
|faint|p1a: Great Tusk
|-end|p1a: Great Tusk|Protosynthesis|[silent]
|
|upkeep
|
|t:|1769444353
|switch|p1a: Scizor|Scizor, M|100/100
|turn|9
|
|t:|1769444362
|switch|p2a: Mutombo|Glimmora, M|21/100
|move|p1a: Scizor|Swords Dance|p1a: Scizor
|-boost|p1a: Scizor|atk|2
|
|upkeep
|turn|10
|
|t:|1769444374
|move|p1a: Scizor|Bullet Punch|p2a: Mutombo
|-supereffective|p2a: Mutombo
|-damage|p2a: Mutombo|0 fnt
|faint|p2a: Mutombo
|
|upkeep
|
|t:|1769444377
|switch|p2a: Spike Lee|Samurott-Hisui, M|100/100
|turn|11
|
|t:|1769444380
|move|p2a: Spike Lee|Ceaseless Edge|p1a: Scizor
|-damage|p1a: Scizor|38/100
|-sidestart|p1: shrek5baby|Spikes
|move|p1a: Scizor|U-turn|p2a: Spike Lee
|-supereffective|p2a: Spike Lee
|-crit|p2a: Spike Lee
|-damage|p2a: Spike Lee|0 fnt
|faint|p2a: Spike Lee
|
|t:|1769444386
|switch|p1a: Okidogi|Okidogi, M|83/100|[from] U-turn
|-sideend|p1: shrek5baby|move: Toxic Spikes|[of] p1a: Okidogi
|-damage|p1a: Okidogi|77/100|[from] Stealth Rock
|-damage|p1a: Okidogi|64/100|[from] Spikes
|
|upkeep
|
|t:|1769444392
|switch|p2a: raging Usuain|Raging Bolt|100/100
|-enditem|p2a: raging Usuain|Booster Energy
|-activate|p2a: raging Usuain|ability: Protosynthesis|[fromitem]
|-start|p2a: raging Usuain|protosynthesisspa
|turn|12
|
|t:|1769444398
|move|p2a: raging Usuain|Thunderbolt|p1a: Okidogi
|-damage|p1a: Okidogi|14/100
|move|p1a: Okidogi|Gunk Shot|p2a: raging Usuain|[miss]
|-miss|p1a: Okidogi|p2a: raging Usuain
|
|upkeep
|turn|13
|
|t:|1769444406
|move|p2a: raging Usuain|Thunderbolt|p1a: Okidogi
|-damage|p1a: Okidogi|0 fnt
|faint|p1a: Okidogi
|
|upkeep
|
|t:|1769444423
|switch|p1a: Scizor|Scizor, M|38/100
|turn|14
|
|t:|1769444432
|move|p2a: raging Usuain|Thunderbolt|p1a: Scizor
|-damage|p1a: Scizor|0 fnt
|faint|p1a: Scizor
|
|upkeep
|
|t:|1769444438
|switch|p1a: Dragonite|Dragonite, M|100/100
|turn|15
|
|t:|1769444441
|move|p1a: Dragonite|Dragon Dance|p1a: Dragonite
|-boost|p1a: Dragonite|atk|1
|-boost|p1a: Dragonite|spe|1
|move|p2a: raging Usuain|Dragon Pulse|p1a: Dragonite
|-supereffective|p1a: Dragonite
|-damage|p1a: Dragonite|29/100
|
|upkeep
|turn|16
|
|t:|1769444456
|-terastallize|p1a: Dragonite|Fairy
|move|p1a: Dragonite|Roost|p1a: Dragonite
|-heal|p1a: Dragonite|79/100
|move|p2a: raging Usuain|Dragon Pulse|p1a: Dragonite
|-immune|p1a: Dragonite
|
|upkeep
|turn|17
|
|t:|1769444472
|move|p1a: Dragonite|Roost|p1a: Dragonite
|-heal|p1a: Dragonite|100/100
|move|p2a: raging Usuain|Thunderbolt|p1a: Dragonite
|-damage|p1a: Dragonite|66/100
|
|upkeep
|turn|18
|
|t:|1769444478
|move|p1a: Dragonite|Earthquake|p2a: raging Usuain
|-supereffective|p2a: raging Usuain
|-damage|p2a: raging Usuain|3/100
|move|p2a: raging Usuain|Thunderbolt|p1a: Dragonite
|-damage|p1a: Dragonite|0 fnt
|faint|p1a: Dragonite
|
|upkeep
|
|t:|1769444482
|switch|p1a: Tornadus|Tornadus-Therian, M, shiny|100/100
|-damage|p1a: Tornadus|76/100|[from] Stealth Rock
|turn|19
|
|t:|1769444485
|move|p2a: raging Usuain|Thunderclap|p1a: Tornadus
|-supereffective|p1a: Tornadus
|-damage|p1a: Tornadus|0 fnt
|faint|p1a: Tornadus
|
|upkeep
|
|t:|1769444487
|switch|p1a: Slowbro|Slowbro, F, shiny|100/100
|-damage|p1a: Slowbro|88/100|[from] Stealth Rock
|-damage|p1a: Slowbro|76/100|[from] Spikes
|turn|20
|
|t:|1769444492
|move|p2a: raging Usuain|Thunderbolt|p1a: Slowbro
|-supereffective|p1a: Slowbro
|-damage|p1a: Slowbro|0 fnt
|faint|p1a: Slowbro
|
|win|burrasca
|raw|shrek5baby's rating: 1409 &rarr; <strong>1389</strong><br />(-20 for losing)
|raw|burrasca's rating: 1407 &rarr; <strong>1427</strong><br />(+20 for winning)
|l|☆shrek5baby
|player|p1|
|l|☆burrasca
|player|p2|
