|j|☆scorpiomoe
|j|☆Buraneo
|t:|1769447271
|gametype|singles
|player|p1|scorpiomoe|2|1160
|player|p2|Buraneo|266|1113
|gen|9
|tier|[Gen 9] OU
|rated|
|rule|HP Percentage Mod: HP is shown in percentages
|rule|Endless Battle Clause: Forcing endless battles is banned
|rule|Species Clause: Limit one of each Pokémon
|rule|OHKO Clause: OHKO moves are banned
|rule|Evasion Items Clause: Evasion items are banned
|rule|Evasion Moves Clause: Evasion moves are banned
|rule|Evasion Abilities Clause: Evasion abilities are banned
|rule|Sleep Moves Clause: Sleep-inducing moves are banned
|clearpoke
|poke|p1|Lumineon, M|
|poke|p1|Meowscarada, M|
|poke|p1|Pelipper, M|
|poke|p1|Gholdengo|
|poke|p1|Walking Wake|
|poke|p1|Cyclizar, F|
|poke|p2|Dondozo, F|
|poke|p2|Garchomp, F|
|poke|p2|Cinderace, F|
|poke|p2|Raging Bolt|
|poke|p2|Kingambit, M|
|poke|p2|Iron Valiant|
|teampreview
|inactive|Battle timer is ON: inactive players will automatically lose when time's up. (requested by scorpiomoe)
|l|☆Buraneo
|inactive|Buraneo disconnected and has a minute to reconnect!
|player|p2|
|inactive|scorpiomoe has 120 seconds left.
|j|☆Buraneo
|inactive|Buraneo reconnected.
|player|p2|Buraneo|266|
|
|t:|1769447308
|teamsize|p1|6
|teamsize|p2|6
|start
|switch|p1a: Meowscarada|Meowscarada, M, shiny|100/100
|switch|p2a: Raging Bolt|Raging Bolt|100/100
|-enditem|p2a: Raging Bolt|Booster Energy
|-activate|p2a: Raging Bolt|ability: Protosynthesis|[fromitem]
|-start|p2a: Raging Bolt|protosynthesisspa
|turn|1
|inactive|scorpiomoe has 120 seconds left.
|
|t:|1769447349
|-end|p2a: Raging Bolt|Protosynthesis|[silent]
|switch|p2a: Dondozo|Dondozo, F|100/100
|move|p1a: Meowscarada|U-turn|p2a: Dondozo
|-start|p1a: Meowscarada|typechange|Bug|[from] ability: Protean
|-damage|p2a: Dondozo|77/100
|
|t:|1769447366
|switch|p1a: Lumineon|Lumineon, M, shiny|100/100|[from] U-turn
|
|upkeep
|turn|2
|
|t:|1769447373
|move|p1a: Lumineon|Aqua Ring|p1a: Lumineon
|-start|p1a: Lumineon|Aqua Ring
|move|p2a: Dondozo|Double-Edge|p1a: Lumineon
|-damage|p1a: Lumineon|25/100
|-damage|p2a: Dondozo|58/100|[from] Recoil
|
|-heal|p1a: Lumineon|31/100|[from] Aqua Ring
|upkeep
|turn|3
|
|t:|1769447382
|move|p1a: Lumineon|Protect|p1a: Lumineon
|-singleturn|p1a: Lumineon|Protect
|move|p2a: Dondozo|Double-Edge|p1a: Lumineon
|-activate|p1a: Lumineon|move: Protect
|
|-heal|p1a: Lumineon|38/100|[from] Aqua Ring
|upkeep
|turn|4
|
|t:|1769447391
|switch|p1a: Gholdengo|Gholdengo, shiny|100/100
|move|p2a: Dondozo|Double-Edge|p1a: Gholdengo
|-immune|p1a: Gholdengo
|
|upkeep
|turn|5
|
|t:|1769447396
|switch|p2a: Garchomp|Garchomp, F|100/100
|move|p1a: Gholdengo|Thunder|p2a: Garchomp
|-immune|p2a: Garchomp
|
|upkeep
|turn|6
|
|t:|1769447402
|switch|p1a: Lumineon|Lumineon, M, shiny|38/100
|move|p2a: Garchomp|Swords Dance|p2a: Garchomp
|-boost|p2a: Garchomp|atk|2
|
|upkeep
|turn|7
|
|t:|1769447411
|move|p1a: Lumineon|Encore|p2a: Garchomp
|-start|p2a: Garchomp|Encore
|move|p2a: Garchomp|Swords Dance|p2a: Garchomp
|-boost|p2a: Garchomp|atk|2
|
|upkeep
|turn|8
|
|t:|1769447420
|switch|p2a: Raging Bolt|Raging Bolt|100/100
|move|p1a: Lumineon|Aqua Ring|p1a: Lumineon
|-start|p1a: Lumineon|Aqua Ring
|
|-heal|p1a: Lumineon|44/100|[from] Aqua Ring
|upkeep
|turn|9
|
|t:|1769447426
|move|p1a: Lumineon|Protect|p1a: Lumineon
|-singleturn|p1a: Lumineon|Protect
|move|p2a: Raging Bolt|Thunderbolt|p1a: Lumineon
|-activate|p1a: Lumineon|move: Protect
|
|-heal|p1a: Lumineon|50/100|[from] Aqua Ring
|upkeep
|turn|10
|
|t:|1769447435
|-terastallize|p1a: Lumineon|Ground
|move|p1a: Lumineon|Encore|p2a: Raging Bolt
|-start|p2a: Raging Bolt|Encore
|move|p2a: Raging Bolt|Thunderbolt|p1a: Lumineon
|-immune|p1a: Lumineon
|
|-heal|p1a: Lumineon|56/100|[from] Aqua Ring
|upkeep
|turn|11
|
|t:|1769447446
|-end|p2a: Raging Bolt|Protosynthesis|[silent]
|switch|p2a: Dondozo|Dondozo, F|58/100
|move|p1a: Lumineon|Whirlpool|p2a: Dondozo
|-resisted|p2a: Dondozo
|-damage|p2a: Dondozo|53/100
|-activate|p2a: Dondozo|move: Whirlpool|[of] p1a: Lumineon
|
|-heal|p1a: Lumineon|62/100|[from] Aqua Ring
|-damage|p2a: Dondozo|37/100|[from] move: Whirlpool|[partiallytrapped]
|upkeep
|turn|12
|
|t:|1769447455
|move|p1a: Lumineon|Protect|p1a: Lumineon
|-singleturn|p1a: Lumineon|Protect
|move|p2a: Dondozo|Wave Crash|p1a: Lumineon
|-activate|p1a: Lumineon|move: Protect
|
|-heal|p1a: Lumineon|68/100|[from] Aqua Ring
|-damage|p2a: Dondozo|20/100|[from] move: Whirlpool|[partiallytrapped]
|upkeep
|turn|13
|
|t:|1769447462
|move|p1a: Lumineon|Encore|p2a: Dondozo
|-start|p2a: Dondozo|Encore
|move|p2a: Dondozo|Wave Crash|p1a: Lumineon
|-ability|p1a: Lumineon|Storm Drain|boost
|-boost|p1a: Lumineon|spa|1
|
|-heal|p1a: Lumineon|74/100|[from] Aqua Ring
|-damage|p2a: Dondozo|3/100|[from] move: Whirlpool|[partiallytrapped]
|upkeep
|turn|14
|
|t:|1769447484
|move|p1a: Lumineon|Aqua Ring||[still]
|-fail|p1a: Lumineon
|move|p2a: Dondozo|Wave Crash|p1a: Lumineon
|-ability|p1a: Lumineon|Storm Drain|boost
|-boost|p1a: Lumineon|spa|1
|
|-heal|p1a: Lumineon|81/100|[from] Aqua Ring
|-damage|p2a: Dondozo|0 fnt|[from] move: Whirlpool|[partiallytrapped]
|faint|p2a: Dondozo
|upkeep
|
|t:|1769447492
|switch|p2a: Iron Valiant|Iron Valiant|100/100
|-enditem|p2a: Iron Valiant|Booster Energy
|-activate|p2a: Iron Valiant|ability: Quark Drive|[fromitem]
|-start|p2a: Iron Valiant|quarkdrivespe
|turn|15
|
|t:|1769447507
|move|p2a: Iron Valiant|Energy Ball|p1a: Lumineon
|-supereffective|p1a: Lumineon
|-damage|p1a: Lumineon|16/100
|move|p1a: Lumineon|Whirlpool|p2a: Iron Valiant
|-damage|p2a: Iron Valiant|70/100
|-activate|p2a: Iron Valiant|move: Whirlpool|[of] p1a: Lumineon
|
|-heal|p1a: Lumineon|22/100|[from] Aqua Ring
|-damage|p2a: Iron Valiant|54/100|[from] move: Whirlpool|[partiallytrapped]
|upkeep
|turn|16
|
|t:|1769447516
|move|p1a: Lumineon|Protect|p1a: Lumineon
|-singleturn|p1a: Lumineon|Protect
|move|p2a: Iron Valiant|Energy Ball|p1a: Lumineon
|-activate|p1a: Lumineon|move: Protect
|
|-heal|p1a: Lumineon|28/100|[from] Aqua Ring
|-damage|p2a: Iron Valiant|37/100|[from] move: Whirlpool|[partiallytrapped]
|upkeep
|turn|17
|
|t:|1769447526
|switch|p1a: Cyclizar|Cyclizar, F|100/100
|move|p2a: Iron Valiant|Energy Ball|p1a: Cyclizar
|-resisted|p1a: Cyclizar
|-damage|p1a: Cyclizar|75/100
|
|-end|p2a: Iron Valiant|Whirlpool|[partiallytrapped]|[silent]
|upkeep
|turn|18
|
|t:|1769447537
|switch|p1a: Gholdengo|Gholdengo, shiny|100/100
|move|p2a: Iron Valiant|Moonblast|p1a: Gholdengo
|-resisted|p1a: Gholdengo
|-crit|p1a: Gholdengo
|-damage|p1a: Gholdengo|56/100
|
|upkeep
|turn|19
|
|t:|1769447548
|move|p2a: Iron Valiant|Psychic|p1a: Gholdengo
|-resisted|p1a: Gholdengo
|-damage|p1a: Gholdengo|40/100
|move|p1a: Gholdengo|Shadow Ball|p2a: Iron Valiant
|-damage|p2a: Iron Valiant|0 fnt
|faint|p2a: Iron Valiant
|-end|p2a: Iron Valiant|Quark Drive|[silent]
|
|upkeep
|
|t:|1769447552
|switch|p2a: Cinderace|Cinderace, F|100/100
|turn|20
|
|t:|1769447558
|move|p1a: Gholdengo|Shadow Ball|p2a: Cinderace
|-damage|p2a: Cinderace|40/100
|move|p2a: Cinderace|High Jump Kick|p1a: Gholdengo
|-start|p2a: Cinderace|typechange|Fighting|[from] ability: Libero
|-immune|p1a: Gholdengo
|-damage|p2a: Cinderace|0 fnt|[from] highjumpkick
|faint|p2a: Cinderace
|
|upkeep
|-message|Buraneo forfeited.
|
|win|scorpiomoe
|raw|scorpiomoe's rating: 1160 &rarr; <strong>1182</strong><br />(+22 for winning)
|raw|Buraneo's rating: 1113 &rarr; <strong>1091</strong><br />(-22 for losing)
|l|☆Buraneo
|player|p2|
|l|☆scorpiomoe
|player|p1|
