|j|☆IamGlup
|j|☆sloppy beans
|t:|1769438610
|gametype|singles
|player|p1|IamGlup|harlequin|1549
|player|p2|sloppy beans|169|1516
|gen|9
|tier|[Gen 9] OU
|rated|
|rule|HP Percentage Mod: HP is shown in percentages
|rule|Endless Battle Clause: Forcing endless battles is banned
|rule|Species Clause: Limit one of each Pokémon
|rule|OHKO Clause: OHKO moves are banned
|rule|Evasion Items Clause: Evasion items are banned
|rule|Evasion Moves Clause: Evasion moves are banned
|rule|Evasion Abilities Clause: Evasion abilities are banned
|rule|Sleep Moves Clause: Sleep-inducing moves are banned
|clearpoke
|poke|p1|Pecharunt|
|poke|p1|Mabosstiff, F|
|poke|p1|Volcanion|
|poke|p1|Iron Valiant|
|poke|p1|Landorus-Therian, M|
|poke|p1|Deoxys-Speed|
|poke|p2|Gliscor, M|
|poke|p2|Garganacl, F|
|poke|p2|Slither Wing|
|poke|p2|Darkrai|
|poke|p2|Iron Valiant|
|poke|p2|Slowking, M|
|teampreview
|inactive|Battle timer is ON: inactive players will automatically lose when time's up. (requested by IamGlup)
|
|t:|1769438623
|teamsize|p1|6
|teamsize|p2|6
|start
|switch|p1a: Volcanion|Volcanion|100/100
|switch|p2a: Slither Wing|Slither Wing|100/100
|turn|1
|
|t:|1769438634
|-end|p2a: Slither Wing|Protosynthesis|[silent]
|switch|p2a: Slowking|Slowking, M|100/100
|move|p1a: Volcanion|Flamethrower|p2a: Slowking
|-resisted|p2a: Slowking
|-damage|p2a: Slowking|82/100
|
|upkeep
|turn|2
|
|t:|1769438643
|move|p1a: Volcanion|Taunt|p2a: Slowking
|-start|p2a: Slowking|move: Taunt
|move|p2a: Slowking|Future Sight|p1a: Volcanion
|-start|p2a: Slowking|move: Future Sight
|
|upkeep
|turn|3
|
|t:|1769438657
|switch|p1a: Mabosstiff|Mabosstiff, F, shiny|100/100
|-ability|p1a: Mabosstiff|Intimidate|boost
|-unboost|p2a: Slowking|atk|1
|switch|p2a: Slither Wing|Slither Wing|100/100
|
|upkeep
|turn|4
|
|t:|1769438666
|switch|p1a: Landorus|Landorus-Therian, M|100/100
|-ability|p1a: Landorus|Intimidate|boost
|-unboost|p2a: Slither Wing|atk|1
|move|p2a: Slither Wing|First Impression|p1a: Landorus
|-resisted|p1a: Landorus
|-damage|p1a: Landorus|88/100
|-damage|p2a: Slither Wing|84/100|[from] item: Rocky Helmet|[of] p1a: Landorus
|
|-end|p1a: Landorus|move: Future Sight
|-damage|p1a: Landorus|46/100
|upkeep
|turn|5
|
|t:|1769438673
|move|p1a: Landorus|Stealth Rock|p2a: Slither Wing
|-sidestart|p2: sloppy beans|move: Stealth Rock
|move|p2a: Slither Wing|Will-O-Wisp|p1a: Landorus
|-status|p1a: Landorus|brn
|
|-damage|p1a: Landorus|40/100 brn|[from] brn
|upkeep
|turn|6
|
|t:|1769438681
|move|p1a: Landorus|U-turn|p2a: Slither Wing
|-resisted|p2a: Slither Wing
|-damage|p2a: Slither Wing|80/100
|
|t:|1769438685
|switch|p1a: Pecharunt|Pecharunt|100/100|[from] U-turn
|move|p2a: Slither Wing|U-turn|p1a: Pecharunt
|-resisted|p1a: Pecharunt
|-damage|p1a: Pecharunt|97/100
|
|t:|1769438704
|-end|p2a: Slither Wing|Protosynthesis|[silent]
|switch|p2a: Garganacl|Garganacl, F|100/100|[from] U-turn
|-damage|p2a: Garganacl|88/100|[from] Stealth Rock
|
|-heal|p2a: Garganacl|94/100|[from] item: Leftovers
|upkeep
|turn|7
|
|t:|1769438712
|move|p1a: Pecharunt|Nasty Plot|p1a: Pecharunt
|-boost|p1a: Pecharunt|spa|2
|move|p2a: Garganacl|Salt Cure|p1a: Pecharunt
|-damage|p1a: Pecharunt|87/100
|-start|p1a: Pecharunt|Salt Cure
|
|-heal|p2a: Garganacl|100/100|[from] item: Leftovers
|-damage|p1a: Pecharunt|75/100|[from] Salt Cure
|upkeep
|turn|8
|
|t:|1769438719
|move|p1a: Pecharunt|Nasty Plot|p1a: Pecharunt
|-boost|p1a: Pecharunt|spa|2
|move|p2a: Garganacl|Earthquake|p1a: Pecharunt
|-supereffective|p1a: Pecharunt
|-damage|p1a: Pecharunt|44/100
|
|-damage|p1a: Pecharunt|31/100|[from] Salt Cure
|upkeep
|turn|9
|
|t:|1769438723
|move|p1a: Pecharunt|Recover|p1a: Pecharunt
|-heal|p1a: Pecharunt|81/100
|move|p2a: Garganacl|Earthquake|p1a: Pecharunt
|-supereffective|p1a: Pecharunt
|-crit|p1a: Pecharunt
|-damage|p1a: Pecharunt|32/100
|
|-damage|p1a: Pecharunt|19/100|[from] Salt Cure
|upkeep
|turn|10
|
|t:|1769438727
|move|p1a: Pecharunt|Recover|p1a: Pecharunt
|-heal|p1a: Pecharunt|69/100
|move|p2a: Garganacl|Earthquake|p1a: Pecharunt
|-supereffective|p1a: Pecharunt
|-damage|p1a: Pecharunt|37/100
|
|-damage|p1a: Pecharunt|25/100|[from] Salt Cure
|upkeep
|turn|11
|
|t:|1769438731
|move|p1a: Pecharunt|Recover|p1a: Pecharunt
|-heal|p1a: Pecharunt|75/100
|move|p2a: Garganacl|Earthquake|p1a: Pecharunt
|-supereffective|p1a: Pecharunt
|-damage|p1a: Pecharunt|41/100
|
|-damage|p1a: Pecharunt|29/100|[from] Salt Cure
|upkeep
|turn|12
|
|t:|1769438735
|move|p1a: Pecharunt|Recover|p1a: Pecharunt
|-heal|p1a: Pecharunt|79/100
|move|p2a: Garganacl|Earthquake|p1a: Pecharunt
|-supereffective|p1a: Pecharunt
|-damage|p1a: Pecharunt|43/100
|
|-damage|p1a: Pecharunt|31/100|[from] Salt Cure
|upkeep
|turn|13
|
|t:|1769438738
|move|p1a: Pecharunt|Shadow Ball|p2a: Garganacl
|-damage|p2a: Garganacl|66/100
|move|p2a: Garganacl|Earthquake|p1a: Pecharunt
|-supereffective|p1a: Pecharunt
|-damage|p1a: Pecharunt|0 fnt
|faint|p1a: Pecharunt
|
|-heal|p2a: Garganacl|72/100|[from] item: Leftovers
|upkeep
|
|t:|1769438749
|switch|p1a: Iron Valiant|Iron Valiant|100/100
|-enditem|p1a: Iron Valiant|Booster Energy
|-activate|p1a: Iron Valiant|ability: Quark Drive|[fromitem]
|-start|p1a: Iron Valiant|quarkdrivespe
|turn|14
|
|t:|1769438759
|switch|p2a: Gliscor|Gliscor, M|100/100
|-damage|p2a: Gliscor|88/100|[from] Stealth Rock
|move|p1a: Iron Valiant|Close Combat|p2a: Gliscor
|-resisted|p2a: Gliscor
|-damage|p2a: Gliscor|62/100
|-unboost|p1a: Iron Valiant|def|1
|-unboost|p1a: Iron Valiant|spd|1
|
|-status|p2a: Gliscor|tox|[from] item: Toxic Orb
|upkeep
|turn|15
|
|t:|1769438766
|-end|p1a: Iron Valiant|Quark Drive|[silent]
|switch|p1a: Mabosstiff|Mabosstiff, F, shiny|100/100
|-ability|p1a: Mabosstiff|Intimidate|boost
|-unboost|p2a: Gliscor|atk|1
|move|p2a: Gliscor|Stealth Rock|p1a: Mabosstiff
|-sidestart|p1: IamGlup|move: Stealth Rock
|
|-heal|p2a: Gliscor|75/100 tox|[from] ability: Poison Heal
|upkeep
|turn|16
|
|t:|1769438778
|move|p2a: Gliscor|U-turn|p1a: Mabosstiff
|-supereffective|p1a: Mabosstiff
|-damage|p1a: Mabosstiff|80/100
|-enditem|p1a: Mabosstiff|Kee Berry|[eat]
|-boost|p1a: Mabosstiff|def|1|[from] item: Kee Berry
|
|t:|1769438780
|switch|p2a: Slither Wing|Slither Wing|80/100|[from] U-turn
|move|p1a: Mabosstiff|Jaw Lock|p2a: Slither Wing
|-resisted|p2a: Slither Wing
|-damage|p2a: Slither Wing|63/100
|-activate|p1a: Mabosstiff|trapped
|-activate|p2a: Slither Wing|trapped
|
|upkeep
|turn|17
|
|t:|1769438796
|-terastallize|p1a: Mabosstiff|Bug
|move|p1a: Mabosstiff|Jaw Lock|p2a: Slither Wing
|-resisted|p2a: Slither Wing
|-damage|p2a: Slither Wing|45/100
|move|p2a: Slither Wing|Will-O-Wisp|p1a: Mabosstiff
|-status|p1a: Mabosstiff|brn
|
|-damage|p1a: Mabosstiff|74/100 brn|[from] brn
|upkeep
|turn|18
|
|t:|1769438809
|move|p1a: Mabosstiff|Hone Claws|p1a: Mabosstiff
|-boost|p1a: Mabosstiff|atk|1
|-boost|p1a: Mabosstiff|accuracy|1
|move|p2a: Slither Wing|Morning Sun|p2a: Slither Wing
|-heal|p2a: Slither Wing|95/100
|
|-damage|p1a: Mabosstiff|68/100 brn|[from] brn
|upkeep
|turn|19
|
|t:|1769438822
|move|p1a: Mabosstiff|Hone Claws|p1a: Mabosstiff
|-boost|p1a: Mabosstiff|atk|1
|-boost|p1a: Mabosstiff|accuracy|1
|move|p2a: Slither Wing|U-turn|p1a: Mabosstiff
|-damage|p1a: Mabosstiff|45/100 brn
|
|t:|1769438838
|-end|p2a: Slither Wing|Protosynthesis|[silent]
|switch|p2a: Iron Valiant|Iron Valiant|100/100|[from] U-turn
|
|-damage|p1a: Mabosstiff|39/100 brn|[from] brn
|upkeep
|turn|20
|
|t:|1769438843
|move|p2a: Iron Valiant|Moonblast|p1a: Mabosstiff
|-damage|p1a: Mabosstiff|0 fnt
|faint|p1a: Mabosstiff
|
|upkeep
|
|t:|1769438848
|switch|p1a: Deoxys|Deoxys-Speed|100/100
|-damage|p1a: Deoxys|88/100|[from] Stealth Rock
|-ability|p1a: Deoxys|Pressure
|turn|21
|
|t:|1769438853
|-end|p2a: Iron Valiant|Quark Drive|[silent]
|switch|p2a: Slither Wing|Slither Wing|95/100
|move|p1a: Deoxys|Spikes|p2a: Slither Wing
|-sidestart|p2: sloppy beans|Spikes
|
|upkeep
|turn|22
|
|t:|1769438857
|switch|p1a: Landorus|Landorus-Therian, M|40/100 brn
|-damage|p1a: Landorus|27/100 brn|[from] Stealth Rock
|-ability|p1a: Landorus|Intimidate|boost
|-unboost|p2a: Slither Wing|atk|1
|move|p2a: Slither Wing|U-turn|p1a: Landorus
|-resisted|p1a: Landorus
|-damage|p1a: Landorus|17/100 brn
|-damage|p2a: Slither Wing|78/100|[from] item: Rocky Helmet|[of] p1a: Landorus
|
|t:|1769438866
|-end|p2a: Slither Wing|Protosynthesis|[silent]
|switch|p2a: Iron Valiant|Iron Valiant|100/100|[from] U-turn
|
|-damage|p1a: Landorus|11/100 brn|[from] brn
|upkeep
|turn|23
|
|t:|1769438875
|move|p2a: Iron Valiant|Moonblast|p1a: Landorus
|-damage|p1a: Landorus|0 fnt
|faint|p1a: Landorus
|
|upkeep
|
|t:|1769438886
|switch|p1a: Deoxys|Deoxys-Speed|88/100
|-damage|p1a: Deoxys|76/100|[from] Stealth Rock
|-ability|p1a: Deoxys|Pressure
|turn|24
|
|t:|1769438892
|-end|p2a: Iron Valiant|Quark Drive|[silent]
|switch|p2a: Slither Wing|Slither Wing|78/100
|move|p1a: Deoxys|Psycho Boost|p2a: Slither Wing
|-supereffective|p2a: Slither Wing
|-damage|p2a: Slither Wing|0 fnt
|-unboost|p1a: Deoxys|spa|2
|faint|p2a: Slither Wing
|-end|p2a: Slither Wing|Protosynthesis|[silent]
|-enditem|p1a: Deoxys|Eject Pack
|inactive|IamGlup has 120 seconds left.
|inactive|IamGlup has 90 seconds left.
|
|t:|1769438959
|switch|p1a: Iron Valiant|Iron Valiant|100/100
|-damage|p1a: Iron Valiant|94/100|[from] Stealth Rock
|
|upkeep
|
|t:|1769438968
|switch|p2a: Darkrai|Darkrai|100/100
|-damage|p2a: Darkrai|88/100|[from] Stealth Rock
|-damage|p2a: Darkrai|76/100|[from] Spikes
|turn|25
|
|t:|1769438979
|move|p2a: Darkrai|Sludge Bomb|p1a: Iron Valiant
|-supereffective|p1a: Iron Valiant
|-crit|p1a: Iron Valiant
|-damage|p1a: Iron Valiant|0 fnt
|faint|p1a: Iron Valiant
|-end|p1a: Iron Valiant|Quark Drive|[silent]
|
|upkeep
|
|t:|1769438982
|switch|p1a: Volcanion|Volcanion|100/100
|-damage|p1a: Volcanion|76/100|[from] Stealth Rock
|turn|26
|
|t:|1769438991
|move|p2a: Darkrai|Sludge Bomb|p1a: Volcanion
|-damage|p1a: Volcanion|29/100
|-status|p1a: Volcanion|psn
|move|p1a: Volcanion|Steam Eruption|p2a: Darkrai
|-damage|p2a: Darkrai|12/100
|
|-heal|p1a: Volcanion|35/100 psn|[from] item: Leftovers
|-damage|p1a: Volcanion|22/100 psn|[from] psn
|upkeep
|turn|27
|
|t:|1769438998
|move|p2a: Darkrai|Sludge Bomb|p1a: Volcanion
|-damage|p1a: Volcanion|0 fnt
|faint|p1a: Volcanion
|
|upkeep
|
|t:|1769439000
|switch|p1a: Deoxys|Deoxys-Speed|76/100
|-damage|p1a: Deoxys|63/100|[from] Stealth Rock
|-ability|p1a: Deoxys|Pressure
|turn|28
|
|t:|1769439002
|move|p1a: Deoxys|Knock Off|p2a: Darkrai
|-resisted|p2a: Darkrai
|-damage|p2a: Darkrai|0 fnt
|-enditem|p2a: Darkrai|Choice Specs|[from] move: Knock Off|[of] p1a: Deoxys
|faint|p2a: Darkrai
|
|upkeep
|
|t:|1769439013
|switch|p2a: Garganacl|Garganacl, F|72/100
|-damage|p2a: Garganacl|59/100|[from] Stealth Rock
|-damage|p2a: Garganacl|47/100|[from] Spikes
|turn|29
|
|t:|1769439018
|move|p1a: Deoxys|Superpower|p2a: Garganacl
|-supereffective|p2a: Garganacl
|-crit|p2a: Garganacl
|-damage|p2a: Garganacl|0 fnt
|-unboost|p1a: Deoxys|atk|1
|-unboost|p1a: Deoxys|def|1
|faint|p2a: Garganacl
|
|upkeep
|
|t:|1769439026
|switch|p2a: Gliscor|Gliscor, M|75/100 tox
|-damage|p2a: Gliscor|62/100 tox|[from] Stealth Rock
|turn|30
|
|t:|1769439031
|move|p2a: Gliscor|Protect|p2a: Gliscor
|-singleturn|p2a: Gliscor|Protect
|move|p1a: Deoxys|Psycho Boost|p2a: Gliscor
|-activate|p2a: Gliscor|move: Protect
|
|-heal|p2a: Gliscor|75/100 tox|[from] ability: Poison Heal
|upkeep
|turn|31
|
|t:|1769439034
|move|p1a: Deoxys|Psycho Boost|p2a: Gliscor
|-damage|p2a: Gliscor|27/100 tox
|-unboost|p1a: Deoxys|spa|2
|move|p2a: Gliscor|Earthquake|p1a: Deoxys
|-damage|p1a: Deoxys|0 fnt
|faint|p1a: Deoxys
|
|win|sloppy beans
|raw|IamGlup's rating: 1549 &rarr; <strong>1527</strong><br />(-22 for losing)
|raw|sloppy beans's rating: 1516 &rarr; <strong>1538</strong><br />(+22 for winning)
|l|☆IamGlup
|player|p1|
|l|☆sloppy beans
|player|p2|
