|j|☆Jinghan Yu
|j|☆suprm_overlord_mao
|t:|1769441706
|gametype|singles
|player|p1|Jinghan Yu|nate|1369
|player|p2|suprm_overlord_mao|bruno|1317
|gen|9
|tier|[Gen 9] OU
|rated|
|rule|HP Percentage Mod: HP is shown in percentages
|rule|Endless Battle Clause: Forcing endless battles is banned
|rule|Species Clause: Limit one of each Pokémon
|rule|OHKO Clause: OHKO moves are banned
|rule|Evasion Items Clause: Evasion items are banned
|rule|Evasion Moves Clause: Evasion moves are banned
|rule|Evasion Abilities Clause: Evasion abilities are banned
|rule|Sleep Moves Clause: Sleep-inducing moves are banned
|clearpoke
|poke|p1|Blastoise, M|
|poke|p1|Tyranitar, M|
|poke|p1|Garchomp, M|
|poke|p1|Dragonite, M|
|poke|p1|Gengar, M|
|poke|p1|Excadrill, M|
|poke|p2|Clefable, F|
|poke|p2|Goodra-Hisui, F|
|poke|p2|Arcanine-Hisui, M|
|poke|p2|Swampert, F|
|poke|p2|Weezing-Galar, F|
|poke|p2|Mamoswine, M|
|teampreview
|
|t:|1769441712
|teamsize|p1|6
|teamsize|p2|6
|start
|switch|p1a: Blaine|Blastoise, M|100/100
|switch|p2a: ANDRE 3K|Weezing-Galar, F|100/100
|-ability|p2a: ANDRE 3K|Neutralizing Gas
|turn|1
|
|t:|1769441721
|-end|p2a: ANDRE 3K|ability: Neutralizing Gas
|switch|p2a: NICKI MINAJ|Goodra-Hisui, F|100/100
|move|p1a: Blaine|Shell Smash|p1a: Blaine
|-unboost|p1a: Blaine|def|1
|-unboost|p1a: Blaine|spd|1
|-boost|p1a: Blaine|atk|2
|-boost|p1a: Blaine|spa|2
|-boost|p1a: Blaine|spe|2
|-enditem|p1a: Blaine|White Herb
|-clearnegativeboost|p1a: Blaine|[silent]
|
|upkeep
|turn|2
|
|t:|1769441731
|-terastallize|p1a: Blaine|Fighting
|move|p1a: Blaine|Aura Sphere|p2a: NICKI MINAJ
|-supereffective|p2a: NICKI MINAJ
|-damage|p2a: NICKI MINAJ|23/100
|move|p2a: NICKI MINAJ|Thunderbolt|p1a: Blaine
|-damage|p1a: Blaine|61/100
|
|upkeep
|turn|3
|
|t:|1769441741
|switch|p2a: LIL KIM|Clefable, F|100/100
|move|p1a: Blaine|Aura Sphere|p2a: LIL KIM
|-resisted|p2a: LIL KIM
|-damage|p2a: LIL KIM|84/100
|
|-heal|p2a: LIL KIM|90/100|[from] item: Leftovers
|upkeep
|turn|4
|
|t:|1769441748
|move|p1a: Blaine|Surf|p2a: LIL KIM
|-damage|p2a: LIL KIM|54/100
|move|p2a: LIL KIM|Moonblast|p1a: Blaine
|-supereffective|p1a: Blaine
|-damage|p1a: Blaine|0 fnt
|faint|p1a: Blaine
|
|-heal|p2a: LIL KIM|60/100|[from] item: Leftovers
|upkeep
|
|t:|1769441753
|switch|p1a: Timothy|Tyranitar, M|100/100
|-weather|Sandstorm|[from] ability: Sand Stream|[of] p1a: Timothy
|turn|5
|
|t:|1769441755
|move|p1a: Timothy|Thunder Wave|p2a: LIL KIM
|-status|p2a: LIL KIM|par
|move|p2a: LIL KIM|Wish|p2a: LIL KIM
|
|-weather|Sandstorm|[upkeep]
|-damage|p2a: LIL KIM|54/100 par|[from] Sandstorm
|-heal|p2a: LIL KIM|60/100 par|[from] item: Leftovers
|upkeep
|turn|6
|
|t:|1769441759
|switch|p2a: NICKI MINAJ|Goodra-Hisui, F|23/100
|move|p1a: Timothy|Stone Edge|p2a: NICKI MINAJ
|-resisted|p2a: NICKI MINAJ
|-damage|p2a: NICKI MINAJ|0 fnt
|faint|p2a: NICKI MINAJ
|
|-weather|Sandstorm|[upkeep]
|upkeep
|
|t:|1769441765
|switch|p2a: LIL FLIP|Swampert, F|100/100
|turn|7
|
|t:|1769441770
|move|p1a: Timothy|Earthquake|p2a: LIL FLIP
|-damage|p2a: LIL FLIP|76/100
|move|p2a: LIL FLIP|Knock Off|p1a: Timothy
|-resisted|p1a: Timothy
|-damage|p1a: Timothy|90/100
|-enditem|p1a: Timothy|Smooth Rock|[from] move: Knock Off|[of] p2a: LIL FLIP
|
|-weather|Sandstorm|[upkeep]
|-heal|p2a: LIL FLIP|83/100|[from] item: Leftovers
|upkeep
|turn|8
|
|t:|1769441774
|move|p1a: Timothy|Earthquake|p2a: LIL FLIP
|-damage|p2a: LIL FLIP|58/100
|move|p2a: LIL FLIP|Stealth Rock|p1a: Timothy
|-sidestart|p1: Jinghan Yu|move: Stealth Rock
|
|-weather|Sandstorm|[upkeep]
|-heal|p2a: LIL FLIP|64/100|[from] item: Leftovers
|upkeep
|turn|9
|
|t:|1769441780
|move|p1a: Timothy|Earthquake|p2a: LIL FLIP
|-crit|p2a: LIL FLIP
|-damage|p2a: LIL FLIP|28/100
|move|p2a: LIL FLIP|Earthquake|p1a: Timothy
|-supereffective|p1a: Timothy
|-damage|p1a: Timothy|20/100
|
|-weather|Sandstorm|[upkeep]
|-heal|p2a: LIL FLIP|34/100|[from] item: Leftovers
|upkeep
|turn|10
|inactive|Battle timer is ON: inactive players will automatically lose when time's up. (requested by suprm_overlord_mao)
|
|t:|1769441787
|move|p1a: Timothy|Earthquake|p2a: LIL FLIP
|-damage|p2a: LIL FLIP|11/100
|move|p2a: LIL FLIP|Flip Turn|p1a: Timothy
|-supereffective|p1a: Timothy
|-damage|p1a: Timothy|0 fnt
|faint|p1a: Timothy
|
|t:|1769441792
|switch|p2a: ANDRE 3K|Weezing-Galar, F|100/100|[from] Flip Turn
|-ability|p2a: ANDRE 3K|Neutralizing Gas
|
|-weather|Sandstorm|[upkeep]
|-damage|p2a: ANDRE 3K|95/100|[from] Sandstorm
|upkeep
|
|t:|1769441798
|switch|p1a: Emmett|Excadrill, M|100/100
|-damage|p1a: Emmett|97/100|[from] Stealth Rock
|-item|p1a: Emmett|Air Balloon
|turn|11
|
|t:|1769441805
|-terastallize|p2a: ANDRE 3K|Dragon
|move|p1a: Emmett|Swords Dance|p1a: Emmett
|-boost|p1a: Emmett|atk|2
|move|p2a: ANDRE 3K|Will-O-Wisp|p1a: Emmett
|-status|p1a: Emmett|brn
|
|-weather|Sandstorm|[upkeep]
|-damage|p2a: ANDRE 3K|89/100|[from] Sandstorm
|-damage|p1a: Emmett|91/100 brn|[from] brn
|upkeep
|turn|12
|
|t:|1769441815
|-end|p2a: ANDRE 3K|ability: Neutralizing Gas
|switch|p2a: LIL FLIP|Swampert, F|11/100
|move|p1a: Emmett|Rapid Spin|p2a: LIL FLIP
|-damage|p2a: LIL FLIP|0 fnt
|-boost|p1a: Emmett|spe|1
|-sideend|p1: Jinghan Yu|Stealth Rock|[from] move: Rapid Spin|[of] p1a: Emmett
|faint|p2a: LIL FLIP
|
|-weather|none
|-damage|p1a: Emmett|85/100 brn|[from] brn
|upkeep
|
|t:|1769441827
|switch|p2a: FAT JOE|Mamoswine, M|100/100
|turn|13
|
|t:|1769441831
|move|p1a: Emmett|Earthquake|p2a: FAT JOE
|-damage|p2a: FAT JOE|39/100
|move|p2a: FAT JOE|Earthquake|p1a: Emmett
|-immune|p1a: Emmett
|
|-damage|p1a: Emmett|79/100 brn|[from] brn
|upkeep
|turn|14
|
|t:|1769441840
|move|p2a: FAT JOE|Ice Shard|p1a: Emmett
|-damage|p1a: Emmett|35/100 brn
|-enditem|p1a: Emmett|Air Balloon
|-damage|p2a: FAT JOE|29/100|[from] item: Life Orb
|move|p1a: Emmett|Swords Dance|p1a: Emmett
|-boost|p1a: Emmett|atk|2
|
|-damage|p1a: Emmett|29/100 brn|[from] brn
|upkeep
|turn|15
|
|t:|1769441851
|move|p2a: FAT JOE|Ice Shard|p1a: Emmett
|-damage|p1a: Emmett|0 fnt
|faint|p1a: Emmett
|-damage|p2a: FAT JOE|19/100|[from] item: Life Orb
|
|upkeep
|
|t:|1769441853
|switch|p1a: Nasim|Gengar, M|100/100
|turn|16
|
|t:|1769441869
|switch|p2a: ANDRE 3K|Weezing-Galar, F, tera:Dragon|89/100
|-ability|p2a: ANDRE 3K|Neutralizing Gas
|move|p1a: Nasim|Shadow Ball|p2a: ANDRE 3K
|-damage|p2a: ANDRE 3K|26/100
|-unboost|p2a: ANDRE 3K|spd|1
|
|upkeep
|turn|17
|
|t:|1769441874
|move|p1a: Nasim|Nasty Plot|p1a: Nasim
|-boost|p1a: Nasim|spa|2
|move|p2a: ANDRE 3K|Pain Split|p1a: Nasim
|-sethp|p1a: Nasim|67/100|[from] move: Pain Split|[silent]
|-sethp|p2a: ANDRE 3K|53/100|[from] move: Pain Split
|
|upkeep
|turn|18
|
|t:|1769441881
|move|p1a: Nasim|Nasty Plot|p1a: Nasim
|-boost|p1a: Nasim|spa|2
|move|p2a: ANDRE 3K|Will-O-Wisp|p1a: Nasim
|-status|p1a: Nasim|brn
|
|-damage|p1a: Nasim|61/100 brn|[from] brn
|upkeep
|turn|19
|
|t:|1769441893
|move|p1a: Nasim|Dazzling Gleam|p2a: ANDRE 3K
|-supereffective|p2a: ANDRE 3K
|-damage|p2a: ANDRE 3K|0 fnt
|faint|p2a: ANDRE 3K
|-end|p2a: ANDRE 3K|ability: Neutralizing Gas
|
|-damage|p1a: Nasim|55/100 brn|[from] brn
|upkeep
|
|t:|1769441895
|switch|p2a: LIL KIM|Clefable, F|60/100 par
|turn|20
|
|t:|1769441898
|move|p2a: LIL KIM|Protect|p2a: LIL KIM
|-singleturn|p2a: LIL KIM|Protect
|move|p1a: Nasim|Shadow Ball|p2a: LIL KIM
|-activate|p2a: LIL KIM|move: Protect
|
|-heal|p2a: LIL KIM|66/100 par|[from] item: Leftovers
|-damage|p1a: Nasim|49/100 brn|[from] brn
|upkeep
|turn|21
|
|t:|1769441907
|move|p1a: Nasim|Shadow Ball|p2a: LIL KIM
|-damage|p2a: LIL KIM|29/100 par
|cant|p2a: LIL KIM|par
|
|-heal|p2a: LIL KIM|35/100 par|[from] item: Leftovers
|-damage|p1a: Nasim|42/100 brn|[from] brn
|upkeep
|turn|22
|
|t:|1769441912
|move|p2a: LIL KIM|Protect|p2a: LIL KIM
|-singleturn|p2a: LIL KIM|Protect
|move|p1a: Nasim|Shadow Ball|p2a: LIL KIM
|-activate|p2a: LIL KIM|move: Protect
|
|-heal|p2a: LIL KIM|41/100 par|[from] item: Leftovers
|-damage|p1a: Nasim|36/100 brn|[from] brn
|upkeep
|turn|23
|
|t:|1769441920
|move|p1a: Nasim|Shadow Ball|p2a: LIL KIM
|-damage|p2a: LIL KIM|3/100 par
|move|p2a: LIL KIM|Wish|p2a: LIL KIM
|
|-heal|p2a: LIL KIM|9/100 par|[from] item: Leftovers
|-damage|p1a: Nasim|30/100 brn|[from] brn
|upkeep
|turn|24
|
|t:|1769441924
|move|p2a: LIL KIM|Protect|p2a: LIL KIM
|-singleturn|p2a: LIL KIM|Protect
|move|p1a: Nasim|Shadow Ball|p2a: LIL KIM
|-activate|p2a: LIL KIM|move: Protect
|
|-heal|p2a: LIL KIM|59/100 par|[from] move: Wish|[wisher] LIL KIM
|-heal|p2a: LIL KIM|65/100 par|[from] item: Leftovers
|-damage|p1a: Nasim|24/100 brn|[from] brn
|upkeep
|-enditem|p1a: Nasim|Salac Berry|[eat]
|-boost|p1a: Nasim|spe|1|[from] item: Salac Berry
|turn|25
|
|t:|1769441926
|move|p1a: Nasim|Shadow Ball|p2a: LIL KIM
|-damage|p2a: LIL KIM|28/100 par
|move|p2a: LIL KIM|Wish|p2a: LIL KIM
|
|-heal|p2a: LIL KIM|34/100 par|[from] item: Leftovers
|-damage|p1a: Nasim|18/100 brn|[from] brn
|upkeep
|turn|26
|
|t:|1769441933
|move|p1a: Nasim|Shadow Ball|p2a: LIL KIM
|-crit|p2a: LIL KIM
|-damage|p2a: LIL KIM|0 fnt
|faint|p2a: LIL KIM
|
|-damage|p1a: Nasim|12/100 brn|[from] brn
|upkeep
|
|t:|1769441937
|switch|p2a: FAT JOE|Mamoswine, M|19/100
|turn|27
|
|t:|1769441943
|move|p2a: FAT JOE|Ice Shard|p1a: Nasim
|-damage|p1a: Nasim|0 fnt
|faint|p1a: Nasim
|-damage|p2a: FAT JOE|9/100|[from] item: Life Orb
|
|upkeep
|
|t:|1769441946
|switch|p1a: Flygem|Dragonite, M, shiny|100/100
|turn|28
|
|t:|1769441951
|move|p1a: Flygem|Extreme Speed|p2a: FAT JOE
|-damage|p2a: FAT JOE|0 fnt
|faint|p2a: FAT JOE
|
|upkeep
|
|t:|1769441953
|switch|p2a: DMX|Arcanine-Hisui, M|100/100
|turn|29
|
|t:|1769441957
|move|p2a: DMX|Head Smash|p1a: Flygem
|-supereffective|p1a: Flygem
|-damage|p1a: Flygem|3/100
|-damage|p2a: DMX|91/100|[from] item: Life Orb
|move|p1a: Flygem|Scale Shot|p2a: DMX
|-damage|p2a: DMX|72/100
|-damage|p2a: DMX|55/100
|-damage|p2a: DMX|36/100
|-hitcount|p2a: DMX|3
|-unboost|p1a: Flygem|def|1
|-boost|p1a: Flygem|spe|1
|
|upkeep
|turn|30
|
|t:|1769441966
|move|p1a: Flygem|Extreme Speed|p2a: DMX
|-resisted|p2a: DMX
|-damage|p2a: DMX|17/100
|move|p2a: DMX|Extreme Speed|p1a: Flygem
|-damage|p1a: Flygem|0 fnt
|faint|p1a: Flygem
|-damage|p2a: DMX|7/100|[from] item: Life Orb
|
|upkeep
|
|t:|1769441972
|switch|p1a: Mangus|Garchomp, M, shiny|100/100
|turn|31
|
|t:|1769441976
|move|p2a: DMX|Close Combat|p1a: Mangus
|-damage|p1a: Mangus|54/100
|-unboost|p2a: DMX|def|1
|-unboost|p2a: DMX|spd|1
|-damage|p2a: DMX|0 fnt|[from] ability: Rough Skin|[of] p1a: Mangus
|faint|p2a: DMX
|
|win|Jinghan Yu
|raw|Jinghan Yu's rating: 1369 &rarr; <strong>1386</strong><br />(+17 for winning)
|raw|suprm_overlord_mao's rating: 1317 &rarr; <strong>1300</strong><br />(-17 for losing)
|l|☆Jinghan Yu
|player|p1|
|l|☆suprm_overlord_mao
|player|p2|
