|j|☆Nickthenickthenick
|j|☆rblt ryo
|t:|1769296463
|gametype|singles
|player|p1|Nickthenickthenick|266|1507
|player|p2|rblt ryo|dawn|1512
|gen|9
|tier|[Gen 9] OU
|rated|
|rule|HP Percentage Mod: HP is shown in percentages
|rule|Endless Battle Clause: Forcing endless battles is banned
|rule|Species Clause: Limit one of each Pokémon
|rule|OHKO Clause: OHKO moves are banned
|rule|Evasion Items Clause: Evasion items are banned
|rule|Evasion Moves Clause: Evasion moves are banned
|rule|Evasion Abilities Clause: Evasion abilities are banned
|rule|Sleep Moves Clause: Sleep-inducing moves are banned
|clearpoke
|poke|p1|Araquanid, F|
|poke|p1|Pecharunt|
|poke|p1|Grimmsnarl, M|
|poke|p1|Gholdengo|
|poke|p1|Alomomola, F|
|poke|p1|Great Tusk|
|poke|p2|Rhyperior, F|
|poke|p2|Articuno|
|poke|p2|Suicune|
|poke|p2|Heatran, M|
|poke|p2|Decidueye-Hisui, M|
|poke|p2|Latios, M|
|teampreview
|
|t:|1769296491
|teamsize|p1|6
|teamsize|p2|6
|start
|switch|p1a: Grimmsnarl|Grimmsnarl, M|100/100
|switch|p2a: Rhyperior|Rhyperior, F|100/100
|turn|1
|
|t:|1769296504
|move|p1a: Grimmsnarl|Reflect|p1a: Grimmsnarl
|-sidestart|p1: Nickthenickthenick|Reflect
|move|p2a: Rhyperior|Earthquake|p1a: Grimmsnarl
|-crit|p1a: Grimmsnarl
|-damage|p1a: Grimmsnarl|22/100
|
|upkeep
|turn|2
|
|t:|1769296522
|move|p1a: Grimmsnarl|Parting Shot|p2a: Rhyperior
|-unboost|p2a: Rhyperior|atk|1
|-unboost|p2a: Rhyperior|spa|1
|
|t:|1769296530
|switch|p1a: Alomomola|Alomomola, F, shiny|100/100|[from] Parting Shot
|move|p2a: Rhyperior|Earthquake|p1a: Alomomola
|-damage|p1a: Alomomola|89/100
|
|upkeep
|turn|3
|
|t:|1769296546
|switch|p2a: Suicune|Suicune, shiny|100/100
|-ability|p2a: Suicune|Pressure
|move|p1a: Alomomola|Wish|p1a: Alomomola
|
|upkeep
|turn|4
|l|☆Nickthenickthenick
|player|p1|
|inactive|Battle timer is ON: inactive players will automatically lose when time's up. (requested by rblt ryo)
|j|☆Nickthenickthenick
|inactive|Nickthenickthenick reconnected and has 145 seconds left.
|player|p1|Nickthenickthenick|266|
|
|t:|1769296574
|move|p2a: Suicune|Calm Mind|p2a: Suicune
|-boost|p2a: Suicune|spa|1
|-boost|p2a: Suicune|spd|1
|move|p1a: Alomomola|Flip Turn|p2a: Suicune
|-resisted|p2a: Suicune
|-damage|p2a: Suicune|96/100
|
|t:|1769296580
|switch|p1a: Grimmsnarl|Grimmsnarl, M|22/100|[from] Flip Turn
|
|-heal|p1a: Grimmsnarl|90/100|[from] move: Wish|[wisher] Alomomola
|-heal|p2a: Suicune|100/100|[from] item: Leftovers
|upkeep
|turn|5
|
|t:|1769296591
|move|p1a: Grimmsnarl|Light Screen|p1a: Grimmsnarl
|-sidestart|p1: Nickthenickthenick|move: Light Screen
|move|p2a: Suicune|Scald|p1a: Grimmsnarl
|-damage|p1a: Grimmsnarl|69/100
|
|upkeep
|turn|6
|
|t:|1769296599
|move|p1a: Grimmsnarl|Parting Shot|p2a: Suicune
|-unboost|p2a: Suicune|atk|1
|-unboost|p2a: Suicune|spa|1
|
|t:|1769296606
|switch|p1a: Pecharunt|Pecharunt|100/100|[from] Parting Shot
|-item|p1a: Pecharunt|Air Balloon
|move|p2a: Suicune|Scald|p1a: Pecharunt
|-damage|p1a: Pecharunt|85/100
|-enditem|p1a: Pecharunt|Air Balloon
|
|upkeep
|turn|7
|
|t:|1769296627
|-terastallize|p2a: Suicune|Poison
|move|p1a: Pecharunt|Malignant Chain|p2a: Suicune
|-resisted|p2a: Suicune
|-damage|p2a: Suicune|90/100
|move|p2a: Suicune|Calm Mind|p2a: Suicune
|-boost|p2a: Suicune|spa|1
|-boost|p2a: Suicune|spd|1
|
|-heal|p2a: Suicune|96/100|[from] item: Leftovers
|upkeep
|turn|8
|
|t:|1769296641
|switch|p1a: Great Tusk|Great Tusk|100/100
|-enditem|p1a: Great Tusk|Booster Energy
|-activate|p1a: Great Tusk|ability: Protosynthesis|[fromitem]
|-start|p1a: Great Tusk|protosynthesisspe
|move|p2a: Suicune|Scald|p1a: Great Tusk
|-supereffective|p1a: Great Tusk
|-damage|p1a: Great Tusk|51/100
|-status|p1a: Great Tusk|brn
|
|-heal|p2a: Suicune|100/100|[from] item: Leftovers
|-damage|p1a: Great Tusk|45/100 brn|[from] brn
|-sideend|p1: Nickthenickthenick|Reflect
|upkeep
|turn|9
|
|t:|1769296657
|move|p1a: Great Tusk|Headlong Rush|p2a: Suicune
|-supereffective|p2a: Suicune
|-damage|p2a: Suicune|69/100
|-unboost|p1a: Great Tusk|def|1
|-unboost|p1a: Great Tusk|spd|1
|move|p2a: Suicune|Scald|p1a: Great Tusk
|-supereffective|p1a: Great Tusk
|-damage|p1a: Great Tusk|0 fnt
|faint|p1a: Great Tusk
|-end|p1a: Great Tusk|Protosynthesis|[silent]
|
|-heal|p2a: Suicune|75/100|[from] item: Leftovers
|upkeep
|
|t:|1769296670
|switch|p1a: Gholdengo|Gholdengo|100/100
|-item|p1a: Gholdengo|Air Balloon
|turn|10
|
|t:|1769296678
|move|p1a: Gholdengo|Thunder Wave|p2a: Suicune
|-status|p2a: Suicune|par
|move|p2a: Suicune|Calm Mind|p2a: Suicune
|-boost|p2a: Suicune|spa|1
|-boost|p2a: Suicune|spd|1
|
|-heal|p2a: Suicune|81/100 par|[from] item: Leftovers
|upkeep
|turn|11
|
|t:|1769296688
|move|p1a: Gholdengo|Nasty Plot|p1a: Gholdengo
|-boost|p1a: Gholdengo|spa|2
|move|p2a: Suicune|Calm Mind|p2a: Suicune
|-boost|p2a: Suicune|spa|1
|-boost|p2a: Suicune|spd|1
|
|-heal|p2a: Suicune|88/100 par|[from] item: Leftovers
|upkeep
|turn|12
|
|t:|1769296696
|move|p1a: Gholdengo|Nasty Plot|p1a: Gholdengo
|-boost|p1a: Gholdengo|spa|2
|move|p2a: Suicune|Calm Mind|p2a: Suicune
|-boost|p2a: Suicune|spa|1
|-boost|p2a: Suicune|spd|1
|
|-heal|p2a: Suicune|94/100 par|[from] item: Leftovers
|-sideend|p1: Nickthenickthenick|move: Light Screen
|upkeep
|turn|13
|
|t:|1769296707
|move|p1a: Gholdengo|Hex|p2a: Suicune
|-damage|p2a: Suicune|55/100 par
|move|p2a: Suicune|Scald|p1a: Gholdengo
|-damage|p1a: Gholdengo|24/100
|-enditem|p1a: Gholdengo|Air Balloon
|
|-heal|p2a: Suicune|61/100 par|[from] item: Leftovers
|upkeep
|turn|14
|
|t:|1769296716
|-terastallize|p1a: Gholdengo|Ghost
|move|p1a: Gholdengo|Hex|p2a: Suicune
|-damage|p2a: Suicune|16/100 par
|move|p2a: Suicune|Scald|p1a: Gholdengo
|-damage|p1a: Gholdengo|0 fnt
|faint|p1a: Gholdengo
|
|-heal|p2a: Suicune|22/100 par|[from] item: Leftovers
|upkeep
|
|t:|1769296725
|switch|p1a: Pecharunt|Pecharunt|85/100
|turn|15
|
|t:|1769296730
|move|p1a: Pecharunt|Nasty Plot|p1a: Pecharunt
|-boost|p1a: Pecharunt|spa|2
|move|p2a: Suicune|Scald|p1a: Pecharunt
|-damage|p1a: Pecharunt|0 fnt
|faint|p1a: Pecharunt
|
|-heal|p2a: Suicune|28/100 par|[from] item: Leftovers
|upkeep
|c|☆Nickthenickthenick|You luck is insane
|-message|Nickthenickthenick forfeited.
|
|win|rblt ryo
|raw|Nickthenickthenick's rating: 1507 &rarr; <strong>1487</strong><br />(-20 for losing)
|raw|rblt ryo's rating: 1512 &rarr; <strong>1532</strong><br />(+20 for winning)
|l|☆Nickthenickthenick
|player|p1|
