|j|☆Nikator98
|j|☆besudo
|t:|1769298372
|gametype|singles
|player|p1|Nikator98|giovanni|1770
|player|p2|besudo|dancer|1699
|gen|9
|tier|[Gen 9] OU
|rated|
|rule|HP Percentage Mod: HP is shown in percentages
|rule|Endless Battle Clause: Forcing endless battles is banned
|rule|Species Clause: Limit one of each Pokémon
|rule|OHKO Clause: OHKO moves are banned
|rule|Evasion Items Clause: Evasion items are banned
|rule|Evasion Moves Clause: Evasion moves are banned
|rule|Evasion Abilities Clause: Evasion abilities are banned
|rule|Sleep Moves Clause: Sleep-inducing moves are banned
|clearpoke
|poke|p1|Metagross|
|poke|p1|Great Tusk|
|poke|p1|Haxorus, M|
|poke|p1|Iron Moth|
|poke|p1|Zoroark-Hisui, M|
|poke|p1|Ninetales-Alola, F|
|poke|p2|Regidrago|
|poke|p2|Hatterene, F|
|poke|p2|Corviknight, M|
|poke|p2|Okidogi, M|
|poke|p2|Ting-Lu|
|poke|p2|Ceruledge, F|
|teampreview
|inactive|Battle timer is ON: inactive players will automatically lose when time's up. (requested by besudo)
|
|t:|1769298394
|teamsize|p1|6
|teamsize|p2|6
|start
|switch|p1a: Kumaryia|Great Tusk, shiny|100/100
|switch|p2a: Hatterene|Hatterene, F, shiny|100/100
|turn|1
|
|t:|1769298400
|move|p1a: Kumaryia|Bitter Malice|p2a: Hatterene
|-supereffective|p2a: Hatterene
|-damage|p2a: Hatterene|0 fnt
|faint|p2a: Hatterene
|
|upkeep
|
|t:|1769298415
|switch|p2a: Corviknight|Corviknight, M, shiny|100/100
|-ability|p2a: Corviknight|Pressure
|turn|2
|
|t:|1769298419
|move|p1a: Kumaryia|Bitter Malice|p2a: Corviknight
|-damage|p2a: Corviknight|46/100
|-unboost|p2a: Corviknight|atk|1
|move|p2a: Corviknight|U-turn|p1a: Kumaryia
|-resisted|p1a: Kumaryia
|-damage|p1a: Kumaryia|91/100
|replace|p1a: Van Helsing|Zoroark-Hisui, M, shiny
|-end|p1a: Van Helsing|Illusion
|
|t:|1769298428
|switch|p2a: Ting-Lu|Ting-Lu, shiny|100/100|[from] U-turn
|-ability|p2a: Ting-Lu|Vessel of Ruin
|
|upkeep
|turn|3
|
|t:|1769298434
|switch|p1a: Asfaloth|Ninetales-Alola, F, shiny|100/100
|-weather|Snowscape|[from] ability: Snow Warning|[of] p1a: Asfaloth
|move|p2a: Ting-Lu|Stealth Rock|p1a: Asfaloth
|-sidestart|p1: Nikator98|move: Stealth Rock
|
|-weather|Snowscape|[upkeep]
|upkeep
|turn|4
|
|t:|1769298441
|switch|p2a: Ceruledge|Ceruledge, F|100/100
|move|p1a: Asfaloth|Aurora Veil|p1a: Asfaloth
|-sidestart|p1: Nikator98|move: Aurora Veil
|
|-weather|Snowscape|[upkeep]
|upkeep
|turn|5
|
|t:|1769298452
|switch|p1a: Kumaryia|Great Tusk, shiny|91/100
|-damage|p1a: Kumaryia|78/100|[from] Stealth Rock
|move|p2a: Ceruledge|Bitter Blade|p1a: Kumaryia
|-damage|p1a: Kumaryia|8/100
|replace|p1a: Van Helsing|Zoroark-Hisui, M, shiny
|-end|p1a: Van Helsing|Illusion
|-damage|p2a: Ceruledge|91/100|[from] item: Life Orb
|
|-weather|Snowscape|[upkeep]
|upkeep
|turn|6
|
|t:|1769298462
|switch|p2a: Ting-Lu|Ting-Lu, shiny|100/100
|-ability|p2a: Ting-Lu|Vessel of Ruin
|move|p1a: Van Helsing|Trick|p2a: Ting-Lu
|-activate|p1a: Van Helsing|move: Trick|[of] p2a: Ting-Lu
|-item|p2a: Ting-Lu|Choice Specs|[from] move: Trick
|-item|p1a: Van Helsing|Leftovers|[from] move: Trick
|
|-weather|Snowscape|[upkeep]
|-heal|p1a: Van Helsing|14/100|[from] item: Leftovers
|upkeep
|turn|7
|
|t:|1769298473
|switch|p1a: Kumaryia|Great Tusk, shiny|100/100
|move|p2a: Ting-Lu|Earthquake|p1a: Kumaryia
|-crit|p1a: Kumaryia
|-damage|p1a: Kumaryia|58/100
|
|-weather|none
|upkeep
|turn|8
|
|t:|1769298480
|switch|p2a: Corviknight|Corviknight, M, shiny|46/100
|-ability|p2a: Corviknight|Pressure
|move|p1a: Kumaryia|Rapid Spin|p2a: Corviknight
|-resisted|p2a: Corviknight
|-damage|p2a: Corviknight|41/100
|-boost|p1a: Kumaryia|spe|1
|-sideend|p1: Nikator98|Stealth Rock|[from] move: Rapid Spin|[of] p1a: Kumaryia
|
|-heal|p2a: Corviknight|47/100|[from] item: Leftovers
|upkeep
|turn|9
|
|t:|1769298490
|move|p1a: Kumaryia|Knock Off|p2a: Corviknight
|-damage|p2a: Corviknight|24/100
|-enditem|p2a: Corviknight|Leftovers|[from] move: Knock Off|[of] p1a: Kumaryia
|move|p2a: Corviknight|Roost|p2a: Corviknight
|-heal|p2a: Corviknight|74/100
|-singleturn|p2a: Corviknight|move: Roost
|
|upkeep
|turn|10
|
|t:|1769298503
|-end|p1a: Kumaryia|Protosynthesis|[silent]
|switch|p1a: Kumaryia|Great Tusk, shiny|14/100
|move|p2a: Corviknight|Roost|p2a: Corviknight
|-heal|p2a: Corviknight|100/100
|-singleturn|p2a: Corviknight|move: Roost
|
|-heal|p1a: Kumaryia|20/100|[from] item: Leftovers
|upkeep
|turn|11
|
|t:|1769298515
|move|p1a: Kumaryia|Flamethrower|p2a: Corviknight
|-supereffective|p2a: Corviknight
|-damage|p2a: Corviknight|44/100
|move|p2a: Corviknight|U-turn|p1a: Kumaryia
|-resisted|p1a: Kumaryia
|-damage|p1a: Kumaryia|12/100
|replace|p1a: Van Helsing|Zoroark-Hisui, M, shiny
|-end|p1a: Van Helsing|Illusion
|
|t:|1769298523
|switch|p2a: Ting-Lu|Ting-Lu, shiny|100/100|[from] U-turn
|-ability|p2a: Ting-Lu|Vessel of Ruin
|
|-heal|p1a: Van Helsing|18/100|[from] item: Leftovers
|-sideend|p1: Nikator98|move: Aurora Veil
|upkeep
|turn|12
|
|t:|1769298531
|switch|p1a: Asfaloth|Ninetales-Alola, F, shiny|100/100
|-weather|Snowscape|[from] ability: Snow Warning|[of] p1a: Asfaloth
|move|p2a: Ting-Lu|Stealth Rock|p1a: Asfaloth
|-sidestart|p1: Nikator98|move: Stealth Rock
|
|-weather|Snowscape|[upkeep]
|upkeep
|turn|13
|
|t:|1769298538
|switch|p2a: Ceruledge|Ceruledge, F|91/100
|move|p1a: Asfaloth|Aurora Veil|p1a: Asfaloth
|-sidestart|p1: Nikator98|move: Aurora Veil
|
|-weather|Snowscape|[upkeep]
|upkeep
|turn|14
|inactive|Nikator98 has 120 seconds left.
|
|t:|1769298570
|switch|p1a: Lacelle|Haxorus, M, shiny|100/100
|-damage|p1a: Lacelle|88/100|[from] Stealth Rock
|-ability|p1a: Lacelle|Mold Breaker
|move|p2a: Ceruledge|Bitter Blade|p1a: Lacelle
|-resisted|p1a: Lacelle
|-damage|p1a: Lacelle|66/100
|-heal|p2a: Ceruledge|99/100|[from] drain|[of] p1a: Lacelle
|-damage|p2a: Ceruledge|90/100|[from] item: Life Orb
|
|-weather|Snowscape|[upkeep]
|upkeep
|turn|15
|inactive|Nikator98 has 120 seconds left.
|
|t:|1769298582
|switch|p2a: Okidogi|Okidogi, M|100/100
|move|p1a: Lacelle|Scale Shot|p2a: Okidogi
|-damage|p2a: Okidogi|92/100
|-damage|p2a: Okidogi|82/100
|-damage|p2a: Okidogi|73/100
|-damage|p2a: Okidogi|65/100
|-crit|p2a: Okidogi
|-damage|p2a: Okidogi|53/100
|-hitcount|p2a: Okidogi|5
|-unboost|p1a: Lacelle|def|1
|-boost|p1a: Lacelle|spe|1
|
|-weather|Snowscape|[upkeep]
|-heal|p2a: Okidogi|59/100|[from] item: Leftovers
|upkeep
|turn|16
|inactive|Nikator98 has 120 seconds left.
|inactive|Nikator98 has 90 seconds left.
|
|t:|1769298626
|move|p1a: Lacelle|Swords Dance|p1a: Lacelle
|-boost|p1a: Lacelle|atk|2
|move|p2a: Okidogi|Counter||[still]
|-fail|p2a: Okidogi
|
|-weather|none
|-heal|p2a: Okidogi|65/100|[from] item: Leftovers
|upkeep
|turn|17
|
|t:|1769298634
|move|p1a: Lacelle|Scale Shot|p2a: Okidogi
|-damage|p2a: Okidogi|47/100
|-damage|p2a: Okidogi|28/100
|-damage|p2a: Okidogi|10/100
|-damage|p2a: Okidogi|0 fnt
|faint|p2a: Okidogi
|-hitcount|p2: Okidogi|4
|-unboost|p1a: Lacelle|def|1
|-boost|p1a: Lacelle|spe|1
|
|upkeep
|
|t:|1769298643
|switch|p2a: Ting-Lu|Ting-Lu, shiny|100/100
|-ability|p2a: Ting-Lu|Vessel of Ruin
|turn|18
|
|t:|1769298650
|move|p1a: Lacelle|Close Combat|p2a: Ting-Lu
|-supereffective|p2a: Ting-Lu
|-damage|p2a: Ting-Lu|0 fnt
|-unboost|p1a: Lacelle|def|1
|-unboost|p1a: Lacelle|spd|1
|faint|p2a: Ting-Lu
|
|upkeep
|-message|besudo forfeited.
|
|win|Nikator98
|raw|Nikator98's rating: 1770 &rarr; <strong>1786</strong><br />(+16 for winning)
|raw|besudo's rating: 1699 &rarr; <strong>1683</strong><br />(-16 for losing)
|l|☆besudo
|player|p2|
