|j|☆tonytonique
|j|☆yesgamerfleet
|t:|1769342661
|gametype|singles
|player|p1|tonytonique|169|1274
|player|p2|yesgamerfleet|2|1319
|gen|9
|tier|[Gen 9] OU
|rated|
|rule|HP Percentage Mod: HP is shown in percentages
|rule|Endless Battle Clause: Forcing endless battles is banned
|rule|Species Clause: Limit one of each Pokémon
|rule|OHKO Clause: OHKO moves are banned
|rule|Evasion Items Clause: Evasion items are banned
|rule|Evasion Moves Clause: Evasion moves are banned
|rule|Evasion Abilities Clause: Evasion abilities are banned
|rule|Sleep Moves Clause: Sleep-inducing moves are banned
|clearpoke
|poke|p1|Great Tusk|
|poke|p1|Espeon, F|
|poke|p1|Enamorus, F|
|poke|p1|Registeel|
|poke|p1|Kleavor, M|
|poke|p1|Greninja-*, M|
|poke|p2|Rillaboom, M|
|poke|p2|Hawlucha, F|
|poke|p2|Kingambit, M|
|poke|p2|Gholdengo|
|poke|p2|Samurott-Hisui, F|
|poke|p2|Dragapult, F|
|teampreview
|inactive|Battle timer is ON: inactive players will automatically lose when time's up. (requested by tonytonique)
|inactive|yesgamerfleet has 120 seconds left.
|inactive|yesgamerfleet has 90 seconds left.
|
|t:|1769342730
|teamsize|p1|6
|teamsize|p2|6
|start
|switch|p1a: Espeon|Espeon, F|100/100
|switch|p2a: Samurott|Samurott-Hisui, F|100/100
|turn|1
|
|t:|1769342741
|move|p2a: Samurott|Ceaseless Edge|p1a: Espeon
|-supereffective|p1a: Espeon
|-damage|p1a: Espeon|0 fnt
|-sidestart|p1: tonytonique|Spikes
|faint|p1a: Espeon
|
|upkeep
|
|t:|1769342751
|switch|p1a: Great Tusk|Great Tusk|100/100
|turn|2
|
|t:|1769342765
|switch|p2a: Rillaboom|Rillaboom, M|100/100
|-fieldstart|move: Grassy Terrain|[from] ability: Grassy Surge|[of] p2a: Rillaboom
|move|p1a: Great Tusk|Knock Off|p2a: Rillaboom
|-damage|p2a: Rillaboom|65/100
|-enditem|p2a: Rillaboom|Meadow Plate|[from] move: Knock Off|[of] p1a: Great Tusk
|
|-heal|p2a: Rillaboom|71/100|[from] Grassy Terrain
|upkeep
|turn|3
|
|t:|1769342773
|-end|p1a: Great Tusk|Protosynthesis|[silent]
|switch|p1a: Registeel|Registeel|100/100
|-damage|p1a: Registeel|88/100|[from] Spikes
|move|p2a: Rillaboom|Swords Dance|p2a: Rillaboom
|-boost|p2a: Rillaboom|atk|2
|
|-heal|p2a: Rillaboom|77/100|[from] Grassy Terrain
|-heal|p1a: Registeel|94/100|[from] Grassy Terrain
|-heal|p1a: Registeel|99/100|[from] item: Leftovers
|upkeep
|turn|4
|
|t:|1769342781
|move|p2a: Rillaboom|Knock Off|p1a: Registeel
|-damage|p1a: Registeel|51/100
|-enditem|p1a: Registeel|Leftovers|[from] move: Knock Off|[of] p2a: Rillaboom
|move|p1a: Registeel|Iron Defense|p1a: Registeel
|-boost|p1a: Registeel|def|2
|
|-heal|p2a: Rillaboom|83/100|[from] Grassy Terrain
|-heal|p1a: Registeel|57/100|[from] Grassy Terrain
|upkeep
|turn|5
|
|t:|1769342787
|switch|p2a: Dragapult|Dragapult, F, shiny|100/100
|move|p1a: Registeel|Body Press|p2a: Dragapult
|-immune|p2a: Dragapult
|
|-heal|p1a: Registeel|63/100|[from] Grassy Terrain
|upkeep
|turn|6
|
|t:|1769342793
|switch|p1a: Enamorus|Enamorus, F|100/100
|move|p2a: Dragapult|Flamethrower|p1a: Enamorus
|-damage|p1a: Enamorus|44/100
|
|-fieldend|move: Grassy Terrain
|upkeep
|turn|7
|
|t:|1769342805
|move|p1a: Enamorus|Mystical Fire|p2a: Dragapult
|-resisted|p2a: Dragapult
|-crit|p2a: Dragapult
|-damage|p2a: Dragapult|71/100
|-unboost|p2a: Dragapult|spa|1
|move|p2a: Dragapult|Flamethrower|p1a: Enamorus
|-damage|p1a: Enamorus|4/100
|
|upkeep
|turn|8
|
|t:|1769342814
|switch|p1a: Greninja|Greninja, M|100/100
|-damage|p1a: Greninja|88/100|[from] Spikes
|move|p2a: Dragapult|Flamethrower|p1a: Greninja
|-resisted|p1a: Greninja
|-damage|p1a: Greninja|66/100
|
|upkeep
|turn|9
|
|t:|1769342823
|switch|p2a: Samurott|Samurott-Hisui, F|100/100
|move|p1a: Greninja|Dark Pulse|p2a: Samurott
|-resisted|p2a: Samurott
|-damage|p2a: Samurott|67/100
|-damage|p1a: Greninja|57/100|[from] item: Life Orb
|
|upkeep
|turn|10
|
|t:|1769342831
|switch|p1a: Enamorus|Enamorus, F|4/100
|move|p2a: Samurott|Sacred Sword|p1a: Enamorus
|-resisted|p1a: Enamorus
|-damage|p1a: Enamorus|0 fnt
|faint|p1a: Enamorus
|
|upkeep
|
|t:|1769342843
|switch|p1a: Great Tusk|Great Tusk|100/100
|turn|11
|
|t:|1769342853
|switch|p2a: Gholdengo|Gholdengo|100/100
|-item|p2a: Gholdengo|Air Balloon
|move|p1a: Great Tusk|Rapid Spin|p2a: Gholdengo
|-immune|p2a: Gholdengo
|
|upkeep
|turn|12
|
|t:|1769342856
|move|p1a: Great Tusk|Knock Off|p2a: Gholdengo
|-supereffective|p2a: Gholdengo
|-crit|p2a: Gholdengo
|-damage|p2a: Gholdengo|6/100
|-enditem|p2a: Gholdengo|Air Balloon
|move|p2a: Gholdengo|Nasty Plot|p2a: Gholdengo
|-boost|p2a: Gholdengo|spa|2
|
|upkeep
|turn|13
|
|t:|1769342863
|move|p1a: Great Tusk|Knock Off|p2a: Gholdengo
|-supereffective|p2a: Gholdengo
|-damage|p2a: Gholdengo|0 fnt
|faint|p2a: Gholdengo
|
|upkeep
|
|t:|1769342883
|switch|p2a: Rillaboom|Rillaboom, M|83/100
|-fieldstart|move: Grassy Terrain|[from] ability: Grassy Surge|[of] p2a: Rillaboom
|turn|14
|
|t:|1769342887
|-end|p1a: Great Tusk|Protosynthesis|[silent]
|switch|p1a: Registeel|Registeel|63/100
|-damage|p1a: Registeel|51/100|[from] Spikes
|move|p2a: Rillaboom|Swords Dance|p2a: Rillaboom
|-boost|p2a: Rillaboom|atk|2
|
|-heal|p2a: Rillaboom|90/100|[from] Grassy Terrain
|-heal|p1a: Registeel|57/100|[from] Grassy Terrain
|upkeep
|turn|15
|
|t:|1769342899
|-terastallize|p2a: Rillaboom|Grass
|move|p2a: Rillaboom|Wood Hammer|p1a: Registeel
|-resisted|p1a: Registeel
|-damage|p1a: Registeel|0 fnt
|faint|p1a: Registeel
|-damage|p2a: Rillaboom|70/100|[from] Recoil
|
|-heal|p2a: Rillaboom|76/100|[from] Grassy Terrain
|upkeep
|
|t:|1769342914
|switch|p1a: Kleavor|Kleavor, M|100/100
|-damage|p1a: Kleavor|88/100|[from] Spikes
|turn|16
|
|t:|1769342921
|-terastallize|p1a: Kleavor|Bug
|move|p2a: Rillaboom|Grassy Glide|p1a: Kleavor
|-resisted|p1a: Kleavor
|-damage|p1a: Kleavor|35/100
|move|p1a: Kleavor|X-Scissor|p2a: Rillaboom
|-supereffective|p2a: Rillaboom
|-damage|p2a: Rillaboom|0 fnt
|faint|p2a: Rillaboom
|
|-heal|p1a: Kleavor|41/100|[from] Grassy Terrain
|upkeep
|
|t:|1769342927
|switch|p2a: Hawlucha|Hawlucha, F, shiny|100/100
|-enditem|p2a: Hawlucha|Grassy Seed
|-boost|p2a: Hawlucha|def|1|[from] item: Grassy Seed
|turn|17
|
|t:|1769342934
|move|p2a: Hawlucha|Swords Dance|p2a: Hawlucha
|-boost|p2a: Hawlucha|atk|2
|move|p1a: Kleavor|Dual Wingbeat|p2a: Hawlucha
|-supereffective|p2a: Hawlucha
|-damage|p2a: Hawlucha|70/100
|-supereffective|p2a: Hawlucha
|-damage|p2a: Hawlucha|41/100
|-hitcount|p2a: Hawlucha|2
|
|-heal|p1a: Kleavor|47/100|[from] Grassy Terrain
|upkeep
|turn|18
|
|t:|1769342947
|move|p2a: Hawlucha|Acrobatics|p1a: Kleavor
|-supereffective|p1a: Kleavor
|-damage|p1a: Kleavor|0 fnt
|faint|p1a: Kleavor
|
|-fieldend|move: Grassy Terrain
|upkeep
|
|t:|1769342949
|switch|p1a: Greninja|Greninja, M|57/100
|-damage|p1a: Greninja|44/100|[from] Spikes
|turn|19
|
|t:|1769342953
|move|p1a: Greninja|Water Shuriken|p2a: Hawlucha
|-damage|p2a: Hawlucha|26/100
|-damage|p2a: Hawlucha|13/100
|-hitcount|p2a: Hawlucha|2
|-damage|p1a: Greninja|35/100|[from] item: Life Orb
|move|p2a: Hawlucha|Acrobatics|p1a: Greninja
|-damage|p1a: Greninja|0 fnt
|faint|p1a: Greninja
|
|upkeep
|
|t:|1769342960
|switch|p1a: Great Tusk|Great Tusk|100/100
|turn|20
|
|t:|1769342983
|move|p2a: Hawlucha|Acrobatics|p1a: Great Tusk
|-supereffective|p1a: Great Tusk
|-damage|p1a: Great Tusk|0 fnt
|faint|p1a: Great Tusk
|-end|p1a: Great Tusk|Protosynthesis|[silent]
|
|win|yesgamerfleet
|raw|tonytonique's rating: 1274 &rarr; <strong>1252</strong><br />(-22 for losing)
|raw|yesgamerfleet's rating: 1319 &rarr; <strong>1336</strong><br />(+17 for winning)
|l|☆tonytonique
|player|p1|
|c|☆yesgamerfleet|gg
|c|☆yesgamerfleet|wp
|l|☆yesgamerfleet
|player|p2|
