|j|‽hjsjhfja
|j|☆maxthegoldencorgi
|t:|1769418680
|gametype|singles
|player|p1|hjsjhfja|lucas|1210
|player|p2|maxthegoldencorgi|170|1166
|gen|9
|tier|[Gen 9] OU
|rated|
|rule|HP Percentage Mod: HP is shown in percentages
|rule|Endless Battle Clause: Forcing endless battles is banned
|rule|Species Clause: Limit one of each Pokémon
|rule|OHKO Clause: OHKO moves are banned
|rule|Evasion Items Clause: Evasion items are banned
|rule|Evasion Moves Clause: Evasion moves are banned
|rule|Evasion Abilities Clause: Evasion abilities are banned
|rule|Sleep Moves Clause: Sleep-inducing moves are banned
|clearpoke
|poke|p1|Garchomp, M|
|poke|p1|Gyarados, M|
|poke|p1|Toxtricity, M|
|poke|p1|Tinkaton, F|
|poke|p1|Iron Valiant|
|poke|p1|Heatran, M|
|poke|p2|Quagsire, F|
|poke|p2|Regice|
|poke|p2|Porygon-Z|
|poke|p2|Clefable, F|
|poke|p2|Dragonite, M|
|poke|p2|Tyranitar, M|
|teampreview
|inactive|Battle timer is ON: inactive players will automatically lose when time's up. (requested by maxthegoldencorgi)
|
|t:|1769418685
|teamsize|p1|6
|teamsize|p2|6
|start
|switch|p1a: Garchomp|Garchomp, M|100/100
|switch|p2a: imgonnateraground|Porygon-Z|100/100
|turn|1
|
|t:|1769418698
|move|p2a: imgonnateraground|Ice Beam|p1a: Garchomp
|-supereffective|p1a: Garchomp
|-damage|p1a: Garchomp|0 fnt
|faint|p1a: Garchomp
|
|upkeep
|
|t:|1769418704
|switch|p1a: Iron Valiant|Iron Valiant|100/100
|-enditem|p1a: Iron Valiant|Booster Energy
|-activate|p1a: Iron Valiant|ability: Quark Drive|[fromitem]
|-start|p1a: Iron Valiant|quarkdrivespe
|turn|2
|
|t:|1769418715
|switch|p2a: Clefable|Clefable, F|100/100
|move|p1a: Iron Valiant|Close Combat|p2a: Clefable
|-resisted|p2a: Clefable
|-damage|p2a: Clefable|67/100
|-unboost|p1a: Iron Valiant|def|1
|-unboost|p1a: Iron Valiant|spd|1
|
|upkeep
|turn|3
|
|t:|1769418726
|-end|p1a: Iron Valiant|Quark Drive|[silent]
|switch|p1a: Toxtricity|Toxtricity, M|100/100
|-item|p1a: Toxtricity|Air Balloon
|move|p2a: Clefable|Flamethrower|p1a: Toxtricity
|-damage|p1a: Toxtricity|42/100
|-status|p1a: Toxtricity|brn
|-enditem|p1a: Toxtricity|Air Balloon
|
|-damage|p1a: Toxtricity|36/100 brn|[from] brn
|upkeep
|turn|4
|
|t:|1769418741
|switch|p2a: Quagsire|Quagsire, F|100/100
|move|p1a: Toxtricity|Sludge Wave|p2a: Quagsire
|-resisted|p2a: Quagsire
|-damage|p2a: Quagsire|69/100
|
|-heal|p2a: Quagsire|75/100|[from] item: Leftovers
|-damage|p1a: Toxtricity|30/100 brn|[from] brn
|upkeep
|turn|5
|
|t:|1769418752
|move|p1a: Toxtricity|Boomburst|p2a: Quagsire
|-damage|p2a: Quagsire|3/100
|move|p2a: Quagsire|Earthquake|p1a: Toxtricity
|-supereffective|p1a: Toxtricity
|-damage|p1a: Toxtricity|0 fnt
|faint|p1a: Toxtricity
|
|-heal|p2a: Quagsire|9/100|[from] item: Leftovers
|upkeep
|
|t:|1769418760
|switch|p1a: Gyarados|Gyarados, M, shiny|100/100
|-ability|p1a: Gyarados|Intimidate|boost
|-unboost|p2a: Quagsire|atk|1
|turn|6
|
|t:|1769418764
|move|p1a: Gyarados|Waterfall|p2a: Quagsire
|-damage|p2a: Quagsire|0 fnt
|faint|p2a: Quagsire
|
|upkeep
|
|t:|1769418767
|switch|p2a: Clefable|Clefable, F|67/100
|turn|7
|
|t:|1769418774
|move|p1a: Gyarados|Dragon Dance|p1a: Gyarados
|-boost|p1a: Gyarados|atk|1
|-boost|p1a: Gyarados|spe|1
|move|p2a: Clefable|Thunderbolt|p1a: Gyarados
|-supereffective|p1a: Gyarados
|-damage|p1a: Gyarados|0 fnt
|faint|p1a: Gyarados
|
|upkeep
|
|t:|1769418782
|switch|p1a: Tinkaton|Tinkaton, F|100/100
|-ability|p1a: Tinkaton|Mold Breaker
|turn|8
|
|t:|1769418789
|-terastallize|p2a: Clefable|Fire
|move|p1a: Tinkaton|Gigaton Hammer|p2a: Clefable
|-resisted|p2a: Clefable
|-damage|p2a: Clefable|37/100
|move|p2a: Clefable|Flamethrower|p1a: Tinkaton
|-supereffective|p1a: Tinkaton
|-enditem|p1a: Tinkaton|Focus Sash
|-damage|p1a: Tinkaton|1/100
|
|upkeep
|turn|9
|
|t:|1769418801
|switch|p1a: Heatran|Heatran, M|100/100
|move|p2a: Clefable|Draining Kiss|p1a: Heatran
|-resisted|p1a: Heatran
|-damage|p1a: Heatran|93/100
|-heal|p2a: Clefable|41/100|[from] drain|[of] p1a: Heatran
|
|-heal|p1a: Heatran|99/100|[from] item: Leftovers
|upkeep
|turn|10
|
|t:|1769418812
|move|p1a: Heatran|Earth Power|p2a: Clefable
|-supereffective|p2a: Clefable
|-damage|p2a: Clefable|0 fnt
|faint|p2a: Clefable
|
|-heal|p1a: Heatran|100/100|[from] item: Leftovers
|upkeep
|
|t:|1769418827
|switch|p2a: Tyranitar|Tyranitar, M|100/100
|-weather|Sandstorm|[from] ability: Sand Stream|[of] p2a: Tyranitar
|turn|11
|
|t:|1769418835
|move|p1a: Heatran|Earth Power|p2a: Tyranitar
|-supereffective|p2a: Tyranitar
|-damage|p2a: Tyranitar|66/100
|move|p2a: Tyranitar|Dragon Dance|p2a: Tyranitar
|-boost|p2a: Tyranitar|atk|1
|-boost|p2a: Tyranitar|spe|1
|
|-weather|Sandstorm|[upkeep]
|upkeep
|turn|12
|
|t:|1769418844
|switch|p1a: Iron Valiant|Iron Valiant|100/100
|move|p2a: Tyranitar|Dragon Dance|p2a: Tyranitar
|-boost|p2a: Tyranitar|atk|1
|-boost|p2a: Tyranitar|spe|1
|
|-weather|Sandstorm|[upkeep]
|-damage|p1a: Iron Valiant|94/100|[from] Sandstorm
|upkeep
|turn|13
|
|t:|1769418853
|move|p2a: Tyranitar|Knock Off|p1a: Iron Valiant
|-resisted|p1a: Iron Valiant
|-damage|p1a: Iron Valiant|76/100
|move|p1a: Iron Valiant|Swords Dance|p1a: Iron Valiant
|-boost|p1a: Iron Valiant|atk|2
|
|-weather|Sandstorm|[upkeep]
|-damage|p1a: Iron Valiant|69/100|[from] Sandstorm
|upkeep
|turn|14
|
|t:|1769418861
|move|p2a: Tyranitar|Rock Slide|p1a: Iron Valiant
|-resisted|p1a: Iron Valiant
|-damage|p1a: Iron Valiant|26/100
|move|p1a: Iron Valiant|Close Combat|p2a: Tyranitar
|-supereffective|p2a: Tyranitar
|-enditem|p2a: Tyranitar|Chople Berry|[eat]
|-enditem|p2a: Tyranitar|Chople Berry|[weaken]
|-damage|p2a: Tyranitar|0 fnt
|-unboost|p1a: Iron Valiant|def|1
|-unboost|p1a: Iron Valiant|spd|1
|faint|p2a: Tyranitar
|
|-weather|Sandstorm|[upkeep]
|-damage|p1a: Iron Valiant|20/100|[from] Sandstorm
|upkeep
|
|t:|1769418864
|switch|p2a: imgonnateraground|Porygon-Z|100/100
|turn|15
|
|t:|1769418875
|move|p2a: imgonnateraground|Tri Attack|p1a: Iron Valiant
|-damage|p1a: Iron Valiant|0 fnt
|faint|p1a: Iron Valiant
|-end|p1a: Iron Valiant|Quark Drive|[silent]
|
|-weather|none
|upkeep
|
|t:|1769418885
|switch|p1a: Heatran|Heatran, M|100/100
|turn|16
|
|t:|1769418891
|-terastallize|p1a: Heatran|Fire
|move|p2a: imgonnateraground|Tri Attack|p1a: Heatran
|-damage|p1a: Heatran|42/100
|move|p1a: Heatran|Flamethrower|p2a: imgonnateraground
|-damage|p2a: imgonnateraground|6/100
|
|-heal|p1a: Heatran|48/100|[from] item: Leftovers
|upkeep
|turn|17
|
|t:|1769418900
|move|p2a: imgonnateraground|Tri Attack|p1a: Heatran
|-damage|p1a: Heatran|0 fnt
|faint|p1a: Heatran
|
|upkeep
|
|t:|1769418905
|switch|p1a: Tinkaton|Tinkaton, F|1/100
|-ability|p1a: Tinkaton|Mold Breaker
|turn|18
|
|t:|1769418914
|move|p2a: imgonnateraground|Tri Attack|p1a: Tinkaton
|-resisted|p1a: Tinkaton
|-damage|p1a: Tinkaton|0 fnt
|faint|p1a: Tinkaton
|
|win|maxthegoldencorgi
|raw|hjsjhfja's rating: 1210 &rarr; <strong>1182</strong><br />(-28 for losing)
|raw|maxthegoldencorgi's rating: 1166 &rarr; <strong>1194</strong><br />(+28 for winning)
|l|☆maxthegoldencorgi
|player|p2|
|l|‽hjsjhfja
|player|p1|
