|j|‽LT_Alt1
|j|☆Hybbridd
|t:|1769313299
|gametype|singles
|player|p1|LT_Alt1|101|1718
|player|p2|Hybbridd|lucas-gen4pt|1691
|gen|9
|tier|[Gen 9] OU
|rated|
|rule|HP Percentage Mod: HP is shown in percentages
|rule|Endless Battle Clause: Forcing endless battles is banned
|rule|Species Clause: Limit one of each Pokémon
|rule|OHKO Clause: OHKO moves are banned
|rule|Evasion Items Clause: Evasion items are banned
|rule|Evasion Moves Clause: Evasion moves are banned
|rule|Evasion Abilities Clause: Evasion abilities are banned
|rule|Sleep Moves Clause: Sleep-inducing moves are banned
|clearpoke
|poke|p1|Darkrai|
|poke|p1|Slowking-Galar, F|
|poke|p1|Gholdengo|
|poke|p1|Iron Treads|
|poke|p1|Raging Bolt|
|poke|p1|Gliscor, M|
|poke|p2|Landorus-Therian, M|
|poke|p2|Samurott-Hisui, M|
|poke|p2|Pecharunt|
|poke|p2|Scizor, M|
|poke|p2|Latios, M|
|poke|p2|Zamazenta-*|
|teampreview
|j| randobandoditotito
|
|t:|1769313312
|teamsize|p1|6
|teamsize|p2|6
|start
|switch|p1a: Darkrai|Darkrai|100/100
|switch|p2a: Samurott|Samurott-Hisui, M|100/100
|turn|1
|
|t:|1769313315
|move|p1a: Darkrai|Focus Blast|p2a: Samurott
|-supereffective|p2a: Samurott
|-damage|p2a: Samurott|29/100
|move|p2a: Samurott|Ceaseless Edge|p1a: Darkrai
|-resisted|p1a: Darkrai
|-damage|p1a: Darkrai|73/100
|-sidestart|p1: LT_Alt1|Spikes
|
|-heal|p1a: Darkrai|79/100|[from] item: Leftovers
|upkeep
|turn|2
|
|t:|1769313341
|move|p2a: Samurott|Aqua Jet|p1a: Darkrai
|-crit|p1a: Darkrai
|-damage|p1a: Darkrai|42/100
|move|p1a: Darkrai|Focus Blast|p2a: Samurott
|-supereffective|p2a: Samurott
|-damage|p2a: Samurott|0 fnt
|faint|p2a: Samurott
|
|-heal|p1a: Darkrai|48/100|[from] item: Leftovers
|upkeep
|
|t:|1769313343
|switch|p2a: Scizor|Scizor, M|100/100
|turn|3
|
|t:|1769313383
|switch|p1a: Iron Treads|Iron Treads|100/100
|move|p2a: Scizor|Bullet Punch|p1a: Iron Treads
|-resisted|p1a: Iron Treads
|-damage|p1a: Iron Treads|87/100
|
|upkeep
|turn|4
|
|t:|1769313390
|move|p1a: Iron Treads|Earthquake|p2a: Scizor
|-damage|p2a: Scizor|57/100
|move|p2a: Scizor|Knock Off|p1a: Iron Treads
|-damage|p1a: Iron Treads|58/100
|-enditem|p1a: Iron Treads|Heavy-Duty Boots|[from] move: Knock Off|[of] p2a: Scizor
|
|upkeep
|turn|5
|
|t:|1769313396
|switch|p2a: Pecharunt|Pecharunt|100/100
|move|p1a: Iron Treads|Rapid Spin|p2a: Pecharunt
|-immune|p2a: Pecharunt
|
|upkeep
|turn|6
|
|t:|1769313400
|-end|p1a: Iron Treads|Quark Drive|[silent]
|switch|p1a: Gliscor|Gliscor, M|100/100
|move|p2a: Pecharunt|Parting Shot|p1a: Gliscor
|-unboost|p1a: Gliscor|atk|1
|-unboost|p1a: Gliscor|spa|1
|
|t:|1769313403
|switch|p2a: Latios|Latios, M|100/100|[from] Parting Shot
|
|-status|p1a: Gliscor|tox|[from] item: Toxic Orb
|upkeep
|turn|7
|j| FaronAan
|
|t:|1769313413
|switch|p1a: Slowking|Slowking-Galar, F|100/100
|-damage|p1a: Slowking|88/100|[from] Spikes
|-terastallize|p2a: Latios|Steel
|move|p2a: Latios|Calm Mind|p2a: Latios
|-boost|p2a: Latios|spa|1
|-boost|p2a: Latios|spd|1
|
|-heal|p1a: Slowking|94/100|[from] item: Leftovers
|upkeep
|turn|8
|
|t:|1769313444
|move|p2a: Latios|Psychic Noise|p1a: Slowking
|-crit|p1a: Slowking
|-damage|p1a: Slowking|26/100
|-start|p1a: Slowking|move: Heal Block
|move|p1a: Slowking|Thunder Wave|p2a: Latios
|-status|p2a: Latios|par
|
|upkeep
|turn|9
|
|t:|1769313454
|switch|p1a: Iron Treads|Iron Treads|58/100
|-damage|p1a: Iron Treads|45/100|[from] Spikes
|move|p2a: Latios|Calm Mind|p2a: Latios
|-boost|p2a: Latios|spa|1
|-boost|p2a: Latios|spd|1
|
|upkeep
|turn|10
|
|t:|1769313461
|move|p1a: Iron Treads|Rapid Spin|p2a: Latios
|-resisted|p2a: Latios
|-damage|p2a: Latios|91/100 par
|-boost|p1a: Iron Treads|spe|1
|-sideend|p1: LT_Alt1|Spikes|[from] move: Rapid Spin|[of] p1a: Iron Treads
|move|p2a: Latios|Psychic Noise|p1a: Iron Treads
|-resisted|p1a: Iron Treads
|-damage|p1a: Iron Treads|0 fnt
|faint|p1a: Iron Treads
|-end|p1a: Iron Treads|Quark Drive|[silent]
|
|upkeep
|
|t:|1769313469
|switch|p1a: Gholdengo|Gholdengo|100/100
|turn|11
|
|t:|1769313475
|move|p1a: Gholdengo|Trick|p2a: Latios
|-activate|p1a: Gholdengo|move: Trick|[of] p2a: Latios
|-item|p2a: Latios|Choice Scarf|[from] move: Trick
|-item|p1a: Gholdengo|Soul Dew|[from] move: Trick
|cant|p2a: Latios|par
|
|upkeep
|turn|12
|
|t:|1769313487
|move|p1a: Gholdengo|Nasty Plot|p1a: Gholdengo
|-boost|p1a: Gholdengo|spa|2
|move|p2a: Latios|Psychic Noise|p1a: Gholdengo
|-resisted|p1a: Gholdengo
|-damage|p1a: Gholdengo|47/100
|-start|p1a: Gholdengo|move: Heal Block
|
|upkeep
|turn|13
|
|t:|1769313492
|move|p1a: Gholdengo|Shadow Ball|p2a: Latios
|-damage|p2a: Latios|46/100 par
|-unboost|p2a: Latios|spd|1
|move|p2a: Latios|Psychic Noise|p1a: Gholdengo
|-resisted|p1a: Gholdengo
|-damage|p1a: Gholdengo|0 fnt
|faint|p1a: Gholdengo
|
|upkeep
|
|t:|1769313497
|switch|p1a: Darkrai|Darkrai|48/100
|turn|14
|
|t:|1769313511
|switch|p2a: Zamazenta|Zamazenta|100/100
|-ability|p2a: Zamazenta|Dauntless Shield|boost
|-boost|p2a: Zamazenta|def|1
|move|p1a: Darkrai|Nasty Plot|p1a: Darkrai
|-boost|p1a: Darkrai|spa|2
|
|-heal|p1a: Darkrai|54/100|[from] item: Leftovers
|upkeep
|turn|15
|
|t:|1769313516
|switch|p1a: Gliscor|Gliscor, M|100/100 tox
|move|p2a: Zamazenta|Body Press|p1a: Gliscor
|-resisted|p1a: Gliscor
|-damage|p1a: Gliscor|79/100 tox
|
|-heal|p1a: Gliscor|91/100 tox|[from] ability: Poison Heal
|upkeep
|turn|16
|
|t:|1769313527
|switch|p2a: Latios|Latios, M, tera:Steel|46/100 par
|move|p1a: Gliscor|Spikes|p2a: Latios
|-sidestart|p2: Hybbridd|Spikes
|
|-heal|p1a: Gliscor|100/100 tox|[from] ability: Poison Heal
|upkeep
|turn|17
|
|t:|1769313530
|move|p1a: Gliscor|Protect|p1a: Gliscor
|-singleturn|p1a: Gliscor|Protect
|move|p2a: Latios|Draco Meteor|p1a: Gliscor
|-activate|p1a: Gliscor|move: Protect
|
|upkeep
|turn|18
|j| Kwaga
|
|t:|1769313539
|move|p2a: Latios|Draco Meteor|p1a: Gliscor
|-damage|p1a: Gliscor|36/100 tox
|-unboost|p2a: Latios|spa|2
|move|p1a: Gliscor|Spikes|p2a: Latios
|-sidestart|p2: Hybbridd|Spikes
|
|-heal|p1a: Gliscor|48/100 tox|[from] ability: Poison Heal
|upkeep
|turn|19
|
|t:|1769313546
|switch|p2a: Scizor|Scizor, M|57/100
|move|p1a: Gliscor|Toxic|p2a: Scizor
|-immune|p2a: Scizor
|
|-heal|p1a: Gliscor|61/100 tox|[from] ability: Poison Heal
|upkeep
|turn|20
|
|t:|1769313552
|move|p2a: Scizor|Swords Dance|p2a: Scizor
|-boost|p2a: Scizor|atk|2
|move|p1a: Gliscor|Knock Off|p2a: Scizor
|-damage|p2a: Scizor|33/100
|-enditem|p2a: Scizor|Heavy-Duty Boots|[from] move: Knock Off|[of] p1a: Gliscor
|
|-heal|p1a: Gliscor|73/100 tox|[from] ability: Poison Heal
|upkeep
|turn|21
|
|t:|1769313562
|switch|p1a: Slowking|Slowking-Galar, F|59/100
|move|p2a: Scizor|Swords Dance|p2a: Scizor
|-boost|p2a: Scizor|atk|2
|
|-heal|p1a: Slowking|65/100|[from] item: Leftovers
|upkeep
|turn|22
|
|t:|1769313566
|move|p2a: Scizor|Knock Off|p1a: Slowking
|-supereffective|p1a: Slowking
|-damage|p1a: Slowking|0 fnt
|-enditem|p1a: Slowking|Leftovers|[from] move: Knock Off|[of] p2a: Scizor
|faint|p1a: Slowking
|
|upkeep
|
|t:|1769313568
|switch|p1a: Raging Bolt|Raging Bolt|100/100
|turn|23
|
|t:|1769313575
|move|p1a: Raging Bolt|Thunderbolt|p2a: Scizor
|-damage|p2a: Scizor|0 fnt
|faint|p2a: Scizor
|
|upkeep
|
|t:|1769313577
|switch|p2a: Landorus|Landorus-Therian, M|100/100
|-ability|p2a: Landorus|Intimidate|boost
|-unboost|p1a: Raging Bolt|atk|1
|turn|24
|
|t:|1769313582
|-end|p1a: Raging Bolt|Protosynthesis|[silent]
|switch|p1a: Gliscor|Gliscor, M|73/100 tox
|move|p2a: Landorus|U-turn|p1a: Gliscor
|-resisted|p1a: Gliscor
|-damage|p1a: Gliscor|64/100 tox
|
|t:|1769313584
|switch|p2a: Latios|Latios, M, tera:Steel|46/100 par|[from] U-turn
|
|-heal|p1a: Gliscor|77/100 tox|[from] ability: Poison Heal
|upkeep
|turn|25
|
|t:|1769313589
|move|p1a: Gliscor|Protect|p1a: Gliscor
|-singleturn|p1a: Gliscor|Protect
|move|p2a: Latios|Recover|p2a: Latios
|-heal|p2a: Latios|96/100 par
|
|-heal|p1a: Gliscor|89/100 tox|[from] ability: Poison Heal
|upkeep
|turn|26
|
|t:|1769313599
|switch|p2a: Pecharunt|Pecharunt|100/100
|move|p1a: Gliscor|Spikes|p2a: Pecharunt
|-sidestart|p2: Hybbridd|Spikes
|
|-heal|p1a: Gliscor|100/100 tox|[from] ability: Poison Heal
|upkeep
|turn|27
|
|t:|1769313604
|move|p1a: Gliscor|Protect|p1a: Gliscor
|-singleturn|p1a: Gliscor|Protect
|move|p2a: Pecharunt|Parting Shot|p1a: Gliscor
|-activate|p1a: Gliscor|move: Protect
|
|upkeep
|turn|28
|
|t:|1769313608
|move|p2a: Pecharunt|Shadow Ball|p1a: Gliscor
|-damage|p1a: Gliscor|78/100 tox
|move|p1a: Gliscor|Toxic|p2a: Pecharunt
|-immune|p2a: Pecharunt
|
|-heal|p1a: Gliscor|91/100 tox|[from] ability: Poison Heal
|upkeep
|turn|29
|
|t:|1769313612
|switch|p2a: Latios|Latios, M, tera:Steel|96/100 par
|move|p1a: Gliscor|Protect||[still]
|-fail|p1a: Gliscor
|
|-heal|p1a: Gliscor|100/100 tox|[from] ability: Poison Heal
|upkeep
|turn|30
|
|t:|1769313627
|cant|p2a: Latios|par
|move|p1a: Gliscor|Toxic||[still]
|-fail|p1a: Gliscor
|
|upkeep
|turn|31
|
|t:|1769313633
|switch|p1a: Darkrai|Darkrai|54/100
|cant|p2a: Latios|par
|
|-heal|p1a: Darkrai|60/100|[from] item: Leftovers
|upkeep
|turn|32
|
|t:|1769313644
|switch|p1a: Gliscor|Gliscor, M|100/100 tox
|move|p2a: Latios|Draco Meteor|p1a: Gliscor
|-damage|p1a: Gliscor|39/100 tox
|-unboost|p2a: Latios|spa|2
|
|-heal|p1a: Gliscor|52/100 tox|[from] ability: Poison Heal
|upkeep
|turn|33
|
|t:|1769313649
|switch|p2a: Pecharunt|Pecharunt|100/100
|switch|p1a: Darkrai|Darkrai|60/100
|
|-heal|p1a: Darkrai|66/100|[from] item: Leftovers
|upkeep
|turn|34
|
|t:|1769313654
|move|p1a: Darkrai|Dark Pulse|p2a: Pecharunt
|-supereffective|p2a: Pecharunt
|-damage|p2a: Pecharunt|14/100
|move|p2a: Pecharunt|Malignant Chain|p1a: Darkrai
|-damage|p1a: Darkrai|28/100
|-status|p1a: Darkrai|tox
|-start|p1a: Darkrai|confusion|[from] ability: Poison Puppeteer|[of] p2a: Pecharunt
|
|-heal|p1a: Darkrai|34/100 tox|[from] item: Leftovers
|-damage|p1a: Darkrai|28/100 tox|[from] psn
|upkeep
|turn|35
|
|t:|1769313668
|switch|p2a: Zamazenta|Zamazenta|100/100
|-damage|p2a: Zamazenta|75/100|[from] Spikes
|-activate|p1a: Darkrai|confusion
|-damage|p1a: Darkrai|20/100 tox|[from] confusion
|
|-heal|p2a: Zamazenta|82/100|[from] item: Leftovers
|-heal|p1a: Darkrai|26/100 tox|[from] item: Leftovers
|-damage|p1a: Darkrai|14/100 tox|[from] psn
|upkeep
|turn|36
|
|t:|1769313673
|switch|p1a: Gliscor|Gliscor, M|52/100 tox
|move|p2a: Zamazenta|Roar|p1a: Gliscor
|drag|p1a: Raging Bolt|Raging Bolt|100/100
|
|-heal|p2a: Zamazenta|88/100|[from] item: Leftovers
|upkeep
|turn|37
|
|t:|1769313682
|switch|p2a: Latios|Latios, M, tera:Steel|96/100 par
|move|p1a: Raging Bolt|Draco Meteor|p2a: Latios
|-resisted|p2a: Latios
|-damage|p2a: Latios|55/100 par
|-unboost|p1a: Raging Bolt|spa|2
|
|upkeep
|turn|38
|
|t:|1769313688
|-end|p1a: Raging Bolt|Protosynthesis|[silent]
|switch|p1a: Darkrai|Darkrai|14/100 tox
|move|p2a: Latios|Recover|p2a: Latios
|-heal|p2a: Latios|100/100 par
|
|-heal|p1a: Darkrai|20/100 tox|[from] item: Leftovers
|-damage|p1a: Darkrai|14/100 tox|[from] psn
|upkeep
|turn|39
|
|t:|1769313700
|move|p1a: Darkrai|Nasty Plot|p1a: Darkrai
|-boost|p1a: Darkrai|spa|2
|cant|p2a: Latios|par
|
|-heal|p1a: Darkrai|20/100 tox|[from] item: Leftovers
|-damage|p1a: Darkrai|8/100 tox|[from] psn
|upkeep
|turn|40
|l| Kwaga
|
|t:|1769313709
|switch|p2a: Zamazenta|Zamazenta|88/100
|-damage|p2a: Zamazenta|63/100|[from] Spikes
|move|p1a: Darkrai|Dark Pulse|p2a: Zamazenta
|-resisted|p2a: Zamazenta
|-damage|p2a: Zamazenta|29/100
|
|-heal|p2a: Zamazenta|35/100|[from] item: Leftovers
|-heal|p1a: Darkrai|14/100 tox|[from] item: Leftovers
|-damage|p1a: Darkrai|0 fnt|[from] psn
|faint|p1a: Darkrai
|upkeep
|
|t:|1769313721
|switch|p1a: Raging Bolt|Raging Bolt|100/100
|turn|41
|
|t:|1769313727
|move|p2a: Zamazenta|Body Press|p1a: Raging Bolt
|-damage|p1a: Raging Bolt|66/100
|move|p1a: Raging Bolt|Thunderbolt|p2a: Zamazenta
|-damage|p2a: Zamazenta|0 fnt
|faint|p2a: Zamazenta
|
|-heal|p1a: Raging Bolt|72/100|[from] item: Leftovers
|upkeep
|
|t:|1769313736
|switch|p2a: Latios|Latios, M, tera:Steel|100/100 par
|turn|42
|
|t:|1769313744
|-end|p1a: Raging Bolt|Protosynthesis|[silent]
|switch|p1a: Gliscor|Gliscor, M|52/100 tox
|move|p2a: Latios|Psychic Noise|p1a: Gliscor
|-damage|p1a: Gliscor|16/100 tox
|-start|p1a: Gliscor|move: Heal Block
|
|upkeep
|turn|43
|
|t:|1769313753
|move|p2a: Latios|Psychic Noise|p1a: Gliscor
|-damage|p1a: Gliscor|0 fnt
|faint|p1a: Gliscor
|
|upkeep
|
|t:|1769313755
|switch|p1a: Raging Bolt|Raging Bolt|72/100
|turn|44
|
|t:|1769313759
|move|p2a: Latios|Psychic Noise|p1a: Raging Bolt
|-damage|p1a: Raging Bolt|32/100
|-start|p1a: Raging Bolt|move: Heal Block
|move|p1a: Raging Bolt|Calm Mind|p1a: Raging Bolt
|-boost|p1a: Raging Bolt|spa|1
|-boost|p1a: Raging Bolt|spd|1
|
|upkeep
|turn|45
|
|t:|1769313764
|move|p2a: Latios|Psychic Noise|p1a: Raging Bolt
|-damage|p1a: Raging Bolt|7/100
|move|p1a: Raging Bolt|Calm Mind|p1a: Raging Bolt
|-boost|p1a: Raging Bolt|spa|1
|-boost|p1a: Raging Bolt|spd|1
|
|-end|p1a: Raging Bolt|move: Heal Block
|upkeep
|turn|46
|
|t:|1769313769
|move|p2a: Latios|Psychic Noise|p1a: Raging Bolt
|-damage|p1a: Raging Bolt|0 fnt
|faint|p1a: Raging Bolt
|-end|p1a: Raging Bolt|Protosynthesis|[silent]
|
|win|Hybbridd
|raw|LT_Alt1's rating: 1718 &rarr; <strong>1696</strong><br />(-22 for losing)
|raw|Hybbridd's rating: 1691 &rarr; <strong>1713</strong><br />(+22 for winning)
|c|☆Hybbridd|Gg
