|j|☆tovipoarch
|j|☆biggruse04
|t:|1769300890
|gametype|singles
|player|p1|tovipoarch|drayden|1210
|player|p2|biggruse04|lady-gen4|1167
|gen|9
|tier|[Gen 9] OU
|rated|
|rule|HP Percentage Mod: HP is shown in percentages
|rule|Endless Battle Clause: Forcing endless battles is banned
|rule|Species Clause: Limit one of each Pokémon
|rule|OHKO Clause: OHKO moves are banned
|rule|Evasion Items Clause: Evasion items are banned
|rule|Evasion Moves Clause: Evasion moves are banned
|rule|Evasion Abilities Clause: Evasion abilities are banned
|rule|Sleep Moves Clause: Sleep-inducing moves are banned
|clearpoke
|poke|p1|Basculin-Blue-Striped, F|
|poke|p1|Squawkabilly, M|
|poke|p1|Smeargle, M|
|poke|p1|Veluza, M|
|poke|p1|Jolteon, F|
|poke|p1|Froslass, F|
|poke|p2|Ninetales, M|
|poke|p2|Skeledirge, M|
|poke|p2|Great Tusk|
|poke|p2|Glimmora, M|
|poke|p2|Lilligant-Hisui, F|
|poke|p2|Blaziken, M|
|teampreview
|inactive|Battle timer is ON: inactive players will automatically lose when time's up. (requested by tovipoarch)
|
|t:|1769300901
|teamsize|p1|6
|teamsize|p2|6
|start
|switch|p1a: mind of zu|Smeargle, M|100/100
|switch|p2a: kfc|Blaziken, M, shiny|100/100
|turn|1
|
|t:|1769300909
|move|p1a: mind of zu|Stealth Rock|p2a: kfc
|-sidestart|p2: biggruse04|move: Stealth Rock
|move|p2a: kfc|Swords Dance|p2a: kfc
|-boost|p2a: kfc|atk|2
|
|-ability|p2a: kfc|Speed Boost|boost
|-boost|p2a: kfc|spe|1
|upkeep
|turn|2
|
|t:|1769300913
|move|p2a: kfc|Swords Dance|p2a: kfc
|-boost|p2a: kfc|atk|2
|move|p1a: mind of zu|Sandstorm|p1a: mind of zu
|-weather|Sandstorm
|
|-weather|Sandstorm|[upkeep]
|-damage|p2a: kfc|95/100|[from] Sandstorm
|-damage|p1a: mind of zu|94/100|[from] Sandstorm
|-ability|p2a: kfc|Speed Boost|boost
|-boost|p2a: kfc|spe|1
|upkeep
|turn|3
|
|t:|1769300921
|-terastallize|p1a: mind of zu|Ghost
|move|p2a: kfc|Swords Dance|p2a: kfc
|-boost|p2a: kfc|atk|2
|move|p1a: mind of zu|Rapid Spin|p2a: kfc
|-damage|p2a: kfc|81/100
|-boost|p1a: mind of zu|spe|1
|
|-weather|Sandstorm|[upkeep]
|-damage|p2a: kfc|75/100|[from] Sandstorm
|-damage|p1a: mind of zu|88/100|[from] Sandstorm
|-ability|p2a: kfc|Speed Boost|boost
|-boost|p2a: kfc|spe|1
|upkeep
|turn|4
|
|t:|1769300930
|move|p2a: kfc|Acrobatics|p1a: mind of zu
|-damage|p1a: mind of zu|0 fnt
|faint|p1a: mind of zu
|
|-weather|Sandstorm|[upkeep]
|-damage|p2a: kfc|69/100|[from] Sandstorm
|-ability|p2a: kfc|Speed Boost|boost
|-boost|p2a: kfc|spe|1
|upkeep
|
|t:|1769300939
|switch|p1a: wings of zu|Squawkabilly, M|100/100
|turn|5
|
|t:|1769300946
|move|p1a: wings of zu|Quick Attack|p2a: kfc
|-damage|p2a: kfc|42/100
|move|p2a: kfc|Fire Punch|p1a: wings of zu
|-damage|p1a: wings of zu|0 fnt
|faint|p1a: wings of zu
|
|-weather|Sandstorm|[upkeep]
|-damage|p2a: kfc|36/100|[from] Sandstorm
|-ability|p2a: kfc|Speed Boost|boost
|-boost|p2a: kfc|spe|1
|upkeep
|
|t:|1769300956
|switch|p1a: Jolteon|Jolteon, F|100/100
|turn|6
|
|t:|1769300961
|move|p2a: kfc|Close Combat|p1a: Jolteon
|-damage|p1a: Jolteon|0 fnt
|-unboost|p2a: kfc|def|1
|-unboost|p2a: kfc|spd|1
|faint|p1a: Jolteon
|
|-weather|none
|-ability|p2a: kfc|Speed Boost|boost
|-boost|p2a: kfc|spe|1
|upkeep
|
|t:|1769300964
|switch|p1a: Froslass|Froslass, F|100/100
|turn|7
|
|t:|1769300971
|move|p2a: kfc|Fire Punch|p1a: Froslass
|-supereffective|p1a: Froslass
|-damage|p1a: Froslass|0 fnt
|faint|p1a: Froslass
|
|upkeep
|-message|tovipoarch forfeited.
|
|win|biggruse04
|raw|tovipoarch's rating: 1210 &rarr; <strong>1182</strong><br />(-28 for losing)
|raw|biggruse04's rating: 1167 &rarr; <strong>1195</strong><br />(+28 for winning)
|l|☆tovipoarch
|player|p1|
|l|☆biggruse04
|player|p2|
