|j|☆1337muffin1337
|j|☆poopnuts56
|t:|1769423862
|gametype|singles
|player|p1|1337muffin1337|misty|1242
|player|p2|poopnuts56|1|1193
|gen|9
|tier|[Gen 9] OU
|rated|
|rule|HP Percentage Mod: HP is shown in percentages
|rule|Endless Battle Clause: Forcing endless battles is banned
|rule|Species Clause: Limit one of each Pokémon
|rule|OHKO Clause: OHKO moves are banned
|rule|Evasion Items Clause: Evasion items are banned
|rule|Evasion Moves Clause: Evasion moves are banned
|rule|Evasion Abilities Clause: Evasion abilities are banned
|rule|Sleep Moves Clause: Sleep-inducing moves are banned
|clearpoke
|poke|p1|Volcanion|
|poke|p1|Lapras, F|
|poke|p1|Azelf|
|poke|p1|Darkrai|
|poke|p1|Garchomp, M|
|poke|p1|Conkeldurr, M|
|poke|p2|Tyranitar, F|
|poke|p2|Garchomp, M|
|poke|p2|Zamazenta-*|
|poke|p2|Pecharunt|
|poke|p2|Alomomola, M|
|poke|p2|Corviknight, M|
|teampreview
|inactive|Battle timer is ON: inactive players will automatically lose when time's up. (requested by 1337muffin1337)
|
|t:|1769423874
|teamsize|p1|6
|teamsize|p2|6
|start
|switch|p1a: Volcanion|Volcanion|100/100
|switch|p2a: Pecharunt|Pecharunt|100/100
|turn|1
|
|t:|1769423884
|move|p2a: Pecharunt|Malignant Chain|p1a: Volcanion
|-damage|p1a: Volcanion|67/100
|-status|p1a: Volcanion|tox
|-start|p1a: Volcanion|confusion|[from] ability: Poison Puppeteer|[of] p2a: Pecharunt
|-activate|p1a: Volcanion|confusion
|move|p1a: Volcanion|Steam Eruption|p2a: Pecharunt
|-damage|p2a: Pecharunt|34/100
|
|-damage|p1a: Volcanion|61/100 tox|[from] psn
|upkeep
|turn|2
|
|t:|1769423898
|move|p2a: Pecharunt|Parting Shot|p1a: Volcanion
|-unboost|p1a: Volcanion|atk|1
|-unboost|p1a: Volcanion|spa|1
|
|t:|1769423901
|switch|p2a: Corviknight|Corviknight, M|100/100|[from] Parting Shot
|-ability|p2a: Corviknight|Pressure
|-activate|p1a: Volcanion|confusion
|move|p1a: Volcanion|Steam Eruption|p2a: Corviknight
|-damage|p2a: Corviknight|58/100
|
|-damage|p1a: Volcanion|48/100 tox|[from] psn
|upkeep
|turn|3
|
|t:|1769423913
|switch|p1a: Lapras|Lapras, F, shiny|100/100
|move|p2a: Corviknight|Roost|p2a: Corviknight
|-heal|p2a: Corviknight|100/100
|-singleturn|p2a: Corviknight|move: Roost
|
|upkeep
|turn|4
|
|t:|1769423929
|switch|p2a: Alomomola|Alomomola, M|100/100
|move|p1a: Lapras|Brine|p2a: Alomomola
|-resisted|p2a: Alomomola
|-damage|p2a: Alomomola|90/100
|
|upkeep
|turn|5
|inactive|1337muffin1337 has 120 seconds left.
|inactive|poopnuts56 has 120 seconds left.
|
|t:|1769423968
|switch|p1a: Azelf|Azelf, shiny|100/100
|move|p2a: Alomomola|Flip Turn|p1a: Azelf
|-damage|p1a: Azelf|73/100
|
|t:|1769423975
|switch|p2a: Tyranitar|Tyranitar, F|100/100|[from] Flip Turn
|-weather|Sandstorm|[from] ability: Sand Stream|[of] p2a: Tyranitar
|
|-weather|Sandstorm|[upkeep]
|-damage|p1a: Azelf|67/100|[from] Sandstorm
|upkeep
|turn|6
|
|t:|1769423983
|move|p1a: Azelf|Dazzling Gleam|p2a: Tyranitar
|-supereffective|p2a: Tyranitar
|-damage|p2a: Tyranitar|55/100
|move|p2a: Tyranitar|Knock Off|p1a: Azelf
|-supereffective|p1a: Azelf
|-damage|p1a: Azelf|0 fnt
|-enditem|p1a: Azelf|Expert Belt|[from] move: Knock Off|[of] p2a: Tyranitar
|faint|p1a: Azelf
|
|-weather|Sandstorm|[upkeep]
|upkeep
|
|t:|1769423992
|switch|p1a: Lapras|Lapras, F, shiny|100/100
|turn|7
|
|t:|1769423997
|move|p2a: Tyranitar|Knock Off|p1a: Lapras
|-damage|p1a: Lapras|23/100
|-enditem|p1a: Lapras|Assault Vest|[from] move: Knock Off|[of] p2a: Tyranitar
|move|p1a: Lapras|Brine|p2a: Tyranitar
|-supereffective|p2a: Tyranitar
|-damage|p2a: Tyranitar|24/100
|
|-weather|Sandstorm|[upkeep]
|-damage|p1a: Lapras|17/100|[from] Sandstorm
|upkeep
|turn|8
|
|t:|1769424006
|switch|p2a: Alomomola|Alomomola, M|100/100
|move|p1a: Lapras|Brine|p2a: Alomomola
|-resisted|p2a: Alomomola
|-damage|p2a: Alomomola|90/100
|
|-weather|Sandstorm|[upkeep]
|-damage|p2a: Alomomola|84/100|[from] Sandstorm
|-damage|p1a: Lapras|11/100|[from] Sandstorm
|upkeep
|turn|9
|
|t:|1769424030
|move|p2a: Alomomola|Flip Turn|p1a: Lapras
|-heal|p1a: Lapras|35/100|[from] ability: Water Absorb|[of] p2a: Alomomola
|move|p1a: Lapras|Rest|p1a: Lapras
|-status|p1a: Lapras|slp|[from] move: Rest
|-heal|p1a: Lapras|100/100 slp|[silent]
|
|-weather|none
|upkeep
|turn|10
|inactive|poopnuts56 has 120 seconds left.
|
|t:|1769424058
|switch|p2a: Garchomp|Garchomp, M|100/100
|cant|p1a: Lapras|slp
|
|upkeep
|turn|11
|
|t:|1769424064
|move|p2a: Garchomp|Stealth Rock|p1a: Lapras
|-sidestart|p1: 1337muffin1337|move: Stealth Rock
|cant|p1a: Lapras|slp
|
|upkeep
|turn|12
|
|t:|1769424068
|move|p2a: Garchomp|Stealth Rock||[still]
|-fail|p2a: Garchomp
|-curestatus|p1a: Lapras|slp|[msg]
|move|p1a: Lapras|Ice Beam|p2a: Garchomp
|-supereffective|p2a: Garchomp
|-damage|p2a: Garchomp|0 fnt
|faint|p2a: Garchomp
|
|upkeep
|
|t:|1769424069
|switch|p2a: Zamazenta|Zamazenta|100/100
|-ability|p2a: Zamazenta|Dauntless Shield|boost
|-boost|p2a: Zamazenta|def|1
|turn|13
|
|t:|1769424079
|-terastallize|p1a: Lapras|Fairy
|move|p2a: Zamazenta|Close Combat|p1a: Lapras
|-resisted|p1a: Lapras
|-damage|p1a: Lapras|74/100
|-unboost|p2a: Zamazenta|def|1
|-unboost|p2a: Zamazenta|spd|1
|move|p1a: Lapras|Alluring Voice|p2a: Zamazenta
|-supereffective|p2a: Zamazenta
|-damage|p2a: Zamazenta|17/100
|
|upkeep
|turn|14
|
|t:|1769424089
|switch|p2a: Corviknight|Corviknight, M|100/100
|-ability|p2a: Corviknight|Pressure
|move|p1a: Lapras|Alluring Voice|p2a: Corviknight
|-resisted|p2a: Corviknight
|-crit|p2a: Corviknight
|-damage|p2a: Corviknight|78/100
|
|upkeep
|turn|15
|
|t:|1769424096
|move|p2a: Corviknight|Brave Bird|p1a: Lapras
|-damage|p1a: Lapras|40/100
|-damage|p2a: Corviknight|65/100|[from] Recoil
|move|p1a: Lapras|Ice Beam|p2a: Corviknight
|-damage|p2a: Corviknight|29/100
|
|upkeep
|turn|16
|
|t:|1769424110
|move|p2a: Corviknight|Brave Bird|p1a: Lapras
|-damage|p1a: Lapras|5/100
|-damage|p2a: Corviknight|16/100|[from] Recoil
|move|p1a: Lapras|Rest|p1a: Lapras
|-status|p1a: Lapras|slp|[from] move: Rest
|-heal|p1a: Lapras|100/100 slp|[silent]
|
|upkeep
|turn|17
|
|t:|1769424120
|move|p2a: Corviknight|Roost|p2a: Corviknight
|-heal|p2a: Corviknight|66/100
|-singleturn|p2a: Corviknight|move: Roost
|cant|p1a: Lapras|slp
|
|upkeep
|turn|18
|
|t:|1769424130
|switch|p2a: Alomomola|Alomomola, M|100/100
|cant|p1a: Lapras|slp
|
|upkeep
|turn|19
|
|t:|1769424135
|move|p2a: Alomomola|Wish|p2a: Alomomola
|-curestatus|p1a: Lapras|slp|[msg]
|move|p1a: Lapras|Alluring Voice|p2a: Alomomola
|-damage|p2a: Alomomola|73/100
|
|upkeep
|turn|20
|
|t:|1769424141
|move|p2a: Alomomola|Flip Turn|p1a: Lapras
|-immune|p1a: Lapras|[from] ability: Water Absorb
|move|p1a: Lapras|Alluring Voice|p2a: Alomomola
|-damage|p2a: Alomomola|47/100
|
|-heal|p2a: Alomomola|97/100|[from] move: Wish|[wisher] Alomomola
|upkeep
|turn|21
|
|t:|1769424148
|move|p2a: Alomomola|Wish|p2a: Alomomola
|move|p1a: Lapras|Alluring Voice|p2a: Alomomola
|-damage|p2a: Alomomola|69/100
|
|upkeep
|turn|22
|
|t:|1769424153
|switch|p2a: Pecharunt|Pecharunt|34/100
|move|p1a: Lapras|Alluring Voice|p2a: Pecharunt
|-resisted|p2a: Pecharunt
|-damage|p2a: Pecharunt|20/100
|
|-heal|p2a: Pecharunt|82/100|[from] move: Wish|[wisher] Alomomola
|upkeep
|turn|23
|
|t:|1769424162
|move|p2a: Pecharunt|Malignant Chain|p1a: Lapras
|-supereffective|p1a: Lapras
|-damage|p1a: Lapras|61/100
|-status|p1a: Lapras|tox
|-start|p1a: Lapras|confusion|[from] ability: Poison Puppeteer|[of] p2a: Pecharunt
|-activate|p1a: Lapras|confusion
|move|p1a: Lapras|Ice Beam|p2a: Pecharunt
|-damage|p2a: Pecharunt|45/100
|-status|p2a: Pecharunt|frz
|
|-damage|p1a: Lapras|55/100 tox|[from] psn
|upkeep
|turn|24
|
|t:|1769424173
|cant|p2a: Pecharunt|frz
|-activate|p1a: Lapras|confusion
|move|p1a: Lapras|Rest|p1a: Lapras
|-status|p1a: Lapras|slp|[from] move: Rest
|-heal|p1a: Lapras|100/100 slp|[silent]
|
|upkeep
|turn|25
|
|t:|1769424180
|-curestatus|p2a: Pecharunt|frz|[msg]
|move|p2a: Pecharunt|Recover|p2a: Pecharunt
|-heal|p2a: Pecharunt|95/100
|cant|p1a: Lapras|slp
|
|upkeep
|turn|26
|
|t:|1769424186
|move|p2a: Pecharunt|Malignant Chain|p1a: Lapras
|-supereffective|p1a: Lapras
|-damage|p1a: Lapras|60/100 slp
|cant|p1a: Lapras|slp
|
|upkeep
|turn|27
|
|t:|1769424192
|switch|p2a: Alomomola|Alomomola, M|100/100
|-curestatus|p1a: Lapras|slp|[msg]
|-activate|p1a: Lapras|confusion
|move|p1a: Lapras|Ice Beam|p2a: Alomomola
|-resisted|p2a: Alomomola
|-damage|p2a: Alomomola|85/100
|
|upkeep
|turn|28
|
|t:|1769424200
|switch|p2a: Pecharunt|Pecharunt|95/100
|-end|p1a: Lapras|confusion
|move|p1a: Lapras|Alluring Voice|p2a: Pecharunt
|-resisted|p2a: Pecharunt
|-damage|p2a: Pecharunt|80/100
|
|upkeep
|turn|29
|
|t:|1769424207
|move|p2a: Pecharunt|Parting Shot|p1a: Lapras
|-unboost|p1a: Lapras|atk|1
|-unboost|p1a: Lapras|spa|1
|
|t:|1769424210
|switch|p2a: Alomomola|Alomomola, M|100/100|[from] Parting Shot
|move|p1a: Lapras|Alluring Voice|p2a: Alomomola
|-damage|p2a: Alomomola|85/100
|
|upkeep
|turn|30
|
|t:|1769424216
|switch|p2a: Pecharunt|Pecharunt|80/100
|move|p1a: Lapras|Brine|p2a: Pecharunt
|-damage|p2a: Pecharunt|62/100
|
|upkeep
|turn|31
|
|t:|1769424243
|move|p2a: Pecharunt|Parting Shot|p1a: Lapras
|-unboost|p1a: Lapras|atk|1
|-unboost|p1a: Lapras|spa|1
|
|t:|1769424247
|switch|p2a: Alomomola|Alomomola, M|100/100|[from] Parting Shot
|move|p1a: Lapras|Ice Beam|p2a: Alomomola
|-resisted|p2a: Alomomola
|-damage|p2a: Alomomola|93/100
|
|upkeep
|turn|32
|
|t:|1769424259
|switch|p1a: Garchomp|Garchomp, M|100/100
|-damage|p1a: Garchomp|94/100|[from] Stealth Rock
|move|p2a: Alomomola|Wish|p2a: Alomomola
|
|upkeep
|turn|33
|
|t:|1769424270
|move|p1a: Garchomp|Dragon Claw|p2a: Alomomola
|-damage|p2a: Alomomola|67/100
|move|p2a: Alomomola|Flip Turn|p1a: Garchomp
|-damage|p1a: Garchomp|78/100
|-damage|p2a: Alomomola|54/100|[from] ability: Rough Skin|[of] p1a: Garchomp
|
|t:|1769424276
|switch|p2a: Tyranitar|Tyranitar, F|24/100|[from] Flip Turn
|-weather|Sandstorm|[from] ability: Sand Stream|[of] p2a: Tyranitar
|
|-weather|Sandstorm|[upkeep]
|-heal|p2a: Tyranitar|92/100|[from] move: Wish|[wisher] Alomomola
|upkeep
|turn|34
|
|t:|1769424284
|move|p1a: Garchomp|Swords Dance|p1a: Garchomp
|-boost|p1a: Garchomp|atk|2
|move|p2a: Tyranitar|Ice Punch|p1a: Garchomp
|-supereffective|p1a: Garchomp
|-damage|p1a: Garchomp|0 fnt
|-damage|p2a: Tyranitar|79/100|[from] ability: Rough Skin|[of] p1a: Garchomp
|faint|p1a: Garchomp
|
|-weather|Sandstorm|[upkeep]
|upkeep
|
|t:|1769424308
|switch|p1a: Conkeldurr|Conkeldurr, M|100/100
|-damage|p1a: Conkeldurr|94/100|[from] Stealth Rock
|turn|35
|
|t:|1769424315
|switch|p2a: Pecharunt|Pecharunt|62/100
|move|p1a: Conkeldurr|Drain Punch|p2a: Pecharunt
|-immune|p2a: Pecharunt
|
|-weather|Sandstorm|[upkeep]
|-damage|p2a: Pecharunt|56/100|[from] Sandstorm
|-damage|p1a: Conkeldurr|88/100|[from] Sandstorm
|upkeep
|turn|36
|
|t:|1769424323
|move|p1a: Conkeldurr|Mach Punch|p2a: Pecharunt
|-immune|p2a: Pecharunt
|move|p2a: Pecharunt|Recover|p2a: Pecharunt
|-heal|p2a: Pecharunt|100/100
|
|-weather|Sandstorm|[upkeep]
|-damage|p2a: Pecharunt|94/100|[from] Sandstorm
|-damage|p1a: Conkeldurr|82/100|[from] Sandstorm
|upkeep
|turn|37
|
|t:|1769424330
|move|p2a: Pecharunt|Malignant Chain|p1a: Conkeldurr
|-damage|p1a: Conkeldurr|46/100
|-status|p1a: Conkeldurr|tox
|-start|p1a: Conkeldurr|confusion|[from] ability: Poison Puppeteer|[of] p2a: Pecharunt
|-activate|p1a: Conkeldurr|confusion
|move|p1a: Conkeldurr|Knock Off|p2a: Pecharunt
|-supereffective|p2a: Pecharunt
|-damage|p2a: Pecharunt|43/100
|-enditem|p2a: Pecharunt|Heavy-Duty Boots|[from] move: Knock Off|[of] p1a: Conkeldurr
|
|-weather|none
|-damage|p1a: Conkeldurr|40/100 tox|[from] psn
|upkeep
|turn|38
|
|t:|1769424342
|move|p2a: Pecharunt|Recover|p2a: Pecharunt
|-heal|p2a: Pecharunt|93/100
|-activate|p1a: Conkeldurr|confusion
|-damage|p1a: Conkeldurr|26/100 tox|[from] confusion
|
|-damage|p1a: Conkeldurr|14/100 tox|[from] psn
|upkeep
|turn|39
|-message|1337muffin1337 forfeited.
|
|win|poopnuts56
|raw|1337muffin1337's rating: 1242 &rarr; <strong>1213</strong><br />(-29 for losing)
|raw|poopnuts56's rating: 1190 &rarr; <strong>1219</strong><br />(+29 for winning)
|l|☆1337muffin1337
|player|p1|
|l|☆poopnuts56
|player|p2|
