|j|☆ferrydiscs
|j|☆Ghoul in PJs
|t:|1769362538
|gametype|singles
|player|p1|ferrydiscs|will|1508
|player|p2|Ghoul in PJs|265|1545
|gen|9
|tier|[Gen 9] OU
|rated|
|rule|HP Percentage Mod: HP is shown in percentages
|rule|Endless Battle Clause: Forcing endless battles is banned
|rule|Species Clause: Limit one of each Pokémon
|rule|OHKO Clause: OHKO moves are banned
|rule|Evasion Items Clause: Evasion items are banned
|rule|Evasion Moves Clause: Evasion moves are banned
|rule|Evasion Abilities Clause: Evasion abilities are banned
|rule|Sleep Moves Clause: Sleep-inducing moves are banned
|clearpoke
|poke|p1|Tyranitar, M|
|poke|p1|Excadrill, M|
|poke|p1|Tornadus-Therian, M|
|poke|p1|Tinkaton, F|
|poke|p1|Sinistcha|
|poke|p1|Toxapex, M|
|poke|p2|Kyurem|
|poke|p2|Cinderace, M|
|poke|p2|Tornadus-Therian, M|
|poke|p2|Hatterene, F|
|poke|p2|Great Tusk|
|poke|p2|Kingambit, F|
|teampreview
|inactive|Battle timer is ON: inactive players will automatically lose when time's up. (requested by Ghoul in PJs)
|
|t:|1769362553
|teamsize|p1|6
|teamsize|p2|6
|start
|switch|p1a: Tinkaton|Tinkaton, F, shiny|100/100
|switch|p2a: Kyurem|Kyurem|100/100
|-ability|p2a: Kyurem|Pressure
|-item|p1a: Tinkaton|Air Balloon
|turn|1
|
|t:|1769362569
|switch|p2a: Cinderace|Cinderace, M|100/100
|move|p1a: Tinkaton|Stealth Rock|p2a: Cinderace
|-sidestart|p2: Ghoul in PJs|move: Stealth Rock
|
|upkeep
|turn|2
|
|t:|1769362576
|move|p2a: Cinderace|Will-O-Wisp|p1a: Tinkaton
|-status|p1a: Tinkaton|brn
|move|p1a: Tinkaton|Encore|p2a: Cinderace
|-start|p2a: Cinderace|Encore
|
|-damage|p1a: Tinkaton|94/100 brn|[from] brn
|upkeep
|turn|3
|
|t:|1769362585
|switch|p2a: Great Tusk|Great Tusk|100/100
|-damage|p2a: Great Tusk|98/100|[from] Stealth Rock
|switch|p1a: Tornadus|Tornadus-Therian, M, shiny|100/100
|
|upkeep
|turn|4
|
|t:|1769362593
|-end|p2a: Great Tusk|Protosynthesis|[silent]
|switch|p2a: Tornadus|Tornadus-Therian, M|100/100
|-damage|p2a: Tornadus|76/100|[from] Stealth Rock
|move|p1a: Tornadus|Bleakwind Storm|p2a: Tornadus|[miss]
|-miss|p1a: Tornadus|p2a: Tornadus
|
|upkeep
|turn|5
|
|t:|1769362597
|switch|p1a: Toxapex|Toxapex, M, shiny|100/100
|move|p2a: Tornadus|Knock Off|p1a: Toxapex
|-damage|p1a: Toxapex|86/100
|-enditem|p1a: Toxapex|Eject Button|[from] move: Knock Off|[of] p2a: Tornadus
|
|upkeep
|turn|6
|
|t:|1769362620
|switch|p1a: Tornadus|Tornadus-Therian, M, shiny|100/100
|move|p2a: Tornadus|U-turn|p1a: Tornadus
|-resisted|p1a: Tornadus
|-damage|p1a: Tornadus|91/100
|
|t:|1769362634
|switch|p2a: Hatterene|Hatterene, F|100/100|[from] U-turn
|-damage|p2a: Hatterene|88/100|[from] Stealth Rock
|
|-heal|p2a: Hatterene|94/100|[from] item: Leftovers
|upkeep
|turn|7
|
|t:|1769362644
|switch|p1a: Excadrill|Excadrill, M, shiny|100/100
|move|p2a: Hatterene|Draining Kiss|p1a: Excadrill
|-resisted|p1a: Excadrill
|-damage|p1a: Excadrill|86/100
|-heal|p2a: Hatterene|100/100|[from] drain|[of] p1a: Excadrill
|
|-heal|p1a: Excadrill|92/100|[from] item: Leftovers
|upkeep
|turn|8
|
|t:|1769362652
|switch|p2a: Great Tusk|Great Tusk|98/100
|-damage|p2a: Great Tusk|95/100|[from] Stealth Rock
|move|p1a: Excadrill|Substitute|p1a: Excadrill
|-start|p1a: Excadrill|Substitute
|-damage|p1a: Excadrill|67/100
|
|-heal|p1a: Excadrill|73/100|[from] item: Leftovers
|upkeep
|turn|9
|
|t:|1769362659
|switch|p1a: Sinistcha|Sinistcha, shiny|100/100
|move|p2a: Great Tusk|Rapid Spin|p1a: Sinistcha
|-immune|p1a: Sinistcha
|
|upkeep
|turn|10
|
|t:|1769362663
|-end|p2a: Great Tusk|Protosynthesis|[silent]
|switch|p2a: Cinderace|Cinderace, M|100/100
|move|p1a: Sinistcha|Calm Mind|p1a: Sinistcha
|-boost|p1a: Sinistcha|spa|1
|-boost|p1a: Sinistcha|spd|1
|
|upkeep
|turn|11
|
|t:|1769362677
|move|p2a: Cinderace|Pyro Ball|p1a: Sinistcha
|-supereffective|p1a: Sinistcha
|-damage|p1a: Sinistcha|62/100
|move|p1a: Sinistcha|Shadow Ball|p2a: Cinderace
|-damage|p2a: Cinderace|31/100
|
|-heal|p1a: Sinistcha|68/100|[from] item: Leftovers
|upkeep
|turn|12
|
|t:|1769362683
|move|p2a: Cinderace|Pyro Ball|p1a: Sinistcha
|-supereffective|p1a: Sinistcha
|-damage|p1a: Sinistcha|29/100
|move|p1a: Sinistcha|Strength Sap|p2a: Cinderace
|-unboost|p2a: Cinderace|atk|1
|-heal|p1a: Sinistcha|100/100
|
|upkeep
|turn|13
|
|t:|1769362694
|move|p2a: Cinderace|Will-O-Wisp|p1a: Sinistcha|[miss]
|-miss|p2a: Cinderace|p1a: Sinistcha
|move|p1a: Sinistcha|Shadow Ball|p2a: Cinderace
|-damage|p2a: Cinderace|0 fnt
|faint|p2a: Cinderace
|
|upkeep
|
|t:|1769362697
|switch|p2a: Kingambit|Kingambit, F|100/100
|-damage|p2a: Kingambit|94/100|[from] Stealth Rock
|-activate|p2a: Kingambit|ability: Supreme Overlord
|-start|p2a: Kingambit|fallen1|[silent]
|turn|14
|
|t:|1769362700
|-terastallize|p1a: Sinistcha|Fighting
|move|p1a: Sinistcha|Tera Blast|p2a: Kingambit|[anim] Tera Blast Fighting
|-supereffective|p2a: Kingambit
|-damage|p2a: Kingambit|0 fnt
|faint|p2a: Kingambit
|-end|p2a: Kingambit|fallen1|[silent]
|
|upkeep
|
|t:|1769362706
|switch|p2a: Tornadus|Tornadus-Therian, M|100/100
|-damage|p2a: Tornadus|76/100|[from] Stealth Rock
|turn|15
|
|t:|1769362728
|move|p2a: Tornadus|Bleakwind Storm|p1a: Sinistcha
|-supereffective|p1a: Sinistcha
|-damage|p1a: Sinistcha|41/100
|move|p1a: Sinistcha|Strength Sap|p2a: Tornadus
|-unboost|p2a: Tornadus|atk|1
|-heal|p1a: Sinistcha|100/100
|
|upkeep
|turn|16
|
|t:|1769362734
|move|p2a: Tornadus|Knock Off|p1a: Sinistcha
|-resisted|p1a: Sinistcha
|-damage|p1a: Sinistcha|96/100
|-enditem|p1a: Sinistcha|Leftovers|[from] move: Knock Off|[of] p2a: Tornadus
|move|p1a: Sinistcha|Calm Mind|p1a: Sinistcha
|-boost|p1a: Sinistcha|spa|1
|-boost|p1a: Sinistcha|spd|1
|
|upkeep
|turn|17
|
|t:|1769362739
|move|p2a: Tornadus|Bleakwind Storm|p1a: Sinistcha|[miss]
|-miss|p2a: Tornadus|p1a: Sinistcha
|move|p1a: Sinistcha|Shadow Ball|p2a: Tornadus
|-damage|p2a: Tornadus|35/100
|-unboost|p2a: Tornadus|spd|1
|
|upkeep
|turn|18
|-message|Ghoul in PJs forfeited.
|
|win|ferrydiscs
|raw|ferrydiscs's rating: 1508 &rarr; <strong>1530</strong><br />(+22 for winning)
|raw|Ghoul in PJs's rating: 1545 &rarr; <strong>1523</strong><br />(-22 for losing)
|l|☆Ghoul in PJs
|player|p2|
