|j|☆healorant
|j|☆Igoodnamename
|t:|1769295247
|gametype|singles
|player|p1|healorant|alder|1838
|player|p2|Igoodnamename|266|1796
|gen|9
|tier|[Gen 9] OU
|rated|
|rule|HP Percentage Mod: HP is shown in percentages
|rule|Endless Battle Clause: Forcing endless battles is banned
|rule|Species Clause: Limit one of each Pokémon
|rule|OHKO Clause: OHKO moves are banned
|rule|Evasion Items Clause: Evasion items are banned
|rule|Evasion Moves Clause: Evasion moves are banned
|rule|Evasion Abilities Clause: Evasion abilities are banned
|rule|Sleep Moves Clause: Sleep-inducing moves are banned
|clearpoke
|poke|p1|Darkrai|
|poke|p1|Pecharunt|
|poke|p1|Zamazenta-*|
|poke|p1|Ogerpon-Wellspring, F|
|poke|p1|Iron Treads|
|poke|p1|Latios, M|
|poke|p2|Hydrapple, F|
|poke|p2|Alomomola, M|
|poke|p2|Weezing-Galar, M|
|poke|p2|Darkrai|
|poke|p2|Heatran, M|
|poke|p2|Zamazenta-*|
|teampreview
|
|t:|1769295258
|teamsize|p1|6
|teamsize|p2|6
|start
|switch|p1a: Darkrai|Darkrai|100/100
|switch|p2a: Heatran|Heatran, M|100/100
|turn|1
|inactive|Battle timer is ON: inactive players will automatically lose when time's up. (requested by healorant)
|
|t:|1769295266
|switch|p1a: Latios|Latios, M|100/100
|move|p2a: Heatran|Magma Storm|p1a: Latios
|-resisted|p1a: Latios
|-damage|p1a: Latios|73/100
|-activate|p1a: Latios|move: Magma Storm|[of] p2a: Heatran
|
|-damage|p1a: Latios|61/100|[from] move: Magma Storm|[partiallytrapped]
|upkeep
|turn|2
|
|t:|1769295275
|move|p1a: Latios|Recover|p1a: Latios
|-heal|p1a: Latios|100/100
|move|p2a: Heatran|Stealth Rock|p1a: Latios
|-sidestart|p1: healorant|move: Stealth Rock
|
|-damage|p1a: Latios|88/100|[from] move: Magma Storm|[partiallytrapped]
|upkeep
|turn|3
|
|t:|1769295278
|move|p1a: Latios|Calm Mind|p1a: Latios
|-boost|p1a: Latios|spa|1
|-boost|p1a: Latios|spd|1
|move|p2a: Heatran|Taunt|p1a: Latios
|-start|p1a: Latios|move: Taunt
|
|-damage|p1a: Latios|76/100|[from] move: Magma Storm|[partiallytrapped]
|upkeep
|turn|4
|
|t:|1769295281
|move|p1a: Latios|Psychic Noise|p2a: Heatran
|-resisted|p2a: Heatran
|-damage|p2a: Heatran|63/100
|-start|p2a: Heatran|move: Heal Block
|move|p2a: Heatran|Magma Storm|p1a: Latios
|-resisted|p1a: Latios
|-damage|p1a: Latios|56/100
|
|-damage|p1a: Latios|44/100|[from] move: Magma Storm|[partiallytrapped]
|upkeep
|turn|5
|
|t:|1769295289
|switch|p2a: Darkrai|Darkrai|100/100
|move|p1a: Latios|Draco Meteor|p2a: Darkrai
|-damage|p2a: Darkrai|0 fnt
|-unboost|p1a: Latios|spa|2
|faint|p2a: Darkrai
|
|-end|p1a: Latios|Magma Storm|[partiallytrapped]|[silent]
|upkeep
|j| birkenstock
|
|t:|1769295297
|switch|p2a: Zamazenta|Zamazenta|100/100
|-ability|p2a: Zamazenta|Dauntless Shield|boost
|-boost|p2a: Zamazenta|def|1
|turn|6
|
|t:|1769295303
|switch|p1a: Pecharunt|Pecharunt|100/100
|-terastallize|p2a: Zamazenta|Dark
|move|p2a: Zamazenta|Crunch|p1a: Pecharunt
|-supereffective|p1a: Pecharunt
|-damage|p1a: Pecharunt|64/100
|
|upkeep
|turn|7
|
|t:|1769295310
|switch|p2a: Heatran|Heatran, M|63/100
|move|p1a: Pecharunt|Recover|p1a: Pecharunt
|-heal|p1a: Pecharunt|100/100
|
|-heal|p2a: Heatran|70/100|[from] item: Leftovers
|upkeep
|turn|8
|
|t:|1769295313
|move|p2a: Heatran|Magma Storm|p1a: Pecharunt
|-crit|p1a: Pecharunt
|-damage|p1a: Pecharunt|17/100
|-activate|p1a: Pecharunt|move: Magma Storm|[of] p2a: Heatran
|move|p1a: Pecharunt|Parting Shot|p2a: Heatran
|-unboost|p2a: Heatran|atk|1
|-unboost|p2a: Heatran|spa|1
|
|t:|1769295317
|switch|p1a: Iron Treads|Iron Treads|100/100|[from] Parting Shot
|-damage|p1a: Iron Treads|98/100|[from] Stealth Rock
|
|-heal|p2a: Heatran|76/100|[from] item: Leftovers
|-heal|p1a: Iron Treads|100/100|[from] item: Leftovers
|upkeep
|turn|9
|
|t:|1769295322
|move|p2a: Heatran|Magma Storm|p1a: Iron Treads
|-supereffective|p1a: Iron Treads
|-damage|p1a: Iron Treads|46/100
|-activate|p1a: Iron Treads|move: Magma Storm|[of] p2a: Heatran
|move|p1a: Iron Treads|Rapid Spin|p2a: Heatran
|-resisted|p2a: Heatran
|-damage|p2a: Heatran|70/100
|-boost|p1a: Iron Treads|spe|1
|-sideend|p1: healorant|Stealth Rock|[from] move: Rapid Spin|[of] p1a: Iron Treads
|-end|p1a: Iron Treads|Magma Storm|[partiallytrapped]
|
|-heal|p1a: Iron Treads|52/100|[from] item: Leftovers
|-heal|p2a: Heatran|76/100|[from] item: Leftovers
|upkeep
|turn|10
|j| Latomate6430
|
|t:|1769295329
|switch|p2a: Hydrapple|Hydrapple, F|100/100
|move|p1a: Iron Treads|Stealth Rock|p2a: Hydrapple
|-sidestart|p2: Igoodnamename|move: Stealth Rock
|
|-heal|p1a: Iron Treads|58/100|[from] item: Leftovers
|upkeep
|turn|11
|
|t:|1769295337
|-end|p1a: Iron Treads|Quark Drive|[silent]
|switch|p1a: Darkrai|Darkrai|100/100
|move|p2a: Hydrapple|Nasty Plot|p2a: Hydrapple
|-boost|p2a: Hydrapple|spa|2
|
|upkeep
|turn|12
|
|t:|1769295344
|switch|p2a: Zamazenta|Zamazenta, tera:Dark|100/100
|-damage|p2a: Zamazenta|88/100|[from] Stealth Rock
|move|p1a: Darkrai|Ice Beam|p2a: Zamazenta
|-damage|p2a: Zamazenta|70/100
|
|upkeep
|turn|13
|
|t:|1769295352
|switch|p1a: Latios|Latios, M|44/100
|move|p2a: Zamazenta|Close Combat|p1a: Latios
|-resisted|p1a: Latios
|-damage|p1a: Latios|5/100
|-unboost|p2a: Zamazenta|def|1
|-unboost|p2a: Zamazenta|spd|1
|
|upkeep
|turn|14
|j| FaronAan
|
|t:|1769295355
|switch|p1a: Pecharunt|Pecharunt|17/100
|move|p2a: Zamazenta|Crunch|p1a: Pecharunt
|-supereffective|p1a: Pecharunt
|-damage|p1a: Pecharunt|0 fnt
|faint|p1a: Pecharunt
|
|upkeep
|l| FaronAan
|
|t:|1769295362
|switch|p1a: Zamazenta|Zamazenta|100/100
|-ability|p1a: Zamazenta|Dauntless Shield|boost
|-boost|p1a: Zamazenta|def|1
|turn|15
|
|t:|1769295368
|switch|p2a: Weezing|Weezing-Galar, M|100/100
|-ability|p2a: Weezing|Neutralizing Gas
|switch|p1a: Latios|Latios, M|5/100
|
|upkeep
|turn|16
|
|t:|1769295373
|-end|p2a: Weezing|ability: Neutralizing Gas
|switch|p2a: Alomomola|Alomomola, M|100/100
|-damage|p2a: Alomomola|88/100|[from] Stealth Rock
|move|p1a: Latios|Psychic Noise|p2a: Alomomola
|-damage|p2a: Alomomola|61/100
|-start|p2a: Alomomola|move: Heal Block
|
|upkeep
|turn|17
|
|t:|1769295376
|move|p1a: Latios|Recover|p1a: Latios
|-heal|p1a: Latios|56/100
|move|p2a: Alomomola|Body Slam|p1a: Latios
|-damage|p1a: Latios|36/100
|-status|p1a: Latios|par
|
|-end|p2a: Alomomola|move: Heal Block
|upkeep
|turn|18
|
|t:|1769295379
|cant|p1a: Latios|par
|move|p2a: Alomomola|Flip Turn|p1a: Latios
|-resisted|p1a: Latios
|-damage|p1a: Latios|25/100 par
|
|t:|1769295382
|switch|p2a: Heatran|Heatran, M|76/100|[from] Flip Turn
|-damage|p2a: Heatran|63/100|[from] Stealth Rock
|
|-heal|p2a: Heatran|70/100|[from] item: Leftovers
|upkeep
|turn|19
|
|t:|1769295384
|move|p2a: Heatran|Magma Storm|p1a: Latios
|-resisted|p1a: Latios
|-damage|p1a: Latios|0 fnt
|faint|p1a: Latios
|
|-heal|p2a: Heatran|76/100|[from] item: Leftovers
|upkeep
|c|☆healorant|bruh
|
|t:|1769295392
|switch|p1a: Iron Treads|Iron Treads|58/100
|turn|20
|
|t:|1769295400
|switch|p2a: Hydrapple|Hydrapple, F|100/100
|move|p1a: Iron Treads|Earthquake|p2a: Hydrapple
|-resisted|p2a: Hydrapple
|-damage|p2a: Hydrapple|90/100
|
|-heal|p1a: Iron Treads|64/100|[from] item: Leftovers
|upkeep
|turn|21
|j| FaronAan
|
|t:|1769295405
|move|p1a: Iron Treads|Knock Off|p2a: Hydrapple
|-damage|p2a: Hydrapple|75/100
|-enditem|p2a: Hydrapple|Heavy-Duty Boots|[from] move: Knock Off|[of] p1a: Iron Treads
|move|p2a: Hydrapple|Giga Drain|p1a: Iron Treads
|-damage|p1a: Iron Treads|41/100
|-heal|p2a: Hydrapple|86/100|[from] drain|[of] p1a: Iron Treads
|
|-heal|p1a: Iron Treads|47/100|[from] item: Leftovers
|upkeep
|turn|22
|
|t:|1769295409
|-end|p1a: Iron Treads|Quark Drive|[silent]
|switch|p1a: Darkrai|Darkrai|100/100
|move|p2a: Hydrapple|Giga Drain|p1a: Darkrai
|-damage|p1a: Darkrai|66/100
|-heal|p2a: Hydrapple|99/100|[from] drain|[of] p1a: Darkrai
|
|-heal|p1a: Darkrai|72/100|[from] item: Leftovers
|upkeep
|turn|23
|
|t:|1769295413
|switch|p2a: Zamazenta|Zamazenta, tera:Dark|70/100
|-damage|p2a: Zamazenta|57/100|[from] Stealth Rock
|move|p1a: Darkrai|Thunder Wave|p2a: Zamazenta|[miss]
|-miss|p1a: Darkrai|p2a: Zamazenta
|
|-heal|p1a: Darkrai|78/100|[from] item: Leftovers
|upkeep
|turn|24
|
|t:|1769295426
|-terastallize|p1a: Darkrai|Ghost
|move|p2a: Zamazenta|Close Combat|p1a: Darkrai
|-immune|p1a: Darkrai
|move|p1a: Darkrai|Thunder Wave|p2a: Zamazenta
|-status|p2a: Zamazenta|par
|
|-heal|p1a: Darkrai|84/100|[from] item: Leftovers
|upkeep
|turn|25
|
|t:|1769295433
|switch|p2a: Alomomola|Alomomola, M|94/100
|-damage|p2a: Alomomola|82/100|[from] Stealth Rock
|move|p1a: Darkrai|Ice Beam|p2a: Alomomola
|-resisted|p2a: Alomomola
|-damage|p2a: Alomomola|74/100
|
|-heal|p1a: Darkrai|91/100|[from] item: Leftovers
|upkeep
|turn|26
|
|t:|1769295439
|move|p1a: Darkrai|Will-O-Wisp|p2a: Alomomola
|-status|p2a: Alomomola|brn
|move|p2a: Alomomola|Flip Turn|p1a: Darkrai
|-damage|p1a: Darkrai|81/100
|
|t:|1769295445
|switch|p2a: Zamazenta|Zamazenta, tera:Dark|57/100 par|[from] Flip Turn
|-damage|p2a: Zamazenta|45/100 par|[from] Stealth Rock
|
|-heal|p1a: Darkrai|87/100|[from] item: Leftovers
|upkeep
|turn|27
|
|t:|1769295450
|move|p1a: Darkrai|Ice Beam|p2a: Zamazenta
|-damage|p2a: Zamazenta|28/100 par
|cant|p2a: Zamazenta|par
|
|-heal|p1a: Darkrai|94/100|[from] item: Leftovers
|upkeep
|turn|28
|
|t:|1769295457
|switch|p1a: Iron Treads|Iron Treads|47/100
|cant|p2a: Zamazenta|par
|
|-heal|p1a: Iron Treads|53/100|[from] item: Leftovers
|upkeep
|turn|29
|
|t:|1769295463
|switch|p2a: Hydrapple|Hydrapple, F|100/100
|-damage|p2a: Hydrapple|88/100|[from] Stealth Rock
|move|p1a: Iron Treads|Earthquake|p2a: Hydrapple
|-resisted|p2a: Hydrapple
|-damage|p2a: Hydrapple|78/100
|
|-heal|p1a: Iron Treads|59/100|[from] item: Leftovers
|upkeep
|turn|30
|
|t:|1769295466
|-end|p1a: Iron Treads|Quark Drive|[silent]
|switch|p1a: Darkrai|Darkrai, tera:Ghost|94/100
|move|p2a: Hydrapple|Nasty Plot|p2a: Hydrapple
|-boost|p2a: Hydrapple|spa|2
|
|-heal|p1a: Darkrai|99/100|[from] item: Leftovers
|upkeep
|turn|31
|
|t:|1769295470
|switch|p2a: Heatran|Heatran, M|76/100
|-damage|p2a: Heatran|63/100|[from] Stealth Rock
|move|p1a: Darkrai|Ice Beam|p2a: Heatran
|-resisted|p2a: Heatran
|-damage|p2a: Heatran|57/100
|
|-heal|p1a: Darkrai|100/100|[from] item: Leftovers
|-heal|p2a: Heatran|63/100|[from] item: Leftovers
|upkeep
|turn|32
|
|t:|1769295481
|switch|p1a: Ogerpon|Ogerpon-Wellspring, F|100/100
|move|p2a: Heatran|Magma Storm|p1a: Ogerpon|[miss]
|-miss|p2a: Heatran|p1a: Ogerpon
|
|-heal|p2a: Heatran|70/100|[from] item: Leftovers
|upkeep
|turn|33
|
|t:|1769295487
|switch|p2a: Hydrapple|Hydrapple, F|100/100
|-damage|p2a: Hydrapple|88/100|[from] Stealth Rock
|move|p1a: Ogerpon|Ivy Cudgel|p2a: Hydrapple|[anim] Ivy Cudgel Water
|-resisted|p2a: Hydrapple
|-damage|p2a: Hydrapple|80/100
|
|upkeep
|turn|34
|
|t:|1769295491
|switch|p1a: Darkrai|Darkrai, tera:Ghost|100/100
|move|p2a: Hydrapple|Fickle Beam|p1a: Darkrai
|-damage|p1a: Darkrai|68/100
|
|-heal|p1a: Darkrai|74/100|[from] item: Leftovers
|upkeep
|turn|35
|
|t:|1769295496
|switch|p2a: Alomomola|Alomomola, M|100/100 brn
|-damage|p2a: Alomomola|88/100 brn|[from] Stealth Rock
|move|p1a: Darkrai|Thunder Wave||[still]
|-fail|p1a: Darkrai
|
|-heal|p1a: Darkrai|80/100|[from] item: Leftovers
|-damage|p2a: Alomomola|82/100 brn|[from] brn
|upkeep
|turn|36
|
|t:|1769295508
|switch|p1a: Ogerpon|Ogerpon-Wellspring, F|100/100
|move|p2a: Alomomola|Body Slam|p1a: Ogerpon
|-damage|p1a: Ogerpon|90/100
|
|-damage|p2a: Alomomola|76/100 brn|[from] brn
|upkeep
|turn|37
|
|t:|1769295514
|switch|p1a: Darkrai|Darkrai, tera:Ghost|80/100
|switch|p2a: Hydrapple|Hydrapple, F|100/100
|-damage|p2a: Hydrapple|88/100|[from] Stealth Rock
|
|-heal|p1a: Darkrai|87/100|[from] item: Leftovers
|upkeep
|turn|38
|
|t:|1769295516
|switch|p2a: Alomomola|Alomomola, M|100/100 brn
|-damage|p2a: Alomomola|88/100 brn|[from] Stealth Rock
|move|p1a: Darkrai|Dark Pulse|p2a: Alomomola
|-damage|p2a: Alomomola|69/100 brn
|
|-heal|p1a: Darkrai|93/100|[from] item: Leftovers
|-damage|p2a: Alomomola|62/100 brn|[from] brn
|upkeep
|turn|39
|
|t:|1769295528
|switch|p1a: Iron Treads|Iron Treads|59/100
|move|p2a: Alomomola|Flip Turn|p1a: Iron Treads
|-supereffective|p1a: Iron Treads
|-damage|p1a: Iron Treads|46/100
|
|t:|1769295534
|switch|p2a: Hydrapple|Hydrapple, F|100/100|[from] Flip Turn
|-damage|p2a: Hydrapple|88/100|[from] Stealth Rock
|
|-heal|p1a: Iron Treads|52/100|[from] item: Leftovers
|upkeep
|turn|40
|
|t:|1769295539
|-end|p1a: Iron Treads|Quark Drive|[silent]
|switch|p1a: Darkrai|Darkrai, tera:Ghost|93/100
|move|p2a: Hydrapple|Earth Power|p1a: Darkrai
|-damage|p1a: Darkrai|67/100
|
|-heal|p1a: Darkrai|73/100|[from] item: Leftovers
|upkeep
|turn|41
|
|t:|1769295545
|switch|p2a: Alomomola|Alomomola, M|96/100 brn
|-damage|p2a: Alomomola|83/100 brn|[from] Stealth Rock
|move|p1a: Darkrai|Dark Pulse|p2a: Alomomola
|-damage|p2a: Alomomola|65/100 brn
|
|-heal|p1a: Darkrai|79/100|[from] item: Leftovers
|-damage|p2a: Alomomola|59/100 brn|[from] brn
|upkeep
|turn|42
|
|t:|1769295553
|move|p1a: Darkrai|Dark Pulse|p2a: Alomomola
|-damage|p2a: Alomomola|40/100 brn
|move|p2a: Alomomola|Body Slam|p1a: Darkrai
|-immune|p1a: Darkrai
|
|-heal|p1a: Darkrai|85/100|[from] item: Leftovers
|-damage|p2a: Alomomola|34/100 brn|[from] brn
|upkeep
|turn|43
|
|t:|1769295562
|switch|p2a: Heatran|Heatran, M|70/100
|-damage|p2a: Heatran|57/100|[from] Stealth Rock
|move|p1a: Darkrai|Dark Pulse|p2a: Heatran
|-damage|p2a: Heatran|21/100
|
|-heal|p1a: Darkrai|91/100|[from] item: Leftovers
|-heal|p2a: Heatran|27/100|[from] item: Leftovers
|upkeep
|turn|44
|
|t:|1769295565
|move|p1a: Darkrai|Dark Pulse|p2a: Heatran
|-damage|p2a: Heatran|0 fnt
|faint|p2a: Heatran
|
|-heal|p1a: Darkrai|97/100|[from] item: Leftovers
|upkeep
|
|t:|1769295568
|switch|p2a: Weezing|Weezing-Galar, M|100/100
|-ability|p2a: Weezing|Neutralizing Gas
|turn|45
|
|t:|1769295581
|move|p1a: Darkrai|Will-O-Wisp|p2a: Weezing
|-status|p2a: Weezing|brn
|move|p2a: Weezing|Defog|p1a: Darkrai
|-unboost|p1a: Darkrai|evasion|1
|-sideend|p2: Igoodnamename|Stealth Rock|[from] move: Defog|[of] p2a: Weezing
|
|-heal|p1a: Darkrai|100/100|[from] item: Leftovers
|-damage|p2a: Weezing|95/100 brn|[from] brn
|upkeep
|turn|46
|
|t:|1769295588
|move|p1a: Darkrai|Dark Pulse|p2a: Weezing
|-resisted|p2a: Weezing
|-damage|p2a: Weezing|69/100 brn
|move|p2a: Weezing|Will-O-Wisp|p1a: Darkrai
|-status|p1a: Darkrai|brn
|
|-damage|p1a: Darkrai|94/100 brn|[from] brn
|-damage|p2a: Weezing|63/100 brn|[from] brn
|upkeep
|turn|47
|
|t:|1769295595
|switch|p1a: Iron Treads|Iron Treads|52/100
|-end|p2a: Weezing|ability: Neutralizing Gas
|switch|p2a: Alomomola|Alomomola, M|67/100 brn
|
|-heal|p1a: Iron Treads|58/100|[from] item: Leftovers
|-damage|p2a: Alomomola|61/100 brn|[from] brn
|upkeep
|turn|48
|
|t:|1769295599
|move|p1a: Iron Treads|Stealth Rock|p2a: Alomomola
|-sidestart|p2: Igoodnamename|move: Stealth Rock
|move|p2a: Alomomola|Scald|p1a: Iron Treads
|-supereffective|p1a: Iron Treads
|-damage|p1a: Iron Treads|35/100
|-status|p1a: Iron Treads|brn
|
|-heal|p1a: Iron Treads|41/100 brn|[from] item: Leftovers
|-damage|p1a: Iron Treads|35/100 brn|[from] brn
|-damage|p2a: Alomomola|55/100 brn|[from] brn
|upkeep
|turn|49
|
|t:|1769295603
|-end|p1a: Iron Treads|Quark Drive|[silent]
|switch|p1a: Darkrai|Darkrai, tera:Ghost|94/100 brn
|move|p2a: Alomomola|Body Slam|p1a: Darkrai
|-immune|p1a: Darkrai
|
|-heal|p1a: Darkrai|100/100 brn|[from] item: Leftovers
|-damage|p1a: Darkrai|94/100 brn|[from] brn
|-damage|p2a: Alomomola|49/100 brn|[from] brn
|upkeep
|turn|50
|
|t:|1769295607
|switch|p2a: Hydrapple|Hydrapple, F|100/100
|-damage|p2a: Hydrapple|88/100|[from] Stealth Rock
|move|p1a: Darkrai|Dark Pulse|p2a: Hydrapple
|-damage|p2a: Hydrapple|51/100
|
|-heal|p1a: Darkrai|100/100 brn|[from] item: Leftovers
|-damage|p1a: Darkrai|94/100 brn|[from] brn
|upkeep
|turn|51
|
|t:|1769295614
|switch|p2a: Weezing|Weezing-Galar, M|63/100 brn
|-ability|p2a: Weezing|Neutralizing Gas
|move|p1a: Darkrai|Dark Pulse|p2a: Weezing
|-resisted|p2a: Weezing
|-damage|p2a: Weezing|38/100 brn
|
|-heal|p1a: Darkrai|100/100 brn|[from] item: Leftovers
|-damage|p1a: Darkrai|94/100 brn|[from] brn
|-damage|p2a: Weezing|32/100 brn|[from] brn
|upkeep
|turn|52
|
|t:|1769295619
|move|p1a: Darkrai|Ice Beam|p2a: Weezing
|-damage|p2a: Weezing|0 fnt
|faint|p2a: Weezing
|-end|p2a: Weezing|ability: Neutralizing Gas
|
|-heal|p1a: Darkrai|100/100 brn|[from] item: Leftovers
|-damage|p1a: Darkrai|94/100 brn|[from] brn
|upkeep
|
|t:|1769295626
|switch|p2a: Alomomola|Alomomola, M|82/100 brn
|-damage|p2a: Alomomola|69/100 brn|[from] Stealth Rock
|turn|53
|
|t:|1769295630
|move|p1a: Darkrai|Dark Pulse|p2a: Alomomola
|-damage|p2a: Alomomola|50/100 brn
|move|p2a: Alomomola|Scald|p1a: Darkrai
|-damage|p1a: Darkrai|80/100 brn
|
|-heal|p1a: Darkrai|86/100 brn|[from] item: Leftovers
|-damage|p1a: Darkrai|80/100 brn|[from] brn
|-damage|p2a: Alomomola|44/100 brn|[from] brn
|upkeep
|turn|54
|
|t:|1769295634
|move|p1a: Darkrai|Dark Pulse|p2a: Alomomola
|-damage|p2a: Alomomola|26/100 brn
|move|p2a: Alomomola|Scald|p1a: Darkrai
|-damage|p1a: Darkrai|66/100 brn
|
|-heal|p1a: Darkrai|72/100 brn|[from] item: Leftovers
|-damage|p1a: Darkrai|66/100 brn|[from] brn
|-damage|p2a: Alomomola|20/100 brn|[from] brn
|upkeep
|turn|55
|
|t:|1769295636
|switch|p2a: Zamazenta|Zamazenta, tera:Dark|28/100 par
|-damage|p2a: Zamazenta|15/100 par|[from] Stealth Rock
|move|p1a: Darkrai|Dark Pulse|p2a: Zamazenta
|-resisted|p2a: Zamazenta
|-damage|p2a: Zamazenta|4/100 par
|
|-heal|p1a: Darkrai|72/100 brn|[from] item: Leftovers
|-damage|p1a: Darkrai|66/100 brn|[from] brn
|upkeep
|turn|56
|
|t:|1769295640
|move|p1a: Darkrai|Dark Pulse|p2a: Zamazenta
|-resisted|p2a: Zamazenta
|-damage|p2a: Zamazenta|0 fnt
|faint|p2a: Zamazenta
|
|-heal|p1a: Darkrai|72/100 brn|[from] item: Leftovers
|-damage|p1a: Darkrai|66/100 brn|[from] brn
|upkeep
|
|t:|1769295647
|switch|p2a: Hydrapple|Hydrapple, F|84/100
|-damage|p2a: Hydrapple|72/100|[from] Stealth Rock
|turn|57
|
|t:|1769295652
|switch|p2a: Alomomola|Alomomola, M|53/100 brn
|-damage|p2a: Alomomola|41/100 brn|[from] Stealth Rock
|move|p1a: Darkrai|Dark Pulse|p2a: Alomomola
|-damage|p2a: Alomomola|21/100 brn
|
|-heal|p1a: Darkrai|72/100 brn|[from] item: Leftovers
|-damage|p1a: Darkrai|66/100 brn|[from] brn
|-damage|p2a: Alomomola|15/100 brn|[from] brn
|upkeep
|turn|58
|
|t:|1769295654
|move|p1a: Darkrai|Dark Pulse|p2a: Alomomola
|-damage|p2a: Alomomola|0 fnt
|faint|p2a: Alomomola
|
|-heal|p1a: Darkrai|72/100 brn|[from] item: Leftovers
|-damage|p1a: Darkrai|66/100 brn|[from] brn
|upkeep
|
|t:|1769295656
|switch|p2a: Hydrapple|Hydrapple, F|100/100
|-damage|p2a: Hydrapple|88/100|[from] Stealth Rock
|turn|59
|
|t:|1769295658
|move|p1a: Darkrai|Ice Beam|p2a: Hydrapple
|-supereffective|p2a: Hydrapple
|-damage|p2a: Hydrapple|0 fnt
|faint|p2a: Hydrapple
|
|win|healorant
|raw|healorant's rating: 1838 &rarr; <strong>1856</strong><br />(+18 for winning)
|raw|Igoodnamename's rating: 1796 &rarr; <strong>1778</strong><br />(-18 for losing)
|c|☆Igoodnamename|ggs
|c|☆healorant|gg
|l|☆Igoodnamename
|player|p2|
|l|☆healorant
|player|p1|
|l| birkenstock
