|j|☆brohemethchess
|j|☆1337muffin1337
|t:|1769322526
|gametype|singles
|player|p1|brohemethchess|266|1224
|player|p2|1337muffin1337|rocketgruntf|1178
|gen|9
|tier|[Gen 9] OU
|rated|
|rule|HP Percentage Mod: HP is shown in percentages
|rule|Endless Battle Clause: Forcing endless battles is banned
|rule|Species Clause: Limit one of each Pokémon
|rule|OHKO Clause: OHKO moves are banned
|rule|Evasion Items Clause: Evasion items are banned
|rule|Evasion Moves Clause: Evasion moves are banned
|rule|Evasion Abilities Clause: Evasion abilities are banned
|rule|Sleep Moves Clause: Sleep-inducing moves are banned
|clearpoke
|poke|p1|Dragonite, M|
|poke|p1|Samurott-Hisui, F|
|poke|p1|Clefable, F|
|poke|p1|Gliscor, M|
|poke|p1|Gholdengo|
|poke|p1|Zamazenta-*|
|poke|p2|Delphox, F|
|poke|p2|Venusaur, F|
|poke|p2|Blastoise, M|
|poke|p2|Darkrai|
|poke|p2|Iron Treads|
|poke|p2|Conkeldurr, M|
|teampreview
|inactive|Battle timer is ON: inactive players will automatically lose when time's up. (requested by 1337muffin1337)
|
|t:|1769322534
|teamsize|p1|6
|teamsize|p2|6
|start
|switch|p1a: Gliscor|Gliscor, M|100/100
|switch|p2a: Darkrai|Darkrai|100/100
|turn|1
|
|t:|1769322539
|move|p1a: Gliscor|Protect|p1a: Gliscor
|-singleturn|p1a: Gliscor|Protect
|move|p2a: Darkrai|Nasty Plot|p2a: Darkrai
|-boost|p2a: Darkrai|spa|2
|
|-status|p1a: Gliscor|tox|[from] item: Toxic Orb
|upkeep
|turn|2
|
|t:|1769322547
|switch|p1a: Zamazenta|Zamazenta|100/100
|-ability|p1a: Zamazenta|Dauntless Shield|boost
|-boost|p1a: Zamazenta|def|1
|move|p2a: Darkrai|Dark Pulse|p1a: Zamazenta
|-resisted|p1a: Zamazenta
|-damage|p1a: Zamazenta|60/100
|
|-heal|p1a: Zamazenta|66/100|[from] item: Leftovers
|upkeep
|turn|3
|
|t:|1769322556
|move|p1a: Zamazenta|Iron Defense|p1a: Zamazenta
|-boost|p1a: Zamazenta|def|2
|move|p2a: Darkrai|Psychic|p1a: Zamazenta
|-supereffective|p1a: Zamazenta
|-damage|p1a: Zamazenta|0 fnt
|faint|p1a: Zamazenta
|
|upkeep
|
|t:|1769322562
|switch|p1a: Samurott|Samurott-Hisui, F|100/100
|turn|4
|
|t:|1769322571
|-terastallize|p2a: Darkrai|Ghost
|move|p2a: Darkrai|Sludge Bomb|p1a: Samurott
|-damage|p1a: Samurott|52/100
|move|p1a: Samurott|Razor Shell|p2a: Darkrai
|-damage|p2a: Darkrai|29/100
|
|upkeep
|turn|5
|
|t:|1769322581
|-terastallize|p1a: Samurott|Poison
|move|p2a: Darkrai|Dark Pulse|p1a: Samurott
|-damage|p1a: Samurott|0 fnt
|faint|p1a: Samurott
|
|upkeep
|
|t:|1769322588
|switch|p1a: Gholdengo|Gholdengo|100/100
|turn|6
|
|t:|1769322594
|move|p1a: Gholdengo|Shadow Ball|p2a: Darkrai
|-supereffective|p2a: Darkrai
|-damage|p2a: Darkrai|0 fnt
|faint|p2a: Darkrai
|
|upkeep
|
|t:|1769322599
|switch|p2a: Conkeldurr|Conkeldurr, M|100/100
|turn|7
|
|t:|1769322603
|switch|p1a: Gliscor|Gliscor, M|100/100 tox
|move|p2a: Conkeldurr|Fire Punch|p1a: Gliscor
|-damage|p1a: Gliscor|70/100 tox
|
|-heal|p1a: Gliscor|82/100 tox|[from] ability: Poison Heal
|upkeep
|turn|8
|
|t:|1769322611
|move|p1a: Gliscor|Swords Dance|p1a: Gliscor
|-boost|p1a: Gliscor|atk|2
|move|p2a: Conkeldurr|Ice Punch|p1a: Gliscor
|-supereffective|p1a: Gliscor
|-damage|p1a: Gliscor|0 fnt
|faint|p1a: Gliscor
|
|upkeep
|
|t:|1769322616
|switch|p1a: Clefable|Clefable, F|100/100
|turn|9
|
|t:|1769322625
|switch|p2a: Venusaur|Venusaur, F, shiny|100/100
|move|p1a: Clefable|Stealth Rock|p2a: Venusaur
|-sidestart|p2: 1337muffin1337|move: Stealth Rock
|
|upkeep
|turn|10
|
|t:|1769322631
|switch|p1a: Gholdengo|Gholdengo|100/100
|move|p2a: Venusaur|Toxic|p1a: Gholdengo
|-immune|p1a: Gholdengo|[from] ability: Good as Gold
|
|upkeep
|turn|11
|
|t:|1769322637
|move|p1a: Gholdengo|Trick|p2a: Venusaur
|-activate|p1a: Gholdengo|move: Trick|[of] p2a: Venusaur
|-item|p2a: Venusaur|Choice Scarf|[from] move: Trick
|-item|p1a: Gholdengo|Leftovers|[from] move: Trick
|move|p2a: Venusaur|Giga Drain|p1a: Gholdengo
|-resisted|p1a: Gholdengo
|-damage|p1a: Gholdengo|83/100
|
|-heal|p1a: Gholdengo|89/100|[from] item: Leftovers
|upkeep
|turn|12
|
|t:|1769322649
|move|p2a: Venusaur|Giga Drain|p1a: Gholdengo
|-resisted|p1a: Gholdengo
|-damage|p1a: Gholdengo|71/100
|move|p1a: Gholdengo|Shadow Ball|p2a: Venusaur
|-damage|p2a: Venusaur|59/100
|
|-heal|p1a: Gholdengo|77/100|[from] item: Leftovers
|upkeep
|turn|13
|
|t:|1769322661
|switch|p2a: Conkeldurr|Conkeldurr, M|100/100
|-damage|p2a: Conkeldurr|94/100|[from] Stealth Rock
|move|p1a: Gholdengo|Shadow Ball|p2a: Conkeldurr
|-damage|p2a: Conkeldurr|45/100
|-unboost|p2a: Conkeldurr|spd|1
|
|-heal|p1a: Gholdengo|83/100|[from] item: Leftovers
|upkeep
|turn|14
|
|t:|1769322671
|move|p1a: Gholdengo|Shadow Ball|p2a: Conkeldurr
|-damage|p2a: Conkeldurr|0 fnt
|faint|p2a: Conkeldurr
|
|-heal|p1a: Gholdengo|89/100|[from] item: Leftovers
|upkeep
|
|t:|1769322676
|switch|p2a: Delphox|Delphox, F|100/100
|-damage|p2a: Delphox|76/100|[from] Stealth Rock
|turn|15
|
|t:|1769322681
|switch|p1a: Clefable|Clefable, F|100/100
|move|p2a: Delphox|Fire Blast|p1a: Clefable
|-damage|p1a: Clefable|50/100
|
|upkeep
|turn|16
|
|t:|1769322688
|move|p2a: Delphox|Nasty Plot|p2a: Delphox
|-boost|p2a: Delphox|spa|2
|move|p1a: Clefable|Knock Off|p2a: Delphox
|-supereffective|p2a: Delphox
|-damage|p2a: Delphox|39/100
|-enditem|p2a: Delphox|Expert Belt|[from] move: Knock Off|[of] p1a: Clefable
|
|upkeep
|turn|17
|
|t:|1769322695
|move|p2a: Delphox|Fire Blast|p1a: Clefable
|-damage|p1a: Clefable|0 fnt
|faint|p1a: Clefable
|
|upkeep
|
|t:|1769322698
|switch|p1a: Dragonite|Dragonite, M|100/100
|turn|18
|
|t:|1769322706
|move|p2a: Delphox|Psychic|p1a: Dragonite
|-damage|p1a: Dragonite|60/100
|move|p1a: Dragonite|Dragon Dance|p1a: Dragonite
|-boost|p1a: Dragonite|atk|1
|-boost|p1a: Dragonite|spe|1
|
|upkeep
|turn|19
|
|t:|1769322711
|move|p1a: Dragonite|Earthquake|p2a: Delphox
|-supereffective|p2a: Delphox
|-damage|p2a: Delphox|0 fnt
|faint|p2a: Delphox
|
|upkeep
|
|t:|1769322715
|switch|p2a: Iron Treads|Iron Treads|100/100
|-damage|p2a: Iron Treads|97/100|[from] Stealth Rock
|-enditem|p2a: Iron Treads|Booster Energy
|-activate|p2a: Iron Treads|ability: Quark Drive|[fromitem]
|-start|p2a: Iron Treads|quarkdrivespe
|turn|20
|
|t:|1769322724
|move|p2a: Iron Treads|Supercell Slam|p1a: Dragonite
|-damage|p1a: Dragonite|26/100
|move|p1a: Dragonite|Earthquake|p2a: Iron Treads
|-supereffective|p2a: Iron Treads
|-damage|p2a: Iron Treads|0 fnt
|faint|p2a: Iron Treads
|-end|p2a: Iron Treads|Quark Drive|[silent]
|
|upkeep
|
|t:|1769322732
|switch|p2a: Blastoise|Blastoise, M|100/100
|-damage|p2a: Blastoise|88/100|[from] Stealth Rock
|turn|21
|
|t:|1769322740
|move|p1a: Dragonite|Earthquake|p2a: Blastoise
|-damage|p2a: Blastoise|27/100
|move|p2a: Blastoise|Ice Beam|p1a: Dragonite
|-supereffective|p1a: Dragonite
|-damage|p1a: Dragonite|0 fnt
|faint|p1a: Dragonite
|
|upkeep
|
|t:|1769322745
|switch|p1a: Gholdengo|Gholdengo|89/100
|turn|22
|
|t:|1769322752
|move|p1a: Gholdengo|Shadow Ball|p2a: Blastoise
|-damage|p2a: Blastoise|0 fnt
|faint|p2a: Blastoise
|
|-heal|p1a: Gholdengo|95/100|[from] item: Leftovers
|upkeep
|-message|1337muffin1337 forfeited.
|
|win|brohemethchess
|raw|brohemethchess's rating: 1224 &rarr; <strong>1246</strong><br />(+22 for winning)
|raw|1337muffin1337's rating: 1178 &rarr; <strong>1156</strong><br />(-22 for losing)
|l|☆1337muffin1337
|player|p2|
|l|☆brohemethchess
|player|p1|
