|j|☆big blue tree
|j|☆owdof
|t:|1769325713
|gametype|singles
|player|p1|big blue tree|266|1288
|player|p2|owdof|elesa-masters3|1337
|gen|9
|tier|[Gen 9] OU
|rated|
|rule|HP Percentage Mod: HP is shown in percentages
|rule|Endless Battle Clause: Forcing endless battles is banned
|rule|Species Clause: Limit one of each Pokémon
|rule|OHKO Clause: OHKO moves are banned
|rule|Evasion Items Clause: Evasion items are banned
|rule|Evasion Moves Clause: Evasion moves are banned
|rule|Evasion Abilities Clause: Evasion abilities are banned
|rule|Sleep Moves Clause: Sleep-inducing moves are banned
|clearpoke
|poke|p1|Arcanine-Hisui, F|
|poke|p1|Darkrai|
|poke|p1|Great Tusk|
|poke|p1|Hatterene, F|
|poke|p1|Ogerpon-Wellspring, F|
|poke|p1|Zapdos|
|poke|p2|Ampharos, F|
|poke|p2|Grimmsnarl, M|
|poke|p2|Dragonite, M|
|poke|p2|Great Tusk|
|poke|p2|Armarouge, F|
|poke|p2|Iron Valiant|
|teampreview
|inactive|Battle timer is ON: inactive players will automatically lose when time's up. (requested by owdof)
|
|t:|1769325740
|teamsize|p1|6
|teamsize|p2|6
|start
|switch|p1a: Ogerpon|Ogerpon-Wellspring, F|100/100
|switch|p2a: Grimmsnarl|Grimmsnarl, M|100/100
|turn|1
|
|t:|1769325746
|move|p2a: Grimmsnarl|Reflect|p2a: Grimmsnarl
|-sidestart|p2: owdof|Reflect
|move|p1a: Ogerpon|Knock Off|p2a: Grimmsnarl
|-resisted|p2a: Grimmsnarl
|-damage|p2a: Grimmsnarl|95/100
|-enditem|p2a: Grimmsnarl|Light Clay|[from] move: Knock Off|[of] p1a: Ogerpon
|
|upkeep
|turn|2
|
|t:|1769325754
|move|p1a: Ogerpon|Spikes|p2a: Grimmsnarl
|-sidestart|p2: owdof|Spikes
|move|p2a: Grimmsnarl|Spirit Break|p1a: Ogerpon
|-damage|p1a: Ogerpon|49/100
|-unboost|p1a: Ogerpon|spa|1
|
|upkeep
|turn|3
|
|t:|1769325763
|move|p1a: Ogerpon|U-turn|p2a: Grimmsnarl
|-damage|p2a: Grimmsnarl|77/100
|
|t:|1769325780
|switch|p1a: Zapdos|Zapdos|100/100|[from] U-turn
|move|p2a: Grimmsnarl|Spirit Break|p1a: Zapdos
|-damage|p1a: Zapdos|71/100
|-unboost|p1a: Zapdos|spa|1
|-status|p2a: Grimmsnarl|par|[from] ability: Static|[of] p1a: Zapdos
|
|upkeep
|turn|4
|
|t:|1769325796
|switch|p2a: Great Tusk|Great Tusk|100/100
|-damage|p2a: Great Tusk|88/100|[from] Spikes
|move|p1a: Zapdos|Hurricane|p2a: Great Tusk
|-supereffective|p2a: Great Tusk
|-damage|p2a: Great Tusk|0 fnt
|faint|p2a: Great Tusk
|-end|p2a: Great Tusk|Protosynthesis|[silent]
|
|upkeep
|
|t:|1769325805
|switch|p2a: Ampharos|Ampharos, F, shiny|100/100
|-damage|p2a: Ampharos|88/100|[from] Spikes
|turn|5
|
|t:|1769325811
|move|p1a: Zapdos|Volt Switch|p2a: Ampharos
|-resisted|p2a: Ampharos
|-damage|p2a: Ampharos|79/100
|
|t:|1769325818
|switch|p1a: Hatterene|Hatterene, F|100/100|[from] Volt Switch
|move|p2a: Ampharos|Dazzling Gleam|p1a: Hatterene
|-damage|p1a: Hatterene|84/100
|
|upkeep
|turn|6
|
|t:|1769325837
|move|p2a: Ampharos|Thunderbolt|p1a: Hatterene
|-damage|p1a: Hatterene|57/100
|move|p1a: Hatterene|Psyshock|p2a: Ampharos
|-damage|p2a: Ampharos|32/100
|-enditem|p2a: Ampharos|Sitrus Berry|[eat]
|-heal|p2a: Ampharos|57/100|[from] item: Sitrus Berry
|
|upkeep
|turn|7
|
|t:|1769325845
|move|p2a: Ampharos|Volt Switch|p1a: Hatterene
|-damage|p1a: Hatterene|35/100
|
|t:|1769325847
|switch|p2a: Grimmsnarl|Grimmsnarl, M|77/100 par|[from] Volt Switch
|-damage|p2a: Grimmsnarl|64/100 par|[from] Spikes
|move|p1a: Hatterene|Draining Kiss|p2a: Grimmsnarl
|-supereffective|p2a: Grimmsnarl
|-crit|p2a: Grimmsnarl
|-damage|p2a: Grimmsnarl|0 fnt
|-heal|p1a: Hatterene|94/100|[from] drain|[of] p2a: Grimmsnarl
|faint|p2a: Grimmsnarl
|
|upkeep
|
|t:|1769325852
|switch|p2a: Armarouge|Armarouge, F|100/100
|-damage|p2a: Armarouge|88/100|[from] Spikes
|turn|8
|
|t:|1769325858
|move|p2a: Armarouge|Calm Mind|p2a: Armarouge
|-boost|p2a: Armarouge|spa|1
|-boost|p2a: Armarouge|spd|1
|move|p1a: Hatterene|Nuzzle|p2a: Armarouge
|-damage|p2a: Armarouge|86/100
|-status|p2a: Armarouge|par
|
|-sideend|p2: owdof|Reflect
|upkeep
|turn|9
|
|t:|1769325864
|move|p1a: Hatterene|Mystical Fire|p2a: Armarouge
|-start|p2a: Armarouge|ability: Flash Fire
|cant|p2a: Armarouge|par
|
|upkeep
|turn|10
|
|t:|1769325872
|move|p1a: Hatterene|Psyshock|p2a: Armarouge
|-resisted|p2a: Armarouge
|-damage|p2a: Armarouge|67/100 par
|move|p2a: Armarouge|Trick Room|p2a: Armarouge
|-fieldstart|move: Trick Room|[of] p2a: Armarouge
|
|upkeep
|turn|11
|inactive|big blue tree has 120 seconds left.
|
|t:|1769325905
|cant|p2a: Armarouge|par
|move|p1a: Hatterene|Psyshock|p2a: Armarouge
|-resisted|p2a: Armarouge
|-damage|p2a: Armarouge|49/100 par
|
|upkeep
|turn|12
|c|☆owdof|Armoruge
|inactive|big blue tree has 120 seconds left.
|
|t:|1769325915
|move|p2a: Armarouge|Armor Cannon|p1a: Hatterene
|-damage|p1a: Hatterene|0 fnt
|-unboost|p2a: Armarouge|def|1
|-unboost|p2a: Armarouge|spd|1
|faint|p1a: Hatterene
|
|upkeep
|c|☆owdof|Stop selling
|inactive|big blue tree has 120 seconds left.
|c|☆owdof|I believe in you
|
|t:|1769325925
|switch|p1a: Arcanine|Arcanine-Hisui, F|100/100
|turn|13
|c|☆owdof|You got this
|
|t:|1769325931
|move|p1a: Arcanine|Extreme Speed|p2a: Armarouge
|-damage|p2a: Armarouge|0 fnt
|faint|p2a: Armarouge
|
|upkeep
|c|☆owdof|Never mind
|
|t:|1769325949
|switch|p2a: Ampharos|Ampharos, F, shiny|57/100
|-damage|p2a: Ampharos|45/100|[from] Spikes
|turn|14
|
|t:|1769325953
|move|p1a: Arcanine|Extreme Speed|p2a: Ampharos
|-damage|p2a: Ampharos|9/100
|move|p2a: Ampharos|Thunder Wave|p1a: Arcanine
|-status|p1a: Arcanine|par
|
|-fieldend|move: Trick Room
|upkeep
|turn|15
|
|t:|1769325960
|move|p1a: Arcanine|Extreme Speed|p2a: Ampharos
|-damage|p2a: Ampharos|0 fnt
|faint|p2a: Ampharos
|
|upkeep
|
|t:|1769325964
|switch|p2a: Dragonite|Dragonite, M|100/100
|turn|16
|
|t:|1769325968
|switch|p1a: Zapdos|Zapdos|71/100
|move|p2a: Dragonite|Dragon Dance|p2a: Dragonite
|-boost|p2a: Dragonite|atk|1
|-boost|p2a: Dragonite|spe|1
|
|upkeep
|turn|17
|
|t:|1769325980
|-terastallize|p2a: Dragonite|Flying
|move|p2a: Dragonite|Tera Blast|p1a: Zapdos|[anim] Tera Blast Flying
|-resisted|p1a: Zapdos
|-damage|p1a: Zapdos|39/100
|move|p1a: Zapdos|Thunder Wave|p2a: Dragonite
|-status|p2a: Dragonite|par
|
|upkeep
|turn|18
|
|t:|1769325989
|move|p1a: Zapdos|Volt Switch|p2a: Dragonite
|-supereffective|p2a: Dragonite
|-damage|p2a: Dragonite|68/100 par
|
|t:|1769326000
|switch|p1a: Ogerpon|Ogerpon-Wellspring, F|49/100|[from] Volt Switch
|move|p2a: Dragonite|Tera Blast|p1a: Ogerpon|[anim] Tera Blast Flying
|-supereffective|p1a: Ogerpon
|-damage|p1a: Ogerpon|0 fnt
|faint|p1a: Ogerpon
|
|upkeep
|
|t:|1769326006
|switch|p1a: Zapdos|Zapdos|39/100
|turn|19
|
|t:|1769326010
|move|p1a: Zapdos|Volt Switch|p2a: Dragonite
|-supereffective|p2a: Dragonite
|-damage|p2a: Dragonite|11/100 par
|
|t:|1769326020
|switch|p1a: Great Tusk|Great Tusk|100/100|[from] Volt Switch
|move|p2a: Dragonite|Roost|p2a: Dragonite
|-heal|p2a: Dragonite|61/100 par
|-hint|If a Terastallized Pokemon uses Roost, it remains Flying-type.
|
|upkeep
|turn|20
|c|☆owdof|Ples no para
|c|☆owdof|Ty
|
|t:|1769326031
|move|p1a: Great Tusk|Ice Spinner|p2a: Dragonite
|-supereffective|p2a: Dragonite
|-damage|p2a: Dragonite|0 fnt
|faint|p2a: Dragonite
|
|upkeep
|
|t:|1769326033
|switch|p2a: Iron Valiant|Iron Valiant|100/100
|-damage|p2a: Iron Valiant|88/100|[from] Spikes
|turn|21
|
|t:|1769326044
|move|p2a: Iron Valiant|Calm Mind|p2a: Iron Valiant
|-boost|p2a: Iron Valiant|spa|1
|-boost|p2a: Iron Valiant|spd|1
|move|p1a: Great Tusk|Headlong Rush|p2a: Iron Valiant
|-damage|p2a: Iron Valiant|8/100
|-unboost|p1a: Great Tusk|def|1
|-unboost|p1a: Great Tusk|spd|1
|
|upkeep
|turn|22
|
|t:|1769326050
|move|p2a: Iron Valiant|Moonblast|p1a: Great Tusk
|-supereffective|p1a: Great Tusk
|-damage|p1a: Great Tusk|0 fnt
|faint|p1a: Great Tusk
|-end|p1a: Great Tusk|Protosynthesis|[silent]
|
|upkeep
|
|t:|1769326052
|switch|p1a: Darkrai|Darkrai|100/100
|turn|23
|c|☆owdof|Pretty please don't use extreme speed
|
|t:|1769326060
|move|p1a: Darkrai|Ice Beam|p2a: Iron Valiant
|-damage|p2a: Iron Valiant|0 fnt
|faint|p2a: Iron Valiant
|-end|p2a: Iron Valiant|Quark Drive|[silent]
|
|win|big blue tree
|raw|big blue tree's rating: 1288 &rarr; <strong>1317</strong><br />(+29 for winning)
|raw|owdof's rating: 1337 &rarr; <strong>1314</strong><br />(-23 for losing)
|c|☆owdof|Bomboclat
|l|☆big blue tree
|player|p1|
|c|☆owdof|GG
|l|☆owdof
|player|p2|
