|j|☆ji4st9r
|j|☆miggy009
|t:|1769336198
|gametype|singles
|player|p1|ji4st9r|preschooler|1060
|player|p2|miggy009|swimmer-gen4dp|1050
|gen|9
|tier|[Gen 9] OU
|rated|
|rule|HP Percentage Mod: HP is shown in percentages
|rule|Endless Battle Clause: Forcing endless battles is banned
|rule|Species Clause: Limit one of each Pokémon
|rule|OHKO Clause: OHKO moves are banned
|rule|Evasion Items Clause: Evasion items are banned
|rule|Evasion Moves Clause: Evasion moves are banned
|rule|Evasion Abilities Clause: Evasion abilities are banned
|rule|Sleep Moves Clause: Sleep-inducing moves are banned
|clearpoke
|poke|p1|Polteageist|
|poke|p1|Mimikyu, F|
|poke|p1|Venonat, M|
|poke|p1|Alcremie, F|
|poke|p1|Shaymin|
|poke|p1|Minior|
|poke|p2|Gallade, M|
|poke|p2|Grimmsnarl, M|
|poke|p2|Clodsire, F|
|poke|p2|Dragapult, M|
|poke|p2|Galvantula, M|
|poke|p2|Rillaboom, F|
|teampreview
|
|t:|1769336207
|teamsize|p1|6
|teamsize|p2|6
|start
|switch|p1a: Minior|Minior|100/100
|switch|p2a: Galli|Galvantula, M, shiny|100/100
|-formechange|p1a: Minior|Minior-Meteor||[from] ability: Shields Down
|turn|1
|inactive|Battle timer is ON: inactive players will automatically lose when time's up. (requested by ji4st9r)
|
|t:|1769336229
|move|p2a: Galli|Thunder|p1a: Minior
|-supereffective|p1a: Minior
|-damage|p1a: Minior|0 fnt
|faint|p1a: Minior
|
|upkeep
|
|t:|1769336245
|switch|p1a: Alcremie|Alcremie, F|100/100
|turn|2
|
|t:|1769336253
|move|p2a: Galli|Sticky Web|p1a: Alcremie
|-sidestart|p1: ji4st9r|move: Sticky Web
|move|p1a: Alcremie|Acid Armor|p1a: Alcremie
|-boost|p1a: Alcremie|def|2
|
|upkeep
|turn|3
|
|t:|1769336259
|move|p2a: Galli|Thunder Wave|p1a: Alcremie
|-status|p1a: Alcremie|par
|move|p1a: Alcremie|Calm Mind|p1a: Alcremie
|-boost|p1a: Alcremie|spa|1
|-boost|p1a: Alcremie|spd|1
|
|upkeep
|turn|4
|
|t:|1769336266
|switch|p2a: Grimmsnarl|Grimmsnarl, M, shiny|100/100
|move|p1a: Alcremie|Draining Kiss|p2a: Grimmsnarl
|-supereffective|p2a: Grimmsnarl
|-damage|p2a: Grimmsnarl|33/100
|
|upkeep
|turn|5
|
|t:|1769336273
|move|p2a: Grimmsnarl|Trick|p1a: Alcremie
|-activate|p2a: Grimmsnarl|move: Trick|[of] p1a: Alcremie
|-item|p1a: Alcremie|Choice Scarf|[from] move: Trick
|-item|p2a: Grimmsnarl|Leftovers|[from] move: Trick
|move|p1a: Alcremie|Draining Kiss|p2a: Grimmsnarl
|-supereffective|p2a: Grimmsnarl
|-damage|p2a: Grimmsnarl|0 fnt
|faint|p2a: Grimmsnarl
|
|upkeep
|
|t:|1769336282
|switch|p2a: Fecal Fish|Clodsire, F, shiny|100/100
|turn|6
|
|t:|1769336292
|switch|p1a: Venonat|Venonat, M, shiny|100/100
|-activate|p1a: Venonat|move: Sticky Web
|-unboost|p1a: Venonat|spe|1
|move|p2a: Fecal Fish|Gunk Shot|p1a: Venonat
|-resisted|p1a: Venonat
|-damage|p1a: Venonat|81/100
|
|upkeep
|turn|7
|
|t:|1769336301
|move|p1a: Venonat|Toxic Spikes|p2a: Fecal Fish
|-sidestart|p2: miggy009|move: Toxic Spikes
|move|p2a: Fecal Fish|Stealth Rock|p1a: Venonat
|-sidestart|p1: ji4st9r|move: Stealth Rock
|
|upkeep
|turn|8
|
|t:|1769336316
|switch|p2a: Rilawa|Rillaboom, F|100/100
|-status|p2a: Rilawa|psn
|-fieldstart|move: Grassy Terrain|[from] ability: Grassy Surge|[of] p2a: Rilawa
|move|p1a: Venonat|Stun Spore|p2a: Rilawa
|-immune|p2a: Rilawa
|
|-heal|p1a: Venonat|87/100|[from] Grassy Terrain
|-damage|p2a: Rilawa|88/100 psn|[from] psn
|upkeep
|turn|9
|
|t:|1769336339
|move|p2a: Rilawa|Knock Off|p1a: Venonat
|-damage|p1a: Venonat|49/100
|-enditem|p1a: Venonat|Eviolite|[from] move: Knock Off|[of] p2a: Rilawa
|move|p1a: Venonat|Endeavor|p2a: Rilawa
|-damage|p2a: Rilawa|40/100 psn
|
|-heal|p2a: Rilawa|46/100 psn|[from] Grassy Terrain
|-heal|p1a: Venonat|56/100|[from] Grassy Terrain
|-damage|p2a: Rilawa|33/100 psn|[from] psn
|upkeep
|turn|10
|
|t:|1769336353
|move|p2a: Rilawa|Knock Off|p1a: Venonat
|-damage|p1a: Venonat|17/100
|move|p1a: Venonat|Endeavor|p2a: Rilawa
|-damage|p2a: Rilawa|14/100 psn
|
|-heal|p2a: Rilawa|20/100 psn|[from] Grassy Terrain
|-heal|p1a: Venonat|23/100|[from] Grassy Terrain
|-damage|p2a: Rilawa|8/100 psn|[from] psn
|upkeep
|turn|11
|inactive|miggy009 has 120 seconds left.
|
|t:|1769336373
|switch|p1a: Mimikyu|Mimikyu, F, shiny|100/100
|-activate|p1a: Mimikyu|move: Sticky Web
|-unboost|p1a: Mimikyu|spe|1
|-damage|p1a: Mimikyu|88/100|[from] Stealth Rock
|move|p2a: Rilawa|Knock Off|p1a: Mimikyu
|-activate|p1a: Mimikyu|ability: Disguise
|-damage|p1a: Mimikyu|88/100
|-enditem|p1a: Mimikyu|Red Card|[from] move: Knock Off|[of] p2a: Rilawa
|detailschange|p1a: Mimikyu|Mimikyu-Busted, F, shiny
|-damage|p1a: Mimikyu|76/100|[from] pokemon: Mimikyu-Busted
|
|-heal|p1a: Mimikyu|82/100|[from] Grassy Terrain
|-heal|p2a: Rilawa|14/100 psn|[from] Grassy Terrain
|-damage|p2a: Rilawa|1/100 psn|[from] psn
|upkeep
|turn|12
|inactive|miggy009 has 120 seconds left.
|
|t:|1769336393
|move|p1a: Mimikyu|Shadow Sneak|p2a: Rilawa
|-damage|p2a: Rilawa|0 fnt
|faint|p2a: Rilawa
|
|-heal|p1a: Mimikyu|88/100|[from] Grassy Terrain
|-fieldend|move: Grassy Terrain
|upkeep
|
|t:|1769336400
|switch|p2a: Fecal Fish|Clodsire, F, shiny|100/100
|-sideend|p2: miggy009|move: Toxic Spikes|[of] p2a: Fecal Fish
|turn|13
|
|t:|1769336408
|move|p1a: Mimikyu|Swords Dance|p1a: Mimikyu
|-boost|p1a: Mimikyu|atk|2
|move|p2a: Fecal Fish|Gunk Shot|p1a: Mimikyu|[miss]
|-miss|p2a: Fecal Fish|p1a: Mimikyu
|
|upkeep
|turn|14
|
|t:|1769336417
|-terastallize|p1a: Mimikyu|Ghost
|move|p1a: Mimikyu|Shadow Sneak|p2a: Fecal Fish
|-damage|p2a: Fecal Fish|84/100
|move|p2a: Fecal Fish|Gunk Shot|p1a: Mimikyu
|-resisted|p1a: Mimikyu
|-damage|p1a: Mimikyu|61/100
|-status|p1a: Mimikyu|psn
|
|-heal|p2a: Fecal Fish|90/100|[from] item: Black Sludge
|-damage|p1a: Mimikyu|49/100 psn|[from] psn
|upkeep
|turn|15
|inactive|miggy009 has 120 seconds left.
|
|t:|1769336440
|switch|p1a: Polteageist|Polteageist, shiny|100/100
|-activate|p1a: Polteageist|move: Sticky Web
|-unboost|p1a: Polteageist|spe|1
|-damage|p1a: Polteageist|88/100|[from] Stealth Rock
|-enditem|p1a: Polteageist|White Herb
|-clearnegativeboost|p1a: Polteageist|[silent]
|move|p2a: Fecal Fish|Gunk Shot|p1a: Polteageist
|-resisted|p1a: Polteageist
|-damage|p1a: Polteageist|57/100
|-ability|p1a: Polteageist|Weak Armor|boost
|-unboost|p1a: Polteageist|def|1
|-boost|p1a: Polteageist|spe|2
|
|-heal|p2a: Fecal Fish|97/100|[from] item: Black Sludge
|upkeep
|turn|16
|inactive|miggy009 has 120 seconds left.
|
|t:|1769336456
|move|p1a: Polteageist|Shell Smash|p1a: Polteageist
|-unboost|p1a: Polteageist|def|1
|-unboost|p1a: Polteageist|spd|1
|-boost|p1a: Polteageist|atk|2
|-boost|p1a: Polteageist|spa|2
|-boost|p1a: Polteageist|spe|2
|move|p2a: Fecal Fish|Gunk Shot|p1a: Polteageist
|-resisted|p1a: Polteageist
|-damage|p1a: Polteageist|30/100
|-ability|p1a: Polteageist|Weak Armor|boost
|-unboost|p1a: Polteageist|def|1
|-boost|p1a: Polteageist|spe|2
|
|-heal|p2a: Fecal Fish|100/100|[from] item: Black Sludge
|upkeep
|turn|17
|inactive|miggy009 has 120 seconds left.
|
|t:|1769336470
|move|p1a: Polteageist|Stored Power|p2a: Fecal Fish
|-supereffective|p2a: Fecal Fish
|-damage|p2a: Fecal Fish|0 fnt
|faint|p2a: Fecal Fish
|
|upkeep
|
|t:|1769336477
|switch|p2a: Galli|Galvantula, M, shiny|100/100
|turn|18
|inactive|miggy009 has 120 seconds left.
|
|t:|1769336485
|move|p1a: Polteageist|Shadow Ball|p2a: Galli
|-enditem|p2a: Galli|Focus Sash
|-damage|p2a: Galli|1/100
|move|p2a: Galli|Energy Ball|p1a: Polteageist
|-damage|p1a: Polteageist|0 fnt
|faint|p1a: Polteageist
|
|upkeep
|
|t:|1769336495
|switch|p1a: Shaymin|Shaymin|100/100
|-activate|p1a: Shaymin|move: Sticky Web
|-unboost|p1a: Shaymin|spe|1
|-damage|p1a: Shaymin|88/100|[from] Stealth Rock
|turn|19
|
|t:|1769336509
|move|p2a: Galli|Thunder Wave|p1a: Shaymin
|-status|p1a: Shaymin|par
|move|p1a: Shaymin|Substitute|p1a: Shaymin
|-start|p1a: Shaymin|Substitute
|-damage|p1a: Shaymin|63/100 par
|
|upkeep
|turn|20
|
|t:|1769336520
|move|p2a: Galli|Thunder|p1a: Shaymin
|-resisted|p1a: Shaymin
|-activate|p1a: Shaymin|move: Substitute|[damage]
|move|p1a: Shaymin|Earth Power|p2a: Galli
|-damage|p2a: Galli|0 fnt
|faint|p2a: Galli
|-damage|p1a: Shaymin|53/100 par|[from] item: Life Orb
|
|upkeep
|
|t:|1769336531
|switch|p2a: Psythe|Gallade, M, shiny|100/100
|turn|21
|
|t:|1769336539
|move|p2a: Psythe|Psycho Cut|p1a: Shaymin
|-end|p1a: Shaymin|Substitute
|move|p1a: Shaymin|Dazzling Gleam|p2a: Psythe
|-supereffective|p2a: Psythe
|-damage|p2a: Psythe|38/100
|-damage|p1a: Shaymin|43/100 par|[from] item: Life Orb
|
|upkeep
|turn|22
|inactive|ji4st9r has 120 seconds left.
|
|t:|1769336570
|move|p2a: Psythe|Psycho Cut|p1a: Shaymin
|-damage|p1a: Shaymin|0 fnt
|faint|p1a: Shaymin
|
|upkeep
|inactive|ji4st9r has 120 seconds left.
|
|t:|1769336575
|switch|p1a: Venonat|Venonat, M, shiny|23/100
|-activate|p1a: Venonat|move: Sticky Web
|-unboost|p1a: Venonat|spe|1
|-damage|p1a: Venonat|0 fnt|[from] Stealth Rock
|faint|p1a: Venonat
|inactive|ji4st9r has 120 seconds left.
|
|t:|1769336580
|switch|p1a: Alcremie|Alcremie, F|100/100 par
|-activate|p1a: Alcremie|move: Sticky Web
|-unboost|p1a: Alcremie|spe|1
|-damage|p1a: Alcremie|88/100 par|[from] Stealth Rock
|turn|23
|
|t:|1769336588
|move|p2a: Psythe|Psycho Cut|p1a: Alcremie
|-damage|p1a: Alcremie|0 fnt
|faint|p1a: Alcremie
|
|upkeep
|
|t:|1769336592
|switch|p1a: Mimikyu|Mimikyu-Busted, F, shiny, tera:Ghost|49/100 psn
|-activate|p1a: Mimikyu|move: Sticky Web
|-unboost|p1a: Mimikyu|spe|1
|-damage|p1a: Mimikyu|37/100 psn|[from] Stealth Rock
|turn|24
|
|t:|1769336598
|move|p1a: Mimikyu|Shadow Sneak|p2a: Psythe
|-supereffective|p2a: Psythe
|-damage|p2a: Psythe|0 fnt
|faint|p2a: Psythe
|
|-damage|p1a: Mimikyu|24/100 psn|[from] psn
|upkeep
|
|t:|1769336605
|switch|p2a: Dragapult|Dragapult, M, shiny|100/100
|turn|25
|
|t:|1769336614
|-terastallize|p2a: Dragapult|Fairy
|move|p1a: Mimikyu|Shadow Sneak|p2a: Dragapult
|-damage|p2a: Dragapult|70/100
|move|p2a: Dragapult|Shadow Ball|p1a: Mimikyu
|-supereffective|p1a: Mimikyu
|-damage|p1a: Mimikyu|0 fnt
|faint|p1a: Mimikyu
|
|win|miggy009
|raw|ji4st9r's rating: 1060 &rarr; <strong>1040</strong><br />(-20 for losing)
|raw|miggy009's rating: 1050 &rarr; <strong>1083</strong><br />(+33 for winning)
|l|☆ji4st9r
|player|p1|
