|j|☆Air Glider
|j|☆LaportaPotty
|t:|1769321957
|gametype|singles
|player|p1|Air Glider|170|1490
|player|p2|LaportaPotty|169|1438
|gen|9
|tier|[Gen 9] OU
|rated|
|rule|HP Percentage Mod: HP is shown in percentages
|rule|Endless Battle Clause: Forcing endless battles is banned
|rule|Species Clause: Limit one of each Pokémon
|rule|OHKO Clause: OHKO moves are banned
|rule|Evasion Items Clause: Evasion items are banned
|rule|Evasion Moves Clause: Evasion moves are banned
|rule|Evasion Abilities Clause: Evasion abilities are banned
|rule|Sleep Moves Clause: Sleep-inducing moves are banned
|clearpoke
|poke|p1|Pelipper, F|
|poke|p1|Iron Treads|
|poke|p1|Samurott-Hisui, F|
|poke|p1|Basculegion, M|
|poke|p1|Toxicroak, F|
|poke|p1|Keldeo-Resolute|
|poke|p2|Okidogi, M|
|poke|p2|Raging Bolt|
|poke|p2|Moltres|
|poke|p2|Sinistcha|
|poke|p2|Iron Treads|
|poke|p2|Ogerpon-Cornerstone, F|
|teampreview
|inactive|Battle timer is ON: inactive players will automatically lose when time's up. (requested by LaportaPotty)
|
|t:|1769321979
|teamsize|p1|6
|teamsize|p2|6
|start
|switch|p1a: Iron Treads|Iron Treads|100/100
|switch|p2a: Ogerpon|Ogerpon-Cornerstone, F|100/100
|-enditem|p1a: Iron Treads|Booster Energy
|-activate|p1a: Iron Treads|ability: Quark Drive|[fromitem]
|-start|p1a: Iron Treads|quarkdriveatk
|turn|1
|
|t:|1769321989
|move|p2a: Ogerpon|Trailblaze|p1a: Iron Treads
|-damage|p1a: Iron Treads|75/100
|-boost|p2a: Ogerpon|spe|1
|move|p1a: Iron Treads|Stealth Rock|p2a: Ogerpon
|-sidestart|p2: LaportaPotty|move: Stealth Rock
|
|upkeep
|turn|2
|
|t:|1769321997
|-end|p1a: Iron Treads|Quark Drive|[silent]
|switch|p1a: Pelipper|Pelipper, F|100/100
|-weather|RainDance|[from] ability: Drizzle|[of] p1a: Pelipper
|move|p2a: Ogerpon|Low Kick|p1a: Pelipper
|-resisted|p1a: Pelipper
|-damage|p1a: Pelipper|88/100
|
|-weather|RainDance|[upkeep]
|upkeep
|turn|3
|
|t:|1769322008
|switch|p1a: Toxicroak|Toxicroak, F|100/100
|move|p2a: Ogerpon|Ivy Cudgel|p1a: Toxicroak|[anim] Ivy Cudgel Rock
|-resisted|p1a: Toxicroak
|-damage|p1a: Toxicroak|71/100
|
|-weather|RainDance|[upkeep]
|-heal|p1a: Toxicroak|84/100|[from] ability: Dry Skin
|upkeep
|turn|4
|
|t:|1769322019
|switch|p2a: Sinistcha|Sinistcha|100/100
|move|p1a: Toxicroak|Toxic|p2a: Sinistcha
|-status|p2a: Sinistcha|tox
|
|-weather|RainDance|[upkeep]
|-heal|p1a: Toxicroak|96/100|[from] ability: Dry Skin
|-damage|p2a: Sinistcha|94/100 tox|[from] psn
|upkeep
|turn|5
|
|t:|1769322032
|move|p1a: Toxicroak|Knock Off|p2a: Sinistcha
|-supereffective|p2a: Sinistcha
|-damage|p2a: Sinistcha|64/100 tox
|-enditem|p2a: Sinistcha|Heavy-Duty Boots|[from] move: Knock Off|[of] p1a: Toxicroak
|move|p2a: Sinistcha|Strength Sap|p1a: Toxicroak
|-unboost|p1a: Toxicroak|atk|1
|-heal|p2a: Sinistcha|100/100 tox
|
|-weather|RainDance|[upkeep]
|-heal|p1a: Toxicroak|100/100|[from] ability: Dry Skin
|-damage|p2a: Sinistcha|88/100 tox|[from] psn
|upkeep
|turn|6
|
|t:|1769322038
|switch|p2a: Iron Treads|Iron Treads|100/100
|move|p1a: Toxicroak|Toxic|p2a: Iron Treads
|-immune|p2a: Iron Treads
|
|-weather|RainDance|[upkeep]
|upkeep
|turn|7
|
|t:|1769322043
|switch|p1a: Basculegion|Basculegion, M|100/100
|move|p2a: Iron Treads|Rapid Spin|p1a: Basculegion
|-immune|p1a: Basculegion
|
|-weather|RainDance|[upkeep]
|upkeep
|turn|8
|
|t:|1769322059
|-end|p2a: Iron Treads|Quark Drive|[silent]
|switch|p2a: Moltres|Moltres|100/100
|move|p1a: Basculegion|Wave Crash|p2a: Moltres
|-supereffective|p2a: Moltres
|-damage|p2a: Moltres|0 fnt
|faint|p2a: Moltres
|-damage|p1a: Basculegion|67/100|[from] Recoil
|
|-weather|RainDance|[upkeep]
|upkeep
|
|t:|1769322067
|switch|p2a: Okidogi|Okidogi, M|100/100
|-damage|p2a: Okidogi|94/100|[from] Stealth Rock
|turn|9
|
|t:|1769322073
|switch|p1a: Toxicroak|Toxicroak, F|100/100
|-terastallize|p2a: Okidogi|Water
|move|p2a: Okidogi|Knock Off|p1a: Toxicroak
|-resisted|p1a: Toxicroak
|-damage|p1a: Toxicroak|83/100
|-damage|p2a: Okidogi|78/100|[from] item: Rocky Helmet|[of] p1a: Toxicroak
|-enditem|p1a: Toxicroak|Rocky Helmet|[from] move: Knock Off|[of] p2a: Okidogi
|
|-weather|none
|upkeep
|turn|10
|
|t:|1769322082
|switch|p2a: Iron Treads|Iron Treads|100/100
|move|p1a: Toxicroak|Toxic|p2a: Iron Treads
|-immune|p2a: Iron Treads
|
|upkeep
|turn|11
|
|t:|1769322088
|switch|p1a: Pelipper|Pelipper, F|88/100
|-weather|RainDance|[from] ability: Drizzle|[of] p1a: Pelipper
|move|p2a: Iron Treads|Stealth Rock|p1a: Pelipper
|-sidestart|p1: Air Glider|move: Stealth Rock
|
|-weather|RainDance|[upkeep]
|upkeep
|turn|12
|
|t:|1769322092
|-end|p2a: Iron Treads|Quark Drive|[silent]
|switch|p2a: Sinistcha|Sinistcha|88/100 tox
|-damage|p2a: Sinistcha|76/100 tox|[from] Stealth Rock
|move|p1a: Pelipper|Surf|p2a: Sinistcha
|-resisted|p2a: Sinistcha
|-damage|p2a: Sinistcha|39/100 tox
|
|-weather|RainDance|[upkeep]
|-damage|p2a: Sinistcha|33/100 tox|[from] psn
|upkeep
|turn|13
|
|t:|1769322096
|move|p1a: Pelipper|Hurricane|p2a: Sinistcha
|-supereffective|p2a: Sinistcha
|-damage|p2a: Sinistcha|0 fnt
|faint|p2a: Sinistcha
|
|-weather|RainDance|[upkeep]
|upkeep
|
|t:|1769322099
|switch|p2a: Raging Bolt|Raging Bolt|100/100
|-damage|p2a: Raging Bolt|88/100|[from] Stealth Rock
|-enditem|p2a: Raging Bolt|Booster Energy
|-activate|p2a: Raging Bolt|ability: Protosynthesis|[fromitem]
|-start|p2a: Raging Bolt|protosynthesisspa
|turn|14
|inactive|Air Glider has 120 seconds left.
|
|t:|1769322131
|switch|p1a: Samurott|Samurott-Hisui, F|100/100
|-damage|p1a: Samurott|88/100|[from] Stealth Rock
|move|p2a: Raging Bolt|Dragon Pulse|p1a: Samurott
|-damage|p1a: Samurott|0 fnt
|faint|p1a: Samurott
|
|-weather|RainDance|[upkeep]
|upkeep
|
|t:|1769322133
|switch|p1a: Iron Treads|Iron Treads|75/100
|-damage|p1a: Iron Treads|72/100|[from] Stealth Rock
|turn|15
|
|t:|1769322145
|-end|p2a: Raging Bolt|Protosynthesis|[silent]
|switch|p2a: Okidogi|Okidogi, M, tera:Water|78/100
|-damage|p2a: Okidogi|65/100|[from] Stealth Rock
|move|p1a: Iron Treads|Earthquake|p2a: Okidogi
|-damage|p2a: Okidogi|24/100
|
|-weather|RainDance|[upkeep]
|upkeep
|turn|16
|
|t:|1769322158
|-end|p1a: Iron Treads|Quark Drive|[silent]
|switch|p1a: Basculegion|Basculegion, M|67/100
|-damage|p1a: Basculegion|55/100|[from] Stealth Rock
|move|p2a: Okidogi|Drain Punch|p1a: Basculegion
|-immune|p1a: Basculegion
|
|-weather|RainDance|[upkeep]
|upkeep
|turn|17
|
|t:|1769322169
|move|p1a: Basculegion|Flip Turn|p2a: Okidogi
|-resisted|p2a: Okidogi
|-damage|p2a: Okidogi|0 fnt
|faint|p2a: Okidogi
|
|t:|1769322173
|switch|p1a: Iron Treads|Iron Treads|72/100|[from] Flip Turn
|-damage|p1a: Iron Treads|69/100|[from] Stealth Rock
|
|-weather|RainDance|[upkeep]
|upkeep
|
|t:|1769322176
|switch|p2a: Ogerpon|Ogerpon-Cornerstone, F|100/100
|-damage|p2a: Ogerpon|88/100|[from] Stealth Rock
|turn|18
|
|t:|1769322198
|-end|p1a: Iron Treads|Quark Drive|[silent]
|switch|p1a: Toxicroak|Toxicroak, F|83/100
|-damage|p1a: Toxicroak|77/100|[from] Stealth Rock
|move|p2a: Ogerpon|Trailblaze|p1a: Toxicroak
|-resisted|p1a: Toxicroak
|-damage|p1a: Toxicroak|63/100
|-boost|p2a: Ogerpon|spe|1
|
|-weather|none
|upkeep
|turn|19
|
|t:|1769322205
|switch|p2a: Iron Treads|Iron Treads|100/100
|move|p1a: Toxicroak|Drain Punch|p2a: Iron Treads
|-supereffective|p2a: Iron Treads
|-damage|p2a: Iron Treads|53/100
|-heal|p1a: Toxicroak|83/100|[from] drain|[of] p2a: Iron Treads
|
|upkeep
|turn|20
|
|t:|1769322216
|switch|p1a: Pelipper|Pelipper, F|88/100
|-damage|p1a: Pelipper|64/100|[from] Stealth Rock
|-weather|RainDance|[from] ability: Drizzle|[of] p1a: Pelipper
|move|p2a: Iron Treads|Earthquake|p1a: Pelipper
|-immune|p1a: Pelipper
|
|-weather|RainDance|[upkeep]
|upkeep
|turn|21
|
|t:|1769322219
|move|p2a: Iron Treads|Rapid Spin|p1a: Pelipper
|-damage|p1a: Pelipper|47/100
|-boost|p2a: Iron Treads|spe|1
|-sideend|p2: LaportaPotty|Stealth Rock|[from] move: Rapid Spin|[of] p2a: Iron Treads
|move|p1a: Pelipper|Surf|p2a: Iron Treads
|-supereffective|p2a: Iron Treads
|-damage|p2a: Iron Treads|0 fnt
|faint|p2a: Iron Treads
|-end|p2a: Iron Treads|Quark Drive|[silent]
|
|-weather|RainDance|[upkeep]
|upkeep
|
|t:|1769322224
|switch|p2a: Raging Bolt|Raging Bolt|88/100
|turn|22
|
|t:|1769322228
|move|p2a: Raging Bolt|Thunderbolt|p1a: Pelipper
|-supereffective|p1a: Pelipper
|-damage|p1a: Pelipper|0 fnt
|faint|p1a: Pelipper
|
|-weather|RainDance|[upkeep]
|upkeep
|
|t:|1769322230
|switch|p1a: Iron Treads|Iron Treads|69/100
|-damage|p1a: Iron Treads|66/100|[from] Stealth Rock
|turn|23
|
|t:|1769322236
|-end|p2a: Raging Bolt|Protosynthesis|[silent]
|switch|p2a: Ogerpon|Ogerpon-Cornerstone, F|88/100
|move|p1a: Iron Treads|Earthquake|p2a: Ogerpon
|-crit|p2a: Ogerpon
|-damage|p2a: Ogerpon|0 fnt
|faint|p2a: Ogerpon
|
|-weather|RainDance|[upkeep]
|upkeep
|-message|LaportaPotty forfeited.
|
|win|Air Glider
|raw|Air Glider's rating: 1490 &rarr; <strong>1507</strong><br />(+17 for winning)
|raw|LaportaPotty's rating: 1438 &rarr; <strong>1421</strong><br />(-17 for losing)
|l|☆LaportaPotty
|player|p2|
