|j|☆swagataka
|j|☆furkanbolukbasi
|t:|1769371493
|gametype|singles
|player|p1|swagataka|byron|1756
|player|p2|furkanbolukbasi|xerosic|1735
|gen|9
|tier|[Gen 9] OU
|rated|
|rule|HP Percentage Mod: HP is shown in percentages
|rule|Endless Battle Clause: Forcing endless battles is banned
|rule|Species Clause: Limit one of each Pokémon
|rule|OHKO Clause: OHKO moves are banned
|rule|Evasion Items Clause: Evasion items are banned
|rule|Evasion Moves Clause: Evasion moves are banned
|rule|Evasion Abilities Clause: Evasion abilities are banned
|rule|Sleep Moves Clause: Sleep-inducing moves are banned
|clearpoke
|poke|p1|Kingambit, M|
|poke|p1|Regigigas|
|poke|p1|Great Tusk|
|poke|p1|Pecharunt|
|poke|p1|Zoroark-Hisui, F|
|poke|p1|Gallade, M|
|poke|p2|Pecharunt|
|poke|p2|Mabosstiff, M|
|poke|p2|Volcanion|
|poke|p2|Iron Valiant|
|poke|p2|Landorus-Therian, M|
|poke|p2|Deoxys-Speed|
|teampreview
|j| shedtailhater
|
|t:|1769371510
|teamsize|p1|6
|teamsize|p2|6
|start
|switch|p1a: Irönhead|Kingambit, M|100/100
|switch|p2a: Deoxys|Deoxys-Speed|100/100
|-ability|p2a: Deoxys|Pressure
|-item|p1a: Irönhead|Air Balloon
|turn|1
|
|t:|1769371524
|switch|p2a: Landorus|Landorus-Therian, M|100/100
|-ability|p2a: Landorus|Intimidate|boost
|-unboost|p1a: Irönhead|atk|1
|-ability|p1a: Irönhead|Defiant|boost
|-boost|p1a: Irönhead|atk|2
|switch|p1a: R.E.G.R.E.M.I.X|Regigigas, shiny|100/100
|-start|p1a: R.E.G.R.E.M.I.X|ability: Slow Start
|
|upkeep
|turn|2
|
|t:|1769371528
|move|p2a: Landorus|Taunt|p1a: R.E.G.R.E.M.I.X
|-start|p1a: R.E.G.R.E.M.I.X|move: Taunt
|move|p1a: R.E.G.R.E.M.I.X|Hyper Beam|p2a: Landorus
|-damage|p2a: Landorus|1/100
|-mustrecharge|p1a: R.E.G.R.E.M.I.X
|
|upkeep
|turn|3
|
|t:|1769371532
|move|p2a: Landorus|Stealth Rock|p1a: R.E.G.R.E.M.I.X
|-sidestart|p1: swagataka|move: Stealth Rock
|cant|p1a: R.E.G.R.E.M.I.X|recharge
|
|upkeep
|turn|4
|
|t:|1769371536
|move|p2a: Landorus|Earthquake|p1a: R.E.G.R.E.M.I.X
|-damage|p1a: R.E.G.R.E.M.I.X|65/100
|move|p1a: R.E.G.R.E.M.I.X|Hyper Beam|p2a: Landorus
|-damage|p2a: Landorus|0 fnt
|-mustrecharge|p1a: R.E.G.R.E.M.I.X
|faint|p2a: Landorus
|
|-end|p1a: R.E.G.R.E.M.I.X|move: Taunt
|upkeep
|
|t:|1769371540
|switch|p2a: Deoxys|Deoxys-Speed|100/100
|-ability|p2a: Deoxys|Pressure
|turn|5
|
|t:|1769371545
|move|p2a: Deoxys|Spikes|p1a: R.E.G.R.E.M.I.X
|-sidestart|p1: swagataka|Spikes
|cant|p1a: R.E.G.R.E.M.I.X|recharge
|
|upkeep
|turn|6
|
|t:|1769371552
|move|p2a: Deoxys|Superpower|p1a: R.E.G.R.E.M.I.X
|-supereffective|p1a: R.E.G.R.E.M.I.X
|-damage|p1a: R.E.G.R.E.M.I.X|13/100
|-unboost|p2a: Deoxys|atk|1
|-unboost|p2a: Deoxys|def|1
|-enditem|p2a: Deoxys|Eject Pack
|
|t:|1769371554
|switch|p2a: Pecharunt|Pecharunt|100/100
|move|p1a: R.E.G.R.E.M.I.X|Hyper Beam|p2a: Pecharunt
|-immune|p2a: Pecharunt
|
|-end|p1a: R.E.G.R.E.M.I.X|Slow Start
|upkeep
|turn|7
|
|t:|1769371560
|move|p2a: Pecharunt|Malignant Chain|p1a: R.E.G.R.E.M.I.X
|-damage|p1a: R.E.G.R.E.M.I.X|0 fnt
|faint|p1a: R.E.G.R.E.M.I.X
|
|upkeep
|
|t:|1769371562
|switch|p1a: Irönhead|Kingambit, M|100/100
|-damage|p1a: Irönhead|94/100|[from] Stealth Rock
|-item|p1a: Irönhead|Air Balloon
|turn|8
|
|t:|1769371569
|switch|p2a: Iron Valiant|Iron Valiant|100/100
|-enditem|p2a: Iron Valiant|Booster Energy
|-activate|p2a: Iron Valiant|ability: Quark Drive|[fromitem]
|-start|p2a: Iron Valiant|quarkdrivespe
|move|p1a: Irönhead|Stealth Rock|p2a: Iron Valiant
|-sidestart|p2: furkanbolukbasi|move: Stealth Rock
|
|upkeep
|turn|9
|
|t:|1769371576
|switch|p1a: Apacherunt|Pecharunt|100/100
|move|p2a: Iron Valiant|Knock Off|p1a: Apacherunt
|-supereffective|p1a: Apacherunt
|-damage|p1a: Apacherunt|71/100
|-enditem|p1a: Apacherunt|Heavy-Duty Boots|[from] move: Knock Off|[of] p2a: Iron Valiant
|
|upkeep
|turn|10
|
|t:|1769371626
|-end|p2a: Iron Valiant|Quark Drive|[silent]
|switch|p2a: Deoxys|Deoxys-Speed|100/100
|-damage|p2a: Deoxys|88/100|[from] Stealth Rock
|-ability|p2a: Deoxys|Pressure
|move|p1a: Apacherunt|Toxic|p2a: Deoxys
|-status|p2a: Deoxys|tox
|-start|p2a: Deoxys|confusion|[from] ability: Poison Puppeteer|[of] p1a: Apacherunt
|
|-damage|p2a: Deoxys|82/100 tox|[from] psn
|upkeep
|turn|11
|l| shedtailhater
|
|t:|1769371643
|switch|p1a: Gallade|Gallade, M, shiny|100/100
|-damage|p1a: Gallade|94/100|[from] Stealth Rock
|-damage|p1a: Gallade|82/100|[from] Spikes
|-activate|p2a: Deoxys|confusion
|move|p2a: Deoxys|Psycho Boost|p1a: Gallade
|-damage|p1a: Gallade|13/100
|-unboost|p2a: Deoxys|spa|2
|
|-damage|p2a: Deoxys|69/100 tox|[from] psn
|upkeep
|turn|12
|
|t:|1769371648
|-activate|p2a: Deoxys|confusion
|move|p2a: Deoxys|Spikes|p1a: Gallade
|-sidestart|p1: swagataka|Spikes
|move|p1a: Gallade|Psycho Cut|p2a: Deoxys
|-resisted|p2a: Deoxys
|-damage|p2a: Deoxys|29/100 tox
|
|-damage|p2a: Deoxys|10/100 tox|[from] psn
|upkeep
|turn|13
|
|t:|1769371652
|-activate|p2a: Deoxys|confusion
|move|p2a: Deoxys|Knock Off|p1a: Gallade
|-damage|p1a: Gallade|0 fnt
|-enditem|p1a: Gallade|Choice Scarf|[from] move: Knock Off|[of] p2a: Deoxys
|faint|p1a: Gallade
|
|-damage|p2a: Deoxys|0 fnt|[from] psn
|faint|p2a: Deoxys
|upkeep
|
|t:|1769371659
|switch|p2a: Iron Valiant|Iron Valiant|100/100
|switch|p1a: Irönhead|Kingambit, M|100/100
|-damage|p2a: Iron Valiant|94/100|[from] Stealth Rock
|-damage|p1a: Irönhead|88/100|[from] Stealth Rock
|-item|p1a: Irönhead|Air Balloon
|turn|14
|
|t:|1769371661
|move|p2a: Iron Valiant|Close Combat|p1a: Irönhead
|-immune|p1a: Irönhead
|move|p1a: Irönhead|Shadow Ball|p2a: Iron Valiant
|-damage|p2a: Iron Valiant|14/100
|
|upkeep
|turn|15
|
|t:|1769371665
|move|p2a: Iron Valiant|Knock Off|p1a: Irönhead
|-supereffective|p1a: Irönhead
|-damage|p1a: Irönhead|0 fnt
|replace|p1a: Linkin Zark|Zoroark-Hisui, F, shiny
|-end|p1a: Linkin Zark|Illusion
|-enditem|p1a: Linkin Zark|Air Balloon
|faint|p1a: Linkin Zark
|
|upkeep
|
|t:|1769371669
|switch|p1a: Apacherunt|Pecharunt|71/100
|-damage|p1a: Apacherunt|58/100|[from] Stealth Rock
|-damage|p1a: Apacherunt|42/100|[from] Spikes
|turn|16
|
|t:|1769371673
|move|p2a: Iron Valiant|Knock Off|p1a: Apacherunt
|-supereffective|p1a: Apacherunt
|-damage|p1a: Apacherunt|21/100
|move|p1a: Apacherunt|Shadow Ball|p2a: Iron Valiant
|-damage|p2a: Iron Valiant|0 fnt
|faint|p2a: Iron Valiant
|-end|p2a: Iron Valiant|Quark Drive|[silent]
|
|upkeep
|
|t:|1769371690
|switch|p2a: Pecharunt|Pecharunt|100/100
|turn|17
|
|t:|1769371695
|move|p2a: Pecharunt|Shadow Ball|p1a: Apacherunt
|-supereffective|p1a: Apacherunt
|-crit|p1a: Apacherunt
|-damage|p1a: Apacherunt|0 fnt
|faint|p1a: Apacherunt
|
|upkeep
|
|t:|1769371697
|switch|p1a: Irönhead|Kingambit, M|94/100
|-damage|p1a: Irönhead|88/100|[from] Stealth Rock
|-item|p1a: Irönhead|Air Balloon
|turn|18
|
|t:|1769371700
|switch|p2a: Mabosstiff|Mabosstiff, M|100/100
|-damage|p2a: Mabosstiff|88/100|[from] Stealth Rock
|-ability|p2a: Mabosstiff|Intimidate|boost
|-unboost|p1a: Irönhead|atk|1
|-ability|p1a: Irönhead|Defiant|boost
|-boost|p1a: Irönhead|atk|2
|move|p1a: Irönhead|Thief|p2a: Mabosstiff
|-resisted|p2a: Mabosstiff
|-damage|p2a: Mabosstiff|59/100
|-enditem|p2a: Mabosstiff|Kee Berry|[eat]
|-boost|p2a: Mabosstiff|def|1|[from] item: Kee Berry
|
|upkeep
|turn|19
|
|t:|1769371708
|move|p2a: Mabosstiff|Jaw Lock|p1a: Irönhead
|-resisted|p1a: Irönhead
|-damage|p1a: Irönhead|72/100
|-activate|p2a: Mabosstiff|trapped
|-activate|p1a: Irönhead|trapped
|-enditem|p1a: Irönhead|Air Balloon
|move|p1a: Irönhead|Iron Head|p2a: Mabosstiff
|-damage|p2a: Mabosstiff|6/100
|
|upkeep
|turn|20
|
|t:|1769371712
|move|p2a: Mabosstiff|Jaw Lock|p1a: Irönhead
|-resisted|p1a: Irönhead
|-damage|p1a: Irönhead|55/100
|move|p1a: Irönhead|Iron Head|p2a: Mabosstiff
|-damage|p2a: Mabosstiff|0 fnt
|faint|p2a: Mabosstiff
|
|upkeep
|
|t:|1769371715
|switch|p2a: Volcanion|Volcanion|100/100
|-damage|p2a: Volcanion|76/100|[from] Stealth Rock
|turn|21
|
|t:|1769371731
|move|p1a: Irönhead|Sucker Punch|p2a: Volcanion
|-damage|p2a: Volcanion|26/100
|move|p2a: Volcanion|Steam Eruption|p1a: Irönhead
|-damage|p1a: Irönhead|2/100
|-status|p1a: Irönhead|brn
|
|-heal|p2a: Volcanion|32/100|[from] item: Leftovers
|-damage|p1a: Irönhead|0 fnt|[from] brn
|faint|p1a: Irönhead
|upkeep
|
|t:|1769371735
|switch|p1a: Steely Don|Great Tusk|100/100
|turn|22
|
|t:|1769371738
|move|p1a: Steely Don|Headlong Rush|p2a: Volcanion
|-supereffective|p2a: Volcanion
|-crit|p2a: Volcanion
|-damage|p2a: Volcanion|0 fnt
|-unboost|p1a: Steely Don|def|1
|-unboost|p1a: Steely Don|spd|1
|faint|p2a: Volcanion
|
|upkeep
|
|t:|1769371740
|switch|p2a: Pecharunt|Pecharunt|100/100
|turn|23
|
|t:|1769371743
|-terastallize|p2a: Pecharunt|Fairy
|move|p2a: Pecharunt|Shadow Ball|p1a: Steely Don
|-damage|p1a: Steely Don|26/100
|move|p1a: Steely Don|Headlong Rush|p2a: Pecharunt
|-damage|p2a: Pecharunt|54/100
|-unboost|p1a: Steely Don|def|1
|-unboost|p1a: Steely Don|spd|1
|
|upkeep
|turn|24
|
|t:|1769371748
|move|p2a: Pecharunt|Shadow Ball|p1a: Steely Don
|-damage|p1a: Steely Don|0 fnt
|faint|p1a: Steely Don
|-end|p1a: Steely Don|Protosynthesis|[silent]
|
|win|furkanbolukbasi
|raw|swagataka's rating: 1756 &rarr; <strong>1735</strong><br />(-21 for losing)
|raw|furkanbolukbasi's rating: 1735 &rarr; <strong>1756</strong><br />(+21 for winning)
|l|☆swagataka
|player|p1|
|l|☆furkanbolukbasi
|player|p2|
