|j|☆fadingstrawberry
|j|☆Chorley Cakes
|t:|1769363172
|gametype|singles
|player|p1|fadingstrawberry|may-masters|1686
|player|p2|Chorley Cakes|waiter-gen4|1664
|gen|9
|tier|[Gen 9] OU
|rated|
|rule|HP Percentage Mod: HP is shown in percentages
|rule|Endless Battle Clause: Forcing endless battles is banned
|rule|Species Clause: Limit one of each Pokémon
|rule|OHKO Clause: OHKO moves are banned
|rule|Evasion Items Clause: Evasion items are banned
|rule|Evasion Moves Clause: Evasion moves are banned
|rule|Evasion Abilities Clause: Evasion abilities are banned
|rule|Sleep Moves Clause: Sleep-inducing moves are banned
|clearpoke
|poke|p1|Ninetales-Alola, F|
|poke|p1|Raging Bolt|
|poke|p1|Rillaboom, F|
|poke|p1|Polteageist|
|poke|p1|Kingambit, F|
|poke|p1|Primarina, M|
|poke|p2|Lokix, F|
|poke|p2|Alomomola, F|
|poke|p2|Ting-Lu|
|poke|p2|Zapdos|
|poke|p2|Iron Moth|
|poke|p2|Iron Treads|
|teampreview
|inactive|Battle timer is ON: inactive players will automatically lose when time's up. (requested by Chorley Cakes)
|c|☆Chorley Cakes|hf
|
|t:|1769363189
|teamsize|p1|6
|teamsize|p2|6
|start
|switch|p1a: Ninetales|Ninetales-Alola, F|100/100
|switch|p2a: Iron Moth|Iron Moth|100/100
|-weather|Snowscape|[from] ability: Snow Warning|[of] p1a: Ninetales
|turn|1
|
|t:|1769363195
|switch|p1a: Primarina|Primarina, M|100/100
|move|p2a: Iron Moth|Fiery Dance|p1a: Primarina
|-resisted|p1a: Primarina
|-damage|p1a: Primarina|83/100
|-boost|p2a: Iron Moth|spa|1
|
|-weather|Snowscape|[upkeep]
|-heal|p1a: Primarina|89/100|[from] item: Leftovers
|upkeep
|turn|2
|
|t:|1769363204
|switch|p1a: Kingambit|Kingambit, F|100/100
|move|p2a: Iron Moth|Sludge Wave|p1a: Kingambit
|-immune|p1a: Kingambit
|
|-weather|Snowscape|[upkeep]
|upkeep
|turn|3
|
|t:|1769363208
|move|p2a: Iron Moth|Fiery Dance|p1a: Kingambit
|-supereffective|p1a: Kingambit
|-damage|p1a: Kingambit|0 fnt
|faint|p1a: Kingambit
|-end|p1a: Kingambit|fallenundefined|[silent]
|
|-weather|Snowscape|[upkeep]
|upkeep
|
|t:|1769363223
|switch|p1a: Polteageist|Polteageist|100/100
|turn|4
|
|t:|1769363226
|move|p2a: Iron Moth|Fiery Dance|p1a: Polteageist
|-damage|p1a: Polteageist|43/100
|-boost|p2a: Iron Moth|spa|1
|move|p1a: Polteageist|Shell Smash|p1a: Polteageist
|-unboost|p1a: Polteageist|def|1
|-unboost|p1a: Polteageist|spd|1
|-boost|p1a: Polteageist|atk|2
|-boost|p1a: Polteageist|spa|2
|-boost|p1a: Polteageist|spe|2
|-enditem|p1a: Polteageist|White Herb
|-clearnegativeboost|p1a: Polteageist|[silent]
|
|-weather|Snowscape|[upkeep]
|upkeep
|turn|5
|
|t:|1769363245
|-terastallize|p2a: Iron Moth|Fairy
|move|p1a: Polteageist|Shadow Ball|p2a: Iron Moth
|-damage|p2a: Iron Moth|31/100
|move|p2a: Iron Moth|Fiery Dance|p1a: Polteageist
|-damage|p1a: Polteageist|0 fnt
|-start|p2a: Iron Moth|Disable|Fiery Dance|[from] ability: Cursed Body|[of] p1a: Polteageist
|faint|p1a: Polteageist
|
|-weather|none
|upkeep
|
|t:|1769363266
|switch|p1a: Rillaboom|Rillaboom, F|100/100
|-fieldstart|move: Grassy Terrain|[from] ability: Grassy Surge|[of] p1a: Rillaboom
|turn|6
|
|t:|1769363271
|-end|p2a: Iron Moth|Quark Drive|[silent]
|switch|p2a: Zapdos|Zapdos|100/100
|move|p1a: Rillaboom|Grassy Glide|p2a: Zapdos
|-resisted|p2a: Zapdos
|-damage|p2a: Zapdos|82/100
|-status|p1a: Rillaboom|par|[from] ability: Static|[of] p2a: Zapdos
|-damage|p1a: Rillaboom|91/100 par|[from] item: Life Orb
|
|-heal|p1a: Rillaboom|97/100 par|[from] Grassy Terrain
|upkeep
|turn|7
|
|t:|1769363277
|switch|p1a: Raging Bolt|Raging Bolt|100/100
|-enditem|p1a: Raging Bolt|Booster Energy
|-activate|p1a: Raging Bolt|ability: Protosynthesis|[fromitem]
|-start|p1a: Raging Bolt|protosynthesisspa
|move|p2a: Zapdos|U-turn|p1a: Raging Bolt
|-damage|p1a: Raging Bolt|87/100
|
|t:|1769363285
|switch|p2a: Ting-Lu|Ting-Lu|100/100|[from] U-turn
|-ability|p2a: Ting-Lu|Vessel of Ruin
|
|-heal|p1a: Raging Bolt|94/100|[from] Grassy Terrain
|upkeep
|turn|8
|
|t:|1769363291
|move|p1a: Raging Bolt|Calm Mind|p1a: Raging Bolt
|-boost|p1a: Raging Bolt|spa|1
|-boost|p1a: Raging Bolt|spd|1
|move|p2a: Ting-Lu|Stealth Rock|p1a: Raging Bolt
|-sidestart|p1: fadingstrawberry|move: Stealth Rock
|
|-heal|p1a: Raging Bolt|99/100|[from] Grassy Terrain
|upkeep
|turn|9
|
|t:|1769363292
|move|p1a: Raging Bolt|Dragon Pulse|p2a: Ting-Lu
|-damage|p2a: Ting-Lu|53/100
|move|p2a: Ting-Lu|Whirlwind|p1a: Raging Bolt
|-end|p1a: Raging Bolt|Protosynthesis|[silent]
|drag|p1a: Ninetales|Ninetales-Alola, F|100/100
|-damage|p1a: Ninetales|76/100|[from] Stealth Rock
|-weather|Snowscape|[from] ability: Snow Warning|[of] p1a: Ninetales
|
|-weather|Snowscape|[upkeep]
|-heal|p1a: Ninetales|82/100|[from] Grassy Terrain
|-heal|p2a: Ting-Lu|60/100|[from] Grassy Terrain
|-heal|p2a: Ting-Lu|66/100|[from] item: Leftovers
|upkeep
|turn|10
|
|t:|1769363305
|move|p1a: Ninetales|Aurora Veil|p1a: Ninetales
|-sidestart|p1: fadingstrawberry|move: Aurora Veil
|move|p2a: Ting-Lu|Whirlwind|p1a: Ninetales
|drag|p1a: Rillaboom|Rillaboom, F|97/100 par
|-damage|p1a: Rillaboom|84/100 par|[from] Stealth Rock
|
|-weather|Snowscape|[upkeep]
|-heal|p1a: Rillaboom|91/100 par|[from] Grassy Terrain
|-heal|p2a: Ting-Lu|72/100|[from] Grassy Terrain
|-heal|p2a: Ting-Lu|78/100|[from] item: Leftovers
|-fieldend|move: Grassy Terrain
|upkeep
|turn|11
|
|t:|1769363312
|switch|p2a: Zapdos|Zapdos|82/100
|move|p1a: Rillaboom|Swords Dance|p1a: Rillaboom
|-boost|p1a: Rillaboom|atk|2
|
|-weather|Snowscape|[upkeep]
|upkeep
|turn|12
|
|t:|1769363317
|move|p2a: Zapdos|Hurricane|p1a: Rillaboom
|-supereffective|p1a: Rillaboom
|-damage|p1a: Rillaboom|33/100 par
|cant|p1a: Rillaboom|par
|
|-weather|Snowscape|[upkeep]
|upkeep
|turn|13
|
|t:|1769363324
|move|p2a: Zapdos|Hurricane|p1a: Rillaboom
|-supereffective|p1a: Rillaboom
|-damage|p1a: Rillaboom|0 fnt
|faint|p1a: Rillaboom
|
|-weather|none
|upkeep
|
|t:|1769363335
|switch|p1a: Raging Bolt|Raging Bolt|99/100
|-damage|p1a: Raging Bolt|87/100|[from] Stealth Rock
|turn|14
|
|t:|1769363343
|switch|p2a: Iron Treads|Iron Treads|100/100
|move|p1a: Raging Bolt|Calm Mind|p1a: Raging Bolt
|-boost|p1a: Raging Bolt|spa|1
|-boost|p1a: Raging Bolt|spd|1
|
|upkeep
|turn|15
|
|t:|1769363347
|move|p2a: Iron Treads|Earthquake|p1a: Raging Bolt
|-supereffective|p1a: Raging Bolt
|-damage|p1a: Raging Bolt|52/100
|move|p1a: Raging Bolt|Dragon Pulse|p2a: Iron Treads
|-resisted|p2a: Iron Treads
|-damage|p2a: Iron Treads|71/100
|
|-heal|p2a: Iron Treads|77/100|[from] item: Leftovers
|upkeep
|turn|16
|
|t:|1769363349
|move|p2a: Iron Treads|Earthquake|p1a: Raging Bolt
|-supereffective|p1a: Raging Bolt
|-damage|p1a: Raging Bolt|15/100
|move|p1a: Raging Bolt|Dragon Pulse|p2a: Iron Treads
|-resisted|p2a: Iron Treads
|-damage|p2a: Iron Treads|49/100
|
|-heal|p2a: Iron Treads|55/100|[from] item: Leftovers
|upkeep
|turn|17
|
|t:|1769363352
|move|p2a: Iron Treads|Earthquake|p1a: Raging Bolt
|-supereffective|p1a: Raging Bolt
|-damage|p1a: Raging Bolt|0 fnt
|faint|p1a: Raging Bolt
|-end|p1a: Raging Bolt|Protosynthesis|[silent]
|
|-heal|p2a: Iron Treads|61/100|[from] item: Leftovers
|-sideend|p1: fadingstrawberry|move: Aurora Veil
|upkeep
|
|t:|1769363355
|switch|p1a: Primarina|Primarina, M|89/100
|-damage|p1a: Primarina|77/100|[from] Stealth Rock
|turn|18
|
|t:|1769363359
|move|p2a: Iron Treads|Volt Switch|p1a: Primarina
|-supereffective|p1a: Primarina
|-damage|p1a: Primarina|59/100
|
|t:|1769363366
|-end|p2a: Iron Treads|Quark Drive|[silent]
|switch|p2a: Zapdos|Zapdos|82/100|[from] Volt Switch
|move|p1a: Primarina|Calm Mind|p1a: Primarina
|-boost|p1a: Primarina|spa|1
|-boost|p1a: Primarina|spd|1
|
|-heal|p1a: Primarina|65/100|[from] item: Leftovers
|upkeep
|turn|19
|
|t:|1769363371
|-terastallize|p1a: Primarina|Steel
|move|p2a: Zapdos|Discharge|p1a: Primarina
|-damage|p1a: Primarina|47/100
|move|p1a: Primarina|Substitute|p1a: Primarina
|-start|p1a: Primarina|Substitute
|-damage|p1a: Primarina|22/100
|
|-heal|p1a: Primarina|28/100|[from] item: Leftovers
|upkeep
|turn|20
|
|t:|1769363377
|move|p2a: Zapdos|Discharge|p1a: Primarina
|-activate|p1a: Primarina|move: Substitute|[damage]
|move|p1a: Primarina|Draining Kiss|p2a: Zapdos
|-damage|p2a: Zapdos|52/100
|-heal|p1a: Primarina|52/100|[from] drain|[of] p2a: Zapdos
|-status|p1a: Primarina|par|[from] ability: Static|[of] p2a: Zapdos
|
|-heal|p1a: Primarina|58/100 par|[from] item: Leftovers
|upkeep
|turn|21
|
|t:|1769363382
|move|p2a: Zapdos|Discharge|p1a: Primarina
|-end|p1a: Primarina|Substitute
|move|p1a: Primarina|Substitute|p1a: Primarina
|-start|p1a: Primarina|Substitute
|-damage|p1a: Primarina|33/100 par
|
|-heal|p1a: Primarina|40/100 par|[from] item: Leftovers
|upkeep
|turn|22
|
|t:|1769363391
|move|p2a: Zapdos|U-turn|p1a: Primarina
|-resisted|p1a: Primarina
|-activate|p1a: Primarina|move: Substitute|[damage]
|
|t:|1769363393
|switch|p2a: Iron Treads|Iron Treads|61/100|[from] U-turn
|move|p1a: Primarina|Calm Mind|p1a: Primarina
|-boost|p1a: Primarina|spa|1
|-boost|p1a: Primarina|spd|1
|
|-heal|p2a: Iron Treads|68/100|[from] item: Leftovers
|-heal|p1a: Primarina|46/100 par|[from] item: Leftovers
|upkeep
|turn|23
|
|t:|1769363397
|move|p2a: Iron Treads|Earthquake|p1a: Primarina
|-supereffective|p1a: Primarina
|-end|p1a: Primarina|Substitute
|move|p1a: Primarina|Psychic Noise|p2a: Iron Treads
|-supereffective|p2a: Iron Treads
|-crit|p2a: Iron Treads
|-damage|p2a: Iron Treads|0 fnt
|faint|p2a: Iron Treads
|-end|p2a: Iron Treads|Quark Drive|[silent]
|
|-heal|p1a: Primarina|52/100 par|[from] item: Leftovers
|upkeep
|
|t:|1769363407
|switch|p2a: Lokix|Lokix, F|100/100
|turn|24
|
|t:|1769363410
|move|p2a: Lokix|Knock Off|p1a: Primarina
|-damage|p1a: Primarina|0 fnt
|-enditem|p1a: Primarina|Leftovers|[from] move: Knock Off|[of] p2a: Lokix
|faint|p1a: Primarina
|
|upkeep
|-message|fadingstrawberry forfeited.
|
|win|Chorley Cakes
|raw|fadingstrawberry's rating: 1686 &rarr; <strong>1665</strong><br />(-21 for losing)
|raw|Chorley Cakes's rating: 1664 &rarr; <strong>1685</strong><br />(+21 for winning)
|l|☆fadingstrawberry
|player|p1|
|c|☆Chorley Cakes|gg
