|j|☆vacineee
|j|☆sumni i
|t:|1769410116
|gametype|singles
|player|p1|vacineee|parasollady-gen4|1515
|player|p2|sumni i|102|1454
|gen|9
|tier|[Gen 9] OU
|rated|
|rule|HP Percentage Mod: HP is shown in percentages
|rule|Endless Battle Clause: Forcing endless battles is banned
|rule|Species Clause: Limit one of each Pokémon
|rule|OHKO Clause: OHKO moves are banned
|rule|Evasion Items Clause: Evasion items are banned
|rule|Evasion Moves Clause: Evasion moves are banned
|rule|Evasion Abilities Clause: Evasion abilities are banned
|rule|Sleep Moves Clause: Sleep-inducing moves are banned
|clearpoke
|poke|p1|Hoopa-Unbound|
|poke|p1|Rillaboom, F|
|poke|p1|Iron Hands|
|poke|p1|Slowking-Galar, F|
|poke|p1|Great Tusk|
|poke|p1|Heatran, F|
|poke|p2|Tyranitar, M|
|poke|p2|Walking Wake|
|poke|p2|Arcanine-Hisui, F|
|poke|p2|Torkoal, F|
|poke|p2|Slowking-Galar, M|
|poke|p2|Charizard, F|
|teampreview
|inactive|Battle timer is ON: inactive players will automatically lose when time's up. (requested by sumni i)
|
|t:|1769410128
|teamsize|p1|6
|teamsize|p2|6
|start
|switch|p1a: Great Tusk|Great Tusk|100/100
|switch|p2a: Walking Wake|Walking Wake|100/100
|-enditem|p1a: Great Tusk|Booster Energy
|-activate|p1a: Great Tusk|ability: Protosynthesis|[fromitem]
|-start|p1a: Great Tusk|protosynthesisspe
|turn|1
|
|t:|1769410133
|-end|p1a: Great Tusk|Protosynthesis|[silent]
|switch|p1a: Slowking|Slowking-Galar, F|100/100
|move|p2a: Walking Wake|Hydro Steam|p1a: Slowking
|-damage|p1a: Slowking|66/100
|
|upkeep
|turn|2
|
|t:|1769410136
|-end|p2a: Walking Wake|Protosynthesis|[silent]
|switch|p2a: Da Hotsteppah|Torkoal, F|100/100
|-weather|SunnyDay|[from] ability: Drought|[of] p2a: Da Hotsteppah
|-prepare|p1a: Slowking|Chilly Reception|[premajor]
|move|p1a: Slowking|Chilly Reception|p1a: Slowking
|-weather|Snowscape
|
|t:|1769410146
|switch|p1a: Heatran|Heatran, F|100/100|[from] Chilly Reception
|-item|p1a: Heatran|Air Balloon
|
|-weather|Snowscape|[upkeep]
|upkeep
|turn|3
|
|t:|1769410152
|switch|p2a: Tyranitar|Tyranitar, M|100/100
|-weather|Sandstorm|[from] ability: Sand Stream|[of] p2a: Tyranitar
|move|p1a: Heatran|Stealth Rock|p2a: Tyranitar
|-sidestart|p2: sumni i|move: Stealth Rock
|
|-weather|Sandstorm|[upkeep]
|upkeep
|turn|4
|
|t:|1769410160
|switch|p1a: Great Tusk|Great Tusk|100/100
|move|p2a: Tyranitar|Low Kick|p1a: Great Tusk
|-damage|p1a: Great Tusk|70/100
|
|-weather|Sandstorm|[upkeep]
|upkeep
|turn|5
|
|t:|1769410169
|switch|p2a: Slowking|Slowking-Galar, M|100/100
|move|p1a: Great Tusk|Close Combat|p2a: Slowking
|-resisted|p2a: Slowking
|-damage|p2a: Slowking|88/100
|-unboost|p1a: Great Tusk|def|1
|-unboost|p1a: Great Tusk|spd|1
|
|-weather|Sandstorm|[upkeep]
|-damage|p2a: Slowking|81/100|[from] Sandstorm
|upkeep
|turn|6
|
|t:|1769410172
|switch|p2a: Da Hotsteppah|Torkoal, F|100/100
|-damage|p2a: Da Hotsteppah|76/100|[from] Stealth Rock
|-weather|SunnyDay|[from] ability: Drought|[of] p2a: Da Hotsteppah
|-activate|p1a: Great Tusk|ability: Protosynthesis
|-start|p1a: Great Tusk|protosynthesisspe
|move|p1a: Great Tusk|Headlong Rush|p2a: Da Hotsteppah
|-supereffective|p2a: Da Hotsteppah
|-damage|p2a: Da Hotsteppah|19/100
|-unboost|p1a: Great Tusk|def|1
|-unboost|p1a: Great Tusk|spd|1
|
|-weather|SunnyDay|[upkeep]
|upkeep
|turn|7
|
|t:|1769410177
|move|p1a: Great Tusk|Headlong Rush|p2a: Da Hotsteppah
|-supereffective|p2a: Da Hotsteppah
|-damage|p2a: Da Hotsteppah|0 fnt
|-unboost|p1a: Great Tusk|def|1
|-unboost|p1a: Great Tusk|spd|1
|faint|p2a: Da Hotsteppah
|
|-weather|SunnyDay|[upkeep]
|upkeep
|
|t:|1769410182
|switch|p2a: Walking Wake|Walking Wake|100/100
|-damage|p2a: Walking Wake|88/100|[from] Stealth Rock
|-activate|p2a: Walking Wake|ability: Protosynthesis
|-start|p2a: Walking Wake|protosynthesisspe
|turn|8
|
|t:|1769410187
|move|p2a: Walking Wake|Hydro Steam|p1a: Great Tusk
|-supereffective|p1a: Great Tusk
|-damage|p1a: Great Tusk|0 fnt
|faint|p1a: Great Tusk
|-end|p1a: Great Tusk|Protosynthesis|[silent]
|
|-weather|SunnyDay|[upkeep]
|upkeep
|
|t:|1769410192
|switch|p1a: Slowking|Slowking-Galar, F|99/100
|turn|9
|
|t:|1769410195
|-terastallize|p1a: Slowking|Water
|move|p2a: Walking Wake|Hydro Steam|p1a: Slowking
|-resisted|p1a: Slowking
|-damage|p1a: Slowking|73/100
|-prepare|p1a: Slowking|Chilly Reception|[premajor]
|move|p1a: Slowking|Chilly Reception|p1a: Slowking
|-weather|Snowscape
|-end|p2a: Walking Wake|Protosynthesis
|
|t:|1769410203
|switch|p1a: Rillaboom|Rillaboom, F|100/100|[from] Chilly Reception
|-fieldstart|move: Grassy Terrain|[from] ability: Grassy Surge|[of] p1a: Rillaboom
|
|-weather|Snowscape|[upkeep]
|-heal|p2a: Walking Wake|94/100|[from] Grassy Terrain
|upkeep
|turn|10
|
|t:|1769410208
|-end|p2a: Walking Wake|Protosynthesis|[silent]
|switch|p2a: Arcanine|Arcanine-Hisui, F|100/100
|-damage|p2a: Arcanine|76/100|[from] Stealth Rock
|move|p1a: Rillaboom|U-turn|p2a: Arcanine
|-resisted|p2a: Arcanine
|-damage|p2a: Arcanine|53/100
|
|t:|1769410211
|switch|p1a: Iron Hands|Iron Hands, shiny|100/100|[from] U-turn
|
|-weather|Snowscape|[upkeep]
|-heal|p2a: Arcanine|59/100|[from] Grassy Terrain
|upkeep
|turn|11
|
|t:|1769410215
|move|p2a: Arcanine|Flare Blitz|p1a: Iron Hands
|-damage|p1a: Iron Hands|63/100
|move|p1a: Iron Hands|Drain Punch|p2a: Arcanine
|-supereffective|p2a: Arcanine
|-damage|p2a: Arcanine|0 fnt
|-heal|p1a: Iron Hands|84/100|[from] drain|[of] p2a: Arcanine
|faint|p2a: Arcanine
|
|-weather|Snowscape|[upkeep]
|-heal|p1a: Iron Hands|91/100|[from] Grassy Terrain
|upkeep
|
|t:|1769410221
|switch|p2a: Charizard|Charizard, F|100/100
|-damage|p2a: Charizard|51/100|[from] Stealth Rock
|turn|12
|
|t:|1769410226
|move|p2a: Charizard|Scorching Sands|p1a: Iron Hands
|-supereffective|p1a: Iron Hands
|-damage|p1a: Iron Hands|53/100
|move|p1a: Iron Hands|Wild Charge|p2a: Charizard
|-supereffective|p2a: Charizard
|-damage|p2a: Charizard|0 fnt
|faint|p2a: Charizard
|-damage|p1a: Iron Hands|45/100|[from] Recoil
|
|-weather|Snowscape|[upkeep]
|-heal|p1a: Iron Hands|51/100|[from] Grassy Terrain
|upkeep
|
|t:|1769410232
|switch|p2a: Walking Wake|Walking Wake|94/100
|-damage|p2a: Walking Wake|82/100|[from] Stealth Rock
|turn|13
|
|t:|1769410235
|move|p2a: Walking Wake|Draco Meteor|p1a: Iron Hands
|-damage|p1a: Iron Hands|0 fnt
|-unboost|p2a: Walking Wake|spa|2
|faint|p1a: Iron Hands
|-end|p1a: Iron Hands|Quark Drive|[silent]
|
|-weather|none
|-heal|p2a: Walking Wake|88/100|[from] Grassy Terrain
|-fieldend|move: Grassy Terrain
|upkeep
|
|t:|1769410238
|switch|p1a: Rillaboom|Rillaboom, F|100/100
|-fieldstart|move: Grassy Terrain|[from] ability: Grassy Surge|[of] p1a: Rillaboom
|turn|14
|
|t:|1769410243
|-end|p2a: Walking Wake|Protosynthesis|[silent]
|switch|p2a: Slowking|Slowking-Galar, M|100/100
|move|p1a: Rillaboom|U-turn|p2a: Slowking
|-crit|p2a: Slowking
|-damage|p2a: Slowking|40/100
|
|t:|1769410246
|switch|p1a: Hoopa|Hoopa-Unbound|100/100|[from] U-turn
|-enditem|p1a: Hoopa|Grassy Seed
|-boost|p1a: Hoopa|def|1|[from] item: Grassy Seed
|
|-heal|p2a: Slowking|46/100|[from] Grassy Terrain
|upkeep
|turn|15
|
|t:|1769410250
|switch|p2a: Tyranitar|Tyranitar, M|100/100
|-damage|p2a: Tyranitar|88/100|[from] Stealth Rock
|-weather|Sandstorm|[from] ability: Sand Stream|[of] p2a: Tyranitar
|move|p1a: Hoopa|Dark Pulse|p2a: Tyranitar
|-resisted|p2a: Tyranitar
|-damage|p2a: Tyranitar|78/100
|-item|p1a: Hoopa|Assault Vest|[from] ability: Magician|[of] p2a: Tyranitar
|
|-weather|Sandstorm|[upkeep]
|-damage|p1a: Hoopa|94/100|[from] Sandstorm
|-heal|p1a: Hoopa|100/100|[from] Grassy Terrain
|-heal|p2a: Tyranitar|84/100|[from] Grassy Terrain
|upkeep
|turn|16
|
|t:|1769410257
|switch|p2a: Slowking|Slowking-Galar, M|80/100
|move|p1a: Hoopa|Drain Punch|p2a: Slowking
|-resisted|p2a: Slowking
|-damage|p2a: Slowking|74/100
|
|-weather|Sandstorm|[upkeep]
|-damage|p1a: Hoopa|94/100|[from] Sandstorm
|-damage|p2a: Slowking|68/100|[from] Sandstorm
|-heal|p1a: Hoopa|100/100|[from] Grassy Terrain
|-heal|p2a: Slowking|74/100|[from] Grassy Terrain
|upkeep
|turn|17
|
|t:|1769410262
|-terastallize|p2a: Slowking|Water
|move|p1a: Hoopa|Dark Pulse|p2a: Slowking
|-damage|p2a: Slowking|39/100
|move|p2a: Slowking|Thunder Wave|p1a: Hoopa
|-status|p1a: Hoopa|par
|
|-weather|Sandstorm|[upkeep]
|-damage|p1a: Hoopa|94/100 par|[from] Sandstorm
|-damage|p2a: Slowking|33/100|[from] Sandstorm
|-heal|p1a: Hoopa|100/100 par|[from] Grassy Terrain
|-heal|p2a: Slowking|39/100|[from] Grassy Terrain
|upkeep
|turn|18
|
|t:|1769410270
|switch|p2a: Walking Wake|Walking Wake|88/100
|-damage|p2a: Walking Wake|76/100|[from] Stealth Rock
|move|p1a: Hoopa|Dark Pulse|p2a: Walking Wake
|-damage|p2a: Walking Wake|10/100
|
|-weather|Sandstorm|[upkeep]
|-damage|p2a: Walking Wake|4/100|[from] Sandstorm
|-damage|p1a: Hoopa|94/100 par|[from] Sandstorm
|-heal|p2a: Walking Wake|10/100|[from] Grassy Terrain
|-heal|p1a: Hoopa|100/100 par|[from] Grassy Terrain
|-fieldend|move: Grassy Terrain
|upkeep
|turn|19
|
|t:|1769410272
|move|p2a: Walking Wake|Draco Meteor|p1a: Hoopa
|-damage|p1a: Hoopa|47/100 par
|-unboost|p2a: Walking Wake|spa|2
|move|p1a: Hoopa|Dark Pulse|p2a: Walking Wake
|-damage|p2a: Walking Wake|0 fnt
|faint|p2a: Walking Wake
|-end|p2a: Walking Wake|Protosynthesis|[silent]
|
|-weather|none
|upkeep
|
|t:|1769410276
|switch|p2a: Tyranitar|Tyranitar, M|84/100
|-damage|p2a: Tyranitar|72/100|[from] Stealth Rock
|-weather|Sandstorm|[from] ability: Sand Stream|[of] p2a: Tyranitar
|turn|20
|
|t:|1769410279
|move|p2a: Tyranitar|Stone Edge|p1a: Hoopa
|-damage|p1a: Hoopa|0 fnt
|faint|p1a: Hoopa
|
|-weather|Sandstorm|[upkeep]
|upkeep
|
|t:|1769410284
|switch|p1a: Rillaboom|Rillaboom, F|100/100
|-fieldstart|move: Grassy Terrain|[from] ability: Grassy Surge|[of] p1a: Rillaboom
|turn|21
|
|t:|1769410288
|switch|p2a: Slowking|Slowking-Galar, M, tera:Water|73/100
|move|p1a: Rillaboom|Grassy Glide|p2a: Slowking
|-supereffective|p2a: Slowking
|-damage|p2a: Slowking|0 fnt
|faint|p2a: Slowking
|
|-weather|Sandstorm|[upkeep]
|-damage|p1a: Rillaboom|94/100|[from] Sandstorm
|-heal|p1a: Rillaboom|100/100|[from] Grassy Terrain
|upkeep
|
|t:|1769410290
|switch|p2a: Tyranitar|Tyranitar, M|72/100
|-damage|p2a: Tyranitar|60/100|[from] Stealth Rock
|turn|22
|
|t:|1769410292
|move|p1a: Rillaboom|Grassy Glide|p2a: Tyranitar
|-supereffective|p2a: Tyranitar
|-damage|p2a: Tyranitar|0 fnt
|faint|p2a: Tyranitar
|
|win|vacineee
|raw|vacineee's rating: 1515 &rarr; <strong>1532</strong><br />(+17 for winning)
|raw|sumni i's rating: 1454 &rarr; <strong>1437</strong><br />(-17 for losing)
|l|☆sumni i
|player|p2|
|l|☆vacineee
|player|p1|
