|j|☆Unscripted testing
|j|☆suprya
|t:|1769387591
|gametype|singles
|player|p1|Unscripted testing|caitlin-masters|1637
|player|p2|suprya|wattson|1670
|gen|9
|tier|[Gen 9] OU
|rated|
|rule|HP Percentage Mod: HP is shown in percentages
|rule|Endless Battle Clause: Forcing endless battles is banned
|rule|Species Clause: Limit one of each Pokémon
|rule|OHKO Clause: OHKO moves are banned
|rule|Evasion Items Clause: Evasion items are banned
|rule|Evasion Moves Clause: Evasion moves are banned
|rule|Evasion Abilities Clause: Evasion abilities are banned
|rule|Sleep Moves Clause: Sleep-inducing moves are banned
|clearpoke
|poke|p1|Tinkaton, F|
|poke|p1|Ogerpon, F|
|poke|p1|Great Tusk|
|poke|p1|Pecharunt|
|poke|p1|Alomomola, M|
|poke|p1|Hydreigon, M|
|poke|p2|Jolteon, M|
|poke|p2|Dragapult, F|
|poke|p2|Heatran, F|
|poke|p2|Gliscor, M|
|poke|p2|Alomomola, M|
|poke|p2|Zarude|
|teampreview
|inactive|Battle timer is ON: inactive players will automatically lose when time's up. (requested by suprya)
|inactive|Unscripted testing has 120 seconds left.
|inactive|suprya has 120 seconds left.
|l|☆Unscripted testing
|inactive|Unscripted testing disconnected and has a minute to reconnect!
|player|p1|
|
|t:|1769387631
|teamsize|p1|6
|teamsize|p2|6
|start
|switch|p1a: Smile.exe|Tinkaton, F, shiny|100/100
|switch|p2a: Heatran|Heatran, F|100/100
|-item|p1a: Smile.exe|Air Balloon
|turn|1
|j|☆Unscripted testing
|inactive|Unscripted testing reconnected and has 150 seconds left.
|player|p1|Unscripted testing|caitlin-masters|
|
|t:|1769387636
|move|p1a: Smile.exe|Stealth Rock|p2a: Heatran
|-sidestart|p2: suprya|move: Stealth Rock
|move|p2a: Heatran|Magma Storm|p1a: Smile.exe
|-supereffective|p1a: Smile.exe
|-damage|p1a: Smile.exe|17/100
|-activate|p1a: Smile.exe|move: Magma Storm|[of] p2a: Heatran
|-enditem|p1a: Smile.exe|Air Balloon
|
|-damage|p1a: Smile.exe|5/100|[from] move: Magma Storm|[partiallytrapped]
|upkeep
|turn|2
|
|t:|1769387642
|move|p1a: Smile.exe|Encore|p2a: Heatran
|-start|p2a: Heatran|Encore
|move|p2a: Heatran|Magma Storm|p1a: Smile.exe
|-supereffective|p1a: Smile.exe
|-damage|p1a: Smile.exe|0 fnt
|faint|p1a: Smile.exe
|
|upkeep
|l|☆Unscripted testing
|inactive|Unscripted testing disconnected and has a minute to reconnect!
|player|p1|
|j|☆Unscripted testing
|inactive|Unscripted testing reconnected and has 140 seconds left.
|player|p1|Unscripted testing|caitlin-masters|
|
|t:|1769387655
|switch|p1a: Hybrid|Hydreigon, M, shiny|100/100
|turn|3
|
|t:|1769387678
|switch|p2a: Zarude|Zarude|100/100
|move|p1a: Hybrid|Dark Pulse|p2a: Zarude
|-resisted|p2a: Zarude
|-damage|p2a: Zarude|75/100
|
|upkeep
|turn|4
|
|t:|1769387685
|switch|p1a: Behemoth|Great Tusk, shiny|100/100
|move|p2a: Zarude|Knock Off|p1a: Behemoth
|-resisted|p1a: Behemoth
|-damage|p1a: Behemoth|86/100
|-enditem|p1a: Behemoth|Heavy-Duty Boots|[from] move: Knock Off|[of] p2a: Zarude
|
|upkeep
|turn|5
|
|t:|1769387692
|move|p2a: Zarude|Power Whip|p1a: Behemoth
|-supereffective|p1a: Behemoth
|-damage|p1a: Behemoth|17/100
|move|p1a: Behemoth|Ice Spinner|p2a: Zarude
|-supereffective|p2a: Zarude
|-damage|p2a: Zarude|34/100
|
|upkeep
|turn|6
|
|t:|1769387703
|-end|p1a: Behemoth|Protosynthesis|[silent]
|switch|p1a: Anonymous|Ogerpon, F|100/100
|move|p2a: Zarude|Low Kick|p1a: Anonymous
|-damage|p1a: Anonymous|78/100
|
|upkeep
|turn|7
|
|t:|1769387710
|switch|p2a: Heatran|Heatran, F|100/100
|move|p1a: Anonymous|U-turn|p2a: Heatran
|-resisted|p2a: Heatran
|-damage|p2a: Heatran|95/100
|
|t:|1769387712
|switch|p1a: Hybrid|Hydreigon, M, shiny|100/100|[from] U-turn
|
|upkeep
|turn|8
|
|t:|1769387720
|move|p1a: Hybrid|Earth Power|p2a: Heatran
|-supereffective|p2a: Heatran
|-damage|p2a: Heatran|0 fnt
|faint|p2a: Heatran
|
|upkeep
|
|t:|1769387723
|switch|p2a: Gliscor|Gliscor, M|100/100
|-damage|p2a: Gliscor|88/100|[from] Stealth Rock
|turn|9
|
|t:|1769387728
|switch|p1a: Behemoth|Great Tusk, shiny|17/100
|move|p2a: Gliscor|Toxic|p1a: Behemoth
|-status|p1a: Behemoth|tox
|
|-damage|p1a: Behemoth|11/100 tox|[from] psn
|-status|p2a: Gliscor|tox|[from] item: Toxic Orb
|upkeep
|turn|10
|
|t:|1769387734
|move|p2a: Gliscor|Protect|p2a: Gliscor
|-singleturn|p2a: Gliscor|Protect
|move|p1a: Behemoth|Ice Spinner|p2a: Gliscor
|-activate|p2a: Gliscor|move: Protect
|
|-damage|p1a: Behemoth|0 fnt|[from] psn
|faint|p1a: Behemoth
|-end|p1a: Behemoth|Protosynthesis|[silent]
|-heal|p2a: Gliscor|100/100 tox|[from] ability: Poison Heal
|upkeep
|
|t:|1769387738
|switch|p1a: Anonymous|Ogerpon, F|78/100
|turn|11
|
|t:|1769387753
|move|p1a: Anonymous|U-turn|p2a: Gliscor
|-resisted|p2a: Gliscor
|-damage|p2a: Gliscor|87/100 tox
|
|t:|1769387756
|switch|p1a: Overseer|Pecharunt|100/100|[from] U-turn
|move|p2a: Gliscor|Toxic|p1a: Overseer
|-immune|p1a: Overseer
|
|-heal|p2a: Gliscor|99/100 tox|[from] ability: Poison Heal
|upkeep
|turn|12
|
|t:|1769387759
|move|p2a: Gliscor|Knock Off|p1a: Overseer
|-supereffective|p1a: Overseer
|-damage|p1a: Overseer|82/100
|-damage|p2a: Gliscor|83/100 tox|[from] item: Rocky Helmet|[of] p1a: Overseer
|-enditem|p1a: Overseer|Rocky Helmet|[from] move: Knock Off|[of] p2a: Gliscor
|move|p1a: Overseer|Shadow Ball|p2a: Gliscor
|-damage|p2a: Gliscor|64/100 tox
|
|-heal|p2a: Gliscor|76/100 tox|[from] ability: Poison Heal
|upkeep
|turn|13
|
|t:|1769387771
|move|p2a: Gliscor|Toxic|p1a: Overseer
|-immune|p1a: Overseer
|move|p1a: Overseer|Shadow Ball|p2a: Gliscor
|-damage|p2a: Gliscor|55/100 tox
|-unboost|p2a: Gliscor|spd|1
|
|-heal|p2a: Gliscor|68/100 tox|[from] ability: Poison Heal
|upkeep
|turn|14
|
|t:|1769387776
|move|p2a: Gliscor|Protect|p2a: Gliscor
|-singleturn|p2a: Gliscor|Protect
|move|p1a: Overseer|Recover|p1a: Overseer
|-heal|p1a: Overseer|100/100
|
|-heal|p2a: Gliscor|80/100 tox|[from] ability: Poison Heal
|upkeep
|turn|15
|
|t:|1769387790
|switch|p2a: Alomomola|Alomomola, M|100/100
|move|p1a: Overseer|Parting Shot|p2a: Alomomola
|-unboost|p2a: Alomomola|atk|1
|-unboost|p2a: Alomomola|spa|1
|
|t:|1769387796
|switch|p1a: Anonymous|Ogerpon, F|78/100|[from] Parting Shot
|
|upkeep
|turn|16
|
|t:|1769387807
|move|p2a: Alomomola|Protect|p2a: Alomomola
|-singleturn|p2a: Alomomola|Protect
|move|p1a: Anonymous|Ivy Cudgel|p2a: Alomomola
|-activate|p2a: Alomomola|move: Protect
|
|upkeep
|turn|17
|
|t:|1769387827
|-terastallize|p2a: Alomomola|Poison
|move|p1a: Anonymous|Ivy Cudgel|p2a: Alomomola
|-resisted|p2a: Alomomola
|-damage|p2a: Alomomola|77/100
|move|p2a: Alomomola|Wish|p2a: Alomomola
|
|upkeep
|turn|18
|
|t:|1769387832
|switch|p1a: Hybrid|Hydreigon, M, shiny|100/100
|move|p2a: Alomomola|Flip Turn|p1a: Hybrid
|-resisted|p1a: Hybrid
|-damage|p1a: Hybrid|94/100
|
|t:|1769387839
|switch|p2a: Zarude|Zarude|34/100|[from] Flip Turn
|
|-heal|p2a: Zarude|91/100|[from] move: Wish|[wisher] Alomomola
|upkeep
|turn|19
|
|t:|1769387844
|move|p2a: Zarude|Low Kick|p1a: Hybrid
|-supereffective|p1a: Hybrid
|-damage|p1a: Hybrid|33/100
|move|p1a: Hybrid|Draco Meteor|p2a: Zarude
|-damage|p2a: Zarude|8/100
|-unboost|p1a: Hybrid|spa|2
|
|upkeep
|turn|20
|l|☆Unscripted testing
|inactive|Unscripted testing disconnected and has a minute to reconnect!
|player|p1|
|j|☆Unscripted testing
|inactive|Unscripted testing reconnected and has 140 seconds left.
|player|p1|Unscripted testing|caitlin-masters|
|
|t:|1769387859
|move|p2a: Zarude|Low Kick|p1a: Hybrid
|-supereffective|p1a: Hybrid
|-damage|p1a: Hybrid|0 fnt
|faint|p1a: Hybrid
|
|upkeep
|
|t:|1769387860
|switch|p1a: Anonymous|Ogerpon, F|78/100
|turn|21
|
|t:|1769387867
|switch|p2a: Alomomola|Alomomola, M, tera:Poison|100/100
|move|p1a: Anonymous|Knock Off|p2a: Alomomola
|-damage|p2a: Alomomola|71/100
|-enditem|p2a: Alomomola|Heavy-Duty Boots|[from] move: Knock Off|[of] p1a: Anonymous
|
|upkeep
|turn|22
|-message|Unscripted testing forfeited.
|
|win|suprya
|raw|Unscripted testing's rating: 1637 &rarr; <strong>1619</strong><br />(-18 for losing)
|raw|suprya's rating: 1670 &rarr; <strong>1688</strong><br />(+18 for winning)
|l|☆Unscripted testing
|player|p1|
|l|☆suprya
|player|p2|
