|j|☆borill
|j|☆Steeledanenjoyer
|t:|1769331754
|gametype|singles
|player|p1|borill|170|1157
|player|p2|Steeledanenjoyer|musician|1192
|gen|9
|tier|[Gen 9] OU
|rated|
|rule|HP Percentage Mod: HP is shown in percentages
|rule|Endless Battle Clause: Forcing endless battles is banned
|rule|Species Clause: Limit one of each Pokémon
|rule|OHKO Clause: OHKO moves are banned
|rule|Evasion Items Clause: Evasion items are banned
|rule|Evasion Moves Clause: Evasion moves are banned
|rule|Evasion Abilities Clause: Evasion abilities are banned
|rule|Sleep Moves Clause: Sleep-inducing moves are banned
|clearpoke
|poke|p1|Deoxys-Defense|
|poke|p1|Great Tusk|
|poke|p1|Zamazenta-*|
|poke|p1|Corviknight, F|
|poke|p1|Grimmsnarl, M|
|poke|p1|Kingambit, M|
|poke|p2|Enamorus, F|
|poke|p2|Ogerpon-Wellspring, F|
|poke|p2|Iron Crown|
|poke|p2|Iron Hands|
|poke|p2|Glimmora, M|
|poke|p2|Ursaluna, M|
|teampreview
|
|t:|1769331780
|teamsize|p1|6
|teamsize|p2|6
|start
|switch|p1a: Grimmsnarl|Grimmsnarl, M|100/100
|switch|p2a: Ogerpon|Ogerpon-Wellspring, F|100/100
|turn|1
|
|t:|1769331786
|move|p1a: Grimmsnarl|Reflect|p1a: Grimmsnarl
|-sidestart|p1: borill|Reflect
|move|p2a: Ogerpon|Knock Off|p1a: Grimmsnarl
|-resisted|p1a: Grimmsnarl
|-damage|p1a: Grimmsnarl|94/100
|-enditem|p1a: Grimmsnarl|Light Clay|[from] move: Knock Off|[of] p2a: Ogerpon
|
|upkeep
|turn|2
|
|t:|1769331792
|move|p1a: Grimmsnarl|Light Screen|p1a: Grimmsnarl
|-sidestart|p1: borill|move: Light Screen
|move|p2a: Ogerpon|Spikes|p1a: Grimmsnarl
|-sidestart|p1: borill|Spikes
|
|upkeep
|turn|3
|
|t:|1769331795
|move|p1a: Grimmsnarl|Parting Shot|p2a: Ogerpon
|-unboost|p2a: Ogerpon|atk|1
|-unboost|p2a: Ogerpon|spa|1
|
|t:|1769331807
|switch|p1a: Deoxys|Deoxys-Defense|100/100|[from] Parting Shot
|-damage|p1a: Deoxys|88/100|[from] Spikes
|-ability|p1a: Deoxys|Pressure
|move|p2a: Ogerpon|U-turn|p1a: Deoxys
|-supereffective|p1a: Deoxys
|-crit|p1a: Deoxys
|-damage|p1a: Deoxys|29/100
|
|t:|1769331826
|switch|p2a: Iron Crown|Iron Crown|100/100|[from] U-turn
|
|-heal|p1a: Deoxys|35/100|[from] item: Leftovers
|upkeep
|turn|4
|
|t:|1769331835
|move|p2a: Iron Crown|Tachyon Cutter|p1a: Deoxys
|-damage|p1a: Deoxys|22/100
|-damage|p1a: Deoxys|9/100
|-hitcount|p1a: Deoxys|2
|move|p1a: Deoxys|Recover|p1a: Deoxys
|-heal|p1a: Deoxys|59/100
|
|-heal|p1a: Deoxys|65/100|[from] item: Leftovers
|upkeep
|turn|5
|
|t:|1769331844
|move|p2a: Iron Crown|Tachyon Cutter|p1a: Deoxys
|-damage|p1a: Deoxys|50/100
|-damage|p1a: Deoxys|36/100
|-hitcount|p1a: Deoxys|2
|move|p1a: Deoxys|Cosmic Power|p1a: Deoxys
|-boost|p1a: Deoxys|def|1
|-boost|p1a: Deoxys|spd|1
|
|-heal|p1a: Deoxys|42/100|[from] item: Leftovers
|upkeep
|turn|6
|
|t:|1769331853
|move|p2a: Iron Crown|Tachyon Cutter|p1a: Deoxys
|-damage|p1a: Deoxys|32/100
|-damage|p1a: Deoxys|23/100
|-hitcount|p1a: Deoxys|2
|move|p1a: Deoxys|Recover|p1a: Deoxys
|-heal|p1a: Deoxys|73/100
|
|-heal|p1a: Deoxys|79/100|[from] item: Leftovers
|-sideend|p1: borill|move: Light Screen
|upkeep
|turn|7
|
|t:|1769331863
|move|p2a: Iron Crown|Tachyon Cutter|p1a: Deoxys
|-damage|p1a: Deoxys|59/100
|-damage|p1a: Deoxys|39/100
|-hitcount|p1a: Deoxys|2
|move|p1a: Deoxys|Cosmic Power|p1a: Deoxys
|-boost|p1a: Deoxys|def|1
|-boost|p1a: Deoxys|spd|1
|
|-heal|p1a: Deoxys|45/100|[from] item: Leftovers
|upkeep
|turn|8
|
|t:|1769331874
|move|p2a: Iron Crown|Tachyon Cutter|p1a: Deoxys
|-damage|p1a: Deoxys|31/100
|-damage|p1a: Deoxys|17/100
|-hitcount|p1a: Deoxys|2
|move|p1a: Deoxys|Recover|p1a: Deoxys
|-heal|p1a: Deoxys|67/100
|
|-heal|p1a: Deoxys|73/100|[from] item: Leftovers
|-sideend|p1: borill|Reflect
|upkeep
|turn|9
|
|t:|1769331884
|-end|p2a: Iron Crown|Quark Drive|[silent]
|switch|p2a: Ogerpon|Ogerpon-Wellspring, F|100/100
|move|p1a: Deoxys|Cosmic Power|p1a: Deoxys
|-boost|p1a: Deoxys|def|1
|-boost|p1a: Deoxys|spd|1
|
|-heal|p1a: Deoxys|79/100|[from] item: Leftovers
|upkeep
|turn|10
|
|t:|1769331894
|-terastallize|p2a: Ogerpon|Water
|detailschange|p2a: Ogerpon|Ogerpon-Wellspring-Tera, F, tera:Water
|-ability|p2a: Ogerpon|Embody Aspect (Wellspring)|boost
|-boost|p2a: Ogerpon|spd|1
|move|p2a: Ogerpon|Knock Off|p1a: Deoxys
|-supereffective|p1a: Deoxys
|-damage|p1a: Deoxys|55/100
|-enditem|p1a: Deoxys|Leftovers|[from] move: Knock Off|[of] p2a: Ogerpon
|move|p1a: Deoxys|Nasty Plot|p1a: Deoxys
|-boost|p1a: Deoxys|spa|2
|
|upkeep
|turn|11
|
|t:|1769331906
|move|p2a: Ogerpon|Ivy Cudgel|p1a: Deoxys|[anim] Ivy Cudgel Water
|-damage|p1a: Deoxys|33/100
|move|p1a: Deoxys|Nasty Plot|p1a: Deoxys
|-boost|p1a: Deoxys|spa|2
|
|upkeep
|turn|12
|
|t:|1769331922
|move|p2a: Ogerpon|U-turn|p1a: Deoxys
|-supereffective|p1a: Deoxys
|-damage|p1a: Deoxys|16/100
|
|t:|1769331930
|switch|p2a: Glimmora|Glimmora, M|100/100|[from] U-turn
|move|p1a: Deoxys|Recover|p1a: Deoxys
|-heal|p1a: Deoxys|66/100
|
|upkeep
|turn|13
|
|t:|1769331942
|move|p1a: Deoxys|Stored Power|p2a: Glimmora
|-supereffective|p2a: Glimmora
|-damage|p2a: Glimmora|0 fnt
|faint|p2a: Glimmora
|
|upkeep
|
|t:|1769331951
|switch|p2a: Ogerpon|Ogerpon-Wellspring-Tera, F, tera:Water|100/100
|-ability|p2a: Ogerpon|Embody Aspect (Wellspring)|boost
|-boost|p2a: Ogerpon|spd|1
|turn|14
|
|t:|1769331957
|move|p2a: Ogerpon|Ivy Cudgel|p1a: Deoxys|[anim] Ivy Cudgel Water
|-damage|p1a: Deoxys|41/100
|move|p1a: Deoxys|Stored Power|p2a: Ogerpon
|-damage|p2a: Ogerpon|0 fnt
|faint|p2a: Ogerpon
|detailschange|p2: Ogerpon|Ogerpon-Wellspring, F|[silent]
|
|upkeep
|
|t:|1769331970
|switch|p2a: Enamorus|Enamorus, F|100/100
|turn|15
|
|t:|1769331975
|-terastallize|p1a: Deoxys|Psychic
|move|p2a: Enamorus|Mystical Fire|p1a: Deoxys
|-damage|p1a: Deoxys|33/100
|-unboost|p1a: Deoxys|spa|1
|move|p1a: Deoxys|Stored Power|p2a: Enamorus
|-damage|p2a: Enamorus|0 fnt
|faint|p2a: Enamorus
|
|upkeep
|
|t:|1769331980
|switch|p2a: Iron Crown|Iron Crown|100/100
|turn|16
|
|t:|1769331986
|move|p2a: Iron Crown|Tachyon Cutter|p1a: Deoxys
|-damage|p1a: Deoxys|20/100
|-crit|p1a: Deoxys
|-damage|p1a: Deoxys|0 fnt
|faint|p1a: Deoxys
|-hitcount|p1: Deoxys|2
|
|upkeep
|
|t:|1769331994
|switch|p1a: Zamazenta|Zamazenta|100/100
|-damage|p1a: Zamazenta|88/100|[from] Spikes
|-ability|p1a: Zamazenta|Dauntless Shield|boost
|-boost|p1a: Zamazenta|def|1
|turn|17
|
|t:|1769332000
|-end|p2a: Iron Crown|Quark Drive|[silent]
|switch|p2a: Iron Hands|Iron Hands|100/100
|-enditem|p2a: Iron Hands|Booster Energy
|-activate|p2a: Iron Hands|ability: Quark Drive|[fromitem]
|-start|p2a: Iron Hands|quarkdriveatk
|move|p1a: Zamazenta|Body Press|p2a: Iron Hands
|-crit|p2a: Iron Hands
|-damage|p2a: Iron Hands|41/100
|-damage|p1a: Zamazenta|78/100|[from] item: Life Orb
|
|upkeep
|turn|18
|
|t:|1769332009
|move|p1a: Zamazenta|Play Rough|p2a: Iron Hands
|-supereffective|p2a: Iron Hands
|-damage|p2a: Iron Hands|0 fnt
|faint|p2a: Iron Hands
|-end|p2a: Iron Hands|Quark Drive|[silent]
|-damage|p1a: Zamazenta|69/100|[from] item: Life Orb
|
|upkeep
|
|t:|1769332019
|switch|p2a: Iron Crown|Iron Crown|100/100
|turn|19
|
|t:|1769332025
|move|p1a: Zamazenta|Body Press|p2a: Iron Crown
|-damage|p2a: Iron Crown|34/100
|-damage|p1a: Zamazenta|59/100|[from] item: Life Orb
|move|p2a: Iron Crown|Psychic Noise|p1a: Zamazenta
|-supereffective|p1a: Zamazenta
|-damage|p1a: Zamazenta|0 fnt
|faint|p1a: Zamazenta
|
|upkeep
|
|t:|1769332035
|switch|p1a: Grimmsnarl|Grimmsnarl, M|94/100
|-damage|p1a: Grimmsnarl|82/100|[from] Spikes
|turn|20
|
|t:|1769332041
|-end|p2a: Iron Crown|Quark Drive|[silent]
|switch|p2a: Ursaluna|Ursaluna, M|100/100
|move|p1a: Grimmsnarl|Light Screen|p1a: Grimmsnarl
|-sidestart|p1: borill|move: Light Screen
|
|upkeep
|turn|21
|
|t:|1769332046
|move|p1a: Grimmsnarl|Reflect|p1a: Grimmsnarl
|-sidestart|p1: borill|Reflect
|move|p2a: Ursaluna|Bulk Up|p2a: Ursaluna
|-boost|p2a: Ursaluna|atk|1
|-boost|p2a: Ursaluna|def|1
|
|upkeep
|turn|22
|
|t:|1769332056
|move|p1a: Grimmsnarl|Parting Shot|p2a: Ursaluna
|-unboost|p2a: Ursaluna|atk|1
|-unboost|p2a: Ursaluna|spa|1
|
|t:|1769332065
|switch|p1a: Great Tusk|Great Tusk|100/100|[from] Parting Shot
|-damage|p1a: Great Tusk|88/100|[from] Spikes
|-enditem|p1a: Great Tusk|Booster Energy
|-activate|p1a: Great Tusk|ability: Protosynthesis|[fromitem]
|-start|p1a: Great Tusk|protosynthesisatk
|move|p2a: Ursaluna|Bulk Up|p2a: Ursaluna
|-boost|p2a: Ursaluna|atk|1
|-boost|p2a: Ursaluna|def|1
|
|upkeep
|turn|23
|
|t:|1769332085
|move|p1a: Great Tusk|Head Smash|p2a: Ursaluna
|-resisted|p2a: Ursaluna
|-damage|p2a: Ursaluna|88/100
|-damage|p1a: Great Tusk|81/100|[from] Recoil
|move|p2a: Ursaluna|Bulk Up|p2a: Ursaluna
|-boost|p2a: Ursaluna|atk|1
|-boost|p2a: Ursaluna|def|1
|
|-heal|p2a: Ursaluna|94/100|[from] item: Leftovers
|upkeep
|turn|24
|
|t:|1769332094
|move|p1a: Great Tusk|Rapid Spin|p2a: Ursaluna
|-damage|p2a: Ursaluna|87/100
|-boost|p1a: Great Tusk|spe|1
|-sideend|p1: borill|Spikes|[from] move: Rapid Spin|[of] p1a: Great Tusk
|move|p2a: Ursaluna|Bulk Up|p2a: Ursaluna
|-boost|p2a: Ursaluna|atk|1
|-boost|p2a: Ursaluna|def|1
|
|-heal|p2a: Ursaluna|93/100|[from] item: Leftovers
|-sideend|p1: borill|move: Light Screen
|upkeep
|turn|25
|
|t:|1769332105
|move|p1a: Great Tusk|Earthquake|p2a: Ursaluna
|-damage|p2a: Ursaluna|77/100
|move|p2a: Ursaluna|Bulk Up|p2a: Ursaluna
|-boost|p2a: Ursaluna|atk|1
|-boost|p2a: Ursaluna|def|1
|
|-heal|p2a: Ursaluna|83/100|[from] item: Leftovers
|-sideend|p1: borill|Reflect
|upkeep
|turn|26
|
|t:|1769332120
|-end|p1a: Great Tusk|Protosynthesis|[silent]
|switch|p1a: Corviknight|Corviknight, F|100/100
|-ability|p1a: Corviknight|Pressure
|move|p2a: Ursaluna|Body Slam|p1a: Corviknight
|-resisted|p1a: Corviknight
|-damage|p1a: Corviknight|63/100
|
|-heal|p2a: Ursaluna|89/100|[from] item: Leftovers
|upkeep
|turn|27
|
|t:|1769332133
|move|p1a: Corviknight|Roost|p1a: Corviknight
|-heal|p1a: Corviknight|100/100
|-singleturn|p1a: Corviknight|move: Roost
|move|p2a: Ursaluna|Body Slam|p1a: Corviknight
|-resisted|p1a: Corviknight
|-damage|p1a: Corviknight|64/100
|
|-heal|p2a: Ursaluna|95/100|[from] item: Leftovers
|upkeep
|turn|28
|
|t:|1769332142
|move|p1a: Corviknight|Iron Defense|p1a: Corviknight
|-boost|p1a: Corviknight|def|2
|move|p2a: Ursaluna|Headlong Rush|p1a: Corviknight
|-immune|p1a: Corviknight
|
|-heal|p2a: Ursaluna|100/100|[from] item: Leftovers
|upkeep
|turn|29
|
|t:|1769332149
|move|p1a: Corviknight|Iron Defense|p1a: Corviknight
|-boost|p1a: Corviknight|def|2
|move|p2a: Ursaluna|Body Slam|p1a: Corviknight
|-resisted|p1a: Corviknight
|-damage|p1a: Corviknight|50/100
|
|upkeep
|turn|30
|
|t:|1769332158
|move|p1a: Corviknight|Iron Defense|p1a: Corviknight
|-boost|p1a: Corviknight|def|2
|move|p2a: Ursaluna|Bulk Up|p2a: Ursaluna
|-boost|p2a: Ursaluna|atk|1
|-boost|p2a: Ursaluna|def|1
|
|upkeep
|turn|31
|
|t:|1769332171
|move|p1a: Corviknight|Body Press|p2a: Ursaluna
|-supereffective|p2a: Ursaluna
|-damage|p2a: Ursaluna|66/100
|move|p2a: Ursaluna|Headlong Rush|p1a: Corviknight
|-immune|p1a: Corviknight
|
|-heal|p2a: Ursaluna|72/100|[from] item: Leftovers
|upkeep
|turn|32
|
|t:|1769332178
|move|p1a: Corviknight|Roost|p1a: Corviknight
|-heal|p1a: Corviknight|99/100
|-singleturn|p1a: Corviknight|move: Roost
|move|p2a: Ursaluna|Roar|p1a: Corviknight
|drag|p1a: Grimmsnarl|Grimmsnarl, M|82/100
|
|-heal|p2a: Ursaluna|78/100|[from] item: Leftovers
|upkeep
|turn|33
|
|t:|1769332188
|move|p1a: Grimmsnarl|Reflect|p1a: Grimmsnarl
|-sidestart|p1: borill|Reflect
|move|p2a: Ursaluna|Body Slam|p1a: Grimmsnarl
|-damage|p1a: Grimmsnarl|0 fnt
|faint|p1a: Grimmsnarl
|
|-heal|p2a: Ursaluna|84/100|[from] item: Leftovers
|upkeep
|
|t:|1769332201
|switch|p1a: Corviknight|Corviknight, F|99/100
|-ability|p1a: Corviknight|Pressure
|turn|34
|
|t:|1769332207
|move|p1a: Corviknight|Iron Defense|p1a: Corviknight
|-boost|p1a: Corviknight|def|2
|move|p2a: Ursaluna|Roar|p1a: Corviknight
|drag|p1a: Great Tusk|Great Tusk|81/100
|
|-heal|p2a: Ursaluna|90/100|[from] item: Leftovers
|upkeep
|turn|35
|
|t:|1769332215
|move|p1a: Great Tusk|Stealth Rock|p2a: Ursaluna
|-sidestart|p2: Steeledanenjoyer|move: Stealth Rock
|move|p2a: Ursaluna|Body Slam|p1a: Great Tusk
|-damage|p1a: Great Tusk|30/100
|
|-heal|p2a: Ursaluna|96/100|[from] item: Leftovers
|upkeep
|turn|36
|c|☆borill|do i get you to run out of thirty five roars
|
|t:|1769332237
|-end|p1a: Great Tusk|Protosynthesis|[silent]
|switch|p1a: Corviknight|Corviknight, F|99/100
|-ability|p1a: Corviknight|Pressure
|move|p2a: Ursaluna|Body Slam|p1a: Corviknight
|-resisted|p1a: Corviknight
|-damage|p1a: Corviknight|79/100
|-status|p1a: Corviknight|par
|
|-heal|p2a: Ursaluna|100/100|[from] item: Leftovers
|upkeep
|turn|37
|
|t:|1769332247
|move|p1a: Corviknight|Iron Defense|p1a: Corviknight
|-boost|p1a: Corviknight|def|2
|move|p2a: Ursaluna|Roar|p1a: Corviknight
|drag|p1a: Great Tusk|Great Tusk|30/100
|
|-sideend|p1: borill|Reflect
|upkeep
|turn|38
|
|t:|1769332254
|-end|p1a: Great Tusk|Protosynthesis|[silent]
|switch|p1a: Corviknight|Corviknight, F|79/100 par
|-ability|p1a: Corviknight|Pressure
|move|p2a: Ursaluna|Body Slam|p1a: Corviknight
|-resisted|p1a: Corviknight
|-damage|p1a: Corviknight|32/100 par
|
|upkeep
|turn|39
|
|t:|1769332264
|move|p2a: Ursaluna|Body Slam|p1a: Corviknight
|-resisted|p1a: Corviknight
|-damage|p1a: Corviknight|0 fnt
|faint|p1a: Corviknight
|
|upkeep
|
|t:|1769332269
|switch|p1a: Kingambit|Kingambit, M|100/100
|-activate|p1a: Kingambit|ability: Supreme Overlord
|-start|p1a: Kingambit|fallen4|[silent]
|turn|40
|
|t:|1769332297
|move|p1a: Kingambit|Kowtow Cleave|p2a: Ursaluna
|-damage|p2a: Ursaluna|86/100
|move|p2a: Ursaluna|Headlong Rush|p1a: Kingambit
|-supereffective|p1a: Kingambit
|-damage|p1a: Kingambit|0 fnt
|-unboost|p2a: Ursaluna|def|1
|-unboost|p2a: Ursaluna|spd|1
|faint|p1a: Kingambit
|-end|p1a: Kingambit|fallen4|[silent]
|
|-heal|p2a: Ursaluna|92/100|[from] item: Leftovers
|upkeep
|
|t:|1769332307
|switch|p1a: Great Tusk|Great Tusk|30/100
|turn|41
|
|t:|1769332312
|move|p1a: Great Tusk|Head Smash|p2a: Ursaluna|[miss]
|-miss|p1a: Great Tusk|p2a: Ursaluna
|move|p2a: Ursaluna|Body Slam|p1a: Great Tusk
|-damage|p1a: Great Tusk|0 fnt
|faint|p1a: Great Tusk
|-end|p1a: Great Tusk|Protosynthesis|[silent]
|
|win|Steeledanenjoyer
|raw|borill's rating: 1157 &rarr; <strong>1135</strong><br />(-22 for losing)
|raw|Steeledanenjoyer's rating: 1192 &rarr; <strong>1214</strong><br />(+22 for winning)
|l|☆borill
|player|p1|
|l|☆Steeledanenjoyer
|player|p2|
