|j|☆DiceyRice
|j|☆Trainer #39
|t:|1769424124
|gametype|singles
|player|p1|DiceyRice|miku-ghost|1555
|player|p2|Trainer #39|bugsy|1636
|gen|9
|tier|[Gen 9] OU
|rated|
|rule|HP Percentage Mod: HP is shown in percentages
|rule|Endless Battle Clause: Forcing endless battles is banned
|rule|Species Clause: Limit one of each Pokémon
|rule|OHKO Clause: OHKO moves are banned
|rule|Evasion Items Clause: Evasion items are banned
|rule|Evasion Moves Clause: Evasion moves are banned
|rule|Evasion Abilities Clause: Evasion abilities are banned
|rule|Sleep Moves Clause: Sleep-inducing moves are banned
|clearpoke
|poke|p1|Clefable, M|
|poke|p1|Gliscor, F|
|poke|p1|Pecharunt|
|poke|p1|Zamazenta-*|
|poke|p1|Darkrai|
|poke|p1|Alomomola, F|
|poke|p2|Blissey, F|
|poke|p2|Corviknight, M|
|poke|p2|Dondozo, M|
|poke|p2|Gliscor, M|
|poke|p2|Clefable, M|
|poke|p2|Slowking-Galar, M|
|teampreview
|
|t:|1769424132
|teamsize|p1|6
|teamsize|p2|6
|start
|switch|p1a: Darkrai|Darkrai|100/100
|switch|p2a: Free Palestine|Gliscor, M|100/100
|turn|1
|
|t:|1769424136
|move|p2a: Free Palestine|Protect|p2a: Free Palestine
|-singleturn|p2a: Free Palestine|Protect
|move|p1a: Darkrai|Will-O-Wisp|p2a: Free Palestine
|-activate|p2a: Free Palestine|move: Protect
|
|-status|p2a: Free Palestine|tox|[from] item: Toxic Orb
|upkeep
|turn|2
|
|t:|1769424140
|switch|p2a: brat|Blissey, F|100/100
|move|p1a: Darkrai|Ice Beam|p2a: brat
|-crit|p2a: brat
|-damage|p2a: brat|85/100
|
|upkeep
|turn|3
|
|t:|1769424143
|move|p1a: Darkrai|Knock Off|p2a: brat
|-damage|p2a: brat|53/100
|-enditem|p2a: brat|Heavy-Duty Boots|[from] move: Knock Off|[of] p1a: Darkrai
|move|p2a: brat|Stealth Rock|p1a: Darkrai
|-sidestart|p1: DiceyRice|move: Stealth Rock
|
|upkeep
|turn|4
|
|t:|1769424148
|switch|p1a: Clefable|Clefable, M|100/100
|move|p2a: brat|Soft-Boiled|p2a: brat
|-heal|p2a: brat|100/100
|
|upkeep
|turn|5
|inactive|Battle timer is ON: inactive players will automatically lose when time's up. (requested by Trainer #39)
|
|t:|1769424151
|move|p1a: Clefable|Stealth Rock|p2a: brat
|-sidestart|p2: Trainer #39|move: Stealth Rock
|move|p2a: brat|Shadow Ball|p1a: Clefable
|-damage|p1a: Clefable|87/100
|
|-heal|p1a: Clefable|93/100|[from] item: Leftovers
|upkeep
|turn|6
|
|t:|1769424155
|switch|p1a: Gliscor|Gliscor, F|100/100
|-damage|p1a: Gliscor|88/100|[from] Stealth Rock
|move|p2a: brat|Shadow Ball|p1a: Gliscor
|-damage|p1a: Gliscor|76/100
|
|-status|p1a: Gliscor|tox|[from] item: Toxic Orb
|upkeep
|turn|7
|
|t:|1769424158
|switch|p2a: Free Palestine|Gliscor, M|100/100 tox
|-damage|p2a: Free Palestine|88/100 tox|[from] Stealth Rock
|move|p1a: Gliscor|Protect||[still]
|-fail|p1a: Gliscor
|
|-heal|p2a: Free Palestine|100/100 tox|[from] ability: Poison Heal
|-heal|p1a: Gliscor|89/100 tox|[from] ability: Poison Heal
|upkeep
|turn|8
|
|t:|1769424162
|switch|p2a: Trump is low IQ|Corviknight, M|100/100
|-damage|p2a: Trump is low IQ|88/100|[from] Stealth Rock
|-ability|p2a: Trump is low IQ|Pressure
|move|p1a: Gliscor|Spikes|p2a: Trump is low IQ
|-sidestart|p2: Trainer #39|Spikes
|
|-heal|p1a: Gliscor|100/100 tox|[from] ability: Poison Heal
|upkeep
|turn|9
|
|t:|1769424168
|switch|p1a: Darkrai|Darkrai|100/100
|move|p2a: Trump is low IQ|Defog|p1a: Darkrai
|-unboost|p1a: Darkrai|evasion|1
|-sideend|p1: DiceyRice|Stealth Rock|[from] move: Defog|[of] p2a: Trump is low IQ
|-sideend|p2: Trainer #39|Spikes|[from] move: Defog|[of] p2a: Trump is low IQ
|-sideend|p2: Trainer #39|Stealth Rock|[from] move: Defog|[of] p2a: Trump is low IQ
|
|upkeep
|turn|10
|
|t:|1769424171
|switch|p2a: brat|Blissey, F|100/100
|move|p1a: Darkrai|Knock Off|p2a: brat
|-damage|p2a: brat|80/100
|
|upkeep
|turn|11
|
|t:|1769424174
|switch|p1a: Gliscor|Gliscor, F|100/100 tox
|move|p2a: brat|Stealth Rock|p1a: Gliscor
|-sidestart|p1: DiceyRice|move: Stealth Rock
|
|upkeep
|turn|12
|
|t:|1769424177
|switch|p2a: Trump is low IQ|Corviknight, M|88/100
|-ability|p2a: Trump is low IQ|Pressure
|move|p1a: Gliscor|Spikes|p2a: Trump is low IQ
|-sidestart|p2: Trainer #39|Spikes
|
|upkeep
|turn|13
|
|t:|1769424181
|switch|p1a: Darkrai|Darkrai|100/100
|switch|p2a: Free Palestine|Gliscor, M|100/100 tox
|
|upkeep
|turn|14
|
|t:|1769424187
|move|p2a: Free Palestine|Protect|p2a: Free Palestine
|-singleturn|p2a: Free Palestine|Protect
|move|p1a: Darkrai|Ice Beam|p2a: Free Palestine
|-activate|p2a: Free Palestine|move: Protect
|
|upkeep
|turn|15
|
|t:|1769424190
|switch|p2a: brat|Blissey, F|80/100
|-damage|p2a: brat|68/100|[from] Spikes
|move|p1a: Darkrai|Knock Off|p2a: brat
|-damage|p2a: brat|48/100
|
|upkeep
|turn|16
|
|t:|1769424193
|switch|p1a: Clefable|Clefable, M|93/100
|move|p2a: brat|Soft-Boiled|p2a: brat
|-heal|p2a: brat|98/100
|
|-heal|p1a: Clefable|99/100|[from] item: Leftovers
|upkeep
|turn|17
|
|t:|1769424197
|switch|p2a: Save Sudan|Slowking-Galar, M|100/100
|-damage|p2a: Save Sudan|88/100|[from] Spikes
|move|p1a: Clefable|Stealth Rock|p2a: Save Sudan
|-sidestart|p2: Trainer #39|move: Stealth Rock
|
|-heal|p1a: Clefable|100/100|[from] item: Leftovers
|upkeep
|turn|18
|
|t:|1769424200
|switch|p1a: Gliscor|Gliscor, F|100/100 tox
|-damage|p1a: Gliscor|88/100 tox|[from] Stealth Rock
|move|p2a: Save Sudan|Trick|p1a: Gliscor
|-activate|p2a: Save Sudan|move: Trick|[of] p1a: Gliscor
|-item|p1a: Gliscor|Choice Scarf|[from] move: Trick
|-item|p2a: Save Sudan|Toxic Orb|[from] move: Trick
|
|-heal|p1a: Gliscor|100/100 tox|[from] ability: Poison Heal
|upkeep
|turn|19
|
|t:|1769424211
|switch|p1a: Darkrai|Darkrai|100/100
|switch|p2a: Free Palestine|Gliscor, M|100/100 tox
|-damage|p2a: Free Palestine|88/100 tox|[from] Stealth Rock
|
|-heal|p2a: Free Palestine|100/100 tox|[from] ability: Poison Heal
|upkeep
|turn|20
|
|t:|1769424215
|switch|p2a: brat|Blissey, F|98/100
|-damage|p2a: brat|86/100|[from] Spikes
|-damage|p2a: brat|73/100|[from] Stealth Rock
|move|p1a: Darkrai|Ice Beam|p2a: brat
|-damage|p2a: brat|62/100
|
|upkeep
|turn|21
|
|t:|1769424219
|move|p1a: Darkrai|Knock Off|p2a: brat
|-damage|p2a: brat|43/100
|move|p2a: brat|Calm Mind|p2a: brat
|-boost|p2a: brat|spa|1
|-boost|p2a: brat|spd|1
|
|upkeep
|turn|22
|
|t:|1769424222
|move|p1a: Darkrai|Will-O-Wisp|p2a: brat
|-status|p2a: brat|brn
|move|p2a: brat|Soft-Boiled|p2a: brat
|-heal|p2a: brat|93/100 brn
|
|-damage|p2a: brat|87/100 brn|[from] brn
|upkeep
|turn|23
|
|t:|1769424228
|switch|p1a: Alomomola|Alomomola, F|100/100
|-damage|p1a: Alomomola|88/100|[from] Stealth Rock
|move|p2a: brat|Shadow Ball|p1a: Alomomola
|-damage|p1a: Alomomola|77/100
|
|-damage|p2a: brat|81/100 brn|[from] brn
|upkeep
|turn|24
|
|t:|1769424231
|-curestatus|p2a: brat|brn|[from] ability: Natural Cure
|switch|p2a: Free Palestine|Gliscor, M|100/100 tox
|-damage|p2a: Free Palestine|88/100 tox|[from] Stealth Rock
|move|p1a: Alomomola|Flip Turn|p2a: Free Palestine
|-supereffective|p2a: Free Palestine
|-damage|p2a: Free Palestine|68/100 tox
|
|t:|1769424234
|switch|p1a: Darkrai|Darkrai|100/100|[from] Flip Turn
|
|-heal|p2a: Free Palestine|80/100 tox|[from] ability: Poison Heal
|upkeep
|turn|25
|
|t:|1769424237
|move|p2a: Free Palestine|Protect|p2a: Free Palestine
|-singleturn|p2a: Free Palestine|Protect
|move|p1a: Darkrai|Dark Pulse|p2a: Free Palestine
|-activate|p2a: Free Palestine|move: Protect
|
|-heal|p2a: Free Palestine|93/100 tox|[from] ability: Poison Heal
|upkeep
|turn|26
|
|t:|1769424253
|switch|p2a: Charli xcx|Clefable, M|100/100
|move|p1a: Darkrai|Dark Pulse|p2a: Charli xcx
|-resisted|p2a: Charli xcx
|-damage|p2a: Charli xcx|85/100
|
|upkeep
|turn|27
|
|t:|1769424257
|switch|p1a: Gliscor|Gliscor, F|100/100 tox
|-damage|p1a: Gliscor|88/100 tox|[from] Stealth Rock
|move|p2a: Charli xcx|Moonblast|p1a: Gliscor
|-damage|p1a: Gliscor|62/100 tox
|
|-heal|p1a: Gliscor|74/100 tox|[from] ability: Poison Heal
|upkeep
|turn|28
|
|t:|1769424263
|switch|p1a: Darkrai|Darkrai|100/100
|move|p2a: Charli xcx|Protect||[still]
|-fail|p2a: Charli xcx
|
|upkeep
|turn|29
|
|t:|1769424268
|switch|p1a: Pecharunt|Pecharunt|100/100
|move|p2a: Charli xcx|Moonblast|p1a: Pecharunt
|-resisted|p1a: Pecharunt
|-damage|p1a: Pecharunt|85/100
|
|upkeep
|turn|30
|
|t:|1769424271
|move|p2a: Charli xcx|Protect|p2a: Charli xcx
|-singleturn|p2a: Charli xcx|Protect
|move|p1a: Pecharunt|Parting Shot|p2a: Charli xcx
|-activate|p2a: Charli xcx|move: Protect
|
|upkeep
|turn|31
|
|t:|1769424275
|switch|p2a: Free Palestine|Gliscor, M|93/100 tox
|-damage|p2a: Free Palestine|80/100 tox|[from] Stealth Rock
|move|p1a: Pecharunt|Malignant Chain|p2a: Free Palestine
|-resisted|p2a: Free Palestine
|-damage|p2a: Free Palestine|62/100 tox
|
|-heal|p2a: Free Palestine|74/100 tox|[from] ability: Poison Heal
|upkeep
|turn|32
|
|t:|1769424278
|switch|p1a: Gliscor|Gliscor, F|74/100 tox
|-damage|p1a: Gliscor|62/100 tox|[from] Stealth Rock
|move|p2a: Free Palestine|Earthquake|p1a: Gliscor
|-immune|p1a: Gliscor
|
|-heal|p1a: Gliscor|74/100 tox|[from] ability: Poison Heal
|-heal|p2a: Free Palestine|86/100 tox|[from] ability: Poison Heal
|upkeep
|turn|33
|
|t:|1769424282
|move|p2a: Free Palestine|Protect|p2a: Free Palestine
|-singleturn|p2a: Free Palestine|Protect
|move|p1a: Gliscor|Spikes|p2a: Free Palestine
|-sidestart|p2: Trainer #39|Spikes
|
|-heal|p1a: Gliscor|87/100 tox|[from] ability: Poison Heal
|-heal|p2a: Free Palestine|99/100 tox|[from] ability: Poison Heal
|upkeep
|turn|34
|
|t:|1769424286
|switch|p1a: Darkrai|Darkrai|100/100
|switch|p2a: Charli xcx|Clefable, M|85/100
|
|upkeep
|turn|35
|
|t:|1769424290
|move|p1a: Darkrai|Knock Off|p2a: Charli xcx
|-resisted|p2a: Charli xcx
|-damage|p2a: Charli xcx|70/100
|-enditem|p2a: Charli xcx|Heavy-Duty Boots|[from] move: Knock Off|[of] p1a: Darkrai
|move|p2a: Charli xcx|Moonblast|p1a: Darkrai
|-supereffective|p1a: Darkrai
|-damage|p1a: Darkrai|23/100
|
|upkeep
|turn|36
|
|t:|1769424313
|switch|p1a: Clefable|Clefable, M|100/100
|move|p2a: Charli xcx|Moonblast|p1a: Clefable
|-damage|p1a: Clefable|73/100
|
|-heal|p1a: Clefable|79/100|[from] item: Leftovers
|upkeep
|turn|37
|
|t:|1769424318
|move|p1a: Clefable|Moonblast|p2a: Charli xcx
|-damage|p2a: Charli xcx|47/100
|move|p2a: Charli xcx|Wish|p2a: Charli xcx
|
|-heal|p1a: Clefable|85/100|[from] item: Leftovers
|upkeep
|turn|38
|
|t:|1769424325
|move|p1a: Clefable|Moonblast|p2a: Charli xcx
|-damage|p2a: Charli xcx|27/100
|move|p2a: Charli xcx|Knock Off|p1a: Clefable
|-resisted|p1a: Clefable
|-damage|p1a: Clefable|79/100
|-enditem|p1a: Clefable|Leftovers|[from] move: Knock Off|[of] p2a: Charli xcx
|
|-heal|p2a: Charli xcx|77/100|[from] move: Wish|[wisher] Charli xcx
|upkeep
|turn|39
|
|t:|1769424327
|switch|p1a: Gliscor|Gliscor, F|87/100 tox
|-damage|p1a: Gliscor|74/100 tox|[from] Stealth Rock
|move|p2a: Charli xcx|Wish|p2a: Charli xcx
|
|-heal|p1a: Gliscor|87/100 tox|[from] ability: Poison Heal
|upkeep
|turn|40
|
|t:|1769424334
|move|p1a: Gliscor|Toxic|p2a: Charli xcx
|-status|p2a: Charli xcx|tox
|move|p2a: Charli xcx|Moonblast|p1a: Gliscor
|-damage|p1a: Gliscor|62/100 tox
|
|-heal|p2a: Charli xcx|100/100 tox|[from] move: Wish|[wisher] Charli xcx
|-heal|p1a: Gliscor|74/100 tox|[from] ability: Poison Heal
|-damage|p2a: Charli xcx|94/100 tox|[from] psn
|upkeep
|turn|41
|
|t:|1769424339
|switch|p1a: Clefable|Clefable, M|79/100
|move|p2a: Charli xcx|Moonblast|p1a: Clefable
|-damage|p1a: Clefable|47/100
|-unboost|p1a: Clefable|spa|1
|
|-damage|p2a: Charli xcx|82/100 tox|[from] psn
|upkeep
|turn|42
|
|t:|1769424344
|move|p1a: Clefable|Moonlight|p1a: Clefable
|-heal|p1a: Clefable|97/100
|move|p2a: Charli xcx|Moonblast|p1a: Clefable
|-damage|p1a: Clefable|69/100
|
|-damage|p2a: Charli xcx|64/100 tox|[from] psn
|upkeep
|turn|43
|
|t:|1769424349
|switch|p2a: Free Palestine|Gliscor, M|99/100 tox
|-damage|p2a: Free Palestine|86/100 tox|[from] Stealth Rock
|move|p1a: Clefable|Moonblast|p2a: Free Palestine
|-crit|p2a: Free Palestine
|-damage|p2a: Free Palestine|33/100 tox
|
|-heal|p2a: Free Palestine|45/100 tox|[from] ability: Poison Heal
|upkeep
|turn|44
|
|t:|1769424357
|switch|p1a: Alomomola|Alomomola, F|100/100
|-damage|p1a: Alomomola|88/100|[from] Stealth Rock
|move|p2a: Free Palestine|Protect||[still]
|-fail|p2a: Free Palestine
|
|-heal|p2a: Free Palestine|58/100 tox|[from] ability: Poison Heal
|upkeep
|turn|45
|
|t:|1769424360
|move|p2a: Free Palestine|Substitute|p2a: Free Palestine
|-start|p2a: Free Palestine|Substitute
|-damage|p2a: Free Palestine|33/100 tox
|move|p1a: Alomomola|Flip Turn|p2a: Free Palestine
|-supereffective|p2a: Free Palestine
|-activate|p2a: Free Palestine|move: Substitute|[damage]
|
|t:|1769424364
|switch|p1a: Clefable|Clefable, M|69/100|[from] Flip Turn
|
|-heal|p2a: Free Palestine|45/100 tox|[from] ability: Poison Heal
|upkeep
|turn|46
|
|t:|1769424366
|move|p2a: Free Palestine|Earthquake|p1a: Clefable
|-damage|p1a: Clefable|47/100
|move|p1a: Clefable|Moonblast|p2a: Free Palestine
|-end|p2a: Free Palestine|Substitute
|
|-heal|p2a: Free Palestine|58/100 tox|[from] ability: Poison Heal
|upkeep
|turn|47
|
|t:|1769424370
|move|p2a: Free Palestine|Earthquake|p1a: Clefable
|-damage|p1a: Clefable|26/100
|move|p1a: Clefable|Moonlight|p1a: Clefable
|-heal|p1a: Clefable|76/100
|
|-heal|p2a: Free Palestine|70/100 tox|[from] ability: Poison Heal
|upkeep
|turn|48
|
|t:|1769424374
|move|p2a: Free Palestine|Protect|p2a: Free Palestine
|-singleturn|p2a: Free Palestine|Protect
|move|p1a: Clefable|Moonblast|p2a: Free Palestine
|-activate|p2a: Free Palestine|move: Protect
|
|-heal|p2a: Free Palestine|82/100 tox|[from] ability: Poison Heal
|upkeep
|turn|49
|
|t:|1769424375
|move|p2a: Free Palestine|Earthquake|p1a: Clefable
|-damage|p1a: Clefable|52/100
|move|p1a: Clefable|Moonblast|p2a: Free Palestine
|-damage|p2a: Free Palestine|41/100 tox
|
|-heal|p2a: Free Palestine|53/100 tox|[from] ability: Poison Heal
|upkeep
|turn|50
|
|t:|1769424379
|move|p2a: Free Palestine|Protect|p2a: Free Palestine
|-singleturn|p2a: Free Palestine|Protect
|move|p1a: Clefable|Moonblast|p2a: Free Palestine
|-activate|p2a: Free Palestine|move: Protect
|
|-heal|p2a: Free Palestine|66/100 tox|[from] ability: Poison Heal
|upkeep
|turn|51
|
|t:|1769424381
|move|p2a: Free Palestine|Earthquake|p1a: Clefable
|-damage|p1a: Clefable|31/100
|move|p1a: Clefable|Moonblast|p2a: Free Palestine
|-damage|p2a: Free Palestine|27/100 tox
|
|-heal|p2a: Free Palestine|40/100 tox|[from] ability: Poison Heal
|upkeep
|turn|52
|
|t:|1769424384
|move|p2a: Free Palestine|Protect|p2a: Free Palestine
|-singleturn|p2a: Free Palestine|Protect
|move|p1a: Clefable|Moonlight|p1a: Clefable
|-heal|p1a: Clefable|81/100
|
|-heal|p2a: Free Palestine|52/100 tox|[from] ability: Poison Heal
|upkeep
|turn|53
|
|t:|1769424386
|move|p2a: Free Palestine|Substitute|p2a: Free Palestine
|-start|p2a: Free Palestine|Substitute
|-damage|p2a: Free Palestine|27/100 tox
|move|p1a: Clefable|Moonblast|p2a: Free Palestine
|-crit|p2a: Free Palestine
|-end|p2a: Free Palestine|Substitute
|
|-heal|p2a: Free Palestine|40/100 tox|[from] ability: Poison Heal
|upkeep
|turn|54
|
|t:|1769424389
|move|p2a: Free Palestine|Protect|p2a: Free Palestine
|-singleturn|p2a: Free Palestine|Protect
|move|p1a: Clefable|Moonblast|p2a: Free Palestine
|-activate|p2a: Free Palestine|move: Protect
|
|-heal|p2a: Free Palestine|52/100 tox|[from] ability: Poison Heal
|upkeep
|turn|55
|
|t:|1769424396
|switch|p2a: Save Sudan|Slowking-Galar, M|100/100
|-damage|p2a: Save Sudan|84/100|[from] Spikes
|-damage|p2a: Save Sudan|72/100|[from] Stealth Rock
|move|p1a: Clefable|Moonblast|p2a: Save Sudan
|-resisted|p2a: Save Sudan
|-damage|p2a: Save Sudan|61/100
|
|upkeep
|turn|56
|
|t:|1769424403
|switch|p1a: Alomomola|Alomomola, F|100/100
|-damage|p1a: Alomomola|88/100|[from] Stealth Rock
|move|p2a: Save Sudan|Future Sight|p1a: Alomomola
|-start|p2a: Save Sudan|move: Future Sight
|
|upkeep
|turn|57
|
|t:|1769424409
|move|p2a: Save Sudan|Thunder Wave|p1a: Alomomola
|-status|p1a: Alomomola|par
|move|p1a: Alomomola|Flip Turn|p2a: Save Sudan
|-damage|p2a: Save Sudan|41/100
|
|t:|1769424414
|switch|p1a: Darkrai|Darkrai|23/100|[from] Flip Turn
|
|upkeep
|turn|58
|
|t:|1769424417
|switch|p2a: Charli xcx|Clefable, M|64/100 tox
|-damage|p2a: Charli xcx|47/100 tox|[from] Spikes
|-damage|p2a: Charli xcx|35/100 tox|[from] Stealth Rock
|move|p1a: Darkrai|Dark Pulse|p2a: Charli xcx
|-resisted|p2a: Charli xcx
|-damage|p2a: Charli xcx|21/100 tox
|
|-end|p1a: Darkrai|move: Future Sight
|-immune|p1a: Darkrai
|-damage|p2a: Charli xcx|15/100 tox|[from] psn
|upkeep
|turn|59
|
|t:|1769424419
|move|p1a: Darkrai|Dark Pulse|p2a: Charli xcx
|-resisted|p2a: Charli xcx
|-damage|p2a: Charli xcx|0 fnt
|faint|p2a: Charli xcx
|
|upkeep
|
|t:|1769424426
|switch|p2a: brat|Blissey, F|81/100
|-damage|p2a: brat|64/100|[from] Spikes
|-damage|p2a: brat|52/100|[from] Stealth Rock
|turn|60
|
|t:|1769424430
|switch|p1a: Gliscor|Gliscor, F|74/100 tox
|-damage|p1a: Gliscor|62/100 tox|[from] Stealth Rock
|move|p2a: brat|Soft-Boiled|p2a: brat
|-heal|p2a: brat|100/100
|
|-heal|p1a: Gliscor|74/100 tox|[from] ability: Poison Heal
|upkeep
|turn|61
|
|t:|1769424437
|move|p1a: Gliscor|Spikes|p2a: brat
|-sidestart|p2: Trainer #39|Spikes
|move|p2a: brat|Shadow Ball|p1a: Gliscor
|-damage|p1a: Gliscor|62/100 tox
|
|-heal|p1a: Gliscor|75/100 tox|[from] ability: Poison Heal
|upkeep
|turn|62
|
|t:|1769424445
|switch|p1a: Darkrai|Darkrai|23/100
|move|p2a: brat|Shadow Ball|p1a: Darkrai
|-resisted|p1a: Darkrai
|-damage|p1a: Darkrai|14/100
|-unboost|p1a: Darkrai|spd|1
|
|upkeep
|turn|63
|
|t:|1769424449
|switch|p1a: Alomomola|Alomomola, F|100/100 par
|-damage|p1a: Alomomola|88/100 par|[from] Stealth Rock
|move|p2a: brat|Shadow Ball|p1a: Alomomola
|-damage|p1a: Alomomola|81/100 par
|
|upkeep
|turn|64
|
|t:|1769424451
|move|p2a: brat|Calm Mind|p2a: brat
|-boost|p2a: brat|spa|1
|-boost|p2a: brat|spd|1
|cant|p1a: Alomomola|par
|
|upkeep
|turn|65
|
|t:|1769424454
|move|p2a: brat|Shadow Ball|p1a: Alomomola
|-damage|p1a: Alomomola|69/100 par
|move|p1a: Alomomola|Body Slam|p2a: brat
|-damage|p2a: brat|83/100
|-status|p2a: brat|par
|
|upkeep
|turn|66
|
|t:|1769424461
|-curestatus|p2a: brat|par|[from] ability: Natural Cure
|switch|p2a: Free Palestine|Gliscor, M|52/100 tox
|-damage|p2a: Free Palestine|40/100 tox|[from] Stealth Rock
|move|p1a: Alomomola|Flip Turn|p2a: Free Palestine
|-supereffective|p2a: Free Palestine
|-damage|p2a: Free Palestine|18/100 tox
|
|t:|1769424466
|switch|p1a: Darkrai|Darkrai|14/100|[from] Flip Turn
|
|-heal|p2a: Free Palestine|30/100 tox|[from] ability: Poison Heal
|upkeep
|turn|67
|
|t:|1769424470
|move|p2a: Free Palestine|Protect|p2a: Free Palestine
|-singleturn|p2a: Free Palestine|Protect
|move|p1a: Darkrai|Dark Pulse|p2a: Free Palestine
|-activate|p2a: Free Palestine|move: Protect
|
|-heal|p2a: Free Palestine|43/100 tox|[from] ability: Poison Heal
|upkeep
|turn|68
|
|t:|1769424473
|switch|p2a: brat|Blissey, F|83/100
|-damage|p2a: brat|58/100|[from] Spikes
|-damage|p2a: brat|46/100|[from] Stealth Rock
|move|p1a: Darkrai|Dark Pulse|p2a: brat
|-damage|p2a: brat|31/100
|
|upkeep
|turn|69
|
|t:|1769424478
|switch|p1a: Zamazenta|Zamazenta|100/100
|-ability|p1a: Zamazenta|Dauntless Shield|boost
|-boost|p1a: Zamazenta|def|1
|move|p2a: brat|Soft-Boiled|p2a: brat
|-heal|p2a: brat|81/100
|
|upkeep
|turn|70
|
|t:|1769424483
|switch|p2a: Trump is low IQ|Corviknight, M|88/100
|-damage|p2a: Trump is low IQ|76/100|[from] Stealth Rock
|-ability|p2a: Trump is low IQ|Pressure
|move|p1a: Zamazenta|Close Combat|p2a: Trump is low IQ
|-damage|p2a: Trump is low IQ|43/100
|-unboost|p1a: Zamazenta|def|1
|-unboost|p1a: Zamazenta|spd|1
|-damage|p1a: Zamazenta|84/100|[from] item: Rocky Helmet|[of] p2a: Trump is low IQ
|
|upkeep
|turn|71
|
|t:|1769424490
|switch|p1a: Darkrai|Darkrai|14/100
|move|p2a: Trump is low IQ|Roost|p2a: Trump is low IQ
|-heal|p2a: Trump is low IQ|93/100
|-singleturn|p2a: Trump is low IQ|move: Roost
|
|upkeep
|turn|72
|
|t:|1769424493
|move|p1a: Darkrai|Dark Pulse|p2a: Trump is low IQ
|-damage|p2a: Trump is low IQ|50/100
|move|p2a: Trump is low IQ|U-turn|p1a: Darkrai
|-supereffective|p1a: Darkrai
|-damage|p1a: Darkrai|0 fnt
|faint|p1a: Darkrai
|
|t:|1769424496
|switch|p2a: Free Palestine|Gliscor, M|43/100 tox|[from] U-turn
|-damage|p2a: Free Palestine|30/100 tox|[from] Stealth Rock
|
|-heal|p2a: Free Palestine|43/100 tox|[from] ability: Poison Heal
|upkeep
|
|t:|1769424499
|switch|p1a: Clefable|Clefable, M|81/100
|turn|73
|
|t:|1769424501
|move|p2a: Free Palestine|Protect|p2a: Free Palestine
|-singleturn|p2a: Free Palestine|Protect
|move|p1a: Clefable|Moonblast|p2a: Free Palestine
|-activate|p2a: Free Palestine|move: Protect
|
|-heal|p2a: Free Palestine|55/100 tox|[from] ability: Poison Heal
|upkeep
|turn|74
|
|t:|1769424504
|switch|p2a: Save Sudan|Slowking-Galar, M|74/100
|-damage|p2a: Save Sudan|49/100|[from] Spikes
|-damage|p2a: Save Sudan|37/100|[from] Stealth Rock
|move|p1a: Clefable|Moonblast|p2a: Save Sudan
|-resisted|p2a: Save Sudan
|-damage|p2a: Save Sudan|25/100
|
|upkeep
|turn|75
|
|t:|1769424512
|switch|p1a: Alomomola|Alomomola, F|100/100 par
|-damage|p1a: Alomomola|88/100 par|[from] Stealth Rock
|move|p2a: Save Sudan|Sludge Bomb|p1a: Alomomola
|-damage|p1a: Alomomola|69/100 par
|
|upkeep
|turn|76
|
|t:|1769424516
|move|p2a: Save Sudan|Future Sight|p1a: Alomomola
|-start|p2a: Save Sudan|move: Future Sight
|move|p1a: Alomomola|Scald|p2a: Save Sudan
|-damage|p2a: Save Sudan|14/100
|-status|p2a: Save Sudan|brn
|
|-damage|p2a: Save Sudan|8/100 brn|[from] brn
|upkeep
|turn|77
|
|t:|1769424521
|switch|p2a: brat|Blissey, F|81/100
|-damage|p2a: brat|57/100|[from] Spikes
|-damage|p2a: brat|44/100|[from] Stealth Rock
|move|p1a: Alomomola|Scald|p2a: brat
|-damage|p2a: brat|39/100
|
|upkeep
|turn|78
|
|t:|1769424523
|move|p2a: brat|Soft-Boiled|p2a: brat
|-heal|p2a: brat|89/100
|move|p1a: Alomomola|Flip Turn|p2a: brat
|-damage|p2a: brat|72/100
|
|t:|1769424525
|switch|p1a: Zamazenta|Zamazenta|84/100|[from] Flip Turn
|
|-end|p1a: Zamazenta|move: Future Sight
|-supereffective|p1a: Zamazenta
|-damage|p1a: Zamazenta|2/100
|upkeep
|turn|79
|
|t:|1769424531
|switch|p2a: Trump is low IQ|Corviknight, M|50/100
|-damage|p2a: Trump is low IQ|38/100|[from] Stealth Rock
|-ability|p2a: Trump is low IQ|Pressure
|move|p1a: Zamazenta|Close Combat|p2a: Trump is low IQ
|-damage|p2a: Trump is low IQ|0 fnt
|-unboost|p1a: Zamazenta|def|1
|-unboost|p1a: Zamazenta|spd|1
|-damage|p1a: Zamazenta|0 fnt|[from] item: Rocky Helmet|[of] p2a: Trump is low IQ
|faint|p2a: Trump is low IQ
|faint|p1a: Zamazenta
|
|upkeep
|
|t:|1769424542
|switch|p1a: Alomomola|Alomomola, F|100/100 par
|switch|p2a: Free Palestine|Gliscor, M|55/100 tox
|-damage|p2a: Free Palestine|43/100 tox|[from] Stealth Rock
|-damage|p1a: Alomomola|88/100 par|[from] Stealth Rock
|turn|80
|
|t:|1769424544
|move|p2a: Free Palestine|Substitute|p2a: Free Palestine
|-start|p2a: Free Palestine|Substitute
|-damage|p2a: Free Palestine|18/100 tox
|cant|p1a: Alomomola|par
|
|-heal|p2a: Free Palestine|30/100 tox|[from] ability: Poison Heal
|upkeep
|turn|81
|
|t:|1769424548
|move|p2a: Free Palestine|Earthquake|p1a: Alomomola
|-damage|p1a: Alomomola|67/100 par
|move|p1a: Alomomola|Scald|p2a: Free Palestine
|-supereffective|p2a: Free Palestine
|-end|p2a: Free Palestine|Substitute
|
|-heal|p2a: Free Palestine|43/100 tox|[from] ability: Poison Heal
|upkeep
|turn|82
|j| pangolier
|
|t:|1769424550
|move|p2a: Free Palestine|Protect|p2a: Free Palestine
|-singleturn|p2a: Free Palestine|Protect
|cant|p1a: Alomomola|par
|
|-heal|p2a: Free Palestine|55/100 tox|[from] ability: Poison Heal
|upkeep
|turn|83
|
|t:|1769424552
|move|p2a: Free Palestine|Substitute|p2a: Free Palestine
|-start|p2a: Free Palestine|Substitute
|-damage|p2a: Free Palestine|30/100 tox
|move|p1a: Alomomola|Flip Turn|p2a: Free Palestine
|-supereffective|p2a: Free Palestine
|-activate|p2a: Free Palestine|move: Substitute|[damage]
|
|t:|1769424554
|switch|p1a: Clefable|Clefable, M|81/100|[from] Flip Turn
|
|-heal|p2a: Free Palestine|43/100 tox|[from] ability: Poison Heal
|upkeep
|turn|84
|l| pangolier
|
|t:|1769424556
|move|p2a: Free Palestine|Earthquake|p1a: Clefable
|-damage|p1a: Clefable|59/100
|move|p1a: Clefable|Moonblast|p2a: Free Palestine
|-end|p2a: Free Palestine|Substitute
|
|-heal|p2a: Free Palestine|55/100 tox|[from] ability: Poison Heal
|upkeep
|turn|85
|
|t:|1769424558
|move|p2a: Free Palestine|Earthquake|p1a: Clefable
|-damage|p1a: Clefable|36/100
|move|p1a: Clefable|Moonlight|p1a: Clefable
|-heal|p1a: Clefable|86/100
|
|-heal|p2a: Free Palestine|67/100 tox|[from] ability: Poison Heal
|upkeep
|turn|86
|
|t:|1769424561
|move|p2a: Free Palestine|Protect|p2a: Free Palestine
|-singleturn|p2a: Free Palestine|Protect
|move|p1a: Clefable|Moonblast|p2a: Free Palestine
|-activate|p2a: Free Palestine|move: Protect
|
|-heal|p2a: Free Palestine|80/100 tox|[from] ability: Poison Heal
|upkeep
|turn|87
|
|t:|1769424564
|move|p2a: Free Palestine|Earthquake|p1a: Clefable
|-damage|p1a: Clefable|65/100
|move|p1a: Clefable|Moonblast|p2a: Free Palestine
|-damage|p2a: Free Palestine|45/100 tox
|-unboost|p2a: Free Palestine|spa|1
|
|-heal|p2a: Free Palestine|57/100 tox|[from] ability: Poison Heal
|upkeep
|turn|88
|
|t:|1769424568
|switch|p1a: Gliscor|Gliscor, F|75/100 tox
|-damage|p1a: Gliscor|62/100 tox|[from] Stealth Rock
|move|p2a: Free Palestine|Protect||[still]
|-fail|p2a: Free Palestine
|
|-heal|p1a: Gliscor|75/100 tox|[from] ability: Poison Heal
|-heal|p2a: Free Palestine|70/100 tox|[from] ability: Poison Heal
|upkeep
|turn|89
|
|t:|1769424570
|move|p1a: Gliscor|Earthquake|p2a: Free Palestine
|-immune|p2a: Free Palestine
|move|p2a: Free Palestine|Toxic|p1a: Gliscor
|-fail|p1a: Gliscor|tox
|
|-heal|p1a: Gliscor|87/100 tox|[from] ability: Poison Heal
|-heal|p2a: Free Palestine|82/100 tox|[from] ability: Poison Heal
|upkeep
|turn|90
|
|t:|1769424574
|move|p1a: Gliscor|Earthquake|p2a: Free Palestine
|-immune|p2a: Free Palestine
|move|p2a: Free Palestine|Toxic|p1a: Gliscor
|-fail|p1a: Gliscor|tox
|
|-heal|p1a: Gliscor|99/100 tox|[from] ability: Poison Heal
|-heal|p2a: Free Palestine|95/100 tox|[from] ability: Poison Heal
|upkeep
|turn|91
|
|t:|1769424576
|move|p1a: Gliscor|Earthquake|p2a: Free Palestine
|-immune|p2a: Free Palestine
|move|p2a: Free Palestine|Toxic|p1a: Gliscor
|-fail|p1a: Gliscor|tox
|
|-heal|p1a: Gliscor|100/100 tox|[from] ability: Poison Heal
|-heal|p2a: Free Palestine|100/100 tox|[from] ability: Poison Heal
|upkeep
|turn|92
|
|t:|1769424578
|switch|p2a: 808 and curses|Dondozo, M|100/100
|-damage|p2a: 808 and curses|75/100|[from] Spikes
|-damage|p2a: 808 and curses|63/100|[from] Stealth Rock
|move|p1a: Gliscor|Earthquake|p2a: 808 and curses
|-damage|p2a: 808 and curses|48/100
|
|-heal|p2a: 808 and curses|54/100|[from] item: Leftovers
|upkeep
|turn|93
|
|t:|1769424580
|switch|p1a: Pecharunt|Pecharunt|85/100
|move|p2a: 808 and curses|Waterfall|p1a: Pecharunt
|-damage|p1a: Pecharunt|69/100
|
|-heal|p2a: 808 and curses|60/100|[from] item: Leftovers
|upkeep
|turn|94
|
|t:|1769424585
|move|p1a: Pecharunt|Parting Shot|p2a: 808 and curses
|-unboost|p2a: 808 and curses|atk|1
|-unboost|p2a: 808 and curses|spa|1
|
|t:|1769424587
|switch|p1a: Alomomola|Alomomola, F|100/100 par|[from] Parting Shot
|-damage|p1a: Alomomola|88/100 par|[from] Stealth Rock
|move|p2a: 808 and curses|Rest|p2a: 808 and curses
|-status|p2a: 808 and curses|slp|[from] move: Rest
|-heal|p2a: 808 and curses|100/100 slp|[silent]
|
|upkeep
|turn|95
|
|t:|1769424589
|cant|p2a: 808 and curses|slp
|move|p2a: 808 and curses|Sleep Talk|p2a: 808 and curses
|move|p2a: 808 and curses|Waterfall|p1a: Alomomola|[from] move: Sleep Talk
|-resisted|p1a: Alomomola
|-damage|p1a: Alomomola|82/100 par
|cant|p1a: Alomomola|flinch
|
|upkeep
|turn|96
|
|t:|1769424591
|cant|p2a: 808 and curses|slp
|move|p2a: 808 and curses|Sleep Talk|p2a: 808 and curses
|move|p2a: 808 and curses|Waterfall|p1a: Alomomola|[from] move: Sleep Talk
|-resisted|p1a: Alomomola
|-crit|p1a: Alomomola
|-damage|p1a: Alomomola|69/100 par
|move|p1a: Alomomola|Flip Turn|p2a: 808 and curses
|-resisted|p2a: 808 and curses
|-damage|p2a: 808 and curses|97/100 slp
|
|t:|1769424593
|switch|p1a: Pecharunt|Pecharunt|69/100|[from] Flip Turn
|
|-heal|p2a: 808 and curses|100/100 slp|[from] item: Leftovers
|upkeep
|turn|97
|
|t:|1769424600
|move|p1a: Pecharunt|Parting Shot|p2a: 808 and curses
|-unboost|p2a: 808 and curses|atk|1
|-unboost|p2a: 808 and curses|spa|1
|
|t:|1769424607
|switch|p1a: Alomomola|Alomomola, F|100/100 par|[from] Parting Shot
|-damage|p1a: Alomomola|88/100 par|[from] Stealth Rock
|-curestatus|p2a: 808 and curses|slp|[msg]
|move|p2a: 808 and curses|Curse|p2a: 808 and curses
|-unboost|p2a: 808 and curses|spe|1
|-boost|p2a: 808 and curses|atk|1
|-boost|p2a: 808 and curses|def|1
|
|upkeep
|turn|98
|
|t:|1769424611
|move|p2a: 808 and curses|Curse|p2a: 808 and curses
|-unboost|p2a: 808 and curses|spe|1
|-boost|p2a: 808 and curses|atk|1
|-boost|p2a: 808 and curses|def|1
|move|p1a: Alomomola|Scald|p2a: 808 and curses
|-resisted|p2a: 808 and curses
|-damage|p2a: 808 and curses|94/100
|
|-heal|p2a: 808 and curses|99/100|[from] item: Leftovers
|upkeep
|turn|99
|
|t:|1769424613
|move|p1a: Alomomola|Scald|p2a: 808 and curses
|-resisted|p2a: 808 and curses
|-damage|p2a: 808 and curses|94/100
|move|p2a: 808 and curses|Curse|p2a: 808 and curses
|-unboost|p2a: 808 and curses|spe|1
|-boost|p2a: 808 and curses|atk|1
|-boost|p2a: 808 and curses|def|1
|
|-heal|p2a: 808 and curses|99/100|[from] item: Leftovers
|upkeep
|turn|100
|
|t:|1769424616
|move|p1a: Alomomola|Scald|p2a: 808 and curses
|-resisted|p2a: 808 and curses
|-damage|p2a: 808 and curses|93/100
|move|p2a: 808 and curses|Curse|p2a: 808 and curses
|-unboost|p2a: 808 and curses|spe|1
|-boost|p2a: 808 and curses|atk|1
|-boost|p2a: 808 and curses|def|1
|
|-heal|p2a: 808 and curses|99/100|[from] item: Leftovers
|upkeep
|turn|101
|
|t:|1769424619
|cant|p1a: Alomomola|par
|move|p2a: 808 and curses|Curse|p2a: 808 and curses
|-unboost|p2a: 808 and curses|spe|1
|-boost|p2a: 808 and curses|atk|1
|-boost|p2a: 808 and curses|def|1
|
|-heal|p2a: 808 and curses|100/100|[from] item: Leftovers
|upkeep
|turn|102
|
|t:|1769424623
|cant|p1a: Alomomola|par
|move|p2a: 808 and curses|Waterfall|p1a: Alomomola
|-resisted|p1a: Alomomola
|-damage|p1a: Alomomola|63/100 par
|
|upkeep
|turn|103
|
|t:|1769424625
|move|p1a: Alomomola|Scald|p2a: 808 and curses
|-resisted|p2a: 808 and curses
|-damage|p2a: 808 and curses|94/100
|-status|p2a: 808 and curses|brn
|move|p2a: 808 and curses|Waterfall|p1a: Alomomola
|-resisted|p1a: Alomomola
|-damage|p1a: Alomomola|52/100 par
|
|-heal|p2a: 808 and curses|99/100 brn|[from] item: Leftovers
|-damage|p2a: 808 and curses|94/100 brn|[from] brn
|upkeep
|turn|104
|
|t:|1769424632
|move|p1a: Alomomola|Scald|p2a: 808 and curses
|-resisted|p2a: 808 and curses
|-damage|p2a: 808 and curses|88/100 brn
|move|p2a: 808 and curses|Curse|p2a: 808 and curses
|-unboost|p2a: 808 and curses|spe|1
|-boost|p2a: 808 and curses|atk|1
|-boost|p2a: 808 and curses|def|1
|
|-heal|p2a: 808 and curses|94/100 brn|[from] item: Leftovers
|-damage|p2a: 808 and curses|88/100 brn|[from] brn
|upkeep
|turn|105
|
|t:|1769424635
|switch|p1a: Pecharunt|Pecharunt|69/100
|move|p2a: 808 and curses|Curse|p2a: 808 and curses
|-boost|p2a: 808 and curses|atk|1
|
|-heal|p2a: 808 and curses|94/100 brn|[from] item: Leftovers
|-damage|p2a: 808 and curses|88/100 brn|[from] brn
|upkeep
|turn|106
|
|t:|1769424637
|move|p1a: Pecharunt|Parting Shot|p2a: 808 and curses
|-unboost|p2a: 808 and curses|atk|1
|-unboost|p2a: 808 and curses|spa|1
|
|t:|1769424639
|switch|p1a: Alomomola|Alomomola, F|85/100 par|[from] Parting Shot
|-damage|p1a: Alomomola|73/100 par|[from] Stealth Rock
|move|p2a: 808 and curses|Rest|p2a: 808 and curses
|-status|p2a: 808 and curses|slp|[from] move: Rest
|-heal|p2a: 808 and curses|100/100 slp|[silent]
|
|upkeep
|turn|107
|
|t:|1769424645
|switch|p1a: Pecharunt|Pecharunt|69/100
|cant|p2a: 808 and curses|slp
|move|p2a: 808 and curses|Sleep Talk|p2a: 808 and curses
|move|p2a: 808 and curses|Waterfall|p1a: Pecharunt|[from] move: Sleep Talk
|-damage|p1a: Pecharunt|17/100
|
|upkeep
|turn|108
|
|t:|1769424647
|move|p1a: Pecharunt|Recover|p1a: Pecharunt
|-heal|p1a: Pecharunt|67/100
|cant|p2a: 808 and curses|slp
|move|p2a: 808 and curses|Sleep Talk|p2a: 808 and curses
|move|p2a: 808 and curses|Rest||[from] move: Sleep Talk|[still]
|-fail|p2a: 808 and curses
|
|upkeep
|turn|109
|
|t:|1769424650
|move|p1a: Pecharunt|Parting Shot|p2a: 808 and curses
|-unboost|p2a: 808 and curses|atk|1
|-unboost|p2a: 808 and curses|spa|1
|
|t:|1769424651
|switch|p1a: Alomomola|Alomomola, F|100/100 par|[from] Parting Shot
|-damage|p1a: Alomomola|88/100 par|[from] Stealth Rock
|-curestatus|p2a: 808 and curses|slp|[msg]
|move|p2a: 808 and curses|Waterfall|p1a: Alomomola
|-resisted|p1a: Alomomola
|-damage|p1a: Alomomola|64/100 par
|
|upkeep
|turn|110
|
|t:|1769424654
|cant|p1a: Alomomola|par
|move|p2a: 808 and curses|Waterfall|p1a: Alomomola
|-resisted|p1a: Alomomola
|-damage|p1a: Alomomola|40/100 par
|
|upkeep
|turn|111
|
|t:|1769424656
|move|p1a: Alomomola|Scald|p2a: 808 and curses
|-resisted|p2a: 808 and curses
|-damage|p2a: 808 and curses|94/100
|move|p2a: 808 and curses|Waterfall|p1a: Alomomola
|-resisted|p1a: Alomomola
|-damage|p1a: Alomomola|17/100 par
|
|-heal|p2a: 808 and curses|99/100|[from] item: Leftovers
|upkeep
|turn|112
|
|t:|1769424660
|switch|p1a: Gliscor|Gliscor, F|100/100 tox
|-damage|p1a: Gliscor|88/100 tox|[from] Stealth Rock
|move|p2a: 808 and curses|Waterfall|p1a: Gliscor
|-supereffective|p1a: Gliscor
|-damage|p1a: Gliscor|0 fnt
|faint|p1a: Gliscor
|
|-heal|p2a: 808 and curses|100/100|[from] item: Leftovers
|upkeep
|
|t:|1769424662
|switch|p1a: Pecharunt|Pecharunt|67/100
|turn|113
|
|t:|1769424663
|move|p1a: Pecharunt|Malignant Chain|p2a: 808 and curses
|-damage|p2a: 808 and curses|73/100
|move|p2a: 808 and curses|Waterfall|p1a: Pecharunt
|-damage|p1a: Pecharunt|23/100
|
|-heal|p2a: 808 and curses|79/100|[from] item: Leftovers
|upkeep
|turn|114
|
|t:|1769424668
|move|p1a: Pecharunt|Recover|p1a: Pecharunt
|-heal|p1a: Pecharunt|73/100
|move|p2a: 808 and curses|Waterfall|p1a: Pecharunt
|-damage|p1a: Pecharunt|33/100
|
|-heal|p2a: 808 and curses|85/100|[from] item: Leftovers
|upkeep
|turn|115
|
|t:|1769424670
|move|p1a: Pecharunt|Malignant Chain|p2a: 808 and curses
|-damage|p2a: 808 and curses|57/100
|move|p2a: 808 and curses|Waterfall|p1a: Pecharunt
|-damage|p1a: Pecharunt|0 fnt
|faint|p1a: Pecharunt
|
|-heal|p2a: 808 and curses|64/100|[from] item: Leftovers
|upkeep
|-message|DiceyRice forfeited.
|
|win|Trainer #39
|raw|DiceyRice's rating: 1555 &rarr; <strong>1540</strong><br />(-15 for losing)
|raw|Trainer #39's rating: 1636 &rarr; <strong>1651</strong><br />(+15 for winning)
|l|☆DiceyRice
|player|p1|
|l|☆Trainer #39
|player|p2|
