|j|☆karakel
|j|☆theboby
|t:|1769351902
|gametype|singles
|player|p1|karakel|cowgirl|1371
|player|p2|theboby|rood|1380
|gen|9
|tier|[Gen 9] OU
|rated|
|rule|HP Percentage Mod: HP is shown in percentages
|rule|Endless Battle Clause: Forcing endless battles is banned
|rule|Species Clause: Limit one of each Pokémon
|rule|OHKO Clause: OHKO moves are banned
|rule|Evasion Items Clause: Evasion items are banned
|rule|Evasion Moves Clause: Evasion moves are banned
|rule|Evasion Abilities Clause: Evasion abilities are banned
|rule|Sleep Moves Clause: Sleep-inducing moves are banned
|clearpoke
|poke|p1|Lilligant-Hisui, F|
|poke|p1|Ninetales, F|
|poke|p1|Great Tusk|
|poke|p1|Walking Wake|
|poke|p1|Cresselia, F|
|poke|p1|Cinderace, F|
|poke|p2|Corviknight, F|
|poke|p2|Jolteon, F|
|poke|p2|Latias, F|
|poke|p2|Gengar, M|
|poke|p2|Crawdaunt, F|
|poke|p2|Mienshao, M|
|teampreview
|
|t:|1769351916
|teamsize|p1|6
|teamsize|p2|6
|start
|switch|p1a: Ninetales|Ninetales, F|100/100
|switch|p2a: Latias|Latias, F|100/100
|-weather|SunnyDay|[from] ability: Drought|[of] p1a: Ninetales
|turn|1
|inactive|Battle timer is ON: inactive players will automatically lose when time's up. (requested by karakel)
|
|t:|1769351924
|switch|p1a: Cresselia|Cresselia, F|100/100
|move|p2a: Latias|Calm Mind|p2a: Latias
|-boost|p2a: Latias|spa|1
|-boost|p2a: Latias|spd|1
|
|-weather|SunnyDay|[upkeep]
|upkeep
|turn|2
|
|t:|1769351930
|-terastallize|p2a: Latias|Electric
|move|p2a: Latias|Calm Mind|p2a: Latias
|-boost|p2a: Latias|spa|1
|-boost|p2a: Latias|spd|1
|move|p1a: Cresselia|Thunder Wave|p2a: Latias
|-immune|p2a: Latias
|
|-weather|SunnyDay|[upkeep]
|upkeep
|turn|3
|
|t:|1769351938
|move|p2a: Latias|Calm Mind|p2a: Latias
|-boost|p2a: Latias|spa|1
|-boost|p2a: Latias|spd|1
|move|p1a: Cresselia|Ice Beam|p2a: Latias
|-damage|p2a: Latias|95/100
|
|-weather|SunnyDay|[upkeep]
|-heal|p2a: Latias|100/100|[from] item: Leftovers
|upkeep
|turn|4
|
|t:|1769351946
|move|p2a: Latias|Dragon Pulse|p1a: Cresselia
|-damage|p1a: Cresselia|55/100
|-enditem|p1a: Cresselia|Eject Button
|
|t:|1769351958
|switch|p1a: Great Tusk|Great Tusk|100/100
|-activate|p1a: Great Tusk|ability: Protosynthesis
|-start|p1a: Great Tusk|protosynthesisspe
|
|-weather|SunnyDay|[upkeep]
|upkeep
|turn|5
|
|t:|1769351964
|move|p1a: Great Tusk|Close Combat|p2a: Latias
|-damage|p2a: Latias|63/100
|-unboost|p1a: Great Tusk|def|1
|-unboost|p1a: Great Tusk|spd|1
|-enditem|p1a: Great Tusk|Eject Pack
|
|t:|1769351967
|-end|p1a: Great Tusk|Protosynthesis|[silent]
|switch|p1a: Cresselia|Cresselia, F|55/100
|move|p2a: Latias|Psyshock|p1a: Cresselia
|-resisted|p1a: Cresselia
|-damage|p1a: Cresselia|33/100
|
|-weather|SunnyDay|[upkeep]
|-heal|p2a: Latias|69/100|[from] item: Leftovers
|upkeep
|turn|6
|
|t:|1769351973
|switch|p1a: Cinderace|Cinderace, F|100/100
|move|p2a: Latias|Calm Mind|p2a: Latias
|-boost|p2a: Latias|spa|1
|-boost|p2a: Latias|spd|1
|
|-weather|SunnyDay|[upkeep]
|-heal|p2a: Latias|75/100|[from] item: Leftovers
|upkeep
|turn|7
|
|t:|1769351978
|-terastallize|p1a: Cinderace|Fire
|move|p1a: Cinderace|Pyro Ball|p2a: Latias
|-crit|p2a: Latias
|-damage|p2a: Latias|0 fnt
|faint|p2a: Latias
|
|-weather|SunnyDay|[upkeep]
|upkeep
|
|t:|1769351986
|switch|p2a: Gengar|Gengar, M|100/100
|turn|8
|
|t:|1769351996
|switch|p1a: Cresselia|Cresselia, F|33/100
|move|p2a: Gengar|Shadow Ball|p1a: Cresselia
|-supereffective|p1a: Cresselia
|-damage|p1a: Cresselia|0 fnt
|faint|p1a: Cresselia
|
|-weather|none
|upkeep
|
|t:|1769352002
|switch|p1a: Ninetales|Ninetales, F|100/100
|-weather|SunnyDay|[from] ability: Drought|[of] p1a: Ninetales
|turn|9
|
|t:|1769352009
|switch|p1a: Great Tusk|Great Tusk|100/100
|-activate|p1a: Great Tusk|ability: Protosynthesis
|-start|p1a: Great Tusk|protosynthesisspe
|move|p2a: Gengar|Shadow Ball|p1a: Great Tusk
|-damage|p1a: Great Tusk|37/100
|
|-weather|SunnyDay|[upkeep]
|upkeep
|turn|10
|
|t:|1769352013
|switch|p2a: Corviknight|Corviknight, F|100/100
|-ability|p2a: Corviknight|Pressure
|move|p1a: Great Tusk|Headlong Rush|p2a: Corviknight
|-immune|p2a: Corviknight
|
|-weather|SunnyDay|[upkeep]
|upkeep
|turn|11
|
|t:|1769352016
|move|p1a: Great Tusk|Temper Flare|p2a: Corviknight
|-supereffective|p2a: Corviknight
|-damage|p2a: Corviknight|24/100
|-damage|p1a: Great Tusk|20/100|[from] item: Rocky Helmet|[of] p2a: Corviknight
|move|p2a: Corviknight|U-turn|p1a: Great Tusk
|-resisted|p1a: Great Tusk
|-damage|p1a: Great Tusk|15/100
|
|t:|1769352021
|switch|p2a: Crawdaunt|Crawdaunt, F|100/100|[from] U-turn
|
|-weather|SunnyDay|[upkeep]
|upkeep
|turn|12
|
|t:|1769352025
|-end|p1a: Great Tusk|Protosynthesis|[silent]
|switch|p1a: Walking Wake|Walking Wake|100/100
|-activate|p1a: Walking Wake|ability: Protosynthesis
|-start|p1a: Walking Wake|protosynthesisspa
|move|p2a: Crawdaunt|Aqua Jet|p1a: Walking Wake
|-resisted|p1a: Walking Wake
|-damage|p1a: Walking Wake|95/100
|-damage|p2a: Crawdaunt|91/100|[from] item: Life Orb
|
|-weather|SunnyDay|[upkeep]
|upkeep
|turn|13
|
|t:|1769352029
|move|p1a: Walking Wake|Hydro Steam|p2a: Crawdaunt
|-resisted|p2a: Crawdaunt
|-damage|p2a: Crawdaunt|0 fnt
|faint|p2a: Crawdaunt
|
|-weather|SunnyDay|[upkeep]
|upkeep
|
|t:|1769352037
|switch|p2a: Gengar|Gengar, M|100/100
|turn|14
|
|t:|1769352049
|move|p2a: Gengar|Shadow Ball|p1a: Walking Wake
|-damage|p1a: Walking Wake|40/100
|move|p1a: Walking Wake|Hydro Steam|p2a: Gengar
|-damage|p2a: Gengar|0 fnt
|faint|p2a: Gengar
|
|-weather|SunnyDay|[upkeep]
|upkeep
|
|t:|1769352054
|switch|p2a: Jolteon|Jolteon, F|100/100
|turn|15
|
|t:|1769352060
|move|p2a: Jolteon|Alluring Voice|p1a: Walking Wake
|-supereffective|p1a: Walking Wake
|-damage|p1a: Walking Wake|0 fnt
|faint|p1a: Walking Wake
|-end|p1a: Walking Wake|Protosynthesis|[silent]
|
|-weather|SunnyDay|[upkeep]
|upkeep
|
|t:|1769352063
|switch|p1a: Great Tusk|Great Tusk|15/100
|-activate|p1a: Great Tusk|ability: Protosynthesis
|-start|p1a: Great Tusk|protosynthesisspe
|turn|16
|
|t:|1769352066
|switch|p2a: Corviknight|Corviknight, F|24/100
|-ability|p2a: Corviknight|Pressure
|move|p1a: Great Tusk|Temper Flare|p2a: Corviknight
|-supereffective|p2a: Corviknight
|-crit|p2a: Corviknight
|-damage|p2a: Corviknight|0 fnt
|-damage|p1a: Great Tusk|0 fnt|[from] item: Rocky Helmet|[of] p2a: Corviknight
|faint|p2a: Corviknight
|faint|p1a: Great Tusk
|-end|p1a: Great Tusk|Protosynthesis|[silent]
|
|-weather|none
|upkeep
|
|t:|1769352072
|switch|p1a: Ninetales|Ninetales, F|100/100
|switch|p2a: Mienshao|Mienshao, M|100/100
|-weather|SunnyDay|[from] ability: Drought|[of] p1a: Ninetales
|turn|17
|
|t:|1769352076
|move|p2a: Mienshao|Close Combat|p1a: Ninetales
|-damage|p1a: Ninetales|23/100
|-unboost|p2a: Mienshao|def|1
|-unboost|p2a: Mienshao|spd|1
|move|p1a: Ninetales|Overheat|p2a: Mienshao
|-damage|p2a: Mienshao|0 fnt
|-unboost|p1a: Ninetales|spa|2
|faint|p2a: Mienshao
|
|-weather|SunnyDay|[upkeep]
|upkeep
|
|t:|1769352078
|switch|p2a: Jolteon|Jolteon, F|100/100
|turn|18
|
|t:|1769352085
|move|p2a: Jolteon|Thunderbolt|p1a: Ninetales
|-damage|p1a: Ninetales|0 fnt
|faint|p1a: Ninetales
|
|-weather|SunnyDay|[upkeep]
|upkeep
|
|t:|1769352087
|switch|p1a: Cinderace|Cinderace, F, tera:Fire|100/100
|turn|19
|
|t:|1769352089
|move|p1a: Cinderace|Pyro Ball|p2a: Jolteon
|-damage|p2a: Jolteon|0 fnt
|faint|p2a: Jolteon
|
|win|karakel
|raw|karakel's rating: 1371 &rarr; <strong>1392</strong><br />(+21 for winning)
|raw|theboby's rating: 1380 &rarr; <strong>1359</strong><br />(-21 for losing)
|l|☆theboby
|player|p2|
|l|☆karakel
|player|p1|
