|j|☆nic buzz
|j|☆akylios5003
|t:|1769409828
|gametype|singles
|player|p1|nic buzz|101|1383
|player|p2|akylios5003|red|1362
|gen|9
|tier|[Gen 9] OU
|rated|
|rule|HP Percentage Mod: HP is shown in percentages
|rule|Endless Battle Clause: Forcing endless battles is banned
|rule|Species Clause: Limit one of each Pokémon
|rule|OHKO Clause: OHKO moves are banned
|rule|Evasion Items Clause: Evasion items are banned
|rule|Evasion Moves Clause: Evasion moves are banned
|rule|Evasion Abilities Clause: Evasion abilities are banned
|rule|Sleep Moves Clause: Sleep-inducing moves are banned
|clearpoke
|poke|p1|Great Tusk|
|poke|p1|Ogerpon-Wellspring, F|
|poke|p1|Garganacl, M|
|poke|p1|Enamorus, F|
|poke|p1|Kingambit, F|
|poke|p1|Skeledirge, F|
|poke|p2|Araquanid, M|
|poke|p2|Gholdengo|
|poke|p2|Kingambit, M|
|poke|p2|Raging Bolt|
|poke|p2|Enamorus, F|
|poke|p2|Iron Moth|
|teampreview
|inactive|Battle timer is ON: inactive players will automatically lose when time's up. (requested by akylios5003)
|
|t:|1769409840
|teamsize|p1|6
|teamsize|p2|6
|start
|switch|p1a: Enamorus|Enamorus, F|100/100
|switch|p2a: Spooderman|Araquanid, M|100/100
|turn|1
|
|t:|1769409849
|move|p1a: Enamorus|Moonblast|p2a: Spooderman
|-damage|p2a: Spooderman|43/100
|move|p2a: Spooderman|Sticky Web|p1a: Enamorus
|-sidestart|p1: nic buzz|move: Sticky Web
|
|upkeep
|turn|2
|
|t:|1769409858
|move|p1a: Enamorus|Moonblast|p2a: Spooderman
|-damage|p2a: Spooderman|0 fnt
|faint|p2a: Spooderman
|
|upkeep
|inactive|akylios5003 has 120 seconds left.
|
|t:|1769409893
|switch|p2a: BigMoneeeeey|Gholdengo|100/100
|-item|p2a: BigMoneeeeey|Air Balloon
|turn|3
|
|t:|1769409903
|switch|p1a: Kingambit|Kingambit, F|100/100
|-activate|p1a: Kingambit|move: Sticky Web
|-unboost|p1a: Kingambit|spe|1
|move|p2a: BigMoneeeeey|Nasty Plot|p2a: BigMoneeeeey
|-boost|p2a: BigMoneeeeey|spa|2
|
|upkeep
|turn|4
|
|t:|1769409916
|-terastallize|p2a: BigMoneeeeey|Flying
|move|p1a: Kingambit|Sucker Punch||[still]
|-fail|p1a: Kingambit
|move|p2a: BigMoneeeeey|Nasty Plot|p2a: BigMoneeeeey
|-boost|p2a: BigMoneeeeey|spa|2
|
|upkeep
|turn|5
|
|t:|1769409928
|move|p2a: BigMoneeeeey|Make It Rain|p1a: Kingambit
|-resisted|p1a: Kingambit
|-damage|p1a: Kingambit|0 fnt
|-unboost|p2a: BigMoneeeeey|spa|1
|faint|p1a: Kingambit
|-end|p1a: Kingambit|fallenundefined|[silent]
|
|upkeep
|
|t:|1769409944
|switch|p1a: Enamorus|Enamorus, F|100/100
|turn|6
|
|t:|1769409961
|-terastallize|p1a: Enamorus|Fairy
|move|p1a: Enamorus|Moonblast|p2a: BigMoneeeeey
|-damage|p2a: BigMoneeeeey|0 fnt
|-enditem|p2a: BigMoneeeeey|Air Balloon
|faint|p2a: BigMoneeeeey
|
|upkeep
|inactive|akylios5003 has 120 seconds left.
|
|t:|1769409971
|switch|p2a: Bug|Iron Moth|100/100
|-enditem|p2a: Bug|Booster Energy
|-activate|p2a: Bug|ability: Quark Drive|[fromitem]
|-start|p2a: Bug|quarkdrivespa
|turn|7
|
|t:|1769409981
|switch|p1a: Great Tusk|Great Tusk|100/100
|move|p2a: Bug|Sludge Wave|p1a: Great Tusk
|-resisted|p1a: Great Tusk
|-damage|p1a: Great Tusk|52/100
|
|upkeep
|turn|8
|
|t:|1769409991
|move|p2a: Bug|Energy Ball|p1a: Great Tusk
|-supereffective|p1a: Great Tusk
|-damage|p1a: Great Tusk|0 fnt
|faint|p1a: Great Tusk
|-end|p1a: Great Tusk|Protosynthesis|[silent]
|
|upkeep
|
|t:|1769410009
|switch|p1a: Garganacl|Garganacl, M|100/100
|-activate|p1a: Garganacl|move: Sticky Web
|-unboost|p1a: Garganacl|spe|1
|turn|9
|
|t:|1769410020
|move|p2a: Bug|Energy Ball|p1a: Garganacl
|-supereffective|p1a: Garganacl
|-damage|p1a: Garganacl|44/100
|move|p1a: Garganacl|Salt Cure|p2a: Bug
|-supereffective|p2a: Bug
|-damage|p2a: Bug|51/100
|-start|p2a: Bug|Salt Cure
|
|-heal|p1a: Garganacl|50/100|[from] item: Leftovers
|-damage|p2a: Bug|38/100|[from] Salt Cure
|upkeep
|turn|10
|
|t:|1769410039
|-end|p2a: Bug|Quark Drive|[silent]
|switch|p2a: Funny giraffe|Raging Bolt|100/100
|-enditem|p2a: Funny giraffe|Booster Energy
|-activate|p2a: Funny giraffe|ability: Protosynthesis|[fromitem]
|-start|p2a: Funny giraffe|protosynthesisspa
|move|p1a: Garganacl|Protect||[still]
|-fail|p1a: Garganacl
|
|-heal|p1a: Garganacl|56/100|[from] item: Leftovers
|upkeep
|turn|11
|
|t:|1769410050
|move|p2a: Funny giraffe|Calm Mind|p2a: Funny giraffe
|-boost|p2a: Funny giraffe|spa|1
|-boost|p2a: Funny giraffe|spd|1
|move|p1a: Garganacl|Salt Cure|p2a: Funny giraffe
|-damage|p2a: Funny giraffe|88/100
|-start|p2a: Funny giraffe|Salt Cure
|
|-heal|p1a: Garganacl|62/100|[from] item: Leftovers
|-damage|p2a: Funny giraffe|76/100|[from] Salt Cure
|upkeep
|turn|12
|
|t:|1769410058
|move|p1a: Garganacl|Protect|p1a: Garganacl
|-singleturn|p1a: Garganacl|Protect
|move|p2a: Funny giraffe|Calm Mind|p2a: Funny giraffe
|-boost|p2a: Funny giraffe|spa|1
|-boost|p2a: Funny giraffe|spd|1
|
|-heal|p1a: Garganacl|68/100|[from] item: Leftovers
|-damage|p2a: Funny giraffe|63/100|[from] Salt Cure
|upkeep
|turn|13
|
|t:|1769410065
|move|p2a: Funny giraffe|Thunderbolt|p1a: Garganacl
|-damage|p1a: Garganacl|0 fnt
|faint|p1a: Garganacl
|
|-damage|p2a: Funny giraffe|51/100|[from] Salt Cure
|upkeep
|
|t:|1769410067
|switch|p1a: Skeledirge|Skeledirge, F|100/100
|turn|14
|
|t:|1769410078
|move|p2a: Funny giraffe|Dragon Pulse|p1a: Skeledirge
|-damage|p1a: Skeledirge|43/100
|move|p1a: Skeledirge|Hex|p2a: Funny giraffe
|-damage|p2a: Funny giraffe|30/100
|
|-damage|p2a: Funny giraffe|17/100|[from] Salt Cure
|upkeep
|turn|15
|
|t:|1769410088
|switch|p1a: Enamorus|Enamorus, F, tera:Fairy|100/100
|-activate|p1a: Enamorus|move: Sticky Web
|-boost|p1a: Enamorus|spe|1
|move|p2a: Funny giraffe|Thunderbolt|p1a: Enamorus
|-damage|p1a: Enamorus|0 fnt
|faint|p1a: Enamorus
|
|-damage|p2a: Funny giraffe|5/100|[from] Salt Cure
|upkeep
|
|t:|1769410097
|switch|p1a: Ogerpon|Ogerpon-Wellspring, F|100/100
|-activate|p1a: Ogerpon|move: Sticky Web
|-unboost|p1a: Ogerpon|spe|1
|turn|16
|
|t:|1769410105
|move|p2a: Funny giraffe|Thunderbolt|p1a: Ogerpon
|-damage|p1a: Ogerpon|0 fnt
|faint|p1a: Ogerpon
|
|-damage|p2a: Funny giraffe|0 fnt|[from] Salt Cure
|faint|p2a: Funny giraffe
|-end|p2a: Funny giraffe|Protosynthesis|[silent]
|upkeep
|
|t:|1769410121
|switch|p1a: Skeledirge|Skeledirge, F|43/100
|switch|p2a: Tf even is this?|Enamorus, F|100/100
|turn|17
|-message|nic buzz forfeited.
|
|win|akylios5003
|raw|nic buzz's rating: 1383 &rarr; <strong>1362</strong><br />(-21 for losing)
|raw|akylios5003's rating: 1362 &rarr; <strong>1383</strong><br />(+21 for winning)
|l|☆nic buzz
|player|p1|
|c|☆akylios5003|Gg
|l|☆akylios5003
|player|p2|
