|j|☆DANILR5TDWL
|j|☆SDLU
|t:|1769338041
|gametype|singles
|player|p1|DANILR5TDWL|roxie|1452
|player|p2|SDLU|265|1422
|gen|9
|tier|[Gen 9] OU
|rated|
|rule|HP Percentage Mod: HP is shown in percentages
|rule|Endless Battle Clause: Forcing endless battles is banned
|rule|Species Clause: Limit one of each Pokémon
|rule|OHKO Clause: OHKO moves are banned
|rule|Evasion Items Clause: Evasion items are banned
|rule|Evasion Moves Clause: Evasion moves are banned
|rule|Evasion Abilities Clause: Evasion abilities are banned
|rule|Sleep Moves Clause: Sleep-inducing moves are banned
|clearpoke
|poke|p1|Alomomola, F|
|poke|p1|Dragapult, M|
|poke|p1|Clodsire, F|
|poke|p1|Iron Valiant|
|poke|p1|Gholdengo|
|poke|p1|Corviknight, M|
|poke|p2|Dragapult, F|
|poke|p2|Blaziken, F|
|poke|p2|Skeledirge, M|
|poke|p2|Garganacl, F|
|poke|p2|Corviknight, M|
|poke|p2|Rotom-Wash|
|teampreview
|inactive|Battle timer is ON: inactive players will automatically lose when time's up. (requested by SDLU)
|
|t:|1769338062
|teamsize|p1|6
|teamsize|p2|6
|start
|switch|p1a: Gholdengo|Gholdengo|100/100
|switch|p2a: Garganacl|Garganacl, F|100/100
|turn|1
|
|t:|1769338066
|move|p2a: Garganacl|Protect|p2a: Garganacl
|-singleturn|p2a: Garganacl|Protect
|move|p1a: Gholdengo|Make It Rain|p2a: Garganacl
|-activate|p2a: Garganacl|move: Protect
|
|upkeep
|turn|2
|
|t:|1769338080
|switch|p2a: Rotom|Rotom-Wash|100/100
|move|p1a: Gholdengo|Make It Rain|p2a: Rotom
|-resisted|p2a: Rotom
|-damage|p2a: Rotom|74/100
|-unboost|p1a: Gholdengo|spa|1
|
|upkeep
|turn|3
|
|t:|1769338088
|switch|p1a: Clodsire|Clodsire, F|100/100
|move|p2a: Rotom|Trick|p1a: Clodsire
|-activate|p2a: Rotom|move: Trick|[of] p1a: Clodsire
|-item|p1a: Clodsire|Choice Specs|[from] move: Trick
|-item|p2a: Rotom|Black Sludge|[from] move: Trick
|
|-damage|p2a: Rotom|62/100|[from] item: Black Sludge
|upkeep
|turn|4
|
|t:|1769338099
|switch|p2a: Garganacl|Garganacl, F|100/100
|move|p1a: Clodsire|Stealth Rock|p2a: Garganacl
|-sidestart|p2: SDLU|move: Stealth Rock
|
|upkeep
|turn|5
|
|t:|1769338109
|switch|p1a: Alomomola|Alomomola, F, shiny|100/100
|move|p2a: Garganacl|Salt Cure|p1a: Alomomola
|-damage|p1a: Alomomola|93/100
|-start|p1a: Alomomola|Salt Cure
|
|-heal|p1a: Alomomola|99/100|[from] item: Leftovers
|-damage|p1a: Alomomola|74/100|[from] Salt Cure
|upkeep
|turn|6
|
|t:|1769338120
|move|p2a: Garganacl|Protect|p2a: Garganacl
|-singleturn|p2a: Garganacl|Protect
|move|p1a: Alomomola|Wish|p1a: Alomomola
|
|-heal|p1a: Alomomola|80/100|[from] item: Leftovers
|-damage|p1a: Alomomola|56/100|[from] Salt Cure
|upkeep
|turn|7
|
|t:|1769338130
|move|p1a: Alomomola|Whirlpool|p2a: Garganacl
|-supereffective|p2a: Garganacl
|-damage|p2a: Garganacl|93/100
|-activate|p2a: Garganacl|move: Whirlpool|[of] p1a: Alomomola
|move|p2a: Garganacl|Stealth Rock|p1a: Alomomola
|-sidestart|p1: DANILR5TDWL|move: Stealth Rock
|
|-heal|p1a: Alomomola|100/100|[from] move: Wish|[wisher] Alomomola
|-heal|p2a: Garganacl|99/100|[from] item: Leftovers
|-damage|p1a: Alomomola|76/100|[from] Salt Cure
|-damage|p2a: Garganacl|86/100|[from] move: Whirlpool|[partiallytrapped]
|upkeep
|turn|8
|
|t:|1769338145
|move|p1a: Alomomola|Flip Turn|p2a: Garganacl
|-supereffective|p2a: Garganacl
|-damage|p2a: Garganacl|64/100
|
|t:|1769338148
|switch|p1a: Corviknight|Corviknight, M|100/100|[from] Flip Turn
|-damage|p1a: Corviknight|88/100|[from] Stealth Rock
|-ability|p1a: Corviknight|Pressure
|move|p2a: Garganacl|Salt Cure|p1a: Corviknight
|-damage|p1a: Corviknight|80/100
|-start|p1a: Corviknight|Salt Cure
|
|-heal|p2a: Garganacl|70/100|[from] item: Leftovers
|-damage|p1a: Corviknight|56/100|[from] Salt Cure
|-end|p2a: Garganacl|Whirlpool|[partiallytrapped]|[silent]
|upkeep
|turn|9
|
|t:|1769338161
|switch|p1a: Alomomola|Alomomola, F, shiny|100/100
|-damage|p1a: Alomomola|88/100|[from] Stealth Rock
|move|p2a: Garganacl|Protect||[still]
|-fail|p2a: Garganacl
|
|-heal|p1a: Alomomola|94/100|[from] item: Leftovers
|-heal|p2a: Garganacl|76/100|[from] item: Leftovers
|upkeep
|turn|10
|
|t:|1769338166
|switch|p2a: Rotom|Rotom-Wash|62/100
|-damage|p2a: Rotom|49/100|[from] Stealth Rock
|move|p1a: Alomomola|Wish|p1a: Alomomola
|
|-damage|p2a: Rotom|37/100|[from] item: Black Sludge
|-heal|p1a: Alomomola|100/100|[from] item: Leftovers
|upkeep
|turn|11
|
|t:|1769338173
|move|p1a: Alomomola|Protect|p1a: Alomomola
|-singleturn|p1a: Alomomola|Protect
|move|p2a: Rotom|Volt Switch|p1a: Alomomola
|-activate|p1a: Alomomola|move: Protect
|
|-damage|p2a: Rotom|24/100|[from] item: Black Sludge
|upkeep
|turn|12
|
|t:|1769338181
|switch|p1a: Clodsire|Clodsire, F|100/100
|-damage|p1a: Clodsire|94/100|[from] Stealth Rock
|move|p2a: Rotom|Volt Switch|p1a: Clodsire
|-immune|p1a: Clodsire
|
|-damage|p2a: Rotom|12/100|[from] item: Black Sludge
|upkeep
|turn|13
|
|t:|1769338194
|switch|p2a: Garganacl|Garganacl, F|76/100
|-damage|p2a: Garganacl|64/100|[from] Stealth Rock
|switch|p1a: Alomomola|Alomomola, F, shiny|100/100
|-damage|p1a: Alomomola|88/100|[from] Stealth Rock
|
|-heal|p1a: Alomomola|94/100|[from] item: Leftovers
|-heal|p2a: Garganacl|70/100|[from] item: Leftovers
|upkeep
|turn|14
|
|t:|1769338203
|move|p2a: Garganacl|Protect|p2a: Garganacl
|-singleturn|p2a: Garganacl|Protect
|move|p1a: Alomomola|Whirlpool|p2a: Garganacl
|-activate|p2a: Garganacl|move: Protect
|
|-heal|p1a: Alomomola|100/100|[from] item: Leftovers
|-heal|p2a: Garganacl|76/100|[from] item: Leftovers
|upkeep
|turn|15
|inactive|SDLU has 120 seconds left.
|
|t:|1769338241
|move|p1a: Alomomola|Whirlpool|p2a: Garganacl
|-supereffective|p2a: Garganacl
|-damage|p2a: Garganacl|67/100
|-activate|p2a: Garganacl|move: Whirlpool|[of] p1a: Alomomola
|move|p2a: Garganacl|Salt Cure|p1a: Alomomola
|-damage|p1a: Alomomola|94/100
|-start|p1a: Alomomola|Salt Cure
|
|-heal|p1a: Alomomola|99/100|[from] item: Leftovers
|-heal|p2a: Garganacl|73/100|[from] item: Leftovers
|-damage|p1a: Alomomola|75/100|[from] Salt Cure
|-damage|p2a: Garganacl|61/100|[from] move: Whirlpool|[partiallytrapped]
|upkeep
|turn|16
|inactive|SDLU has 120 seconds left.
|
|t:|1769338253
|move|p1a: Alomomola|Wish|p1a: Alomomola
|move|p2a: Garganacl|Recover|p2a: Garganacl
|-heal|p2a: Garganacl|100/100
|
|-heal|p1a: Alomomola|81/100|[from] item: Leftovers
|-damage|p1a: Alomomola|56/100|[from] Salt Cure
|-damage|p2a: Garganacl|88/100|[from] move: Whirlpool|[partiallytrapped]
|upkeep
|turn|17
|
|t:|1769338257
|switch|p1a: Corviknight|Corviknight, M|56/100
|-damage|p1a: Corviknight|43/100|[from] Stealth Rock
|-ability|p1a: Corviknight|Pressure
|move|p2a: Garganacl|Salt Cure|p1a: Corviknight
|-damage|p1a: Corviknight|34/100
|-start|p1a: Corviknight|Salt Cure
|
|-heal|p1a: Corviknight|100/100|[from] move: Wish|[wisher] Alomomola
|-heal|p2a: Garganacl|94/100|[from] item: Leftovers
|-damage|p1a: Corviknight|76/100|[from] Salt Cure
|-end|p2a: Garganacl|Whirlpool|[partiallytrapped]|[silent]
|upkeep
|turn|18
|
|t:|1769338269
|switch|p1a: Alomomola|Alomomola, F, shiny|90/100
|-damage|p1a: Alomomola|77/100|[from] Stealth Rock
|move|p2a: Garganacl|Salt Cure|p1a: Alomomola
|-damage|p1a: Alomomola|69/100
|-start|p1a: Alomomola|Salt Cure
|
|-heal|p1a: Alomomola|75/100|[from] item: Leftovers
|-heal|p2a: Garganacl|100/100|[from] item: Leftovers
|-damage|p1a: Alomomola|50/100|[from] Salt Cure
|upkeep
|turn|19
|
|t:|1769338280
|switch|p1a: Corviknight|Corviknight, M|76/100
|-damage|p1a: Corviknight|63/100|[from] Stealth Rock
|-ability|p1a: Corviknight|Pressure
|switch|p2a: Dragapult|Dragapult, F|100/100
|-damage|p2a: Dragapult|88/100|[from] Stealth Rock
|
|upkeep
|turn|20
|
|t:|1769338284
|-terastallize|p2a: Dragapult|Ghost
|move|p2a: Dragapult|Tera Blast|p1a: Corviknight|[anim] Tera Blast Ghost
|-damage|p1a: Corviknight|16/100
|move|p1a: Corviknight|Defog|p2a: Dragapult
|-unboost|p2a: Dragapult|evasion|1
|-sideend|p2: SDLU|Stealth Rock|[from] move: Defog|[of] p1a: Corviknight
|-sideend|p1: DANILR5TDWL|Stealth Rock|[from] move: Defog|[of] p1a: Corviknight
|
|upkeep
|turn|21
|
|t:|1769338292
|switch|p1a: Clodsire|Clodsire, F|94/100
|move|p2a: Dragapult|Tera Blast|p1a: Clodsire|[anim] Tera Blast Ghost
|-damage|p1a: Clodsire|13/100
|
|upkeep
|turn|22
|
|t:|1769338299
|switch|p1a: Alomomola|Alomomola, F, shiny|84/100
|move|p2a: Dragapult|Tera Blast|p1a: Alomomola|[anim] Tera Blast Ghost
|-damage|p1a: Alomomola|39/100
|
|-heal|p1a: Alomomola|45/100|[from] item: Leftovers
|upkeep
|turn|23
|
|t:|1769338304
|move|p1a: Alomomola|Protect|p1a: Alomomola
|-singleturn|p1a: Alomomola|Protect
|move|p2a: Dragapult|Tera Blast|p1a: Alomomola|[anim] Tera Blast Ghost
|-activate|p1a: Alomomola|move: Protect
|
|-heal|p1a: Alomomola|52/100|[from] item: Leftovers
|upkeep
|turn|24
|
|t:|1769338310
|move|p2a: Dragapult|Tera Blast|p1a: Alomomola|[anim] Tera Blast Ghost
|-damage|p1a: Alomomola|9/100
|move|p1a: Alomomola|Wish|p1a: Alomomola
|
|-heal|p1a: Alomomola|15/100|[from] item: Leftovers
|upkeep
|turn|25
|
|t:|1769338315
|move|p1a: Alomomola|Protect|p1a: Alomomola
|-singleturn|p1a: Alomomola|Protect
|move|p2a: Dragapult|Tera Blast|p1a: Alomomola|[anim] Tera Blast Ghost
|-activate|p1a: Alomomola|move: Protect
|
|-heal|p1a: Alomomola|65/100|[from] move: Wish|[wisher] Alomomola
|-heal|p1a: Alomomola|71/100|[from] item: Leftovers
|upkeep
|turn|26
|
|t:|1769338321
|switch|p2a: Rotom|Rotom-Wash|12/100
|move|p1a: Alomomola|Wish|p1a: Alomomola
|
|-damage|p2a: Rotom|0 fnt|[from] item: Black Sludge
|faint|p2a: Rotom
|-heal|p1a: Alomomola|77/100|[from] item: Leftovers
|upkeep
|
|t:|1769338329
|switch|p2a: Garganacl|Garganacl, F|100/100
|turn|27
|
|t:|1769338343
|move|p1a: Alomomola|Whirlpool|p2a: Garganacl
|-supereffective|p2a: Garganacl
|-damage|p2a: Garganacl|92/100
|-activate|p2a: Garganacl|move: Whirlpool|[of] p1a: Alomomola
|move|p2a: Garganacl|Salt Cure|p1a: Alomomola
|-damage|p1a: Alomomola|70/100
|-start|p1a: Alomomola|Salt Cure
|
|-heal|p1a: Alomomola|100/100|[from] move: Wish|[wisher] Alomomola
|-heal|p2a: Garganacl|98/100|[from] item: Leftovers
|-damage|p1a: Alomomola|76/100|[from] Salt Cure
|-damage|p2a: Garganacl|85/100|[from] move: Whirlpool|[partiallytrapped]
|upkeep
|turn|28
|
|t:|1769338353
|move|p1a: Alomomola|Flip Turn|p2a: Garganacl
|-supereffective|p2a: Garganacl
|-damage|p2a: Garganacl|62/100
|
|t:|1769338357
|switch|p1a: Gholdengo|Gholdengo|100/100|[from] Flip Turn
|move|p2a: Garganacl|Stealth Rock|p1a: Gholdengo
|-sidestart|p1: DANILR5TDWL|move: Stealth Rock
|
|-heal|p2a: Garganacl|68/100|[from] item: Leftovers
|-end|p2a: Garganacl|Whirlpool|[partiallytrapped]|[silent]
|upkeep
|turn|29
|
|t:|1769338368
|switch|p2a: Skeledirge|Skeledirge, M|100/100
|move|p1a: Gholdengo|Shadow Ball|p2a: Skeledirge
|-supereffective|p2a: Skeledirge
|-damage|p2a: Skeledirge|0 fnt
|faint|p2a: Skeledirge
|
|upkeep
|
|t:|1769338375
|switch|p2a: Dragapult|Dragapult, F, tera:Ghost|88/100
|turn|30
|
|t:|1769338381
|switch|p1a: Alomomola|Alomomola, F, shiny|100/100
|-damage|p1a: Alomomola|88/100|[from] Stealth Rock
|move|p2a: Dragapult|Tera Blast|p1a: Alomomola|[anim] Tera Blast Ghost
|-damage|p1a: Alomomola|47/100
|
|-heal|p1a: Alomomola|53/100|[from] item: Leftovers
|upkeep
|turn|31
|
|t:|1769338390
|switch|p2a: Blaziken|Blaziken, F|100/100
|move|p1a: Alomomola|Wish|p1a: Alomomola
|
|-heal|p1a: Alomomola|59/100|[from] item: Leftovers
|upkeep
|turn|32
|
|t:|1769338396
|move|p2a: Blaziken|Focus Energy|p2a: Blaziken
|-start|p2a: Blaziken|move: Focus Energy
|move|p1a: Alomomola|Flip Turn|p2a: Blaziken
|-supereffective|p2a: Blaziken
|-damage|p2a: Blaziken|53/100
|
|t:|1769338400
|switch|p1a: Corviknight|Corviknight, M|16/100|[from] Flip Turn
|-damage|p1a: Corviknight|4/100|[from] Stealth Rock
|-ability|p1a: Corviknight|Pressure
|
|-heal|p1a: Corviknight|71/100|[from] move: Wish|[wisher] Alomomola
|-ability|p2a: Blaziken|Speed Boost|boost
|-boost|p2a: Blaziken|spe|1
|upkeep
|turn|33
|
|t:|1769338402
|switch|p1a: Alomomola|Alomomola, F, shiny|92/100
|-damage|p1a: Alomomola|80/100|[from] Stealth Rock
|move|p2a: Blaziken|Overheat|p1a: Alomomola
|-resisted|p1a: Alomomola
|-crit|p1a: Alomomola
|-damage|p1a: Alomomola|16/100
|-unboost|p2a: Blaziken|spa|2
|
|-heal|p1a: Alomomola|22/100|[from] item: Leftovers
|-ability|p2a: Blaziken|Speed Boost|boost
|-boost|p2a: Blaziken|spe|1
|upkeep
|turn|34
|
|t:|1769338411
|move|p1a: Alomomola|Protect|p1a: Alomomola
|-singleturn|p1a: Alomomola|Protect
|move|p2a: Blaziken|Overheat|p1a: Alomomola
|-activate|p1a: Alomomola|move: Protect
|
|-heal|p1a: Alomomola|28/100|[from] item: Leftovers
|-ability|p2a: Blaziken|Speed Boost|boost
|-boost|p2a: Blaziken|spe|1
|upkeep
|turn|35
|
|t:|1769338416
|move|p2a: Blaziken|Overheat|p1a: Alomomola
|-resisted|p1a: Alomomola
|-crit|p1a: Alomomola
|-damage|p1a: Alomomola|0 fnt
|-unboost|p2a: Blaziken|spa|2
|faint|p1a: Alomomola
|
|-ability|p2a: Blaziken|Speed Boost|boost
|-boost|p2a: Blaziken|spe|1
|upkeep
|
|t:|1769338444
|switch|p1a: Dragapult|Dragapult, M|100/100
|-damage|p1a: Dragapult|88/100|[from] Stealth Rock
|turn|36
|
|t:|1769338470
|switch|p2a: Corviknight|Corviknight, M|100/100
|move|p1a: Dragapult|Dragon Darts|p2a: Corviknight
|-resisted|p2a: Corviknight
|-damage|p2a: Corviknight|92/100
|-anim|p1a: Dragapult|Dragon Darts|p2a: Corviknight
|-resisted|p2a: Corviknight
|-damage|p2a: Corviknight|85/100
|
|upkeep
|turn|37
|
|t:|1769338477
|move|p1a: Dragapult|Will-O-Wisp|p2a: Corviknight
|-status|p2a: Corviknight|brn
|move|p2a: Corviknight|U-turn|p1a: Dragapult
|-resisted|p1a: Dragapult
|-damage|p1a: Dragapult|83/100
|
|t:|1769338480
|switch|p2a: Dragapult|Dragapult, F, tera:Ghost|88/100|[from] U-turn
|
|upkeep
|turn|38
|
|t:|1769338486
|move|p2a: Dragapult|Sucker Punch|p1a: Dragapult
|-supereffective|p1a: Dragapult
|-damage|p1a: Dragapult|0 fnt
|faint|p1a: Dragapult
|
|upkeep
|
|t:|1769338493
|switch|p1a: Corviknight|Corviknight, M|71/100
|-damage|p1a: Corviknight|59/100|[from] Stealth Rock
|-ability|p1a: Corviknight|Pressure
|turn|39
|
|t:|1769338501
|switch|p2a: Corviknight|Corviknight, M|85/100 brn
|move|p1a: Corviknight|Roost|p1a: Corviknight
|-heal|p1a: Corviknight|100/100
|-singleturn|p1a: Corviknight|move: Roost
|
|-damage|p2a: Corviknight|79/100 brn|[from] brn
|upkeep
|turn|40
|
|t:|1769338507
|move|p2a: Corviknight|U-turn|p1a: Corviknight
|-resisted|p1a: Corviknight
|-damage|p1a: Corviknight|99/100
|-damage|p2a: Corviknight|62/100 brn|[from] item: Rocky Helmet|[of] p1a: Corviknight
|
|t:|1769338511
|switch|p2a: Garganacl|Garganacl, F|68/100|[from] U-turn
|move|p1a: Corviknight|Defog|p2a: Garganacl
|-unboost|p2a: Garganacl|evasion|1
|-sideend|p1: DANILR5TDWL|Stealth Rock|[from] move: Defog|[of] p1a: Corviknight
|
|-heal|p2a: Garganacl|74/100|[from] item: Leftovers
|upkeep
|turn|41
|
|t:|1769338519
|move|p1a: Corviknight|U-turn|p2a: Garganacl
|-damage|p2a: Garganacl|63/100
|
|t:|1769338520
|switch|p1a: Clodsire|Clodsire, F|13/100|[from] U-turn
|move|p2a: Garganacl|Salt Cure|p1a: Clodsire
|-resisted|p1a: Clodsire
|-damage|p1a: Clodsire|5/100
|-start|p1a: Clodsire|Salt Cure
|
|-heal|p2a: Garganacl|69/100|[from] item: Leftovers
|-damage|p1a: Clodsire|0 fnt|[from] Salt Cure
|faint|p1a: Clodsire
|upkeep
|
|t:|1769338522
|switch|p1a: Gholdengo|Gholdengo|100/100
|turn|42
|
|t:|1769338529
|switch|p2a: Corviknight|Corviknight, M|62/100 brn
|move|p1a: Gholdengo|Make It Rain|p2a: Corviknight
|-resisted|p2a: Corviknight
|-damage|p2a: Corviknight|13/100 brn
|-unboost|p1a: Gholdengo|spa|1
|
|-damage|p2a: Corviknight|7/100 brn|[from] brn
|upkeep
|turn|43
|
|t:|1769338535
|move|p1a: Gholdengo|Make It Rain|p2a: Corviknight
|-resisted|p2a: Corviknight
|-damage|p2a: Corviknight|0 fnt
|-unboost|p1a: Gholdengo|spa|1
|faint|p2a: Corviknight
|
|upkeep
|
|t:|1769338543
|switch|p2a: Dragapult|Dragapult, F, tera:Ghost|88/100
|turn|44
|
|t:|1769338550
|switch|p1a: Corviknight|Corviknight, M|99/100
|-ability|p1a: Corviknight|Pressure
|move|p2a: Dragapult|Tera Blast|p1a: Corviknight|[anim] Tera Blast Ghost
|-damage|p1a: Corviknight|52/100
|
|upkeep
|turn|45
|
|t:|1769338557
|switch|p2a: Garganacl|Garganacl, F|69/100
|move|p1a: Corviknight|Roost|p1a: Corviknight
|-heal|p1a: Corviknight|100/100
|-singleturn|p1a: Corviknight|move: Roost
|
|-heal|p2a: Garganacl|75/100|[from] item: Leftovers
|upkeep
|turn|46
|
|t:|1769338564
|move|p1a: Corviknight|U-turn|p2a: Garganacl
|-damage|p2a: Garganacl|65/100
|
|t:|1769338566
|switch|p1a: Gholdengo|Gholdengo|100/100|[from] U-turn
|move|p2a: Garganacl|Salt Cure|p1a: Gholdengo
|-resisted|p1a: Gholdengo
|-damage|p1a: Gholdengo|93/100
|-start|p1a: Gholdengo|Salt Cure
|
|-heal|p2a: Garganacl|71/100|[from] item: Leftovers
|-damage|p1a: Gholdengo|68/100|[from] Salt Cure
|upkeep
|turn|47
|
|t:|1769338575
|switch|p1a: Iron Valiant|Iron Valiant|100/100
|move|p2a: Garganacl|Protect||[still]
|-fail|p2a: Garganacl
|
|-heal|p2a: Garganacl|77/100|[from] item: Leftovers
|upkeep
|turn|48
|
|t:|1769338591
|move|p1a: Iron Valiant|Encore|p2a: Garganacl
|-start|p2a: Garganacl|Encore
|move|p2a: Garganacl|Protect||[still]
|-fail|p2a: Garganacl
|
|-heal|p2a: Garganacl|83/100|[from] item: Leftovers
|upkeep
|turn|49
|
|t:|1769338598
|switch|p2a: Blaziken|Blaziken, F|53/100
|move|p1a: Iron Valiant|Moonblast|p2a: Blaziken
|-damage|p2a: Blaziken|0 fnt
|faint|p2a: Blaziken
|
|upkeep
|
|t:|1769338605
|switch|p2a: Dragapult|Dragapult, F, tera:Ghost|88/100
|turn|50
|
|t:|1769338613
|move|p2a: Dragapult|Tera Blast|p1a: Iron Valiant|[anim] Tera Blast Ghost
|-damage|p1a: Iron Valiant|1/100
|move|p1a: Iron Valiant|Destiny Bond|p1a: Iron Valiant
|-singlemove|p1a: Iron Valiant|Destiny Bond
|
|upkeep
|turn|51
|
|t:|1769338622
|move|p2a: Dragapult|Tera Blast|p1a: Iron Valiant|[anim] Tera Blast Ghost
|-damage|p1a: Iron Valiant|0 fnt
|faint|p1a: Iron Valiant
|-activate|p1a: Iron Valiant|move: Destiny Bond
|-end|p1a: Iron Valiant|Quark Drive|[silent]
|faint|p2a: Dragapult
|
|upkeep
|
|t:|1769338629
|switch|p2a: Garganacl|Garganacl, F|83/100
|switch|p1a: Gholdengo|Gholdengo|68/100
|turn|52
|
|t:|1769338635
|move|p2a: Garganacl|Protect|p2a: Garganacl
|-singleturn|p2a: Garganacl|Protect
|move|p1a: Gholdengo|Shadow Ball|p2a: Garganacl
|-activate|p2a: Garganacl|move: Protect
|
|-heal|p2a: Garganacl|89/100|[from] item: Leftovers
|upkeep
|turn|53
|
|t:|1769338638
|move|p1a: Gholdengo|Shadow Ball|p2a: Garganacl
|-damage|p2a: Garganacl|66/100
|move|p2a: Garganacl|Salt Cure|p1a: Gholdengo
|-resisted|p1a: Gholdengo
|-damage|p1a: Gholdengo|60/100
|-start|p1a: Gholdengo|Salt Cure
|
|-heal|p2a: Garganacl|72/100|[from] item: Leftovers
|-damage|p1a: Gholdengo|35/100|[from] Salt Cure
|upkeep
|turn|54
|
|t:|1769338644
|switch|p1a: Corviknight|Corviknight, M|100/100
|-ability|p1a: Corviknight|Pressure
|move|p2a: Garganacl|Recover|p2a: Garganacl
|-heal|p2a: Garganacl|100/100
|
|upkeep
|turn|55
|
|t:|1769338654
|move|p1a: Corviknight|Brave Bird|p2a: Garganacl
|-resisted|p2a: Garganacl
|-damage|p2a: Garganacl|89/100
|-damage|p1a: Corviknight|96/100|[from] Recoil
|move|p2a: Garganacl|Stealth Rock|p1a: Corviknight
|-sidestart|p1: DANILR5TDWL|move: Stealth Rock
|
|-heal|p2a: Garganacl|95/100|[from] item: Leftovers
|upkeep
|turn|56
|
|t:|1769338661
|move|p1a: Corviknight|Defog|p2a: Garganacl
|-unboost|p2a: Garganacl|evasion|1
|-sideend|p1: DANILR5TDWL|Stealth Rock|[from] move: Defog|[of] p1a: Corviknight
|move|p2a: Garganacl|Salt Cure|p1a: Corviknight
|-damage|p1a: Corviknight|88/100
|-start|p1a: Corviknight|Salt Cure
|
|-heal|p2a: Garganacl|100/100|[from] item: Leftovers
|-damage|p1a: Corviknight|63/100|[from] Salt Cure
|upkeep
|turn|57
|
|t:|1769338666
|move|p1a: Corviknight|U-turn|p2a: Garganacl
|-damage|p2a: Garganacl|90/100
|
|t:|1769338667
|switch|p1a: Gholdengo|Gholdengo|35/100|[from] U-turn
|move|p2a: Garganacl|Salt Cure|p1a: Gholdengo
|-resisted|p1a: Gholdengo
|-damage|p1a: Gholdengo|28/100
|-start|p1a: Gholdengo|Salt Cure
|
|-heal|p2a: Garganacl|96/100|[from] item: Leftovers
|-damage|p1a: Gholdengo|3/100|[from] Salt Cure
|upkeep
|turn|58
|
|t:|1769338677
|move|p2a: Garganacl|Protect|p2a: Garganacl
|-singleturn|p2a: Garganacl|Protect
|move|p1a: Gholdengo|Make It Rain|p2a: Garganacl
|-activate|p2a: Garganacl|move: Protect
|
|-heal|p2a: Garganacl|100/100|[from] item: Leftovers
|-damage|p1a: Gholdengo|0 fnt|[from] Salt Cure
|faint|p1a: Gholdengo
|upkeep
|
|t:|1769338679
|switch|p1a: Corviknight|Corviknight, M|63/100
|-ability|p1a: Corviknight|Pressure
|turn|59
|
|t:|1769338682
|-terastallize|p1a: Corviknight|Flying
|move|p1a: Corviknight|Brave Bird|p2a: Garganacl
|-resisted|p2a: Garganacl
|-damage|p2a: Garganacl|84/100
|-damage|p1a: Corviknight|58/100|[from] Recoil
|move|p2a: Garganacl|Salt Cure|p1a: Corviknight
|-supereffective|p1a: Corviknight
|-damage|p1a: Corviknight|41/100
|-start|p1a: Corviknight|Salt Cure
|
|-heal|p2a: Garganacl|90/100|[from] item: Leftovers
|-damage|p1a: Corviknight|29/100|[from] Salt Cure
|upkeep
|turn|60
|-message|DANILR5TDWL forfeited.
|
|win|SDLU
|raw|DANILR5TDWL's rating: 1452 &rarr; <strong>1430</strong><br />(-22 for losing)
|raw|SDLU's rating: 1422 &rarr; <strong>1444</strong><br />(+22 for winning)
|l|☆DANILR5TDWL
|player|p1|
|l|☆SDLU
|player|p2|
