|j|☆Pem779567 phone
|j|☆Trubbish's opp
|t:|1769406703
|gametype|singles
|player|p1|Pem779567 phone|1|1222
|player|p2|Trubbish's opp|swimmer-gen4dp|1231
|gen|9
|tier|[Gen 9] OU
|rated|
|rule|HP Percentage Mod: HP is shown in percentages
|rule|Endless Battle Clause: Forcing endless battles is banned
|rule|Species Clause: Limit one of each Pokémon
|rule|OHKO Clause: OHKO moves are banned
|rule|Evasion Items Clause: Evasion items are banned
|rule|Evasion Moves Clause: Evasion moves are banned
|rule|Evasion Abilities Clause: Evasion abilities are banned
|rule|Sleep Moves Clause: Sleep-inducing moves are banned
|clearpoke
|poke|p1|Samurott-Hisui, M|
|poke|p1|Slowking-Galar, F|
|poke|p1|Entei|
|poke|p1|Rillaboom, F|
|poke|p1|Salamence, M|
|poke|p1|Ninetales-Alola, F|
|poke|p2|Tyranitar, M|
|poke|p2|Gliscor, F|
|poke|p2|Alomomola, M|
|poke|p2|Weezing-Galar, F|
|poke|p2|Dragapult, M|
|poke|p2|Clefable, F|
|teampreview
|inactive|Battle timer is ON: inactive players will automatically lose when time's up. (requested by Pem779567 phone)
|
|t:|1769406734
|teamsize|p1|6
|teamsize|p2|6
|start
|switch|p1a: Rillaboom|Rillaboom, F|100/100
|switch|p2a: Glow up|Alomomola, M|100/100
|-fieldstart|move: Grassy Terrain|[from] ability: Grassy Surge|[of] p1a: Rillaboom
|turn|1
|
|t:|1769406746
|switch|p2a: Got ice?|Gliscor, F|100/100
|move|p1a: Rillaboom|Drum Beating|p2a: Got ice?
|-damage|p2a: Got ice?|56/100
|-unboost|p2a: Got ice?|spe|1
|
|-status|p2a: Got ice?|tox|[from] item: Toxic Orb
|upkeep
|turn|2
|
|t:|1769406767
|switch|p2a: PdyodynotCOb?|Weezing-Galar, F|100/100
|-ability|p2a: PdyodynotCOb?|Neutralizing Gas
|move|p1a: Rillaboom|Drum Beating|p2a: PdyodynotCOb?
|-resisted|p2a: PdyodynotCOb?
|-damage|p2a: PdyodynotCOb?|73/100
|-unboost|p2a: PdyodynotCOb?|spe|1
|
|-heal|p2a: PdyodynotCOb?|79/100|[from] Grassy Terrain
|upkeep
|turn|3
|
|t:|1769406780
|move|p1a: Rillaboom|U-turn|p2a: PdyodynotCOb?
|-resisted|p2a: PdyodynotCOb?
|-damage|p2a: PdyodynotCOb?|74/100
|
|t:|1769406789
|switch|p1a: Slowking|Slowking-Galar, F, shiny|100/100|[from] U-turn
|move|p2a: PdyodynotCOb?|Will-O-Wisp|p1a: Slowking
|-status|p1a: Slowking|brn
|
|-heal|p2a: PdyodynotCOb?|80/100|[from] Grassy Terrain
|-damage|p1a: Slowking|94/100 brn|[from] brn
|upkeep
|turn|4
|
|t:|1769406811
|-end|p2a: PdyodynotCOb?|ability: Neutralizing Gas
|switch|p2a: Got ice?|Gliscor, F|56/100 tox
|move|p1a: Slowking|Future Sight|p2a: Got ice?
|-start|p1a: Slowking|move: Future Sight
|
|-heal|p1a: Slowking|100/100 brn|[from] Grassy Terrain
|-heal|p2a: Got ice?|69/100 tox|[from] ability: Poison Heal
|-damage|p1a: Slowking|94/100 brn|[from] brn
|upkeep
|turn|5
|
|t:|1769406823
|move|p2a: Got ice?|U-turn|p1a: Slowking
|-damage|p1a: Slowking|79/100 brn
|
|t:|1769406828
|switch|p2a: Glow up|Alomomola, M|100/100|[from] U-turn
|-prepare|p1a: Slowking|Chilly Reception|[premajor]
|move|p1a: Slowking|Chilly Reception|p1a: Slowking
|-weather|Snowscape
|
|t:|1769406834
|switch|p1a: Samurott|Samurott-Hisui, M|100/100|[from] Chilly Reception
|
|-weather|Snowscape|[upkeep]
|-fieldend|move: Grassy Terrain
|upkeep
|turn|6
|
|t:|1769406848
|move|p1a: Samurott|Ceaseless Edge|p2a: Glow up|[miss]
|-miss|p1a: Samurott|p2a: Glow up
|move|p2a: Glow up|Scald|p1a: Samurott
|-resisted|p1a: Samurott
|-damage|p1a: Samurott|90/100
|-status|p1a: Samurott|brn
|
|-weather|Snowscape|[upkeep]
|-end|p2a: Glow up|move: Future Sight
|-crit|p2a: Glow up
|-damage|p2a: Glow up|26/100
|-damage|p1a: Samurott|83/100 brn|[from] brn
|upkeep
|turn|7
|
|t:|1769406867
|move|p1a: Samurott|Ceaseless Edge|p2a: Glow up
|-damage|p2a: Glow up|14/100
|-sidestart|p2: Trubbish's opp|Spikes
|move|p2a: Glow up|Wish|p2a: Glow up
|
|-weather|Snowscape|[upkeep]
|-damage|p1a: Samurott|77/100 brn|[from] brn
|upkeep
|turn|8
|
|t:|1769406879
|move|p1a: Samurott|Ceaseless Edge|p2a: Glow up
|-damage|p2a: Glow up|1/100
|-sidestart|p2: Trubbish's opp|Spikes
|move|p2a: Glow up|Ice Beam|p1a: Samurott
|-resisted|p1a: Samurott
|-damage|p1a: Samurott|70/100 brn
|
|-weather|Snowscape|[upkeep]
|-heal|p2a: Glow up|51/100|[from] move: Wish|[wisher] Glow up
|-damage|p1a: Samurott|63/100 brn|[from] brn
|upkeep
|turn|9
|
|t:|1769406892
|move|p1a: Samurott|Ceaseless Edge|p2a: Glow up
|-damage|p2a: Glow up|39/100
|-sidestart|p2: Trubbish's opp|Spikes
|move|p2a: Glow up|Wish|p2a: Glow up
|
|-weather|none
|-damage|p1a: Samurott|57/100 brn|[from] brn
|upkeep
|turn|10
|
|t:|1769406900
|switch|p1a: Slowking|Slowking-Galar, F, shiny|100/100 brn
|move|p2a: Glow up|Flip Turn|p1a: Slowking
|-damage|p1a: Slowking|85/100 brn
|
|t:|1769406907
|switch|p2a: PdyodynotCOb?|Weezing-Galar, F|80/100|[from] Flip Turn
|-ability|p2a: PdyodynotCOb?|Neutralizing Gas
|
|-heal|p2a: PdyodynotCOb?|100/100|[from] move: Wish|[wisher] Glow up
|-heal|p1a: Slowking|91/100 brn|[from] item: Leftovers
|-damage|p1a: Slowking|85/100 brn|[from] brn
|upkeep
|turn|11
|
|t:|1769406924
|move|p2a: PdyodynotCOb?|Defog|p1a: Slowking
|-unboost|p1a: Slowking|evasion|1
|-sideend|p2: Trubbish's opp|Spikes|[from] move: Defog|[of] p2a: PdyodynotCOb?
|move|p1a: Slowking|Future Sight|p2a: PdyodynotCOb?
|-start|p1a: Slowking|move: Future Sight
|
|-heal|p1a: Slowking|91/100 brn|[from] item: Leftovers
|-damage|p1a: Slowking|85/100 brn|[from] brn
|upkeep
|turn|12
|inactive|Trubbish's opp has 120 seconds left.
|inactive|Pem779567 phone has 120 seconds left.
|
|t:|1769406979
|-end|p2a: PdyodynotCOb?|ability: Neutralizing Gas
|switch|p2a: it's gonna rain|Dragapult, M|100/100
|move|p1a: Slowking|Flamethrower|p2a: it's gonna rain
|-resisted|p2a: it's gonna rain
|-damage|p2a: it's gonna rain|86/100
|
|-heal|p1a: Slowking|91/100 brn|[from] item: Leftovers
|-damage|p1a: Slowking|85/100 brn|[from] brn
|upkeep
|turn|13
|inactive|Trubbish's opp has 120 seconds left.
|
|t:|1769407000
|-terastallize|p2a: it's gonna rain|Ghost
|move|p2a: it's gonna rain|Tera Blast|p1a: Slowking|[anim] Tera Blast Ghost
|-supereffective|p1a: Slowking
|-damage|p1a: Slowking|0 fnt
|faint|p1a: Slowking
|
|-end|p2a: it's gonna rain|move: Future Sight
|-damage|p2a: it's gonna rain|28/100
|upkeep
|
|t:|1769407014
|switch|p1a: Samurott|Samurott-Hisui, M|57/100 brn
|turn|14
|inactive|Trubbish's opp has 120 seconds left.
|
|t:|1769407020
|switch|p2a: Glow up|Alomomola, M|72/100
|move|p1a: Samurott|Ceaseless Edge|p2a: Glow up
|-damage|p2a: Glow up|61/100
|-sidestart|p2: Trubbish's opp|Spikes
|
|-damage|p1a: Samurott|51/100 brn|[from] brn
|upkeep
|turn|15
|inactive|Trubbish's opp has 120 seconds left.
|
|t:|1769407033
|move|p1a: Samurott|Ceaseless Edge|p2a: Glow up
|-damage|p2a: Glow up|49/100
|-sidestart|p2: Trubbish's opp|Spikes
|move|p2a: Glow up|Wish|p2a: Glow up
|
|-damage|p1a: Samurott|45/100 brn|[from] brn
|upkeep
|turn|16
|inactive|Pem779567 phone has 120 seconds left.
|
|t:|1769407042
|move|p1a: Samurott|Ceaseless Edge|p2a: Glow up
|-damage|p2a: Glow up|37/100
|-sidestart|p2: Trubbish's opp|Spikes
|move|p2a: Glow up|Flip Turn|p1a: Samurott
|-resisted|p1a: Samurott
|-damage|p1a: Samurott|35/100 brn
|
|t:|1769407050
|switch|p2a: it's gonna rain|Dragapult, M, tera:Ghost|28/100|[from] Flip Turn
|-damage|p2a: it's gonna rain|3/100|[from] Spikes
|
|-heal|p2a: it's gonna rain|87/100|[from] move: Wish|[wisher] Glow up
|-damage|p1a: Samurott|29/100 brn|[from] brn
|upkeep
|turn|17
|
|t:|1769407061
|move|p1a: Samurott|Ceaseless Edge|p2a: it's gonna rain
|-supereffective|p2a: it's gonna rain
|-damage|p2a: it's gonna rain|30/100
|move|p2a: it's gonna rain|U-turn|p1a: Samurott
|-supereffective|p1a: Samurott
|-damage|p1a: Samurott|0 fnt
|faint|p1a: Samurott
|
|t:|1769407070
|switch|p2a: PdyodynotCOb?|Weezing-Galar, F|100/100|[from] U-turn
|-ability|p2a: PdyodynotCOb?|Neutralizing Gas
|
|upkeep
|inactive|Pem779567 phone has 120 seconds left.
|inactive|Pem779567 phone has 90 seconds left.
|
|t:|1769407139
|switch|p1a: Entei|Entei|100/100
|turn|18
|
|t:|1769407148
|move|p1a: Entei|Sacred Fire|p2a: PdyodynotCOb?
|-damage|p2a: PdyodynotCOb?|39/100
|move|p2a: PdyodynotCOb?|Defog|p1a: Entei
|-unboost|p1a: Entei|evasion|1
|-sideend|p2: Trubbish's opp|Spikes|[from] move: Defog|[of] p2a: PdyodynotCOb?
|
|upkeep
|turn|19
|inactive|Pem779567 phone has 90 seconds left.
|
|t:|1769407176
|-end|p2a: PdyodynotCOb?|ability: Neutralizing Gas
|switch|p2a: Glow up|Alomomola, M|71/100
|move|p1a: Entei|Sacred Fire|p2a: Glow up
|-resisted|p2a: Glow up
|-damage|p2a: Glow up|51/100
|-status|p2a: Glow up|brn
|
|-damage|p2a: Glow up|45/100 brn|[from] brn
|upkeep
|turn|20
|
|t:|1769407190
|switch|p1a: Rillaboom|Rillaboom, F|100/100
|-fieldstart|move: Grassy Terrain|[from] ability: Grassy Surge|[of] p1a: Rillaboom
|move|p2a: Glow up|Flip Turn|p1a: Rillaboom
|-resisted|p1a: Rillaboom
|-damage|p1a: Rillaboom|97/100
|
|t:|1769407201
|switch|p2a: GroundJorden|Clefable, F|100/100|[from] Flip Turn
|
|-heal|p1a: Rillaboom|100/100|[from] Grassy Terrain
|upkeep
|turn|21
|
|t:|1769407216
|move|p1a: Rillaboom|Drum Beating|p2a: GroundJorden
|-damage|p2a: GroundJorden|31/100
|-unboost|p2a: GroundJorden|spe|1
|move|p2a: GroundJorden|Moonblast|p1a: Rillaboom
|-damage|p1a: Rillaboom|27/100
|-unboost|p1a: Rillaboom|spa|1
|
|-heal|p1a: Rillaboom|33/100|[from] Grassy Terrain
|-heal|p2a: GroundJorden|37/100|[from] Grassy Terrain
|upkeep
|turn|22
|
|t:|1769407227
|move|p1a: Rillaboom|Drum Beating|p2a: GroundJorden
|-crit|p2a: GroundJorden
|-damage|p2a: GroundJorden|0 fnt
|faint|p2a: GroundJorden
|
|-heal|p1a: Rillaboom|39/100|[from] Grassy Terrain
|upkeep
|
|t:|1769407238
|switch|p2a: it's gonna rain|Dragapult, M, tera:Ghost|30/100
|turn|23
|
|t:|1769407251
|move|p1a: Rillaboom|Grassy Glide|p2a: it's gonna rain
|-damage|p2a: it's gonna rain|0 fnt
|faint|p2a: it's gonna rain
|
|-heal|p1a: Rillaboom|45/100|[from] Grassy Terrain
|upkeep
|inactive|Trubbish's opp has 120 seconds left.
|
|t:|1769407274
|switch|p2a: Got ice?|Gliscor, F|69/100 tox
|turn|24
|inactive|Pem779567 phone has 120 seconds left.
|inactive|Trubbish's opp has 120 seconds left.
|
|t:|1769407283
|move|p1a: Rillaboom|Drum Beating|p2a: Got ice?
|-damage|p2a: Got ice?|28/100 tox
|-unboost|p2a: Got ice?|spe|1
|move|p2a: Got ice?|Knock Off|p1a: Rillaboom
|-damage|p1a: Rillaboom|23/100
|-enditem|p1a: Rillaboom|Miracle Seed|[from] move: Knock Off|[of] p2a: Got ice?
|
|-heal|p1a: Rillaboom|29/100|[from] Grassy Terrain
|-heal|p2a: Got ice?|40/100 tox|[from] ability: Poison Heal
|-fieldend|move: Grassy Terrain
|upkeep
|turn|25
|inactive|Trubbish's opp has 120 seconds left.
|
|t:|1769407298
|move|p1a: Rillaboom|Drum Beating|p2a: Got ice?
|-damage|p2a: Got ice?|12/100 tox
|-unboost|p2a: Got ice?|spe|1
|move|p2a: Got ice?|U-turn|p1a: Rillaboom
|-supereffective|p1a: Rillaboom
|-damage|p1a: Rillaboom|0 fnt
|faint|p1a: Rillaboom
|inactive|Trubbish's opp has 120 seconds left.
|
|t:|1769407310
|switch|p2a: Glow up|Alomomola, M|78/100 brn|[from] U-turn
|
|-damage|p2a: Glow up|72/100 brn|[from] brn
|upkeep
|
|t:|1769407314
|switch|p1a: Ninetales|Ninetales-Alola, F|100/100
|-weather|Snowscape|[from] ability: Snow Warning|[of] p1a: Ninetales
|turn|26
|
|t:|1769407323
|move|p1a: Ninetales|Freeze-Dry|p2a: Glow up
|-supereffective|p2a: Glow up
|-damage|p2a: Glow up|14/100 brn
|move|p2a: Glow up|Flip Turn|p1a: Ninetales
|-damage|p1a: Ninetales|92/100
|
|t:|1769407331
|switch|p2a: I'm back|Tyranitar, M|100/100|[from] Flip Turn
|-weather|Sandstorm|[from] ability: Sand Stream|[of] p2a: I'm back
|
|-weather|Sandstorm|[upkeep]
|-damage|p1a: Ninetales|86/100|[from] Sandstorm
|upkeep
|turn|27
|
|t:|1769407341
|move|p1a: Ninetales|Moonblast|p2a: I'm back
|-supereffective|p2a: I'm back
|-damage|p2a: I'm back|61/100
|move|p2a: I'm back|Stone Edge|p1a: Ninetales
|-supereffective|p1a: Ninetales
|-damage|p1a: Ninetales|0 fnt
|faint|p1a: Ninetales
|
|-weather|Sandstorm|[upkeep]
|upkeep
|
|t:|1769407350
|switch|p1a: Entei|Entei|100/100
|turn|28
|
|t:|1769407354
|move|p1a: Entei|Iron Head|p2a: I'm back
|-supereffective|p2a: I'm back
|-damage|p2a: I'm back|0 fnt
|faint|p2a: I'm back
|
|-weather|Sandstorm|[upkeep]
|-damage|p1a: Entei|94/100|[from] Sandstorm
|upkeep
|
|t:|1769407364
|switch|p2a: Glow up|Alomomola, M|47/100 brn
|turn|29
|
|t:|1769407382
|move|p1a: Entei|Iron Head|p2a: Glow up
|-resisted|p2a: Glow up
|-damage|p2a: Glow up|37/100 brn
|move|p2a: Glow up|Flip Turn|p1a: Entei
|-supereffective|p1a: Entei
|-damage|p1a: Entei|79/100
|
|t:|1769407389
|switch|p2a: Got ice?|Gliscor, F|12/100 tox|[from] Flip Turn
|
|-weather|Sandstorm|[upkeep]
|-damage|p1a: Entei|72/100|[from] Sandstorm
|-heal|p2a: Got ice?|25/100 tox|[from] ability: Poison Heal
|upkeep
|turn|30
|
|t:|1769407402
|switch|p2a: Glow up|Alomomola, M|71/100 brn
|move|p1a: Entei|Iron Head|p2a: Glow up
|-resisted|p2a: Glow up
|-damage|p2a: Glow up|60/100 brn
|
|-weather|none
|-damage|p2a: Glow up|54/100 brn|[from] brn
|upkeep
|turn|31
|
|t:|1769407414
|move|p1a: Entei|Iron Head|p2a: Glow up
|-resisted|p2a: Glow up
|-damage|p2a: Glow up|44/100 brn
|move|p2a: Glow up|Wish|p2a: Glow up
|
|-damage|p2a: Glow up|38/100 brn|[from] brn
|upkeep
|turn|32
|
|t:|1769407424
|move|p1a: Entei|Iron Head|p2a: Glow up
|-resisted|p2a: Glow up
|-damage|p2a: Glow up|28/100 brn
|cant|p2a: Glow up|flinch
|
|-heal|p2a: Glow up|78/100 brn|[from] move: Wish|[wisher] Glow up
|-damage|p2a: Glow up|72/100 brn|[from] brn
|upkeep
|turn|33
|
|t:|1769407433
|move|p1a: Entei|Iron Head|p2a: Glow up
|-resisted|p2a: Glow up
|-damage|p2a: Glow up|61/100 brn
|cant|p2a: Glow up|flinch
|
|-damage|p2a: Glow up|54/100 brn|[from] brn
|upkeep
|turn|34
|
|t:|1769407441
|move|p1a: Entei|Iron Head|p2a: Glow up
|-resisted|p2a: Glow up
|-damage|p2a: Glow up|44/100 brn
|move|p2a: Glow up|Wish|p2a: Glow up
|
|-damage|p2a: Glow up|38/100 brn|[from] brn
|upkeep
|turn|35
|
|t:|1769407449
|switch|p1a: Salamence|Salamence, M|100/100
|move|p2a: Glow up|Flip Turn|p1a: Salamence
|-resisted|p1a: Salamence
|-damage|p1a: Salamence|95/100
|
|t:|1769407459
|switch|p2a: Got ice?|Gliscor, F|25/100 tox|[from] Flip Turn
|
|-heal|p2a: Got ice?|99/100 tox|[from] move: Wish|[wisher] Glow up
|-heal|p2a: Got ice?|100/100 tox|[from] ability: Poison Heal
|upkeep
|turn|36
|
|t:|1769407476
|move|p1a: Salamence|Dragon Dance|p1a: Salamence
|-boost|p1a: Salamence|atk|1
|-boost|p1a: Salamence|spe|1
|move|p2a: Got ice?|Taunt|p1a: Salamence
|-start|p1a: Salamence|move: Taunt
|
|upkeep
|turn|37
|
|t:|1769407485
|move|p1a: Salamence|Iron Head|p2a: Got ice?
|-damage|p2a: Got ice?|71/100 tox
|move|p2a: Got ice?|Knock Off|p1a: Salamence
|-damage|p1a: Salamence|66/100
|-enditem|p1a: Salamence|Covert Cloak|[from] move: Knock Off|[of] p2a: Got ice?
|
|-heal|p2a: Got ice?|83/100 tox|[from] ability: Poison Heal
|upkeep
|turn|38
|
|t:|1769407500
|move|p1a: Salamence|Iron Head|p2a: Got ice?
|-damage|p2a: Got ice?|52/100 tox
|move|p2a: Got ice?|Stealth Rock|p1a: Salamence
|-sidestart|p1: Pem779567 phone|move: Stealth Rock
|
|-heal|p2a: Got ice?|64/100 tox|[from] ability: Poison Heal
|upkeep
|turn|39
|
|t:|1769407516
|move|p1a: Salamence|Iron Head|p2a: Got ice?
|-crit|p2a: Got ice?
|-damage|p2a: Got ice?|17/100 tox
|move|p2a: Got ice?|U-turn|p1a: Salamence
|-resisted|p1a: Salamence
|-damage|p1a: Salamence|55/100
|
|t:|1769407523
|switch|p2a: Glow up|Alomomola, M|71/100 brn|[from] U-turn
|
|-damage|p2a: Glow up|65/100 brn|[from] brn
|-end|p1a: Salamence|move: Taunt
|upkeep
|turn|40
|
|t:|1769407532
|-terastallize|p1a: Salamence|Steel
|move|p1a: Salamence|Dragon Dance|p1a: Salamence
|-boost|p1a: Salamence|atk|1
|-boost|p1a: Salamence|spe|1
|move|p2a: Glow up|Wish|p2a: Glow up
|
|-damage|p2a: Glow up|59/100 brn|[from] brn
|upkeep
|turn|41
|
|t:|1769407547
|move|p1a: Salamence|Dragon Dance|p1a: Salamence
|-boost|p1a: Salamence|atk|1
|-boost|p1a: Salamence|spe|1
|move|p2a: Glow up|Scald|p1a: Salamence
|-damage|p1a: Salamence|39/100
|-status|p1a: Salamence|brn
|
|-heal|p2a: Glow up|100/100 brn|[from] move: Wish|[wisher] Glow up
|-damage|p1a: Salamence|33/100 brn|[from] brn
|-damage|p2a: Glow up|94/100 brn|[from] brn
|upkeep
|turn|42
|
|t:|1769407560
|move|p1a: Salamence|Dragon Dance|p1a: Salamence
|-boost|p1a: Salamence|atk|1
|-boost|p1a: Salamence|spe|1
|move|p2a: Glow up|Wish|p2a: Glow up
|
|-damage|p1a: Salamence|26/100 brn|[from] brn
|-damage|p2a: Glow up|88/100 brn|[from] brn
|upkeep
|turn|43
|
|t:|1769407577
|move|p1a: Salamence|Dragon Claw|p2a: Glow up
|-damage|p2a: Glow up|53/100 brn
|move|p2a: Glow up|Flip Turn|p1a: Salamence
|-damage|p1a: Salamence|17/100 brn
|
|t:|1769407586
|switch|p2a: Got ice?|Gliscor, F|17/100 tox|[from] Flip Turn
|
|-heal|p2a: Got ice?|92/100 tox|[from] move: Wish|[wisher] Glow up
|-heal|p2a: Got ice?|100/100 tox|[from] ability: Poison Heal
|-damage|p1a: Salamence|11/100 brn|[from] brn
|upkeep
|turn|44
|
|t:|1769407602
|move|p1a: Salamence|Iron Head|p2a: Got ice?
|-damage|p2a: Got ice?|53/100 tox
|move|p2a: Got ice?|U-turn|p1a: Salamence
|-resisted|p1a: Salamence
|-damage|p1a: Salamence|0 fnt
|faint|p1a: Salamence
|
|t:|1769407610
|switch|p2a: Glow up|Alomomola, M|86/100 brn|[from] U-turn
|
|-damage|p2a: Glow up|80/100 brn|[from] brn
|upkeep
|-message|Pem779567 phone forfeited.
|
|win|Trubbish's opp
|raw|Pem779567 phone's rating: 1222 &rarr; <strong>1198</strong><br />(-24 for losing)
|raw|Trubbish&apos;s opp's rating: 1231 &rarr; <strong>1255</strong><br />(+24 for winning)
|l|☆Pem779567 phone
|player|p1|
|l|☆Trubbish's opp
|player|p2|
