|j|☆LunaBlast
|j|☆151htyrneh
|t:|1769340707
|gametype|singles
|player|p1|LunaBlast|2|1626
|player|p2|151htyrneh|wallace|1621
|gen|9
|tier|[Gen 9] OU
|rated|
|rule|HP Percentage Mod: HP is shown in percentages
|rule|Endless Battle Clause: Forcing endless battles is banned
|rule|Species Clause: Limit one of each Pokémon
|rule|OHKO Clause: OHKO moves are banned
|rule|Evasion Items Clause: Evasion items are banned
|rule|Evasion Moves Clause: Evasion moves are banned
|rule|Evasion Abilities Clause: Evasion abilities are banned
|rule|Sleep Moves Clause: Sleep-inducing moves are banned
|clearpoke
|poke|p1|Ribombee, F|
|poke|p1|Gholdengo|
|poke|p1|Glimmora, M|
|poke|p1|Enamorus, F|
|poke|p1|Iron Moth|
|poke|p1|Iron Hands|
|poke|p2|Glimmora, F|
|poke|p2|Landorus-Therian, M|
|poke|p2|Kyurem|
|poke|p2|Kingambit, M|
|poke|p2|Iron Valiant|
|poke|p2|Hatterene, F|
|teampreview
|inactive|Battle timer is ON: inactive players will automatically lose when time's up. (requested by LunaBlast)
|c|☆151htyrneh|Oh hell nah
|c|☆151htyrneh|I tilted alot dam
|
|t:|1769340727
|teamsize|p1|6
|teamsize|p2|6
|start
|switch|p1a: Ribombee|Ribombee, F, shiny|100/100
|switch|p2a: Glimmora|Glimmora, F|100/100
|turn|1
|j|+Apagogie
|
|t:|1769340730
|move|p2a: Glimmora|Sludge Wave|p1a: Ribombee
|-supereffective|p1a: Ribombee
|-enditem|p1a: Ribombee|Focus Sash
|-damage|p1a: Ribombee|1/100
|move|p1a: Ribombee|Stun Spore|p2a: Glimmora
|-status|p2a: Glimmora|par
|
|upkeep
|turn|2
|j| dseokp
|
|t:|1769340737
|switch|p2a: Hatterene|Hatterene, F|100/100
|move|p1a: Ribombee|Sticky Web|p2a: Hatterene
|move|p2a: Hatterene|Sticky Web|p1a: Ribombee|[from] ability: Magic Bounce
|-sidestart|p1: LunaBlast|move: Sticky Web
|
|upkeep
|turn|3
|c|☆151htyrneh|Hi apa
|c|+Apagogie|how is laddering going
|
|t:|1769340749
|move|p1a: Ribombee|Moonblast|p2a: Hatterene
|-damage|p2a: Hatterene|57/100
|move|p2a: Hatterene|Draining Kiss|p1a: Ribombee
|-damage|p1a: Ribombee|0 fnt
|-heal|p2a: Hatterene|57/100|[from] drain|[of] p1a: Ribombee
|faint|p1a: Ribombee
|
|upkeep
|c|☆151htyrneh|Good
|
|t:|1769340752
|switch|p1a: Enamorus|Enamorus, F|100/100
|turn|4
|
|t:|1769340756
|-terastallize|p1a: Enamorus|Fairy
|move|p1a: Enamorus|Moonblast|p2a: Hatterene
|-damage|p2a: Hatterene|0 fnt
|faint|p2a: Hatterene
|
|upkeep
|
|t:|1769340759
|switch|p2a: Glimmora|Glimmora, F|100/100 par
|turn|5
|
|t:|1769340762
|switch|p1a: Gholdengo|Gholdengo|100/100
|-item|p1a: Gholdengo|Air Balloon
|move|p2a: Glimmora|Dazzling Gleam|p1a: Gholdengo
|-resisted|p1a: Gholdengo
|-damage|p1a: Gholdengo|86/100
|-enditem|p1a: Gholdengo|Air Balloon
|
|upkeep
|turn|6
|
|t:|1769340774
|move|p2a: Glimmora|Dazzling Gleam|p1a: Gholdengo
|-resisted|p1a: Gholdengo
|-damage|p1a: Gholdengo|73/100
|move|p1a: Gholdengo|Focus Blast|p2a: Glimmora|[miss]
|-miss|p1a: Gholdengo|p2a: Glimmora
|
|upkeep
|turn|7
|
|t:|1769340776
|move|p2a: Glimmora|Dazzling Gleam|p1a: Gholdengo
|-resisted|p1a: Gholdengo
|-damage|p1a: Gholdengo|61/100
|move|p1a: Gholdengo|Nasty Plot|p1a: Gholdengo
|-boost|p1a: Gholdengo|spa|2
|
|upkeep
|turn|8
|
|t:|1769340779
|move|p2a: Glimmora|Dazzling Gleam|p1a: Gholdengo
|-resisted|p1a: Gholdengo
|-damage|p1a: Gholdengo|46/100
|move|p1a: Gholdengo|Make It Rain|p2a: Glimmora
|-supereffective|p2a: Glimmora
|-damage|p2a: Glimmora|0 fnt
|-unboost|p1a: Gholdengo|spa|1
|faint|p2a: Glimmora
|
|upkeep
|
|t:|1769340783
|switch|p2a: Landorus|Landorus-Therian, M|100/100
|-ability|p2a: Landorus|Intimidate|boost
|-unboost|p1a: Gholdengo|atk|1
|turn|9
|
|t:|1769340790
|move|p2a: Landorus|Earth Power|p1a: Gholdengo
|-supereffective|p1a: Gholdengo
|-damage|p1a: Gholdengo|0 fnt
|faint|p1a: Gholdengo
|
|upkeep
|
|t:|1769340792
|switch|p1a: Iron Moth|Iron Moth|100/100
|-activate|p1a: Iron Moth|move: Sticky Web
|-unboost|p1a: Iron Moth|spe|1
|-enditem|p1a: Iron Moth|Booster Energy
|-activate|p1a: Iron Moth|ability: Quark Drive|[fromitem]
|-start|p1a: Iron Moth|quarkdrivespa
|turn|10
|
|t:|1769340794
|move|p2a: Landorus|Earth Power|p1a: Iron Moth
|-supereffective|p1a: Iron Moth
|-damage|p1a: Iron Moth|0 fnt
|faint|p1a: Iron Moth
|-end|p1a: Iron Moth|Quark Drive|[silent]
|
|upkeep
|
|t:|1769340796
|switch|p1a: Enamorus|Enamorus, F, tera:Fairy|100/100
|-activate|p1a: Enamorus|move: Sticky Web
|-boost|p1a: Enamorus|spe|1
|turn|11
|
|t:|1769340798
|move|p1a: Enamorus|Moonblast|p2a: Landorus
|-damage|p2a: Landorus|0 fnt
|faint|p2a: Landorus
|
|upkeep
|
|t:|1769340805
|switch|p2a: Iron Valiant|Iron Valiant|100/100
|-enditem|p2a: Iron Valiant|Booster Energy
|-activate|p2a: Iron Valiant|ability: Quark Drive|[fromitem]
|-start|p2a: Iron Valiant|quarkdrivespe
|turn|12
|
|t:|1769340807
|move|p2a: Iron Valiant|Moonblast|p1a: Enamorus
|-damage|p1a: Enamorus|29/100
|move|p1a: Enamorus|Moonblast|p2a: Iron Valiant
|-supereffective|p2a: Iron Valiant
|-damage|p2a: Iron Valiant|0 fnt
|faint|p2a: Iron Valiant
|-end|p2a: Iron Valiant|Quark Drive|[silent]
|
|upkeep
|
|t:|1769340812
|switch|p2a: Kingambit|Kingambit, M|100/100
|-activate|p2a: Kingambit|ability: Supreme Overlord
|-start|p2a: Kingambit|fallen4|[silent]
|turn|13
|
|t:|1769340818
|switch|p1a: Iron Hands|Iron Hands, shiny|100/100
|-activate|p1a: Iron Hands|move: Sticky Web
|-unboost|p1a: Iron Hands|spe|1
|-enditem|p1a: Iron Hands|Booster Energy
|-activate|p1a: Iron Hands|ability: Quark Drive|[fromitem]
|-start|p1a: Iron Hands|quarkdriveatk
|move|p2a: Kingambit|Sucker Punch||[still]
|-fail|p2a: Kingambit
|
|upkeep
|turn|14
|
|t:|1769340825
|move|p2a: Kingambit|Low Kick|p1a: Iron Hands
|-damage|p1a: Iron Hands|63/100
|move|p1a: Iron Hands|Drain Punch|p2a: Kingambit
|-supereffective|p2a: Kingambit
|-damage|p2a: Kingambit|0 fnt
|-heal|p1a: Iron Hands|99/100|[from] drain|[of] p2a: Kingambit
|faint|p2a: Kingambit
|-end|p2a: Kingambit|fallen4|[silent]
|
|upkeep
|
|t:|1769340828
|switch|p2a: Kyurem|Kyurem|100/100
|-ability|p2a: Kyurem|Pressure
|turn|15
|
|t:|1769340831
|-terastallize|p2a: Kyurem|Ground
|move|p2a: Kyurem|Earth Power|p1a: Iron Hands
|-supereffective|p1a: Iron Hands
|-damage|p1a: Iron Hands|0 fnt
|faint|p1a: Iron Hands
|-end|p1a: Iron Hands|Quark Drive|[silent]
|
|upkeep
|
|t:|1769340835
|switch|p1a: Enamorus|Enamorus, F, tera:Fairy|29/100
|-activate|p1a: Enamorus|move: Sticky Web
|-boost|p1a: Enamorus|spe|1
|turn|16
|
|t:|1769340841
|move|p1a: Enamorus|Misty Explosion|p2a: Kyurem
|-damage|p2a: Kyurem|34/100
|faint|p1a: Enamorus
|move|p2a: Kyurem|Earth Power|p1: Enamorus|[notarget]
|-fail|p2a: Kyurem
|
|upkeep
|
|t:|1769340844
|switch|p1a: Glimmora|Glimmora, M, shiny|100/100
|-activate|p1a: Glimmora|move: Sticky Web
|-unboost|p1a: Glimmora|spe|1
|turn|17
|
|t:|1769340850
|move|p2a: Kyurem|Earth Power|p1a: Glimmora
|-supereffective|p1a: Glimmora
|-damage|p1a: Glimmora|0 fnt
|faint|p1a: Glimmora
|
|win|151htyrneh
|raw|LunaBlast's rating: 1626 &rarr; <strong>1606</strong><br />(-20 for losing)
|raw|151htyrneh's rating: 1621 &rarr; <strong>1641</strong><br />(+20 for winning)
|c|☆151htyrneh|Ggs
|l|+Apagogie
|c|☆LunaBlast|gg
|c|☆151htyrneh|Misty explosions
|c|☆151htyrneh|Cra,y
|c|☆LunaBlast|bulky fr
|c|☆151htyrneh|Av
|c|☆LunaBlast|damn
|c|☆151htyrneh|Im av not,bulky
