|j|☆mio3777
|j|☆snandro
|t:|1769338178
|gametype|singles
|player|p1|mio3777|102|1691
|player|p2|snandro|worker|1647
|gen|9
|tier|[Gen 9] OU
|rated|
|rule|HP Percentage Mod: HP is shown in percentages
|rule|Endless Battle Clause: Forcing endless battles is banned
|rule|Species Clause: Limit one of each Pokémon
|rule|OHKO Clause: OHKO moves are banned
|rule|Evasion Items Clause: Evasion items are banned
|rule|Evasion Moves Clause: Evasion moves are banned
|rule|Evasion Abilities Clause: Evasion abilities are banned
|rule|Sleep Moves Clause: Sleep-inducing moves are banned
|clearpoke
|poke|p1|Indeedee, M|
|poke|p1|Polteageist-Antique|
|poke|p1|Cinderace, F|
|poke|p1|Armarouge, F|
|poke|p1|Hawlucha, F|
|poke|p1|Hatterene, F|
|poke|p2|Tyranitar, M|
|poke|p2|Excadrill, M|
|poke|p2|Garganacl, M|
|poke|p2|Skarmory, F|
|poke|p2|Primarina, F|
|poke|p2|Sinistcha|
|teampreview
|inactive|Battle timer is ON: inactive players will automatically lose when time's up. (requested by mio3777)
|
|t:|1769338207
|teamsize|p1|6
|teamsize|p2|6
|start
|switch|p1a: Polteageist|Polteageist-Antique|100/100
|switch|p2a: Tyranitar|Tyranitar, M|100/100
|-weather|Sandstorm|[from] ability: Sand Stream|[of] p2a: Tyranitar
|turn|1
|
|t:|1769338220
|-terastallize|p1a: Polteageist|Fighting
|move|p1a: Polteageist|Tera Blast|p2a: Tyranitar|[anim] Tera Blast Fighting
|-supereffective|p2a: Tyranitar
|-damage|p2a: Tyranitar|0 fnt
|faint|p2a: Tyranitar
|
|-weather|Sandstorm|[upkeep]
|-damage|p1a: Polteageist|94/100|[from] Sandstorm
|upkeep
|inactive|snandro has 120 seconds left.
|
|t:|1769338255
|switch|p2a: Excadrill|Excadrill, M|100/100
|-item|p2a: Excadrill|Air Balloon
|turn|2
|inactive|snandro has 120 seconds left.
|
|t:|1769338269
|switch|p1a: Hawlucha|Hawlucha, F|100/100
|-terastallize|p2a: Excadrill|Ghost
|move|p2a: Excadrill|Swords Dance|p2a: Excadrill
|-boost|p2a: Excadrill|atk|2
|
|-weather|Sandstorm|[upkeep]
|-damage|p1a: Hawlucha|94/100|[from] Sandstorm
|upkeep
|turn|3
|inactive|snandro has 120 seconds left.
|
|t:|1769338283
|switch|p1a: Indeedee|Indeedee, M|100/100
|-fieldstart|move: Psychic Terrain|[from] ability: Psychic Surge|[of] p1a: Indeedee
|move|p2a: Excadrill|Iron Head|p1a: Indeedee
|-damage|p1a: Indeedee|0 fnt
|faint|p1a: Indeedee
|
|-weather|Sandstorm|[upkeep]
|upkeep
|
|t:|1769338301
|switch|p1a: Cinderace|Cinderace, F|100/100
|turn|4
|
|t:|1769338309
|switch|p1a: Hawlucha|Hawlucha, F|94/100
|-enditem|p1a: Hawlucha|Psychic Seed
|-boost|p1a: Hawlucha|spd|1|[from] item: Psychic Seed
|move|p2a: Excadrill|Earthquake|p1a: Hawlucha
|-immune|p1a: Hawlucha
|
|-weather|Sandstorm|[upkeep]
|-damage|p1a: Hawlucha|88/100|[from] Sandstorm
|upkeep
|turn|5
|
|t:|1769338318
|move|p1a: Hawlucha|Acrobatics|p2a: Excadrill
|-damage|p2a: Excadrill|37/100
|-enditem|p2a: Excadrill|Air Balloon
|move|p2a: Excadrill|Iron Head|p1a: Hawlucha
|-damage|p1a: Hawlucha|0 fnt
|faint|p1a: Hawlucha
|
|-weather|none
|upkeep
|
|t:|1769338334
|switch|p1a: Armarouge|Armarouge, F|100/100
|turn|6
|
|t:|1769338349
|move|p2a: Excadrill|Earthquake|p1a: Armarouge
|-supereffective|p1a: Armarouge
|-enditem|p1a: Armarouge|Focus Sash
|-damage|p1a: Armarouge|1/100
|-ability|p1a: Armarouge|Weak Armor|boost
|-unboost|p1a: Armarouge|def|1
|-boost|p1a: Armarouge|spe|2
|move|p1a: Armarouge|Expanding Force|p2a: Excadrill
|-damage|p2a: Excadrill|0 fnt
|faint|p2a: Excadrill
|
|upkeep
|inactive|snandro has 120 seconds left.
|
|t:|1769338371
|switch|p2a: Primarina|Primarina, F|100/100
|turn|7
|inactive|snandro has 120 seconds left.
|
|t:|1769338376
|move|p1a: Armarouge|Destiny Bond|p1a: Armarouge
|-singlemove|p1a: Armarouge|Destiny Bond
|move|p2a: Primarina|Flip Turn|p1a: Armarouge
|-supereffective|p1a: Armarouge
|-damage|p1a: Armarouge|0 fnt
|faint|p1a: Armarouge
|-activate|p1a: Armarouge|move: Destiny Bond
|faint|p2a: Primarina
|
|upkeep
|inactive|snandro has 120 seconds left.
|
|t:|1769338402
|switch|p1a: Polteageist|Polteageist-Antique, tera:Fighting|94/100
|switch|p2a: Skarmory|Skarmory, F, shiny|100/100
|turn|8
|
|t:|1769338415
|move|p1a: Polteageist|Shadow Ball|p2a: Skarmory
|-damage|p2a: Skarmory|42/100
|move|p2a: Skarmory|Whirlwind|p1a: Polteageist
|drag|p1a: Cinderace|Cinderace, F|100/100
|
|upkeep
|turn|9
|
|t:|1769338429
|switch|p2a: Garganacl|Garganacl, M, shiny|100/100
|move|p1a: Cinderace|Pyro Ball|p2a: Garganacl
|-resisted|p2a: Garganacl
|-damage|p2a: Garganacl|83/100
|
|-heal|p2a: Garganacl|90/100|[from] item: Leftovers
|upkeep
|turn|10
|
|t:|1769338437
|move|p1a: Cinderace|High Jump Kick|p2a: Garganacl
|-start|p1a: Cinderace|typechange|Fighting|[from] ability: Libero
|-supereffective|p2a: Garganacl
|-damage|p2a: Garganacl|26/100
|move|p2a: Garganacl|Salt Cure|p1a: Cinderace
|-resisted|p1a: Cinderace
|-damage|p1a: Cinderace|92/100
|-start|p1a: Cinderace|Salt Cure
|
|-heal|p2a: Garganacl|32/100|[from] item: Leftovers
|-damage|p1a: Cinderace|80/100|[from] Salt Cure
|-fieldend|move: Psychic Terrain
|upkeep
|turn|11
|
|t:|1769338458
|switch|p1a: Polteageist|Polteageist-Antique, tera:Fighting|94/100
|move|p2a: Garganacl|Recover|p2a: Garganacl
|-heal|p2a: Garganacl|82/100
|
|-heal|p2a: Garganacl|88/100|[from] item: Leftovers
|upkeep
|turn|12
|
|t:|1769338471
|move|p1a: Polteageist|Shell Smash|p1a: Polteageist
|-unboost|p1a: Polteageist|def|1
|-unboost|p1a: Polteageist|spd|1
|-boost|p1a: Polteageist|atk|2
|-boost|p1a: Polteageist|spa|2
|-boost|p1a: Polteageist|spe|2
|move|p2a: Garganacl|Salt Cure|p1a: Polteageist
|-resisted|p1a: Polteageist
|-damage|p1a: Polteageist|75/100
|-start|p1a: Polteageist|Salt Cure
|-ability|p1a: Polteageist|Weak Armor|boost
|-unboost|p1a: Polteageist|def|1
|-boost|p1a: Polteageist|spe|2
|
|-heal|p2a: Garganacl|94/100|[from] item: Leftovers
|-damage|p1a: Polteageist|63/100|[from] Salt Cure
|upkeep
|turn|13
|inactive|snandro has 90 seconds left.
|
|t:|1769338513
|move|p2a: Garganacl|Protect|p2a: Garganacl
|-singleturn|p2a: Garganacl|Protect
|move|p1a: Polteageist|Stored Power|p2a: Garganacl
|-activate|p2a: Garganacl|move: Protect
|
|-heal|p2a: Garganacl|100/100|[from] item: Leftovers
|-damage|p1a: Polteageist|50/100|[from] Salt Cure
|upkeep
|turn|14
|
|t:|1769338523
|move|p1a: Polteageist|Tera Blast|p2a: Garganacl|[anim] Tera Blast Fighting
|-supereffective|p2a: Garganacl
|-damage|p2a: Garganacl|0 fnt
|faint|p2a: Garganacl
|
|-damage|p1a: Polteageist|38/100|[from] Salt Cure
|upkeep
|inactive|snandro has 60 seconds left.
|
|t:|1769338545
|switch|p2a: Skarmory|Skarmory, F, shiny|42/100
|turn|15
|
|t:|1769338552
|move|p1a: Polteageist|Shadow Ball|p2a: Skarmory
|-damage|p2a: Skarmory|0 fnt
|faint|p2a: Skarmory
|
|-damage|p1a: Polteageist|26/100|[from] Salt Cure
|upkeep
|
|t:|1769338555
|switch|p2a: Sinistcha|Sinistcha|100/100
|turn|16
|
|t:|1769338560
|move|p1a: Polteageist|Shadow Ball|p2a: Sinistcha
|-supereffective|p2a: Sinistcha
|-damage|p2a: Sinistcha|0 fnt
|faint|p2a: Sinistcha
|
|win|mio3777
|raw|mio3777's rating: 1691 &rarr; <strong>1708</strong><br />(+17 for winning)
|raw|snandro's rating: 1647 &rarr; <strong>1630</strong><br />(-17 for losing)
|l|☆mio3777
|player|p1|
|l|☆snandro
|player|p2|
