|j|☆caelumxz
|j|☆Ra9003
|t:|1769415801
|gametype|singles
|player|p1|caelumxz|102|1323
|player|p2|Ra9003|2|1322
|gen|9
|tier|[Gen 9] OU
|rated|
|rule|HP Percentage Mod: HP is shown in percentages
|rule|Endless Battle Clause: Forcing endless battles is banned
|rule|Species Clause: Limit one of each Pokémon
|rule|OHKO Clause: OHKO moves are banned
|rule|Evasion Items Clause: Evasion items are banned
|rule|Evasion Moves Clause: Evasion moves are banned
|rule|Evasion Abilities Clause: Evasion abilities are banned
|rule|Sleep Moves Clause: Sleep-inducing moves are banned
|clearpoke
|poke|p1|Garganacl, F|
|poke|p1|Great Tusk|
|poke|p1|Rillaboom, F|
|poke|p1|Gholdengo|
|poke|p1|Kingambit, M|
|poke|p1|Slowking-Galar, M|
|poke|p2|Duskull, M|
|poke|p2|Great Tusk|
|poke|p2|Tinkaton, F|
|poke|p2|Samurott-Hisui, F|
|poke|p2|Cinderace, M|
|poke|p2|Ogerpon-Wellspring, F|
|teampreview
|inactive|Battle timer is ON: inactive players will automatically lose when time's up. (requested by Ra9003)
|
|t:|1769415826
|teamsize|p1|6
|teamsize|p2|6
|start
|switch|p1a: Garganacl|Garganacl, F|100/100
|switch|p2a: Great Tusk|Great Tusk|100/100
|turn|1
|
|t:|1769415837
|switch|p1a: Rillaboom|Rillaboom, F|100/100
|-fieldstart|move: Grassy Terrain|[from] ability: Grassy Surge|[of] p1a: Rillaboom
|move|p2a: Great Tusk|Knock Off|p1a: Rillaboom
|-damage|p1a: Rillaboom|66/100
|-enditem|p1a: Rillaboom|Life Orb|[from] move: Knock Off|[of] p2a: Great Tusk
|
|-heal|p1a: Rillaboom|72/100|[from] Grassy Terrain
|upkeep
|turn|2
|
|t:|1769415864
|-end|p2a: Great Tusk|Protosynthesis|[silent]
|switch|p2a: Cinderace|Cinderace, M|100/100
|move|p1a: Rillaboom|Grassy Glide|p2a: Cinderace
|-resisted|p2a: Cinderace
|-damage|p2a: Cinderace|73/100
|
|-heal|p2a: Cinderace|79/100|[from] Grassy Terrain
|-heal|p1a: Rillaboom|78/100|[from] Grassy Terrain
|upkeep
|turn|3
|
|t:|1769415875
|switch|p1a: Garganacl|Garganacl, F|100/100
|move|p2a: Cinderace|U-turn|p1a: Garganacl
|-start|p2a: Cinderace|typechange|Bug|[from] ability: Libero
|-damage|p1a: Garganacl|82/100
|
|t:|1769415880
|switch|p2a: Great Tusk|Great Tusk|100/100|[from] U-turn
|
|-heal|p1a: Garganacl|88/100|[from] Grassy Terrain
|-heal|p1a: Garganacl|94/100|[from] item: Leftovers
|upkeep
|turn|4
|
|t:|1769415887
|move|p2a: Great Tusk|Headlong Rush|p1a: Garganacl
|-supereffective|p1a: Garganacl
|-damage|p1a: Garganacl|30/100
|-unboost|p2a: Great Tusk|def|1
|-unboost|p2a: Great Tusk|spd|1
|move|p1a: Garganacl|Salt Cure|p2a: Great Tusk
|-resisted|p2a: Great Tusk
|-damage|p2a: Great Tusk|97/100
|-start|p2a: Great Tusk|Salt Cure
|
|-heal|p2a: Great Tusk|100/100|[from] Grassy Terrain
|-heal|p1a: Garganacl|36/100|[from] Grassy Terrain
|-heal|p1a: Garganacl|43/100|[from] item: Leftovers
|-damage|p2a: Great Tusk|88/100|[from] Salt Cure
|upkeep
|turn|5
|
|t:|1769415906
|-end|p2a: Great Tusk|Protosynthesis|[silent]
|switch|p2a: Tinkaton|Tinkaton, F|100/100
|-item|p2a: Tinkaton|Air Balloon
|-terastallize|p1a: Garganacl|Ghost
|move|p1a: Garganacl|Recover|p1a: Garganacl
|-heal|p1a: Garganacl|93/100
|
|-heal|p1a: Garganacl|99/100|[from] Grassy Terrain
|-heal|p1a: Garganacl|100/100|[from] item: Leftovers
|-fieldend|move: Grassy Terrain
|upkeep
|turn|6
|
|t:|1769415914
|move|p2a: Tinkaton|Encore|p1a: Garganacl
|-start|p1a: Garganacl|Encore
|move|p1a: Garganacl|Recover||[still]
|-fail|p1a: Garganacl|heal
|
|upkeep
|turn|7
|
|t:|1769415943
|switch|p1a: Rillaboom|Rillaboom, F|78/100
|-fieldstart|move: Grassy Terrain|[from] ability: Grassy Surge|[of] p1a: Rillaboom
|move|p2a: Tinkaton|Stealth Rock|p1a: Rillaboom
|-sidestart|p1: caelumxz|move: Stealth Rock
|
|-heal|p1a: Rillaboom|84/100|[from] Grassy Terrain
|upkeep
|turn|8
|inactive|caelumxz has 120 seconds left.
|
|t:|1769415986
|move|p1a: Rillaboom|Grassy Glide|p2a: Tinkaton
|-resisted|p2a: Tinkaton
|-damage|p2a: Tinkaton|81/100
|-enditem|p2a: Tinkaton|Air Balloon
|move|p2a: Tinkaton|Gigaton Hammer|p1a: Rillaboom
|-damage|p1a: Rillaboom|40/100
|
|-heal|p2a: Tinkaton|87/100|[from] Grassy Terrain
|-heal|p1a: Rillaboom|46/100|[from] Grassy Terrain
|upkeep
|turn|9
|
|t:|1769415997
|move|p2a: Tinkaton|Thunder Wave|p1a: Rillaboom
|-status|p1a: Rillaboom|par
|move|p1a: Rillaboom|U-turn|p2a: Tinkaton
|-resisted|p2a: Tinkaton
|-damage|p2a: Tinkaton|80/100
|
|t:|1769416004
|switch|p1a: Great Tusk|Great Tusk|100/100|[from] U-turn
|-damage|p1a: Great Tusk|98/100|[from] Stealth Rock
|-enditem|p1a: Great Tusk|Booster Energy
|-activate|p1a: Great Tusk|ability: Protosynthesis|[fromitem]
|-start|p1a: Great Tusk|protosynthesisatk
|
|-heal|p2a: Tinkaton|86/100|[from] Grassy Terrain
|-heal|p1a: Great Tusk|100/100|[from] Grassy Terrain
|upkeep
|turn|10
|
|t:|1769416010
|switch|p2a: Duskull|Duskull, M|100/100
|move|p1a: Great Tusk|Headlong Rush|p2a: Duskull
|-immune|p2a: Duskull|[from] ability: Levitate
|
|upkeep
|turn|11
|
|t:|1769416019
|move|p1a: Great Tusk|Ice Spinner|p2a: Duskull
|-damage|p2a: Duskull|72/100
|-fieldend|move: Grassy Terrain
|move|p2a: Duskull|Will-O-Wisp|p1a: Great Tusk|[miss]
|-miss|p2a: Duskull|p1a: Great Tusk
|
|upkeep
|turn|12
|
|t:|1769416027
|-end|p1a: Great Tusk|Protosynthesis|[silent]
|switch|p1a: Garganacl|Garganacl, F, tera:Ghost|100/100
|-damage|p1a: Garganacl|88/100|[from] Stealth Rock
|move|p2a: Duskull|Night Shade|p1a: Garganacl
|-damage|p1a: Garganacl|63/100
|
|-heal|p1a: Garganacl|69/100|[from] item: Leftovers
|upkeep
|turn|13
|inactive|caelumxz has 120 seconds left.
|
|t:|1769416037
|move|p1a: Garganacl|Salt Cure|p2a: Duskull
|-damage|p2a: Duskull|62/100
|-start|p2a: Duskull|Salt Cure
|move|p2a: Duskull|Night Shade|p1a: Garganacl
|-damage|p1a: Garganacl|45/100
|
|-heal|p1a: Garganacl|51/100|[from] item: Leftovers
|-damage|p2a: Duskull|50/100|[from] Salt Cure
|upkeep
|turn|14
|inactive|caelumxz has 120 seconds left.
|inactive|Ra9003 has 120 seconds left.
|
|t:|1769416077
|move|p1a: Garganacl|Recover|p1a: Garganacl
|-heal|p1a: Garganacl|100/100
|move|p2a: Duskull|Rest|p2a: Duskull
|-status|p2a: Duskull|slp|[from] move: Rest
|-heal|p2a: Duskull|100/100 slp|[silent]
|
|-damage|p2a: Duskull|88/100 slp|[from] Salt Cure
|upkeep
|turn|15
|inactive|Ra9003 has 120 seconds left.
|
|t:|1769416083
|move|p1a: Garganacl|Stealth Rock|p2a: Duskull
|-sidestart|p2: Ra9003|move: Stealth Rock
|cant|p2a: Duskull|slp
|move|p2a: Duskull|Sleep Talk|p2a: Duskull
|move|p2a: Duskull|Will-O-Wisp|p1a: Garganacl|[from] move: Sleep Talk
|-immune|p1a: Garganacl|[from] ability: Purifying Salt
|
|-damage|p2a: Duskull|76/100 slp|[from] Salt Cure
|upkeep
|turn|16
|inactive|caelumxz has 120 seconds left.
|inactive|Ra9003 has 120 seconds left.
|
|t:|1769416097
|switch|p1a: Gholdengo|Gholdengo|100/100
|-damage|p1a: Gholdengo|94/100|[from] Stealth Rock
|switch|p2a: Tinkaton|Tinkaton, F|86/100
|-damage|p2a: Tinkaton|80/100|[from] Stealth Rock
|
|upkeep
|turn|17
|inactive|caelumxz has 120 seconds left.
|
|t:|1769416106
|switch|p2a: Samurott|Samurott-Hisui, F|100/100
|-damage|p2a: Samurott|88/100|[from] Stealth Rock
|move|p1a: Gholdengo|Make It Rain|p2a: Samurott
|-resisted|p2a: Samurott
|-damage|p2a: Samurott|37/100
|-unboost|p1a: Gholdengo|spa|1
|
|upkeep
|turn|18
|inactive|caelumxz has 120 seconds left.
|
|t:|1769416135
|switch|p1a: Rillaboom|Rillaboom, F|46/100 par
|-damage|p1a: Rillaboom|34/100 par|[from] Stealth Rock
|-fieldstart|move: Grassy Terrain|[from] ability: Grassy Surge|[of] p1a: Rillaboom
|move|p2a: Samurott|Ceaseless Edge|p1a: Rillaboom
|-damage|p1a: Rillaboom|0 fnt
|-sidestart|p1: caelumxz|Spikes
|faint|p1a: Rillaboom
|
|-heal|p2a: Samurott|43/100|[from] Grassy Terrain
|upkeep
|inactive|caelumxz has 90 seconds left.
|
|t:|1769416165
|switch|p1a: Great Tusk|Great Tusk|100/100
|-damage|p1a: Great Tusk|98/100|[from] Stealth Rock
|-damage|p1a: Great Tusk|85/100|[from] Spikes
|turn|19
|
|t:|1769416179
|switch|p2a: Duskull|Duskull, M|76/100 slp
|-damage|p2a: Duskull|64/100 slp|[from] Stealth Rock
|move|p1a: Great Tusk|Rapid Spin|p2a: Duskull
|-immune|p2a: Duskull
|
|-heal|p1a: Great Tusk|91/100|[from] Grassy Terrain
|upkeep
|turn|20
|inactive|caelumxz has 90 seconds left.
|
|t:|1769416200
|-end|p1a: Great Tusk|Protosynthesis|[silent]
|switch|p1a: Garganacl|Garganacl, F, tera:Ghost|100/100
|-damage|p1a: Garganacl|88/100|[from] Stealth Rock
|-damage|p1a: Garganacl|76/100|[from] Spikes
|cant|p2a: Duskull|slp
|move|p2a: Duskull|Sleep Talk|p2a: Duskull
|move|p2a: Duskull|Will-O-Wisp|p1a: Garganacl|[from] move: Sleep Talk
|-immune|p1a: Garganacl|[from] ability: Purifying Salt
|
|-heal|p1a: Garganacl|82/100|[from] Grassy Terrain
|-heal|p1a: Garganacl|88/100|[from] item: Leftovers
|upkeep
|turn|21
|
|t:|1769416219
|switch|p2a: Great Tusk|Great Tusk|88/100
|move|p1a: Garganacl|Salt Cure|p2a: Great Tusk
|-resisted|p2a: Great Tusk
|-damage|p2a: Great Tusk|86/100
|-start|p2a: Great Tusk|Salt Cure
|
|-heal|p2a: Great Tusk|92/100|[from] Grassy Terrain
|-heal|p1a: Garganacl|94/100|[from] Grassy Terrain
|-heal|p1a: Garganacl|100/100|[from] item: Leftovers
|-damage|p2a: Great Tusk|80/100|[from] Salt Cure
|upkeep
|turn|22
|inactive|caelumxz has 90 seconds left.
|
|t:|1769416245
|move|p2a: Great Tusk|Knock Off|p1a: Garganacl
|-supereffective|p1a: Garganacl
|-damage|p1a: Garganacl|68/100
|-enditem|p1a: Garganacl|Leftovers|[from] move: Knock Off|[of] p2a: Great Tusk
|move|p1a: Garganacl|Body Press|p2a: Great Tusk
|-damage|p2a: Great Tusk|59/100
|
|-heal|p2a: Great Tusk|65/100|[from] Grassy Terrain
|-heal|p1a: Garganacl|74/100|[from] Grassy Terrain
|-damage|p2a: Great Tusk|53/100|[from] Salt Cure
|-fieldend|move: Grassy Terrain
|upkeep
|turn|23
|
|t:|1769416260
|-end|p2a: Great Tusk|Protosynthesis|[silent]
|switch|p2a: Tinkaton|Tinkaton, F|80/100
|-damage|p2a: Tinkaton|74/100|[from] Stealth Rock
|move|p1a: Garganacl|Recover|p1a: Garganacl
|-heal|p1a: Garganacl|100/100
|
|upkeep
|turn|24
|
|t:|1769416277
|switch|p1a: Kingambit|Kingambit, M|100/100
|-damage|p1a: Kingambit|94/100|[from] Stealth Rock
|-damage|p1a: Kingambit|82/100|[from] Spikes
|-activate|p1a: Kingambit|ability: Supreme Overlord
|-start|p1a: Kingambit|fallen1|[silent]
|move|p2a: Tinkaton|Encore||[still]
|-fail|p2a: Tinkaton
|
|-heal|p1a: Kingambit|88/100|[from] item: Leftovers
|upkeep
|turn|25
|
|t:|1769416289
|move|p2a: Tinkaton|Gigaton Hammer|p1a: Kingambit
|-resisted|p1a: Kingambit
|-damage|p1a: Kingambit|71/100
|move|p1a: Kingambit|Iron Head|p2a: Tinkaton
|-damage|p2a: Tinkaton|12/100
|-enditem|p1a: Kingambit|Leftovers|[silent]|[from] ability: Pickpocket|[of] p1a: Kingambit
|-item|p2a: Tinkaton|Leftovers|[from] ability: Pickpocket|[of] p1a: Kingambit
|
|-heal|p2a: Tinkaton|18/100|[from] item: Leftovers
|upkeep
|turn|26
|
|t:|1769416320
|move|p2a: Tinkaton|Thunder Wave|p1a: Kingambit
|-status|p1a: Kingambit|par
|move|p1a: Kingambit|Kowtow Cleave|p2a: Tinkaton
|-resisted|p2a: Tinkaton
|-damage|p2a: Tinkaton|0 fnt
|faint|p2a: Tinkaton
|
|upkeep
|inactive|Ra9003 has 120 seconds left.
|
|t:|1769416332
|switch|p2a: Great Tusk|Great Tusk|53/100
|turn|27
|
|t:|1769416349
|-end|p1a: Kingambit|fallen1|[silent]
|switch|p1a: Garganacl|Garganacl, F, tera:Ghost|100/100
|-damage|p1a: Garganacl|88/100|[from] Stealth Rock
|-damage|p1a: Garganacl|76/100|[from] Spikes
|move|p2a: Great Tusk|Headlong Rush|p1a: Garganacl
|-damage|p1a: Garganacl|44/100
|-unboost|p2a: Great Tusk|def|1
|-unboost|p2a: Great Tusk|spd|1
|
|upkeep
|turn|28
|
|t:|1769416360
|move|p2a: Great Tusk|Headlong Rush|p1a: Garganacl
|-damage|p1a: Garganacl|13/100
|-unboost|p2a: Great Tusk|def|1
|-unboost|p2a: Great Tusk|spd|1
|move|p1a: Garganacl|Recover|p1a: Garganacl
|-heal|p1a: Garganacl|63/100
|
|upkeep
|turn|29
|inactive|Ra9003 has 120 seconds left.
|
|t:|1769416407
|-end|p2a: Great Tusk|Protosynthesis|[silent]
|switch|p2a: Duskull|Duskull, M|64/100 slp
|-damage|p2a: Duskull|51/100 slp|[from] Stealth Rock
|move|p1a: Garganacl|Recover|p1a: Garganacl
|-heal|p1a: Garganacl|100/100
|
|upkeep
|turn|30
|
|t:|1769416411
|move|p1a: Garganacl|Salt Cure|p2a: Duskull
|-damage|p2a: Duskull|41/100 slp
|-start|p2a: Duskull|Salt Cure
|-curestatus|p2a: Duskull|slp|[msg]
|move|p2a: Duskull|Night Shade|p1a: Garganacl
|-damage|p1a: Garganacl|76/100
|
|-damage|p2a: Duskull|29/100|[from] Salt Cure
|upkeep
|turn|31
|
|t:|1769416419
|move|p1a: Garganacl|Salt Cure|p2a: Duskull
|-damage|p2a: Duskull|19/100
|move|p2a: Duskull|Rest|p2a: Duskull
|-status|p2a: Duskull|slp|[from] move: Rest
|-heal|p2a: Duskull|100/100 slp|[silent]
|
|-damage|p2a: Duskull|88/100 slp|[from] Salt Cure
|upkeep
|turn|32
|
|t:|1769416432
|switch|p1a: Gholdengo|Gholdengo|94/100
|-damage|p1a: Gholdengo|88/100|[from] Stealth Rock
|-damage|p1a: Gholdengo|76/100|[from] Spikes
|cant|p2a: Duskull|slp
|move|p2a: Duskull|Sleep Talk|p2a: Duskull
|move|p2a: Duskull|Rest||[from] move: Sleep Talk|[still]
|-fail|p2a: Duskull
|
|-damage|p2a: Duskull|76/100 slp|[from] Salt Cure
|upkeep
|turn|33
|inactive|Ra9003 has 120 seconds left.
|
|t:|1769416443
|switch|p2a: Cinderace|Cinderace, M|79/100
|move|p1a: Gholdengo|Shadow Ball|p2a: Cinderace
|-damage|p2a: Cinderace|19/100
|
|upkeep
|turn|34
|
|t:|1769416449
|move|p2a: Cinderace|Sucker Punch|p1a: Gholdengo
|-start|p2a: Cinderace|typechange|Dark|[from] ability: Libero
|-supereffective|p1a: Gholdengo
|-damage|p1a: Gholdengo|0 fnt
|faint|p1a: Gholdengo
|
|upkeep
|
|t:|1769416470
|switch|p1a: Slowking|Slowking-Galar, M|100/100
|turn|35
|
|t:|1769416475
|move|p2a: Cinderace|U-turn|p1a: Slowking
|-damage|p1a: Slowking|78/100
|
|t:|1769416481
|switch|p2a: Great Tusk|Great Tusk|53/100|[from] U-turn
|move|p1a: Slowking|Sludge Bomb|p2a: Great Tusk
|-resisted|p2a: Great Tusk
|-damage|p2a: Great Tusk|25/100
|-status|p2a: Great Tusk|psn
|
|-damage|p2a: Great Tusk|13/100 psn|[from] psn
|upkeep
|turn|36
|
|t:|1769416500
|switch|p1a: Garganacl|Garganacl, F, tera:Ghost|76/100
|-damage|p1a: Garganacl|63/100|[from] Stealth Rock
|-damage|p1a: Garganacl|51/100|[from] Spikes
|move|p2a: Great Tusk|Headlong Rush|p1a: Garganacl
|-crit|p1a: Garganacl
|-damage|p1a: Garganacl|6/100
|-unboost|p2a: Great Tusk|def|1
|-unboost|p2a: Great Tusk|spd|1
|
|-damage|p2a: Great Tusk|0 fnt|[from] psn
|faint|p2a: Great Tusk
|-end|p2a: Great Tusk|Protosynthesis|[silent]
|upkeep
|inactive|Ra9003 has 120 seconds left.
|
|t:|1769416526
|switch|p2a: Samurott|Samurott-Hisui, F|43/100
|-damage|p2a: Samurott|31/100|[from] Stealth Rock
|turn|37
|
|t:|1769416532
|move|p2a: Samurott|Ceaseless Edge|p1a: Garganacl
|-supereffective|p1a: Garganacl
|-damage|p1a: Garganacl|0 fnt
|-sidestart|p1: caelumxz|Spikes
|faint|p1a: Garganacl
|
|upkeep
|
|t:|1769416554
|switch|p1a: Great Tusk|Great Tusk|91/100
|-damage|p1a: Great Tusk|88/100|[from] Stealth Rock
|-damage|p1a: Great Tusk|72/100|[from] Spikes
|turn|38
|
|t:|1769416567
|switch|p2a: Duskull|Duskull, M|76/100 slp
|-damage|p2a: Duskull|64/100 slp|[from] Stealth Rock
|move|p1a: Great Tusk|Ice Spinner|p2a: Duskull
|-damage|p2a: Duskull|43/100 slp
|
|upkeep
|turn|39
|
|t:|1769416574
|move|p1a: Great Tusk|Ice Spinner|p2a: Duskull
|-damage|p2a: Duskull|23/100 slp
|cant|p2a: Duskull|slp
|move|p2a: Duskull|Sleep Talk|p2a: Duskull
|move|p2a: Duskull|Night Shade|p1a: Great Tusk|[from] move: Sleep Talk
|-damage|p1a: Great Tusk|45/100
|
|upkeep
|turn|40
|
|t:|1769416582
|move|p1a: Great Tusk|Ice Spinner|p2a: Duskull
|-damage|p2a: Duskull|2/100 slp
|-curestatus|p2a: Duskull|slp|[msg]
|move|p2a: Duskull|Rest|p2a: Duskull
|-status|p2a: Duskull|slp|[from] move: Rest
|-heal|p2a: Duskull|100/100 slp|[silent]
|
|upkeep
|turn|41
|
|t:|1769416591
|-end|p1a: Great Tusk|Protosynthesis|[silent]
|switch|p1a: Kingambit|Kingambit, M|71/100 par
|-damage|p1a: Kingambit|65/100 par|[from] Stealth Rock
|-damage|p1a: Kingambit|48/100 par|[from] Spikes
|-activate|p1a: Kingambit|ability: Supreme Overlord
|-start|p1a: Kingambit|fallen3|[silent]
|cant|p2a: Duskull|slp
|move|p2a: Duskull|Sleep Talk|p2a: Duskull
|move|p2a: Duskull|Night Shade|p1a: Kingambit|[from] move: Sleep Talk
|-damage|p1a: Kingambit|24/100 par
|
|upkeep
|turn|42
|
|t:|1769416602
|cant|p2a: Duskull|slp
|move|p2a: Duskull|Sleep Talk|p2a: Duskull
|move|p2a: Duskull|Night Shade|p1a: Kingambit|[from] move: Sleep Talk
|-damage|p1a: Kingambit|0 fnt
|faint|p1a: Kingambit
|-end|p1a: Kingambit|fallen3|[silent]
|
|upkeep
|-message|caelumxz forfeited.
|
|win|Ra9003
|raw|caelumxz's rating: 1323 &rarr; <strong>1303</strong><br />(-20 for losing)
|raw|Ra9003's rating: 1322 &rarr; <strong>1342</strong><br />(+20 for winning)
|l|☆caelumxz
|player|p1|
