|j|☆skibidi but swole
|j|☆Xavivina la divina
|t:|1769428133
|gametype|singles
|player|p1|skibidi but swole|swimmer-gen4|1172
|player|p2|Xavivina la divina|shauntal|1145
|gen|9
|tier|[Gen 9] OU
|rated|
|rule|HP Percentage Mod: HP is shown in percentages
|rule|Endless Battle Clause: Forcing endless battles is banned
|rule|Species Clause: Limit one of each Pokémon
|rule|OHKO Clause: OHKO moves are banned
|rule|Evasion Items Clause: Evasion items are banned
|rule|Evasion Moves Clause: Evasion moves are banned
|rule|Evasion Abilities Clause: Evasion abilities are banned
|rule|Sleep Moves Clause: Sleep-inducing moves are banned
|clearpoke
|poke|p1|Smeargle, F|
|poke|p1|Kingambit, F|
|poke|p1|Empoleon, M|
|poke|p1|Deoxys-Defense|
|poke|p1|Serperior, F|
|poke|p1|Hatterene, F|
|poke|p2|Lokix, M|
|poke|p2|Mudsdale, M|
|poke|p2|Noivern, F|
|poke|p2|Florges-White, F|
|poke|p2|Lanturn, F|
|poke|p2|Arcanine-Hisui, M|
|teampreview
|inactive|Battle timer is ON: inactive players will automatically lose when time's up. (requested by Xavivina la divina)
|
|t:|1769428150
|teamsize|p1|6
|teamsize|p2|6
|start
|switch|p1a: Smeargle|Smeargle, F|100/100
|switch|p2a: Kincillo|Lokix, M|100/100
|turn|1
|
|t:|1769428155
|move|p1a: Smeargle|Silk Trap|p1a: Smeargle
|-singleturn|p1a: Smeargle|Protect
|move|p2a: Kincillo|First Impression|p1a: Smeargle
|-activate|p1a: Smeargle|move: Protect
|-unboost|p2a: Kincillo|spe|1
|
|upkeep
|turn|2
|
|t:|1769428165
|move|p1a: Smeargle|Sticky Web|p2a: Kincillo
|-sidestart|p2: Xavivina la divina|move: Sticky Web
|move|p2a: Kincillo|Knock Off|p1a: Smeargle
|-enditem|p1a: Smeargle|Focus Sash
|-damage|p1a: Smeargle|1/100
|
|upkeep
|turn|3
|
|t:|1769428175
|move|p1a: Smeargle|Court Change|p1a: Smeargle
|-swapsideconditions
|-activate|p1a: Smeargle|move: Court Change
|move|p2a: Kincillo|U-turn|p1a: Smeargle
|-damage|p1a: Smeargle|0 fnt
|faint|p1a: Smeargle
|
|t:|1769428194
|switch|p2a: Ramirez|Mudsdale, M|100/100|[from] U-turn
|
|upkeep
|
|t:|1769428198
|switch|p1a: Serperior|Serperior, F|100/100
|-activate|p1a: Serperior|move: Sticky Web
|-boost|p1a: Serperior|spe|1
|turn|4
|
|t:|1769428221
|switch|p2a: Kincillo|Lokix, M|100/100
|move|p1a: Serperior|Leaf Storm|p2a: Kincillo|[miss]
|-miss|p1a: Serperior|p2a: Kincillo
|
|upkeep
|turn|5
|
|t:|1769428237
|switch|p1a: Empoleon|Empoleon, M|100/100
|-activate|p1a: Empoleon|move: Sticky Web
|-unboost|p1a: Empoleon|spe|1
|-ability|p1a: Empoleon|Competitive|boost
|-boost|p1a: Empoleon|spa|2
|move|p2a: Kincillo|First Impression|p1a: Empoleon
|-resisted|p1a: Empoleon
|-damage|p1a: Empoleon|60/100
|
|upkeep
|turn|6
|
|t:|1769428251
|move|p2a: Kincillo|U-turn|p1a: Empoleon
|-resisted|p1a: Empoleon
|-damage|p1a: Empoleon|30/100
|
|t:|1769428257
|switch|p2a: Mario|Lanturn, F|100/100|[from] U-turn
|move|p1a: Empoleon|Flip Turn|p2a: Mario
|-immune|p2a: Mario|[from] ability: Water Absorb
|
|upkeep
|turn|7
|
|t:|1769428270
|switch|p1a: Serperior|Serperior, F|100/100
|-activate|p1a: Serperior|move: Sticky Web
|-boost|p1a: Serperior|spe|1
|move|p2a: Mario|Volt Switch|p1a: Serperior
|-resisted|p1a: Serperior
|-damage|p1a: Serperior|85/100
|
|t:|1769428277
|switch|p2a: Kincillo|Lokix, M|100/100|[from] Volt Switch
|
|-heal|p1a: Serperior|91/100|[from] item: Leftovers
|upkeep
|turn|8
|
|t:|1769428285
|switch|p1a: Empoleon|Empoleon, M|30/100
|-activate|p1a: Empoleon|move: Sticky Web
|-unboost|p1a: Empoleon|spe|1
|-ability|p1a: Empoleon|Competitive|boost
|-boost|p1a: Empoleon|spa|2
|move|p2a: Kincillo|First Impression|p1a: Empoleon
|-resisted|p1a: Empoleon
|-damage|p1a: Empoleon|0 fnt
|faint|p1a: Empoleon
|
|upkeep
|
|t:|1769428307
|switch|p1a: Hatterene|Hatterene, F|100/100
|-activate|p1a: Hatterene|move: Sticky Web
|-unboost|p1a: Hatterene|spe|1
|turn|9
|
|t:|1769428315
|move|p2a: Kincillo|U-turn|p1a: Hatterene
|-damage|p1a: Hatterene|64/100
|
|t:|1769428319
|switch|p2a: Ramirez|Mudsdale, M|100/100|[from] U-turn
|move|p1a: Hatterene|Trick Room|p1a: Hatterene
|-fieldstart|move: Trick Room|[of] p1a: Hatterene
|
|upkeep
|turn|10
|
|t:|1769428335
|move|p1a: Hatterene|Dazzling Gleam|p2a: Ramirez
|-damage|p2a: Ramirez|55/100
|-ability|p2a: Ramirez|Stamina|boost
|-boost|p2a: Ramirez|def|1
|move|p2a: Ramirez|Heavy Slam|p1a: Hatterene
|-supereffective|p1a: Hatterene
|-damage|p1a: Hatterene|0 fnt
|faint|p1a: Hatterene
|
|upkeep
|
|t:|1769428344
|switch|p1a: Deoxys|Deoxys-Defense|100/100
|-activate|p1a: Deoxys|move: Sticky Web
|-unboost|p1a: Deoxys|spe|1
|-ability|p1a: Deoxys|Pressure
|turn|11
|
|t:|1769428356
|move|p2a: Ramirez|Earthquake|p1a: Deoxys
|-damage|p1a: Deoxys|70/100
|move|p1a: Deoxys|Psycho Boost|p2a: Ramirez
|-damage|p2a: Ramirez|24/100
|-unboost|p1a: Deoxys|spa|2
|-ability|p2a: Ramirez|Stamina|boost
|-boost|p2a: Ramirez|def|1
|
|upkeep
|turn|12
|
|t:|1769428367
|move|p2a: Ramirez|Earthquake|p1a: Deoxys
|-damage|p1a: Deoxys|37/100
|move|p1a: Deoxys|Recover|p1a: Deoxys
|-heal|p1a: Deoxys|87/100
|
|upkeep
|turn|13
|
|t:|1769428373
|move|p2a: Ramirez|Earthquake|p1a: Deoxys
|-damage|p1a: Deoxys|57/100
|move|p1a: Deoxys|Recover|p1a: Deoxys
|-heal|p1a: Deoxys|100/100
|
|-fieldend|move: Trick Room
|upkeep
|turn|14
|
|t:|1769428378
|move|p2a: Ramirez|Earthquake|p1a: Deoxys
|-damage|p1a: Deoxys|67/100
|move|p1a: Deoxys|Trick Room|p1a: Deoxys
|-fieldstart|move: Trick Room|[of] p1a: Deoxys
|
|upkeep
|turn|15
|
|t:|1769428383
|move|p2a: Ramirez|Earthquake|p1a: Deoxys
|-damage|p1a: Deoxys|33/100
|move|p1a: Deoxys|Teleport|p1a: Deoxys
|
|t:|1769428387
|switch|p1a: Kingambit|Kingambit, F|100/100|[from] Teleport
|-activate|p1a: Kingambit|move: Sticky Web
|-unboost|p1a: Kingambit|spe|1
|-ability|p1a: Kingambit|Defiant|boost
|-boost|p1a: Kingambit|atk|2
|
|upkeep
|turn|16
|
|t:|1769428401
|move|p1a: Kingambit|Kowtow Cleave|p2a: Ramirez
|-damage|p2a: Ramirez|0 fnt
|-damage|p1a: Kingambit|84/100|[from] item: Rocky Helmet|[of] p2a: Ramirez
|faint|p2a: Ramirez
|
|upkeep
|inactive|Xavivina la divina has 120 seconds left.
|
|t:|1769428436
|switch|p2a: Perro del Antonio|Arcanine-Hisui, M, shiny|100/100
|turn|17
|inactive|Xavivina la divina has 120 seconds left.
|
|t:|1769428447
|-terastallize|p2a: Perro del Antonio|Electric
|move|p1a: Kingambit|Kowtow Cleave|p2a: Perro del Antonio
|-damage|p2a: Perro del Antonio|0 fnt
|faint|p2a: Perro del Antonio
|
|upkeep
|inactive|Xavivina la divina has 120 seconds left.
|
|t:|1769428469
|switch|p2a: Mario|Lanturn, F|100/100
|turn|18
|
|t:|1769428480
|move|p1a: Kingambit|Kowtow Cleave|p2a: Mario
|-damage|p2a: Mario|0 fnt
|faint|p2a: Mario
|
|-fieldend|move: Trick Room
|upkeep
|
|t:|1769428492
|switch|p2a: Patri|Florges-White, F|100/100
|turn|19
|
|t:|1769428497
|move|p2a: Patri|Moonblast|p1a: Kingambit
|-damage|p1a: Kingambit|62/100
|move|p1a: Kingambit|Iron Head|p2a: Patri
|-supereffective|p2a: Patri
|-damage|p2a: Patri|0 fnt
|faint|p2a: Patri
|
|upkeep
|
|t:|1769428504
|switch|p2a: Kincillo|Lokix, M|100/100
|turn|20
|
|t:|1769428507
|-terastallize|p1a: Kingambit|Fairy
|move|p2a: Kincillo|First Impression|p1a: Kingambit
|-resisted|p1a: Kingambit
|-damage|p1a: Kingambit|35/100
|move|p1a: Kingambit|Tera Blast|p2a: Kincillo|[anim] Tera Blast Fairy
|-supereffective|p2a: Kincillo
|-damage|p2a: Kincillo|0 fnt
|faint|p2a: Kincillo
|
|upkeep
|
|t:|1769428515
|switch|p2a: Javi|Noivern, F|100/100
|turn|21
|inactive|Xavivina la divina has 120 seconds left.
|
|t:|1769428527
|switch|p1a: Serperior|Serperior, F|91/100
|-activate|p1a: Serperior|move: Sticky Web
|-boost|p1a: Serperior|spe|1
|move|p2a: Javi|Boomburst|p1a: Serperior
|-damage|p1a: Serperior|29/100
|-damage|p2a: Javi|91/100|[from] item: Life Orb
|
|-heal|p1a: Serperior|35/100|[from] item: Leftovers
|upkeep
|turn|22
|inactive|Xavivina la divina has 120 seconds left.
|
|t:|1769428537
|move|p1a: Serperior|Dragon Pulse|p2a: Javi
|-supereffective|p2a: Javi
|-damage|p2a: Javi|29/100
|move|p2a: Javi|Boomburst|p1a: Serperior
|-damage|p1a: Serperior|0 fnt
|faint|p1a: Serperior
|-damage|p2a: Javi|19/100|[from] item: Life Orb
|
|upkeep
|
|t:|1769428544
|switch|p1a: Deoxys|Deoxys-Defense|33/100
|-activate|p1a: Deoxys|move: Sticky Web
|-unboost|p1a: Deoxys|spe|1
|-ability|p1a: Deoxys|Pressure
|turn|23
|
|t:|1769428550
|move|p2a: Javi|Boomburst|p1a: Deoxys
|-damage|p1a: Deoxys|0 fnt
|faint|p1a: Deoxys
|-damage|p2a: Javi|10/100|[from] item: Life Orb
|
|upkeep
|
|t:|1769428553
|switch|p1a: Kingambit|Kingambit, F, tera:Fairy|35/100
|-activate|p1a: Kingambit|move: Sticky Web
|-unboost|p1a: Kingambit|spe|1
|-ability|p1a: Kingambit|Defiant|boost
|-boost|p1a: Kingambit|atk|2
|turn|24
|
|t:|1769428560
|move|p1a: Kingambit|Sucker Punch|p2a: Javi
|-damage|p2a: Javi|0 fnt
|faint|p2a: Javi
|
|win|skibidi but swole
|raw|skibidi but swole's rating: 1172 &rarr; <strong>1195</strong><br />(+23 for winning)
|raw|Xavivina la divina's rating: 1145 &rarr; <strong>1122</strong><br />(-23 for losing)
|l|☆Xavivina la divina
|player|p2|
|l|☆skibidi but swole
|player|p1|
