|j|☆SrSheby
|j|☆Swampgang
|t:|1769425943
|gametype|singles
|player|p1|SrSheby|101|1274
|player|p2|Swampgang|lyra|1317
|gen|9
|tier|[Gen 9] OU
|rated|
|rule|HP Percentage Mod: HP is shown in percentages
|rule|Endless Battle Clause: Forcing endless battles is banned
|rule|Species Clause: Limit one of each Pokémon
|rule|OHKO Clause: OHKO moves are banned
|rule|Evasion Items Clause: Evasion items are banned
|rule|Evasion Moves Clause: Evasion moves are banned
|rule|Evasion Abilities Clause: Evasion abilities are banned
|rule|Sleep Moves Clause: Sleep-inducing moves are banned
|clearpoke
|poke|p1|Garchomp, F|
|poke|p1|Iron Valiant|
|poke|p1|Inteleon, F|
|poke|p1|Kilowattrel, M|
|poke|p1|Gholdengo|
|poke|p1|Umbreon, F|
|poke|p2|Samurott-Hisui, M|
|poke|p2|Great Tusk|
|poke|p2|Heatran, M|
|poke|p2|Rillaboom, F|
|poke|p2|Gholdengo|
|poke|p2|Slowking-Galar, M|
|teampreview
|inactive|Battle timer is ON: inactive players will automatically lose when time's up. (requested by Swampgang)
|
|t:|1769425958
|teamsize|p1|6
|teamsize|p2|6
|start
|switch|p1a: Garchomp|Garchomp, F|100/100
|switch|p2a: Samurott|Samurott-Hisui, M, shiny|100/100
|turn|1
|
|t:|1769425966
|move|p1a: Garchomp|Earthquake|p2a: Samurott
|-damage|p2a: Samurott|26/100
|move|p2a: Samurott|Ceaseless Edge|p1a: Garchomp
|-damage|p1a: Garchomp|50/100
|-damage|p2a: Samurott|14/100|[from] ability: Rough Skin|[of] p1a: Garchomp
|-sidestart|p1: SrSheby|Spikes
|
|upkeep
|turn|2
|
|t:|1769425973
|move|p2a: Samurott|Sucker Punch|p1a: Garchomp
|-damage|p1a: Garchomp|13/100
|-damage|p2a: Samurott|1/100|[from] ability: Rough Skin|[of] p1a: Garchomp
|move|p1a: Garchomp|Earthquake|p2a: Samurott
|-damage|p2a: Samurott|0 fnt
|faint|p2a: Samurott
|
|upkeep
|
|t:|1769425978
|switch|p2a: Rillaboom|Rillaboom, F|100/100
|-fieldstart|move: Grassy Terrain|[from] ability: Grassy Surge|[of] p2a: Rillaboom
|turn|3
|
|t:|1769425984
|switch|p1a: Umbreon|Umbreon, F|100/100
|-damage|p1a: Umbreon|88/100|[from] Spikes
|move|p2a: Rillaboom|U-turn|p1a: Umbreon
|-supereffective|p1a: Umbreon
|-damage|p1a: Umbreon|32/100
|
|t:|1769425993
|switch|p2a: Great Tusk|Great Tusk, shiny|100/100|[from] U-turn
|-enditem|p2a: Great Tusk|Booster Energy
|-activate|p2a: Great Tusk|ability: Protosynthesis|[fromitem]
|-start|p2a: Great Tusk|protosynthesisspe
|
|-heal|p1a: Umbreon|38/100|[from] Grassy Terrain
|-heal|p1a: Umbreon|44/100|[from] item: Leftovers
|upkeep
|turn|4
|
|t:|1769426002
|move|p2a: Great Tusk|Stealth Rock|p1a: Umbreon
|-sidestart|p1: SrSheby|move: Stealth Rock
|move|p1a: Umbreon|Toxic|p2a: Great Tusk
|-status|p2a: Great Tusk|tox
|
|-heal|p1a: Umbreon|50/100|[from] Grassy Terrain
|-heal|p1a: Umbreon|57/100|[from] item: Leftovers
|-damage|p2a: Great Tusk|94/100 tox|[from] psn
|upkeep
|turn|5
|
|t:|1769426006
|move|p2a: Great Tusk|Headlong Rush|p1a: Umbreon
|-damage|p1a: Umbreon|14/100
|-unboost|p2a: Great Tusk|def|1
|-unboost|p2a: Great Tusk|spd|1
|move|p1a: Umbreon|Wish|p1a: Umbreon
|
|-heal|p2a: Great Tusk|100/100 tox|[from] Grassy Terrain
|-heal|p1a: Umbreon|20/100|[from] Grassy Terrain
|-heal|p1a: Umbreon|26/100|[from] item: Leftovers
|-damage|p2a: Great Tusk|88/100 tox|[from] psn
|upkeep
|turn|6
|
|t:|1769426014
|-end|p2a: Great Tusk|Protosynthesis|[silent]
|switch|p2a: Rillaboom|Rillaboom, F|100/100
|move|p1a: Umbreon|Protect||[still]
|-fail|p1a: Umbreon
|
|-heal|p1a: Umbreon|76/100|[from] move: Wish|[wisher] Umbreon
|-heal|p1a: Umbreon|82/100|[from] Grassy Terrain
|-heal|p1a: Umbreon|88/100|[from] item: Leftovers
|upkeep
|turn|7
|
|t:|1769426044
|move|p2a: Rillaboom|Wood Hammer|p1a: Umbreon
|-damage|p1a: Umbreon|0 fnt
|faint|p1a: Umbreon
|-damage|p2a: Rillaboom|67/100|[from] Recoil
|
|-heal|p2a: Rillaboom|73/100|[from] Grassy Terrain
|-fieldend|move: Grassy Terrain
|upkeep
|
|t:|1769426069
|switch|p1a: Gholdengo|Gholdengo|100/100
|-damage|p1a: Gholdengo|88/100|[from] Spikes
|-damage|p1a: Gholdengo|82/100|[from] Stealth Rock
|turn|8
|
|t:|1769426074
|switch|p2a: Great Tusk|Great Tusk, shiny|88/100 tox
|move|p1a: Gholdengo|Thunder Wave|p2a: Great Tusk
|-immune|p2a: Great Tusk
|
|-heal|p1a: Gholdengo|88/100|[from] item: Leftovers
|-damage|p2a: Great Tusk|82/100 tox|[from] psn
|upkeep
|turn|9
|
|t:|1769426083
|move|p2a: Great Tusk|Ice Spinner|p1a: Gholdengo
|-resisted|p1a: Gholdengo
|-damage|p1a: Gholdengo|80/100
|move|p1a: Gholdengo|Hex|p2a: Great Tusk
|-damage|p2a: Great Tusk|3/100 tox
|
|-heal|p1a: Gholdengo|86/100|[from] item: Leftovers
|-damage|p2a: Great Tusk|0 fnt|[from] psn
|faint|p2a: Great Tusk
|-end|p2a: Great Tusk|Protosynthesis|[silent]
|upkeep
|
|t:|1769426087
|switch|p2a: Heatran|Heatran, M, shiny|100/100
|turn|10
|
|t:|1769426093
|switch|p1a: Inteleon|Inteleon, F|100/100
|-damage|p1a: Inteleon|88/100|[from] Spikes
|-damage|p1a: Inteleon|76/100|[from] Stealth Rock
|move|p2a: Heatran|Lava Plume|p1a: Inteleon
|-resisted|p1a: Inteleon
|-damage|p1a: Inteleon|37/100
|
|upkeep
|turn|11
|
|t:|1769426102
|switch|p2a: Rillaboom|Rillaboom, F|73/100
|-fieldstart|move: Grassy Terrain|[from] ability: Grassy Surge|[of] p2a: Rillaboom
|move|p1a: Inteleon|Snipe Shot|p2a: Rillaboom
|-resisted|p2a: Rillaboom
|-damage|p2a: Rillaboom|32/100
|
|-heal|p1a: Inteleon|43/100|[from] Grassy Terrain
|-heal|p2a: Rillaboom|39/100|[from] Grassy Terrain
|upkeep
|turn|12
|
|t:|1769426106
|move|p2a: Rillaboom|Grassy Glide|p1a: Inteleon
|-supereffective|p1a: Inteleon
|-damage|p1a: Inteleon|0 fnt
|faint|p1a: Inteleon
|
|-heal|p2a: Rillaboom|45/100|[from] Grassy Terrain
|upkeep
|
|t:|1769426114
|switch|p1a: Kilowattrel|Kilowattrel, M|100/100
|-damage|p1a: Kilowattrel|76/100|[from] Stealth Rock
|turn|13
|
|t:|1769426118
|switch|p2a: Heatran|Heatran, M, shiny|100/100
|move|p1a: Kilowattrel|Air Slash|p2a: Heatran
|-resisted|p2a: Heatran
|-damage|p2a: Heatran|80/100
|-damage|p1a: Kilowattrel|66/100|[from] item: Life Orb
|
|-heal|p2a: Heatran|87/100|[from] Grassy Terrain
|-heal|p2a: Heatran|93/100|[from] item: Leftovers
|upkeep
|turn|14
|
|t:|1769426129
|move|p1a: Kilowattrel|Thunderbolt|p2a: Heatran
|-damage|p2a: Heatran|51/100
|-damage|p1a: Kilowattrel|56/100|[from] item: Life Orb
|move|p2a: Heatran|Lava Plume|p1a: Kilowattrel
|-damage|p1a: Kilowattrel|0 fnt
|faint|p1a: Kilowattrel
|
|-heal|p2a: Heatran|57/100|[from] Grassy Terrain
|-heal|p2a: Heatran|64/100|[from] item: Leftovers
|upkeep
|
|t:|1769426132
|switch|p1a: Garchomp|Garchomp, F|13/100
|-damage|p1a: Garchomp|1/100|[from] Spikes
|-damage|p1a: Garchomp|0 fnt|[from] Stealth Rock
|faint|p1a: Garchomp
|
|t:|1769426137
|switch|p1a: Iron Valiant|Iron Valiant|100/100
|-damage|p1a: Iron Valiant|88/100|[from] Spikes
|-damage|p1a: Iron Valiant|82/100|[from] Stealth Rock
|-enditem|p1a: Iron Valiant|Booster Energy
|-activate|p1a: Iron Valiant|ability: Quark Drive|[fromitem]
|-start|p1a: Iron Valiant|quarkdrivespe
|turn|15
|
|t:|1769426143
|switch|p2a: Slowking|Slowking-Galar, M, shiny|100/100
|move|p1a: Iron Valiant|Drain Punch|p2a: Slowking
|-resisted|p2a: Slowking
|-damage|p2a: Slowking|91/100
|-heal|p1a: Iron Valiant|88/100|[from] drain|[of] p2a: Slowking
|
|-heal|p1a: Iron Valiant|95/100|[from] Grassy Terrain
|-heal|p2a: Slowking|97/100|[from] Grassy Terrain
|-fieldend|move: Grassy Terrain
|upkeep
|turn|16
|
|t:|1769426152
|-end|p1a: Iron Valiant|Quark Drive|[silent]
|switch|p1a: Gholdengo|Gholdengo|86/100
|-damage|p1a: Gholdengo|74/100|[from] Spikes
|-damage|p1a: Gholdengo|68/100|[from] Stealth Rock
|-prepare|p2a: Slowking|Chilly Reception|[premajor]
|move|p2a: Slowking|Chilly Reception|p2a: Slowking
|-weather|Snowscape
|
|t:|1769426155
|switch|p2a: Heatran|Heatran, M, shiny|64/100|[from] Chilly Reception
|
|-weather|Snowscape|[upkeep]
|-heal|p1a: Gholdengo|74/100|[from] item: Leftovers
|-heal|p2a: Heatran|70/100|[from] item: Leftovers
|upkeep
|turn|17
|
|t:|1769426161
|move|p1a: Gholdengo|Recover|p1a: Gholdengo
|-heal|p1a: Gholdengo|100/100
|move|p2a: Heatran|Lava Plume|p1a: Gholdengo
|-supereffective|p1a: Gholdengo
|-damage|p1a: Gholdengo|12/100
|
|-weather|Snowscape|[upkeep]
|-heal|p1a: Gholdengo|18/100|[from] item: Leftovers
|-heal|p2a: Heatran|76/100|[from] item: Leftovers
|upkeep
|turn|18
|-message|SrSheby forfeited.
|
|win|Swampgang
|raw|SrSheby's rating: 1274 &rarr; <strong>1252</strong><br />(-22 for losing)
|raw|Swampgang's rating: 1317 &rarr; <strong>1335</strong><br />(+18 for winning)
|l|☆SrSheby
|player|p1|
|l|☆Swampgang
|player|p2|
