|j|☆FrostedQueen
|j|☆TOSTEYE'
|t:|1769329210
|gametype|singles
|player|p1|FrostedQueen|acetrainersnowf|1111
|player|p2|TOSTEYE'|169|1127
|gen|9
|tier|[Gen 9] OU
|rated|
|rule|HP Percentage Mod: HP is shown in percentages
|rule|Endless Battle Clause: Forcing endless battles is banned
|rule|Species Clause: Limit one of each Pokémon
|rule|OHKO Clause: OHKO moves are banned
|rule|Evasion Items Clause: Evasion items are banned
|rule|Evasion Moves Clause: Evasion moves are banned
|rule|Evasion Abilities Clause: Evasion abilities are banned
|rule|Sleep Moves Clause: Sleep-inducing moves are banned
|clearpoke
|poke|p1|Ceruledge, M|
|poke|p1|Glimmora, M|
|poke|p1|Meowscarada, M|
|poke|p1|Empoleon, F|
|poke|p1|Eiscue, F|
|poke|p1|Metagross|
|poke|p2|Hydreigon, M|
|poke|p2|Iron Moth|
|poke|p2|Zapdos|
|poke|p2|Ogerpon-Cornerstone, F|
|poke|p2|Landorus-Therian, M|
|poke|p2|Rillaboom, M|
|teampreview
|inactive|Battle timer is ON: inactive players will automatically lose when time's up. (requested by FrostedQueen)
|
|t:|1769329224
|teamsize|p1|6
|teamsize|p2|6
|start
|switch|p1a: Ceruledge|Ceruledge, M|100/100
|switch|p2a: le mot|Iron Moth|100/100
|turn|1
|
|t:|1769329231
|move|p2a: le mot|Sludge Wave|p1a: Ceruledge
|-resisted|p1a: Ceruledge
|-crit|p1a: Ceruledge
|-damage|p1a: Ceruledge|28/100
|move|p1a: Ceruledge|Swords Dance|p1a: Ceruledge
|-boost|p1a: Ceruledge|atk|2
|
|upkeep
|turn|2
|
|t:|1769329239
|move|p1a: Ceruledge|Shadow Sneak|p2a: le mot
|-damage|p2a: le mot|23/100
|move|p2a: le mot|Sludge Wave|p1a: Ceruledge
|-resisted|p1a: Ceruledge
|-damage|p1a: Ceruledge|0 fnt
|faint|p1a: Ceruledge
|
|upkeep
|
|t:|1769329255
|switch|p1a: Metagross|Metagross|100/100
|turn|3
|
|t:|1769329262
|-end|p2a: le mot|Quark Drive|[silent]
|switch|p2a: Rillaboom|Rillaboom, M|100/100
|-fieldstart|move: Grassy Terrain|[from] ability: Grassy Surge|[of] p2a: Rillaboom
|move|p1a: Metagross|Agility|p1a: Metagross
|-boost|p1a: Metagross|spe|2
|
|upkeep
|turn|4
|
|t:|1769329278
|switch|p1a: Eiscue|Eiscue, F|100/100
|move|p2a: Rillaboom|Drain Punch|p1a: Eiscue
|-activate|p1a: Eiscue|ability: Ice Face
|-damage|p1a: Eiscue|100/100
|detailschange|p1a: Eiscue|Eiscue-Noice, F
|
|upkeep
|turn|5
|
|t:|1769329290
|move|p1a: Eiscue|Snowscape|p1a: Eiscue
|-weather|Snowscape
|-activate|p1a: Eiscue|ability: Ice Face
|detailschange|p1a: Eiscue|Eiscue, F
|move|p2a: Rillaboom|Drain Punch|p1a: Eiscue
|-activate|p1a: Eiscue|ability: Ice Face
|-damage|p1a: Eiscue|100/100
|detailschange|p1a: Eiscue|Eiscue-Noice, F
|
|-weather|Snowscape|[upkeep]
|upkeep
|turn|6
|
|t:|1769329301
|move|p1a: Eiscue|Aurora Veil|p1a: Eiscue
|-sidestart|p1: FrostedQueen|move: Aurora Veil
|move|p2a: Rillaboom|Drain Punch|p1a: Eiscue
|-supereffective|p1a: Eiscue
|-damage|p1a: Eiscue|72/100
|
|-weather|Snowscape|[upkeep]
|-heal|p1a: Eiscue|79/100|[from] Grassy Terrain
|upkeep
|turn|7
|
|t:|1769329309
|move|p1a: Eiscue|Ice Spinner|p2a: Rillaboom
|-supereffective|p2a: Rillaboom
|-damage|p2a: Rillaboom|50/100
|-fieldend|move: Grassy Terrain
|move|p2a: Rillaboom|U-turn|p1a: Eiscue
|-damage|p1a: Eiscue|65/100
|
|t:|1769329316
|switch|p2a: le mot|Iron Moth|23/100|[from] U-turn
|
|-weather|Snowscape|[upkeep]
|upkeep
|turn|8
|
|t:|1769329321
|move|p1a: Eiscue|Flip Turn|p2a: le mot
|-supereffective|p2a: le mot
|-damage|p2a: le mot|0 fnt
|faint|p2a: le mot
|-end|p2a: le mot|Quark Drive|[silent]
|
|t:|1769329336
|switch|p1a: Glimmora|Glimmora, M|100/100|[from] Flip Turn
|
|-weather|Snowscape|[upkeep]
|upkeep
|
|t:|1769329351
|switch|p2a: LANDO T|Landorus-Therian, M|100/100
|-ability|p2a: LANDO T|Intimidate|boost
|-unboost|p1a: Glimmora|atk|1
|turn|9
|
|t:|1769329373
|-terastallize|p1a: Glimmora|Grass
|move|p2a: LANDO T|Stealth Rock|p1a: Glimmora
|-sidestart|p1: FrostedQueen|move: Stealth Rock
|move|p1a: Glimmora|Meteor Beam||[still]
|-prepare|p1a: Glimmora|Meteor Beam
|-boost|p1a: Glimmora|spa|1
|-enditem|p1a: Glimmora|Power Herb
|-anim|p1a: Glimmora|Meteor Beam|p2a: LANDO T|[miss]
|-miss|p1a: Glimmora|p2a: LANDO T
|
|-weather|none
|upkeep
|turn|10
|
|t:|1769329389
|move|p2a: LANDO T|U-turn|p1a: Glimmora
|-supereffective|p1a: Glimmora
|-damage|p1a: Glimmora|60/100
|-activate|p1a: Glimmora|ability: Toxic Debris
|-sidestart|p2: TOSTEYE'|move: Toxic Spikes
|-damage|p2a: LANDO T|91/100|[from] item: Life Orb
|
|t:|1769329392
|switch|p2a: DOS|Zapdos|100/100|[from] U-turn
|-ability|p2a: DOS|Pressure
|move|p1a: Glimmora|Energy Ball|p2a: DOS
|-resisted|p2a: DOS
|-damage|p2a: DOS|62/100
|
|-heal|p2a: DOS|68/100|[from] item: Leftovers
|-sideend|p1: FrostedQueen|move: Aurora Veil
|upkeep
|turn|11
|inactive|FrostedQueen has 120 seconds left.
|
|t:|1769329416
|move|p1a: Glimmora|Spiky Shield|p1a: Glimmora
|-singleturn|p1a: Glimmora|move: Protect
|move|p2a: DOS|Protect||[still]
|-fail|p2a: DOS
|
|-heal|p2a: DOS|75/100|[from] item: Leftovers
|upkeep
|turn|12
|inactive|FrostedQueen has 120 seconds left.
|
|t:|1769329426
|move|p1a: Glimmora|Meteor Beam||[still]
|-prepare|p1a: Glimmora|Meteor Beam
|-boost|p1a: Glimmora|spa|1
|move|p2a: DOS|Hurricane|p1a: Glimmora
|-supereffective|p1a: Glimmora
|-damage|p1a: Glimmora|0 fnt
|faint|p1a: Glimmora
|
|-heal|p2a: DOS|81/100|[from] item: Leftovers
|upkeep
|inactive|FrostedQueen has 120 seconds left.
|
|t:|1769329439
|switch|p1a: Metagross|Metagross|100/100
|-damage|p1a: Metagross|95/100|[from] Stealth Rock
|turn|13
|
|t:|1769329446
|switch|p2a: LANDO T|Landorus-Therian, M|91/100
|-ability|p2a: LANDO T|Intimidate|boost
|-fail|p1a: Metagross|unboost|[from] ability: Clear Body|[of] p1a: Metagross
|move|p1a: Metagross|Agility|p1a: Metagross
|-boost|p1a: Metagross|spe|2
|
|upkeep
|turn|14
|
|t:|1769329453
|move|p1a: Metagross|Meteor Mash|p2a: LANDO T
|-crit|p2a: LANDO T
|-damage|p2a: LANDO T|0 fnt
|faint|p2a: LANDO T
|
|upkeep
|
|t:|1769329457
|switch|p2a: Hydreigon|Hydreigon, M|100/100
|turn|15
|
|t:|1769329462
|move|p1a: Metagross|Meteor Mash|p2a: Hydreigon
|-damage|p2a: Hydreigon|40/100
|move|p2a: Hydreigon|Dark Pulse|p1a: Metagross
|-supereffective|p1a: Metagross
|-damage|p1a: Metagross|0 fnt
|faint|p1a: Metagross
|
|upkeep
|
|t:|1769329468
|switch|p1a: Eiscue|Eiscue-Noice, F|65/100
|-damage|p1a: Eiscue|40/100|[from] Stealth Rock
|-enditem|p1a: Eiscue|Sitrus Berry|[eat]
|-heal|p1a: Eiscue|65/100|[from] item: Sitrus Berry
|turn|16
|
|t:|1769329471
|move|p2a: Hydreigon|Dark Pulse|p1a: Eiscue
|-damage|p1a: Eiscue|0 fnt
|faint|p1a: Eiscue
|
|upkeep
|
|t:|1769329478
|switch|p1a: Empoleon|Empoleon, F|100/100
|-damage|p1a: Empoleon|95/100|[from] Stealth Rock
|turn|17
|
|t:|1769329482
|-terastallize|p2a: Hydreigon|Water
|move|p1a: Empoleon|Vacuum Wave|p2a: Hydreigon
|-damage|p2a: Hydreigon|30/100
|move|p2a: Hydreigon|Dark Pulse|p1a: Empoleon
|-damage|p1a: Empoleon|66/100
|
|upkeep
|turn|18
|
|t:|1769329490
|switch|p2a: Rillaboom|Rillaboom, M|50/100
|-status|p2a: Rillaboom|psn
|-fieldstart|move: Grassy Terrain|[from] ability: Grassy Surge|[of] p2a: Rillaboom
|move|p1a: Empoleon|Roost|p1a: Empoleon
|-heal|p1a: Empoleon|100/100
|-singleturn|p1a: Empoleon|move: Roost
|
|-heal|p2a: Rillaboom|56/100 psn|[from] Grassy Terrain
|-damage|p2a: Rillaboom|43/100 psn|[from] psn
|upkeep
|turn|19
|c|☆TOSTEYE'|wow that's fat'
|
|t:|1769329501
|move|p2a: Rillaboom|Drain Punch|p1a: Empoleon
|-supereffective|p1a: Empoleon
|-damage|p1a: Empoleon|47/100
|-heal|p2a: Rillaboom|67/100 psn|[from] drain|[of] p1a: Empoleon
|-damage|p2a: Rillaboom|50/100 psn|[from] item: Rocky Helmet|[of] p1a: Empoleon
|move|p1a: Empoleon|Ice Beam|p2a: Rillaboom
|-supereffective|p2a: Rillaboom
|-damage|p2a: Rillaboom|17/100 psn
|
|-heal|p2a: Rillaboom|24/100 psn|[from] Grassy Terrain
|-heal|p1a: Empoleon|53/100|[from] Grassy Terrain
|-damage|p2a: Rillaboom|11/100 psn|[from] psn
|upkeep
|turn|20
|
|t:|1769329518
|move|p1a: Empoleon|Vacuum Wave|p2a: Rillaboom
|-damage|p2a: Rillaboom|3/100 psn
|move|p2a: Rillaboom|Drain Punch|p1a: Empoleon
|-supereffective|p1a: Empoleon
|-damage|p1a: Empoleon|0 fnt
|-heal|p2a: Rillaboom|26/100 psn|[from] drain|[of] p1a: Empoleon
|-damage|p2a: Rillaboom|9/100 psn|[from] item: Rocky Helmet|[of] p1a: Empoleon
|faint|p1a: Empoleon
|
|-heal|p2a: Rillaboom|15/100 psn|[from] Grassy Terrain
|-damage|p2a: Rillaboom|3/100 psn|[from] psn
|upkeep
|
|t:|1769329532
|switch|p1a: Meowscarada|Meowscarada, M|100/100
|-damage|p1a: Meowscarada|88/100|[from] Stealth Rock
|turn|21
|
|t:|1769329543
|move|p2a: Rillaboom|Grassy Glide|p1a: Meowscarada
|-resisted|p1a: Meowscarada
|-damage|p1a: Meowscarada|57/100
|move|p1a: Meowscarada|Flower Trick|p2a: Rillaboom
|-start|p1a: Meowscarada|typechange|Grass|[from] ability: Protean
|-resisted|p2a: Rillaboom
|-crit|p2a: Rillaboom
|-damage|p2a: Rillaboom|0 fnt
|faint|p2a: Rillaboom
|
|-heal|p1a: Meowscarada|63/100|[from] Grassy Terrain
|upkeep
|
|t:|1769329556
|switch|p2a: Hydreigon|Hydreigon, M, tera:Water|30/100
|turn|22
|
|t:|1769329562
|move|p1a: Meowscarada|Flower Trick|p2a: Hydreigon
|-supereffective|p2a: Hydreigon
|-crit|p2a: Hydreigon
|-damage|p2a: Hydreigon|0 fnt
|faint|p2a: Hydreigon
|
|-heal|p1a: Meowscarada|69/100|[from] Grassy Terrain
|-fieldend|move: Grassy Terrain
|upkeep
|
|t:|1769329567
|switch|p2a: DOS|Zapdos|81/100
|-ability|p2a: DOS|Pressure
|turn|23
|
|t:|1769329576
|move|p1a: Meowscarada|Flower Trick|p2a: DOS
|-resisted|p2a: DOS
|-crit|p2a: DOS
|-damage|p2a: DOS|52/100
|move|p2a: DOS|Hurricane|p1a: Meowscarada|[miss]
|-miss|p2a: DOS|p1a: Meowscarada
|
|-heal|p2a: DOS|58/100|[from] item: Leftovers
|upkeep
|turn|24
|
|t:|1769329585
|move|p1a: Meowscarada|Flower Trick|p2a: DOS
|-resisted|p2a: DOS
|-crit|p2a: DOS
|-damage|p2a: DOS|32/100
|move|p2a: DOS|Hurricane|p1a: Meowscarada
|-supereffective|p1a: Meowscarada
|-damage|p1a: Meowscarada|0 fnt
|faint|p1a: Meowscarada
|
|win|TOSTEYE'
|raw|FrostedQueen's rating: 1111 &rarr; <strong>1087</strong><br />(-24 for losing)
|raw|TOSTEYE&apos;'s rating: 1127 &rarr; <strong>1151</strong><br />(+24 for winning)
|l|☆FrostedQueen
|player|p1|
|l|☆TOSTEYE'
|player|p2|
