|j|☆kilobyt3
|j|☆dankos08612
|t:|1769387255
|gametype|singles
|player|p1|kilobyt3|lucas-gen4pt|1207
|player|p2|dankos08612|cynthia|1197
|gen|9
|tier|[Gen 9] OU
|rated|
|rule|HP Percentage Mod: HP is shown in percentages
|rule|Endless Battle Clause: Forcing endless battles is banned
|rule|Species Clause: Limit one of each Pokémon
|rule|OHKO Clause: OHKO moves are banned
|rule|Evasion Items Clause: Evasion items are banned
|rule|Evasion Moves Clause: Evasion moves are banned
|rule|Evasion Abilities Clause: Evasion abilities are banned
|rule|Sleep Moves Clause: Sleep-inducing moves are banned
|clearpoke
|poke|p1|Ninetales-Alola, F|
|poke|p1|Frosmoth, M|
|poke|p1|Bellibolt, F|
|poke|p1|Great Tusk|
|poke|p1|Kingambit, M|
|poke|p1|Heatran, M|
|poke|p2|Samurott-Hisui, F|
|poke|p2|Slowking-Galar, M|
|poke|p2|Corviknight, F|
|poke|p2|Zoroark-Hisui, F|
|poke|p2|Landorus-Therian, M|
|poke|p2|Raging Bolt|
|teampreview
|inactive|Battle timer is ON: inactive players will automatically lose when time's up. (requested by dankos08612)
|
|t:|1769387271
|teamsize|p1|6
|teamsize|p2|6
|start
|switch|p1a: Ninetales|Ninetales-Alola, F|100/100
|switch|p2a: old king of ou|Landorus-Therian, M|100/100
|-ability|p2a: old king of ou|Intimidate|boost
|-unboost|p1a: Ninetales|atk|1
|-weather|Snowscape|[from] ability: Snow Warning|[of] p1a: Ninetales
|turn|1
|
|t:|1769387279
|move|p2a: old king of ou|U-turn|p1a: Ninetales
|-resisted|p1a: Ninetales
|-damage|p1a: Ninetales|86/100
|
|t:|1769387282
|switch|p2a: skarm|Corviknight, F|100/100|[from] U-turn
|-ability|p2a: skarm|Pressure
|move|p1a: Ninetales|Freeze-Dry|p2a: skarm
|-damage|p2a: skarm|75/100
|
|-weather|Snowscape|[upkeep]
|-heal|p2a: skarm|81/100|[from] item: Leftovers
|upkeep
|turn|2
|
|t:|1769387288
|move|p1a: Ninetales|Aurora Veil|p1a: Ninetales
|-sidestart|p1: kilobyt3|move: Aurora Veil
|move|p2a: skarm|Body Press|p1a: Ninetales
|-damage|p1a: Ninetales|73/100
|
|-weather|Snowscape|[upkeep]
|-heal|p2a: skarm|87/100|[from] item: Leftovers
|upkeep
|turn|3
|
|t:|1769387297
|switch|p1a: boingg|Bellibolt, F, shiny|100/100
|move|p2a: skarm|Body Press|p1a: boingg
|-damage|p1a: boingg|89/100
|-start|p1a: boingg|Charge|Body Press|[from] ability: Electromorphosis
|
|-weather|Snowscape|[upkeep]
|-heal|p2a: skarm|94/100|[from] item: Leftovers
|upkeep
|turn|4
|
|t:|1769387306
|move|p2a: skarm|U-turn|p1a: boingg
|-crit|p1a: boingg
|-damage|p1a: boingg|69/100
|-start|p1a: boingg|Charge|U-turn|[from] ability: Electromorphosis
|
|t:|1769387311
|switch|p2a: old king of ou|Landorus-Therian, M|100/100|[from] U-turn
|-ability|p2a: old king of ou|Intimidate|boost
|-unboost|p1a: boingg|atk|1
|move|p1a: boingg|Thunderbolt|p2a: old king of ou
|-immune|p2a: old king of ou
|-end|p1a: boingg|Charge|[silent]
|
|-weather|Snowscape|[upkeep]
|upkeep
|turn|5
|
|t:|1769387316
|-terastallize|p1a: boingg|Ice
|move|p2a: old king of ou|Earthquake|p1a: boingg
|-damage|p1a: boingg|52/100
|-start|p1a: boingg|Charge|Earthquake|[from] ability: Electromorphosis
|move|p1a: boingg|Tera Blast|p2a: old king of ou|[anim] Tera Blast Ice
|-supereffective|p2a: old king of ou
|-damage|p2a: old king of ou|0 fnt
|faint|p2a: old king of ou
|
|-weather|none
|upkeep
|
|t:|1769387327
|switch|p2a: Shauna|Samurott-Hisui, F|100/100
|turn|6
|
|t:|1769387331
|move|p2a: Shauna|Sacred Sword|p1a: boingg
|-supereffective|p1a: boingg
|-damage|p1a: boingg|16/100
|-start|p1a: boingg|Charge|Sacred Sword|[from] ability: Electromorphosis
|move|p1a: boingg|Volt Switch|p2a: Shauna
|-supereffective|p2a: Shauna
|-damage|p2a: Shauna|0 fnt
|faint|p2a: Shauna
|-end|p1a: boingg|Charge|[silent]
|
|t:|1769387338
|switch|p1a: Ninetales|Ninetales-Alola, F|73/100|[from] Volt Switch
|-weather|Snowscape|[from] ability: Snow Warning|[of] p1a: Ninetales
|
|-weather|Snowscape|[upkeep]
|upkeep
|
|t:|1769387348
|switch|p2a: new world order|Slowking-Galar, M|100/100
|turn|7
|
|t:|1769387360
|switch|p1a: moth|Frosmoth, M|100/100
|move|p2a: new world order|Sludge Bomb|p1a: moth
|-damage|p1a: moth|90/100
|
|-weather|Snowscape|[upkeep]
|upkeep
|turn|8
|-message|dankos08612 forfeited.
|
|win|kilobyt3
|raw|kilobyt3's rating: 1207 &rarr; <strong>1231</strong><br />(+24 for winning)
|raw|dankos08612's rating: 1197 &rarr; <strong>1173</strong><br />(-24 for losing)
|l|☆dankos08612
|player|p2|
|l|☆kilobyt3
|player|p1|
