|j|☆niam5858
|j|☆0o1kiba1o0
|t:|1769437771
|gametype|singles
|player|p1|niam5858|erika-gen3|1253
|player|p2|0o1kiba1o0|bruno|1244
|gen|9
|tier|[Gen 9] OU
|rated|
|rule|HP Percentage Mod: HP is shown in percentages
|rule|Endless Battle Clause: Forcing endless battles is banned
|rule|Species Clause: Limit one of each Pokémon
|rule|OHKO Clause: OHKO moves are banned
|rule|Evasion Items Clause: Evasion items are banned
|rule|Evasion Moves Clause: Evasion moves are banned
|rule|Evasion Abilities Clause: Evasion abilities are banned
|rule|Sleep Moves Clause: Sleep-inducing moves are banned
|clearpoke
|poke|p1|Drednaw, M|
|poke|p1|Pelipper, F|
|poke|p1|Indeedee, M|
|poke|p1|Hatterene, F|
|poke|p1|Barraskewda, M|
|poke|p1|Samurott-Hisui, F|
|poke|p2|Slowking-Galar, M|
|poke|p2|Clodsire, F|
|poke|p2|Hatterene, F|
|poke|p2|Brambleghast, F|
|poke|p2|Dondozo, F|
|poke|p2|Ogerpon-Wellspring, F|
|teampreview
|inactive|Battle timer is ON: inactive players will automatically lose when time's up. (requested by niam5858)
|
|t:|1769437782
|teamsize|p1|6
|teamsize|p2|6
|start
|switch|p1a: Clamidia|Samurott-Hisui, F|100/100
|switch|p2a: Ogerpon|Ogerpon-Wellspring, F|100/100
|turn|1
|
|t:|1769437788
|move|p2a: Ogerpon|Knock Off|p1a: Clamidia
|-resisted|p1a: Clamidia
|-damage|p1a: Clamidia|78/100
|-enditem|p1a: Clamidia|Focus Sash|[from] move: Knock Off|[of] p2a: Ogerpon
|move|p1a: Clamidia|Ceaseless Edge|p2a: Ogerpon
|-damage|p2a: Ogerpon|48/100
|-sidestart|p2: 0o1kiba1o0|Spikes
|
|upkeep
|turn|2
|
|t:|1769437796
|move|p2a: Ogerpon|Wood Hammer|p1a: Clamidia
|-supereffective|p1a: Clamidia
|-damage|p1a: Clamidia|0 fnt
|faint|p1a: Clamidia
|-damage|p2a: Ogerpon|20/100|[from] Recoil
|
|upkeep
|
|t:|1769437802
|switch|p1a: Oui Messire|Indeedee, M|100/100
|-fieldstart|move: Psychic Terrain|[from] ability: Psychic Surge|[of] p1a: Oui Messire
|turn|3
|
|t:|1769437818
|switch|p1a: Sorchuchotement|Hatterene, F|100/100
|move|p2a: Ogerpon|U-turn|p1a: Sorchuchotement
|-damage|p1a: Sorchuchotement|78/100
|
|t:|1769437824
|switch|p2a: Slowking|Slowking-Galar, M|100/100|[from] U-turn
|-damage|p2a: Slowking|88/100|[from] Spikes
|
|-heal|p1a: Sorchuchotement|84/100|[from] item: Leftovers
|upkeep
|turn|4
|
|t:|1769437832
|move|p1a: Sorchuchotement|Nuzzle|p2a: Slowking
|-damage|p2a: Slowking|84/100
|-status|p2a: Slowking|par
|move|p2a: Slowking|Sludge Bomb|p1a: Sorchuchotement
|-supereffective|p1a: Sorchuchotement
|-damage|p1a: Sorchuchotement|20/100
|
|-heal|p1a: Sorchuchotement|26/100|[from] item: Leftovers
|upkeep
|turn|5
|
|t:|1769437842
|switch|p1a: Torgamorve|Drednaw, M|100/100
|cant|p2a: Slowking|par
|
|upkeep
|turn|6
|
|t:|1769437850
|move|p1a: Torgamorve|Crunch|p2a: Slowking
|-supereffective|p2a: Slowking
|-damage|p2a: Slowking|0 fnt
|faint|p2a: Slowking
|
|upkeep
|
|t:|1769437856
|switch|p2a: Brambleghast|Brambleghast, F|100/100
|-damage|p2a: Brambleghast|88/100|[from] Spikes
|turn|7
|
|t:|1769437861
|move|p1a: Torgamorve|Shell Smash|p1a: Torgamorve
|-unboost|p1a: Torgamorve|def|1
|-unboost|p1a: Torgamorve|spd|1
|-boost|p1a: Torgamorve|atk|2
|-boost|p1a: Torgamorve|spa|2
|-boost|p1a: Torgamorve|spe|2
|-enditem|p1a: Torgamorve|White Herb
|-clearnegativeboost|p1a: Torgamorve|[silent]
|move|p2a: Brambleghast|Rapid Spin|p1a: Torgamorve
|-resisted|p1a: Torgamorve
|-damage|p1a: Torgamorve|91/100
|-boost|p2a: Brambleghast|spe|1
|-sideend|p2: 0o1kiba1o0|Spikes|[from] move: Rapid Spin|[of] p2a: Brambleghast
|
|upkeep
|turn|8
|
|t:|1769437874
|switch|p2a: Dondozo|Dondozo, F|100/100
|-terastallize|p1a: Torgamorve|Dark
|move|p1a: Torgamorve|Crunch|p2a: Dondozo
|-damage|p2a: Dondozo|73/100
|
|-heal|p2a: Dondozo|79/100|[from] item: Leftovers
|upkeep
|turn|9
|
|t:|1769437889
|move|p1a: Torgamorve|Liquidation|p2a: Dondozo
|-resisted|p2a: Dondozo
|-damage|p2a: Dondozo|70/100
|move|p2a: Dondozo|Curse|p2a: Dondozo
|-unboost|p2a: Dondozo|spe|1
|-boost|p2a: Dondozo|atk|1
|-boost|p2a: Dondozo|def|1
|
|-heal|p2a: Dondozo|76/100|[from] item: Leftovers
|upkeep
|turn|10
|
|t:|1769437897
|move|p1a: Torgamorve|Stone Edge|p2a: Dondozo
|-damage|p2a: Dondozo|61/100
|move|p2a: Dondozo|Body Press|p1a: Torgamorve
|-supereffective|p1a: Torgamorve
|-damage|p1a: Torgamorve|0 fnt
|faint|p1a: Torgamorve
|
|-heal|p2a: Dondozo|67/100|[from] item: Leftovers
|-fieldend|move: Psychic Terrain
|upkeep
|
|t:|1769437907
|switch|p1a: BekiPainAuCocolat|Pelipper, F|100/100
|-weather|RainDance|[from] ability: Drizzle|[of] p1a: BekiPainAuCocolat
|turn|11
|
|t:|1769437916
|switch|p2a: Brambleghast|Brambleghast, F|88/100
|move|p1a: BekiPainAuCocolat|Hurricane|p2a: Brambleghast
|-ability|p2a: Brambleghast|Wind Rider|boost
|-boost|p2a: Brambleghast|atk|1
|
|-weather|RainDance|[upkeep]
|upkeep
|turn|12
|
|t:|1769437926
|move|p2a: Brambleghast|Poltergeist|p1a: BekiPainAuCocolat|[miss]
|-miss|p2a: Brambleghast|p1a: BekiPainAuCocolat
|move|p1a: BekiPainAuCocolat|U-turn|p2a: Brambleghast
|-crit|p2a: Brambleghast
|-damage|p2a: Brambleghast|71/100
|
|t:|1769437933
|switch|p1a: HastaLaVida|Barraskewda, M|100/100|[from] U-turn
|
|-weather|RainDance|[upkeep]
|upkeep
|turn|13
|
|t:|1769437943
|move|p1a: HastaLaVida|Flip Turn|p2a: Brambleghast
|-resisted|p2a: Brambleghast
|-damage|p2a: Brambleghast|25/100
|
|t:|1769437946
|switch|p1a: Oui Messire|Indeedee, M|100/100|[from] Flip Turn
|-fieldstart|move: Psychic Terrain|[from] ability: Psychic Surge|[of] p1a: Oui Messire
|move|p2a: Brambleghast|Strength Sap|p1a: Oui Messire
|-unboost|p1a: Oui Messire|atk|1
|-heal|p2a: Brambleghast|64/100
|
|-weather|RainDance|[upkeep]
|upkeep
|turn|14
|
|t:|1769437958
|switch|p2a: Hatterene|Hatterene, F|100/100
|move|p1a: Oui Messire|Encore|p2a: Hatterene
|move|p2a: Hatterene|Encore||[from] ability: Magic Bounce|[still]
|-fail|p2a: Hatterene
|
|-weather|RainDance|[upkeep]
|upkeep
|turn|15
|
|t:|1769437969
|move|p1a: Oui Messire|Hyper Voice|p2a: Hatterene
|-damage|p2a: Hatterene|61/100
|move|p2a: Hatterene|Mystical Fire|p1a: Oui Messire
|-damage|p1a: Oui Messire|86/100
|-unboost|p1a: Oui Messire|spa|1
|
|-weather|RainDance|[upkeep]
|-heal|p2a: Hatterene|67/100|[from] item: Leftovers
|upkeep
|turn|16
|
|t:|1769437977
|move|p1a: Oui Messire|Hyper Voice|p2a: Hatterene
|-damage|p2a: Hatterene|36/100
|move|p2a: Hatterene|Draining Kiss|p1a: Oui Messire
|-damage|p1a: Oui Messire|54/100
|-heal|p2a: Hatterene|56/100|[from] drain|[of] p1a: Oui Messire
|
|-weather|RainDance|[upkeep]
|-heal|p2a: Hatterene|62/100|[from] item: Leftovers
|upkeep
|turn|17
|
|t:|1769437988
|move|p1a: Oui Messire|Expanding Force|p2a: Hatterene
|-resisted|p2a: Hatterene
|-damage|p2a: Hatterene|39/100
|move|p2a: Hatterene|Draining Kiss|p1a: Oui Messire
|-damage|p1a: Oui Messire|23/100
|-heal|p2a: Hatterene|57/100|[from] drain|[of] p1a: Oui Messire
|
|-weather|RainDance|[upkeep]
|-heal|p2a: Hatterene|63/100|[from] item: Leftovers
|upkeep
|turn|18
|
|t:|1769438000
|switch|p1a: Sorchuchotement|Hatterene, F|26/100
|move|p2a: Hatterene|Draining Kiss|p1a: Sorchuchotement
|-crit|p1a: Sorchuchotement
|-damage|p1a: Sorchuchotement|0 fnt
|-heal|p2a: Hatterene|83/100|[from] drain|[of] p1a: Sorchuchotement
|faint|p1a: Sorchuchotement
|
|-weather|none
|-heal|p2a: Hatterene|89/100|[from] item: Leftovers
|upkeep
|
|t:|1769438009
|switch|p1a: BekiPainAuCocolat|Pelipper, F|100/100
|-weather|RainDance|[from] ability: Drizzle|[of] p1a: BekiPainAuCocolat
|turn|19
|
|t:|1769438016
|switch|p2a: Brambleghast|Brambleghast, F|64/100
|move|p1a: BekiPainAuCocolat|Weather Ball|p2a: Brambleghast
|-resisted|p2a: Brambleghast
|-damage|p2a: Brambleghast|29/100
|
|-weather|RainDance|[upkeep]
|upkeep
|turn|20
|
|t:|1769438024
|move|p2a: Brambleghast|Spikes|p1a: BekiPainAuCocolat
|-sidestart|p1: niam5858|Spikes
|move|p1a: BekiPainAuCocolat|Weather Ball|p2a: Brambleghast
|-resisted|p2a: Brambleghast
|-damage|p2a: Brambleghast|0 fnt
|faint|p2a: Brambleghast
|
|-weather|RainDance|[upkeep]
|-fieldend|move: Psychic Terrain
|upkeep
|
|t:|1769438038
|switch|p2a: Clodsire|Clodsire, F|100/100
|turn|21
|
|t:|1769438042
|-terastallize|p2a: Clodsire|Dark
|move|p1a: BekiPainAuCocolat|Hurricane|p2a: Clodsire
|-damage|p2a: Clodsire|80/100
|move|p2a: Clodsire|Stealth Rock|p1a: BekiPainAuCocolat
|-sidestart|p1: niam5858|move: Stealth Rock
|
|-weather|RainDance|[upkeep]
|-heal|p2a: Clodsire|87/100|[from] item: Leftovers
|upkeep
|turn|22
|
|t:|1769438052
|move|p1a: BekiPainAuCocolat|Weather Ball|p2a: Clodsire
|-damage|p2a: Clodsire|61/100
|move|p2a: Clodsire|Toxic|p1a: BekiPainAuCocolat
|-status|p1a: BekiPainAuCocolat|tox
|
|-weather|RainDance|[upkeep]
|-heal|p2a: Clodsire|67/100|[from] item: Leftovers
|-damage|p1a: BekiPainAuCocolat|94/100 tox|[from] psn
|upkeep
|turn|23
|
|t:|1769438063
|switch|p1a: HastaLaVida|Barraskewda, M|100/100
|-damage|p1a: HastaLaVida|88/100|[from] Spikes
|-damage|p1a: HastaLaVida|76/100|[from] Stealth Rock
|move|p2a: Clodsire|Recover|p2a: Clodsire
|-heal|p2a: Clodsire|100/100
|
|-weather|RainDance|[upkeep]
|upkeep
|turn|24
|
|t:|1769438071
|switch|p2a: Ogerpon|Ogerpon-Wellspring, F|20/100
|move|p1a: HastaLaVida|Close Combat|p2a: Ogerpon
|-damage|p2a: Ogerpon|0 fnt
|-unboost|p1a: HastaLaVida|def|1
|-unboost|p1a: HastaLaVida|spd|1
|faint|p2a: Ogerpon
|
|-weather|RainDance|[upkeep]
|upkeep
|
|t:|1769438080
|switch|p2a: Hatterene|Hatterene, F|89/100
|turn|25
|
|t:|1769438085
|switch|p1a: Oui Messire|Indeedee, M|23/100
|-damage|p1a: Oui Messire|11/100|[from] Spikes
|-damage|p1a: Oui Messire|0 fnt|[from] Stealth Rock
|faint|p1a: Oui Messire
|move|p2a: Hatterene|Draining Kiss|p1: Oui Messire|[notarget]
|-fail|p2a: Hatterene
|
|-weather|RainDance|[upkeep]
|-heal|p2a: Hatterene|95/100|[from] item: Leftovers
|upkeep
|
|t:|1769438095
|switch|p1a: HastaLaVida|Barraskewda, M|76/100
|-damage|p1a: HastaLaVida|64/100|[from] Spikes
|-damage|p1a: HastaLaVida|52/100|[from] Stealth Rock
|turn|26
|
|t:|1769438107
|move|p1a: HastaLaVida|Liquidation|p2a: Hatterene
|-damage|p2a: Hatterene|22/100
|move|p2a: Hatterene|Draining Kiss|p1a: HastaLaVida
|-damage|p1a: HastaLaVida|4/100
|-heal|p2a: Hatterene|51/100|[from] drain|[of] p1a: HastaLaVida
|
|-weather|none
|-heal|p2a: Hatterene|57/100|[from] item: Leftovers
|upkeep
|turn|27
|
|t:|1769438117
|move|p1a: HastaLaVida|Liquidation|p2a: Hatterene
|-damage|p2a: Hatterene|4/100
|move|p2a: Hatterene|Draining Kiss|p1a: HastaLaVida
|-damage|p1a: HastaLaVida|0 fnt
|-heal|p2a: Hatterene|6/100|[from] drain|[of] p1a: HastaLaVida
|faint|p1a: HastaLaVida
|
|-heal|p2a: Hatterene|12/100|[from] item: Leftovers
|upkeep
|
|t:|1769438126
|switch|p1a: BekiPainAuCocolat|Pelipper, F|94/100 tox
|-damage|p1a: BekiPainAuCocolat|70/100 tox|[from] Stealth Rock
|-weather|RainDance|[from] ability: Drizzle|[of] p1a: BekiPainAuCocolat
|turn|28
|
|t:|1769438133
|move|p1a: BekiPainAuCocolat|Hurricane|p2a: Hatterene
|-damage|p2a: Hatterene|0 fnt
|faint|p2a: Hatterene
|
|-weather|RainDance|[upkeep]
|-damage|p1a: BekiPainAuCocolat|63/100 tox|[from] psn
|upkeep
|
|t:|1769438143
|switch|p2a: Clodsire|Clodsire, F, tera:Dark|100/100
|turn|29
|
|t:|1769438150
|move|p1a: BekiPainAuCocolat|Hurricane|p2a: Clodsire
|-damage|p2a: Clodsire|81/100
|move|p2a: Clodsire|Recover|p2a: Clodsire
|-heal|p2a: Clodsire|100/100
|
|-weather|RainDance|[upkeep]
|-damage|p1a: BekiPainAuCocolat|51/100 tox|[from] psn
|upkeep
|turn|30
|
|t:|1769438158
|move|p1a: BekiPainAuCocolat|Weather Ball|p2a: Clodsire
|-damage|p2a: Clodsire|73/100
|move|p2a: Clodsire|Recover|p2a: Clodsire
|-heal|p2a: Clodsire|100/100
|
|-weather|RainDance|[upkeep]
|-damage|p1a: BekiPainAuCocolat|32/100 tox|[from] psn
|upkeep
|turn|31
|
|t:|1769438165
|move|p1a: BekiPainAuCocolat|Hurricane|p2a: Clodsire
|-damage|p2a: Clodsire|80/100
|-start|p2a: Clodsire|confusion
|-activate|p2a: Clodsire|confusion
|-damage|p2a: Clodsire|72/100|[from] confusion
|
|-weather|RainDance|[upkeep]
|-heal|p2a: Clodsire|78/100|[from] item: Leftovers
|-damage|p1a: BekiPainAuCocolat|8/100 tox|[from] psn
|upkeep
|turn|32
|
|t:|1769438174
|move|p1a: BekiPainAuCocolat|Hurricane|p2a: Clodsire
|-damage|p2a: Clodsire|58/100
|-end|p2a: Clodsire|confusion
|move|p2a: Clodsire|Recover|p2a: Clodsire
|-heal|p2a: Clodsire|100/100
|
|-weather|RainDance|[upkeep]
|-damage|p1a: BekiPainAuCocolat|0 fnt|[from] psn
|faint|p1a: BekiPainAuCocolat
|
|win|0o1kiba1o0
|raw|niam5858's rating: 1253 &rarr; <strong>1227</strong><br />(-26 for losing)
|raw|0o1kiba1o0's rating: 1244 &rarr; <strong>1270</strong><br />(+26 for winning)
|l|☆niam5858
|player|p1|
