|badge|p2|bronze|gen9ou|100-8
|uhtml|medal-msg|<div class="broadcast-blue">Curious what those medals under the avatar are? PS now has Ladder Seasons! For more information, check out the <a href="https://www.smogon.com/forums/threads/3740067/">thread on Smogon.</a></div>
|j|☆giogiovannio
|j|☆Auburn Hills
|t:|1769389912
|gametype|singles
|player|p1|giogiovannio|drayden|1789
|player|p2|Auburn Hills|alder|1860
|gen|9
|tier|[Gen 9] OU
|rated|
|rule|HP Percentage Mod: HP is shown in percentages
|rule|Endless Battle Clause: Forcing endless battles is banned
|rule|Species Clause: Limit one of each Pokémon
|rule|OHKO Clause: OHKO moves are banned
|rule|Evasion Items Clause: Evasion items are banned
|rule|Evasion Moves Clause: Evasion moves are banned
|rule|Evasion Abilities Clause: Evasion abilities are banned
|rule|Sleep Moves Clause: Sleep-inducing moves are banned
|clearpoke
|poke|p1|Regidrago|
|poke|p1|Araquanid, M|
|poke|p1|Gholdengo|
|poke|p1|Zamazenta-*|
|poke|p1|Iron Moth|
|poke|p1|Raging Bolt|
|poke|p2|Iron Moth|
|poke|p2|Umbreon, M|
|poke|p2|Garchomp, M|
|poke|p2|Glimmora, M|
|poke|p2|Gholdengo|
|poke|p2|Dragonite, M|
|teampreview
|
|t:|1769389933
|teamsize|p1|6
|teamsize|p2|6
|start
|switch|p1a: Araquanid|Araquanid, M|100/100
|switch|p2a: Rat Tally|Garchomp, M|100/100
|turn|1
|
|t:|1769389938
|move|p2a: Rat Tally|Swords Dance|p2a: Rat Tally
|-boost|p2a: Rat Tally|atk|2
|move|p1a: Araquanid|Surf|p2a: Rat Tally
|-damage|p2a: Rat Tally|44/100
|
|upkeep
|turn|2
|
|t:|1769389946
|move|p2a: Rat Tally|Scale Shot|p1a: Araquanid
|-damage|p1a: Araquanid|71/100
|-damage|p1a: Araquanid|43/100
|-damage|p1a: Araquanid|15/100
|-damage|p1a: Araquanid|0 fnt
|faint|p1a: Araquanid
|-hitcount|p1: Araquanid|4
|-unboost|p2a: Rat Tally|def|1
|-boost|p2a: Rat Tally|spe|1
|
|upkeep
|j| petertheatre
|
|t:|1769389956
|switch|p1a: Zamazenta|Zamazenta|100/100
|-ability|p1a: Zamazenta|Dauntless Shield|boost
|-boost|p1a: Zamazenta|def|1
|turn|3
|
|t:|1769389963
|move|p2a: Rat Tally|Scale Shot|p1a: Zamazenta
|-damage|p1a: Zamazenta|89/100
|-damage|p1a: Zamazenta|76/100
|-damage|p1a: Zamazenta|64/100
|-damage|p1a: Zamazenta|52/100
|-damage|p1a: Zamazenta|38/100
|-hitcount|p1a: Zamazenta|5
|-unboost|p2a: Rat Tally|def|1
|-boost|p2a: Rat Tally|spe|1
|move|p1a: Zamazenta|Roar|p2a: Rat Tally
|drag|p2a: Julia Jacklin|Glimmora, M|100/100
|
|-heal|p1a: Zamazenta|45/100|[from] item: Leftovers
|upkeep
|turn|4
|
|t:|1769389970
|move|p1a: Zamazenta|Body Press|p2a: Julia Jacklin
|-damage|p2a: Julia Jacklin|43/100
|-activate|p2a: Julia Jacklin|ability: Toxic Debris
|-sidestart|p1: giogiovannio|move: Toxic Spikes
|move|p2a: Julia Jacklin|Sludge Wave|p1a: Zamazenta
|-damage|p1a: Zamazenta|5/100
|
|-heal|p1a: Zamazenta|11/100|[from] item: Leftovers
|upkeep
|turn|5
|
|t:|1769389972
|switch|p2a: Smino|Gholdengo|100/100
|move|p1a: Zamazenta|Body Press|p2a: Smino
|-immune|p2a: Smino
|
|-heal|p1a: Zamazenta|18/100|[from] item: Leftovers
|upkeep
|turn|6
|
|t:|1769389977
|move|p2a: Smino|Psyshock|p1a: Zamazenta
|-supereffective|p1a: Zamazenta
|-damage|p1a: Zamazenta|0 fnt
|faint|p1a: Zamazenta
|
|upkeep
|
|t:|1769389984
|switch|p1a: Gholdengo|Gholdengo|100/100
|-item|p1a: Gholdengo|Air Balloon
|turn|7
|
|t:|1769389993
|switch|p2a: Alvvays|Umbreon, M|100/100
|move|p1a: Gholdengo|Nasty Plot|p1a: Gholdengo
|-boost|p1a: Gholdengo|spa|2
|
|upkeep
|turn|8
|
|t:|1769389995
|move|p1a: Gholdengo|Dazzling Gleam|p2a: Alvvays
|-supereffective|p2a: Alvvays
|-damage|p2a: Alvvays|52/100
|move|p2a: Alvvays|Foul Play|p1a: Gholdengo
|-supereffective|p1a: Gholdengo
|-damage|p1a: Gholdengo|77/100
|-enditem|p1a: Gholdengo|Air Balloon
|
|-heal|p2a: Alvvays|58/100|[from] item: Leftovers
|upkeep
|turn|9
|
|t:|1769390000
|switch|p2a: Carly Rae|Iron Moth|100/100
|-enditem|p2a: Carly Rae|Booster Energy
|-activate|p2a: Carly Rae|ability: Quark Drive|[fromitem]
|-start|p2a: Carly Rae|quarkdrivespe
|move|p1a: Gholdengo|Shadow Ball|p2a: Carly Rae
|-damage|p2a: Carly Rae|33/100
|
|upkeep
|turn|10
|
|t:|1769390007
|switch|p1a: Iron Moth|Iron Moth|100/100
|-sideend|p1: giogiovannio|move: Toxic Spikes|[of] p1a: Iron Moth
|-enditem|p1a: Iron Moth|Booster Energy
|-activate|p1a: Iron Moth|ability: Quark Drive|[fromitem]
|-start|p1a: Iron Moth|quarkdrivespa
|move|p2a: Carly Rae|Fiery Dance|p1a: Iron Moth
|-resisted|p1a: Iron Moth
|-damage|p1a: Iron Moth|78/100
|
|upkeep
|turn|11
|
|t:|1769390021
|move|p2a: Carly Rae|Discharge|p1a: Iron Moth
|-damage|p1a: Iron Moth|47/100
|-status|p1a: Iron Moth|par
|move|p1a: Iron Moth|Psychic|p2a: Carly Rae
|-supereffective|p2a: Carly Rae
|-damage|p2a: Carly Rae|0 fnt
|faint|p2a: Carly Rae
|-end|p2a: Carly Rae|Quark Drive|[silent]
|
|upkeep
|
|t:|1769390029
|switch|p2a: Rat Tally|Garchomp, M|44/100
|turn|12
|
|t:|1769390032
|move|p2a: Rat Tally|Scale Shot|p1a: Iron Moth
|-damage|p1a: Iron Moth|26/100 par
|-damage|p1a: Iron Moth|3/100 par
|-damage|p1a: Iron Moth|0 fnt
|faint|p1a: Iron Moth
|-end|p1a: Iron Moth|Quark Drive|[silent]
|-hitcount|p1: Iron Moth|3
|-unboost|p2a: Rat Tally|def|1
|-boost|p2a: Rat Tally|spe|1
|
|upkeep
|j| LegitLadderingInc
|
|t:|1769390037
|switch|p1a: Raging Bolt|Raging Bolt|100/100
|-enditem|p1a: Raging Bolt|Booster Energy
|-activate|p1a: Raging Bolt|ability: Protosynthesis|[fromitem]
|-start|p1a: Raging Bolt|protosynthesisspa
|turn|13
|
|t:|1769390048
|switch|p2a: Julia Jacklin|Glimmora, M|43/100
|-terastallize|p1a: Raging Bolt|Bug
|move|p1a: Raging Bolt|Dragon Pulse|p2a: Julia Jacklin
|-damage|p2a: Julia Jacklin|0 fnt
|faint|p2a: Julia Jacklin
|
|upkeep
|
|t:|1769390052
|switch|p2a: Alvvays|Umbreon, M|58/100
|turn|14
|
|t:|1769390058
|move|p1a: Raging Bolt|Thunderbolt|p2a: Alvvays
|-damage|p2a: Alvvays|24/100
|move|p2a: Alvvays|Thunder Wave|p1a: Raging Bolt
|-status|p1a: Raging Bolt|par
|
|-heal|p2a: Alvvays|30/100|[from] item: Leftovers
|upkeep
|turn|15
|
|t:|1769390066
|move|p2a: Alvvays|Protect|p2a: Alvvays
|-singleturn|p2a: Alvvays|Protect
|move|p1a: Raging Bolt|Thunderbolt|p2a: Alvvays
|-activate|p2a: Alvvays|move: Protect
|
|-heal|p2a: Alvvays|36/100|[from] item: Leftovers
|upkeep
|turn|16
|
|t:|1769390069
|move|p2a: Alvvays|Wish|p2a: Alvvays
|cant|p1a: Raging Bolt|par
|
|-heal|p2a: Alvvays|42/100|[from] item: Leftovers
|upkeep
|turn|17
|
|t:|1769390072
|move|p2a: Alvvays|Foul Play|p1a: Raging Bolt
|-damage|p1a: Raging Bolt|80/100 par
|cant|p1a: Raging Bolt|par
|
|-heal|p2a: Alvvays|92/100|[from] move: Wish|[wisher] Alvvays
|-heal|p2a: Alvvays|98/100|[from] item: Leftovers
|upkeep
|turn|18
|
|t:|1769390075
|move|p2a: Alvvays|Wish|p2a: Alvvays
|cant|p1a: Raging Bolt|par
|
|-heal|p2a: Alvvays|100/100|[from] item: Leftovers
|upkeep
|turn|19
|
|t:|1769390078
|move|p2a: Alvvays|Foul Play|p1a: Raging Bolt
|-damage|p1a: Raging Bolt|60/100 par
|cant|p1a: Raging Bolt|par
|
|upkeep
|turn|20
|
|t:|1769390082
|move|p2a: Alvvays|Foul Play|p1a: Raging Bolt
|-crit|p1a: Raging Bolt
|-damage|p1a: Raging Bolt|29/100 par
|move|p1a: Raging Bolt|Calm Mind|p1a: Raging Bolt
|-boost|p1a: Raging Bolt|spa|1
|-boost|p1a: Raging Bolt|spd|1
|
|upkeep
|turn|21
|
|t:|1769390085
|move|p2a: Alvvays|Foul Play|p1a: Raging Bolt
|-damage|p1a: Raging Bolt|8/100 par
|move|p1a: Raging Bolt|Thunderbolt|p2a: Alvvays
|-crit|p2a: Alvvays
|-damage|p2a: Alvvays|19/100
|
|-heal|p2a: Alvvays|25/100|[from] item: Leftovers
|upkeep
|turn|22
|
|t:|1769390092
|move|p2a: Alvvays|Wish|p2a: Alvvays
|move|p1a: Raging Bolt|Thunderbolt|p2a: Alvvays
|-damage|p2a: Alvvays|0 fnt
|faint|p2a: Alvvays
|
|upkeep
|
|t:|1769390096
|switch|p2a: Rat Tally|Garchomp, M|44/100
|turn|23
|
|t:|1769390101
|move|p2a: Rat Tally|Scale Shot|p1a: Raging Bolt
|-damage|p1a: Raging Bolt|0 fnt
|faint|p1a: Raging Bolt
|-end|p1a: Raging Bolt|Protosynthesis|[silent]
|-hitcount|p1: Raging Bolt|1
|-unboost|p2a: Rat Tally|def|1
|-boost|p2a: Rat Tally|spe|1
|
|-heal|p2a: Rat Tally|98/100|[from] move: Wish|[wisher] Alvvays
|upkeep
|
|t:|1769390103
|switch|p1a: Gholdengo|Gholdengo|77/100
|turn|24
|
|t:|1769390105
|move|p2a: Rat Tally|Earthquake|p1a: Gholdengo
|-supereffective|p1a: Gholdengo
|-damage|p1a: Gholdengo|2/100
|move|p1a: Gholdengo|Dazzling Gleam|p2a: Rat Tally
|-supereffective|p2a: Rat Tally
|-damage|p2a: Rat Tally|46/100
|
|upkeep
|turn|25
|
|t:|1769390109
|move|p2a: Rat Tally|Earthquake|p1a: Gholdengo
|-supereffective|p1a: Gholdengo
|-damage|p1a: Gholdengo|0 fnt
|faint|p1a: Gholdengo
|
|upkeep
|
|t:|1769390110
|switch|p1a: Regidrago|Regidrago|100/100
|turn|26
|
|t:|1769390112
|move|p2a: Rat Tally|Scale Shot|p1a: Regidrago
|-supereffective|p1a: Regidrago
|-damage|p1a: Regidrago|71/100
|-supereffective|p1a: Regidrago
|-damage|p1a: Regidrago|43/100
|-supereffective|p1a: Regidrago
|-damage|p1a: Regidrago|13/100
|-supereffective|p1a: Regidrago
|-damage|p1a: Regidrago|0 fnt
|faint|p1a: Regidrago
|-hitcount|p1: Regidrago|4
|
|win|Auburn Hills
|raw|giogiovannio's rating: 1789 &rarr; <strong>1773</strong><br />(-16 for losing)
|raw|Auburn Hills's rating: 1860 &rarr; <strong>1876</strong><br />(+16 for winning)
|l|☆giogiovannio
|player|p1|
|l|☆Auburn Hills
|player|p2|
|l| LegitLadderingInc
|l| petertheatre
