|j|☆ferrydiscs
|j|☆Napple09
|t:|1769323512
|gametype|singles
|player|p1|ferrydiscs|will|1548
|player|p2|Napple09|pokemonbreeder-gen6|1575
|gen|9
|tier|[Gen 9] OU
|rated|
|rule|HP Percentage Mod: HP is shown in percentages
|rule|Endless Battle Clause: Forcing endless battles is banned
|rule|Species Clause: Limit one of each Pokémon
|rule|OHKO Clause: OHKO moves are banned
|rule|Evasion Items Clause: Evasion items are banned
|rule|Evasion Moves Clause: Evasion moves are banned
|rule|Evasion Abilities Clause: Evasion abilities are banned
|rule|Sleep Moves Clause: Sleep-inducing moves are banned
|clearpoke
|poke|p1|Tyranitar, M|
|poke|p1|Excadrill, M|
|poke|p1|Tornadus-Therian, M|
|poke|p1|Tinkaton, F|
|poke|p1|Sinistcha|
|poke|p1|Toxapex, M|
|poke|p2|Hydrapple, M|
|poke|p2|Great Tusk|
|poke|p2|Lokix, M|
|poke|p2|Cinderace, M|
|poke|p2|Alomomola, M|
|poke|p2|Slowking-Galar, F|
|teampreview
|inactive|Battle timer is ON: inactive players will automatically lose when time's up. (requested by Napple09)
|
|t:|1769323530
|teamsize|p1|6
|teamsize|p2|6
|start
|switch|p1a: Tornadus|Tornadus-Therian, M, shiny|100/100
|switch|p2a: 【 Eepy 】|Slowking-Galar, F|100/100
|turn|1
|
|t:|1769323544
|move|p1a: Tornadus|Bleakwind Storm|p2a: 【 Eepy 】
|-damage|p2a: 【 Eepy 】|46/100
|-unboost|p2a: 【 Eepy 】|spe|1
|move|p2a: 【 Eepy 】|Trick|p1a: Tornadus
|-activate|p2a: 【 Eepy 】|move: Trick|[of] p1a: Tornadus
|-item|p1a: Tornadus|Black Sludge|[from] move: Trick
|-item|p2a: 【 Eepy 】|Choice Specs|[from] move: Trick
|
|-damage|p1a: Tornadus|88/100|[from] item: Black Sludge
|upkeep
|turn|2
|
|t:|1769323568
|switch|p1a: Tinkaton|Tinkaton, F, shiny|100/100
|-item|p1a: Tinkaton|Air Balloon
|switch|p2a: 【 Momo 】|Alomomola, M|100/100
|
|upkeep
|turn|3
|
|t:|1769323592
|switch|p2a: 【 Cindy 】|Cinderace, M|100/100
|move|p1a: Tinkaton|Stealth Rock|p2a: 【 Cindy 】
|-sidestart|p2: Napple09|move: Stealth Rock
|
|upkeep
|turn|4
|
|t:|1769323602
|switch|p1a: Toxapex|Toxapex, M, shiny|100/100
|move|p2a: 【 Cindy 】|U-turn|p1a: Toxapex
|-resisted|p1a: Toxapex
|-damage|p1a: Toxapex|94/100
|-enditem|p1a: Toxapex|Eject Button
|
|t:|1769323613
|switch|p1a: Tyranitar|Tyranitar, M, shiny|100/100
|-weather|Sandstorm|[from] ability: Sand Stream|[of] p1a: Tyranitar
|
|-weather|Sandstorm|[upkeep]
|-damage|p2a: 【 Cindy 】|94/100|[from] Sandstorm
|upkeep
|turn|5
|
|t:|1769323625
|switch|p1a: Tornadus|Tornadus-Therian, M, shiny|100/100
|move|p2a: 【 Cindy 】|U-turn|p1a: Tornadus
|-resisted|p1a: Tornadus
|-damage|p1a: Tornadus|87/100
|
|t:|1769323633
|switch|p2a: 【 Eepy 】|Slowking-Galar, F|79/100|[from] U-turn
|-damage|p2a: 【 Eepy 】|66/100|[from] Stealth Rock
|
|-weather|Sandstorm|[upkeep]
|-damage|p1a: Tornadus|81/100|[from] Sandstorm
|-damage|p2a: 【 Eepy 】|60/100|[from] Sandstorm
|-damage|p1a: Tornadus|69/100|[from] item: Black Sludge
|upkeep
|turn|6
|
|t:|1769323640
|switch|p1a: Tyranitar|Tyranitar, M, shiny|100/100
|move|p2a: 【 Eepy 】|Future Sight|p1a: Tyranitar
|-start|p2a: 【 Eepy 】|move: Future Sight
|
|-weather|Sandstorm|[upkeep]
|-damage|p2a: 【 Eepy 】|54/100|[from] Sandstorm
|upkeep
|turn|7
|
|t:|1769323643
|switch|p2a: 【 Tusky 】|Great Tusk|100/100
|-damage|p2a: 【 Tusky 】|97/100|[from] Stealth Rock
|move|p1a: Tyranitar|Knock Off|p2a: 【 Tusky 】
|-resisted|p2a: 【 Tusky 】
|-damage|p2a: 【 Tusky 】|70/100
|-damage|p1a: Tyranitar|84/100|[from] item: Rocky Helmet|[of] p2a: 【 Tusky 】
|-enditem|p2a: 【 Tusky 】|Rocky Helmet|[from] move: Knock Off|[of] p1a: Tyranitar
|
|-weather|Sandstorm|[upkeep]
|upkeep
|turn|8
|
|t:|1769323650
|switch|p1a: Tinkaton|Tinkaton, F, shiny|100/100
|-item|p1a: Tinkaton|Air Balloon
|move|p2a: 【 Tusky 】|Headlong Rush|p1a: Tinkaton
|-immune|p1a: Tinkaton
|
|-weather|none
|-end|p1a: Tinkaton|move: Future Sight
|-resisted|p1a: Tinkaton
|-damage|p1a: Tinkaton|76/100
|-enditem|p1a: Tinkaton|Air Balloon
|upkeep
|turn|9
|
|t:|1769323660
|switch|p1a: Tornadus|Tornadus-Therian, M, shiny|100/100
|move|p2a: 【 Tusky 】|Ice Spinner|p1a: Tornadus
|-supereffective|p1a: Tornadus
|-damage|p1a: Tornadus|31/100
|
|-damage|p1a: Tornadus|19/100|[from] item: Black Sludge
|upkeep
|turn|10
|
|t:|1769323669
|switch|p1a: Tyranitar|Tyranitar, M, shiny|84/100
|-weather|Sandstorm|[from] ability: Sand Stream|[of] p1a: Tyranitar
|-end|p2a: 【 Tusky 】|Protosynthesis|[silent]
|switch|p2a: 【 Momo 】|Alomomola, M|100/100
|-damage|p2a: 【 Momo 】|88/100|[from] Stealth Rock
|
|-weather|Sandstorm|[upkeep]
|-damage|p2a: 【 Momo 】|82/100|[from] Sandstorm
|upkeep
|turn|11
|
|t:|1769323676
|switch|p1a: Tinkaton|Tinkaton, F, shiny|76/100
|move|p2a: 【 Momo 】|Flip Turn|p1a: Tinkaton
|-damage|p1a: Tinkaton|54/100
|-enditem|p2a: 【 Momo 】|Assault Vest|[silent]|[from] ability: Pickpocket|[of] p2a: 【 Momo 】
|-item|p1a: Tinkaton|Assault Vest|[from] ability: Pickpocket|[of] p2a: 【 Momo 】
|
|t:|1769323682
|switch|p2a: 【 Cindy 】|Cinderace, M|94/100|[from] Flip Turn
|
|-weather|Sandstorm|[upkeep]
|-damage|p2a: 【 Cindy 】|88/100|[from] Sandstorm
|upkeep
|turn|12
|
|t:|1769323688
|switch|p1a: Excadrill|Excadrill, M, shiny|100/100
|move|p2a: 【 Cindy 】|Court Change|p2a: 【 Cindy 】
|-swapsideconditions
|-activate|p2a: 【 Cindy 】|move: Court Change
|
|-weather|Sandstorm|[upkeep]
|-damage|p2a: 【 Cindy 】|82/100|[from] Sandstorm
|upkeep
|turn|13
|
|t:|1769323700
|switch|p1a: Tyranitar|Tyranitar, M, shiny|84/100
|-damage|p1a: Tyranitar|72/100|[from] Stealth Rock
|switch|p2a: 【 Syrup 】|Hydrapple, M|100/100
|
|-weather|Sandstorm|[upkeep]
|-damage|p2a: 【 Syrup 】|94/100|[from] Sandstorm
|upkeep
|turn|14
|
|t:|1769323706
|switch|p2a: 【 Momo 】|Alomomola, M|100/100
|move|p1a: Tyranitar|Knock Off|p2a: 【 Momo 】
|-damage|p2a: 【 Momo 】|61/100
|
|-weather|none
|upkeep
|turn|15
|
|t:|1769323717
|switch|p1a: Sinistcha|Sinistcha, shiny|100/100
|-damage|p1a: Sinistcha|88/100|[from] Stealth Rock
|move|p2a: 【 Momo 】|Flip Turn|p1a: Sinistcha
|-resisted|p1a: Sinistcha
|-damage|p1a: Sinistcha|82/100
|
|t:|1769323721
|switch|p2a: 【 Eepy 】|Slowking-Galar, F|88/100|[from] Flip Turn
|
|-heal|p1a: Sinistcha|88/100|[from] item: Leftovers
|upkeep
|turn|16
|
|t:|1769323732
|switch|p1a: Excadrill|Excadrill, M, shiny|100/100
|-damage|p1a: Excadrill|97/100|[from] Stealth Rock
|move|p2a: 【 Eepy 】|Trick|p1a: Excadrill
|-activate|p2a: 【 Eepy 】|move: Trick|[of] p1a: Excadrill
|-item|p1a: Excadrill|Choice Specs|[from] move: Trick
|-item|p2a: 【 Eepy 】|Leftovers|[from] move: Trick
|
|-heal|p2a: 【 Eepy 】|94/100|[from] item: Leftovers
|upkeep
|turn|17
|
|t:|1769323742
|switch|p2a: 【 Syrup 】|Hydrapple, M|100/100
|move|p1a: Excadrill|Rapid Spin|p2a: 【 Syrup 】
|-damage|p2a: 【 Syrup 】|83/100
|-boost|p1a: Excadrill|spe|1
|-sideend|p1: ferrydiscs|Stealth Rock|[from] move: Rapid Spin|[of] p1a: Excadrill
|
|upkeep
|turn|18
|
|t:|1769323752
|switch|p1a: Tinkaton|Tinkaton, F, shiny|54/100
|move|p2a: 【 Syrup 】|Leaf Storm|p1a: Tinkaton
|-resisted|p1a: Tinkaton
|-damage|p1a: Tinkaton|20/100
|-unboost|p2a: 【 Syrup 】|spa|2
|-damage|p2a: 【 Syrup 】|73/100|[from] item: Life Orb
|
|upkeep
|turn|19
|
|t:|1769323761
|switch|p2a: 【 Cindy 】|Cinderace, M|82/100
|move|p1a: Tinkaton|Ice Hammer|p2a: 【 Cindy 】
|-resisted|p2a: 【 Cindy 】
|-damage|p2a: 【 Cindy 】|68/100
|-unboost|p1a: Tinkaton|spe|1
|
|upkeep
|turn|20
|
|t:|1769323772
|switch|p1a: Toxapex|Toxapex, M, shiny|100/100
|move|p2a: 【 Cindy 】|U-turn|p1a: Toxapex
|-resisted|p1a: Toxapex
|-damage|p1a: Toxapex|94/100
|
|t:|1769323776
|switch|p2a: 【 Eepy 】|Slowking-Galar, F|100/100|[from] U-turn
|
|upkeep
|turn|21
|
|t:|1769323783
|move|p1a: Toxapex|Toxic Spikes|p2a: 【 Eepy 】
|-sidestart|p2: Napple09|move: Toxic Spikes
|move|p2a: 【 Eepy 】|Future Sight|p1a: Toxapex
|-start|p2a: 【 Eepy 】|move: Future Sight
|
|upkeep
|turn|22
|
|t:|1769323787
|move|p1a: Toxapex|Toxic Spikes|p2a: 【 Eepy 】
|-sidestart|p2: Napple09|move: Toxic Spikes
|-prepare|p2a: 【 Eepy 】|Chilly Reception|[premajor]
|move|p2a: 【 Eepy 】|Chilly Reception|p2a: 【 Eepy 】
|-weather|Snowscape
|
|t:|1769323790
|switch|p2a: 【 Cindy 】|Cinderace, M|68/100|[from] Chilly Reception
|
|-weather|Snowscape|[upkeep]
|upkeep
|turn|23
|
|t:|1769323797
|switch|p2a: 【 Eepy 】|Slowking-Galar, F|100/100
|-sideend|p2: Napple09|move: Toxic Spikes|[of] p2a: 【 Eepy 】
|switch|p1a: Tyranitar|Tyranitar, M, shiny|72/100
|-weather|Sandstorm|[from] ability: Sand Stream|[of] p1a: Tyranitar
|
|-weather|Sandstorm|[upkeep]
|-damage|p2a: 【 Eepy 】|94/100|[from] Sandstorm
|-end|p1a: Tyranitar|move: Future Sight
|-immune|p1a: Tyranitar
|-heal|p2a: 【 Eepy 】|100/100|[from] item: Leftovers
|upkeep
|turn|24
|
|t:|1769323804
|switch|p2a: 【 Tusky 】|Great Tusk|70/100
|move|p1a: Tyranitar|Stone Edge|p2a: 【 Tusky 】
|-resisted|p2a: 【 Tusky 】
|-crit|p2a: 【 Tusky 】
|-damage|p2a: 【 Tusky 】|49/100
|
|-weather|Sandstorm|[upkeep]
|upkeep
|turn|25
|
|t:|1769323809
|switch|p1a: Tornadus|Tornadus-Therian, M, shiny|52/100
|move|p2a: 【 Tusky 】|Headlong Rush|p1a: Tornadus
|-immune|p1a: Tornadus
|
|-weather|Sandstorm|[upkeep]
|-damage|p1a: Tornadus|46/100|[from] Sandstorm
|-damage|p1a: Tornadus|33/100|[from] item: Black Sludge
|upkeep
|turn|26
|
|t:|1769323816
|switch|p1a: Tyranitar|Tyranitar, M, shiny|72/100
|-end|p2a: 【 Tusky 】|Protosynthesis|[silent]
|switch|p2a: 【 Eepy 】|Slowking-Galar, F|100/100
|
|-weather|Sandstorm|[upkeep]
|-damage|p2a: 【 Eepy 】|94/100|[from] Sandstorm
|-heal|p2a: 【 Eepy 】|100/100|[from] item: Leftovers
|upkeep
|turn|27
|
|t:|1769323822
|switch|p2a: 【 Momo 】|Alomomola, M|94/100
|move|p1a: Tyranitar|Knock Off|p2a: 【 Momo 】
|-damage|p2a: 【 Momo 】|54/100
|
|-weather|none
|upkeep
|turn|28
|j| darfsgsfgsefse
|
|t:|1769323833
|switch|p1a: Tornadus|Tornadus-Therian, M, shiny|66/100
|move|p2a: 【 Momo 】|Flip Turn|p1a: Tornadus
|-damage|p1a: Tornadus|44/100
|
|t:|1769323842
|switch|p2a: 【 Luffy 】|Lokix, M|100/100|[from] Flip Turn
|
|-damage|p1a: Tornadus|32/100|[from] item: Black Sludge
|upkeep
|turn|29
|
|t:|1769323846
|switch|p1a: Toxapex|Toxapex, M, shiny|100/100
|move|p2a: 【 Luffy 】|U-turn|p1a: Toxapex
|-resisted|p1a: Toxapex
|-damage|p1a: Toxapex|63/100
|c|☆ferrydiscs|im ngl this team is infuriating
|
|t:|1769323852
|switch|p2a: 【 Syrup 】|Hydrapple, M|100/100|[from] U-turn
|
|upkeep
|turn|30
|c|☆ferrydiscs|but that's the sign of a good builder ig
|
|t:|1769323860
|move|p2a: 【 Syrup 】|Leaf Storm|p1a: Toxapex
|-damage|p1a: Toxapex|1/100
|-unboost|p2a: 【 Syrup 】|spa|2
|-damage|p2a: 【 Syrup 】|91/100|[from] item: Life Orb
|move|p1a: Toxapex|Toxic|p2a: 【 Syrup 】
|-status|p2a: 【 Syrup 】|tox
|
|-damage|p2a: 【 Syrup 】|84/100 tox|[from] psn
|upkeep
|turn|31
|
|t:|1769323873
|switch|p1a: Tornadus|Tornadus-Therian, M, shiny|65/100
|move|p2a: 【 Syrup 】|Earth Power|p1a: Tornadus
|-immune|p1a: Tornadus
|
|-damage|p1a: Tornadus|52/100|[from] item: Black Sludge
|-damage|p2a: 【 Syrup 】|72/100 tox|[from] psn
|upkeep
|turn|32
|
|t:|1769323880
|switch|p2a: 【 Eepy 】|Slowking-Galar, F|100/100
|move|p1a: Tornadus|Bleakwind Storm|p2a: 【 Eepy 】|[miss]
|-miss|p1a: Tornadus|p2a: 【 Eepy 】
|
|-damage|p1a: Tornadus|40/100|[from] item: Black Sludge
|upkeep
|turn|33
|
|t:|1769323887
|switch|p1a: Excadrill|Excadrill, M, shiny|97/100
|-prepare|p2a: 【 Eepy 】|Chilly Reception|[premajor]
|move|p2a: 【 Eepy 】|Chilly Reception|p2a: 【 Eepy 】
|-weather|Snowscape
|
|t:|1769323890
|switch|p2a: 【 Syrup 】|Hydrapple, M|100/100 tox|[from] Chilly Reception
|
|-weather|Snowscape|[upkeep]
|-damage|p2a: 【 Syrup 】|94/100 tox|[from] psn
|upkeep
|turn|34
|
|t:|1769323897
|switch|p1a: Sinistcha|Sinistcha, shiny|88/100
|move|p2a: 【 Syrup 】|Earth Power|p1a: Sinistcha
|-resisted|p1a: Sinistcha
|-damage|p1a: Sinistcha|64/100
|-unboost|p1a: Sinistcha|spd|1
|-damage|p2a: 【 Syrup 】|84/100 tox|[from] item: Life Orb
|
|-weather|Snowscape|[upkeep]
|-heal|p1a: Sinistcha|70/100|[from] item: Leftovers
|-damage|p2a: 【 Syrup 】|72/100 tox|[from] psn
|upkeep
|turn|35
|
|t:|1769323914
|move|p1a: Sinistcha|Strength Sap|p2a: 【 Syrup 】
|-unboost|p2a: 【 Syrup 】|atk|1
|-heal|p1a: Sinistcha|100/100
|move|p2a: 【 Syrup 】|Fickle Beam|p1a: Sinistcha
|-damage|p1a: Sinistcha|0 fnt
|faint|p1a: Sinistcha
|-damage|p2a: 【 Syrup 】|62/100 tox|[from] item: Life Orb
|
|-weather|Snowscape|[upkeep]
|-damage|p2a: 【 Syrup 】|44/100 tox|[from] psn
|upkeep
|
|t:|1769323923
|switch|p1a: Tyranitar|Tyranitar, M, shiny|72/100
|-weather|Sandstorm|[from] ability: Sand Stream|[of] p1a: Tyranitar
|turn|36
|
|t:|1769323928
|switch|p2a: 【 Momo 】|Alomomola, M|87/100
|move|p1a: Tyranitar|Stone Edge|p2a: 【 Momo 】
|-damage|p2a: 【 Momo 】|30/100
|
|-weather|Sandstorm|[upkeep]
|-damage|p2a: 【 Momo 】|24/100|[from] Sandstorm
|upkeep
|turn|37
|
|t:|1769323940
|switch|p1a: Tornadus|Tornadus-Therian, M, shiny|73/100
|switch|p2a: 【 Tusky 】|Great Tusk|49/100
|
|-weather|Sandstorm|[upkeep]
|-damage|p1a: Tornadus|67/100|[from] Sandstorm
|-damage|p1a: Tornadus|55/100|[from] item: Black Sludge
|upkeep
|turn|38
|
|t:|1769323948
|switch|p1a: Tyranitar|Tyranitar, M, shiny|72/100
|-end|p2a: 【 Tusky 】|Protosynthesis|[silent]
|switch|p2a: 【 Eepy 】|Slowking-Galar, F|100/100
|
|-weather|Sandstorm|[upkeep]
|-damage|p2a: 【 Eepy 】|94/100|[from] Sandstorm
|-heal|p2a: 【 Eepy 】|100/100|[from] item: Leftovers
|upkeep
|turn|39
|
|t:|1769323958
|move|p1a: Tyranitar|Stone Edge|p2a: 【 Eepy 】|[miss]
|-miss|p1a: Tyranitar|p2a: 【 Eepy 】
|-prepare|p2a: 【 Eepy 】|Chilly Reception|[premajor]
|move|p2a: 【 Eepy 】|Chilly Reception|p2a: 【 Eepy 】
|-weather|Snowscape
|
|t:|1769323962
|switch|p2a: 【 Luffy 】|Lokix, M|100/100|[from] Chilly Reception
|
|-weather|Snowscape|[upkeep]
|upkeep
|turn|40
|
|t:|1769323967
|switch|p1a: Tinkaton|Tinkaton, F, shiny|20/100
|move|p2a: 【 Luffy 】|U-turn|p1a: Tinkaton
|-resisted|p1a: Tinkaton
|-damage|p1a: Tinkaton|0 fnt
|faint|p1a: Tinkaton
|j| cyphertests
|
|t:|1769323980
|switch|p2a: 【 Eepy 】|Slowking-Galar, F|100/100|[from] U-turn
|
|-weather|Snowscape|[upkeep]
|upkeep
|
|t:|1769323982
|switch|p1a: Tyranitar|Tyranitar, M, shiny|72/100
|-weather|Sandstorm|[from] ability: Sand Stream|[of] p1a: Tyranitar
|turn|41
|
|t:|1769323993
|switch|p2a: 【 Tusky 】|Great Tusk|49/100
|move|p1a: Tyranitar|Ice Punch|p2a: 【 Tusky 】
|-supereffective|p2a: 【 Tusky 】
|-damage|p2a: 【 Tusky 】|0 fnt
|faint|p2a: 【 Tusky 】
|-end|p2a: 【 Tusky 】|Protosynthesis|[silent]
|
|-weather|Sandstorm|[upkeep]
|upkeep
|
|t:|1769323999
|switch|p2a: 【 Luffy 】|Lokix, M|100/100
|turn|42
|
|t:|1769324011
|switch|p1a: Excadrill|Excadrill, M, shiny|97/100
|-terastallize|p2a: 【 Luffy 】|Bug
|move|p2a: 【 Luffy 】|U-turn|p1a: Excadrill
|-resisted|p1a: Excadrill
|-damage|p1a: Excadrill|7/100
|
|t:|1769324018
|switch|p2a: 【 Syrup 】|Hydrapple, M|77/100 tox|[from] U-turn
|
|-weather|Sandstorm|[upkeep]
|-damage|p2a: 【 Syrup 】|71/100 tox|[from] Sandstorm
|-damage|p2a: 【 Syrup 】|65/100 tox|[from] psn
|upkeep
|turn|43
|
|t:|1769324023
|move|p1a: Excadrill|Earthquake|p2a: 【 Syrup 】
|-resisted|p2a: 【 Syrup 】
|-damage|p2a: 【 Syrup 】|42/100 tox
|move|p2a: 【 Syrup 】|Fickle Beam|p1a: Excadrill
|-resisted|p1a: Excadrill
|-damage|p1a: Excadrill|0 fnt
|faint|p1a: Excadrill
|-damage|p2a: 【 Syrup 】|32/100 tox|[from] item: Life Orb
|
|-weather|Sandstorm|[upkeep]
|-damage|p2a: 【 Syrup 】|26/100 tox|[from] Sandstorm
|-damage|p2a: 【 Syrup 】|14/100 tox|[from] psn
|upkeep
|
|t:|1769324034
|switch|p1a: Tyranitar|Tyranitar, M, shiny|72/100
|turn|44
|
|t:|1769324046
|switch|p1a: Toxapex|Toxapex, M, shiny|34/100
|switch|p2a: 【 Cindy 】|Cinderace, M|68/100
|
|-weather|Sandstorm|[upkeep]
|-damage|p2a: 【 Cindy 】|62/100|[from] Sandstorm
|-damage|p1a: Toxapex|29/100|[from] Sandstorm
|upkeep
|turn|45
|
|t:|1769324056
|switch|p1a: Tornadus|Tornadus-Therian, M, shiny|88/100
|move|p2a: 【 Cindy 】|U-turn|p1a: Tornadus
|-resisted|p1a: Tornadus
|-damage|p1a: Tornadus|75/100
|
|t:|1769324075
|switch|p2a: 【 Luffy 】|Lokix, M, tera:Bug|100/100|[from] U-turn
|
|-weather|none
|-damage|p1a: Tornadus|62/100|[from] item: Black Sludge
|upkeep
|turn|46
|j| Ctannn
|
|t:|1769324087
|switch|p1a: Toxapex|Toxapex, M, shiny|62/100
|move|p2a: 【 Luffy 】|First Impression|p1a: Toxapex
|-resisted|p1a: Toxapex
|-damage|p1a: Toxapex|0 fnt
|faint|p1a: Toxapex
|
|upkeep
|
|t:|1769324092
|switch|p1a: Tyranitar|Tyranitar, M, shiny|72/100
|-weather|Sandstorm|[from] ability: Sand Stream|[of] p1a: Tyranitar
|turn|47
|
|t:|1769324097
|switch|p2a: 【 Cindy 】|Cinderace, M|62/100
|move|p1a: Tyranitar|Stone Edge|p2a: 【 Cindy 】
|-supereffective|p2a: 【 Cindy 】
|-damage|p2a: 【 Cindy 】|0 fnt
|faint|p2a: 【 Cindy 】
|
|-weather|Sandstorm|[upkeep]
|upkeep
|
|t:|1769324099
|switch|p2a: 【 Luffy 】|Lokix, M, tera:Bug|100/100
|turn|48
|
|t:|1769324104
|switch|p1a: Tornadus|Tornadus-Therian, M, shiny|95/100
|move|p2a: 【 Luffy 】|First Impression|p1a: Tornadus
|-resisted|p1a: Tornadus
|-damage|p1a: Tornadus|0 fnt
|faint|p1a: Tornadus
|
|-weather|Sandstorm|[upkeep]
|-damage|p2a: 【 Luffy 】|94/100|[from] Sandstorm
|upkeep
|
|t:|1769324106
|switch|p1a: Tyranitar|Tyranitar, M, shiny|72/100
|turn|49
|c|☆ferrydiscs|gg
|
|t:|1769324110
|switch|p2a: 【 Momo 】|Alomomola, M|57/100
|move|p1a: Tyranitar|Stone Edge|p2a: 【 Momo 】|[miss]
|-miss|p1a: Tyranitar|p2a: 【 Momo 】
|
|-weather|Sandstorm|[upkeep]
|-damage|p2a: 【 Momo 】|51/100|[from] Sandstorm
|upkeep
|turn|50
|c|☆Napple09|gg
|
|t:|1769324120
|move|p1a: Tyranitar|Stone Edge|p2a: 【 Momo 】
|-crit|p2a: 【 Momo 】
|-damage|p2a: 【 Momo 】|0 fnt
|faint|p2a: 【 Momo 】
|
|-weather|Sandstorm|[upkeep]
|upkeep
|c|☆Napple09|you played rlly well
|
|t:|1769324132
|switch|p2a: 【 Luffy 】|Lokix, M, tera:Bug|94/100
|turn|51
|c|☆ferrydiscs|uh
|c|☆ferrydiscs|not really
|c|☆ferrydiscs|but ur team is really cool
|c|☆Napple09|thnks :D
|c|☆ferrydiscs|:) ofc!
|
|t:|1769324161
|move|p2a: 【 Luffy 】|First Impression|p1a: Tyranitar
|-supereffective|p1a: Tyranitar
|-damage|p1a: Tyranitar|0 fnt
|faint|p1a: Tyranitar
|
|win|Napple09
|raw|ferrydiscs's rating: 1548 &rarr; <strong>1530</strong><br />(-18 for losing)
|raw|Napple09's rating: 1575 &rarr; <strong>1593</strong><br />(+18 for winning)
