|j|☆desu nathan
|j|☆JD2Sleepy
|t:|1769317402
|gametype|singles
|player|p1|desu nathan|101|1681
|player|p2|JD2Sleepy|blackbelt-gen4dp|1583
|gen|9
|tier|[Gen 9] OU
|rated|
|rule|HP Percentage Mod: HP is shown in percentages
|rule|Endless Battle Clause: Forcing endless battles is banned
|rule|Species Clause: Limit one of each Pokémon
|rule|OHKO Clause: OHKO moves are banned
|rule|Evasion Items Clause: Evasion items are banned
|rule|Evasion Moves Clause: Evasion moves are banned
|rule|Evasion Abilities Clause: Evasion abilities are banned
|rule|Sleep Moves Clause: Sleep-inducing moves are banned
|clearpoke
|poke|p1|Garganacl, F|
|poke|p1|Darkrai|
|poke|p1|Great Tusk|
|poke|p1|Hatterene, F|
|poke|p1|Tornadus-Therian, M|
|poke|p1|Dragonite, M|
|poke|p2|Ninetales-Alola, M|
|poke|p2|Glimmora, F|
|poke|p2|Ceruledge, F|
|poke|p2|Ogerpon-Wellspring, F|
|poke|p2|Moltres-Galar|
|poke|p2|Zamazenta-*|
|teampreview
|
|t:|1769317410
|teamsize|p1|6
|teamsize|p2|6
|start
|switch|p1a: Darkrai|Darkrai|100/100
|switch|p2a: Glimmora|Glimmora, F|100/100
|turn|1
|
|t:|1769317419
|move|p1a: Darkrai|Psychic|p2a: Glimmora
|-supereffective|p2a: Glimmora
|-damage|p2a: Glimmora|0 fnt
|faint|p2a: Glimmora
|
|upkeep
|
|t:|1769317422
|switch|p2a: カラマツ|Moltres-Galar|100/100
|turn|2
|
|t:|1769317432
|switch|p1a: Hatterene|Hatterene, F|100/100
|move|p2a: カラマツ|Nasty Plot|p2a: カラマツ
|-boost|p2a: カラマツ|spa|2
|
|upkeep
|turn|3
|
|t:|1769317435
|move|p2a: カラマツ|Dark Pulse|p1a: Hatterene
|-damage|p1a: Hatterene|22/100
|move|p1a: Hatterene|Nuzzle|p2a: カラマツ
|-supereffective|p2a: カラマツ
|-damage|p2a: カラマツ|91/100
|-status|p2a: カラマツ|par
|
|upkeep
|turn|4
|
|t:|1769317443
|move|p2a: カラマツ|Tera Blast|p1a: Hatterene
|-damage|p1a: Hatterene|0 fnt
|faint|p1a: Hatterene
|
|upkeep
|
|t:|1769317451
|switch|p1a: Great Tusk|Great Tusk|100/100
|-enditem|p1a: Great Tusk|Booster Energy
|-activate|p1a: Great Tusk|ability: Protosynthesis|[fromitem]
|-start|p1a: Great Tusk|protosynthesisatk
|turn|5
|
|t:|1769317454
|move|p1a: Great Tusk|Ice Spinner|p2a: カラマツ
|-supereffective|p2a: カラマツ
|-damage|p2a: カラマツ|14/100 par
|-ability|p2a: カラマツ|Berserk|boost
|-boost|p2a: カラマツ|spa|1
|-enditem|p2a: カラマツ|Sitrus Berry|[eat]
|-heal|p2a: カラマツ|39/100 par|[from] item: Sitrus Berry
|move|p2a: カラマツ|Tera Blast|p1a: Great Tusk
|-damage|p1a: Great Tusk|0 fnt
|faint|p1a: Great Tusk
|-end|p1a: Great Tusk|Protosynthesis|[silent]
|
|upkeep
|
|t:|1769317466
|switch|p1a: Darkrai|Darkrai|100/100
|turn|6
|
|t:|1769317468
|move|p1a: Darkrai|Dark Pulse|p2a: カラマツ
|-resisted|p2a: カラマツ
|-damage|p2a: カラマツ|13/100 par
|move|p2a: カラマツ|Tera Blast|p1a: Darkrai
|-damage|p1a: Darkrai|14/100
|
|upkeep
|turn|7
|
|t:|1769317472
|move|p1a: Darkrai|Dark Pulse|p2a: カラマツ
|-resisted|p2a: カラマツ
|-damage|p2a: カラマツ|0 fnt
|faint|p2a: カラマツ
|
|upkeep
|
|t:|1769317479
|switch|p2a: Kurama|Ninetales-Alola, M|100/100
|-weather|Snowscape|[from] ability: Snow Warning|[of] p2a: Kurama
|turn|8
|
|t:|1769317484
|switch|p1a: Garganacl|Garganacl, F|100/100
|move|p2a: Kurama|Aurora Veil|p2a: Kurama
|-sidestart|p2: JD2Sleepy|move: Aurora Veil
|
|-weather|Snowscape|[upkeep]
|upkeep
|turn|9
|
|t:|1769317490
|switch|p2a: Zamazenta|Zamazenta|100/100
|-ability|p2a: Zamazenta|Dauntless Shield|boost
|-boost|p2a: Zamazenta|def|1
|move|p1a: Garganacl|Salt Cure|p2a: Zamazenta
|-resisted|p2a: Zamazenta
|-damage|p2a: Zamazenta|99/100
|-start|p2a: Zamazenta|Salt Cure
|
|-weather|Snowscape|[upkeep]
|-heal|p2a: Zamazenta|100/100|[from] item: Leftovers
|-damage|p2a: Zamazenta|88/100|[from] Salt Cure
|upkeep
|turn|10
|
|t:|1769317508
|switch|p1a: Tornadus|Tornadus-Therian, M, shiny|100/100
|move|p2a: Zamazenta|Iron Defense|p2a: Zamazenta
|-boost|p2a: Zamazenta|def|2
|
|-weather|Snowscape|[upkeep]
|-heal|p2a: Zamazenta|94/100|[from] item: Leftovers
|-damage|p2a: Zamazenta|82/100|[from] Salt Cure
|upkeep
|turn|11
|j| Samurajen
|
|t:|1769317514
|move|p1a: Tornadus|Bleakwind Storm|p2a: Zamazenta
|-supereffective|p2a: Zamazenta
|-damage|p2a: Zamazenta|51/100
|move|p2a: Zamazenta|Body Press|p1a: Tornadus
|-resisted|p1a: Tornadus
|-damage|p1a: Tornadus|34/100
|
|-weather|Snowscape|[upkeep]
|-heal|p2a: Zamazenta|57/100|[from] item: Leftovers
|-damage|p2a: Zamazenta|45/100|[from] Salt Cure
|upkeep
|turn|12
|
|t:|1769317519
|move|p1a: Tornadus|Bleakwind Storm|p2a: Zamazenta|[miss]
|-miss|p1a: Tornadus|p2a: Zamazenta
|move|p2a: Zamazenta|Body Press|p1a: Tornadus
|-resisted|p1a: Tornadus
|-damage|p1a: Tornadus|0 fnt
|faint|p1a: Tornadus
|
|-weather|none
|-heal|p2a: Zamazenta|51/100|[from] item: Leftovers
|-damage|p2a: Zamazenta|39/100|[from] Salt Cure
|upkeep
|
|t:|1769317529
|switch|p1a: Darkrai|Darkrai|14/100
|turn|13
|
|t:|1769317539
|move|p1a: Darkrai|Psychic|p2a: Zamazenta
|-supereffective|p2a: Zamazenta
|-damage|p2a: Zamazenta|3/100
|move|p2a: Zamazenta|Body Press|p1a: Darkrai
|-supereffective|p1a: Darkrai
|-damage|p1a: Darkrai|0 fnt
|faint|p1a: Darkrai
|
|-heal|p2a: Zamazenta|10/100|[from] item: Leftovers
|-damage|p2a: Zamazenta|0 fnt|[from] Salt Cure
|faint|p2a: Zamazenta
|upkeep
|
|t:|1769317546
|switch|p1a: Dragonite|Dragonite, M|100/100
|switch|p2a: Ogerpon|Ogerpon-Wellspring, F|100/100
|turn|14
|
|t:|1769317552
|move|p2a: Ogerpon|Play Rough|p1a: Dragonite
|-supereffective|p1a: Dragonite
|-damage|p1a: Dragonite|64/100
|move|p1a: Dragonite|Dragon Dance|p1a: Dragonite
|-boost|p1a: Dragonite|atk|1
|-boost|p1a: Dragonite|spe|1
|
|upkeep
|turn|15
|
|t:|1769317560
|switch|p2a: Kurama|Ninetales-Alola, M|100/100
|-weather|Snowscape|[from] ability: Snow Warning|[of] p2a: Kurama
|move|p1a: Dragonite|Roost|p1a: Dragonite
|-heal|p1a: Dragonite|100/100
|-singleturn|p1a: Dragonite|move: Roost
|
|-weather|Snowscape|[upkeep]
|-sideend|p2: JD2Sleepy|move: Aurora Veil
|upkeep
|turn|16
|
|t:|1769317571
|move|p1a: Dragonite|Extreme Speed|p2a: Kurama
|-damage|p2a: Kurama|56/100
|move|p2a: Kurama|Encore|p1a: Dragonite
|-start|p1a: Dragonite|Encore
|
|-weather|Snowscape|[upkeep]
|upkeep
|turn|17
|
|t:|1769317577
|switch|p2a: Ogerpon|Ogerpon-Wellspring, F|100/100
|move|p1a: Dragonite|Extreme Speed|p2a: Ogerpon
|-damage|p2a: Ogerpon|32/100
|
|-weather|Snowscape|[upkeep]
|upkeep
|turn|18
|
|t:|1769317579
|switch|p2a: Gët Busy|Ceruledge, F|100/100
|move|p1a: Dragonite|Extreme Speed|p2a: Gët Busy
|-immune|p2a: Gët Busy
|
|-weather|Snowscape|[upkeep]
|upkeep
|turn|19
|
|t:|1769317584
|switch|p1a: Garganacl|Garganacl, F|100/100
|move|p2a: Gët Busy|Poltergeist|p1a: Garganacl
|-activate|p1a: Garganacl|move: Poltergeist|Leftovers
|-damage|p1a: Garganacl|75/100
|-damage|p2a: Gët Busy|91/100|[from] item: Life Orb
|
|-weather|none
|-heal|p1a: Garganacl|82/100|[from] item: Leftovers
|upkeep
|turn|20
|
|t:|1769317590
|switch|p2a: Kurama|Ninetales-Alola, M|56/100
|-weather|Snowscape|[from] ability: Snow Warning|[of] p2a: Kurama
|-terastallize|p1a: Garganacl|Water
|move|p1a: Garganacl|Salt Cure|p2a: Kurama
|-supereffective|p2a: Kurama
|-damage|p2a: Kurama|33/100
|-start|p2a: Kurama|Salt Cure
|
|-weather|Snowscape|[upkeep]
|-heal|p1a: Garganacl|88/100|[from] item: Leftovers
|-damage|p2a: Kurama|21/100|[from] Salt Cure
|upkeep
|turn|21
|
|t:|1769317597
|move|p2a: Kurama|Aurora Veil|p2a: Kurama
|-sidestart|p2: JD2Sleepy|move: Aurora Veil
|move|p1a: Garganacl|Salt Cure|p2a: Kurama
|-supereffective|p2a: Kurama
|-damage|p2a: Kurama|9/100
|
|-weather|Snowscape|[upkeep]
|-heal|p1a: Garganacl|94/100|[from] item: Leftovers
|-damage|p2a: Kurama|0 fnt|[from] Salt Cure
|faint|p2a: Kurama
|upkeep
|
|t:|1769317600
|switch|p2a: Ogerpon|Ogerpon-Wellspring, F|32/100
|turn|22
|
|t:|1769317604
|switch|p1a: Dragonite|Dragonite, M|100/100
|move|p2a: Ogerpon|Horn Leech|p1a: Dragonite
|-resisted|p1a: Dragonite
|-damage|p1a: Dragonite|96/100
|-heal|p2a: Ogerpon|35/100|[from] drain|[of] p1a: Dragonite
|
|-weather|Snowscape|[upkeep]
|upkeep
|turn|23
|
|t:|1769317610
|move|p2a: Ogerpon|Play Rough|p1a: Dragonite
|-supereffective|p1a: Dragonite
|-damage|p1a: Dragonite|26/100
|move|p1a: Dragonite|Dragon Dance|p1a: Dragonite
|-boost|p1a: Dragonite|atk|1
|-boost|p1a: Dragonite|spe|1
|
|-weather|Snowscape|[upkeep]
|upkeep
|turn|24
|
|t:|1769317614
|switch|p2a: Gët Busy|Ceruledge, F|91/100
|move|p1a: Dragonite|Extreme Speed|p2a: Gët Busy
|-immune|p2a: Gët Busy
|
|-weather|none
|upkeep
|turn|25
|
|t:|1769317620
|switch|p2a: Ogerpon|Ogerpon-Wellspring, F|35/100
|move|p1a: Dragonite|Roost|p1a: Dragonite
|-heal|p1a: Dragonite|76/100
|-singleturn|p1a: Dragonite|move: Roost
|
|upkeep
|turn|26
|-message|JD2Sleepy forfeited.
|
|win|desu nathan
|raw|desu nathan's rating: 1681 &rarr; <strong>1696</strong><br />(+15 for winning)
|raw|JD2Sleepy's rating: 1583 &rarr; <strong>1568</strong><br />(-15 for losing)
|l|☆JD2Sleepy
|player|p2|
|l|☆desu nathan
|player|p1|
