|j|☆cospway
|j|☆immaterial-light
|t:|1769317409
|gametype|singles
|player|p1|cospway|iris-gen5bw2|1323
|player|p2|immaterial-light|fantina|1355
|gen|9
|tier|[Gen 9] OU
|rated|
|rule|HP Percentage Mod: HP is shown in percentages
|rule|Endless Battle Clause: Forcing endless battles is banned
|rule|Species Clause: Limit one of each Pokémon
|rule|OHKO Clause: OHKO moves are banned
|rule|Evasion Items Clause: Evasion items are banned
|rule|Evasion Moves Clause: Evasion moves are banned
|rule|Evasion Abilities Clause: Evasion abilities are banned
|rule|Sleep Moves Clause: Sleep-inducing moves are banned
|clearpoke
|poke|p1|Hatterene, F|
|poke|p1|Slowking-Galar, M|
|poke|p1|Dondozo, F|
|poke|p1|Kingambit, F|
|poke|p1|Hoopa-Unbound|
|poke|p1|Clefable, M|
|poke|p2|Araquanid, M|
|poke|p2|Deoxys-Speed|
|poke|p2|Ogerpon-Wellspring, F|
|poke|p2|Gholdengo|
|poke|p2|Glimmora, F|
|poke|p2|Enamorus, F|
|teampreview
|inactive|Battle timer is ON: inactive players will automatically lose when time's up. (requested by immaterial-light)
|
|t:|1769317417
|teamsize|p1|6
|teamsize|p2|6
|start
|switch|p1a: Slowking|Slowking-Galar, M|100/100
|switch|p2a: Deoxys|Deoxys-Speed|100/100
|-ability|p2a: Deoxys|Pressure
|turn|1
|
|t:|1769317434
|move|p2a: Deoxys|Light Screen|p2a: Deoxys
|-sidestart|p2: immaterial-light|move: Light Screen
|move|p1a: Slowking|Trick Room|p1a: Slowking
|-fieldstart|move: Trick Room|[of] p1a: Slowking
|
|upkeep
|turn|2
|
|t:|1769317442
|move|p1a: Slowking|Future Sight|p2a: Deoxys
|-start|p1a: Slowking|move: Future Sight
|move|p2a: Deoxys|Reflect|p2a: Deoxys
|-sidestart|p2: immaterial-light|Reflect
|
|upkeep
|turn|3
|
|t:|1769317463
|switch|p1a: Clefable|Clefable, M|100/100
|move|p2a: Deoxys|Psycho Boost|p1a: Clefable
|-damage|p1a: Clefable|56/100
|-unboost|p2a: Deoxys|spa|2
|
|upkeep
|turn|4
|
|t:|1769317472
|move|p1a: Clefable|Calm Mind|p1a: Clefable
|-boost|p1a: Clefable|spa|1
|-boost|p1a: Clefable|spd|1
|move|p2a: Deoxys|Taunt|p1a: Clefable
|-start|p1a: Clefable|move: Taunt
|
|-end|p2a: Deoxys|move: Future Sight
|-resisted|p2a: Deoxys
|-damage|p2a: Deoxys|87/100
|upkeep
|turn|5
|
|t:|1769317482
|switch|p2a: Araquanid|Araquanid, M|100/100
|move|p1a: Clefable|Moonblast|p2a: Araquanid
|-damage|p2a: Araquanid|68/100
|
|-fieldend|move: Trick Room
|upkeep
|turn|6
|
|t:|1769317510
|move|p2a: Araquanid|Surf|p1a: Clefable
|-damage|p1a: Clefable|19/100
|move|p1a: Clefable|Moonblast|p2a: Araquanid
|-damage|p2a: Araquanid|34/100
|
|upkeep
|turn|7
|
|t:|1769317524
|switch|p1a: Slowking|Slowking-Galar, M|100/100
|move|p2a: Araquanid|Sticky Web|p1a: Slowking
|-sidestart|p1: cospway|move: Sticky Web
|
|upkeep
|turn|8
|
|t:|1769317529
|move|p2a: Araquanid|Endeavor|p1a: Slowking
|-damage|p1a: Slowking|29/100
|move|p1a: Slowking|Trick Room|p1a: Slowking
|-fieldstart|move: Trick Room|[of] p1a: Slowking
|
|-sideend|p2: immaterial-light|move: Light Screen
|upkeep
|turn|9
|
|t:|1769317538
|-prepare|p1a: Slowking|Chilly Reception|[premajor]
|move|p1a: Slowking|Chilly Reception|p1a: Slowking
|-weather|Snowscape
|
|t:|1769317543
|switch|p1a: Clefable|Clefable, M|19/100|[from] Chilly Reception
|-activate|p1a: Clefable|move: Sticky Web
|-unboost|p1a: Clefable|spe|1
|move|p2a: Araquanid|Surf|p1a: Clefable
|-damage|p1a: Clefable|0 fnt
|faint|p1a: Clefable
|
|-weather|Snowscape|[upkeep]
|-sideend|p2: immaterial-light|Reflect
|upkeep
|
|t:|1769317561
|switch|p1a: Kingambit|Kingambit, F|100/100
|-activate|p1a: Kingambit|move: Sticky Web
|-unboost|p1a: Kingambit|spe|1
|-activate|p1a: Kingambit|ability: Supreme Overlord
|-start|p1a: Kingambit|fallen1|[silent]
|turn|10
|
|t:|1769317567
|move|p1a: Kingambit|Swords Dance|p1a: Kingambit
|-boost|p1a: Kingambit|atk|2
|move|p2a: Araquanid|Endeavor|p1a: Kingambit
|-damage|p1a: Kingambit|29/100
|
|-weather|Snowscape|[upkeep]
|-heal|p1a: Kingambit|35/100|[from] item: Leftovers
|upkeep
|turn|11
|
|t:|1769317576
|move|p2a: Araquanid|Endure|p2a: Araquanid
|-singleturn|p2a: Araquanid|move: Endure
|move|p1a: Kingambit|Kowtow Cleave|p2a: Araquanid
|-activate|p2a: Araquanid|move: Endure
|-damage|p2a: Araquanid|1/100
|
|-weather|Snowscape|[upkeep]
|-heal|p1a: Kingambit|41/100|[from] item: Leftovers
|upkeep
|turn|12
|-enditem|p2a: Araquanid|Custap Berry|[eat]
|-activate|p2a: Araquanid|item: Custap Berry|[consumed]
|
|t:|1769317586
|move|p2a: Araquanid|Endeavor|p1a: Kingambit
|-damage|p1a: Kingambit|1/100
|move|p1a: Kingambit|Kowtow Cleave|p2a: Araquanid
|-crit|p2a: Araquanid
|-damage|p2a: Araquanid|0 fnt
|faint|p2a: Araquanid
|
|-weather|Snowscape|[upkeep]
|-heal|p1a: Kingambit|7/100|[from] item: Leftovers
|-fieldend|move: Trick Room
|upkeep
|
|t:|1769317600
|switch|p2a: Enamorus|Enamorus, F|100/100
|turn|13
|
|t:|1769317603
|-terastallize|p2a: Enamorus|Stellar
|move|p1a: Kingambit|Sucker Punch|p2a: Enamorus
|-resisted|p2a: Enamorus
|-damage|p2a: Enamorus|29/100
|move|p2a: Enamorus|Tera Blast|p1a: Kingambit|[anim] Tera Blast Stellar
|-damage|p1a: Kingambit|0 fnt
|-boost|p2a: Enamorus|atk|1
|-boost|p2a: Enamorus|spa|1
|faint|p1a: Kingambit
|-end|p1a: Kingambit|fallen1|[silent]
|
|-weather|none
|upkeep
|
|t:|1769317618
|switch|p1a: Hatterene|Hatterene, F|100/100
|-activate|p1a: Hatterene|move: Sticky Web
|-unboost|p1a: Hatterene|spe|1
|turn|14
|
|t:|1769317623
|move|p2a: Enamorus|Tera Blast|p1a: Hatterene|[anim] Tera Blast Stellar
|-damage|p1a: Hatterene|11/100
|-boost|p2a: Enamorus|atk|1
|-boost|p2a: Enamorus|spa|1
|move|p1a: Hatterene|Trick Room|p1a: Hatterene
|-fieldstart|move: Trick Room|[of] p1a: Hatterene
|
|-heal|p1a: Hatterene|17/100|[from] item: Leftovers
|upkeep
|turn|15
|
|t:|1769317635
|move|p1a: Hatterene|Psychic Noise|p2a: Enamorus
|-damage|p2a: Enamorus|0 fnt
|faint|p2a: Enamorus
|
|-heal|p1a: Hatterene|23/100|[from] item: Leftovers
|upkeep
|
|t:|1769317639
|switch|p2a: Deoxys|Deoxys-Speed|87/100
|-ability|p2a: Deoxys|Pressure
|turn|16
|
|t:|1769317645
|move|p1a: Hatterene|Pain Split|p2a: Deoxys
|-sethp|p2a: Deoxys|55/100|[from] move: Pain Split|[silent]
|-sethp|p1a: Hatterene|53/100|[from] move: Pain Split
|move|p2a: Deoxys|Light Screen|p2a: Deoxys
|-sidestart|p2: immaterial-light|move: Light Screen
|
|-heal|p1a: Hatterene|59/100|[from] item: Leftovers
|upkeep
|turn|17
|
|t:|1769317655
|move|p1a: Hatterene|Draining Kiss|p2a: Deoxys
|-damage|p2a: Deoxys|42/100
|-heal|p1a: Hatterene|68/100|[from] drain|[of] p2a: Deoxys
|move|p2a: Deoxys|Reflect|p2a: Deoxys
|-sidestart|p2: immaterial-light|Reflect
|
|-heal|p1a: Hatterene|74/100|[from] item: Leftovers
|upkeep
|turn|18
|
|t:|1769317672
|switch|p2a: Glimmora|Glimmora, F|100/100
|move|p1a: Hatterene|Draining Kiss|p2a: Glimmora
|-resisted|p2a: Glimmora
|-damage|p2a: Glimmora|93/100
|-heal|p1a: Hatterene|79/100|[from] drain|[of] p2a: Glimmora
|
|-heal|p1a: Hatterene|85/100|[from] item: Leftovers
|-fieldend|move: Trick Room
|upkeep
|turn|19
|
|t:|1769317680
|move|p2a: Glimmora|Meteor Beam||[still]
|-prepare|p2a: Glimmora|Meteor Beam
|-boost|p2a: Glimmora|spa|1
|-enditem|p2a: Glimmora|Power Herb
|-anim|p2a: Glimmora|Meteor Beam|p1a: Hatterene
|-damage|p1a: Hatterene|0 fnt
|faint|p1a: Hatterene
|
|upkeep
|
|t:|1769317688
|switch|p1a: Slowking|Slowking-Galar, M|63/100
|turn|20
|
|t:|1769317693
|move|p2a: Glimmora|Earth Power|p1a: Slowking
|-supereffective|p1a: Slowking
|-damage|p1a: Slowking|3/100
|move|p1a: Slowking|Trick Room|p1a: Slowking
|-fieldstart|move: Trick Room|[of] p1a: Slowking
|
|upkeep
|turn|21
|
|t:|1769317703
|move|p1a: Slowking|Future Sight|p2a: Glimmora
|-start|p1a: Slowking|move: Future Sight
|move|p2a: Glimmora|Sludge Wave|p1a: Slowking
|-resisted|p1a: Slowking
|-damage|p1a: Slowking|0 fnt
|faint|p1a: Slowking
|
|upkeep
|
|t:|1769317711
|switch|p1a: Hoopa|Hoopa-Unbound|100/100
|-activate|p1a: Hoopa|move: Sticky Web
|-unboost|p1a: Hoopa|spe|1
|-enditem|p1a: Hoopa|Eject Pack
|
|t:|1769317715
|switch|p1a: Dondozo|Dondozo, F|100/100
|-activate|p1a: Dondozo|move: Sticky Web
|-unboost|p1a: Dondozo|spe|1
|turn|22
|
|t:|1769317724
|move|p1a: Dondozo|Wave Crash|p2a: Glimmora
|-supereffective|p2a: Glimmora
|-damage|p2a: Glimmora|17/100
|-activate|p2a: Glimmora|ability: Toxic Debris
|-sidestart|p1: cospway|move: Toxic Spikes
|-damage|p1a: Dondozo|85/100|[from] Recoil
|move|p2a: Glimmora|Sludge Wave|p1a: Dondozo
|-damage|p1a: Dondozo|36/100
|
|-heal|p1a: Dondozo|42/100|[from] item: Leftovers
|upkeep
|turn|23
|
|t:|1769317729
|move|p1a: Dondozo|Earthquake|p2a: Glimmora
|-supereffective|p2a: Glimmora
|-damage|p2a: Glimmora|0 fnt
|-activate|p2a: Glimmora|ability: Toxic Debris
|-sidestart|p1: cospway|move: Toxic Spikes
|faint|p2a: Glimmora
|
|-hint|Future Sight did not hit because the target is fainted.
|-heal|p1a: Dondozo|48/100|[from] item: Leftovers
|-sideend|p2: immaterial-light|move: Light Screen
|upkeep
|
|t:|1769317735
|switch|p2a: Ogerpon|Ogerpon-Wellspring, F|100/100
|turn|24
|
|t:|1769317739
|move|p1a: Dondozo|Body Press|p2a: Ogerpon
|-damage|p2a: Ogerpon|87/100
|move|p2a: Ogerpon|Power Whip|p1a: Dondozo
|-supereffective|p1a: Dondozo
|-damage|p1a: Dondozo|0 fnt
|faint|p1a: Dondozo
|
|-sideend|p2: immaterial-light|Reflect
|-fieldend|move: Trick Room
|upkeep
|
|t:|1769317745
|switch|p1a: Hoopa|Hoopa-Unbound|100/100
|-activate|p1a: Hoopa|move: Sticky Web
|-unboost|p1a: Hoopa|spe|1
|-status|p1a: Hoopa|tox
|turn|25
|
|t:|1769317751
|move|p2a: Ogerpon|Play Rough|p1a: Hoopa
|-supereffective|p1a: Hoopa
|-damage|p1a: Hoopa|0 fnt
|faint|p1a: Hoopa
|
|win|immaterial-light
|raw|cospway's rating: 1323 &rarr; <strong>1306</strong><br />(-17 for losing)
|raw|immaterial-light's rating: 1373 &rarr; <strong>1390</strong><br />(+17 for winning)
|l|☆immaterial-light
|player|p2|
|l|☆cospway
|player|p1|
