|j|☆BentoBo
|j|☆acrapo_ibra
|t:|1769293819
|gametype|singles
|player|p1|BentoBo|giovanni|1088
|player|p2|acrapo_ibra|169|1082
|gen|9
|tier|[Gen 9] OU
|rated|
|rule|HP Percentage Mod: HP is shown in percentages
|rule|Endless Battle Clause: Forcing endless battles is banned
|rule|Species Clause: Limit one of each Pokémon
|rule|OHKO Clause: OHKO moves are banned
|rule|Evasion Items Clause: Evasion items are banned
|rule|Evasion Moves Clause: Evasion moves are banned
|rule|Evasion Abilities Clause: Evasion abilities are banned
|rule|Sleep Moves Clause: Sleep-inducing moves are banned
|clearpoke
|poke|p1|Flareon, F|
|poke|p1|Vaporeon, F|
|poke|p1|Jolteon, F|
|poke|p1|Eevee, M|
|poke|p1|Kingambit, M|
|poke|p1|Mabosstiff, M|
|poke|p2|Drednaw, M|
|poke|p2|Pelipper, M|
|poke|p2|Indeedee, M|
|poke|p2|Hatterene, F|
|poke|p2|Barraskewda, F|
|poke|p2|Samurott-Hisui, F|
|teampreview
|inactive|Battle timer is ON: inactive players will automatically lose when time's up. (requested by acrapo_ibra)
|inactive|BentoBo has 120 seconds left.
|
|t:|1769293874
|teamsize|p1|6
|teamsize|p2|6
|start
|switch|p1a: Jolteon|Jolteon, F|100/100
|switch|p2a: Pelipper|Pelipper, M|100/100
|-weather|RainDance|[from] ability: Drizzle|[of] p2a: Pelipper
|turn|1
|
|t:|1769293891
|move|p1a: Jolteon|Calm Mind|p1a: Jolteon
|-boost|p1a: Jolteon|spa|1
|-boost|p1a: Jolteon|spd|1
|move|p2a: Pelipper|U-turn|p1a: Jolteon
|-damage|p1a: Jolteon|85/100
|
|t:|1769293896
|switch|p2a: Barraskewda|Barraskewda, F|100/100|[from] U-turn
|
|-weather|RainDance|[upkeep]
|upkeep
|turn|2
|
|t:|1769293905
|move|p2a: Barraskewda|Liquidation|p1a: Jolteon
|-damage|p1a: Jolteon|0 fnt
|faint|p1a: Jolteon
|
|-weather|RainDance|[upkeep]
|upkeep
|
|t:|1769293911
|switch|p1a: Mabosstiff|Mabosstiff, M|100/100
|turn|3
|
|t:|1769293928
|move|p2a: Barraskewda|Liquidation|p1a: Mabosstiff
|-damage|p1a: Mabosstiff|0 fnt
|faint|p1a: Mabosstiff
|
|-weather|RainDance|[upkeep]
|upkeep
|
|t:|1769293940
|switch|p1a: Eevee|Eevee, M|100/100
|turn|4
|
|t:|1769293944
|switch|p1a: Vaporeon|Vaporeon, F|100/100
|move|p2a: Barraskewda|Liquidation|p1a: Vaporeon
|-immune|p1a: Vaporeon|[from] ability: Water Absorb
|
|-weather|RainDance|[upkeep]
|upkeep
|turn|5
|
|t:|1769293959
|switch|p2a: Indeedee|Indeedee, M|100/100
|-fieldstart|move: Psychic Terrain|[from] ability: Psychic Surge|[of] p2a: Indeedee
|move|p1a: Vaporeon|Substitute|p1a: Vaporeon
|-start|p1a: Vaporeon|Substitute
|-damage|p1a: Vaporeon|75/100
|
|-weather|RainDance|[upkeep]
|-heal|p1a: Vaporeon|82/100|[from] item: Leftovers
|upkeep
|turn|6
|
|t:|1769293972
|-terastallize|p1a: Vaporeon|Steel
|move|p2a: Indeedee|Encore|p1a: Vaporeon
|-start|p1a: Vaporeon|Encore
|move|p1a: Vaporeon|Substitute|p1a: Vaporeon
|-fail|p1a: Vaporeon|move: Substitute
|
|-weather|RainDance|[upkeep]
|-heal|p1a: Vaporeon|88/100|[from] item: Leftovers
|upkeep
|turn|7
|
|t:|1769293987
|switch|p2a: Barraskewda|Barraskewda, F|100/100
|move|p1a: Vaporeon|Substitute|p1a: Vaporeon
|-fail|p1a: Vaporeon|move: Substitute
|
|-weather|RainDance|[upkeep]
|-heal|p1a: Vaporeon|94/100|[from] item: Leftovers
|upkeep
|turn|8
|
|t:|1769294005
|move|p2a: Barraskewda|Close Combat|p1a: Vaporeon
|-supereffective|p1a: Vaporeon
|-crit|p1a: Vaporeon
|-end|p1a: Vaporeon|Substitute
|-unboost|p2a: Barraskewda|def|1
|-unboost|p2a: Barraskewda|spd|1
|move|p1a: Vaporeon|Substitute|p1a: Vaporeon
|-start|p1a: Vaporeon|Substitute
|-damage|p1a: Vaporeon|69/100
|
|-weather|none
|-heal|p1a: Vaporeon|75/100|[from] item: Leftovers
|-end|p1a: Vaporeon|Encore
|upkeep
|turn|9
|
|t:|1769294017
|move|p2a: Barraskewda|Close Combat|p1a: Vaporeon
|-supereffective|p1a: Vaporeon
|-end|p1a: Vaporeon|Substitute
|-unboost|p2a: Barraskewda|def|1
|-unboost|p2a: Barraskewda|spd|1
|move|p1a: Vaporeon|Calm Mind|p1a: Vaporeon
|-boost|p1a: Vaporeon|spa|1
|-boost|p1a: Vaporeon|spd|1
|
|-heal|p1a: Vaporeon|82/100|[from] item: Leftovers
|upkeep
|turn|10
|
|t:|1769294035
|move|p2a: Barraskewda|Close Combat|p1a: Vaporeon
|-supereffective|p1a: Vaporeon
|-damage|p1a: Vaporeon|0 fnt
|-unboost|p2a: Barraskewda|def|1
|-unboost|p2a: Barraskewda|spd|1
|faint|p1a: Vaporeon
|
|upkeep
|
|t:|1769294051
|switch|p1a: Flareon|Flareon, F|100/100
|turn|11
|
|t:|1769294054
|move|p2a: Barraskewda|Close Combat|p1a: Flareon
|-damage|p1a: Flareon|0 fnt
|-unboost|p2a: Barraskewda|def|1
|-unboost|p2a: Barraskewda|spd|1
|faint|p1a: Flareon
|
|upkeep
|
|t:|1769294056
|switch|p1a: Eevee|Eevee, M|100/100
|turn|12
|
|t:|1769294061
|move|p1a: Eevee|Protect|p1a: Eevee
|-singleturn|p1a: Eevee|Protect
|move|p2a: Barraskewda|Close Combat|p1a: Eevee
|-activate|p1a: Eevee|move: Protect
|
|-fieldend|move: Psychic Terrain
|upkeep
|turn|13
|
|t:|1769294068
|move|p2a: Barraskewda|Close Combat|p1a: Eevee
|-supereffective|p1a: Eevee
|-damage|p1a: Eevee|0 fnt
|-unboost|p2a: Barraskewda|def|1
|-unboost|p2a: Barraskewda|spd|1
|faint|p1a: Eevee
|
|upkeep
|
|t:|1769294071
|switch|p1a: Kingambit|Kingambit, M|100/100
|-activate|p1a: Kingambit|ability: Supreme Overlord
|-start|p1a: Kingambit|fallen5|[silent]
|turn|14
|
|t:|1769294080
|move|p1a: Kingambit|Sucker Punch|p2a: Barraskewda
|-damage|p2a: Barraskewda|0 fnt
|faint|p2a: Barraskewda
|-damage|p1a: Kingambit|91/100|[from] item: Life Orb
|
|upkeep
|
|t:|1769294089
|switch|p2a: Pelipper|Pelipper, M|100/100
|-weather|RainDance|[from] ability: Drizzle|[of] p2a: Pelipper
|turn|15
|
|t:|1769294096
|move|p2a: Pelipper|U-turn|p1a: Kingambit
|-damage|p1a: Kingambit|85/100
|
|t:|1769294111
|switch|p2a: Hatterene|Hatterene, F|100/100|[from] U-turn
|move|p1a: Kingambit|Swords Dance|p1a: Kingambit
|-boost|p1a: Kingambit|atk|2
|
|-weather|RainDance|[upkeep]
|upkeep
|turn|16
|
|t:|1769294120
|move|p1a: Kingambit|Iron Head|p2a: Hatterene
|-supereffective|p2a: Hatterene
|-damage|p2a: Hatterene|0 fnt
|faint|p2a: Hatterene
|-damage|p1a: Kingambit|75/100|[from] item: Life Orb
|
|-weather|RainDance|[upkeep]
|upkeep
|
|t:|1769294130
|switch|p2a: Drednaw|Drednaw, M|100/100
|turn|17
|
|t:|1769294140
|move|p1a: Kingambit|Sucker Punch|p2a: Drednaw
|-damage|p2a: Drednaw|0 fnt
|faint|p2a: Drednaw
|-damage|p1a: Kingambit|65/100|[from] item: Life Orb
|
|-weather|RainDance|[upkeep]
|upkeep
|
|t:|1769294147
|switch|p2a: Samurott|Samurott-Hisui, F|100/100
|turn|18
|
|t:|1769294155
|move|p2a: Samurott|Aqua Jet|p1a: Kingambit
|-damage|p1a: Kingambit|44/100
|move|p1a: Kingambit|Iron Head|p2a: Samurott
|-resisted|p2a: Samurott
|-enditem|p2a: Samurott|Focus Sash
|-damage|p2a: Samurott|1/100
|-damage|p1a: Kingambit|34/100|[from] item: Life Orb
|
|-weather|RainDance|[upkeep]
|upkeep
|turn|19
|
|t:|1769294165
|move|p2a: Samurott|Aqua Jet|p1a: Kingambit
|-damage|p1a: Kingambit|15/100
|move|p1a: Kingambit|Sucker Punch||[still]
|-fail|p1a: Kingambit
|
|-weather|RainDance|[upkeep]
|upkeep
|turn|20
|
|t:|1769294171
|move|p2a: Samurott|Aqua Jet|p1a: Kingambit
|-damage|p1a: Kingambit|0 fnt
|faint|p1a: Kingambit
|-end|p1a: Kingambit|fallen5|[silent]
|
|win|acrapo_ibra
|raw|BentoBo's rating: 1088 &rarr; <strong>1064</strong><br />(-24 for losing)
|raw|acrapo_ibra's rating: 1082 &rarr; <strong>1110</strong><br />(+28 for winning)
|l|☆BentoBo
|player|p1|
|l|☆acrapo_ibra
|player|p2|
