|j|☆KintaroLD
|j|☆and lol
|t:|1769439767
|gametype|singles
|player|p1|KintaroLD|266|1289
|player|p2|and lol|2|1242
|gen|9
|tier|[Gen 9] OU
|rated|
|rule|HP Percentage Mod: HP is shown in percentages
|rule|Endless Battle Clause: Forcing endless battles is banned
|rule|Species Clause: Limit one of each Pokémon
|rule|OHKO Clause: OHKO moves are banned
|rule|Evasion Items Clause: Evasion items are banned
|rule|Evasion Moves Clause: Evasion moves are banned
|rule|Evasion Abilities Clause: Evasion abilities are banned
|rule|Sleep Moves Clause: Sleep-inducing moves are banned
|clearpoke
|poke|p1|Rillaboom, M|
|poke|p1|Garganacl, F|
|poke|p1|Dragapult, F|
|poke|p1|Gliscor, M|
|poke|p1|Heatran, F|
|poke|p1|Iron Valiant|
|poke|p2|Clefable, M|
|poke|p2|Incineroar, M|
|poke|p2|Thundurus-Therian, M|
|poke|p2|Iron Hands|
|poke|p2|Samurott-Hisui, M|
|poke|p2|Electrode|
|teampreview
|
|t:|1769439781
|teamsize|p1|6
|teamsize|p2|6
|start
|switch|p1a: Heatran|Heatran, F|100/100
|switch|p2a: Samurott|Samurott-Hisui, M|100/100
|turn|1
|
|t:|1769439790
|move|p1a: Heatran|Magma Storm|p2a: Samurott
|-resisted|p2a: Samurott
|-damage|p2a: Samurott|84/100
|-activate|p2a: Samurott|move: Magma Storm|[of] p1a: Heatran
|move|p2a: Samurott|Razor Shell|p1a: Heatran
|-supereffective|p1a: Heatran
|-damage|p1a: Heatran|14/100
|
|-heal|p1a: Heatran|20/100|[from] item: Leftovers
|-damage|p2a: Samurott|72/100|[from] move: Magma Storm|[partiallytrapped]
|upkeep
|turn|2
|
|t:|1769439801
|switch|p1a: Rillaboom|Rillaboom, M|100/100
|-fieldstart|move: Grassy Terrain|[from] ability: Grassy Surge|[of] p1a: Rillaboom
|move|p2a: Samurott|Razor Shell|p1a: Rillaboom
|-resisted|p1a: Rillaboom
|-damage|p1a: Rillaboom|76/100
|
|-heal|p1a: Rillaboom|82/100|[from] Grassy Terrain
|-heal|p2a: Samurott|78/100|[from] Grassy Terrain
|-end|p2a: Samurott|Magma Storm|[partiallytrapped]|[silent]
|upkeep
|turn|3
|
|t:|1769439816
|switch|p2a: Incineroar|Incineroar, M|100/100
|-ability|p2a: Incineroar|Intimidate|boost
|-unboost|p1a: Rillaboom|atk|1
|move|p1a: Rillaboom|Grassy Glide|p2a: Incineroar
|-resisted|p2a: Incineroar
|-damage|p2a: Incineroar|85/100
|-damage|p1a: Rillaboom|72/100|[from] item: Life Orb
|
|-heal|p1a: Rillaboom|78/100|[from] Grassy Terrain
|-heal|p2a: Incineroar|91/100|[from] Grassy Terrain
|upkeep
|turn|4
|
|t:|1769439843
|switch|p1a: Iron Valiant|Iron Valiant|100/100
|-enditem|p1a: Iron Valiant|Booster Energy
|-activate|p1a: Iron Valiant|ability: Quark Drive|[fromitem]
|-start|p1a: Iron Valiant|quarkdrivespe
|move|p2a: Incineroar|Knock Off|p1a: Iron Valiant
|-resisted|p1a: Iron Valiant
|-damage|p1a: Iron Valiant|92/100
|
|-heal|p1a: Iron Valiant|98/100|[from] Grassy Terrain
|-heal|p2a: Incineroar|97/100|[from] Grassy Terrain
|upkeep
|turn|5
|
|t:|1769439853
|move|p1a: Iron Valiant|Encore|p2a: Incineroar
|-start|p2a: Incineroar|Encore
|move|p2a: Incineroar|Knock Off|p1a: Iron Valiant
|-resisted|p1a: Iron Valiant
|-crit|p1a: Iron Valiant
|-damage|p1a: Iron Valiant|86/100
|
|-heal|p1a: Iron Valiant|92/100|[from] Grassy Terrain
|-heal|p2a: Incineroar|100/100|[from] Grassy Terrain
|upkeep
|turn|6
|
|t:|1769439858
|switch|p2a: Electrode|Electrode|100/100
|move|p1a: Iron Valiant|Calm Mind|p1a: Iron Valiant
|-boost|p1a: Iron Valiant|spa|1
|-boost|p1a: Iron Valiant|spd|1
|
|-heal|p1a: Iron Valiant|98/100|[from] Grassy Terrain
|-fieldend|move: Grassy Terrain
|upkeep
|turn|7
|
|t:|1769439864
|move|p1a: Iron Valiant|Moonblast|p2a: Electrode
|-damage|p2a: Electrode|10/100
|move|p2a: Electrode|Taunt|p1a: Iron Valiant
|-start|p1a: Iron Valiant|move: Taunt
|
|upkeep
|turn|8
|
|t:|1769439874
|move|p2a: Electrode|Protect|p2a: Electrode
|-singleturn|p2a: Electrode|Protect
|move|p1a: Iron Valiant|Shadow Ball|p2a: Electrode
|-activate|p2a: Electrode|move: Protect
|
|upkeep
|turn|9
|
|t:|1769439883
|move|p1a: Iron Valiant|Moonblast|p2a: Electrode
|-damage|p2a: Electrode|0 fnt
|faint|p2a: Electrode
|
|upkeep
|
|t:|1769439891
|switch|p2a: Clefable|Clefable, M|100/100
|turn|10
|
|t:|1769439895
|move|p1a: Iron Valiant|Moonblast|p2a: Clefable
|-damage|p2a: Clefable|36/100
|move|p2a: Clefable|Thunder Wave|p1a: Iron Valiant
|-status|p1a: Iron Valiant|par
|
|-heal|p2a: Clefable|42/100|[from] item: Leftovers
|-end|p1a: Iron Valiant|move: Taunt
|upkeep
|turn|11
|
|t:|1769439903
|move|p1a: Iron Valiant|Encore|p2a: Clefable
|-start|p2a: Clefable|Encore
|move|p2a: Clefable|Thunder Wave|p1a: Iron Valiant|[miss]
|-miss|p2a: Clefable|p1a: Iron Valiant
|
|-heal|p2a: Clefable|48/100|[from] item: Leftovers
|upkeep
|turn|12
|
|t:|1769439914
|switch|p2a: Incineroar|Incineroar, M|100/100
|-ability|p2a: Incineroar|Intimidate|boost
|-unboost|p1a: Iron Valiant|atk|1
|move|p1a: Iron Valiant|Moonblast|p2a: Incineroar
|-damage|p2a: Incineroar|51/100
|
|upkeep
|turn|13
|
|t:|1769439924
|move|p1a: Iron Valiant|Moonblast|p2a: Incineroar
|-damage|p2a: Incineroar|0 fnt
|faint|p2a: Incineroar
|
|upkeep
|
|t:|1769439931
|switch|p2a: Clefable|Clefable, M|48/100
|turn|14
|
|t:|1769439937
|cant|p1a: Iron Valiant|par
|move|p2a: Clefable|Moonlight|p2a: Clefable
|-heal|p2a: Clefable|98/100
|
|-heal|p2a: Clefable|100/100|[from] item: Leftovers
|upkeep
|turn|15
|
|t:|1769439940
|move|p1a: Iron Valiant|Calm Mind|p1a: Iron Valiant
|-boost|p1a: Iron Valiant|spa|1
|-boost|p1a: Iron Valiant|spd|1
|move|p2a: Clefable|Moonblast|p1a: Iron Valiant
|-supereffective|p1a: Iron Valiant
|-damage|p1a: Iron Valiant|38/100 par
|-unboost|p1a: Iron Valiant|spa|1
|
|upkeep
|turn|16
|
|t:|1769439949
|cant|p1a: Iron Valiant|par
|move|p2a: Clefable|Moonblast|p1a: Iron Valiant
|-supereffective|p1a: Iron Valiant
|-damage|p1a: Iron Valiant|0 fnt
|faint|p1a: Iron Valiant
|-end|p1a: Iron Valiant|Quark Drive|[silent]
|
|upkeep
|
|t:|1769439986
|switch|p1a: Rillaboom|Rillaboom, M|78/100
|-fieldstart|move: Grassy Terrain|[from] ability: Grassy Surge|[of] p1a: Rillaboom
|turn|17
|
|t:|1769439996
|move|p1a: Rillaboom|Wood Hammer|p2a: Clefable
|-damage|p2a: Clefable|11/100
|-damage|p1a: Rillaboom|46/100|[from] Recoil
|-damage|p1a: Rillaboom|36/100|[from] item: Life Orb
|move|p2a: Clefable|Stealth Rock|p1a: Rillaboom
|-sidestart|p1: KintaroLD|move: Stealth Rock
|
|-heal|p1a: Rillaboom|42/100|[from] Grassy Terrain
|-heal|p2a: Clefable|18/100|[from] Grassy Terrain
|-heal|p2a: Clefable|24/100|[from] item: Leftovers
|upkeep
|turn|18
|
|t:|1769440007
|switch|p2a: Iron Hands|Iron Hands|100/100
|move|p1a: Rillaboom|Knock Off|p2a: Iron Hands
|-resisted|p2a: Iron Hands
|-damage|p2a: Iron Hands|83/100
|-enditem|p2a: Iron Hands|Leftovers|[from] move: Knock Off|[of] p1a: Rillaboom
|-damage|p1a: Rillaboom|32/100|[from] item: Life Orb
|
|-heal|p1a: Rillaboom|38/100|[from] Grassy Terrain
|-heal|p2a: Iron Hands|89/100|[from] Grassy Terrain
|upkeep
|turn|19
|
|t:|1769440020
|move|p1a: Rillaboom|Wood Hammer|p2a: Iron Hands
|-damage|p2a: Iron Hands|10/100
|-damage|p1a: Rillaboom|5/100|[from] Recoil
|-damage|p1a: Rillaboom|0 fnt|[from] item: Life Orb
|faint|p1a: Rillaboom
|move|p2a: Iron Hands|Ice Punch|p1: Rillaboom|[notarget]
|-fail|p2a: Iron Hands
|
|-heal|p2a: Iron Hands|17/100|[from] Grassy Terrain
|upkeep
|
|t:|1769440078
|switch|p1a: Gliscor|Gliscor, M, shiny|100/100
|-damage|p1a: Gliscor|88/100|[from] Stealth Rock
|turn|20
|
|t:|1769440108
|move|p1a: Gliscor|Earthquake|p2a: Iron Hands
|-supereffective|p2a: Iron Hands
|-damage|p2a: Iron Hands|0 fnt
|faint|p2a: Iron Hands
|-end|p2a: Iron Hands|Quark Drive|[silent]
|
|-status|p1a: Gliscor|tox|[from] item: Toxic Orb
|upkeep
|
|t:|1769440112
|switch|p2a: Samurott|Samurott-Hisui, M|78/100
|turn|21
|
|t:|1769440122
|move|p1a: Gliscor|Protect|p1a: Gliscor
|-singleturn|p1a: Gliscor|Protect
|move|p2a: Samurott|Ceaseless Edge|p1a: Gliscor
|-activate|p1a: Gliscor|move: Protect
|
|-heal|p2a: Samurott|84/100|[from] Grassy Terrain
|-heal|p1a: Gliscor|100/100 tox|[from] ability: Poison Heal
|-fieldend|move: Grassy Terrain
|upkeep
|turn|22
|
|t:|1769440130
|move|p1a: Gliscor|Toxic|p2a: Samurott|[miss]
|-miss|p1a: Gliscor|p2a: Samurott
|move|p2a: Samurott|Ceaseless Edge|p1a: Gliscor|[miss]
|-miss|p2a: Samurott|p1a: Gliscor
|
|upkeep
|turn|23
|
|t:|1769440134
|move|p1a: Gliscor|Toxic|p2a: Samurott|[miss]
|-miss|p1a: Gliscor|p2a: Samurott
|move|p2a: Samurott|Razor Shell|p1a: Gliscor
|-supereffective|p1a: Gliscor
|-damage|p1a: Gliscor|16/100 tox
|-unboost|p1a: Gliscor|def|1
|
|-heal|p1a: Gliscor|29/100 tox|[from] ability: Poison Heal
|upkeep
|turn|24
|
|t:|1769440169
|-terastallize|p2a: Samurott|Poison
|move|p1a: Gliscor|Protect|p1a: Gliscor
|-singleturn|p1a: Gliscor|Protect
|move|p2a: Samurott|Razor Shell|p1a: Gliscor
|-activate|p1a: Gliscor|move: Protect
|
|-heal|p1a: Gliscor|41/100 tox|[from] ability: Poison Heal
|upkeep
|turn|25
|
|t:|1769440183
|switch|p2a: Thundurus|Thundurus-Therian, M|100/100
|move|p1a: Gliscor|Earthquake|p2a: Thundurus
|-immune|p2a: Thundurus
|
|-heal|p1a: Gliscor|54/100 tox|[from] ability: Poison Heal
|upkeep
|turn|26
|
|t:|1769440189
|move|p2a: Thundurus|Nasty Plot|p2a: Thundurus
|-boost|p2a: Thundurus|spa|2
|move|p1a: Gliscor|Toxic|p2a: Thundurus
|-status|p2a: Thundurus|tox
|
|-damage|p2a: Thundurus|94/100 tox|[from] psn
|-heal|p1a: Gliscor|66/100 tox|[from] ability: Poison Heal
|upkeep
|turn|27
|
|t:|1769440195
|move|p1a: Gliscor|Protect|p1a: Gliscor
|-singleturn|p1a: Gliscor|Protect
|move|p2a: Thundurus|Grass Knot|p1a: Gliscor
|-activate|p1a: Gliscor|move: Protect
|
|-damage|p2a: Thundurus|82/100 tox|[from] psn
|-heal|p1a: Gliscor|79/100 tox|[from] ability: Poison Heal
|upkeep
|turn|28
|
|t:|1769440206
|move|p1a: Gliscor|Protect||[still]
|-fail|p1a: Gliscor
|move|p2a: Thundurus|Grass Knot|p1a: Gliscor
|-damage|p1a: Gliscor|27/100 tox
|
|-damage|p2a: Thundurus|64/100 tox|[from] psn
|-heal|p1a: Gliscor|40/100 tox|[from] ability: Poison Heal
|upkeep
|turn|29
|
|t:|1769440212
|switch|p2a: Clefable|Clefable, M|24/100
|move|p1a: Gliscor|Protect||[still]
|-fail|p1a: Gliscor
|
|-heal|p2a: Clefable|30/100|[from] item: Leftovers
|-heal|p1a: Gliscor|52/100 tox|[from] ability: Poison Heal
|upkeep
|turn|30
|
|t:|1769440220
|switch|p1a: Heatran|Heatran, F|20/100
|-damage|p1a: Heatran|8/100|[from] Stealth Rock
|move|p2a: Clefable|Moonlight|p2a: Clefable
|-heal|p2a: Clefable|80/100
|
|-heal|p1a: Heatran|14/100|[from] item: Leftovers
|-heal|p2a: Clefable|86/100|[from] item: Leftovers
|upkeep
|turn|31
|
|t:|1769440239
|switch|p2a: Samurott|Samurott-Hisui, M, tera:Poison|84/100
|move|p1a: Heatran|Stealth Rock|p2a: Samurott
|-sidestart|p2: and lol|move: Stealth Rock
|
|-heal|p1a: Heatran|20/100|[from] item: Leftovers
|upkeep
|turn|32
|
|t:|1769440251
|move|p2a: Samurott|Razor Shell|p1a: Heatran
|-supereffective|p1a: Heatran
|-damage|p1a: Heatran|0 fnt
|faint|p1a: Heatran
|
|upkeep
|
|t:|1769440264
|switch|p1a: Garganacl|Garganacl, F|100/100
|-damage|p1a: Garganacl|88/100|[from] Stealth Rock
|turn|33
|
|t:|1769440276
|-terastallize|p1a: Garganacl|Water
|move|p2a: Samurott|Flip Turn|p1a: Garganacl
|-resisted|p1a: Garganacl
|-damage|p1a: Garganacl|79/100
|
|t:|1769440288
|switch|p2a: Thundurus|Thundurus-Therian, M|64/100 tox|[from] Flip Turn
|move|p1a: Garganacl|Iron Defense|p1a: Garganacl
|-boost|p1a: Garganacl|def|2
|
|-heal|p1a: Garganacl|85/100|[from] item: Leftovers
|-damage|p2a: Thundurus|58/100 tox|[from] psn
|upkeep
|turn|34
|
|t:|1769440297
|move|p2a: Thundurus|Grass Knot|p1a: Garganacl
|-supereffective|p1a: Garganacl
|-damage|p1a: Garganacl|29/100
|move|p1a: Garganacl|Salt Cure|p2a: Thundurus
|-supereffective|p2a: Thundurus
|-damage|p2a: Thundurus|16/100 tox
|-start|p2a: Thundurus|Salt Cure
|
|-heal|p1a: Garganacl|35/100|[from] item: Leftovers
|-damage|p2a: Thundurus|4/100 tox|[from] psn
|-damage|p2a: Thundurus|0 fnt|[from] Salt Cure
|faint|p2a: Thundurus
|upkeep
|
|t:|1769440304
|switch|p2a: Samurott|Samurott-Hisui, M, tera:Poison|84/100
|-damage|p2a: Samurott|72/100|[from] Stealth Rock
|turn|35
|
|t:|1769440312
|move|p2a: Samurott|Ceaseless Edge|p1a: Garganacl
|-damage|p1a: Garganacl|20/100
|-sidestart|p1: KintaroLD|Spikes
|move|p1a: Garganacl|Recover|p1a: Garganacl
|-heal|p1a: Garganacl|70/100
|
|-heal|p1a: Garganacl|76/100|[from] item: Leftovers
|upkeep
|turn|36
|inactive|Battle timer is ON: inactive players will automatically lose when time's up. (requested by KintaroLD)
|
|t:|1769440364
|move|p2a: Samurott|Razor Shell|p1a: Garganacl
|-resisted|p1a: Garganacl
|-damage|p1a: Garganacl|67/100
|-unboost|p1a: Garganacl|def|1
|move|p1a: Garganacl|Salt Cure|p2a: Samurott
|-damage|p2a: Samurott|56/100
|-start|p2a: Samurott|Salt Cure
|
|-heal|p1a: Garganacl|74/100|[from] item: Leftovers
|-damage|p2a: Samurott|44/100|[from] Salt Cure
|upkeep
|turn|37
|-message|and lol forfeited.
|
|win|KintaroLD
|raw|KintaroLD's rating: 1289 &rarr; <strong>1311</strong><br />(+22 for winning)
|raw|and lol's rating: 1242 &rarr; <strong>1220</strong><br />(-22 for losing)
|l|☆and lol
|player|p2|
|l|☆KintaroLD
|player|p1|
