|j|☆Jhkhgfd
|j|☆Lobsta96
|t:|1769322083
|gametype|singles
|player|p1|Jhkhgfd|170|1424
|player|p2|Lobsta96|marshal|1397
|gen|9
|tier|[Gen 9] OU
|rated|
|rule|HP Percentage Mod: HP is shown in percentages
|rule|Endless Battle Clause: Forcing endless battles is banned
|rule|Species Clause: Limit one of each Pokémon
|rule|OHKO Clause: OHKO moves are banned
|rule|Evasion Items Clause: Evasion items are banned
|rule|Evasion Moves Clause: Evasion moves are banned
|rule|Evasion Abilities Clause: Evasion abilities are banned
|rule|Sleep Moves Clause: Sleep-inducing moves are banned
|clearpoke
|poke|p1|Tinkaton, F|
|poke|p1|Ogerpon, F|
|poke|p1|Great Tusk|
|poke|p1|Pecharunt|
|poke|p1|Alomomola, M|
|poke|p1|Hydreigon, M|
|poke|p2|Kleavor, M|
|poke|p2|Avalugg-Hisui, M|
|poke|p2|Blissey, F|
|poke|p2|Sinistcha|
|poke|p2|Gliscor, F|
|poke|p2|Iron Valiant|
|teampreview
|inactive|Battle timer is ON: inactive players will automatically lose when time's up. (requested by Lobsta96)
|
|t:|1769322106
|teamsize|p1|6
|teamsize|p2|6
|start
|switch|p1a: Behemoth|Great Tusk, shiny|100/100
|switch|p2a: Kleavor|Kleavor, M|100/100
|turn|1
|
|t:|1769322114
|-end|p1a: Behemoth|Protosynthesis|[silent]
|switch|p1a: Overseer|Pecharunt|100/100
|move|p2a: Kleavor|U-turn|p1a: Overseer
|-resisted|p1a: Overseer
|-damage|p1a: Overseer|96/100
|-damage|p2a: Kleavor|84/100|[from] item: Rocky Helmet|[of] p1a: Overseer
|
|t:|1769322122
|switch|p2a: Gliscor|Gliscor, F|100/100|[from] U-turn
|
|-status|p2a: Gliscor|tox|[from] item: Toxic Orb
|upkeep
|turn|2
|
|t:|1769322126
|move|p2a: Gliscor|Knock Off|p1a: Overseer
|-supereffective|p1a: Overseer
|-damage|p1a: Overseer|75/100
|-damage|p2a: Gliscor|84/100 tox|[from] item: Rocky Helmet|[of] p1a: Overseer
|-enditem|p1a: Overseer|Rocky Helmet|[from] move: Knock Off|[of] p2a: Gliscor
|move|p1a: Overseer|Shadow Ball|p2a: Gliscor
|-damage|p2a: Gliscor|64/100 tox
|
|-heal|p2a: Gliscor|76/100 tox|[from] ability: Poison Heal
|upkeep
|turn|3
|
|t:|1769322135
|move|p2a: Gliscor|Spikes|p1a: Overseer
|-sidestart|p1: Jhkhgfd|Spikes
|move|p1a: Overseer|Shadow Ball|p2a: Gliscor
|-damage|p2a: Gliscor|56/100 tox
|
|-heal|p2a: Gliscor|69/100 tox|[from] ability: Poison Heal
|upkeep
|turn|4
|
|t:|1769322138
|move|p2a: Gliscor|Spikes|p1a: Overseer
|-sidestart|p1: Jhkhgfd|Spikes
|move|p1a: Overseer|Parting Shot|p2a: Gliscor
|-unboost|p2a: Gliscor|atk|1
|-unboost|p2a: Gliscor|spa|1
|
|t:|1769322141
|switch|p1a: Smile.exe|Tinkaton, F, shiny|100/100|[from] Parting Shot
|-item|p1a: Smile.exe|Air Balloon
|
|-heal|p2a: Gliscor|81/100 tox|[from] ability: Poison Heal
|upkeep
|turn|5
|
|t:|1769322145
|move|p1a: Smile.exe|Encore|p2a: Gliscor
|-start|p2a: Gliscor|Encore
|move|p2a: Gliscor|Spikes|p1a: Smile.exe
|-sidestart|p1: Jhkhgfd|Spikes
|
|-heal|p2a: Gliscor|94/100 tox|[from] ability: Poison Heal
|upkeep
|turn|6
|
|t:|1769322153
|switch|p2a: Sinistcha|Sinistcha|100/100
|move|p1a: Smile.exe|Ice Hammer|p2a: Sinistcha
|-supereffective|p2a: Sinistcha
|-damage|p2a: Sinistcha|57/100
|-unboost|p1a: Smile.exe|spe|1
|
|-heal|p2a: Sinistcha|63/100|[from] item: Leftovers
|upkeep
|turn|7
|
|t:|1769322159
|move|p1a: Smile.exe|Encore||[still]
|-fail|p1a: Smile.exe
|move|p2a: Sinistcha|Strength Sap|p1a: Smile.exe
|-unboost|p1a: Smile.exe|atk|1
|-heal|p2a: Sinistcha|100/100
|
|upkeep
|turn|8
|
|t:|1769322164
|move|p1a: Smile.exe|Encore|p2a: Sinistcha
|-start|p2a: Sinistcha|Encore
|move|p2a: Sinistcha|Strength Sap|p1a: Smile.exe
|-unboost|p1a: Smile.exe|atk|1
|
|upkeep
|turn|9
|
|t:|1769322168
|switch|p1a: Overseer|Pecharunt|75/100
|-damage|p1a: Overseer|51/100|[from] Spikes
|move|p2a: Sinistcha|Strength Sap|p1a: Overseer
|-unboost|p1a: Overseer|atk|1
|
|upkeep
|turn|10
|
|t:|1769322173
|switch|p2a: Blissey|Blissey, F|100/100
|move|p1a: Overseer|Recover|p1a: Overseer
|-heal|p1a: Overseer|100/100
|
|upkeep
|turn|11
|
|t:|1769322177
|move|p1a: Overseer|Malignant Chain|p2a: Blissey
|-damage|p2a: Blissey|90/100
|-status|p2a: Blissey|tox
|-start|p2a: Blissey|confusion|[from] ability: Poison Puppeteer|[of] p1a: Overseer
|-activate|p2a: Blissey|confusion
|-damage|p2a: Blissey|89/100 tox|[from] confusion
|
|-damage|p2a: Blissey|83/100 tox|[from] psn
|upkeep
|turn|12
|
|t:|1769322181
|move|p1a: Overseer|Parting Shot|p2a: Blissey
|-unboost|p2a: Blissey|atk|1
|-unboost|p2a: Blissey|spa|1
|
|t:|1769322186
|switch|p1a: Smile.exe|Tinkaton, F, shiny|100/100|[from] Parting Shot
|-item|p1a: Smile.exe|Air Balloon
|-activate|p2a: Blissey|confusion
|move|p2a: Blissey|Stealth Rock|p1a: Smile.exe
|-sidestart|p1: Jhkhgfd|move: Stealth Rock
|
|-damage|p2a: Blissey|70/100 tox|[from] psn
|upkeep
|turn|13
|
|t:|1769322201
|-curestatus|p2a: Blissey|tox|[from] ability: Natural Cure
|switch|p2a: Sinistcha|Sinistcha|100/100
|move|p1a: Smile.exe|Stealth Rock|p2a: Sinistcha
|-sidestart|p2: Lobsta96|move: Stealth Rock
|
|upkeep
|turn|14
|
|t:|1769322216
|switch|p1a: Pisces|Alomomola, M, shiny|100/100
|-damage|p1a: Pisces|76/100|[from] Spikes
|-damage|p1a: Pisces|63/100|[from] Stealth Rock
|move|p2a: Sinistcha|Matcha Gotcha|p1a: Pisces
|-supereffective|p1a: Pisces
|-damage|p1a: Pisces|28/100
|
|upkeep
|turn|15
|
|t:|1769322226
|move|p2a: Sinistcha|Calm Mind|p2a: Sinistcha
|-boost|p2a: Sinistcha|spa|1
|-boost|p2a: Sinistcha|spd|1
|move|p1a: Pisces|Mirror Coat||[still]
|-fail|p1a: Pisces
|
|upkeep
|turn|16
|
|t:|1769322236
|-terastallize|p1a: Pisces|Fairy
|move|p2a: Sinistcha|Matcha Gotcha|p1a: Pisces
|-damage|p1a: Pisces|1/100
|-status|p1a: Pisces|brn
|move|p1a: Pisces|Mirror Coat|p2a: Sinistcha
|-damage|p2a: Sinistcha|17/100
|
|-heal|p2a: Sinistcha|23/100|[from] item: Leftovers
|-damage|p1a: Pisces|0 fnt|[from] brn
|faint|p1a: Pisces
|upkeep
|
|t:|1769322246
|switch|p1a: Anonymous|Ogerpon, F|100/100
|-damage|p1a: Anonymous|76/100|[from] Spikes
|-damage|p1a: Anonymous|63/100|[from] Stealth Rock
|turn|17
|
|t:|1769322249
|move|p1a: Anonymous|Knock Off|p2a: Sinistcha
|-supereffective|p2a: Sinistcha
|-damage|p2a: Sinistcha|0 fnt
|-enditem|p2a: Sinistcha|Leftovers|[from] move: Knock Off|[of] p1a: Anonymous
|faint|p2a: Sinistcha
|
|upkeep
|
|t:|1769322253
|switch|p2a: Kleavor|Kleavor, M|84/100
|-damage|p2a: Kleavor|59/100|[from] Stealth Rock
|turn|18
|
|t:|1769322255
|move|p2a: Kleavor|U-turn|p1a: Anonymous
|-supereffective|p1a: Anonymous
|-damage|p1a: Anonymous|0 fnt
|faint|p1a: Anonymous
|
|t:|1769322267
|switch|p2a: Gliscor|Gliscor, F|94/100 tox|[from] U-turn
|-damage|p2a: Gliscor|81/100 tox|[from] Stealth Rock
|
|-heal|p2a: Gliscor|94/100 tox|[from] ability: Poison Heal
|upkeep
|
|t:|1769322274
|switch|p1a: Behemoth|Great Tusk, shiny|100/100
|turn|19
|
|t:|1769322279
|move|p2a: Gliscor|Protect|p2a: Gliscor
|-singleturn|p2a: Gliscor|Protect
|move|p1a: Behemoth|Rapid Spin|p2a: Gliscor
|-activate|p2a: Gliscor|move: Protect
|
|-heal|p2a: Gliscor|100/100 tox|[from] ability: Poison Heal
|upkeep
|turn|20
|
|t:|1769322281
|move|p1a: Behemoth|Rapid Spin|p2a: Gliscor
|-damage|p2a: Gliscor|86/100 tox
|-boost|p1a: Behemoth|spe|1
|-sideend|p1: Jhkhgfd|Spikes|[from] move: Rapid Spin|[of] p1a: Behemoth
|-sideend|p1: Jhkhgfd|Stealth Rock|[from] move: Rapid Spin|[of] p1a: Behemoth
|move|p2a: Gliscor|Knock Off|p1a: Behemoth
|-resisted|p1a: Behemoth
|-damage|p1a: Behemoth|93/100
|-enditem|p1a: Behemoth|Heavy-Duty Boots|[from] move: Knock Off|[of] p2a: Gliscor
|
|-heal|p2a: Gliscor|99/100 tox|[from] ability: Poison Heal
|upkeep
|turn|21
|
|t:|1769322284
|move|p1a: Behemoth|Rapid Spin|p2a: Gliscor
|-damage|p2a: Gliscor|86/100 tox
|-boost|p1a: Behemoth|spe|1
|move|p2a: Gliscor|Spikes|p1a: Behemoth
|-sidestart|p1: Jhkhgfd|Spikes
|
|-heal|p2a: Gliscor|98/100 tox|[from] ability: Poison Heal
|upkeep
|turn|22
|
|t:|1769322296
|move|p1a: Behemoth|Ice Spinner|p2a: Gliscor
|-supereffective|p2a: Gliscor
|-damage|p2a: Gliscor|6/100 tox
|move|p2a: Gliscor|Earthquake|p1a: Behemoth
|-damage|p1a: Behemoth|69/100
|
|-heal|p2a: Gliscor|19/100 tox|[from] ability: Poison Heal
|upkeep
|turn|23
|
|t:|1769322306
|move|p2a: Gliscor|Protect|p2a: Gliscor
|-singleturn|p2a: Gliscor|Protect
|move|p1a: Behemoth|Ice Spinner|p2a: Gliscor
|-activate|p2a: Gliscor|move: Protect
|
|-heal|p2a: Gliscor|31/100 tox|[from] ability: Poison Heal
|upkeep
|turn|24
|
|t:|1769322321
|switch|p2a: Avalugg|Avalugg-Hisui, M|100/100
|move|p1a: Behemoth|Ice Spinner|p2a: Avalugg
|-resisted|p2a: Avalugg
|-damage|p2a: Avalugg|95/100
|
|upkeep
|turn|25
|
|t:|1769322327
|move|p1a: Behemoth|Close Combat|p2a: Avalugg
|-supereffective|p2a: Avalugg
|-damage|p2a: Avalugg|0 fnt
|-unboost|p1a: Behemoth|def|1
|-unboost|p1a: Behemoth|spd|1
|faint|p2a: Avalugg
|
|upkeep
|
|t:|1769322337
|switch|p2a: Iron Valiant|Iron Valiant|100/100
|-damage|p2a: Iron Valiant|94/100|[from] Stealth Rock
|-enditem|p2a: Iron Valiant|Booster Energy
|-activate|p2a: Iron Valiant|ability: Quark Drive|[fromitem]
|-start|p2a: Iron Valiant|quarkdrivespe
|turn|26
|
|t:|1769322351
|move|p1a: Behemoth|Headlong Rush|p2a: Iron Valiant
|-damage|p2a: Iron Valiant|13/100
|-unboost|p1a: Behemoth|def|1
|-unboost|p1a: Behemoth|spd|1
|move|p2a: Iron Valiant|Moonblast|p1a: Behemoth
|-supereffective|p1a: Behemoth
|-damage|p1a: Behemoth|0 fnt
|faint|p1a: Behemoth
|-end|p1a: Behemoth|Protosynthesis|[silent]
|
|upkeep
|
|t:|1769322357
|switch|p1a: Overseer|Pecharunt|100/100
|-damage|p1a: Overseer|88/100|[from] Spikes
|turn|27
|
|t:|1769322361
|move|p2a: Iron Valiant|Knock Off|p1a: Overseer
|-supereffective|p1a: Overseer
|-damage|p1a: Overseer|65/100
|move|p1a: Overseer|Shadow Ball|p2a: Iron Valiant
|-damage|p2a: Iron Valiant|0 fnt
|faint|p2a: Iron Valiant
|-end|p2a: Iron Valiant|Quark Drive|[silent]
|
|upkeep
|
|t:|1769322368
|switch|p2a: Kleavor|Kleavor, M|59/100
|-damage|p2a: Kleavor|34/100|[from] Stealth Rock
|turn|28
|
|t:|1769322374
|move|p2a: Kleavor|Stone Axe|p1a: Overseer
|-damage|p1a: Overseer|42/100
|-sidestart|p1: Jhkhgfd|move: Stealth Rock
|move|p1a: Overseer|Shadow Ball|p2a: Kleavor
|-damage|p2a: Kleavor|0 fnt
|faint|p2a: Kleavor
|
|upkeep
|
|t:|1769322384
|switch|p2a: Gliscor|Gliscor, F|31/100 tox
|-damage|p2a: Gliscor|19/100 tox|[from] Stealth Rock
|turn|29
|
|t:|1769322389
|move|p2a: Gliscor|Protect|p2a: Gliscor
|-singleturn|p2a: Gliscor|Protect
|move|p1a: Overseer|Recover|p1a: Overseer
|-heal|p1a: Overseer|92/100
|
|-heal|p2a: Gliscor|31/100 tox|[from] ability: Poison Heal
|upkeep
|turn|30
|
|t:|1769322394
|move|p2a: Gliscor|Knock Off|p1a: Overseer
|-supereffective|p1a: Overseer
|-damage|p1a: Overseer|79/100
|move|p1a: Overseer|Shadow Ball|p2a: Gliscor
|-damage|p2a: Gliscor|9/100 tox
|
|-heal|p2a: Gliscor|21/100 tox|[from] ability: Poison Heal
|upkeep
|turn|31
|
|t:|1769322399
|switch|p1a: Hybrid|Hydreigon, M, shiny|100/100
|-damage|p1a: Hybrid|88/100|[from] Stealth Rock
|move|p2a: Gliscor|Protect||[still]
|-fail|p2a: Gliscor
|
|-heal|p2a: Gliscor|34/100 tox|[from] ability: Poison Heal
|upkeep
|turn|32
|
|t:|1769322403
|move|p1a: Hybrid|Dark Pulse|p2a: Gliscor
|-damage|p2a: Gliscor|0 fnt
|faint|p2a: Gliscor
|
|upkeep
|
|t:|1769322405
|switch|p2a: Blissey|Blissey, F|70/100
|turn|33
|
|t:|1769322408
|move|p1a: Hybrid|Dark Pulse|p2a: Blissey
|-damage|p2a: Blissey|47/100
|move|p2a: Blissey|Soft-Boiled|p2a: Blissey
|-heal|p2a: Blissey|97/100
|
|upkeep
|turn|34
|
|t:|1769322411
|move|p1a: Hybrid|Dark Pulse|p2a: Blissey
|-damage|p2a: Blissey|76/100
|move|p2a: Blissey|Seismic Toss|p1a: Hybrid
|-damage|p1a: Hybrid|57/100
|
|upkeep
|turn|35
|
|t:|1769322413
|move|p1a: Hybrid|Dark Pulse|p2a: Blissey
|-damage|p2a: Blissey|52/100
|move|p2a: Blissey|Seismic Toss|p1a: Hybrid
|-damage|p1a: Hybrid|27/100
|
|upkeep
|turn|36
|
|t:|1769322415
|move|p1a: Hybrid|Dark Pulse|p2a: Blissey
|-damage|p2a: Blissey|29/100
|move|p2a: Blissey|Soft-Boiled|p2a: Blissey
|-heal|p2a: Blissey|79/100
|
|upkeep
|turn|37
|
|t:|1769322426
|move|p1a: Hybrid|Dark Pulse|p2a: Blissey
|-damage|p2a: Blissey|57/100
|move|p2a: Blissey|Soft-Boiled|p2a: Blissey
|-heal|p2a: Blissey|100/100
|
|upkeep
|turn|38
|
|t:|1769322430
|switch|p1a: Overseer|Pecharunt|79/100
|-damage|p1a: Overseer|67/100|[from] Spikes
|-damage|p1a: Overseer|55/100|[from] Stealth Rock
|move|p2a: Blissey|Seismic Toss|p1a: Overseer
|-immune|p1a: Overseer
|
|upkeep
|turn|39
|
|t:|1769322432
|move|p1a: Overseer|Malignant Chain|p2a: Blissey
|-damage|p2a: Blissey|89/100
|move|p2a: Blissey|Shadow Ball|p1a: Overseer
|-supereffective|p1a: Overseer
|-damage|p1a: Overseer|26/100
|
|upkeep
|turn|40
|
|t:|1769322438
|move|p1a: Overseer|Recover|p1a: Overseer
|-heal|p1a: Overseer|76/100
|move|p2a: Blissey|Shadow Ball|p1a: Overseer
|-supereffective|p1a: Overseer
|-damage|p1a: Overseer|46/100
|
|upkeep
|turn|41
|
|t:|1769322442
|move|p1a: Overseer|Recover|p1a: Overseer
|-heal|p1a: Overseer|96/100
|move|p2a: Blissey|Shadow Ball|p1a: Overseer
|-supereffective|p1a: Overseer
|-damage|p1a: Overseer|66/100
|
|upkeep
|turn|42
|
|t:|1769322447
|move|p1a: Overseer|Malignant Chain|p2a: Blissey
|-damage|p2a: Blissey|78/100
|move|p2a: Blissey|Shadow Ball|p1a: Overseer
|-supereffective|p1a: Overseer
|-damage|p1a: Overseer|35/100
|
|upkeep
|turn|43
|
|t:|1769322452
|move|p1a: Overseer|Malignant Chain|p2a: Blissey
|-damage|p2a: Blissey|66/100
|move|p2a: Blissey|Shadow Ball|p1a: Overseer
|-supereffective|p1a: Overseer
|-crit|p1a: Overseer
|-damage|p1a: Overseer|0 fnt
|faint|p1a: Overseer
|
|upkeep
|
|t:|1769322456
|switch|p1a: Smile.exe|Tinkaton, F, shiny|100/100
|-damage|p1a: Smile.exe|94/100|[from] Stealth Rock
|-item|p1a: Smile.exe|Air Balloon
|turn|44
|
|t:|1769322460
|move|p1a: Smile.exe|Gigaton Hammer|p2a: Blissey
|-damage|p2a: Blissey|17/100
|move|p2a: Blissey|Soft-Boiled|p2a: Blissey
|-heal|p2a: Blissey|67/100
|
|upkeep
|turn|45
|
|t:|1769322466
|move|p1a: Smile.exe|Encore|p2a: Blissey
|-start|p2a: Blissey|Encore
|move|p2a: Blissey|Soft-Boiled|p2a: Blissey
|-heal|p2a: Blissey|100/100
|
|upkeep
|turn|46
|
|t:|1769322469
|switch|p1a: Hybrid|Hydreigon, M, shiny|27/100
|-damage|p1a: Hybrid|14/100|[from] Stealth Rock
|move|p2a: Blissey|Soft-Boiled||[still]
|-fail|p2a: Blissey|heal
|
|upkeep
|turn|47
|
|t:|1769322473
|move|p1a: Hybrid|Dark Pulse|p2a: Blissey
|-damage|p2a: Blissey|77/100
|cant|p2a: Blissey|flinch
|
|-end|p2a: Blissey|Encore
|upkeep
|turn|48
|
|t:|1769322477
|move|p1a: Hybrid|Dark Pulse|p2a: Blissey
|-damage|p2a: Blissey|54/100
|move|p2a: Blissey|Seismic Toss|p1a: Hybrid
|-damage|p1a: Hybrid|0 fnt
|faint|p1a: Hybrid
|
|upkeep
|
|t:|1769322482
|switch|p1a: Smile.exe|Tinkaton, F, shiny|94/100
|-damage|p1a: Smile.exe|88/100|[from] Stealth Rock
|-item|p1a: Smile.exe|Air Balloon
|turn|49
|
|t:|1769322488
|move|p1a: Smile.exe|Gigaton Hammer|p2a: Blissey
|-damage|p2a: Blissey|8/100
|move|p2a: Blissey|Soft-Boiled|p2a: Blissey
|-heal|p2a: Blissey|58/100
|
|upkeep
|turn|50
|
|t:|1769322490
|move|p1a: Smile.exe|Encore|p2a: Blissey
|-start|p2a: Blissey|Encore
|move|p2a: Blissey|Soft-Boiled|p2a: Blissey
|-heal|p2a: Blissey|100/100
|
|-end|p2a: Blissey|Encore
|upkeep
|turn|51
|
|t:|1769322492
|move|p1a: Smile.exe|Stealth Rock||[still]
|-fail|p1a: Smile.exe
|move|p2a: Blissey|Seismic Toss|p1a: Smile.exe
|-damage|p1a: Smile.exe|56/100
|-enditem|p1a: Smile.exe|Air Balloon
|-enditem|p2a: Blissey|Heavy-Duty Boots|[silent]|[from] ability: Pickpocket|[of] p2a: Blissey
|-item|p1a: Smile.exe|Heavy-Duty Boots|[from] ability: Pickpocket|[of] p2a: Blissey
|
|upkeep
|turn|52
|
|t:|1769322494
|move|p1a: Smile.exe|Gigaton Hammer|p2a: Blissey
|-damage|p2a: Blissey|53/100
|move|p2a: Blissey|Seismic Toss|p1a: Smile.exe
|-damage|p1a: Smile.exe|24/100
|
|upkeep
|turn|53
|
|t:|1769322497
|move|p1a: Smile.exe|Ice Hammer|p2a: Blissey
|-damage|p2a: Blissey|30/100
|-unboost|p1a: Smile.exe|spe|1
|move|p2a: Blissey|Seismic Toss|p1a: Smile.exe
|-damage|p1a: Smile.exe|0 fnt
|faint|p1a: Smile.exe
|
|win|Lobsta96
|raw|Jhkhgfd's rating: 1424 &rarr; <strong>1402</strong><br />(-22 for losing)
|raw|Lobsta96's rating: 1397 &rarr; <strong>1419</strong><br />(+22 for winning)
|c|☆Lobsta96|gg
|l|☆Lobsta96
|player|p2|
|l|☆Jhkhgfd
|player|p1|
