|j|☆cospway
|j|☆xp180
|t:|1769442282
|gametype|singles
|player|p1|cospway|iris-gen5bw2|1570
|player|p2|xp180|266|1632
|gen|9
|tier|[Gen 9] OU
|rated|
|rule|HP Percentage Mod: HP is shown in percentages
|rule|Endless Battle Clause: Forcing endless battles is banned
|rule|Species Clause: Limit one of each Pokémon
|rule|OHKO Clause: OHKO moves are banned
|rule|Evasion Items Clause: Evasion items are banned
|rule|Evasion Moves Clause: Evasion moves are banned
|rule|Evasion Abilities Clause: Evasion abilities are banned
|rule|Sleep Moves Clause: Sleep-inducing moves are banned
|clearpoke
|poke|p1|Cresselia, F|
|poke|p1|Mew|
|poke|p1|Kingambit, F|
|poke|p1|Azumarill, F|
|poke|p1|Gholdengo|
|poke|p1|Hoopa-Unbound|
|poke|p2|Dragapult, F|
|poke|p2|Iron Moth|
|poke|p2|Serperior, F|
|poke|p2|Iron Treads|
|poke|p2|Dragonite, F|
|poke|p2|Greninja-*, M|
|teampreview
|
|t:|1769442291
|teamsize|p1|6
|teamsize|p2|6
|start
|switch|p1a: Mew|Mew|100/100
|switch|p2a: Handheld Tank|Iron Treads|100/100
|-enditem|p2a: Handheld Tank|Booster Energy
|-activate|p2a: Handheld Tank|ability: Quark Drive|[fromitem]
|-start|p2a: Handheld Tank|quarkdrivespe
|turn|1
|inactive|Battle timer is ON: inactive players will automatically lose when time's up. (requested by cospway)
|
|t:|1769442335
|move|p2a: Handheld Tank|Stealth Rock|p1a: Mew
|-sidestart|p1: cospway|move: Stealth Rock
|move|p1a: Mew|Will-O-Wisp|p2a: Handheld Tank
|-status|p2a: Handheld Tank|brn
|
|-damage|p2a: Handheld Tank|94/100 brn|[from] brn
|upkeep
|turn|2
|
|t:|1769442343
|move|p2a: Handheld Tank|Earthquake|p1a: Mew
|-damage|p1a: Mew|84/100
|move|p1a: Mew|Stealth Rock|p2a: Handheld Tank
|-sidestart|p2: xp180|move: Stealth Rock
|
|-damage|p2a: Handheld Tank|88/100 brn|[from] brn
|upkeep
|turn|3
|
|t:|1769442351
|move|p2a: Handheld Tank|Ice Spinner|p1a: Mew
|-damage|p1a: Mew|75/100
|move|p1a: Mew|Trick Room|p1a: Mew
|-fieldstart|move: Trick Room|[of] p1a: Mew
|
|-damage|p2a: Handheld Tank|82/100 brn|[from] brn
|upkeep
|turn|4
|
|t:|1769442369
|switch|p1a: Azumarill|Azumarill, F, shiny|100/100
|-damage|p1a: Azumarill|88/100|[from] Stealth Rock
|move|p2a: Handheld Tank|Rapid Spin|p1a: Azumarill
|-damage|p1a: Azumarill|80/100
|-boost|p2a: Handheld Tank|spe|1
|-sideend|p2: xp180|Stealth Rock|[from] move: Rapid Spin|[of] p2a: Handheld Tank
|
|-damage|p2a: Handheld Tank|76/100 brn|[from] brn
|upkeep
|turn|5
|
|t:|1769442381
|move|p1a: Azumarill|Play Rough|p2a: Handheld Tank
|-resisted|p2a: Handheld Tank
|-damage|p2a: Handheld Tank|34/100 brn
|-unboost|p2a: Handheld Tank|atk|1
|move|p2a: Handheld Tank|Earthquake|p1a: Azumarill
|-damage|p1a: Azumarill|63/100
|
|-damage|p2a: Handheld Tank|27/100 brn|[from] brn
|upkeep
|turn|6
|
|t:|1769442390
|move|p1a: Azumarill|Play Rough|p2a: Handheld Tank
|-resisted|p2a: Handheld Tank
|-damage|p2a: Handheld Tank|0 fnt
|faint|p2a: Handheld Tank
|-end|p2a: Handheld Tank|Quark Drive|[silent]
|
|upkeep
|
|t:|1769442401
|switch|p2a: Mistlestorm|Serperior, F|100/100
|turn|7
|
|t:|1769442403
|move|p1a: Azumarill|Play Rough|p2a: Mistlestorm
|-damage|p2a: Mistlestorm|0 fnt
|faint|p2a: Mistlestorm
|
|-fieldend|move: Trick Room
|upkeep
|
|t:|1769442410
|switch|p2a: Shattered Sun|Iron Moth|100/100
|-enditem|p2a: Shattered Sun|Booster Energy
|-activate|p2a: Shattered Sun|ability: Quark Drive|[fromitem]
|-start|p2a: Shattered Sun|quarkdrivespe
|turn|8
|
|t:|1769442419
|switch|p1a: Mew|Mew|75/100
|-damage|p1a: Mew|63/100|[from] Stealth Rock
|move|p2a: Shattered Sun|Sludge Wave|p1a: Mew
|-damage|p1a: Mew|27/100
|
|upkeep
|turn|9
|
|t:|1769442426
|move|p2a: Shattered Sun|Fiery Dance|p1a: Mew
|-damage|p1a: Mew|0 fnt
|-boost|p2a: Shattered Sun|spa|1
|faint|p1a: Mew
|
|upkeep
|
|t:|1769442433
|switch|p1a: Hoopa|Hoopa-Unbound|100/100
|-damage|p1a: Hoopa|88/100|[from] Stealth Rock
|turn|10
|
|t:|1769442438
|move|p2a: Shattered Sun|Fiery Dance|p1a: Hoopa
|-damage|p1a: Hoopa|46/100
|-boost|p2a: Shattered Sun|spa|1
|move|p1a: Hoopa|Trick Room|p1a: Hoopa
|-fieldstart|move: Trick Room|[of] p1a: Hoopa
|-enditem|p1a: Hoopa|Room Service
|-unboost|p1a: Hoopa|spe|1|[from] item: Room Service
|
|upkeep
|turn|11
|
|t:|1769442446
|move|p1a: Hoopa|Hyperspace Fury|p2a: Shattered Sun
|-damage|p2a: Shattered Sun|0 fnt
|-unboost|p1a: Hoopa|def|1
|faint|p2a: Shattered Sun
|-end|p2a: Shattered Sun|Quark Drive|[silent]
|
|upkeep
|
|t:|1769442453
|switch|p2a: Cosmic Kunai|Greninja, M|100/100
|turn|12
|
|t:|1769442456
|move|p2a: Cosmic Kunai|Water Shuriken|p1a: Hoopa
|-damage|p1a: Hoopa|40/100
|-damage|p1a: Hoopa|33/100
|-damage|p1a: Hoopa|28/100
|-hitcount|p1a: Hoopa|3
|-damage|p2a: Cosmic Kunai|91/100|[from] item: Life Orb
|move|p1a: Hoopa|Drain Punch|p2a: Cosmic Kunai
|-supereffective|p2a: Cosmic Kunai
|-damage|p2a: Cosmic Kunai|0 fnt
|-heal|p1a: Hoopa|63/100|[from] drain|[of] p2a: Cosmic Kunai
|faint|p2a: Cosmic Kunai
|-item|p1a: Hoopa|Life Orb|[from] ability: Magician|[of] p2: Cosmic Kunai
|
|upkeep
|
|t:|1769442461
|switch|p2a: Dragon Pow|Dragonite, F|100/100
|turn|13
|
|t:|1769442473
|move|p1a: Hoopa|Hyperspace Fury|p2a: Dragon Pow
|-damage|p2a: Dragon Pow|50/100
|-unboost|p1a: Hoopa|def|1
|-damage|p1a: Hoopa|53/100|[from] item: Life Orb
|move|p2a: Dragon Pow|Scale Shot|p1a: Hoopa|[miss]
|-miss|p2a: Dragon Pow|p1a: Hoopa
|
|upkeep
|turn|14
|-message|xp180 forfeited.
|
|win|cospway
|raw|cospway's rating: 1570 &rarr; <strong>1594</strong><br />(+24 for winning)
|raw|xp180's rating: 1632 &rarr; <strong>1608</strong><br />(-24 for losing)
|l|☆xp180
|player|p2|
|l|☆cospway
|player|p1|
