|j|☆Pig Perfect
|j|☆apexacer
|t:|1769418151
|gametype|singles
|player|p1|Pig Perfect|workerice|1566
|player|p2|apexacer|266|1623
|gen|9
|tier|[Gen 9] OU
|rated|
|rule|HP Percentage Mod: HP is shown in percentages
|rule|Endless Battle Clause: Forcing endless battles is banned
|rule|Species Clause: Limit one of each Pokémon
|rule|OHKO Clause: OHKO moves are banned
|rule|Evasion Items Clause: Evasion items are banned
|rule|Evasion Moves Clause: Evasion moves are banned
|rule|Evasion Abilities Clause: Evasion abilities are banned
|rule|Sleep Moves Clause: Sleep-inducing moves are banned
|clearpoke
|poke|p1|Alomomola, F|
|poke|p1|Cinderace, M|
|poke|p1|Hatterene, F|
|poke|p1|Kingambit, F|
|poke|p1|Magnezone|
|poke|p1|Rillaboom, F|
|poke|p2|Gholdengo|
|poke|p2|Great Tusk|
|poke|p2|Toxapex, F|
|poke|p2|Zapdos|
|poke|p2|Kingambit, M|
|poke|p2|Kyurem|
|teampreview
|inactive|Battle timer is ON: inactive players will automatically lose when time's up. (requested by apexacer)
|
|t:|1769418195
|teamsize|p1|6
|teamsize|p2|6
|start
|switch|p1a: Not quite my tempo|Rillaboom, F|100/100
|switch|p2a: Great Tusk|Great Tusk|100/100
|-fieldstart|move: Grassy Terrain|[from] ability: Grassy Surge|[of] p1a: Not quite my tempo
|turn|1
|
|t:|1769418201
|-end|p2a: Great Tusk|Protosynthesis|[silent]
|switch|p2a: Kyurem|Kyurem|100/100
|-ability|p2a: Kyurem|Pressure
|move|p1a: Not quite my tempo|Wood Hammer|p2a: Kyurem
|-resisted|p2a: Kyurem
|-damage|p2a: Kyurem|56/100
|-damage|p1a: Not quite my tempo|85/100|[from] Recoil
|
|-heal|p2a: Kyurem|62/100|[from] Grassy Terrain
|-heal|p1a: Not quite my tempo|91/100|[from] Grassy Terrain
|upkeep
|turn|2
|
|t:|1769418217
|switch|p1a: Moly Hattrimony|Hatterene, F|100/100
|move|p2a: Kyurem|Freeze-Dry|p1a: Moly Hattrimony
|-damage|p1a: Moly Hattrimony|78/100
|
|-heal|p2a: Kyurem|69/100|[from] Grassy Terrain
|-heal|p1a: Moly Hattrimony|84/100|[from] Grassy Terrain
|upkeep
|turn|3
|
|t:|1769418225
|switch|p2a: Gholdengo|Gholdengo|100/100
|move|p1a: Moly Hattrimony|Draining Kiss|p2a: Gholdengo
|-resisted|p2a: Gholdengo
|-damage|p2a: Gholdengo|88/100
|-heal|p1a: Moly Hattrimony|94/100|[from] drain|[of] p2a: Gholdengo
|
|-heal|p2a: Gholdengo|94/100|[from] Grassy Terrain
|-heal|p2a: Gholdengo|100/100|[from] item: Leftovers
|-heal|p1a: Moly Hattrimony|99/100|[from] Grassy Terrain
|upkeep
|turn|4
|
|t:|1769418237
|switch|p1a: Steel MagnZolias|Magnezone|100/100
|move|p2a: Gholdengo|Nasty Plot|p2a: Gholdengo
|-boost|p2a: Gholdengo|spa|2
|
|upkeep
|turn|5
|
|t:|1769418266
|-terastallize|p1a: Steel MagnZolias|Stellar
|move|p2a: Gholdengo|Shadow Ball|p1a: Steel MagnZolias
|-damage|p1a: Steel MagnZolias|0 fnt
|faint|p1a: Steel MagnZolias
|
|-fieldend|move: Grassy Terrain
|upkeep
|
|t:|1769418273
|switch|p1a: So Ein Mist|Kingambit, F|100/100
|-activate|p1a: So Ein Mist|ability: Supreme Overlord
|-start|p1a: So Ein Mist|fallen1|[silent]
|turn|6
|
|t:|1769418280
|switch|p2a: Great Tusk|Great Tusk|100/100
|move|p1a: So Ein Mist|Swords Dance|p1a: So Ein Mist
|-boost|p1a: So Ein Mist|atk|2
|
|upkeep
|turn|7
|
|t:|1769418285
|move|p2a: Great Tusk|Headlong Rush|p1a: So Ein Mist
|-supereffective|p1a: So Ein Mist
|-damage|p1a: So Ein Mist|3/100
|-unboost|p2a: Great Tusk|def|1
|-unboost|p2a: Great Tusk|spd|1
|move|p1a: So Ein Mist|Iron Head|p2a: Great Tusk
|-damage|p2a: Great Tusk|7/100
|
|-heal|p1a: So Ein Mist|9/100|[from] item: Leftovers
|upkeep
|turn|8
|
|t:|1769418295
|-end|p2a: Great Tusk|Protosynthesis|[silent]
|switch|p2a: Toxapex|Toxapex, F|100/100
|move|p1a: So Ein Mist|Sucker Punch||[still]
|-fail|p1a: So Ein Mist
|
|-heal|p1a: So Ein Mist|16/100|[from] item: Leftovers
|upkeep
|turn|9
|
|t:|1769418302
|move|p1a: So Ein Mist|Kowtow Cleave|p2a: Toxapex
|-damage|p2a: Toxapex|28/100
|-damage|p1a: So Ein Mist|0 fnt|[from] item: Rocky Helmet|[of] p2a: Toxapex
|faint|p1a: So Ein Mist
|-end|p1a: So Ein Mist|fallen1|[silent]
|move|p2a: Toxapex|Recover|p2a: Toxapex
|-heal|p2a: Toxapex|78/100
|
|upkeep
|
|t:|1769418308
|switch|p1a: Not quite my tempo|Rillaboom, F|91/100
|-fieldstart|move: Grassy Terrain|[from] ability: Grassy Surge|[of] p1a: Not quite my tempo
|turn|10
|
|t:|1769418319
|switch|p2a: Great Tusk|Great Tusk|7/100
|move|p1a: Not quite my tempo|Knock Off|p2a: Great Tusk
|-resisted|p2a: Great Tusk
|-damage|p2a: Great Tusk|0 fnt
|-enditem|p2a: Great Tusk|Assault Vest|[from] move: Knock Off|[of] p1a: Not quite my tempo
|faint|p2a: Great Tusk
|-end|p2a: Great Tusk|Protosynthesis|[silent]
|
|-heal|p1a: Not quite my tempo|97/100|[from] Grassy Terrain
|upkeep
|
|t:|1769418330
|switch|p2a: Zapdos|Zapdos|100/100
|turn|11
|
|t:|1769418334
|switch|p1a: Moly Hattrimony|Hatterene, F|99/100
|move|p2a: Zapdos|Hurricane|p1a: Moly Hattrimony
|-damage|p1a: Moly Hattrimony|60/100
|
|-heal|p1a: Moly Hattrimony|66/100|[from] Grassy Terrain
|upkeep
|turn|12
|
|t:|1769418341
|move|p2a: Zapdos|Volt Switch|p1a: Moly Hattrimony
|-damage|p1a: Moly Hattrimony|41/100
|
|t:|1769418345
|switch|p2a: Gholdengo|Gholdengo|100/100|[from] Volt Switch
|move|p1a: Moly Hattrimony|Mystical Fire|p2a: Gholdengo
|-supereffective|p2a: Gholdengo
|-damage|p2a: Gholdengo|47/100
|-unboost|p2a: Gholdengo|spa|1
|
|-heal|p2a: Gholdengo|53/100|[from] Grassy Terrain
|-heal|p2a: Gholdengo|60/100|[from] item: Leftovers
|-heal|p1a: Moly Hattrimony|47/100|[from] Grassy Terrain
|upkeep
|turn|13
|
|t:|1769418359
|switch|p1a: Tarot Cop|Cinderace, M|100/100
|move|p2a: Gholdengo|Make It Rain|p1a: Tarot Cop
|-resisted|p1a: Tarot Cop
|-damage|p1a: Tarot Cop|75/100
|-unboost|p2a: Gholdengo|spa|1
|
|-heal|p1a: Tarot Cop|81/100|[from] Grassy Terrain
|-heal|p2a: Gholdengo|66/100|[from] Grassy Terrain
|-heal|p2a: Gholdengo|72/100|[from] item: Leftovers
|upkeep
|turn|14
|
|t:|1769418373
|switch|p2a: Toxapex|Toxapex, F|100/100
|move|p1a: Tarot Cop|U-turn|p2a: Toxapex
|-resisted|p2a: Toxapex
|-damage|p2a: Toxapex|95/100
|-damage|p1a: Tarot Cop|64/100|[from] item: Rocky Helmet|[of] p2a: Toxapex
|
|t:|1769418376
|switch|p1a: Moly Hattrimony|Hatterene, F|47/100|[from] U-turn
|
|-heal|p1a: Moly Hattrimony|53/100|[from] Grassy Terrain
|-heal|p2a: Toxapex|100/100|[from] Grassy Terrain
|-fieldend|move: Grassy Terrain
|upkeep
|turn|15
|
|t:|1769418384
|switch|p2a: Kingambit|Kingambit, M|100/100
|-activate|p2a: Kingambit|ability: Supreme Overlord
|-start|p2a: Kingambit|fallen1|[silent]
|move|p1a: Moly Hattrimony|Mystical Fire|p2a: Kingambit
|-supereffective|p2a: Kingambit
|-damage|p2a: Kingambit|50/100
|-unboost|p2a: Kingambit|spa|1
|
|upkeep
|turn|16
|
|t:|1769418394
|switch|p1a: Tarot Cop|Cinderace, M|64/100
|move|p2a: Kingambit|Kowtow Cleave|p1a: Tarot Cop
|-damage|p1a: Tarot Cop|0 fnt
|faint|p1a: Tarot Cop
|
|upkeep
|
|t:|1769418400
|switch|p1a: Not quite my tempo|Rillaboom, F|97/100
|-fieldstart|move: Grassy Terrain|[from] ability: Grassy Surge|[of] p1a: Not quite my tempo
|turn|17
|
|t:|1769418404
|-end|p2a: Kingambit|fallen1|[silent]
|switch|p2a: Zapdos|Zapdos|100/100
|move|p1a: Not quite my tempo|Wood Hammer|p2a: Zapdos
|-resisted|p2a: Zapdos
|-damage|p2a: Zapdos|51/100
|-damage|p1a: Not quite my tempo|82/100|[from] Recoil
|
|-heal|p2a: Zapdos|57/100|[from] item: Leftovers
|-heal|p1a: Not quite my tempo|88/100|[from] Grassy Terrain
|upkeep
|turn|18
|
|t:|1769418413
|switch|p1a: Moly Hattrimony|Hatterene, F|53/100
|move|p2a: Zapdos|Hurricane|p1a: Moly Hattrimony
|-damage|p1a: Moly Hattrimony|18/100
|
|-heal|p2a: Zapdos|63/100|[from] item: Leftovers
|-heal|p1a: Moly Hattrimony|24/100|[from] Grassy Terrain
|upkeep
|turn|19
|
|t:|1769418422
|move|p2a: Zapdos|Volt Switch|p1a: Moly Hattrimony
|-damage|p1a: Moly Hattrimony|0 fnt
|faint|p1a: Moly Hattrimony
|
|t:|1769418431
|switch|p2a: Kyurem|Kyurem|69/100|[from] Volt Switch
|-ability|p2a: Kyurem|Pressure
|
|-heal|p2a: Kyurem|75/100|[from] Grassy Terrain
|upkeep
|
|t:|1769418434
|switch|p1a: Pepto Bismola|Alomomola, F|100/100
|turn|20
|
|t:|1769418441
|switch|p2a: Gholdengo|Gholdengo|72/100
|move|p1a: Pepto Bismola|Flip Turn|p2a: Gholdengo
|-damage|p2a: Gholdengo|56/100
|
|t:|1769418443
|switch|p1a: Not quite my tempo|Rillaboom, F|88/100|[from] Flip Turn
|
|-heal|p1a: Not quite my tempo|94/100|[from] Grassy Terrain
|-heal|p2a: Gholdengo|63/100|[from] Grassy Terrain
|-heal|p2a: Gholdengo|69/100|[from] item: Leftovers
|upkeep
|turn|21
|
|t:|1769418448
|move|p1a: Not quite my tempo|Knock Off|p2a: Gholdengo
|-supereffective|p2a: Gholdengo
|-damage|p2a: Gholdengo|0 fnt
|-enditem|p2a: Gholdengo|Leftovers|[from] move: Knock Off|[of] p1a: Not quite my tempo
|faint|p2a: Gholdengo
|
|-heal|p1a: Not quite my tempo|99/100|[from] Grassy Terrain
|-fieldend|move: Grassy Terrain
|upkeep
|
|t:|1769418452
|switch|p2a: Kyurem|Kyurem|75/100
|-ability|p2a: Kyurem|Pressure
|turn|22
|
|t:|1769418460
|move|p2a: Kyurem|Freeze-Dry|p1a: Not quite my tempo
|-supereffective|p1a: Not quite my tempo
|-damage|p1a: Not quite my tempo|2/100
|move|p1a: Not quite my tempo|U-turn|p2a: Kyurem
|-damage|p2a: Kyurem|51/100
|
|t:|1769418463
|switch|p1a: Pepto Bismola|Alomomola, F|100/100|[from] U-turn
|
|upkeep
|turn|23
|
|t:|1769418472
|switch|p2a: Toxapex|Toxapex, F|100/100
|move|p1a: Pepto Bismola|Wish|p1a: Pepto Bismola
|
|upkeep
|turn|24
|
|t:|1769418479
|move|p1a: Pepto Bismola|Scald|p2a: Toxapex
|-resisted|p2a: Toxapex
|-damage|p2a: Toxapex|95/100
|-status|p2a: Toxapex|brn
|move|p2a: Toxapex|Toxic Spikes|p1a: Pepto Bismola
|-sidestart|p1: Pig Perfect|move: Toxic Spikes
|
|-damage|p2a: Toxapex|89/100 brn|[from] brn
|upkeep
|turn|25
|
|t:|1769418482
|move|p1a: Pepto Bismola|Scald|p2a: Toxapex
|-resisted|p2a: Toxapex
|-damage|p2a: Toxapex|83/100 brn
|move|p2a: Toxapex|Toxic Spikes|p1a: Pepto Bismola
|-sidestart|p1: Pig Perfect|move: Toxic Spikes
|
|-damage|p2a: Toxapex|76/100 brn|[from] brn
|upkeep
|turn|26
|
|t:|1769418488
|move|p1a: Pepto Bismola|Wish|p1a: Pepto Bismola
|move|p2a: Toxapex|Surf|p1a: Pepto Bismola
|-resisted|p1a: Pepto Bismola
|-damage|p1a: Pepto Bismola|89/100
|
|-damage|p2a: Toxapex|70/100 brn|[from] brn
|upkeep
|turn|27
|
|t:|1769418492
|switch|p1a: Not quite my tempo|Rillaboom, F|2/100
|-status|p1a: Not quite my tempo|tox
|-fieldstart|move: Grassy Terrain|[from] ability: Grassy Surge|[of] p1a: Not quite my tempo
|switch|p2a: Kyurem|Kyurem|51/100
|-ability|p2a: Kyurem|Pressure
|
|-heal|p1a: Not quite my tempo|76/100 tox|[from] move: Wish|[wisher] Pepto Bismola
|-heal|p2a: Kyurem|57/100|[from] Grassy Terrain
|-heal|p1a: Not quite my tempo|82/100 tox|[from] Grassy Terrain
|-damage|p1a: Not quite my tempo|76/100 tox|[from] psn
|upkeep
|turn|28
|
|t:|1769418505
|move|p2a: Kyurem|Freeze-Dry|p1a: Not quite my tempo
|-supereffective|p1a: Not quite my tempo
|-damage|p1a: Not quite my tempo|0 fnt
|faint|p1a: Not quite my tempo
|
|-heal|p2a: Kyurem|63/100|[from] Grassy Terrain
|upkeep
|-message|Pig Perfect forfeited.
|
|win|apexacer
|raw|Pig Perfect's rating: 1566 &rarr; <strong>1549</strong><br />(-17 for losing)
|raw|apexacer's rating: 1623 &rarr; <strong>1640</strong><br />(+17 for winning)
|l|☆Pig Perfect
|player|p1|
|l|☆apexacer
|player|p2|
