|j|☆SlowdogChillionare
|j|☆LunaBlast
|t:|1769341406
|gametype|singles
|player|p1|SlowdogChillionare|swimmer|1695
|player|p2|LunaBlast|2|1604
|gen|9
|tier|[Gen 9] OU
|rated|
|rule|HP Percentage Mod: HP is shown in percentages
|rule|Endless Battle Clause: Forcing endless battles is banned
|rule|Species Clause: Limit one of each Pokémon
|rule|OHKO Clause: OHKO moves are banned
|rule|Evasion Items Clause: Evasion items are banned
|rule|Evasion Moves Clause: Evasion moves are banned
|rule|Evasion Abilities Clause: Evasion abilities are banned
|rule|Sleep Moves Clause: Sleep-inducing moves are banned
|clearpoke
|poke|p1|Rillaboom, F|
|poke|p1|Zamazenta-*|
|poke|p1|Ninetales-Alola, F|
|poke|p1|Ursaluna, F|
|poke|p1|Hatterene, F|
|poke|p1|Iron Treads|
|poke|p2|Ribombee, F|
|poke|p2|Gholdengo|
|poke|p2|Glimmora, M|
|poke|p2|Enamorus, F|
|poke|p2|Iron Moth|
|poke|p2|Iron Hands|
|teampreview
|inactive|Battle timer is ON: inactive players will automatically lose when time's up. (requested by LunaBlast)
|inactive|SlowdogChillionare also wants the timer to be on.
|
|t:|1769341416
|teamsize|p1|6
|teamsize|p2|6
|start
|switch|p1a: Mr. SpinYoBlock|Iron Treads|100/100
|switch|p2a: Ribombee|Ribombee, F, shiny|100/100
|-enditem|p1a: Mr. SpinYoBlock|Booster Energy
|-activate|p1a: Mr. SpinYoBlock|ability: Quark Drive|[fromitem]
|-start|p1a: Mr. SpinYoBlock|quarkdrivespe
|turn|1
|
|t:|1769341430
|switch|p2a: Gholdengo|Gholdengo|100/100
|-item|p2a: Gholdengo|Air Balloon
|move|p1a: Mr. SpinYoBlock|Stealth Rock|p2a: Gholdengo
|-sidestart|p2: LunaBlast|move: Stealth Rock
|
|upkeep
|turn|2
|
|t:|1769341432
|move|p1a: Mr. SpinYoBlock|Knock Off|p2a: Gholdengo
|-supereffective|p2a: Gholdengo
|-damage|p2a: Gholdengo|54/100
|-enditem|p2a: Gholdengo|Air Balloon
|move|p2a: Gholdengo|Focus Blast|p1a: Mr. SpinYoBlock
|-supereffective|p1a: Mr. SpinYoBlock
|-damage|p1a: Mr. SpinYoBlock|0 fnt
|faint|p1a: Mr. SpinYoBlock
|-end|p1a: Mr. SpinYoBlock|Quark Drive|[silent]
|
|upkeep
|
|t:|1769341438
|switch|p1a: GREEN FN|Rillaboom, F|100/100
|-fieldstart|move: Grassy Terrain|[from] ability: Grassy Surge|[of] p1a: GREEN FN
|turn|3
|
|t:|1769341441
|switch|p2a: Ribombee|Ribombee, F, shiny|100/100
|-damage|p2a: Ribombee|76/100|[from] Stealth Rock
|move|p1a: GREEN FN|Knock Off|p2a: Ribombee
|-resisted|p2a: Ribombee
|-damage|p2a: Ribombee|40/100
|-enditem|p2a: Ribombee|Focus Sash|[from] move: Knock Off|[of] p1a: GREEN FN
|
|-heal|p2a: Ribombee|46/100|[from] Grassy Terrain
|upkeep
|turn|4
|
|t:|1769341447
|switch|p1a: Felicia|Hatterene, F|100/100
|-enditem|p1a: Felicia|Grassy Seed
|-boost|p1a: Felicia|def|1|[from] item: Grassy Seed
|move|p2a: Ribombee|Moonblast|p1a: Felicia
|-damage|p1a: Felicia|55/100
|
|-heal|p2a: Ribombee|52/100|[from] Grassy Terrain
|-heal|p1a: Felicia|61/100|[from] Grassy Terrain
|upkeep
|turn|5
|
|t:|1769341452
|move|p2a: Ribombee|Skill Swap|p1a: Felicia
|-activate|p2a: Ribombee|move: Skill Swap|Magic Bounce|Shield Dust|[of] p1a: Felicia
|move|p1a: Felicia|Agility|p1a: Felicia
|-boost|p1a: Felicia|spe|2
|
|-heal|p2a: Ribombee|58/100|[from] Grassy Terrain
|-heal|p1a: Felicia|67/100|[from] Grassy Terrain
|upkeep
|turn|6
|
|t:|1769341455
|move|p2a: Ribombee|Stun Spore|p1a: Felicia
|-status|p1a: Felicia|par
|move|p1a: Felicia|Calm Mind|p1a: Felicia
|-boost|p1a: Felicia|spa|1
|-boost|p1a: Felicia|spd|1
|
|-heal|p2a: Ribombee|64/100|[from] Grassy Terrain
|-heal|p1a: Felicia|73/100 par|[from] Grassy Terrain
|upkeep
|turn|7
|
|t:|1769341463
|move|p2a: Ribombee|Moonblast|p1a: Felicia
|-damage|p1a: Felicia|46/100 par
|move|p1a: Felicia|Agility|p1a: Felicia
|-boost|p1a: Felicia|spe|2
|
|-heal|p2a: Ribombee|70/100|[from] Grassy Terrain
|-heal|p1a: Felicia|52/100 par|[from] Grassy Terrain
|upkeep
|turn|8
|
|t:|1769341469
|move|p2a: Ribombee|Moonblast|p1a: Felicia
|-damage|p1a: Felicia|23/100 par
|move|p1a: Felicia|Agility|p1a: Felicia
|-boost|p1a: Felicia|spe|2
|
|-heal|p2a: Ribombee|76/100|[from] Grassy Terrain
|-heal|p1a: Felicia|28/100 par|[from] Grassy Terrain
|upkeep
|turn|9
|
|t:|1769341473
|move|p2a: Ribombee|Moonblast|p1a: Felicia
|-damage|p1a: Felicia|1/100 par
|move|p1a: Felicia|Draining Kiss|p2a: Ribombee
|-damage|p2a: Ribombee|22/100
|-heal|p1a: Felicia|34/100 par|[from] drain|[of] p2a: Ribombee
|
|-heal|p2a: Ribombee|28/100|[from] Grassy Terrain
|-heal|p1a: Felicia|40/100 par|[from] Grassy Terrain
|upkeep
|turn|10
|
|t:|1769341482
|move|p2a: Ribombee|Moonblast|p1a: Felicia
|-damage|p1a: Felicia|12/100 par
|move|p1a: Felicia|Draining Kiss|p2a: Ribombee
|-damage|p2a: Ribombee|0 fnt
|-heal|p1a: Felicia|29/100 par|[from] drain|[of] p2a: Ribombee
|faint|p2a: Ribombee
|
|-heal|p1a: Felicia|35/100 par|[from] Grassy Terrain
|-fieldend|move: Grassy Terrain
|upkeep
|
|t:|1769341485
|switch|p2a: Gholdengo|Gholdengo|54/100
|-damage|p2a: Gholdengo|48/100|[from] Stealth Rock
|turn|11
|
|t:|1769341487
|move|p1a: Felicia|Stored Power|p2a: Gholdengo
|-resisted|p2a: Gholdengo
|-crit|p2a: Gholdengo
|-damage|p2a: Gholdengo|0 fnt
|faint|p2a: Gholdengo
|
|upkeep
|
|t:|1769341503
|switch|p2a: Enamorus|Enamorus, F|100/100
|-damage|p2a: Enamorus|76/100|[from] Stealth Rock
|turn|12
|
|t:|1769341508
|move|p1a: Felicia|Stored Power|p2a: Enamorus
|-damage|p2a: Enamorus|0 fnt
|faint|p2a: Enamorus
|
|upkeep
|
|t:|1769341515
|switch|p2a: Iron Moth|Iron Moth|100/100
|-damage|p2a: Iron Moth|76/100|[from] Stealth Rock
|-enditem|p2a: Iron Moth|Booster Energy
|-activate|p2a: Iron Moth|ability: Quark Drive|[fromitem]
|-start|p2a: Iron Moth|quarkdrivespa
|turn|13
|
|t:|1769341517
|move|p2a: Iron Moth|Fiery Dance|p1a: Felicia
|-damage|p1a: Felicia|0 fnt
|-boost|p2a: Iron Moth|spa|1
|faint|p1a: Felicia
|
|upkeep
|
|t:|1769341524
|switch|p1a: Ursa Major Threat|Ursaluna, F|100/100
|turn|14
|
|t:|1769341526
|move|p2a: Iron Moth|Fiery Dance|p1a: Ursa Major Threat
|-damage|p1a: Ursa Major Threat|43/100
|-boost|p2a: Iron Moth|spa|1
|move|p1a: Ursa Major Threat|High Horsepower|p2a: Iron Moth
|-supereffective|p2a: Iron Moth
|-damage|p2a: Iron Moth|0 fnt
|faint|p2a: Iron Moth
|-end|p2a: Iron Moth|Quark Drive|[silent]
|
|-heal|p1a: Ursa Major Threat|49/100|[from] item: Leftovers
|upkeep
|
|t:|1769341529
|switch|p2a: Iron Hands|Iron Hands, shiny|100/100
|-damage|p2a: Iron Hands|94/100|[from] Stealth Rock
|-enditem|p2a: Iron Hands|Booster Energy
|-activate|p2a: Iron Hands|ability: Quark Drive|[fromitem]
|-start|p2a: Iron Hands|quarkdriveatk
|turn|15
|
|t:|1769341532
|move|p1a: Ursa Major Threat|High Horsepower|p2a: Iron Hands
|-supereffective|p2a: Iron Hands
|-damage|p2a: Iron Hands|47/100
|move|p2a: Iron Hands|Drain Punch|p1a: Ursa Major Threat
|-supereffective|p1a: Ursa Major Threat
|-damage|p1a: Ursa Major Threat|0 fnt
|-heal|p2a: Iron Hands|70/100|[from] drain|[of] p1a: Ursa Major Threat
|faint|p1a: Ursa Major Threat
|
|upkeep
|
|t:|1769341536
|switch|p1a: Asian Kurama|Ninetales-Alola, F|100/100
|-weather|Snowscape|[from] ability: Snow Warning|[of] p1a: Asian Kurama
|turn|16
|
|t:|1769341544
|-end|p2a: Iron Hands|Quark Drive|[silent]
|switch|p2a: Glimmora|Glimmora, M, shiny|100/100
|-damage|p2a: Glimmora|88/100|[from] Stealth Rock
|move|p1a: Asian Kurama|Aurora Veil|p1a: Asian Kurama
|-sidestart|p1: SlowdogChillionare|move: Aurora Veil
|
|-weather|Snowscape|[upkeep]
|upkeep
|turn|17
|
|t:|1769341553
|switch|p1a: Red Rocket|Zamazenta|100/100
|-ability|p1a: Red Rocket|Dauntless Shield|boost
|-boost|p1a: Red Rocket|def|1
|move|p2a: Glimmora|Mortal Spin|p1a: Red Rocket
|-damage|p1a: Red Rocket|99/100
|-status|p1a: Red Rocket|psn
|-sideend|p2: LunaBlast|Stealth Rock|[from] move: Mortal Spin|[of] p2a: Glimmora
|
|-weather|Snowscape|[upkeep]
|-heal|p1a: Red Rocket|100/100 psn|[from] item: Leftovers
|-damage|p1a: Red Rocket|88/100 psn|[from] psn
|upkeep
|turn|18
|j| PQPP215
|
|t:|1769341559
|move|p1a: Red Rocket|Iron Defense|p1a: Red Rocket
|-boost|p1a: Red Rocket|def|2
|move|p2a: Glimmora|Dazzling Gleam|p1a: Red Rocket
|-supereffective|p1a: Red Rocket
|-damage|p1a: Red Rocket|66/100 psn
|
|-weather|Snowscape|[upkeep]
|-heal|p1a: Red Rocket|72/100 psn|[from] item: Leftovers
|-damage|p1a: Red Rocket|60/100 psn|[from] psn
|upkeep
|turn|19
|
|t:|1769341563
|-terastallize|p2a: Glimmora|Ghost
|move|p1a: Red Rocket|Body Press|p2a: Glimmora
|-immune|p2a: Glimmora
|move|p2a: Glimmora|Dazzling Gleam|p1a: Red Rocket
|-supereffective|p1a: Red Rocket
|-damage|p1a: Red Rocket|37/100 psn
|
|-weather|Snowscape|[upkeep]
|-heal|p1a: Red Rocket|43/100 psn|[from] item: Leftovers
|-damage|p1a: Red Rocket|30/100 psn|[from] psn
|upkeep
|turn|20
|
|t:|1769341575
|switch|p2a: Iron Hands|Iron Hands, shiny|70/100
|move|p1a: Red Rocket|Crunch|p2a: Iron Hands
|-resisted|p2a: Iron Hands
|-damage|p2a: Iron Hands|64/100
|
|-weather|none
|-heal|p1a: Red Rocket|37/100 psn|[from] item: Leftovers
|-damage|p1a: Red Rocket|24/100 psn|[from] psn
|upkeep
|turn|21
|
|t:|1769341580
|-end|p2a: Iron Hands|Quark Drive|[silent]
|switch|p2a: Glimmora|Glimmora, M, shiny, tera:Ghost|88/100
|move|p1a: Red Rocket|Crunch|p2a: Glimmora
|-supereffective|p2a: Glimmora
|-damage|p2a: Glimmora|35/100
|-activate|p2a: Glimmora|ability: Toxic Debris
|-sidestart|p1: SlowdogChillionare|move: Toxic Spikes
|
|-heal|p1a: Red Rocket|30/100 psn|[from] item: Leftovers
|-damage|p1a: Red Rocket|18/100 psn|[from] psn
|upkeep
|turn|22
|
|t:|1769341590
|switch|p2a: Iron Hands|Iron Hands, shiny|64/100
|move|p1a: Red Rocket|Crunch|p2a: Iron Hands
|-resisted|p2a: Iron Hands
|-damage|p2a: Iron Hands|59/100
|
|-heal|p1a: Red Rocket|24/100 psn|[from] item: Leftovers
|-damage|p1a: Red Rocket|12/100 psn|[from] psn
|upkeep
|turn|23
|
|t:|1769341597
|-end|p2a: Iron Hands|Quark Drive|[silent]
|switch|p2a: Glimmora|Glimmora, M, shiny, tera:Ghost|35/100
|move|p1a: Red Rocket|Body Press|p2a: Glimmora
|-immune|p2a: Glimmora
|
|-heal|p1a: Red Rocket|18/100 psn|[from] item: Leftovers
|-damage|p1a: Red Rocket|6/100 psn|[from] psn
|-sideend|p1: SlowdogChillionare|move: Aurora Veil
|upkeep
|turn|24
|j| Samurajen
|
|t:|1769341608
|move|p1a: Red Rocket|Body Press|p2a: Glimmora
|-immune|p2a: Glimmora
|move|p2a: Glimmora|Earth Power|p1a: Red Rocket
|-damage|p1a: Red Rocket|0 fnt
|faint|p1a: Red Rocket
|
|upkeep
|
|t:|1769341610
|switch|p1a: Asian Kurama|Ninetales-Alola, F|100/100
|-status|p1a: Asian Kurama|psn
|-weather|Snowscape|[from] ability: Snow Warning|[of] p1a: Asian Kurama
|turn|25
|
|t:|1769341613
|move|p1a: Asian Kurama|Freeze-Dry|p2a: Glimmora
|-damage|p2a: Glimmora|9/100
|move|p2a: Glimmora|Meteor Beam||[still]
|-prepare|p2a: Glimmora|Meteor Beam
|-boost|p2a: Glimmora|spa|1
|-enditem|p2a: Glimmora|Power Herb
|-anim|p2a: Glimmora|Meteor Beam|p1a: Asian Kurama
|-supereffective|p1a: Asian Kurama
|-damage|p1a: Asian Kurama|0 fnt
|faint|p1a: Asian Kurama
|
|-weather|Snowscape|[upkeep]
|upkeep
|
|t:|1769341617
|switch|p1a: GREEN FN|Rillaboom, F|100/100
|-status|p1a: GREEN FN|psn
|-fieldstart|move: Grassy Terrain|[from] ability: Grassy Surge|[of] p1a: GREEN FN
|turn|26
|
|t:|1769341621
|-terastallize|p1a: GREEN FN|Grass
|move|p1a: GREEN FN|Grassy Glide|p2a: Glimmora
|-crit|p2a: Glimmora
|-damage|p2a: Glimmora|0 fnt
|-activate|p2a: Glimmora|ability: Toxic Debris
|-sidestart|p1: SlowdogChillionare|move: Toxic Spikes
|faint|p2a: Glimmora
|
|-weather|Snowscape|[upkeep]
|-damage|p1a: GREEN FN|88/100 psn|[from] psn
|upkeep
|
|t:|1769341623
|switch|p2a: Iron Hands|Iron Hands, shiny|59/100
|turn|27
|
|t:|1769341627
|move|p1a: GREEN FN|Grassy Glide|p2a: Iron Hands
|-damage|p2a: Iron Hands|30/100
|move|p2a: Iron Hands|Drain Punch|p1a: GREEN FN
|-damage|p1a: GREEN FN|48/100 psn
|-heal|p2a: Iron Hands|46/100|[from] drain|[of] p1a: GREEN FN
|
|-weather|Snowscape|[upkeep]
|-heal|p1a: GREEN FN|54/100 psn|[from] Grassy Terrain
|-heal|p2a: Iron Hands|53/100|[from] Grassy Terrain
|-damage|p1a: GREEN FN|42/100 psn|[from] psn
|upkeep
|turn|28
|
|t:|1769341632
|move|p1a: GREEN FN|Grassy Glide|p2a: Iron Hands
|-damage|p2a: Iron Hands|20/100
|move|p2a: Iron Hands|Drain Punch|p1a: GREEN FN
|-damage|p1a: GREEN FN|0 fnt
|-heal|p2a: Iron Hands|37/100|[from] drain|[of] p1a: GREEN FN
|faint|p1a: GREEN FN
|
|win|LunaBlast
|raw|SlowdogChillionare's rating: 1695 &rarr; <strong>1670</strong><br />(-25 for losing)
|raw|LunaBlast's rating: 1604 &rarr; <strong>1629</strong><br />(+25 for winning)
|l|☆SlowdogChillionare
|player|p1|
|l|☆LunaBlast
|player|p2|
