|j|☆macrocytic
|j|☆bvbg
|t:|1769414139
|gametype|singles
|player|p1|macrocytic|swimmerf-gen4dp|1574
|player|p2|bvbg|1|1523
|gen|9
|tier|[Gen 9] OU
|rated|
|rule|HP Percentage Mod: HP is shown in percentages
|rule|Endless Battle Clause: Forcing endless battles is banned
|rule|Species Clause: Limit one of each Pokémon
|rule|OHKO Clause: OHKO moves are banned
|rule|Evasion Items Clause: Evasion items are banned
|rule|Evasion Moves Clause: Evasion moves are banned
|rule|Evasion Abilities Clause: Evasion abilities are banned
|rule|Sleep Moves Clause: Sleep-inducing moves are banned
|clearpoke
|poke|p1|Kingambit, F|
|poke|p1|Dragonite, F|
|poke|p1|Ogerpon-Wellspring, F|
|poke|p1|Gholdengo|
|poke|p1|Great Tusk|
|poke|p1|Iron Valiant|
|poke|p2|Landorus-Therian, M|
|poke|p2|Enamorus, F|
|poke|p2|Ogerpon-Wellspring, F|
|poke|p2|Scizor, F|
|poke|p2|Okidogi, M|
|poke|p2|Armarouge, M|
|teampreview
|inactive|Battle timer is ON: inactive players will automatically lose when time's up. (requested by macrocytic)
|inactive|bvbg also wants the timer to be on.
|
|t:|1769414149
|teamsize|p1|6
|teamsize|p2|6
|start
|switch|p1a: Tatsumi|Great Tusk|100/100
|switch|p2a: Landorus|Landorus-Therian, M|100/100
|-ability|p2a: Landorus|Intimidate|boost
|-unboost|p1a: Tatsumi|atk|1
|turn|1
|
|t:|1769414156
|move|p2a: Landorus|Earthquake|p1a: Tatsumi
|-damage|p1a: Tatsumi|56/100
|move|p1a: Tatsumi|Stealth Rock|p2a: Landorus
|-sidestart|p2: bvbg|move: Stealth Rock
|
|upkeep
|turn|2
|
|t:|1769414162
|move|p2a: Landorus|U-turn|p1a: Tatsumi
|-resisted|p1a: Tatsumi
|-damage|p1a: Tatsumi|46/100
|
|t:|1769414166
|switch|p2a: Ogerpon|Ogerpon-Wellspring, F|100/100|[from] U-turn
|-damage|p2a: Ogerpon|88/100|[from] Stealth Rock
|move|p1a: Tatsumi|Rapid Spin|p2a: Ogerpon
|-damage|p2a: Ogerpon|72/100
|-boost|p1a: Tatsumi|spe|1
|
|upkeep
|turn|3
|
|t:|1769414173
|move|p1a: Tatsumi|Close Combat|p2a: Ogerpon
|-damage|p2a: Ogerpon|14/100
|-unboost|p1a: Tatsumi|def|1
|-unboost|p1a: Tatsumi|spd|1
|move|p2a: Ogerpon|Ivy Cudgel|p1a: Tatsumi|[anim] Ivy Cudgel Water
|-supereffective|p1a: Tatsumi
|-damage|p1a: Tatsumi|0 fnt
|faint|p1a: Tatsumi
|-end|p1a: Tatsumi|Protosynthesis|[silent]
|
|upkeep
|
|t:|1769414179
|switch|p1a: Yotsuba Nakano|Dragonite, F|100/100
|turn|4
|
|t:|1769414183
|switch|p2a: Landorus|Landorus-Therian, M|100/100
|-damage|p2a: Landorus|88/100|[from] Stealth Rock
|-ability|p2a: Landorus|Intimidate|boost
|-unboost|p1a: Yotsuba Nakano|atk|1
|move|p1a: Yotsuba Nakano|Extreme Speed|p2a: Landorus
|-damage|p2a: Landorus|65/100
|-damage|p1a: Yotsuba Nakano|84/100|[from] item: Rocky Helmet|[of] p2a: Landorus
|
|upkeep
|turn|5
|
|t:|1769414189
|move|p2a: Landorus|Stone Edge|p1a: Yotsuba Nakano
|-supereffective|p1a: Yotsuba Nakano
|-damage|p1a: Yotsuba Nakano|3/100
|move|p1a: Yotsuba Nakano|Ice Spinner|p2a: Landorus
|-supereffective|p2a: Landorus
|-damage|p2a: Landorus|0 fnt
|-damage|p1a: Yotsuba Nakano|0 fnt|[from] item: Rocky Helmet|[of] p2a: Landorus
|faint|p2a: Landorus
|faint|p1a: Yotsuba Nakano
|
|upkeep
|
|t:|1769414206
|switch|p2a: Scizor|Scizor, F|100/100
|switch|p1a: Lubbock|Gholdengo|100/100
|-damage|p2a: Scizor|88/100|[from] Stealth Rock
|turn|6
|
|t:|1769414211
|move|p1a: Lubbock|Trick|p2a: Scizor
|-activate|p1a: Lubbock|move: Trick|[of] p2a: Scizor
|-item|p2a: Scizor|Choice Scarf|[from] move: Trick
|-item|p1a: Lubbock|Sitrus Berry|[from] move: Trick
|move|p2a: Scizor|Knock Off|p1a: Lubbock
|-supereffective|p1a: Lubbock
|-damage|p1a: Lubbock|19/100
|-enditem|p1a: Lubbock|Sitrus Berry|[from] move: Knock Off|[of] p2a: Scizor
|
|upkeep
|turn|7
|c|☆macrocytic|sad
|c|☆macrocytic|i don't even get to eat the berry
|
|t:|1769414225
|move|p1a: Lubbock|Shadow Ball|p2a: Scizor
|-damage|p2a: Scizor|39/100
|move|p2a: Scizor|Knock Off|p1a: Lubbock
|-supereffective|p1a: Lubbock
|-damage|p1a: Lubbock|0 fnt
|faint|p1a: Lubbock
|
|upkeep
|
|t:|1769414244
|switch|p1a: Akame|Iron Valiant|100/100
|-enditem|p1a: Akame|Booster Energy
|-activate|p1a: Akame|ability: Quark Drive|[fromitem]
|-start|p1a: Akame|quarkdrivespe
|turn|8
|
|t:|1769414250
|switch|p2a: Okidogi|Okidogi, M|100/100
|-damage|p2a: Okidogi|94/100|[from] Stealth Rock
|move|p1a: Akame|Calm Mind|p1a: Akame
|-boost|p1a: Akame|spa|1
|-boost|p1a: Akame|spd|1
|
|upkeep
|turn|9
|
|t:|1769414257
|move|p1a: Akame|Moonblast|p2a: Okidogi
|-damage|p2a: Okidogi|47/100
|move|p2a: Okidogi|Gunk Shot|p1a: Akame
|-supereffective|p1a: Akame
|-damage|p1a: Akame|0 fnt
|faint|p1a: Akame
|-end|p1a: Akame|Quark Drive|[silent]
|
|upkeep
|
|t:|1769414260
|switch|p1a: Miku Nakano|Ogerpon-Wellspring, F|100/100
|turn|10
|
|t:|1769414265
|move|p1a: Miku Nakano|Ivy Cudgel|p2a: Okidogi|[anim] Ivy Cudgel Water
|-damage|p2a: Okidogi|0 fnt
|faint|p2a: Okidogi
|
|upkeep
|
|t:|1769414286
|switch|p2a: Ogerpon|Ogerpon-Wellspring, F|14/100
|-damage|p2a: Ogerpon|2/100|[from] Stealth Rock
|turn|11
|
|t:|1769414289
|move|p1a: Miku Nakano|Knock Off|p2a: Ogerpon
|-damage|p2a: Ogerpon|0 fnt
|faint|p2a: Ogerpon
|
|upkeep
|
|t:|1769414292
|switch|p2a: Armarouge|Armarouge, M|100/100
|-damage|p2a: Armarouge|76/100|[from] Stealth Rock
|turn|12
|
|t:|1769414298
|move|p2a: Armarouge|Endure|p2a: Armarouge
|-singleturn|p2a: Armarouge|move: Endure
|move|p1a: Miku Nakano|Ivy Cudgel|p2a: Armarouge|[anim] Ivy Cudgel Water
|-supereffective|p2a: Armarouge
|-activate|p2a: Armarouge|move: Endure
|-damage|p2a: Armarouge|1/100
|-ability|p2a: Armarouge|Weak Armor|boost
|-unboost|p2a: Armarouge|def|1
|-boost|p2a: Armarouge|spe|2
|-enditem|p2a: Armarouge|Weakness Policy
|-boost|p2a: Armarouge|atk|2|[from] item: Weakness Policy
|-boost|p2a: Armarouge|spa|2|[from] item: Weakness Policy
|
|upkeep
|turn|13
|
|t:|1769414303
|move|p2a: Armarouge|Stored Power|p1a: Miku Nakano
|-damage|p1a: Miku Nakano|0 fnt
|faint|p1a: Miku Nakano
|
|upkeep
|
|t:|1769414305
|switch|p1a: Kirino Kousaka|Kingambit, F|100/100
|-activate|p1a: Kirino Kousaka|ability: Supreme Overlord
|-start|p1a: Kirino Kousaka|fallen5|[silent]
|turn|14
|
|t:|1769414309
|move|p2a: Armarouge|Endure|p2a: Armarouge
|-singleturn|p2a: Armarouge|move: Endure
|move|p1a: Kirino Kousaka|Sucker Punch||[still]
|-fail|p1a: Kirino Kousaka
|
|upkeep
|turn|15
|
|t:|1769414314
|move|p1a: Kirino Kousaka|Sucker Punch||[still]
|-fail|p1a: Kirino Kousaka
|move|p2a: Armarouge|Psychic Terrain|p2a: Armarouge
|-fieldstart|move: Psychic Terrain
|
|upkeep
|turn|16
|c|☆macrocytic|holy shit lmao
|
|t:|1769414331
|-terastallize|p1a: Kirino Kousaka|Flying
|move|p2a: Armarouge|Endure|p2a: Armarouge
|-singleturn|p2a: Armarouge|move: Endure
|move|p1a: Kirino Kousaka|Kowtow Cleave|p2a: Armarouge
|-supereffective|p2a: Armarouge
|-activate|p2a: Armarouge|move: Endure
|-damage|p2a: Armarouge|1/100
|-ability|p2a: Armarouge|Weak Armor|boost
|-unboost|p2a: Armarouge|def|1
|-boost|p2a: Armarouge|spe|2
|
|upkeep
|turn|17
|
|t:|1769414339
|move|p2a: Armarouge|Stored Power|p1a: Kirino Kousaka
|-damage|p1a: Kirino Kousaka|0 fnt
|faint|p1a: Kirino Kousaka
|-end|p1a: Kirino Kousaka|fallen5|[silent]
|
|win|bvbg
|raw|macrocytic's rating: 1574 &rarr; <strong>1551</strong><br />(-23 for losing)
|raw|bvbg's rating: 1523 &rarr; <strong>1546</strong><br />(+23 for winning)
|l|☆macrocytic
|player|p1|
|l|☆bvbg
|player|p2|
