|j|☆xdye
|j|☆ridlostar
|t:|1769293163
|gametype|singles
|player|p1|xdye|iris-gen5bw2|1650
|player|p2|ridlostar|hilbert|1748
|gen|9
|tier|[Gen 9] OU
|rated|
|rule|HP Percentage Mod: HP is shown in percentages
|rule|Endless Battle Clause: Forcing endless battles is banned
|rule|Species Clause: Limit one of each Pokémon
|rule|OHKO Clause: OHKO moves are banned
|rule|Evasion Items Clause: Evasion items are banned
|rule|Evasion Moves Clause: Evasion moves are banned
|rule|Evasion Abilities Clause: Evasion abilities are banned
|rule|Sleep Moves Clause: Sleep-inducing moves are banned
|clearpoke
|poke|p1|Kyurem|
|poke|p1|Heatran, M|
|poke|p1|Hatterene, F|
|poke|p1|Dragonite, F|
|poke|p1|Great Tusk|
|poke|p1|Rillaboom, M|
|poke|p2|Toedscruel, M|
|poke|p2|Darkrai|
|poke|p2|Cresselia, F|
|poke|p2|Clodsire, M|
|poke|p2|Dragonite, M|
|poke|p2|Alomomola, F|
|teampreview
|j| FaronAan
|c|☆xdye|hf
|c|☆ridlostar|u2
|
|t:|1769293188
|teamsize|p1|6
|teamsize|p2|6
|start
|switch|p1a: Heatran|Heatran, M|100/100
|switch|p2a: Keanu Reeves|Darkrai|100/100
|-item|p1a: Heatran|Air Balloon
|turn|1
|
|t:|1769293194
|switch|p1a: Rillaboom|Rillaboom, M|100/100
|-fieldstart|move: Grassy Terrain|[from] ability: Grassy Surge|[of] p1a: Rillaboom
|move|p2a: Keanu Reeves|Knock Off|p1a: Rillaboom
|-damage|p1a: Rillaboom|61/100
|-enditem|p1a: Rillaboom|Assault Vest|[from] move: Knock Off|[of] p2a: Keanu Reeves
|
|-heal|p1a: Rillaboom|68/100|[from] Grassy Terrain
|upkeep
|turn|2
|
|t:|1769293202
|move|p1a: Rillaboom|Grassy Glide|p2a: Keanu Reeves
|-damage|p2a: Keanu Reeves|38/100
|move|p2a: Keanu Reeves|Will-O-Wisp|p1a: Rillaboom
|-status|p1a: Rillaboom|brn
|
|-heal|p2a: Keanu Reeves|44/100|[from] Grassy Terrain
|-heal|p1a: Rillaboom|74/100 brn|[from] Grassy Terrain
|-damage|p1a: Rillaboom|68/100 brn|[from] brn
|upkeep
|turn|3
|
|t:|1769293235
|switch|p2a: him|Dragonite, M|100/100
|move|p1a: Rillaboom|Wood Hammer|p2a: him
|-resisted|p2a: him
|-damage|p2a: him|95/100
|-damage|p1a: Rillaboom|66/100 brn|[from] Recoil
|
|-heal|p2a: him|100/100|[from] item: Leftovers
|-heal|p1a: Rillaboom|72/100 brn|[from] Grassy Terrain
|-damage|p1a: Rillaboom|66/100 brn|[from] brn
|upkeep
|turn|4
|
|t:|1769293240
|move|p2a: him|Dragon Dance|p2a: him
|-boost|p2a: him|atk|1
|-boost|p2a: him|spe|1
|move|p1a: Rillaboom|U-turn|p2a: him
|-resisted|p2a: him
|-damage|p2a: him|97/100
|
|t:|1769293250
|switch|p1a: Hatterene|Hatterene, F|100/100|[from] U-turn
|
|-heal|p2a: him|100/100|[from] item: Leftovers
|upkeep
|turn|5
|
|t:|1769293257
|switch|p2a: Squidward?|Toedscruel, M|100/100
|move|p1a: Hatterene|Calm Mind|p1a: Hatterene
|-boost|p1a: Hatterene|spa|1
|-boost|p1a: Hatterene|spd|1
|
|-fieldend|move: Grassy Terrain
|upkeep
|turn|6
|
|t:|1769293264
|switch|p1a: Rillaboom|Rillaboom, M|66/100 brn
|-fieldstart|move: Grassy Terrain|[from] ability: Grassy Surge|[of] p1a: Rillaboom
|move|p2a: Squidward?|Toxic||[still]
|-fail|p2a: Squidward?
|
|-heal|p1a: Rillaboom|72/100 brn|[from] Grassy Terrain
|-damage|p1a: Rillaboom|66/100 brn|[from] brn
|upkeep
|turn|7
|
|t:|1769293269
|switch|p2a: him|Dragonite, M|100/100
|move|p1a: Rillaboom|Knock Off|p2a: him
|-damage|p2a: him|91/100
|-enditem|p2a: him|Leftovers|[from] move: Knock Off|[of] p1a: Rillaboom
|
|-heal|p1a: Rillaboom|72/100 brn|[from] Grassy Terrain
|-damage|p1a: Rillaboom|66/100 brn|[from] brn
|upkeep
|turn|8
|
|t:|1769293276
|move|p2a: him|Dragon Dance|p2a: him
|-boost|p2a: him|atk|1
|-boost|p2a: him|spe|1
|move|p1a: Rillaboom|U-turn|p2a: him
|-resisted|p2a: him
|-damage|p2a: him|85/100
|
|t:|1769293279
|switch|p1a: Kyurem|Kyurem|100/100|[from] U-turn
|-ability|p1a: Kyurem|Pressure
|
|upkeep
|turn|9
|
|t:|1769293286
|move|p2a: him|Outrage|p1a: Kyurem
|-supereffective|p1a: Kyurem
|-damage|p1a: Kyurem|0 fnt
|faint|p1a: Kyurem
|
|upkeep
|
|t:|1769293290
|switch|p1a: Hatterene|Hatterene, F|100/100
|turn|10
|
|t:|1769293298
|move|p2a: him|Outrage|p1a: Hatterene|[from] lockedmove
|-immune|p1a: Hatterene
|-start|p2a: him|confusion|[fatigue]
|move|p1a: Hatterene|Draining Kiss|p2a: him
|-supereffective|p2a: him
|-damage|p2a: him|42/100
|
|-fieldend|move: Grassy Terrain
|upkeep
|turn|11
|
|t:|1769293304
|switch|p2a: Squidward?|Toedscruel, M|100/100
|move|p1a: Hatterene|Psychic Noise|p2a: Squidward?
|-damage|p2a: Squidward?|71/100
|-start|p2a: Squidward?|move: Heal Block
|
|upkeep
|turn|12
|
|t:|1769293309
|switch|p1a: Rillaboom|Rillaboom, M|66/100 brn
|-fieldstart|move: Grassy Terrain|[from] ability: Grassy Surge|[of] p1a: Rillaboom
|move|p2a: Squidward?|Toxic||[still]
|-fail|p2a: Squidward?
|
|-heal|p1a: Rillaboom|72/100 brn|[from] Grassy Terrain
|-damage|p1a: Rillaboom|66/100 brn|[from] brn
|-end|p2a: Squidward?|move: Heal Block
|upkeep
|turn|13
|
|t:|1769293318
|move|p2a: Squidward?|Giga Drain|p1a: Rillaboom
|-resisted|p1a: Rillaboom
|-damage|p1a: Rillaboom|41/100 brn
|-heal|p2a: Squidward?|86/100|[from] drain|[of] p1a: Rillaboom
|move|p1a: Rillaboom|U-turn|p2a: Squidward?
|-supereffective|p2a: Squidward?
|-damage|p2a: Squidward?|48/100
|
|t:|1769293328
|switch|p1a: Heatran|Heatran, M|100/100|[from] U-turn
|-item|p1a: Heatran|Air Balloon
|
|-heal|p2a: Squidward?|54/100|[from] Grassy Terrain
|upkeep
|turn|14
|
|t:|1769293334
|switch|p2a: Fair and Balanced|Alomomola, F|100/100
|move|p1a: Heatran|Magma Storm|p2a: Fair and Balanced
|-resisted|p2a: Fair and Balanced
|-damage|p2a: Fair and Balanced|80/100
|-activate|p2a: Fair and Balanced|move: Magma Storm|[of] p1a: Heatran
|
|-heal|p2a: Fair and Balanced|86/100|[from] Grassy Terrain
|-damage|p2a: Fair and Balanced|74/100|[from] move: Magma Storm|[partiallytrapped]
|upkeep
|turn|15
|
|t:|1769293341
|switch|p1a: Rillaboom|Rillaboom, M|41/100 brn
|move|p2a: Fair and Balanced|Flip Turn|p1a: Rillaboom
|-resisted|p1a: Rillaboom
|-damage|p1a: Rillaboom|33/100 brn
|
|t:|1769293345
|switch|p2a: him|Dragonite, M|42/100|[from] Flip Turn
|
|-heal|p1a: Rillaboom|39/100 brn|[from] Grassy Terrain
|-damage|p1a: Rillaboom|33/100 brn|[from] brn
|upkeep
|turn|16
|
|t:|1769293351
|move|p2a: him|Roost|p2a: him
|-heal|p2a: him|92/100
|-singleturn|p2a: him|move: Roost
|move|p1a: Rillaboom|U-turn|p2a: him
|-damage|p2a: him|77/100
|
|t:|1769293354
|switch|p1a: Hatterene|Hatterene, F|100/100|[from] U-turn
|
|-heal|p2a: him|83/100|[from] Grassy Terrain
|-fieldend|move: Grassy Terrain
|upkeep
|turn|17
|
|t:|1769293365
|switch|p2a: Squidward?|Toedscruel, M|54/100
|move|p1a: Hatterene|Psychic Noise|p2a: Squidward?
|-damage|p2a: Squidward?|24/100
|-start|p2a: Squidward?|move: Heal Block
|
|upkeep
|turn|18
|
|t:|1769293376
|switch|p2a: Fair and Balanced|Alomomola, F|100/100
|move|p1a: Hatterene|Mystical Fire|p2a: Fair and Balanced
|-resisted|p2a: Fair and Balanced
|-damage|p2a: Fair and Balanced|92/100
|-unboost|p2a: Fair and Balanced|spa|1
|
|upkeep
|turn|19
|
|t:|1769293379
|move|p2a: Fair and Balanced|Wish|p2a: Fair and Balanced
|move|p1a: Hatterene|Calm Mind|p1a: Hatterene
|-boost|p1a: Hatterene|spa|1
|-boost|p1a: Hatterene|spd|1
|
|upkeep
|turn|20
|
|t:|1769293390
|move|p2a: Fair and Balanced|Flip Turn|p1a: Hatterene
|-damage|p1a: Hatterene|88/100
|
|t:|1769293395
|switch|p2a: Keanu Reeves|Darkrai|44/100|[from] Flip Turn
|move|p1a: Hatterene|Psychic Noise|p2a: Keanu Reeves
|-immune|p2a: Keanu Reeves
|
|-heal|p2a: Keanu Reeves|100/100|[from] move: Wish|[wisher] Fair and Balanced
|-heal|p1a: Hatterene|94/100|[from] item: Leftovers
|upkeep
|turn|21
|
|t:|1769293401
|move|p2a: Keanu Reeves|Knock Off|p1a: Hatterene
|-damage|p1a: Hatterene|61/100
|-enditem|p1a: Hatterene|Leftovers|[from] move: Knock Off|[of] p2a: Keanu Reeves
|move|p1a: Hatterene|Draining Kiss|p2a: Keanu Reeves
|-supereffective|p2a: Keanu Reeves
|-damage|p2a: Keanu Reeves|17/100
|-heal|p1a: Hatterene|100/100|[from] drain|[of] p2a: Keanu Reeves
|
|upkeep
|turn|22
|j| just-jaype
|
|t:|1769293414
|switch|p2a: why|Cresselia, F, shiny|100/100
|move|p1a: Hatterene|Calm Mind|p1a: Hatterene
|-boost|p1a: Hatterene|spa|1
|-boost|p1a: Hatterene|spd|1
|
|upkeep
|turn|23
|
|t:|1769293420
|move|p2a: why|Calm Mind|p2a: why
|-boost|p2a: why|spa|1
|-boost|p2a: why|spd|1
|move|p1a: Hatterene|Draining Kiss|p2a: why
|-damage|p2a: why|81/100
|
|-heal|p2a: why|87/100|[from] item: Leftovers
|upkeep
|turn|24
|
|t:|1769293424
|switch|p1a: Heatran|Heatran, M|100/100
|-item|p1a: Heatran|Air Balloon
|move|p2a: why|Calm Mind|p2a: why
|-boost|p2a: why|spa|1
|-boost|p2a: why|spd|1
|
|-heal|p2a: why|94/100|[from] item: Leftovers
|upkeep
|turn|25
|
|t:|1769293428
|switch|p2a: Fair and Balanced|Alomomola, F|100/100
|move|p1a: Heatran|Magma Storm|p2a: Fair and Balanced|[miss]
|-miss|p1a: Heatran|p2a: Fair and Balanced
|
|upkeep
|turn|26
|
|t:|1769293437
|switch|p1a: Rillaboom|Rillaboom, M|33/100 brn
|-fieldstart|move: Grassy Terrain|[from] ability: Grassy Surge|[of] p1a: Rillaboom
|move|p2a: Fair and Balanced|Wish|p2a: Fair and Balanced
|
|-heal|p1a: Rillaboom|39/100 brn|[from] Grassy Terrain
|-damage|p1a: Rillaboom|33/100 brn|[from] brn
|upkeep
|turn|27
|
|t:|1769293445
|move|p1a: Rillaboom|Knock Off|p2a: Fair and Balanced
|-damage|p2a: Fair and Balanced|86/100
|-enditem|p2a: Fair and Balanced|Heavy-Duty Boots|[from] move: Knock Off|[of] p1a: Rillaboom
|move|p2a: Fair and Balanced|Flip Turn|p1a: Rillaboom
|-resisted|p1a: Rillaboom
|-damage|p1a: Rillaboom|24/100 brn
|
|t:|1769293452
|switch|p2a: Squidward?|Toedscruel, M|24/100|[from] Flip Turn
|
|-heal|p2a: Squidward?|100/100|[from] move: Wish|[wisher] Fair and Balanced
|-heal|p1a: Rillaboom|31/100 brn|[from] Grassy Terrain
|-damage|p1a: Rillaboom|24/100 brn|[from] brn
|upkeep
|turn|28
|
|t:|1769293464
|move|p1a: Rillaboom|U-turn|p2a: Squidward?
|-supereffective|p2a: Squidward?
|-damage|p2a: Squidward?|62/100
|
|t:|1769293467
|switch|p1a: Heatran|Heatran, M|100/100|[from] U-turn
|-item|p1a: Heatran|Air Balloon
|move|p2a: Squidward?|Toxic|p1a: Heatran
|-immune|p1a: Heatran
|
|-heal|p2a: Squidward?|68/100|[from] Grassy Terrain
|upkeep
|turn|29
|
|t:|1769293480
|move|p2a: Squidward?|Giga Drain|p1a: Heatran
|-resisted|p1a: Heatran
|-damage|p1a: Heatran|90/100
|-heal|p2a: Squidward?|73/100|[from] drain|[of] p1a: Heatran
|-enditem|p1a: Heatran|Air Balloon
|move|p1a: Heatran|Stealth Rock|p2a: Squidward?
|-sidestart|p2: ridlostar|move: Stealth Rock
|
|-heal|p2a: Squidward?|79/100|[from] Grassy Terrain
|-heal|p1a: Heatran|96/100|[from] Grassy Terrain
|upkeep
|turn|30
|
|t:|1769293498
|switch|p2a: Fair and Balanced|Alomomola, F|100/100
|-damage|p2a: Fair and Balanced|88/100|[from] Stealth Rock
|switch|p1a: Rillaboom|Rillaboom, M|24/100 brn
|
|-heal|p1a: Rillaboom|31/100 brn|[from] Grassy Terrain
|-heal|p2a: Fair and Balanced|94/100|[from] Grassy Terrain
|-damage|p1a: Rillaboom|24/100 brn|[from] brn
|-fieldend|move: Grassy Terrain
|upkeep
|turn|31
|
|t:|1769293505
|move|p1a: Rillaboom|U-turn|p2a: Fair and Balanced
|-damage|p2a: Fair and Balanced|85/100
|
|t:|1769293507
|switch|p1a: Hatterene|Hatterene, F|100/100|[from] U-turn
|move|p2a: Fair and Balanced|Flip Turn|p1a: Hatterene
|-damage|p1a: Hatterene|86/100
|
|t:|1769293512
|switch|p2a: Squidward?|Toedscruel, M|79/100|[from] Flip Turn
|
|upkeep
|turn|32
|
|t:|1769293518
|move|p2a: Squidward?|Rapid Spin|p1a: Hatterene
|-damage|p1a: Hatterene|80/100
|-boost|p2a: Squidward?|spe|1
|-sideend|p2: ridlostar|Stealth Rock|[from] move: Rapid Spin|[of] p2a: Squidward?
|move|p1a: Hatterene|Mystical Fire|p2a: Squidward?
|-supereffective|p2a: Squidward?
|-damage|p2a: Squidward?|36/100
|-unboost|p2a: Squidward?|spa|1
|
|upkeep
|turn|33
|
|t:|1769293529
|switch|p2a: Fair and Balanced|Alomomola, F|100/100
|switch|p1a: Rillaboom|Rillaboom, M|24/100 brn
|-fieldstart|move: Grassy Terrain|[from] ability: Grassy Surge|[of] p1a: Rillaboom
|
|-heal|p1a: Rillaboom|31/100 brn|[from] Grassy Terrain
|-damage|p1a: Rillaboom|24/100 brn|[from] brn
|upkeep
|turn|34
|
|t:|1769293535
|move|p1a: Rillaboom|U-turn|p2a: Fair and Balanced
|-damage|p2a: Fair and Balanced|91/100
|
|t:|1769293537
|switch|p1a: Hatterene|Hatterene, F|80/100|[from] U-turn
|move|p2a: Fair and Balanced|Wish|p2a: Fair and Balanced
|
|-heal|p2a: Fair and Balanced|97/100|[from] Grassy Terrain
|-heal|p1a: Hatterene|86/100|[from] Grassy Terrain
|upkeep
|turn|35
|
|t:|1769293546
|move|p2a: Fair and Balanced|Flip Turn|p1a: Hatterene
|-damage|p1a: Hatterene|72/100
|
|t:|1769293551
|switch|p2a: Squidward?|Toedscruel, M|36/100|[from] Flip Turn
|move|p1a: Hatterene|Calm Mind|p1a: Hatterene
|-boost|p1a: Hatterene|spa|1
|-boost|p1a: Hatterene|spd|1
|
|-heal|p2a: Squidward?|100/100|[from] move: Wish|[wisher] Fair and Balanced
|-heal|p1a: Hatterene|78/100|[from] Grassy Terrain
|upkeep
|turn|36
|
|t:|1769293564
|switch|p1a: Heatran|Heatran, M|96/100
|move|p2a: Squidward?|Toxic|p1a: Heatran
|-immune|p1a: Heatran
|
|-heal|p1a: Heatran|100/100|[from] Grassy Terrain
|upkeep
|turn|37
|
|t:|1769293575
|switch|p2a: Fair and Balanced|Alomomola, F|100/100
|switch|p1a: Rillaboom|Rillaboom, M|24/100 brn
|
|-heal|p1a: Rillaboom|31/100 brn|[from] Grassy Terrain
|-damage|p1a: Rillaboom|24/100 brn|[from] brn
|-fieldend|move: Grassy Terrain
|upkeep
|turn|38
|
|t:|1769293594
|move|p1a: Rillaboom|Wood Hammer|p2a: Fair and Balanced
|-supereffective|p2a: Fair and Balanced
|-crit|p2a: Fair and Balanced
|-damage|p2a: Fair and Balanced|29/100
|-damage|p1a: Rillaboom|0 fnt|[from] Recoil
|faint|p1a: Rillaboom
|move|p2a: Fair and Balanced|Wish|p2a: Fair and Balanced
|
|upkeep
|
|t:|1769293604
|switch|p1a: Hatterene|Hatterene, F|78/100
|turn|39
|
|t:|1769293610
|move|p2a: Fair and Balanced|Flip Turn|p1a: Hatterene
|-damage|p1a: Hatterene|65/100
|
|t:|1769293615
|switch|p2a: Squidward?|Toedscruel, M|100/100|[from] Flip Turn
|move|p1a: Hatterene|Mystical Fire|p2a: Squidward?
|-supereffective|p2a: Squidward?
|-damage|p2a: Squidward?|55/100
|-unboost|p2a: Squidward?|spa|1
|
|-heal|p2a: Squidward?|100/100|[from] move: Wish|[wisher] Fair and Balanced
|upkeep
|turn|40
|
|t:|1769293621
|switch|p1a: Heatran|Heatran, M|100/100
|move|p2a: Squidward?|Toxic|p1a: Heatran
|-immune|p1a: Heatran
|
|upkeep
|turn|41
|
|t:|1769293628
|switch|p2a: Big Man|Clodsire, M|100/100
|move|p1a: Heatran|Magma Storm|p2a: Big Man|[miss]
|-miss|p1a: Heatran|p2a: Big Man
|
|upkeep
|turn|42
|
|t:|1769293633
|switch|p1a: Great Tusk|Great Tusk|100/100
|-enditem|p1a: Great Tusk|Booster Energy
|-activate|p1a: Great Tusk|ability: Protosynthesis|[fromitem]
|-start|p1a: Great Tusk|protosynthesisspe
|move|p2a: Big Man|Earthquake|p1a: Great Tusk
|-damage|p1a: Great Tusk|82/100
|
|upkeep
|turn|43
|
|t:|1769293651
|-end|p1a: Great Tusk|Protosynthesis|[silent]
|switch|p1a: Heatran|Heatran, M|100/100
|move|p2a: Big Man|Toxic|p1a: Heatran
|-immune|p1a: Heatran
|
|upkeep
|turn|44
|
|t:|1769293659
|switch|p1a: Great Tusk|Great Tusk|82/100
|move|p2a: Big Man|Earthquake|p1a: Great Tusk
|-damage|p1a: Great Tusk|64/100
|
|upkeep
|turn|45
|
|t:|1769293661
|move|p1a: Great Tusk|Headlong Rush|p2a: Big Man
|-supereffective|p2a: Big Man
|-damage|p2a: Big Man|26/100
|-unboost|p1a: Great Tusk|def|1
|-unboost|p1a: Great Tusk|spd|1
|move|p2a: Big Man|Toxic|p1a: Great Tusk
|-status|p1a: Great Tusk|tox
|
|-heal|p2a: Big Man|33/100|[from] item: Leftovers
|-damage|p1a: Great Tusk|58/100 tox|[from] psn
|upkeep
|turn|46
|
|t:|1769293676
|-end|p1a: Great Tusk|Protosynthesis|[silent]
|switch|p1a: Hatterene|Hatterene, F|65/100
|switch|p2a: Fair and Balanced|Alomomola, F|62/100
|
|upkeep
|turn|47
|
|t:|1769293685
|move|p2a: Fair and Balanced|Flip Turn|p1a: Hatterene
|-damage|p1a: Hatterene|51/100
|
|t:|1769293690
|switch|p2a: why|Cresselia, F, shiny|94/100|[from] Flip Turn
|move|p1a: Hatterene|Draining Kiss|p2a: why
|-damage|p2a: why|79/100
|-heal|p1a: Hatterene|66/100|[from] drain|[of] p2a: why
|
|-heal|p2a: why|85/100|[from] item: Leftovers
|upkeep
|turn|48
|j| js_redstar
|
|t:|1769293693
|move|p2a: why|Calm Mind|p2a: why
|-boost|p2a: why|spa|1
|-boost|p2a: why|spd|1
|move|p1a: Hatterene|Calm Mind|p1a: Hatterene
|-boost|p1a: Hatterene|spa|1
|-boost|p1a: Hatterene|spd|1
|
|-heal|p2a: why|91/100|[from] item: Leftovers
|upkeep
|turn|49
|
|t:|1769293695
|move|p2a: why|Calm Mind|p2a: why
|-boost|p2a: why|spa|1
|-boost|p2a: why|spd|1
|move|p1a: Hatterene|Calm Mind|p1a: Hatterene
|-boost|p1a: Hatterene|spa|1
|-boost|p1a: Hatterene|spd|1
|
|-heal|p2a: why|98/100|[from] item: Leftovers
|upkeep
|turn|50
|
|t:|1769293699
|move|p2a: why|Calm Mind|p2a: why
|-boost|p2a: why|spa|1
|-boost|p2a: why|spd|1
|move|p1a: Hatterene|Calm Mind|p1a: Hatterene
|-boost|p1a: Hatterene|spa|1
|-boost|p1a: Hatterene|spd|1
|
|-heal|p2a: why|100/100|[from] item: Leftovers
|upkeep
|turn|51
|
|t:|1769293702
|move|p2a: why|Calm Mind|p2a: why
|-boost|p2a: why|spa|1
|-boost|p2a: why|spd|1
|move|p1a: Hatterene|Calm Mind|p1a: Hatterene
|-boost|p1a: Hatterene|spa|1
|-boost|p1a: Hatterene|spd|1
|
|upkeep
|turn|52
|
|t:|1769293705
|move|p2a: why|Calm Mind|p2a: why
|-boost|p2a: why|spa|1
|-boost|p2a: why|spd|1
|move|p1a: Hatterene|Calm Mind|p1a: Hatterene
|-boost|p1a: Hatterene|spa|1
|-boost|p1a: Hatterene|spd|1
|
|upkeep
|turn|53
|
|t:|1769293707
|move|p2a: why|Calm Mind|p2a: why
|-boost|p2a: why|spa|1
|-boost|p2a: why|spd|1
|move|p1a: Hatterene|Calm Mind|p1a: Hatterene
|-boost|p1a: Hatterene|spa|1
|-boost|p1a: Hatterene|spd|1
|
|upkeep
|turn|54
|
|t:|1769293712
|move|p2a: why|Stored Power|p1a: Hatterene
|-resisted|p1a: Hatterene
|-damage|p1a: Hatterene|29/100
|move|p1a: Hatterene|Draining Kiss|p2a: why
|-damage|p2a: why|86/100
|-heal|p1a: Hatterene|44/100|[from] drain|[of] p2a: why
|
|-heal|p2a: why|92/100|[from] item: Leftovers
|upkeep
|turn|55
|
|t:|1769293718
|-terastallize|p1a: Hatterene|Dark
|move|p2a: why|Stored Power|p1a: Hatterene
|-immune|p1a: Hatterene
|move|p1a: Hatterene|Draining Kiss|p2a: why
|-damage|p2a: why|77/100
|-heal|p1a: Hatterene|60/100|[from] drain|[of] p2a: why
|
|-heal|p2a: why|83/100|[from] item: Leftovers
|upkeep
|turn|56
|
|t:|1769293726
|move|p2a: why|Moonblast|p1a: Hatterene
|-supereffective|p1a: Hatterene
|-damage|p1a: Hatterene|25/100
|move|p1a: Hatterene|Draining Kiss|p2a: why
|-damage|p2a: why|69/100
|-heal|p1a: Hatterene|40/100|[from] drain|[of] p2a: why
|
|-heal|p2a: why|75/100|[from] item: Leftovers
|upkeep
|turn|57
|
|t:|1769293731
|move|p2a: why|Moonblast|p1a: Hatterene
|-supereffective|p1a: Hatterene
|-damage|p1a: Hatterene|6/100
|-unboost|p1a: Hatterene|spa|1
|move|p1a: Hatterene|Draining Kiss|p2a: why
|-damage|p2a: why|61/100
|-heal|p1a: Hatterene|20/100|[from] drain|[of] p2a: why
|
|-heal|p2a: why|67/100|[from] item: Leftovers
|upkeep
|turn|58
|
|t:|1769293738
|switch|p1a: Heatran|Heatran, M|100/100
|move|p2a: why|Moonblast|p1a: Heatran
|-resisted|p1a: Heatran
|-damage|p1a: Heatran|85/100
|
|-heal|p2a: why|73/100|[from] item: Leftovers
|upkeep
|turn|59
|
|t:|1769293743
|move|p1a: Heatran|Magma Storm|p2a: why
|-damage|p2a: why|63/100
|-activate|p2a: why|move: Magma Storm|[of] p1a: Heatran
|move|p2a: why|Stored Power|p1a: Heatran
|-resisted|p1a: Heatran
|-damage|p1a: Heatran|0 fnt
|faint|p1a: Heatran
|
|-heal|p2a: why|69/100|[from] item: Leftovers
|-end|p2a: why|Magma Storm|[partiallytrapped]|[silent]
|upkeep
|c|☆xdye|gg
|c|☆ridlostar|gg
|-message|xdye forfeited.
|
|win|ridlostar
|raw|xdye's rating: 1650 &rarr; <strong>1635</strong><br />(-15 for losing)
|raw|ridlostar's rating: 1748 &rarr; <strong>1763</strong><br />(+15 for winning)
|l|☆xdye
|player|p1|
|l|☆ridlostar
|player|p2|
|l| js_redstar
