|j|☆ThatOneSoldier
|j|☆Itshmdicom
|t:|1769403471
|gametype|singles
|player|p1|ThatOneSoldier|miku-ghost|1369
|player|p2|Itshmdicom|170|1350
|gen|9
|tier|[Gen 9] OU
|rated|
|rule|HP Percentage Mod: HP is shown in percentages
|rule|Endless Battle Clause: Forcing endless battles is banned
|rule|Species Clause: Limit one of each Pokémon
|rule|OHKO Clause: OHKO moves are banned
|rule|Evasion Items Clause: Evasion items are banned
|rule|Evasion Moves Clause: Evasion moves are banned
|rule|Evasion Abilities Clause: Evasion abilities are banned
|rule|Sleep Moves Clause: Sleep-inducing moves are banned
|clearpoke
|poke|p1|Shiftry, M|
|poke|p1|Corviknight, M|
|poke|p1|Tyranitar, M|
|poke|p1|Dragapult, M|
|poke|p1|Iron Crown|
|poke|p1|Samurott-Hisui, F|
|poke|p2|Dondozo, M|
|poke|p2|Latias, F|
|poke|p2|Corviknight, M|
|poke|p2|Rotom-Wash|
|poke|p2|Heatran, M|
|poke|p2|Meowscarada, F|
|teampreview
|inactive|Battle timer is ON: inactive players will automatically lose when time's up. (requested by Itshmdicom)
|
|t:|1769403491
|teamsize|p1|6
|teamsize|p2|6
|start
|switch|p1a: A Tall Drink|Dragapult, M|100/100
|switch|p2a: Rotom|Rotom-Wash|100/100
|turn|1
|
|t:|1769403511
|move|p1a: A Tall Drink|U-turn|p2a: Rotom
|-damage|p2a: Rotom|83/100
|
|t:|1769403525
|switch|p1a: Critter|Shiftry, M|100/100|[from] U-turn
|move|p2a: Rotom|Thunder Wave|p1a: Critter
|-status|p1a: Critter|par
|
|-heal|p2a: Rotom|89/100|[from] item: Leftovers
|upkeep
|turn|2
|inactive|Itshmdicom has 120 seconds left.
|
|t:|1769403560
|move|p2a: Rotom|Volt Switch|p1a: Critter
|-resisted|p1a: Critter
|-damage|p1a: Critter|75/100 par
|
|t:|1769403571
|switch|p2a: Corviknight|Corviknight, M|100/100|[from] Volt Switch
|move|p1a: Critter|Tailwind|p1a: Critter
|-sidestart|p1: ThatOneSoldier|move: Tailwind
|-ability|p1a: Critter|Wind Rider|boost
|-boost|p1a: Critter|atk|1
|
|upkeep
|turn|3
|
|t:|1769403581
|move|p1a: Critter|Knock Off|p2a: Corviknight
|-damage|p2a: Corviknight|56/100
|-enditem|p2a: Corviknight|Leftovers|[from] move: Knock Off|[of] p1a: Critter
|move|p2a: Corviknight|Bulk Up|p2a: Corviknight
|-boost|p2a: Corviknight|atk|1
|-boost|p2a: Corviknight|def|1
|
|upkeep
|turn|4
|
|t:|1769403591
|cant|p1a: Critter|par
|move|p2a: Corviknight|Roost|p2a: Corviknight
|-heal|p2a: Corviknight|100/100
|-singleturn|p2a: Corviknight|move: Roost
|
|upkeep
|turn|5
|inactive|Itshmdicom has 120 seconds left.
|inactive|Itshmdicom has 90 seconds left.
|
|t:|1769403635
|move|p1a: Critter|Rock Slide|p2a: Corviknight
|-damage|p2a: Corviknight|85/100
|move|p2a: Corviknight|Body Press|p1a: Critter
|-supereffective|p1a: Critter
|-damage|p1a: Critter|0 fnt
|faint|p1a: Critter
|
|-sideend|p1: ThatOneSoldier|move: Tailwind
|upkeep
|
|t:|1769403643
|switch|p1a: My Life Partner|Iron Crown|100/100
|turn|6
|
|t:|1769403657
|switch|p2a: Latias|Latias, F|100/100
|move|p1a: My Life Partner|Volt Switch|p2a: Latias
|-resisted|p2a: Latias
|-damage|p2a: Latias|93/100
|
|t:|1769403666
|-end|p1a: My Life Partner|Quark Drive|[silent]
|switch|p1a: Gojira|Tyranitar, M|100/100|[from] Volt Switch
|-weather|Sandstorm|[from] ability: Sand Stream|[of] p1a: Gojira
|
|-weather|Sandstorm|[upkeep]
|-damage|p2a: Latias|87/100|[from] Sandstorm
|-heal|p2a: Latias|93/100|[from] item: Leftovers
|upkeep
|turn|7
|inactive|Itshmdicom has 90 seconds left.
|
|t:|1769403712
|switch|p2a: Corviknight|Corviknight, M|85/100
|move|p1a: Gojira|Knock Off|p2a: Corviknight
|-damage|p2a: Corviknight|54/100
|
|-weather|Sandstorm|[upkeep]
|upkeep
|turn|8
|
|t:|1769403719
|switch|p1a: Fuckass Bird|Corviknight, M|100/100
|-ability|p1a: Fuckass Bird|Pressure
|move|p2a: Corviknight|Roost|p2a: Corviknight
|-heal|p2a: Corviknight|100/100
|-singleturn|p2a: Corviknight|move: Roost
|
|-weather|Sandstorm|[upkeep]
|upkeep
|turn|9
|
|t:|1769403730
|move|p1a: Fuckass Bird|U-turn|p2a: Corviknight
|-resisted|p2a: Corviknight
|-damage|p2a: Corviknight|98/100
|
|t:|1769403734
|switch|p1a: My Life Partner|Iron Crown|100/100|[from] U-turn
|move|p2a: Corviknight|Bulk Up|p2a: Corviknight
|-boost|p2a: Corviknight|atk|1
|-boost|p2a: Corviknight|def|1
|
|-weather|Sandstorm|[upkeep]
|upkeep
|turn|10
|inactive|Itshmdicom has 90 seconds left.
|
|t:|1769403747
|switch|p2a: Latias|Latias, F|93/100
|move|p1a: My Life Partner|Focus Blast|p2a: Latias
|-resisted|p2a: Latias
|-damage|p2a: Latias|82/100
|
|-weather|none
|-heal|p2a: Latias|88/100|[from] item: Leftovers
|upkeep
|turn|11
|inactive|Itshmdicom has 90 seconds left.
|
|t:|1769403758
|move|p1a: My Life Partner|Volt Switch|p2a: Latias
|-resisted|p2a: Latias
|-damage|p2a: Latias|81/100
|
|t:|1769403765
|-end|p1a: My Life Partner|Quark Drive|[silent]
|switch|p1a: Gojira|Tyranitar, M|100/100|[from] Volt Switch
|-weather|Sandstorm|[from] ability: Sand Stream|[of] p1a: Gojira
|move|p2a: Latias|Psyshock|p1a: Gojira
|-immune|p1a: Gojira
|
|-weather|Sandstorm|[upkeep]
|-damage|p2a: Latias|75/100|[from] Sandstorm
|-heal|p2a: Latias|81/100|[from] item: Leftovers
|upkeep
|turn|12
|
|t:|1769403773
|switch|p2a: Corviknight|Corviknight, M|98/100
|move|p1a: Gojira|Stone Edge|p2a: Corviknight
|-damage|p2a: Corviknight|46/100
|
|-weather|Sandstorm|[upkeep]
|upkeep
|turn|13
|inactive|Itshmdicom has 90 seconds left.
|
|t:|1769403820
|move|p1a: Gojira|Stone Edge|p2a: Corviknight
|-crit|p2a: Corviknight
|-damage|p2a: Corviknight|0 fnt
|faint|p2a: Corviknight
|
|-weather|Sandstorm|[upkeep]
|upkeep
|inactive|Itshmdicom has 60 seconds left.
|
|t:|1769403834
|switch|p2a: Rotom|Rotom-Wash|89/100
|turn|14
|
|t:|1769403839
|switch|p1a: My Life Partner|Iron Crown|100/100
|move|p2a: Rotom|Will-O-Wisp|p1a: My Life Partner
|-status|p1a: My Life Partner|brn
|
|-weather|Sandstorm|[upkeep]
|-damage|p2a: Rotom|83/100|[from] Sandstorm
|-heal|p2a: Rotom|89/100|[from] item: Leftovers
|-damage|p1a: My Life Partner|94/100 brn|[from] brn
|upkeep
|turn|15
|
|t:|1769403851
|move|p1a: My Life Partner|Future Sight|p2a: Rotom
|-start|p1a: My Life Partner|move: Future Sight
|move|p2a: Rotom|Hydro Pump|p1a: My Life Partner
|-damage|p1a: My Life Partner|55/100 brn
|
|-weather|none
|-heal|p2a: Rotom|95/100|[from] item: Leftovers
|-damage|p1a: My Life Partner|49/100 brn|[from] brn
|upkeep
|turn|16
|
|t:|1769403859
|move|p1a: My Life Partner|Volt Switch|p2a: Rotom
|-damage|p2a: Rotom|71/100
|
|t:|1769403863
|-end|p1a: My Life Partner|Quark Drive|[silent]
|switch|p1a: Brooke Bay|Samurott-Hisui, F|100/100|[from] Volt Switch
|move|p2a: Rotom|Hydro Pump|p1a: Brooke Bay
|-resisted|p1a: Brooke Bay
|-damage|p1a: Brooke Bay|57/100
|
|-heal|p2a: Rotom|77/100|[from] item: Leftovers
|upkeep
|turn|17
|inactive|Itshmdicom has 90 seconds left.
|
|t:|1769403877
|switch|p2a: Latias|Latias, F|81/100
|move|p1a: Brooke Bay|Ceaseless Edge|p2a: Latias
|-supereffective|p2a: Latias
|-damage|p2a: Latias|0 fnt
|-sidestart|p2: Itshmdicom|Spikes
|faint|p2a: Latias
|
|-hint|Future Sight did not hit because the target is fainted.
|upkeep
|
|t:|1769403886
|switch|p2a: Rotom|Rotom-Wash|77/100
|turn|18
|inactive|Itshmdicom has 90 seconds left.
|
|t:|1769403891
|move|p1a: Brooke Bay|Ceaseless Edge|p2a: Rotom|[miss]
|-miss|p1a: Brooke Bay|p2a: Rotom
|move|p2a: Rotom|Volt Switch|p1a: Brooke Bay
|-supereffective|p1a: Brooke Bay
|-crit|p1a: Brooke Bay
|-damage|p1a: Brooke Bay|0 fnt
|faint|p1a: Brooke Bay
|inactive|Itshmdicom has 90 seconds left.
|
|t:|1769403924
|switch|p2a: Dondozo|Dondozo, M|100/100|[from] Volt Switch
|-damage|p2a: Dondozo|88/100|[from] Spikes
|
|-heal|p2a: Dondozo|94/100|[from] item: Leftovers
|upkeep
|
|t:|1769403940
|switch|p1a: A Tall Drink|Dragapult, M|100/100
|turn|19
|inactive|Itshmdicom has 60 seconds left.
|
|t:|1769403973
|move|p1a: A Tall Drink|Draco Meteor|p2a: Dondozo
|-damage|p2a: Dondozo|36/100
|-unboost|p1a: A Tall Drink|spa|2
|move|p2a: Dondozo|Curse|p2a: Dondozo
|-unboost|p2a: Dondozo|spe|1
|-boost|p2a: Dondozo|atk|1
|-boost|p2a: Dondozo|def|1
|
|-heal|p2a: Dondozo|42/100|[from] item: Leftovers
|upkeep
|turn|20
|
|t:|1769403981
|switch|p2a: Heatran|Heatran, M|100/100
|move|p1a: A Tall Drink|Draco Meteor|p2a: Heatran
|-resisted|p2a: Heatran
|-damage|p2a: Heatran|84/100
|-unboost|p1a: A Tall Drink|spa|2
|
|upkeep
|turn|21
|inactive|Itshmdicom has 60 seconds left.
|
|t:|1769403988
|switch|p1a: Gojira|Tyranitar, M|100/100
|-weather|Sandstorm|[from] ability: Sand Stream|[of] p1a: Gojira
|move|p2a: Heatran|Lava Plume|p1a: Gojira
|-resisted|p1a: Gojira
|-damage|p1a: Gojira|85/100
|
|-weather|Sandstorm|[upkeep]
|upkeep
|turn|22
|
|t:|1769403999
|-terastallize|p2a: Heatran|Grass
|move|p1a: Gojira|Low Kick|p2a: Heatran
|-damage|p2a: Heatran|22/100
|move|p2a: Heatran|Lava Plume|p1a: Gojira
|-resisted|p1a: Gojira
|-damage|p1a: Gojira|70/100
|-status|p1a: Gojira|brn
|
|-weather|Sandstorm|[upkeep]
|-damage|p2a: Heatran|16/100|[from] Sandstorm
|-damage|p1a: Gojira|64/100 brn|[from] brn
|upkeep
|turn|23
|
|t:|1769404007
|move|p1a: Gojira|Low Kick|p2a: Heatran
|-crit|p2a: Heatran
|-damage|p2a: Heatran|0 fnt
|faint|p2a: Heatran
|
|-weather|Sandstorm|[upkeep]
|-damage|p1a: Gojira|58/100 brn|[from] brn
|upkeep
|inactive|Itshmdicom has 60 seconds left.
|
|t:|1769404043
|switch|p2a: Dondozo|Dondozo, M|42/100
|-damage|p2a: Dondozo|29/100|[from] Spikes
|turn|24
|
|t:|1769404050
|move|p1a: Gojira|Low Kick|p2a: Dondozo
|-damage|p2a: Dondozo|8/100
|move|p2a: Dondozo|Rest|p2a: Dondozo
|-status|p2a: Dondozo|slp|[from] move: Rest
|-heal|p2a: Dondozo|100/100 slp|[silent]
|
|-weather|Sandstorm|[upkeep]
|-damage|p2a: Dondozo|94/100 slp|[from] Sandstorm
|-heal|p2a: Dondozo|100/100 slp|[from] item: Leftovers
|-damage|p1a: Gojira|52/100 brn|[from] brn
|upkeep
|turn|25
|
|t:|1769404057
|switch|p1a: A Tall Drink|Dragapult, M|100/100
|cant|p2a: Dondozo|slp
|move|p2a: Dondozo|Sleep Talk|p2a: Dondozo
|move|p2a: Dondozo|Rest||[from] move: Sleep Talk|[still]
|-fail|p2a: Dondozo
|
|-weather|none
|upkeep
|turn|26
|inactive|Itshmdicom has 60 seconds left.
|
|t:|1769404069
|move|p1a: A Tall Drink|Draco Meteor|p2a: Dondozo
|-damage|p2a: Dondozo|45/100 slp
|-unboost|p1a: A Tall Drink|spa|2
|cant|p2a: Dondozo|slp
|move|p2a: Dondozo|Sleep Talk|p2a: Dondozo
|move|p2a: Dondozo|Waterfall|p1a: A Tall Drink|[from] move: Sleep Talk
|-resisted|p1a: A Tall Drink
|-damage|p1a: A Tall Drink|80/100
|
|-heal|p2a: Dondozo|51/100 slp|[from] item: Leftovers
|upkeep
|turn|27
|
|t:|1769404077
|switch|p2a: Rotom|Rotom-Wash|77/100
|move|p1a: A Tall Drink|Draco Meteor|p2a: Rotom
|-damage|p2a: Rotom|32/100
|-unboost|p1a: A Tall Drink|spa|2
|
|-heal|p2a: Rotom|39/100|[from] item: Leftovers
|upkeep
|turn|28
|
|t:|1769404085
|switch|p1a: Gojira|Tyranitar, M|52/100 brn
|-weather|Sandstorm|[from] ability: Sand Stream|[of] p1a: Gojira
|move|p2a: Rotom|Hydro Pump|p1a: Gojira|[miss]
|-miss|p2a: Rotom|p1a: Gojira
|
|-weather|Sandstorm|[upkeep]
|-damage|p2a: Rotom|32/100|[from] Sandstorm
|-heal|p2a: Rotom|39/100|[from] item: Leftovers
|-damage|p1a: Gojira|46/100 brn|[from] brn
|upkeep
|turn|29
|
|t:|1769404097
|move|p1a: Gojira|Stone Edge|p2a: Rotom
|-damage|p2a: Rotom|0 fnt
|faint|p2a: Rotom
|
|-weather|Sandstorm|[upkeep]
|-damage|p1a: Gojira|40/100 brn|[from] brn
|upkeep
|j| qianxiao7274
|inactive|Itshmdicom has 60 seconds left.
|
|t:|1769404131
|switch|p2a: Dondozo|Dondozo, M|51/100 slp
|-damage|p2a: Dondozo|39/100 slp|[from] Spikes
|turn|30
|
|t:|1769404135
|switch|p1a: A Tall Drink|Dragapult, M|80/100
|-curestatus|p2a: Dondozo|slp|[msg]
|move|p2a: Dondozo|Rest|p2a: Dondozo
|-status|p2a: Dondozo|slp|[from] move: Rest
|-heal|p2a: Dondozo|100/100 slp|[silent]
|
|-weather|Sandstorm|[upkeep]
|-damage|p1a: A Tall Drink|74/100|[from] Sandstorm
|-damage|p2a: Dondozo|94/100 slp|[from] Sandstorm
|-heal|p2a: Dondozo|100/100 slp|[from] item: Leftovers
|upkeep
|turn|31
|
|t:|1769404140
|move|p1a: A Tall Drink|Draco Meteor|p2a: Dondozo
|-damage|p2a: Dondozo|43/100 slp
|-unboost|p1a: A Tall Drink|spa|2
|cant|p2a: Dondozo|slp
|move|p2a: Dondozo|Sleep Talk|p2a: Dondozo
|move|p2a: Dondozo|Curse|p2a: Dondozo|[from] move: Sleep Talk
|-unboost|p2a: Dondozo|spe|1
|-boost|p2a: Dondozo|atk|1
|-boost|p2a: Dondozo|def|1
|
|-weather|Sandstorm|[upkeep]
|-damage|p1a: A Tall Drink|68/100|[from] Sandstorm
|-damage|p2a: Dondozo|37/100 slp|[from] Sandstorm
|-heal|p2a: Dondozo|43/100 slp|[from] item: Leftovers
|upkeep
|turn|32
|
|t:|1769404154
|move|p1a: A Tall Drink|Draco Meteor|p2a: Dondozo
|-damage|p2a: Dondozo|0 fnt
|-unboost|p1a: A Tall Drink|spa|2
|faint|p2a: Dondozo
|
|-weather|none
|upkeep
|
|t:|1769404156
|switch|p2a: Meowscarada|Meowscarada, F|100/100
|-damage|p2a: Meowscarada|88/100|[from] Spikes
|turn|33
|
|t:|1769404164
|switch|p1a: Gojira|Tyranitar, M|40/100 brn
|-weather|Sandstorm|[from] ability: Sand Stream|[of] p1a: Gojira
|move|p2a: Meowscarada|Knock Off|p1a: Gojira
|-start|p2a: Meowscarada|typechange|Dark|[from] ability: Protean
|-resisted|p1a: Gojira
|-damage|p1a: Gojira|11/100 brn
|-enditem|p1a: Gojira|Choice Band|[from] move: Knock Off|[of] p2a: Meowscarada
|
|-weather|Sandstorm|[upkeep]
|-damage|p2a: Meowscarada|82/100|[from] Sandstorm
|-damage|p1a: Gojira|5/100 brn|[from] brn
|upkeep
|turn|34
|
|t:|1769404171
|move|p2a: Meowscarada|Knock Off|p1a: Gojira
|-resisted|p1a: Gojira
|-damage|p1a: Gojira|0 fnt
|faint|p1a: Gojira
|
|-weather|Sandstorm|[upkeep]
|-damage|p2a: Meowscarada|76/100|[from] Sandstorm
|upkeep
|
|t:|1769404173
|switch|p1a: My Life Partner|Iron Crown|49/100 brn
|turn|35
|
|t:|1769404175
|move|p2a: Meowscarada|Knock Off|p1a: My Life Partner
|-supereffective|p1a: My Life Partner
|-damage|p1a: My Life Partner|0 fnt
|-enditem|p1a: My Life Partner|Assault Vest|[from] move: Knock Off|[of] p2a: Meowscarada
|faint|p1a: My Life Partner
|-end|p1a: My Life Partner|Quark Drive|[silent]
|
|-weather|Sandstorm|[upkeep]
|-damage|p2a: Meowscarada|70/100|[from] Sandstorm
|upkeep
|
|t:|1769404180
|switch|p1a: Fuckass Bird|Corviknight, M|100/100
|-ability|p1a: Fuckass Bird|Pressure
|turn|36
|
|t:|1769404182
|move|p2a: Meowscarada|Knock Off|p1a: Fuckass Bird
|-damage|p1a: Fuckass Bird|58/100
|-damage|p2a: Meowscarada|53/100|[from] item: Rocky Helmet|[of] p1a: Fuckass Bird
|-enditem|p1a: Fuckass Bird|Rocky Helmet|[from] move: Knock Off|[of] p2a: Meowscarada
|move|p1a: Fuckass Bird|Brave Bird|p2a: Meowscarada
|-damage|p2a: Meowscarada|0 fnt
|faint|p2a: Meowscarada
|-damage|p1a: Fuckass Bird|45/100|[from] Recoil
|
|win|ThatOneSoldier
|raw|ThatOneSoldier's rating: 1369 &rarr; <strong>1388</strong><br />(+19 for winning)
|raw|Itshmdicom's rating: 1350 &rarr; <strong>1331</strong><br />(-19 for losing)
|l|☆Itshmdicom
|player|p2|
|l|☆ThatOneSoldier
|player|p1|
|l| qianxiao7274
|j| Itz J
