|j|☆TotallySkilled
|j|☆GreninjaMyFav
|t:|1769318511
|gametype|singles
|player|p1|TotallySkilled|guzma|1529
|player|p2|GreninjaMyFav|170|1554
|gen|9
|tier|[Gen 9] OU
|rated|
|rule|HP Percentage Mod: HP is shown in percentages
|rule|Endless Battle Clause: Forcing endless battles is banned
|rule|Species Clause: Limit one of each Pokémon
|rule|OHKO Clause: OHKO moves are banned
|rule|Evasion Items Clause: Evasion items are banned
|rule|Evasion Moves Clause: Evasion moves are banned
|rule|Evasion Abilities Clause: Evasion abilities are banned
|rule|Sleep Moves Clause: Sleep-inducing moves are banned
|clearpoke
|poke|p1|Grimmsnarl, M|
|poke|p1|Great Tusk|
|poke|p1|Pecharunt|
|poke|p1|Farigiraf, F|
|poke|p1|Raging Bolt|
|poke|p1|Kingambit, F|
|poke|p2|Rillaboom, M|
|poke|p2|Gholdengo|
|poke|p2|Greninja-*, M|
|poke|p2|Heatran, F|
|poke|p2|Great Tusk|
|poke|p2|Zarude|
|teampreview
|
|t:|1769318531
|teamsize|p1|6
|teamsize|p2|6
|start
|switch|p1a: DNA|Great Tusk, shiny|100/100
|switch|p2a: Gholdengo|Gholdengo|100/100
|-item|p2a: Gholdengo|Air Balloon
|-enditem|p1a: DNA|Booster Energy
|-activate|p1a: DNA|ability: Protosynthesis|[fromitem]
|-start|p1a: DNA|protosynthesisspe
|turn|1
|
|t:|1769318540
|move|p1a: DNA|Ice Spinner|p2a: Gholdengo
|-resisted|p2a: Gholdengo
|-damage|p2a: Gholdengo|92/100
|-enditem|p2a: Gholdengo|Air Balloon
|move|p2a: Gholdengo|Make It Rain|p1a: DNA
|-crit|p1a: DNA
|-damage|p1a: DNA|0 fnt
|-unboost|p2a: Gholdengo|spa|1
|faint|p1a: DNA
|-end|p1a: DNA|Protosynthesis|[silent]
|
|upkeep
|
|t:|1769318545
|switch|p1a: Malevolent Kitchen|Pecharunt|100/100
|-item|p1a: Malevolent Kitchen|Air Balloon
|turn|2
|
|t:|1769318555
|move|p1a: Malevolent Kitchen|Shadow Ball|p2a: Gholdengo
|-supereffective|p2a: Gholdengo
|-damage|p2a: Gholdengo|44/100
|move|p2a: Gholdengo|Thunder Wave|p1a: Malevolent Kitchen
|-status|p1a: Malevolent Kitchen|par
|
|upkeep
|turn|3
|
|t:|1769318560
|move|p2a: Gholdengo|Hex|p1a: Malevolent Kitchen
|-supereffective|p1a: Malevolent Kitchen
|-damage|p1a: Malevolent Kitchen|24/100 par
|-enditem|p1a: Malevolent Kitchen|Air Balloon
|move|p1a: Malevolent Kitchen|Shadow Ball|p2a: Gholdengo
|-supereffective|p2a: Gholdengo
|-damage|p2a: Gholdengo|0 fnt
|faint|p2a: Gholdengo
|
|upkeep
|
|t:|1769318562
|switch|p2a: Heatran|Heatran, F|100/100
|turn|4
|
|t:|1769318565
|move|p2a: Heatran|Stealth Rock|p1a: Malevolent Kitchen
|-sidestart|p1: TotallySkilled|move: Stealth Rock
|cant|p1a: Malevolent Kitchen|par
|
|upkeep
|turn|5
|
|t:|1769318568
|move|p2a: Heatran|Lava Plume|p1a: Malevolent Kitchen
|-damage|p1a: Malevolent Kitchen|0 fnt
|faint|p1a: Malevolent Kitchen
|
|upkeep
|
|t:|1769318571
|switch|p1a: Mahoraga|Grimmsnarl, M, shiny|100/100
|-damage|p1a: Mahoraga|88/100|[from] Stealth Rock
|turn|6
|
|t:|1769318573
|move|p1a: Mahoraga|Light Screen|p1a: Mahoraga
|-sidestart|p1: TotallySkilled|move: Light Screen
|move|p2a: Heatran|Taunt|p1a: Mahoraga
|-start|p1a: Mahoraga|move: Taunt
|
|upkeep
|turn|7
|
|t:|1769318579
|switch|p2a: Zarude|Zarude|100/100
|move|p1a: Mahoraga|Spirit Break|p2a: Zarude
|-supereffective|p2a: Zarude
|-damage|p2a: Zarude|49/100
|-unboost|p2a: Zarude|spa|1
|
|-heal|p2a: Zarude|55/100|[from] item: Leftovers
|upkeep
|turn|8
|
|t:|1769318586
|move|p2a: Zarude|Protect|p2a: Zarude
|-singleturn|p2a: Zarude|Protect
|move|p1a: Mahoraga|Spirit Break|p2a: Zarude
|-activate|p2a: Zarude|move: Protect
|
|-heal|p2a: Zarude|61/100|[from] item: Leftovers
|upkeep
|turn|9
|
|t:|1769318590
|switch|p2a: Rillaboom|Rillaboom, M|100/100
|-fieldstart|move: Grassy Terrain|[from] ability: Grassy Surge|[of] p2a: Rillaboom
|move|p1a: Mahoraga|Spirit Break|p2a: Rillaboom
|-damage|p2a: Rillaboom|70/100
|-unboost|p2a: Rillaboom|spa|1
|
|-heal|p2a: Rillaboom|76/100|[from] Grassy Terrain
|-heal|p1a: Mahoraga|94/100|[from] Grassy Terrain
|-end|p1a: Mahoraga|move: Taunt
|upkeep
|turn|10
|
|t:|1769318593
|-terastallize|p2a: Rillaboom|Grass
|move|p1a: Mahoraga|Reflect|p1a: Mahoraga
|-sidestart|p1: TotallySkilled|Reflect
|move|p2a: Rillaboom|Wood Hammer|p1a: Mahoraga
|-damage|p1a: Mahoraga|0 fnt
|faint|p1a: Mahoraga
|-damage|p2a: Rillaboom|41/100|[from] Recoil
|
|-heal|p2a: Rillaboom|47/100|[from] Grassy Terrain
|upkeep
|
|t:|1769318599
|switch|p1a: Blue Cross|Kingambit, F, shiny|100/100
|-damage|p1a: Blue Cross|94/100|[from] Stealth Rock
|-activate|p1a: Blue Cross|ability: Supreme Overlord
|-start|p1a: Blue Cross|fallen3|[silent]
|turn|11
|
|t:|1769318602
|switch|p2a: Great Tusk|Great Tusk|100/100
|move|p1a: Blue Cross|Swords Dance|p1a: Blue Cross
|-boost|p1a: Blue Cross|atk|2
|
|-heal|p1a: Blue Cross|100/100|[from] Grassy Terrain
|upkeep
|turn|12
|
|t:|1769318610
|-end|p2a: Great Tusk|Protosynthesis|[silent]
|switch|p2a: Heatran|Heatran, F|100/100
|move|p1a: Blue Cross|Iron Head|p2a: Heatran
|-resisted|p2a: Heatran
|-damage|p2a: Heatran|77/100
|
|-heal|p2a: Heatran|83/100|[from] Grassy Terrain
|-heal|p2a: Heatran|89/100|[from] item: Leftovers
|upkeep
|turn|13
|
|t:|1769318613
|move|p2a: Heatran|Lava Plume|p1a: Blue Cross
|-supereffective|p1a: Blue Cross
|-damage|p1a: Blue Cross|61/100
|-status|p1a: Blue Cross|brn
|move|p1a: Blue Cross|Kowtow Cleave|p2a: Heatran
|-damage|p2a: Heatran|23/100
|
|-heal|p2a: Heatran|29/100|[from] Grassy Terrain
|-heal|p2a: Heatran|35/100|[from] item: Leftovers
|-heal|p1a: Blue Cross|67/100 brn|[from] Grassy Terrain
|-damage|p1a: Blue Cross|61/100 brn|[from] brn
|-sideend|p1: TotallySkilled|move: Light Screen
|-fieldend|move: Grassy Terrain
|upkeep
|turn|14
|
|t:|1769318617
|move|p1a: Blue Cross|Sucker Punch||[still]
|-fail|p1a: Blue Cross
|move|p2a: Heatran|Taunt|p1a: Blue Cross
|-start|p1a: Blue Cross|move: Taunt
|
|-heal|p2a: Heatran|41/100|[from] item: Leftovers
|-damage|p1a: Blue Cross|54/100 brn|[from] brn
|upkeep
|turn|15
|
|t:|1769318624
|switch|p2a: Great Tusk|Great Tusk|100/100
|move|p1a: Blue Cross|Kowtow Cleave|p2a: Great Tusk
|-resisted|p2a: Great Tusk
|-damage|p2a: Great Tusk|71/100
|
|-damage|p1a: Blue Cross|48/100 brn|[from] brn
|upkeep
|turn|16
|
|t:|1769318626
|move|p2a: Great Tusk|Headlong Rush|p1a: Blue Cross
|-supereffective|p1a: Blue Cross
|-damage|p1a: Blue Cross|0 fnt
|-unboost|p2a: Great Tusk|def|1
|-unboost|p2a: Great Tusk|spd|1
|faint|p1a: Blue Cross
|-end|p1a: Blue Cross|fallen3|[silent]
|
|upkeep
|
|t:|1769318629
|switch|p1a: ReconoceR|Farigiraf, F, shiny|100/100
|-damage|p1a: ReconoceR|88/100|[from] Stealth Rock
|turn|17
|
|t:|1769318640
|-end|p2a: Great Tusk|Protosynthesis|[silent]
|switch|p2a: Greninja|Greninja, M|100/100
|move|p1a: ReconoceR|Nasty Plot|p1a: ReconoceR
|-boost|p1a: ReconoceR|spa|2
|
|-heal|p1a: ReconoceR|94/100|[from] item: Leftovers
|-sideend|p1: TotallySkilled|Reflect
|upkeep
|turn|18
|
|t:|1769318646
|-terastallize|p1a: ReconoceR|Fighting
|move|p2a: Greninja|Grass Knot|p1a: ReconoceR
|-start|p2a: Greninja|typechange|Grass|[from] ability: Protean
|-damage|p1a: ReconoceR|23/100
|move|p1a: ReconoceR|Trick Room|p1a: ReconoceR
|-fieldstart|move: Trick Room|[of] p1a: ReconoceR
|
|-heal|p1a: ReconoceR|29/100|[from] item: Leftovers
|upkeep
|turn|19
|
|t:|1769318665
|switch|p2a: Heatran|Heatran, F|41/100
|move|p1a: ReconoceR|Tera Blast|p2a: Heatran|[anim] Tera Blast Fighting
|-supereffective|p2a: Heatran
|-damage|p2a: Heatran|0 fnt
|faint|p2a: Heatran
|
|-heal|p1a: ReconoceR|35/100|[from] item: Leftovers
|upkeep
|
|t:|1769318667
|switch|p2a: Zarude|Zarude|61/100
|turn|20
|
|t:|1769318671
|move|p2a: Zarude|Protect|p2a: Zarude
|-singleturn|p2a: Zarude|Protect
|move|p1a: ReconoceR|Tera Blast|p2a: Zarude|[anim] Tera Blast Fighting
|-activate|p2a: Zarude|move: Protect
|
|-heal|p1a: ReconoceR|42/100|[from] item: Leftovers
|-heal|p2a: Zarude|67/100|[from] item: Leftovers
|upkeep
|turn|21
|
|t:|1769318680
|move|p2a: Zarude|Protect||[still]
|-fail|p2a: Zarude
|move|p1a: ReconoceR|Tera Blast|p2a: Zarude|[anim] Tera Blast Fighting
|-supereffective|p2a: Zarude
|-crit|p2a: Zarude
|-damage|p2a: Zarude|0 fnt
|faint|p2a: Zarude
|
|-heal|p1a: ReconoceR|48/100|[from] item: Leftovers
|upkeep
|
|t:|1769318686
|switch|p2a: Rillaboom|Rillaboom, M, tera:Grass|47/100
|-fieldstart|move: Grassy Terrain|[from] ability: Grassy Surge|[of] p2a: Rillaboom
|turn|22
|
|t:|1769318689
|move|p1a: ReconoceR|Tera Blast|p2a: Rillaboom|[anim] Tera Blast Fighting
|-damage|p2a: Rillaboom|0 fnt
|faint|p2a: Rillaboom
|
|-heal|p1a: ReconoceR|54/100|[from] Grassy Terrain
|-heal|p1a: ReconoceR|60/100|[from] item: Leftovers
|-fieldend|move: Trick Room
|upkeep
|
|t:|1769318691
|switch|p2a: Greninja|Greninja, M|100/100
|turn|23
|
|t:|1769318696
|move|p2a: Greninja|Grass Knot|p1a: ReconoceR
|-start|p2a: Greninja|typechange|Grass|[from] ability: Protean
|-damage|p1a: ReconoceR|0 fnt
|faint|p1a: ReconoceR
|
|upkeep
|
|t:|1769318698
|switch|p1a: Kali Uchis|Raging Bolt|100/100
|-damage|p1a: Kali Uchis|88/100|[from] Stealth Rock
|-enditem|p1a: Kali Uchis|Booster Energy
|-activate|p1a: Kali Uchis|ability: Protosynthesis|[fromitem]
|-start|p1a: Kali Uchis|protosynthesisspa
|turn|24
|
|t:|1769318700
|move|p2a: Greninja|Grass Knot|p1a: Kali Uchis
|-resisted|p1a: Kali Uchis
|-damage|p1a: Kali Uchis|33/100
|move|p1a: Kali Uchis|Dragon Pulse|p2a: Greninja
|-damage|p2a: Greninja|0 fnt
|faint|p2a: Greninja
|
|-heal|p1a: Kali Uchis|39/100|[from] Grassy Terrain
|upkeep
|
|t:|1769318702
|switch|p2a: Great Tusk|Great Tusk|71/100
|turn|25
|-message|TotallySkilled forfeited.
|
|win|GreninjaMyFav
|raw|TotallySkilled's rating: 1529 &rarr; <strong>1510</strong><br />(-19 for losing)
|raw|GreninjaMyFav's rating: 1554 &rarr; <strong>1573</strong><br />(+19 for winning)
|l|☆TotallySkilled
|player|p1|
|l|☆GreninjaMyFav
|player|p2|
