|j|☆waddlesxdd
|j|☆The Blxck
|t:|1769324197
|gametype|singles
|player|p1|waddlesxdd|101|1091
|player|p2|The Blxck|gardenia|1161
|gen|9
|tier|[Gen 9] OU
|rated|
|rule|HP Percentage Mod: HP is shown in percentages
|rule|Endless Battle Clause: Forcing endless battles is banned
|rule|Species Clause: Limit one of each Pokémon
|rule|OHKO Clause: OHKO moves are banned
|rule|Evasion Items Clause: Evasion items are banned
|rule|Evasion Moves Clause: Evasion moves are banned
|rule|Evasion Abilities Clause: Evasion abilities are banned
|rule|Sleep Moves Clause: Sleep-inducing moves are banned
|clearpoke
|poke|p1|Snorlax, M|
|poke|p1|Magneton|
|poke|p1|Tentacruel, M|
|poke|p1|Dragonite, M|
|poke|p1|Clefable, F|
|poke|p1|Gyarados, M|
|poke|p2|Tyranitar, F|
|poke|p2|Excadrill, M|
|poke|p2|Dachsbun, M|
|poke|p2|Greninja-*, M|
|poke|p2|Eelektross, M|
|poke|p2|Iron Valiant|
|teampreview
|inactive|Battle timer is ON: inactive players will automatically lose when time's up. (requested by The Blxck)
|
|t:|1769324218
|teamsize|p1|6
|teamsize|p2|6
|start
|switch|p1a: Gyarados|Gyarados, M, shiny|100/100
|switch|p2a: Tyranitar|Tyranitar, F|100/100
|-ability|p1a: Gyarados|Intimidate|boost
|-unboost|p2a: Tyranitar|atk|1
|-weather|Sandstorm|[from] ability: Sand Stream|[of] p2a: Tyranitar
|turn|1
|
|t:|1769324236
|move|p1a: Gyarados|Waterfall|p2a: Tyranitar
|-supereffective|p2a: Tyranitar
|-damage|p2a: Tyranitar|32/100
|move|p2a: Tyranitar|Stealth Rock|p1a: Gyarados
|-sidestart|p1: waddlesxdd|move: Stealth Rock
|
|-weather|Sandstorm|[upkeep]
|-damage|p1a: Gyarados|94/100|[from] Sandstorm
|upkeep
|turn|2
|
|t:|1769324245
|switch|p2a: Eelektross|Eelektross, M|100/100
|move|p1a: Gyarados|Waterfall|p2a: Eelektross
|-damage|p2a: Eelektross|57/100
|
|-weather|Sandstorm|[upkeep]
|-damage|p1a: Gyarados|88/100|[from] Sandstorm
|-damage|p2a: Eelektross|51/100|[from] Sandstorm
|upkeep
|turn|3
|
|t:|1769324258
|switch|p1a: Magneton|Magneton, shiny|100/100
|-damage|p1a: Magneton|94/100|[from] Stealth Rock
|move|p2a: Eelektross|Volt Switch|p1a: Magneton
|-resisted|p1a: Magneton
|-damage|p1a: Magneton|60/100
|
|t:|1769324264
|switch|p2a: Excadrill|Excadrill, M|100/100|[from] Volt Switch
|
|-weather|Sandstorm|[upkeep]
|upkeep
|turn|4
|
|t:|1769324278
|switch|p1a: Gyarados|Gyarados, M, shiny|88/100
|-damage|p1a: Gyarados|63/100|[from] Stealth Rock
|-ability|p1a: Gyarados|Intimidate|boost
|-unboost|p2a: Excadrill|atk|1
|move|p2a: Excadrill|Swords Dance|p2a: Excadrill
|-boost|p2a: Excadrill|atk|2
|
|-weather|Sandstorm|[upkeep]
|-damage|p1a: Gyarados|57/100|[from] Sandstorm
|upkeep
|turn|5
|
|t:|1769324296
|move|p2a: Excadrill|Iron Head|p1a: Gyarados
|-resisted|p1a: Gyarados
|-damage|p1a: Gyarados|12/100
|cant|p1a: Gyarados|flinch
|
|-weather|Sandstorm|[upkeep]
|-damage|p1a: Gyarados|6/100|[from] Sandstorm
|upkeep
|turn|6
|
|t:|1769324309
|switch|p1a: Tentacruel|Tentacruel, M, shiny|100/100
|-damage|p1a: Tentacruel|88/100|[from] Stealth Rock
|move|p2a: Excadrill|Iron Head|p1a: Tentacruel
|-resisted|p1a: Tentacruel
|-damage|p1a: Tentacruel|39/100
|
|-weather|Sandstorm|[upkeep]
|-damage|p1a: Tentacruel|33/100|[from] Sandstorm
|upkeep
|turn|7
|
|t:|1769324323
|move|p2a: Excadrill|Earthquake|p1a: Tentacruel
|-supereffective|p1a: Tentacruel
|-damage|p1a: Tentacruel|0 fnt
|faint|p1a: Tentacruel
|
|-weather|Sandstorm|[upkeep]
|upkeep
|
|t:|1769324325
|switch|p1a: Gyarados|Gyarados, M, shiny|6/100
|-damage|p1a: Gyarados|0 fnt|[from] Stealth Rock
|faint|p1a: Gyarados
|-message|waddlesxdd forfeited.
|
|win|The Blxck
|raw|waddlesxdd's rating: 1091 &rarr; <strong>1072</strong><br />(-19 for losing)
|raw|The Blxck's rating: 1161 &rarr; <strong>1181</strong><br />(+20 for winning)
|l|☆waddlesxdd
|player|p1|
|l|☆The Blxck
|player|p2|
