|j|☆poloniumew
|j|☆rpgking2000
|t:|1769314144
|gametype|singles
|player|p1|poloniumew|serena-masters3|1486
|player|p2|rpgking2000|silver-gen2|1433
|gen|9
|tier|[Gen 9] OU
|rated|
|rule|HP Percentage Mod: HP is shown in percentages
|rule|Endless Battle Clause: Forcing endless battles is banned
|rule|Species Clause: Limit one of each Pokémon
|rule|OHKO Clause: OHKO moves are banned
|rule|Evasion Items Clause: Evasion items are banned
|rule|Evasion Moves Clause: Evasion moves are banned
|rule|Evasion Abilities Clause: Evasion abilities are banned
|rule|Sleep Moves Clause: Sleep-inducing moves are banned
|clearpoke
|poke|p1|Kyurem|
|poke|p1|Zapdos|
|poke|p1|Alomomola, F|
|poke|p1|Slowking-Galar, F|
|poke|p1|Samurott-Hisui, M|
|poke|p1|Great Tusk|
|poke|p2|Gliscor, M|
|poke|p2|Weavile, F|
|poke|p2|Latios, M|
|poke|p2|Slowking-Galar, M|
|poke|p2|Cobalion|
|poke|p2|Pecharunt|
|teampreview
|inactive|Battle timer is ON: inactive players will automatically lose when time's up. (requested by poloniumew)
|
|t:|1769314170
|teamsize|p1|6
|teamsize|p2|6
|start
|switch|p1a: Kyurem|Kyurem|100/100
|switch|p2a: Cobalion|Cobalion|100/100
|-ability|p1a: Kyurem|Pressure
|turn|1
|
|t:|1769314174
|move|p1a: Kyurem|Protect|p1a: Kyurem
|-singleturn|p1a: Kyurem|Protect
|move|p2a: Cobalion|Thunder Wave|p1a: Kyurem
|-activate|p1a: Kyurem|move: Protect
|
|upkeep
|turn|2
|
|t:|1769314181
|-terastallize|p1a: Kyurem|Ground
|move|p1a: Kyurem|Substitute|p1a: Kyurem
|-start|p1a: Kyurem|Substitute
|-damage|p1a: Kyurem|75/100
|move|p2a: Cobalion|Body Press|p1a: Kyurem
|-end|p1a: Kyurem|Substitute
|
|-heal|p1a: Kyurem|82/100|[from] item: Leftovers
|upkeep
|turn|3
|
|t:|1769314189
|move|p1a: Kyurem|Earth Power|p2a: Cobalion
|-supereffective|p2a: Cobalion
|-damage|p2a: Cobalion|0 fnt
|faint|p2a: Cobalion
|
|-heal|p1a: Kyurem|88/100|[from] item: Leftovers
|upkeep
|
|t:|1769314191
|switch|p2a: Weavile|Weavile, F|100/100
|-ability|p2a: Weavile|Pressure
|turn|4
|
|t:|1769314194
|move|p1a: Kyurem|Protect|p1a: Kyurem
|-singleturn|p1a: Kyurem|Protect
|move|p2a: Weavile|Swords Dance|p2a: Weavile
|-boost|p2a: Weavile|atk|2
|
|-heal|p1a: Kyurem|94/100|[from] item: Leftovers
|upkeep
|turn|5
|
|t:|1769314203
|switch|p1a: Zapdos|Zapdos|100/100
|move|p2a: Weavile|Swords Dance|p2a: Weavile
|-boost|p2a: Weavile|atk|2
|
|upkeep
|turn|6
|
|t:|1769314212
|switch|p1a: Alomomola|Alomomola, F|100/100
|move|p2a: Weavile|Icicle Crash|p1a: Alomomola
|-resisted|p1a: Alomomola
|-damage|p1a: Alomomola|65/100
|
|upkeep
|turn|7
|
|t:|1769314218
|move|p2a: Weavile|Knock Off|p1a: Alomomola
|-damage|p1a: Alomomola|0 fnt
|-enditem|p1a: Alomomola|Heavy-Duty Boots|[from] move: Knock Off|[of] p2a: Weavile
|faint|p1a: Alomomola
|
|upkeep
|
|t:|1769314228
|switch|p1a: Samurott|Samurott-Hisui, M|100/100
|turn|8
|
|t:|1769314237
|move|p2a: Weavile|Knock Off|p1a: Samurott
|-resisted|p1a: Samurott
|-damage|p1a: Samurott|17/100
|-enditem|p1a: Samurott|Assault Vest|[from] move: Knock Off|[of] p2a: Weavile
|move|p1a: Samurott|Razor Shell|p2a: Weavile
|-damage|p2a: Weavile|9/100
|
|upkeep
|turn|9
|
|t:|1769314244
|move|p2a: Weavile|Ice Shard|p1a: Samurott
|-resisted|p1a: Samurott
|-damage|p1a: Samurott|0 fnt
|faint|p1a: Samurott
|
|upkeep
|-message|poloniumew forfeited.
|
|win|rpgking2000
|raw|poloniumew's rating: 1486 &rarr; <strong>1463</strong><br />(-23 for losing)
|raw|rpgking2000's rating: 1433 &rarr; <strong>1456</strong><br />(+23 for winning)
|l|☆poloniumew
|player|p1|
|l|☆rpgking2000
|player|p2|
