|j|☆drugty
|j|☆tmchina
|t:|1769420151
|gametype|singles
|player|p1|drugty|2|1557
|player|p2|tmchina|102|1548
|gen|9
|tier|[Gen 9] OU
|rated|
|rule|HP Percentage Mod: HP is shown in percentages
|rule|Endless Battle Clause: Forcing endless battles is banned
|rule|Species Clause: Limit one of each Pokémon
|rule|OHKO Clause: OHKO moves are banned
|rule|Evasion Items Clause: Evasion items are banned
|rule|Evasion Moves Clause: Evasion moves are banned
|rule|Evasion Abilities Clause: Evasion abilities are banned
|rule|Sleep Moves Clause: Sleep-inducing moves are banned
|clearpoke
|poke|p1|Dragapult, F|
|poke|p1|Alomomola, F|
|poke|p1|Ting-Lu|
|poke|p1|Kyurem|
|poke|p1|Corviknight, F|
|poke|p1|Clefable, F|
|poke|p2|Kyurem|
|poke|p2|Gholdengo|
|poke|p2|Crawdaunt, F|
|poke|p2|Corviknight, F|
|poke|p2|Dragonite, M|
|poke|p2|Ribombee, F|
|teampreview
|inactive|Battle timer is ON: inactive players will automatically lose when time's up. (requested by drugty)
|
|t:|1769420181
|teamsize|p1|6
|teamsize|p2|6
|start
|switch|p1a: Corviknight|Corviknight, F|100/100
|switch|p2a: Ribombee|Ribombee, F|100/100
|-ability|p1a: Corviknight|Pressure
|turn|1
|
|t:|1769420188
|move|p2a: Ribombee|Sticky Web|p1a: Corviknight
|-sidestart|p1: drugty|move: Sticky Web
|move|p1a: Corviknight|Brave Bird|p2a: Ribombee
|-supereffective|p2a: Ribombee
|-enditem|p2a: Ribombee|Focus Sash
|-damage|p2a: Ribombee|1/100
|-damage|p1a: Corviknight|74/100|[from] Recoil
|
|-heal|p1a: Corviknight|80/100|[from] item: Leftovers
|upkeep
|turn|2
|
|t:|1769420196
|move|p2a: Ribombee|Stun Spore|p1a: Corviknight|[miss]
|-miss|p2a: Ribombee|p1a: Corviknight
|move|p1a: Corviknight|U-turn|p2a: Ribombee
|-resisted|p2a: Ribombee
|-damage|p2a: Ribombee|0 fnt
|faint|p2a: Ribombee
|inactive|drugty has 120 seconds left.
|
|t:|1769420232
|switch|p1a: Kyurem|Kyurem, shiny|100/100|[from] U-turn
|-activate|p1a: Kyurem|move: Sticky Web
|-unboost|p1a: Kyurem|spe|1
|-ability|p1a: Kyurem|Pressure
|
|upkeep
|
|t:|1769420242
|switch|p2a: Gholdengo|Gholdengo|100/100
|-item|p2a: Gholdengo|Air Balloon
|turn|3
|
|t:|1769420250
|-terastallize|p1a: Kyurem|Steel
|move|p2a: Gholdengo|Nasty Plot|p2a: Gholdengo
|-boost|p2a: Gholdengo|spa|2
|move|p1a: Kyurem|Flash Cannon|p2a: Gholdengo
|-resisted|p2a: Gholdengo
|-damage|p2a: Gholdengo|74/100
|-enditem|p2a: Gholdengo|Air Balloon
|
|upkeep
|turn|4
|
|t:|1769420261
|move|p2a: Gholdengo|Shadow Ball|p1a: Kyurem
|-damage|p1a: Kyurem|15/100
|move|p1a: Kyurem|Earth Power|p2a: Gholdengo
|-supereffective|p2a: Gholdengo
|-damage|p2a: Gholdengo|0 fnt
|faint|p2a: Gholdengo
|
|-heal|p1a: Kyurem|21/100|[from] item: Leftovers
|upkeep
|
|t:|1769420281
|switch|p2a: Kyurem|Kyurem|100/100
|-ability|p2a: Kyurem|Pressure
|turn|5
|
|t:|1769420288
|move|p2a: Kyurem|Freeze-Dry|p1a: Kyurem
|-resisted|p1a: Kyurem
|-damage|p1a: Kyurem|0 fnt
|faint|p1a: Kyurem
|
|upkeep
|
|t:|1769420292
|switch|p1a: Corviknight|Corviknight, F|80/100
|-ability|p1a: Corviknight|Pressure
|turn|6
|
|t:|1769420298
|move|p2a: Kyurem|Freeze-Dry|p1a: Corviknight
|-damage|p1a: Corviknight|45/100
|move|p1a: Corviknight|Defog|p2a: Kyurem
|-unboost|p2a: Kyurem|evasion|1
|-sideend|p1: drugty|Sticky Web|[from] move: Defog|[of] p1a: Corviknight
|
|-heal|p1a: Corviknight|52/100|[from] item: Leftovers
|upkeep
|turn|7
|
|t:|1769420308
|switch|p2a: Corviknight|Corviknight, F|100/100
|-ability|p2a: Corviknight|Pressure
|move|p1a: Corviknight|U-turn|p2a: Corviknight
|-resisted|p2a: Corviknight
|-damage|p2a: Corviknight|98/100
|-damage|p1a: Corviknight|35/100|[from] item: Rocky Helmet|[of] p2a: Corviknight
|
|t:|1769420316
|switch|p1a: Dragapult|Dragapult, F|100/100|[from] U-turn
|
|upkeep
|turn|8
|
|t:|1769420320
|move|p1a: Dragapult|Will-O-Wisp|p2a: Corviknight|[miss]
|-miss|p1a: Dragapult|p2a: Corviknight
|move|p2a: Corviknight|U-turn|p1a: Dragapult
|-resisted|p1a: Dragapult
|-damage|p1a: Dragapult|91/100
|
|t:|1769420327
|switch|p2a: Crawdaunt|Crawdaunt, F|100/100|[from] U-turn
|
|upkeep
|turn|9
|
|t:|1769420331
|switch|p1a: Clefable|Clefable, F|100/100
|move|p2a: Crawdaunt|Knock Off|p1a: Clefable
|-resisted|p1a: Clefable
|-damage|p1a: Clefable|67/100
|-enditem|p1a: Clefable|Leftovers|[from] move: Knock Off|[of] p2a: Crawdaunt
|-damage|p2a: Crawdaunt|91/100|[from] item: Life Orb
|
|upkeep
|turn|10
|
|t:|1769420336
|move|p2a: Crawdaunt|Crabhammer|p1a: Clefable
|-damage|p1a: Clefable|0 fnt
|faint|p1a: Clefable
|-damage|p2a: Crawdaunt|81/100|[from] item: Life Orb
|
|upkeep
|
|t:|1769420345
|switch|p1a: Dragapult|Dragapult, F|91/100
|turn|11
|
|t:|1769420349
|move|p2a: Crawdaunt|Aqua Jet|p1a: Dragapult
|-resisted|p1a: Dragapult
|-damage|p1a: Dragapult|64/100
|-damage|p2a: Crawdaunt|71/100|[from] item: Life Orb
|move|p1a: Dragapult|Dragon Darts|p2a: Crawdaunt
|-damage|p2a: Crawdaunt|20/100
|-anim|p1a: Dragapult|Dragon Darts|p2a: Crawdaunt
|-damage|p2a: Crawdaunt|0 fnt
|faint|p2a: Crawdaunt
|
|upkeep
|
|t:|1769420360
|switch|p2a: Corviknight|Corviknight, F|98/100
|-ability|p2a: Corviknight|Pressure
|turn|12
|
|t:|1769420363
|switch|p1a: Alomomola|Alomomola, F|100/100
|move|p2a: Corviknight|U-turn|p1a: Alomomola
|-crit|p1a: Alomomola
|-damage|p1a: Alomomola|89/100
|-damage|p2a: Corviknight|82/100|[from] item: Rocky Helmet|[of] p1a: Alomomola
|
|t:|1769420365
|switch|p2a: Kyurem|Kyurem|100/100|[from] U-turn
|-ability|p2a: Kyurem|Pressure
|
|upkeep
|turn|13
|
|t:|1769420370
|switch|p2a: Corviknight|Corviknight, F|82/100
|-ability|p2a: Corviknight|Pressure
|move|p1a: Alomomola|Protect||[still]
|-fail|p1a: Alomomola
|
|upkeep
|turn|14
|
|t:|1769420373
|move|p2a: Corviknight|U-turn|p1a: Alomomola
|-damage|p1a: Alomomola|82/100
|-damage|p2a: Corviknight|65/100|[from] item: Rocky Helmet|[of] p1a: Alomomola
|
|t:|1769420375
|switch|p2a: Kyurem|Kyurem|100/100|[from] U-turn
|-ability|p2a: Kyurem|Pressure
|move|p1a: Alomomola|Tickle|p2a: Kyurem
|-unboost|p2a: Kyurem|atk|1
|-unboost|p2a: Kyurem|def|1
|
|upkeep
|turn|15
|
|t:|1769420383
|move|p1a: Alomomola|Protect|p1a: Alomomola
|-singleturn|p1a: Alomomola|Protect
|move|p2a: Kyurem|Freeze-Dry|p1a: Alomomola
|-activate|p1a: Alomomola|move: Protect
|
|upkeep
|turn|16
|
|t:|1769420404
|move|p2a: Kyurem|Freeze-Dry|p1a: Alomomola
|-supereffective|p1a: Alomomola
|-damage|p1a: Alomomola|0 fnt
|faint|p1a: Alomomola
|
|upkeep
|
|t:|1769420414
|switch|p1a: Dragapult|Dragapult, F|64/100
|turn|17
|
|t:|1769420424
|-terastallize|p2a: Kyurem|Ice
|move|p1a: Dragapult|Will-O-Wisp|p2a: Kyurem|[miss]
|-miss|p1a: Dragapult|p2a: Kyurem
|move|p2a: Kyurem|Freeze-Dry|p1a: Dragapult
|-supereffective|p1a: Dragapult
|-damage|p1a: Dragapult|0 fnt
|faint|p1a: Dragapult
|
|upkeep
|-message|drugty forfeited.
|
|win|tmchina
|raw|drugty's rating: 1557 &rarr; <strong>1536</strong><br />(-21 for losing)
|raw|tmchina's rating: 1548 &rarr; <strong>1569</strong><br />(+21 for winning)
|l|☆drugty
|player|p1|
|l|☆tmchina
|player|p2|
