|j|☆sampoke19
|j|☆Yaoshi
|t:|1769414862
|gametype|singles
|player|p1|sampoke19|265|1553
|player|p2|Yaoshi|silver-masters|1528
|gen|9
|tier|[Gen 9] OU
|rated|
|rule|HP Percentage Mod: HP is shown in percentages
|rule|Endless Battle Clause: Forcing endless battles is banned
|rule|Species Clause: Limit one of each Pokémon
|rule|OHKO Clause: OHKO moves are banned
|rule|Evasion Items Clause: Evasion items are banned
|rule|Evasion Moves Clause: Evasion moves are banned
|rule|Evasion Abilities Clause: Evasion abilities are banned
|rule|Sleep Moves Clause: Sleep-inducing moves are banned
|clearpoke
|poke|p1|Blastoise, M|
|poke|p1|Ceruledge, F|
|poke|p1|Kingambit, F|
|poke|p1|Volcanion|
|poke|p1|Great Tusk|
|poke|p1|Dragonite, F|
|poke|p2|Cinderace, M|
|poke|p2|Dragonite, M|
|poke|p2|Iron Valiant|
|poke|p2|Snorlax, F|
|poke|p2|Primarina, F|
|poke|p2|Skarmory, M|
|teampreview
|inactive|Battle timer is ON: inactive players will automatically lose when time's up. (requested by Yaoshi)
|
|t:|1769414872
|teamsize|p1|6
|teamsize|p2|6
|start
|switch|p1a: Great Tusk|Great Tusk|100/100
|switch|p2a: One Hit Wonder|Cinderace, M|100/100
|-enditem|p1a: Great Tusk|Booster Energy
|-activate|p1a: Great Tusk|ability: Protosynthesis|[fromitem]
|-start|p1a: Great Tusk|protosynthesisspe
|turn|1
|
|t:|1769414880
|switch|p2a: Ayami Sato|Primarina, F, shiny|100/100
|move|p1a: Great Tusk|Stealth Rock|p2a: Ayami Sato
|-sidestart|p2: Yaoshi|move: Stealth Rock
|
|upkeep
|turn|2
|
|t:|1769414885
|move|p1a: Great Tusk|Earthquake|p2a: Ayami Sato
|-damage|p2a: Ayami Sato|62/100
|move|p2a: Ayami Sato|Calm Mind|p2a: Ayami Sato
|-boost|p2a: Ayami Sato|spa|1
|-boost|p2a: Ayami Sato|spd|1
|
|-heal|p2a: Ayami Sato|68/100|[from] item: Leftovers
|upkeep
|turn|3
|
|t:|1769414894
|move|p1a: Great Tusk|Earthquake|p2a: Ayami Sato
|-damage|p2a: Ayami Sato|29/100
|move|p2a: Ayami Sato|Draining Kiss|p1a: Great Tusk
|-supereffective|p1a: Great Tusk
|-damage|p1a: Great Tusk|37/100
|-heal|p2a: Ayami Sato|78/100|[from] drain|[of] p1a: Great Tusk
|
|-heal|p2a: Ayami Sato|84/100|[from] item: Leftovers
|upkeep
|turn|4
|
|t:|1769414907
|move|p1a: Great Tusk|Earthquake|p2a: Ayami Sato
|-damage|p2a: Ayami Sato|46/100
|move|p2a: Ayami Sato|Calm Mind|p2a: Ayami Sato
|-boost|p2a: Ayami Sato|spa|1
|-boost|p2a: Ayami Sato|spd|1
|
|-heal|p2a: Ayami Sato|52/100|[from] item: Leftovers
|upkeep
|turn|5
|
|t:|1769414921
|move|p1a: Great Tusk|Earthquake|p2a: Ayami Sato
|-damage|p2a: Ayami Sato|19/100
|move|p2a: Ayami Sato|Draining Kiss|p1a: Great Tusk
|-supereffective|p1a: Great Tusk
|-damage|p1a: Great Tusk|0 fnt
|-heal|p2a: Ayami Sato|46/100|[from] drain|[of] p1a: Great Tusk
|faint|p1a: Great Tusk
|-end|p1a: Great Tusk|Protosynthesis|[silent]
|
|-heal|p2a: Ayami Sato|52/100|[from] item: Leftovers
|upkeep
|
|t:|1769414933
|switch|p1a: Ceruledge|Ceruledge, F|100/100
|turn|6
|
|t:|1769414936
|move|p1a: Ceruledge|Poltergeist|p2a: Ayami Sato
|-activate|p2a: Ayami Sato|move: Poltergeist|Leftovers
|-damage|p2a: Ayami Sato|4/100
|move|p2a: Ayami Sato|Psychic Noise|p1a: Ceruledge
|-supereffective|p1a: Ceruledge
|-enditem|p1a: Ceruledge|Focus Sash
|-damage|p1a: Ceruledge|1/100
|-start|p1a: Ceruledge|move: Heal Block
|
|-heal|p2a: Ayami Sato|10/100|[from] item: Leftovers
|upkeep
|turn|7
|
|t:|1769414949
|move|p1a: Ceruledge|Shadow Sneak|p2a: Ayami Sato
|-damage|p2a: Ayami Sato|0 fnt
|faint|p2a: Ayami Sato
|
|-end|p1a: Ceruledge|move: Heal Block
|upkeep
|
|t:|1769414952
|switch|p2a: One Hit Wonder|Cinderace, M|100/100
|turn|8
|
|t:|1769414958
|move|p2a: One Hit Wonder|Sucker Punch|p1a: Ceruledge
|-start|p2a: One Hit Wonder|typechange|Dark|[from] ability: Libero
|-supereffective|p1a: Ceruledge
|-damage|p1a: Ceruledge|0 fnt
|faint|p1a: Ceruledge
|
|upkeep
|
|t:|1769414965
|switch|p1a: Volcanion|Volcanion|100/100
|turn|9
|
|t:|1769414968
|switch|p2a: Homerun|Snorlax, F, shiny|100/100
|-damage|p2a: Homerun|88/100|[from] Stealth Rock
|move|p1a: Volcanion|Focus Blast|p2a: Homerun
|-supereffective|p2a: Homerun
|-damage|p2a: Homerun|50/100
|-enditem|p2a: Homerun|Figy Berry|[eat]
|-heal|p2a: Homerun|83/100|[from] item: Figy Berry
|
|upkeep
|turn|10
|
|t:|1769414978
|switch|p1a: Dragonite|Dragonite, F|100/100
|move|p2a: Homerun|Body Slam|p1a: Dragonite
|-damage|p1a: Dragonite|80/100
|
|upkeep
|turn|11
|
|t:|1769414985
|move|p1a: Dragonite|Dragon Dance|p1a: Dragonite
|-boost|p1a: Dragonite|atk|1
|-boost|p1a: Dragonite|spe|1
|move|p2a: Homerun|Body Slam|p1a: Dragonite
|-damage|p1a: Dragonite|44/100
|
|upkeep
|turn|12
|
|t:|1769414994
|move|p1a: Dragonite|Scale Shot|p2a: Homerun
|-crit|p2a: Homerun
|-damage|p2a: Homerun|55/100
|-damage|p2a: Homerun|37/100
|-damage|p2a: Homerun|19/100
|-damage|p2a: Homerun|0 fnt
|faint|p2a: Homerun
|-hitcount|p2: Homerun|4
|-unboost|p1a: Dragonite|def|1
|-boost|p1a: Dragonite|spe|1
|
|upkeep
|
|t:|1769415001
|switch|p2a: Ohtani|Dragonite, M|100/100
|-damage|p2a: Ohtani|76/100|[from] Stealth Rock
|turn|13
|
|t:|1769415021
|-terastallize|p1a: Dragonite|Normal
|move|p1a: Dragonite|Extreme Speed|p2a: Ohtani
|-damage|p2a: Ohtani|12/100
|move|p2a: Ohtani|Extreme Speed|p1a: Dragonite
|-damage|p1a: Dragonite|0 fnt
|faint|p1a: Dragonite
|
|upkeep
|inactive|sampoke19 has 120 seconds left.
|
|t:|1769415040
|switch|p1a: Blastoise|Blastoise, M, shiny|100/100
|turn|14
|
|t:|1769415044
|switch|p2a: Babe Ruth|Iron Valiant, shiny|100/100
|-damage|p2a: Babe Ruth|94/100|[from] Stealth Rock
|-enditem|p2a: Babe Ruth|Booster Energy
|-activate|p2a: Babe Ruth|ability: Quark Drive|[fromitem]
|-start|p2a: Babe Ruth|quarkdrivespe
|move|p1a: Blastoise|Shell Smash|p1a: Blastoise
|-unboost|p1a: Blastoise|def|1
|-unboost|p1a: Blastoise|spd|1
|-boost|p1a: Blastoise|atk|2
|-boost|p1a: Blastoise|spa|2
|-boost|p1a: Blastoise|spe|2
|-enditem|p1a: Blastoise|White Herb
|-clearnegativeboost|p1a: Blastoise|[silent]
|
|upkeep
|turn|15
|
|t:|1769415057
|move|p2a: Babe Ruth|Destiny Bond|p2a: Babe Ruth
|-singlemove|p2a: Babe Ruth|Destiny Bond
|move|p1a: Blastoise|Hydro Pump|p2a: Babe Ruth
|-damage|p2a: Babe Ruth|0 fnt
|faint|p2a: Babe Ruth
|-activate|p2a: Babe Ruth|move: Destiny Bond
|-end|p2a: Babe Ruth|Quark Drive|[silent]
|faint|p1a: Blastoise
|
|upkeep
|
|t:|1769415071
|switch|p2a: One Hit Wonder|Cinderace, M|100/100
|switch|p1a: Volcanion|Volcanion|100/100
|turn|16
|
|t:|1769415076
|move|p1a: Volcanion|Steam Eruption|p2a: One Hit Wonder
|-supereffective|p2a: One Hit Wonder
|-damage|p2a: One Hit Wonder|0 fnt
|faint|p2a: One Hit Wonder
|
|upkeep
|
|t:|1769415083
|switch|p2a: Oz Smith|Skarmory, M, shiny|100/100
|-damage|p2a: Oz Smith|88/100|[from] Stealth Rock
|turn|17
|
|t:|1769415090
|move|p1a: Volcanion|Steam Eruption|p2a: Oz Smith
|-damage|p2a: Oz Smith|16/100
|move|p2a: Oz Smith|Whirlwind|p1a: Volcanion
|drag|p1a: Kingambit|Kingambit, F|100/100
|-activate|p1a: Kingambit|ability: Supreme Overlord
|-start|p1a: Kingambit|fallen4|[silent]
|
|upkeep
|turn|18
|
|t:|1769415099
|-end|p1a: Kingambit|fallen4|[silent]
|switch|p1a: Volcanion|Volcanion|100/100
|move|p2a: Oz Smith|Roost|p2a: Oz Smith
|-heal|p2a: Oz Smith|66/100
|-singleturn|p2a: Oz Smith|move: Roost
|
|upkeep
|turn|19
|-message|Yaoshi forfeited.
|
|win|sampoke19
|raw|sampoke19's rating: 1553 &rarr; <strong>1572</strong><br />(+19 for winning)
|raw|Yaoshi's rating: 1528 &rarr; <strong>1509</strong><br />(-19 for losing)
|l|☆sampoke19
|player|p1|
|l|☆Yaoshi
|player|p2|
