|j|☆Just_A_Metalhead
|j|‽ilbkjbi
|t:|1769407579
|gametype|singles
|player|p1|Just_A_Metalhead|brawly|1135
|player|p2|ilbkjbi|169|1112
|gen|9
|tier|[Gen 9] OU
|rated|
|rule|HP Percentage Mod: HP is shown in percentages
|rule|Endless Battle Clause: Forcing endless battles is banned
|rule|Species Clause: Limit one of each Pokémon
|rule|OHKO Clause: OHKO moves are banned
|rule|Evasion Items Clause: Evasion items are banned
|rule|Evasion Moves Clause: Evasion moves are banned
|rule|Evasion Abilities Clause: Evasion abilities are banned
|rule|Sleep Moves Clause: Sleep-inducing moves are banned
|clearpoke
|poke|p1|Great Tusk|
|poke|p1|Iron Valiant|
|poke|p1|Meowscarada, M|
|poke|p1|Toxapex, F|
|poke|p1|Corviknight, F|
|poke|p1|Raging Bolt|
|poke|p2|Zorua-Hisui, M|
|poke|p2|Ogerpon, F|
|poke|p2|Alomomola, L99, F|
|poke|p2|Slowking-Galar, M|
|poke|p2|Raging Bolt|
|poke|p2|Dragonite, F|
|teampreview
|
|t:|1769407587
|teamsize|p1|6
|teamsize|p2|6
|start
|switch|p1a: Corviknight|Corviknight, F|100/100
|switch|p2a: Dragonite|Dragonite, F|100/100
|-ability|p1a: Corviknight|Pressure
|turn|1
|inactive|Battle timer is ON: inactive players will automatically lose when time's up. (requested by ilbkjbi)
|
|t:|1769407595
|move|p2a: Dragonite|Trick|p1a: Corviknight
|-activate|p2a: Dragonite|move: Trick|[of] p1a: Corviknight
|-item|p1a: Corviknight|Choice Scarf|[from] move: Trick
|-item|p2a: Dragonite|Rocky Helmet|[from] move: Trick
|move|p1a: Corviknight|Sunny Day|p1a: Corviknight
|-weather|SunnyDay
|
|-weather|SunnyDay|[upkeep]
|upkeep
|turn|2
|
|t:|1769407607
|switch|p1a: Great Tusk|Great Tusk|100/100
|-activate|p1a: Great Tusk|ability: Protosynthesis
|-start|p1a: Great Tusk|protosynthesisatk
|move|p2a: Dragonite|Taunt|p1a: Great Tusk
|-start|p1a: Great Tusk|move: Taunt
|
|-weather|SunnyDay|[upkeep]
|upkeep
|turn|3
|
|t:|1769407619
|move|p1a: Great Tusk|Ice Spinner|p2a: Dragonite
|-damage|p2a: Dragonite|0 fnt
|-damage|p1a: Great Tusk|84/100|[from] item: Rocky Helmet|[of] p2a: Dragonite
|replace|p2a: Zorua|Zorua-Hisui, M, shiny
|-end|p2a: Zorua|Illusion
|faint|p2a: Zorua
|
|-weather|SunnyDay|[upkeep]
|upkeep
|
|t:|1769407627
|switch|p2a: Dragonite|Dragonite, F|100/100
|turn|4
|
|t:|1769407631
|-terastallize|p2a: Dragonite|Flying
|move|p1a: Great Tusk|Ice Spinner|p2a: Dragonite
|-supereffective|p2a: Dragonite
|-damage|p2a: Dragonite|66/100
|move|p2a: Dragonite|Dragon Dance|p2a: Dragonite
|-boost|p2a: Dragonite|atk|1
|-boost|p2a: Dragonite|spe|1
|
|-weather|SunnyDay|[upkeep]
|-end|p1a: Great Tusk|move: Taunt
|upkeep
|turn|5
|
|t:|1769407641
|move|p2a: Dragonite|Roost|p2a: Dragonite
|-heal|p2a: Dragonite|100/100
|-hint|If a Terastallized Pokemon uses Roost, it remains Flying-type.
|move|p1a: Great Tusk|Ice Spinner|p2a: Dragonite
|-supereffective|p2a: Dragonite
|-damage|p2a: Dragonite|65/100
|
|-weather|none
|-end|p1a: Great Tusk|Protosynthesis
|upkeep
|turn|6
|
|t:|1769407657
|-end|p1a: Great Tusk|Protosynthesis|[silent]
|switch|p1a: Toxapex|Toxapex, F|100/100
|move|p2a: Dragonite|Roost|p2a: Dragonite
|-heal|p2a: Dragonite|100/100
|-hint|If a Terastallized Pokemon uses Roost, it remains Flying-type.
|
|upkeep
|turn|7
|
|t:|1769407663
|move|p2a: Dragonite|Tera Blast|p1a: Toxapex|[anim] Tera Blast Flying
|-damage|p1a: Toxapex|46/100
|move|p1a: Toxapex|Toxic|p2a: Dragonite
|-status|p2a: Dragonite|tox
|
|-heal|p1a: Toxapex|52/100|[from] item: Black Sludge
|-damage|p2a: Dragonite|94/100 tox|[from] psn
|upkeep
|turn|8
|
|t:|1769407672
|move|p1a: Toxapex|Baneful Bunker|p1a: Toxapex
|-singleturn|p1a: Toxapex|move: Protect
|move|p2a: Dragonite|Encore|p1a: Toxapex
|-activate|p1a: Toxapex|move: Protect
|
|-heal|p1a: Toxapex|58/100|[from] item: Black Sludge
|-damage|p2a: Dragonite|82/100 tox|[from] psn
|upkeep
|turn|9
|
|t:|1769407683
|move|p2a: Dragonite|Dragon Dance|p2a: Dragonite
|-boost|p2a: Dragonite|atk|1
|-boost|p2a: Dragonite|spe|1
|move|p1a: Toxapex|Liquidation|p2a: Dragonite
|-damage|p2a: Dragonite|65/100 tox
|-unboost|p2a: Dragonite|def|1
|
|-heal|p1a: Toxapex|65/100|[from] item: Black Sludge
|-damage|p2a: Dragonite|46/100 tox|[from] psn
|upkeep
|turn|10
|
|t:|1769407692
|move|p1a: Toxapex|Baneful Bunker|p1a: Toxapex
|-singleturn|p1a: Toxapex|move: Protect
|move|p2a: Dragonite|Tera Blast|p1a: Toxapex|[anim] Tera Blast Flying
|-activate|p1a: Toxapex|move: Protect
|
|-heal|p1a: Toxapex|71/100|[from] item: Black Sludge
|-damage|p2a: Dragonite|21/100 tox|[from] psn
|upkeep
|turn|11
|
|t:|1769407706
|move|p2a: Dragonite|Tera Blast|p1a: Toxapex|[anim] Tera Blast Flying
|-damage|p1a: Toxapex|0 fnt
|faint|p1a: Toxapex
|
|-damage|p2a: Dragonite|0 fnt|[from] psn
|faint|p2a: Dragonite
|upkeep
|
|t:|1769407716
|switch|p2a: Ogerpon|Ogerpon, F|100/100
|switch|p1a: Corviknight|Corviknight, F|100/100
|-ability|p1a: Corviknight|Pressure
|turn|12
|
|t:|1769407723
|switch|p2a: Alomomola|Alomomola, L99, F|100/100
|move|p1a: Corviknight|Sunny Day|p1a: Corviknight
|-weather|SunnyDay
|
|-weather|SunnyDay|[upkeep]
|upkeep
|turn|13
|
|t:|1769407730
|switch|p1a: Raging Bolt|Raging Bolt|100/100
|-activate|p1a: Raging Bolt|ability: Protosynthesis
|-start|p1a: Raging Bolt|protosynthesisspa
|move|p2a: Alomomola|Flip Turn|p1a: Raging Bolt
|-resisted|p1a: Raging Bolt
|-crit|p1a: Raging Bolt
|-damage|p1a: Raging Bolt|96/100
|
|t:|1769407738
|switch|p2a: Raging Bolt|Raging Bolt|100/100|[from] Flip Turn
|-activate|p2a: Raging Bolt|ability: Protosynthesis
|-start|p2a: Raging Bolt|protosynthesisspa
|
|-weather|SunnyDay|[upkeep]
|upkeep
|turn|14
|
|t:|1769407746
|move|p1a: Raging Bolt|Dragon Pulse|p2a: Raging Bolt
|-supereffective|p2a: Raging Bolt
|-damage|p2a: Raging Bolt|43/100
|-heal|p1a: Raging Bolt|100/100|[from] item: Shell Bell|[of] p2a: Raging Bolt
|move|p2a: Raging Bolt|Draco Meteor|p1a: Raging Bolt
|-supereffective|p1a: Raging Bolt
|-damage|p1a: Raging Bolt|0 fnt
|-unboost|p2a: Raging Bolt|spa|2
|faint|p1a: Raging Bolt
|-end|p1a: Raging Bolt|Protosynthesis|[silent]
|
|-weather|SunnyDay|[upkeep]
|upkeep
|
|t:|1769407758
|switch|p1a: Iron Valiant|Iron Valiant, shiny|100/100
|-enditem|p1a: Iron Valiant|Booster Energy
|-activate|p1a: Iron Valiant|ability: Quark Drive|[fromitem]
|-start|p1a: Iron Valiant|quarkdrivespe
|turn|15
|
|t:|1769407764
|-end|p2a: Raging Bolt|Protosynthesis|[silent]
|switch|p2a: Slowking|Slowking-Galar, M|100/100
|move|p1a: Iron Valiant|Moonblast|p2a: Slowking
|-resisted|p2a: Slowking
|-damage|p2a: Slowking|86/100
|
|-weather|SunnyDay|[upkeep]
|upkeep
|turn|16
|
|t:|1769407776
|-end|p1a: Iron Valiant|Quark Drive|[silent]
|switch|p1a: Great Tusk|Great Tusk|84/100
|-activate|p1a: Great Tusk|ability: Protosynthesis
|-start|p1a: Great Tusk|protosynthesisatk
|-prepare|p2a: Slowking|Chilly Reception|[premajor]
|move|p2a: Slowking|Chilly Reception|p2a: Slowking
|-weather|Snowscape
|-end|p1a: Great Tusk|Protosynthesis
|
|t:|1769407784
|switch|p2a: Ogerpon|Ogerpon, F|100/100|[from] Chilly Reception
|
|-weather|Snowscape|[upkeep]
|upkeep
|turn|17
|
|t:|1769407790
|-end|p1a: Great Tusk|Protosynthesis|[silent]
|switch|p1a: Corviknight|Corviknight, F|100/100
|-ability|p1a: Corviknight|Pressure
|move|p2a: Ogerpon|Ivy Cudgel|p1a: Corviknight
|-resisted|p1a: Corviknight
|-damage|p1a: Corviknight|88/100
|
|-weather|Snowscape|[upkeep]
|upkeep
|turn|18
|
|t:|1769407799
|move|p2a: Ogerpon|Ivy Cudgel|p1a: Corviknight
|-resisted|p1a: Corviknight
|-damage|p1a: Corviknight|77/100
|move|p1a: Corviknight|Iron Defense|p1a: Corviknight
|-boost|p1a: Corviknight|def|2
|
|-weather|Snowscape|[upkeep]
|upkeep
|turn|19
|-message|ilbkjbi forfeited.
|
|win|Just_A_Metalhead
|raw|Just_A_Metalhead's rating: 1135 &rarr; <strong>1158</strong><br />(+23 for winning)
|raw|ilbkjbi's rating: 1112 &rarr; <strong>1089</strong><br />(-23 for losing)
|l|‽ilbkjbi
|player|p2|
|l|☆Just_A_Metalhead
|player|p1|
