|j|☆SquilliamTG
|j|☆slysly
|t:|1769402258
|gametype|singles
|player|p1|SquilliamTG|silver|1519
|player|p2|slysly|169|1535
|gen|9
|tier|[Gen 9] OU
|rated|
|rule|HP Percentage Mod: HP is shown in percentages
|rule|Endless Battle Clause: Forcing endless battles is banned
|rule|Species Clause: Limit one of each Pokémon
|rule|OHKO Clause: OHKO moves are banned
|rule|Evasion Items Clause: Evasion items are banned
|rule|Evasion Moves Clause: Evasion moves are banned
|rule|Evasion Abilities Clause: Evasion abilities are banned
|rule|Sleep Moves Clause: Sleep-inducing moves are banned
|clearpoke
|poke|p1|Great Tusk|
|poke|p1|Magnezone|
|poke|p1|Slowking-Galar, F|
|poke|p1|Dragonite, M|
|poke|p1|Alomomola, F|
|poke|p1|Zamazenta-*|
|poke|p2|Hippowdon, F|
|poke|p2|Excadrill, M|
|poke|p2|Clodsire, M|
|poke|p2|Corviknight, M|
|poke|p2|Heatran, M|
|poke|p2|Gliscor, F|
|teampreview
|inactive|Battle timer is ON: inactive players will automatically lose when time's up. (requested by SquilliamTG)
|inactive|slysly has 120 seconds left.
|
|t:|1769402294
|teamsize|p1|6
|teamsize|p2|6
|start
|switch|p1a: Great Tusk|Great Tusk|100/100
|switch|p2a: Clodsire|Clodsire, M|100/100
|turn|1
|
|t:|1769402301
|switch|p2a: Hippowdon|Hippowdon, F|100/100
|-weather|Sandstorm|[from] ability: Sand Stream|[of] p2a: Hippowdon
|move|p1a: Great Tusk|Stealth Rock|p2a: Hippowdon
|-sidestart|p2: slysly|move: Stealth Rock
|
|-weather|Sandstorm|[upkeep]
|upkeep
|turn|2
|
|t:|1769402308
|-end|p1a: Great Tusk|Protosynthesis|[silent]
|switch|p1a: Dragonite|Dragonite, M|100/100
|move|p2a: Hippowdon|Stealth Rock|p1a: Dragonite
|-sidestart|p1: SquilliamTG|move: Stealth Rock
|
|-weather|Sandstorm|[upkeep]
|-damage|p1a: Dragonite|94/100|[from] Sandstorm
|upkeep
|turn|3
|
|t:|1769402314
|move|p1a: Dragonite|Encore|p2a: Hippowdon
|-start|p2a: Hippowdon|Encore
|move|p2a: Hippowdon|Stealth Rock||[still]
|-fail|p2a: Hippowdon
|
|-weather|Sandstorm|[upkeep]
|-damage|p1a: Dragonite|88/100|[from] Sandstorm
|upkeep
|turn|4
|
|t:|1769402324
|switch|p1a: Magnezone|Magnezone|100/100
|-damage|p1a: Magnezone|94/100|[from] Stealth Rock
|switch|p2a: Corviknight|Corviknight, M|100/100
|-damage|p2a: Corviknight|88/100|[from] Stealth Rock
|-ability|p2a: Corviknight|Pressure
|
|-weather|Sandstorm|[upkeep]
|-heal|p2a: Corviknight|94/100|[from] item: Leftovers
|upkeep
|turn|5
|
|t:|1769402352
|-terastallize|p2a: Corviknight|Dragon
|move|p1a: Magnezone|Thunderbolt|p2a: Corviknight
|-resisted|p2a: Corviknight
|-damage|p2a: Corviknight|59/100
|move|p2a: Corviknight|Defog|p1a: Magnezone
|-unboost|p1a: Magnezone|evasion|1
|-sideend|p1: SquilliamTG|Stealth Rock|[from] move: Defog|[of] p2a: Corviknight
|-sideend|p2: slysly|Stealth Rock|[from] move: Defog|[of] p2a: Corviknight
|
|-weather|none
|-heal|p2a: Corviknight|65/100|[from] item: Leftovers
|upkeep
|turn|6
|
|t:|1769402364
|switch|p1a: Great Tusk|Great Tusk|100/100
|move|p2a: Corviknight|Iron Defense|p2a: Corviknight
|-boost|p2a: Corviknight|def|2
|
|-heal|p2a: Corviknight|71/100|[from] item: Leftovers
|upkeep
|turn|7
|
|t:|1769402375
|move|p1a: Great Tusk|Stealth Rock|p2a: Corviknight
|-sidestart|p2: slysly|move: Stealth Rock
|move|p2a: Corviknight|Body Press|p1a: Great Tusk
|-damage|p1a: Great Tusk|64/100
|
|-heal|p2a: Corviknight|77/100|[from] item: Leftovers
|upkeep
|turn|8
|
|t:|1769402381
|-end|p1a: Great Tusk|Protosynthesis|[silent]
|switch|p1a: Magnezone|Magnezone|94/100
|move|p2a: Corviknight|Defog|p1a: Magnezone
|-unboost|p1a: Magnezone|evasion|1
|-sideend|p2: slysly|Stealth Rock|[from] move: Defog|[of] p2a: Corviknight
|
|-heal|p2a: Corviknight|83/100|[from] item: Leftovers
|upkeep
|turn|9
|
|t:|1769402388
|switch|p2a: Heatran|Heatran, M|100/100
|move|p1a: Magnezone|Flash Cannon|p2a: Heatran
|-resisted|p2a: Heatran
|-damage|p2a: Heatran|91/100
|
|-heal|p2a: Heatran|97/100|[from] item: Leftovers
|upkeep
|turn|10
|
|t:|1769402395
|switch|p1a: Alomomola|Alomomola, F|100/100
|move|p2a: Heatran|Magma Storm|p1a: Alomomola
|-resisted|p1a: Alomomola
|-crit|p1a: Alomomola
|-damage|p1a: Alomomola|59/100
|-activate|p1a: Alomomola|move: Magma Storm|[of] p2a: Heatran
|
|-heal|p2a: Heatran|100/100|[from] item: Leftovers
|-damage|p1a: Alomomola|47/100|[from] move: Magma Storm|[partiallytrapped]
|upkeep
|turn|11
|
|t:|1769402410
|move|p2a: Heatran|Earth Power|p1a: Alomomola
|-damage|p1a: Alomomola|16/100
|-unboost|p1a: Alomomola|spd|1
|move|p1a: Alomomola|Flip Turn|p2a: Heatran
|-supereffective|p2a: Heatran
|-damage|p2a: Heatran|72/100
|
|t:|1769402417
|switch|p1a: Great Tusk|Great Tusk|64/100|[from] Flip Turn
|
|-heal|p2a: Heatran|78/100|[from] item: Leftovers
|upkeep
|turn|12
|
|t:|1769402425
|switch|p2a: Hippowdon|Hippowdon, F|100/100
|-weather|Sandstorm|[from] ability: Sand Stream|[of] p2a: Hippowdon
|move|p1a: Great Tusk|Headlong Rush|p2a: Hippowdon
|-damage|p2a: Hippowdon|67/100
|-unboost|p1a: Great Tusk|def|1
|-unboost|p1a: Great Tusk|spd|1
|-damage|p1a: Great Tusk|48/100|[from] item: Rocky Helmet|[of] p2a: Hippowdon
|
|-weather|Sandstorm|[upkeep]
|upkeep
|turn|13
|
|t:|1769402435
|move|p1a: Great Tusk|Stealth Rock|p2a: Hippowdon
|-sidestart|p2: slysly|move: Stealth Rock
|move|p2a: Hippowdon|Stealth Rock|p1a: Great Tusk
|-sidestart|p1: SquilliamTG|move: Stealth Rock
|
|-weather|Sandstorm|[upkeep]
|upkeep
|turn|14
|
|t:|1769402441
|-end|p1a: Great Tusk|Protosynthesis|[silent]
|switch|p1a: Alomomola|Alomomola, F|50/100
|move|p2a: Hippowdon|Slack Off|p2a: Hippowdon
|-heal|p2a: Hippowdon|100/100
|
|-weather|Sandstorm|[upkeep]
|-damage|p1a: Alomomola|44/100|[from] Sandstorm
|upkeep
|turn|15
|
|t:|1769402453
|switch|p1a: Dragonite|Dragonite, M|88/100
|move|p2a: Hippowdon|Earthquake|p1a: Dragonite
|-immune|p1a: Dragonite
|
|-weather|Sandstorm|[upkeep]
|-damage|p1a: Dragonite|82/100|[from] Sandstorm
|upkeep
|turn|16
|
|t:|1769402460
|switch|p2a: Corviknight|Corviknight, M, tera:Dragon|83/100
|-damage|p2a: Corviknight|71/100|[from] Stealth Rock
|-ability|p2a: Corviknight|Pressure
|move|p1a: Dragonite|Dragon Dance|p1a: Dragonite
|-boost|p1a: Dragonite|atk|1
|-boost|p1a: Dragonite|spe|1
|
|-weather|none
|-heal|p2a: Corviknight|77/100|[from] item: Leftovers
|upkeep
|turn|17
|
|t:|1769402471
|move|p1a: Dragonite|Earthquake|p2a: Corviknight
|-damage|p2a: Corviknight|47/100
|move|p2a: Corviknight|Iron Defense|p2a: Corviknight
|-boost|p2a: Corviknight|def|2
|
|-heal|p2a: Corviknight|53/100|[from] item: Leftovers
|upkeep
|turn|18
|
|t:|1769402478
|move|p1a: Dragonite|Encore|p2a: Corviknight
|-start|p2a: Corviknight|Encore
|move|p2a: Corviknight|Iron Defense|p2a: Corviknight
|-boost|p2a: Corviknight|def|2
|
|-heal|p2a: Corviknight|59/100|[from] item: Leftovers
|upkeep
|turn|19
|inactive|slysly has 120 seconds left.
|
|t:|1769402508
|switch|p1a: Zamazenta|Zamazenta|100/100
|-damage|p1a: Zamazenta|94/100|[from] Stealth Rock
|-ability|p1a: Zamazenta|Dauntless Shield|boost
|-boost|p1a: Zamazenta|def|1
|switch|p2a: Hippowdon|Hippowdon, F|100/100
|-damage|p2a: Hippowdon|94/100|[from] Stealth Rock
|-weather|Sandstorm|[from] ability: Sand Stream|[of] p2a: Hippowdon
|
|-weather|Sandstorm|[upkeep]
|-damage|p1a: Zamazenta|88/100|[from] Sandstorm
|upkeep
|turn|20
|
|t:|1769402520
|move|p1a: Zamazenta|Close Combat|p2a: Hippowdon
|-damage|p2a: Hippowdon|47/100
|-unboost|p1a: Zamazenta|def|1
|-unboost|p1a: Zamazenta|spd|1
|-damage|p1a: Zamazenta|72/100|[from] item: Rocky Helmet|[of] p2a: Hippowdon
|move|p2a: Hippowdon|Whirlwind|p1a: Zamazenta
|drag|p1a: Slowking|Slowking-Galar, F|100/100
|
|-weather|Sandstorm|[upkeep]
|-damage|p1a: Slowking|94/100|[from] Sandstorm
|upkeep
|turn|21
|inactive|slysly has 120 seconds left.
|inactive|slysly has 90 seconds left.
|
|t:|1769402598
|switch|p2a: Clodsire|Clodsire, M|100/100
|-damage|p2a: Clodsire|94/100|[from] Stealth Rock
|-prepare|p1a: Slowking|Chilly Reception|[premajor]
|move|p1a: Slowking|Chilly Reception|p1a: Slowking
|-weather|Snowscape
|
|t:|1769402605
|switch|p1a: Great Tusk|Great Tusk|48/100|[from] Chilly Reception
|
|-weather|Snowscape|[upkeep]
|-heal|p2a: Clodsire|100/100|[from] item: Leftovers
|upkeep
|turn|22
|
|t:|1769402615
|switch|p2a: Corviknight|Corviknight, M, tera:Dragon|59/100
|-damage|p2a: Corviknight|47/100|[from] Stealth Rock
|-ability|p2a: Corviknight|Pressure
|move|p1a: Great Tusk|Ice Spinner|p2a: Corviknight
|-supereffective|p2a: Corviknight
|-damage|p2a: Corviknight|14/100
|
|-weather|Snowscape|[upkeep]
|-heal|p2a: Corviknight|20/100|[from] item: Leftovers
|upkeep
|turn|23
|
|t:|1769402636
|move|p1a: Great Tusk|Ice Spinner|p2a: Corviknight
|-supereffective|p2a: Corviknight
|-damage|p2a: Corviknight|0 fnt
|faint|p2a: Corviknight
|
|-weather|Snowscape|[upkeep]
|upkeep
|
|t:|1769402638
|switch|p2a: Hippowdon|Hippowdon, F|47/100
|-damage|p2a: Hippowdon|41/100|[from] Stealth Rock
|-weather|Sandstorm|[from] ability: Sand Stream|[of] p2a: Hippowdon
|turn|24
|
|t:|1769402647
|-end|p1a: Great Tusk|Protosynthesis|[silent]
|switch|p1a: Alomomola|Alomomola, F|77/100
|move|p2a: Hippowdon|Slack Off|p2a: Hippowdon
|-heal|p2a: Hippowdon|91/100
|
|-weather|Sandstorm|[upkeep]
|-damage|p1a: Alomomola|71/100|[from] Sandstorm
|upkeep
|turn|25
|
|t:|1769402654
|switch|p2a: Clodsire|Clodsire, M|100/100
|-damage|p2a: Clodsire|94/100|[from] Stealth Rock
|move|p1a: Alomomola|Wish|p1a: Alomomola
|
|-weather|Sandstorm|[upkeep]
|-damage|p1a: Alomomola|65/100|[from] Sandstorm
|-heal|p2a: Clodsire|100/100|[from] item: Leftovers
|upkeep
|turn|26
|inactive|slysly has 90 seconds left.
|
|t:|1769402672
|switch|p1a: Great Tusk|Great Tusk|48/100
|move|p2a: Clodsire|Poison Jab|p1a: Great Tusk
|-resisted|p1a: Great Tusk
|-damage|p1a: Great Tusk|39/100
|
|-weather|Sandstorm|[upkeep]
|-heal|p1a: Great Tusk|100/100|[from] move: Wish|[wisher] Alomomola
|upkeep
|turn|27
|inactive|slysly has 90 seconds left.
|
|t:|1769402687
|switch|p2a: Hippowdon|Hippowdon, F|91/100
|-damage|p2a: Hippowdon|85/100|[from] Stealth Rock
|move|p1a: Great Tusk|Rapid Spin|p2a: Hippowdon
|-damage|p2a: Hippowdon|76/100
|-boost|p1a: Great Tusk|spe|1
|-damage|p1a: Great Tusk|84/100|[from] item: Rocky Helmet|[of] p2a: Hippowdon
|-sideend|p1: SquilliamTG|Stealth Rock|[from] move: Rapid Spin|[of] p1a: Great Tusk
|
|-weather|Sandstorm|[upkeep]
|upkeep
|turn|28
|
|t:|1769402697
|-end|p1a: Great Tusk|Protosynthesis|[silent]
|switch|p1a: Dragonite|Dragonite, M|82/100
|move|p2a: Hippowdon|Stealth Rock|p1a: Dragonite
|-sidestart|p1: SquilliamTG|move: Stealth Rock
|
|-weather|none
|upkeep
|turn|29
|
|t:|1769402720
|switch|p2a: Gliscor|Gliscor, F|100/100
|-damage|p2a: Gliscor|88/100|[from] Stealth Rock
|move|p1a: Dragonite|Dragon Dance|p1a: Dragonite
|-boost|p1a: Dragonite|atk|1
|-boost|p1a: Dragonite|spe|1
|
|-status|p2a: Gliscor|tox|[from] item: Toxic Orb
|upkeep
|turn|30
|inactive|SquilliamTG has 120 seconds left.
|
|t:|1769402740
|switch|p1a: Slowking|Slowking-Galar, F|100/100
|move|p2a: Gliscor|Knock Off|p1a: Slowking
|-supereffective|p1a: Slowking
|-damage|p1a: Slowking|57/100
|-enditem|p1a: Slowking|Heavy-Duty Boots|[from] move: Knock Off|[of] p2a: Gliscor
|
|-heal|p2a: Gliscor|100/100 tox|[from] ability: Poison Heal
|upkeep
|turn|31
|inactive|SquilliamTG has 120 seconds left.
|
|t:|1769402756
|move|p2a: Gliscor|U-turn|p1a: Slowking
|-damage|p1a: Slowking|42/100
|
|t:|1769402768
|switch|p2a: Clodsire|Clodsire, M|100/100|[from] U-turn
|-damage|p2a: Clodsire|94/100|[from] Stealth Rock
|move|p1a: Slowking|Ice Beam|p2a: Clodsire
|-supereffective|p2a: Clodsire
|-damage|p2a: Clodsire|65/100
|
|-heal|p2a: Clodsire|71/100|[from] item: Leftovers
|upkeep
|turn|32
|
|t:|1769402782
|switch|p1a: Dragonite|Dragonite, M|82/100
|move|p2a: Clodsire|Toxic Spikes|p1a: Dragonite
|-sidestart|p1: SquilliamTG|move: Toxic Spikes
|
|-heal|p2a: Clodsire|77/100|[from] item: Leftovers
|upkeep
|turn|33
|
|t:|1769402790
|switch|p2a: Gliscor|Gliscor, F|100/100 tox
|-damage|p2a: Gliscor|88/100 tox|[from] Stealth Rock
|move|p1a: Dragonite|Encore||[still]
|-fail|p1a: Dragonite
|
|-heal|p2a: Gliscor|100/100 tox|[from] ability: Poison Heal
|upkeep
|turn|34
|
|t:|1769402799
|switch|p1a: Slowking|Slowking-Galar, F|75/100
|-damage|p1a: Slowking|62/100|[from] Stealth Rock
|-sideend|p1: SquilliamTG|move: Toxic Spikes|[of] p1a: Slowking
|move|p2a: Gliscor|Spikes|p1a: Slowking
|-sidestart|p1: SquilliamTG|Spikes
|
|upkeep
|turn|35
|
|t:|1769402806
|switch|p1a: Great Tusk|Great Tusk|84/100
|move|p2a: Gliscor|U-turn|p1a: Great Tusk
|-resisted|p1a: Great Tusk
|-crit|p1a: Great Tusk
|-damage|p1a: Great Tusk|75/100
|
|t:|1769402814
|switch|p2a: Hippowdon|Hippowdon, F|76/100|[from] U-turn
|-damage|p2a: Hippowdon|70/100|[from] Stealth Rock
|-weather|Sandstorm|[from] ability: Sand Stream|[of] p2a: Hippowdon
|
|-weather|Sandstorm|[upkeep]
|upkeep
|turn|36
|
|t:|1769402820
|move|p1a: Great Tusk|Rapid Spin|p2a: Hippowdon
|-damage|p2a: Hippowdon|61/100
|-boost|p1a: Great Tusk|spe|1
|-damage|p1a: Great Tusk|59/100|[from] item: Rocky Helmet|[of] p2a: Hippowdon
|-sideend|p1: SquilliamTG|Spikes|[from] move: Rapid Spin|[of] p1a: Great Tusk
|-sideend|p1: SquilliamTG|Stealth Rock|[from] move: Rapid Spin|[of] p1a: Great Tusk
|move|p2a: Hippowdon|Earthquake|p1a: Great Tusk
|-damage|p1a: Great Tusk|31/100
|
|-weather|Sandstorm|[upkeep]
|upkeep
|turn|37
|
|t:|1769402830
|-end|p1a: Great Tusk|Protosynthesis|[silent]
|switch|p1a: Magnezone|Magnezone|94/100
|move|p2a: Hippowdon|Slack Off|p2a: Hippowdon
|-heal|p2a: Hippowdon|100/100
|
|-weather|Sandstorm|[upkeep]
|upkeep
|turn|38
|
|t:|1769402838
|switch|p2a: Heatran|Heatran, M|78/100
|-damage|p2a: Heatran|66/100|[from] Stealth Rock
|move|p1a: Magnezone|Flash Cannon|p2a: Heatran
|-resisted|p2a: Heatran
|-damage|p2a: Heatran|57/100
|-unboost|p2a: Heatran|spd|1
|
|-weather|Sandstorm|[upkeep]
|-heal|p2a: Heatran|63/100|[from] item: Leftovers
|upkeep
|turn|39
|
|t:|1769402849
|switch|p1a: Alomomola|Alomomola, F|98/100
|move|p2a: Heatran|Earth Power|p1a: Alomomola
|-damage|p1a: Alomomola|67/100
|-unboost|p1a: Alomomola|spd|1
|
|-weather|none
|-heal|p2a: Heatran|69/100|[from] item: Leftovers
|upkeep
|turn|40
|
|t:|1769402857
|move|p2a: Heatran|Taunt|p1a: Alomomola
|-start|p1a: Alomomola|move: Taunt
|move|p1a: Alomomola|Flip Turn|p2a: Heatran
|-supereffective|p2a: Heatran
|-damage|p2a: Heatran|38/100
|
|t:|1769402875
|switch|p1a: Zamazenta|Zamazenta|72/100|[from] Flip Turn
|
|-heal|p2a: Heatran|44/100|[from] item: Leftovers
|upkeep
|turn|41
|
|t:|1769402883
|switch|p2a: Gliscor|Gliscor, F|100/100 tox
|-damage|p2a: Gliscor|88/100 tox|[from] Stealth Rock
|move|p1a: Zamazenta|Close Combat|p2a: Gliscor
|-resisted|p2a: Gliscor
|-damage|p2a: Gliscor|63/100 tox
|-unboost|p1a: Zamazenta|def|1
|-unboost|p1a: Zamazenta|spd|1
|
|-heal|p2a: Gliscor|76/100 tox|[from] ability: Poison Heal
|upkeep
|turn|42
|
|t:|1769402900
|switch|p1a: Alomomola|Alomomola, F|99/100
|move|p2a: Gliscor|U-turn|p1a: Alomomola
|-damage|p1a: Alomomola|92/100
|
|t:|1769402912
|switch|p2a: Clodsire|Clodsire, M|77/100|[from] U-turn
|-damage|p2a: Clodsire|71/100|[from] Stealth Rock
|
|-heal|p2a: Clodsire|77/100|[from] item: Leftovers
|upkeep
|turn|43
|
|t:|1769402918
|move|p1a: Alomomola|Wish|p1a: Alomomola
|move|p2a: Clodsire|Poison Jab|p1a: Alomomola
|-damage|p1a: Alomomola|81/100
|-status|p1a: Alomomola|psn
|
|-heal|p2a: Clodsire|84/100|[from] item: Leftovers
|-damage|p1a: Alomomola|68/100 psn|[from] psn
|upkeep
|turn|44
|
|t:|1769402926
|switch|p1a: Great Tusk|Great Tusk|31/100
|move|p2a: Clodsire|Poison Jab|p1a: Great Tusk
|-resisted|p1a: Great Tusk
|-damage|p1a: Great Tusk|23/100
|-status|p1a: Great Tusk|psn
|
|-heal|p1a: Great Tusk|95/100 psn|[from] move: Wish|[wisher] Alomomola
|-heal|p2a: Clodsire|90/100|[from] item: Leftovers
|-damage|p1a: Great Tusk|82/100 psn|[from] psn
|upkeep
|turn|45
|
|t:|1769402945
|-end|p1a: Great Tusk|Protosynthesis|[silent]
|switch|p1a: Slowking|Slowking-Galar, F|96/100
|switch|p2a: Hippowdon|Hippowdon, F|100/100
|-damage|p2a: Hippowdon|94/100|[from] Stealth Rock
|-weather|Sandstorm|[from] ability: Sand Stream|[of] p2a: Hippowdon
|
|-weather|Sandstorm|[upkeep]
|-damage|p1a: Slowking|90/100|[from] Sandstorm
|upkeep
|turn|46
|
|t:|1769402956
|move|p2a: Hippowdon|Stealth Rock|p1a: Slowking
|-sidestart|p1: SquilliamTG|move: Stealth Rock
|move|p1a: Slowking|Future Sight|p2a: Hippowdon
|-start|p1a: Slowking|move: Future Sight
|
|-weather|Sandstorm|[upkeep]
|-damage|p1a: Slowking|83/100|[from] Sandstorm
|upkeep
|turn|47
|inactive|slysly has 120 seconds left.
|inactive|slysly has 90 seconds left.
|
|t:|1769403027
|switch|p1a: Alomomola|Alomomola, F|100/100 psn
|move|p2a: Hippowdon|Earthquake|p1a: Alomomola
|-damage|p1a: Alomomola|80/100 psn
|
|-weather|Sandstorm|[upkeep]
|-damage|p1a: Alomomola|74/100 psn|[from] Sandstorm
|-damage|p1a: Alomomola|62/100 psn|[from] psn
|upkeep
|turn|48
|inactive|SquilliamTG has 120 seconds left.
|
|t:|1769403053
|switch|p1a: Slowking|Slowking-Galar, F|100/100
|-damage|p1a: Slowking|88/100|[from] Stealth Rock
|switch|p2a: Clodsire|Clodsire, M|90/100
|-damage|p2a: Clodsire|84/100|[from] Stealth Rock
|
|-weather|Sandstorm|[upkeep]
|-damage|p1a: Slowking|82/100|[from] Sandstorm
|-end|p2a: Clodsire|move: Future Sight
|-supereffective|p2a: Clodsire
|-damage|p2a: Clodsire|30/100
|-heal|p2a: Clodsire|36/100|[from] item: Leftovers
|upkeep
|turn|49
|inactive|slysly has 90 seconds left.
|
|t:|1769403066
|move|p1a: Slowking|Future Sight|p2a: Clodsire
|-start|p1a: Slowking|move: Future Sight
|move|p2a: Clodsire|Recover|p2a: Clodsire
|-heal|p2a: Clodsire|86/100
|
|-weather|none
|-heal|p2a: Clodsire|92/100|[from] item: Leftovers
|upkeep
|turn|50
|inactive|slysly has 90 seconds left.
|
|t:|1769403078
|-prepare|p1a: Slowking|Chilly Reception|[premajor]
|move|p1a: Slowking|Chilly Reception|p1a: Slowking
|-weather|Snowscape
|
|t:|1769403084
|switch|p1a: Great Tusk|Great Tusk|82/100 psn|[from] Chilly Reception
|move|p2a: Clodsire|Recover|p2a: Clodsire
|-heal|p2a: Clodsire|100/100
|
|-weather|Snowscape|[upkeep]
|-damage|p1a: Great Tusk|70/100 psn|[from] psn
|upkeep
|turn|51
|inactive|SquilliamTG has 120 seconds left.
|inactive|slysly has 90 seconds left.
|
|t:|1769403099
|switch|p2a: Gliscor|Gliscor, F|76/100 tox
|-damage|p2a: Gliscor|63/100 tox|[from] Stealth Rock
|move|p1a: Great Tusk|Ice Spinner|p2a: Gliscor
|-supereffective|p2a: Gliscor
|-damage|p2a: Gliscor|0 fnt
|faint|p2a: Gliscor
|
|-weather|Snowscape|[upkeep]
|-hint|Future Sight did not hit because the target is fainted.
|-damage|p1a: Great Tusk|57/100 psn|[from] psn
|upkeep
|inactive|slysly has 90 seconds left.
|
|t:|1769403110
|switch|p2a: Hippowdon|Hippowdon, F|94/100
|-damage|p2a: Hippowdon|88/100|[from] Stealth Rock
|-weather|Sandstorm|[from] ability: Sand Stream|[of] p2a: Hippowdon
|turn|52
|inactive|slysly has 90 seconds left.
|
|t:|1769403118
|-end|p1a: Great Tusk|Protosynthesis|[silent]
|switch|p1a: Alomomola|Alomomola, F|95/100 psn
|switch|p2a: Excadrill|Excadrill, M|100/100
|-damage|p2a: Excadrill|97/100|[from] Stealth Rock
|
|-weather|Sandstorm|[upkeep]
|-damage|p1a: Alomomola|89/100 psn|[from] Sandstorm
|-damage|p1a: Alomomola|76/100 psn|[from] psn
|upkeep
|turn|53
|
|t:|1769403127
|move|p2a: Excadrill|Earthquake|p1a: Alomomola
|-damage|p1a: Alomomola|32/100 psn
|move|p1a: Alomomola|Flip Turn|p2a: Excadrill
|-supereffective|p2a: Excadrill
|-damage|p2a: Excadrill|47/100
|
|t:|1769403138
|switch|p1a: Dragonite|Dragonite, M|82/100|[from] Flip Turn
|
|-weather|Sandstorm|[upkeep]
|-damage|p1a: Dragonite|76/100|[from] Sandstorm
|upkeep
|turn|54
|
|t:|1769403154
|switch|p2a: Hippowdon|Hippowdon, F|88/100
|-damage|p2a: Hippowdon|82/100|[from] Stealth Rock
|move|p1a: Dragonite|Earthquake|p2a: Hippowdon
|-damage|p2a: Hippowdon|65/100
|
|-weather|Sandstorm|[upkeep]
|-damage|p1a: Dragonite|70/100|[from] Sandstorm
|upkeep
|turn|55
|inactive|slysly has 120 seconds left.
|
|t:|1769403163
|move|p1a: Dragonite|Dragon Dance|p1a: Dragonite
|-boost|p1a: Dragonite|atk|1
|-boost|p1a: Dragonite|spe|1
|move|p2a: Hippowdon|Whirlwind|p1a: Dragonite
|drag|p1a: Great Tusk|Great Tusk|57/100 psn
|
|-weather|Sandstorm|[upkeep]
|-damage|p1a: Great Tusk|45/100 psn|[from] psn
|upkeep
|turn|56
|
|t:|1769403171
|-end|p1a: Great Tusk|Protosynthesis|[silent]
|switch|p1a: Alomomola|Alomomola, F|65/100 psn
|move|p2a: Hippowdon|Whirlwind|p1a: Alomomola
|drag|p1a: Dragonite|Dragonite, M|70/100
|
|-weather|none
|upkeep
|turn|57
|
|t:|1769403179
|move|p1a: Dragonite|Encore|p2a: Hippowdon
|-start|p2a: Hippowdon|Encore
|move|p2a: Hippowdon|Whirlwind|p1a: Dragonite
|drag|p1a: Magnezone|Magnezone|94/100
|-damage|p1a: Magnezone|88/100|[from] Stealth Rock
|
|upkeep
|turn|58
|
|t:|1769403195
|switch|p2a: Clodsire|Clodsire, M|100/100
|-damage|p2a: Clodsire|94/100|[from] Stealth Rock
|move|p1a: Magnezone|Flash Cannon|p2a: Clodsire
|-damage|p2a: Clodsire|57/100
|
|-heal|p2a: Clodsire|63/100|[from] item: Leftovers
|upkeep
|turn|59
|
|t:|1769403203
|move|p1a: Magnezone|Flash Cannon|p2a: Clodsire
|-damage|p2a: Clodsire|25/100
|move|p2a: Clodsire|Recover|p2a: Clodsire
|-heal|p2a: Clodsire|75/100
|
|-heal|p2a: Clodsire|81/100|[from] item: Leftovers
|upkeep
|turn|60
|
|t:|1769403211
|switch|p1a: Alomomola|Alomomola, F|98/100 psn
|move|p2a: Clodsire|Recover|p2a: Clodsire
|-heal|p2a: Clodsire|100/100
|
|-damage|p1a: Alomomola|86/100 psn|[from] psn
|upkeep
|turn|61
|
|t:|1769403228
|switch|p2a: Hippowdon|Hippowdon, F|65/100
|-damage|p2a: Hippowdon|58/100|[from] Stealth Rock
|-weather|Sandstorm|[from] ability: Sand Stream|[of] p2a: Hippowdon
|move|p1a: Alomomola|Wish|p1a: Alomomola
|
|-weather|Sandstorm|[upkeep]
|-damage|p1a: Alomomola|80/100 psn|[from] Sandstorm
|-damage|p1a: Alomomola|68/100 psn|[from] psn
|upkeep
|turn|62
|
|t:|1769403242
|switch|p1a: Zamazenta|Zamazenta|72/100
|-damage|p1a: Zamazenta|65/100|[from] Stealth Rock
|switch|p2a: Clodsire|Clodsire, M|100/100
|-damage|p2a: Clodsire|94/100|[from] Stealth Rock
|
|-weather|Sandstorm|[upkeep]
|-damage|p1a: Zamazenta|59/100|[from] Sandstorm
|-heal|p1a: Zamazenta|100/100|[from] move: Wish|[wisher] Alomomola
|-heal|p2a: Clodsire|100/100|[from] item: Leftovers
|upkeep
|turn|63
|
|t:|1769403254
|switch|p1a: Alomomola|Alomomola, F|100/100 psn
|move|p2a: Clodsire|Poison Jab|p1a: Alomomola
|-damage|p1a: Alomomola|89/100 psn
|
|-weather|Sandstorm|[upkeep]
|-damage|p1a: Alomomola|83/100 psn|[from] Sandstorm
|-damage|p1a: Alomomola|70/100 psn|[from] psn
|upkeep
|turn|64
|
|t:|1769403263
|switch|p2a: Hippowdon|Hippowdon, F|58/100
|-damage|p2a: Hippowdon|52/100|[from] Stealth Rock
|move|p1a: Alomomola|Wish|p1a: Alomomola
|
|-weather|Sandstorm|[upkeep]
|-damage|p1a: Alomomola|64/100 psn|[from] Sandstorm
|-damage|p1a: Alomomola|52/100 psn|[from] psn
|upkeep
|turn|65
|
|t:|1769403272
|switch|p1a: Dragonite|Dragonite, M|70/100
|move|p2a: Hippowdon|Whirlwind|p1a: Dragonite
|drag|p1a: Alomomola|Alomomola, F|85/100 psn
|
|-weather|none
|-heal|p1a: Alomomola|100/100 psn|[from] move: Wish|[wisher] Alomomola
|-damage|p1a: Alomomola|88/100 psn|[from] psn
|upkeep
|turn|66
|
|t:|1769403280
|move|p1a: Alomomola|Wish|p1a: Alomomola
|move|p2a: Hippowdon|Slack Off|p2a: Hippowdon
|-heal|p2a: Hippowdon|100/100
|
|-damage|p1a: Alomomola|76/100 psn|[from] psn
|upkeep
|turn|67
|
|t:|1769403290
|switch|p1a: Slowking|Slowking-Galar, F|100/100
|-damage|p1a: Slowking|88/100|[from] Stealth Rock
|move|p2a: Hippowdon|Whirlwind|p1a: Slowking
|drag|p1a: Magnezone|Magnezone|88/100
|-damage|p1a: Magnezone|82/100|[from] Stealth Rock
|
|-heal|p1a: Magnezone|100/100|[from] move: Wish|[wisher] Alomomola
|upkeep
|turn|68
|
|t:|1769403300
|switch|p1a: Alomomola|Alomomola, F|100/100 psn
|switch|p2a: Clodsire|Clodsire, M|100/100
|-damage|p2a: Clodsire|94/100|[from] Stealth Rock
|
|-heal|p2a: Clodsire|100/100|[from] item: Leftovers
|-damage|p1a: Alomomola|88/100 psn|[from] psn
|upkeep
|turn|69
|
|t:|1769403311
|switch|p2a: Excadrill|Excadrill, M|47/100
|-damage|p2a: Excadrill|44/100|[from] Stealth Rock
|move|p1a: Alomomola|Wish|p1a: Alomomola
|
|-damage|p1a: Alomomola|76/100 psn|[from] psn
|upkeep
|turn|70
|
|t:|1769403318
|switch|p2a: Clodsire|Clodsire, M|100/100
|-damage|p2a: Clodsire|94/100|[from] Stealth Rock
|move|p1a: Alomomola|Flip Turn|p2a: Clodsire
|-heal|p2a: Clodsire|100/100|[from] ability: Water Absorb|[of] p1a: Alomomola
|
|-heal|p1a: Alomomola|100/100 psn|[from] move: Wish|[wisher] Alomomola
|-damage|p1a: Alomomola|88/100 psn|[from] psn
|upkeep
|turn|71
|
|t:|1769403328
|switch|p2a: Hippowdon|Hippowdon, F|100/100
|-damage|p2a: Hippowdon|94/100|[from] Stealth Rock
|-weather|Sandstorm|[from] ability: Sand Stream|[of] p2a: Hippowdon
|move|p1a: Alomomola|Wish|p1a: Alomomola
|
|-weather|Sandstorm|[upkeep]
|-damage|p1a: Alomomola|82/100 psn|[from] Sandstorm
|-damage|p1a: Alomomola|70/100 psn|[from] psn
|upkeep
|turn|72
|
|t:|1769403339
|switch|p1a: Zamazenta|Zamazenta|100/100
|-damage|p1a: Zamazenta|94/100|[from] Stealth Rock
|move|p2a: Hippowdon|Whirlwind|p1a: Zamazenta
|drag|p1a: Great Tusk|Great Tusk|45/100 psn
|
|-weather|Sandstorm|[upkeep]
|-heal|p1a: Great Tusk|100/100 psn|[from] move: Wish|[wisher] Alomomola
|-damage|p1a: Great Tusk|88/100 psn|[from] psn
|upkeep
|turn|73
|
|t:|1769403349
|-end|p1a: Great Tusk|Protosynthesis|[silent]
|switch|p1a: Alomomola|Alomomola, F|100/100 psn
|move|p2a: Hippowdon|Earthquake|p1a: Alomomola
|-damage|p1a: Alomomola|81/100 psn
|
|-weather|Sandstorm|[upkeep]
|-damage|p1a: Alomomola|75/100 psn|[from] Sandstorm
|-damage|p1a: Alomomola|63/100 psn|[from] psn
|upkeep
|turn|74
|
|t:|1769403358
|move|p1a: Alomomola|Wish|p1a: Alomomola
|move|p2a: Hippowdon|Earthquake|p1a: Alomomola
|-damage|p1a: Alomomola|41/100 psn
|
|-weather|Sandstorm|[upkeep]
|-damage|p1a: Alomomola|35/100 psn|[from] Sandstorm
|-damage|p1a: Alomomola|23/100 psn|[from] psn
|upkeep
|turn|75
|
|t:|1769403372
|switch|p1a: Zamazenta|Zamazenta|94/100
|-damage|p1a: Zamazenta|88/100|[from] Stealth Rock
|move|p2a: Hippowdon|Whirlwind|p1a: Zamazenta
|drag|p1a: Alomomola|Alomomola, F|56/100 psn
|
|-weather|none
|-heal|p1a: Alomomola|100/100 psn|[from] move: Wish|[wisher] Alomomola
|-damage|p1a: Alomomola|88/100 psn|[from] psn
|upkeep
|turn|76
|
|t:|1769403398
|switch|p1a: Dragonite|Dragonite, M|70/100
|switch|p2a: Clodsire|Clodsire, M|100/100
|-damage|p2a: Clodsire|94/100|[from] Stealth Rock
|
|-heal|p2a: Clodsire|100/100|[from] item: Leftovers
|upkeep
|turn|77
|
|t:|1769403406
|move|p1a: Dragonite|Earthquake|p2a: Clodsire
|-supereffective|p2a: Clodsire
|-damage|p2a: Clodsire|37/100
|move|p2a: Clodsire|Toxic Spikes|p1a: Dragonite
|-sidestart|p1: SquilliamTG|move: Toxic Spikes
|
|-heal|p2a: Clodsire|44/100|[from] item: Leftovers
|upkeep
|turn|78
|
|t:|1769403413
|switch|p2a: Hippowdon|Hippowdon, F|94/100
|-damage|p2a: Hippowdon|88/100|[from] Stealth Rock
|-weather|Sandstorm|[from] ability: Sand Stream|[of] p2a: Hippowdon
|move|p1a: Dragonite|Earthquake|p2a: Hippowdon
|-damage|p2a: Hippowdon|68/100
|
|-weather|Sandstorm|[upkeep]
|-damage|p1a: Dragonite|63/100|[from] Sandstorm
|upkeep
|turn|79
|
|t:|1769403423
|move|p1a: Dragonite|Earthquake|p2a: Hippowdon
|-damage|p2a: Hippowdon|49/100
|move|p2a: Hippowdon|Whirlwind|p1a: Dragonite
|drag|p1a: Great Tusk|Great Tusk|88/100 psn
|
|-weather|Sandstorm|[upkeep]
|-damage|p1a: Great Tusk|76/100 psn|[from] psn
|upkeep
|turn|80
|
|t:|1769403430
|move|p1a: Great Tusk|Rapid Spin|p2a: Hippowdon
|-damage|p2a: Hippowdon|40/100
|-boost|p1a: Great Tusk|spe|1
|-damage|p1a: Great Tusk|59/100 psn|[from] item: Rocky Helmet|[of] p2a: Hippowdon
|-sideend|p1: SquilliamTG|Toxic Spikes|[from] move: Rapid Spin|[of] p1a: Great Tusk
|-sideend|p1: SquilliamTG|Stealth Rock|[from] move: Rapid Spin|[of] p1a: Great Tusk
|move|p2a: Hippowdon|Slack Off|p2a: Hippowdon
|-heal|p2a: Hippowdon|90/100
|
|-weather|Sandstorm|[upkeep]
|-damage|p1a: Great Tusk|47/100 psn|[from] psn
|upkeep
|turn|81
|
|t:|1769403444
|-end|p1a: Great Tusk|Protosynthesis|[silent]
|switch|p1a: Dragonite|Dragonite, M|63/100
|switch|p2a: Excadrill|Excadrill, M|44/100
|-damage|p2a: Excadrill|41/100|[from] Stealth Rock
|
|-weather|Sandstorm|[upkeep]
|-damage|p1a: Dragonite|57/100|[from] Sandstorm
|upkeep
|turn|82
|
|t:|1769403465
|switch|p1a: Magnezone|Magnezone|100/100
|move|p2a: Excadrill|Rapid Spin|p1a: Magnezone
|-resisted|p1a: Magnezone
|-damage|p1a: Magnezone|83/100
|-boost|p2a: Excadrill|spe|1
|-sideend|p2: slysly|Stealth Rock|[from] move: Rapid Spin|[of] p2a: Excadrill
|
|-weather|none
|upkeep
|turn|83
|
|t:|1769403479
|move|p2a: Excadrill|Rapid Spin|p1a: Magnezone
|-resisted|p1a: Magnezone
|-damage|p1a: Magnezone|67/100
|-boost|p2a: Excadrill|spe|1
|move|p1a: Magnezone|Flash Cannon|p2a: Excadrill
|-resisted|p2a: Excadrill
|-damage|p2a: Excadrill|0 fnt
|faint|p2a: Excadrill
|
|upkeep
|
|t:|1769403485
|switch|p2a: Heatran|Heatran, M|44/100
|turn|84
|
|t:|1769403499
|switch|p1a: Alomomola|Alomomola, F|100/100 psn
|move|p2a: Heatran|Magma Storm|p1a: Alomomola
|-resisted|p1a: Alomomola
|-damage|p1a: Alomomola|74/100 psn
|-activate|p1a: Alomomola|move: Magma Storm|[of] p2a: Heatran
|
|-heal|p2a: Heatran|50/100|[from] item: Leftovers
|-damage|p1a: Alomomola|61/100 psn|[from] psn
|-damage|p1a: Alomomola|49/100 psn|[from] move: Magma Storm|[partiallytrapped]
|upkeep
|turn|85
|
|t:|1769403509
|move|p2a: Heatran|Taunt|p1a: Alomomola
|-start|p1a: Alomomola|move: Taunt
|move|p1a: Alomomola|Flip Turn|p2a: Heatran
|-supereffective|p2a: Heatran
|-damage|p2a: Heatran|21/100
|
|t:|1769403522
|switch|p1a: Dragonite|Dragonite, M|57/100|[from] Flip Turn
|
|-heal|p2a: Heatran|27/100|[from] item: Leftovers
|upkeep
|turn|86
|
|t:|1769403530
|switch|p2a: Hippowdon|Hippowdon, F|90/100
|-weather|Sandstorm|[from] ability: Sand Stream|[of] p2a: Hippowdon
|move|p1a: Dragonite|Earthquake|p2a: Hippowdon
|-damage|p2a: Hippowdon|70/100
|
|-weather|Sandstorm|[upkeep]
|-damage|p1a: Dragonite|51/100|[from] Sandstorm
|upkeep
|turn|87
|
|t:|1769403538
|move|p1a: Dragonite|Earthquake|p2a: Hippowdon
|-damage|p2a: Hippowdon|52/100
|move|p2a: Hippowdon|Stealth Rock|p1a: Dragonite
|-sidestart|p1: SquilliamTG|move: Stealth Rock
|
|-weather|Sandstorm|[upkeep]
|-damage|p1a: Dragonite|45/100|[from] Sandstorm
|upkeep
|turn|88
|
|t:|1769403545
|move|p1a: Dragonite|Encore|p2a: Hippowdon
|-start|p2a: Hippowdon|Encore
|move|p2a: Hippowdon|Stealth Rock||[still]
|-fail|p2a: Hippowdon
|
|-weather|Sandstorm|[upkeep]
|-damage|p1a: Dragonite|39/100|[from] Sandstorm
|upkeep
|turn|89
|
|t:|1769403556
|switch|p2a: Heatran|Heatran, M|27/100
|move|p1a: Dragonite|Dragon Dance|p1a: Dragonite
|-boost|p1a: Dragonite|atk|1
|-boost|p1a: Dragonite|spe|1
|
|-weather|Sandstorm|[upkeep]
|-damage|p1a: Dragonite|32/100|[from] Sandstorm
|-heal|p2a: Heatran|33/100|[from] item: Leftovers
|upkeep
|turn|90
|
|t:|1769403565
|switch|p2a: Hippowdon|Hippowdon, F|52/100
|move|p1a: Dragonite|Earthquake|p2a: Hippowdon
|-damage|p2a: Hippowdon|24/100
|
|-weather|none
|upkeep
|turn|91
|c|☆SquilliamTG|gg
|
|t:|1769403571
|move|p1a: Dragonite|Earthquake|p2a: Hippowdon
|-crit|p2a: Hippowdon
|-damage|p2a: Hippowdon|0 fnt
|faint|p2a: Hippowdon
|
|upkeep
|-message|slysly forfeited.
|
|win|SquilliamTG
|raw|SquilliamTG's rating: 1519 &rarr; <strong>1540</strong><br />(+21 for winning)
|raw|slysly's rating: 1535 &rarr; <strong>1514</strong><br />(-21 for losing)
|l|☆slysly
|player|p2|
