|j|☆JayTL
|j|☆sbyinlil
|t:|1769406620
|gametype|singles
|player|p1|JayTL|102|1346
|player|p2|sbyinlil|169|1288
|gen|9
|tier|[Gen 9] OU
|rated|
|rule|HP Percentage Mod: HP is shown in percentages
|rule|Endless Battle Clause: Forcing endless battles is banned
|rule|Species Clause: Limit one of each Pokémon
|rule|OHKO Clause: OHKO moves are banned
|rule|Evasion Items Clause: Evasion items are banned
|rule|Evasion Moves Clause: Evasion moves are banned
|rule|Evasion Abilities Clause: Evasion abilities are banned
|rule|Sleep Moves Clause: Sleep-inducing moves are banned
|clearpoke
|poke|p1|Vikavolt, M|
|poke|p1|Gholdengo|
|poke|p1|Great Tusk|
|poke|p1|Kyurem|
|poke|p1|Volcanion|
|poke|p1|Ogerpon-Cornerstone, F|
|poke|p2|Sandy Shocks|
|poke|p2|Scizor, M|
|poke|p2|Manaphy|
|poke|p2|Latios, M|
|poke|p2|Ogerpon, F|
|poke|p2|Iron Jugulis|
|teampreview
|inactive|Battle timer is ON: inactive players will automatically lose when time's up. (requested by JayTL)
|inactive|sbyinlil has 120 seconds left.
|
|t:|1769406671
|teamsize|p1|6
|teamsize|p2|6
|start
|switch|p1a: Great Tusk|Great Tusk|100/100
|switch|p2a: Sandy Shocks|Sandy Shocks|100/100
|-enditem|p2a: Sandy Shocks|Booster Energy
|-activate|p2a: Sandy Shocks|ability: Protosynthesis|[fromitem]
|-start|p2a: Sandy Shocks|protosynthesisspe
|turn|1
|
|t:|1769406699
|move|p2a: Sandy Shocks|Stealth Rock|p1a: Great Tusk
|-sidestart|p1: JayTL|move: Stealth Rock
|move|p1a: Great Tusk|Knock Off|p2a: Sandy Shocks
|-damage|p2a: Sandy Shocks|75/100
|
|upkeep
|turn|2
|
|t:|1769406723
|move|p2a: Sandy Shocks|Earth Power|p1a: Great Tusk
|-damage|p1a: Great Tusk|36/100
|move|p1a: Great Tusk|Rapid Spin|p2a: Sandy Shocks
|-damage|p2a: Sandy Shocks|53/100
|-boost|p1a: Great Tusk|spe|1
|-sideend|p1: JayTL|Stealth Rock|[from] move: Rapid Spin|[of] p1a: Great Tusk
|
|-heal|p1a: Great Tusk|42/100|[from] item: Leftovers
|upkeep
|turn|3
|
|t:|1769406738
|-end|p1a: Great Tusk|Protosynthesis|[silent]
|switch|p1a: Gholdengo|Gholdengo|100/100
|-item|p1a: Gholdengo|Air Balloon
|move|p2a: Sandy Shocks|Earth Power|p1a: Gholdengo
|-immune|p1a: Gholdengo
|
|upkeep
|turn|4
|
|t:|1769406748
|move|p2a: Sandy Shocks|Stealth Rock|p1a: Gholdengo
|-sidestart|p1: JayTL|move: Stealth Rock
|move|p1a: Gholdengo|Shadow Ball|p2a: Sandy Shocks
|-damage|p2a: Sandy Shocks|9/100
|
|upkeep
|turn|5
|
|t:|1769406755
|move|p2a: Sandy Shocks|Discharge|p1a: Gholdengo
|-damage|p1a: Gholdengo|73/100
|-enditem|p1a: Gholdengo|Air Balloon
|move|p1a: Gholdengo|Make It Rain|p2a: Sandy Shocks
|-resisted|p2a: Sandy Shocks
|-damage|p2a: Sandy Shocks|0 fnt
|-unboost|p1a: Gholdengo|spa|1
|faint|p2a: Sandy Shocks
|-end|p2a: Sandy Shocks|Protosynthesis|[silent]
|
|upkeep
|
|t:|1769406767
|switch|p2a: Latios|Latios, M|100/100
|turn|6
|
|t:|1769406784
|move|p2a: Latios|Agility|p2a: Latios
|-boost|p2a: Latios|spe|2
|move|p1a: Gholdengo|Nasty Plot|p1a: Gholdengo
|-boost|p1a: Gholdengo|spa|2
|
|upkeep
|turn|7
|
|t:|1769406797
|switch|p2a: Iron Jugulis|Iron Jugulis|100/100
|-enditem|p2a: Iron Jugulis|Booster Energy
|-activate|p2a: Iron Jugulis|ability: Quark Drive|[fromitem]
|-start|p2a: Iron Jugulis|quarkdrivespe
|move|p1a: Gholdengo|Shadow Ball|p2a: Iron Jugulis
|-resisted|p2a: Iron Jugulis
|-damage|p2a: Iron Jugulis|68/100
|
|upkeep
|turn|8
|
|t:|1769406820
|move|p2a: Iron Jugulis|Dark Pulse|p1a: Gholdengo
|-supereffective|p1a: Gholdengo
|-damage|p1a: Gholdengo|19/100
|cant|p1a: Gholdengo|flinch
|
|upkeep
|turn|9
|c|☆JayTL|fuck
|inactive|sbyinlil has 120 seconds left.
|inactive|sbyinlil has 90 seconds left.
|
|t:|1769406886
|move|p2a: Iron Jugulis|Dark Pulse|p1a: Gholdengo
|-supereffective|p1a: Gholdengo
|-damage|p1a: Gholdengo|0 fnt
|faint|p1a: Gholdengo
|
|upkeep
|inactive|JayTL has 120 seconds left.
|
|t:|1769406901
|switch|p1a: Vikavolt|Vikavolt, M|100/100
|turn|10
|
|t:|1769406911
|move|p2a: Iron Jugulis|Taunt|p1a: Vikavolt
|-start|p1a: Vikavolt|move: Taunt
|move|p1a: Vikavolt|Volt Switch|p2a: Iron Jugulis
|-supereffective|p2a: Iron Jugulis
|-damage|p2a: Iron Jugulis|0 fnt
|faint|p2a: Iron Jugulis
|-end|p2a: Iron Jugulis|Quark Drive|[silent]
|inactive|JayTL has 120 seconds left.
|
|t:|1769406924
|switch|p1a: Great Tusk|Great Tusk|42/100|[from] Volt Switch
|-damage|p1a: Great Tusk|39/100|[from] Stealth Rock
|
|-heal|p1a: Great Tusk|45/100|[from] item: Leftovers
|upkeep
|inactive|sbyinlil has 90 seconds left.
|
|t:|1769406968
|switch|p2a: Latios|Latios, M|100/100
|turn|11
|
|t:|1769406973
|-terastallize|p1a: Great Tusk|Dark
|move|p2a: Latios|Agility|p2a: Latios
|-boost|p2a: Latios|spe|2
|move|p1a: Great Tusk|Knock Off|p2a: Latios
|-supereffective|p2a: Latios
|-damage|p2a: Latios|0 fnt
|-enditem|p2a: Latios|Weakness Policy|[from] move: Knock Off|[of] p1a: Great Tusk
|faint|p2a: Latios
|
|-heal|p1a: Great Tusk|51/100|[from] item: Leftovers
|upkeep
|
|t:|1769406987
|switch|p2a: Scizor|Scizor, M, shiny|100/100
|turn|12
|
|t:|1769406997
|move|p1a: Great Tusk|Stealth Rock|p2a: Scizor
|-sidestart|p2: sbyinlil|move: Stealth Rock
|move|p2a: Scizor|Swords Dance|p2a: Scizor
|-boost|p2a: Scizor|atk|2
|
|-heal|p1a: Great Tusk|57/100|[from] item: Leftovers
|upkeep
|turn|13
|
|t:|1769407004
|move|p1a: Great Tusk|Headlong Rush|p2a: Scizor
|-damage|p2a: Scizor|28/100
|-unboost|p1a: Great Tusk|def|1
|-unboost|p1a: Great Tusk|spd|1
|-enditem|p2a: Scizor|Sitrus Berry|[eat]
|-heal|p2a: Scizor|53/100|[from] item: Sitrus Berry
|move|p2a: Scizor|Swords Dance|p2a: Scizor
|-boost|p2a: Scizor|atk|2
|
|-heal|p1a: Great Tusk|64/100|[from] item: Leftovers
|upkeep
|turn|14
|
|t:|1769407014
|move|p2a: Scizor|Bullet Punch|p1a: Great Tusk
|-damage|p1a: Great Tusk|0 fnt
|faint|p1a: Great Tusk
|-end|p1a: Great Tusk|Protosynthesis|[silent]
|
|upkeep
|
|t:|1769407028
|switch|p1a: Volcanion|Volcanion|100/100
|turn|15
|
|t:|1769407042
|move|p2a: Scizor|Bullet Punch|p1a: Volcanion
|-resisted|p1a: Volcanion
|-damage|p1a: Volcanion|78/100
|move|p1a: Volcanion|Flamethrower|p2a: Scizor
|-supereffective|p2a: Scizor
|-damage|p2a: Scizor|0 fnt
|faint|p2a: Scizor
|
|upkeep
|
|t:|1769407051
|switch|p2a: Manaphy|Manaphy|100/100
|-damage|p2a: Manaphy|88/100|[from] Stealth Rock
|turn|16
|
|t:|1769407055
|move|p2a: Manaphy|Tail Glow|p2a: Manaphy
|-boost|p2a: Manaphy|spa|3
|move|p1a: Volcanion|Taunt|p2a: Manaphy
|-start|p2a: Manaphy|move: Taunt
|
|upkeep
|turn|17
|
|t:|1769407064
|move|p2a: Manaphy|Energy Ball|p1a: Volcanion
|-damage|p1a: Volcanion|0 fnt
|faint|p1a: Volcanion
|
|upkeep
|inactive|JayTL has 120 seconds left.
|
|t:|1769407103
|switch|p1a: Ogerpon|Ogerpon-Cornerstone, F|100/100
|-damage|p1a: Ogerpon|88/100|[from] Stealth Rock
|turn|18
|inactive|sbyinlil has 120 seconds left.
|
|t:|1769407136
|-terastallize|p2a: Manaphy|Grass
|move|p1a: Ogerpon|Horn Leech|p2a: Manaphy
|-resisted|p2a: Manaphy
|-crit|p2a: Manaphy
|-damage|p2a: Manaphy|53/100
|-heal|p1a: Ogerpon|100/100|[from] drain|[of] p2a: Manaphy
|move|p2a: Manaphy|Energy Ball|p1a: Ogerpon
|-ability|p1a: Ogerpon|Sturdy
|-damage|p1a: Ogerpon|1/100
|
|upkeep
|turn|19
|
|t:|1769407148
|move|p1a: Ogerpon|Ivy Cudgel|p2a: Manaphy|[anim] Ivy Cudgel Rock
|-damage|p2a: Manaphy|0 fnt
|faint|p2a: Manaphy
|
|upkeep
|
|t:|1769407151
|switch|p2a: Ogerpon|Ogerpon, F|100/100
|-damage|p2a: Ogerpon|88/100|[from] Stealth Rock
|turn|20
|inactive|sbyinlil has 120 seconds left.
|
|t:|1769407161
|move|p1a: Ogerpon|Ivy Cudgel|p2a: Ogerpon|[anim] Ivy Cudgel Rock
|-damage|p2a: Ogerpon|13/100
|move|p2a: Ogerpon|Swords Dance|p2a: Ogerpon
|-boost|p2a: Ogerpon|atk|2
|
|upkeep
|turn|21
|
|t:|1769407166
|move|p1a: Ogerpon|Ivy Cudgel|p2a: Ogerpon|[anim] Ivy Cudgel Rock
|-crit|p2a: Ogerpon
|-damage|p2a: Ogerpon|0 fnt
|faint|p2a: Ogerpon
|
|win|JayTL
|raw|JayTL's rating: 1346 &rarr; <strong>1363</strong><br />(+17 for winning)
|raw|sbyinlil's rating: 1288 &rarr; <strong>1267</strong><br />(-21 for losing)
|l|☆sbyinlil
|player|p2|
|l|☆JayTL
|player|p1|
