|j|☆Jhon pitillo
|j|☆Plays_Godo
|t:|1769298753
|gametype|singles
|player|p1|Jhon pitillo|hiker-gen4|1133
|player|p2|Plays_Godo|acerola-masters3|1096
|gen|9
|tier|[Gen 9] OU
|rated|
|rule|HP Percentage Mod: HP is shown in percentages
|rule|Endless Battle Clause: Forcing endless battles is banned
|rule|Species Clause: Limit one of each Pokémon
|rule|OHKO Clause: OHKO moves are banned
|rule|Evasion Items Clause: Evasion items are banned
|rule|Evasion Moves Clause: Evasion moves are banned
|rule|Evasion Abilities Clause: Evasion abilities are banned
|rule|Sleep Moves Clause: Sleep-inducing moves are banned
|clearpoke
|poke|p1|Slowking, F|
|poke|p1|Gliscor, F|
|poke|p1|Zapdos|
|poke|p1|Scizor, M|
|poke|p1|Weavile, F|
|poke|p1|Gengar, F|
|poke|p2|Corviknight, F|
|poke|p2|Great Tusk|
|poke|p2|Gliscor, M|
|poke|p2|Zoroark-Hisui, F|
|poke|p2|Cinderace, M|
|poke|p2|Iron Valiant|
|teampreview
|inactive|Battle timer is ON: inactive players will automatically lose when time's up. (requested by Plays_Godo)
|
|t:|1769298769
|teamsize|p1|6
|teamsize|p2|6
|start
|switch|p1a: Gliscor|Gliscor, F|100/100
|switch|p2a: Great Tusk|Great Tusk|100/100
|turn|1
|
|t:|1769298782
|move|p1a: Gliscor|Protect|p1a: Gliscor
|-singleturn|p1a: Gliscor|Protect
|move|p2a: Great Tusk|Ice Spinner|p1a: Gliscor
|-activate|p1a: Gliscor|move: Protect
|
|-status|p1a: Gliscor|tox|[from] item: Toxic Orb
|upkeep
|turn|2
|
|t:|1769298793
|switch|p1a: Slowking|Slowking, F|100/100
|move|p2a: Great Tusk|Ice Spinner|p1a: Slowking
|-resisted|p1a: Slowking
|-crit|p1a: Slowking
|-damage|p1a: Slowking|78/100
|
|upkeep
|turn|3
|
|t:|1769298801
|-end|p2a: Great Tusk|Protosynthesis|[silent]
|switch|p2a: Gliscor|Gliscor, M|100/100
|move|p1a: Slowking|Future Sight|p2a: Gliscor
|-start|p1a: Slowking|move: Future Sight
|
|-status|p2a: Gliscor|tox|[from] item: Toxic Orb
|upkeep
|turn|4
|
|t:|1769298812
|move|p2a: Gliscor|Stealth Rock|p1a: Slowking
|-sidestart|p1: Jhon pitillo|move: Stealth Rock
|move|p1a: Slowking|Surf|p2a: Gliscor
|-supereffective|p2a: Gliscor
|-crit|p2a: Gliscor
|-damage|p2a: Gliscor|0 fnt
|faint|p2a: Gliscor
|
|upkeep
|
|t:|1769298829
|switch|p2a: Corviknight|Corviknight, F|100/100
|-ability|p2a: Corviknight|Pressure
|turn|5
|
|t:|1769298858
|switch|p1a: Zapdos|Zapdos|100/100
|move|p2a: Corviknight|Nasty Plot|p2a: Corviknight
|-boost|p2a: Corviknight|spa|2
|
|-end|p2a: Corviknight|move: Future Sight
|-resisted|p2a: Corviknight
|-damage|p2a: Corviknight|80/100
|upkeep
|turn|6
|
|t:|1769298873
|-terastallize|p2a: Corviknight|Ground
|move|p1a: Zapdos|Thunderbolt|p2a: Corviknight
|-immune|p2a: Corviknight
|move|p2a: Corviknight|Hurricane|p1a: Zapdos|[miss]
|-miss|p2a: Corviknight|p1a: Zapdos
|
|upkeep
|turn|7
|inactive|Jhon pitillo has 120 seconds left.
|
|t:|1769298893
|switch|p1a: Gliscor|Gliscor, F|100/100 tox
|-damage|p1a: Gliscor|88/100 tox|[from] Stealth Rock
|move|p2a: Corviknight|Hurricane|p1a: Gliscor
|-damage|p1a: Gliscor|0 fnt
|faint|p1a: Gliscor
|-damage|p2a: Corviknight|70/100|[from] item: Life Orb
|
|upkeep
|
|t:|1769298905
|switch|p1a: Slowking|Slowking, F|100/100
|turn|8
|
|t:|1769298924
|move|p2a: Corviknight|Hurricane|p1a: Slowking
|-damage|p1a: Slowking|48/100
|-damage|p2a: Corviknight|60/100|[from] item: Life Orb
|move|p1a: Slowking|Surf|p2a: Corviknight
|-supereffective|p2a: Corviknight
|-damage|p2a: Corviknight|3/100
|
|upkeep
|turn|9
|inactive|Jhon pitillo has 120 seconds left.
|
|t:|1769298936
|switch|p1a: Zapdos|Zapdos|100/100
|move|p2a: Corviknight|Hurricane|p1a: Zapdos
|-resisted|p1a: Zapdos
|-damage|p1a: Zapdos|56/100
|-damage|p2a: Corviknight|0 fnt|[from] item: Life Orb
|faint|p2a: Corviknight
|
|upkeep
|
|t:|1769298943
|switch|p2a: Cinderace|Cinderace, M|100/100
|turn|10
|
|t:|1769298956
|move|p2a: Cinderace|Pyro Ball|p1a: Zapdos
|-damage|p1a: Zapdos|15/100
|move|p1a: Zapdos|Thunder Wave|p2a: Cinderace
|-status|p2a: Cinderace|par
|
|upkeep
|turn|11
|
|t:|1769298964
|move|p2a: Cinderace|Pyro Ball|p1a: Zapdos
|-damage|p1a: Zapdos|0 fnt
|faint|p1a: Zapdos
|
|upkeep
|
|t:|1769298970
|switch|p1a: Slowking|Slowking, F|81/100
|turn|12
|
|t:|1769298982
|switch|p2a: Iron Valiant|Iron Valiant|100/100
|-enditem|p2a: Iron Valiant|Booster Energy
|-activate|p2a: Iron Valiant|ability: Quark Drive|[fromitem]
|-start|p2a: Iron Valiant|quarkdrivespe
|move|p1a: Slowking|Surf|p2a: Iron Valiant
|-damage|p2a: Iron Valiant|50/100
|
|upkeep
|turn|13
|
|t:|1769298993
|move|p2a: Iron Valiant|Thunderbolt|p1a: Slowking
|-supereffective|p1a: Slowking
|-damage|p1a: Slowking|49/100
|move|p1a: Slowking|Surf|p2a: Iron Valiant
|-damage|p2a: Iron Valiant|0 fnt
|faint|p2a: Iron Valiant
|-end|p2a: Iron Valiant|Quark Drive|[silent]
|
|upkeep
|
|t:|1769298998
|switch|p2a: Cinderace|Cinderace, M|100/100 par
|turn|14
|
|t:|1769299009
|cant|p2a: Cinderace|par
|move|p1a: Slowking|Surf|p2a: Cinderace
|-supereffective|p2a: Cinderace
|-damage|p2a: Cinderace|14/100 par
|
|upkeep
|turn|15
|
|t:|1769299021
|cant|p2a: Cinderace|par
|move|p1a: Slowking|Surf|p2a: Cinderace
|-supereffective|p2a: Cinderace
|-damage|p2a: Cinderace|0 fnt
|faint|p2a: Cinderace
|
|upkeep
|
|t:|1769299026
|switch|p2a: Great Tusk|Great Tusk|100/100
|turn|16
|
|t:|1769299043
|switch|p1a: Scizor|Scizor, M|100/100
|-damage|p1a: Scizor|88/100|[from] Stealth Rock
|move|p2a: Great Tusk|Nasty Plot|p2a: Great Tusk
|-boost|p2a: Great Tusk|spa|2
|
|-heal|p1a: Scizor|94/100|[from] item: Leftovers
|upkeep
|turn|17
|inactive|Jhon pitillo has 120 seconds left.
|
|t:|1769299093
|move|p2a: Great Tusk|Flamethrower|p1a: Scizor
|-supereffective|p1a: Scizor
|-damage|p1a: Scizor|0 fnt
|faint|p1a: Scizor
|
|upkeep
|
|t:|1769299099
|switch|p1a: Slowking|Slowking, F|82/100
|turn|18
|
|t:|1769299104
|move|p2a: Great Tusk|Shadow Ball|p1a: Slowking
|-supereffective|p1a: Slowking
|-damage|p1a: Slowking|0 fnt
|faint|p1a: Slowking
|
|upkeep
|
|t:|1769299113
|switch|p1a: Weavile|Weavile, F|100/100
|-ability|p1a: Weavile|Pressure
|turn|19
|
|t:|1769299121
|-terastallize|p1a: Weavile|Dark
|move|p1a: Weavile|Knock Off|p2a: Great Tusk
|-supereffective|p2a: Great Tusk
|-enditem|p2a: Great Tusk|Focus Sash
|-damage|p2a: Great Tusk|1/100
|replace|p2a: Zoroark|Zoroark-Hisui, F
|-end|p2a: Zoroark|Illusion
|move|p2a: Zoroark|Flamethrower|p1a: Weavile
|-crit|p1a: Weavile
|-damage|p1a: Weavile|0 fnt
|faint|p1a: Weavile
|
|upkeep
|
|t:|1769299137
|switch|p1a: Gengar|Gengar, F|100/100
|-damage|p1a: Gengar|88/100|[from] Stealth Rock
|turn|20
|
|t:|1769299144
|move|p2a: Zoroark|Shadow Ball|p1a: Gengar
|-supereffective|p1a: Gengar
|-damage|p1a: Gengar|0 fnt
|faint|p1a: Gengar
|
|win|Plays_Godo
|raw|Jhon pitillo's rating: 1133 &rarr; <strong>1105</strong><br />(-28 for losing)
|raw|Plays_Godo's rating: 1096 &rarr; <strong>1124</strong><br />(+28 for winning)
