|j|☆BloDragon
|j|‽munty12
|t:|1769377489
|gametype|singles
|player|p1|BloDragon|caitlin|1414
|player|p2|munty12|101|1401
|gen|9
|tier|[Gen 9] OU
|rated|
|rule|HP Percentage Mod: HP is shown in percentages
|rule|Endless Battle Clause: Forcing endless battles is banned
|rule|Species Clause: Limit one of each Pokémon
|rule|OHKO Clause: OHKO moves are banned
|rule|Evasion Items Clause: Evasion items are banned
|rule|Evasion Moves Clause: Evasion moves are banned
|rule|Evasion Abilities Clause: Evasion abilities are banned
|rule|Sleep Moves Clause: Sleep-inducing moves are banned
|clearpoke
|poke|p1|Kyurem|
|poke|p1|Alomomola, M|
|poke|p1|Great Tusk|
|poke|p1|Corviknight, F|
|poke|p1|Dragapult, M|
|poke|p1|Cinderace, M|
|poke|p2|Gallade, M|
|poke|p2|Rotom-Wash|
|poke|p2|Empoleon, M|
|poke|p2|Breloom, M|
|poke|p2|Palossand, M|
|poke|p2|Scizor, F|
|teampreview
|inactive|Battle timer is ON: inactive players will automatically lose when time's up. (requested by BloDragon)
|
|t:|1769377518
|teamsize|p1|6
|teamsize|p2|6
|start
|switch|p1a: Dragapult|Dragapult, M, shiny|100/100
|switch|p2a: Rotom|Rotom-Wash|100/100
|turn|1
|
|t:|1769377530
|move|p1a: Dragapult|U-turn|p2a: Rotom
|-damage|p2a: Rotom|79/100
|
|t:|1769377534
|switch|p1a: Great Tusk|Great Tusk|100/100|[from] U-turn
|move|p2a: Rotom|Volt Switch|p1a: Great Tusk
|-immune|p1a: Great Tusk
|
|upkeep
|turn|2
|
|t:|1769377551
|switch|p2a: Palossand|Palossand, M|100/100
|move|p1a: Great Tusk|Knock Off|p2a: Palossand
|-supereffective|p2a: Palossand
|-damage|p2a: Palossand|48/100
|-enditem|p2a: Palossand|Leftovers|[from] move: Knock Off|[of] p1a: Great Tusk
|
|upkeep
|turn|3
|
|t:|1769377572
|move|p1a: Great Tusk|Stealth Rock|p2a: Palossand
|-sidestart|p2: munty12|move: Stealth Rock
|move|p2a: Palossand|Shore Up|p2a: Palossand
|-heal|p2a: Palossand|98/100
|
|upkeep
|turn|4
|inactive|BloDragon has 120 seconds left.
|
|t:|1769377598
|-end|p1a: Great Tusk|Protosynthesis|[silent]
|switch|p1a: Corviknight|Corviknight, F|100/100
|-ability|p1a: Corviknight|Pressure
|move|p2a: Palossand|Chilling Water|p1a: Corviknight
|-damage|p1a: Corviknight|86/100
|-unboost|p1a: Corviknight|atk|1
|
|upkeep
|turn|5
|
|t:|1769377606
|move|p1a: Corviknight|U-turn|p2a: Palossand
|-resisted|p2a: Palossand
|-damage|p2a: Palossand|94/100
|
|t:|1769377610
|switch|p1a: Alomomola|Alomomola, M|100/100|[from] U-turn
|move|p2a: Palossand|Shadow Ball|p1a: Alomomola
|-damage|p1a: Alomomola|83/100
|
|upkeep
|turn|6
|inactive|BloDragon has 120 seconds left.
|
|t:|1769377621
|switch|p2a: Rotom|Rotom-Wash|79/100
|-damage|p2a: Rotom|67/100|[from] Stealth Rock
|move|p1a: Alomomola|Mirror Coat||[still]
|-fail|p1a: Alomomola
|
|upkeep
|turn|7
|
|t:|1769377632
|move|p2a: Rotom|Trick|p1a: Alomomola
|-activate|p2a: Rotom|move: Trick|[of] p1a: Alomomola
|-item|p1a: Alomomola|Choice Specs|[from] move: Trick
|-item|p2a: Rotom|Assault Vest|[from] move: Trick
|move|p1a: Alomomola|Mirror Coat||[still]
|-fail|p1a: Alomomola
|
|upkeep
|turn|8
|
|t:|1769377645
|move|p2a: Rotom|Volt Switch|p1a: Alomomola
|-supereffective|p1a: Alomomola
|-damage|p1a: Alomomola|37/100
|
|t:|1769377651
|switch|p2a: Empoleon|Empoleon, M|100/100|[from] Volt Switch
|-damage|p2a: Empoleon|94/100|[from] Stealth Rock
|move|p1a: Alomomola|Mirror Coat|p2a: Empoleon
|-damage|p2a: Empoleon|0 fnt
|faint|p2a: Empoleon
|
|upkeep
|-message|munty12 forfeited.
|
|win|BloDragon
|raw|BloDragon's rating: 1414 &rarr; <strong>1433</strong><br />(+19 for winning)
|raw|munty12's rating: 1401 &rarr; <strong>1382</strong><br />(-19 for losing)
|l|‽munty12
|player|p2|
|l|☆BloDragon
|player|p1|
