|j|☆Turtwig9001
|j|☆SycoBeastOP
|t:|1769410008
|gametype|singles
|player|p1|Turtwig9001|170|1264
|player|p2|SycoBeastOP|1|1333
|gen|9
|tier|[Gen 9] OU
|rated|
|rule|HP Percentage Mod: HP is shown in percentages
|rule|Endless Battle Clause: Forcing endless battles is banned
|rule|Species Clause: Limit one of each Pokémon
|rule|OHKO Clause: OHKO moves are banned
|rule|Evasion Items Clause: Evasion items are banned
|rule|Evasion Moves Clause: Evasion moves are banned
|rule|Evasion Abilities Clause: Evasion abilities are banned
|rule|Sleep Moves Clause: Sleep-inducing moves are banned
|clearpoke
|poke|p1|Great Tusk|
|poke|p1|Entei|
|poke|p1|Gholdengo|
|poke|p1|Hydreigon, F|
|poke|p1|Deoxys-Speed|
|poke|p1|Kyurem|
|poke|p2|Glimmora, M|
|poke|p2|Zapdos|
|poke|p2|Great Tusk|
|poke|p2|Darkrai|
|poke|p2|Dragapult, M|
|poke|p2|Heatran, M|
|teampreview
|inactive|Battle timer is ON: inactive players will automatically lose when time's up. (requested by Turtwig9001)
|
|t:|1769410016
|teamsize|p1|6
|teamsize|p2|6
|start
|switch|p1a: Entei|Entei|100/100
|switch|p2a: Glimmora|Glimmora, M, shiny|100/100
|turn|1
|
|t:|1769410025
|move|p1a: Entei|Scorching Sands|p2a: Glimmora
|-supereffective|p2a: Glimmora
|-damage|p2a: Glimmora|0 fnt
|faint|p2a: Glimmora
|
|upkeep
|
|t:|1769410032
|switch|p2a: Dragapult|Dragapult, M, shiny|100/100
|turn|2
|
|t:|1769410051
|switch|p1a: Great Tusk|Great Tusk|100/100
|-enditem|p1a: Great Tusk|Booster Energy
|-activate|p1a: Great Tusk|ability: Protosynthesis|[fromitem]
|-start|p1a: Great Tusk|protosynthesisatk
|move|p2a: Dragapult|Dragon Darts|p1a: Great Tusk
|-damage|p1a: Great Tusk|72/100
|-anim|p2a: Dragapult|Dragon Darts|p1a: Great Tusk
|-damage|p1a: Great Tusk|47/100
|
|upkeep
|turn|3
|
|t:|1769410062
|move|p2a: Dragapult|Dragon Darts|p1a: Great Tusk
|-damage|p1a: Great Tusk|19/100
|-anim|p2a: Dragapult|Dragon Darts|p1a: Great Tusk
|-damage|p1a: Great Tusk|0 fnt
|faint|p1a: Great Tusk
|-end|p1a: Great Tusk|Protosynthesis|[silent]
|
|upkeep
|
|t:|1769410069
|switch|p1a: Entei|Entei|100/100
|turn|4
|
|t:|1769410075
|switch|p2a: Heatran|Heatran, M|100/100
|move|p1a: Entei|Shadow Ball|p2a: Heatran
|-damage|p2a: Heatran|72/100
|
|-heal|p2a: Heatran|78/100|[from] item: Leftovers
|upkeep
|turn|5
|
|t:|1769410088
|switch|p1a: Deoxys|Deoxys-Speed|100/100
|-ability|p1a: Deoxys|Pressure
|switch|p2a: Zapdos|Zapdos|100/100
|
|upkeep
|turn|6
|
|t:|1769410095
|move|p2a: Zapdos|Volt Switch|p1a: Deoxys
|-damage|p1a: Deoxys|60/100
|
|t:|1769410101
|switch|p2a: Darkrai|Darkrai|100/100|[from] Volt Switch
|move|p1a: Deoxys|Mirror Coat|p2a: Darkrai
|-immune|p2a: Darkrai
|
|upkeep
|turn|7
|
|t:|1769410118
|move|p1a: Deoxys|Stealth Rock|p2a: Darkrai
|-sidestart|p2: SycoBeastOP|move: Stealth Rock
|move|p2a: Darkrai|Dark Pulse|p1a: Deoxys
|-supereffective|p1a: Deoxys
|-damage|p1a: Deoxys|0 fnt
|faint|p1a: Deoxys
|
|upkeep
|
|t:|1769410128
|switch|p1a: Kyurem|Kyurem|100/100
|-ability|p1a: Kyurem|Pressure
|turn|8
|inactive|SycoBeastOP has 120 seconds left.
|
|t:|1769410163
|switch|p2a: Zapdos|Zapdos|100/100
|move|p1a: Kyurem|Freeze-Dry|p2a: Zapdos
|-supereffective|p2a: Zapdos
|-damage|p2a: Zapdos|5/100
|
|upkeep
|turn|9
|inactive|SycoBeastOP has 120 seconds left.
|inactive|SycoBeastOP has 90 seconds left.
|
|t:|1769410228
|move|p2a: Zapdos|Roost|p2a: Zapdos
|-heal|p2a: Zapdos|55/100
|-singleturn|p2a: Zapdos|move: Roost
|move|p1a: Kyurem|Earth Power|p2a: Zapdos
|-supereffective|p2a: Zapdos
|-damage|p2a: Zapdos|0 fnt
|faint|p2a: Zapdos
|
|upkeep
|inactive|SycoBeastOP has 60 seconds left.
|
|t:|1769410241
|switch|p2a: Dragapult|Dragapult, M, shiny|100/100
|-damage|p2a: Dragapult|88/100|[from] Stealth Rock
|turn|10
|inactive|SycoBeastOP has 60 seconds left.
|
|t:|1769410252
|switch|p1a: Entei|Entei|100/100
|move|p2a: Dragapult|U-turn|p1a: Entei
|-resisted|p1a: Entei
|-damage|p1a: Entei|83/100
|inactive|SycoBeastOP has 60 seconds left.
|
|t:|1769410259
|switch|p2a: Great Tusk|Great Tusk|100/100|[from] U-turn
|-damage|p2a: Great Tusk|98/100|[from] Stealth Rock
|-enditem|p2a: Great Tusk|Booster Energy
|-activate|p2a: Great Tusk|ability: Protosynthesis|[fromitem]
|-start|p2a: Great Tusk|protosynthesisatk
|
|upkeep
|turn|11
|
|t:|1769410285
|-terastallize|p1a: Entei|Ghost
|move|p2a: Great Tusk|Rapid Spin|p1a: Entei
|-immune|p1a: Entei
|move|p1a: Entei|Overheat|p2a: Great Tusk
|-damage|p2a: Great Tusk|0 fnt
|-unboost|p1a: Entei|spa|2
|faint|p2a: Great Tusk
|-end|p2a: Great Tusk|Protosynthesis|[silent]
|
|upkeep
|inactive|SycoBeastOP has 60 seconds left.
|
|t:|1769410313
|switch|p2a: Heatran|Heatran, M|78/100
|-damage|p2a: Heatran|66/100|[from] Stealth Rock
|turn|12
|
|t:|1769410320
|switch|p1a: Hydreigon|Hydreigon, F|100/100
|move|p2a: Heatran|Earth Power|p1a: Hydreigon
|-immune|p1a: Hydreigon|[from] ability: Levitate
|
|-heal|p2a: Heatran|72/100|[from] item: Leftovers
|upkeep
|turn|13
|inactive|SycoBeastOP has 60 seconds left.
|
|t:|1769410327
|move|p1a: Hydreigon|Dragon Dance|p1a: Hydreigon
|-boost|p1a: Hydreigon|atk|1
|-boost|p1a: Hydreigon|spe|1
|move|p2a: Heatran|Magma Storm|p1a: Hydreigon
|-resisted|p1a: Hydreigon
|-damage|p1a: Hydreigon|74/100
|-activate|p1a: Hydreigon|move: Magma Storm|[of] p2a: Heatran
|
|-heal|p2a: Heatran|78/100|[from] item: Leftovers
|-damage|p1a: Hydreigon|62/100|[from] move: Magma Storm|[partiallytrapped]
|upkeep
|turn|14
|
|t:|1769410334
|move|p1a: Hydreigon|Earthquake|p2a: Heatran
|-supereffective|p2a: Heatran
|-damage|p2a: Heatran|0 fnt
|faint|p2a: Heatran
|
|-end|p1a: Hydreigon|Magma Storm|[partiallytrapped]|[silent]
|upkeep
|
|t:|1769410341
|switch|p2a: Dragapult|Dragapult, M, shiny|88/100
|-damage|p2a: Dragapult|76/100|[from] Stealth Rock
|turn|15
|
|t:|1769410346
|move|p1a: Hydreigon|Crunch|p2a: Dragapult
|-supereffective|p2a: Dragapult
|-damage|p2a: Dragapult|0 fnt
|faint|p2a: Dragapult
|
|upkeep
|-message|SycoBeastOP forfeited.
|
|win|Turtwig9001
|raw|Turtwig9001's rating: 1264 &rarr; <strong>1294</strong><br />(+30 for winning)
|raw|SycoBeastOP's rating: 1333 &rarr; <strong>1309</strong><br />(-24 for losing)
|l|☆SycoBeastOP
|player|p2|
|l|☆Turtwig9001
|player|p1|
