|j|☆BIGBODY55
|j|☆cheatoh
|t:|1769315463
|gametype|singles
|player|p1|BIGBODY55|thorton|1283
|player|p2|cheatoh|266|1320
|gen|9
|tier|[Gen 9] OU
|rated|
|rule|HP Percentage Mod: HP is shown in percentages
|rule|Endless Battle Clause: Forcing endless battles is banned
|rule|Species Clause: Limit one of each Pokémon
|rule|OHKO Clause: OHKO moves are banned
|rule|Evasion Items Clause: Evasion items are banned
|rule|Evasion Moves Clause: Evasion moves are banned
|rule|Evasion Abilities Clause: Evasion abilities are banned
|rule|Sleep Moves Clause: Sleep-inducing moves are banned
|clearpoke
|poke|p1|Gogoat, M|
|poke|p1|Zarude|
|poke|p1|Rillaboom, M|
|poke|p1|Kingambit, F|
|poke|p1|Hawlucha, M|
|poke|p1|Iron Moth|
|poke|p2|Gholdengo|
|poke|p2|Dragonite, M|
|poke|p2|Raging Bolt|
|poke|p2|Great Tusk|
|poke|p2|Iron Valiant|
|poke|p2|Ting-Lu|
|teampreview
|inactive|Battle timer is ON: inactive players will automatically lose when time's up. (requested by BIGBODY55)
|
|t:|1769315485
|teamsize|p1|6
|teamsize|p2|6
|start
|switch|p1a: Rillaboom|Rillaboom, M|100/100
|switch|p2a: Gholdengo|Gholdengo|100/100
|-fieldstart|move: Grassy Terrain|[from] ability: Grassy Surge|[of] p1a: Rillaboom
|turn|1
|
|t:|1769315489
|switch|p2a: Dragonite|Dragonite, M|100/100
|move|p1a: Rillaboom|Knock Off|p2a: Dragonite
|-damage|p2a: Dragonite|81/100
|-enditem|p2a: Dragonite|Heavy-Duty Boots|[from] move: Knock Off|[of] p1a: Rillaboom
|
|upkeep
|turn|2
|
|t:|1769315509
|switch|p1a: Gogoat|Gogoat, M|100/100
|move|p2a: Dragonite|Dragon Dance|p2a: Dragonite
|-boost|p2a: Dragonite|atk|1
|-boost|p2a: Dragonite|spe|1
|
|upkeep
|turn|3
|
|t:|1769315518
|move|p2a: Dragonite|Outrage|p1a: Gogoat
|-crit|p1a: Gogoat
|-damage|p1a: Gogoat|0 fnt
|faint|p1a: Gogoat
|
|upkeep
|
|t:|1769315527
|switch|p1a: Dorito|Iron Moth, shiny|100/100
|-enditem|p1a: Dorito|Booster Energy
|-activate|p1a: Dorito|ability: Quark Drive|[fromitem]
|-start|p1a: Dorito|quarkdrivespe
|turn|4
|
|t:|1769315538
|-terastallize|p1a: Dorito|Fairy
|move|p1a: Dorito|Substitute|p1a: Dorito
|-start|p1a: Dorito|Substitute
|-damage|p1a: Dorito|76/100
|move|p2a: Dragonite|Outrage|p1a: Dorito|[from] lockedmove
|-immune|p1a: Dorito
|-start|p2a: Dragonite|confusion|[fatigue]
|
|-heal|p1a: Dorito|82/100|[from] Grassy Terrain
|upkeep
|turn|5
|
|t:|1769315545
|-activate|p2a: Dragonite|confusion
|move|p2a: Dragonite|Extreme Speed|p1a: Dorito
|-end|p1a: Dorito|Substitute
|move|p1a: Dorito|Fiery Dance|p2a: Dragonite
|-resisted|p2a: Dragonite
|-damage|p2a: Dragonite|63/100
|-boost|p1a: Dorito|spa|1
|
|-heal|p1a: Dorito|88/100|[from] Grassy Terrain
|upkeep
|turn|6
|
|t:|1769315552
|-activate|p2a: Dragonite|confusion
|-damage|p2a: Dragonite|40/100|[from] confusion
|move|p1a: Dorito|Dazzling Gleam|p2a: Dragonite
|-supereffective|p2a: Dragonite
|-damage|p2a: Dragonite|0 fnt
|faint|p2a: Dragonite
|
|-heal|p1a: Dorito|94/100|[from] Grassy Terrain
|upkeep
|
|t:|1769315556
|switch|p2a: Ting-Lu|Ting-Lu|100/100
|-ability|p2a: Ting-Lu|Vessel of Ruin
|turn|7
|
|t:|1769315571
|-terastallize|p2a: Ting-Lu|Water
|move|p1a: Dorito|Substitute|p1a: Dorito
|-start|p1a: Dorito|Substitute
|-damage|p1a: Dorito|69/100
|move|p2a: Ting-Lu|Whirlwind|p1a: Dorito
|-end|p1a: Dorito|Quark Drive|[silent]
|drag|p1a: Hawlucha|Hawlucha, M|100/100
|-enditem|p1a: Hawlucha|Grassy Seed
|-boost|p1a: Hawlucha|def|1|[from] item: Grassy Seed
|
|upkeep
|turn|8
|
|t:|1769315584
|move|p1a: Hawlucha|Close Combat|p2a: Ting-Lu
|-crit|p2a: Ting-Lu
|-damage|p2a: Ting-Lu|60/100
|-unboost|p1a: Hawlucha|def|1
|-unboost|p1a: Hawlucha|spd|1
|move|p2a: Ting-Lu|Whirlwind|p1a: Hawlucha
|drag|p1a: Kingambit|Kingambit, F, shiny|100/100
|-activate|p1a: Kingambit|ability: Supreme Overlord
|-start|p1a: Kingambit|fallen1|[silent]
|
|-heal|p2a: Ting-Lu|66/100|[from] Grassy Terrain
|-heal|p2a: Ting-Lu|73/100|[from] item: Leftovers
|-fieldend|move: Grassy Terrain
|upkeep
|turn|9
|
|t:|1769315595
|-end|p1a: Kingambit|fallen1|[silent]
|switch|p1a: Rillaboom|Rillaboom, M|100/100
|-fieldstart|move: Grassy Terrain|[from] ability: Grassy Surge|[of] p1a: Rillaboom
|switch|p2a: Great Tusk|Great Tusk|100/100
|
|upkeep
|turn|10
|
|t:|1769315607
|move|p2a: Great Tusk|Ice Spinner|p1a: Rillaboom
|-supereffective|p1a: Rillaboom
|-damage|p1a: Rillaboom|46/100
|-fieldend|move: Grassy Terrain
|move|p1a: Rillaboom|Wood Hammer|p2a: Great Tusk
|-supereffective|p2a: Great Tusk
|-damage|p2a: Great Tusk|20/100
|-damage|p1a: Rillaboom|17/100|[from] Recoil
|
|upkeep
|turn|11
|
|t:|1769315623
|switch|p1a: Hawlucha|Hawlucha, M|100/100
|move|p2a: Great Tusk|Ice Spinner|p1a: Hawlucha
|-supereffective|p1a: Hawlucha
|-damage|p1a: Hawlucha|22/100
|
|upkeep
|turn|12
|
|t:|1769315634
|-end|p2a: Great Tusk|Protosynthesis|[silent]
|switch|p2a: Gholdengo|Gholdengo|100/100
|move|p1a: Hawlucha|Acrobatics|p2a: Gholdengo
|-resisted|p2a: Gholdengo
|-damage|p2a: Gholdengo|72/100
|
|upkeep
|turn|13
|
|t:|1769315642
|switch|p1a: Zarude|Zarude|100/100
|move|p2a: Gholdengo|Shadow Ball|p1a: Zarude
|-resisted|p1a: Zarude
|-damage|p1a: Zarude|64/100
|-unboost|p1a: Zarude|spd|1
|
|-heal|p1a: Zarude|70/100|[from] item: Leftovers
|upkeep
|turn|14
|
|t:|1769315648
|switch|p2a: Great Tusk|Great Tusk|20/100
|move|p1a: Zarude|Knock Off|p2a: Great Tusk
|-resisted|p2a: Great Tusk
|-damage|p2a: Great Tusk|6/100
|-enditem|p2a: Great Tusk|Assault Vest|[from] move: Knock Off|[of] p1a: Zarude
|
|-heal|p1a: Zarude|76/100|[from] item: Leftovers
|upkeep
|turn|15
|
|t:|1769315652
|move|p1a: Zarude|Knock Off|p2a: Great Tusk
|-resisted|p2a: Great Tusk
|-damage|p2a: Great Tusk|0 fnt
|faint|p2a: Great Tusk
|-end|p2a: Great Tusk|Protosynthesis|[silent]
|
|-heal|p1a: Zarude|83/100|[from] item: Leftovers
|upkeep
|
|t:|1769315654
|switch|p2a: Iron Valiant|Iron Valiant|100/100
|-enditem|p2a: Iron Valiant|Booster Energy
|-activate|p2a: Iron Valiant|ability: Quark Drive|[fromitem]
|-start|p2a: Iron Valiant|quarkdrivespe
|turn|16
|
|t:|1769315662
|switch|p1a: Rillaboom|Rillaboom, M|17/100
|-fieldstart|move: Grassy Terrain|[from] ability: Grassy Surge|[of] p1a: Rillaboom
|move|p2a: Iron Valiant|Moonblast|p1a: Rillaboom
|-damage|p1a: Rillaboom|0 fnt
|faint|p1a: Rillaboom
|
|upkeep
|
|t:|1769315679
|switch|p1a: Dorito|Iron Moth, shiny, tera:Fairy|69/100
|turn|17
|
|t:|1769315686
|-end|p2a: Iron Valiant|Quark Drive|[silent]
|switch|p2a: Ting-Lu|Ting-Lu, tera:Water|73/100
|-ability|p2a: Ting-Lu|Vessel of Ruin
|move|p1a: Dorito|Dazzling Gleam|p2a: Ting-Lu
|-damage|p2a: Ting-Lu|53/100
|
|-heal|p1a: Dorito|75/100|[from] Grassy Terrain
|-heal|p2a: Ting-Lu|60/100|[from] Grassy Terrain
|-heal|p2a: Ting-Lu|66/100|[from] item: Leftovers
|upkeep
|turn|18
|
|t:|1769315694
|move|p1a: Dorito|Sludge Wave|p2a: Ting-Lu
|-damage|p2a: Ting-Lu|41/100
|move|p2a: Ting-Lu|Whirlwind|p1a: Dorito
|-end|p1a: Dorito|Quark Drive|[silent]
|drag|p1a: Zarude|Zarude|83/100
|
|-heal|p1a: Zarude|89/100|[from] Grassy Terrain
|-heal|p1a: Zarude|95/100|[from] item: Leftovers
|-heal|p2a: Ting-Lu|48/100|[from] Grassy Terrain
|-heal|p2a: Ting-Lu|54/100|[from] item: Leftovers
|upkeep
|turn|19
|
|t:|1769315711
|switch|p2a: Great Neck|Raging Bolt|100/100
|move|p1a: Zarude|Knock Off|p2a: Great Neck
|-damage|p2a: Great Neck|63/100
|-enditem|p2a: Great Neck|Choice Specs|[from] move: Knock Off|[of] p1a: Zarude
|
|-heal|p1a: Zarude|100/100|[from] Grassy Terrain
|-heal|p2a: Great Neck|70/100|[from] Grassy Terrain
|upkeep
|turn|20
|
|t:|1769315732
|move|p1a: Zarude|Swords Dance|p1a: Zarude
|-boost|p1a: Zarude|atk|2
|move|p2a: Great Neck|Volt Switch|p1a: Zarude
|-resisted|p1a: Zarude
|-damage|p1a: Zarude|81/100
|
|t:|1769315740
|-end|p2a: Great Neck|Protosynthesis|[silent]
|switch|p2a: Iron Valiant|Iron Valiant|100/100|[from] Volt Switch
|
|-heal|p1a: Zarude|87/100|[from] Grassy Terrain
|-heal|p1a: Zarude|94/100|[from] item: Leftovers
|upkeep
|turn|21
|inactive|BIGBODY55 has 120 seconds left.
|
|t:|1769315768
|switch|p1a: Dorito|Iron Moth, shiny, tera:Fairy|75/100
|move|p2a: Iron Valiant|Encore||[still]
|-fail|p2a: Iron Valiant
|
|-heal|p1a: Dorito|81/100|[from] Grassy Terrain
|upkeep
|turn|22
|inactive|BIGBODY55 has 120 seconds left.
|
|t:|1769315785
|-end|p2a: Iron Valiant|Quark Drive|[silent]
|switch|p2a: Gholdengo|Gholdengo|72/100
|move|p1a: Dorito|Fiery Dance|p2a: Gholdengo
|-supereffective|p2a: Gholdengo
|-damage|p2a: Gholdengo|0 fnt
|-boost|p1a: Dorito|spa|1
|faint|p2a: Gholdengo
|
|-heal|p1a: Dorito|87/100|[from] Grassy Terrain
|upkeep
|
|t:|1769315787
|switch|p2a: Ting-Lu|Ting-Lu, tera:Water|54/100
|-ability|p2a: Ting-Lu|Vessel of Ruin
|turn|23
|-message|cheatoh forfeited.
|
|win|BIGBODY55
|raw|BIGBODY55's rating: 1283 &rarr; <strong>1311</strong><br />(+28 for winning)
|raw|cheatoh's rating: 1320 &rarr; <strong>1298</strong><br />(-22 for losing)
|l|☆cheatoh
|player|p2|
|l|☆BIGBODY55
|player|p1|
