|j|☆Shea6045
|j|☆waha8
|t:|1769381858
|gametype|singles
|player|p1|Shea6045|cynthia-gen4|1410
|player|p2|waha8|1|1464
|gen|9
|tier|[Gen 9] OU
|rated|
|rule|HP Percentage Mod: HP is shown in percentages
|rule|Endless Battle Clause: Forcing endless battles is banned
|rule|Species Clause: Limit one of each Pokémon
|rule|OHKO Clause: OHKO moves are banned
|rule|Evasion Items Clause: Evasion items are banned
|rule|Evasion Moves Clause: Evasion moves are banned
|rule|Evasion Abilities Clause: Evasion abilities are banned
|rule|Sleep Moves Clause: Sleep-inducing moves are banned
|clearpoke
|poke|p1|Zoroark-Hisui, F|
|poke|p1|Ogerpon-Wellspring, F|
|poke|p1|Great Tusk|
|poke|p1|Garganacl, F|
|poke|p1|Pecharunt|
|poke|p1|Alomomola, F|
|poke|p2|Munkidori, M|
|poke|p2|Indeedee, M|
|poke|p2|Araquanid, M|
|poke|p2|Hatterene, F|
|poke|p2|Ursaluna, M|
|poke|p2|Porygon-Z|
|teampreview
|l|☆Shea6045
|player|p1|
|inactive|Battle timer is ON: inactive players will automatically lose when time's up. (requested by waha8)
|j|☆Shea6045
|inactive|Shea6045 reconnected and has 140 seconds left.
|player|p1|Shea6045|cynthia-gen4|
|inactive|Shea6045 has 120 seconds left.
|
|t:|1769381909
|teamsize|p1|6
|teamsize|p2|6
|start
|switch|p1a: Garganacl|Garganacl, F|100/100
|switch|p2a: BugMeNot|Araquanid, M|100/100
|turn|1
|
|t:|1769381916
|move|p1a: Garganacl|Trick|p2a: BugMeNot
|-activate|p1a: Garganacl|move: Trick|[of] p2a: BugMeNot
|-item|p2a: BugMeNot|Choice Specs|[from] move: Trick
|-item|p1a: Garganacl|Custap Berry|[from] move: Trick
|move|p2a: BugMeNot|Sticky Web|p1a: Garganacl
|-sidestart|p1: Shea6045|move: Sticky Web
|
|upkeep
|turn|2
|
|t:|1769381924
|switch|p2a: Luna|Ursaluna, M|100/100
|move|p1a: Garganacl|U-turn|p2a: Luna
|-damage|p2a: Luna|90/100
|
|t:|1769381927
|switch|p1a: Great Tusk|Great Tusk|100/100|[from] U-turn
|
|-status|p2a: Luna|brn|[from] item: Flame Orb
|upkeep
|turn|3
|
|t:|1769381935
|-terastallize|p2a: Luna|Ghost
|move|p1a: Great Tusk|Rapid Spin|p2a: Luna
|-immune|p2a: Luna
|move|p2a: Luna|Facade|p1a: Great Tusk
|-crit|p1a: Great Tusk
|-damage|p1a: Great Tusk|0 fnt
|faint|p1a: Great Tusk
|-end|p1a: Great Tusk|Protosynthesis|[silent]
|
|-damage|p2a: Luna|84/100 brn|[from] brn
|upkeep
|
|t:|1769381944
|switch|p1a: Pecharunt|Pecharunt|100/100
|turn|4
|
|t:|1769381948
|switch|p2a: DeeDee|Indeedee, M|100/100
|-fieldstart|move: Psychic Terrain|[from] ability: Psychic Surge|[of] p2a: DeeDee
|move|p1a: Pecharunt|Foul Play|p2a: DeeDee
|-supereffective|p2a: DeeDee
|-damage|p2a: DeeDee|53/100
|
|upkeep
|turn|5
|
|t:|1769381955
|switch|p1a: Alomomola|Alomomola, F|100/100
|-activate|p1a: Alomomola|move: Sticky Web
|-unboost|p1a: Alomomola|spe|1
|move|p2a: DeeDee|Expanding Force|p1a: Alomomola
|-damage|p1a: Alomomola|64/100
|
|upkeep
|turn|6
|
|t:|1769381965
|switch|p2a: Mavis|Hatterene, F|100/100
|move|p1a: Alomomola|Flip Turn|p2a: Mavis
|-crit|p2a: Mavis
|-damage|p2a: Mavis|71/100
|
|t:|1769381976
|switch|p1a: Pecharunt|Pecharunt|100/100|[from] Flip Turn
|
|upkeep
|turn|7
|
|t:|1769381980
|-terastallize|p1a: Pecharunt|Dark
|move|p1a: Pecharunt|Malignant Chain|p2a: Mavis
|-supereffective|p2a: Mavis
|-damage|p2a: Mavis|9/100
|move|p2a: Mavis|Expanding Force|p1a: Pecharunt
|-immune|p1a: Pecharunt
|
|upkeep
|turn|8
|
|t:|1769381992
|move|p1a: Pecharunt|Foul Play|p2a: Mavis
|-damage|p2a: Mavis|0 fnt
|faint|p2a: Mavis
|
|upkeep
|
|t:|1769381996
|switch|p2a: SeeDo|Munkidori, M|100/100
|turn|9
|
|t:|1769382002
|move|p2a: SeeDo|Nasty Plot|p2a: SeeDo
|-boost|p2a: SeeDo|spa|2
|move|p1a: Pecharunt|Parting Shot|p2a: SeeDo
|-unboost|p2a: SeeDo|atk|1
|-unboost|p2a: SeeDo|spa|1
|
|t:|1769382006
|switch|p1a: Alomomola|Alomomola, F|97/100|[from] Parting Shot
|-activate|p1a: Alomomola|move: Sticky Web
|-unboost|p1a: Alomomola|spe|1
|
|upkeep
|turn|10
|
|t:|1769382011
|move|p2a: SeeDo|Nasty Plot|p2a: SeeDo
|-boost|p2a: SeeDo|spa|2
|move|p1a: Alomomola|Mirror Coat||[still]
|-fail|p1a: Alomomola
|
|upkeep
|turn|11
|
|t:|1769382016
|move|p2a: SeeDo|Nasty Plot|p2a: SeeDo
|-boost|p2a: SeeDo|spa|2
|move|p1a: Alomomola|Body Slam|p2a: SeeDo
|-damage|p2a: SeeDo|78/100
|-status|p2a: SeeDo|par
|
|-fieldend|move: Psychic Terrain
|upkeep
|turn|12
|
|t:|1769382029
|move|p2a: SeeDo|Psyshock|p1a: Alomomola
|-damage|p1a: Alomomola|0 fnt
|faint|p1a: Alomomola
|-damage|p2a: SeeDo|68/100 par|[from] item: Life Orb
|
|upkeep
|
|t:|1769382033
|switch|p1a: Garganacl|Garganacl, F|100/100
|-activate|p1a: Garganacl|move: Sticky Web
|-unboost|p1a: Garganacl|spe|1
|turn|13
|
|t:|1769382038
|move|p1a: Garganacl|Shadow Ball|p2a: SeeDo
|-supereffective|p2a: SeeDo
|-crit|p2a: SeeDo
|-damage|p2a: SeeDo|0 fnt
|faint|p2a: SeeDo
|
|upkeep
|
|t:|1769382042
|switch|p2a: DeeDee|Indeedee, M|53/100
|-fieldstart|move: Psychic Terrain|[from] ability: Psychic Surge|[of] p2a: DeeDee
|turn|14
|
|t:|1769382046
|move|p2a: DeeDee|Dazzling Gleam|p1a: Garganacl
|-damage|p1a: Garganacl|51/100
|replace|p1a: Zoroark|Zoroark-Hisui, F, shiny
|-end|p1a: Zoroark|Illusion
|move|p1a: Zoroark|U-turn|p2a: DeeDee
|-supereffective|p2a: DeeDee
|-damage|p2a: DeeDee|0 fnt
|faint|p2a: DeeDee
|
|t:|1769382054
|switch|p1a: Pecharunt|Pecharunt, tera:Dark|100/100|[from] U-turn
|
|upkeep
|
|t:|1769382062
|switch|p2a: LittleZ|Porygon-Z|100/100
|turn|15
|
|t:|1769382068
|switch|p1a: Garganacl|Garganacl, F|51/100
|-activate|p1a: Garganacl|move: Sticky Web
|-unboost|p1a: Garganacl|spe|1
|move|p2a: LittleZ|Nasty Plot|p2a: LittleZ
|-boost|p2a: LittleZ|spa|2
|
|upkeep
|turn|16
|
|t:|1769382080
|switch|p2a: BugMeNot|Araquanid, M|100/100
|move|p1a: Garganacl|U-turn|p2a: BugMeNot
|-damage|p2a: BugMeNot|84/100
|
|t:|1769382093
|switch|p1a: Garganacl|Garganacl, F|100/100|[from] U-turn
|-activate|p1a: Garganacl|move: Sticky Web
|-unboost|p1a: Garganacl|spe|1
|
|upkeep
|turn|17
|
|t:|1769382098
|switch|p2a: Luna|Ursaluna, M, tera:Ghost|84/100 brn
|switch|p1a: Ogerpon|Ogerpon-Wellspring, F|100/100
|-activate|p1a: Ogerpon|move: Sticky Web
|-unboost|p1a: Ogerpon|spe|1
|
|-damage|p2a: Luna|78/100 brn|[from] brn
|upkeep
|turn|18
|
|t:|1769382106
|switch|p1a: Ogerpon|Ogerpon-Wellspring, F|51/100
|-activate|p1a: Ogerpon|move: Sticky Web
|-unboost|p1a: Ogerpon|spe|1
|move|p2a: Luna|Facade|p1a: Ogerpon
|-immune|p1a: Ogerpon
|
|-damage|p2a: Luna|72/100 brn|[from] brn
|upkeep
|turn|19
|
|t:|1769382114
|switch|p2a: BugMeNot|Araquanid, M|84/100
|move|p1a: Ogerpon|Shadow Ball|p2a: BugMeNot
|-damage|p2a: BugMeNot|52/100
|
|upkeep
|turn|20
|
|t:|1769382120
|move|p1a: Ogerpon|U-turn|p2a: BugMeNot
|-damage|p2a: BugMeNot|36/100
|
|t:|1769382122
|switch|p1a: Ogerpon|Ogerpon-Wellspring, F|100/100|[from] U-turn
|-activate|p1a: Ogerpon|move: Sticky Web
|-unboost|p1a: Ogerpon|spe|1
|move|p2a: BugMeNot|Lunge|p1a: Ogerpon
|-supereffective|p1a: Ogerpon
|-crit|p1a: Ogerpon
|-damage|p1a: Ogerpon|0 fnt
|faint|p1a: Ogerpon
|
|upkeep
|-message|Shea6045 forfeited.
|
|win|waha8
|raw|Shea6045's rating: 1410 &rarr; <strong>1393</strong><br />(-17 for losing)
|raw|waha8's rating: 1464 &rarr; <strong>1481</strong><br />(+17 for winning)
|l|☆Shea6045
|player|p1|
