|j|☆G00D00D
|j|☆waha8
|t:|1769407464
|gametype|singles
|player|p1|G00D00D|2|1458
|player|p2|waha8|265|1485
|gen|9
|tier|[Gen 9] OU
|rated|
|rule|HP Percentage Mod: HP is shown in percentages
|rule|Endless Battle Clause: Forcing endless battles is banned
|rule|Species Clause: Limit one of each Pokémon
|rule|OHKO Clause: OHKO moves are banned
|rule|Evasion Items Clause: Evasion items are banned
|rule|Evasion Moves Clause: Evasion moves are banned
|rule|Evasion Abilities Clause: Evasion abilities are banned
|rule|Sleep Moves Clause: Sleep-inducing moves are banned
|clearpoke
|poke|p1|Alomomola, F|
|poke|p1|Darkrai|
|poke|p1|Lokix, F|
|poke|p1|Iron Crown|
|poke|p1|Weezing-Galar, F|
|poke|p1|Landorus-Therian, M|
|poke|p2|Garchomp, F|
|poke|p2|Skeledirge, F|
|poke|p2|Ogerpon-Wellspring, F|
|poke|p2|Gholdengo|
|poke|p2|Cinderace, F|
|poke|p2|Ribombee, M|
|teampreview
|inactive|Battle timer is ON: inactive players will automatically lose when time's up. (requested by G00D00D)
|
|t:|1769407477
|teamsize|p1|6
|teamsize|p2|6
|start
|switch|p1a: Iron Crown|Iron Crown|100/100
|switch|p2a: Mavis|Ribombee, M|100/100
|turn|1
|
|t:|1769407482
|move|p2a: Mavis|Sticky Web|p1a: Iron Crown
|-sidestart|p1: G00D00D|move: Sticky Web
|move|p1a: Iron Crown|Tachyon Cutter|p2a: Mavis
|-supereffective|p2a: Mavis
|-damage|p2a: Mavis|10/100
|-supereffective|p2a: Mavis
|-damage|p2a: Mavis|0 fnt
|faint|p2a: Mavis
|-hitcount|p2: Mavis|2
|
|upkeep
|
|t:|1769407490
|switch|p2a: YouDidWhatNow?|Skeledirge, F|100/100
|turn|2
|
|t:|1769407497
|move|p1a: Iron Crown|Volt Switch|p2a: YouDidWhatNow?
|-damage|p2a: YouDidWhatNow?|77/100
|
|t:|1769407500
|-end|p1a: Iron Crown|Quark Drive|[silent]
|switch|p1a: Alomomola|Alomomola, F|100/100|[from] Volt Switch
|-activate|p1a: Alomomola|move: Sticky Web
|-unboost|p1a: Alomomola|spe|1
|move|p2a: YouDidWhatNow?|Will-O-Wisp|p1a: Alomomola
|-status|p1a: Alomomola|brn
|
|-heal|p2a: YouDidWhatNow?|83/100|[from] item: Leftovers
|-damage|p1a: Alomomola|94/100 brn|[from] brn
|upkeep
|turn|3
|
|t:|1769407512
|move|p2a: YouDidWhatNow?|Torch Song|p1a: Alomomola
|-resisted|p1a: Alomomola
|-damage|p1a: Alomomola|76/100 brn
|-boost|p2a: YouDidWhatNow?|spa|1
|-enditem|p1a: Alomomola|Eject Button
|
|t:|1769407517
|switch|p1a: Darkrai|Darkrai|100/100
|-activate|p1a: Darkrai|move: Sticky Web
|-unboost|p1a: Darkrai|spe|1
|
|-heal|p2a: YouDidWhatNow?|90/100|[from] item: Leftovers
|upkeep
|turn|4
|
|t:|1769407527
|-terastallize|p2a: YouDidWhatNow?|Fairy
|move|p1a: Darkrai|Trick|p2a: YouDidWhatNow?
|-activate|p1a: Darkrai|move: Trick|[of] p2a: YouDidWhatNow?
|-item|p2a: YouDidWhatNow?|Choice Scarf|[from] move: Trick
|-item|p1a: Darkrai|Leftovers|[from] move: Trick
|move|p2a: YouDidWhatNow?|Torch Song|p1a: Darkrai
|-damage|p1a: Darkrai|44/100
|-boost|p2a: YouDidWhatNow?|spa|1
|
|-heal|p1a: Darkrai|50/100|[from] item: Leftovers
|upkeep
|turn|5
|
|t:|1769407538
|move|p2a: YouDidWhatNow?|Torch Song|p1a: Darkrai
|-crit|p1a: Darkrai
|-damage|p1a: Darkrai|0 fnt
|-boost|p2a: YouDidWhatNow?|spa|1
|faint|p1a: Darkrai
|
|upkeep
|
|t:|1769407548
|switch|p1a: Lokix|Lokix, F|100/100
|-activate|p1a: Lokix|move: Sticky Web
|-unboost|p1a: Lokix|spe|1
|turn|6
|
|t:|1769407552
|-terastallize|p1a: Lokix|Bug
|move|p1a: Lokix|First Impression|p2a: YouDidWhatNow?
|-resisted|p2a: YouDidWhatNow?
|-damage|p2a: YouDidWhatNow?|40/100
|move|p2a: YouDidWhatNow?|Torch Song|p1a: Lokix
|-supereffective|p1a: Lokix
|-damage|p1a: Lokix|0 fnt
|-boost|p2a: YouDidWhatNow?|spa|1
|faint|p1a: Lokix
|
|upkeep
|-message|G00D00D forfeited.
|
|win|waha8
|raw|G00D00D's rating: 1458 &rarr; <strong>1440</strong><br />(-18 for losing)
|raw|waha8's rating: 1485 &rarr; <strong>1503</strong><br />(+18 for winning)
|l|☆G00D00D
|player|p1|
|l|☆waha8
|player|p2|
