|inactive|Battle timer is ON: inactive players will automatically lose when time's up.
|t:|1769343221
|gametype|singles
|player|p1|PainDeMiiie|169|
|player|p2|Cerva Nivea|clair|
|gen|9
|tier|[Gen 9] OU
|rule|HP Percentage Mod: HP is shown in percentages
|rule|Endless Battle Clause: Forcing endless battles is banned
|rule|Species Clause: Limit one of each Pokémon
|rule|OHKO Clause: OHKO moves are banned
|rule|Evasion Items Clause: Evasion items are banned
|rule|Evasion Moves Clause: Evasion moves are banned
|rule|Evasion Abilities Clause: Evasion abilities are banned
|rule|Sleep Moves Clause: Sleep-inducing moves are banned
|clearpoke
|poke|p1|Dragonite, M|
|poke|p1|Mimikyu, F|
|poke|p1|Raging Bolt|
|poke|p1|Great Tusk|
|poke|p1|Iron Valiant|
|poke|p1|Cinderace, F|
|poke|p2|Ogerpon-Wellspring, F|
|poke|p2|Iron Treads|
|poke|p2|Garganacl, M|
|poke|p2|Moltres|
|poke|p2|Zamazenta-*|
|poke|p2|Kingambit, F|
|teampreview
|c|☆PainDeMiiie|glhf 
|inactive|PainDeMiiie has 270 seconds left.
|inactive|Cerva Nivea has 270 seconds left.
|inactive|Cerva Nivea has 240 seconds left.
|inactive|PainDeMiiie has 240 seconds left.
|inactive|Cerva Nivea has 210 seconds left.
|inactive|PainDeMiiie has 210 seconds left.
|inactive|Cerva Nivea has 180 seconds left.
|
|t:|1769343357
|teamsize|p1|6
|teamsize|p2|6
|start
|switch|p1a: Cinderace|Cinderace, F, shiny|100/100
|switch|p2a: Ogerpon|Ogerpon-Wellspring, F|100/100
|turn|1
|inactive|PainDeMiiie has 240 seconds left.
|inactive|Cerva Nivea has 210 seconds left.
|
|t:|1769343393
|switch|p2a: Moltres|Moltres|100/100
|switch|p1a: Raging Bolt|Raging Bolt|100/100
|-enditem|p1a: Raging Bolt|Booster Energy
|-activate|p1a: Raging Bolt|ability: Protosynthesis|[fromitem]
|-start|p1a: Raging Bolt|protosynthesisspa
|
|upkeep
|turn|2
|inactive|PainDeMiiie has 240 seconds left.
|inactive|Cerva Nivea has 210 seconds left.
|
|t:|1769343400
|switch|p2a: Iron Treads|Iron Treads|100/100
|move|p1a: Raging Bolt|Dragon Pulse|p2a: Iron Treads
|-resisted|p2a: Iron Treads
|-damage|p2a: Iron Treads|63/100
|
|-heal|p2a: Iron Treads|70/100|[from] item: Leftovers
|upkeep
|turn|3
|inactive|Cerva Nivea has 210 seconds left.
|
|t:|1769343413
|-end|p1a: Raging Bolt|Protosynthesis|[silent]
|switch|p1a: Great Tusk|Great Tusk, shiny|100/100
|-enditem|p1a: Great Tusk|Booster Energy
|-activate|p1a: Great Tusk|ability: Protosynthesis|[fromitem]
|-start|p1a: Great Tusk|protosynthesisatk
|move|p2a: Iron Treads|Knock Off|p1a: Great Tusk
|-resisted|p1a: Great Tusk
|-damage|p1a: Great Tusk|95/100
|
|-heal|p2a: Iron Treads|76/100|[from] item: Leftovers
|upkeep
|turn|4
|
|t:|1769343425
|-end|p2a: Iron Treads|Quark Drive|[silent]
|switch|p2a: Moltres|Moltres|100/100
|move|p1a: Great Tusk|Headlong Rush|p2a: Moltres
|-immune|p2a: Moltres
|
|upkeep
|turn|5
|
|t:|1769343428
|move|p1a: Great Tusk|Head Smash|p2a: Moltres
|-supereffective|p2a: Moltres
|-damage|p2a: Moltres|0 fnt
|faint|p2a: Moltres
|-damage|p1a: Great Tusk|43/100|[from] Recoil
|
|upkeep
|
|t:|1769343433
|switch|p2a: Ogerpon|Ogerpon-Wellspring, F|100/100
|turn|6
|
|t:|1769343437
|-end|p1a: Great Tusk|Protosynthesis|[silent]
|switch|p1a: Raging Bolt|Raging Bolt|100/100
|move|p2a: Ogerpon|Ivy Cudgel|p1a: Raging Bolt|[anim] Ivy Cudgel Water
|-resisted|p1a: Raging Bolt
|-damage|p1a: Raging Bolt|73/100
|
|upkeep
|turn|7
|
|t:|1769343441
|move|p2a: Ogerpon|U-turn|p1a: Raging Bolt
|-damage|p1a: Raging Bolt|50/100
|
|t:|1769343443
|switch|p2a: Iron Treads|Iron Treads|76/100|[from] U-turn
|move|p1a: Raging Bolt|Dragon Pulse|p2a: Iron Treads
|-resisted|p2a: Iron Treads
|-damage|p2a: Iron Treads|47/100
|
|-heal|p2a: Iron Treads|53/100|[from] item: Leftovers
|upkeep
|turn|8
|
|t:|1769343452
|-end|p1a: Raging Bolt|Protosynthesis|[silent]
|switch|p1a: Great Tusk|Great Tusk, shiny|43/100
|move|p2a: Iron Treads|Earthquake|p1a: Great Tusk
|-damage|p1a: Great Tusk|15/100
|
|-heal|p2a: Iron Treads|59/100|[from] item: Leftovers
|upkeep
|turn|9
|
|t:|1769343456
|move|p2a: Iron Treads|Earthquake|p1a: Great Tusk
|-crit|p1a: Great Tusk
|-damage|p1a: Great Tusk|0 fnt
|faint|p1a: Great Tusk
|-end|p1a: Great Tusk|Protosynthesis|[silent]
|
|-heal|p2a: Iron Treads|65/100|[from] item: Leftovers
|upkeep
|
|t:|1769343460
|switch|p1a: Cinderace|Cinderace, F, shiny|100/100
|turn|10
|
|t:|1769343466
|-end|p2a: Iron Treads|Quark Drive|[silent]
|switch|p2a: Garganacl|Garganacl, M|100/100
|move|p1a: Cinderace|Pyro Ball|p2a: Garganacl
|-resisted|p2a: Garganacl
|-damage|p2a: Garganacl|81/100
|
|-heal|p2a: Garganacl|88/100|[from] item: Leftovers
|upkeep
|turn|11
|
|t:|1769343477
|move|p1a: Cinderace|Low Kick|p2a: Garganacl
|-start|p1a: Cinderace|typechange|Fighting|[from] ability: Libero
|-supereffective|p2a: Garganacl
|-damage|p2a: Garganacl|12/100
|move|p2a: Garganacl|Salt Cure|p1a: Cinderace
|-resisted|p1a: Cinderace
|-damage|p1a: Cinderace|92/100
|-start|p1a: Cinderace|Salt Cure
|
|-heal|p2a: Garganacl|18/100|[from] item: Leftovers
|-damage|p1a: Cinderace|79/100|[from] Salt Cure
|upkeep
|turn|12
|
|t:|1769343482
|move|p2a: Garganacl|Protect|p2a: Garganacl
|-singleturn|p2a: Garganacl|Protect
|move|p1a: Cinderace|Low Kick|p2a: Garganacl
|-activate|p2a: Garganacl|move: Protect
|
|-heal|p2a: Garganacl|24/100|[from] item: Leftovers
|-damage|p1a: Cinderace|67/100|[from] Salt Cure
|upkeep
|turn|13
|
|t:|1769343511
|-terastallize|p2a: Garganacl|Fairy
|move|p1a: Cinderace|Low Kick|p2a: Garganacl
|-resisted|p2a: Garganacl
|-damage|p2a: Garganacl|3/100
|move|p2a: Garganacl|Recover|p2a: Garganacl
|-heal|p2a: Garganacl|54/100
|
|-heal|p2a: Garganacl|60/100|[from] item: Leftovers
|-damage|p1a: Cinderace|55/100|[from] Salt Cure
|upkeep
|turn|14
|inactive|PainDeMiiie has 270 seconds left.
|
|t:|1769343550
|move|p1a: Cinderace|Pyro Ball|p2a: Garganacl
|-damage|p2a: Garganacl|34/100
|move|p2a: Garganacl|Recover|p2a: Garganacl
|-heal|p2a: Garganacl|84/100
|
|-heal|p2a: Garganacl|90/100|[from] item: Leftovers
|-damage|p1a: Cinderace|42/100|[from] Salt Cure
|upkeep
|turn|15
|
|t:|1769343555
|move|p1a: Cinderace|Pyro Ball|p2a: Garganacl
|-damage|p2a: Garganacl|62/100
|move|p2a: Garganacl|Stealth Rock|p1a: Cinderace
|-sidestart|p1: PainDeMiiie|move: Stealth Rock
|
|-heal|p2a: Garganacl|68/100|[from] item: Leftovers
|-damage|p1a: Cinderace|30/100|[from] Salt Cure
|upkeep
|turn|16
|
|t:|1769343560
|move|p1a: Cinderace|Court Change|p1a: Cinderace
|-swapsideconditions
|-activate|p1a: Cinderace|move: Court Change
|move|p2a: Garganacl|Recover|p2a: Garganacl
|-heal|p2a: Garganacl|100/100
|
|-damage|p1a: Cinderace|18/100|[from] Salt Cure
|upkeep
|turn|17
|
|t:|1769343564
|switch|p1a: Dragonite|Dragonite, M, shiny|100/100
|move|p2a: Garganacl|Stealth Rock|p1a: Dragonite
|-sidestart|p1: PainDeMiiie|move: Stealth Rock
|
|upkeep
|turn|18
|
|t:|1769343566
|move|p1a: Dragonite|Encore|p2a: Garganacl
|-start|p2a: Garganacl|Encore
|move|p2a: Garganacl|Stealth Rock||[still]
|-fail|p2a: Garganacl
|
|upkeep
|turn|19
|
|t:|1769343570
|switch|p2a: Zamazenta|Zamazenta|100/100
|-damage|p2a: Zamazenta|94/100|[from] Stealth Rock
|-ability|p2a: Zamazenta|Dauntless Shield|boost
|-boost|p2a: Zamazenta|def|1
|move|p1a: Dragonite|Dragon Dance|p1a: Dragonite
|-boost|p1a: Dragonite|atk|1
|-boost|p1a: Dragonite|spe|1
|
|-heal|p2a: Zamazenta|100/100|[from] item: Leftovers
|upkeep
|turn|20
|
|t:|1769343575
|move|p1a: Dragonite|Dragon Dance|p1a: Dragonite
|-boost|p1a: Dragonite|atk|1
|-boost|p1a: Dragonite|spe|1
|move|p2a: Zamazenta|Roar|p1a: Dragonite
|drag|p1a: Mimikyu|Mimikyu, F, shiny|100/100
|-damage|p1a: Mimikyu|88/100|[from] Stealth Rock
|
|upkeep
|turn|21
|
|t:|1769343594
|switch|p1a: Iron Valiant|Iron Valiant, shiny|100/100
|-damage|p1a: Iron Valiant|94/100|[from] Stealth Rock
|-enditem|p1a: Iron Valiant|Booster Energy
|-activate|p1a: Iron Valiant|ability: Quark Drive|[fromitem]
|-start|p1a: Iron Valiant|quarkdrivespe
|move|p2a: Zamazenta|Crunch|p1a: Iron Valiant
|-resisted|p1a: Iron Valiant
|-damage|p1a: Iron Valiant|87/100
|-unboost|p1a: Iron Valiant|def|1
|
|upkeep
|turn|22
|
|t:|1769343606
|move|p1a: Iron Valiant|Moonblast|p2a: Zamazenta
|-supereffective|p2a: Zamazenta
|-damage|p2a: Zamazenta|19/100
|move|p2a: Zamazenta|Roar|p1a: Iron Valiant
|-end|p1a: Iron Valiant|Quark Drive|[silent]
|drag|p1a: Raging Bolt|Raging Bolt|50/100
|-damage|p1a: Raging Bolt|37/100|[from] Stealth Rock
|
|-heal|p2a: Zamazenta|25/100|[from] item: Leftovers
|upkeep
|turn|23
|
|t:|1769343614
|switch|p2a: Iron Treads|Iron Treads|65/100
|-damage|p2a: Iron Treads|62/100|[from] Stealth Rock
|move|p1a: Raging Bolt|Thunderclap||[still]
|-fail|p1a: Raging Bolt
|
|-heal|p2a: Iron Treads|68/100|[from] item: Leftovers
|upkeep
|turn|24
|
|t:|1769343621
|move|p2a: Iron Treads|Earthquake|p1a: Raging Bolt
|-supereffective|p1a: Raging Bolt
|-damage|p1a: Raging Bolt|0 fnt
|faint|p1a: Raging Bolt
|-end|p1a: Raging Bolt|Protosynthesis|[silent]
|
|-heal|p2a: Iron Treads|75/100|[from] item: Leftovers
|upkeep
|
|t:|1769343626
|switch|p1a: Iron Valiant|Iron Valiant, shiny|87/100
|-damage|p1a: Iron Valiant|80/100|[from] Stealth Rock
|turn|25
|
|t:|1769343637
|-end|p2a: Iron Treads|Quark Drive|[silent]
|switch|p2a: Zamazenta|Zamazenta|25/100
|-damage|p2a: Zamazenta|19/100|[from] Stealth Rock
|move|p1a: Iron Valiant|Close Combat|p2a: Zamazenta
|-crit|p2a: Zamazenta
|-damage|p2a: Zamazenta|0 fnt
|-unboost|p1a: Iron Valiant|def|1
|-unboost|p1a: Iron Valiant|spd|1
|faint|p2a: Zamazenta
|
|upkeep
|
|t:|1769343638
|switch|p2a: Ogerpon|Ogerpon-Wellspring, F|100/100
|-damage|p2a: Ogerpon|88/100|[from] Stealth Rock
|turn|26
|
|t:|1769343643
|move|p1a: Iron Valiant|Destiny Bond|p1a: Iron Valiant
|-singlemove|p1a: Iron Valiant|Destiny Bond
|move|p2a: Ogerpon|Ivy Cudgel|p1a: Iron Valiant|[anim] Ivy Cudgel Water
|-damage|p1a: Iron Valiant|0 fnt
|faint|p1a: Iron Valiant
|-activate|p1a: Iron Valiant|move: Destiny Bond
|-end|p1a: Iron Valiant|Quark Drive|[silent]
|faint|p2a: Ogerpon
|
|upkeep
|
|t:|1769343654
|switch|p1a: Mimikyu|Mimikyu, F, shiny|88/100
|switch|p2a: Garganacl|Garganacl, M, tera:Fairy|100/100
|-damage|p1a: Mimikyu|76/100|[from] Stealth Rock
|-damage|p2a: Garganacl|88/100|[from] Stealth Rock
|turn|27
|
|t:|1769343659
|move|p1a: Mimikyu|Swords Dance|p1a: Mimikyu
|-boost|p1a: Mimikyu|atk|2
|move|p2a: Garganacl|Salt Cure|p1a: Mimikyu
|-activate|p1a: Mimikyu|ability: Disguise
|-damage|p1a: Mimikyu|76/100
|-start|p1a: Mimikyu|Salt Cure
|detailschange|p1a: Mimikyu|Mimikyu-Busted, F, shiny
|-damage|p1a: Mimikyu|63/100|[from] pokemon: Mimikyu-Busted
|
|-heal|p2a: Garganacl|94/100|[from] item: Leftovers
|-damage|p1a: Mimikyu|51/100|[from] Salt Cure
|upkeep
|turn|28
|
|t:|1769343665
|move|p1a: Mimikyu|Phantom Force||[still]
|-prepare|p1a: Mimikyu|Phantom Force
|move|p2a: Garganacl|Salt Cure|p1a: Mimikyu|[miss]
|-miss|p2a: Garganacl|p1a: Mimikyu
|
|-heal|p2a: Garganacl|100/100|[from] item: Leftovers
|-damage|p1a: Mimikyu|39/100|[from] Salt Cure
|upkeep
|turn|29
|inactive|Cerva Nivea has 270 seconds left.
|
|t:|1769343700
|move|p1a: Mimikyu|Phantom Force|p2a: Garganacl|[from] lockedmove
|-damage|p2a: Garganacl|69/100
|-damage|p1a: Mimikyu|29/100|[from] item: Life Orb
|move|p2a: Garganacl|Recover|p2a: Garganacl
|-heal|p2a: Garganacl|100/100
|
|-damage|p1a: Mimikyu|16/100|[from] Salt Cure
|upkeep
|turn|30
|
|t:|1769343708
|move|p1a: Mimikyu|Drain Punch|p2a: Garganacl
|-resisted|p2a: Garganacl
|-damage|p2a: Garganacl|84/100
|-heal|p1a: Mimikyu|30/100|[from] drain|[of] p2a: Garganacl
|-damage|p1a: Mimikyu|20/100|[from] item: Life Orb
|move|p2a: Garganacl|Recover|p2a: Garganacl
|-heal|p2a: Garganacl|100/100
|
|-damage|p1a: Mimikyu|7/100|[from] Salt Cure
|upkeep
|turn|31
|
|t:|1769343717
|move|p2a: Garganacl|Protect|p2a: Garganacl
|-singleturn|p2a: Garganacl|Protect
|move|p1a: Mimikyu|Drain Punch|p2a: Garganacl
|-activate|p2a: Garganacl|move: Protect
|
|-damage|p1a: Mimikyu|0 fnt|[from] Salt Cure
|faint|p1a: Mimikyu
|upkeep
|
|t:|1769343721
|switch|p1a: Dragonite|Dragonite, M, shiny|100/100
|-damage|p1a: Dragonite|76/100|[from] Stealth Rock
|turn|32
|
|t:|1769343724
|switch|p2a: Iron Treads|Iron Treads|75/100
|-damage|p2a: Iron Treads|72/100|[from] Stealth Rock
|move|p1a: Dragonite|Encore||[still]
|-fail|p1a: Dragonite
|
|-heal|p2a: Iron Treads|78/100|[from] item: Leftovers
|upkeep
|turn|33
|
|t:|1769343730
|-terastallize|p1a: Dragonite|Fire
|move|p2a: Iron Treads|Rapid Spin|p1a: Dragonite
|-damage|p1a: Dragonite|60/100
|-boost|p2a: Iron Treads|spe|1
|-sideend|p2: Cerva Nivea|Stealth Rock|[from] move: Rapid Spin|[of] p2a: Iron Treads
|move|p1a: Dragonite|Dragon Dance|p1a: Dragonite
|-boost|p1a: Dragonite|atk|1
|-boost|p1a: Dragonite|spe|1
|
|-heal|p2a: Iron Treads|84/100|[from] item: Leftovers
|upkeep
|turn|34
|c|☆PainDeMiiie|gg
|
|t:|1769343736
|move|p2a: Iron Treads|Earthquake|p1a: Dragonite
|-supereffective|p1a: Dragonite
|-damage|p1a: Dragonite|0 fnt
|faint|p1a: Dragonite
|
|-heal|p2a: Iron Treads|90/100|[from] item: Leftovers
|upkeep
|
|t:|1769343738
|switch|p1a: Cinderace|Cinderace, F, shiny|18/100
|-damage|p1a: Cinderace|0 fnt|[from] Stealth Rock
|faint|p1a: Cinderace
|
|win|Cerva Nivea
