|j|☆7uc45
|j|☆phrogey
|t:|1769376438
|gametype|singles
|player|p1|7uc45|wattson|
|player|p2|phrogey|gardenia|
|gen|9
|tier|[Gen 9] OU
|rule|HP Percentage Mod: HP is shown in percentages
|rule|Endless Battle Clause: Forcing endless battles is banned
|rule|Species Clause: Limit one of each Pokémon
|rule|OHKO Clause: OHKO moves are banned
|rule|Evasion Items Clause: Evasion items are banned
|rule|Evasion Moves Clause: Evasion moves are banned
|rule|Evasion Abilities Clause: Evasion abilities are banned
|rule|Sleep Moves Clause: Sleep-inducing moves are banned
|clearpoke
|poke|p1|Reuniclus, F|
|poke|p1|Armarouge, M|
|poke|p1|Ampharos, M|
|poke|p1|Indeedee-F, F|
|poke|p1|Ursaluna, F|
|poke|p1|Scrafty, M|
|poke|p2|Raging Bolt|
|poke|p2|Alomomola, M|
|poke|p2|Lokix, M|
|poke|p2|Great Tusk|
|poke|p2|Kingambit, M|
|poke|p2|Primarina, F|
|teampreview
|c|☆phrogey|gl hf
|
|t:|1769376450
|teamsize|p1|6
|teamsize|p2|6
|start
|switch|p1a: Indeedee|Indeedee-F, F|100/100
|switch|p2a: Great Tusk|Great Tusk|100/100
|-fieldstart|move: Psychic Terrain|[from] ability: Psychic Surge|[of] p1a: Indeedee
|turn|1
|
|t:|1769376466
|move|p2a: Great Tusk|Ice Spinner|p1a: Indeedee
|-damage|p1a: Indeedee|63/100
|-fieldend|move: Psychic Terrain
|move|p1a: Indeedee|Trick Room|p1a: Indeedee
|-fieldstart|move: Trick Room|[of] p1a: Indeedee
|
|upkeep
|turn|2
|
|t:|1769376476
|move|p1a: Indeedee|Dazzling Gleam|p2a: Great Tusk
|-supereffective|p2a: Great Tusk
|-damage|p2a: Great Tusk|48/100
|move|p2a: Great Tusk|Knock Off|p1a: Indeedee
|-supereffective|p1a: Indeedee
|-damage|p1a: Indeedee|0 fnt
|-enditem|p1a: Indeedee|Terrain Extender|[from] move: Knock Off|[of] p2a: Great Tusk
|faint|p1a: Indeedee
|
|upkeep
|
|t:|1769376489
|switch|p1a: Ursaluna|Ursaluna, F|100/100
|turn|3
|
|t:|1769376504
|-end|p2a: Great Tusk|Protosynthesis|[silent]
|switch|p2a: Alomomola|Alomomola, M|100/100
|move|p1a: Ursaluna|Earthquake|p2a: Alomomola
|-damage|p2a: Alomomola|64/100
|
|-status|p1a: Ursaluna|brn|[from] item: Flame Orb
|upkeep
|turn|4
|
|t:|1769376516
|switch|p1a: Mati|Ampharos, M|100/100
|move|p2a: Alomomola|Wish|p2a: Alomomola
|
|upkeep
|turn|5
|
|t:|1769376522
|move|p2a: Alomomola|Flip Turn|p1a: Mati
|-damage|p1a: Mati|83/100
|
|t:|1769376526
|switch|p2a: Great Tusk|Great Tusk|48/100|[from] Flip Turn
|move|p1a: Mati|Discharge|p2a: Great Tusk
|-immune|p2a: Great Tusk
|
|-heal|p2a: Great Tusk|100/100|[from] move: Wish|[wisher] Alomomola
|-fieldend|move: Trick Room
|upkeep
|turn|6
|
|t:|1769376545
|switch|p1a: Ursaluna|Ursaluna, F|100/100 brn
|move|p2a: Great Tusk|Headlong Rush|p1a: Ursaluna
|-damage|p1a: Ursaluna|53/100 brn
|-unboost|p2a: Great Tusk|def|1
|-unboost|p2a: Great Tusk|spd|1
|
|-damage|p1a: Ursaluna|47/100 brn|[from] brn
|upkeep
|turn|7
|
|t:|1769376597
|-end|p2a: Great Tusk|Protosynthesis|[silent]
|switch|p2a: Primarina|Primarina, F|100/100
|move|p1a: Ursaluna|Earthquake|p2a: Primarina
|-damage|p2a: Primarina|32/100
|
|-heal|p2a: Primarina|38/100|[from] item: Leftovers
|-damage|p1a: Ursaluna|41/100 brn|[from] brn
|upkeep
|turn|8
|
|t:|1769376613
|switch|p1a: Mati|Ampharos, M|83/100
|move|p2a: Primarina|Draining Kiss|p1a: Mati
|-damage|p1a: Mati|61/100
|-heal|p2a: Primarina|55/100|[from] drain|[of] p1a: Mati
|
|-heal|p2a: Primarina|61/100|[from] item: Leftovers
|upkeep
|turn|9
|
|t:|1769376641
|-terastallize|p2a: Primarina|Steel
|move|p2a: Primarina|Calm Mind|p2a: Primarina
|-boost|p2a: Primarina|spa|1
|-boost|p2a: Primarina|spd|1
|move|p1a: Mati|Dazzling Gleam|p2a: Primarina
|-resisted|p2a: Primarina
|-damage|p2a: Primarina|50/100
|
|-heal|p2a: Primarina|57/100|[from] item: Leftovers
|upkeep
|turn|10
|
|t:|1769376657
|switch|p1a: Viri|Reuniclus, F|100/100
|move|p2a: Primarina|Calm Mind|p2a: Primarina
|-boost|p2a: Primarina|spa|1
|-boost|p2a: Primarina|spd|1
|
|-heal|p2a: Primarina|63/100|[from] item: Leftovers
|upkeep
|turn|11
|
|t:|1769376684
|move|p2a: Primarina|Psychic Noise|p1a: Viri
|-damage|p1a: Viri|46/100
|-start|p1a: Viri|move: Heal Block
|move|p1a: Viri|Trick Room|p1a: Viri
|-fieldstart|move: Trick Room|[of] p1a: Viri
|
|-heal|p2a: Primarina|69/100|[from] item: Leftovers
|upkeep
|turn|12
|
|t:|1769376698
|switch|p1a: Ursaluna|Ursaluna, F|41/100 brn
|move|p2a: Primarina|Psychic Noise|p1a: Ursaluna
|-supereffective|p1a: Ursaluna
|-damage|p1a: Ursaluna|0 fnt
|faint|p1a: Ursaluna
|
|-heal|p2a: Primarina|75/100|[from] item: Leftovers
|upkeep
|
|t:|1769376714
|switch|p1a: Armarouge|Armarouge, M|100/100
|turn|13
|
|t:|1769376721
|move|p2a: Primarina|Psychic Noise|p1a: Armarouge
|-supereffective|p1a: Armarouge
|-damage|p1a: Armarouge|0 fnt
|faint|p1a: Armarouge
|
|-heal|p2a: Primarina|81/100|[from] item: Leftovers
|upkeep
|
|t:|1769376732
|switch|p1a: Viri|Reuniclus, F|46/100
|turn|14
|
|t:|1769376736
|move|p1a: Viri|Focus Blast|p2a: Primarina
|-supereffective|p2a: Primarina
|-damage|p2a: Primarina|35/100
|move|p2a: Primarina|Psychic Noise|p1a: Viri
|-damage|p1a: Viri|0 fnt
|faint|p1a: Viri
|
|-heal|p2a: Primarina|41/100|[from] item: Leftovers
|upkeep
|
|t:|1769376741
|switch|p1a: Vick|Scrafty, M|100/100
|turn|15
|
|t:|1769376748
|move|p1a: Vick|Close Combat|p2a: Primarina
|-supereffective|p2a: Primarina
|-damage|p2a: Primarina|0 fnt
|-unboost|p1a: Vick|def|1
|-unboost|p1a: Vick|spd|1
|faint|p2a: Primarina
|-ability|p1a: Vick|Moxie|boost
|-boost|p1a: Vick|atk|1
|
|-fieldend|move: Trick Room
|upkeep
|
|t:|1769376759
|switch|p2a: Raging Bolt|Raging Bolt|100/100
|turn|16
|
|t:|1769376766
|move|p2a: Raging Bolt|Volt Switch|p1a: Vick
|-damage|p1a: Vick|43/100
|
|t:|1769376773
|-end|p2a: Raging Bolt|Protosynthesis|[silent]
|switch|p2a: Great Tusk|Great Tusk|100/100|[from] Volt Switch
|move|p1a: Vick|Ice Punch|p2a: Great Tusk
|-supereffective|p2a: Great Tusk
|-damage|p2a: Great Tusk|60/100
|-status|p2a: Great Tusk|frz
|
|upkeep
|turn|17
|
|t:|1769376788
|cant|p2a: Great Tusk|frz
|move|p1a: Vick|Close Combat|p2a: Great Tusk
|-damage|p2a: Great Tusk|15/100 frz
|-unboost|p1a: Vick|def|1
|-unboost|p1a: Vick|spd|1
|
|upkeep
|turn|18
|
|t:|1769376795
|cant|p2a: Great Tusk|frz
|move|p1a: Vick|Ice Punch|p2a: Great Tusk
|-supereffective|p2a: Great Tusk
|-damage|p2a: Great Tusk|0 fnt
|faint|p2a: Great Tusk
|-end|p2a: Great Tusk|Protosynthesis|[silent]
|-ability|p1a: Vick|Moxie|boost
|-boost|p1a: Vick|atk|1
|
|upkeep
|
|t:|1769376821
|switch|p2a: Kingambit|Kingambit, M|100/100
|-activate|p2a: Kingambit|ability: Supreme Overlord
|-start|p2a: Kingambit|fallen2|[silent]
|-item|p2a: Kingambit|Air Balloon
|turn|19
|
|t:|1769376835
|move|p2a: Kingambit|Iron Head|p1a: Vick
|-damage|p1a: Vick|0 fnt
|faint|p1a: Vick
|
|upkeep
|
|t:|1769376838
|switch|p1a: Mati|Ampharos, M|61/100
|turn|20
|
|t:|1769376845
|move|p2a: Kingambit|Sucker Punch|p1a: Mati
|-damage|p1a: Mati|12/100
|-status|p2a: Kingambit|par|[from] ability: Static|[of] p1a: Mati
|move|p1a: Mati|Dazzling Gleam|p2a: Kingambit
|-damage|p2a: Kingambit|62/100 par
|-enditem|p2a: Kingambit|Air Balloon
|
|upkeep
|turn|21
|
|t:|1769376853
|cant|p2a: Kingambit|par
|move|p1a: Mati|Dazzling Gleam|p2a: Kingambit
|-damage|p2a: Kingambit|23/100 par
|
|upkeep
|turn|22
|
|t:|1769376858
|cant|p2a: Kingambit|par
|move|p1a: Mati|Dazzling Gleam|p2a: Kingambit
|-damage|p2a: Kingambit|0 fnt
|faint|p2a: Kingambit
|-end|p2a: Kingambit|fallen2|[silent]
|
|upkeep
|
|t:|1769376865
|switch|p2a: Lokix|Lokix, M|100/100
|turn|23
|
|t:|1769376868
|move|p2a: Lokix|First Impression|p1a: Mati
|-damage|p1a: Mati|0 fnt
|faint|p1a: Mati
|
|win|phrogey
|c|☆7uc45|Gg
|c|☆phrogey|ggs
|c|☆7uc45|good game
|l|☆7uc45
|player|p1|
