|j|☆mehvish
|j|☆fabianclaros
|inactive|Battle timer is ON: inactive players will automatically lose when time's up.
|t:|1769328783
|gametype|singles
|player|p1|mehvish|maid|
|player|p2|fabianclaros|volkner|
|gen|9
|tier|[Gen 9] OU
|rated|Tournament battle
|rule|HP Percentage Mod: HP is shown in percentages
|rule|Endless Battle Clause: Forcing endless battles is banned
|rule|Species Clause: Limit one of each Pokémon
|rule|OHKO Clause: OHKO moves are banned
|rule|Evasion Items Clause: Evasion items are banned
|rule|Evasion Moves Clause: Evasion moves are banned
|rule|Evasion Abilities Clause: Evasion abilities are banned
|rule|Sleep Moves Clause: Sleep-inducing moves are banned
|raw|<div class="infobox"><details class="readmore"><summary><strong>15 custom rules:</strong></summary> -burmy, -caterpie, -combee, -kricketot, -magikarp, -scatterbug, -sunkern, -tynamo, -typenull, -weedle, -wurmple, -cosmog, -blipbug, -snom, -wynaut</details></div>
|clearpoke
|poke|p1|Bellsprout, M|
|poke|p1|Salamence, M|
|poke|p1|Banette, M|
|poke|p2|Florges-Blue, F|
|poke|p2|Igglybuff, M|
|poke|p2|Oinkologne, M|
|teampreview
|j|*Lady Monita ☃️
|inactive|fabianclaros also wants the timer to be on.
|inactive|mehvish also wants the timer to be on.
|
|t:|1769328790
|teamsize|p1|3
|teamsize|p2|3
|start
|switch|p1a: Bellsprout|Bellsprout, M|100/100
|switch|p2a: Florges|Florges-Blue, F, shiny|100/100
|turn|1
|
|t:|1769328796
|switch|p2a: Oinkologne|Oinkologne, M|100/100
|move|p1a: Bellsprout|Sunny Day|p1a: Bellsprout
|-weather|SunnyDay
|
|-weather|SunnyDay|[upkeep]
|upkeep
|turn|2
|
|t:|1769328801
|-terastallize|p1a: Bellsprout|Grass
|move|p1a: Bellsprout|Solar Beam||[still]
|-prepare|p1a: Bellsprout|Solar Beam
|-anim|p1a: Bellsprout|Solar Beam|p2a: Oinkologne
|-damage|p2a: Oinkologne|61/100
|move|p2a: Oinkologne|Body Slam|p1a: Bellsprout
|-damage|p1a: Bellsprout|2/100
|
|-weather|SunnyDay|[upkeep]
|-heal|p2a: Oinkologne|67/100|[from] item: Leftovers
|upkeep
|turn|3
|
|t:|1769328814
|move|p1a: Bellsprout|Solar Beam||[still]
|-prepare|p1a: Bellsprout|Solar Beam
|-anim|p1a: Bellsprout|Solar Beam|p2a: Oinkologne
|-crit|p2a: Oinkologne
|-damage|p2a: Oinkologne|8/100
|move|p2a: Oinkologne|Body Slam|p1a: Bellsprout
|-damage|p1a: Bellsprout|0 fnt
|faint|p1a: Bellsprout
|
|-weather|SunnyDay|[upkeep]
|-heal|p2a: Oinkologne|14/100|[from] item: Leftovers
|upkeep
|
|t:|1769328828
|switch|p1a: Salamence|Salamence, M|100/100
|-ability|p1a: Salamence|Intimidate|boost
|-unboost|p2a: Oinkologne|atk|1
|turn|4
|
|t:|1769328830
|move|p1a: Salamence|Earthquake|p2a: Oinkologne
|-damage|p2a: Oinkologne|0 fnt
|faint|p2a: Oinkologne
|
|-weather|SunnyDay|[upkeep]
|upkeep
|
|t:|1769328833
|switch|p2a: Florges|Florges-Blue, F, shiny|100/100
|turn|5
|
|t:|1769328837
|switch|p1a: Banette|Banette, M|100/100
|move|p2a: Florges|Trick|p1a: Banette
|-activate|p2a: Florges|move: Trick|[of] p1a: Banette
|-item|p1a: Banette|Toxic Orb|[from] move: Trick
|-item|p2a: Florges|Life Orb|[from] move: Trick
|
|-weather|none
|-status|p1a: Banette|tox|[from] item: Toxic Orb
|upkeep
|turn|6
|
|t:|1769328845
|move|p2a: Florges|Protect|p2a: Florges
|-singleturn|p2a: Florges|Protect
|move|p1a: Banette|Swords Dance|p1a: Banette
|-boost|p1a: Banette|atk|2
|
|-damage|p1a: Banette|94/100 tox|[from] psn
|upkeep
|turn|7
|
|t:|1769328849
|move|p2a: Florges|Moonblast|p1a: Banette
|-damage|p1a: Banette|25/100 tox
|-damage|p2a: Florges|91/100|[from] item: Life Orb
|move|p1a: Banette|Poltergeist|p2a: Florges
|-activate|p2a: Florges|move: Poltergeist|Life Orb
|-damage|p2a: Florges|0 fnt
|faint|p2a: Florges
|
|-damage|p1a: Banette|13/100 tox|[from] psn
|upkeep
|
|t:|1769328851
|switch|p2a: Igglybuff|Igglybuff, M|100/100
|turn|8
|
|t:|1769328856
|move|p2a: Igglybuff|Protect|p2a: Igglybuff
|-singleturn|p2a: Igglybuff|Protect
|move|p1a: Banette|Knock Off|p2a: Igglybuff
|-activate|p2a: Igglybuff|move: Protect
|
|-damage|p1a: Banette|0 fnt|[from] psn
|faint|p1a: Banette
|upkeep
|
|t:|1769328859
|switch|p1a: Salamence|Salamence, M|100/100
|-ability|p1a: Salamence|Intimidate|boost
|-unboost|p2a: Igglybuff|atk|1
|-ability|p2a: Igglybuff|Competitive|boost
|-boost|p2a: Igglybuff|spa|2
|turn|9
|
|t:|1769328861
|move|p1a: Salamence|Hurricane|p2a: Igglybuff
|-damage|p2a: Igglybuff|52/100
|-start|p2a: Igglybuff|confusion
|-activate|p2a: Igglybuff|confusion
|move|p2a: Igglybuff|Thunder Wave|p1a: Salamence
|-status|p1a: Salamence|par
|
|upkeep
|turn|10
|
|t:|1769328872
|cant|p1a: Salamence|par
|-activate|p2a: Igglybuff|confusion
|-damage|p2a: Igglybuff|47/100|[from] confusion
|
|upkeep
|turn|11
|
|t:|1769328875
|move|p1a: Salamence|Hurricane|p2a: Igglybuff
|-damage|p2a: Igglybuff|0 fnt
|faint|p2a: Igglybuff
|
|win|mehvish
|n|☆mehvish|mehvish
|n|☆fabianclaros|fabianclaros
|n|*Lady Monita ☃️|ladymonita
