|j|☆Synergistic soul
|j|☆firecharmander004
|t:|1769409841
|gametype|singles
|player|p1|Synergistic soul|gentleman-gen1|1550
|player|p2|firecharmander004|266|1588
|gen|9
|tier|[Gen 9] OU
|rated|
|rule|HP Percentage Mod: HP is shown in percentages
|rule|Endless Battle Clause: Forcing endless battles is banned
|rule|Species Clause: Limit one of each Pokémon
|rule|OHKO Clause: OHKO moves are banned
|rule|Evasion Items Clause: Evasion items are banned
|rule|Evasion Moves Clause: Evasion moves are banned
|rule|Evasion Abilities Clause: Evasion abilities are banned
|rule|Sleep Moves Clause: Sleep-inducing moves are banned
|clearpoke
|poke|p1|Frosmoth, M|
|poke|p1|Cinccino, M|
|poke|p1|Incineroar, F|
|poke|p1|Weezing-Galar, F|
|poke|p1|Sinistcha|
|poke|p1|Alomomola, M|
|poke|p2|Charizard, M|
|poke|p2|Walking Wake|
|poke|p2|Hatterene, F|
|poke|p2|Venusaur, F|
|poke|p2|Great Tusk|
|poke|p2|Ninetales, M|
|teampreview
|inactive|Battle timer is ON: inactive players will automatically lose when time's up. (requested by Synergistic soul)
|inactive|firecharmander004 also wants the timer to be on.
|
|t:|1769409854
|teamsize|p1|6
|teamsize|p2|6
|start
|switch|p1a: Incineroar|Incineroar, F|100/100
|switch|p2a: Ninetales|Ninetales, M|100/100
|-weather|SunnyDay|[from] ability: Drought|[of] p2a: Ninetales
|-ability|p1a: Incineroar|Intimidate|boost
|-unboost|p2a: Ninetales|atk|1
|turn|1
|
|t:|1769409859
|switch|p2a: Hatterene|Hatterene, F|100/100
|move|p1a: Incineroar|Knock Off|p2a: Hatterene
|-damage|p2a: Hatterene|70/100
|-enditem|p2a: Hatterene|Eject Button|[from] move: Knock Off|[of] p1a: Incineroar
|
|-weather|SunnyDay|[upkeep]
|upkeep
|turn|2
|
|t:|1769409866
|move|p1a: Incineroar|Flare Blitz|p2a: Hatterene
|-damage|p2a: Hatterene|13/100
|-status|p2a: Hatterene|brn
|-damage|p1a: Incineroar|85/100|[from] Recoil
|move|p2a: Hatterene|Dazzling Gleam|p1a: Incineroar
|-damage|p1a: Incineroar|53/100
|
|-weather|SunnyDay|[upkeep]
|-damage|p2a: Hatterene|7/100 brn|[from] brn
|upkeep
|turn|3
|
|t:|1769409872
|switch|p1a: Alomomola|Alomomola, M|100/100
|move|p2a: Hatterene|Healing Wish|p2a: Hatterene
|faint|p2a: Hatterene
|
|-weather|SunnyDay|[upkeep]
|upkeep
|
|t:|1769409888
|switch|p2a: Venusaur|Venusaur, F|100/100
|turn|4
|
|t:|1769409892
|move|p2a: Venusaur|Growth|p2a: Venusaur
|-boost|p2a: Venusaur|atk|2
|-boost|p2a: Venusaur|spa|2
|move|p1a: Alomomola|Flip Turn|p2a: Venusaur
|-resisted|p2a: Venusaur
|-damage|p2a: Venusaur|96/100
|
|t:|1769409894
|switch|p1a: Frosmoth|Frosmoth, M|100/100|[from] Flip Turn
|
|-weather|SunnyDay|[upkeep]
|upkeep
|turn|5
|
|t:|1769409900
|switch|p1a: Incineroar|Incineroar, F|53/100
|-ability|p1a: Incineroar|Intimidate|boost
|-unboost|p2a: Venusaur|atk|1
|move|p2a: Venusaur|Weather Ball|p1a: Incineroar
|-resisted|p1a: Incineroar
|-damage|p1a: Incineroar|0 fnt
|faint|p1a: Incineroar
|-damage|p2a: Venusaur|86/100|[from] item: Life Orb
|
|-weather|SunnyDay|[upkeep]
|upkeep
|
|t:|1769409907
|switch|p1a: Frosmoth|Frosmoth, M|100/100
|turn|6
|
|t:|1769409916
|-terastallize|p2a: Venusaur|Fire
|-terastallize|p1a: Frosmoth|Electric
|move|p2a: Venusaur|Weather Ball|p1a: Frosmoth
|-damage|p1a: Frosmoth|37/100
|-damage|p2a: Venusaur|76/100|[from] item: Life Orb
|move|p1a: Frosmoth|Substitute|p1a: Frosmoth
|-start|p1a: Frosmoth|Substitute
|-damage|p1a: Frosmoth|12/100
|
|-weather|SunnyDay|[upkeep]
|-heal|p1a: Frosmoth|18/100|[from] item: Leftovers
|upkeep
|turn|7
|
|t:|1769409939
|move|p2a: Venusaur|Giga Drain|p1a: Frosmoth
|-end|p1a: Frosmoth|Substitute
|-heal|p2a: Venusaur|90/100|[from] drain|[of] p1a: Frosmoth
|-damage|p2a: Venusaur|80/100|[from] item: Life Orb
|move|p1a: Frosmoth|Quiver Dance|p1a: Frosmoth
|-boost|p1a: Frosmoth|spa|1
|-boost|p1a: Frosmoth|spd|1
|-boost|p1a: Frosmoth|spe|1
|
|-weather|SunnyDay|[upkeep]
|-heal|p1a: Frosmoth|24/100|[from] item: Leftovers
|upkeep
|turn|8
|
|t:|1769409946
|switch|p1a: Alomomola|Alomomola, M|100/100
|move|p2a: Venusaur|Weather Ball|p1a: Alomomola
|-resisted|p1a: Alomomola
|-damage|p1a: Alomomola|31/100
|-damage|p2a: Venusaur|70/100|[from] item: Life Orb
|
|-weather|none
|upkeep
|turn|9
|
|t:|1769409954
|switch|p1a: Sinistcha|Sinistcha|100/100
|move|p2a: Venusaur|Giga Drain|p1a: Sinistcha
|-resisted|p1a: Sinistcha
|-crit|p1a: Sinistcha
|-damage|p1a: Sinistcha|23/100
|-heal|p2a: Venusaur|100/100|[from] drain|[of] p1a: Sinistcha
|-damage|p2a: Venusaur|91/100|[from] item: Life Orb
|
|upkeep
|turn|10
|
|t:|1769409962
|move|p2a: Venusaur|Sludge Bomb|p1a: Sinistcha
|-damage|p1a: Sinistcha|0 fnt
|faint|p1a: Sinistcha
|-damage|p2a: Venusaur|81/100|[from] item: Life Orb
|
|upkeep
|
|t:|1769409964
|switch|p1a: Cinccino|Cinccino, M|100/100
|turn|11
|
|t:|1769409973
|move|p1a: Cinccino|Tail Slap|p2a: Venusaur|[miss]
|-miss|p1a: Cinccino|p2a: Venusaur
|move|p2a: Venusaur|Giga Drain|p1a: Cinccino
|-damage|p1a: Cinccino|0 fnt
|-heal|p2a: Venusaur|100/100|[from] drain|[of] p1a: Cinccino
|faint|p1a: Cinccino
|-damage|p2a: Venusaur|91/100|[from] item: Life Orb
|
|upkeep
|
|t:|1769409978
|switch|p1a: Weezing|Weezing-Galar, F|100/100
|-ability|p1a: Weezing|Neutralizing Gas
|turn|12
|
|t:|1769409982
|move|p2a: Venusaur|Sludge Bomb|p1a: Weezing
|-damage|p1a: Weezing|0 fnt
|faint|p1a: Weezing
|-end|p1a: Weezing|ability: Neutralizing Gas
|-damage|p2a: Venusaur|81/100|[from] item: Life Orb
|
|upkeep
|
|t:|1769409986
|switch|p1a: Alomomola|Alomomola, M|64/100
|turn|13
|
|t:|1769409988
|move|p2a: Venusaur|Giga Drain|p1a: Alomomola
|-supereffective|p1a: Alomomola
|-damage|p1a: Alomomola|0 fnt
|-heal|p2a: Venusaur|100/100|[from] drain|[of] p1a: Alomomola
|faint|p1a: Alomomola
|-damage|p2a: Venusaur|91/100|[from] item: Life Orb
|
|upkeep
|-message|Synergistic soul forfeited.
|
|win|firecharmander004
|raw|Synergistic soul's rating: 1550 &rarr; <strong>1532</strong><br />(-18 for losing)
|raw|firecharmander004's rating: 1588 &rarr; <strong>1606</strong><br />(+18 for winning)
|l|☆Synergistic soul
|player|p1|
