|j|☆xiaokayiha
|j|☆R4F43L_BW
|t:|1769405137
|gametype|singles
|player|p1|xiaokayiha|hilda-wonderlauncher|1175
|player|p2|R4F43L_BW|1|1236
|gen|9
|tier|[Gen 9] OU
|rated|
|rule|HP Percentage Mod: HP is shown in percentages
|rule|Endless Battle Clause: Forcing endless battles is banned
|rule|Species Clause: Limit one of each Pokémon
|rule|OHKO Clause: OHKO moves are banned
|rule|Evasion Items Clause: Evasion items are banned
|rule|Evasion Moves Clause: Evasion moves are banned
|rule|Evasion Abilities Clause: Evasion abilities are banned
|rule|Sleep Moves Clause: Sleep-inducing moves are banned
|clearpoke
|poke|p1|Ceruledge, M|
|poke|p1|Ninetales, M|
|poke|p1|Walking Wake|
|poke|p1|Raging Bolt|
|poke|p1|Cinderace, M|
|poke|p1|Venusaur, M|
|poke|p2|Hoopa-Unbound|
|poke|p2|Great Tusk|
|poke|p2|Zamazenta-*|
|poke|p2|Zapdos|
|poke|p2|Slowking-Galar, M|
|poke|p2|Scizor, F|
|teampreview
|
|t:|1769405150
|teamsize|p1|6
|teamsize|p2|6
|start
|switch|p1a: 开天手|Ninetales, M|100/100
|switch|p2a: Great Tusk|Great Tusk|100/100
|-weather|SunnyDay|[from] ability: Drought|[of] p1a: 开天手
|-activate|p2a: Great Tusk|ability: Protosynthesis
|-start|p2a: Great Tusk|protosynthesisatk
|turn|1
|j| Miguel bitar
|
|t:|1769405167
|switch|p1a: 古代水君|Walking Wake|100/100
|-activate|p1a: 古代水君|ability: Protosynthesis
|-start|p1a: 古代水君|protosynthesisspa
|move|p2a: Great Tusk|Ice Spinner|p1a: 古代水君
|-damage|p1a: 古代水君|66/100
|
|-weather|SunnyDay|[upkeep]
|upkeep
|turn|2
|
|t:|1769405180
|-terastallize|p2a: Great Tusk|Poison
|move|p2a: Great Tusk|Ice Spinner|p1a: 古代水君
|-damage|p1a: 古代水君|33/100
|move|p1a: 古代水君|Agility|p1a: 古代水君
|-boost|p1a: 古代水君|spe|2
|
|-weather|SunnyDay|[upkeep]
|upkeep
|turn|3
|
|t:|1769405191
|move|p1a: 古代水君|Hydro Steam|p2a: Great Tusk
|-damage|p2a: Great Tusk|0 fnt
|faint|p2a: Great Tusk
|-end|p2a: Great Tusk|Protosynthesis|[silent]
|-damage|p1a: 古代水君|23/100|[from] item: Life Orb
|
|-weather|SunnyDay|[upkeep]
|upkeep
|
|t:|1769405212
|switch|p2a: Scizor|Scizor, F|100/100
|turn|4
|inactive|Battle timer is ON: inactive players will automatically lose when time's up. (requested by xiaokayiha)
|
|t:|1769405217
|move|p2a: Scizor|Bullet Punch|p1a: 古代水君
|-resisted|p1a: 古代水君
|-damage|p1a: 古代水君|0 fnt
|faint|p1a: 古代水君
|-end|p1a: 古代水君|Protosynthesis|[silent]
|
|-weather|SunnyDay|[upkeep]
|upkeep
|
|t:|1769405225
|switch|p1a: Venusaur|Venusaur, M|100/100
|turn|5
|
|t:|1769405230
|switch|p2a: Slowking|Slowking-Galar, M|100/100
|move|p1a: Venusaur|Growth|p1a: Venusaur
|-boost|p1a: Venusaur|atk|2
|-boost|p1a: Venusaur|spa|2
|
|-weather|SunnyDay|[upkeep]
|upkeep
|turn|6
|
|t:|1769405240
|move|p1a: Venusaur|Earth Power|p2a: Slowking
|-supereffective|p2a: Slowking
|-damage|p2a: Slowking|17/100
|-damage|p1a: Venusaur|91/100|[from] item: Life Orb
|move|p2a: Slowking|Future Sight|p1a: Venusaur
|-start|p2a: Slowking|move: Future Sight
|
|-weather|SunnyDay|[upkeep]
|upkeep
|turn|7
|
|t:|1769405248
|move|p1a: Venusaur|Earth Power|p2a: Slowking
|-supereffective|p2a: Slowking
|-damage|p2a: Slowking|0 fnt
|faint|p2a: Slowking
|-damage|p1a: Venusaur|81/100|[from] item: Life Orb
|
|-weather|SunnyDay|[upkeep]
|upkeep
|inactive|R4F43L_BW has 120 seconds left.
|
|t:|1769405279
|switch|p2a: Zapdos|Zapdos|100/100
|turn|8
|
|t:|1769405285
|move|p1a: Venusaur|Weather Ball|p2a: Zapdos
|-damage|p2a: Zapdos|0 fnt
|faint|p2a: Zapdos
|-damage|p1a: Venusaur|71/100|[from] item: Life Orb
|
|-weather|none
|-end|p1a: Venusaur|move: Future Sight
|-supereffective|p1a: Venusaur
|-damage|p1a: Venusaur|0 fnt
|faint|p1a: Venusaur
|upkeep
|inactive|R4F43L_BW has 120 seconds left.
|
|t:|1769405313
|switch|p2a: Zamazenta|Zamazenta|100/100
|switch|p1a: 开天手|Ninetales, M|100/100
|-ability|p2a: Zamazenta|Dauntless Shield|boost
|-boost|p2a: Zamazenta|def|1
|-weather|SunnyDay|[from] ability: Drought|[of] p1a: 开天手
|turn|9
|
|t:|1769405322
|switch|p1a: 男足|Cinderace, M, shiny|100/100
|-item|p1a: 男足|Air Balloon
|move|p2a: Zamazenta|Iron Defense|p2a: Zamazenta
|-boost|p2a: Zamazenta|def|2
|
|-weather|SunnyDay|[upkeep]
|upkeep
|turn|10
|
|t:|1769405333
|move|p2a: Zamazenta|Body Press|p1a: 男足
|-damage|p1a: 男足|0 fnt
|-enditem|p1a: 男足|Air Balloon
|faint|p1a: 男足
|
|-weather|SunnyDay|[upkeep]
|upkeep
|
|t:|1769405340
|switch|p1a: 迅雷|Raging Bolt|100/100
|-activate|p1a: 迅雷|ability: Protosynthesis
|-start|p1a: 迅雷|protosynthesisspa
|turn|11
|inactive|R4F43L_BW has 120 seconds left.
|
|t:|1769405353
|move|p2a: Zamazenta|Body Press|p1a: 迅雷
|-damage|p1a: 迅雷|35/100
|move|p1a: 迅雷|Weather Ball|p2a: Zamazenta
|-damage|p2a: Zamazenta|21/100
|-damage|p1a: 迅雷|25/100|[from] item: Life Orb
|
|-weather|SunnyDay|[upkeep]
|-heal|p2a: Zamazenta|27/100|[from] item: Leftovers
|upkeep
|turn|12
|inactive|R4F43L_BW has 120 seconds left.
|
|t:|1769405365
|move|p1a: 迅雷|Thunderclap|p2a: Zamazenta
|-damage|p2a: Zamazenta|0 fnt
|faint|p2a: Zamazenta
|-damage|p1a: 迅雷|15/100|[from] item: Life Orb
|
|-weather|SunnyDay|[upkeep]
|upkeep
|l|☆xiaokayiha
|inactive|xiaokayiha disconnected and has a minute to reconnect!
|player|p1|
|inactive|R4F43L_BW has 120 seconds left.
|
|t:|1769405373
|switch|p2a: Scizor|Scizor, F|100/100
|turn|13
|inactive|xiaokayiha has 30 seconds to reconnect!
|inactive|xiaokayiha has 20 seconds to reconnect!
|inactive|xiaokayiha has 15 seconds to reconnect!
|inactive|xiaokayiha has 10 seconds to reconnect!
|inactive|xiaokayiha has 5 seconds to reconnect!
|l| Miguel bitar
|-message|xiaokayiha lost due to inactivity.
|
|win|R4F43L_BW
|raw|xiaokayiha's rating: 1175 &rarr; <strong>1154</strong><br />(-21 for losing)
|raw|R4F43L_BW's rating: 1236 &rarr; <strong>1257</strong><br />(+21 for winning)
|l|☆R4F43L_BW
|player|p2|
