|j|☆badlose
|j|☆I AM A WILD GOAT
|t:|1769363094
|gametype|singles
|player|p1|badlose|bruno|1331
|player|p2|I AM A WILD GOAT|170|1322
|gen|9
|tier|[Gen 9] OU
|rated|
|rule|HP Percentage Mod: HP is shown in percentages
|rule|Endless Battle Clause: Forcing endless battles is banned
|rule|Species Clause: Limit one of each Pokémon
|rule|OHKO Clause: OHKO moves are banned
|rule|Evasion Items Clause: Evasion items are banned
|rule|Evasion Moves Clause: Evasion moves are banned
|rule|Evasion Abilities Clause: Evasion abilities are banned
|rule|Sleep Moves Clause: Sleep-inducing moves are banned
|clearpoke
|poke|p1|Iron Valiant|
|poke|p1|Excadrill, F|
|poke|p1|Tyranitar, M|
|poke|p1|Toxapex, F|
|poke|p1|Tornadus-Therian, M|
|poke|p1|Ogerpon-Cornerstone, F|
|poke|p2|Cloyster, M|
|poke|p2|Polteageist|
|poke|p2|Enamorus, F|
|poke|p2|Metagross|
|poke|p2|Grimmsnarl, M|
|poke|p2|Kommo-o, F|
|teampreview
|inactive|Battle timer is ON: inactive players will automatically lose when time's up. (requested by I AM A WILD GOAT)
|inactive|badlose has 120 seconds left.
|
|t:|1769363146
|teamsize|p1|6
|teamsize|p2|6
|start
|switch|p1a: Tyranitar|Tyranitar, M|100/100
|switch|p2a: Polteageist|Polteageist|100/100
|-weather|Sandstorm|[from] ability: Sand Stream|[of] p1a: Tyranitar
|turn|1
|inactive|I AM A WILD GOAT has 120 seconds left.
|
|t:|1769363179
|-terastallize|p2a: Polteageist|Fighting
|move|p2a: Polteageist|Shell Smash|p2a: Polteageist
|-unboost|p2a: Polteageist|def|1
|-unboost|p2a: Polteageist|spd|1
|-boost|p2a: Polteageist|atk|2
|-boost|p2a: Polteageist|spa|2
|-boost|p2a: Polteageist|spe|2
|move|p1a: Tyranitar|Knock Off|p2a: Polteageist
|-resisted|p2a: Polteageist
|-damage|p2a: Polteageist|27/100
|-ability|p2a: Polteageist|Weak Armor|boost
|-unboost|p2a: Polteageist|def|1
|-boost|p2a: Polteageist|spe|2
|-enditem|p2a: Polteageist|Focus Sash|[from] move: Knock Off|[of] p1a: Tyranitar
|
|-weather|Sandstorm|[upkeep]
|-damage|p2a: Polteageist|21/100|[from] Sandstorm
|upkeep
|turn|2
|
|t:|1769363205
|switch|p1a: Toxapex|Toxapex, F|100/100
|move|p2a: Polteageist|Shadow Ball|p1a: Toxapex
|-damage|p1a: Toxapex|37/100
|-enditem|p1a: Toxapex|Eject Button
|
|t:|1769363209
|switch|p1a: Iron Valiant|Iron Valiant|100/100
|
|-weather|Sandstorm|[upkeep]
|-damage|p2a: Polteageist|15/100|[from] Sandstorm
|-damage|p1a: Iron Valiant|94/100|[from] Sandstorm
|upkeep
|turn|3
|
|t:|1769363212
|move|p1a: Iron Valiant|Vacuum Wave|p2a: Polteageist
|-damage|p2a: Polteageist|0 fnt
|faint|p2a: Polteageist
|
|-weather|Sandstorm|[upkeep]
|-damage|p1a: Iron Valiant|88/100|[from] Sandstorm
|upkeep
|
|t:|1769363222
|switch|p2a: Enamorus|Enamorus, F|100/100
|turn|4
|
|t:|1769363242
|-end|p1a: Iron Valiant|Quark Drive|[silent]
|switch|p1a: Toxapex|Toxapex, F|37/100
|move|p2a: Enamorus|Moonblast|p1a: Toxapex
|-resisted|p1a: Toxapex
|-damage|p1a: Toxapex|18/100
|-unboost|p1a: Toxapex|spa|1
|
|-weather|Sandstorm|[upkeep]
|-damage|p2a: Enamorus|94/100|[from] Sandstorm
|-damage|p1a: Toxapex|12/100|[from] Sandstorm
|upkeep
|turn|5
|inactive|badlose has 120 seconds left.
|
|t:|1769363262
|switch|p2a: Cloyster|Cloyster, M|100/100
|switch|p1a: Excadrill|Excadrill, F|100/100
|
|-weather|Sandstorm|[upkeep]
|-damage|p2a: Cloyster|94/100|[from] Sandstorm
|upkeep
|turn|6
|inactive|badlose has 120 seconds left.
|
|t:|1769363276
|move|p1a: Excadrill|Rock Slide|p2a: Cloyster
|-supereffective|p2a: Cloyster
|-damage|p2a: Cloyster|44/100
|move|p2a: Cloyster|Liquidation|p1a: Excadrill
|-supereffective|p1a: Excadrill
|-damage|p1a: Excadrill|0 fnt
|faint|p1a: Excadrill
|
|-weather|Sandstorm|[upkeep]
|-damage|p2a: Cloyster|38/100|[from] Sandstorm
|upkeep
|inactive|badlose has 120 seconds left.
|inactive|badlose has 90 seconds left.
|
|t:|1769363336
|switch|p1a: Toxapex|Toxapex, F|12/100
|turn|7
|
|t:|1769363343
|move|p2a: Cloyster|Shell Smash|p2a: Cloyster
|-unboost|p2a: Cloyster|def|1
|-unboost|p2a: Cloyster|spd|1
|-boost|p2a: Cloyster|atk|2
|-boost|p2a: Cloyster|spa|2
|-boost|p2a: Cloyster|spe|2
|-enditem|p2a: Cloyster|White Herb
|-clearnegativeboost|p2a: Cloyster|[silent]
|move|p1a: Toxapex|Recover|p1a: Toxapex
|-heal|p1a: Toxapex|62/100
|
|-weather|Sandstorm|[upkeep]
|-damage|p2a: Cloyster|32/100|[from] Sandstorm
|-damage|p1a: Toxapex|56/100|[from] Sandstorm
|upkeep
|turn|8
|
|t:|1769363346
|move|p2a: Cloyster|Rock Blast|p1a: Toxapex
|-damage|p1a: Toxapex|45/100
|-damage|p1a: Toxapex|33/100
|-damage|p1a: Toxapex|22/100
|-damage|p1a: Toxapex|10/100
|-damage|p1a: Toxapex|0 fnt
|faint|p1a: Toxapex
|-hitcount|p1: Toxapex|5
|
|-weather|none
|upkeep
|
|t:|1769363358
|switch|p1a: Iron Valiant|Iron Valiant|88/100
|turn|9
|
|t:|1769363362
|move|p1a: Iron Valiant|Vacuum Wave|p2a: Cloyster
|-supereffective|p2a: Cloyster
|-damage|p2a: Cloyster|0 fnt
|faint|p2a: Cloyster
|
|upkeep
|
|t:|1769363365
|switch|p2a: Enamorus|Enamorus, F|94/100
|turn|10
|
|t:|1769363375
|-end|p1a: Iron Valiant|Quark Drive|[silent]
|switch|p1a: Tyranitar|Tyranitar, M|100/100
|-weather|Sandstorm|[from] ability: Sand Stream|[of] p1a: Tyranitar
|move|p2a: Enamorus|Moonblast|p1a: Tyranitar
|-supereffective|p1a: Tyranitar
|-damage|p1a: Tyranitar|30/100
|
|-weather|Sandstorm|[upkeep]
|-damage|p2a: Enamorus|88/100|[from] Sandstorm
|upkeep
|turn|11
|
|t:|1769363381
|move|p2a: Enamorus|Moonblast|p1a: Tyranitar
|-supereffective|p1a: Tyranitar
|-damage|p1a: Tyranitar|0 fnt
|faint|p1a: Tyranitar
|
|-weather|Sandstorm|[upkeep]
|-damage|p2a: Enamorus|82/100|[from] Sandstorm
|upkeep
|inactive|badlose has 90 seconds left.
|
|t:|1769363424
|switch|p1a: Tornadus|Tornadus-Therian, M|100/100
|turn|12
|
|t:|1769363429
|switch|p2a: Grimmsnarl|Grimmsnarl, M|100/100
|move|p1a: Tornadus|Weather Ball|p2a: Grimmsnarl
|-damage|p2a: Grimmsnarl|63/100
|
|-weather|Sandstorm|[upkeep]
|-damage|p1a: Tornadus|94/100|[from] Sandstorm
|-damage|p2a: Grimmsnarl|57/100|[from] Sandstorm
|upkeep
|turn|13
|
|t:|1769363438
|move|p2a: Grimmsnarl|Light Screen|p2a: Grimmsnarl
|-sidestart|p2: I AM A WILD GOAT|move: Light Screen
|move|p1a: Tornadus|Weather Ball|p2a: Grimmsnarl
|-damage|p2a: Grimmsnarl|39/100
|
|-weather|Sandstorm|[upkeep]
|-damage|p1a: Tornadus|88/100|[from] Sandstorm
|-damage|p2a: Grimmsnarl|33/100|[from] Sandstorm
|upkeep
|turn|14
|
|t:|1769363449
|move|p1a: Tornadus|Weather Ball|p2a: Grimmsnarl
|-damage|p2a: Grimmsnarl|14/100
|move|p2a: Grimmsnarl|Spirit Break|p1a: Tornadus
|-damage|p1a: Tornadus|45/100
|-unboost|p1a: Tornadus|spa|1
|
|-weather|Sandstorm|[upkeep]
|-damage|p1a: Tornadus|39/100|[from] Sandstorm
|-damage|p2a: Grimmsnarl|8/100|[from] Sandstorm
|upkeep
|turn|15
|
|t:|1769363452
|move|p2a: Grimmsnarl|Reflect|p2a: Grimmsnarl
|-sidestart|p2: I AM A WILD GOAT|Reflect
|move|p1a: Tornadus|Weather Ball|p2a: Grimmsnarl
|-crit|p2a: Grimmsnarl
|-damage|p2a: Grimmsnarl|0 fnt
|faint|p2a: Grimmsnarl
|
|-weather|Sandstorm|[upkeep]
|-damage|p1a: Tornadus|33/100|[from] Sandstorm
|upkeep
|
|t:|1769363462
|switch|p2a: Metagross|Metagross|100/100
|turn|16
|
|t:|1769363467
|move|p1a: Tornadus|Weather Ball|p2a: Metagross
|-resisted|p2a: Metagross
|-damage|p2a: Metagross|91/100
|move|p2a: Metagross|Agility|p2a: Metagross
|-boost|p2a: Metagross|spe|2
|
|-weather|Sandstorm|[upkeep]
|-damage|p1a: Tornadus|27/100|[from] Sandstorm
|upkeep
|turn|17
|-message|badlose forfeited.
|
|win|I AM A WILD GOAT
|raw|badlose's rating: 1331 &rarr; <strong>1310</strong><br />(-21 for losing)
|raw|I AM A WILD GOAT's rating: 1322 &rarr; <strong>1343</strong><br />(+21 for winning)
|l|☆badlose
|player|p1|
|l|☆I AM A WILD GOAT
|player|p2|
