|j|☆evil dark sigma
|j|☆SigmaGamer123321
|t:|1769418223
|gametype|singles
|player|p1|evil dark sigma|2|1233
|player|p2|SigmaGamer123321|n|1253
|gen|9
|tier|[Gen 9] OU
|rated|
|rule|HP Percentage Mod: HP is shown in percentages
|rule|Endless Battle Clause: Forcing endless battles is banned
|rule|Species Clause: Limit one of each Pokémon
|rule|OHKO Clause: OHKO moves are banned
|rule|Evasion Items Clause: Evasion items are banned
|rule|Evasion Moves Clause: Evasion moves are banned
|rule|Evasion Abilities Clause: Evasion abilities are banned
|rule|Sleep Moves Clause: Sleep-inducing moves are banned
|clearpoke
|poke|p1|Iron Hands|
|poke|p1|Pecharunt|
|poke|p1|Glimmora, F|
|poke|p1|Gholdengo|
|poke|p1|Gliscor, F|
|poke|p1|Samurott-Hisui, M|
|poke|p2|Ribombee, F|
|poke|p2|Glimmora, F|
|poke|p2|Ting-Lu|
|poke|p2|Veluza, M|
|poke|p2|Azelf|
|poke|p2|Kingambit, M|
|teampreview
|inactive|Battle timer is ON: inactive players will automatically lose when time's up. (requested by evil dark sigma)
|
|t:|1769418241
|teamsize|p1|6
|teamsize|p2|6
|start
|switch|p1a: Glimmora|Glimmora, F|100/100
|switch|p2a: Ribombee|Ribombee, F|100/100
|-item|p1a: Glimmora|Air Balloon
|turn|1
|
|t:|1769418247
|move|p2a: Ribombee|Stun Spore|p1a: Glimmora
|-status|p1a: Glimmora|par
|move|p1a: Glimmora|Power Gem|p2a: Ribombee
|-supereffective|p2a: Ribombee
|-enditem|p2a: Ribombee|Focus Sash
|-damage|p2a: Ribombee|1/100
|
|upkeep
|turn|2
|
|t:|1769418255
|move|p2a: Ribombee|Sticky Web|p1a: Glimmora
|-sidestart|p1: evil dark sigma|move: Sticky Web
|cant|p1a: Glimmora|par
|
|upkeep
|turn|3
|
|t:|1769418261
|switch|p2a: Kingambit|Kingambit, M|100/100
|move|p1a: Glimmora|Stealth Rock|p2a: Kingambit
|-sidestart|p2: SigmaGamer123321|move: Stealth Rock
|
|upkeep
|turn|4
|
|t:|1769418269
|-end|p2a: Kingambit|fallenundefined|[silent]
|switch|p2a: Glimmora|Glimmora, F|100/100
|-damage|p2a: Glimmora|88/100|[from] Stealth Rock
|move|p1a: Glimmora|Earth Power|p2a: Glimmora
|-supereffective|p2a: Glimmora
|-damage|p2a: Glimmora|0 fnt
|faint|p2a: Glimmora
|
|upkeep
|
|t:|1769418275
|switch|p2a: Veluza|Veluza, M|100/100
|-damage|p2a: Veluza|88/100|[from] Stealth Rock
|turn|5
|
|t:|1769418287
|switch|p1a: Samurott|Samurott-Hisui, M|100/100
|-activate|p1a: Samurott|move: Sticky Web
|-unboost|p1a: Samurott|spe|1
|move|p2a: Veluza|Aqua Cutter|p1a: Samurott
|-resisted|p1a: Samurott
|-damage|p1a: Samurott|75/100
|
|upkeep
|turn|6
|
|t:|1769418297
|switch|p2a: Ribombee|Ribombee, F|1/100
|-damage|p2a: Ribombee|0 fnt|[from] Stealth Rock
|faint|p2a: Ribombee
|move|p1a: Samurott|Ceaseless Edge|p2: Ribombee|[notarget]
|-fail|p1a: Samurott
|
|upkeep
|
|t:|1769418300
|switch|p2a: Veluza|Veluza, M|88/100
|-damage|p2a: Veluza|75/100|[from] Stealth Rock
|turn|7
|
|t:|1769418313
|move|p2a: Veluza|Final Gambit|p1a: Samurott
|-damage|p1a: Samurott|0 fnt
|faint|p2a: Veluza
|faint|p1a: Samurott
|
|upkeep
|
|t:|1769418319
|switch|p1a: Glimmora|Glimmora, F|100/100 par
|switch|p2a: Ting-Lu|Ting-Lu|100/100
|-damage|p2a: Ting-Lu|94/100|[from] Stealth Rock
|-ability|p2a: Ting-Lu|Vessel of Ruin
|-item|p1a: Glimmora|Air Balloon
|turn|8
|
|t:|1769418324
|move|p2a: Ting-Lu|Earthquake|p1a: Glimmora
|-immune|p1a: Glimmora
|move|p1a: Glimmora|Mortal Spin|p2a: Ting-Lu
|-resisted|p2a: Ting-Lu
|-damage|p2a: Ting-Lu|93/100
|-status|p2a: Ting-Lu|psn
|-sideend|p1: evil dark sigma|Sticky Web|[from] move: Mortal Spin|[of] p1a: Glimmora
|
|-damage|p2a: Ting-Lu|81/100 psn|[from] psn
|upkeep
|turn|9
|
|t:|1769418335
|move|p2a: Ting-Lu|Memento|p1a: Glimmora
|-unboost|p1a: Glimmora|atk|2
|-unboost|p1a: Glimmora|spa|2
|faint|p2a: Ting-Lu
|move|p1a: Glimmora|Earth Power|p2: Ting-Lu|[notarget]
|-fail|p1a: Glimmora
|
|upkeep
|
|t:|1769418338
|switch|p2a: Kingambit|Kingambit, M|100/100
|-damage|p2a: Kingambit|94/100|[from] Stealth Rock
|-activate|p2a: Kingambit|ability: Supreme Overlord
|-start|p2a: Kingambit|fallen4|[silent]
|turn|10
|
|t:|1769418341
|-end|p2a: Kingambit|fallen4|[silent]
|switch|p2a: Azelf|Azelf|100/100
|-damage|p2a: Azelf|88/100|[from] Stealth Rock
|move|p1a: Glimmora|Earth Power|p2a: Azelf
|-immune|p2a: Azelf|[from] ability: Levitate
|
|upkeep
|turn|11
|
|t:|1769418352
|switch|p1a: Gholdengo|Gholdengo|100/100
|move|p2a: Azelf|Taunt|p1a: Gholdengo
|-immune|p1a: Gholdengo|[from] ability: Good as Gold
|
|upkeep
|turn|12
|
|t:|1769418365
|move|p2a: Azelf|Light Screen|p2a: Azelf
|-sidestart|p2: SigmaGamer123321|move: Light Screen
|move|p1a: Gholdengo|Dazzling Gleam|p2a: Azelf
|-damage|p2a: Azelf|63/100
|
|upkeep
|turn|13
|
|t:|1769418373
|move|p2a: Azelf|Reflect|p2a: Azelf
|-sidestart|p2: SigmaGamer123321|Reflect
|move|p1a: Gholdengo|Shadow Ball|p2a: Azelf
|-supereffective|p2a: Azelf
|-damage|p2a: Azelf|0 fnt
|faint|p2a: Azelf
|
|upkeep
|
|t:|1769418375
|switch|p2a: Kingambit|Kingambit, M|94/100
|-damage|p2a: Kingambit|88/100|[from] Stealth Rock
|-activate|p2a: Kingambit|ability: Supreme Overlord
|-start|p2a: Kingambit|fallen5|[silent]
|turn|14
|
|t:|1769418385
|-terastallize|p1a: Gholdengo|Fairy
|-terastallize|p2a: Kingambit|Dark
|move|p1a: Gholdengo|Dazzling Gleam|p2a: Kingambit
|-supereffective|p2a: Kingambit
|-damage|p2a: Kingambit|31/100
|move|p2a: Kingambit|Kowtow Cleave|p1a: Gholdengo
|-resisted|p1a: Gholdengo
|-damage|p1a: Gholdengo|39/100
|
|-heal|p1a: Gholdengo|45/100|[from] item: Leftovers
|upkeep
|turn|15
|
|t:|1769418393
|move|p1a: Gholdengo|Dazzling Gleam|p2a: Kingambit
|-supereffective|p2a: Kingambit
|-damage|p2a: Kingambit|0 fnt
|faint|p2a: Kingambit
|-end|p2a: Kingambit|fallen5|[silent]
|
|win|evil dark sigma
|raw|evil dark sigma's rating: 1233 &rarr; <strong>1259</strong><br />(+26 for winning)
|raw|SigmaGamer123321's rating: 1253 &rarr; <strong>1227</strong><br />(-26 for losing)
|l|☆SigmaGamer123321
|player|p2|
|l|☆evil dark sigma
|player|p1|
