|j|☆accrobatax10
|j|☆ghost9922
|t:|1769366525
|gametype|singles
|player|p1|accrobatax10|benga|1046
|player|p2|ghost9922|1|1118
|gen|9
|tier|[Gen 9] OU
|rated|
|rule|HP Percentage Mod: HP is shown in percentages
|rule|Endless Battle Clause: Forcing endless battles is banned
|rule|Species Clause: Limit one of each Pokémon
|rule|OHKO Clause: OHKO moves are banned
|rule|Evasion Items Clause: Evasion items are banned
|rule|Evasion Moves Clause: Evasion moves are banned
|rule|Evasion Abilities Clause: Evasion abilities are banned
|rule|Sleep Moves Clause: Sleep-inducing moves are banned
|clearpoke
|poke|p1|Ceruledge, F|
|poke|p1|Gliscor, M|
|poke|p1|Iron Valiant|
|poke|p1|Zapdos|
|poke|p1|Hydrapple, M|
|poke|p1|Dragonite, M|
|poke|p2|Great Tusk|
|poke|p2|Kingambit, M|
|poke|p2|Heatran, F|
|poke|p2|Pelipper, M|
|poke|p2|Barraskewda, F|
|poke|p2|Zapdos|
|teampreview
|
|t:|1769366541
|teamsize|p1|6
|teamsize|p2|6
|start
|switch|p1a: Gliscor|Gliscor, M, shiny|100/100
|switch|p2a: Pelipper|Pelipper, M|100/100
|-weather|RainDance|[from] ability: Drizzle|[of] p2a: Pelipper
|turn|1
|
|t:|1769366549
|move|p1a: Gliscor|U-turn|p2a: Pelipper
|-resisted|p2a: Pelipper
|-damage|p2a: Pelipper|94/100
|
|t:|1769366554
|switch|p1a: Zapdos|Zapdos|100/100|[from] U-turn
|move|p2a: Pelipper|Hurricane|p1a: Zapdos
|-resisted|p1a: Zapdos
|-damage|p1a: Zapdos|79/100
|
|-weather|RainDance|[upkeep]
|-heal|p1a: Zapdos|85/100|[from] item: Leftovers
|upkeep
|turn|2
|
|t:|1769366564
|switch|p2a: Zapdos|Zapdos|100/100
|move|p1a: Zapdos|Thunderbolt|p2a: Zapdos
|-damage|p2a: Zapdos|56/100
|
|-weather|RainDance|[upkeep]
|-heal|p1a: Zapdos|91/100|[from] item: Leftovers
|-heal|p2a: Zapdos|62/100|[from] item: Leftovers
|upkeep
|turn|3
|
|t:|1769366577
|move|p1a: Zapdos|Thunderbolt|p2a: Zapdos
|-damage|p2a: Zapdos|19/100
|move|p2a: Zapdos|U-turn|p1a: Zapdos
|-resisted|p1a: Zapdos
|-crit|p1a: Zapdos
|-damage|p1a: Zapdos|81/100
|
|t:|1769366589
|switch|p2a: Barraskewda|Barraskewda, F|100/100|[from] U-turn
|
|-weather|RainDance|[upkeep]
|-heal|p1a: Zapdos|87/100|[from] item: Leftovers
|upkeep
|turn|4
|
|t:|1769366612
|move|p2a: Barraskewda|Waterfall|p1a: Zapdos
|-crit|p1a: Zapdos
|-damage|p1a: Zapdos|0 fnt
|faint|p1a: Zapdos
|-damage|p2a: Barraskewda|91/100|[from] item: Life Orb
|
|-weather|RainDance|[upkeep]
|upkeep
|
|t:|1769366619
|switch|p1a: Hydrapple|Hydrapple, M|100/100
|turn|5
|
|t:|1769366625
|move|p2a: Barraskewda|Ice Fang|p1a: Hydrapple
|-supereffective|p1a: Hydrapple
|-damage|p1a: Hydrapple|0 fnt
|faint|p1a: Hydrapple
|-damage|p2a: Barraskewda|81/100|[from] item: Life Orb
|
|-weather|RainDance|[upkeep]
|upkeep
|
|t:|1769366631
|switch|p1a: Dragonite|Dragonite, M|100/100
|turn|6
|
|t:|1769366635
|move|p2a: Barraskewda|Waterfall|p1a: Dragonite
|-resisted|p1a: Dragonite
|-damage|p1a: Dragonite|78/100
|-damage|p2a: Barraskewda|71/100|[from] item: Life Orb
|move|p1a: Dragonite|Scale Shot|p2a: Barraskewda
|-damage|p2a: Barraskewda|40/100
|-crit|p2a: Barraskewda
|-damage|p2a: Barraskewda|0 fnt
|faint|p2a: Barraskewda
|-hitcount|p2: Barraskewda|2
|-unboost|p1a: Dragonite|def|1
|-boost|p1a: Dragonite|spe|1
|
|-weather|RainDance|[upkeep]
|upkeep
|
|t:|1769366654
|switch|p2a: Pelipper|Pelipper, M|94/100
|turn|7
|
|t:|1769366659
|move|p1a: Dragonite|Scale Shot|p2a: Pelipper
|-damage|p2a: Pelipper|82/100
|-damage|p2a: Pelipper|71/100
|-damage|p2a: Pelipper|60/100
|-damage|p2a: Pelipper|50/100
|-hitcount|p2a: Pelipper|4
|-unboost|p1a: Dragonite|def|1
|-boost|p1a: Dragonite|spe|1
|move|p2a: Pelipper|Hurricane|p1a: Dragonite
|-damage|p1a: Dragonite|36/100
|
|-weather|RainDance|[upkeep]
|upkeep
|turn|8
|
|t:|1769366672
|move|p1a: Dragonite|Scale Shot|p2a: Pelipper
|-damage|p2a: Pelipper|38/100
|-damage|p2a: Pelipper|28/100
|-damage|p2a: Pelipper|17/100
|-damage|p2a: Pelipper|5/100
|-damage|p2a: Pelipper|0 fnt
|faint|p2a: Pelipper
|-hitcount|p2: Pelipper|5
|-unboost|p1a: Dragonite|def|1
|-boost|p1a: Dragonite|spe|1
|
|-weather|none
|upkeep
|
|t:|1769366685
|switch|p2a: Great Tusk|Great Tusk|100/100
|-enditem|p2a: Great Tusk|Booster Energy
|-activate|p2a: Great Tusk|ability: Protosynthesis|[fromitem]
|-start|p2a: Great Tusk|protosynthesisatk
|turn|9
|
|t:|1769366692
|move|p2a: Great Tusk|Iron Head|p1a: Dragonite
|-damage|p1a: Dragonite|0 fnt
|faint|p1a: Dragonite
|
|upkeep
|
|t:|1769366699
|switch|p1a: Iron Valiant|Iron Valiant, shiny|100/100
|-enditem|p1a: Iron Valiant|Booster Energy
|-activate|p1a: Iron Valiant|ability: Quark Drive|[fromitem]
|-start|p1a: Iron Valiant|quarkdriveatk
|turn|10
|
|t:|1769366709
|-terastallize|p2a: Great Tusk|Steel
|move|p2a: Great Tusk|Iron Head|p1a: Iron Valiant
|-supereffective|p1a: Iron Valiant
|-damage|p1a: Iron Valiant|0 fnt
|faint|p1a: Iron Valiant
|-end|p1a: Iron Valiant|Quark Drive|[silent]
|
|upkeep
|
|t:|1769366715
|switch|p1a: Gliscor|Gliscor, M, shiny|100/100
|turn|11
|
|t:|1769366720
|move|p2a: Great Tusk|Iron Head|p1a: Gliscor
|-damage|p1a: Gliscor|47/100
|move|p1a: Gliscor|Earthquake|p2a: Great Tusk
|-supereffective|p2a: Great Tusk
|-damage|p2a: Great Tusk|42/100
|
|-status|p1a: Gliscor|tox|[from] item: Toxic Orb
|upkeep
|turn|12
|
|t:|1769366736
|move|p2a: Great Tusk|Iron Head|p1a: Gliscor
|-damage|p1a: Gliscor|0 fnt
|faint|p1a: Gliscor
|
|upkeep
|
|t:|1769366740
|switch|p1a: Ceruledge|Ceruledge, F, shiny|100/100
|turn|13
|
|t:|1769366745
|move|p2a: Great Tusk|Headlong Rush|p1a: Ceruledge
|-supereffective|p1a: Ceruledge
|-damage|p1a: Ceruledge|0 fnt
|-unboost|p2a: Great Tusk|def|1
|-unboost|p2a: Great Tusk|spd|1
|faint|p1a: Ceruledge
|
|win|ghost9922
|raw|accrobatax10's rating: 1046 &rarr; <strong>1033</strong><br />(-13 for losing)
|raw|ghost9922's rating: 1118 &rarr; <strong>1138</strong><br />(+20 for winning)
|l|☆accrobatax10
|player|p1|
