|j|☆IAmMaximus
|j|☆Lucas sus
|t:|1769341027
|gametype|singles
|player|p1|IAmMaximus|266|1081
|player|p2|Lucas sus|nate|1099
|gen|9
|tier|[Gen 9] OU
|rated|
|rule|HP Percentage Mod: HP is shown in percentages
|rule|Endless Battle Clause: Forcing endless battles is banned
|rule|Species Clause: Limit one of each Pokémon
|rule|OHKO Clause: OHKO moves are banned
|rule|Evasion Items Clause: Evasion items are banned
|rule|Evasion Moves Clause: Evasion moves are banned
|rule|Evasion Abilities Clause: Evasion abilities are banned
|rule|Sleep Moves Clause: Sleep-inducing moves are banned
|clearpoke
|poke|p1|Flamigo, M|
|poke|p1|Tentacruel, M|
|poke|p1|Bellibolt, F|
|poke|p1|Chandelure, M|
|poke|p1|Avalugg, F|
|poke|p1|Swampert, F|
|poke|p2|Ceruledge, F|
|poke|p2|Armarouge, F|
|poke|p2|Lucario, F|
|poke|p2|Sceptile, M|
|poke|p2|Scizor, M|
|poke|p2|Mimikyu, F|
|teampreview
|inactive|Battle timer is ON: inactive players will automatically lose when time's up. (requested by IAmMaximus)
|
|t:|1769341037
|teamsize|p1|6
|teamsize|p2|6
|start
|switch|p1a: Shrek|Swampert, F|100/100
|switch|p2a: Ceruledge|Ceruledge, F, shiny|100/100
|turn|1
|
|t:|1769341040
|move|p2a: Ceruledge|Close Combat|p1a: Shrek
|-damage|p1a: Shrek|57/100
|-unboost|p2a: Ceruledge|def|1
|-unboost|p2a: Ceruledge|spd|1
|-damage|p2a: Ceruledge|91/100|[from] item: Life Orb
|move|p1a: Shrek|Flip Turn|p2a: Ceruledge
|-supereffective|p2a: Ceruledge
|-damage|p2a: Ceruledge|6/100
|-ability|p2a: Ceruledge|Weak Armor|boost
|-unboost|p2a: Ceruledge|def|1
|-boost|p2a: Ceruledge|spe|2
|
|t:|1769341057
|switch|p1a: Sia|Chandelure, M|100/100|[from] Flip Turn
|
|upkeep
|turn|2
|
|t:|1769341065
|move|p2a: Ceruledge|Shadow Sneak|p1a: Sia
|-supereffective|p1a: Sia
|-damage|p1a: Sia|31/100
|-damage|p2a: Ceruledge|0 fnt|[from] item: Life Orb
|faint|p2a: Ceruledge
|move|p1a: Sia|Shadow Ball|p2: Ceruledge|[notarget]
|-fail|p1a: Sia
|
|upkeep
|
|t:|1769341077
|switch|p2a: Lucario|Lucario, F|100/100
|turn|3
|
|t:|1769341085
|switch|p1a: Shrek|Swampert, F|57/100
|move|p2a: Lucario|Bullet Punch|p1a: Shrek
|-resisted|p1a: Shrek
|-damage|p1a: Shrek|47/100
|-damage|p2a: Lucario|91/100|[from] item: Life Orb
|
|-heal|p1a: Shrek|53/100|[from] item: Leftovers
|upkeep
|turn|4
|
|t:|1769341092
|move|p2a: Lucario|Close Combat|p1a: Shrek
|-damage|p1a: Shrek|0 fnt
|-unboost|p2a: Lucario|def|1
|-unboost|p2a: Lucario|spd|1
|faint|p1a: Shrek
|-damage|p2a: Lucario|81/100|[from] item: Life Orb
|
|upkeep
|
|t:|1769341096
|switch|p1a: Lawn fixture|Flamigo, M|100/100
|turn|5
|
|t:|1769341105
|move|p2a: Lucario|Bullet Punch|p1a: Lawn fixture
|-damage|p1a: Lawn fixture|67/100
|-damage|p2a: Lucario|71/100|[from] item: Life Orb
|move|p1a: Lawn fixture|Close Combat|p2a: Lucario
|-supereffective|p2a: Lucario
|-damage|p2a: Lucario|0 fnt
|-unboost|p1a: Lawn fixture|def|1
|-unboost|p1a: Lawn fixture|spd|1
|faint|p2a: Lucario
|
|upkeep
|
|t:|1769341107
|switch|p2a: Armarouge|Armarouge, F, shiny|100/100
|turn|6
|
|t:|1769341111
|switch|p1a: Sia|Chandelure, M|31/100
|move|p2a: Armarouge|Psychic|p1a: Sia
|-damage|p1a: Sia|0 fnt
|faint|p1a: Sia
|-damage|p2a: Armarouge|91/100|[from] item: Life Orb
|
|upkeep
|
|t:|1769341115
|switch|p1a: Squidward|Tentacruel, M|100/100
|turn|7
|
|t:|1769341119
|-terastallize|p2a: Armarouge|Water
|move|p1a: Squidward|Surf|p2a: Armarouge
|-resisted|p2a: Armarouge
|-damage|p2a: Armarouge|70/100
|move|p2a: Armarouge|Psychic|p1a: Squidward
|-supereffective|p1a: Squidward
|-damage|p1a: Squidward|41/100
|-damage|p2a: Armarouge|60/100|[from] item: Life Orb
|
|upkeep
|turn|8
|
|t:|1769341126
|move|p1a: Squidward|Giga Drain|p2a: Armarouge
|-supereffective|p2a: Armarouge
|-damage|p2a: Armarouge|12/100
|-heal|p1a: Squidward|69/100|[from] drain|[of] p2a: Armarouge
|move|p2a: Armarouge|Psychic|p1a: Squidward
|-supereffective|p1a: Squidward
|-damage|p1a: Squidward|7/100
|-damage|p2a: Armarouge|2/100|[from] item: Life Orb
|
|upkeep
|turn|9
|
|t:|1769341134
|move|p1a: Squidward|Ice Beam|p2a: Armarouge
|-resisted|p2a: Armarouge
|-damage|p2a: Armarouge|0 fnt
|faint|p2a: Armarouge
|
|upkeep
|
|t:|1769341140
|switch|p2a: Scizor|Scizor, M|100/100
|turn|10
|
|t:|1769341144
|switch|p1a: Tubs|Bellibolt, F|100/100
|move|p2a: Scizor|Bullet Punch|p1a: Tubs
|-resisted|p1a: Tubs
|-damage|p1a: Tubs|91/100
|-start|p1a: Tubs|Charge|Bullet Punch|[from] ability: Electromorphosis
|
|-heal|p1a: Tubs|97/100|[from] item: Leftovers
|upkeep
|turn|11
|
|t:|1769341163
|move|p2a: Scizor|Close Combat|p1a: Tubs
|-damage|p1a: Tubs|73/100
|-unboost|p2a: Scizor|def|1
|-unboost|p2a: Scizor|spd|1
|-start|p1a: Tubs|Charge|Close Combat|[from] ability: Electromorphosis
|move|p1a: Tubs|Soak|p2a: Scizor
|-start|p2a: Scizor|typechange|Water
|
|-heal|p1a: Tubs|79/100|[from] item: Leftovers
|upkeep
|turn|12
|
|t:|1769341167
|move|p2a: Scizor|U-turn|p1a: Tubs
|-damage|p1a: Tubs|64/100
|-start|p1a: Tubs|Charge|U-turn|[from] ability: Electromorphosis
|
|t:|1769341173
|switch|p2a: Mimikyu|Mimikyu, F|100/100|[from] U-turn
|move|p1a: Tubs|Parabolic Charge|p2a: Mimikyu
|-activate|p2a: Mimikyu|ability: Disguise
|-damage|p2a: Mimikyu|100/100
|detailschange|p2a: Mimikyu|Mimikyu-Busted, F
|-damage|p2a: Mimikyu|88/100|[from] pokemon: Mimikyu-Busted
|-end|p1a: Tubs|Charge|[silent]
|
|-heal|p1a: Tubs|70/100|[from] item: Leftovers
|upkeep
|turn|13
|
|t:|1769341176
|move|p2a: Mimikyu|Swords Dance|p2a: Mimikyu
|-boost|p2a: Mimikyu|atk|2
|move|p1a: Tubs|Slack Off|p1a: Tubs
|-heal|p1a: Tubs|100/100
|
|upkeep
|turn|14
|
|t:|1769341183
|move|p2a: Mimikyu|Shadow Claw|p1a: Tubs
|-damage|p1a: Tubs|59/100
|-start|p1a: Tubs|Charge|Shadow Claw|[from] ability: Electromorphosis
|-damage|p2a: Mimikyu|79/100|[from] item: Life Orb
|move|p1a: Tubs|Thunder Wave|p2a: Mimikyu
|-status|p2a: Mimikyu|par
|-end|p1a: Tubs|Charge|[silent]
|
|-heal|p1a: Tubs|65/100|[from] item: Leftovers
|upkeep
|turn|15
|
|t:|1769341190
|move|p1a: Tubs|Parabolic Charge|p2a: Mimikyu
|-damage|p2a: Mimikyu|54/100 par
|-heal|p1a: Tubs|73/100|[from] drain|[of] p2a: Mimikyu
|move|p2a: Mimikyu|Play Rough|p1a: Tubs|[miss]
|-miss|p2a: Mimikyu|p1a: Tubs
|
|-heal|p1a: Tubs|79/100|[from] item: Leftovers
|upkeep
|turn|16
|
|t:|1769341202
|move|p1a: Tubs|Parabolic Charge|p2a: Mimikyu
|-damage|p2a: Mimikyu|29/100 par
|-heal|p1a: Tubs|88/100|[from] drain|[of] p2a: Mimikyu
|move|p2a: Mimikyu|Pain Split|p1a: Tubs
|-sethp|p1a: Tubs|54/100|[from] move: Pain Split|[silent]
|-sethp|p2a: Mimikyu|79/100 par|[from] move: Pain Split
|
|-heal|p1a: Tubs|60/100|[from] item: Leftovers
|upkeep
|turn|17
|
|t:|1769341210
|move|p1a: Tubs|Parabolic Charge|p2a: Mimikyu
|-damage|p2a: Mimikyu|53/100 par
|-heal|p1a: Tubs|69/100|[from] drain|[of] p2a: Mimikyu
|move|p2a: Mimikyu|Play Rough|p1a: Tubs
|-damage|p1a: Tubs|9/100
|-unboost|p1a: Tubs|atk|1
|-start|p1a: Tubs|Charge|Play Rough|[from] ability: Electromorphosis
|-damage|p2a: Mimikyu|43/100 par|[from] item: Life Orb
|
|-heal|p1a: Tubs|15/100|[from] item: Leftovers
|upkeep
|turn|18
|
|t:|1769341220
|move|p1a: Tubs|Parabolic Charge|p2a: Mimikyu
|-damage|p2a: Mimikyu|0 fnt
|-heal|p1a: Tubs|29/100|[from] drain|[of] p2a: Mimikyu
|faint|p2a: Mimikyu
|-end|p1a: Tubs|Charge|[silent]
|
|-heal|p1a: Tubs|35/100|[from] item: Leftovers
|upkeep
|
|t:|1769341224
|switch|p2a: Scizor|Scizor, M|100/100
|turn|19
|inactive|IAmMaximus has 120 seconds left.
|
|t:|1769341258
|move|p2a: Scizor|Knock Off|p1a: Tubs
|-damage|p1a: Tubs|18/100
|-start|p1a: Tubs|Charge|Knock Off|[from] ability: Electromorphosis
|-enditem|p1a: Tubs|Leftovers|[from] move: Knock Off|[of] p2a: Scizor
|move|p1a: Tubs|Parabolic Charge|p2a: Scizor
|-damage|p2a: Scizor|40/100
|-heal|p1a: Tubs|40/100|[from] drain|[of] p2a: Scizor
|-end|p1a: Tubs|Charge|[silent]
|
|upkeep
|turn|20
|-message|Lucas sus forfeited.
|
|win|IAmMaximus
|raw|IAmMaximus's rating: 1081 &rarr; <strong>1110</strong><br />(+29 for winning)
|raw|Lucas sus's rating: 1099 &rarr; <strong>1073</strong><br />(-26 for losing)
|l|☆Lucas sus
|player|p2|
|l|☆IAmMaximus
|player|p1|
