|j|☆NO1Griefer
|j|☆Varoshu
|t:|1769406894
|gametype|singles
|player|p1|NO1Griefer|cameraman|1158
|player|p2|Varoshu|emmet|1122
|gen|9
|tier|[Gen 9] OU
|rated|
|rule|HP Percentage Mod: HP is shown in percentages
|rule|Endless Battle Clause: Forcing endless battles is banned
|rule|Species Clause: Limit one of each Pokémon
|rule|OHKO Clause: OHKO moves are banned
|rule|Evasion Items Clause: Evasion items are banned
|rule|Evasion Moves Clause: Evasion moves are banned
|rule|Evasion Abilities Clause: Evasion abilities are banned
|rule|Sleep Moves Clause: Sleep-inducing moves are banned
|clearpoke
|poke|p1|Scovillain, M|
|poke|p1|Torkoal, M|
|poke|p1|Lilligant, F|
|poke|p1|Venusaur, F|
|poke|p1|Leafeon, M|
|poke|p1|Ceruledge, F|
|poke|p2|Exeggutor-Alola, M|
|poke|p2|Malamar, F|
|poke|p2|Slowbro-Galar, M|
|poke|p2|Serperior, M|
|poke|p2|Heatran, F|
|poke|p2|Garganacl, F|
|teampreview
|inactive|Battle timer is ON: inactive players will automatically lose when time's up. (requested by Varoshu)
|
|t:|1769406919
|teamsize|p1|6
|teamsize|p2|6
|start
|switch|p1a: Torkoal|Torkoal, M, shiny|100/100
|switch|p2a: Serperior|Serperior, M|100/100
|-weather|SunnyDay|[from] ability: Drought|[of] p1a: Torkoal
|turn|1
|
|t:|1769406925
|switch|p2a: Heatran|Heatran, F|100/100
|-item|p2a: Heatran|Air Balloon
|move|p1a: Torkoal|Stealth Rock|p2a: Heatran
|-sidestart|p2: Varoshu|move: Stealth Rock
|
|-weather|SunnyDay|[upkeep]
|upkeep
|turn|2
|
|t:|1769406936
|switch|p1a: Scovillain|Scovillain, M|100/100
|move|p2a: Heatran|Earth Power|p1a: Scovillain
|-damage|p1a: Scovillain|57/100
|
|-weather|SunnyDay|[upkeep]
|upkeep
|turn|3
|
|t:|1769406951
|move|p1a: Scovillain|Solar Beam||[still]
|-prepare|p1a: Scovillain|Solar Beam
|-anim|p1a: Scovillain|Solar Beam|p2a: Heatran
|-resisted|p2a: Heatran
|-damage|p2a: Heatran|90/100
|-enditem|p2a: Heatran|Air Balloon
|-damage|p1a: Scovillain|47/100|[from] item: Life Orb
|move|p2a: Heatran|Magma Storm|p1a: Scovillain
|-damage|p1a: Scovillain|0 fnt
|faint|p1a: Scovillain
|
|-weather|SunnyDay|[upkeep]
|upkeep
|
|t:|1769406965
|switch|p1a: Leafeon|Leafeon, M|100/100
|turn|4
|
|t:|1769406987
|-terastallize|p1a: Leafeon|Ground
|move|p1a: Leafeon|Tera Blast|p2a: Heatran|[anim] Tera Blast Ground
|-supereffective|p2a: Heatran
|-damage|p2a: Heatran|0 fnt
|faint|p2a: Heatran
|
|-weather|SunnyDay|[upkeep]
|upkeep
|
|t:|1769406996
|switch|p2a: Serperior|Serperior, M|100/100
|-damage|p2a: Serperior|88/100|[from] Stealth Rock
|turn|5
|
|t:|1769407000
|switch|p1a: Venusaur|Venusaur, F, shiny|100/100
|move|p2a: Serperior|Leaf Storm|p1a: Venusaur
|-resisted|p1a: Venusaur
|-crit|p1a: Venusaur
|-damage|p1a: Venusaur|86/100
|-boost|p2a: Serperior|spa|2
|
|-weather|SunnyDay|[upkeep]
|-heal|p2a: Serperior|94/100|[from] item: Leftovers
|upkeep
|turn|6
|
|t:|1769407014
|move|p1a: Venusaur|Weather Ball|p2a: Serperior
|-supereffective|p2a: Serperior
|-damage|p2a: Serperior|0 fnt
|faint|p2a: Serperior
|-damage|p1a: Venusaur|76/100|[from] item: Life Orb
|
|-weather|SunnyDay|[upkeep]
|upkeep
|
|t:|1769407025
|switch|p2a: Garganacl|Garganacl, F|100/100
|-damage|p2a: Garganacl|88/100|[from] Stealth Rock
|turn|7
|
|t:|1769407033
|move|p1a: Venusaur|Solar Beam||[still]
|-prepare|p1a: Venusaur|Solar Beam
|-anim|p1a: Venusaur|Solar Beam|p2a: Garganacl
|-supereffective|p2a: Garganacl
|-damage|p2a: Garganacl|0 fnt
|faint|p2a: Garganacl
|-damage|p1a: Venusaur|66/100|[from] item: Life Orb
|
|-weather|SunnyDay|[upkeep]
|upkeep
|
|t:|1769407046
|switch|p2a: Slowbro|Slowbro-Galar, M|100/100
|-damage|p2a: Slowbro|88/100|[from] Stealth Rock
|turn|8
|
|t:|1769407052
|move|p1a: Venusaur|Weather Ball|p2a: Slowbro
|-damage|p2a: Slowbro|30/100
|-damage|p1a: Venusaur|56/100|[from] item: Life Orb
|move|p2a: Slowbro|Trick Room|p2a: Slowbro
|-fieldstart|move: Trick Room|[of] p2a: Slowbro
|
|-weather|none
|-heal|p2a: Slowbro|36/100|[from] item: Leftovers
|upkeep
|turn|9
|
|t:|1769407067
|switch|p1a: Torkoal|Torkoal, M, shiny|100/100
|-weather|SunnyDay|[from] ability: Drought|[of] p1a: Torkoal
|move|p2a: Slowbro|Fire Blast|p1a: Torkoal
|-resisted|p1a: Torkoal
|-damage|p1a: Torkoal|82/100
|
|-weather|SunnyDay|[upkeep]
|-heal|p2a: Slowbro|42/100|[from] item: Leftovers
|upkeep
|turn|10
|
|t:|1769407083
|move|p2a: Slowbro|Shell Side Arm|p1a: Torkoal|[anim] Shell Side Arm Special
|-damage|p1a: Torkoal|51/100
|-hint|Special Shell Side Arm
|move|p1a: Torkoal|Will-O-Wisp|p2a: Slowbro
|-status|p2a: Slowbro|brn
|
|-weather|SunnyDay|[upkeep]
|-heal|p2a: Slowbro|48/100 brn|[from] item: Leftovers
|-damage|p2a: Slowbro|42/100 brn|[from] brn
|upkeep
|turn|11
|
|t:|1769407094
|switch|p2a: Malamar|Malamar, F|100/100
|-damage|p2a: Malamar|88/100|[from] Stealth Rock
|switch|p1a: Ceruledge|Ceruledge, F, shiny|100/100
|
|-weather|SunnyDay|[upkeep]
|-heal|p2a: Malamar|94/100|[from] item: Leftovers
|upkeep
|turn|12
|
|t:|1769407110
|move|p2a: Malamar|Knock Off|p1a: Ceruledge
|-supereffective|p1a: Ceruledge
|-enditem|p1a: Ceruledge|Focus Sash
|-damage|p1a: Ceruledge|1/100
|-ability|p1a: Ceruledge|Weak Armor|boost
|-unboost|p1a: Ceruledge|def|1
|-boost|p1a: Ceruledge|spe|2
|move|p1a: Ceruledge|Swords Dance|p1a: Ceruledge
|-boost|p1a: Ceruledge|atk|2
|
|-weather|SunnyDay|[upkeep]
|-heal|p2a: Malamar|99/100|[from] item: Leftovers
|-fieldend|move: Trick Room
|upkeep
|turn|13
|
|t:|1769407122
|move|p1a: Ceruledge|Bitter Blade|p2a: Malamar
|-damage|p2a: Malamar|0 fnt
|-heal|p1a: Ceruledge|65/100|[from] drain|[of] p2a: Malamar
|faint|p2a: Malamar
|
|-weather|SunnyDay|[upkeep]
|upkeep
|-message|Varoshu forfeited.
|
|win|NO1Griefer
|raw|NO1Griefer's rating: 1158 &rarr; <strong>1180</strong><br />(+22 for winning)
|raw|Varoshu's rating: 1122 &rarr; <strong>1100</strong><br />(-22 for losing)
|l|☆Varoshu
|player|p2|
|l|☆NO1Griefer
|player|p1|
