|j|☆KaemonAwesome
|j|☆mystery rain ninja
|t:|1769434729
|gametype|singles
|player|p1|KaemonAwesome|266|1495
|player|p2|mystery rain ninja|janine|1528
|gen|9
|tier|[Gen 9] OU
|rated|
|rule|HP Percentage Mod: HP is shown in percentages
|rule|Endless Battle Clause: Forcing endless battles is banned
|rule|Species Clause: Limit one of each Pokémon
|rule|OHKO Clause: OHKO moves are banned
|rule|Evasion Items Clause: Evasion items are banned
|rule|Evasion Moves Clause: Evasion moves are banned
|rule|Evasion Abilities Clause: Evasion abilities are banned
|rule|Sleep Moves Clause: Sleep-inducing moves are banned
|clearpoke
|poke|p1|Kingambit, F|
|poke|p1|Darkrai|
|poke|p1|Ceruledge, F|
|poke|p1|Hatterene, F|
|poke|p1|Great Tusk|
|poke|p1|Samurott-Hisui, M|
|poke|p2|Pelipper, F|
|poke|p2|Raging Bolt|
|poke|p2|Overqwil, F|
|poke|p2|Barraskewda, M|
|poke|p2|Iron Treads|
|poke|p2|Kingambit, M|
|teampreview
|
|t:|1769434739
|teamsize|p1|6
|teamsize|p2|6
|start
|switch|p1a: Samurott|Samurott-Hisui, M, shiny|100/100
|switch|p2a: Pelipper|Pelipper, F|100/100
|-weather|RainDance|[from] ability: Drizzle|[of] p2a: Pelipper
|turn|1
|inactive|Battle timer is ON: inactive players will automatically lose when time's up. (requested by KaemonAwesome)
|
|t:|1769434747
|move|p1a: Samurott|Ceaseless Edge|p2a: Pelipper
|-crit|p2a: Pelipper
|-damage|p2a: Pelipper|49/100
|-sidestart|p2: mystery rain ninja|Spikes
|move|p2a: Pelipper|U-turn|p1a: Samurott
|-supereffective|p1a: Samurott
|-damage|p1a: Samurott|74/100
|
|t:|1769434750
|switch|p2a: Overqwil|Overqwil, F|100/100|[from] U-turn
|-damage|p2a: Overqwil|88/100|[from] Spikes
|
|-weather|RainDance|[upkeep]
|upkeep
|turn|2
|
|t:|1769434761
|move|p2a: Overqwil|Gunk Shot|p1a: Samurott
|-damage|p1a: Samurott|0 fnt
|faint|p1a: Samurott
|-damage|p2a: Overqwil|78/100|[from] item: Life Orb
|
|-weather|RainDance|[upkeep]
|upkeep
|
|t:|1769434784
|switch|p1a: Hatterene|Hatterene, F, shiny|100/100
|turn|3
|inactive|KaemonAwesome has 120 seconds left.
|
|t:|1769434805
|switch|p2a: Iron Treads|Iron Treads|100/100
|-damage|p2a: Iron Treads|88/100|[from] Spikes
|-enditem|p2a: Iron Treads|Booster Energy
|-activate|p2a: Iron Treads|ability: Quark Drive|[fromitem]
|-start|p2a: Iron Treads|quarkdrivespe
|switch|p1a: Ceruledge|Ceruledge, F|100/100
|
|-weather|RainDance|[upkeep]
|upkeep
|turn|4
|inactive|KaemonAwesome has 120 seconds left.
|
|t:|1769434815
|move|p2a: Iron Treads|Earth Power|p1a: Ceruledge
|-supereffective|p1a: Ceruledge
|-damage|p1a: Ceruledge|21/100
|-unboost|p1a: Ceruledge|spd|1
|move|p1a: Ceruledge|Swords Dance|p1a: Ceruledge
|-boost|p1a: Ceruledge|atk|2
|
|-weather|RainDance|[upkeep]
|upkeep
|turn|5
|inactive|KaemonAwesome has 120 seconds left.
|
|t:|1769434824
|move|p1a: Ceruledge|Shadow Sneak|p2a: Iron Treads
|-damage|p2a: Iron Treads|53/100
|move|p2a: Iron Treads|Earth Power|p1a: Ceruledge
|-supereffective|p1a: Ceruledge
|-damage|p1a: Ceruledge|0 fnt
|faint|p1a: Ceruledge
|
|-weather|RainDance|[upkeep]
|upkeep
|inactive|KaemonAwesome has 120 seconds left.
|
|t:|1769434847
|switch|p1a: Great Tusk|Great Tusk|100/100
|-enditem|p1a: Great Tusk|Booster Energy
|-activate|p1a: Great Tusk|ability: Protosynthesis|[fromitem]
|-start|p1a: Great Tusk|protosynthesisatk
|turn|6
|
|t:|1769434854
|move|p2a: Iron Treads|Rapid Spin|p1a: Great Tusk
|-damage|p1a: Great Tusk|92/100
|-boost|p2a: Iron Treads|spe|1
|-sideend|p2: mystery rain ninja|Spikes|[from] move: Rapid Spin|[of] p2a: Iron Treads
|move|p1a: Great Tusk|Close Combat|p2a: Iron Treads
|-supereffective|p2a: Iron Treads
|-damage|p2a: Iron Treads|0 fnt
|-unboost|p1a: Great Tusk|def|1
|-unboost|p1a: Great Tusk|spd|1
|faint|p2a: Iron Treads
|-end|p2a: Iron Treads|Quark Drive|[silent]
|
|-weather|RainDance|[upkeep]
|upkeep
|
|t:|1769434857
|switch|p2a: Barraskewda|Barraskewda, M|100/100
|turn|7
|inactive|KaemonAwesome has 120 seconds left.
|
|t:|1769434875
|move|p2a: Barraskewda|Flip Turn|p1a: Great Tusk
|-supereffective|p1a: Great Tusk
|-damage|p1a: Great Tusk|0 fnt
|faint|p1a: Great Tusk
|-end|p1a: Great Tusk|Protosynthesis|[silent]
|
|t:|1769434881
|switch|p2a: Overqwil|Overqwil, F|78/100|[from] Flip Turn
|
|-weather|RainDance|[upkeep]
|upkeep
|
|t:|1769434887
|switch|p1a: Hatterene|Hatterene, F, shiny|100/100
|turn|8
|inactive|KaemonAwesome has 120 seconds left.
|
|t:|1769434905
|-terastallize|p1a: Hatterene|Steel
|move|p2a: Overqwil|Gunk Shot|p1a: Hatterene
|-immune|p1a: Hatterene
|move|p1a: Hatterene|Nuzzle|p2a: Overqwil
|-damage|p2a: Overqwil|73/100
|-status|p2a: Overqwil|par
|
|-weather|none
|upkeep
|turn|9
|
|t:|1769434916
|switch|p2a: Pelipper|Pelipper, F|49/100
|-weather|RainDance|[from] ability: Drizzle|[of] p2a: Pelipper
|move|p1a: Hatterene|Draining Kiss|p2a: Pelipper
|-damage|p2a: Pelipper|8/100
|
|-weather|RainDance|[upkeep]
|upkeep
|turn|10
|
|t:|1769434927
|move|p2a: Pelipper|Weather Ball|p1a: Hatterene
|-damage|p1a: Hatterene|48/100
|move|p1a: Hatterene|Draining Kiss|p2a: Pelipper
|-damage|p2a: Pelipper|0 fnt
|-heal|p1a: Hatterene|53/100|[from] drain|[of] p2a: Pelipper
|faint|p2a: Pelipper
|
|-weather|RainDance|[upkeep]
|-heal|p1a: Hatterene|59/100|[from] item: Leftovers
|upkeep
|
|t:|1769434931
|switch|p2a: Barraskewda|Barraskewda, M|100/100
|turn|11
|inactive|KaemonAwesome has 120 seconds left.
|
|t:|1769434941
|move|p2a: Barraskewda|Flip Turn|p1a: Hatterene
|-damage|p1a: Hatterene|0 fnt
|faint|p1a: Hatterene
|
|t:|1769434953
|switch|p2a: Overqwil|Overqwil, F|73/100 par|[from] Flip Turn
|
|-weather|RainDance|[upkeep]
|upkeep
|inactive|KaemonAwesome has 120 seconds left.
|
|t:|1769434966
|switch|p1a: Darkrai|Darkrai, shiny|100/100
|turn|12
|
|t:|1769434971
|move|p1a: Darkrai|Nasty Plot|p1a: Darkrai
|-boost|p1a: Darkrai|spa|2
|move|p2a: Overqwil|Gunk Shot|p1a: Darkrai|[miss]
|-miss|p2a: Overqwil|p1a: Darkrai
|
|-weather|RainDance|[upkeep]
|upkeep
|turn|13
|
|t:|1769434979
|move|p1a: Darkrai|Dark Pulse|p2a: Overqwil
|-resisted|p2a: Overqwil
|-damage|p2a: Overqwil|5/100 par
|cant|p2a: Overqwil|flinch
|
|-weather|RainDance|[upkeep]
|upkeep
|turn|14
|
|t:|1769434988
|move|p1a: Darkrai|Dark Pulse|p2a: Overqwil
|-resisted|p2a: Overqwil
|-damage|p2a: Overqwil|0 fnt
|faint|p2a: Overqwil
|
|-weather|RainDance|[upkeep]
|upkeep
|
|t:|1769434990
|switch|p2a: Barraskewda|Barraskewda, M|100/100
|turn|15
|
|t:|1769434998
|move|p2a: Barraskewda|Flip Turn|p1a: Darkrai
|-damage|p1a: Darkrai|8/100
|
|t:|1769435001
|switch|p2a: Kingambit|Kingambit, M|100/100|[from] Flip Turn
|-activate|p2a: Kingambit|ability: Supreme Overlord
|-start|p2a: Kingambit|fallen3|[silent]
|move|p1a: Darkrai|Dark Pulse|p2a: Kingambit
|-resisted|p2a: Kingambit
|-damage|p2a: Kingambit|61/100
|
|-weather|RainDance|[upkeep]
|-heal|p1a: Darkrai|14/100|[from] item: Leftovers
|-heal|p2a: Kingambit|67/100|[from] item: Leftovers
|upkeep
|turn|16
|
|t:|1769435014
|move|p2a: Kingambit|Sucker Punch||[still]
|-fail|p2a: Kingambit
|move|p1a: Darkrai|Nasty Plot|p1a: Darkrai
|-boost|p1a: Darkrai|spa|2
|
|-weather|none
|-heal|p1a: Darkrai|20/100|[from] item: Leftovers
|-heal|p2a: Kingambit|73/100|[from] item: Leftovers
|upkeep
|turn|17
|
|t:|1769435023
|move|p2a: Kingambit|Sucker Punch|p1a: Darkrai
|-resisted|p1a: Darkrai
|-damage|p1a: Darkrai|0 fnt
|faint|p1a: Darkrai
|
|-heal|p2a: Kingambit|80/100|[from] item: Leftovers
|upkeep
|
|t:|1769435030
|switch|p1a: Kingambit|Kingambit, F|100/100
|-activate|p1a: Kingambit|ability: Supreme Overlord
|-start|p1a: Kingambit|fallen5|[silent]
|turn|18
|
|t:|1769435034
|move|p1a: Kingambit|Iron Head|p2a: Kingambit
|-resisted|p2a: Kingambit
|-damage|p2a: Kingambit|56/100
|move|p2a: Kingambit|Swords Dance|p2a: Kingambit
|-boost|p2a: Kingambit|atk|2
|
|-heal|p2a: Kingambit|62/100|[from] item: Leftovers
|upkeep
|turn|19
|
|t:|1769435043
|move|p1a: Kingambit|Iron Head|p2a: Kingambit
|-resisted|p2a: Kingambit
|-damage|p2a: Kingambit|40/100
|move|p2a: Kingambit|Kowtow Cleave|p1a: Kingambit
|-resisted|p1a: Kingambit
|-damage|p1a: Kingambit|48/100
|
|-heal|p2a: Kingambit|46/100|[from] item: Leftovers
|upkeep
|turn|20
|
|t:|1769435052
|move|p1a: Kingambit|Iron Head|p2a: Kingambit
|-resisted|p2a: Kingambit
|-damage|p2a: Kingambit|24/100
|move|p2a: Kingambit|Kowtow Cleave|p1a: Kingambit
|-resisted|p1a: Kingambit
|-damage|p1a: Kingambit|0 fnt
|faint|p1a: Kingambit
|-end|p1a: Kingambit|fallen5|[silent]
|
|win|mystery rain ninja
|raw|KaemonAwesome's rating: 1495 &rarr; <strong>1477</strong><br />(-18 for losing)
|raw|mystery rain ninja's rating: 1528 &rarr; <strong>1546</strong><br />(+18 for winning)
|l|☆KaemonAwesome
|player|p1|
|l|☆mystery rain ninja
|player|p2|
