|j|☆Air Glider
|j|☆2aru
|t:|1769313697
|gametype|singles
|player|p1|Air Glider|170|1519
|player|p2|2aru|skyla-masters2|1543
|gen|9
|tier|[Gen 9] OU
|rated|
|rule|HP Percentage Mod: HP is shown in percentages
|rule|Endless Battle Clause: Forcing endless battles is banned
|rule|Species Clause: Limit one of each Pokémon
|rule|OHKO Clause: OHKO moves are banned
|rule|Evasion Items Clause: Evasion items are banned
|rule|Evasion Moves Clause: Evasion moves are banned
|rule|Evasion Abilities Clause: Evasion abilities are banned
|rule|Sleep Moves Clause: Sleep-inducing moves are banned
|clearpoke
|poke|p1|Pelipper, F|
|poke|p1|Iron Treads|
|poke|p1|Samurott-Hisui, M|
|poke|p1|Basculegion, M|
|poke|p1|Toxicroak, F|
|poke|p1|Manaphy|
|poke|p2|Skarmory, F|
|poke|p2|Pecharunt|
|poke|p2|Blissey, F|
|poke|p2|Samurott-Hisui, F|
|poke|p2|Ogerpon, F|
|poke|p2|Gliscor, M|
|teampreview
|
|t:|1769313713
|teamsize|p1|6
|teamsize|p2|6
|start
|switch|p1a: Pelipper|Pelipper, F|100/100
|switch|p2a: Samurott|Samurott-Hisui, F|100/100
|-weather|RainDance|[from] ability: Drizzle|[of] p1a: Pelipper
|turn|1
|
|t:|1769313721
|switch|p1a: Toxicroak|Toxicroak, F|100/100
|move|p2a: Samurott|Ceaseless Edge|p1a: Toxicroak
|-resisted|p1a: Toxicroak
|-damage|p1a: Toxicroak|82/100
|-damage|p2a: Samurott|84/100|[from] item: Rocky Helmet|[of] p1a: Toxicroak
|-sidestart|p1: Air Glider|Spikes
|
|-weather|RainDance|[upkeep]
|-heal|p1a: Toxicroak|94/100|[from] ability: Dry Skin
|upkeep
|turn|2
|
|t:|1769313732
|switch|p2a: Skarmory|Skarmory, F|100/100
|move|p1a: Toxicroak|Knock Off|p2a: Skarmory
|-damage|p2a: Skarmory|85/100
|-damage|p1a: Toxicroak|78/100|[from] item: Rocky Helmet|[of] p2a: Skarmory
|-enditem|p2a: Skarmory|Rocky Helmet|[from] move: Knock Off|[of] p1a: Toxicroak
|
|-weather|RainDance|[upkeep]
|-heal|p1a: Toxicroak|90/100|[from] ability: Dry Skin
|upkeep
|turn|3
|
|t:|1769313743
|switch|p1a: Manaphy|Manaphy|100/100
|-damage|p1a: Manaphy|88/100|[from] Spikes
|move|p2a: Skarmory|Stealth Rock|p1a: Manaphy
|-sidestart|p1: Air Glider|move: Stealth Rock
|
|-weather|RainDance|[upkeep]
|upkeep
|turn|4
|
|t:|1769313750
|switch|p2a: Ogerpon|Ogerpon, F|100/100
|move|p1a: Manaphy|Tail Glow|p1a: Manaphy
|-boost|p1a: Manaphy|spa|3
|
|-weather|RainDance|[upkeep]
|upkeep
|turn|5
|
|t:|1769313774
|switch|p1a: Toxicroak|Toxicroak, F|90/100
|-damage|p1a: Toxicroak|78/100|[from] Spikes
|-damage|p1a: Toxicroak|72/100|[from] Stealth Rock
|move|p2a: Ogerpon|Ivy Cudgel|p1a: Toxicroak
|-resisted|p1a: Toxicroak
|-crit|p1a: Toxicroak
|-damage|p1a: Toxicroak|39/100
|
|-weather|RainDance|[upkeep]
|-heal|p1a: Toxicroak|51/100|[from] ability: Dry Skin
|upkeep
|turn|6
|
|t:|1769313797
|switch|p2a: Skarmory|Skarmory, F|85/100
|move|p1a: Toxicroak|Drain Punch|p2a: Skarmory
|-damage|p2a: Skarmory|68/100
|-heal|p1a: Toxicroak|59/100|[from] drain|[of] p2a: Skarmory
|
|-weather|RainDance|[upkeep]
|-heal|p1a: Toxicroak|72/100|[from] ability: Dry Skin
|upkeep
|turn|7
|
|t:|1769313808
|move|p1a: Toxicroak|Drain Punch|p2a: Skarmory
|-damage|p2a: Skarmory|51/100
|-heal|p1a: Toxicroak|80/100|[from] drain|[of] p2a: Skarmory
|move|p2a: Skarmory|Whirlwind|p1a: Toxicroak
|drag|p1a: Basculegion|Basculegion, M|100/100
|-damage|p1a: Basculegion|88/100|[from] Spikes
|-damage|p1a: Basculegion|76/100|[from] Stealth Rock
|
|-weather|RainDance|[upkeep]
|upkeep
|turn|8
|
|t:|1769313830
|switch|p2a: Samurott|Samurott-Hisui, F|84/100
|move|p1a: Basculegion|Wave Crash|p2a: Samurott
|-resisted|p2a: Samurott
|-damage|p2a: Samurott|12/100
|-damage|p1a: Basculegion|52/100|[from] Recoil
|
|-weather|none
|upkeep
|turn|9
|
|t:|1769313844
|switch|p1a: Toxicroak|Toxicroak, F|80/100
|-damage|p1a: Toxicroak|67/100|[from] Spikes
|-damage|p1a: Toxicroak|61/100|[from] Stealth Rock
|move|p2a: Samurott|Sucker Punch||[still]
|-fail|p2a: Samurott
|
|upkeep
|turn|10
|
|t:|1769313851
|switch|p2a: Skarmory|Skarmory, F|51/100
|move|p1a: Toxicroak|Drain Punch|p2a: Skarmory
|-damage|p2a: Skarmory|32/100
|-heal|p1a: Toxicroak|69/100|[from] drain|[of] p2a: Skarmory
|
|upkeep
|turn|11
|
|t:|1769313857
|switch|p1a: Pelipper|Pelipper, F|100/100
|-damage|p1a: Pelipper|76/100|[from] Stealth Rock
|-weather|RainDance|[from] ability: Drizzle|[of] p1a: Pelipper
|move|p2a: Skarmory|Roost|p2a: Skarmory
|-heal|p2a: Skarmory|82/100
|-singleturn|p2a: Skarmory|move: Roost
|
|-weather|RainDance|[upkeep]
|upkeep
|turn|12
|
|t:|1769313863
|switch|p2a: Ogerpon|Ogerpon, F|100/100
|move|p1a: Pelipper|Surf|p2a: Ogerpon
|-resisted|p2a: Ogerpon
|-damage|p2a: Ogerpon|64/100
|
|-weather|RainDance|[upkeep]
|upkeep
|turn|13
|
|t:|1769313872
|switch|p1a: Toxicroak|Toxicroak, F|69/100
|-damage|p1a: Toxicroak|57/100|[from] Spikes
|-damage|p1a: Toxicroak|51/100|[from] Stealth Rock
|move|p2a: Ogerpon|Knock Off|p1a: Toxicroak
|-resisted|p1a: Toxicroak
|-damage|p1a: Toxicroak|35/100
|-damage|p2a: Ogerpon|47/100|[from] item: Rocky Helmet|[of] p1a: Toxicroak
|-enditem|p1a: Toxicroak|Rocky Helmet|[from] move: Knock Off|[of] p2a: Ogerpon
|
|-weather|RainDance|[upkeep]
|-heal|p1a: Toxicroak|47/100|[from] ability: Dry Skin
|upkeep
|turn|14
|
|t:|1769313883
|move|p2a: Ogerpon|U-turn|p1a: Toxicroak
|-resisted|p1a: Toxicroak
|-damage|p1a: Toxicroak|43/100
|
|t:|1769313886
|switch|p2a: Gliscor|Gliscor, M, shiny|100/100|[from] U-turn
|move|p1a: Toxicroak|Drain Punch|p2a: Gliscor
|-resisted|p2a: Gliscor
|-damage|p2a: Gliscor|91/100
|-heal|p1a: Toxicroak|47/100|[from] drain|[of] p2a: Gliscor
|
|-weather|RainDance|[upkeep]
|-heal|p1a: Toxicroak|60/100|[from] ability: Dry Skin
|-status|p2a: Gliscor|tox|[from] item: Toxic Orb
|upkeep
|turn|15
|
|t:|1769313900
|switch|p1a: Manaphy|Manaphy|88/100
|-damage|p1a: Manaphy|76/100|[from] Spikes
|-damage|p1a: Manaphy|63/100|[from] Stealth Rock
|move|p2a: Gliscor|U-turn|p1a: Manaphy
|-damage|p1a: Manaphy|50/100
|
|t:|1769313903
|switch|p2a: Ogerpon|Ogerpon, F|47/100|[from] U-turn
|
|-weather|RainDance|[upkeep]
|upkeep
|turn|16
|
|t:|1769313909
|switch|p1a: Toxicroak|Toxicroak, F|60/100
|-damage|p1a: Toxicroak|47/100|[from] Spikes
|-damage|p1a: Toxicroak|41/100|[from] Stealth Rock
|move|p2a: Ogerpon|Ivy Cudgel|p1a: Toxicroak
|-resisted|p1a: Toxicroak
|-damage|p1a: Toxicroak|18/100
|
|-weather|RainDance|[upkeep]
|-heal|p1a: Toxicroak|31/100|[from] ability: Dry Skin
|upkeep
|turn|17
|
|t:|1769313920
|move|p2a: Ogerpon|U-turn|p1a: Toxicroak
|-resisted|p1a: Toxicroak
|-damage|p1a: Toxicroak|25/100
|
|t:|1769313924
|switch|p2a: Gliscor|Gliscor, M, shiny|91/100 tox|[from] U-turn
|move|p1a: Toxicroak|Drain Punch|p2a: Gliscor
|-resisted|p2a: Gliscor
|-crit|p2a: Gliscor
|-damage|p2a: Gliscor|75/100 tox
|-heal|p1a: Toxicroak|32/100|[from] drain|[of] p2a: Gliscor
|
|-weather|RainDance|[upkeep]
|-heal|p1a: Toxicroak|45/100|[from] ability: Dry Skin
|-heal|p2a: Gliscor|88/100 tox|[from] ability: Poison Heal
|upkeep
|turn|18
|
|t:|1769313956
|move|p2a: Gliscor|U-turn|p1a: Toxicroak
|-resisted|p1a: Toxicroak
|-damage|p1a: Toxicroak|42/100
|
|t:|1769313964
|switch|p2a: Pecharunt|Pecharunt|100/100|[from] U-turn
|move|p1a: Toxicroak|Encore||[still]
|-fail|p1a: Toxicroak
|
|-weather|none
|upkeep
|turn|19
|
|t:|1769313971
|move|p1a: Toxicroak|Knock Off|p2a: Pecharunt
|-supereffective|p2a: Pecharunt
|-damage|p2a: Pecharunt|79/100
|-enditem|p2a: Pecharunt|Heavy-Duty Boots|[from] move: Knock Off|[of] p1a: Toxicroak
|move|p2a: Pecharunt|Parting Shot|p1a: Toxicroak
|-unboost|p1a: Toxicroak|atk|1
|-unboost|p1a: Toxicroak|spa|1
|
|t:|1769313983
|switch|p2a: Gliscor|Gliscor, M, shiny|88/100 tox|[from] Parting Shot
|
|-heal|p2a: Gliscor|100/100 tox|[from] ability: Poison Heal
|upkeep
|turn|20
|
|t:|1769313989
|switch|p1a: Pelipper|Pelipper, F|76/100
|-damage|p1a: Pelipper|51/100|[from] Stealth Rock
|-weather|RainDance|[from] ability: Drizzle|[of] p1a: Pelipper
|move|p2a: Gliscor|U-turn|p1a: Pelipper
|-resisted|p1a: Pelipper
|-damage|p1a: Pelipper|43/100
|
|t:|1769314010
|switch|p2a: Samurott|Samurott-Hisui, F|12/100|[from] U-turn
|
|-weather|RainDance|[upkeep]
|upkeep
|turn|21
|
|t:|1769314021
|switch|p1a: Toxicroak|Toxicroak, F|42/100
|-damage|p1a: Toxicroak|29/100|[from] Spikes
|-damage|p1a: Toxicroak|23/100|[from] Stealth Rock
|move|p2a: Samurott|Ceaseless Edge|p1a: Toxicroak
|-resisted|p1a: Toxicroak
|-damage|p1a: Toxicroak|4/100
|-sidestart|p1: Air Glider|Spikes
|
|-weather|RainDance|[upkeep]
|-heal|p1a: Toxicroak|17/100|[from] ability: Dry Skin
|upkeep
|turn|22
|
|t:|1769314037
|switch|p2a: Gliscor|Gliscor, M, shiny|100/100 tox
|move|p1a: Toxicroak|Drain Punch|p2a: Gliscor
|-resisted|p2a: Gliscor
|-damage|p2a: Gliscor|90/100 tox
|-heal|p1a: Toxicroak|22/100|[from] drain|[of] p2a: Gliscor
|
|-weather|RainDance|[upkeep]
|-heal|p1a: Toxicroak|34/100|[from] ability: Dry Skin
|-heal|p2a: Gliscor|100/100 tox|[from] ability: Poison Heal
|upkeep
|turn|23
|
|t:|1769314047
|switch|p1a: Iron Treads|Iron Treads|100/100
|-damage|p1a: Iron Treads|84/100|[from] Spikes
|-damage|p1a: Iron Treads|81/100|[from] Stealth Rock
|-enditem|p1a: Iron Treads|Booster Energy
|-activate|p1a: Iron Treads|ability: Quark Drive|[fromitem]
|-start|p1a: Iron Treads|quarkdriveatk
|move|p2a: Gliscor|U-turn|p1a: Iron Treads
|-resisted|p1a: Iron Treads
|-damage|p1a: Iron Treads|74/100
|
|t:|1769314049
|switch|p2a: Pecharunt|Pecharunt|79/100|[from] U-turn
|
|-weather|RainDance|[upkeep]
|upkeep
|turn|24
|
|t:|1769314059
|-terastallize|p2a: Pecharunt|Ghost
|move|p1a: Iron Treads|Earthquake|p2a: Pecharunt
|-damage|p2a: Pecharunt|49/100
|move|p2a: Pecharunt|Shadow Ball|p1a: Iron Treads
|-damage|p1a: Iron Treads|29/100
|
|-weather|RainDance|[upkeep]
|upkeep
|turn|25
|
|t:|1769314072
|-end|p1a: Iron Treads|Quark Drive|[silent]
|switch|p1a: Samurott|Samurott-Hisui, M|100/100
|-damage|p1a: Samurott|84/100|[from] Spikes
|-damage|p1a: Samurott|72/100|[from] Stealth Rock
|move|p2a: Pecharunt|Recover|p2a: Pecharunt
|-heal|p2a: Pecharunt|99/100
|
|-weather|RainDance|[upkeep]
|upkeep
|turn|26
|
|t:|1769314091
|switch|p2a: Skarmory|Skarmory, F|82/100
|move|p1a: Samurott|Ceaseless Edge|p2a: Skarmory
|-damage|p2a: Skarmory|40/100
|-sidestart|p2: 2aru|Spikes
|
|-weather|RainDance|[upkeep]
|upkeep
|turn|27
|
|t:|1769314103
|move|p1a: Samurott|Ceaseless Edge|p2a: Skarmory
|-damage|p2a: Skarmory|0 fnt
|-sidestart|p2: 2aru|Spikes
|faint|p2a: Skarmory
|
|-weather|none
|upkeep
|
|t:|1769314106
|switch|p2a: Ogerpon|Ogerpon, F|47/100
|turn|28
|
|t:|1769314117
|switch|p1a: Pelipper|Pelipper, F|43/100
|-damage|p1a: Pelipper|18/100|[from] Stealth Rock
|-weather|RainDance|[from] ability: Drizzle|[of] p1a: Pelipper
|move|p2a: Ogerpon|Ivy Cudgel|p1a: Pelipper
|-damage|p1a: Pelipper|0 fnt
|faint|p1a: Pelipper
|
|-weather|RainDance|[upkeep]
|upkeep
|
|t:|1769314152
|switch|p1a: Basculegion|Basculegion, M|52/100
|-damage|p1a: Basculegion|35/100|[from] Spikes
|-damage|p1a: Basculegion|23/100|[from] Stealth Rock
|turn|29
|
|t:|1769314197
|move|p1a: Basculegion|Liquidation|p2a: Ogerpon
|-resisted|p2a: Ogerpon
|-damage|p2a: Ogerpon|0 fnt
|faint|p2a: Ogerpon
|
|-weather|RainDance|[upkeep]
|upkeep
|
|t:|1769314204
|switch|p2a: Samurott|Samurott-Hisui, F|12/100
|-damage|p2a: Samurott|0 fnt|[from] Spikes
|faint|p2a: Samurott
|
|t:|1769314207
|switch|p2a: Pecharunt|Pecharunt, tera:Ghost|99/100
|-damage|p2a: Pecharunt|82/100|[from] Spikes
|turn|30
|
|t:|1769314225
|-terastallize|p1a: Basculegion|Water
|move|p1a: Basculegion|Liquidation|p2a: Pecharunt
|-damage|p2a: Pecharunt|27/100
|-unboost|p2a: Pecharunt|def|1
|move|p2a: Pecharunt|Recover|p2a: Pecharunt
|-heal|p2a: Pecharunt|77/100
|
|-weather|RainDance|[upkeep]
|upkeep
|turn|31
|
|t:|1769314253
|switch|p2a: Gliscor|Gliscor, M, shiny|100/100 tox
|move|p1a: Basculegion|Liquidation|p2a: Gliscor
|-supereffective|p2a: Gliscor
|-damage|p2a: Gliscor|0 fnt
|faint|p2a: Gliscor
|
|-weather|RainDance|[upkeep]
|upkeep
|
|t:|1769314258
|switch|p2a: Pecharunt|Pecharunt, tera:Ghost|77/100
|-damage|p2a: Pecharunt|61/100|[from] Spikes
|turn|32
|
|t:|1769314272
|move|p1a: Basculegion|Liquidation|p2a: Pecharunt
|-damage|p2a: Pecharunt|3/100
|move|p2a: Pecharunt|Shadow Ball|p1a: Basculegion
|-damage|p1a: Basculegion|0 fnt
|faint|p1a: Basculegion
|
|-weather|RainDance|[upkeep]
|upkeep
|
|t:|1769314276
|switch|p1a: Samurott|Samurott-Hisui, M|72/100
|-damage|p1a: Samurott|55/100|[from] Spikes
|-damage|p1a: Samurott|43/100|[from] Stealth Rock
|turn|33
|
|t:|1769314281
|move|p1a: Samurott|Aqua Cutter|p2a: Pecharunt
|-damage|p2a: Pecharunt|0 fnt
|faint|p2a: Pecharunt
|
|-weather|RainDance|[upkeep]
|upkeep
|
|t:|1769314284
|switch|p2a: Blissey|Blissey, F|100/100
|turn|34
|
|t:|1769314301
|move|p1a: Samurott|Aqua Cutter|p2a: Blissey
|-damage|p2a: Blissey|7/100
|move|p2a: Blissey|Soft-Boiled|p2a: Blissey
|-heal|p2a: Blissey|57/100
|
|-weather|RainDance|[upkeep]
|upkeep
|turn|35
|-message|2aru forfeited.
|
|win|Air Glider
|raw|Air Glider's rating: 1519 &rarr; <strong>1540</strong><br />(+21 for winning)
|raw|2aru's rating: 1543 &rarr; <strong>1522</strong><br />(-21 for losing)
|l|☆2aru
|player|p2|
