|j|☆sinssino
|j|☆StrykerMan81
|t:|1769310758
|gametype|singles
|player|p1|sinssino|265|1412
|player|p2|StrykerMan81|266|1370
|gen|9
|tier|[Gen 9] OU
|rated|
|rule|HP Percentage Mod: HP is shown in percentages
|rule|Endless Battle Clause: Forcing endless battles is banned
|rule|Species Clause: Limit one of each Pokémon
|rule|OHKO Clause: OHKO moves are banned
|rule|Evasion Items Clause: Evasion items are banned
|rule|Evasion Moves Clause: Evasion moves are banned
|rule|Evasion Abilities Clause: Evasion abilities are banned
|rule|Sleep Moves Clause: Sleep-inducing moves are banned
|clearpoke
|poke|p1|Araquanid, F|
|poke|p1|Kingambit, M|
|poke|p1|Gholdengo|
|poke|p1|Great Tusk|
|poke|p1|Iron Crown|
|poke|p1|Raging Bolt|
|poke|p2|Dragonite, F|
|poke|p2|Iron Valiant|
|poke|p2|Moltres|
|poke|p2|Zamazenta-*|
|poke|p2|Iron Treads|
|poke|p2|Lucario, M|
|teampreview
|inactive|Battle timer is ON: inactive players will automatically lose when time's up. (requested by sinssino)
|
|t:|1769310776
|teamsize|p1|6
|teamsize|p2|6
|start
|switch|p1a: Araquanid|Araquanid, F|100/100
|switch|p2a: Dr. Eggman|Iron Treads|100/100
|turn|1
|
|t:|1769310790
|move|p2a: Dr. Eggman|Knock Off|p1a: Araquanid
|-damage|p1a: Araquanid|73/100
|-enditem|p1a: Araquanid|Custap Berry|[from] move: Knock Off|[of] p2a: Dr. Eggman
|move|p1a: Araquanid|Surf|p2a: Dr. Eggman
|-supereffective|p2a: Dr. Eggman
|-damage|p2a: Dr. Eggman|23/100
|
|upkeep
|turn|2
|
|t:|1769310801
|-end|p2a: Dr. Eggman|Quark Drive|[silent]
|switch|p2a: Will of D|Dragonite, F|100/100
|move|p1a: Araquanid|Surf|p2a: Will of D
|-resisted|p2a: Will of D
|-damage|p2a: Will of D|87/100
|
|upkeep
|turn|3
|
|t:|1769310814
|move|p2a: Will of D|Dragon Dance|p2a: Will of D
|-boost|p2a: Will of D|atk|1
|-boost|p2a: Will of D|spe|1
|move|p1a: Araquanid|Sticky Web|p2a: Will of D
|-sidestart|p2: StrykerMan81|move: Sticky Web
|
|upkeep
|turn|4
|
|t:|1769310825
|switch|p1a: Great Tusk|Great Tusk|100/100
|move|p2a: Will of D|Extreme Speed|p1a: Great Tusk
|-damage|p1a: Great Tusk|65/100
|
|upkeep
|turn|5
|
|t:|1769310850
|move|p2a: Will of D|Scale Shot|p1a: Great Tusk
|-crit|p1a: Great Tusk
|-damage|p1a: Great Tusk|41/100
|-damage|p1a: Great Tusk|24/100
|-damage|p1a: Great Tusk|8/100
|-crit|p1a: Great Tusk
|-damage|p1a: Great Tusk|0 fnt
|faint|p1a: Great Tusk
|-end|p1a: Great Tusk|Protosynthesis|[silent]
|-hitcount|p1: Great Tusk|4
|-unboost|p2a: Will of D|def|1
|-boost|p2a: Will of D|spe|1
|
|upkeep
|
|t:|1769310858
|switch|p1a: Raging Bolt|Raging Bolt|100/100
|-enditem|p1a: Raging Bolt|Booster Energy
|-activate|p1a: Raging Bolt|ability: Protosynthesis|[fromitem]
|-start|p1a: Raging Bolt|protosynthesisspa
|turn|6
|
|t:|1769310869
|switch|p2a: Dr. Eggman|Iron Treads|23/100
|-activate|p2a: Dr. Eggman|move: Sticky Web
|-unboost|p2a: Dr. Eggman|spe|1
|-terastallize|p1a: Raging Bolt|Fairy
|move|p1a: Raging Bolt|Dragon Pulse|p2a: Dr. Eggman
|-resisted|p2a: Dr. Eggman
|-damage|p2a: Dr. Eggman|0 fnt
|faint|p2a: Dr. Eggman
|-end|p2a: Dr. Eggman|Quark Drive|[silent]
|
|upkeep
|inactive|StrykerMan81 has 120 seconds left.
|
|t:|1769310899
|switch|p2a: Lucario|Lucario, M|100/100
|-activate|p2a: Lucario|move: Sticky Web
|-unboost|p2a: Lucario|spe|1
|turn|7
|
|t:|1769310906
|move|p2a: Lucario|Meteor Mash|p1a: Raging Bolt
|-supereffective|p1a: Raging Bolt
|-damage|p1a: Raging Bolt|31/100
|move|p1a: Raging Bolt|Thunderbolt|p2a: Lucario
|-damage|p2a: Lucario|10/100
|
|upkeep
|turn|8
|inactive|StrykerMan81 has 120 seconds left.
|
|t:|1769310924
|switch|p2a: Will of D|Dragonite, F|87/100
|move|p1a: Raging Bolt|Thunderclap||[still]
|-fail|p1a: Raging Bolt
|
|upkeep
|turn|9
|
|t:|1769310934
|move|p2a: Will of D|Earthquake|p1a: Raging Bolt
|-damage|p1a: Raging Bolt|0 fnt
|faint|p1a: Raging Bolt
|-end|p1a: Raging Bolt|Protosynthesis|[silent]
|
|upkeep
|
|t:|1769310938
|switch|p1a: Iron Crown|Iron Crown|100/100
|turn|10
|
|t:|1769310945
|move|p1a: Iron Crown|Tachyon Cutter|p2a: Will of D
|-crit|p2a: Will of D
|-damage|p2a: Will of D|25/100
|-damage|p2a: Will of D|0 fnt
|faint|p2a: Will of D
|-hitcount|p2: Will of D|2
|
|upkeep
|
|t:|1769310955
|switch|p2a: Birdramon|Moltres|100/100
|turn|11
|
|t:|1769310961
|-end|p1a: Iron Crown|Quark Drive|[silent]
|switch|p1a: Araquanid|Araquanid, F|73/100
|move|p2a: Birdramon|Flamethrower|p1a: Araquanid
|-damage|p1a: Araquanid|44/100
|
|upkeep
|turn|12
|
|t:|1769310984
|move|p2a: Birdramon|Flamethrower|p1a: Araquanid
|-damage|p1a: Araquanid|17/100
|move|p1a: Araquanid|Surf|p2a: Birdramon
|-supereffective|p2a: Birdramon
|-damage|p2a: Birdramon|0 fnt
|faint|p2a: Birdramon
|
|upkeep
|
|t:|1769310996
|switch|p2a: Lucario|Lucario, M|10/100
|-activate|p2a: Lucario|move: Sticky Web
|-unboost|p2a: Lucario|spe|1
|turn|13
|
|t:|1769311005
|move|p2a: Lucario|Meteor Mash|p1a: Araquanid
|-resisted|p1a: Araquanid
|-damage|p1a: Araquanid|0 fnt
|faint|p1a: Araquanid
|
|upkeep
|
|t:|1769311012
|switch|p1a: Iron Crown|Iron Crown|100/100
|turn|14
|
|t:|1769311017
|move|p1a: Iron Crown|Tachyon Cutter|p2a: Lucario
|-resisted|p2a: Lucario
|-damage|p2a: Lucario|0 fnt
|faint|p2a: Lucario
|-hitcount|p2: Lucario|1
|
|upkeep
|
|t:|1769311028
|switch|p2a: Ban me if U can|Zamazenta|100/100
|-activate|p2a: Ban me if U can|move: Sticky Web
|-unboost|p2a: Ban me if U can|spe|1
|-ability|p2a: Ban me if U can|Dauntless Shield|boost
|-boost|p2a: Ban me if U can|def|1
|turn|15
|
|t:|1769311033
|move|p1a: Iron Crown|Tachyon Cutter|p2a: Ban me if U can
|-damage|p2a: Ban me if U can|66/100
|-damage|p2a: Ban me if U can|31/100
|-hitcount|p2a: Ban me if U can|2
|move|p2a: Ban me if U can|Crunch|p1a: Iron Crown
|-supereffective|p1a: Iron Crown
|-damage|p1a: Iron Crown|23/100
|-unboost|p1a: Iron Crown|def|1
|
|upkeep
|turn|16
|
|t:|1769311040
|move|p1a: Iron Crown|Tachyon Cutter|p2a: Ban me if U can
|-damage|p2a: Ban me if U can|0 fnt
|faint|p2a: Ban me if U can
|-hitcount|p2: Ban me if U can|1
|
|upkeep
|
|t:|1769311042
|switch|p2a: Roronoa Zoro|Iron Valiant|100/100
|-activate|p2a: Roronoa Zoro|move: Sticky Web
|-unboost|p2a: Roronoa Zoro|spe|1
|-enditem|p2a: Roronoa Zoro|Booster Energy
|-activate|p2a: Roronoa Zoro|ability: Quark Drive|[fromitem]
|-start|p2a: Roronoa Zoro|quarkdriveatk
|turn|17
|c|☆StrykerMan81|gg
|-message|StrykerMan81 forfeited.
|
|win|sinssino
|raw|sinssino's rating: 1412 &rarr; <strong>1430</strong><br />(+18 for winning)
|raw|StrykerMan81's rating: 1370 &rarr; <strong>1352</strong><br />(-18 for losing)
|l|☆StrykerMan81
|player|p2|
|l|☆sinssino
|player|p1|
