|j|☆Aureo
|j|☆lolcano46
|t:|1769386531
|gametype|singles
|player|p1|Aureo|lysandre-masters|1568
|player|p2|lolcano46|fisherman-gen4|1526
|gen|9
|tier|[Gen 9] OU
|rated|
|rule|HP Percentage Mod: HP is shown in percentages
|rule|Endless Battle Clause: Forcing endless battles is banned
|rule|Species Clause: Limit one of each Pokémon
|rule|OHKO Clause: OHKO moves are banned
|rule|Evasion Items Clause: Evasion items are banned
|rule|Evasion Moves Clause: Evasion moves are banned
|rule|Evasion Abilities Clause: Evasion abilities are banned
|rule|Sleep Moves Clause: Sleep-inducing moves are banned
|clearpoke
|poke|p1|Tyranitar, F|
|poke|p1|Gholdengo|
|poke|p1|Zamazenta-*|
|poke|p1|Rillaboom, M|
|poke|p1|Garchomp, M|
|poke|p1|Zapdos|
|poke|p2|Azelf|
|poke|p2|Ogerpon-Wellspring, F|
|poke|p2|Scizor, M|
|poke|p2|Gengar, M|
|poke|p2|Raging Bolt|
|poke|p2|Cinderace, F|
|teampreview
|inactive|Battle timer is ON: inactive players will automatically lose when time's up. (requested by lolcano46)
|inactive|Aureo also wants the timer to be on.
|
|t:|1769386550
|teamsize|p1|6
|teamsize|p2|6
|start
|switch|p1a: Tyranitar|Tyranitar, F|100/100
|switch|p2a: Cinderace|Cinderace, F|100/100
|-weather|Sandstorm|[from] ability: Sand Stream|[of] p1a: Tyranitar
|turn|1
|
|t:|1769386573
|switch|p1a: Garchomp|Garchomp, M|100/100
|move|p2a: Cinderace|Will-O-Wisp|p1a: Garchomp
|-status|p1a: Garchomp|brn
|
|-weather|Sandstorm|[upkeep]
|-damage|p2a: Cinderace|95/100|[from] Sandstorm
|-damage|p1a: Garchomp|94/100 brn|[from] brn
|upkeep
|turn|2
|
|t:|1769386583
|switch|p2a: Azelf|Azelf|100/100
|move|p1a: Garchomp|Stealth Rock|p2a: Azelf
|-sidestart|p2: lolcano46|move: Stealth Rock
|
|-weather|Sandstorm|[upkeep]
|-damage|p2a: Azelf|94/100|[from] Sandstorm
|-damage|p1a: Garchomp|88/100 brn|[from] brn
|upkeep
|turn|3
|
|t:|1769386592
|switch|p1a: Tyranitar|Tyranitar, F|100/100
|move|p2a: Azelf|Dazzling Gleam|p1a: Tyranitar
|-supereffective|p1a: Tyranitar
|-damage|p1a: Tyranitar|59/100
|
|-weather|Sandstorm|[upkeep]
|-damage|p2a: Azelf|88/100|[from] Sandstorm
|upkeep
|turn|4
|
|t:|1769386600
|-terastallize|p2a: Azelf|Fairy
|move|p2a: Azelf|Dazzling Gleam|p1a: Tyranitar
|-supereffective|p1a: Tyranitar
|-damage|p1a: Tyranitar|2/100
|move|p1a: Tyranitar|Knock Off|p2a: Azelf
|-resisted|p2a: Azelf
|-damage|p2a: Azelf|49/100
|-enditem|p2a: Azelf|Expert Belt|[from] move: Knock Off|[of] p1a: Tyranitar
|
|-weather|Sandstorm|[upkeep]
|-damage|p2a: Azelf|43/100|[from] Sandstorm
|upkeep
|turn|5
|
|t:|1769386615
|move|p2a: Azelf|Flamethrower|p1a: Tyranitar
|-resisted|p1a: Tyranitar
|-damage|p1a: Tyranitar|0 fnt
|faint|p1a: Tyranitar
|
|-weather|none
|upkeep
|
|t:|1769386624
|switch|p1a: Zamazenta|Zamazenta|100/100
|-ability|p1a: Zamazenta|Dauntless Shield|boost
|-boost|p1a: Zamazenta|def|1
|turn|6
|
|t:|1769386629
|switch|p2a: Raging Bolt|Raging Bolt|100/100
|-damage|p2a: Raging Bolt|88/100|[from] Stealth Rock
|-enditem|p2a: Raging Bolt|Booster Energy
|-activate|p2a: Raging Bolt|ability: Protosynthesis|[fromitem]
|-start|p2a: Raging Bolt|protosynthesisspa
|move|p1a: Zamazenta|Heavy Slam|p2a: Raging Bolt
|-resisted|p2a: Raging Bolt
|-damage|p2a: Raging Bolt|82/100
|
|upkeep
|turn|7
|
|t:|1769386642
|move|p1a: Zamazenta|Close Combat|p2a: Raging Bolt
|-damage|p2a: Raging Bolt|31/100
|-unboost|p1a: Zamazenta|def|1
|-unboost|p1a: Zamazenta|spd|1
|move|p2a: Raging Bolt|Dragon Pulse|p1a: Zamazenta
|-damage|p1a: Zamazenta|10/100
|
|upkeep
|turn|8
|
|t:|1769386652
|move|p1a: Zamazenta|Crunch|p2a: Raging Bolt
|-damage|p2a: Raging Bolt|4/100
|-unboost|p2a: Raging Bolt|def|1
|move|p2a: Raging Bolt|Dragon Pulse|p1a: Zamazenta
|-damage|p1a: Zamazenta|0 fnt
|faint|p1a: Zamazenta
|
|upkeep
|
|t:|1769386662
|switch|p1a: Garchomp|Garchomp, M|88/100 brn
|turn|9
|
|t:|1769386668
|move|p1a: Garchomp|Earthquake|p2a: Raging Bolt
|-supereffective|p2a: Raging Bolt
|-damage|p2a: Raging Bolt|0 fnt
|faint|p2a: Raging Bolt
|-end|p2a: Raging Bolt|Protosynthesis|[silent]
|
|-damage|p1a: Garchomp|82/100 brn|[from] brn
|upkeep
|
|t:|1769386672
|switch|p2a: Azelf|Azelf, tera:Fairy|43/100
|-damage|p2a: Azelf|30/100|[from] Stealth Rock
|turn|10
|
|t:|1769386684
|switch|p1a: Gholdengo|Gholdengo|100/100
|-item|p1a: Gholdengo|Air Balloon
|move|p2a: Azelf|Flamethrower|p1a: Gholdengo
|-supereffective|p1a: Gholdengo
|-damage|p1a: Gholdengo|39/100
|-enditem|p1a: Gholdengo|Air Balloon
|
|upkeep
|turn|11
|
|t:|1769386696
|move|p2a: Azelf|Flamethrower|p1a: Gholdengo
|-supereffective|p1a: Gholdengo
|-damage|p1a: Gholdengo|0 fnt
|faint|p1a: Gholdengo
|
|upkeep
|
|t:|1769386701
|switch|p1a: Rillaboom|Rillaboom, M|100/100
|-fieldstart|move: Grassy Terrain|[from] ability: Grassy Surge|[of] p1a: Rillaboom
|turn|12
|
|t:|1769386707
|move|p1a: Rillaboom|Grassy Glide|p2a: Azelf
|-damage|p2a: Azelf|0 fnt
|faint|p2a: Azelf
|
|upkeep
|
|t:|1769386709
|switch|p2a: Cinderace|Cinderace, F|95/100
|turn|13
|
|t:|1769386715
|switch|p1a: Garchomp|Garchomp, M|82/100 brn
|move|p2a: Cinderace|Will-O-Wisp|p1a: Garchomp
|-fail|p1a: Garchomp|brn
|
|-heal|p2a: Cinderace|100/100|[from] Grassy Terrain
|-heal|p1a: Garchomp|88/100 brn|[from] Grassy Terrain
|-damage|p1a: Garchomp|82/100 brn|[from] brn
|upkeep
|turn|14
|
|t:|1769386730
|move|p2a: Cinderace|Pyro Ball|p1a: Garchomp
|-resisted|p1a: Garchomp
|-damage|p1a: Garchomp|65/100 brn
|move|p1a: Garchomp|Dragon Tail|p2a: Cinderace
|-damage|p2a: Cinderace|82/100
|drag|p2a: Gengar|Gengar, M|100/100
|-damage|p2a: Gengar|88/100|[from] Stealth Rock
|
|-heal|p2a: Gengar|94/100|[from] Grassy Terrain
|-heal|p1a: Garchomp|71/100 brn|[from] Grassy Terrain
|-damage|p1a: Garchomp|65/100 brn|[from] brn
|upkeep
|turn|15
|
|t:|1769386741
|move|p2a: Gengar|Shadow Ball|p1a: Garchomp
|-damage|p1a: Garchomp|29/100 brn
|move|p1a: Garchomp|Spikes|p2a: Gengar
|-sidestart|p2: lolcano46|Spikes
|
|-heal|p2a: Gengar|100/100|[from] Grassy Terrain
|-heal|p1a: Garchomp|35/100 brn|[from] Grassy Terrain
|-damage|p1a: Garchomp|29/100 brn|[from] brn
|upkeep
|turn|16
|
|t:|1769386749
|move|p2a: Gengar|Shadow Ball|p1a: Garchomp
|-damage|p1a: Garchomp|0 fnt
|faint|p1a: Garchomp
|
|-fieldend|move: Grassy Terrain
|upkeep
|
|t:|1769386755
|switch|p1a: Zapdos|Zapdos|100/100
|turn|17
|
|t:|1769386758
|move|p2a: Gengar|Shadow Ball|p1a: Zapdos
|-damage|p1a: Zapdos|54/100
|move|p1a: Zapdos|Hurricane|p2a: Gengar
|-damage|p2a: Gengar|19/100
|-start|p1a: Zapdos|Disable|Hurricane|[from] ability: Cursed Body|[of] p2a: Gengar
|
|upkeep
|turn|18
|
|t:|1769386766
|move|p2a: Gengar|Shadow Ball|p1a: Zapdos
|-damage|p1a: Zapdos|6/100
|move|p1a: Zapdos|Roost|p1a: Zapdos
|-heal|p1a: Zapdos|56/100
|-singleturn|p1a: Zapdos|move: Roost
|
|upkeep
|turn|19
|
|t:|1769386774
|move|p2a: Gengar|Shadow Ball|p1a: Zapdos
|-damage|p1a: Zapdos|8/100
|move|p1a: Zapdos|Volt Switch|p2a: Gengar
|-damage|p2a: Gengar|0 fnt
|faint|p2a: Gengar
|
|t:|1769386782
|switch|p1a: Rillaboom|Rillaboom, M|100/100|[from] Volt Switch
|-fieldstart|move: Grassy Terrain|[from] ability: Grassy Surge|[of] p1a: Rillaboom
|
|upkeep
|
|t:|1769386785
|switch|p2a: Cinderace|Cinderace, F|82/100
|turn|20
|
|t:|1769386790
|switch|p1a: Zapdos|Zapdos|8/100
|move|p2a: Cinderace|Will-O-Wisp|p1a: Zapdos
|-status|p1a: Zapdos|brn
|
|-heal|p2a: Cinderace|88/100|[from] Grassy Terrain
|-damage|p1a: Zapdos|2/100 brn|[from] brn
|upkeep
|turn|21
|
|t:|1769386799
|move|p2a: Cinderace|Pyro Ball|p1a: Zapdos
|-damage|p1a: Zapdos|0 fnt
|faint|p1a: Zapdos
|
|-heal|p2a: Cinderace|94/100|[from] Grassy Terrain
|upkeep
|-message|Aureo forfeited.
|
|win|lolcano46
|raw|Aureo's rating: 1568 &rarr; <strong>1546</strong><br />(-22 for losing)
|raw|lolcano46's rating: 1526 &rarr; <strong>1548</strong><br />(+22 for winning)
|l|☆Aureo
|player|p1|
|l|☆lolcano46
|player|p2|
