|j|☆cycyrobotv
|j|☆dorda
|t:|1769320979
|gametype|singles
|player|p1|cycyrobotv|101|1125
|player|p2|dorda|brycenman|1109
|gen|9
|tier|[Gen 9] OU
|rated|
|rule|HP Percentage Mod: HP is shown in percentages
|rule|Endless Battle Clause: Forcing endless battles is banned
|rule|Species Clause: Limit one of each Pokémon
|rule|OHKO Clause: OHKO moves are banned
|rule|Evasion Items Clause: Evasion items are banned
|rule|Evasion Moves Clause: Evasion moves are banned
|rule|Evasion Abilities Clause: Evasion abilities are banned
|rule|Sleep Moves Clause: Sleep-inducing moves are banned
|clearpoke
|poke|p1|Yanmega, F|
|poke|p1|Moltres|
|poke|p1|Hawlucha, F|
|poke|p1|Great Tusk|
|poke|p1|Raging Bolt|
|poke|p1|Lokix, M|
|poke|p2|Hoopa-Unbound|
|poke|p2|Slowking-Galar, F|
|poke|p2|Alomomola, F|
|poke|p2|Zamazenta-*|
|poke|p2|Great Tusk|
|poke|p2|Kingambit, F|
|teampreview
|inactive|Battle timer is ON: inactive players will automatically lose when time's up. (requested by dorda)
|
|t:|1769321052
|teamsize|p1|6
|teamsize|p2|6
|start
|switch|p1a: ishmeal|Great Tusk|100/100
|switch|p2a: Great Tusk|Great Tusk|100/100
|turn|1
|
|t:|1769321070
|-end|p1a: ishmeal|Protosynthesis|[silent]
|switch|p1a: new guy|Hawlucha, F|100/100
|-end|p2a: Great Tusk|Protosynthesis|[silent]
|switch|p2a: Alomomola|Alomomola, F|100/100
|
|upkeep
|turn|2
|
|t:|1769321087
|move|p1a: new guy|Swords Dance|p1a: new guy
|-boost|p1a: new guy|atk|2
|move|p2a: Alomomola|Tickle|p1a: new guy
|-unboost|p1a: new guy|atk|1
|-unboost|p1a: new guy|def|1
|-enditem|p1a: new guy|White Herb
|-clearnegativeboost|p1a: new guy|[silent]
|
|upkeep
|turn|3
|
|t:|1769321107
|move|p1a: new guy|Close Combat|p2a: Alomomola
|-damage|p2a: Alomomola|51/100
|-unboost|p1a: new guy|def|1
|-unboost|p1a: new guy|spd|1
|move|p2a: Alomomola|Flip Turn|p1a: new guy
|-damage|p1a: new guy|63/100
|
|t:|1769321116
|switch|p2a: Slowking|Slowking-Galar, F|100/100|[from] Flip Turn
|
|upkeep
|turn|4
|
|t:|1769321132
|move|p1a: new guy|Brave Bird|p2a: Slowking
|-damage|p2a: Slowking|13/100
|-damage|p1a: new guy|25/100|[from] Recoil
|move|p2a: Slowking|Ice Beam|p1a: new guy
|-supereffective|p1a: new guy
|-damage|p1a: new guy|0 fnt
|faint|p1a: new guy
|
|upkeep
|
|t:|1769321148
|switch|p1a: the GOAT|Yanmega, F, shiny|100/100
|turn|5
|
|t:|1769321158
|switch|p2a: Alomomola|Alomomola, F|85/100
|move|p1a: the GOAT|Air Slash|p2a: Alomomola
|-damage|p2a: Alomomola|40/100
|-damage|p1a: the GOAT|91/100|[from] item: Life Orb
|
|-ability|p1a: the GOAT|Speed Boost|boost
|-boost|p1a: the GOAT|spe|1
|upkeep
|turn|6
|inactive|dorda has 120 seconds left.
|
|t:|1769321191
|move|p1a: the GOAT|Bug Buzz|p2a: Alomomola
|-damage|p2a: Alomomola|0 fnt
|faint|p2a: Alomomola
|-damage|p1a: the GOAT|81/100|[from] item: Life Orb
|
|-ability|p1a: the GOAT|Speed Boost|boost
|-boost|p1a: the GOAT|spe|1
|upkeep
|
|t:|1769321194
|switch|p2a: Slowking|Slowking-Galar, F|47/100
|turn|7
|
|t:|1769321208
|move|p1a: the GOAT|Bug Buzz|p2a: Slowking
|-damage|p2a: Slowking|13/100
|-damage|p1a: the GOAT|71/100|[from] item: Life Orb
|move|p2a: Slowking|Future Sight|p1a: the GOAT
|-start|p2a: Slowking|move: Future Sight
|
|-ability|p1a: the GOAT|Speed Boost|boost
|-boost|p1a: the GOAT|spe|1
|upkeep
|turn|8
|
|t:|1769321218
|switch|p2a: Zamazenta|Zamazenta|100/100
|-ability|p2a: Zamazenta|Dauntless Shield|boost
|-boost|p2a: Zamazenta|def|1
|move|p1a: the GOAT|Air Slash|p2a: Zamazenta
|-supereffective|p2a: Zamazenta
|-damage|p2a: Zamazenta|17/100
|-damage|p1a: the GOAT|61/100|[from] item: Life Orb
|
|-heal|p2a: Zamazenta|23/100|[from] item: Leftovers
|-ability|p1a: the GOAT|Speed Boost|boost
|-boost|p1a: the GOAT|spe|1
|upkeep
|turn|9
|
|t:|1769321232
|move|p1a: the GOAT|Protect|p1a: the GOAT
|-singleturn|p1a: the GOAT|Protect
|move|p2a: Zamazenta|Crunch|p1a: the GOAT
|-activate|p1a: the GOAT|move: Protect
|
|-end|p1a: the GOAT|move: Future Sight
|-damage|p1a: the GOAT|0 fnt
|faint|p1a: the GOAT
|-heal|p2a: Zamazenta|29/100|[from] item: Leftovers
|upkeep
|c|☆cycyrobotv|oh
|c|☆cycyrobotv|uh
|c|☆cycyrobotv|fuck
|c|☆cycyrobotv|i didnt know that one
|c|☆cycyrobotv|i felt clever bruh
|inactive|cycyrobotv has 120 seconds left.
|
|t:|1769321263
|switch|p1a: flamin wings|Moltres|100/100
|turn|10
|inactive|dorda has 120 seconds left.
|c|☆dorda|honestly i forgot about that interaction too lol
|
|t:|1769321302
|move|p1a: flamin wings|Flamethrower|p2a: Zamazenta
|-damage|p2a: Zamazenta|0 fnt
|faint|p2a: Zamazenta
|
|upkeep
|
|t:|1769321311
|switch|p2a: Slowking|Slowking-Galar, F|46/100
|turn|11
|inactive|dorda has 120 seconds left.
|c|☆cycyrobotv|no its cause ur HACKING!!!!!
|c|☆cycyrobotv|mods ban
|
|t:|1769321334
|move|p1a: flamin wings|Flamethrower|p2a: Slowking
|-damage|p2a: Slowking|18/100
|-status|p2a: Slowking|brn
|-prepare|p2a: Slowking|Chilly Reception|[premajor]
|move|p2a: Slowking|Chilly Reception|p2a: Slowking
|-weather|Snowscape
|inactive|dorda has 120 seconds left.
|c|☆dorda|lol
|
|t:|1769321345
|switch|p2a: Hoopa|Hoopa-Unbound|100/100|[from] Chilly Reception
|
|-weather|Snowscape|[upkeep]
|upkeep
|turn|12
|inactive|dorda has 120 seconds left.
|inactive|cycyrobotv has 120 seconds left.
|
|t:|1769321379
|move|p2a: Hoopa|Hyperspace Fury|p1a: flamin wings
|-damage|p1a: flamin wings|6/100
|-unboost|p2a: Hoopa|def|1
|move|p1a: flamin wings|U-turn|p2a: Hoopa
|-supereffective|p2a: Hoopa
|-damage|p2a: Hoopa|0 fnt
|faint|p2a: Hoopa
|c|☆cycyrobotv|flamin wings my goat <3
|
|t:|1769321396
|switch|p1a: call it|Raging Bolt|100/100|[from] U-turn
|-enditem|p1a: call it|Booster Energy
|-activate|p1a: call it|ability: Protosynthesis|[fromitem]
|-start|p1a: call it|protosynthesisspa
|
|-weather|Snowscape|[upkeep]
|upkeep
|
|t:|1769321408
|switch|p2a: Great Tusk|Great Tusk|100/100
|turn|13
|inactive|cycyrobotv has 90 seconds left.
|
|t:|1769321453
|-end|p1a: call it|Protosynthesis|[silent]
|switch|p1a: flamin wings|Moltres|6/100
|move|p2a: Great Tusk|Headlong Rush|p1a: flamin wings
|-immune|p1a: flamin wings
|
|-weather|Snowscape|[upkeep]
|upkeep
|turn|14
|inactive|dorda has 120 seconds left.
|
|t:|1769321463
|move|p2a: Great Tusk|Ice Spinner|p1a: flamin wings
|-damage|p1a: flamin wings|0 fnt
|faint|p1a: flamin wings
|
|-weather|Snowscape|[upkeep]
|upkeep
|c|☆dorda|no burn
|c|☆dorda|that was a hack, too
|inactive|cycyrobotv has 60 seconds left.
|c|☆cycyrobotv|fr
|
|t:|1769321503
|switch|p1a: ishmeal|Great Tusk|100/100
|turn|15
|inactive|dorda has 120 seconds left.
|
|t:|1769321528
|move|p2a: Great Tusk|Ice Spinner|p1a: ishmeal
|-supereffective|p1a: ishmeal
|-damage|p1a: ishmeal|58/100
|move|p1a: ishmeal|Ice Spinner|p2a: Great Tusk
|-supereffective|p2a: Great Tusk
|-damage|p2a: Great Tusk|56/100
|
|-weather|none
|upkeep
|turn|16
|inactive|cycyrobotv has 60 seconds left.
|c|☆cycyrobotv|nah id win
|
|t:|1769321548
|move|p1a: ishmeal|Rapid Spin|p2a: Great Tusk
|-damage|p2a: Great Tusk|43/100
|-boost|p1a: ishmeal|spe|1
|move|p2a: Great Tusk|Ice Spinner|p1a: ishmeal
|-supereffective|p1a: ishmeal
|-damage|p1a: ishmeal|14/100
|
|upkeep
|turn|17
|inactive|dorda has 120 seconds left.
|
|t:|1769321568
|-terastallize|p2a: Great Tusk|Steel
|move|p1a: ishmeal|Ice Spinner|p2a: Great Tusk
|-resisted|p2a: Great Tusk
|-damage|p2a: Great Tusk|33/100
|move|p2a: Great Tusk|Ice Spinner|p1a: ishmeal
|-supereffective|p1a: ishmeal
|-damage|p1a: ishmeal|0 fnt
|faint|p1a: ishmeal
|-end|p1a: ishmeal|Protosynthesis|[silent]
|
|upkeep
|c|☆cycyrobotv|strongest tusk of today vs strongest tusk of history
|inactive|cycyrobotv has 60 seconds left.
|
|t:|1769321576
|switch|p1a: the dark knight|Lokix, M|100/100
|turn|18
|c|☆dorda|which is which
|c|☆cycyrobotv|idk
|c|☆dorda|oh
|
|t:|1769321588
|move|p1a: the dark knight|Knock Off|p2a: Great Tusk
|-damage|p2a: Great Tusk|0 fnt
|-enditem|p2a: Great Tusk|Heavy-Duty Boots|[from] move: Knock Off|[of] p1a: the dark knight
|faint|p2a: Great Tusk
|-end|p2a: Great Tusk|Protosynthesis|[silent]
|-damage|p1a: the dark knight|91/100|[from] item: Life Orb
|
|upkeep
|
|t:|1769321613
|switch|p2a: Kingambit|Kingambit, F|100/100
|-activate|p2a: Kingambit|ability: Supreme Overlord
|-start|p2a: Kingambit|fallen4|[silent]
|turn|19
|c|☆cycyrobotv|the dark knight will bring JUSTICE
|c|☆cycyrobotv|ah hell nah
|
|t:|1769321623
|move|p1a: the dark knight|Axe Kick|p2a: Kingambit
|-supereffective|p2a: Kingambit
|-damage|p2a: Kingambit|0 fnt
|faint|p2a: Kingambit
|-end|p2a: Kingambit|fallen4|[silent]
|-damage|p1a: the dark knight|81/100|[from] item: Life Orb
|
|upkeep
|c|☆cycyrobotv|call it
|c|☆cycyrobotv|i CALLED IT
|c|☆dorda|fuck
|c|☆dorda|axe kick
|c|☆dorda|crazy
|c|☆dorda|gg
|c|☆cycyrobotv|NO SWORDS DANCE IN MY HOUSE
|c|☆cycyrobotv|gg
|inactive|dorda has 90 seconds left.
|
|t:|1769321635
|switch|p2a: Slowking|Slowking-Galar, F|52/100 brn
|turn|20
|
|t:|1769321638
|move|p1a: the dark knight|Knock Off|p2a: Slowking
|-supereffective|p2a: Slowking
|-damage|p2a: Slowking|0 fnt
|-enditem|p2a: Slowking|Heavy-Duty Boots|[from] move: Knock Off|[of] p1a: the dark knight
|faint|p2a: Slowking
|-damage|p1a: the dark knight|71/100|[from] item: Life Orb
|
|win|cycyrobotv
|raw|cycyrobotv's rating: 1125 &rarr; <strong>1149</strong><br />(+24 for winning)
|raw|dorda's rating: 1109 &rarr; <strong>1085</strong><br />(-24 for losing)
|c|☆cycyrobotv|ur hacks werent enough ig
|c|☆dorda|i'll hack harder next time
|c|☆cycyrobotv|get aimbot next time trust
|c|☆dorda|your lokix is gonna get tera ice
|c|☆cycyrobotv|gulp
|c|☆dorda|tera ice bubble beam
|c|☆cycyrobotv|gullllp
|c|☆dorda|gg
|c|☆dorda|i would add you but i made this accoutn yesterday so
|c|☆dorda|maybe i'll see you around
|c|☆cycyrobotv|kk byeee
|c|☆cycyrobotv|i hope i fight u again fr
|l|☆cycyrobotv
|player|p1|
