|j|☆the tay
|j|☆Meliodassgr
|t:|1769414004
|gametype|singles
|player|p1|the tay|raihan-masters|1363
|player|p2|Meliodassgr|unknown|1426
|gen|9
|tier|[Gen 9] OU
|rated|
|rule|HP Percentage Mod: HP is shown in percentages
|rule|Endless Battle Clause: Forcing endless battles is banned
|rule|Species Clause: Limit one of each Pokémon
|rule|OHKO Clause: OHKO moves are banned
|rule|Evasion Items Clause: Evasion items are banned
|rule|Evasion Moves Clause: Evasion moves are banned
|rule|Evasion Abilities Clause: Evasion abilities are banned
|rule|Sleep Moves Clause: Sleep-inducing moves are banned
|clearpoke
|poke|p1|Iron Hands|
|poke|p1|Zamazenta-*|
|poke|p1|Lokix, M|
|poke|p1|Iron Moth|
|poke|p1|Ogerpon-Wellspring, F|
|poke|p1|Zoroark, F|
|poke|p2|Clodsire, F|
|poke|p2|Ogerpon-Wellspring, F|
|poke|p2|Forretress, F|
|poke|p2|Meowscarada, M|
|poke|p2|Dragapult, M|
|poke|p2|Kingambit, M|
|teampreview
|inactive|Battle timer is ON: inactive players will automatically lose when time's up. (requested by Meliodassgr)
|inactive|the tay has 120 seconds left.
|
|t:|1769414050
|teamsize|p1|6
|teamsize|p2|6
|start
|switch|p1a: Iron Hands|Iron Hands|100/100
|switch|p2a: Clodsire|Clodsire, F|100/100
|-enditem|p1a: Iron Hands|Booster Energy
|-activate|p1a: Iron Hands|ability: Quark Drive|[fromitem]
|-start|p1a: Iron Hands|quarkdriveatk
|turn|1
|
|t:|1769414061
|move|p1a: Iron Hands|Swords Dance|p1a: Iron Hands
|-boost|p1a: Iron Hands|atk|2
|move|p2a: Clodsire|Toxic|p1a: Iron Hands
|-status|p1a: Iron Hands|tox
|
|-damage|p1a: Iron Hands|94/100 tox|[from] psn
|upkeep
|turn|2
|
|t:|1769414064
|move|p1a: Iron Hands|Earthquake|p2a: Clodsire
|-supereffective|p2a: Clodsire
|-damage|p2a: Clodsire|0 fnt
|faint|p2a: Clodsire
|
|-damage|p1a: Iron Hands|82/100 tox|[from] psn
|upkeep
|
|t:|1769414075
|switch|p2a: Forretress|Forretress, F|100/100
|turn|3
|inactive|the tay has 120 seconds left.
|
|t:|1769414108
|move|p1a: Iron Hands|Drain Punch|p2a: Forretress
|-damage|p2a: Forretress|39/100
|-heal|p1a: Iron Hands|100/100 tox|[from] drain|[of] p2a: Forretress
|move|p2a: Forretress|Spikes|p1a: Iron Hands
|-sidestart|p1: the tay|Spikes
|
|-heal|p2a: Forretress|46/100|[from] item: Leftovers
|-damage|p1a: Iron Hands|82/100 tox|[from] psn
|upkeep
|turn|4
|inactive|the tay has 120 seconds left.
|
|t:|1769414128
|move|p1a: Iron Hands|Drain Punch|p2a: Forretress
|-damage|p2a: Forretress|0 fnt
|-heal|p1a: Iron Hands|98/100 tox|[from] drain|[of] p2a: Forretress
|faint|p2a: Forretress
|
|-damage|p1a: Iron Hands|74/100 tox|[from] psn
|upkeep
|
|t:|1769414137
|switch|p2a: Dragapult|Dragapult, M|100/100
|turn|5
|
|t:|1769414146
|move|p2a: Dragapult|Hex|p1a: Iron Hands
|-damage|p1a: Iron Hands|34/100 tox
|move|p1a: Iron Hands|Earthquake|p2a: Dragapult
|-damage|p2a: Dragapult|0 fnt
|faint|p2a: Dragapult
|
|-damage|p1a: Iron Hands|4/100 tox|[from] psn
|upkeep
|
|t:|1769414159
|switch|p2a: Meowscarada|Meowscarada, M|100/100
|turn|6
|
|t:|1769414162
|move|p2a: Meowscarada|Flower Trick|p1a: Iron Hands
|-start|p2a: Meowscarada|typechange|Grass|[from] ability: Protean
|-crit|p1a: Iron Hands
|-damage|p1a: Iron Hands|0 fnt
|faint|p1a: Iron Hands
|-end|p1a: Iron Hands|Quark Drive|[silent]
|
|upkeep
|
|t:|1769414182
|switch|p1a: Iron Moth|Iron Moth|100/100
|-damage|p1a: Iron Moth|88/100|[from] Spikes
|-enditem|p1a: Iron Moth|Booster Energy
|-activate|p1a: Iron Moth|ability: Quark Drive|[fromitem]
|-start|p1a: Iron Moth|quarkdrivespe
|turn|7
|
|t:|1769414192
|move|p2a: Meowscarada|Flower Trick|p1a: Iron Moth
|-resisted|p1a: Iron Moth
|-crit|p1a: Iron Moth
|-damage|p1a: Iron Moth|68/100
|move|p1a: Iron Moth|Fiery Dance|p2a: Meowscarada
|-supereffective|p2a: Meowscarada
|-damage|p2a: Meowscarada|0 fnt
|-boost|p1a: Iron Moth|spa|1
|faint|p2a: Meowscarada
|
|upkeep
|
|t:|1769414198
|switch|p2a: Kingambit|Kingambit, M|100/100
|-activate|p2a: Kingambit|ability: Supreme Overlord
|-start|p2a: Kingambit|fallen4|[silent]
|turn|8
|
|t:|1769414207
|move|p2a: Kingambit|Sucker Punch|p1a: Iron Moth
|-damage|p1a: Iron Moth|0 fnt
|faint|p1a: Iron Moth
|-end|p1a: Iron Moth|Quark Drive|[silent]
|
|upkeep
|
|t:|1769414216
|switch|p1a: Ogerpon|Ogerpon-Wellspring, F|100/100
|-damage|p1a: Ogerpon|88/100|[from] Spikes
|turn|9
|
|t:|1769414228
|move|p1a: Ogerpon|Focus Blast|p2a: Kingambit
|-supereffective|p2a: Kingambit
|-damage|p2a: Kingambit|0 fnt
|faint|p2a: Kingambit
|-end|p2a: Kingambit|fallen4|[silent]
|
|upkeep
|
|t:|1769414230
|switch|p2a: Ogerpon|Ogerpon-Wellspring, F|100/100
|turn|10
|
|t:|1769414235
|move|p2a: Ogerpon|Swords Dance|p2a: Ogerpon
|-boost|p2a: Ogerpon|atk|2
|move|p1a: Ogerpon|Dark Pulse|p2a: Ogerpon
|-damage|p2a: Ogerpon|57/100
|
|upkeep
|turn|11
|
|t:|1769414243
|move|p2a: Ogerpon|Horn Leech|p1a: Ogerpon
|-damage|p1a: Ogerpon|0 fnt
|-heal|p2a: Ogerpon|96/100|[from] drain|[of] p1a: Ogerpon
|replace|p1a: Zoroark|Zoroark, F
|-end|p1a: Zoroark|Illusion
|faint|p1a: Zoroark
|
|upkeep
|
|t:|1769414260
|switch|p1a: Zamazenta|Zamazenta|100/100
|-damage|p1a: Zamazenta|88/100|[from] Spikes
|-ability|p1a: Zamazenta|Dauntless Shield|boost
|-boost|p1a: Zamazenta|def|1
|turn|12
|
|t:|1769414277
|-terastallize|p2a: Ogerpon|Water
|detailschange|p2a: Ogerpon|Ogerpon-Wellspring-Tera, F, tera:Water
|-ability|p2a: Ogerpon|Embody Aspect (Wellspring)|boost
|-boost|p2a: Ogerpon|spd|1
|move|p1a: Zamazenta|Body Press|p2a: Ogerpon
|-damage|p2a: Ogerpon|35/100
|move|p2a: Ogerpon|Horn Leech|p1a: Zamazenta
|-damage|p1a: Zamazenta|40/100
|-heal|p2a: Ogerpon|66/100|[from] drain|[of] p1a: Zamazenta
|
|-heal|p1a: Zamazenta|46/100|[from] item: Leftovers
|upkeep
|turn|13
|
|t:|1769414288
|move|p1a: Zamazenta|Iron Defense|p1a: Zamazenta
|-boost|p1a: Zamazenta|def|2
|move|p2a: Ogerpon|Horn Leech|p1a: Zamazenta
|-damage|p1a: Zamazenta|20/100
|-heal|p2a: Ogerpon|84/100|[from] drain|[of] p1a: Zamazenta
|
|-heal|p1a: Zamazenta|26/100|[from] item: Leftovers
|upkeep
|turn|14
|
|t:|1769414294
|move|p1a: Zamazenta|Body Press|p2a: Ogerpon
|-damage|p2a: Ogerpon|0 fnt
|faint|p2a: Ogerpon
|detailschange|p2: Ogerpon|Ogerpon-Wellspring, F|[silent]
|
|win|the tay
|raw|the tay's rating: 1363 &rarr; <strong>1387</strong><br />(+24 for winning)
|raw|Meliodassgr's rating: 1426 &rarr; <strong>1402</strong><br />(-24 for losing)
|l|☆Meliodassgr
|player|p2|
|l|☆the tay
|player|p1|
