|j|☆boomynote
|j|☆methiant
|t:|1769319265
|gametype|singles
|player|p1|boomynote|1|1179
|player|p2|methiant|265|1206
|gen|9
|tier|[Gen 9] OU
|rated|
|rule|HP Percentage Mod: HP is shown in percentages
|rule|Endless Battle Clause: Forcing endless battles is banned
|rule|Species Clause: Limit one of each Pokémon
|rule|OHKO Clause: OHKO moves are banned
|rule|Evasion Items Clause: Evasion items are banned
|rule|Evasion Moves Clause: Evasion moves are banned
|rule|Evasion Abilities Clause: Evasion abilities are banned
|rule|Sleep Moves Clause: Sleep-inducing moves are banned
|clearpoke
|poke|p1|Serperior, F|
|poke|p1|Skarmory, F|
|poke|p1|Ditto|
|poke|p1|Ribombee, F|
|poke|p1|Azumarill, M|
|poke|p1|Pelipper, M|
|poke|p2|Suicune|
|poke|p2|Corviknight, F|
|poke|p2|Hydrapple, M|
|poke|p2|Salamence, M|
|poke|p2|Samurott-Hisui, M|
|poke|p2|Landorus-Therian, M|
|teampreview
|inactive|Battle timer is ON: inactive players will automatically lose when time's up. (requested by methiant)
|
|t:|1769319292
|teamsize|p1|6
|teamsize|p2|6
|start
|switch|p1a: Skarmory|Skarmory, F|100/100
|switch|p2a: Hydrapple|Hydrapple, M|100/100
|turn|1
|
|t:|1769319308
|switch|p2a: Salamence|Salamence, M|100/100
|-ability|p2a: Salamence|Intimidate|boost
|-unboost|p1a: Skarmory|atk|1
|move|p1a: Skarmory|Stealth Rock|p2a: Salamence
|-sidestart|p2: methiant|move: Stealth Rock
|
|upkeep
|turn|2
|
|t:|1769319311
|move|p2a: Salamence|Flamethrower|p1a: Skarmory
|-supereffective|p1a: Skarmory
|-damage|p1a: Skarmory|30/100
|-status|p1a: Skarmory|brn
|move|p1a: Skarmory|Whirlwind|p2a: Salamence
|drag|p2a: Suicune|Suicune|100/100
|-damage|p2a: Suicune|88/100|[from] Stealth Rock
|-ability|p2a: Suicune|Pressure
|
|-heal|p2a: Suicune|94/100|[from] item: Leftovers
|-heal|p1a: Skarmory|36/100 brn|[from] item: Leftovers
|-damage|p1a: Skarmory|30/100 brn|[from] brn
|upkeep
|turn|3
|
|t:|1769319320
|move|p2a: Suicune|Scald|p1a: Skarmory
|-damage|p1a: Skarmory|0 fnt
|faint|p1a: Skarmory
|
|-heal|p2a: Suicune|100/100|[from] item: Leftovers
|upkeep
|
|t:|1769319325
|switch|p1a: Serperior|Serperior, F|100/100
|turn|4
|
|t:|1769319334
|switch|p2a: Salamence|Salamence, M|100/100
|-damage|p2a: Salamence|76/100|[from] Stealth Rock
|-ability|p2a: Salamence|Intimidate|boost
|-boost|p1a: Serperior|atk|1
|move|p1a: Serperior|Glare|p2a: Salamence
|-status|p2a: Salamence|par
|
|-heal|p2a: Salamence|82/100 par|[from] item: Leftovers
|upkeep
|turn|5
|
|t:|1769319344
|switch|p1a: Pelipper|Pelipper, M|100/100
|-weather|RainDance|[from] ability: Drizzle|[of] p1a: Pelipper
|move|p2a: Salamence|Flamethrower|p1a: Pelipper
|-resisted|p1a: Pelipper
|-damage|p1a: Pelipper|88/100
|
|-weather|RainDance|[upkeep]
|-heal|p2a: Salamence|88/100 par|[from] item: Leftovers
|upkeep
|turn|6
|
|t:|1769319351
|move|p1a: Pelipper|Ice Beam|p2a: Salamence
|-supereffective|p2a: Salamence
|-damage|p2a: Salamence|0 fnt
|faint|p2a: Salamence
|
|-weather|RainDance|[upkeep]
|upkeep
|
|t:|1769319359
|switch|p2a: Samurott|Samurott-Hisui, M|100/100
|-damage|p2a: Samurott|88/100|[from] Stealth Rock
|turn|7
|
|t:|1769319367
|switch|p1a: Serperior|Serperior, F|100/100
|move|p2a: Samurott|Ceaseless Edge|p1a: Serperior|[miss]
|-miss|p2a: Samurott|p1a: Serperior
|
|-weather|RainDance|[upkeep]
|upkeep
|turn|8
|
|t:|1769319379
|switch|p2a: Hydrapple|Hydrapple, M|100/100
|-damage|p2a: Hydrapple|88/100|[from] Stealth Rock
|move|p1a: Serperior|Leaf Storm|p2a: Hydrapple
|-resisted|p2a: Hydrapple
|-damage|p2a: Hydrapple|79/100
|-boost|p1a: Serperior|spa|2
|
|-weather|RainDance|[upkeep]
|-heal|p2a: Hydrapple|85/100|[from] item: Leftovers
|upkeep
|turn|9
|
|t:|1769319388
|move|p1a: Serperior|Glare|p2a: Hydrapple
|-status|p2a: Hydrapple|par
|move|p2a: Hydrapple|Draco Meteor|p1a: Serperior
|-damage|p1a: Serperior|48/100
|-unboost|p2a: Hydrapple|spa|2
|
|-weather|none
|-heal|p1a: Serperior|54/100|[from] item: Leftovers
|-heal|p2a: Hydrapple|91/100 par|[from] item: Leftovers
|upkeep
|turn|10
|
|t:|1769319401
|move|p1a: Serperior|Substitute|p1a: Serperior
|-start|p1a: Serperior|Substitute
|-damage|p1a: Serperior|29/100
|move|p2a: Hydrapple|Fickle Beam|p1a: Serperior
|-activate|p1a: Serperior|move: Substitute|[damage]
|
|-heal|p1a: Serperior|35/100|[from] item: Leftovers
|-heal|p2a: Hydrapple|98/100 par|[from] item: Leftovers
|upkeep
|turn|11
|
|t:|1769319422
|switch|p2a: Corviknight|Corviknight, F|100/100
|-damage|p2a: Corviknight|88/100|[from] Stealth Rock
|-ability|p2a: Corviknight|Pressure
|move|p1a: Serperior|Leaf Storm|p2a: Corviknight
|-resisted|p2a: Corviknight
|-damage|p2a: Corviknight|72/100
|-boost|p1a: Serperior|spa|2
|
|-heal|p1a: Serperior|41/100|[from] item: Leftovers
|-heal|p2a: Corviknight|78/100|[from] item: Leftovers
|upkeep
|turn|12
|
|t:|1769319428
|move|p1a: Serperior|Glare|p2a: Corviknight
|-status|p2a: Corviknight|par
|move|p2a: Corviknight|U-turn|p1a: Serperior
|-supereffective|p1a: Serperior
|-end|p1a: Serperior|Substitute
|
|t:|1769319433
|switch|p2a: Landorus|Landorus-Therian, M|100/100|[from] U-turn
|-damage|p2a: Landorus|88/100|[from] Stealth Rock
|-ability|p2a: Landorus|Intimidate|boost
|-boost|p1a: Serperior|atk|1
|
|-heal|p1a: Serperior|48/100|[from] item: Leftovers
|upkeep
|turn|13
|
|t:|1769319440
|move|p2a: Landorus|Sludge Bomb|p1a: Serperior
|-supereffective|p1a: Serperior
|-damage|p1a: Serperior|0 fnt
|faint|p1a: Serperior
|
|upkeep
|
|t:|1769319455
|switch|p1a: Ribombee|Ribombee, F|100/100
|turn|14
|
|t:|1769319461
|switch|p2a: Corviknight|Corviknight, F|78/100 par
|-damage|p2a: Corviknight|65/100 par|[from] Stealth Rock
|-ability|p2a: Corviknight|Pressure
|move|p1a: Ribombee|Tailwind|p1a: Ribombee
|-sidestart|p1: boomynote|move: Tailwind
|
|-heal|p2a: Corviknight|72/100 par|[from] item: Leftovers
|upkeep
|turn|15
|
|t:|1769319470
|move|p1a: Ribombee|Reflect|p1a: Ribombee
|-sidestart|p1: boomynote|Reflect
|move|p2a: Corviknight|Body Press|p1a: Ribombee
|-resisted|p1a: Ribombee
|-damage|p1a: Ribombee|95/100
|
|-heal|p2a: Corviknight|78/100 par|[from] item: Leftovers
|upkeep
|turn|16
|
|t:|1769319478
|move|p1a: Ribombee|Sticky Web|p2a: Corviknight
|-sidestart|p2: methiant|move: Sticky Web
|move|p2a: Corviknight|Body Press|p1a: Ribombee
|-resisted|p1a: Ribombee
|-damage|p1a: Ribombee|90/100
|
|-heal|p2a: Corviknight|84/100 par|[from] item: Leftovers
|upkeep
|turn|17
|
|t:|1769319485
|move|p1a: Ribombee|Light Screen|p1a: Ribombee
|-sidestart|p1: boomynote|move: Light Screen
|cant|p2a: Corviknight|par
|
|-heal|p2a: Corviknight|90/100 par|[from] item: Leftovers
|-sideend|p1: boomynote|move: Tailwind
|upkeep
|turn|18
|
|t:|1769319496
|switch|p1a: Ditto|Ditto|100/100
|-transform|p1a: Ditto|p2a: Corviknight|[from] ability: Imposter
|-ability|p1a: Ditto|Pressure
|move|p2a: Corviknight|U-turn|p1a: Ditto
|-resisted|p1a: Ditto
|-damage|p1a: Ditto|99/100
|
|t:|1769319505
|switch|p2a: Suicune|Suicune|100/100|[from] U-turn
|-damage|p2a: Suicune|88/100|[from] Stealth Rock
|-activate|p2a: Suicune|move: Sticky Web
|-unboost|p2a: Suicune|spe|1
|-ability|p2a: Suicune|Pressure
|
|-heal|p2a: Suicune|94/100|[from] item: Leftovers
|upkeep
|turn|19
|
|t:|1769319515
|move|p1a: Ditto|Bulk Up|p1a: Ditto
|-boost|p1a: Ditto|atk|1
|-boost|p1a: Ditto|def|1
|move|p2a: Suicune|Calm Mind|p2a: Suicune
|-boost|p2a: Suicune|spa|1
|-boost|p2a: Suicune|spd|1
|
|-heal|p2a: Suicune|100/100|[from] item: Leftovers
|upkeep
|turn|20
|
|t:|1769319523
|move|p1a: Ditto|Bulk Up|p1a: Ditto
|-boost|p1a: Ditto|atk|1
|-boost|p1a: Ditto|def|1
|move|p2a: Suicune|Substitute|p2a: Suicune
|-start|p2a: Suicune|Substitute
|-damage|p2a: Suicune|75/100
|
|-heal|p2a: Suicune|82/100|[from] item: Leftovers
|upkeep
|turn|21
|
|t:|1769319531
|move|p1a: Ditto|Body Press|p2a: Suicune
|-end|p2a: Suicune|Substitute
|move|p2a: Suicune|Calm Mind|p2a: Suicune
|-boost|p2a: Suicune|spa|1
|-boost|p2a: Suicune|spd|1
|
|-heal|p2a: Suicune|88/100|[from] item: Leftovers
|upkeep
|turn|22
|
|t:|1769319536
|move|p2a: Suicune|Protect|p2a: Suicune
|-singleturn|p2a: Suicune|Protect
|move|p1a: Ditto|Body Press|p2a: Suicune
|-activate|p2a: Suicune|move: Protect
|
|-heal|p2a: Suicune|94/100|[from] item: Leftovers
|-sideend|p1: boomynote|Reflect
|upkeep
|turn|23
|
|t:|1769319539
|move|p1a: Ditto|Body Press|p2a: Suicune
|-damage|p2a: Suicune|55/100
|move|p2a: Suicune|Scald|p1a: Ditto
|-damage|p1a: Ditto|64/100
|-status|p1a: Ditto|brn
|
|-heal|p2a: Suicune|61/100|[from] item: Leftovers
|-damage|p1a: Ditto|58/100 brn|[from] brn
|upkeep
|turn|24
|
|t:|1769319543
|move|p2a: Suicune|Protect|p2a: Suicune
|-singleturn|p2a: Suicune|Protect
|move|p1a: Ditto|Bulk Up|p1a: Ditto
|-boost|p1a: Ditto|atk|1
|-boost|p1a: Ditto|def|1
|
|-heal|p2a: Suicune|67/100|[from] item: Leftovers
|-damage|p1a: Ditto|52/100 brn|[from] brn
|-sideend|p1: boomynote|move: Light Screen
|upkeep
|turn|25
|
|t:|1769319552
|move|p1a: Ditto|Roost|p1a: Ditto
|-heal|p1a: Ditto|100/100 brn
|-singleturn|p1a: Ditto|move: Roost
|move|p2a: Suicune|Scald|p1a: Ditto
|-damage|p1a: Ditto|34/100 brn
|
|-heal|p2a: Suicune|73/100|[from] item: Leftovers
|-damage|p1a: Ditto|28/100 brn|[from] brn
|upkeep
|turn|26
|
|t:|1769319555
|move|p1a: Ditto|U-turn|p2a: Suicune
|-damage|p2a: Suicune|60/100
|
|t:|1769319559
|switch|p1a: Ribombee|Ribombee, F|90/100|[from] U-turn
|move|p2a: Suicune|Scald|p1a: Ribombee
|-damage|p1a: Ribombee|20/100
|
|-heal|p2a: Suicune|66/100|[from] item: Leftovers
|upkeep
|turn|27
|
|t:|1769319565
|switch|p2a: Corviknight|Corviknight, F|90/100 par
|-damage|p2a: Corviknight|78/100 par|[from] Stealth Rock
|-ability|p2a: Corviknight|Pressure
|move|p1a: Ribombee|Light Screen|p1a: Ribombee
|-sidestart|p1: boomynote|move: Light Screen
|
|-heal|p2a: Corviknight|84/100 par|[from] item: Leftovers
|upkeep
|turn|28
|
|t:|1769319570
|move|p1a: Ribombee|Reflect|p1a: Ribombee
|-sidestart|p1: boomynote|Reflect
|cant|p2a: Corviknight|par
|
|-heal|p2a: Corviknight|90/100 par|[from] item: Leftovers
|upkeep
|turn|29
|
|t:|1769319574
|switch|p1a: Pelipper|Pelipper, M|88/100
|-weather|RainDance|[from] ability: Drizzle|[of] p1a: Pelipper
|move|p2a: Corviknight|Body Press|p1a: Pelipper
|-resisted|p1a: Pelipper
|-damage|p1a: Pelipper|80/100
|
|-weather|RainDance|[upkeep]
|-heal|p2a: Corviknight|97/100 par|[from] item: Leftovers
|upkeep
|turn|30
|
|t:|1769319588
|move|p1a: Pelipper|Weather Ball|p2a: Corviknight
|-damage|p2a: Corviknight|0 fnt
|faint|p2a: Corviknight
|
|-weather|RainDance|[upkeep]
|upkeep
|
|t:|1769319592
|switch|p2a: Hydrapple|Hydrapple, M|100/100 par
|-damage|p2a: Hydrapple|88/100 par|[from] Stealth Rock
|-activate|p2a: Hydrapple|move: Sticky Web
|-unboost|p2a: Hydrapple|spe|1
|turn|31
|
|t:|1769319598
|switch|p1a: Ribombee|Ribombee, F|20/100
|-terastallize|p2a: Hydrapple|Fairy
|move|p2a: Hydrapple|Nasty Plot|p2a: Hydrapple
|-boost|p2a: Hydrapple|spa|2
|
|-weather|RainDance|[upkeep]
|-heal|p2a: Hydrapple|94/100 par|[from] item: Leftovers
|upkeep
|turn|32
|
|t:|1769319605
|move|p1a: Ribombee|Tailwind|p1a: Ribombee
|-sidestart|p1: boomynote|move: Tailwind
|cant|p2a: Hydrapple|par
|
|-weather|RainDance|[upkeep]
|-heal|p2a: Hydrapple|100/100 par|[from] item: Leftovers
|upkeep
|turn|33
|
|t:|1769319614
|switch|p1a: Pelipper|Pelipper, M|80/100
|move|p2a: Hydrapple|Leaf Storm|p1a: Pelipper
|-damage|p1a: Pelipper|0 fnt
|-unboost|p2a: Hydrapple|spa|2
|faint|p1a: Pelipper
|
|-weather|none
|upkeep
|
|t:|1769319628
|switch|p1a: Ditto|Ditto|28/100 brn
|-transform|p1a: Ditto|p2a: Hydrapple|[from] ability: Imposter
|-start|p1a: Ditto|typechange|Grass/Dragon|[silent]
|turn|34
|
|t:|1769319646
|move|p1a: Ditto|Leaf Storm|p2a: Hydrapple
|-damage|p2a: Hydrapple|46/100 par
|-unboost|p1a: Ditto|spa|2
|move|p2a: Hydrapple|Fickle Beam|p1a: Ditto|[anim] Fickle Beam All Out
|-activate|p2a: Hydrapple|move: Fickle Beam
|-supereffective|p1a: Ditto
|-damage|p1a: Ditto|0 fnt
|faint|p1a: Ditto
|
|-heal|p2a: Hydrapple|52/100 par|[from] item: Leftovers
|-sideend|p1: boomynote|move: Light Screen
|upkeep
|
|t:|1769319652
|switch|p1a: Ribombee|Ribombee, F|20/100
|turn|35
|
|t:|1769319660
|move|p1a: Ribombee|Light Screen|p1a: Ribombee
|-sidestart|p1: boomynote|move: Light Screen
|cant|p2a: Hydrapple|par
|
|-heal|p2a: Hydrapple|58/100 par|[from] item: Leftovers
|-sideend|p1: boomynote|Reflect
|-sideend|p1: boomynote|move: Tailwind
|upkeep
|turn|36
|
|t:|1769319670
|move|p1a: Ribombee|Tailwind|p1a: Ribombee
|-sidestart|p1: boomynote|move: Tailwind
|move|p2a: Hydrapple|Nasty Plot|p2a: Hydrapple
|-boost|p2a: Hydrapple|spa|2
|
|-heal|p2a: Hydrapple|64/100 par|[from] item: Leftovers
|upkeep
|turn|37
|
|t:|1769319675
|switch|p1a: Azumarill|Azumarill, M|100/100
|move|p2a: Hydrapple|Nasty Plot|p2a: Hydrapple
|-boost|p2a: Hydrapple|spa|2
|
|-heal|p2a: Hydrapple|71/100 par|[from] item: Leftovers
|upkeep
|turn|38
|
|t:|1769319678
|move|p1a: Azumarill|Belly Drum|p1a: Azumarill
|-damage|p1a: Azumarill|50/100
|-setboost|p1a: Azumarill|atk|6|[from] move: Belly Drum
|cant|p2a: Hydrapple|par
|
|-heal|p2a: Hydrapple|77/100 par|[from] item: Leftovers
|upkeep
|turn|39
|
|t:|1769319687
|move|p1a: Azumarill|Aqua Jet|p2a: Hydrapple
|-crit|p2a: Hydrapple
|-damage|p2a: Hydrapple|0 fnt
|faint|p2a: Hydrapple
|
|-sideend|p1: boomynote|move: Tailwind
|upkeep
|
|t:|1769319691
|switch|p2a: Suicune|Suicune|66/100
|-damage|p2a: Suicune|54/100|[from] Stealth Rock
|-activate|p2a: Suicune|move: Sticky Web
|-unboost|p2a: Suicune|spe|1
|-ability|p2a: Suicune|Pressure
|turn|40
|
|t:|1769319697
|move|p2a: Suicune|Protect|p2a: Suicune
|-singleturn|p2a: Suicune|Protect
|move|p1a: Azumarill|Aqua Jet|p2a: Suicune
|-activate|p2a: Suicune|move: Protect
|
|-heal|p2a: Suicune|60/100|[from] item: Leftovers
|upkeep
|turn|41
|
|t:|1769319699
|move|p1a: Azumarill|Aqua Jet|p2a: Suicune
|-resisted|p2a: Suicune
|-damage|p2a: Suicune|13/100
|move|p2a: Suicune|Scald|p1a: Azumarill
|-resisted|p1a: Azumarill
|-damage|p1a: Azumarill|44/100
|-status|p1a: Azumarill|brn
|
|-heal|p2a: Suicune|20/100|[from] item: Leftovers
|-damage|p1a: Azumarill|37/100 brn|[from] brn
|upkeep
|turn|42
|
|t:|1769319704
|move|p2a: Suicune|Protect|p2a: Suicune
|-singleturn|p2a: Suicune|Protect
|move|p1a: Azumarill|Aqua Jet|p2a: Suicune
|-activate|p2a: Suicune|move: Protect
|
|-heal|p2a: Suicune|26/100|[from] item: Leftovers
|-damage|p1a: Azumarill|31/100 brn|[from] brn
|-sideend|p1: boomynote|move: Light Screen
|upkeep
|turn|43
|
|t:|1769319712
|switch|p2a: Samurott|Samurott-Hisui, M|88/100
|-damage|p2a: Samurott|76/100|[from] Stealth Rock
|-activate|p2a: Samurott|move: Sticky Web
|-unboost|p2a: Samurott|spe|1
|move|p1a: Azumarill|Aqua Jet|p2a: Samurott
|-resisted|p2a: Samurott
|-damage|p2a: Samurott|39/100
|
|-damage|p1a: Azumarill|25/100 brn|[from] brn
|upkeep
|turn|44
|
|t:|1769319717
|move|p1a: Azumarill|Aqua Jet|p2a: Samurott
|-resisted|p2a: Samurott
|-damage|p2a: Samurott|1/100
|move|p2a: Samurott|Razor Shell|p1a: Azumarill
|-resisted|p1a: Azumarill
|-damage|p1a: Azumarill|0 fnt
|faint|p1a: Azumarill
|
|upkeep
|
|t:|1769319721
|switch|p1a: Ribombee|Ribombee, F|20/100
|turn|45
|-message|boomynote forfeited.
|
|win|methiant
|raw|boomynote's rating: 1179 &rarr; <strong>1156</strong><br />(-23 for losing)
|raw|methiant's rating: 1206 &rarr; <strong>1229</strong><br />(+23 for winning)
|l|☆boomynote
|player|p1|
|l|☆methiant
|player|p2|
