|j|☆pooltoys
|j|☆bruh_eggs
|t:|1769440751
|gametype|singles
|player|p1|pooltoys|lucas|1497
|player|p2|bruh_eggs|juggler|1481
|gen|9
|tier|[Gen 9] OU
|rated|
|rule|HP Percentage Mod: HP is shown in percentages
|rule|Endless Battle Clause: Forcing endless battles is banned
|rule|Species Clause: Limit one of each Pokémon
|rule|OHKO Clause: OHKO moves are banned
|rule|Evasion Items Clause: Evasion items are banned
|rule|Evasion Moves Clause: Evasion moves are banned
|rule|Evasion Abilities Clause: Evasion abilities are banned
|rule|Sleep Moves Clause: Sleep-inducing moves are banned
|clearpoke
|poke|p1|Raging Bolt|
|poke|p1|Ting-Lu|
|poke|p1|Dragapult, F|
|poke|p1|Pecharunt|
|poke|p1|Great Tusk|
|poke|p1|Meloetta|
|poke|p2|Great Tusk|
|poke|p2|Rillaboom, F|
|poke|p2|Gholdengo|
|poke|p2|Heatran, F|
|poke|p2|Darkrai|
|poke|p2|Samurott-Hisui, M|
|teampreview
|inactive|Battle timer is ON: inactive players will automatically lose when time's up. (requested by bruh_eggs)
|
|t:|1769440771
|teamsize|p1|6
|teamsize|p2|6
|start
|switch|p1a: Raging Bolt|Raging Bolt|100/100
|switch|p2a: Dark Blue Moon|Samurott-Hisui, M|100/100
|turn|1
|
|t:|1769440781
|switch|p2a: Metallica|Heatran, F|100/100
|-item|p2a: Metallica|Air Balloon
|move|p1a: Raging Bolt|Thunderbolt|p2a: Metallica
|-damage|p2a: Metallica|55/100
|-enditem|p2a: Metallica|Air Balloon
|-damage|p1a: Raging Bolt|91/100|[from] item: Life Orb
|
|upkeep
|turn|2
|
|t:|1769440785
|move|p1a: Raging Bolt|Thunderbolt|p2a: Metallica
|-damage|p2a: Metallica|13/100
|-damage|p1a: Raging Bolt|81/100|[from] item: Life Orb
|move|p2a: Metallica|Stealth Rock|p1a: Raging Bolt
|-sidestart|p1: pooltoys|move: Stealth Rock
|
|upkeep
|turn|3
|
|t:|1769440790
|move|p1a: Raging Bolt|Draco Meteor|p2a: Metallica
|-resisted|p2a: Metallica
|-damage|p2a: Metallica|0 fnt
|-unboost|p1a: Raging Bolt|spa|2
|faint|p2a: Metallica
|-damage|p1a: Raging Bolt|71/100|[from] item: Life Orb
|
|upkeep
|
|t:|1769440794
|switch|p2a: Forever|Rillaboom, F|100/100
|-fieldstart|move: Grassy Terrain|[from] ability: Grassy Surge|[of] p2a: Forever
|turn|4
|
|t:|1769440798
|move|p1a: Raging Bolt|Draco Meteor|p2a: Forever
|-damage|p2a: Forever|36/100
|-unboost|p1a: Raging Bolt|spa|2
|-damage|p1a: Raging Bolt|61/100|[from] item: Life Orb
|move|p2a: Forever|U-turn|p1a: Raging Bolt
|-damage|p1a: Raging Bolt|34/100
|
|t:|1769440805
|switch|p2a: Dark Blue Moon|Samurott-Hisui, M|100/100|[from] U-turn
|
|-heal|p1a: Raging Bolt|40/100|[from] Grassy Terrain
|upkeep
|turn|5
|
|t:|1769440811
|move|p1a: Raging Bolt|Thunderbolt|p2a: Dark Blue Moon
|-supereffective|p2a: Dark Blue Moon
|-damage|p2a: Dark Blue Moon|69/100
|-damage|p1a: Raging Bolt|30/100|[from] item: Life Orb
|move|p2a: Dark Blue Moon|Ceaseless Edge|p1a: Raging Bolt
|-damage|p1a: Raging Bolt|0 fnt
|-sidestart|p1: pooltoys|Spikes
|faint|p1a: Raging Bolt
|-end|p1a: Raging Bolt|Protosynthesis|[silent]
|
|-heal|p2a: Dark Blue Moon|75/100|[from] Grassy Terrain
|upkeep
|
|t:|1769440821
|switch|p1a: Great Tusk|Great Tusk|100/100
|turn|6
|
|t:|1769440825
|switch|p2a: Marilyn Manson|Gholdengo|100/100
|-enditem|p2a: Marilyn Manson|Grassy Seed
|-boost|p2a: Marilyn Manson|def|1|[from] item: Grassy Seed
|move|p1a: Great Tusk|Rapid Spin|p2a: Marilyn Manson
|-immune|p2a: Marilyn Manson
|
|upkeep
|turn|7
|
|t:|1769440829
|-end|p1a: Great Tusk|Protosynthesis|[silent]
|switch|p1a: Ting-Lu|Ting-Lu|100/100
|-damage|p1a: Ting-Lu|94/100|[from] Stealth Rock
|-damage|p1a: Ting-Lu|82/100|[from] Spikes
|-ability|p1a: Ting-Lu|Vessel of Ruin
|move|p2a: Marilyn Manson|Nasty Plot|p2a: Marilyn Manson
|-boost|p2a: Marilyn Manson|spa|2
|
|-heal|p1a: Ting-Lu|88/100|[from] Grassy Terrain
|-heal|p1a: Ting-Lu|94/100|[from] item: Leftovers
|upkeep
|turn|8
|
|t:|1769440833
|move|p2a: Marilyn Manson|Nasty Plot|p2a: Marilyn Manson
|-boost|p2a: Marilyn Manson|spa|2
|move|p1a: Ting-Lu|Ruination|p2a: Marilyn Manson
|-damage|p2a: Marilyn Manson|50/100
|
|-heal|p2a: Marilyn Manson|57/100|[from] Grassy Terrain
|-heal|p1a: Ting-Lu|100/100|[from] Grassy Terrain
|-fieldend|move: Grassy Terrain
|upkeep
|turn|9
|
|t:|1769440837
|move|p2a: Marilyn Manson|Make It Rain|p1a: Ting-Lu
|-damage|p1a: Ting-Lu|38/100
|-unboost|p2a: Marilyn Manson|spa|1
|move|p1a: Ting-Lu|Earthquake|p2a: Marilyn Manson
|-supereffective|p2a: Marilyn Manson
|-damage|p2a: Marilyn Manson|20/100
|
|-heal|p1a: Ting-Lu|44/100|[from] item: Leftovers
|upkeep
|turn|10
|
|t:|1769440842
|move|p2a: Marilyn Manson|Make It Rain|p1a: Ting-Lu
|-damage|p1a: Ting-Lu|0 fnt
|-unboost|p2a: Marilyn Manson|spa|1
|faint|p1a: Ting-Lu
|
|upkeep
|
|t:|1769440844
|switch|p1a: Dragapult|Dragapult, F|100/100
|-damage|p1a: Dragapult|88/100|[from] Stealth Rock
|-damage|p1a: Dragapult|76/100|[from] Spikes
|turn|11
|
|t:|1769440849
|move|p1a: Dragapult|Shadow Ball|p2a: Marilyn Manson
|-supereffective|p2a: Marilyn Manson
|-damage|p2a: Marilyn Manson|0 fnt
|faint|p2a: Marilyn Manson
|-damage|p1a: Dragapult|66/100|[from] item: Life Orb
|
|upkeep
|
|t:|1769440861
|switch|p2a: Dark Blue Moon|Samurott-Hisui, M|75/100
|turn|12
|
|t:|1769440867
|switch|p1a: Great Tusk|Great Tusk|100/100
|move|p2a: Dark Blue Moon|Flip Turn|p1a: Great Tusk
|-supereffective|p1a: Great Tusk
|-damage|p1a: Great Tusk|64/100
|
|t:|1769440871
|switch|p2a: Death 13|Darkrai|100/100|[from] Flip Turn
|
|upkeep
|turn|13
|
|t:|1769440881
|move|p2a: Death 13|Ice Beam|p1a: Great Tusk
|-supereffective|p1a: Great Tusk
|-damage|p1a: Great Tusk|0 fnt
|faint|p1a: Great Tusk
|-end|p1a: Great Tusk|Protosynthesis|[silent]
|-damage|p2a: Death 13|91/100|[from] item: Life Orb
|
|upkeep
|
|t:|1769440885
|switch|p1a: Dragapult|Dragapult, F|66/100
|-damage|p1a: Dragapult|54/100|[from] Stealth Rock
|-damage|p1a: Dragapult|42/100|[from] Spikes
|turn|14
|
|t:|1769440895
|switch|p2a: Dark Blue Moon|Samurott-Hisui, M|75/100
|move|p1a: Dragapult|Draco Meteor|p2a: Dark Blue Moon
|-damage|p2a: Dark Blue Moon|24/100
|-unboost|p1a: Dragapult|spa|2
|-damage|p1a: Dragapult|32/100|[from] item: Life Orb
|
|upkeep
|turn|15
|
|t:|1769440899
|move|p1a: Dragapult|Dragon Darts|p2a: Dark Blue Moon
|-damage|p2a: Dark Blue Moon|0 fnt
|faint|p2a: Dark Blue Moon
|-damage|p1a: Dragapult|22/100|[from] item: Life Orb
|
|upkeep
|
|t:|1769440902
|switch|p2a: Forever|Rillaboom, F|36/100
|-fieldstart|move: Grassy Terrain|[from] ability: Grassy Surge|[of] p2a: Forever
|turn|16
|
|t:|1769440905
|switch|p1a: Pecharunt|Pecharunt|100/100
|move|p2a: Forever|Knock Off|p1a: Pecharunt
|-supereffective|p1a: Pecharunt
|-damage|p1a: Pecharunt|65/100
|-enditem|p1a: Pecharunt|Heavy-Duty Boots|[from] move: Knock Off|[of] p2a: Forever
|
|-heal|p1a: Pecharunt|71/100|[from] Grassy Terrain
|-heal|p2a: Forever|43/100|[from] Grassy Terrain
|-heal|p2a: Forever|49/100|[from] item: Leftovers
|upkeep
|turn|17
|
|t:|1769440911
|move|p1a: Pecharunt|Malignant Chain|p2a: Forever
|-supereffective|p2a: Forever
|-damage|p2a: Forever|0 fnt
|faint|p2a: Forever
|
|-heal|p1a: Pecharunt|77/100|[from] Grassy Terrain
|upkeep
|
|t:|1769440914
|switch|p2a: Death 13|Darkrai|91/100
|turn|18
|
|t:|1769440917
|move|p2a: Death 13|Dark Pulse|p1a: Pecharunt
|-supereffective|p1a: Pecharunt
|-damage|p1a: Pecharunt|0 fnt
|faint|p1a: Pecharunt
|-damage|p2a: Death 13|81/100|[from] item: Life Orb
|
|-heal|p2a: Death 13|87/100|[from] Grassy Terrain
|upkeep
|
|t:|1769440919
|switch|p1a: Dragapult|Dragapult, F|22/100
|-damage|p1a: Dragapult|10/100|[from] Stealth Rock
|-damage|p1a: Dragapult|0 fnt|[from] Spikes
|faint|p1a: Dragapult
|
|t:|1769440920
|switch|p1a: Meloetta|Meloetta|100/100
|-damage|p1a: Meloetta|88/100|[from] Stealth Rock
|-damage|p1a: Meloetta|76/100|[from] Spikes
|turn|19
|
|t:|1769440925
|-terastallize|p2a: Death 13|Poison
|-terastallize|p1a: Meloetta|Fighting
|move|p2a: Death 13|Sludge Bomb|p1a: Meloetta
|-damage|p1a: Meloetta|23/100
|-damage|p2a: Death 13|77/100|[from] item: Life Orb
|move|p1a: Meloetta|Calm Mind|p1a: Meloetta
|-boost|p1a: Meloetta|spa|1
|-boost|p1a: Meloetta|spd|1
|
|-heal|p2a: Death 13|83/100|[from] Grassy Terrain
|-heal|p1a: Meloetta|30/100|[from] Grassy Terrain
|-heal|p1a: Meloetta|36/100|[from] item: Leftovers
|upkeep
|turn|20
|
|t:|1769440933
|move|p2a: Death 13|Sludge Bomb|p1a: Meloetta
|-damage|p1a: Meloetta|2/100
|-damage|p2a: Death 13|73/100|[from] item: Life Orb
|move|p1a: Meloetta|Psyshock|p2a: Death 13
|-supereffective|p2a: Death 13
|-damage|p2a: Death 13|0 fnt
|faint|p2a: Death 13
|
|-heal|p1a: Meloetta|8/100|[from] Grassy Terrain
|-heal|p1a: Meloetta|15/100|[from] item: Leftovers
|-fieldend|move: Grassy Terrain
|upkeep
|
|t:|1769440939
|switch|p2a: Ball Breaker|Great Tusk|100/100
|turn|21
|
|t:|1769440946
|move|p1a: Meloetta|Tera Blast|p2a: Ball Breaker|[anim] Tera Blast Fighting
|-damage|p2a: Ball Breaker|18/100
|move|p2a: Ball Breaker|Headlong Rush|p1a: Meloetta
|-damage|p1a: Meloetta|0 fnt
|-unboost|p2a: Ball Breaker|def|1
|-unboost|p2a: Ball Breaker|spd|1
|faint|p1a: Meloetta
|
|win|bruh_eggs
|raw|pooltoys's rating: 1497 &rarr; <strong>1476</strong><br />(-21 for losing)
|raw|bruh_eggs's rating: 1481 &rarr; <strong>1502</strong><br />(+21 for winning)
|l|☆pooltoys
|player|p1|
|l|☆bruh_eggs
|player|p2|
