|badge|p1|bronze|gen9ou|100-8
|uhtml|medal-msg|<div class="broadcast-blue">Curious what those medals under the avatar are? PS now has Ladder Seasons! For more information, check out the <a href="https://www.smogon.com/forums/threads/3740067/">thread on Smogon.</a></div>
|j|☆Acastillo631
|j|☆CambridgeFoulPlay
|t:|1769360580
|gametype|singles
|player|p1|Acastillo631|silver|1907
|player|p2|CambridgeFoulPlay|266|1828
|gen|9
|tier|[Gen 9] OU
|rated|
|rule|HP Percentage Mod: HP is shown in percentages
|rule|Endless Battle Clause: Forcing endless battles is banned
|rule|Species Clause: Limit one of each Pokémon
|rule|OHKO Clause: OHKO moves are banned
|rule|Evasion Items Clause: Evasion items are banned
|rule|Evasion Moves Clause: Evasion moves are banned
|rule|Evasion Abilities Clause: Evasion abilities are banned
|rule|Sleep Moves Clause: Sleep-inducing moves are banned
|clearpoke
|poke|p1|Iron Valiant|
|poke|p1|Sinistcha|
|poke|p1|Tyranitar, M|
|poke|p1|Keldeo-Resolute|
|poke|p1|Iron Treads|
|poke|p1|Klefki, F|
|poke|p2|Hydrapple, M|
|poke|p2|Tyranitar, F|
|poke|p2|Moltres|
|poke|p2|Zamazenta-*|
|poke|p2|Slowking-Galar, M|
|poke|p2|Excadrill, F|
|teampreview
|c|☆CambridgeFoulPlay|hf
|inactive|Battle timer is ON: inactive players will automatically lose when time's up. (requested by CambridgeFoulPlay)
|j| lanarey
|
|t:|1769360590
|teamsize|p1|6
|teamsize|p2|6
|start
|switch|p1a: Redips|Klefki, F|100/100
|switch|p2a: Zamazenta|Zamazenta|100/100
|-ability|p2a: Zamazenta|Dauntless Shield|boost
|-boost|p2a: Zamazenta|def|1
|turn|1
|
|t:|1769360592
|switch|p2a: Tyranitar|Tyranitar, F|100/100
|-weather|Sandstorm|[from] ability: Sand Stream|[of] p2a: Tyranitar
|move|p1a: Redips|Thunder Wave|p2a: Tyranitar
|-hint|Since gen 7, Dark is immune to Prankster moves.
|-immune|p2a: Tyranitar
|
|-weather|Sandstorm|[upkeep]
|upkeep
|turn|2
|
|t:|1769360600
|move|p1a: Redips|Spikes|p2a: Tyranitar
|-sidestart|p2: CambridgeFoulPlay|Spikes
|move|p2a: Tyranitar|Stealth Rock|p1a: Redips
|-sidestart|p1: Acastillo631|move: Stealth Rock
|
|-weather|Sandstorm|[upkeep]
|upkeep
|turn|3
|
|t:|1769360609
|move|p1a: Redips|Spikes|p2a: Tyranitar
|-sidestart|p2: CambridgeFoulPlay|Spikes
|move|p2a: Tyranitar|Knock Off|p1a: Redips
|-resisted|p1a: Redips
|-damage|p1a: Redips|82/100
|-damage|p2a: Tyranitar|84/100|[from] item: Rocky Helmet|[of] p1a: Redips
|-enditem|p1a: Redips|Rocky Helmet|[from] move: Knock Off|[of] p2a: Tyranitar
|
|-weather|Sandstorm|[upkeep]
|upkeep
|turn|4
|
|t:|1769360615
|move|p1a: Redips|Dazzling Gleam|p2a: Tyranitar
|-supereffective|p2a: Tyranitar
|-damage|p2a: Tyranitar|65/100
|move|p2a: Tyranitar|Knock Off|p1a: Redips
|-resisted|p1a: Redips
|-damage|p1a: Redips|70/100
|
|-weather|Sandstorm|[upkeep]
|upkeep
|turn|5
|
|t:|1769360619
|move|p1a: Redips|Dazzling Gleam|p2a: Tyranitar
|-supereffective|p2a: Tyranitar
|-damage|p2a: Tyranitar|45/100
|move|p2a: Tyranitar|Thunder Wave|p1a: Redips
|-status|p1a: Redips|par
|
|-weather|Sandstorm|[upkeep]
|upkeep
|turn|6
|
|t:|1769360632
|move|p1a: Redips|Magnet Rise|p1a: Redips
|-start|p1a: Redips|Magnet Rise
|move|p2a: Tyranitar|Knock Off|p1a: Redips
|-resisted|p1a: Redips
|-damage|p1a: Redips|59/100 par
|
|-weather|Sandstorm|[upkeep]
|upkeep
|turn|7
|
|t:|1769360636
|move|p2a: Tyranitar|Knock Off|p1a: Redips
|-resisted|p1a: Redips
|-damage|p1a: Redips|48/100 par
|move|p1a: Redips|Dazzling Gleam|p2a: Tyranitar
|-supereffective|p2a: Tyranitar
|-damage|p2a: Tyranitar|24/100
|
|-weather|Sandstorm|[upkeep]
|upkeep
|turn|8
|
|t:|1769360642
|move|p1a: Redips|Spikes|p2a: Tyranitar
|-sidestart|p2: CambridgeFoulPlay|Spikes
|move|p2a: Tyranitar|Knock Off|p1a: Redips
|-resisted|p1a: Redips
|-damage|p1a: Redips|37/100 par
|
|-weather|none
|upkeep
|turn|9
|
|t:|1769360645
|move|p2a: Tyranitar|Knock Off|p1a: Redips
|-resisted|p1a: Redips
|-damage|p1a: Redips|25/100 par
|move|p1a: Redips|Dazzling Gleam|p2a: Tyranitar
|-supereffective|p2a: Tyranitar
|-damage|p2a: Tyranitar|0 fnt
|faint|p2a: Tyranitar
|
|upkeep
|
|t:|1769360647
|switch|p2a: Hydrapple|Hydrapple, M|100/100
|turn|10
|
|t:|1769360659
|cant|p1a: Redips|par
|move|p2a: Hydrapple|Nasty Plot|p2a: Hydrapple
|-boost|p2a: Hydrapple|spa|2
|
|-end|p1a: Redips|Magnet Rise
|upkeep
|turn|11
|
|t:|1769360670
|move|p2a: Hydrapple|Nasty Plot|p2a: Hydrapple
|-boost|p2a: Hydrapple|spa|2
|move|p1a: Redips|Dazzling Gleam|p2a: Hydrapple
|-supereffective|p2a: Hydrapple
|-damage|p2a: Hydrapple|57/100
|
|upkeep
|turn|12
|
|t:|1769360676
|move|p1a: Redips|Thunder Wave|p2a: Hydrapple
|-status|p2a: Hydrapple|par
|cant|p2a: Hydrapple|par
|
|upkeep
|turn|13
|
|t:|1769360680
|-terastallize|p2a: Hydrapple|Poison
|move|p1a: Redips|Dazzling Gleam|p2a: Hydrapple
|-resisted|p2a: Hydrapple
|-damage|p2a: Hydrapple|46/100 par
|cant|p2a: Hydrapple|par
|
|upkeep
|turn|14
|
|t:|1769360692
|cant|p1a: Redips|par
|move|p2a: Hydrapple|Fickle Beam|p1a: Redips
|-immune|p1a: Redips
|
|upkeep
|turn|15
|
|t:|1769360694
|move|p1a: Redips|Dazzling Gleam|p2a: Hydrapple
|-resisted|p2a: Hydrapple
|-damage|p2a: Hydrapple|35/100 par
|move|p2a: Hydrapple|Fickle Beam|p1a: Redips
|-immune|p1a: Redips
|
|upkeep
|turn|16
|
|t:|1769360696
|move|p1a: Redips|Dazzling Gleam|p2a: Hydrapple
|-resisted|p2a: Hydrapple
|-damage|p2a: Hydrapple|23/100 par
|cant|p2a: Hydrapple|par
|
|upkeep
|turn|17
|
|t:|1769360698
|move|p1a: Redips|Dazzling Gleam|p2a: Hydrapple
|-resisted|p2a: Hydrapple
|-damage|p2a: Hydrapple|11/100 par
|cant|p2a: Hydrapple|par
|
|upkeep
|turn|18
|
|t:|1769360701
|switch|p2a: Excadrill|Excadrill, F|100/100
|-item|p2a: Excadrill|Air Balloon
|cant|p1a: Redips|par
|
|upkeep
|turn|19
|
|t:|1769360707
|switch|p1a: Wire Sponge|Sinistcha|100/100
|move|p2a: Excadrill|Rapid Spin|p1a: Wire Sponge
|-immune|p1a: Wire Sponge
|
|upkeep
|turn|20
|
|t:|1769360709
|move|p2a: Excadrill|Swords Dance|p2a: Excadrill
|-boost|p2a: Excadrill|atk|2
|move|p1a: Wire Sponge|Nasty Plot|p1a: Wire Sponge
|-boost|p1a: Wire Sponge|spa|2
|
|upkeep
|turn|21
|
|t:|1769360717
|switch|p1a: Spiral Pegasus|Keldeo-Resolute|100/100
|move|p2a: Excadrill|Iron Head|p1a: Spiral Pegasus
|-resisted|p1a: Spiral Pegasus
|-damage|p1a: Spiral Pegasus|50/100
|
|upkeep
|turn|22
|
|t:|1769360722
|switch|p2a: Slowking|Slowking-Galar, M|100/100
|-damage|p2a: Slowking|76/100|[from] Spikes
|move|p1a: Spiral Pegasus|Surf|p2a: Slowking
|-damage|p2a: Slowking|49/100
|
|upkeep
|turn|23
|
|t:|1769360733
|move|p1a: Spiral Pegasus|Flip Turn|p2a: Slowking
|-damage|p2a: Slowking|39/100
|
|t:|1769360735
|switch|p1a: Redips|Klefki, F|25/100 par|[from] Flip Turn
|-damage|p1a: Redips|19/100 par|[from] Stealth Rock
|move|p2a: Slowking|Psyshock|p1a: Redips
|-resisted|p1a: Redips
|-damage|p1a: Redips|6/100 par
|
|upkeep
|turn|24
|
|t:|1769360738
|switch|p2a: Hydrapple|Hydrapple, M, tera:Poison|45/100 par
|move|p1a: Redips|Thunder Wave|p2a: Hydrapple
|-fail|p2a: Hydrapple|par
|
|upkeep
|turn|25
|
|t:|1769360741
|cant|p1a: Redips|par
|move|p2a: Hydrapple|Fickle Beam|p1a: Redips
|-immune|p1a: Redips
|
|upkeep
|turn|26
|j| faronaan
|
|t:|1769360743
|move|p1a: Redips|Dazzling Gleam|p2a: Hydrapple
|-resisted|p2a: Hydrapple
|-damage|p2a: Hydrapple|34/100 par
|move|p2a: Hydrapple|Fickle Beam|p1a: Redips
|-immune|p1a: Redips
|
|upkeep
|turn|27
|
|t:|1769360744
|move|p1a: Redips|Dazzling Gleam|p2a: Hydrapple
|-resisted|p2a: Hydrapple
|-damage|p2a: Hydrapple|22/100 par
|move|p2a: Hydrapple|Giga Drain|p1a: Redips
|-resisted|p1a: Redips
|-damage|p1a: Redips|0 fnt
|-heal|p2a: Hydrapple|25/100 par|[from] drain|[of] p1a: Redips
|faint|p1a: Redips
|
|upkeep
|j| blckd out
|l| blckd out
|
|t:|1769360756
|switch|p1a: Spiral Pegasus|Keldeo-Resolute|50/100
|turn|28
|
|t:|1769360758
|switch|p2a: Zamazenta|Zamazenta|100/100
|-damage|p2a: Zamazenta|76/100|[from] Spikes
|move|p1a: Spiral Pegasus|Surf|p2a: Zamazenta
|-damage|p2a: Zamazenta|31/100
|
|-heal|p2a: Zamazenta|37/100|[from] item: Leftovers
|upkeep
|turn|29
|j| chain climb
|
|t:|1769360775
|switch|p1a: Wire Sponge|Sinistcha|100/100
|move|p2a: Zamazenta|Body Press|p1a: Wire Sponge
|-immune|p1a: Wire Sponge
|
|-heal|p2a: Zamazenta|44/100|[from] item: Leftovers
|upkeep
|turn|30
|
|t:|1769360783
|move|p1a: Wire Sponge|Shadow Ball|p2a: Zamazenta
|-damage|p2a: Zamazenta|15/100
|move|p2a: Zamazenta|Roar|p1a: Wire Sponge
|drag|p1a: Armored Armadillo|Iron Treads|100/100
|-damage|p1a: Armored Armadillo|97/100|[from] Stealth Rock
|-item|p1a: Armored Armadillo|Air Balloon
|
|-heal|p2a: Zamazenta|21/100|[from] item: Leftovers
|upkeep
|turn|31
|
|t:|1769360789
|-end|p1a: Armored Armadillo|Quark Drive|[silent]
|switch|p1a: Wire Sponge|Sinistcha|100/100
|move|p2a: Zamazenta|Body Press|p1a: Wire Sponge
|-immune|p1a: Wire Sponge
|
|-heal|p2a: Zamazenta|27/100|[from] item: Leftovers
|upkeep
|turn|32
|
|t:|1769360791
|move|p2a: Zamazenta|Crunch|p1a: Wire Sponge
|-supereffective|p1a: Wire Sponge
|-damage|p1a: Wire Sponge|71/100
|move|p1a: Wire Sponge|Shadow Ball|p2a: Zamazenta
|-damage|p2a: Zamazenta|0 fnt
|faint|p2a: Zamazenta
|
|upkeep
|
|t:|1769360794
|switch|p2a: Hydrapple|Hydrapple, M, tera:Poison|58/100 par
|turn|33
|l| lanarey
|
|t:|1769360806
|switch|p1a: Armored Armadillo|Iron Treads|97/100
|-damage|p1a: Armored Armadillo|94/100|[from] Stealth Rock
|-item|p1a: Armored Armadillo|Air Balloon
|switch|p2a: Moltres|Moltres|100/100
|
|upkeep
|turn|34
|
|t:|1769360819
|move|p1a: Armored Armadillo|Knock Off|p2a: Moltres
|-damage|p2a: Moltres|80/100
|-enditem|p2a: Moltres|Heavy-Duty Boots|[from] move: Knock Off|[of] p1a: Armored Armadillo
|move|p2a: Moltres|U-turn|p1a: Armored Armadillo
|-resisted|p1a: Armored Armadillo
|-damage|p1a: Armored Armadillo|87/100
|-enditem|p1a: Armored Armadillo|Air Balloon
|
|t:|1769360822
|switch|p2a: Hydrapple|Hydrapple, M, tera:Poison|91/100 par|[from] U-turn
|
|upkeep
|turn|35
|
|t:|1769360829
|move|p1a: Armored Armadillo|Earthquake|p2a: Hydrapple
|-supereffective|p2a: Hydrapple
|-damage|p2a: Hydrapple|30/100 par
|move|p2a: Hydrapple|Nasty Plot|p2a: Hydrapple
|-boost|p2a: Hydrapple|spa|2
|
|upkeep
|turn|36
|
|t:|1769360838
|switch|p2a: Moltres|Moltres|80/100
|move|p1a: Armored Armadillo|Earthquake|p2a: Moltres
|-immune|p2a: Moltres
|
|upkeep
|turn|37
|
|t:|1769360844
|move|p1a: Armored Armadillo|Rapid Spin|p2a: Moltres
|-damage|p2a: Moltres|69/100
|-boost|p1a: Armored Armadillo|spe|1
|-sideend|p1: Acastillo631|Stealth Rock|[from] move: Rapid Spin|[of] p1a: Armored Armadillo
|move|p2a: Moltres|Flamethrower|p1a: Armored Armadillo
|-supereffective|p1a: Armored Armadillo
|-damage|p1a: Armored Armadillo|0 fnt
|faint|p1a: Armored Armadillo
|-end|p1a: Armored Armadillo|Quark Drive|[silent]
|
|upkeep
|
|t:|1769360846
|switch|p1a: Spiral Pegasus|Keldeo-Resolute|50/100
|turn|38
|
|t:|1769360849
|switch|p2a: Slowking|Slowking-Galar, M|72/100
|-damage|p2a: Slowking|47/100|[from] Spikes
|move|p1a: Spiral Pegasus|Surf|p2a: Slowking
|-crit|p2a: Slowking
|-damage|p2a: Slowking|7/100
|
|upkeep
|turn|39
|
|t:|1769360864
|switch|p2a: Hydrapple|Hydrapple, M, tera:Poison|63/100 par
|move|p1a: Spiral Pegasus|Surf|p2a: Hydrapple
|-damage|p2a: Hydrapple|12/100 par
|
|upkeep
|turn|40
|
|t:|1769360869
|switch|p2a: Moltres|Moltres|69/100
|move|p1a: Spiral Pegasus|Surf|p2a: Moltres
|-supereffective|p2a: Moltres
|-damage|p2a: Moltres|0 fnt
|faint|p2a: Moltres
|
|upkeep
|
|t:|1769360872
|switch|p2a: Hydrapple|Hydrapple, M, tera:Poison|45/100 par
|turn|41
|
|t:|1769360875
|switch|p2a: Excadrill|Excadrill, F|100/100
|-item|p2a: Excadrill|Air Balloon
|-terastallize|p1a: Spiral Pegasus|Water
|move|p1a: Spiral Pegasus|Surf|p2a: Excadrill
|-supereffective|p2a: Excadrill
|-damage|p2a: Excadrill|0 fnt
|-enditem|p2a: Excadrill|Air Balloon
|faint|p2a: Excadrill
|
|upkeep
|
|t:|1769360877
|switch|p2a: Hydrapple|Hydrapple, M, tera:Poison|79/100 par
|turn|42
|
|t:|1769360884
|switch|p1a: Eregion|Tyranitar, M|100/100
|-weather|Sandstorm|[from] ability: Sand Stream|[of] p1a: Eregion
|move|p2a: Hydrapple|Fickle Beam|p1a: Eregion
|-damage|p1a: Eregion|85/100
|
|-weather|Sandstorm|[upkeep]
|-damage|p2a: Hydrapple|73/100 par|[from] Sandstorm
|-heal|p1a: Eregion|91/100|[from] item: Leftovers
|upkeep
|turn|43
|
|t:|1769360886
|switch|p2a: Slowking|Slowking-Galar, M|40/100
|-damage|p2a: Slowking|15/100|[from] Spikes
|move|p1a: Eregion|Knock Off|p2a: Slowking
|-supereffective|p2a: Slowking
|-damage|p2a: Slowking|0 fnt
|-enditem|p2a: Slowking|Assault Vest|[from] move: Knock Off|[of] p1a: Eregion
|faint|p2a: Slowking
|
|-weather|Sandstorm|[upkeep]
|-heal|p1a: Eregion|97/100|[from] item: Leftovers
|upkeep
|
|t:|1769360889
|switch|p2a: Hydrapple|Hydrapple, M, tera:Poison|100/100 par
|turn|44
|j| lonelyblueheart
|
|t:|1769360903
|move|p1a: Eregion|Knock Off|p2a: Hydrapple
|-damage|p2a: Hydrapple|72/100 par
|-enditem|p2a: Hydrapple|Heavy-Duty Boots|[from] move: Knock Off|[of] p1a: Eregion
|move|p2a: Hydrapple|Nasty Plot|p2a: Hydrapple
|-boost|p2a: Hydrapple|spa|2
|
|-weather|Sandstorm|[upkeep]
|-damage|p2a: Hydrapple|66/100 par|[from] Sandstorm
|-heal|p1a: Eregion|100/100|[from] item: Leftovers
|upkeep
|turn|45
|
|t:|1769360908
|move|p1a: Eregion|Knock Off|p2a: Hydrapple
|-damage|p2a: Hydrapple|48/100 par
|move|p2a: Hydrapple|Giga Drain|p1a: Eregion
|-supereffective|p1a: Eregion
|-damage|p1a: Eregion|45/100
|-heal|p2a: Hydrapple|76/100 par|[from] drain|[of] p1a: Eregion
|
|-weather|Sandstorm|[upkeep]
|-damage|p2a: Hydrapple|70/100 par|[from] Sandstorm
|-heal|p1a: Eregion|51/100|[from] item: Leftovers
|upkeep
|turn|46
|
|t:|1769360911
|move|p1a: Eregion|Knock Off|p2a: Hydrapple
|-damage|p2a: Hydrapple|53/100 par
|move|p2a: Hydrapple|Earth Power|p1a: Eregion
|-supereffective|p1a: Eregion
|-damage|p1a: Eregion|7/100
|
|-weather|none
|-heal|p1a: Eregion|13/100|[from] item: Leftovers
|upkeep
|turn|47
|
|t:|1769360914
|move|p1a: Eregion|Knock Off|p2a: Hydrapple
|-damage|p2a: Hydrapple|34/100 par
|move|p2a: Hydrapple|Nasty Plot|p2a: Hydrapple
|-boost|p2a: Hydrapple|spa|2
|
|-heal|p1a: Eregion|19/100|[from] item: Leftovers
|upkeep
|turn|48
|
|t:|1769360917
|move|p1a: Eregion|Knock Off|p2a: Hydrapple
|-damage|p2a: Hydrapple|15/100 par
|move|p2a: Hydrapple|Fickle Beam|p1a: Eregion
|-damage|p1a: Eregion|0 fnt
|faint|p1a: Eregion
|
|upkeep
|c|☆Acastillo631|Gg
|
|t:|1769360925
|switch|p1a: Spiral Pegasus|Keldeo-Resolute, tera:Water|50/100
|turn|49
|
|t:|1769360927
|move|p1a: Spiral Pegasus|Surf|p2a: Hydrapple
|-damage|p2a: Hydrapple|0 fnt
|faint|p2a: Hydrapple
|
|win|Acastillo631
|raw|Acastillo631's rating: 1907 &rarr; <strong>1923</strong><br />(+16 for winning)
|raw|CambridgeFoulPlay's rating: 1828 &rarr; <strong>1812</strong><br />(-16 for losing)
|c|☆CambridgeFoulPlay|gg
