|j|☆lukoviisk
|j|☆AlixerXZ
|t:|1769351519
|gametype|singles
|player|p1|lukoviisk|blackbelt-gen4dp|1216
|player|p2|AlixerXZ|lucas-gen4pt|1193
|gen|9
|tier|[Gen 9] OU
|rated|
|rule|HP Percentage Mod: HP is shown in percentages
|rule|Endless Battle Clause: Forcing endless battles is banned
|rule|Species Clause: Limit one of each Pokémon
|rule|OHKO Clause: OHKO moves are banned
|rule|Evasion Items Clause: Evasion items are banned
|rule|Evasion Moves Clause: Evasion moves are banned
|rule|Evasion Abilities Clause: Evasion abilities are banned
|rule|Sleep Moves Clause: Sleep-inducing moves are banned
|clearpoke
|poke|p1|Tornadus, M|
|poke|p1|Toxtricity, M|
|poke|p1|Iron Valiant|
|poke|p1|Arcanine-Hisui, M|
|poke|p1|Brambleghast, M|
|poke|p1|Hydreigon, M|
|poke|p2|Ambipom, M|
|poke|p2|Primarina, F|
|poke|p2|Ceruledge, F|
|poke|p2|Great Tusk|
|poke|p2|Galvantula, F|
|poke|p2|Tyranitar, F|
|teampreview
|inactive|Battle timer is ON: inactive players will automatically lose when time's up. (requested by lukoviisk)
|inactive|lukoviisk has 120 seconds left.
|c|☆AlixerXZ|Gl hf
|inactive|lukoviisk has 90 seconds left.
|
|t:|1769351584
|teamsize|p1|6
|teamsize|p2|6
|start
|switch|p1a: Hydreigon|Hydreigon, M|100/100
|switch|p2a: Galvantula|Galvantula, F|100/100
|turn|1
|
|t:|1769351593
|move|p2a: Galvantula|Sticky Web|p1a: Hydreigon
|-sidestart|p1: lukoviisk|move: Sticky Web
|move|p1a: Hydreigon|Draco Meteor|p2a: Galvantula
|-damage|p2a: Galvantula|0 fnt
|-unboost|p1a: Hydreigon|spa|2
|faint|p2a: Galvantula
|-enditem|p1a: Hydreigon|Eject Pack
|
|t:|1769351601
|switch|p1a: Tornadus|Tornadus, M|100/100
|
|upkeep
|
|t:|1769351610
|switch|p2a: Ambipom|Ambipom, M|100/100
|turn|2
|
|t:|1769351617
|move|p2a: Ambipom|Fake Out|p1a: Tornadus
|-damage|p1a: Tornadus|55/100
|-enditem|p1a: Tornadus|Eject Button
|
|t:|1769351622
|switch|p1a: Iron Valiant|Iron Valiant|100/100
|-activate|p1a: Iron Valiant|move: Sticky Web
|-unboost|p1a: Iron Valiant|spe|1
|
|upkeep
|turn|3
|
|t:|1769351646
|move|p2a: Ambipom|Double Hit|p1a: Iron Valiant
|-damage|p1a: Iron Valiant|64/100
|-damage|p1a: Iron Valiant|26/100
|-hitcount|p1a: Iron Valiant|2
|move|p1a: Iron Valiant|Moonblast|p2a: Ambipom
|-damage|p2a: Ambipom|0 fnt
|faint|p2a: Ambipom
|
|upkeep
|
|t:|1769351662
|switch|p2a: Ceruledge|Ceruledge, F|100/100
|turn|4
|
|t:|1769351668
|-end|p1a: Iron Valiant|Quark Drive|[silent]
|switch|p1a: Hydreigon|Hydreigon, M|100/100
|move|p2a: Ceruledge|Swords Dance|p2a: Ceruledge
|-boost|p2a: Ceruledge|atk|2
|
|upkeep
|turn|5
|
|t:|1769351686
|move|p1a: Hydreigon|Draco Meteor|p2a: Ceruledge
|-damage|p2a: Ceruledge|34/100
|-unboost|p1a: Hydreigon|spa|2
|move|p2a: Ceruledge|X-Scissor|p1a: Hydreigon
|-supereffective|p1a: Hydreigon
|-damage|p1a: Hydreigon|0 fnt
|faint|p1a: Hydreigon
|
|upkeep
|
|t:|1769351696
|switch|p1a: Arcanine|Arcanine-Hisui, M|100/100
|-activate|p1a: Arcanine|move: Sticky Web
|-unboost|p1a: Arcanine|spe|1
|turn|6
|
|t:|1769351706
|move|p2a: Ceruledge|Shadow Claw|p1a: Arcanine
|-damage|p1a: Arcanine|2/100
|move|p1a: Arcanine|Head Smash|p2a: Ceruledge|[miss]
|-miss|p1a: Arcanine|p2a: Ceruledge
|
|upkeep
|turn|7
|
|t:|1769351732
|move|p2a: Ceruledge|Bitter Blade|p1a: Arcanine
|-resisted|p1a: Arcanine
|-damage|p1a: Arcanine|0 fnt
|-heal|p2a: Ceruledge|35/100|[from] drain|[of] p1a: Arcanine
|faint|p1a: Arcanine
|
|upkeep
|inactive|lukoviisk has 120 seconds left.
|
|t:|1769351750
|switch|p1a: Tornadus|Tornadus, M|55/100
|turn|8
|inactive|lukoviisk has 120 seconds left.
|
|t:|1769351772
|switch|p2a: Tyranitar|Tyranitar, F|100/100
|-weather|Sandstorm|[from] ability: Sand Stream|[of] p2a: Tyranitar
|move|p1a: Tornadus|Hurricane|p2a: Tyranitar
|-resisted|p2a: Tyranitar
|-damage|p2a: Tyranitar|86/100
|
|-weather|Sandstorm|[upkeep]
|-damage|p1a: Tornadus|49/100|[from] Sandstorm
|upkeep
|turn|9
|inactive|lukoviisk has 120 seconds left.
|
|t:|1769351782
|move|p1a: Tornadus|Focus Blast|p2a: Tyranitar|[miss]
|-miss|p1a: Tornadus|p2a: Tyranitar
|move|p2a: Tyranitar|Dragon Dance|p2a: Tyranitar
|-boost|p2a: Tyranitar|atk|1
|-boost|p2a: Tyranitar|spe|1
|
|-weather|Sandstorm|[upkeep]
|-damage|p1a: Tornadus|43/100|[from] Sandstorm
|upkeep
|turn|10
|c|☆lukoviisk|damn
|inactive|lukoviisk has 120 seconds left.
|
|t:|1769351805
|move|p1a: Tornadus|Tailwind|p1a: Tornadus
|-sidestart|p1: lukoviisk|move: Tailwind
|move|p2a: Tyranitar|Crunch|p1a: Tornadus
|-damage|p1a: Tornadus|0 fnt
|faint|p1a: Tornadus
|-damage|p2a: Tyranitar|76/100|[from] item: Life Orb
|
|-weather|Sandstorm|[upkeep]
|upkeep
|
|t:|1769351814
|switch|p1a: Iron Valiant|Iron Valiant|26/100
|-activate|p1a: Iron Valiant|move: Sticky Web
|-unboost|p1a: Iron Valiant|spe|1
|turn|11
|
|t:|1769351828
|move|p1a: Iron Valiant|Moonblast|p2a: Tyranitar
|-supereffective|p2a: Tyranitar
|-damage|p2a: Tyranitar|0 fnt
|faint|p2a: Tyranitar
|
|-weather|Sandstorm|[upkeep]
|-damage|p1a: Iron Valiant|20/100|[from] Sandstorm
|upkeep
|
|t:|1769351846
|switch|p2a: Primarina|Primarina, F|100/100
|turn|12
|
|t:|1769351854
|-end|p1a: Iron Valiant|Quark Drive|[silent]
|switch|p1a: Brambleghast|Brambleghast, M|100/100
|-activate|p1a: Brambleghast|move: Sticky Web
|-unboost|p1a: Brambleghast|spe|1
|-ability|p1a: Brambleghast|Wind Rider|boost
|-boost|p1a: Brambleghast|atk|1
|move|p2a: Primarina|Calm Mind|p2a: Primarina
|-boost|p2a: Primarina|spa|1
|-boost|p2a: Primarina|spd|1
|
|-weather|none
|upkeep
|turn|13
|inactive|lukoviisk has 120 seconds left.
|inactive|AlixerXZ has 120 seconds left.
|
|t:|1769351884
|move|p1a: Brambleghast|Power Whip|p2a: Primarina
|-supereffective|p2a: Primarina
|-damage|p2a: Primarina|0 fnt
|faint|p2a: Primarina
|-damage|p1a: Brambleghast|91/100|[from] item: Life Orb
|
|-sideend|p1: lukoviisk|move: Tailwind
|upkeep
|inactive|AlixerXZ has 120 seconds left.
|
|t:|1769351892
|switch|p2a: Ceruledge|Ceruledge, F|35/100
|turn|14
|
|t:|1769351895
|move|p1a: Brambleghast|Shadow Sneak|p2a: Ceruledge
|-supereffective|p2a: Ceruledge
|-damage|p2a: Ceruledge|0 fnt
|faint|p2a: Ceruledge
|-damage|p1a: Brambleghast|81/100|[from] item: Life Orb
|
|upkeep
|
|t:|1769351901
|switch|p2a: Great Tusk|Great Tusk|100/100
|-enditem|p2a: Great Tusk|Booster Energy
|-activate|p2a: Great Tusk|ability: Protosynthesis|[fromitem]
|-start|p2a: Great Tusk|protosynthesisdef
|turn|15
|inactive|AlixerXZ has 120 seconds left.
|
|t:|1769351927
|-terastallize|p1a: Brambleghast|Ghost
|move|p2a: Great Tusk|Bulk Up|p2a: Great Tusk
|-boost|p2a: Great Tusk|atk|1
|-boost|p2a: Great Tusk|def|1
|move|p1a: Brambleghast|Power Whip|p2a: Great Tusk
|-supereffective|p2a: Great Tusk
|-damage|p2a: Great Tusk|27/100
|-damage|p1a: Brambleghast|71/100|[from] item: Life Orb
|
|upkeep
|turn|16
|inactive|AlixerXZ has 120 seconds left.
|
|t:|1769351947
|move|p1a: Brambleghast|Shadow Sneak|p2a: Great Tusk
|-damage|p2a: Great Tusk|12/100
|-damage|p1a: Brambleghast|61/100|[from] item: Life Orb
|move|p2a: Great Tusk|Earthquake|p1a: Brambleghast
|-damage|p1a: Brambleghast|0 fnt
|faint|p1a: Brambleghast
|
|upkeep
|
|t:|1769351956
|switch|p1a: Iron Valiant|Iron Valiant|20/100
|-activate|p1a: Iron Valiant|move: Sticky Web
|-unboost|p1a: Iron Valiant|spe|1
|turn|17
|
|t:|1769351960
|move|p1a: Iron Valiant|Vacuum Wave|p2a: Great Tusk
|-damage|p2a: Great Tusk|0 fnt
|faint|p2a: Great Tusk
|-end|p2a: Great Tusk|Protosynthesis|[silent]
|
|win|lukoviisk
|raw|lukoviisk's rating: 1216 &rarr; <strong>1239</strong><br />(+23 for winning)
|raw|AlixerXZ's rating: 1193 &rarr; <strong>1170</strong><br />(-23 for losing)
|c|☆lukoviisk|gg
|c|☆AlixerXZ|Gg wp
|l|☆lukoviisk
|player|p1|
|l|☆AlixerXZ
|player|p2|
