|j|☆Ausar48
|j|☆36hpdc
|t:|1769322143
|gametype|singles
|player|p1|Ausar48|ghetsis|1223
|player|p2|36hpdc|266|1258
|gen|9
|tier|[Gen 9] OU
|rated|
|rule|HP Percentage Mod: HP is shown in percentages
|rule|Endless Battle Clause: Forcing endless battles is banned
|rule|Species Clause: Limit one of each Pokémon
|rule|OHKO Clause: OHKO moves are banned
|rule|Evasion Items Clause: Evasion items are banned
|rule|Evasion Moves Clause: Evasion moves are banned
|rule|Evasion Abilities Clause: Evasion abilities are banned
|rule|Sleep Moves Clause: Sleep-inducing moves are banned
|clearpoke
|poke|p1|Garganacl, M|
|poke|p1|Great Tusk|
|poke|p1|Muk-Alola, M|
|poke|p1|Gholdengo|
|poke|p1|Zamazenta-*|
|poke|p1|Primarina, M|
|poke|p2|Dusclops, M|
|poke|p2|Klefki, F|
|poke|p2|Conkeldurr, M|
|poke|p2|Ursaluna, F|
|poke|p2|Kingdra, M|
|poke|p2|Politoed, M|
|teampreview
|
|t:|1769322157
|teamsize|p1|6
|teamsize|p2|6
|start
|switch|p1a: Sentinel|Garganacl, M, shiny|100/100
|switch|p2a: Klefki|Klefki, F|100/100
|turn|1
|inactive|Battle timer is ON: inactive players will automatically lose when time's up. (requested by Ausar48)
|
|t:|1769322163
|move|p2a: Klefki|Switcheroo|p1a: Sentinel
|-activate|p2a: Klefki|move: Trick|[of] p1a: Sentinel
|-item|p1a: Sentinel|Choice Scarf|[from] move: Switcheroo
|-item|p2a: Klefki|Leftovers|[from] move: Switcheroo
|move|p1a: Sentinel|Stealth Rock|p2a: Klefki
|-sidestart|p2: 36hpdc|move: Stealth Rock
|
|upkeep
|turn|2
|
|t:|1769322172
|switch|p1a: Spirit Rush|Gholdengo, shiny|100/100
|move|p2a: Klefki|Spikes|p1a: Spirit Rush
|-sidestart|p1: Ausar48|Spikes
|
|upkeep
|turn|3
|
|t:|1769322177
|move|p2a: Klefki|Spikes|p1a: Spirit Rush
|-sidestart|p1: Ausar48|Spikes
|move|p1a: Spirit Rush|Nasty Plot|p1a: Spirit Rush
|-boost|p1a: Spirit Rush|spa|2
|
|upkeep
|turn|4
|
|t:|1769322196
|move|p2a: Klefki|Spikes|p1a: Spirit Rush
|-sidestart|p1: Ausar48|Spikes
|move|p1a: Spirit Rush|Make It Rain|p2a: Klefki
|-damage|p2a: Klefki|0 fnt
|-unboost|p1a: Spirit Rush|spa|1
|faint|p2a: Klefki
|
|upkeep
|
|t:|1769322207
|switch|p2a: Politoed|Politoed, M|100/100
|-damage|p2a: Politoed|88/100|[from] Stealth Rock
|-weather|RainDance|[from] ability: Drizzle|[of] p2a: Politoed
|turn|5
|
|t:|1769322213
|move|p2a: Politoed|Weather Ball|p1a: Spirit Rush
|-damage|p1a: Spirit Rush|50/100
|move|p1a: Spirit Rush|Shadow Ball|p2a: Politoed
|-damage|p2a: Politoed|45/100
|
|-weather|RainDance|[upkeep]
|upkeep
|turn|6
|
|t:|1769322226
|move|p2a: Politoed|Weather Ball|p1a: Spirit Rush
|-damage|p1a: Spirit Rush|0 fnt
|faint|p1a: Spirit Rush
|
|-weather|RainDance|[upkeep]
|upkeep
|
|t:|1769322231
|switch|p1a: Celestine|Primarina, M, shiny|100/100
|-damage|p1a: Celestine|76/100|[from] Spikes
|turn|7
|
|t:|1769322240
|switch|p2a: Dusclops|Dusclops, M|100/100
|-damage|p2a: Dusclops|88/100|[from] Stealth Rock
|-item|p1a: Celestine|Assault Vest|[from] ability: Frisk|[of] p2a: Dusclops
|move|p1a: Celestine|Moonblast|p2a: Dusclops
|-damage|p2a: Dusclops|56/100
|
|-weather|RainDance|[upkeep]
|upkeep
|turn|8
|
|t:|1769322250
|move|p1a: Celestine|Whirlpool|p2a: Dusclops
|-damage|p2a: Dusclops|39/100
|-activate|p2a: Dusclops|move: Whirlpool|[of] p1a: Celestine
|move|p2a: Dusclops|Pain Split|p1a: Celestine
|-sethp|p1a: Celestine|53/100|[from] move: Pain Split|[silent]
|-sethp|p2a: Dusclops|68/100|[from] move: Pain Split
|
|-weather|RainDance|[upkeep]
|-damage|p2a: Dusclops|55/100|[from] move: Whirlpool|[partiallytrapped]
|upkeep
|turn|9
|
|t:|1769322263
|move|p1a: Celestine|Psychic Noise|p2a: Dusclops
|-damage|p2a: Dusclops|21/100
|-start|p2a: Dusclops|move: Heal Block
|move|p2a: Dusclops|Curse|p1a: Celestine
|-start|p1a: Celestine|Curse|[of] p2a: Dusclops
|-damage|p2a: Dusclops|0 fnt
|faint|p2a: Dusclops
|
|-weather|RainDance|[upkeep]
|-damage|p1a: Celestine|28/100|[from] Curse
|upkeep
|
|t:|1769322276
|switch|p2a: Kingdra|Kingdra, M|100/100
|-damage|p2a: Kingdra|88/100|[from] Stealth Rock
|turn|10
|
|t:|1769322281
|move|p2a: Kingdra|Hurricane|p1a: Celestine
|-damage|p1a: Celestine|7/100
|-start|p1a: Celestine|confusion
|-damage|p2a: Kingdra|78/100|[from] item: Life Orb
|-activate|p1a: Celestine|confusion
|move|p1a: Celestine|Moonblast|p2a: Kingdra
|-supereffective|p2a: Kingdra
|-damage|p2a: Kingdra|0 fnt
|faint|p2a: Kingdra
|
|-weather|RainDance|[upkeep]
|-damage|p1a: Celestine|0 fnt|[from] Curse
|faint|p1a: Celestine
|upkeep
|
|t:|1769322296
|switch|p2a: Ursaluna|Ursaluna, F|100/100
|switch|p1a: Behemoth|Great Tusk, shiny|100/100
|-damage|p2a: Ursaluna|94/100|[from] Stealth Rock
|turn|11
|-message|36hpdc forfeited.
|
|win|Ausar48
|raw|Ausar48's rating: 1223 &rarr; <strong>1251</strong><br />(+28 for winning)
|raw|36hpdc's rating: 1258 &rarr; <strong>1230</strong><br />(-28 for losing)
|l|☆36hpdc
|player|p2|
|l|☆Ausar48
|player|p1|
