|j|☆abraham_305
|j|☆seakingmissile
|t:|1769444093
|gametype|singles
|player|p1|abraham_305|266|1416
|player|p2|seakingmissile|backpacker|1403
|gen|9
|tier|[Gen 9] OU
|rated|
|rule|HP Percentage Mod: HP is shown in percentages
|rule|Endless Battle Clause: Forcing endless battles is banned
|rule|Species Clause: Limit one of each Pokémon
|rule|OHKO Clause: OHKO moves are banned
|rule|Evasion Items Clause: Evasion items are banned
|rule|Evasion Moves Clause: Evasion moves are banned
|rule|Evasion Abilities Clause: Evasion abilities are banned
|rule|Sleep Moves Clause: Sleep-inducing moves are banned
|clearpoke
|poke|p1|Volcanion|
|poke|p1|Pelipper, M|
|poke|p1|Tinkaton, F|
|poke|p1|Goodra-Hisui, M|
|poke|p1|Barraskewda, M|
|poke|p1|Iron Treads|
|poke|p2|Scrafty, M|
|poke|p2|Samurott-Hisui, F|
|poke|p2|Ting-Lu|
|poke|p2|Corviknight, F|
|poke|p2|Great Tusk|
|poke|p2|Pecharunt|
|teampreview
|c|☆seakingmissile|glhf
|inactive|Battle timer is ON: inactive players will automatically lose when time's up. (requested by seakingmissile)
|
|t:|1769444136
|teamsize|p1|6
|teamsize|p2|6
|start
|switch|p1a: Pelipper|Pelipper, M|100/100
|switch|p2a: Samurott|Samurott-Hisui, F|100/100
|-weather|RainDance|[from] ability: Drizzle|[of] p1a: Pelipper
|turn|1
|
|t:|1769444151
|move|p2a: Samurott|Ceaseless Edge|p1a: Pelipper|[miss]
|-miss|p2a: Samurott|p1a: Pelipper
|move|p1a: Pelipper|Hurricane|p2a: Samurott
|-damage|p2a: Samurott|0 fnt
|faint|p2a: Samurott
|
|-weather|RainDance|[upkeep]
|upkeep
|
|t:|1769444157
|switch|p2a: Ting-Lu|Ting-Lu|100/100
|-ability|p2a: Ting-Lu|Vessel of Ruin
|turn|2
|
|t:|1769444185
|switch|p1a: Volcanion|Volcanion|100/100
|move|p2a: Ting-Lu|Stealth Rock|p1a: Volcanion
|-sidestart|p1: abraham_305|move: Stealth Rock
|
|-weather|RainDance|[upkeep]
|upkeep
|turn|3
|
|t:|1769444198
|move|p1a: Volcanion|Steam Eruption|p2a: Ting-Lu
|-supereffective|p2a: Ting-Lu
|-damage|p2a: Ting-Lu|0 fnt
|faint|p2a: Ting-Lu
|
|-weather|RainDance|[upkeep]
|upkeep
|
|t:|1769444200
|switch|p2a: Scrafty|Scrafty, M|100/100
|turn|4
|
|t:|1769444206
|move|p1a: Volcanion|Steam Eruption|p2a: Scrafty
|-damage|p2a: Scrafty|12/100
|move|p2a: Scrafty|Knock Off|p1a: Volcanion
|-damage|p1a: Volcanion|75/100
|-enditem|p1a: Volcanion|Choice Specs|[from] move: Knock Off|[of] p2a: Scrafty
|
|-weather|RainDance|[upkeep]
|-heal|p2a: Scrafty|18/100|[from] item: Leftovers
|upkeep
|turn|5
|
|t:|1769444213
|move|p1a: Volcanion|Steam Eruption|p2a: Scrafty
|-damage|p2a: Scrafty|0 fnt
|faint|p2a: Scrafty
|
|-weather|none
|upkeep
|
|t:|1769444221
|switch|p2a: Great Tusk|Great Tusk|100/100
|-enditem|p2a: Great Tusk|Booster Energy
|-activate|p2a: Great Tusk|ability: Protosynthesis|[fromitem]
|-start|p2a: Great Tusk|protosynthesisatk
|turn|6
|
|t:|1769444225
|-terastallize|p1a: Volcanion|Flying
|move|p2a: Great Tusk|Rapid Spin|p1a: Volcanion
|-damage|p1a: Volcanion|58/100
|-boost|p2a: Great Tusk|spe|1
|move|p1a: Volcanion|Steam Eruption|p2a: Great Tusk
|-supereffective|p2a: Great Tusk
|-damage|p2a: Great Tusk|0 fnt
|faint|p2a: Great Tusk
|-end|p2a: Great Tusk|Protosynthesis|[silent]
|
|upkeep
|
|t:|1769444228
|switch|p2a: Pecharunt|Pecharunt|100/100
|-item|p2a: Pecharunt|Air Balloon
|turn|7
|
|t:|1769444242
|switch|p1a: Iron Treads|Iron Treads|100/100
|-damage|p1a: Iron Treads|97/100|[from] Stealth Rock
|move|p2a: Pecharunt|Malignant Chain|p1a: Iron Treads
|-immune|p1a: Iron Treads
|
|upkeep
|turn|8
|
|t:|1769444251
|move|p1a: Iron Treads|Iron Head|p2a: Pecharunt
|-damage|p2a: Pecharunt|68/100
|-enditem|p2a: Pecharunt|Air Balloon
|-damage|p1a: Iron Treads|87/100|[from] item: Life Orb
|move|p2a: Pecharunt|Nasty Plot|p2a: Pecharunt
|-boost|p2a: Pecharunt|spa|2
|
|upkeep
|turn|9
|
|t:|1769444258
|move|p1a: Iron Treads|Earthquake|p2a: Pecharunt
|-supereffective|p2a: Pecharunt
|-damage|p2a: Pecharunt|0 fnt
|faint|p2a: Pecharunt
|-damage|p1a: Iron Treads|77/100|[from] item: Life Orb
|
|upkeep
|
|t:|1769444261
|switch|p2a: Corviknight|Corviknight, F|100/100
|-ability|p2a: Corviknight|Pressure
|turn|10
|
|t:|1769444264
|move|p1a: Iron Treads|Knock Off|p2a: Corviknight
|-damage|p2a: Corviknight|79/100
|-damage|p1a: Iron Treads|61/100|[from] item: Rocky Helmet|[of] p2a: Corviknight
|-enditem|p2a: Corviknight|Rocky Helmet|[from] move: Knock Off|[of] p1a: Iron Treads
|-damage|p1a: Iron Treads|51/100|[from] item: Life Orb
|move|p2a: Corviknight|Iron Defense|p2a: Corviknight
|-boost|p2a: Corviknight|def|2
|
|upkeep
|turn|11
|
|t:|1769444270
|move|p1a: Iron Treads|Rapid Spin|p2a: Corviknight
|-resisted|p2a: Corviknight
|-damage|p2a: Corviknight|75/100
|-boost|p1a: Iron Treads|spe|1
|-sideend|p1: abraham_305|Stealth Rock|[from] move: Rapid Spin|[of] p1a: Iron Treads
|-damage|p1a: Iron Treads|41/100|[from] item: Life Orb
|move|p2a: Corviknight|Body Press|p1a: Iron Treads
|-supereffective|p1a: Iron Treads
|-damage|p1a: Iron Treads|0 fnt
|faint|p1a: Iron Treads
|-end|p1a: Iron Treads|Quark Drive|[silent]
|
|upkeep
|
|t:|1769444273
|switch|p1a: Pelipper|Pelipper, M|100/100
|-weather|RainDance|[from] ability: Drizzle|[of] p1a: Pelipper
|turn|12
|
|t:|1769444278
|move|p2a: Corviknight|Roost|p2a: Corviknight
|-heal|p2a: Corviknight|100/100
|-singleturn|p2a: Corviknight|move: Roost
|move|p1a: Pelipper|Surf|p2a: Corviknight
|-damage|p2a: Corviknight|3/100
|
|-weather|RainDance|[upkeep]
|upkeep
|turn|13
|c|☆abraham_305|Gg
|c|☆seakingmissile|gg
|
|t:|1769444290
|-terastallize|p2a: Corviknight|Dragon
|move|p2a: Corviknight|Roost|p2a: Corviknight
|-heal|p2a: Corviknight|53/100
|move|p1a: Pelipper|Surf|p2a: Corviknight
|-resisted|p2a: Corviknight
|-damage|p2a: Corviknight|4/100
|
|-weather|RainDance|[upkeep]
|upkeep
|turn|14
|
|t:|1769444293
|move|p2a: Corviknight|Roost|p2a: Corviknight
|-heal|p2a: Corviknight|54/100
|move|p1a: Pelipper|Surf|p2a: Corviknight
|-resisted|p2a: Corviknight
|-damage|p2a: Corviknight|6/100
|
|-weather|RainDance|[upkeep]
|upkeep
|turn|15
|
|t:|1769444296
|move|p2a: Corviknight|Roost|p2a: Corviknight
|-heal|p2a: Corviknight|56/100
|move|p1a: Pelipper|Surf|p2a: Corviknight
|-resisted|p2a: Corviknight
|-damage|p2a: Corviknight|14/100
|
|-weather|RainDance|[upkeep]
|upkeep
|turn|16
|
|t:|1769444298
|switch|p1a: Tinkaton|Tinkaton, F|100/100
|-ability|p1a: Tinkaton|Mold Breaker
|-item|p1a: Tinkaton|Air Balloon
|move|p2a: Corviknight|Roost|p2a: Corviknight
|-heal|p2a: Corviknight|64/100
|
|-weather|none
|upkeep
|turn|17
|
|t:|1769444302
|move|p1a: Tinkaton|Encore|p2a: Corviknight
|-start|p2a: Corviknight|Encore
|move|p2a: Corviknight|Roost|p2a: Corviknight
|-heal|p2a: Corviknight|100/100
|
|upkeep
|turn|18
|
|t:|1769444307
|move|p1a: Tinkaton|Thunder Wave|p2a: Corviknight
|-status|p2a: Corviknight|par
|move|p2a: Corviknight|Roost||[still]
|-fail|p2a: Corviknight|heal
|
|upkeep
|turn|19
|
|t:|1769444312
|move|p1a: Tinkaton|Gigaton Hammer|p2a: Corviknight
|-crit|p2a: Corviknight
|-damage|p2a: Corviknight|60/100 par
|move|p2a: Corviknight|Roost|p2a: Corviknight
|-heal|p2a: Corviknight|100/100 par
|
|-end|p2a: Corviknight|Encore
|upkeep
|turn|20
|
|t:|1769444319
|switch|p1a: Pelipper|Pelipper, M|100/100
|-weather|RainDance|[from] ability: Drizzle|[of] p1a: Pelipper
|cant|p2a: Corviknight|par
|
|-weather|RainDance|[upkeep]
|upkeep
|turn|21
|
|t:|1769444324
|move|p1a: Pelipper|Ice Beam|p2a: Corviknight
|-supereffective|p2a: Corviknight
|-damage|p2a: Corviknight|24/100 par
|move|p2a: Corviknight|Body Press|p1a: Pelipper
|-resisted|p1a: Pelipper
|-damage|p1a: Pelipper|70/100
|
|-weather|RainDance|[upkeep]
|upkeep
|turn|22
|
|t:|1769444327
|move|p1a: Pelipper|Ice Beam|p2a: Corviknight
|-supereffective|p2a: Corviknight
|-damage|p2a: Corviknight|0 fnt
|faint|p2a: Corviknight
|
|win|abraham_305
|raw|abraham_305's rating: 1416 &rarr; <strong>1435</strong><br />(+19 for winning)
|raw|seakingmissile's rating: 1403 &rarr; <strong>1384</strong><br />(-19 for losing)
|l|☆seakingmissile
|player|p2|
|l|☆abraham_305
|player|p1|
