|j|☆apexacer
|j|☆Cam1610
|t:|1769444139
|gametype|singles
|player|p1|apexacer|2|1581
|player|p2|Cam1610|hiker-gen4|1504
|gen|9
|tier|[Gen 9] OU
|rated|
|rule|HP Percentage Mod: HP is shown in percentages
|rule|Endless Battle Clause: Forcing endless battles is banned
|rule|Species Clause: Limit one of each Pokémon
|rule|OHKO Clause: OHKO moves are banned
|rule|Evasion Items Clause: Evasion items are banned
|rule|Evasion Moves Clause: Evasion moves are banned
|rule|Evasion Abilities Clause: Evasion abilities are banned
|rule|Sleep Moves Clause: Sleep-inducing moves are banned
|clearpoke
|poke|p1|Indeedee, M|
|poke|p1|Kingambit, M|
|poke|p1|Polteageist|
|poke|p1|Grimmsnarl, M|
|poke|p1|Great Tusk|
|poke|p1|Kyurem|
|poke|p2|Ninetales-Alola, F|
|poke|p2|Porygon-Z|
|poke|p2|Great Tusk|
|poke|p2|Zapdos|
|poke|p2|Ogerpon-Wellspring, F|
|poke|p2|Heatran, M|
|teampreview
|inactive|Battle timer is ON: inactive players will automatically lose when time's up. (requested by Cam1610)
|
|t:|1769444142
|teamsize|p1|6
|teamsize|p2|6
|start
|switch|p1a: Kyurem|Kyurem|100/100
|switch|p2a: Ninetales|Ninetales-Alola, F|100/100
|-ability|p1a: Kyurem|Pressure
|-weather|Snowscape|[from] ability: Snow Warning|[of] p2a: Ninetales
|turn|1
|
|t:|1769444150
|move|p1a: Kyurem|Flash Cannon|p2a: Ninetales
|-supereffective|p2a: Ninetales
|-damage|p2a: Ninetales|0 fnt
|faint|p2a: Ninetales
|
|-weather|Snowscape|[upkeep]
|upkeep
|
|t:|1769444164
|switch|p2a: Heatran|Heatran, M|100/100
|turn|2
|
|t:|1769444173
|switch|p1a: Grimmsnarl|Grimmsnarl, M|100/100
|move|p2a: Heatran|Lava Plume|p1a: Grimmsnarl
|-damage|p1a: Grimmsnarl|68/100
|
|-weather|Snowscape|[upkeep]
|upkeep
|turn|3
|
|t:|1769444179
|move|p1a: Grimmsnarl|Light Screen|p1a: Grimmsnarl
|-sidestart|p1: apexacer|move: Light Screen
|move|p2a: Heatran|Flash Cannon|p1a: Grimmsnarl
|-supereffective|p1a: Grimmsnarl
|-crit|p1a: Grimmsnarl
|-damage|p1a: Grimmsnarl|0 fnt
|faint|p1a: Grimmsnarl
|
|-weather|Snowscape|[upkeep]
|upkeep
|
|t:|1769444183
|switch|p1a: Polteageist|Polteageist|100/100
|turn|4
|
|t:|1769444188
|move|p1a: Polteageist|Shell Smash|p1a: Polteageist
|-unboost|p1a: Polteageist|def|1
|-unboost|p1a: Polteageist|spd|1
|-boost|p1a: Polteageist|atk|2
|-boost|p1a: Polteageist|spa|2
|-boost|p1a: Polteageist|spe|2
|-enditem|p1a: Polteageist|White Herb
|-clearnegativeboost|p1a: Polteageist|[silent]
|move|p2a: Heatran|Lava Plume|p1a: Polteageist
|-damage|p1a: Polteageist|73/100
|
|-weather|Snowscape|[upkeep]
|upkeep
|turn|5
|
|t:|1769444199
|-terastallize|p1a: Polteageist|Fighting
|move|p1a: Polteageist|Tera Blast|p2a: Heatran|[anim] Tera Blast Fighting
|-supereffective|p2a: Heatran
|-damage|p2a: Heatran|0 fnt
|faint|p2a: Heatran
|
|-weather|none
|upkeep
|
|t:|1769444208
|switch|p2a: Zapdos|Zapdos|100/100
|turn|6
|
|t:|1769444211
|move|p1a: Polteageist|Stored Power|p2a: Zapdos
|-damage|p2a: Zapdos|2/100
|move|p2a: Zapdos|Hurricane|p1a: Polteageist
|-supereffective|p1a: Polteageist
|-damage|p1a: Polteageist|7/100
|-start|p1a: Polteageist|confusion
|
|-heal|p2a: Zapdos|8/100|[from] item: Leftovers
|upkeep
|turn|7
|
|t:|1769444218
|-activate|p1a: Polteageist|confusion
|move|p1a: Polteageist|Stored Power|p2a: Zapdos
|-damage|p2a: Zapdos|0 fnt
|faint|p2a: Zapdos
|
|upkeep
|
|t:|1769444227
|switch|p2a: Ogerpon|Ogerpon-Wellspring, F|100/100
|turn|8
|
|t:|1769444230
|-activate|p1a: Polteageist|confusion
|-damage|p1a: Polteageist|0 fnt|[from] confusion
|faint|p1a: Polteageist
|move|p2a: Ogerpon|Horn Leech|p1: Polteageist|[notarget]
|-fail|p2a: Ogerpon
|
|upkeep
|
|t:|1769444236
|switch|p1a: Kyurem|Kyurem|100/100
|-ability|p1a: Kyurem|Pressure
|turn|9
|
|t:|1769444241
|move|p1a: Kyurem|Freeze-Dry|p2a: Ogerpon
|-supereffective|p2a: Ogerpon
|-damage|p2a: Ogerpon|0 fnt
|faint|p2a: Ogerpon
|
|upkeep
|
|t:|1769444244
|switch|p2a: Porygon-Z|Porygon-Z|100/100
|turn|10
|inactive|Cam1610 has 120 seconds left.
|
|t:|1769444274
|-terastallize|p2a: Porygon-Z|Fairy
|move|p2a: Porygon-Z|Tera Blast|p1a: Kyurem|[anim] Tera Blast Fairy
|-supereffective|p1a: Kyurem
|-damage|p1a: Kyurem|47/100
|move|p1a: Kyurem|Freeze-Dry|p2a: Porygon-Z
|-damage|p2a: Porygon-Z|49/100
|
|-sideend|p1: apexacer|move: Light Screen
|upkeep
|turn|11
|
|t:|1769444283
|move|p2a: Porygon-Z|Tera Blast|p1a: Kyurem|[anim] Tera Blast Fairy
|-supereffective|p1a: Kyurem
|-damage|p1a: Kyurem|0 fnt
|faint|p1a: Kyurem
|
|upkeep
|
|t:|1769444295
|switch|p1a: Indeedee|Indeedee, M|100/100
|-fieldstart|move: Psychic Terrain|[from] ability: Psychic Surge|[of] p1a: Indeedee
|turn|12
|
|t:|1769444298
|move|p1a: Indeedee|Expanding Force|p2a: Porygon-Z
|-damage|p2a: Porygon-Z|0 fnt
|faint|p2a: Porygon-Z
|
|upkeep
|
|t:|1769444307
|switch|p2a: Great Tusk|Great Tusk|100/100
|turn|13
|
|t:|1769444311
|move|p1a: Indeedee|Expanding Force|p2a: Great Tusk
|-supereffective|p2a: Great Tusk
|-damage|p2a: Great Tusk|0 fnt
|faint|p2a: Great Tusk
|-end|p2a: Great Tusk|Protosynthesis|[silent]
|
|win|apexacer
|raw|apexacer's rating: 1581 &rarr; <strong>1597</strong><br />(+16 for winning)
|raw|Cam1610's rating: 1504 &rarr; <strong>1488</strong><br />(-16 for losing)
|l|☆Cam1610
|player|p2|
|l|☆apexacer
|player|p1|
