|j|☆N0AH__123__
|j|☆testthoitestthoi2
|t:|1769439504
|gametype|singles
|player|p1|N0AH__123__|boarder|1358
|player|p2|testthoitestthoi2|265|1396
|gen|9
|tier|[Gen 9] OU
|rated|
|rule|HP Percentage Mod: HP is shown in percentages
|rule|Endless Battle Clause: Forcing endless battles is banned
|rule|Species Clause: Limit one of each Pokémon
|rule|OHKO Clause: OHKO moves are banned
|rule|Evasion Items Clause: Evasion items are banned
|rule|Evasion Moves Clause: Evasion moves are banned
|rule|Evasion Abilities Clause: Evasion abilities are banned
|rule|Sleep Moves Clause: Sleep-inducing moves are banned
|clearpoke
|poke|p1|Kilowattrel, M|
|poke|p1|Pelipper, M|
|poke|p1|Iron Treads|
|poke|p1|Darkrai|
|poke|p1|Toxicroak, F|
|poke|p1|Basculegion-F, F|
|poke|p2|Iron Valiant|
|poke|p2|Excadrill, F|
|poke|p2|Tyranitar, M|
|poke|p2|Tornadus-Therian, M|
|poke|p2|Ogerpon-Cornerstone, F|
|poke|p2|Toxapex, F|
|teampreview
|
|t:|1769439541
|teamsize|p1|6
|teamsize|p2|6
|start
|switch|p1a: Iron Treads|Iron Treads|100/100
|switch|p2a: Ogerpon|Ogerpon-Cornerstone, F|100/100
|-enditem|p1a: Iron Treads|Booster Energy
|-activate|p1a: Iron Treads|ability: Quark Drive|[fromitem]
|-start|p1a: Iron Treads|quarkdrivespe
|turn|1
|
|t:|1769439552
|switch|p2a: Tyranitar|Tyranitar, M|100/100
|-weather|Sandstorm|[from] ability: Sand Stream|[of] p2a: Tyranitar
|move|p1a: Iron Treads|Stealth Rock|p2a: Tyranitar
|-sidestart|p2: testthoitestthoi2|move: Stealth Rock
|
|-weather|Sandstorm|[upkeep]
|upkeep
|turn|2
|
|t:|1769439563
|move|p1a: Iron Treads|Volt Switch|p2a: Tyranitar
|-damage|p2a: Tyranitar|90/100
|
|t:|1769439567
|-end|p1a: Iron Treads|Quark Drive|[silent]
|switch|p1a: Pelipper|Pelipper, M|100/100|[from] Volt Switch
|-weather|RainDance|[from] ability: Drizzle|[of] p1a: Pelipper
|move|p2a: Tyranitar|Stealth Rock|p1a: Pelipper
|-sidestart|p1: N0AH__123__|move: Stealth Rock
|
|-weather|RainDance|[upkeep]
|upkeep
|turn|3
|
|t:|1769439578
|switch|p2a: Toxapex|Toxapex, F|100/100
|-damage|p2a: Toxapex|88/100|[from] Stealth Rock
|move|p1a: Pelipper|U-turn|p2a: Toxapex
|-resisted|p2a: Toxapex
|-damage|p2a: Toxapex|85/100
|-enditem|p2a: Toxapex|Eject Button
|
|t:|1769439588
|switch|p2a: Tyranitar|Tyranitar, M|90/100
|-damage|p2a: Tyranitar|78/100|[from] Stealth Rock
|-weather|Sandstorm|[from] ability: Sand Stream|[of] p2a: Tyranitar
|
|-weather|Sandstorm|[upkeep]
|-damage|p1a: Pelipper|94/100|[from] Sandstorm
|upkeep
|turn|4
|
|t:|1769439598
|switch|p2a: Excadrill|Excadrill, F|100/100
|-damage|p2a: Excadrill|97/100|[from] Stealth Rock
|switch|p1a: Iron Treads|Iron Treads|100/100
|-damage|p1a: Iron Treads|97/100|[from] Stealth Rock
|
|-weather|Sandstorm|[upkeep]
|-heal|p2a: Excadrill|100/100|[from] item: Leftovers
|upkeep
|turn|5
|
|t:|1769439611
|-terastallize|p1a: Iron Treads|Ghost
|move|p2a: Excadrill|Earthquake|p1a: Iron Treads
|-damage|p1a: Iron Treads|46/100
|move|p1a: Iron Treads|Rapid Spin|p2a: Excadrill
|-resisted|p2a: Excadrill
|-crit|p2a: Excadrill
|-damage|p2a: Excadrill|88/100
|-boost|p1a: Iron Treads|spe|1
|-sideend|p1: N0AH__123__|Stealth Rock|[from] move: Rapid Spin|[of] p1a: Iron Treads
|
|-weather|Sandstorm|[upkeep]
|-damage|p1a: Iron Treads|40/100|[from] Sandstorm
|-heal|p2a: Excadrill|94/100|[from] item: Leftovers
|upkeep
|turn|6
|
|t:|1769439626
|switch|p2a: Tornadus|Tornadus-Therian, M|100/100
|-damage|p2a: Tornadus|76/100|[from] Stealth Rock
|-end|p1a: Iron Treads|Quark Drive|[silent]
|switch|p1a: Pelipper|Pelipper, M|94/100
|-weather|RainDance|[from] ability: Drizzle|[of] p1a: Pelipper
|
|-weather|RainDance|[upkeep]
|upkeep
|turn|7
|
|t:|1769439637
|move|p2a: Tornadus|Bleakwind Storm|p1a: Pelipper
|-damage|p1a: Pelipper|0 fnt
|faint|p1a: Pelipper
|
|-weather|RainDance|[upkeep]
|upkeep
|
|t:|1769439640
|switch|p1a: Kilowattrel|Kilowattrel, M|100/100
|turn|8
|
|t:|1769439646
|switch|p2a: Tyranitar|Tyranitar, M|78/100
|-damage|p2a: Tyranitar|65/100|[from] Stealth Rock
|-weather|Sandstorm|[from] ability: Sand Stream|[of] p2a: Tyranitar
|move|p1a: Kilowattrel|Thunder|p2a: Tyranitar
|-damage|p2a: Tyranitar|32/100
|-status|p2a: Tyranitar|par
|
|-weather|Sandstorm|[upkeep]
|-damage|p1a: Kilowattrel|94/100|[from] Sandstorm
|upkeep
|turn|9
|
|t:|1769439659
|switch|p2a: Excadrill|Excadrill, F|94/100
|-damage|p2a: Excadrill|91/100|[from] Stealth Rock
|move|p1a: Kilowattrel|Thunder|p2a: Excadrill
|-immune|p2a: Excadrill
|
|-weather|Sandstorm|[upkeep]
|-damage|p1a: Kilowattrel|88/100|[from] Sandstorm
|-heal|p2a: Excadrill|97/100|[from] item: Leftovers
|upkeep
|turn|10
|
|t:|1769439669
|move|p2a: Excadrill|Rock Slide|p1a: Kilowattrel
|-supereffective|p1a: Kilowattrel
|-damage|p1a: Kilowattrel|0 fnt
|faint|p1a: Kilowattrel
|
|-weather|Sandstorm|[upkeep]
|-heal|p2a: Excadrill|100/100|[from] item: Leftovers
|upkeep
|
|t:|1769439676
|switch|p1a: Basculegion|Basculegion-F, F|100/100
|turn|11
|
|t:|1769439684
|switch|p2a: Toxapex|Toxapex, F|100/100
|-damage|p2a: Toxapex|88/100|[from] Stealth Rock
|move|p1a: Basculegion|Surf|p2a: Toxapex
|-resisted|p2a: Toxapex
|-damage|p2a: Toxapex|65/100
|
|-weather|Sandstorm|[upkeep]
|-damage|p1a: Basculegion|94/100|[from] Sandstorm
|-damage|p2a: Toxapex|59/100|[from] Sandstorm
|upkeep
|turn|12
|
|t:|1769439700
|switch|p1a: Toxicroak|Toxicroak, F|100/100
|move|p2a: Toxapex|Toxic|p1a: Toxicroak
|-immune|p1a: Toxicroak
|
|-weather|Sandstorm|[upkeep]
|-damage|p1a: Toxicroak|94/100|[from] Sandstorm
|-damage|p2a: Toxapex|53/100|[from] Sandstorm
|upkeep
|turn|13
|
|t:|1769439708
|move|p1a: Toxicroak|Toxic|p2a: Toxapex
|-immune|p2a: Toxapex
|move|p2a: Toxapex|Toxic Spikes|p1a: Toxicroak
|-sidestart|p1: N0AH__123__|move: Toxic Spikes
|
|-weather|Sandstorm|[upkeep]
|-damage|p1a: Toxicroak|88/100|[from] Sandstorm
|-damage|p2a: Toxapex|47/100|[from] Sandstorm
|upkeep
|turn|14
|
|t:|1769439716
|switch|p1a: Iron Treads|Iron Treads, tera:Ghost|40/100
|-status|p1a: Iron Treads|psn
|move|p2a: Toxapex|Toxic Spikes|p1a: Iron Treads
|-sidestart|p1: N0AH__123__|move: Toxic Spikes
|
|-weather|Sandstorm|[upkeep]
|-damage|p1a: Iron Treads|34/100 psn|[from] Sandstorm
|-damage|p2a: Toxapex|41/100|[from] Sandstorm
|-damage|p1a: Iron Treads|21/100 psn|[from] psn
|upkeep
|turn|15
|
|t:|1769439729
|switch|p2a: Tornadus|Tornadus-Therian, M|100/100
|-damage|p2a: Tornadus|76/100|[from] Stealth Rock
|move|p1a: Iron Treads|Earth Power|p2a: Tornadus
|-immune|p2a: Tornadus
|
|-weather|none
|-damage|p1a: Iron Treads|9/100 psn|[from] psn
|upkeep
|turn|16
|
|t:|1769439745
|move|p2a: Tornadus|Grass Knot|p1a: Iron Treads
|-damage|p1a: Iron Treads|0 fnt
|faint|p1a: Iron Treads
|-end|p1a: Iron Treads|Quark Drive|[silent]
|
|upkeep
|
|t:|1769439751
|switch|p1a: Toxicroak|Toxicroak, F|88/100
|-sideend|p1: N0AH__123__|move: Toxic Spikes|[of] p1a: Toxicroak
|turn|17
|
|t:|1769439755
|switch|p2a: Toxapex|Toxapex, F|75/100
|-damage|p2a: Toxapex|63/100|[from] Stealth Rock
|move|p1a: Toxicroak|Toxic|p2a: Toxapex
|-immune|p2a: Toxapex
|
|upkeep
|turn|18
|
|t:|1769439766
|switch|p1a: Darkrai|Darkrai|100/100
|move|p2a: Toxapex|Toxic Spikes|p1a: Darkrai
|-sidestart|p1: N0AH__123__|move: Toxic Spikes
|
|upkeep
|turn|19
|
|t:|1769439771
|move|p1a: Darkrai|Dark Pulse|p2a: Toxapex
|-crit|p2a: Toxapex
|-damage|p2a: Toxapex|13/100
|move|p2a: Toxapex|Toxic|p1a: Darkrai
|-status|p1a: Darkrai|tox
|
|-damage|p1a: Darkrai|94/100 tox|[from] psn
|upkeep
|turn|20
|
|t:|1769439805
|move|p1a: Darkrai|Dark Pulse|p2a: Toxapex
|-damage|p2a: Toxapex|0 fnt
|faint|p2a: Toxapex
|
|-heal|p1a: Darkrai|100/100 tox|[from] item: Leftovers
|-damage|p1a: Darkrai|88/100 tox|[from] psn
|upkeep
|
|t:|1769439813
|switch|p2a: Tyranitar|Tyranitar, M|32/100 par
|-damage|p2a: Tyranitar|19/100 par|[from] Stealth Rock
|-weather|Sandstorm|[from] ability: Sand Stream|[of] p2a: Tyranitar
|turn|21
|
|t:|1769439825
|move|p1a: Darkrai|Dark Pulse|p2a: Tyranitar
|-resisted|p2a: Tyranitar
|-damage|p2a: Tyranitar|3/100 par
|move|p2a: Tyranitar|Stealth Rock|p1a: Darkrai
|-sidestart|p1: N0AH__123__|move: Stealth Rock
|
|-weather|Sandstorm|[upkeep]
|-damage|p1a: Darkrai|82/100 tox|[from] Sandstorm
|-heal|p1a: Darkrai|88/100 tox|[from] item: Leftovers
|-damage|p1a: Darkrai|70/100 tox|[from] psn
|upkeep
|turn|22
|
|t:|1769439835
|move|p1a: Darkrai|Ice Beam|p2a: Tyranitar
|-damage|p2a: Tyranitar|0 fnt
|faint|p2a: Tyranitar
|
|-weather|Sandstorm|[upkeep]
|-damage|p1a: Darkrai|64/100 tox|[from] Sandstorm
|-heal|p1a: Darkrai|70/100 tox|[from] item: Leftovers
|-damage|p1a: Darkrai|46/100 tox|[from] psn
|upkeep
|
|t:|1769439845
|switch|p2a: Excadrill|Excadrill, F|100/100
|-damage|p2a: Excadrill|97/100|[from] Stealth Rock
|turn|23
|
|t:|1769439852
|switch|p1a: Toxicroak|Toxicroak, F|88/100
|-sideend|p1: N0AH__123__|move: Toxic Spikes|[of] p1a: Toxicroak
|-damage|p1a: Toxicroak|82/100|[from] Stealth Rock
|move|p2a: Excadrill|Earthquake|p1a: Toxicroak
|-supereffective|p1a: Toxicroak
|-damage|p1a: Toxicroak|0 fnt
|faint|p1a: Toxicroak
|
|-weather|Sandstorm|[upkeep]
|-heal|p2a: Excadrill|100/100|[from] item: Leftovers
|upkeep
|
|t:|1769439855
|switch|p1a: Basculegion|Basculegion-F, F|94/100
|-damage|p1a: Basculegion|82/100|[from] Stealth Rock
|turn|24
|
|t:|1769439892
|move|p2a: Excadrill|Earthquake|p1a: Basculegion
|-damage|p1a: Basculegion|13/100
|move|p1a: Basculegion|Surf|p2a: Excadrill
|-supereffective|p2a: Excadrill
|-damage|p2a: Excadrill|0 fnt
|faint|p2a: Excadrill
|
|-weather|Sandstorm|[upkeep]
|-damage|p1a: Basculegion|7/100|[from] Sandstorm
|upkeep
|
|t:|1769439903
|switch|p2a: Iron Valiant|Iron Valiant|100/100
|-damage|p2a: Iron Valiant|94/100|[from] Stealth Rock
|turn|25
|
|t:|1769439909
|move|p2a: Iron Valiant|Moonblast|p1a: Basculegion
|-damage|p1a: Basculegion|0 fnt
|faint|p1a: Basculegion
|
|-weather|Sandstorm|[upkeep]
|-damage|p2a: Iron Valiant|88/100|[from] Sandstorm
|upkeep
|
|t:|1769439911
|switch|p1a: Darkrai|Darkrai|46/100 tox
|-damage|p1a: Darkrai|34/100 tox|[from] Stealth Rock
|turn|26
|
|t:|1769439923
|-end|p2a: Iron Valiant|Quark Drive|[silent]
|switch|p2a: Tornadus|Tornadus-Therian, M|100/100
|-damage|p2a: Tornadus|76/100|[from] Stealth Rock
|move|p1a: Darkrai|Ice Beam|p2a: Tornadus
|-supereffective|p2a: Tornadus
|-damage|p2a: Tornadus|0 fnt
|faint|p2a: Tornadus
|
|-weather|Sandstorm|[upkeep]
|-damage|p1a: Darkrai|28/100 tox|[from] Sandstorm
|-heal|p1a: Darkrai|34/100 tox|[from] item: Leftovers
|-damage|p1a: Darkrai|28/100 tox|[from] psn
|upkeep
|
|t:|1769439938
|switch|p2a: Ogerpon|Ogerpon-Cornerstone, F|100/100
|-damage|p2a: Ogerpon|88/100|[from] Stealth Rock
|turn|27
|
|t:|1769439944
|move|p2a: Ogerpon|Low Kick|p1a: Darkrai
|-supereffective|p1a: Darkrai
|-damage|p1a: Darkrai|0 fnt
|faint|p1a: Darkrai
|
|win|testthoitestthoi2
|raw|N0AH__123__'s rating: 1358 &rarr; <strong>1340</strong><br />(-18 for losing)
|raw|testthoitestthoi2's rating: 1396 &rarr; <strong>1414</strong><br />(+18 for winning)
|l|☆N0AH__123__
|player|p1|
|l|☆testthoitestthoi2
|player|p2|
