|j|☆Keeplwh
|j|☆William will
|t:|1769320538
|gametype|singles
|player|p1|Keeplwh|101|1070
|player|p2|William will|102|1072
|gen|9
|tier|[Gen 9] OU
|rated|
|rule|HP Percentage Mod: HP is shown in percentages
|rule|Endless Battle Clause: Forcing endless battles is banned
|rule|Species Clause: Limit one of each Pokémon
|rule|OHKO Clause: OHKO moves are banned
|rule|Evasion Items Clause: Evasion items are banned
|rule|Evasion Moves Clause: Evasion moves are banned
|rule|Evasion Abilities Clause: Evasion abilities are banned
|rule|Sleep Moves Clause: Sleep-inducing moves are banned
|clearpoke
|poke|p1|Alomomola, M|
|poke|p1|Great Tusk|
|poke|p1|Raging Bolt|
|poke|p1|Landorus-Therian, M|
|poke|p1|Slowking-Galar, M|
|poke|p1|Braviary-Hisui, M|
|poke|p2|Gliscor, F|
|poke|p2|Walking Wake|
|poke|p2|Torkoal, M|
|poke|p2|Clefable, F|
|poke|p2|Skarmory, M|
|poke|p2|Darkrai|
|teampreview
|inactive|Battle timer is ON: inactive players will automatically lose when time's up. (requested by William will)
|
|t:|1769320549
|teamsize|p1|6
|teamsize|p2|6
|start
|switch|p1a: Landorus|Landorus-Therian, M|100/100
|switch|p2a: Torkoal|Torkoal, M|100/100
|-ability|p1a: Landorus|Intimidate|boost
|-unboost|p2a: Torkoal|atk|1
|-weather|SunnyDay|[from] ability: Drought|[of] p2a: Torkoal
|turn|1
|
|t:|1769320563
|switch|p2a: Gliscor|Gliscor, F|100/100
|move|p1a: Landorus|Taunt|p2a: Gliscor
|-start|p2a: Gliscor|move: Taunt
|
|-weather|SunnyDay|[upkeep]
|-status|p2a: Gliscor|tox|[from] item: Toxic Orb
|upkeep
|turn|2
|
|t:|1769320590
|switch|p1a: Slowking|Slowking-Galar, M|100/100
|switch|p2a: Walking Wake|Walking Wake|100/100
|-activate|p2a: Walking Wake|ability: Protosynthesis
|-start|p2a: Walking Wake|protosynthesisspe
|
|-weather|SunnyDay|[upkeep]
|upkeep
|turn|3
|
|t:|1769320604
|-end|p2a: Walking Wake|Protosynthesis|[silent]
|switch|p2a: Darkrai|Darkrai|100/100
|-prepare|p1a: Slowking|Chilly Reception|[premajor]
|move|p1a: Slowking|Chilly Reception|p1a: Slowking
|-weather|Snowscape
|inactive|Keeplwh has 120 seconds left.
|
|t:|1769320621
|switch|p1a: Landorus|Landorus-Therian, M|100/100|[from] Chilly Reception
|-ability|p1a: Landorus|Intimidate|boost
|-unboost|p2a: Darkrai|atk|1
|
|-weather|Snowscape|[upkeep]
|upkeep
|turn|4
|
|t:|1769320627
|move|p1a: Landorus|U-turn|p2a: Darkrai
|-supereffective|p2a: Darkrai
|-damage|p2a: Darkrai|29/100
|
|t:|1769320635
|switch|p1a: Alomomola|Alomomola, M|100/100|[from] U-turn
|move|p2a: Darkrai|Dark Pulse|p1a: Alomomola
|-crit|p1a: Alomomola
|-damage|p1a: Alomomola|47/100
|
|-weather|Snowscape|[upkeep]
|-heal|p1a: Alomomola|53/100|[from] item: Leftovers
|upkeep
|turn|5
|
|t:|1769320644
|move|p2a: Darkrai|Nasty Plot|p2a: Darkrai
|-boost|p2a: Darkrai|spa|2
|move|p1a: Alomomola|Flip Turn|p2a: Darkrai
|-damage|p2a: Darkrai|10/100
|
|t:|1769320648
|switch|p1a: Landorus|Landorus-Therian, M|100/100|[from] Flip Turn
|-ability|p1a: Landorus|Intimidate|boost
|-unboost|p2a: Darkrai|atk|1
|
|-weather|Snowscape|[upkeep]
|upkeep
|turn|6
|
|t:|1769320653
|switch|p2a: Skarmory|Skarmory, M|100/100
|move|p1a: Landorus|U-turn|p2a: Skarmory
|-resisted|p2a: Skarmory
|-damage|p2a: Skarmory|95/100
|-ability|p2a: Skarmory|Weak Armor|boost
|-unboost|p2a: Skarmory|def|1
|-boost|p2a: Skarmory|spe|2
|
|t:|1769320657
|switch|p1a: Raging Bolt|Raging Bolt|100/100|[from] U-turn
|
|-weather|Snowscape|[upkeep]
|upkeep
|turn|7
|
|t:|1769320662
|move|p2a: Skarmory|Endure|p2a: Skarmory
|-singleturn|p2a: Skarmory|move: Endure
|move|p1a: Raging Bolt|Draco Meteor|p2a: Skarmory
|-resisted|p2a: Skarmory
|-damage|p2a: Skarmory|54/100
|-unboost|p1a: Raging Bolt|spa|2
|
|-weather|none
|upkeep
|turn|8
|
|t:|1769320671
|-end|p1a: Raging Bolt|Protosynthesis|[silent]
|switch|p1a: Landorus|Landorus-Therian, M|100/100
|-ability|p1a: Landorus|Intimidate|boost
|-unboost|p2a: Skarmory|atk|1
|move|p2a: Skarmory|Drill Run|p1a: Landorus
|-immune|p1a: Landorus
|
|upkeep
|turn|9
|
|t:|1769320679
|switch|p2a: Clefable|Clefable, F|100/100
|move|p1a: Landorus|Stone Edge|p2a: Clefable|[miss]
|-miss|p1a: Landorus|p2a: Clefable
|
|upkeep
|turn|10
|
|t:|1769320686
|switch|p1a: Slowking|Slowking-Galar, M|100/100
|move|p2a: Clefable|Cosmic Power|p2a: Clefable
|-boost|p2a: Clefable|def|1
|-boost|p2a: Clefable|spd|1
|
|upkeep
|turn|11
|
|t:|1769320693
|-terastallize|p2a: Clefable|Poison
|move|p2a: Clefable|Cosmic Power|p2a: Clefable
|-boost|p2a: Clefable|def|1
|-boost|p2a: Clefable|spd|1
|move|p1a: Slowking|Sludge Bomb|p2a: Clefable
|-resisted|p2a: Clefable
|-damage|p2a: Clefable|91/100
|
|upkeep
|turn|12
|
|t:|1769320700
|move|p2a: Clefable|Cosmic Power|p2a: Clefable
|-boost|p2a: Clefable|def|1
|-boost|p2a: Clefable|spd|1
|move|p1a: Slowking|Future Sight|p2a: Clefable
|-start|p1a: Slowking|move: Future Sight
|
|upkeep
|turn|13
|
|t:|1769320714
|move|p2a: Clefable|Cosmic Power|p2a: Clefable
|-boost|p2a: Clefable|def|1
|-boost|p2a: Clefable|spd|1
|-prepare|p1a: Slowking|Chilly Reception|[premajor]
|move|p1a: Slowking|Chilly Reception|p1a: Slowking
|-weather|Snowscape
|
|t:|1769320716
|switch|p1a: Braviary|Braviary-Hisui, M|100/100|[from] Chilly Reception
|
|-weather|Snowscape|[upkeep]
|upkeep
|turn|14
|
|t:|1769320726
|move|p1a: Braviary|Psychic|p2a: Clefable
|-supereffective|p2a: Clefable
|-damage|p2a: Clefable|41/100
|move|p2a: Clefable|Cosmic Power|p2a: Clefable
|-boost|p2a: Clefable|def|1
|-boost|p2a: Clefable|spd|1
|
|-weather|Snowscape|[upkeep]
|-end|p2a: Clefable|move: Future Sight
|-supereffective|p2a: Clefable
|-damage|p2a: Clefable|10/100
|upkeep
|turn|15
|
|t:|1769320739
|move|p1a: Braviary|Psychic|p2a: Clefable
|-supereffective|p2a: Clefable
|-crit|p2a: Clefable
|-damage|p2a: Clefable|0 fnt
|faint|p2a: Clefable
|
|-weather|Snowscape|[upkeep]
|upkeep
|
|t:|1769320745
|switch|p2a: Torkoal|Torkoal, M|100/100
|-weather|SunnyDay|[from] ability: Drought|[of] p2a: Torkoal
|turn|16
|
|t:|1769320753
|switch|p1a: Great Tusk|Great Tusk|100/100
|-item|p1a: Great Tusk|Air Balloon
|-activate|p1a: Great Tusk|ability: Protosynthesis
|-start|p1a: Great Tusk|protosynthesisdef
|move|p2a: Torkoal|Weather Ball|p1a: Great Tusk
|-damage|p1a: Great Tusk|53/100
|-enditem|p1a: Great Tusk|Air Balloon
|
|-weather|SunnyDay|[upkeep]
|upkeep
|turn|17
|
|t:|1769320764
|-end|p1a: Great Tusk|Protosynthesis|[silent]
|switch|p1a: Alomomola|Alomomola, M|86/100
|switch|p2a: Walking Wake|Walking Wake|100/100
|-activate|p2a: Walking Wake|ability: Protosynthesis
|-start|p2a: Walking Wake|protosynthesisspe
|
|-weather|SunnyDay|[upkeep]
|-heal|p1a: Alomomola|93/100|[from] item: Leftovers
|upkeep
|turn|18
|
|t:|1769320771
|move|p1a: Alomomola|Protect|p1a: Alomomola
|-singleturn|p1a: Alomomola|Protect
|move|p2a: Walking Wake|Hydro Steam|p1a: Alomomola
|-activate|p1a: Alomomola|move: Protect
|
|-weather|SunnyDay|[upkeep]
|-heal|p1a: Alomomola|99/100|[from] item: Leftovers
|upkeep
|turn|19
|inactive|Keeplwh has 120 seconds left.
|
|t:|1769320808
|move|p2a: Walking Wake|Hydro Steam|p1a: Alomomola
|-resisted|p1a: Alomomola
|-damage|p1a: Alomomola|68/100
|-damage|p2a: Walking Wake|91/100|[from] item: Life Orb
|move|p1a: Alomomola|Flip Turn|p2a: Walking Wake
|-resisted|p2a: Walking Wake
|-crit|p2a: Walking Wake
|-damage|p2a: Walking Wake|87/100
|
|t:|1769320817
|switch|p1a: Landorus|Landorus-Therian, M|100/100|[from] Flip Turn
|-ability|p1a: Landorus|Intimidate|boost
|-unboost|p2a: Walking Wake|atk|1
|
|-weather|SunnyDay|[upkeep]
|upkeep
|turn|20
|
|t:|1769320824
|move|p2a: Walking Wake|Hydro Steam|p1a: Landorus
|-supereffective|p1a: Landorus
|-damage|p1a: Landorus|0 fnt
|faint|p1a: Landorus
|-damage|p2a: Walking Wake|77/100|[from] item: Life Orb
|
|-weather|none
|-end|p2a: Walking Wake|Protosynthesis
|upkeep
|inactive|Keeplwh has 120 seconds left.
|
|t:|1769320838
|switch|p1a: Braviary|Braviary-Hisui, M|100/100
|turn|21
|
|t:|1769320847
|move|p2a: Walking Wake|Sunny Day|p2a: Walking Wake
|-weather|SunnyDay
|-activate|p2a: Walking Wake|ability: Protosynthesis
|-start|p2a: Walking Wake|protosynthesisspe
|move|p1a: Braviary|Psychic|p2a: Walking Wake
|-damage|p2a: Walking Wake|0 fnt
|faint|p2a: Walking Wake
|-end|p2a: Walking Wake|Protosynthesis|[silent]
|
|-weather|SunnyDay|[upkeep]
|upkeep
|
|t:|1769320856
|switch|p2a: Gliscor|Gliscor, F|100/100 tox
|turn|22
|
|t:|1769320872
|-terastallize|p1a: Braviary|Fire
|move|p2a: Gliscor|Dual Wingbeat|p1a: Braviary
|-damage|p1a: Braviary|83/100
|-damage|p1a: Braviary|63/100
|-hitcount|p1a: Braviary|2
|move|p1a: Braviary|Psychic|p2a: Gliscor
|-damage|p2a: Gliscor|19/100 tox
|
|-weather|SunnyDay|[upkeep]
|-heal|p2a: Gliscor|31/100 tox|[from] ability: Poison Heal
|upkeep
|turn|23
|inactive|Keeplwh has 120 seconds left.
|
|t:|1769320889
|switch|p2a: Darkrai|Darkrai|10/100
|switch|p1a: Alomomola|Alomomola, M|100/100
|
|-weather|SunnyDay|[upkeep]
|upkeep
|turn|24
|
|t:|1769320898
|switch|p2a: Skarmory|Skarmory, M|54/100
|move|p1a: Alomomola|Flip Turn|p2a: Skarmory
|-damage|p2a: Skarmory|48/100
|-ability|p2a: Skarmory|Weak Armor|boost
|-unboost|p2a: Skarmory|def|1
|-boost|p2a: Skarmory|spe|2
|
|t:|1769320902
|switch|p1a: Raging Bolt|Raging Bolt|100/100|[from] Flip Turn
|-activate|p1a: Raging Bolt|ability: Protosynthesis
|-start|p1a: Raging Bolt|protosynthesisspa
|
|-weather|SunnyDay|[upkeep]
|upkeep
|turn|25
|
|t:|1769320907
|move|p2a: Skarmory|Endure|p2a: Skarmory
|-singleturn|p2a: Skarmory|move: Endure
|move|p1a: Raging Bolt|Thunderclap||[still]
|-fail|p1a: Raging Bolt
|
|-weather|none
|-end|p1a: Raging Bolt|Protosynthesis
|upkeep
|turn|26
|
|t:|1769320912
|move|p2a: Skarmory|Endure|p2a: Skarmory
|-singleturn|p2a: Skarmory|move: Endure
|move|p1a: Raging Bolt|Thunderclap||[still]
|-fail|p1a: Raging Bolt
|
|upkeep
|turn|27
|
|t:|1769320917
|move|p2a: Skarmory|Endure||[still]
|-fail|p2a: Skarmory
|move|p1a: Raging Bolt|Thunderbolt|p2a: Skarmory
|-supereffective|p2a: Skarmory
|-damage|p2a: Skarmory|0 fnt
|faint|p2a: Skarmory
|
|upkeep
|-message|William will forfeited.
|
|win|Keeplwh
|raw|Keeplwh's rating: 1070 &rarr; <strong>1100</strong><br />(+30 for winning)
|raw|William will's rating: 1072 &rarr; <strong>1051</strong><br />(-21 for losing)
|l|☆William will
|player|p2|
|l|☆Keeplwh
|player|p1|
