|j|☆cammck00
|j|☆AllentownAbras
|t:|1769392941
|gametype|singles
|player|p1|cammck00|1|
|player|p2|AllentownAbras|266|
|gen|9
|tier|[Gen 9] OU
|rule|HP Percentage Mod: HP is shown in percentages
|rule|Endless Battle Clause: Forcing endless battles is banned
|rule|Species Clause: Limit one of each Pokémon
|rule|OHKO Clause: OHKO moves are banned
|rule|Evasion Items Clause: Evasion items are banned
|rule|Evasion Moves Clause: Evasion moves are banned
|rule|Evasion Abilities Clause: Evasion abilities are banned
|rule|Sleep Moves Clause: Sleep-inducing moves are banned
|clearpoke
|poke|p1|Landorus-Therian, M|
|poke|p1|Slowking, M|
|poke|p1|Scizor, M|
|poke|p1|Iron Hands|
|poke|p1|Shiftry, F|
|poke|p1|Cyclizar, F|
|poke|p2|Primarina, M|
|poke|p2|Tauros-Paldea-Blaze, M|
|poke|p2|Clodsire, M|
|poke|p2|Thundurus-Therian, M|
|poke|p2|Darkrai|
|poke|p2|Latias, F|
|teampreview
|c|☆AllentownAbras|Bro
|c|☆AllentownAbras|I brought the wrong team
|c|☆AllentownAbras|But we ride
|
|t:|1769392988
|teamsize|p1|6
|teamsize|p2|6
|start
|switch|p1a: Stanley|Scizor, M|100/100
|switch|p2a: Black Air Forces|Darkrai|100/100
|turn|1
|
|t:|1769393005
|switch|p2a: God of War|Tauros-Paldea-Blaze, M|100/100
|-ability|p2a: God of War|Intimidate|boost
|-unboost|p1a: Stanley|atk|1
|move|p1a: Stanley|U-turn|p2a: God of War
|-resisted|p2a: God of War
|-damage|p2a: God of War|94/100
|
|t:|1769393046
|switch|p1a: Vietnam 1975|Landorus-Therian, M|100/100|[from] U-turn
|-ability|p1a: Vietnam 1975|Intimidate|boost
|-unboost|p2a: God of War|atk|1
|
|upkeep
|turn|2
|c|☆cammck00|Oh no
|
|t:|1769393093
|switch|p2a: Golden Girl|Latias, F, shiny|100/100
|move|p1a: Vietnam 1975|U-turn|p2a: Golden Girl
|-supereffective|p2a: Golden Girl
|-damage|p2a: Golden Girl|66/100
|
|t:|1769393098
|switch|p1a: Shitty|Shiftry, F|100/100|[from] U-turn
|
|-heal|p2a: Golden Girl|72/100|[from] item: Leftovers
|upkeep
|turn|3
|
|t:|1769393106
|switch|p2a: God of War|Tauros-Paldea-Blaze, M|94/100
|-ability|p2a: God of War|Intimidate|boost
|-unboost|p1a: Shitty|atk|1
|move|p1a: Shitty|Tailwind|p1a: Shitty
|-sidestart|p1: cammck00|move: Tailwind
|-ability|p1a: Shitty|Wind Rider|boost
|-boost|p1a: Shitty|atk|1
|
|upkeep
|turn|4
|c|☆cammck00|that's sucks but you got this
|c|☆cammck00|we ride
|
|t:|1769393144
|switch|p1a: Wigilow|Slowking, M|100/100
|move|p2a: God of War|Raging Bull|p1a: Wigilow
|-resisted|p1a: Wigilow
|-damage|p1a: Wigilow|80/100
|
|upkeep
|turn|5
|c|☆AllentownAbras|Nah i dont
|
|t:|1769393164
|switch|p2a: Edward|Thundurus-Therian, M|100/100
|move|p1a: Wigilow|Scald|p2a: Edward
|-damage|p2a: Edward|73/100
|
|upkeep
|turn|6
|
|t:|1769393174
|switch|p1a: Vietnam 1975|Landorus-Therian, M|100/100
|-ability|p1a: Vietnam 1975|Intimidate|boost
|-unboost|p2a: Edward|atk|1
|move|p2a: Edward|Dark Pulse|p1a: Vietnam 1975
|-damage|p1a: Vietnam 1975|70/100
|
|-sideend|p1: cammck00|move: Tailwind
|upkeep
|turn|7
|
|t:|1769393199
|move|p2a: Edward|Dark Pulse|p1a: Vietnam 1975
|-damage|p1a: Vietnam 1975|39/100
|cant|p1a: Vietnam 1975|flinch
|
|upkeep
|turn|8
|
|t:|1769393205
|move|p2a: Edward|Dark Pulse|p1a: Vietnam 1975
|-damage|p1a: Vietnam 1975|10/100
|move|p1a: Vietnam 1975|Rock Slide|p2a: Edward
|-supereffective|p2a: Edward
|-damage|p2a: Edward|0 fnt
|faint|p2a: Edward
|
|upkeep
|
|t:|1769393215
|switch|p2a: Black Air Forces|Darkrai|100/100
|turn|9
|
|t:|1769393233
|switch|p1a: Bikemon|Cyclizar, F|100/100
|move|p2a: Black Air Forces|Dark Pulse|p1a: Bikemon
|-damage|p1a: Bikemon|12/100
|-damage|p2a: Black Air Forces|91/100|[from] item: Life Orb
|
|upkeep
|turn|10
|
|t:|1769393252
|switch|p2a: God of War|Tauros-Paldea-Blaze, M|94/100
|-ability|p2a: God of War|Intimidate|boost
|-unboost|p1a: Bikemon|atk|1
|move|p1a: Bikemon|Knock Off|p2a: God of War
|-resisted|p2a: God of War
|-damage|p2a: God of War|86/100
|-enditem|p2a: God of War|Assault Vest|[from] move: Knock Off|[of] p1a: Bikemon
|
|upkeep
|turn|11
|
|t:|1769393267
|move|p1a: Bikemon|U-turn|p2a: God of War
|-resisted|p2a: God of War
|-damage|p2a: God of War|84/100
|
|t:|1769393272
|switch|p1a: Wigilow|Slowking, M|100/100|[from] U-turn
|move|p2a: God of War|Raging Bull|p1a: Wigilow
|-resisted|p1a: Wigilow
|-damage|p1a: Wigilow|79/100
|
|upkeep
|turn|12
|
|t:|1769393285
|switch|p2a: Barnacle 8ussy|Primarina, M|100/100
|move|p1a: Wigilow|Scald|p2a: Barnacle 8ussy
|-resisted|p2a: Barnacle 8ussy
|-damage|p2a: Barnacle 8ussy|89/100
|-status|p2a: Barnacle 8ussy|brn
|
|-heal|p2a: Barnacle 8ussy|95/100 brn|[from] item: Leftovers
|-damage|p2a: Barnacle 8ussy|89/100 brn|[from] brn
|upkeep
|turn|13
|
|t:|1769393310
|move|p2a: Barnacle 8ussy|Moonblast|p1a: Wigilow
|-damage|p1a: Wigilow|61/100
|move|p1a: Wigilow|Psyshock|p2a: Barnacle 8ussy
|-damage|p2a: Barnacle 8ussy|57/100 brn
|
|-heal|p2a: Barnacle 8ussy|63/100 brn|[from] item: Leftovers
|-damage|p2a: Barnacle 8ussy|57/100 brn|[from] brn
|upkeep
|turn|14
|
|t:|1769393323
|switch|p2a: Black Air Forces|Darkrai|91/100
|switch|p1a: Stanley|Scizor, M|100/100
|
|upkeep
|turn|15
|
|t:|1769393329
|switch|p2a: God of War|Tauros-Paldea-Blaze, M|84/100
|-ability|p2a: God of War|Intimidate|boost
|-unboost|p1a: Stanley|atk|1
|move|p1a: Stanley|U-turn|p2a: God of War
|-resisted|p2a: God of War
|-damage|p2a: God of War|77/100
|
|t:|1769393339
|switch|p1a: Wigilow|Slowking, M|94/100|[from] U-turn
|
|upkeep
|turn|16
|
|t:|1769393409
|switch|p2a: Golden Girl|Latias, F, shiny|72/100
|move|p1a: Wigilow|Scald|p2a: Golden Girl
|-resisted|p2a: Golden Girl
|-damage|p2a: Golden Girl|62/100
|-status|p2a: Golden Girl|brn
|
|-heal|p2a: Golden Girl|68/100 brn|[from] item: Leftovers
|-damage|p2a: Golden Girl|62/100 brn|[from] brn
|upkeep
|turn|17
|
|t:|1769393426
|switch|p1a: Shitty|Shiftry, F|100/100
|move|p2a: Golden Girl|Calm Mind|p2a: Golden Girl
|-boost|p2a: Golden Girl|spa|1
|-boost|p2a: Golden Girl|spd|1
|
|-heal|p2a: Golden Girl|68/100 brn|[from] item: Leftovers
|-damage|p2a: Golden Girl|62/100 brn|[from] brn
|upkeep
|turn|18
|
|t:|1769393449
|switch|p2a: God of War|Tauros-Paldea-Blaze, M|77/100
|-ability|p2a: God of War|Intimidate|boost
|-unboost|p1a: Shitty|atk|1
|move|p1a: Shitty|Tailwind|p1a: Shitty
|-sidestart|p1: cammck00|move: Tailwind
|-ability|p1a: Shitty|Wind Rider|boost
|-boost|p1a: Shitty|atk|1
|
|upkeep
|turn|19
|
|t:|1769393476
|switch|p1a: Wigilow|Slowking, M|100/100
|move|p2a: God of War|Raging Bull|p1a: Wigilow
|-resisted|p1a: Wigilow
|-damage|p1a: Wigilow|79/100
|
|upkeep
|turn|20
|
|t:|1769393492
|switch|p2a: Black Air Forces|Darkrai|91/100
|move|p1a: Wigilow|Scald|p2a: Black Air Forces
|-crit|p2a: Black Air Forces
|-damage|p2a: Black Air Forces|32/100
|
|upkeep
|turn|21
|
|t:|1769393542
|switch|p2a: Stallsire|Clodsire, M|100/100
|switch|p1a: Stanley|Scizor, M|100/100
|
|-sideend|p1: cammck00|move: Tailwind
|upkeep
|turn|22
|
|t:|1769393552
|switch|p2a: God of War|Tauros-Paldea-Blaze, M|77/100
|-ability|p2a: God of War|Intimidate|boost
|-unboost|p1a: Stanley|atk|1
|move|p1a: Stanley|U-turn|p2a: God of War
|-resisted|p2a: God of War
|-damage|p2a: God of War|70/100
|
|t:|1769393583
|switch|p1a: Wigilow|Slowking, M|100/100|[from] U-turn
|
|upkeep
|turn|23
|
|t:|1769393598
|switch|p2a: Golden Girl|Latias, F, shiny|62/100 brn
|move|p1a: Wigilow|Scald|p2a: Golden Girl
|-resisted|p2a: Golden Girl
|-damage|p2a: Golden Girl|52/100 brn
|
|-heal|p2a: Golden Girl|58/100 brn|[from] item: Leftovers
|-damage|p2a: Golden Girl|52/100 brn|[from] brn
|upkeep
|turn|24
|
|t:|1769393607
|switch|p1a: Shitty|Shiftry, F|100/100
|move|p2a: Golden Girl|Recover|p2a: Golden Girl
|-heal|p2a: Golden Girl|100/100 brn
|
|-damage|p2a: Golden Girl|94/100 brn|[from] brn
|upkeep
|turn|25
|
|t:|1769393616
|move|p2a: Golden Girl|Draco Meteor|p1a: Shitty
|-damage|p1a: Shitty|28/100
|-unboost|p2a: Golden Girl|spa|2
|move|p1a: Shitty|Tailwind|p1a: Shitty
|-sidestart|p1: cammck00|move: Tailwind
|-ability|p1a: Shitty|Wind Rider|boost
|-boost|p1a: Shitty|atk|1
|
|-heal|p2a: Golden Girl|100/100 brn|[from] item: Leftovers
|-damage|p2a: Golden Girl|94/100 brn|[from] brn
|upkeep
|turn|26
|
|t:|1769393630
|switch|p2a: God of War|Tauros-Paldea-Blaze, M|70/100
|-ability|p2a: God of War|Intimidate|boost
|-unboost|p1a: Shitty|atk|1
|move|p1a: Shitty|Knock Off|p2a: God of War
|-resisted|p2a: God of War
|-damage|p2a: God of War|50/100
|-damage|p1a: Shitty|18/100|[from] item: Life Orb
|
|upkeep
|turn|27
|
|t:|1769393723
|switch|p1a: Wigilow|Slowking, M|100/100
|switch|p2a: Stallsire|Clodsire, M|100/100
|
|upkeep
|turn|28
|
|t:|1769393743
|move|p1a: Wigilow|Psyshock|p2a: Stallsire
|-supereffective|p2a: Stallsire
|-damage|p2a: Stallsire|43/100
|move|p2a: Stallsire|Toxic|p1a: Wigilow
|-status|p1a: Wigilow|tox
|
|-heal|p2a: Stallsire|50/100|[from] item: Black Sludge
|-damage|p1a: Wigilow|94/100 tox|[from] psn
|-sideend|p1: cammck00|move: Tailwind
|upkeep
|turn|29
|
|t:|1769393753
|switch|p2a: Golden Girl|Latias, F, shiny|94/100 brn
|move|p1a: Wigilow|Ice Beam|p2a: Golden Girl
|-supereffective|p2a: Golden Girl
|-damage|p2a: Golden Girl|64/100 brn
|
|-heal|p2a: Golden Girl|70/100 brn|[from] item: Leftovers
|-damage|p1a: Wigilow|82/100 tox|[from] psn
|-damage|p2a: Golden Girl|64/100 brn|[from] brn
|upkeep
|turn|30
|
|t:|1769393772
|switch|p1a: Shitty|Shiftry, F|18/100
|move|p2a: Golden Girl|Calm Mind|p2a: Golden Girl
|-boost|p2a: Golden Girl|spa|1
|-boost|p2a: Golden Girl|spd|1
|
|-heal|p2a: Golden Girl|70/100 brn|[from] item: Leftovers
|-damage|p2a: Golden Girl|64/100 brn|[from] brn
|upkeep
|turn|31
|
|t:|1769393844
|switch|p2a: God of War|Tauros-Paldea-Blaze, M|50/100
|-ability|p2a: God of War|Intimidate|boost
|-unboost|p1a: Shitty|atk|1
|-terastallize|p1a: Shitty|Steel
|move|p1a: Shitty|Knock Off|p2a: God of War
|-resisted|p2a: God of War
|-damage|p2a: God of War|35/100
|-damage|p1a: Shitty|8/100|[from] item: Life Orb
|
|upkeep
|turn|32
|
|t:|1769393857
|move|p2a: God of War|Earthquake|p1a: Shitty
|-supereffective|p1a: Shitty
|-damage|p1a: Shitty|0 fnt
|faint|p1a: Shitty
|
|upkeep
|
|t:|1769393871
|switch|p1a: Vietnam 1975|Landorus-Therian, M|10/100
|-ability|p1a: Vietnam 1975|Intimidate|boost
|-unboost|p2a: God of War|atk|1
|turn|33
|
|t:|1769393900
|move|p2a: God of War|Raging Bull|p1a: Vietnam 1975
|-damage|p1a: Vietnam 1975|0 fnt
|faint|p1a: Vietnam 1975
|
|upkeep
|
|t:|1769393907
|switch|p1a: Wigilow|Slowking, M|100/100 tox
|turn|34
|
|t:|1769393911
|switch|p2a: Golden Girl|Latias, F, shiny|64/100 brn
|move|p1a: Wigilow|Psyshock|p2a: Golden Girl
|-resisted|p2a: Golden Girl
|-damage|p2a: Golden Girl|55/100 brn
|
|-heal|p2a: Golden Girl|61/100 brn|[from] item: Leftovers
|-damage|p1a: Wigilow|94/100 tox|[from] psn
|-damage|p2a: Golden Girl|55/100 brn|[from] brn
|upkeep
|turn|35
|
|t:|1769393923
|switch|p1a: Stanley|Scizor, M|100/100
|move|p2a: Golden Girl|Recover|p2a: Golden Girl
|-heal|p2a: Golden Girl|100/100 brn
|
|-damage|p2a: Golden Girl|94/100 brn|[from] brn
|upkeep
|turn|36
|
|t:|1769393951
|move|p2a: Golden Girl|Calm Mind|p2a: Golden Girl
|-boost|p2a: Golden Girl|spa|1
|-boost|p2a: Golden Girl|spd|1
|move|p1a: Stanley|U-turn|p2a: Golden Girl
|-supereffective|p2a: Golden Girl
|-damage|p2a: Golden Girl|35/100 brn
|
|t:|1769393957
|switch|p1a: Bikemon|Cyclizar, F|45/100|[from] U-turn
|
|-heal|p2a: Golden Girl|41/100 brn|[from] item: Leftovers
|-damage|p2a: Golden Girl|35/100 brn|[from] brn
|upkeep
|turn|37
|
|t:|1769393970
|switch|p2a: Barnacle 8ussy|Primarina, M|57/100 brn
|move|p1a: Bikemon|Knock Off|p2a: Barnacle 8ussy
|-resisted|p2a: Barnacle 8ussy
|-damage|p2a: Barnacle 8ussy|45/100 brn
|-enditem|p2a: Barnacle 8ussy|Leftovers|[from] move: Knock Off|[of] p1a: Bikemon
|
|-damage|p2a: Barnacle 8ussy|39/100 brn|[from] brn
|upkeep
|turn|38
|
|t:|1769393982
|move|p1a: Bikemon|U-turn|p2a: Barnacle 8ussy
|-resisted|p2a: Barnacle 8ussy
|-damage|p2a: Barnacle 8ussy|30/100 brn
|
|t:|1769393985
|switch|p1a: Stanley|Scizor, M|100/100|[from] U-turn
|move|p2a: Barnacle 8ussy|Moonblast|p1a: Stanley
|-resisted|p1a: Stanley
|-damage|p1a: Stanley|72/100
|-unboost|p1a: Stanley|spa|1
|
|-damage|p2a: Barnacle 8ussy|24/100 brn|[from] brn
|upkeep
|turn|39
|
|t:|1769393996
|move|p2a: Barnacle 8ussy|Protect|p2a: Barnacle 8ussy
|-singleturn|p2a: Barnacle 8ussy|Protect
|move|p1a: Stanley|Bullet Punch|p2a: Barnacle 8ussy
|-activate|p2a: Barnacle 8ussy|move: Protect
|
|-damage|p2a: Barnacle 8ussy|18/100 brn|[from] brn
|upkeep
|turn|40
|
|t:|1769394029
|switch|p2a: God of War|Tauros-Paldea-Blaze, M|35/100
|-ability|p2a: God of War|Intimidate|boost
|-unboost|p1a: Stanley|atk|1
|move|p1a: Stanley|Bullet Punch|p2a: God of War
|-resisted|p2a: God of War
|-damage|p2a: God of War|22/100
|
|upkeep
|turn|41
|
|t:|1769394037
|switch|p1a: Wigilow|Slowking, M|100/100 tox
|move|p2a: God of War|Earthquake|p1a: Wigilow
|-damage|p1a: Wigilow|68/100 tox
|
|-damage|p1a: Wigilow|62/100 tox|[from] psn
|upkeep
|turn|42
|
|t:|1769394052
|switch|p2a: Golden Girl|Latias, F, shiny|35/100 brn
|move|p1a: Wigilow|Ice Beam|p2a: Golden Girl
|-supereffective|p2a: Golden Girl
|-damage|p2a: Golden Girl|5/100 brn
|
|-heal|p2a: Golden Girl|11/100 brn|[from] item: Leftovers
|-damage|p1a: Wigilow|50/100 tox|[from] psn
|-damage|p2a: Golden Girl|5/100 brn|[from] brn
|upkeep
|turn|43
|
|t:|1769394064
|switch|p1a: Stanley|Scizor, M|72/100
|move|p2a: Golden Girl|Recover|p2a: Golden Girl
|-heal|p2a: Golden Girl|55/100 brn
|
|-heal|p2a: Golden Girl|61/100 brn|[from] item: Leftovers
|-damage|p2a: Golden Girl|55/100 brn|[from] brn
|upkeep
|turn|44
|
|t:|1769394096
|switch|p2a: Stallsire|Clodsire, M|50/100
|move|p1a: Stanley|Knock Off|p2a: Stallsire
|-damage|p2a: Stallsire|9/100
|-enditem|p2a: Stallsire|Black Sludge|[from] move: Knock Off|[of] p1a: Stanley
|
|upkeep
|turn|45
|
|t:|1769394120
|move|p1a: Stanley|Knock Off|p2a: Stallsire
|-damage|p2a: Stallsire|0 fnt
|faint|p2a: Stallsire
|
|upkeep
|
|t:|1769394124
|switch|p2a: God of War|Tauros-Paldea-Blaze, M|22/100
|-ability|p2a: God of War|Intimidate|boost
|-unboost|p1a: Stanley|atk|1
|turn|46
|
|t:|1769394132
|switch|p2a: Black Air Forces|Darkrai|32/100
|switch|p1a: Wigilow|Slowking, M|83/100 tox
|
|-damage|p1a: Wigilow|77/100 tox|[from] psn
|upkeep
|turn|47
|
|t:|1769394141
|switch|p1a: Choding Hands|Iron Hands|100/100
|move|p2a: Black Air Forces|Dark Pulse|p1a: Choding Hands
|-resisted|p1a: Choding Hands
|-damage|p1a: Choding Hands|83/100
|-damage|p2a: Black Air Forces|22/100|[from] item: Life Orb
|
|upkeep
|turn|48
|
|t:|1769394160
|switch|p2a: Golden Girl|Latias, F, shiny|55/100 brn
|move|p1a: Choding Hands|Ice Punch|p2a: Golden Girl
|-supereffective|p2a: Golden Girl
|-damage|p2a: Golden Girl|11/100 brn
|
|-heal|p2a: Golden Girl|18/100 brn|[from] item: Leftovers
|-damage|p2a: Golden Girl|11/100 brn|[from] brn
|upkeep
|turn|49
|
|t:|1769394174
|-end|p1a: Choding Hands|Quark Drive|[silent]
|switch|p1a: Bikemon|Cyclizar, F|78/100
|move|p2a: Golden Girl|Draco Meteor|p1a: Bikemon
|-supereffective|p1a: Bikemon
|-damage|p1a: Bikemon|0 fnt
|-unboost|p2a: Golden Girl|spa|2
|faint|p1a: Bikemon
|
|-heal|p2a: Golden Girl|18/100 brn|[from] item: Leftovers
|-damage|p2a: Golden Girl|11/100 brn|[from] brn
|upkeep
|c|☆cammck00|good play!
|
|t:|1769394215
|switch|p1a: Stanley|Scizor, M|72/100
|turn|50
|
|t:|1769394228
|switch|p2a: God of War|Tauros-Paldea-Blaze, M|22/100
|-ability|p2a: God of War|Intimidate|boost
|-unboost|p1a: Stanley|atk|1
|move|p1a: Stanley|Bullet Punch|p2a: God of War
|-resisted|p2a: God of War
|-damage|p2a: God of War|11/100
|
|upkeep
|turn|51
|
|t:|1769394244
|switch|p1a: Wigilow|Slowking, M|100/100 tox
|move|p2a: God of War|Raging Bull|p1a: Wigilow
|-resisted|p1a: Wigilow
|-damage|p1a: Wigilow|78/100 tox
|
|-damage|p1a: Wigilow|72/100 tox|[from] psn
|upkeep
|turn|52
|
|t:|1769394270
|move|p2a: God of War|Earthquake|p1a: Wigilow
|-damage|p1a: Wigilow|39/100 tox
|move|p1a: Wigilow|Scald|p2a: God of War
|-supereffective|p2a: God of War
|-damage|p2a: God of War|0 fnt
|faint|p2a: God of War
|
|-damage|p1a: Wigilow|27/100 tox|[from] psn
|upkeep
|
|t:|1769394279
|switch|p2a: Golden Girl|Latias, F, shiny|11/100 brn
|turn|53
|
|t:|1769394289
|move|p2a: Golden Girl|Recover|p2a: Golden Girl
|-heal|p2a: Golden Girl|61/100 brn
|move|p1a: Wigilow|Ice Beam|p2a: Golden Girl
|-supereffective|p2a: Golden Girl
|-damage|p2a: Golden Girl|33/100 brn
|
|-heal|p2a: Golden Girl|39/100 brn|[from] item: Leftovers
|-damage|p1a: Wigilow|9/100 tox|[from] psn
|-damage|p2a: Golden Girl|33/100 brn|[from] brn
|upkeep
|turn|54
|
|t:|1769394303
|move|p2a: Golden Girl|Recover|p2a: Golden Girl
|-heal|p2a: Golden Girl|83/100 brn
|move|p1a: Wigilow|Ice Beam|p2a: Golden Girl
|-supereffective|p2a: Golden Girl
|-damage|p2a: Golden Girl|49/100 brn
|
|-heal|p2a: Golden Girl|55/100 brn|[from] item: Leftovers
|-damage|p1a: Wigilow|0 fnt|[from] psn
|faint|p1a: Wigilow
|-damage|p2a: Golden Girl|49/100 brn|[from] brn
|upkeep
|
|t:|1769394313
|switch|p1a: Stanley|Scizor, M|72/100
|turn|55
|
|t:|1769394324
|move|p2a: Golden Girl|Draco Meteor|p1a: Stanley
|-resisted|p1a: Stanley
|-damage|p1a: Stanley|42/100
|-unboost|p2a: Golden Girl|spa|2
|move|p1a: Stanley|Knock Off|p2a: Golden Girl
|-supereffective|p2a: Golden Girl
|-damage|p2a: Golden Girl|0 fnt
|-enditem|p2a: Golden Girl|Leftovers|[from] move: Knock Off|[of] p1a: Stanley
|faint|p2a: Golden Girl
|
|upkeep
|
|t:|1769394339
|switch|p2a: Black Air Forces|Darkrai|22/100
|turn|56
|c|☆AllentownAbras|Gg
|
|t:|1769394351
|move|p1a: Stanley|Bullet Punch|p2a: Black Air Forces
|-damage|p2a: Black Air Forces|0 fnt
|faint|p2a: Black Air Forces
|
|upkeep
|c|☆AllentownAbras|I have nothing now
|
|t:|1769394358
|switch|p2a: Barnacle 8ussy|Primarina, M|18/100 brn
|turn|57
|
|t:|1769394361
|move|p2a: Barnacle 8ussy|Protect|p2a: Barnacle 8ussy
|-singleturn|p2a: Barnacle 8ussy|Protect
|move|p1a: Stanley|Bullet Punch|p2a: Barnacle 8ussy
|-activate|p2a: Barnacle 8ussy|move: Protect
|
|-damage|p2a: Barnacle 8ussy|12/100 brn|[from] brn
|upkeep
|turn|58
|
|t:|1769394367
|move|p2a: Barnacle 8ussy|Protect|p2a: Barnacle 8ussy
|-singleturn|p2a: Barnacle 8ussy|Protect
|move|p1a: Stanley|Bullet Punch|p2a: Barnacle 8ussy
|-activate|p2a: Barnacle 8ussy|move: Protect
|
|-damage|p2a: Barnacle 8ussy|6/100 brn|[from] brn
|upkeep
|turn|59
|c|☆cammck00|GG
|
|t:|1769394377
|move|p2a: Barnacle 8ussy|Protect||[still]
|-fail|p2a: Barnacle 8ussy
|move|p1a: Stanley|Bullet Punch|p2a: Barnacle 8ussy
|-damage|p2a: Barnacle 8ussy|0 fnt
|faint|p2a: Barnacle 8ussy
|
|win|cammck00
|c|☆cammck00|well played
|c|☆cammck00|Got me on some really good reads
|c|☆AllentownAbras|Well plQyed
|c|☆AllentownAbras|Im really AnnoyEd about my mistake
|c|☆AllentownAbras|This is last weeks team
|c|☆cammck00|which one
|c|☆cammck00|ohhhhh
|c|☆cammck00|who did you wanna bring
|c|☆cammck00|I hope not sableye
|c|☆AllentownAbras|All the movesets were completely wrong in large part
|c|☆cammck00|I prepped for this and forretress
|c|☆AllentownAbras|But this was fun
|c|☆cammck00|damn
|c|☆AllentownAbras|Soooo fun
|c|☆cammck00|this was fun
|c|☆cammck00|GGs dude
|c|☆AllentownAbras|GG
|l|☆cammck00
|player|p1|
|c|☆AllentownAbras|You got replay?
