|j|☆ramoncombats95
|j|☆Zettaaa
|t:|1769349945
|gametype|singles
|player|p1|ramoncombats95|benga|1268
|player|p2|Zettaaa|brawly|1241
|gen|9
|tier|[Gen 9] OU
|rated|
|rule|HP Percentage Mod: HP is shown in percentages
|rule|Endless Battle Clause: Forcing endless battles is banned
|rule|Species Clause: Limit one of each Pokémon
|rule|OHKO Clause: OHKO moves are banned
|rule|Evasion Items Clause: Evasion items are banned
|rule|Evasion Moves Clause: Evasion moves are banned
|rule|Evasion Abilities Clause: Evasion abilities are banned
|rule|Sleep Moves Clause: Sleep-inducing moves are banned
|clearpoke
|poke|p1|Milotic, M|
|poke|p1|Lokix, M|
|poke|p1|Gliscor, F|
|poke|p1|Corviknight, F|
|poke|p1|Eelektross, F|
|poke|p1|Mienshao, M|
|poke|p2|Weavile, F|
|poke|p2|Zoroark-Hisui, F|
|poke|p2|Orthworm, F|
|poke|p2|Slither Wing|
|poke|p2|Fezandipiti, M|
|poke|p2|Lycanroc-Dusk, M|
|teampreview
|inactive|Battle timer is ON: inactive players will automatically lose when time's up. (requested by Zettaaa)
|
|t:|1769349994
|teamsize|p1|6
|teamsize|p2|6
|start
|switch|p1a: Milotic|Milotic, M, shiny|100/100
|switch|p2a: Orthworm|Orthworm, F|100/100
|turn|1
|inactive|ramoncombats95 has 120 seconds left.
|inactive|ramoncombats95 has 90 seconds left.
|
|t:|1769350066
|move|p1a: Milotic|Scald|p2a: Orthworm
|-damage|p2a: Orthworm|43/100
|move|p2a: Orthworm|Stealth Rock|p1a: Milotic
|-sidestart|p1: ramoncombats95|move: Stealth Rock
|
|upkeep
|turn|2
|
|t:|1769350083
|switch|p2a: Fezandipiti|Fezandipiti, M|100/100
|move|p1a: Milotic|Scald|p2a: Fezandipiti
|-damage|p2a: Fezandipiti|79/100
|-status|p2a: Fezandipiti|brn
|
|-heal|p2a: Fezandipiti|85/100 brn|[from] item: Black Sludge
|-damage|p2a: Fezandipiti|79/100 brn|[from] brn
|upkeep
|turn|3
|
|t:|1769350100
|move|p2a: Fezandipiti|Beat Up|p1a: Milotic
|-crit|p1a: Milotic
|-damage|p1a: Milotic|97/100
|-crit|p1a: Milotic
|-damage|p1a: Milotic|94/100
|-damage|p1a: Milotic|92/100
|-status|p1a: Milotic|tox|[from] ability: Toxic Chain|[of] p2a: Fezandipiti
|-damage|p1a: Milotic|89/100 tox
|-damage|p1a: Milotic|87/100 tox
|-damage|p1a: Milotic|85/100 tox
|-hitcount|p1a: Milotic|6
|move|p1a: Milotic|Scald|p2a: Fezandipiti
|-damage|p2a: Fezandipiti|57/100 brn
|
|-heal|p2a: Fezandipiti|63/100 brn|[from] item: Black Sludge
|-heal|p1a: Milotic|91/100 tox|[from] item: Leftovers
|-damage|p1a: Milotic|85/100 tox|[from] psn
|-damage|p2a: Fezandipiti|57/100 brn|[from] brn
|upkeep
|turn|4
|inactive|Zettaaa has 120 seconds left.
|
|t:|1769350121
|move|p2a: Fezandipiti|Roost|p2a: Fezandipiti
|-heal|p2a: Fezandipiti|100/100 brn
|-singleturn|p2a: Fezandipiti|move: Roost
|move|p1a: Milotic|Scald|p2a: Fezandipiti
|-damage|p2a: Fezandipiti|80/100 brn
|
|-heal|p2a: Fezandipiti|86/100 brn|[from] item: Black Sludge
|-heal|p1a: Milotic|91/100 tox|[from] item: Leftovers
|-damage|p1a: Milotic|78/100 tox|[from] psn
|-damage|p2a: Fezandipiti|80/100 brn|[from] brn
|upkeep
|turn|5
|inactive|Zettaaa has 120 seconds left.
|
|t:|1769350135
|switch|p1a: Gliscor|Gliscor, F, shiny|100/100
|-damage|p1a: Gliscor|88/100|[from] Stealth Rock
|move|p2a: Fezandipiti|U-turn|p1a: Gliscor
|-resisted|p1a: Gliscor
|-damage|p1a: Gliscor|85/100
|inactive|Zettaaa has 120 seconds left.
|
|t:|1769350145
|switch|p2a: Weavile|Weavile, F|100/100|[from] U-turn
|-ability|p2a: Weavile|Pressure
|
|-status|p1a: Gliscor|tox|[from] item: Toxic Orb
|upkeep
|turn|6
|inactive|Zettaaa has 120 seconds left.
|
|t:|1769350155
|switch|p1a: Corviknight|Corviknight, F, shiny|100/100
|-damage|p1a: Corviknight|88/100|[from] Stealth Rock
|-ability|p1a: Corviknight|Pressure
|move|p2a: Weavile|Knock Off|p1a: Corviknight
|-damage|p1a: Corviknight|59/100
|-damage|p2a: Weavile|84/100|[from] item: Rocky Helmet|[of] p1a: Corviknight
|-enditem|p1a: Corviknight|Rocky Helmet|[from] move: Knock Off|[of] p2a: Weavile
|
|upkeep
|turn|7
|inactive|Zettaaa has 120 seconds left.
|
|t:|1769350172
|move|p2a: Weavile|Ice Spinner|p1a: Corviknight
|-damage|p1a: Corviknight|34/100
|move|p1a: Corviknight|Defog|p2a: Weavile
|-unboost|p2a: Weavile|evasion|1
|-sideend|p1: ramoncombats95|Stealth Rock|[from] move: Defog|[of] p1a: Corviknight
|
|upkeep
|turn|8
|inactive|ramoncombats95 has 120 seconds left.
|inactive|Zettaaa has 120 seconds left.
|
|t:|1769350183
|switch|p2a: Lycanroc|Lycanroc-Dusk, M|100/100
|move|p1a: Corviknight|Roost|p1a: Corviknight
|-heal|p1a: Corviknight|84/100
|-singleturn|p1a: Corviknight|move: Roost
|
|upkeep
|turn|9
|inactive|Zettaaa has 120 seconds left.
|
|t:|1769350196
|move|p2a: Lycanroc|Flamethrower|p1a: Corviknight
|-supereffective|p1a: Corviknight
|-damage|p1a: Corviknight|0 fnt
|faint|p1a: Corviknight
|
|upkeep
|inactive|ramoncombats95 has 120 seconds left.
|inactive|ramoncombats95 has 90 seconds left.
|
|t:|1769350256
|switch|p1a: Mienshao|Mienshao, M, shiny|100/100
|turn|10
|
|t:|1769350264
|switch|p2a: Fezandipiti|Fezandipiti, M|80/100 brn
|move|p1a: Mienshao|Knock Off|p2a: Fezandipiti
|-resisted|p2a: Fezandipiti
|-damage|p2a: Fezandipiti|59/100 brn
|-enditem|p2a: Fezandipiti|Black Sludge|[from] move: Knock Off|[of] p1a: Mienshao
|
|-damage|p2a: Fezandipiti|53/100 brn|[from] brn
|upkeep
|turn|11
|
|t:|1769350274
|switch|p1a: Gliscor|Gliscor, F, shiny|85/100 tox
|move|p2a: Fezandipiti|Beat Up|p1a: Gliscor
|-damage|p1a: Gliscor|84/100 tox
|-damage|p1a: Gliscor|82/100 tox
|-damage|p1a: Gliscor|80/100 tox
|-damage|p1a: Gliscor|79/100 tox
|-damage|p1a: Gliscor|77/100 tox
|-damage|p1a: Gliscor|76/100 tox
|-hitcount|p1a: Gliscor|6
|
|-heal|p1a: Gliscor|88/100 tox|[from] ability: Poison Heal
|-damage|p2a: Fezandipiti|47/100 brn|[from] brn
|upkeep
|turn|12
|
|t:|1769350288
|move|p2a: Fezandipiti|U-turn|p1a: Gliscor
|-resisted|p1a: Gliscor
|-damage|p1a: Gliscor|85/100 tox
|
|t:|1769350292
|switch|p2a: Orthworm|Orthworm, F|43/100|[from] U-turn
|move|p1a: Gliscor|Stealth Rock|p2a: Orthworm
|-sidestart|p2: Zettaaa|move: Stealth Rock
|
|-heal|p1a: Gliscor|98/100 tox|[from] ability: Poison Heal
|upkeep
|turn|13
|
|t:|1769350307
|switch|p1a: Lokix|Lokix, M, shiny|100/100
|move|p2a: Orthworm|Stealth Rock|p1a: Lokix
|-sidestart|p1: ramoncombats95|move: Stealth Rock
|
|upkeep
|turn|14
|
|t:|1769350315
|move|p1a: Lokix|Swords Dance|p1a: Lokix
|-boost|p1a: Lokix|atk|2
|move|p2a: Orthworm|Curse|p2a: Orthworm
|-unboost|p2a: Orthworm|spe|1
|-boost|p2a: Orthworm|atk|1
|-boost|p2a: Orthworm|def|1
|
|upkeep
|turn|15
|
|t:|1769350328
|move|p1a: Lokix|Knock Off|p2a: Orthworm
|-damage|p2a: Orthworm|3/100
|-damage|p1a: Lokix|84/100|[from] item: Rocky Helmet|[of] p2a: Orthworm
|-enditem|p2a: Orthworm|Rocky Helmet|[from] move: Knock Off|[of] p1a: Lokix
|-damage|p1a: Lokix|74/100|[from] item: Life Orb
|move|p2a: Orthworm|Body Press|p1a: Lokix
|-damage|p1a: Lokix|5/100
|
|upkeep
|turn|16
|inactive|ramoncombats95 has 120 seconds left.
|
|t:|1769350339
|move|p1a: Lokix|Knock Off|p2a: Orthworm
|-damage|p2a: Orthworm|0 fnt
|faint|p2a: Orthworm
|-damage|p1a: Lokix|0 fnt|[from] item: Life Orb
|faint|p1a: Lokix
|
|upkeep
|inactive|ramoncombats95 has 120 seconds left.
|
|t:|1769350354
|switch|p1a: Gliscor|Gliscor, F, shiny|98/100 tox
|switch|p2a: Lycanroc|Lycanroc-Dusk, M|100/100
|-damage|p2a: Lycanroc|88/100|[from] Stealth Rock
|-damage|p1a: Gliscor|85/100 tox|[from] Stealth Rock
|turn|17
|
|t:|1769350363
|move|p2a: Lycanroc|Stone Edge|p1a: Gliscor|[miss]
|-miss|p2a: Lycanroc|p1a: Gliscor
|move|p1a: Gliscor|Earthquake|p2a: Lycanroc
|-supereffective|p2a: Lycanroc
|-damage|p2a: Lycanroc|0 fnt
|faint|p2a: Lycanroc
|
|-heal|p1a: Gliscor|98/100 tox|[from] ability: Poison Heal
|upkeep
|
|t:|1769350376
|switch|p2a: Weavile|Weavile, F|84/100
|-ability|p2a: Weavile|Pressure
|turn|18
|
|t:|1769350394
|move|p2a: Weavile|Ice Spinner|p1a: Gliscor
|-supereffective|p1a: Gliscor
|-damage|p1a: Gliscor|0 fnt
|faint|p1a: Gliscor
|
|upkeep
|
|t:|1769350396
|switch|p1a: Mienshao|Mienshao, M, shiny|100/100
|-damage|p1a: Mienshao|95/100|[from] Stealth Rock
|turn|19
|
|t:|1769350406
|switch|p2a: Fezandipiti|Fezandipiti, M|100/100
|-damage|p2a: Fezandipiti|88/100|[from] Stealth Rock
|-terastallize|p1a: Mienshao|Dark
|move|p1a: Mienshao|Knock Off|p2a: Fezandipiti
|-supereffective|p2a: Fezandipiti
|-damage|p2a: Fezandipiti|0 fnt
|replace|p2a: Zoroark|Zoroark-Hisui, F
|-end|p2a: Zoroark|Illusion
|-enditem|p2a: Zoroark|Choice Specs|[from] move: Knock Off|[of] p1a: Mienshao
|faint|p2a: Zoroark
|
|upkeep
|
|t:|1769350417
|switch|p2a: Slither Wing|Slither Wing|100/100
|-damage|p2a: Slither Wing|88/100|[from] Stealth Rock
|turn|20
|
|t:|1769350425
|move|p1a: Mienshao|Knock Off|p2a: Slither Wing
|-resisted|p2a: Slither Wing
|-damage|p2a: Slither Wing|53/100
|-enditem|p2a: Slither Wing|Life Orb|[from] move: Knock Off|[of] p1a: Mienshao
|move|p2a: Slither Wing|Bulk Up|p2a: Slither Wing
|-boost|p2a: Slither Wing|atk|1
|-boost|p2a: Slither Wing|def|1
|
|upkeep
|turn|21
|
|t:|1769350437
|switch|p1a: Milotic|Milotic, M, shiny|78/100 tox
|-damage|p1a: Milotic|66/100 tox|[from] Stealth Rock
|move|p2a: Slither Wing|Leech Life|p1a: Milotic
|-damage|p1a: Milotic|0 fnt
|-heal|p2a: Slither Wing|91/100|[from] drain|[of] p1a: Milotic
|faint|p1a: Milotic
|
|upkeep
|
|t:|1769350442
|switch|p1a: Eelektross|Eelektross, F, shiny|100/100
|-damage|p1a: Eelektross|88/100|[from] Stealth Rock
|turn|22
|
|t:|1769350453
|move|p2a: Slither Wing|Bulk Up|p2a: Slither Wing
|-boost|p2a: Slither Wing|atk|1
|-boost|p2a: Slither Wing|def|1
|move|p1a: Eelektross|Flamethrower|p2a: Slither Wing
|-supereffective|p2a: Slither Wing
|-damage|p2a: Slither Wing|15/100
|
|upkeep
|turn|23
|
|t:|1769350462
|move|p2a: Slither Wing|Leech Life|p1a: Eelektross
|-damage|p1a: Eelektross|0 fnt
|-heal|p2a: Slither Wing|68/100|[from] drain|[of] p1a: Eelektross
|faint|p1a: Eelektross
|
|upkeep
|
|t:|1769350465
|switch|p1a: Mienshao|Mienshao, M, shiny, tera:Dark|95/100
|-damage|p1a: Mienshao|82/100|[from] Stealth Rock
|turn|24
|
|t:|1769350472
|move|p1a: Mienshao|High Jump Kick|p2a: Slither Wing
|-resisted|p2a: Slither Wing
|-damage|p2a: Slither Wing|46/100
|move|p2a: Slither Wing|Leech Life|p1a: Mienshao
|-supereffective|p1a: Mienshao
|-damage|p1a: Mienshao|0 fnt
|-heal|p2a: Slither Wing|82/100|[from] drain|[of] p1a: Mienshao
|faint|p1a: Mienshao
|
|win|Zettaaa
|raw|ramoncombats95's rating: 1218 &rarr; <strong>1195</strong><br />(-23 for losing)
|raw|Zettaaa's rating: 1241 &rarr; <strong>1264</strong><br />(+23 for winning)
|l|☆ramoncombats95
|player|p1|
|l|☆Zettaaa
|player|p2|
