|j|☆los chipirones
|j|☆Orange74
|t:|1769428947
|gametype|singles
|player|p1|los chipirones|170|1225
|player|p2|Orange74|bugsy-masters|1287
|gen|9
|tier|[Gen 9] OU
|rated|
|rule|HP Percentage Mod: HP is shown in percentages
|rule|Endless Battle Clause: Forcing endless battles is banned
|rule|Species Clause: Limit one of each Pokémon
|rule|OHKO Clause: OHKO moves are banned
|rule|Evasion Items Clause: Evasion items are banned
|rule|Evasion Moves Clause: Evasion moves are banned
|rule|Evasion Abilities Clause: Evasion abilities are banned
|rule|Sleep Moves Clause: Sleep-inducing moves are banned
|clearpoke
|poke|p1|Suicune|
|poke|p1|Raikou|
|poke|p1|Entei|
|poke|p1|Zapdos|
|poke|p1|Articuno|
|poke|p1|Moltres|
|poke|p2|Ting-Lu|
|poke|p2|Walking Wake|
|poke|p2|Iron Moth|
|poke|p2|Corviknight, M|
|poke|p2|Tornadus-Therian, M|
|poke|p2|Ogerpon-Cornerstone, F|
|teampreview
|
|t:|1769428964
|teamsize|p1|6
|teamsize|p2|6
|start
|switch|p1a: Raikou|Raikou|100/100
|switch|p2a: Big 'Lu|Ting-Lu|100/100
|-ability|p1a: Raikou|Pressure
|-ability|p2a: Big 'Lu|Vessel of Ruin
|turn|1
|
|t:|1769428969
|move|p1a: Raikou|Substitute|p1a: Raikou
|-start|p1a: Raikou|Substitute
|-damage|p1a: Raikou|76/100
|move|p2a: Big 'Lu|Ruination|p1a: Raikou
|-end|p1a: Raikou|Substitute
|
|-heal|p1a: Raikou|82/100|[from] item: Leftovers
|upkeep
|turn|2
|
|t:|1769428976
|switch|p1a: Suicune|Suicune|100/100
|-ability|p1a: Suicune|Pressure
|move|p2a: Big 'Lu|Earthquake|p1a: Suicune
|-damage|p1a: Suicune|77/100
|
|-heal|p1a: Suicune|84/100|[from] item: Leftovers
|upkeep
|turn|3
|
|t:|1769428980
|switch|p2a: Corviknight|Corviknight, M|100/100
|-ability|p2a: Corviknight|Pressure
|move|p1a: Suicune|Calm Mind|p1a: Suicune
|-boost|p1a: Suicune|spa|1
|-boost|p1a: Suicune|spd|1
|
|-heal|p1a: Suicune|90/100|[from] item: Leftovers
|upkeep
|turn|4
|
|t:|1769428984
|move|p1a: Suicune|Scald|p2a: Corviknight
|-damage|p2a: Corviknight|65/100
|move|p2a: Corviknight|U-turn|p1a: Suicune
|-damage|p1a: Suicune|80/100
|
|t:|1769428987
|switch|p2a: Ogerpon|Ogerpon-Cornerstone, F|100/100|[from] U-turn
|
|-heal|p1a: Suicune|86/100|[from] item: Leftovers
|upkeep
|turn|5
|
|t:|1769428991
|-terastallize|p1a: Suicune|Steel
|move|p2a: Ogerpon|Power Whip|p1a: Suicune
|-resisted|p1a: Suicune
|-damage|p1a: Suicune|66/100
|move|p1a: Suicune|Scald|p2a: Ogerpon
|-damage|p2a: Ogerpon|56/100
|
|-heal|p1a: Suicune|72/100|[from] item: Leftovers
|upkeep
|turn|6
|
|t:|1769428996
|switch|p2a: Big 'Lu|Ting-Lu|100/100
|-ability|p2a: Big 'Lu|Vessel of Ruin
|move|p1a: Suicune|Scald|p2a: Big 'Lu
|-supereffective|p2a: Big 'Lu
|-damage|p2a: Big 'Lu|71/100
|
|-heal|p1a: Suicune|78/100|[from] item: Leftovers
|-heal|p2a: Big 'Lu|77/100|[from] item: Leftovers
|upkeep
|turn|7
|
|t:|1769429000
|move|p1a: Suicune|Scald|p2a: Big 'Lu
|-supereffective|p2a: Big 'Lu
|-damage|p2a: Big 'Lu|44/100
|move|p2a: Big 'Lu|Earthquake|p1a: Suicune
|-supereffective|p1a: Suicune
|-damage|p1a: Suicune|32/100
|
|-heal|p1a: Suicune|38/100|[from] item: Leftovers
|-heal|p2a: Big 'Lu|50/100|[from] item: Leftovers
|upkeep
|turn|8
|
|t:|1769429007
|move|p1a: Suicune|Sleep Talk||[still]
|-fail|p1a: Suicune
|move|p2a: Big 'Lu|Earthquake|p1a: Suicune
|-supereffective|p1a: Suicune
|-damage|p1a: Suicune|0 fnt
|faint|p1a: Suicune
|
|-heal|p2a: Big 'Lu|57/100|[from] item: Leftovers
|upkeep
|
|t:|1769429011
|switch|p1a: Articuno|Articuno|100/100
|-ability|p1a: Articuno|Pressure
|turn|9
|
|t:|1769429017
|switch|p2a: Corviknight|Corviknight, M|65/100
|-ability|p2a: Corviknight|Pressure
|move|p1a: Articuno|Substitute|p1a: Articuno
|-start|p1a: Articuno|Substitute
|-damage|p1a: Articuno|75/100
|
|upkeep
|turn|10
|
|t:|1769429021
|move|p1a: Articuno|Freeze-Dry|p2a: Corviknight
|-damage|p2a: Corviknight|42/100
|move|p2a: Corviknight|Brave Bird|p1a: Articuno
|-end|p1a: Articuno|Substitute
|-damage|p2a: Corviknight|34/100|[from] Recoil|[of] p1a: Articuno
|
|upkeep
|turn|11
|
|t:|1769429027
|switch|p1a: Raikou|Raikou|82/100
|-ability|p1a: Raikou|Pressure
|move|p2a: Corviknight|U-turn|p1a: Raikou
|-damage|p1a: Raikou|68/100
|
|t:|1769429030
|switch|p2a: Big 'Lu|Ting-Lu|57/100|[from] U-turn
|-ability|p2a: Big 'Lu|Vessel of Ruin
|
|-heal|p1a: Raikou|74/100|[from] item: Leftovers
|-heal|p2a: Big 'Lu|63/100|[from] item: Leftovers
|upkeep
|turn|12
|
|t:|1769429035
|switch|p1a: Articuno|Articuno|75/100
|-ability|p1a: Articuno|Pressure
|move|p2a: Big 'Lu|Ruination|p1a: Articuno
|-damage|p1a: Articuno|38/100
|
|-heal|p2a: Big 'Lu|69/100|[from] item: Leftovers
|upkeep
|turn|13
|
|t:|1769429041
|switch|p2a: Corviknight|Corviknight, M|34/100
|-ability|p2a: Corviknight|Pressure
|move|p1a: Articuno|Substitute|p1a: Articuno
|-start|p1a: Articuno|Substitute
|-damage|p1a: Articuno|13/100
|
|upkeep
|turn|14
|
|t:|1769429044
|move|p1a: Articuno|Roost|p1a: Articuno
|-heal|p1a: Articuno|63/100
|-singleturn|p1a: Articuno|move: Roost
|move|p2a: Corviknight|Roost|p2a: Corviknight
|-heal|p2a: Corviknight|84/100
|-singleturn|p2a: Corviknight|move: Roost
|
|upkeep
|turn|15
|
|t:|1769429047
|move|p1a: Articuno|Freeze-Dry|p2a: Corviknight
|-damage|p2a: Corviknight|61/100
|move|p2a: Corviknight|Brave Bird|p1a: Articuno
|-end|p1a: Articuno|Substitute
|-damage|p2a: Corviknight|53/100|[from] Recoil|[of] p1a: Articuno
|
|upkeep
|turn|16
|
|t:|1769429052
|move|p1a: Articuno|Substitute|p1a: Articuno
|-start|p1a: Articuno|Substitute
|-damage|p1a: Articuno|38/100
|move|p2a: Corviknight|Brave Bird|p1a: Articuno
|-end|p1a: Articuno|Substitute
|-damage|p2a: Corviknight|45/100|[from] Recoil|[of] p1a: Articuno
|
|upkeep
|turn|17
|
|t:|1769429057
|move|p1a: Articuno|Substitute|p1a: Articuno
|-start|p1a: Articuno|Substitute
|-damage|p1a: Articuno|13/100
|move|p2a: Corviknight|Brave Bird|p1a: Articuno
|-end|p1a: Articuno|Substitute
|-damage|p2a: Corviknight|37/100|[from] Recoil|[of] p1a: Articuno
|
|upkeep
|turn|18
|
|t:|1769429059
|move|p1a: Articuno|Roost|p1a: Articuno
|-heal|p1a: Articuno|63/100
|-singleturn|p1a: Articuno|move: Roost
|move|p2a: Corviknight|Brave Bird|p1a: Articuno
|-damage|p1a: Articuno|28/100
|-damage|p2a: Corviknight|25/100|[from] Recoil
|
|upkeep
|turn|19
|
|t:|1769429067
|move|p1a: Articuno|Substitute|p1a: Articuno
|-start|p1a: Articuno|Substitute
|-damage|p1a: Articuno|3/100
|move|p2a: Corviknight|Roost|p2a: Corviknight
|-heal|p2a: Corviknight|75/100
|-singleturn|p2a: Corviknight|move: Roost
|
|upkeep
|turn|20
|
|t:|1769429070
|move|p1a: Articuno|Protect|p1a: Articuno
|-singleturn|p1a: Articuno|Protect
|move|p2a: Corviknight|Brave Bird|p1a: Articuno
|-activate|p1a: Articuno|move: Protect
|
|upkeep
|turn|21
|
|t:|1769429071
|move|p1a: Articuno|Roost|p1a: Articuno
|-heal|p1a: Articuno|53/100
|-singleturn|p1a: Articuno|move: Roost
|move|p2a: Corviknight|Brave Bird|p1a: Articuno
|-end|p1a: Articuno|Substitute
|-damage|p2a: Corviknight|67/100|[from] Recoil|[of] p1a: Articuno
|
|upkeep
|turn|22
|
|t:|1769429075
|switch|p2a: The Moth|Iron Moth|100/100
|-enditem|p2a: The Moth|Booster Energy
|-activate|p2a: The Moth|ability: Quark Drive|[fromitem]
|-start|p2a: The Moth|quarkdrivespe
|move|p1a: Articuno|Substitute|p1a: Articuno
|-start|p1a: Articuno|Substitute
|-damage|p1a: Articuno|28/100
|
|upkeep
|turn|23
|
|t:|1769429080
|move|p2a: The Moth|Fiery Dance|p1a: Articuno
|-supereffective|p1a: Articuno
|-end|p1a: Articuno|Substitute
|move|p1a: Articuno|Roost|p1a: Articuno
|-heal|p1a: Articuno|78/100
|-singleturn|p1a: Articuno|move: Roost
|
|upkeep
|turn|24
|
|t:|1769429082
|switch|p1a: Entei|Entei|100/100
|-ability|p1a: Entei|Pressure
|move|p2a: The Moth|Fiery Dance|p1a: Entei
|-resisted|p1a: Entei
|-damage|p1a: Entei|80/100
|-boost|p2a: The Moth|spa|1
|
|-heal|p1a: Entei|86/100|[from] item: Leftovers
|upkeep
|turn|25
|
|t:|1769429089
|move|p2a: The Moth|Sludge Wave|p1a: Entei
|-damage|p1a: Entei|15/100
|move|p1a: Entei|Calm Mind|p1a: Entei
|-boost|p1a: Entei|spa|1
|-boost|p1a: Entei|spd|1
|
|-heal|p1a: Entei|21/100|[from] item: Leftovers
|upkeep
|turn|26
|
|t:|1769429092
|move|p2a: The Moth|Sludge Wave|p1a: Entei
|-damage|p1a: Entei|0 fnt
|faint|p1a: Entei
|
|upkeep
|
|t:|1769429099
|switch|p1a: Zapdos|Zapdos|100/100
|-ability|p1a: Zapdos|Pressure
|turn|27
|
|t:|1769429103
|move|p2a: The Moth|Fiery Dance|p1a: Zapdos
|-damage|p1a: Zapdos|43/100
|-boost|p2a: The Moth|spa|1
|move|p1a: Zapdos|Thunderbolt|p2a: The Moth
|-damage|p2a: The Moth|61/100
|
|upkeep
|turn|28
|
|t:|1769429106
|move|p2a: The Moth|Fiery Dance|p1a: Zapdos
|-damage|p1a: Zapdos|0 fnt
|-boost|p2a: The Moth|spa|1
|faint|p1a: Zapdos
|
|upkeep
|
|t:|1769429107
|switch|p1a: Raikou|Raikou|74/100
|-ability|p1a: Raikou|Pressure
|turn|29
|
|t:|1769429112
|move|p2a: The Moth|Fiery Dance|p1a: Raikou
|-damage|p1a: Raikou|0 fnt
|faint|p1a: Raikou
|
|upkeep
|-message|los chipirones forfeited.
|
|win|Orange74
|raw|los chipirones's rating: 1225 &rarr; <strong>1204</strong><br />(-21 for losing)
|raw|Orange74's rating: 1287 &rarr; <strong>1308</strong><br />(+21 for winning)
|l|☆los chipirones
|player|p1|
|l|☆Orange74
|player|p2|
