|j|☆wrinkledmonke
|j|☆Metroshock
|t:|1769323612
|gametype|singles
|player|p1|wrinkledmonke|psychic-gen4|1443
|player|p2|Metroshock|miku-fire|1521
|gen|9
|tier|[Gen 9] OU
|rated|
|rule|HP Percentage Mod: HP is shown in percentages
|rule|Endless Battle Clause: Forcing endless battles is banned
|rule|Species Clause: Limit one of each Pokémon
|rule|OHKO Clause: OHKO moves are banned
|rule|Evasion Items Clause: Evasion items are banned
|rule|Evasion Moves Clause: Evasion moves are banned
|rule|Evasion Abilities Clause: Evasion abilities are banned
|rule|Sleep Moves Clause: Sleep-inducing moves are banned
|clearpoke
|poke|p1|Ogerpon, F|
|poke|p1|Iron Crown|
|poke|p1|Landorus-Therian, M|
|poke|p1|Iron Moth|
|poke|p1|Quaquaval, M|
|poke|p1|Pecharunt|
|poke|p2|Grimmsnarl, M|
|poke|p2|Kyurem|
|poke|p2|Hawlucha, F|
|poke|p2|Rillaboom, F|
|poke|p2|Gholdengo|
|poke|p2|Heatran, M|
|teampreview
|inactive|Battle timer is ON: inactive players will automatically lose when time's up. (requested by Metroshock)
|inactive|wrinkledmonke also wants the timer to be on.
|
|t:|1769323630
|teamsize|p1|6
|teamsize|p2|6
|start
|switch|p1a: Landorus|Landorus-Therian, M|100/100
|switch|p2a: Screener|Grimmsnarl, M|100/100
|-ability|p1a: Landorus|Intimidate|boost
|-unboost|p2a: Screener|atk|1
|turn|1
|
|t:|1769323635
|move|p2a: Screener|Taunt|p1a: Landorus
|-start|p1a: Landorus|move: Taunt
|cant|p1a: Landorus|move: Taunt|Taunt
|
|upkeep
|turn|2
|
|t:|1769323639
|move|p2a: Screener|Reflect|p2a: Screener
|-sidestart|p2: Metroshock|Reflect
|move|p1a: Landorus|U-turn|p2a: Screener
|-damage|p2a: Screener|92/100
|
|t:|1769323647
|switch|p1a: Pecharunt|Pecharunt|100/100|[from] U-turn
|
|upkeep
|turn|3
|
|t:|1769323651
|move|p2a: Screener|Parting Shot|p1a: Pecharunt
|-unboost|p1a: Pecharunt|atk|1
|-unboost|p1a: Pecharunt|spa|1
|
|t:|1769323652
|switch|p2a: THE MONAYYYY|Gholdengo|100/100|[from] Parting Shot
|move|p1a: Pecharunt|Nasty Plot|p1a: Pecharunt
|-boost|p1a: Pecharunt|spa|2
|
|upkeep
|turn|4
|
|t:|1769323658
|move|p1a: Pecharunt|Shadow Ball|p2a: THE MONAYYYY
|-supereffective|p2a: THE MONAYYYY
|-damage|p2a: THE MONAYYYY|35/100
|move|p2a: THE MONAYYYY|Shadow Ball|p1a: Pecharunt
|-supereffective|p1a: Pecharunt
|-damage|p1a: Pecharunt|0 fnt
|faint|p1a: Pecharunt
|
|upkeep
|
|t:|1769323669
|switch|p1a: Landorus|Landorus-Therian, M|100/100
|-ability|p1a: Landorus|Intimidate|boost
|-unboost|p2a: THE MONAYYYY|atk|1
|turn|5
|
|t:|1769323675
|switch|p2a: The Wretched Ape|Rillaboom, F|100/100
|-fieldstart|move: Grassy Terrain|[from] ability: Grassy Surge|[of] p2a: The Wretched Ape
|move|p1a: Landorus|Stealth Rock|p2a: The Wretched Ape
|-sidestart|p2: Metroshock|move: Stealth Rock
|
|upkeep
|turn|6
|
|t:|1769323684
|move|p1a: Landorus|U-turn|p2a: The Wretched Ape
|-supereffective|p2a: The Wretched Ape
|-damage|p2a: The Wretched Ape|82/100
|
|t:|1769323691
|switch|p1a: Iron Moth|Iron Moth|100/100|[from] U-turn
|-enditem|p1a: Iron Moth|Booster Energy
|-activate|p1a: Iron Moth|ability: Quark Drive|[fromitem]
|-start|p1a: Iron Moth|quarkdrivespa
|move|p2a: The Wretched Ape|U-turn|p1a: Iron Moth
|-resisted|p1a: Iron Moth
|-damage|p1a: Iron Moth|83/100
|
|t:|1769323695
|switch|p2a: Heatran|Heatran, M|100/100|[from] U-turn
|-damage|p2a: Heatran|88/100|[from] Stealth Rock
|
|-heal|p1a: Iron Moth|89/100|[from] Grassy Terrain
|-heal|p2a: Heatran|94/100|[from] Grassy Terrain
|-heal|p2a: Heatran|100/100|[from] item: Leftovers
|upkeep
|turn|7
|
|t:|1769323706
|move|p1a: Iron Moth|Fiery Dance|p2a: Heatran
|-start|p2a: Heatran|ability: Flash Fire
|move|p2a: Heatran|Substitute|p2a: Heatran
|-start|p2a: Heatran|Substitute
|-damage|p2a: Heatran|76/100
|
|-heal|p1a: Iron Moth|95/100|[from] Grassy Terrain
|-heal|p2a: Heatran|82/100|[from] Grassy Terrain
|-heal|p2a: Heatran|88/100|[from] item: Leftovers
|upkeep
|turn|8
|
|t:|1769323717
|-end|p1a: Iron Moth|Quark Drive|[silent]
|switch|p1a: Landorus|Landorus-Therian, M|100/100
|-ability|p1a: Landorus|Intimidate|boost
|-immune|p2a: Heatran
|move|p2a: Heatran|Power Gem|p1a: Landorus
|-damage|p1a: Landorus|71/100
|
|-heal|p2a: Heatran|94/100|[from] Grassy Terrain
|-heal|p2a: Heatran|100/100|[from] item: Leftovers
|upkeep
|turn|9
|
|t:|1769323723
|move|p1a: Landorus|Earth Power|p2a: Heatran
|-supereffective|p2a: Heatran
|-end|p2a: Heatran|Substitute
|move|p2a: Heatran|Lava Plume|p1a: Landorus
|-damage|p1a: Landorus|7/100
|
|-sideend|p2: Metroshock|Reflect
|-fieldend|move: Grassy Terrain
|upkeep
|turn|10
|
|t:|1769323728
|-end|p2a: Heatran|ability: Flash Fire|[silent]
|switch|p2a: The Wretched Ape|Rillaboom, F|82/100
|-damage|p2a: The Wretched Ape|70/100|[from] Stealth Rock
|-fieldstart|move: Grassy Terrain|[from] ability: Grassy Surge|[of] p2a: The Wretched Ape
|move|p1a: Landorus|U-turn|p2a: The Wretched Ape
|-supereffective|p2a: The Wretched Ape
|-damage|p2a: The Wretched Ape|36/100
|
|t:|1769323745
|switch|p1a: Ogerpon|Ogerpon, F|100/100|[from] U-turn
|
|-heal|p2a: The Wretched Ape|42/100|[from] Grassy Terrain
|upkeep
|turn|11
|
|t:|1769323758
|switch|p2a: Heatran|Heatran, M|100/100
|-damage|p2a: Heatran|88/100|[from] Stealth Rock
|move|p1a: Ogerpon|U-turn|p2a: Heatran
|-resisted|p2a: Heatran
|-damage|p2a: Heatran|81/100
|
|t:|1769323761
|switch|p1a: Quaquaval|Quaquaval, M|100/100|[from] U-turn
|
|-heal|p2a: Heatran|88/100|[from] Grassy Terrain
|-heal|p2a: Heatran|94/100|[from] item: Leftovers
|upkeep
|turn|12
|
|t:|1769323767
|switch|p2a: Screener|Grimmsnarl, M|92/100
|-damage|p2a: Screener|79/100|[from] Stealth Rock
|move|p1a: Quaquaval|Aqua Step|p2a: Screener
|-damage|p2a: Screener|44/100
|-boost|p1a: Quaquaval|spe|1
|
|-heal|p2a: Screener|50/100|[from] Grassy Terrain
|upkeep
|turn|13
|
|t:|1769323773
|move|p2a: Screener|Reflect|p2a: Screener
|-sidestart|p2: Metroshock|Reflect
|move|p1a: Quaquaval|Aqua Step|p2a: Screener
|-crit|p2a: Screener
|-damage|p2a: Screener|0 fnt
|-boost|p1a: Quaquaval|spe|1
|faint|p2a: Screener
|-ability|p1a: Quaquaval|Moxie|boost
|-boost|p1a: Quaquaval|atk|1
|
|upkeep
|
|t:|1769323778
|switch|p2a: The Wretched Ape|Rillaboom, F|42/100
|-damage|p2a: The Wretched Ape|29/100|[from] Stealth Rock
|turn|14
|
|t:|1769323783
|-terastallize|p1a: Quaquaval|Steel
|move|p2a: The Wretched Ape|Grassy Glide|p1a: Quaquaval
|-resisted|p1a: Quaquaval
|-crit|p1a: Quaquaval
|-damage|p1a: Quaquaval|50/100
|move|p1a: Quaquaval|Close Combat|p2a: The Wretched Ape
|-damage|p2a: The Wretched Ape|0 fnt
|-unboost|p1a: Quaquaval|def|1
|-unboost|p1a: Quaquaval|spd|1
|faint|p2a: The Wretched Ape
|-ability|p1a: Quaquaval|Moxie|boost
|-boost|p1a: Quaquaval|atk|1
|
|-heal|p1a: Quaquaval|56/100|[from] Grassy Terrain
|-fieldend|move: Grassy Terrain
|upkeep
|
|t:|1769323790
|switch|p2a: Mega!!!|Hawlucha, F|100/100
|-damage|p2a: Mega!!!|88/100|[from] Stealth Rock
|turn|15
|
|t:|1769323794
|move|p1a: Quaquaval|Aqua Step|p2a: Mega!!!
|-damage|p2a: Mega!!!|37/100
|-boost|p1a: Quaquaval|spe|1
|move|p2a: Mega!!!|Close Combat|p1a: Quaquaval
|-supereffective|p1a: Quaquaval
|-damage|p1a: Quaquaval|0 fnt
|-unboost|p2a: Mega!!!|def|1
|-unboost|p2a: Mega!!!|spd|1
|faint|p1a: Quaquaval
|
|upkeep
|
|t:|1769323806
|switch|p1a: Iron Moth|Iron Moth|95/100
|turn|16
|
|t:|1769323811
|-end|p1a: Iron Moth|Quark Drive|[silent]
|switch|p1a: Ogerpon|Ogerpon, F|100/100
|move|p2a: Mega!!!|Close Combat|p1a: Ogerpon
|-damage|p1a: Ogerpon|27/100
|-unboost|p2a: Mega!!!|def|1
|-unboost|p2a: Mega!!!|spd|1
|
|upkeep
|turn|17
|
|t:|1769323816
|move|p1a: Ogerpon|Ivy Cudgel|p2a: Mega!!!
|-resisted|p2a: Mega!!!
|-damage|p2a: Mega!!!|0 fnt
|faint|p2a: Mega!!!
|
|upkeep
|
|t:|1769323821
|switch|p2a: Heatran|Heatran, M|94/100
|-damage|p2a: Heatran|81/100|[from] Stealth Rock
|turn|18
|
|t:|1769323823
|switch|p1a: Landorus|Landorus-Therian, M|7/100
|-ability|p1a: Landorus|Intimidate|boost
|-unboost|p2a: Heatran|atk|1
|move|p2a: Heatran|Substitute|p2a: Heatran
|-start|p2a: Heatran|Substitute
|-damage|p2a: Heatran|56/100
|
|-heal|p2a: Heatran|63/100|[from] item: Leftovers
|upkeep
|turn|19
|
|t:|1769323825
|move|p1a: Landorus|Earth Power|p2a: Heatran
|-supereffective|p2a: Heatran
|-end|p2a: Heatran|Substitute
|move|p2a: Heatran|Lava Plume|p1a: Landorus
|-damage|p1a: Landorus|0 fnt
|faint|p1a: Landorus
|
|-heal|p2a: Heatran|69/100|[from] item: Leftovers
|upkeep
|
|t:|1769323830
|switch|p1a: Ogerpon|Ogerpon, F|27/100
|turn|20
|
|t:|1769323834
|move|p1a: Ogerpon|Knock Off|p2a: Heatran
|-crit|p2a: Heatran
|-damage|p2a: Heatran|10/100
|-enditem|p2a: Heatran|Leftovers|[from] move: Knock Off|[of] p1a: Ogerpon
|move|p2a: Heatran|Lava Plume|p1a: Ogerpon
|-supereffective|p1a: Ogerpon
|-damage|p1a: Ogerpon|0 fnt
|faint|p1a: Ogerpon
|
|-sideend|p2: Metroshock|Reflect
|upkeep
|
|t:|1769323836
|switch|p1a: Iron Moth|Iron Moth|95/100
|turn|21
|
|t:|1769323840
|move|p1a: Iron Moth|Dazzling Gleam|p2a: Heatran
|-resisted|p2a: Heatran
|-damage|p2a: Heatran|4/100
|move|p2a: Heatran|Power Gem|p1a: Iron Moth
|-supereffective|p1a: Iron Moth
|-damage|p1a: Iron Moth|31/100
|
|upkeep
|turn|22
|
|t:|1769323845
|move|p1a: Iron Moth|Dazzling Gleam|p2a: Heatran
|-resisted|p2a: Heatran
|-damage|p2a: Heatran|0 fnt
|faint|p2a: Heatran
|
|upkeep
|
|t:|1769323849
|switch|p2a: Beamer|Kyurem|100/100
|-damage|p2a: Beamer|76/100|[from] Stealth Rock
|-ability|p2a: Beamer|Pressure
|turn|23
|
|t:|1769323852
|-end|p1a: Iron Moth|Quark Drive|[silent]
|switch|p1a: Iron Crown|Iron Crown|100/100
|move|p2a: Beamer|Dragon Dance|p2a: Beamer
|-boost|p2a: Beamer|atk|1
|-boost|p2a: Beamer|spe|1
|
|upkeep
|turn|24
|
|t:|1769323855
|-terastallize|p2a: Beamer|Ground
|move|p2a: Beamer|Tera Blast|p1a: Iron Crown|[anim] Tera Blast Ground
|-supereffective|p1a: Iron Crown
|-damage|p1a: Iron Crown|0 fnt
|faint|p1a: Iron Crown
|-end|p1a: Iron Crown|Quark Drive|[silent]
|
|upkeep
|
|t:|1769323857
|switch|p1a: Iron Moth|Iron Moth|31/100
|turn|25
|-message|wrinkledmonke forfeited.
|
|win|Metroshock
|raw|wrinkledmonke's rating: 1443 &rarr; <strong>1427</strong><br />(-16 for losing)
|raw|Metroshock's rating: 1521 &rarr; <strong>1537</strong><br />(+16 for winning)
|l|☆Metroshock
|player|p2|
|l|☆wrinkledmonke
|player|p1|
