|j|☆jessies boyfriend
|j|☆BCDino
|t:|1769435159
|gametype|singles
|player|p1|jessies boyfriend|brock|1375
|player|p2|BCDino|burglar|1358
|gen|9
|tier|[Gen 9] OU
|rated|
|rule|HP Percentage Mod: HP is shown in percentages
|rule|Endless Battle Clause: Forcing endless battles is banned
|rule|Species Clause: Limit one of each Pokémon
|rule|OHKO Clause: OHKO moves are banned
|rule|Evasion Items Clause: Evasion items are banned
|rule|Evasion Moves Clause: Evasion moves are banned
|rule|Evasion Abilities Clause: Evasion abilities are banned
|rule|Sleep Moves Clause: Sleep-inducing moves are banned
|clearpoke
|poke|p1|Rillaboom, M|
|poke|p1|Ninetales, F|
|poke|p1|Great Tusk|
|poke|p1|Typhlosion-Hisui, M|
|poke|p1|Ribombee, M|
|poke|p1|Keldeo-Resolute|
|poke|p2|Corviknight, F|
|poke|p2|Dragapult, M|
|poke|p2|Primarina, M|
|poke|p2|Ting-Lu|
|poke|p2|Ogerpon-Wellspring, F|
|poke|p2|Iron Moth|
|teampreview
|inactive|Battle timer is ON: inactive players will automatically lose when time's up. (requested by BCDino)
|
|t:|1769435175
|teamsize|p1|6
|teamsize|p2|6
|start
|switch|p1a: Rillaboom|Rillaboom, M|100/100
|switch|p2a: Iron Moth|Iron Moth|100/100
|-fieldstart|move: Grassy Terrain|[from] ability: Grassy Surge|[of] p1a: Rillaboom
|turn|1
|
|t:|1769435189
|move|p2a: Iron Moth|Fiery Dance|p1a: Rillaboom
|-supereffective|p1a: Rillaboom
|-damage|p1a: Rillaboom|36/100
|move|p1a: Rillaboom|Leech Seed|p2a: Iron Moth
|-start|p2a: Iron Moth|move: Leech Seed
|
|-heal|p1a: Rillaboom|42/100|[from] Grassy Terrain
|-damage|p2a: Iron Moth|88/100|[from] Leech Seed|[of] p1a: Rillaboom
|-heal|p1a: Rillaboom|53/100|[silent]
|upkeep
|turn|2
|
|t:|1769435196
|switch|p1a: Ribombee|Ribombee, M|100/100
|move|p2a: Iron Moth|Fiery Dance|p1a: Ribombee
|-supereffective|p1a: Ribombee
|-enditem|p1a: Ribombee|Focus Sash
|-damage|p1a: Ribombee|1/100
|-boost|p2a: Iron Moth|spa|1
|
|-heal|p1a: Ribombee|7/100|[from] Grassy Terrain
|-heal|p2a: Iron Moth|94/100|[from] Grassy Terrain
|-damage|p2a: Iron Moth|82/100|[from] Leech Seed|[of] p1a: Ribombee
|-heal|p1a: Ribombee|24/100|[silent]
|upkeep
|turn|3
|
|t:|1769435198
|move|p1a: Ribombee|Stun Spore|p2a: Iron Moth
|-status|p2a: Iron Moth|par
|cant|p2a: Iron Moth|par
|
|-heal|p1a: Ribombee|30/100|[from] Grassy Terrain
|-heal|p2a: Iron Moth|88/100 par|[from] Grassy Terrain
|-damage|p2a: Iron Moth|75/100 par|[from] Leech Seed|[of] p1a: Ribombee
|-heal|p1a: Ribombee|48/100|[silent]
|upkeep
|turn|4
|
|t:|1769435202
|move|p1a: Ribombee|Sticky Web|p2a: Iron Moth
|-sidestart|p2: BCDino|move: Sticky Web
|cant|p2a: Iron Moth|par
|
|-heal|p1a: Ribombee|54/100|[from] Grassy Terrain
|-heal|p2a: Iron Moth|82/100 par|[from] Grassy Terrain
|-damage|p2a: Iron Moth|69/100 par|[from] Leech Seed|[of] p1a: Ribombee
|-heal|p1a: Ribombee|71/100|[silent]
|upkeep
|turn|5
|
|t:|1769435215
|move|p1a: Ribombee|U-turn|p2a: Iron Moth
|-resisted|p2a: Iron Moth
|-damage|p2a: Iron Moth|64/100 par
|
|t:|1769435216
|switch|p1a: Typhlosion|Typhlosion-Hisui, M|100/100|[from] U-turn
|move|p2a: Iron Moth|Fiery Dance|p1a: Typhlosion
|-resisted|p1a: Typhlosion
|-damage|p1a: Typhlosion|63/100
|-boost|p2a: Iron Moth|spa|1
|
|-heal|p1a: Typhlosion|68/100|[from] Grassy Terrain
|-heal|p1a: Typhlosion|74/100|[from] item: Leftovers
|-heal|p2a: Iron Moth|70/100 par|[from] Grassy Terrain
|-damage|p2a: Iron Moth|58/100 par|[from] Leech Seed|[of] p1a: Typhlosion
|-heal|p1a: Typhlosion|90/100|[silent]
|upkeep
|turn|6
|
|t:|1769435222
|move|p1a: Typhlosion|Substitute|p1a: Typhlosion
|-start|p1a: Typhlosion|Substitute
|-damage|p1a: Typhlosion|65/100
|move|p2a: Iron Moth|Toxic||[still]
|-fail|p2a: Iron Moth
|
|-heal|p1a: Typhlosion|71/100|[from] Grassy Terrain
|-heal|p1a: Typhlosion|77/100|[from] item: Leftovers
|-heal|p2a: Iron Moth|64/100 par|[from] Grassy Terrain
|-damage|p2a: Iron Moth|52/100 par|[from] Leech Seed|[of] p1a: Typhlosion
|-heal|p1a: Typhlosion|93/100|[silent]
|upkeep
|turn|7
|
|t:|1769435225
|move|p1a: Typhlosion|Calm Mind|p1a: Typhlosion
|-boost|p1a: Typhlosion|spa|1
|-boost|p1a: Typhlosion|spd|1
|move|p2a: Iron Moth|Fiery Dance|p1a: Typhlosion
|-resisted|p1a: Typhlosion
|-end|p1a: Typhlosion|Substitute
|
|-heal|p1a: Typhlosion|99/100|[from] Grassy Terrain
|-heal|p1a: Typhlosion|100/100|[from] item: Leftovers
|-heal|p2a: Iron Moth|58/100 par|[from] Grassy Terrain
|-damage|p2a: Iron Moth|45/100 par|[from] Leech Seed|[of] p1a: Typhlosion
|upkeep
|turn|8
|
|t:|1769435231
|move|p1a: Typhlosion|Substitute|p1a: Typhlosion
|-start|p1a: Typhlosion|Substitute
|-damage|p1a: Typhlosion|76/100
|move|p2a: Iron Moth|Fiery Dance|p1a: Typhlosion
|-resisted|p1a: Typhlosion
|-end|p1a: Typhlosion|Substitute
|
|-heal|p1a: Typhlosion|82/100|[from] Grassy Terrain
|-heal|p1a: Typhlosion|88/100|[from] item: Leftovers
|-heal|p2a: Iron Moth|51/100 par|[from] Grassy Terrain
|-damage|p2a: Iron Moth|39/100 par|[from] Leech Seed|[of] p1a: Typhlosion
|-heal|p1a: Typhlosion|100/100|[silent]
|-fieldend|move: Grassy Terrain
|upkeep
|turn|9
|
|t:|1769435233
|move|p1a: Typhlosion|Substitute|p1a: Typhlosion
|-start|p1a: Typhlosion|Substitute
|-damage|p1a: Typhlosion|76/100
|move|p2a: Iron Moth|Fiery Dance|p1a: Typhlosion
|-resisted|p1a: Typhlosion
|-end|p1a: Typhlosion|Substitute
|-boost|p2a: Iron Moth|spa|1
|
|-heal|p1a: Typhlosion|82/100|[from] item: Leftovers
|-damage|p2a: Iron Moth|27/100 par|[from] Leech Seed|[of] p1a: Typhlosion
|-heal|p1a: Typhlosion|97/100|[silent]
|upkeep
|turn|10
|
|t:|1769435240
|-end|p2a: Iron Moth|Quark Drive|[silent]
|switch|p2a: Ogerpon|Ogerpon-Wellspring, F|100/100
|-activate|p2a: Ogerpon|move: Sticky Web
|-unboost|p2a: Ogerpon|spe|1
|move|p1a: Typhlosion|Substitute|p1a: Typhlosion
|-start|p1a: Typhlosion|Substitute
|-damage|p1a: Typhlosion|73/100
|
|-heal|p1a: Typhlosion|79/100|[from] item: Leftovers
|upkeep
|turn|11
|
|t:|1769435243
|-terastallize|p2a: Ogerpon|Water
|detailschange|p2a: Ogerpon|Ogerpon-Wellspring-Tera, F, tera:Water
|-ability|p2a: Ogerpon|Embody Aspect (Wellspring)|boost
|-boost|p2a: Ogerpon|spd|1
|move|p1a: Typhlosion|Infernal Parade|p2a: Ogerpon
|-damage|p2a: Ogerpon|63/100
|move|p2a: Ogerpon|Ivy Cudgel|p1a: Typhlosion|[anim] Ivy Cudgel Water
|-supereffective|p1a: Typhlosion
|-end|p1a: Typhlosion|Substitute
|
|-heal|p1a: Typhlosion|84/100|[from] item: Leftovers
|upkeep
|turn|12
|
|t:|1769435257
|switch|p1a: Rillaboom|Rillaboom, M|53/100
|-fieldstart|move: Grassy Terrain|[from] ability: Grassy Surge|[of] p1a: Rillaboom
|move|p2a: Ogerpon|Substitute|p2a: Ogerpon
|-start|p2a: Ogerpon|Substitute
|-damage|p2a: Ogerpon|38/100
|
|-heal|p2a: Ogerpon|44/100|[from] Grassy Terrain
|-heal|p1a: Rillaboom|60/100|[from] Grassy Terrain
|upkeep
|turn|13
|
|t:|1769435263
|move|p1a: Rillaboom|Grassy Glide|p2a: Ogerpon
|-supereffective|p2a: Ogerpon
|-end|p2a: Ogerpon|Substitute
|move|p2a: Ogerpon|Swords Dance|p2a: Ogerpon
|-boost|p2a: Ogerpon|atk|2
|
|-heal|p2a: Ogerpon|50/100|[from] Grassy Terrain
|-heal|p1a: Rillaboom|66/100|[from] Grassy Terrain
|upkeep
|turn|14
|
|t:|1769435270
|move|p1a: Rillaboom|Grassy Glide|p2a: Ogerpon
|-supereffective|p2a: Ogerpon
|-damage|p2a: Ogerpon|0 fnt
|faint|p2a: Ogerpon
|detailschange|p2: Ogerpon|Ogerpon-Wellspring, F|[silent]
|
|-heal|p1a: Rillaboom|72/100|[from] Grassy Terrain
|upkeep
|
|t:|1769435278
|switch|p2a: Corviknight|Corviknight, F|100/100
|-ability|p2a: Corviknight|Pressure
|turn|15
|
|t:|1769435288
|move|p1a: Rillaboom|Leech Seed|p2a: Corviknight
|-start|p2a: Corviknight|move: Leech Seed
|move|p2a: Corviknight|Agility|p2a: Corviknight
|-boost|p2a: Corviknight|spe|2
|
|-heal|p1a: Rillaboom|78/100|[from] Grassy Terrain
|-damage|p2a: Corviknight|88/100|[from] Leech Seed|[of] p1a: Rillaboom
|-heal|p1a: Rillaboom|91/100|[silent]
|upkeep
|turn|16
|
|t:|1769435294
|move|p2a: Corviknight|Iron Defense|p2a: Corviknight
|-boost|p2a: Corviknight|def|2
|move|p1a: Rillaboom|U-turn|p2a: Corviknight
|-resisted|p2a: Corviknight
|-damage|p2a: Corviknight|86/100
|
|t:|1769435308
|switch|p1a: Keldeo|Keldeo-Resolute|100/100|[from] U-turn
|
|-heal|p2a: Corviknight|92/100|[from] item: Leftovers
|-damage|p2a: Corviknight|80/100|[from] Leech Seed|[of] p1a: Keldeo
|upkeep
|turn|17
|
|t:|1769435321
|move|p2a: Corviknight|Iron Defense|p2a: Corviknight
|-boost|p2a: Corviknight|def|2
|move|p1a: Keldeo|Substitute|p1a: Keldeo
|-start|p1a: Keldeo|Substitute
|-damage|p1a: Keldeo|76/100
|
|-heal|p2a: Corviknight|86/100|[from] item: Leftovers
|-heal|p1a: Keldeo|82/100|[from] Grassy Terrain
|-heal|p1a: Keldeo|88/100|[from] item: Leftovers
|-damage|p2a: Corviknight|73/100|[from] Leech Seed|[of] p1a: Keldeo
|-heal|p1a: Keldeo|100/100|[silent]
|upkeep
|turn|18
|
|t:|1769435328
|move|p2a: Corviknight|Power Trip|p1a: Keldeo
|-resisted|p1a: Keldeo
|-activate|p1a: Keldeo|move: Substitute|[damage]
|move|p1a: Keldeo|Chilling Water|p2a: Corviknight
|-damage|p2a: Corviknight|56/100
|-unboost|p2a: Corviknight|atk|1
|
|-heal|p2a: Corviknight|62/100|[from] item: Leftovers
|-damage|p2a: Corviknight|50/100|[from] Leech Seed|[of] p1a: Keldeo
|upkeep
|turn|19
|-message|BCDino forfeited.
|
|win|jessies boyfriend
|raw|jessies boyfriend's rating: 1375 &rarr; <strong>1394</strong><br />(+19 for winning)
|raw|BCDino's rating: 1358 &rarr; <strong>1339</strong><br />(-19 for losing)
|l|☆BCDino
|player|p2|
|l|☆jessies boyfriend
|player|p1|
