|j|☆roysti
|j|☆mehvish
|t:|1769331804
|gametype|singles
|player|p1|roysti|169|1130
|player|p2|mehvish|maid|1127
|gen|9
|tier|[Gen 9] OU
|rated|
|rule|HP Percentage Mod: HP is shown in percentages
|rule|Endless Battle Clause: Forcing endless battles is banned
|rule|Species Clause: Limit one of each Pokémon
|rule|OHKO Clause: OHKO moves are banned
|rule|Evasion Items Clause: Evasion items are banned
|rule|Evasion Moves Clause: Evasion moves are banned
|rule|Evasion Abilities Clause: Evasion abilities are banned
|rule|Sleep Moves Clause: Sleep-inducing moves are banned
|clearpoke
|poke|p1|Gholdengo|
|poke|p1|Orthworm, M|
|poke|p1|Lucario, F|
|poke|p1|Scizor, F|
|poke|p1|Walking Wake|
|poke|p1|Excadrill, F|
|poke|p2|Gholdengo|
|poke|p2|Glimmora, M|
|poke|p2|Torkoal, M|
|poke|p2|Lilligant-Hisui, F|
|poke|p2|Raging Bolt|
|poke|p2|Walking Wake|
|teampreview
|inactive|Battle timer is ON: inactive players will automatically lose when time's up. (requested by mehvish)
|
|t:|1769331811
|teamsize|p1|6
|teamsize|p2|6
|start
|switch|p1a: Scizor|Scizor, F|100/100
|switch|p2a: Torkoal|Torkoal, M|100/100
|-weather|SunnyDay|[from] ability: Drought|[of] p2a: Torkoal
|turn|1
|
|t:|1769331821
|switch|p1a: Walking Wake|Walking Wake|100/100
|-activate|p1a: Walking Wake|ability: Protosynthesis
|-start|p1a: Walking Wake|protosynthesisspa
|move|p2a: Torkoal|Weather Ball|p1a: Walking Wake
|-resisted|p1a: Walking Wake
|-damage|p1a: Walking Wake|87/100
|
|-weather|SunnyDay|[upkeep]
|upkeep
|turn|2
|
|t:|1769331840
|switch|p2a: Walking Wake|Walking Wake|100/100
|-activate|p2a: Walking Wake|ability: Protosynthesis
|-start|p2a: Walking Wake|protosynthesisspa
|move|p1a: Walking Wake|Hydro Steam|p2a: Walking Wake
|-resisted|p2a: Walking Wake
|-damage|p2a: Walking Wake|83/100
|
|-weather|SunnyDay|[upkeep]
|upkeep
|turn|3
|
|t:|1769331850
|move|p2a: Walking Wake|Draco Meteor|p1a: Walking Wake
|-supereffective|p1a: Walking Wake
|-damage|p1a: Walking Wake|0 fnt
|-unboost|p2a: Walking Wake|spa|2
|faint|p1a: Walking Wake
|-end|p1a: Walking Wake|Protosynthesis|[silent]
|
|-weather|SunnyDay|[upkeep]
|upkeep
|
|t:|1769331863
|switch|p1a: Gholdengo|Gholdengo|100/100
|turn|4
|
|t:|1769331873
|-end|p2a: Walking Wake|Protosynthesis|[silent]
|switch|p2a: Torkoal|Torkoal, M|100/100
|move|p1a: Gholdengo|Thunderbolt|p2a: Torkoal
|-damage|p2a: Torkoal|57/100
|
|-weather|SunnyDay|[upkeep]
|upkeep
|turn|5
|
|t:|1769331882
|move|p1a: Gholdengo|Thunderbolt|p2a: Torkoal
|-damage|p2a: Torkoal|13/100
|-status|p2a: Torkoal|par
|cant|p2a: Torkoal|par
|
|-weather|SunnyDay|[upkeep]
|upkeep
|turn|6
|
|t:|1769331889
|move|p1a: Gholdengo|Thunderbolt|p2a: Torkoal
|-damage|p2a: Torkoal|0 fnt
|faint|p2a: Torkoal
|
|-weather|SunnyDay|[upkeep]
|upkeep
|
|t:|1769331903
|switch|p2a: Raging Bolt|Raging Bolt|100/100
|-activate|p2a: Raging Bolt|ability: Protosynthesis
|-start|p2a: Raging Bolt|protosynthesisspa
|turn|7
|
|t:|1769331909
|switch|p1a: Excadrill|Excadrill, F|100/100
|-ability|p1a: Excadrill|Mold Breaker
|move|p2a: Raging Bolt|Thunderbolt|p1a: Excadrill
|-immune|p1a: Excadrill
|
|-weather|SunnyDay|[upkeep]
|upkeep
|turn|8
|
|t:|1769331930
|-end|p2a: Raging Bolt|Protosynthesis|[silent]
|switch|p2a: Walking Wake|Walking Wake|83/100
|-activate|p2a: Walking Wake|ability: Protosynthesis
|-start|p2a: Walking Wake|protosynthesisspa
|move|p1a: Excadrill|Earthquake|p2a: Walking Wake
|-damage|p2a: Walking Wake|5/100
|-damage|p1a: Excadrill|91/100|[from] item: Life Orb
|
|-weather|none
|-end|p2a: Walking Wake|Protosynthesis
|upkeep
|turn|9
|
|t:|1769331946
|move|p2a: Walking Wake|Hydro Steam|p1a: Excadrill
|-supereffective|p1a: Excadrill
|-damage|p1a: Excadrill|0 fnt
|faint|p1a: Excadrill
|
|upkeep
|
|t:|1769331957
|switch|p1a: Scizor|Scizor, F|100/100
|turn|10
|
|t:|1769331973
|move|p1a: Scizor|Bullet Punch|p2a: Walking Wake
|-resisted|p2a: Walking Wake
|-damage|p2a: Walking Wake|0 fnt
|faint|p2a: Walking Wake
|-end|p2a: Walking Wake|Protosynthesis|[silent]
|-damage|p1a: Scizor|90/100|[from] item: Life Orb
|
|upkeep
|
|t:|1769331980
|switch|p2a: Raging Bolt|Raging Bolt|100/100
|turn|11
|
|t:|1769331987
|move|p2a: Raging Bolt|Thunderbolt|p1a: Scizor
|-damage|p1a: Scizor|24/100
|move|p1a: Scizor|Pounce|p2a: Raging Bolt
|-damage|p2a: Raging Bolt|57/100
|-unboost|p2a: Raging Bolt|spe|1
|-damage|p1a: Scizor|14/100|[from] item: Life Orb
|
|-heal|p2a: Raging Bolt|63/100|[from] item: Leftovers
|upkeep
|turn|12
|
|t:|1769331999
|-end|p2a: Raging Bolt|Protosynthesis|[silent]
|switch|p2a: Gholdengo|Gholdengo|100/100
|move|p1a: Scizor|Pounce|p2a: Gholdengo
|-resisted|p2a: Gholdengo
|-damage|p2a: Gholdengo|91/100
|-unboost|p2a: Gholdengo|spe|1
|-damage|p1a: Scizor|0 fnt|[from] item: Rocky Helmet|[of] p2a: Gholdengo
|faint|p1a: Scizor
|
|upkeep
|
|t:|1769332012
|switch|p1a: Orthworm|Orthworm, M|100/100
|turn|13
|
|t:|1769332016
|move|p1a: Orthworm|Earthquake|p2a: Gholdengo
|-supereffective|p2a: Gholdengo
|-damage|p2a: Gholdengo|53/100
|move|p2a: Gholdengo|Thunder Wave|p1a: Orthworm
|-status|p1a: Orthworm|par
|
|upkeep
|turn|14
|
|t:|1769332023
|move|p2a: Gholdengo|Recover|p2a: Gholdengo
|-heal|p2a: Gholdengo|100/100
|cant|p1a: Orthworm|par
|
|upkeep
|turn|15
|
|t:|1769332031
|move|p2a: Gholdengo|Hex|p1a: Orthworm
|-damage|p1a: Orthworm|31/100 par
|move|p1a: Orthworm|Iron Defense|p1a: Orthworm
|-boost|p1a: Orthworm|def|2
|
|-heal|p1a: Orthworm|37/100 par|[from] item: Leftovers
|upkeep
|turn|16
|
|t:|1769332041
|move|p2a: Gholdengo|Hex|p1a: Orthworm
|-damage|p1a: Orthworm|0 fnt
|faint|p1a: Orthworm
|
|upkeep
|
|t:|1769332047
|switch|p1a: Gholdengo|Gholdengo|100/100
|turn|17
|inactive|mehvish has 120 seconds left.
|
|t:|1769332080
|-terastallize|p1a: Gholdengo|Steel
|-terastallize|p2a: Gholdengo|Water
|move|p1a: Gholdengo|Shadow Ball|p2a: Gholdengo
|-damage|p2a: Gholdengo|42/100
|move|p2a: Gholdengo|Thunder Wave|p1a: Gholdengo
|-immune|p1a: Gholdengo|[from] ability: Good as Gold
|
|upkeep
|turn|18
|
|t:|1769332089
|move|p1a: Gholdengo|Shadow Ball|p2a: Gholdengo
|-damage|p2a: Gholdengo|0 fnt
|faint|p2a: Gholdengo
|
|upkeep
|inactive|mehvish has 120 seconds left.
|
|t:|1769332102
|switch|p2a: Raging Bolt|Raging Bolt|63/100
|turn|19
|
|t:|1769332105
|move|p2a: Raging Bolt|Thunderclap|p1a: Gholdengo
|-damage|p1a: Gholdengo|50/100
|move|p1a: Gholdengo|Shadow Ball|p2a: Raging Bolt
|-damage|p2a: Raging Bolt|6/100
|
|-heal|p2a: Raging Bolt|13/100|[from] item: Leftovers
|upkeep
|turn|20
|
|t:|1769332115
|switch|p1a: Lucario|Lucario, F|100/100
|move|p2a: Raging Bolt|Thunderclap||[still]
|-fail|p2a: Raging Bolt
|
|-heal|p2a: Raging Bolt|19/100|[from] item: Leftovers
|upkeep
|turn|21
|
|t:|1769332124
|move|p1a: Lucario|Earthquake|p2a: Raging Bolt
|-supereffective|p2a: Raging Bolt
|-damage|p2a: Raging Bolt|0 fnt
|faint|p2a: Raging Bolt
|-end|p2a: Raging Bolt|Protosynthesis|[silent]
|-damage|p1a: Lucario|91/100|[from] item: Life Orb
|
|upkeep
|
|t:|1769332127
|switch|p2a: Glimmora|Glimmora, M|100/100
|turn|22
|
|t:|1769332133
|move|p2a: Glimmora|Earth Power|p1a: Lucario
|-supereffective|p1a: Lucario
|-damage|p1a: Lucario|0 fnt
|faint|p1a: Lucario
|
|upkeep
|
|t:|1769332138
|switch|p1a: Gholdengo|Gholdengo, tera:Steel|50/100
|turn|23
|
|t:|1769332144
|move|p2a: Glimmora|Earth Power|p1a: Gholdengo
|-supereffective|p1a: Gholdengo
|-damage|p1a: Gholdengo|0 fnt
|faint|p1a: Gholdengo
|
|win|mehvish
|raw|roysti's rating: 1130 &rarr; <strong>1105</strong><br />(-25 for losing)
|raw|mehvish's rating: 1127 &rarr; <strong>1152</strong><br />(+25 for winning)
|l|☆mehvish
|player|p2|
|l|☆roysti
|player|p1|
