|j|☆agent 3 of 2013
|j|☆amininu
|t:|1769365262
|gametype|singles
|player|p1|agent 3 of 2013|unknownf|1362
|player|p2|amininu|cilan|1366
|gen|9
|tier|[Gen 9] OU
|rated|
|rule|HP Percentage Mod: HP is shown in percentages
|rule|Endless Battle Clause: Forcing endless battles is banned
|rule|Species Clause: Limit one of each Pokémon
|rule|OHKO Clause: OHKO moves are banned
|rule|Evasion Items Clause: Evasion items are banned
|rule|Evasion Moves Clause: Evasion moves are banned
|rule|Evasion Abilities Clause: Evasion abilities are banned
|rule|Sleep Moves Clause: Sleep-inducing moves are banned
|clearpoke
|poke|p1|Ting-Lu|
|poke|p1|Clefable, M|
|poke|p1|Great Tusk|
|poke|p1|Pecharunt|
|poke|p1|Okidogi, M|
|poke|p1|Alomomola, F|
|poke|p2|Ting-Lu|
|poke|p2|Dondozo, F|
|poke|p2|Meowscarada, F|
|poke|p2|Zoroark-Hisui, F|
|poke|p2|Weezing-Galar, M|
|poke|p2|Galvantula, F|
|teampreview
|inactive|Battle timer is ON: inactive players will automatically lose when time's up. (requested by agent 3 of 2013)
|
|t:|1769365281
|teamsize|p1|6
|teamsize|p2|6
|start
|switch|p1a: Clefable|Clefable, M, shiny|100/100
|switch|p2a: Galvantula|Galvantula, F|100/100
|turn|1
|
|t:|1769365288
|move|p2a: Galvantula|Thunder Wave|p1a: Clefable
|-status|p1a: Clefable|par
|move|p1a: Clefable|Flamethrower|p2a: Galvantula
|-supereffective|p2a: Galvantula
|-damage|p2a: Galvantula|27/100
|
|upkeep
|turn|2
|
|t:|1769365295
|move|p2a: Galvantula|Sticky Web|p1a: Clefable
|-sidestart|p1: agent 3 of 2013|move: Sticky Web
|move|p1a: Clefable|Flamethrower|p2a: Galvantula
|-supereffective|p2a: Galvantula
|-damage|p2a: Galvantula|0 fnt
|faint|p2a: Galvantula
|
|upkeep
|
|t:|1769365312
|switch|p2a: Meowscarada|Meowscarada, F|100/100
|turn|3
|
|t:|1769365323
|switch|p1a: Pecharunt|Pecharunt|100/100
|-activate|p1a: Pecharunt|move: Sticky Web
|-unboost|p1a: Pecharunt|spe|1
|move|p2a: Meowscarada|U-turn|p1a: Pecharunt
|-start|p2a: Meowscarada|typechange|Bug|[from] ability: Protean
|-resisted|p1a: Pecharunt
|-damage|p1a: Pecharunt|95/100
|-damage|p2a: Meowscarada|84/100|[from] item: Rocky Helmet|[of] p1a: Pecharunt
|
|t:|1769365345
|switch|p2a: Ting-Lu|Ting-Lu|100/100|[from] U-turn
|
|upkeep
|turn|4
|
|t:|1769365354
|move|p2a: Ting-Lu|Bitter Malice|p1a: Pecharunt
|-supereffective|p1a: Pecharunt
|-damage|p1a: Pecharunt|0 fnt
|faint|p1a: Pecharunt
|
|upkeep
|
|t:|1769365365
|switch|p1a: Ting-Lu|Ting-Lu|100/100
|-activate|p1a: Ting-Lu|move: Sticky Web
|-unboost|p1a: Ting-Lu|spe|1
|-ability|p1a: Ting-Lu|Vessel of Ruin
|turn|5
|
|t:|1769365383
|switch|p2a: Dondozo|Dondozo, F|100/100
|move|p1a: Ting-Lu|Ruination|p2a: Dondozo
|-damage|p2a: Dondozo|50/100
|
|upkeep
|turn|6
|
|t:|1769365403
|move|p2a: Dondozo|Wave Crash|p1a: Ting-Lu
|-supereffective|p1a: Ting-Lu
|-damage|p1a: Ting-Lu|39/100
|-damage|p2a: Dondozo|27/100|[from] Recoil
|move|p1a: Ting-Lu|Whirlwind|p2a: Dondozo
|drag|p2a: Ting-Lu|Ting-Lu|100/100
|
|-heal|p1a: Ting-Lu|46/100|[from] item: Leftovers
|upkeep
|turn|7
|
|t:|1769365417
|-terastallize|p2a: Ting-Lu|Fighting
|move|p2a: Ting-Lu|Tera Blast|p1a: Ting-Lu|[anim] Tera Blast Fighting
|-supereffective|p1a: Ting-Lu
|-damage|p1a: Ting-Lu|0 fnt
|faint|p1a: Ting-Lu
|
|upkeep
|
|t:|1769365423
|switch|p1a: Okidogi|Okidogi, M|100/100
|-activate|p1a: Okidogi|move: Sticky Web
|-unboost|p1a: Okidogi|spe|1
|turn|8
|
|t:|1769365432
|switch|p2a: Weezing|Weezing-Galar, M|100/100
|move|p1a: Okidogi|Knock Off|p2a: Weezing
|-resisted|p2a: Weezing
|-damage|p2a: Weezing|88/100
|-enditem|p2a: Weezing|Black Sludge|[from] move: Knock Off|[of] p1a: Okidogi
|
|upkeep
|turn|9
|
|t:|1769365447
|switch|p1a: Alomomola|Alomomola, F, shiny|100/100
|move|p2a: Weezing|Strange Steam|p1a: Alomomola
|-damage|p1a: Alomomola|66/100
|
|upkeep
|turn|10
|
|t:|1769365456
|move|p2a: Weezing|Toxic|p1a: Alomomola
|-status|p1a: Alomomola|tox
|move|p1a: Alomomola|Flip Turn|p2a: Weezing
|-damage|p2a: Weezing|77/100
|
|t:|1769365462
|switch|p1a: Great Tusk|Great Tusk, shiny|100/100|[from] Flip Turn
|
|upkeep
|turn|11
|
|t:|1769365474
|move|p1a: Great Tusk|Headlong Rush|p2a: Weezing
|-immune|p2a: Weezing|[from] ability: Levitate
|move|p2a: Weezing|Strange Steam|p1a: Great Tusk
|-supereffective|p1a: Great Tusk
|-damage|p1a: Great Tusk|3/100
|
|upkeep
|turn|12
|
|t:|1769365483
|-end|p1a: Great Tusk|Protosynthesis|[silent]
|switch|p1a: Clefable|Clefable, M, shiny|100/100 par
|move|p2a: Weezing|Strange Steam|p1a: Clefable
|-damage|p1a: Clefable|80/100 par
|
|upkeep
|turn|13
|
|t:|1769365495
|switch|p2a: Dondozo|Dondozo, F|27/100
|move|p1a: Clefable|Flamethrower|p2a: Dondozo
|-resisted|p2a: Dondozo
|-damage|p2a: Dondozo|21/100
|
|upkeep
|turn|14
|
|t:|1769365504
|move|p2a: Dondozo|Wave Crash|p1a: Clefable
|-damage|p1a: Clefable|20/100 par
|-damage|p2a: Dondozo|4/100|[from] Recoil
|move|p1a: Clefable|Moonblast|p2a: Dondozo
|-damage|p2a: Dondozo|0 fnt
|faint|p2a: Dondozo
|
|upkeep
|
|t:|1769365526
|switch|p2a: Meowscarada|Meowscarada, F|84/100
|turn|15
|
|t:|1769365532
|switch|p1a: Okidogi|Okidogi, M|100/100
|-activate|p1a: Okidogi|move: Sticky Web
|-unboost|p1a: Okidogi|spe|1
|move|p2a: Meowscarada|U-turn|p1a: Okidogi
|-start|p2a: Meowscarada|typechange|Bug|[from] ability: Protean
|-resisted|p1a: Okidogi
|-damage|p1a: Okidogi|91/100
|
|t:|1769365545
|switch|p2a: Ting-Lu|Ting-Lu|100/100|[from] U-turn
|-ability|p2a: Ting-Lu|Vessel of Ruin
|
|upkeep
|turn|16
|
|t:|1769365563
|move|p1a: Okidogi|Knock Off|p2a: Ting-Lu
|-resisted|p2a: Ting-Lu
|-damage|p2a: Ting-Lu|89/100
|-enditem|p2a: Ting-Lu|Assault Vest|[from] move: Knock Off|[of] p1a: Okidogi
|move|p2a: Ting-Lu|Zen Headbutt|p1a: Okidogi
|-supereffective|p1a: Okidogi
|-damage|p1a: Okidogi|10/100
|
|upkeep
|turn|17
|
|t:|1769365576
|switch|p1a: Alomomola|Alomomola, F, shiny|99/100 tox
|move|p2a: Ting-Lu|Zen Headbutt|p1a: Alomomola
|-damage|p1a: Alomomola|85/100 tox
|
|-damage|p1a: Alomomola|79/100 tox|[from] psn
|upkeep
|turn|18
|
|t:|1769365584
|switch|p2a: Weezing|Weezing-Galar, M|77/100
|move|p1a: Alomomola|Wish|p1a: Alomomola
|
|-damage|p1a: Alomomola|66/100 tox|[from] psn
|upkeep
|turn|19
|
|t:|1769365591
|move|p2a: Weezing|Sludge Bomb|p1a: Alomomola
|-damage|p1a: Alomomola|29/100 tox
|move|p1a: Alomomola|Flip Turn|p2a: Weezing
|-damage|p2a: Weezing|65/100
|
|t:|1769365598
|switch|p1a: Okidogi|Okidogi, M|10/100|[from] Flip Turn
|-activate|p1a: Okidogi|move: Sticky Web
|-unboost|p1a: Okidogi|spe|1
|
|-heal|p1a: Okidogi|81/100|[from] move: Wish|[wisher] Alomomola
|upkeep
|turn|20
|
|t:|1769365607
|move|p2a: Weezing|Strange Steam|p1a: Okidogi
|-damage|p1a: Okidogi|59/100
|-start|p1a: Okidogi|confusion
|-activate|p1a: Okidogi|confusion
|move|p1a: Okidogi|Gunk Shot|p2a: Weezing
|-damage|p2a: Weezing|16/100
|
|upkeep
|turn|21
|
|t:|1769365624
|move|p2a: Weezing|Strange Steam|p1a: Okidogi
|-crit|p1a: Okidogi
|-damage|p1a: Okidogi|27/100
|-activate|p1a: Okidogi|confusion
|move|p1a: Okidogi|Ice Punch|p2a: Weezing
|-damage|p2a: Weezing|0 fnt
|faint|p2a: Weezing
|
|upkeep
|
|t:|1769365640
|switch|p2a: Meowscarada|Meowscarada, F, tera:Fighting|100/100
|turn|22
|
|t:|1769365658
|switch|p1a: Clefable|Clefable, M, shiny|20/100 par
|move|p2a: Meowscarada|Hyper Voice|p1a: Clefable
|-damage|p1a: Clefable|0 fnt
|faint|p1a: Clefable
|
|upkeep
|
|t:|1769365667
|switch|p1a: Okidogi|Okidogi, M|27/100
|-activate|p1a: Okidogi|move: Sticky Web
|-unboost|p1a: Okidogi|spe|1
|turn|23
|
|t:|1769365672
|move|p2a: Meowscarada|Hyper Voice|p1a: Okidogi
|-damage|p1a: Okidogi|0 fnt
|faint|p1a: Okidogi
|
|upkeep
|
|t:|1769365676
|switch|p1a: Alomomola|Alomomola, F, shiny|62/100 tox
|turn|24
|
|t:|1769365683
|switch|p2a: Ting-Lu|Ting-Lu|89/100
|-ability|p2a: Ting-Lu|Vessel of Ruin
|move|p1a: Alomomola|Acrobatics|p2a: Ting-Lu
|-damage|p2a: Ting-Lu|82/100
|
|-damage|p1a: Alomomola|56/100 tox|[from] psn
|upkeep
|turn|25
|
|t:|1769365692
|move|p2a: Ting-Lu|Earthquake|p1a: Alomomola
|-damage|p1a: Alomomola|28/100 tox
|move|p1a: Alomomola|Flip Turn|p2a: Ting-Lu
|-supereffective|p2a: Ting-Lu
|-damage|p2a: Ting-Lu|62/100
|
|t:|1769365698
|switch|p1a: Great Tusk|Great Tusk, shiny|3/100|[from] Flip Turn
|
|upkeep
|turn|26
|
|t:|1769365705
|move|p1a: Great Tusk|Headlong Rush|p2a: Ting-Lu
|-damage|p2a: Ting-Lu|23/100
|-unboost|p1a: Great Tusk|def|1
|-unboost|p1a: Great Tusk|spd|1
|move|p2a: Ting-Lu|Earthquake|p1a: Great Tusk
|-damage|p1a: Great Tusk|0 fnt
|faint|p1a: Great Tusk
|-end|p1a: Great Tusk|Protosynthesis|[silent]
|
|upkeep
|-message|agent 3 of 2013 forfeited.
|
|win|amininu
|raw|agent 3 of 2013's rating: 1362 &rarr; <strong>1342</strong><br />(-20 for losing)
|raw|amininu's rating: 1366 &rarr; <strong>1386</strong><br />(+20 for winning)
|l|☆agent 3 of 2013
|player|p1|
|l|☆amininu
|player|p2|
