|j|☆LaportaPotty
|j|☆Jellyfish licker
|t:|1769406310
|gametype|singles
|player|p1|LaportaPotty|170|1351
|player|p2|Jellyfish licker|flannery|1363
|gen|9
|tier|[Gen 9] OU
|rated|
|rule|HP Percentage Mod: HP is shown in percentages
|rule|Endless Battle Clause: Forcing endless battles is banned
|rule|Species Clause: Limit one of each Pokémon
|rule|OHKO Clause: OHKO moves are banned
|rule|Evasion Items Clause: Evasion items are banned
|rule|Evasion Moves Clause: Evasion moves are banned
|rule|Evasion Abilities Clause: Evasion abilities are banned
|rule|Sleep Moves Clause: Sleep-inducing moves are banned
|clearpoke
|poke|p1|Wo-Chien|
|poke|p1|Heatran, F|
|poke|p1|Ogerpon-Wellspring, F|
|poke|p1|Raging Bolt|
|poke|p1|Glimmora, M|
|poke|p1|Mimikyu, F|
|poke|p2|Garchomp, M|
|poke|p2|Hoopa-Unbound|
|poke|p2|Slowking-Galar, F|
|poke|p2|Gholdengo|
|poke|p2|Alomomola, F|
|poke|p2|Darkrai|
|teampreview
|inactive|Battle timer is ON: inactive players will automatically lose when time's up. (requested by Jellyfish licker)
|c|☆LaportaPotty|round 2
|c|☆LaportaPotty|gl
|inactive|LaportaPotty has 120 seconds left.
|
|t:|1769406344
|teamsize|p1|6
|teamsize|p2|6
|start
|switch|p1a: Ogerpon|Ogerpon-Wellspring, F|100/100
|switch|p2a: Garchomp|Garchomp, M|100/100
|turn|1
|
|t:|1769406361
|move|p1a: Ogerpon|Ivy Cudgel|p2a: Garchomp|[anim] Ivy Cudgel Water
|-damage|p2a: Garchomp|62/100
|move|p2a: Garchomp|Dragon Tail|p1a: Ogerpon
|-damage|p1a: Ogerpon|67/100
|drag|p1a: Glimmora|Glimmora, M|100/100
|
|upkeep
|turn|2
|
|t:|1769406378
|move|p1a: Glimmora|Toxic|p2a: Garchomp
|-status|p2a: Garchomp|tox
|move|p2a: Garchomp|Stealth Rock|p1a: Glimmora
|-sidestart|p1: LaportaPotty|move: Stealth Rock
|
|-damage|p2a: Garchomp|55/100 tox|[from] psn
|upkeep
|turn|3
|
|t:|1769406389
|move|p1a: Glimmora|Spikes|p2a: Garchomp
|-sidestart|p2: Jellyfish licker|Spikes
|move|p2a: Garchomp|Earthquake|p1a: Glimmora
|-supereffective|p1a: Glimmora
|-enditem|p1a: Glimmora|Focus Sash
|-damage|p1a: Glimmora|1/100
|
|-damage|p2a: Garchomp|43/100 tox|[from] psn
|upkeep
|turn|4
|
|t:|1769406399
|move|p1a: Glimmora|Stealth Rock|p2a: Garchomp
|-sidestart|p2: Jellyfish licker|move: Stealth Rock
|move|p2a: Garchomp|Earthquake|p1a: Glimmora
|-supereffective|p1a: Glimmora
|-damage|p1a: Glimmora|0 fnt
|faint|p1a: Glimmora
|
|-damage|p2a: Garchomp|25/100 tox|[from] psn
|upkeep
|
|t:|1769406410
|switch|p1a: Mimikyu|Mimikyu, F|100/100
|turn|5
|
|t:|1769406431
|move|p1a: Mimikyu|Swords Dance|p1a: Mimikyu
|-boost|p1a: Mimikyu|atk|2
|move|p2a: Garchomp|Earthquake|p1a: Mimikyu
|-activate|p1a: Mimikyu|ability: Disguise
|-damage|p1a: Mimikyu|100/100
|detailschange|p1a: Mimikyu|Mimikyu-Busted, F
|-damage|p1a: Mimikyu|88/100|[from] pokemon: Mimikyu-Busted
|
|-damage|p2a: Garchomp|0 fnt|[from] psn
|faint|p2a: Garchomp
|upkeep
|
|t:|1769406443
|switch|p2a: Alomomola|Alomomola, F|100/100
|turn|6
|
|t:|1769406452
|move|p1a: Mimikyu|Wood Hammer|p2a: Alomomola
|-supereffective|p2a: Alomomola
|-damage|p2a: Alomomola|28/100
|-damage|p1a: Mimikyu|37/100|[from] Recoil
|move|p2a: Alomomola|Scald|p1a: Mimikyu
|-damage|p1a: Mimikyu|20/100
|-status|p1a: Mimikyu|brn
|
|-damage|p1a: Mimikyu|14/100 brn|[from] brn
|upkeep
|turn|7
|
|t:|1769406463
|switch|p2a: Slowking|Slowking-Galar, F|100/100
|move|p1a: Mimikyu|Wood Hammer|p2a: Slowking
|-resisted|p2a: Slowking
|-damage|p2a: Slowking|85/100
|-damage|p1a: Mimikyu|6/100 brn|[from] Recoil
|
|-damage|p1a: Mimikyu|0 fnt|[from] brn
|faint|p1a: Mimikyu
|upkeep
|
|t:|1769406467
|switch|p1a: Wo-Chien|Wo-Chien|100/100
|-damage|p1a: Wo-Chien|88/100|[from] Stealth Rock
|-ability|p1a: Wo-Chien|Tablets of Ruin
|turn|8
|
|t:|1769406474
|move|p1a: Wo-Chien|Leech Seed|p2a: Slowking
|-start|p2a: Slowking|move: Leech Seed
|move|p2a: Slowking|Future Sight|p1a: Wo-Chien
|-start|p2a: Slowking|move: Future Sight
|
|-heal|p1a: Wo-Chien|94/100|[from] item: Leftovers
|-damage|p2a: Slowking|72/100|[from] Leech Seed|[of] p1a: Wo-Chien
|-heal|p1a: Wo-Chien|100/100|[silent]
|upkeep
|turn|9
|
|t:|1769406484
|switch|p2a: Hoopa|Hoopa-Unbound|100/100
|-damage|p2a: Hoopa|88/100|[from] Spikes
|-damage|p2a: Hoopa|76/100|[from] Stealth Rock
|move|p1a: Wo-Chien|Substitute|p1a: Wo-Chien
|-start|p1a: Wo-Chien|Substitute
|-damage|p1a: Wo-Chien|76/100
|
|-heal|p1a: Wo-Chien|82/100|[from] item: Leftovers
|upkeep
|turn|10
|
|t:|1769406509
|move|p1a: Wo-Chien|Knock Off|p2a: Hoopa
|-damage|p2a: Hoopa|46/100
|-enditem|p2a: Hoopa|Assault Vest|[from] move: Knock Off|[of] p1a: Wo-Chien
|move|p2a: Hoopa|Drain Punch|p1a: Wo-Chien
|-supereffective|p1a: Wo-Chien
|-crit|p1a: Wo-Chien
|-end|p1a: Wo-Chien|Substitute
|-heal|p2a: Hoopa|58/100|[from] drain|[of] p1a: Wo-Chien
|-item|p2a: Hoopa|Leftovers|[from] ability: Magician|[of] p1a: Wo-Chien
|
|-end|p1a: Wo-Chien|move: Future Sight
|-immune|p1a: Wo-Chien
|-heal|p2a: Hoopa|64/100|[from] item: Leftovers
|upkeep
|turn|11
|
|t:|1769406528
|move|p1a: Wo-Chien|Leech Seed|p2a: Hoopa
|-start|p2a: Hoopa|move: Leech Seed
|move|p2a: Hoopa|Drain Punch|p1a: Wo-Chien
|-supereffective|p1a: Wo-Chien
|-damage|p1a: Wo-Chien|52/100
|-heal|p2a: Hoopa|78/100|[from] drain|[of] p1a: Wo-Chien
|
|-heal|p2a: Hoopa|84/100|[from] item: Leftovers
|-damage|p2a: Hoopa|72/100|[from] Leech Seed|[of] p1a: Wo-Chien
|-heal|p1a: Wo-Chien|65/100|[silent]
|upkeep
|turn|12
|
|t:|1769406541
|switch|p2a: Gholdengo|Gholdengo|100/100
|-damage|p2a: Gholdengo|94/100|[from] Stealth Rock
|-item|p2a: Gholdengo|Air Balloon
|move|p1a: Wo-Chien|Knock Off|p2a: Gholdengo
|-supereffective|p2a: Gholdengo
|-damage|p2a: Gholdengo|56/100
|-enditem|p2a: Gholdengo|Air Balloon
|
|upkeep
|turn|13
|
|t:|1769406551
|move|p1a: Wo-Chien|Leech Seed|p2a: Gholdengo
|-immune|p2a: Gholdengo|[from] ability: Good as Gold
|move|p2a: Gholdengo|Nasty Plot|p2a: Gholdengo
|-boost|p2a: Gholdengo|spa|2
|
|upkeep
|turn|14
|
|t:|1769406563
|move|p1a: Wo-Chien|Knock Off|p2a: Gholdengo
|-supereffective|p2a: Gholdengo
|-damage|p2a: Gholdengo|27/100
|move|p2a: Gholdengo|Make It Rain|p1a: Wo-Chien
|-damage|p1a: Wo-Chien|0 fnt
|-unboost|p2a: Gholdengo|spa|1
|faint|p1a: Wo-Chien
|
|upkeep
|c|☆LaportaPotty|uh oh
|
|t:|1769406570
|switch|p1a: Ogerpon|Ogerpon-Wellspring, F|67/100
|-damage|p1a: Ogerpon|55/100|[from] Stealth Rock
|turn|15
|
|t:|1769406579
|move|p1a: Ogerpon|Ivy Cudgel|p2a: Gholdengo|[anim] Ivy Cudgel Water
|-damage|p2a: Gholdengo|0 fnt
|faint|p2a: Gholdengo
|
|upkeep
|
|t:|1769406583
|switch|p2a: Darkrai|Darkrai|100/100
|turn|16
|
|t:|1769406590
|-terastallize|p1a: Ogerpon|Water
|detailschange|p1a: Ogerpon|Ogerpon-Wellspring-Tera, F, tera:Water
|-ability|p1a: Ogerpon|Embody Aspect (Wellspring)|boost
|-boost|p1a: Ogerpon|spd|1
|move|p2a: Darkrai|Sludge Bomb|p1a: Ogerpon
|-damage|p1a: Ogerpon|28/100
|move|p1a: Ogerpon|Ivy Cudgel|p2a: Darkrai|[anim] Ivy Cudgel Water
|-damage|p2a: Darkrai|0 fnt
|faint|p2a: Darkrai
|
|upkeep
|
|t:|1769406601
|switch|p2a: Alomomola|Alomomola, F|61/100
|turn|17
|
|t:|1769406606
|-terastallize|p2a: Alomomola|Ghost
|move|p1a: Ogerpon|Knock Off|p2a: Alomomola
|-supereffective|p2a: Alomomola
|-damage|p2a: Alomomola|15/100
|-enditem|p2a: Alomomola|Heavy-Duty Boots|[from] move: Knock Off|[of] p1a: Ogerpon
|move|p2a: Alomomola|Wish|p2a: Alomomola
|
|upkeep
|turn|18
|-message|Jellyfish licker forfeited.
|
|win|LaportaPotty
|raw|LaportaPotty's rating: 1351 &rarr; <strong>1372</strong><br />(+21 for winning)
|raw|Jellyfish licker's rating: 1363 &rarr; <strong>1342</strong><br />(-21 for losing)
|l|☆Jellyfish licker
|player|p2|
|c|☆LaportaPotty|gg
|l|☆LaportaPotty
|player|p1|
