|j|☆151htyrneh
|j|☆TapuTeao
|t:|1769340225
|gametype|singles
|player|p1|151htyrneh|wallace|1653
|player|p2|TapuTeao|102|1671
|gen|9
|tier|[Gen 9] OU
|rated|
|rule|HP Percentage Mod: HP is shown in percentages
|rule|Endless Battle Clause: Forcing endless battles is banned
|rule|Species Clause: Limit one of each Pokémon
|rule|OHKO Clause: OHKO moves are banned
|rule|Evasion Items Clause: Evasion items are banned
|rule|Evasion Moves Clause: Evasion moves are banned
|rule|Evasion Abilities Clause: Evasion abilities are banned
|rule|Sleep Moves Clause: Sleep-inducing moves are banned
|clearpoke
|poke|p1|Glimmora, F|
|poke|p1|Landorus-Therian, M|
|poke|p1|Kyurem|
|poke|p1|Kingambit, M|
|poke|p1|Iron Valiant|
|poke|p1|Gholdengo|
|poke|p2|Necrozma|
|poke|p2|Kingambit, F|
|poke|p2|Samurott-Hisui, F|
|poke|p2|Iron Treads|
|poke|p2|Pecharunt|
|poke|p2|Enamorus, F|
|teampreview
|inactive|Battle timer is ON: inactive players will automatically lose when time's up. (requested by TapuTeao)
|
|t:|1769340233
|teamsize|p1|6
|teamsize|p2|6
|start
|switch|p1a: Kyurem|Kyurem|100/100
|switch|p2a: Necrozma|Necrozma|100/100
|-ability|p1a: Kyurem|Pressure
|turn|1
|
|t:|1769340238
|move|p1a: Kyurem|Ice Beam|p2a: Necrozma
|-damage|p2a: Necrozma|54/100
|move|p2a: Necrozma|Trick Room|p2a: Necrozma
|-fieldstart|move: Trick Room|[of] p2a: Necrozma
|
|upkeep
|turn|2
|
|t:|1769340244
|switch|p1a: Kingambit|Kingambit, M|100/100
|move|p2a: Necrozma|Photon Geyser|p1a: Kingambit
|-immune|p1a: Kingambit
|
|upkeep
|turn|3
|
|t:|1769340255
|move|p2a: Necrozma|Earth Power|p1a: Kingambit
|-supereffective|p1a: Kingambit
|-damage|p1a: Kingambit|17/100
|move|p1a: Kingambit|Low Kick|p2a: Necrozma
|-resisted|p2a: Necrozma
|-damage|p2a: Necrozma|35/100
|
|upkeep
|turn|4
|
|t:|1769340261
|move|p2a: Necrozma|Earth Power|p1a: Kingambit
|-supereffective|p1a: Kingambit
|-damage|p1a: Kingambit|0 fnt
|faint|p1a: Kingambit
|-end|p1a: Kingambit|fallenundefined|[silent]
|
|upkeep
|
|t:|1769340266
|switch|p1a: Landorus|Landorus-Therian, M|100/100
|-ability|p1a: Landorus|Intimidate|boost
|-unboost|p2a: Necrozma|atk|1
|turn|5
|
|t:|1769340270
|move|p2a: Necrozma|Photon Geyser|p1a: Landorus
|-damage|p1a: Landorus|31/100
|move|p1a: Landorus|Stealth Rock|p2a: Necrozma
|-sidestart|p2: TapuTeao|move: Stealth Rock
|
|-fieldend|move: Trick Room
|upkeep
|turn|6
|
|t:|1769340277
|move|p1a: Landorus|Taunt|p2a: Necrozma
|-start|p2a: Necrozma|move: Taunt
|cant|p2a: Necrozma|move: Taunt|Trick Room
|
|upkeep
|turn|7
|
|t:|1769340283
|move|p1a: Landorus|Earth Power|p2a: Necrozma
|-damage|p2a: Necrozma|3/100
|move|p2a: Necrozma|Photon Geyser|p1a: Landorus
|-damage|p1a: Landorus|0 fnt
|faint|p1a: Landorus
|
|upkeep
|
|t:|1769340287
|switch|p1a: Kyurem|Kyurem|100/100
|-ability|p1a: Kyurem|Pressure
|turn|8
|
|t:|1769340294
|move|p1a: Kyurem|Ice Beam|p2a: Necrozma
|-damage|p2a: Necrozma|0 fnt
|faint|p2a: Necrozma
|
|upkeep
|
|t:|1769340301
|switch|p2a: Kingambit|Kingambit, F|100/100
|-damage|p2a: Kingambit|94/100|[from] Stealth Rock
|-activate|p2a: Kingambit|ability: Supreme Overlord
|-start|p2a: Kingambit|fallen1|[silent]
|turn|9
|
|t:|1769340306
|move|p1a: Kyurem|Focus Blast|p2a: Kingambit|[miss]
|-miss|p1a: Kyurem|p2a: Kingambit
|move|p2a: Kingambit|Iron Head|p1a: Kyurem
|-supereffective|p1a: Kyurem
|-damage|p1a: Kyurem|5/100
|
|upkeep
|turn|10
|
|t:|1769340312
|switch|p1a: Iron Valiant|Iron Valiant|100/100
|-enditem|p1a: Iron Valiant|Booster Energy
|-activate|p1a: Iron Valiant|ability: Quark Drive|[fromitem]
|-start|p1a: Iron Valiant|quarkdrivespe
|move|p2a: Kingambit|Sucker Punch||[still]
|-fail|p2a: Kingambit
|
|upkeep
|turn|11
|
|t:|1769340320
|-end|p2a: Kingambit|fallen1|[silent]
|switch|p2a: Pecharunt|Pecharunt|100/100
|-damage|p2a: Pecharunt|88/100|[from] Stealth Rock
|-item|p2a: Pecharunt|Air Balloon
|move|p1a: Iron Valiant|Knock Off|p2a: Pecharunt
|-supereffective|p2a: Pecharunt
|-damage|p2a: Pecharunt|60/100
|-enditem|p2a: Pecharunt|Air Balloon
|
|upkeep
|turn|12
|
|t:|1769340329
|move|p1a: Iron Valiant|Taunt|p2a: Pecharunt
|-start|p2a: Pecharunt|move: Taunt
|move|p2a: Pecharunt|Hex|p1a: Iron Valiant
|-damage|p1a: Iron Valiant|64/100
|
|upkeep
|turn|13
|
|t:|1769340337
|move|p1a: Iron Valiant|Moonblast|p2a: Pecharunt
|-resisted|p2a: Pecharunt
|-damage|p2a: Pecharunt|37/100
|-unboost|p2a: Pecharunt|spa|1
|move|p2a: Pecharunt|Malignant Chain|p1a: Iron Valiant
|-supereffective|p1a: Iron Valiant
|-damage|p1a: Iron Valiant|0 fnt
|faint|p1a: Iron Valiant
|-end|p1a: Iron Valiant|Quark Drive|[silent]
|
|upkeep
|
|t:|1769340340
|switch|p1a: Kyurem|Kyurem|5/100
|-ability|p1a: Kyurem|Pressure
|turn|14
|
|t:|1769340349
|move|p1a: Kyurem|Earth Power|p2a: Pecharunt
|-supereffective|p2a: Pecharunt
|-damage|p2a: Pecharunt|0 fnt
|faint|p2a: Pecharunt
|
|upkeep
|
|t:|1769340355
|switch|p2a: Iron Treads|Iron Treads|100/100
|-damage|p2a: Iron Treads|97/100|[from] Stealth Rock
|turn|15
|
|t:|1769340360
|switch|p1a: Gholdengo|Gholdengo|100/100
|-item|p1a: Gholdengo|Air Balloon
|move|p2a: Iron Treads|Ice Spinner|p1a: Gholdengo
|-resisted|p1a: Gholdengo
|-damage|p1a: Gholdengo|92/100
|-enditem|p1a: Gholdengo|Air Balloon
|
|upkeep
|turn|16
|
|t:|1769340372
|switch|p1a: Kyurem|Kyurem|5/100
|-ability|p1a: Kyurem|Pressure
|move|p2a: Iron Treads|Earthquake|p1a: Kyurem
|-damage|p1a: Kyurem|0 fnt
|faint|p1a: Kyurem
|
|upkeep
|
|t:|1769340378
|switch|p1a: Glimmora|Glimmora, F|100/100
|turn|17
|
|t:|1769340381
|move|p1a: Glimmora|Earth Power|p2a: Iron Treads
|-supereffective|p2a: Iron Treads
|-damage|p2a: Iron Treads|34/100
|move|p2a: Iron Treads|Earthquake|p1a: Glimmora
|-supereffective|p1a: Glimmora
|-damage|p1a: Glimmora|0 fnt
|-activate|p1a: Glimmora|ability: Toxic Debris
|-sidestart|p2: TapuTeao|move: Toxic Spikes
|faint|p1a: Glimmora
|
|upkeep
|
|t:|1769340393
|switch|p1a: Gholdengo|Gholdengo|92/100
|turn|18
|
|t:|1769340397
|move|p2a: Iron Treads|Earthquake|p1a: Gholdengo
|-supereffective|p1a: Gholdengo
|-crit|p1a: Gholdengo
|-damage|p1a: Gholdengo|0 fnt
|faint|p1a: Gholdengo
|
|win|TapuTeao
|raw|151htyrneh's rating: 1653 &rarr; <strong>1634</strong><br />(-19 for losing)
|raw|TapuTeao's rating: 1671 &rarr; <strong>1690</strong><br />(+19 for winning)
|l|☆TapuTeao
|player|p2|
