|j|☆Aleph501!
|j|☆American Noodle
|t:|1769393408
|gametype|singles
|player|p1|Aleph501!|102|1363
|player|p2|American Noodle|hugh|1370
|gen|9
|tier|[Gen 9] OU
|rated|
|rule|HP Percentage Mod: HP is shown in percentages
|rule|Endless Battle Clause: Forcing endless battles is banned
|rule|Species Clause: Limit one of each Pokémon
|rule|OHKO Clause: OHKO moves are banned
|rule|Evasion Items Clause: Evasion items are banned
|rule|Evasion Moves Clause: Evasion moves are banned
|rule|Evasion Abilities Clause: Evasion abilities are banned
|rule|Sleep Moves Clause: Sleep-inducing moves are banned
|clearpoke
|poke|p1|Glimmora, M|
|poke|p1|Ceruledge, F|
|poke|p1|Tinkaton, F|
|poke|p1|Dragonite, F|
|poke|p1|Landorus-Therian, M|
|poke|p1|Rotom-Wash|
|poke|p2|Ogerpon-Wellspring, F|
|poke|p2|Ribombee, F|
|poke|p2|Rampardos, M|
|poke|p2|Raging Bolt|
|poke|p2|Gholdengo|
|poke|p2|Great Tusk|
|teampreview
|inactive|Battle timer is ON: inactive players will automatically lose when time's up. (requested by Aleph501!)
|
|t:|1769393417
|teamsize|p1|6
|teamsize|p2|6
|start
|switch|p1a: Glimmora|Glimmora, M|100/100
|switch|p2a: Ribombee|Ribombee, F|100/100
|turn|1
|
|t:|1769393424
|move|p2a: Ribombee|Sticky Web|p1a: Glimmora
|-sidestart|p1: Aleph501!|move: Sticky Web
|move|p1a: Glimmora|Sludge Bomb|p2a: Ribombee
|-supereffective|p2a: Ribombee
|-enditem|p2a: Ribombee|Focus Sash
|-damage|p2a: Ribombee|1/100
|
|upkeep
|turn|2
|inactive|American Noodle has 120 seconds left.
|
|t:|1769393458
|move|p2a: Ribombee|Psychic Noise|p1a: Glimmora
|-supereffective|p1a: Glimmora
|-damage|p1a: Glimmora|76/100
|-start|p1a: Glimmora|move: Heal Block
|move|p1a: Glimmora|Mortal Spin|p2a: Ribombee
|-supereffective|p2a: Ribombee
|-damage|p2a: Ribombee|0 fnt
|-sideend|p1: Aleph501!|Sticky Web|[from] move: Mortal Spin|[of] p1a: Glimmora
|faint|p2a: Ribombee
|
|upkeep
|inactive|American Noodle has 120 seconds left.
|
|t:|1769393487
|switch|p2a: Great Tusk|Great Tusk|100/100
|-enditem|p2a: Great Tusk|Booster Energy
|-activate|p2a: Great Tusk|ability: Protosynthesis|[fromitem]
|-start|p2a: Great Tusk|protosynthesisatk
|turn|3
|
|t:|1769393496
|switch|p1a: Landorus|Landorus-Therian, M|100/100
|-ability|p1a: Landorus|Intimidate|boost
|-unboost|p2a: Great Tusk|atk|1
|move|p2a: Great Tusk|Headlong Rush|p1a: Landorus
|-immune|p1a: Landorus
|
|upkeep
|turn|4
|
|t:|1769393507
|move|p1a: Landorus|U-turn|p2a: Great Tusk
|-resisted|p2a: Great Tusk
|-damage|p2a: Great Tusk|91/100
|
|t:|1769393510
|switch|p1a: Rotom|Rotom-Wash|100/100|[from] U-turn
|move|p2a: Great Tusk|Ice Spinner|p1a: Rotom
|-resisted|p1a: Rotom
|-damage|p1a: Rotom|91/100
|
|-heal|p1a: Rotom|97/100|[from] item: Leftovers
|upkeep
|turn|5
|
|t:|1769393521
|-end|p2a: Great Tusk|Protosynthesis|[silent]
|switch|p2a: Raging Bolt|Raging Bolt|100/100
|move|p1a: Rotom|Hydro Pump|p2a: Raging Bolt
|-resisted|p2a: Raging Bolt
|-damage|p2a: Raging Bolt|84/100
|
|-heal|p1a: Rotom|100/100|[from] item: Leftovers
|upkeep
|turn|6
|
|t:|1769393530
|move|p1a: Rotom|Volt Switch|p2a: Raging Bolt
|-resisted|p2a: Raging Bolt
|-damage|p2a: Raging Bolt|78/100
|
|t:|1769393533
|switch|p1a: Landorus|Landorus-Therian, M|100/100|[from] Volt Switch
|-ability|p1a: Landorus|Intimidate|boost
|-unboost|p2a: Raging Bolt|atk|1
|move|p2a: Raging Bolt|Draco Meteor|p1a: Landorus
|-crit|p1a: Landorus
|-damage|p1a: Landorus|0 fnt
|-unboost|p2a: Raging Bolt|spa|2
|faint|p1a: Landorus
|
|upkeep
|
|t:|1769393549
|switch|p1a: Ceruledge|Ceruledge, F|100/100
|turn|7
|
|t:|1769393558
|-end|p2a: Raging Bolt|Protosynthesis|[silent]
|switch|p2a: Rampardos|Rampardos, M|100/100
|move|p1a: Ceruledge|Bitter Blade|p2a: Rampardos
|-resisted|p2a: Rampardos
|-damage|p2a: Rampardos|61/100
|
|upkeep
|turn|8
|
|t:|1769393566
|switch|p1a: Tinkaton|Tinkaton, F|100/100
|-ability|p1a: Tinkaton|Mold Breaker
|move|p2a: Rampardos|Rock Slide|p1a: Tinkaton
|-resisted|p1a: Tinkaton
|-damage|p1a: Tinkaton|66/100
|
|-heal|p1a: Tinkaton|72/100|[from] item: Leftovers
|upkeep
|turn|9
|
|t:|1769393578
|move|p1a: Tinkaton|Knock Off|p2a: Rampardos
|-damage|p2a: Rampardos|32/100
|-enditem|p2a: Rampardos|Life Orb|[from] move: Knock Off|[of] p1a: Tinkaton
|move|p2a: Rampardos|Fire Punch|p1a: Tinkaton
|-supereffective|p1a: Tinkaton
|-damage|p1a: Tinkaton|0 fnt
|faint|p1a: Tinkaton
|
|upkeep
|
|t:|1769393590
|switch|p1a: Dragonite|Dragonite, F|100/100
|turn|10
|
|t:|1769393595
|move|p1a: Dragonite|Earthquake|p2a: Rampardos
|-supereffective|p2a: Rampardos
|-damage|p2a: Rampardos|0 fnt
|faint|p2a: Rampardos
|
|upkeep
|
|t:|1769393602
|switch|p2a: Raging Bolt|Raging Bolt|78/100
|turn|11
|
|t:|1769393616
|-terastallize|p1a: Dragonite|Normal
|-terastallize|p2a: Raging Bolt|Fairy
|move|p1a: Dragonite|Extreme Speed|p2a: Raging Bolt
|-damage|p2a: Raging Bolt|43/100
|move|p2a: Raging Bolt|Draco Meteor|p1a: Dragonite|[miss]
|-miss|p2a: Raging Bolt|p1a: Dragonite
|
|upkeep
|turn|12
|
|t:|1769393629
|move|p1a: Dragonite|Dragon Dance|p1a: Dragonite
|-boost|p1a: Dragonite|atk|1
|-boost|p1a: Dragonite|spe|1
|move|p2a: Raging Bolt|Draco Meteor|p1a: Dragonite
|-damage|p1a: Dragonite|43/100
|-unboost|p2a: Raging Bolt|spa|2
|
|upkeep
|turn|13
|
|t:|1769393637
|-end|p2a: Raging Bolt|Protosynthesis|[silent]
|switch|p2a: Gholdengo|Gholdengo|100/100
|-item|p2a: Gholdengo|Air Balloon
|move|p1a: Dragonite|Extreme Speed|p2a: Gholdengo
|-immune|p2a: Gholdengo
|
|upkeep
|turn|14
|
|t:|1769393652
|move|p1a: Dragonite|Ice Spinner|p2a: Gholdengo
|-resisted|p2a: Gholdengo
|-damage|p2a: Gholdengo|75/100
|-enditem|p2a: Gholdengo|Air Balloon
|move|p2a: Gholdengo|Make It Rain|p1a: Dragonite
|-damage|p1a: Dragonite|0 fnt
|-unboost|p2a: Gholdengo|spa|1
|faint|p1a: Dragonite
|
|upkeep
|
|t:|1769393663
|switch|p1a: Ceruledge|Ceruledge, F|100/100
|turn|15
|
|t:|1769393671
|switch|p2a: Raging Bolt|Raging Bolt, tera:Fairy|43/100
|move|p1a: Ceruledge|Swords Dance|p1a: Ceruledge
|-boost|p1a: Ceruledge|atk|2
|
|upkeep
|turn|16
|
|t:|1769393678
|move|p1a: Ceruledge|Shadow Sneak|p2a: Raging Bolt
|-damage|p2a: Raging Bolt|6/100
|move|p2a: Raging Bolt|Thunderclap||[still]
|-fail|p2a: Raging Bolt
|
|upkeep
|turn|17
|
|t:|1769393684
|move|p1a: Ceruledge|Shadow Sneak|p2a: Raging Bolt
|-damage|p2a: Raging Bolt|0 fnt
|faint|p2a: Raging Bolt
|-end|p2a: Raging Bolt|Protosynthesis|[silent]
|
|upkeep
|
|t:|1769393690
|switch|p2a: Great Tusk|Great Tusk|91/100
|turn|18
|
|t:|1769393695
|move|p2a: Great Tusk|Headlong Rush|p1a: Ceruledge
|-supereffective|p1a: Ceruledge
|-damage|p1a: Ceruledge|0 fnt
|-unboost|p2a: Great Tusk|def|1
|-unboost|p2a: Great Tusk|spd|1
|faint|p1a: Ceruledge
|
|upkeep
|
|t:|1769393703
|switch|p1a: Rotom|Rotom-Wash|100/100
|turn|19
|
|t:|1769393707
|move|p2a: Great Tusk|Close Combat|p1a: Rotom
|-damage|p1a: Rotom|54/100
|-unboost|p2a: Great Tusk|def|1
|-unboost|p2a: Great Tusk|spd|1
|move|p1a: Rotom|Will-O-Wisp|p2a: Great Tusk
|-status|p2a: Great Tusk|brn
|
|-heal|p1a: Rotom|60/100|[from] item: Leftovers
|-damage|p2a: Great Tusk|84/100 brn|[from] brn
|upkeep
|turn|20
|
|t:|1769393720
|move|p2a: Great Tusk|Close Combat|p1a: Rotom
|-damage|p1a: Rotom|34/100
|-unboost|p2a: Great Tusk|def|1
|-unboost|p2a: Great Tusk|spd|1
|move|p1a: Rotom|Hydro Pump|p2a: Great Tusk
|-supereffective|p2a: Great Tusk
|-damage|p2a: Great Tusk|0 fnt
|faint|p2a: Great Tusk
|-end|p2a: Great Tusk|Protosynthesis|[silent]
|
|-heal|p1a: Rotom|40/100|[from] item: Leftovers
|upkeep
|
|t:|1769393738
|switch|p2a: Ogerpon|Ogerpon-Wellspring, F|100/100
|turn|21
|inactive|American Noodle has 120 seconds left.
|
|t:|1769393773
|move|p2a: Ogerpon|Power Whip|p1a: Rotom
|-supereffective|p1a: Rotom
|-damage|p1a: Rotom|0 fnt
|faint|p1a: Rotom
|
|upkeep
|
|t:|1769393780
|switch|p1a: Glimmora|Glimmora, M|76/100
|turn|22
|
|t:|1769393783
|move|p2a: Ogerpon|Ivy Cudgel|p1a: Glimmora|[anim] Ivy Cudgel Water
|-supereffective|p1a: Glimmora
|-damage|p1a: Glimmora|0 fnt
|-activate|p1a: Glimmora|ability: Toxic Debris
|-sidestart|p2: American Noodle|move: Toxic Spikes
|faint|p1a: Glimmora
|
|win|American Noodle
|raw|Aleph501!'s rating: 1363 &rarr; <strong>1343</strong><br />(-20 for losing)
|raw|American Noodle's rating: 1370 &rarr; <strong>1390</strong><br />(+20 for winning)
|l|☆American Noodle
|player|p2|
|l|☆Aleph501!
|player|p1|
