|j|☆NoobishTrainerJoe
|j|☆JoltStrike966
|t:|1769294258
|gametype|singles
|player|p1|NoobishTrainerJoe|kurt|
|player|p2|JoltStrike966|blue|
|gen|9
|tier|[Gen 9] OU
|rule|HP Percentage Mod: HP is shown in percentages
|rule|Endless Battle Clause: Forcing endless battles is banned
|rule|Species Clause: Limit one of each Pokémon
|rule|OHKO Clause: OHKO moves are banned
|rule|Evasion Items Clause: Evasion items are banned
|rule|Evasion Moves Clause: Evasion moves are banned
|rule|Evasion Abilities Clause: Evasion abilities are banned
|rule|Sleep Moves Clause: Sleep-inducing moves are banned
|clearpoke
|poke|p1|Hydrapple, M|
|poke|p1|Gliscor, M|
|poke|p1|Slowking-Galar, M|
|poke|p1|Cinderace, M|
|poke|p1|Kingambit, M|
|poke|p1|Iron Valiant|
|poke|p2|Glimmora, F|
|poke|p2|Cinderace, F|
|poke|p2|Ogerpon-Wellspring, F|
|poke|p2|Gliscor, F|
|poke|p2|Corviknight, M|
|poke|p2|Dragonite, F|
|teampreview
|inactive|Battle timer is ON: inactive players will automatically lose when time's up. (requested by JoltStrike966)
|
|t:|1769294284
|teamsize|p1|6
|teamsize|p2|6
|start
|switch|p1a: Slowking|Slowking-Galar, M, shiny|100/100
|switch|p2a: Gliscor|Gliscor, F|100/100
|turn|1
|
|t:|1769294306
|switch|p1a: Hydrapple|Hydrapple, M, shiny|100/100
|move|p2a: Gliscor|Protect||[still]
|-fail|p2a: Gliscor
|
|-status|p2a: Gliscor|tox|[from] item: Toxic Orb
|upkeep
|turn|2
|
|t:|1769294319
|move|p2a: Gliscor|U-turn|p1a: Hydrapple
|-supereffective|p1a: Hydrapple
|-damage|p1a: Hydrapple|77/100
|
|t:|1769294329
|switch|p2a: Dragonite|Dragonite, F|100/100|[from] U-turn
|move|p1a: Hydrapple|Giga Drain|p2a: Dragonite
|-resisted|p2a: Dragonite
|-damage|p2a: Dragonite|93/100
|-heal|p1a: Hydrapple|80/100|[from] drain|[of] p2a: Dragonite
|-damage|p1a: Hydrapple|70/100|[from] item: Life Orb
|
|upkeep
|turn|3
|
|t:|1769294351
|switch|p1a: Iron Valiant|Iron Valiant, shiny|100/100
|-enditem|p1a: Iron Valiant|Booster Energy
|-activate|p1a: Iron Valiant|ability: Quark Drive|[fromitem]
|-start|p1a: Iron Valiant|quarkdrivespe
|move|p2a: Dragonite|Ice Spinner|p1a: Iron Valiant
|-damage|p1a: Iron Valiant|64/100
|
|upkeep
|turn|4
|
|t:|1769294376
|move|p2a: Dragonite|Extreme Speed|p1a: Iron Valiant
|-damage|p1a: Iron Valiant|30/100
|move|p1a: Iron Valiant|Knock Off|p2a: Dragonite
|-damage|p2a: Dragonite|65/100
|-enditem|p2a: Dragonite|Heavy-Duty Boots|[from] move: Knock Off|[of] p1a: Iron Valiant
|
|upkeep
|turn|5
|inactive|NoobishTrainerJoe has 270 seconds left.
|inactive|NoobishTrainerJoe has 240 seconds left.
|
|t:|1769294438
|-terastallize|p1a: Iron Valiant|Ghost
|move|p2a: Dragonite|Extreme Speed|p1a: Iron Valiant
|-immune|p1a: Iron Valiant
|move|p1a: Iron Valiant|Moonblast|p2a: Dragonite
|-supereffective|p2a: Dragonite
|-damage|p2a: Dragonite|0 fnt
|faint|p2a: Dragonite
|
|upkeep
|
|t:|1769294448
|switch|p2a: Ogerpon|Ogerpon-Wellspring, F|100/100
|turn|6
|
|t:|1769294460
|switch|p2a: Gliscor|Gliscor, F|100/100 tox
|move|p1a: Iron Valiant|Destiny Bond|p1a: Iron Valiant
|-singlemove|p1a: Iron Valiant|Destiny Bond
|
|upkeep
|turn|7
|
|t:|1769294467
|move|p1a: Iron Valiant|Moonblast|p2a: Gliscor
|-damage|p2a: Gliscor|42/100 tox
|move|p2a: Gliscor|Toxic|p1a: Iron Valiant
|-status|p1a: Iron Valiant|tox
|
|-damage|p1a: Iron Valiant|24/100 tox|[from] psn
|-heal|p2a: Gliscor|55/100 tox|[from] ability: Poison Heal
|upkeep
|turn|8
|inactive|NoobishTrainerJoe has 240 seconds left.
|
|t:|1769294504
|-end|p1a: Iron Valiant|Quark Drive|[silent]
|switch|p1a: Hydrapple|Hydrapple, M, shiny|100/100
|move|p2a: Gliscor|Protect||[still]
|-fail|p2a: Gliscor
|
|-heal|p2a: Gliscor|67/100 tox|[from] ability: Poison Heal
|upkeep
|turn|9
|
|t:|1769294512
|move|p2a: Gliscor|U-turn|p1a: Hydrapple
|-supereffective|p1a: Hydrapple
|-damage|p1a: Hydrapple|76/100
|
|t:|1769294524
|switch|p2a: Ogerpon|Ogerpon-Wellspring, F|100/100|[from] U-turn
|move|p1a: Hydrapple|Draco Meteor|p2a: Ogerpon
|-damage|p2a: Ogerpon|0 fnt
|-unboost|p1a: Hydrapple|spa|2
|faint|p2a: Ogerpon
|-damage|p1a: Hydrapple|67/100|[from] item: Life Orb
|
|upkeep
|
|t:|1769294535
|switch|p2a: Glimmora|Glimmora, F|100/100
|turn|10
|
|t:|1769294542
|switch|p1a: Slowking|Slowking-Galar, M, shiny|100/100
|move|p2a: Glimmora|Mortal Spin|p1a: Slowking
|-resisted|p1a: Slowking
|-damage|p1a: Slowking|98/100
|
|upkeep
|turn|11
|
|t:|1769294558
|move|p2a: Glimmora|Earth Power|p1a: Slowking
|-supereffective|p1a: Slowking
|-damage|p1a: Slowking|62/100
|move|p1a: Slowking|Psychic Noise|p2a: Glimmora
|-supereffective|p2a: Glimmora
|-damage|p2a: Glimmora|20/100
|-start|p2a: Glimmora|move: Heal Block
|
|upkeep
|turn|12
|
|t:|1769294564
|switch|p1a: Gliscor|Gliscor, M, shiny|100/100
|move|p2a: Glimmora|Stealth Rock|p1a: Gliscor
|-sidestart|p1: NoobishTrainerJoe|move: Stealth Rock
|
|-end|p2a: Glimmora|move: Heal Block
|-status|p1a: Gliscor|tox|[from] item: Toxic Orb
|upkeep
|turn|13
|inactive|NoobishTrainerJoe has 270 seconds left.
|
|t:|1769294587
|move|p1a: Gliscor|Earthquake|p2a: Glimmora
|-supereffective|p2a: Glimmora
|-damage|p2a: Glimmora|0 fnt
|-activate|p2a: Glimmora|ability: Toxic Debris
|-sidestart|p1: NoobishTrainerJoe|move: Toxic Spikes
|faint|p2a: Glimmora
|
|upkeep
|
|t:|1769294589
|switch|p2a: Cinderace|Cinderace, F|100/100
|turn|14
|
|t:|1769294607
|move|p2a: Cinderace|Pyro Ball|p1a: Gliscor
|-damage|p1a: Gliscor|42/100 tox
|move|p1a: Gliscor|Earthquake|p2a: Cinderace
|-supereffective|p2a: Cinderace
|-damage|p2a: Cinderace|0 fnt
|faint|p2a: Cinderace
|
|-heal|p1a: Gliscor|54/100 tox|[from] ability: Poison Heal
|upkeep
|
|t:|1769294612
|switch|p2a: Corviknight|Corviknight, M|100/100
|-ability|p2a: Corviknight|Pressure
|turn|15
|
|t:|1769294614
|switch|p1a: Cinderace|Cinderace, M, shiny|100/100
|move|p2a: Corviknight|Brave Bird|p1a: Cinderace
|-damage|p1a: Cinderace|45/100
|-damage|p2a: Corviknight|87/100|[from] Recoil
|
|upkeep
|turn|16
|
|t:|1769294620
|move|p1a: Cinderace|Court Change|p1a: Cinderace
|-start|p1a: Cinderace|typechange|Normal|[from] ability: Libero
|-swapsideconditions
|-activate|p1a: Cinderace|move: Court Change
|move|p2a: Corviknight|Brave Bird|p1a: Cinderace
|-damage|p1a: Cinderace|0 fnt
|faint|p1a: Cinderace
|-damage|p2a: Corviknight|76/100|[from] Recoil
|
|upkeep
|
|t:|1769294626
|switch|p1a: Slowking|Slowking-Galar, M, shiny|95/100
|turn|17
|
|t:|1769294635
|move|p2a: Corviknight|Defog|p1a: Slowking
|-unboost|p1a: Slowking|evasion|1
|-sideend|p2: JoltStrike966|Toxic Spikes|[from] move: Defog|[of] p2a: Corviknight
|-sideend|p2: JoltStrike966|Stealth Rock|[from] move: Defog|[of] p2a: Corviknight
|move|p1a: Slowking|Flamethrower|p2a: Corviknight
|-supereffective|p2a: Corviknight
|-damage|p2a: Corviknight|35/100
|-status|p2a: Corviknight|brn
|
|-damage|p2a: Corviknight|29/100 brn|[from] brn
|upkeep
|turn|18
|
|t:|1769294643
|move|p2a: Corviknight|Defog|p1a: Slowking
|-unboost|p1a: Slowking|evasion|1
|move|p1a: Slowking|Psychic Noise|p2a: Corviknight
|-resisted|p2a: Corviknight
|-damage|p2a: Corviknight|16/100 brn
|-start|p2a: Corviknight|move: Heal Block
|
|-damage|p2a: Corviknight|10/100 brn|[from] brn
|upkeep
|turn|19
|
|t:|1769294647
|move|p2a: Corviknight|Brave Bird|p1a: Slowking
|-damage|p1a: Slowking|81/100
|-damage|p2a: Corviknight|5/100 brn|[from] Recoil
|move|p1a: Slowking|Psychic Noise|p2a: Corviknight
|-resisted|p2a: Corviknight
|-damage|p2a: Corviknight|0 fnt
|faint|p2a: Corviknight
|
|upkeep
|
|t:|1769294660
|switch|p2a: Gliscor|Gliscor, F|67/100 tox
|turn|20
|
|t:|1769294667
|switch|p1a: Gliscor|Gliscor, M, shiny|54/100 tox
|move|p2a: Gliscor|Earthquake|p1a: Gliscor
|-immune|p1a: Gliscor
|
|-heal|p1a: Gliscor|66/100 tox|[from] ability: Poison Heal
|-heal|p2a: Gliscor|80/100 tox|[from] ability: Poison Heal
|upkeep
|turn|21
|c|☆NoobishTrainerJoe|gg
|
|t:|1769294677
|move|p1a: Gliscor|Protect|p1a: Gliscor
|-singleturn|p1a: Gliscor|Protect
|move|p2a: Gliscor|U-turn|p1a: Gliscor
|-activate|p1a: Gliscor|move: Protect
|
|-heal|p1a: Gliscor|79/100 tox|[from] ability: Poison Heal
|-heal|p2a: Gliscor|92/100 tox|[from] ability: Poison Heal
|upkeep
|turn|22
|-message|JoltStrike966 forfeited.
|
|win|NoobishTrainerJoe
|c|☆NoobishTrainerJoe|wp
|c|☆JoltStrike966|congats
|c|☆NoobishTrainerJoe|thanks for the battles
|c|☆JoltStrike966|no problem
|c|☆JoltStrike966|congrats
|c|☆NoobishTrainerJoe|thx
|c|☆NoobishTrainerJoe|this your first tour?
|c|☆JoltStrike966|yes
|c|☆NoobishTrainerJoe|youll get better
|c|☆NoobishTrainerJoe|dont get discouraged
|c|☆JoltStrike966|thank you man
|c|☆NoobishTrainerJoe|yeah np
|c|☆JoltStrike966|well see you soon
