|j|☆Phillip Blevin
|j|☆Sakni
|t:|1769414939
|gametype|singles
|player|p1|Phillip Blevin|265|1458
|player|p2|Sakni|alec-anime|1426
|gen|9
|tier|[Gen 9] OU
|rated|
|rule|HP Percentage Mod: HP is shown in percentages
|rule|Endless Battle Clause: Forcing endless battles is banned
|rule|Species Clause: Limit one of each Pokémon
|rule|OHKO Clause: OHKO moves are banned
|rule|Evasion Items Clause: Evasion items are banned
|rule|Evasion Moves Clause: Evasion moves are banned
|rule|Evasion Abilities Clause: Evasion abilities are banned
|rule|Sleep Moves Clause: Sleep-inducing moves are banned
|clearpoke
|poke|p1|Iron Hands|
|poke|p1|Mandibuzz, F|
|poke|p1|Garganacl, F|
|poke|p1|Landorus-Therian, M|
|poke|p1|Alomomola, F|
|poke|p1|Dragapult, M|
|poke|p2|Tinkaton, F|
|poke|p2|Ogerpon, F|
|poke|p2|Great Tusk|
|poke|p2|Pecharunt|
|poke|p2|Alomomola, F|
|poke|p2|Hydreigon, M|
|teampreview
|inactive|Battle timer is ON: inactive players will automatically lose when time's up. (requested by Phillip Blevin)
|
|t:|1769414954
|teamsize|p1|6
|teamsize|p2|6
|start
|switch|p1a: Dragapult|Dragapult, M|100/100
|switch|p2a: Tinkaton|Tinkaton, F, shiny|100/100
|-item|p2a: Tinkaton|Air Balloon
|turn|1
|
|t:|1769414962
|switch|p1a: Alomomola|Alomomola, F|100/100
|move|p2a: Tinkaton|Stealth Rock|p1a: Alomomola
|-sidestart|p1: Phillip Blevin|move: Stealth Rock
|
|upkeep
|turn|2
|
|t:|1769414975
|switch|p2a: Great Tusk|Great Tusk, shiny|100/100
|move|p1a: Alomomola|Scald|p2a: Great Tusk
|-supereffective|p2a: Great Tusk
|-damage|p2a: Great Tusk|56/100
|-status|p2a: Great Tusk|brn
|
|-damage|p2a: Great Tusk|50/100 brn|[from] brn
|upkeep
|turn|3
|
|t:|1769414983
|-end|p2a: Great Tusk|Protosynthesis|[silent]
|switch|p2a: Hydreigon|Hydreigon, M, shiny|100/100
|move|p1a: Alomomola|Wish|p1a: Alomomola
|
|upkeep
|turn|4
|
|t:|1769414994
|switch|p1a: Iron Hands|Iron Hands|100/100
|-damage|p1a: Iron Hands|94/100|[from] Stealth Rock
|move|p2a: Hydreigon|Dark Pulse|p1a: Iron Hands
|-resisted|p1a: Iron Hands
|-crit|p1a: Iron Hands
|-damage|p1a: Iron Hands|70/100
|
|-heal|p1a: Iron Hands|100/100|[from] move: Wish|[wisher] Alomomola
|upkeep
|turn|5
|
|t:|1769415000
|switch|p2a: Great Tusk|Great Tusk, shiny|50/100 brn
|move|p1a: Iron Hands|Drain Punch|p2a: Great Tusk
|-damage|p2a: Great Tusk|17/100 brn
|
|-damage|p2a: Great Tusk|11/100 brn|[from] brn
|upkeep
|turn|6
|
|t:|1769415007
|-end|p1a: Iron Hands|Quark Drive|[silent]
|switch|p1a: Alomomola|Alomomola, F|100/100
|move|p2a: Great Tusk|Ice Spinner|p1a: Alomomola
|-resisted|p1a: Alomomola
|-crit|p1a: Alomomola
|-damage|p1a: Alomomola|95/100
|
|-damage|p2a: Great Tusk|5/100 brn|[from] brn
|upkeep
|turn|7
|
|t:|1769415010
|move|p2a: Great Tusk|Headlong Rush|p1a: Alomomola
|-damage|p1a: Alomomola|77/100
|-unboost|p2a: Great Tusk|def|1
|-unboost|p2a: Great Tusk|spd|1
|move|p1a: Alomomola|Flip Turn|p2a: Great Tusk
|-supereffective|p2a: Great Tusk
|-damage|p2a: Great Tusk|0 fnt
|faint|p2a: Great Tusk
|-end|p2a: Great Tusk|Protosynthesis|[silent]
|
|t:|1769415015
|switch|p1a: Mandibuzz|Mandibuzz, F|100/100|[from] Flip Turn
|
|upkeep
|inactive|Sakni has 120 seconds left.
|
|t:|1769415048
|switch|p2a: Tinkaton|Tinkaton, F, shiny|100/100
|-item|p2a: Tinkaton|Air Balloon
|turn|8
|
|t:|1769415054
|switch|p1a: Alomomola|Alomomola, F|100/100
|move|p2a: Tinkaton|Ice Hammer|p1a: Alomomola
|-resisted|p1a: Alomomola
|-damage|p1a: Alomomola|94/100
|-unboost|p2a: Tinkaton|spe|1
|
|upkeep
|turn|9
|
|t:|1769415059
|switch|p2a: Pecharunt|Pecharunt|100/100
|move|p1a: Alomomola|Scald|p2a: Pecharunt
|-damage|p2a: Pecharunt|86/100
|
|upkeep
|turn|10
|
|t:|1769415065
|switch|p1a: Garganacl|Garganacl, F|100/100
|-damage|p1a: Garganacl|88/100|[from] Stealth Rock
|move|p2a: Pecharunt|Parting Shot|p1a: Garganacl
|-unboost|p1a: Garganacl|atk|1
|-unboost|p1a: Garganacl|spa|1
|
|t:|1769415069
|switch|p2a: Ogerpon|Ogerpon, F|100/100|[from] Parting Shot
|
|-heal|p1a: Garganacl|94/100|[from] item: Leftovers
|upkeep
|turn|11
|
|t:|1769415088
|switch|p1a: Mandibuzz|Mandibuzz, F|100/100
|move|p2a: Ogerpon|Ivy Cudgel|p1a: Mandibuzz
|-resisted|p1a: Mandibuzz
|-damage|p1a: Mandibuzz|79/100
|
|upkeep
|turn|12
|inactive|Sakni has 120 seconds left.
|
|t:|1769415145
|switch|p2a: Pecharunt|Pecharunt|86/100
|move|p1a: Mandibuzz|Foul Play|p2a: Pecharunt
|-supereffective|p2a: Pecharunt
|-damage|p2a: Pecharunt|67/100
|-damage|p1a: Mandibuzz|62/100|[from] item: Rocky Helmet|[of] p2a: Pecharunt
|
|upkeep
|turn|13
|
|t:|1769415151
|move|p2a: Pecharunt|Malignant Chain|p1a: Mandibuzz
|-damage|p1a: Mandibuzz|35/100
|-status|p1a: Mandibuzz|tox
|-start|p1a: Mandibuzz|confusion|[from] ability: Poison Puppeteer|[of] p2a: Pecharunt
|-activate|p1a: Mandibuzz|confusion
|move|p1a: Mandibuzz|Defog|p2a: Pecharunt
|-unboost|p2a: Pecharunt|evasion|1
|-sideend|p1: Phillip Blevin|Stealth Rock|[from] move: Defog|[of] p1a: Mandibuzz
|
|-damage|p1a: Mandibuzz|29/100 tox|[from] psn
|upkeep
|turn|14
|
|t:|1769415163
|move|p2a: Pecharunt|Shadow Ball|p1a: Mandibuzz
|-resisted|p1a: Mandibuzz
|-crit|p1a: Mandibuzz
|-damage|p1a: Mandibuzz|14/100 tox
|-activate|p1a: Mandibuzz|confusion
|move|p1a: Mandibuzz|Roost|p1a: Mandibuzz
|-heal|p1a: Mandibuzz|64/100 tox
|-singleturn|p1a: Mandibuzz|move: Roost
|
|-damage|p1a: Mandibuzz|51/100 tox|[from] psn
|upkeep
|turn|15
|
|t:|1769415166
|switch|p1a: Garganacl|Garganacl, F|94/100
|move|p2a: Pecharunt|Parting Shot|p1a: Garganacl
|-unboost|p1a: Garganacl|atk|1
|-unboost|p1a: Garganacl|spa|1
|
|t:|1769415168
|switch|p2a: Ogerpon|Ogerpon, F|100/100|[from] Parting Shot
|
|-heal|p1a: Garganacl|100/100|[from] item: Leftovers
|upkeep
|turn|16
|inactive|Sakni has 120 seconds left.
|
|t:|1769415177
|-terastallize|p1a: Garganacl|Poison
|move|p2a: Ogerpon|Ivy Cudgel|p1a: Garganacl
|-resisted|p1a: Garganacl
|-damage|p1a: Garganacl|76/100
|move|p1a: Garganacl|Iron Defense|p1a: Garganacl
|-boost|p1a: Garganacl|def|2
|
|-heal|p1a: Garganacl|82/100|[from] item: Leftovers
|upkeep
|turn|17
|
|t:|1769415181
|switch|p2a: Tinkaton|Tinkaton, F, shiny|100/100
|-item|p2a: Tinkaton|Air Balloon
|move|p1a: Garganacl|Body Press|p2a: Tinkaton
|-damage|p2a: Tinkaton|37/100
|-enditem|p2a: Tinkaton|Air Balloon
|-enditem|p1a: Garganacl|Leftovers|[silent]|[from] ability: Pickpocket|[of] p1a: Garganacl
|-item|p2a: Tinkaton|Leftovers|[from] ability: Pickpocket|[of] p1a: Garganacl
|
|-heal|p2a: Tinkaton|43/100|[from] item: Leftovers
|upkeep
|turn|18
|
|t:|1769415185
|move|p2a: Tinkaton|Stealth Rock|p1a: Garganacl
|-sidestart|p1: Phillip Blevin|move: Stealth Rock
|move|p1a: Garganacl|Iron Defense|p1a: Garganacl
|-boost|p1a: Garganacl|def|2
|
|-heal|p2a: Tinkaton|49/100|[from] item: Leftovers
|upkeep
|turn|19
|
|t:|1769415190
|move|p2a: Tinkaton|Encore|p1a: Garganacl
|-start|p1a: Garganacl|Encore
|move|p1a: Garganacl|Iron Defense|p1a: Garganacl
|-boost|p1a: Garganacl|def|2
|
|-heal|p2a: Tinkaton|55/100|[from] item: Leftovers
|upkeep
|turn|20
|
|t:|1769415194
|switch|p1a: Alomomola|Alomomola, F|100/100
|move|p2a: Tinkaton|Gigaton Hammer|p1a: Alomomola
|-resisted|p1a: Alomomola
|-damage|p1a: Alomomola|86/100
|
|-heal|p2a: Tinkaton|62/100|[from] item: Leftovers
|upkeep
|turn|21
|
|t:|1769415205
|switch|p2a: Hydreigon|Hydreigon, M, shiny|100/100
|move|p1a: Alomomola|Flip Turn|p2a: Hydreigon
|-resisted|p2a: Hydreigon
|-damage|p2a: Hydreigon|92/100
|
|t:|1769415208
|switch|p1a: Dragapult|Dragapult, M|100/100|[from] Flip Turn
|-damage|p1a: Dragapult|88/100|[from] Stealth Rock
|
|upkeep
|turn|22
|
|t:|1769415221
|move|p1a: Dragapult|U-turn|p2a: Hydreigon
|-supereffective|p2a: Hydreigon
|-damage|p2a: Hydreigon|50/100
|
|t:|1769415225
|switch|p1a: Alomomola|Alomomola, F|100/100|[from] U-turn
|move|p2a: Hydreigon|Dark Pulse|p1a: Alomomola
|-damage|p1a: Alomomola|28/100
|
|upkeep
|turn|23
|j| lario
|
|t:|1769415242
|switch|p1a: Iron Hands|Iron Hands|100/100
|-damage|p1a: Iron Hands|94/100|[from] Stealth Rock
|move|p2a: Hydreigon|Dark Pulse|p1a: Iron Hands
|-resisted|p1a: Iron Hands
|-damage|p1a: Iron Hands|78/100
|
|upkeep
|turn|24
|l| lario
|
|t:|1769415247
|switch|p2a: Pecharunt|Pecharunt|67/100
|move|p1a: Iron Hands|Supercell Slam|p2a: Pecharunt
|-damage|p2a: Pecharunt|40/100
|-damage|p1a: Iron Hands|62/100|[from] item: Rocky Helmet|[of] p2a: Pecharunt
|
|upkeep
|turn|25
|
|t:|1769415252
|-end|p1a: Iron Hands|Quark Drive|[silent]
|switch|p1a: Garganacl|Garganacl, F, tera:Poison|82/100
|-damage|p1a: Garganacl|70/100|[from] Stealth Rock
|move|p2a: Pecharunt|Parting Shot|p1a: Garganacl
|-unboost|p1a: Garganacl|atk|1
|-unboost|p1a: Garganacl|spa|1
|
|t:|1769415258
|switch|p2a: Hydreigon|Hydreigon, M, shiny|50/100|[from] Parting Shot
|
|upkeep
|turn|26
|
|t:|1769415280
|switch|p1a: Landorus|Landorus-Therian, M|100/100
|-damage|p1a: Landorus|88/100|[from] Stealth Rock
|-ability|p1a: Landorus|Intimidate|boost
|-unboost|p2a: Hydreigon|atk|1
|move|p2a: Hydreigon|Dark Pulse|p1a: Landorus
|-crit|p1a: Landorus
|-damage|p1a: Landorus|0 fnt
|faint|p1a: Landorus
|
|upkeep
|
|t:|1769415283
|switch|p1a: Mandibuzz|Mandibuzz, F|51/100 tox
|turn|27
|
|t:|1769415292
|switch|p2a: Ogerpon|Ogerpon, F|100/100
|move|p1a: Mandibuzz|Roost|p1a: Mandibuzz
|-heal|p1a: Mandibuzz|100/100 tox
|-singleturn|p1a: Mandibuzz|move: Roost
|
|-damage|p1a: Mandibuzz|94/100 tox|[from] psn
|upkeep
|turn|28
|inactive|Sakni has 120 seconds left.
|
|t:|1769415326
|move|p2a: Ogerpon|Ivy Cudgel|p1a: Mandibuzz
|-resisted|p1a: Mandibuzz
|-damage|p1a: Mandibuzz|75/100 tox
|move|p1a: Mandibuzz|Foul Play|p2a: Ogerpon
|-damage|p2a: Ogerpon|37/100
|
|-damage|p1a: Mandibuzz|62/100 tox|[from] psn
|upkeep
|turn|29
|
|t:|1769415331
|move|p2a: Ogerpon|Ivy Cudgel|p1a: Mandibuzz
|-resisted|p1a: Mandibuzz
|-damage|p1a: Mandibuzz|40/100 tox
|move|p1a: Mandibuzz|Defog|p2a: Ogerpon
|-unboost|p2a: Ogerpon|evasion|1
|-ability|p2a: Ogerpon|Defiant|boost
|-boost|p2a: Ogerpon|atk|2
|-sideend|p1: Phillip Blevin|Stealth Rock|[from] move: Defog|[of] p1a: Mandibuzz
|
|-damage|p1a: Mandibuzz|22/100 tox|[from] psn
|upkeep
|turn|30
|
|t:|1769415333
|move|p2a: Ogerpon|Ivy Cudgel|p1a: Mandibuzz
|-resisted|p1a: Mandibuzz
|-damage|p1a: Mandibuzz|0 fnt
|faint|p1a: Mandibuzz
|
|upkeep
|
|t:|1769415336
|switch|p1a: Garganacl|Garganacl, F, tera:Poison|70/100
|turn|31
|
|t:|1769415341
|move|p2a: Ogerpon|Ivy Cudgel|p1a: Garganacl
|-resisted|p1a: Garganacl
|-damage|p1a: Garganacl|17/100
|move|p1a: Garganacl|Iron Defense|p1a: Garganacl
|-boost|p1a: Garganacl|def|2
|
|upkeep
|turn|32
|
|t:|1769415345
|move|p2a: Ogerpon|Ivy Cudgel|p1a: Garganacl
|-resisted|p1a: Garganacl
|-damage|p1a: Garganacl|0 fnt
|faint|p1a: Garganacl
|
|upkeep
|
|t:|1769415347
|switch|p1a: Iron Hands|Iron Hands|62/100
|turn|33
|
|t:|1769415353
|move|p2a: Ogerpon|Ivy Cudgel|p1a: Iron Hands
|-damage|p1a: Iron Hands|0 fnt
|faint|p1a: Iron Hands
|-end|p1a: Iron Hands|Quark Drive|[silent]
|
|upkeep
|
|t:|1769415355
|switch|p1a: Dragapult|Dragapult, M|88/100
|turn|34
|
|t:|1769415358
|-terastallize|p2a: Ogerpon|Grass
|detailschange|p2a: Ogerpon|Ogerpon-Teal-Tera, F, tera:Grass
|-ability|p2a: Ogerpon|Embody Aspect (Teal)|boost
|-boost|p2a: Ogerpon|spe|1
|move|p2a: Ogerpon|Ivy Cudgel|p1a: Dragapult
|-resisted|p1a: Dragapult
|-damage|p1a: Dragapult|0 fnt
|faint|p1a: Dragapult
|
|upkeep
|-message|Phillip Blevin forfeited.
|
|win|Sakni
|raw|Phillip Blevin's rating: 1458 &rarr; <strong>1436</strong><br />(-22 for losing)
|raw|Sakni's rating: 1426 &rarr; <strong>1448</strong><br />(+22 for winning)
