|j|☆beztgan
|j|☆guoqiushi
|t:|1769309214
|gametype|singles
|player|p1|beztgan|169|1417
|player|p2|guoqiushi|n|1403
|gen|9
|tier|[Gen 9] OU
|rated|
|rule|HP Percentage Mod: HP is shown in percentages
|rule|Endless Battle Clause: Forcing endless battles is banned
|rule|Species Clause: Limit one of each Pokémon
|rule|OHKO Clause: OHKO moves are banned
|rule|Evasion Items Clause: Evasion items are banned
|rule|Evasion Moves Clause: Evasion moves are banned
|rule|Evasion Abilities Clause: Evasion abilities are banned
|rule|Sleep Moves Clause: Sleep-inducing moves are banned
|clearpoke
|poke|p1|Darkrai|
|poke|p1|Great Tusk|
|poke|p1|Ogerpon-Wellspring, F|
|poke|p1|Gholdengo|
|poke|p1|Dragonite, M|
|poke|p1|Ting-Lu|
|poke|p2|Zoroark, M|
|poke|p2|Great Tusk|
|poke|p2|Moltres|
|poke|p2|Dragonite, M|
|poke|p2|Gholdengo|
|poke|p2|Glimmora, M|
|teampreview
|inactive|Battle timer is ON: inactive players will automatically lose when time's up. (requested by guoqiushi)
|inactiveoff|Battle timer is now OFF.
|
|t:|1769309231
|teamsize|p1|6
|teamsize|p2|6
|start
|switch|p1a: Ting-Lu|Ting-Lu|100/100
|switch|p2a: Great Tusk|Great Tusk|100/100
|-ability|p1a: Ting-Lu|Vessel of Ruin
|turn|1
|
|t:|1769309238
|move|p2a: Great Tusk|Stealth Rock|p1a: Ting-Lu
|-sidestart|p1: beztgan|move: Stealth Rock
|move|p1a: Ting-Lu|Spikes|p2a: Great Tusk
|-sidestart|p2: guoqiushi|Spikes
|
|upkeep
|turn|2
|
|t:|1769309243
|move|p2a: Great Tusk|Rapid Spin|p1a: Ting-Lu
|-crit|p1a: Ting-Lu
|-damage|p1a: Ting-Lu|87/100
|-boost|p2a: Great Tusk|spe|1
|-sideend|p2: guoqiushi|Spikes|[from] move: Rapid Spin|[of] p2a: Great Tusk
|move|p1a: Ting-Lu|Ruination|p2a: Great Tusk
|-damage|p2a: Great Tusk|50/100
|
|-heal|p1a: Ting-Lu|94/100|[from] item: Leftovers
|upkeep
|turn|3
|
|t:|1769309250
|move|p2a: Great Tusk|Knock Off|p1a: Ting-Lu
|-resisted|p1a: Ting-Lu
|-damage|p1a: Ting-Lu|86/100
|-enditem|p1a: Ting-Lu|Leftovers|[from] move: Knock Off|[of] p2a: Great Tusk
|move|p1a: Ting-Lu|Spikes|p2a: Great Tusk
|-sidestart|p2: guoqiushi|Spikes
|
|upkeep
|turn|4
|inactive|Battle timer is ON: inactive players will automatically lose when time's up. (requested by guoqiushi)
|
|t:|1769309255
|move|p2a: Great Tusk|Knock Off|p1a: Ting-Lu
|-resisted|p1a: Ting-Lu
|-damage|p1a: Ting-Lu|82/100
|move|p1a: Ting-Lu|Earthquake|p2a: Great Tusk
|-damage|p2a: Great Tusk|29/100
|
|upkeep
|turn|5
|
|t:|1769309261
|move|p2a: Great Tusk|Rapid Spin|p1a: Ting-Lu
|-damage|p1a: Ting-Lu|73/100
|-boost|p2a: Great Tusk|spe|1
|-sideend|p2: guoqiushi|Spikes|[from] move: Rapid Spin|[of] p2a: Great Tusk
|move|p1a: Ting-Lu|Earthquake|p2a: Great Tusk
|-damage|p2a: Great Tusk|4/100
|
|upkeep
|turn|6
|
|t:|1769309266
|move|p2a: Great Tusk|Rapid Spin|p1a: Ting-Lu
|-crit|p1a: Ting-Lu
|-damage|p1a: Ting-Lu|61/100
|-boost|p2a: Great Tusk|spe|1
|move|p1a: Ting-Lu|Spikes|p2a: Great Tusk
|-sidestart|p2: guoqiushi|Spikes
|
|upkeep
|turn|7
|
|t:|1769309269
|move|p2a: Great Tusk|Rapid Spin|p1a: Ting-Lu
|-crit|p1a: Ting-Lu
|-damage|p1a: Ting-Lu|49/100
|-boost|p2a: Great Tusk|spe|1
|-sideend|p2: guoqiushi|Spikes|[from] move: Rapid Spin|[of] p2a: Great Tusk
|move|p1a: Ting-Lu|Earthquake|p2a: Great Tusk
|-damage|p2a: Great Tusk|0 fnt
|faint|p2a: Great Tusk
|-end|p2a: Great Tusk|Protosynthesis|[silent]
|
|upkeep
|
|t:|1769309279
|switch|p2a: Gholdengo|Gholdengo|100/100
|turn|8
|
|t:|1769309287
|move|p2a: Gholdengo|Low Kick|p1a: Ting-Lu
|-supereffective|p1a: Ting-Lu
|-damage|p1a: Ting-Lu|7/100
|move|p1a: Ting-Lu|Earthquake|p2a: Gholdengo
|-damage|p2a: Gholdengo|32/100
|replace|p2a: Zoroark|Zoroark, M
|-end|p2a: Zoroark|Illusion
|
|upkeep
|turn|9
|
|t:|1769309294
|move|p2a: Zoroark|Knock Off|p1a: Ting-Lu
|-resisted|p1a: Ting-Lu
|-damage|p1a: Ting-Lu|0 fnt
|faint|p1a: Ting-Lu
|
|upkeep
|
|t:|1769309301
|switch|p1a: Ogerpon|Ogerpon-Wellspring, F|100/100
|-damage|p1a: Ogerpon|88/100|[from] Stealth Rock
|turn|10
|
|t:|1769309305
|switch|p2a: Dragonite|Dragonite, M|100/100
|move|p1a: Ogerpon|U-turn|p2a: Dragonite
|-resisted|p2a: Dragonite
|-damage|p2a: Dragonite|93/100
|
|t:|1769309314
|switch|p1a: Great Tusk|Great Tusk|100/100|[from] U-turn
|
|upkeep
|turn|11
|
|t:|1769309334
|switch|p2a: Moltres|Moltres|100/100
|move|p1a: Great Tusk|Ice Spinner|p2a: Moltres
|-damage|p2a: Moltres|73/100
|
|upkeep
|turn|12
|
|t:|1769309341
|-end|p1a: Great Tusk|Protosynthesis|[silent]
|switch|p1a: Dragonite|Dragonite, M|100/100
|move|p2a: Moltres|Roost|p2a: Moltres
|-heal|p2a: Moltres|100/100
|-singleturn|p2a: Moltres|move: Roost
|
|upkeep
|turn|13
|
|t:|1769309346
|move|p2a: Moltres|Will-O-Wisp|p1a: Dragonite
|-status|p1a: Dragonite|brn
|move|p1a: Dragonite|Dragon Tail|p2a: Moltres
|-damage|p2a: Moltres|85/100
|drag|p2a: Gholdengo|Gholdengo|32/100
|
|-damage|p1a: Dragonite|94/100 brn|[from] brn
|upkeep
|turn|14
|
|t:|1769309352
|switch|p2a: Moltres|Moltres|85/100
|move|p1a: Dragonite|Extreme Speed|p2a: Moltres
|-damage|p2a: Moltres|71/100
|
|-damage|p1a: Dragonite|88/100 brn|[from] brn
|upkeep
|turn|15
|
|t:|1769309358
|switch|p1a: Darkrai|Darkrai|100/100
|-damage|p1a: Darkrai|88/100|[from] Stealth Rock
|move|p2a: Moltres|Roost|p2a: Moltres
|-heal|p2a: Moltres|100/100
|-singleturn|p2a: Moltres|move: Roost
|
|-heal|p1a: Darkrai|94/100|[from] item: Leftovers
|upkeep
|turn|16
|
|t:|1769309362
|move|p1a: Darkrai|Dark Pulse|p2a: Moltres
|-damage|p2a: Moltres|75/100
|move|p2a: Moltres|U-turn|p1a: Darkrai
|-supereffective|p1a: Darkrai
|-damage|p1a: Darkrai|65/100
|
|t:|1769309365
|switch|p2a: Gholdengo|Gholdengo|100/100|[from] U-turn
|
|-heal|p1a: Darkrai|71/100|[from] item: Leftovers
|upkeep
|turn|17
|
|t:|1769309371
|move|p2a: Gholdengo|Dazzling Gleam|p1a: Darkrai
|-supereffective|p1a: Darkrai
|-damage|p1a: Darkrai|4/100
|move|p1a: Darkrai|Dark Pulse|p2a: Gholdengo
|-supereffective|p2a: Gholdengo
|-damage|p2a: Gholdengo|11/100
|
|-heal|p1a: Darkrai|10/100|[from] item: Leftovers
|upkeep
|turn|18
|
|t:|1769309380
|switch|p1a: Gholdengo|Gholdengo|100/100
|-damage|p1a: Gholdengo|94/100|[from] Stealth Rock
|-item|p1a: Gholdengo|Air Balloon
|move|p2a: Gholdengo|Dazzling Gleam|p1a: Gholdengo
|-resisted|p1a: Gholdengo
|-damage|p1a: Gholdengo|81/100
|-enditem|p1a: Gholdengo|Air Balloon
|
|upkeep
|turn|19
|
|t:|1769309385
|switch|p2a: Moltres|Moltres|75/100
|move|p1a: Gholdengo|Dazzling Gleam|p2a: Moltres
|-resisted|p2a: Moltres
|-damage|p2a: Moltres|67/100
|
|upkeep
|turn|20
|
|t:|1769309391
|-terastallize|p1a: Gholdengo|Fairy
|move|p1a: Gholdengo|Nasty Plot|p1a: Gholdengo
|-boost|p1a: Gholdengo|spa|2
|move|p2a: Moltres|Roost|p2a: Moltres
|-heal|p2a: Moltres|100/100
|-singleturn|p2a: Moltres|move: Roost
|
|upkeep
|turn|21
|
|t:|1769309396
|move|p1a: Gholdengo|Shadow Ball|p2a: Moltres
|-damage|p2a: Moltres|52/100
|move|p2a: Moltres|Flamethrower|p1a: Gholdengo
|-damage|p1a: Gholdengo|44/100
|
|upkeep
|turn|22
|
|t:|1769309404
|move|p1a: Gholdengo|Recover|p1a: Gholdengo
|-heal|p1a: Gholdengo|94/100
|move|p2a: Moltres|Flamethrower|p1a: Gholdengo
|-damage|p1a: Gholdengo|57/100
|
|upkeep
|turn|23
|
|t:|1769309408
|move|p1a: Gholdengo|Shadow Ball|p2a: Moltres
|-damage|p2a: Moltres|1/100
|move|p2a: Moltres|Flamethrower|p1a: Gholdengo
|-damage|p1a: Gholdengo|23/100
|
|upkeep
|turn|24
|
|t:|1769309414
|move|p1a: Gholdengo|Recover|p1a: Gholdengo
|-heal|p1a: Gholdengo|73/100
|move|p2a: Moltres|Flamethrower|p1a: Gholdengo
|-damage|p1a: Gholdengo|39/100
|
|upkeep
|turn|25
|
|t:|1769309417
|move|p1a: Gholdengo|Recover|p1a: Gholdengo
|-heal|p1a: Gholdengo|89/100
|move|p2a: Moltres|Flamethrower|p1a: Gholdengo
|-damage|p1a: Gholdengo|52/100
|
|upkeep
|turn|26
|
|t:|1769309419
|move|p1a: Gholdengo|Shadow Ball|p2a: Moltres
|-damage|p2a: Moltres|0 fnt
|faint|p2a: Moltres
|
|upkeep
|
|t:|1769309423
|switch|p2a: Gholdengo|Gholdengo|11/100
|turn|27
|
|t:|1769309437
|move|p2a: Gholdengo|Make It Rain|p1a: Gholdengo
|-supereffective|p1a: Gholdengo
|-damage|p1a: Gholdengo|0 fnt
|-unboost|p2a: Gholdengo|spa|1
|faint|p1a: Gholdengo
|
|upkeep
|
|t:|1769309444
|switch|p1a: Great Tusk|Great Tusk|100/100
|turn|28
|
|t:|1769309455
|switch|p2a: Glimmora|Glimmora, M|100/100
|move|p1a: Great Tusk|Stealth Rock|p2a: Glimmora
|-sidestart|p2: guoqiushi|move: Stealth Rock
|
|upkeep
|turn|29
|
|t:|1769309468
|-terastallize|p2a: Glimmora|Ghost
|move|p1a: Great Tusk|Rapid Spin|p2a: Glimmora
|-immune|p2a: Glimmora
|move|p2a: Glimmora|Mortal Spin|p1a: Great Tusk
|-resisted|p1a: Great Tusk
|-damage|p1a: Great Tusk|98/100
|-status|p1a: Great Tusk|psn
|-sideend|p2: guoqiushi|Stealth Rock|[from] move: Mortal Spin|[of] p2a: Glimmora
|
|-damage|p1a: Great Tusk|86/100 psn|[from] psn
|upkeep
|turn|30
|
|t:|1769309474
|move|p1a: Great Tusk|Headlong Rush|p2a: Glimmora
|-damage|p2a: Glimmora|26/100
|-unboost|p1a: Great Tusk|def|1
|-unboost|p1a: Great Tusk|spd|1
|-activate|p2a: Glimmora|ability: Toxic Debris
|-sidestart|p1: beztgan|move: Toxic Spikes
|move|p2a: Glimmora|Power Gem|p1a: Great Tusk
|-resisted|p1a: Great Tusk
|-damage|p1a: Great Tusk|61/100 psn
|
|-damage|p1a: Great Tusk|49/100 psn|[from] psn
|upkeep
|turn|31
|
|t:|1769309484
|move|p1a: Great Tusk|Headlong Rush|p2a: Glimmora
|-damage|p2a: Glimmora|0 fnt
|-unboost|p1a: Great Tusk|def|1
|-unboost|p1a: Great Tusk|spd|1
|-activate|p2a: Glimmora|ability: Toxic Debris
|-sidestart|p1: beztgan|move: Toxic Spikes
|faint|p2a: Glimmora
|
|-damage|p1a: Great Tusk|36/100 psn|[from] psn
|upkeep
|
|t:|1769309487
|switch|p2a: Dragonite|Dragonite, M|93/100
|turn|32
|
|t:|1769309490
|move|p2a: Dragonite|Extreme Speed|p1a: Great Tusk
|-damage|p1a: Great Tusk|0 fnt
|faint|p1a: Great Tusk
|-end|p1a: Great Tusk|Protosynthesis|[silent]
|
|upkeep
|-message|beztgan forfeited.
|
|win|guoqiushi
|raw|beztgan's rating: 1417 &rarr; <strong>1396</strong><br />(-21 for losing)
|raw|guoqiushi's rating: 1403 &rarr; <strong>1424</strong><br />(+21 for winning)
|l|☆beztgan
|player|p1|
|l|☆guoqiushi
|player|p2|
