|j|☆brickforbrains
|j|☆MoonNMun
|t:|1769406580
|gametype|singles
|player|p1|brickforbrains|clerk|1511
|player|p2|MoonNMun|proton|1458
|gen|9
|tier|[Gen 9] OU
|rated|
|rule|HP Percentage Mod: HP is shown in percentages
|rule|Endless Battle Clause: Forcing endless battles is banned
|rule|Species Clause: Limit one of each Pokémon
|rule|OHKO Clause: OHKO moves are banned
|rule|Evasion Items Clause: Evasion items are banned
|rule|Evasion Moves Clause: Evasion moves are banned
|rule|Evasion Abilities Clause: Evasion abilities are banned
|rule|Sleep Moves Clause: Sleep-inducing moves are banned
|clearpoke
|poke|p1|Landorus-Therian, M|
|poke|p1|Revavroom, M|
|poke|p1|Kyurem|
|poke|p1|Hatterene, F|
|poke|p1|Iron Valiant|
|poke|p1|Dragonite, F|
|poke|p2|Tyranitar, M|
|poke|p2|Alomomola, F|
|poke|p2|Clefable, F|
|poke|p2|Ceruledge, M|
|poke|p2|Clodsire, F|
|poke|p2|Corviknight, F|
|teampreview
|inactive|Battle timer is ON: inactive players will automatically lose when time's up. (requested by brickforbrains)
|
|t:|1769406594
|teamsize|p1|6
|teamsize|p2|6
|start
|switch|p1a: Landorus|Landorus-Therian, M|100/100
|switch|p2a: Alomomola|Alomomola, F|100/100
|-ability|p1a: Landorus|Intimidate|boost
|-unboost|p2a: Alomomola|atk|1
|turn|1
|
|t:|1769406601
|move|p1a: Landorus|Stealth Rock|p2a: Alomomola
|-sidestart|p2: MoonNMun|move: Stealth Rock
|move|p2a: Alomomola|Flip Turn|p1a: Landorus
|-supereffective|p1a: Landorus
|-damage|p1a: Landorus|80/100
|-damage|p2a: Alomomola|84/100|[from] item: Rocky Helmet|[of] p1a: Landorus
|
|t:|1769406607
|switch|p2a: Corviknight|Corviknight, F|100/100|[from] Flip Turn
|-damage|p2a: Corviknight|88/100|[from] Stealth Rock
|-ability|p2a: Corviknight|Pressure
|
|upkeep
|turn|2
|
|t:|1769406609
|move|p1a: Landorus|Taunt|p2a: Corviknight
|-start|p2a: Corviknight|move: Taunt
|cant|p2a: Corviknight|move: Taunt|Defog
|
|upkeep
|turn|3
|
|t:|1769406621
|switch|p1a: Kyurem|Kyurem|100/100
|-ability|p1a: Kyurem|Pressure
|switch|p2a: Alomomola|Alomomola, F|100/100
|
|upkeep
|turn|4
|
|t:|1769406632
|move|p1a: Kyurem|Dragon Dance|p1a: Kyurem
|-boost|p1a: Kyurem|atk|1
|-boost|p1a: Kyurem|spe|1
|move|p2a: Alomomola|Flip Turn|p1a: Kyurem
|-resisted|p1a: Kyurem
|-damage|p1a: Kyurem|92/100
|
|t:|1769406637
|switch|p2a: Clefable|Clefable, F|100/100|[from] Flip Turn
|
|upkeep
|turn|5
|
|t:|1769406651
|move|p1a: Kyurem|Icicle Spear|p2a: Clefable
|-damage|p2a: Clefable|84/100
|-damage|p2a: Clefable|67/100
|-damage|p2a: Clefable|49/100
|-damage|p2a: Clefable|31/100
|-hitcount|p2a: Clefable|4
|move|p2a: Clefable|Moonblast|p1a: Kyurem
|-supereffective|p1a: Kyurem
|-damage|p1a: Kyurem|32/100
|
|-heal|p2a: Clefable|37/100|[from] item: Leftovers
|upkeep
|turn|6
|
|t:|1769406664
|-terastallize|p2a: Clefable|Fire
|move|p1a: Kyurem|Icicle Spear|p2a: Clefable
|-resisted|p2a: Clefable
|-damage|p2a: Clefable|30/100
|-resisted|p2a: Clefable
|-damage|p2a: Clefable|22/100
|-resisted|p2a: Clefable
|-damage|p2a: Clefable|14/100
|-resisted|p2a: Clefable
|-damage|p2a: Clefable|6/100
|-hitcount|p2a: Clefable|4
|move|p2a: Clefable|Moonblast|p1a: Kyurem
|-supereffective|p1a: Kyurem
|-damage|p1a: Kyurem|0 fnt
|faint|p1a: Kyurem
|
|-heal|p2a: Clefable|12/100|[from] item: Leftovers
|upkeep
|
|t:|1769406681
|switch|p1a: Hatterene|Hatterene, F|100/100
|turn|7
|
|t:|1769406688
|move|p2a: Clefable|Moonlight|p2a: Clefable
|-heal|p2a: Clefable|62/100
|move|p1a: Hatterene|Mystical Fire|p2a: Clefable
|-resisted|p2a: Clefable
|-crit|p2a: Clefable
|-damage|p2a: Clefable|43/100
|-unboost|p2a: Clefable|spa|1
|
|-heal|p2a: Clefable|49/100|[from] item: Leftovers
|upkeep
|turn|8
|
|t:|1769406695
|move|p2a: Clefable|Moonlight|p2a: Clefable
|-heal|p2a: Clefable|99/100
|move|p1a: Hatterene|Psyshock|p2a: Clefable
|-damage|p2a: Clefable|65/100
|
|-heal|p2a: Clefable|71/100|[from] item: Leftovers
|upkeep
|turn|9
|
|t:|1769406701
|switch|p2a: Alomomola|Alomomola, F|100/100
|move|p1a: Hatterene|Nuzzle|p2a: Alomomola
|-supereffective|p2a: Alomomola
|-damage|p2a: Alomomola|96/100
|-status|p2a: Alomomola|par
|
|upkeep
|turn|10
|
|t:|1769406707
|move|p1a: Hatterene|Draining Kiss|p2a: Alomomola
|-damage|p2a: Alomomola|65/100 par
|move|p2a: Alomomola|Flip Turn|p1a: Hatterene
|-damage|p1a: Hatterene|83/100
|
|t:|1769406714
|switch|p2a: Corviknight|Corviknight, F|88/100|[from] Flip Turn
|-damage|p2a: Corviknight|76/100|[from] Stealth Rock
|-ability|p2a: Corviknight|Pressure
|
|upkeep
|turn|11
|
|t:|1769406717
|move|p2a: Corviknight|Defog|p1a: Hatterene
|move|p1a: Hatterene|Defog|p2a: Corviknight|[from] ability: Magic Bounce
|-unboost|p2a: Corviknight|evasion|1
|-sideend|p2: MoonNMun|Stealth Rock|[from] move: Defog|[of] p1a: Hatterene
|move|p1a: Hatterene|Mystical Fire|p2a: Corviknight
|-supereffective|p2a: Corviknight
|-damage|p2a: Corviknight|26/100
|-unboost|p2a: Corviknight|spa|1
|
|upkeep
|turn|12
|
|t:|1769406723
|move|p2a: Corviknight|U-turn|p1a: Hatterene
|-damage|p1a: Hatterene|66/100
|
|t:|1769406732
|switch|p2a: Alomomola|Alomomola, F|98/100 par|[from] U-turn
|move|p1a: Hatterene|Mystical Fire|p2a: Alomomola
|-resisted|p2a: Alomomola
|-damage|p2a: Alomomola|82/100 par
|-unboost|p2a: Alomomola|spa|1
|
|upkeep
|turn|13
|
|t:|1769406736
|move|p1a: Hatterene|Draining Kiss|p2a: Alomomola
|-damage|p2a: Alomomola|48/100 par
|-heal|p1a: Hatterene|100/100|[from] drain|[of] p2a: Alomomola
|move|p2a: Alomomola|Flip Turn|p1a: Hatterene
|-damage|p1a: Hatterene|83/100
|
|t:|1769406739
|switch|p2a: Clefable|Clefable, F, tera:Fire|71/100|[from] Flip Turn
|
|-heal|p2a: Clefable|77/100|[from] item: Leftovers
|upkeep
|turn|14
|
|t:|1769406744
|move|p2a: Clefable|Calm Mind|p2a: Clefable
|-boost|p2a: Clefable|spa|1
|-boost|p2a: Clefable|spd|1
|move|p1a: Hatterene|Psyshock|p2a: Clefable
|-crit|p2a: Clefable
|-damage|p2a: Clefable|26/100
|
|-heal|p2a: Clefable|32/100|[from] item: Leftovers
|upkeep
|turn|15
|
|t:|1769406749
|move|p2a: Clefable|Moonlight|p2a: Clefable
|-heal|p2a: Clefable|82/100
|move|p1a: Hatterene|Psyshock|p2a: Clefable
|-damage|p2a: Clefable|47/100
|
|-heal|p2a: Clefable|53/100|[from] item: Leftovers
|upkeep
|turn|16
|
|t:|1769406755
|move|p2a: Clefable|Calm Mind|p2a: Clefable
|-boost|p2a: Clefable|spa|1
|-boost|p2a: Clefable|spd|1
|move|p1a: Hatterene|Nuzzle|p2a: Clefable
|-damage|p2a: Clefable|50/100
|-status|p2a: Clefable|par
|
|-heal|p2a: Clefable|56/100 par|[from] item: Leftovers
|upkeep
|turn|17
|
|t:|1769406761
|move|p1a: Hatterene|Psyshock|p2a: Clefable
|-damage|p2a: Clefable|24/100 par
|move|p2a: Clefable|Moonlight|p2a: Clefable
|-heal|p2a: Clefable|74/100 par
|
|-heal|p2a: Clefable|80/100 par|[from] item: Leftovers
|upkeep
|turn|18
|
|t:|1769406764
|move|p1a: Hatterene|Psyshock|p2a: Clefable
|-damage|p2a: Clefable|47/100 par
|move|p2a: Clefable|Moonblast|p1a: Hatterene
|-damage|p1a: Hatterene|46/100
|
|-heal|p2a: Clefable|53/100 par|[from] item: Leftovers
|upkeep
|turn|19
|
|t:|1769406771
|move|p1a: Hatterene|Psyshock|p2a: Clefable
|-damage|p2a: Clefable|19/100 par
|move|p2a: Clefable|Moonlight|p2a: Clefable
|-heal|p2a: Clefable|69/100 par
|
|-heal|p2a: Clefable|75/100 par|[from] item: Leftovers
|upkeep
|turn|20
|
|t:|1769406775
|move|p1a: Hatterene|Psyshock|p2a: Clefable
|-damage|p2a: Clefable|41/100 par
|move|p2a: Clefable|Moonblast|p1a: Hatterene
|-damage|p1a: Hatterene|11/100
|
|-heal|p2a: Clefable|47/100 par|[from] item: Leftovers
|upkeep
|turn|21
|
|t:|1769406780
|move|p1a: Hatterene|Psyshock|p2a: Clefable
|-damage|p2a: Clefable|12/100 par
|cant|p2a: Clefable|par
|
|-heal|p2a: Clefable|18/100 par|[from] item: Leftovers
|upkeep
|turn|22
|
|t:|1769406786
|switch|p2a: Alomomola|Alomomola, F|81/100 par
|move|p1a: Hatterene|Psyshock|p2a: Alomomola
|-damage|p2a: Alomomola|58/100 par
|
|upkeep
|turn|23
|
|t:|1769406790
|move|p1a: Hatterene|Draining Kiss|p2a: Alomomola
|-damage|p2a: Alomomola|25/100 par
|-heal|p1a: Hatterene|52/100|[from] drain|[of] p2a: Alomomola
|move|p2a: Alomomola|Wish|p2a: Alomomola
|
|upkeep
|turn|24
|
|t:|1769406802
|switch|p2a: Tyranitar|Tyranitar, M|100/100
|-weather|Sandstorm|[from] ability: Sand Stream|[of] p2a: Tyranitar
|move|p1a: Hatterene|Psyshock|p2a: Tyranitar
|-immune|p2a: Tyranitar
|
|-weather|Sandstorm|[upkeep]
|-damage|p1a: Hatterene|46/100|[from] Sandstorm
|upkeep
|turn|25
|
|t:|1769406810
|switch|p1a: Landorus|Landorus-Therian, M|80/100
|-ability|p1a: Landorus|Intimidate|boost
|-unboost|p2a: Tyranitar|atk|1
|move|p2a: Tyranitar|Knock Off|p1a: Landorus
|-damage|p1a: Landorus|29/100
|-damage|p2a: Tyranitar|84/100|[from] item: Rocky Helmet|[of] p1a: Landorus
|-enditem|p1a: Landorus|Rocky Helmet|[from] move: Knock Off|[of] p2a: Tyranitar
|
|-weather|Sandstorm|[upkeep]
|upkeep
|turn|26
|
|t:|1769406819
|switch|p2a: Corviknight|Corviknight, F|26/100
|-ability|p2a: Corviknight|Pressure
|move|p1a: Landorus|U-turn|p2a: Corviknight
|-resisted|p2a: Corviknight
|-damage|p2a: Corviknight|24/100
|-damage|p1a: Landorus|12/100|[from] item: Rocky Helmet|[of] p2a: Corviknight
|inactive|brickforbrains has 120 seconds left.
|
|t:|1769406849
|switch|p1a: Revavroom|Revavroom, M|100/100|[from] U-turn
|-item|p1a: Revavroom|Air Balloon
|
|-weather|Sandstorm|[upkeep]
|upkeep
|turn|27
|
|t:|1769406858
|switch|p1a: Landorus|Landorus-Therian, M|12/100
|-ability|p1a: Landorus|Intimidate|boost
|-unboost|p2a: Corviknight|atk|1
|switch|p2a: Alomomola|Alomomola, F|59/100 par
|
|-weather|Sandstorm|[upkeep]
|-damage|p2a: Alomomola|53/100 par|[from] Sandstorm
|upkeep
|turn|28
|
|t:|1769406863
|move|p1a: Landorus|Stealth Rock|p2a: Alomomola
|-sidestart|p2: MoonNMun|move: Stealth Rock
|cant|p2a: Alomomola|par
|
|-weather|none
|upkeep
|turn|29
|
|t:|1769406867
|move|p1a: Landorus|U-turn|p2a: Alomomola
|-crit|p2a: Alomomola
|-damage|p2a: Alomomola|37/100 par
|
|t:|1769406869
|switch|p1a: Iron Valiant|Iron Valiant|100/100|[from] U-turn
|-enditem|p1a: Iron Valiant|Booster Energy
|-activate|p1a: Iron Valiant|ability: Quark Drive|[fromitem]
|-start|p1a: Iron Valiant|quarkdrivespe
|move|p2a: Alomomola|Wish|p2a: Alomomola
|
|upkeep
|turn|30
|
|t:|1769406881
|switch|p2a: Ceruledge|Ceruledge, M|100/100
|-damage|p2a: Ceruledge|76/100|[from] Stealth Rock
|move|p1a: Iron Valiant|Calm Mind|p1a: Iron Valiant
|-boost|p1a: Iron Valiant|spa|1
|-boost|p1a: Iron Valiant|spd|1
|
|-heal|p2a: Ceruledge|100/100|[from] move: Wish|[wisher] Alomomola
|upkeep
|turn|31
|
|t:|1769406888
|move|p1a: Iron Valiant|Thunderbolt|p2a: Ceruledge
|-damage|p2a: Ceruledge|69/100
|move|p2a: Ceruledge|Bitter Blade|p1a: Iron Valiant
|-damage|p1a: Iron Valiant|48/100
|-heal|p2a: Ceruledge|91/100|[from] drain|[of] p1a: Iron Valiant
|
|upkeep
|turn|32
|
|t:|1769406910
|move|p1a: Iron Valiant|Thunderbolt|p2a: Ceruledge
|-damage|p2a: Ceruledge|58/100
|move|p2a: Ceruledge|Bitter Blade|p1a: Iron Valiant
|-damage|p1a: Iron Valiant|0 fnt
|-heal|p2a: Ceruledge|77/100|[from] drain|[of] p1a: Iron Valiant
|faint|p1a: Iron Valiant
|-end|p1a: Iron Valiant|Quark Drive|[silent]
|
|upkeep
|
|t:|1769406912
|switch|p1a: Dragonite|Dragonite, F|100/100
|turn|33
|
|t:|1769406918
|switch|p2a: Tyranitar|Tyranitar, M|84/100
|-damage|p2a: Tyranitar|72/100|[from] Stealth Rock
|-weather|Sandstorm|[from] ability: Sand Stream|[of] p2a: Tyranitar
|move|p1a: Dragonite|Dragon Dance|p1a: Dragonite
|-boost|p1a: Dragonite|atk|1
|-boost|p1a: Dragonite|spe|1
|
|-weather|Sandstorm|[upkeep]
|-damage|p1a: Dragonite|94/100|[from] Sandstorm
|upkeep
|turn|34
|
|t:|1769406922
|move|p1a: Dragonite|Scale Shot|p2a: Tyranitar
|-damage|p2a: Tyranitar|52/100
|-damage|p2a: Tyranitar|32/100
|-damage|p2a: Tyranitar|14/100
|-damage|p2a: Tyranitar|0 fnt
|faint|p2a: Tyranitar
|-hitcount|p2: Tyranitar|4
|-unboost|p1a: Dragonite|def|1
|-boost|p1a: Dragonite|spe|1
|
|-weather|Sandstorm|[upkeep]
|-damage|p1a: Dragonite|88/100|[from] Sandstorm
|upkeep
|
|t:|1769406929
|switch|p2a: Alomomola|Alomomola, F|71/100 par
|turn|35
|
|t:|1769406934
|move|p1a: Dragonite|Dragon Dance|p1a: Dragonite
|-boost|p1a: Dragonite|atk|1
|-boost|p1a: Dragonite|spe|1
|cant|p2a: Alomomola|par
|
|-weather|Sandstorm|[upkeep]
|-damage|p1a: Dragonite|82/100|[from] Sandstorm
|-damage|p2a: Alomomola|65/100 par|[from] Sandstorm
|upkeep
|turn|36
|
|t:|1769406945
|move|p1a: Dragonite|Dragon Dance|p1a: Dragonite
|-boost|p1a: Dragonite|atk|1
|-boost|p1a: Dragonite|spe|1
|move|p2a: Alomomola|Wish|p2a: Alomomola
|
|-weather|Sandstorm|[upkeep]
|-damage|p1a: Dragonite|76/100|[from] Sandstorm
|-damage|p2a: Alomomola|58/100 par|[from] Sandstorm
|upkeep
|turn|37
|
|t:|1769406949
|move|p1a: Dragonite|Scale Shot|p2a: Alomomola
|-damage|p2a: Alomomola|41/100 par
|-damage|p2a: Alomomola|22/100 par
|-damage|p2a: Alomomola|4/100 par
|-damage|p2a: Alomomola|0 fnt
|faint|p2a: Alomomola
|-hitcount|p2: Alomomola|4
|-unboost|p1a: Dragonite|def|1
|-boost|p1a: Dragonite|spe|1
|
|-weather|none
|upkeep
|
|t:|1769406958
|switch|p2a: Clodsire|Clodsire, F|100/100
|turn|38
|
|t:|1769406963
|move|p1a: Dragonite|Scale Shot|p2a: Clodsire
|-damage|p2a: Clodsire|71/100
|-damage|p2a: Clodsire|43/100
|-damage|p2a: Clodsire|14/100
|-damage|p2a: Clodsire|0 fnt
|faint|p2a: Clodsire
|-hitcount|p2: Clodsire|4
|-unboost|p1a: Dragonite|def|1
|-boost|p1a: Dragonite|spe|1
|
|upkeep
|
|t:|1769406976
|switch|p2a: Clefable|Clefable, F, tera:Fire|18/100 par
|turn|39
|
|t:|1769406983
|move|p1a: Dragonite|Fire Punch|p2a: Clefable
|-resisted|p2a: Clefable
|-damage|p2a: Clefable|0 fnt
|faint|p2a: Clefable
|
|upkeep
|
|t:|1769406985
|switch|p2a: Corviknight|Corviknight, F|24/100
|-damage|p2a: Corviknight|11/100|[from] Stealth Rock
|-ability|p2a: Corviknight|Pressure
|turn|40
|
|t:|1769406991
|move|p1a: Dragonite|Scale Shot|p2a: Corviknight
|-resisted|p2a: Corviknight
|-damage|p2a: Corviknight|2/100
|-resisted|p2a: Corviknight
|-damage|p2a: Corviknight|0 fnt
|faint|p2a: Corviknight
|-hitcount|p2: Corviknight|2
|-unboost|p1a: Dragonite|def|1
|
|upkeep
|
|t:|1769406993
|switch|p2a: Ceruledge|Ceruledge, M|77/100
|-damage|p2a: Ceruledge|52/100|[from] Stealth Rock
|turn|41
|
|t:|1769406997
|move|p2a: Ceruledge|Shadow Sneak|p1a: Dragonite
|-damage|p1a: Dragonite|19/100
|move|p1a: Dragonite|Scale Shot|p2a: Ceruledge
|-damage|p2a: Ceruledge|12/100
|-damage|p2a: Ceruledge|0 fnt
|faint|p2a: Ceruledge
|-hitcount|p2: Ceruledge|2
|
|win|brickforbrains
|raw|brickforbrains's rating: 1511 &rarr; <strong>1528</strong><br />(+17 for winning)
|raw|MoonNMun's rating: 1458 &rarr; <strong>1441</strong><br />(-17 for losing)
|l|☆brickforbrains
|player|p1|
|l|☆MoonNMun
|player|p2|
