|j|☆qwolff
|j|☆jarrodbennett
|t:|1769347771
|gametype|singles
|player|p1|qwolff|101|1518
|player|p2|jarrodbennett|2|1474
|gen|9
|tier|[Gen 9] OU
|rated|
|rule|HP Percentage Mod: HP is shown in percentages
|rule|Endless Battle Clause: Forcing endless battles is banned
|rule|Species Clause: Limit one of each Pokémon
|rule|OHKO Clause: OHKO moves are banned
|rule|Evasion Items Clause: Evasion items are banned
|rule|Evasion Moves Clause: Evasion moves are banned
|rule|Evasion Abilities Clause: Evasion abilities are banned
|rule|Sleep Moves Clause: Sleep-inducing moves are banned
|clearpoke
|poke|p1|Great Tusk|
|poke|p1|Hoopa-Unbound|
|poke|p1|Slowking-Galar, F|
|poke|p1|Gyarados, M|
|poke|p1|Zamazenta-*|
|poke|p1|Iron Valiant|
|poke|p2|Ribombee, F|
|poke|p2|Cinderace, F|
|poke|p2|Serperior, M|
|poke|p2|Hitmonlee, M|
|poke|p2|Empoleon, M|
|poke|p2|Kingambit, M|
|teampreview
|
|t:|1769347784
|teamsize|p1|6
|teamsize|p2|6
|start
|switch|p1a: Slowking|Slowking-Galar, F|100/100
|switch|p2a: Ya Like Jazz?|Ribombee, F|100/100
|turn|1
|
|t:|1769347799
|move|p2a: Ya Like Jazz?|Sticky Web|p1a: Slowking
|-sidestart|p1: qwolff|move: Sticky Web
|move|p1a: Slowking|Future Sight|p2a: Ya Like Jazz?
|-start|p1a: Slowking|move: Future Sight
|
|upkeep
|turn|2
|
|t:|1769347804
|move|p2a: Ya Like Jazz?|Struggle Bug|p1a: Slowking
|-damage|p1a: Slowking|88/100
|-unboost|p1a: Slowking|spa|1
|move|p1a: Slowking|Sludge Wave|p2a: Ya Like Jazz?
|-supereffective|p2a: Ya Like Jazz?
|-enditem|p2a: Ya Like Jazz?|Focus Sash
|-damage|p2a: Ya Like Jazz?|1/100
|
|upkeep
|turn|3
|
|t:|1769347812
|move|p2a: Ya Like Jazz?|Struggle Bug|p1a: Slowking
|-damage|p1a: Slowking|77/100
|-unboost|p1a: Slowking|spa|1
|move|p1a: Slowking|Flamethrower|p2a: Ya Like Jazz?
|-supereffective|p2a: Ya Like Jazz?
|-damage|p2a: Ya Like Jazz?|0 fnt
|faint|p2a: Ya Like Jazz?
|
|-hint|Future Sight did not hit because the target is fainted.
|upkeep
|
|t:|1769347824
|switch|p2a: What's Up Doc?|Cinderace, F|100/100
|turn|4
|
|t:|1769347827
|switch|p1a: Great Tusk|Great Tusk|100/100
|-activate|p1a: Great Tusk|move: Sticky Web
|-unboost|p1a: Great Tusk|spe|1
|move|p2a: What's Up Doc?|Pyro Ball|p1a: Great Tusk
|-damage|p1a: Great Tusk|71/100
|
|upkeep
|turn|5
|
|t:|1769347835
|move|p2a: What's Up Doc?|Court Change|p2a: What's Up Doc?
|-start|p2a: What's Up Doc?|typechange|Normal|[from] ability: Libero
|-swapsideconditions
|-activate|p2a: What's Up Doc?|move: Court Change
|move|p1a: Great Tusk|Rapid Spin|p2a: What's Up Doc?
|-damage|p2a: What's Up Doc?|79/100
|-boost|p1a: Great Tusk|spe|1
|
|upkeep
|turn|6
|
|t:|1769347852
|move|p2a: What's Up Doc?|Pyro Ball|p1a: Great Tusk
|-damage|p1a: Great Tusk|54/100
|move|p1a: Great Tusk|Knock Off|p2a: What's Up Doc?
|-damage|p2a: What's Up Doc?|39/100
|-enditem|p2a: What's Up Doc?|Heavy-Duty Boots|[from] move: Knock Off|[of] p1a: Great Tusk
|
|upkeep
|turn|7
|
|t:|1769347864
|move|p2a: What's Up Doc?|Pyro Ball|p1a: Great Tusk
|-damage|p1a: Great Tusk|37/100
|-status|p1a: Great Tusk|brn
|move|p1a: Great Tusk|Rapid Spin|p2a: What's Up Doc?
|-damage|p2a: What's Up Doc?|29/100
|-boost|p1a: Great Tusk|spe|1
|
|-damage|p1a: Great Tusk|31/100 brn|[from] brn
|upkeep
|turn|8
|
|t:|1769347875
|move|p2a: What's Up Doc?|Pyro Ball|p1a: Great Tusk
|-damage|p1a: Great Tusk|14/100 brn
|move|p1a: Great Tusk|Rapid Spin|p2a: What's Up Doc?
|-damage|p2a: What's Up Doc?|18/100
|-boost|p1a: Great Tusk|spe|1
|
|-damage|p1a: Great Tusk|8/100 brn|[from] brn
|upkeep
|turn|9
|
|t:|1769347884
|move|p1a: Great Tusk|Ice Spinner|p2a: What's Up Doc?
|-damage|p2a: What's Up Doc?|0 fnt
|faint|p2a: What's Up Doc?
|
|-damage|p1a: Great Tusk|2/100 brn|[from] brn
|upkeep
|
|t:|1769347892
|switch|p2a: Big Z|Empoleon, M|100/100
|-activate|p2a: Big Z|move: Sticky Web
|-unboost|p2a: Big Z|spe|1
|-ability|p2a: Big Z|Competitive|boost
|-boost|p2a: Big Z|spa|2
|turn|10
|
|t:|1769347898
|move|p2a: Big Z|Vacuum Wave|p1a: Great Tusk
|-damage|p1a: Great Tusk|0 fnt
|faint|p1a: Great Tusk
|-end|p1a: Great Tusk|Protosynthesis|[silent]
|
|upkeep
|
|t:|1769347904
|switch|p1a: Zamazenta|Zamazenta|100/100
|-ability|p1a: Zamazenta|Dauntless Shield|boost
|-boost|p1a: Zamazenta|def|1
|turn|11
|
|t:|1769347909
|-terastallize|p2a: Big Z|Ground
|move|p1a: Zamazenta|Body Press|p2a: Big Z
|-damage|p2a: Big Z|40/100
|move|p2a: Big Z|Surf|p1a: Zamazenta
|-crit|p1a: Zamazenta
|-damage|p1a: Zamazenta|0 fnt
|faint|p1a: Zamazenta
|
|upkeep
|
|t:|1769347921
|switch|p1a: Gyarados|Gyarados, M, shiny|100/100
|turn|12
|
|t:|1769347925
|switch|p2a: Come At Me Bro|Kingambit, M|100/100
|-activate|p2a: Come At Me Bro|move: Sticky Web
|-unboost|p2a: Come At Me Bro|spe|1
|-ability|p2a: Come At Me Bro|Defiant|boost
|-boost|p2a: Come At Me Bro|atk|2
|move|p1a: Gyarados|Waterfall|p2a: Come At Me Bro
|-damage|p2a: Come At Me Bro|72/100
|
|upkeep
|turn|13
|
|t:|1769347935
|move|p1a: Gyarados|Earthquake|p2a: Come At Me Bro
|-supereffective|p2a: Come At Me Bro
|-damage|p2a: Come At Me Bro|25/100
|move|p2a: Come At Me Bro|Kowtow Cleave|p1a: Gyarados
|-damage|p1a: Gyarados|0 fnt
|faint|p1a: Gyarados
|
|upkeep
|
|t:|1769347945
|switch|p1a: Iron Valiant|Iron Valiant|100/100
|-enditem|p1a: Iron Valiant|Booster Energy
|-activate|p1a: Iron Valiant|ability: Quark Drive|[fromitem]
|-start|p1a: Iron Valiant|quarkdrivespe
|turn|14
|
|t:|1769347951
|switch|p2a: Big Z|Empoleon, M, tera:Ground|40/100
|-activate|p2a: Big Z|move: Sticky Web
|-unboost|p2a: Big Z|spe|1
|-ability|p2a: Big Z|Competitive|boost
|-boost|p2a: Big Z|spa|2
|move|p1a: Iron Valiant|Drain Punch|p2a: Big Z
|-damage|p2a: Big Z|3/100
|
|upkeep
|turn|15
|
|t:|1769347960
|move|p2a: Big Z|Vacuum Wave|p1a: Iron Valiant
|-resisted|p1a: Iron Valiant
|-damage|p1a: Iron Valiant|77/100
|move|p1a: Iron Valiant|Drain Punch|p2a: Big Z
|-damage|p2a: Big Z|0 fnt
|-heal|p1a: Iron Valiant|79/100|[from] drain|[of] p2a: Big Z
|faint|p2a: Big Z
|
|upkeep
|
|t:|1769347969
|switch|p2a: Slytherin|Serperior, M|100/100
|-activate|p2a: Slytherin|move: Sticky Web
|-boost|p2a: Slytherin|spe|1
|turn|16
|
|t:|1769347982
|-end|p1a: Iron Valiant|Quark Drive|[silent]
|switch|p1a: Slowking|Slowking-Galar, F|100/100
|move|p2a: Slytherin|Leaf Storm|p1a: Slowking
|-resisted|p1a: Slowking
|-damage|p1a: Slowking|88/100
|-boost|p2a: Slytherin|spa|2
|
|upkeep
|turn|17
|
|t:|1769347991
|move|p2a: Slytherin|Substitute|p2a: Slytherin
|-start|p2a: Slytherin|Substitute
|-damage|p2a: Slytherin|76/100
|move|p1a: Slowking|Sludge Wave|p2a: Slytherin
|-supereffective|p2a: Slytherin
|-end|p2a: Slytherin|Substitute
|
|upkeep
|turn|18
|
|t:|1769347998
|switch|p2a: Come At Me Bro|Kingambit, M|25/100
|-activate|p2a: Come At Me Bro|move: Sticky Web
|-unboost|p2a: Come At Me Bro|spe|1
|-ability|p2a: Come At Me Bro|Defiant|boost
|-boost|p2a: Come At Me Bro|atk|2
|move|p1a: Slowking|Flamethrower|p2a: Come At Me Bro
|-supereffective|p2a: Come At Me Bro
|-damage|p2a: Come At Me Bro|0 fnt
|faint|p2a: Come At Me Bro
|
|upkeep
|
|t:|1769348008
|switch|p2a: Kickin' Nugget|Hitmonlee, M|100/100
|-activate|p2a: Kickin' Nugget|move: Sticky Web
|-unboost|p2a: Kickin' Nugget|spe|1
|-enditem|p2a: Kickin' Nugget|White Herb
|-clearnegativeboost|p2a: Kickin' Nugget|[silent]
|turn|19
|
|t:|1769348024
|move|p2a: Kickin' Nugget|Swords Dance|p2a: Kickin' Nugget
|-boost|p2a: Kickin' Nugget|atk|2
|move|p1a: Slowking|Psychic Noise|p2a: Kickin' Nugget
|-supereffective|p2a: Kickin' Nugget
|-damage|p2a: Kickin' Nugget|10/100
|-start|p2a: Kickin' Nugget|move: Heal Block
|
|upkeep
|turn|20
|
|t:|1769348035
|switch|p1a: Hoopa|Hoopa-Unbound|100/100
|move|p2a: Kickin' Nugget|Knock Off|p1a: Hoopa
|-damage|p1a: Hoopa|0 fnt
|-enditem|p1a: Hoopa|Assault Vest|[from] move: Knock Off|[of] p2a: Kickin' Nugget
|faint|p1a: Hoopa
|
|-end|p2a: Kickin' Nugget|move: Heal Block
|upkeep
|
|t:|1769348038
|switch|p1a: Iron Valiant|Iron Valiant|79/100
|turn|21
|
|t:|1769348047
|move|p2a: Kickin' Nugget|Close Combat|p1a: Iron Valiant
|-resisted|p1a: Iron Valiant
|-damage|p1a: Iron Valiant|7/100
|-unboost|p2a: Kickin' Nugget|def|1
|-unboost|p2a: Kickin' Nugget|spd|1
|move|p1a: Iron Valiant|Spirit Break|p2a: Kickin' Nugget
|-supereffective|p2a: Kickin' Nugget
|-damage|p2a: Kickin' Nugget|0 fnt
|faint|p2a: Kickin' Nugget
|
|upkeep
|c|☆jarrodbennett|So close....
|
|t:|1769348060
|switch|p2a: Slytherin|Serperior, M|76/100
|-activate|p2a: Slytherin|move: Sticky Web
|-boost|p2a: Slytherin|spe|1
|turn|22
|
|t:|1769348067
|-end|p1a: Iron Valiant|Quark Drive|[silent]
|switch|p1a: Slowking|Slowking-Galar, F|100/100
|move|p2a: Slytherin|Leaf Storm|p1a: Slowking
|-resisted|p1a: Slowking
|-damage|p1a: Slowking|89/100
|-boost|p2a: Slytherin|spa|2
|
|upkeep
|turn|23
|
|t:|1769348076
|move|p2a: Slytherin|Leaf Storm|p1a: Slowking
|-resisted|p1a: Slowking
|-damage|p1a: Slowking|64/100
|-boost|p2a: Slytherin|spa|2
|move|p1a: Slowking|Sludge Wave|p2a: Slytherin
|-supereffective|p2a: Slytherin
|-damage|p2a: Slytherin|0 fnt
|faint|p2a: Slytherin
|
|win|qwolff
|raw|qwolff's rating: 1518 &rarr; <strong>1535</strong><br />(+17 for winning)
|raw|jarrodbennett's rating: 1474 &rarr; <strong>1457</strong><br />(-17 for losing)
|c|☆jarrodbennett|Gg
|c|☆jarrodbennett|Might have to go back to Adamant on lee...
|l|☆jarrodbennett
|player|p2|
|c|☆qwolff|Might as well I would assume he’s fast enough with unburden
|c|☆qwolff|gg
|l|☆qwolff
|player|p1|
