|j|☆alesauro838383
|j|☆puneet0611
|t:|1769371591
|gametype|singles
|player|p1|alesauro838383|101|1053
|player|p2|puneet0611|170|1069
|gen|9
|tier|[Gen 9] OU
|rated|
|rule|HP Percentage Mod: HP is shown in percentages
|rule|Endless Battle Clause: Forcing endless battles is banned
|rule|Species Clause: Limit one of each Pokémon
|rule|OHKO Clause: OHKO moves are banned
|rule|Evasion Items Clause: Evasion items are banned
|rule|Evasion Moves Clause: Evasion moves are banned
|rule|Evasion Abilities Clause: Evasion abilities are banned
|rule|Sleep Moves Clause: Sleep-inducing moves are banned
|clearpoke
|poke|p1|Bellibolt, M|
|poke|p1|Greninja-*, M|
|poke|p1|Corviknight, M|
|poke|p1|Fezandipiti, M|
|poke|p1|Blaziken, M|
|poke|p1|Ogerpon-Cornerstone, F|
|poke|p2|Dugtrio, F|
|poke|p2|Whimsicott, F|
|poke|p2|Numel, F|
|poke|p2|Kingambit, M|
|poke|p2|Polteageist|
|poke|p2|Tyranitar, F|
|teampreview
|inactive|Battle timer is ON: inactive players will automatically lose when time's up. (requested by puneet0611)
|
|t:|1769371601
|teamsize|p1|6
|teamsize|p2|6
|start
|switch|p1a: Ogerpon|Ogerpon-Cornerstone, F|100/100
|switch|p2a: Whimsicott|Whimsicott, F|100/100
|turn|1
|
|t:|1769371608
|move|p2a: Whimsicott|Tailwind|p2a: Whimsicott
|-sidestart|p2: puneet0611|move: Tailwind
|move|p1a: Ogerpon|Swords Dance|p1a: Ogerpon
|-boost|p1a: Ogerpon|atk|2
|
|upkeep
|turn|2
|
|t:|1769371614
|move|p2a: Whimsicott|Memento|p1a: Ogerpon
|-unboost|p1a: Ogerpon|atk|2
|-unboost|p1a: Ogerpon|spa|2
|faint|p2a: Whimsicott
|move|p1a: Ogerpon|Trailblaze|p2: Whimsicott|[notarget]
|-fail|p1a: Ogerpon
|
|upkeep
|
|t:|1769371621
|switch|p2a: Numel|Numel, F|100/100
|turn|3
|
|t:|1769371631
|move|p1a: Ogerpon|Ivy Cudgel|p2a: Numel|[anim] Ivy Cudgel Rock
|-damage|p2a: Numel|34/100
|move|p2a: Numel|Stockpile|p2a: Numel
|-start|p2a: Numel|stockpile1
|-boost|p2a: Numel|def|2
|-boost|p2a: Numel|spd|2
|
|upkeep
|turn|4
|
|t:|1769371638
|move|p1a: Ogerpon|Ivy Cudgel|p2a: Numel|[anim] Ivy Cudgel Rock
|-damage|p2a: Numel|4/100
|move|p2a: Numel|Flame Charge|p1a: Ogerpon
|-damage|p1a: Ogerpon|85/100
|-boost|p2a: Numel|spe|2
|
|-sideend|p2: puneet0611|move: Tailwind
|upkeep
|turn|5
|
|t:|1769371645
|move|p1a: Ogerpon|Trailblaze|p2a: Numel
|-crit|p2a: Numel
|-damage|p2a: Numel|0 fnt
|-boost|p1a: Ogerpon|spe|1
|faint|p2a: Numel
|
|upkeep
|
|t:|1769371649
|switch|p2a: Polteageist|Polteageist, shiny|100/100
|turn|6
|
|t:|1769371653
|move|p1a: Ogerpon|Trailblaze|p2a: Polteageist
|-damage|p2a: Polteageist|46/100
|-boost|p1a: Ogerpon|spe|1
|-ability|p2a: Polteageist|Weak Armor|boost
|-unboost|p2a: Polteageist|def|1
|-boost|p2a: Polteageist|spe|2
|move|p2a: Polteageist|Shell Smash|p2a: Polteageist
|-unboost|p2a: Polteageist|def|1
|-unboost|p2a: Polteageist|spd|1
|-boost|p2a: Polteageist|atk|2
|-boost|p2a: Polteageist|spa|2
|-boost|p2a: Polteageist|spe|2
|
|upkeep
|turn|7
|
|t:|1769371662
|move|p2a: Polteageist|Shadow Ball|p1a: Ogerpon
|-damage|p1a: Ogerpon|0 fnt
|faint|p1a: Ogerpon
|
|upkeep
|
|t:|1769371675
|switch|p1a: Fezandipiti|Fezandipiti, M|100/100
|turn|8
|
|t:|1769371681
|move|p2a: Polteageist|Stored Power|p1a: Fezandipiti
|-supereffective|p1a: Fezandipiti
|-damage|p1a: Fezandipiti|0 fnt
|faint|p1a: Fezandipiti
|
|upkeep
|
|t:|1769371687
|switch|p1a: Greninja|Greninja, M, shiny|100/100
|turn|9
|
|t:|1769371692
|-terastallize|p2a: Polteageist|Fairy
|move|p2a: Polteageist|Tera Blast|p1a: Greninja|[anim] Tera Blast Fairy
|-supereffective|p1a: Greninja
|-damage|p1a: Greninja|0 fnt
|faint|p1a: Greninja
|
|upkeep
|-message|alesauro838383 forfeited.
|
|win|puneet0611
|raw|alesauro838383's rating: 1053 &rarr; <strong>1036</strong><br />(-17 for losing)
|raw|puneet0611's rating: 1069 &rarr; <strong>1097</strong><br />(+28 for winning)
|l|☆alesauro838383
|player|p1|
|l|☆puneet0611
|player|p2|
