|j|☆bunguds
|j|☆dbrh
|t:|1769375119
|gametype|singles
|player|p1|bunguds|biker-gen4|1092
|player|p2|dbrh|waiter-gen4|1105
|gen|9
|tier|[Gen 9] OU
|rated|
|rule|HP Percentage Mod: HP is shown in percentages
|rule|Endless Battle Clause: Forcing endless battles is banned
|rule|Species Clause: Limit one of each Pokémon
|rule|OHKO Clause: OHKO moves are banned
|rule|Evasion Items Clause: Evasion items are banned
|rule|Evasion Moves Clause: Evasion moves are banned
|rule|Evasion Abilities Clause: Evasion abilities are banned
|rule|Sleep Moves Clause: Sleep-inducing moves are banned
|clearpoke
|poke|p1|Torkoal, M|
|poke|p1|Lilligant-Hisui, F|
|poke|p1|Landorus-Therian, M|
|poke|p1|Rotom-Wash|
|poke|p1|Gholdengo|
|poke|p1|Dragonite, M|
|poke|p2|Torkoal, F|
|poke|p2|Charizard, M|
|poke|p2|Venusaur, F|
|poke|p2|Conkeldurr, M|
|poke|p2|Mandibuzz, F|
|poke|p2|Sawsbuck, F|
|teampreview
|inactive|Battle timer is ON: inactive players will automatically lose when time's up. (requested by bunguds)
|
|t:|1769375132
|teamsize|p1|6
|teamsize|p2|6
|start
|switch|p1a: Landorus|Landorus-Therian, M|100/100
|switch|p2a: Conkeldurr|Conkeldurr, M|100/100
|-ability|p1a: Landorus|Intimidate|boost
|-unboost|p2a: Conkeldurr|atk|1
|turn|1
|
|t:|1769375141
|move|p1a: Landorus|Rock Slide|p2a: Conkeldurr
|-resisted|p2a: Conkeldurr
|-damage|p2a: Conkeldurr|88/100
|cant|p2a: Conkeldurr|flinch
|
|-status|p2a: Conkeldurr|brn|[from] item: Flame Orb
|upkeep
|turn|2
|
|t:|1769375148
|switch|p1a: Gholdengo|Gholdengo|100/100
|-item|p1a: Gholdengo|Air Balloon
|move|p2a: Conkeldurr|Ice Punch|p1a: Gholdengo
|-resisted|p1a: Gholdengo
|-damage|p1a: Gholdengo|82/100
|-enditem|p1a: Gholdengo|Air Balloon
|
|-damage|p2a: Conkeldurr|82/100 brn|[from] brn
|upkeep
|turn|3
|
|t:|1769375158
|move|p1a: Gholdengo|Shadow Ball|p2a: Conkeldurr
|-damage|p2a: Conkeldurr|31/100 brn
|move|p2a: Conkeldurr|Knock Off|p1a: Gholdengo
|-supereffective|p1a: Gholdengo
|-damage|p1a: Gholdengo|25/100
|
|-damage|p2a: Conkeldurr|25/100 brn|[from] brn
|upkeep
|turn|4
|
|t:|1769375168
|switch|p2a: Mandibuzz|Mandibuzz, F|100/100
|move|p1a: Gholdengo|Make It Rain|p2a: Mandibuzz
|-damage|p2a: Mandibuzz|63/100
|-unboost|p1a: Gholdengo|spa|1
|
|-heal|p2a: Mandibuzz|70/100|[from] item: Leftovers
|upkeep
|turn|5
|
|t:|1769375176
|switch|p1a: Landorus|Landorus-Therian, M|100/100
|-ability|p1a: Landorus|Intimidate|boost
|-unboost|p2a: Mandibuzz|atk|1
|move|p2a: Mandibuzz|U-turn|p1a: Landorus
|-resisted|p1a: Landorus
|-damage|p1a: Landorus|96/100
|
|t:|1769375183
|switch|p2a: Charizard|Charizard, M|100/100|[from] U-turn
|
|upkeep
|turn|6
|
|t:|1769375188
|move|p1a: Landorus|U-turn|p2a: Charizard
|-resisted|p2a: Charizard
|-damage|p2a: Charizard|91/100
|
|t:|1769375195
|switch|p1a: Dragonite|Dragonite, M|100/100|[from] U-turn
|move|p2a: Charizard|Overheat|p1a: Dragonite
|-resisted|p1a: Dragonite
|-damage|p1a: Dragonite|81/100
|-unboost|p2a: Charizard|spa|2
|
|-heal|p1a: Dragonite|88/100|[from] item: Leftovers
|upkeep
|turn|7
|
|t:|1769375204
|switch|p2a: Mandibuzz|Mandibuzz, F|70/100
|move|p1a: Dragonite|Dragon Dance|p1a: Dragonite
|-boost|p1a: Dragonite|atk|1
|-boost|p1a: Dragonite|spe|1
|
|-heal|p1a: Dragonite|94/100|[from] item: Leftovers
|-heal|p2a: Mandibuzz|76/100|[from] item: Leftovers
|upkeep
|turn|8
|
|t:|1769375212
|move|p1a: Dragonite|Dragon Claw|p2a: Mandibuzz
|-damage|p2a: Mandibuzz|21/100
|move|p2a: Mandibuzz|Foul Play|p1a: Dragonite
|-damage|p1a: Dragonite|15/100
|
|-heal|p1a: Dragonite|21/100|[from] item: Leftovers
|-heal|p2a: Mandibuzz|27/100|[from] item: Leftovers
|upkeep
|turn|9
|
|t:|1769375219
|move|p1a: Dragonite|Extreme Speed|p2a: Mandibuzz
|-damage|p2a: Mandibuzz|0 fnt
|faint|p2a: Mandibuzz
|
|-heal|p1a: Dragonite|28/100|[from] item: Leftovers
|upkeep
|
|t:|1769375225
|switch|p2a: Torkoal|Torkoal, F|100/100
|-weather|SunnyDay|[from] ability: Drought|[of] p2a: Torkoal
|turn|10
|
|t:|1769375229
|move|p1a: Dragonite|Earthquake|p2a: Torkoal
|-supereffective|p2a: Torkoal
|-damage|p2a: Torkoal|38/100
|move|p2a: Torkoal|Clear Smog|p1a: Dragonite
|-damage|p1a: Dragonite|19/100
|-clearboost|p1a: Dragonite
|
|-weather|SunnyDay|[upkeep]
|-heal|p1a: Dragonite|25/100|[from] item: Leftovers
|upkeep
|turn|11
|
|t:|1769375238
|switch|p2a: Charizard|Charizard, M|91/100
|move|p1a: Dragonite|Dragon Claw|p2a: Charizard
|-damage|p2a: Charizard|29/100
|
|-weather|SunnyDay|[upkeep]
|-damage|p2a: Charizard|17/100|[from] ability: Solar Power|[of] p2a: Charizard
|-heal|p1a: Dragonite|31/100|[from] item: Leftovers
|upkeep
|turn|12
|
|t:|1769375247
|move|p1a: Dragonite|Extreme Speed|p2a: Charizard
|-damage|p2a: Charizard|0 fnt
|faint|p2a: Charizard
|
|-weather|SunnyDay|[upkeep]
|-heal|p1a: Dragonite|37/100|[from] item: Leftovers
|upkeep
|
|t:|1769375253
|switch|p2a: Sawsbuck|Sawsbuck, F|100/100
|turn|13
|
|t:|1769375258
|move|p1a: Dragonite|Extreme Speed|p2a: Sawsbuck
|-damage|p2a: Sawsbuck|54/100
|move|p2a: Sawsbuck|Double-Edge|p1a: Dragonite
|-damage|p1a: Dragonite|0 fnt
|faint|p1a: Dragonite
|-damage|p2a: Sawsbuck|38/100|[from] Recoil
|-damage|p2a: Sawsbuck|28/100|[from] item: Life Orb
|
|-weather|SunnyDay|[upkeep]
|upkeep
|
|t:|1769375267
|switch|p1a: Lilligant|Lilligant-Hisui, F, shiny|100/100
|turn|14
|
|t:|1769375270
|move|p1a: Lilligant|Victory Dance|p1a: Lilligant
|-boost|p1a: Lilligant|atk|1
|-boost|p1a: Lilligant|def|1
|-boost|p1a: Lilligant|spe|1
|move|p2a: Sawsbuck|Double-Edge|p1a: Lilligant
|-damage|p1a: Lilligant|23/100
|-damage|p2a: Sawsbuck|4/100|[from] Recoil
|-damage|p2a: Sawsbuck|0 fnt|[from] item: Life Orb
|faint|p2a: Sawsbuck
|
|-weather|SunnyDay|[upkeep]
|upkeep
|
|t:|1769375280
|switch|p2a: Conkeldurr|Conkeldurr, M|25/100 brn
|turn|15
|
|t:|1769375285
|move|p2a: Conkeldurr|Mach Punch|p1a: Lilligant
|-damage|p1a: Lilligant|0 fnt
|faint|p1a: Lilligant
|
|-weather|SunnyDay|[upkeep]
|-damage|p2a: Conkeldurr|19/100 brn|[from] brn
|upkeep
|
|t:|1769375292
|switch|p1a: Landorus|Landorus-Therian, M|96/100
|-ability|p1a: Landorus|Intimidate|boost
|-unboost|p2a: Conkeldurr|atk|1
|turn|16
|
|t:|1769375298
|move|p1a: Landorus|U-turn|p2a: Conkeldurr
|-resisted|p2a: Conkeldurr
|-damage|p2a: Conkeldurr|8/100 brn
|
|t:|1769375302
|switch|p1a: Gholdengo|Gholdengo|25/100|[from] U-turn
|move|p2a: Conkeldurr|Knock Off|p1a: Gholdengo
|-supereffective|p1a: Gholdengo
|-damage|p1a: Gholdengo|0 fnt
|faint|p1a: Gholdengo
|
|-weather|SunnyDay|[upkeep]
|-damage|p2a: Conkeldurr|2/100 brn|[from] brn
|upkeep
|
|t:|1769375305
|switch|p1a: Landorus|Landorus-Therian, M|96/100
|-ability|p1a: Landorus|Intimidate|boost
|-unboost|p2a: Conkeldurr|atk|1
|turn|17
|
|t:|1769375314
|move|p2a: Conkeldurr|Mach Punch|p1a: Landorus
|-resisted|p1a: Landorus
|-damage|p1a: Landorus|85/100
|move|p1a: Landorus|Earthquake|p2a: Conkeldurr
|-damage|p2a: Conkeldurr|0 fnt
|faint|p2a: Conkeldurr
|
|-weather|none
|upkeep
|
|t:|1769375321
|switch|p2a: Torkoal|Torkoal, F|38/100
|-weather|SunnyDay|[from] ability: Drought|[of] p2a: Torkoal
|turn|18
|
|t:|1769375327
|move|p1a: Landorus|Earthquake|p2a: Torkoal
|-supereffective|p2a: Torkoal
|-damage|p2a: Torkoal|0 fnt
|faint|p2a: Torkoal
|
|-weather|SunnyDay|[upkeep]
|upkeep
|
|t:|1769375332
|switch|p2a: Venusaur|Venusaur, F|100/100
|turn|19
|
|t:|1769375339
|move|p2a: Venusaur|Growth|p2a: Venusaur
|-boost|p2a: Venusaur|atk|2
|-boost|p2a: Venusaur|spa|2
|move|p1a: Landorus|Earthquake|p2a: Venusaur
|-damage|p2a: Venusaur|23/100
|
|-weather|SunnyDay|[upkeep]
|upkeep
|turn|20
|
|t:|1769375345
|move|p2a: Venusaur|Giga Drain|p1a: Landorus
|-damage|p1a: Landorus|0 fnt
|-heal|p2a: Venusaur|68/100|[from] drain|[of] p1a: Landorus
|faint|p1a: Landorus
|-damage|p2a: Venusaur|58/100|[from] item: Life Orb
|
|-weather|SunnyDay|[upkeep]
|upkeep
|
|t:|1769375348
|switch|p1a: Torkoal|Torkoal, M, shiny|100/100
|turn|21
|
|t:|1769375354
|-terastallize|p1a: Torkoal|Dragon
|move|p2a: Venusaur|Sludge Bomb|p1a: Torkoal
|-damage|p1a: Torkoal|14/100
|-damage|p2a: Venusaur|48/100|[from] item: Life Orb
|move|p1a: Torkoal|Weather Ball|p2a: Venusaur
|-supereffective|p2a: Venusaur
|-damage|p2a: Venusaur|0 fnt
|faint|p2a: Venusaur
|
|win|bunguds
|raw|bunguds's rating: 1092 &rarr; <strong>1119</strong><br />(+27 for winning)
|raw|dbrh's rating: 1105 &rarr; <strong>1079</strong><br />(-26 for losing)
|l|☆bunguds
|player|p1|
|l|☆dbrh
|player|p2|
