|j|☆wugui2026
|j|☆Catalyxx
|t:|1769409630
|gametype|singles
|player|p1|wugui2026|266|1543
|player|p2|Catalyxx|roxie-masters|1557
|gen|9
|tier|[Gen 9] OU
|rated|
|rule|HP Percentage Mod: HP is shown in percentages
|rule|Endless Battle Clause: Forcing endless battles is banned
|rule|Species Clause: Limit one of each Pokémon
|rule|OHKO Clause: OHKO moves are banned
|rule|Evasion Items Clause: Evasion items are banned
|rule|Evasion Moves Clause: Evasion moves are banned
|rule|Evasion Abilities Clause: Evasion abilities are banned
|rule|Sleep Moves Clause: Sleep-inducing moves are banned
|clearpoke
|poke|p1|Glimmora, F|
|poke|p1|Iron Treads|
|poke|p1|Polteageist-Antique|
|poke|p1|Raging Bolt|
|poke|p1|Dragonite, M|
|poke|p1|Zamazenta-*|
|poke|p2|Ogerpon-Cornerstone, F|
|poke|p2|Hatterene, F|
|poke|p2|Zapdos|
|poke|p2|Kingambit, F|
|poke|p2|Iron Treads|
|poke|p2|Okidogi, M|
|teampreview
|inactive|Battle timer is ON: inactive players will automatically lose when time's up. (requested by wugui2026)
|
|t:|1769409651
|teamsize|p1|6
|teamsize|p2|6
|start
|switch|p1a: 钉子|Glimmora, F|100/100
|switch|p2a: Iron Treads|Iron Treads|100/100
|-item|p2a: Iron Treads|Air Balloon
|turn|1
|
|t:|1769409657
|switch|p1a: 格斗肥大|Zamazenta|100/100
|-ability|p1a: 格斗肥大|Dauntless Shield|boost
|-boost|p1a: 格斗肥大|def|1
|move|p2a: Iron Treads|Stealth Rock|p1a: 格斗肥大
|-sidestart|p1: wugui2026|move: Stealth Rock
|
|upkeep
|turn|2
|
|t:|1769409666
|-end|p2a: Iron Treads|Quark Drive|[silent]
|switch|p2a: Zapdos|Zapdos|100/100
|move|p1a: 格斗肥大|Iron Defense|p1a: 格斗肥大
|-boost|p1a: 格斗肥大|def|2
|
|upkeep
|turn|3
|
|t:|1769409691
|-terastallize|p1a: 格斗肥大|Fire
|move|p1a: 格斗肥大|Iron Defense|p1a: 格斗肥大
|-boost|p1a: 格斗肥大|def|2
|move|p2a: Zapdos|Hurricane|p1a: 格斗肥大
|-damage|p1a: 格斗肥大|63/100
|-start|p1a: 格斗肥大|confusion
|
|-heal|p1a: 格斗肥大|69/100|[from] item: Leftovers
|upkeep
|turn|4
|
|t:|1769409699
|-activate|p1a: 格斗肥大|confusion
|move|p1a: 格斗肥大|Body Press|p2a: Zapdos
|-resisted|p2a: Zapdos
|-damage|p2a: Zapdos|50/100
|move|p2a: Zapdos|Discharge|p1a: 格斗肥大
|-damage|p1a: 格斗肥大|39/100
|
|-heal|p1a: 格斗肥大|45/100|[from] item: Leftovers
|upkeep
|turn|5
|
|t:|1769409705
|-activate|p1a: 格斗肥大|confusion
|-damage|p1a: 格斗肥大|42/100|[from] confusion
|move|p2a: Zapdos|Roost|p2a: Zapdos
|-heal|p2a: Zapdos|100/100
|-singleturn|p2a: Zapdos|move: Roost
|
|-heal|p1a: 格斗肥大|49/100|[from] item: Leftovers
|upkeep
|turn|6
|
|t:|1769409710
|-end|p1a: 格斗肥大|confusion
|move|p1a: 格斗肥大|Body Press|p2a: Zapdos
|-resisted|p2a: Zapdos
|-damage|p2a: Zapdos|50/100
|-status|p1a: 格斗肥大|par|[from] ability: Static|[of] p2a: Zapdos
|move|p2a: Zapdos|Discharge|p1a: 格斗肥大
|-damage|p1a: 格斗肥大|21/100 par
|
|-heal|p1a: 格斗肥大|27/100 par|[from] item: Leftovers
|upkeep
|turn|7
|
|t:|1769409716
|move|p2a: Zapdos|Roost|p2a: Zapdos
|-heal|p2a: Zapdos|100/100
|-singleturn|p2a: Zapdos|move: Roost
|cant|p1a: 格斗肥大|par
|
|-heal|p1a: 格斗肥大|33/100 par|[from] item: Leftovers
|upkeep
|turn|8
|
|t:|1769409723
|switch|p1a: 我没带地震|Iron Treads|100/100
|-damage|p1a: 我没带地震|97/100|[from] Stealth Rock
|-enditem|p1a: 我没带地震|Booster Energy
|-activate|p1a: 我没带地震|ability: Quark Drive|[fromitem]
|-start|p1a: 我没带地震|quarkdrivespe
|move|p2a: Zapdos|Hurricane|p1a: 我没带地震
|-resisted|p1a: 我没带地震
|-damage|p1a: 我没带地震|71/100
|
|upkeep
|turn|9
|
|t:|1769409731
|move|p1a: 我没带地震|Rapid Spin|p2a: Zapdos
|-crit|p2a: Zapdos
|-damage|p2a: Zapdos|88/100
|-boost|p1a: 我没带地震|spe|1
|-sideend|p1: wugui2026|Stealth Rock|[from] move: Rapid Spin|[of] p1a: 我没带地震
|move|p2a: Zapdos|U-turn|p1a: 我没带地震
|-resisted|p1a: 我没带地震
|-damage|p1a: 我没带地震|67/100
|
|t:|1769409736
|switch|p2a: Iron Treads|Iron Treads|100/100|[from] U-turn
|-item|p2a: Iron Treads|Air Balloon
|
|upkeep
|turn|10
|
|t:|1769409745
|-end|p1a: 我没带地震|Quark Drive|[silent]
|switch|p1a: 肥大|Dragonite, M|100/100
|move|p2a: Iron Treads|Stealth Rock|p1a: 肥大
|-sidestart|p1: wugui2026|move: Stealth Rock
|
|upkeep
|turn|11
|
|t:|1769409749
|move|p2a: Iron Treads|Ice Spinner|p1a: 肥大
|-supereffective|p1a: 肥大
|-damage|p1a: 肥大|55/100
|move|p1a: 肥大|Fire Punch|p2a: Iron Treads
|-supereffective|p2a: Iron Treads
|-damage|p2a: Iron Treads|24/100
|-enditem|p2a: Iron Treads|Air Balloon
|
|upkeep
|turn|12
|
|t:|1769409761
|-end|p2a: Iron Treads|Quark Drive|[silent]
|switch|p2a: Zapdos|Zapdos|88/100
|switch|p1a: 我没带地震|Iron Treads|67/100
|-damage|p1a: 我没带地震|64/100|[from] Stealth Rock
|
|upkeep
|turn|13
|
|t:|1769409766
|move|p1a: 我没带地震|Stealth Rock|p2a: Zapdos
|-sidestart|p2: Catalyxx|move: Stealth Rock
|move|p2a: Zapdos|U-turn|p1a: 我没带地震
|-resisted|p1a: 我没带地震
|-damage|p1a: 我没带地震|59/100
|
|t:|1769409773
|switch|p2a: Okidogi|Okidogi, M|100/100|[from] U-turn
|-damage|p2a: Okidogi|94/100|[from] Stealth Rock
|
|upkeep
|turn|14
|
|t:|1769409778
|move|p1a: 我没带地震|Earthquake|p2a: Okidogi
|-supereffective|p2a: Okidogi
|-damage|p2a: Okidogi|31/100
|move|p2a: Okidogi|Drain Punch|p1a: 我没带地震
|-supereffective|p1a: 我没带地震
|-damage|p1a: 我没带地震|0 fnt
|-heal|p2a: Okidogi|61/100|[from] drain|[of] p1a: 我没带地震
|faint|p1a: 我没带地震
|-end|p1a: 我没带地震|Quark Drive|[silent]
|
|upkeep
|
|t:|1769409788
|switch|p1a: 肥大|Dragonite, M|55/100
|-damage|p1a: 肥大|30/100|[from] Stealth Rock
|turn|15
|
|t:|1769409794
|switch|p2a: Zapdos|Zapdos|88/100
|move|p1a: 肥大|Earthquake|p2a: Zapdos
|-immune|p2a: Zapdos
|
|upkeep
|turn|16
|
|t:|1769409798
|switch|p1a: 钉子|Glimmora, F|100/100
|-damage|p1a: 钉子|88/100|[from] Stealth Rock
|move|p2a: Zapdos|U-turn|p1a: 钉子
|-resisted|p1a: 钉子
|-damage|p1a: 钉子|80/100
|-activate|p1a: 钉子|ability: Toxic Debris
|-sidestart|p2: Catalyxx|move: Toxic Spikes
|
|t:|1769409802
|switch|p2a: Iron Treads|Iron Treads|24/100|[from] U-turn
|-damage|p2a: Iron Treads|21/100|[from] Stealth Rock
|
|upkeep
|turn|17
|
|t:|1769409806
|move|p1a: 钉子|Earth Power|p2a: Iron Treads
|-supereffective|p2a: Iron Treads
|-damage|p2a: Iron Treads|0 fnt
|faint|p2a: Iron Treads
|-end|p2a: Iron Treads|Quark Drive|[silent]
|
|upkeep
|
|t:|1769409810
|switch|p2a: Zapdos|Zapdos|88/100
|turn|18
|
|t:|1769409814
|switch|p1a: 电肥大|Raging Bolt|100/100
|-damage|p1a: 电肥大|88/100|[from] Stealth Rock
|-enditem|p1a: 电肥大|Booster Energy
|-activate|p1a: 电肥大|ability: Protosynthesis|[fromitem]
|-start|p1a: 电肥大|protosynthesisspa
|move|p2a: Zapdos|U-turn|p1a: 电肥大
|-damage|p1a: 电肥大|74/100
|
|t:|1769409819
|switch|p2a: Okidogi|Okidogi, M|61/100|[from] U-turn
|-damage|p2a: Okidogi|55/100|[from] Stealth Rock
|-sideend|p2: Catalyxx|move: Toxic Spikes|[of] p2a: Okidogi
|
|upkeep
|turn|19
|
|t:|1769409824
|move|p1a: 电肥大|Thunderbolt|p2a: Okidogi
|-crit|p2a: Okidogi
|-damage|p2a: Okidogi|0 fnt
|faint|p2a: Okidogi
|
|upkeep
|
|t:|1769409836
|switch|p2a: Hatterene|Hatterene, F|100/100
|-damage|p2a: Hatterene|88/100|[from] Stealth Rock
|turn|20
|
|t:|1769409843
|move|p1a: 电肥大|Calm Mind|p1a: 电肥大
|-boost|p1a: 电肥大|spa|1
|-boost|p1a: 电肥大|spd|1
|move|p2a: Hatterene|Draining Kiss|p1a: 电肥大
|-supereffective|p1a: 电肥大
|-damage|p1a: 电肥大|46/100
|-heal|p2a: Hatterene|100/100|[from] drain|[of] p1a: 电肥大
|
|upkeep
|turn|21
|
|t:|1769409848
|move|p1a: 电肥大|Calm Mind|p1a: 电肥大
|-boost|p1a: 电肥大|spa|1
|-boost|p1a: 电肥大|spd|1
|move|p2a: Hatterene|Draining Kiss|p1a: 电肥大
|-supereffective|p1a: 电肥大
|-damage|p1a: 电肥大|24/100
|
|upkeep
|turn|22
|
|t:|1769409856
|move|p1a: 电肥大|Thunderbolt|p2a: Hatterene
|-damage|p2a: Hatterene|0 fnt
|faint|p2a: Hatterene
|
|upkeep
|
|t:|1769409861
|switch|p2a: Kingambit|Kingambit, F|100/100
|-damage|p2a: Kingambit|94/100|[from] Stealth Rock
|-activate|p2a: Kingambit|ability: Supreme Overlord
|-start|p2a: Kingambit|fallen3|[silent]
|turn|23
|
|t:|1769409864
|-end|p1a: 电肥大|Protosynthesis|[silent]
|switch|p1a: 格斗肥大|Zamazenta, tera:Fire|33/100 par
|-damage|p1a: 格斗肥大|8/100 par|[from] Stealth Rock
|move|p2a: Kingambit|Sucker Punch||[still]
|-fail|p2a: Kingambit
|
|-heal|p1a: 格斗肥大|15/100 par|[from] item: Leftovers
|-heal|p2a: Kingambit|100/100|[from] item: Leftovers
|upkeep
|turn|24
|
|t:|1769409871
|-end|p2a: Kingambit|fallen3|[silent]
|switch|p2a: Zapdos|Zapdos|88/100
|move|p1a: 格斗肥大|Iron Defense|p1a: 格斗肥大
|-boost|p1a: 格斗肥大|def|2
|
|-heal|p1a: 格斗肥大|21/100 par|[from] item: Leftovers
|upkeep
|turn|25
|
|t:|1769409875
|move|p2a: Zapdos|Discharge|p1a: 格斗肥大
|-damage|p1a: 格斗肥大|0 fnt
|faint|p1a: 格斗肥大
|
|upkeep
|
|t:|1769409880
|switch|p1a: 钉子|Glimmora, F|80/100
|-damage|p1a: 钉子|68/100|[from] Stealth Rock
|turn|26
|
|t:|1769409884
|switch|p2a: Kingambit|Kingambit, F|100/100
|-damage|p2a: Kingambit|94/100|[from] Stealth Rock
|-activate|p2a: Kingambit|ability: Supreme Overlord
|-start|p2a: Kingambit|fallen3|[silent]
|move|p1a: 钉子|Power Gem|p2a: Kingambit
|-resisted|p2a: Kingambit
|-damage|p2a: Kingambit|73/100
|
|-heal|p2a: Kingambit|79/100|[from] item: Leftovers
|upkeep
|turn|27
|
|t:|1769409892
|switch|p1a: 肥大|Dragonite, M|30/100
|-damage|p1a: 肥大|5/100|[from] Stealth Rock
|move|p2a: Kingambit|Swords Dance|p2a: Kingambit
|-boost|p2a: Kingambit|atk|2
|
|-heal|p2a: Kingambit|85/100|[from] item: Leftovers
|upkeep
|turn|28
|
|t:|1769409900
|move|p2a: Kingambit|Sucker Punch|p1a: 肥大
|-damage|p1a: 肥大|0 fnt
|faint|p1a: 肥大
|
|-heal|p2a: Kingambit|91/100|[from] item: Leftovers
|upkeep
|-message|wugui2026 forfeited.
|
|win|Catalyxx
|raw|wugui2026's rating: 1543 &rarr; <strong>1524</strong><br />(-19 for losing)
|raw|Catalyxx's rating: 1557 &rarr; <strong>1576</strong><br />(+19 for winning)
|l|☆wugui2026
|player|p1|
|l|☆Catalyxx
|player|p2|
