|j|☆saibayman
|j|☆raleighk
|t:|1769382824
|gametype|singles
|player|p1|saibayman|265|1511
|player|p2|raleighk|101|1509
|gen|9
|tier|[Gen 9] OU
|rated|
|rule|HP Percentage Mod: HP is shown in percentages
|rule|Endless Battle Clause: Forcing endless battles is banned
|rule|Species Clause: Limit one of each Pokémon
|rule|OHKO Clause: OHKO moves are banned
|rule|Evasion Items Clause: Evasion items are banned
|rule|Evasion Moves Clause: Evasion moves are banned
|rule|Evasion Abilities Clause: Evasion abilities are banned
|rule|Sleep Moves Clause: Sleep-inducing moves are banned
|clearpoke
|poke|p1|Tyranitar, M|
|poke|p1|Great Tusk|
|poke|p1|Slowking-Galar, F|
|poke|p1|Gholdengo|
|poke|p1|Meowscarada, M|
|poke|p1|Moltres|
|poke|p2|Dragonite, M|
|poke|p2|Gyarados, M|
|poke|p2|Zapdos|
|poke|p2|Hatterene, F|
|poke|p2|Zamazenta-*|
|poke|p2|Espeon, F|
|teampreview
|inactive|Battle timer is ON: inactive players will automatically lose when time's up. (requested by saibayman)
|inactive|raleighk has 120 seconds left.
|j| agente00g
|l| agente00g
|
|t:|1769382869
|teamsize|p1|6
|teamsize|p2|6
|start
|switch|p1a: Slowking|Slowking-Galar, F|100/100
|switch|p2a: Espeon|Espeon, F|100/100
|turn|1
|
|t:|1769382879
|move|p2a: Espeon|Psychic|p1a: Slowking
|-damage|p1a: Slowking|72/100
|move|p1a: Slowking|Sludge Bomb|p2a: Espeon
|-damage|p2a: Espeon|36/100
|
|upkeep
|turn|2
|
|t:|1769382894
|move|p2a: Espeon|Thunder Wave|p1a: Slowking
|-status|p1a: Slowking|par
|move|p1a: Slowking|Sludge Bomb|p2a: Espeon
|-damage|p2a: Espeon|0 fnt
|faint|p2a: Espeon
|
|upkeep
|inactive|raleighk has 120 seconds left.
|
|t:|1769382917
|switch|p2a: Gyarados|Gyarados, M|100/100
|turn|3
|inactive|raleighk has 120 seconds left.
|
|t:|1769382928
|-terastallize|p2a: Gyarados|Ground
|move|p2a: Gyarados|Dragon Dance|p2a: Gyarados
|-boost|p2a: Gyarados|atk|1
|-boost|p2a: Gyarados|spe|1
|move|p1a: Slowking|Sludge Bomb|p2a: Gyarados
|-resisted|p2a: Gyarados
|-damage|p2a: Gyarados|78/100
|
|-heal|p2a: Gyarados|84/100|[from] item: Leftovers
|upkeep
|turn|4
|inactive|raleighk has 120 seconds left.
|
|t:|1769382955
|-terastallize|p1a: Slowking|Grass
|move|p2a: Gyarados|Earthquake|p1a: Slowking
|-resisted|p1a: Slowking
|-damage|p1a: Slowking|26/100 par
|cant|p1a: Slowking|par
|
|-heal|p2a: Gyarados|90/100|[from] item: Leftovers
|upkeep
|turn|5
|
|t:|1769382974
|switch|p1a: Tyranitar|Tyranitar, M|100/100
|-weather|Sandstorm|[from] ability: Sand Stream|[of] p1a: Tyranitar
|move|p2a: Gyarados|Earthquake|p1a: Tyranitar
|-supereffective|p1a: Tyranitar
|-damage|p1a: Tyranitar|13/100
|
|-weather|Sandstorm|[upkeep]
|-heal|p2a: Gyarados|96/100|[from] item: Leftovers
|upkeep
|turn|6
|
|t:|1769382984
|switch|p1a: Moltres|Moltres|100/100
|move|p2a: Gyarados|Waterfall|p1a: Moltres
|-supereffective|p1a: Moltres
|-damage|p1a: Moltres|0 fnt
|faint|p1a: Moltres
|-ability|p2a: Gyarados|Moxie|boost
|-boost|p2a: Gyarados|atk|1
|
|-weather|Sandstorm|[upkeep]
|-heal|p2a: Gyarados|100/100|[from] item: Leftovers
|upkeep
|-message|saibayman forfeited.
|
|win|raleighk
|raw|saibayman's rating: 1511 &rarr; <strong>1491</strong><br />(-20 for losing)
|raw|raleighk's rating: 1509 &rarr; <strong>1529</strong><br />(+20 for winning)
|l|☆saibayman
|player|p1|
|l|☆raleighk
|player|p2|
