|j|☆labeys
|j|☆potayo
|t:|1769386881
|gametype|singles
|player|p1|labeys|sordward|1685
|player|p2|potayo|clerk|1592
|gen|9
|tier|[Gen 9] OU
|rated|
|rule|HP Percentage Mod: HP is shown in percentages
|rule|Endless Battle Clause: Forcing endless battles is banned
|rule|Species Clause: Limit one of each Pokémon
|rule|OHKO Clause: OHKO moves are banned
|rule|Evasion Items Clause: Evasion items are banned
|rule|Evasion Moves Clause: Evasion moves are banned
|rule|Evasion Abilities Clause: Evasion abilities are banned
|rule|Sleep Moves Clause: Sleep-inducing moves are banned
|clearpoke
|poke|p1|Samurott-Hisui, F|
|poke|p1|Iron Treads|
|poke|p1|Iron Valiant|
|poke|p1|Zapdos|
|poke|p1|Iron Moth|
|poke|p1|Skeledirge, M|
|poke|p2|Excadrill, M|
|poke|p2|Tyranitar, F|
|poke|p2|Hatterene, F|
|poke|p2|Landorus-Therian, M|
|poke|p2|Ursaluna, F|
|poke|p2|Amoonguss, F|
|teampreview
|inactive|Battle timer is ON: inactive players will automatically lose when time's up. (requested by labeys)
|inactive|potayo has 120 seconds left.
|inactive|potayo has 90 seconds left.
|
|t:|1769386953
|teamsize|p1|6
|teamsize|p2|6
|start
|switch|p1a: Iron Moth|Iron Moth|100/100
|switch|p2a: Tyranitar|Tyranitar, F|100/100
|-weather|Sandstorm|[from] ability: Sand Stream|[of] p2a: Tyranitar
|turn|1
|
|t:|1769386973
|-end|p1a: Iron Moth|Quark Drive|[silent]
|switch|p1a: Iron Valiant|Iron Valiant|100/100
|move|p2a: Tyranitar|Stealth Rock|p1a: Iron Valiant
|-sidestart|p1: labeys|move: Stealth Rock
|
|-weather|Sandstorm|[upkeep]
|-damage|p1a: Iron Valiant|94/100|[from] Sandstorm
|upkeep
|turn|2
|
|t:|1769386985
|switch|p2a: Amoonguss|Amoonguss, F|100/100
|move|p1a: Iron Valiant|Moonblast|p2a: Amoonguss
|-resisted|p2a: Amoonguss
|-damage|p2a: Amoonguss|79/100
|-unboost|p2a: Amoonguss|spa|1
|-damage|p1a: Iron Valiant|85/100|[from] item: Life Orb
|
|-weather|Sandstorm|[upkeep]
|-damage|p1a: Iron Valiant|78/100|[from] Sandstorm
|-damage|p2a: Amoonguss|72/100|[from] Sandstorm
|upkeep
|turn|3
|inactive|potayo has 120 seconds left.
|
|t:|1769387019
|move|p1a: Iron Valiant|Destiny Bond|p1a: Iron Valiant
|-singlemove|p1a: Iron Valiant|Destiny Bond
|move|p2a: Amoonguss|Stun Spore|p1a: Iron Valiant|[miss]
|-miss|p2a: Amoonguss|p1a: Iron Valiant
|
|-weather|Sandstorm|[upkeep]
|-damage|p1a: Iron Valiant|72/100|[from] Sandstorm
|-damage|p2a: Amoonguss|66/100|[from] Sandstorm
|upkeep
|turn|4
|inactive|potayo has 120 seconds left.
|
|t:|1769387029
|-end|p1a: Iron Valiant|Quark Drive|[silent]
|switch|p1a: Zapdos|Zapdos|100/100
|-damage|p1a: Zapdos|75/100|[from] Stealth Rock
|move|p2a: Amoonguss|Stun Spore|p1a: Zapdos
|-immune|p1a: Zapdos
|
|-weather|Sandstorm|[upkeep]
|-damage|p1a: Zapdos|69/100|[from] Sandstorm
|-damage|p2a: Amoonguss|60/100|[from] Sandstorm
|upkeep
|turn|5
|inactive|potayo has 120 seconds left.
|
|t:|1769387038
|switch|p2a: Ursaluna|Ursaluna, F|100/100
|move|p1a: Zapdos|Volt Switch|p2a: Ursaluna
|-immune|p2a: Ursaluna
|
|-weather|Sandstorm|[upkeep]
|-damage|p1a: Zapdos|63/100|[from] Sandstorm
|upkeep
|turn|6
|
|t:|1769387049
|move|p1a: Zapdos|Volt Switch|p2a: Ursaluna
|-immune|p2a: Ursaluna
|move|p2a: Ursaluna|Double-Edge|p1a: Zapdos
|-damage|p1a: Zapdos|0 fnt
|-status|p2a: Ursaluna|par|[from] ability: Static|[of] p1a: Zapdos
|faint|p1a: Zapdos
|-damage|p2a: Ursaluna|83/100 par|[from] Recoil
|
|-weather|Sandstorm|[upkeep]
|upkeep
|inactive|labeys has 120 seconds left.
|
|t:|1769387071
|switch|p1a: Samurott|Samurott-Hisui, F|100/100
|-damage|p1a: Samurott|88/100|[from] Stealth Rock
|turn|7
|
|t:|1769387087
|move|p1a: Samurott|Ceaseless Edge|p2a: Ursaluna
|-damage|p2a: Ursaluna|40/100 par
|-sidestart|p2: potayo|Spikes
|move|p2a: Ursaluna|Double-Edge|p1a: Samurott
|-damage|p1a: Samurott|0 fnt
|faint|p1a: Samurott
|-damage|p2a: Ursaluna|20/100 par|[from] Recoil
|
|-weather|Sandstorm|[upkeep]
|upkeep
|inactive|labeys has 120 seconds left.
|
|t:|1769387111
|switch|p1a: Iron Valiant|Iron Valiant|72/100
|-damage|p1a: Iron Valiant|66/100|[from] Stealth Rock
|turn|8
|inactive|labeys has 120 seconds left.
|inactive|potayo has 120 seconds left.
|
|t:|1769387133
|move|p1a: Iron Valiant|Knock Off|p2a: Ursaluna
|-damage|p2a: Ursaluna|0 fnt
|-enditem|p2a: Ursaluna|Choice Band|[from] move: Knock Off|[of] p1a: Iron Valiant
|faint|p2a: Ursaluna
|-damage|p1a: Iron Valiant|56/100|[from] item: Life Orb
|
|-weather|none
|upkeep
|inactive|potayo has 120 seconds left.
|
|t:|1769387145
|switch|p2a: Amoonguss|Amoonguss, F|93/100
|-damage|p2a: Amoonguss|81/100|[from] Spikes
|turn|9
|inactive|potayo has 120 seconds left.
|
|t:|1769387161
|-end|p1a: Iron Valiant|Quark Drive|[silent]
|switch|p1a: Iron Treads|Iron Treads|100/100
|move|p2a: Amoonguss|Stun Spore|p1a: Iron Treads|[miss]
|-miss|p2a: Amoonguss|p1a: Iron Treads
|
|upkeep
|turn|10
|c|☆labeys|my bad
|
|t:|1769387169
|move|p1a: Iron Treads|Stealth Rock|p2a: Amoonguss
|-sidestart|p2: potayo|move: Stealth Rock
|move|p2a: Amoonguss|Stomping Tantrum|p1a: Iron Treads
|-supereffective|p1a: Iron Treads
|-crit|p1a: Iron Treads
|-damage|p1a: Iron Treads|35/100
|
|upkeep
|turn|11
|c|☆potayo|nbd
|inactive|potayo has 120 seconds left.
|
|t:|1769387183
|move|p1a: Iron Treads|Rapid Spin|p2a: Amoonguss
|-damage|p2a: Amoonguss|72/100
|-boost|p1a: Iron Treads|spe|1
|-damage|p1a: Iron Treads|18/100|[from] item: Rocky Helmet|[of] p2a: Amoonguss
|-sideend|p1: labeys|Stealth Rock|[from] move: Rapid Spin|[of] p1a: Iron Treads
|move|p2a: Amoonguss|Stun Spore|p1a: Iron Treads|[miss]
|-miss|p2a: Amoonguss|p1a: Iron Treads
|
|upkeep
|turn|12
|
|t:|1769387193
|move|p1a: Iron Treads|Knock Off|p2a: Amoonguss
|-damage|p2a: Amoonguss|54/100
|-damage|p1a: Iron Treads|2/100|[from] item: Rocky Helmet|[of] p2a: Amoonguss
|-enditem|p2a: Amoonguss|Rocky Helmet|[from] move: Knock Off|[of] p1a: Iron Treads
|move|p2a: Amoonguss|Stomping Tantrum|p1a: Iron Treads
|-supereffective|p1a: Iron Treads
|-damage|p1a: Iron Treads|0 fnt
|faint|p1a: Iron Treads
|-end|p1a: Iron Treads|Quark Drive|[silent]
|
|upkeep
|
|t:|1769387199
|switch|p1a: Iron Moth|Iron Moth|100/100
|turn|13
|
|t:|1769387211
|-end|p1a: Iron Moth|Quark Drive|[silent]
|switch|p1a: Iron Valiant|Iron Valiant|56/100
|switch|p2a: Tyranitar|Tyranitar, F|100/100
|-damage|p2a: Tyranitar|88/100|[from] Spikes
|-damage|p2a: Tyranitar|76/100|[from] Stealth Rock
|-weather|Sandstorm|[from] ability: Sand Stream|[of] p2a: Tyranitar
|
|-weather|Sandstorm|[upkeep]
|-damage|p1a: Iron Valiant|50/100|[from] Sandstorm
|upkeep
|turn|14
|
|t:|1769387230
|switch|p2a: Hatterene|Hatterene, F|100/100
|-damage|p2a: Hatterene|88/100|[from] Spikes
|-damage|p2a: Hatterene|76/100|[from] Stealth Rock
|move|p1a: Iron Valiant|Close Combat|p2a: Hatterene
|-resisted|p2a: Hatterene
|-damage|p2a: Hatterene|59/100
|-unboost|p1a: Iron Valiant|def|1
|-unboost|p1a: Iron Valiant|spd|1
|-damage|p1a: Iron Valiant|40/100|[from] item: Life Orb
|
|-weather|Sandstorm|[upkeep]
|-damage|p1a: Iron Valiant|34/100|[from] Sandstorm
|-damage|p2a: Hatterene|53/100|[from] Sandstorm
|-heal|p2a: Hatterene|59/100|[from] item: Leftovers
|upkeep
|turn|15
|
|t:|1769387243
|-end|p1a: Iron Valiant|Quark Drive|[silent]
|switch|p1a: Iron Moth|Iron Moth|100/100
|move|p2a: Hatterene|Gravity|p2a: Hatterene
|-fieldstart|move: Gravity
|
|-weather|Sandstorm|[upkeep]
|-damage|p1a: Iron Moth|94/100|[from] Sandstorm
|-damage|p2a: Hatterene|53/100|[from] Sandstorm
|-heal|p2a: Hatterene|59/100|[from] item: Leftovers
|upkeep
|turn|16
|
|t:|1769387257
|move|p1a: Iron Moth|Dazzling Gleam|p2a: Hatterene
|-damage|p2a: Hatterene|16/100
|move|p2a: Hatterene|Healing Wish|p2a: Hatterene
|faint|p2a: Hatterene
|
|-weather|Sandstorm|[upkeep]
|-damage|p1a: Iron Moth|88/100|[from] Sandstorm
|upkeep
|
|t:|1769387259
|switch|p2a: Excadrill|Excadrill, M|100/100
|-damage|p2a: Excadrill|88/100|[from] Spikes
|-damage|p2a: Excadrill|85/100|[from] Stealth Rock
|turn|17
|
|t:|1769387267
|-terastallize|p2a: Excadrill|Ground
|move|p2a: Excadrill|Earthquake|p1a: Iron Moth
|-supereffective|p1a: Iron Moth
|-damage|p1a: Iron Moth|0 fnt
|faint|p1a: Iron Moth
|-end|p1a: Iron Moth|Quark Drive|[silent]
|
|-weather|Sandstorm|[upkeep]
|upkeep
|
|t:|1769387280
|switch|p1a: Skeledirge|Skeledirge, M|100/100
|turn|18
|
|t:|1769387283
|-terastallize|p1a: Skeledirge|Water
|move|p2a: Excadrill|Earthquake|p1a: Skeledirge
|-crit|p1a: Skeledirge
|-damage|p1a: Skeledirge|0 fnt
|faint|p1a: Skeledirge
|
|-weather|Sandstorm|[upkeep]
|upkeep
|c|☆labeys|gg
|
|t:|1769387290
|switch|p1a: Iron Valiant|Iron Valiant|34/100
|turn|19
|c|☆potayo|gg
|
|t:|1769387293
|move|p2a: Excadrill|Earthquake|p1a: Iron Valiant
|-damage|p1a: Iron Valiant|0 fnt
|faint|p1a: Iron Valiant
|-end|p1a: Iron Valiant|Quark Drive|[silent]
|
|win|potayo
|raw|labeys's rating: 1685 &rarr; <strong>1660</strong><br />(-25 for losing)
|raw|potayo's rating: 1592 &rarr; <strong>1617</strong><br />(+25 for winning)
|l|☆potayo
|player|p2|
