|j|☆EmiTheQTBat
|j|☆ikun ngm
|t:|1769405169
|gametype|singles
|player|p1|EmiTheQTBat|rosa|1268
|player|p2|ikun ngm|swimmer-gen4|1289
|gen|9
|tier|[Gen 9] OU
|rated|
|rule|HP Percentage Mod: HP is shown in percentages
|rule|Endless Battle Clause: Forcing endless battles is banned
|rule|Species Clause: Limit one of each Pokémon
|rule|OHKO Clause: OHKO moves are banned
|rule|Evasion Items Clause: Evasion items are banned
|rule|Evasion Moves Clause: Evasion moves are banned
|rule|Evasion Abilities Clause: Evasion abilities are banned
|rule|Sleep Moves Clause: Sleep-inducing moves are banned
|clearpoke
|poke|p1|Deoxys-Defense|
|poke|p1|Slowking-Galar, F|
|poke|p1|Hatterene, F|
|poke|p1|Corviknight, M|
|poke|p1|Hoopa-Unbound|
|poke|p1|Ursaluna, M|
|poke|p2|Brambleghast, F|
|poke|p2|Whimsicott, M|
|poke|p2|Alomomola, F|
|poke|p2|Kleavor, F|
|poke|p2|Dragonite, M|
|poke|p2|Kyurem|
|teampreview
|inactive|Battle timer is ON: inactive players will automatically lose when time's up. (requested by EmiTheQTBat)
|
|t:|1769405196
|teamsize|p1|6
|teamsize|p2|6
|start
|switch|p1a: Deoxys|Deoxys-Defense|100/100
|switch|p2a: Kleavor|Kleavor, F|100/100
|-ability|p1a: Deoxys|Pressure
|turn|1
|
|t:|1769405212
|switch|p1a: Corviknight|Corviknight, M|100/100
|move|p2a: Kleavor|Stone Axe|p1a: Corviknight
|-damage|p1a: Corviknight|67/100
|-damage|p2a: Kleavor|84/100|[from] item: Rocky Helmet|[of] p1a: Corviknight
|-sidestart|p1: EmiTheQTBat|move: Stealth Rock
|
|upkeep
|turn|2
|inactive|EmiTheQTBat has 120 seconds left.
|inactive|EmiTheQTBat has 90 seconds left.
|
|t:|1769405272
|move|p2a: Kleavor|Stone Axe|p1a: Corviknight
|-damage|p1a: Corviknight|37/100
|-damage|p2a: Kleavor|68/100|[from] item: Rocky Helmet|[of] p1a: Corviknight
|move|p1a: Corviknight|Roost|p1a: Corviknight
|-heal|p1a: Corviknight|87/100
|-singleturn|p1a: Corviknight|move: Roost
|
|upkeep
|turn|3
|
|t:|1769405278
|move|p2a: Kleavor|Tailwind|p2a: Kleavor
|-sidestart|p2: ikun ngm|move: Tailwind
|move|p1a: Corviknight|U-turn|p2a: Kleavor
|-damage|p2a: Kleavor|50/100
|inactive|EmiTheQTBat has 90 seconds left.
|
|t:|1769405296
|switch|p1a: Deoxys|Deoxys-Defense|100/100|[from] U-turn
|-damage|p1a: Deoxys|88/100|[from] Stealth Rock
|-ability|p1a: Deoxys|Pressure
|
|-heal|p1a: Deoxys|94/100|[from] item: Leftovers
|upkeep
|turn|4
|inactive|EmiTheQTBat has 90 seconds left.
|
|t:|1769405308
|move|p2a: Kleavor|Stone Axe|p1a: Deoxys
|-damage|p1a: Deoxys|63/100
|move|p1a: Deoxys|Trick Room|p1a: Deoxys
|-fieldstart|move: Trick Room|[of] p1a: Deoxys
|
|-heal|p1a: Deoxys|70/100|[from] item: Leftovers
|upkeep
|turn|5
|inactive|EmiTheQTBat has 90 seconds left.
|
|t:|1769405321
|switch|p1a: Corviknight|Corviknight, M|87/100
|-damage|p1a: Corviknight|75/100|[from] Stealth Rock
|move|p2a: Kleavor|Stone Axe|p1a: Corviknight
|-damage|p1a: Corviknight|46/100
|-damage|p2a: Kleavor|33/100|[from] item: Rocky Helmet|[of] p1a: Corviknight
|
|upkeep
|turn|6
|inactive|EmiTheQTBat has 90 seconds left.
|
|t:|1769405328
|switch|p2a: Alomomola|Alomomola, F|100/100
|move|p1a: Corviknight|Roost|p1a: Corviknight
|-heal|p1a: Corviknight|96/100
|-singleturn|p1a: Corviknight|move: Roost
|
|-sideend|p2: ikun ngm|move: Tailwind
|upkeep
|turn|7
|
|t:|1769405335
|move|p1a: Corviknight|U-turn|p2a: Alomomola
|-damage|p2a: Alomomola|92/100
|-damage|p1a: Corviknight|79/100|[from] item: Rocky Helmet|[of] p2a: Alomomola
|inactive|EmiTheQTBat has 90 seconds left.
|
|t:|1769405369
|switch|p1a: Hatterene|Hatterene, F|100/100|[from] U-turn
|-damage|p1a: Hatterene|88/100|[from] Stealth Rock
|move|p2a: Alomomola|Wish|p2a: Alomomola
|
|-heal|p1a: Hatterene|94/100|[from] item: Leftovers
|upkeep
|turn|8
|
|t:|1769405377
|move|p1a: Hatterene|Calm Mind|p1a: Hatterene
|-boost|p1a: Hatterene|spa|1
|-boost|p1a: Hatterene|spd|1
|move|p2a: Alomomola|Flip Turn|p1a: Hatterene
|-damage|p1a: Hatterene|79/100
|
|t:|1769405380
|switch|p2a: Kleavor|Kleavor, F|33/100|[from] Flip Turn
|
|-heal|p2a: Kleavor|100/100|[from] move: Wish|[wisher] Alomomola
|-heal|p1a: Hatterene|85/100|[from] item: Leftovers
|-fieldend|move: Trick Room
|upkeep
|turn|9
|inactive|EmiTheQTBat has 90 seconds left.
|
|t:|1769405389
|move|p2a: Kleavor|Stone Axe|p1a: Hatterene
|-crit|p1a: Hatterene
|-damage|p1a: Hatterene|13/100
|move|p1a: Hatterene|Trick Room|p1a: Hatterene
|-fieldstart|move: Trick Room|[of] p1a: Hatterene
|
|-heal|p1a: Hatterene|19/100|[from] item: Leftovers
|upkeep
|turn|10
|
|t:|1769405394
|-terastallize|p1a: Hatterene|Fairy
|move|p1a: Hatterene|Draining Kiss|p2a: Kleavor
|-enditem|p2a: Kleavor|Focus Sash
|-damage|p2a: Kleavor|1/100
|-heal|p1a: Hatterene|85/100|[from] drain|[of] p2a: Kleavor
|move|p2a: Kleavor|Stone Axe|p1a: Hatterene|[miss]
|-miss|p2a: Kleavor|p1a: Hatterene
|
|-heal|p1a: Hatterene|91/100|[from] item: Leftovers
|upkeep
|turn|11
|
|t:|1769405409
|switch|p2a: Alomomola|Alomomola, F|100/100
|move|p1a: Hatterene|Draining Kiss|p2a: Alomomola
|-damage|p2a: Alomomola|44/100
|-heal|p1a: Hatterene|100/100|[from] drain|[of] p2a: Alomomola
|-damage|p1a: Hatterene|84/100|[from] item: Rocky Helmet|[of] p2a: Alomomola
|
|-heal|p1a: Hatterene|90/100|[from] item: Leftovers
|upkeep
|turn|12
|
|t:|1769405414
|move|p2a: Alomomola|Protect|p2a: Alomomola
|-singleturn|p2a: Alomomola|Protect
|move|p1a: Hatterene|Psychic Noise|p2a: Alomomola
|-activate|p2a: Alomomola|move: Protect
|
|-heal|p1a: Hatterene|96/100|[from] item: Leftovers
|upkeep
|turn|13
|
|t:|1769405418
|switch|p2a: Kleavor|Kleavor, F|1/100
|move|p1a: Hatterene|Psychic Noise|p2a: Kleavor
|-damage|p2a: Kleavor|0 fnt
|faint|p2a: Kleavor
|
|-heal|p1a: Hatterene|100/100|[from] item: Leftovers
|-fieldend|move: Trick Room
|upkeep
|
|t:|1769405424
|switch|p2a: Kyurem|Kyurem|100/100
|-ability|p2a: Kyurem|Pressure
|turn|14
|
|t:|1769405426
|move|p2a: Kyurem|Substitute|p2a: Kyurem
|-start|p2a: Kyurem|Substitute
|-damage|p2a: Kyurem|76/100
|move|p1a: Hatterene|Trick Room|p1a: Hatterene
|-fieldstart|move: Trick Room|[of] p1a: Hatterene
|
|-heal|p2a: Kyurem|82/100|[from] item: Leftovers
|upkeep
|turn|15
|
|t:|1769405440
|move|p2a: Kyurem|Protect|p2a: Kyurem
|-singleturn|p2a: Kyurem|Protect
|move|p1a: Hatterene|Calm Mind|p1a: Hatterene
|-boost|p1a: Hatterene|spa|1
|-boost|p1a: Hatterene|spd|1
|
|-heal|p2a: Kyurem|88/100|[from] item: Leftovers
|upkeep
|turn|16
|
|t:|1769405452
|-terastallize|p2a: Kyurem|Steel
|move|p1a: Hatterene|Draining Kiss|p2a: Kyurem
|-resisted|p2a: Kyurem
|-end|p2a: Kyurem|Substitute
|move|p2a: Kyurem|Freeze-Dry|p1a: Hatterene
|-damage|p1a: Hatterene|83/100
|-status|p1a: Hatterene|frz
|
|-heal|p1a: Hatterene|89/100 frz|[from] item: Leftovers
|-heal|p2a: Kyurem|94/100|[from] item: Leftovers
|upkeep
|turn|17
|
|t:|1769405461
|cant|p1a: Hatterene|frz
|move|p2a: Kyurem|Substitute|p2a: Kyurem
|-start|p2a: Kyurem|Substitute
|-damage|p2a: Kyurem|69/100
|
|-heal|p1a: Hatterene|95/100 frz|[from] item: Leftovers
|-heal|p2a: Kyurem|75/100|[from] item: Leftovers
|upkeep
|turn|18
|
|t:|1769405466
|cant|p1a: Hatterene|frz
|move|p2a: Kyurem|Freeze-Dry|p1a: Hatterene
|-damage|p1a: Hatterene|75/100 frz
|
|-heal|p1a: Hatterene|81/100 frz|[from] item: Leftovers
|-heal|p2a: Kyurem|81/100|[from] item: Leftovers
|-fieldend|move: Trick Room
|upkeep
|turn|19
|
|t:|1769405473
|move|p2a: Kyurem|Earth Power|p1a: Hatterene
|-damage|p1a: Hatterene|66/100 frz
|cant|p1a: Hatterene|frz
|
|-heal|p2a: Kyurem|88/100|[from] item: Leftovers
|-heal|p1a: Hatterene|72/100 frz|[from] item: Leftovers
|upkeep
|turn|20
|
|t:|1769405478
|move|p2a: Kyurem|Freeze-Dry|p1a: Hatterene
|-damage|p1a: Hatterene|55/100 frz
|cant|p1a: Hatterene|frz
|
|-heal|p2a: Kyurem|94/100|[from] item: Leftovers
|-heal|p1a: Hatterene|61/100 frz|[from] item: Leftovers
|upkeep
|turn|21
|
|t:|1769405482
|move|p2a: Kyurem|Freeze-Dry|p1a: Hatterene
|-damage|p1a: Hatterene|40/100 frz
|cant|p1a: Hatterene|frz
|
|-heal|p2a: Kyurem|99/100|[from] item: Leftovers
|-heal|p1a: Hatterene|46/100 frz|[from] item: Leftovers
|upkeep
|turn|22
|
|t:|1769405488
|move|p2a: Kyurem|Freeze-Dry|p1a: Hatterene
|-damage|p1a: Hatterene|27/100 frz
|cant|p1a: Hatterene|frz
|
|-heal|p2a: Kyurem|100/100|[from] item: Leftovers
|-heal|p1a: Hatterene|33/100 frz|[from] item: Leftovers
|upkeep
|turn|23
|
|t:|1769405501
|move|p2a: Kyurem|Freeze-Dry|p1a: Hatterene
|-damage|p1a: Hatterene|14/100 frz
|-curestatus|p1a: Hatterene|frz|[msg]
|move|p1a: Hatterene|Trick Room|p1a: Hatterene
|-fieldstart|move: Trick Room|[of] p1a: Hatterene
|
|-heal|p1a: Hatterene|20/100|[from] item: Leftovers
|upkeep
|turn|24
|
|t:|1769405508
|move|p2a: Kyurem|Protect|p2a: Kyurem
|-singleturn|p2a: Kyurem|Protect
|move|p1a: Hatterene|Draining Kiss|p2a: Kyurem
|-activate|p2a: Kyurem|move: Protect
|
|-heal|p1a: Hatterene|26/100|[from] item: Leftovers
|upkeep
|turn|25
|
|t:|1769405514
|move|p1a: Hatterene|Draining Kiss|p2a: Kyurem
|-resisted|p2a: Kyurem
|-end|p2a: Kyurem|Substitute
|-heal|p1a: Hatterene|50/100|[from] drain|[of] p2a: Kyurem
|move|p2a: Kyurem|Substitute|p2a: Kyurem
|-start|p2a: Kyurem|Substitute
|-damage|p2a: Kyurem|76/100
|
|-heal|p1a: Hatterene|56/100|[from] item: Leftovers
|-heal|p2a: Kyurem|82/100|[from] item: Leftovers
|upkeep
|turn|26
|
|t:|1769405521
|move|p2a: Kyurem|Protect|p2a: Kyurem
|-singleturn|p2a: Kyurem|Protect
|move|p1a: Hatterene|Draining Kiss|p2a: Kyurem
|-activate|p2a: Kyurem|move: Protect
|
|-heal|p1a: Hatterene|62/100|[from] item: Leftovers
|-heal|p2a: Kyurem|88/100|[from] item: Leftovers
|upkeep
|turn|27
|
|t:|1769405524
|move|p1a: Hatterene|Draining Kiss|p2a: Kyurem
|-resisted|p2a: Kyurem
|-end|p2a: Kyurem|Substitute
|-heal|p1a: Hatterene|85/100|[from] drain|[of] p2a: Kyurem
|move|p2a: Kyurem|Freeze-Dry|p1a: Hatterene
|-damage|p1a: Hatterene|66/100
|
|-heal|p1a: Hatterene|72/100|[from] item: Leftovers
|-heal|p2a: Kyurem|94/100|[from] item: Leftovers
|-fieldend|move: Trick Room
|upkeep
|turn|28
|
|t:|1769405531
|switch|p2a: Alomomola|Alomomola, F|77/100
|move|p1a: Hatterene|Trick Room|p1a: Hatterene
|-fieldstart|move: Trick Room|[of] p1a: Hatterene
|
|-heal|p1a: Hatterene|78/100|[from] item: Leftovers
|upkeep
|turn|29
|
|t:|1769405536
|move|p2a: Alomomola|Protect|p2a: Alomomola
|-singleturn|p2a: Alomomola|Protect
|move|p1a: Hatterene|Psychic Noise|p2a: Alomomola
|-activate|p2a: Alomomola|move: Protect
|
|-heal|p1a: Hatterene|84/100|[from] item: Leftovers
|upkeep
|turn|30
|
|t:|1769405542
|move|p1a: Hatterene|Psychic Noise|p2a: Alomomola
|-damage|p2a: Alomomola|12/100
|-start|p2a: Alomomola|move: Heal Block
|cant|p2a: Alomomola|move: Heal Block|Wish
|
|-heal|p1a: Hatterene|90/100|[from] item: Leftovers
|upkeep
|turn|31
|
|t:|1769405554
|move|p2a: Alomomola|Protect|p2a: Alomomola
|-singleturn|p2a: Alomomola|Protect
|move|p1a: Hatterene|Calm Mind|p1a: Hatterene
|-boost|p1a: Hatterene|spa|1
|-boost|p1a: Hatterene|spd|1
|
|-heal|p1a: Hatterene|96/100|[from] item: Leftovers
|-end|p2a: Alomomola|move: Heal Block
|upkeep
|turn|32
|
|t:|1769405561
|move|p1a: Hatterene|Psychic Noise|p2a: Alomomola
|-damage|p2a: Alomomola|0 fnt
|faint|p2a: Alomomola
|
|-heal|p1a: Hatterene|100/100|[from] item: Leftovers
|-fieldend|move: Trick Room
|upkeep
|
|t:|1769405575
|switch|p2a: Brambleghast|Brambleghast, F|100/100
|turn|33
|
|t:|1769405582
|move|p2a: Brambleghast|Poltergeist|p1a: Hatterene
|-activate|p1a: Hatterene|move: Poltergeist|Leftovers
|-damage|p1a: Hatterene|44/100
|-damage|p2a: Brambleghast|91/100|[from] item: Life Orb
|move|p1a: Hatterene|Trick Room|p1a: Hatterene
|-fieldstart|move: Trick Room|[of] p1a: Hatterene
|
|-heal|p1a: Hatterene|50/100|[from] item: Leftovers
|upkeep
|turn|34
|
|t:|1769405599
|switch|p2a: Kyurem|Kyurem, tera:Steel|94/100
|-ability|p2a: Kyurem|Pressure
|move|p1a: Hatterene|Draining Kiss|p2a: Kyurem
|-resisted|p2a: Kyurem
|-damage|p2a: Kyurem|46/100
|-heal|p1a: Hatterene|95/100|[from] drain|[of] p2a: Kyurem
|
|-heal|p1a: Hatterene|100/100|[from] item: Leftovers
|-heal|p2a: Kyurem|53/100|[from] item: Leftovers
|upkeep
|turn|35
|
|t:|1769405609
|move|p1a: Hatterene|Psychic Noise|p2a: Kyurem
|-resisted|p2a: Kyurem
|-damage|p2a: Kyurem|9/100
|-start|p2a: Kyurem|move: Heal Block
|move|p2a: Kyurem|Substitute|p2a: Kyurem
|-fail|p2a: Kyurem|move: Substitute|[weak]
|
|upkeep
|turn|36
|
|t:|1769405615
|move|p2a: Kyurem|Protect|p2a: Kyurem
|-singleturn|p2a: Kyurem|Protect
|move|p1a: Hatterene|Calm Mind|p1a: Hatterene
|-boost|p1a: Hatterene|spa|1
|-boost|p1a: Hatterene|spd|1
|
|-end|p2a: Kyurem|move: Heal Block
|upkeep
|turn|37
|
|t:|1769405625
|move|p1a: Hatterene|Psychic Noise|p2a: Kyurem
|-resisted|p2a: Kyurem
|-damage|p2a: Kyurem|0 fnt
|faint|p2a: Kyurem
|
|-fieldend|move: Trick Room
|upkeep
|
|t:|1769405627
|switch|p2a: Whimsicott|Whimsicott, M|100/100
|turn|38
|
|t:|1769405635
|move|p2a: Whimsicott|Tailwind|p2a: Whimsicott
|-sidestart|p2: ikun ngm|move: Tailwind
|move|p1a: Hatterene|Psychic Noise|p2a: Whimsicott
|-damage|p2a: Whimsicott|0 fnt
|faint|p2a: Whimsicott
|
|upkeep
|
|t:|1769405637
|switch|p2a: Brambleghast|Brambleghast, F|91/100
|-ability|p2a: Brambleghast|Wind Rider|boost
|-boost|p2a: Brambleghast|atk|1
|turn|39
|
|t:|1769405642
|move|p2a: Brambleghast|Poltergeist|p1a: Hatterene
|-activate|p1a: Hatterene|move: Poltergeist|Leftovers
|-damage|p1a: Hatterene|11/100
|-damage|p2a: Brambleghast|81/100|[from] item: Life Orb
|move|p1a: Hatterene|Draining Kiss|p2a: Brambleghast
|-damage|p2a: Brambleghast|0 fnt
|-heal|p1a: Hatterene|58/100|[from] drain|[of] p2a: Brambleghast
|faint|p2a: Brambleghast
|
|-heal|p1a: Hatterene|64/100|[from] item: Leftovers
|upkeep
|
|t:|1769405645
|switch|p2a: Dragonite|Dragonite, M|100/100
|turn|40
|-message|ikun ngm forfeited.
|
|win|EmiTheQTBat
|raw|EmiTheQTBat's rating: 1268 &rarr; <strong>1295</strong><br />(+27 for winning)
|raw|ikun ngm's rating: 1289 &rarr; <strong>1262</strong><br />(-27 for losing)
|l|☆ikun ngm
|player|p2|
|l|☆EmiTheQTBat
|player|p1|
