|j|☆mrbustzzsaw
|j|☆BOARRat
|t:|1769334494
|gametype|singles
|player|p1|mrbustzzsaw|2|1091
|player|p2|BOARRat|hiker-gen4|1113
|gen|9
|tier|[Gen 9] OU
|rated|
|rule|HP Percentage Mod: HP is shown in percentages
|rule|Endless Battle Clause: Forcing endless battles is banned
|rule|Species Clause: Limit one of each Pokémon
|rule|OHKO Clause: OHKO moves are banned
|rule|Evasion Items Clause: Evasion items are banned
|rule|Evasion Moves Clause: Evasion moves are banned
|rule|Evasion Abilities Clause: Evasion abilities are banned
|rule|Sleep Moves Clause: Sleep-inducing moves are banned
|clearpoke
|poke|p1|Pelipper, F|
|poke|p1|Iron Crown|
|poke|p1|Sinistcha|
|poke|p1|Barraskewda, M|
|poke|p1|Great Tusk|
|poke|p1|Incineroar, F|
|poke|p2|Alomomola, F|
|poke|p2|Duraludon, F|
|poke|p2|Thundurus-Therian, M|
|poke|p2|Dragapult, M|
|poke|p2|Torterra, M|
|poke|p2|Heatran, M|
|teampreview
|inactive|Battle timer is ON: inactive players will automatically lose when time's up. (requested by mrbustzzsaw)
|
|t:|1769334497
|teamsize|p1|6
|teamsize|p2|6
|start
|switch|p1a: Incineroar|Incineroar, F|100/100
|switch|p2a: Torterra|Torterra, M|100/100
|-ability|p1a: Incineroar|Intimidate|boost
|-unboost|p2a: Torterra|atk|1
|-enditem|p2a: Torterra|White Herb
|-clearnegativeboost|p2a: Torterra|[silent]
|turn|1
|
|t:|1769334513
|move|p2a: Torterra|Shell Smash|p2a: Torterra
|-unboost|p2a: Torterra|def|1
|-unboost|p2a: Torterra|spd|1
|-boost|p2a: Torterra|atk|2
|-boost|p2a: Torterra|spa|2
|-boost|p2a: Torterra|spe|2
|move|p1a: Incineroar|Knock Off|p2a: Torterra
|-damage|p2a: Torterra|61/100
|
|upkeep
|turn|2
|
|t:|1769334529
|-terastallize|p1a: Incineroar|Grass
|move|p2a: Torterra|Earthquake|p1a: Incineroar
|-resisted|p1a: Incineroar
|-damage|p1a: Incineroar|62/100
|move|p1a: Incineroar|Roar|p2a: Torterra
|drag|p2a: Alomomola|Alomomola, F|100/100
|
|upkeep
|turn|3
|
|t:|1769334540
|move|p2a: Alomomola|Ice Beam|p1a: Incineroar
|-supereffective|p1a: Incineroar
|-damage|p1a: Incineroar|46/100
|move|p1a: Incineroar|Will-O-Wisp|p2a: Alomomola
|-status|p2a: Alomomola|brn
|
|-damage|p2a: Alomomola|94/100 brn|[from] brn
|upkeep
|turn|4
|
|t:|1769334550
|move|p2a: Alomomola|Wish|p2a: Alomomola
|move|p1a: Incineroar|Knock Off|p2a: Alomomola
|-damage|p2a: Alomomola|75/100 brn
|-enditem|p2a: Alomomola|Leftovers|[from] move: Knock Off|[of] p1a: Incineroar
|
|-damage|p2a: Alomomola|68/100 brn|[from] brn
|upkeep
|turn|5
|
|t:|1769334559
|switch|p2a: Heatran|Heatran, M|100/100
|-item|p2a: Heatran|Air Balloon
|move|p1a: Incineroar|Parting Shot|p2a: Heatran
|-unboost|p2a: Heatran|atk|1
|-unboost|p2a: Heatran|spa|1
|
|t:|1769334566
|switch|p1a: Pelipper|Pelipper, F|100/100|[from] Parting Shot
|-weather|RainDance|[from] ability: Drizzle|[of] p1a: Pelipper
|
|-weather|RainDance|[upkeep]
|upkeep
|turn|6
|
|t:|1769334573
|switch|p2a: Thundurus|Thundurus-Therian, M|100/100
|move|p1a: Pelipper|Weather Ball|p2a: Thundurus
|-damage|p2a: Thundurus|33/100
|
|-weather|RainDance|[upkeep]
|upkeep
|turn|7
|
|t:|1769334585
|move|p2a: Thundurus|Volt Switch|p1a: Pelipper
|-supereffective|p1a: Pelipper
|-damage|p1a: Pelipper|0 fnt
|faint|p1a: Pelipper
|
|t:|1769334590
|switch|p2a: Alomomola|Alomomola, F|100/100 brn|[from] Volt Switch
|
|-weather|RainDance|[upkeep]
|-damage|p2a: Alomomola|94/100 brn|[from] brn
|upkeep
|
|t:|1769334594
|switch|p1a: Barraskewda|Barraskewda, M|100/100
|turn|8
|
|t:|1769334599
|move|p1a: Barraskewda|Close Combat|p2a: Alomomola
|-damage|p2a: Alomomola|63/100 brn
|-unboost|p1a: Barraskewda|def|1
|-unboost|p1a: Barraskewda|spd|1
|move|p2a: Alomomola|Wish|p2a: Alomomola
|
|-weather|RainDance|[upkeep]
|-damage|p2a: Alomomola|57/100 brn|[from] brn
|upkeep
|turn|9
|
|t:|1769334609
|switch|p1a: Great Tusk|Great Tusk|100/100
|switch|p2a: Duraludon|Duraludon, F|100/100
|
|-weather|RainDance|[upkeep]
|upkeep
|turn|10
|
|t:|1769334618
|move|p1a: Great Tusk|Stealth Rock|p2a: Duraludon
|-sidestart|p2: BOARRat|move: Stealth Rock
|move|p2a: Duraludon|Stealth Rock|p1a: Great Tusk
|-sidestart|p1: mrbustzzsaw|move: Stealth Rock
|
|-weather|RainDance|[upkeep]
|upkeep
|turn|11
|
|t:|1769334628
|switch|p2a: Heatran|Heatran, M|100/100
|-damage|p2a: Heatran|88/100|[from] Stealth Rock
|-item|p2a: Heatran|Air Balloon
|move|p1a: Great Tusk|Knock Off|p2a: Heatran
|-damage|p2a: Heatran|63/100
|-enditem|p2a: Heatran|Air Balloon
|
|-weather|RainDance|[upkeep]
|upkeep
|turn|12
|
|t:|1769334646
|-terastallize|p2a: Heatran|Flying
|move|p1a: Great Tusk|Headlong Rush|p2a: Heatran
|-immune|p2a: Heatran
|move|p2a: Heatran|Lava Plume|p1a: Great Tusk
|-damage|p1a: Great Tusk|77/100
|
|-weather|none
|-heal|p1a: Great Tusk|83/100|[from] item: Leftovers
|upkeep
|turn|13
|
|t:|1769334668
|-end|p1a: Great Tusk|Protosynthesis|[silent]
|switch|p1a: Sinistcha|Sinistcha|100/100
|move|p2a: Heatran|Will-O-Wisp|p1a: Sinistcha
|-status|p1a: Sinistcha|brn
|
|-damage|p1a: Sinistcha|98/100 brn|[from] brn
|upkeep
|turn|14
|
|t:|1769334685
|move|p2a: Heatran|Heat Wave|p1a: Sinistcha
|-supereffective|p1a: Sinistcha
|-damage|p1a: Sinistcha|36/100 brn
|move|p1a: Sinistcha|Calm Mind|p1a: Sinistcha
|-boost|p1a: Sinistcha|spa|1
|-boost|p1a: Sinistcha|spd|1
|
|-damage|p1a: Sinistcha|33/100 brn|[from] brn
|upkeep
|turn|15
|
|t:|1769334694
|move|p2a: Heatran|Heat Wave|p1a: Sinistcha
|-supereffective|p1a: Sinistcha
|-damage|p1a: Sinistcha|0 fnt
|faint|p1a: Sinistcha
|
|upkeep
|-message|mrbustzzsaw forfeited.
|
|win|BOARRat
|raw|mrbustzzsaw's rating: 1091 &rarr; <strong>1069</strong><br />(-22 for losing)
|raw|BOARRat's rating: 1113 &rarr; <strong>1136</strong><br />(+23 for winning)
|l|☆mrbustzzsaw
|player|p1|
|l|☆BOARRat
|player|p2|
