|j|☆JMagister
|j|☆NeoLiberalPradise
|t:|1769438756
|gametype|singles
|player|p1|JMagister|170|1215
|player|p2|NeoLiberalPradise|benga|1181
|gen|9
|tier|[Gen 9] OU
|rated|
|rule|HP Percentage Mod: HP is shown in percentages
|rule|Endless Battle Clause: Forcing endless battles is banned
|rule|Species Clause: Limit one of each Pokémon
|rule|OHKO Clause: OHKO moves are banned
|rule|Evasion Items Clause: Evasion items are banned
|rule|Evasion Moves Clause: Evasion moves are banned
|rule|Evasion Abilities Clause: Evasion abilities are banned
|rule|Sleep Moves Clause: Sleep-inducing moves are banned
|clearpoke
|poke|p1|Kingambit, F|
|poke|p1|Arcanine-Hisui, F|
|poke|p1|Garganacl, F|
|poke|p1|Enamorus, F|
|poke|p1|Ogerpon-Wellspring, F|
|poke|p1|Gholdengo|
|poke|p2|Hydrapple, M|
|poke|p2|Tyranitar, F|
|poke|p2|Moltres|
|poke|p2|Zamazenta-*|
|poke|p2|Slowking-Galar, M|
|poke|p2|Excadrill, F|
|teampreview
|c|☆JMagister|hf
|
|t:|1769438774
|teamsize|p1|6
|teamsize|p2|6
|start
|switch|p1a: Ogerpon|Ogerpon-Wellspring, F|100/100
|switch|p2a: Tyranitar|Tyranitar, F|100/100
|-weather|Sandstorm|[from] ability: Sand Stream|[of] p2a: Tyranitar
|turn|1
|c|☆NeoLiberalPradise|hf
|
|t:|1769438780
|move|p1a: Ogerpon|U-turn|p2a: Tyranitar
|-supereffective|p2a: Tyranitar
|-damage|p2a: Tyranitar|56/100
|inactive|Battle timer is ON: inactive players will automatically lose when time's up. (requested by NeoLiberalPradise)
|
|t:|1769438798
|switch|p1a: Arcanine|Arcanine-Hisui, F|100/100|[from] U-turn
|move|p2a: Tyranitar|Thunder Wave|p1a: Arcanine
|-status|p1a: Arcanine|par
|
|-weather|Sandstorm|[upkeep]
|upkeep
|turn|2
|
|t:|1769438810
|switch|p1a: Ogerpon|Ogerpon-Wellspring, F|100/100
|move|p2a: Tyranitar|Knock Off|p1a: Ogerpon
|-damage|p1a: Ogerpon|63/100
|
|-weather|Sandstorm|[upkeep]
|-damage|p1a: Ogerpon|57/100|[from] Sandstorm
|upkeep
|turn|3
|
|t:|1769438816
|switch|p2a: Hydrapple|Hydrapple, M|100/100
|move|p1a: Ogerpon|Ivy Cudgel|p2a: Hydrapple|[anim] Ivy Cudgel Water
|-resisted|p2a: Hydrapple
|-damage|p2a: Hydrapple|92/100
|
|-weather|Sandstorm|[upkeep]
|-damage|p1a: Ogerpon|51/100|[from] Sandstorm
|-damage|p2a: Hydrapple|86/100|[from] Sandstorm
|upkeep
|turn|4
|
|t:|1769438822
|move|p1a: Ogerpon|U-turn|p2a: Hydrapple
|-supereffective|p2a: Hydrapple
|-damage|p2a: Hydrapple|50/100
|
|t:|1769438827
|switch|p1a: Enamorus|Enamorus, F|100/100|[from] U-turn
|move|p2a: Hydrapple|Fickle Beam|p1a: Enamorus
|-immune|p1a: Enamorus
|
|-weather|Sandstorm|[upkeep]
|-damage|p1a: Enamorus|94/100|[from] Sandstorm
|-damage|p2a: Hydrapple|44/100|[from] Sandstorm
|upkeep
|turn|5
|
|t:|1769438855
|switch|p2a: Slowking|Slowking-Galar, M|100/100
|move|p1a: Enamorus|Moonblast|p2a: Slowking
|-resisted|p2a: Slowking
|-damage|p2a: Slowking|85/100
|-unboost|p2a: Slowking|spa|1
|
|-weather|Sandstorm|[upkeep]
|-damage|p1a: Enamorus|88/100|[from] Sandstorm
|-damage|p2a: Slowking|79/100|[from] Sandstorm
|upkeep
|turn|6
|
|t:|1769438865
|switch|p1a: Kingambit|Kingambit, F|100/100
|move|p2a: Slowking|Sludge Bomb|p1a: Kingambit
|-immune|p1a: Kingambit
|
|-weather|Sandstorm|[upkeep]
|-damage|p2a: Slowking|73/100|[from] Sandstorm
|upkeep
|turn|7
|
|t:|1769438872
|-end|p1a: Kingambit|fallenundefined|[silent]
|switch|p1a: Ogerpon|Ogerpon-Wellspring, F|51/100
|switch|p2a: Moltres|Moltres|100/100
|
|-weather|Sandstorm|[upkeep]
|-damage|p1a: Ogerpon|45/100|[from] Sandstorm
|-damage|p2a: Moltres|94/100|[from] Sandstorm
|upkeep
|turn|8
|
|t:|1769438879
|switch|p2a: Hydrapple|Hydrapple, M|77/100
|move|p1a: Ogerpon|Ivy Cudgel|p2a: Hydrapple|[anim] Ivy Cudgel Water
|-resisted|p2a: Hydrapple
|-damage|p2a: Hydrapple|68/100
|
|-weather|none
|upkeep
|turn|9
|
|t:|1769438886
|switch|p2a: Moltres|Moltres|94/100
|move|p1a: Ogerpon|U-turn|p2a: Moltres
|-resisted|p2a: Moltres
|-damage|p2a: Moltres|90/100
|-status|p1a: Ogerpon|brn|[from] ability: Flame Body|[of] p2a: Moltres
|
|t:|1769438891
|switch|p1a: Arcanine|Arcanine-Hisui, F|100/100 par|[from] U-turn
|
|upkeep
|turn|10
|
|t:|1769438905
|switch|p2a: Zamazenta|Zamazenta|100/100
|-ability|p2a: Zamazenta|Dauntless Shield|boost
|-boost|p2a: Zamazenta|def|1
|move|p1a: Arcanine|Flare Blitz|p2a: Zamazenta
|-damage|p2a: Zamazenta|58/100
|
|-heal|p2a: Zamazenta|64/100|[from] item: Leftovers
|upkeep
|turn|11
|
|t:|1769438915
|switch|p1a: Gholdengo|Gholdengo|100/100
|-item|p1a: Gholdengo|Air Balloon
|move|p2a: Zamazenta|Iron Defense|p2a: Zamazenta
|-boost|p2a: Zamazenta|def|2
|
|-heal|p2a: Zamazenta|70/100|[from] item: Leftovers
|upkeep
|turn|12
|
|t:|1769438925
|switch|p1a: Enamorus|Enamorus, F|88/100
|move|p2a: Zamazenta|Crunch|p1a: Enamorus
|-resisted|p1a: Enamorus
|-damage|p1a: Enamorus|70/100
|
|-heal|p2a: Zamazenta|76/100|[from] item: Leftovers
|upkeep
|turn|13
|
|t:|1769438932
|switch|p2a: Slowking|Slowking-Galar, M|100/100
|move|p1a: Enamorus|Healing Wish|p1a: Enamorus
|faint|p1a: Enamorus
|
|upkeep
|
|t:|1769438935
|switch|p1a: Arcanine|Arcanine-Hisui, F|100/100 par
|-heal|p1a: Arcanine|100/100|[from] move: Healing Wish
|turn|14
|
|t:|1769438947
|switch|p2a: Tyranitar|Tyranitar, F|56/100
|-weather|Sandstorm|[from] ability: Sand Stream|[of] p2a: Tyranitar
|move|p1a: Arcanine|Flare Blitz|p2a: Tyranitar
|-resisted|p2a: Tyranitar
|-damage|p2a: Tyranitar|22/100
|
|-weather|Sandstorm|[upkeep]
|upkeep
|turn|15
|
|t:|1769438950
|move|p1a: Arcanine|Flare Blitz|p2a: Tyranitar
|-resisted|p2a: Tyranitar
|-damage|p2a: Tyranitar|0 fnt
|faint|p2a: Tyranitar
|
|-weather|Sandstorm|[upkeep]
|upkeep
|
|t:|1769438952
|switch|p2a: Excadrill|Excadrill, F|100/100
|-item|p2a: Excadrill|Air Balloon
|turn|16
|
|t:|1769438963
|switch|p1a: Ogerpon|Ogerpon-Wellspring, F|45/100 brn
|move|p2a: Excadrill|Earthquake|p1a: Ogerpon
|-resisted|p1a: Ogerpon
|-damage|p1a: Ogerpon|9/100 brn
|
|-weather|Sandstorm|[upkeep]
|-damage|p1a: Ogerpon|3/100 brn|[from] Sandstorm
|-damage|p1a: Ogerpon|0 fnt|[from] brn
|faint|p1a: Ogerpon
|upkeep
|
|t:|1769438967
|switch|p1a: Gholdengo|Gholdengo|100/100
|-item|p1a: Gholdengo|Air Balloon
|turn|17
|
|t:|1769438970
|move|p2a: Excadrill|Iron Head|p1a: Gholdengo
|-resisted|p1a: Gholdengo
|-damage|p1a: Gholdengo|85/100
|-enditem|p1a: Gholdengo|Air Balloon
|move|p1a: Gholdengo|Shadow Ball|p2a: Excadrill
|-damage|p2a: Excadrill|50/100
|-enditem|p2a: Excadrill|Air Balloon
|
|-weather|Sandstorm|[upkeep]
|upkeep
|turn|18
|
|t:|1769438978
|move|p2a: Excadrill|Earthquake|p1a: Gholdengo
|-supereffective|p1a: Gholdengo
|-damage|p1a: Gholdengo|12/100
|move|p1a: Gholdengo|Shadow Ball|p2a: Excadrill
|-damage|p2a: Excadrill|4/100
|
|-weather|Sandstorm|[upkeep]
|upkeep
|turn|19
|
|t:|1769438983
|move|p2a: Excadrill|Earthquake|p1a: Gholdengo
|-supereffective|p1a: Gholdengo
|-damage|p1a: Gholdengo|0 fnt
|faint|p1a: Gholdengo
|
|-weather|Sandstorm|[upkeep]
|upkeep
|
|t:|1769438984
|switch|p1a: Arcanine|Arcanine-Hisui, F|100/100
|turn|20
|
|t:|1769438991
|move|p1a: Arcanine|Extreme Speed|p2a: Excadrill
|-resisted|p2a: Excadrill
|-damage|p2a: Excadrill|0 fnt
|faint|p2a: Excadrill
|
|-weather|Sandstorm|[upkeep]
|upkeep
|
|t:|1769438997
|switch|p2a: Zamazenta|Zamazenta|76/100
|turn|21
|
|t:|1769439001
|switch|p1a: Garganacl|Garganacl, F|100/100
|move|p2a: Zamazenta|Iron Defense|p2a: Zamazenta
|-boost|p2a: Zamazenta|def|2
|
|-weather|none
|-heal|p2a: Zamazenta|82/100|[from] item: Leftovers
|upkeep
|turn|22
|
|t:|1769439004
|move|p2a: Zamazenta|Body Press|p1a: Garganacl
|-supereffective|p1a: Garganacl
|-damage|p1a: Garganacl|0 fnt
|faint|p1a: Garganacl
|
|-heal|p2a: Zamazenta|88/100|[from] item: Leftovers
|upkeep
|
|t:|1769439010
|switch|p1a: Kingambit|Kingambit, F|100/100
|-activate|p1a: Kingambit|ability: Supreme Overlord
|-start|p1a: Kingambit|fallen4|[silent]
|turn|23
|
|t:|1769439012
|-terastallize|p1a: Kingambit|Ghost
|move|p2a: Zamazenta|Body Press|p1a: Kingambit
|-immune|p1a: Kingambit
|move|p1a: Kingambit|Swords Dance|p1a: Kingambit
|-boost|p1a: Kingambit|atk|2
|
|-heal|p2a: Zamazenta|95/100|[from] item: Leftovers
|upkeep
|turn|24
|
|t:|1769439016
|move|p1a: Kingambit|Iron Head|p2a: Zamazenta
|-damage|p2a: Zamazenta|44/100
|move|p2a: Zamazenta|Roar|p1a: Kingambit
|-end|p1a: Kingambit|fallen4|[silent]
|drag|p1a: Arcanine|Arcanine-Hisui, F|100/100
|
|-heal|p2a: Zamazenta|51/100|[from] item: Leftovers
|upkeep
|turn|25
|
|t:|1769439021
|switch|p1a: Kingambit|Kingambit, F, tera:Ghost|100/100
|-activate|p1a: Kingambit|ability: Supreme Overlord
|-start|p1a: Kingambit|fallen4|[silent]
|move|p2a: Zamazenta|Iron Defense|p2a: Zamazenta
|-boost|p2a: Zamazenta|def|2
|
|-heal|p2a: Zamazenta|57/100|[from] item: Leftovers
|upkeep
|turn|26
|
|t:|1769439024
|move|p2a: Zamazenta|Crunch|p1a: Kingambit
|-supereffective|p1a: Kingambit
|-damage|p1a: Kingambit|70/100
|-unboost|p1a: Kingambit|def|1
|move|p1a: Kingambit|Iron Head|p2a: Zamazenta
|-damage|p2a: Zamazenta|41/100
|
|-heal|p2a: Zamazenta|47/100|[from] item: Leftovers
|-heal|p1a: Kingambit|76/100|[from] item: Leftovers
|upkeep
|turn|27
|
|t:|1769439030
|move|p2a: Zamazenta|Crunch|p1a: Kingambit
|-supereffective|p1a: Kingambit
|-damage|p1a: Kingambit|28/100
|move|p1a: Kingambit|Swords Dance|p1a: Kingambit
|-boost|p1a: Kingambit|atk|2
|
|-heal|p2a: Zamazenta|53/100|[from] item: Leftovers
|-heal|p1a: Kingambit|34/100|[from] item: Leftovers
|upkeep
|turn|28
|
|t:|1769439035
|move|p1a: Kingambit|Iron Head|p2a: Zamazenta
|-damage|p2a: Zamazenta|20/100
|move|p2a: Zamazenta|Roar|p1a: Kingambit
|-end|p1a: Kingambit|fallen4|[silent]
|drag|p1a: Arcanine|Arcanine-Hisui, F|100/100
|
|-heal|p2a: Zamazenta|27/100|[from] item: Leftovers
|upkeep
|turn|29
|
|t:|1769439039
|move|p1a: Arcanine|Extreme Speed|p2a: Zamazenta
|-damage|p2a: Zamazenta|17/100
|move|p2a: Zamazenta|Body Press|p1a: Arcanine
|-supereffective|p1a: Arcanine
|-damage|p1a: Arcanine|0 fnt
|faint|p1a: Arcanine
|
|-heal|p2a: Zamazenta|24/100|[from] item: Leftovers
|upkeep
|-message|JMagister forfeited.
|
|win|NeoLiberalPradise
|raw|JMagister's rating: 1215 &rarr; <strong>1188</strong><br />(-27 for losing)
|raw|NeoLiberalPradise's rating: 1181 &rarr; <strong>1208</strong><br />(+27 for winning)
|l|☆JMagister
|player|p1|
