|j|☆ljdarkrai_meme
|j|☆elpets
|t:|1769429910
|gametype|singles
|player|p1|ljdarkrai_meme|firebreather|1625
|player|p2|elpets|infielder|1668
|gen|9
|tier|[Gen 9] OU
|rated|
|rule|HP Percentage Mod: HP is shown in percentages
|rule|Endless Battle Clause: Forcing endless battles is banned
|rule|Species Clause: Limit one of each Pokémon
|rule|OHKO Clause: OHKO moves are banned
|rule|Evasion Items Clause: Evasion items are banned
|rule|Evasion Moves Clause: Evasion moves are banned
|rule|Evasion Abilities Clause: Evasion abilities are banned
|rule|Sleep Moves Clause: Sleep-inducing moves are banned
|clearpoke
|poke|p1|Ursaluna, F|
|poke|p1|Hatterene, F|
|poke|p1|Cresselia, F|
|poke|p1|Kingambit, M|
|poke|p1|Deoxys-Defense|
|poke|p1|Raging Bolt|
|poke|p2|Hatterene, F|
|poke|p2|Dragonite, F|
|poke|p2|Breloom, F|
|poke|p2|Azumarill, F|
|poke|p2|Great Tusk|
|poke|p2|Skeledirge, M|
|teampreview
|inactive|Battle timer is ON: inactive players will automatically lose when time's up. (requested by elpets)
|c|☆ljdarkrai_meme|fire, water, grass
|inactive|ljdarkrai_meme has 120 seconds left.
|inactive|ljdarkrai_meme has 90 seconds left.
|inactive|ljdarkrai_meme has 60 seconds left.
|
|t:|1769430017
|teamsize|p1|6
|teamsize|p2|6
|start
|switch|p1a: Deoxys|Deoxys-Defense|100/100
|switch|p2a: Azumarill|Azumarill, F|100/100
|-ability|p1a: Deoxys|Pressure
|turn|1
|j| faronaan
|
|t:|1769430027
|move|p2a: Azumarill|Knock Off|p1a: Deoxys
|-supereffective|p1a: Deoxys
|-damage|p1a: Deoxys|35/100
|-enditem|p1a: Deoxys|Mental Herb|[from] move: Knock Off|[of] p2a: Azumarill
|move|p1a: Deoxys|Trick Room|p1a: Deoxys
|-fieldstart|move: Trick Room|[of] p1a: Deoxys
|
|upkeep
|turn|2
|
|t:|1769430030
|move|p2a: Azumarill|Liquidation|p1a: Deoxys
|-damage|p1a: Deoxys|0 fnt
|faint|p1a: Deoxys
|
|upkeep
|inactive|ljdarkrai_meme has 120 seconds left.
|
|t:|1769430041
|switch|p1a: Raging Bolt|Raging Bolt|100/100
|-enditem|p1a: Raging Bolt|Booster Energy
|-activate|p1a: Raging Bolt|ability: Protosynthesis|[fromitem]
|-start|p1a: Raging Bolt|protosynthesisspa
|turn|3
|
|t:|1769430046
|move|p2a: Azumarill|Play Rough|p1a: Raging Bolt
|-supereffective|p1a: Raging Bolt
|-damage|p1a: Raging Bolt|4/100
|move|p1a: Raging Bolt|Thunderbolt|p2a: Azumarill
|-supereffective|p2a: Azumarill
|-damage|p2a: Azumarill|5/100
|
|upkeep
|turn|4
|
|t:|1769430055
|-end|p1a: Raging Bolt|Protosynthesis|[silent]
|switch|p1a: Kingambit|Kingambit, M|100/100
|-activate|p1a: Kingambit|ability: Supreme Overlord
|-start|p1a: Kingambit|fallen1|[silent]
|move|p2a: Azumarill|Aqua Jet|p1a: Kingambit
|-damage|p1a: Kingambit|81/100
|
|upkeep
|turn|5
|
|t:|1769430062
|move|p1a: Kingambit|Kowtow Cleave|p2a: Azumarill
|-resisted|p2a: Azumarill
|-damage|p2a: Azumarill|0 fnt
|faint|p2a: Azumarill
|
|-fieldend|move: Trick Room
|upkeep
|
|t:|1769430067
|switch|p2a: Ippo|Breloom, F|100/100
|turn|6
|
|t:|1769430092
|-terastallize|p1a: Kingambit|Fairy
|move|p2a: Ippo|Swords Dance|p2a: Ippo
|-boost|p2a: Ippo|atk|2
|move|p1a: Kingambit|Tera Blast|p2a: Ippo|[anim] Tera Blast Fairy
|-supereffective|p2a: Ippo
|-enditem|p2a: Ippo|Focus Sash
|-damage|p2a: Ippo|1/100
|
|upkeep
|turn|7
|
|t:|1769430101
|move|p2a: Ippo|Mach Punch|p1a: Kingambit
|-resisted|p1a: Kingambit
|-damage|p1a: Kingambit|58/100
|move|p1a: Kingambit|Sucker Punch||[still]
|-fail|p1a: Kingambit
|
|upkeep
|turn|8
|
|t:|1769430107
|move|p2a: Ippo|Mach Punch|p1a: Kingambit
|-resisted|p1a: Kingambit
|-damage|p1a: Kingambit|35/100
|move|p1a: Kingambit|Sucker Punch||[still]
|-fail|p1a: Kingambit
|
|upkeep
|turn|9
|
|t:|1769430110
|move|p2a: Ippo|Mach Punch|p1a: Kingambit
|-resisted|p1a: Kingambit
|-damage|p1a: Kingambit|10/100
|move|p1a: Kingambit|Sucker Punch||[still]
|-fail|p1a: Kingambit
|
|upkeep
|turn|10
|
|t:|1769430114
|-end|p1a: Kingambit|fallen1|[silent]
|switch|p1a: Raging Bolt|Raging Bolt|4/100
|move|p2a: Ippo|Mach Punch|p1a: Raging Bolt
|-damage|p1a: Raging Bolt|0 fnt
|faint|p1a: Raging Bolt
|-end|p1a: Raging Bolt|Protosynthesis|[silent]
|
|upkeep
|
|t:|1769430123
|switch|p1a: Cresselia|Cresselia, F|100/100
|turn|11
|
|t:|1769430135
|-terastallize|p2a: Ippo|Grass
|move|p2a: Ippo|Bullet Seed|p1a: Cresselia
|-damage|p1a: Cresselia|73/100
|-damage|p1a: Cresselia|45/100
|-damage|p1a: Cresselia|15/100
|-hitcount|p1a: Cresselia|3
|move|p1a: Cresselia|Trick Room|p1a: Cresselia
|-fieldstart|move: Trick Room|[of] p1a: Cresselia
|
|upkeep
|turn|12
|
|t:|1769430142
|move|p2a: Ippo|Mach Punch|p1a: Cresselia
|-resisted|p1a: Cresselia
|-damage|p1a: Cresselia|0 fnt
|faint|p1a: Cresselia
|
|upkeep
|
|t:|1769430145
|switch|p1a: Kingambit|Kingambit, M, tera:Fairy|10/100
|-activate|p1a: Kingambit|ability: Supreme Overlord
|-start|p1a: Kingambit|fallen3|[silent]
|turn|13
|
|t:|1769430152
|switch|p2a: Hatterene|Hatterene, F|100/100
|move|p1a: Kingambit|Tera Blast|p2a: Hatterene|[anim] Tera Blast Fairy
|-damage|p2a: Hatterene|28/100
|
|-heal|p2a: Hatterene|34/100|[from] item: Leftovers
|upkeep
|turn|14
|
|t:|1769430159
|move|p2a: Hatterene|Psyshock|p1a: Kingambit
|-damage|p1a: Kingambit|0 fnt
|faint|p1a: Kingambit
|-end|p1a: Kingambit|fallen3|[silent]
|
|-heal|p2a: Hatterene|40/100|[from] item: Leftovers
|upkeep
|-message|ljdarkrai_meme forfeited.
|
|win|elpets
|raw|ljdarkrai_meme's rating: 1625 &rarr; <strong>1607</strong><br />(-18 for losing)
|raw|elpets's rating: 1668 &rarr; <strong>1686</strong><br />(+18 for winning)
|l|☆ljdarkrai_meme
|player|p1|
|l|☆elpets
|player|p2|
|l| faronaan
