|j|☆2004 Lexus GX470
|j|☆Napple09
|t:|1769325509
|gametype|singles
|player|p1|2004 Lexus GX470|rocketgruntf|1580
|player|p2|Napple09|pokemonbreeder-gen6|1633
|gen|9
|tier|[Gen 9] OU
|rated|
|rule|HP Percentage Mod: HP is shown in percentages
|rule|Endless Battle Clause: Forcing endless battles is banned
|rule|Species Clause: Limit one of each Pokémon
|rule|OHKO Clause: OHKO moves are banned
|rule|Evasion Items Clause: Evasion items are banned
|rule|Evasion Moves Clause: Evasion moves are banned
|rule|Evasion Abilities Clause: Evasion abilities are banned
|rule|Sleep Moves Clause: Sleep-inducing moves are banned
|clearpoke
|poke|p1|Rabsca, M|
|poke|p1|Kingambit, M|
|poke|p1|Iron Valiant|
|poke|p1|Great Tusk|
|poke|p1|Hatterene, F|
|poke|p1|Dragonite, F|
|poke|p2|Great Tusk|
|poke|p2|Hydrapple, M|
|poke|p2|Lokix, F|
|poke|p2|Cinderace, F|
|poke|p2|Alomomola, M|
|poke|p2|Slowking-Galar, M|
|teampreview
|
|t:|1769325520
|teamsize|p1|6
|teamsize|p2|6
|start
|switch|p1a: Statutory|Great Tusk|100/100
|switch|p2a: 【 Eepy 】|Slowking-Galar, M|100/100
|turn|1
|
|t:|1769325523
|move|p1a: Statutory|Stealth Rock|p2a: 【 Eepy 】
|-sidestart|p2: Napple09|move: Stealth Rock
|move|p2a: 【 Eepy 】|Trick|p1a: Statutory
|-activate|p2a: 【 Eepy 】|move: Trick|[of] p1a: Statutory
|-item|p1a: Statutory|Black Sludge|[from] move: Trick
|-item|p2a: 【 Eepy 】|Heavy-Duty Boots|[from] move: Trick
|
|-damage|p1a: Statutory|88/100|[from] item: Black Sludge
|upkeep
|turn|2
|
|t:|1769325545
|switch|p2a: 【 Momo 】|Alomomola, M|100/100
|-damage|p2a: 【 Momo 】|88/100|[from] Stealth Rock
|move|p1a: Statutory|Headlong Rush|p2a: 【 Momo 】
|-damage|p2a: 【 Momo 】|56/100
|-unboost|p1a: Statutory|def|1
|-unboost|p1a: Statutory|spd|1
|
|-damage|p1a: Statutory|76/100|[from] item: Black Sludge
|upkeep
|turn|3
|
|t:|1769325555
|-end|p1a: Statutory|Protosynthesis|[silent]
|switch|p1a: Wiggie Smalls|Kingambit, M|100/100
|move|p2a: 【 Momo 】|Flip Turn|p1a: Wiggie Smalls
|-damage|p1a: Wiggie Smalls|88/100
|
|t:|1769325561
|switch|p2a: 【 Cindy 】|Cinderace, F|100/100|[from] Flip Turn
|
|upkeep
|turn|4
|
|t:|1769325566
|-end|p1a: Wiggie Smalls|fallenundefined|[silent]
|switch|p1a: Bounce On It|Hatterene, F|100/100
|move|p2a: 【 Cindy 】|Will-O-Wisp|p1a: Bounce On It
|move|p1a: Bounce On It|Will-O-Wisp|p2a: 【 Cindy 】|[from] ability: Magic Bounce|[miss]
|-miss|p1a: Bounce On It|p2a: 【 Cindy 】
|
|upkeep
|turn|5
|
|t:|1769325571
|move|p2a: 【 Cindy 】|U-turn|p1a: Bounce On It
|-damage|p1a: Bounce On It|79/100
|
|t:|1769325575
|switch|p2a: 【 Eepy 】|Slowking-Galar, M|100/100|[from] U-turn
|move|p1a: Bounce On It|Nuzzle|p2a: 【 Eepy 】
|-damage|p2a: 【 Eepy 】|97/100
|-status|p2a: 【 Eepy 】|par
|
|upkeep
|turn|6
|
|t:|1769325591
|move|p1a: Bounce On It|Future Sight|p2a: 【 Eepy 】
|-start|p1a: Bounce On It|move: Future Sight
|-prepare|p2a: 【 Eepy 】|Chilly Reception|[premajor]
|move|p2a: 【 Eepy 】|Chilly Reception|p2a: 【 Eepy 】
|-weather|Snowscape
|
|t:|1769325598
|switch|p2a: 【 Luffy 】|Lokix, F|100/100|[from] Chilly Reception
|-damage|p2a: 【 Luffy 】|76/100|[from] Stealth Rock
|
|-weather|Snowscape|[upkeep]
|upkeep
|turn|7
|
|t:|1769325615
|move|p2a: 【 Luffy 】|Knock Off|p1a: Bounce On It
|-damage|p1a: Bounce On It|0 fnt
|-enditem|p1a: Bounce On It|Assault Vest|[from] move: Knock Off|[of] p2a: 【 Luffy 】
|faint|p1a: Bounce On It
|
|-weather|Snowscape|[upkeep]
|upkeep
|
|t:|1769325622
|switch|p1a: Statutory|Great Tusk|76/100
|turn|8
|
|t:|1769325630
|switch|p2a: 【 Momo 】|Alomomola, M|90/100
|-damage|p2a: 【 Momo 】|77/100|[from] Stealth Rock
|move|p1a: Statutory|Headlong Rush|p2a: 【 Momo 】
|-damage|p2a: 【 Momo 】|40/100
|-unboost|p1a: Statutory|def|1
|-unboost|p1a: Statutory|spd|1
|
|-weather|Snowscape|[upkeep]
|-end|p2a: 【 Momo 】|move: Future Sight
|-damage|p2a: 【 Momo 】|3/100
|-damage|p1a: Statutory|63/100|[from] item: Black Sludge
|upkeep
|turn|9
|
|t:|1769325641
|switch|p2a: 【 Tusky 】|Great Tusk|100/100
|-damage|p2a: 【 Tusky 】|97/100|[from] Stealth Rock
|move|p1a: Statutory|Ice Spinner|p2a: 【 Tusky 】
|-supereffective|p2a: 【 Tusky 】
|-damage|p2a: 【 Tusky 】|68/100
|-damage|p1a: Statutory|47/100|[from] item: Rocky Helmet|[of] p2a: 【 Tusky 】
|
|-weather|Snowscape|[upkeep]
|-damage|p1a: Statutory|34/100|[from] item: Black Sludge
|upkeep
|turn|10
|
|t:|1769325661
|-end|p1a: Statutory|Protosynthesis|[silent]
|switch|p1a: better for her|Rabsca, M|100/100
|move|p2a: 【 Tusky 】|Rapid Spin|p1a: better for her
|-damage|p1a: better for her|85/100
|-boost|p2a: 【 Tusky 】|spe|1
|-sideend|p2: Napple09|Stealth Rock|[from] move: Rapid Spin|[of] p2a: 【 Tusky 】
|
|-weather|none
|upkeep
|turn|11
|
|t:|1769325684
|-end|p2a: 【 Tusky 】|Protosynthesis|[silent]
|switch|p2a: 【 Momo 】|Alomomola, M|36/100
|move|p1a: better for her|Earth Power|p2a: 【 Momo 】
|-damage|p2a: 【 Momo 】|17/100
|
|upkeep
|turn|12
|
|t:|1769325694
|switch|p2a: 【 Eepy 】|Slowking-Galar, M|100/100 par
|move|p1a: better for her|Psychic Noise|p2a: 【 Eepy 】
|-damage|p2a: 【 Eepy 】|69/100 par
|-start|p2a: 【 Eepy 】|move: Heal Block
|
|upkeep
|turn|13
|
|t:|1769325707
|move|p1a: better for her|Earth Power|p2a: 【 Eepy 】
|-supereffective|p2a: 【 Eepy 】
|-damage|p2a: 【 Eepy 】|19/100 par
|-prepare|p2a: 【 Eepy 】|Chilly Reception|[premajor]
|move|p2a: 【 Eepy 】|Chilly Reception|p2a: 【 Eepy 】
|-weather|Snowscape
|
|t:|1769325710
|switch|p2a: 【 Luffy 】|Lokix, F|76/100|[from] Chilly Reception
|
|-weather|Snowscape|[upkeep]
|upkeep
|turn|14
|
|t:|1769325720
|move|p2a: 【 Luffy 】|Knock Off|p1a: better for her
|-supereffective|p1a: better for her
|-damage|p1a: better for her|0 fnt
|-enditem|p1a: better for her|Weakness Policy|[from] move: Knock Off|[of] p2a: 【 Luffy 】
|faint|p1a: better for her
|
|-weather|Snowscape|[upkeep]
|upkeep
|
|t:|1769325737
|switch|p1a: Statutory|Great Tusk|34/100
|turn|15
|
|t:|1769325746
|move|p1a: Statutory|Stealth Rock|p2a: 【 Luffy 】
|-sidestart|p2: Napple09|move: Stealth Rock
|move|p2a: 【 Luffy 】|Knock Off|p1a: Statutory
|-resisted|p1a: Statutory
|-damage|p1a: Statutory|0 fnt
|-enditem|p1a: Statutory|Black Sludge|[from] move: Knock Off|[of] p2a: 【 Luffy 】
|faint|p1a: Statutory
|-end|p1a: Statutory|Protosynthesis|[silent]
|
|-weather|Snowscape|[upkeep]
|upkeep
|
|t:|1769325757
|switch|p1a: Mandatory|Iron Valiant|100/100
|-enditem|p1a: Mandatory|Booster Energy
|-activate|p1a: Mandatory|ability: Quark Drive|[fromitem]
|-start|p1a: Mandatory|quarkdrivespe
|turn|16
|
|t:|1769325772
|switch|p2a: 【 Eepy 】|Slowking-Galar, M|52/100 par
|move|p1a: Mandatory|Knock Off|p2a: 【 Eepy 】
|-supereffective|p2a: 【 Eepy 】
|-damage|p2a: 【 Eepy 】|6/100 par
|-enditem|p2a: 【 Eepy 】|Heavy-Duty Boots|[from] move: Knock Off|[of] p1a: Mandatory
|
|-weather|Snowscape|[upkeep]
|upkeep
|turn|17
|
|t:|1769325783
|move|p1a: Mandatory|Thunderbolt|p2a: 【 Eepy 】
|-damage|p2a: 【 Eepy 】|0 fnt
|faint|p2a: 【 Eepy 】
|
|-weather|none
|upkeep
|
|t:|1769325791
|switch|p2a: 【 Syrup 】|Hydrapple, M, shiny|100/100
|-damage|p2a: 【 Syrup 】|88/100|[from] Stealth Rock
|turn|18
|
|t:|1769325816
|move|p1a: Mandatory|Moonblast|p2a: 【 Syrup 】
|-supereffective|p2a: 【 Syrup 】
|-damage|p2a: 【 Syrup 】|0 fnt
|faint|p2a: 【 Syrup 】
|
|upkeep
|
|t:|1769325821
|switch|p2a: 【 Momo 】|Alomomola, M|51/100
|-damage|p2a: 【 Momo 】|38/100|[from] Stealth Rock
|turn|19
|
|t:|1769325831
|move|p1a: Mandatory|Thunderbolt|p2a: 【 Momo 】
|-supereffective|p2a: 【 Momo 】
|-damage|p2a: 【 Momo 】|6/100
|move|p2a: 【 Momo 】|Play Rough|p1a: Mandatory
|-supereffective|p1a: Mandatory
|-damage|p1a: Mandatory|60/100
|
|upkeep
|turn|20
|
|t:|1769325837
|move|p1a: Mandatory|Thunderbolt|p2a: 【 Momo 】
|-supereffective|p2a: 【 Momo 】
|-damage|p2a: 【 Momo 】|0 fnt
|faint|p2a: 【 Momo 】
|
|upkeep
|
|t:|1769325840
|switch|p2a: 【 Luffy 】|Lokix, F|76/100
|-damage|p2a: 【 Luffy 】|51/100|[from] Stealth Rock
|turn|21
|
|t:|1769325862
|-terastallize|p2a: 【 Luffy 】|Bug
|move|p2a: 【 Luffy 】|First Impression|p1a: Mandatory
|-resisted|p1a: Mandatory
|-damage|p1a: Mandatory|8/100
|move|p1a: Mandatory|Thunderbolt|p2a: 【 Luffy 】
|-damage|p2a: 【 Luffy 】|0 fnt
|faint|p2a: 【 Luffy 】
|
|upkeep
|-message|Napple09 forfeited.
|
|win|2004 Lexus GX470
|raw|2004 Lexus GX470's rating: 1580 &rarr; <strong>1603</strong><br />(+23 for winning)
|raw|Napple09's rating: 1633 &rarr; <strong>1610</strong><br />(-23 for losing)
|l|☆Napple09
|player|p2|
