|j|☆blckd out
|j|☆Yaoshi
|t:|1769358185
|gametype|singles
|player|p1|blckd out|lucas-gen4pt|1690
|player|p2|Yaoshi|silver-masters|1777
|gen|9
|tier|[Gen 9] OU
|rated|
|rule|HP Percentage Mod: HP is shown in percentages
|rule|Endless Battle Clause: Forcing endless battles is banned
|rule|Species Clause: Limit one of each Pokémon
|rule|OHKO Clause: OHKO moves are banned
|rule|Evasion Items Clause: Evasion items are banned
|rule|Evasion Moves Clause: Evasion moves are banned
|rule|Evasion Abilities Clause: Evasion abilities are banned
|rule|Sleep Moves Clause: Sleep-inducing moves are banned
|clearpoke
|poke|p1|Gholdengo|
|poke|p1|Raging Bolt|
|poke|p1|Ceruledge, F|
|poke|p1|Ribombee, M|
|poke|p1|Ogerpon-Wellspring, F|
|poke|p1|Great Tusk|
|poke|p2|Cinderace, M|
|poke|p2|Darkrai|
|poke|p2|Dragonite, M|
|poke|p2|Snorlax, M|
|poke|p2|Primarina, M|
|poke|p2|Skarmory, M|
|teampreview
|inactive|Battle timer is ON: inactive players will automatically lose when time's up. (requested by Yaoshi)
|
|t:|1769358195
|teamsize|p1|6
|teamsize|p2|6
|start
|switch|p1a: Ribombee|Ribombee, M|100/100
|switch|p2a: Homerun|Snorlax, M, shiny|100/100
|turn|1
|inactive|blckd out has 120 seconds left.
|inactive|blckd out has 90 seconds left.
|
|t:|1769358280
|move|p1a: Ribombee|Sticky Web|p2a: Homerun
|-sidestart|p2: Yaoshi|move: Sticky Web
|move|p2a: Homerun|Iron Head|p1a: Ribombee
|-supereffective|p1a: Ribombee
|-damage|p1a: Ribombee|15/100
|
|upkeep
|turn|2
|
|t:|1769358284
|move|p1a: Ribombee|Stun Spore|p2a: Homerun
|-status|p2a: Homerun|par
|cant|p2a: Homerun|par
|
|upkeep
|turn|3
|
|t:|1769358289
|switch|p1a: Ceruledge|Ceruledge, F|100/100
|cant|p2a: Homerun|par
|
|upkeep
|turn|4
|
|t:|1769358294
|switch|p2a: One Hit Wonder|Cinderace, M|100/100
|move|p1a: Ceruledge|Swords Dance|p1a: Ceruledge
|-boost|p1a: Ceruledge|atk|2
|
|upkeep
|turn|5
|
|t:|1769358297
|move|p2a: One Hit Wonder|Sucker Punch|p1a: Ceruledge
|-start|p2a: One Hit Wonder|typechange|Dark|[from] ability: Libero
|-supereffective|p1a: Ceruledge
|-enditem|p1a: Ceruledge|Focus Sash
|-damage|p1a: Ceruledge|1/100
|-ability|p1a: Ceruledge|Weak Armor|boost
|-unboost|p1a: Ceruledge|def|1
|-boost|p1a: Ceruledge|spe|2
|move|p1a: Ceruledge|Bitter Blade|p2a: One Hit Wonder
|-damage|p2a: One Hit Wonder|0 fnt
|-heal|p1a: Ceruledge|54/100|[from] drain|[of] p2a: One Hit Wonder
|faint|p2a: One Hit Wonder
|
|upkeep
|
|t:|1769358305
|switch|p2a: Babe Ruth|Darkrai, shiny|100/100
|-activate|p2a: Babe Ruth|move: Sticky Web
|-unboost|p2a: Babe Ruth|spe|1
|turn|6
|
|t:|1769358314
|switch|p2a: Ayami Sato|Primarina, M, shiny|100/100
|-activate|p2a: Ayami Sato|move: Sticky Web
|-unboost|p2a: Ayami Sato|spe|1
|move|p1a: Ceruledge|Bitter Blade|p2a: Ayami Sato
|-resisted|p2a: Ayami Sato
|-damage|p2a: Ayami Sato|62/100
|-heal|p1a: Ceruledge|79/100|[from] drain|[of] p2a: Ayami Sato
|
|-heal|p2a: Ayami Sato|68/100|[from] item: Leftovers
|upkeep
|turn|7
|
|t:|1769358317
|move|p1a: Ceruledge|Poltergeist|p2a: Ayami Sato
|-activate|p2a: Ayami Sato|move: Poltergeist|Leftovers
|-damage|p2a: Ayami Sato|0 fnt
|faint|p2a: Ayami Sato
|
|upkeep
|
|t:|1769358320
|switch|p2a: Oz Smith|Skarmory, M, shiny|100/100
|turn|8
|
|t:|1769358322
|move|p1a: Ceruledge|Bitter Blade|p2a: Oz Smith
|-supereffective|p2a: Oz Smith
|-ability|p2a: Oz Smith|Sturdy
|-damage|p2a: Oz Smith|1/100
|-heal|p1a: Ceruledge|100/100|[from] drain|[of] p2a: Oz Smith
|-damage|p1a: Ceruledge|84/100|[from] item: Rocky Helmet|[of] p2a: Oz Smith
|move|p2a: Oz Smith|Whirlwind|p1a: Ceruledge
|drag|p1a: Ribombee|Ribombee, M|15/100
|
|upkeep
|turn|9
|
|t:|1769358326
|move|p1a: Ribombee|Moonblast|p2a: Oz Smith
|-resisted|p2a: Oz Smith
|-damage|p2a: Oz Smith|0 fnt
|faint|p2a: Oz Smith
|
|upkeep
|
|t:|1769358329
|switch|p2a: Ohtani|Dragonite, M|100/100
|turn|10
|
|t:|1769358332
|move|p2a: Ohtani|Extreme Speed|p1a: Ribombee
|-damage|p1a: Ribombee|0 fnt
|faint|p1a: Ribombee
|
|upkeep
|
|t:|1769358335
|switch|p1a: Gholdengo|Gholdengo|100/100
|-item|p1a: Gholdengo|Air Balloon
|turn|11
|
|t:|1769358337
|switch|p2a: Babe Ruth|Darkrai, shiny|100/100
|-activate|p2a: Babe Ruth|move: Sticky Web
|-unboost|p2a: Babe Ruth|spe|1
|move|p1a: Gholdengo|Nasty Plot|p1a: Gholdengo
|-boost|p1a: Gholdengo|spa|2
|
|upkeep
|turn|12
|
|t:|1769358340
|move|p1a: Gholdengo|Dazzling Gleam|p2a: Babe Ruth
|-supereffective|p2a: Babe Ruth
|-damage|p2a: Babe Ruth|0 fnt
|faint|p2a: Babe Ruth
|
|upkeep
|
|t:|1769358345
|switch|p2a: Homerun|Snorlax, M, shiny|100/100 par
|-activate|p2a: Homerun|move: Sticky Web
|-unboost|p2a: Homerun|spe|1
|turn|13
|
|t:|1769358347
|move|p1a: Gholdengo|Nasty Plot|p1a: Gholdengo
|-boost|p1a: Gholdengo|spa|2
|move|p2a: Homerun|Iron Head|p1a: Gholdengo
|-resisted|p1a: Gholdengo
|-damage|p1a: Gholdengo|89/100
|-enditem|p1a: Gholdengo|Air Balloon
|
|upkeep
|turn|14
|
|t:|1769358353
|move|p1a: Gholdengo|Nasty Plot|p1a: Gholdengo
|-boost|p1a: Gholdengo|spa|2
|cant|p2a: Homerun|par
|
|upkeep
|turn|15
|
|t:|1769358357
|move|p1a: Gholdengo|Dazzling Gleam|p2a: Homerun
|-damage|p2a: Homerun|47/100 par
|-enditem|p2a: Homerun|Figy Berry|[eat]
|-heal|p2a: Homerun|80/100 par|[from] item: Figy Berry
|move|p2a: Homerun|Earthquake|p1a: Gholdengo
|-supereffective|p1a: Gholdengo
|-damage|p1a: Gholdengo|30/100
|
|upkeep
|turn|16
|
|t:|1769358367
|move|p1a: Gholdengo|Psyshock|p2a: Homerun
|-damage|p2a: Homerun|0 fnt
|faint|p2a: Homerun
|
|upkeep
|
|t:|1769358370
|switch|p2a: Ohtani|Dragonite, M|100/100
|turn|17
|j|+cz
|
|t:|1769358377
|-terastallize|p2a: Ohtani|Normal
|move|p1a: Gholdengo|Dazzling Gleam|p2a: Ohtani
|-damage|p2a: Ohtani|47/100
|move|p2a: Ohtani|Ice Spinner|p1a: Gholdengo
|-resisted|p1a: Gholdengo
|-damage|p1a: Gholdengo|5/100
|
|upkeep
|turn|18
|
|t:|1769358387
|move|p1a: Gholdengo|Dazzling Gleam|p2a: Ohtani
|-damage|p2a: Ohtani|0 fnt
|faint|p2a: Ohtani
|
|win|blckd out
|raw|blckd out's rating: 1711 &rarr; <strong>1735</strong><br />(+24 for winning)
|raw|Yaoshi's rating: 1777 &rarr; <strong>1753</strong><br />(-24 for losing)
|l|☆blckd out
|player|p1|
|l|+cz
|l|☆Yaoshi
|player|p2|
|j|☆blckd out
|player|p1|blckd out|lucas-gen4pt|
|l|☆blckd out
|player|p1|
