|j|☆garytcrobat
|j|☆mo007001
|t:|1769324550
|gametype|singles
|player|p1|garytcrobat|102|1195
|player|p2|mo007001|burglar|1258
|gen|9
|tier|[Gen 9] OU
|rated|
|rule|HP Percentage Mod: HP is shown in percentages
|rule|Endless Battle Clause: Forcing endless battles is banned
|rule|Species Clause: Limit one of each Pokémon
|rule|OHKO Clause: OHKO moves are banned
|rule|Evasion Items Clause: Evasion items are banned
|rule|Evasion Moves Clause: Evasion moves are banned
|rule|Evasion Abilities Clause: Evasion abilities are banned
|rule|Sleep Moves Clause: Sleep-inducing moves are banned
|clearpoke
|poke|p1|Pelipper, F|
|poke|p1|Hatterene, F|
|poke|p1|Iron Treads|
|poke|p1|Toxicroak, F|
|poke|p1|Barraskewda, F|
|poke|p1|Zapdos|
|poke|p2|Pelipper, M|
|poke|p2|Azumarill, M|
|poke|p2|Floatzel, F|
|poke|p2|Kingdra, M|
|poke|p2|Scizor, F|
|poke|p2|Kingambit, M|
|teampreview
|
|t:|1769324565
|teamsize|p1|6
|teamsize|p2|6
|start
|switch|p1a: Zapdos|Zapdos|100/100
|switch|p2a: 鸥达拉|Pelipper, M|100/100
|-weather|RainDance|[from] ability: Drizzle|[of] p2a: 鸥达拉
|turn|1
|
|t:|1769324577
|switch|p2a: 勘九螂|Scizor, F|100/100
|move|p1a: Zapdos|Thunder|p2a: 勘九螂
|-damage|p2a: 勘九螂|8/100
|
|-weather|RainDance|[upkeep]
|-heal|p2a: 勘九螂|14/100|[from] item: Leftovers
|upkeep
|turn|2
|
|t:|1769324586
|move|p1a: Zapdos|Thunder|p2a: 勘九螂
|-damage|p2a: 勘九螂|0 fnt
|faint|p2a: 勘九螂
|
|-weather|RainDance|[upkeep]
|upkeep
|
|t:|1769324592
|switch|p2a: 日向宁刺|Kingdra, M|100/100
|turn|3
|
|t:|1769324594
|move|p2a: 日向宁刺|Surf|p1a: Zapdos
|-damage|p1a: Zapdos|12/100
|-damage|p2a: 日向宁刺|91/100|[from] item: Life Orb
|move|p1a: Zapdos|Thunder|p2a: 日向宁刺
|-damage|p2a: 日向宁刺|0 fnt
|faint|p2a: 日向宁刺
|
|-weather|RainDance|[upkeep]
|upkeep
|
|t:|1769324609
|switch|p2a: 宇智波鼬|Floatzel, F|100/100
|turn|4
|
|t:|1769324615
|switch|p1a: Toxicroak|Toxicroak, F|100/100
|move|p2a: 宇智波鼬|Flip Turn|p1a: Toxicroak
|-immune|p1a: Toxicroak|[from] ability: Dry Skin
|
|-weather|RainDance|[upkeep]
|upkeep
|turn|5
|
|t:|1769324620
|switch|p2a: 桃地再不斩|Kingambit, M|100/100
|-activate|p2a: 桃地再不斩|ability: Supreme Overlord
|-start|p2a: 桃地再不斩|fallen2|[silent]
|move|p1a: Toxicroak|Toxic|p2a: 桃地再不斩
|-immune|p2a: 桃地再不斩
|
|-weather|RainDance|[upkeep]
|upkeep
|turn|6
|
|t:|1769324624
|-terastallize|p2a: 桃地再不斩|Flying
|move|p1a: Toxicroak|Encore||[still]
|-fail|p1a: Toxicroak
|move|p2a: 桃地再不斩|Swords Dance|p2a: 桃地再不斩
|-boost|p2a: 桃地再不斩|atk|2
|
|-weather|RainDance|[upkeep]
|upkeep
|turn|7
|
|t:|1769324629
|move|p1a: Toxicroak|Encore|p2a: 桃地再不斩
|-start|p2a: 桃地再不斩|Encore
|move|p2a: 桃地再不斩|Swords Dance|p2a: 桃地再不斩
|-boost|p2a: 桃地再不斩|atk|2
|
|-weather|RainDance|[upkeep]
|upkeep
|turn|8
|
|t:|1769324647
|-end|p2a: 桃地再不斩|fallen2|[silent]
|switch|p2a: 鸥达拉|Pelipper, M|100/100
|move|p1a: Toxicroak|Drain Punch|p2a: 鸥达拉
|-resisted|p2a: 鸥达拉
|-damage|p2a: 鸥达拉|87/100
|
|-weather|none
|upkeep
|turn|9
|
|t:|1769324650
|switch|p2a: 桃地再不斩|Kingambit, M, tera:Flying|100/100
|-activate|p2a: 桃地再不斩|ability: Supreme Overlord
|-start|p2a: 桃地再不斩|fallen2|[silent]
|move|p1a: Toxicroak|Toxic|p2a: 桃地再不斩
|-status|p2a: 桃地再不斩|tox
|
|-damage|p2a: 桃地再不斩|94/100 tox|[from] psn
|upkeep
|turn|10
|
|t:|1769324658
|move|p1a: Toxicroak|Knock Off|p2a: 桃地再不斩
|-damage|p2a: 桃地再不斩|73/100 tox
|-enditem|p2a: 桃地再不斩|Muscle Band|[from] move: Knock Off|[of] p1a: Toxicroak
|move|p2a: 桃地再不斩|Iron Head|p1a: Toxicroak
|-damage|p1a: Toxicroak|52/100
|-damage|p2a: 桃地再不斩|57/100 tox|[from] item: Rocky Helmet|[of] p1a: Toxicroak
|
|-damage|p2a: 桃地再不斩|44/100 tox|[from] psn
|upkeep
|turn|11
|
|t:|1769324666
|move|p2a: 桃地再不斩|Sucker Punch|p1a: Toxicroak
|-resisted|p1a: Toxicroak
|-damage|p1a: Toxicroak|31/100
|-damage|p2a: 桃地再不斩|28/100 tox|[from] item: Rocky Helmet|[of] p1a: Toxicroak
|move|p1a: Toxicroak|Drain Punch|p2a: 桃地再不斩
|-resisted|p2a: 桃地再不斩
|-damage|p2a: 桃地再不斩|17/100 tox
|-heal|p1a: Toxicroak|36/100|[from] drain|[of] p2a: 桃地再不斩
|
|-damage|p2a: 桃地再不斩|0 fnt|[from] psn
|faint|p2a: 桃地再不斩
|-end|p2a: 桃地再不斩|fallen2|[silent]
|upkeep
|
|t:|1769324669
|switch|p2a: 鸥达拉|Pelipper, M|87/100
|-weather|RainDance|[from] ability: Drizzle|[of] p2a: 鸥达拉
|turn|12
|
|t:|1769324676
|move|p1a: Toxicroak|Drain Punch|p2a: 鸥达拉
|-resisted|p2a: 鸥达拉
|-damage|p2a: 鸥达拉|72/100
|-heal|p1a: Toxicroak|42/100|[from] drain|[of] p2a: 鸥达拉
|move|p2a: 鸥达拉|U-turn|p1a: Toxicroak
|-resisted|p1a: Toxicroak
|-damage|p1a: Toxicroak|40/100
|-damage|p2a: 鸥达拉|55/100|[from] item: Rocky Helmet|[of] p1a: Toxicroak
|
|t:|1769324681
|switch|p2a: 阿斯玛|Azumarill, M|100/100|[from] U-turn
|
|-weather|RainDance|[upkeep]
|-heal|p1a: Toxicroak|53/100|[from] ability: Dry Skin
|upkeep
|turn|13
|
|t:|1769324693
|move|p1a: Toxicroak|Toxic|p2a: 阿斯玛
|-status|p2a: 阿斯玛|tox
|move|p2a: 阿斯玛|Belly Drum|p2a: 阿斯玛
|-damage|p2a: 阿斯玛|50/100 tox
|-setboost|p2a: 阿斯玛|atk|6|[from] move: Belly Drum
|-enditem|p2a: 阿斯玛|Sitrus Berry|[eat]
|-heal|p2a: 阿斯玛|75/100 tox|[from] item: Sitrus Berry
|
|-weather|RainDance|[upkeep]
|-heal|p1a: Toxicroak|65/100|[from] ability: Dry Skin
|-damage|p2a: 阿斯玛|69/100 tox|[from] psn
|upkeep
|turn|14
|
|t:|1769324700
|move|p1a: Toxicroak|Encore|p2a: 阿斯玛
|-start|p2a: 阿斯玛|Encore
|move|p2a: 阿斯玛|Belly Drum||[still]
|-fail|p2a: 阿斯玛
|
|-weather|RainDance|[upkeep]
|-heal|p1a: Toxicroak|78/100|[from] ability: Dry Skin
|-damage|p2a: 阿斯玛|57/100 tox|[from] psn
|upkeep
|turn|15
|-message|mo007001 forfeited.
|
|win|garytcrobat
|raw|garytcrobat's rating: 1195 &rarr; <strong>1224</strong><br />(+29 for winning)
|raw|mo007001's rating: 1258 &rarr; <strong>1229</strong><br />(-29 for losing)
|l|☆mo007001
|player|p2|
