|j|☆crownwrld
|j|☆rawbraines
|t:|1769373093
|gametype|singles
|player|p1|crownwrld|102|1218
|player|p2|rawbraines|smasher|1185
|gen|9
|tier|[Gen 9] OU
|rated|
|rule|HP Percentage Mod: HP is shown in percentages
|rule|Endless Battle Clause: Forcing endless battles is banned
|rule|Species Clause: Limit one of each Pokémon
|rule|OHKO Clause: OHKO moves are banned
|rule|Evasion Items Clause: Evasion items are banned
|rule|Evasion Moves Clause: Evasion moves are banned
|rule|Evasion Abilities Clause: Evasion abilities are banned
|rule|Sleep Moves Clause: Sleep-inducing moves are banned
|clearpoke
|poke|p1|Magnezone|
|poke|p1|Skeledirge, F|
|poke|p1|Gliscor, M|
|poke|p1|Tyranitar, F|
|poke|p1|Okidogi, M|
|poke|p1|Regidrago|
|poke|p2|Overqwil, F|
|poke|p2|Articuno|
|poke|p2|Golurk|
|poke|p2|Iron Valiant|
|poke|p2|Dragonite, M|
|poke|p2|Tinkaton, F|
|teampreview
|
|t:|1769373107
|teamsize|p1|6
|teamsize|p2|6
|start
|switch|p1a: Gliscor|Gliscor, M|100/100
|switch|p2a: Overqwil|Overqwil, F|100/100
|-ability|p2a: Overqwil|Intimidate|boost
|-unboost|p1a: Gliscor|atk|1
|turn|1
|
|t:|1769373119
|move|p1a: Gliscor|Earthquake|p2a: Overqwil
|-supereffective|p2a: Overqwil
|-damage|p2a: Overqwil|71/100
|move|p2a: Overqwil|Spikes|p1a: Gliscor
|-sidestart|p1: crownwrld|Spikes
|
|-heal|p2a: Overqwil|77/100|[from] item: Black Sludge
|-status|p1a: Gliscor|tox|[from] item: Toxic Orb
|upkeep
|turn|2
|inactive|Battle timer is ON: inactive players will automatically lose when time's up. (requested by crownwrld)
|
|t:|1769373139
|switch|p1a: Okidogi|Okidogi, M|100/100
|-damage|p1a: Okidogi|88/100|[from] Spikes
|move|p2a: Overqwil|Spikes|p1a: Okidogi
|-sidestart|p1: crownwrld|Spikes
|
|-heal|p2a: Overqwil|83/100|[from] item: Black Sludge
|upkeep
|turn|3
|
|t:|1769373147
|move|p1a: Okidogi|Bulk Up|p1a: Okidogi
|-boost|p1a: Okidogi|atk|1
|-boost|p1a: Okidogi|def|1
|move|p2a: Overqwil|Taunt|p1a: Okidogi
|-start|p1a: Okidogi|move: Taunt
|
|-heal|p2a: Overqwil|90/100|[from] item: Black Sludge
|upkeep
|turn|4
|
|t:|1769373158
|switch|p2a: Tinkaton|Tinkaton, F|100/100
|-item|p2a: Tinkaton|Air Balloon
|move|p1a: Okidogi|Drain Punch|p2a: Tinkaton
|-damage|p2a: Tinkaton|53/100
|-heal|p1a: Okidogi|100/100|[from] drain|[of] p2a: Tinkaton
|-enditem|p2a: Tinkaton|Air Balloon
|-enditem|p1a: Okidogi|Lum Berry|[silent]|[from] ability: Pickpocket|[of] p1a: Okidogi
|-item|p2a: Tinkaton|Lum Berry|[from] ability: Pickpocket|[of] p1a: Okidogi
|
|upkeep
|turn|5
|
|t:|1769373170
|move|p1a: Okidogi|Drain Punch|p2a: Tinkaton
|-damage|p2a: Tinkaton|12/100
|move|p2a: Tinkaton|Thunder Wave|p1a: Okidogi
|-status|p1a: Okidogi|par
|
|upkeep
|turn|6
|
|t:|1769373179
|switch|p2a: Overqwil|Overqwil, F|90/100
|-ability|p2a: Overqwil|Intimidate|boost
|-ability|p1a: Okidogi|Guard Dog|boost
|-boost|p1a: Okidogi|atk|1
|move|p1a: Okidogi|Drain Punch|p2a: Overqwil
|-damage|p2a: Overqwil|34/100
|
|-heal|p2a: Overqwil|40/100|[from] item: Black Sludge
|-end|p1a: Okidogi|move: Taunt
|upkeep
|turn|7
|
|t:|1769373191
|move|p2a: Overqwil|Spikes|p1a: Okidogi
|-sidestart|p1: crownwrld|Spikes
|move|p1a: Okidogi|Drain Punch|p2a: Overqwil
|-damage|p2a: Overqwil|0 fnt
|faint|p2a: Overqwil
|
|upkeep
|
|t:|1769373211
|switch|p2a: Articuno|Articuno|100/100
|-ability|p2a: Articuno|Pressure
|turn|8
|
|t:|1769373216
|-terastallize|p2a: Articuno|Ground
|move|p2a: Articuno|Agility|p2a: Articuno
|-boost|p2a: Articuno|spe|2
|move|p1a: Okidogi|Drain Punch|p2a: Articuno
|-damage|p2a: Articuno|13/100
|
|upkeep
|turn|9
|
|t:|1769373229
|move|p2a: Articuno|Hurricane|p1a: Okidogi
|-supereffective|p1a: Okidogi
|-damage|p1a: Okidogi|0 fnt
|faint|p1a: Okidogi
|
|upkeep
|
|t:|1769373254
|switch|p1a: Magnezone|Magnezone|100/100
|-damage|p1a: Magnezone|76/100|[from] Spikes
|turn|10
|
|t:|1769373259
|move|p1a: Magnezone|Protect|p1a: Magnezone
|-singleturn|p1a: Magnezone|Protect
|move|p2a: Articuno|Tera Blast|p1a: Magnezone|[anim] Tera Blast Ground
|-activate|p1a: Magnezone|move: Protect
|
|upkeep
|turn|11
|l|☆crownwrld
|inactive|crownwrld disconnected and has a minute to reconnect!
|player|p1|
|inactive|crownwrld has 30 seconds to reconnect!
|inactive|crownwrld has 20 seconds to reconnect!
|inactive|crownwrld has 15 seconds to reconnect!
|inactive|crownwrld has 10 seconds to reconnect!
|inactive|crownwrld has 5 seconds to reconnect!
|-message|crownwrld lost due to inactivity.
|
|win|rawbraines
|raw|crownwrld's rating: 1218 &rarr; <strong>1191</strong><br />(-27 for losing)
|raw|rawbraines's rating: 1185 &rarr; <strong>1212</strong><br />(+27 for winning)
