|j|☆spunder_policy
|j|☆Chigusa_24zono
|t:|1769334252
|gametype|singles
|player|p1|spunder_policy|169|1619
|player|p2|Chigusa_24zono|lass|1652
|gen|9
|tier|[Gen 9] OU
|rated|
|rule|HP Percentage Mod: HP is shown in percentages
|rule|Endless Battle Clause: Forcing endless battles is banned
|rule|Species Clause: Limit one of each Pokémon
|rule|OHKO Clause: OHKO moves are banned
|rule|Evasion Items Clause: Evasion items are banned
|rule|Evasion Moves Clause: Evasion moves are banned
|rule|Evasion Abilities Clause: Evasion abilities are banned
|rule|Sleep Moves Clause: Sleep-inducing moves are banned
|clearpoke
|poke|p1|Zoroark-Hisui, F|
|poke|p1|Mesprit|
|poke|p1|Alomomola, F|
|poke|p1|Goodra-Hisui, M|
|poke|p1|Thundurus, M|
|poke|p1|Blaziken, F|
|poke|p2|Iron Jugulis|
|poke|p2|Sandy Shocks|
|poke|p2|Manaphy|
|poke|p2|Latios, M|
|poke|p2|Scizor, F|
|poke|p2|Ogerpon, F|
|teampreview
|inactive|Battle timer is ON: inactive players will automatically lose when time's up. (requested by spunder_policy)
|
|t:|1769334280
|teamsize|p1|6
|teamsize|p2|6
|start
|switch|p1a: Mesprit|Mesprit|100/100
|switch|p2a: Sandy Shocks|Sandy Shocks, shiny|100/100
|-enditem|p2a: Sandy Shocks|Booster Energy
|-activate|p2a: Sandy Shocks|ability: Protosynthesis|[fromitem]
|-start|p2a: Sandy Shocks|protosynthesisspe
|turn|1
|
|t:|1769334284
|move|p2a: Sandy Shocks|Stealth Rock|p1a: Mesprit
|-sidestart|p1: spunder_policy|move: Stealth Rock
|move|p1a: Mesprit|Ice Beam|p2a: Sandy Shocks
|-supereffective|p2a: Sandy Shocks
|-damage|p2a: Sandy Shocks|50/100
|
|upkeep
|turn|2
|
|t:|1769334289
|move|p2a: Sandy Shocks|Spikes|p1a: Mesprit
|-sidestart|p1: spunder_policy|Spikes
|move|p1a: Mesprit|Stealth Rock|p2a: Sandy Shocks
|-sidestart|p2: Chigusa_24zono|move: Stealth Rock
|
|upkeep
|turn|3
|
|t:|1769334297
|move|p2a: Sandy Shocks|Spikes|p1a: Mesprit
|-sidestart|p1: spunder_policy|Spikes
|move|p1a: Mesprit|U-turn|p2a: Sandy Shocks
|-crit|p2a: Sandy Shocks
|-damage|p2a: Sandy Shocks|26/100
|
|t:|1769334301
|switch|p1a: Alomomola|Alomomola, F|100/100|[from] U-turn
|
|upkeep
|turn|4
|
|t:|1769334305
|move|p2a: Sandy Shocks|Discharge|p1a: Alomomola
|-supereffective|p1a: Alomomola
|-damage|p1a: Alomomola|47/100
|move|p1a: Alomomola|Flip Turn|p2a: Sandy Shocks
|-supereffective|p2a: Sandy Shocks
|-damage|p2a: Sandy Shocks|0 fnt
|faint|p2a: Sandy Shocks
|-end|p2a: Sandy Shocks|Protosynthesis|[silent]
|
|t:|1769334311
|switch|p1a: Thundurus|Thundurus, M|100/100|[from] Flip Turn
|
|upkeep
|
|t:|1769334318
|switch|p2a: Latios|Latios, M, shiny|100/100
|-damage|p2a: Latios|88/100|[from] Stealth Rock
|turn|5
|
|t:|1769334331
|move|p1a: Thundurus|U-turn|p2a: Latios
|-supereffective|p2a: Latios
|-damage|p2a: Latios|60/100
|-enditem|p2a: Latios|Weakness Policy
|-boost|p2a: Latios|atk|2|[from] item: Weakness Policy
|-boost|p2a: Latios|spa|2|[from] item: Weakness Policy
|
|t:|1769334338
|switch|p1a: Goodra|Goodra-Hisui, M|100/100|[from] U-turn
|move|p2a: Latios|Agility|p2a: Latios
|-boost|p2a: Latios|spe|2
|
|upkeep
|turn|6
|
|t:|1769334351
|-terastallize|p2a: Latios|Fighting
|move|p2a: Latios|Aura Sphere|p1a: Goodra
|-supereffective|p1a: Goodra
|-damage|p1a: Goodra|0 fnt
|faint|p1a: Goodra
|
|upkeep
|
|t:|1769334353
|switch|p1a: Thundurus|Thundurus, M|100/100
|turn|7
|
|t:|1769334357
|move|p1a: Thundurus|Thunder Wave|p2a: Latios
|-status|p2a: Latios|par
|move|p2a: Latios|Stored Power|p1a: Thundurus
|-damage|p1a: Thundurus|0 fnt
|faint|p1a: Thundurus
|
|upkeep
|
|t:|1769334363
|switch|p1a: Alomomola|Alomomola, F|100/100
|turn|8
|
|t:|1769334367
|move|p1a: Alomomola|Hex|p2a: Latios
|-damage|p2a: Latios|5/100 par
|move|p2a: Latios|Agility|p2a: Latios
|-boost|p2a: Latios|spe|2
|
|upkeep
|turn|9
|j| ougmike
|
|t:|1769334374
|cant|p2a: Latios|par
|move|p1a: Alomomola|Hex|p2a: Latios
|-damage|p2a: Latios|0 fnt
|faint|p2a: Latios
|
|upkeep
|
|t:|1769334380
|switch|p2a: Iron Jugulis|Iron Jugulis, shiny|100/100
|-damage|p2a: Iron Jugulis|76/100|[from] Stealth Rock
|-enditem|p2a: Iron Jugulis|Booster Energy
|-activate|p2a: Iron Jugulis|ability: Quark Drive|[fromitem]
|-start|p2a: Iron Jugulis|quarkdrivespe
|turn|10
|
|t:|1769334385
|switch|p1a: Alomomola|Alomomola, F|81/100
|move|p2a: Iron Jugulis|Dark Pulse|p1a: Alomomola
|-damage|p1a: Alomomola|50/100
|
|upkeep
|turn|11
|
|t:|1769334391
|move|p2a: Iron Jugulis|Hurricane|p1a: Alomomola
|-damage|p1a: Alomomola|10/100
|move|p1a: Alomomola|Wish|p1a: Alomomola
|
|upkeep
|turn|12
|
|t:|1769334401
|move|p1a: Alomomola|Protect|p1a: Alomomola
|-singleturn|p1a: Alomomola|Protect
|move|p2a: Iron Jugulis|Dark Pulse|p1a: Alomomola
|-activate|p1a: Alomomola|move: Protect
|
|-heal|p1a: Alomomola|60/100|[from] move: Wish|[wisher] Alomomola
|upkeep
|turn|13
|
|t:|1769334404
|move|p2a: Iron Jugulis|Taunt|p1a: Alomomola
|-start|p1a: Alomomola|move: Taunt
|cant|p1a: Alomomola|move: Taunt|Wish
|
|upkeep
|turn|14
|
|t:|1769334407
|move|p2a: Iron Jugulis|Hurricane|p1a: Alomomola|[miss]
|-miss|p2a: Iron Jugulis|p1a: Alomomola
|move|p1a: Alomomola|Flip Turn|p2a: Iron Jugulis
|-damage|p2a: Iron Jugulis|56/100
|
|t:|1769334414
|switch|p1a: Alomomola|Alomomola, F|100/100|[from] Flip Turn
|
|upkeep
|turn|15
|
|t:|1769334420
|-terastallize|p1a: Alomomola|Fighting
|move|p2a: Iron Jugulis|Dark Pulse|p1a: Alomomola
|-resisted|p1a: Alomomola
|-damage|p1a: Alomomola|57/100
|replace|p1a: Zoroark|Zoroark-Hisui, F
|-end|p1a: Zoroark|Illusion
|cant|p1a: Zoroark|flinch
|
|upkeep
|turn|16
|
|t:|1769334428
|move|p2a: Iron Jugulis|Earth Power|p1a: Zoroark
|-damage|p1a: Zoroark|1/100
|move|p1a: Zoroark|Tera Blast|p2a: Iron Jugulis|[anim] Tera Blast Fighting
|-damage|p2a: Iron Jugulis|4/100
|
|upkeep
|turn|17
|
|t:|1769334432
|switch|p1a: Alomomola|Alomomola, F|93/100
|move|p2a: Iron Jugulis|Earth Power|p1a: Alomomola
|-damage|p1a: Alomomola|70/100
|
|upkeep
|turn|18
|
|t:|1769334440
|move|p2a: Iron Jugulis|Dark Pulse|p1a: Alomomola
|-damage|p1a: Alomomola|39/100
|cant|p1a: Alomomola|flinch
|
|upkeep
|turn|19
|
|t:|1769334444
|switch|p1a: Alomomola|Alomomola, F, tera:Fighting|1/100
|move|p2a: Iron Jugulis|Dark Pulse|p1a: Alomomola
|-resisted|p1a: Alomomola
|-damage|p1a: Alomomola|0 fnt
|replace|p1a: Zoroark|Zoroark-Hisui, F
|-end|p1a: Zoroark|Illusion
|faint|p1a: Zoroark
|
|upkeep
|
|t:|1769334445
|switch|p1a: Alomomola|Alomomola, F|72/100
|turn|20
|
|t:|1769334448
|move|p2a: Iron Jugulis|Dark Pulse|p1a: Alomomola
|-damage|p1a: Alomomola|42/100
|move|p1a: Alomomola|Flip Turn|p2a: Iron Jugulis
|-damage|p2a: Iron Jugulis|0 fnt
|faint|p2a: Iron Jugulis
|-end|p2a: Iron Jugulis|Quark Drive|[silent]
|
|t:|1769334459
|switch|p1a: Mesprit|Mesprit|100/100|[from] Flip Turn
|
|upkeep
|
|t:|1769334468
|switch|p2a: Scizor|Scizor, F, shiny|100/100
|-damage|p2a: Scizor|88/100|[from] Stealth Rock
|turn|21
|
|t:|1769334473
|switch|p1a: Blaziken|Blaziken, F|100/100
|move|p2a: Scizor|Knock Off|p1a: Blaziken
|-resisted|p1a: Blaziken
|-damage|p1a: Blaziken|71/100
|-enditem|p1a: Blaziken|Heavy-Duty Boots|[from] move: Knock Off|[of] p2a: Scizor
|
|upkeep
|turn|22
|j| Samurajen
|
|t:|1769334479
|move|p1a: Blaziken|Overheat|p2a: Scizor
|-supereffective|p2a: Scizor
|-damage|p2a: Scizor|0 fnt
|-unboost|p1a: Blaziken|spa|2
|faint|p2a: Scizor
|
|-ability|p1a: Blaziken|Speed Boost|boost
|-boost|p1a: Blaziken|spe|1
|upkeep
|
|t:|1769334484
|switch|p2a: Manaphy|Manaphy, shiny|100/100
|-damage|p2a: Manaphy|88/100|[from] Stealth Rock
|turn|23
|
|t:|1769334487
|move|p1a: Blaziken|U-turn|p2a: Manaphy
|-damage|p2a: Manaphy|68/100
|
|t:|1769334489
|switch|p1a: Mesprit|Mesprit|100/100|[from] U-turn
|move|p2a: Manaphy|Surf|p1a: Mesprit
|-damage|p1a: Mesprit|62/100
|
|upkeep
|turn|24
|
|t:|1769334493
|move|p2a: Manaphy|Tail Glow|p2a: Manaphy
|-boost|p2a: Manaphy|spa|3
|move|p1a: Mesprit|Psychic Noise|p2a: Manaphy
|-damage|p2a: Manaphy|38/100
|-start|p2a: Manaphy|move: Heal Block
|
|upkeep
|turn|25
|
|t:|1769334503
|move|p2a: Manaphy|Surf|p1a: Mesprit
|-crit|p1a: Mesprit
|-damage|p1a: Mesprit|0 fnt
|faint|p1a: Mesprit
|
|-end|p2a: Manaphy|move: Heal Block
|upkeep
|-enditem|p2a: Manaphy|Sitrus Berry|[eat]
|-heal|p2a: Manaphy|63/100|[from] item: Sitrus Berry
|
|t:|1769334508
|switch|p1a: Blaziken|Blaziken, F|71/100
|-damage|p1a: Blaziken|58/100|[from] Stealth Rock
|-damage|p1a: Blaziken|42/100|[from] Spikes
|turn|26
|
|t:|1769334513
|move|p1a: Blaziken|Protect|p1a: Blaziken
|-singleturn|p1a: Blaziken|Protect
|move|p2a: Manaphy|Surf|p1a: Blaziken
|-activate|p1a: Blaziken|move: Protect
|
|-ability|p1a: Blaziken|Speed Boost|boost
|-boost|p1a: Blaziken|spe|1
|upkeep
|turn|27
|
|t:|1769334516
|move|p1a: Blaziken|U-turn|p2a: Manaphy
|-damage|p2a: Manaphy|44/100
|
|t:|1769334518
|switch|p1a: Alomomola|Alomomola, F|75/100|[from] U-turn
|move|p2a: Manaphy|Surf|p1a: Alomomola
|-resisted|p1a: Alomomola
|-damage|p1a: Alomomola|42/100
|
|upkeep
|turn|28
|
|t:|1769334525
|move|p2a: Manaphy|Energy Ball|p1a: Alomomola
|-supereffective|p1a: Alomomola
|-damage|p1a: Alomomola|0 fnt
|faint|p1a: Alomomola
|
|upkeep
|
|t:|1769334527
|switch|p1a: Blaziken|Blaziken, F|42/100
|-damage|p1a: Blaziken|29/100|[from] Stealth Rock
|-damage|p1a: Blaziken|13/100|[from] Spikes
|turn|29
|
|t:|1769334536
|move|p2a: Manaphy|Surf|p1a: Blaziken
|-supereffective|p1a: Blaziken
|-damage|p1a: Blaziken|0 fnt
|faint|p1a: Blaziken
|
|win|Chigusa_24zono
|raw|spunder_policy's rating: 1619 &rarr; <strong>1601</strong><br />(-18 for losing)
|raw|Chigusa_24zono's rating: 1652 &rarr; <strong>1670</strong><br />(+18 for winning)
|l|☆spunder_policy
|player|p1|
|l|☆Chigusa_24zono
|player|p2|
