|j|☆newbeg
|j|☆ollierob1
|t:|1769444760
|gametype|singles
|player|p1|newbeg|266|1705
|player|p2|ollierob1|hoopster|1733
|gen|9
|tier|[Gen 9] OU
|rated|
|rule|HP Percentage Mod: HP is shown in percentages
|rule|Endless Battle Clause: Forcing endless battles is banned
|rule|Species Clause: Limit one of each Pokémon
|rule|OHKO Clause: OHKO moves are banned
|rule|Evasion Items Clause: Evasion items are banned
|rule|Evasion Moves Clause: Evasion moves are banned
|rule|Evasion Abilities Clause: Evasion abilities are banned
|rule|Sleep Moves Clause: Sleep-inducing moves are banned
|clearpoke
|poke|p1|Kyurem|
|poke|p1|Iron Moth|
|poke|p1|Kingambit, M|
|poke|p1|Landorus-Therian, M|
|poke|p1|Hatterene, F|
|poke|p1|Zamazenta-*|
|poke|p2|Pecharunt|
|poke|p2|Great Tusk|
|poke|p2|Heatran, M|
|poke|p2|Ogerpon-Wellspring, F|
|poke|p2|Enamorus, F|
|poke|p2|Kingambit, F|
|teampreview
|inactive|Battle timer is ON: inactive players will automatically lose when time's up. (requested by newbeg)
|j| Brinyjarl
|inactive|ollierob1 has 120 seconds left.
|
|t:|1769444804
|teamsize|p1|6
|teamsize|p2|6
|start
|switch|p1a: Landorus|Landorus-Therian, M|100/100
|switch|p2a: Ogerpon|Ogerpon-Wellspring, F|100/100
|-ability|p1a: Landorus|Intimidate|boost
|-unboost|p2a: Ogerpon|atk|1
|turn|1
|
|t:|1769444810
|switch|p1a: Hatterene|Hatterene, F|100/100
|move|p2a: Ogerpon|Ivy Cudgel|p1a: Hatterene|[anim] Ivy Cudgel Water
|-damage|p1a: Hatterene|70/100
|
|upkeep
|turn|2
|
|t:|1769444825
|switch|p2a: Heatran|Heatran, M|100/100
|move|p1a: Hatterene|Dazzling Gleam|p2a: Heatran
|-resisted|p2a: Heatran
|-damage|p2a: Heatran|95/100
|
|-heal|p2a: Heatran|100/100|[from] item: Leftovers
|upkeep
|turn|3
|
|t:|1769444835
|switch|p1a: Landorus|Landorus-Therian, M|100/100
|-ability|p1a: Landorus|Intimidate|boost
|-unboost|p2a: Heatran|atk|1
|move|p2a: Heatran|Magma Storm|p1a: Landorus
|-damage|p1a: Landorus|57/100
|-activate|p1a: Landorus|move: Magma Storm|[of] p2a: Heatran
|
|-damage|p1a: Landorus|44/100|[from] move: Magma Storm|[partiallytrapped]
|upkeep
|turn|4
|
|t:|1769444852
|switch|p2a: Ogerpon|Ogerpon-Wellspring, F|100/100
|move|p1a: Landorus|Stealth Rock|p2a: Ogerpon
|-sidestart|p2: ollierob1|move: Stealth Rock
|
|-end|p1a: Landorus|Magma Storm|[partiallytrapped]|[silent]
|upkeep
|turn|5
|
|t:|1769444858
|switch|p1a: Zamazenta|Zamazenta|100/100
|-ability|p1a: Zamazenta|Dauntless Shield|boost
|-boost|p1a: Zamazenta|def|1
|move|p2a: Ogerpon|Ivy Cudgel|p1a: Zamazenta|[anim] Ivy Cudgel Water
|-damage|p1a: Zamazenta|71/100
|
|-heal|p1a: Zamazenta|77/100|[from] item: Leftovers
|upkeep
|turn|6
|
|t:|1769444868
|switch|p1a: Iron Moth|Iron Moth|100/100
|-enditem|p1a: Iron Moth|Booster Energy
|-activate|p1a: Iron Moth|ability: Quark Drive|[fromitem]
|-start|p1a: Iron Moth|quarkdrivespe
|move|p2a: Ogerpon|Knock Off|p1a: Iron Moth
|-damage|p1a: Iron Moth|62/100
|
|upkeep
|turn|7
|
|t:|1769444873
|switch|p2a: Heatran|Heatran, M|100/100
|-damage|p2a: Heatran|88/100|[from] Stealth Rock
|move|p1a: Iron Moth|Sludge Wave|p2a: Heatran
|-immune|p2a: Heatran
|
|-heal|p2a: Heatran|94/100|[from] item: Leftovers
|upkeep
|turn|8
|
|t:|1769444879
|-end|p1a: Iron Moth|Quark Drive|[silent]
|switch|p1a: Landorus|Landorus-Therian, M|44/100
|-ability|p1a: Landorus|Intimidate|boost
|-unboost|p2a: Heatran|atk|1
|move|p2a: Heatran|Earth Power|p1a: Landorus
|-immune|p1a: Landorus
|
|-heal|p2a: Heatran|100/100|[from] item: Leftovers
|upkeep
|turn|9
|
|t:|1769444892
|switch|p2a: Ogerpon|Ogerpon-Wellspring, F|100/100
|-damage|p2a: Ogerpon|88/100|[from] Stealth Rock
|move|p1a: Landorus|Earthquake|p2a: Ogerpon
|-resisted|p2a: Ogerpon
|-damage|p2a: Ogerpon|59/100
|
|upkeep
|turn|10
|
|t:|1769444907
|switch|p1a: Zamazenta|Zamazenta|77/100
|move|p2a: Ogerpon|Ivy Cudgel|p1a: Zamazenta|[anim] Ivy Cudgel Water
|-damage|p1a: Zamazenta|30/100
|
|-heal|p1a: Zamazenta|36/100|[from] item: Leftovers
|upkeep
|turn|11
|
|t:|1769444915
|move|p1a: Zamazenta|Iron Defense|p1a: Zamazenta
|-boost|p1a: Zamazenta|def|2
|move|p2a: Ogerpon|Ivy Cudgel|p1a: Zamazenta|[anim] Ivy Cudgel Water
|-damage|p1a: Zamazenta|10/100
|
|-heal|p1a: Zamazenta|16/100|[from] item: Leftovers
|upkeep
|turn|12
|
|t:|1769444922
|switch|p2a: Pecharunt|Pecharunt|100/100
|-damage|p2a: Pecharunt|88/100|[from] Stealth Rock
|move|p1a: Zamazenta|Crunch|p2a: Pecharunt
|-supereffective|p2a: Pecharunt
|-damage|p2a: Pecharunt|64/100
|
|-heal|p1a: Zamazenta|22/100|[from] item: Leftovers
|-heal|p2a: Pecharunt|70/100|[from] item: Leftovers
|upkeep
|turn|13
|
|t:|1769444937
|switch|p1a: Kingambit|Kingambit, M|100/100
|move|p2a: Pecharunt|Curse|p1a: Kingambit
|-start|p1a: Kingambit|Curse|[of] p2a: Pecharunt
|-damage|p2a: Pecharunt|20/100
|
|-heal|p2a: Pecharunt|26/100|[from] item: Leftovers
|-damage|p1a: Kingambit|76/100|[from] Curse
|upkeep
|turn|14
|
|t:|1769444946
|-end|p1a: Kingambit|fallenundefined|[silent]
|switch|p1a: Iron Moth|Iron Moth|62/100
|move|p2a: Pecharunt|Recover|p2a: Pecharunt
|-heal|p2a: Pecharunt|76/100
|
|-heal|p2a: Pecharunt|82/100|[from] item: Leftovers
|upkeep
|turn|15
|
|t:|1769444953
|-end|p1a: Iron Moth|Quark Drive|[silent]
|switch|p1a: Landorus|Landorus-Therian, M|44/100
|-ability|p1a: Landorus|Intimidate|boost
|-unboost|p2a: Pecharunt|atk|1
|switch|p2a: Heatran|Heatran, M|100/100
|-damage|p2a: Heatran|88/100|[from] Stealth Rock
|
|-heal|p2a: Heatran|94/100|[from] item: Leftovers
|upkeep
|turn|16
|j| 54 insane rats
|inactive|ollierob1 has 120 seconds left.
|
|t:|1769444989
|switch|p2a: Great Tusk|Great Tusk|100/100
|move|p1a: Landorus|Earthquake|p2a: Great Tusk
|-damage|p2a: Great Tusk|65/100
|
|upkeep
|turn|17
|inactive|ollierob1 has 120 seconds left.
|
|t:|1769444994
|-end|p2a: Great Tusk|Protosynthesis|[silent]
|switch|p2a: Ogerpon|Ogerpon-Wellspring, F|59/100
|-damage|p2a: Ogerpon|46/100|[from] Stealth Rock
|move|p1a: Landorus|Grass Knot|p2a: Ogerpon
|-damage|p2a: Ogerpon|30/100
|
|upkeep
|turn|18
|inactive|ollierob1 has 120 seconds left.
|
|t:|1769445014
|switch|p1a: Hatterene|Hatterene, F|70/100
|move|p2a: Ogerpon|Synthesis|p2a: Ogerpon
|-heal|p2a: Ogerpon|80/100
|
|upkeep
|turn|19
|
|t:|1769445024
|move|p2a: Ogerpon|Ivy Cudgel|p1a: Hatterene|[anim] Ivy Cudgel Water
|-damage|p1a: Hatterene|23/100
|move|p1a: Hatterene|Psychic Noise|p2a: Ogerpon
|-damage|p2a: Ogerpon|37/100
|-start|p2a: Ogerpon|move: Heal Block
|
|upkeep
|turn|20
|-enditem|p1a: Hatterene|Custap Berry|[eat]
|-activate|p1a: Hatterene|item: Custap Berry|[consumed]
|
|t:|1769445040
|move|p1a: Hatterene|Psychic Noise|p2a: Ogerpon
|-damage|p2a: Ogerpon|0 fnt
|faint|p2a: Ogerpon
|
|upkeep
|
|t:|1769445052
|switch|p2a: Great Tusk|Great Tusk|65/100
|turn|21
|inactive|ollierob1 has 120 seconds left.
|
|t:|1769445082
|move|p2a: Great Tusk|Headlong Rush|p1a: Hatterene
|-damage|p1a: Hatterene|0 fnt
|-unboost|p2a: Great Tusk|def|1
|-unboost|p2a: Great Tusk|spd|1
|faint|p1a: Hatterene
|
|upkeep
|
|t:|1769445090
|switch|p1a: Landorus|Landorus-Therian, M|44/100
|-ability|p1a: Landorus|Intimidate|boost
|-unboost|p2a: Great Tusk|atk|1
|turn|22
|inactive|ollierob1 has 120 seconds left.
|
|t:|1769445098
|-end|p2a: Great Tusk|Protosynthesis|[silent]
|switch|p2a: Enamorus|Enamorus, F|100/100
|-damage|p2a: Enamorus|76/100|[from] Stealth Rock
|move|p1a: Landorus|Stone Edge|p2a: Enamorus
|-supereffective|p2a: Enamorus
|-damage|p2a: Enamorus|0 fnt
|faint|p2a: Enamorus
|
|upkeep
|inactive|ollierob1 has 120 seconds left.
|
|t:|1769445118
|switch|p2a: Pecharunt|Pecharunt|82/100
|-damage|p2a: Pecharunt|70/100|[from] Stealth Rock
|turn|23
|
|t:|1769445124
|switch|p1a: Kingambit|Kingambit, M|76/100
|-activate|p1a: Kingambit|ability: Supreme Overlord
|-start|p1a: Kingambit|fallen1|[silent]
|move|p2a: Pecharunt|Curse|p1a: Kingambit
|-start|p1a: Kingambit|Curse|[of] p2a: Pecharunt
|-damage|p2a: Pecharunt|20/100
|
|-heal|p2a: Pecharunt|26/100|[from] item: Leftovers
|-heal|p1a: Kingambit|82/100|[from] item: Leftovers
|-damage|p1a: Kingambit|57/100|[from] Curse
|upkeep
|turn|24
|
|t:|1769445133
|-end|p1a: Kingambit|fallen1|[silent]
|switch|p1a: Iron Moth|Iron Moth|62/100
|move|p2a: Pecharunt|Recover|p2a: Pecharunt
|-heal|p2a: Pecharunt|76/100
|
|-heal|p2a: Pecharunt|82/100|[from] item: Leftovers
|upkeep
|turn|25
|inactive|ollierob1 has 120 seconds left.
|
|t:|1769445141
|-end|p1a: Iron Moth|Quark Drive|[silent]
|switch|p1a: Landorus|Landorus-Therian, M|44/100
|-ability|p1a: Landorus|Intimidate|boost
|-unboost|p2a: Pecharunt|atk|1
|move|p2a: Pecharunt|Mean Look|p1a: Landorus
|-activate|p1a: Landorus|trapped
|
|-heal|p2a: Pecharunt|88/100|[from] item: Leftovers
|upkeep
|turn|26
|
|t:|1769445148
|move|p1a: Landorus|Earthquake|p2a: Pecharunt
|-supereffective|p2a: Pecharunt
|-damage|p2a: Pecharunt|40/100
|move|p2a: Pecharunt|Defense Curl|p2a: Pecharunt
|-boost|p2a: Pecharunt|def|1
|
|-heal|p2a: Pecharunt|46/100|[from] item: Leftovers
|upkeep
|turn|27
|
|t:|1769445155
|move|p1a: Landorus|Earthquake|p2a: Pecharunt
|-supereffective|p2a: Pecharunt
|-damage|p2a: Pecharunt|16/100
|move|p2a: Pecharunt|Recover|p2a: Pecharunt
|-heal|p2a: Pecharunt|66/100
|
|-heal|p2a: Pecharunt|72/100|[from] item: Leftovers
|upkeep
|turn|28
|
|t:|1769445158
|move|p1a: Landorus|Earthquake|p2a: Pecharunt
|-supereffective|p2a: Pecharunt
|-damage|p2a: Pecharunt|42/100
|move|p2a: Pecharunt|Defense Curl|p2a: Pecharunt
|-boost|p2a: Pecharunt|def|1
|
|-heal|p2a: Pecharunt|48/100|[from] item: Leftovers
|upkeep
|turn|29
|
|t:|1769445165
|move|p1a: Landorus|Earthquake|p2a: Pecharunt
|-supereffective|p2a: Pecharunt
|-damage|p2a: Pecharunt|23/100
|move|p2a: Pecharunt|Recover|p2a: Pecharunt
|-heal|p2a: Pecharunt|73/100
|
|-heal|p2a: Pecharunt|79/100|[from] item: Leftovers
|upkeep
|turn|30
|
|t:|1769445176
|move|p1a: Landorus|Earthquake|p2a: Pecharunt
|-supereffective|p2a: Pecharunt
|-damage|p2a: Pecharunt|56/100
|move|p2a: Pecharunt|Recover|p2a: Pecharunt
|-heal|p2a: Pecharunt|100/100
|
|upkeep
|turn|31
|
|t:|1769445180
|move|p1a: Landorus|Earthquake|p2a: Pecharunt
|-supereffective|p2a: Pecharunt
|-damage|p2a: Pecharunt|78/100
|move|p2a: Pecharunt|Curse|p1a: Landorus
|-start|p1a: Landorus|Curse|[of] p2a: Pecharunt
|-damage|p2a: Pecharunt|28/100
|
|-heal|p2a: Pecharunt|34/100|[from] item: Leftovers
|-damage|p1a: Landorus|19/100|[from] Curse
|upkeep
|turn|32
|
|t:|1769445187
|move|p1a: Landorus|Earthquake|p2a: Pecharunt
|-supereffective|p2a: Pecharunt
|-damage|p2a: Pecharunt|12/100
|move|p2a: Pecharunt|Recover|p2a: Pecharunt
|-heal|p2a: Pecharunt|62/100
|
|-heal|p2a: Pecharunt|68/100|[from] item: Leftovers
|-damage|p1a: Landorus|0 fnt|[from] Curse
|faint|p1a: Landorus
|upkeep
|
|t:|1769445192
|switch|p1a: Iron Moth|Iron Moth|62/100
|turn|33
|
|t:|1769445200
|-end|p1a: Iron Moth|Quark Drive|[silent]
|switch|p1a: Zamazenta|Zamazenta|22/100
|switch|p2a: Heatran|Heatran, M|94/100
|-damage|p2a: Heatran|82/100|[from] Stealth Rock
|
|-heal|p1a: Zamazenta|28/100|[from] item: Leftovers
|-heal|p2a: Heatran|88/100|[from] item: Leftovers
|upkeep
|turn|34
|
|t:|1769445218
|switch|p2a: Pecharunt|Pecharunt|68/100
|-damage|p2a: Pecharunt|56/100|[from] Stealth Rock
|move|p1a: Zamazenta|Body Press|p2a: Pecharunt
|-immune|p2a: Pecharunt
|
|-heal|p1a: Zamazenta|34/100|[from] item: Leftovers
|-heal|p2a: Pecharunt|62/100|[from] item: Leftovers
|upkeep
|turn|35
|
|t:|1769445235
|switch|p1a: Iron Moth|Iron Moth|62/100
|move|p2a: Pecharunt|Curse|p1a: Iron Moth
|-start|p1a: Iron Moth|Curse|[of] p2a: Pecharunt
|-damage|p2a: Pecharunt|12/100
|
|-heal|p2a: Pecharunt|18/100|[from] item: Leftovers
|-damage|p1a: Iron Moth|37/100|[from] Curse
|upkeep
|turn|36
|
|t:|1769445241
|move|p1a: Iron Moth|Psychic|p2a: Pecharunt
|-supereffective|p2a: Pecharunt
|-damage|p2a: Pecharunt|0 fnt
|faint|p2a: Pecharunt
|
|-damage|p1a: Iron Moth|12/100|[from] Curse
|upkeep
|
|t:|1769445249
|switch|p2a: Heatran|Heatran, M|88/100
|-damage|p2a: Heatran|76/100|[from] Stealth Rock
|turn|37
|
|t:|1769445252
|move|p1a: Iron Moth|Psychic|p2a: Heatran
|-resisted|p2a: Heatran
|-damage|p2a: Heatran|66/100
|move|p2a: Heatran|Stealth Rock|p1a: Iron Moth
|-sidestart|p1: newbeg|move: Stealth Rock
|
|-heal|p2a: Heatran|72/100|[from] item: Leftovers
|-damage|p1a: Iron Moth|0 fnt|[from] Curse
|faint|p1a: Iron Moth
|-end|p1a: Iron Moth|Quark Drive|[silent]
|upkeep
|
|t:|1769445259
|switch|p1a: Zamazenta|Zamazenta|34/100
|-damage|p1a: Zamazenta|28/100|[from] Stealth Rock
|turn|38
|
|t:|1769445267
|move|p1a: Zamazenta|Body Press|p2a: Heatran
|-supereffective|p2a: Heatran
|-damage|p2a: Heatran|11/100
|move|p2a: Heatran|Magma Storm|p1a: Zamazenta
|-damage|p1a: Zamazenta|0 fnt
|faint|p1a: Zamazenta
|
|-heal|p2a: Heatran|18/100|[from] item: Leftovers
|upkeep
|
|t:|1769445274
|switch|p1a: Kyurem|Kyurem|100/100
|-damage|p1a: Kyurem|76/100|[from] Stealth Rock
|-ability|p1a: Kyurem|Pressure
|turn|39
|
|t:|1769445277
|move|p1a: Kyurem|Icicle Spear|p2a: Heatran
|-resisted|p2a: Heatran
|-damage|p2a: Heatran|14/100
|-resisted|p2a: Heatran
|-damage|p2a: Heatran|12/100
|-resisted|p2a: Heatran
|-damage|p2a: Heatran|9/100
|-resisted|p2a: Heatran
|-damage|p2a: Heatran|6/100
|-hitcount|p2a: Heatran|4
|move|p2a: Heatran|Magma Storm|p1a: Kyurem
|-damage|p1a: Kyurem|37/100
|-activate|p1a: Kyurem|move: Magma Storm|[of] p2a: Heatran
|
|-heal|p2a: Heatran|12/100|[from] item: Leftovers
|-damage|p1a: Kyurem|25/100|[from] move: Magma Storm|[partiallytrapped]
|upkeep
|turn|40
|
|t:|1769445284
|move|p1a: Kyurem|Scale Shot|p2a: Heatran
|-resisted|p2a: Heatran
|-damage|p2a: Heatran|6/100
|-resisted|p2a: Heatran
|-damage|p2a: Heatran|0 fnt
|faint|p2a: Heatran
|-hitcount|p2: Heatran|2
|-unboost|p1a: Kyurem|def|1
|-boost|p1a: Kyurem|spe|1
|
|-end|p1a: Kyurem|Magma Storm|[partiallytrapped]|[silent]
|upkeep
|
|t:|1769445292
|switch|p2a: Kingambit|Kingambit, F|100/100
|-damage|p2a: Kingambit|94/100|[from] Stealth Rock
|-activate|p2a: Kingambit|ability: Supreme Overlord
|-start|p2a: Kingambit|fallen4|[silent]
|turn|41
|
|t:|1769445306
|move|p1a: Kyurem|Icicle Spear|p2a: Kingambit
|-resisted|p2a: Kingambit
|-damage|p2a: Kingambit|89/100
|-resisted|p2a: Kingambit
|-damage|p2a: Kingambit|84/100
|-resisted|p2a: Kingambit
|-damage|p2a: Kingambit|78/100
|-resisted|p2a: Kingambit
|-damage|p2a: Kingambit|72/100
|-hitcount|p2a: Kingambit|4
|move|p2a: Kingambit|Swords Dance|p2a: Kingambit
|-boost|p2a: Kingambit|atk|2
|
|-heal|p2a: Kingambit|79/100|[from] item: Leftovers
|upkeep
|turn|42
|
|t:|1769445319
|move|p2a: Kingambit|Sucker Punch|p1a: Kyurem
|-damage|p1a: Kyurem|0 fnt
|faint|p1a: Kyurem
|
|-heal|p2a: Kingambit|85/100|[from] item: Leftovers
|upkeep
|
|t:|1769445321
|switch|p1a: Kingambit|Kingambit, M|57/100
|-damage|p1a: Kingambit|51/100|[from] Stealth Rock
|-activate|p1a: Kingambit|ability: Supreme Overlord
|-start|p1a: Kingambit|fallen5|[silent]
|turn|43
|
|t:|1769445331
|-terastallize|p2a: Kingambit|Fairy
|move|p2a: Kingambit|Tera Blast|p1a: Kingambit|[anim] Tera Blast Fairy
|-damage|p1a: Kingambit|0 fnt
|faint|p1a: Kingambit
|-end|p1a: Kingambit|fallen5|[silent]
|
|win|ollierob1
|raw|newbeg's rating: 1705 &rarr; <strong>1687</strong><br />(-18 for losing)
|raw|ollierob1's rating: 1733 &rarr; <strong>1751</strong><br />(+18 for winning)
|l|☆newbeg
|player|p1|
|l| Brinyjarl
|l|☆ollierob1
|player|p2|
