|j|☆kiko5bolas
|j|☆Thatguyhere_15
|t:|1769326349
|gametype|singles
|player|p1|kiko5bolas|266|1157
|player|p2|Thatguyhere_15|266|1183
|gen|9
|tier|[Gen 9] OU
|rated|
|rule|HP Percentage Mod: HP is shown in percentages
|rule|Endless Battle Clause: Forcing endless battles is banned
|rule|Species Clause: Limit one of each Pokémon
|rule|OHKO Clause: OHKO moves are banned
|rule|Evasion Items Clause: Evasion items are banned
|rule|Evasion Moves Clause: Evasion moves are banned
|rule|Evasion Abilities Clause: Evasion abilities are banned
|rule|Sleep Moves Clause: Sleep-inducing moves are banned
|clearpoke
|poke|p1|Gardevoir, M|
|poke|p1|Iron Valiant|
|poke|p1|Ceruledge, M|
|poke|p1|Garganacl, F|
|poke|p1|Metagross|
|poke|p1|Ninetales, F|
|poke|p2|Ceruledge, M|
|poke|p2|Rotom-Heat|
|poke|p2|Cinderace, F|
|poke|p2|Arcanine-Hisui, M|
|poke|p2|Volcanion|
|poke|p2|Infernape, M|
|teampreview
|inactive|Battle timer is ON: inactive players will automatically lose when time's up. (requested by Thatguyhere_15)
|
|t:|1769326358
|teamsize|p1|6
|teamsize|p2|6
|start
|switch|p1a: Garganacl|Garganacl, F|100/100
|switch|p2a: Ceruledge|Ceruledge, M|100/100
|turn|1
|
|t:|1769326365
|move|p2a: Ceruledge|Swords Dance|p2a: Ceruledge
|-boost|p2a: Ceruledge|atk|2
|move|p1a: Garganacl|Salt Cure|p2a: Ceruledge
|-supereffective|p2a: Ceruledge
|-damage|p2a: Ceruledge|61/100
|-start|p2a: Ceruledge|Salt Cure
|-ability|p2a: Ceruledge|Weak Armor|boost
|-unboost|p2a: Ceruledge|def|1
|-boost|p2a: Ceruledge|spe|2
|
|-damage|p2a: Ceruledge|48/100|[from] Salt Cure
|upkeep
|turn|2
|
|t:|1769326379
|move|p2a: Ceruledge|Brick Break|p1a: Garganacl
|-supereffective|p1a: Garganacl
|-damage|p1a: Garganacl|32/100
|move|p1a: Garganacl|Stealth Rock|p2a: Ceruledge
|-sidestart|p2: Thatguyhere_15|move: Stealth Rock
|
|-heal|p1a: Garganacl|38/100|[from] item: Leftovers
|-damage|p2a: Ceruledge|36/100|[from] Salt Cure
|upkeep
|turn|3
|
|t:|1769326388
|move|p1a: Garganacl|Protect|p1a: Garganacl
|-singleturn|p1a: Garganacl|Protect
|move|p2a: Ceruledge|Shadow Sneak|p1a: Garganacl
|-activate|p1a: Garganacl|move: Protect
|
|-heal|p1a: Garganacl|44/100|[from] item: Leftovers
|-damage|p2a: Ceruledge|24/100|[from] Salt Cure
|upkeep
|turn|4
|
|t:|1769326412
|switch|p1a: Metagross|Metagross|100/100
|move|p2a: Ceruledge|Brick Break|p1a: Metagross
|-damage|p1a: Metagross|62/100
|
|-damage|p2a: Ceruledge|11/100|[from] Salt Cure
|upkeep
|turn|5
|
|t:|1769326421
|move|p1a: Metagross|Bullet Punch|p2a: Ceruledge
|-resisted|p2a: Ceruledge
|-damage|p2a: Ceruledge|0 fnt
|faint|p2a: Ceruledge
|
|upkeep
|
|t:|1769326426
|switch|p2a: Cinderace|Cinderace, F|100/100
|turn|6
|
|t:|1769326432
|-terastallize|p1a: Metagross|Water
|move|p2a: Cinderace|Court Change|p2a: Cinderace
|-start|p2a: Cinderace|typechange|Normal|[from] ability: Libero
|-swapsideconditions
|-activate|p2a: Cinderace|move: Court Change
|move|p1a: Metagross|Earthquake|p2a: Cinderace
|-damage|p2a: Cinderace|46/100
|
|upkeep
|turn|7
|
|t:|1769326447
|move|p2a: Cinderace|Gunk Shot|p1a: Metagross
|-damage|p1a: Metagross|35/100
|-status|p1a: Metagross|psn
|move|p1a: Metagross|Earthquake|p2a: Cinderace
|-damage|p2a: Cinderace|0 fnt
|faint|p2a: Cinderace
|
|-damage|p1a: Metagross|22/100 psn|[from] psn
|upkeep
|
|t:|1769326458
|switch|p2a: Rotom|Rotom-Heat|100/100
|turn|8
|
|t:|1769326466
|move|p1a: Metagross|Bullet Punch|p2a: Rotom
|-resisted|p2a: Rotom
|-damage|p2a: Rotom|93/100
|move|p2a: Rotom|Volt Switch|p1a: Metagross
|-supereffective|p1a: Metagross
|-damage|p1a: Metagross|0 fnt
|faint|p1a: Metagross
|
|t:|1769326473
|switch|p2a: Infernape|Infernape, M|100/100|[from] Volt Switch
|
|upkeep
|
|t:|1769326484
|switch|p1a: Gardevoir|Gardevoir, M|100/100
|-damage|p1a: Gardevoir|88/100|[from] Stealth Rock
|-ability|p1a: Gardevoir|Iron Fist|Trace|[from] ability: Trace|[of] p2a: Infernape
|turn|9
|
|t:|1769326495
|move|p1a: Gardevoir|Moonblast|p2a: Infernape
|-damage|p2a: Infernape|22/100
|move|p2a: Infernape|Fire Punch|p1a: Gardevoir
|-damage|p1a: Gardevoir|10/100
|
|upkeep
|turn|10
|
|t:|1769326502
|move|p2a: Infernape|Mach Punch|p1a: Gardevoir
|-resisted|p1a: Gardevoir
|-crit|p1a: Gardevoir
|-damage|p1a: Gardevoir|0 fnt
|faint|p1a: Gardevoir
|
|upkeep
|
|t:|1769326512
|switch|p1a: Ceruledge|Ceruledge, M|100/100
|-damage|p1a: Ceruledge|76/100|[from] Stealth Rock
|-item|p1a: Ceruledge|Air Balloon
|turn|11
|
|t:|1769326517
|move|p1a: Ceruledge|Shadow Sneak|p2a: Infernape
|-damage|p2a: Infernape|0 fnt
|faint|p2a: Infernape
|
|upkeep
|
|t:|1769326523
|switch|p2a: Rotom|Rotom-Heat|93/100
|turn|12
|
|t:|1769326542
|move|p2a: Rotom|Thunder Wave|p1a: Ceruledge
|-status|p1a: Ceruledge|par
|cant|p1a: Ceruledge|par
|
|upkeep
|turn|13
|
|t:|1769326548
|switch|p1a: Garganacl|Garganacl, F|44/100
|-damage|p1a: Garganacl|32/100|[from] Stealth Rock
|move|p2a: Rotom|Hex|p1a: Garganacl
|-damage|p1a: Garganacl|25/100
|
|-heal|p1a: Garganacl|31/100|[from] item: Leftovers
|upkeep
|turn|14
|
|t:|1769326558
|move|p1a: Garganacl|Protect|p1a: Garganacl
|-singleturn|p1a: Garganacl|Protect
|move|p2a: Rotom|Volt Switch|p1a: Garganacl
|-activate|p1a: Garganacl|move: Protect
|
|-heal|p1a: Garganacl|38/100|[from] item: Leftovers
|upkeep
|turn|15
|
|t:|1769326569
|move|p2a: Rotom|Volt Switch|p1a: Garganacl
|-damage|p1a: Garganacl|17/100
|
|t:|1769326575
|switch|p2a: Volcanion|Volcanion|100/100|[from] Volt Switch
|move|p1a: Garganacl|Recover|p1a: Garganacl
|-heal|p1a: Garganacl|67/100
|
|-heal|p1a: Garganacl|73/100|[from] item: Leftovers
|upkeep
|turn|16
|
|t:|1769326586
|move|p1a: Garganacl|Protect|p1a: Garganacl
|-singleturn|p1a: Garganacl|Protect
|move|p2a: Volcanion|Steam Eruption|p1a: Garganacl
|-activate|p1a: Garganacl|move: Protect
|
|-heal|p1a: Garganacl|79/100|[from] item: Leftovers
|upkeep
|turn|17
|
|t:|1769326596
|move|p2a: Volcanion|Steam Eruption|p1a: Garganacl
|-supereffective|p1a: Garganacl
|-damage|p1a: Garganacl|3/100
|move|p1a: Garganacl|Salt Cure|p2a: Volcanion
|-supereffective|p2a: Volcanion
|-damage|p2a: Volcanion|79/100
|-start|p2a: Volcanion|Salt Cure
|
|-heal|p1a: Garganacl|9/100|[from] item: Leftovers
|-damage|p2a: Volcanion|54/100|[from] Salt Cure
|upkeep
|turn|18
|
|t:|1769326607
|move|p1a: Garganacl|Protect|p1a: Garganacl
|-singleturn|p1a: Garganacl|Protect
|move|p2a: Volcanion|Earth Power|p1a: Garganacl
|-activate|p1a: Garganacl|move: Protect
|
|-heal|p1a: Garganacl|15/100|[from] item: Leftovers
|-damage|p2a: Volcanion|29/100|[from] Salt Cure
|upkeep
|turn|19
|
|t:|1769326622
|move|p2a: Volcanion|Earth Power|p1a: Garganacl
|-supereffective|p1a: Garganacl
|-damage|p1a: Garganacl|0 fnt
|faint|p1a: Garganacl
|
|-damage|p2a: Volcanion|5/100|[from] Salt Cure
|upkeep
|
|t:|1769326634
|switch|p1a: Iron Valiant|Iron Valiant|100/100
|-damage|p1a: Iron Valiant|94/100|[from] Stealth Rock
|-enditem|p1a: Iron Valiant|Booster Energy
|-activate|p1a: Iron Valiant|ability: Quark Drive|[fromitem]
|-start|p1a: Iron Valiant|quarkdrivespe
|turn|20
|
|t:|1769326646
|move|p1a: Iron Valiant|Psyshock|p2a: Volcanion
|-damage|p2a: Volcanion|0 fnt
|faint|p2a: Volcanion
|
|upkeep
|
|t:|1769326653
|switch|p2a: Rotom|Rotom-Heat|93/100
|turn|21
|
|t:|1769326676
|move|p1a: Iron Valiant|Moonblast|p2a: Rotom
|-resisted|p2a: Rotom
|-damage|p2a: Rotom|64/100
|move|p2a: Rotom|Thunder Wave|p1a: Iron Valiant
|-status|p1a: Iron Valiant|par
|
|upkeep
|turn|22
|
|t:|1769326685
|move|p2a: Rotom|Hex|p1a: Iron Valiant
|-damage|p1a: Iron Valiant|11/100 par
|move|p1a: Iron Valiant|Psyshock|p2a: Rotom
|-damage|p2a: Rotom|28/100
|
|upkeep
|turn|23
|
|t:|1769326693
|move|p2a: Rotom|Hex|p1a: Iron Valiant
|-damage|p1a: Iron Valiant|0 fnt
|faint|p1a: Iron Valiant
|-end|p1a: Iron Valiant|Quark Drive|[silent]
|
|upkeep
|
|t:|1769326699
|switch|p1a: Ceruledge|Ceruledge, M|76/100 par
|-damage|p1a: Ceruledge|51/100 par|[from] Stealth Rock
|-item|p1a: Ceruledge|Air Balloon
|turn|24
|
|t:|1769326705
|move|p1a: Ceruledge|Shadow Sneak|p2a: Rotom
|-damage|p2a: Rotom|0 fnt
|faint|p2a: Rotom
|
|upkeep
|
|t:|1769326709
|switch|p2a: Arcanine|Arcanine-Hisui, M|100/100
|turn|25
|
|t:|1769326714
|move|p2a: Arcanine|Head Smash|p1a: Ceruledge
|-supereffective|p1a: Ceruledge
|-damage|p1a: Ceruledge|0 fnt
|-enditem|p1a: Ceruledge|Air Balloon
|faint|p1a: Ceruledge
|
|upkeep
|
|t:|1769326721
|switch|p1a: Ninetales|Ninetales, F|100/100
|-damage|p1a: Ninetales|76/100|[from] Stealth Rock
|-weather|SunnyDay|[from] ability: Drought|[of] p1a: Ninetales
|turn|26
|
|t:|1769326732
|move|p1a: Ninetales|Solar Beam||[still]
|-prepare|p1a: Ninetales|Solar Beam
|-anim|p1a: Ninetales|Solar Beam|p2a: Arcanine
|-damage|p2a: Arcanine|65/100
|move|p2a: Arcanine|Head Smash|p1a: Ninetales
|-supereffective|p1a: Ninetales
|-damage|p1a: Ninetales|0 fnt
|faint|p1a: Ninetales
|
|win|Thatguyhere_15
|raw|kiko5bolas's rating: 1157 &rarr; <strong>1134</strong><br />(-23 for losing)
|raw|Thatguyhere_15's rating: 1183 &rarr; <strong>1206</strong><br />(+23 for winning)
|l|☆Thatguyhere_15
|player|p2|
|l|☆kiko5bolas
|player|p1|
