|j|☆focalors
|j|☆Diplithe
|t:|1769376740
|gametype|singles
|player|p1|focalors|blue-gen3champion|1385
|player|p2|Diplithe|102|1349
|gen|9
|tier|[Gen 9] OU
|rated|
|rule|HP Percentage Mod: HP is shown in percentages
|rule|Endless Battle Clause: Forcing endless battles is banned
|rule|Species Clause: Limit one of each Pokémon
|rule|OHKO Clause: OHKO moves are banned
|rule|Evasion Items Clause: Evasion items are banned
|rule|Evasion Moves Clause: Evasion moves are banned
|rule|Evasion Abilities Clause: Evasion abilities are banned
|rule|Sleep Moves Clause: Sleep-inducing moves are banned
|clearpoke
|poke|p1|Murkrow, M|
|poke|p1|Kingdra, M|
|poke|p1|Staraptor, F|
|poke|p1|Veluza, F|
|poke|p1|Squawkabilly-Blue, M|
|poke|p1|Dragapult, M|
|poke|p2|Great Tusk|
|poke|p2|Ogerpon, F|
|poke|p2|Keldeo-Resolute|
|poke|p2|Skarmory, F|
|poke|p2|Slowking-Galar, F|
|poke|p2|Clefable, M|
|teampreview
|
|t:|1769376752
|teamsize|p1|6
|teamsize|p2|6
|start
|switch|p1a: Veluza|Veluza, F|100/100
|switch|p2a: Ogerpon|Ogerpon, F|100/100
|-ability|p1a: Veluza|Mold Breaker
|turn|1
|
|t:|1769376771
|move|p1a: Veluza|Final Gambit|p2a: Ogerpon
|-damage|p2a: Ogerpon|0 fnt
|faint|p1a: Veluza
|faint|p2a: Ogerpon
|
|upkeep
|
|t:|1769376806
|switch|p2a: Skarmory|Skarmory, F|100/100
|switch|p1a: Squawkabilly|Squawkabilly-Blue, M|100/100
|-ability|p1a: Squawkabilly|Intimidate|boost
|-unboost|p2a: Skarmory|atk|1
|turn|2
|
|t:|1769376816
|move|p1a: Squawkabilly|Final Gambit|p2a: Skarmory
|-ability|p2a: Skarmory|Sturdy
|-damage|p2a: Skarmory|1/100
|faint|p1a: Squawkabilly
|move|p2a: Skarmory|Roost|p2a: Skarmory
|-heal|p2a: Skarmory|51/100
|-singleturn|p2a: Skarmory|move: Roost
|
|upkeep
|
|t:|1769376828
|switch|p1a: Kingdra|Kingdra, M|100/100
|turn|3
|
|t:|1769376834
|move|p1a: Kingdra|Agility|p1a: Kingdra
|-boost|p1a: Kingdra|spe|2
|move|p2a: Skarmory|Roost|p2a: Skarmory
|-heal|p2a: Skarmory|100/100
|-singleturn|p2a: Skarmory|move: Roost
|
|upkeep
|turn|4
|
|t:|1769376846
|switch|p2a: Clefable|Clefable, M|100/100
|move|p1a: Kingdra|Surf|p2a: Clefable
|-damage|p2a: Clefable|61/100
|
|upkeep
|turn|5
|
|t:|1769376858
|-terastallize|p1a: Kingdra|Water
|move|p1a: Kingdra|Focus Energy|p1a: Kingdra
|-start|p1a: Kingdra|move: Focus Energy
|move|p2a: Clefable|Moonlight|p2a: Clefable
|-heal|p2a: Clefable|100/100
|
|upkeep
|turn|6
|
|t:|1769376868
|move|p1a: Kingdra|Surf|p2a: Clefable
|-crit|p2a: Clefable
|-damage|p2a: Clefable|0 fnt
|faint|p2a: Clefable
|
|upkeep
|
|t:|1769376883
|switch|p2a: Slowking|Slowking-Galar, F|100/100
|turn|7
|
|t:|1769376888
|move|p1a: Kingdra|Draco Meteor|p2a: Slowking
|-crit|p2a: Slowking
|-damage|p2a: Slowking|38/100
|-unboost|p1a: Kingdra|spa|2
|move|p2a: Slowking|Psychic Noise|p1a: Kingdra
|-damage|p1a: Kingdra|56/100
|-start|p1a: Kingdra|move: Heal Block
|
|upkeep
|turn|8
|
|t:|1769376900
|move|p1a: Kingdra|Draco Meteor|p2a: Slowking
|-crit|p2a: Slowking
|-damage|p2a: Slowking|0 fnt
|-unboost|p1a: Kingdra|spa|2
|faint|p2a: Slowking
|
|-end|p1a: Kingdra|move: Heal Block
|upkeep
|
|t:|1769376905
|switch|p2a: Keldeo|Keldeo-Resolute|100/100
|turn|9
|
|t:|1769376909
|move|p1a: Kingdra|Draco Meteor|p2a: Keldeo
|-crit|p2a: Keldeo
|-damage|p2a: Keldeo|0 fnt
|-unboost|p1a: Kingdra|spa|2
|faint|p2a: Keldeo
|
|upkeep
|-message|Diplithe forfeited.
|
|win|focalors
|raw|focalors's rating: 1385 &rarr; <strong>1403</strong><br />(+18 for winning)
|raw|Diplithe's rating: 1349 &rarr; <strong>1331</strong><br />(-18 for losing)
|l|☆Diplithe
|player|p2|
|l|☆focalors
|player|p1|
