|j|☆AliB_16
|j|☆lbdrinkingpower
|t:|1769390003
|gametype|singles
|player|p1|AliB_16|2|1346
|player|p2|lbdrinkingpower|rocketgrunt|1346
|gen|9
|tier|[Gen 9] OU
|rated|
|rule|HP Percentage Mod: HP is shown in percentages
|rule|Endless Battle Clause: Forcing endless battles is banned
|rule|Species Clause: Limit one of each Pokémon
|rule|OHKO Clause: OHKO moves are banned
|rule|Evasion Items Clause: Evasion items are banned
|rule|Evasion Moves Clause: Evasion moves are banned
|rule|Evasion Abilities Clause: Evasion abilities are banned
|rule|Sleep Moves Clause: Sleep-inducing moves are banned
|clearpoke
|poke|p1|Kingambit, F|
|poke|p1|Great Tusk|
|poke|p1|Rillaboom, F|
|poke|p1|Garganacl, M|
|poke|p1|Slowking-Galar, F|
|poke|p1|Dragonite, F|
|poke|p2|Gliscor, F|
|poke|p2|Corviknight, F|
|poke|p2|Weezing-Galar, M|
|poke|p2|Alomomola, M|
|poke|p2|Zamazenta-*|
|poke|p2|Ditto|
|teampreview
|inactive|Battle timer is ON: inactive players will automatically lose when time's up. (requested by lbdrinkingpower)
|
|t:|1769390027
|teamsize|p1|6
|teamsize|p2|6
|start
|switch|p1a: Rillaboom|Rillaboom, F|100/100
|switch|p2a: Gliscor|Gliscor, F|100/100
|-fieldstart|move: Grassy Terrain|[from] ability: Grassy Surge|[of] p1a: Rillaboom
|turn|1
|
|t:|1769390030
|move|p2a: Gliscor|Protect|p2a: Gliscor
|-singleturn|p2a: Gliscor|Protect
|move|p1a: Rillaboom|Knock Off|p2a: Gliscor
|-activate|p2a: Gliscor|move: Protect
|
|-status|p2a: Gliscor|tox|[from] item: Toxic Orb
|upkeep
|turn|2
|
|t:|1769390039
|switch|p1a: Slowking|Slowking-Galar, F|100/100
|switch|p2a: Corviknight|Corviknight, F|100/100
|-ability|p2a: Corviknight|Pressure
|
|upkeep
|turn|3
|
|t:|1769390042
|move|p2a: Corviknight|U-turn|p1a: Slowking
|-damage|p1a: Slowking|86/100
|
|t:|1769390065
|switch|p2a: Alomomola|Alomomola, M|100/100|[from] U-turn
|move|p1a: Slowking|Flamethrower|p2a: Alomomola
|-resisted|p2a: Alomomola
|-damage|p2a: Alomomola|94/100
|
|-heal|p2a: Alomomola|99/100|[from] Grassy Terrain
|-heal|p1a: Slowking|92/100|[from] Grassy Terrain
|upkeep
|turn|4
|
|t:|1769390072
|move|p2a: Alomomola|Body Slam|p1a: Slowking
|-damage|p1a: Slowking|75/100
|move|p1a: Slowking|Sludge Bomb|p2a: Alomomola
|-damage|p2a: Alomomola|78/100
|
|-heal|p2a: Alomomola|84/100|[from] Grassy Terrain
|-heal|p1a: Slowking|81/100|[from] Grassy Terrain
|upkeep
|turn|5
|
|t:|1769390077
|move|p1a: Slowking|Sludge Bomb|p2a: Alomomola
|-damage|p2a: Alomomola|64/100
|move|p2a: Alomomola|Mirror Coat|p1a: Slowking
|-damage|p1a: Slowking|27/100
|
|-heal|p2a: Alomomola|70/100|[from] Grassy Terrain
|-heal|p1a: Slowking|33/100|[from] Grassy Terrain
|-fieldend|move: Grassy Terrain
|upkeep
|turn|6
|
|t:|1769390084
|switch|p1a: Garganacl|Garganacl, M|100/100
|move|p2a: Alomomola|Body Slam|p1a: Garganacl
|-resisted|p1a: Garganacl
|-damage|p1a: Garganacl|96/100
|
|-heal|p1a: Garganacl|100/100|[from] item: Leftovers
|upkeep
|turn|7
|
|t:|1769390089
|move|p2a: Alomomola|Flip Turn|p1a: Garganacl
|-supereffective|p1a: Garganacl
|-damage|p1a: Garganacl|77/100
|
|t:|1769390096
|switch|p2a: Weezing|Weezing-Galar, M|100/100|[from] Flip Turn
|-ability|p2a: Weezing|Neutralizing Gas
|move|p1a: Garganacl|Stealth Rock|p2a: Weezing
|-sidestart|p2: lbdrinkingpower|move: Stealth Rock
|
|-heal|p1a: Garganacl|83/100|[from] item: Leftovers
|upkeep
|turn|8
|
|t:|1769390101
|switch|p1a: Slowking|Slowking-Galar, F|66/100
|move|p2a: Weezing|Will-O-Wisp|p1a: Slowking
|-status|p1a: Slowking|brn
|
|-damage|p1a: Slowking|60/100 brn|[from] brn
|upkeep
|turn|9
|
|t:|1769390115
|-end|p2a: Weezing|ability: Neutralizing Gas
|switch|p2a: Alomomola|Alomomola, M|100/100
|-damage|p2a: Alomomola|88/100|[from] Stealth Rock
|move|p1a: Slowking|Sludge Bomb|p2a: Alomomola
|-damage|p2a: Alomomola|66/100
|
|-damage|p1a: Slowking|54/100 brn|[from] brn
|upkeep
|turn|10
|
|t:|1769390136
|switch|p1a: Rillaboom|Rillaboom, F|100/100
|-fieldstart|move: Grassy Terrain|[from] ability: Grassy Surge|[of] p1a: Rillaboom
|move|p2a: Alomomola|Mirror Coat||[still]
|-fail|p2a: Alomomola
|
|-heal|p2a: Alomomola|72/100|[from] Grassy Terrain
|upkeep
|turn|11
|
|t:|1769390140
|switch|p2a: Corviknight|Corviknight, F|100/100
|-damage|p2a: Corviknight|88/100|[from] Stealth Rock
|-ability|p2a: Corviknight|Pressure
|move|p1a: Rillaboom|U-turn|p2a: Corviknight
|-resisted|p2a: Corviknight
|-damage|p2a: Corviknight|82/100
|-damage|p1a: Rillaboom|84/100|[from] item: Rocky Helmet|[of] p2a: Corviknight
|
|t:|1769390148
|switch|p1a: Garganacl|Garganacl, M|83/100|[from] U-turn
|
|-heal|p1a: Garganacl|89/100|[from] Grassy Terrain
|-heal|p1a: Garganacl|95/100|[from] item: Leftovers
|upkeep
|turn|12
|
|t:|1769390169
|move|p2a: Corviknight|U-turn|p1a: Garganacl
|-damage|p1a: Garganacl|85/100
|
|t:|1769390174
|switch|p2a: Gliscor|Gliscor, F|100/100 tox|[from] U-turn
|-damage|p2a: Gliscor|88/100 tox|[from] Stealth Rock
|move|p1a: Garganacl|Salt Cure|p2a: Gliscor
|-damage|p2a: Gliscor|76/100 tox
|-start|p2a: Gliscor|Salt Cure
|
|-heal|p1a: Garganacl|92/100|[from] Grassy Terrain
|-heal|p1a: Garganacl|98/100|[from] item: Leftovers
|-heal|p2a: Gliscor|89/100 tox|[from] ability: Poison Heal
|-damage|p2a: Gliscor|76/100 tox|[from] Salt Cure
|upkeep
|turn|13
|
|t:|1769390184
|switch|p1a: Rillaboom|Rillaboom, F|84/100
|move|p2a: Gliscor|Earthquake|p1a: Rillaboom
|-resisted|p1a: Rillaboom
|-damage|p1a: Rillaboom|75/100
|
|-heal|p1a: Rillaboom|81/100|[from] Grassy Terrain
|-heal|p2a: Gliscor|89/100 tox|[from] ability: Poison Heal
|-damage|p2a: Gliscor|76/100 tox|[from] Salt Cure
|upkeep
|turn|14
|
|t:|1769390193
|switch|p2a: Corviknight|Corviknight, F|82/100
|-damage|p2a: Corviknight|69/100|[from] Stealth Rock
|-ability|p2a: Corviknight|Pressure
|move|p1a: Rillaboom|Knock Off|p2a: Corviknight
|-damage|p2a: Corviknight|34/100
|-damage|p1a: Rillaboom|64/100|[from] item: Rocky Helmet|[of] p2a: Corviknight
|-enditem|p2a: Corviknight|Rocky Helmet|[from] move: Knock Off|[of] p1a: Rillaboom
|
|-heal|p1a: Rillaboom|71/100|[from] Grassy Terrain
|-fieldend|move: Grassy Terrain
|upkeep
|turn|15
|
|t:|1769390206
|switch|p1a: Slowking|Slowking-Galar, F|87/100 brn
|move|p2a: Corviknight|Roost|p2a: Corviknight
|-heal|p2a: Corviknight|84/100
|-singleturn|p2a: Corviknight|move: Roost
|
|-damage|p1a: Slowking|81/100 brn|[from] brn
|upkeep
|turn|16
|
|t:|1769390212
|move|p2a: Corviknight|U-turn|p1a: Slowking
|-damage|p1a: Slowking|66/100 brn
|
|t:|1769390223
|switch|p2a: Alomomola|Alomomola, M|100/100|[from] U-turn
|-damage|p2a: Alomomola|88/100|[from] Stealth Rock
|move|p1a: Slowking|Flamethrower|p2a: Alomomola
|-resisted|p2a: Alomomola
|-damage|p2a: Alomomola|81/100
|
|-damage|p1a: Slowking|60/100 brn|[from] brn
|upkeep
|turn|17
|
|t:|1769390229
|move|p2a: Alomomola|Flip Turn|p1a: Slowking
|-damage|p1a: Slowking|44/100 brn
|
|t:|1769390247
|switch|p2a: Weezing|Weezing-Galar, M|100/100|[from] Flip Turn
|-ability|p2a: Weezing|Neutralizing Gas
|move|p1a: Slowking|Sludge Bomb|p2a: Weezing
|-damage|p2a: Weezing|42/100
|
|-damage|p1a: Slowking|38/100 brn|[from] brn
|upkeep
|turn|18
|
|t:|1769390258
|-end|p2a: Weezing|ability: Neutralizing Gas
|switch|p2a: Alomomola|Alomomola, M|100/100
|-damage|p2a: Alomomola|88/100|[from] Stealth Rock
|move|p1a: Slowking|Flamethrower|p2a: Alomomola
|-resisted|p2a: Alomomola
|-damage|p2a: Alomomola|81/100
|
|-damage|p1a: Slowking|32/100 brn|[from] brn
|upkeep
|turn|19
|
|t:|1769390263
|switch|p1a: Rillaboom|Rillaboom, F|71/100
|-fieldstart|move: Grassy Terrain|[from] ability: Grassy Surge|[of] p1a: Rillaboom
|move|p2a: Alomomola|Body Slam|p1a: Rillaboom
|-damage|p1a: Rillaboom|53/100
|
|-heal|p1a: Rillaboom|59/100|[from] Grassy Terrain
|-heal|p2a: Alomomola|87/100|[from] Grassy Terrain
|upkeep
|turn|20
|
|t:|1769390271
|switch|p2a: Weezing|Weezing-Galar, M|42/100
|-ability|p2a: Weezing|Neutralizing Gas
|move|p1a: Rillaboom|U-turn|p2a: Weezing
|-resisted|p2a: Weezing
|-damage|p2a: Weezing|36/100
|
|t:|1769390290
|switch|p1a: Dragonite|Dragonite, F|100/100|[from] U-turn
|
|-heal|p2a: Weezing|42/100|[from] Grassy Terrain
|upkeep
|turn|21
|
|t:|1769390298
|move|p1a: Dragonite|Earthquake|p2a: Weezing
|-supereffective|p2a: Weezing
|-damage|p2a: Weezing|20/100
|move|p2a: Weezing|Will-O-Wisp|p1a: Dragonite
|-status|p1a: Dragonite|brn
|
|-heal|p2a: Weezing|26/100|[from] Grassy Terrain
|-damage|p1a: Dragonite|94/100 brn|[from] brn
|upkeep
|turn|22
|
|t:|1769390304
|switch|p1a: Slowking|Slowking-Galar, F|65/100 brn
|move|p2a: Weezing|Pain Split|p1a: Slowking
|-sethp|p1a: Slowking|43/100 brn|[from] move: Pain Split|[silent]
|-sethp|p2a: Weezing|51/100|[from] move: Pain Split
|
|-heal|p2a: Weezing|57/100|[from] Grassy Terrain
|-heal|p1a: Slowking|49/100 brn|[from] Grassy Terrain
|-damage|p1a: Slowking|43/100 brn|[from] brn
|upkeep
|turn|23
|
|t:|1769390307
|-end|p2a: Weezing|ability: Neutralizing Gas
|switch|p2a: Alomomola|Alomomola, M|100/100
|-damage|p2a: Alomomola|88/100|[from] Stealth Rock
|move|p1a: Slowking|Sludge Bomb|p2a: Alomomola
|-damage|p2a: Alomomola|66/100
|
|-heal|p2a: Alomomola|72/100|[from] Grassy Terrain
|-heal|p1a: Slowking|49/100 brn|[from] Grassy Terrain
|-damage|p1a: Slowking|43/100 brn|[from] brn
|-fieldend|move: Grassy Terrain
|upkeep
|turn|24
|
|t:|1769390319
|switch|p1a: Rillaboom|Rillaboom, F|59/100
|-fieldstart|move: Grassy Terrain|[from] ability: Grassy Surge|[of] p1a: Rillaboom
|move|p2a: Alomomola|Mirror Coat||[still]
|-fail|p2a: Alomomola
|
|-heal|p1a: Rillaboom|65/100|[from] Grassy Terrain
|-heal|p2a: Alomomola|78/100|[from] Grassy Terrain
|upkeep
|turn|25
|
|t:|1769390324
|switch|p2a: Corviknight|Corviknight, F|84/100
|-damage|p2a: Corviknight|71/100|[from] Stealth Rock
|-ability|p2a: Corviknight|Pressure
|move|p1a: Rillaboom|U-turn|p2a: Corviknight
|-resisted|p2a: Corviknight
|-damage|p2a: Corviknight|64/100
|
|t:|1769390329
|switch|p1a: Garganacl|Garganacl, M|98/100|[from] U-turn
|
|-heal|p1a: Garganacl|100/100|[from] Grassy Terrain
|upkeep
|turn|26
|
|t:|1769390344
|move|p2a: Corviknight|U-turn|p1a: Garganacl
|-damage|p1a: Garganacl|91/100
|
|t:|1769390347
|switch|p2a: Gliscor|Gliscor, F|76/100 tox|[from] U-turn
|-damage|p2a: Gliscor|64/100 tox|[from] Stealth Rock
|move|p1a: Garganacl|Salt Cure|p2a: Gliscor
|-damage|p2a: Gliscor|52/100 tox
|-start|p2a: Gliscor|Salt Cure
|
|-heal|p1a: Garganacl|97/100|[from] Grassy Terrain
|-heal|p1a: Garganacl|100/100|[from] item: Leftovers
|-heal|p2a: Gliscor|64/100 tox|[from] ability: Poison Heal
|-damage|p2a: Gliscor|52/100 tox|[from] Salt Cure
|upkeep
|turn|27
|
|t:|1769390353
|move|p2a: Gliscor|Earthquake|p1a: Garganacl
|-supereffective|p1a: Garganacl
|-damage|p1a: Garganacl|78/100
|move|p1a: Garganacl|Salt Cure|p2a: Gliscor
|-damage|p2a: Gliscor|40/100 tox
|
|-heal|p1a: Garganacl|84/100|[from] Grassy Terrain
|-heal|p1a: Garganacl|91/100|[from] item: Leftovers
|-heal|p2a: Gliscor|52/100 tox|[from] ability: Poison Heal
|-damage|p2a: Gliscor|40/100 tox|[from] Salt Cure
|upkeep
|turn|28
|
|t:|1769390361
|switch|p2a: Weezing|Weezing-Galar, M|57/100
|-ability|p2a: Weezing|Neutralizing Gas
|move|p1a: Garganacl|Salt Cure|p2a: Weezing
|-damage|p2a: Weezing|47/100
|-start|p2a: Weezing|Salt Cure
|
|-heal|p2a: Weezing|53/100|[from] Grassy Terrain
|-heal|p1a: Garganacl|97/100|[from] Grassy Terrain
|-heal|p1a: Garganacl|100/100|[from] item: Leftovers
|-damage|p2a: Weezing|41/100|[from] Salt Cure
|-fieldend|move: Grassy Terrain
|upkeep
|turn|29
|
|t:|1769390365
|move|p1a: Garganacl|Protect|p1a: Garganacl
|-singleturn|p1a: Garganacl|Protect
|move|p2a: Weezing|Pain Split|p1a: Garganacl
|-activate|p1a: Garganacl|move: Protect
|
|-damage|p2a: Weezing|29/100|[from] Salt Cure
|upkeep
|turn|30
|
|t:|1769390376
|switch|p1a: Rillaboom|Rillaboom, F|65/100
|move|p2a: Weezing|Pain Split|p1a: Rillaboom
|-sethp|p1a: Rillaboom|47/100|[from] move: Pain Split|[silent]
|-sethp|p2a: Weezing|48/100|[from] move: Pain Split
|
|-damage|p2a: Weezing|35/100|[from] Salt Cure
|upkeep
|turn|31
|
|t:|1769390388
|move|p1a: Rillaboom|Wood Hammer|p2a: Weezing
|-resisted|p2a: Weezing
|-damage|p2a: Weezing|1/100
|-damage|p1a: Rillaboom|35/100|[from] Recoil
|move|p2a: Weezing|Will-O-Wisp|p1a: Rillaboom
|-status|p1a: Rillaboom|brn
|
|-damage|p1a: Rillaboom|29/100 brn|[from] brn
|-damage|p2a: Weezing|0 fnt|[from] Salt Cure
|faint|p2a: Weezing
|-end|p2a: Weezing|ability: Neutralizing Gas
|-fieldstart|move: Grassy Terrain|[from] ability: Grassy Surge|[of] p1a: Rillaboom
|upkeep
|
|t:|1769390395
|switch|p2a: Corviknight|Corviknight, F|64/100
|-damage|p2a: Corviknight|52/100|[from] Stealth Rock
|-ability|p2a: Corviknight|Pressure
|turn|32
|
|t:|1769390402
|switch|p1a: Slowking|Slowking-Galar, F|77/100 brn
|move|p2a: Corviknight|Roost|p2a: Corviknight
|-heal|p2a: Corviknight|100/100
|-singleturn|p2a: Corviknight|move: Roost
|
|-heal|p1a: Slowking|83/100 brn|[from] Grassy Terrain
|-damage|p1a: Slowking|77/100 brn|[from] brn
|upkeep
|turn|33
|
|t:|1769390407
|move|p2a: Corviknight|U-turn|p1a: Slowking
|-damage|p1a: Slowking|62/100 brn
|
|t:|1769390409
|switch|p2a: Alomomola|Alomomola, M|100/100|[from] U-turn
|-damage|p2a: Alomomola|88/100|[from] Stealth Rock
|move|p1a: Slowking|Sludge Bomb|p2a: Alomomola
|-damage|p2a: Alomomola|68/100
|
|-heal|p2a: Alomomola|74/100|[from] Grassy Terrain
|-heal|p1a: Slowking|68/100 brn|[from] Grassy Terrain
|-damage|p1a: Slowking|62/100 brn|[from] brn
|upkeep
|turn|34
|
|t:|1769390420
|switch|p1a: Garganacl|Garganacl, M|100/100
|move|p2a: Alomomola|Body Slam|p1a: Garganacl
|-resisted|p1a: Garganacl
|-damage|p1a: Garganacl|96/100
|
|-heal|p2a: Alomomola|80/100|[from] Grassy Terrain
|-heal|p1a: Garganacl|100/100|[from] Grassy Terrain
|upkeep
|turn|35
|
|t:|1769390433
|move|p2a: Alomomola|Flip Turn|p1a: Garganacl
|-supereffective|p1a: Garganacl
|-damage|p1a: Garganacl|81/100
|
|t:|1769390440
|switch|p2a: Zamazenta|Zamazenta|100/100|[from] Flip Turn
|-damage|p2a: Zamazenta|94/100|[from] Stealth Rock
|-ability|p2a: Zamazenta|Dauntless Shield|boost
|-boost|p2a: Zamazenta|def|1
|move|p1a: Garganacl|Salt Cure|p2a: Zamazenta
|-resisted|p2a: Zamazenta
|-damage|p2a: Zamazenta|90/100
|-start|p2a: Zamazenta|Salt Cure
|
|-heal|p2a: Zamazenta|96/100|[from] Grassy Terrain
|-heal|p1a: Garganacl|87/100|[from] Grassy Terrain
|-heal|p1a: Garganacl|93/100|[from] item: Leftovers
|-damage|p2a: Zamazenta|84/100|[from] Salt Cure
|upkeep
|turn|36
|
|t:|1769390448
|switch|p1a: Slowking|Slowking-Galar, F|95/100 brn
|move|p2a: Zamazenta|Close Combat|p1a: Slowking
|-resisted|p1a: Slowking
|-damage|p1a: Slowking|73/100 brn
|-unboost|p2a: Zamazenta|def|1
|-unboost|p2a: Zamazenta|spd|1
|
|-heal|p2a: Zamazenta|90/100|[from] Grassy Terrain
|-heal|p1a: Slowking|79/100 brn|[from] Grassy Terrain
|-damage|p1a: Slowking|73/100 brn|[from] brn
|-damage|p2a: Zamazenta|78/100|[from] Salt Cure
|-fieldend|move: Grassy Terrain
|upkeep
|turn|37
|
|t:|1769390455
|switch|p2a: Alomomola|Alomomola, M|100/100
|-damage|p2a: Alomomola|88/100|[from] Stealth Rock
|move|p1a: Slowking|Psyshock|p2a: Alomomola
|-damage|p2a: Alomomola|61/100
|
|-damage|p1a: Slowking|66/100 brn|[from] brn
|upkeep
|turn|38
|
|t:|1769390464
|switch|p1a: Garganacl|Garganacl, M|93/100
|move|p2a: Alomomola|Flip Turn|p1a: Garganacl
|-supereffective|p1a: Garganacl
|-damage|p1a: Garganacl|73/100
|
|t:|1769390468
|switch|p2a: Zamazenta|Zamazenta|78/100|[from] Flip Turn
|-damage|p2a: Zamazenta|72/100|[from] Stealth Rock
|
|-heal|p1a: Garganacl|79/100|[from] item: Leftovers
|upkeep
|turn|39
|
|t:|1769390482
|switch|p1a: Rillaboom|Rillaboom, F|29/100 brn
|-fieldstart|move: Grassy Terrain|[from] ability: Grassy Surge|[of] p1a: Rillaboom
|move|p2a: Zamazenta|Crunch|p1a: Rillaboom
|-damage|p1a: Rillaboom|0 fnt
|faint|p1a: Rillaboom
|
|-heal|p2a: Zamazenta|78/100|[from] Grassy Terrain
|upkeep
|
|t:|1769390498
|switch|p1a: Slowking|Slowking-Galar, F|99/100 brn
|turn|40
|
|t:|1769390500
|move|p2a: Zamazenta|Crunch|p1a: Slowking
|-supereffective|p1a: Slowking
|-damage|p1a: Slowking|19/100 brn
|-unboost|p1a: Slowking|def|1
|move|p1a: Slowking|Psyshock|p2a: Zamazenta
|-supereffective|p2a: Zamazenta
|-damage|p2a: Zamazenta|7/100
|
|-heal|p2a: Zamazenta|13/100|[from] Grassy Terrain
|-heal|p1a: Slowking|25/100 brn|[from] Grassy Terrain
|-damage|p1a: Slowking|19/100 brn|[from] brn
|upkeep
|turn|41
|
|t:|1769390507
|switch|p1a: Dragonite|Dragonite, F|94/100 brn
|move|p2a: Zamazenta|Crunch|p1a: Dragonite
|-damage|p1a: Dragonite|49/100 brn
|
|-heal|p2a: Zamazenta|19/100|[from] Grassy Terrain
|-damage|p1a: Dragonite|43/100 brn|[from] brn
|upkeep
|turn|42
|
|t:|1769390513
|move|p1a: Dragonite|Extreme Speed|p2a: Zamazenta
|-damage|p2a: Zamazenta|7/100
|move|p2a: Zamazenta|Crunch|p1a: Dragonite
|-damage|p1a: Dragonite|0 fnt
|faint|p1a: Dragonite
|
|-heal|p2a: Zamazenta|13/100|[from] Grassy Terrain
|upkeep
|
|t:|1769390519
|switch|p1a: Great Tusk|Great Tusk|100/100
|turn|43
|
|t:|1769390527
|switch|p2a: Corviknight|Corviknight, F|100/100
|-damage|p2a: Corviknight|88/100|[from] Stealth Rock
|-ability|p2a: Corviknight|Pressure
|move|p1a: Great Tusk|Headlong Rush|p2a: Corviknight
|-immune|p2a: Corviknight
|
|-fieldend|move: Grassy Terrain
|upkeep
|turn|44
|inactive|lbdrinkingpower has 120 seconds left.
|
|t:|1769390559
|move|p1a: Great Tusk|Knock Off|p2a: Corviknight
|-damage|p2a: Corviknight|73/100
|move|p2a: Corviknight|Iron Defense|p2a: Corviknight
|-boost|p2a: Corviknight|def|2
|
|upkeep
|turn|45
|
|t:|1769390565
|-end|p1a: Great Tusk|Protosynthesis|[silent]
|switch|p1a: Slowking|Slowking-Galar, F|52/100 brn
|move|p2a: Corviknight|Iron Defense|p2a: Corviknight
|-boost|p2a: Corviknight|def|2
|
|-damage|p1a: Slowking|46/100 brn|[from] brn
|upkeep
|turn|46
|
|t:|1769390571
|-terastallize|p2a: Corviknight|Dragon
|move|p2a: Corviknight|Body Press|p1a: Slowking
|-resisted|p1a: Slowking
|-damage|p1a: Slowking|27/100 brn
|move|p1a: Slowking|Flamethrower|p2a: Corviknight
|-resisted|p2a: Corviknight
|-damage|p2a: Corviknight|60/100
|
|-damage|p1a: Slowking|21/100 brn|[from] brn
|upkeep
|turn|47
|
|t:|1769390586
|move|p2a: Corviknight|Body Press|p1a: Slowking
|-resisted|p1a: Slowking
|-damage|p1a: Slowking|1/100 brn
|move|p1a: Slowking|Ice Beam|p2a: Corviknight
|-supereffective|p2a: Corviknight
|-damage|p2a: Corviknight|5/100
|
|-damage|p1a: Slowking|0 fnt|[from] brn
|faint|p1a: Slowking
|upkeep
|
|t:|1769390593
|switch|p1a: Great Tusk|Great Tusk|100/100
|turn|48
|
|t:|1769390599
|move|p1a: Great Tusk|Ice Spinner|p2a: Corviknight
|-supereffective|p2a: Corviknight
|-damage|p2a: Corviknight|0 fnt
|faint|p2a: Corviknight
|
|upkeep
|
|t:|1769390606
|switch|p2a: Zamazenta|Zamazenta|13/100
|-damage|p2a: Zamazenta|7/100|[from] Stealth Rock
|turn|49
|
|t:|1769390613
|move|p2a: Zamazenta|Close Combat|p1a: Great Tusk
|-damage|p1a: Great Tusk|41/100
|-unboost|p2a: Zamazenta|def|1
|-unboost|p2a: Zamazenta|spd|1
|move|p1a: Great Tusk|Ice Spinner|p2a: Zamazenta
|-damage|p2a: Zamazenta|0 fnt
|faint|p2a: Zamazenta
|
|upkeep
|
|t:|1769390619
|switch|p2a: Ditto|Ditto|100/100
|-damage|p2a: Ditto|88/100|[from] Stealth Rock
|-transform|p2a: Ditto|p1a: Great Tusk|[from] ability: Imposter
|turn|50
|
|t:|1769390630
|move|p2a: Ditto|Headlong Rush|p1a: Great Tusk
|-damage|p1a: Great Tusk|0 fnt
|-unboost|p2a: Ditto|def|1
|-unboost|p2a: Ditto|spd|1
|faint|p1a: Great Tusk
|-end|p1a: Great Tusk|Protosynthesis|[silent]
|
|upkeep
|
|t:|1769390634
|switch|p1a: Garganacl|Garganacl, M|79/100
|turn|51
|
|t:|1769390640
|-terastallize|p1a: Garganacl|Flying
|move|p2a: Ditto|Headlong Rush|p1a: Garganacl
|-immune|p1a: Garganacl
|move|p1a: Garganacl|Salt Cure|p2a: Ditto
|-resisted|p2a: Ditto
|-damage|p2a: Ditto|83/100
|-start|p2a: Ditto|Salt Cure
|
|-heal|p1a: Garganacl|86/100|[from] item: Leftovers
|-damage|p2a: Ditto|71/100|[from] Salt Cure
|upkeep
|turn|52
|
|t:|1769390645
|-end|p2a: Ditto|Protosynthesis|[silent]
|switch|p2a: Gliscor|Gliscor, F|40/100 tox
|-damage|p2a: Gliscor|28/100 tox|[from] Stealth Rock
|move|p1a: Garganacl|Salt Cure|p2a: Gliscor
|-crit|p2a: Gliscor
|-damage|p2a: Gliscor|12/100 tox
|-start|p2a: Gliscor|Salt Cure
|
|-heal|p1a: Garganacl|92/100|[from] item: Leftovers
|-heal|p2a: Gliscor|24/100 tox|[from] ability: Poison Heal
|-damage|p2a: Gliscor|12/100 tox|[from] Salt Cure
|upkeep
|turn|53
|
|t:|1769390650
|move|p2a: Gliscor|Earthquake|p1a: Garganacl
|-immune|p1a: Garganacl
|move|p1a: Garganacl|Salt Cure|p2a: Gliscor
|-damage|p2a: Gliscor|0 fnt
|faint|p2a: Gliscor
|
|-heal|p1a: Garganacl|98/100|[from] item: Leftovers
|upkeep
|
|t:|1769390652
|switch|p2a: Ditto|Ditto|71/100
|-damage|p2a: Ditto|59/100|[from] Stealth Rock
|-transform|p2a: Ditto|p1a: Garganacl|[from] ability: Imposter
|-start|p2a: Ditto|typechange|Rock|[silent]
|turn|54
|
|t:|1769390660
|move|p2a: Ditto|Salt Cure|p1a: Garganacl
|-supereffective|p1a: Garganacl
|-damage|p1a: Garganacl|80/100
|-start|p1a: Garganacl|Salt Cure
|move|p1a: Garganacl|Salt Cure|p2a: Ditto
|-crit|p2a: Ditto
|-damage|p2a: Ditto|39/100
|-start|p2a: Ditto|Salt Cure
|
|-heal|p1a: Garganacl|86/100|[from] item: Leftovers
|-damage|p2a: Ditto|26/100|[from] Salt Cure
|-damage|p1a: Garganacl|74/100|[from] Salt Cure
|upkeep
|turn|55
|
|t:|1769390673
|move|p2a: Ditto|Salt Cure|p1a: Garganacl
|-supereffective|p1a: Garganacl
|-crit|p1a: Garganacl
|-damage|p1a: Garganacl|48/100
|move|p1a: Garganacl|Recover|p1a: Garganacl
|-heal|p1a: Garganacl|98/100
|
|-heal|p1a: Garganacl|100/100|[from] item: Leftovers
|-damage|p2a: Ditto|14/100|[from] Salt Cure
|-damage|p1a: Garganacl|88/100|[from] Salt Cure
|upkeep
|turn|56
|
|t:|1769390677
|move|p2a: Ditto|Salt Cure|p1a: Garganacl
|-supereffective|p1a: Garganacl
|-damage|p1a: Garganacl|69/100
|move|p1a: Garganacl|Salt Cure|p2a: Ditto
|-damage|p2a: Ditto|2/100
|
|-heal|p1a: Garganacl|75/100|[from] item: Leftovers
|-damage|p2a: Ditto|0 fnt|[from] Salt Cure
|faint|p2a: Ditto
|-damage|p1a: Garganacl|63/100|[from] Salt Cure
|upkeep
|-message|lbdrinkingpower forfeited.
|
|win|AliB_16
|raw|AliB_16's rating: 1346 &rarr; <strong>1366</strong><br />(+20 for winning)
|raw|lbdrinkingpower's rating: 1346 &rarr; <strong>1326</strong><br />(-20 for losing)
|l|☆lbdrinkingpower
|player|p2|
