|j|☆jxnpm80
|j|☆charter-spectrum
|t:|1769376773
|gametype|singles
|player|p1|jxnpm80|101|1244
|player|p2|charter-spectrum|101|1289
|gen|9
|tier|[Gen 9] OU
|rated|
|rule|HP Percentage Mod: HP is shown in percentages
|rule|Endless Battle Clause: Forcing endless battles is banned
|rule|Species Clause: Limit one of each Pokémon
|rule|OHKO Clause: OHKO moves are banned
|rule|Evasion Items Clause: Evasion items are banned
|rule|Evasion Moves Clause: Evasion moves are banned
|rule|Evasion Abilities Clause: Evasion abilities are banned
|rule|Sleep Moves Clause: Sleep-inducing moves are banned
|clearpoke
|poke|p1|Slowking-Galar, F|
|poke|p1|Slowbro, F|
|poke|p1|Alomomola, F|
|poke|p1|Gholdengo|
|poke|p1|Great Tusk|
|poke|p1|Tornadus-Therian, M|
|poke|p2|Kingambit, M|
|poke|p2|Deoxys-Speed|
|poke|p2|Great Tusk|
|poke|p2|Dragonite, F|
|poke|p2|Iron Moth|
|poke|p2|Primarina, F|
|teampreview
|
|t:|1769376812
|teamsize|p1|6
|teamsize|p2|6
|start
|switch|p1a: Jerry|Tornadus-Therian, M|100/100
|switch|p2a: Siren|Primarina, F|100/100
|turn|1
|inactive|Battle timer is ON: inactive players will automatically lose when time's up. (requested by charter-spectrum)
|
|t:|1769376818
|move|p1a: Jerry|Taunt|p2a: Siren
|-start|p2a: Siren|move: Taunt
|move|p2a: Siren|Whirlpool|p1a: Jerry
|-damage|p1a: Jerry|73/100
|-activate|p1a: Jerry|move: Whirlpool|[of] p2a: Siren
|
|-damage|p1a: Jerry|61/100|[from] move: Whirlpool|[partiallytrapped]
|upkeep
|turn|2
|inactive|charter-spectrum has 120 seconds left.
|
|t:|1769376850
|move|p1a: Jerry|U-turn|p2a: Siren
|-resisted|p2a: Siren
|-damage|p2a: Siren|87/100
|
|t:|1769376856
|switch|p1a: Patrick|Slowbro, F|100/100|[from] U-turn
|move|p2a: Siren|Surf|p1a: Patrick
|-resisted|p1a: Patrick
|-damage|p1a: Patrick|73/100
|
|-heal|p1a: Patrick|79/100|[from] item: Leftovers
|upkeep
|turn|3
|
|t:|1769376866
|switch|p2a: Anomаly|Iron Moth|100/100
|-enditem|p2a: Anomаly|Booster Energy
|-activate|p2a: Anomаly|ability: Quark Drive|[fromitem]
|-start|p2a: Anomаly|quarkdrivespe
|move|p1a: Patrick|Thunder Wave|p2a: Anomаly|[miss]
|-miss|p1a: Patrick|p2a: Anomаly
|
|-heal|p1a: Patrick|85/100|[from] item: Leftovers
|upkeep
|turn|4
|
|t:|1769376875
|move|p2a: Anomаly|Toxic Spikes|p1a: Patrick
|-sidestart|p1: jxnpm80|move: Toxic Spikes
|move|p1a: Patrick|Thunder Wave|p2a: Anomаly
|-status|p2a: Anomаly|par
|
|-heal|p1a: Patrick|91/100|[from] item: Leftovers
|upkeep
|turn|5
|
|t:|1769376880
|-end|p2a: Anomаly|Quark Drive|[silent]
|switch|p2a: Meruem|Kingambit, M|100/100
|move|p1a: Patrick|Future Sight|p2a: Meruem
|-start|p1a: Patrick|move: Future Sight
|
|-heal|p1a: Patrick|97/100|[from] item: Leftovers
|upkeep
|turn|6
|
|t:|1769376891
|move|p2a: Meruem|Kowtow Cleave|p1a: Patrick
|-supereffective|p1a: Patrick
|-damage|p1a: Patrick|38/100
|move|p1a: Patrick|Body Press|p2a: Meruem
|-supereffective|p2a: Meruem
|-damage|p2a: Meruem|21/100
|
|-heal|p2a: Meruem|27/100|[from] item: Leftovers
|-heal|p1a: Patrick|44/100|[from] item: Leftovers
|upkeep
|turn|7
|
|t:|1769376904
|switch|p1a: Silvio|Great Tusk|100/100
|-status|p1a: Silvio|psn
|move|p2a: Meruem|Kowtow Cleave|p1a: Silvio
|-resisted|p1a: Silvio
|-damage|p1a: Silvio|81/100 psn
|
|-end|p2a: Meruem|move: Future Sight
|-immune|p2a: Meruem
|-heal|p2a: Meruem|33/100|[from] item: Leftovers
|-damage|p1a: Silvio|69/100 psn|[from] psn
|upkeep
|turn|8
|
|t:|1769376914
|-end|p2a: Meruem|fallenundefined|[silent]
|switch|p2a: Yoshi|Dragonite, F, shiny|100/100
|move|p1a: Silvio|Stealth Rock|p2a: Yoshi
|-sidestart|p2: charter-spectrum|move: Stealth Rock
|
|-damage|p1a: Silvio|56/100 psn|[from] psn
|upkeep
|turn|9
|
|t:|1769376922
|move|p1a: Silvio|Rapid Spin|p2a: Yoshi
|-damage|p2a: Yoshi|91/100
|-boost|p1a: Silvio|spe|1
|-sideend|p1: jxnpm80|Toxic Spikes|[from] move: Rapid Spin|[of] p1a: Silvio
|move|p2a: Yoshi|Earthquake|p1a: Silvio
|-damage|p1a: Silvio|16/100 psn
|
|-damage|p1a: Silvio|3/100 psn|[from] psn
|upkeep
|turn|10
|
|t:|1769376929
|switch|p2a: Anomаly|Iron Moth|100/100 par
|-damage|p2a: Anomаly|76/100 par|[from] Stealth Rock
|move|p1a: Silvio|Close Combat|p2a: Anomаly
|-resisted|p2a: Anomаly
|-damage|p2a: Anomаly|34/100 par
|-unboost|p1a: Silvio|def|1
|-unboost|p1a: Silvio|spd|1
|
|-damage|p1a: Silvio|0 fnt|[from] psn
|faint|p1a: Silvio
|-end|p1a: Silvio|Protosynthesis|[silent]
|upkeep
|
|t:|1769376939
|switch|p1a: Jerry|Tornadus-Therian, M|94/100
|turn|11
|
|t:|1769376941
|move|p1a: Jerry|Knock Off|p2a: Anomаly
|-damage|p2a: Anomаly|6/100 par
|cant|p2a: Anomаly|par
|
|upkeep
|turn|12
|
|t:|1769376946
|move|p1a: Jerry|U-turn|p2a: Anomаly
|-resisted|p2a: Anomаly
|-damage|p2a: Anomаly|0 fnt
|faint|p2a: Anomаly
|-end|p2a: Anomаly|Quark Drive|[silent]
|
|t:|1769376948
|switch|p1a: Nemo|Alomomola, F|100/100|[from] U-turn
|
|upkeep
|
|t:|1769376954
|switch|p2a: Siren|Primarina, F|87/100
|-damage|p2a: Siren|75/100|[from] Stealth Rock
|turn|13
|
|t:|1769376958
|move|p2a: Siren|Whirlpool|p1a: Nemo
|-resisted|p1a: Nemo
|-damage|p1a: Nemo|89/100
|-activate|p1a: Nemo|move: Whirlpool|[of] p2a: Siren
|move|p1a: Nemo|Wish|p1a: Nemo
|
|-damage|p1a: Nemo|77/100|[from] move: Whirlpool|[partiallytrapped]
|upkeep
|turn|14
|
|t:|1769376963
|move|p2a: Siren|Psychic Noise|p1a: Nemo
|-damage|p1a: Nemo|46/100
|-start|p1a: Nemo|move: Heal Block
|move|p1a: Nemo|Flip Turn|p2a: Siren
|-resisted|p2a: Siren
|-damage|p2a: Siren|64/100
|
|t:|1769376968
|switch|p1a: Druid|Slowking-Galar, F|100/100|[from] Flip Turn
|
|upkeep
|turn|15
|
|t:|1769376976
|move|p2a: Siren|Psychic Noise|p1a: Druid
|-damage|p1a: Druid|82/100
|-start|p1a: Druid|move: Heal Block
|move|p1a: Druid|Trick|p2a: Siren
|-activate|p1a: Druid|move: Trick|[of] p2a: Siren
|-item|p2a: Siren|Black Sludge|[from] move: Trick
|-item|p1a: Druid|Assault Vest|[from] move: Trick
|
|-damage|p2a: Siren|52/100|[from] item: Black Sludge
|upkeep
|turn|16
|
|t:|1769376992
|-terastallize|p2a: Siren|Poison
|move|p2a: Siren|Psychic Noise|p1a: Druid
|-damage|p1a: Druid|69/100
|move|p1a: Druid|Sludge Bomb|p2a: Siren
|-resisted|p2a: Siren
|-damage|p2a: Siren|35/100
|
|-heal|p2a: Siren|42/100|[from] item: Black Sludge
|-end|p1a: Druid|move: Heal Block
|upkeep
|turn|17
|
|t:|1769377005
|move|p2a: Siren|Psychic Noise|p1a: Druid
|-damage|p1a: Druid|57/100
|-start|p1a: Druid|move: Heal Block
|move|p1a: Druid|Psyshock|p2a: Siren
|-supereffective|p2a: Siren
|-damage|p2a: Siren|0 fnt
|faint|p2a: Siren
|
|upkeep
|
|t:|1769377016
|switch|p2a: Meruem|Kingambit, M|33/100
|-damage|p2a: Meruem|27/100|[from] Stealth Rock
|-activate|p2a: Meruem|ability: Supreme Overlord
|-start|p2a: Meruem|fallen2|[silent]
|turn|18
|
|t:|1769377021
|switch|p1a: Nemo|Alomomola, F|80/100
|move|p2a: Meruem|Kowtow Cleave|p1a: Nemo
|-crit|p1a: Nemo
|-damage|p1a: Nemo|30/100
|-damage|p2a: Meruem|10/100|[from] item: Rocky Helmet|[of] p1a: Nemo
|
|-heal|p2a: Meruem|16/100|[from] item: Leftovers
|upkeep
|turn|19
|
|t:|1769377028
|move|p1a: Nemo|Wish|p1a: Nemo
|move|p2a: Meruem|Kowtow Cleave|p1a: Nemo
|-damage|p1a: Nemo|0 fnt
|-damage|p2a: Meruem|0 fnt|[from] item: Rocky Helmet|[of] p1a: Nemo
|faint|p1a: Nemo
|faint|p2a: Meruem
|-end|p2a: Meruem|fallen2|[silent]
|
|upkeep
|
|t:|1769377035
|switch|p1a: Patrick|Slowbro, F|77/100
|switch|p2a: Anomaly|Great Tusk|100/100
|turn|20
|
|t:|1769377045
|move|p2a: Anomaly|Rapid Spin|p1a: Patrick
|-damage|p1a: Patrick|67/100
|-boost|p2a: Anomaly|spe|1
|-sideend|p2: charter-spectrum|Stealth Rock|[from] move: Rapid Spin|[of] p2a: Anomaly
|move|p1a: Patrick|Psychic Noise|p2a: Anomaly
|-supereffective|p2a: Anomaly
|-damage|p2a: Anomaly|21/100
|-start|p2a: Anomaly|move: Heal Block
|
|-heal|p1a: Patrick|100/100|[from] move: Wish|[wisher] Nemo
|upkeep
|turn|21
|
|t:|1769377052
|-end|p2a: Anomaly|Protosynthesis|[silent]
|switch|p2a: Yoshi|Dragonite, F, shiny|91/100
|move|p1a: Patrick|Psychic Noise|p2a: Yoshi
|-damage|p2a: Yoshi|64/100
|-start|p2a: Yoshi|move: Heal Block
|
|upkeep
|turn|22
|
|t:|1769377057
|move|p2a: Yoshi|Outrage|p1a: Patrick
|-damage|p1a: Patrick|41/100
|move|p1a: Patrick|Thunder Wave|p2a: Yoshi
|-status|p2a: Yoshi|par
|
|-heal|p1a: Patrick|47/100|[from] item: Leftovers
|-end|p2a: Yoshi|move: Heal Block
|upkeep
|turn|23
|
|t:|1769377066
|switch|p1a: Mario|Gholdengo|100/100
|move|p2a: Yoshi|Outrage|p1a: Mario|[from] lockedmove
|-resisted|p1a: Mario
|-damage|p1a: Mario|38/100
|
|upkeep
|turn|24
|
|t:|1769377071
|move|p1a: Mario|Make It Rain|p2a: Yoshi
|-damage|p2a: Yoshi|0 fnt
|-unboost|p1a: Mario|spa|1
|faint|p2a: Yoshi
|
|upkeep
|
|t:|1769377076
|switch|p2a: Moebius|Deoxys-Speed|100/100
|-ability|p2a: Moebius|Pressure
|turn|25
|
|t:|1769377082
|switch|p1a: Druid|Slowking-Galar, F|91/100
|move|p2a: Moebius|Nasty Plot|p2a: Moebius
|-boost|p2a: Moebius|spa|2
|
|upkeep
|turn|26
|
|t:|1769377087
|move|p2a: Moebius|Shadow Ball|p1a: Druid
|-supereffective|p1a: Druid
|-crit|p1a: Druid
|-damage|p1a: Druid|22/100
|-unboost|p1a: Druid|spd|1
|move|p1a: Druid|Sludge Bomb|p2a: Moebius
|-damage|p2a: Moebius|48/100
|
|upkeep
|turn|27
|
|t:|1769377098
|switch|p1a: Jerry|Tornadus-Therian, M|100/100
|move|p2a: Moebius|Shadow Ball|p1a: Jerry
|-damage|p1a: Jerry|42/100
|-enditem|p1a: Jerry|Sitrus Berry|[eat]
|-heal|p1a: Jerry|66/100|[from] item: Sitrus Berry
|
|upkeep
|turn|28
|
|t:|1769377106
|move|p2a: Moebius|Psycho Boost|p1a: Jerry
|-damage|p1a: Jerry|0 fnt
|-unboost|p2a: Moebius|spa|2
|faint|p1a: Jerry
|
|upkeep
|
|t:|1769377112
|switch|p1a: Druid|Slowking-Galar, F|55/100
|turn|29
|
|t:|1769377123
|move|p2a: Moebius|Psycho Boost|p1a: Druid|[miss]
|-miss|p2a: Moebius|p1a: Druid
|move|p1a: Druid|Sludge Bomb|p2a: Moebius
|-damage|p2a: Moebius|0 fnt
|faint|p2a: Moebius
|
|upkeep
|
|t:|1769377125
|switch|p2a: Anomaly|Great Tusk|21/100
|turn|30
|
|t:|1769377129
|move|p2a: Anomaly|Headlong Rush|p1a: Druid
|-supereffective|p1a: Druid
|-damage|p1a: Druid|0 fnt
|-unboost|p2a: Anomaly|def|1
|-unboost|p2a: Anomaly|spd|1
|faint|p1a: Druid
|
|upkeep
|
|t:|1769377131
|switch|p1a: Mario|Gholdengo|38/100
|turn|31
|
|t:|1769377150
|-terastallize|p1a: Mario|Water
|move|p1a: Mario|Tera Blast|p2a: Anomaly|[anim] Tera Blast Water
|-supereffective|p2a: Anomaly
|-damage|p2a: Anomaly|0 fnt
|faint|p2a: Anomaly
|-end|p2a: Anomaly|Protosynthesis|[silent]
|
|win|jxnpm80
|raw|jxnpm80's rating: 1244 &rarr; <strong>1272</strong><br />(+28 for winning)
|raw|charter-spectrum's rating: 1289 &rarr; <strong>1261</strong><br />(-28 for losing)
|l|☆charter-spectrum
|player|p2|
