|j|‽naco03
|j|‽Sadefghn
|t:|1769319894
|gametype|singles
|player|p1|naco03|265|1085
|player|p2|Sadefghn|169|1071
|gen|9
|tier|[Gen 9] OU
|rated|
|rule|HP Percentage Mod: HP is shown in percentages
|rule|Endless Battle Clause: Forcing endless battles is banned
|rule|Species Clause: Limit one of each Pokémon
|rule|OHKO Clause: OHKO moves are banned
|rule|Evasion Items Clause: Evasion items are banned
|rule|Evasion Moves Clause: Evasion moves are banned
|rule|Evasion Abilities Clause: Evasion abilities are banned
|rule|Sleep Moves Clause: Sleep-inducing moves are banned
|clearpoke
|poke|p1|Blaziken, M|
|poke|p1|Maushold-Four|
|poke|p1|Great Tusk|
|poke|p1|Gholdengo|
|poke|p1|Dragapult, F|
|poke|p1|Rillaboom, M|
|poke|p2|Glastrier|
|poke|p2|Slowking, M|
|poke|p2|Cyclizar, F|
|poke|p2|Donphan, M|
|poke|p2|Ceruledge, M|
|poke|p2|Virizion|
|teampreview
|inactive|Battle timer is ON: inactive players will automatically lose when time's up. (requested by naco03)
|
|t:|1769319922
|teamsize|p1|6
|teamsize|p2|6
|start
|switch|p1a: Maushold|Maushold-Four, shiny|100/100
|switch|p2a: Slowking|Slowking, M|100/100
|turn|1
|
|t:|1769319933
|switch|p2a: Donphan|Donphan, M|100/100
|-terastallize|p1a: Maushold|Normal
|move|p1a: Maushold|Tidy Up|p1a: Maushold
|-boost|p1a: Maushold|atk|1
|-boost|p1a: Maushold|spe|1
|
|upkeep
|turn|2
|
|t:|1769319941
|move|p1a: Maushold|Population Bomb|p2a: Donphan
|-damage|p2a: Donphan|88/100
|-crit|p2a: Donphan
|-damage|p2a: Donphan|68/100
|-damage|p2a: Donphan|55/100
|-damage|p2a: Donphan|41/100
|-damage|p2a: Donphan|29/100
|-damage|p2a: Donphan|16/100
|-damage|p2a: Donphan|3/100
|-damage|p2a: Donphan|0 fnt
|faint|p2a: Donphan
|-hitcount|p2: Donphan|8
|
|upkeep
|inactive|Sadefghn has 120 seconds left.
|
|t:|1769319976
|switch|p2a: Ceruledge|Ceruledge, M|100/100
|turn|3
|inactive|Sadefghn has 120 seconds left.
|
|t:|1769319992
|move|p1a: Maushold|Tidy Up|p1a: Maushold
|-boost|p1a: Maushold|atk|1
|-boost|p1a: Maushold|spe|1
|move|p2a: Ceruledge|Bitter Blade|p1a: Maushold
|-crit|p1a: Maushold
|-damage|p1a: Maushold|0 fnt
|faint|p1a: Maushold
|
|upkeep
|
|t:|1769320008
|switch|p1a: Dragapult|Dragapult, F, shiny|100/100
|turn|4
|
|t:|1769320018
|switch|p2a: Cyclizar|Cyclizar, F|100/100
|move|p1a: Dragapult|Shadow Ball|p2a: Cyclizar
|-immune|p2a: Cyclizar
|
|upkeep
|turn|5
|
|t:|1769320026
|move|p1a: Dragapult|Dragon Darts|p2a: Cyclizar
|-supereffective|p2a: Cyclizar
|-damage|p2a: Cyclizar|12/100
|-anim|p1a: Dragapult|Dragon Darts|p2a: Cyclizar
|-supereffective|p2a: Cyclizar
|-damage|p2a: Cyclizar|0 fnt
|faint|p2a: Cyclizar
|-damage|p1a: Dragapult|91/100|[from] item: Life Orb
|
|upkeep
|
|t:|1769320031
|switch|p2a: Glastrier|Glastrier|100/100
|turn|6
|
|t:|1769320039
|switch|p1a: Blaziken|Blaziken, M, shiny|100/100
|move|p2a: Glastrier|Icicle Crash|p1a: Blaziken
|-resisted|p1a: Blaziken
|-damage|p1a: Blaziken|70/100
|
|upkeep
|turn|7
|
|t:|1769320047
|switch|p2a: Ceruledge|Ceruledge, M|100/100
|move|p1a: Blaziken|Swords Dance|p1a: Blaziken
|-boost|p1a: Blaziken|atk|2
|
|-ability|p1a: Blaziken|Speed Boost|boost
|-boost|p1a: Blaziken|spe|1
|upkeep
|turn|8
|
|t:|1769320060
|move|p1a: Blaziken|Protect|p1a: Blaziken
|-singleturn|p1a: Blaziken|Protect
|move|p2a: Ceruledge|Bitter Blade|p1a: Blaziken
|-activate|p1a: Blaziken|move: Protect
|
|-ability|p1a: Blaziken|Speed Boost|boost
|-boost|p1a: Blaziken|spe|1
|upkeep
|turn|9
|
|t:|1769320068
|move|p1a: Blaziken|Swords Dance|p1a: Blaziken
|-boost|p1a: Blaziken|atk|2
|move|p2a: Ceruledge|Bitter Blade|p1a: Blaziken
|-resisted|p1a: Blaziken
|-crit|p1a: Blaziken
|-damage|p1a: Blaziken|19/100
|
|-ability|p1a: Blaziken|Speed Boost|boost
|-boost|p1a: Blaziken|spe|1
|upkeep
|turn|10
|
|t:|1769320076
|move|p1a: Blaziken|Flare Blitz|p2a: Ceruledge
|-resisted|p2a: Ceruledge
|-enditem|p2a: Ceruledge|Focus Sash
|-damage|p2a: Ceruledge|1/100
|-ability|p2a: Ceruledge|Weak Armor|boost
|-unboost|p2a: Ceruledge|def|1
|-boost|p2a: Ceruledge|spe|2
|-damage|p1a: Blaziken|0 fnt|[from] Recoil
|faint|p1a: Blaziken
|move|p2a: Ceruledge|Swords Dance|p2a: Ceruledge
|-boost|p2a: Ceruledge|atk|2
|
|upkeep
|
|t:|1769320088
|switch|p1a: Rillaboom|Rillaboom, M, shiny|100/100
|-fieldstart|move: Grassy Terrain|[from] ability: Grassy Surge|[of] p1a: Rillaboom
|turn|11
|
|t:|1769320094
|switch|p2a: Virizion|Virizion|100/100
|move|p1a: Rillaboom|Grassy Glide|p2a: Virizion
|-resisted|p2a: Virizion
|-damage|p2a: Virizion|79/100
|
|-heal|p2a: Virizion|85/100|[from] Grassy Terrain
|upkeep
|turn|12
|
|t:|1769320102
|move|p2a: Virizion|Calm Mind|p2a: Virizion
|-boost|p2a: Virizion|spa|1
|-boost|p2a: Virizion|spd|1
|move|p1a: Rillaboom|Knock Off|p2a: Virizion
|-resisted|p2a: Virizion
|-damage|p2a: Virizion|67/100
|-ability|p2a: Virizion|Justified|boost
|-boost|p2a: Virizion|atk|1
|-enditem|p2a: Virizion|Life Orb|[from] move: Knock Off|[of] p1a: Rillaboom
|
|-heal|p2a: Virizion|73/100|[from] Grassy Terrain
|upkeep
|turn|13
|
|t:|1769320112
|move|p2a: Virizion|Substitute|p2a: Virizion
|-start|p2a: Virizion|Substitute
|-damage|p2a: Virizion|48/100
|move|p1a: Rillaboom|U-turn|p2a: Virizion
|-end|p2a: Virizion|Substitute
|
|t:|1769320120
|switch|p1a: Dragapult|Dragapult, F, shiny|91/100|[from] U-turn
|
|-heal|p1a: Dragapult|97/100|[from] Grassy Terrain
|-heal|p2a: Virizion|54/100|[from] Grassy Terrain
|upkeep
|turn|14
|
|t:|1769320126
|move|p1a: Dragapult|Flamethrower|p2a: Virizion
|-supereffective|p2a: Virizion
|-damage|p2a: Virizion|28/100
|-damage|p1a: Dragapult|87/100|[from] item: Life Orb
|move|p2a: Virizion|Giga Drain|p1a: Dragapult
|-resisted|p1a: Dragapult
|-damage|p1a: Dragapult|54/100
|-heal|p2a: Virizion|42/100|[from] drain|[of] p1a: Dragapult
|
|-heal|p1a: Dragapult|60/100|[from] Grassy Terrain
|-heal|p2a: Virizion|48/100|[from] Grassy Terrain
|upkeep
|turn|15
|
|t:|1769320139
|move|p1a: Dragapult|Dragon Darts|p2a: Virizion
|-damage|p2a: Virizion|16/100
|-anim|p1a: Dragapult|Dragon Darts|p2a: Virizion
|-damage|p2a: Virizion|0 fnt
|faint|p2a: Virizion
|-damage|p1a: Dragapult|50/100|[from] item: Life Orb
|
|-heal|p1a: Dragapult|56/100|[from] Grassy Terrain
|-fieldend|move: Grassy Terrain
|upkeep
|
|t:|1769320142
|switch|p2a: Glastrier|Glastrier|100/100
|turn|16
|
|t:|1769320149
|switch|p1a: Great Tusk|Great Tusk, shiny|100/100
|move|p2a: Glastrier|Icicle Crash|p1a: Great Tusk
|-supereffective|p1a: Great Tusk
|-damage|p1a: Great Tusk|59/100
|
|-heal|p1a: Great Tusk|65/100|[from] item: Leftovers
|upkeep
|turn|17
|
|t:|1769320164
|move|p1a: Great Tusk|Rapid Spin|p2a: Glastrier
|-damage|p2a: Glastrier|90/100
|-boost|p1a: Great Tusk|spe|1
|move|p2a: Glastrier|Trailblaze|p1a: Great Tusk
|-supereffective|p1a: Great Tusk
|-damage|p1a: Great Tusk|50/100
|-boost|p2a: Glastrier|spe|1
|
|-heal|p1a: Great Tusk|57/100|[from] item: Leftovers
|upkeep
|turn|18
|
|t:|1769320174
|-terastallize|p2a: Glastrier|Ghost
|move|p1a: Great Tusk|Close Combat|p2a: Glastrier
|-immune|p2a: Glastrier
|move|p2a: Glastrier|Trailblaze|p1a: Great Tusk
|-supereffective|p1a: Great Tusk
|-damage|p1a: Great Tusk|40/100
|-boost|p2a: Glastrier|spe|1
|
|-heal|p1a: Great Tusk|46/100|[from] item: Leftovers
|upkeep
|turn|19
|
|t:|1769320185
|move|p1a: Great Tusk|Earthquake|p2a: Glastrier
|-damage|p2a: Glastrier|58/100
|move|p2a: Glastrier|Trailblaze|p1a: Great Tusk
|-supereffective|p1a: Great Tusk
|-damage|p1a: Great Tusk|30/100
|-boost|p2a: Glastrier|spe|1
|
|-heal|p1a: Great Tusk|36/100|[from] item: Leftovers
|upkeep
|turn|20
|
|t:|1769320194
|move|p2a: Glastrier|Trailblaze|p1a: Great Tusk
|-supereffective|p1a: Great Tusk
|-damage|p1a: Great Tusk|22/100
|-boost|p2a: Glastrier|spe|1
|move|p1a: Great Tusk|Earthquake|p2a: Glastrier
|-damage|p2a: Glastrier|30/100
|
|-heal|p1a: Great Tusk|28/100|[from] item: Leftovers
|upkeep
|turn|21
|
|t:|1769320208
|move|p2a: Glastrier|Rest|p2a: Glastrier
|-status|p2a: Glastrier|slp|[from] move: Rest
|-heal|p2a: Glastrier|100/100 slp|[silent]
|-enditem|p2a: Glastrier|Chesto Berry|[eat]
|-curestatus|p2a: Glastrier|slp|[msg]
|move|p1a: Great Tusk|Earthquake|p2a: Glastrier
|-damage|p2a: Glastrier|72/100
|
|-heal|p1a: Great Tusk|34/100|[from] item: Leftovers
|upkeep
|turn|22
|
|t:|1769320224
|move|p2a: Glastrier|Trailblaze|p1a: Great Tusk
|-supereffective|p1a: Great Tusk
|-damage|p1a: Great Tusk|18/100
|-boost|p2a: Glastrier|spe|1
|move|p1a: Great Tusk|Earthquake|p2a: Glastrier
|-damage|p2a: Glastrier|45/100
|
|-heal|p1a: Great Tusk|25/100|[from] item: Leftovers
|upkeep
|turn|23
|
|t:|1769320237
|move|p2a: Glastrier|Icicle Crash|p1a: Great Tusk
|-supereffective|p1a: Great Tusk
|-damage|p1a: Great Tusk|0 fnt
|faint|p1a: Great Tusk
|-end|p1a: Great Tusk|Protosynthesis|[silent]
|-ability|p2a: Glastrier|Chilling Neigh|boost
|-boost|p2a: Glastrier|atk|1
|
|upkeep
|
|t:|1769320257
|switch|p1a: Gholdengo|Gholdengo|100/100
|-item|p1a: Gholdengo|Air Balloon
|turn|24
|
|t:|1769320261
|move|p2a: Glastrier|Tera Blast|p1a: Gholdengo|[anim] Tera Blast Ghost
|-supereffective|p1a: Gholdengo
|-damage|p1a: Gholdengo|0 fnt
|-enditem|p1a: Gholdengo|Air Balloon
|faint|p1a: Gholdengo
|-ability|p2a: Glastrier|Chilling Neigh|boost
|-boost|p2a: Glastrier|atk|1
|
|upkeep
|
|t:|1769320268
|switch|p1a: Dragapult|Dragapult, F, shiny|56/100
|turn|25
|
|t:|1769320271
|move|p2a: Glastrier|Tera Blast|p1a: Dragapult|[anim] Tera Blast Ghost
|-supereffective|p1a: Dragapult
|-damage|p1a: Dragapult|0 fnt
|faint|p1a: Dragapult
|-ability|p2a: Glastrier|Chilling Neigh|boost
|-boost|p2a: Glastrier|atk|1
|
|upkeep
|
|t:|1769320277
|switch|p1a: Rillaboom|Rillaboom, M, shiny|100/100
|-fieldstart|move: Grassy Terrain|[from] ability: Grassy Surge|[of] p1a: Rillaboom
|turn|26
|
|t:|1769320281
|move|p1a: Rillaboom|Grassy Glide|p2a: Glastrier
|-damage|p2a: Glastrier|16/100
|move|p2a: Glastrier|Tera Blast|p1a: Rillaboom|[anim] Tera Blast Ghost
|-damage|p1a: Rillaboom|0 fnt
|faint|p1a: Rillaboom
|
|win|Sadefghn
|raw|naco03's rating: 1085 &rarr; <strong>1061</strong><br />(-24 for losing)
|raw|Sadefghn's rating: 1071 &rarr; <strong>1102</strong><br />(+31 for winning)
|l|‽naco03
|player|p1|
|l|‽Sadefghn
|player|p2|
