|j|☆rgegs
|j|‽senator Kanto
|t:|1769424658
|gametype|singles
|player|p1|rgegs|102|1097
|player|p2|senator Kanto|scientist-gen4|1149
|gen|9
|tier|[Gen 9] OU
|rated|
|rule|HP Percentage Mod: HP is shown in percentages
|rule|Endless Battle Clause: Forcing endless battles is banned
|rule|Species Clause: Limit one of each Pokémon
|rule|OHKO Clause: OHKO moves are banned
|rule|Evasion Items Clause: Evasion items are banned
|rule|Evasion Moves Clause: Evasion moves are banned
|rule|Evasion Abilities Clause: Evasion abilities are banned
|rule|Sleep Moves Clause: Sleep-inducing moves are banned
|clearpoke
|poke|p1|Delphox, F|
|poke|p1|Primarina, F|
|poke|p1|Meowscarada, F|
|poke|p1|Quaquaval, M|
|poke|p1|Serperior, M|
|poke|p1|Venusaur, F|
|poke|p2|Decidueye, M|
|poke|p2|Muk-Alola, M|
|poke|p2|Toxapex, F|
|poke|p2|Vikavolt, F|
|poke|p2|Toucannon, F|
|poke|p2|Bruxish, F|
|teampreview
|inactive|Battle timer is ON: inactive players will automatically lose when time's up. (requested by senator Kanto)
|
|t:|1769424673
|teamsize|p1|6
|teamsize|p2|6
|start
|switch|p1a: Venusaur|Venusaur, F|100/100
|switch|p2a: Toucannon|Toucannon, F|100/100
|turn|1
|
|t:|1769424686
|move|p1a: Venusaur|Sludge Bomb|p2a: Toucannon
|-damage|p2a: Toucannon|72/100
|move|p2a: Toucannon|Swords Dance|p2a: Toucannon
|-boost|p2a: Toucannon|atk|2
|
|upkeep
|turn|2
|
|t:|1769424696
|-singleturn|p2a: Toucannon|move: Beak Blast
|move|p1a: Venusaur|Leech Seed|p2a: Toucannon
|-start|p2a: Toucannon|move: Leech Seed
|move|p2a: Toucannon|Beak Blast|p1a: Venusaur
|-supereffective|p1a: Venusaur
|-damage|p1a: Venusaur|0 fnt
|faint|p1a: Venusaur
|
|upkeep
|
|t:|1769424705
|switch|p1a: Meowscarada|Meowscarada, F|100/100
|turn|3
|
|t:|1769424710
|-singleturn|p2a: Toucannon|move: Beak Blast
|move|p1a: Meowscarada|Triple Axel|p2a: Toucannon
|-start|p1a: Meowscarada|typechange|Ice|[from] ability: Protean
|-supereffective|p2a: Toucannon
|-damage|p2a: Toucannon|49/100
|-status|p1a: Meowscarada|brn
|-supereffective|p2a: Toucannon
|-damage|p2a: Toucannon|26/100
|-supereffective|p2a: Toucannon
|-damage|p2a: Toucannon|0 fnt
|faint|p2a: Toucannon
|-hitcount|p2: Toucannon|3
|
|-damage|p1a: Meowscarada|94/100 brn|[from] brn
|upkeep
|
|t:|1769424734
|switch|p2a: Vikavolt|Vikavolt, F, shiny|100/100
|turn|4
|
|t:|1769424742
|move|p1a: Meowscarada|Triple Axel|p2a: Vikavolt
|-damage|p2a: Vikavolt|95/100
|-damage|p2a: Vikavolt|86/100
|-damage|p2a: Vikavolt|71/100
|-hitcount|p2a: Vikavolt|3
|-enditem|p2a: Vikavolt|Red Card|[of] p1a: Meowscarada
|drag|p1a: Serperior|Serperior, M|100/100
|move|p2a: Vikavolt|Flash Cannon|p1a: Serperior
|-damage|p1a: Serperior|68/100
|
|-heal|p1a: Serperior|74/100|[from] item: Leftovers
|upkeep
|turn|5
|
|t:|1769424757
|move|p1a: Serperior|Substitute|p1a: Serperior
|-start|p1a: Serperior|Substitute
|-damage|p1a: Serperior|49/100
|move|p2a: Vikavolt|Bug Buzz|p1a: Serperior
|-supereffective|p1a: Serperior
|-damage|p1a: Serperior|0 fnt
|faint|p1a: Serperior
|
|upkeep
|
|t:|1769424765
|switch|p1a: Quaquaval|Quaquaval, M|100/100
|turn|6
|
|t:|1769424774
|move|p1a: Quaquaval|Aqua Step|p2a: Vikavolt
|-damage|p2a: Vikavolt|30/100
|-boost|p1a: Quaquaval|spe|1
|move|p2a: Vikavolt|Sticky Web|p1a: Quaquaval
|-sidestart|p1: rgegs|move: Sticky Web
|
|upkeep
|turn|7
|
|t:|1769424781
|move|p1a: Quaquaval|Aqua Step|p2a: Vikavolt
|-damage|p2a: Vikavolt|0 fnt
|-boost|p1a: Quaquaval|spe|1
|faint|p2a: Vikavolt
|-ability|p1a: Quaquaval|Moxie|boost
|-boost|p1a: Quaquaval|atk|1
|
|upkeep
|
|t:|1769424789
|switch|p2a: Toxapex|Toxapex, F|100/100
|turn|8
|
|t:|1769424797
|move|p2a: Toxapex|Baneful Bunker|p2a: Toxapex
|-singleturn|p2a: Toxapex|move: Protect
|move|p1a: Quaquaval|Close Combat|p2a: Toxapex
|-activate|p2a: Toxapex|move: Protect
|-status|p1a: Quaquaval|psn
|
|-damage|p1a: Quaquaval|88/100 psn|[from] psn
|upkeep
|turn|9
|
|t:|1769424806
|move|p1a: Quaquaval|Close Combat|p2a: Toxapex
|-resisted|p2a: Toxapex
|-damage|p2a: Toxapex|45/100
|-unboost|p1a: Quaquaval|def|1
|-unboost|p1a: Quaquaval|spd|1
|move|p2a: Toxapex|Venoshock|p1a: Quaquaval
|-crit|p1a: Quaquaval
|-damage|p1a: Quaquaval|0 fnt
|faint|p1a: Quaquaval
|
|-heal|p2a: Toxapex|51/100|[from] item: Leftovers
|upkeep
|
|t:|1769424817
|switch|p1a: Meowscarada|Meowscarada, F|94/100 brn
|-activate|p1a: Meowscarada|move: Sticky Web
|-unboost|p1a: Meowscarada|spe|1
|turn|10
|
|t:|1769424827
|move|p2a: Toxapex|Baneful Bunker|p2a: Toxapex
|-singleturn|p2a: Toxapex|move: Protect
|move|p1a: Meowscarada|Sucker Punch||[still]
|-fail|p1a: Meowscarada
|
|-heal|p2a: Toxapex|57/100|[from] item: Leftovers
|-damage|p1a: Meowscarada|88/100 brn|[from] brn
|upkeep
|turn|11
|
|t:|1769424838
|move|p1a: Meowscarada|Knock Off|p2a: Toxapex
|-start|p1a: Meowscarada|typechange|Dark|[from] ability: Protean
|-damage|p2a: Toxapex|27/100
|-enditem|p2a: Toxapex|Leftovers|[from] move: Knock Off|[of] p1a: Meowscarada
|move|p2a: Toxapex|Venoshock|p1a: Meowscarada
|-damage|p1a: Meowscarada|56/100 brn
|
|-damage|p1a: Meowscarada|49/100 brn|[from] brn
|upkeep
|turn|12
|
|t:|1769424850
|move|p2a: Toxapex|Baneful Bunker|p2a: Toxapex
|-singleturn|p2a: Toxapex|move: Protect
|move|p1a: Meowscarada|Knock Off|p2a: Toxapex
|-activate|p2a: Toxapex|move: Protect
|
|-damage|p1a: Meowscarada|43/100 brn|[from] brn
|upkeep
|turn|13
|
|t:|1769424861
|move|p1a: Meowscarada|Knock Off|p2a: Toxapex
|-crit|p2a: Toxapex
|-damage|p2a: Toxapex|0 fnt
|faint|p2a: Toxapex
|
|-damage|p1a: Meowscarada|37/100 brn|[from] brn
|upkeep
|
|t:|1769424871
|switch|p2a: Muk|Muk-Alola, M|100/100
|-item|p2a: Muk|Air Balloon
|turn|14
|
|t:|1769424884
|switch|p1a: Delphox|Delphox, F|100/100
|-activate|p1a: Delphox|move: Sticky Web
|-unboost|p1a: Delphox|spe|1
|move|p2a: Muk|Drain Punch|p1a: Delphox
|-resisted|p1a: Delphox
|-damage|p1a: Delphox|82/100
|
|upkeep
|turn|15
|
|t:|1769424894
|move|p1a: Delphox|Psychic|p2a: Muk
|-immune|p2a: Muk
|move|p2a: Muk|Knock Off|p1a: Delphox
|-supereffective|p1a: Delphox
|-damage|p1a: Delphox|0 fnt
|-enditem|p1a: Delphox|Power Herb|[from] move: Knock Off|[of] p2a: Muk
|faint|p1a: Delphox
|
|upkeep
|
|t:|1769424904
|switch|p1a: Primarina|Primarina, F|100/100
|-activate|p1a: Primarina|move: Sticky Web
|-unboost|p1a: Primarina|spe|1
|turn|16
|
|t:|1769424910
|move|p2a: Muk|Poison Jab|p1a: Primarina
|-supereffective|p1a: Primarina
|-damage|p1a: Primarina|10/100
|move|p1a: Primarina|Hyper Voice|p2a: Muk
|-damage|p2a: Muk|51/100
|-enditem|p2a: Muk|Air Balloon
|-damage|p1a: Primarina|0 fnt|[from] item: Life Orb
|faint|p1a: Primarina
|
|upkeep
|
|t:|1769424919
|switch|p1a: Meowscarada|Meowscarada, F|37/100 brn
|-activate|p1a: Meowscarada|move: Sticky Web
|-unboost|p1a: Meowscarada|spe|1
|turn|17
|
|t:|1769424931
|move|p1a: Meowscarada|Sucker Punch|p2a: Muk
|-start|p1a: Meowscarada|typechange|Dark|[from] ability: Protean
|-resisted|p2a: Muk
|-damage|p2a: Muk|40/100
|move|p2a: Muk|Poison Jab|p1a: Meowscarada
|-damage|p1a: Meowscarada|0 fnt
|faint|p1a: Meowscarada
|
|win|senator Kanto
|raw|rgegs's rating: 1097 &rarr; <strong>1076</strong><br />(-21 for losing)
|raw|senator Kanto's rating: 1149 &rarr; <strong>1170</strong><br />(+21 for winning)
|l|☆rgegs
|player|p1|
|l|‽senator Kanto
|player|p2|
