|j|☆WumboMumboJumbo
|j|☆Jc3_123abc
|t:|1769404442
|gametype|singles
|player|p1|WumboMumboJumbo|169|1452
|player|p2|Jc3_123abc|policeman-gen4|1419
|gen|9
|tier|[Gen 9] OU
|rated|
|rule|HP Percentage Mod: HP is shown in percentages
|rule|Endless Battle Clause: Forcing endless battles is banned
|rule|Species Clause: Limit one of each Pokémon
|rule|OHKO Clause: OHKO moves are banned
|rule|Evasion Items Clause: Evasion items are banned
|rule|Evasion Moves Clause: Evasion moves are banned
|rule|Evasion Abilities Clause: Evasion abilities are banned
|rule|Sleep Moves Clause: Sleep-inducing moves are banned
|clearpoke
|poke|p1|Great Tusk|
|poke|p1|Kingambit, F|
|poke|p1|Garganacl, F|
|poke|p1|Iron Valiant|
|poke|p1|Rotom-Wash|
|poke|p1|Gholdengo|
|poke|p2|Volcanion|
|poke|p2|Heatran, F|
|poke|p2|Cinccino, F|
|poke|p2|Dragonite, M|
|poke|p2|Rotom-Wash|
|poke|p2|Great Tusk|
|teampreview
|inactive|Battle timer is ON: inactive players will automatically lose when time's up. (requested by WumboMumboJumbo)
|inactive|Jc3_123abc has 120 seconds left.
|
|t:|1769404481
|teamsize|p1|6
|teamsize|p2|6
|start
|switch|p1a: Rotom|Rotom-Wash|100/100
|switch|p2a: Dragon slayer|Cinccino, F|100/100
|turn|1
|inactive|Jc3_123abc has 120 seconds left.
|
|t:|1769404511
|move|p2a: Dragon slayer|Bullet Seed|p1a: Rotom
|-supereffective|p1a: Rotom
|-damage|p1a: Rotom|83/100
|-supereffective|p1a: Rotom
|-damage|p1a: Rotom|67/100
|-supereffective|p1a: Rotom
|-damage|p1a: Rotom|51/100
|-supereffective|p1a: Rotom
|-damage|p1a: Rotom|33/100
|-supereffective|p1a: Rotom
|-damage|p1a: Rotom|15/100
|-hitcount|p1a: Rotom|5
|move|p1a: Rotom|Will-O-Wisp|p2a: Dragon slayer
|-status|p2a: Dragon slayer|brn
|
|-damage|p2a: Dragon slayer|94/100 brn|[from] brn
|upkeep
|turn|2
|
|t:|1769404517
|switch|p1a: Gholdengo|Gholdengo|100/100
|move|p2a: Dragon slayer|Bullet Seed|p1a: Gholdengo
|-resisted|p1a: Gholdengo
|-damage|p1a: Gholdengo|99/100
|-resisted|p1a: Gholdengo
|-damage|p1a: Gholdengo|97/100
|-resisted|p1a: Gholdengo
|-damage|p1a: Gholdengo|96/100
|-resisted|p1a: Gholdengo
|-damage|p1a: Gholdengo|94/100
|-resisted|p1a: Gholdengo
|-damage|p1a: Gholdengo|93/100
|-hitcount|p1a: Gholdengo|5
|
|-damage|p2a: Dragon slayer|88/100 brn|[from] brn
|upkeep
|turn|3
|
|t:|1769404532
|switch|p2a: Heatran|Heatran, F|100/100
|move|p1a: Gholdengo|Shadow Ball|p2a: Heatran
|-damage|p2a: Heatran|82/100
|
|upkeep
|turn|4
|inactive|Jc3_123abc has 120 seconds left.
|
|t:|1769404548
|switch|p1a: Rotom|Rotom-Wash|15/100
|switch|p2a: Volcanion|Volcanion|100/100
|
|upkeep
|turn|5
|
|t:|1769404557
|switch|p2a: Dragon slayer|Cinccino, F|88/100 brn
|move|p1a: Rotom|Volt Switch|p2a: Dragon slayer
|-damage|p2a: Dragon slayer|42/100 brn
|
|t:|1769404565
|switch|p1a: Great Tusk|Great Tusk|100/100|[from] Volt Switch
|
|-damage|p2a: Dragon slayer|36/100 brn|[from] brn
|upkeep
|turn|6
|
|t:|1769404569
|move|p2a: Dragon slayer|U-turn|p1a: Great Tusk
|-resisted|p1a: Great Tusk
|-damage|p1a: Great Tusk|98/100
|
|t:|1769404586
|switch|p2a: Great Tusk|Great Tusk|100/100|[from] U-turn
|move|p1a: Great Tusk|Stealth Rock|p2a: Great Tusk
|-sidestart|p2: Jc3_123abc|move: Stealth Rock
|
|-heal|p1a: Great Tusk|100/100|[from] item: Leftovers
|upkeep
|turn|7
|
|t:|1769404588
|move|p1a: Great Tusk|Knock Off|p2a: Great Tusk
|-resisted|p2a: Great Tusk
|-damage|p2a: Great Tusk|94/100
|-enditem|p2a: Great Tusk|Heavy-Duty Boots|[from] move: Knock Off|[of] p1a: Great Tusk
|move|p2a: Great Tusk|Headlong Rush|p1a: Great Tusk
|-damage|p1a: Great Tusk|76/100
|-unboost|p2a: Great Tusk|def|1
|-unboost|p2a: Great Tusk|spd|1
|
|-heal|p1a: Great Tusk|82/100|[from] item: Leftovers
|upkeep
|turn|8
|
|t:|1769404594
|move|p1a: Great Tusk|Earthquake|p2a: Great Tusk
|-damage|p2a: Great Tusk|63/100
|move|p2a: Great Tusk|Headlong Rush|p1a: Great Tusk
|-damage|p1a: Great Tusk|56/100
|-unboost|p2a: Great Tusk|def|1
|-unboost|p2a: Great Tusk|spd|1
|
|-heal|p1a: Great Tusk|62/100|[from] item: Leftovers
|upkeep
|turn|9
|
|t:|1769404598
|move|p1a: Great Tusk|Earthquake|p2a: Great Tusk
|-damage|p2a: Great Tusk|21/100
|move|p2a: Great Tusk|Rapid Spin|p1a: Great Tusk
|-damage|p1a: Great Tusk|55/100
|-boost|p2a: Great Tusk|spe|1
|-sideend|p2: Jc3_123abc|Stealth Rock|[from] move: Rapid Spin|[of] p2a: Great Tusk
|
|-heal|p1a: Great Tusk|61/100|[from] item: Leftovers
|upkeep
|turn|10
|
|t:|1769404602
|-end|p2a: Great Tusk|Protosynthesis|[silent]
|switch|p2a: Rotom|Rotom-Wash|100/100
|move|p1a: Great Tusk|Stealth Rock|p2a: Rotom
|-sidestart|p2: Jc3_123abc|move: Stealth Rock
|
|-heal|p1a: Great Tusk|67/100|[from] item: Leftovers
|upkeep
|turn|11
|
|t:|1769404606
|-end|p1a: Great Tusk|Protosynthesis|[silent]
|switch|p1a: Rotom|Rotom-Wash|15/100
|move|p2a: Rotom|Hydro Pump|p1a: Rotom
|-resisted|p1a: Rotom
|-damage|p1a: Rotom|0 fnt
|faint|p1a: Rotom
|
|upkeep
|
|t:|1769404619
|switch|p1a: Gholdengo|Gholdengo|93/100
|turn|12
|
|t:|1769404622
|switch|p2a: Heatran|Heatran, F|82/100
|-damage|p2a: Heatran|70/100|[from] Stealth Rock
|move|p1a: Gholdengo|Shadow Ball|p2a: Heatran
|-damage|p2a: Heatran|51/100
|
|upkeep
|turn|13
|
|t:|1769404634
|move|p1a: Gholdengo|Nasty Plot|p1a: Gholdengo
|-boost|p1a: Gholdengo|spa|2
|move|p2a: Heatran|Earth Power|p1a: Gholdengo
|-supereffective|p1a: Gholdengo
|-damage|p1a: Gholdengo|33/100
|
|upkeep
|turn|14
|
|t:|1769404638
|move|p1a: Gholdengo|Shadow Ball|p2a: Heatran
|-damage|p2a: Heatran|17/100
|move|p2a: Heatran|Earth Power|p1a: Gholdengo
|-supereffective|p1a: Gholdengo
|-damage|p1a: Gholdengo|0 fnt
|faint|p1a: Gholdengo
|
|upkeep
|
|t:|1769404642
|switch|p1a: Great Tusk|Great Tusk|67/100
|turn|15
|
|t:|1769404646
|switch|p2a: Rotom|Rotom-Wash|100/100
|-damage|p2a: Rotom|88/100|[from] Stealth Rock
|move|p1a: Great Tusk|Knock Off|p2a: Rotom
|-damage|p2a: Rotom|59/100
|-enditem|p2a: Rotom|Leftovers|[from] move: Knock Off|[of] p1a: Great Tusk
|
|-heal|p1a: Great Tusk|74/100|[from] item: Leftovers
|upkeep
|turn|16
|
|t:|1769404653
|move|p1a: Great Tusk|Knock Off|p2a: Rotom
|-damage|p2a: Rotom|42/100
|move|p2a: Rotom|Hydro Pump|p1a: Great Tusk|[miss]
|-miss|p2a: Rotom|p1a: Great Tusk
|
|-heal|p1a: Great Tusk|80/100|[from] item: Leftovers
|upkeep
|turn|17
|
|t:|1769404656
|move|p1a: Great Tusk|Knock Off|p2a: Rotom
|-damage|p2a: Rotom|23/100
|move|p2a: Rotom|Hydro Pump|p1a: Great Tusk
|-supereffective|p1a: Great Tusk
|-damage|p1a: Great Tusk|0 fnt
|faint|p1a: Great Tusk
|-end|p1a: Great Tusk|Protosynthesis|[silent]
|
|upkeep
|
|t:|1769404660
|switch|p1a: Iron Valiant|Iron Valiant|100/100
|turn|18
|
|t:|1769404665
|move|p1a: Iron Valiant|Aura Sphere|p2a: Rotom
|-damage|p2a: Rotom|0 fnt
|faint|p2a: Rotom
|
|upkeep
|
|t:|1769404688
|switch|p2a: Volcanion|Volcanion|100/100
|-damage|p2a: Volcanion|76/100|[from] Stealth Rock
|turn|19
|
|t:|1769404705
|-terastallize|p2a: Volcanion|Fairy
|move|p1a: Iron Valiant|Aura Sphere|p2a: Volcanion
|-resisted|p2a: Volcanion
|-damage|p2a: Volcanion|45/100
|move|p2a: Volcanion|Tera Blast|p1a: Iron Valiant|[anim] Tera Blast Fairy
|-supereffective|p1a: Iron Valiant
|-damage|p1a: Iron Valiant|0 fnt
|faint|p1a: Iron Valiant
|-end|p1a: Iron Valiant|Quark Drive|[silent]
|
|upkeep
|
|t:|1769404712
|switch|p1a: Garganacl|Garganacl, F|100/100
|turn|20
|
|t:|1769404719
|switch|p2a: Heatran|Heatran, F|17/100
|-damage|p2a: Heatran|5/100|[from] Stealth Rock
|-terastallize|p1a: Garganacl|Water
|move|p1a: Garganacl|Salt Cure|p2a: Heatran
|-damage|p2a: Heatran|0 fnt
|faint|p2a: Heatran
|
|upkeep
|
|t:|1769404721
|switch|p2a: Great Tusk|Great Tusk|21/100
|-damage|p2a: Great Tusk|18/100|[from] Stealth Rock
|turn|21
|
|t:|1769404729
|move|p2a: Great Tusk|Rapid Spin|p1a: Garganacl
|-damage|p1a: Garganacl|90/100
|-boost|p2a: Great Tusk|spe|1
|-sideend|p2: Jc3_123abc|Stealth Rock|[from] move: Rapid Spin|[of] p2a: Great Tusk
|move|p1a: Garganacl|Curse|p1a: Garganacl
|-unboost|p1a: Garganacl|spe|1
|-boost|p1a: Garganacl|atk|1
|-boost|p1a: Garganacl|def|1
|
|-heal|p1a: Garganacl|97/100|[from] item: Leftovers
|upkeep
|turn|22
|
|t:|1769404738
|-end|p2a: Great Tusk|Protosynthesis|[silent]
|switch|p2a: Dragon slayer|Cinccino, F|36/100 brn
|move|p1a: Garganacl|Curse|p1a: Garganacl
|-unboost|p1a: Garganacl|spe|1
|-boost|p1a: Garganacl|atk|1
|-boost|p1a: Garganacl|def|1
|
|-heal|p1a: Garganacl|100/100|[from] item: Leftovers
|-damage|p2a: Dragon slayer|29/100 brn|[from] brn
|upkeep
|turn|23
|
|t:|1769404747
|move|p2a: Dragon slayer|Bullet Seed|p1a: Garganacl
|-supereffective|p1a: Garganacl
|-crit|p1a: Garganacl
|-damage|p1a: Garganacl|93/100
|-supereffective|p1a: Garganacl
|-damage|p1a: Garganacl|90/100
|-supereffective|p1a: Garganacl
|-damage|p1a: Garganacl|87/100
|-supereffective|p1a: Garganacl
|-damage|p1a: Garganacl|84/100
|-supereffective|p1a: Garganacl
|-damage|p1a: Garganacl|82/100
|-hitcount|p1a: Garganacl|5
|move|p1a: Garganacl|Curse|p1a: Garganacl
|-unboost|p1a: Garganacl|spe|1
|-boost|p1a: Garganacl|atk|1
|-boost|p1a: Garganacl|def|1
|
|-heal|p1a: Garganacl|88/100|[from] item: Leftovers
|-damage|p2a: Dragon slayer|23/100 brn|[from] brn
|upkeep
|turn|24
|
|t:|1769404752
|switch|p2a: Volcanion|Volcanion, tera:Fairy|45/100
|move|p1a: Garganacl|Salt Cure|p2a: Volcanion
|-damage|p2a: Volcanion|15/100
|-start|p2a: Volcanion|Salt Cure
|
|-heal|p1a: Garganacl|94/100|[from] item: Leftovers
|-damage|p2a: Volcanion|3/100|[from] Salt Cure
|upkeep
|turn|25
|
|t:|1769404762
|move|p2a: Volcanion|Tera Blast|p1a: Garganacl|[anim] Tera Blast Fairy
|-damage|p1a: Garganacl|47/100
|move|p1a: Garganacl|Earthquake|p2a: Volcanion
|-damage|p2a: Volcanion|0 fnt
|faint|p2a: Volcanion
|
|-heal|p1a: Garganacl|53/100|[from] item: Leftovers
|upkeep
|
|t:|1769404773
|switch|p2a: Dragon slayer|Cinccino, F|23/100 brn
|turn|26
|
|t:|1769404776
|move|p2a: Dragon slayer|Bullet Seed|p1a: Garganacl
|-supereffective|p1a: Garganacl
|-damage|p1a: Garganacl|51/100
|-supereffective|p1a: Garganacl
|-damage|p1a: Garganacl|49/100
|-supereffective|p1a: Garganacl
|-damage|p1a: Garganacl|46/100
|-supereffective|p1a: Garganacl
|-damage|p1a: Garganacl|44/100
|-supereffective|p1a: Garganacl
|-damage|p1a: Garganacl|42/100
|-hitcount|p1a: Garganacl|5
|move|p1a: Garganacl|Recover|p1a: Garganacl
|-heal|p1a: Garganacl|92/100
|
|-heal|p1a: Garganacl|98/100|[from] item: Leftovers
|-damage|p2a: Dragon slayer|17/100 brn|[from] brn
|upkeep
|turn|27
|-message|Jc3_123abc forfeited.
|
|win|WumboMumboJumbo
|raw|WumboMumboJumbo's rating: 1452 &rarr; <strong>1470</strong><br />(+18 for winning)
|raw|Jc3_123abc's rating: 1419 &rarr; <strong>1401</strong><br />(-18 for losing)
|l|☆Jc3_123abc
|player|p2|
|l|☆WumboMumboJumbo
|player|p1|
