|badge|p1|bronze|gen9ou|100-8
|uhtml|medal-msg|<div class="broadcast-blue">Curious what those medals under the avatar are? PS now has Ladder Seasons! For more information, check out the <a href="https://www.smogon.com/forums/threads/3740067/">thread on Smogon.</a></div>
|j|☆yesterdaymister
|j|☆151htyrneh
|inactive|Battle timer is ON: inactive players will automatically lose when time's up.
|t:|1769444583
|gametype|singles
|player|p1|yesterdaymister|266|
|player|p2|151htyrneh|wallace|
|gen|9
|tier|[Gen 9] OU
|rated|Tournament battle
|rule|HP Percentage Mod: HP is shown in percentages
|rule|Endless Battle Clause: Forcing endless battles is banned
|rule|Species Clause: Limit one of each Pokémon
|rule|OHKO Clause: OHKO moves are banned
|rule|Evasion Items Clause: Evasion items are banned
|rule|Evasion Moves Clause: Evasion moves are banned
|rule|Evasion Abilities Clause: Evasion abilities are banned
|rule|Sleep Moves Clause: Sleep-inducing moves are banned
|clearpoke
|poke|p1|Ninetales, F|
|poke|p1|Ceruledge, M|
|poke|p1|Venusaur, F|
|poke|p1|Hatterene, F|
|poke|p1|Great Tusk|
|poke|p1|Walking Wake|
|poke|p2|Enamorus, F|
|poke|p2|Great Tusk|
|poke|p2|Slowking-Galar, M|
|poke|p2|Kingambit, M|
|poke|p2|Torkoal, M|
|poke|p2|Walking Wake|
|teampreview
|inactive|yesterdaymister also wants the timer to be on.
|j| Kjorb
|c|☆yesterdaymister|glhf
|
|t:|1769444593
|teamsize|p1|6
|teamsize|p2|6
|start
|switch|p1a: chama|Walking Wake|100/100
|switch|p2a: Hell's Angel|Walking Wake|100/100
|turn|1
|c|☆151htyrneh|Glhf
|
|t:|1769444598
|-end|p1a: chama|Protosynthesis|[silent]
|switch|p1a: maccabi|Hatterene, F|100/100
|move|p2a: Hell's Angel|Draco Meteor|p1a: maccabi
|-immune|p1a: maccabi
|
|upkeep
|turn|2
|
|t:|1769444607
|-end|p2a: Hell's Angel|Protosynthesis|[silent]
|switch|p2a: Mantra|Slowking-Galar, M, shiny|100/100
|move|p1a: maccabi|Nuzzle|p2a: Mantra
|-damage|p2a: Mantra|98/100
|-status|p2a: Mantra|par
|
|upkeep
|turn|3
|
|t:|1769444615
|switch|p1a: mignolet|Great Tusk|100/100
|move|p2a: Mantra|Sludge Bomb|p1a: mignolet
|-resisted|p1a: mignolet
|-damage|p1a: mignolet|77/100
|
|upkeep
|turn|4
|
|t:|1769444622
|move|p1a: mignolet|Stealth Rock|p2a: Mantra
|-sidestart|p2: 151htyrneh|move: Stealth Rock
|cant|p2a: Mantra|par
|
|upkeep
|turn|5
|
|t:|1769444626
|move|p1a: mignolet|Headlong Rush|p2a: Mantra
|-supereffective|p2a: Mantra
|-damage|p2a: Mantra|17/100 par
|-unboost|p1a: mignolet|def|1
|-unboost|p1a: mignolet|spd|1
|move|p2a: Mantra|Psychic Noise|p1a: mignolet
|-supereffective|p1a: mignolet
|-damage|p1a: mignolet|0 fnt
|faint|p1a: mignolet
|-end|p1a: mignolet|Protosynthesis|[silent]
|
|upkeep
|
|t:|1769444630
|switch|p1a: lebron|Ceruledge, M|100/100
|turn|6
|
|t:|1769444635
|move|p1a: lebron|Bitter Blade|p2a: Mantra
|-damage|p2a: Mantra|0 fnt
|faint|p2a: Mantra
|
|upkeep
|
|t:|1769444638
|switch|p2a: Hell's Angel|Walking Wake|100/100
|-damage|p2a: Hell's Angel|88/100|[from] Stealth Rock
|turn|7
|
|t:|1769444648
|-terastallize|p1a: lebron|Fairy
|move|p2a: Hell's Angel|Hydro Steam|p1a: lebron
|-damage|p1a: lebron|29/100
|move|p1a: lebron|Tera Blast|p2a: Hell's Angel|[anim] Tera Blast Fairy
|-supereffective|p2a: Hell's Angel
|-damage|p2a: Hell's Angel|0 fnt
|faint|p2a: Hell's Angel
|-end|p2a: Hell's Angel|Protosynthesis|[silent]
|
|upkeep
|
|t:|1769444654
|switch|p2a: Behemoth|Great Tusk, shiny|100/100
|-damage|p2a: Behemoth|98/100|[from] Stealth Rock
|turn|8
|
|t:|1769444663
|move|p2a: Behemoth|Rapid Spin|p1a: lebron
|-damage|p1a: lebron|0 fnt
|-boost|p2a: Behemoth|spe|1
|-sideend|p2: 151htyrneh|Stealth Rock|[from] move: Rapid Spin|[of] p2a: Behemoth
|faint|p1a: lebron
|
|upkeep
|
|t:|1769444675
|switch|p1a: chama|Walking Wake|100/100
|turn|9
|
|t:|1769444680
|-end|p2a: Behemoth|Protosynthesis|[silent]
|switch|p2a: Overgod|Kingambit, M, shiny|100/100
|-activate|p2a: Overgod|ability: Supreme Overlord
|-start|p2a: Overgod|fallen2|[silent]
|-end|p1a: chama|Protosynthesis|[silent]
|switch|p1a: maccabi|Hatterene, F|100/100
|
|upkeep
|turn|10
|j| Redlinkgaming
|
|t:|1769444684
|move|p2a: Overgod|Kowtow Cleave|p1a: maccabi
|-damage|p1a: maccabi|49/100
|-enditem|p1a: maccabi|Eject Button
|
|t:|1769444690
|switch|p1a: arda guler|Ninetales, F|100/100
|-weather|SunnyDay|[from] ability: Drought|[of] p1a: arda guler
|
|-weather|SunnyDay|[upkeep]
|upkeep
|turn|11
|j| hax is all i need
|
|t:|1769444695
|-end|p2a: Overgod|fallen2|[silent]
|switch|p2a: Mt. Ember|Torkoal, M, shiny|100/100
|move|p1a: arda guler|Flamethrower|p2a: Mt. Ember
|-resisted|p2a: Mt. Ember
|-damage|p2a: Mt. Ember|81/100
|
|-weather|SunnyDay|[upkeep]
|upkeep
|turn|12
|
|t:|1769444702
|switch|p1a: maccabi|Hatterene, F|49/100
|move|p2a: Mt. Ember|Lava Plume|p1a: maccabi
|-damage|p1a: maccabi|11/100
|-status|p1a: maccabi|brn
|
|-weather|SunnyDay|[upkeep]
|-damage|p1a: maccabi|5/100 brn|[from] brn
|upkeep
|turn|13
|
|t:|1769444708
|move|p1a: maccabi|Healing Wish|p1a: maccabi
|faint|p1a: maccabi
|move|p2a: Mt. Ember|Stealth Rock|p1: maccabi
|-sidestart|p1: yesterdaymister|move: Stealth Rock
|
|-weather|SunnyDay|[upkeep]
|upkeep
|c|☆yesterdaymister|crazy
|
|t:|1769444715
|switch|p1a: chama|Walking Wake|100/100
|-damage|p1a: chama|88/100|[from] Stealth Rock
|-activate|p1a: chama|ability: Protosynthesis
|-start|p1a: chama|protosynthesisspa
|turn|14
|
|t:|1769444728
|move|p1a: chama|Hydro Steam|p2a: Mt. Ember
|-supereffective|p2a: Mt. Ember
|-damage|p2a: Mt. Ember|0 fnt
|faint|p2a: Mt. Ember
|
|-weather|SunnyDay|[upkeep]
|upkeep
|
|t:|1769444730
|switch|p2a: Gin|Enamorus, F, shiny|100/100
|turn|15
|
|t:|1769444738
|-end|p1a: chama|Protosynthesis|[silent]
|switch|p1a: hans vanaken|Venusaur, F|100/100
|-damage|p1a: hans vanaken|88/100|[from] Stealth Rock
|-terastallize|p2a: Gin|Fairy
|move|p2a: Gin|Moonblast|p1a: hans vanaken
|-resisted|p1a: hans vanaken
|-damage|p1a: hans vanaken|44/100
|-unboost|p1a: hans vanaken|spa|1
|
|-weather|SunnyDay|[upkeep]
|upkeep
|turn|16
|
|t:|1769444745
|switch|p2a: Overgod|Kingambit, M, shiny|100/100
|-activate|p2a: Overgod|ability: Supreme Overlord
|-start|p2a: Overgod|fallen3|[silent]
|move|p1a: hans vanaken|Sludge Bomb|p2a: Overgod
|-immune|p2a: Overgod
|
|-weather|SunnyDay|[upkeep]
|upkeep
|turn|17
|
|t:|1769444749
|move|p1a: hans vanaken|Weather Ball|p2a: Overgod
|-supereffective|p2a: Overgod
|-damage|p2a: Overgod|15/100
|-damage|p1a: hans vanaken|34/100|[from] item: Life Orb
|move|p2a: Overgod|Kowtow Cleave|p1a: hans vanaken
|-damage|p1a: hans vanaken|0 fnt
|faint|p1a: hans vanaken
|
|-weather|none
|-heal|p2a: Overgod|22/100|[from] item: Leftovers
|upkeep
|j| signed out
|
|t:|1769444757
|switch|p1a: arda guler|Ninetales, F|100/100
|-damage|p1a: arda guler|76/100|[from] Stealth Rock
|-weather|SunnyDay|[from] ability: Drought|[of] p1a: arda guler
|turn|18
|
|t:|1769444762
|move|p1a: arda guler|Flamethrower|p2a: Overgod
|-supereffective|p2a: Overgod
|-damage|p2a: Overgod|0 fnt
|faint|p2a: Overgod
|-end|p2a: Overgod|fallen3|[silent]
|
|-weather|SunnyDay|[upkeep]
|upkeep
|
|t:|1769444765
|switch|p2a: Behemoth|Great Tusk, shiny|98/100
|-activate|p2a: Behemoth|ability: Protosynthesis
|-start|p2a: Behemoth|protosynthesisatk
|turn|19
|j| Howard Webbs
|inactive|yesterdaymister has 120 seconds left.
|
|t:|1769444801
|move|p1a: arda guler|Flamethrower|p2a: Behemoth
|-damage|p2a: Behemoth|39/100
|move|p2a: Behemoth|Headlong Rush|p1a: arda guler
|-supereffective|p1a: arda guler
|-damage|p1a: arda guler|0 fnt
|-unboost|p2a: Behemoth|def|1
|-unboost|p2a: Behemoth|spd|1
|faint|p1a: arda guler
|
|-weather|SunnyDay|[upkeep]
|upkeep
|
|t:|1769444804
|switch|p1a: chama|Walking Wake|88/100
|-heal|p1a: chama|100/100|[from] move: Healing Wish
|-damage|p1a: chama|88/100|[from] Stealth Rock
|-activate|p1a: chama|ability: Protosynthesis
|-start|p1a: chama|protosynthesisspa
|turn|20
|c|☆yesterdaymister|gg
|
|t:|1769444810
|move|p1a: chama|Hydro Steam|p2a: Behemoth
|-supereffective|p2a: Behemoth
|-damage|p2a: Behemoth|0 fnt
|faint|p2a: Behemoth
|-end|p2a: Behemoth|Protosynthesis|[silent]
|
|-weather|SunnyDay|[upkeep]
|upkeep
|
|t:|1769444812
|switch|p2a: Gin|Enamorus, F, shiny, tera:Fairy|100/100
|turn|21
|
|t:|1769444814
|move|p2a: Gin|Moonblast|p1a: chama
|-supereffective|p1a: chama
|-damage|p1a: chama|0 fnt
|faint|p1a: chama
|-end|p1a: chama|Protosynthesis|[silent]
|
|win|151htyrneh
|n|☆yesterdaymister|yesterdaymister
|n|☆151htyrneh|151htyrneh
|n| Kjorb|kjorb
|n| Redlinkgaming|redlinkgaming
|n| hax is all i need|haxisallineed
|n| signed out|signedout
|n| Howard Webbs|howardwebbs
