|j|☆Coolradguy
|j|☆valiums
|t:|1769318596
|gametype|singles
|player|p1|Coolradguy|ghetsis|1434
|player|p2|valiums|iono-masters2|1397
|gen|9
|tier|[Gen 9] OU
|rated|
|rule|HP Percentage Mod: HP is shown in percentages
|rule|Endless Battle Clause: Forcing endless battles is banned
|rule|Species Clause: Limit one of each Pokémon
|rule|OHKO Clause: OHKO moves are banned
|rule|Evasion Items Clause: Evasion items are banned
|rule|Evasion Moves Clause: Evasion moves are banned
|rule|Evasion Abilities Clause: Evasion abilities are banned
|rule|Sleep Moves Clause: Sleep-inducing moves are banned
|clearpoke
|poke|p1|Samurott-Hisui, M|
|poke|p1|Iron Treads|
|poke|p1|Ditto|
|poke|p1|Zapdos|
|poke|p1|Iron Valiant|
|poke|p1|Glastrier|
|poke|p2|Pecharunt|
|poke|p2|Hatterene, F|
|poke|p2|Rillaboom, F|
|poke|p2|Ceruledge, F|
|poke|p2|Iron Treads|
|poke|p2|Araquanid, F|
|teampreview
|inactive|Battle timer is ON: inactive players will automatically lose when time's up. (requested by Coolradguy)
|
|t:|1769318627
|teamsize|p1|6
|teamsize|p2|6
|start
|switch|p1a: Ditto|Ditto, shiny|100/100
|switch|p2a: Pecharunt|Pecharunt|100/100
|-transform|p1a: Ditto|p2a: Pecharunt|[from] ability: Imposter
|turn|1
|
|t:|1769318638
|move|p1a: Ditto|Parting Shot|p2a: Pecharunt
|-unboost|p2a: Pecharunt|atk|1
|-unboost|p2a: Pecharunt|spa|1
|
|t:|1769318661
|switch|p1a: Samurott|Samurott-Hisui, M|100/100|[from] Parting Shot
|move|p2a: Pecharunt|Parting Shot|p1a: Samurott
|-unboost|p1a: Samurott|atk|1
|-unboost|p1a: Samurott|spa|1
|
|t:|1769318668
|switch|p2a: Rillaboom|Rillaboom, F, shiny|100/100|[from] Parting Shot
|-fieldstart|move: Grassy Terrain|[from] ability: Grassy Surge|[of] p2a: Rillaboom
|
|upkeep
|turn|2
|
|t:|1769318680
|switch|p1a: Ditto|Ditto, shiny|100/100
|-transform|p1a: Ditto|p2a: Rillaboom|[from] ability: Imposter
|move|p2a: Rillaboom|Grassy Glide|p1a: Ditto
|-resisted|p1a: Ditto
|-damage|p1a: Ditto|75/100
|
|-heal|p1a: Ditto|81/100|[from] Grassy Terrain
|upkeep
|turn|3
|
|t:|1769318699
|move|p1a: Ditto|U-turn|p2a: Rillaboom
|-supereffective|p2a: Rillaboom
|-damage|p2a: Rillaboom|50/100
|inactive|Coolradguy has 120 seconds left.
|
|t:|1769318721
|switch|p1a: Glastrier|Glastrier|100/100|[from] U-turn
|move|p2a: Rillaboom|U-turn|p1a: Glastrier
|-damage|p1a: Glastrier|81/100
|
|t:|1769318733
|switch|p2a: Iron Treads|Iron Treads|100/100|[from] U-turn
|-enditem|p2a: Iron Treads|Booster Energy
|-activate|p2a: Iron Treads|ability: Quark Drive|[fromitem]
|-start|p2a: Iron Treads|quarkdrivespe
|
|-heal|p1a: Glastrier|87/100|[from] Grassy Terrain
|-heal|p1a: Glastrier|94/100|[from] item: Leftovers
|upkeep
|turn|4
|
|t:|1769318752
|move|p2a: Iron Treads|Earthquake|p1a: Glastrier
|-damage|p1a: Glastrier|78/100
|move|p1a: Glastrier|High Horsepower|p2a: Iron Treads|[miss]
|-miss|p1a: Glastrier|p2a: Iron Treads
|
|-heal|p1a: Glastrier|85/100|[from] Grassy Terrain
|-heal|p1a: Glastrier|91/100|[from] item: Leftovers
|upkeep
|turn|5
|inactive|Coolradguy has 120 seconds left.
|
|t:|1769318768
|move|p2a: Iron Treads|Steel Roller|p1a: Glastrier
|-supereffective|p1a: Glastrier
|-damage|p1a: Glastrier|12/100
|-fieldend|move: Grassy Terrain
|move|p1a: Glastrier|Avalanche|p2a: Iron Treads
|-damage|p2a: Iron Treads|32/100
|
|-heal|p1a: Glastrier|18/100|[from] item: Leftovers
|upkeep
|turn|6
|inactive|Coolradguy has 120 seconds left.
|
|t:|1769318787
|-end|p2a: Iron Treads|Quark Drive|[silent]
|switch|p2a: Pecharunt|Pecharunt|100/100
|move|p1a: Glastrier|Avalanche|p2a: Pecharunt
|-damage|p2a: Pecharunt|80/100
|
|-heal|p1a: Glastrier|24/100|[from] item: Leftovers
|upkeep
|turn|7
|
|t:|1769318795
|move|p2a: Pecharunt|Malignant Chain|p1a: Glastrier
|-damage|p1a: Glastrier|1/100
|move|p1a: Glastrier|High Horsepower|p2a: Pecharunt
|-supereffective|p2a: Pecharunt
|-damage|p2a: Pecharunt|32/100
|
|-heal|p1a: Glastrier|7/100|[from] item: Leftovers
|upkeep
|turn|8
|
|t:|1769318805
|move|p2a: Pecharunt|Malignant Chain|p1a: Glastrier
|-damage|p1a: Glastrier|0 fnt
|faint|p1a: Glastrier
|
|upkeep
|
|t:|1769318811
|switch|p1a: Samurott|Samurott-Hisui, M|100/100
|turn|9
|
|t:|1769318823
|-terastallize|p2a: Pecharunt|Water
|move|p2a: Pecharunt|Recover|p2a: Pecharunt
|-heal|p2a: Pecharunt|82/100
|move|p1a: Samurott|Aqua Cutter|p2a: Pecharunt
|-resisted|p2a: Pecharunt
|-damage|p2a: Pecharunt|69/100
|
|upkeep
|turn|10
|
|t:|1769318832
|move|p2a: Pecharunt|Malignant Chain|p1a: Samurott
|-damage|p1a: Samurott|72/100
|-status|p1a: Samurott|tox
|-start|p1a: Samurott|confusion|[from] ability: Poison Puppeteer|[of] p2a: Pecharunt
|-activate|p1a: Samurott|confusion
|-damage|p1a: Samurott|55/100 tox|[from] confusion
|
|-damage|p1a: Samurott|49/100 tox|[from] psn
|upkeep
|turn|11
|
|t:|1769318850
|move|p2a: Pecharunt|Recover|p2a: Pecharunt
|-heal|p2a: Pecharunt|100/100
|-end|p1a: Samurott|confusion
|move|p1a: Samurott|Ceaseless Edge|p2a: Pecharunt
|-damage|p2a: Pecharunt|73/100
|-sidestart|p2: valiums|Spikes
|
|-damage|p1a: Samurott|36/100 tox|[from] psn
|upkeep
|turn|12
|
|t:|1769318877
|switch|p1a: Ditto|Ditto, shiny|81/100
|-transform|p1a: Ditto|p2a: Pecharunt|[from] ability: Imposter
|move|p2a: Pecharunt|Malignant Chain|p1a: Ditto
|-resisted|p1a: Ditto
|-damage|p1a: Ditto|71/100
|
|upkeep
|-start|p1a: Ditto|typechange|Poison/Ghost|[silent]
|turn|13
|
|t:|1769318891
|switch|p2a: Araquanid|Araquanid, F, shiny|100/100
|-damage|p2a: Araquanid|88/100|[from] Spikes
|move|p1a: Ditto|Malignant Chain|p2a: Araquanid
|-damage|p2a: Araquanid|64/100
|-status|p2a: Araquanid|tox
|
|-damage|p2a: Araquanid|58/100 tox|[from] psn
|upkeep
|turn|14
|
|t:|1769318904
|switch|p1a: Zapdos|Zapdos, shiny|100/100
|move|p2a: Araquanid|Sticky Web|p1a: Zapdos
|-sidestart|p1: Coolradguy|move: Sticky Web
|
|-damage|p2a: Araquanid|45/100 tox|[from] psn
|upkeep
|turn|15
|
|t:|1769318918
|move|p1a: Zapdos|U-turn|p2a: Araquanid
|-damage|p2a: Araquanid|30/100 tox
|
|t:|1769318926
|switch|p1a: Ditto|Ditto, shiny|71/100|[from] U-turn
|-activate|p1a: Ditto|move: Sticky Web
|-unboost|p1a: Ditto|spe|1
|-transform|p1a: Ditto|p2a: Araquanid|[from] ability: Imposter
|move|p2a: Araquanid|Endeavor|p1a: Ditto
|-damage|p1a: Ditto|34/100
|
|-damage|p2a: Araquanid|12/100 tox|[from] psn
|upkeep
|turn|16
|-enditem|p2a: Araquanid|Custap Berry|[eat]
|-activate|p2a: Araquanid|item: Custap Berry|[consumed]
|
|t:|1769318937
|move|p2a: Araquanid|Reflect|p2a: Araquanid
|-sidestart|p2: valiums|Reflect
|move|p1a: Ditto|Sticky Web|p2a: Araquanid
|-sidestart|p2: valiums|move: Sticky Web
|
|-damage|p2a: Araquanid|0 fnt|[from] psn
|faint|p2a: Araquanid
|upkeep
|
|t:|1769318946
|switch|p2a: Iron Treads|Iron Treads|32/100
|-damage|p2a: Iron Treads|20/100|[from] Spikes
|-activate|p2a: Iron Treads|move: Sticky Web
|-unboost|p2a: Iron Treads|spe|1
|turn|17
|
|t:|1769318954
|switch|p1a: Zapdos|Zapdos, shiny|100/100
|move|p2a: Iron Treads|Rapid Spin|p1a: Zapdos
|-damage|p1a: Zapdos|85/100
|-boost|p2a: Iron Treads|spe|1
|-sideend|p2: valiums|Spikes|[from] move: Rapid Spin|[of] p2a: Iron Treads
|-sideend|p2: valiums|Sticky Web|[from] move: Rapid Spin|[of] p2a: Iron Treads
|
|upkeep
|turn|18
|
|t:|1769318966
|move|p2a: Iron Treads|Ice Spinner|p1a: Zapdos
|-supereffective|p1a: Zapdos
|-damage|p1a: Zapdos|36/100
|move|p1a: Zapdos|Heat Wave|p2a: Iron Treads
|-supereffective|p2a: Iron Treads
|-damage|p2a: Iron Treads|0 fnt
|faint|p2a: Iron Treads
|-end|p2a: Iron Treads|Quark Drive|[silent]
|
|upkeep
|
|t:|1769318972
|switch|p2a: Rillaboom|Rillaboom, F, shiny|50/100
|-fieldstart|move: Grassy Terrain|[from] ability: Grassy Surge|[of] p2a: Rillaboom
|turn|19
|
|t:|1769318980
|switch|p2a: Hatterene|Hatterene, F, shiny|100/100
|-enditem|p2a: Hatterene|Grassy Seed
|-boost|p2a: Hatterene|def|1|[from] item: Grassy Seed
|move|p1a: Zapdos|Roost|p1a: Zapdos
|-heal|p1a: Zapdos|86/100
|-singleturn|p1a: Zapdos|move: Roost
|
|-heal|p1a: Zapdos|92/100|[from] Grassy Terrain
|upkeep
|turn|20
|
|t:|1769318988
|move|p1a: Zapdos|Discharge|p2a: Hatterene
|-damage|p2a: Hatterene|54/100
|move|p2a: Hatterene|Calm Mind|p2a: Hatterene
|-boost|p2a: Hatterene|spa|1
|-boost|p2a: Hatterene|spd|1
|
|-heal|p2a: Hatterene|60/100|[from] Grassy Terrain
|-sideend|p2: valiums|Reflect
|upkeep
|turn|21
|
|t:|1769319000
|move|p1a: Zapdos|Discharge|p2a: Hatterene
|-damage|p2a: Hatterene|30/100
|move|p2a: Hatterene|Draining Kiss|p1a: Zapdos
|-damage|p1a: Zapdos|58/100
|-heal|p2a: Hatterene|61/100|[from] drain|[of] p1a: Zapdos
|
|-heal|p2a: Hatterene|67/100|[from] Grassy Terrain
|upkeep
|turn|22
|
|t:|1769319009
|move|p1a: Zapdos|Discharge|p2a: Hatterene
|-damage|p2a: Hatterene|36/100
|move|p2a: Hatterene|Calm Mind|p2a: Hatterene
|-boost|p2a: Hatterene|spa|1
|-boost|p2a: Hatterene|spd|1
|
|-heal|p2a: Hatterene|42/100|[from] Grassy Terrain
|upkeep
|turn|23
|
|t:|1769319016
|move|p1a: Zapdos|Discharge|p2a: Hatterene
|-damage|p2a: Hatterene|20/100
|move|p2a: Hatterene|Draining Kiss|p1a: Zapdos
|-damage|p1a: Zapdos|15/100
|-heal|p2a: Hatterene|60/100|[from] drain|[of] p1a: Zapdos
|-status|p2a: Hatterene|par|[from] ability: Static|[of] p1a: Zapdos
|
|-heal|p2a: Hatterene|66/100 par|[from] Grassy Terrain
|-fieldend|move: Grassy Terrain
|upkeep
|turn|24
|
|t:|1769319036
|move|p1a: Zapdos|Roost|p1a: Zapdos
|-heal|p1a: Zapdos|65/100
|-singleturn|p1a: Zapdos|move: Roost
|move|p2a: Hatterene|Draining Kiss|p1a: Zapdos
|-damage|p1a: Zapdos|22/100
|-heal|p2a: Hatterene|100/100 par|[from] drain|[of] p1a: Zapdos
|
|upkeep
|turn|25
|
|t:|1769319044
|move|p1a: Zapdos|Roost|p1a: Zapdos
|-heal|p1a: Zapdos|72/100
|-singleturn|p1a: Zapdos|move: Roost
|move|p2a: Hatterene|Stored Power|p1a: Zapdos
|-damage|p1a: Zapdos|0 fnt
|faint|p1a: Zapdos
|
|upkeep
|
|t:|1769319060
|switch|p1a: Iron Treads|Iron Treads|100/100
|-activate|p1a: Iron Treads|move: Sticky Web
|-unboost|p1a: Iron Treads|spe|1
|turn|26
|
|t:|1769319071
|move|p1a: Iron Treads|Iron Head|p2a: Hatterene
|-supereffective|p2a: Hatterene
|-damage|p2a: Hatterene|56/100 par
|cant|p2a: Hatterene|flinch
|
|upkeep
|turn|27
|
|t:|1769319082
|move|p1a: Iron Treads|Iron Head|p2a: Hatterene
|-supereffective|p2a: Hatterene
|-crit|p2a: Hatterene
|-damage|p2a: Hatterene|0 fnt
|faint|p2a: Hatterene
|
|upkeep
|
|t:|1769319085
|switch|p2a: Rillaboom|Rillaboom, F, shiny|50/100
|-fieldstart|move: Grassy Terrain|[from] ability: Grassy Surge|[of] p2a: Rillaboom
|turn|28
|
|t:|1769319093
|move|p1a: Iron Treads|Rapid Spin|p2a: Rillaboom
|-damage|p2a: Rillaboom|34/100
|-boost|p1a: Iron Treads|spe|1
|-sideend|p1: Coolradguy|Sticky Web|[from] move: Rapid Spin|[of] p1a: Iron Treads
|move|p2a: Rillaboom|Low Kick|p1a: Iron Treads
|-supereffective|p1a: Iron Treads
|-damage|p1a: Iron Treads|15/100
|
|-heal|p1a: Iron Treads|21/100|[from] Grassy Terrain
|-heal|p1a: Iron Treads|27/100|[from] item: Leftovers
|-heal|p2a: Rillaboom|40/100|[from] Grassy Terrain
|upkeep
|turn|29
|
|t:|1769319097
|move|p2a: Rillaboom|Grassy Glide|p1a: Iron Treads
|-crit|p1a: Iron Treads
|-damage|p1a: Iron Treads|0 fnt
|faint|p1a: Iron Treads
|-end|p1a: Iron Treads|Quark Drive|[silent]
|
|-heal|p2a: Rillaboom|46/100|[from] Grassy Terrain
|upkeep
|
|t:|1769319106
|switch|p1a: Iron Valiant|Iron Valiant|100/100
|-enditem|p1a: Iron Valiant|Booster Energy
|-activate|p1a: Iron Valiant|ability: Quark Drive|[fromitem]
|-start|p1a: Iron Valiant|quarkdrivespe
|turn|30
|
|t:|1769319116
|switch|p2a: Pecharunt|Pecharunt, tera:Water|73/100
|move|p1a: Iron Valiant|Moonblast|p2a: Pecharunt
|-damage|p2a: Pecharunt|30/100
|
|-heal|p2a: Pecharunt|36/100|[from] Grassy Terrain
|upkeep
|turn|31
|
|t:|1769319127
|switch|p2a: Ceruledge|Ceruledge, F, shiny|100/100
|move|p1a: Iron Valiant|Moonblast|p2a: Ceruledge
|-resisted|p2a: Ceruledge
|-damage|p2a: Ceruledge|75/100
|
|-heal|p2a: Ceruledge|81/100|[from] Grassy Terrain
|upkeep
|turn|32
|
|t:|1769319137
|-end|p1a: Iron Valiant|Quark Drive|[silent]
|switch|p1a: Samurott|Samurott-Hisui, M|36/100 tox
|move|p2a: Ceruledge|Bitter Blade|p1a: Samurott
|-resisted|p1a: Samurott
|-damage|p1a: Samurott|8/100 tox
|-heal|p2a: Ceruledge|96/100|[from] drain|[of] p1a: Samurott
|
|-heal|p2a: Ceruledge|100/100|[from] Grassy Terrain
|-heal|p1a: Samurott|15/100 tox|[from] Grassy Terrain
|-damage|p1a: Samurott|8/100 tox|[from] psn
|-fieldend|move: Grassy Terrain
|upkeep
|turn|33
|
|t:|1769319140
|move|p1a: Samurott|Sucker Punch|p2a: Ceruledge
|-supereffective|p2a: Ceruledge
|-damage|p2a: Ceruledge|9/100
|-ability|p2a: Ceruledge|Weak Armor|boost
|-unboost|p2a: Ceruledge|def|1
|-boost|p2a: Ceruledge|spe|2
|move|p2a: Ceruledge|Shadow Sneak|p1a: Samurott
|-resisted|p1a: Samurott
|-damage|p1a: Samurott|0 fnt
|faint|p1a: Samurott
|
|upkeep
|
|t:|1769319151
|switch|p1a: Ditto|Ditto, shiny|34/100
|-transform|p1a: Ditto|p2a: Ceruledge|[from] ability: Imposter
|turn|34
|
|t:|1769319160
|move|p1a: Ditto|Shadow Sneak|p2a: Ceruledge
|-supereffective|p2a: Ceruledge
|-damage|p2a: Ceruledge|0 fnt
|faint|p2a: Ceruledge
|
|upkeep
|
|t:|1769319163
|switch|p2a: Pecharunt|Pecharunt, tera:Water|36/100
|turn|35
|
|t:|1769319166
|move|p1a: Ditto|Shadow Sneak|p2a: Pecharunt
|-damage|p2a: Pecharunt|24/100
|move|p2a: Pecharunt|Recover|p2a: Pecharunt
|-heal|p2a: Pecharunt|74/100
|
|upkeep
|turn|36
|
|t:|1769319177
|switch|p1a: Iron Valiant|Iron Valiant|100/100
|move|p2a: Pecharunt|Malignant Chain|p1a: Iron Valiant
|-supereffective|p1a: Iron Valiant
|-damage|p1a: Iron Valiant|0 fnt
|faint|p1a: Iron Valiant
|-end|p1a: Iron Valiant|Quark Drive|[silent]
|
|upkeep
|
|t:|1769319182
|switch|p1a: Ditto|Ditto, shiny|34/100
|-transform|p1a: Ditto|p2a: Pecharunt|[from] ability: Imposter
|turn|37
|
|t:|1769319200
|move|p1a: Ditto|Malignant Chain|p2a: Pecharunt
|-damage|p2a: Pecharunt|40/100
|-status|p2a: Pecharunt|tox
|move|p2a: Pecharunt|Parting Shot|p1a: Ditto
|-unboost|p1a: Ditto|atk|1
|-unboost|p1a: Ditto|spa|1
|
|t:|1769319206
|switch|p2a: Rillaboom|Rillaboom, F, shiny|46/100|[from] Parting Shot
|-fieldstart|move: Grassy Terrain|[from] ability: Grassy Surge|[of] p2a: Rillaboom
|
|-heal|p1a: Ditto|40/100|[from] Grassy Terrain
|-heal|p2a: Rillaboom|53/100|[from] Grassy Terrain
|upkeep
|turn|38
|
|t:|1769319214
|move|p1a: Ditto|Malignant Chain|p2a: Rillaboom
|-supereffective|p2a: Rillaboom
|-damage|p2a: Rillaboom|21/100
|move|p2a: Rillaboom|U-turn|p1a: Ditto
|-resisted|p1a: Ditto
|-damage|p1a: Ditto|36/100
|
|t:|1769319217
|switch|p2a: Pecharunt|Pecharunt, tera:Water|40/100 tox|[from] U-turn
|
|-heal|p1a: Ditto|42/100|[from] Grassy Terrain
|-heal|p2a: Pecharunt|46/100 tox|[from] Grassy Terrain
|-damage|p2a: Pecharunt|40/100 tox|[from] psn
|upkeep
|turn|39
|
|t:|1769319232
|move|p1a: Ditto|Malignant Chain|p2a: Pecharunt
|-damage|p2a: Pecharunt|20/100 tox
|move|p2a: Pecharunt|Destiny Bond|p2a: Pecharunt
|-singlemove|p2a: Pecharunt|Destiny Bond
|
|-heal|p1a: Ditto|48/100|[from] Grassy Terrain
|-heal|p2a: Pecharunt|27/100 tox|[from] Grassy Terrain
|-damage|p2a: Pecharunt|14/100 tox|[from] psn
|upkeep
|turn|40
|
|t:|1769319254
|-terastallize|p1a: Ditto|Stellar
|move|p1a: Ditto|Malignant Chain|p2a: Pecharunt
|-damage|p2a: Pecharunt|0 fnt
|faint|p2a: Pecharunt
|-activate|p2a: Pecharunt|move: Destiny Bond
|faint|p1a: Ditto
|
|win|valiums
|raw|Coolradguy's rating: 1434 &rarr; <strong>1413</strong><br />(-21 for losing)
|raw|valiums's rating: 1414 &rarr; <strong>1435</strong><br />(+21 for winning)
|c|☆valiums|gg <3
|c|☆valiums|rly good use of ditto
|l|☆Coolradguy
|player|p1|
|l|☆valiums
|player|p2|
