|j|‽LT_Alt1
|j|‽liamsdad
|t:|1769406975
|gametype|singles
|player|p1|LT_Alt1|169|1603
|player|p2|liamsdad|bruno|1574
|gen|9
|tier|[Gen 9] OU
|rated|
|rule|HP Percentage Mod: HP is shown in percentages
|rule|Endless Battle Clause: Forcing endless battles is banned
|rule|Species Clause: Limit one of each Pokémon
|rule|OHKO Clause: OHKO moves are banned
|rule|Evasion Items Clause: Evasion items are banned
|rule|Evasion Moves Clause: Evasion moves are banned
|rule|Evasion Abilities Clause: Evasion abilities are banned
|rule|Sleep Moves Clause: Sleep-inducing moves are banned
|clearpoke
|poke|p1|Darkrai|
|poke|p1|Slowking-Galar, F|
|poke|p1|Gholdengo|
|poke|p1|Iron Treads|
|poke|p1|Raging Bolt|
|poke|p1|Gliscor, F|
|poke|p2|Pelipper, F|
|poke|p2|Ludicolo, F|
|poke|p2|Iron Treads|
|poke|p2|Barraskewda, M|
|poke|p2|Walking Wake|
|poke|p2|Poliwrath, M|
|teampreview
|inactive|Battle timer is ON: inactive players will automatically lose when time's up. (requested by liamsdad)
|
|t:|1769406984
|teamsize|p1|6
|teamsize|p2|6
|start
|switch|p1a: Gliscor|Gliscor, F|100/100
|switch|p2a: Pelipper|Pelipper, F|100/100
|-weather|RainDance|[from] ability: Drizzle|[of] p2a: Pelipper
|turn|1
|
|t:|1769406993
|switch|p2a: Poliwrath|Poliwrath, M|100/100
|move|p1a: Gliscor|Protect||[still]
|-fail|p1a: Gliscor
|
|-weather|RainDance|[upkeep]
|-status|p1a: Gliscor|tox|[from] item: Toxic Orb
|upkeep
|turn|2
|
|t:|1769407000
|-terastallize|p2a: Poliwrath|Steel
|move|p1a: Gliscor|Protect|p1a: Gliscor
|-singleturn|p1a: Gliscor|Protect
|move|p2a: Poliwrath|Belly Drum|p2a: Poliwrath
|-damage|p2a: Poliwrath|50/100
|-setboost|p2a: Poliwrath|atk|6|[from] move: Belly Drum
|-enditem|p2a: Poliwrath|Sitrus Berry|[eat]
|-heal|p2a: Poliwrath|75/100|[from] item: Sitrus Berry
|
|-weather|RainDance|[upkeep]
|upkeep
|turn|3
|
|t:|1769407022
|switch|p1a: Iron Treads|Iron Treads|100/100
|move|p2a: Poliwrath|Liquidation|p1a: Iron Treads
|-supereffective|p1a: Iron Treads
|-damage|p1a: Iron Treads|0 fnt
|faint|p1a: Iron Treads
|-end|p1a: Iron Treads|Quark Drive|[silent]
|
|-weather|RainDance|[upkeep]
|upkeep
|
|t:|1769407024
|switch|p1a: Raging Bolt|Raging Bolt|100/100
|turn|4
|
|t:|1769407034
|-terastallize|p1a: Raging Bolt|Bug
|move|p2a: Poliwrath|Drain Punch|p1a: Raging Bolt
|-resisted|p1a: Raging Bolt
|-damage|p1a: Raging Bolt|39/100
|-heal|p2a: Poliwrath|100/100|[from] drain|[of] p1a: Raging Bolt
|move|p1a: Raging Bolt|Thunderbolt|p2a: Poliwrath
|-damage|p2a: Poliwrath|42/100
|
|-weather|RainDance|[upkeep]
|-heal|p1a: Raging Bolt|45/100|[from] item: Leftovers
|upkeep
|turn|5
|
|t:|1769407040
|move|p1a: Raging Bolt|Thunderclap|p2a: Poliwrath
|-damage|p2a: Poliwrath|0 fnt
|faint|p2a: Poliwrath
|
|-weather|RainDance|[upkeep]
|-heal|p1a: Raging Bolt|51/100|[from] item: Leftovers
|upkeep
|
|t:|1769407047
|switch|p2a: Ludicolo|Ludicolo, F|100/100
|turn|6
|
|t:|1769407055
|move|p1a: Raging Bolt|Thunderclap|p2a: Ludicolo
|-damage|p2a: Ludicolo|56/100
|move|p2a: Ludicolo|Hydro Pump|p1a: Raging Bolt
|-damage|p1a: Raging Bolt|0 fnt
|faint|p1a: Raging Bolt
|-end|p1a: Raging Bolt|Protosynthesis|[silent]
|-damage|p2a: Ludicolo|46/100|[from] item: Life Orb
|
|-weather|RainDance|[upkeep]
|upkeep
|
|t:|1769407059
|switch|p1a: Slowking|Slowking-Galar, F|100/100
|turn|7
|
|t:|1769407062
|switch|p2a: Iron Treads|Iron Treads|100/100
|-prepare|p1a: Slowking|Chilly Reception|[premajor]
|move|p1a: Slowking|Chilly Reception|p1a: Slowking
|-weather|Snowscape
|
|t:|1769407064
|switch|p1a: Darkrai|Darkrai|100/100|[from] Chilly Reception
|
|-weather|Snowscape|[upkeep]
|upkeep
|turn|8
|
|t:|1769407070
|move|p1a: Darkrai|Nasty Plot|p1a: Darkrai
|-boost|p1a: Darkrai|spa|2
|move|p2a: Iron Treads|Earthquake|p1a: Darkrai
|-damage|p1a: Darkrai|51/100
|
|-weather|Snowscape|[upkeep]
|-heal|p1a: Darkrai|57/100|[from] item: Leftovers
|upkeep
|turn|9
|
|t:|1769407074
|move|p1a: Darkrai|Dark Pulse|p2a: Iron Treads
|-damage|p2a: Iron Treads|57/100
|move|p2a: Iron Treads|Rapid Spin|p1a: Darkrai
|-damage|p1a: Darkrai|40/100
|-boost|p2a: Iron Treads|spe|1
|
|-weather|Snowscape|[upkeep]
|-heal|p1a: Darkrai|46/100|[from] item: Leftovers
|upkeep
|turn|10
|
|t:|1769407078
|move|p1a: Darkrai|Focus Blast|p2a: Iron Treads
|-supereffective|p2a: Iron Treads
|-damage|p2a: Iron Treads|0 fnt
|faint|p2a: Iron Treads
|-end|p2a: Iron Treads|Quark Drive|[silent]
|
|-weather|Snowscape|[upkeep]
|-heal|p1a: Darkrai|52/100|[from] item: Leftovers
|upkeep
|
|t:|1769407086
|switch|p2a: Pelipper|Pelipper, F|100/100
|-weather|RainDance|[from] ability: Drizzle|[of] p2a: Pelipper
|turn|11
|
|t:|1769407092
|move|p1a: Darkrai|Dark Pulse|p2a: Pelipper
|-damage|p2a: Pelipper|0 fnt
|faint|p2a: Pelipper
|
|-weather|RainDance|[upkeep]
|-heal|p1a: Darkrai|58/100|[from] item: Leftovers
|upkeep
|
|t:|1769407094
|switch|p2a: Barraskewda|Barraskewda, M|100/100
|turn|12
|j| MakX70
|
|t:|1769407111
|switch|p1a: Gliscor|Gliscor, F|100/100 tox
|move|p2a: Barraskewda|Liquidation|p1a: Gliscor
|-supereffective|p1a: Gliscor
|-damage|p1a: Gliscor|0 fnt
|faint|p1a: Gliscor
|
|-weather|RainDance|[upkeep]
|upkeep
|
|t:|1769407114
|switch|p1a: Slowking|Slowking-Galar, F|100/100
|turn|13
|
|t:|1769407124
|move|p2a: Barraskewda|Liquidation|p1a: Slowking
|-damage|p1a: Slowking|3/100
|-prepare|p1a: Slowking|Chilly Reception|[premajor]
|move|p1a: Slowking|Chilly Reception|p1a: Slowking
|-weather|Snowscape
|
|t:|1769407136
|switch|p1a: Gholdengo|Gholdengo|100/100|[from] Chilly Reception
|
|-weather|Snowscape|[upkeep]
|upkeep
|turn|14
|
|t:|1769407139
|move|p1a: Gholdengo|Shadow Ball|p2a: Barraskewda
|-damage|p2a: Barraskewda|13/100
|move|p2a: Barraskewda|Liquidation|p1a: Gholdengo
|-damage|p1a: Gholdengo|27/100
|
|-weather|Snowscape|[upkeep]
|upkeep
|turn|15
|
|t:|1769407142
|move|p1a: Gholdengo|Shadow Ball|p2a: Barraskewda
|-damage|p2a: Barraskewda|0 fnt
|faint|p2a: Barraskewda
|
|-weather|Snowscape|[upkeep]
|upkeep
|
|t:|1769407144
|switch|p2a: Walking Wake|Walking Wake|100/100
|-enditem|p2a: Walking Wake|Booster Energy
|-activate|p2a: Walking Wake|ability: Protosynthesis|[fromitem]
|-start|p2a: Walking Wake|protosynthesisspa
|turn|16
|
|t:|1769407148
|move|p1a: Gholdengo|Shadow Ball|p2a: Walking Wake
|-damage|p2a: Walking Wake|52/100
|move|p2a: Walking Wake|Agility|p2a: Walking Wake
|-boost|p2a: Walking Wake|spe|2
|
|-weather|Snowscape|[upkeep]
|upkeep
|turn|17
|
|t:|1769407159
|move|p2a: Walking Wake|Hydro Steam|p1a: Gholdengo
|-damage|p1a: Gholdengo|0 fnt
|faint|p1a: Gholdengo
|
|-weather|none
|upkeep
|
|t:|1769407161
|switch|p1a: Slowking|Slowking-Galar, F|36/100
|turn|18
|
|t:|1769407166
|move|p2a: Walking Wake|Dragon Pulse|p1a: Slowking
|-damage|p1a: Slowking|0 fnt
|faint|p1a: Slowking
|
|upkeep
|l| MakX70
|-message|LT_Alt1 forfeited.
|
|win|liamsdad
|raw|LT_Alt1's rating: 1603 &rarr; <strong>1581</strong><br />(-22 for losing)
|raw|liamsdad's rating: 1574 &rarr; <strong>1596</strong><br />(+22 for winning)
|l|‽LT_Alt1
|player|p1|
|l|‽liamsdad
|player|p2|
