|j|☆yesgamerfleet
|j|☆Jellyfish licker
|t:|1769405104
|gametype|singles
|player|p1|yesgamerfleet|102|1391
|player|p2|Jellyfish licker|flannery|1400
|gen|9
|tier|[Gen 9] OU
|rated|
|rule|HP Percentage Mod: HP is shown in percentages
|rule|Endless Battle Clause: Forcing endless battles is banned
|rule|Species Clause: Limit one of each Pokémon
|rule|OHKO Clause: OHKO moves are banned
|rule|Evasion Items Clause: Evasion items are banned
|rule|Evasion Moves Clause: Evasion moves are banned
|rule|Evasion Abilities Clause: Evasion abilities are banned
|rule|Sleep Moves Clause: Sleep-inducing moves are banned
|clearpoke
|poke|p1|Rillaboom, M|
|poke|p1|Hawlucha, F|
|poke|p1|Kingambit, F|
|poke|p1|Iron Valiant|
|poke|p1|Samurott-Hisui, F|
|poke|p1|Dragapult, M|
|poke|p2|Garchomp, F|
|poke|p2|Hoopa-Unbound|
|poke|p2|Slowking-Galar, M|
|poke|p2|Gholdengo|
|poke|p2|Alomomola, F|
|poke|p2|Darkrai|
|teampreview
|inactive|Battle timer is ON: inactive players will automatically lose when time's up. (requested by Jellyfish licker)
|
|t:|1769405114
|teamsize|p1|6
|teamsize|p2|6
|start
|switch|p1a: Samurott|Samurott-Hisui, F|100/100
|switch|p2a: Garchomp|Garchomp, F|100/100
|turn|1
|
|t:|1769405120
|move|p1a: Samurott|Ceaseless Edge|p2a: Garchomp
|-damage|p2a: Garchomp|72/100
|-damage|p1a: Samurott|88/100|[from] ability: Rough Skin|[of] p2a: Garchomp
|-damage|p1a: Samurott|72/100|[from] item: Rocky Helmet|[of] p2a: Garchomp
|-sidestart|p2: Jellyfish licker|Spikes
|move|p2a: Garchomp|Stealth Rock|p1a: Samurott
|-sidestart|p1: yesgamerfleet|move: Stealth Rock
|
|upkeep
|turn|2
|
|t:|1769405124
|move|p1a: Samurott|Ceaseless Edge|p2a: Garchomp
|-damage|p2a: Garchomp|47/100
|-damage|p1a: Samurott|59/100|[from] ability: Rough Skin|[of] p2a: Garchomp
|-damage|p1a: Samurott|43/100|[from] item: Rocky Helmet|[of] p2a: Garchomp
|-sidestart|p2: Jellyfish licker|Spikes
|move|p2a: Garchomp|Dragon Tail|p1a: Samurott
|-damage|p1a: Samurott|8/100
|drag|p1a: Kingambit|Kingambit, F, shiny|100/100
|-damage|p1a: Kingambit|94/100|[from] Stealth Rock
|
|upkeep
|turn|3
|
|t:|1769405132
|-end|p1a: Kingambit|fallenundefined|[silent]
|switch|p1a: Samurott|Samurott-Hisui, F|8/100
|-damage|p1a: Samurott|0 fnt|[from] Stealth Rock
|faint|p1a: Samurott
|move|p2a: Garchomp|Spikes|p1: Samurott
|-sidestart|p1: yesgamerfleet|Spikes
|
|upkeep
|
|t:|1769405138
|switch|p1a: Iron Valiant|Iron Valiant|100/100
|-damage|p1a: Iron Valiant|94/100|[from] Stealth Rock
|-damage|p1a: Iron Valiant|82/100|[from] Spikes
|-enditem|p1a: Iron Valiant|Booster Energy
|-activate|p1a: Iron Valiant|ability: Quark Drive|[fromitem]
|-start|p1a: Iron Valiant|quarkdrivespe
|turn|4
|
|t:|1769405146
|switch|p2a: Alomomola|Alomomola, F|100/100
|move|p1a: Iron Valiant|Swords Dance|p1a: Iron Valiant
|-boost|p1a: Iron Valiant|atk|2
|
|upkeep
|turn|5
|
|t:|1769405160
|move|p1a: Iron Valiant|Knock Off|p2a: Alomomola
|-damage|p2a: Alomomola|63/100
|-enditem|p2a: Alomomola|Heavy-Duty Boots|[from] move: Knock Off|[of] p1a: Iron Valiant
|move|p2a: Alomomola|Scald|p1a: Iron Valiant
|-damage|p1a: Iron Valiant|56/100
|-status|p1a: Iron Valiant|brn
|
|-damage|p1a: Iron Valiant|49/100 brn|[from] brn
|upkeep
|turn|6
|c|☆yesgamerfleet|bruh
|
|t:|1769405172
|move|p1a: Iron Valiant|Close Combat|p2a: Alomomola
|-damage|p2a: Alomomola|29/100
|-unboost|p1a: Iron Valiant|def|1
|-unboost|p1a: Iron Valiant|spd|1
|move|p2a: Alomomola|Scald|p1a: Iron Valiant
|-damage|p1a: Iron Valiant|15/100 brn
|
|-damage|p1a: Iron Valiant|9/100 brn|[from] brn
|upkeep
|turn|7
|
|t:|1769405187
|switch|p2a: Slowking|Slowking-Galar, M|100/100
|move|p1a: Iron Valiant|Knock Off|p2a: Slowking
|-supereffective|p2a: Slowking
|-damage|p2a: Slowking|27/100
|-enditem|p2a: Slowking|Heavy-Duty Boots|[from] move: Knock Off|[of] p1a: Iron Valiant
|
|-damage|p1a: Iron Valiant|3/100 brn|[from] brn
|upkeep
|turn|8
|
|t:|1769405203
|switch|p2a: Alomomola|Alomomola, F|62/100
|-damage|p2a: Alomomola|45/100|[from] Spikes
|move|p1a: Iron Valiant|Knock Off|p2a: Alomomola
|-damage|p2a: Alomomola|33/100
|
|-damage|p1a: Iron Valiant|0 fnt|[from] brn
|faint|p1a: Iron Valiant
|-end|p1a: Iron Valiant|Quark Drive|[silent]
|upkeep
|
|t:|1769405212
|switch|p1a: Rillaboom|Rillaboom, M|100/100
|-damage|p1a: Rillaboom|88/100|[from] Stealth Rock
|-damage|p1a: Rillaboom|76/100|[from] Spikes
|-fieldstart|move: Grassy Terrain|[from] ability: Grassy Surge|[of] p1a: Rillaboom
|turn|9
|
|t:|1769405225
|switch|p2a: Slowking|Slowking-Galar, M|60/100
|-damage|p2a: Slowking|44/100|[from] Spikes
|move|p1a: Rillaboom|Swords Dance|p1a: Rillaboom
|-boost|p1a: Rillaboom|atk|2
|
|-heal|p1a: Rillaboom|82/100|[from] Grassy Terrain
|-heal|p2a: Slowking|50/100|[from] Grassy Terrain
|upkeep
|turn|10
|
|t:|1769405233
|move|p1a: Rillaboom|High Horsepower|p2a: Slowking
|-supereffective|p2a: Slowking
|-damage|p2a: Slowking|0 fnt
|faint|p2a: Slowking
|-damage|p1a: Rillaboom|72/100|[from] item: Life Orb
|
|-heal|p1a: Rillaboom|78/100|[from] Grassy Terrain
|upkeep
|
|t:|1769405236
|switch|p2a: Darkrai|Darkrai|100/100
|turn|11
|
|t:|1769405243
|move|p1a: Rillaboom|Grassy Glide|p2a: Darkrai
|-damage|p2a: Darkrai|0 fnt
|faint|p2a: Darkrai
|-damage|p1a: Rillaboom|68/100|[from] item: Life Orb
|
|-heal|p1a: Rillaboom|74/100|[from] Grassy Terrain
|upkeep
|
|t:|1769405250
|switch|p2a: Gholdengo|Gholdengo|100/100
|-item|p2a: Gholdengo|Air Balloon
|turn|12
|
|t:|1769405258
|move|p1a: Rillaboom|Wood Hammer|p2a: Gholdengo
|-resisted|p2a: Gholdengo
|-damage|p2a: Gholdengo|27/100
|-enditem|p2a: Gholdengo|Air Balloon
|-damage|p1a: Rillaboom|48/100|[from] Recoil
|-damage|p1a: Rillaboom|38/100|[from] item: Life Orb
|move|p2a: Gholdengo|Shadow Ball|p1a: Rillaboom
|-damage|p1a: Rillaboom|0 fnt
|faint|p1a: Rillaboom
|
|-heal|p2a: Gholdengo|34/100|[from] Grassy Terrain
|upkeep
|
|t:|1769405270
|switch|p1a: Hawlucha|Hawlucha, F, shiny|100/100
|-damage|p1a: Hawlucha|88/100|[from] Stealth Rock
|-enditem|p1a: Hawlucha|Grassy Seed
|-boost|p1a: Hawlucha|def|1|[from] item: Grassy Seed
|turn|13
|
|t:|1769405280
|move|p1a: Hawlucha|Substitute|p1a: Hawlucha
|-start|p1a: Hawlucha|Substitute
|-damage|p1a: Hawlucha|63/100
|move|p2a: Gholdengo|Make It Rain|p1a: Hawlucha
|-end|p1a: Hawlucha|Substitute
|-unboost|p2a: Gholdengo|spa|1
|
|-heal|p2a: Gholdengo|40/100|[from] Grassy Terrain
|-fieldend|move: Grassy Terrain
|upkeep
|turn|14
|
|t:|1769405284
|move|p1a: Hawlucha|Swords Dance|p1a: Hawlucha
|-boost|p1a: Hawlucha|atk|2
|move|p2a: Gholdengo|Nasty Plot|p2a: Gholdengo
|-boost|p2a: Gholdengo|spa|2
|
|upkeep
|turn|15
|
|t:|1769405295
|-terastallize|p1a: Hawlucha|Flying
|move|p1a: Hawlucha|Acrobatics|p2a: Gholdengo
|-resisted|p2a: Gholdengo
|-damage|p2a: Gholdengo|0 fnt
|faint|p2a: Gholdengo
|
|upkeep
|
|t:|1769405301
|switch|p2a: Alomomola|Alomomola, F|67/100
|-damage|p2a: Alomomola|50/100|[from] Spikes
|turn|16
|inactive|yesgamerfleet has 120 seconds left.
|inactive|yesgamerfleet has 90 seconds left.
|
|t:|1769405365
|move|p1a: Hawlucha|Acrobatics|p2a: Alomomola
|-damage|p2a: Alomomola|0 fnt
|faint|p2a: Alomomola
|
|upkeep
|-message|Jellyfish licker forfeited.
|
|win|yesgamerfleet
|raw|yesgamerfleet's rating: 1391 &rarr; <strong>1412</strong><br />(+21 for winning)
|raw|Jellyfish licker's rating: 1400 &rarr; <strong>1379</strong><br />(-21 for losing)
|l|☆Jellyfish licker
|player|p2|
|l|☆yesgamerfleet
|player|p1|
