|j|☆Tryphone
|j|☆smarkon shawl
|t:|1769438651
|gametype|singles
|player|p1|Tryphone|gambler|1157
|player|p2|smarkon shawl|darach-caitlin|1184
|gen|9
|tier|[Gen 9] OU
|rated|
|rule|HP Percentage Mod: HP is shown in percentages
|rule|Endless Battle Clause: Forcing endless battles is banned
|rule|Species Clause: Limit one of each Pokémon
|rule|OHKO Clause: OHKO moves are banned
|rule|Evasion Items Clause: Evasion items are banned
|rule|Evasion Moves Clause: Evasion moves are banned
|rule|Evasion Abilities Clause: Evasion abilities are banned
|rule|Sleep Moves Clause: Sleep-inducing moves are banned
|clearpoke
|poke|p1|Pecharunt|
|poke|p1|Mabosstiff, M|
|poke|p1|Volcanion|
|poke|p1|Iron Valiant|
|poke|p1|Landorus-Therian, M|
|poke|p1|Deoxys-Speed|
|poke|p2|Grimmsnarl, M|
|poke|p2|Blissey, F|
|poke|p2|Dragonite, M|
|poke|p2|Iron Valiant|
|poke|p2|Tornadus-Therian, M|
|poke|p2|Slowking-Galar, M|
|teampreview
|inactive|Battle timer is ON: inactive players will automatically lose when time's up. (requested by Tryphone)
|
|t:|1769438669
|teamsize|p1|6
|teamsize|p2|6
|start
|switch|p1a: Deoxys|Deoxys-Speed|100/100
|switch|p2a: Grimmsnarl|Grimmsnarl, M|100/100
|-ability|p1a: Deoxys|Pressure
|turn|1
|
|t:|1769438680
|move|p2a: Grimmsnarl|Fake Out|p1a: Deoxys
|-damage|p1a: Deoxys|78/100
|cant|p1a: Deoxys|flinch
|
|upkeep
|turn|2
|
|t:|1769438691
|move|p2a: Grimmsnarl|Thunder Wave|p1a: Deoxys
|-status|p1a: Deoxys|par
|cant|p1a: Deoxys|par
|
|upkeep
|turn|3
|
|t:|1769438705
|move|p2a: Grimmsnarl|Metronome|p2a: Grimmsnarl
|move|p2a: Grimmsnarl|Minimize|p2a: Grimmsnarl|[from] move: Metronome
|-boost|p2a: Grimmsnarl|evasion|2
|move|p1a: Deoxys|Spikes|p2a: Grimmsnarl
|-sidestart|p2: smarkon shawl|Spikes
|
|upkeep
|turn|4
|
|t:|1769438715
|move|p2a: Grimmsnarl|Metronome|p2a: Grimmsnarl
|move|p2a: Grimmsnarl|Double-Edge|p1a: Deoxys|[from] move: Metronome
|-damage|p1a: Deoxys|10/100 par
|-damage|p2a: Grimmsnarl|87/100|[from] Recoil
|move|p1a: Deoxys|Spikes|p2a: Grimmsnarl
|-sidestart|p2: smarkon shawl|Spikes
|
|-heal|p2a: Grimmsnarl|93/100|[from] item: Leftovers
|upkeep
|turn|5
|
|t:|1769438722
|move|p2a: Grimmsnarl|Metronome|p2a: Grimmsnarl
|move|p2a: Grimmsnarl|Grassy Glide|p1a: Deoxys|[from] move: Metronome
|-damage|p1a: Deoxys|0 fnt
|faint|p1a: Deoxys
|
|-heal|p2a: Grimmsnarl|99/100|[from] item: Leftovers
|upkeep
|
|t:|1769438737
|switch|p1a: Mabosstiff|Mabosstiff, M, shiny|100/100
|-ability|p1a: Mabosstiff|Intimidate|boost
|-unboost|p2a: Grimmsnarl|atk|1
|turn|6
|
|t:|1769438747
|move|p2a: Grimmsnarl|Thunder Wave|p1a: Mabosstiff
|-hint|Since gen 7, Dark is immune to Prankster moves.
|-immune|p1a: Mabosstiff
|move|p1a: Mabosstiff|Jaw Lock|p2a: Grimmsnarl
|-resisted|p2a: Grimmsnarl
|-damage|p2a: Grimmsnarl|86/100
|-activate|p1a: Mabosstiff|trapped
|-activate|p2a: Grimmsnarl|trapped
|
|-heal|p2a: Grimmsnarl|92/100|[from] item: Leftovers
|upkeep
|turn|7
|
|t:|1769438767
|move|p2a: Grimmsnarl|Metronome|p2a: Grimmsnarl
|move|p2a: Grimmsnarl|Fusion Bolt|p1a: Mabosstiff|[from] move: Metronome
|-hint|Since gen 7, Dark is immune to Prankster moves.
|-immune|p1a: Mabosstiff
|move|p1a: Mabosstiff|Hone Claws|p1a: Mabosstiff
|-boost|p1a: Mabosstiff|atk|1
|-boost|p1a: Mabosstiff|accuracy|1
|
|-heal|p2a: Grimmsnarl|98/100|[from] item: Leftovers
|upkeep
|turn|8
|
|t:|1769438782
|move|p2a: Grimmsnarl|Parting Shot|p1a: Mabosstiff
|-hint|Since gen 7, Dark is immune to Prankster moves.
|-immune|p1a: Mabosstiff
|move|p1a: Mabosstiff|Hone Claws|p1a: Mabosstiff
|-boost|p1a: Mabosstiff|atk|1
|-boost|p1a: Mabosstiff|accuracy|1
|
|-heal|p2a: Grimmsnarl|100/100|[from] item: Leftovers
|upkeep
|turn|9
|c|☆smarkon shawl|BAHAHAAAAAAAA
|inactive|smarkon shawl has 120 seconds left.
|
|t:|1769438805
|move|p2a: Grimmsnarl|Metronome|p2a: Grimmsnarl
|move|p2a: Grimmsnarl|Strength Sap|p1a: Mabosstiff|[from] move: Metronome
|-hint|Since gen 7, Dark is immune to Prankster moves.
|-immune|p1a: Mabosstiff
|move|p1a: Mabosstiff|Hone Claws|p1a: Mabosstiff
|-boost|p1a: Mabosstiff|atk|1
|-boost|p1a: Mabosstiff|accuracy|1
|
|upkeep
|turn|10
|
|t:|1769438812
|move|p2a: Grimmsnarl|Fake Out||[still]
|-hint|Fake Out only works on your first turn out.
|-fail|p2a: Grimmsnarl
|move|p1a: Mabosstiff|Hone Claws|p1a: Mabosstiff
|-boost|p1a: Mabosstiff|atk|1
|-boost|p1a: Mabosstiff|accuracy|1
|
|upkeep
|turn|11
|
|t:|1769438820
|move|p2a: Grimmsnarl|Thunder Wave|p1a: Mabosstiff
|-hint|Since gen 7, Dark is immune to Prankster moves.
|-immune|p1a: Mabosstiff
|move|p1a: Mabosstiff|Trailblaze|p2a: Grimmsnarl
|-damage|p2a: Grimmsnarl|32/100
|-boost|p1a: Mabosstiff|spe|1
|
|-heal|p2a: Grimmsnarl|38/100|[from] item: Leftovers
|upkeep
|turn|12
|
|t:|1769438832
|move|p2a: Grimmsnarl|Parting Shot|p1a: Mabosstiff
|-hint|Since gen 7, Dark is immune to Prankster moves.
|-immune|p1a: Mabosstiff
|move|p1a: Mabosstiff|Hone Claws|p1a: Mabosstiff
|-boost|p1a: Mabosstiff|atk|1
|-boost|p1a: Mabosstiff|accuracy|1
|
|-heal|p2a: Grimmsnarl|44/100|[from] item: Leftovers
|upkeep
|turn|13
|
|t:|1769438840
|move|p2a: Grimmsnarl|Metronome|p2a: Grimmsnarl
|move|p2a: Grimmsnarl|Wrap|p1a: Mabosstiff|[from] move: Metronome
|-hint|Since gen 7, Dark is immune to Prankster moves.
|-immune|p1a: Mabosstiff
|move|p1a: Mabosstiff|Hone Claws|p1a: Mabosstiff
|-boost|p1a: Mabosstiff|atk|1
|-boost|p1a: Mabosstiff|accuracy|1
|
|-heal|p2a: Grimmsnarl|50/100|[from] item: Leftovers
|upkeep
|turn|14
|
|t:|1769438848
|move|p2a: Grimmsnarl|Thunder Wave|p1a: Mabosstiff
|-hint|Since gen 7, Dark is immune to Prankster moves.
|-immune|p1a: Mabosstiff
|move|p1a: Mabosstiff|Trailblaze|p2a: Grimmsnarl
|-damage|p2a: Grimmsnarl|0 fnt
|-boost|p1a: Mabosstiff|spe|1
|faint|p2a: Grimmsnarl
|
|upkeep
|
|t:|1769438877
|switch|p2a: Iron Valiant|Iron Valiant|100/100
|-damage|p2a: Iron Valiant|84/100|[from] Spikes
|turn|15
|
|t:|1769438885
|-terastallize|p1a: Mabosstiff|Bug
|move|p2a: Iron Valiant|Destiny Bond|p2a: Iron Valiant
|-singlemove|p2a: Iron Valiant|Destiny Bond
|move|p1a: Mabosstiff|Trailblaze|p2a: Iron Valiant
|-damage|p2a: Iron Valiant|0 fnt
|-boost|p1a: Mabosstiff|spe|1
|faint|p2a: Iron Valiant
|-activate|p2a: Iron Valiant|move: Destiny Bond
|-end|p2a: Iron Valiant|Quark Drive|[silent]
|faint|p1a: Mabosstiff
|
|upkeep
|inactive|smarkon shawl has 120 seconds left.
|
|t:|1769438909
|switch|p2a: Tornadus|Tornadus-Therian, M|100/100
|switch|p1a: Volcanion|Volcanion|100/100
|turn|16
|inactive|smarkon shawl has 120 seconds left.
|
|t:|1769438918
|move|p2a: Tornadus|Knock Off|p1a: Volcanion
|-damage|p1a: Volcanion|83/100
|-enditem|p1a: Volcanion|Leftovers|[from] move: Knock Off|[of] p2a: Tornadus
|move|p1a: Volcanion|Steam Eruption|p2a: Tornadus|[miss]
|-miss|p1a: Volcanion|p2a: Tornadus
|
|upkeep
|turn|17
|inactive|smarkon shawl has 120 seconds left.
|
|t:|1769438928
|move|p2a: Tornadus|Metronome|p2a: Tornadus
|move|p2a: Tornadus|Eerie Spell|p1a: Volcanion|[from] move: Metronome
|-damage|p1a: Volcanion|65/100
|-activate|p1a: Volcanion|move: Eerie Spell|Steam Eruption|3
|move|p1a: Volcanion|Steam Eruption|p2a: Tornadus
|-damage|p2a: Tornadus|48/100
|-status|p2a: Tornadus|brn
|
|-damage|p2a: Tornadus|42/100 brn|[from] brn
|upkeep
|turn|18
|inactive|smarkon shawl has 120 seconds left.
|
|t:|1769438945
|move|p2a: Tornadus|U-turn|p1a: Volcanion
|-resisted|p1a: Volcanion
|-damage|p1a: Volcanion|61/100
|
|t:|1769438949
|switch|p2a: Blissey|Blissey, F|100/100|[from] U-turn
|move|p1a: Volcanion|Steam Eruption|p2a: Blissey
|-damage|p2a: Blissey|79/100
|-status|p2a: Blissey|brn
|
|-damage|p2a: Blissey|73/100 brn|[from] brn
|upkeep
|turn|19
|
|t:|1769438954
|move|p1a: Volcanion|Taunt|p2a: Blissey
|-start|p2a: Blissey|move: Taunt
|cant|p2a: Blissey|move: Taunt|Heal Bell
|
|-damage|p2a: Blissey|67/100 brn|[from] brn
|upkeep
|turn|20
|
|t:|1769438963
|switch|p1a: Pecharunt|Pecharunt|100/100
|-curestatus|p2a: Blissey|brn|[from] ability: Natural Cure
|switch|p2a: Tornadus|Tornadus-Therian, M|75/100 brn
|
|-damage|p2a: Tornadus|69/100 brn|[from] brn
|upkeep
|turn|21
|
|t:|1769438978
|move|p2a: Tornadus|Tailwind|p2a: Tornadus
|-sidestart|p2: smarkon shawl|move: Tailwind
|move|p1a: Pecharunt|Nasty Plot|p1a: Pecharunt
|-boost|p1a: Pecharunt|spa|2
|
|-damage|p2a: Tornadus|63/100 brn|[from] brn
|upkeep
|turn|22
|
|t:|1769438987
|move|p2a: Tornadus|U-turn|p1a: Pecharunt
|-resisted|p1a: Pecharunt
|-damage|p1a: Pecharunt|99/100
|
|t:|1769438990
|switch|p2a: Blissey|Blissey, F|67/100|[from] U-turn
|move|p1a: Pecharunt|Shadow Ball|p2a: Blissey
|-immune|p2a: Blissey
|
|upkeep
|turn|23
|
|t:|1769439000
|move|p1a: Pecharunt|Malignant Chain|p2a: Blissey
|-damage|p2a: Blissey|39/100
|-status|p2a: Blissey|tox
|-start|p2a: Blissey|confusion|[from] ability: Poison Puppeteer|[of] p1a: Pecharunt
|-activate|p2a: Blissey|confusion
|move|p2a: Blissey|Shadow Ball|p1a: Pecharunt
|-supereffective|p1a: Pecharunt
|-damage|p1a: Pecharunt|62/100
|
|-damage|p2a: Blissey|32/100 tox|[from] psn
|upkeep
|turn|24
|
|t:|1769439010
|-curestatus|p2a: Blissey|tox|[from] ability: Natural Cure
|switch|p2a: Tornadus|Tornadus-Therian, M|96/100 brn
|move|p1a: Pecharunt|Malignant Chain|p2a: Tornadus
|-damage|p2a: Tornadus|11/100 brn
|
|-damage|p2a: Tornadus|5/100 brn|[from] brn
|-sideend|p2: smarkon shawl|move: Tailwind
|upkeep
|turn|25
|
|t:|1769439021
|move|p2a: Tornadus|U-turn|p1a: Pecharunt
|-resisted|p1a: Pecharunt
|-damage|p1a: Pecharunt|61/100
|
|t:|1769439025
|switch|p2a: Slowking|Slowking-Galar, M|100/100|[from] U-turn
|-damage|p2a: Slowking|84/100|[from] Spikes
|move|p1a: Pecharunt|Recover|p1a: Pecharunt
|-heal|p1a: Pecharunt|100/100
|
|-heal|p2a: Slowking|90/100|[from] item: Black Sludge
|upkeep
|turn|26
|
|t:|1769439033
|move|p1a: Pecharunt|Shadow Ball|p2a: Slowking
|-supereffective|p2a: Slowking
|-damage|p2a: Slowking|0 fnt
|faint|p2a: Slowking
|
|upkeep
|
|t:|1769439043
|switch|p2a: Dragonite|Dragonite, M|100/100
|turn|27
|
|t:|1769439056
|move|p1a: Pecharunt|Malignant Chain|p2a: Dragonite
|-damage|p2a: Dragonite|57/100
|move|p2a: Dragonite|Encore|p1a: Pecharunt
|-start|p1a: Pecharunt|Encore
|
|upkeep
|turn|28
|
|t:|1769439072
|move|p1a: Pecharunt|Malignant Chain|p2a: Dragonite
|-damage|p2a: Dragonite|0 fnt
|faint|p2a: Dragonite
|
|upkeep
|
|t:|1769439077
|switch|p2a: Tornadus|Tornadus-Therian, M|38/100 brn
|turn|29
|
|t:|1769439090
|move|p2a: Tornadus|Metronome|p2a: Tornadus
|move|p2a: Tornadus|Last Resort||[from] move: Metronome|[still]
|-fail|p2a: Tornadus
|move|p1a: Pecharunt|Malignant Chain|p2a: Tornadus
|-damage|p2a: Tornadus|0 fnt
|faint|p2a: Tornadus
|
|upkeep
|
|t:|1769439097
|switch|p2a: Blissey|Blissey, F|32/100
|turn|30
|
|t:|1769439101
|move|p1a: Pecharunt|Malignant Chain|p2a: Blissey
|-damage|p2a: Blissey|5/100
|move|p2a: Blissey|Soft-Boiled|p2a: Blissey
|-heal|p2a: Blissey|55/100
|
|-end|p1a: Pecharunt|Encore
|upkeep
|turn|31
|
|t:|1769439120
|switch|p1a: Iron Valiant|Iron Valiant|100/100
|-enditem|p1a: Iron Valiant|Booster Energy
|-activate|p1a: Iron Valiant|ability: Quark Drive|[fromitem]
|-start|p1a: Iron Valiant|quarkdrivespe
|-terastallize|p2a: Blissey|Normal
|move|p2a: Blissey|Heal Bell||[still]
|-activate|p2a: Blissey|move: Heal Bell
|-fail|p2a: Blissey
|
|upkeep
|turn|32
|
|t:|1769439129
|move|p1a: Iron Valiant|Close Combat|p2a: Blissey
|-supereffective|p2a: Blissey
|-damage|p2a: Blissey|0 fnt
|-unboost|p1a: Iron Valiant|def|1
|-unboost|p1a: Iron Valiant|spd|1
|faint|p2a: Blissey
|
|win|Tryphone
|raw|Tryphone's rating: 1157 &rarr; <strong>1184</strong><br />(+27 for winning)
|raw|smarkon shawl's rating: 1184 &rarr; <strong>1157</strong><br />(-27 for losing)
|l|☆Tryphone
|player|p1|
