|badge|p2|bronze|gen9ou|100-8
|uhtml|medal-msg|<div class="broadcast-blue">Curious what those medals under the avatar are? PS now has Ladder Seasons! For more information, check out the <a href="https://www.smogon.com/forums/threads/3740067/">thread on Smogon.</a></div>
|j|☆Nikator98
|j|☆Acastillo631
|t:|1769356691
|gametype|singles
|player|p1|Nikator98|giovanni|1785
|player|p2|Acastillo631|silver|1853
|gen|9
|tier|[Gen 9] OU
|rated|
|rule|HP Percentage Mod: HP is shown in percentages
|rule|Endless Battle Clause: Forcing endless battles is banned
|rule|Species Clause: Limit one of each Pokémon
|rule|OHKO Clause: OHKO moves are banned
|rule|Evasion Items Clause: Evasion items are banned
|rule|Evasion Moves Clause: Evasion moves are banned
|rule|Evasion Abilities Clause: Evasion abilities are banned
|rule|Sleep Moves Clause: Sleep-inducing moves are banned
|clearpoke
|poke|p1|Metagross|
|poke|p1|Great Tusk|
|poke|p1|Haxorus, M|
|poke|p1|Iron Moth|
|poke|p1|Zoroark-Hisui, M|
|poke|p1|Ninetales-Alola, F|
|poke|p2|Iron Valiant|
|poke|p2|Sinistcha|
|poke|p2|Tyranitar, M|
|poke|p2|Keldeo-Resolute|
|poke|p2|Iron Treads|
|poke|p2|Klefki, F|
|teampreview
|
|t:|1769356715
|teamsize|p1|6
|teamsize|p2|6
|start
|switch|p1a: Kumaryia|Great Tusk, shiny|100/100
|switch|p2a: Redips|Klefki, F|100/100
|turn|1
|
|t:|1769356734
|move|p2a: Redips|Magnet Rise|p2a: Redips
|-start|p2a: Redips|Magnet Rise
|move|p1a: Kumaryia|Flamethrower|p2a: Redips
|-supereffective|p2a: Redips
|-damage|p2a: Redips|0 fnt
|faint|p2a: Redips
|
|upkeep
|
|t:|1769356741
|switch|p2a: Eregion|Tyranitar, M|100/100
|-weather|Sandstorm|[from] ability: Sand Stream|[of] p2a: Eregion
|turn|2
|
|t:|1769356754
|switch|p1a: Kumaryia|Great Tusk, shiny|100/100
|move|p2a: Eregion|Stealth Rock|p1a: Kumaryia
|-sidestart|p1: Nikator98|move: Stealth Rock
|
|-weather|Sandstorm|[upkeep]
|upkeep
|turn|3
|
|t:|1769356761
|switch|p2a: Spiral Pegasus|Keldeo-Resolute|100/100
|move|p1a: Kumaryia|Knock Off|p2a: Spiral Pegasus
|-resisted|p2a: Spiral Pegasus
|-crit|p2a: Spiral Pegasus
|-damage|p2a: Spiral Pegasus|72/100
|-ability|p2a: Spiral Pegasus|Justified|boost
|-boost|p2a: Spiral Pegasus|atk|1
|-enditem|p2a: Spiral Pegasus|Heavy-Duty Boots|[from] move: Knock Off|[of] p1a: Kumaryia
|
|-weather|Sandstorm|[upkeep]
|-damage|p2a: Spiral Pegasus|66/100|[from] Sandstorm
|upkeep
|turn|4
|
|t:|1769356782
|-end|p1a: Kumaryia|Protosynthesis|[silent]
|switch|p1a: Arquillian Sentry|Metagross|100/100
|-damage|p1a: Arquillian Sentry|95/100|[from] Stealth Rock
|move|p2a: Spiral Pegasus|Surf|p1a: Arquillian Sentry
|-damage|p1a: Arquillian Sentry|45/100
|
|-weather|Sandstorm|[upkeep]
|-damage|p2a: Spiral Pegasus|59/100|[from] Sandstorm
|upkeep
|turn|5
|
|t:|1769356799
|-terastallize|p1a: Arquillian Sentry|Water
|move|p2a: Spiral Pegasus|Surf|p1a: Arquillian Sentry
|-resisted|p1a: Arquillian Sentry
|-damage|p1a: Arquillian Sentry|21/100
|move|p1a: Arquillian Sentry|Psychic Fangs|p2a: Spiral Pegasus
|-supereffective|p2a: Spiral Pegasus
|-damage|p2a: Spiral Pegasus|0 fnt
|faint|p2a: Spiral Pegasus
|
|-weather|Sandstorm|[upkeep]
|-damage|p1a: Arquillian Sentry|15/100|[from] Sandstorm
|upkeep
|j| Vessev
|
|t:|1769356820
|switch|p2a: Wire Sponge|Sinistcha|100/100
|turn|6
|
|t:|1769356827
|switch|p1a: Arquillian Sentry|Metagross|100/100
|-damage|p1a: Arquillian Sentry|88/100|[from] Stealth Rock
|move|p2a: Wire Sponge|Shadow Ball|p1a: Arquillian Sentry
|-immune|p1a: Arquillian Sentry
|
|-weather|none
|upkeep
|-start|p1a: Arquillian Sentry|typechange|Water|[silent]
|turn|7
|
|t:|1769356836
|switch|p2a: Eregion|Tyranitar, M|100/100
|-weather|Sandstorm|[from] ability: Sand Stream|[of] p2a: Eregion
|move|p1a: Arquillian Sentry|Bitter Malice|p2a: Eregion
|-resisted|p2a: Eregion
|-damage|p2a: Eregion|89/100
|-unboost|p2a: Eregion|atk|1
|
|-weather|Sandstorm|[upkeep]
|-damage|p1a: Arquillian Sentry|82/100|[from] Sandstorm
|-heal|p2a: Eregion|95/100|[from] item: Leftovers
|upkeep
|turn|8
|
|t:|1769356849
|switch|p1a: Kumaryia|Great Tusk, shiny|100/100
|move|p2a: Eregion|Ice Beam|p1a: Kumaryia
|-supereffective|p1a: Kumaryia
|-damage|p1a: Kumaryia|43/100
|
|-weather|Sandstorm|[upkeep]
|-heal|p2a: Eregion|100/100|[from] item: Leftovers
|upkeep
|turn|9
|
|t:|1769356859
|switch|p2a: Wire Sponge|Sinistcha|100/100
|move|p1a: Kumaryia|Headlong Rush|p2a: Wire Sponge
|-resisted|p2a: Wire Sponge
|-damage|p2a: Wire Sponge|78/100
|-unboost|p1a: Kumaryia|def|1
|-unboost|p1a: Kumaryia|spd|1
|
|-weather|Sandstorm|[upkeep]
|-damage|p2a: Wire Sponge|72/100|[from] Sandstorm
|upkeep
|turn|10
|l| Vessev
|
|t:|1769356868
|move|p1a: Kumaryia|Knock Off|p2a: Wire Sponge
|-supereffective|p2a: Wire Sponge
|-damage|p2a: Wire Sponge|25/100
|-enditem|p2a: Wire Sponge|Heavy-Duty Boots|[from] move: Knock Off|[of] p1a: Kumaryia
|move|p2a: Wire Sponge|Matcha Gotcha|p1a: Kumaryia
|-supereffective|p1a: Kumaryia
|-damage|p1a: Kumaryia|0 fnt
|-heal|p2a: Wire Sponge|48/100|[from] drain|[of] p1a: Kumaryia
|faint|p1a: Kumaryia
|-end|p1a: Kumaryia|Protosynthesis|[silent]
|
|-weather|Sandstorm|[upkeep]
|-damage|p2a: Wire Sponge|42/100|[from] Sandstorm
|upkeep
|
|t:|1769356886
|switch|p1a: Arquillian Sentry|Metagross|82/100
|-damage|p1a: Arquillian Sentry|70/100|[from] Stealth Rock
|turn|11
|
|t:|1769356896
|move|p1a: Arquillian Sentry|Trick|p2a: Wire Sponge
|-activate|p1a: Arquillian Sentry|move: Trick|[of] p2a: Wire Sponge
|-item|p2a: Wire Sponge|Choice Specs|[from] move: Trick
|-enditem|p1a: Arquillian Sentry|Choice Specs|[silent]|[from] move: Trick
|move|p2a: Wire Sponge|Strength Sap|p1a: Arquillian Sentry
|-unboost|p1a: Arquillian Sentry|atk|1
|-heal|p2a: Wire Sponge|95/100
|
|-weather|none
|upkeep
|turn|12
|
|t:|1769356906
|switch|p2a: Eregion|Tyranitar, M|100/100
|-weather|Sandstorm|[from] ability: Sand Stream|[of] p2a: Eregion
|move|p1a: Arquillian Sentry|Trick|p2a: Eregion
|-activate|p1a: Arquillian Sentry|move: Trick|[of] p2a: Eregion
|-enditem|p2a: Eregion|Leftovers|[silent]|[from] move: Trick
|-item|p1a: Arquillian Sentry|Leftovers|[from] move: Trick
|
|-weather|Sandstorm|[upkeep]
|-damage|p1a: Arquillian Sentry|64/100|[from] Sandstorm
|-heal|p1a: Arquillian Sentry|70/100|[from] item: Leftovers
|upkeep
|turn|13
|
|t:|1769356943
|switch|p1a: Asfaloth|Ninetales-Alola, F, shiny|100/100
|-damage|p1a: Asfaloth|76/100|[from] Stealth Rock
|-weather|Snowscape|[from] ability: Snow Warning|[of] p1a: Asfaloth
|move|p2a: Eregion|Knock Off|p1a: Asfaloth
|-resisted|p1a: Asfaloth
|-damage|p1a: Asfaloth|56/100
|-enditem|p1a: Asfaloth|Light Clay|[from] move: Knock Off|[of] p2a: Eregion
|
|-weather|Snowscape|[upkeep]
|upkeep
|turn|14
|
|t:|1769356970
|move|p1a: Asfaloth|Aurora Veil|p1a: Asfaloth
|-sidestart|p1: Nikator98|move: Aurora Veil
|move|p2a: Eregion|Roar|p1a: Asfaloth
|drag|p1a: Gothmog|Iron Moth|100/100
|-damage|p1a: Gothmog|76/100|[from] Stealth Rock
|-enditem|p1a: Gothmog|Booster Energy
|-activate|p1a: Gothmog|ability: Quark Drive|[fromitem]
|-start|p1a: Gothmog|quarkdrivespe
|
|-weather|Snowscape|[upkeep]
|upkeep
|turn|15
|
|t:|1769356980
|move|p1a: Gothmog|Energy Ball|p2a: Eregion
|-supereffective|p2a: Eregion
|-damage|p2a: Eregion|63/100
|move|p2a: Eregion|Roar|p1a: Gothmog
|-end|p1a: Gothmog|Quark Drive|[silent]
|drag|p1a: Arquillian Sentry|Metagross|70/100
|-damage|p1a: Arquillian Sentry|57/100|[from] Stealth Rock
|
|-weather|Snowscape|[upkeep]
|-heal|p1a: Arquillian Sentry|63/100|[from] item: Leftovers
|upkeep
|turn|16
|
|t:|1769356993
|move|p1a: Arquillian Sentry|Tera Blast|p2a: Eregion
|-resisted|p2a: Eregion
|-damage|p2a: Eregion|50/100
|move|p2a: Eregion|Knock Off|p1a: Arquillian Sentry
|-supereffective|p1a: Arquillian Sentry
|-damage|p1a: Arquillian Sentry|0 fnt
|replace|p1a: Van Helsing|Zoroark-Hisui, M, shiny
|-end|p1a: Van Helsing|Illusion
|-enditem|p1a: Van Helsing|Leftovers|[from] move: Knock Off|[of] p2a: Eregion
|faint|p1a: Van Helsing
|
|-weather|Snowscape|[upkeep]
|upkeep
|
|t:|1769357020
|switch|p1a: Lacelle|Haxorus, M, shiny|100/100
|-damage|p1a: Lacelle|88/100|[from] Stealth Rock
|-ability|p1a: Lacelle|Mold Breaker
|turn|17
|
|t:|1769357027
|move|p1a: Lacelle|Iron Head|p2a: Eregion
|-supereffective|p2a: Eregion
|-damage|p2a: Eregion|6/100
|move|p2a: Eregion|Roar|p1a: Lacelle
|drag|p1a: Asfaloth|Ninetales-Alola, F, shiny|56/100
|-damage|p1a: Asfaloth|31/100|[from] Stealth Rock
|
|-weather|none
|upkeep
|turn|18
|
|t:|1769357037
|move|p1a: Asfaloth|Moonblast|p2a: Eregion
|-supereffective|p2a: Eregion
|-damage|p2a: Eregion|0 fnt
|faint|p2a: Eregion
|
|-sideend|p1: Nikator98|move: Aurora Veil
|upkeep
|
|t:|1769357045
|switch|p2a: Sage Harpuia|Iron Valiant|100/100
|-enditem|p2a: Sage Harpuia|Booster Energy
|-activate|p2a: Sage Harpuia|ability: Quark Drive|[fromitem]
|-start|p2a: Sage Harpuia|quarkdrivespe
|turn|19
|
|t:|1769357069
|move|p2a: Sage Harpuia|Moonblast|p1a: Asfaloth
|-damage|p1a: Asfaloth|0 fnt
|faint|p1a: Asfaloth
|
|upkeep
|
|t:|1769357073
|switch|p1a: Arquillian Sentry|Metagross, tera:Water|15/100
|-damage|p1a: Arquillian Sentry|2/100|[from] Stealth Rock
|turn|20
|-enditem|p1a: Arquillian Sentry|Custap Berry|[eat]
|-activate|p1a: Arquillian Sentry|item: Custap Berry|[consumed]
|
|t:|1769357080
|-end|p2a: Sage Harpuia|Quark Drive|[silent]
|switch|p2a: Armored Armadillo|Iron Treads|100/100
|-item|p2a: Armored Armadillo|Air Balloon
|move|p1a: Arquillian Sentry|Psychic Fangs|p2a: Armored Armadillo
|-resisted|p2a: Armored Armadillo
|-damage|p2a: Armored Armadillo|76/100
|-enditem|p2a: Armored Armadillo|Air Balloon
|
|upkeep
|turn|21
|
|t:|1769357096
|move|p2a: Armored Armadillo|Rapid Spin|p1a: Arquillian Sentry
|-damage|p1a: Arquillian Sentry|0 fnt
|-boost|p2a: Armored Armadillo|spe|1
|faint|p1a: Arquillian Sentry
|
|upkeep
|
|t:|1769357102
|switch|p1a: Lacelle|Haxorus, M, shiny|88/100
|-damage|p1a: Lacelle|76/100|[from] Stealth Rock
|-ability|p1a: Lacelle|Mold Breaker
|turn|22
|
|t:|1769357109
|-terastallize|p2a: Armored Armadillo|Ground
|move|p2a: Armored Armadillo|Earthquake|p1a: Lacelle
|-damage|p1a: Lacelle|0 fnt
|faint|p1a: Lacelle
|
|upkeep
|-message|Nikator98 forfeited.
|
|win|Acastillo631
|raw|Nikator98's rating: 1785 &rarr; <strong>1769</strong><br />(-16 for losing)
|raw|Acastillo631's rating: 1853 &rarr; <strong>1869</strong><br />(+16 for winning)
|l|☆Nikator98
|player|p1|
|j| iliketobehome
|l| iliketobehome
|l|☆Acastillo631
|player|p2|
|j|☆Acastillo631
|player|p2|Acastillo631|silver|
|l|☆Acastillo631
|player|p2|
