|j|☆Dat boii fam
|j|☆mizuriri
|t:|1769435142
|gametype|singles
|player|p1|Dat boii fam|li|1335
|player|p2|mizuriri|266|1377
|gen|9
|tier|[Gen 9] OU
|rated|
|rule|HP Percentage Mod: HP is shown in percentages
|rule|Endless Battle Clause: Forcing endless battles is banned
|rule|Species Clause: Limit one of each Pokémon
|rule|OHKO Clause: OHKO moves are banned
|rule|Evasion Items Clause: Evasion items are banned
|rule|Evasion Moves Clause: Evasion moves are banned
|rule|Evasion Abilities Clause: Evasion abilities are banned
|rule|Sleep Moves Clause: Sleep-inducing moves are banned
|clearpoke
|poke|p1|Hippowdon, M|
|poke|p1|Sandslash, F|
|poke|p1|Excadrill, M|
|poke|p1|Tyranitar, F|
|poke|p1|Gliscor, M|
|poke|p1|Deoxys-Defense|
|poke|p2|Rillaboom, M|
|poke|p2|Hatterene, F|
|poke|p2|Great Tusk|
|poke|p2|Blissey, F|
|poke|p2|Zamazenta-*|
|poke|p2|Iron Crown|
|teampreview
|inactive|Battle timer is ON: inactive players will automatically lose when time's up. (requested by Dat boii fam)
|
|t:|1769435156
|teamsize|p1|6
|teamsize|p2|6
|start
|switch|p1a: Gliscor|Gliscor, M|100/100
|switch|p2a: Great Tusk|Great Tusk|100/100
|turn|1
|
|t:|1769435161
|move|p1a: Gliscor|Protect|p1a: Gliscor
|-singleturn|p1a: Gliscor|Protect
|move|p2a: Great Tusk|Stealth Rock|p1a: Gliscor
|-sidestart|p1: Dat boii fam|move: Stealth Rock
|
|-status|p1a: Gliscor|tox|[from] item: Toxic Orb
|upkeep
|turn|2
|
|t:|1769435168
|-end|p2a: Great Tusk|Protosynthesis|[silent]
|switch|p2a: Hatterene|Hatterene, F|100/100
|switch|p1a: Deoxys|Deoxys-Defense|100/100
|-damage|p1a: Deoxys|88/100|[from] Stealth Rock
|-ability|p1a: Deoxys|Pressure
|
|upkeep
|turn|3
|
|t:|1769435175
|move|p1a: Deoxys|Light Screen|p1a: Deoxys
|-sidestart|p1: Dat boii fam|move: Light Screen
|move|p2a: Hatterene|Nuzzle|p1a: Deoxys
|-damage|p1a: Deoxys|86/100
|-status|p1a: Deoxys|par
|
|upkeep
|turn|4
|
|t:|1769435183
|switch|p2a: Rillaboom|Rillaboom, M|100/100
|-fieldstart|move: Grassy Terrain|[from] ability: Grassy Surge|[of] p2a: Rillaboom
|cant|p1a: Deoxys|par
|
|-heal|p1a: Deoxys|92/100 par|[from] Grassy Terrain
|upkeep
|turn|5
|
|t:|1769435191
|move|p2a: Rillaboom|Swords Dance|p2a: Rillaboom
|-boost|p2a: Rillaboom|atk|2
|move|p1a: Deoxys|Reflect|p1a: Deoxys
|-sidestart|p1: Dat boii fam|Reflect
|
|-heal|p1a: Deoxys|98/100 par|[from] Grassy Terrain
|upkeep
|turn|6
|
|t:|1769435198
|-terastallize|p1a: Deoxys|Grass
|move|p2a: Rillaboom|Swords Dance|p2a: Rillaboom
|-boost|p2a: Rillaboom|atk|2
|move|p1a: Deoxys|Psychic Noise|p2a: Rillaboom
|-damage|p2a: Rillaboom|76/100
|-start|p2a: Rillaboom|move: Heal Block
|
|-heal|p1a: Deoxys|100/100 par|[from] Grassy Terrain
|upkeep
|turn|7
|
|t:|1769435208
|move|p2a: Rillaboom|U-turn|p1a: Deoxys
|-supereffective|p1a: Deoxys
|-damage|p1a: Deoxys|41/100 par
|-damage|p2a: Rillaboom|66/100|[from] item: Life Orb
|
|t:|1769435214
|switch|p2a: Iron Crown|Iron Crown|100/100|[from] U-turn
|move|p1a: Deoxys|Psychic Noise|p2a: Iron Crown
|-resisted|p2a: Iron Crown
|-damage|p2a: Iron Crown|96/100
|-start|p2a: Iron Crown|move: Heal Block
|
|-heal|p1a: Deoxys|47/100 par|[from] Grassy Terrain
|upkeep
|turn|8
|
|t:|1769435223
|move|p2a: Iron Crown|Volt Switch|p1a: Deoxys
|-resisted|p1a: Deoxys
|-damage|p1a: Deoxys|40/100 par
|
|t:|1769435224
|-end|p2a: Iron Crown|Quark Drive|[silent]
|switch|p2a: Rillaboom|Rillaboom, M|66/100|[from] Volt Switch
|move|p1a: Deoxys|Recover|p1a: Deoxys
|-heal|p1a: Deoxys|90/100 par
|
|-heal|p2a: Rillaboom|73/100|[from] Grassy Terrain
|-heal|p1a: Deoxys|96/100 par|[from] Grassy Terrain
|-fieldend|move: Grassy Terrain
|upkeep
|turn|9
|
|t:|1769435233
|move|p2a: Rillaboom|U-turn|p1a: Deoxys
|-supereffective|p1a: Deoxys
|-damage|p1a: Deoxys|75/100 par
|-damage|p2a: Rillaboom|63/100|[from] item: Life Orb
|
|t:|1769435235
|switch|p2a: Iron Crown|Iron Crown|96/100|[from] U-turn
|cant|p1a: Deoxys|par
|
|upkeep
|turn|10
|
|t:|1769435241
|move|p2a: Iron Crown|Tachyon Cutter|p1a: Deoxys
|-damage|p1a: Deoxys|60/100 par
|-damage|p1a: Deoxys|47/100 par
|-hitcount|p1a: Deoxys|2
|move|p1a: Deoxys|Psychic Noise|p2a: Iron Crown
|-resisted|p2a: Iron Crown
|-damage|p2a: Iron Crown|91/100
|-start|p2a: Iron Crown|move: Heal Block
|
|-sideend|p1: Dat boii fam|move: Light Screen
|upkeep
|turn|11
|
|t:|1769435253
|move|p2a: Iron Crown|Tachyon Cutter|p1a: Deoxys
|-damage|p1a: Deoxys|21/100 par
|-damage|p1a: Deoxys|0 fnt
|faint|p1a: Deoxys
|-hitcount|p1: Deoxys|2
|
|-end|p2a: Iron Crown|move: Heal Block
|upkeep
|
|t:|1769435260
|switch|p1a: Excadrill|Excadrill, M|100/100
|turn|12
|
|t:|1769435271
|-end|p2a: Iron Crown|Quark Drive|[silent]
|switch|p2a: Zamazenta|Zamazenta|100/100
|-ability|p2a: Zamazenta|Dauntless Shield|boost
|-boost|p2a: Zamazenta|def|1
|move|p1a: Excadrill|Iron Head|p2a: Zamazenta
|-damage|p2a: Zamazenta|77/100
|
|-heal|p2a: Zamazenta|83/100|[from] item: Leftovers
|-sideend|p1: Dat boii fam|Reflect
|upkeep
|turn|13
|
|t:|1769435280
|switch|p1a: Hippowdon|Hippowdon, M|100/100
|-damage|p1a: Hippowdon|94/100|[from] Stealth Rock
|-weather|Sandstorm|[from] ability: Sand Stream|[of] p1a: Hippowdon
|move|p2a: Zamazenta|Body Press|p1a: Hippowdon
|-damage|p1a: Hippowdon|69/100
|
|-weather|Sandstorm|[upkeep]
|-damage|p2a: Zamazenta|77/100|[from] Sandstorm
|-heal|p2a: Zamazenta|83/100|[from] item: Leftovers
|upkeep
|turn|14
|
|t:|1769435290
|switch|p2a: Hatterene|Hatterene, F|100/100
|move|p1a: Hippowdon|Earthquake|p2a: Hatterene
|-damage|p2a: Hatterene|67/100
|
|-weather|Sandstorm|[upkeep]
|-damage|p2a: Hatterene|61/100|[from] Sandstorm
|upkeep
|turn|15
|
|t:|1769435298
|move|p1a: Hippowdon|Earthquake|p2a: Hatterene
|-damage|p2a: Hatterene|31/100
|move|p2a: Hatterene|Pain Split|p1a: Hippowdon
|-sethp|p1a: Hippowdon|46/100|[from] move: Pain Split|[silent]
|-sethp|p2a: Hatterene|61/100|[from] move: Pain Split
|
|-weather|Sandstorm|[upkeep]
|-damage|p2a: Hatterene|55/100|[from] Sandstorm
|upkeep
|turn|16
|
|t:|1769435306
|switch|p2a: Rillaboom|Rillaboom, M|63/100
|-fieldstart|move: Grassy Terrain|[from] ability: Grassy Surge|[of] p2a: Rillaboom
|move|p1a: Hippowdon|Earthquake|p2a: Rillaboom
|-resisted|p2a: Rillaboom
|-damage|p2a: Rillaboom|52/100
|
|-weather|Sandstorm|[upkeep]
|-damage|p2a: Rillaboom|46/100|[from] Sandstorm
|-heal|p2a: Rillaboom|52/100|[from] Grassy Terrain
|-heal|p1a: Hippowdon|52/100|[from] Grassy Terrain
|upkeep
|turn|17
|
|t:|1769435316
|move|p2a: Rillaboom|Knock Off|p1a: Hippowdon
|-damage|p1a: Hippowdon|28/100
|-enditem|p1a: Hippowdon|Smooth Rock|[from] move: Knock Off|[of] p2a: Rillaboom
|-damage|p2a: Rillaboom|42/100|[from] item: Life Orb
|move|p1a: Hippowdon|Whirlwind|p2a: Rillaboom
|drag|p2a: Blissey|Blissey, F|100/100
|
|-weather|Sandstorm|[upkeep]
|-damage|p2a: Blissey|94/100|[from] Sandstorm
|-heal|p2a: Blissey|100/100|[from] Grassy Terrain
|-heal|p1a: Hippowdon|35/100|[from] Grassy Terrain
|upkeep
|turn|18
|
|t:|1769435327
|switch|p2a: Hatterene|Hatterene, F|55/100
|move|p1a: Hippowdon|Slack Off|p1a: Hippowdon
|-heal|p1a: Hippowdon|85/100
|
|-weather|Sandstorm|[upkeep]
|-damage|p2a: Hatterene|49/100|[from] Sandstorm
|-heal|p1a: Hippowdon|91/100|[from] Grassy Terrain
|-heal|p2a: Hatterene|55/100|[from] Grassy Terrain
|upkeep
|turn|19
|
|t:|1769435339
|move|p1a: Hippowdon|Earthquake|p2a: Hatterene
|-damage|p2a: Hatterene|39/100
|move|p2a: Hatterene|Pain Split|p1a: Hippowdon
|-sethp|p1a: Hippowdon|60/100|[from] move: Pain Split|[silent]
|-sethp|p2a: Hatterene|79/100|[from] move: Pain Split
|
|-weather|Sandstorm|[upkeep]
|-damage|p2a: Hatterene|73/100|[from] Sandstorm
|-heal|p1a: Hippowdon|66/100|[from] Grassy Terrain
|-heal|p2a: Hatterene|79/100|[from] Grassy Terrain
|upkeep
|turn|20
|
|t:|1769435351
|move|p1a: Hippowdon|Slack Off|p1a: Hippowdon
|-heal|p1a: Hippowdon|100/100
|move|p2a: Hatterene|Draining Kiss|p1a: Hippowdon
|-damage|p1a: Hippowdon|76/100
|-heal|p2a: Hatterene|100/100|[from] drain|[of] p1a: Hippowdon
|
|-weather|none
|-heal|p1a: Hippowdon|82/100|[from] Grassy Terrain
|-fieldend|move: Grassy Terrain
|upkeep
|turn|21
|
|t:|1769435360
|switch|p1a: Excadrill|Excadrill, M|100/100
|move|p2a: Hatterene|Draining Kiss|p1a: Excadrill
|-resisted|p1a: Excadrill
|-damage|p1a: Excadrill|87/100
|
|upkeep
|turn|22
|
|t:|1769435371
|switch|p2a: Zamazenta|Zamazenta|83/100
|move|p1a: Excadrill|Iron Head|p2a: Zamazenta
|-damage|p2a: Zamazenta|48/100
|
|-heal|p2a: Zamazenta|55/100|[from] item: Leftovers
|upkeep
|turn|23
|
|t:|1769435378
|switch|p1a: Hippowdon|Hippowdon, M|82/100
|-damage|p1a: Hippowdon|76/100|[from] Stealth Rock
|-weather|Sandstorm|[from] ability: Sand Stream|[of] p1a: Hippowdon
|move|p2a: Zamazenta|Iron Defense|p2a: Zamazenta
|-boost|p2a: Zamazenta|def|2
|
|-weather|Sandstorm|[upkeep]
|-damage|p2a: Zamazenta|48/100|[from] Sandstorm
|-heal|p2a: Zamazenta|55/100|[from] item: Leftovers
|upkeep
|turn|24
|
|t:|1769435387
|move|p2a: Zamazenta|Body Press|p1a: Hippowdon
|-damage|p1a: Hippowdon|41/100
|move|p1a: Hippowdon|Whirlwind|p2a: Zamazenta
|drag|p2a: Iron Crown|Iron Crown|91/100
|
|-weather|Sandstorm|[upkeep]
|upkeep
|turn|25
|c|☆mizuriri|!calc
|c| mizuriri|/raw <div class="infobox">Pok&eacute;mon Showdown! damage calculator. (Courtesy of Honko, Austin, dhelmise, &amp; jetou)<br />- <a href="https://calc.pokemonshowdown.com/index.html?gen=9">Damage Calculator</a></div>
|
|t:|1769435409
|move|p2a: Iron Crown|Tachyon Cutter|p1a: Hippowdon
|-damage|p1a: Hippowdon|0 fnt
|faint|p1a: Hippowdon
|-hitcount|p1: Hippowdon|1
|
|-weather|Sandstorm|[upkeep]
|upkeep
|
|t:|1769435414
|switch|p1a: Excadrill|Excadrill, M|87/100
|turn|26
|
|t:|1769435419
|-end|p2a: Iron Crown|Quark Drive|[silent]
|switch|p2a: Zamazenta|Zamazenta|55/100
|move|p1a: Excadrill|Swords Dance|p1a: Excadrill
|-boost|p1a: Excadrill|atk|2
|
|-weather|Sandstorm|[upkeep]
|-damage|p2a: Zamazenta|48/100|[from] Sandstorm
|-heal|p2a: Zamazenta|55/100|[from] item: Leftovers
|upkeep
|turn|27
|
|t:|1769435427
|move|p1a: Excadrill|Earthquake|p2a: Zamazenta
|-damage|p2a: Zamazenta|0 fnt
|faint|p2a: Zamazenta
|
|-weather|none
|upkeep
|
|t:|1769435432
|switch|p2a: Great Tusk|Great Tusk|100/100
|turn|28
|
|t:|1769435452
|switch|p1a: Gliscor|Gliscor, M|100/100 tox
|-damage|p1a: Gliscor|88/100 tox|[from] Stealth Rock
|move|p2a: Great Tusk|Headlong Rush|p1a: Gliscor
|-immune|p1a: Gliscor
|
|-heal|p1a: Gliscor|100/100 tox|[from] ability: Poison Heal
|upkeep
|turn|29
|
|t:|1769435460
|-end|p2a: Great Tusk|Protosynthesis|[silent]
|switch|p2a: Hatterene|Hatterene, F|100/100
|move|p1a: Gliscor|Facade|p2a: Hatterene
|-damage|p2a: Hatterene|72/100
|-damage|p1a: Gliscor|84/100 tox|[from] item: Rocky Helmet|[of] p2a: Hatterene
|
|-heal|p1a: Gliscor|96/100 tox|[from] ability: Poison Heal
|upkeep
|turn|30
|
|t:|1769435468
|move|p1a: Gliscor|Knock Off|p2a: Hatterene
|-damage|p2a: Hatterene|53/100
|-damage|p1a: Gliscor|80/100 tox|[from] item: Rocky Helmet|[of] p2a: Hatterene
|-enditem|p2a: Hatterene|Rocky Helmet|[from] move: Knock Off|[of] p1a: Gliscor
|move|p2a: Hatterene|Psychic Noise|p1a: Gliscor
|-damage|p1a: Gliscor|37/100 tox
|-start|p1a: Gliscor|move: Heal Block
|
|upkeep
|turn|31
|
|t:|1769435478
|switch|p1a: Excadrill|Excadrill, M|87/100
|move|p2a: Hatterene|Pain Split|p1a: Excadrill
|-sethp|p1a: Excadrill|67/100|[from] move: Pain Split|[silent]
|-sethp|p2a: Hatterene|76/100|[from] move: Pain Split
|
|upkeep
|turn|32
|
|t:|1769435494
|switch|p2a: Great Tusk|Great Tusk|100/100
|move|p1a: Excadrill|Iron Head|p2a: Great Tusk
|-damage|p2a: Great Tusk|65/100
|
|upkeep
|turn|33
|
|t:|1769435506
|switch|p1a: Gliscor|Gliscor, M|37/100 tox
|-damage|p1a: Gliscor|25/100 tox|[from] Stealth Rock
|move|p2a: Great Tusk|Ice Spinner|p1a: Gliscor
|-supereffective|p1a: Gliscor
|-damage|p1a: Gliscor|0 fnt
|faint|p1a: Gliscor
|
|upkeep
|
|t:|1769435521
|switch|p1a: Sandslash|Sandslash, F|100/100
|turn|34
|
|t:|1769435524
|move|p2a: Great Tusk|Ice Spinner|p1a: Sandslash
|-supereffective|p1a: Sandslash
|-damage|p1a: Sandslash|37/100
|move|p1a: Sandslash|Rapid Spin|p2a: Great Tusk
|-damage|p2a: Great Tusk|52/100
|-boost|p1a: Sandslash|spe|1
|-sideend|p1: Dat boii fam|Stealth Rock|[from] move: Rapid Spin|[of] p1a: Sandslash
|
|upkeep
|turn|35
|
|t:|1769435532
|move|p1a: Sandslash|Earthquake|p2a: Great Tusk
|-damage|p2a: Great Tusk|19/100
|move|p2a: Great Tusk|Ice Spinner|p1a: Sandslash
|-supereffective|p1a: Sandslash
|-damage|p1a: Sandslash|0 fnt
|faint|p1a: Sandslash
|
|upkeep
|
|t:|1769435540
|switch|p1a: Tyranitar|Tyranitar, F|100/100
|-weather|Sandstorm|[from] ability: Sand Stream|[of] p1a: Tyranitar
|turn|36
|
|t:|1769435547
|move|p2a: Great Tusk|Headlong Rush|p1a: Tyranitar
|-supereffective|p1a: Tyranitar
|-damage|p1a: Tyranitar|3/100
|-unboost|p2a: Great Tusk|def|1
|-unboost|p2a: Great Tusk|spd|1
|move|p1a: Tyranitar|Ice Punch|p2a: Great Tusk
|-supereffective|p2a: Great Tusk
|-damage|p2a: Great Tusk|0 fnt
|faint|p2a: Great Tusk
|-end|p2a: Great Tusk|Protosynthesis|[silent]
|
|-weather|Sandstorm|[upkeep]
|upkeep
|
|t:|1769435550
|switch|p2a: Iron Crown|Iron Crown|91/100
|turn|37
|
|t:|1769435558
|move|p2a: Iron Crown|Tachyon Cutter|p1a: Tyranitar
|-supereffective|p1a: Tyranitar
|-damage|p1a: Tyranitar|0 fnt
|faint|p1a: Tyranitar
|-hitcount|p1: Tyranitar|1
|
|-weather|Sandstorm|[upkeep]
|upkeep
|
|t:|1769435563
|switch|p1a: Excadrill|Excadrill, M|67/100
|turn|38
|
|t:|1769435567
|move|p1a: Excadrill|Earthquake|p2a: Iron Crown
|-supereffective|p2a: Iron Crown
|-damage|p2a: Iron Crown|0 fnt
|faint|p2a: Iron Crown
|-end|p2a: Iron Crown|Quark Drive|[silent]
|
|-weather|Sandstorm|[upkeep]
|upkeep
|
|t:|1769435570
|switch|p2a: Hatterene|Hatterene, F|76/100
|turn|39
|
|t:|1769435574
|move|p1a: Excadrill|Iron Head|p2a: Hatterene
|-supereffective|p2a: Hatterene
|-damage|p2a: Hatterene|0 fnt
|faint|p2a: Hatterene
|
|-weather|Sandstorm|[upkeep]
|upkeep
|
|t:|1769435575
|switch|p2a: Blissey|Blissey, F|100/100
|turn|40
|
|t:|1769435582
|move|p1a: Excadrill|Iron Head|p2a: Blissey
|-damage|p2a: Blissey|52/100
|move|p2a: Blissey|Flamethrower|p1a: Excadrill
|-supereffective|p1a: Excadrill
|-damage|p1a: Excadrill|4/100
|-status|p1a: Excadrill|brn
|
|-weather|Sandstorm|[upkeep]
|-damage|p2a: Blissey|46/100|[from] Sandstorm
|-damage|p1a: Excadrill|0 fnt|[from] brn
|faint|p1a: Excadrill
|
|win|mizuriri
|raw|Dat boii fam's rating: 1335 &rarr; <strong>1317</strong><br />(-18 for losing)
|raw|mizuriri's rating: 1377 &rarr; <strong>1395</strong><br />(+18 for winning)
|l|☆Dat boii fam
|player|p1|
|l|☆mizuriri
|player|p2|
