|j|☆wubbybubbyjr
|j|☆Efrain.9
|t:|1769332674
|gametype|singles
|player|p1|wubbybubbyjr|preschooler|1582
|player|p2|Efrain.9|hilbert-wonderlauncher|1674
|gen|9
|tier|[Gen 9] OU
|rated|
|rule|HP Percentage Mod: HP is shown in percentages
|rule|Endless Battle Clause: Forcing endless battles is banned
|rule|Species Clause: Limit one of each Pokémon
|rule|OHKO Clause: OHKO moves are banned
|rule|Evasion Items Clause: Evasion items are banned
|rule|Evasion Moves Clause: Evasion moves are banned
|rule|Evasion Abilities Clause: Evasion abilities are banned
|rule|Sleep Moves Clause: Sleep-inducing moves are banned
|clearpoke
|poke|p1|Araquanid, F|
|poke|p1|Darkrai|
|poke|p1|Iron Treads|
|poke|p1|Dragonite, F|
|poke|p1|Gholdengo|
|poke|p1|Tornadus-Therian, M|
|poke|p2|Pelipper, F|
|poke|p2|Basculegion, M|
|poke|p2|Umbreon, F|
|poke|p2|Scizor, M|
|poke|p2|Raging Bolt|
|poke|p2|Ogerpon-Wellspring, F|
|teampreview
|inactive|Battle timer is ON: inactive players will automatically lose when time's up. (requested by wubbybubbyjr)
|
|t:|1769332691
|teamsize|p1|6
|teamsize|p2|6
|start
|switch|p1a: big nid|Araquanid, F|100/100
|switch|p2a: Raging Bolt|Raging Bolt|100/100
|turn|1
|
|t:|1769332696
|move|p2a: Raging Bolt|Volt Switch|p1a: big nid
|-supereffective|p1a: big nid
|-damage|p1a: big nid|1/100
|
|t:|1769332700
|-end|p2a: Raging Bolt|Protosynthesis|[silent]
|switch|p2a: Basculegion|Basculegion, M|100/100|[from] Volt Switch
|move|p1a: big nid|Sticky Web|p2a: Basculegion
|-sidestart|p2: Efrain.9|move: Sticky Web
|
|upkeep
|turn|2
|-enditem|p1a: big nid|Custap Berry|[eat]
|-activate|p1a: big nid|item: Custap Berry|[consumed]
|
|t:|1769332708
|move|p1a: big nid|Surf|p2a: Basculegion
|-resisted|p2a: Basculegion
|-damage|p2a: Basculegion|68/100
|move|p2a: Basculegion|Ice Fang|p1a: big nid
|-resisted|p1a: big nid
|-damage|p1a: big nid|0 fnt
|faint|p1a: big nid
|
|upkeep
|
|t:|1769332715
|switch|p1a: dumbo|Iron Treads|100/100
|turn|3
|
|t:|1769332720
|switch|p2a: Pelipper|Pelipper, F|100/100
|-weather|RainDance|[from] ability: Drizzle|[of] p2a: Pelipper
|move|p1a: dumbo|Stealth Rock|p2a: Pelipper
|-sidestart|p2: Efrain.9|move: Stealth Rock
|
|-weather|RainDance|[upkeep]
|upkeep
|turn|4
|
|t:|1769332727
|-end|p1a: dumbo|Quark Drive|[silent]
|switch|p1a: da golden boi|Gholdengo|100/100
|move|p2a: Pelipper|Weather Ball|p1a: da golden boi
|-damage|p1a: da golden boi|19/100
|
|-weather|RainDance|[upkeep]
|upkeep
|turn|5
|
|t:|1769332735
|move|p1a: da golden boi|Shadow Ball|p2a: Pelipper
|-damage|p2a: Pelipper|35/100
|move|p2a: Pelipper|Weather Ball|p1a: da golden boi
|-damage|p1a: da golden boi|0 fnt
|faint|p1a: da golden boi
|
|-weather|RainDance|[upkeep]
|upkeep
|
|t:|1769332742
|switch|p1a: bird jesus|Tornadus-Therian, M|100/100
|turn|6
|
|t:|1769332748
|switch|p2a: Raging Bolt|Raging Bolt|100/100
|-activate|p2a: Raging Bolt|move: Sticky Web
|-unboost|p2a: Raging Bolt|spe|1
|-damage|p2a: Raging Bolt|88/100|[from] Stealth Rock
|move|p1a: bird jesus|Nasty Plot|p1a: bird jesus
|-boost|p1a: bird jesus|spa|2
|
|-weather|RainDance|[upkeep]
|upkeep
|turn|7
|
|t:|1769332759
|switch|p1a: dumbo|Iron Treads|100/100
|move|p2a: Raging Bolt|Weather Ball|p1a: dumbo
|-supereffective|p1a: dumbo
|-damage|p1a: dumbo|0 fnt
|faint|p1a: dumbo
|-end|p1a: dumbo|Quark Drive|[silent]
|
|-weather|RainDance|[upkeep]
|upkeep
|
|t:|1769332769
|switch|p1a: barney|Dragonite, F|100/100
|turn|8
|
|t:|1769332774
|-end|p2a: Raging Bolt|Protosynthesis|[silent]
|switch|p2a: Umbreon|Umbreon, F|100/100
|-activate|p2a: Umbreon|move: Sticky Web
|-unboost|p2a: Umbreon|spe|1
|-damage|p2a: Umbreon|88/100|[from] Stealth Rock
|move|p1a: barney|Outrage|p2a: Umbreon
|-damage|p2a: Umbreon|18/100
|
|-weather|RainDance|[upkeep]
|-heal|p2a: Umbreon|24/100|[from] item: Leftovers
|upkeep
|turn|9
|
|t:|1769332786
|move|p1a: barney|Outrage|p2a: Umbreon|[from] lockedmove
|-damage|p2a: Umbreon|0 fnt
|faint|p2a: Umbreon
|-start|p1a: barney|confusion|[fatigue]
|
|-weather|RainDance|[upkeep]
|upkeep
|
|t:|1769332793
|switch|p2a: Scizor|Scizor, M|100/100
|turn|10
|
|t:|1769332798
|switch|p1a: bird jesus|Tornadus-Therian, M|100/100
|move|p2a: Scizor|Defog|p1a: bird jesus
|-unboost|p1a: bird jesus|evasion|1
|-sideend|p2: Efrain.9|Stealth Rock|[from] move: Defog|[of] p2a: Scizor
|-sideend|p2: Efrain.9|Sticky Web|[from] move: Defog|[of] p2a: Scizor
|
|-weather|none
|upkeep
|turn|11
|
|t:|1769332808
|switch|p2a: Raging Bolt|Raging Bolt|88/100
|move|p1a: bird jesus|Heat Wave|p2a: Raging Bolt
|-resisted|p2a: Raging Bolt
|-damage|p2a: Raging Bolt|70/100
|-damage|p1a: bird jesus|91/100|[from] item: Life Orb
|
|upkeep
|turn|12
|-message|wubbybubbyjr forfeited.
|
|win|Efrain.9
|raw|wubbybubbyjr's rating: 1582 &rarr; <strong>1567</strong><br />(-15 for losing)
|raw|Efrain.9's rating: 1674 &rarr; <strong>1689</strong><br />(+15 for winning)
|l|☆wubbybubbyjr
|player|p1|
|l|☆Efrain.9
|player|p2|
