|j|☆boiabarabba
|j|☆yiiiih
|t:|1769363365
|gametype|singles
|player|p1|boiabarabba|preschooler|1453
|player|p2|yiiiih|bellelba|1526
|gen|9
|tier|[Gen 9] OU
|rated|
|rule|HP Percentage Mod: HP is shown in percentages
|rule|Endless Battle Clause: Forcing endless battles is banned
|rule|Species Clause: Limit one of each Pokémon
|rule|OHKO Clause: OHKO moves are banned
|rule|Evasion Items Clause: Evasion items are banned
|rule|Evasion Moves Clause: Evasion moves are banned
|rule|Evasion Abilities Clause: Evasion abilities are banned
|rule|Sleep Moves Clause: Sleep-inducing moves are banned
|clearpoke
|poke|p1|Dragapult, M|
|poke|p1|Great Tusk|
|poke|p1|Iron Hands|
|poke|p1|Corviknight, M|
|poke|p1|Kingambit, M|
|poke|p1|Iron Moth|
|poke|p2|Iron Moth|
|poke|p2|Kingambit, M|
|poke|p2|Dragonite, F|
|poke|p2|Ogerpon-Cornerstone, F|
|poke|p2|Iron Valiant|
|poke|p2|Raging Bolt|
|teampreview
|inactive|Battle timer is ON: inactive players will automatically lose when time's up. (requested by yiiiih)
|inactive|boiabarabba also wants the timer to be on.
|
|t:|1769363372
|teamsize|p1|6
|teamsize|p2|6
|start
|switch|p1a: Fake Yama|Iron Hands|100/100
|switch|p2a: Iron Valiant|Iron Valiant|100/100
|-enditem|p2a: Iron Valiant|Booster Energy
|-activate|p2a: Iron Valiant|ability: Quark Drive|[fromitem]
|-start|p2a: Iron Valiant|quarkdrivespe
|turn|1
|
|t:|1769363395
|move|p2a: Iron Valiant|Knock Off|p1a: Fake Yama
|-resisted|p1a: Fake Yama
|-damage|p1a: Fake Yama|91/100
|-enditem|p1a: Fake Yama|Leftovers|[from] move: Knock Off|[of] p2a: Iron Valiant
|move|p1a: Fake Yama|Thunder Punch|p2a: Iron Valiant
|-damage|p2a: Iron Valiant|39/100
|
|upkeep
|turn|2
|
|t:|1769363405
|-end|p1a: Fake Yama|Quark Drive|[silent]
|switch|p1a: Noot - Noot|Iron Moth, shiny|100/100
|-enditem|p1a: Noot - Noot|Booster Energy
|-activate|p1a: Noot - Noot|ability: Quark Drive|[fromitem]
|-start|p1a: Noot - Noot|quarkdrivespa
|move|p2a: Iron Valiant|Destiny Bond|p2a: Iron Valiant
|-singlemove|p2a: Iron Valiant|Destiny Bond
|
|upkeep
|turn|3
|
|t:|1769363426
|-end|p1a: Noot - Noot|Quark Drive|[silent]
|switch|p1a: Fake Yama|Iron Hands|91/100
|move|p2a: Iron Valiant|Destiny Bond||[still]
|-fail|p2a: Iron Valiant
|
|upkeep
|turn|4
|
|t:|1769363439
|move|p2a: Iron Valiant|Destiny Bond|p2a: Iron Valiant
|-singlemove|p2a: Iron Valiant|Destiny Bond
|move|p1a: Fake Yama|Thunder Punch|p2a: Iron Valiant
|-damage|p2a: Iron Valiant|0 fnt
|faint|p2a: Iron Valiant
|-activate|p2a: Iron Valiant|move: Destiny Bond
|-end|p2a: Iron Valiant|Quark Drive|[silent]
|faint|p1a: Fake Yama
|-end|p1a: Fake Yama|Quark Drive|[silent]
|
|upkeep
|
|t:|1769363455
|switch|p2a: Ogerpon|Ogerpon-Cornerstone, F|100/100
|switch|p1a: Noot - Noot|Iron Moth, shiny|100/100
|turn|5
|
|t:|1769363467
|-end|p1a: Noot - Noot|Quark Drive|[silent]
|switch|p1a: Not pheasant but|Corviknight, M|100/100
|-ability|p1a: Not pheasant but|Pressure
|move|p2a: Ogerpon|Ivy Cudgel|p1a: Not pheasant but|[anim] Ivy Cudgel Rock
|-damage|p1a: Not pheasant but|64/100
|
|upkeep
|turn|6
|
|t:|1769363477
|move|p2a: Ogerpon|Swords Dance|p2a: Ogerpon
|-boost|p2a: Ogerpon|atk|2
|move|p1a: Not pheasant but|Iron Defense|p1a: Not pheasant but
|-boost|p1a: Not pheasant but|def|2
|
|upkeep
|turn|7
|
|t:|1769363484
|move|p2a: Ogerpon|Ivy Cudgel|p1a: Not pheasant but|[anim] Ivy Cudgel Rock
|-crit|p1a: Not pheasant but
|-damage|p1a: Not pheasant but|0 fnt
|faint|p1a: Not pheasant but
|
|upkeep
|
|t:|1769363490
|switch|p1a: B52|Dragapult, M|100/100
|turn|8
|
|t:|1769363492
|move|p1a: B52|Draco Meteor|p2a: Ogerpon
|-ability|p2a: Ogerpon|Sturdy
|-damage|p2a: Ogerpon|1/100
|-unboost|p1a: B52|spa|2
|move|p2a: Ogerpon|Knock Off|p1a: B52
|-supereffective|p1a: B52
|-damage|p1a: B52|0 fnt
|-enditem|p1a: B52|Choice Specs|[from] move: Knock Off|[of] p2a: Ogerpon
|faint|p1a: B52
|
|upkeep
|
|t:|1769363501
|switch|p1a: Noot - Noot|Iron Moth, shiny|100/100
|turn|9
|
|t:|1769363506
|move|p1a: Noot - Noot|Fiery Dance|p2a: Ogerpon
|-damage|p2a: Ogerpon|0 fnt
|faint|p2a: Ogerpon
|
|upkeep
|
|t:|1769363509
|switch|p2a: Dragonite|Dragonite, F|100/100
|turn|10
|
|t:|1769363512
|-terastallize|p1a: Noot - Noot|Fairy
|move|p1a: Noot - Noot|Dazzling Gleam|p2a: Dragonite
|-supereffective|p2a: Dragonite
|-damage|p2a: Dragonite|53/100
|move|p2a: Dragonite|Earthquake|p1a: Noot - Noot
|-damage|p1a: Noot - Noot|38/100
|
|upkeep
|turn|11
|
|t:|1769363526
|move|p1a: Noot - Noot|Dazzling Gleam|p2a: Dragonite
|-supereffective|p2a: Dragonite
|-damage|p2a: Dragonite|0 fnt
|faint|p2a: Dragonite
|
|upkeep
|
|t:|1769363529
|switch|p2a: Iron Moth|Iron Moth|100/100
|-enditem|p2a: Iron Moth|Booster Energy
|-activate|p2a: Iron Moth|ability: Quark Drive|[fromitem]
|-start|p2a: Iron Moth|quarkdrivespe
|turn|12
|
|t:|1769363535
|-end|p1a: Noot - Noot|Quark Drive|[silent]
|switch|p1a: Mr Miyagi|Kingambit, M|100/100
|-activate|p1a: Mr Miyagi|ability: Supreme Overlord
|-start|p1a: Mr Miyagi|fallen3|[silent]
|move|p2a: Iron Moth|Sludge Wave|p1a: Mr Miyagi
|-immune|p1a: Mr Miyagi
|
|upkeep
|turn|13
|
|t:|1769363551
|move|p1a: Mr Miyagi|Sucker Punch|p2a: Iron Moth
|-damage|p2a: Iron Moth|11/100
|move|p2a: Iron Moth|Fiery Dance|p1a: Mr Miyagi
|-supereffective|p1a: Mr Miyagi
|-damage|p1a: Mr Miyagi|5/100
|
|upkeep
|turn|14
|
|t:|1769363566
|-end|p2a: Iron Moth|Quark Drive|[silent]
|switch|p2a: Raging Bolt|Raging Bolt|100/100
|-enditem|p2a: Raging Bolt|Booster Energy
|-activate|p2a: Raging Bolt|ability: Protosynthesis|[fromitem]
|-start|p2a: Raging Bolt|protosynthesisspa
|move|p1a: Mr Miyagi|Sucker Punch||[still]
|-fail|p1a: Mr Miyagi
|
|upkeep
|turn|15
|
|t:|1769363576
|move|p2a: Raging Bolt|Dragon Pulse|p1a: Mr Miyagi
|-resisted|p1a: Mr Miyagi
|-damage|p1a: Mr Miyagi|0 fnt
|faint|p1a: Mr Miyagi
|-end|p1a: Mr Miyagi|fallen3|[silent]
|
|upkeep
|
|t:|1769363578
|switch|p1a: Angry Gogoat|Great Tusk|100/100
|turn|16
|
|t:|1769363586
|-terastallize|p2a: Raging Bolt|Ghost
|move|p2a: Raging Bolt|Dragon Pulse|p1a: Angry Gogoat
|-damage|p1a: Angry Gogoat|10/100
|move|p1a: Angry Gogoat|Earthquake|p2a: Raging Bolt
|-damage|p2a: Raging Bolt|63/100
|
|-heal|p1a: Angry Gogoat|17/100|[from] item: Leftovers
|upkeep
|turn|17
|-message|boiabarabba forfeited.
|
|win|yiiiih
|raw|boiabarabba's rating: 1453 &rarr; <strong>1437</strong><br />(-16 for losing)
|raw|yiiiih's rating: 1526 &rarr; <strong>1542</strong><br />(+16 for winning)
