|j|☆gullivers travels
|j|☆gatesofchell
|t:|1769318530
|gametype|singles
|player|p1|gullivers travels|266|1169
|player|p2|gatesofchell|bugsy|1228
|gen|9
|tier|[Gen 9] OU
|rated|
|rule|HP Percentage Mod: HP is shown in percentages
|rule|Endless Battle Clause: Forcing endless battles is banned
|rule|Species Clause: Limit one of each Pokémon
|rule|OHKO Clause: OHKO moves are banned
|rule|Evasion Items Clause: Evasion items are banned
|rule|Evasion Moves Clause: Evasion moves are banned
|rule|Evasion Abilities Clause: Evasion abilities are banned
|rule|Sleep Moves Clause: Sleep-inducing moves are banned
|clearpoke
|poke|p1|Dragonite, F|
|poke|p1|Alomomola, M|
|poke|p1|Weezing-Galar, M|
|poke|p1|Kingambit, F|
|poke|p1|Volcanion|
|poke|p1|Rabsca, F|
|poke|p2|Meowscarada, F|
|poke|p2|Great Tusk|
|poke|p2|Walking Wake|
|poke|p2|Ceruledge, F|
|poke|p2|Torkoal, M|
|poke|p2|Heatran, M|
|teampreview
|
|t:|1769318540
|teamsize|p1|6
|teamsize|p2|6
|start
|switch|p1a: Volcanion|Volcanion|100/100
|switch|p2a: Meowscarada|Meowscarada, F|100/100
|turn|1
|inactive|Battle timer is ON: inactive players will automatically lose when time's up. (requested by gullivers travels)
|
|t:|1769318549
|move|p2a: Meowscarada|Knock Off|p1a: Volcanion
|-start|p2a: Meowscarada|typechange|Dark|[from] ability: Protean
|-damage|p1a: Volcanion|42/100
|-enditem|p1a: Volcanion|Assault Vest|[from] move: Knock Off|[of] p2a: Meowscarada
|move|p1a: Volcanion|Flame Charge|p2a: Meowscarada
|-damage|p2a: Meowscarada|69/100
|-boost|p1a: Volcanion|spe|1
|
|upkeep
|turn|2
|
|t:|1769318558
|move|p2a: Meowscarada|Knock Off|p1a: Volcanion
|-damage|p1a: Volcanion|3/100
|move|p1a: Volcanion|Steam Eruption|p2a: Meowscarada
|-crit|p2a: Meowscarada
|-damage|p2a: Meowscarada|0 fnt
|faint|p2a: Meowscarada
|
|upkeep
|
|t:|1769318568
|switch|p2a: Torkoal|Torkoal, M|100/100
|-weather|SunnyDay|[from] ability: Drought|[of] p2a: Torkoal
|turn|3
|
|t:|1769318572
|move|p1a: Volcanion|Steam Eruption|p2a: Torkoal
|-supereffective|p2a: Torkoal
|-damage|p2a: Torkoal|39/100
|move|p2a: Torkoal|Stealth Rock|p1a: Volcanion
|-sidestart|p1: gullivers travels|move: Stealth Rock
|
|-weather|SunnyDay|[upkeep]
|upkeep
|turn|4
|
|t:|1769318581
|switch|p2a: Ceruledge|Ceruledge, F|100/100
|move|p1a: Volcanion|Steam Eruption|p2a: Ceruledge
|-supereffective|p2a: Ceruledge
|-crit|p2a: Ceruledge
|-damage|p2a: Ceruledge|0 fnt
|faint|p2a: Ceruledge
|
|-weather|SunnyDay|[upkeep]
|upkeep
|c|☆gullivers travels|?
|
|t:|1769318589
|switch|p2a: Walking Wake|Walking Wake|100/100
|-activate|p2a: Walking Wake|ability: Protosynthesis
|-start|p2a: Walking Wake|protosynthesisspe
|turn|5
|c|☆gatesofchell|Yk idk what I though
|c|☆gatesofchell|Thought
|c|☆gullivers travels|happens
|inactive|gatesofchell has 120 seconds left.
|
|t:|1769318621
|move|p2a: Walking Wake|Flamethrower|p1a: Volcanion
|-resisted|p1a: Volcanion
|-damage|p1a: Volcanion|0 fnt
|faint|p1a: Volcanion
|
|-weather|SunnyDay|[upkeep]
|upkeep
|
|t:|1769318624
|switch|p1a: Weezing|Weezing-Galar, M|100/100
|-ability|p1a: Weezing|Neutralizing Gas
|turn|6
|
|t:|1769318634
|move|p2a: Walking Wake|Hydro Steam|p1a: Weezing
|-damage|p1a: Weezing|48/100
|move|p1a: Weezing|Defog|p2a: Walking Wake
|-unboost|p2a: Walking Wake|evasion|1
|-sideend|p1: gullivers travels|Stealth Rock|[from] move: Defog|[of] p1a: Weezing
|
|-weather|SunnyDay|[upkeep]
|upkeep
|turn|7
|
|t:|1769318647
|-end|p1a: Weezing|ability: Neutralizing Gas
|switch|p1a: Alomomola|Alomomola, M|100/100
|move|p2a: Walking Wake|Hydro Steam|p1a: Alomomola
|-resisted|p1a: Alomomola
|-damage|p1a: Alomomola|66/100
|
|-weather|SunnyDay|[upkeep]
|-heal|p1a: Alomomola|72/100|[from] item: Leftovers
|upkeep
|turn|8
|
|t:|1769318658
|move|p2a: Walking Wake|Draco Meteor|p1a: Alomomola|[miss]
|-miss|p2a: Walking Wake|p1a: Alomomola
|move|p1a: Alomomola|Wish|p1a: Alomomola
|
|-weather|SunnyDay|[upkeep]
|-heal|p1a: Alomomola|78/100|[from] item: Leftovers
|upkeep
|turn|9
|
|t:|1769318668
|move|p1a: Alomomola|Protect|p1a: Alomomola
|-singleturn|p1a: Alomomola|Protect
|move|p2a: Walking Wake|Draco Meteor|p1a: Alomomola
|-activate|p1a: Alomomola|move: Protect
|
|-weather|SunnyDay|[upkeep]
|-heal|p1a: Alomomola|100/100|[from] move: Wish|[wisher] Alomomola
|upkeep
|turn|10
|
|t:|1769318683
|move|p2a: Walking Wake|Draco Meteor|p1a: Alomomola
|-damage|p1a: Alomomola|19/100
|-unboost|p2a: Walking Wake|spa|2
|move|p1a: Alomomola|Mirror Coat|p2a: Walking Wake
|-damage|p2a: Walking Wake|0 fnt
|faint|p2a: Walking Wake
|-end|p2a: Walking Wake|Protosynthesis|[silent]
|
|-weather|none
|-heal|p1a: Alomomola|25/100|[from] item: Leftovers
|upkeep
|
|t:|1769318701
|switch|p2a: Torkoal|Torkoal, M|39/100
|-weather|SunnyDay|[from] ability: Drought|[of] p2a: Torkoal
|turn|11
|
|t:|1769318709
|move|p1a: Alomomola|Wish|p1a: Alomomola
|move|p2a: Torkoal|Iron Defense|p2a: Torkoal
|-boost|p2a: Torkoal|def|2
|
|-weather|SunnyDay|[upkeep]
|-heal|p1a: Alomomola|31/100|[from] item: Leftovers
|upkeep
|turn|12
|
|t:|1769318714
|switch|p1a: Weezing|Weezing-Galar, M|48/100
|-ability|p1a: Weezing|Neutralizing Gas
|move|p2a: Torkoal|Stealth Rock|p1a: Weezing
|-sidestart|p1: gullivers travels|move: Stealth Rock
|
|-weather|SunnyDay|[upkeep]
|-heal|p1a: Weezing|100/100|[from] move: Wish|[wisher] Alomomola
|upkeep
|turn|13
|
|t:|1769318725
|switch|p2a: Great Tusk|Great Tusk|100/100
|move|p1a: Weezing|Toxic|p2a: Great Tusk
|-status|p2a: Great Tusk|tox
|
|-weather|SunnyDay|[upkeep]
|-damage|p2a: Great Tusk|94/100 tox|[from] psn
|upkeep
|turn|14
|
|t:|1769318732
|move|p2a: Great Tusk|Earthquake|p1a: Weezing
|-supereffective|p1a: Weezing
|-damage|p1a: Weezing|0 fnt
|faint|p1a: Weezing
|-end|p1a: Weezing|ability: Neutralizing Gas
|-activate|p2a: Great Tusk|ability: Protosynthesis
|-start|p2a: Great Tusk|protosynthesisatk
|
|-weather|SunnyDay|[upkeep]
|-damage|p2a: Great Tusk|82/100 tox|[from] psn
|upkeep
|
|t:|1769318736
|switch|p1a: Alomomola|Alomomola, M|65/100
|-damage|p1a: Alomomola|52/100|[from] Stealth Rock
|turn|15
|
|t:|1769318742
|move|p1a: Alomomola|Protect|p1a: Alomomola
|-singleturn|p1a: Alomomola|Protect
|move|p2a: Great Tusk|Rapid Spin|p1a: Alomomola
|-activate|p1a: Alomomola|move: Protect
|
|-weather|SunnyDay|[upkeep]
|-heal|p1a: Alomomola|58/100|[from] item: Leftovers
|-damage|p2a: Great Tusk|63/100 tox|[from] psn
|upkeep
|turn|16
|
|t:|1769318746
|move|p2a: Great Tusk|Close Combat|p1a: Alomomola
|-damage|p1a: Alomomola|14/100
|-unboost|p2a: Great Tusk|def|1
|-unboost|p2a: Great Tusk|spd|1
|move|p1a: Alomomola|Wish|p1a: Alomomola
|
|-weather|SunnyDay|[upkeep]
|-heal|p1a: Alomomola|21/100|[from] item: Leftovers
|-damage|p2a: Great Tusk|39/100 tox|[from] psn
|upkeep
|turn|17
|-message|gatesofchell forfeited.
|
|win|gullivers travels
|raw|gullivers travels's rating: 1169 &rarr; <strong>1198</strong><br />(+29 for winning)
|raw|gatesofchell's rating: 1228 &rarr; <strong>1199</strong><br />(-29 for losing)
|l|☆gatesofchell
|player|p2|
|l|☆gullivers travels
|player|p1|
