|j|☆LeanInTheCup
|j|☆haitianprinc3
|t:|1769375437
|gametype|singles
|player|p1|LeanInTheCup|burglar|1417
|player|p2|haitianprinc3|marshal|1389
|gen|9
|tier|[Gen 9] OU
|rated|
|rule|HP Percentage Mod: HP is shown in percentages
|rule|Endless Battle Clause: Forcing endless battles is banned
|rule|Species Clause: Limit one of each Pokémon
|rule|OHKO Clause: OHKO moves are banned
|rule|Evasion Items Clause: Evasion items are banned
|rule|Evasion Moves Clause: Evasion moves are banned
|rule|Evasion Abilities Clause: Evasion abilities are banned
|rule|Sleep Moves Clause: Sleep-inducing moves are banned
|clearpoke
|poke|p1|Torkoal, F|
|poke|p1|Great Tusk|
|poke|p1|Walking Wake|
|poke|p1|Hatterene, F|
|poke|p1|Thundurus-Therian, M|
|poke|p1|Ceruledge, M|
|poke|p2|Politoed, F|
|poke|p2|Landorus-Therian, M|
|poke|p2|Goodra, F|
|poke|p2|Kingdra, F|
|poke|p2|Azumarill, F|
|poke|p2|Ninetales-Alola, F|
|teampreview
|inactive|Battle timer is ON: inactive players will automatically lose when time's up. (requested by haitianprinc3)
|
|t:|1769375452
|teamsize|p1|6
|teamsize|p2|6
|start
|switch|p1a: Thundurus|Thundurus-Therian, M|100/100
|switch|p2a: Goodra|Goodra, F|100/100
|turn|1
|
|t:|1769375461
|move|p1a: Thundurus|Volt Switch|p2a: Goodra
|-resisted|p2a: Goodra
|-damage|p2a: Goodra|79/100
|
|t:|1769375465
|switch|p1a: Hatterene|Hatterene, F, shiny|100/100|[from] Volt Switch
|move|p2a: Goodra|Draco Meteor|p1a: Hatterene
|-immune|p1a: Hatterene
|
|upkeep
|turn|2
|
|t:|1769375474
|switch|p2a: Azumarill|Azumarill, F|100/100
|move|p1a: Hatterene|Nuzzle|p2a: Azumarill
|-supereffective|p2a: Azumarill
|-damage|p2a: Azumarill|93/100
|-status|p2a: Azumarill|par
|
|upkeep
|turn|3
|
|t:|1769375484
|move|p1a: Hatterene|Psychic Noise|p2a: Azumarill
|-damage|p2a: Azumarill|71/100 par
|-start|p2a: Azumarill|move: Heal Block
|move|p2a: Azumarill|Knock Off|p1a: Hatterene
|-damage|p1a: Hatterene|62/100
|-enditem|p1a: Hatterene|Eject Button|[from] move: Knock Off|[of] p2a: Azumarill
|
|upkeep
|turn|4
|
|t:|1769375500
|move|p1a: Hatterene|Dazzling Gleam|p2a: Azumarill
|-crit|p2a: Azumarill
|-damage|p2a: Azumarill|34/100 par
|move|p2a: Azumarill|Liquidation|p1a: Hatterene
|-damage|p1a: Hatterene|14/100
|
|-end|p2a: Azumarill|move: Heal Block
|upkeep
|turn|5
|
|t:|1769375523
|move|p2a: Azumarill|Aqua Jet|p1a: Hatterene
|-damage|p1a: Hatterene|0 fnt
|faint|p1a: Hatterene
|
|upkeep
|inactive|LeanInTheCup has 120 seconds left.
|
|t:|1769375534
|switch|p1a: Thundurus|Thundurus-Therian, M|100/100
|turn|6
|
|t:|1769375546
|move|p1a: Thundurus|Grass Knot|p2a: Azumarill
|-supereffective|p2a: Azumarill
|-damage|p2a: Azumarill|0 fnt
|faint|p2a: Azumarill
|
|upkeep
|
|t:|1769375552
|switch|p2a: Ninetales|Ninetales-Alola, F|100/100
|-weather|Snowscape|[from] ability: Snow Warning|[of] p2a: Ninetales
|turn|7
|
|t:|1769375563
|switch|p1a: Torkoal|Torkoal, F, shiny|100/100
|-weather|SunnyDay|[from] ability: Drought|[of] p1a: Torkoal
|move|p2a: Ninetales|Blizzard|p1a: Torkoal
|-resisted|p1a: Torkoal
|-damage|p1a: Torkoal|76/100
|
|-weather|SunnyDay|[upkeep]
|upkeep
|turn|8
|
|t:|1769375586
|switch|p2a: Politoed|Politoed, F, shiny|100/100
|-weather|RainDance|[from] ability: Drizzle|[of] p2a: Politoed
|switch|p1a: Thundurus|Thundurus-Therian, M|100/100
|
|-weather|RainDance|[upkeep]
|upkeep
|turn|9
|
|t:|1769375614
|-terastallize|p2a: Politoed|Grass
|move|p1a: Thundurus|Volt Switch|p2a: Politoed
|-resisted|p2a: Politoed
|-damage|p2a: Politoed|75/100
|inactive|LeanInTheCup has 120 seconds left.
|
|t:|1769375632
|switch|p1a: Walking Wake|Walking Wake|100/100|[from] Volt Switch
|move|p2a: Politoed|Surf|p1a: Walking Wake
|-resisted|p1a: Walking Wake
|-damage|p1a: Walking Wake|90/100
|
|-weather|RainDance|[upkeep]
|upkeep
|turn|10
|inactive|LeanInTheCup has 120 seconds left.
|inactive|haitianprinc3 has 120 seconds left.
|
|t:|1769375657
|switch|p2a: Kingdra|Kingdra, F, shiny|100/100
|move|p1a: Walking Wake|Flip Turn|p2a: Kingdra
|-resisted|p2a: Kingdra
|-damage|p2a: Kingdra|93/100
|
|t:|1769375679
|-end|p1a: Walking Wake|Protosynthesis|[silent]
|switch|p1a: Ceruledge|Ceruledge, M|100/100|[from] Flip Turn
|
|-weather|RainDance|[upkeep]
|upkeep
|turn|11
|
|t:|1769375691
|move|p2a: Kingdra|Surf|p1a: Ceruledge
|-supereffective|p1a: Ceruledge
|-enditem|p1a: Ceruledge|Focus Sash
|-damage|p1a: Ceruledge|1/100
|move|p1a: Ceruledge|Poltergeist|p2a: Kingdra
|-activate|p2a: Kingdra|move: Poltergeist|Choice Specs
|-damage|p2a: Kingdra|22/100
|
|-weather|RainDance|[upkeep]
|upkeep
|turn|12
|inactive|haitianprinc3 has 120 seconds left.
|
|t:|1769375708
|switch|p2a: Landorus|Landorus-Therian, M|100/100
|-ability|p2a: Landorus|Intimidate|boost
|-unboost|p1a: Ceruledge|atk|1
|move|p1a: Ceruledge|Shadow Sneak|p2a: Landorus
|-damage|p2a: Landorus|84/100
|
|-weather|RainDance|[upkeep]
|upkeep
|turn|13
|
|t:|1769375722
|switch|p1a: Thundurus|Thundurus-Therian, M|100/100
|move|p2a: Landorus|U-turn|p1a: Thundurus
|-resisted|p1a: Thundurus
|-damage|p1a: Thundurus|80/100
|inactive|haitianprinc3 has 120 seconds left.
|
|t:|1769375733
|switch|p2a: Kingdra|Kingdra, F, shiny|22/100|[from] U-turn
|
|-weather|RainDance|[upkeep]
|upkeep
|turn|14
|inactive|LeanInTheCup has 90 seconds left.
|
|t:|1769375764
|switch|p1a: Ceruledge|Ceruledge, M|1/100
|move|p2a: Kingdra|Draco Meteor|p1a: Ceruledge
|-damage|p1a: Ceruledge|0 fnt
|-unboost|p2a: Kingdra|spa|2
|faint|p1a: Ceruledge
|
|-weather|RainDance|[upkeep]
|upkeep
|inactive|LeanInTheCup has 90 seconds left.
|inactive|LeanInTheCup has 60 seconds left.
|
|t:|1769375826
|switch|p1a: Torkoal|Torkoal, F, shiny|76/100
|-weather|SunnyDay|[from] ability: Drought|[of] p1a: Torkoal
|turn|15
|inactive|LeanInTheCup has 30 seconds left.
|inactive|LeanInTheCup has 20 seconds left.
|
|t:|1769375855
|switch|p2a: Politoed|Politoed, F, shiny, tera:Grass|75/100
|-weather|RainDance|[from] ability: Drizzle|[of] p2a: Politoed
|move|p1a: Torkoal|Overheat|p2a: Politoed
|-supereffective|p2a: Politoed
|-damage|p2a: Politoed|29/100
|-unboost|p1a: Torkoal|spa|2
|
|-weather|RainDance|[upkeep]
|upkeep
|turn|16
|inactive|LeanInTheCup has 30 seconds left this turn.
|
|t:|1769375866
|switch|p1a: Walking Wake|Walking Wake|90/100
|move|p2a: Politoed|Surf|p1a: Walking Wake
|-resisted|p1a: Walking Wake
|-damage|p1a: Walking Wake|78/100
|
|-weather|RainDance|[upkeep]
|upkeep
|turn|17
|inactive|LeanInTheCup has 30 seconds left.
|inactive|LeanInTheCup has 20 seconds left.
|inactive|LeanInTheCup has 15 seconds left.
|inactive|haitianprinc3 has 120 seconds left.
|
|t:|1769375901
|move|p1a: Walking Wake|Draco Meteor|p2a: Politoed
|-damage|p2a: Politoed|0 fnt
|-unboost|p1a: Walking Wake|spa|2
|faint|p2a: Politoed
|
|-weather|RainDance|[upkeep]
|upkeep
|
|t:|1769375909
|switch|p2a: Ninetales|Ninetales-Alola, F|100/100
|-weather|Snowscape|[from] ability: Snow Warning|[of] p2a: Ninetales
|turn|18
|inactive|LeanInTheCup has 30 seconds left this turn.
|
|t:|1769375914
|-end|p1a: Walking Wake|Protosynthesis|[silent]
|switch|p1a: Torkoal|Torkoal, F, shiny|76/100
|-weather|SunnyDay|[from] ability: Drought|[of] p1a: Torkoal
|move|p2a: Ninetales|Moonblast|p1a: Torkoal
|-resisted|p1a: Torkoal
|-damage|p1a: Torkoal|55/100
|-unboost|p1a: Torkoal|spa|1
|
|-weather|SunnyDay|[upkeep]
|upkeep
|turn|19
|inactive|LeanInTheCup has 30 seconds left.
|inactive|LeanInTheCup has 20 seconds left.
|inactive|LeanInTheCup has 15 seconds left.
|inactive|LeanInTheCup has 10 seconds left.
|
|t:|1769375945
|switch|p2a: Goodra|Goodra, F|79/100
|move|p1a: Torkoal|Overheat|p2a: Goodra
|-resisted|p2a: Goodra
|-damage|p2a: Goodra|59/100
|-unboost|p1a: Torkoal|spa|2
|
|-weather|SunnyDay|[upkeep]
|upkeep
|turn|20
|inactive|LeanInTheCup has 20 seconds left this turn.
|inactive|LeanInTheCup has 15 seconds left.
|inactive|LeanInTheCup has 10 seconds left.
|
|t:|1769375956
|switch|p1a: Thundurus|Thundurus-Therian, M|80/100
|move|p2a: Goodra|Draco Meteor|p1a: Thundurus
|-damage|p1a: Thundurus|0 fnt
|-unboost|p2a: Goodra|spa|2
|faint|p1a: Thundurus
|
|-weather|SunnyDay|[upkeep]
|upkeep
|inactive|LeanInTheCup has 15 seconds left this turn.
|
|t:|1769375961
|switch|p1a: Great Tusk|Great Tusk|100/100
|-activate|p1a: Great Tusk|ability: Protosynthesis
|-start|p1a: Great Tusk|protosynthesisatk
|turn|21
|inactive|LeanInTheCup has 25 seconds left this turn.
|
|t:|1769375973
|-terastallize|p1a: Great Tusk|Fighting
|move|p1a: Great Tusk|Close Combat|p2a: Goodra
|-damage|p2a: Goodra|0 fnt
|-unboost|p1a: Great Tusk|def|1
|-unboost|p1a: Great Tusk|spd|1
|faint|p2a: Goodra
|
|-weather|SunnyDay|[upkeep]
|upkeep
|
|t:|1769375982
|switch|p2a: Ninetales|Ninetales-Alola, F|100/100
|-weather|Snowscape|[from] ability: Snow Warning|[of] p2a: Ninetales
|-end|p1a: Great Tusk|Protosynthesis
|turn|22
|
|t:|1769375990
|-end|p1a: Great Tusk|Protosynthesis|[silent]
|switch|p1a: Torkoal|Torkoal, F, shiny|55/100
|-weather|SunnyDay|[from] ability: Drought|[of] p1a: Torkoal
|move|p2a: Ninetales|Moonblast|p1a: Torkoal
|-resisted|p1a: Torkoal
|-damage|p1a: Torkoal|31/100
|
|-weather|SunnyDay|[upkeep]
|upkeep
|turn|23
|
|t:|1769376005
|switch|p2a: Kingdra|Kingdra, F, shiny|22/100
|move|p1a: Torkoal|Overheat|p2a: Kingdra
|-resisted|p2a: Kingdra
|-damage|p2a: Kingdra|0 fnt
|-unboost|p1a: Torkoal|spa|2
|faint|p2a: Kingdra
|
|-weather|SunnyDay|[upkeep]
|upkeep
|
|t:|1769376018
|switch|p2a: Landorus|Landorus-Therian, M|84/100
|-ability|p2a: Landorus|Intimidate|boost
|-unboost|p1a: Torkoal|atk|1
|turn|24
|
|t:|1769376035
|switch|p1a: Great Tusk|Great Tusk, tera:Fighting|100/100
|-activate|p1a: Great Tusk|ability: Protosynthesis
|-start|p1a: Great Tusk|protosynthesisatk
|move|p2a: Landorus|Earthquake|p1a: Great Tusk
|-damage|p1a: Great Tusk|58/100
|
|-weather|SunnyDay|[upkeep]
|upkeep
|turn|25
|
|t:|1769376058
|move|p2a: Landorus|Earthquake|p1a: Great Tusk
|-damage|p1a: Great Tusk|15/100
|move|p1a: Great Tusk|Close Combat|p2a: Landorus
|-resisted|p2a: Landorus
|-damage|p2a: Landorus|0 fnt
|-unboost|p1a: Great Tusk|def|1
|-unboost|p1a: Great Tusk|spd|1
|faint|p2a: Landorus
|
|-weather|SunnyDay|[upkeep]
|upkeep
|
|t:|1769376069
|switch|p2a: Ninetales|Ninetales-Alola, F|100/100
|-weather|Snowscape|[from] ability: Snow Warning|[of] p2a: Ninetales
|-end|p1a: Great Tusk|Protosynthesis
|turn|26
|
|t:|1769376090
|move|p2a: Ninetales|Moonblast|p1a: Great Tusk
|-supereffective|p1a: Great Tusk
|-damage|p1a: Great Tusk|0 fnt
|faint|p1a: Great Tusk
|-end|p1a: Great Tusk|Protosynthesis|[silent]
|
|-weather|Snowscape|[upkeep]
|upkeep
|
|t:|1769376096
|switch|p1a: Torkoal|Torkoal, F, shiny|31/100
|-weather|SunnyDay|[from] ability: Drought|[of] p1a: Torkoal
|turn|27
|
|t:|1769376100
|move|p2a: Ninetales|Moonblast|p1a: Torkoal
|-resisted|p1a: Torkoal
|-damage|p1a: Torkoal|9/100
|move|p1a: Torkoal|Overheat|p2a: Ninetales
|-supereffective|p2a: Ninetales
|-damage|p2a: Ninetales|0 fnt
|-unboost|p1a: Torkoal|spa|2
|faint|p2a: Ninetales
|
|win|LeanInTheCup
|raw|LeanInTheCup's rating: 1417 &rarr; <strong>1435</strong><br />(+18 for winning)
|raw|haitianprinc3's rating: 1389 &rarr; <strong>1371</strong><br />(-18 for losing)
|l|☆haitianprinc3
|player|p2|
|l|☆LeanInTheCup
|player|p1|
|j|☆LeanInTheCup
|player|p1|LeanInTheCup|burglar|
|l|☆LeanInTheCup
|player|p1|
