|j|☆solmetria
|j|☆rainmessiah
|t:|1769383556
|gametype|singles
|player|p1|solmetria|pilot|1127
|player|p2|rainmessiah|101|1173
|gen|9
|tier|[Gen 9] OU
|rated|
|rule|HP Percentage Mod: HP is shown in percentages
|rule|Endless Battle Clause: Forcing endless battles is banned
|rule|Species Clause: Limit one of each Pokémon
|rule|OHKO Clause: OHKO moves are banned
|rule|Evasion Items Clause: Evasion items are banned
|rule|Evasion Moves Clause: Evasion moves are banned
|rule|Evasion Abilities Clause: Evasion abilities are banned
|rule|Sleep Moves Clause: Sleep-inducing moves are banned
|clearpoke
|poke|p1|Dragonite, F|
|poke|p1|Samurott-Hisui, F|
|poke|p1|Clefable, F|
|poke|p1|Gliscor, F|
|poke|p1|Gholdengo|
|poke|p1|Zamazenta-*|
|poke|p2|Fezandipiti, M|
|poke|p2|Landorus-Therian, M|
|poke|p2|Cinderace, M|
|poke|p2|Azelf|
|poke|p2|Quaquaval, F|
|poke|p2|Gholdengo|
|teampreview
|
|t:|1769383562
|teamsize|p1|6
|teamsize|p2|6
|start
|switch|p1a: Wekko|Samurott-Hisui, F|100/100
|switch|p2a: Cinderace|Cinderace, M|100/100
|turn|1
|
|t:|1769383586
|move|p2a: Cinderace|U-turn|p1a: Wekko
|-start|p2a: Cinderace|typechange|Bug|[from] ability: Libero
|-supereffective|p1a: Wekko
|-damage|p1a: Wekko|33/100
|
|t:|1769383592
|switch|p2a: Fezandipiti|Fezandipiti, M|100/100|[from] U-turn
|move|p1a: Wekko|Razor Shell|p2a: Fezandipiti
|-damage|p2a: Fezandipiti|47/100
|
|upkeep
|turn|2
|
|t:|1769383617
|switch|p2a: Quaquaval|Quaquaval, F|100/100
|switch|p1a: String Cheese Cuh|Gholdengo|100/100
|
|upkeep
|turn|3
|inactive|Battle timer is ON: inactive players will automatically lose when time's up. (requested by rainmessiah)
|
|t:|1769383643
|move|p1a: String Cheese Cuh|Shadow Ball|p2a: Quaquaval
|-damage|p2a: Quaquaval|68/100
|move|p2a: Quaquaval|Aqua Step|p1a: String Cheese Cuh
|-damage|p1a: String Cheese Cuh|48/100
|-boost|p2a: Quaquaval|spe|1
|
|upkeep
|turn|4
|
|t:|1769383667
|switch|p1a: Ashy|Clefable, F|100/100
|move|p2a: Quaquaval|Flip Turn|p1a: Ashy
|-damage|p1a: Ashy|75/100
|-damage|p2a: Quaquaval|51/100|[from] item: Rocky Helmet|[of] p1a: Ashy
|
|t:|1769383673
|switch|p2a: Gholdengo|Gholdengo|100/100|[from] Flip Turn
|
|upkeep
|turn|5
|inactive|solmetria has 120 seconds left.
|inactive|solmetria has 90 seconds left.
|
|t:|1769383745
|switch|p1a: Drake|Gliscor, F|100/100
|move|p2a: Gholdengo|Dazzling Gleam|p1a: Drake
|-damage|p1a: Drake|74/100
|
|-status|p1a: Drake|tox|[from] item: Toxic Orb
|upkeep
|turn|6
|
|t:|1769383761
|switch|p2a: Landorus|Landorus-Therian, M|100/100
|-ability|p2a: Landorus|Intimidate|boost
|-unboost|p1a: Drake|atk|1
|move|p1a: Drake|Swords Dance|p1a: Drake
|-boost|p1a: Drake|atk|2
|
|-heal|p1a: Drake|87/100 tox|[from] ability: Poison Heal
|upkeep
|turn|7
|
|t:|1769383774
|move|p1a: Drake|Protect|p1a: Drake
|-singleturn|p1a: Drake|Protect
|move|p2a: Landorus|Bulk Up|p2a: Landorus
|-boost|p2a: Landorus|atk|1
|-boost|p2a: Landorus|def|1
|
|-heal|p1a: Drake|99/100 tox|[from] ability: Poison Heal
|upkeep
|turn|8
|
|t:|1769383793
|move|p1a: Drake|Facade|p2a: Landorus
|-damage|p2a: Landorus|70/100
|move|p2a: Landorus|Smack Down|p1a: Drake
|-damage|p1a: Drake|77/100 tox
|-start|p1a: Drake|Smack Down
|
|-heal|p2a: Landorus|76/100|[from] item: Leftovers
|-heal|p1a: Drake|90/100 tox|[from] ability: Poison Heal
|upkeep
|turn|9
|
|t:|1769383807
|move|p1a: Drake|Protect|p1a: Drake
|-singleturn|p1a: Drake|Protect
|move|p2a: Landorus|Bulk Up|p2a: Landorus
|-boost|p2a: Landorus|atk|1
|-boost|p2a: Landorus|def|1
|
|-heal|p2a: Landorus|82/100|[from] item: Leftovers
|-heal|p1a: Drake|100/100 tox|[from] ability: Poison Heal
|upkeep
|turn|10
|
|t:|1769383824
|switch|p1a: String Cheese Cuh|Gholdengo|48/100
|move|p2a: Landorus|Earthquake|p1a: String Cheese Cuh
|-supereffective|p1a: String Cheese Cuh
|-damage|p1a: String Cheese Cuh|0 fnt
|faint|p1a: String Cheese Cuh
|
|-heal|p2a: Landorus|88/100|[from] item: Leftovers
|upkeep
|inactive|solmetria has 60 seconds left.
|
|t:|1769383837
|switch|p1a: Worm|Dragonite, F|100/100
|turn|11
|inactive|solmetria has 60 seconds left.
|
|t:|1769383851
|move|p1a: Worm|Dragon Dance|p1a: Worm
|-boost|p1a: Worm|atk|1
|-boost|p1a: Worm|spe|1
|move|p2a: Landorus|Smack Down|p1a: Worm
|-supereffective|p1a: Worm
|-damage|p1a: Worm|58/100
|-start|p1a: Worm|Smack Down
|
|-heal|p2a: Landorus|95/100|[from] item: Leftovers
|upkeep
|turn|12
|inactive|solmetria has 60 seconds left.
|
|t:|1769383862
|move|p1a: Worm|Dragon Dance|p1a: Worm
|-boost|p1a: Worm|atk|1
|-boost|p1a: Worm|spe|1
|move|p2a: Landorus|Earthquake|p1a: Worm
|-damage|p1a: Worm|0 fnt
|faint|p1a: Worm
|
|-heal|p2a: Landorus|100/100|[from] item: Leftovers
|upkeep
|inactive|solmetria has 60 seconds left.
|
|t:|1769383870
|switch|p1a: Drake|Gliscor, F|100/100 tox
|turn|13
|inactive|solmetria has 60 seconds left.
|
|t:|1769383884
|move|p1a: Drake|Swords Dance|p1a: Drake
|-boost|p1a: Drake|atk|2
|move|p2a: Landorus|Smack Down|p1a: Drake
|-damage|p1a: Drake|68/100 tox
|-start|p1a: Drake|Smack Down
|
|-heal|p1a: Drake|81/100 tox|[from] ability: Poison Heal
|upkeep
|turn|14
|
|t:|1769383892
|move|p1a: Drake|Swords Dance|p1a: Drake
|-boost|p1a: Drake|atk|2
|move|p2a: Landorus|Earthquake|p1a: Drake
|-damage|p1a: Drake|0 fnt
|faint|p1a: Drake
|
|upkeep
|inactive|solmetria has 60 seconds left.
|c|☆solmetria|gg
|-message|solmetria forfeited.
|
|win|rainmessiah
|raw|solmetria's rating: 1127 &rarr; <strong>1105</strong><br />(-22 for losing)
|raw|rainmessiah's rating: 1173 &rarr; <strong>1195</strong><br />(+22 for winning)
|l|☆solmetria
|player|p1|
