|j|☆saibayman
|j|☆Phillip Blevin
|t:|1769407225
|gametype|singles
|player|p1|saibayman|266|1523
|player|p2|Phillip Blevin|265|1526
|gen|9
|tier|[Gen 9] OU
|rated|
|rule|HP Percentage Mod: HP is shown in percentages
|rule|Endless Battle Clause: Forcing endless battles is banned
|rule|Species Clause: Limit one of each Pokémon
|rule|OHKO Clause: OHKO moves are banned
|rule|Evasion Items Clause: Evasion items are banned
|rule|Evasion Moves Clause: Evasion moves are banned
|rule|Evasion Abilities Clause: Evasion abilities are banned
|rule|Sleep Moves Clause: Sleep-inducing moves are banned
|clearpoke
|poke|p1|Tyranitar, M|
|poke|p1|Great Tusk|
|poke|p1|Slowking-Galar, F|
|poke|p1|Gholdengo|
|poke|p1|Meowscarada, M|
|poke|p1|Moltres|
|poke|p2|Iron Hands|
|poke|p2|Mandibuzz, F|
|poke|p2|Garganacl, F|
|poke|p2|Rillaboom, M|
|poke|p2|Alomomola, M|
|poke|p2|Tornadus-Therian, M|
|teampreview
|inactive|Battle timer is ON: inactive players will automatically lose when time's up. (requested by Phillip Blevin)
|inactive|saibayman also wants the timer to be on.
|
|t:|1769407231
|teamsize|p1|6
|teamsize|p2|6
|start
|switch|p1a: Slowking|Slowking-Galar, F|100/100
|switch|p2a: Rillaboom|Rillaboom, M|100/100
|-fieldstart|move: Grassy Terrain|[from] ability: Grassy Surge|[of] p2a: Rillaboom
|turn|1
|
|t:|1769407238
|switch|p1a: Moltres|Moltres|100/100
|move|p2a: Rillaboom|Knock Off|p1a: Moltres
|-damage|p1a: Moltres|66/100
|-enditem|p1a: Moltres|Heavy-Duty Boots|[from] move: Knock Off|[of] p2a: Rillaboom
|
|upkeep
|turn|2
|
|t:|1769407245
|switch|p2a: Garganacl|Garganacl, F|100/100
|move|p1a: Moltres|Roost|p1a: Moltres
|-heal|p1a: Moltres|100/100
|-singleturn|p1a: Moltres|move: Roost
|
|upkeep
|turn|3
|
|t:|1769407253
|switch|p1a: Slowking|Slowking-Galar, F|100/100
|move|p2a: Garganacl|Salt Cure|p1a: Slowking
|-damage|p1a: Slowking|85/100
|-start|p1a: Slowking|Salt Cure
|
|-heal|p1a: Slowking|91/100|[from] Grassy Terrain
|-damage|p1a: Slowking|79/100|[from] Salt Cure
|upkeep
|turn|4
|
|t:|1769407264
|-terastallize|p1a: Slowking|Grass
|move|p2a: Garganacl|Iron Defense|p2a: Garganacl
|-boost|p2a: Garganacl|def|2
|move|p1a: Slowking|Grass Knot|p2a: Garganacl
|-supereffective|p2a: Garganacl
|-damage|p2a: Garganacl|0 fnt
|faint|p2a: Garganacl
|
|-heal|p1a: Slowking|85/100|[from] Grassy Terrain
|-damage|p1a: Slowking|72/100|[from] Salt Cure
|upkeep
|
|t:|1769407268
|switch|p2a: Tornadus|Tornadus-Therian, M|100/100
|turn|5
|
|t:|1769407279
|move|p2a: Tornadus|Bleakwind Storm|p1a: Slowking
|-supereffective|p1a: Slowking
|-damage|p1a: Slowking|34/100
|move|p1a: Slowking|Ice Beam|p2a: Tornadus
|-supereffective|p2a: Tornadus
|-damage|p2a: Tornadus|39/100
|
|-heal|p1a: Slowking|40/100|[from] Grassy Terrain
|-damage|p1a: Slowking|27/100|[from] Salt Cure
|upkeep
|turn|6
|
|t:|1769407290
|switch|p1a: Tyranitar|Tyranitar, M|100/100
|-weather|Sandstorm|[from] ability: Sand Stream|[of] p1a: Tyranitar
|move|p2a: Tornadus|U-turn|p1a: Tyranitar
|-supereffective|p1a: Tyranitar
|-damage|p1a: Tyranitar|84/100
|-damage|p2a: Tornadus|23/100|[from] item: Rocky Helmet|[of] p1a: Tyranitar
|
|t:|1769407297
|switch|p2a: Rillaboom|Rillaboom, M|100/100|[from] U-turn
|
|-weather|Sandstorm|[upkeep]
|-damage|p2a: Rillaboom|94/100|[from] Sandstorm
|-heal|p2a: Rillaboom|100/100|[from] Grassy Terrain
|-heal|p1a: Tyranitar|90/100|[from] Grassy Terrain
|upkeep
|turn|7
|
|t:|1769407305
|switch|p1a: Moltres|Moltres|100/100
|move|p2a: Rillaboom|U-turn|p1a: Moltres
|-resisted|p1a: Moltres
|-damage|p1a: Moltres|94/100
|
|t:|1769407308
|switch|p2a: Iron Hands|Iron Hands|100/100|[from] U-turn
|
|-weather|Sandstorm|[upkeep]
|-damage|p1a: Moltres|88/100|[from] Sandstorm
|-damage|p2a: Iron Hands|94/100|[from] Sandstorm
|-heal|p2a: Iron Hands|100/100|[from] Grassy Terrain
|upkeep
|turn|8
|
|t:|1769407318
|switch|p1a: Great Tusk|Great Tusk|100/100
|move|p2a: Iron Hands|Ice Punch|p1a: Great Tusk
|-supereffective|p1a: Great Tusk
|-damage|p1a: Great Tusk|73/100
|
|-weather|Sandstorm|[upkeep]
|-damage|p2a: Iron Hands|94/100|[from] Sandstorm
|-heal|p1a: Great Tusk|79/100|[from] Grassy Terrain
|-heal|p1a: Great Tusk|86/100|[from] item: Leftovers
|-heal|p2a: Iron Hands|100/100|[from] Grassy Terrain
|-fieldend|move: Grassy Terrain
|upkeep
|turn|9
|
|t:|1769407340
|-end|p2a: Iron Hands|Quark Drive|[silent]
|switch|p2a: Mandibuzz|Mandibuzz, F|100/100
|move|p1a: Great Tusk|Body Press|p2a: Mandibuzz
|-damage|p2a: Mandibuzz|72/100
|
|-weather|Sandstorm|[upkeep]
|-heal|p1a: Great Tusk|92/100|[from] item: Leftovers
|upkeep
|turn|10
|
|t:|1769407352
|move|p1a: Great Tusk|Bulk Up|p1a: Great Tusk
|-boost|p1a: Great Tusk|atk|1
|-boost|p1a: Great Tusk|def|1
|move|p2a: Mandibuzz|U-turn|p1a: Great Tusk
|-resisted|p1a: Great Tusk
|-damage|p1a: Great Tusk|90/100
|
|t:|1769407354
|switch|p2a: Tornadus|Tornadus-Therian, M|56/100|[from] U-turn
|
|-weather|none
|-heal|p1a: Great Tusk|97/100|[from] item: Leftovers
|upkeep
|turn|11
|
|t:|1769407365
|-end|p1a: Great Tusk|Protosynthesis|[silent]
|switch|p1a: Tyranitar|Tyranitar, M|90/100
|-weather|Sandstorm|[from] ability: Sand Stream|[of] p1a: Tyranitar
|move|p2a: Tornadus|Bleakwind Storm|p1a: Tyranitar
|-resisted|p1a: Tyranitar
|-damage|p1a: Tyranitar|80/100
|
|-weather|Sandstorm|[upkeep]
|-damage|p2a: Tornadus|50/100|[from] Sandstorm
|upkeep
|turn|12
|
|t:|1769407376
|move|p2a: Tornadus|U-turn|p1a: Tyranitar
|-supereffective|p1a: Tyranitar
|-crit|p1a: Tyranitar
|-damage|p1a: Tyranitar|53/100
|-damage|p2a: Tornadus|33/100|[from] item: Rocky Helmet|[of] p1a: Tyranitar
|
|t:|1769407378
|switch|p2a: Iron Hands|Iron Hands|100/100|[from] U-turn
|move|p1a: Tyranitar|Stealth Rock|p2a: Iron Hands
|-sidestart|p2: Phillip Blevin|move: Stealth Rock
|
|-weather|Sandstorm|[upkeep]
|-damage|p2a: Iron Hands|94/100|[from] Sandstorm
|upkeep
|turn|13
|
|t:|1769407393
|switch|p1a: Great Tusk|Great Tusk|97/100
|move|p2a: Iron Hands|Ice Punch|p1a: Great Tusk
|-supereffective|p1a: Great Tusk
|-damage|p1a: Great Tusk|67/100
|
|-weather|Sandstorm|[upkeep]
|-damage|p2a: Iron Hands|88/100|[from] Sandstorm
|-heal|p1a: Great Tusk|73/100|[from] item: Leftovers
|upkeep
|turn|14
|
|t:|1769407402
|-end|p2a: Iron Hands|Quark Drive|[silent]
|switch|p2a: Tornadus|Tornadus-Therian, M|66/100
|move|p1a: Great Tusk|Bulk Up|p1a: Great Tusk
|-boost|p1a: Great Tusk|atk|1
|-boost|p1a: Great Tusk|def|1
|
|-weather|Sandstorm|[upkeep]
|-damage|p2a: Tornadus|60/100|[from] Sandstorm
|-heal|p1a: Great Tusk|79/100|[from] item: Leftovers
|upkeep
|turn|15
|
|t:|1769407415
|move|p2a: Tornadus|U-turn|p1a: Great Tusk
|-resisted|p1a: Great Tusk
|-damage|p1a: Great Tusk|77/100
|
|t:|1769407418
|switch|p2a: Mandibuzz|Mandibuzz, F|72/100|[from] U-turn
|move|p1a: Great Tusk|Body Press|p2a: Mandibuzz
|-damage|p2a: Mandibuzz|30/100
|
|-weather|none
|-heal|p1a: Great Tusk|83/100|[from] item: Leftovers
|upkeep
|turn|16
|
|t:|1769407427
|switch|p2a: Tornadus|Tornadus-Therian, M|93/100
|move|p1a: Great Tusk|Body Press|p2a: Tornadus
|-resisted|p2a: Tornadus
|-damage|p2a: Tornadus|51/100
|
|-heal|p1a: Great Tusk|90/100|[from] item: Leftovers
|upkeep
|turn|17
|
|t:|1769407439
|-end|p1a: Great Tusk|Protosynthesis|[silent]
|switch|p1a: Tyranitar|Tyranitar, M|53/100
|-weather|Sandstorm|[from] ability: Sand Stream|[of] p1a: Tyranitar
|move|p2a: Tornadus|Bleakwind Storm|p1a: Tyranitar
|-resisted|p1a: Tyranitar
|-damage|p1a: Tyranitar|42/100
|
|-weather|Sandstorm|[upkeep]
|-damage|p2a: Tornadus|45/100|[from] Sandstorm
|upkeep
|turn|18
|inactive|Phillip Blevin has 120 seconds left.
|
|t:|1769407474
|move|p2a: Tornadus|U-turn|p1a: Tyranitar
|-supereffective|p1a: Tyranitar
|-damage|p1a: Tyranitar|24/100
|-damage|p2a: Tornadus|28/100|[from] item: Rocky Helmet|[of] p1a: Tyranitar
|
|t:|1769407477
|switch|p2a: Alomomola|Alomomola, M|100/100|[from] U-turn
|move|p1a: Tyranitar|Knock Off|p2a: Alomomola
|-damage|p2a: Alomomola|78/100
|-enditem|p2a: Alomomola|Heavy-Duty Boots|[from] move: Knock Off|[of] p1a: Tyranitar
|
|-weather|Sandstorm|[upkeep]
|-damage|p2a: Alomomola|72/100|[from] Sandstorm
|upkeep
|turn|19
|
|t:|1769407488
|switch|p1a: Moltres|Moltres|88/100
|move|p2a: Alomomola|Wish|p2a: Alomomola
|
|-weather|Sandstorm|[upkeep]
|-damage|p1a: Moltres|82/100|[from] Sandstorm
|-damage|p2a: Alomomola|66/100|[from] Sandstorm
|upkeep
|turn|20
|
|t:|1769407496
|move|p1a: Moltres|Will-O-Wisp|p2a: Alomomola
|-status|p2a: Alomomola|brn
|move|p2a: Alomomola|Flip Turn|p1a: Moltres
|-supereffective|p1a: Moltres
|-damage|p1a: Moltres|67/100
|
|t:|1769407498
|switch|p2a: Mandibuzz|Mandibuzz, F|30/100|[from] Flip Turn
|
|-weather|Sandstorm|[upkeep]
|-damage|p1a: Moltres|61/100|[from] Sandstorm
|-heal|p2a: Mandibuzz|93/100|[from] move: Wish|[wisher] Alomomola
|upkeep
|turn|21
|
|t:|1769407509
|move|p1a: Moltres|Will-O-Wisp|p2a: Mandibuzz
|-status|p2a: Mandibuzz|brn
|move|p2a: Mandibuzz|U-turn|p1a: Moltres
|-resisted|p1a: Moltres
|-damage|p1a: Moltres|60/100
|
|t:|1769407516
|switch|p2a: Tornadus|Tornadus-Therian, M|61/100|[from] U-turn
|
|-weather|none
|upkeep
|turn|22
|
|t:|1769407522
|move|p2a: Tornadus|Bleakwind Storm|p1a: Moltres|[miss]
|-miss|p2a: Tornadus|p1a: Moltres
|move|p1a: Moltres|Roost|p1a: Moltres
|-heal|p1a: Moltres|100/100
|-singleturn|p1a: Moltres|move: Roost
|
|upkeep
|turn|23
|
|t:|1769407530
|move|p2a: Tornadus|Bleakwind Storm|p1a: Moltres
|-damage|p1a: Moltres|72/100
|move|p1a: Moltres|Will-O-Wisp|p2a: Tornadus
|-status|p2a: Tornadus|brn
|
|-damage|p2a: Tornadus|55/100 brn|[from] brn
|upkeep
|turn|24
|
|t:|1769407548
|move|p2a: Tornadus|Bleakwind Storm|p1a: Moltres|[miss]
|-miss|p2a: Tornadus|p1a: Moltres
|move|p1a: Moltres|Overheat|p2a: Tornadus
|-damage|p2a: Tornadus|0 fnt
|-unboost|p1a: Moltres|spa|2
|faint|p2a: Tornadus
|
|upkeep
|-message|Phillip Blevin forfeited.
|
|win|saibayman
|raw|saibayman's rating: 1523 &rarr; <strong>1543</strong><br />(+20 for winning)
|raw|Phillip Blevin's rating: 1526 &rarr; <strong>1506</strong><br />(-20 for losing)
|l|☆Phillip Blevin
|player|p2|
|l|☆saibayman
|player|p1|
