|j|☆niloswan
|j|☆auefw823
|t:|1769378741
|gametype|singles
|player|p1|niloswan|zinzolin|1494
|player|p2|auefw823|ghetsis|1608
|gen|9
|tier|[Gen 9] OU
|rated|
|rule|HP Percentage Mod: HP is shown in percentages
|rule|Endless Battle Clause: Forcing endless battles is banned
|rule|Species Clause: Limit one of each Pokémon
|rule|OHKO Clause: OHKO moves are banned
|rule|Evasion Items Clause: Evasion items are banned
|rule|Evasion Moves Clause: Evasion moves are banned
|rule|Evasion Abilities Clause: Evasion abilities are banned
|rule|Sleep Moves Clause: Sleep-inducing moves are banned
|clearpoke
|poke|p1|Zamazenta-*|
|poke|p1|Hydrapple, M|
|poke|p1|Glimmora, M|
|poke|p1|Scizor, M|
|poke|p1|Ogerpon-Wellspring, F|
|poke|p1|Gholdengo|
|poke|p2|Gholdengo|
|poke|p2|Pecharunt|
|poke|p2|Zamazenta-*|
|poke|p2|Iron Treads|
|poke|p2|Dragonite, M|
|poke|p2|Samurott-Hisui, F|
|teampreview
|inactive|Battle timer is ON: inactive players will automatically lose when time's up. (requested by niloswan)
|
|t:|1769378756
|teamsize|p1|6
|teamsize|p2|6
|start
|switch|p1a: Scizor|Scizor, M|100/100
|switch|p2a: Jimmie Foxx|Iron Treads|100/100
|turn|1
|
|t:|1769378764
|move|p2a: Jimmie Foxx|Stealth Rock|p1a: Scizor
|-sidestart|p1: niloswan|move: Stealth Rock
|move|p1a: Scizor|Knock Off|p2a: Jimmie Foxx
|-damage|p2a: Jimmie Foxx|59/100
|-enditem|p2a: Jimmie Foxx|Leftovers|[from] move: Knock Off|[of] p1a: Scizor
|
|upkeep
|turn|2
|
|t:|1769378772
|switch|p1a: Zamazenta|Zamazenta|100/100
|-damage|p1a: Zamazenta|94/100|[from] Stealth Rock
|-ability|p1a: Zamazenta|Dauntless Shield|boost
|-boost|p1a: Zamazenta|def|1
|move|p2a: Jimmie Foxx|Knock Off|p1a: Zamazenta
|-resisted|p1a: Zamazenta
|-damage|p1a: Zamazenta|88/100
|-enditem|p1a: Zamazenta|Chesto Berry|[from] move: Knock Off|[of] p2a: Jimmie Foxx
|
|upkeep
|turn|3
|
|t:|1769378793
|switch|p1a: Glimmora|Glimmora, M|100/100
|-damage|p1a: Glimmora|88/100|[from] Stealth Rock
|-end|p2a: Jimmie Foxx|Quark Drive|[silent]
|switch|p2a: Doc Ellis|Pecharunt|100/100
|-item|p2a: Doc Ellis|Air Balloon
|
|upkeep
|turn|4
|
|t:|1769378802
|move|p2a: Doc Ellis|Parting Shot|p1a: Glimmora
|-unboost|p1a: Glimmora|atk|1
|-unboost|p1a: Glimmora|spa|1
|
|t:|1769378804
|switch|p2a: Jimmie Foxx|Iron Treads|59/100|[from] Parting Shot
|move|p1a: Glimmora|Meteor Beam||[still]
|-prepare|p1a: Glimmora|Meteor Beam
|-boost|p1a: Glimmora|spa|1
|-enditem|p1a: Glimmora|Power Herb
|-anim|p1a: Glimmora|Meteor Beam|p2a: Jimmie Foxx
|-resisted|p2a: Jimmie Foxx
|-damage|p2a: Jimmie Foxx|43/100
|
|upkeep
|turn|5
|
|t:|1769378827
|switch|p1a: Ogerpon|Ogerpon-Wellspring, F|100/100
|-damage|p1a: Ogerpon|88/100|[from] Stealth Rock
|move|p2a: Jimmie Foxx|Earthquake|p1a: Ogerpon
|-resisted|p1a: Ogerpon
|-damage|p1a: Ogerpon|63/100
|
|upkeep
|turn|6
|
|t:|1769378836
|-end|p2a: Jimmie Foxx|Quark Drive|[silent]
|switch|p2a: Doc Ellis|Pecharunt|100/100
|-item|p2a: Doc Ellis|Air Balloon
|move|p1a: Ogerpon|Ivy Cudgel|p2a: Doc Ellis|[anim] Ivy Cudgel Water
|-damage|p2a: Doc Ellis|68/100
|-enditem|p2a: Doc Ellis|Air Balloon
|
|upkeep
|turn|7
|
|t:|1769378849
|switch|p1a: Scizor|Scizor, M|100/100
|-damage|p1a: Scizor|88/100|[from] Stealth Rock
|move|p2a: Doc Ellis|Recover|p2a: Doc Ellis
|-heal|p2a: Doc Ellis|100/100
|
|upkeep
|turn|8
|
|t:|1769378856
|move|p2a: Doc Ellis|Shadow Ball|p1a: Scizor
|-damage|p1a: Scizor|59/100
|move|p1a: Scizor|Knock Off|p2a: Doc Ellis
|-supereffective|p2a: Doc Ellis
|-damage|p2a: Doc Ellis|55/100
|
|upkeep
|turn|9
|
|t:|1769378866
|switch|p1a: Glimmora|Glimmora, M|88/100
|-damage|p1a: Glimmora|76/100|[from] Stealth Rock
|move|p2a: Doc Ellis|Recover|p2a: Doc Ellis
|-heal|p2a: Doc Ellis|100/100
|
|upkeep
|turn|10
|
|t:|1769378874
|move|p2a: Doc Ellis|Shadow Ball|p1a: Glimmora
|-damage|p1a: Glimmora|37/100
|move|p1a: Glimmora|Stealth Rock|p2a: Doc Ellis
|-sidestart|p2: auefw823|move: Stealth Rock
|
|upkeep
|turn|11
|
|t:|1769378893
|switch|p1a: Hydrapple|Hydrapple, M|100/100
|-damage|p1a: Hydrapple|88/100|[from] Stealth Rock
|move|p2a: Doc Ellis|Shadow Ball|p1a: Hydrapple
|-damage|p1a: Hydrapple|63/100
|
|upkeep
|turn|12
|
|t:|1769378906
|switch|p1a: Scizor|Scizor, M|59/100
|-damage|p1a: Scizor|46/100|[from] Stealth Rock
|move|p2a: Doc Ellis|Malignant Chain|p1a: Scizor
|-immune|p1a: Scizor
|
|upkeep
|turn|13
|
|t:|1769378915
|move|p2a: Doc Ellis|Shadow Ball|p1a: Scizor
|-damage|p1a: Scizor|15/100
|move|p1a: Scizor|U-turn|p2a: Doc Ellis
|-resisted|p2a: Doc Ellis
|-damage|p2a: Doc Ellis|92/100
|
|t:|1769378928
|switch|p1a: Gholdengo|Gholdengo|100/100|[from] U-turn
|-damage|p1a: Gholdengo|94/100|[from] Stealth Rock
|
|upkeep
|turn|14
|
|t:|1769378934
|switch|p2a: Ty Cobb|Samurott-Hisui, F|100/100
|-damage|p2a: Ty Cobb|88/100|[from] Stealth Rock
|move|p1a: Gholdengo|Shadow Ball|p2a: Ty Cobb
|-resisted|p2a: Ty Cobb
|-damage|p2a: Ty Cobb|72/100
|
|upkeep
|turn|15
|
|t:|1769378945
|switch|p1a: Hydrapple|Hydrapple, M|97/100
|-damage|p1a: Hydrapple|84/100|[from] Stealth Rock
|move|p2a: Ty Cobb|Ceaseless Edge|p1a: Hydrapple
|-damage|p1a: Hydrapple|53/100
|-sidestart|p1: niloswan|Spikes
|
|upkeep
|turn|16
|
|t:|1769378958
|move|p2a: Ty Cobb|Ceaseless Edge|p1a: Hydrapple
|-damage|p1a: Hydrapple|22/100
|-sidestart|p1: niloswan|Spikes
|move|p1a: Hydrapple|Giga Drain|p2a: Ty Cobb
|-supereffective|p2a: Ty Cobb
|-damage|p2a: Ty Cobb|0 fnt
|-heal|p1a: Hydrapple|54/100|[from] drain|[of] p2a: Ty Cobb
|faint|p2a: Ty Cobb
|-damage|p1a: Hydrapple|44/100|[from] item: Life Orb
|
|upkeep
|
|t:|1769378965
|switch|p2a: Doc Ellis|Pecharunt|92/100
|-damage|p2a: Doc Ellis|80/100|[from] Stealth Rock
|turn|17
|
|t:|1769378974
|switch|p1a: Scizor|Scizor, M|15/100
|-damage|p1a: Scizor|3/100|[from] Stealth Rock
|-damage|p1a: Scizor|0 fnt|[from] Spikes
|faint|p1a: Scizor
|move|p2a: Doc Ellis|Malignant Chain|p1: Scizor|[notarget]
|-fail|p2a: Doc Ellis
|
|upkeep
|
|t:|1769378988
|switch|p1a: Gholdengo|Gholdengo|94/100
|-damage|p1a: Gholdengo|88/100|[from] Stealth Rock
|-damage|p1a: Gholdengo|72/100|[from] Spikes
|turn|18
|
|t:|1769379000
|move|p1a: Gholdengo|Shadow Ball|p2a: Doc Ellis
|-supereffective|p2a: Doc Ellis
|-damage|p2a: Doc Ellis|0 fnt
|faint|p2a: Doc Ellis
|
|upkeep
|
|t:|1769379004
|switch|p2a: Jimmie Foxx|Iron Treads|43/100
|-damage|p2a: Jimmie Foxx|40/100|[from] Stealth Rock
|turn|19
|
|t:|1769379010
|move|p1a: Gholdengo|Shadow Ball|p2a: Jimmie Foxx
|-damage|p2a: Jimmie Foxx|0 fnt
|faint|p2a: Jimmie Foxx
|-end|p2a: Jimmie Foxx|Quark Drive|[silent]
|
|upkeep
|
|t:|1769379016
|switch|p2a: Pitching Coach|Dragonite, M|100/100
|turn|20
|
|t:|1769379029
|switch|p1a: Ogerpon|Ogerpon-Wellspring, F|63/100
|-damage|p1a: Ogerpon|50/100|[from] Stealth Rock
|-damage|p1a: Ogerpon|34/100|[from] Spikes
|move|p2a: Pitching Coach|Earthquake|p1a: Ogerpon
|-resisted|p1a: Ogerpon
|-crit|p1a: Ogerpon
|-damage|p1a: Ogerpon|0 fnt
|faint|p1a: Ogerpon
|
|upkeep
|
|t:|1769379045
|switch|p1a: Zamazenta|Zamazenta|88/100
|-damage|p1a: Zamazenta|82/100|[from] Stealth Rock
|-damage|p1a: Zamazenta|66/100|[from] Spikes
|turn|21
|
|t:|1769379051
|move|p1a: Zamazenta|Iron Defense|p1a: Zamazenta
|-boost|p1a: Zamazenta|def|2
|move|p2a: Pitching Coach|Dragon Tail|p1a: Zamazenta
|-damage|p1a: Zamazenta|52/100
|drag|p1a: Gholdengo|Gholdengo|72/100
|-damage|p1a: Gholdengo|66/100|[from] Stealth Rock
|-damage|p1a: Gholdengo|49/100|[from] Spikes
|
|upkeep
|turn|22
|
|t:|1769379060
|move|p1a: Gholdengo|Trick|p2a: Pitching Coach
|-activate|p1a: Gholdengo|move: Trick|[of] p2a: Pitching Coach
|-item|p2a: Pitching Coach|Choice Scarf|[from] move: Trick
|-item|p1a: Gholdengo|Heavy-Duty Boots|[from] move: Trick
|move|p2a: Pitching Coach|Earthquake|p1a: Gholdengo
|-supereffective|p1a: Gholdengo
|-damage|p1a: Gholdengo|0 fnt
|faint|p1a: Gholdengo
|
|upkeep
|
|t:|1769379067
|switch|p1a: Hydrapple|Hydrapple, M|78/100
|-damage|p1a: Hydrapple|65/100|[from] Stealth Rock
|-damage|p1a: Hydrapple|49/100|[from] Spikes
|turn|23
|inactive|niloswan has 120 seconds left.
|
|t:|1769379113
|switch|p2a: Paul Goldschmidt|Gholdengo|100/100
|-damage|p2a: Paul Goldschmidt|94/100|[from] Stealth Rock
|move|p1a: Hydrapple|Earth Power|p2a: Paul Goldschmidt
|-supereffective|p2a: Paul Goldschmidt
|-damage|p2a: Paul Goldschmidt|2/100
|-damage|p1a: Hydrapple|39/100|[from] item: Life Orb
|
|upkeep
|turn|24
|
|t:|1769379135
|switch|p1a: Glimmora|Glimmora, M|37/100
|-damage|p1a: Glimmora|24/100|[from] Stealth Rock
|-damage|p1a: Glimmora|8/100|[from] Spikes
|move|p2a: Paul Goldschmidt|Make It Rain|p1a: Glimmora
|-supereffective|p1a: Glimmora
|-damage|p1a: Glimmora|0 fnt
|-unboost|p2a: Paul Goldschmidt|spa|1
|faint|p1a: Glimmora
|
|upkeep
|inactive|niloswan has 90 seconds left.
|
|t:|1769379160
|switch|p1a: Zamazenta|Zamazenta|52/100
|-damage|p1a: Zamazenta|46/100|[from] Stealth Rock
|-damage|p1a: Zamazenta|30/100|[from] Spikes
|turn|25
|
|t:|1769379165
|move|p1a: Zamazenta|Crunch|p2a: Paul Goldschmidt
|-supereffective|p2a: Paul Goldschmidt
|-damage|p2a: Paul Goldschmidt|0 fnt
|faint|p2a: Paul Goldschmidt
|
|upkeep
|
|t:|1769379167
|switch|p2a: Barry Bonds|Zamazenta|100/100
|-damage|p2a: Barry Bonds|94/100|[from] Stealth Rock
|-ability|p2a: Barry Bonds|Dauntless Shield|boost
|-boost|p2a: Barry Bonds|def|1
|turn|26
|
|t:|1769379175
|move|p2a: Barry Bonds|Iron Defense|p2a: Barry Bonds
|-boost|p2a: Barry Bonds|def|2
|move|p1a: Zamazenta|Iron Defense|p1a: Zamazenta
|-boost|p1a: Zamazenta|def|2
|
|-heal|p2a: Barry Bonds|100/100|[from] item: Leftovers
|upkeep
|turn|27
|
|t:|1769379185
|move|p2a: Barry Bonds|Body Press|p1a: Zamazenta
|-crit|p1a: Zamazenta
|-damage|p1a: Zamazenta|0 fnt
|faint|p1a: Zamazenta
|
|upkeep
|c|☆niloswan|gg
|-message|niloswan forfeited.
|
|win|auefw823
|raw|niloswan's rating: 1494 &rarr; <strong>1480</strong><br />(-14 for losing)
|raw|auefw823's rating: 1608 &rarr; <strong>1622</strong><br />(+14 for winning)
|l|☆niloswan
|player|p1|
