|j|☆swl_kitkat
|j|☆N0AH__123__
|t:|1769341587
|gametype|singles
|player|p1|swl_kitkat|pokemonbreederf-gen4|1447
|player|p2|N0AH__123__|boarder|1427
|gen|9
|tier|[Gen 9] OU
|rated|
|rule|HP Percentage Mod: HP is shown in percentages
|rule|Endless Battle Clause: Forcing endless battles is banned
|rule|Species Clause: Limit one of each Pokémon
|rule|OHKO Clause: OHKO moves are banned
|rule|Evasion Items Clause: Evasion items are banned
|rule|Evasion Moves Clause: Evasion moves are banned
|rule|Evasion Abilities Clause: Evasion abilities are banned
|rule|Sleep Moves Clause: Sleep-inducing moves are banned
|clearpoke
|poke|p1|Polteageist|
|poke|p1|Great Tusk|
|poke|p1|Zapdos|
|poke|p1|Cinderace, M|
|poke|p1|Iron Valiant|
|poke|p1|Tyranitar, M|
|poke|p2|Iron Moth|
|poke|p2|Gholdengo|
|poke|p2|Gliscor, M|
|poke|p2|Dragapult, F|
|poke|p2|Kingambit, F|
|poke|p2|Dragonite, F|
|teampreview
|
|t:|1769341657
|teamsize|p1|6
|teamsize|p2|6
|start
|switch|p1a: Polteabag|Polteageist|100/100
|switch|p2a: Gliscor|Gliscor, M|100/100
|turn|1
|
|t:|1769341677
|-terastallize|p1a: Polteabag|Fighting
|move|p1a: Polteabag|Shell Smash|p1a: Polteabag
|-unboost|p1a: Polteabag|def|1
|-unboost|p1a: Polteabag|spd|1
|-boost|p1a: Polteabag|atk|2
|-boost|p1a: Polteabag|spa|2
|-boost|p1a: Polteabag|spe|2
|-enditem|p1a: Polteabag|White Herb
|-clearnegativeboost|p1a: Polteabag|[silent]
|move|p2a: Gliscor|Stealth Rock|p1a: Polteabag
|-sidestart|p1: swl_kitkat|move: Stealth Rock
|
|-status|p2a: Gliscor|tox|[from] item: Toxic Orb
|upkeep
|turn|2
|
|t:|1769341688
|move|p1a: Polteabag|Stored Power|p2a: Gliscor
|-damage|p2a: Gliscor|0 fnt
|faint|p2a: Gliscor
|
|upkeep
|
|t:|1769341691
|switch|p2a: Dragonite|Dragonite, F|100/100
|turn|3
|
|t:|1769341695
|move|p1a: Polteabag|Stored Power|p2a: Dragonite
|-damage|p2a: Dragonite|48/100
|move|p2a: Dragonite|Dragon Tail|p1a: Polteabag
|-damage|p1a: Polteabag|33/100
|-ability|p1a: Polteabag|Weak Armor|boost
|-unboost|p1a: Polteabag|def|1
|-boost|p1a: Polteabag|spe|2
|drag|p1a: Tusk|Great Tusk|100/100
|-damage|p1a: Tusk|98/100|[from] Stealth Rock
|
|-heal|p1a: Tusk|100/100|[from] item: Leftovers
|upkeep
|turn|4
|
|t:|1769341704
|switch|p2a: Dragapult|Dragapult, F|100/100
|move|p1a: Tusk|Ice Spinner|p2a: Dragapult
|-supereffective|p2a: Dragapult
|-damage|p2a: Dragapult|28/100
|
|upkeep
|turn|5
|
|t:|1769341708
|move|p2a: Dragapult|Will-O-Wisp|p1a: Tusk
|-status|p1a: Tusk|brn
|move|p1a: Tusk|Ice Spinner|p2a: Dragapult
|-supereffective|p2a: Dragapult
|-damage|p2a: Dragapult|0 fnt
|faint|p2a: Dragapult
|
|-damage|p1a: Tusk|94/100 brn|[from] brn
|upkeep
|
|t:|1769341714
|switch|p2a: Iron Moth|Iron Moth|100/100
|turn|6
|
|t:|1769341718
|-terastallize|p2a: Iron Moth|Grass
|move|p2a: Iron Moth|Energy Ball|p1a: Tusk
|-supereffective|p1a: Tusk
|-damage|p1a: Tusk|0 fnt
|faint|p1a: Tusk
|-end|p1a: Tusk|Protosynthesis|[silent]
|
|upkeep
|
|t:|1769341722
|switch|p1a: Cinderace|Cinderace, M|100/100
|turn|7
|
|t:|1769341728
|move|p1a: Cinderace|Pyro Ball|p2a: Iron Moth
|-supereffective|p2a: Iron Moth
|-damage|p2a: Iron Moth|0 fnt
|faint|p2a: Iron Moth
|-end|p2a: Iron Moth|Quark Drive|[silent]
|
|upkeep
|
|t:|1769341731
|switch|p2a: Dragonite|Dragonite, F|48/100
|turn|8
|
|t:|1769341735
|move|p1a: Cinderace|Court Change|p1a: Cinderace
|-start|p1a: Cinderace|typechange|Normal|[from] ability: Libero
|-swapsideconditions
|-activate|p1a: Cinderace|move: Court Change
|move|p2a: Dragonite|Dragon Tail|p1a: Cinderace
|-damage|p1a: Cinderace|51/100
|drag|p1a: Zapdos|Zapdos|100/100
|
|upkeep
|turn|9
|
|t:|1769341744
|move|p1a: Zapdos|Thunderbolt|p2a: Dragonite
|-damage|p2a: Dragonite|3/100
|move|p2a: Dragonite|Roost|p2a: Dragonite
|-heal|p2a: Dragonite|53/100
|-singleturn|p2a: Dragonite|move: Roost
|
|upkeep
|turn|10
|
|t:|1769341748
|move|p1a: Zapdos|Thunderbolt|p2a: Dragonite
|-damage|p2a: Dragonite|8/100
|move|p2a: Dragonite|Roost|p2a: Dragonite
|-heal|p2a: Dragonite|58/100
|-singleturn|p2a: Dragonite|move: Roost
|
|upkeep
|turn|11
|
|t:|1769341752
|move|p1a: Zapdos|Thunderbolt|p2a: Dragonite
|-damage|p2a: Dragonite|14/100
|move|p2a: Dragonite|Dragon Tail|p1a: Zapdos
|-damage|p1a: Zapdos|64/100
|-status|p2a: Dragonite|par|[from] ability: Static|[of] p1a: Zapdos
|drag|p1a: Tyranitar|Tyranitar, M|100/100
|-weather|Sandstorm|[from] ability: Sand Stream|[of] p1a: Tyranitar
|
|-weather|Sandstorm|[upkeep]
|-damage|p2a: Dragonite|8/100 par|[from] Sandstorm
|upkeep
|turn|12
|
|t:|1769341757
|move|p2a: Dragonite|Extreme Speed|p1a: Tyranitar
|-resisted|p1a: Tyranitar
|-damage|p1a: Tyranitar|86/100
|move|p1a: Tyranitar|Ice Punch|p2a: Dragonite
|-supereffective|p2a: Dragonite
|-damage|p2a: Dragonite|0 fnt
|faint|p2a: Dragonite
|
|-weather|Sandstorm|[upkeep]
|upkeep
|
|t:|1769341760
|switch|p2a: Gholdengo|Gholdengo|100/100
|turn|13
|
|t:|1769341763
|switch|p1a: Cinderace|Cinderace, M|51/100
|move|p2a: Gholdengo|Make It Rain|p1a: Cinderace
|-resisted|p1a: Cinderace
|-damage|p1a: Cinderace|16/100
|-unboost|p2a: Gholdengo|spa|1
|
|-weather|Sandstorm|[upkeep]
|-damage|p1a: Cinderace|10/100|[from] Sandstorm
|upkeep
|turn|14
|
|t:|1769341767
|move|p1a: Cinderace|Pyro Ball|p2a: Gholdengo
|-supereffective|p2a: Gholdengo
|-damage|p2a: Gholdengo|25/100
|-status|p2a: Gholdengo|brn
|move|p2a: Gholdengo|Shadow Ball|p1a: Cinderace
|-damage|p1a: Cinderace|0 fnt
|faint|p1a: Cinderace
|
|-weather|Sandstorm|[upkeep]
|-damage|p2a: Gholdengo|19/100 brn|[from] brn
|upkeep
|
|t:|1769341774
|switch|p1a: Polteabag|Polteageist, tera:Fighting|33/100
|turn|15
|
|t:|1769341778
|move|p1a: Polteabag|Shadow Ball|p2a: Gholdengo
|-supereffective|p2a: Gholdengo
|-damage|p2a: Gholdengo|0 fnt
|faint|p2a: Gholdengo
|
|-weather|none
|upkeep
|
|t:|1769341781
|switch|p2a: Kingambit|Kingambit, F|100/100
|-damage|p2a: Kingambit|94/100|[from] Stealth Rock
|-activate|p2a: Kingambit|ability: Supreme Overlord
|-start|p2a: Kingambit|fallen5|[silent]
|turn|16
|
|t:|1769341786
|move|p2a: Kingambit|Sucker Punch|p1a: Polteabag
|-resisted|p1a: Polteabag
|-damage|p1a: Polteabag|0 fnt
|faint|p1a: Polteabag
|
|upkeep
|
|t:|1769341791
|switch|p1a: Tyranitar|Tyranitar, M|86/100
|-weather|Sandstorm|[from] ability: Sand Stream|[of] p1a: Tyranitar
|turn|17
|
|t:|1769341795
|move|p1a: Tyranitar|Low Kick|p2a: Kingambit
|-supereffective|p2a: Kingambit
|-damage|p2a: Kingambit|0 fnt
|faint|p2a: Kingambit
|-end|p2a: Kingambit|fallen5|[silent]
|
|win|swl_kitkat
|raw|swl_kitkat's rating: 1447 &rarr; <strong>1466</strong><br />(+19 for winning)
|raw|N0AH__123__'s rating: 1427 &rarr; <strong>1408</strong><br />(-19 for losing)
|l|☆N0AH__123__
|player|p2|
|l|☆swl_kitkat
|player|p1|
