|j|☆Raul2004
|j|☆potatosforfree
|t:|1769435153
|gametype|singles
|player|p1|Raul2004|gentleman-gen4|1441
|player|p2|potatosforfree|lucas|1493
|gen|9
|tier|[Gen 9] OU
|rated|
|rule|HP Percentage Mod: HP is shown in percentages
|rule|Endless Battle Clause: Forcing endless battles is banned
|rule|Species Clause: Limit one of each Pokémon
|rule|OHKO Clause: OHKO moves are banned
|rule|Evasion Items Clause: Evasion items are banned
|rule|Evasion Moves Clause: Evasion moves are banned
|rule|Evasion Abilities Clause: Evasion abilities are banned
|rule|Sleep Moves Clause: Sleep-inducing moves are banned
|clearpoke
|poke|p1|Armarouge, M|
|poke|p1|Corviknight, F|
|poke|p1|Clodsire, F|
|poke|p1|Darkrai|
|poke|p1|Basculegion, M|
|poke|p1|Zamazenta-*|
|poke|p2|Corviknight, F|
|poke|p2|Zapdos|
|poke|p2|Meowscarada, F|
|poke|p2|Kingambit, F|
|poke|p2|Dragapult, F|
|poke|p2|Clefable, F|
|teampreview
|inactive|Battle timer is ON: inactive players will automatically lose when time's up. (requested by potatosforfree)
|inactive|Raul2004 has 120 seconds left.
|
|t:|1769435190
|teamsize|p1|6
|teamsize|p2|6
|start
|switch|p1a: Corviknight|Corviknight, F, shiny|100/100
|switch|p2a: Zapdos|Zapdos|100/100
|-ability|p1a: Corviknight|Pressure
|turn|1
|
|t:|1769435197
|switch|p1a: Clodsire|Clodsire, F|100/100
|move|p2a: Zapdos|Heat Wave|p1a: Clodsire
|-damage|p1a: Clodsire|88/100
|
|upkeep
|turn|2
|
|t:|1769435204
|switch|p2a: Clefable|Clefable, F|100/100
|move|p1a: Clodsire|Stealth Rock|p2a: Clefable
|-sidestart|p2: potatosforfree|move: Stealth Rock
|
|upkeep
|turn|3
|
|t:|1769435232
|switch|p1a: Armarouge|Armarouge, M, shiny|100/100
|move|p2a: Clefable|Stealth Rock|p1a: Armarouge
|-sidestart|p1: Raul2004|move: Stealth Rock
|
|upkeep
|turn|4
|
|t:|1769435262
|move|p1a: Armarouge|Armor Cannon|p2a: Clefable
|-damage|p2a: Clefable|29/100
|-unboost|p1a: Armarouge|def|1
|-unboost|p1a: Armarouge|spd|1
|move|p2a: Clefable|Thunder Wave|p1a: Armarouge
|-status|p1a: Armarouge|par
|
|-heal|p2a: Clefable|35/100|[from] item: Leftovers
|upkeep
|turn|5
|
|t:|1769435270
|move|p2a: Clefable|Moonlight|p2a: Clefable
|-heal|p2a: Clefable|85/100
|cant|p1a: Armarouge|par
|
|-heal|p2a: Clefable|91/100|[from] item: Leftovers
|upkeep
|turn|6
|inactive|potatosforfree has 120 seconds left.
|
|t:|1769435299
|switch|p1a: Corviknight|Corviknight, F, shiny|100/100
|-ability|p1a: Corviknight|Pressure
|move|p2a: Clefable|Moonblast|p1a: Corviknight
|-resisted|p1a: Corviknight
|-damage|p1a: Corviknight|86/100
|
|-heal|p2a: Clefable|97/100|[from] item: Leftovers
|upkeep
|turn|7
|
|t:|1769435302
|move|p1a: Corviknight|Defog|p2a: Clefable
|-unboost|p2a: Clefable|evasion|1
|-sideend|p2: potatosforfree|Stealth Rock|[from] move: Defog|[of] p1a: Corviknight
|-sideend|p1: Raul2004|Stealth Rock|[from] move: Defog|[of] p1a: Corviknight
|move|p2a: Clefable|Thunder Wave|p1a: Corviknight|[miss]
|-miss|p2a: Clefable|p1a: Corviknight
|
|-heal|p2a: Clefable|100/100|[from] item: Leftovers
|upkeep
|turn|8
|
|t:|1769435309
|switch|p1a: Clodsire|Clodsire, F|88/100
|move|p2a: Clefable|Stealth Rock|p1a: Clodsire
|-sidestart|p1: Raul2004|move: Stealth Rock
|
|upkeep
|turn|9
|
|t:|1769435322
|switch|p2a: Meowscarada|Meowscarada, F|100/100
|move|p1a: Clodsire|Stealth Rock|p2a: Meowscarada
|-sidestart|p2: potatosforfree|move: Stealth Rock
|
|upkeep
|turn|10
|
|t:|1769435330
|switch|p1a: Corviknight|Corviknight, F, shiny|86/100
|-ability|p1a: Corviknight|Pressure
|move|p2a: Meowscarada|Knock Off|p1a: Corviknight
|-start|p2a: Meowscarada|typechange|Dark|[from] ability: Protean
|-damage|p1a: Corviknight|47/100
|-enditem|p1a: Corviknight|Heavy-Duty Boots|[from] move: Knock Off|[of] p2a: Meowscarada
|
|upkeep
|turn|11
|
|t:|1769435356
|switch|p2a: Clefable|Clefable, F|100/100
|move|p1a: Corviknight|Roost|p1a: Corviknight
|-heal|p1a: Corviknight|97/100
|-singleturn|p1a: Corviknight|move: Roost
|
|upkeep
|turn|12
|
|t:|1769435361
|switch|p1a: Clodsire|Clodsire, F|88/100
|-damage|p1a: Clodsire|81/100|[from] Stealth Rock
|move|p2a: Clefable|Thunder Wave|p1a: Clodsire
|-immune|p1a: Clodsire
|
|upkeep
|turn|13
|
|t:|1769435366
|move|p2a: Clefable|Moonblast|p1a: Clodsire
|-resisted|p1a: Clodsire
|-damage|p1a: Clodsire|73/100
|move|p1a: Clodsire|Toxic|p2a: Clefable
|-status|p2a: Clefable|tox
|
|upkeep
|turn|14
|
|t:|1769435378
|move|p2a: Clefable|Moonblast|p1a: Clodsire
|-resisted|p1a: Clodsire
|-damage|p1a: Clodsire|65/100
|move|p1a: Clodsire|Earthquake|p2a: Clefable
|-damage|p2a: Clefable|71/100 tox
|
|-heal|p2a: Clefable|77/100 tox|[from] item: Leftovers
|upkeep
|turn|15
|
|t:|1769435383
|switch|p2a: Corviknight|Corviknight, F|100/100
|-damage|p2a: Corviknight|88/100|[from] Stealth Rock
|-ability|p2a: Corviknight|Pressure
|move|p1a: Clodsire|Recover|p1a: Clodsire
|-heal|p1a: Clodsire|100/100
|
|upkeep
|turn|16
|
|t:|1769435397
|switch|p1a: Corviknight|Corviknight, F, shiny|97/100
|-damage|p1a: Corviknight|85/100|[from] Stealth Rock
|-ability|p1a: Corviknight|Pressure
|move|p2a: Corviknight|U-turn|p1a: Corviknight
|-resisted|p1a: Corviknight
|-damage|p1a: Corviknight|83/100
|inactive|potatosforfree has 120 seconds left.
|
|t:|1769435429
|switch|p2a: Zapdos|Zapdos|100/100|[from] U-turn
|
|upkeep
|turn|17
|
|t:|1769435432
|switch|p1a: Clodsire|Clodsire, F|100/100
|-damage|p1a: Clodsire|94/100|[from] Stealth Rock
|move|p2a: Zapdos|Hurricane|p1a: Clodsire
|-damage|p1a: Clodsire|70/100
|
|upkeep
|turn|18
|
|t:|1769435441
|move|p2a: Zapdos|Hurricane|p1a: Clodsire
|-crit|p1a: Clodsire
|-damage|p1a: Clodsire|33/100
|move|p1a: Clodsire|Earthquake|p2a: Zapdos
|-immune|p2a: Zapdos
|
|upkeep
|turn|19
|
|t:|1769435449
|switch|p2a: Corviknight|Corviknight, F|88/100
|-damage|p2a: Corviknight|76/100|[from] Stealth Rock
|-ability|p2a: Corviknight|Pressure
|move|p1a: Clodsire|Recover|p1a: Clodsire
|-heal|p1a: Clodsire|83/100
|
|upkeep
|turn|20
|
|t:|1769435462
|switch|p1a: Armarouge|Armarouge, M, shiny|100/100 par
|-damage|p1a: Armarouge|76/100 par|[from] Stealth Rock
|move|p2a: Corviknight|Defog|p1a: Armarouge
|-unboost|p1a: Armarouge|evasion|1
|-sideend|p1: Raul2004|Stealth Rock|[from] move: Defog|[of] p2a: Corviknight
|-sideend|p2: potatosforfree|Stealth Rock|[from] move: Defog|[of] p2a: Corviknight
|
|upkeep
|turn|21
|
|t:|1769435489
|switch|p2a: Clefable|Clefable, F|77/100 tox
|cant|p1a: Armarouge|par
|
|-heal|p2a: Clefable|83/100 tox|[from] item: Leftovers
|upkeep
|turn|22
|
|t:|1769435494
|move|p2a: Clefable|Moonblast|p1a: Armarouge
|-resisted|p1a: Armarouge
|-damage|p1a: Armarouge|54/100 par
|move|p1a: Armarouge|Armor Cannon|p2a: Clefable
|-damage|p2a: Clefable|15/100 tox
|-unboost|p1a: Armarouge|def|1
|-unboost|p1a: Armarouge|spd|1
|
|-heal|p2a: Clefable|21/100 tox|[from] item: Leftovers
|upkeep
|turn|23
|
|t:|1769435502
|switch|p1a: Darkrai|Darkrai|100/100
|move|p2a: Clefable|Moonlight|p2a: Clefable
|-heal|p2a: Clefable|71/100 tox
|
|-heal|p2a: Clefable|77/100 tox|[from] item: Leftovers
|upkeep
|turn|24
|
|t:|1769435512
|move|p1a: Darkrai|Sludge Bomb|p2a: Clefable
|-supereffective|p2a: Clefable
|-crit|p2a: Clefable
|-damage|p2a: Clefable|0 fnt
|faint|p2a: Clefable
|-damage|p1a: Darkrai|91/100|[from] item: Life Orb
|
|upkeep
|
|t:|1769435516
|switch|p2a: Dragapult|Dragapult, F|100/100
|turn|25
|inactive|Raul2004 has 120 seconds left.
|
|t:|1769435552
|switch|p1a: Corviknight|Corviknight, F, shiny|83/100
|-ability|p1a: Corviknight|Pressure
|move|p2a: Dragapult|Substitute|p2a: Dragapult
|-start|p2a: Dragapult|Substitute
|-damage|p2a: Dragapult|76/100
|
|-heal|p2a: Dragapult|82/100|[from] item: Leftovers
|upkeep
|turn|26
|inactive|Raul2004 has 120 seconds left.
|
|t:|1769435559
|move|p2a: Dragapult|Thunder Wave|p1a: Corviknight
|-status|p1a: Corviknight|par
|move|p1a: Corviknight|Brave Bird|p2a: Dragapult
|-end|p2a: Dragapult|Substitute
|-damage|p1a: Corviknight|76/100 par|[from] Recoil|[of] p2a: Dragapult
|
|-heal|p2a: Dragapult|88/100|[from] item: Leftovers
|upkeep
|turn|27
|inactive|Raul2004 has 120 seconds left.
|
|t:|1769435575
|move|p2a: Dragapult|Substitute|p2a: Dragapult
|-start|p2a: Dragapult|Substitute
|-damage|p2a: Dragapult|63/100
|cant|p1a: Corviknight|par
|
|-heal|p2a: Dragapult|69/100|[from] item: Leftovers
|upkeep
|turn|28
|
|t:|1769435580
|move|p2a: Dragapult|Hex|p1a: Corviknight
|-damage|p1a: Corviknight|22/100 par
|move|p1a: Corviknight|U-turn|p2a: Dragapult
|-resisted|p2a: Dragapult
|-activate|p2a: Dragapult|move: Substitute|[damage]
|
|t:|1769435583
|switch|p1a: Clodsire|Clodsire, F|83/100|[from] U-turn
|
|-heal|p2a: Dragapult|75/100|[from] item: Leftovers
|upkeep
|turn|29
|
|t:|1769435587
|move|p2a: Dragapult|Dragon Darts|p1a: Clodsire
|-damage|p1a: Clodsire|59/100
|-anim|p2a: Dragapult|Dragon Darts|p1a: Clodsire
|-damage|p1a: Clodsire|36/100
|move|p1a: Clodsire|Earthquake|p2a: Dragapult
|-end|p2a: Dragapult|Substitute
|
|-heal|p2a: Dragapult|81/100|[from] item: Leftovers
|upkeep
|turn|30
|
|t:|1769435600
|move|p2a: Dragapult|Substitute|p2a: Dragapult
|-start|p2a: Dragapult|Substitute
|-damage|p2a: Dragapult|56/100
|move|p1a: Clodsire|Recover|p1a: Clodsire
|-heal|p1a: Clodsire|86/100
|
|-heal|p2a: Dragapult|62/100|[from] item: Leftovers
|upkeep
|turn|31
|
|t:|1769435609
|move|p2a: Dragapult|Dragon Darts|p1a: Clodsire
|-damage|p1a: Clodsire|63/100
|-anim|p2a: Dragapult|Dragon Darts|p1a: Clodsire
|-damage|p1a: Clodsire|41/100
|move|p1a: Clodsire|Earthquake|p2a: Dragapult
|-end|p2a: Dragapult|Substitute
|
|-heal|p2a: Dragapult|68/100|[from] item: Leftovers
|upkeep
|turn|32
|
|t:|1769435627
|switch|p1a: Basculegion|Basculegion, M, shiny|100/100
|move|p2a: Dragapult|Dragon Darts|p1a: Basculegion
|-damage|p1a: Basculegion|73/100
|-anim|p2a: Dragapult|Dragon Darts|p1a: Basculegion
|-damage|p1a: Basculegion|46/100
|
|-heal|p2a: Dragapult|74/100|[from] item: Leftovers
|upkeep
|turn|33
|
|t:|1769435633
|move|p2a: Dragapult|Hex|p1a: Basculegion
|-supereffective|p1a: Basculegion
|-damage|p1a: Basculegion|0 fnt
|faint|p1a: Basculegion
|
|-heal|p2a: Dragapult|80/100|[from] item: Leftovers
|upkeep
|
|t:|1769435637
|switch|p1a: Darkrai|Darkrai|91/100
|turn|34
|
|t:|1769435644
|switch|p2a: Kingambit|Kingambit, F|100/100
|-activate|p2a: Kingambit|ability: Supreme Overlord
|-start|p2a: Kingambit|fallen1|[silent]
|-item|p2a: Kingambit|Air Balloon
|move|p1a: Darkrai|Dark Pulse|p2a: Kingambit
|-resisted|p2a: Kingambit
|-damage|p2a: Kingambit|68/100
|-enditem|p2a: Kingambit|Air Balloon
|-damage|p1a: Darkrai|81/100|[from] item: Life Orb
|
|upkeep
|turn|35
|
|t:|1769435651
|-end|p2a: Kingambit|fallen1|[silent]
|switch|p2a: Corviknight|Corviknight, F|76/100
|-ability|p2a: Corviknight|Pressure
|move|p1a: Darkrai|Focus Blast|p2a: Corviknight|[miss]
|-miss|p1a: Darkrai|p2a: Corviknight
|
|upkeep
|turn|36
|
|t:|1769435657
|move|p1a: Darkrai|Dark Pulse|p2a: Corviknight
|-damage|p2a: Corviknight|23/100
|-damage|p1a: Darkrai|71/100|[from] item: Life Orb
|cant|p2a: Corviknight|flinch
|
|upkeep
|turn|37
|
|t:|1769435663
|move|p1a: Darkrai|Dark Pulse|p2a: Corviknight
|-damage|p2a: Corviknight|0 fnt
|faint|p2a: Corviknight
|-damage|p1a: Darkrai|61/100|[from] item: Life Orb
|
|upkeep
|
|t:|1769435674
|switch|p2a: Zapdos|Zapdos|100/100
|turn|38
|
|t:|1769435682
|switch|p1a: Corviknight|Corviknight, F, shiny|22/100 par
|-ability|p1a: Corviknight|Pressure
|move|p2a: Zapdos|Volt Switch|p1a: Corviknight
|-supereffective|p1a: Corviknight
|-damage|p1a: Corviknight|0 fnt
|faint|p1a: Corviknight
|
|t:|1769435686
|switch|p2a: Dragapult|Dragapult, F|80/100|[from] Volt Switch
|
|-heal|p2a: Dragapult|86/100|[from] item: Leftovers
|upkeep
|
|t:|1769435706
|switch|p1a: Armarouge|Armarouge, M, shiny|54/100 par
|turn|39
|
|t:|1769435719
|-terastallize|p1a: Armarouge|Bug
|move|p2a: Dragapult|Hex|p1a: Armarouge
|-damage|p1a: Armarouge|0 fnt
|faint|p1a: Armarouge
|
|-heal|p2a: Dragapult|92/100|[from] item: Leftovers
|upkeep
|
|t:|1769435728
|switch|p1a: Darkrai|Darkrai|61/100
|turn|40
|
|t:|1769435737
|switch|p2a: Kingambit|Kingambit, F|68/100
|-activate|p2a: Kingambit|ability: Supreme Overlord
|-start|p2a: Kingambit|fallen2|[silent]
|move|p1a: Darkrai|Dark Pulse|p2a: Kingambit
|-resisted|p2a: Kingambit
|-damage|p2a: Kingambit|38/100
|-damage|p1a: Darkrai|51/100|[from] item: Life Orb
|
|upkeep
|turn|41
|
|t:|1769435744
|switch|p1a: Zamazenta|Zamazenta|100/100
|-ability|p1a: Zamazenta|Dauntless Shield|boost
|-boost|p1a: Zamazenta|def|1
|move|p2a: Kingambit|Sucker Punch||[still]
|-fail|p2a: Kingambit
|
|upkeep
|turn|42
|
|t:|1769435752
|move|p1a: Zamazenta|Substitute|p1a: Zamazenta
|-start|p1a: Zamazenta|Substitute
|-damage|p1a: Zamazenta|76/100
|move|p2a: Kingambit|Low Kick|p1a: Zamazenta
|-end|p1a: Zamazenta|Substitute
|
|-heal|p1a: Zamazenta|82/100|[from] item: Leftovers
|upkeep
|turn|43
|
|t:|1769435756
|move|p1a: Zamazenta|Body Press|p2a: Kingambit
|-supereffective|p2a: Kingambit
|-damage|p2a: Kingambit|0 fnt
|faint|p2a: Kingambit
|-end|p2a: Kingambit|fallen2|[silent]
|
|-heal|p1a: Zamazenta|88/100|[from] item: Leftovers
|upkeep
|
|t:|1769435760
|switch|p2a: Zapdos|Zapdos|100/100
|turn|44
|
|t:|1769435763
|switch|p1a: Clodsire|Clodsire, F|41/100
|move|p2a: Zapdos|Hurricane|p1a: Clodsire
|-damage|p1a: Clodsire|18/100
|
|upkeep
|turn|45
|
|t:|1769435769
|move|p2a: Zapdos|Hurricane|p1a: Clodsire
|-damage|p1a: Clodsire|0 fnt
|faint|p1a: Clodsire
|
|upkeep
|
|t:|1769435772
|switch|p1a: Darkrai|Darkrai|51/100
|turn|46
|
|t:|1769435780
|switch|p2a: Meowscarada|Meowscarada, F|100/100
|move|p1a: Darkrai|Dark Pulse|p2a: Meowscarada
|-resisted|p2a: Meowscarada
|-damage|p2a: Meowscarada|59/100
|-damage|p1a: Darkrai|41/100|[from] item: Life Orb
|
|upkeep
|turn|47
|
|t:|1769435789
|switch|p1a: Zamazenta|Zamazenta|88/100
|move|p2a: Meowscarada|U-turn|p1a: Zamazenta
|-start|p2a: Meowscarada|typechange|Bug|[from] ability: Protean
|-resisted|p1a: Zamazenta
|-damage|p1a: Zamazenta|68/100
|
|t:|1769435792
|switch|p2a: Zapdos|Zapdos|100/100|[from] U-turn
|
|-heal|p1a: Zamazenta|74/100|[from] item: Leftovers
|upkeep
|turn|48
|-message|Raul2004 forfeited.
|
|win|potatosforfree
|raw|Raul2004's rating: 1441 &rarr; <strong>1424</strong><br />(-17 for losing)
|raw|potatosforfree's rating: 1493 &rarr; <strong>1510</strong><br />(+17 for winning)
|l|☆Raul2004
|player|p1|
|l|☆potatosforfree
|player|p2|
