|j|☆sumni i
|j|☆iemonemon
|t:|1769410595
|gametype|singles
|player|p1|sumni i|102|1461
|player|p2|iemonemon|clown|1411
|gen|9
|tier|[Gen 9] OU
|rated|
|rule|HP Percentage Mod: HP is shown in percentages
|rule|Endless Battle Clause: Forcing endless battles is banned
|rule|Species Clause: Limit one of each Pokémon
|rule|OHKO Clause: OHKO moves are banned
|rule|Evasion Items Clause: Evasion items are banned
|rule|Evasion Moves Clause: Evasion moves are banned
|rule|Evasion Abilities Clause: Evasion abilities are banned
|rule|Sleep Moves Clause: Sleep-inducing moves are banned
|clearpoke
|poke|p1|Ribombee, F|
|poke|p1|Cinderace, M|
|poke|p1|Passimian, F|
|poke|p1|Empoleon, F|
|poke|p1|Enamorus, F|
|poke|p1|Serperior, F|
|poke|p2|Tinkaton, F|
|poke|p2|Ogerpon, F|
|poke|p2|Great Tusk|
|poke|p2|Pecharunt|
|poke|p2|Alomomola, M|
|poke|p2|Hydreigon, M|
|teampreview
|inactive|Battle timer is ON: inactive players will automatically lose when time's up. (requested by iemonemon)
|
|t:|1769410610
|teamsize|p1|6
|teamsize|p2|6
|start
|switch|p1a: Ribombee|Ribombee, F|100/100
|switch|p2a: Smile.exe|Tinkaton, F, shiny|100/100
|-item|p2a: Smile.exe|Air Balloon
|turn|1
|
|t:|1769410623
|move|p1a: Ribombee|Sticky Web|p2a: Smile.exe
|-sidestart|p2: iemonemon|move: Sticky Web
|move|p2a: Smile.exe|Stealth Rock|p1a: Ribombee
|-sidestart|p1: sumni i|move: Stealth Rock
|
|upkeep
|turn|2
|
|t:|1769410628
|move|p1a: Ribombee|Moonblast|p2a: Smile.exe
|-resisted|p2a: Smile.exe
|-damage|p2a: Smile.exe|78/100
|-unboost|p2a: Smile.exe|spa|1
|-enditem|p2a: Smile.exe|Air Balloon
|move|p2a: Smile.exe|Gigaton Hammer|p1a: Ribombee
|-supereffective|p1a: Ribombee
|-enditem|p1a: Ribombee|Focus Sash
|-damage|p1a: Ribombee|1/100
|
|upkeep
|turn|3
|
|t:|1769410633
|move|p1a: Ribombee|Stun Spore|p2a: Smile.exe
|-status|p2a: Smile.exe|par
|move|p2a: Smile.exe|Ice Hammer|p1a: Ribombee
|-damage|p1a: Ribombee|0 fnt
|-unboost|p2a: Smile.exe|spe|1
|faint|p1a: Ribombee
|
|upkeep
|
|t:|1769410636
|switch|p1a: Cinderace|Cinderace, M|100/100
|turn|4
|c|☆iemonemon|oh my god i see the vision
|c|☆iemonemon|i saw it too late
|c|☆iemonemon|what the hell
|
|t:|1769410666
|move|p1a: Cinderace|Court Change|p1a: Cinderace
|-swapsideconditions
|-activate|p1a: Cinderace|move: Court Change
|move|p2a: Smile.exe|Encore|p1a: Cinderace
|-start|p1a: Cinderace|Encore
|
|upkeep
|turn|5
|c|☆sumni i|The vision :3
|
|t:|1769410677
|switch|p1a: Empoleon|Empoleon, F|100/100
|-activate|p1a: Empoleon|move: Sticky Web
|-unboost|p1a: Empoleon|spe|1
|-ability|p1a: Empoleon|Competitive|boost
|-boost|p1a: Empoleon|spa|2
|cant|p2a: Smile.exe|par
|
|upkeep
|turn|6
|
|t:|1769410688
|move|p2a: Smile.exe|Stealth Rock|p1a: Empoleon
|-sidestart|p1: sumni i|move: Stealth Rock
|move|p1a: Empoleon|Surf|p2a: Smile.exe
|-damage|p2a: Smile.exe|0 fnt
|faint|p2a: Smile.exe
|
|upkeep
|inactive|iemonemon has 120 seconds left.
|inactive|iemonemon has 90 seconds left.
|
|t:|1769410738
|switch|p2a: Behemoth|Great Tusk, shiny|100/100
|turn|7
|
|t:|1769410744
|-terastallize|p1a: Empoleon|Water
|move|p2a: Behemoth|Close Combat|p1a: Empoleon
|-damage|p1a: Empoleon|34/100
|-unboost|p2a: Behemoth|def|1
|-unboost|p2a: Behemoth|spd|1
|move|p1a: Empoleon|Surf|p2a: Behemoth
|-supereffective|p2a: Behemoth
|-damage|p2a: Behemoth|0 fnt
|faint|p2a: Behemoth
|-end|p2a: Behemoth|Protosynthesis|[silent]
|
|-heal|p1a: Empoleon|41/100|[from] item: Leftovers
|upkeep
|inactive|iemonemon has 90 seconds left.
|
|t:|1769410783
|switch|p2a: Anonymous|Ogerpon, F|100/100
|-damage|p2a: Anonymous|88/100|[from] Stealth Rock
|turn|8
|
|t:|1769410791
|move|p1a: Empoleon|Vacuum Wave|p2a: Anonymous
|-damage|p2a: Anonymous|56/100
|move|p2a: Anonymous|Knock Off|p1a: Empoleon
|-damage|p1a: Empoleon|0 fnt
|-enditem|p1a: Empoleon|Leftovers|[from] move: Knock Off|[of] p2a: Anonymous
|faint|p1a: Empoleon
|
|upkeep
|
|t:|1769410795
|switch|p1a: Cinderace|Cinderace, M|100/100
|turn|9
|
|t:|1769410821
|switch|p2a: Overseer|Pecharunt|100/100
|-damage|p2a: Overseer|88/100|[from] Stealth Rock
|move|p1a: Cinderace|Will-O-Wisp|p2a: Overseer
|-status|p2a: Overseer|brn
|
|-damage|p2a: Overseer|82/100 brn|[from] brn
|upkeep
|turn|10
|
|t:|1769410830
|move|p1a: Cinderace|Pyro Ball|p2a: Overseer
|-damage|p2a: Overseer|61/100 brn
|move|p2a: Overseer|Parting Shot|p1a: Cinderace
|-unboost|p1a: Cinderace|atk|1
|-unboost|p1a: Cinderace|spa|1
|
|t:|1769410844
|switch|p2a: Hybrid|Hydreigon, M, shiny|100/100|[from] Parting Shot
|-damage|p2a: Hybrid|88/100|[from] Stealth Rock
|
|upkeep
|turn|11
|
|t:|1769410848
|move|p1a: Cinderace|U-turn|p2a: Hybrid
|-supereffective|p2a: Hybrid
|-damage|p2a: Hybrid|58/100
|
|t:|1769410850
|switch|p1a: Serperior|Serperior, F|100/100|[from] U-turn
|-activate|p1a: Serperior|move: Sticky Web
|-boost|p1a: Serperior|spe|1
|-damage|p1a: Serperior|88/100|[from] Stealth Rock
|move|p2a: Hybrid|Earth Power|p1a: Serperior
|-resisted|p1a: Serperior
|-damage|p1a: Serperior|61/100
|
|-heal|p1a: Serperior|67/100|[from] item: Leftovers
|upkeep
|turn|12
|
|t:|1769410864
|switch|p2a: Overseer|Pecharunt|61/100 brn
|-damage|p2a: Overseer|49/100 brn|[from] Stealth Rock
|move|p1a: Serperior|Leaf Storm|p2a: Overseer
|-resisted|p2a: Overseer
|-damage|p2a: Overseer|27/100 brn
|-boost|p1a: Serperior|spa|2
|
|-heal|p1a: Serperior|73/100|[from] item: Leftovers
|-damage|p2a: Overseer|21/100 brn|[from] brn
|upkeep
|turn|13
|
|t:|1769410870
|move|p1a: Serperior|Leaf Storm|p2a: Overseer
|-resisted|p2a: Overseer
|-damage|p2a: Overseer|0 fnt
|-boost|p1a: Serperior|spa|2
|faint|p2a: Overseer
|
|-heal|p1a: Serperior|79/100|[from] item: Leftovers
|upkeep
|
|t:|1769410874
|switch|p2a: Pisces|Alomomola, M, shiny|100/100
|-damage|p2a: Pisces|88/100|[from] Stealth Rock
|turn|14
|
|t:|1769410879
|-terastallize|p2a: Pisces|Fairy
|move|p1a: Serperior|Giga Drain|p2a: Pisces
|-crit|p2a: Pisces
|-damage|p2a: Pisces|32/100
|-heal|p1a: Serperior|100/100|[from] drain|[of] p2a: Pisces
|move|p2a: Pisces|Mirror Coat|p1a: Serperior
|-damage|p1a: Serperior|0 fnt
|faint|p1a: Serperior
|
|upkeep
|
|t:|1769410884
|switch|p1a: Enamorus|Enamorus, F|100/100
|turn|15
|
|t:|1769410890
|move|p1a: Enamorus|Calm Mind|p1a: Enamorus
|-boost|p1a: Enamorus|spa|1
|-boost|p1a: Enamorus|spd|1
|move|p2a: Pisces|Flip Turn|p1a: Enamorus
|-damage|p1a: Enamorus|74/100
|
|t:|1769410900
|switch|p2a: Hybrid|Hydreigon, M, shiny|58/100|[from] Flip Turn
|-damage|p2a: Hybrid|46/100|[from] Stealth Rock
|
|upkeep
|turn|16
|
|t:|1769410903
|move|p1a: Enamorus|Draining Kiss|p2a: Hybrid
|-supereffective|p2a: Hybrid
|-damage|p2a: Hybrid|0 fnt
|-heal|p1a: Enamorus|100/100|[from] drain|[of] p2a: Hybrid
|faint|p2a: Hybrid
|
|upkeep
|
|t:|1769410912
|switch|p2a: Anonymous|Ogerpon, F|56/100
|-damage|p2a: Anonymous|44/100|[from] Stealth Rock
|turn|17
|inactive|iemonemon has 120 seconds left.
|
|t:|1769410928
|move|p2a: Anonymous|Rock Tomb|p1a: Enamorus
|-supereffective|p1a: Enamorus
|-damage|p1a: Enamorus|3/100
|-unboost|p1a: Enamorus|spe|1
|move|p1a: Enamorus|Iron Defense|p1a: Enamorus
|-boost|p1a: Enamorus|def|2
|
|upkeep
|turn|18
|
|t:|1769410938
|move|p2a: Anonymous|Rock Tomb|p1a: Enamorus
|-supereffective|p1a: Enamorus
|-damage|p1a: Enamorus|0 fnt
|faint|p1a: Enamorus
|
|upkeep
|
|t:|1769410939
|switch|p1a: Passimian|Passimian, F|100/100
|-activate|p1a: Passimian|move: Sticky Web
|-unboost|p1a: Passimian|spe|1
|-ability|p1a: Passimian|Defiant|boost
|-boost|p1a: Passimian|atk|2
|-damage|p1a: Passimian|94/100|[from] Stealth Rock
|turn|19
|
|t:|1769410948
|switch|p2a: Pisces|Alomomola, M, shiny, tera:Fairy|65/100
|-damage|p2a: Pisces|53/100|[from] Stealth Rock
|move|p1a: Passimian|Drain Punch|p2a: Pisces
|-resisted|p2a: Pisces
|-damage|p2a: Pisces|24/100
|-heal|p1a: Passimian|100/100|[from] drain|[of] p2a: Pisces
|
|upkeep
|turn|20
|
|t:|1769410957
|move|p2a: Pisces|Flip Turn|p1a: Passimian
|-damage|p1a: Passimian|85/100
|
|t:|1769410962
|switch|p2a: Anonymous|Ogerpon, F|44/100|[from] Flip Turn
|-damage|p2a: Anonymous|31/100|[from] Stealth Rock
|move|p1a: Passimian|Drain Punch|p2a: Anonymous
|-damage|p2a: Anonymous|0 fnt
|-heal|p1a: Passimian|96/100|[from] drain|[of] p2a: Anonymous
|faint|p2a: Anonymous
|
|upkeep
|
|t:|1769410974
|switch|p2a: Pisces|Alomomola, M, shiny, tera:Fairy|57/100
|-damage|p2a: Pisces|45/100|[from] Stealth Rock
|turn|21
|
|t:|1769410978
|move|p2a: Pisces|Play Rough|p1a: Passimian
|-supereffective|p1a: Passimian
|-damage|p1a: Passimian|51/100
|move|p1a: Passimian|Iron Head|p2a: Pisces
|-supereffective|p2a: Pisces
|-damage|p2a: Pisces|0 fnt
|faint|p2a: Pisces
|
|win|sumni i
|raw|sumni i's rating: 1461 &rarr; <strong>1478</strong><br />(+17 for winning)
|raw|iemonemon's rating: 1411 &rarr; <strong>1394</strong><br />(-17 for losing)
|j| nana baba
|c|☆sumni i|Gg
|l|☆iemonemon
|player|p2|
|l|☆sumni i
|player|p1|
|l| nana baba
