|j|☆muskat-mix
|j|☆Cheesecutter72
|t:|1769432991
|gametype|singles
|player|p1|muskat-mix|1|1245
|player|p2|Cheesecutter72|2|1250
|gen|9
|tier|[Gen 9] OU
|rated|
|rule|HP Percentage Mod: HP is shown in percentages
|rule|Endless Battle Clause: Forcing endless battles is banned
|rule|Species Clause: Limit one of each Pokémon
|rule|OHKO Clause: OHKO moves are banned
|rule|Evasion Items Clause: Evasion items are banned
|rule|Evasion Moves Clause: Evasion moves are banned
|rule|Evasion Abilities Clause: Evasion abilities are banned
|rule|Sleep Moves Clause: Sleep-inducing moves are banned
|clearpoke
|poke|p1|Heatran, M|
|poke|p1|Clodsire, F|
|poke|p1|Skeledirge, M|
|poke|p1|Alomomola, F|
|poke|p1|Hoopa-Unbound|
|poke|p1|Corviknight, F|
|poke|p2|Iron Valiant|
|poke|p2|Tyranitar, F|
|poke|p2|Landorus-Therian, M|
|poke|p2|Moltres|
|poke|p2|Iron Moth|
|poke|p2|Walking Wake|
|teampreview
|inactive|Battle timer is ON: inactive players will automatically lose when time's up. (requested by muskat-mix)
|
|t:|1769433001
|teamsize|p1|6
|teamsize|p2|6
|start
|switch|p1a: Corviknight|Corviknight, F|100/100
|switch|p2a: Slyranitar|Tyranitar, F|100/100
|-ability|p1a: Corviknight|Pressure
|-weather|Sandstorm|[from] ability: Sand Stream|[of] p2a: Slyranitar
|turn|1
|
|t:|1769433004
|move|p1a: Corviknight|Body Press|p2a: Slyranitar
|-supereffective|p2a: Slyranitar
|-damage|p2a: Slyranitar|18/100
|move|p2a: Slyranitar|Fire Blast|p1a: Corviknight
|-supereffective|p1a: Corviknight
|-damage|p1a: Corviknight|0 fnt
|faint|p1a: Corviknight
|
|-weather|Sandstorm|[upkeep]
|upkeep
|
|t:|1769433014
|switch|p1a: Hoopa|Hoopa-Unbound|100/100
|turn|2
|
|t:|1769433031
|switch|p2a: Sandals|Landorus-Therian, M|100/100
|-ability|p2a: Sandals|Intimidate|boost
|-unboost|p1a: Hoopa|atk|1
|move|p1a: Hoopa|Knock Off|p2a: Sandals
|-damage|p2a: Sandals|53/100
|-damage|p1a: Hoopa|84/100|[from] item: Rocky Helmet|[of] p2a: Sandals
|-enditem|p2a: Sandals|Rocky Helmet|[from] move: Knock Off|[of] p1a: Hoopa
|
|-weather|Sandstorm|[upkeep]
|-damage|p1a: Hoopa|78/100|[from] Sandstorm
|upkeep
|turn|3
|
|t:|1769433046
|switch|p1a: Skeledirge|Skeledirge, M|100/100
|move|p2a: Sandals|U-turn|p1a: Skeledirge
|-resisted|p1a: Skeledirge
|-damage|p1a: Skeledirge|96/100
|
|t:|1769433050
|switch|p2a: Slyranitar|Tyranitar, F|18/100|[from] U-turn
|
|-weather|Sandstorm|[upkeep]
|-damage|p1a: Skeledirge|90/100|[from] Sandstorm
|upkeep
|turn|4
|
|t:|1769433057
|-terastallize|p1a: Skeledirge|Ghost
|move|p1a: Skeledirge|Will-O-Wisp|p2a: Slyranitar
|-status|p2a: Slyranitar|brn
|move|p2a: Slyranitar|Dark Pulse|p1a: Skeledirge
|-supereffective|p1a: Skeledirge
|-damage|p1a: Skeledirge|0 fnt
|faint|p1a: Skeledirge
|
|-weather|Sandstorm|[upkeep]
|-damage|p2a: Slyranitar|12/100 brn|[from] brn
|upkeep
|
|t:|1769433067
|switch|p1a: Hoopa|Hoopa-Unbound|78/100
|turn|5
|
|t:|1769433069
|move|p1a: Hoopa|Knock Off|p2a: Slyranitar
|-resisted|p2a: Slyranitar
|-damage|p2a: Slyranitar|0 fnt
|-enditem|p2a: Slyranitar|Choice Specs|[from] move: Knock Off|[of] p1a: Hoopa
|faint|p2a: Slyranitar
|
|-weather|none
|upkeep
|
|t:|1769433072
|switch|p2a: Sandals|Landorus-Therian, M|53/100
|-ability|p2a: Sandals|Intimidate|boost
|-unboost|p1a: Hoopa|atk|1
|turn|6
|
|t:|1769433077
|switch|p1a: Alomomola|Alomomola, F|100/100
|move|p2a: Sandals|Stealth Rock|p1a: Alomomola
|-sidestart|p1: muskat-mix|move: Stealth Rock
|
|upkeep
|turn|7
|
|t:|1769433085
|move|p2a: Sandals|Taunt|p1a: Alomomola
|-start|p1a: Alomomola|move: Taunt
|move|p1a: Alomomola|Whirlpool|p2a: Sandals
|-supereffective|p2a: Sandals
|-damage|p2a: Sandals|39/100
|-activate|p2a: Sandals|move: Whirlpool|[of] p1a: Alomomola
|
|-damage|p2a: Sandals|27/100|[from] move: Whirlpool|[partiallytrapped]
|upkeep
|turn|8
|
|t:|1769433090
|move|p2a: Sandals|U-turn|p1a: Alomomola
|-damage|p1a: Alomomola|82/100
|
|t:|1769433097
|switch|p2a: TwinTail|Walking Wake|100/100|[from] U-turn
|move|p1a: Alomomola|Whirlpool|p2a: TwinTail|[miss]
|-miss|p1a: Alomomola|p2a: TwinTail
|
|-heal|p1a: Alomomola|88/100|[from] item: Leftovers
|upkeep
|turn|9
|
|t:|1769433106
|move|p2a: TwinTail|Draco Meteor|p1a: Alomomola
|-damage|p1a: Alomomola|18/100
|-unboost|p2a: TwinTail|spa|2
|move|p1a: Alomomola|Mirror Coat|p2a: TwinTail
|-damage|p2a: TwinTail|0 fnt
|faint|p2a: TwinTail
|-end|p2a: TwinTail|Protosynthesis|[silent]
|
|-heal|p1a: Alomomola|24/100|[from] item: Leftovers
|-end|p1a: Alomomola|move: Taunt
|upkeep
|
|t:|1769433119
|switch|p2a: Vanguard|Iron Valiant|100/100
|turn|10
|
|t:|1769433131
|switch|p1a: Heatran|Heatran, M|100/100
|-damage|p1a: Heatran|88/100|[from] Stealth Rock
|move|p2a: Vanguard|Close Combat|p1a: Heatran
|-supereffective|p1a: Heatran
|-damage|p1a: Heatran|0 fnt
|-unboost|p2a: Vanguard|def|1
|-unboost|p2a: Vanguard|spd|1
|faint|p1a: Heatran
|
|upkeep
|
|t:|1769433135
|switch|p1a: Alomomola|Alomomola, F|57/100
|-damage|p1a: Alomomola|45/100|[from] Stealth Rock
|turn|11
|
|t:|1769433141
|move|p2a: Vanguard|Close Combat|p1a: Alomomola
|-damage|p1a: Alomomola|0 fnt
|-unboost|p2a: Vanguard|def|1
|-unboost|p2a: Vanguard|spd|1
|faint|p1a: Alomomola
|
|upkeep
|
|t:|1769433145
|switch|p1a: Hoopa|Hoopa-Unbound|78/100
|-damage|p1a: Hoopa|66/100|[from] Stealth Rock
|turn|12
|
|t:|1769433152
|-end|p2a: Vanguard|Quark Drive|[silent]
|switch|p2a: Sandals|Landorus-Therian, M|27/100
|-ability|p2a: Sandals|Intimidate|boost
|-unboost|p1a: Hoopa|atk|1
|move|p1a: Hoopa|Psychic Noise|p2a: Sandals
|-damage|p2a: Sandals|0 fnt
|faint|p2a: Sandals
|
|upkeep
|
|t:|1769433167
|switch|p2a: HotWings|Moltres|100/100
|turn|13
|
|t:|1769433171
|move|p2a: HotWings|U-turn|p1a: Hoopa
|-supereffective|p1a: Hoopa
|-damage|p1a: Hoopa|0 fnt
|faint|p1a: Hoopa
|
|t:|1769433177
|switch|p2a: Vanguard|Iron Valiant|100/100|[from] U-turn
|
|upkeep
|
|t:|1769433180
|switch|p1a: Clodsire|Clodsire, F|100/100
|-damage|p1a: Clodsire|94/100|[from] Stealth Rock
|turn|14
|
|t:|1769433182
|move|p2a: Vanguard|Ice Punch|p1a: Clodsire
|-supereffective|p1a: Clodsire
|-damage|p1a: Clodsire|4/100
|move|p1a: Clodsire|Toxic|p2a: Vanguard
|-status|p2a: Vanguard|tox
|
|-heal|p1a: Clodsire|10/100|[from] item: Leftovers
|-damage|p2a: Vanguard|94/100 tox|[from] psn
|upkeep
|turn|15
|
|t:|1769433186
|move|p2a: Vanguard|Ice Punch|p1a: Clodsire
|-supereffective|p1a: Clodsire
|-damage|p1a: Clodsire|0 fnt
|faint|p1a: Clodsire
|
|win|Cheesecutter72
|raw|muskat-mix's rating: 1245 &rarr; <strong>1220</strong><br />(-25 for losing)
|raw|Cheesecutter72's rating: 1250 &rarr; <strong>1275</strong><br />(+25 for winning)
|c|☆Cheesecutter72|Gg
|c|☆muskat-mix|GG
