|j|☆big bod3
|j|☆fgdhfg
|t:|1769438791
|gametype|singles
|player|p1|big bod3|marshal|1035
|player|p2|fgdhfg|ghetsis|1044
|gen|9
|tier|[Gen 9] OU
|rated|
|rule|HP Percentage Mod: HP is shown in percentages
|rule|Endless Battle Clause: Forcing endless battles is banned
|rule|Species Clause: Limit one of each Pokémon
|rule|OHKO Clause: OHKO moves are banned
|rule|Evasion Items Clause: Evasion items are banned
|rule|Evasion Moves Clause: Evasion moves are banned
|rule|Evasion Abilities Clause: Evasion abilities are banned
|rule|Sleep Moves Clause: Sleep-inducing moves are banned
|clearpoke
|poke|p1|Cetitan, M|
|poke|p1|Sableye, F|
|poke|p1|Ninetales-Alola, M|
|poke|p1|Great Tusk|
|poke|p1|Iron Valiant|
|poke|p1|Gholdengo|
|poke|p2|Iron Valiant|
|poke|p2|Tyranitar, F|
|poke|p2|Excadrill, M|
|poke|p2|Toxapex, F|
|poke|p2|Tornadus-Therian, M|
|poke|p2|Ogerpon-Cornerstone, F|
|teampreview
|
|t:|1769438804
|teamsize|p1|6
|teamsize|p2|6
|start
|switch|p1a: ᚲShadebind|Sableye, F|100/100
|switch|p2a: Tyranitar|Tyranitar, F|100/100
|-weather|Sandstorm|[from] ability: Sand Stream|[of] p2a: Tyranitar
|turn|1
|inactive|Battle timer is ON: inactive players will automatically lose when time's up. (requested by fgdhfg)
|
|t:|1769438852
|move|p2a: Tyranitar|Knock Off|p1a: ᚲShadebind
|-damage|p1a: ᚲShadebind|25/100
|-enditem|p1a: ᚲShadebind|Heavy-Duty Boots|[from] move: Knock Off|[of] p2a: Tyranitar
|move|p1a: ᚲShadebind|Knock Off|p2a: Tyranitar
|-resisted|p2a: Tyranitar
|-damage|p2a: Tyranitar|87/100
|-enditem|p2a: Tyranitar|Smooth Rock|[from] move: Knock Off|[of] p1a: ᚲShadebind
|
|-weather|Sandstorm|[upkeep]
|-damage|p1a: ᚲShadebind|19/100|[from] Sandstorm
|upkeep
|turn|2
|
|t:|1769438864
|switch|p1a: ᚾVeilqueen|Ninetales-Alola, M|100/100
|-weather|Snowscape|[from] ability: Snow Warning|[of] p1a: ᚾVeilqueen
|move|p2a: Tyranitar|Knock Off|p1a: ᚾVeilqueen
|-resisted|p1a: ᚾVeilqueen
|-damage|p1a: ᚾVeilqueen|76/100
|-enditem|p1a: ᚾVeilqueen|Light Clay|[from] move: Knock Off|[of] p2a: Tyranitar
|
|-weather|Snowscape|[upkeep]
|upkeep
|turn|3
|
|t:|1769438887
|move|p1a: ᚾVeilqueen|Aurora Veil|p1a: ᚾVeilqueen
|-sidestart|p1: big bod3|move: Aurora Veil
|move|p2a: Tyranitar|Stealth Rock|p1a: ᚾVeilqueen
|-sidestart|p1: big bod3|move: Stealth Rock
|
|-weather|Snowscape|[upkeep]
|upkeep
|turn|4
|inactive|big bod3 has 120 seconds left.
|
|t:|1769438934
|switch|p2a: Toxapex|Toxapex, F|100/100
|move|p1a: ᚾVeilqueen|Encore||[still]
|-fail|p1a: ᚾVeilqueen
|
|-weather|Snowscape|[upkeep]
|upkeep
|turn|5
|
|t:|1769438945
|move|p1a: ᚾVeilqueen|Freeze-Dry|p2a: Toxapex
|-supereffective|p2a: Toxapex
|-damage|p2a: Toxapex|74/100
|-status|p2a: Toxapex|frz
|-enditem|p2a: Toxapex|Eject Button
|
|t:|1769438950
|switch|p2a: Tyranitar|Tyranitar, F|87/100
|-weather|Sandstorm|[from] ability: Sand Stream|[of] p2a: Tyranitar
|
|-weather|Sandstorm|[upkeep]
|-damage|p1a: ᚾVeilqueen|70/100|[from] Sandstorm
|upkeep
|turn|6
|
|t:|1769438959
|switch|p1a: ᛏGroundwarden|Great Tusk|100/100
|-damage|p1a: ᛏGroundwarden|98/100|[from] Stealth Rock
|-enditem|p1a: ᛏGroundwarden|Booster Energy
|-activate|p1a: ᛏGroundwarden|ability: Protosynthesis|[fromitem]
|-start|p1a: ᛏGroundwarden|protosynthesisdef
|move|p2a: Tyranitar|Knock Off|p1a: ᛏGroundwarden
|-resisted|p1a: ᛏGroundwarden
|-crit|p1a: ᛏGroundwarden
|-damage|p1a: ᛏGroundwarden|87/100
|
|-weather|Sandstorm|[upkeep]
|upkeep
|turn|7
|inactive|big bod3 has 120 seconds left.
|
|t:|1769438983
|switch|p2a: Toxapex|Toxapex, F|100/100 frz
|-terastallize|p1a: ᛏGroundwarden|Ground
|move|p1a: ᛏGroundwarden|Earthquake|p2a: Toxapex
|-supereffective|p2a: Toxapex
|-damage|p2a: Toxapex|11/100 frz
|
|-weather|Sandstorm|[upkeep]
|-damage|p2a: Toxapex|5/100 frz|[from] Sandstorm
|-sideend|p1: big bod3|move: Aurora Veil
|upkeep
|turn|8
|inactive|big bod3 has 120 seconds left.
|
|t:|1769438999
|move|p1a: ᛏGroundwarden|Rapid Spin|p2a: Toxapex
|-crit|p2a: Toxapex
|-damage|p2a: Toxapex|0 fnt
|-boost|p1a: ᛏGroundwarden|spe|1
|-sideend|p1: big bod3|Stealth Rock|[from] move: Rapid Spin|[of] p1a: ᛏGroundwarden
|faint|p2a: Toxapex
|
|-weather|Sandstorm|[upkeep]
|upkeep
|
|t:|1769439007
|switch|p2a: Tornadus|Tornadus-Therian, M|100/100
|turn|9
|
|t:|1769439015
|-terastallize|p2a: Tornadus|Flying
|move|p2a: Tornadus|Bleakwind Storm|p1a: ᛏGroundwarden
|-damage|p1a: ᛏGroundwarden|0 fnt
|faint|p1a: ᛏGroundwarden
|-end|p1a: ᛏGroundwarden|Protosynthesis|[silent]
|
|-weather|none
|upkeep
|
|t:|1769439024
|switch|p1a: ᚾVeilqueen|Ninetales-Alola, M|70/100
|-weather|Snowscape|[from] ability: Snow Warning|[of] p1a: ᚾVeilqueen
|turn|10
|
|t:|1769439037
|move|p2a: Tornadus|Bleakwind Storm|p1a: ᚾVeilqueen
|-damage|p1a: ᚾVeilqueen|0 fnt
|faint|p1a: ᚾVeilqueen
|
|-weather|Snowscape|[upkeep]
|upkeep
|
|t:|1769439045
|switch|p1a: ᚲShadebind|Sableye, F|19/100
|turn|11
|
|t:|1769439054
|move|p1a: ᚲShadebind|Will-O-Wisp|p2a: Tornadus
|-status|p2a: Tornadus|brn
|move|p2a: Tornadus|Bleakwind Storm|p1a: ᚲShadebind
|-damage|p1a: ᚲShadebind|0 fnt
|faint|p1a: ᚲShadebind
|
|-weather|Snowscape|[upkeep]
|-damage|p2a: Tornadus|94/100 brn|[from] brn
|upkeep
|
|t:|1769439064
|switch|p1a: ᛁBergthrall|Cetitan, M|100/100
|turn|12
|
|t:|1769439072
|switch|p2a: Tyranitar|Tyranitar, F|87/100
|-weather|Sandstorm|[from] ability: Sand Stream|[of] p2a: Tyranitar
|move|p1a: ᛁBergthrall|Icicle Spear|p2a: Tyranitar
|-damage|p2a: Tyranitar|74/100
|-damage|p2a: Tyranitar|62/100
|-damage|p2a: Tyranitar|49/100
|-damage|p2a: Tyranitar|37/100
|-damage|p2a: Tyranitar|25/100
|-hitcount|p2a: Tyranitar|5
|
|-weather|Sandstorm|[upkeep]
|-damage|p1a: ᛁBergthrall|94/100|[from] Sandstorm
|upkeep
|turn|13
|
|t:|1769439086
|move|p1a: ᛁBergthrall|Icicle Spear|p2a: Tyranitar
|-damage|p2a: Tyranitar|12/100
|-damage|p2a: Tyranitar|1/100
|-damage|p2a: Tyranitar|0 fnt
|faint|p2a: Tyranitar
|-hitcount|p2: Tyranitar|3
|
|-weather|Sandstorm|[upkeep]
|-damage|p1a: ᛁBergthrall|88/100|[from] Sandstorm
|upkeep
|
|t:|1769439099
|switch|p2a: Iron Valiant|Iron Valiant|100/100
|turn|14
|
|t:|1769439110
|switch|p1a: ᛟ Coinveil|Gholdengo|100/100
|-item|p1a: ᛟ Coinveil|Air Balloon
|move|p2a: Iron Valiant|Moonblast|p1a: ᛟ Coinveil
|-resisted|p1a: ᛟ Coinveil
|-damage|p1a: ᛟ Coinveil|62/100
|-enditem|p1a: ᛟ Coinveil|Air Balloon
|
|-weather|Sandstorm|[upkeep]
|-damage|p2a: Iron Valiant|94/100|[from] Sandstorm
|upkeep
|turn|15
|
|t:|1769439121
|-end|p2a: Iron Valiant|Quark Drive|[silent]
|switch|p2a: Excadrill|Excadrill, M|100/100
|move|p1a: ᛟ Coinveil|Make It Rain|p2a: Excadrill
|-resisted|p2a: Excadrill
|-damage|p2a: Excadrill|60/100
|-unboost|p1a: ᛟ Coinveil|spa|1
|
|-weather|Sandstorm|[upkeep]
|-heal|p2a: Excadrill|66/100|[from] item: Leftovers
|upkeep
|turn|16
|
|t:|1769439141
|switch|p1a: ᛁBergthrall|Cetitan, M|88/100
|move|p2a: Excadrill|Substitute|p2a: Excadrill
|-start|p2a: Excadrill|Substitute
|-damage|p2a: Excadrill|41/100
|
|-weather|none
|-heal|p2a: Excadrill|47/100|[from] item: Leftovers
|upkeep
|turn|17
|
|t:|1769439163
|move|p2a: Excadrill|Earthquake|p1a: ᛁBergthrall
|-damage|p1a: ᛁBergthrall|29/100
|move|p1a: ᛁBergthrall|Icicle Spear|p2a: Excadrill
|-activate|p2a: Excadrill|move: Substitute|[damage]
|-end|p2a: Excadrill|Substitute
|-damage|p2a: Excadrill|28/100
|-damage|p2a: Excadrill|9/100
|-hitcount|p2a: Excadrill|4
|
|-heal|p2a: Excadrill|15/100|[from] item: Leftovers
|upkeep
|turn|18
|
|t:|1769439176
|move|p1a: ᛁBergthrall|Ice Shard|p2a: Excadrill
|-damage|p2a: Excadrill|0 fnt
|faint|p2a: Excadrill
|
|upkeep
|inactive|fgdhfg has 120 seconds left.
|inactive|fgdhfg has 90 seconds left.
|
|t:|1769439231
|switch|p2a: Ogerpon|Ogerpon-Cornerstone, F|100/100
|turn|19
|
|t:|1769439258
|switch|p1a: ᛟ Coinveil|Gholdengo|62/100
|move|p2a: Ogerpon|Ivy Cudgel|p1a: ᛟ Coinveil|[anim] Ivy Cudgel Rock
|-resisted|p1a: ᛟ Coinveil
|-crit|p1a: ᛟ Coinveil
|-damage|p1a: ᛟ Coinveil|11/100
|
|upkeep
|turn|20
|
|t:|1769439272
|move|p2a: Ogerpon|Knock Off|p1a: ᛟ Coinveil
|-supereffective|p1a: ᛟ Coinveil
|-damage|p1a: ᛟ Coinveil|0 fnt
|faint|p1a: ᛟ Coinveil
|
|upkeep
|
|t:|1769439277
|switch|p1a: ᛋWarlight|Iron Valiant|100/100
|-enditem|p1a: ᛋWarlight|Booster Energy
|-activate|p1a: ᛋWarlight|ability: Quark Drive|[fromitem]
|-start|p1a: ᛋWarlight|quarkdrivespe
|turn|21
|
|t:|1769439295
|move|p1a: ᛋWarlight|Close Combat|p2a: Ogerpon
|-supereffective|p2a: Ogerpon
|-ability|p2a: Ogerpon|Sturdy
|-damage|p2a: Ogerpon|1/100
|-unboost|p1a: ᛋWarlight|def|1
|-unboost|p1a: ᛋWarlight|spd|1
|move|p2a: Ogerpon|Power Whip|p1a: ᛋWarlight
|-damage|p1a: ᛋWarlight|0 fnt
|faint|p1a: ᛋWarlight
|-end|p1a: ᛋWarlight|Quark Drive|[silent]
|
|upkeep
|inactive|big bod3 has 120 seconds left.
|
|t:|1769439318
|switch|p1a: ᛁBergthrall|Cetitan, M|29/100
|turn|22
|
|t:|1769439324
|move|p1a: ᛁBergthrall|Ice Shard|p2a: Ogerpon
|-supereffective|p2a: Ogerpon
|-damage|p2a: Ogerpon|0 fnt
|faint|p2a: Ogerpon
|
|upkeep
|
|t:|1769439326
|switch|p2a: Iron Valiant|Iron Valiant|94/100
|turn|23
|
|t:|1769439333
|move|p2a: Iron Valiant|Vacuum Wave|p1a: ᛁBergthrall
|-supereffective|p1a: ᛁBergthrall
|-damage|p1a: ᛁBergthrall|0 fnt
|faint|p1a: ᛁBergthrall
|
|win|fgdhfg
|raw|big bod3's rating: 1035 &rarr; <strong>1021</strong><br />(-14 for losing)
|raw|fgdhfg's rating: 1066 &rarr; <strong>1093</strong><br />(+27 for winning)
|l|☆fgdhfg
|player|p2|
|c|☆big bod3|Gg
|c|☆big bod3|You won the badge ✨️🏴‍☠️☀️🏴‍☠️✨️
