|j|☆UnregisteredFaiv
|j|☆D3grad3 m3
|t:|1769325016
|gametype|singles
|player|p1|UnregisteredFaiv|klara|1189
|player|p2|D3grad3 m3|preschoolerf|1273
|gen|9
|tier|[Gen 9] OU
|rated|
|rule|HP Percentage Mod: HP is shown in percentages
|rule|Endless Battle Clause: Forcing endless battles is banned
|rule|Species Clause: Limit one of each Pokémon
|rule|OHKO Clause: OHKO moves are banned
|rule|Evasion Items Clause: Evasion items are banned
|rule|Evasion Moves Clause: Evasion moves are banned
|rule|Evasion Abilities Clause: Evasion abilities are banned
|rule|Sleep Moves Clause: Sleep-inducing moves are banned
|clearpoke
|poke|p1|Barraskewda, F|
|poke|p1|Gallade, M|
|poke|p1|Clefable, F|
|poke|p1|Corviknight, F|
|poke|p1|Zapdos|
|poke|p1|Zamazenta-*|
|poke|p2|Meowscarada, F|
|poke|p2|Zapdos|
|poke|p2|Keldeo-Resolute|
|poke|p2|Garganacl, F|
|poke|p2|Dragapult, F|
|poke|p2|Slowking-Galar, M|
|teampreview
|inactive|Battle timer is ON: inactive players will automatically lose when time's up. (requested by D3grad3 m3)
|inactive|UnregisteredFaiv also wants the timer to be on.
|
|t:|1769325045
|teamsize|p1|6
|teamsize|p2|6
|start
|switch|p1a: Barraskewda|Barraskewda, F|100/100
|switch|p2a: stargazing|Keldeo-Resolute|100/100
|turn|1
|c|☆UnregisteredFaiv|Crazy name bro
|c|☆UnregisteredFaiv|Icl
|c|☆UnregisteredFaiv|I want that too
|c|☆D3grad3 m3|girl
|c|☆D3grad3 m3|thats so rela
|
|t:|1769325069
|move|p2a: stargazing|Vacuum Wave|p1a: Barraskewda
|-damage|p1a: Barraskewda|51/100
|move|p1a: Barraskewda|Flip Turn|p2a: stargazing
|-resisted|p2a: stargazing
|-damage|p2a: stargazing|73/100
|
|t:|1769325074
|switch|p1a: Zapdos|Zapdos|100/100|[from] Flip Turn
|-ability|p1a: Zapdos|Pressure
|
|upkeep
|turn|2
|
|t:|1769325078
|switch|p2a: Clarity|Garganacl, F|100/100
|move|p1a: Zapdos|Thunderbolt|p2a: Clarity
|-damage|p2a: Clarity|72/100
|
|-heal|p2a: Clarity|78/100|[from] item: Leftovers
|upkeep
|turn|3
|c|☆UnregisteredFaiv|if only
|c|☆D3grad3 m3|if only
|
|t:|1769325089
|switch|p1a: Corviknight|Corviknight, F|100/100
|-ability|p1a: Corviknight|Pressure
|move|p2a: Clarity|Salt Cure|p1a: Corviknight
|-damage|p1a: Corviknight|90/100
|-start|p1a: Corviknight|Salt Cure
|
|-heal|p1a: Corviknight|96/100|[from] item: Leftovers
|-heal|p2a: Clarity|84/100|[from] item: Leftovers
|-damage|p1a: Corviknight|71/100|[from] Salt Cure
|upkeep
|turn|4
|
|t:|1769325107
|move|p2a: Clarity|Protect|p2a: Clarity
|-singleturn|p2a: Clarity|Protect
|move|p1a: Corviknight|Agility|p1a: Corviknight
|-boost|p1a: Corviknight|spe|2
|
|-heal|p1a: Corviknight|78/100|[from] item: Leftovers
|-heal|p2a: Clarity|90/100|[from] item: Leftovers
|-damage|p1a: Corviknight|53/100|[from] Salt Cure
|upkeep
|turn|5
|
|t:|1769325116
|switch|p2a: Two Ballades|Zapdos|100/100
|move|p1a: Corviknight|Bulk Up|p1a: Corviknight
|-boost|p1a: Corviknight|atk|1
|-boost|p1a: Corviknight|def|1
|
|-heal|p1a: Corviknight|59/100|[from] item: Leftovers
|-damage|p1a: Corviknight|34/100|[from] Salt Cure
|upkeep
|turn|6
|
|t:|1769325125
|-terastallize|p1a: Corviknight|Dark
|move|p1a: Corviknight|Roost|p1a: Corviknight
|-heal|p1a: Corviknight|84/100
|move|p2a: Two Ballades|Volt Switch|p1a: Corviknight
|-damage|p1a: Corviknight|62/100
|
|t:|1769325129
|switch|p2a: stargazing|Keldeo-Resolute|73/100|[from] Volt Switch
|
|-heal|p1a: Corviknight|68/100|[from] item: Leftovers
|-damage|p1a: Corviknight|55/100|[from] Salt Cure
|upkeep
|turn|7
|c|☆UnregisteredFaiv|Man this doesn't oneshot yet
|c|☆UnregisteredFaiv|rrrr
|j| MistaZKU
|c|☆D3grad3 m3|LOL
|inactive|UnregisteredFaiv has 120 seconds left.
|c|☆D3grad3 m3|power trip  not strong enough
|c|☆UnregisteredFaiv|Oh you know the gimmick
|
|t:|1769325169
|switch|p1a: Zamazenta|Zamazenta|100/100
|-ability|p1a: Zamazenta|Dauntless Shield|boost
|-boost|p1a: Zamazenta|def|1
|move|p2a: stargazing|Vacuum Wave|p1a: Zamazenta
|-damage|p1a: Zamazenta|83/100
|
|-heal|p1a: Zamazenta|89/100|[from] item: Leftovers
|upkeep
|turn|8
|c|☆D3grad3 m3|oh yeaa
|
|t:|1769325176
|move|p1a: Zamazenta|Agility|p1a: Zamazenta
|-boost|p1a: Zamazenta|spe|2
|move|p2a: stargazing|Surf|p1a: Zamazenta
|-damage|p1a: Zamazenta|48/100
|
|-heal|p1a: Zamazenta|54/100|[from] item: Leftovers
|upkeep
|turn|9
|c|☆D3grad3 m3|dont know this gimmik
|
|t:|1769325185
|move|p1a: Zamazenta|Play Rough|p2a: stargazing
|-supereffective|p2a: stargazing
|-damage|p2a: stargazing|0 fnt
|faint|p2a: stargazing
|
|-heal|p1a: Zamazenta|60/100|[from] item: Leftovers
|upkeep
|
|t:|1769325190
|switch|p2a: Another End|Slowking-Galar, M|100/100
|turn|10
|c|☆UnregisteredFaiv|There's no gimmick
|l| MistaZKU
|c|☆UnregisteredFaiv|Just zamazenta
|c|☆D3grad3 m3|LOL
|
|t:|1769325198
|move|p1a: Zamazenta|Iron Defense|p1a: Zamazenta
|-boost|p1a: Zamazenta|def|2
|move|p2a: Another End|Future Sight|p1a: Zamazenta
|-start|p2a: Another End|move: Future Sight
|
|-heal|p1a: Zamazenta|67/100|[from] item: Leftovers
|upkeep
|turn|11
|c|☆D3grad3 m3|never seen agility on bro
|
|t:|1769325205
|move|p1a: Zamazenta|Iron Defense|p1a: Zamazenta
|-boost|p1a: Zamazenta|def|2
|move|p2a: Another End|Thunder Wave|p1a: Zamazenta
|-status|p1a: Zamazenta|par
|
|-heal|p1a: Zamazenta|73/100 par|[from] item: Leftovers
|upkeep
|turn|12
|c|☆UnregisteredFaiv|And then pray
|
|t:|1769325212
|move|p1a: Zamazenta|Body Press|p2a: Another End
|-resisted|p2a: Another End
|-damage|p2a: Another End|68/100
|move|p2a: Another End|Sludge Bomb|p1a: Zamazenta
|-damage|p1a: Zamazenta|41/100 par
|
|-end|p1a: Zamazenta|move: Future Sight
|-supereffective|p1a: Zamazenta
|-damage|p1a: Zamazenta|0 fnt
|faint|p1a: Zamazenta
|upkeep
|c|☆D3grad3 m3|Another end
|c|☆UnregisteredFaiv|I'm gonna need to pray a bit harder
|c|☆D3grad3 m3|LOL
|inactive|UnregisteredFaiv has 120 seconds left.
|c|☆UnregisteredFaiv|What do I even do now
|c|☆UnregisteredFaiv|This team is just for giggles
|c|☆D3grad3 m3|well
|c|☆D3grad3 m3|id go
|c|☆D3grad3 m3|gallade
|c|☆D3grad3 m3|and click
|c|☆D3grad3 m3|a psy move
|inactive|UnregisteredFaiv has 90 seconds left.
|c|☆UnregisteredFaiv|Do you can switch to meowscarada?
|c|☆UnregisteredFaiv|Bet
|c|☆D3grad3 m3|but i have a ms in the back so  you could hard predict and  go for a cc
|
|t:|1769325278
|switch|p1a: Gallade|Gallade, M|100/100
|turn|13
|inactive|UnregisteredFaiv has 90 seconds left.
|c|☆D3grad3 m3|mind games
|c|☆D3grad3 m3|hmmm
|c|☆D3grad3 m3|many options
|c|☆UnregisteredFaiv|I'm gonna switch to corvi
|c|☆D3grad3 m3|many many many
|c|☆D3grad3 m3|ok
|c|☆D3grad3 m3|im gonna swith to apados
|
|t:|1769325302
|switch|p1a: Corviknight|Corviknight, F, tera:Dark|55/100
|-ability|p1a: Corviknight|Pressure
|switch|p2a: Two Ballades|Zapdos|100/100
|
|-heal|p1a: Corviknight|62/100|[from] item: Leftovers
|upkeep
|turn|14
|inactive|UnregisteredFaiv has 90 seconds left.
|c|☆D3grad3 m3|clicking hurricane
|c|☆UnregisteredFaiv|I'm gonna switch to clef
|
|t:|1769325316
|switch|p1a: Clefable|Clefable, F|100/100
|move|p2a: Two Ballades|Hurricane|p1a: Clefable|[miss]
|-miss|p2a: Two Ballades|p1a: Clefable
|
|upkeep
|turn|15
|inactive|UnregisteredFaiv has 90 seconds left.
|c|☆D3grad3 m3|clicking thunder wave
|c|☆UnregisteredFaiv|I'm gonna zapdos
|
|t:|1769325332
|switch|p1a: Zapdos|Zapdos|100/100
|-ability|p1a: Zapdos|Pressure
|move|p2a: Two Ballades|Thunder Wave|p1a: Zapdos
|-immune|p1a: Zapdos
|
|upkeep
|turn|16
|inactive|UnregisteredFaiv has 90 seconds left.
|c|☆D3grad3 m3|clicking volt switch
|c|☆UnregisteredFaiv|Hurricane next move
|
|t:|1769325344
|move|p1a: Zapdos|Hurricane|p2a: Two Ballades
|-resisted|p2a: Two Ballades
|-damage|p2a: Two Ballades|74/100
|-start|p2a: Two Ballades|confusion
|-activate|p2a: Two Ballades|confusion
|move|p2a: Two Ballades|Volt Switch|p1a: Zapdos
|-damage|p1a: Zapdos|68/100
|c|☆D3grad3 m3|going ms
|
|t:|1769325350
|switch|p2a: Meowthsynth|Meowscarada, F|100/100|[from] Volt Switch
|
|upkeep
|turn|17
|c|☆D3grad3 m3|triple axel
|inactive|UnregisteredFaiv has 90 seconds left.
|c|☆UnregisteredFaiv|Clicking hurricane again
|
|t:|1769325364
|move|p2a: Meowthsynth|Triple Axel|p1a: Zapdos
|-start|p2a: Meowthsynth|typechange|Ice|[from] ability: Protean
|-supereffective|p1a: Zapdos
|-crit|p1a: Zapdos
|-damage|p1a: Zapdos|20/100
|-supereffective|p1a: Zapdos
|-damage|p1a: Zapdos|0 fnt
|faint|p1a: Zapdos
|-hitcount|p1: Zapdos|2
|
|upkeep
|
|t:|1769325366
|switch|p1a: Gallade|Gallade, M|100/100
|turn|18
|c|☆D3grad3 m3|clicking TA again
|c|☆UnregisteredFaiv|Agility on gallade
|inactive|UnregisteredFaiv has 90 seconds left.
|
|t:|1769325383
|move|p2a: Meowthsynth|Triple Axel|p1a: Gallade
|-damage|p1a: Gallade|75/100
|-damage|p1a: Gallade|26/100
|-damage|p1a: Gallade|0 fnt
|faint|p1a: Gallade
|-hitcount|p1: Gallade|3
|
|upkeep
|c|☆D3grad3 m3|you love agility
|inactive|UnregisteredFaiv has 90 seconds left.
|c|☆UnregisteredFaiv|Woah that actually
|c|☆UnregisteredFaiv|Hurts more than I thought
|c|☆D3grad3 m3|LOL
|c|☆D3grad3 m3|band
|c|☆UnregisteredFaiv|Ohhhh
|
|t:|1769325401
|switch|p1a: Corviknight|Corviknight, F, tera:Dark|62/100
|-ability|p1a: Corviknight|Pressure
|turn|19
|c|☆D3grad3 m3|meowthsynth
|c|☆UnregisteredFaiv|Gonna agility again
|c|☆UnregisteredFaiv|I do love agility
|c|☆D3grad3 m3|clickingta again
|
|t:|1769325416
|move|p2a: Meowthsynth|Triple Axel|p1a: Corviknight
|-damage|p1a: Corviknight|51/100
|-damage|p1a: Corviknight|28/100
|-damage|p1a: Corviknight|0 fnt
|faint|p1a: Corviknight
|-hitcount|p1: Corviknight|3
|
|upkeep
|
|t:|1769325422
|switch|p1a: Barraskewda|Barraskewda, F|51/100
|turn|20
|c|☆UnregisteredFaiv|CC on barraskewda
|c|☆D3grad3 m3|going draga
|
|t:|1769325432
|switch|p2a: STARLIGHT|Dragapult, F|100/100
|move|p1a: Barraskewda|Close Combat|p2a: STARLIGHT
|-immune|p2a: STARLIGHT
|
|upkeep
|turn|21
|c|☆UnregisteredFaiv|Forfeit
|c|☆D3grad3 m3|clicking tera blast ghost
|
|t:|1769325441
|-terastallize|p2a: STARLIGHT|Ghost
|move|p2a: STARLIGHT|Tera Blast|p1a: Barraskewda|[anim] Tera Blast Ghost
|-damage|p1a: Barraskewda|0 fnt
|faint|p1a: Barraskewda
|
|upkeep
|
|t:|1769325443
|switch|p1a: Clefable|Clefable, F|100/100
|turn|22
|
|t:|1769325450
|move|p2a: STARLIGHT|Tera Blast|p1a: Clefable|[anim] Tera Blast Ghost
|-crit|p1a: Clefable
|-damage|p1a: Clefable|0 fnt
|faint|p1a: Clefable
|
|win|D3grad3 m3
|raw|UnregisteredFaiv's rating: 1189 &rarr; <strong>1170</strong><br />(-19 for losing)
|raw|D3grad3 m3's rating: 1273 &rarr; <strong>1292</strong><br />(+19 for winning)
|c|☆UnregisteredFaiv|gg
|c|☆D3grad3 m3|oop
|c|☆D3grad3 m3|GG
|c|☆D3grad3 m3|was fun :D
|c|☆UnregisteredFaiv|Add me
|c|☆D3grad3 m3|good luck on ur games
|l|☆UnregisteredFaiv
|player|p1|
