|j|☆rpgking2000
|j|☆simisearontop
|t:|1769314756
|gametype|singles
|player|p1|rpgking2000|silver-gen2|1439
|player|p2|simisearontop|bellelba|1367
|gen|9
|tier|[Gen 9] OU
|rated|
|rule|HP Percentage Mod: HP is shown in percentages
|rule|Endless Battle Clause: Forcing endless battles is banned
|rule|Species Clause: Limit one of each Pokémon
|rule|OHKO Clause: OHKO moves are banned
|rule|Evasion Items Clause: Evasion items are banned
|rule|Evasion Moves Clause: Evasion moves are banned
|rule|Evasion Abilities Clause: Evasion abilities are banned
|rule|Sleep Moves Clause: Sleep-inducing moves are banned
|clearpoke
|poke|p1|Gliscor, F|
|poke|p1|Weavile, M|
|poke|p1|Latios, M|
|poke|p1|Slowking-Galar, F|
|poke|p1|Cobalion|
|poke|p1|Pecharunt|
|poke|p2|Torkoal, F|
|poke|p2|Leafeon, M|
|poke|p2|Walking Wake|
|poke|p2|Gliscor, M|
|poke|p2|Raging Bolt|
|poke|p2|Hoopa-Unbound|
|teampreview
|inactive|Battle timer is ON: inactive players will automatically lose when time's up. (requested by simisearontop)
|
|t:|1769314773
|teamsize|p1|6
|teamsize|p2|6
|start
|switch|p1a: Latios|Latios, M|100/100
|switch|p2a: choo choo|Torkoal, F|100/100
|-weather|SunnyDay|[from] ability: Drought|[of] p2a: choo choo
|turn|1
|
|t:|1769314783
|switch|p2a: :3|Leafeon, M|100/100
|move|p1a: Latios|Draco Meteor|p2a: :3
|-damage|p2a: :3|0 fnt
|-unboost|p1a: Latios|spa|2
|faint|p2a: :3
|
|-weather|SunnyDay|[upkeep]
|upkeep
|
|t:|1769314791
|switch|p2a: im gonna touch you|Hoopa-Unbound|100/100
|turn|2
|
|t:|1769314811
|switch|p1a: Cobalion|Cobalion|100/100
|move|p2a: im gonna touch you|Drain Punch|p1a: Cobalion
|-supereffective|p1a: Cobalion
|-crit|p1a: Cobalion
|-damage|p1a: Cobalion|51/100
|
|-weather|SunnyDay|[upkeep]
|-heal|p1a: Cobalion|57/100|[from] item: Leftovers
|upkeep
|turn|3
|
|t:|1769314822
|switch|p2a: WaWa|Walking Wake|100/100
|-activate|p2a: WaWa|ability: Protosynthesis
|-start|p2a: WaWa|protosynthesisspe
|move|p1a: Cobalion|Stealth Rock|p2a: WaWa
|-sidestart|p2: simisearontop|move: Stealth Rock
|
|-weather|SunnyDay|[upkeep]
|-heal|p1a: Cobalion|64/100|[from] item: Leftovers
|upkeep
|turn|4
|
|t:|1769314835
|switch|p1a: Slowking|Slowking-Galar, F|100/100
|move|p2a: WaWa|Hydro Steam|p1a: Slowking
|-damage|p1a: Slowking|46/100
|
|-weather|SunnyDay|[upkeep]
|upkeep
|turn|5
|
|t:|1769314840
|-terastallize|p1a: Slowking|Water
|move|p2a: WaWa|Hydro Steam|p1a: Slowking
|-resisted|p1a: Slowking
|-damage|p1a: Slowking|18/100
|-prepare|p1a: Slowking|Chilly Reception|[premajor]
|move|p1a: Slowking|Chilly Reception|p1a: Slowking
|-weather|Snowscape
|-end|p2a: WaWa|Protosynthesis
|
|t:|1769314849
|switch|p1a: Latios|Latios, M|100/100|[from] Chilly Reception
|
|-weather|Snowscape|[upkeep]
|upkeep
|turn|6
|
|t:|1769314851
|-end|p2a: WaWa|Protosynthesis|[silent]
|switch|p2a: choo choo|Torkoal, F|100/100
|-damage|p2a: choo choo|76/100|[from] Stealth Rock
|-weather|SunnyDay|[from] ability: Drought|[of] p2a: choo choo
|move|p1a: Latios|Luster Purge|p2a: choo choo
|-damage|p2a: choo choo|0 fnt
|faint|p2a: choo choo
|
|-weather|SunnyDay|[upkeep]
|upkeep
|
|t:|1769314861
|switch|p2a: WaWa|Walking Wake|100/100
|-damage|p2a: WaWa|88/100|[from] Stealth Rock
|-activate|p2a: WaWa|ability: Protosynthesis
|-start|p2a: WaWa|protosynthesisspe
|turn|7
|
|t:|1769314870
|switch|p1a: Gliscor|Gliscor, F|100/100
|move|p2a: WaWa|Dragon Pulse|p1a: Gliscor
|-damage|p1a: Gliscor|40/100
|
|-weather|SunnyDay|[upkeep]
|-status|p1a: Gliscor|tox|[from] item: Toxic Orb
|upkeep
|turn|8
|
|t:|1769314877
|move|p1a: Gliscor|Protect|p1a: Gliscor
|-singleturn|p1a: Gliscor|Protect
|move|p2a: WaWa|Dragon Pulse|p1a: Gliscor
|-activate|p1a: Gliscor|move: Protect
|
|-weather|SunnyDay|[upkeep]
|-heal|p1a: Gliscor|52/100 tox|[from] ability: Poison Heal
|upkeep
|turn|9
|
|t:|1769314880
|move|p1a: Gliscor|Protect|p1a: Gliscor
|-singleturn|p1a: Gliscor|Protect
|move|p2a: WaWa|Dragon Pulse|p1a: Gliscor
|-activate|p1a: Gliscor|move: Protect
|
|-weather|SunnyDay|[upkeep]
|-heal|p1a: Gliscor|65/100 tox|[from] ability: Poison Heal
|upkeep
|turn|10
|
|t:|1769314887
|move|p2a: WaWa|Dragon Pulse|p1a: Gliscor
|-damage|p1a: Gliscor|5/100 tox
|move|p1a: Gliscor|Toxic|p2a: WaWa
|-status|p2a: WaWa|tox
|
|-weather|SunnyDay|[upkeep]
|-damage|p2a: WaWa|82/100 tox|[from] psn
|-heal|p1a: Gliscor|18/100 tox|[from] ability: Poison Heal
|upkeep
|turn|11
|
|t:|1769314891
|move|p1a: Gliscor|Protect|p1a: Gliscor
|-singleturn|p1a: Gliscor|Protect
|move|p2a: WaWa|Dragon Pulse|p1a: Gliscor
|-activate|p1a: Gliscor|move: Protect
|
|-weather|SunnyDay|[upkeep]
|-damage|p2a: WaWa|70/100 tox|[from] psn
|-heal|p1a: Gliscor|30/100 tox|[from] ability: Poison Heal
|upkeep
|turn|12
|
|t:|1769314893
|move|p1a: Gliscor|Protect||[still]
|-fail|p1a: Gliscor
|move|p2a: WaWa|Dragon Pulse|p1a: Gliscor
|-damage|p1a: Gliscor|0 fnt
|faint|p1a: Gliscor
|
|-weather|SunnyDay|[upkeep]
|-damage|p2a: WaWa|51/100 tox|[from] psn
|upkeep
|
|t:|1769314902
|switch|p1a: Slowking|Slowking-Galar, F, tera:Water|52/100
|turn|13
|
|t:|1769314904
|move|p2a: WaWa|Dragon Pulse|p1a: Slowking
|-damage|p1a: Slowking|13/100
|-prepare|p1a: Slowking|Chilly Reception|[premajor]
|move|p1a: Slowking|Chilly Reception|p1a: Slowking
|-weather|Snowscape
|-end|p2a: WaWa|Protosynthesis
|
|t:|1769314910
|switch|p1a: Weavile|Weavile, M|100/100|[from] Chilly Reception
|-ability|p1a: Weavile|Pressure
|
|-weather|Snowscape|[upkeep]
|-damage|p2a: WaWa|26/100 tox|[from] psn
|upkeep
|turn|14
|
|t:|1769314916
|move|p1a: Weavile|Knock Off|p2a: WaWa
|-damage|p2a: WaWa|0 fnt
|-enditem|p2a: WaWa|Choice Specs|[from] move: Knock Off|[of] p1a: Weavile
|faint|p2a: WaWa
|-end|p2a: WaWa|Protosynthesis|[silent]
|
|-weather|Snowscape|[upkeep]
|upkeep
|
|t:|1769314919
|switch|p2a: im gonna touch you|Hoopa-Unbound|100/100
|-damage|p2a: im gonna touch you|88/100|[from] Stealth Rock
|turn|15
|
|t:|1769314924
|switch|p1a: Pecharunt|Pecharunt|100/100
|move|p2a: im gonna touch you|Drain Punch|p1a: Pecharunt
|-immune|p1a: Pecharunt
|
|-weather|Snowscape|[upkeep]
|upkeep
|turn|16
|
|t:|1769314928
|switch|p2a: Score!!!|Gliscor, M|100/100
|-damage|p2a: Score!!!|88/100|[from] Stealth Rock
|move|p1a: Pecharunt|Malignant Chain|p2a: Score!!!
|-resisted|p2a: Score!!!
|-damage|p2a: Score!!!|64/100
|-status|p2a: Score!!!|tox
|-start|p2a: Score!!!|confusion|[from] ability: Poison Puppeteer|[of] p1a: Pecharunt
|
|-weather|Snowscape|[upkeep]
|-heal|p2a: Score!!!|76/100 tox|[from] ability: Poison Heal
|upkeep
|turn|17
|
|t:|1769314935
|-activate|p2a: Score!!!|confusion
|-damage|p2a: Score!!!|65/100 tox|[from] confusion
|move|p1a: Pecharunt|Parting Shot|p2a: Score!!!
|-unboost|p2a: Score!!!|atk|1
|-unboost|p2a: Score!!!|spa|1
|
|t:|1769314939
|switch|p1a: Weavile|Weavile, M|100/100|[from] Parting Shot
|-ability|p1a: Weavile|Pressure
|
|-weather|none
|-heal|p2a: Score!!!|77/100 tox|[from] ability: Poison Heal
|upkeep
|turn|18
|
|t:|1769314944
|switch|p2a: tall girl 4|Raging Bolt|100/100
|-damage|p2a: tall girl 4|88/100|[from] Stealth Rock
|move|p1a: Weavile|Swords Dance|p1a: Weavile
|-boost|p1a: Weavile|atk|2
|
|-heal|p2a: tall girl 4|94/100|[from] item: Leftovers
|upkeep
|turn|19
|
|t:|1769314957
|-terastallize|p2a: tall girl 4|Bug
|move|p1a: Weavile|Icicle Crash|p2a: tall girl 4
|-damage|p2a: tall girl 4|24/100
|cant|p2a: tall girl 4|flinch
|
|-heal|p2a: tall girl 4|30/100|[from] item: Leftovers
|upkeep
|turn|20
|
|t:|1769314967
|move|p2a: tall girl 4|Thunderclap|p1a: Weavile
|-damage|p1a: Weavile|45/100
|move|p1a: Weavile|Knock Off|p2a: tall girl 4
|-damage|p2a: tall girl 4|0 fnt
|-enditem|p2a: tall girl 4|Leftovers|[from] move: Knock Off|[of] p1a: Weavile
|faint|p2a: tall girl 4
|-end|p2a: tall girl 4|Protosynthesis|[silent]
|
|upkeep
|
|t:|1769314974
|switch|p2a: im gonna touch you|Hoopa-Unbound|88/100
|-damage|p2a: im gonna touch you|76/100|[from] Stealth Rock
|turn|21
|
|t:|1769314976
|move|p2a: im gonna touch you|Hyperspace Fury|p1a: Weavile
|-resisted|p1a: Weavile
|-damage|p1a: Weavile|0 fnt
|-unboost|p2a: im gonna touch you|def|1
|faint|p1a: Weavile
|
|upkeep
|
|t:|1769314979
|switch|p1a: Cobalion|Cobalion|64/100
|turn|22
|
|t:|1769314982
|switch|p2a: Score!!!|Gliscor, M|77/100 tox
|-damage|p2a: Score!!!|65/100 tox|[from] Stealth Rock
|move|p1a: Cobalion|Iron Defense|p1a: Cobalion
|-boost|p1a: Cobalion|def|2
|
|-heal|p1a: Cobalion|70/100|[from] item: Leftovers
|-heal|p2a: Score!!!|77/100 tox|[from] ability: Poison Heal
|upkeep
|turn|23
|
|t:|1769314986
|move|p2a: Score!!!|Earthquake|p1a: Cobalion
|-supereffective|p1a: Cobalion
|-damage|p1a: Cobalion|49/100
|move|p1a: Cobalion|Iron Defense|p1a: Cobalion
|-boost|p1a: Cobalion|def|2
|
|-heal|p1a: Cobalion|55/100|[from] item: Leftovers
|-heal|p2a: Score!!!|90/100 tox|[from] ability: Poison Heal
|upkeep
|turn|24
|
|t:|1769314990
|move|p2a: Score!!!|Earthquake|p1a: Cobalion
|-supereffective|p1a: Cobalion
|-crit|p1a: Cobalion
|-damage|p1a: Cobalion|0 fnt
|faint|p1a: Cobalion
|
|-heal|p2a: Score!!!|100/100 tox|[from] ability: Poison Heal
|upkeep
|
|t:|1769314993
|switch|p1a: Latios|Latios, M|100/100
|turn|25
|
|t:|1769314996
|move|p1a: Latios|Draco Meteor|p2a: Score!!!
|-damage|p2a: Score!!!|0 fnt
|-unboost|p1a: Latios|spa|2
|faint|p2a: Score!!!
|
|upkeep
|
|t:|1769314998
|switch|p2a: im gonna touch you|Hoopa-Unbound|76/100
|-damage|p2a: im gonna touch you|64/100|[from] Stealth Rock
|turn|26
|
|t:|1769314999
|move|p2a: im gonna touch you|Hyperspace Fury|p1a: Latios
|-supereffective|p1a: Latios
|-damage|p1a: Latios|0 fnt
|-unboost|p2a: im gonna touch you|def|1
|faint|p1a: Latios
|
|upkeep
|
|t:|1769315003
|switch|p1a: Pecharunt|Pecharunt|100/100
|turn|27
|
|t:|1769315005
|move|p2a: im gonna touch you|Hyperspace Fury|p1a: Pecharunt
|-supereffective|p1a: Pecharunt
|-damage|p1a: Pecharunt|45/100
|-unboost|p2a: im gonna touch you|def|1
|move|p1a: Pecharunt|Malignant Chain|p2a: im gonna touch you
|-damage|p2a: im gonna touch you|36/100
|
|upkeep
|turn|28
|
|t:|1769315013
|move|p2a: im gonna touch you|Hyperspace Fury|p1a: Pecharunt
|-supereffective|p1a: Pecharunt
|-damage|p1a: Pecharunt|0 fnt
|-unboost|p2a: im gonna touch you|def|1
|faint|p1a: Pecharunt
|
|upkeep
|
|t:|1769315014
|switch|p1a: Slowking|Slowking-Galar, F, tera:Water|46/100
|turn|29
|
|t:|1769315016
|move|p2a: im gonna touch you|Hyperspace Fury|p1a: Slowking
|-damage|p1a: Slowking|0 fnt
|-unboost|p2a: im gonna touch you|def|1
|faint|p1a: Slowking
|
|win|simisearontop
|raw|rpgking2000's rating: 1439 &rarr; <strong>1415</strong><br />(-24 for losing)
|raw|simisearontop's rating: 1367 &rarr; <strong>1391</strong><br />(+24 for winning)
|l|☆rpgking2000
|player|p1|
