|j|☆timud
|j|☆Linnotoooo
|t:|1769322534
|gametype|singles
|player|p1|timud|hilda-wonderlauncher|1078
|player|p2|Linnotoooo|dancer|1131
|gen|9
|tier|[Gen 9] OU
|rated|
|rule|HP Percentage Mod: HP is shown in percentages
|rule|Endless Battle Clause: Forcing endless battles is banned
|rule|Species Clause: Limit one of each Pokémon
|rule|OHKO Clause: OHKO moves are banned
|rule|Evasion Items Clause: Evasion items are banned
|rule|Evasion Moves Clause: Evasion moves are banned
|rule|Evasion Abilities Clause: Evasion abilities are banned
|rule|Sleep Moves Clause: Sleep-inducing moves are banned
|clearpoke
|poke|p1|Corviknight, M|
|poke|p1|Dragapult, F|
|poke|p1|Kingambit, F|
|poke|p1|Alomomola, M|
|poke|p1|Toxapex, F|
|poke|p1|Gliscor, M|
|poke|p2|Zoroark-Hisui, M|
|poke|p2|Ceruledge, M|
|poke|p2|Primarina, F|
|poke|p2|Great Tusk|
|poke|p2|Kingambit, F|
|poke|p2|Moltres|
|teampreview
|inactive|Battle timer is ON: inactive players will automatically lose when time's up. (requested by timud)
|inactive|Linnotoooo has 120 seconds left.
|
|t:|1769322565
|teamsize|p1|6
|teamsize|p2|6
|start
|switch|p1a: Toxapex|Toxapex, F|100/100
|switch|p2a: Moltres|Moltres|100/100
|turn|1
|
|t:|1769322577
|move|p2a: Moltres|Scorching Sands|p1a: Toxapex
|-supereffective|p1a: Toxapex
|-crit|p1a: Toxapex
|-damage|p1a: Toxapex|50/100
|move|p1a: Toxapex|Toxic|p2a: Moltres
|-status|p2a: Moltres|tox
|
|-heal|p1a: Toxapex|56/100|[from] item: Black Sludge
|-damage|p2a: Moltres|94/100 tox|[from] psn
|upkeep
|turn|2
|
|t:|1769322585
|move|p2a: Moltres|Roost|p2a: Moltres
|-heal|p2a: Moltres|100/100 tox
|-singleturn|p2a: Moltres|move: Roost
|move|p1a: Toxapex|Recover|p1a: Toxapex
|-heal|p1a: Toxapex|100/100
|
|-damage|p2a: Moltres|88/100 tox|[from] psn
|upkeep
|turn|3
|
|t:|1769322593
|switch|p2a: Great Tusk|Great Tusk|100/100
|move|p1a: Toxapex|Liquidation|p2a: Great Tusk
|-supereffective|p2a: Great Tusk
|-damage|p2a: Great Tusk|76/100
|
|upkeep
|turn|4
|
|t:|1769322607
|switch|p1a: Gliscor|Gliscor, M|100/100
|move|p2a: Great Tusk|Earthquake|p1a: Gliscor
|-immune|p1a: Gliscor
|
|-status|p1a: Gliscor|tox|[from] item: Toxic Orb
|upkeep
|turn|5
|
|t:|1769322614
|move|p1a: Gliscor|Swords Dance|p1a: Gliscor
|-boost|p1a: Gliscor|atk|2
|move|p2a: Great Tusk|Ice Spinner|p1a: Gliscor
|-supereffective|p1a: Gliscor
|-damage|p1a: Gliscor|31/100 tox
|
|-heal|p1a: Gliscor|44/100 tox|[from] ability: Poison Heal
|upkeep
|turn|6
|
|t:|1769322623
|move|p1a: Gliscor|Crabhammer|p2a: Great Tusk
|-supereffective|p2a: Great Tusk
|-damage|p2a: Great Tusk|14/100
|move|p2a: Great Tusk|Ice Spinner|p1a: Gliscor
|-supereffective|p1a: Gliscor
|-damage|p1a: Gliscor|0 fnt
|faint|p1a: Gliscor
|
|upkeep
|
|t:|1769322629
|switch|p1a: Alomomola|Alomomola, M|100/100
|turn|7
|
|t:|1769322632
|move|p2a: Great Tusk|Body Press|p1a: Alomomola
|-damage|p1a: Alomomola|77/100
|move|p1a: Alomomola|Flip Turn|p2a: Great Tusk
|-supereffective|p2a: Great Tusk
|-damage|p2a: Great Tusk|0 fnt
|faint|p2a: Great Tusk
|-end|p2a: Great Tusk|Protosynthesis|[silent]
|
|t:|1769322638
|switch|p1a: Toxapex|Toxapex, F|100/100|[from] Flip Turn
|
|upkeep
|
|t:|1769322648
|switch|p2a: Kingambit|Kingambit, F|100/100
|-activate|p2a: Kingambit|ability: Supreme Overlord
|-start|p2a: Kingambit|fallen1|[silent]
|turn|8
|
|t:|1769322654
|move|p2a: Kingambit|Kowtow Cleave|p1a: Toxapex
|-damage|p1a: Toxapex|63/100
|move|p1a: Toxapex|Liquidation|p2a: Kingambit
|-damage|p2a: Kingambit|82/100
|
|-heal|p1a: Toxapex|69/100|[from] item: Black Sludge
|upkeep
|turn|9
|
|t:|1769322664
|switch|p1a: Corviknight|Corviknight, M|100/100
|move|p2a: Kingambit|Kowtow Cleave|p1a: Corviknight
|-damage|p1a: Corviknight|54/100
|-damage|p2a: Kingambit|66/100|[from] item: Rocky Helmet|[of] p1a: Corviknight
|
|upkeep
|turn|10
|
|t:|1769322673
|-end|p2a: Kingambit|fallen1|[silent]
|switch|p2a: Moltres|Moltres|88/100 tox
|move|p1a: Corviknight|Iron Defense|p1a: Corviknight
|-boost|p1a: Corviknight|def|2
|
|-damage|p2a: Moltres|82/100 tox|[from] psn
|upkeep
|turn|11
|
|t:|1769322685
|switch|p1a: Alomomola|Alomomola, M|100/100
|move|p2a: Moltres|Flamethrower|p1a: Alomomola
|-resisted|p1a: Alomomola
|-damage|p1a: Alomomola|81/100
|
|-damage|p2a: Moltres|69/100 tox|[from] psn
|upkeep
|turn|12
|
|t:|1769322695
|move|p2a: Moltres|Flamethrower|p1a: Alomomola
|-resisted|p1a: Alomomola
|-damage|p1a: Alomomola|62/100
|move|p1a: Alomomola|Mirror Coat|p2a: Moltres
|-damage|p2a: Moltres|10/100 tox
|
|-damage|p2a: Moltres|0 fnt|[from] psn
|faint|p2a: Moltres
|upkeep
|
|t:|1769322716
|switch|p2a: Primarina|Primarina, F|100/100
|turn|13
|
|t:|1769322731
|switch|p2a: Ceruledge|Ceruledge, M|100/100
|move|p1a: Alomomola|Wish|p1a: Alomomola
|
|upkeep
|turn|14
|
|t:|1769322747
|move|p2a: Ceruledge|Nasty Plot|p2a: Ceruledge
|-boost|p2a: Ceruledge|spa|2
|move|p1a: Alomomola|Flip Turn|p2a: Ceruledge
|-damage|p2a: Ceruledge|65/100
|replace|p2a: Zoroark|Zoroark-Hisui, M
|-end|p2a: Zoroark|Illusion
|
|t:|1769322758
|switch|p1a: Corviknight|Corviknight, M|54/100|[from] Flip Turn
|
|-heal|p1a: Corviknight|100/100|[from] move: Wish|[wisher] Alomomola
|upkeep
|turn|15
|
|t:|1769322777
|switch|p1a: Toxapex|Toxapex, F|100/100
|move|p2a: Zoroark|U-turn|p1a: Toxapex
|-resisted|p1a: Toxapex
|-crit|p1a: Toxapex
|-damage|p1a: Toxapex|93/100
|
|t:|1769322787
|switch|p2a: Kingambit|Kingambit, F|66/100|[from] U-turn
|-activate|p2a: Kingambit|ability: Supreme Overlord
|-start|p2a: Kingambit|fallen2|[silent]
|
|-heal|p1a: Toxapex|99/100|[from] item: Black Sludge
|upkeep
|turn|16
|
|t:|1769322802
|switch|p1a: Alomomola|Alomomola, M|95/100
|move|p2a: Kingambit|Kowtow Cleave|p1a: Alomomola
|-damage|p1a: Alomomola|60/100
|
|upkeep
|turn|17
|
|t:|1769322812
|move|p2a: Kingambit|Kowtow Cleave|p1a: Alomomola
|-damage|p1a: Alomomola|28/100
|-enditem|p1a: Alomomola|Sitrus Berry|[eat]
|-heal|p1a: Alomomola|53/100|[from] item: Sitrus Berry
|move|p1a: Alomomola|Pain Split|p2a: Kingambit
|-sethp|p2a: Kingambit|73/100|[from] move: Pain Split|[silent]
|-sethp|p1a: Alomomola|48/100|[from] move: Pain Split
|
|upkeep
|turn|18
|
|t:|1769322824
|move|p2a: Kingambit|Sucker Punch||[still]
|-fail|p2a: Kingambit
|move|p1a: Alomomola|Wish|p1a: Alomomola
|
|upkeep
|turn|19
|
|t:|1769322830
|move|p2a: Kingambit|Kowtow Cleave|p1a: Alomomola
|-damage|p1a: Alomomola|13/100
|move|p1a: Alomomola|Mirror Coat||[still]
|-fail|p1a: Alomomola
|
|-heal|p1a: Alomomola|63/100|[from] move: Wish|[wisher] Alomomola
|upkeep
|turn|20
|
|t:|1769322839
|switch|p1a: Corviknight|Corviknight, M|100/100
|move|p2a: Kingambit|Kowtow Cleave|p1a: Corviknight
|-crit|p1a: Corviknight
|-damage|p1a: Corviknight|28/100
|-damage|p2a: Kingambit|57/100|[from] item: Rocky Helmet|[of] p1a: Corviknight
|
|upkeep
|turn|21
|
|t:|1769322861
|move|p2a: Kingambit|Kowtow Cleave|p1a: Corviknight
|-damage|p1a: Corviknight|0 fnt
|-damage|p2a: Kingambit|40/100|[from] item: Rocky Helmet|[of] p1a: Corviknight
|faint|p1a: Corviknight
|
|upkeep
|
|t:|1769322867
|switch|p1a: Toxapex|Toxapex, F|100/100
|turn|22
|inactive|timud has 120 seconds left.
|inactive|timud has 90 seconds left.
|inactive|timud has 60 seconds left.
|inactive|timud has 30 seconds left.
|inactive|timud has 20 seconds left.
|inactive|timud has 15 seconds left.
|inactive|timud has 10 seconds left.
|inactive|timud has 5 seconds left.
|-message|timud lost due to inactivity.
|
|win|Linnotoooo
|raw|timud's rating: 1078 &rarr; <strong>1060</strong><br />(-18 for losing)
|raw|Linnotoooo's rating: 1131 &rarr; <strong>1152</strong><br />(+21 for winning)
|l|☆timud
|player|p1|
