|j|☆maxmoefoe pokemon
|j|☆CambridgeFoulPlay
|t:|1769335407
|gametype|singles
|player|p1|maxmoefoe pokemon|1|1596
|player|p2|CambridgeFoulPlay|266|1644
|gen|9
|tier|[Gen 9] OU
|rated|
|rule|HP Percentage Mod: HP is shown in percentages
|rule|Endless Battle Clause: Forcing endless battles is banned
|rule|Species Clause: Limit one of each Pokémon
|rule|OHKO Clause: OHKO moves are banned
|rule|Evasion Items Clause: Evasion items are banned
|rule|Evasion Moves Clause: Evasion moves are banned
|rule|Evasion Abilities Clause: Evasion abilities are banned
|rule|Sleep Moves Clause: Sleep-inducing moves are banned
|clearpoke
|poke|p1|Enamorus, F|
|poke|p1|Iron Moth|
|poke|p1|Landorus-Therian, M|
|poke|p1|Kingambit, F|
|poke|p1|Ogerpon-Wellspring, F|
|poke|p1|Deoxys-Speed|
|poke|p2|Hydrapple, M|
|poke|p2|Tyranitar, F|
|poke|p2|Moltres|
|poke|p2|Zamazenta-*|
|poke|p2|Slowking-Galar, M|
|poke|p2|Excadrill, F|
|teampreview
|c|☆CambridgeFoulPlay|hf
|inactive|Battle timer is ON: inactive players will automatically lose when time's up. (requested by CambridgeFoulPlay)
|inactive|maxmoefoe pokemon has 120 seconds left.
|
|t:|1769335453
|teamsize|p1|6
|teamsize|p2|6
|start
|switch|p1a: Deoxys|Deoxys-Speed|100/100
|switch|p2a: Slowking|Slowking-Galar, M|100/100
|-ability|p1a: Deoxys|Pressure
|turn|1
|
|t:|1769335455
|move|p1a: Deoxys|Knock Off|p2a: Slowking
|-supereffective|p2a: Slowking
|-damage|p2a: Slowking|48/100
|-enditem|p2a: Slowking|Assault Vest|[from] move: Knock Off|[of] p1a: Deoxys
|-damage|p1a: Deoxys|91/100|[from] item: Life Orb
|move|p2a: Slowking|Flamethrower|p1a: Deoxys
|-damage|p1a: Deoxys|53/100
|
|upkeep
|turn|2
|
|t:|1769335466
|switch|p1a: Landorus|Landorus-Therian, M|100/100
|-ability|p1a: Landorus|Intimidate|boost
|-unboost|p2a: Slowking|atk|1
|switch|p2a: Tyranitar|Tyranitar, F|100/100
|-weather|Sandstorm|[from] ability: Sand Stream|[of] p2a: Tyranitar
|
|-weather|Sandstorm|[upkeep]
|upkeep
|turn|3
|
|t:|1769335469
|move|p1a: Landorus|Taunt|p2a: Tyranitar
|-start|p2a: Tyranitar|move: Taunt
|cant|p2a: Tyranitar|move: Taunt|Stealth Rock
|
|-weather|Sandstorm|[upkeep]
|upkeep
|turn|4
|
|t:|1769335472
|move|p1a: Landorus|Stealth Rock|p2a: Tyranitar
|-sidestart|p2: CambridgeFoulPlay|move: Stealth Rock
|move|p2a: Tyranitar|Knock Off|p1a: Landorus
|-damage|p1a: Landorus|60/100
|-damage|p2a: Tyranitar|84/100|[from] item: Rocky Helmet|[of] p1a: Landorus
|-enditem|p1a: Landorus|Rocky Helmet|[from] move: Knock Off|[of] p2a: Tyranitar
|
|-weather|Sandstorm|[upkeep]
|upkeep
|turn|5
|
|t:|1769335476
|move|p1a: Landorus|U-turn|p2a: Tyranitar
|-supereffective|p2a: Tyranitar
|-damage|p2a: Tyranitar|52/100
|
|t:|1769335481
|switch|p1a: Kingambit|Kingambit, F|100/100|[from] U-turn
|move|p2a: Tyranitar|Knock Off|p1a: Kingambit
|-resisted|p1a: Kingambit
|-damage|p1a: Kingambit|82/100
|-enditem|p1a: Kingambit|Black Glasses|[from] move: Knock Off|[of] p2a: Tyranitar
|
|-weather|Sandstorm|[upkeep]
|-end|p2a: Tyranitar|move: Taunt
|upkeep
|turn|6
|
|t:|1769335485
|move|p1a: Kingambit|Iron Head|p2a: Tyranitar
|-supereffective|p2a: Tyranitar
|-crit|p2a: Tyranitar
|-damage|p2a: Tyranitar|0 fnt
|faint|p2a: Tyranitar
|
|-weather|Sandstorm|[upkeep]
|upkeep
|
|t:|1769335489
|switch|p2a: Excadrill|Excadrill, F|100/100
|-damage|p2a: Excadrill|97/100|[from] Stealth Rock
|-item|p2a: Excadrill|Air Balloon
|turn|7
|
|t:|1769335493
|move|p2a: Excadrill|Earthquake|p1a: Kingambit
|-supereffective|p1a: Kingambit
|-damage|p1a: Kingambit|0 fnt
|faint|p1a: Kingambit
|-end|p1a: Kingambit|fallenundefined|[silent]
|
|-weather|Sandstorm|[upkeep]
|upkeep
|j| nitroLazer120
|
|t:|1769335498
|switch|p1a: Landorus|Landorus-Therian, M|60/100
|-ability|p1a: Landorus|Intimidate|boost
|-unboost|p2a: Excadrill|atk|1
|turn|8
|
|t:|1769335504
|move|p2a: Excadrill|Rapid Spin|p1a: Landorus
|-damage|p1a: Landorus|48/100
|-boost|p2a: Excadrill|spe|1
|-sideend|p2: CambridgeFoulPlay|Stealth Rock|[from] move: Rapid Spin|[of] p2a: Excadrill
|move|p1a: Landorus|U-turn|p2a: Excadrill
|-resisted|p2a: Excadrill
|-damage|p2a: Excadrill|82/100
|-enditem|p2a: Excadrill|Air Balloon
|
|t:|1769335511
|switch|p1a: Ogerpon|Ogerpon-Wellspring, F|100/100|[from] U-turn
|
|-weather|Sandstorm|[upkeep]
|-damage|p1a: Ogerpon|95/100|[from] Sandstorm
|upkeep
|turn|9
|
|t:|1769335513
|switch|p2a: Hydrapple|Hydrapple, M|100/100
|move|p1a: Ogerpon|Ivy Cudgel|p2a: Hydrapple|[anim] Ivy Cudgel Water
|-resisted|p2a: Hydrapple
|-damage|p2a: Hydrapple|92/100
|
|-weather|none
|upkeep
|turn|10
|
|t:|1769335521
|switch|p2a: Slowking|Slowking-Galar, M|81/100
|move|p1a: Ogerpon|Spikes|p2a: Slowking
|-sidestart|p2: CambridgeFoulPlay|Spikes
|
|upkeep
|turn|11
|
|t:|1769335530
|-terastallize|p1a: Ogerpon|Water
|detailschange|p1a: Ogerpon|Ogerpon-Wellspring-Tera, F, tera:Water
|-ability|p1a: Ogerpon|Embody Aspect (Wellspring)|boost
|-boost|p1a: Ogerpon|spd|1
|move|p1a: Ogerpon|Ivy Cudgel|p2a: Slowking|[anim] Ivy Cudgel Water
|-damage|p2a: Slowking|19/100
|move|p2a: Slowking|Sludge Bomb|p1a: Ogerpon
|-damage|p1a: Ogerpon|69/100
|
|upkeep
|turn|12
|
|t:|1769335539
|switch|p2a: Hydrapple|Hydrapple, M|100/100
|move|p1a: Ogerpon|Ivy Cudgel|p2a: Hydrapple|[anim] Ivy Cudgel Water
|-resisted|p2a: Hydrapple
|-damage|p2a: Hydrapple|88/100
|
|upkeep
|turn|13
|
|t:|1769335544
|switch|p1a: Iron Moth|Iron Moth|100/100
|-enditem|p1a: Iron Moth|Booster Energy
|-activate|p1a: Iron Moth|ability: Quark Drive|[fromitem]
|-start|p1a: Iron Moth|quarkdrivespe
|move|p2a: Hydrapple|Giga Drain|p1a: Iron Moth
|-resisted|p1a: Iron Moth
|-damage|p1a: Iron Moth|93/100
|-heal|p2a: Hydrapple|91/100|[from] drain|[of] p1a: Iron Moth
|
|upkeep
|turn|14
|
|t:|1769335547
|-terastallize|p2a: Hydrapple|Poison
|move|p1a: Iron Moth|Substitute|p1a: Iron Moth
|-start|p1a: Iron Moth|Substitute
|-damage|p1a: Iron Moth|68/100
|move|p2a: Hydrapple|Earth Power|p1a: Iron Moth
|-supereffective|p1a: Iron Moth
|-end|p1a: Iron Moth|Substitute
|
|upkeep
|turn|15
|j| antologyy
|
|t:|1769335554
|-end|p1a: Iron Moth|Quark Drive|[silent]
|switch|p1a: Landorus|Landorus-Therian, M|48/100
|-ability|p1a: Landorus|Intimidate|boost
|-unboost|p2a: Hydrapple|atk|1
|move|p2a: Hydrapple|Earth Power|p1a: Landorus
|-immune|p1a: Landorus
|
|upkeep
|turn|16
|
|t:|1769335559
|move|p1a: Landorus|Stealth Rock|p2a: Hydrapple
|-sidestart|p2: CambridgeFoulPlay|move: Stealth Rock
|move|p2a: Hydrapple|Giga Drain|p1a: Landorus
|-damage|p1a: Landorus|16/100
|-heal|p2a: Hydrapple|100/100|[from] drain|[of] p1a: Landorus
|
|upkeep
|turn|17
|
|t:|1769335563
|move|p1a: Landorus|Earth Power|p2a: Hydrapple
|-supereffective|p2a: Hydrapple
|-damage|p2a: Hydrapple|38/100
|move|p2a: Hydrapple|Giga Drain|p1a: Landorus
|-damage|p1a: Landorus|0 fnt
|-heal|p2a: Hydrapple|45/100|[from] drain|[of] p1a: Landorus
|faint|p1a: Landorus
|
|upkeep
|
|t:|1769335569
|switch|p1a: Deoxys|Deoxys-Speed|53/100
|-ability|p1a: Deoxys|Pressure
|turn|18
|
|t:|1769335571
|switch|p2a: Slowking|Slowking-Galar, M|52/100
|-damage|p2a: Slowking|40/100|[from] Spikes
|-damage|p2a: Slowking|27/100|[from] Stealth Rock
|move|p1a: Deoxys|Psycho Boost|p2a: Slowking
|-damage|p2a: Slowking|0 fnt
|-unboost|p1a: Deoxys|spa|2
|faint|p2a: Slowking
|-damage|p1a: Deoxys|43/100|[from] item: Life Orb
|
|upkeep
|
|t:|1769335574
|switch|p2a: Hydrapple|Hydrapple, M, tera:Poison|78/100
|turn|19
|
|t:|1769335584
|switch|p2a: Moltres|Moltres|100/100
|move|p1a: Deoxys|Psycho Boost|p2a: Moltres
|-damage|p2a: Moltres|62/100
|-unboost|p1a: Deoxys|spa|2
|-damage|p1a: Deoxys|33/100|[from] item: Life Orb
|
|upkeep
|turn|20
|j| wyjmjl
|
|t:|1769335589
|move|p1a: Deoxys|Knock Off|p2a: Moltres
|-damage|p2a: Moltres|38/100
|-enditem|p2a: Moltres|Heavy-Duty Boots|[from] move: Knock Off|[of] p1a: Deoxys
|-damage|p1a: Deoxys|23/100|[from] item: Life Orb
|move|p2a: Moltres|Roost|p2a: Moltres
|-heal|p2a: Moltres|88/100
|-singleturn|p2a: Moltres|move: Roost
|
|upkeep
|turn|21
|
|t:|1769335597
|switch|p1a: Ogerpon|Ogerpon-Wellspring-Tera, F, tera:Water|69/100
|-ability|p1a: Ogerpon|Embody Aspect (Wellspring)|boost
|-boost|p1a: Ogerpon|spd|1
|move|p2a: Moltres|Flamethrower|p1a: Ogerpon
|-resisted|p1a: Ogerpon
|-damage|p1a: Ogerpon|55/100
|
|upkeep
|turn|22
|
|t:|1769335603
|switch|p2a: Zamazenta|Zamazenta|100/100
|-damage|p2a: Zamazenta|88/100|[from] Spikes
|-damage|p2a: Zamazenta|82/100|[from] Stealth Rock
|-ability|p2a: Zamazenta|Dauntless Shield|boost
|-boost|p2a: Zamazenta|def|1
|move|p1a: Ogerpon|Ivy Cudgel|p2a: Zamazenta|[anim] Ivy Cudgel Water
|-crit|p2a: Zamazenta
|-damage|p2a: Zamazenta|0 fnt
|faint|p2a: Zamazenta
|
|upkeep
|
|t:|1769335606
|switch|p2a: Hydrapple|Hydrapple, M, tera:Poison|100/100
|turn|23
|
|t:|1769335620
|switch|p1a: Deoxys|Deoxys-Speed|23/100
|-ability|p1a: Deoxys|Pressure
|move|p2a: Hydrapple|Giga Drain|p1a: Deoxys
|-crit|p1a: Deoxys
|-damage|p1a: Deoxys|0 fnt
|faint|p1a: Deoxys
|
|upkeep
|j| Samurajen
|
|t:|1769335630
|switch|p1a: Enamorus|Enamorus, F|100/100
|turn|24
|
|t:|1769335633
|move|p1a: Enamorus|Earth Power|p2a: Hydrapple
|-supereffective|p2a: Hydrapple
|-damage|p2a: Hydrapple|56/100
|move|p2a: Hydrapple|Giga Drain|p1a: Enamorus
|-resisted|p1a: Enamorus
|-damage|p1a: Enamorus|77/100
|-heal|p2a: Hydrapple|64/100|[from] drain|[of] p1a: Enamorus
|
|-heal|p1a: Enamorus|83/100|[from] item: Leftovers
|upkeep
|turn|25
|
|t:|1769335641
|switch|p2a: Moltres|Moltres|88/100
|-damage|p2a: Moltres|38/100|[from] Stealth Rock
|move|p1a: Enamorus|Play Rough|p2a: Moltres
|-resisted|p2a: Moltres
|-damage|p2a: Moltres|23/100
|
|-heal|p1a: Enamorus|89/100|[from] item: Leftovers
|upkeep
|turn|26
|
|t:|1769335649
|switch|p1a: Ogerpon|Ogerpon-Wellspring-Tera, F, tera:Water|55/100
|-ability|p1a: Ogerpon|Embody Aspect (Wellspring)|boost
|-boost|p1a: Ogerpon|spd|1
|move|p2a: Moltres|U-turn|p1a: Ogerpon
|-damage|p1a: Ogerpon|36/100
|
|t:|1769335651
|switch|p2a: Hydrapple|Hydrapple, M, tera:Poison|98/100|[from] U-turn
|
|upkeep
|turn|27
|
|t:|1769335659
|switch|p1a: Enamorus|Enamorus, F|89/100
|move|p2a: Hydrapple|Giga Drain|p1a: Enamorus
|-resisted|p1a: Enamorus
|-damage|p1a: Enamorus|66/100
|-heal|p2a: Hydrapple|100/100|[from] drain|[of] p1a: Enamorus
|
|-heal|p1a: Enamorus|72/100|[from] item: Leftovers
|upkeep
|turn|28
|
|t:|1769335662
|switch|p2a: Moltres|Moltres|23/100
|-damage|p2a: Moltres|0 fnt|[from] Stealth Rock
|faint|p2a: Moltres
|move|p1a: Enamorus|Earth Power|p2: Moltres|[notarget]
|-fail|p1a: Enamorus
|
|-heal|p1a: Enamorus|78/100|[from] item: Leftovers
|upkeep
|
|t:|1769335664
|switch|p2a: Excadrill|Excadrill, F|82/100
|-damage|p2a: Excadrill|70/100|[from] Spikes
|-damage|p2a: Excadrill|67/100|[from] Stealth Rock
|turn|29
|
|t:|1769335672
|move|p1a: Enamorus|Superpower|p2a: Excadrill
|-supereffective|p2a: Excadrill
|-damage|p2a: Excadrill|0 fnt
|-boost|p1a: Enamorus|atk|1
|-boost|p1a: Enamorus|def|1
|faint|p2a: Excadrill
|
|-heal|p1a: Enamorus|84/100|[from] item: Leftovers
|upkeep
|
|t:|1769335673
|switch|p2a: Hydrapple|Hydrapple, M, tera:Poison|100/100
|turn|30
|l| wyjmjl
|
|t:|1769335681
|move|p1a: Enamorus|Earth Power|p2a: Hydrapple
|-supereffective|p2a: Hydrapple
|-damage|p2a: Hydrapple|51/100
|move|p2a: Hydrapple|Giga Drain|p1a: Enamorus
|-resisted|p1a: Enamorus
|-damage|p1a: Enamorus|62/100
|-heal|p2a: Hydrapple|59/100|[from] drain|[of] p1a: Enamorus
|
|-heal|p1a: Enamorus|68/100|[from] item: Leftovers
|upkeep
|turn|31
|
|t:|1769335687
|move|p1a: Enamorus|Earth Power|p2a: Hydrapple
|-supereffective|p2a: Hydrapple
|-damage|p2a: Hydrapple|8/100
|move|p2a: Hydrapple|Giga Drain|p1a: Enamorus
|-resisted|p1a: Enamorus
|-damage|p1a: Enamorus|47/100
|-heal|p2a: Hydrapple|16/100|[from] drain|[of] p1a: Enamorus
|
|-heal|p1a: Enamorus|53/100|[from] item: Leftovers
|upkeep
|turn|32
|
|t:|1769335695
|move|p1a: Enamorus|Earth Power|p2a: Hydrapple
|-supereffective|p2a: Hydrapple
|-damage|p2a: Hydrapple|0 fnt
|faint|p2a: Hydrapple
|
|win|maxmoefoe pokemon
|raw|maxmoefoe pokemon's rating: 1596 &rarr; <strong>1619</strong><br />(+23 for winning)
|raw|CambridgeFoulPlay's rating: 1644 &rarr; <strong>1621</strong><br />(-23 for losing)
|c|☆CambridgeFoulPlay|gg
