|j|☆ferrydiscs
|j|☆tgemvgc
|t:|1769381007
|gametype|singles
|player|p1|ferrydiscs|will|1630
|player|p2|tgemvgc|diantha-masters|1617
|gen|9
|tier|[Gen 9] OU
|rated|
|rule|HP Percentage Mod: HP is shown in percentages
|rule|Endless Battle Clause: Forcing endless battles is banned
|rule|Species Clause: Limit one of each Pokémon
|rule|OHKO Clause: OHKO moves are banned
|rule|Evasion Items Clause: Evasion items are banned
|rule|Evasion Moves Clause: Evasion moves are banned
|rule|Evasion Abilities Clause: Evasion abilities are banned
|rule|Sleep Moves Clause: Sleep-inducing moves are banned
|clearpoke
|poke|p1|Tyranitar, M|
|poke|p1|Excadrill, M|
|poke|p1|Tornadus-Therian, M|
|poke|p1|Tinkaton, F|
|poke|p1|Sinistcha|
|poke|p1|Toxapex, M|
|poke|p2|Great Tusk|
|poke|p2|Pecharunt|
|poke|p2|Iron Valiant|
|poke|p2|Iron Crown|
|poke|p2|Samurott-Hisui, M|
|poke|p2|Dragonite, M|
|teampreview
|
|t:|1769381033
|teamsize|p1|6
|teamsize|p2|6
|start
|switch|p1a: Tinkaton|Tinkaton, F, shiny|100/100
|switch|p2a: Great Tusk|Great Tusk, shiny|100/100
|-item|p1a: Tinkaton|Air Balloon
|turn|1
|
|t:|1769381041
|move|p1a: Tinkaton|Stealth Rock|p2a: Great Tusk
|-sidestart|p2: tgemvgc|move: Stealth Rock
|move|p2a: Great Tusk|Rapid Spin|p1a: Tinkaton
|-resisted|p1a: Tinkaton
|-damage|p1a: Tinkaton|88/100
|-boost|p2a: Great Tusk|spe|1
|-enditem|p1a: Tinkaton|Air Balloon
|-sideend|p2: tgemvgc|Stealth Rock|[from] move: Rapid Spin|[of] p2a: Great Tusk
|-enditem|p2a: Great Tusk|Heavy-Duty Boots|[silent]|[from] ability: Pickpocket|[of] p2a: Great Tusk
|-item|p1a: Tinkaton|Heavy-Duty Boots|[from] ability: Pickpocket|[of] p2a: Great Tusk
|
|upkeep
|turn|2
|
|t:|1769381051
|switch|p1a: Sinistcha|Sinistcha, shiny|100/100
|move|p2a: Great Tusk|Headlong Rush|p1a: Sinistcha
|-resisted|p1a: Sinistcha
|-damage|p1a: Sinistcha|79/100
|-unboost|p2a: Great Tusk|def|1
|-unboost|p2a: Great Tusk|spd|1
|
|-heal|p1a: Sinistcha|85/100|[from] item: Leftovers
|upkeep
|turn|3
|inactive|Battle timer is ON: inactive players will automatically lose when time's up. (requested by tgemvgc)
|
|t:|1769381076
|-end|p2a: Great Tusk|Protosynthesis|[silent]
|switch|p2a: Iron Crown|Iron Crown|100/100
|switch|p1a: Tyranitar|Tyranitar, M, shiny|100/100
|-weather|Sandstorm|[from] ability: Sand Stream|[of] p1a: Tyranitar
|
|-weather|Sandstorm|[upkeep]
|upkeep
|turn|4
|
|t:|1769381086
|switch|p1a: Toxapex|Toxapex, M, shiny|100/100
|move|p2a: Iron Crown|Volt Switch|p1a: Toxapex
|-supereffective|p1a: Toxapex
|-damage|p1a: Toxapex|67/100
|-enditem|p1a: Toxapex|Eject Button
|
|t:|1769381099
|switch|p1a: Excadrill|Excadrill, M, shiny|100/100
|
|-weather|Sandstorm|[upkeep]
|upkeep
|turn|5
|
|t:|1769381119
|-end|p2a: Iron Crown|Quark Drive|[silent]
|switch|p2a: Great Tusk|Great Tusk, shiny|100/100
|move|p1a: Excadrill|Substitute|p1a: Excadrill
|-start|p1a: Excadrill|Substitute
|-damage|p1a: Excadrill|76/100
|
|-weather|Sandstorm|[upkeep]
|-heal|p1a: Excadrill|82/100|[from] item: Leftovers
|upkeep
|turn|6
|
|t:|1769381127
|move|p1a: Excadrill|Earthquake|p2a: Great Tusk
|-damage|p2a: Great Tusk|55/100
|move|p2a: Great Tusk|Ice Spinner|p1a: Excadrill
|-end|p1a: Excadrill|Substitute
|
|-weather|Sandstorm|[upkeep]
|-heal|p1a: Excadrill|88/100|[from] item: Leftovers
|upkeep
|turn|7
|
|t:|1769381144
|switch|p1a: Tornadus|Tornadus-Therian, M, shiny|100/100
|move|p2a: Great Tusk|Ice Spinner|p1a: Tornadus
|-supereffective|p1a: Tornadus
|-damage|p1a: Tornadus|17/100
|
|-weather|none
|upkeep
|turn|8
|
|t:|1769381160
|-end|p2a: Great Tusk|Protosynthesis|[silent]
|switch|p2a: Iron Crown|Iron Crown|100/100
|move|p1a: Tornadus|Bleakwind Storm|p2a: Iron Crown
|-resisted|p2a: Iron Crown
|-damage|p2a: Iron Crown|78/100
|-unboost|p2a: Iron Crown|spe|1
|
|upkeep
|turn|9
|
|t:|1769381171
|switch|p1a: Toxapex|Toxapex, M, shiny|100/100
|move|p2a: Iron Crown|Future Sight|p1a: Toxapex
|-start|p2a: Iron Crown|move: Future Sight
|
|upkeep
|turn|10
|j| hattybatty304
|
|t:|1769381180
|move|p2a: Iron Crown|Volt Switch|p1a: Toxapex
|-supereffective|p1a: Toxapex
|-damage|p1a: Toxapex|65/100
|
|t:|1769381191
|-end|p2a: Iron Crown|Quark Drive|[silent]
|switch|p2a: Pecharunt|Pecharunt|100/100|[from] Volt Switch
|move|p1a: Toxapex|Toxic Spikes|p2a: Pecharunt
|-sidestart|p2: tgemvgc|move: Toxic Spikes
|
|upkeep
|turn|11
|
|t:|1769381212
|switch|p1a: Excadrill|Excadrill, M, shiny|88/100
|move|p2a: Pecharunt|Shadow Ball|p1a: Excadrill
|-damage|p1a: Excadrill|54/100
|
|-end|p1a: Excadrill|move: Future Sight
|-resisted|p1a: Excadrill
|-damage|p1a: Excadrill|14/100
|-heal|p1a: Excadrill|20/100|[from] item: Leftovers
|upkeep
|turn|12
|
|t:|1769381221
|switch|p1a: Tyranitar|Tyranitar, M, shiny|100/100
|-weather|Sandstorm|[from] ability: Sand Stream|[of] p1a: Tyranitar
|move|p2a: Pecharunt|Shadow Ball|p1a: Tyranitar
|-resisted|p1a: Tyranitar
|-damage|p1a: Tyranitar|93/100
|-unboost|p1a: Tyranitar|spd|1
|
|-weather|Sandstorm|[upkeep]
|-damage|p2a: Pecharunt|94/100|[from] Sandstorm
|upkeep
|turn|13
|
|t:|1769381227
|move|p1a: Tyranitar|Knock Off|p2a: Pecharunt
|-supereffective|p2a: Pecharunt
|-damage|p2a: Pecharunt|9/100
|-damage|p1a: Tyranitar|76/100|[from] item: Rocky Helmet|[of] p2a: Pecharunt
|-enditem|p2a: Pecharunt|Rocky Helmet|[from] move: Knock Off|[of] p1a: Tyranitar
|move|p2a: Pecharunt|Parting Shot|p1a: Tyranitar
|-unboost|p1a: Tyranitar|atk|1
|-unboost|p1a: Tyranitar|spa|1
|
|t:|1769381236
|switch|p2a: Iron Crown|Iron Crown|78/100|[from] Parting Shot
|
|-weather|Sandstorm|[upkeep]
|upkeep
|turn|14
|
|t:|1769381246
|move|p2a: Iron Crown|Tachyon Cutter|p1a: Tyranitar
|-supereffective|p1a: Tyranitar
|-damage|p1a: Tyranitar|29/100
|-supereffective|p1a: Tyranitar
|-damage|p1a: Tyranitar|0 fnt
|faint|p1a: Tyranitar
|-hitcount|p1: Tyranitar|2
|
|-weather|Sandstorm|[upkeep]
|upkeep
|
|t:|1769381249
|switch|p1a: Excadrill|Excadrill, M, shiny|20/100
|turn|15
|
|t:|1769381266
|-end|p2a: Iron Crown|Quark Drive|[silent]
|switch|p2a: Pecharunt|Pecharunt|9/100
|-sideend|p2: tgemvgc|move: Toxic Spikes|[of] p2a: Pecharunt
|move|p1a: Excadrill|Earthquake|p2a: Pecharunt
|-supereffective|p2a: Pecharunt
|-damage|p2a: Pecharunt|0 fnt
|faint|p2a: Pecharunt
|
|-weather|Sandstorm|[upkeep]
|-heal|p1a: Excadrill|26/100|[from] item: Leftovers
|upkeep
|
|t:|1769381270
|switch|p2a: Iron Valiant|Iron Valiant, shiny|100/100
|turn|16
|
|t:|1769381286
|switch|p1a: Sinistcha|Sinistcha, shiny|85/100
|move|p2a: Iron Valiant|Vacuum Wave|p1a: Sinistcha
|-immune|p1a: Sinistcha
|
|-weather|none
|-heal|p1a: Sinistcha|91/100|[from] item: Leftovers
|upkeep
|turn|17
|j| Samurajen
|
|t:|1769381301
|-end|p2a: Iron Valiant|Quark Drive|[silent]
|switch|p2a: Iron Crown|Iron Crown|78/100
|move|p1a: Sinistcha|Calm Mind|p1a: Sinistcha
|-boost|p1a: Sinistcha|spa|1
|-boost|p1a: Sinistcha|spd|1
|
|-heal|p1a: Sinistcha|97/100|[from] item: Leftovers
|upkeep
|turn|18
|
|t:|1769381307
|move|p2a: Iron Crown|Psychic Noise|p1a: Sinistcha
|-damage|p1a: Sinistcha|69/100
|-start|p1a: Sinistcha|move: Heal Block
|move|p1a: Sinistcha|Calm Mind|p1a: Sinistcha
|-boost|p1a: Sinistcha|spa|1
|-boost|p1a: Sinistcha|spd|1
|
|upkeep
|turn|19
|
|t:|1769381316
|move|p2a: Iron Crown|Tachyon Cutter|p1a: Sinistcha
|-damage|p1a: Sinistcha|55/100
|-damage|p1a: Sinistcha|40/100
|-hitcount|p1a: Sinistcha|2
|move|p1a: Sinistcha|Shadow Ball|p2a: Iron Crown
|-supereffective|p2a: Iron Crown
|-damage|p2a: Iron Crown|0 fnt
|faint|p2a: Iron Crown
|-end|p2a: Iron Crown|Quark Drive|[silent]
|
|-end|p1a: Sinistcha|move: Heal Block
|upkeep
|
|t:|1769381323
|switch|p2a: Samurott|Samurott-Hisui, M, shiny|100/100
|turn|20
|
|t:|1769381329
|-terastallize|p1a: Sinistcha|Fighting
|move|p2a: Samurott|Ceaseless Edge|p1a: Sinistcha
|-resisted|p1a: Sinistcha
|-damage|p1a: Sinistcha|19/100
|-sidestart|p1: ferrydiscs|Spikes
|move|p1a: Sinistcha|Strength Sap|p2a: Samurott
|-unboost|p2a: Samurott|atk|1
|-heal|p1a: Sinistcha|100/100
|
|upkeep
|turn|21
|
|t:|1769381349
|move|p2a: Samurott|Knock Off|p1a: Sinistcha
|-resisted|p1a: Sinistcha
|-damage|p1a: Sinistcha|86/100
|-enditem|p1a: Sinistcha|Leftovers|[from] move: Knock Off|[of] p2a: Samurott
|move|p1a: Sinistcha|Calm Mind|p1a: Sinistcha
|-boost|p1a: Sinistcha|spa|1
|-boost|p1a: Sinistcha|spd|1
|
|upkeep
|turn|22
|
|t:|1769381357
|move|p2a: Samurott|Ceaseless Edge|p1a: Sinistcha
|-resisted|p1a: Sinistcha
|-damage|p1a: Sinistcha|72/100
|-sidestart|p1: ferrydiscs|Spikes
|move|p1a: Sinistcha|Calm Mind|p1a: Sinistcha
|-boost|p1a: Sinistcha|spa|1
|-boost|p1a: Sinistcha|spd|1
|
|upkeep
|turn|23
|
|t:|1769381367
|move|p2a: Samurott|Flip Turn|p1a: Sinistcha
|-damage|p1a: Sinistcha|58/100
|
|t:|1769381369
|switch|p2a: Dragonite|Dragonite, M, shiny|100/100|[from] Flip Turn
|move|p1a: Sinistcha|Strength Sap|p2a: Dragonite
|-unboost|p2a: Dragonite|atk|1
|-heal|p1a: Sinistcha|100/100
|
|upkeep
|turn|24
|
|t:|1769381380
|switch|p2a: Iron Valiant|Iron Valiant, shiny|100/100
|move|p1a: Sinistcha|Shadow Ball|p2a: Iron Valiant
|-damage|p2a: Iron Valiant|0 fnt
|faint|p2a: Iron Valiant
|-end|p2a: Iron Valiant|Quark Drive|[silent]
|
|upkeep
|
|t:|1769381394
|switch|p2a: Great Tusk|Great Tusk, shiny|55/100
|turn|25
|
|t:|1769381396
|move|p2a: Great Tusk|Ice Spinner|p1a: Sinistcha
|-crit|p1a: Sinistcha
|-damage|p1a: Sinistcha|71/100
|move|p1a: Sinistcha|Strength Sap|p2a: Great Tusk
|-unboost|p2a: Great Tusk|atk|1
|-heal|p1a: Sinistcha|100/100
|
|upkeep
|turn|26
|
|t:|1769381402
|move|p2a: Great Tusk|Headlong Rush|p1a: Sinistcha
|-damage|p1a: Sinistcha|71/100
|-unboost|p2a: Great Tusk|def|1
|-unboost|p2a: Great Tusk|spd|1
|move|p1a: Sinistcha|Shadow Ball|p2a: Great Tusk
|-damage|p2a: Great Tusk|0 fnt
|faint|p2a: Great Tusk
|-end|p2a: Great Tusk|Protosynthesis|[silent]
|
|upkeep
|
|t:|1769381405
|switch|p2a: Dragonite|Dragonite, M, shiny|100/100
|turn|27
|
|t:|1769381410
|-terastallize|p2a: Dragonite|Flying
|move|p2a: Dragonite|Tera Blast|p1a: Sinistcha|[anim] Tera Blast Flying
|-supereffective|p1a: Sinistcha
|-damage|p1a: Sinistcha|0 fnt
|faint|p1a: Sinistcha
|
|upkeep
|
|t:|1769381416
|switch|p1a: Toxapex|Toxapex, M, shiny|98/100
|-damage|p1a: Toxapex|82/100|[from] Spikes
|turn|28
|
|t:|1769381425
|switch|p2a: Samurott|Samurott-Hisui, M, shiny|100/100
|move|p1a: Toxapex|Toxic|p2a: Samurott
|-status|p2a: Samurott|tox
|
|-damage|p2a: Samurott|94/100 tox|[from] psn
|upkeep
|turn|29
|
|t:|1769381441
|switch|p1a: Tinkaton|Tinkaton, F, shiny|88/100
|move|p2a: Samurott|Ceaseless Edge|p1a: Tinkaton
|-resisted|p1a: Tinkaton
|-damage|p1a: Tinkaton|51/100
|-sidestart|p1: ferrydiscs|Spikes
|
|-damage|p2a: Samurott|82/100 tox|[from] psn
|upkeep
|turn|30
|
|t:|1769381457
|move|p1a: Tinkaton|Gigaton Hammer|p2a: Samurott
|-resisted|p2a: Samurott
|-damage|p2a: Samurott|44/100 tox
|move|p2a: Samurott|Flip Turn|p1a: Tinkaton
|-damage|p1a: Tinkaton|10/100
|j| zouzmaa
|
|t:|1769381460
|switch|p2a: Dragonite|Dragonite, M, shiny, tera:Flying|100/100|[from] Flip Turn
|
|upkeep
|turn|31
|l| zouzmaa
|
|t:|1769381464
|move|p1a: Tinkaton|Ice Hammer|p2a: Dragonite
|-supereffective|p2a: Dragonite
|-damage|p2a: Dragonite|75/100
|-unboost|p1a: Tinkaton|spe|1
|move|p2a: Dragonite|Dragon Dance|p2a: Dragonite
|-boost|p2a: Dragonite|atk|1
|-boost|p2a: Dragonite|spe|1
|
|upkeep
|turn|32
|
|t:|1769381473
|move|p2a: Dragonite|Earthquake|p1a: Tinkaton
|-supereffective|p1a: Tinkaton
|-damage|p1a: Tinkaton|0 fnt
|faint|p1a: Tinkaton
|
|upkeep
|
|t:|1769381486
|switch|p1a: Toxapex|Toxapex, M, shiny|100/100
|-damage|p1a: Toxapex|76/100|[from] Spikes
|turn|33
|
|t:|1769381493
|move|p2a: Dragonite|Earthquake|p1a: Toxapex
|-supereffective|p1a: Toxapex
|-damage|p1a: Toxapex|0 fnt
|faint|p1a: Toxapex
|
|upkeep
|
|t:|1769381496
|switch|p1a: Excadrill|Excadrill, M, shiny|26/100
|-damage|p1a: Excadrill|1/100|[from] Spikes
|turn|34
|
|t:|1769381501
|move|p2a: Dragonite|Tera Blast|p1a: Excadrill|[anim] Tera Blast Flying
|-resisted|p1a: Excadrill
|-damage|p1a: Excadrill|0 fnt
|faint|p1a: Excadrill
|
|upkeep
|
|t:|1769381503
|switch|p1a: Tornadus|Tornadus-Therian, M, shiny|50/100
|turn|35
|
|t:|1769381506
|move|p2a: Dragonite|Tera Blast|p1a: Tornadus|[anim] Tera Blast Flying
|-damage|p1a: Tornadus|0 fnt
|faint|p1a: Tornadus
|
|win|tgemvgc
|raw|ferrydiscs's rating: 1630 &rarr; <strong>1609</strong><br />(-21 for losing)
|raw|tgemvgc's rating: 1617 &rarr; <strong>1638</strong><br />(+21 for winning)
