|j|☆do bronx aarone
|j|☆zbackbar
|t:|1769353795
|gametype|singles
|player|p1|do bronx aarone|170|1386
|player|p2|zbackbar|hiker-gen4|1399
|gen|9
|tier|[Gen 9] OU
|rated|
|rule|HP Percentage Mod: HP is shown in percentages
|rule|Endless Battle Clause: Forcing endless battles is banned
|rule|Species Clause: Limit one of each Pokémon
|rule|OHKO Clause: OHKO moves are banned
|rule|Evasion Items Clause: Evasion items are banned
|rule|Evasion Moves Clause: Evasion moves are banned
|rule|Evasion Abilities Clause: Evasion abilities are banned
|rule|Sleep Moves Clause: Sleep-inducing moves are banned
|clearpoke
|poke|p1|Raging Bolt|
|poke|p1|Great Tusk|
|poke|p1|Primarina, F|
|poke|p1|Ting-Lu|
|poke|p1|Slowking-Galar, F|
|poke|p1|Dragonite, M|
|poke|p2|Cobalion|
|poke|p2|Samurott-Hisui, M|
|poke|p2|Gholdengo|
|poke|p2|Iron Moth|
|poke|p2|Dragonite, M|
|poke|p2|Meowscarada, F|
|teampreview
|inactive|Battle timer is ON: inactive players will automatically lose when time's up. (requested by zbackbar)
|
|t:|1769353819
|teamsize|p1|6
|teamsize|p2|6
|start
|switch|p1a: Slowking|Slowking-Galar, F|100/100
|switch|p2a: Cobalion|Cobalion, shiny|100/100
|turn|1
|
|t:|1769353827
|move|p2a: Cobalion|Taunt|p1a: Slowking
|-start|p1a: Slowking|move: Taunt
|move|p1a: Slowking|Future Sight|p2a: Cobalion
|-start|p1a: Slowking|move: Future Sight
|
|upkeep
|turn|2
|
|t:|1769353843
|switch|p1a: Great Tusk|Great Tusk|100/100
|move|p2a: Cobalion|Stealth Rock|p1a: Great Tusk
|-sidestart|p1: do bronx aarone|move: Stealth Rock
|
|upkeep
|turn|3
|
|t:|1769353854
|move|p2a: Cobalion|Steel Beam|p1a: Great Tusk
|-damage|p1a: Great Tusk|29/100
|-damage|p2a: Cobalion|50/100|[from] steelbeam
|move|p1a: Great Tusk|Ice Spinner|p2a: Cobalion
|-resisted|p2a: Cobalion
|-damage|p2a: Cobalion|41/100
|
|-end|p2a: Cobalion|move: Future Sight
|-damage|p2a: Cobalion|0 fnt
|faint|p2a: Cobalion
|upkeep
|
|t:|1769353878
|switch|p2a: Iron Moth|Iron Moth, shiny|100/100
|-enditem|p2a: Iron Moth|Booster Energy
|-activate|p2a: Iron Moth|ability: Quark Drive|[fromitem]
|-start|p2a: Iron Moth|quarkdrivespe
|turn|4
|
|t:|1769353900
|-end|p1a: Great Tusk|Protosynthesis|[silent]
|switch|p1a: Dragonite|Dragonite, M|100/100
|move|p2a: Iron Moth|Energy Ball|p1a: Dragonite
|-resisted|p1a: Dragonite
|-damage|p1a: Dragonite|97/100
|
|upkeep
|turn|5
|inactive|zbackbar has 120 seconds left.
|
|t:|1769353930
|switch|p1a: Ting-Lu|Ting-Lu|100/100
|-damage|p1a: Ting-Lu|94/100|[from] Stealth Rock
|-ability|p1a: Ting-Lu|Vessel of Ruin
|move|p2a: Iron Moth|Dazzling Gleam|p1a: Ting-Lu
|-supereffective|p1a: Ting-Lu
|-crit|p1a: Ting-Lu
|-damage|p1a: Ting-Lu|58/100
|
|-heal|p1a: Ting-Lu|65/100|[from] item: Leftovers
|upkeep
|turn|6
|
|t:|1769353945
|move|p2a: Iron Moth|Energy Ball|p1a: Ting-Lu
|-supereffective|p1a: Ting-Lu
|-damage|p1a: Ting-Lu|38/100
|move|p1a: Ting-Lu|Earthquake|p2a: Iron Moth
|-supereffective|p2a: Iron Moth
|-damage|p2a: Iron Moth|0 fnt
|faint|p2a: Iron Moth
|-end|p2a: Iron Moth|Quark Drive|[silent]
|
|-heal|p1a: Ting-Lu|44/100|[from] item: Leftovers
|upkeep
|inactive|zbackbar has 120 seconds left.
|
|t:|1769353976
|switch|p2a: Samurott|Samurott-Hisui, M|100/100
|turn|7
|
|t:|1769353981
|switch|p1a: Great Tusk|Great Tusk|29/100
|-damage|p1a: Great Tusk|26/100|[from] Stealth Rock
|move|p2a: Samurott|Swords Dance|p2a: Samurott
|-boost|p2a: Samurott|atk|2
|
|upkeep
|turn|8
|
|t:|1769353991
|move|p2a: Samurott|Sucker Punch|p1a: Great Tusk
|-resisted|p1a: Great Tusk
|-damage|p1a: Great Tusk|7/100
|-damage|p2a: Samurott|84/100|[from] item: Rocky Helmet|[of] p1a: Great Tusk
|move|p1a: Great Tusk|Rapid Spin|p2a: Samurott
|-damage|p2a: Samurott|67/100
|-boost|p1a: Great Tusk|spe|1
|-sideend|p1: do bronx aarone|Stealth Rock|[from] move: Rapid Spin|[of] p1a: Great Tusk
|
|upkeep
|turn|9
|
|t:|1769354001
|move|p2a: Samurott|Sucker Punch|p1a: Great Tusk
|-resisted|p1a: Great Tusk
|-damage|p1a: Great Tusk|0 fnt
|-damage|p2a: Samurott|50/100|[from] item: Rocky Helmet|[of] p1a: Great Tusk
|faint|p1a: Great Tusk
|-end|p1a: Great Tusk|Protosynthesis|[silent]
|
|upkeep
|
|t:|1769354007
|switch|p1a: Primarina|Primarina, F|100/100
|turn|10
|
|t:|1769354013
|move|p2a: Samurott|Ceaseless Edge|p1a: Primarina
|-resisted|p1a: Primarina
|-damage|p1a: Primarina|34/100
|-sidestart|p1: do bronx aarone|Spikes
|move|p1a: Primarina|Moonblast|p2a: Samurott
|-supereffective|p2a: Samurott
|-damage|p2a: Samurott|0 fnt
|faint|p2a: Samurott
|
|upkeep
|
|t:|1769354018
|switch|p2a: Meowscarada|Meowscarada, F|100/100
|turn|11
|
|t:|1769354027
|move|p2a: Meowscarada|Flower Trick|p1a: Primarina
|-start|p2a: Meowscarada|typechange|Grass|[from] ability: Protean
|-supereffective|p1a: Primarina
|-crit|p1a: Primarina
|-damage|p1a: Primarina|0 fnt
|faint|p1a: Primarina
|
|upkeep
|
|t:|1769354037
|switch|p1a: Slowking|Slowking-Galar, F|100/100
|-damage|p1a: Slowking|88/100|[from] Spikes
|turn|12
|inactive|zbackbar has 120 seconds left.
|l|☆do bronx aarone
|inactive|do bronx aarone disconnected and has a minute to reconnect!
|player|p1|
|
|t:|1769354083
|switch|p2a: Gholdengo|Gholdengo|100/100
|move|p1a: Slowking|Future Sight|p2a: Gholdengo
|-start|p1a: Slowking|move: Future Sight
|
|upkeep
|turn|13
|j|☆do bronx aarone
|inactive|do bronx aarone reconnected and has 145 seconds left.
|player|p1|do bronx aarone|170|
|
|t:|1769354093
|move|p2a: Gholdengo|Trick|p1a: Slowking
|-activate|p2a: Gholdengo|move: Trick|[of] p1a: Slowking
|-item|p1a: Slowking|Choice Scarf|[from] move: Trick
|-item|p2a: Gholdengo|Colbur Berry|[from] move: Trick
|move|p1a: Slowking|Future Sight||[still]
|-fail|p1a: Slowking
|
|upkeep
|turn|14
|inactive|zbackbar has 120 seconds left.
|l|☆do bronx aarone
|inactive|do bronx aarone disconnected and has a minute to reconnect!
|player|p1|
|
|t:|1769354121
|switch|p2a: Meowscarada|Meowscarada, F|100/100
|switch|p1a: Ting-Lu|Ting-Lu|44/100
|-damage|p1a: Ting-Lu|32/100|[from] Spikes
|-ability|p1a: Ting-Lu|Vessel of Ruin
|
|-end|p2a: Meowscarada|move: Future Sight
|-immune|p2a: Meowscarada
|-heal|p1a: Ting-Lu|38/100|[from] item: Leftovers
|upkeep
|turn|15
|j|☆do bronx aarone
|inactive|do bronx aarone reconnected and has 140 seconds left.
|player|p1|do bronx aarone|170|
|
|t:|1769354136
|move|p2a: Meowscarada|Triple Axel|p1a: Ting-Lu
|-start|p2a: Meowscarada|typechange|Ice|[from] ability: Protean
|-supereffective|p1a: Ting-Lu
|-damage|p1a: Ting-Lu|28/100
|-supereffective|p1a: Ting-Lu
|-damage|p1a: Ting-Lu|7/100
|-supereffective|p1a: Ting-Lu
|-damage|p1a: Ting-Lu|0 fnt
|faint|p1a: Ting-Lu
|-hitcount|p1: Ting-Lu|3
|
|upkeep
|
|t:|1769354155
|switch|p1a: Slowking|Slowking-Galar, F|100/100
|-damage|p1a: Slowking|88/100|[from] Spikes
|turn|16
|
|t:|1769354178
|switch|p2a: Gholdengo|Gholdengo|100/100
|move|p1a: Slowking|Future Sight|p2a: Gholdengo
|-start|p1a: Slowking|move: Future Sight
|
|upkeep
|turn|17
|
|t:|1769354187
|move|p2a: Gholdengo|Trick|p1a: Slowking
|-activate|p2a: Gholdengo|move: Trick|[of] p1a: Slowking
|-item|p1a: Slowking|Colbur Berry|[from] move: Trick
|-item|p2a: Gholdengo|Choice Scarf|[from] move: Trick
|move|p1a: Slowking|Future Sight||[still]
|-fail|p1a: Slowking
|
|upkeep
|turn|18
|
|t:|1769354209
|move|p2a: Gholdengo|Shadow Ball|p1a: Slowking
|-supereffective|p1a: Slowking
|-damage|p1a: Slowking|36/100
|-prepare|p1a: Slowking|Chilly Reception|[premajor]
|move|p1a: Slowking|Chilly Reception|p1a: Slowking
|-weather|Snowscape
|
|t:|1769354215
|switch|p1a: Raging Bolt|Raging Bolt|100/100|[from] Chilly Reception
|-damage|p1a: Raging Bolt|88/100|[from] Spikes
|
|-weather|Snowscape|[upkeep]
|-end|p2a: Gholdengo|move: Future Sight
|-resisted|p2a: Gholdengo
|-damage|p2a: Gholdengo|76/100
|upkeep
|turn|19
|
|t:|1769354227
|move|p2a: Gholdengo|Shadow Ball|p1a: Raging Bolt
|-damage|p1a: Raging Bolt|62/100
|move|p1a: Raging Bolt|Thunderbolt|p2a: Gholdengo
|-damage|p2a: Gholdengo|13/100
|
|-weather|Snowscape|[upkeep]
|upkeep
|turn|20
|
|t:|1769354236
|move|p2a: Gholdengo|Shadow Ball|p1a: Raging Bolt
|-damage|p1a: Raging Bolt|39/100
|move|p1a: Raging Bolt|Volt Switch|p2a: Gholdengo
|-damage|p2a: Gholdengo|0 fnt
|faint|p2a: Gholdengo
|
|t:|1769354243
|-end|p1a: Raging Bolt|Protosynthesis|[silent]
|switch|p1a: Slowking|Slowking-Galar, F|69/100|[from] Volt Switch
|-damage|p1a: Slowking|57/100|[from] Spikes
|
|-weather|Snowscape|[upkeep]
|upkeep
|
|t:|1769354255
|switch|p2a: Meowscarada|Meowscarada, F|100/100
|turn|21
|
|t:|1769354259
|move|p2a: Meowscarada|Knock Off|p1a: Slowking
|-start|p2a: Meowscarada|typechange|Dark|[from] ability: Protean
|-supereffective|p1a: Slowking
|-enditem|p1a: Slowking|Colbur Berry|[eat]
|-enditem|p1a: Slowking|Colbur Berry|[weaken]
|-damage|p1a: Slowking|6/100
|move|p1a: Slowking|Sludge Bomb|p2a: Meowscarada
|-damage|p2a: Meowscarada|44/100
|
|-weather|Snowscape|[upkeep]
|upkeep
|turn|22
|inactive|zbackbar has 120 seconds left.
|
|t:|1769354270
|move|p2a: Meowscarada|Knock Off|p1a: Slowking
|-supereffective|p1a: Slowking
|-damage|p1a: Slowking|0 fnt
|faint|p1a: Slowking
|
|-weather|none
|upkeep
|
|t:|1769354277
|switch|p1a: Dragonite|Dragonite, M|97/100
|turn|23
|
|t:|1769354282
|move|p2a: Meowscarada|Knock Off|p1a: Dragonite
|-damage|p1a: Dragonite|37/100
|-enditem|p1a: Dragonite|Heavy-Duty Boots|[from] move: Knock Off|[of] p2a: Meowscarada
|move|p1a: Dragonite|Dragon Dance|p1a: Dragonite
|-boost|p1a: Dragonite|atk|1
|-boost|p1a: Dragonite|spe|1
|
|upkeep
|turn|24
|
|t:|1769354290
|move|p1a: Dragonite|Extreme Speed|p2a: Meowscarada
|-damage|p2a: Meowscarada|0 fnt
|faint|p2a: Meowscarada
|
|upkeep
|
|t:|1769354293
|switch|p2a: Dragonite|Dragonite, M, shiny|100/100
|turn|25
|
|t:|1769354302
|-terastallize|p1a: Dragonite|Ghost
|-terastallize|p2a: Dragonite|Normal
|move|p1a: Dragonite|Tera Blast|p2a: Dragonite|[anim] Tera Blast Ghost
|-immune|p2a: Dragonite
|move|p2a: Dragonite|Dragon Dance|p2a: Dragonite
|-boost|p2a: Dragonite|atk|1
|-boost|p2a: Dragonite|spe|1
|
|upkeep
|turn|26
|
|t:|1769354312
|move|p1a: Dragonite|Extreme Speed|p2a: Dragonite
|-damage|p2a: Dragonite|73/100
|move|p2a: Dragonite|Earthquake|p1a: Dragonite
|-damage|p1a: Dragonite|0 fnt
|faint|p1a: Dragonite
|
|upkeep
|
|t:|1769354320
|switch|p1a: Raging Bolt|Raging Bolt|39/100
|-damage|p1a: Raging Bolt|26/100|[from] Spikes
|turn|27
|
|t:|1769354325
|move|p2a: Dragonite|Extreme Speed|p1a: Raging Bolt
|-damage|p1a: Raging Bolt|0 fnt
|faint|p1a: Raging Bolt
|-end|p1a: Raging Bolt|Protosynthesis|[silent]
|
|win|zbackbar
|raw|do bronx aarone's rating: 1386 &rarr; <strong>1367</strong><br />(-19 for losing)
|raw|zbackbar's rating: 1399 &rarr; <strong>1418</strong><br />(+19 for winning)
|l|☆zbackbar
|player|p2|
|l|☆do bronx aarone
|player|p1|
