|j|☆Permanultimatum
|j|☆OrphanGenerator
|t:|1769358381
|gametype|singles
|player|p1|Permanultimatum|scientist-gen4|1298
|player|p2|OrphanGenerator|265|1307
|gen|9
|tier|[Gen 9] OU
|rated|
|rule|HP Percentage Mod: HP is shown in percentages
|rule|Endless Battle Clause: Forcing endless battles is banned
|rule|Species Clause: Limit one of each Pokémon
|rule|OHKO Clause: OHKO moves are banned
|rule|Evasion Items Clause: Evasion items are banned
|rule|Evasion Moves Clause: Evasion moves are banned
|rule|Evasion Abilities Clause: Evasion abilities are banned
|rule|Sleep Moves Clause: Sleep-inducing moves are banned
|clearpoke
|poke|p1|Jirachi|
|poke|p1|Hydrapple, F|
|poke|p1|Hoopa-Unbound|
|poke|p1|Mandibuzz, F|
|poke|p1|Slither Wing|
|poke|p1|Rotom-Heat|
|poke|p2|Araquanid, F|
|poke|p2|Kyurem|
|poke|p2|Slowking-Galar, M|
|poke|p2|Landorus-Therian, M|
|poke|p2|Samurott-Hisui, M|
|poke|p2|Iron Treads|
|teampreview
|inactive|Battle timer is ON: inactive players will automatically lose when time's up. (requested by OrphanGenerator)
|
|t:|1769358402
|teamsize|p1|6
|teamsize|p2|6
|start
|switch|p1a: Rotom|Rotom-Heat|100/100
|switch|p2a: Landorus|Landorus-Therian, M|100/100
|-ability|p2a: Landorus|Intimidate|boost
|-unboost|p1a: Rotom|atk|1
|turn|1
|
|t:|1769358409
|move|p2a: Landorus|Stealth Rock|p1a: Rotom
|-sidestart|p1: Permanultimatum|move: Stealth Rock
|move|p1a: Rotom|Will-O-Wisp|p2a: Landorus
|-status|p2a: Landorus|brn
|
|-damage|p2a: Landorus|94/100 brn|[from] brn
|upkeep
|turn|2
|
|t:|1769358417
|move|p2a: Landorus|U-turn|p1a: Rotom
|-resisted|p1a: Rotom
|-damage|p1a: Rotom|94/100
|
|t:|1769358420
|switch|p2a: Araquanid|Araquanid, F|100/100|[from] U-turn
|move|p1a: Rotom|Overheat|p2a: Araquanid
|-damage|p2a: Araquanid|77/100
|-unboost|p1a: Rotom|spa|2
|
|upkeep
|turn|3
|
|t:|1769358429
|move|p1a: Rotom|Volt Switch|p2a: Araquanid
|-supereffective|p2a: Araquanid
|-damage|p2a: Araquanid|50/100
|
|t:|1769358440
|switch|p1a: Mandibuzz|Mandibuzz, F|100/100|[from] Volt Switch
|move|p2a: Araquanid|Surf|p1a: Mandibuzz
|-crit|p1a: Mandibuzz
|-damage|p1a: Mandibuzz|28/100
|
|upkeep
|turn|4
|
|t:|1769358447
|move|p1a: Mandibuzz|Roost|p1a: Mandibuzz
|-heal|p1a: Mandibuzz|78/100
|-singleturn|p1a: Mandibuzz|move: Roost
|move|p2a: Araquanid|Surf|p1a: Mandibuzz
|-damage|p1a: Mandibuzz|28/100
|
|upkeep
|turn|5
|
|t:|1769358453
|move|p1a: Mandibuzz|Roost|p1a: Mandibuzz
|-heal|p1a: Mandibuzz|79/100
|-singleturn|p1a: Mandibuzz|move: Roost
|move|p2a: Araquanid|Surf|p1a: Mandibuzz
|-damage|p1a: Mandibuzz|30/100
|
|upkeep
|turn|6
|
|t:|1769358460
|switch|p1a: Hydrapple|Hydrapple, F|100/100
|-damage|p1a: Hydrapple|88/100|[from] Stealth Rock
|move|p2a: Araquanid|Surf|p1a: Hydrapple
|-resisted|p1a: Hydrapple
|-damage|p1a: Hydrapple|79/100
|
|upkeep
|turn|7
|
|t:|1769358476
|move|p1a: Hydrapple|Draco Meteor|p2a: Araquanid
|-damage|p2a: Araquanid|0 fnt
|-unboost|p1a: Hydrapple|spa|2
|faint|p2a: Araquanid
|
|upkeep
|
|t:|1769358483
|switch|p2a: Kyurem|Kyurem|100/100
|-ability|p2a: Kyurem|Pressure
|turn|8
|
|t:|1769358504
|switch|p1a: Jirachi|Jirachi|100/100
|-damage|p1a: Jirachi|94/100|[from] Stealth Rock
|move|p2a: Kyurem|Draco Meteor|p1a: Jirachi
|-resisted|p1a: Jirachi
|-damage|p1a: Jirachi|47/100
|-unboost|p2a: Kyurem|spa|2
|
|upkeep
|turn|9
|
|t:|1769358517
|switch|p2a: Landorus|Landorus-Therian, M|94/100 brn
|-ability|p2a: Landorus|Intimidate|boost
|-unboost|p1a: Jirachi|atk|1
|move|p1a: Jirachi|Doom Desire|p2a: Landorus
|-start|p1a: Jirachi|Doom Desire
|
|-damage|p2a: Landorus|88/100 brn|[from] brn
|upkeep
|turn|10
|
|t:|1769358547
|switch|p1a: Slither Wing|Slither Wing|100/100
|-damage|p1a: Slither Wing|88/100|[from] Stealth Rock
|move|p2a: Landorus|Earth Power|p1a: Slither Wing
|-resisted|p1a: Slither Wing
|-damage|p1a: Slither Wing|74/100
|
|-damage|p2a: Landorus|82/100 brn|[from] brn
|upkeep
|turn|11
|
|t:|1769358560
|move|p2a: Landorus|Taunt|p1a: Slither Wing
|-start|p1a: Slither Wing|move: Taunt
|move|p1a: Slither Wing|U-turn|p2a: Landorus
|-resisted|p2a: Landorus
|-damage|p2a: Landorus|52/100 brn
|-damage|p1a: Slither Wing|57/100|[from] item: Rocky Helmet|[of] p2a: Landorus
|
|t:|1769358567
|-end|p1a: Slither Wing|Protosynthesis|[silent]
|switch|p1a: Hoopa|Hoopa-Unbound|100/100|[from] U-turn
|-damage|p1a: Hoopa|88/100|[from] Stealth Rock
|
|-end|p2a: Landorus|move: Doom Desire
|-damage|p2a: Landorus|0 fnt
|faint|p2a: Landorus
|upkeep
|inactive|OrphanGenerator has 120 seconds left.
|
|t:|1769358586
|switch|p2a: Iron Treads|Iron Treads|100/100
|turn|12
|
|t:|1769358601
|move|p2a: Iron Treads|Knock Off|p1a: Hoopa
|-damage|p1a: Hoopa|61/100
|-enditem|p1a: Hoopa|Life Orb|[from] move: Knock Off|[of] p2a: Iron Treads
|move|p1a: Hoopa|Drain Punch|p2a: Iron Treads
|-supereffective|p2a: Iron Treads
|-damage|p2a: Iron Treads|51/100
|-heal|p1a: Hoopa|83/100|[from] drain|[of] p2a: Iron Treads
|-item|p1a: Hoopa|Assault Vest|[from] ability: Magician|[of] p2a: Iron Treads
|
|upkeep
|turn|13
|
|t:|1769358618
|move|p2a: Iron Treads|Earthquake|p1a: Hoopa
|-damage|p1a: Hoopa|37/100
|move|p1a: Hoopa|Drain Punch|p2a: Iron Treads
|-supereffective|p2a: Iron Treads
|-damage|p2a: Iron Treads|5/100
|-heal|p1a: Hoopa|57/100|[from] drain|[of] p2a: Iron Treads
|
|upkeep
|turn|14
|
|t:|1769358628
|switch|p1a: Rotom|Rotom-Heat|94/100
|move|p2a: Iron Treads|Volt Switch|p1a: Rotom
|-resisted|p1a: Rotom
|-damage|p1a: Rotom|87/100
|
|t:|1769358634
|-end|p2a: Iron Treads|Quark Drive|[silent]
|switch|p2a: Samurott|Samurott-Hisui, M|100/100|[from] Volt Switch
|
|upkeep
|turn|15
|
|t:|1769358642
|move|p1a: Rotom|Volt Switch|p2a: Samurott
|-supereffective|p2a: Samurott
|-damage|p2a: Samurott|1/100
|
|t:|1769358655
|switch|p1a: Slither Wing|Slither Wing|57/100|[from] Volt Switch
|-damage|p1a: Slither Wing|45/100|[from] Stealth Rock
|move|p2a: Samurott|Ceaseless Edge|p1a: Slither Wing
|-resisted|p1a: Slither Wing
|-damage|p1a: Slither Wing|9/100
|-sidestart|p1: Permanultimatum|Spikes
|-damage|p2a: Samurott|0 fnt|[from] item: Life Orb
|faint|p2a: Samurott
|
|upkeep
|
|t:|1769358665
|switch|p2a: Iron Treads|Iron Treads|5/100
|turn|16
|
|t:|1769358672
|move|p1a: Slither Wing|First Impression|p2a: Iron Treads
|-resisted|p2a: Iron Treads
|-damage|p2a: Iron Treads|0 fnt
|faint|p2a: Iron Treads
|-end|p2a: Iron Treads|Quark Drive|[silent]
|
|upkeep
|-message|OrphanGenerator forfeited.
|
|win|Permanultimatum
|raw|Permanultimatum's rating: 1298 &rarr; <strong>1324</strong><br />(+26 for winning)
|raw|OrphanGenerator's rating: 1307 &rarr; <strong>1286</strong><br />(-21 for losing)
|l|☆OrphanGenerator
|player|p2|
