|j|☆toxel.png
|j|☆d00d guy
|t:|1769314677
|gametype|singles
|player|p1|toxel.png|roxie|1380
|player|p2|d00d guy|emmet|1431
|gen|9
|tier|[Gen 9] OU
|rated|
|rule|HP Percentage Mod: HP is shown in percentages
|rule|Endless Battle Clause: Forcing endless battles is banned
|rule|Species Clause: Limit one of each Pokémon
|rule|OHKO Clause: OHKO moves are banned
|rule|Evasion Items Clause: Evasion items are banned
|rule|Evasion Moves Clause: Evasion moves are banned
|rule|Evasion Abilities Clause: Evasion abilities are banned
|rule|Sleep Moves Clause: Sleep-inducing moves are banned
|clearpoke
|poke|p1|Grimmsnarl, M|
|poke|p1|Toxtricity, M|
|poke|p1|Dragonite, M|
|poke|p1|Incineroar, M|
|poke|p1|Weavile, M|
|poke|p1|Corviknight, F|
|poke|p2|Tyranitar, M|
|poke|p2|Excadrill, M|
|poke|p2|Iron Valiant|
|poke|p2|Zapdos|
|poke|p2|Ogerpon, F|
|poke|p2|Toxapex, M|
|teampreview
|
|t:|1769314681
|teamsize|p1|6
|teamsize|p2|6
|start
|switch|p1a: ♪ Chop Suey!|Grimmsnarl, M|100/100
|switch|p2a: Tyranitar|Tyranitar, M, shiny|100/100
|-weather|Sandstorm|[from] ability: Sand Stream|[of] p2a: Tyranitar
|turn|1
|
|t:|1769314688
|move|p2a: Tyranitar|Stealth Rock|p1a: ♪ Chop Suey!
|-sidestart|p1: toxel.png|move: Stealth Rock
|move|p1a: ♪ Chop Suey!|Spirit Break|p2a: Tyranitar
|-supereffective|p2a: Tyranitar
|-damage|p2a: Tyranitar|48/100
|-unboost|p2a: Tyranitar|spa|1
|
|-weather|Sandstorm|[upkeep]
|-damage|p1a: ♪ Chop Suey!|94/100|[from] Sandstorm
|upkeep
|turn|2
|
|t:|1769314694
|move|p2a: Tyranitar|Knock Off|p1a: ♪ Chop Suey!
|-resisted|p1a: ♪ Chop Suey!
|-damage|p1a: ♪ Chop Suey!|76/100
|-enditem|p1a: ♪ Chop Suey!|Heavy-Duty Boots|[from] move: Knock Off|[of] p2a: Tyranitar
|move|p1a: ♪ Chop Suey!|Spirit Break|p2a: Tyranitar
|-supereffective|p2a: Tyranitar
|-damage|p2a: Tyranitar|0 fnt
|faint|p2a: Tyranitar
|
|-weather|Sandstorm|[upkeep]
|-damage|p1a: ♪ Chop Suey!|70/100|[from] Sandstorm
|upkeep
|
|t:|1769314709
|switch|p2a: Iron Valiant|Iron Valiant, shiny|100/100
|turn|3
|
|t:|1769314723
|move|p1a: ♪ Chop Suey!|Thunder Wave|p2a: Iron Valiant
|-status|p2a: Iron Valiant|par
|move|p2a: Iron Valiant|Moonblast|p1a: ♪ Chop Suey!
|-supereffective|p1a: ♪ Chop Suey!
|-damage|p1a: ♪ Chop Suey!|0 fnt
|faint|p1a: ♪ Chop Suey!
|
|-weather|Sandstorm|[upkeep]
|-damage|p2a: Iron Valiant|94/100 par|[from] Sandstorm
|upkeep
|
|t:|1769314733
|switch|p1a: ♪ King Von|Weavile, M|100/100
|-damage|p1a: ♪ King Von|76/100|[from] Stealth Rock
|-ability|p1a: ♪ King Von|Pressure
|turn|4
|
|t:|1769314737
|move|p1a: ♪ King Von|Triple Axel|p2a: Iron Valiant
|-damage|p2a: Iron Valiant|76/100 par
|-damage|p2a: Iron Valiant|38/100 par
|-damage|p2a: Iron Valiant|0 fnt
|faint|p2a: Iron Valiant
|-end|p2a: Iron Valiant|Quark Drive|[silent]
|-hitcount|p2: Iron Valiant|3
|
|-weather|Sandstorm|[upkeep]
|-damage|p1a: ♪ King Von|70/100|[from] Sandstorm
|upkeep
|
|t:|1769314743
|switch|p2a: Zapdos|Zapdos, shiny|100/100
|turn|5
|
|t:|1769314751
|switch|p1a: ♪ One Beer|Incineroar, M|100/100
|-ability|p1a: ♪ One Beer|Intimidate|boost
|-unboost|p2a: Zapdos|atk|1
|-terastallize|p2a: Zapdos|Ice
|move|p2a: Zapdos|Volt Switch|p1a: ♪ One Beer
|-damage|p1a: ♪ One Beer|77/100
|
|t:|1769314757
|switch|p2a: Excadrill|Excadrill, M, shiny|100/100|[from] Volt Switch
|
|-weather|Sandstorm|[upkeep]
|-damage|p1a: ♪ One Beer|71/100|[from] Sandstorm
|upkeep
|turn|6
|
|t:|1769314763
|switch|p1a: ♪ Still Shinin’|Corviknight, F|100/100
|-damage|p1a: ♪ Still Shinin’|88/100|[from] Stealth Rock
|-ability|p1a: ♪ Still Shinin’|Pressure
|move|p2a: Excadrill|Rock Slide|p1a: ♪ Still Shinin’
|-damage|p1a: ♪ Still Shinin’|72/100
|
|-weather|Sandstorm|[upkeep]
|upkeep
|turn|7
|
|t:|1769314774
|switch|p2a: Toxapex|Toxapex, M, shiny|100/100
|move|p1a: ♪ Still Shinin’|Defog|p2a: Toxapex
|-unboost|p2a: Toxapex|evasion|1
|-sideend|p1: toxel.png|Stealth Rock|[from] move: Defog|[of] p1a: ♪ Still Shinin’
|
|-weather|Sandstorm|[upkeep]
|-damage|p2a: Toxapex|95/100|[from] Sandstorm
|upkeep
|turn|8
|
|t:|1769314788
|move|p1a: ♪ Still Shinin’|U-turn|p2a: Toxapex
|-resisted|p2a: Toxapex
|-damage|p2a: Toxapex|90/100
|-enditem|p2a: Toxapex|Eject Button
|
|t:|1769314792
|switch|p2a: Zapdos|Zapdos, shiny, tera:Ice|100/100
|
|-weather|none
|upkeep
|turn|9
|
|t:|1769314798
|switch|p1a: ♪ One Beer|Incineroar, M|71/100
|-ability|p1a: ♪ One Beer|Intimidate|boost
|-unboost|p2a: Zapdos|atk|1
|move|p2a: Zapdos|Volt Switch|p1a: ♪ One Beer
|-damage|p1a: ♪ One Beer|46/100
|
|t:|1769314803
|switch|p2a: Ogerpon|Ogerpon, F|100/100|[from] Volt Switch
|
|upkeep
|turn|10
|
|t:|1769314809
|move|p2a: Ogerpon|U-turn|p1a: ♪ One Beer
|-damage|p1a: ♪ One Beer|12/100
|
|t:|1769314812
|switch|p2a: Zapdos|Zapdos, shiny, tera:Ice|100/100|[from] U-turn
|move|p1a: ♪ One Beer|Will-O-Wisp|p2a: Zapdos
|-status|p2a: Zapdos|brn
|
|-damage|p2a: Zapdos|94/100 brn|[from] brn
|upkeep
|turn|11
|
|t:|1769314816
|move|p2a: Zapdos|Volt Switch|p1a: ♪ One Beer
|-damage|p1a: ♪ One Beer|0 fnt
|faint|p1a: ♪ One Beer
|
|t:|1769314824
|switch|p2a: Toxapex|Toxapex, M, shiny|100/100|[from] Volt Switch
|
|upkeep
|
|t:|1769314829
|switch|p1a: ♪ Stricken|Toxtricity, M|100/100
|turn|12
|
|t:|1769314837
|move|p1a: ♪ Stricken|Boomburst|p2a: Toxapex
|-damage|p2a: Toxapex|34/100
|move|p2a: Toxapex|Toxic Spikes|p1a: ♪ Stricken
|-sidestart|p1: toxel.png|move: Toxic Spikes
|
|upkeep
|turn|13
|
|t:|1769314846
|move|p1a: ♪ Stricken|Boomburst|p2a: Toxapex
|-damage|p2a: Toxapex|0 fnt
|faint|p2a: Toxapex
|
|upkeep
|inactive|Battle timer is ON: inactive players will automatically lose when time's up. (requested by toxel.png)
|
|t:|1769314857
|switch|p2a: Ogerpon|Ogerpon, F|100/100
|turn|14
|
|t:|1769314863
|switch|p1a: ♪ Still Shinin’|Corviknight, F|72/100
|-ability|p1a: ♪ Still Shinin’|Pressure
|move|p2a: Ogerpon|Knock Off|p1a: ♪ Still Shinin’
|-damage|p1a: ♪ Still Shinin’|45/100
|-damage|p2a: Ogerpon|84/100|[from] item: Rocky Helmet|[of] p1a: ♪ Still Shinin’
|-enditem|p1a: ♪ Still Shinin’|Rocky Helmet|[from] move: Knock Off|[of] p2a: Ogerpon
|
|upkeep
|turn|15
|
|t:|1769314871
|switch|p2a: Zapdos|Zapdos, shiny, tera:Ice|94/100 brn
|move|p1a: ♪ Still Shinin’|Roost|p1a: ♪ Still Shinin’
|-heal|p1a: ♪ Still Shinin’|95/100
|-singleturn|p1a: ♪ Still Shinin’|move: Roost
|
|-damage|p2a: Zapdos|88/100 brn|[from] brn
|upkeep
|turn|16
|
|t:|1769314880
|switch|p1a: ♪ Stricken|Toxtricity, M|100/100
|-sideend|p1: toxel.png|move: Toxic Spikes|[of] p1a: ♪ Stricken
|move|p2a: Zapdos|Heat Wave|p1a: ♪ Stricken
|-damage|p1a: ♪ Stricken|47/100
|
|-damage|p2a: Zapdos|82/100 brn|[from] brn
|upkeep
|turn|17
|
|t:|1769314888
|move|p2a: Zapdos|Heat Wave|p1a: ♪ Stricken
|-damage|p1a: ♪ Stricken|0 fnt
|faint|p1a: ♪ Stricken
|
|-damage|p2a: Zapdos|76/100 brn|[from] brn
|upkeep
|
|t:|1769314895
|switch|p1a: ♪ King Von|Weavile, M|70/100
|-ability|p1a: ♪ King Von|Pressure
|turn|18
|
|t:|1769314901
|move|p1a: ♪ King Von|Low Kick|p2a: Zapdos
|-supereffective|p2a: Zapdos
|-damage|p2a: Zapdos|0 fnt
|faint|p2a: Zapdos
|
|upkeep
|
|t:|1769314907
|switch|p2a: Excadrill|Excadrill, M, shiny|100/100
|turn|19
|
|t:|1769314911
|move|p1a: ♪ King Von|Low Kick|p2a: Excadrill
|-supereffective|p2a: Excadrill
|-damage|p2a: Excadrill|10/100
|move|p2a: Excadrill|Earthquake|p1a: ♪ King Von
|-damage|p1a: ♪ King Von|0 fnt
|faint|p1a: ♪ King Von
|
|-heal|p2a: Excadrill|16/100|[from] item: Leftovers
|upkeep
|
|t:|1769314916
|switch|p1a: ♪ Still Shinin’|Corviknight, F|95/100
|-ability|p1a: ♪ Still Shinin’|Pressure
|turn|20
|
|t:|1769314922
|move|p2a: Excadrill|Rock Slide|p1a: ♪ Still Shinin’
|-damage|p1a: ♪ Still Shinin’|76/100
|move|p1a: ♪ Still Shinin’|Body Press|p2a: Excadrill
|-supereffective|p2a: Excadrill
|-damage|p2a: Excadrill|0 fnt
|faint|p2a: Excadrill
|
|upkeep
|
|t:|1769314927
|switch|p2a: Ogerpon|Ogerpon, F|84/100
|turn|21
|
|t:|1769314935
|move|p2a: Ogerpon|Rock Tomb|p1a: ♪ Still Shinin’
|-damage|p1a: ♪ Still Shinin’|58/100
|-unboost|p1a: ♪ Still Shinin’|spe|1
|move|p1a: ♪ Still Shinin’|U-turn|p2a: Ogerpon
|-supereffective|p2a: Ogerpon
|-damage|p2a: Ogerpon|45/100
|
|t:|1769314938
|switch|p1a: ♪ Aeriels|Dragonite, M|100/100|[from] U-turn
|
|upkeep
|turn|22
|
|t:|1769314941
|-terastallize|p1a: ♪ Aeriels|Flying
|move|p2a: Ogerpon|Rock Tomb|p1a: ♪ Aeriels
|-supereffective|p1a: ♪ Aeriels
|-damage|p1a: ♪ Aeriels|71/100
|-unboost|p1a: ♪ Aeriels|spe|1
|move|p1a: ♪ Aeriels|Tera Blast|p2a: Ogerpon|[anim] Tera Blast Flying
|-supereffective|p2a: Ogerpon
|-crit|p2a: Ogerpon
|-damage|p2a: Ogerpon|0 fnt
|faint|p2a: Ogerpon
|
|win|toxel.png
|raw|toxel.png's rating: 1380 &rarr; <strong>1403</strong><br />(+23 for winning)
|raw|d00d guy's rating: 1431 &rarr; <strong>1408</strong><br />(-23 for losing)
|l|☆toxel.png
|player|p1|
|l|☆d00d guy
|player|p2|
