|j|☆lordweirdo17
|j|☆Hgupic
|t:|1769334423
|gametype|singles
|player|p1|lordweirdo17|fisherman-gen4|1101
|player|p2|Hgupic|266|1095
|gen|9
|tier|[Gen 9] OU
|rated|
|rule|HP Percentage Mod: HP is shown in percentages
|rule|Endless Battle Clause: Forcing endless battles is banned
|rule|Species Clause: Limit one of each Pokémon
|rule|OHKO Clause: OHKO moves are banned
|rule|Evasion Items Clause: Evasion items are banned
|rule|Evasion Moves Clause: Evasion moves are banned
|rule|Evasion Abilities Clause: Evasion abilities are banned
|rule|Sleep Moves Clause: Sleep-inducing moves are banned
|clearpoke
|poke|p1|Iron Valiant|
|poke|p1|Great Tusk|
|poke|p1|Kingambit, F|
|poke|p1|Alomomola, F|
|poke|p1|Moltres|
|poke|p1|Hoopa-Unbound|
|poke|p2|Swampert, M|
|poke|p2|Quagsire, F|
|poke|p2|Thundurus, M|
|poke|p2|Falinks|
|poke|p2|Chandelure, M|
|poke|p2|Great Tusk|
|teampreview
|inactive|Battle timer is ON: inactive players will automatically lose when time's up. (requested by lordweirdo17)
|
|t:|1769334435
|teamsize|p1|6
|teamsize|p2|6
|start
|switch|p1a: Moltres|Moltres|100/100
|switch|p2a: Thundurus|Thundurus, M|100/100
|turn|1
|
|t:|1769334443
|switch|p1a: Great Tusk|Great Tusk|100/100
|-enditem|p1a: Great Tusk|Booster Energy
|-activate|p1a: Great Tusk|ability: Protosynthesis|[fromitem]
|-start|p1a: Great Tusk|protosynthesisspe
|move|p2a: Thundurus|Nasty Plot|p2a: Thundurus
|-boost|p2a: Thundurus|spa|2
|
|upkeep
|turn|2
|
|t:|1769334455
|move|p2a: Thundurus|Nasty Plot|p2a: Thundurus
|-boost|p2a: Thundurus|spa|2
|move|p1a: Great Tusk|Ice Spinner|p2a: Thundurus
|-supereffective|p2a: Thundurus
|-damage|p2a: Thundurus|31/100
|
|-heal|p2a: Thundurus|37/100|[from] item: Leftovers
|upkeep
|turn|3
|
|t:|1769334467
|move|p1a: Great Tusk|Ice Spinner|p2a: Thundurus
|-supereffective|p2a: Thundurus
|-damage|p2a: Thundurus|0 fnt
|faint|p2a: Thundurus
|
|upkeep
|
|t:|1769334479
|switch|p2a: Swampert|Swampert, M|100/100
|turn|4
|
|t:|1769334486
|-end|p1a: Great Tusk|Protosynthesis|[silent]
|switch|p1a: Alomomola|Alomomola, F|100/100
|move|p2a: Swampert|Ice Punch|p1a: Alomomola
|-resisted|p1a: Alomomola
|-damage|p1a: Alomomola|94/100
|
|upkeep
|turn|5
|
|t:|1769334498
|move|p2a: Swampert|Knock Off|p1a: Alomomola
|-damage|p1a: Alomomola|77/100
|-enditem|p1a: Alomomola|Heavy-Duty Boots|[from] move: Knock Off|[of] p2a: Swampert
|move|p1a: Alomomola|Flip Turn|p2a: Swampert
|-damage|p2a: Swampert|88/100
|
|t:|1769334507
|switch|p1a: Hoopa|Hoopa-Unbound|100/100|[from] Flip Turn
|
|-heal|p2a: Swampert|94/100|[from] item: Leftovers
|upkeep
|turn|6
|
|t:|1769334518
|move|p1a: Hoopa|Knock Off|p2a: Swampert
|-damage|p2a: Swampert|27/100
|-enditem|p2a: Swampert|Leftovers|[from] move: Knock Off|[of] p1a: Hoopa
|move|p2a: Swampert|Knock Off|p1a: Hoopa
|-damage|p1a: Hoopa|47/100
|-enditem|p1a: Hoopa|Choice Band|[from] move: Knock Off|[of] p2a: Swampert
|
|upkeep
|turn|7
|
|t:|1769334526
|switch|p2a: Quagsire|Quagsire, F|100/100
|move|p1a: Hoopa|Knock Off|p2a: Quagsire
|-damage|p2a: Quagsire|59/100
|-enditem|p2a: Quagsire|Leftovers|[from] move: Knock Off|[of] p1a: Hoopa
|
|upkeep
|turn|8
|
|t:|1769334534
|switch|p1a: Kingambit|Kingambit, F|100/100
|move|p2a: Quagsire|Toxic|p1a: Kingambit
|-immune|p1a: Kingambit
|
|upkeep
|turn|9
|
|t:|1769334540
|-end|p1a: Kingambit|fallenundefined|[silent]
|switch|p1a: Moltres|Moltres|100/100
|move|p2a: Quagsire|Stealth Rock|p1a: Moltres
|-sidestart|p1: lordweirdo17|move: Stealth Rock
|
|upkeep
|turn|10
|
|t:|1769334549
|move|p1a: Moltres|U-turn|p2a: Quagsire
|-damage|p2a: Quagsire|50/100
|
|t:|1769334555
|switch|p1a: Alomomola|Alomomola, F|100/100|[from] U-turn
|-damage|p1a: Alomomola|88/100|[from] Stealth Rock
|move|p2a: Quagsire|Toxic|p1a: Alomomola
|-status|p1a: Alomomola|tox
|
|-damage|p1a: Alomomola|82/100 tox|[from] psn
|upkeep
|turn|11
|
|t:|1769334570
|move|p1a: Alomomola|Wish|p1a: Alomomola
|move|p2a: Quagsire|Body Press|p1a: Alomomola
|-damage|p1a: Alomomola|69/100 tox
|
|-damage|p1a: Alomomola|56/100 tox|[from] psn
|upkeep
|turn|12
|
|t:|1769334580
|switch|p2a: Falinks|Falinks|100/100
|move|p1a: Alomomola|Flip Turn|p2a: Falinks
|-damage|p2a: Falinks|86/100
|
|t:|1769334589
|switch|p1a: Kaiba|Iron Valiant, shiny|100/100|[from] Flip Turn
|-damage|p1a: Kaiba|94/100|[from] Stealth Rock
|-enditem|p1a: Kaiba|Booster Energy
|-activate|p1a: Kaiba|ability: Quark Drive|[fromitem]
|-start|p1a: Kaiba|quarkdrivespe
|
|-heal|p1a: Kaiba|100/100|[from] move: Wish|[wisher] Alomomola
|upkeep
|turn|13
|
|t:|1769334600
|move|p2a: Falinks|First Impression|p1a: Kaiba
|-resisted|p1a: Kaiba
|-damage|p1a: Kaiba|91/100
|-damage|p2a: Falinks|76/100|[from] item: Life Orb
|move|p1a: Kaiba|Calm Mind|p1a: Kaiba
|-boost|p1a: Kaiba|spa|1
|-boost|p1a: Kaiba|spd|1
|
|upkeep
|turn|14
|
|t:|1769334608
|move|p1a: Kaiba|Encore|p2a: Falinks
|-start|p2a: Falinks|Encore
|move|p2a: Falinks|First Impression||[still]
|-hint|First Impression only works on your first turn out.
|-fail|p2a: Falinks
|
|upkeep
|turn|15
|-message|Hgupic forfeited.
|
|win|lordweirdo17
|raw|lordweirdo17's rating: 1101 &rarr; <strong>1126</strong><br />(+25 for winning)
|raw|Hgupic's rating: 1095 &rarr; <strong>1071</strong><br />(-24 for losing)
|l|☆Hgupic
|player|p2|
|l|☆lordweirdo17
|player|p1|
