|badge|p2|silver|gen9ou|30-8
|uhtml|medal-msg|<div class="broadcast-blue">Curious what those medals under the avatar are? PS now has Ladder Seasons! For more information, check out the <a href="https://www.smogon.com/forums/threads/3740067/">thread on Smogon.</a></div>
|j|☆GODKUD
|j|☆Auburn Hills
|t:|1769393874
|gametype|singles
|player|p1|GODKUD|ghetsis-gen5bw|1770
|player|p2|Auburn Hills|alder|1945
|gen|9
|tier|[Gen 9] OU
|rated|
|rule|HP Percentage Mod: HP is shown in percentages
|rule|Endless Battle Clause: Forcing endless battles is banned
|rule|Species Clause: Limit one of each Pokémon
|rule|OHKO Clause: OHKO moves are banned
|rule|Evasion Items Clause: Evasion items are banned
|rule|Evasion Moves Clause: Evasion moves are banned
|rule|Evasion Abilities Clause: Evasion abilities are banned
|rule|Sleep Moves Clause: Sleep-inducing moves are banned
|clearpoke
|poke|p1|Ceruledge, M|
|poke|p1|Corviknight, M|
|poke|p1|Slowking-Galar, M|
|poke|p1|Great Tusk|
|poke|p1|Hydreigon, M|
|poke|p1|Primarina, M|
|poke|p2|Iron Moth|
|poke|p2|Umbreon, M|
|poke|p2|Garchomp, F|
|poke|p2|Glimmora, M|
|poke|p2|Gholdengo|
|poke|p2|Dragonite, F|
|teampreview
|inactive|Battle timer is ON: inactive players will automatically lose when time's up. (requested by GODKUD)
|c|☆Auburn Hills|I hate these purple teams
|j| XChaosblazer
|inactive|GODKUD has 120 seconds left.
|c|☆GODKUD|Purple no... pure evil
|
|t:|1769393923
|teamsize|p1|6
|teamsize|p2|6
|start
|switch|p1a: tu papa we|Slowking-Galar, M|100/100
|switch|p2a: Julia Jacklin|Glimmora, M|100/100
|turn|1
|inactive|Auburn Hills has 120 seconds left.
|
|t:|1769393963
|move|p2a: Julia Jacklin|Stealth Rock|p1a: tu papa we
|-sidestart|p1: GODKUD|move: Stealth Rock
|move|p1a: tu papa we|Future Sight|p2a: Julia Jacklin
|-start|p1a: tu papa we|move: Future Sight
|
|upkeep
|turn|2
|
|t:|1769393967
|move|p2a: Julia Jacklin|Earth Power|p1a: tu papa we
|-supereffective|p1a: tu papa we
|-damage|p1a: tu papa we|62/100
|-prepare|p1a: tu papa we|Chilly Reception|[premajor]
|move|p1a: tu papa we|Chilly Reception|p1a: tu papa we
|-weather|Snowscape
|
|t:|1769393973
|switch|p1a: rapid spin user|Great Tusk|100/100|[from] Chilly Reception
|-damage|p1a: rapid spin user|98/100|[from] Stealth Rock
|-enditem|p1a: rapid spin user|Booster Energy
|-activate|p1a: rapid spin user|ability: Protosynthesis|[fromitem]
|-start|p1a: rapid spin user|protosynthesisatk
|
|-weather|Snowscape|[upkeep]
|upkeep
|turn|3
|
|t:|1769393975
|move|p1a: rapid spin user|Rapid Spin|p2a: Julia Jacklin
|-resisted|p2a: Julia Jacklin
|-damage|p2a: Julia Jacklin|88/100
|-boost|p1a: rapid spin user|spe|1
|-activate|p2a: Julia Jacklin|ability: Toxic Debris
|-sidestart|p1: GODKUD|move: Toxic Spikes
|-sideend|p1: GODKUD|Toxic Spikes|[from] move: Rapid Spin|[of] p1a: rapid spin user
|-sideend|p1: GODKUD|Stealth Rock|[from] move: Rapid Spin|[of] p1a: rapid spin user
|move|p2a: Julia Jacklin|Mortal Spin|p1a: rapid spin user
|-resisted|p1a: rapid spin user
|-damage|p1a: rapid spin user|95/100
|-status|p1a: rapid spin user|psn
|
|-weather|Snowscape|[upkeep]
|-end|p2a: Julia Jacklin|move: Future Sight
|-supereffective|p2a: Julia Jacklin
|-damage|p2a: Julia Jacklin|0 fnt
|faint|p2a: Julia Jacklin
|-damage|p1a: rapid spin user|83/100 psn|[from] psn
|upkeep
|
|t:|1769393982
|switch|p2a: Carly Rae|Iron Moth|100/100
|-enditem|p2a: Carly Rae|Booster Energy
|-activate|p2a: Carly Rae|ability: Quark Drive|[fromitem]
|-start|p2a: Carly Rae|quarkdrivespe
|turn|4
|
|t:|1769393989
|move|p2a: Carly Rae|Fiery Dance|p1a: rapid spin user
|-damage|p1a: rapid spin user|22/100 psn
|move|p1a: rapid spin user|Headlong Rush|p2a: Carly Rae
|-supereffective|p2a: Carly Rae
|-damage|p2a: Carly Rae|0 fnt
|-unboost|p1a: rapid spin user|def|1
|-unboost|p1a: rapid spin user|spd|1
|faint|p2a: Carly Rae
|-end|p2a: Carly Rae|Quark Drive|[silent]
|
|-weather|Snowscape|[upkeep]
|-damage|p1a: rapid spin user|9/100 psn|[from] psn
|upkeep
|
|t:|1769393993
|switch|p2a: Elucid|Dragonite, F|100/100
|turn|5
|
|t:|1769393996
|move|p2a: Elucid|Extreme Speed|p1a: rapid spin user
|-damage|p1a: rapid spin user|0 fnt
|faint|p1a: rapid spin user
|-end|p1a: rapid spin user|Protosynthesis|[silent]
|
|-weather|Snowscape|[upkeep]
|upkeep
|
|t:|1769393999
|switch|p1a: Metal Cooler|Corviknight, M, shiny|100/100
|-ability|p1a: Metal Cooler|Pressure
|turn|6
|
|t:|1769394002
|switch|p2a: Smino|Gholdengo|100/100
|move|p1a: Metal Cooler|U-turn|p2a: Smino
|-resisted|p2a: Smino
|-damage|p2a: Smino|97/100
|
|t:|1769394005
|switch|p1a: GODREIGON|Hydreigon, M, shiny|100/100|[from] U-turn
|
|-weather|none
|upkeep
|turn|7
|
|t:|1769394008
|move|p2a: Smino|Make It Rain|p1a: GODREIGON
|-damage|p1a: GODREIGON|34/100
|-unboost|p2a: Smino|spa|1
|move|p1a: GODREIGON|Dark Pulse|p2a: Smino
|-supereffective|p2a: Smino
|-damage|p2a: Smino|0 fnt
|faint|p2a: Smino
|
|upkeep
|
|t:|1769394013
|switch|p2a: Elucid|Dragonite, F|100/100
|turn|8
|
|t:|1769394017
|switch|p1a: Metal Cooler|Corviknight, M, shiny|100/100
|-ability|p1a: Metal Cooler|Pressure
|move|p2a: Elucid|Dragon Dance|p2a: Elucid
|-boost|p2a: Elucid|atk|1
|-boost|p2a: Elucid|spe|1
|
|upkeep
|turn|9
|
|t:|1769394022
|switch|p2a: Rat Tally|Garchomp, F|100/100
|move|p1a: Metal Cooler|Brave Bird|p2a: Rat Tally
|-damage|p2a: Rat Tally|61/100
|-damage|p1a: Metal Cooler|88/100|[from] ability: Rough Skin|[of] p2a: Rat Tally
|-damage|p1a: Metal Cooler|76/100|[from] Recoil
|
|upkeep
|turn|10
|
|t:|1769394028
|move|p2a: Rat Tally|Swords Dance|p2a: Rat Tally
|-boost|p2a: Rat Tally|atk|2
|move|p1a: Metal Cooler|Brave Bird|p2a: Rat Tally
|-damage|p2a: Rat Tally|26/100
|-damage|p1a: Metal Cooler|64/100|[from] ability: Rough Skin|[of] p2a: Rat Tally
|-damage|p1a: Metal Cooler|54/100|[from] Recoil
|
|upkeep
|turn|11
|
|t:|1769394031
|-terastallize|p2a: Rat Tally|Electric
|move|p2a: Rat Tally|Tera Blast|p1a: Metal Cooler|[anim] Tera Blast Electric
|-supereffective|p1a: Metal Cooler
|-damage|p1a: Metal Cooler|0 fnt
|faint|p1a: Metal Cooler
|
|upkeep
|
|t:|1769394043
|switch|p1a: Edgelord|Ceruledge, M|100/100
|turn|12
|
|t:|1769394048
|switch|p2a: Alvvays|Umbreon, M|100/100
|-terastallize|p1a: Edgelord|Ghost
|move|p1a: Edgelord|Shadow Sneak|p2a: Alvvays
|-resisted|p2a: Alvvays
|-damage|p2a: Alvvays|89/100
|
|-heal|p2a: Alvvays|95/100|[from] item: Leftovers
|upkeep
|turn|13
|
|t:|1769394053
|switch|p1a: tu papa we|Slowking-Galar, M|95/100
|move|p2a: Alvvays|Thunder Wave|p1a: tu papa we
|-status|p1a: tu papa we|par
|
|-heal|p2a: Alvvays|100/100|[from] item: Leftovers
|upkeep
|turn|14
|
|t:|1769394057
|move|p2a: Alvvays|Wish|p2a: Alvvays
|move|p1a: tu papa we|Toxic|p2a: Alvvays
|-status|p2a: Alvvays|tox
|
|-damage|p2a: Alvvays|94/100 tox|[from] psn
|upkeep
|turn|15
|
|t:|1769394062
|switch|p2a: Rat Tally|Garchomp, F, tera:Electric|26/100
|move|p1a: tu papa we|Sludge Bomb|p2a: Rat Tally
|-damage|p2a: Rat Tally|0 fnt
|faint|p2a: Rat Tally
|
|upkeep
|
|t:|1769394065
|switch|p2a: Elucid|Dragonite, F|100/100
|turn|16
|
|t:|1769394068
|move|p2a: Elucid|Dragon Dance|p2a: Elucid
|-boost|p2a: Elucid|atk|1
|-boost|p2a: Elucid|spe|1
|move|p1a: tu papa we|Toxic|p2a: Elucid
|-status|p2a: Elucid|tox
|
|-damage|p2a: Elucid|94/100 tox|[from] psn
|upkeep
|turn|17
|j| Warmandmoistest
|
|t:|1769394072
|switch|p1a: GODREIGON|Hydreigon, M, shiny|34/100
|move|p2a: Elucid|Earthquake|p1a: GODREIGON
|-immune|p1a: GODREIGON|[from] ability: Levitate
|
|-damage|p2a: Elucid|82/100 tox|[from] psn
|upkeep
|turn|18
|
|t:|1769394077
|switch|p1a: tu papa we|Slowking-Galar, M|100/100 par
|move|p2a: Elucid|Earthquake|p1a: tu papa we
|-supereffective|p1a: tu papa we
|-damage|p1a: tu papa we|0 fnt
|faint|p1a: tu papa we
|
|-damage|p2a: Elucid|63/100 tox|[from] psn
|upkeep
|
|t:|1769394085
|switch|p1a: Edgelord|Ceruledge, M, tera:Ghost|100/100
|turn|19
|
|t:|1769394087
|switch|p2a: Alvvays|Umbreon, M|94/100 tox
|move|p1a: Edgelord|Poltergeist|p2a: Alvvays
|-activate|p2a: Alvvays|move: Poltergeist|Leftovers
|-resisted|p2a: Alvvays
|-damage|p2a: Alvvays|60/100 tox
|
|-heal|p2a: Alvvays|66/100 tox|[from] item: Leftovers
|-damage|p2a: Alvvays|60/100 tox|[from] psn
|upkeep
|turn|20
|
|t:|1769394094
|switch|p1a: GODREIGON|Hydreigon, M, shiny|34/100
|move|p2a: Alvvays|Thunder Wave|p1a: GODREIGON
|-status|p1a: GODREIGON|par
|
|-heal|p2a: Alvvays|66/100 tox|[from] item: Leftovers
|-damage|p2a: Alvvays|54/100 tox|[from] psn
|upkeep
|turn|21
|
|t:|1769394098
|move|p2a: Alvvays|Wish|p2a: Alvvays
|move|p1a: GODREIGON|Draco Meteor|p2a: Alvvays|[miss]
|-miss|p1a: GODREIGON|p2a: Alvvays
|
|-heal|p2a: Alvvays|60/100 tox|[from] item: Leftovers
|-damage|p2a: Alvvays|42/100 tox|[from] psn
|upkeep
|turn|22
|
|t:|1769394102
|move|p2a: Alvvays|Protect|p2a: Alvvays
|-singleturn|p2a: Alvvays|Protect
|move|p1a: GODREIGON|Draco Meteor|p2a: Alvvays
|-activate|p2a: Alvvays|move: Protect
|
|-heal|p2a: Alvvays|92/100 tox|[from] move: Wish|[wisher] Alvvays
|-heal|p2a: Alvvays|98/100 tox|[from] item: Leftovers
|-damage|p2a: Alvvays|74/100 tox|[from] psn
|upkeep
|turn|23
|
|t:|1769394105
|move|p2a: Alvvays|Wish|p2a: Alvvays
|move|p1a: GODREIGON|Draco Meteor|p2a: Alvvays
|-damage|p2a: Alvvays|22/100 tox
|-unboost|p1a: GODREIGON|spa|2
|
|-heal|p2a: Alvvays|28/100 tox|[from] item: Leftovers
|-damage|p2a: Alvvays|0 fnt|[from] psn
|faint|p2a: Alvvays
|upkeep
|
|t:|1769394107
|switch|p2a: Elucid|Dragonite, F|63/100 tox
|turn|24
|
|t:|1769394111
|move|p2a: Elucid|Dragon Dance|p2a: Elucid
|-boost|p2a: Elucid|atk|1
|-boost|p2a: Elucid|spe|1
|move|p1a: GODREIGON|Draco Meteor|p2a: Elucid
|-supereffective|p2a: Elucid
|-damage|p2a: Elucid|0 fnt
|-unboost|p1a: GODREIGON|spa|2
|faint|p2a: Elucid
|
|win|GODKUD
|raw|GODKUD's rating: 1770 &rarr; <strong>1799</strong><br />(+29 for winning)
|raw|Auburn Hills's rating: 1945 &rarr; <strong>1916</strong><br />(-29 for losing)
|l|☆Auburn Hills
|player|p2|
|l|☆GODKUD
|player|p1|
|l| XChaosblazer
