|j|☆jsxlllll
|j|☆bearfirst8
|t:|1769419008
|gametype|singles
|player|p1|jsxlllll|170|1548
|player|p2|bearfirst8|1|1433
|gen|9
|tier|[Gen 9] OU
|rated|
|rule|HP Percentage Mod: HP is shown in percentages
|rule|Endless Battle Clause: Forcing endless battles is banned
|rule|Species Clause: Limit one of each Pokémon
|rule|OHKO Clause: OHKO moves are banned
|rule|Evasion Items Clause: Evasion items are banned
|rule|Evasion Moves Clause: Evasion moves are banned
|rule|Evasion Abilities Clause: Evasion abilities are banned
|rule|Sleep Moves Clause: Sleep-inducing moves are banned
|clearpoke
|poke|p1|Sandy Shocks|
|poke|p1|Scizor, F|
|poke|p1|Manaphy|
|poke|p1|Latios, M|
|poke|p1|Ogerpon, F|
|poke|p1|Iron Jugulis|
|poke|p2|Torkoal, F|
|poke|p2|Walking Wake|
|poke|p2|Great Tusk|
|poke|p2|Cresselia, F|
|poke|p2|Slither Wing|
|poke|p2|Kingambit, M|
|teampreview
|inactive|Battle timer is ON: inactive players will automatically lose when time's up. (requested by bearfirst8)
|
|t:|1769419017
|teamsize|p1|6
|teamsize|p2|6
|start
|switch|p1a: Sandy Shocks|Sandy Shocks|100/100
|switch|p2a: Walking Wake|Walking Wake|100/100
|-enditem|p1a: Sandy Shocks|Booster Energy
|-activate|p1a: Sandy Shocks|ability: Protosynthesis|[fromitem]
|-start|p1a: Sandy Shocks|protosynthesisspe
|turn|1
|
|t:|1769419030
|move|p1a: Sandy Shocks|Stealth Rock|p2a: Walking Wake
|-sidestart|p2: bearfirst8|move: Stealth Rock
|move|p2a: Walking Wake|Hydro Steam|p1a: Sandy Shocks
|-supereffective|p1a: Sandy Shocks
|-damage|p1a: Sandy Shocks|0 fnt
|faint|p1a: Sandy Shocks
|-end|p1a: Sandy Shocks|Protosynthesis|[silent]
|
|upkeep
|
|t:|1769419035
|switch|p1a: Latios|Latios, M|100/100
|turn|2
|
|t:|1769419039
|-end|p2a: Walking Wake|Protosynthesis|[silent]
|switch|p2a: Torkoal|Torkoal, F|100/100
|-damage|p2a: Torkoal|75/100|[from] Stealth Rock
|-weather|SunnyDay|[from] ability: Drought|[of] p2a: Torkoal
|move|p1a: Latios|Agility|p1a: Latios
|-boost|p1a: Latios|spe|2
|
|-weather|SunnyDay|[upkeep]
|upkeep
|turn|3
|
|t:|1769419047
|move|p1a: Latios|Calm Mind|p1a: Latios
|-boost|p1a: Latios|spa|1
|-boost|p1a: Latios|spd|1
|move|p2a: Torkoal|Lava Plume|p1a: Latios
|-resisted|p1a: Latios
|-damage|p1a: Latios|90/100
|-status|p1a: Latios|brn
|
|-weather|SunnyDay|[upkeep]
|-damage|p1a: Latios|83/100 brn|[from] brn
|upkeep
|turn|4
|
|t:|1769419056
|switch|p2a: Kingambit|Kingambit, M|100/100
|-damage|p2a: Kingambit|94/100|[from] Stealth Rock
|move|p1a: Latios|Calm Mind|p1a: Latios
|-boost|p1a: Latios|spa|1
|-boost|p1a: Latios|spd|1
|
|-weather|SunnyDay|[upkeep]
|-heal|p2a: Kingambit|100/100|[from] item: Leftovers
|-damage|p1a: Latios|77/100 brn|[from] brn
|upkeep
|turn|5
|
|t:|1769419064
|-terastallize|p1a: Latios|Fighting
|-terastallize|p2a: Kingambit|Fairy
|move|p1a: Latios|Aura Sphere|p2a: Kingambit
|-resisted|p2a: Kingambit
|-damage|p2a: Kingambit|57/100
|move|p2a: Kingambit|Kowtow Cleave|p1a: Latios
|-resisted|p1a: Latios
|-crit|p1a: Latios
|-damage|p1a: Latios|42/100 brn
|
|-weather|SunnyDay|[upkeep]
|-heal|p2a: Kingambit|64/100|[from] item: Leftovers
|-damage|p1a: Latios|36/100 brn|[from] brn
|upkeep
|turn|6
|
|t:|1769419074
|move|p1a: Latios|Stored Power|p2a: Kingambit
|-damage|p2a: Kingambit|0 fnt
|faint|p2a: Kingambit
|-end|p2a: Kingambit|fallenundefined|[silent]
|
|-weather|SunnyDay|[upkeep]
|-damage|p1a: Latios|30/100 brn|[from] brn
|upkeep
|
|t:|1769419080
|switch|p2a: Slither Wing|Slither Wing, shiny|100/100
|-damage|p2a: Slither Wing|88/100|[from] Stealth Rock
|-activate|p2a: Slither Wing|ability: Protosynthesis
|-start|p2a: Slither Wing|protosynthesisatk
|turn|7
|
|t:|1769419084
|move|p2a: Slither Wing|First Impression|p1a: Latios
|-resisted|p1a: Latios
|-damage|p1a: Latios|0 fnt
|faint|p1a: Latios
|
|-weather|SunnyDay|[upkeep]
|upkeep
|
|t:|1769419090
|switch|p1a: Scizor|Scizor, F|100/100
|turn|8
|
|t:|1769419098
|-end|p2a: Slither Wing|Protosynthesis|[silent]
|switch|p2a: Torkoal|Torkoal, F|75/100
|-damage|p2a: Torkoal|50/100|[from] Stealth Rock
|move|p1a: Scizor|Swords Dance|p1a: Scizor
|-boost|p1a: Scizor|atk|2
|
|-weather|SunnyDay|[upkeep]
|upkeep
|turn|9
|
|t:|1769419105
|move|p1a: Scizor|Knock Off|p2a: Torkoal
|-damage|p2a: Torkoal|0 fnt
|-enditem|p2a: Torkoal|Heat Rock|[from] move: Knock Off|[of] p1a: Scizor
|faint|p2a: Torkoal
|
|-weather|none
|upkeep
|
|t:|1769419109
|switch|p2a: Walking Wake|Walking Wake|100/100
|-damage|p2a: Walking Wake|88/100|[from] Stealth Rock
|turn|10
|
|t:|1769419114
|switch|p1a: Manaphy|Manaphy|100/100
|move|p2a: Walking Wake|Flamethrower|p1a: Manaphy
|-resisted|p1a: Manaphy
|-damage|p1a: Manaphy|79/100
|
|upkeep
|turn|11
|
|t:|1769419122
|-end|p2a: Walking Wake|Protosynthesis|[silent]
|switch|p2a: Slither Wing|Slither Wing, shiny|88/100
|-damage|p2a: Slither Wing|76/100|[from] Stealth Rock
|move|p1a: Manaphy|Tail Glow|p1a: Manaphy
|-boost|p1a: Manaphy|spa|3
|
|upkeep
|turn|12
|
|t:|1769419126
|move|p2a: Slither Wing|First Impression|p1a: Manaphy
|-damage|p1a: Manaphy|0 fnt
|faint|p1a: Manaphy
|
|upkeep
|
|t:|1769419132
|switch|p1a: Scizor|Scizor, F|100/100
|turn|13
|
|t:|1769419135
|-end|p2a: Slither Wing|Protosynthesis|[silent]
|switch|p2a: Great Tusk|Great Tusk|100/100
|move|p1a: Scizor|Knock Off|p2a: Great Tusk
|-resisted|p2a: Great Tusk
|-damage|p2a: Great Tusk|88/100
|-enditem|p2a: Great Tusk|Heavy-Duty Boots|[from] move: Knock Off|[of] p1a: Scizor
|
|upkeep
|turn|14
|
|t:|1769419138
|move|p2a: Great Tusk|Rapid Spin|p1a: Scizor
|-resisted|p1a: Scizor
|-damage|p1a: Scizor|94/100
|-boost|p2a: Great Tusk|spe|1
|-sideend|p2: bearfirst8|Stealth Rock|[from] move: Rapid Spin|[of] p2a: Great Tusk
|move|p1a: Scizor|Swords Dance|p1a: Scizor
|-boost|p1a: Scizor|atk|2
|
|upkeep
|turn|15
|
|t:|1769419145
|move|p2a: Great Tusk|Headlong Rush|p1a: Scizor
|-damage|p1a: Scizor|43/100
|-unboost|p2a: Great Tusk|def|1
|-unboost|p2a: Great Tusk|spd|1
|-enditem|p1a: Scizor|Sitrus Berry|[eat]
|-heal|p1a: Scizor|68/100|[from] item: Sitrus Berry
|move|p1a: Scizor|Swords Dance|p1a: Scizor
|-boost|p1a: Scizor|atk|2
|
|upkeep
|turn|16
|
|t:|1769419153
|move|p1a: Scizor|Bullet Punch|p2a: Great Tusk
|-damage|p2a: Great Tusk|0 fnt
|faint|p2a: Great Tusk
|-end|p2a: Great Tusk|Protosynthesis|[silent]
|
|upkeep
|
|t:|1769419156
|switch|p2a: Walking Wake|Walking Wake|88/100
|turn|17
|
|t:|1769419178
|switch|p1a: Iron Jugulis|Iron Jugulis|100/100
|-enditem|p1a: Iron Jugulis|Booster Energy
|-activate|p1a: Iron Jugulis|ability: Quark Drive|[fromitem]
|-start|p1a: Iron Jugulis|quarkdrivespe
|move|p2a: Walking Wake|Flamethrower|p1a: Iron Jugulis
|-damage|p1a: Iron Jugulis|48/100
|
|upkeep
|turn|18
|
|t:|1769419187
|move|p1a: Iron Jugulis|Dark Pulse|p2a: Walking Wake
|-damage|p2a: Walking Wake|39/100
|move|p2a: Walking Wake|Flamethrower|p1a: Iron Jugulis
|-damage|p1a: Iron Jugulis|0 fnt
|faint|p1a: Iron Jugulis
|-end|p1a: Iron Jugulis|Quark Drive|[silent]
|
|upkeep
|
|t:|1769419202
|switch|p1a: Ogerpon|Ogerpon, F|100/100
|turn|19
|
|t:|1769419211
|-end|p2a: Walking Wake|Protosynthesis|[silent]
|switch|p2a: Cresselia|Cresselia, F|100/100
|move|p1a: Ogerpon|Ivy Cudgel|p2a: Cresselia
|-damage|p2a: Cresselia|76/100
|
|-heal|p2a: Cresselia|82/100|[from] item: Leftovers
|upkeep
|turn|20
|
|t:|1769419216
|move|p1a: Ogerpon|Swords Dance|p1a: Ogerpon
|-boost|p1a: Ogerpon|atk|2
|move|p2a: Cresselia|Trick Room|p2a: Cresselia
|-fieldstart|move: Trick Room|[of] p2a: Cresselia
|
|-heal|p2a: Cresselia|88/100|[from] item: Leftovers
|upkeep
|turn|21
|
|t:|1769419226
|move|p2a: Cresselia|Lunar Dance|p2a: Cresselia
|faint|p2a: Cresselia
|move|p1a: Ogerpon|Encore|p2: Cresselia|[notarget]
|-fail|p1a: Ogerpon
|
|upkeep
|
|t:|1769419230
|switch|p2a: Walking Wake|Walking Wake|39/100
|-heal|p2a: Walking Wake|100/100|[from] move: Lunar Dance
|turn|22
|
|t:|1769419241
|move|p2a: Walking Wake|Flamethrower|p1a: Ogerpon
|-supereffective|p1a: Ogerpon
|-damage|p1a: Ogerpon|0 fnt
|faint|p1a: Ogerpon
|
|upkeep
|-message|jsxlllll forfeited.
|
|win|bearfirst8
|raw|jsxlllll's rating: 1548 &rarr; <strong>1522</strong><br />(-26 for losing)
|raw|bearfirst8's rating: 1433 &rarr; <strong>1459</strong><br />(+26 for winning)
|l|☆jsxlllll
|player|p1|
