|j|☆Lin wen di
|j|☆rockdrigox666
|t:|1769424682
|gametype|singles
|player|p1|Lin wen di|maid|1184
|player|p2|rockdrigox666|266|1211
|gen|9
|tier|[Gen 9] OU
|rated|
|rule|HP Percentage Mod: HP is shown in percentages
|rule|Endless Battle Clause: Forcing endless battles is banned
|rule|Species Clause: Limit one of each Pokémon
|rule|OHKO Clause: OHKO moves are banned
|rule|Evasion Items Clause: Evasion items are banned
|rule|Evasion Moves Clause: Evasion moves are banned
|rule|Evasion Abilities Clause: Evasion abilities are banned
|rule|Sleep Moves Clause: Sleep-inducing moves are banned
|clearpoke
|poke|p1|Kingambit, F|
|poke|p1|Chesnaught, F|
|poke|p1|Torterra, M|
|poke|p1|Slowbro, F|
|poke|p1|Samurott-Hisui, M|
|poke|p1|Arcanine-Hisui, M|
|poke|p2|Mew|
|poke|p2|Gardevoir, M|
|poke|p2|Latias, F|
|poke|p2|Hatterene, F|
|poke|p2|Jirachi|
|poke|p2|Deoxys-Defense|
|teampreview
|inactive|Battle timer is ON: inactive players will automatically lose when time's up. (requested by rockdrigox666)
|inactive|Lin wen di also wants the timer to be on.
|
|t:|1769424687
|teamsize|p1|6
|teamsize|p2|6
|start
|switch|p1a: Torterra|Torterra, M|100/100
|switch|p2a: Latias|Latias, F|100/100
|turn|1
|
|t:|1769424692
|move|p2a: Latias|Calm Mind|p2a: Latias
|-boost|p2a: Latias|spa|1
|-boost|p2a: Latias|spd|1
|move|p1a: Torterra|Shell Smash|p1a: Torterra
|-unboost|p1a: Torterra|def|1
|-unboost|p1a: Torterra|spd|1
|-boost|p1a: Torterra|atk|2
|-boost|p1a: Torterra|spa|2
|-boost|p1a: Torterra|spe|2
|
|upkeep
|turn|2
|
|t:|1769424698
|-terastallize|p2a: Latias|Dragon
|move|p1a: Torterra|Rock Blast|p2a: Latias
|-damage|p2a: Latias|80/100
|-damage|p2a: Latias|60/100
|-damage|p2a: Latias|38/100
|-damage|p2a: Latias|15/100
|-hitcount|p2a: Latias|4
|move|p2a: Latias|Energy Ball|p1a: Torterra
|-damage|p1a: Torterra|31/100
|
|upkeep
|turn|3
|
|t:|1769424710
|move|p1a: Torterra|Bullet Seed|p2a: Latias
|-resisted|p2a: Latias
|-damage|p2a: Latias|0 fnt
|faint|p2a: Latias
|-hitcount|p2: Latias|1
|
|upkeep
|
|t:|1769424720
|switch|p2a: Hatterene|Hatterene, F|100/100
|turn|4
|
|t:|1769424724
|move|p1a: Torterra|Bullet Seed|p2a: Hatterene
|-damage|p2a: Hatterene|62/100
|-damage|p2a: Hatterene|27/100
|-damage|p2a: Hatterene|0 fnt
|faint|p2a: Hatterene
|-hitcount|p2: Hatterene|3
|
|upkeep
|
|t:|1769424726
|switch|p2a: Gardevoir|Gardevoir, M|100/100
|-ability|p2a: Gardevoir|Shell Armor|Trace|[from] ability: Trace|[of] p1a: Torterra
|turn|5
|
|t:|1769424730
|move|p1a: Torterra|Bullet Seed|p2a: Gardevoir
|-damage|p2a: Gardevoir|58/100
|-damage|p2a: Gardevoir|14/100
|-damage|p2a: Gardevoir|0 fnt
|faint|p2a: Gardevoir
|-hitcount|p2: Gardevoir|3
|
|upkeep
|
|t:|1769424732
|switch|p2a: Jirachi|Jirachi|100/100
|turn|6
|
|t:|1769424736
|move|p1a: Torterra|Earthquake|p2a: Jirachi
|-supereffective|p2a: Jirachi
|-damage|p2a: Jirachi|0 fnt
|faint|p2a: Jirachi
|
|upkeep
|
|t:|1769424738
|switch|p2a: Mew|Mew|100/100
|turn|7
|
|t:|1769424740
|move|p1a: Torterra|Bullet Seed|p2a: Mew
|-damage|p2a: Mew|83/100
|-damage|p2a: Mew|63/100
|-crit|p2a: Mew
|-damage|p2a: Mew|36/100
|-enditem|p2a: Mew|Sitrus Berry|[eat]
|-heal|p2a: Mew|60/100|[from] item: Sitrus Berry
|-damage|p2a: Mew|43/100
|-hitcount|p2a: Mew|4
|move|p2a: Mew|Stealth Rock|p1a: Torterra
|-sidestart|p1: Lin wen di|move: Stealth Rock
|
|upkeep
|turn|8
|-message|rockdrigox666 forfeited.
|
|win|Lin wen di
|raw|Lin wen di's rating: 1184 &rarr; <strong>1211</strong><br />(+27 for winning)
|raw|rockdrigox666's rating: 1211 &rarr; <strong>1184</strong><br />(-27 for losing)
|l|☆rockdrigox666
|player|p2|
|l|☆Lin wen di
|player|p1|
