|j|☆bastic31
|j|☆TheEatenbagle07
|t:|1769368027
|gametype|singles
|player|p1|bastic31|unknown|1112
|player|p2|TheEatenbagle07|101|1161
|gen|9
|tier|[Gen 9] OU
|rated|
|rule|HP Percentage Mod: HP is shown in percentages
|rule|Endless Battle Clause: Forcing endless battles is banned
|rule|Species Clause: Limit one of each Pokémon
|rule|OHKO Clause: OHKO moves are banned
|rule|Evasion Items Clause: Evasion items are banned
|rule|Evasion Moves Clause: Evasion moves are banned
|rule|Evasion Abilities Clause: Evasion abilities are banned
|rule|Sleep Moves Clause: Sleep-inducing moves are banned
|clearpoke
|poke|p1|Seviper, M|
|poke|p1|Landorus-Therian, M|
|poke|p1|Kyurem|
|poke|p1|Darkrai|
|poke|p1|Zapdos|
|poke|p1|Lokix, F|
|poke|p2|Dondozo, M|
|poke|p2|Iron Valiant|
|poke|p2|Clodsire, M|
|poke|p2|Dragapult, F|
|poke|p2|Rillaboom, M|
|poke|p2|Raging Bolt|
|teampreview
|inactive|Battle timer is ON: inactive players will automatically lose when time's up. (requested by bastic31)
|inactive|TheEatenbagle07 also wants the timer to be on.
|
|t:|1769368055
|teamsize|p1|6
|teamsize|p2|6
|start
|switch|p1a: Cauchemard|Darkrai|100/100
|switch|p2a: DrumerMonke|Rillaboom, M|100/100
|-fieldstart|move: Grassy Terrain|[from] ability: Grassy Surge|[of] p2a: DrumerMonke
|turn|1
|
|t:|1769368063
|move|p1a: Cauchemard|Sludge Bomb|p2a: DrumerMonke
|-supereffective|p2a: DrumerMonke
|-damage|p2a: DrumerMonke|13/100
|move|p2a: DrumerMonke|Knock Off|p1a: Cauchemard
|-resisted|p1a: Cauchemard
|-damage|p1a: Cauchemard|67/100
|-enditem|p1a: Cauchemard|Choice Scarf|[from] move: Knock Off|[of] p2a: DrumerMonke
|-damage|p2a: DrumerMonke|3/100|[from] item: Life Orb
|
|-heal|p1a: Cauchemard|73/100|[from] Grassy Terrain
|-heal|p2a: DrumerMonke|9/100|[from] Grassy Terrain
|upkeep
|turn|2
|
|t:|1769368078
|switch|p1a: Lando scarf|Landorus-Therian, M|100/100
|-ability|p1a: Lando scarf|Intimidate|boost
|-unboost|p2a: DrumerMonke|atk|1
|move|p2a: DrumerMonke|Grassy Glide|p1a: Lando scarf
|-damage|p1a: Lando scarf|60/100
|-damage|p2a: DrumerMonke|0 fnt|[from] item: Life Orb
|faint|p2a: DrumerMonke
|
|upkeep
|
|t:|1769368089
|switch|p2a: clodSir|Clodsire, M|100/100
|turn|3
|
|t:|1769368096
|move|p1a: Lando scarf|Earthquake|p2a: clodSir
|-supereffective|p2a: clodSir
|-damage|p2a: clodSir|42/100
|move|p2a: clodSir|Stealth Rock|p1a: Lando scarf
|-sidestart|p1: bastic31|move: Stealth Rock
|
|-heal|p2a: clodSir|48/100|[from] Grassy Terrain
|-heal|p2a: clodSir|54/100|[from] item: Leftovers
|upkeep
|turn|4
|
|t:|1769368107
|switch|p2a: Phs Move Eater|Dondozo, M|100/100
|move|p1a: Lando scarf|Earthquake|p2a: Phs Move Eater
|-damage|p2a: Phs Move Eater|83/100
|
|-heal|p2a: Phs Move Eater|89/100|[from] Grassy Terrain
|-heal|p2a: Phs Move Eater|95/100|[from] item: Leftovers
|upkeep
|turn|5
|
|t:|1769368121
|switch|p1a: Oiseau-tonnerre|Zapdos|100/100
|-ability|p1a: Oiseau-tonnerre|Pressure
|move|p2a: Phs Move Eater|Curse|p2a: Phs Move Eater
|-unboost|p2a: Phs Move Eater|spe|1
|-boost|p2a: Phs Move Eater|atk|1
|-boost|p2a: Phs Move Eater|def|1
|
|-heal|p2a: Phs Move Eater|100/100|[from] Grassy Terrain
|-fieldend|move: Grassy Terrain
|upkeep
|turn|6
|
|t:|1769368138
|switch|p2a: clodSir|Clodsire, M|54/100
|-terastallize|p1a: Oiseau-tonnerre|Electric
|move|p1a: Oiseau-tonnerre|Thunderbolt|p2a: clodSir
|-immune|p2a: clodSir
|
|-heal|p2a: clodSir|60/100|[from] item: Leftovers
|upkeep
|turn|7
|
|t:|1769368149
|move|p1a: Oiseau-tonnerre|Ancient Power|p2a: clodSir
|-resisted|p2a: clodSir
|-damage|p2a: clodSir|55/100
|move|p2a: clodSir|Recover|p2a: clodSir
|-heal|p2a: clodSir|100/100
|
|upkeep
|turn|8
|
|t:|1769368159
|switch|p1a: Vipère|Seviper, M|100/100
|-damage|p1a: Vipère|88/100|[from] Stealth Rock
|move|p2a: clodSir|Toxic|p1a: Vipère
|-immune|p1a: Vipère
|
|-heal|p1a: Vipère|94/100|[from] item: Leftovers
|upkeep
|turn|9
|
|t:|1769368168
|move|p1a: Vipère|Coil|p1a: Vipère
|-boost|p1a: Vipère|atk|1
|-boost|p1a: Vipère|def|1
|-boost|p1a: Vipère|accuracy|1
|move|p2a: clodSir|Earthquake|p1a: Vipère
|-supereffective|p1a: Vipère
|-damage|p1a: Vipère|29/100
|
|-heal|p1a: Vipère|35/100|[from] item: Leftovers
|upkeep
|turn|10
|
|t:|1769368179
|move|p1a: Vipère|Knock Off|p2a: clodSir
|-damage|p2a: clodSir|50/100
|-enditem|p2a: clodSir|Leftovers|[from] move: Knock Off|[of] p1a: Vipère
|move|p2a: clodSir|Earthquake|p1a: Vipère
|-supereffective|p1a: Vipère
|-damage|p1a: Vipère|0 fnt
|faint|p1a: Vipère
|
|upkeep
|
|t:|1769368190
|switch|p1a: Lando scarf|Landorus-Therian, M|60/100
|-damage|p1a: Lando scarf|48/100|[from] Stealth Rock
|-ability|p1a: Lando scarf|Intimidate|boost
|-unboost|p2a: clodSir|atk|1
|turn|11
|
|t:|1769368198
|switch|p2a: Phs Move Eater|Dondozo, M|100/100
|move|p1a: Lando scarf|U-turn|p2a: Phs Move Eater
|-damage|p2a: Phs Move Eater|84/100
|
|t:|1769368207
|switch|p1a: Oiseau-tonnerre|Zapdos, tera:Electric|100/100|[from] U-turn
|-ability|p1a: Oiseau-tonnerre|Pressure
|
|-heal|p2a: Phs Move Eater|90/100|[from] item: Leftovers
|upkeep
|turn|12
|
|t:|1769368215
|switch|p2a: clodSir|Clodsire, M|50/100
|move|p1a: Oiseau-tonnerre|Ancient Power|p2a: clodSir
|-resisted|p2a: clodSir
|-damage|p2a: clodSir|45/100
|
|upkeep
|turn|13
|
|t:|1769368228
|move|p1a: Oiseau-tonnerre|Hurricane|p2a: clodSir
|-damage|p2a: clodSir|14/100
|move|p2a: clodSir|Recover|p2a: clodSir
|-heal|p2a: clodSir|64/100
|
|upkeep
|turn|14
|
|t:|1769368236
|move|p1a: Oiseau-tonnerre|Ancient Power|p2a: clodSir
|-resisted|p2a: clodSir
|-damage|p2a: clodSir|59/100
|-boost|p1a: Oiseau-tonnerre|atk|1
|-boost|p1a: Oiseau-tonnerre|def|1
|-boost|p1a: Oiseau-tonnerre|spa|1
|-boost|p1a: Oiseau-tonnerre|spd|1
|-boost|p1a: Oiseau-tonnerre|spe|1
|move|p2a: clodSir|Recover|p2a: clodSir
|-heal|p2a: clodSir|100/100
|
|upkeep
|turn|15
|
|t:|1769368247
|move|p1a: Oiseau-tonnerre|Ancient Power|p2a: clodSir
|-resisted|p2a: clodSir
|-damage|p2a: clodSir|93/100
|move|p2a: clodSir|Earthquake|p1a: Oiseau-tonnerre
|-supereffective|p1a: Oiseau-tonnerre
|-damage|p1a: Oiseau-tonnerre|56/100
|
|upkeep
|turn|16
|
|t:|1769368258
|move|p1a: Oiseau-tonnerre|Hurricane|p2a: clodSir
|-damage|p2a: clodSir|50/100
|move|p2a: clodSir|Earthquake|p1a: Oiseau-tonnerre
|-supereffective|p1a: Oiseau-tonnerre
|-damage|p1a: Oiseau-tonnerre|10/100
|
|upkeep
|turn|17
|
|t:|1769368268
|move|p1a: Oiseau-tonnerre|Hurricane|p2a: clodSir
|-crit|p2a: clodSir
|-damage|p2a: clodSir|0 fnt
|faint|p2a: clodSir
|
|upkeep
|
|t:|1769368273
|switch|p2a: Iron Cutter|Iron Valiant|100/100
|turn|18
|
|t:|1769368280
|move|p1a: Oiseau-tonnerre|Thunderbolt|p2a: Iron Cutter
|-damage|p2a: Iron Cutter|0 fnt
|faint|p2a: Iron Cutter
|-end|p2a: Iron Cutter|Quark Drive|[silent]
|
|upkeep
|
|t:|1769368287
|switch|p2a: Raging Bolt|Raging Bolt|100/100
|turn|19
|
|t:|1769368296
|switch|p1a: Lando scarf|Landorus-Therian, M|48/100
|-damage|p1a: Lando scarf|36/100|[from] Stealth Rock
|-ability|p1a: Lando scarf|Intimidate|boost
|-unboost|p2a: Raging Bolt|atk|1
|move|p2a: Raging Bolt|Thunderclap||[still]
|-fail|p2a: Raging Bolt
|
|upkeep
|turn|20
|
|t:|1769368307
|-end|p2a: Raging Bolt|Protosynthesis|[silent]
|switch|p2a: Phs Move Eater|Dondozo, M|90/100
|move|p1a: Lando scarf|Stealth Rock|p2a: Phs Move Eater
|-sidestart|p2: TheEatenbagle07|move: Stealth Rock
|
|-heal|p2a: Phs Move Eater|96/100|[from] item: Leftovers
|upkeep
|turn|21
|
|t:|1769368317
|switch|p1a: Oiseau-tonnerre|Zapdos, tera:Electric|10/100
|-ability|p1a: Oiseau-tonnerre|Pressure
|move|p2a: Phs Move Eater|Earthquake|p1a: Oiseau-tonnerre
|-supereffective|p1a: Oiseau-tonnerre
|-damage|p1a: Oiseau-tonnerre|0 fnt
|faint|p1a: Oiseau-tonnerre
|
|-heal|p2a: Phs Move Eater|100/100|[from] item: Leftovers
|upkeep
|
|t:|1769368328
|switch|p1a: Puzzle|Kyurem|100/100
|-damage|p1a: Puzzle|76/100|[from] Stealth Rock
|-ability|p1a: Puzzle|Pressure
|turn|22
|
|t:|1769368350
|move|p1a: Puzzle|Freeze-Dry|p2a: Phs Move Eater
|-supereffective|p2a: Phs Move Eater
|-damage|p2a: Phs Move Eater|30/100
|move|p2a: Phs Move Eater|Liquidation|p1a: Puzzle
|-resisted|p1a: Puzzle
|-damage|p1a: Puzzle|57/100
|
|-heal|p2a: Phs Move Eater|36/100|[from] item: Leftovers
|upkeep
|turn|23
|
|t:|1769368359
|move|p1a: Puzzle|Freeze-Dry|p2a: Phs Move Eater
|-supereffective|p2a: Phs Move Eater
|-damage|p2a: Phs Move Eater|0 fnt
|faint|p2a: Phs Move Eater
|
|upkeep
|
|t:|1769368366
|switch|p2a: Classtaple|Dragapult, F|100/100
|-damage|p2a: Classtaple|88/100|[from] Stealth Rock
|turn|24
|
|t:|1769368378
|move|p1a: Puzzle|Freeze-Dry|p2a: Classtaple
|-supereffective|p2a: Classtaple
|-damage|p2a: Classtaple|0 fnt
|faint|p2a: Classtaple
|
|upkeep
|
|t:|1769368382
|switch|p2a: Raging Bolt|Raging Bolt|100/100
|-damage|p2a: Raging Bolt|88/100|[from] Stealth Rock
|turn|25
|
|t:|1769368388
|-terastallize|p2a: Raging Bolt|Fairy
|move|p1a: Puzzle|Freeze-Dry|p2a: Raging Bolt
|-damage|p2a: Raging Bolt|58/100
|move|p2a: Raging Bolt|Draco Meteor|p1a: Puzzle
|-supereffective|p1a: Puzzle
|-damage|p1a: Puzzle|0 fnt
|-unboost|p2a: Raging Bolt|spa|2
|faint|p1a: Puzzle
|
|upkeep
|
|t:|1769368400
|switch|p1a: Cauchemard|Darkrai|73/100
|-damage|p1a: Cauchemard|61/100|[from] Stealth Rock
|turn|26
|
|t:|1769368406
|move|p2a: Raging Bolt|Thunderclap|p1a: Cauchemard
|-damage|p1a: Cauchemard|21/100
|move|p1a: Cauchemard|Sludge Bomb|p2a: Raging Bolt
|-supereffective|p2a: Raging Bolt
|-damage|p2a: Raging Bolt|9/100
|-status|p2a: Raging Bolt|psn
|
|-damage|p2a: Raging Bolt|0 fnt|[from] psn
|faint|p2a: Raging Bolt
|-end|p2a: Raging Bolt|Protosynthesis|[silent]
|
|win|bastic31
|raw|bastic31's rating: 1112 &rarr; <strong>1141</strong><br />(+29 for winning)
|raw|TheEatenbagle07's rating: 1161 &rarr; <strong>1132</strong><br />(-29 for losing)
|l|☆TheEatenbagle07
|player|p2|
|c|☆bastic31|gg
|l|☆bastic31
|player|p1|
