|j|☆Ms. Mustache
|j|☆apexacer
|t:|1769416265
|gametype|singles
|player|p1|Ms. Mustache|169|1559
|player|p2|apexacer|266|1637
|gen|9
|tier|[Gen 9] OU
|rated|
|rule|HP Percentage Mod: HP is shown in percentages
|rule|Endless Battle Clause: Forcing endless battles is banned
|rule|Species Clause: Limit one of each Pokémon
|rule|OHKO Clause: OHKO moves are banned
|rule|Evasion Items Clause: Evasion items are banned
|rule|Evasion Moves Clause: Evasion moves are banned
|rule|Evasion Abilities Clause: Evasion abilities are banned
|rule|Sleep Moves Clause: Sleep-inducing moves are banned
|clearpoke
|poke|p1|Lokix, F|
|poke|p1|Cinderace, M|
|poke|p1|Great Tusk|
|poke|p1|Alomomola, M|
|poke|p1|Enamorus, F|
|poke|p1|Slowking-Galar, F|
|poke|p2|Gholdengo|
|poke|p2|Great Tusk|
|poke|p2|Toxapex, F|
|poke|p2|Zapdos|
|poke|p2|Kingambit, M|
|poke|p2|Kyurem|
|teampreview
|
|t:|1769416291
|teamsize|p1|6
|teamsize|p2|6
|start
|switch|p1a: Slowking|Slowking-Galar, F|100/100
|switch|p2a: Kyurem|Kyurem|100/100
|-ability|p2a: Kyurem|Pressure
|turn|1
|inactive|Battle timer is ON: inactive players will automatically lose when time's up. (requested by apexacer)
|
|t:|1769416320
|move|p2a: Kyurem|Earth Power|p1a: Slowking
|-supereffective|p1a: Slowking
|-enditem|p1a: Slowking|Shuca Berry|[eat]
|-enditem|p1a: Slowking|Shuca Berry|[weaken]
|-damage|p1a: Slowking|72/100
|move|p1a: Slowking|Future Sight|p2a: Kyurem
|-start|p1a: Slowking|move: Future Sight
|
|upkeep
|turn|2
|
|t:|1769416345
|switch|p2a: Gholdengo|Gholdengo|100/100
|move|p1a: Slowking|Sludge Bomb|p2a: Gholdengo
|-immune|p2a: Gholdengo
|
|upkeep
|turn|3
|
|t:|1769416360
|switch|p1a: Alomomola|Alomomola, M|100/100
|move|p2a: Gholdengo|Shadow Ball|p1a: Alomomola
|-damage|p1a: Alomomola|77/100
|
|-end|p2a: Gholdengo|move: Future Sight
|-resisted|p2a: Gholdengo
|-damage|p2a: Gholdengo|77/100
|-heal|p2a: Gholdengo|84/100|[from] item: Leftovers
|upkeep
|turn|4
|
|t:|1769416366
|move|p2a: Gholdengo|Nasty Plot|p2a: Gholdengo
|-boost|p2a: Gholdengo|spa|2
|move|p1a: Alomomola|Flip Turn|p2a: Gholdengo
|-damage|p2a: Gholdengo|66/100
|
|t:|1769416368
|switch|p1a: Cinderace|Cinderace, M|100/100|[from] Flip Turn
|
|-heal|p2a: Gholdengo|72/100|[from] item: Leftovers
|upkeep
|turn|5
|
|t:|1769416375
|-terastallize|p2a: Gholdengo|Flying
|move|p1a: Cinderace|Pyro Ball|p2a: Gholdengo
|-damage|p2a: Gholdengo|19/100
|move|p2a: Gholdengo|Shadow Ball|p1a: Cinderace
|-damage|p1a: Cinderace|0 fnt
|faint|p1a: Cinderace
|
|-heal|p2a: Gholdengo|25/100|[from] item: Leftovers
|upkeep
|
|t:|1769416382
|switch|p1a: Lokix|Lokix, F|100/100
|turn|6
|
|t:|1769416389
|switch|p2a: Toxapex|Toxapex, F|100/100
|move|p1a: Lokix|First Impression|p2a: Toxapex
|-resisted|p2a: Toxapex
|-damage|p2a: Toxapex|58/100
|-damage|p1a: Lokix|84/100|[from] item: Rocky Helmet|[of] p2a: Toxapex
|
|upkeep
|turn|7
|
|t:|1769416399
|switch|p1a: Slowking|Slowking-Galar, F|100/100
|move|p2a: Toxapex|Surf|p1a: Slowking
|-damage|p1a: Slowking|84/100
|
|upkeep
|turn|8
|
|t:|1769416405
|switch|p2a: Great Tusk|Great Tusk|100/100
|-prepare|p1a: Slowking|Chilly Reception|[premajor]
|move|p1a: Slowking|Chilly Reception|p1a: Slowking
|-weather|Snowscape
|
|t:|1769416407
|switch|p1a: Great Tusk|Great Tusk|100/100|[from] Chilly Reception
|
|-weather|Snowscape|[upkeep]
|upkeep
|turn|9
|j| Tbccc15
|
|t:|1769416411
|move|p1a: Great Tusk|Knock Off|p2a: Great Tusk
|-resisted|p2a: Great Tusk
|-damage|p2a: Great Tusk|91/100
|-enditem|p2a: Great Tusk|Assault Vest|[from] move: Knock Off|[of] p1a: Great Tusk
|move|p2a: Great Tusk|Ice Spinner|p1a: Great Tusk
|-supereffective|p1a: Great Tusk
|-damage|p1a: Great Tusk|67/100
|
|-weather|Snowscape|[upkeep]
|-heal|p1a: Great Tusk|74/100|[from] item: Leftovers
|upkeep
|turn|10
|
|t:|1769416422
|move|p1a: Great Tusk|Earthquake|p2a: Great Tusk
|-damage|p2a: Great Tusk|65/100
|move|p2a: Great Tusk|Ice Spinner|p1a: Great Tusk
|-supereffective|p1a: Great Tusk
|-damage|p1a: Great Tusk|41/100
|
|-weather|Snowscape|[upkeep]
|-heal|p1a: Great Tusk|47/100|[from] item: Leftovers
|upkeep
|turn|11
|
|t:|1769416429
|move|p1a: Great Tusk|Bulk Up|p1a: Great Tusk
|-boost|p1a: Great Tusk|atk|1
|-boost|p1a: Great Tusk|def|1
|move|p2a: Great Tusk|Ice Spinner|p1a: Great Tusk
|-supereffective|p1a: Great Tusk
|-damage|p1a: Great Tusk|25/100
|
|-weather|Snowscape|[upkeep]
|-heal|p1a: Great Tusk|32/100|[from] item: Leftovers
|upkeep
|turn|12
|
|t:|1769416440
|move|p1a: Great Tusk|Earthquake|p2a: Great Tusk
|-damage|p2a: Great Tusk|25/100
|move|p2a: Great Tusk|Ice Spinner|p1a: Great Tusk
|-supereffective|p1a: Great Tusk
|-damage|p1a: Great Tusk|11/100
|
|-weather|none
|-heal|p1a: Great Tusk|18/100|[from] item: Leftovers
|upkeep
|turn|13
|inactive|apexacer has 120 seconds left.
|
|t:|1769416471
|-end|p2a: Great Tusk|Protosynthesis|[silent]
|switch|p2a: Zapdos|Zapdos|100/100
|move|p1a: Great Tusk|Earthquake|p2a: Zapdos
|-immune|p2a: Zapdos
|
|-heal|p1a: Great Tusk|24/100|[from] item: Leftovers
|upkeep
|turn|14
|inactive|apexacer has 120 seconds left.
|
|t:|1769416482
|-end|p1a: Great Tusk|Protosynthesis|[silent]
|switch|p1a: Alomomola|Alomomola, M|100/100
|move|p2a: Zapdos|Heat Wave|p1a: Alomomola|[miss]
|-miss|p2a: Zapdos|p1a: Alomomola
|
|upkeep
|turn|15
|inactive|apexacer has 120 seconds left.
|
|t:|1769416496
|switch|p2a: Gholdengo|Gholdengo, tera:Flying|25/100
|move|p1a: Alomomola|Flip Turn|p2a: Gholdengo
|-damage|p2a: Gholdengo|10/100
|
|t:|1769416501
|switch|p1a: Enamorus|Enamorus, F|100/100|[from] Flip Turn
|
|-heal|p2a: Gholdengo|16/100|[from] item: Leftovers
|upkeep
|turn|16
|inactive|apexacer has 120 seconds left.
|
|t:|1769416518
|move|p1a: Enamorus|Moonblast|p2a: Gholdengo
|-damage|p2a: Gholdengo|0 fnt
|faint|p2a: Gholdengo
|
|upkeep
|inactive|apexacer has 120 seconds left.
|
|t:|1769416524
|switch|p2a: Zapdos|Zapdos|100/100
|turn|17
|
|t:|1769416527
|switch|p1a: Alomomola|Alomomola, M|100/100
|move|p2a: Zapdos|Hurricane|p1a: Alomomola
|-damage|p1a: Alomomola|73/100
|-start|p1a: Alomomola|confusion
|
|upkeep
|turn|18
|
|t:|1769416534
|move|p2a: Zapdos|Volt Switch|p1a: Alomomola
|-supereffective|p1a: Alomomola
|-damage|p1a: Alomomola|36/100
|
|t:|1769416540
|switch|p2a: Kyurem|Kyurem|100/100|[from] Volt Switch
|-ability|p2a: Kyurem|Pressure
|-activate|p1a: Alomomola|confusion
|move|p1a: Alomomola|Flip Turn|p2a: Kyurem
|-resisted|p2a: Kyurem
|-damage|p2a: Kyurem|93/100
|
|t:|1769416546
|switch|p1a: Enamorus|Enamorus, F|100/100|[from] Flip Turn
|
|upkeep
|turn|19
|
|t:|1769416551
|move|p1a: Enamorus|Moonblast|p2a: Kyurem
|-supereffective|p2a: Kyurem
|-damage|p2a: Kyurem|0 fnt
|faint|p2a: Kyurem
|
|upkeep
|
|t:|1769416560
|switch|p2a: Zapdos|Zapdos|100/100
|turn|20
|
|t:|1769416567
|switch|p1a: Slowking|Slowking-Galar, F|100/100
|move|p2a: Zapdos|Hurricane|p1a: Slowking|[miss]
|-miss|p2a: Zapdos|p1a: Slowking
|
|upkeep
|turn|21
|
|t:|1769416575
|move|p2a: Zapdos|Volt Switch|p1a: Slowking
|-damage|p1a: Slowking|69/100
|
|t:|1769416579
|switch|p2a: Toxapex|Toxapex, F|91/100|[from] Volt Switch
|-prepare|p1a: Slowking|Chilly Reception|[premajor]
|move|p1a: Slowking|Chilly Reception|p1a: Slowking
|-weather|Snowscape
|
|t:|1769416585
|switch|p1a: Great Tusk|Great Tusk|24/100|[from] Chilly Reception
|
|-weather|Snowscape|[upkeep]
|-heal|p1a: Great Tusk|30/100|[from] item: Leftovers
|upkeep
|turn|22
|
|t:|1769416589
|move|p1a: Great Tusk|Knock Off|p2a: Toxapex
|-crit|p2a: Toxapex
|-damage|p2a: Toxapex|65/100
|-damage|p1a: Great Tusk|13/100|[from] item: Rocky Helmet|[of] p2a: Toxapex
|-enditem|p2a: Toxapex|Rocky Helmet|[from] move: Knock Off|[of] p1a: Great Tusk
|move|p2a: Toxapex|Surf|p1a: Great Tusk
|-supereffective|p1a: Great Tusk
|-damage|p1a: Great Tusk|0 fnt
|faint|p1a: Great Tusk
|-end|p1a: Great Tusk|Protosynthesis|[silent]
|
|-weather|Snowscape|[upkeep]
|upkeep
|
|t:|1769416593
|switch|p1a: Enamorus|Enamorus, F|100/100
|turn|23
|
|t:|1769416601
|switch|p1a: Slowking|Slowking-Galar, F|100/100
|switch|p2a: Zapdos|Zapdos|100/100
|
|-weather|Snowscape|[upkeep]
|upkeep
|turn|24
|
|t:|1769416605
|move|p2a: Zapdos|Volt Switch|p1a: Slowking
|-damage|p1a: Slowking|71/100
|
|t:|1769416607
|switch|p2a: Toxapex|Toxapex, F|98/100|[from] Volt Switch
|move|p1a: Slowking|Ice Beam|p2a: Toxapex
|-resisted|p2a: Toxapex
|-damage|p2a: Toxapex|88/100
|
|-weather|Snowscape|[upkeep]
|upkeep
|turn|25
|
|t:|1769416614
|move|p2a: Toxapex|Toxic Spikes|p1a: Slowking
|-sidestart|p1: Ms. Mustache|move: Toxic Spikes
|move|p1a: Slowking|Future Sight|p2a: Toxapex
|-start|p1a: Slowking|move: Future Sight
|
|-weather|none
|upkeep
|turn|26
|
|t:|1769416620
|move|p2a: Toxapex|Toxic Spikes|p1a: Slowking
|-sidestart|p1: Ms. Mustache|move: Toxic Spikes
|-prepare|p1a: Slowking|Chilly Reception|[premajor]
|move|p1a: Slowking|Chilly Reception|p1a: Slowking
|-weather|Snowscape
|
|t:|1769416622
|switch|p1a: Enamorus|Enamorus, F|100/100|[from] Chilly Reception
|
|-weather|Snowscape|[upkeep]
|upkeep
|turn|27
|
|t:|1769416630
|switch|p1a: Slowking|Slowking-Galar, F|100/100
|-sideend|p1: Ms. Mustache|move: Toxic Spikes|[of] p1a: Slowking
|switch|p2a: Great Tusk|Great Tusk|25/100
|
|-weather|Snowscape|[upkeep]
|-end|p2a: Great Tusk|move: Future Sight
|-supereffective|p2a: Great Tusk
|-damage|p2a: Great Tusk|0 fnt
|faint|p2a: Great Tusk
|-end|p2a: Great Tusk|Protosynthesis|[silent]
|upkeep
|
|t:|1769416635
|switch|p2a: Kingambit|Kingambit, M|100/100
|-activate|p2a: Kingambit|ability: Supreme Overlord
|-start|p2a: Kingambit|fallen3|[silent]
|turn|28
|
|t:|1769416642
|switch|p1a: Lokix|Lokix, F|84/100
|move|p2a: Kingambit|Swords Dance|p2a: Kingambit
|-boost|p2a: Kingambit|atk|2
|
|-weather|Snowscape|[upkeep]
|upkeep
|turn|29
|
|t:|1769416649
|move|p1a: Lokix|Leech Life|p2a: Kingambit
|-damage|p2a: Kingambit|56/100
|-heal|p1a: Lokix|100/100|[from] drain|[of] p2a: Kingambit
|move|p2a: Kingambit|Iron Head|p1a: Lokix
|-damage|p1a: Lokix|0 fnt
|faint|p1a: Lokix
|
|-weather|Snowscape|[upkeep]
|upkeep
|
|t:|1769416656
|switch|p1a: Enamorus|Enamorus, F|100/100
|turn|30
|
|t:|1769416662
|move|p2a: Kingambit|Sucker Punch|p1a: Enamorus
|-resisted|p1a: Enamorus
|-damage|p1a: Enamorus|0 fnt
|faint|p1a: Enamorus
|
|-weather|none
|upkeep
|
|t:|1769416670
|switch|p1a: Alomomola|Alomomola, M|69/100
|turn|31
|
|t:|1769416674
|move|p2a: Kingambit|Kowtow Cleave|p1a: Alomomola
|-damage|p1a: Alomomola|0 fnt
|faint|p1a: Alomomola
|
|upkeep
|c|☆Ms. Mustache|GG
|
|t:|1769416679
|switch|p1a: Slowking|Slowking-Galar, F|100/100
|turn|32
|
|t:|1769416683
|-terastallize|p1a: Slowking|Water
|move|p2a: Kingambit|Kowtow Cleave|p1a: Slowking
|-damage|p1a: Slowking|0 fnt
|faint|p1a: Slowking
|
|win|apexacer
|raw|Ms. Mustache's rating: 1559 &rarr; <strong>1542</strong><br />(-17 for losing)
|raw|apexacer's rating: 1617 &rarr; <strong>1634</strong><br />(+17 for winning)
|l|☆apexacer
|player|p2|
|l|☆Ms. Mustache
|player|p1|
