|j|☆Chiavegato1
|j|☆uukeo
|t:|1769367134
|gametype|singles
|player|p1|Chiavegato1|youngcouple-gen4dp|1100
|player|p2|uukeo|grusha|1090
|gen|9
|tier|[Gen 9] OU
|rated|
|rule|HP Percentage Mod: HP is shown in percentages
|rule|Endless Battle Clause: Forcing endless battles is banned
|rule|Species Clause: Limit one of each Pokémon
|rule|OHKO Clause: OHKO moves are banned
|rule|Evasion Items Clause: Evasion items are banned
|rule|Evasion Moves Clause: Evasion moves are banned
|rule|Evasion Abilities Clause: Evasion abilities are banned
|rule|Sleep Moves Clause: Sleep-inducing moves are banned
|clearpoke
|poke|p1|Galvantula, M|
|poke|p1|Breloom, M|
|poke|p1|Forretress, M|
|poke|p1|Cinderace, M|
|poke|p1|Alomomola, M|
|poke|p1|Mimikyu, M|
|poke|p2|Ninetales-Alola, M|
|poke|p2|Cetitan, F|
|poke|p2|Froslass, F|
|poke|p2|Kyurem|
|poke|p2|Cloyster, M|
|poke|p2|Mamoswine, F|
|teampreview
|j| ziggy26
|
|t:|1769367145
|teamsize|p1|6
|teamsize|p2|6
|start
|switch|p1a: Galvantula|Galvantula, M|100/100
|switch|p2a: Ninetales|Ninetales-Alola, M|100/100
|-weather|Snowscape|[from] ability: Snow Warning|[of] p2a: Ninetales
|turn|1
|
|t:|1769367157
|move|p2a: Ninetales|Aurora Veil|p2a: Ninetales
|-sidestart|p2: uukeo|move: Aurora Veil
|move|p1a: Galvantula|Sticky Web|p2a: Ninetales
|-sidestart|p2: uukeo|move: Sticky Web
|
|-weather|Snowscape|[upkeep]
|upkeep
|turn|2
|
|t:|1769367173
|move|p2a: Ninetales|Blizzard|p1a: Galvantula
|-damage|p1a: Galvantula|38/100
|move|p1a: Galvantula|Thunder|p2a: Ninetales
|-damage|p2a: Ninetales|73/100
|
|-weather|Snowscape|[upkeep]
|upkeep
|turn|3
|l| ziggy26
|
|t:|1769367193
|move|p2a: Ninetales|Blizzard|p1a: Galvantula
|-damage|p1a: Galvantula|0 fnt
|faint|p1a: Galvantula
|
|-weather|Snowscape|[upkeep]
|upkeep
|
|t:|1769367213
|switch|p1a: Forretress|Forretress, M|100/100
|turn|4
|inactive|Battle timer is ON: inactive players will automatically lose when time's up. (requested by Chiavegato1)
|l|☆Chiavegato1
|inactive|Chiavegato1 disconnected and has a minute to reconnect!
|player|p1|
|inactive|Chiavegato1 has 30 seconds to reconnect!
|inactive|uukeo has 120 seconds left.
|inactive|Chiavegato1 has 20 seconds to reconnect!
|inactive|Chiavegato1 has 15 seconds to reconnect!
|j|☆Chiavegato1
|inactive|Chiavegato1 reconnected and has 100 seconds left.
|player|p1|Chiavegato1|youngcouple-gen4dp|
|
|t:|1769367276
|switch|p2a: Froslass|Froslass, F, shiny|100/100
|-activate|p2a: Froslass|move: Sticky Web
|-unboost|p2a: Froslass|spe|1
|move|p1a: Forretress|Sand Tomb|p2a: Froslass
|-damage|p2a: Froslass|97/100
|-activate|p2a: Froslass|move: Sand Tomb|[of] p1a: Forretress
|
|-weather|Snowscape|[upkeep]
|-damage|p2a: Froslass|84/100|[from] move: Sand Tomb|[partiallytrapped]
|upkeep
|turn|5
|
|t:|1769367293
|move|p2a: Froslass|Destiny Bond|p2a: Froslass
|-singlemove|p2a: Froslass|Destiny Bond
|move|p1a: Forretress|Thunder Wave|p2a: Froslass
|-status|p2a: Froslass|par
|
|-weather|none
|-damage|p2a: Froslass|72/100 par|[from] move: Sand Tomb|[partiallytrapped]
|upkeep
|turn|6
|
|t:|1769367305
|move|p2a: Froslass|Poltergeist|p1a: Forretress
|-activate|p1a: Forretress|move: Poltergeist|Leftovers
|-damage|p1a: Forretress|71/100
|move|p1a: Forretress|Volt Switch|p2a: Froslass
|-damage|p2a: Froslass|64/100 par
|-start|p1a: Forretress|Disable|Volt Switch|[from] ability: Cursed Body|[of] p2a: Froslass
|
|t:|1769367324
|switch|p1a: Cinderace|Cinderace, M|100/100|[from] Volt Switch
|
|-end|p2a: Froslass|Sand Tomb|[partiallytrapped]|[silent]
|upkeep
|turn|7
|
|t:|1769367351
|switch|p2a: Mamoswine|Mamoswine, F|100/100
|-activate|p2a: Mamoswine|move: Sticky Web
|-unboost|p2a: Mamoswine|spe|1
|move|p1a: Cinderace|Flare Blitz|p2a: Mamoswine
|-supereffective|p2a: Mamoswine
|-damage|p2a: Mamoswine|65/100
|-enditem|p2a: Mamoswine|Weakness Policy
|-boost|p2a: Mamoswine|atk|2|[from] item: Weakness Policy
|-boost|p2a: Mamoswine|spa|2|[from] item: Weakness Policy
|-damage|p1a: Cinderace|86/100|[from] Recoil
|
|upkeep
|turn|8
|
|t:|1769367365
|move|p1a: Cinderace|U-turn|p2a: Mamoswine
|-start|p1a: Cinderace|typechange|Bug|[from] ability: Libero
|-damage|p2a: Mamoswine|43/100
|
|t:|1769367369
|switch|p1a: Forretress|Forretress, M|71/100|[from] U-turn
|move|p2a: Mamoswine|Earthquake|p1a: Forretress
|-damage|p1a: Forretress|0 fnt
|faint|p1a: Forretress
|
|-sideend|p2: uukeo|move: Aurora Veil
|upkeep
|
|t:|1769367377
|switch|p1a: Mimikyu|Mimikyu, M|100/100
|turn|9
|
|t:|1769367390
|move|p2a: Mamoswine|Ice Shard|p1a: Mimikyu
|-activate|p1a: Mimikyu|ability: Disguise
|-damage|p1a: Mimikyu|100/100
|detailschange|p1a: Mimikyu|Mimikyu-Busted, M
|-damage|p1a: Mimikyu|88/100|[from] pokemon: Mimikyu-Busted
|move|p1a: Mimikyu|Drain Punch|p2a: Mamoswine
|-supereffective|p2a: Mamoswine
|-damage|p2a: Mamoswine|0 fnt
|-heal|p1a: Mimikyu|100/100|[from] drain|[of] p2a: Mamoswine
|faint|p2a: Mamoswine
|-damage|p1a: Mimikyu|91/100|[from] item: Life Orb
|
|upkeep
|inactive|uukeo has 120 seconds left.
|
|t:|1769367420
|switch|p2a: Cloyster|Cloyster, M|100/100
|-activate|p2a: Cloyster|move: Sticky Web
|-unboost|p2a: Cloyster|spe|1
|turn|10
|
|t:|1769367432
|move|p1a: Mimikyu|Drain Punch|p2a: Cloyster
|-supereffective|p2a: Cloyster
|-damage|p2a: Cloyster|57/100
|-heal|p1a: Mimikyu|100/100|[from] drain|[of] p2a: Cloyster
|-damage|p1a: Mimikyu|91/100|[from] item: Life Orb
|move|p2a: Cloyster|Shell Smash|p2a: Cloyster
|-unboost|p2a: Cloyster|def|1
|-unboost|p2a: Cloyster|spd|1
|-boost|p2a: Cloyster|atk|2
|-boost|p2a: Cloyster|spa|2
|-boost|p2a: Cloyster|spe|2
|
|upkeep
|turn|11
|
|t:|1769367453
|switch|p1a: Alomomola|Alomomola, M|100/100
|move|p2a: Cloyster|Icicle Spear|p1a: Alomomola
|-resisted|p1a: Alomomola
|-damage|p1a: Alomomola|93/100
|-resisted|p1a: Alomomola
|-damage|p1a: Alomomola|86/100
|-resisted|p1a: Alomomola
|-damage|p1a: Alomomola|80/100
|-resisted|p1a: Alomomola
|-damage|p1a: Alomomola|72/100
|-resisted|p1a: Alomomola
|-damage|p1a: Alomomola|64/100
|-hitcount|p1a: Alomomola|5
|-enditem|p1a: Alomomola|Red Card|[of] p2a: Cloyster
|drag|p2a: Ninetales|Ninetales-Alola, M|73/100
|-activate|p2a: Ninetales|move: Sticky Web
|-unboost|p2a: Ninetales|spe|1
|-weather|Snowscape|[from] ability: Snow Warning|[of] p2a: Ninetales
|
|-weather|Snowscape|[upkeep]
|upkeep
|turn|12
|
|t:|1769367473
|move|p2a: Ninetales|Aurora Veil|p2a: Ninetales
|-sidestart|p2: uukeo|move: Aurora Veil
|move|p1a: Alomomola|Wish|p1a: Alomomola
|
|-weather|Snowscape|[upkeep]
|upkeep
|turn|13
|
|t:|1769367481
|move|p1a: Alomomola|Protect|p1a: Alomomola
|-singleturn|p1a: Alomomola|Protect
|move|p2a: Ninetales|Blizzard|p1a: Alomomola
|-activate|p1a: Alomomola|move: Protect
|
|-weather|Snowscape|[upkeep]
|-heal|p1a: Alomomola|100/100|[from] move: Wish|[wisher] Alomomola
|upkeep
|turn|14
|
|t:|1769367499
|switch|p2a: Cetitan|Cetitan, F|100/100
|-activate|p2a: Cetitan|move: Sticky Web
|-unboost|p2a: Cetitan|spe|1
|move|p1a: Alomomola|Flip Turn|p2a: Cetitan
|-damage|p2a: Cetitan|95/100
|
|t:|1769367510
|switch|p1a: Mimikyu|Mimikyu-Busted, M|91/100|[from] Flip Turn
|
|-weather|Snowscape|[upkeep]
|upkeep
|turn|15
|
|t:|1769367528
|move|p2a: Cetitan|Belly Drum|p2a: Cetitan
|-damage|p2a: Cetitan|45/100
|-setboost|p2a: Cetitan|atk|6|[from] move: Belly Drum
|-enditem|p2a: Cetitan|Sitrus Berry|[eat]
|-heal|p2a: Cetitan|70/100|[from] item: Sitrus Berry
|move|p1a: Mimikyu|Drain Punch|p2a: Cetitan
|-supereffective|p2a: Cetitan
|-damage|p2a: Cetitan|51/100
|-heal|p1a: Mimikyu|100/100|[from] drain|[of] p2a: Cetitan
|-damage|p1a: Mimikyu|91/100|[from] item: Life Orb
|
|-weather|none
|upkeep
|turn|16
|inactive|Chiavegato1 has 120 seconds left.
|inactive|uukeo has 90 seconds left.
|
|t:|1769367553
|switch|p1a: Alomomola|Alomomola, M|100/100
|move|p2a: Cetitan|Earthquake|p1a: Alomomola
|-damage|p1a: Alomomola|3/100
|
|upkeep
|turn|17
|inactive|uukeo has 90 seconds left.
|
|t:|1769367568
|move|p2a: Cetitan|Earthquake|p1a: Alomomola
|-damage|p1a: Alomomola|0 fnt
|faint|p1a: Alomomola
|
|upkeep
|
|t:|1769367576
|switch|p1a: Breloom|Breloom, M|100/100
|turn|18
|
|t:|1769367587
|move|p1a: Breloom|Leech Seed|p2a: Cetitan|[miss]
|-miss|p1a: Breloom|p2a: Cetitan
|move|p2a: Cetitan|Ice Spinner|p1a: Breloom
|-supereffective|p1a: Breloom
|-damage|p1a: Breloom|0 fnt
|faint|p1a: Breloom
|
|upkeep
|
|t:|1769367594
|switch|p1a: Cinderace|Cinderace, M|86/100
|turn|19
|
|t:|1769367601
|move|p2a: Cetitan|Ice Shard|p1a: Cinderace
|-resisted|p1a: Cinderace
|-damage|p1a: Cinderace|25/100
|move|p1a: Cinderace|Flare Blitz|p2a: Cetitan
|-supereffective|p2a: Cetitan
|-damage|p2a: Cetitan|0 fnt
|faint|p2a: Cetitan
|-damage|p1a: Cinderace|0 fnt|[from] Recoil
|faint|p1a: Cinderace
|
|-sideend|p2: uukeo|move: Aurora Veil
|upkeep
|inactive|Chiavegato1 has 120 seconds left.
|
|t:|1769367619
|switch|p1a: Mimikyu|Mimikyu-Busted, M|91/100
|switch|p2a: Ninetales|Ninetales-Alola, M|73/100
|-activate|p2a: Ninetales|move: Sticky Web
|-unboost|p2a: Ninetales|spe|1
|-weather|Snowscape|[from] ability: Snow Warning|[of] p2a: Ninetales
|turn|20
|
|t:|1769367627
|move|p1a: Mimikyu|Swords Dance|p1a: Mimikyu
|-boost|p1a: Mimikyu|atk|2
|move|p2a: Ninetales|Aurora Veil|p2a: Ninetales
|-sidestart|p2: uukeo|move: Aurora Veil
|
|-weather|Snowscape|[upkeep]
|upkeep
|turn|21
|
|t:|1769367636
|move|p1a: Mimikyu|Swords Dance|p1a: Mimikyu
|-boost|p1a: Mimikyu|atk|2
|move|p2a: Ninetales|Blizzard|p1a: Mimikyu
|-damage|p1a: Mimikyu|36/100
|
|-weather|Snowscape|[upkeep]
|upkeep
|turn|22
|
|t:|1769367646
|move|p1a: Mimikyu|Drain Punch|p2a: Ninetales
|-damage|p2a: Ninetales|31/100
|-heal|p1a: Mimikyu|60/100|[from] drain|[of] p2a: Ninetales
|-damage|p1a: Mimikyu|50/100|[from] item: Life Orb
|move|p2a: Ninetales|Blizzard|p1a: Mimikyu
|-damage|p1a: Mimikyu|0 fnt
|faint|p1a: Mimikyu
|
|win|uukeo
|raw|Chiavegato1's rating: 1100 &rarr; <strong>1074</strong><br />(-26 for losing)
|raw|uukeo's rating: 1090 &rarr; <strong>1117</strong><br />(+27 for winning)
|l|☆Chiavegato1
|player|p1|
|c|☆uukeo|gg
|l|☆uukeo
|player|p2|
