|j|☆APAkshan
|j|☆wilddaisy
|t:|1769338088
|gametype|singles
|player|p1|APAkshan|266|1368
|player|p2|wilddaisy|camper|1417
|gen|9
|tier|[Gen 9] OU
|rated|
|rule|HP Percentage Mod: HP is shown in percentages
|rule|Endless Battle Clause: Forcing endless battles is banned
|rule|Species Clause: Limit one of each Pokémon
|rule|OHKO Clause: OHKO moves are banned
|rule|Evasion Items Clause: Evasion items are banned
|rule|Evasion Moves Clause: Evasion moves are banned
|rule|Evasion Abilities Clause: Evasion abilities are banned
|rule|Sleep Moves Clause: Sleep-inducing moves are banned
|clearpoke
|poke|p1|Ceruledge, M|
|poke|p1|Kingambit, F|
|poke|p1|Iron Valiant|
|poke|p1|Enamorus, F|
|poke|p1|Raging Bolt|
|poke|p1|Ribombee, M|
|poke|p2|Scizor, M|
|poke|p2|Sinistcha-Masterpiece|
|poke|p2|Primarina, F|
|poke|p2|Ting-Lu|
|poke|p2|Moltres|
|poke|p2|Dragonite, M|
|teampreview
|inactive|Battle timer is ON: inactive players will automatically lose when time's up. (requested by APAkshan)
|
|t:|1769338105
|teamsize|p1|6
|teamsize|p2|6
|start
|switch|p1a: EVIL BEE >:)|Ribombee, M|100/100
|switch|p2a: Scizor|Scizor, M|100/100
|turn|1
|
|t:|1769338108
|-terastallize|p1a: EVIL BEE >:)|Fire
|move|p2a: Scizor|Bullet Punch|p1a: EVIL BEE >:)
|-resisted|p1a: EVIL BEE >:)
|-damage|p1a: EVIL BEE >:)|46/100
|move|p1a: EVIL BEE >:)|Tera Blast|p2a: Scizor|[anim] Tera Blast Fire
|-supereffective|p2a: Scizor
|-damage|p2a: Scizor|0 fnt
|faint|p2a: Scizor
|
|upkeep
|
|t:|1769338117
|switch|p2a: Dragonite|Dragonite, M|100/100
|turn|2
|
|t:|1769338123
|switch|p1a: Ceruledge|Ceruledge, M|100/100
|-item|p1a: Ceruledge|Air Balloon
|move|p2a: Dragonite|Extreme Speed|p1a: Ceruledge
|-immune|p1a: Ceruledge
|
|upkeep
|turn|3
|
|t:|1769338129
|switch|p2a: Moltres|Moltres|100/100
|move|p1a: Ceruledge|Bulk Up|p1a: Ceruledge
|-boost|p1a: Ceruledge|atk|1
|-boost|p1a: Ceruledge|def|1
|
|upkeep
|turn|4
|
|t:|1769338135
|move|p1a: Ceruledge|Poltergeist|p2a: Moltres
|-activate|p2a: Moltres|move: Poltergeist|Heavy-Duty Boots
|-damage|p2a: Moltres|39/100
|move|p2a: Moltres|U-turn|p1a: Ceruledge
|-resisted|p1a: Ceruledge
|-damage|p1a: Ceruledge|97/100
|-enditem|p1a: Ceruledge|Air Balloon
|
|t:|1769338141
|switch|p2a: Ting-Lu|Ting-Lu|100/100|[from] U-turn
|-ability|p2a: Ting-Lu|Vessel of Ruin
|
|upkeep
|turn|5
|
|t:|1769338150
|switch|p1a: Enamorus|Enamorus, F|100/100
|move|p2a: Ting-Lu|Whirlwind|p1a: Enamorus
|drag|p1a: Ceruledge|Ceruledge, M|97/100
|
|upkeep
|turn|6
|
|t:|1769338158
|move|p1a: Ceruledge|Bulk Up|p1a: Ceruledge
|-boost|p1a: Ceruledge|atk|1
|-boost|p1a: Ceruledge|def|1
|move|p2a: Ting-Lu|Stealth Rock|p1a: Ceruledge
|-sidestart|p1: APAkshan|move: Stealth Rock
|
|upkeep
|turn|7
|
|t:|1769338161
|move|p1a: Ceruledge|Bitter Blade|p2a: Ting-Lu
|-damage|p2a: Ting-Lu|63/100
|-heal|p1a: Ceruledge|100/100|[from] drain|[of] p2a: Ting-Lu
|move|p2a: Ting-Lu|Whirlwind|p1a: Ceruledge
|drag|p1a: EVIL BEE >:)|Ribombee, M, tera:Fire|46/100
|-damage|p1a: EVIL BEE >:)|22/100|[from] Stealth Rock
|
|-heal|p2a: Ting-Lu|69/100|[from] item: Leftovers
|upkeep
|turn|8
|
|t:|1769338166
|move|p1a: EVIL BEE >:)|Sticky Web|p2a: Ting-Lu
|-sidestart|p2: wilddaisy|move: Sticky Web
|move|p2a: Ting-Lu|Spikes|p1a: EVIL BEE >:)
|-sidestart|p1: APAkshan|Spikes
|
|-heal|p2a: Ting-Lu|75/100|[from] item: Leftovers
|upkeep
|turn|9
|
|t:|1769338171
|move|p1a: EVIL BEE >:)|Quiver Dance|p1a: EVIL BEE >:)
|-boost|p1a: EVIL BEE >:)|spa|1
|-boost|p1a: EVIL BEE >:)|spd|1
|-boost|p1a: EVIL BEE >:)|spe|1
|move|p2a: Ting-Lu|Whirlwind|p1a: EVIL BEE >:)
|drag|p1a: Miraidon 2|Raging Bolt|100/100
|-damage|p1a: Miraidon 2|88/100|[from] Stealth Rock
|-damage|p1a: Miraidon 2|76/100|[from] Spikes
|
|-heal|p2a: Ting-Lu|81/100|[from] item: Leftovers
|upkeep
|turn|10
|
|t:|1769338176
|move|p1a: Miraidon 2|Draco Meteor|p2a: Ting-Lu
|-damage|p2a: Ting-Lu|40/100
|-unboost|p1a: Miraidon 2|spa|2
|move|p2a: Ting-Lu|Spikes|p1a: Miraidon 2
|-sidestart|p1: APAkshan|Spikes
|
|-heal|p2a: Ting-Lu|46/100|[from] item: Leftovers
|upkeep
|turn|11
|
|t:|1769338180
|move|p1a: Miraidon 2|Draco Meteor|p2a: Ting-Lu
|-damage|p2a: Ting-Lu|25/100
|-unboost|p1a: Miraidon 2|spa|2
|move|p2a: Ting-Lu|Whirlwind|p1a: Miraidon 2
|-end|p1a: Miraidon 2|Protosynthesis|[silent]
|drag|p1a: Enamorus|Enamorus, F|100/100
|-damage|p1a: Enamorus|76/100|[from] Stealth Rock
|
|-heal|p2a: Ting-Lu|32/100|[from] item: Leftovers
|upkeep
|turn|12
|
|t:|1769338188
|switch|p2a: Primarina|Primarina, F|100/100
|-activate|p2a: Primarina|move: Sticky Web
|-unboost|p2a: Primarina|spe|1
|move|p1a: Enamorus|Moonblast|p2a: Primarina
|-damage|p2a: Primarina|71/100
|
|upkeep
|turn|13
|
|t:|1769338193
|move|p1a: Enamorus|Moonblast|p2a: Primarina
|-damage|p2a: Primarina|41/100
|move|p2a: Primarina|Moonblast|p1a: Enamorus
|-damage|p1a: Enamorus|6/100
|
|upkeep
|turn|14
|
|t:|1769338199
|switch|p2a: Moltres|Moltres|39/100
|move|p1a: Enamorus|Moonblast|p2a: Moltres
|-resisted|p2a: Moltres
|-damage|p2a: Moltres|14/100
|
|upkeep
|turn|15
|
|t:|1769338201
|move|p1a: Enamorus|Moonblast|p2a: Moltres
|-resisted|p2a: Moltres
|-damage|p2a: Moltres|0 fnt
|faint|p2a: Moltres
|
|upkeep
|
|t:|1769338205
|switch|p2a: Sinistcha|Sinistcha-Masterpiece, shiny|100/100
|-activate|p2a: Sinistcha|move: Sticky Web
|-unboost|p2a: Sinistcha|spe|1
|turn|16
|
|t:|1769338206
|move|p1a: Enamorus|Moonblast|p2a: Sinistcha
|-damage|p2a: Sinistcha|43/100
|move|p2a: Sinistcha|Calm Mind|p2a: Sinistcha
|-boost|p2a: Sinistcha|spa|1
|-boost|p2a: Sinistcha|spd|1
|
|-heal|p2a: Sinistcha|49/100|[from] item: Leftovers
|upkeep
|turn|17
|
|t:|1769338216
|move|p1a: Enamorus|Moonblast|p2a: Sinistcha
|-damage|p2a: Sinistcha|12/100
|move|p2a: Sinistcha|Strength Sap|p1a: Enamorus
|-boost|p1a: Enamorus|atk|1
|-heal|p2a: Sinistcha|81/100
|
|-heal|p2a: Sinistcha|87/100|[from] item: Leftovers
|upkeep
|turn|18
|
|t:|1769338222
|move|p1a: Enamorus|Moonblast|p2a: Sinistcha
|-damage|p2a: Sinistcha|43/100
|move|p2a: Sinistcha|Calm Mind|p2a: Sinistcha
|-boost|p2a: Sinistcha|spa|1
|-boost|p2a: Sinistcha|spd|1
|
|-heal|p2a: Sinistcha|49/100|[from] item: Leftovers
|upkeep
|turn|19
|
|t:|1769338226
|move|p1a: Enamorus|Moonblast|p2a: Sinistcha
|-crit|p2a: Sinistcha
|-damage|p2a: Sinistcha|0 fnt
|faint|p2a: Sinistcha
|
|upkeep
|
|t:|1769338229
|switch|p2a: Dragonite|Dragonite, M|100/100
|turn|20
|
|t:|1769338245
|move|p1a: Enamorus|Moonblast|p2a: Dragonite
|-supereffective|p2a: Dragonite
|-damage|p2a: Dragonite|44/100
|move|p2a: Dragonite|Dragon Dance|p2a: Dragonite
|-boost|p2a: Dragonite|atk|1
|-boost|p2a: Dragonite|spe|1
|
|upkeep
|turn|21
|
|t:|1769338249
|move|p2a: Dragonite|Extreme Speed|p1a: Enamorus
|-crit|p1a: Enamorus
|-damage|p1a: Enamorus|0 fnt
|faint|p1a: Enamorus
|
|upkeep
|
|t:|1769338254
|switch|p1a: Ceruledge|Ceruledge, M|100/100
|-damage|p1a: Ceruledge|76/100|[from] Stealth Rock
|-damage|p1a: Ceruledge|59/100|[from] Spikes
|turn|22
|
|t:|1769338264
|move|p1a: Ceruledge|Shadow Sneak|p2a: Dragonite
|-damage|p2a: Dragonite|21/100
|move|p2a: Dragonite|Earthquake|p1a: Ceruledge
|-supereffective|p1a: Ceruledge
|-damage|p1a: Ceruledge|0 fnt
|faint|p1a: Ceruledge
|
|upkeep
|
|t:|1769338273
|switch|p1a: Kingambit|Kingambit, F|100/100
|-damage|p1a: Kingambit|94/100|[from] Stealth Rock
|-damage|p1a: Kingambit|78/100|[from] Spikes
|-activate|p1a: Kingambit|ability: Supreme Overlord
|-start|p1a: Kingambit|fallen2|[silent]
|turn|23
|
|t:|1769338278
|move|p1a: Kingambit|Sucker Punch|p2a: Dragonite
|-damage|p2a: Dragonite|0 fnt
|faint|p2a: Dragonite
|
|upkeep
|-message|wilddaisy forfeited.
|
|win|APAkshan
|raw|APAkshan's rating: 1368 &rarr; <strong>1391</strong><br />(+23 for winning)
|raw|wilddaisy's rating: 1417 &rarr; <strong>1394</strong><br />(-23 for losing)
|l|☆wilddaisy
|player|p2|
|l|☆APAkshan
|player|p1|
