|j|☆Stealthalo
|j|☆hotnips
|t:|1769320884
|gametype|singles
|player|p1|Stealthalo|266|1421
|player|p2|hotnips|bruno|1504
|gen|9
|tier|[Gen 9] OU
|rated|
|rule|HP Percentage Mod: HP is shown in percentages
|rule|Endless Battle Clause: Forcing endless battles is banned
|rule|Species Clause: Limit one of each Pokémon
|rule|OHKO Clause: OHKO moves are banned
|rule|Evasion Items Clause: Evasion items are banned
|rule|Evasion Moves Clause: Evasion moves are banned
|rule|Evasion Abilities Clause: Evasion abilities are banned
|rule|Sleep Moves Clause: Sleep-inducing moves are banned
|clearpoke
|poke|p1|Mamoswine, M|
|poke|p1|Weezing-Galar, M|
|poke|p1|Moltres|
|poke|p1|Glimmora, M|
|poke|p1|Dragapult, F|
|poke|p1|Ogerpon-Wellspring, F|
|poke|p2|Great Tusk|
|poke|p2|Slowking-Galar, M|
|poke|p2|Corviknight, F|
|poke|p2|Clefable, F|
|poke|p2|Samurott-Hisui, M|
|poke|p2|Dragapult, F|
|teampreview
|inactive|Battle timer is ON: inactive players will automatically lose when time's up. (requested by hotnips)
|
|t:|1769320897
|teamsize|p1|6
|teamsize|p2|6
|start
|switch|p1a: Glimmora|Glimmora, M|100/100
|switch|p2a: Corviknight|Corviknight, F|100/100
|-ability|p2a: Corviknight|Pressure
|turn|1
|
|t:|1769320906
|switch|p2a: Slowking|Slowking-Galar, M|100/100
|move|p1a: Glimmora|Stealth Rock|p2a: Slowking
|-sidestart|p2: hotnips|move: Stealth Rock
|
|upkeep
|turn|2
|
|t:|1769320913
|switch|p1a: Mamoswine|Mamoswine, M|100/100
|move|p2a: Slowking|Psyshock|p1a: Mamoswine
|-damage|p1a: Mamoswine|60/100
|
|upkeep
|turn|3
|
|t:|1769320924
|switch|p2a: Corviknight|Corviknight, F|100/100
|-damage|p2a: Corviknight|88/100|[from] Stealth Rock
|-ability|p2a: Corviknight|Pressure
|-terastallize|p1a: Mamoswine|Ice
|move|p1a: Mamoswine|Icicle Spear|p2a: Corviknight
|-damage|p2a: Corviknight|76/100
|-damage|p2a: Corviknight|64/100
|-damage|p2a: Corviknight|51/100
|-damage|p2a: Corviknight|40/100
|-hitcount|p2a: Corviknight|4
|
|upkeep
|turn|4
|
|t:|1769320937
|switch|p2a: Clefable|Clefable, F|100/100
|move|p1a: Mamoswine|Icicle Spear|p2a: Clefable
|-damage|p2a: Clefable|87/100
|-damage|p2a: Clefable|73/100
|-damage|p2a: Clefable|58/100
|-damage|p2a: Clefable|42/100
|-damage|p2a: Clefable|28/100
|-hitcount|p2a: Clefable|5
|
|-heal|p2a: Clefable|34/100|[from] item: Leftovers
|upkeep
|turn|5
|
|t:|1769320950
|move|p1a: Mamoswine|Icicle Spear|p2a: Clefable
|-damage|p2a: Clefable|18/100
|-damage|p2a: Clefable|4/100
|-damage|p2a: Clefable|0 fnt
|faint|p2a: Clefable
|-hitcount|p2: Clefable|3
|
|upkeep
|
|t:|1769320972
|switch|p2a: Samurott|Samurott-Hisui, M|100/100
|turn|6
|
|t:|1769320981
|switch|p1a: Weezing|Weezing-Galar, M|100/100
|move|p2a: Samurott|Ceaseless Edge|p1a: Weezing|[miss]
|-miss|p2a: Samurott|p1a: Weezing
|
|upkeep
|turn|7
|
|t:|1769320988
|switch|p2a: Slowking|Slowking-Galar, M|100/100
|-damage|p2a: Slowking|88/100|[from] Stealth Rock
|move|p1a: Weezing|Strange Steam|p2a: Slowking
|-resisted|p2a: Slowking
|-damage|p2a: Slowking|81/100
|
|upkeep
|turn|8
|
|t:|1769320998
|switch|p1a: Ogerpon|Ogerpon-Wellspring, F|100/100
|move|p2a: Slowking|Flamethrower|p1a: Ogerpon
|-damage|p1a: Ogerpon|70/100
|
|upkeep
|turn|9
|j| 304Collector
|
|t:|1769321006
|move|p1a: Ogerpon|Knock Off|p2a: Slowking
|-supereffective|p2a: Slowking
|-damage|p2a: Slowking|2/100
|-enditem|p2a: Slowking|Assault Vest|[from] move: Knock Off|[of] p1a: Ogerpon
|move|p2a: Slowking|Sludge Bomb|p1a: Ogerpon
|-supereffective|p1a: Ogerpon
|-damage|p1a: Ogerpon|0 fnt
|faint|p1a: Ogerpon
|
|upkeep
|
|t:|1769321015
|switch|p1a: Mamoswine|Mamoswine, M, tera:Ice|60/100
|turn|10
|
|t:|1769321021
|switch|p2a: Corviknight|Corviknight, F|40/100
|-damage|p2a: Corviknight|27/100|[from] Stealth Rock
|-ability|p2a: Corviknight|Pressure
|move|p1a: Mamoswine|Earthquake|p2a: Corviknight
|-immune|p2a: Corviknight
|
|upkeep
|turn|11
|
|t:|1769321029
|move|p1a: Mamoswine|Icicle Spear|p2a: Corviknight
|-damage|p2a: Corviknight|15/100
|-damage|p2a: Corviknight|2/100
|-damage|p2a: Corviknight|0 fnt
|faint|p2a: Corviknight
|-hitcount|p2: Corviknight|3
|
|upkeep
|
|t:|1769321045
|switch|p2a: Dragapult|Dragapult, F|100/100
|-damage|p2a: Dragapult|88/100|[from] Stealth Rock
|turn|12
|
|t:|1769321051
|switch|p1a: Glimmora|Glimmora, M|100/100
|move|p2a: Dragapult|Shadow Ball|p1a: Glimmora
|-damage|p1a: Glimmora|48/100
|
|-heal|p1a: Glimmora|54/100|[from] item: Leftovers
|upkeep
|turn|13
|
|t:|1769321062
|switch|p2a: Great Tusk|Great Tusk|100/100
|move|p1a: Glimmora|Power Gem|p2a: Great Tusk
|-resisted|p2a: Great Tusk
|-damage|p2a: Great Tusk|85/100
|
|-heal|p1a: Glimmora|60/100|[from] item: Leftovers
|upkeep
|turn|14
|
|t:|1769321072
|move|p2a: Great Tusk|Rapid Spin|p1a: Glimmora
|-resisted|p1a: Glimmora
|-damage|p1a: Glimmora|52/100
|-boost|p2a: Great Tusk|spe|1
|-activate|p1a: Glimmora|ability: Toxic Debris
|-sidestart|p2: hotnips|move: Toxic Spikes
|-sideend|p2: hotnips|Toxic Spikes|[from] move: Rapid Spin|[of] p2a: Great Tusk
|-sideend|p2: hotnips|Stealth Rock|[from] move: Rapid Spin|[of] p2a: Great Tusk
|move|p1a: Glimmora|Sludge Bomb|p2a: Great Tusk
|-resisted|p2a: Great Tusk
|-damage|p2a: Great Tusk|51/100
|
|-heal|p1a: Glimmora|59/100|[from] item: Leftovers
|upkeep
|turn|15
|
|t:|1769321084
|switch|p1a: Moltres|Moltres|100/100
|move|p2a: Great Tusk|Headlong Rush|p1a: Moltres
|-immune|p1a: Moltres
|
|upkeep
|turn|16
|
|t:|1769321091
|-end|p2a: Great Tusk|Protosynthesis|[silent]
|switch|p2a: Slowking|Slowking-Galar, M|35/100
|move|p1a: Moltres|Scorching Sands|p2a: Slowking
|-supereffective|p2a: Slowking
|-damage|p2a: Slowking|6/100
|
|upkeep
|turn|17
|
|t:|1769321118
|move|p1a: Moltres|Scorching Sands|p2a: Slowking
|-supereffective|p2a: Slowking
|-damage|p2a: Slowking|0 fnt
|faint|p2a: Slowking
|
|upkeep
|
|t:|1769321125
|switch|p2a: Dragapult|Dragapult, F|88/100
|turn|18
|
|t:|1769321143
|move|p2a: Dragapult|Shadow Ball|p1a: Moltres
|-damage|p1a: Moltres|46/100
|move|p1a: Moltres|Scorching Sands|p2a: Dragapult
|-damage|p2a: Dragapult|64/100
|
|upkeep
|turn|19
|
|t:|1769321150
|move|p2a: Dragapult|Shadow Ball|p1a: Moltres
|-damage|p1a: Moltres|0 fnt
|faint|p1a: Moltres
|
|upkeep
|
|t:|1769321155
|switch|p1a: Mamoswine|Mamoswine, M, tera:Ice|60/100
|turn|20
|
|t:|1769321181
|move|p1a: Mamoswine|Ice Shard|p2a: Dragapult
|-supereffective|p2a: Dragapult
|-damage|p2a: Dragapult|0 fnt
|faint|p2a: Dragapult
|
|upkeep
|
|t:|1769321185
|switch|p2a: Samurott|Samurott-Hisui, M|100/100
|turn|21
|
|t:|1769321192
|switch|p1a: Glimmora|Glimmora, M|59/100
|switch|p2a: Great Tusk|Great Tusk|51/100
|
|-heal|p1a: Glimmora|65/100|[from] item: Leftovers
|upkeep
|turn|22
|
|t:|1769321201
|switch|p1a: Weezing|Weezing-Galar, M|100/100
|move|p2a: Great Tusk|Headlong Rush|p1a: Weezing
|-immune|p1a: Weezing|[from] ability: Levitate
|
|upkeep
|turn|23
|-message|hotnips forfeited.
|
|win|Stealthalo
|raw|Stealthalo's rating: 1421 &rarr; <strong>1446</strong><br />(+25 for winning)
|raw|hotnips's rating: 1504 &rarr; <strong>1479</strong><br />(-25 for losing)
|l|☆hotnips
|player|p2|
|l|☆Stealthalo
|player|p1|
|l| 304Collector
