|j|☆ismailkarim
|j|☆CambridgeFoulPlay
|t:|1769329719
|gametype|singles
|player|p1|ismailkarim|169|1616
|player|p2|CambridgeFoulPlay|266|1682
|gen|9
|tier|[Gen 9] OU
|rated|
|rule|HP Percentage Mod: HP is shown in percentages
|rule|Endless Battle Clause: Forcing endless battles is banned
|rule|Species Clause: Limit one of each Pokémon
|rule|OHKO Clause: OHKO moves are banned
|rule|Evasion Items Clause: Evasion items are banned
|rule|Evasion Moves Clause: Evasion moves are banned
|rule|Evasion Abilities Clause: Evasion abilities are banned
|rule|Sleep Moves Clause: Sleep-inducing moves are banned
|clearpoke
|poke|p1|Grimmsnarl, M|
|poke|p1|Iron Treads|
|poke|p1|Raging Bolt|
|poke|p1|Deoxys-Speed|
|poke|p1|Ogerpon-Wellspring, F|
|poke|p1|Ceruledge, M|
|poke|p2|Hydrapple, M|
|poke|p2|Tyranitar, F|
|poke|p2|Moltres|
|poke|p2|Zamazenta-*|
|poke|p2|Slowking-Galar, M|
|poke|p2|Excadrill, F|
|teampreview
|c|☆CambridgeFoulPlay|hf
|inactive|Battle timer is ON: inactive players will automatically lose when time's up. (requested by CambridgeFoulPlay)
|
|t:|1769329755
|teamsize|p1|6
|teamsize|p2|6
|start
|switch|p1a: Grimmsnarl|Grimmsnarl, M, shiny|100/100
|switch|p2a: Tyranitar|Tyranitar, F|100/100
|-weather|Sandstorm|[from] ability: Sand Stream|[of] p2a: Tyranitar
|turn|1
|c|☆ismailkarim|u2
|
|t:|1769329763
|move|p1a: Grimmsnarl|Low Kick|p2a: Tyranitar
|-supereffective|p2a: Tyranitar
|-damage|p2a: Tyranitar|0 fnt
|faint|p2a: Tyranitar
|
|-weather|Sandstorm|[upkeep]
|-damage|p1a: Grimmsnarl|94/100|[from] Sandstorm
|upkeep
|
|t:|1769329766
|switch|p2a: Excadrill|Excadrill, F|100/100
|-item|p2a: Excadrill|Air Balloon
|turn|2
|
|t:|1769329770
|move|p1a: Grimmsnarl|Reflect|p1a: Grimmsnarl
|-sidestart|p1: ismailkarim|Reflect
|move|p2a: Excadrill|Iron Head|p1a: Grimmsnarl
|-supereffective|p1a: Grimmsnarl
|-damage|p1a: Grimmsnarl|33/100
|
|-weather|Sandstorm|[upkeep]
|-damage|p1a: Grimmsnarl|26/100|[from] Sandstorm
|upkeep
|turn|3
|
|t:|1769329773
|move|p1a: Grimmsnarl|Light Screen|p1a: Grimmsnarl
|-sidestart|p1: ismailkarim|move: Light Screen
|move|p2a: Excadrill|Earthquake|p1a: Grimmsnarl
|-damage|p1a: Grimmsnarl|0 fnt
|faint|p1a: Grimmsnarl
|
|-weather|Sandstorm|[upkeep]
|upkeep
|
|t:|1769329778
|switch|p1a: Ceruledge|Ceruledge, M, shiny|100/100
|turn|4
|
|t:|1769329780
|switch|p2a: Zamazenta|Zamazenta|100/100
|-ability|p2a: Zamazenta|Dauntless Shield|boost
|-boost|p2a: Zamazenta|def|1
|move|p1a: Ceruledge|Swords Dance|p1a: Ceruledge
|-boost|p1a: Ceruledge|atk|2
|
|-weather|Sandstorm|[upkeep]
|-damage|p2a: Zamazenta|94/100|[from] Sandstorm
|-damage|p1a: Ceruledge|94/100|[from] Sandstorm
|-heal|p2a: Zamazenta|100/100|[from] item: Leftovers
|upkeep
|turn|5
|
|t:|1769329784
|-terastallize|p1a: Ceruledge|Ghost
|move|p2a: Zamazenta|Iron Defense|p2a: Zamazenta
|-boost|p2a: Zamazenta|def|2
|move|p1a: Ceruledge|Poltergeist|p2a: Zamazenta
|-activate|p2a: Zamazenta|move: Poltergeist|Leftovers
|-damage|p2a: Zamazenta|32/100
|-damage|p1a: Ceruledge|84/100|[from] item: Life Orb
|
|-weather|Sandstorm|[upkeep]
|-damage|p2a: Zamazenta|26/100|[from] Sandstorm
|-damage|p1a: Ceruledge|78/100|[from] Sandstorm
|-heal|p2a: Zamazenta|32/100|[from] item: Leftovers
|upkeep
|turn|6
|
|t:|1769329788
|move|p2a: Zamazenta|Crunch|p1a: Ceruledge
|-supereffective|p1a: Ceruledge
|-damage|p1a: Ceruledge|52/100
|-ability|p1a: Ceruledge|Weak Armor|boost
|-unboost|p1a: Ceruledge|def|1
|-boost|p1a: Ceruledge|spe|2
|move|p1a: Ceruledge|Poltergeist|p2a: Zamazenta
|-activate|p2a: Zamazenta|move: Poltergeist|Leftovers
|-damage|p2a: Zamazenta|0 fnt
|faint|p2a: Zamazenta
|-damage|p1a: Ceruledge|42/100|[from] item: Life Orb
|
|-weather|Sandstorm|[upkeep]
|-damage|p1a: Ceruledge|36/100|[from] Sandstorm
|upkeep
|
|t:|1769329791
|switch|p2a: Excadrill|Excadrill, F|100/100
|-item|p2a: Excadrill|Air Balloon
|turn|7
|c|☆ismailkarim|i seen u in pokeaim md videos xd
|
|t:|1769329802
|switch|p2a: Moltres|Moltres|100/100
|move|p1a: Ceruledge|Shadow Sneak|p2a: Moltres
|-damage|p2a: Moltres|51/100
|-damage|p1a: Ceruledge|26/100|[from] item: Life Orb
|
|-weather|Sandstorm|[upkeep]
|-damage|p1a: Ceruledge|20/100|[from] Sandstorm
|-damage|p2a: Moltres|45/100|[from] Sandstorm
|upkeep
|turn|8
|
|t:|1769329806
|move|p1a: Ceruledge|Bitter Blade|p2a: Moltres
|-resisted|p2a: Moltres
|-damage|p2a: Moltres|2/100
|-heal|p1a: Ceruledge|47/100|[from] drain|[of] p2a: Moltres
|-damage|p1a: Ceruledge|37/100|[from] item: Life Orb
|move|p2a: Moltres|Flamethrower|p1a: Ceruledge
|-damage|p1a: Ceruledge|16/100
|
|-weather|none
|upkeep
|turn|9
|
|t:|1769329810
|move|p1a: Ceruledge|Shadow Sneak|p2a: Moltres
|-damage|p2a: Moltres|0 fnt
|faint|p2a: Moltres
|-damage|p1a: Ceruledge|6/100|[from] item: Life Orb
|
|-sideend|p1: ismailkarim|Reflect
|upkeep
|
|t:|1769329811
|switch|p2a: Excadrill|Excadrill, F|100/100
|-item|p2a: Excadrill|Air Balloon
|turn|10
|
|t:|1769329815
|-terastallize|p2a: Excadrill|Fire
|move|p1a: Ceruledge|Bitter Blade|p2a: Excadrill
|-resisted|p2a: Excadrill
|-damage|p2a: Excadrill|14/100
|-heal|p1a: Ceruledge|56/100|[from] drain|[of] p2a: Excadrill
|-enditem|p2a: Excadrill|Air Balloon
|-damage|p1a: Ceruledge|46/100|[from] item: Life Orb
|move|p2a: Excadrill|Earthquake|p1a: Ceruledge
|-damage|p1a: Ceruledge|0 fnt
|faint|p1a: Ceruledge
|
|-sideend|p1: ismailkarim|move: Light Screen
|upkeep
|
|t:|1769329822
|switch|p1a: Ogerpon|Ogerpon-Wellspring, F|100/100
|turn|11
|
|t:|1769329826
|move|p1a: Ogerpon|Trailblaze|p2a: Excadrill
|-resisted|p2a: Excadrill
|-crit|p2a: Excadrill
|-damage|p2a: Excadrill|0 fnt
|-boost|p1a: Ogerpon|spe|1
|faint|p2a: Excadrill
|
|upkeep
|
|t:|1769329828
|switch|p2a: Hydrapple|Hydrapple, M|100/100
|turn|12
|
|t:|1769329832
|move|p1a: Ogerpon|Swords Dance|p1a: Ogerpon
|-boost|p1a: Ogerpon|atk|2
|move|p2a: Hydrapple|Fickle Beam|p1a: Ogerpon
|-damage|p1a: Ogerpon|56/100
|
|upkeep
|turn|13
|
|t:|1769329834
|move|p1a: Ogerpon|Play Rough|p2a: Hydrapple
|-supereffective|p2a: Hydrapple
|-damage|p2a: Hydrapple|9/100
|move|p2a: Hydrapple|Fickle Beam|p1a: Ogerpon|[anim] Fickle Beam All Out
|-activate|p2a: Hydrapple|move: Fickle Beam
|-damage|p1a: Ogerpon|0 fnt
|faint|p1a: Ogerpon
|
|upkeep
|
|t:|1769329840
|switch|p1a: Iron Treads|Iron Treads, shiny|100/100
|-enditem|p1a: Iron Treads|Booster Energy
|-activate|p1a: Iron Treads|ability: Quark Drive|[fromitem]
|-start|p1a: Iron Treads|quarkdrivespe
|turn|14
|
|t:|1769329842
|switch|p2a: Slowking|Slowking-Galar, M|100/100
|move|p1a: Iron Treads|Earth Power|p2a: Slowking
|-supereffective|p2a: Slowking
|-damage|p2a: Slowking|69/100
|
|upkeep
|turn|15
|
|t:|1769329845
|switch|p2a: Hydrapple|Hydrapple, M|42/100
|move|p1a: Iron Treads|Earth Power|p2a: Hydrapple
|-resisted|p2a: Hydrapple
|-damage|p2a: Hydrapple|24/100
|
|upkeep
|turn|16
|
|t:|1769329848
|move|p1a: Iron Treads|Steel Beam|p2a: Hydrapple
|-damage|p2a: Hydrapple|0 fnt
|-damage|p1a: Iron Treads|50/100|[from] steelbeam
|faint|p2a: Hydrapple
|
|upkeep
|
|t:|1769329850
|switch|p2a: Slowking|Slowking-Galar, M|100/100
|turn|17
|
|t:|1769329852
|move|p1a: Iron Treads|Earth Power|p2a: Slowking
|-supereffective|p2a: Slowking
|-damage|p2a: Slowking|66/100
|move|p2a: Slowking|Ice Beam|p1a: Iron Treads
|-damage|p1a: Iron Treads|15/100
|
|upkeep
|turn|18
|
|t:|1769329854
|move|p1a: Iron Treads|Earth Power|p2a: Slowking
|-supereffective|p2a: Slowking
|-damage|p2a: Slowking|34/100
|move|p2a: Slowking|Psyshock|p1a: Iron Treads
|-resisted|p1a: Iron Treads
|-damage|p1a: Iron Treads|2/100
|
|upkeep
|turn|19
|
|t:|1769329857
|move|p1a: Iron Treads|Earth Power|p2a: Slowking
|-supereffective|p2a: Slowking
|-crit|p2a: Slowking
|-damage|p2a: Slowking|0 fnt
|faint|p2a: Slowking
|
|win|ismailkarim
|raw|ismailkarim's rating: 1616 &rarr; <strong>1640</strong><br />(+24 for winning)
|raw|CambridgeFoulPlay's rating: 1682 &rarr; <strong>1658</strong><br />(-24 for losing)
|c|☆CambridgeFoulPlay|gg
|l|☆CambridgeFoulPlay
|player|p2|
|c|☆ismailkarim|gg
|l|☆ismailkarim
|player|p1|
