|j|☆Goblin Demolisher
|j|☆bbpeu
|t:|1769383396
|gametype|singles
|player|p1|Goblin Demolisher|cheryl|1515
|player|p2|bbpeu|policeman-gen4|1513
|gen|9
|tier|[Gen 9] OU
|rated|
|rule|HP Percentage Mod: HP is shown in percentages
|rule|Endless Battle Clause: Forcing endless battles is banned
|rule|Species Clause: Limit one of each Pokémon
|rule|OHKO Clause: OHKO moves are banned
|rule|Evasion Items Clause: Evasion items are banned
|rule|Evasion Moves Clause: Evasion moves are banned
|rule|Evasion Abilities Clause: Evasion abilities are banned
|rule|Sleep Moves Clause: Sleep-inducing moves are banned
|clearpoke
|poke|p1|Mienshao, F|
|poke|p1|Alomomola, M|
|poke|p1|Kyurem|
|poke|p1|Great Tusk|
|poke|p1|Tornadus-Therian, M|
|poke|p1|Iron Crown|
|poke|p2|Dragonite, M|
|poke|p2|Ting-Lu|
|poke|p2|Clefable, M|
|poke|p2|Pecharunt|
|poke|p2|Zamazenta-*|
|poke|p2|Heatran, F|
|teampreview
|inactive|Battle timer is ON: inactive players will automatically lose when time's up. (requested by Goblin Demolisher)
|
|t:|1769383429
|teamsize|p1|6
|teamsize|p2|6
|start
|switch|p1a: Kyurem|Kyurem|100/100
|switch|p2a: Ting-Lu|Ting-Lu|100/100
|-ability|p1a: Kyurem|Pressure
|-ability|p2a: Ting-Lu|Vessel of Ruin
|turn|1
|
|t:|1769383434
|move|p1a: Kyurem|Ice Beam|p2a: Ting-Lu
|-supereffective|p2a: Ting-Lu
|-damage|p2a: Ting-Lu|37/100
|move|p2a: Ting-Lu|Earthquake|p1a: Kyurem
|-damage|p1a: Kyurem|65/100
|
|-heal|p2a: Ting-Lu|43/100|[from] item: Leftovers
|upkeep
|turn|2
|
|t:|1769383447
|switch|p1a: Tornadus|Tornadus-Therian, M|100/100
|switch|p2a: Heatran|Heatran, F|100/100
|
|upkeep
|turn|3
|
|t:|1769383451
|move|p1a: Tornadus|Knock Off|p2a: Heatran
|-damage|p2a: Heatran|85/100
|-enditem|p2a: Heatran|Leftovers|[from] move: Knock Off|[of] p1a: Tornadus
|move|p2a: Heatran|Stealth Rock|p1a: Tornadus
|-sidestart|p1: Goblin Demolisher|move: Stealth Rock
|
|upkeep
|turn|4
|
|t:|1769383461
|switch|p1a: Alomomola|Alomomola, M|100/100
|-damage|p1a: Alomomola|88/100|[from] Stealth Rock
|move|p2a: Heatran|Magma Storm|p1a: Alomomola|[miss]
|-miss|p2a: Heatran|p1a: Alomomola
|
|upkeep
|turn|5
|
|t:|1769383468
|move|p2a: Heatran|Magma Storm|p1a: Alomomola
|-resisted|p1a: Alomomola
|-crit|p1a: Alomomola
|-damage|p1a: Alomomola|71/100
|-activate|p1a: Alomomola|move: Magma Storm|[of] p2a: Heatran
|move|p1a: Alomomola|Flip Turn|p2a: Heatran
|-supereffective|p2a: Heatran
|-damage|p2a: Heatran|56/100
|
|t:|1769383471
|switch|p1a: Great Tusk|Great Tusk|100/100|[from] Flip Turn
|
|upkeep
|turn|6
|
|t:|1769383474
|switch|p2a: Pecharunt|Pecharunt|100/100
|move|p1a: Great Tusk|Stealth Rock|p2a: Pecharunt
|-sidestart|p2: bbpeu|move: Stealth Rock
|
|upkeep
|turn|7
|
|t:|1769383481
|-end|p1a: Great Tusk|Protosynthesis|[silent]
|switch|p1a: Alomomola|Alomomola, M|100/100
|-damage|p1a: Alomomola|88/100|[from] Stealth Rock
|move|p2a: Pecharunt|Toxic|p1a: Alomomola
|-status|p1a: Alomomola|tox
|-start|p1a: Alomomola|confusion|[from] ability: Poison Puppeteer|[of] p2a: Pecharunt
|
|-damage|p1a: Alomomola|82/100 tox|[from] psn
|upkeep
|turn|8
|
|t:|1769383485
|move|p2a: Pecharunt|Shadow Ball|p1a: Alomomola
|-damage|p1a: Alomomola|67/100 tox
|-unboost|p1a: Alomomola|spd|1
|-activate|p1a: Alomomola|confusion
|-damage|p1a: Alomomola|62/100 tox|[from] confusion
|
|-damage|p1a: Alomomola|50/100 tox|[from] psn
|upkeep
|turn|9
|
|t:|1769383490
|move|p2a: Pecharunt|Shadow Ball|p1a: Alomomola
|-damage|p1a: Alomomola|28/100 tox
|-end|p1a: Alomomola|confusion
|move|p1a: Alomomola|Flip Turn|p2a: Pecharunt
|-damage|p2a: Pecharunt|93/100
|
|t:|1769383496
|switch|p1a: Iron Crown|Iron Crown|100/100|[from] Flip Turn
|-damage|p1a: Iron Crown|94/100|[from] Stealth Rock
|
|upkeep
|turn|10
|
|t:|1769383505
|switch|p2a: Heatran|Heatran, F|56/100
|-damage|p2a: Heatran|44/100|[from] Stealth Rock
|move|p1a: Iron Crown|Tachyon Cutter|p2a: Heatran
|-resisted|p2a: Heatran
|-damage|p2a: Heatran|39/100
|-resisted|p2a: Heatran
|-damage|p2a: Heatran|35/100
|-hitcount|p2a: Heatran|2
|
|upkeep
|turn|11
|
|t:|1769383517
|-end|p1a: Iron Crown|Quark Drive|[silent]
|switch|p1a: Alomomola|Alomomola, M|61/100 tox
|-damage|p1a: Alomomola|49/100 tox|[from] Stealth Rock
|move|p2a: Heatran|Magma Storm|p1a: Alomomola
|-resisted|p1a: Alomomola
|-damage|p1a: Alomomola|36/100 tox
|-activate|p1a: Alomomola|move: Magma Storm|[of] p2a: Heatran
|
|-damage|p1a: Alomomola|30/100 tox|[from] psn
|-damage|p1a: Alomomola|17/100 tox|[from] move: Magma Storm|[partiallytrapped]
|upkeep
|turn|12
|
|t:|1769383519
|move|p2a: Heatran|Earth Power|p1a: Alomomola
|-damage|p1a: Alomomola|2/100 tox
|move|p1a: Alomomola|Flip Turn|p2a: Heatran
|-supereffective|p2a: Heatran
|-damage|p2a: Heatran|8/100
|
|t:|1769383536
|switch|p1a: Great Tusk|Great Tusk|100/100|[from] Flip Turn
|
|upkeep
|turn|13
|
|t:|1769383541
|switch|p2a: Pecharunt|Pecharunt|93/100
|move|p1a: Great Tusk|Rapid Spin|p2a: Pecharunt
|-immune|p2a: Pecharunt
|
|upkeep
|turn|14
|
|t:|1769383560
|-end|p1a: Great Tusk|Protosynthesis|[silent]
|switch|p1a: Tornadus|Tornadus-Therian, M|100/100
|move|p2a: Pecharunt|Shadow Ball|p1a: Tornadus
|-crit|p1a: Tornadus
|-damage|p1a: Tornadus|64/100
|-unboost|p1a: Tornadus|spd|1
|
|upkeep
|turn|15
|
|t:|1769383569
|move|p1a: Tornadus|Knock Off|p2a: Pecharunt
|-supereffective|p2a: Pecharunt
|-damage|p2a: Pecharunt|73/100
|-enditem|p2a: Pecharunt|Heavy-Duty Boots|[from] move: Knock Off|[of] p1a: Tornadus
|move|p2a: Pecharunt|Shadow Ball|p1a: Tornadus
|-damage|p1a: Tornadus|25/100
|
|upkeep
|turn|16
|
|t:|1769383580
|move|p1a: Tornadus|U-turn|p2a: Pecharunt
|-resisted|p2a: Pecharunt
|-crit|p2a: Pecharunt
|-damage|p2a: Pecharunt|70/100
|
|t:|1769383586
|switch|p1a: Great Tusk|Great Tusk|100/100|[from] U-turn
|move|p2a: Pecharunt|Shadow Ball|p1a: Great Tusk
|-damage|p1a: Great Tusk|69/100
|
|upkeep
|turn|17
|
|t:|1769383592
|-terastallize|p2a: Pecharunt|Ghost
|move|p1a: Great Tusk|Headlong Rush|p2a: Pecharunt
|-damage|p2a: Pecharunt|47/100
|-unboost|p1a: Great Tusk|def|1
|-unboost|p1a: Great Tusk|spd|1
|move|p2a: Pecharunt|Recover|p2a: Pecharunt
|-heal|p2a: Pecharunt|97/100
|
|upkeep
|turn|18
|
|t:|1769383610
|-end|p1a: Great Tusk|Protosynthesis|[silent]
|switch|p1a: Tornadus|Tornadus-Therian, M|58/100
|move|p2a: Pecharunt|Shadow Ball|p1a: Tornadus
|-damage|p1a: Tornadus|26/100
|
|upkeep
|turn|19
|
|t:|1769383622
|move|p1a: Tornadus|Bleakwind Storm|p2a: Pecharunt
|-damage|p2a: Pecharunt|59/100
|move|p2a: Pecharunt|Shadow Ball|p1a: Tornadus
|-damage|p1a: Tornadus|0 fnt
|faint|p1a: Tornadus
|
|upkeep
|
|t:|1769383626
|switch|p1a: Iron Crown|Iron Crown|94/100
|-damage|p1a: Iron Crown|88/100|[from] Stealth Rock
|turn|20
|
|t:|1769383634
|move|p1a: Iron Crown|Tachyon Cutter|p2a: Pecharunt
|-damage|p2a: Pecharunt|32/100
|-damage|p2a: Pecharunt|3/100
|-hitcount|p2a: Pecharunt|2
|move|p2a: Pecharunt|Recover|p2a: Pecharunt
|-heal|p2a: Pecharunt|53/100
|
|upkeep
|turn|21
|
|t:|1769383641
|switch|p2a: Heatran|Heatran, F|8/100
|-damage|p2a: Heatran|0 fnt|[from] Stealth Rock
|faint|p2a: Heatran
|move|p1a: Iron Crown|Tachyon Cutter|p2: Heatran|[notarget]
|-fail|p1a: Iron Crown
|
|upkeep
|
|t:|1769383644
|switch|p2a: Ting-Lu|Ting-Lu|43/100
|-damage|p2a: Ting-Lu|37/100|[from] Stealth Rock
|-ability|p2a: Ting-Lu|Vessel of Ruin
|turn|22
|
|t:|1769383655
|-end|p1a: Iron Crown|Quark Drive|[silent]
|switch|p1a: Great Tusk|Great Tusk|69/100
|move|p2a: Ting-Lu|Spikes|p1a: Great Tusk
|-sidestart|p1: Goblin Demolisher|Spikes
|
|-heal|p2a: Ting-Lu|43/100|[from] item: Leftovers
|upkeep
|turn|23
|
|t:|1769383668
|switch|p2a: Pecharunt|Pecharunt, tera:Ghost|53/100
|-damage|p2a: Pecharunt|40/100|[from] Stealth Rock
|move|p1a: Great Tusk|Headlong Rush|p2a: Pecharunt
|-damage|p2a: Pecharunt|16/100
|-unboost|p1a: Great Tusk|def|1
|-unboost|p1a: Great Tusk|spd|1
|
|upkeep
|turn|24
|
|t:|1769383674
|move|p1a: Great Tusk|Headlong Rush|p2a: Pecharunt
|-damage|p2a: Pecharunt|0 fnt
|-unboost|p1a: Great Tusk|def|1
|-unboost|p1a: Great Tusk|spd|1
|faint|p2a: Pecharunt
|
|upkeep
|
|t:|1769383681
|switch|p2a: Zamazenta|Zamazenta|100/100
|-ability|p2a: Zamazenta|Dauntless Shield|boost
|-boost|p2a: Zamazenta|def|1
|turn|25
|
|t:|1769383696
|-end|p1a: Great Tusk|Protosynthesis|[silent]
|switch|p1a: Alomomola|Alomomola, M|35/100 tox
|-damage|p1a: Alomomola|23/100 tox|[from] Stealth Rock
|-damage|p1a: Alomomola|10/100 tox|[from] Spikes
|move|p2a: Zamazenta|Close Combat|p1a: Alomomola
|-damage|p1a: Alomomola|0 fnt
|-unboost|p2a: Zamazenta|def|1
|-unboost|p2a: Zamazenta|spd|1
|faint|p1a: Alomomola
|
|upkeep
|
|t:|1769383709
|switch|p1a: Iron Crown|Iron Crown|88/100
|-damage|p1a: Iron Crown|82/100|[from] Stealth Rock
|-damage|p1a: Iron Crown|69/100|[from] Spikes
|turn|26
|
|t:|1769383716
|switch|p2a: Ting-Lu|Ting-Lu|43/100
|-damage|p2a: Ting-Lu|37/100|[from] Stealth Rock
|-ability|p2a: Ting-Lu|Vessel of Ruin
|move|p1a: Iron Crown|Psychic|p2a: Ting-Lu
|-immune|p2a: Ting-Lu
|
|-heal|p2a: Ting-Lu|43/100|[from] item: Leftovers
|upkeep
|turn|27
|
|t:|1769383721
|-end|p1a: Iron Crown|Quark Drive|[silent]
|switch|p1a: Great Tusk|Great Tusk|69/100
|move|p2a: Ting-Lu|Whirlwind|p1a: Great Tusk
|-end|p1a: Great Tusk|Protosynthesis|[silent]
|drag|p1a: Mienshao|Mienshao, F|100/100
|-damage|p1a: Mienshao|95/100|[from] Stealth Rock
|-damage|p1a: Mienshao|82/100|[from] Spikes
|
|-heal|p2a: Ting-Lu|50/100|[from] item: Leftovers
|upkeep
|turn|28
|
|t:|1769383731
|switch|p2a: Clefable|Clefable, M|100/100
|move|p1a: Mienshao|U-turn|p2a: Clefable
|-resisted|p2a: Clefable
|-damage|p2a: Clefable|88/100
|
|t:|1769383734
|switch|p1a: Great Tusk|Great Tusk|69/100|[from] U-turn
|
|-heal|p2a: Clefable|94/100|[from] item: Leftovers
|upkeep
|turn|29
|
|t:|1769383739
|-terastallize|p1a: Great Tusk|Steel
|move|p1a: Great Tusk|Rapid Spin|p2a: Clefable
|-damage|p2a: Clefable|82/100
|-boost|p1a: Great Tusk|spe|1
|-sideend|p1: Goblin Demolisher|Spikes|[from] move: Rapid Spin|[of] p1a: Great Tusk
|-sideend|p1: Goblin Demolisher|Stealth Rock|[from] move: Rapid Spin|[of] p1a: Great Tusk
|move|p2a: Clefable|Moonblast|p1a: Great Tusk
|-resisted|p1a: Great Tusk
|-damage|p1a: Great Tusk|47/100
|
|-heal|p2a: Clefable|88/100|[from] item: Leftovers
|upkeep
|turn|30
|
|t:|1769383747
|-end|p1a: Great Tusk|Protosynthesis|[silent]
|switch|p1a: Iron Crown|Iron Crown|69/100
|move|p2a: Clefable|Knock Off|p1a: Iron Crown
|-supereffective|p1a: Iron Crown
|-damage|p1a: Iron Crown|38/100
|-enditem|p1a: Iron Crown|Choice Scarf|[from] move: Knock Off|[of] p2a: Clefable
|
|-heal|p2a: Clefable|94/100|[from] item: Leftovers
|upkeep
|turn|31
|
|t:|1769383753
|switch|p2a: Ting-Lu|Ting-Lu|50/100
|-damage|p2a: Ting-Lu|43/100|[from] Stealth Rock
|-ability|p2a: Ting-Lu|Vessel of Ruin
|move|p1a: Iron Crown|Tachyon Cutter|p2a: Ting-Lu
|-damage|p2a: Ting-Lu|31/100
|-damage|p2a: Ting-Lu|19/100
|-hitcount|p2a: Ting-Lu|2
|
|-heal|p2a: Ting-Lu|26/100|[from] item: Leftovers
|upkeep
|turn|32
|
|t:|1769383763
|move|p1a: Iron Crown|Focus Blast|p2a: Ting-Lu
|-supereffective|p2a: Ting-Lu
|-damage|p2a: Ting-Lu|0 fnt
|faint|p2a: Ting-Lu
|
|upkeep
|
|t:|1769383768
|switch|p2a: Zamazenta|Zamazenta|100/100
|turn|33
|
|t:|1769383777
|-end|p1a: Iron Crown|Quark Drive|[silent]
|switch|p1a: Mienshao|Mienshao, F|100/100
|move|p2a: Zamazenta|Close Combat|p1a: Mienshao
|-damage|p1a: Mienshao|0 fnt
|-unboost|p2a: Zamazenta|def|1
|-unboost|p2a: Zamazenta|spd|1
|faint|p1a: Mienshao
|
|upkeep
|
|t:|1769383788
|switch|p1a: Iron Crown|Iron Crown|38/100
|turn|34
|
|t:|1769383791
|move|p2a: Zamazenta|Close Combat|p1a: Iron Crown
|-damage|p1a: Iron Crown|0 fnt
|-unboost|p2a: Zamazenta|def|1
|-unboost|p2a: Zamazenta|spd|1
|faint|p1a: Iron Crown
|-end|p1a: Iron Crown|Quark Drive|[silent]
|
|upkeep
|
|t:|1769383795
|switch|p1a: Kyurem|Kyurem|65/100
|-ability|p1a: Kyurem|Pressure
|turn|35
|
|t:|1769383797
|move|p2a: Zamazenta|Close Combat|p1a: Kyurem
|-supereffective|p1a: Kyurem
|-damage|p1a: Kyurem|0 fnt
|-unboost|p2a: Zamazenta|def|1
|-unboost|p2a: Zamazenta|spd|1
|faint|p1a: Kyurem
|
|upkeep
|c|☆bbpeu|gg
|-message|Goblin Demolisher forfeited.
|
|win|bbpeu
|raw|Goblin Demolisher's rating: 1515 &rarr; <strong>1495</strong><br />(-20 for losing)
|raw|bbpeu's rating: 1513 &rarr; <strong>1533</strong><br />(+20 for winning)
|l|☆Goblin Demolisher
|player|p1|
|l|☆bbpeu
|player|p2|
