|j|☆FyaSep
|j|☆Aheter
|t:|1769444187
|gametype|singles
|player|p1|FyaSep|iono|1236
|player|p2|Aheter|emmet|1228
|gen|9
|tier|[Gen 9] OU
|rated|
|rule|HP Percentage Mod: HP is shown in percentages
|rule|Endless Battle Clause: Forcing endless battles is banned
|rule|Species Clause: Limit one of each Pokémon
|rule|OHKO Clause: OHKO moves are banned
|rule|Evasion Items Clause: Evasion items are banned
|rule|Evasion Moves Clause: Evasion moves are banned
|rule|Evasion Abilities Clause: Evasion abilities are banned
|rule|Sleep Moves Clause: Sleep-inducing moves are banned
|clearpoke
|poke|p1|Sandy Shocks|
|poke|p1|Scizor, M|
|poke|p1|Manaphy|
|poke|p1|Latios, M|
|poke|p1|Ogerpon, F|
|poke|p1|Iron Jugulis|
|poke|p2|Glimmora, M|
|poke|p2|Gyarados, M|
|poke|p2|Politoed, M|
|poke|p2|Araquanid, M|
|poke|p2|Delphox, F|
|poke|p2|Cloyster, M|
|teampreview
|inactive|Battle timer is ON: inactive players will automatically lose when time's up. (requested by Aheter)
|
|t:|1769444200
|teamsize|p1|6
|teamsize|p2|6
|start
|switch|p1a: Sandy Shocks|Sandy Shocks|100/100
|switch|p2a: Politoed|Politoed, M, shiny|100/100
|-weather|RainDance|[from] ability: Drizzle|[of] p2a: Politoed
|-enditem|p1a: Sandy Shocks|Booster Energy
|-activate|p1a: Sandy Shocks|ability: Protosynthesis|[fromitem]
|-start|p1a: Sandy Shocks|protosynthesisspe
|turn|1
|
|t:|1769444213
|move|p1a: Sandy Shocks|Stealth Rock|p2a: Politoed
|-sidestart|p2: Aheter|move: Stealth Rock
|move|p2a: Politoed|Weather Ball|p1a: Sandy Shocks
|-supereffective|p1a: Sandy Shocks
|-damage|p1a: Sandy Shocks|0 fnt
|faint|p1a: Sandy Shocks
|-end|p1a: Sandy Shocks|Protosynthesis|[silent]
|
|-weather|RainDance|[upkeep]
|upkeep
|
|t:|1769444230
|switch|p1a: Manaphy|Manaphy|100/100
|turn|2
|
|t:|1769444243
|move|p1a: Manaphy|Tail Glow|p1a: Manaphy
|-boost|p1a: Manaphy|spa|3
|move|p2a: Politoed|Focus Blast|p1a: Manaphy
|-damage|p1a: Manaphy|67/100
|
|-weather|RainDance|[upkeep]
|upkeep
|turn|3
|
|t:|1769444252
|move|p1a: Manaphy|Energy Ball|p2a: Politoed
|-supereffective|p2a: Politoed
|-damage|p2a: Politoed|0 fnt
|faint|p2a: Politoed
|
|-weather|RainDance|[upkeep]
|upkeep
|
|t:|1769444267
|switch|p2a: Araquanid|Araquanid, M, shiny|100/100
|-damage|p2a: Araquanid|76/100|[from] Stealth Rock
|turn|4
|
|t:|1769444282
|-terastallize|p1a: Manaphy|Grass
|move|p1a: Manaphy|Energy Ball|p2a: Araquanid
|-damage|p2a: Araquanid|26/100
|move|p2a: Araquanid|Liquidation|p1a: Manaphy
|-resisted|p1a: Manaphy
|-damage|p1a: Manaphy|15/100
|-enditem|p1a: Manaphy|Sitrus Berry|[eat]
|-heal|p1a: Manaphy|40/100|[from] item: Sitrus Berry
|
|-weather|RainDance|[upkeep]
|upkeep
|turn|5
|
|t:|1769444291
|move|p1a: Manaphy|Ice Beam|p2a: Araquanid
|-resisted|p2a: Araquanid
|-damage|p2a: Araquanid|8/100
|move|p2a: Araquanid|Leech Life|p1a: Manaphy
|-supereffective|p1a: Manaphy
|-damage|p1a: Manaphy|0 fnt
|-heal|p2a: Araquanid|28/100|[from] drain|[of] p1a: Manaphy
|faint|p1a: Manaphy
|
|-weather|RainDance|[upkeep]
|upkeep
|
|t:|1769444313
|switch|p1a: Ogerpon|Ogerpon, F|100/100
|turn|6
|
|t:|1769444320
|move|p1a: Ogerpon|Ivy Cudgel|p2a: Araquanid
|-damage|p2a: Araquanid|0 fnt
|faint|p2a: Araquanid
|
|-weather|RainDance|[upkeep]
|upkeep
|
|t:|1769444323
|switch|p2a: Glimmora|Glimmora, M, shiny|100/100
|-damage|p2a: Glimmora|88/100|[from] Stealth Rock
|turn|7
|
|t:|1769444339
|switch|p1a: Scizor|Scizor, M|100/100
|move|p2a: Glimmora|Mortal Spin|p1a: Scizor
|-immune|p1a: Scizor
|
|-weather|RainDance|[upkeep]
|upkeep
|turn|8
|
|t:|1769444349
|move|p2a: Glimmora|Meteor Beam||[still]
|-prepare|p2a: Glimmora|Meteor Beam
|-boost|p2a: Glimmora|spa|1
|-enditem|p2a: Glimmora|Power Herb
|-anim|p2a: Glimmora|Meteor Beam|p1a: Scizor
|-damage|p1a: Scizor|0 fnt
|faint|p1a: Scizor
|
|-weather|none
|upkeep
|
|t:|1769444360
|switch|p1a: Iron Jugulis|Iron Jugulis|100/100
|-enditem|p1a: Iron Jugulis|Booster Energy
|-activate|p1a: Iron Jugulis|ability: Quark Drive|[fromitem]
|-start|p1a: Iron Jugulis|quarkdrivespe
|turn|9
|
|t:|1769444368
|-terastallize|p2a: Glimmora|Flying
|move|p1a: Iron Jugulis|Earth Power|p2a: Glimmora
|-immune|p2a: Glimmora
|move|p2a: Glimmora|Mortal Spin|p1a: Iron Jugulis
|-damage|p1a: Iron Jugulis|94/100
|-status|p1a: Iron Jugulis|psn
|-sideend|p2: Aheter|Stealth Rock|[from] move: Mortal Spin|[of] p2a: Glimmora
|
|-damage|p1a: Iron Jugulis|81/100 psn|[from] psn
|upkeep
|turn|10
|
|t:|1769444382
|move|p1a: Iron Jugulis|Dark Pulse|p2a: Glimmora
|-damage|p2a: Glimmora|30/100
|move|p2a: Glimmora|Sludge Wave|p1a: Iron Jugulis
|-damage|p1a: Iron Jugulis|0 fnt
|faint|p1a: Iron Jugulis
|-end|p1a: Iron Jugulis|Quark Drive|[silent]
|
|upkeep
|
|t:|1769444391
|switch|p1a: Ogerpon|Ogerpon, F|100/100
|turn|11
|
|t:|1769444396
|move|p1a: Ogerpon|Rock Tomb|p2a: Glimmora
|-supereffective|p2a: Glimmora
|-damage|p2a: Glimmora|0 fnt
|-activate|p2a: Glimmora|ability: Toxic Debris
|-sidestart|p1: FyaSep|move: Toxic Spikes
|faint|p2a: Glimmora
|
|upkeep
|inactive|Aheter has 120 seconds left.
|
|t:|1769444430
|switch|p2a: Delphox|Delphox, F, shiny|100/100
|turn|12
|
|t:|1769444437
|move|p1a: Ogerpon|Rock Tomb|p2a: Delphox
|-supereffective|p2a: Delphox
|-damage|p2a: Delphox|48/100
|-unboost|p2a: Delphox|spe|1
|-enditem|p2a: Delphox|Kee Berry|[eat]
|-boost|p2a: Delphox|def|1|[from] item: Kee Berry
|-enditem|p1a: Ogerpon|Mirror Herb
|-boost|p1a: Ogerpon|def|1|[from] item: Mirror Herb
|move|p2a: Delphox|Agility|p2a: Delphox
|-boost|p2a: Delphox|spe|2
|
|upkeep
|turn|13
|inactive|Aheter has 120 seconds left.
|
|t:|1769444465
|move|p2a: Delphox|Mystical Fire|p1a: Ogerpon
|-supereffective|p1a: Ogerpon
|-damage|p1a: Ogerpon|35/100
|-unboost|p1a: Ogerpon|spa|1
|-ability|p1a: Ogerpon|Defiant|boost
|-boost|p1a: Ogerpon|atk|2
|move|p1a: Ogerpon|Encore|p2a: Delphox
|-start|p2a: Delphox|Encore
|
|upkeep
|turn|14
|
|t:|1769444478
|switch|p1a: Latios|Latios, M|100/100
|move|p2a: Delphox|Mystical Fire|p1a: Latios
|-resisted|p1a: Latios
|-damage|p1a: Latios|87/100
|-unboost|p1a: Latios|spa|1
|-item|p2a: Delphox|Weakness Policy|[from] ability: Magician|[of] p1a: Latios
|
|upkeep
|turn|15
|
|t:|1769444488
|move|p2a: Delphox|Mystical Fire|p1a: Latios
|-resisted|p1a: Latios
|-crit|p1a: Latios
|-damage|p1a: Latios|67/100
|-unboost|p1a: Latios|spa|1
|move|p1a: Latios|Calm Mind|p1a: Latios
|-boost|p1a: Latios|spa|1
|-boost|p1a: Latios|spd|1
|
|upkeep
|turn|16
|inactive|FyaSep has 120 seconds left.
|
|t:|1769444515
|move|p2a: Delphox|Mystical Fire|p1a: Latios
|-resisted|p1a: Latios
|-damage|p1a: Latios|58/100
|-unboost|p1a: Latios|spa|1
|move|p1a: Latios|Calm Mind|p1a: Latios
|-boost|p1a: Latios|spa|1
|-boost|p1a: Latios|spd|1
|
|-end|p2a: Delphox|Encore
|upkeep
|turn|17
|inactive|FyaSep has 120 seconds left.
|
|t:|1769444533
|move|p2a: Delphox|Calm Mind|p2a: Delphox
|-boost|p2a: Delphox|spa|1
|-boost|p2a: Delphox|spd|1
|move|p1a: Latios|Aura Sphere|p2a: Delphox
|-resisted|p2a: Delphox
|-damage|p2a: Delphox|44/100
|
|upkeep
|turn|18
|-message|FyaSep forfeited.
|
|win|Aheter
|raw|FyaSep's rating: 1236 &rarr; <strong>1210</strong><br />(-26 for losing)
|raw|Aheter's rating: 1228 &rarr; <strong>1254</strong><br />(+26 for winning)
|l|☆Aheter
|player|p2|
