|j|☆banggsss
|j|☆ghvyb
|t:|1769411609
|gametype|singles
|player|p1|banggsss|101|1104
|player|p2|ghvyb|proton|1100
|gen|9
|tier|[Gen 9] OU
|rated|
|rule|HP Percentage Mod: HP is shown in percentages
|rule|Endless Battle Clause: Forcing endless battles is banned
|rule|Species Clause: Limit one of each Pokémon
|rule|OHKO Clause: OHKO moves are banned
|rule|Evasion Items Clause: Evasion items are banned
|rule|Evasion Moves Clause: Evasion moves are banned
|rule|Evasion Abilities Clause: Evasion abilities are banned
|rule|Sleep Moves Clause: Sleep-inducing moves are banned
|clearpoke
|poke|p1|Gholdengo|
|poke|p1|Dragonite, F|
|poke|p1|Iron Treads|
|poke|p1|Ogerpon-Wellspring, F|
|poke|p1|Ting-Lu|
|poke|p1|Zamazenta-*|
|poke|p2|Zamazenta-*|
|poke|p2|Corviknight, M|
|poke|p2|Darkrai|
|poke|p2|Garchomp, F|
|poke|p2|Keldeo|
|poke|p2|Greninja-*, M|
|teampreview
|
|t:|1769411635
|teamsize|p1|6
|teamsize|p2|6
|start
|switch|p1a: Ting-Lu|Ting-Lu|100/100
|switch|p2a: Keldeo|Keldeo|100/100
|-ability|p1a: Ting-Lu|Vessel of Ruin
|turn|1
|
|t:|1769411658
|switch|p1a: Dragonite|Dragonite, F|100/100
|move|p2a: Keldeo|Swords Dance|p2a: Keldeo
|-boost|p2a: Keldeo|atk|2
|
|upkeep
|turn|2
|
|t:|1769411668
|move|p2a: Keldeo|Sacred Sword|p1a: Dragonite
|-resisted|p1a: Dragonite
|-damage|p1a: Dragonite|83/100
|-damage|p2a: Keldeo|91/100|[from] item: Life Orb
|move|p1a: Dragonite|Dragon Dance|p1a: Dragonite
|-boost|p1a: Dragonite|atk|1
|-boost|p1a: Dragonite|spe|1
|
|upkeep
|turn|3
|
|t:|1769411676
|move|p1a: Dragonite|Dragon Dance|p1a: Dragonite
|-boost|p1a: Dragonite|atk|1
|-boost|p1a: Dragonite|spe|1
|move|p2a: Keldeo|Poison Jab|p1a: Dragonite
|-damage|p1a: Dragonite|39/100
|-damage|p2a: Keldeo|81/100|[from] item: Life Orb
|
|upkeep
|turn|4
|
|t:|1769411683
|move|p1a: Dragonite|Roost|p1a: Dragonite
|-heal|p1a: Dragonite|90/100
|-singleturn|p1a: Dragonite|move: Roost
|move|p2a: Keldeo|Poison Jab|p1a: Dragonite
|-damage|p1a: Dragonite|46/100
|-status|p1a: Dragonite|psn
|-damage|p2a: Keldeo|71/100|[from] item: Life Orb
|
|-damage|p1a: Dragonite|33/100 psn|[from] psn
|upkeep
|turn|5
|
|t:|1769411693
|move|p1a: Dragonite|Roost|p1a: Dragonite
|-heal|p1a: Dragonite|84/100 psn
|-singleturn|p1a: Dragonite|move: Roost
|move|p2a: Keldeo|Poison Jab|p1a: Dragonite
|-damage|p1a: Dragonite|42/100 psn
|-damage|p2a: Keldeo|61/100|[from] item: Life Orb
|
|-damage|p1a: Dragonite|29/100 psn|[from] psn
|upkeep
|turn|6
|
|t:|1769411702
|move|p1a: Dragonite|Roost|p1a: Dragonite
|-heal|p1a: Dragonite|79/100 psn
|-singleturn|p1a: Dragonite|move: Roost
|move|p2a: Keldeo|Poison Jab|p1a: Dragonite
|-damage|p1a: Dragonite|38/100 psn
|-damage|p2a: Keldeo|51/100|[from] item: Life Orb
|
|-damage|p1a: Dragonite|25/100 psn|[from] psn
|upkeep
|turn|7
|
|t:|1769411711
|move|p1a: Dragonite|Roost|p1a: Dragonite
|-heal|p1a: Dragonite|76/100 psn
|-singleturn|p1a: Dragonite|move: Roost
|move|p2a: Keldeo|Poison Jab|p1a: Dragonite
|-damage|p1a: Dragonite|31/100 psn
|-damage|p2a: Keldeo|41/100|[from] item: Life Orb
|
|-damage|p1a: Dragonite|19/100 psn|[from] psn
|upkeep
|turn|8
|
|t:|1769411720
|move|p1a: Dragonite|Dragon Claw|p2a: Keldeo
|-damage|p2a: Keldeo|0 fnt
|faint|p2a: Keldeo
|
|-damage|p1a: Dragonite|6/100 psn|[from] psn
|upkeep
|
|t:|1769411727
|switch|p2a: Greninja|Greninja, M|100/100
|turn|9
|
|t:|1769411735
|move|p2a: Greninja|Shadow Sneak|p1a: Dragonite
|-damage|p1a: Dragonite|0 fnt
|faint|p1a: Dragonite
|-ability|p2a: Greninja|Battle Bond|boost
|-boost|p2a: Greninja|atk|1
|-boost|p2a: Greninja|spa|1
|-boost|p2a: Greninja|spe|1
|-activate|p2a: Greninja|ability: Battle Bond
|-damage|p2a: Greninja|91/100|[from] item: Life Orb
|
|upkeep
|
|t:|1769411743
|switch|p1a: Zamazenta|Zamazenta, shiny|100/100
|-ability|p1a: Zamazenta|Dauntless Shield|boost
|-boost|p1a: Zamazenta|def|1
|turn|10
|
|t:|1769411753
|-terastallize|p2a: Greninja|Ghost
|move|p2a: Greninja|Waterfall|p1a: Zamazenta
|-damage|p1a: Zamazenta|70/100
|-damage|p2a: Greninja|81/100|[from] item: Life Orb
|move|p1a: Zamazenta|Body Press|p2a: Greninja
|-immune|p2a: Greninja
|
|-heal|p1a: Zamazenta|76/100|[from] item: Leftovers
|upkeep
|turn|11
|
|t:|1769411802
|move|p2a: Greninja|Waterfall|p1a: Zamazenta
|-damage|p1a: Zamazenta|47/100
|-damage|p2a: Greninja|71/100|[from] item: Life Orb
|move|p1a: Zamazenta|Iron Defense|p1a: Zamazenta
|-boost|p1a: Zamazenta|def|2
|
|-heal|p1a: Zamazenta|53/100|[from] item: Leftovers
|upkeep
|turn|12
|
|t:|1769411816
|move|p2a: Greninja|Waterfall|p1a: Zamazenta
|-damage|p1a: Zamazenta|37/100
|-damage|p2a: Greninja|61/100|[from] item: Life Orb
|move|p1a: Zamazenta|Crunch|p2a: Greninja
|-supereffective|p2a: Greninja
|-damage|p2a: Greninja|0 fnt
|faint|p2a: Greninja
|
|-heal|p1a: Zamazenta|43/100|[from] item: Leftovers
|upkeep
|
|t:|1769411821
|switch|p2a: Zamazenta|Zamazenta|100/100
|-ability|p2a: Zamazenta|Dauntless Shield|boost
|-boost|p2a: Zamazenta|def|1
|turn|13
|
|t:|1769411830
|move|p2a: Zamazenta|Moonblast|p1a: Zamazenta
|-supereffective|p1a: Zamazenta
|-damage|p1a: Zamazenta|0 fnt
|faint|p1a: Zamazenta
|
|upkeep
|
|t:|1769411838
|switch|p1a: Gholdengo|Gholdengo, shiny|100/100
|turn|14
|
|t:|1769411857
|switch|p2a: Corviknight|Corviknight, M|100/100
|move|p1a: Gholdengo|Shadow Ball|p2a: Corviknight
|-damage|p2a: Corviknight|58/100
|
|-heal|p2a: Corviknight|65/100|[from] item: Leftovers
|upkeep
|turn|15
|
|t:|1769411868
|move|p1a: Gholdengo|Shadow Ball|p2a: Corviknight
|-damage|p2a: Corviknight|23/100
|-ability|p2a: Corviknight|Mirror Armor
|-unboost|p1a: Gholdengo|spd|1
|move|p2a: Corviknight|Roost|p2a: Corviknight
|-heal|p2a: Corviknight|73/100
|-singleturn|p2a: Corviknight|move: Roost
|
|-heal|p2a: Corviknight|80/100|[from] item: Leftovers
|upkeep
|turn|16
|
|t:|1769411891
|switch|p1a: Ogerpon|Ogerpon-Wellspring, F|100/100
|switch|p2a: Darkrai|Darkrai|100/100
|
|upkeep
|turn|17
|
|t:|1769411899
|move|p2a: Darkrai|Poison Jab|p1a: Ogerpon
|-supereffective|p1a: Ogerpon
|-damage|p1a: Ogerpon|17/100
|-status|p1a: Ogerpon|psn
|move|p1a: Ogerpon|Play Rough|p2a: Darkrai
|-supereffective|p2a: Darkrai
|-damage|p2a: Darkrai|4/100
|
|-damage|p1a: Ogerpon|4/100 psn|[from] psn
|upkeep
|turn|18
|
|t:|1769411920
|switch|p2a: Corviknight|Corviknight, M|80/100
|switch|p1a: Gholdengo|Gholdengo, shiny|100/100
|
|-heal|p2a: Corviknight|86/100|[from] item: Leftovers
|upkeep
|turn|19
|
|t:|1769411941
|switch|p2a: Garchomp|Garchomp, F|100/100
|move|p1a: Gholdengo|Trick|p2a: Garchomp
|-activate|p1a: Gholdengo|move: Trick|[of] p2a: Garchomp
|-item|p2a: Garchomp|Choice Scarf|[from] move: Trick
|-item|p1a: Gholdengo|Life Orb|[from] move: Trick
|
|upkeep
|turn|20
|
|t:|1769411963
|switch|p1a: Ting-Lu|Ting-Lu|100/100
|-ability|p1a: Ting-Lu|Vessel of Ruin
|move|p2a: Garchomp|Earth Power|p1a: Ting-Lu
|-damage|p1a: Ting-Lu|83/100
|-enditem|p1a: Ting-Lu|Red Card|[of] p2a: Garchomp
|drag|p2a: Zamazenta|Zamazenta|100/100
|
|upkeep
|turn|21
|
|t:|1769411978
|move|p2a: Zamazenta|Focus Blast|p1a: Ting-Lu
|-supereffective|p1a: Ting-Lu
|-damage|p1a: Ting-Lu|10/100
|move|p1a: Ting-Lu|Stealth Rock|p2a: Zamazenta
|-sidestart|p2: ghvyb|move: Stealth Rock
|
|upkeep
|turn|22
|
|t:|1769411998
|move|p2a: Zamazenta|Focus Blast|p1a: Ting-Lu|[miss]
|-miss|p2a: Zamazenta|p1a: Ting-Lu
|move|p1a: Ting-Lu|Ruination|p2a: Zamazenta
|-damage|p2a: Zamazenta|51/100
|
|upkeep
|turn|23
|
|t:|1769412008
|move|p2a: Zamazenta|Focus Blast|p1a: Ting-Lu|[miss]
|-miss|p2a: Zamazenta|p1a: Ting-Lu
|move|p1a: Ting-Lu|Ruination|p2a: Zamazenta
|-damage|p2a: Zamazenta|26/100
|
|upkeep
|turn|24
|
|t:|1769412018
|move|p2a: Zamazenta|Focus Blast|p1a: Ting-Lu
|-supereffective|p1a: Ting-Lu
|-damage|p1a: Ting-Lu|0 fnt
|faint|p1a: Ting-Lu
|
|upkeep
|
|t:|1769412035
|switch|p1a: Ogerpon|Ogerpon-Wellspring, F|4/100 psn
|turn|25
|
|t:|1769412039
|switch|p2a: Darkrai|Darkrai|4/100
|-damage|p2a: Darkrai|0 fnt|[from] Stealth Rock
|faint|p2a: Darkrai
|move|p1a: Ogerpon|Play Rough|p2: Darkrai|[notarget]
|-fail|p1a: Ogerpon
|
|-damage|p1a: Ogerpon|0 fnt|[from] psn
|faint|p1a: Ogerpon
|upkeep
|
|t:|1769412058
|switch|p2a: Corviknight|Corviknight, M|86/100
|switch|p1a: Iron Treads|Iron Treads|100/100
|-damage|p2a: Corviknight|73/100|[from] Stealth Rock
|-enditem|p1a: Iron Treads|Booster Energy
|-activate|p1a: Iron Treads|ability: Quark Drive|[fromitem]
|-start|p1a: Iron Treads|quarkdriveatk
|turn|26
|
|t:|1769412070
|move|p1a: Iron Treads|Knock Off|p2a: Corviknight
|-damage|p2a: Corviknight|51/100
|-enditem|p2a: Corviknight|Leftovers|[from] move: Knock Off|[of] p1a: Iron Treads
|move|p2a: Corviknight|Roost|p2a: Corviknight
|-heal|p2a: Corviknight|100/100
|-singleturn|p2a: Corviknight|move: Roost
|
|upkeep
|turn|27
|
|t:|1769412077
|move|p1a: Iron Treads|Earthquake|p2a: Corviknight
|-immune|p2a: Corviknight
|move|p2a: Corviknight|Defog|p1a: Iron Treads
|-unboost|p1a: Iron Treads|evasion|1
|-sideend|p2: ghvyb|Stealth Rock|[from] move: Defog|[of] p2a: Corviknight
|
|upkeep
|turn|28
|
|t:|1769412085
|move|p1a: Iron Treads|Ice Spinner|p2a: Corviknight
|-damage|p2a: Corviknight|82/100
|move|p2a: Corviknight|Nasty Plot|p2a: Corviknight
|-boost|p2a: Corviknight|spa|2
|
|upkeep
|turn|29
|
|t:|1769412105
|move|p1a: Iron Treads|Ice Spinner|p2a: Corviknight
|-damage|p2a: Corviknight|64/100
|move|p2a: Corviknight|Nasty Plot|p2a: Corviknight
|-boost|p2a: Corviknight|spa|2
|
|upkeep
|turn|30
|
|t:|1769412111
|move|p1a: Iron Treads|Ice Spinner|p2a: Corviknight
|-damage|p2a: Corviknight|45/100
|move|p2a: Corviknight|Nasty Plot|p2a: Corviknight
|-boost|p2a: Corviknight|spa|2
|
|upkeep
|turn|31
|
|t:|1769412125
|move|p1a: Iron Treads|Ice Spinner|p2a: Corviknight
|-crit|p2a: Corviknight
|-damage|p2a: Corviknight|18/100
|move|p2a: Corviknight|Roost|p2a: Corviknight
|-heal|p2a: Corviknight|68/100
|-singleturn|p2a: Corviknight|move: Roost
|
|upkeep
|turn|32
|
|t:|1769412131
|move|p1a: Iron Treads|Ice Spinner|p2a: Corviknight
|-damage|p2a: Corviknight|49/100
|move|p2a: Corviknight|Roost|p2a: Corviknight
|-heal|p2a: Corviknight|99/100
|-singleturn|p2a: Corviknight|move: Roost
|
|upkeep
|turn|33
|
|t:|1769412139
|move|p1a: Iron Treads|Earthquake|p2a: Corviknight
|-immune|p2a: Corviknight
|move|p2a: Corviknight|Air Slash|p1a: Iron Treads
|-resisted|p1a: Iron Treads
|-damage|p1a: Iron Treads|66/100
|
|upkeep
|turn|34
|
|t:|1769412144
|move|p1a: Iron Treads|Ice Spinner|p2a: Corviknight
|-damage|p2a: Corviknight|79/100
|move|p2a: Corviknight|Air Slash|p1a: Iron Treads
|-resisted|p1a: Iron Treads
|-crit|p1a: Iron Treads
|-damage|p1a: Iron Treads|10/100
|
|upkeep
|turn|35
|
|t:|1769412151
|move|p1a: Iron Treads|Ice Spinner|p2a: Corviknight
|-damage|p2a: Corviknight|59/100
|move|p2a: Corviknight|Air Slash|p1a: Iron Treads
|-resisted|p1a: Iron Treads
|-damage|p1a: Iron Treads|0 fnt
|faint|p1a: Iron Treads
|-end|p1a: Iron Treads|Quark Drive|[silent]
|
|upkeep
|
|t:|1769412157
|switch|p1a: Gholdengo|Gholdengo, shiny|100/100
|turn|36
|
|t:|1769412162
|move|p1a: Gholdengo|Shadow Ball|p2a: Corviknight
|-damage|p2a: Corviknight|5/100
|-damage|p1a: Gholdengo|91/100|[from] item: Life Orb
|move|p2a: Corviknight|Air Slash|p1a: Gholdengo|[miss]
|-miss|p2a: Corviknight|p1a: Gholdengo
|
|upkeep
|turn|37
|
|t:|1769412178
|move|p1a: Gholdengo|Shadow Ball|p2a: Corviknight
|-damage|p2a: Corviknight|0 fnt
|faint|p2a: Corviknight
|-damage|p1a: Gholdengo|81/100|[from] item: Life Orb
|
|upkeep
|
|t:|1769412186
|switch|p2a: Garchomp|Garchomp, F|100/100
|turn|38
|
|t:|1769412202
|switch|p2a: Zamazenta|Zamazenta|26/100
|move|p1a: Gholdengo|Shadow Ball|p2a: Zamazenta
|-damage|p2a: Zamazenta|0 fnt
|faint|p2a: Zamazenta
|-damage|p1a: Gholdengo|71/100|[from] item: Life Orb
|
|upkeep
|
|t:|1769412205
|switch|p2a: Garchomp|Garchomp, F|100/100
|turn|39
|
|t:|1769412215
|move|p2a: Garchomp|Earth Power|p1a: Gholdengo
|-supereffective|p1a: Gholdengo
|-damage|p1a: Gholdengo|0 fnt
|faint|p1a: Gholdengo
|
|win|ghvyb
|raw|banggsss's rating: 1104 &rarr; <strong>1079</strong><br />(-25 for losing)
|raw|ghvyb's rating: 1100 &rarr; <strong>1125</strong><br />(+25 for winning)
|l|☆ghvyb
|player|p2|
|l|☆banggsss
|player|p1|
