|j|☆hjjjjhb
|j|☆GeneSoTUff
|t:|1769326756
|gametype|singles
|player|p1|hjjjjhb|dawn|1093
|player|p2|GeneSoTUff|102|1076
|gen|9
|tier|[Gen 9] OU
|rated|
|rule|HP Percentage Mod: HP is shown in percentages
|rule|Endless Battle Clause: Forcing endless battles is banned
|rule|Species Clause: Limit one of each Pokémon
|rule|OHKO Clause: OHKO moves are banned
|rule|Evasion Items Clause: Evasion items are banned
|rule|Evasion Moves Clause: Evasion moves are banned
|rule|Evasion Abilities Clause: Evasion abilities are banned
|rule|Sleep Moves Clause: Sleep-inducing moves are banned
|clearpoke
|poke|p1|Glimmora, F|
|poke|p1|Dragapult, M|
|poke|p1|Whimsicott, F|
|poke|p1|Iron Moth|
|poke|p1|Iron Valiant|
|poke|p1|Cinderace, M|
|poke|p2|Ceruledge, M|
|poke|p2|Gliscor, F|
|poke|p2|Primarina, F|
|poke|p2|Mamoswine, M|
|poke|p2|Kingambit, M|
|poke|p2|Raichu, M|
|teampreview
|
|t:|1769326769
|teamsize|p1|6
|teamsize|p2|6
|start
|switch|p1a: Glimmora|Glimmora, F|100/100
|switch|p2a: Gliscor|Gliscor, F|100/100
|turn|1
|
|t:|1769326778
|move|p1a: Glimmora|Stealth Rock|p2a: Gliscor
|-sidestart|p2: GeneSoTUff|move: Stealth Rock
|move|p2a: Gliscor|Earthquake|p1a: Glimmora
|-supereffective|p1a: Glimmora
|-enditem|p1a: Glimmora|Focus Sash
|-damage|p1a: Glimmora|1/100
|-activate|p1a: Glimmora|ability: Toxic Debris
|-sidestart|p2: GeneSoTUff|move: Toxic Spikes
|
|-status|p2a: Gliscor|tox|[from] item: Toxic Orb
|upkeep
|turn|2
|
|t:|1769326792
|move|p1a: Glimmora|Memento|p2a: Gliscor
|-unboost|p2a: Gliscor|atk|2
|-unboost|p2a: Gliscor|spa|2
|faint|p1a: Glimmora
|move|p2a: Gliscor|Earthquake|p1: Glimmora|[notarget]
|-fail|p2a: Gliscor
|
|upkeep
|
|t:|1769326801
|switch|p1a: Iron Valiant|Iron Valiant|100/100
|-enditem|p1a: Iron Valiant|Booster Energy
|-activate|p1a: Iron Valiant|ability: Quark Drive|[fromitem]
|-start|p1a: Iron Valiant|quarkdriveatk
|turn|3
|
|t:|1769326809
|move|p1a: Iron Valiant|Ice Punch|p2a: Gliscor
|-supereffective|p2a: Gliscor
|-damage|p2a: Gliscor|0 fnt
|faint|p2a: Gliscor
|
|upkeep
|
|t:|1769326816
|switch|p2a: pichairu|Raichu, M|100/100
|-damage|p2a: pichairu|88/100|[from] Stealth Rock
|-item|p2a: pichairu|Air Balloon
|turn|4
|
|t:|1769326824
|move|p2a: pichairu|Fake Out|p1a: Iron Valiant
|-damage|p1a: Iron Valiant|89/100
|cant|p1a: Iron Valiant|flinch
|
|upkeep
|turn|5
|
|t:|1769326830
|move|p1a: Iron Valiant|Close Combat|p2a: pichairu
|-damage|p2a: pichairu|0 fnt
|-unboost|p1a: Iron Valiant|def|1
|-unboost|p1a: Iron Valiant|spd|1
|-enditem|p2a: pichairu|Air Balloon
|faint|p2a: pichairu
|
|upkeep
|
|t:|1769326846
|switch|p2a: My favorite|Ceruledge, M|100/100
|-damage|p2a: My favorite|75/100|[from] Stealth Rock
|-status|p2a: My favorite|psn
|turn|6
|
|t:|1769326860
|move|p1a: Iron Valiant|Moonblast|p2a: My favorite
|-resisted|p2a: My favorite
|-damage|p2a: My favorite|50/100 psn
|-unboost|p2a: My favorite|spa|1
|move|p2a: My favorite|Bitter Blade|p1a: Iron Valiant
|-damage|p1a: Iron Valiant|0 fnt
|-heal|p2a: My favorite|94/100 psn|[from] drain|[of] p1a: Iron Valiant
|faint|p1a: Iron Valiant
|-end|p1a: Iron Valiant|Quark Drive|[silent]
|-damage|p2a: My favorite|84/100 psn|[from] item: Life Orb
|
|-damage|p2a: My favorite|72/100 psn|[from] psn
|upkeep
|
|t:|1769326875
|switch|p1a: Dragapult|Dragapult, M|100/100
|turn|7
|
|t:|1769326881
|-terastallize|p2a: My favorite|Electric
|move|p1a: Dragapult|Shadow Ball|p2a: My favorite
|-damage|p2a: My favorite|7/100 psn
|-unboost|p2a: My favorite|spd|1
|move|p2a: My favorite|Swords Dance|p2a: My favorite
|-boost|p2a: My favorite|atk|2
|
|-damage|p2a: My favorite|0 fnt|[from] psn
|faint|p2a: My favorite
|upkeep
|
|t:|1769326891
|switch|p2a: Slay Gurll|Primarina, F|100/100
|-damage|p2a: Slay Gurll|88/100|[from] Stealth Rock
|-status|p2a: Slay Gurll|psn
|turn|8
|
|t:|1769326907
|switch|p1a: Whimsicott|Whimsicott, F|100/100
|move|p2a: Slay Gurll|Alluring Voice|p1a: Whimsicott
|-damage|p1a: Whimsicott|50/100
|
|-heal|p1a: Whimsicott|56/100|[from] item: Leftovers
|-damage|p2a: Slay Gurll|76/100 psn|[from] psn
|upkeep
|turn|9
|
|t:|1769326920
|move|p1a: Whimsicott|Protect|p1a: Whimsicott
|-singleturn|p1a: Whimsicott|Protect
|move|p2a: Slay Gurll|Ice Beam|p1a: Whimsicott
|-activate|p1a: Whimsicott|move: Protect
|
|-heal|p1a: Whimsicott|62/100|[from] item: Leftovers
|-damage|p2a: Slay Gurll|64/100 psn|[from] psn
|upkeep
|turn|10
|
|t:|1769326945
|switch|p1a: Iron Moth|Iron Moth|100/100
|-enditem|p1a: Iron Moth|Booster Energy
|-activate|p1a: Iron Moth|ability: Quark Drive|[fromitem]
|-start|p1a: Iron Moth|quarkdrivespa
|move|p2a: Slay Gurll|Ice Beam|p1a: Iron Moth
|-resisted|p1a: Iron Moth
|-damage|p1a: Iron Moth|85/100
|
|-damage|p2a: Slay Gurll|51/100 psn|[from] psn
|upkeep
|turn|11
|
|t:|1769326962
|move|p2a: Slay Gurll|Aqua Jet|p1a: Iron Moth
|-supereffective|p1a: Iron Moth
|-damage|p1a: Iron Moth|39/100
|move|p1a: Iron Moth|Sludge Wave|p2a: Slay Gurll
|-supereffective|p2a: Slay Gurll
|-damage|p2a: Slay Gurll|0 fnt
|faint|p2a: Slay Gurll
|
|upkeep
|
|t:|1769326970
|switch|p2a: Pseudo deleter|Mamoswine, M|100/100
|-damage|p2a: Pseudo deleter|88/100|[from] Stealth Rock
|-status|p2a: Pseudo deleter|psn
|turn|12
|
|t:|1769326982
|-terastallize|p1a: Iron Moth|Fire
|move|p1a: Iron Moth|Fire Blast|p2a: Pseudo deleter
|-supereffective|p2a: Pseudo deleter
|-damage|p2a: Pseudo deleter|0 fnt
|faint|p2a: Pseudo deleter
|
|upkeep
|
|t:|1769326993
|switch|p2a: Last Hope|Kingambit, M, shiny|100/100
|-damage|p2a: Last Hope|94/100|[from] Stealth Rock
|-activate|p2a: Last Hope|ability: Supreme Overlord
|-start|p2a: Last Hope|fallen5|[silent]
|turn|13
|
|t:|1769327005
|-end|p1a: Iron Moth|Quark Drive|[silent]
|switch|p1a: Whimsicott|Whimsicott, F|62/100
|move|p2a: Last Hope|Swords Dance|p2a: Last Hope
|-boost|p2a: Last Hope|atk|2
|
|-heal|p1a: Whimsicott|68/100|[from] item: Leftovers
|upkeep
|turn|14
|
|t:|1769327019
|switch|p1a: Iron Moth|Iron Moth, tera:Fire|39/100
|move|p2a: Last Hope|Protect||[still]
|-fail|p2a: Last Hope
|
|upkeep
|turn|15
|
|t:|1769327032
|move|p2a: Last Hope|Sucker Punch|p1a: Iron Moth
|-damage|p1a: Iron Moth|0 fnt
|faint|p1a: Iron Moth
|-end|p1a: Iron Moth|Quark Drive|[silent]
|
|upkeep
|
|t:|1769327043
|switch|p1a: Dragapult|Dragapult, M|100/100
|turn|16
|
|t:|1769327056
|switch|p1a: Cinderace|Cinderace, M|100/100
|move|p2a: Last Hope|Protect||[still]
|-fail|p2a: Last Hope
|
|upkeep
|turn|17
|
|t:|1769327067
|move|p2a: Last Hope|Sucker Punch||[still]
|-fail|p2a: Last Hope
|move|p1a: Cinderace|Court Change|p1a: Cinderace
|-start|p1a: Cinderace|typechange|Normal|[from] ability: Libero
|-swapsideconditions
|-activate|p1a: Cinderace|move: Court Change
|
|upkeep
|turn|18
|
|t:|1769327077
|move|p2a: Last Hope|Sucker Punch||[still]
|-fail|p2a: Last Hope
|move|p1a: Cinderace|Court Change|p1a: Cinderace
|-swapsideconditions
|-activate|p1a: Cinderace|move: Court Change
|
|upkeep
|turn|19
|
|t:|1769327084
|move|p2a: Last Hope|Sucker Punch|p1a: Cinderace
|-damage|p1a: Cinderace|0 fnt
|faint|p1a: Cinderace
|
|upkeep
|
|t:|1769327090
|switch|p1a: Dragapult|Dragapult, M|100/100
|turn|20
|
|t:|1769327098
|switch|p1a: Whimsicott|Whimsicott, F|68/100
|move|p2a: Last Hope|Protect||[still]
|-fail|p2a: Last Hope
|
|-heal|p1a: Whimsicott|74/100|[from] item: Leftovers
|upkeep
|turn|21
|
|t:|1769327113
|move|p1a: Whimsicott|Protect|p1a: Whimsicott
|-singleturn|p1a: Whimsicott|Protect
|move|p2a: Last Hope|Swords Dance|p2a: Last Hope
|-boost|p2a: Last Hope|atk|2
|
|-heal|p1a: Whimsicott|81/100|[from] item: Leftovers
|upkeep
|turn|22
|
|t:|1769327126
|move|p1a: Whimsicott|Substitute|p1a: Whimsicott
|-start|p1a: Whimsicott|Substitute
|-damage|p1a: Whimsicott|56/100
|move|p2a: Last Hope|Sucker Punch||[still]
|-fail|p2a: Last Hope
|
|-heal|p1a: Whimsicott|62/100|[from] item: Leftovers
|upkeep
|turn|23
|
|t:|1769327134
|move|p1a: Whimsicott|Protect|p1a: Whimsicott
|-singleturn|p1a: Whimsicott|Protect
|move|p2a: Last Hope|Poison Jab|p1a: Whimsicott
|-activate|p1a: Whimsicott|move: Protect
|
|-heal|p1a: Whimsicott|68/100|[from] item: Leftovers
|upkeep
|turn|24
|
|t:|1769327145
|move|p1a: Whimsicott|Protect||[still]
|-fail|p1a: Whimsicott
|move|p2a: Last Hope|Poison Jab|p1a: Whimsicott
|-supereffective|p1a: Whimsicott
|-end|p1a: Whimsicott|Substitute
|
|-heal|p1a: Whimsicott|74/100|[from] item: Leftovers
|upkeep
|turn|25
|
|t:|1769327154
|move|p1a: Whimsicott|Protect|p1a: Whimsicott
|-singleturn|p1a: Whimsicott|Protect
|move|p2a: Last Hope|Poison Jab|p1a: Whimsicott
|-activate|p1a: Whimsicott|move: Protect
|
|-heal|p1a: Whimsicott|80/100|[from] item: Leftovers
|upkeep
|turn|26
|
|t:|1769327164
|move|p1a: Whimsicott|Substitute|p1a: Whimsicott
|-start|p1a: Whimsicott|Substitute
|-damage|p1a: Whimsicott|55/100
|move|p2a: Last Hope|Poison Jab|p1a: Whimsicott
|-supereffective|p1a: Whimsicott
|-end|p1a: Whimsicott|Substitute
|
|-heal|p1a: Whimsicott|61/100|[from] item: Leftovers
|upkeep
|turn|27
|
|t:|1769327174
|move|p1a: Whimsicott|Protect|p1a: Whimsicott
|-singleturn|p1a: Whimsicott|Protect
|move|p2a: Last Hope|Poison Jab|p1a: Whimsicott
|-activate|p1a: Whimsicott|move: Protect
|
|-heal|p1a: Whimsicott|68/100|[from] item: Leftovers
|upkeep
|turn|28
|
|t:|1769327186
|move|p1a: Whimsicott|Substitute|p1a: Whimsicott
|-start|p1a: Whimsicott|Substitute
|-damage|p1a: Whimsicott|43/100
|move|p2a: Last Hope|Poison Jab|p1a: Whimsicott
|-supereffective|p1a: Whimsicott
|-end|p1a: Whimsicott|Substitute
|
|-heal|p1a: Whimsicott|49/100|[from] item: Leftovers
|upkeep
|turn|29
|
|t:|1769327196
|move|p1a: Whimsicott|Protect|p1a: Whimsicott
|-singleturn|p1a: Whimsicott|Protect
|move|p2a: Last Hope|Poison Jab|p1a: Whimsicott
|-activate|p1a: Whimsicott|move: Protect
|
|-heal|p1a: Whimsicott|55/100|[from] item: Leftovers
|upkeep
|turn|30
|
|t:|1769327209
|move|p1a: Whimsicott|Encore|p2a: Last Hope
|-hint|Since gen 7, Dark is immune to Prankster moves.
|-immune|p2a: Last Hope
|move|p2a: Last Hope|Poison Jab|p1a: Whimsicott
|-supereffective|p1a: Whimsicott
|-damage|p1a: Whimsicott|0 fnt
|faint|p1a: Whimsicott
|
|upkeep
|
|t:|1769327218
|switch|p1a: Dragapult|Dragapult, M|100/100
|turn|31
|
|t:|1769327224
|move|p2a: Last Hope|Sucker Punch|p1a: Dragapult
|-supereffective|p1a: Dragapult
|-damage|p1a: Dragapult|0 fnt
|faint|p1a: Dragapult
|
|win|GeneSoTUff
|raw|hjjjjhb's rating: 1093 &rarr; <strong>1068</strong><br />(-25 for losing)
|raw|GeneSoTUff's rating: 1076 &rarr; <strong>1106</strong><br />(+30 for winning)
|l|☆GeneSoTUff
|player|p2|
|l|☆hjjjjhb
|player|p1|
