|j|☆goodness badness
|j|☆Julix12
|t:|1769404967
|gametype|singles
|player|p1|goodness badness|2|1281
|player|p2|Julix12|waiter-gen4dp|1335
|gen|9
|tier|[Gen 9] OU
|rated|
|rule|HP Percentage Mod: HP is shown in percentages
|rule|Endless Battle Clause: Forcing endless battles is banned
|rule|Species Clause: Limit one of each Pokémon
|rule|OHKO Clause: OHKO moves are banned
|rule|Evasion Items Clause: Evasion items are banned
|rule|Evasion Moves Clause: Evasion moves are banned
|rule|Evasion Abilities Clause: Evasion abilities are banned
|rule|Sleep Moves Clause: Sleep-inducing moves are banned
|clearpoke
|poke|p1|Garganacl, F|
|poke|p1|Cinderace, F|
|poke|p1|Tornadus-Therian, M|
|poke|p1|Great Tusk|
|poke|p1|Hatterene, F|
|poke|p1|Ogerpon-Wellspring, F|
|poke|p2|Grimmsnarl, M|
|poke|p2|Ceruledge, M|
|poke|p2|Iron Treads|
|poke|p2|Zapdos|
|poke|p2|Samurott-Hisui, F|
|poke|p2|Slowking-Galar, M|
|teampreview
|inactive|Battle timer is ON: inactive players will automatically lose when time's up. (requested by goodness badness)
|
|t:|1769404982
|teamsize|p1|6
|teamsize|p2|6
|start
|switch|p1a: Garganacl|Garganacl, F|100/100
|switch|p2a: Samurott|Samurott-Hisui, F|100/100
|turn|1
|
|t:|1769404991
|-terastallize|p1a: Garganacl|Water
|move|p2a: Samurott|Knock Off|p1a: Garganacl
|-damage|p1a: Garganacl|64/100
|-enditem|p1a: Garganacl|Leftovers|[from] move: Knock Off|[of] p2a: Samurott
|move|p1a: Garganacl|Iron Defense|p1a: Garganacl
|-boost|p1a: Garganacl|def|2
|
|upkeep
|turn|2
|
|t:|1769405003
|move|p2a: Samurott|Flip Turn|p1a: Garganacl
|-resisted|p1a: Garganacl
|-damage|p1a: Garganacl|59/100
|
|t:|1769405006
|switch|p2a: Zapdos|Zapdos|100/100|[from] Flip Turn
|move|p1a: Garganacl|Salt Cure|p2a: Zapdos
|-supereffective|p2a: Zapdos
|-damage|p2a: Zapdos|65/100
|-start|p2a: Zapdos|Salt Cure
|
|-damage|p2a: Zapdos|53/100|[from] Salt Cure
|upkeep
|turn|3
|
|t:|1769405011
|switch|p1a: Hatterene|Hatterene, F|100/100
|move|p2a: Zapdos|Discharge|p1a: Hatterene
|-damage|p1a: Hatterene|55/100
|
|-heal|p1a: Hatterene|61/100|[from] item: Leftovers
|-damage|p2a: Zapdos|40/100|[from] Salt Cure
|upkeep
|turn|4
|
|t:|1769405027
|switch|p2a: Slowking|Slowking-Galar, M|100/100
|move|p1a: Hatterene|Draining Kiss|p2a: Slowking
|-resisted|p2a: Slowking
|-damage|p2a: Slowking|94/100
|-heal|p1a: Hatterene|67/100|[from] drain|[of] p2a: Slowking
|
|-heal|p1a: Hatterene|73/100|[from] item: Leftovers
|upkeep
|turn|5
|
|t:|1769405035
|move|p1a: Hatterene|Calm Mind|p1a: Hatterene
|-boost|p1a: Hatterene|spa|1
|-boost|p1a: Hatterene|spd|1
|move|p2a: Slowking|Sludge Bomb|p1a: Hatterene
|-supereffective|p1a: Hatterene
|-damage|p1a: Hatterene|14/100
|
|-heal|p1a: Hatterene|20/100|[from] item: Leftovers
|upkeep
|turn|6
|
|t:|1769405038
|move|p1a: Hatterene|Psyshock|p2a: Slowking
|-damage|p2a: Slowking|39/100
|move|p2a: Slowking|Sludge Bomb|p1a: Hatterene
|-supereffective|p1a: Hatterene
|-damage|p1a: Hatterene|0 fnt
|faint|p1a: Hatterene
|
|upkeep
|
|t:|1769405043
|switch|p1a: Cinderace|Cinderace, F|100/100
|turn|7
|
|t:|1769405051
|switch|p2a: Iron Treads|Iron Treads|100/100
|move|p1a: Cinderace|U-turn|p2a: Iron Treads
|-start|p1a: Cinderace|typechange|Bug|[from] ability: Libero
|-resisted|p2a: Iron Treads
|-damage|p2a: Iron Treads|88/100
|-damage|p1a: Cinderace|84/100|[from] item: Rocky Helmet|[of] p2a: Iron Treads
|
|t:|1769405065
|switch|p1a: Ogerpon|Ogerpon-Wellspring, F|100/100|[from] U-turn
|
|upkeep
|turn|8
|
|t:|1769405076
|-end|p2a: Iron Treads|Quark Drive|[silent]
|switch|p2a: Grimmsnarl|Grimmsnarl, M|100/100
|move|p1a: Ogerpon|Ivy Cudgel|p2a: Grimmsnarl|[anim] Ivy Cudgel Water
|-damage|p2a: Grimmsnarl|7/100
|
|upkeep
|turn|9
|
|t:|1769405081
|move|p2a: Grimmsnarl|Reflect|p2a: Grimmsnarl
|-sidestart|p2: Julix12|Reflect
|move|p1a: Ogerpon|Ivy Cudgel|p2a: Grimmsnarl|[anim] Ivy Cudgel Water
|-damage|p2a: Grimmsnarl|0 fnt
|faint|p2a: Grimmsnarl
|
|upkeep
|
|t:|1769405084
|switch|p2a: Samurott|Samurott-Hisui, F|100/100
|turn|10
|
|t:|1769405089
|move|p1a: Ogerpon|Power Whip|p2a: Samurott|[miss]
|-miss|p1a: Ogerpon|p2a: Samurott
|move|p2a: Samurott|Ceaseless Edge|p1a: Ogerpon
|-damage|p1a: Ogerpon|30/100
|-sidestart|p1: goodness badness|Spikes
|
|upkeep
|turn|11
|
|t:|1769405097
|move|p2a: Samurott|Sucker Punch|p1a: Ogerpon
|-damage|p1a: Ogerpon|0 fnt
|faint|p1a: Ogerpon
|
|upkeep
|
|t:|1769405113
|switch|p1a: Tornadus|Tornadus-Therian, M|100/100
|turn|12
|
|t:|1769405118
|move|p1a: Tornadus|Grass Knot|p2a: Samurott
|-supereffective|p2a: Samurott
|-damage|p2a: Samurott|11/100
|-damage|p1a: Tornadus|91/100|[from] item: Life Orb
|move|p2a: Samurott|Ceaseless Edge|p1a: Tornadus
|-damage|p1a: Tornadus|11/100
|-sidestart|p1: goodness badness|Spikes
|
|upkeep
|turn|13
|
|t:|1769405126
|switch|p1a: Great Tusk|Great Tusk|100/100
|move|p2a: Samurott|Sucker Punch||[still]
|-fail|p2a: Samurott
|
|upkeep
|turn|14
|
|t:|1769405131
|switch|p2a: Ceruledge|Ceruledge, M|100/100
|move|p1a: Great Tusk|Rapid Spin|p2a: Ceruledge
|-immune|p2a: Ceruledge
|
|upkeep
|turn|15
|
|t:|1769405141
|-end|p1a: Great Tusk|Protosynthesis|[silent]
|switch|p1a: Garganacl|Garganacl, F, tera:Water|59/100
|-damage|p1a: Garganacl|43/100|[from] Spikes
|switch|p2a: Zapdos|Zapdos|40/100
|
|upkeep
|turn|16
|
|t:|1769405147
|switch|p1a: Great Tusk|Great Tusk|100/100
|move|p2a: Zapdos|Roost|p2a: Zapdos
|-heal|p2a: Zapdos|90/100
|-singleturn|p2a: Zapdos|move: Roost
|
|-sideend|p2: Julix12|Reflect
|upkeep
|turn|17
|
|t:|1769405151
|move|p2a: Zapdos|Hurricane|p1a: Great Tusk|[miss]
|-miss|p2a: Zapdos|p1a: Great Tusk
|move|p1a: Great Tusk|Headlong Rush|p2a: Zapdos
|-immune|p2a: Zapdos
|
|upkeep
|turn|18
|
|t:|1769405163
|move|p2a: Zapdos|Hurricane|p1a: Great Tusk|[miss]
|-miss|p2a: Zapdos|p1a: Great Tusk
|move|p1a: Great Tusk|Rapid Spin|p2a: Zapdos
|-damage|p2a: Zapdos|67/100
|-boost|p1a: Great Tusk|spe|1
|-sideend|p1: goodness badness|Spikes|[from] move: Rapid Spin|[of] p1a: Great Tusk
|
|upkeep
|turn|19
|
|t:|1769405165
|move|p1a: Great Tusk|Ice Spinner|p2a: Zapdos
|-supereffective|p2a: Zapdos
|-damage|p2a: Zapdos|0 fnt
|-status|p1a: Great Tusk|par|[from] ability: Static|[of] p2a: Zapdos
|faint|p2a: Zapdos
|
|upkeep
|
|t:|1769405183
|switch|p2a: Slowking|Slowking-Galar, M|72/100
|turn|20
|
|t:|1769405188
|switch|p2a: Samurott|Samurott-Hisui, F|11/100
|move|p1a: Great Tusk|Headlong Rush|p2a: Samurott
|-damage|p2a: Samurott|0 fnt
|-unboost|p1a: Great Tusk|def|1
|-unboost|p1a: Great Tusk|spd|1
|faint|p2a: Samurott
|
|upkeep
|
|t:|1769405195
|switch|p2a: Slowking|Slowking-Galar, M|100/100
|turn|21
|
|t:|1769405209
|move|p1a: Great Tusk|Headlong Rush|p2a: Slowking
|-supereffective|p2a: Slowking
|-damage|p2a: Slowking|0 fnt
|-unboost|p1a: Great Tusk|def|1
|-unboost|p1a: Great Tusk|spd|1
|faint|p2a: Slowking
|
|upkeep
|
|t:|1769405216
|switch|p2a: Iron Treads|Iron Treads|88/100
|turn|22
|
|t:|1769405230
|-end|p1a: Great Tusk|Protosynthesis|[silent]
|switch|p1a: Tornadus|Tornadus-Therian, M|44/100
|-terastallize|p2a: Iron Treads|Flying
|move|p2a: Iron Treads|Ice Spinner|p1a: Tornadus
|-supereffective|p1a: Tornadus
|-damage|p1a: Tornadus|0 fnt
|faint|p1a: Tornadus
|
|upkeep
|
|t:|1769405237
|switch|p1a: Garganacl|Garganacl, F, tera:Water|43/100
|turn|23
|
|t:|1769405260
|-end|p2a: Iron Treads|Quark Drive|[silent]
|switch|p2a: Ceruledge|Ceruledge, M|100/100
|move|p1a: Garganacl|Recover|p1a: Garganacl
|-heal|p1a: Garganacl|93/100
|
|upkeep
|turn|24
|
|t:|1769405267
|move|p2a: Ceruledge|Swords Dance|p2a: Ceruledge
|-boost|p2a: Ceruledge|atk|2
|move|p1a: Garganacl|Iron Defense|p1a: Garganacl
|-boost|p1a: Garganacl|def|2
|
|upkeep
|turn|25
|
|t:|1769405271
|move|p2a: Ceruledge|Poltergeist||[still]
|-fail|p2a: Ceruledge
|move|p1a: Garganacl|Salt Cure|p2a: Ceruledge
|-supereffective|p2a: Ceruledge
|-damage|p2a: Ceruledge|59/100
|-start|p2a: Ceruledge|Salt Cure
|-ability|p2a: Ceruledge|Weak Armor|boost
|-unboost|p2a: Ceruledge|def|1
|-boost|p2a: Ceruledge|spe|2
|
|-damage|p2a: Ceruledge|46/100|[from] Salt Cure
|upkeep
|turn|26
|
|t:|1769405281
|move|p2a: Ceruledge|Shadow Sneak|p1a: Garganacl
|-damage|p1a: Garganacl|83/100
|-damage|p2a: Ceruledge|36/100|[from] item: Life Orb
|move|p1a: Garganacl|Iron Defense|p1a: Garganacl
|-boost|p1a: Garganacl|def|2
|
|-damage|p2a: Ceruledge|24/100|[from] Salt Cure
|upkeep
|turn|27
|-message|Julix12 forfeited.
|
|win|goodness badness
|raw|goodness badness's rating: 1281 &rarr; <strong>1310</strong><br />(+29 for winning)
|raw|Julix12's rating: 1335 &rarr; <strong>1312</strong><br />(-23 for losing)
|l|☆Julix12
|player|p2|
|l|☆goodness badness
|player|p1|
