|j|☆aarer
|j|☆nimjaisugly
|t:|1769318895
|gametype|singles
|player|p1|aarer|2|1416
|player|p2|nimjaisugly|clavell-s|1442
|gen|9
|tier|[Gen 9] OU
|rated|
|rule|HP Percentage Mod: HP is shown in percentages
|rule|Endless Battle Clause: Forcing endless battles is banned
|rule|Species Clause: Limit one of each Pokémon
|rule|OHKO Clause: OHKO moves are banned
|rule|Evasion Items Clause: Evasion items are banned
|rule|Evasion Moves Clause: Evasion moves are banned
|rule|Evasion Abilities Clause: Evasion abilities are banned
|rule|Sleep Moves Clause: Sleep-inducing moves are banned
|clearpoke
|poke|p1|Hatterene, F|
|poke|p1|Walking Wake|
|poke|p1|Ceruledge, F|
|poke|p1|Ninetales, F|
|poke|p1|Pecharunt|
|poke|p1|Landorus-Therian, M|
|poke|p2|Porygon-Z|
|poke|p2|Kingambit, M|
|poke|p2|Dragapult, F|
|poke|p2|Alomomola, M|
|poke|p2|Pecharunt|
|poke|p2|Iron Treads|
|teampreview
|inactive|Battle timer is ON: inactive players will automatically lose when time's up. (requested by nimjaisugly)
|
|t:|1769318903
|teamsize|p1|6
|teamsize|p2|6
|start
|switch|p1a: Axl Blze|Ninetales, F, shiny|100/100
|switch|p2a: Dragapult|Dragapult, F|100/100
|-weather|SunnyDay|[from] ability: Drought|[of] p1a: Axl Blze
|turn|1
|
|t:|1769318910
|switch|p1a: Salem Witch|Hatterene, F, shiny|100/100
|move|p2a: Dragapult|U-turn|p1a: Salem Witch
|-damage|p1a: Salem Witch|79/100
|
|t:|1769318915
|switch|p2a: Pecharunt|Pecharunt|100/100|[from] U-turn
|
|-weather|SunnyDay|[upkeep]
|upkeep
|turn|2
|
|t:|1769318924
|-terastallize|p1a: Salem Witch|Steel
|move|p2a: Pecharunt|Parting Shot|p1a: Salem Witch
|move|p1a: Salem Witch|Parting Shot|p2a: Pecharunt|[from] ability: Magic Bounce
|-unboost|p2a: Pecharunt|atk|1
|-unboost|p2a: Pecharunt|spa|1
|
|t:|1769318941
|switch|p1a: Sui Mai|Walking Wake|100/100|[from] Parting Shot
|-activate|p1a: Sui Mai|ability: Protosynthesis
|-start|p1a: Sui Mai|protosynthesisspe
|
|-weather|SunnyDay|[upkeep]
|upkeep
|turn|3
|
|t:|1769318944
|switch|p2a: Alomomola|Alomomola, M|100/100
|move|p1a: Sui Mai|Hydro Steam|p2a: Alomomola
|-resisted|p2a: Alomomola
|-damage|p2a: Alomomola|82/100
|
|-weather|SunnyDay|[upkeep]
|upkeep
|turn|4
|
|t:|1769318952
|-end|p1a: Sui Mai|Protosynthesis|[silent]
|switch|p1a: Pecharunt|Pecharunt|100/100
|-item|p1a: Pecharunt|Air Balloon
|move|p2a: Alomomola|Mirror Coat||[still]
|-fail|p2a: Alomomola
|
|-weather|SunnyDay|[upkeep]
|upkeep
|turn|5
|
|t:|1769318957
|switch|p1a: Auntie Fung|Ceruledge, F, shiny|100/100
|move|p2a: Alomomola|Flip Turn|p1a: Auntie Fung
|-supereffective|p1a: Auntie Fung
|-damage|p1a: Auntie Fung|79/100
|-ability|p1a: Auntie Fung|Weak Armor|boost
|-unboost|p1a: Auntie Fung|def|1
|-boost|p1a: Auntie Fung|spe|2
|
|t:|1769318976
|switch|p2a: Porygon-Z|Porygon-Z|100/100|[from] Flip Turn
|-ability|p2a: Porygon-Z|Download|boost
|-boost|p2a: Porygon-Z|atk|1
|
|-weather|SunnyDay|[upkeep]
|upkeep
|turn|6
|
|t:|1769318987
|switch|p1a: Baddy Bad|Landorus-Therian, M|100/100
|-ability|p1a: Baddy Bad|Intimidate|boost
|-unboost|p2a: Porygon-Z|atk|1
|move|p2a: Porygon-Z|Dark Pulse|p1a: Baddy Bad
|-damage|p1a: Baddy Bad|55/100
|
|-weather|SunnyDay|[upkeep]
|upkeep
|turn|7
|
|t:|1769318999
|move|p1a: Baddy Bad|Stealth Rock|p2a: Porygon-Z
|-sidestart|p2: nimjaisugly|move: Stealth Rock
|move|p2a: Porygon-Z|Dark Pulse|p1a: Baddy Bad
|-damage|p1a: Baddy Bad|11/100
|
|-weather|SunnyDay|[upkeep]
|upkeep
|turn|8
|
|t:|1769319011
|switch|p2a: Iron Treads|Iron Treads|100/100
|-damage|p2a: Iron Treads|98/100|[from] Stealth Rock
|-item|p2a: Iron Treads|Air Balloon
|move|p1a: Baddy Bad|U-turn|p2a: Iron Treads
|-resisted|p2a: Iron Treads
|-damage|p2a: Iron Treads|90/100
|-enditem|p2a: Iron Treads|Air Balloon
|
|t:|1769319025
|switch|p1a: Sui Mai|Walking Wake|100/100|[from] U-turn
|-activate|p1a: Sui Mai|ability: Protosynthesis
|-start|p1a: Sui Mai|protosynthesisspe
|
|-weather|none
|-end|p1a: Sui Mai|Protosynthesis
|upkeep
|turn|9
|
|t:|1769319032
|move|p1a: Sui Mai|Hydro Steam|p2a: Iron Treads
|-supereffective|p2a: Iron Treads
|-damage|p2a: Iron Treads|7/100
|move|p2a: Iron Treads|Rapid Spin|p1a: Sui Mai
|-damage|p1a: Sui Mai|88/100
|-boost|p2a: Iron Treads|spe|1
|-sideend|p2: nimjaisugly|Stealth Rock|[from] move: Rapid Spin|[of] p2a: Iron Treads
|
|upkeep
|turn|10
|
|t:|1769319042
|-end|p2a: Iron Treads|Quark Drive|[silent]
|switch|p2a: Alomomola|Alomomola, M|100/100
|-end|p1a: Sui Mai|Protosynthesis|[silent]
|switch|p1a: Baddy Bad|Landorus-Therian, M|11/100
|-ability|p1a: Baddy Bad|Intimidate|boost
|-unboost|p2a: Alomomola|atk|1
|
|upkeep
|turn|11
|
|t:|1769319050
|move|p1a: Baddy Bad|U-turn|p2a: Alomomola
|-damage|p2a: Alomomola|86/100
|
|t:|1769319053
|switch|p1a: Axl Blze|Ninetales, F, shiny|100/100|[from] U-turn
|-weather|SunnyDay|[from] ability: Drought|[of] p1a: Axl Blze
|move|p2a: Alomomola|Flip Turn|p1a: Axl Blze
|-supereffective|p1a: Axl Blze
|-damage|p1a: Axl Blze|87/100
|
|t:|1769319063
|switch|p2a: Dragapult|Dragapult, F|100/100|[from] Flip Turn
|
|-weather|SunnyDay|[upkeep]
|upkeep
|turn|12
|inactive|aarer has 120 seconds left.
|
|t:|1769319096
|switch|p1a: Baddy Bad|Landorus-Therian, M|11/100
|-ability|p1a: Baddy Bad|Intimidate|boost
|-unboost|p2a: Dragapult|atk|1
|move|p2a: Dragapult|U-turn|p1a: Baddy Bad
|-resisted|p1a: Baddy Bad
|-damage|p1a: Baddy Bad|5/100
|-damage|p2a: Dragapult|84/100|[from] item: Rocky Helmet|[of] p1a: Baddy Bad
|
|t:|1769319110
|switch|p2a: Alomomola|Alomomola, M|100/100|[from] U-turn
|
|-weather|SunnyDay|[upkeep]
|upkeep
|turn|13
|
|t:|1769319124
|move|p1a: Baddy Bad|Stealth Rock|p2a: Alomomola
|-sidestart|p2: nimjaisugly|move: Stealth Rock
|move|p2a: Alomomola|Flip Turn|p1a: Baddy Bad
|-supereffective|p1a: Baddy Bad
|-damage|p1a: Baddy Bad|0 fnt
|-damage|p2a: Alomomola|84/100|[from] item: Rocky Helmet|[of] p1a: Baddy Bad
|faint|p1a: Baddy Bad
|
|t:|1769319133
|switch|p2a: Porygon-Z|Porygon-Z|100/100|[from] Flip Turn
|-damage|p2a: Porygon-Z|88/100|[from] Stealth Rock
|
|-weather|SunnyDay|[upkeep]
|upkeep
|inactive|aarer has 120 seconds left.
|
|t:|1769319153
|switch|p1a: Salem Witch|Hatterene, F, shiny, tera:Steel|79/100
|turn|14
|
|t:|1769319162
|switch|p2a: Iron Treads|Iron Treads|7/100
|-damage|p2a: Iron Treads|4/100|[from] Stealth Rock
|move|p1a: Salem Witch|Mystical Fire|p2a: Iron Treads
|-supereffective|p2a: Iron Treads
|-damage|p2a: Iron Treads|0 fnt
|faint|p2a: Iron Treads
|-end|p2a: Iron Treads|Quark Drive|[silent]
|
|-weather|SunnyDay|[upkeep]
|upkeep
|
|t:|1769319189
|switch|p2a: Alomomola|Alomomola, M|100/100
|-damage|p2a: Alomomola|88/100|[from] Stealth Rock
|turn|15
|
|t:|1769319197
|move|p2a: Alomomola|Scald|p1a: Salem Witch
|-damage|p1a: Salem Witch|75/100
|-status|p1a: Salem Witch|brn
|move|p1a: Salem Witch|Nuzzle|p2a: Alomomola
|-supereffective|p2a: Alomomola
|-damage|p2a: Alomomola|85/100
|-status|p2a: Alomomola|par
|
|-weather|SunnyDay|[upkeep]
|-damage|p1a: Salem Witch|69/100 brn|[from] brn
|upkeep
|turn|16
|
|t:|1769319213
|switch|p1a: Pecharunt|Pecharunt|100/100
|-item|p1a: Pecharunt|Air Balloon
|cant|p2a: Alomomola|par
|
|-weather|SunnyDay|[upkeep]
|upkeep
|turn|17
|
|t:|1769319221
|move|p1a: Pecharunt|Shadow Ball|p2a: Alomomola
|-crit|p2a: Alomomola
|-damage|p2a: Alomomola|62/100 par
|move|p2a: Alomomola|Mirror Coat|p1a: Pecharunt
|-damage|p1a: Pecharunt|36/100
|-enditem|p1a: Pecharunt|Air Balloon
|
|-weather|SunnyDay|[upkeep]
|upkeep
|turn|18
|
|t:|1769319239
|move|p1a: Pecharunt|Recover|p1a: Pecharunt
|-heal|p1a: Pecharunt|86/100
|move|p2a: Alomomola|Flip Turn|p1a: Pecharunt
|-damage|p1a: Pecharunt|82/100
|
|t:|1769319244
|switch|p2a: Porygon-Z|Porygon-Z|88/100|[from] Flip Turn
|-damage|p2a: Porygon-Z|76/100|[from] Stealth Rock
|-ability|p2a: Porygon-Z|Download|boost
|-boost|p2a: Porygon-Z|spa|1
|
|-weather|none
|upkeep
|turn|19
|
|t:|1769319249
|switch|p1a: Axl Blze|Ninetales, F, shiny|87/100
|-weather|SunnyDay|[from] ability: Drought|[of] p1a: Axl Blze
|move|p2a: Porygon-Z|Dark Pulse|p1a: Axl Blze
|-damage|p1a: Axl Blze|27/100
|
|-weather|SunnyDay|[upkeep]
|upkeep
|turn|20
|
|t:|1769319265
|switch|p1a: Salem Witch|Hatterene, F, shiny, tera:Steel|69/100 brn
|move|p2a: Porygon-Z|Dark Pulse|p1a: Salem Witch
|-damage|p1a: Salem Witch|31/100 brn
|
|-weather|SunnyDay|[upkeep]
|-damage|p1a: Salem Witch|25/100 brn|[from] brn
|upkeep
|turn|21
|
|t:|1769319274
|move|p2a: Porygon-Z|Dark Pulse|p1a: Salem Witch
|-damage|p1a: Salem Witch|0 fnt
|faint|p1a: Salem Witch
|
|-weather|SunnyDay|[upkeep]
|upkeep
|
|t:|1769319283
|switch|p1a: Sui Mai|Walking Wake|88/100
|-activate|p1a: Sui Mai|ability: Protosynthesis
|-start|p1a: Sui Mai|protosynthesisspe
|turn|22
|
|t:|1769319289
|-end|p1a: Sui Mai|Protosynthesis|[silent]
|switch|p1a: Auntie Fung|Ceruledge, F, shiny|79/100
|switch|p2a: Alomomola|Alomomola, M|95/100 par
|-damage|p2a: Alomomola|83/100 par|[from] Stealth Rock
|
|-weather|SunnyDay|[upkeep]
|upkeep
|turn|23
|
|t:|1769319294
|move|p1a: Auntie Fung|Bitter Blade|p2a: Alomomola
|-resisted|p2a: Alomomola
|-damage|p2a: Alomomola|60/100 par
|-heal|p1a: Auntie Fung|98/100|[from] drain|[of] p2a: Alomomola
|move|p2a: Alomomola|Scald|p1a: Auntie Fung
|-supereffective|p1a: Auntie Fung
|-damage|p1a: Auntie Fung|84/100
|
|-weather|SunnyDay|[upkeep]
|upkeep
|turn|24
|
|t:|1769319310
|move|p1a: Auntie Fung|Swords Dance|p1a: Auntie Fung
|-boost|p1a: Auntie Fung|atk|2
|move|p2a: Alomomola|Flip Turn|p1a: Auntie Fung
|-supereffective|p1a: Auntie Fung
|-damage|p1a: Auntie Fung|62/100
|-ability|p1a: Auntie Fung|Weak Armor|boost
|-unboost|p1a: Auntie Fung|def|1
|-boost|p1a: Auntie Fung|spe|2
|
|t:|1769319313
|switch|p2a: Kingambit|Kingambit, M|100/100|[from] Flip Turn
|-damage|p2a: Kingambit|94/100|[from] Stealth Rock
|-activate|p2a: Kingambit|ability: Supreme Overlord
|-start|p2a: Kingambit|fallen1|[silent]
|
|-weather|SunnyDay|[upkeep]
|-heal|p2a: Kingambit|100/100|[from] item: Leftovers
|upkeep
|turn|25
|
|t:|1769319319
|switch|p1a: Pecharunt|Pecharunt|82/100
|move|p2a: Kingambit|Kowtow Cleave|p1a: Pecharunt
|-supereffective|p1a: Pecharunt
|-damage|p1a: Pecharunt|22/100
|
|-weather|SunnyDay|[upkeep]
|upkeep
|turn|26
|
|t:|1769319327
|move|p1a: Pecharunt|Parting Shot|p2a: Kingambit
|-unboost|p2a: Kingambit|atk|1
|-unboost|p2a: Kingambit|spa|1
|
|t:|1769319339
|switch|p1a: Sui Mai|Walking Wake|88/100|[from] Parting Shot
|-activate|p1a: Sui Mai|ability: Protosynthesis
|-start|p1a: Sui Mai|protosynthesisspe
|move|p2a: Kingambit|Kowtow Cleave|p1a: Sui Mai
|-damage|p1a: Sui Mai|47/100
|
|-weather|none
|-end|p1a: Sui Mai|Protosynthesis
|upkeep
|turn|27
|
|t:|1769319344
|-end|p1a: Sui Mai|Protosynthesis|[silent]
|switch|p1a: Pecharunt|Pecharunt|22/100
|-end|p2a: Kingambit|fallen1|[silent]
|switch|p2a: Dragapult|Dragapult, F|84/100
|
|upkeep
|turn|28
|
|t:|1769319351
|move|p2a: Dragapult|Hex|p1a: Pecharunt
|-supereffective|p1a: Pecharunt
|-damage|p1a: Pecharunt|0 fnt
|faint|p1a: Pecharunt
|
|upkeep
|
|t:|1769319355
|switch|p1a: Axl Blze|Ninetales, F, shiny|27/100
|-weather|SunnyDay|[from] ability: Drought|[of] p1a: Axl Blze
|turn|29
|
|t:|1769319360
|move|p2a: Dragapult|Dragon Darts|p1a: Axl Blze
|-damage|p1a: Axl Blze|0 fnt
|faint|p1a: Axl Blze
|
|-weather|SunnyDay|[upkeep]
|upkeep
|
|t:|1769319368
|switch|p1a: Sui Mai|Walking Wake|47/100
|-activate|p1a: Sui Mai|ability: Protosynthesis
|-start|p1a: Sui Mai|protosynthesisspe
|turn|30
|
|t:|1769319373
|move|p1a: Sui Mai|Dragon Pulse|p2a: Dragapult
|-supereffective|p2a: Dragapult
|-damage|p2a: Dragapult|0 fnt
|faint|p2a: Dragapult
|
|-weather|SunnyDay|[upkeep]
|upkeep
|
|t:|1769319377
|switch|p2a: Kingambit|Kingambit, M|100/100
|-damage|p2a: Kingambit|94/100|[from] Stealth Rock
|-activate|p2a: Kingambit|ability: Supreme Overlord
|-start|p2a: Kingambit|fallen2|[silent]
|turn|31
|
|t:|1769319384
|move|p1a: Sui Mai|Flamethrower|p2a: Kingambit
|-supereffective|p2a: Kingambit
|-damage|p2a: Kingambit|0 fnt
|faint|p2a: Kingambit
|-end|p2a: Kingambit|fallen2|[silent]
|
|-weather|SunnyDay|[upkeep]
|upkeep
|
|t:|1769319391
|switch|p2a: Alomomola|Alomomola, M|93/100 par
|-damage|p2a: Alomomola|81/100 par|[from] Stealth Rock
|turn|32
|
|t:|1769319406
|switch|p2a: Porygon-Z|Porygon-Z|76/100
|-damage|p2a: Porygon-Z|64/100|[from] Stealth Rock
|-ability|p2a: Porygon-Z|Download|boost
|-boost|p2a: Porygon-Z|spa|1
|move|p1a: Sui Mai|Dragon Pulse|p2a: Porygon-Z
|-damage|p2a: Porygon-Z|10/100
|
|-weather|SunnyDay|[upkeep]
|upkeep
|turn|33
|
|t:|1769319415
|move|p1a: Sui Mai|Dragon Pulse|p2a: Porygon-Z
|-damage|p2a: Porygon-Z|0 fnt
|faint|p2a: Porygon-Z
|
|-weather|SunnyDay|[upkeep]
|upkeep
|
|t:|1769319417
|switch|p2a: Alomomola|Alomomola, M|100/100 par
|-damage|p2a: Alomomola|88/100 par|[from] Stealth Rock
|turn|34
|
|t:|1769319423
|move|p1a: Sui Mai|Dragon Pulse|p2a: Alomomola
|-damage|p2a: Alomomola|64/100 par
|move|p2a: Alomomola|Scald|p1a: Sui Mai
|-resisted|p1a: Sui Mai
|-damage|p1a: Sui Mai|45/100
|
|-weather|SunnyDay|[upkeep]
|upkeep
|turn|35
|
|t:|1769319432
|move|p1a: Sui Mai|Dragon Pulse|p2a: Alomomola
|-damage|p2a: Alomomola|39/100 par
|move|p2a: Alomomola|Flip Turn|p1a: Sui Mai
|-resisted|p1a: Sui Mai
|-damage|p1a: Sui Mai|43/100
|
|t:|1769319437
|switch|p2a: Pecharunt|Pecharunt|100/100|[from] Flip Turn
|
|-weather|SunnyDay|[upkeep]
|upkeep
|turn|36
|
|t:|1769319443
|switch|p2a: Alomomola|Alomomola, M|72/100 par
|-damage|p2a: Alomomola|60/100 par|[from] Stealth Rock
|move|p1a: Sui Mai|Hydro Steam|p2a: Alomomola
|-resisted|p2a: Alomomola
|-damage|p2a: Alomomola|43/100 par
|
|-weather|none
|-end|p1a: Sui Mai|Protosynthesis
|upkeep
|turn|37
|
|t:|1769319447
|move|p1a: Sui Mai|Dragon Pulse|p2a: Alomomola
|-damage|p2a: Alomomola|19/100 par
|move|p2a: Alomomola|Flip Turn|p1a: Sui Mai
|-resisted|p1a: Sui Mai
|-damage|p1a: Sui Mai|39/100
|
|t:|1769319452
|switch|p2a: Pecharunt|Pecharunt|100/100|[from] Flip Turn
|
|upkeep
|turn|38
|
|t:|1769319459
|move|p1a: Sui Mai|Dragon Pulse|p2a: Pecharunt
|-damage|p2a: Pecharunt|58/100
|move|p2a: Pecharunt|Malignant Chain|p1a: Sui Mai
|-crit|p1a: Sui Mai
|-damage|p1a: Sui Mai|0 fnt
|faint|p1a: Sui Mai
|-end|p1a: Sui Mai|Protosynthesis|[silent]
|
|upkeep
|
|t:|1769319464
|switch|p1a: Auntie Fung|Ceruledge, F, shiny|62/100
|turn|39
|
|t:|1769319468
|-terastallize|p2a: Pecharunt|Dark
|move|p1a: Auntie Fung|Shadow Sneak|p2a: Pecharunt
|-resisted|p2a: Pecharunt
|-damage|p2a: Pecharunt|53/100
|move|p2a: Pecharunt|Shadow Ball|p1a: Auntie Fung
|-supereffective|p1a: Auntie Fung
|-damage|p1a: Auntie Fung|6/100
|
|upkeep
|turn|40
|
|t:|1769319473
|move|p1a: Auntie Fung|Bitter Blade|p2a: Pecharunt
|-damage|p2a: Pecharunt|33/100
|-heal|p1a: Auntie Fung|19/100|[from] drain|[of] p2a: Pecharunt
|move|p2a: Pecharunt|Shadow Ball|p1a: Auntie Fung
|-supereffective|p1a: Auntie Fung
|-crit|p1a: Auntie Fung
|-damage|p1a: Auntie Fung|0 fnt
|faint|p1a: Auntie Fung
|
|win|nimjaisugly
|raw|aarer's rating: 1416 &rarr; <strong>1397</strong><br />(-19 for losing)
|raw|nimjaisugly's rating: 1442 &rarr; <strong>1461</strong><br />(+19 for winning)
|l|☆aarer
|player|p1|
|l|☆nimjaisugly
|player|p2|
