|j|☆FrankBrawlStar
|j|☆zbackbar
|t:|1769366009
|gametype|singles
|player|p1|FrankBrawlStar|biker-gen4|1413
|player|p2|zbackbar|hiker-gen4|1420
|gen|9
|tier|[Gen 9] OU
|rated|
|rule|HP Percentage Mod: HP is shown in percentages
|rule|Endless Battle Clause: Forcing endless battles is banned
|rule|Species Clause: Limit one of each Pokémon
|rule|OHKO Clause: OHKO moves are banned
|rule|Evasion Items Clause: Evasion items are banned
|rule|Evasion Moves Clause: Evasion moves are banned
|rule|Evasion Abilities Clause: Evasion abilities are banned
|rule|Sleep Moves Clause: Sleep-inducing moves are banned
|clearpoke
|poke|p1|Great Tusk|
|poke|p1|Ting-Lu|
|poke|p1|Hatterene, F|
|poke|p1|Slowking-Galar, M|
|poke|p1|Gholdengo|
|poke|p1|Kyurem|
|poke|p2|Cobalion|
|poke|p2|Samurott-Hisui, M|
|poke|p2|Gholdengo|
|poke|p2|Iron Moth|
|poke|p2|Dragonite, M|
|poke|p2|Meowscarada, F|
|teampreview
|inactive|Battle timer is ON: inactive players will automatically lose when time's up. (requested by FrankBrawlStar)
|j| Le_Q_94
|l| Le_Q_94
|
|t:|1769366039
|teamsize|p1|6
|teamsize|p2|6
|start
|switch|p1a: Hatterene|Hatterene, F|100/100
|switch|p2a: Cobalion|Cobalion, shiny|100/100
|-item|p1a: Hatterene|Air Balloon
|turn|1
|
|t:|1769366054
|move|p2a: Cobalion|Steel Beam|p1a: Hatterene
|-supereffective|p1a: Hatterene
|-damage|p1a: Hatterene|0 fnt
|-enditem|p1a: Hatterene|Air Balloon
|-damage|p2a: Cobalion|50/100|[from] steelbeam
|faint|p1a: Hatterene
|
|upkeep
|
|t:|1769366061
|switch|p1a: Ting-Lu|Ting-Lu|100/100
|-ability|p1a: Ting-Lu|Vessel of Ruin
|turn|2
|
|t:|1769366063
|move|p2a: Cobalion|Taunt|p1a: Ting-Lu
|-start|p1a: Ting-Lu|move: Taunt
|cant|p1a: Ting-Lu|move: Taunt|Stealth Rock
|
|upkeep
|turn|3
|
|t:|1769366069
|move|p2a: Cobalion|Stealth Rock|p1a: Ting-Lu
|-sidestart|p1: FrankBrawlStar|move: Stealth Rock
|move|p1a: Ting-Lu|Earthquake|p2a: Cobalion
|-supereffective|p2a: Cobalion
|-damage|p2a: Cobalion|0 fnt
|faint|p2a: Cobalion
|
|upkeep
|
|t:|1769366083
|switch|p2a: Samurott|Samurott-Hisui, M|100/100
|turn|4
|
|t:|1769366099
|move|p2a: Samurott|Swords Dance|p2a: Samurott
|-boost|p2a: Samurott|atk|2
|move|p1a: Ting-Lu|Ruination|p2a: Samurott
|-damage|p2a: Samurott|50/100
|
|-end|p1a: Ting-Lu|move: Taunt
|upkeep
|turn|5
|
|t:|1769366102
|move|p2a: Samurott|Razor Shell|p1a: Ting-Lu
|-supereffective|p1a: Ting-Lu
|-damage|p1a: Ting-Lu|0 fnt
|faint|p1a: Ting-Lu
|
|upkeep
|
|t:|1769366104
|switch|p1a: Great Tusk|Great Tusk|100/100
|-damage|p1a: Great Tusk|98/100|[from] Stealth Rock
|-enditem|p1a: Great Tusk|Booster Energy
|-activate|p1a: Great Tusk|ability: Protosynthesis|[fromitem]
|-start|p1a: Great Tusk|protosynthesisatk
|turn|6
|
|t:|1769366110
|-terastallize|p2a: Samurott|Ghost
|move|p1a: Great Tusk|Headlong Rush|p2a: Samurott
|-damage|p2a: Samurott|0 fnt
|-unboost|p1a: Great Tusk|def|1
|-unboost|p1a: Great Tusk|spd|1
|faint|p2a: Samurott
|
|upkeep
|
|t:|1769366119
|switch|p2a: Meowscarada|Meowscarada, F|100/100
|turn|7
|
|t:|1769366134
|move|p2a: Meowscarada|Flower Trick|p1a: Great Tusk
|-start|p2a: Meowscarada|typechange|Grass|[from] ability: Protean
|-supereffective|p1a: Great Tusk
|-crit|p1a: Great Tusk
|-damage|p1a: Great Tusk|0 fnt
|faint|p1a: Great Tusk
|-end|p1a: Great Tusk|Protosynthesis|[silent]
|
|upkeep
|
|t:|1769366140
|switch|p1a: Gholdengo|Gholdengo|100/100
|-damage|p1a: Gholdengo|94/100|[from] Stealth Rock
|turn|8
|
|t:|1769366147
|switch|p2a: Iron Moth|Iron Moth, shiny|100/100
|-enditem|p2a: Iron Moth|Booster Energy
|-activate|p2a: Iron Moth|ability: Quark Drive|[fromitem]
|-start|p2a: Iron Moth|quarkdrivespe
|move|p1a: Gholdengo|Shadow Ball|p2a: Iron Moth
|-damage|p2a: Iron Moth|53/100
|
|upkeep
|turn|9
|
|t:|1769366155
|switch|p1a: Slowking|Slowking-Galar, M|100/100
|-damage|p1a: Slowking|88/100|[from] Stealth Rock
|move|p2a: Iron Moth|Fiery Dance|p1a: Slowking
|-damage|p1a: Slowking|63/100
|-boost|p2a: Iron Moth|spa|1
|
|-heal|p1a: Slowking|70/100|[from] item: Leftovers
|upkeep
|turn|10
|
|t:|1769366162
|move|p2a: Iron Moth|Fiery Dance|p1a: Slowking
|-damage|p1a: Slowking|33/100
|move|p1a: Slowking|Thunder Wave|p2a: Iron Moth|[miss]
|-miss|p1a: Slowking|p2a: Iron Moth
|
|-heal|p1a: Slowking|39/100|[from] item: Leftovers
|upkeep
|turn|11
|
|t:|1769366171
|move|p2a: Iron Moth|Fiery Dance|p1a: Slowking
|-damage|p1a: Slowking|2/100
|-boost|p2a: Iron Moth|spa|1
|move|p1a: Slowking|Thunder Wave|p2a: Iron Moth
|-status|p2a: Iron Moth|par
|
|-heal|p1a: Slowking|8/100|[from] item: Leftovers
|upkeep
|turn|12
|
|t:|1769366177
|move|p2a: Iron Moth|Fiery Dance|p1a: Slowking
|-damage|p1a: Slowking|0 fnt
|-boost|p2a: Iron Moth|spa|1
|faint|p1a: Slowking
|
|upkeep
|
|t:|1769366190
|switch|p1a: Gholdengo|Gholdengo|94/100
|-damage|p1a: Gholdengo|88/100|[from] Stealth Rock
|turn|13
|
|t:|1769366195
|move|p1a: Gholdengo|Shadow Ball|p2a: Iron Moth
|-damage|p2a: Iron Moth|6/100 par
|cant|p2a: Iron Moth|par
|
|upkeep
|turn|14
|
|t:|1769366198
|move|p1a: Gholdengo|Shadow Ball|p2a: Iron Moth
|-damage|p2a: Iron Moth|0 fnt
|faint|p2a: Iron Moth
|-end|p2a: Iron Moth|Quark Drive|[silent]
|
|upkeep
|
|t:|1769366202
|switch|p2a: Meowscarada|Meowscarada, F|100/100
|turn|15
|
|t:|1769366206
|-terastallize|p1a: Gholdengo|Fairy
|move|p2a: Meowscarada|Knock Off|p1a: Gholdengo
|-start|p2a: Meowscarada|typechange|Dark|[from] ability: Protean
|-resisted|p1a: Gholdengo
|-damage|p1a: Gholdengo|65/100
|-enditem|p1a: Gholdengo|Covert Cloak|[from] move: Knock Off|[of] p2a: Meowscarada
|move|p1a: Gholdengo|Nasty Plot|p1a: Gholdengo
|-boost|p1a: Gholdengo|spa|2
|
|upkeep
|turn|16
|
|t:|1769366220
|switch|p2a: Dragonite|Dragonite, M, shiny|100/100
|move|p1a: Gholdengo|Make It Rain|p2a: Dragonite
|-damage|p2a: Dragonite|30/100
|-unboost|p1a: Gholdengo|spa|1
|
|upkeep
|turn|17
|
|t:|1769366228
|move|p2a: Dragonite|Extreme Speed|p1a: Gholdengo
|-damage|p1a: Gholdengo|28/100
|move|p1a: Gholdengo|Shadow Ball|p2a: Dragonite
|-damage|p2a: Dragonite|0 fnt
|faint|p2a: Dragonite
|
|upkeep
|
|t:|1769366238
|switch|p2a: Meowscarada|Meowscarada, F|100/100
|turn|18
|
|t:|1769366249
|move|p2a: Meowscarada|Triple Axel|p1a: Gholdengo
|-start|p2a: Meowscarada|typechange|Ice|[from] ability: Protean
|-damage|p1a: Gholdengo|17/100
|-damage|p1a: Gholdengo|0 fnt
|faint|p1a: Gholdengo
|-hitcount|p1: Gholdengo|2
|
|upkeep
|
|t:|1769366253
|switch|p1a: Kyurem|Kyurem|100/100
|-damage|p1a: Kyurem|76/100|[from] Stealth Rock
|-ability|p1a: Kyurem|Pressure
|turn|19
|
|t:|1769366268
|move|p2a: Meowscarada|Triple Axel|p1a: Kyurem
|-damage|p1a: Kyurem|66/100
|-damage|p1a: Kyurem|49/100
|-damage|p1a: Kyurem|20/100
|-hitcount|p1a: Kyurem|3
|move|p1a: Kyurem|Dragon Dance|p1a: Kyurem
|-boost|p1a: Kyurem|atk|1
|-boost|p1a: Kyurem|spe|1
|
|upkeep
|turn|20
|
|t:|1769366280
|move|p2a: Meowscarada|Triple Axel|p1a: Kyurem
|-damage|p1a: Kyurem|11/100
|-damage|p1a: Kyurem|0 fnt
|faint|p1a: Kyurem
|-hitcount|p1: Kyurem|2
|
|win|zbackbar
|raw|FrankBrawlStar's rating: 1413 &rarr; <strong>1393</strong><br />(-20 for losing)
|raw|zbackbar's rating: 1420 &rarr; <strong>1440</strong><br />(+20 for winning)
|l|☆FrankBrawlStar
|player|p1|
|l|☆zbackbar
|player|p2|
