|j|☆BlueAgentSlayer
|j|☆los chipirones
|t:|1769427365
|gametype|singles
|player|p1|BlueAgentSlayer|cilan|1137
|player|p2|los chipirones|170|1177
|gen|9
|tier|[Gen 9] OU
|rated|
|rule|HP Percentage Mod: HP is shown in percentages
|rule|Endless Battle Clause: Forcing endless battles is banned
|rule|Species Clause: Limit one of each Pokémon
|rule|OHKO Clause: OHKO moves are banned
|rule|Evasion Items Clause: Evasion items are banned
|rule|Evasion Moves Clause: Evasion moves are banned
|rule|Evasion Abilities Clause: Evasion abilities are banned
|rule|Sleep Moves Clause: Sleep-inducing moves are banned
|clearpoke
|poke|p1|Exeggutor, F|
|poke|p1|Gholdengo|
|poke|p1|Blissey, F|
|poke|p1|Glimmora, M|
|poke|p1|Slither Wing|
|poke|p1|Darkrai|
|poke|p2|Suicune|
|poke|p2|Raikou|
|poke|p2|Entei|
|poke|p2|Zapdos|
|poke|p2|Articuno|
|poke|p2|Moltres|
|teampreview
|
|t:|1769427389
|teamsize|p1|6
|teamsize|p2|6
|start
|switch|p1a: Exeggutor|Exeggutor, F|100/100
|switch|p2a: Entei|Entei|100/100
|-ability|p2a: Entei|Pressure
|turn|1
|
|t:|1769427401
|-terastallize|p1a: Exeggutor|Poison
|move|p2a: Entei|Substitute|p2a: Entei
|-start|p2a: Entei|Substitute
|-damage|p2a: Entei|76/100
|move|p1a: Exeggutor|Substitute|p1a: Exeggutor
|-start|p1a: Exeggutor|Substitute
|-damage|p1a: Exeggutor|75/100
|
|-heal|p2a: Entei|82/100|[from] item: Leftovers
|upkeep
|turn|2
|
|t:|1769427411
|move|p2a: Entei|Calm Mind|p2a: Entei
|-boost|p2a: Entei|spa|1
|-boost|p2a: Entei|spd|1
|move|p1a: Exeggutor|Stored Power|p2a: Entei
|-activate|p2a: Entei|move: Substitute|[damage]
|
|-heal|p2a: Entei|88/100|[from] item: Leftovers
|upkeep
|turn|3
|
|t:|1769427421
|move|p2a: Entei|Calm Mind|p2a: Entei
|-boost|p2a: Entei|spa|1
|-boost|p2a: Entei|spd|1
|move|p1a: Exeggutor|Stored Power|p2a: Entei
|-activate|p2a: Entei|move: Substitute|[damage]
|
|-heal|p2a: Entei|94/100|[from] item: Leftovers
|upkeep
|turn|4
|
|t:|1769427429
|move|p2a: Entei|Flamethrower|p1a: Exeggutor
|-end|p1a: Exeggutor|Substitute
|move|p1a: Exeggutor|Stored Power|p2a: Entei
|-activate|p2a: Entei|move: Substitute|[damage]
|
|-heal|p2a: Entei|100/100|[from] item: Leftovers
|upkeep
|turn|5
|
|t:|1769427440
|move|p2a: Entei|Calm Mind|p2a: Entei
|-boost|p2a: Entei|spa|1
|-boost|p2a: Entei|spd|1
|move|p1a: Exeggutor|Substitute|p1a: Exeggutor
|-start|p1a: Exeggutor|Substitute
|-damage|p1a: Exeggutor|50/100
|
|upkeep
|turn|6
|
|t:|1769427448
|move|p2a: Entei|Calm Mind|p2a: Entei
|-boost|p2a: Entei|spa|1
|-boost|p2a: Entei|spd|1
|move|p1a: Exeggutor|Stored Power|p2a: Entei
|-activate|p2a: Entei|move: Substitute|[damage]
|
|upkeep
|turn|7
|
|t:|1769427456
|move|p2a: Entei|Calm Mind|p2a: Entei
|-boost|p2a: Entei|spa|1
|-boost|p2a: Entei|spd|1
|move|p1a: Exeggutor|Stored Power|p2a: Entei
|-activate|p2a: Entei|move: Substitute|[damage]
|
|upkeep
|turn|8
|-message|BlueAgentSlayer forfeited.
|
|win|los chipirones
|raw|BlueAgentSlayer's rating: 1137 &rarr; <strong>1115</strong><br />(-22 for losing)
|raw|los chipirones's rating: 1177 &rarr; <strong>1199</strong><br />(+22 for winning)
|l|☆BlueAgentSlayer
|player|p1|
