|j|☆elite four ozzy
|j|☆Ryan's World
|t:|1769384354
|gametype|singles
|player|p1|elite four ozzy|170|1603
|player|p2|Ryan's World|170|1702
|gen|9
|tier|[Gen 9] OU
|rated|
|rule|HP Percentage Mod: HP is shown in percentages
|rule|Endless Battle Clause: Forcing endless battles is banned
|rule|Species Clause: Limit one of each Pokémon
|rule|OHKO Clause: OHKO moves are banned
|rule|Evasion Items Clause: Evasion items are banned
|rule|Evasion Moves Clause: Evasion moves are banned
|rule|Evasion Abilities Clause: Evasion abilities are banned
|rule|Sleep Moves Clause: Sleep-inducing moves are banned
|clearpoke
|poke|p1|Gholdengo|
|poke|p1|Zamazenta-*|
|poke|p1|Ting-Lu|
|poke|p1|Clefable, F|
|poke|p1|Dragonite, M|
|poke|p1|Deoxys-Speed|
|poke|p2|Corviknight, M|
|poke|p2|Hatterene, F|
|poke|p2|Great Tusk|
|poke|p2|Slowking-Galar, M|
|poke|p2|Kyurem|
|poke|p2|Kingambit, M|
|teampreview
|
|t:|1769384386
|teamsize|p1|6
|teamsize|p2|6
|start
|switch|p1a: Moonrock 350|Clefable, F|100/100
|switch|p2a: Slowking|Slowking-Galar, M|100/100
|turn|1
|j| Ssul
|j| shedtailhater
|
|t:|1769384392
|move|p1a: Moonrock 350|Knock Off|p2a: Slowking
|-supereffective|p2a: Slowking
|-damage|p2a: Slowking|68/100
|-enditem|p2a: Slowking|Black Sludge|[from] move: Knock Off|[of] p1a: Moonrock 350
|move|p2a: Slowking|Sludge Bomb|p1a: Moonrock 350
|-supereffective|p1a: Moonrock 350
|-damage|p1a: Moonrock 350|38/100
|-status|p1a: Moonrock 350|psn
|
|upkeep
|turn|2
|
|t:|1769384401
|move|p1a: Moonrock 350|Moonlight|p1a: Moonrock 350
|-heal|p1a: Moonrock 350|88/100 psn
|move|p2a: Slowking|Future Sight|p1a: Moonrock 350
|-start|p2a: Slowking|move: Future Sight
|
|upkeep
|turn|3
|
|t:|1769384409
|switch|p1a: Djengo Unrained|Gholdengo|100/100
|move|p2a: Slowking|Sludge Bomb|p1a: Djengo Unrained
|-immune|p1a: Djengo Unrained
|
|upkeep
|turn|4
|
|t:|1769384418
|switch|p1a: Up Bowl On Em|Ting-Lu|100/100
|-ability|p1a: Up Bowl On Em|Vessel of Ruin
|switch|p2a: Kingambit|Kingambit, M|100/100
|
|-end|p1a: Up Bowl On Em|move: Future Sight
|-immune|p1a: Up Bowl On Em
|upkeep
|turn|5
|
|t:|1769384430
|-end|p2a: Kingambit|fallenundefined|[silent]
|switch|p2a: Hatterene|Hatterene, F|100/100
|move|p1a: Up Bowl On Em|Spikes|p2a: Hatterene
|move|p2a: Hatterene|Spikes|p1a: Up Bowl On Em|[from] ability: Magic Bounce
|-sidestart|p1: elite four ozzy|Spikes
|
|upkeep
|turn|6
|
|t:|1769384439
|move|p1a: Up Bowl On Em|Ruination|p2a: Hatterene
|-damage|p2a: Hatterene|51/100
|move|p2a: Hatterene|Mystical Fire|p1a: Up Bowl On Em
|-damage|p1a: Up Bowl On Em|90/100
|-unboost|p1a: Up Bowl On Em|spa|1
|
|-heal|p1a: Up Bowl On Em|96/100|[from] item: Leftovers
|upkeep
|turn|7
|
|t:|1769384452
|move|p1a: Up Bowl On Em|Earthquake|p2a: Hatterene
|-damage|p2a: Hatterene|22/100
|move|p2a: Hatterene|Draining Kiss|p1a: Up Bowl On Em
|-supereffective|p1a: Up Bowl On Em
|-damage|p1a: Up Bowl On Em|77/100
|-heal|p2a: Hatterene|45/100|[from] drain|[of] p1a: Up Bowl On Em
|
|-heal|p1a: Up Bowl On Em|84/100|[from] item: Leftovers
|upkeep
|turn|8
|
|t:|1769384460
|move|p1a: Up Bowl On Em|Earthquake|p2a: Hatterene
|-damage|p2a: Hatterene|14/100
|move|p2a: Hatterene|Pain Split|p1a: Up Bowl On Em
|-sethp|p1a: Up Bowl On Em|46/100|[from] move: Pain Split|[silent]
|-sethp|p2a: Hatterene|75/100|[from] move: Pain Split
|
|-heal|p1a: Up Bowl On Em|52/100|[from] item: Leftovers
|upkeep
|turn|9
|
|t:|1769384464
|move|p1a: Up Bowl On Em|Ruination|p2a: Hatterene
|-damage|p2a: Hatterene|38/100
|move|p2a: Hatterene|Draining Kiss|p1a: Up Bowl On Em
|-supereffective|p1a: Up Bowl On Em
|-damage|p1a: Up Bowl On Em|32/100
|-heal|p2a: Hatterene|62/100|[from] drain|[of] p1a: Up Bowl On Em
|
|-heal|p1a: Up Bowl On Em|38/100|[from] item: Leftovers
|upkeep
|turn|10
|
|t:|1769384471
|switch|p1a: Moonrock 350|Clefable, F|88/100 psn
|move|p2a: Hatterene|Draining Kiss|p1a: Moonrock 350
|-damage|p1a: Moonrock 350|66/100 psn
|-heal|p2a: Hatterene|82/100|[from] drain|[of] p1a: Moonrock 350
|-damage|p2a: Hatterene|66/100|[from] item: Rocky Helmet|[of] p1a: Moonrock 350
|
|upkeep
|turn|11
|
|t:|1769384476
|switch|p2a: Slowking|Slowking-Galar, M|100/100
|move|p1a: Moonrock 350|Knock Off|p2a: Slowking
|-supereffective|p2a: Slowking
|-damage|p2a: Slowking|79/100
|
|upkeep
|turn|12
|
|t:|1769384488
|switch|p1a: Djengo Unrained|Gholdengo|100/100
|switch|p2a: Hatterene|Hatterene, F|66/100
|
|upkeep
|turn|13
|
|t:|1769384498
|switch|p2a: Kingambit|Kingambit, M|100/100
|move|p1a: Djengo Unrained|Make It Rain|p2a: Kingambit
|-resisted|p2a: Kingambit
|-damage|p2a: Kingambit|76/100
|-unboost|p1a: Djengo Unrained|spa|1
|
|-heal|p2a: Kingambit|82/100|[from] item: Leftovers
|upkeep
|turn|14
|
|t:|1769384508
|switch|p1a: Moonrock 350|Clefable, F|66/100 psn
|move|p2a: Kingambit|Swords Dance|p2a: Kingambit
|-boost|p2a: Kingambit|atk|2
|
|-heal|p2a: Kingambit|88/100|[from] item: Leftovers
|upkeep
|turn|15
|
|t:|1769384516
|move|p1a: Moonrock 350|Moonblast|p2a: Kingambit
|-damage|p2a: Kingambit|59/100
|move|p2a: Kingambit|Kowtow Cleave|p1a: Moonrock 350
|-resisted|p1a: Moonrock 350
|-damage|p1a: Moonrock 350|24/100 psn
|-damage|p2a: Kingambit|43/100|[from] item: Rocky Helmet|[of] p1a: Moonrock 350
|
|-heal|p2a: Kingambit|49/100|[from] item: Leftovers
|upkeep
|turn|16
|
|t:|1769384527
|move|p1a: Moonrock 350|Moonblast|p2a: Kingambit
|-damage|p2a: Kingambit|21/100
|-unboost|p2a: Kingambit|spa|1
|move|p2a: Kingambit|Kowtow Cleave|p1a: Moonrock 350
|-resisted|p1a: Moonrock 350
|-damage|p1a: Moonrock 350|0 fnt
|-damage|p2a: Kingambit|4/100|[from] item: Rocky Helmet|[of] p1a: Moonrock 350
|faint|p1a: Moonrock 350
|
|-heal|p2a: Kingambit|11/100|[from] item: Leftovers
|upkeep
|l| Ssul
|
|t:|1769384539
|switch|p1a: Secret Service|Dragonite, M|100/100
|turn|17
|
|t:|1769384550
|-end|p2a: Kingambit|fallenundefined|[silent]
|switch|p2a: Corviknight|Corviknight, M|100/100
|-ability|p2a: Corviknight|Pressure
|move|p1a: Secret Service|Extreme Speed|p2a: Corviknight
|-resisted|p2a: Corviknight
|-damage|p2a: Corviknight|91/100
|-damage|p1a: Secret Service|84/100|[from] item: Rocky Helmet|[of] p2a: Corviknight
|
|upkeep
|turn|18
|
|t:|1769384569
|switch|p2a: Kingambit|Kingambit, M|11/100
|move|p1a: Secret Service|Roost|p1a: Secret Service
|-heal|p1a: Secret Service|100/100
|-singleturn|p1a: Secret Service|move: Roost
|
|-heal|p2a: Kingambit|17/100|[from] item: Leftovers
|upkeep
|turn|19
|
|t:|1769384578
|-end|p2a: Kingambit|fallenundefined|[silent]
|switch|p2a: Corviknight|Corviknight, M|91/100
|-ability|p2a: Corviknight|Pressure
|move|p1a: Secret Service|Earthquake|p2a: Corviknight
|-immune|p2a: Corviknight
|
|upkeep
|turn|20
|inactive|Battle timer is ON: inactive players will automatically lose when time's up. (requested by Ryan's World)
|
|t:|1769384588
|move|p2a: Corviknight|Body Press|p1a: Secret Service
|-resisted|p1a: Secret Service
|-damage|p1a: Secret Service|95/100
|move|p1a: Secret Service|Dragon Tail|p2a: Corviknight
|-resisted|p2a: Corviknight
|-damage|p2a: Corviknight|82/100
|-damage|p1a: Secret Service|79/100|[from] item: Rocky Helmet|[of] p2a: Corviknight
|drag|p2a: Kyurem|Kyurem|100/100
|-ability|p2a: Kyurem|Pressure
|
|upkeep
|turn|21
|
|t:|1769384604
|-terastallize|p1a: Secret Service|Normal
|move|p2a: Kyurem|Substitute|p2a: Kyurem
|-start|p2a: Kyurem|Substitute
|-damage|p2a: Kyurem|76/100
|move|p1a: Secret Service|Dragon Tail|p2a: Kyurem
|-supereffective|p2a: Kyurem
|-end|p2a: Kyurem|Substitute
|
|-heal|p2a: Kyurem|82/100|[from] item: Leftovers
|upkeep
|turn|22
|
|t:|1769384620
|move|p2a: Kyurem|Protect|p2a: Kyurem
|-singleturn|p2a: Kyurem|Protect
|move|p1a: Secret Service|Dragon Tail|p2a: Kyurem
|-activate|p2a: Kyurem|move: Protect
|
|-heal|p2a: Kyurem|88/100|[from] item: Leftovers
|upkeep
|turn|23
|
|t:|1769384635
|switch|p2a: Corviknight|Corviknight, M|82/100
|-ability|p2a: Corviknight|Pressure
|move|p1a: Secret Service|Dragon Tail|p2a: Corviknight
|-resisted|p2a: Corviknight
|-damage|p2a: Corviknight|70/100
|-damage|p1a: Secret Service|62/100|[from] item: Rocky Helmet|[of] p2a: Corviknight
|drag|p2a: Kingambit|Kingambit, M|17/100
|
|-heal|p2a: Kingambit|23/100|[from] item: Leftovers
|upkeep
|turn|24
|
|t:|1769384643
|-end|p2a: Kingambit|fallenundefined|[silent]
|switch|p2a: Corviknight|Corviknight, M|70/100
|-ability|p2a: Corviknight|Pressure
|move|p1a: Secret Service|Roost|p1a: Secret Service
|-heal|p1a: Secret Service|100/100
|
|upkeep
|turn|25
|
|t:|1769384651
|switch|p1a: Djengo Unrained|Gholdengo|100/100
|move|p2a: Corviknight|Body Press|p1a: Djengo Unrained
|-immune|p1a: Djengo Unrained
|
|upkeep
|turn|26
|
|t:|1769384669
|switch|p2a: Kyurem|Kyurem|88/100
|-ability|p2a: Kyurem|Pressure
|move|p1a: Djengo Unrained|Make It Rain|p2a: Kyurem
|-supereffective|p2a: Kyurem
|-damage|p2a: Kyurem|0 fnt
|-unboost|p1a: Djengo Unrained|spa|1
|faint|p2a: Kyurem
|
|upkeep
|
|t:|1769384676
|switch|p2a: Great Tusk|Great Tusk|100/100
|turn|27
|inactive|elite four ozzy has 120 seconds left.
|
|t:|1769384709
|switch|p1a: Dude Nasty Asf|Deoxys-Speed|100/100
|-ability|p1a: Dude Nasty Asf|Pressure
|move|p2a: Great Tusk|Knock Off|p1a: Dude Nasty Asf
|-supereffective|p1a: Dude Nasty Asf
|-damage|p1a: Dude Nasty Asf|0 fnt
|-enditem|p1a: Dude Nasty Asf|Heavy-Duty Boots|[from] move: Knock Off|[of] p2a: Great Tusk
|faint|p1a: Dude Nasty Asf
|
|upkeep
|inactive|elite four ozzy has 120 seconds left.
|
|t:|1769384720
|switch|p1a: Djengo Unrained|Gholdengo|100/100
|turn|28
|inactive|elite four ozzy has 120 seconds left.
|
|t:|1769384736
|-end|p2a: Great Tusk|Protosynthesis|[silent]
|switch|p2a: Slowking|Slowking-Galar, M|100/100
|move|p1a: Djengo Unrained|Make It Rain|p2a: Slowking
|-damage|p2a: Slowking|69/100
|-unboost|p1a: Djengo Unrained|spa|1
|
|upkeep
|turn|29
|inactive|Ryan's World has 120 seconds left.
|inactive|elite four ozzy has 120 seconds left.
|
|t:|1769384768
|-terastallize|p2a: Slowking|Water
|move|p1a: Djengo Unrained|Nasty Plot|p1a: Djengo Unrained
|-boost|p1a: Djengo Unrained|spa|2
|-prepare|p2a: Slowking|Chilly Reception|[premajor]
|move|p2a: Slowking|Chilly Reception|p2a: Slowking
|-weather|Snowscape
|
|t:|1769384771
|switch|p2a: Great Tusk|Great Tusk|100/100|[from] Chilly Reception
|
|-weather|Snowscape|[upkeep]
|upkeep
|turn|30
|
|t:|1769384777
|move|p2a: Great Tusk|Headlong Rush|p1a: Djengo Unrained
|-supereffective|p1a: Djengo Unrained
|-damage|p1a: Djengo Unrained|17/100
|-unboost|p2a: Great Tusk|def|1
|-unboost|p2a: Great Tusk|spd|1
|move|p1a: Djengo Unrained|Make It Rain|p2a: Great Tusk
|-damage|p2a: Great Tusk|0 fnt
|-unboost|p1a: Djengo Unrained|spa|1
|faint|p2a: Great Tusk
|-end|p2a: Great Tusk|Protosynthesis|[silent]
|
|-weather|Snowscape|[upkeep]
|upkeep
|
|t:|1769384784
|switch|p2a: Kingambit|Kingambit, M|23/100
|-activate|p2a: Kingambit|ability: Supreme Overlord
|-start|p2a: Kingambit|fallen2|[silent]
|turn|31
|
|t:|1769384803
|move|p1a: Djengo Unrained|Make It Rain|p2a: Kingambit
|-resisted|p2a: Kingambit
|-damage|p2a: Kingambit|0 fnt
|-unboost|p1a: Djengo Unrained|spa|1
|faint|p2a: Kingambit
|-end|p2a: Kingambit|fallen2|[silent]
|
|-weather|Snowscape|[upkeep]
|upkeep
|-message|Ryan's World forfeited.
|
|win|elite four ozzy
|raw|elite four ozzy's rating: 1603 &rarr; <strong>1629</strong><br />(+26 for winning)
|raw|Ryan&apos;s World's rating: 1702 &rarr; <strong>1676</strong><br />(-26 for losing)
|l|☆Ryan's World
|player|p2|
