|j|☆antzinmypantz
|j|☆Fatty Mama
|t:|1769386760
|gametype|singles
|player|p1|antzinmypantz|101|1367
|player|p2|Fatty Mama|touristf2|1471
|gen|9
|tier|[Gen 9] OU
|rated|
|rule|HP Percentage Mod: HP is shown in percentages
|rule|Endless Battle Clause: Forcing endless battles is banned
|rule|Species Clause: Limit one of each Pokémon
|rule|OHKO Clause: OHKO moves are banned
|rule|Evasion Items Clause: Evasion items are banned
|rule|Evasion Moves Clause: Evasion moves are banned
|rule|Evasion Abilities Clause: Evasion abilities are banned
|rule|Sleep Moves Clause: Sleep-inducing moves are banned
|clearpoke
|poke|p1|Wigglytuff, M|
|poke|p1|Lilligant-Hisui, F|
|poke|p1|Empoleon, F|
|poke|p1|Latias, F|
|poke|p1|Skeledirge, F|
|poke|p1|Mamoswine, F|
|poke|p2|Zamazenta-*|
|poke|p2|Ceruledge, F|
|poke|p2|Moltres-Galar|
|poke|p2|Deoxys-Speed|
|poke|p2|Ogerpon-Wellspring, F|
|poke|p2|Glimmora, F|
|teampreview
|inactive|Battle timer is ON: inactive players will automatically lose when time's up. (requested by Fatty Mama)
|
|t:|1769386776
|teamsize|p1|6
|teamsize|p2|6
|start
|switch|p1a: Mamoswine|Mamoswine, F|100/100
|switch|p2a: Ogerpon|Ogerpon-Wellspring, F|100/100
|turn|1
|
|t:|1769386785
|move|p2a: Ogerpon|Ivy Cudgel|p1a: Mamoswine|[anim] Ivy Cudgel Water
|-supereffective|p1a: Mamoswine
|-enditem|p1a: Mamoswine|Focus Sash
|-damage|p1a: Mamoswine|1/100
|move|p1a: Mamoswine|Icicle Crash|p2a: Ogerpon
|-damage|p2a: Ogerpon|44/100
|
|upkeep
|turn|2
|
|t:|1769386795
|move|p1a: Mamoswine|Ice Shard|p2a: Ogerpon
|-damage|p2a: Ogerpon|16/100
|move|p2a: Ogerpon|Horn Leech|p1a: Mamoswine
|-supereffective|p1a: Mamoswine
|-damage|p1a: Mamoswine|0 fnt
|-heal|p2a: Ogerpon|16/100|[from] drain|[of] p1a: Mamoswine
|faint|p1a: Mamoswine
|
|upkeep
|
|t:|1769386811
|switch|p1a: Latias|Latias, F|100/100
|turn|3
|
|t:|1769386819
|switch|p2a: Ceruledge|Ceruledge, F|100/100
|move|p1a: Latias|Mist Ball|p2a: Ceruledge
|-damage|p2a: Ceruledge|51/100
|
|upkeep
|turn|4
|
|t:|1769386828
|move|p2a: Ceruledge|Shadow Sneak|p1a: Latias
|-supereffective|p1a: Latias
|-damage|p1a: Latias|25/100
|-damage|p2a: Ceruledge|41/100|[from] item: Life Orb
|move|p1a: Latias|Mist Ball|p2a: Ceruledge
|-damage|p2a: Ceruledge|0 fnt
|faint|p2a: Ceruledge
|
|upkeep
|
|t:|1769386837
|switch|p2a: Moltres|Moltres-Galar|100/100
|turn|5
|
|t:|1769386845
|switch|p1a: Wigglytuff|Wigglytuff, M|100/100
|move|p2a: Moltres|Nasty Plot|p2a: Moltres
|-boost|p2a: Moltres|spa|2
|
|upkeep
|turn|6
|
|t:|1769386854
|move|p2a: Moltres|Fiery Wrath|p1a: Wigglytuff
|-resisted|p1a: Wigglytuff
|-damage|p1a: Wigglytuff|52/100
|cant|p1a: Wigglytuff|flinch
|
|upkeep
|turn|7
|
|t:|1769386864
|move|p2a: Moltres|Fiery Wrath|p1a: Wigglytuff
|-resisted|p1a: Wigglytuff
|-damage|p1a: Wigglytuff|3/100
|move|p1a: Wigglytuff|Thunderbolt|p2a: Moltres
|-supereffective|p2a: Moltres
|-damage|p2a: Moltres|44/100
|-ability|p2a: Moltres|Berserk|boost
|-boost|p2a: Moltres|spa|1
|-enditem|p2a: Moltres|Sitrus Berry|[eat]
|-heal|p2a: Moltres|69/100|[from] item: Sitrus Berry
|
|upkeep
|turn|8
|
|t:|1769386872
|move|p2a: Moltres|Fiery Wrath|p1a: Wigglytuff
|-resisted|p1a: Wigglytuff
|-damage|p1a: Wigglytuff|0 fnt
|faint|p1a: Wigglytuff
|
|upkeep
|
|t:|1769386878
|switch|p1a: Latias|Latias, F|25/100
|turn|9
|
|t:|1769386886
|move|p1a: Latias|Draco Meteor|p2a: Moltres|[miss]
|-miss|p1a: Latias|p2a: Moltres
|move|p2a: Moltres|Agility|p2a: Moltres
|-boost|p2a: Moltres|spe|2
|
|upkeep
|turn|10
|
|t:|1769386894
|move|p2a: Moltres|Fiery Wrath|p1a: Latias
|-supereffective|p1a: Latias
|-damage|p1a: Latias|0 fnt
|faint|p1a: Latias
|
|upkeep
|
|t:|1769386902
|switch|p1a: Skeledirge|Skeledirge, F|100/100
|turn|11
|
|t:|1769386912
|-terastallize|p1a: Skeledirge|Fairy
|move|p2a: Moltres|Fiery Wrath|p1a: Skeledirge
|-resisted|p1a: Skeledirge
|-damage|p1a: Skeledirge|83/100
|move|p1a: Skeledirge|Torch Song|p2a: Moltres
|-damage|p2a: Moltres|42/100
|-boost|p1a: Skeledirge|spa|1
|-ability|p2a: Moltres|Berserk|boost
|-boost|p2a: Moltres|spa|1
|
|upkeep
|turn|12
|
|t:|1769386921
|move|p2a: Moltres|Fiery Wrath|p1a: Skeledirge
|-resisted|p1a: Skeledirge
|-damage|p1a: Skeledirge|66/100
|cant|p1a: Skeledirge|flinch
|
|upkeep
|turn|13
|
|t:|1769386929
|move|p2a: Moltres|Fiery Wrath|p1a: Skeledirge
|-resisted|p1a: Skeledirge
|-damage|p1a: Skeledirge|49/100
|move|p1a: Skeledirge|Slack Off|p1a: Skeledirge
|-heal|p1a: Skeledirge|99/100
|
|upkeep
|turn|14
|
|t:|1769386937
|move|p2a: Moltres|Tera Blast|p1a: Skeledirge
|-damage|p1a: Skeledirge|80/100
|move|p1a: Skeledirge|Will-O-Wisp|p2a: Moltres
|-status|p2a: Moltres|brn
|
|-damage|p2a: Moltres|36/100 brn|[from] brn
|upkeep
|turn|15
|
|t:|1769386945
|move|p2a: Moltres|Tera Blast|p1a: Skeledirge
|-damage|p1a: Skeledirge|58/100
|move|p1a: Skeledirge|Torch Song|p2a: Moltres
|-damage|p2a: Moltres|0 fnt
|-boost|p1a: Skeledirge|spa|1
|faint|p2a: Moltres
|
|upkeep
|
|t:|1769386953
|switch|p2a: Ogerpon|Ogerpon-Wellspring, F|16/100
|turn|16
|
|t:|1769386962
|-terastallize|p2a: Ogerpon|Water
|detailschange|p2a: Ogerpon|Ogerpon-Wellspring-Tera, F, tera:Water
|-ability|p2a: Ogerpon|Embody Aspect (Wellspring)|boost
|-boost|p2a: Ogerpon|spd|1
|move|p2a: Ogerpon|Ivy Cudgel|p1a: Skeledirge|[anim] Ivy Cudgel Water
|-damage|p1a: Skeledirge|0 fnt
|faint|p1a: Skeledirge
|
|upkeep
|
|t:|1769386969
|switch|p1a: Empoleon|Empoleon, F|100/100
|turn|17
|
|t:|1769386977
|move|p2a: Ogerpon|Swords Dance|p2a: Ogerpon
|-boost|p2a: Ogerpon|atk|2
|move|p1a: Empoleon|Agility|p1a: Empoleon
|-boost|p1a: Empoleon|spe|2
|
|upkeep
|turn|18
|inactive|antzinmypantz has 120 seconds left.
|
|t:|1769387019
|move|p1a: Empoleon|Hydro Pump|p2a: Ogerpon
|-resisted|p2a: Ogerpon
|-damage|p2a: Ogerpon|0 fnt
|faint|p2a: Ogerpon
|detailschange|p2: Ogerpon|Ogerpon-Wellspring, F|[silent]
|
|upkeep
|
|t:|1769387028
|switch|p2a: Zamazenta|Zamazenta|100/100
|-ability|p2a: Zamazenta|Dauntless Shield|boost
|-boost|p2a: Zamazenta|def|1
|turn|19
|
|t:|1769387035
|move|p1a: Empoleon|Endure|p1a: Empoleon
|-singleturn|p1a: Empoleon|move: Endure
|move|p2a: Zamazenta|Body Press|p1a: Empoleon
|-supereffective|p1a: Empoleon
|-activate|p1a: Empoleon|move: Endure
|-damage|p1a: Empoleon|1/100
|-enditem|p1a: Empoleon|Petaya Berry|[eat]
|-boost|p1a: Empoleon|spa|1|[from] item: Petaya Berry
|
|upkeep
|turn|20
|
|t:|1769387044
|move|p1a: Empoleon|Hydro Pump|p2a: Zamazenta|[miss]
|-miss|p1a: Empoleon|p2a: Zamazenta
|move|p2a: Zamazenta|Body Press|p1a: Empoleon
|-supereffective|p1a: Empoleon
|-damage|p1a: Empoleon|0 fnt
|faint|p1a: Empoleon
|
|upkeep
|
|t:|1769387047
|switch|p1a: Lilligant|Lilligant-Hisui, F|100/100
|turn|21
|-message|antzinmypantz forfeited.
|
|win|Fatty Mama
|raw|antzinmypantz's rating: 1367 &rarr; <strong>1353</strong><br />(-14 for losing)
|raw|Fatty Mama's rating: 1471 &rarr; <strong>1485</strong><br />(+14 for winning)
|l|☆antzinmypantz
|player|p1|
|l|☆Fatty Mama
|player|p2|
