|j|☆charizardfirex1
|j|☆xxnb
|t:|1769324501
|gametype|singles
|player|p1|charizardfirex1|102|1082
|player|p2|xxnb|iris-gen5bw2|1157
|gen|9
|tier|[Gen 9] OU
|rated|
|rule|HP Percentage Mod: HP is shown in percentages
|rule|Endless Battle Clause: Forcing endless battles is banned
|rule|Species Clause: Limit one of each Pokémon
|rule|OHKO Clause: OHKO moves are banned
|rule|Evasion Items Clause: Evasion items are banned
|rule|Evasion Moves Clause: Evasion moves are banned
|rule|Evasion Abilities Clause: Evasion abilities are banned
|rule|Sleep Moves Clause: Sleep-inducing moves are banned
|clearpoke
|poke|p1|Feraligatr, M|
|poke|p1|Forretress, M|
|poke|p1|Politoed, F|
|poke|p1|Floatzel, F|
|poke|p1|Rotom-Mow|
|poke|p1|Whiscash, M|
|poke|p2|Clefable, M|
|poke|p2|Porygon2|
|poke|p2|Grimmsnarl, M|
|poke|p2|Landorus-Therian, M|
|poke|p2|Great Tusk|
|poke|p2|Ceruledge, M|
|teampreview
|inactive|Battle timer is ON: inactive players will automatically lose when time's up. (requested by charizardfirex1)
|
|t:|1769324513
|teamsize|p1|6
|teamsize|p2|6
|start
|switch|p1a: Forretress|Forretress, M|100/100
|switch|p2a: Grimmsnarl|Grimmsnarl, M|100/100
|turn|1
|
|t:|1769324529
|move|p2a: Grimmsnarl|Taunt|p1a: Forretress
|-start|p1a: Forretress|move: Taunt
|cant|p1a: Forretress|move: Taunt|Thunder Wave
|
|upkeep
|turn|2
|
|t:|1769324539
|switch|p1a: Politoed|Politoed, F|100/100
|-weather|RainDance|[from] ability: Drizzle|[of] p1a: Politoed
|move|p2a: Grimmsnarl|Reflect|p2a: Grimmsnarl
|-sidestart|p2: xxnb|Reflect
|
|-weather|RainDance|[upkeep]
|upkeep
|turn|3
|
|t:|1769324551
|move|p2a: Grimmsnarl|Light Screen|p2a: Grimmsnarl
|-sidestart|p2: xxnb|move: Light Screen
|move|p1a: Politoed|Weather Ball|p2a: Grimmsnarl
|-damage|p2a: Grimmsnarl|72/100
|
|-weather|RainDance|[upkeep]
|upkeep
|turn|4
|
|t:|1769324572
|switch|p2a: Porygon2|Porygon2|100/100
|move|p1a: Politoed|Perish Song|p1a: Politoed
|-start|p1a: Politoed|perish3|[silent]
|-start|p2a: Porygon2|perish3|[silent]
|-fieldactivate|move: Perish Song
|
|-weather|RainDance|[upkeep]
|-start|p1a: Politoed|perish3
|-start|p2a: Porygon2|perish3
|upkeep
|turn|5
|
|t:|1769324583
|move|p1a: Politoed|Weather Ball|p2a: Porygon2
|-damage|p2a: Porygon2|87/100
|move|p2a: Porygon2|Thunder Wave|p1a: Politoed
|-status|p1a: Politoed|par
|
|-weather|RainDance|[upkeep]
|-start|p2a: Porygon2|perish2
|-start|p1a: Politoed|perish2
|upkeep
|turn|6
|
|t:|1769324597
|switch|p2a: Clefable|Clefable, M|100/100
|move|p1a: Politoed|Earth Power|p2a: Clefable
|-damage|p2a: Clefable|91/100
|
|-weather|RainDance|[upkeep]
|-start|p1a: Politoed|perish1
|upkeep
|turn|7
|
|t:|1769324604
|switch|p1a: Forretress|Forretress, M|100/100
|move|p2a: Clefable|Calm Mind|p2a: Clefable
|-boost|p2a: Clefable|spa|1
|-boost|p2a: Clefable|spd|1
|
|-weather|RainDance|[upkeep]
|upkeep
|turn|8
|
|t:|1769324611
|move|p2a: Clefable|Calm Mind|p2a: Clefable
|-boost|p2a: Clefable|spa|1
|-boost|p2a: Clefable|spd|1
|move|p1a: Forretress|Thunder Wave|p2a: Clefable
|-status|p2a: Clefable|par
|
|-weather|RainDance|[upkeep]
|upkeep
|turn|9
|
|t:|1769324628
|move|p1a: Forretress|Stealth Rock|p2a: Clefable
|-sidestart|p2: xxnb|move: Stealth Rock
|move|p2a: Clefable|Calm Mind|p2a: Clefable
|-boost|p2a: Clefable|spa|1
|-boost|p2a: Clefable|spd|1
|
|-weather|none
|-sideend|p2: xxnb|Reflect
|upkeep
|turn|10
|
|t:|1769324637
|move|p1a: Forretress|Gyro Ball|p2a: Clefable
|-supereffective|p2a: Clefable
|-damage|p2a: Clefable|74/100 par
|move|p2a: Clefable|Calm Mind|p2a: Clefable
|-boost|p2a: Clefable|spa|1
|-boost|p2a: Clefable|spd|1
|
|-sideend|p2: xxnb|move: Light Screen
|upkeep
|turn|11
|
|t:|1769324643
|switch|p1a: Politoed|Politoed, F|100/100 par
|-weather|RainDance|[from] ability: Drizzle|[of] p1a: Politoed
|move|p2a: Clefable|Moonlight|p2a: Clefable
|-heal|p2a: Clefable|99/100 par
|
|-weather|RainDance|[upkeep]
|upkeep
|turn|12
|
|t:|1769324651
|move|p1a: Politoed|Perish Song|p1a: Politoed
|-start|p1a: Politoed|perish3|[silent]
|-start|p2a: Clefable|perish3|[silent]
|-fieldactivate|move: Perish Song
|move|p2a: Clefable|Stored Power|p1a: Politoed
|-damage|p1a: Politoed|0 fnt
|faint|p1a: Politoed
|
|-weather|RainDance|[upkeep]
|-start|p2a: Clefable|perish3
|upkeep
|
|t:|1769324679
|switch|p1a: Forretress|Forretress, M|100/100
|turn|13
|
|t:|1769324687
|move|p1a: Forretress|Gyro Ball|p2a: Clefable
|-supereffective|p2a: Clefable
|-damage|p2a: Clefable|84/100 par
|move|p2a: Clefable|Stored Power|p1a: Forretress
|-resisted|p1a: Forretress
|-ability|p1a: Forretress|Sturdy
|-damage|p1a: Forretress|1/100
|-enditem|p1a: Forretress|Red Card|[of] p2a: Clefable
|drag|p2a: Porygon2|Porygon2|87/100
|-damage|p2a: Porygon2|75/100|[from] Stealth Rock
|
|-weather|RainDance|[upkeep]
|upkeep
|turn|14
|
|t:|1769324711
|switch|p1a: Feraligatr|Feraligatr, M|100/100
|move|p2a: Porygon2|Shadow Ball|p1a: Feraligatr
|-damage|p1a: Feraligatr|71/100
|
|-weather|RainDance|[upkeep]
|upkeep
|turn|15
|inactive|xxnb has 120 seconds left.
|
|t:|1769324752
|move|p1a: Feraligatr|Muddy Water|p2a: Porygon2
|-damage|p2a: Porygon2|33/100
|move|p2a: Porygon2|Recover|p2a: Porygon2
|-heal|p2a: Porygon2|83/100
|
|-weather|RainDance|[upkeep]
|upkeep
|turn|16
|
|t:|1769324759
|move|p1a: Feraligatr|Muddy Water|p2a: Porygon2|[miss]
|-miss|p1a: Feraligatr|p2a: Porygon2
|move|p2a: Porygon2|Recover|p2a: Porygon2
|-heal|p2a: Porygon2|100/100
|
|-weather|RainDance|[upkeep]
|upkeep
|turn|17
|
|t:|1769324766
|move|p1a: Feraligatr|Muddy Water|p2a: Porygon2
|-damage|p2a: Porygon2|56/100
|move|p2a: Porygon2|Thunder Wave|p1a: Feraligatr
|-status|p1a: Feraligatr|par
|
|-weather|RainDance|[upkeep]
|upkeep
|turn|18
|
|t:|1769324774
|move|p2a: Porygon2|Recover|p2a: Porygon2
|-heal|p2a: Porygon2|100/100
|cant|p1a: Feraligatr|par
|
|-weather|none
|upkeep
|turn|19
|
|t:|1769324783
|move|p2a: Porygon2|Shadow Ball|p1a: Feraligatr
|-damage|p1a: Feraligatr|46/100 par
|move|p1a: Feraligatr|Agility|p1a: Feraligatr
|-boost|p1a: Feraligatr|spe|2
|
|upkeep
|turn|20
|
|t:|1769324789
|move|p1a: Feraligatr|Agility|p1a: Feraligatr
|-boost|p1a: Feraligatr|spe|2
|move|p2a: Porygon2|Shadow Ball|p1a: Feraligatr
|-damage|p1a: Feraligatr|14/100 par
|-unboost|p1a: Feraligatr|spd|1
|
|upkeep
|turn|21
|
|t:|1769324800
|move|p1a: Feraligatr|Ice Beam|p2a: Porygon2
|-damage|p2a: Porygon2|82/100
|move|p2a: Porygon2|Shadow Ball|p1a: Feraligatr
|-damage|p1a: Feraligatr|0 fnt
|faint|p1a: Feraligatr
|
|upkeep
|
|t:|1769324812
|switch|p1a: Whiscash|Whiscash, M|100/100
|turn|22
|
|t:|1769324824
|switch|p2a: Great Tusk|Great Tusk|100/100
|-damage|p2a: Great Tusk|98/100|[from] Stealth Rock
|move|p1a: Whiscash|Dragon Dance|p1a: Whiscash
|-boost|p1a: Whiscash|atk|1
|-boost|p1a: Whiscash|spe|1
|
|-heal|p2a: Great Tusk|100/100|[from] item: Leftovers
|upkeep
|turn|23
|
|t:|1769324838
|move|p1a: Whiscash|Liquidation|p2a: Great Tusk
|-supereffective|p2a: Great Tusk
|-damage|p2a: Great Tusk|55/100
|move|p2a: Great Tusk|Knock Off|p1a: Whiscash
|-damage|p1a: Whiscash|69/100
|-enditem|p1a: Whiscash|Leftovers|[from] move: Knock Off|[of] p2a: Great Tusk
|
|-heal|p2a: Great Tusk|61/100|[from] item: Leftovers
|upkeep
|turn|24
|
|t:|1769324846
|move|p1a: Whiscash|Dragon Dance|p1a: Whiscash
|-boost|p1a: Whiscash|atk|1
|-boost|p1a: Whiscash|spe|1
|move|p2a: Great Tusk|Rapid Spin|p1a: Whiscash
|-damage|p1a: Whiscash|52/100
|-boost|p2a: Great Tusk|spe|1
|-sideend|p2: xxnb|Stealth Rock|[from] move: Rapid Spin|[of] p2a: Great Tusk
|
|-heal|p2a: Great Tusk|67/100|[from] item: Leftovers
|upkeep
|turn|25
|
|t:|1769324854
|move|p1a: Whiscash|Dragon Dance|p1a: Whiscash
|-boost|p1a: Whiscash|atk|1
|-boost|p1a: Whiscash|spe|1
|move|p2a: Great Tusk|Close Combat|p1a: Whiscash
|-damage|p1a: Whiscash|0 fnt
|-unboost|p2a: Great Tusk|def|1
|-unboost|p2a: Great Tusk|spd|1
|faint|p1a: Whiscash
|
|-heal|p2a: Great Tusk|74/100|[from] item: Leftovers
|upkeep
|
|t:|1769324861
|switch|p1a: Floatzel|Floatzel, F, shiny|100/100
|turn|26
|
|t:|1769324867
|-end|p2a: Great Tusk|Protosynthesis|[silent]
|switch|p2a: Grimmsnarl|Grimmsnarl, M|72/100
|move|p1a: Floatzel|Wave Crash|p2a: Grimmsnarl
|-damage|p2a: Grimmsnarl|7/100
|-damage|p1a: Floatzel|76/100|[from] Recoil
|
|upkeep
|turn|27
|
|t:|1769324875
|switch|p1a: Rotom|Rotom-Mow, shiny|100/100
|move|p2a: Grimmsnarl|Reflect|p2a: Grimmsnarl
|-sidestart|p2: xxnb|Reflect
|
|upkeep
|turn|28
|
|t:|1769324883
|move|p2a: Grimmsnarl|Light Screen|p2a: Grimmsnarl
|-sidestart|p2: xxnb|move: Light Screen
|move|p1a: Rotom|Nasty Plot|p1a: Rotom
|-boost|p1a: Rotom|spa|2
|
|upkeep
|turn|29
|
|t:|1769324893
|move|p1a: Rotom|Thunderbolt|p2a: Grimmsnarl
|-damage|p2a: Grimmsnarl|0 fnt
|faint|p2a: Grimmsnarl
|
|upkeep
|
|t:|1769324899
|switch|p2a: Landorus|Landorus-Therian, M|100/100
|-ability|p2a: Landorus|Intimidate|boost
|-unboost|p1a: Rotom|atk|1
|turn|30
|
|t:|1769324910
|move|p2a: Landorus|U-turn|p1a: Rotom
|-supereffective|p1a: Rotom
|-damage|p1a: Rotom|2/100
|
|t:|1769324914
|switch|p2a: Porygon2|Porygon2|82/100|[from] U-turn
|move|p1a: Rotom|Leaf Storm|p2a: Porygon2
|-damage|p2a: Porygon2|54/100
|-unboost|p1a: Rotom|spa|2
|
|-heal|p1a: Rotom|8/100|[from] item: Leftovers
|upkeep
|turn|31
|inactive|charizardfirex1 has 120 seconds left.
|
|t:|1769324945
|move|p1a: Rotom|Volt Switch|p2a: Porygon2
|-damage|p2a: Porygon2|48/100
|inactive|charizardfirex1 has 120 seconds left.
|
|t:|1769324951
|switch|p1a: Forretress|Forretress, M|1/100|[from] Volt Switch
|move|p2a: Porygon2|Shadow Ball|p1a: Forretress
|-damage|p1a: Forretress|0 fnt
|faint|p1a: Forretress
|
|upkeep
|inactive|charizardfirex1 has 120 seconds left.
|
|t:|1769324956
|switch|p1a: Floatzel|Floatzel, F, shiny|76/100
|turn|32
|
|t:|1769324965
|move|p1a: Floatzel|Wave Crash|p2a: Porygon2
|-damage|p2a: Porygon2|20/100
|-damage|p1a: Floatzel|67/100|[from] Recoil
|move|p2a: Porygon2|Thunder Wave|p1a: Floatzel
|-status|p1a: Floatzel|par
|
|upkeep
|turn|33
|
|t:|1769324972
|move|p1a: Floatzel|Wave Crash|p2a: Porygon2
|-damage|p2a: Porygon2|0 fnt
|faint|p2a: Porygon2
|-damage|p1a: Floatzel|60/100 par|[from] Recoil
|
|upkeep
|
|t:|1769324975
|switch|p2a: Ceruledge|Ceruledge, M|100/100
|turn|34
|
|t:|1769324985
|-terastallize|p2a: Ceruledge|Grass
|-terastallize|p1a: Floatzel|Water
|move|p2a: Ceruledge|Swords Dance|p2a: Ceruledge
|-boost|p2a: Ceruledge|atk|2
|move|p1a: Floatzel|Wave Crash|p2a: Ceruledge
|-resisted|p2a: Ceruledge
|-damage|p2a: Ceruledge|62/100
|-damage|p1a: Floatzel|49/100 par|[from] Recoil
|
|-sideend|p2: xxnb|Reflect
|upkeep
|turn|35
|
|t:|1769324993
|move|p2a: Ceruledge|Shadow Sneak|p1a: Floatzel
|-damage|p1a: Floatzel|0 fnt
|faint|p1a: Floatzel
|
|-sideend|p2: xxnb|move: Light Screen
|upkeep
|
|t:|1769324996
|switch|p1a: Rotom|Rotom-Mow, shiny|8/100
|turn|36
|
|t:|1769325002
|move|p1a: Rotom|Thunderbolt|p2a: Ceruledge
|-resisted|p2a: Ceruledge
|-damage|p2a: Ceruledge|37/100
|move|p2a: Ceruledge|Bitter Blade|p1a: Rotom
|-supereffective|p1a: Rotom
|-damage|p1a: Rotom|0 fnt
|-heal|p2a: Ceruledge|41/100|[from] drain|[of] p1a: Rotom
|faint|p1a: Rotom
|
|win|xxnb
|raw|charizardfirex1's rating: 1082 &rarr; <strong>1064</strong><br />(-18 for losing)
|raw|xxnb's rating: 1157 &rarr; <strong>1177</strong><br />(+20 for winning)
|l|☆charizardfirex1
|player|p1|
|l|☆xxnb
|player|p2|
