|j|☆Pearl Loose
|j|☆aotoi
|t:|1769372177
|gametype|singles
|player|p1|Pearl Loose|picnicker|1199
|player|p2|aotoi|drayden|1247
|gen|9
|tier|[Gen 9] OU
|rated|
|rule|HP Percentage Mod: HP is shown in percentages
|rule|Endless Battle Clause: Forcing endless battles is banned
|rule|Species Clause: Limit one of each Pokémon
|rule|OHKO Clause: OHKO moves are banned
|rule|Evasion Items Clause: Evasion items are banned
|rule|Evasion Moves Clause: Evasion moves are banned
|rule|Evasion Abilities Clause: Evasion abilities are banned
|rule|Sleep Moves Clause: Sleep-inducing moves are banned
|clearpoke
|poke|p1|Ninetales-Alola, M|
|poke|p1|Wyrdeer, F|
|poke|p1|Hydrapple, M|
|poke|p1|Maushold-Four|
|poke|p1|Incineroar, F|
|poke|p1|Ursaluna, M|
|poke|p2|Lokix, F|
|poke|p2|Great Tusk|
|poke|p2|Samurott-Hisui, F|
|poke|p2|Hatterene, F|
|poke|p2|Raging Bolt|
|poke|p2|Heatran, M|
|teampreview
|inactive|Battle timer is ON: inactive players will automatically lose when time's up. (requested by aotoi)
|
|t:|1769372186
|teamsize|p1|6
|teamsize|p2|6
|start
|switch|p1a: Wyrdeer|Wyrdeer, F|100/100
|switch|p2a: Lokix|Lokix, F|100/100
|-ability|p1a: Wyrdeer|Intimidate|boost
|-unboost|p2a: Lokix|atk|1
|turn|1
|
|t:|1769372197
|switch|p1a: Incineroar|Incineroar, F|100/100
|-ability|p1a: Incineroar|Intimidate|boost
|-unboost|p2a: Lokix|atk|1
|move|p2a: Lokix|U-turn|p1a: Incineroar
|-damage|p1a: Incineroar|78/100
|
|t:|1769372209
|switch|p2a: Heatran|Heatran, M|100/100|[from] U-turn
|
|upkeep
|turn|2
|
|t:|1769372220
|move|p2a: Heatran|Stealth Rock|p1a: Incineroar
|-sidestart|p1: Pearl Loose|move: Stealth Rock
|move|p1a: Incineroar|Parting Shot|p2a: Heatran
|-unboost|p2a: Heatran|atk|1
|-unboost|p2a: Heatran|spa|1
|
|t:|1769372230
|switch|p1a: Ursaluna|Ursaluna, M|100/100|[from] Parting Shot
|-damage|p1a: Ursaluna|94/100|[from] Stealth Rock
|
|-status|p1a: Ursaluna|brn|[from] item: Flame Orb
|upkeep
|turn|3
|
|t:|1769372245
|switch|p2a: Hatterene|Hatterene, F|100/100
|move|p1a: Ursaluna|Earthquake|p2a: Hatterene
|-damage|p2a: Hatterene|22/100
|
|-damage|p1a: Ursaluna|88/100 brn|[from] brn
|upkeep
|turn|4
|
|t:|1769372256
|move|p1a: Ursaluna|Earthquake|p2a: Hatterene
|-damage|p2a: Hatterene|0 fnt
|faint|p2a: Hatterene
|
|-damage|p1a: Ursaluna|82/100 brn|[from] brn
|upkeep
|
|t:|1769372262
|switch|p2a: Heatran|Heatran, M|100/100
|turn|5
|
|t:|1769372271
|-terastallize|p2a: Heatran|Grass
|move|p2a: Heatran|Magma Storm|p1a: Ursaluna
|-damage|p1a: Ursaluna|45/100 brn
|-activate|p1a: Ursaluna|move: Magma Storm|[of] p2a: Heatran
|move|p1a: Ursaluna|Earthquake|p2a: Heatran
|-resisted|p2a: Heatran
|-damage|p2a: Heatran|66/100
|
|-heal|p2a: Heatran|73/100|[from] item: Leftovers
|-damage|p1a: Ursaluna|39/100 brn|[from] brn
|-damage|p1a: Ursaluna|27/100 brn|[from] move: Magma Storm|[partiallytrapped]
|upkeep
|turn|6
|-message|Pearl Loose forfeited.
|
|win|aotoi
|raw|Pearl Loose's rating: 1199 &rarr; <strong>1177</strong><br />(-22 for losing)
|raw|aotoi's rating: 1247 &rarr; <strong>1269</strong><br />(+22 for winning)
|l|☆Pearl Loose
|player|p1|
|l|☆aotoi
|player|p2|
