|j|☆Kiomzah
|j|☆bsgff
|t:|1769326629
|gametype|singles
|player|p1|Kiomzah|266|1200
|player|p2|bsgff|hilbert|1193
|gen|9
|tier|[Gen 9] OU
|rated|
|rule|HP Percentage Mod: HP is shown in percentages
|rule|Endless Battle Clause: Forcing endless battles is banned
|rule|Species Clause: Limit one of each Pokémon
|rule|OHKO Clause: OHKO moves are banned
|rule|Evasion Items Clause: Evasion items are banned
|rule|Evasion Moves Clause: Evasion moves are banned
|rule|Evasion Abilities Clause: Evasion abilities are banned
|rule|Sleep Moves Clause: Sleep-inducing moves are banned
|clearpoke
|poke|p1|Ceruledge, M|
|poke|p1|Heatran, F|
|poke|p1|Landorus-Therian, M|
|poke|p1|Gliscor, F|
|poke|p1|Raging Bolt|
|poke|p1|Primarina, F|
|poke|p2|Corviknight, M|
|poke|p2|Garchomp, M|
|poke|p2|Snorlax, M|
|poke|p2|Alomomola, F|
|poke|p2|Darkrai|
|poke|p2|Hatterene, F|
|teampreview
|inactive|Battle timer is ON: inactive players will automatically lose when time's up. (requested by bsgff)
|inactive|Kiomzah has 120 seconds left.
|
|t:|1769326685
|teamsize|p1|6
|teamsize|p2|6
|start
|switch|p1a: Ceruledge|Ceruledge, M|100/100
|switch|p2a: Darkrai|Darkrai|100/100
|turn|1
|
|t:|1769326697
|-terastallize|p2a: Darkrai|Poison
|move|p2a: Darkrai|Dark Pulse|p1a: Ceruledge
|-supereffective|p1a: Ceruledge
|-enditem|p1a: Ceruledge|Focus Sash
|-damage|p1a: Ceruledge|1/100
|move|p1a: Ceruledge|Close Combat|p2a: Darkrai
|-resisted|p2a: Darkrai
|-damage|p2a: Darkrai|74/100
|-unboost|p1a: Ceruledge|def|1
|-unboost|p1a: Ceruledge|spd|1
|
|upkeep
|turn|2
|
|t:|1769326707
|move|p1a: Ceruledge|Shadow Sneak|p2a: Darkrai
|-damage|p2a: Darkrai|46/100
|move|p2a: Darkrai|Ice Beam|p1a: Ceruledge
|-resisted|p1a: Ceruledge
|-damage|p1a: Ceruledge|0 fnt
|faint|p1a: Ceruledge
|
|upkeep
|
|t:|1769326713
|switch|p1a: Landorus|Landorus-Therian, M|100/100
|-ability|p1a: Landorus|Intimidate|boost
|-unboost|p2a: Darkrai|atk|1
|turn|3
|
|t:|1769326720
|switch|p2a: Hatterene|Hatterene, F, shiny|100/100
|move|p1a: Landorus|Earth Power|p2a: Hatterene
|-crit|p2a: Hatterene
|-damage|p2a: Hatterene|31/100
|
|-heal|p2a: Hatterene|37/100|[from] item: Leftovers
|upkeep
|turn|4
|
|t:|1769326727
|switch|p2a: Corviknight|Corviknight, M, shiny|100/100
|-ability|p2a: Corviknight|Pressure
|move|p1a: Landorus|Earth Power|p2a: Corviknight
|-immune|p2a: Corviknight
|
|upkeep
|turn|5
|
|t:|1769326739
|switch|p1a: Gliscor|Gliscor, F|100/100
|move|p2a: Corviknight|Substitute|p2a: Corviknight
|-start|p2a: Corviknight|Substitute
|-damage|p2a: Corviknight|75/100
|
|-heal|p2a: Corviknight|82/100|[from] item: Leftovers
|-status|p1a: Gliscor|tox|[from] item: Toxic Orb
|upkeep
|turn|6
|
|t:|1769326754
|move|p1a: Gliscor|Stealth Rock|p2a: Corviknight
|-sidestart|p2: bsgff|move: Stealth Rock
|move|p2a: Corviknight|Taunt|p1a: Gliscor
|-start|p1a: Gliscor|move: Taunt
|
|-heal|p2a: Corviknight|88/100|[from] item: Leftovers
|upkeep
|turn|7
|
|t:|1769326760
|move|p1a: Gliscor|Crabhammer|p2a: Corviknight
|-activate|p2a: Corviknight|move: Substitute|[damage]
|move|p2a: Corviknight|Brave Bird|p1a: Gliscor
|-damage|p1a: Gliscor|73/100 tox
|-damage|p2a: Corviknight|80/100|[from] Recoil
|
|-heal|p2a: Corviknight|86/100|[from] item: Leftovers
|-heal|p1a: Gliscor|86/100 tox|[from] ability: Poison Heal
|upkeep
|turn|8
|
|t:|1769326770
|move|p1a: Gliscor|Crabhammer|p2a: Corviknight|[miss]
|-miss|p1a: Gliscor|p2a: Corviknight
|move|p2a: Corviknight|Brave Bird|p1a: Gliscor
|-damage|p1a: Gliscor|60/100 tox
|-damage|p2a: Corviknight|79/100|[from] Recoil
|
|-heal|p2a: Corviknight|85/100|[from] item: Leftovers
|-heal|p1a: Gliscor|73/100 tox|[from] ability: Poison Heal
|upkeep
|turn|9
|
|t:|1769326776
|move|p1a: Gliscor|Crabhammer|p2a: Corviknight
|-end|p2a: Corviknight|Substitute
|move|p2a: Corviknight|Brave Bird|p1a: Gliscor
|-damage|p1a: Gliscor|45/100 tox
|-damage|p2a: Corviknight|77/100|[from] Recoil
|
|-heal|p2a: Corviknight|83/100|[from] item: Leftovers
|-heal|p1a: Gliscor|57/100 tox|[from] ability: Poison Heal
|-end|p1a: Gliscor|move: Taunt
|upkeep
|turn|10
|
|t:|1769326787
|switch|p1a: Raging Bolt|Raging Bolt|100/100
|move|p2a: Corviknight|Substitute|p2a: Corviknight
|-start|p2a: Corviknight|Substitute
|-damage|p2a: Corviknight|58/100
|
|-heal|p2a: Corviknight|64/100|[from] item: Leftovers
|upkeep
|turn|11
|
|t:|1769326797
|move|p2a: Corviknight|Taunt|p1a: Raging Bolt
|-start|p1a: Raging Bolt|move: Taunt
|move|p1a: Raging Bolt|Snarl|p2a: Corviknight
|-damage|p2a: Corviknight|48/100
|-unboost|p2a: Corviknight|spa|1
|-enditem|p1a: Raging Bolt|Throat Spray
|-boost|p1a: Raging Bolt|spa|1|[from] item: Throat Spray
|
|-heal|p2a: Corviknight|54/100|[from] item: Leftovers
|upkeep
|turn|12
|
|t:|1769326813
|move|p2a: Corviknight|Roost|p2a: Corviknight
|-heal|p2a: Corviknight|100/100
|-singleturn|p2a: Corviknight|move: Roost
|move|p1a: Raging Bolt|Discharge|p2a: Corviknight
|-end|p2a: Corviknight|Substitute
|
|upkeep
|turn|13
|
|t:|1769326821
|move|p2a: Corviknight|Substitute|p2a: Corviknight
|-start|p2a: Corviknight|Substitute
|-damage|p2a: Corviknight|75/100
|move|p1a: Raging Bolt|Dragon Pulse|p2a: Corviknight
|-resisted|p2a: Corviknight
|-end|p2a: Corviknight|Substitute
|
|-heal|p2a: Corviknight|82/100|[from] item: Leftovers
|-end|p1a: Raging Bolt|move: Taunt
|upkeep
|turn|14
|
|t:|1769326832
|move|p2a: Corviknight|Substitute|p2a: Corviknight
|-start|p2a: Corviknight|Substitute
|-damage|p2a: Corviknight|57/100
|move|p1a: Raging Bolt|Discharge|p2a: Corviknight
|-supereffective|p2a: Corviknight
|-crit|p2a: Corviknight
|-end|p2a: Corviknight|Substitute
|
|-heal|p2a: Corviknight|63/100|[from] item: Leftovers
|upkeep
|turn|15
|
|t:|1769326853
|switch|p2a: Garchomp|Garchomp, M|100/100
|-damage|p2a: Garchomp|94/100|[from] Stealth Rock
|move|p1a: Raging Bolt|Snarl|p2a: Garchomp
|-damage|p2a: Garchomp|64/100
|-unboost|p2a: Garchomp|spa|1
|
|upkeep
|turn|16
|inactive|bsgff has 120 seconds left.
|
|t:|1769326874
|switch|p2a: Hatterene|Hatterene, F, shiny|37/100
|-damage|p2a: Hatterene|25/100|[from] Stealth Rock
|-terastallize|p1a: Raging Bolt|Flying
|move|p1a: Raging Bolt|Dragon Pulse|p2a: Hatterene
|-immune|p2a: Hatterene
|
|-heal|p2a: Hatterene|31/100|[from] item: Leftovers
|upkeep
|turn|17
|inactive|bsgff has 120 seconds left.
|
|t:|1769326893
|move|p1a: Raging Bolt|Discharge|p2a: Hatterene
|-damage|p2a: Hatterene|0 fnt
|faint|p2a: Hatterene
|
|upkeep
|
|t:|1769326895
|switch|p2a: Alomomola|Alomomola, F|100/100
|turn|18
|inactive|bsgff has 120 seconds left.
|
|t:|1769326908
|move|p1a: Raging Bolt|Dragon Pulse|p2a: Alomomola
|-damage|p2a: Alomomola|47/100
|move|p2a: Alomomola|Mirror Coat|p1a: Raging Bolt
|-damage|p1a: Raging Bolt|0 fnt
|faint|p1a: Raging Bolt
|-end|p1a: Raging Bolt|Protosynthesis|[silent]
|
|upkeep
|
|t:|1769326916
|switch|p1a: Gliscor|Gliscor, F|57/100 tox
|turn|19
|
|t:|1769326923
|switch|p2a: Corviknight|Corviknight, M, shiny|63/100
|-damage|p2a: Corviknight|50/100|[from] Stealth Rock
|-ability|p2a: Corviknight|Pressure
|move|p1a: Gliscor|Toxic|p2a: Corviknight
|-immune|p2a: Corviknight
|
|-heal|p2a: Corviknight|57/100|[from] item: Leftovers
|-heal|p1a: Gliscor|69/100 tox|[from] ability: Poison Heal
|upkeep
|turn|20
|
|t:|1769326929
|switch|p1a: Primarina|Primarina, F|100/100
|move|p2a: Corviknight|Substitute|p2a: Corviknight
|-start|p2a: Corviknight|Substitute
|-damage|p2a: Corviknight|32/100
|
|-heal|p2a: Corviknight|38/100|[from] item: Leftovers
|upkeep
|turn|21
|
|t:|1769326933
|move|p2a: Corviknight|Roost|p2a: Corviknight
|-heal|p2a: Corviknight|88/100
|-singleturn|p2a: Corviknight|move: Roost
|move|p1a: Primarina|Hyper Voice|p2a: Corviknight
|-damage|p2a: Corviknight|50/100
|-enditem|p1a: Primarina|Throat Spray
|-boost|p1a: Primarina|spa|1|[from] item: Throat Spray
|
|-heal|p2a: Corviknight|57/100|[from] item: Leftovers
|upkeep
|turn|22
|
|t:|1769326941
|move|p2a: Corviknight|Roost|p2a: Corviknight
|-heal|p2a: Corviknight|100/100
|-singleturn|p2a: Corviknight|move: Roost
|move|p1a: Primarina|Hyper Voice|p2a: Corviknight
|-damage|p2a: Corviknight|47/100
|
|-heal|p2a: Corviknight|53/100|[from] item: Leftovers
|upkeep
|turn|23
|
|t:|1769326952
|move|p2a: Corviknight|Roost|p2a: Corviknight
|-heal|p2a: Corviknight|100/100
|-singleturn|p2a: Corviknight|move: Roost
|move|p1a: Primarina|Hyper Voice|p2a: Corviknight
|-damage|p2a: Corviknight|48/100
|
|-heal|p2a: Corviknight|55/100|[from] item: Leftovers
|upkeep
|turn|24
|
|t:|1769326967
|switch|p2a: Snorlax|Snorlax, M|100/100
|-damage|p2a: Snorlax|88/100|[from] Stealth Rock
|move|p1a: Primarina|Hyper Voice|p2a: Snorlax
|-damage|p2a: Snorlax|57/100
|
|upkeep
|turn|25
|
|t:|1769326975
|move|p1a: Primarina|Hyper Voice|p2a: Snorlax
|-damage|p2a: Snorlax|26/100
|move|p2a: Snorlax|Body Slam|p1a: Primarina
|-damage|p1a: Primarina|47/100
|
|upkeep
|turn|26
|
|t:|1769326981
|move|p1a: Primarina|Hyper Voice|p2a: Snorlax
|-damage|p2a: Snorlax|0 fnt
|faint|p2a: Snorlax
|
|upkeep
|
|t:|1769326984
|switch|p2a: Darkrai|Darkrai, tera:Poison|46/100
|-damage|p2a: Darkrai|34/100|[from] Stealth Rock
|turn|27
|
|t:|1769326994
|switch|p1a: Heatran|Heatran, F|100/100
|-item|p1a: Heatran|Air Balloon
|move|p2a: Darkrai|Dark Pulse|p1a: Heatran
|-damage|p1a: Heatran|64/100
|-enditem|p1a: Heatran|Air Balloon
|
|upkeep
|turn|28
|
|t:|1769327016
|switch|p2a: Alomomola|Alomomola, F|80/100
|move|p1a: Heatran|Earth Power|p2a: Alomomola
|-damage|p2a: Alomomola|54/100
|
|upkeep
|turn|29
|
|t:|1769327023
|switch|p1a: Gliscor|Gliscor, F|69/100 tox
|move|p2a: Alomomola|Wish|p2a: Alomomola
|
|-heal|p1a: Gliscor|82/100 tox|[from] ability: Poison Heal
|upkeep
|turn|30
|
|t:|1769327035
|move|p1a: Gliscor|Toxic|p2a: Alomomola
|-status|p2a: Alomomola|tox
|move|p2a: Alomomola|Flip Turn|p1a: Gliscor
|-supereffective|p1a: Gliscor
|-damage|p1a: Gliscor|58/100 tox
|
|t:|1769327037
|switch|p2a: Darkrai|Darkrai, tera:Poison|34/100|[from] Flip Turn
|-damage|p2a: Darkrai|21/100|[from] Stealth Rock
|
|-heal|p2a: Darkrai|100/100|[from] move: Wish|[wisher] Alomomola
|-heal|p1a: Gliscor|70/100 tox|[from] ability: Poison Heal
|upkeep
|turn|31
|
|t:|1769327043
|move|p2a: Darkrai|Ice Beam|p1a: Gliscor
|-supereffective|p1a: Gliscor
|-damage|p1a: Gliscor|0 fnt
|faint|p1a: Gliscor
|
|upkeep
|
|t:|1769327047
|switch|p1a: Landorus|Landorus-Therian, M|100/100
|-ability|p1a: Landorus|Intimidate|boost
|-unboost|p2a: Darkrai|atk|1
|turn|32
|
|t:|1769327052
|switch|p1a: Heatran|Heatran, F|64/100
|switch|p2a: Corviknight|Corviknight, M, shiny|55/100
|-damage|p2a: Corviknight|42/100|[from] Stealth Rock
|-ability|p2a: Corviknight|Pressure
|
|-heal|p2a: Corviknight|48/100|[from] item: Leftovers
|upkeep
|turn|33
|
|t:|1769327069
|switch|p2a: Alomomola|Alomomola, F|87/100 tox
|move|p1a: Heatran|Power Gem|p2a: Alomomola
|-damage|p2a: Alomomola|66/100 tox
|
|-damage|p2a: Alomomola|60/100 tox|[from] psn
|upkeep
|turn|34
|
|t:|1769327079
|switch|p1a: Primarina|Primarina, F|47/100
|move|p2a: Alomomola|Flip Turn|p1a: Primarina
|-resisted|p1a: Primarina
|-damage|p1a: Primarina|35/100
|
|t:|1769327088
|switch|p2a: Garchomp|Garchomp, M|64/100|[from] Flip Turn
|-damage|p2a: Garchomp|58/100|[from] Stealth Rock
|
|upkeep
|turn|35
|
|t:|1769327096
|move|p2a: Garchomp|Earthquake|p1a: Primarina
|-damage|p1a: Primarina|0 fnt
|faint|p1a: Primarina
|
|upkeep
|
|t:|1769327100
|switch|p1a: Landorus|Landorus-Therian, M|100/100
|-ability|p1a: Landorus|Intimidate|boost
|-unboost|p2a: Garchomp|atk|1
|turn|36
|-message|Kiomzah forfeited.
|
|win|bsgff
|raw|Kiomzah's rating: 1200 &rarr; <strong>1174</strong><br />(-26 for losing)
|raw|bsgff's rating: 1193 &rarr; <strong>1219</strong><br />(+26 for winning)
|l|☆Kiomzah
|player|p1|
|l|☆bsgff
|player|p2|
