|j|☆1337muffin1337
|j|☆Vincent 2011
|t:|1769321365
|gametype|singles
|player|p1|1337muffin1337|rocketgruntf|1078
|player|p2|Vincent 2011|youngster-gen4dp|1079
|gen|9
|tier|[Gen 9] OU
|rated|
|rule|HP Percentage Mod: HP is shown in percentages
|rule|Endless Battle Clause: Forcing endless battles is banned
|rule|Species Clause: Limit one of each Pokémon
|rule|OHKO Clause: OHKO moves are banned
|rule|Evasion Items Clause: Evasion items are banned
|rule|Evasion Moves Clause: Evasion moves are banned
|rule|Evasion Abilities Clause: Evasion abilities are banned
|rule|Sleep Moves Clause: Sleep-inducing moves are banned
|clearpoke
|poke|p1|Delphox, F|
|poke|p1|Venusaur, F|
|poke|p1|Blastoise, M|
|poke|p1|Darkrai|
|poke|p1|Iron Treads|
|poke|p1|Conkeldurr, M|
|poke|p2|Infernape, M|
|poke|p2|Meowscarada, F|
|poke|p2|Gastrodon, M|
|poke|p2|Weavile, F|
|poke|p2|Bronzong|
|poke|p2|Garchomp, F|
|teampreview
|inactive|Battle timer is ON: inactive players will automatically lose when time's up. (requested by Vincent 2011)
|
|t:|1769321373
|teamsize|p1|6
|teamsize|p2|6
|start
|switch|p1a: Blastoise|Blastoise, M|100/100
|switch|p2a: Infernape|Infernape, M|100/100
|turn|1
|
|t:|1769321382
|move|p2a: Infernape|U-turn|p1a: Blastoise
|-damage|p1a: Blastoise|75/100
|-damage|p2a: Infernape|91/100|[from] item: Life Orb
|
|t:|1769321386
|switch|p2a: Meowscarada|Meowscarada, F|100/100|[from] U-turn
|move|p1a: Blastoise|Shell Smash|p1a: Blastoise
|-unboost|p1a: Blastoise|def|1
|-unboost|p1a: Blastoise|spd|1
|-boost|p1a: Blastoise|atk|2
|-boost|p1a: Blastoise|spa|2
|-boost|p1a: Blastoise|spe|2
|
|upkeep
|turn|2
|
|t:|1769321397
|move|p1a: Blastoise|Ice Beam|p2a: Meowscarada
|-supereffective|p2a: Meowscarada
|-damage|p2a: Meowscarada|0 fnt
|faint|p2a: Meowscarada
|
|upkeep
|
|t:|1769321405
|switch|p2a: Gastrodon|Gastrodon, M|100/100
|turn|3
|
|t:|1769321411
|move|p1a: Blastoise|Ice Beam|p2a: Gastrodon
|-damage|p2a: Gastrodon|55/100
|-status|p2a: Gastrodon|frz
|cant|p2a: Gastrodon|frz
|
|upkeep
|turn|4
|
|t:|1769321418
|move|p1a: Blastoise|Ice Beam|p2a: Gastrodon
|-damage|p2a: Gastrodon|8/100 frz
|cant|p2a: Gastrodon|frz
|
|upkeep
|turn|5
|
|t:|1769321424
|move|p1a: Blastoise|Shell Smash|p1a: Blastoise
|-unboost|p1a: Blastoise|def|1
|-unboost|p1a: Blastoise|spd|1
|-boost|p1a: Blastoise|atk|2
|-boost|p1a: Blastoise|spa|2
|-boost|p1a: Blastoise|spe|2
|cant|p2a: Gastrodon|frz
|
|upkeep
|turn|6
|
|t:|1769321432
|move|p1a: Blastoise|Ice Beam|p2a: Gastrodon
|-damage|p2a: Gastrodon|0 fnt
|faint|p2a: Gastrodon
|
|upkeep
|
|t:|1769321441
|switch|p2a: Bronzong|Bronzong|100/100
|turn|7
|
|t:|1769321450
|move|p1a: Blastoise|Water Spout|p2a: Bronzong
|-damage|p2a: Bronzong|6/100
|move|p2a: Bronzong|Gyro Ball|p1a: Blastoise
|-resisted|p1a: Blastoise
|-damage|p1a: Blastoise|26/100
|
|-heal|p2a: Bronzong|13/100|[from] item: Leftovers
|upkeep
|turn|8
|
|t:|1769321463
|move|p2a: Bronzong|Protect|p2a: Bronzong
|-singleturn|p2a: Bronzong|Protect
|move|p1a: Blastoise|Water Spout|p2a: Bronzong
|-activate|p2a: Bronzong|move: Protect
|
|-heal|p2a: Bronzong|19/100|[from] item: Leftovers
|upkeep
|turn|9
|
|t:|1769321473
|move|p1a: Blastoise|Water Spout|p2a: Bronzong
|-damage|p2a: Bronzong|0 fnt
|faint|p2a: Bronzong
|
|upkeep
|
|t:|1769321479
|switch|p2a: Infernape|Infernape, M|91/100
|turn|10
|
|t:|1769321483
|move|p2a: Infernape|Mach Punch|p1a: Blastoise
|-damage|p1a: Blastoise|0 fnt
|faint|p1a: Blastoise
|-damage|p2a: Infernape|81/100|[from] item: Life Orb
|
|upkeep
|
|t:|1769321490
|switch|p1a: Iron Treads|Iron Treads|100/100
|-enditem|p1a: Iron Treads|Booster Energy
|-activate|p1a: Iron Treads|ability: Quark Drive|[fromitem]
|-start|p1a: Iron Treads|quarkdrivespe
|turn|11
|
|t:|1769321498
|-terastallize|p1a: Iron Treads|Electric
|move|p1a: Iron Treads|Earthquake|p2a: Infernape
|-supereffective|p2a: Infernape
|-damage|p2a: Infernape|0 fnt
|faint|p2a: Infernape
|
|upkeep
|
|t:|1769321505
|switch|p2a: Weavile|Weavile, F|100/100
|-ability|p2a: Weavile|Pressure
|turn|12
|
|t:|1769321514
|move|p1a: Iron Treads|Stone Edge|p2a: Weavile
|-supereffective|p2a: Weavile
|-crit|p2a: Weavile
|-enditem|p2a: Weavile|Focus Sash
|-damage|p2a: Weavile|1/100
|move|p2a: Weavile|Brick Break|p1a: Iron Treads
|-damage|p1a: Iron Treads|80/100
|
|upkeep
|turn|13
|
|t:|1769321524
|move|p1a: Iron Treads|Earthquake|p2a: Weavile
|-damage|p2a: Weavile|0 fnt
|faint|p2a: Weavile
|
|upkeep
|
|t:|1769321529
|switch|p2a: Garchomp|Garchomp, F|100/100
|turn|14
|
|t:|1769321537
|move|p1a: Iron Treads|Supercell Slam|p2a: Garchomp
|-immune|p2a: Garchomp
|-damage|p1a: Iron Treads|30/100|[from] supercellslam
|move|p2a: Garchomp|Swords Dance|p2a: Garchomp
|-boost|p2a: Garchomp|atk|2
|
|upkeep
|turn|15
|
|t:|1769321545
|move|p1a: Iron Treads|Stone Edge|p2a: Garchomp
|-resisted|p2a: Garchomp
|-damage|p2a: Garchomp|88/100
|move|p2a: Garchomp|Swords Dance|p2a: Garchomp
|-boost|p2a: Garchomp|atk|2
|
|-heal|p2a: Garchomp|95/100|[from] item: Leftovers
|upkeep
|turn|16
|
|t:|1769321556
|move|p1a: Iron Treads|Earthquake|p2a: Garchomp
|-damage|p2a: Garchomp|55/100
|move|p2a: Garchomp|Swords Dance|p2a: Garchomp
|-boost|p2a: Garchomp|atk|2
|
|-heal|p2a: Garchomp|61/100|[from] item: Leftovers
|upkeep
|turn|17
|
|t:|1769321565
|move|p1a: Iron Treads|Earthquake|p2a: Garchomp
|-damage|p2a: Garchomp|20/100
|move|p2a: Garchomp|Earthquake|p1a: Iron Treads
|-supereffective|p1a: Iron Treads
|-damage|p1a: Iron Treads|0 fnt
|faint|p1a: Iron Treads
|-end|p1a: Iron Treads|Quark Drive|[silent]
|
|-heal|p2a: Garchomp|26/100|[from] item: Leftovers
|upkeep
|
|t:|1769321573
|switch|p1a: Conkeldurr|Conkeldurr, M|100/100
|turn|18
|
|t:|1769321580
|move|p1a: Conkeldurr|Mach Punch|p2a: Garchomp
|-damage|p2a: Garchomp|0 fnt
|faint|p2a: Garchomp
|
|win|1337muffin1337
|raw|1337muffin1337's rating: 1078 &rarr; <strong>1106</strong><br />(+28 for winning)
|raw|Vincent 2011's rating: 1079 &rarr; <strong>1057</strong><br />(-22 for losing)
|l|☆Vincent 2011
|player|p2|
|j|☆Vincent 2011
|player|p2|Vincent 2011|youngster-gen4dp|
|l|☆1337muffin1337
|player|p1|
|l|☆Vincent 2011
|player|p2|
