|j|☆UnexpectdSets
|j|☆Oooppplllop
|t:|1769356030
|gametype|singles
|player|p1|UnexpectdSets|flint|1411
|player|p2|Oooppplllop|misty|1424
|gen|9
|tier|[Gen 9] OU
|rated|
|rule|HP Percentage Mod: HP is shown in percentages
|rule|Endless Battle Clause: Forcing endless battles is banned
|rule|Species Clause: Limit one of each Pokémon
|rule|OHKO Clause: OHKO moves are banned
|rule|Evasion Items Clause: Evasion items are banned
|rule|Evasion Moves Clause: Evasion moves are banned
|rule|Evasion Abilities Clause: Evasion abilities are banned
|rule|Sleep Moves Clause: Sleep-inducing moves are banned
|clearpoke
|poke|p1|Clawitzer, M|
|poke|p1|Landorus-Therian, M|
|poke|p1|Azelf|
|poke|p1|Gholdengo|
|poke|p1|Bisharp, M|
|poke|p1|Samurott-Hisui, F|
|poke|p2|Samurott-Hisui, M|
|poke|p2|Dragonite, M|
|poke|p2|Kingambit, F|
|poke|p2|Iron Moth|
|poke|p2|Iron Valiant|
|poke|p2|Moltres-Galar|
|teampreview
|inactive|Battle timer is ON: inactive players will automatically lose when time's up. (requested by Oooppplllop)
|
|t:|1769356045
|teamsize|p1|6
|teamsize|p2|6
|start
|switch|p1a: Landorus|Landorus-Therian, M|100/100
|switch|p2a: Samurott|Samurott-Hisui, M|100/100
|-ability|p1a: Landorus|Intimidate|boost
|-unboost|p2a: Samurott|atk|1
|turn|1
|
|t:|1769356051
|move|p1a: Landorus|U-turn|p2a: Samurott
|-supereffective|p2a: Samurott
|-damage|p2a: Samurott|14/100
|
|t:|1769356056
|switch|p1a: Samurott|Samurott-Hisui, F|100/100|[from] U-turn
|move|p2a: Samurott|Ceaseless Edge|p1a: Samurott
|-resisted|p1a: Samurott
|-damage|p1a: Samurott|81/100
|-sidestart|p1: UnexpectdSets|Spikes
|
|upkeep
|turn|2
|
|t:|1769356064
|move|p1a: Samurott|Ceaseless Edge|p2a: Samurott
|-resisted|p2a: Samurott
|-damage|p2a: Samurott|0 fnt
|-sidestart|p2: Oooppplllop|Spikes
|faint|p2a: Samurott
|
|upkeep
|
|t:|1769356067
|switch|p2a: Moltres|Moltres-Galar|100/100
|turn|3
|
|t:|1769356073
|move|p1a: Samurott|Ceaseless Edge|p2a: Moltres|[miss]
|-miss|p1a: Samurott|p2a: Moltres
|move|p2a: Moltres|Agility|p2a: Moltres
|-boost|p2a: Moltres|spe|2
|
|upkeep
|turn|4
|
|t:|1769356081
|move|p2a: Moltres|Nasty Plot|p2a: Moltres
|-boost|p2a: Moltres|spa|2
|move|p1a: Samurott|Ceaseless Edge|p2a: Moltres|[miss]
|-miss|p1a: Samurott|p2a: Moltres
|
|upkeep
|turn|5
|
|t:|1769356084
|-terastallize|p2a: Moltres|Fairy
|move|p2a: Moltres|Tera Blast|p1a: Samurott|[anim] Tera Blast Fairy
|-supereffective|p1a: Samurott
|-damage|p1a: Samurott|0 fnt
|faint|p1a: Samurott
|
|upkeep
|
|t:|1769356107
|switch|p1a: Clawitzer|Clawitzer, M|100/100
|-damage|p1a: Clawitzer|88/100|[from] Spikes
|turn|6
|
|t:|1769356112
|move|p2a: Moltres|Fiery Wrath|p1a: Clawitzer
|-damage|p1a: Clawitzer|4/100
|cant|p1a: Clawitzer|flinch
|
|upkeep
|turn|7
|
|t:|1769356117
|move|p2a: Moltres|Fiery Wrath|p1a: Clawitzer
|-damage|p1a: Clawitzer|0 fnt
|faint|p1a: Clawitzer
|
|upkeep
|
|t:|1769356121
|switch|p1a: Bisharp|Bisharp, M|100/100
|-damage|p1a: Bisharp|88/100|[from] Spikes
|turn|8
|
|t:|1769356125
|move|p2a: Moltres|Tera Blast|p1a: Bisharp|[anim] Tera Blast Fairy
|-damage|p1a: Bisharp|9/100
|move|p1a: Bisharp|Iron Head|p2a: Moltres
|-supereffective|p2a: Moltres
|-damage|p2a: Moltres|0 fnt
|faint|p2a: Moltres
|
|upkeep
|
|t:|1769356132
|switch|p2a: Iron Moth|Iron Moth|100/100
|-damage|p2a: Iron Moth|88/100|[from] Spikes
|-enditem|p2a: Iron Moth|Booster Energy
|-activate|p2a: Iron Moth|ability: Quark Drive|[fromitem]
|-start|p2a: Iron Moth|quarkdrivespe
|turn|9
|
|t:|1769356136
|move|p1a: Bisharp|Sucker Punch|p2a: Iron Moth
|-damage|p2a: Iron Moth|36/100
|move|p2a: Iron Moth|Fiery Dance|p1a: Bisharp
|-supereffective|p1a: Bisharp
|-damage|p1a: Bisharp|0 fnt
|faint|p1a: Bisharp
|
|upkeep
|
|t:|1769356150
|switch|p1a: Landorus|Landorus-Therian, M|100/100
|-ability|p1a: Landorus|Intimidate|boost
|-unboost|p2a: Iron Moth|atk|1
|turn|10
|
|t:|1769356156
|move|p2a: Iron Moth|Fiery Dance|p1a: Landorus
|-damage|p1a: Landorus|45/100
|move|p1a: Landorus|Smack Down|p2a: Iron Moth
|-supereffective|p2a: Iron Moth
|-crit|p2a: Iron Moth
|-damage|p2a: Iron Moth|0 fnt
|faint|p2a: Iron Moth
|-end|p2a: Iron Moth|Quark Drive|[silent]
|
|upkeep
|
|t:|1769356162
|switch|p2a: Iron Valiant|Iron Valiant|100/100
|-damage|p2a: Iron Valiant|88/100|[from] Spikes
|turn|11
|
|t:|1769356164
|move|p2a: Iron Valiant|Shadow Ball|p1a: Landorus
|-damage|p1a: Landorus|0 fnt
|faint|p1a: Landorus
|
|upkeep
|
|t:|1769356168
|switch|p1a: Azelf|Azelf|100/100
|turn|12
|
|t:|1769356170
|move|p1a: Azelf|Psychic|p2a: Iron Valiant
|-supereffective|p2a: Iron Valiant
|-damage|p2a: Iron Valiant|0 fnt
|faint|p2a: Iron Valiant
|-end|p2a: Iron Valiant|Quark Drive|[silent]
|
|upkeep
|
|t:|1769356178
|switch|p2a: Kingambit|Kingambit, F|100/100
|-activate|p2a: Kingambit|ability: Supreme Overlord
|-start|p2a: Kingambit|fallen4|[silent]
|-item|p2a: Kingambit|Air Balloon
|turn|13
|
|t:|1769356182
|switch|p1a: Gholdengo|Gholdengo|100/100
|-damage|p1a: Gholdengo|88/100|[from] Spikes
|move|p2a: Kingambit|Swords Dance|p2a: Kingambit
|-boost|p2a: Kingambit|atk|2
|
|-heal|p1a: Gholdengo|94/100|[from] item: Leftovers
|upkeep
|turn|14
|
|t:|1769356193
|-terastallize|p1a: Gholdengo|Fairy
|move|p2a: Kingambit|Sucker Punch||[still]
|-fail|p2a: Kingambit
|move|p1a: Gholdengo|Nasty Plot|p1a: Gholdengo
|-boost|p1a: Gholdengo|spa|2
|
|-heal|p1a: Gholdengo|99/100|[from] item: Leftovers
|upkeep
|turn|15
|
|t:|1769356197
|move|p1a: Gholdengo|Dazzling Gleam|p2a: Kingambit
|-damage|p2a: Kingambit|5/100
|-enditem|p2a: Kingambit|Air Balloon
|move|p2a: Kingambit|Iron Head|p1a: Gholdengo
|-supereffective|p1a: Gholdengo
|-damage|p1a: Gholdengo|0 fnt
|faint|p1a: Gholdengo
|
|upkeep
|
|t:|1769356201
|switch|p1a: Azelf|Azelf|100/100
|turn|16
|
|t:|1769356206
|move|p2a: Kingambit|Sucker Punch|p1a: Azelf
|-supereffective|p1a: Azelf
|-damage|p1a: Azelf|0 fnt
|faint|p1a: Azelf
|
|win|Oooppplllop
|raw|UnexpectdSets's rating: 1411 &rarr; <strong>1392</strong><br />(-19 for losing)
|raw|Oooppplllop's rating: 1424 &rarr; <strong>1443</strong><br />(+19 for winning)
|l|☆UnexpectdSets
|player|p1|
|l|☆Oooppplllop
|player|p2|
