|j|☆exelpapu
|j|☆Cetus45
|t:|1769394262
|gametype|singles
|player|p1|exelpapu|1|1548
|player|p2|Cetus45|waiter|1481
|gen|9
|tier|[Gen 9] OU
|rated|
|rule|HP Percentage Mod: HP is shown in percentages
|rule|Endless Battle Clause: Forcing endless battles is banned
|rule|Species Clause: Limit one of each Pokémon
|rule|OHKO Clause: OHKO moves are banned
|rule|Evasion Items Clause: Evasion items are banned
|rule|Evasion Moves Clause: Evasion moves are banned
|rule|Evasion Abilities Clause: Evasion abilities are banned
|rule|Sleep Moves Clause: Sleep-inducing moves are banned
|clearpoke
|poke|p1|Gengar, M|
|poke|p1|Avalugg, M|
|poke|p1|Clodsire, M|
|poke|p1|Dragonite, M|
|poke|p1|Kingambit, M|
|poke|p1|Rotom-Heat|
|poke|p2|Okidogi, M|
|poke|p2|Samurott-Hisui, F|
|poke|p2|Ting-Lu|
|poke|p2|Gholdengo|
|poke|p2|Dragonite, F|
|poke|p2|Hatterene, F|
|teampreview
|
|t:|1769394282
|teamsize|p1|6
|teamsize|p2|6
|start
|switch|p1a: show|Rotom-Heat|100/100
|switch|p2a: Samurott|Samurott-Hisui, F|100/100
|turn|1
|inactive|Battle timer is ON: inactive players will automatically lose when time's up. (requested by exelpapu)
|
|t:|1769394320
|move|p1a: show|Volt Switch|p2a: Samurott
|-supereffective|p2a: Samurott
|-damage|p2a: Samurott|59/100
|
|t:|1769394323
|switch|p1a: i´m invincible|Avalugg, M|100/100|[from] Volt Switch
|move|p2a: Samurott|Ceaseless Edge|p1a: i´m invincible
|-damage|p1a: i´m invincible|85/100
|-sidestart|p1: exelpapu|Spikes
|
|upkeep
|turn|2
|
|t:|1769394337
|switch|p2a: Hatterene|Hatterene, F|100/100
|move|p1a: i´m invincible|Avalanche|p2a: Hatterene
|-damage|p2a: Hatterene|81/100
|-damage|p1a: i´m invincible|68/100|[from] item: Rocky Helmet|[of] p2a: Hatterene
|
|upkeep
|turn|3
|
|t:|1769394348
|switch|p1a: show|Rotom-Heat|100/100
|move|p2a: Hatterene|Psychic Noise|p1a: show
|-damage|p1a: show|54/100
|-start|p1a: show|move: Heal Block
|
|upkeep
|turn|4
|
|t:|1769394357
|move|p1a: show|Volt Switch|p2a: Hatterene
|-damage|p2a: Hatterene|45/100
|
|t:|1769394360
|switch|p1a: odo|Kingambit, M|100/100|[from] Volt Switch
|-item|p1a: odo|Air Balloon
|move|p2a: Hatterene|Psychic Noise|p1a: odo
|-immune|p1a: odo
|
|upkeep
|turn|5
|
|t:|1769394372
|switch|p2a: Okidogi|Okidogi, M|100/100
|move|p1a: odo|Kowtow Cleave|p2a: Okidogi
|-resisted|p2a: Okidogi
|-damage|p2a: Okidogi|82/100
|
|-heal|p2a: Okidogi|88/100|[from] item: Leftovers
|upkeep
|turn|6
|
|t:|1769394380
|-end|p1a: odo|fallenundefined|[silent]
|switch|p1a: 0|Clodsire, M|100/100
|-damage|p1a: 0|88/100|[from] Spikes
|move|p2a: Okidogi|Bulk Up|p2a: Okidogi
|-boost|p2a: Okidogi|atk|1
|-boost|p2a: Okidogi|def|1
|
|-heal|p2a: Okidogi|94/100|[from] item: Leftovers
|-heal|p1a: 0|94/100|[from] item: Black Sludge
|upkeep
|turn|7
|
|t:|1769394408
|switch|p1a: mirror|Dragonite, M|100/100
|move|p2a: Okidogi|Ice Punch|p1a: mirror
|-supereffective|p1a: mirror
|-damage|p1a: mirror|29/100
|-status|p1a: mirror|frz
|-enditem|p1a: mirror|Weakness Policy
|-boost|p1a: mirror|atk|2|[from] item: Weakness Policy
|-boost|p1a: mirror|spa|2|[from] item: Weakness Policy
|
|-heal|p2a: Okidogi|99/100|[from] item: Leftovers
|upkeep
|turn|8
|
|t:|1769394418
|cant|p1a: mirror|frz
|move|p2a: Okidogi|Ice Punch|p1a: mirror
|-supereffective|p1a: mirror
|-damage|p1a: mirror|0 fnt
|faint|p1a: mirror
|
|-heal|p2a: Okidogi|100/100|[from] item: Leftovers
|upkeep
|
|t:|1769394422
|switch|p1a: magic|Gengar, M|100/100
|-damage|p1a: magic|88/100|[from] Spikes
|turn|9
|
|t:|1769394428
|switch|p2a: Samurott|Samurott-Hisui, F|59/100
|move|p1a: magic|Destiny Bond|p1a: magic
|-singlemove|p1a: magic|Destiny Bond
|
|upkeep
|turn|10
|
|t:|1769394436
|move|p1a: magic|Focus Blast|p2a: Samurott
|-supereffective|p2a: Samurott
|-damage|p2a: Samurott|0 fnt
|faint|p2a: Samurott
|
|upkeep
|
|t:|1769394442
|switch|p2a: Ting-Lu|Ting-Lu|100/100
|-ability|p2a: Ting-Lu|Vessel of Ruin
|turn|11
|
|t:|1769394445
|move|p1a: magic|Focus Blast|p2a: Ting-Lu|[miss]
|-miss|p1a: magic|p2a: Ting-Lu
|move|p2a: Ting-Lu|Stealth Rock|p1a: magic
|-sidestart|p1: exelpapu|move: Stealth Rock
|
|upkeep
|turn|12
|
|t:|1769394450
|switch|p1a: i´m invincible|Avalugg, M|68/100
|move|p2a: Ting-Lu|Whirlwind|p1a: i´m invincible
|drag|p1a: magic|Gengar, M|88/100
|-damage|p1a: magic|76/100|[from] Spikes
|-damage|p1a: magic|64/100|[from] Stealth Rock
|
|upkeep
|turn|13
|
|t:|1769394457
|switch|p1a: i´m invincible|Avalugg, M|68/100
|move|p2a: Ting-Lu|Whirlwind|p1a: i´m invincible
|drag|p1a: show|Rotom-Heat|54/100
|-damage|p1a: show|29/100|[from] Stealth Rock
|
|upkeep
|turn|14
|
|t:|1769394463
|move|p1a: show|Trick|p2a: Ting-Lu
|-activate|p1a: show|move: Trick|[of] p2a: Ting-Lu
|-item|p2a: Ting-Lu|Choice Scarf|[from] move: Trick
|-item|p1a: show|Leftovers|[from] move: Trick
|move|p2a: Ting-Lu|Whirlwind|p1a: show
|drag|p1a: magic|Gengar, M|64/100
|-damage|p1a: magic|51/100|[from] Spikes
|-damage|p1a: magic|39/100|[from] Stealth Rock
|
|upkeep
|turn|15
|
|t:|1769394471
|move|p1a: magic|Focus Blast|p2a: Ting-Lu|[miss]
|-miss|p1a: magic|p2a: Ting-Lu
|move|p2a: Ting-Lu|Whirlwind|p1a: magic
|drag|p1a: odo|Kingambit, M|100/100
|-damage|p1a: odo|94/100|[from] Stealth Rock
|-activate|p1a: odo|ability: Supreme Overlord
|-start|p1a: odo|fallen1|[silent]
|-item|p1a: odo|Air Balloon
|
|upkeep
|turn|16
|
|t:|1769394480
|switch|p2a: Okidogi|Okidogi, M|100/100
|move|p1a: odo|Iron Head|p2a: Okidogi
|-damage|p2a: Okidogi|58/100
|
|-heal|p2a: Okidogi|64/100|[from] item: Leftovers
|upkeep
|turn|17
|
|t:|1769394491
|-end|p1a: odo|fallen1|[silent]
|switch|p1a: magic|Gengar, M|39/100
|-damage|p1a: magic|27/100|[from] Spikes
|-damage|p1a: magic|15/100|[from] Stealth Rock
|move|p2a: Okidogi|Bulk Up|p2a: Okidogi
|-boost|p2a: Okidogi|atk|1
|-boost|p2a: Okidogi|def|1
|
|-heal|p2a: Okidogi|70/100|[from] item: Leftovers
|upkeep
|turn|18
|
|t:|1769394501
|move|p1a: magic|Shadow Ball|p2a: Okidogi
|-damage|p2a: Okidogi|36/100
|move|p2a: Okidogi|Bulk Up|p2a: Okidogi
|-boost|p2a: Okidogi|atk|1
|-boost|p2a: Okidogi|def|1
|
|-heal|p2a: Okidogi|42/100|[from] item: Leftovers
|upkeep
|turn|19
|
|t:|1769394509
|switch|p2a: Ting-Lu|Ting-Lu|100/100
|-ability|p2a: Ting-Lu|Vessel of Ruin
|move|p1a: magic|Destiny Bond|p1a: magic
|-singlemove|p1a: magic|Destiny Bond
|
|upkeep
|turn|20
|
|t:|1769394516
|switch|p1a: i´m invincible|Avalugg, M|68/100
|move|p2a: Ting-Lu|Earthquake|p1a: i´m invincible
|-damage|p1a: i´m invincible|53/100
|
|upkeep
|turn|21
|
|t:|1769394521
|switch|p2a: Gholdengo|Gholdengo|100/100
|-item|p2a: Gholdengo|Air Balloon
|move|p1a: i´m invincible|Rapid Spin|p2a: Gholdengo
|-immune|p2a: Gholdengo
|
|upkeep
|turn|22
|
|t:|1769394529
|switch|p1a: odo|Kingambit, M|94/100
|-damage|p1a: odo|88/100|[from] Stealth Rock
|-activate|p1a: odo|ability: Supreme Overlord
|-start|p1a: odo|fallen1|[silent]
|-item|p1a: odo|Air Balloon
|move|p2a: Gholdengo|Nasty Plot|p2a: Gholdengo
|-boost|p2a: Gholdengo|spa|2
|
|upkeep
|turn|23
|
|t:|1769394537
|-terastallize|p2a: Gholdengo|Fairy
|move|p2a: Gholdengo|Focus Blast|p1a: odo|[miss]
|-miss|p2a: Gholdengo|p1a: odo
|move|p1a: odo|Kowtow Cleave|p2a: Gholdengo
|-resisted|p2a: Gholdengo
|-damage|p2a: Gholdengo|68/100
|-enditem|p2a: Gholdengo|Air Balloon
|
|upkeep
|turn|24
|
|t:|1769394546
|move|p2a: Gholdengo|Focus Blast|p1a: odo
|-supereffective|p1a: odo
|-damage|p1a: odo|0 fnt
|-enditem|p1a: odo|Air Balloon
|faint|p1a: odo
|-end|p1a: odo|fallen1|[silent]
|
|upkeep
|-message|exelpapu forfeited.
|
|win|Cetus45
|raw|exelpapu's rating: 1548 &rarr; <strong>1524</strong><br />(-24 for losing)
|raw|Cetus45's rating: 1481 &rarr; <strong>1505</strong><br />(+24 for winning)
|l|☆exelpapu
|player|p1|
|l|☆Cetus45
|player|p2|
