|j|☆and lol
|j|☆Scambo
|t:|1769399077
|gametype|singles
|player|p1|and lol|2|1193
|player|p2|Scambo|265|1220
|gen|9
|tier|[Gen 9] OU
|rated|
|rule|HP Percentage Mod: HP is shown in percentages
|rule|Endless Battle Clause: Forcing endless battles is banned
|rule|Species Clause: Limit one of each Pokémon
|rule|OHKO Clause: OHKO moves are banned
|rule|Evasion Items Clause: Evasion items are banned
|rule|Evasion Moves Clause: Evasion moves are banned
|rule|Evasion Abilities Clause: Evasion abilities are banned
|rule|Sleep Moves Clause: Sleep-inducing moves are banned
|clearpoke
|poke|p1|Clefable, M|
|poke|p1|Incineroar, M|
|poke|p1|Thundurus-Therian, M|
|poke|p1|Iron Hands|
|poke|p1|Samurott-Hisui, M|
|poke|p1|Electrode|
|poke|p2|Hatterene, F|
|poke|p2|Great Tusk|
|poke|p2|Dragonite, F|
|poke|p2|Glimmora, F|
|poke|p2|Gholdengo|
|poke|p2|Darkrai|
|teampreview
|inactive|Battle timer is ON: inactive players will automatically lose when time's up. (requested by Scambo)
|
|t:|1769399107
|teamsize|p1|6
|teamsize|p2|6
|start
|switch|p1a: Incineroar|Incineroar, M|100/100
|switch|p2a: Great Tusk|Great Tusk|100/100
|-ability|p1a: Incineroar|Intimidate|boost
|-unboost|p2a: Great Tusk|atk|1
|turn|1
|
|t:|1769399122
|move|p2a: Great Tusk|Close Combat|p1a: Incineroar
|-supereffective|p1a: Incineroar
|-damage|p1a: Incineroar|31/100
|-unboost|p2a: Great Tusk|def|1
|-unboost|p2a: Great Tusk|spd|1
|move|p1a: Incineroar|Will-O-Wisp|p2a: Great Tusk
|-status|p2a: Great Tusk|brn
|
|-damage|p2a: Great Tusk|94/100 brn|[from] brn
|upkeep
|turn|2
|
|t:|1769399151
|switch|p1a: Iron Hands|Iron Hands|100/100
|move|p2a: Great Tusk|Stealth Rock|p1a: Iron Hands
|-sidestart|p1: and lol|move: Stealth Rock
|
|-damage|p2a: Great Tusk|88/100 brn|[from] brn
|upkeep
|turn|3
|
|t:|1769399170
|-end|p2a: Great Tusk|Protosynthesis|[silent]
|switch|p2a: Hatterene|Hatterene, F|100/100
|move|p1a: Iron Hands|Ice Punch|p2a: Hatterene
|-damage|p2a: Hatterene|75/100
|-damage|p1a: Iron Hands|84/100|[from] item: Rocky Helmet|[of] p2a: Hatterene
|
|-heal|p1a: Iron Hands|90/100|[from] item: Leftovers
|upkeep
|turn|4
|
|t:|1769399184
|move|p1a: Iron Hands|Wild Charge|p2a: Hatterene
|-damage|p2a: Hatterene|27/100
|-damage|p1a: Iron Hands|74/100|[from] item: Rocky Helmet|[of] p2a: Hatterene
|-damage|p1a: Iron Hands|65/100|[from] Recoil
|move|p2a: Hatterene|Nuzzle|p1a: Iron Hands
|-resisted|p1a: Iron Hands
|-damage|p1a: Iron Hands|64/100
|
|-heal|p1a: Iron Hands|70/100|[from] item: Leftovers
|upkeep
|turn|5
|
|t:|1769399201
|switch|p2a: Great Tusk|Great Tusk|88/100 brn
|move|p1a: Iron Hands|Wild Charge|p2a: Great Tusk
|-immune|p2a: Great Tusk
|
|-heal|p1a: Iron Hands|76/100|[from] item: Leftovers
|-damage|p2a: Great Tusk|82/100 brn|[from] brn
|upkeep
|turn|6
|
|t:|1769399212
|move|p2a: Great Tusk|Close Combat|p1a: Iron Hands
|-damage|p1a: Iron Hands|57/100
|-unboost|p2a: Great Tusk|def|1
|-unboost|p2a: Great Tusk|spd|1
|move|p1a: Iron Hands|Ice Punch|p2a: Great Tusk
|-supereffective|p2a: Great Tusk
|-damage|p2a: Great Tusk|20/100 brn
|-damage|p1a: Iron Hands|41/100|[from] item: Rocky Helmet|[of] p2a: Great Tusk
|
|-heal|p1a: Iron Hands|47/100|[from] item: Leftovers
|-damage|p2a: Great Tusk|14/100 brn|[from] brn
|upkeep
|turn|7
|inactive|Scambo has 120 seconds left.
|
|t:|1769399238
|-end|p2a: Great Tusk|Protosynthesis|[silent]
|switch|p2a: Glimmora|Glimmora, F|100/100
|move|p1a: Iron Hands|Earthquake|p2a: Glimmora
|-supereffective|p2a: Glimmora
|-damage|p2a: Glimmora|0 fnt
|-activate|p2a: Glimmora|ability: Toxic Debris
|-sidestart|p1: and lol|move: Toxic Spikes
|faint|p2a: Glimmora
|
|-heal|p1a: Iron Hands|53/100|[from] item: Leftovers
|upkeep
|inactive|Scambo has 120 seconds left.
|
|t:|1769399249
|switch|p2a: Gholdengo|Gholdengo|100/100
|-item|p2a: Gholdengo|Air Balloon
|turn|8
|
|t:|1769399255
|move|p2a: Gholdengo|Dazzling Gleam|p1a: Iron Hands
|-supereffective|p1a: Iron Hands
|-damage|p1a: Iron Hands|0 fnt
|faint|p1a: Iron Hands
|-end|p1a: Iron Hands|Quark Drive|[silent]
|
|upkeep
|
|t:|1769399264
|switch|p1a: Electrode|Electrode|100/100
|turn|9
|
|t:|1769399276
|move|p1a: Electrode|Foul Play|p2a: Gholdengo
|-supereffective|p2a: Gholdengo
|-damage|p2a: Gholdengo|81/100
|-enditem|p2a: Gholdengo|Air Balloon
|move|p2a: Gholdengo|Shadow Ball|p1a: Electrode
|-damage|p1a: Electrode|38/100
|-unboost|p1a: Electrode|spd|1
|
|upkeep
|turn|10
|
|t:|1769399285
|move|p1a: Electrode|Volt Switch|p2a: Gholdengo
|-damage|p2a: Gholdengo|61/100
|
|t:|1769399290
|switch|p1a: Samurott|Samurott-Hisui, M|100/100|[from] Volt Switch
|-damage|p1a: Samurott|88/100|[from] Stealth Rock
|-status|p1a: Samurott|psn
|move|p2a: Gholdengo|Shadow Ball|p1a: Samurott
|-resisted|p1a: Samurott
|-damage|p1a: Samurott|72/100 psn
|
|-damage|p1a: Samurott|59/100 psn|[from] psn
|upkeep
|turn|11
|inactive|Scambo has 120 seconds left.
|
|t:|1769399323
|switch|p2a: Dragonite|Dragonite, F|100/100
|-terastallize|p1a: Samurott|Poison
|move|p1a: Samurott|Ceaseless Edge|p2a: Dragonite
|-damage|p2a: Dragonite|80/100
|-sidestart|p2: Scambo|Spikes
|
|-damage|p1a: Samurott|47/100 psn|[from] psn
|upkeep
|turn|12
|inactive|Scambo has 120 seconds left.
|
|t:|1769399337
|move|p1a: Samurott|Flip Turn|p2a: Dragonite
|-resisted|p2a: Dragonite
|-damage|p2a: Dragonite|68/100
|
|t:|1769399341
|switch|p1a: Electrode|Electrode|38/100|[from] Flip Turn
|move|p2a: Dragonite|Earthquake|p1a: Electrode
|-supereffective|p1a: Electrode
|-damage|p1a: Electrode|0 fnt
|faint|p1a: Electrode
|
|upkeep
|
|t:|1769399350
|switch|p1a: Clefable|Clefable, M|100/100
|-status|p1a: Clefable|psn
|turn|13
|
|t:|1769399367
|switch|p2a: Hatterene|Hatterene, F|27/100
|-damage|p2a: Hatterene|15/100|[from] Spikes
|move|p1a: Clefable|Stealth Rock|p2a: Hatterene
|move|p2a: Hatterene|Stealth Rock||[from] ability: Magic Bounce|[still]
|-fail|p2a: Hatterene
|
|upkeep
|turn|14
|
|t:|1769399379
|move|p1a: Clefable|Moonblast|p2a: Hatterene
|-damage|p2a: Hatterene|0 fnt
|faint|p2a: Hatterene
|
|upkeep
|
|t:|1769399393
|switch|p2a: Gholdengo|Gholdengo|61/100
|-damage|p2a: Gholdengo|48/100|[from] Spikes
|turn|15
|inactive|Scambo has 120 seconds left.
|inactive|and lol has 120 seconds left.
|inactive|and lol has 90 seconds left.
|
|t:|1769399464
|switch|p1a: Incineroar|Incineroar, M|31/100
|-ability|p1a: Incineroar|Intimidate|boost
|-unboost|p2a: Gholdengo|atk|1
|-terastallize|p2a: Gholdengo|Fairy
|move|p2a: Gholdengo|Recover|p2a: Gholdengo
|-heal|p2a: Gholdengo|98/100
|
|upkeep
|turn|16
|inactive|Scambo has 120 seconds left.
|
|t:|1769399488
|move|p2a: Gholdengo|Dazzling Gleam|p1a: Incineroar
|-damage|p1a: Incineroar|1/100
|move|p1a: Incineroar|Flare Blitz|p2a: Gholdengo
|-damage|p2a: Gholdengo|50/100
|-damage|p1a: Incineroar|0 fnt|[from] Recoil
|faint|p1a: Incineroar
|
|upkeep
|
|t:|1769399496
|switch|p1a: Samurott|Samurott-Hisui, M, tera:Poison|47/100 psn
|-damage|p1a: Samurott|35/100 psn|[from] Stealth Rock
|-sideend|p1: and lol|move: Toxic Spikes|[of] p1a: Samurott
|turn|17
|inactive|Scambo has 120 seconds left.
|
|t:|1769399512
|move|p1a: Samurott|Razor Shell|p2a: Gholdengo
|-damage|p2a: Gholdengo|4/100
|-unboost|p2a: Gholdengo|def|1
|move|p2a: Gholdengo|Recover|p2a: Gholdengo
|-heal|p2a: Gholdengo|54/100
|
|-damage|p1a: Samurott|22/100 psn|[from] psn
|upkeep
|turn|18
|
|t:|1769399525
|switch|p2a: Great Tusk|Great Tusk|14/100 brn
|-damage|p2a: Great Tusk|1/100 brn|[from] Spikes
|move|p1a: Samurott|Razor Shell|p2a: Great Tusk
|-supereffective|p2a: Great Tusk
|-damage|p2a: Great Tusk|0 fnt
|-damage|p1a: Samurott|6/100 psn|[from] item: Rocky Helmet|[of] p2a: Great Tusk
|faint|p2a: Great Tusk
|-end|p2a: Great Tusk|Protosynthesis|[silent]
|
|-damage|p1a: Samurott|0 fnt|[from] psn
|faint|p1a: Samurott
|upkeep
|
|t:|1769399539
|switch|p2a: Dragonite|Dragonite, F|68/100
|switch|p1a: Thundurus|Thundurus-Therian, M|100/100
|turn|19
|
|t:|1769399551
|move|p1a: Thundurus|Thunderbolt|p2a: Dragonite
|-damage|p2a: Dragonite|20/100
|move|p2a: Dragonite|Roost|p2a: Dragonite
|-heal|p2a: Dragonite|70/100
|-singleturn|p2a: Dragonite|move: Roost
|
|upkeep
|turn|20
|
|t:|1769399564
|move|p2a: Dragonite|Extreme Speed|p1a: Thundurus
|-damage|p1a: Thundurus|56/100
|move|p1a: Thundurus|Thunderbolt|p2a: Dragonite
|-damage|p2a: Dragonite|27/100
|
|upkeep
|turn|21
|inactive|and lol has 90 seconds left.
|
|t:|1769399589
|move|p2a: Dragonite|Extreme Speed|p1a: Thundurus
|-damage|p1a: Thundurus|11/100
|move|p1a: Thundurus|Thunderbolt|p2a: Dragonite
|-damage|p2a: Dragonite|0 fnt
|faint|p2a: Dragonite
|
|upkeep
|
|t:|1769399599
|switch|p2a: Darkrai|Darkrai, shiny|100/100
|turn|22
|
|t:|1769399608
|switch|p1a: Clefable|Clefable, M|100/100 psn
|move|p2a: Darkrai|Knock Off|p1a: Clefable
|-resisted|p1a: Clefable
|-damage|p1a: Clefable|91/100 psn
|-enditem|p1a: Clefable|Leftovers|[from] move: Knock Off|[of] p2a: Darkrai
|
|upkeep
|turn|23
|inactive|and lol has 90 seconds left.
|inactive|Scambo has 90 seconds left.
|
|t:|1769399645
|move|p2a: Darkrai|Ice Beam|p1a: Clefable
|-damage|p1a: Clefable|61/100 psn
|move|p1a: Clefable|Moonlight|p1a: Clefable
|-heal|p1a: Clefable|100/100 psn
|
|upkeep
|turn|24
|
|t:|1769399661
|move|p2a: Darkrai|Ice Beam|p1a: Clefable
|-damage|p1a: Clefable|70/100 psn
|move|p1a: Clefable|Moonblast|p2a: Darkrai
|-supereffective|p2a: Darkrai
|-damage|p2a: Darkrai|24/100
|
|upkeep
|turn|25
|
|t:|1769399673
|move|p2a: Darkrai|Ice Beam|p1a: Clefable
|-damage|p1a: Clefable|41/100 psn
|move|p1a: Clefable|Moonblast|p2a: Darkrai
|-supereffective|p2a: Darkrai
|-damage|p2a: Darkrai|0 fnt
|faint|p2a: Darkrai
|
|upkeep
|
|t:|1769399680
|switch|p2a: Gholdengo|Gholdengo, tera:Fairy|54/100
|-damage|p2a: Gholdengo|41/100|[from] Spikes
|turn|26
|
|t:|1769399686
|move|p2a: Gholdengo|Shadow Ball|p1a: Clefable
|-damage|p1a: Clefable|0 fnt
|faint|p1a: Clefable
|
|upkeep
|
|t:|1769399690
|switch|p1a: Thundurus|Thundurus-Therian, M|11/100
|turn|27
|inactive|and lol has 120 seconds left.
|inactive|Scambo has 90 seconds left.
|
|t:|1769399697
|move|p1a: Thundurus|Thunderbolt|p2a: Gholdengo
|-damage|p2a: Gholdengo|0 fnt
|faint|p2a: Gholdengo
|
|win|and lol
|raw|and lol's rating: 1193 &rarr; <strong>1220</strong><br />(+27 for winning)
|raw|Scambo's rating: 1220 &rarr; <strong>1193</strong><br />(-27 for losing)
|l|☆Scambo
|player|p2|
|l|☆and lol
|player|p1|
