|j|☆chibi tanjiro
|j|☆Igoodnamename
|t:|1769418392
|gametype|singles
|player|p1|chibi tanjiro|2|1495
|player|p2|Igoodnamename|266|1561
|gen|9
|tier|[Gen 9] OU
|rated|
|rule|HP Percentage Mod: HP is shown in percentages
|rule|Endless Battle Clause: Forcing endless battles is banned
|rule|Species Clause: Limit one of each Pokémon
|rule|OHKO Clause: OHKO moves are banned
|rule|Evasion Items Clause: Evasion items are banned
|rule|Evasion Moves Clause: Evasion moves are banned
|rule|Evasion Abilities Clause: Evasion abilities are banned
|rule|Sleep Moves Clause: Sleep-inducing moves are banned
|clearpoke
|poke|p1|Zarude-Dada|
|poke|p1|Samurott-Hisui, M|
|poke|p1|Pecharunt|
|poke|p1|Landorus-Therian, M|
|poke|p1|Clefable, F|
|poke|p1|Great Tusk|
|poke|p2|Pecharunt|
|poke|p2|Great Tusk|
|poke|p2|Garganacl, F|
|poke|p2|Primarina, F|
|poke|p2|Darkrai|
|poke|p2|Ogerpon, F|
|teampreview
|
|t:|1769418413
|teamsize|p1|6
|teamsize|p2|6
|start
|switch|p1a: Zarude|Zarude-Dada|100/100
|switch|p2a: Garganacl|Garganacl, F|100/100
|turn|1
|
|t:|1769418422
|move|p2a: Garganacl|Protect|p2a: Garganacl
|-singleturn|p2a: Garganacl|Protect
|move|p1a: Zarude|U-turn|p2a: Garganacl
|-activate|p2a: Garganacl|move: Protect
|
|upkeep
|turn|2
|
|t:|1769418430
|move|p1a: Zarude|U-turn|p2a: Garganacl
|-damage|p2a: Garganacl|86/100
|
|t:|1769418432
|switch|p1a: Clefable|Clefable, F|100/100|[from] U-turn
|move|p2a: Garganacl|Stealth Rock|p1a: Clefable
|-sidestart|p1: chibi tanjiro|move: Stealth Rock
|
|-heal|p2a: Garganacl|92/100|[from] item: Leftovers
|upkeep
|turn|3
|
|t:|1769418437
|switch|p2a: Primarina|Primarina, F|100/100
|move|p1a: Clefable|Knock Off|p2a: Primarina
|-resisted|p2a: Primarina
|-damage|p2a: Primarina|90/100
|-enditem|p2a: Primarina|Assault Vest|[from] move: Knock Off|[of] p1a: Clefable
|
|upkeep
|turn|4
|inactive|Battle timer is ON: inactive players will automatically lose when time's up. (requested by chibi tanjiro)
|
|t:|1769418442
|move|p2a: Primarina|Moonblast|p1a: Clefable
|-damage|p1a: Clefable|65/100
|-unboost|p1a: Clefable|spa|1
|move|p1a: Clefable|Stealth Rock|p2a: Primarina
|-sidestart|p2: Igoodnamename|move: Stealth Rock
|
|-heal|p1a: Clefable|72/100|[from] item: Leftovers
|upkeep
|turn|5
|
|t:|1769418448
|switch|p1a: Zarude|Zarude-Dada|100/100
|-damage|p1a: Zarude|88/100|[from] Stealth Rock
|move|p2a: Primarina|Psychic Noise|p1a: Zarude
|-immune|p1a: Zarude
|
|upkeep
|turn|6
|
|t:|1769418456
|switch|p2a: Great Tusk|Great Tusk|100/100
|move|p1a: Zarude|U-turn|p2a: Great Tusk
|-resisted|p2a: Great Tusk
|-damage|p2a: Great Tusk|91/100
|
|t:|1769418460
|switch|p1a: Landorus|Landorus-Therian, M|100/100|[from] U-turn
|-damage|p1a: Landorus|88/100|[from] Stealth Rock
|-ability|p1a: Landorus|Intimidate|boost
|-unboost|p2a: Great Tusk|atk|1
|
|upkeep
|turn|7
|
|t:|1769418464
|move|p1a: Landorus|Grass Knot|p2a: Great Tusk
|-supereffective|p2a: Great Tusk
|-damage|p2a: Great Tusk|10/100
|move|p2a: Great Tusk|Ice Spinner|p1a: Landorus
|-supereffective|p1a: Landorus
|-damage|p1a: Landorus|12/100
|-damage|p2a: Great Tusk|0 fnt|[from] item: Rocky Helmet|[of] p1a: Landorus
|faint|p2a: Great Tusk
|-end|p2a: Great Tusk|Protosynthesis|[silent]
|
|upkeep
|
|t:|1769418473
|switch|p2a: Darkrai|Darkrai|100/100
|-damage|p2a: Darkrai|88/100|[from] Stealth Rock
|turn|8
|
|t:|1769418478
|move|p2a: Darkrai|Sludge Bomb|p1a: Landorus
|-resisted|p1a: Landorus
|-damage|p1a: Landorus|0 fnt
|faint|p1a: Landorus
|
|upkeep
|
|t:|1769418484
|switch|p1a: Samurott|Samurott-Hisui, M|100/100
|-damage|p1a: Samurott|88/100|[from] Stealth Rock
|turn|9
|
|t:|1769418489
|switch|p2a: Primarina|Primarina, F|90/100
|-damage|p2a: Primarina|77/100|[from] Stealth Rock
|move|p1a: Samurott|Ceaseless Edge|p2a: Primarina
|-resisted|p2a: Primarina
|-damage|p2a: Primarina|40/100
|-sidestart|p2: Igoodnamename|Spikes
|
|upkeep
|turn|10
|
|t:|1769418502
|-terastallize|p1a: Samurott|Dark
|move|p1a: Samurott|Ceaseless Edge|p2a: Primarina
|-resisted|p2a: Primarina
|-crit|p2a: Primarina
|-damage|p2a: Primarina|0 fnt
|-sidestart|p2: Igoodnamename|Spikes
|faint|p2a: Primarina
|
|upkeep
|
|t:|1769418523
|switch|p2a: Ogerpon|Ogerpon, F|100/100
|-damage|p2a: Ogerpon|88/100|[from] Stealth Rock
|-damage|p2a: Ogerpon|72/100|[from] Spikes
|turn|11
|
|t:|1769418549
|switch|p1a: Pecharunt|Pecharunt|100/100
|-damage|p1a: Pecharunt|88/100|[from] Stealth Rock
|-terastallize|p2a: Ogerpon|Grass
|detailschange|p2a: Ogerpon|Ogerpon-Teal-Tera, F, tera:Grass
|-ability|p2a: Ogerpon|Embody Aspect (Teal)|boost
|-boost|p2a: Ogerpon|spe|1
|move|p2a: Ogerpon|U-turn|p1a: Pecharunt
|-resisted|p1a: Pecharunt
|-damage|p1a: Pecharunt|84/100
|-damage|p2a: Ogerpon|55/100|[from] item: Rocky Helmet|[of] p1a: Pecharunt
|
|t:|1769418559
|switch|p2a: Garganacl|Garganacl, F|92/100|[from] U-turn
|-damage|p2a: Garganacl|80/100|[from] Stealth Rock
|-damage|p2a: Garganacl|63/100|[from] Spikes
|
|-heal|p2a: Garganacl|70/100|[from] item: Leftovers
|upkeep
|turn|12
|
|t:|1769418570
|move|p1a: Pecharunt|Parting Shot|p2a: Garganacl
|-unboost|p2a: Garganacl|atk|1
|-unboost|p2a: Garganacl|spa|1
|
|t:|1769418572
|switch|p1a: Clefable|Clefable, F|72/100|[from] Parting Shot
|move|p2a: Garganacl|Salt Cure|p1a: Clefable
|-damage|p1a: Clefable|60/100
|-start|p1a: Clefable|Salt Cure
|
|-heal|p1a: Clefable|66/100|[from] item: Leftovers
|-heal|p2a: Garganacl|76/100|[from] item: Leftovers
|upkeep
|turn|13
|
|t:|1769418591
|move|p2a: Garganacl|Protect|p2a: Garganacl
|-singleturn|p2a: Garganacl|Protect
|move|p1a: Clefable|Knock Off|p2a: Garganacl
|-activate|p2a: Garganacl|move: Protect
|
|-heal|p1a: Clefable|72/100|[from] item: Leftovers
|-heal|p2a: Garganacl|82/100|[from] item: Leftovers
|upkeep
|turn|14
|
|t:|1769418602
|move|p1a: Clefable|Knock Off|p2a: Garganacl
|-damage|p2a: Garganacl|71/100
|-enditem|p2a: Garganacl|Leftovers|[from] move: Knock Off|[of] p1a: Clefable
|move|p2a: Garganacl|Salt Cure|p1a: Clefable
|-damage|p1a: Clefable|63/100
|
|-heal|p1a: Clefable|69/100|[from] item: Leftovers
|upkeep
|turn|15
|
|t:|1769418625
|switch|p2a: Ogerpon|Ogerpon-Teal-Tera, F, tera:Grass|55/100
|-damage|p2a: Ogerpon|43/100|[from] Stealth Rock
|-damage|p2a: Ogerpon|26/100|[from] Spikes
|-ability|p2a: Ogerpon|Embody Aspect (Teal)|boost
|-boost|p2a: Ogerpon|spe|1
|move|p1a: Clefable|Knock Off|p2a: Ogerpon
|-damage|p2a: Ogerpon|6/100
|-enditem|p2a: Ogerpon|Choice Band|[from] move: Knock Off|[of] p1a: Clefable
|
|-heal|p1a: Clefable|75/100|[from] item: Leftovers
|upkeep
|turn|16
|
|t:|1769418633
|switch|p1a: Pecharunt|Pecharunt|84/100
|-damage|p1a: Pecharunt|72/100|[from] Stealth Rock
|move|p2a: Ogerpon|Knock Off|p1a: Pecharunt
|-supereffective|p1a: Pecharunt
|-damage|p1a: Pecharunt|40/100
|-damage|p2a: Ogerpon|0 fnt|[from] item: Rocky Helmet|[of] p1a: Pecharunt
|faint|p2a: Ogerpon
|detailschange|p2: Ogerpon|Ogerpon, F|[silent]
|
|upkeep
|
|t:|1769418647
|switch|p2a: Darkrai|Darkrai|88/100
|-damage|p2a: Darkrai|76/100|[from] Stealth Rock
|-damage|p2a: Darkrai|59/100|[from] Spikes
|turn|17
|
|t:|1769418652
|move|p2a: Darkrai|Ice Beam|p1a: Pecharunt
|-damage|p1a: Pecharunt|0 fnt
|faint|p1a: Pecharunt
|
|upkeep
|
|t:|1769418655
|switch|p1a: Samurott|Samurott-Hisui, M, tera:Dark|88/100
|-damage|p1a: Samurott|76/100|[from] Stealth Rock
|turn|18
|
|t:|1769418666
|move|p2a: Darkrai|Ice Beam|p1a: Samurott
|-damage|p1a: Samurott|7/100
|move|p1a: Samurott|Swords Dance|p1a: Samurott
|-boost|p1a: Samurott|atk|2
|
|upkeep
|turn|19
|
|t:|1769418677
|move|p1a: Samurott|Sucker Punch|p2a: Darkrai
|-resisted|p2a: Darkrai
|-damage|p2a: Darkrai|0 fnt
|faint|p2a: Darkrai
|
|upkeep
|
|t:|1769418682
|switch|p2a: Pecharunt|Pecharunt|100/100
|turn|20
|inactive|chibi tanjiro has 120 seconds left.
|
|t:|1769418720
|move|p1a: Samurott|Knock Off|p2a: Pecharunt
|-supereffective|p2a: Pecharunt
|-damage|p2a: Pecharunt|0 fnt
|-enditem|p2a: Pecharunt|Heavy-Duty Boots|[from] move: Knock Off|[of] p1a: Samurott
|faint|p2a: Pecharunt
|
|upkeep
|
|t:|1769418729
|switch|p2a: Garganacl|Garganacl, F|71/100
|-damage|p2a: Garganacl|58/100|[from] Stealth Rock
|-damage|p2a: Garganacl|42/100|[from] Spikes
|turn|21
|
|t:|1769418731
|move|p1a: Samurott|Knock Off|p2a: Garganacl
|-damage|p2a: Garganacl|0 fnt
|faint|p2a: Garganacl
|
|win|chibi tanjiro
|raw|chibi tanjiro's rating: 1495 &rarr; <strong>1519</strong><br />(+24 for winning)
|raw|Igoodnamename's rating: 1561 &rarr; <strong>1537</strong><br />(-24 for losing)
|l|☆chibi tanjiro
|player|p1|
|l|☆Igoodnamename
|player|p2|
