|j|☆NomiYomi
|j|☆Plays_Godo
|t:|1769332827
|gametype|singles
|player|p1|NomiYomi|2|1080
|player|p2|Plays_Godo|acerola-masters3|1122
|gen|9
|tier|[Gen 9] OU
|rated|
|rule|HP Percentage Mod: HP is shown in percentages
|rule|Endless Battle Clause: Forcing endless battles is banned
|rule|Species Clause: Limit one of each Pokémon
|rule|OHKO Clause: OHKO moves are banned
|rule|Evasion Items Clause: Evasion items are banned
|rule|Evasion Moves Clause: Evasion moves are banned
|rule|Evasion Abilities Clause: Evasion abilities are banned
|rule|Sleep Moves Clause: Sleep-inducing moves are banned
|clearpoke
|poke|p1|Cloyster, F|
|poke|p1|Blaziken, M|
|poke|p1|Clefable, M|
|poke|p1|Greninja-*, F|
|poke|p1|Glimmora, M|
|poke|p1|Gholdengo|
|poke|p2|Corviknight, F|
|poke|p2|Great Tusk|
|poke|p2|Gliscor, M|
|poke|p2|Zoroark-Hisui, M|
|poke|p2|Cinderace, M|
|poke|p2|Iron Valiant|
|teampreview
|
|t:|1769332850
|teamsize|p1|6
|teamsize|p2|6
|start
|switch|p1a: Cloyster|Cloyster, F|100/100
|switch|p2a: Gliscor|Gliscor, M|100/100
|turn|1
|
|t:|1769332856
|move|p2a: Gliscor|Protect|p2a: Gliscor
|-singleturn|p2a: Gliscor|Protect
|move|p1a: Cloyster|Shell Smash|p1a: Cloyster
|-unboost|p1a: Cloyster|def|1
|-unboost|p1a: Cloyster|spd|1
|-boost|p1a: Cloyster|atk|2
|-boost|p1a: Cloyster|spa|2
|-boost|p1a: Cloyster|spe|2
|
|-status|p2a: Gliscor|tox|[from] item: Toxic Orb
|upkeep
|turn|2
|
|t:|1769332875
|-terastallize|p2a: Gliscor|Water
|move|p1a: Cloyster|Shell Smash|p1a: Cloyster
|-unboost|p1a: Cloyster|def|1
|-unboost|p1a: Cloyster|spd|1
|-boost|p1a: Cloyster|atk|2
|-boost|p1a: Cloyster|spa|2
|-boost|p1a: Cloyster|spe|2
|move|p2a: Gliscor|Knock Off|p1a: Cloyster
|-damage|p1a: Cloyster|58/100
|-enditem|p1a: Cloyster|Focus Sash|[from] move: Knock Off|[of] p2a: Gliscor
|
|upkeep
|turn|3
|
|t:|1769332884
|move|p1a: Cloyster|Icicle Spear|p2a: Gliscor
|-resisted|p2a: Gliscor
|-damage|p2a: Gliscor|84/100 tox
|-resisted|p2a: Gliscor
|-damage|p2a: Gliscor|68/100 tox
|-resisted|p2a: Gliscor
|-damage|p2a: Gliscor|52/100 tox
|-resisted|p2a: Gliscor
|-damage|p2a: Gliscor|38/100 tox
|-resisted|p2a: Gliscor
|-damage|p2a: Gliscor|23/100 tox
|-hitcount|p2a: Gliscor|5
|move|p2a: Gliscor|Facade|p1a: Cloyster
|-damage|p1a: Cloyster|0 fnt
|faint|p1a: Cloyster
|
|-heal|p2a: Gliscor|35/100 tox|[from] ability: Poison Heal
|upkeep
|
|t:|1769332898
|switch|p1a: Greninja|Greninja, F|100/100
|turn|4
|
|t:|1769332909
|move|p1a: Greninja|Grass Knot|p2a: Gliscor
|-start|p1a: Greninja|typechange|Grass|[from] ability: Protean
|-supereffective|p2a: Gliscor
|-damage|p2a: Gliscor|0 fnt
|faint|p2a: Gliscor
|
|upkeep
|
|t:|1769332913
|switch|p2a: Cinderace|Cinderace, M|100/100
|turn|5
|
|t:|1769332924
|switch|p1a: Blaziken|Blaziken, M|100/100
|move|p2a: Cinderace|U-turn|p1a: Blaziken
|-start|p2a: Cinderace|typechange|Bug|[from] ability: Libero
|-resisted|p1a: Blaziken
|-damage|p1a: Blaziken|87/100
|
|t:|1769332958
|switch|p2a: Great Tusk|Great Tusk|100/100|[from] U-turn
|
|upkeep
|turn|6
|
|t:|1769332973
|move|p2a: Great Tusk|Headlong Rush|p1a: Blaziken
|-supereffective|p1a: Blaziken
|-damage|p1a: Blaziken|0 fnt
|-unboost|p2a: Great Tusk|def|1
|-unboost|p2a: Great Tusk|spd|1
|faint|p1a: Blaziken
|
|upkeep
|
|t:|1769332981
|switch|p1a: Glimmora|Glimmora, M, shiny|100/100
|turn|7
|
|t:|1769332988
|-terastallize|p1a: Glimmora|Grass
|move|p2a: Great Tusk|Headlong Rush|p1a: Glimmora
|-resisted|p1a: Glimmora
|-damage|p1a: Glimmora|69/100
|-unboost|p2a: Great Tusk|def|1
|-unboost|p2a: Great Tusk|spd|1
|-activate|p1a: Glimmora|ability: Toxic Debris
|-sidestart|p2: Plays_Godo|move: Toxic Spikes
|move|p1a: Glimmora|Earth Power|p2a: Great Tusk
|-damage|p2a: Great Tusk|19/100
|-unboost|p2a: Great Tusk|spd|1
|
|upkeep
|turn|8
|
|t:|1769333000
|move|p2a: Great Tusk|Ice Spinner|p1a: Glimmora
|-supereffective|p1a: Glimmora
|-damage|p1a: Glimmora|15/100
|-activate|p1a: Glimmora|ability: Toxic Debris
|-sidestart|p2: Plays_Godo|move: Toxic Spikes
|move|p1a: Glimmora|Earth Power|p2a: Great Tusk
|-damage|p2a: Great Tusk|0 fnt
|faint|p2a: Great Tusk
|-end|p2a: Great Tusk|Protosynthesis|[silent]
|
|upkeep
|
|t:|1769333006
|switch|p2a: Corviknight|Corviknight, F|100/100
|turn|9
|
|t:|1769333013
|move|p1a: Glimmora|Stealth Rock|p2a: Corviknight
|-sidestart|p2: Plays_Godo|move: Stealth Rock
|move|p2a: Corviknight|Nasty Plot|p2a: Corviknight
|-boost|p2a: Corviknight|spa|2
|
|upkeep
|turn|10
|
|t:|1769333040
|move|p1a: Glimmora|Spikes|p2a: Corviknight
|-sidestart|p2: Plays_Godo|Spikes
|move|p2a: Corviknight|Nasty Plot|p2a: Corviknight
|-boost|p2a: Corviknight|spa|2
|
|upkeep
|turn|11
|
|t:|1769333045
|move|p1a: Glimmora|Sludge Wave|p2a: Corviknight
|-immune|p2a: Corviknight
|move|p2a: Corviknight|Flash Cannon|p1a: Glimmora
|-damage|p1a: Glimmora|0 fnt
|faint|p1a: Glimmora
|-damage|p2a: Corviknight|91/100|[from] item: Life Orb
|
|upkeep
|
|t:|1769333058
|switch|p1a: Greninja|Greninja, F|100/100
|turn|12
|
|t:|1769333064
|move|p1a: Greninja|Ice Beam|p2a: Corviknight
|-start|p1a: Greninja|typechange|Ice|[from] ability: Protean
|-damage|p2a: Corviknight|51/100
|move|p2a: Corviknight|Hurricane|p1a: Greninja
|-enditem|p1a: Greninja|Focus Sash
|-damage|p1a: Greninja|1/100
|-damage|p2a: Corviknight|41/100|[from] item: Life Orb
|
|upkeep
|turn|13
|
|t:|1769333073
|move|p1a: Greninja|Ice Beam|p2a: Corviknight
|-damage|p2a: Corviknight|4/100
|move|p2a: Corviknight|Flash Cannon|p1a: Greninja
|-supereffective|p1a: Greninja
|-damage|p1a: Greninja|0 fnt
|faint|p1a: Greninja
|-damage|p2a: Corviknight|0 fnt|[from] item: Life Orb
|faint|p2a: Corviknight
|
|upkeep
|
|t:|1769333084
|switch|p1a: Gholdengo|Gholdengo|100/100
|switch|p2a: Cinderace|Cinderace, M|100/100
|-status|p2a: Cinderace|tox
|-damage|p2a: Cinderace|76/100 tox|[from] Stealth Rock
|-damage|p2a: Cinderace|63/100 tox|[from] Spikes
|turn|14
|
|t:|1769333098
|switch|p1a: Clefable|Clefable, M|100/100
|move|p2a: Cinderace|Pyro Ball|p1a: Clefable
|-crit|p1a: Clefable
|-damage|p1a: Clefable|32/100
|
|-heal|p1a: Clefable|38/100|[from] item: Leftovers
|-damage|p2a: Cinderace|57/100 tox|[from] psn
|upkeep
|turn|15
|
|t:|1769333115
|move|p2a: Cinderace|Pyro Ball|p1a: Clefable
|-damage|p1a: Clefable|0 fnt
|faint|p1a: Clefable
|
|-damage|p2a: Cinderace|45/100 tox|[from] psn
|upkeep
|
|t:|1769333121
|switch|p1a: Gholdengo|Gholdengo|100/100
|turn|16
|
|t:|1769333126
|move|p2a: Cinderace|Pyro Ball|p1a: Gholdengo
|-supereffective|p1a: Gholdengo
|-damage|p1a: Gholdengo|0 fnt
|faint|p1a: Gholdengo
|
|win|Plays_Godo
|raw|NomiYomi's rating: 1080 &rarr; <strong>1061</strong><br />(-19 for losing)
|raw|Plays_Godo's rating: 1122 &rarr; <strong>1144</strong><br />(+22 for winning)
|l|☆NomiYomi
|player|p1|
