|inactive|Battle timer is ON: inactive players will automatically lose when time's up.
|t:|1769367652
|gametype|singles
|player|p1|SOUL CLEANSE|#splxviicryonicles|
|player|p2|Coach Jones 6fifth|lusamine-nihilego|
|gen|9
|tier|[Gen 9] OU
|rule|HP Percentage Mod: HP is shown in percentages
|rule|Endless Battle Clause: Forcing endless battles is banned
|rule|Species Clause: Limit one of each Pokémon
|rule|OHKO Clause: OHKO moves are banned
|rule|Evasion Items Clause: Evasion items are banned
|rule|Evasion Moves Clause: Evasion moves are banned
|rule|Evasion Abilities Clause: Evasion abilities are banned
|rule|Sleep Moves Clause: Sleep-inducing moves are banned
|clearpoke
|poke|p1|Iron Valiant|
|poke|p1|Dragonite, F|
|poke|p1|Ting-Lu|
|poke|p1|Zamazenta-*|
|poke|p1|Iron Treads|
|poke|p1|Pecharunt|
|poke|p2|Weavile, M|
|poke|p2|Keldeo-Resolute|
|poke|p2|Gholdengo|
|poke|p2|Zapdos|
|poke|p2|Ting-Lu|
|poke|p2|Raging Bolt|
|teampreview
|inactive|SOUL CLEANSE also wants the timer to be on.
|inactive|SOUL CLEANSE has 270 seconds left.
|inactive|Coach Jones 6fifth has 270 seconds left.
|rated|Smogon Premier League
|c|☆Coach Jones 6fifth|hf
|c|☆SOUL CLEANSE|u2
|inactive|SOUL CLEANSE has 240 seconds left.
|inactive|Coach Jones 6fifth has 240 seconds left.
|inactive|SOUL CLEANSE has 210 seconds left.
|inactive|Coach Jones 6fifth has 210 seconds left.
|inactive|Coach Jones 6fifth has 180 seconds left.
|
|t:|1769367778
|teamsize|p1|6
|teamsize|p2|6
|start
|switch|p1a: Ship of Light|Dragonite, F|100/100
|switch|p2a: MLP|Keldeo-Resolute|100/100
|turn|1
|inactive|Coach Jones 6fifth has 240 seconds left.
|
|t:|1769367805
|switch|p2a: Big Bird|Zapdos|100/100
|move|p1a: Ship of Light|Earthquake|p2a: Big Bird
|-immune|p2a: Big Bird
|
|upkeep
|turn|2
|inactive|SOUL CLEANSE has 240 seconds left.
|
|t:|1769367840
|switch|p1a: Shield of the Gods|Ting-Lu|100/100
|-ability|p1a: Shield of the Gods|Vessel of Ruin
|move|p2a: Big Bird|U-turn|p1a: Shield of the Gods
|-supereffective|p1a: Shield of the Gods
|-damage|p1a: Shield of the Gods|87/100
|-enditem|p1a: Shield of the Gods|Red Card|[of] p2a: Big Bird
|drag|p2a: MLP|Keldeo-Resolute|100/100
|
|upkeep
|turn|3
|inactive|SOUL CLEANSE has 240 seconds left.
|
|t:|1769367857
|switch|p1a: Ship of Light|Dragonite, F|100/100
|move|p2a: MLP|Surf|p1a: Ship of Light
|-resisted|p1a: Ship of Light
|-damage|p1a: Ship of Light|83/100
|
|upkeep
|turn|4
|inactive|SOUL CLEANSE has 240 seconds left.
|inactive|Coach Jones 6fifth has 210 seconds left.
|
|t:|1769367891
|switch|p2a: Big Bird|Zapdos|100/100
|move|p1a: Ship of Light|Roost|p1a: Ship of Light
|-heal|p1a: Ship of Light|100/100
|-singleturn|p1a: Ship of Light|move: Roost
|
|upkeep
|turn|5
|
|t:|1769367904
|move|p1a: Ship of Light|Dragon Dance|p1a: Ship of Light
|-boost|p1a: Ship of Light|atk|1
|-boost|p1a: Ship of Light|spe|1
|move|p2a: Big Bird|U-turn|p1a: Ship of Light
|-resisted|p1a: Ship of Light
|-damage|p1a: Ship of Light|97/100
|inactive|Coach Jones 6fifth has 210 seconds left.
|
|t:|1769367931
|switch|p2a: Time's Up|Weavile, M, shiny|100/100|[from] U-turn
|-ability|p2a: Time's Up|Pressure
|
|upkeep
|turn|6
|inactive|SOUL CLEANSE has 240 seconds left.
|inactive|Coach Jones 6fifth has 180 seconds left.
|inactive|SOUL CLEANSE has 210 seconds left.
|
|t:|1769367969
|switch|p2a: Big Bird|Zapdos|100/100
|-terastallize|p1a: Ship of Light|Ground
|move|p1a: Ship of Light|Earthquake|p2a: Big Bird
|-immune|p2a: Big Bird
|
|upkeep
|turn|7
|
|t:|1769367979
|move|p1a: Ship of Light|Dragon Dance|p1a: Ship of Light
|-boost|p1a: Ship of Light|atk|1
|-boost|p1a: Ship of Light|spe|1
|move|p2a: Big Bird|Hurricane|p1a: Ship of Light
|-damage|p1a: Ship of Light|49/100
|
|upkeep
|turn|8
|
|t:|1769367991
|move|p1a: Ship of Light|Roost|p1a: Ship of Light
|-heal|p1a: Ship of Light|99/100
|move|p2a: Big Bird|Hurricane|p1a: Ship of Light
|-damage|p1a: Ship of Light|52/100
|
|upkeep
|turn|9
|
|t:|1769367995
|move|p1a: Ship of Light|Roost|p1a: Ship of Light
|-heal|p1a: Ship of Light|100/100
|move|p2a: Big Bird|U-turn|p1a: Ship of Light
|-damage|p1a: Ship of Light|94/100
|
|t:|1769368008
|switch|p2a: Big Man|Ting-Lu|100/100|[from] U-turn
|-ability|p2a: Big Man|Vessel of Ruin
|
|upkeep
|turn|10
|
|t:|1769368014
|move|p1a: Ship of Light|Earthquake|p2a: Big Man
|-damage|p2a: Big Man|42/100
|move|p2a: Big Man|Ruination|p1a: Ship of Light
|-damage|p1a: Ship of Light|47/100
|
|upkeep
|turn|11
|
|t:|1769368020
|move|p1a: Ship of Light|Roost|p1a: Ship of Light
|-heal|p1a: Ship of Light|97/100
|move|p2a: Big Man|Ruination|p1a: Ship of Light
|-damage|p1a: Ship of Light|49/100
|
|upkeep
|turn|12
|
|t:|1769368024
|move|p1a: Ship of Light|Roost|p1a: Ship of Light
|-heal|p1a: Ship of Light|99/100
|move|p2a: Big Man|Ruination|p1a: Ship of Light
|-damage|p1a: Ship of Light|50/100
|
|upkeep
|turn|13
|
|t:|1769368026
|move|p1a: Ship of Light|Roost|p1a: Ship of Light
|-heal|p1a: Ship of Light|99/100
|move|p2a: Big Man|Ruination|p1a: Ship of Light
|-damage|p1a: Ship of Light|50/100
|
|upkeep
|turn|14
|inactive|SOUL CLEANSE has 270 seconds left.
|
|t:|1769368056
|move|p1a: Ship of Light|Roost|p1a: Ship of Light
|-heal|p1a: Ship of Light|100/100
|move|p2a: Big Man|Ruination|p1a: Ship of Light|[miss]
|-miss|p2a: Big Man|p1a: Ship of Light
|
|upkeep
|turn|15
|
|t:|1769368063
|switch|p2a: Big Bird|Zapdos|100/100
|move|p1a: Ship of Light|Earthquake|p2a: Big Bird
|-immune|p2a: Big Bird
|
|upkeep
|turn|16
|inactive|SOUL CLEANSE has 270 seconds left.
|
|t:|1769368087
|move|p1a: Ship of Light|Dragon Dance|p1a: Ship of Light
|-boost|p1a: Ship of Light|atk|1
|-boost|p1a: Ship of Light|spe|1
|move|p2a: Big Bird|Hurricane|p1a: Ship of Light
|-damage|p1a: Ship of Light|77/100
|
|upkeep
|turn|17
|
|t:|1769368093
|move|p1a: Ship of Light|Ice Spinner|p2a: Big Bird
|-supereffective|p2a: Big Bird
|-damage|p2a: Big Bird|0 fnt
|faint|p2a: Big Bird
|
|upkeep
|inactive|Coach Jones 6fifth has 210 seconds left.
|
|t:|1769368153
|switch|p2a: Time's Up|Weavile, M, shiny|100/100
|-ability|p2a: Time's Up|Pressure
|turn|18
|
|t:|1769368157
|move|p2a: Time's Up|Ice Shard|p1a: Ship of Light
|-supereffective|p1a: Ship of Light
|-damage|p1a: Ship of Light|30/100
|move|p1a: Ship of Light|Earthquake|p2a: Time's Up
|-damage|p2a: Time's Up|0 fnt
|faint|p2a: Time's Up
|
|upkeep
|
|t:|1769368159
|switch|p2a: MLP|Keldeo-Resolute|100/100
|turn|19
|
|t:|1769368172
|switch|p1a: Curtain of Night|Pecharunt|100/100
|move|p2a: MLP|Vacuum Wave|p1a: Curtain of Night
|-immune|p1a: Curtain of Night
|
|upkeep
|turn|20
|
|t:|1769368182
|switch|p2a: Simon Affleck|Gholdengo|100/100
|move|p1a: Curtain of Night|Malignant Chain|p2a: Simon Affleck
|-immune|p2a: Simon Affleck
|
|upkeep
|turn|21
|inactive|Coach Jones 6fifth has 210 seconds left.
|
|t:|1769368215
|move|p1a: Curtain of Night|Shadow Ball|p2a: Simon Affleck
|-supereffective|p2a: Simon Affleck
|-damage|p2a: Simon Affleck|62/100
|move|p2a: Simon Affleck|Shadow Ball|p1a: Curtain of Night
|-supereffective|p1a: Curtain of Night
|-damage|p1a: Curtain of Night|26/100
|
|upkeep
|turn|22
|inactive|Coach Jones 6fifth has 210 seconds left.
|
|t:|1769368228
|switch|p1a: Shield of the Gods|Ting-Lu|87/100
|-ability|p1a: Shield of the Gods|Vessel of Ruin
|switch|p2a: MLP|Keldeo-Resolute|100/100
|
|upkeep
|turn|23
|inactive|SOUL CLEANSE has 270 seconds left.
|inactive|SOUL CLEANSE has 240 seconds left.
|
|t:|1769368280
|switch|p1a: Curtain of Night|Pecharunt|26/100
|move|p2a: MLP|Surf|p1a: Curtain of Night
|-damage|p1a: Curtain of Night|0 fnt
|faint|p1a: Curtain of Night
|
|upkeep
|
|t:|1769368298
|switch|p1a: Sword of Ice|Iron Valiant|100/100
|-enditem|p1a: Sword of Ice|Booster Energy
|-activate|p1a: Sword of Ice|ability: Quark Drive|[fromitem]
|-start|p1a: Sword of Ice|quarkdrivespe
|turn|24
|
|t:|1769368313
|-terastallize|p2a: MLP|Ground
|move|p1a: Sword of Ice|Moonblast|p2a: MLP
|-damage|p2a: MLP|50/100
|move|p2a: MLP|Surf|p1a: Sword of Ice
|-damage|p1a: Sword of Ice|0 fnt
|faint|p1a: Sword of Ice
|-end|p1a: Sword of Ice|Quark Drive|[silent]
|
|upkeep
|
|t:|1769368332
|switch|p1a: Potion of Youth|Zamazenta|100/100
|-ability|p1a: Potion of Youth|Dauntless Shield|boost
|-boost|p1a: Potion of Youth|def|1
|turn|25
|
|t:|1769368344
|switch|p2a: Big Man|Ting-Lu|42/100
|-ability|p2a: Big Man|Vessel of Ruin
|move|p1a: Potion of Youth|Body Press|p2a: Big Man
|-supereffective|p2a: Big Man
|-damage|p2a: Big Man|0 fnt
|-damage|p1a: Potion of Youth|84/100|[from] item: Rocky Helmet|[of] p2a: Big Man
|faint|p2a: Big Man
|
|-heal|p1a: Potion of Youth|90/100|[from] item: Leftovers
|upkeep
|
|t:|1769368348
|switch|p2a: Simon Affleck|Gholdengo|62/100
|turn|26
|
|t:|1769368353
|move|p1a: Potion of Youth|Crunch|p2a: Simon Affleck
|-supereffective|p2a: Simon Affleck
|-crit|p2a: Simon Affleck
|-damage|p2a: Simon Affleck|1/100
|move|p2a: Simon Affleck|Recover|p2a: Simon Affleck
|-heal|p2a: Simon Affleck|51/100
|
|-heal|p1a: Potion of Youth|96/100|[from] item: Leftovers
|upkeep
|turn|27
|
|t:|1769368356
|switch|p1a: Tablet of Destiny|Iron Treads|100/100
|-item|p1a: Tablet of Destiny|Air Balloon
|move|p2a: Simon Affleck|Recover|p2a: Simon Affleck
|-heal|p2a: Simon Affleck|100/100
|
|upkeep
|turn|28
|inactive|Coach Jones 6fifth has 240 seconds left.
|inactive|Coach Jones 6fifth has 210 seconds left.
|
|t:|1769368417
|switch|p2a: MLP|Keldeo-Resolute, tera:Ground|50/100
|move|p1a: Tablet of Destiny|Earthquake|p2a: MLP
|-damage|p2a: MLP|0 fnt
|faint|p2a: MLP
|
|upkeep
|c|☆Coach Jones 6fifth|gg
|inactive|Coach Jones 6fifth has 210 seconds left.
|-message|Coach Jones 6fifth forfeited.
|
|win|SOUL CLEANSE
|c|☆SOUL CLEANSE|gg
