|j|☆cringooo
|j|☆gmdnutmeg
|t:|1769405616
|gametype|singles
|player|p1|cringooo|elesa-masters|1162
|player|p2|gmdnutmeg|265|1202
|gen|9
|tier|[Gen 9] OU
|rated|
|rule|HP Percentage Mod: HP is shown in percentages
|rule|Endless Battle Clause: Forcing endless battles is banned
|rule|Species Clause: Limit one of each Pokémon
|rule|OHKO Clause: OHKO moves are banned
|rule|Evasion Items Clause: Evasion items are banned
|rule|Evasion Moves Clause: Evasion moves are banned
|rule|Evasion Abilities Clause: Evasion abilities are banned
|rule|Sleep Moves Clause: Sleep-inducing moves are banned
|clearpoke
|poke|p1|Torkoal, M|
|poke|p1|Trevenant, F|
|poke|p1|Chandelure, M|
|poke|p1|Walking Wake|
|poke|p1|Hatterene, F|
|poke|p1|Iron Moth|
|poke|p2|Hydrapple, M|
|poke|p2|Tyranitar, F|
|poke|p2|Moltres|
|poke|p2|Zamazenta-*|
|poke|p2|Slowking-Galar, F|
|poke|p2|Excadrill, F|
|teampreview
|
|t:|1769405634
|teamsize|p1|6
|teamsize|p2|6
|start
|switch|p1a: Torkoal|Torkoal, M|100/100
|switch|p2a: Excadrill|Excadrill, F|100/100
|-item|p2a: Excadrill|Air Balloon
|-weather|SunnyDay|[from] ability: Drought|[of] p1a: Torkoal
|turn|1
|
|t:|1769405647
|move|p2a: Excadrill|Swords Dance|p2a: Excadrill
|-boost|p2a: Excadrill|atk|2
|move|p1a: Torkoal|Stealth Rock|p2a: Excadrill
|-sidestart|p2: gmdnutmeg|move: Stealth Rock
|
|-weather|SunnyDay|[upkeep]
|upkeep
|turn|2
|
|t:|1769405655
|move|p2a: Excadrill|Earthquake|p1a: Torkoal
|-supereffective|p1a: Torkoal
|-damage|p1a: Torkoal|0 fnt
|faint|p1a: Torkoal
|
|-weather|SunnyDay|[upkeep]
|upkeep
|
|t:|1769405658
|switch|p1a: Trevenant|Trevenant, F|100/100
|turn|3
|
|t:|1769405665
|move|p2a: Excadrill|Iron Head|p1a: Trevenant
|-damage|p1a: Trevenant|7/100
|-enditem|p1a: Trevenant|Sitrus Berry|[eat]
|-heal|p1a: Trevenant|32/100|[from] item: Sitrus Berry
|move|p1a: Trevenant|Will-O-Wisp|p2a: Excadrill
|-status|p2a: Excadrill|brn
|
|-weather|SunnyDay|[upkeep]
|-damage|p2a: Excadrill|94/100 brn|[from] brn
|-item|p1a: Trevenant|Sitrus Berry|[from] ability: Harvest
|upkeep
|-enditem|p1a: Trevenant|Sitrus Berry|[eat]
|-heal|p1a: Trevenant|56/100|[from] item: Sitrus Berry
|turn|4
|
|t:|1769405675
|move|p2a: Excadrill|Swords Dance|p2a: Excadrill
|-boost|p2a: Excadrill|atk|2
|move|p1a: Trevenant|Horn Leech|p2a: Excadrill
|-crit|p2a: Excadrill
|-damage|p2a: Excadrill|39/100 brn
|-heal|p1a: Trevenant|83/100|[from] drain|[of] p2a: Excadrill
|-enditem|p2a: Excadrill|Air Balloon
|
|-weather|SunnyDay|[upkeep]
|-damage|p2a: Excadrill|33/100 brn|[from] brn
|-item|p1a: Trevenant|Sitrus Berry|[from] ability: Harvest
|upkeep
|turn|5
|
|t:|1769405682
|move|p2a: Excadrill|Iron Head|p1a: Trevenant
|-crit|p1a: Trevenant
|-damage|p1a: Trevenant|0 fnt
|faint|p1a: Trevenant
|
|-weather|SunnyDay|[upkeep]
|-damage|p2a: Excadrill|27/100 brn|[from] brn
|upkeep
|
|t:|1769405692
|switch|p1a: Walking Wake|Walking Wake|100/100
|-activate|p1a: Walking Wake|ability: Protosynthesis
|-start|p1a: Walking Wake|protosynthesisspa
|turn|6
|
|t:|1769405698
|move|p1a: Walking Wake|Hydro Steam|p2a: Excadrill
|-supereffective|p2a: Excadrill
|-damage|p2a: Excadrill|0 fnt
|faint|p2a: Excadrill
|
|-weather|SunnyDay|[upkeep]
|upkeep
|
|t:|1769405702
|switch|p2a: Tyranitar|Tyranitar, F|100/100
|-damage|p2a: Tyranitar|88/100|[from] Stealth Rock
|-weather|Sandstorm|[from] ability: Sand Stream|[of] p2a: Tyranitar
|-end|p1a: Walking Wake|Protosynthesis
|turn|7
|
|t:|1769405713
|-end|p1a: Walking Wake|Protosynthesis|[silent]
|switch|p1a: Hatterene|Hatterene, F|100/100
|move|p2a: Tyranitar|Thunder Wave|p1a: Hatterene
|move|p1a: Hatterene|Thunder Wave|p2a: Tyranitar|[from] ability: Magic Bounce
|-status|p2a: Tyranitar|par
|
|-weather|Sandstorm|[upkeep]
|-damage|p1a: Hatterene|95/100|[from] Sandstorm
|upkeep
|turn|8
|
|t:|1769405722
|move|p1a: Hatterene|Dazzling Gleam|p2a: Tyranitar
|-supereffective|p2a: Tyranitar
|-damage|p2a: Tyranitar|58/100 par
|move|p2a: Tyranitar|Knock Off|p1a: Hatterene
|-damage|p1a: Hatterene|56/100
|-enditem|p1a: Hatterene|Eject Button|[from] move: Knock Off|[of] p2a: Tyranitar
|
|-weather|Sandstorm|[upkeep]
|-damage|p1a: Hatterene|50/100|[from] Sandstorm
|upkeep
|turn|9
|
|t:|1769405727
|move|p1a: Hatterene|Dazzling Gleam|p2a: Tyranitar
|-supereffective|p2a: Tyranitar
|-damage|p2a: Tyranitar|28/100 par
|cant|p2a: Tyranitar|par
|
|-weather|Sandstorm|[upkeep]
|-damage|p1a: Hatterene|44/100|[from] Sandstorm
|upkeep
|turn|10
|
|t:|1769405730
|move|p1a: Hatterene|Dazzling Gleam|p2a: Tyranitar
|-supereffective|p2a: Tyranitar
|-damage|p2a: Tyranitar|0 fnt
|faint|p2a: Tyranitar
|
|-weather|Sandstorm|[upkeep]
|-damage|p1a: Hatterene|38/100|[from] Sandstorm
|upkeep
|
|t:|1769405734
|switch|p2a: Hydrapple|Hydrapple, M|100/100
|turn|11
|
|t:|1769405742
|move|p2a: Hydrapple|Nasty Plot|p2a: Hydrapple
|-boost|p2a: Hydrapple|spa|2
|move|p1a: Hatterene|Dazzling Gleam|p2a: Hydrapple
|-supereffective|p2a: Hydrapple
|-damage|p2a: Hydrapple|28/100
|
|-weather|Sandstorm|[upkeep]
|-damage|p2a: Hydrapple|22/100|[from] Sandstorm
|-damage|p1a: Hatterene|32/100|[from] Sandstorm
|upkeep
|turn|12
|
|t:|1769405748
|move|p2a: Hydrapple|Giga Drain|p1a: Hatterene
|-damage|p1a: Hatterene|0 fnt
|-heal|p2a: Hydrapple|34/100|[from] drain|[of] p1a: Hatterene
|faint|p1a: Hatterene
|
|-weather|Sandstorm|[upkeep]
|-damage|p2a: Hydrapple|28/100|[from] Sandstorm
|upkeep
|
|t:|1769405750
|switch|p1a: Chandelure|Chandelure, M|100/100
|turn|13
|
|t:|1769405762
|switch|p2a: Slowking|Slowking-Galar, F|100/100
|-damage|p2a: Slowking|88/100|[from] Stealth Rock
|move|p1a: Chandelure|Flamethrower|p2a: Slowking
|-damage|p2a: Slowking|60/100
|
|-weather|Sandstorm|[upkeep]
|-damage|p1a: Chandelure|94/100|[from] Sandstorm
|-damage|p2a: Slowking|54/100|[from] Sandstorm
|upkeep
|turn|14
|
|t:|1769405774
|move|p1a: Chandelure|Flamethrower|p2a: Slowking
|-damage|p2a: Slowking|25/100
|move|p2a: Slowking|Sludge Bomb|p1a: Chandelure
|-resisted|p1a: Chandelure
|-damage|p1a: Chandelure|69/100
|
|-weather|none
|upkeep
|turn|15
|
|t:|1769405784
|switch|p2a: Moltres|Moltres|100/100
|move|p1a: Chandelure|Flamethrower|p2a: Moltres
|-resisted|p2a: Moltres
|-damage|p2a: Moltres|76/100
|
|upkeep
|turn|16
|
|t:|1769405793
|switch|p1a: Walking Wake|Walking Wake|100/100
|move|p2a: Moltres|U-turn|p1a: Walking Wake
|-damage|p1a: Walking Wake|86/100
|
|t:|1769405809
|switch|p2a: Zamazenta|Zamazenta|100/100|[from] U-turn
|-damage|p2a: Zamazenta|94/100|[from] Stealth Rock
|-ability|p2a: Zamazenta|Dauntless Shield|boost
|-boost|p2a: Zamazenta|def|1
|
|-heal|p2a: Zamazenta|100/100|[from] item: Leftovers
|upkeep
|turn|17
|
|t:|1769405832
|-end|p1a: Walking Wake|Protosynthesis|[silent]
|switch|p1a: Chandelure|Chandelure, M|69/100
|move|p2a: Zamazenta|Iron Defense|p2a: Zamazenta
|-boost|p2a: Zamazenta|def|2
|
|upkeep
|turn|18
|
|t:|1769405840
|-terastallize|p2a: Zamazenta|Fire
|move|p1a: Chandelure|Trick|p2a: Zamazenta
|-activate|p1a: Chandelure|move: Trick|[of] p2a: Zamazenta
|-item|p2a: Zamazenta|Choice Scarf|[from] move: Trick
|-item|p1a: Chandelure|Leftovers|[from] move: Trick
|move|p2a: Zamazenta|Iron Defense|p2a: Zamazenta
|-boost|p2a: Zamazenta|def|2
|
|-heal|p1a: Chandelure|76/100|[from] item: Leftovers
|upkeep
|turn|19
|
|t:|1769405852
|switch|p2a: Moltres|Moltres|76/100
|switch|p1a: Iron Moth|Iron Moth|100/100
|-enditem|p1a: Iron Moth|Booster Energy
|-activate|p1a: Iron Moth|ability: Quark Drive|[fromitem]
|-start|p1a: Iron Moth|quarkdrivespa
|
|upkeep
|turn|20
|
|t:|1769405870
|move|p1a: Iron Moth|Sludge Wave|p2a: Moltres
|-damage|p2a: Moltres|4/100
|-status|p2a: Moltres|psn
|move|p2a: Moltres|Roar|p1a: Iron Moth
|-end|p1a: Iron Moth|Quark Drive|[silent]
|drag|p1a: Chandelure|Chandelure, M|76/100
|
|-heal|p1a: Chandelure|82/100|[from] item: Leftovers
|-damage|p2a: Moltres|0 fnt|[from] psn
|faint|p2a: Moltres
|upkeep
|
|t:|1769405879
|switch|p2a: Slowking|Slowking-Galar, F|59/100
|-damage|p2a: Slowking|46/100|[from] Stealth Rock
|turn|21
|
|t:|1769405894
|-terastallize|p1a: Chandelure|Fire
|move|p1a: Chandelure|Overheat|p2a: Slowking|[miss]
|-miss|p1a: Chandelure|p2a: Slowking
|move|p2a: Slowking|Sludge Bomb|p1a: Chandelure
|-damage|p1a: Chandelure|30/100
|
|-heal|p1a: Chandelure|36/100|[from] item: Leftovers
|upkeep
|turn|22
|
|t:|1769405901
|move|p1a: Chandelure|Overheat|p2a: Slowking
|-damage|p2a: Slowking|0 fnt
|-unboost|p1a: Chandelure|spa|2
|faint|p2a: Slowking
|
|-heal|p1a: Chandelure|42/100|[from] item: Leftovers
|upkeep
|
|t:|1769405907
|switch|p2a: Zamazenta|Zamazenta, tera:Fire|100/100
|-damage|p2a: Zamazenta|76/100|[from] Stealth Rock
|turn|23
|
|t:|1769405911
|move|p2a: Zamazenta|Body Press|p1a: Chandelure
|-damage|p1a: Chandelure|0 fnt
|faint|p1a: Chandelure
|
|upkeep
|
|t:|1769405919
|switch|p1a: Walking Wake|Walking Wake|86/100
|turn|24
|
|t:|1769405925
|move|p2a: Zamazenta|Body Press|p1a: Walking Wake
|-damage|p1a: Walking Wake|43/100
|move|p1a: Walking Wake|Hydro Steam|p2a: Zamazenta
|-supereffective|p2a: Zamazenta
|-damage|p2a: Zamazenta|0 fnt
|faint|p2a: Zamazenta
|
|upkeep
|
|t:|1769405932
|switch|p2a: Hydrapple|Hydrapple, M|61/100
|turn|25
|
|t:|1769405945
|move|p1a: Walking Wake|Hydro Steam|p2a: Hydrapple
|-resisted|p2a: Hydrapple
|-damage|p2a: Hydrapple|45/100
|move|p2a: Hydrapple|Nasty Plot|p2a: Hydrapple
|-boost|p2a: Hydrapple|spa|2
|
|upkeep
|turn|26
|
|t:|1769405949
|move|p1a: Walking Wake|Hydro Steam|p2a: Hydrapple
|-resisted|p2a: Hydrapple
|-damage|p2a: Hydrapple|30/100
|move|p2a: Hydrapple|Giga Drain|p1a: Walking Wake
|-damage|p1a: Walking Wake|0 fnt
|-heal|p2a: Hydrapple|48/100|[from] drain|[of] p1a: Walking Wake
|faint|p1a: Walking Wake
|-end|p1a: Walking Wake|Protosynthesis|[silent]
|
|upkeep
|
|t:|1769405952
|switch|p1a: Iron Moth|Iron Moth|100/100
|turn|27
|
|t:|1769405957
|move|p1a: Iron Moth|Dazzling Gleam|p2a: Hydrapple
|-supereffective|p2a: Hydrapple
|-damage|p2a: Hydrapple|0 fnt
|faint|p2a: Hydrapple
|
|win|cringooo
|raw|cringooo's rating: 1162 &rarr; <strong>1190</strong><br />(+28 for winning)
|raw|gmdnutmeg's rating: 1202 &rarr; <strong>1174</strong><br />(-28 for losing)
|l|☆gmdnutmeg
|player|p2|
|l|☆cringooo
|player|p1|
