|j|☆gfitzy
|j|☆WaveHunts
|t:|1769324003
|gametype|singles
|player|p1|gfitzy|cynthia-masters|1458
|player|p2|WaveHunts|gentleman-gen4|1525
|gen|9
|tier|[Gen 9] OU
|rated|
|rule|HP Percentage Mod: HP is shown in percentages
|rule|Endless Battle Clause: Forcing endless battles is banned
|rule|Species Clause: Limit one of each Pokémon
|rule|OHKO Clause: OHKO moves are banned
|rule|Evasion Items Clause: Evasion items are banned
|rule|Evasion Moves Clause: Evasion moves are banned
|rule|Evasion Abilities Clause: Evasion abilities are banned
|rule|Sleep Moves Clause: Sleep-inducing moves are banned
|clearpoke
|poke|p1|Carbink, L1|
|poke|p1|Braviary-Hisui, M|
|poke|p1|Ursaluna, M|
|poke|p1|Kingambit, M|
|poke|p1|Iron Hands|
|poke|p1|Hatterene, F|
|poke|p2|Enamorus, F|
|poke|p2|Great Tusk|
|poke|p2|Zapdos|
|poke|p2|Samurott-Hisui, M|
|poke|p2|Heatran, F|
|poke|p2|Rillaboom, M|
|teampreview
|inactive|Battle timer is ON: inactive players will automatically lose when time's up. (requested by WaveHunts)
|
|t:|1769324026
|teamsize|p1|6
|teamsize|p2|6
|start
|switch|p1a: The Bink|Carbink, L1, shiny|100/100
|switch|p2a: Enamorus|Enamorus, F|100/100
|turn|1
|
|t:|1769324050
|move|p2a: Enamorus|Moonblast|p1a: The Bink
|-ability|p1a: The Bink|Sturdy
|-damage|p1a: The Bink|9/100
|move|p1a: The Bink|Trick Room|p1a: The Bink
|-fieldstart|move: Trick Room|[of] p1a: The Bink
|
|-damage|p1a: The Bink|0 fnt|[from] item: Black Sludge
|faint|p1a: The Bink
|upkeep
|
|t:|1769324065
|switch|p1a: Balloon Boy|Braviary-Hisui, M, shiny|100/100
|turn|2
|
|t:|1769324079
|switch|p2a: Heatran|Heatran, F, shiny|100/100
|move|p1a: Balloon Boy|Psychic|p2a: Heatran
|-resisted|p2a: Heatran
|-crit|p2a: Heatran
|-damage|p2a: Heatran|55/100
|
|-heal|p2a: Heatran|61/100|[from] item: Leftovers
|upkeep
|turn|3
|inactive|gfitzy has 120 seconds left.
|
|t:|1769324107
|move|p1a: Balloon Boy|Psychic|p2a: Heatran
|-resisted|p2a: Heatran
|-crit|p2a: Heatran
|-damage|p2a: Heatran|17/100
|move|p2a: Heatran|Magma Storm|p1a: Balloon Boy|[miss]
|-miss|p2a: Heatran|p1a: Balloon Boy
|
|-heal|p2a: Heatran|24/100|[from] item: Leftovers
|upkeep
|turn|4
|
|t:|1769324123
|move|p1a: Balloon Boy|Psychic|p2a: Heatran
|-resisted|p2a: Heatran
|-damage|p2a: Heatran|0 fnt
|faint|p2a: Heatran
|
|upkeep
|
|t:|1769324126
|switch|p2a: Samurott|Samurott-Hisui, M|100/100
|turn|5
|
|t:|1769324137
|move|p1a: Balloon Boy|Hurricane|p2a: Samurott|[miss]
|-miss|p1a: Balloon Boy|p2a: Samurott
|move|p2a: Samurott|Ceaseless Edge|p1a: Balloon Boy
|-supereffective|p1a: Balloon Boy
|-damage|p1a: Balloon Boy|2/100
|-sidestart|p1: gfitzy|Spikes
|
|-fieldend|move: Trick Room
|upkeep
|turn|6
|
|t:|1769324146
|move|p1a: Balloon Boy|Vacuum Wave|p2a: Samurott
|-supereffective|p2a: Samurott
|-damage|p2a: Samurott|50/100
|-damage|p1a: Balloon Boy|0 fnt|[from] item: Life Orb
|faint|p1a: Balloon Boy
|move|p2a: Samurott|Ceaseless Edge|p1: Balloon Boy|[notarget]
|-fail|p2a: Samurott
|
|upkeep
|
|t:|1769324156
|switch|p1a: Chica|Hatterene, F|100/100
|-damage|p1a: Chica|88/100|[from] Spikes
|turn|7
|
|t:|1769324179
|move|p2a: Samurott|Ceaseless Edge|p1a: Chica
|-damage|p1a: Chica|35/100
|-sidestart|p1: gfitzy|Spikes
|move|p1a: Chica|Trick Room|p1a: Chica
|-fieldstart|move: Trick Room|[of] p1a: Chica
|
|upkeep
|turn|8
|
|t:|1769324191
|move|p2a: Samurott|Sucker Punch|p1a: Chica
|-damage|p1a: Chica|1/100
|move|p1a: Chica|Dazzling Gleam|p2a: Samurott
|-supereffective|p2a: Samurott
|-crit|p2a: Samurott
|-damage|p2a: Samurott|0 fnt
|faint|p2a: Samurott
|
|upkeep
|
|t:|1769324200
|switch|p2a: Rillaboom|Rillaboom, M|100/100
|-fieldstart|move: Grassy Terrain|[from] ability: Grassy Surge|[of] p2a: Rillaboom
|turn|9
|
|t:|1769324210
|move|p2a: Rillaboom|Grassy Glide|p1a: Chica
|-damage|p1a: Chica|0 fnt
|faint|p1a: Chica
|
|upkeep
|
|t:|1769324240
|switch|p1a: Freddy|Ursaluna, M|100/100
|-damage|p1a: Freddy|84/100|[from] Spikes
|turn|10
|inactive|WaveHunts has 120 seconds left.
|
|t:|1769324289
|-terastallize|p1a: Freddy|Normal
|move|p1a: Freddy|Facade|p2a: Rillaboom
|-damage|p2a: Rillaboom|39/100
|move|p2a: Rillaboom|Wood Hammer|p1a: Freddy
|-damage|p1a: Freddy|28/100
|-damage|p2a: Rillaboom|14/100|[from] Recoil
|
|-heal|p1a: Freddy|34/100|[from] Grassy Terrain
|-heal|p2a: Rillaboom|20/100|[from] Grassy Terrain
|-heal|p2a: Rillaboom|26/100|[from] item: Leftovers
|-status|p1a: Freddy|brn|[from] item: Flame Orb
|upkeep
|turn|11
|
|t:|1769324312
|move|p2a: Rillaboom|Grassy Glide|p1a: Freddy
|-damage|p1a: Freddy|9/100 brn
|move|p1a: Freddy|Facade|p2a: Rillaboom
|-damage|p2a: Rillaboom|0 fnt
|faint|p2a: Rillaboom
|
|-heal|p1a: Freddy|15/100 brn|[from] Grassy Terrain
|-damage|p1a: Freddy|9/100 brn|[from] brn
|-fieldend|move: Trick Room
|upkeep
|inactive|WaveHunts has 90 seconds left.
|
|t:|1769324330
|switch|p2a: Enamorus|Enamorus, F|100/100
|turn|12
|inactive|WaveHunts has 90 seconds left.
|
|t:|1769324338
|move|p2a: Enamorus|Moonblast|p1a: Freddy
|-damage|p1a: Freddy|0 fnt
|faint|p1a: Freddy
|
|upkeep
|
|t:|1769324352
|switch|p1a: William Afton|Kingambit, M|100/100
|-damage|p1a: William Afton|84/100|[from] Spikes
|-activate|p1a: William Afton|ability: Supreme Overlord
|-start|p1a: William Afton|fallen4|[silent]
|turn|13
|
|t:|1769324367
|move|p2a: Enamorus|Moonblast|p1a: William Afton
|-damage|p1a: William Afton|10/100
|move|p1a: William Afton|Iron Head|p2a: Enamorus
|-supereffective|p2a: Enamorus
|-damage|p2a: Enamorus|0 fnt
|faint|p2a: Enamorus
|
|-heal|p1a: William Afton|16/100|[from] Grassy Terrain
|-fieldend|move: Grassy Terrain
|upkeep
|
|t:|1769324376
|switch|p2a: Great Tusk|Great Tusk, shiny|100/100
|turn|14
|inactive|WaveHunts has 90 seconds left.
|
|t:|1769324391
|move|p1a: William Afton|Sucker Punch|p2a: Great Tusk
|-resisted|p2a: Great Tusk
|-damage|p2a: Great Tusk|76/100
|move|p2a: Great Tusk|Close Combat|p1a: William Afton
|-supereffective|p1a: William Afton
|-damage|p1a: William Afton|0 fnt
|-unboost|p2a: Great Tusk|def|1
|-unboost|p2a: Great Tusk|spd|1
|faint|p1a: William Afton
|-end|p1a: William Afton|fallen4|[silent]
|
|upkeep
|
|t:|1769324400
|switch|p1a: Bonnie|Iron Hands|100/100
|-damage|p1a: Bonnie|84/100|[from] Spikes
|-enditem|p1a: Bonnie|Booster Energy
|-activate|p1a: Bonnie|ability: Quark Drive|[fromitem]
|-start|p1a: Bonnie|quarkdriveatk
|turn|15
|
|t:|1769324412
|move|p2a: Great Tusk|Close Combat|p1a: Bonnie
|-damage|p1a: Bonnie|38/100
|-unboost|p2a: Great Tusk|def|1
|-unboost|p2a: Great Tusk|spd|1
|move|p1a: Bonnie|Ice Punch|p2a: Great Tusk
|-supereffective|p2a: Great Tusk
|-damage|p2a: Great Tusk|0 fnt
|faint|p2a: Great Tusk
|-end|p2a: Great Tusk|Protosynthesis|[silent]
|
|upkeep
|
|t:|1769324419
|switch|p2a: Zapdos|Zapdos|100/100
|turn|16
|
|t:|1769324437
|move|p2a: Zapdos|Hurricane|p1a: Bonnie
|-damage|p1a: Bonnie|0 fnt
|faint|p1a: Bonnie
|-end|p1a: Bonnie|Quark Drive|[silent]
|
|win|WaveHunts
|raw|gfitzy's rating: 1458 &rarr; <strong>1442</strong><br />(-16 for losing)
|raw|WaveHunts's rating: 1525 &rarr; <strong>1541</strong><br />(+16 for winning)
|l|☆WaveHunts
|player|p2|
|l|☆gfitzy
|player|p1|
