|j|☆8877hhh
|j|☆vgc_trainer_999
|t:|1769352030
|gametype|singles
|player|p1|8877hhh|102|1061
|player|p2|vgc_trainer_999|102|1085
|gen|9
|tier|[Gen 9] OU
|rated|
|rule|HP Percentage Mod: HP is shown in percentages
|rule|Endless Battle Clause: Forcing endless battles is banned
|rule|Species Clause: Limit one of each Pokémon
|rule|OHKO Clause: OHKO moves are banned
|rule|Evasion Items Clause: Evasion items are banned
|rule|Evasion Moves Clause: Evasion moves are banned
|rule|Evasion Abilities Clause: Evasion abilities are banned
|rule|Sleep Moves Clause: Sleep-inducing moves are banned
|clearpoke
|poke|p1|Politoed, F|
|poke|p1|Thundurus-Therian, M|
|poke|p1|Zamazenta-*|
|poke|p1|Indeedee, M|
|poke|p1|Kingambit, F|
|poke|p1|Toxtricity, F|
|poke|p2|Klefki, F|
|poke|p2|Sylveon, M|
|poke|p2|Weezing-Galar, F|
|poke|p2|Florges, F|
|poke|p2|Azumarill, F|
|poke|p2|Clefable, M|
|teampreview
|
|t:|1769352040
|teamsize|p1|6
|teamsize|p2|6
|start
|switch|p1a: Toxtricity|Toxtricity, F|100/100
|switch|p2a: Klefki|Klefki, F|100/100
|turn|1
|
|t:|1769352048
|move|p2a: Klefki|Switcheroo|p1a: Toxtricity
|-activate|p2a: Klefki|move: Trick|[of] p1a: Toxtricity
|-item|p1a: Toxtricity|Sticky Barb|[from] move: Switcheroo
|-item|p2a: Klefki|Throat Spray|[from] move: Switcheroo
|move|p1a: Toxtricity|Shift Gear|p1a: Toxtricity
|-boost|p1a: Toxtricity|spe|2
|-boost|p1a: Toxtricity|atk|1
|
|-damage|p1a: Toxtricity|88/100|[from] item: Sticky Barb
|upkeep
|turn|2
|
|t:|1769352057
|move|p2a: Klefki|Thunder Wave|p1a: Toxtricity|[miss]
|-miss|p2a: Klefki|p1a: Toxtricity
|move|p1a: Toxtricity|Overdrive|p2a: Klefki
|-damage|p2a: Klefki|46/100
|
|-damage|p1a: Toxtricity|76/100|[from] item: Sticky Barb
|upkeep
|turn|3
|
|t:|1769352067
|move|p2a: Klefki|Thunder Wave|p1a: Toxtricity
|-immune|p1a: Toxtricity
|move|p1a: Toxtricity|Overdrive|p2a: Klefki
|-damage|p2a: Klefki|0 fnt
|faint|p2a: Klefki
|
|-damage|p1a: Toxtricity|64/100|[from] item: Sticky Barb
|upkeep
|
|t:|1769352090
|switch|p2a: Sylveon|Sylveon, M|100/100
|turn|4
|
|t:|1769352096
|move|p1a: Toxtricity|Overdrive|p2a: Sylveon
|-damage|p2a: Sylveon|60/100
|move|p2a: Sylveon|Psychic|p1a: Toxtricity
|-supereffective|p1a: Toxtricity
|-damage|p1a: Toxtricity|0 fnt
|faint|p1a: Toxtricity
|
|upkeep
|
|t:|1769352108
|switch|p1a: Thundurus|Thundurus-Therian, M|100/100
|turn|5
|
|t:|1769352112
|move|p1a: Thundurus|Charge Beam|p2a: Sylveon
|-damage|p2a: Sylveon|40/100
|move|p2a: Sylveon|Psychic|p1a: Thundurus
|-damage|p1a: Thundurus|38/100
|
|upkeep
|turn|6
|
|t:|1769352118
|move|p1a: Thundurus|Thunderbolt|p2a: Sylveon
|-damage|p2a: Sylveon|0 fnt
|faint|p2a: Sylveon
|
|upkeep
|
|t:|1769352123
|switch|p2a: Florges|Florges, F|100/100
|turn|7
|
|t:|1769352127
|move|p1a: Thundurus|Thunder|p2a: Florges
|-damage|p2a: Florges|60/100
|move|p2a: Florges|Calm Mind|p2a: Florges
|-boost|p2a: Florges|spa|1
|-boost|p2a: Florges|spd|1
|
|-heal|p2a: Florges|66/100|[from] item: Leftovers
|upkeep
|turn|8
|
|t:|1769352137
|move|p1a: Thundurus|Charge Beam|p2a: Florges
|-crit|p2a: Florges
|-damage|p2a: Florges|37/100
|-boost|p1a: Thundurus|spa|1
|move|p2a: Florges|Calm Mind|p2a: Florges
|-boost|p2a: Florges|spa|1
|-boost|p2a: Florges|spd|1
|
|-heal|p2a: Florges|43/100|[from] item: Leftovers
|upkeep
|turn|9
|
|t:|1769352146
|move|p1a: Thundurus|Thunder|p2a: Florges
|-damage|p2a: Florges|13/100
|-status|p2a: Florges|par
|cant|p2a: Florges|par
|
|-heal|p2a: Florges|19/100 par|[from] item: Leftovers
|upkeep
|turn|10
|
|t:|1769352156
|move|p1a: Thundurus|Thunder|p2a: Florges
|-damage|p2a: Florges|0 fnt
|faint|p2a: Florges
|
|upkeep
|
|t:|1769352161
|switch|p2a: Clefable|Clefable, M|100/100
|turn|11
|
|t:|1769352166
|move|p1a: Thundurus|Thunder|p2a: Clefable
|-damage|p2a: Clefable|4/100
|move|p2a: Clefable|Moonblast|p1a: Thundurus
|-damage|p1a: Thundurus|0 fnt
|faint|p1a: Thundurus
|
|upkeep
|
|t:|1769352170
|switch|p1a: Politoed|Politoed, F|100/100
|-weather|RainDance|[from] ability: Drizzle|[of] p1a: Politoed
|turn|12
|
|t:|1769352178
|move|p1a: Politoed|Weather Ball|p2a: Clefable
|-damage|p2a: Clefable|0 fnt
|faint|p2a: Clefable
|-damage|p1a: Politoed|91/100|[from] item: Life Orb
|
|-weather|RainDance|[upkeep]
|upkeep
|
|t:|1769352185
|switch|p2a: Azumarill|Azumarill, F|100/100
|turn|13
|
|t:|1769352190
|move|p1a: Politoed|Weather Ball|p2a: Azumarill
|-resisted|p2a: Azumarill
|-damage|p2a: Azumarill|53/100
|-damage|p1a: Politoed|81/100|[from] item: Life Orb
|move|p2a: Azumarill|Play Rough|p1a: Politoed
|-damage|p1a: Politoed|0 fnt
|faint|p1a: Politoed
|
|-weather|RainDance|[upkeep]
|upkeep
|
|t:|1769352199
|switch|p1a: Zamazenta|Zamazenta|100/100
|-ability|p1a: Zamazenta|Dauntless Shield|boost
|-boost|p1a: Zamazenta|def|1
|turn|14
|
|t:|1769352204
|move|p1a: Zamazenta|Iron Defense|p1a: Zamazenta
|-boost|p1a: Zamazenta|def|2
|move|p2a: Azumarill|Play Rough|p1a: Zamazenta
|-supereffective|p1a: Zamazenta
|-damage|p1a: Zamazenta|48/100
|
|-weather|RainDance|[upkeep]
|upkeep
|turn|15
|
|t:|1769352213
|move|p1a: Zamazenta|Iron Defense|p1a: Zamazenta
|-boost|p1a: Zamazenta|def|2
|move|p2a: Azumarill|Play Rough|p1a: Zamazenta
|-supereffective|p1a: Zamazenta
|-damage|p1a: Zamazenta|9/100
|-enditem|p1a: Zamazenta|Salac Berry|[eat]
|-boost|p1a: Zamazenta|spe|1|[from] item: Salac Berry
|
|-weather|RainDance|[upkeep]
|upkeep
|turn|16
|
|t:|1769352223
|switch|p2a: Weezing|Weezing-Galar, F|100/100
|move|p1a: Zamazenta|Body Press|p2a: Weezing
|-resisted|p2a: Weezing
|-damage|p2a: Weezing|76/100
|-damage|p1a: Zamazenta|0 fnt|[from] item: Rocky Helmet|[of] p2a: Weezing
|faint|p1a: Zamazenta
|
|-weather|none
|upkeep
|
|t:|1769352231
|switch|p1a: Indeedee|Indeedee, M|100/100
|-fieldstart|move: Psychic Terrain|[from] ability: Psychic Surge|[of] p1a: Indeedee
|turn|17
|
|t:|1769352241
|move|p1a: Indeedee|Expanding Force|p2a: Weezing
|-supereffective|p2a: Weezing
|-damage|p2a: Weezing|0 fnt
|faint|p2a: Weezing
|-damage|p1a: Indeedee|91/100|[from] item: Life Orb
|
|upkeep
|
|t:|1769352247
|switch|p2a: Azumarill|Azumarill, F|53/100
|turn|18
|
|t:|1769352258
|-terastallize|p2a: Azumarill|Water
|move|p2a: Azumarill|Aqua Jet|p1a: Indeedee
|-activate|p1a: Indeedee|move: Psychic Terrain
|move|p1a: Indeedee|Expanding Force|p2a: Azumarill
|-damage|p2a: Azumarill|0 fnt
|faint|p2a: Azumarill
|-damage|p1a: Indeedee|81/100|[from] item: Life Orb
|
|win|8877hhh
|raw|8877hhh's rating: 1061 &rarr; <strong>1094</strong><br />(+33 for winning)
|raw|vgc_trainer_999's rating: 1085 &rarr; <strong>1061</strong><br />(-24 for losing)
|l|☆8877hhh
|player|p1|
|l|☆vgc_trainer_999
|player|p2|
