|j|☆Silent1ine
|j|☆razerblake
|t:|1769442326
|gametype|singles
|player|p1|Silent1ine|palmer|1397
|player|p2|razerblake|preschoolerf|1437
|gen|9
|tier|[Gen 9] OU
|rated|
|rule|HP Percentage Mod: HP is shown in percentages
|rule|Endless Battle Clause: Forcing endless battles is banned
|rule|Species Clause: Limit one of each Pokémon
|rule|OHKO Clause: OHKO moves are banned
|rule|Evasion Items Clause: Evasion items are banned
|rule|Evasion Moves Clause: Evasion moves are banned
|rule|Evasion Abilities Clause: Evasion abilities are banned
|rule|Sleep Moves Clause: Sleep-inducing moves are banned
|clearpoke
|poke|p1|Clefable, F|
|poke|p1|Skarmory, F|
|poke|p1|Gliscor, M|
|poke|p1|Dragapult, M|
|poke|p1|Great Tusk|
|poke|p1|Tornadus-Therian, M|
|poke|p2|Deoxys-Speed|
|poke|p2|Ceruledge, M|
|poke|p2|Zamazenta-*|
|poke|p2|Ogerpon-Wellspring, F|
|poke|p2|Glimmora, F|
|poke|p2|Moltres-Galar|
|teampreview
|inactive|Battle timer is ON: inactive players will automatically lose when time's up. (requested by razerblake)
|
|t:|1769442341
|teamsize|p1|6
|teamsize|p2|6
|start
|switch|p1a: Dragapult|Dragapult, M|100/100
|switch|p2a: Deoxys|Deoxys-Speed|100/100
|-ability|p2a: Deoxys|Pressure
|turn|1
|
|t:|1769442355
|move|p2a: Deoxys|Light Screen|p2a: Deoxys
|-sidestart|p2: razerblake|move: Light Screen
|move|p1a: Dragapult|Draco Meteor|p2a: Deoxys
|-damage|p2a: Deoxys|0 fnt
|-unboost|p1a: Dragapult|spa|2
|faint|p2a: Deoxys
|
|upkeep
|
|t:|1769442362
|switch|p2a: Ogerpon|Ogerpon-Wellspring, F|100/100
|turn|2
|
|t:|1769442366
|switch|p1a: Skarmory|Skarmory, F|100/100
|move|p2a: Ogerpon|Swords Dance|p2a: Ogerpon
|-boost|p2a: Ogerpon|atk|2
|
|upkeep
|turn|3
|
|t:|1769442374
|move|p2a: Ogerpon|Ivy Cudgel|p1a: Skarmory|[anim] Ivy Cudgel Water
|-damage|p1a: Skarmory|31/100
|move|p1a: Skarmory|Iron Defense|p1a: Skarmory
|-boost|p1a: Skarmory|def|2
|
|upkeep
|turn|4
|
|t:|1769442377
|move|p2a: Ogerpon|Ivy Cudgel|p1a: Skarmory|[anim] Ivy Cudgel Water
|-damage|p1a: Skarmory|0 fnt
|faint|p1a: Skarmory
|
|upkeep
|
|t:|1769442381
|switch|p1a: Dragapult|Dragapult, M|100/100
|turn|5
|
|t:|1769442384
|-terastallize|p1a: Dragapult|Ghost
|move|p1a: Dragapult|Shadow Ball|p2a: Ogerpon
|-damage|p2a: Ogerpon|25/100
|move|p2a: Ogerpon|Play Rough|p1a: Dragapult
|-damage|p1a: Dragapult|1/100
|
|upkeep
|turn|6
|
|t:|1769442395
|switch|p2a: Moltres|Moltres-Galar|100/100
|move|p1a: Dragapult|Shadow Ball|p2a: Moltres
|-resisted|p2a: Moltres
|-damage|p2a: Moltres|70/100
|
|upkeep
|turn|7
|
|t:|1769442402
|switch|p1a: Clefable|Clefable, F|100/100
|move|p2a: Moltres|Agility|p2a: Moltres
|-boost|p2a: Moltres|spe|2
|
|upkeep
|turn|8
|
|t:|1769442407
|switch|p2a: Glimmora|Glimmora, F|100/100
|move|p1a: Clefable|Thunder Wave|p2a: Glimmora
|-status|p2a: Glimmora|par
|
|-sideend|p2: razerblake|move: Light Screen
|upkeep
|turn|9
|
|t:|1769442416
|switch|p1a: Great Tusk|Great Tusk|100/100
|move|p2a: Glimmora|Stealth Rock|p1a: Great Tusk
|-sidestart|p1: Silent1ine|move: Stealth Rock
|
|upkeep
|turn|10
|
|t:|1769442424
|switch|p2a: Ogerpon|Ogerpon-Wellspring, F|25/100
|move|p1a: Great Tusk|Headlong Rush|p2a: Ogerpon
|-resisted|p2a: Ogerpon
|-damage|p2a: Ogerpon|0 fnt
|-unboost|p1a: Great Tusk|def|1
|-unboost|p1a: Great Tusk|spd|1
|faint|p2a: Ogerpon
|
|upkeep
|
|t:|1769442433
|switch|p2a: Zamazenta|Zamazenta|100/100
|-ability|p2a: Zamazenta|Dauntless Shield|boost
|-boost|p2a: Zamazenta|def|1
|turn|11
|
|t:|1769442435
|move|p2a: Zamazenta|Iron Defense|p2a: Zamazenta
|-boost|p2a: Zamazenta|def|2
|move|p1a: Great Tusk|Rapid Spin|p2a: Zamazenta
|-crit|p2a: Zamazenta
|-damage|p2a: Zamazenta|80/100
|-boost|p1a: Great Tusk|spe|1
|-sideend|p1: Silent1ine|Stealth Rock|[from] move: Rapid Spin|[of] p1a: Great Tusk
|
|-heal|p2a: Zamazenta|86/100|[from] item: Leftovers
|upkeep
|turn|12
|
|t:|1769442438
|-end|p1a: Great Tusk|Protosynthesis|[silent]
|switch|p1a: Clefable|Clefable, F|100/100
|move|p2a: Zamazenta|Iron Defense|p2a: Zamazenta
|-boost|p2a: Zamazenta|def|2
|
|-heal|p2a: Zamazenta|92/100|[from] item: Leftovers
|upkeep
|turn|13
|
|t:|1769442440
|move|p2a: Zamazenta|Heavy Slam|p1a: Clefable
|-supereffective|p1a: Clefable
|-crit|p1a: Clefable
|-damage|p1a: Clefable|26/100
|move|p1a: Clefable|Thunder Wave|p2a: Zamazenta
|-status|p2a: Zamazenta|par
|
|-heal|p2a: Zamazenta|99/100 par|[from] item: Leftovers
|-heal|p1a: Clefable|32/100|[from] item: Leftovers
|upkeep
|turn|14
|
|t:|1769442443
|move|p2a: Zamazenta|Heavy Slam|p1a: Clefable
|-supereffective|p1a: Clefable
|-damage|p1a: Clefable|0 fnt
|faint|p1a: Clefable
|
|-heal|p2a: Zamazenta|100/100 par|[from] item: Leftovers
|upkeep
|
|t:|1769442445
|switch|p1a: Tornadus|Tornadus-Therian, M|100/100
|turn|15
|
|t:|1769442450
|switch|p2a: Moltres|Moltres-Galar|70/100
|move|p1a: Tornadus|Bleakwind Storm|p2a: Moltres
|-damage|p2a: Moltres|39/100
|-unboost|p2a: Moltres|spe|1
|-ability|p2a: Moltres|Berserk|boost
|-boost|p2a: Moltres|spa|1
|-enditem|p2a: Moltres|Sitrus Berry|[eat]
|-heal|p2a: Moltres|64/100|[from] item: Sitrus Berry
|
|upkeep
|turn|16
|
|t:|1769442458
|move|p1a: Tornadus|Bleakwind Storm|p2a: Moltres
|-damage|p2a: Moltres|32/100
|-unboost|p2a: Moltres|spe|1
|-ability|p2a: Moltres|Berserk|boost
|-boost|p2a: Moltres|spa|1
|move|p2a: Moltres|Fiery Wrath|p1a: Tornadus
|-damage|p1a: Tornadus|60/100
|
|upkeep
|turn|17
|
|t:|1769442462
|move|p1a: Tornadus|Bleakwind Storm|p2a: Moltres
|-damage|p2a: Moltres|0 fnt
|faint|p2a: Moltres
|
|upkeep
|
|t:|1769442465
|switch|p2a: Ceruledge|Ceruledge, M|100/100
|turn|18
|
|t:|1769442468
|move|p1a: Tornadus|Bleakwind Storm|p2a: Ceruledge
|-damage|p2a: Ceruledge|55/100
|move|p2a: Ceruledge|Swords Dance|p2a: Ceruledge
|-boost|p2a: Ceruledge|atk|2
|
|upkeep
|turn|19
|
|t:|1769442474
|move|p1a: Tornadus|Bleakwind Storm|p2a: Ceruledge
|-damage|p2a: Ceruledge|11/100
|move|p2a: Ceruledge|Bitter Blade|p1a: Tornadus
|-damage|p1a: Tornadus|0 fnt
|-heal|p2a: Ceruledge|46/100|[from] drain|[of] p1a: Tornadus
|faint|p1a: Tornadus
|-damage|p2a: Ceruledge|36/100|[from] item: Life Orb
|
|upkeep
|
|t:|1769442479
|switch|p1a: Great Tusk|Great Tusk|100/100
|turn|20
|
|t:|1769442491
|switch|p2a: Zamazenta|Zamazenta|100/100 par
|move|p1a: Great Tusk|Headlong Rush|p2a: Zamazenta
|-damage|p2a: Zamazenta|57/100 par
|-unboost|p1a: Great Tusk|def|1
|-unboost|p1a: Great Tusk|spd|1
|
|-heal|p2a: Zamazenta|63/100 par|[from] item: Leftovers
|upkeep
|turn|21
|
|t:|1769442497
|switch|p2a: Glimmora|Glimmora, F|100/100 par
|move|p1a: Great Tusk|Headlong Rush|p2a: Glimmora
|-supereffective|p2a: Glimmora
|-crit|p2a: Glimmora
|-damage|p2a: Glimmora|0 fnt
|-unboost|p1a: Great Tusk|def|1
|-unboost|p1a: Great Tusk|spd|1
|-activate|p2a: Glimmora|ability: Toxic Debris
|-sidestart|p1: Silent1ine|move: Toxic Spikes
|faint|p2a: Glimmora
|
|upkeep
|
|t:|1769442502
|switch|p2a: Zamazenta|Zamazenta|63/100 par
|turn|22
|
|t:|1769442507
|-end|p1a: Great Tusk|Protosynthesis|[silent]
|switch|p1a: Gliscor|Gliscor, M|100/100
|move|p2a: Zamazenta|Body Press|p1a: Gliscor
|-resisted|p1a: Gliscor
|-damage|p1a: Gliscor|86/100
|
|-heal|p2a: Zamazenta|69/100 par|[from] item: Leftovers
|-status|p1a: Gliscor|tox|[from] item: Toxic Orb
|upkeep
|turn|23
|
|t:|1769442511
|move|p1a: Gliscor|Taunt|p2a: Zamazenta
|-start|p2a: Zamazenta|move: Taunt
|cant|p2a: Zamazenta|move: Taunt|Iron Defense
|
|-heal|p2a: Zamazenta|75/100 par|[from] item: Leftovers
|-heal|p1a: Gliscor|99/100 tox|[from] ability: Poison Heal
|upkeep
|turn|24
|
|t:|1769442514
|move|p1a: Gliscor|Earthquake|p2a: Zamazenta
|-damage|p2a: Zamazenta|48/100 par
|move|p2a: Zamazenta|Body Press|p1a: Gliscor
|-resisted|p1a: Gliscor
|-damage|p1a: Gliscor|83/100 tox
|
|-heal|p2a: Zamazenta|54/100 par|[from] item: Leftovers
|-heal|p1a: Gliscor|96/100 tox|[from] ability: Poison Heal
|upkeep
|turn|25
|
|t:|1769442517
|move|p1a: Gliscor|Earthquake|p2a: Zamazenta
|-damage|p2a: Zamazenta|30/100 par
|cant|p2a: Zamazenta|par
|
|-heal|p2a: Zamazenta|36/100 par|[from] item: Leftovers
|-heal|p1a: Gliscor|100/100 tox|[from] ability: Poison Heal
|-end|p2a: Zamazenta|move: Taunt
|upkeep
|turn|26
|
|t:|1769442523
|switch|p2a: Ceruledge|Ceruledge, M|36/100
|move|p1a: Gliscor|Taunt|p2a: Ceruledge
|-start|p2a: Ceruledge|move: Taunt
|
|upkeep
|turn|27
|
|t:|1769442529
|switch|p2a: Zamazenta|Zamazenta|36/100 par
|move|p1a: Gliscor|Earthquake|p2a: Zamazenta
|-damage|p2a: Zamazenta|11/100 par
|
|-heal|p2a: Zamazenta|17/100 par|[from] item: Leftovers
|upkeep
|turn|28
|
|t:|1769442532
|move|p1a: Gliscor|Taunt|p2a: Zamazenta
|-start|p2a: Zamazenta|move: Taunt
|cant|p2a: Zamazenta|move: Taunt|Roar
|
|-heal|p2a: Zamazenta|23/100 par|[from] item: Leftovers
|upkeep
|turn|29
|
|t:|1769442535
|switch|p2a: Ceruledge|Ceruledge, M|36/100
|move|p1a: Gliscor|Earthquake|p2a: Ceruledge
|-supereffective|p2a: Ceruledge
|-damage|p2a: Ceruledge|0 fnt
|faint|p2a: Ceruledge
|
|upkeep
|
|t:|1769442537
|switch|p2a: Zamazenta|Zamazenta|23/100 par
|turn|30
|
|t:|1769442540
|move|p1a: Gliscor|Taunt|p2a: Zamazenta
|-start|p2a: Zamazenta|move: Taunt
|cant|p2a: Zamazenta|par
|
|-heal|p2a: Zamazenta|29/100 par|[from] item: Leftovers
|upkeep
|turn|31
|
|t:|1769442542
|move|p1a: Gliscor|Earthquake|p2a: Zamazenta
|-damage|p2a: Zamazenta|3/100 par
|move|p2a: Zamazenta|Body Press|p1a: Gliscor
|-resisted|p1a: Gliscor
|-damage|p1a: Gliscor|84/100 tox
|
|-heal|p2a: Zamazenta|9/100 par|[from] item: Leftovers
|-heal|p1a: Gliscor|97/100 tox|[from] ability: Poison Heal
|upkeep
|turn|32
|-message|razerblake forfeited.
|
|win|Silent1ine
|raw|Silent1ine's rating: 1397 &rarr; <strong>1419</strong><br />(+22 for winning)
|raw|razerblake's rating: 1437 &rarr; <strong>1415</strong><br />(-22 for losing)
|l|☆razerblake
|player|p2|
