|j|☆getreyal
|j|☆Auburn Hills
|t:|1769442714
|gametype|singles
|player|p1|getreyal|pokemonbreeder-gen4|1734
|player|p2|Auburn Hills|alder|1699
|gen|9
|tier|[Gen 9] OU
|rated|
|rule|HP Percentage Mod: HP is shown in percentages
|rule|Endless Battle Clause: Forcing endless battles is banned
|rule|Species Clause: Limit one of each Pokémon
|rule|OHKO Clause: OHKO moves are banned
|rule|Evasion Items Clause: Evasion items are banned
|rule|Evasion Moves Clause: Evasion moves are banned
|rule|Evasion Abilities Clause: Evasion abilities are banned
|rule|Sleep Moves Clause: Sleep-inducing moves are banned
|clearpoke
|poke|p1|Ting-Lu|
|poke|p1|Corviknight, M|
|poke|p1|Chesnaught, F|
|poke|p1|Primarina, F|
|poke|p1|Garganacl, M|
|poke|p1|Slowking-Galar, F|
|poke|p2|Iron Moth|
|poke|p2|Umbreon, F|
|poke|p2|Garchomp, M|
|poke|p2|Glimmora, F|
|poke|p2|Gholdengo|
|poke|p2|Dragonite, M|
|teampreview
|
|t:|1769442720
|teamsize|p1|6
|teamsize|p2|6
|start
|switch|p1a: Primarina|Primarina, F|100/100
|switch|p2a: Rat Tally|Garchomp, M|100/100
|turn|1
|
|t:|1769442725
|-terastallize|p2a: Rat Tally|Electric
|move|p2a: Rat Tally|Tera Blast|p1a: Primarina|[anim] Tera Blast Electric
|-supereffective|p1a: Primarina
|-damage|p1a: Primarina|36/100
|move|p1a: Primarina|Calm Mind|p1a: Primarina
|-boost|p1a: Primarina|spa|1
|-boost|p1a: Primarina|spd|1
|
|upkeep
|turn|2
|
|t:|1769442732
|switch|p1a: Ting-Lu|Ting-Lu|100/100
|-ability|p1a: Ting-Lu|Vessel of Ruin
|move|p2a: Rat Tally|Earthquake|p1a: Ting-Lu
|-damage|p1a: Ting-Lu|73/100
|
|-heal|p1a: Ting-Lu|80/100|[from] item: Leftovers
|upkeep
|turn|3
|
|t:|1769442736
|switch|p2a: Elucid|Dragonite, M|100/100
|move|p1a: Ting-Lu|Earthquake|p2a: Elucid
|-immune|p2a: Elucid
|
|-heal|p1a: Ting-Lu|86/100|[from] item: Leftovers
|upkeep
|turn|4
|
|t:|1769442747
|move|p2a: Elucid|Ice Spinner|p1a: Ting-Lu
|-supereffective|p1a: Ting-Lu
|-damage|p1a: Ting-Lu|54/100
|move|p1a: Ting-Lu|Spikes|p2a: Elucid
|-sidestart|p2: Auburn Hills|Spikes
|
|-heal|p1a: Ting-Lu|61/100|[from] item: Leftovers
|upkeep
|turn|5
|
|t:|1769442752
|move|p2a: Elucid|Ice Spinner|p1a: Ting-Lu
|-supereffective|p1a: Ting-Lu
|-damage|p1a: Ting-Lu|24/100
|move|p1a: Ting-Lu|Ruination|p2a: Elucid
|-damage|p2a: Elucid|51/100
|
|-heal|p1a: Ting-Lu|30/100|[from] item: Leftovers
|upkeep
|turn|6
|
|t:|1769442756
|switch|p1a: Corviknight|Corviknight, M|100/100
|-ability|p1a: Corviknight|Pressure
|move|p2a: Elucid|Ice Spinner|p1a: Corviknight
|-damage|p1a: Corviknight|83/100
|-damage|p2a: Elucid|34/100|[from] item: Rocky Helmet|[of] p1a: Corviknight
|
|upkeep
|turn|7
|
|t:|1769442767
|switch|p2a: Julia Jacklin|Glimmora, F|100/100
|-damage|p2a: Julia Jacklin|88/100|[from] Spikes
|move|p1a: Corviknight|Roost|p1a: Corviknight
|-heal|p1a: Corviknight|100/100
|-singleturn|p1a: Corviknight|move: Roost
|
|upkeep
|turn|8
|
|t:|1769442771
|switch|p1a: Slowking|Slowking-Galar, F|100/100
|move|p2a: Julia Jacklin|Stealth Rock|p1a: Slowking
|-sidestart|p1: getreyal|move: Stealth Rock
|
|upkeep
|turn|9
|
|t:|1769442775
|switch|p2a: Alvvays|Umbreon, F|100/100
|-damage|p2a: Alvvays|88/100|[from] Spikes
|move|p1a: Slowking|Future Sight|p2a: Alvvays
|-start|p1a: Slowking|move: Future Sight
|
|-heal|p2a: Alvvays|94/100|[from] item: Leftovers
|upkeep
|turn|10
|
|t:|1769442778
|move|p2a: Alvvays|Foul Play|p1a: Slowking
|-supereffective|p1a: Slowking
|-damage|p1a: Slowking|51/100
|-prepare|p1a: Slowking|Chilly Reception|[premajor]
|move|p1a: Slowking|Chilly Reception|p1a: Slowking
|-weather|Snowscape
|
|t:|1769442780
|switch|p1a: Primarina|Primarina, F|36/100|[from] Chilly Reception
|
|-weather|Snowscape|[upkeep]
|-heal|p2a: Alvvays|99/100|[from] item: Leftovers
|upkeep
|turn|11
|
|t:|1769442786
|move|p2a: Alvvays|Thunder Wave|p1a: Primarina
|-status|p1a: Primarina|par
|move|p1a: Primarina|Psychic Noise|p2a: Alvvays
|-damage|p2a: Alvvays|82/100
|-start|p2a: Alvvays|move: Heal Block
|
|-weather|Snowscape|[upkeep]
|-end|p2a: Alvvays|move: Future Sight
|-immune|p2a: Alvvays
|upkeep
|turn|12
|
|t:|1769442793
|switch|p2a: Smino|Gholdengo|100/100
|-damage|p2a: Smino|88/100|[from] Spikes
|cant|p1a: Primarina|par
|
|-weather|Snowscape|[upkeep]
|upkeep
|turn|13
|
|t:|1769442800
|switch|p1a: Ting-Lu|Ting-Lu|30/100
|-damage|p1a: Ting-Lu|24/100|[from] Stealth Rock
|-ability|p1a: Ting-Lu|Vessel of Ruin
|move|p2a: Smino|Trick|p1a: Ting-Lu
|-activate|p2a: Smino|move: Trick|[of] p1a: Ting-Lu
|-item|p1a: Ting-Lu|Choice Scarf|[from] move: Trick
|-item|p2a: Smino|Leftovers|[from] move: Trick
|
|-weather|Snowscape|[upkeep]
|-heal|p2a: Smino|94/100|[from] item: Leftovers
|upkeep
|turn|14
|
|t:|1769442807
|move|p2a: Smino|Make It Rain|p1a: Ting-Lu
|-damage|p1a: Ting-Lu|0 fnt
|-unboost|p2a: Smino|spa|1
|faint|p1a: Ting-Lu
|
|-weather|none
|-heal|p2a: Smino|99/100|[from] item: Leftovers
|upkeep
|
|t:|1769442810
|switch|p1a: Garganacl|Garganacl, M|100/100
|-damage|p1a: Garganacl|88/100|[from] Stealth Rock
|turn|15
|
|t:|1769442824
|move|p2a: Smino|Make It Rain|p1a: Garganacl
|-supereffective|p1a: Garganacl
|-damage|p1a: Garganacl|34/100
|-unboost|p2a: Smino|spa|1
|move|p1a: Garganacl|Salt Cure|p2a: Smino
|-resisted|p2a: Smino
|-damage|p2a: Smino|94/100
|-start|p2a: Smino|Salt Cure
|
|-heal|p2a: Smino|99/100|[from] item: Leftovers
|-heal|p1a: Garganacl|40/100|[from] item: Leftovers
|-damage|p2a: Smino|75/100|[from] Salt Cure
|upkeep
|turn|16
|
|t:|1769442829
|move|p2a: Smino|Make It Rain|p1a: Garganacl
|-supereffective|p1a: Garganacl
|-damage|p1a: Garganacl|0 fnt
|-unboost|p2a: Smino|spa|1
|faint|p1a: Garganacl
|
|-heal|p2a: Smino|81/100|[from] item: Leftovers
|-damage|p2a: Smino|56/100|[from] Salt Cure
|upkeep
|
|t:|1769442834
|switch|p1a: Slowking|Slowking-Galar, F|85/100
|turn|17
|
|t:|1769442837
|switch|p2a: Alvvays|Umbreon, F|82/100
|-damage|p2a: Alvvays|69/100|[from] Spikes
|move|p1a: Slowking|Sludge Bomb|p2a: Alvvays
|-damage|p2a: Alvvays|52/100
|
|-heal|p2a: Alvvays|59/100|[from] item: Leftovers
|upkeep
|turn|18
|
|t:|1769442839
|move|p2a: Alvvays|Wish|p2a: Alvvays
|move|p1a: Slowking|Sludge Bomb|p2a: Alvvays
|-damage|p2a: Alvvays|39/100
|-status|p2a: Alvvays|psn
|
|-heal|p2a: Alvvays|46/100 psn|[from] item: Leftovers
|-damage|p2a: Alvvays|33/100 psn|[from] psn
|upkeep
|turn|19
|
|t:|1769442843
|move|p2a: Alvvays|Thunder Wave|p1a: Slowking
|-status|p1a: Slowking|par
|move|p1a: Slowking|Future Sight|p2a: Alvvays
|-start|p1a: Slowking|move: Future Sight
|
|-heal|p2a: Alvvays|83/100 psn|[from] move: Wish|[wisher] Alvvays
|-heal|p2a: Alvvays|89/100 psn|[from] item: Leftovers
|-damage|p2a: Alvvays|77/100 psn|[from] psn
|upkeep
|turn|20
|
|t:|1769442847
|move|p2a: Alvvays|Wish|p2a: Alvvays
|-prepare|p1a: Slowking|Chilly Reception|[premajor]
|move|p1a: Slowking|Chilly Reception|p1a: Slowking
|-weather|Snowscape
|
|t:|1769442852
|switch|p1a: Chesnaught|Chesnaught, F|100/100|[from] Chilly Reception
|-damage|p1a: Chesnaught|94/100|[from] Stealth Rock
|
|-weather|Snowscape|[upkeep]
|-heal|p2a: Alvvays|83/100 psn|[from] item: Leftovers
|-damage|p2a: Alvvays|70/100 psn|[from] psn
|upkeep
|turn|21
|
|t:|1769442864
|move|p2a: Alvvays|Thunder Wave|p1a: Chesnaught
|-status|p1a: Chesnaught|par
|move|p1a: Chesnaught|Knock Off|p2a: Alvvays
|-resisted|p2a: Alvvays
|-damage|p2a: Alvvays|60/100 psn
|-enditem|p2a: Alvvays|Leftovers|[from] move: Knock Off|[of] p1a: Chesnaught
|
|-weather|Snowscape|[upkeep]
|-end|p2a: Alvvays|move: Future Sight
|-immune|p2a: Alvvays
|-heal|p2a: Alvvays|100/100 psn|[from] move: Wish|[wisher] Alvvays
|-damage|p2a: Alvvays|88/100 psn|[from] psn
|upkeep
|turn|22
|
|t:|1769442872
|switch|p2a: Smino|Gholdengo|56/100
|-damage|p2a: Smino|44/100|[from] Spikes
|cant|p1a: Chesnaught|par
|
|-weather|Snowscape|[upkeep]
|-heal|p2a: Smino|50/100|[from] item: Leftovers
|upkeep
|turn|23
|
|t:|1769442901
|move|p2a: Smino|Make It Rain|p1a: Chesnaught
|-damage|p1a: Chesnaught|24/100 par
|-unboost|p2a: Smino|spa|1
|move|p1a: Chesnaught|Knock Off|p2a: Smino
|-supereffective|p2a: Smino
|-damage|p2a: Smino|3/100
|-enditem|p2a: Smino|Leftovers|[from] move: Knock Off|[of] p1a: Chesnaught
|
|-weather|Snowscape|[upkeep]
|upkeep
|turn|24
|
|t:|1769442907
|switch|p1a: Slowking|Slowking-Galar, F|100/100 par
|move|p2a: Smino|Shadow Ball|p1a: Slowking
|-supereffective|p1a: Slowking
|-damage|p1a: Slowking|70/100 par
|
|-weather|none
|upkeep
|turn|25
|
|t:|1769442911
|move|p2a: Smino|Shadow Ball|p1a: Slowking
|-supereffective|p1a: Slowking
|-damage|p1a: Slowking|38/100 par
|move|p1a: Slowking|Future Sight|p2a: Smino
|-start|p1a: Slowking|move: Future Sight
|
|upkeep
|turn|26
|
|t:|1769442917
|switch|p1a: Corviknight|Corviknight, M|100/100
|-damage|p1a: Corviknight|88/100|[from] Stealth Rock
|-ability|p1a: Corviknight|Pressure
|move|p2a: Smino|Shadow Ball|p1a: Corviknight
|-damage|p1a: Corviknight|62/100
|-unboost|p1a: Corviknight|spd|1
|
|upkeep
|turn|27
|
|t:|1769442920
|move|p2a: Smino|Shadow Ball|p1a: Corviknight
|-damage|p1a: Corviknight|18/100
|-unboost|p1a: Corviknight|spd|1
|move|p1a: Corviknight|U-turn|p2a: Smino
|-resisted|p2a: Smino
|-damage|p2a: Smino|0 fnt
|faint|p2a: Smino
|
|t:|1769442923
|switch|p1a: Slowking|Slowking-Galar, F|71/100 par|[from] U-turn
|
|-hint|Future Sight did not hit because the target is fainted.
|upkeep
|j| beeboobaa
|
|t:|1769442927
|switch|p2a: Elucid|Dragonite, M|34/100
|turn|28
|
|t:|1769442934
|move|p2a: Elucid|Earthquake|p1a: Slowking
|-supereffective|p1a: Slowking
|-damage|p1a: Slowking|0 fnt
|faint|p1a: Slowking
|
|upkeep
|
|t:|1769442937
|switch|p1a: Corviknight|Corviknight, M|18/100
|-damage|p1a: Corviknight|6/100|[from] Stealth Rock
|-ability|p1a: Corviknight|Pressure
|turn|29
|
|t:|1769442940
|move|p2a: Elucid|Ice Spinner|p1a: Corviknight
|-damage|p1a: Corviknight|0 fnt
|-damage|p2a: Elucid|18/100|[from] item: Rocky Helmet|[of] p1a: Corviknight
|faint|p1a: Corviknight
|
|upkeep
|-message|getreyal forfeited.
|
|win|Auburn Hills
|raw|getreyal's rating: 1721 &rarr; <strong>1700</strong><br />(-21 for losing)
|raw|Auburn Hills's rating: 1699 &rarr; <strong>1720</strong><br />(+21 for winning)
|l|☆getreyal
|player|p1|
|l|☆Auburn Hills
|player|p2|
|l| beeboobaa
