|j|☆Kingambots
|j|☆sampoke19
|t:|1769408397
|gametype|singles
|player|p1|Kingambots|wattson|1633
|player|p2|sampoke19|265|1617
|gen|9
|tier|[Gen 9] OU
|rated|
|rule|HP Percentage Mod: HP is shown in percentages
|rule|Endless Battle Clause: Forcing endless battles is banned
|rule|Species Clause: Limit one of each Pokémon
|rule|OHKO Clause: OHKO moves are banned
|rule|Evasion Items Clause: Evasion items are banned
|rule|Evasion Moves Clause: Evasion moves are banned
|rule|Evasion Abilities Clause: Evasion abilities are banned
|rule|Sleep Moves Clause: Sleep-inducing moves are banned
|clearpoke
|poke|p1|Pecharunt|
|poke|p1|Cinderace, M|
|poke|p1|Darkrai|
|poke|p1|Landorus-Therian, M|
|poke|p1|Zamazenta-*|
|poke|p1|Samurott-Hisui, F|
|poke|p2|Blastoise, M|
|poke|p2|Ceruledge, M|
|poke|p2|Kingambit, M|
|poke|p2|Volcanion|
|poke|p2|Great Tusk|
|poke|p2|Dragonite, M|
|teampreview
|
|t:|1769408406
|teamsize|p1|6
|teamsize|p2|6
|start
|switch|p1a: Darkrai|Darkrai|100/100
|switch|p2a: Dragonite|Dragonite, M|100/100
|turn|1
|inactive|Battle timer is ON: inactive players will automatically lose when time's up. (requested by sampoke19)
|
|t:|1769408415
|move|p1a: Darkrai|Trick|p2a: Dragonite
|-activate|p1a: Darkrai|move: Trick|[of] p2a: Dragonite
|-item|p2a: Dragonite|Choice Specs|[from] move: Trick
|-item|p1a: Darkrai|Loaded Dice|[from] move: Trick
|move|p2a: Dragonite|Dragon Dance|p2a: Dragonite
|-boost|p2a: Dragonite|atk|1
|-boost|p2a: Dragonite|spe|1
|
|upkeep
|turn|2
|
|t:|1769408425
|switch|p2a: Great Tusk|Great Tusk|100/100
|-enditem|p2a: Great Tusk|Booster Energy
|-activate|p2a: Great Tusk|ability: Protosynthesis|[fromitem]
|-start|p2a: Great Tusk|protosynthesisspe
|switch|p1a: Landorus|Landorus-Therian, M|100/100
|-ability|p1a: Landorus|Intimidate|boost
|-unboost|p2a: Great Tusk|atk|1
|
|upkeep
|turn|3
|
|t:|1769408435
|move|p1a: Landorus|Grass Knot|p2a: Great Tusk
|-supereffective|p2a: Great Tusk
|-damage|p2a: Great Tusk|39/100
|move|p2a: Great Tusk|Stealth Rock|p1a: Landorus
|-sidestart|p1: Kingambots|move: Stealth Rock
|
|upkeep
|turn|4
|
|t:|1769408441
|switch|p1a: Cinderace|Cinderace, M|100/100
|move|p2a: Great Tusk|Close Combat|p1a: Cinderace
|-damage|p1a: Cinderace|56/100
|-unboost|p2a: Great Tusk|def|1
|-unboost|p2a: Great Tusk|spd|1
|
|upkeep
|turn|5
|j| KappaHalo
|
|t:|1769408449
|move|p2a: Great Tusk|Earthquake|p1a: Cinderace
|-supereffective|p1a: Cinderace
|-damage|p1a: Cinderace|0 fnt
|faint|p1a: Cinderace
|
|upkeep
|
|t:|1769408455
|switch|p1a: Landorus|Landorus-Therian, M|100/100
|-damage|p1a: Landorus|88/100|[from] Stealth Rock
|-ability|p1a: Landorus|Intimidate|boost
|-unboost|p2a: Great Tusk|atk|1
|turn|6
|
|t:|1769408460
|move|p1a: Landorus|Earthquake|p2a: Great Tusk
|-damage|p2a: Great Tusk|0 fnt
|faint|p2a: Great Tusk
|-end|p2a: Great Tusk|Protosynthesis|[silent]
|
|upkeep
|
|t:|1769408476
|switch|p2a: Blastoise|Blastoise, M, shiny|100/100
|turn|7
|
|t:|1769408480
|-terastallize|p2a: Blastoise|Grass
|move|p1a: Landorus|Earthquake|p2a: Blastoise
|-resisted|p2a: Blastoise
|-damage|p2a: Blastoise|70/100
|move|p2a: Blastoise|Shell Smash|p2a: Blastoise
|-unboost|p2a: Blastoise|def|1
|-unboost|p2a: Blastoise|spd|1
|-boost|p2a: Blastoise|atk|2
|-boost|p2a: Blastoise|spa|2
|-boost|p2a: Blastoise|spe|2
|-enditem|p2a: Blastoise|White Herb
|-clearnegativeboost|p2a: Blastoise|[silent]
|
|upkeep
|turn|8
|
|t:|1769408495
|move|p1a: Landorus|Earthquake|p2a: Blastoise
|-resisted|p2a: Blastoise
|-damage|p2a: Blastoise|40/100
|move|p2a: Blastoise|Shell Smash|p2a: Blastoise
|-unboost|p2a: Blastoise|def|1
|-unboost|p2a: Blastoise|spd|1
|-boost|p2a: Blastoise|atk|2
|-boost|p2a: Blastoise|spa|2
|-boost|p2a: Blastoise|spe|2
|
|upkeep
|turn|9
|
|t:|1769408504
|move|p2a: Blastoise|Tera Blast|p1a: Landorus|[anim] Tera Blast Grass
|-damage|p1a: Landorus|0 fnt
|faint|p1a: Landorus
|
|upkeep
|
|t:|1769408507
|switch|p1a: Samurott|Samurott-Hisui, F|100/100
|-damage|p1a: Samurott|88/100|[from] Stealth Rock
|turn|10
|
|t:|1769408513
|move|p1a: Samurott|Sucker Punch|p2a: Blastoise
|-damage|p2a: Blastoise|0 fnt
|faint|p2a: Blastoise
|
|upkeep
|
|t:|1769408519
|switch|p2a: Dragonite|Dragonite, M|100/100
|turn|11
|
|t:|1769408534
|move|p2a: Dragonite|Scale Shot|p1a: Samurott
|-damage|p1a: Samurott|72/100
|-damage|p1a: Samurott|57/100
|-hitcount|p1a: Samurott|2
|-unboost|p2a: Dragonite|def|1
|-boost|p2a: Dragonite|spe|1
|move|p1a: Samurott|Ceaseless Edge|p2a: Dragonite
|-damage|p2a: Dragonite|68/100
|-sidestart|p2: sampoke19|Spikes
|
|upkeep
|turn|12
|
|t:|1769408545
|move|p1a: Samurott|Sucker Punch|p2a: Dragonite
|-crit|p2a: Dragonite
|-damage|p2a: Dragonite|0 fnt
|faint|p2a: Dragonite
|
|upkeep
|
|t:|1769408562
|switch|p2a: Kingambit|Kingambit, M|100/100
|-damage|p2a: Kingambit|88/100|[from] Spikes
|-activate|p2a: Kingambit|ability: Supreme Overlord
|-start|p2a: Kingambit|fallen3|[silent]
|turn|13
|-message|sampoke19 forfeited.
|
|win|Kingambots
|raw|Kingambots's rating: 1633 &rarr; <strong>1652</strong><br />(+19 for winning)
|raw|sampoke19's rating: 1617 &rarr; <strong>1598</strong><br />(-19 for losing)
|l|☆sampoke19
|player|p2|
|l|☆Kingambots
|player|p1|
|l| KappaHalo
