|j|☆mio3777
|j|☆melloy
|t:|1769436786
|gametype|singles
|player|p1|mio3777|101|1730
|player|p2|melloy|blue|1639
|gen|9
|tier|[Gen 9] OU
|rated|
|rule|HP Percentage Mod: HP is shown in percentages
|rule|Endless Battle Clause: Forcing endless battles is banned
|rule|Species Clause: Limit one of each Pokémon
|rule|OHKO Clause: OHKO moves are banned
|rule|Evasion Items Clause: Evasion items are banned
|rule|Evasion Moves Clause: Evasion moves are banned
|rule|Evasion Abilities Clause: Evasion abilities are banned
|rule|Sleep Moves Clause: Sleep-inducing moves are banned
|clearpoke
|poke|p1|Indeedee, M|
|poke|p1|Polteageist-Antique|
|poke|p1|Cinderace, M|
|poke|p1|Armarouge, F|
|poke|p1|Hawlucha, F|
|poke|p1|Hatterene, F|
|poke|p2|Darkrai|
|poke|p2|Landorus-Therian, M|
|poke|p2|Kingambit, M|
|poke|p2|Primarina, M|
|poke|p2|Ogerpon-Wellspring, F|
|poke|p2|Iron Moth|
|teampreview
|inactive|Battle timer is ON: inactive players will automatically lose when time's up. (requested by melloy)
|
|t:|1769436793
|teamsize|p1|6
|teamsize|p2|6
|start
|switch|p1a: Indeedee|Indeedee, M|100/100
|switch|p2a: Landorus|Landorus-Therian, M|100/100
|-ability|p2a: Landorus|Intimidate|boost
|-unboost|p1a: Indeedee|atk|1
|-fieldstart|move: Psychic Terrain|[from] ability: Psychic Surge|[of] p1a: Indeedee
|turn|1
|
|t:|1769436806
|switch|p1a: Armarouge|Armarouge, F|100/100
|move|p2a: Landorus|U-turn|p1a: Armarouge
|-damage|p1a: Armarouge|76/100
|-ability|p1a: Armarouge|Weak Armor|boost
|-unboost|p1a: Armarouge|def|1
|-boost|p1a: Armarouge|spe|2
|
|t:|1769436830
|switch|p2a: Darkrai|Darkrai|100/100|[from] U-turn
|
|upkeep
|turn|2
|
|t:|1769436835
|move|p1a: Armarouge|Destiny Bond|p1a: Armarouge
|-singlemove|p1a: Armarouge|Destiny Bond
|move|p2a: Darkrai|Dark Pulse|p1a: Armarouge
|-supereffective|p1a: Armarouge
|-damage|p1a: Armarouge|0 fnt
|faint|p1a: Armarouge
|-activate|p1a: Armarouge|move: Destiny Bond
|faint|p2a: Darkrai
|
|upkeep
|
|t:|1769436845
|switch|p2a: Landorus|Landorus-Therian, M|100/100
|switch|p1a: Hatterene|Hatterene, F|100/100
|-ability|p2a: Landorus|Intimidate|boost
|-unboost|p1a: Hatterene|atk|1
|turn|3
|
|t:|1769436853
|move|p2a: Landorus|U-turn|p1a: Hatterene
|-damage|p1a: Hatterene|76/100
|
|t:|1769436856
|switch|p2a: Kingambit|Kingambit, M|100/100|[from] U-turn
|-activate|p2a: Kingambit|ability: Supreme Overlord
|-start|p2a: Kingambit|fallen1|[silent]
|move|p1a: Hatterene|Mystical Fire|p2a: Kingambit
|-supereffective|p2a: Kingambit
|-damage|p2a: Kingambit|43/100
|-unboost|p2a: Kingambit|spa|1
|
|-heal|p2a: Kingambit|49/100|[from] item: Leftovers
|upkeep
|turn|4
|
|t:|1769436868
|switch|p1a: Cinderace|Cinderace, M|100/100
|move|p2a: Kingambit|Iron Head|p1a: Cinderace
|-resisted|p1a: Cinderace
|-damage|p1a: Cinderace|68/100
|
|-heal|p2a: Kingambit|55/100|[from] item: Leftovers
|upkeep
|turn|5
|
|t:|1769436877
|-end|p2a: Kingambit|fallen1|[silent]
|switch|p2a: Landorus|Landorus-Therian, M|100/100
|-ability|p2a: Landorus|Intimidate|boost
|-unboost|p1a: Cinderace|atk|1
|move|p1a: Cinderace|U-turn|p2a: Landorus
|-start|p1a: Cinderace|typechange|Bug|[from] ability: Libero
|-resisted|p2a: Landorus
|-damage|p2a: Landorus|91/100
|-damage|p1a: Cinderace|51/100|[from] item: Rocky Helmet|[of] p2a: Landorus
|
|t:|1769436886
|switch|p1a: Hatterene|Hatterene, F|76/100|[from] U-turn
|
|upkeep
|turn|6
|
|t:|1769436892
|move|p2a: Landorus|Earthquake|p1a: Hatterene
|-damage|p1a: Hatterene|25/100
|move|p1a: Hatterene|Expanding Force|p2a: Landorus
|-damage|p2a: Landorus|0 fnt
|faint|p2a: Landorus
|
|upkeep
|
|t:|1769436903
|switch|p2a: Iron Moth|Iron Moth|100/100
|-enditem|p2a: Iron Moth|Booster Energy
|-activate|p2a: Iron Moth|ability: Quark Drive|[fromitem]
|-start|p2a: Iron Moth|quarkdrivespe
|turn|7
|-enditem|p1a: Hatterene|Custap Berry|[eat]
|-activate|p1a: Hatterene|item: Custap Berry|[consumed]
|
|t:|1769436908
|move|p1a: Hatterene|Expanding Force|p2a: Iron Moth
|-supereffective|p2a: Iron Moth
|-damage|p2a: Iron Moth|0 fnt
|faint|p2a: Iron Moth
|-end|p2a: Iron Moth|Quark Drive|[silent]
|
|upkeep
|
|t:|1769436916
|switch|p2a: Primarina|Primarina, M|100/100
|turn|8
|
|t:|1769436922
|move|p2a: Primarina|Moonblast|p1a: Hatterene
|-damage|p1a: Hatterene|0 fnt
|faint|p1a: Hatterene
|
|-fieldend|move: Psychic Terrain
|upkeep
|
|t:|1769436932
|switch|p1a: Indeedee|Indeedee, M|100/100
|-fieldstart|move: Psychic Terrain|[from] ability: Psychic Surge|[of] p1a: Indeedee
|turn|9
|
|t:|1769436938
|move|p1a: Indeedee|Expanding Force|p2a: Primarina
|-damage|p2a: Primarina|30/100
|move|p2a: Primarina|Calm Mind|p2a: Primarina
|-boost|p2a: Primarina|spa|1
|-boost|p2a: Primarina|spd|1
|
|-heal|p2a: Primarina|36/100|[from] item: Leftovers
|upkeep
|turn|10
|
|t:|1769436950
|switch|p2a: Kingambit|Kingambit, M|55/100
|-activate|p2a: Kingambit|ability: Supreme Overlord
|-start|p2a: Kingambit|fallen3|[silent]
|move|p1a: Indeedee|Encore||[still]
|-fail|p1a: Indeedee
|
|-heal|p2a: Kingambit|61/100|[from] item: Leftovers
|upkeep
|turn|11
|
|t:|1769436962
|switch|p1a: Hawlucha|Hawlucha, F|100/100
|-enditem|p1a: Hawlucha|Psychic Seed
|-boost|p1a: Hawlucha|spd|1|[from] item: Psychic Seed
|move|p2a: Kingambit|Kowtow Cleave|p1a: Hawlucha
|-resisted|p1a: Hawlucha
|-damage|p1a: Hawlucha|51/100
|
|-heal|p2a: Kingambit|68/100|[from] item: Leftovers
|upkeep
|turn|12
|
|t:|1769436972
|-end|p2a: Kingambit|fallen3|[silent]
|switch|p2a: Primarina|Primarina, M|36/100
|move|p1a: Hawlucha|Close Combat|p2a: Primarina
|-resisted|p2a: Primarina
|-damage|p2a: Primarina|0 fnt
|-unboost|p1a: Hawlucha|def|1
|-unboost|p1a: Hawlucha|spd|1
|faint|p2a: Primarina
|
|upkeep
|
|t:|1769436982
|switch|p2a: Ogerpon|Ogerpon-Wellspring, F|100/100
|turn|13
|
|t:|1769436986
|move|p1a: Hawlucha|Acrobatics|p2a: Ogerpon
|-supereffective|p2a: Ogerpon
|-damage|p2a: Ogerpon|0 fnt
|faint|p2a: Ogerpon
|
|upkeep
|
|t:|1769436992
|switch|p2a: Kingambit|Kingambit, M|68/100
|-activate|p2a: Kingambit|ability: Supreme Overlord
|-start|p2a: Kingambit|fallen5|[silent]
|turn|14
|
|t:|1769436996
|move|p2a: Kingambit|Sucker Punch|p1a: Hawlucha
|-hint|Psychic Terrain doesn't affect Pokémon immune to Ground.
|-resisted|p1a: Hawlucha
|-damage|p1a: Hawlucha|0 fnt
|faint|p1a: Hawlucha
|
|-heal|p2a: Kingambit|74/100|[from] item: Leftovers
|upkeep
|
|t:|1769437008
|switch|p1a: Indeedee|Indeedee, M|100/100
|turn|15
|
|t:|1769437017
|move|p1a: Indeedee|Encore|p2a: Kingambit
|-start|p2a: Kingambit|Encore
|move|p2a: Kingambit|Sucker Punch||[still]
|-fail|p2a: Kingambit
|
|-heal|p2a: Kingambit|80/100|[from] item: Leftovers
|upkeep
|turn|16
|
|t:|1769437025
|switch|p1a: Polteageist|Polteageist-Antique|100/100
|move|p2a: Kingambit|Sucker Punch||[still]
|-fail|p2a: Kingambit
|
|-heal|p2a: Kingambit|86/100|[from] item: Leftovers
|-fieldend|move: Psychic Terrain
|upkeep
|turn|17
|
|t:|1769437039
|move|p2a: Kingambit|Sucker Punch||[still]
|-fail|p2a: Kingambit
|move|p1a: Polteageist|Shell Smash|p1a: Polteageist
|-unboost|p1a: Polteageist|def|1
|-unboost|p1a: Polteageist|spd|1
|-boost|p1a: Polteageist|atk|2
|-boost|p1a: Polteageist|spa|2
|-boost|p1a: Polteageist|spe|2
|
|-heal|p2a: Kingambit|92/100|[from] item: Leftovers
|-end|p2a: Kingambit|Encore
|upkeep
|turn|18
|
|t:|1769437057
|-terastallize|p1a: Polteageist|Fighting
|move|p1a: Polteageist|Tera Blast|p2a: Kingambit|[anim] Tera Blast Fighting
|-supereffective|p2a: Kingambit
|-damage|p2a: Kingambit|0 fnt
|faint|p2a: Kingambit
|-end|p2a: Kingambit|fallen5|[silent]
|
|win|mio3777
|raw|mio3777's rating: 1730 &rarr; <strong>1745</strong><br />(+15 for winning)
|raw|melloy's rating: 1639 &rarr; <strong>1624</strong><br />(-15 for losing)
|l|☆melloy
|player|p2|
