|j|☆sephy69
|j|☆GateofGeass
|t:|1769409844
|gametype|singles
|player|p1|sephy69|will|1054
|player|p2|GateofGeass|bellelba|1085
|gen|9
|tier|[Gen 9] OU
|rated|
|rule|HP Percentage Mod: HP is shown in percentages
|rule|Endless Battle Clause: Forcing endless battles is banned
|rule|Species Clause: Limit one of each Pokémon
|rule|OHKO Clause: OHKO moves are banned
|rule|Evasion Items Clause: Evasion items are banned
|rule|Evasion Moves Clause: Evasion moves are banned
|rule|Evasion Abilities Clause: Evasion abilities are banned
|rule|Sleep Moves Clause: Sleep-inducing moves are banned
|clearpoke
|poke|p1|Sinistcha|
|poke|p1|Gholdengo|
|poke|p1|Skeledirge, M|
|poke|p1|Dragapult, F|
|poke|p1|Basculegion, M|
|poke|p1|Oricorio-Sensu, M|
|poke|p2|Iron Moth|
|poke|p2|Rillaboom, M|
|poke|p2|Jolteon, M|
|poke|p2|Great Tusk|
|poke|p2|Gholdengo|
|poke|p2|Barraskewda, M|
|teampreview
|inactive|Battle timer is ON: inactive players will automatically lose when time's up. (requested by GateofGeass)
|
|t:|1769409858
|teamsize|p1|6
|teamsize|p2|6
|start
|switch|p1a: Skeledirge|Skeledirge, M|100/100
|switch|p2a: squirting|Jolteon, M, shiny|100/100
|turn|1
|
|t:|1769409864
|move|p2a: squirting|Shadow Ball|p1a: Skeledirge
|-supereffective|p1a: Skeledirge
|-damage|p1a: Skeledirge|44/100
|move|p1a: Skeledirge|Torch Song|p2a: squirting
|-damage|p2a: squirting|62/100
|-boost|p1a: Skeledirge|spa|1
|
|upkeep
|turn|2
|
|t:|1769409879
|switch|p1a: Sinistcha|Sinistcha|100/100
|move|p2a: squirting|Shadow Ball|p1a: Sinistcha
|-supereffective|p1a: Sinistcha
|-damage|p1a: Sinistcha|28/100
|-enditem|p1a: Sinistcha|Sitrus Berry|[eat]
|-heal|p1a: Sinistcha|53/100|[from] item: Sitrus Berry
|
|upkeep
|turn|3
|
|t:|1769409887
|move|p1a: Sinistcha|Protect|p1a: Sinistcha
|-singleturn|p1a: Sinistcha|Protect
|move|p2a: squirting|Shadow Ball|p1a: Sinistcha
|-activate|p1a: Sinistcha|move: Protect
|
|upkeep
|turn|4
|
|t:|1769409908
|switch|p1a: Basculegion|Basculegion, M|100/100
|move|p2a: squirting|Shadow Ball|p1a: Basculegion
|-supereffective|p1a: Basculegion
|-damage|p1a: Basculegion|41/100
|-unboost|p1a: Basculegion|spd|1
|
|upkeep
|turn|5
|
|t:|1769409917
|move|p1a: Basculegion|Aqua Jet|p2a: squirting
|-damage|p2a: squirting|12/100
|move|p2a: squirting|Shadow Ball|p1a: Basculegion
|-supereffective|p1a: Basculegion
|-damage|p1a: Basculegion|0 fnt
|faint|p1a: Basculegion
|
|upkeep
|
|t:|1769409926
|switch|p1a: Dragapult|Dragapult, F|100/100
|turn|6
|
|t:|1769409933
|switch|p2a: tetitas|Rillaboom, M, shiny|100/100
|-fieldstart|move: Grassy Terrain|[from] ability: Grassy Surge|[of] p2a: tetitas
|move|p1a: Dragapult|Sucker Punch||[still]
|-fail|p1a: Dragapult
|
|upkeep
|turn|7
|
|t:|1769409942
|move|p1a: Dragapult|Phantom Force||[still]
|-prepare|p1a: Dragapult|Phantom Force
|move|p2a: tetitas|Wood Hammer|p1a: Dragapult|[miss]
|-miss|p2a: tetitas|p1a: Dragapult
|
|upkeep
|turn|8
|
|t:|1769409956
|move|p1a: Dragapult|Phantom Force|p2a: tetitas|[from] lockedmove
|-damage|p2a: tetitas|46/100
|move|p2a: tetitas|Wood Hammer|p1a: Dragapult
|-resisted|p1a: Dragapult
|-damage|p1a: Dragapult|29/100
|-damage|p2a: tetitas|24/100|[from] Recoil
|-damage|p2a: tetitas|14/100|[from] item: Life Orb
|
|-heal|p1a: Dragapult|35/100|[from] Grassy Terrain
|-heal|p2a: tetitas|20/100|[from] Grassy Terrain
|upkeep
|turn|9
|
|t:|1769409966
|move|p1a: Dragapult|Sucker Punch|p2a: tetitas
|-damage|p2a: tetitas|0 fnt
|faint|p2a: tetitas
|
|-heal|p1a: Dragapult|41/100|[from] Grassy Terrain
|upkeep
|
|t:|1769409977
|switch|p2a: mitula|Gholdengo|100/100
|turn|10
|
|t:|1769409987
|move|p2a: mitula|Shadow Ball|p1a: Dragapult
|-supereffective|p1a: Dragapult
|-damage|p1a: Dragapult|0 fnt
|faint|p1a: Dragapult
|
|-fieldend|move: Grassy Terrain
|upkeep
|
|t:|1769410000
|switch|p1a: Skeledirge|Skeledirge, M|44/100
|turn|11
|
|t:|1769410013
|-terastallize|p1a: Skeledirge|Fire
|move|p2a: mitula|Shadow Ball|p1a: Skeledirge
|-damage|p1a: Skeledirge|10/100
|-unboost|p1a: Skeledirge|spd|1
|move|p1a: Skeledirge|Slack Off|p1a: Skeledirge
|-heal|p1a: Skeledirge|60/100
|
|upkeep
|turn|12
|
|t:|1769410027
|switch|p2a: Great Tusk|Great Tusk, shiny|100/100
|-enditem|p2a: Great Tusk|Booster Energy
|-activate|p2a: Great Tusk|ability: Protosynthesis|[fromitem]
|-start|p2a: Great Tusk|protosynthesisatk
|move|p1a: Skeledirge|Slack Off|p1a: Skeledirge
|-heal|p1a: Skeledirge|100/100
|
|upkeep
|turn|13
|
|t:|1769410035
|move|p2a: Great Tusk|Rapid Spin|p1a: Skeledirge
|-damage|p1a: Skeledirge|84/100
|-boost|p2a: Great Tusk|spe|1
|move|p1a: Skeledirge|Will-O-Wisp|p2a: Great Tusk
|-status|p2a: Great Tusk|brn
|
|-damage|p2a: Great Tusk|94/100 brn|[from] brn
|upkeep
|turn|14
|
|t:|1769410044
|switch|p1a: Sinistcha|Sinistcha|53/100
|move|p2a: Great Tusk|Headlong Rush|p1a: Sinistcha
|-resisted|p1a: Sinistcha
|-damage|p1a: Sinistcha|34/100
|-unboost|p2a: Great Tusk|def|1
|-unboost|p2a: Great Tusk|spd|1
|
|-damage|p2a: Great Tusk|88/100 brn|[from] brn
|upkeep
|turn|15
|
|t:|1769410053
|move|p2a: Great Tusk|Ice Spinner|p1a: Sinistcha
|-supereffective|p1a: Sinistcha
|-damage|p1a: Sinistcha|4/100
|move|p1a: Sinistcha|Strength Sap|p2a: Great Tusk
|-unboost|p2a: Great Tusk|atk|1
|-heal|p1a: Sinistcha|100/100
|
|-damage|p2a: Great Tusk|82/100 brn|[from] brn
|upkeep
|turn|16
|
|t:|1769410063
|move|p2a: Great Tusk|Ice Spinner|p1a: Sinistcha
|-supereffective|p1a: Sinistcha
|-damage|p1a: Sinistcha|79/100
|move|p1a: Sinistcha|Scald|p2a: Great Tusk
|-supereffective|p2a: Great Tusk
|-damage|p2a: Great Tusk|0 fnt
|faint|p2a: Great Tusk
|-end|p2a: Great Tusk|Protosynthesis|[silent]
|
|upkeep
|
|t:|1769410076
|switch|p2a: mitula|Gholdengo|100/100
|turn|17
|
|t:|1769410080
|move|p1a: Sinistcha|Protect|p1a: Sinistcha
|-singleturn|p1a: Sinistcha|Protect
|move|p2a: mitula|Shadow Ball|p1a: Sinistcha
|-activate|p1a: Sinistcha|move: Protect
|
|upkeep
|turn|18
|
|t:|1769410090
|move|p2a: mitula|Shadow Ball|p1a: Sinistcha
|-supereffective|p1a: Sinistcha
|-damage|p1a: Sinistcha|4/100
|move|p1a: Sinistcha|Scald|p2a: mitula
|-damage|p2a: mitula|74/100
|
|upkeep
|turn|19
|
|t:|1769410097
|move|p2a: mitula|Shadow Ball|p1a: Sinistcha
|-supereffective|p1a: Sinistcha
|-damage|p1a: Sinistcha|0 fnt
|faint|p1a: Sinistcha
|
|upkeep
|
|t:|1769410102
|switch|p1a: Skeledirge|Skeledirge, M, tera:Fire|84/100
|turn|20
|
|t:|1769410111
|move|p2a: mitula|Shadow Ball|p1a: Skeledirge
|-damage|p1a: Skeledirge|53/100
|move|p1a: Skeledirge|Earth Power|p2a: mitula
|-supereffective|p2a: mitula
|-damage|p2a: mitula|22/100
|
|upkeep
|turn|21
|
|t:|1769410136
|switch|p2a: Barraskewda|Barraskewda, M|100/100
|move|p1a: Skeledirge|Slack Off|p1a: Skeledirge
|-heal|p1a: Skeledirge|100/100
|
|upkeep
|turn|22
|
|t:|1769410143
|switch|p1a: Oricorio|Oricorio-Sensu, M|100/100
|move|p2a: Barraskewda|Waterfall|p1a: Oricorio
|-damage|p1a: Oricorio|18/100
|
|upkeep
|turn|23
|
|t:|1769410149
|move|p2a: Barraskewda|Waterfall|p1a: Oricorio
|-damage|p1a: Oricorio|0 fnt
|faint|p1a: Oricorio
|
|upkeep
|
|t:|1769410154
|switch|p1a: Gholdengo|Gholdengo|100/100
|turn|24
|
|t:|1769410162
|switch|p2a: chochito|Iron Moth, shiny|100/100
|-enditem|p2a: chochito|Booster Energy
|-activate|p2a: chochito|ability: Quark Drive|[fromitem]
|-start|p2a: chochito|quarkdrivespe
|move|p1a: Gholdengo|Trick|p2a: chochito
|-activate|p1a: Gholdengo|move: Trick|[of] p2a: chochito
|-item|p2a: chochito|Choice Scarf|[from] move: Trick
|-enditem|p1a: Gholdengo|Choice Scarf|[silent]|[from] move: Trick
|
|upkeep
|turn|25
|
|t:|1769410176
|switch|p1a: Skeledirge|Skeledirge, M, tera:Fire|100/100
|move|p2a: chochito|Fiery Dance|p1a: Skeledirge
|-resisted|p1a: Skeledirge
|-damage|p1a: Skeledirge|84/100
|
|upkeep
|turn|26
|
|t:|1769410185
|-end|p2a: chochito|Quark Drive|[silent]
|switch|p2a: Barraskewda|Barraskewda, M|100/100
|move|p1a: Skeledirge|Earth Power|p2a: Barraskewda
|-damage|p2a: Barraskewda|51/100
|
|upkeep
|turn|27
|
|t:|1769410199
|switch|p1a: Gholdengo|Gholdengo|100/100
|-terastallize|p2a: Barraskewda|Water
|move|p2a: Barraskewda|Waterfall|p1a: Gholdengo
|-damage|p1a: Gholdengo|9/100
|
|upkeep
|turn|28
|
|t:|1769410206
|move|p2a: Barraskewda|Waterfall|p1a: Gholdengo
|-damage|p1a: Gholdengo|0 fnt
|faint|p1a: Gholdengo
|
|upkeep
|
|t:|1769410210
|switch|p1a: Skeledirge|Skeledirge, M, tera:Fire|84/100
|turn|29
|
|t:|1769410236
|move|p2a: Barraskewda|Waterfall|p1a: Skeledirge
|-supereffective|p1a: Skeledirge
|-damage|p1a: Skeledirge|0 fnt
|faint|p1a: Skeledirge
|
|win|GateofGeass
|raw|sephy69's rating: 1054 &rarr; <strong>1038</strong><br />(-16 for losing)
|raw|GateofGeass's rating: 1085 &rarr; <strong>1110</strong><br />(+25 for winning)
|l|☆GateofGeass
|player|p2|
|l|☆sephy69
|player|p1|
