|j|☆suprya
|j|☆greenknuckle
|t:|1769371026
|gametype|singles
|player|p1|suprya|wattson|1631
|player|p2|greenknuckle|101|1589
|gen|9
|tier|[Gen 9] OU
|rated|
|rule|HP Percentage Mod: HP is shown in percentages
|rule|Endless Battle Clause: Forcing endless battles is banned
|rule|Species Clause: Limit one of each Pokémon
|rule|OHKO Clause: OHKO moves are banned
|rule|Evasion Items Clause: Evasion items are banned
|rule|Evasion Moves Clause: Evasion moves are banned
|rule|Evasion Abilities Clause: Evasion abilities are banned
|rule|Sleep Moves Clause: Sleep-inducing moves are banned
|clearpoke
|poke|p1|Sandaconda, F|
|poke|p1|Excadrill, F|
|poke|p1|Heatran, F|
|poke|p1|Enamorus-Therian, F|
|poke|p1|Raging Bolt|
|poke|p1|Meowscarada, F|
|poke|p2|Iron Hands|
|poke|p2|Glimmora, M|
|poke|p2|Landorus-Therian, M|
|poke|p2|Dragapult, M|
|poke|p2|Primarina, M|
|poke|p2|Kingambit, F|
|teampreview
|inactive|Battle timer is ON: inactive players will automatically lose when time's up. (requested by greenknuckle)
|inactive|suprya also wants the timer to be on.
|inactive|suprya has 120 seconds left.
|
|t:|1769371086
|teamsize|p1|6
|teamsize|p2|6
|start
|switch|p1a: Excadrill|Excadrill, F|100/100
|switch|p2a: Landorus|Landorus-Therian, M|100/100
|-ability|p2a: Landorus|Intimidate|boost
|-unboost|p1a: Excadrill|atk|1
|turn|1
|
|t:|1769371103
|-terastallize|p1a: Excadrill|Ice
|move|p2a: Landorus|Rock Tomb|p1a: Excadrill
|-supereffective|p1a: Excadrill
|-damage|p1a: Excadrill|51/100
|-unboost|p1a: Excadrill|spe|1
|move|p1a: Excadrill|Tera Blast|p2a: Landorus|[anim] Tera Blast Ice
|-supereffective|p2a: Landorus
|-damage|p2a: Landorus|0 fnt
|faint|p2a: Landorus
|
|upkeep
|
|t:|1769371111
|switch|p2a: Dragapult|Dragapult, M|100/100
|turn|2
|
|t:|1769371120
|switch|p1a: Sandaconda|Sandaconda, F|100/100
|move|p2a: Dragapult|U-turn|p1a: Sandaconda
|-damage|p1a: Sandaconda|80/100
|-weather|Sandstorm|[from] ability: Sand Spit|[of] p1a: Sandaconda
|
|t:|1769371123
|switch|p2a: Primarina|Primarina, M|100/100|[from] U-turn
|
|-weather|Sandstorm|[upkeep]
|-damage|p2a: Primarina|94/100|[from] Sandstorm
|upkeep
|turn|3
|
|t:|1769371134
|move|p1a: Sandaconda|Stealth Rock|p2a: Primarina
|-sidestart|p2: greenknuckle|move: Stealth Rock
|move|p2a: Primarina|Psychic Noise|p1a: Sandaconda
|-supereffective|p1a: Sandaconda
|-damage|p1a: Sandaconda|0 fnt
|faint|p1a: Sandaconda
|
|-weather|Sandstorm|[upkeep]
|-damage|p2a: Primarina|88/100|[from] Sandstorm
|upkeep
|
|t:|1769371142
|switch|p1a: Meowscarada|Meowscarada, F|100/100
|turn|4
|
|t:|1769371146
|-terastallize|p2a: Primarina|Poison
|move|p1a: Meowscarada|Flower Trick|p2a: Primarina
|-start|p1a: Meowscarada|typechange|Grass|[from] ability: Protean
|-resisted|p2a: Primarina
|-crit|p2a: Primarina
|-damage|p2a: Primarina|53/100
|move|p2a: Primarina|Moonblast|p1a: Meowscarada
|-damage|p1a: Meowscarada|23/100
|
|-weather|Sandstorm|[upkeep]
|-damage|p1a: Meowscarada|17/100|[from] Sandstorm
|-damage|p2a: Primarina|47/100|[from] Sandstorm
|upkeep
|turn|5
|
|t:|1769371155
|move|p1a: Meowscarada|Flower Trick|p2a: Primarina
|-resisted|p2a: Primarina
|-crit|p2a: Primarina
|-damage|p2a: Primarina|10/100
|move|p2a: Primarina|Psychic Noise|p1a: Meowscarada
|-resisted|p1a: Meowscarada
|-damage|p1a: Meowscarada|0 fnt
|faint|p1a: Meowscarada
|
|-weather|Sandstorm|[upkeep]
|-damage|p2a: Primarina|4/100|[from] Sandstorm
|upkeep
|
|t:|1769371159
|switch|p1a: Excadrill|Excadrill, F, tera:Ice|51/100
|turn|6
|
|t:|1769371170
|move|p2a: Primarina|Aqua Jet|p1a: Excadrill
|-damage|p1a: Excadrill|38/100
|move|p1a: Excadrill|Rapid Spin|p2a: Primarina
|-damage|p2a: Primarina|0 fnt
|-boost|p1a: Excadrill|spe|1
|faint|p2a: Primarina
|
|-weather|Sandstorm|[upkeep]
|upkeep
|
|t:|1769371175
|switch|p2a: Kingambit|Kingambit, F|100/100
|-damage|p2a: Kingambit|94/100|[from] Stealth Rock
|-activate|p2a: Kingambit|ability: Supreme Overlord
|-start|p2a: Kingambit|fallen2|[silent]
|turn|7
|
|t:|1769371187
|move|p1a: Excadrill|Earthquake|p2a: Kingambit
|-supereffective|p2a: Kingambit
|-damage|p2a: Kingambit|3/100
|move|p2a: Kingambit|Kowtow Cleave|p1a: Excadrill
|-crit|p1a: Excadrill
|-damage|p1a: Excadrill|0 fnt
|faint|p1a: Excadrill
|
|-weather|Sandstorm|[upkeep]
|-heal|p2a: Kingambit|9/100|[from] item: Leftovers
|upkeep
|
|t:|1769371197
|switch|p1a: Heatran|Heatran, F|100/100
|turn|8
|
|t:|1769371208
|move|p2a: Kingambit|Sucker Punch|p1a: Heatran
|-damage|p1a: Heatran|55/100
|move|p1a: Heatran|Earth Power|p2a: Kingambit
|-supereffective|p2a: Kingambit
|-damage|p2a: Kingambit|0 fnt
|faint|p2a: Kingambit
|-end|p2a: Kingambit|fallen2|[silent]
|
|-weather|Sandstorm|[upkeep]
|-heal|p1a: Heatran|62/100|[from] item: Leftovers
|upkeep
|
|t:|1769371215
|switch|p2a: Glimmora|Glimmora, M|100/100
|-damage|p2a: Glimmora|88/100|[from] Stealth Rock
|turn|9
|
|t:|1769371229
|switch|p1a: Enamorus|Enamorus-Therian, F|100/100
|move|p2a: Glimmora|Earth Power|p1a: Enamorus
|-immune|p1a: Enamorus
|
|-weather|none
|upkeep
|turn|10
|
|t:|1769371235
|switch|p2a: Dragapult|Dragapult, M|100/100
|-damage|p2a: Dragapult|88/100|[from] Stealth Rock
|move|p1a: Enamorus|Earth Power|p2a: Dragapult
|-damage|p2a: Dragapult|42/100
|
|upkeep
|turn|11
|
|t:|1769371239
|move|p2a: Dragapult|Curse|p1a: Enamorus
|-start|p1a: Enamorus|Curse|[of] p2a: Dragapult
|-damage|p2a: Dragapult|0 fnt
|faint|p2a: Dragapult
|move|p1a: Enamorus|Draining Kiss|p2: Dragapult|[notarget]
|-fail|p1a: Enamorus
|
|-damage|p1a: Enamorus|76/100|[from] Curse
|upkeep
|
|t:|1769371246
|switch|p2a: Iron Hands|Iron Hands|100/100
|-damage|p2a: Iron Hands|94/100|[from] Stealth Rock
|-enditem|p2a: Iron Hands|Booster Energy
|-activate|p2a: Iron Hands|ability: Quark Drive|[fromitem]
|-start|p2a: Iron Hands|quarkdriveatk
|turn|12
|
|t:|1769371252
|move|p2a: Iron Hands|Supercell Slam|p1a: Enamorus
|-supereffective|p1a: Enamorus
|-damage|p1a: Enamorus|0 fnt
|faint|p1a: Enamorus
|
|upkeep
|
|t:|1769371256
|switch|p1a: Raging Bolt|Raging Bolt|100/100
|turn|13
|
|t:|1769371261
|move|p1a: Raging Bolt|Dragon Pulse|p2a: Iron Hands
|-damage|p2a: Iron Hands|52/100
|move|p2a: Iron Hands|Earthquake|p1a: Raging Bolt
|-supereffective|p1a: Raging Bolt
|-damage|p1a: Raging Bolt|19/100
|
|-heal|p1a: Raging Bolt|25/100|[from] item: Leftovers
|upkeep
|turn|14
|
|t:|1769371268
|move|p1a: Raging Bolt|Dragon Pulse|p2a: Iron Hands
|-damage|p2a: Iron Hands|13/100
|move|p2a: Iron Hands|Earthquake|p1a: Raging Bolt
|-supereffective|p1a: Raging Bolt
|-damage|p1a: Raging Bolt|0 fnt
|faint|p1a: Raging Bolt
|-end|p1a: Raging Bolt|Protosynthesis|[silent]
|
|upkeep
|
|t:|1769371271
|switch|p1a: Heatran|Heatran, F|62/100
|turn|15
|
|t:|1769371273
|move|p1a: Heatran|Earth Power|p2a: Iron Hands
|-supereffective|p2a: Iron Hands
|-damage|p2a: Iron Hands|0 fnt
|faint|p2a: Iron Hands
|-end|p2a: Iron Hands|Quark Drive|[silent]
|
|-heal|p1a: Heatran|68/100|[from] item: Leftovers
|upkeep
|
|t:|1769371275
|switch|p2a: Glimmora|Glimmora, M|88/100
|-damage|p2a: Glimmora|76/100|[from] Stealth Rock
|turn|16
|
|t:|1769371277
|move|p2a: Glimmora|Earth Power|p1a: Heatran
|-supereffective|p1a: Heatran
|-crit|p1a: Heatran
|-damage|p1a: Heatran|0 fnt
|faint|p1a: Heatran
|
|win|greenknuckle
|raw|suprya's rating: 1631 &rarr; <strong>1609</strong><br />(-22 for losing)
|raw|greenknuckle's rating: 1589 &rarr; <strong>1611</strong><br />(+22 for winning)
|l|☆suprya
|player|p1|
|l|☆greenknuckle
|player|p2|
