|j|☆GnsKarma
|j|☆4thisguy
|t:|1769442843
|gametype|singles
|player|p1|GnsKarma|170|1150
|player|p2|4thisguy|265|1194
|gen|9
|tier|[Gen 9] OU
|rated|
|rule|HP Percentage Mod: HP is shown in percentages
|rule|Endless Battle Clause: Forcing endless battles is banned
|rule|Species Clause: Limit one of each Pokémon
|rule|OHKO Clause: OHKO moves are banned
|rule|Evasion Items Clause: Evasion items are banned
|rule|Evasion Moves Clause: Evasion moves are banned
|rule|Evasion Abilities Clause: Evasion abilities are banned
|rule|Sleep Moves Clause: Sleep-inducing moves are banned
|clearpoke
|poke|p1|Decidueye, M|
|poke|p1|Pecharunt|
|poke|p1|Vaporeon, F|
|poke|p1|Walking Wake|
|poke|p1|Garchomp, M|
|poke|p1|Raging Bolt|
|poke|p2|Bisharp, M|
|poke|p2|Milotic, M|
|poke|p2|Houndoom, M|
|poke|p2|Heracross, M|
|poke|p2|Electivire, F|
|poke|p2|Forretress, M|
|teampreview
|inactive|Battle timer is ON: inactive players will automatically lose when time's up. (requested by 4thisguy)
|inactive|GnsKarma also wants the timer to be on.
|
|t:|1769442859
|teamsize|p1|6
|teamsize|p2|6
|start
|switch|p1a: Ostia Uff|Walking Wake|100/100
|switch|p2a: Houndoom|Houndoom, M|100/100
|-ability|p2a: Houndoom|Unnerve
|turn|1
|
|t:|1769442881
|switch|p2a: Milotic|Milotic, M|100/100
|move|p1a: Ostia Uff|Flip Turn|p2a: Milotic
|-resisted|p2a: Milotic
|-damage|p2a: Milotic|95/100
|
|t:|1769442893
|-end|p1a: Ostia Uff|Protosynthesis|[silent]
|switch|p1a: Raging Bolt|Raging Bolt|100/100|[from] Flip Turn
|
|-heal|p2a: Milotic|100/100|[from] item: Leftovers
|upkeep
|turn|2
|
|t:|1769442902
|-terastallize|p2a: Milotic|Ice
|move|p2a: Milotic|Ice Beam|p1a: Raging Bolt
|-supereffective|p1a: Raging Bolt
|-damage|p1a: Raging Bolt|52/100
|move|p1a: Raging Bolt|Substitute|p1a: Raging Bolt
|-start|p1a: Raging Bolt|Substitute
|-damage|p1a: Raging Bolt|28/100
|
|-heal|p1a: Raging Bolt|34/100|[from] item: Leftovers
|upkeep
|turn|3
|
|t:|1769442914
|move|p2a: Milotic|Substitute|p2a: Milotic
|-start|p2a: Milotic|Substitute
|-damage|p2a: Milotic|76/100
|move|p1a: Raging Bolt|Dragon Pulse|p2a: Milotic
|-end|p2a: Milotic|Substitute
|
|-heal|p2a: Milotic|82/100|[from] item: Leftovers
|-heal|p1a: Raging Bolt|40/100|[from] item: Leftovers
|upkeep
|turn|4
|
|t:|1769442921
|move|p2a: Milotic|Ice Beam|p1a: Raging Bolt
|-supereffective|p1a: Raging Bolt
|-end|p1a: Raging Bolt|Substitute
|move|p1a: Raging Bolt|Dragon Pulse|p2a: Milotic
|-damage|p2a: Milotic|44/100
|
|-heal|p2a: Milotic|50/100|[from] item: Leftovers
|-heal|p1a: Raging Bolt|46/100|[from] item: Leftovers
|upkeep
|turn|5
|
|t:|1769442931
|-end|p1a: Raging Bolt|Protosynthesis|[silent]
|switch|p1a: No-No-No|Vaporeon, F, shiny|100/100
|move|p2a: Milotic|Recover|p2a: Milotic
|-heal|p2a: Milotic|99/100
|
|-heal|p2a: Milotic|100/100|[from] item: Leftovers
|upkeep
|turn|6
|
|t:|1769442956
|move|p2a: Milotic|Substitute|p2a: Milotic
|-start|p2a: Milotic|Substitute
|-damage|p2a: Milotic|76/100
|move|p1a: No-No-No|Scald|p2a: Milotic
|-activate|p2a: Milotic|move: Substitute|[damage]
|
|-heal|p2a: Milotic|82/100|[from] item: Leftovers
|upkeep
|turn|7
|
|t:|1769442967
|move|p2a: Milotic|Ice Beam|p1a: No-No-No
|-resisted|p1a: No-No-No
|-damage|p1a: No-No-No|92/100
|move|p1a: No-No-No|Scald|p2a: Milotic
|-end|p2a: Milotic|Substitute
|
|-heal|p2a: Milotic|88/100|[from] item: Leftovers
|-heal|p1a: No-No-No|98/100|[from] item: Leftovers
|upkeep
|turn|8
|
|t:|1769442985
|switch|p2a: Forretress|Forretress, M|100/100
|-item|p2a: Forretress|Air Balloon
|move|p1a: No-No-No|Scald|p2a: Forretress
|-damage|p2a: Forretress|56/100
|-status|p2a: Forretress|brn
|-enditem|p2a: Forretress|Air Balloon
|
|-heal|p1a: No-No-No|100/100|[from] item: Leftovers
|-damage|p2a: Forretress|49/100 brn|[from] brn
|upkeep
|turn|9
|
|t:|1769442998
|move|p1a: No-No-No|Scald|p2a: Forretress
|-damage|p2a: Forretress|5/100 brn
|move|p2a: Forretress|Toxic Spikes|p1a: No-No-No
|-sidestart|p1: GnsKarma|move: Toxic Spikes
|
|-damage|p2a: Forretress|0 fnt|[from] brn
|faint|p2a: Forretress
|upkeep
|
|t:|1769443006
|switch|p2a: Electivire|Electivire, F|100/100
|turn|10
|
|t:|1769443012
|switch|p1a: Uff|Pecharunt|100/100
|-sideend|p1: GnsKarma|move: Toxic Spikes|[of] p1a: Uff
|move|p2a: Electivire|Bulk Up|p2a: Electivire
|-boost|p2a: Electivire|atk|1
|-boost|p2a: Electivire|def|1
|
|upkeep
|turn|11
|
|t:|1769443020
|move|p2a: Electivire|Thunder Punch|p1a: Uff
|-damage|p1a: Uff|73/100
|-status|p1a: Uff|par
|move|p1a: Uff|Malignant Chain|p2a: Electivire
|-damage|p2a: Electivire|61/100
|-status|p2a: Electivire|tox
|-start|p2a: Electivire|confusion|[from] ability: Poison Puppeteer|[of] p1a: Uff
|
|-heal|p2a: Electivire|67/100 tox|[from] item: Leftovers
|-heal|p1a: Uff|79/100 par|[from] item: Leftovers
|-damage|p2a: Electivire|61/100 tox|[from] psn
|upkeep
|turn|12
|
|t:|1769443036
|switch|p2a: Bisharp|Bisharp, M|100/100
|move|p1a: Uff|Malignant Chain|p2a: Bisharp
|-immune|p2a: Bisharp
|
|-heal|p1a: Uff|85/100 par|[from] item: Leftovers
|upkeep
|turn|13
|
|t:|1769443045
|move|p2a: Bisharp|Swords Dance|p2a: Bisharp
|-boost|p2a: Bisharp|atk|2
|move|p1a: Uff|Shadow Ball|p2a: Bisharp
|-resisted|p2a: Bisharp
|-damage|p2a: Bisharp|84/100
|
|-heal|p2a: Bisharp|90/100|[from] item: Leftovers
|-heal|p1a: Uff|91/100 par|[from] item: Leftovers
|upkeep
|turn|14
|
|t:|1769443057
|move|p2a: Bisharp|Sucker Punch|p1a: Uff
|-supereffective|p1a: Uff
|-damage|p1a: Uff|22/100 par
|move|p1a: Uff|Shadow Ball|p2a: Bisharp
|-resisted|p2a: Bisharp
|-damage|p2a: Bisharp|72/100
|-unboost|p2a: Bisharp|spd|1
|-ability|p2a: Bisharp|Defiant|boost
|-boost|p2a: Bisharp|atk|2
|
|-heal|p2a: Bisharp|78/100|[from] item: Leftovers
|-heal|p1a: Uff|28/100 par|[from] item: Leftovers
|upkeep
|turn|15
|
|t:|1769443064
|move|p2a: Bisharp|Iron Head|p1a: Uff
|-crit|p1a: Uff
|-damage|p1a: Uff|0 fnt
|faint|p1a: Uff
|
|-heal|p2a: Bisharp|84/100|[from] item: Leftovers
|upkeep
|
|t:|1769443070
|switch|p1a: Raging Bolt|Raging Bolt|46/100
|turn|16
|inactive|GnsKarma has 120 seconds left.
|inactive|GnsKarma has 90 seconds left.
|
|t:|1769443157
|move|p1a: Raging Bolt|Thunderclap|p2a: Bisharp
|-damage|p2a: Bisharp|1/100
|move|p2a: Bisharp|Stone Edge|p1a: Raging Bolt|[miss]
|-miss|p2a: Bisharp|p1a: Raging Bolt
|
|-heal|p1a: Raging Bolt|52/100|[from] item: Leftovers
|-heal|p2a: Bisharp|7/100|[from] item: Leftovers
|upkeep
|turn|17
|
|t:|1769443165
|move|p1a: Raging Bolt|Thunderclap|p2a: Bisharp
|-damage|p2a: Bisharp|0 fnt
|faint|p2a: Bisharp
|
|-heal|p1a: Raging Bolt|58/100|[from] item: Leftovers
|upkeep
|
|t:|1769443170
|switch|p2a: Electivire|Electivire, F|61/100 tox
|turn|18
|
|t:|1769443180
|move|p2a: Electivire|Ice Punch|p1a: Raging Bolt
|-supereffective|p1a: Raging Bolt
|-crit|p1a: Raging Bolt
|-damage|p1a: Raging Bolt|0 fnt
|faint|p1a: Raging Bolt
|-end|p1a: Raging Bolt|Protosynthesis|[silent]
|
|-heal|p2a: Electivire|67/100 tox|[from] item: Leftovers
|-damage|p2a: Electivire|61/100 tox|[from] psn
|upkeep
|
|t:|1769443187
|switch|p1a: Ostia Uff|Walking Wake|100/100
|turn|19
|
|t:|1769443191
|move|p1a: Ostia Uff|Draco Meteor|p2a: Electivire
|-damage|p2a: Electivire|0 fnt
|-unboost|p1a: Ostia Uff|spa|2
|faint|p2a: Electivire
|
|upkeep
|
|t:|1769443195
|switch|p2a: Heracross|Heracross, M|100/100
|turn|20
|inactive|GnsKarma has 90 seconds left.
|
|t:|1769443210
|-end|p1a: Ostia Uff|Protosynthesis|[silent]
|switch|p1a: RoBin|Decidueye, M, shiny|100/100
|move|p2a: Heracross|Knock Off|p1a: RoBin
|-supereffective|p1a: RoBin
|-damage|p1a: RoBin|27/100
|-enditem|p1a: RoBin|Red Card|[from] move: Knock Off|[of] p2a: Heracross
|
|upkeep
|turn|21
|
|t:|1769443219
|move|p2a: Heracross|Lunge|p1a: RoBin
|-damage|p1a: RoBin|0 fnt
|faint|p1a: RoBin
|-ability|p2a: Heracross|Moxie|boost
|-boost|p2a: Heracross|atk|1
|
|upkeep
|inactive|GnsKarma has 90 seconds left.
|
|t:|1769443234
|switch|p1a: Ostia Uff|Walking Wake|100/100
|turn|22
|
|t:|1769443238
|move|p1a: Ostia Uff|Flamethrower|p2a: Heracross
|-supereffective|p2a: Heracross
|-damage|p2a: Heracross|33/100
|move|p2a: Heracross|Knock Off|p1a: Ostia Uff
|-damage|p1a: Ostia Uff|46/100
|-enditem|p1a: Ostia Uff|Choice Scarf|[from] move: Knock Off|[of] p2a: Heracross
|
|upkeep
|turn|23
|
|t:|1769443247
|move|p1a: Ostia Uff|Flamethrower|p2a: Heracross
|-supereffective|p2a: Heracross
|-damage|p2a: Heracross|0 fnt
|faint|p2a: Heracross
|
|upkeep
|
|t:|1769443255
|switch|p2a: Milotic|Milotic, M, tera:Ice|88/100
|turn|24
|
|t:|1769443260
|move|p1a: Ostia Uff|Flip Turn|p2a: Milotic
|-damage|p2a: Milotic|75/100
|
|t:|1769443264
|-end|p1a: Ostia Uff|Protosynthesis|[silent]
|switch|p1a: No-No-No|Vaporeon, F, shiny|100/100|[from] Flip Turn
|move|p2a: Milotic|Ice Beam|p1a: No-No-No
|-resisted|p1a: No-No-No
|-damage|p1a: No-No-No|92/100
|
|-heal|p2a: Milotic|81/100|[from] item: Leftovers
|-heal|p1a: No-No-No|98/100|[from] item: Leftovers
|upkeep
|turn|25
|
|t:|1769443276
|move|p2a: Milotic|Substitute|p2a: Milotic
|-start|p2a: Milotic|Substitute
|-damage|p2a: Milotic|57/100
|move|p1a: No-No-No|Wish|p1a: No-No-No
|
|-heal|p2a: Milotic|63/100|[from] item: Leftovers
|-heal|p1a: No-No-No|100/100|[from] item: Leftovers
|upkeep
|turn|26
|
|t:|1769443284
|move|p2a: Milotic|Recover|p2a: Milotic
|-heal|p2a: Milotic|100/100
|move|p1a: No-No-No|Flip Turn|p2a: Milotic
|-activate|p2a: Milotic|move: Substitute|[damage]
|
|t:|1769443294
|switch|p1a: Ostia Uff|Walking Wake|46/100|[from] Flip Turn
|
|-heal|p1a: Ostia Uff|100/100|[from] move: Wish|[wisher] No-No-No
|upkeep
|turn|27
|
|t:|1769443301
|move|p1a: Ostia Uff|Flip Turn|p2a: Milotic
|-activate|p2a: Milotic|move: Substitute|[damage]
|
|t:|1769443306
|-end|p1a: Ostia Uff|Protosynthesis|[silent]
|switch|p1a: No-No-No|Vaporeon, F, shiny|100/100|[from] Flip Turn
|move|p2a: Milotic|Scald|p1a: No-No-No
|-immune|p1a: No-No-No|[from] ability: Water Absorb
|
|upkeep
|turn|28
|
|t:|1769443314
|switch|p2a: Houndoom|Houndoom, M|100/100
|-ability|p2a: Houndoom|Unnerve
|move|p1a: No-No-No|Flip Turn|p2a: Houndoom
|-supereffective|p2a: Houndoom
|-damage|p2a: Houndoom|49/100
|
|t:|1769443323
|switch|p1a: Ostia Uff|Walking Wake|100/100|[from] Flip Turn
|
|upkeep
|turn|29
|
|t:|1769443330
|move|p1a: Ostia Uff|Draco Meteor|p2a: Houndoom
|-damage|p2a: Houndoom|0 fnt
|-unboost|p1a: Ostia Uff|spa|2
|faint|p2a: Houndoom
|
|upkeep
|
|t:|1769443333
|switch|p2a: Milotic|Milotic, M, tera:Ice|100/100
|turn|30
|
|t:|1769443336
|-end|p1a: Ostia Uff|Protosynthesis|[silent]
|switch|p1a: No-No-No|Vaporeon, F, shiny|100/100
|move|p2a: Milotic|Ice Beam|p1a: No-No-No
|-resisted|p1a: No-No-No
|-damage|p1a: No-No-No|92/100
|
|-heal|p1a: No-No-No|99/100|[from] item: Leftovers
|upkeep
|turn|31
|inactive|4thisguy has 120 seconds left.
|c|☆4thisguy|I know I can’t beat you with this and it’ll take forever for you to take out milotic so I’m gonna forfeit. GG!
|-message|4thisguy forfeited.
|
|win|GnsKarma
|raw|GnsKarma's rating: 1150 &rarr; <strong>1178</strong><br />(+28 for winning)
|raw|4thisguy's rating: 1194 &rarr; <strong>1166</strong><br />(-28 for losing)
|l|☆4thisguy
|player|p2|
|l|☆GnsKarma
|player|p1|
