|j|☆Gabitchka
|j|☆vishalv996
|t:|1769413414
|gametype|singles
|player|p1|Gabitchka|2|1162
|player|p2|vishalv996|wallace|1175
|gen|9
|tier|[Gen 9] OU
|rated|
|rule|HP Percentage Mod: HP is shown in percentages
|rule|Endless Battle Clause: Forcing endless battles is banned
|rule|Species Clause: Limit one of each Pokémon
|rule|OHKO Clause: OHKO moves are banned
|rule|Evasion Items Clause: Evasion items are banned
|rule|Evasion Moves Clause: Evasion moves are banned
|rule|Evasion Abilities Clause: Evasion abilities are banned
|rule|Sleep Moves Clause: Sleep-inducing moves are banned
|clearpoke
|poke|p1|Hatterene, F|
|poke|p1|Jirachi|
|poke|p1|Staraptor, F|
|poke|p1|Probopass, M|
|poke|p1|Rillaboom, M|
|poke|p1|Greninja-*, M|
|poke|p2|Ogerpon-Wellspring, F|
|poke|p2|Ceruledge, M|
|poke|p2|Kingambit, M|
|poke|p2|Iron Treads|
|poke|p2|Electivire, M|
|poke|p2|Darkrai|
|teampreview
|
|t:|1769413435
|teamsize|p1|6
|teamsize|p2|6
|start
|switch|p1a: Probopass|Probopass, M|100/100
|switch|p2a: Darkrai|Darkrai|100/100
|-item|p1a: Probopass|Air Balloon
|turn|1
|
|t:|1769413465
|move|p2a: Darkrai|Dark Pulse|p1a: Probopass
|-damage|p1a: Probopass|74/100
|-enditem|p1a: Probopass|Air Balloon
|move|p1a: Probopass|Stealth Rock|p2a: Darkrai
|-sidestart|p2: vishalv996|move: Stealth Rock
|
|upkeep
|turn|2
|
|t:|1769413477
|move|p2a: Darkrai|Psychic|p1a: Probopass
|-resisted|p1a: Probopass
|-damage|p1a: Probopass|62/100
|move|p1a: Probopass|Body Press|p2a: Darkrai
|-supereffective|p2a: Darkrai
|-damage|p2a: Darkrai|17/100
|
|upkeep
|turn|3
|
|t:|1769413486
|move|p2a: Darkrai|Thunder|p1a: Probopass
|-crit|p1a: Probopass
|-damage|p1a: Probopass|24/100
|-status|p1a: Probopass|par
|move|p1a: Probopass|Volt Switch|p2a: Darkrai
|-damage|p2a: Darkrai|0 fnt
|faint|p2a: Darkrai
|
|t:|1769413501
|switch|p1a: Greninja|Greninja, M|100/100|[from] Volt Switch
|
|upkeep
|
|t:|1769413516
|switch|p2a: Electivire|Electivire, M|100/100
|-damage|p2a: Electivire|88/100|[from] Stealth Rock
|turn|4
|
|t:|1769413547
|switch|p1a: Probopass|Probopass, M|24/100 par
|move|p2a: Electivire|Supercell Slam|p1a: Probopass
|-damage|p1a: Probopass|0 fnt
|faint|p1a: Probopass
|
|upkeep
|inactive|Battle timer is ON: inactive players will automatically lose when time's up. (requested by vishalv996)
|
|t:|1769413600
|switch|p1a: Hatterene|Hatterene, F|100/100
|turn|5
|
|t:|1769413617
|move|p2a: Electivire|Supercell Slam|p1a: Hatterene
|-damage|p1a: Hatterene|51/100
|move|p1a: Hatterene|Psychic|p2a: Electivire
|-damage|p2a: Electivire|27/100
|-unboost|p2a: Electivire|spd|1
|
|-heal|p1a: Hatterene|57/100|[from] item: Leftovers
|upkeep
|turn|6
|
|t:|1769413629
|move|p2a: Electivire|Supercell Slam|p1a: Hatterene
|-damage|p1a: Hatterene|4/100
|move|p1a: Hatterene|Draining Kiss|p2a: Electivire
|-damage|p2a: Electivire|0 fnt
|-heal|p1a: Hatterene|22/100|[from] drain|[of] p2a: Electivire
|faint|p2a: Electivire
|
|-heal|p1a: Hatterene|28/100|[from] item: Leftovers
|upkeep
|
|t:|1769413642
|switch|p2a: Ogerpon|Ogerpon-Wellspring, F|100/100
|-damage|p2a: Ogerpon|88/100|[from] Stealth Rock
|turn|7
|
|t:|1769413648
|-terastallize|p2a: Ogerpon|Water
|detailschange|p2a: Ogerpon|Ogerpon-Wellspring-Tera, F, tera:Water
|-ability|p2a: Ogerpon|Embody Aspect (Wellspring)|boost
|-boost|p2a: Ogerpon|spd|1
|move|p2a: Ogerpon|Horn Leech|p1a: Hatterene
|-damage|p1a: Hatterene|0 fnt
|-heal|p2a: Ogerpon|100/100|[from] drain|[of] p1a: Hatterene
|faint|p1a: Hatterene
|
|upkeep
|
|t:|1769413658
|switch|p1a: Rillaboom|Rillaboom, M|100/100
|-fieldstart|move: Grassy Terrain|[from] ability: Grassy Surge|[of] p1a: Rillaboom
|turn|8
|
|t:|1769413666
|move|p1a: Rillaboom|Grassy Glide|p2a: Ogerpon
|-supereffective|p2a: Ogerpon
|-damage|p2a: Ogerpon|0 fnt
|faint|p2a: Ogerpon
|detailschange|p2: Ogerpon|Ogerpon-Wellspring, F|[silent]
|
|upkeep
|
|t:|1769413673
|switch|p2a: Ceruledge|Ceruledge, M|100/100
|-damage|p2a: Ceruledge|75/100|[from] Stealth Rock
|turn|9
|
|t:|1769413684
|switch|p1a: Greninja|Greninja, M|100/100
|move|p2a: Ceruledge|Bitter Blade|p1a: Greninja
|-resisted|p1a: Greninja
|-damage|p1a: Greninja|59/100
|-heal|p2a: Ceruledge|96/100|[from] drain|[of] p1a: Greninja
|
|-heal|p1a: Greninja|65/100|[from] Grassy Terrain
|-heal|p2a: Ceruledge|100/100|[from] Grassy Terrain
|upkeep
|turn|10
|
|t:|1769413698
|move|p1a: Greninja|Surf|p2a: Ceruledge
|-start|p1a: Greninja|typechange|Water|[from] ability: Protean
|-supereffective|p2a: Ceruledge
|-enditem|p2a: Ceruledge|Focus Sash
|-damage|p2a: Ceruledge|1/100
|-damage|p1a: Greninja|56/100|[from] item: Life Orb
|move|p2a: Ceruledge|Bitter Blade|p1a: Greninja
|-resisted|p1a: Greninja
|-damage|p1a: Greninja|15/100
|-heal|p2a: Ceruledge|21/100|[from] drain|[of] p1a: Greninja
|
|-heal|p1a: Greninja|20/100|[from] Grassy Terrain
|-heal|p2a: Ceruledge|27/100|[from] Grassy Terrain
|upkeep
|turn|11
|
|t:|1769413722
|move|p1a: Greninja|Surf|p2a: Ceruledge
|-supereffective|p2a: Ceruledge
|-damage|p2a: Ceruledge|0 fnt
|faint|p2a: Ceruledge
|-damage|p1a: Greninja|11/100|[from] item: Life Orb
|
|-heal|p1a: Greninja|17/100|[from] Grassy Terrain
|upkeep
|
|t:|1769413729
|switch|p2a: Kingambit|Kingambit, M|100/100
|-damage|p2a: Kingambit|94/100|[from] Stealth Rock
|-activate|p2a: Kingambit|ability: Supreme Overlord
|-start|p2a: Kingambit|fallen4|[silent]
|turn|12
|
|t:|1769413736
|move|p2a: Kingambit|Sucker Punch|p1a: Greninja
|-damage|p1a: Greninja|0 fnt
|faint|p1a: Greninja
|
|-heal|p2a: Kingambit|100/100|[from] Grassy Terrain
|-fieldend|move: Grassy Terrain
|upkeep
|
|t:|1769413739
|switch|p1a: Rillaboom|Rillaboom, M|100/100
|-fieldstart|move: Grassy Terrain|[from] ability: Grassy Surge|[of] p1a: Rillaboom
|turn|13
|
|t:|1769413746
|move|p1a: Rillaboom|Drain Punch|p2a: Kingambit
|-supereffective|p2a: Kingambit
|-enditem|p2a: Kingambit|Focus Sash
|-damage|p2a: Kingambit|1/100
|move|p2a: Kingambit|Kowtow Cleave|p1a: Rillaboom
|-damage|p1a: Rillaboom|33/100
|
|-heal|p1a: Rillaboom|39/100|[from] Grassy Terrain
|-heal|p2a: Kingambit|7/100|[from] Grassy Terrain
|upkeep
|turn|14
|
|t:|1769413756
|move|p2a: Kingambit|Sucker Punch|p1a: Rillaboom
|-crit|p1a: Rillaboom
|-damage|p1a: Rillaboom|0 fnt
|faint|p1a: Rillaboom
|
|-heal|p2a: Kingambit|13/100|[from] Grassy Terrain
|upkeep
|
|t:|1769413767
|switch|p1a: Staraptor|Staraptor, F|100/100
|turn|15
|
|t:|1769413775
|-terastallize|p1a: Staraptor|Normal
|move|p1a: Staraptor|Quick Attack|p2a: Kingambit
|-resisted|p2a: Kingambit
|-damage|p2a: Kingambit|4/100
|move|p2a: Kingambit|Sucker Punch||[still]
|-fail|p2a: Kingambit
|
|-heal|p2a: Kingambit|10/100|[from] Grassy Terrain
|upkeep
|turn|16
|
|t:|1769413784
|move|p1a: Staraptor|Quick Attack|p2a: Kingambit
|-resisted|p2a: Kingambit
|-damage|p2a: Kingambit|0 fnt
|faint|p2a: Kingambit
|-end|p2a: Kingambit|fallen4|[silent]
|
|upkeep
|
|t:|1769413790
|switch|p2a: Iron Treads|Iron Treads|100/100
|-damage|p2a: Iron Treads|97/100|[from] Stealth Rock
|-enditem|p2a: Iron Treads|Booster Energy
|-activate|p2a: Iron Treads|ability: Quark Drive|[fromitem]
|-start|p2a: Iron Treads|quarkdriveatk
|turn|17
|
|t:|1769413802
|move|p1a: Staraptor|Quick Attack|p2a: Iron Treads
|-resisted|p2a: Iron Treads
|-damage|p2a: Iron Treads|85/100
|move|p2a: Iron Treads|Earthquake|p1a: Staraptor
|-damage|p1a: Staraptor|58/100
|
|-heal|p1a: Staraptor|64/100|[from] Grassy Terrain
|-heal|p2a: Iron Treads|91/100|[from] Grassy Terrain
|-fieldend|move: Grassy Terrain
|upkeep
|turn|18
|
|t:|1769413815
|move|p1a: Staraptor|Quick Attack|p2a: Iron Treads
|-resisted|p2a: Iron Treads
|-damage|p2a: Iron Treads|79/100
|move|p2a: Iron Treads|Earthquake|p1a: Staraptor
|-damage|p1a: Staraptor|0 fnt
|faint|p1a: Staraptor
|
|upkeep
|
|t:|1769413823
|switch|p1a: Jirachi|Jirachi|100/100
|turn|19
|
|t:|1769413843
|move|p1a: Jirachi|Body Slam|p2a: Iron Treads
|-resisted|p2a: Iron Treads
|-damage|p2a: Iron Treads|68/100
|-status|p2a: Iron Treads|par
|move|p2a: Iron Treads|Earthquake|p1a: Jirachi
|-supereffective|p1a: Jirachi
|-damage|p1a: Jirachi|0 fnt
|faint|p1a: Jirachi
|
|win|vishalv996
|raw|Gabitchka's rating: 1162 &rarr; <strong>1138</strong><br />(-24 for losing)
|raw|vishalv996's rating: 1175 &rarr; <strong>1199</strong><br />(+24 for winning)
|l|☆Gabitchka
|player|p1|
|l|☆vishalv996
|player|p2|
