|j|☆turquoiselink
|j|☆Fatty Mama
|t:|1769394248
|gametype|singles
|player|p1|turquoiselink|2|1649
|player|p2|Fatty Mama|touristf2|1599
|gen|9
|tier|[Gen 9] OU
|rated|
|rule|HP Percentage Mod: HP is shown in percentages
|rule|Endless Battle Clause: Forcing endless battles is banned
|rule|Species Clause: Limit one of each Pokémon
|rule|OHKO Clause: OHKO moves are banned
|rule|Evasion Items Clause: Evasion items are banned
|rule|Evasion Moves Clause: Evasion moves are banned
|rule|Evasion Abilities Clause: Evasion abilities are banned
|rule|Sleep Moves Clause: Sleep-inducing moves are banned
|clearpoke
|poke|p1|Tyranitar, M|
|poke|p1|Excadrill, M|
|poke|p1|Enamorus-Therian, F|
|poke|p1|Pecharunt|
|poke|p1|Ogerpon-Cornerstone, F|
|poke|p1|Alomomola, M|
|poke|p2|Darkrai|
|poke|p2|Iron Moth|
|poke|p2|Deoxys-Speed|
|poke|p2|Dragonite, F|
|poke|p2|Scizor, F|
|poke|p2|Great Tusk|
|teampreview
|inactive|Battle timer is ON: inactive players will automatically lose when time's up. (requested by Fatty Mama)
|inactive|turquoiselink has 120 seconds left.
|
|t:|1769394284
|teamsize|p1|6
|teamsize|p2|6
|start
|switch|p1a: Ogerpon|Ogerpon-Cornerstone, F|100/100
|switch|p2a: Scizor|Scizor, F|100/100
|turn|1
|
|t:|1769394293
|switch|p1a: Pecharunt|Pecharunt|100/100
|move|p2a: Scizor|U-turn|p1a: Pecharunt
|-resisted|p1a: Pecharunt
|-damage|p1a: Pecharunt|93/100
|-damage|p2a: Scizor|84/100|[from] item: Rocky Helmet|[of] p1a: Pecharunt
|
|t:|1769394301
|switch|p2a: Darkrai|Darkrai|100/100|[from] U-turn
|
|upkeep
|turn|2
|
|t:|1769394312
|switch|p1a: Tyranitar|Tyranitar, M|100/100
|-weather|Sandstorm|[from] ability: Sand Stream|[of] p1a: Tyranitar
|move|p2a: Darkrai|Dark Pulse|p1a: Tyranitar
|-resisted|p1a: Tyranitar
|-damage|p1a: Tyranitar|90/100
|-damage|p2a: Darkrai|91/100|[from] item: Life Orb
|
|-weather|Sandstorm|[upkeep]
|-damage|p2a: Darkrai|84/100|[from] Sandstorm
|upkeep
|turn|3
|
|t:|1769394325
|move|p2a: Darkrai|Focus Blast|p1a: Tyranitar|[miss]
|-miss|p2a: Darkrai|p1a: Tyranitar
|move|p1a: Tyranitar|Stealth Rock|p2a: Darkrai
|-sidestart|p2: Fatty Mama|move: Stealth Rock
|
|-weather|Sandstorm|[upkeep]
|-damage|p2a: Darkrai|78/100|[from] Sandstorm
|upkeep
|turn|4
|
|t:|1769394337
|switch|p1a: Alomomola|Alomomola, M|100/100
|move|p2a: Darkrai|Focus Blast|p1a: Alomomola
|-crit|p1a: Alomomola
|-damage|p1a: Alomomola|24/100
|-unboost|p1a: Alomomola|spd|1
|-damage|p2a: Darkrai|68/100|[from] item: Life Orb
|
|-weather|Sandstorm|[upkeep]
|-damage|p2a: Darkrai|62/100|[from] Sandstorm
|-damage|p1a: Alomomola|18/100|[from] Sandstorm
|upkeep
|turn|5
|
|t:|1769394346
|move|p2a: Darkrai|Ice Beam|p1a: Alomomola
|-resisted|p1a: Alomomola
|-damage|p1a: Alomomola|0 fnt
|faint|p1a: Alomomola
|-damage|p2a: Darkrai|52/100|[from] item: Life Orb
|
|-weather|Sandstorm|[upkeep]
|-damage|p2a: Darkrai|46/100|[from] Sandstorm
|upkeep
|
|t:|1769394351
|switch|p1a: Excadrill|Excadrill, M|100/100
|turn|6
|
|t:|1769394359
|switch|p2a: Great Tusk|Great Tusk|100/100
|-damage|p2a: Great Tusk|98/100|[from] Stealth Rock
|-enditem|p2a: Great Tusk|Booster Energy
|-activate|p2a: Great Tusk|ability: Protosynthesis|[fromitem]
|-start|p2a: Great Tusk|protosynthesisspe
|move|p1a: Excadrill|Earthquake|p2a: Great Tusk
|-damage|p2a: Great Tusk|66/100
|
|-weather|Sandstorm|[upkeep]
|upkeep
|turn|7
|
|t:|1769394371
|switch|p1a: Enamorus|Enamorus-Therian, F|100/100
|move|p2a: Great Tusk|Headlong Rush|p1a: Enamorus
|-immune|p1a: Enamorus
|
|-weather|Sandstorm|[upkeep]
|upkeep
|turn|8
|
|t:|1769394380
|move|p2a: Great Tusk|Rapid Spin|p1a: Enamorus
|-damage|p1a: Enamorus|91/100
|-boost|p2a: Great Tusk|spe|1
|-sideend|p2: Fatty Mama|Stealth Rock|[from] move: Rapid Spin|[of] p2a: Great Tusk
|move|p1a: Enamorus|Moonblast|p2a: Great Tusk
|-supereffective|p2a: Great Tusk
|-damage|p2a: Great Tusk|0 fnt
|faint|p2a: Great Tusk
|-end|p2a: Great Tusk|Protosynthesis|[silent]
|
|-weather|Sandstorm|[upkeep]
|upkeep
|
|t:|1769394389
|switch|p2a: Darkrai|Darkrai|46/100
|turn|9
|
|t:|1769394397
|move|p2a: Darkrai|Ice Beam|p1a: Enamorus
|-supereffective|p1a: Enamorus
|-damage|p1a: Enamorus|3/100
|-damage|p2a: Darkrai|36/100|[from] item: Life Orb
|move|p1a: Enamorus|Draining Kiss|p2a: Darkrai
|-supereffective|p2a: Darkrai
|-damage|p2a: Darkrai|0 fnt
|-heal|p1a: Enamorus|25/100|[from] drain|[of] p2a: Darkrai
|faint|p2a: Darkrai
|
|-weather|none
|upkeep
|
|t:|1769394405
|switch|p2a: Scizor|Scizor, F|84/100
|turn|10
|
|t:|1769394414
|move|p2a: Scizor|Knock Off|p1a: Enamorus
|-resisted|p1a: Enamorus
|-crit|p1a: Enamorus
|-damage|p1a: Enamorus|0 fnt
|-enditem|p1a: Enamorus|Heavy-Duty Boots|[from] move: Knock Off|[of] p2a: Scizor
|faint|p1a: Enamorus
|
|upkeep
|
|t:|1769394428
|switch|p1a: Pecharunt|Pecharunt|93/100
|turn|11
|
|t:|1769394436
|move|p1a: Pecharunt|Shadow Ball|p2a: Scizor
|-damage|p2a: Scizor|51/100
|-unboost|p2a: Scizor|spd|1
|move|p2a: Scizor|Knock Off|p1a: Pecharunt
|-supereffective|p1a: Pecharunt
|-damage|p1a: Pecharunt|38/100
|-damage|p2a: Scizor|35/100|[from] item: Rocky Helmet|[of] p1a: Pecharunt
|-enditem|p1a: Pecharunt|Rocky Helmet|[from] move: Knock Off|[of] p2a: Scizor
|
|upkeep
|turn|12
|
|t:|1769394445
|switch|p2a: Dragonite|Dragonite, F|100/100
|move|p1a: Pecharunt|Recover|p1a: Pecharunt
|-heal|p1a: Pecharunt|88/100
|
|upkeep
|turn|13
|
|t:|1769394453
|move|p2a: Dragonite|Encore|p1a: Pecharunt
|-start|p1a: Pecharunt|Encore
|move|p1a: Pecharunt|Recover|p1a: Pecharunt
|-heal|p1a: Pecharunt|100/100
|
|upkeep
|turn|14
|
|t:|1769394461
|switch|p1a: Tyranitar|Tyranitar, M|90/100
|-weather|Sandstorm|[from] ability: Sand Stream|[of] p1a: Tyranitar
|move|p2a: Dragonite|Low Kick|p1a: Tyranitar
|-supereffective|p1a: Tyranitar
|-damage|p1a: Tyranitar|0 fnt
|faint|p1a: Tyranitar
|
|-weather|Sandstorm|[upkeep]
|-damage|p2a: Dragonite|94/100|[from] Sandstorm
|upkeep
|
|t:|1769394477
|switch|p1a: Pecharunt|Pecharunt|100/100
|turn|15
|
|t:|1769394485
|move|p2a: Dragonite|Dragon Dance|p2a: Dragonite
|-boost|p2a: Dragonite|atk|1
|-boost|p2a: Dragonite|spe|1
|move|p1a: Pecharunt|Malignant Chain|p2a: Dragonite
|-damage|p2a: Dragonite|60/100
|-status|p2a: Dragonite|tox
|-start|p2a: Dragonite|confusion|[from] ability: Poison Puppeteer|[of] p1a: Pecharunt
|
|-weather|Sandstorm|[upkeep]
|-damage|p2a: Dragonite|53/100 tox|[from] Sandstorm
|-damage|p1a: Pecharunt|94/100|[from] Sandstorm
|-damage|p2a: Dragonite|47/100 tox|[from] psn
|upkeep
|turn|16
|
|t:|1769394513
|-activate|p2a: Dragonite|confusion
|move|p2a: Dragonite|Encore|p1a: Pecharunt
|-start|p1a: Pecharunt|Encore
|move|p1a: Pecharunt|Malignant Chain|p2a: Dragonite
|-damage|p2a: Dragonite|15/100 tox
|
|-weather|Sandstorm|[upkeep]
|-damage|p2a: Dragonite|9/100 tox|[from] Sandstorm
|-damage|p1a: Pecharunt|88/100|[from] Sandstorm
|-damage|p2a: Dragonite|0 fnt|[from] psn
|faint|p2a: Dragonite
|upkeep
|
|t:|1769394521
|switch|p2a: Scizor|Scizor, F|35/100
|turn|17
|inactive|turquoiselink has 120 seconds left.
|
|t:|1769394549
|switch|p1a: Excadrill|Excadrill, M|100/100
|move|p2a: Scizor|Knock Off|p1a: Excadrill
|-damage|p1a: Excadrill|16/100
|-enditem|p1a: Excadrill|Leftovers|[from] move: Knock Off|[of] p2a: Scizor
|
|-weather|Sandstorm|[upkeep]
|upkeep
|turn|18
|inactive|turquoiselink has 120 seconds left.
|
|t:|1769394557
|switch|p1a: Pecharunt|Pecharunt|88/100
|switch|p2a: Deoxys|Deoxys-Speed|100/100
|-ability|p2a: Deoxys|Pressure
|
|-weather|Sandstorm|[upkeep]
|-damage|p2a: Deoxys|95/100|[from] Sandstorm
|-damage|p1a: Pecharunt|82/100|[from] Sandstorm
|upkeep
|turn|19
|
|t:|1769394565
|move|p2a: Deoxys|Psycho Boost|p1a: Pecharunt|[miss]
|-miss|p2a: Deoxys|p1a: Pecharunt
|move|p1a: Pecharunt|Shadow Ball|p2a: Deoxys
|-supereffective|p2a: Deoxys
|-damage|p2a: Deoxys|31/100
|
|-weather|Sandstorm|[upkeep]
|-damage|p2a: Deoxys|25/100|[from] Sandstorm
|-damage|p1a: Pecharunt|76/100|[from] Sandstorm
|upkeep
|turn|20
|
|t:|1769394573
|move|p2a: Deoxys|Psycho Boost|p1a: Pecharunt
|-supereffective|p1a: Pecharunt
|-damage|p1a: Pecharunt|0 fnt
|-unboost|p2a: Deoxys|spa|2
|faint|p1a: Pecharunt
|
|-weather|Sandstorm|[upkeep]
|-damage|p2a: Deoxys|19/100|[from] Sandstorm
|upkeep
|
|t:|1769394576
|switch|p1a: Excadrill|Excadrill, M|16/100
|turn|21
|
|t:|1769394584
|move|p1a: Excadrill|Rapid Spin|p2a: Deoxys
|-damage|p2a: Deoxys|0 fnt
|-boost|p1a: Excadrill|spe|1
|-damage|p1a: Excadrill|0 fnt|[from] item: Rocky Helmet|[of] p2a: Deoxys
|faint|p2a: Deoxys
|faint|p1a: Excadrill
|
|-weather|none
|upkeep
|
|t:|1769394593
|switch|p2a: Scizor|Scizor, F|35/100
|switch|p1a: Ogerpon|Ogerpon-Cornerstone, F|100/100
|turn|22
|
|t:|1769394607
|-terastallize|p1a: Ogerpon|Rock
|detailschange|p1a: Ogerpon|Ogerpon-Cornerstone-Tera, F, tera:Rock
|-ability|p1a: Ogerpon|Embody Aspect (Cornerstone)|boost
|-boost|p1a: Ogerpon|def|1
|move|p2a: Scizor|Bullet Punch|p1a: Ogerpon
|-supereffective|p1a: Ogerpon
|-damage|p1a: Ogerpon|11/100
|move|p1a: Ogerpon|Ivy Cudgel|p2a: Scizor|[anim] Ivy Cudgel Rock
|-crit|p2a: Scizor
|-damage|p2a: Scizor|0 fnt
|faint|p2a: Scizor
|
|upkeep
|
|t:|1769394614
|switch|p2a: Iron Moth|Iron Moth|100/100
|-enditem|p2a: Iron Moth|Booster Energy
|-activate|p2a: Iron Moth|ability: Quark Drive|[fromitem]
|-start|p2a: Iron Moth|quarkdrivespe
|turn|23
|
|t:|1769394621
|-terastallize|p2a: Iron Moth|Fairy
|move|p2a: Iron Moth|Fiery Dance|p1a: Ogerpon
|-resisted|p1a: Ogerpon
|-damage|p1a: Ogerpon|0 fnt
|faint|p1a: Ogerpon
|detailschange|p1: Ogerpon|Ogerpon-Cornerstone, F|[silent]
|
|win|Fatty Mama
|raw|turquoiselink's rating: 1649 &rarr; <strong>1626</strong><br />(-23 for losing)
|raw|Fatty Mama's rating: 1599 &rarr; <strong>1622</strong><br />(+23 for winning)
|l|☆Fatty Mama
|player|p2|
|l|☆turquoiselink
|player|p1|
|j|☆Fatty Mama
|player|p2|Fatty Mama|touristf2|
