|j|☆nimjaisugly
|j|☆LifeIsLifeSlop
|t:|1769407474
|gametype|singles
|player|p1|nimjaisugly|clavell-s|1548
|player|p2|LifeIsLifeSlop|swimmerf-gen4|1558
|gen|9
|tier|[Gen 9] OU
|rated|
|rule|HP Percentage Mod: HP is shown in percentages
|rule|Endless Battle Clause: Forcing endless battles is banned
|rule|Species Clause: Limit one of each Pokémon
|rule|OHKO Clause: OHKO moves are banned
|rule|Evasion Items Clause: Evasion items are banned
|rule|Evasion Moves Clause: Evasion moves are banned
|rule|Evasion Abilities Clause: Evasion abilities are banned
|rule|Sleep Moves Clause: Sleep-inducing moves are banned
|clearpoke
|poke|p1|Scyther, F|
|poke|p1|Kleavor, F|
|poke|p1|Scizor, F|
|poke|p1|Alomomola, M|
|poke|p1|Ursaluna, M|
|poke|p1|Dragapult, M|
|poke|p2|Ceruledge, M|
|poke|p2|Torkoal, F|
|poke|p2|Iron Moth|
|poke|p2|Walking Wake|
|poke|p2|Great Tusk|
|poke|p2|Kingambit, F|
|teampreview
|inactive|Battle timer is ON: inactive players will automatically lose when time's up. (requested by nimjaisugly)
|inactive|LifeIsLifeSlop also wants the timer to be on.
|
|t:|1769407483
|teamsize|p1|6
|teamsize|p2|6
|start
|switch|p1a: Kleavor|Kleavor, F|100/100
|switch|p2a: Torkoal|Torkoal, F|100/100
|-weather|SunnyDay|[from] ability: Drought|[of] p2a: Torkoal
|turn|1
|
|t:|1769407487
|move|p1a: Kleavor|Stone Axe|p2a: Torkoal
|-supereffective|p2a: Torkoal
|-damage|p2a: Torkoal|22/100
|-sidestart|p2: LifeIsLifeSlop|move: Stealth Rock
|move|p2a: Torkoal|Will-O-Wisp|p1a: Kleavor
|-status|p1a: Kleavor|brn
|
|-weather|SunnyDay|[upkeep]
|-damage|p1a: Kleavor|94/100 brn|[from] brn
|upkeep
|turn|2
|
|t:|1769407494
|switch|p2a: Great Tusk|Great Tusk|100/100
|-activate|p2a: Great Tusk|ability: Protosynthesis
|-start|p2a: Great Tusk|protosynthesisspe
|move|p1a: Kleavor|Stone Axe|p2a: Great Tusk
|-resisted|p2a: Great Tusk
|-damage|p2a: Great Tusk|96/100
|
|-weather|SunnyDay|[upkeep]
|-damage|p1a: Kleavor|88/100 brn|[from] brn
|upkeep
|turn|3
|
|t:|1769407503
|move|p2a: Great Tusk|Ice Spinner|p1a: Kleavor
|-damage|p1a: Kleavor|60/100 brn
|move|p1a: Kleavor|Stone Axe|p2a: Great Tusk
|-resisted|p2a: Great Tusk
|-damage|p2a: Great Tusk|92/100
|
|-weather|SunnyDay|[upkeep]
|-damage|p1a: Kleavor|54/100 brn|[from] brn
|upkeep
|turn|4
|
|t:|1769407507
|move|p2a: Great Tusk|Ice Spinner|p1a: Kleavor
|-damage|p1a: Kleavor|25/100 brn
|move|p1a: Kleavor|U-turn|p2a: Great Tusk
|-resisted|p2a: Great Tusk
|-damage|p2a: Great Tusk|87/100
|
|t:|1769407510
|switch|p1a: Ursaluna|Ursaluna, M|100/100|[from] U-turn
|
|-weather|SunnyDay|[upkeep]
|-status|p1a: Ursaluna|brn|[from] item: Flame Orb
|upkeep
|turn|5
|
|t:|1769407513
|move|p2a: Great Tusk|Rapid Spin|p1a: Ursaluna
|-damage|p1a: Ursaluna|89/100 brn
|-boost|p2a: Great Tusk|spe|1
|-sideend|p2: LifeIsLifeSlop|Stealth Rock|[from] move: Rapid Spin|[of] p2a: Great Tusk
|move|p1a: Ursaluna|Facade|p2a: Great Tusk
|-damage|p2a: Great Tusk|3/100
|
|-weather|SunnyDay|[upkeep]
|-damage|p1a: Ursaluna|83/100 brn|[from] brn
|upkeep
|turn|6
|
|t:|1769407518
|move|p2a: Great Tusk|Close Combat|p1a: Ursaluna
|-supereffective|p1a: Ursaluna
|-damage|p1a: Ursaluna|9/100 brn
|-unboost|p2a: Great Tusk|def|1
|-unboost|p2a: Great Tusk|spd|1
|move|p1a: Ursaluna|Facade|p2a: Great Tusk
|-damage|p2a: Great Tusk|0 fnt
|faint|p2a: Great Tusk
|-end|p2a: Great Tusk|Protosynthesis|[silent]
|
|-weather|SunnyDay|[upkeep]
|-damage|p1a: Ursaluna|3/100 brn|[from] brn
|upkeep
|
|t:|1769407525
|switch|p2a: Ceruledge|Ceruledge, M|100/100
|turn|7
|
|t:|1769407528
|move|p2a: Ceruledge|Swords Dance|p2a: Ceruledge
|-boost|p2a: Ceruledge|atk|2
|move|p1a: Ursaluna|Headlong Rush|p2a: Ceruledge
|-supereffective|p2a: Ceruledge
|-enditem|p2a: Ceruledge|Focus Sash
|-damage|p2a: Ceruledge|1/100
|-unboost|p1a: Ursaluna|def|1
|-unboost|p1a: Ursaluna|spd|1
|-ability|p2a: Ceruledge|Weak Armor|boost
|-unboost|p2a: Ceruledge|def|1
|-boost|p2a: Ceruledge|spe|2
|
|-weather|SunnyDay|[upkeep]
|-damage|p1a: Ursaluna|0 fnt|[from] brn
|faint|p1a: Ursaluna
|upkeep
|
|t:|1769407531
|switch|p1a: Scizor|Scizor, F|100/100
|turn|8
|
|t:|1769407533
|move|p1a: Scizor|Bullet Punch|p2a: Ceruledge
|-resisted|p2a: Ceruledge
|-damage|p2a: Ceruledge|0 fnt
|faint|p2a: Ceruledge
|
|-weather|none
|upkeep
|
|t:|1769407538
|switch|p2a: Torkoal|Torkoal, F|22/100
|-weather|SunnyDay|[from] ability: Drought|[of] p2a: Torkoal
|turn|9
|
|t:|1769407540
|move|p1a: Scizor|Knock Off|p2a: Torkoal
|-damage|p2a: Torkoal|0 fnt
|-enditem|p2a: Torkoal|Heat Rock|[from] move: Knock Off|[of] p1a: Scizor
|faint|p2a: Torkoal
|
|-weather|SunnyDay|[upkeep]
|upkeep
|
|t:|1769407562
|switch|p2a: Iron Moth|Iron Moth|100/100
|-enditem|p2a: Iron Moth|Booster Energy
|-activate|p2a: Iron Moth|ability: Quark Drive|[fromitem]
|-start|p2a: Iron Moth|quarkdrivespe
|turn|10
|
|t:|1769407589
|switch|p1a: Alomomola|Alomomola, M|100/100
|move|p2a: Iron Moth|Fiery Dance|p1a: Alomomola
|-resisted|p1a: Alomomola
|-damage|p1a: Alomomola|83/100
|-boost|p2a: Iron Moth|spa|1
|
|-weather|SunnyDay|[upkeep]
|upkeep
|turn|11
|
|t:|1769407595
|move|p2a: Iron Moth|Sludge Wave|p1a: Alomomola
|-damage|p1a: Alomomola|46/100
|move|p1a: Alomomola|Mirror Coat|p2a: Iron Moth
|-damage|p2a: Iron Moth|0 fnt
|faint|p2a: Iron Moth
|-end|p2a: Iron Moth|Quark Drive|[silent]
|
|-weather|SunnyDay|[upkeep]
|upkeep
|
|t:|1769407602
|switch|p2a: Walking Wake|Walking Wake|100/100
|-activate|p2a: Walking Wake|ability: Protosynthesis
|-start|p2a: Walking Wake|protosynthesisspe
|turn|12
|
|t:|1769407608
|move|p2a: Walking Wake|Hydro Steam|p1a: Alomomola
|-resisted|p1a: Alomomola
|-damage|p1a: Alomomola|21/100
|move|p1a: Alomomola|Flip Turn|p2a: Walking Wake
|-resisted|p2a: Walking Wake
|-damage|p2a: Walking Wake|98/100
|
|t:|1769407616
|switch|p1a: Kleavor|Kleavor, F|25/100 brn|[from] Flip Turn
|
|-weather|SunnyDay|[upkeep]
|-damage|p1a: Kleavor|19/100 brn|[from] brn
|upkeep
|turn|13
|
|t:|1769407619
|move|p2a: Walking Wake|Hydro Steam|p1a: Kleavor
|-supereffective|p1a: Kleavor
|-damage|p1a: Kleavor|0 fnt
|faint|p1a: Kleavor
|
|-weather|SunnyDay|[upkeep]
|upkeep
|
|t:|1769407621
|switch|p1a: Alomomola|Alomomola, M|54/100
|turn|14
|
|t:|1769407625
|-end|p2a: Walking Wake|Protosynthesis|[silent]
|switch|p2a: Kingambit|Kingambit, F|100/100
|-activate|p2a: Kingambit|ability: Supreme Overlord
|-start|p2a: Kingambit|fallen4|[silent]
|move|p1a: Alomomola|Mirror Coat||[still]
|-fail|p1a: Alomomola
|
|-weather|SunnyDay|[upkeep]
|upkeep
|turn|15
|
|t:|1769407627
|-end|p2a: Kingambit|fallen4|[silent]
|switch|p2a: Walking Wake|Walking Wake|98/100
|-activate|p2a: Walking Wake|ability: Protosynthesis
|-start|p2a: Walking Wake|protosynthesisspe
|move|p1a: Alomomola|Flip Turn|p2a: Walking Wake
|-resisted|p2a: Walking Wake
|-damage|p2a: Walking Wake|96/100
|
|t:|1769407631
|switch|p1a: Dragapult|Dragapult, M|100/100|[from] Flip Turn
|
|-weather|SunnyDay|[upkeep]
|upkeep
|turn|16
|
|t:|1769407635
|switch|p1a: Alomomola|Alomomola, M|87/100
|move|p2a: Walking Wake|Draco Meteor|p1a: Alomomola
|-damage|p1a: Alomomola|32/100
|-unboost|p2a: Walking Wake|spa|2
|
|-weather|none
|-end|p2a: Walking Wake|Protosynthesis
|upkeep
|turn|17
|
|t:|1769407645
|move|p2a: Walking Wake|Draco Meteor|p1a: Alomomola
|-damage|p1a: Alomomola|3/100
|-unboost|p2a: Walking Wake|spa|2
|move|p1a: Alomomola|Flip Turn|p2a: Walking Wake
|-resisted|p2a: Walking Wake
|-damage|p2a: Walking Wake|92/100
|
|t:|1769407648
|switch|p1a: Dragapult|Dragapult, M|100/100|[from] Flip Turn
|
|upkeep
|turn|18
|
|t:|1769407653
|-end|p2a: Walking Wake|Protosynthesis|[silent]
|switch|p2a: Kingambit|Kingambit, F|100/100
|-activate|p2a: Kingambit|ability: Supreme Overlord
|-start|p2a: Kingambit|fallen4|[silent]
|move|p1a: Dragapult|U-turn|p2a: Kingambit
|-damage|p2a: Kingambit|87/100
|
|t:|1769407657
|switch|p1a: Scyther|Scyther, F|100/100|[from] U-turn
|
|-heal|p2a: Kingambit|93/100|[from] item: Leftovers
|upkeep
|turn|19
|
|t:|1769407664
|-end|p2a: Kingambit|fallen4|[silent]
|switch|p2a: Walking Wake|Walking Wake|92/100
|move|p1a: Scyther|Close Combat|p2a: Walking Wake
|-damage|p2a: Walking Wake|34/100
|-unboost|p1a: Scyther|def|1
|-unboost|p1a: Scyther|spd|1
|
|upkeep
|turn|20
|
|t:|1769407671
|switch|p1a: Dragapult|Dragapult, M|100/100
|move|p2a: Walking Wake|Draco Meteor|p1a: Dragapult
|-supereffective|p1a: Dragapult
|-damage|p1a: Dragapult|0 fnt
|-unboost|p2a: Walking Wake|spa|2
|faint|p1a: Dragapult
|
|upkeep
|
|t:|1769407679
|switch|p1a: Alomomola|Alomomola, M|36/100
|turn|21
|
|t:|1769407681
|move|p2a: Walking Wake|Draco Meteor|p1a: Alomomola
|-damage|p1a: Alomomola|8/100
|-unboost|p2a: Walking Wake|spa|2
|move|p1a: Alomomola|Flip Turn|p2a: Walking Wake
|-resisted|p2a: Walking Wake
|-damage|p2a: Walking Wake|29/100
|
|t:|1769407687
|switch|p1a: Scizor|Scizor, F|100/100|[from] Flip Turn
|
|upkeep
|turn|22
|
|t:|1769407691
|move|p2a: Walking Wake|Draco Meteor|p1a: Scizor
|-resisted|p1a: Scizor
|-damage|p1a: Scizor|82/100
|-unboost|p2a: Walking Wake|spa|2
|move|p1a: Scizor|U-turn|p2a: Walking Wake
|-damage|p2a: Walking Wake|0 fnt
|faint|p2a: Walking Wake
|-end|p2a: Walking Wake|Protosynthesis|[silent]
|
|t:|1769407694
|switch|p1a: Scyther|Scyther, F|100/100|[from] U-turn
|
|upkeep
|
|t:|1769407698
|switch|p2a: Kingambit|Kingambit, F|93/100
|-activate|p2a: Kingambit|ability: Supreme Overlord
|-start|p2a: Kingambit|fallen5|[silent]
|turn|23
|
|t:|1769407712
|-terastallize|p2a: Kingambit|Ghost
|move|p1a: Scyther|Close Combat|p2a: Kingambit
|-immune|p2a: Kingambit
|move|p2a: Kingambit|Swords Dance|p2a: Kingambit
|-boost|p2a: Kingambit|atk|2
|
|-heal|p2a: Kingambit|99/100|[from] item: Leftovers
|upkeep
|turn|24
|
|t:|1769407718
|switch|p1a: Alomomola|Alomomola, M|41/100
|move|p2a: Kingambit|Kowtow Cleave|p1a: Alomomola
|-damage|p1a: Alomomola|0 fnt
|faint|p1a: Alomomola
|
|-heal|p2a: Kingambit|100/100|[from] item: Leftovers
|upkeep
|
|t:|1769407730
|switch|p1a: Scizor|Scizor, F|82/100
|turn|25
|
|t:|1769407736
|move|p1a: Scizor|Knock Off|p2a: Kingambit
|-supereffective|p2a: Kingambit
|-damage|p2a: Kingambit|41/100
|-enditem|p2a: Kingambit|Leftovers|[from] move: Knock Off|[of] p1a: Scizor
|move|p2a: Kingambit|Kowtow Cleave|p1a: Scizor
|-damage|p1a: Scizor|0 fnt
|faint|p1a: Scizor
|
|upkeep
|
|t:|1769407739
|switch|p1a: Scyther|Scyther, F|100/100
|turn|26
|
|t:|1769407743
|move|p1a: Scyther|Thief|p2a: Kingambit
|-supereffective|p2a: Kingambit
|-crit|p2a: Kingambit
|-damage|p2a: Kingambit|0 fnt
|faint|p2a: Kingambit
|-end|p2a: Kingambit|fallen5|[silent]
|
|win|nimjaisugly
|raw|nimjaisugly's rating: 1548 &rarr; <strong>1569</strong><br />(+21 for winning)
|raw|LifeIsLifeSlop's rating: 1558 &rarr; <strong>1537</strong><br />(-21 for losing)
|l|☆LifeIsLifeSlop
|player|p2|
|l|☆nimjaisugly
|player|p1|
