|j|☆TheStrok
|j|☆ikun ngm
|t:|1769390773
|gametype|singles
|player|p1|TheStrok|janitor|1286
|player|p2|ikun ngm|swimmer-gen4|1221
|gen|9
|tier|[Gen 9] OU
|rated|
|rule|HP Percentage Mod: HP is shown in percentages
|rule|Endless Battle Clause: Forcing endless battles is banned
|rule|Species Clause: Limit one of each Pokémon
|rule|OHKO Clause: OHKO moves are banned
|rule|Evasion Items Clause: Evasion items are banned
|rule|Evasion Moves Clause: Evasion moves are banned
|rule|Evasion Abilities Clause: Evasion abilities are banned
|rule|Sleep Moves Clause: Sleep-inducing moves are banned
|clearpoke
|poke|p1|Okidogi, M|
|poke|p1|Mew|
|poke|p1|Darkrai|
|poke|p1|Rillaboom, F|
|poke|p1|Blaziken, M|
|poke|p1|Gliscor, F|
|poke|p2|Brambleghast, F|
|poke|p2|Whimsicott, M|
|poke|p2|Alomomola, F|
|poke|p2|Kleavor, M|
|poke|p2|Dragonite, F|
|poke|p2|Kyurem|
|teampreview
|j| swag havers united
|j| imbleach
|j| cletus van damm
|
|t:|1769390797
|teamsize|p1|6
|teamsize|p2|6
|start
|switch|p1a: I need you.|Okidogi, M|100/100
|switch|p2a: Kleavor|Kleavor, M|100/100
|turn|1
|
|t:|1769390802
|move|p2a: Kleavor|Aerial Ace|p1a: I need you.
|-supereffective|p1a: I need you.
|-damage|p1a: I need you.|50/100
|move|p1a: I need you.|Knock Off|p2a: Kleavor
|-damage|p2a: Kleavor|51/100
|-enditem|p2a: Kleavor|Focus Sash|[from] move: Knock Off|[of] p1a: I need you.
|
|upkeep
|turn|2
|
|t:|1769390814
|switch|p1a: Noobscor|Gliscor, F|100/100
|move|p2a: Kleavor|Tailwind|p2a: Kleavor
|-sidestart|p2: ikun ngm|move: Tailwind
|
|-status|p1a: Noobscor|tox|[from] item: Toxic Orb
|upkeep
|turn|3
|
|t:|1769390845
|move|p2a: Kleavor|Stone Axe|p1a: Noobscor|[miss]
|-miss|p2a: Kleavor|p1a: Noobscor
|move|p1a: Noobscor|Swords Dance|p1a: Noobscor
|-boost|p1a: Noobscor|atk|2
|
|upkeep
|turn|4
|
|t:|1769390853
|move|p2a: Kleavor|Stone Axe|p1a: Noobscor
|-damage|p1a: Noobscor|62/100 tox
|-sidestart|p1: TheStrok|move: Stealth Rock
|move|p1a: Noobscor|Swords Dance|p1a: Noobscor
|-boost|p1a: Noobscor|atk|2
|
|-heal|p1a: Noobscor|74/100 tox|[from] ability: Poison Heal
|upkeep
|turn|5
|
|t:|1769390863
|switch|p2a: Alomomola|Alomomola, F|100/100
|move|p1a: Noobscor|Protect||[still]
|-fail|p1a: Noobscor
|
|-heal|p1a: Noobscor|87/100 tox|[from] ability: Poison Heal
|-sideend|p2: ikun ngm|move: Tailwind
|upkeep
|turn|6
|
|t:|1769390869
|move|p1a: Noobscor|Knock Off|p2a: Alomomola
|-damage|p2a: Alomomola|62/100
|-damage|p1a: Noobscor|70/100 tox|[from] item: Rocky Helmet|[of] p2a: Alomomola
|-enditem|p2a: Alomomola|Rocky Helmet|[from] move: Knock Off|[of] p1a: Noobscor
|move|p2a: Alomomola|Flip Turn|p1a: Noobscor
|-supereffective|p1a: Noobscor
|-damage|p1a: Noobscor|43/100 tox
|
|t:|1769390885
|switch|p2a: Whimsicott|Whimsicott, M|100/100|[from] Flip Turn
|
|-heal|p1a: Noobscor|56/100 tox|[from] ability: Poison Heal
|upkeep
|turn|7
|
|t:|1769390888
|move|p1a: Noobscor|Protect|p1a: Noobscor
|-singleturn|p1a: Noobscor|Protect
|move|p2a: Whimsicott|Tailwind|p2a: Whimsicott
|-sidestart|p2: ikun ngm|move: Tailwind
|
|-heal|p1a: Noobscor|68/100 tox|[from] ability: Poison Heal
|upkeep
|turn|8
|
|t:|1769390901
|move|p2a: Whimsicott|Encore|p1a: Noobscor
|-start|p1a: Noobscor|Encore
|move|p1a: Noobscor|Protect||[still]
|-fail|p1a: Noobscor
|
|-heal|p1a: Noobscor|81/100 tox|[from] ability: Poison Heal
|upkeep
|turn|9
|
|t:|1769390908
|switch|p2a: Kyurem|Kyurem|100/100
|-ability|p2a: Kyurem|Pressure
|move|p1a: Noobscor|Protect||[still]
|-fail|p1a: Noobscor
|
|-heal|p1a: Noobscor|93/100 tox|[from] ability: Poison Heal
|upkeep
|turn|10
|
|t:|1769390915
|move|p1a: Noobscor|Protect|p1a: Noobscor
|-singleturn|p1a: Noobscor|Protect
|move|p2a: Kyurem|Substitute|p2a: Kyurem
|-start|p2a: Kyurem|Substitute
|-damage|p2a: Kyurem|76/100
|
|-heal|p2a: Kyurem|82/100|[from] item: Leftovers
|-heal|p1a: Noobscor|100/100 tox|[from] ability: Poison Heal
|-end|p1a: Noobscor|Encore
|-sideend|p2: ikun ngm|move: Tailwind
|upkeep
|turn|11
|
|t:|1769390923
|-terastallize|p1a: Noobscor|Normal
|move|p2a: Kyurem|Protect|p2a: Kyurem
|-singleturn|p2a: Kyurem|Protect
|move|p1a: Noobscor|Facade|p2a: Kyurem
|-activate|p2a: Kyurem|move: Protect
|
|-heal|p2a: Kyurem|88/100|[from] item: Leftovers
|upkeep
|turn|12
|
|t:|1769390934
|move|p2a: Kyurem|Freeze-Dry|p1a: Noobscor
|-damage|p1a: Noobscor|67/100 tox
|move|p1a: Noobscor|Facade|p2a: Kyurem
|-end|p2a: Kyurem|Substitute
|
|-heal|p2a: Kyurem|94/100|[from] item: Leftovers
|-heal|p1a: Noobscor|79/100 tox|[from] ability: Poison Heal
|upkeep
|turn|13
|
|t:|1769390940
|switch|p2a: Alomomola|Alomomola, F|96/100
|move|p1a: Noobscor|Facade|p2a: Alomomola
|-damage|p2a: Alomomola|15/100
|
|-heal|p1a: Noobscor|92/100 tox|[from] ability: Poison Heal
|upkeep
|turn|14
|
|t:|1769390947
|move|p1a: Noobscor|Knock Off|p2a: Alomomola
|-damage|p2a: Alomomola|0 fnt
|faint|p2a: Alomomola
|
|-heal|p1a: Noobscor|100/100 tox|[from] ability: Poison Heal
|upkeep
|
|t:|1769390950
|switch|p2a: Kleavor|Kleavor, M|51/100
|turn|15
|
|t:|1769390958
|move|p2a: Kleavor|Tailwind|p2a: Kleavor
|-sidestart|p2: ikun ngm|move: Tailwind
|move|p1a: Noobscor|Facade|p2a: Kleavor
|-resisted|p2a: Kleavor
|-damage|p2a: Kleavor|0 fnt
|faint|p2a: Kleavor
|
|upkeep
|
|t:|1769390970
|switch|p2a: Brambleghast|Brambleghast, F|100/100
|-ability|p2a: Brambleghast|Wind Rider|boost
|-boost|p2a: Brambleghast|atk|1
|turn|16
|
|t:|1769390975
|move|p1a: Noobscor|Protect|p1a: Noobscor
|-singleturn|p1a: Noobscor|Protect
|move|p2a: Brambleghast|Seed Bomb|p1a: Noobscor
|-activate|p1a: Noobscor|move: Protect
|
|upkeep
|turn|17
|
|t:|1769390980
|move|p2a: Brambleghast|Seed Bomb|p1a: Noobscor
|-damage|p1a: Noobscor|40/100 tox
|-damage|p2a: Brambleghast|91/100|[from] item: Life Orb
|move|p1a: Noobscor|Knock Off|p2a: Brambleghast
|-supereffective|p2a: Brambleghast
|-damage|p2a: Brambleghast|0 fnt
|-enditem|p2a: Brambleghast|Life Orb|[from] move: Knock Off|[of] p1a: Noobscor
|faint|p2a: Brambleghast
|
|-heal|p1a: Noobscor|52/100 tox|[from] ability: Poison Heal
|upkeep
|
|t:|1769390987
|switch|p2a: Dragonite|Dragonite, F|100/100
|turn|18
|
|t:|1769390992
|move|p2a: Dragonite|Dragon Dance|p2a: Dragonite
|-boost|p2a: Dragonite|atk|1
|-boost|p2a: Dragonite|spe|1
|move|p1a: Noobscor|Knock Off|p2a: Dragonite
|-damage|p2a: Dragonite|67/100
|-enditem|p2a: Dragonite|Leftovers|[from] move: Knock Off|[of] p1a: Noobscor
|
|-heal|p1a: Noobscor|65/100 tox|[from] ability: Poison Heal
|-sideend|p2: ikun ngm|move: Tailwind
|upkeep
|turn|19
|
|t:|1769390999
|-terastallize|p2a: Dragonite|Flying
|move|p1a: Noobscor|Protect|p1a: Noobscor
|-singleturn|p1a: Noobscor|Protect
|move|p2a: Dragonite|Tera Blast|p1a: Noobscor|[anim] Tera Blast Flying
|-activate|p1a: Noobscor|move: Protect
|
|-heal|p1a: Noobscor|77/100 tox|[from] ability: Poison Heal
|upkeep
|turn|20
|
|t:|1769391009
|move|p2a: Dragonite|Roost|p2a: Dragonite
|-heal|p2a: Dragonite|100/100
|-hint|If a Terastallized Pokemon uses Roost, it remains Flying-type.
|move|p1a: Noobscor|Facade|p2a: Dragonite
|-damage|p2a: Dragonite|28/100
|
|-heal|p1a: Noobscor|90/100 tox|[from] ability: Poison Heal
|upkeep
|turn|21
|inactive|Battle timer is ON: inactive players will automatically lose when time's up. (requested by TheStrok)
|
|t:|1769391016
|move|p2a: Dragonite|Tera Blast|p1a: Noobscor|[anim] Tera Blast Flying
|-damage|p1a: Noobscor|23/100 tox
|move|p1a: Noobscor|Facade|p2a: Dragonite
|-damage|p2a: Dragonite|0 fnt
|faint|p2a: Dragonite
|
|-heal|p1a: Noobscor|36/100 tox|[from] ability: Poison Heal
|upkeep
|
|t:|1769391020
|switch|p2a: Kyurem|Kyurem|94/100
|-ability|p2a: Kyurem|Pressure
|turn|22
|
|t:|1769391028
|move|p2a: Kyurem|Freeze-Dry|p1a: Noobscor
|-damage|p1a: Noobscor|2/100 tox
|move|p1a: Noobscor|Facade|p2a: Kyurem
|-damage|p2a: Kyurem|0 fnt
|faint|p2a: Kyurem
|
|-heal|p1a: Noobscor|15/100 tox|[from] ability: Poison Heal
|upkeep
|-message|ikun ngm forfeited.
|
|win|TheStrok
|raw|TheStrok's rating: 1286 &rarr; <strong>1306</strong><br />(+20 for winning)
|raw|ikun ngm's rating: 1221 &rarr; <strong>1201</strong><br />(-20 for losing)
|l|☆ikun ngm
|player|p2|
