|j|☆Amomolola
|j|☆velcrostuck
|t:|1769435850
|gametype|singles
|player|p1|Amomolola|pokefanf-gen2|1337
|player|p2|velcrostuck|marlon|1346
|gen|9
|tier|[Gen 9] OU
|rated|
|rule|HP Percentage Mod: HP is shown in percentages
|rule|Endless Battle Clause: Forcing endless battles is banned
|rule|Species Clause: Limit one of each Pokémon
|rule|OHKO Clause: OHKO moves are banned
|rule|Evasion Items Clause: Evasion items are banned
|rule|Evasion Moves Clause: Evasion moves are banned
|rule|Evasion Abilities Clause: Evasion abilities are banned
|rule|Sleep Moves Clause: Sleep-inducing moves are banned
|clearpoke
|poke|p1|Golem-Alola, F|
|poke|p1|Carbink, L1|
|poke|p1|Minior|
|poke|p1|Arcanine-Hisui, M|
|poke|p1|Rampardos, M|
|poke|p1|Diancie|
|poke|p2|Lokix, F|
|poke|p2|Pecharunt|
|poke|p2|Ting-Lu|
|poke|p2|Latios, M|
|poke|p2|Gliscor, F|
|poke|p2|Iron Moth|
|teampreview
|inactive|Battle timer is ON: inactive players will automatically lose when time's up. (requested by velcrostuck)
|inactive|Amomolola also wants the timer to be on.
|
|t:|1769435863
|teamsize|p1|6
|teamsize|p2|6
|start
|switch|p1a: Carbink|Carbink, L1|100/100
|switch|p2a: Iron Moth|Iron Moth|100/100
|-enditem|p2a: Iron Moth|Booster Energy
|-activate|p2a: Iron Moth|ability: Quark Drive|[fromitem]
|-start|p2a: Iron Moth|quarkdrivespa
|turn|1
|
|t:|1769435871
|move|p2a: Iron Moth|Toxic Spikes|p1a: Carbink
|-sidestart|p1: Amomolola|move: Toxic Spikes
|move|p1a: Carbink|Trick Room|p1a: Carbink
|-fieldstart|move: Trick Room|[of] p1a: Carbink
|
|upkeep
|turn|2
|
|t:|1769435876
|move|p1a: Carbink|Stealth Rock|p2a: Iron Moth
|-sidestart|p2: velcrostuck|move: Stealth Rock
|move|p2a: Iron Moth|Toxic Spikes|p1a: Carbink
|-sidestart|p1: Amomolola|move: Toxic Spikes
|
|upkeep
|turn|3
|
|t:|1769435881
|move|p1a: Carbink|Endeavor|p2a: Iron Moth
|-damage|p2a: Iron Moth|4/100
|move|p2a: Iron Moth|Sludge Wave|p1a: Carbink
|-ability|p1a: Carbink|Sturdy
|-damage|p1a: Carbink|9/100
|
|upkeep
|turn|4
|-enditem|p1a: Carbink|Custap Berry|[eat]
|-activate|p1a: Carbink|item: Custap Berry|[consumed]
|
|t:|1769435889
|move|p1a: Carbink|Misty Explosion|p2a: Iron Moth
|-resisted|p2a: Iron Moth
|-damage|p2a: Iron Moth|4/100
|faint|p1a: Carbink
|move|p2a: Iron Moth|Fiery Dance|p1: Carbink|[notarget]
|-fail|p2a: Iron Moth
|
|upkeep
|
|t:|1769435904
|switch|p1a: Rampardos|Rampardos, M|100/100
|-status|p1a: Rampardos|tox
|turn|5
|
|t:|1769435911
|move|p1a: Rampardos|Hammer Arm|p2a: Iron Moth
|-resisted|p2a: Iron Moth
|-damage|p2a: Iron Moth|0 fnt
|-unboost|p1a: Rampardos|spe|1
|faint|p2a: Iron Moth
|-end|p2a: Iron Moth|Quark Drive|[silent]
|
|-damage|p1a: Rampardos|94/100 tox|[from] psn
|-fieldend|move: Trick Room
|upkeep
|
|t:|1769435918
|switch|p2a: Gliscor|Gliscor, F|100/100
|-damage|p2a: Gliscor|88/100|[from] Stealth Rock
|turn|6
|
|t:|1769435927
|switch|p1a: Minior|Minior|100/100
|-formechange|p1a: Minior|Minior-Meteor||[from] ability: Shields Down
|move|p2a: Gliscor|Spikes|p1a: Minior
|-sidestart|p1: Amomolola|Spikes
|
|-status|p2a: Gliscor|tox|[from] item: Toxic Orb
|upkeep
|turn|7
|
|t:|1769435936
|move|p2a: Gliscor|Knock Off|p1a: Minior
|-crit|p1a: Minior
|-damage|p1a: Minior|66/100
|-enditem|p1a: Minior|White Herb|[from] move: Knock Off|[of] p2a: Gliscor
|move|p1a: Minior|Shell Smash|p1a: Minior
|-unboost|p1a: Minior|def|1
|-unboost|p1a: Minior|spd|1
|-boost|p1a: Minior|atk|2
|-boost|p1a: Minior|spa|2
|-boost|p1a: Minior|spe|2
|
|-heal|p2a: Gliscor|100/100 tox|[from] ability: Poison Heal
|upkeep
|turn|8
|
|t:|1769435951
|move|p1a: Minior|Shell Smash|p1a: Minior
|-unboost|p1a: Minior|def|1
|-unboost|p1a: Minior|spd|1
|-boost|p1a: Minior|atk|2
|-boost|p1a: Minior|spa|2
|-boost|p1a: Minior|spe|2
|move|p2a: Gliscor|Spikes|p1a: Minior
|-sidestart|p1: Amomolola|Spikes
|
|upkeep
|turn|9
|
|t:|1769435959
|move|p1a: Minior|Acrobatics|p2a: Gliscor
|-damage|p2a: Gliscor|11/100 tox
|move|p2a: Gliscor|Knock Off|p1a: Minior
|-damage|p1a: Minior|38/100
|
|-heal|p2a: Gliscor|23/100 tox|[from] ability: Poison Heal
|-formechange|p1a: Minior|Minior||[from] ability: Shields Down
|upkeep
|turn|10
|
|t:|1769435969
|move|p2a: Gliscor|Protect|p2a: Gliscor
|-singleturn|p2a: Gliscor|Protect
|move|p1a: Minior|Acrobatics|p2a: Gliscor
|-activate|p2a: Gliscor|move: Protect
|
|-heal|p2a: Gliscor|36/100 tox|[from] ability: Poison Heal
|upkeep
|turn|11
|
|t:|1769435977
|move|p1a: Minior|Acrobatics|p2a: Gliscor
|-damage|p2a: Gliscor|0 fnt
|faint|p2a: Gliscor
|
|upkeep
|
|t:|1769435982
|switch|p2a: Lokix|Lokix, F|100/100
|turn|12
|
|t:|1769435989
|switch|p1a: Diancie|Diancie|100/100
|-item|p1a: Diancie|Air Balloon
|move|p2a: Lokix|First Impression|p1a: Diancie
|-resisted|p1a: Diancie
|-damage|p1a: Diancie|66/100
|-enditem|p1a: Diancie|Air Balloon
|
|upkeep
|turn|13
|
|t:|1769435999
|move|p2a: Lokix|U-turn|p1a: Diancie
|-resisted|p1a: Diancie
|-crit|p1a: Diancie
|-damage|p1a: Diancie|28/100
|
|t:|1769436003
|switch|p2a: Ting-Lu|Ting-Lu|100/100|[from] U-turn
|-damage|p2a: Ting-Lu|94/100|[from] Stealth Rock
|-ability|p2a: Ting-Lu|Vessel of Ruin
|move|p1a: Diancie|Trick Room|p1a: Diancie
|-fieldstart|move: Trick Room|[of] p1a: Diancie
|
|-heal|p2a: Ting-Lu|100/100|[from] item: Leftovers
|upkeep
|turn|14
|
|t:|1769436013
|move|p1a: Diancie|Misty Explosion|p2a: Ting-Lu
|-supereffective|p2a: Ting-Lu
|-damage|p2a: Ting-Lu|62/100
|faint|p1a: Diancie
|move|p2a: Ting-Lu|Stealth Rock|p1: Diancie
|-sidestart|p1: Amomolola|move: Stealth Rock
|
|-heal|p2a: Ting-Lu|68/100|[from] item: Leftovers
|upkeep
|
|t:|1769436025
|switch|p1a: Rampardos|Rampardos, M|94/100 tox
|-damage|p1a: Rampardos|78/100 tox|[from] Spikes
|-damage|p1a: Rampardos|66/100 tox|[from] Stealth Rock
|turn|15
|
|t:|1769436032
|move|p1a: Rampardos|Hammer Arm|p2a: Ting-Lu
|-supereffective|p2a: Ting-Lu
|-damage|p2a: Ting-Lu|0 fnt
|-unboost|p1a: Rampardos|spe|1
|faint|p2a: Ting-Lu
|
|-damage|p1a: Rampardos|60/100 tox|[from] psn
|upkeep
|
|t:|1769436040
|switch|p2a: Pecharunt|Pecharunt|100/100
|turn|16
|
|t:|1769436051
|switch|p1a: Arcanine|Arcanine-Hisui, M|100/100
|-status|p1a: Arcanine|tox
|-damage|p1a: Arcanine|84/100 tox|[from] Spikes
|-damage|p1a: Arcanine|59/100 tox|[from] Stealth Rock
|move|p2a: Pecharunt|Foul Play|p1a: Arcanine
|-damage|p1a: Arcanine|23/100 tox
|-enditem|p1a: Arcanine|Salac Berry|[eat]
|-boost|p1a: Arcanine|spe|1|[from] item: Salac Berry
|
|-damage|p1a: Arcanine|16/100 tox|[from] psn
|upkeep
|turn|17
|
|t:|1769436065
|move|p2a: Pecharunt|Foul Play|p1a: Arcanine
|-damage|p1a: Arcanine|0 fnt
|faint|p1a: Arcanine
|
|-fieldend|move: Trick Room
|upkeep
|
|t:|1769436071
|switch|p1a: Golem|Golem-Alola, F|100/100
|-status|p1a: Golem|tox
|-damage|p1a: Golem|84/100 tox|[from] Spikes
|-damage|p1a: Golem|72/100 tox|[from] Stealth Rock
|turn|18
|
|t:|1769436078
|move|p2a: Pecharunt|Shadow Ball|p1a: Golem
|-damage|p1a: Golem|38/100 tox
|move|p1a: Golem|Earthquake|p2a: Pecharunt
|-supereffective|p2a: Pecharunt
|-damage|p2a: Pecharunt|64/100
|
|-damage|p1a: Golem|32/100 tox|[from] psn
|upkeep
|turn|19
|
|t:|1769436088
|move|p2a: Pecharunt|Shadow Ball|p1a: Golem
|-damage|p1a: Golem|0 fnt
|faint|p1a: Golem
|
|upkeep
|-message|Amomolola forfeited.
|
|win|velcrostuck
|raw|Amomolola's rating: 1337 &rarr; <strong>1318</strong><br />(-19 for losing)
|raw|velcrostuck's rating: 1346 &rarr; <strong>1365</strong><br />(+19 for winning)
|l|☆Amomolola
|player|p1|
|l|☆velcrostuck
|player|p2|
