|j|☆Skybaba40
|j|☆ChefBargon
|t:|1769324674
|gametype|singles
|player|p1|Skybaba40|cynthia|1127
|player|p2|ChefBargon|170|1103
|gen|9
|tier|[Gen 9] OU
|rated|
|rule|HP Percentage Mod: HP is shown in percentages
|rule|Endless Battle Clause: Forcing endless battles is banned
|rule|Species Clause: Limit one of each Pokémon
|rule|OHKO Clause: OHKO moves are banned
|rule|Evasion Items Clause: Evasion items are banned
|rule|Evasion Moves Clause: Evasion moves are banned
|rule|Evasion Abilities Clause: Evasion abilities are banned
|rule|Sleep Moves Clause: Sleep-inducing moves are banned
|clearpoke
|poke|p1|Drednaw, F|
|poke|p1|Pelipper, M|
|poke|p1|Indeedee, M|
|poke|p1|Hatterene, F|
|poke|p1|Barraskewda, M|
|poke|p1|Samurott-Hisui, M|
|poke|p2|Grimmsnarl, M|
|poke|p2|Deoxys-Speed|
|poke|p2|Iron Treads|
|poke|p2|Raging Bolt|
|poke|p2|Ogerpon-Wellspring, F|
|poke|p2|Ceruledge, F|
|teampreview
|
|t:|1769324679
|teamsize|p1|6
|teamsize|p2|6
|start
|switch|p1a: Samurott|Samurott-Hisui, M|100/100
|switch|p2a: Deoxys|Deoxys-Speed|100/100
|-ability|p2a: Deoxys|Pressure
|turn|1
|inactive|Battle timer is ON: inactive players will automatically lose when time's up. (requested by Skybaba40)
|
|t:|1769324707
|move|p2a: Deoxys|Taunt|p1a: Samurott
|-start|p1a: Samurott|move: Taunt
|move|p1a: Samurott|Ceaseless Edge|p2a: Deoxys
|-supereffective|p2a: Deoxys
|-enditem|p2a: Deoxys|Focus Sash
|-damage|p2a: Deoxys|1/100
|-sidestart|p2: ChefBargon|Spikes
|
|upkeep
|turn|2
|
|t:|1769324718
|move|p2a: Deoxys|Stealth Rock|p1a: Samurott
|-sidestart|p1: Skybaba40|move: Stealth Rock
|move|p1a: Samurott|Ceaseless Edge|p2a: Deoxys
|-supereffective|p2a: Deoxys
|-damage|p2a: Deoxys|0 fnt
|-sidestart|p2: ChefBargon|Spikes
|faint|p2a: Deoxys
|
|upkeep
|
|t:|1769324725
|switch|p2a: Ogerpon|Ogerpon-Wellspring, F|100/100
|-damage|p2a: Ogerpon|84/100|[from] Spikes
|turn|3
|
|t:|1769324731
|-terastallize|p2a: Ogerpon|Water
|detailschange|p2a: Ogerpon|Ogerpon-Wellspring-Tera, F, tera:Water
|-ability|p2a: Ogerpon|Embody Aspect (Wellspring)|boost
|-boost|p2a: Ogerpon|spd|1
|move|p2a: Ogerpon|Horn Leech|p1a: Samurott
|-supereffective|p1a: Samurott
|-enditem|p1a: Samurott|Focus Sash
|-damage|p1a: Samurott|1/100
|-heal|p2a: Ogerpon|100/100|[from] drain|[of] p1a: Samurott
|move|p1a: Samurott|Ceaseless Edge|p2a: Ogerpon
|-damage|p2a: Ogerpon|37/100
|-sidestart|p2: ChefBargon|Spikes
|
|-end|p1a: Samurott|move: Taunt
|upkeep
|turn|4
|
|t:|1769324754
|move|p2a: Ogerpon|Horn Leech|p1a: Samurott
|-supereffective|p1a: Samurott
|-damage|p1a: Samurott|0 fnt
|-heal|p2a: Ogerpon|38/100|[from] drain|[of] p1a: Samurott
|faint|p1a: Samurott
|
|upkeep
|
|t:|1769324767
|switch|p1a: Drednaw|Drednaw, F|100/100
|-damage|p1a: Drednaw|88/100|[from] Stealth Rock
|turn|5
|
|t:|1769324774
|-terastallize|p1a: Drednaw|Dark
|move|p2a: Ogerpon|Horn Leech|p1a: Drednaw
|-damage|p1a: Drednaw|39/100
|-heal|p2a: Ogerpon|64/100|[from] drain|[of] p1a: Drednaw
|move|p1a: Drednaw|Shell Smash|p1a: Drednaw
|-unboost|p1a: Drednaw|def|1
|-unboost|p1a: Drednaw|spd|1
|-boost|p1a: Drednaw|atk|2
|-boost|p1a: Drednaw|spa|2
|-boost|p1a: Drednaw|spe|2
|-enditem|p1a: Drednaw|White Herb
|-clearnegativeboost|p1a: Drednaw|[silent]
|
|upkeep
|turn|6
|
|t:|1769324788
|move|p1a: Drednaw|Crunch|p2a: Ogerpon
|-damage|p2a: Ogerpon|0 fnt
|faint|p2a: Ogerpon
|detailschange|p2: Ogerpon|Ogerpon-Wellspring, F|[silent]
|
|upkeep
|
|t:|1769324795
|switch|p2a: Iron Treads|Iron Treads|100/100
|-damage|p2a: Iron Treads|76/100|[from] Spikes
|-enditem|p2a: Iron Treads|Booster Energy
|-activate|p2a: Iron Treads|ability: Quark Drive|[fromitem]
|-start|p2a: Iron Treads|quarkdrivespe
|turn|7
|
|t:|1769324802
|move|p2a: Iron Treads|Rapid Spin|p1a: Drednaw
|-damage|p1a: Drednaw|21/100
|-boost|p2a: Iron Treads|spe|1
|-sideend|p2: ChefBargon|Spikes|[from] move: Rapid Spin|[of] p2a: Iron Treads
|move|p1a: Drednaw|Liquidation|p2a: Iron Treads
|-supereffective|p2a: Iron Treads
|-damage|p2a: Iron Treads|0 fnt
|faint|p2a: Iron Treads
|-end|p2a: Iron Treads|Quark Drive|[silent]
|
|upkeep
|
|t:|1769324809
|switch|p2a: Raging Bolt|Raging Bolt|100/100
|turn|8
|inactive|Skybaba40 has 120 seconds left.
|
|t:|1769324848
|move|p2a: Raging Bolt|Thunderclap|p1a: Drednaw
|-damage|p1a: Drednaw|0 fnt
|faint|p1a: Drednaw
|
|upkeep
|
|t:|1769324862
|switch|p1a: Pelipper|Pelipper, M|100/100
|-damage|p1a: Pelipper|76/100|[from] Stealth Rock
|-weather|RainDance|[from] ability: Drizzle|[of] p1a: Pelipper
|turn|9
|
|t:|1769324870
|move|p2a: Raging Bolt|Calm Mind|p2a: Raging Bolt
|-boost|p2a: Raging Bolt|spa|1
|-boost|p2a: Raging Bolt|spd|1
|move|p1a: Pelipper|U-turn|p2a: Raging Bolt
|-damage|p2a: Raging Bolt|93/100
|
|t:|1769324875
|switch|p1a: Indeedee|Indeedee, M|100/100|[from] U-turn
|-damage|p1a: Indeedee|88/100|[from] Stealth Rock
|-fieldstart|move: Psychic Terrain|[from] ability: Psychic Surge|[of] p1a: Indeedee
|
|-weather|RainDance|[upkeep]
|-heal|p2a: Raging Bolt|99/100|[from] item: Leftovers
|upkeep
|turn|10
|inactive|Skybaba40 has 120 seconds left.
|
|t:|1769324887
|move|p2a: Raging Bolt|Thunderclap|p1a: Indeedee
|-activate|p1a: Indeedee|move: Psychic Terrain
|move|p1a: Indeedee|Dazzling Gleam|p2a: Raging Bolt
|-supereffective|p2a: Raging Bolt
|-damage|p2a: Raging Bolt|75/100
|
|-weather|RainDance|[upkeep]
|-heal|p2a: Raging Bolt|81/100|[from] item: Leftovers
|upkeep
|turn|11
|
|t:|1769324895
|move|p1a: Indeedee|Encore|p2a: Raging Bolt
|-start|p2a: Raging Bolt|Encore
|move|p2a: Raging Bolt|Thunderclap||[still]
|-fail|p2a: Raging Bolt
|
|-weather|RainDance|[upkeep]
|-heal|p2a: Raging Bolt|87/100|[from] item: Leftovers
|upkeep
|turn|12
|
|t:|1769324905
|-end|p2a: Raging Bolt|Protosynthesis|[silent]
|switch|p2a: Grimmsnarl|Grimmsnarl, M|100/100
|move|p1a: Indeedee|Dazzling Gleam|p2a: Grimmsnarl
|-supereffective|p2a: Grimmsnarl
|-crit|p2a: Grimmsnarl
|-damage|p2a: Grimmsnarl|50/100
|
|-weather|RainDance|[upkeep]
|upkeep
|turn|13
|
|t:|1769324912
|move|p1a: Indeedee|Dazzling Gleam|p2a: Grimmsnarl
|-supereffective|p2a: Grimmsnarl
|-damage|p2a: Grimmsnarl|15/100
|move|p2a: Grimmsnarl|Spirit Break|p1a: Indeedee
|-crit|p1a: Indeedee
|-damage|p1a: Indeedee|0 fnt
|faint|p1a: Indeedee
|
|-weather|RainDance|[upkeep]
|upkeep
|
|t:|1769324924
|switch|p1a: Barraskewda|Barraskewda, M|100/100
|-damage|p1a: Barraskewda|88/100|[from] Stealth Rock
|turn|14
|
|t:|1769324939
|move|p1a: Barraskewda|Flip Turn|p2a: Grimmsnarl
|-damage|p2a: Grimmsnarl|0 fnt
|faint|p2a: Grimmsnarl
|
|t:|1769324943
|switch|p1a: Hatterene|Hatterene, F|100/100|[from] Flip Turn
|-damage|p1a: Hatterene|88/100|[from] Stealth Rock
|
|-weather|RainDance|[upkeep]
|-heal|p1a: Hatterene|94/100|[from] item: Leftovers
|upkeep
|
|t:|1769324953
|switch|p2a: Ceruledge|Ceruledge, F|100/100
|turn|15
|
|t:|1769324960
|move|p2a: Ceruledge|Shadow Sneak|p1a: Hatterene
|-activate|p1a: Hatterene|move: Psychic Terrain
|move|p1a: Hatterene|Nuzzle|p2a: Ceruledge
|-damage|p2a: Ceruledge|95/100
|-status|p2a: Ceruledge|par
|
|-weather|RainDance|[upkeep]
|-heal|p1a: Hatterene|99/100|[from] item: Leftovers
|upkeep
|turn|16
|
|t:|1769324971
|cant|p2a: Ceruledge|par
|move|p1a: Hatterene|Calm Mind|p1a: Hatterene
|-boost|p1a: Hatterene|spa|1
|-boost|p1a: Hatterene|spd|1
|
|-weather|none
|-heal|p1a: Hatterene|100/100|[from] item: Leftovers
|-fieldend|move: Psychic Terrain
|upkeep
|turn|17
|
|t:|1769324979
|cant|p2a: Ceruledge|par
|move|p1a: Hatterene|Draining Kiss|p2a: Ceruledge
|-resisted|p2a: Ceruledge
|-damage|p2a: Ceruledge|75/100 par
|
|upkeep
|turn|18
|
|t:|1769324985
|move|p2a: Ceruledge|Shadow Sneak|p1a: Hatterene
|-supereffective|p1a: Hatterene
|-damage|p1a: Hatterene|66/100
|move|p1a: Hatterene|Psyshock|p2a: Ceruledge
|-damage|p2a: Ceruledge|0 fnt
|faint|p2a: Ceruledge
|
|-heal|p1a: Hatterene|72/100|[from] item: Leftovers
|upkeep
|
|t:|1769324989
|switch|p2a: Raging Bolt|Raging Bolt|87/100
|turn|19
|
|t:|1769324996
|move|p2a: Raging Bolt|Substitute|p2a: Raging Bolt
|-start|p2a: Raging Bolt|Substitute
|-damage|p2a: Raging Bolt|62/100
|move|p1a: Hatterene|Draining Kiss|p2a: Raging Bolt
|-supereffective|p2a: Raging Bolt
|-end|p2a: Raging Bolt|Substitute
|-heal|p1a: Hatterene|99/100|[from] drain|[of] p2a: Raging Bolt
|
|-heal|p2a: Raging Bolt|68/100|[from] item: Leftovers
|-heal|p1a: Hatterene|100/100|[from] item: Leftovers
|upkeep
|turn|20
|
|t:|1769325010
|move|p2a: Raging Bolt|Thunderclap|p1a: Hatterene
|-damage|p1a: Hatterene|69/100
|move|p1a: Hatterene|Draining Kiss|p2a: Raging Bolt
|-supereffective|p2a: Raging Bolt
|-damage|p2a: Raging Bolt|16/100
|-heal|p1a: Hatterene|100/100|[from] drain|[of] p2a: Raging Bolt
|
|-heal|p2a: Raging Bolt|22/100|[from] item: Leftovers
|upkeep
|turn|21
|l|☆ChefBargon
|inactive|ChefBargon disconnected and has a minute to reconnect!
|player|p2|
|inactive|ChefBargon has 30 seconds to reconnect!
|inactive|ChefBargon has 20 seconds to reconnect!
|inactive|ChefBargon has 15 seconds to reconnect!
|inactive|ChefBargon has 10 seconds to reconnect!
|inactive|ChefBargon has 5 seconds to reconnect!
|-message|ChefBargon lost due to inactivity.
|
|win|Skybaba40
|raw|Skybaba40's rating: 1127 &rarr; <strong>1150</strong><br />(+23 for winning)
|raw|ChefBargon's rating: 1103 &rarr; <strong>1080</strong><br />(-23 for losing)
|l|☆Skybaba40
|player|p1|
