|j|☆no_dupes
|j|☆Qplazm10
|t:|1769408371
|gametype|singles
|player|p1|no_dupes|brock-gen2|1513
|player|p2|Qplazm10|ltsurge|1527
|gen|9
|tier|[Gen 9] OU
|rated|
|rule|HP Percentage Mod: HP is shown in percentages
|rule|Endless Battle Clause: Forcing endless battles is banned
|rule|Species Clause: Limit one of each Pokémon
|rule|OHKO Clause: OHKO moves are banned
|rule|Evasion Items Clause: Evasion items are banned
|rule|Evasion Moves Clause: Evasion moves are banned
|rule|Evasion Abilities Clause: Evasion abilities are banned
|rule|Sleep Moves Clause: Sleep-inducing moves are banned
|clearpoke
|poke|p1|Great Tusk|
|poke|p1|Hatterene, F|
|poke|p1|Charizard, F|
|poke|p1|Goodra-Hisui, F|
|poke|p1|Walking Wake|
|poke|p1|Ninetales, M|
|poke|p2|Hawlucha, M|
|poke|p2|Raging Bolt|
|poke|p2|Iron Leaves|
|poke|p2|Iron Treads|
|poke|p2|Iron Valiant|
|poke|p2|Pincurchin, F|
|teampreview
|inactive|Battle timer is ON: inactive players will automatically lose when time's up. (requested by Qplazm10)
|
|t:|1769408376
|teamsize|p1|6
|teamsize|p2|6
|start
|switch|p1a: Ninetales|Ninetales, M|100/100
|switch|p2a: The Urchinator|Pincurchin, F|100/100
|-weather|SunnyDay|[from] ability: Drought|[of] p1a: Ninetales
|-fieldstart|move: Electric Terrain|[from] ability: Electric Surge|[of] p2a: The Urchinator
|turn|1
|
|t:|1769408383
|switch|p1a: Emperor|Charizard, F, shiny|100/100
|switch|p2a: Great Neck|Raging Bolt|100/100
|-activate|p2a: Great Neck|ability: Protosynthesis
|-start|p2a: Great Neck|protosynthesisspa
|
|-weather|SunnyDay|[upkeep]
|-damage|p1a: Emperor|88/100|[from] ability: Solar Power|[of] p1a: Emperor
|upkeep
|turn|2
|
|t:|1769408391
|-terastallize|p1a: Emperor|Ground
|move|p1a: Emperor|Scorching Sands|p2a: Great Neck
|-supereffective|p2a: Great Neck
|-damage|p2a: Great Neck|0 fnt
|faint|p2a: Great Neck
|-end|p2a: Great Neck|Protosynthesis|[silent]
|
|-weather|SunnyDay|[upkeep]
|-damage|p1a: Emperor|76/100|[from] ability: Solar Power|[of] p1a: Emperor
|upkeep
|inactive|Qplazm10 has 120 seconds left.
|
|t:|1769408436
|switch|p2a: Gardevlade|Iron Valiant|100/100
|-activate|p2a: Gardevlade|ability: Quark Drive
|-start|p2a: Gardevlade|quarkdrivespe
|turn|3
|
|t:|1769408442
|switch|p1a: Goodra|Goodra-Hisui, F|100/100
|move|p2a: Gardevlade|Moonblast|p1a: Goodra
|-damage|p1a: Goodra|72/100
|
|-weather|SunnyDay|[upkeep]
|upkeep
|turn|4
|inactive|Qplazm10 has 120 seconds left.
|
|t:|1769408452
|-end|p2a: Gardevlade|Quark Drive|[silent]
|switch|p2a: Virizitron|Iron Leaves|100/100
|-activate|p2a: Virizitron|ability: Quark Drive
|-start|p2a: Virizitron|quarkdrivespe
|move|p1a: Goodra|Flash Cannon|p2a: Virizitron
|-damage|p2a: Virizitron|65/100
|
|-weather|SunnyDay|[upkeep]
|upkeep
|turn|5
|inactive|Qplazm10 has 120 seconds left.
|
|t:|1769408459
|move|p2a: Virizitron|Close Combat|p1a: Goodra
|-supereffective|p1a: Goodra
|-damage|p1a: Goodra|0 fnt
|-unboost|p2a: Virizitron|def|1
|-unboost|p2a: Virizitron|spd|1
|faint|p1a: Goodra
|-damage|p2a: Virizitron|55/100|[from] item: Life Orb
|
|-weather|SunnyDay|[upkeep]
|upkeep
|
|t:|1769408464
|switch|p1a: Walking Wake|Walking Wake|100/100
|-activate|p1a: Walking Wake|ability: Protosynthesis
|-start|p1a: Walking Wake|protosynthesisspe
|turn|6
|
|t:|1769408472
|-end|p2a: Virizitron|Quark Drive|[silent]
|switch|p2a: Gardevlade|Iron Valiant|100/100
|-activate|p2a: Gardevlade|ability: Quark Drive
|-start|p2a: Gardevlade|quarkdrivespe
|move|p1a: Walking Wake|Weather Ball|p2a: Gardevlade
|-crit|p2a: Gardevlade
|-damage|p2a: Gardevlade|0 fnt
|faint|p2a: Gardevlade
|-end|p2a: Gardevlade|Quark Drive|[silent]
|
|-weather|SunnyDay|[upkeep]
|upkeep
|
|t:|1769408485
|switch|p2a: Nacho Libre|Hawlucha, M, shiny|100/100
|-enditem|p2a: Nacho Libre|Electric Seed
|-boost|p2a: Nacho Libre|def|1|[from] item: Electric Seed
|turn|7
|
|t:|1769408490
|move|p2a: Nacho Libre|Swords Dance|p2a: Nacho Libre
|-boost|p2a: Nacho Libre|atk|2
|move|p1a: Walking Wake|Hydro Steam|p2a: Nacho Libre
|-damage|p2a: Nacho Libre|2/100
|
|-weather|SunnyDay|[upkeep]
|upkeep
|turn|8
|
|t:|1769408500
|-end|p1a: Walking Wake|Protosynthesis|[silent]
|switch|p1a: Emperor|Charizard, F, shiny, tera:Ground|76/100
|move|p2a: Nacho Libre|Acrobatics|p1a: Emperor
|-damage|p1a: Emperor|0 fnt
|faint|p1a: Emperor
|
|-weather|none
|-fieldend|move: Electric Terrain
|upkeep
|
|t:|1769408502
|switch|p1a: Hatterene|Hatterene, F|100/100
|turn|9
|
|t:|1769408511
|move|p2a: Nacho Libre|Acrobatics|p1a: Hatterene
|-damage|p1a: Hatterene|18/100
|-enditem|p1a: Hatterene|Eject Button
|
|t:|1769408514
|switch|p1a: Walking Wake|Walking Wake|100/100
|
|upkeep
|turn|10
|
|t:|1769408518
|-end|p1a: Walking Wake|Protosynthesis|[silent]
|switch|p1a: Ninetales|Ninetales, M|100/100
|-weather|SunnyDay|[from] ability: Drought|[of] p1a: Ninetales
|move|p2a: Nacho Libre|Acrobatics|p1a: Ninetales
|-damage|p1a: Ninetales|0 fnt
|faint|p1a: Ninetales
|
|-weather|SunnyDay|[upkeep]
|upkeep
|
|t:|1769408520
|switch|p1a: Walking Wake|Walking Wake|100/100
|-activate|p1a: Walking Wake|ability: Protosynthesis
|-start|p1a: Walking Wake|protosynthesisspe
|turn|11
|
|t:|1769408523
|move|p2a: Nacho Libre|Acrobatics|p1a: Walking Wake
|-damage|p1a: Walking Wake|0 fnt
|faint|p1a: Walking Wake
|-end|p1a: Walking Wake|Protosynthesis|[silent]
|
|-weather|SunnyDay|[upkeep]
|upkeep
|
|t:|1769408525
|switch|p1a: Great Tusk|Great Tusk|100/100
|-activate|p1a: Great Tusk|ability: Protosynthesis
|-start|p1a: Great Tusk|protosynthesisdef
|turn|12
|
|t:|1769408529
|move|p2a: Nacho Libre|Acrobatics|p1a: Great Tusk
|-supereffective|p1a: Great Tusk
|-damage|p1a: Great Tusk|31/100
|move|p1a: Great Tusk|Rapid Spin|p2a: Nacho Libre
|-damage|p2a: Nacho Libre|0 fnt
|-boost|p1a: Great Tusk|spe|1
|faint|p2a: Nacho Libre
|
|-weather|SunnyDay|[upkeep]
|-heal|p1a: Great Tusk|38/100|[from] item: Leftovers
|upkeep
|
|t:|1769408542
|switch|p2a: Virizitron|Iron Leaves|55/100
|turn|13
|
|t:|1769408546
|-end|p2a: Virizitron|Quark Drive|[silent]
|switch|p2a: The Urchinator|Pincurchin, F|100/100
|-fieldstart|move: Electric Terrain|[from] ability: Electric Surge|[of] p2a: The Urchinator
|move|p1a: Great Tusk|Ice Spinner|p2a: The Urchinator
|-damage|p2a: The Urchinator|71/100
|-fieldend|move: Electric Terrain
|
|-weather|SunnyDay|[upkeep]
|-heal|p1a: Great Tusk|44/100|[from] item: Leftovers
|upkeep
|turn|14
|
|t:|1769408557
|move|p1a: Great Tusk|Rapid Spin|p2a: The Urchinator
|-damage|p2a: The Urchinator|53/100
|-boost|p1a: Great Tusk|spe|1
|move|p2a: The Urchinator|Memento|p1a: Great Tusk
|-unboost|p1a: Great Tusk|atk|2
|-unboost|p1a: Great Tusk|spa|2
|faint|p2a: The Urchinator
|
|-weather|SunnyDay|[upkeep]
|-heal|p1a: Great Tusk|50/100|[from] item: Leftovers
|upkeep
|
|t:|1769408565
|switch|p2a: Tronphan|Iron Treads|100/100
|turn|15
|
|t:|1769408573
|-terastallize|p2a: Tronphan|Flying
|move|p1a: Great Tusk|Headlong Rush|p2a: Tronphan
|-immune|p2a: Tronphan
|move|p2a: Tronphan|Ice Spinner|p1a: Great Tusk
|-supereffective|p1a: Great Tusk
|-damage|p1a: Great Tusk|27/100
|-damage|p2a: Tronphan|91/100|[from] item: Life Orb
|
|-weather|SunnyDay|[upkeep]
|-heal|p1a: Great Tusk|33/100|[from] item: Leftovers
|upkeep
|turn|16
|-message|no_dupes forfeited.
|
|win|Qplazm10
|raw|no_dupes's rating: 1513 &rarr; <strong>1494</strong><br />(-19 for losing)
|raw|Qplazm10's rating: 1527 &rarr; <strong>1546</strong><br />(+19 for winning)
|l|☆Qplazm10
|player|p2|
