|j|☆dfgdgdgdggfdf
|j|☆qphe95
|t:|1769340060
|gametype|singles
|player|p1|dfgdgdgdggfdf|102|1209
|player|p2|qphe95|1|1233
|gen|9
|tier|[Gen 9] OU
|rated|
|rule|HP Percentage Mod: HP is shown in percentages
|rule|Endless Battle Clause: Forcing endless battles is banned
|rule|Species Clause: Limit one of each Pokémon
|rule|OHKO Clause: OHKO moves are banned
|rule|Evasion Items Clause: Evasion items are banned
|rule|Evasion Moves Clause: Evasion moves are banned
|rule|Evasion Abilities Clause: Evasion abilities are banned
|rule|Sleep Moves Clause: Sleep-inducing moves are banned
|clearpoke
|poke|p1|Hydreigon, F|
|poke|p1|Garchomp, F|
|poke|p1|Salamence, F|
|poke|p1|Greninja-*, M|
|poke|p1|Scizor, F|
|poke|p1|Lycanroc-Dusk, M|
|poke|p2|Kingambit, F|
|poke|p2|Darkrai|
|poke|p2|Pecharunt|
|poke|p2|Hoopa-Unbound|
|poke|p2|Hydreigon, M|
|poke|p2|Cresselia, F|
|teampreview
|
|t:|1769340083
|teamsize|p1|6
|teamsize|p2|6
|start
|switch|p1a: Scizor|Scizor, F|100/100
|switch|p2a: Hoopa|Hoopa-Unbound|100/100
|turn|1
|
|t:|1769340093
|switch|p2a: Pecharunt|Pecharunt|100/100
|move|p1a: Scizor|X-Scissor|p2a: Pecharunt
|-resisted|p2a: Pecharunt
|-damage|p2a: Pecharunt|94/100
|-damage|p1a: Scizor|91/100|[from] item: Life Orb
|
|-heal|p2a: Pecharunt|99/100|[from] item: Leftovers
|upkeep
|turn|2
|inactive|Battle timer is ON: inactive players will automatically lose when time's up. (requested by qphe95)
|inactive|dfgdgdgdggfdf has 120 seconds left.
|
|t:|1769340163
|move|p1a: Scizor|Bullet Punch|p2a: Pecharunt
|-damage|p2a: Pecharunt|79/100
|-damage|p1a: Scizor|81/100|[from] item: Life Orb
|move|p2a: Pecharunt|Shadow Ball|p1a: Scizor
|-damage|p1a: Scizor|53/100
|
|-heal|p2a: Pecharunt|85/100|[from] item: Leftovers
|upkeep
|turn|3
|c|☆qphe95|ok ai u can insta surrender to the top
|inactive|dfgdgdgdggfdf has 120 seconds left.
|inactive|dfgdgdgdggfdf has 90 seconds left.
|inactive|dfgdgdgdggfdf has 60 seconds left.
|inactive|dfgdgdgdggfdf has 30 seconds left.
|
|t:|1769340291
|switch|p1a: Hydreigon|Hydreigon, F|100/100
|move|p2a: Pecharunt|Shadow Ball|p1a: Hydreigon
|-resisted|p1a: Hydreigon
|-damage|p1a: Hydreigon|88/100
|
|-heal|p2a: Pecharunt|92/100|[from] item: Leftovers
|upkeep
|turn|4
|inactive|dfgdgdgdggfdf has 30 seconds left.
|
|t:|1769340316
|switch|p2a: Kingambit|Kingambit, F|100/100
|move|p1a: Hydreigon|Dark Pulse|p2a: Kingambit
|-resisted|p2a: Kingambit
|-damage|p2a: Kingambit|73/100
|
|-heal|p2a: Kingambit|79/100|[from] item: Leftovers
|upkeep
|turn|5
|c|☆dfgdgdgdggfdf|i am not an ai
|c|☆dfgdgdgdggfdf|bro
|inactive|dfgdgdgdggfdf has 30 seconds left.
|
|t:|1769340330
|switch|p1a: Garchomp|Garchomp, F|100/100
|-terastallize|p2a: Kingambit|Fairy
|move|p2a: Kingambit|Tera Blast|p1a: Garchomp|[anim] Tera Blast Fairy
|-supereffective|p1a: Garchomp
|-damage|p1a: Garchomp|10/100
|
|-heal|p2a: Kingambit|85/100|[from] item: Leftovers
|upkeep
|turn|6
|c|☆dfgdgdgdggfdf|dammit
|inactive|dfgdgdgdggfdf has 30 seconds left.
|
|t:|1769340346
|move|p2a: Kingambit|Sucker Punch|p1a: Garchomp
|-damage|p1a: Garchomp|0 fnt
|-damage|p2a: Kingambit|73/100|[from] ability: Rough Skin|[of] p1a: Garchomp
|faint|p1a: Garchomp
|
|-heal|p2a: Kingambit|79/100|[from] item: Leftovers
|upkeep
|inactive|dfgdgdgdggfdf has 30 seconds left this turn.
|c|☆qphe95|ok
|
|t:|1769340353
|switch|p1a: Scizor|Scizor, F|53/100
|turn|7
|inactive|dfgdgdgdggfdf has 30 seconds left.
|c|☆dfgdgdgdggfdf|at least i can kill you with scizor
|
|t:|1769340364
|switch|p2a: Pecharunt|Pecharunt|92/100
|move|p1a: Scizor|Bullet Punch|p2a: Pecharunt
|-damage|p2a: Pecharunt|71/100
|-damage|p1a: Scizor|43/100|[from] item: Life Orb
|
|-heal|p2a: Pecharunt|77/100|[from] item: Leftovers
|upkeep
|turn|8
|inactive|dfgdgdgdggfdf has 30 seconds left.
|
|t:|1769340375
|move|p1a: Scizor|Bullet Punch|p2a: Pecharunt
|-damage|p2a: Pecharunt|54/100
|-damage|p1a: Scizor|33/100|[from] item: Life Orb
|move|p2a: Pecharunt|Shadow Ball|p1a: Scizor
|-damage|p1a: Scizor|5/100
|
|-heal|p2a: Pecharunt|60/100|[from] item: Leftovers
|upkeep
|turn|9
|
|t:|1769340383
|move|p1a: Scizor|Bullet Punch|p2a: Pecharunt
|-crit|p2a: Pecharunt
|-damage|p2a: Pecharunt|30/100
|-damage|p1a: Scizor|0 fnt|[from] item: Life Orb
|faint|p1a: Scizor
|move|p2a: Pecharunt|Recover|p2a: Pecharunt
|-heal|p2a: Pecharunt|80/100
|
|-heal|p2a: Pecharunt|86/100|[from] item: Leftovers
|upkeep
|-message|dfgdgdgdggfdf forfeited.
|inactive|dfgdgdgdggfdf has 30 seconds left.
|
|win|qphe95
|raw|dfgdgdgdggfdf's rating: 1209 &rarr; <strong>1186</strong><br />(-23 for losing)
|raw|qphe95's rating: 1233 &rarr; <strong>1256</strong><br />(+23 for winning)
|l|☆dfgdgdgdggfdf
|player|p1|
