|j|☆PlashShlate
|j|☆praveenkumart236
|t:|1769360510
|gametype|singles
|player|p1|PlashShlate|shadowtriad|1611
|player|p2|praveenkumart236|1|1690
|gen|9
|tier|[Gen 9] OU
|rated|
|rule|HP Percentage Mod: HP is shown in percentages
|rule|Endless Battle Clause: Forcing endless battles is banned
|rule|Species Clause: Limit one of each Pokémon
|rule|OHKO Clause: OHKO moves are banned
|rule|Evasion Items Clause: Evasion items are banned
|rule|Evasion Moves Clause: Evasion moves are banned
|rule|Evasion Abilities Clause: Evasion abilities are banned
|rule|Sleep Moves Clause: Sleep-inducing moves are banned
|clearpoke
|poke|p1|Garganacl, M|
|poke|p1|Hippowdon, M|
|poke|p1|Hydrapple, M|
|poke|p1|Slowking-Galar, M|
|poke|p1|Samurott-Hisui, M|
|poke|p1|Excadrill, M|
|poke|p2|Farigiraf, F|
|poke|p2|Kingambit, F|
|poke|p2|Raging Bolt|
|poke|p2|Pecharunt|
|poke|p2|Great Tusk|
|poke|p2|Grimmsnarl, M|
|teampreview
|inactive|Battle timer is ON: inactive players will automatically lose when time's up. (requested by PlashShlate)
|inactive|praveenkumart236 also wants the timer to be on.
|
|t:|1769360522
|teamsize|p1|6
|teamsize|p2|6
|start
|switch|p1a: armored core|Hippowdon, M, shiny|100/100
|switch|p2a: Grimmsnarl|Grimmsnarl, M|100/100
|-weather|Sandstorm|[from] ability: Sand Stream|[of] p1a: armored core
|turn|1
|
|t:|1769360529
|move|p2a: Grimmsnarl|Reflect|p2a: Grimmsnarl
|-sidestart|p2: praveenkumart236|Reflect
|move|p1a: armored core|Stealth Rock|p2a: Grimmsnarl
|-sidestart|p2: praveenkumart236|move: Stealth Rock
|
|-weather|Sandstorm|[upkeep]
|-damage|p2a: Grimmsnarl|94/100|[from] Sandstorm
|upkeep
|turn|2
|
|t:|1769360534
|move|p2a: Grimmsnarl|Parting Shot|p1a: armored core
|-unboost|p1a: armored core|atk|1
|-unboost|p1a: armored core|spa|1
|
|t:|1769360538
|switch|p2a: Great Tusk|Great Tusk|100/100|[from] Parting Shot
|-damage|p2a: Great Tusk|97/100|[from] Stealth Rock
|-enditem|p2a: Great Tusk|Booster Energy
|-activate|p2a: Great Tusk|ability: Protosynthesis|[fromitem]
|-start|p2a: Great Tusk|protosynthesisspe
|move|p1a: armored core|Scorching Sands|p2a: Great Tusk
|-damage|p2a: Great Tusk|82/100
|-status|p2a: Great Tusk|brn
|
|-weather|Sandstorm|[upkeep]
|-damage|p2a: Great Tusk|76/100 brn|[from] brn
|upkeep
|turn|3
|
|t:|1769360551
|move|p2a: Great Tusk|Ice Spinner|p1a: armored core
|-supereffective|p1a: armored core
|-damage|p1a: armored core|88/100
|-damage|p2a: Great Tusk|59/100 brn|[from] item: Rocky Helmet|[of] p1a: armored core
|move|p1a: armored core|Body Press|p2a: Great Tusk
|-damage|p2a: Great Tusk|50/100 brn
|
|-weather|Sandstorm|[upkeep]
|-damage|p2a: Great Tusk|44/100 brn|[from] brn
|upkeep
|turn|4
|
|t:|1769360560
|move|p2a: Great Tusk|Rapid Spin|p1a: armored core
|-damage|p1a: armored core|85/100
|-boost|p2a: Great Tusk|spe|1
|-damage|p2a: Great Tusk|28/100 brn|[from] item: Rocky Helmet|[of] p1a: armored core
|-sideend|p2: praveenkumart236|Stealth Rock|[from] move: Rapid Spin|[of] p2a: Great Tusk
|move|p1a: armored core|Body Press|p2a: Great Tusk
|-crit|p2a: Great Tusk
|-damage|p2a: Great Tusk|0 fnt
|faint|p2a: Great Tusk
|-end|p2a: Great Tusk|Protosynthesis|[silent]
|
|-weather|Sandstorm|[upkeep]
|upkeep
|
|t:|1769360571
|switch|p2a: Pecharunt|Pecharunt|100/100
|-item|p2a: Pecharunt|Air Balloon
|turn|5
|
|t:|1769360577
|switch|p1a: spellbound|Slowking-Galar, M, shiny|100/100
|move|p2a: Pecharunt|Malignant Chain|p1a: spellbound
|-resisted|p1a: spellbound
|-damage|p1a: spellbound|92/100
|
|-weather|none
|upkeep
|turn|6
|
|t:|1769360583
|move|p2a: Pecharunt|Nasty Plot|p2a: Pecharunt
|-boost|p2a: Pecharunt|spa|2
|move|p1a: spellbound|Psychic Noise|p2a: Pecharunt
|-supereffective|p2a: Pecharunt
|-damage|p2a: Pecharunt|48/100
|-start|p2a: Pecharunt|move: Heal Block
|-enditem|p2a: Pecharunt|Air Balloon
|
|upkeep
|turn|7
|
|t:|1769360587
|move|p2a: Pecharunt|Shadow Ball|p1a: spellbound
|-supereffective|p1a: spellbound
|-damage|p1a: spellbound|36/100
|move|p1a: spellbound|Whirlpool|p2a: Pecharunt
|-damage|p2a: Pecharunt|39/100
|-activate|p2a: Pecharunt|move: Whirlpool|[of] p1a: spellbound
|
|-damage|p2a: Pecharunt|26/100|[from] move: Whirlpool|[partiallytrapped]
|-end|p2a: Pecharunt|move: Heal Block
|upkeep
|turn|8
|
|t:|1769360596
|-terastallize|p1a: spellbound|Water
|move|p2a: Pecharunt|Shadow Ball|p1a: spellbound
|-damage|p1a: spellbound|7/100
|move|p1a: spellbound|Psychic Noise|p2a: Pecharunt
|-supereffective|p2a: Pecharunt
|-damage|p2a: Pecharunt|0 fnt
|faint|p2a: Pecharunt
|
|-sideend|p2: praveenkumart236|Reflect
|upkeep
|
|t:|1769360604
|switch|p2a: Grimmsnarl|Grimmsnarl, M|94/100
|turn|9
|
|t:|1769360607
|move|p2a: Grimmsnarl|Light Screen|p2a: Grimmsnarl
|-sidestart|p2: praveenkumart236|move: Light Screen
|move|p1a: spellbound|Sludge Bomb|p2a: Grimmsnarl
|-supereffective|p2a: Grimmsnarl
|-damage|p2a: Grimmsnarl|69/100
|-status|p2a: Grimmsnarl|psn
|
|-damage|p2a: Grimmsnarl|57/100 psn|[from] psn
|upkeep
|turn|10
|
|t:|1769360610
|switch|p1a: knightsbridge|Samurott-Hisui, M, shiny|100/100
|move|p2a: Grimmsnarl|Parting Shot|p1a: knightsbridge
|-hint|Since gen 7, Dark is immune to Prankster moves.
|-immune|p1a: knightsbridge
|
|-damage|p2a: Grimmsnarl|44/100 psn|[from] psn
|upkeep
|turn|11
|
|t:|1769360613
|move|p1a: knightsbridge|Flip Turn|p2a: Grimmsnarl
|-damage|p2a: Grimmsnarl|6/100 psn
|
|t:|1769360615
|switch|p1a: armored core|Hippowdon, M, shiny|85/100|[from] Flip Turn
|-weather|Sandstorm|[from] ability: Sand Stream|[of] p1a: armored core
|move|p2a: Grimmsnarl|Spirit Break|p1a: armored core
|-damage|p1a: armored core|68/100
|-unboost|p1a: armored core|spa|1
|-damage|p2a: Grimmsnarl|0 fnt|[from] item: Rocky Helmet|[of] p1a: armored core
|faint|p2a: Grimmsnarl
|
|-weather|Sandstorm|[upkeep]
|upkeep
|
|t:|1769360623
|switch|p2a: Farigiraf|Farigiraf, F|100/100
|turn|12
|
|t:|1769360630
|switch|p1a: just like heaven|Garganacl, M, shiny|100/100
|move|p2a: Farigiraf|Tera Blast|p1a: just like heaven
|-resisted|p1a: just like heaven
|-damage|p1a: just like heaven|91/100
|
|-weather|Sandstorm|[upkeep]
|-damage|p2a: Farigiraf|94/100|[from] Sandstorm
|-heal|p2a: Farigiraf|100/100|[from] item: Leftovers
|-heal|p1a: just like heaven|97/100|[from] item: Leftovers
|upkeep
|turn|13
|
|t:|1769360638
|move|p2a: Farigiraf|Nasty Plot|p2a: Farigiraf
|-boost|p2a: Farigiraf|spa|2
|move|p1a: just like heaven|Salt Cure|p2a: Farigiraf
|-damage|p2a: Farigiraf|87/100
|-start|p2a: Farigiraf|Salt Cure
|
|-weather|Sandstorm|[upkeep]
|-damage|p2a: Farigiraf|81/100|[from] Sandstorm
|-heal|p2a: Farigiraf|87/100|[from] item: Leftovers
|-heal|p1a: just like heaven|100/100|[from] item: Leftovers
|-damage|p2a: Farigiraf|75/100|[from] Salt Cure
|upkeep
|turn|14
|
|t:|1769360644
|move|p2a: Farigiraf|Nasty Plot|p2a: Farigiraf
|-boost|p2a: Farigiraf|spa|2
|move|p1a: just like heaven|Ice Punch|p2a: Farigiraf
|-damage|p2a: Farigiraf|57/100
|-status|p2a: Farigiraf|frz
|
|-weather|Sandstorm|[upkeep]
|-damage|p2a: Farigiraf|50/100 frz|[from] Sandstorm
|-heal|p2a: Farigiraf|57/100 frz|[from] item: Leftovers
|-damage|p2a: Farigiraf|44/100 frz|[from] Salt Cure
|upkeep
|turn|15
|c|☆PlashShlate|mb
|c|☆PlashShlate|i been hella lucky this game
|
|t:|1769360652
|switch|p1a: spellbound|Slowking-Galar, M, shiny, tera:Water|41/100
|cant|p2a: Farigiraf|frz
|
|-weather|none
|-heal|p2a: Farigiraf|50/100 frz|[from] item: Leftovers
|-damage|p2a: Farigiraf|38/100 frz|[from] Salt Cure
|upkeep
|turn|16
|
|t:|1769360659
|move|p1a: spellbound|Sludge Bomb|p2a: Farigiraf
|-damage|p2a: Farigiraf|21/100 frz
|-curestatus|p2a: Farigiraf|frz|[msg]
|move|p2a: Farigiraf|Trick Room|p2a: Farigiraf
|-fieldstart|move: Trick Room|[of] p2a: Farigiraf
|
|-heal|p2a: Farigiraf|27/100|[from] item: Leftovers
|-damage|p2a: Farigiraf|15/100|[from] Salt Cure
|-sideend|p2: praveenkumart236|move: Light Screen
|upkeep
|turn|17
|
|t:|1769360672
|move|p1a: spellbound|Sludge Bomb|p2a: Farigiraf
|-damage|p2a: Farigiraf|0 fnt
|faint|p2a: Farigiraf
|
|upkeep
|
|t:|1769360676
|switch|p2a: Raging Bolt|Raging Bolt|100/100
|-enditem|p2a: Raging Bolt|Booster Energy
|-activate|p2a: Raging Bolt|ability: Protosynthesis|[fromitem]
|-start|p2a: Raging Bolt|protosynthesisspa
|turn|18
|
|t:|1769360679
|move|p1a: spellbound|Psychic Noise|p2a: Raging Bolt
|-damage|p2a: Raging Bolt|78/100
|-start|p2a: Raging Bolt|move: Heal Block
|move|p2a: Raging Bolt|Calm Mind|p2a: Raging Bolt
|-boost|p2a: Raging Bolt|spa|1
|-boost|p2a: Raging Bolt|spd|1
|
|upkeep
|turn|19
|
|t:|1769360682
|move|p2a: Raging Bolt|Thunderclap|p1a: spellbound
|-supereffective|p1a: spellbound
|-damage|p1a: spellbound|0 fnt
|faint|p1a: spellbound
|
|-end|p2a: Raging Bolt|move: Heal Block
|upkeep
|
|t:|1769360688
|switch|p1a: armored core|Hippowdon, M, shiny|68/100
|-weather|Sandstorm|[from] ability: Sand Stream|[of] p1a: armored core
|turn|20
|
|t:|1769360700
|-terastallize|p2a: Raging Bolt|Bug
|move|p1a: armored core|Scorching Sands|p2a: Raging Bolt
|-resisted|p2a: Raging Bolt
|-damage|p2a: Raging Bolt|73/100
|-status|p2a: Raging Bolt|brn
|move|p2a: Raging Bolt|Dragon Pulse|p1a: armored core
|-damage|p1a: armored core|0 fnt
|faint|p1a: armored core
|
|-weather|Sandstorm|[upkeep]
|-damage|p2a: Raging Bolt|67/100 brn|[from] Sandstorm
|-damage|p2a: Raging Bolt|61/100 brn|[from] brn
|-fieldend|move: Trick Room
|upkeep
|
|t:|1769360709
|switch|p1a: just like heaven|Garganacl, M, shiny|100/100
|turn|21
|
|t:|1769360716
|move|p2a: Raging Bolt|Calm Mind|p2a: Raging Bolt
|-boost|p2a: Raging Bolt|spa|1
|-boost|p2a: Raging Bolt|spd|1
|move|p1a: just like heaven|Salt Cure|p2a: Raging Bolt
|-supereffective|p2a: Raging Bolt
|-damage|p2a: Raging Bolt|35/100 brn
|-start|p2a: Raging Bolt|Salt Cure
|
|-weather|Sandstorm|[upkeep]
|-damage|p2a: Raging Bolt|29/100 brn|[from] Sandstorm
|-damage|p2a: Raging Bolt|22/100 brn|[from] brn
|-damage|p2a: Raging Bolt|10/100 brn|[from] Salt Cure
|upkeep
|turn|22
|
|t:|1769360722
|move|p1a: just like heaven|Protect|p1a: just like heaven
|-singleturn|p1a: just like heaven|Protect
|move|p2a: Raging Bolt|Thunderbolt|p1a: just like heaven
|-activate|p1a: just like heaven|move: Protect
|
|-weather|Sandstorm|[upkeep]
|-damage|p2a: Raging Bolt|4/100 brn|[from] Sandstorm
|-damage|p2a: Raging Bolt|0 fnt|[from] brn
|faint|p2a: Raging Bolt
|-end|p2a: Raging Bolt|Protosynthesis|[silent]
|upkeep
|
|t:|1769360725
|switch|p2a: Kingambit|Kingambit, F|100/100
|-activate|p2a: Kingambit|ability: Supreme Overlord
|-start|p2a: Kingambit|fallen5|[silent]
|turn|23
|
|t:|1769360728
|move|p2a: Kingambit|Swords Dance|p2a: Kingambit
|-boost|p2a: Kingambit|atk|2
|move|p1a: just like heaven|Salt Cure|p2a: Kingambit
|-resisted|p2a: Kingambit
|-damage|p2a: Kingambit|95/100
|-start|p2a: Kingambit|Salt Cure
|
|-weather|Sandstorm|[upkeep]
|-damage|p2a: Kingambit|70/100|[from] Salt Cure
|upkeep
|turn|24
|
|t:|1769360733
|move|p2a: Kingambit|Iron Head|p1a: just like heaven
|-supereffective|p1a: just like heaven
|-crit|p1a: just like heaven
|-damage|p1a: just like heaven|0 fnt
|faint|p1a: just like heaven
|
|-weather|none
|-damage|p2a: Kingambit|45/100|[from] Salt Cure
|upkeep
|
|t:|1769360738
|switch|p1a: coil|Hydrapple, M, shiny|100/100
|turn|25
|
|t:|1769360761
|switch|p1a: knightsbridge|Samurott-Hisui, M, shiny|100/100
|move|p2a: Kingambit|Kowtow Cleave|p1a: knightsbridge
|-resisted|p1a: knightsbridge
|-damage|p1a: knightsbridge|0 fnt
|faint|p1a: knightsbridge
|
|-damage|p2a: Kingambit|20/100|[from] Salt Cure
|upkeep
|
|t:|1769360764
|switch|p1a: coil|Hydrapple, M, shiny|100/100
|turn|26
|
|t:|1769360774
|move|p2a: Kingambit|Kowtow Cleave|p1a: coil
|-damage|p1a: coil|0 fnt
|faint|p1a: coil
|
|-damage|p2a: Kingambit|0 fnt|[from] Salt Cure
|faint|p2a: Kingambit
|-end|p2a: Kingambit|fallen5|[silent]
|
|win|PlashShlate
|raw|PlashShlate's rating: 1611 &rarr; <strong>1635</strong><br />(+24 for winning)
|raw|praveenkumart236's rating: 1690 &rarr; <strong>1666</strong><br />(-24 for losing)
|l|☆PlashShlate
|player|p1|
|l|☆praveenkumart236
|player|p2|
