|j|☆tmchina
|j|☆schtarwors
|t:|1769337163
|gametype|singles
|player|p1|tmchina|265|1436
|player|p2|schtarwors|265|1439
|gen|9
|tier|[Gen 9] OU
|rated|
|rule|HP Percentage Mod: HP is shown in percentages
|rule|Endless Battle Clause: Forcing endless battles is banned
|rule|Species Clause: Limit one of each Pokémon
|rule|OHKO Clause: OHKO moves are banned
|rule|Evasion Items Clause: Evasion items are banned
|rule|Evasion Moves Clause: Evasion moves are banned
|rule|Evasion Abilities Clause: Evasion abilities are banned
|rule|Sleep Moves Clause: Sleep-inducing moves are banned
|clearpoke
|poke|p1|Kyurem|
|poke|p1|Slowking-Galar, F|
|poke|p1|Gholdengo|
|poke|p1|Crawdaunt, F|
|poke|p1|Corviknight, M|
|poke|p1|Cinderace, M|
|poke|p2|Walking Wake|
|poke|p2|Hatterene, F|
|poke|p2|Ninetales, M|
|poke|p2|Great Tusk|
|poke|p2|Ceruledge, F|
|poke|p2|Comfey, M|
|teampreview
|inactive|Battle timer is ON: inactive players will automatically lose when time's up. (requested by schtarwors)
|inactive|tmchina has 120 seconds left.
|
|t:|1769337210
|teamsize|p1|6
|teamsize|p2|6
|start
|switch|p1a: Crawdaunt|Crawdaunt, F|100/100
|switch|p2a: Ninetales|Ninetales, M, shiny|100/100
|-weather|SunnyDay|[from] ability: Drought|[of] p2a: Ninetales
|turn|1
|
|t:|1769337225
|move|p2a: Ninetales|Will-O-Wisp|p1a: Crawdaunt
|-status|p1a: Crawdaunt|brn
|move|p1a: Crawdaunt|Knock Off|p2a: Ninetales
|-damage|p2a: Ninetales|46/100
|-enditem|p2a: Ninetales|Heat Rock|[from] move: Knock Off|[of] p1a: Crawdaunt
|-damage|p1a: Crawdaunt|91/100 brn|[from] item: Life Orb
|
|-weather|SunnyDay|[upkeep]
|-damage|p1a: Crawdaunt|85/100 brn|[from] brn
|upkeep
|turn|2
|
|t:|1769337231
|switch|p2a: Hatterene|Hatterene, F, shiny|100/100
|move|p1a: Crawdaunt|Crabhammer|p2a: Hatterene
|-damage|p2a: Hatterene|83/100
|-enditem|p2a: Hatterene|Eject Button
|-damage|p1a: Crawdaunt|75/100 brn|[from] item: Life Orb
|
|t:|1769337236
|switch|p2a: Comfey|Comfey, M|100/100
|
|-weather|SunnyDay|[upkeep]
|-damage|p1a: Crawdaunt|69/100 brn|[from] brn
|upkeep
|turn|3
|
|t:|1769337243
|move|p2a: Comfey|Growth|p2a: Comfey
|-boost|p2a: Comfey|atk|2
|-boost|p2a: Comfey|spa|2
|move|p1a: Crawdaunt|Knock Off|p2a: Comfey
|-resisted|p2a: Comfey
|-damage|p2a: Comfey|72/100
|-enditem|p2a: Comfey|Life Orb|[from] move: Knock Off|[of] p1a: Crawdaunt
|-damage|p1a: Crawdaunt|59/100 brn|[from] item: Life Orb
|
|-weather|SunnyDay|[upkeep]
|-damage|p1a: Crawdaunt|53/100 brn|[from] brn
|upkeep
|turn|4
|
|t:|1769337248
|move|p1a: Crawdaunt|Aqua Jet|p2a: Comfey
|-damage|p2a: Comfey|61/100
|-damage|p1a: Crawdaunt|44/100 brn|[from] item: Life Orb
|move|p2a: Comfey|Growth|p2a: Comfey
|-boost|p2a: Comfey|atk|2
|-boost|p2a: Comfey|spa|2
|
|-weather|SunnyDay|[upkeep]
|-damage|p1a: Crawdaunt|38/100 brn|[from] brn
|upkeep
|turn|5
|
|t:|1769337252
|move|p1a: Crawdaunt|Aqua Jet|p2a: Comfey
|-damage|p2a: Comfey|50/100
|-damage|p1a: Crawdaunt|28/100 brn|[from] item: Life Orb
|move|p2a: Comfey|Growth|p2a: Comfey
|-boost|p2a: Comfey|atk|2
|-boost|p2a: Comfey|spa|2
|
|-weather|SunnyDay|[upkeep]
|-damage|p1a: Crawdaunt|22/100 brn|[from] brn
|upkeep
|turn|6
|
|t:|1769337255
|move|p2a: Comfey|Synthesis|p2a: Comfey
|-heal|p2a: Comfey|100/100
|move|p1a: Crawdaunt|Aqua Jet|p2a: Comfey
|-damage|p2a: Comfey|90/100
|-damage|p1a: Crawdaunt|12/100 brn|[from] item: Life Orb
|
|-weather|SunnyDay|[upkeep]
|-damage|p1a: Crawdaunt|6/100 brn|[from] brn
|upkeep
|turn|7
|
|t:|1769337263
|move|p2a: Comfey|Draining Kiss|p1a: Crawdaunt
|-supereffective|p1a: Crawdaunt
|-damage|p1a: Crawdaunt|0 fnt
|-heal|p2a: Comfey|94/100|[from] drain|[of] p1a: Crawdaunt
|faint|p1a: Crawdaunt
|
|-weather|SunnyDay|[upkeep]
|upkeep
|
|t:|1769337273
|switch|p1a: Cinderace|Cinderace, M|100/100
|turn|8
|
|t:|1769337278
|-terastallize|p2a: Comfey|Water
|move|p1a: Cinderace|Pyro Ball|p2a: Comfey
|-resisted|p2a: Comfey
|-damage|p2a: Comfey|44/100
|move|p2a: Comfey|Stored Power|p1a: Cinderace
|-damage|p1a: Cinderace|0 fnt
|faint|p1a: Cinderace
|
|-weather|none
|upkeep
|
|t:|1769337288
|switch|p1a: Gholdengo|Gholdengo|100/100
|-item|p1a: Gholdengo|Air Balloon
|turn|9
|
|t:|1769337311
|move|p2a: Comfey|Draining Kiss|p1a: Gholdengo
|-resisted|p1a: Gholdengo
|-damage|p1a: Gholdengo|52/100
|-heal|p2a: Comfey|82/100|[from] drain|[of] p1a: Gholdengo
|-enditem|p1a: Gholdengo|Air Balloon
|move|p1a: Gholdengo|Shadow Ball|p2a: Comfey
|-damage|p2a: Comfey|38/100
|
|upkeep
|turn|10
|
|t:|1769337331
|move|p2a: Comfey|Draining Kiss|p1a: Gholdengo
|-resisted|p1a: Gholdengo
|-damage|p1a: Gholdengo|3/100
|-heal|p2a: Comfey|76/100|[from] drain|[of] p1a: Gholdengo
|move|p1a: Gholdengo|Shadow Ball|p2a: Comfey
|-damage|p2a: Comfey|35/100
|
|upkeep
|turn|11
|
|t:|1769337339
|move|p2a: Comfey|Draining Kiss|p1a: Gholdengo
|-resisted|p1a: Gholdengo
|-damage|p1a: Gholdengo|0 fnt
|-heal|p2a: Comfey|36/100|[from] drain|[of] p1a: Gholdengo
|faint|p1a: Gholdengo
|
|upkeep
|
|t:|1769337342
|switch|p1a: Corviknight|Corviknight, M|100/100
|-ability|p1a: Corviknight|Pressure
|turn|12
|
|t:|1769337346
|move|p2a: Comfey|Draining Kiss|p1a: Corviknight
|-resisted|p1a: Corviknight
|-damage|p1a: Corviknight|57/100
|-heal|p2a: Comfey|79/100|[from] drain|[of] p1a: Corviknight
|-damage|p2a: Comfey|62/100|[from] item: Rocky Helmet|[of] p1a: Corviknight
|move|p1a: Corviknight|Body Press|p2a: Comfey
|-damage|p2a: Comfey|30/100
|
|upkeep
|turn|13
|
|t:|1769337357
|move|p2a: Comfey|Draining Kiss|p1a: Corviknight
|-resisted|p1a: Corviknight
|-damage|p1a: Corviknight|20/100
|-heal|p2a: Comfey|66/100|[from] drain|[of] p1a: Corviknight
|-damage|p2a: Comfey|50/100|[from] item: Rocky Helmet|[of] p1a: Corviknight
|move|p1a: Corviknight|Body Press|p2a: Comfey
|-damage|p2a: Comfey|19/100
|
|upkeep
|turn|14
|
|t:|1769337361
|move|p2a: Comfey|Draining Kiss|p1a: Corviknight
|-resisted|p1a: Corviknight
|-damage|p1a: Corviknight|0 fnt
|-heal|p2a: Comfey|39/100|[from] drain|[of] p1a: Corviknight
|-damage|p2a: Comfey|22/100|[from] item: Rocky Helmet|[of] p1a: Corviknight
|faint|p1a: Corviknight
|
|upkeep
|
|t:|1769337365
|switch|p1a: Slowking|Slowking-Galar, F|100/100
|turn|15
|
|t:|1769337369
|move|p2a: Comfey|Stored Power|p1a: Slowking
|-damage|p1a: Slowking|0 fnt
|faint|p1a: Slowking
|
|upkeep
|-message|tmchina forfeited.
|
|win|schtarwors
|raw|tmchina's rating: 1436 &rarr; <strong>1416</strong><br />(-20 for losing)
|raw|schtarwors's rating: 1439 &rarr; <strong>1459</strong><br />(+20 for winning)
|l|☆tmchina
|player|p1|
|l|☆schtarwors
|player|p2|
