|badge|p1|bronze|gen9ou|100-8
|uhtml|medal-msg|<div class="broadcast-blue">Curious what those medals under the avatar are? PS now has Ladder Seasons! For more information, check out the <a href="https://www.smogon.com/forums/threads/3740067/">thread on Smogon.</a></div>
|j|☆Eel56
|j|☆sampoke19
|t:|1769406252
|gametype|singles
|player|p1|Eel56|1|1815
|player|p2|sampoke19|265|1614
|gen|9
|tier|[Gen 9] OU
|rated|
|rule|HP Percentage Mod: HP is shown in percentages
|rule|Endless Battle Clause: Forcing endless battles is banned
|rule|Species Clause: Limit one of each Pokémon
|rule|OHKO Clause: OHKO moves are banned
|rule|Evasion Items Clause: Evasion items are banned
|rule|Evasion Moves Clause: Evasion moves are banned
|rule|Evasion Abilities Clause: Evasion abilities are banned
|rule|Sleep Moves Clause: Sleep-inducing moves are banned
|clearpoke
|poke|p1|Pecharunt|
|poke|p1|Kingambit, F|
|poke|p1|Volcanion|
|poke|p1|Iron Valiant|
|poke|p1|Landorus-Therian, M|
|poke|p1|Deoxys-Speed|
|poke|p2|Blastoise, M|
|poke|p2|Ceruledge, F|
|poke|p2|Kingambit, M|
|poke|p2|Volcanion|
|poke|p2|Great Tusk|
|poke|p2|Haxorus, M|
|teampreview
|j| KappaHalo
|inactive|Battle timer is ON: inactive players will automatically lose when time's up. (requested by sampoke19)
|
|t:|1769406261
|teamsize|p1|6
|teamsize|p2|6
|start
|switch|p1a: Deoxys|Deoxys-Speed|100/100
|switch|p2a: Volcanion|Volcanion|100/100
|-ability|p1a: Deoxys|Pressure
|turn|1
|
|t:|1769406288
|move|p1a: Deoxys|Psycho Boost|p2a: Volcanion
|-damage|p2a: Volcanion|24/100
|-unboost|p1a: Deoxys|spa|2
|-enditem|p1a: Deoxys|Eject Pack
|
|t:|1769406297
|switch|p1a: Volcanion|Volcanion|100/100
|move|p2a: Volcanion|Steam Eruption|p1a: Volcanion
|-immune|p1a: Volcanion|[from] ability: Water Absorb
|
|upkeep
|turn|2
|
|t:|1769406307
|switch|p2a: Great Tusk|Great Tusk|100/100
|-enditem|p2a: Great Tusk|Booster Energy
|-activate|p2a: Great Tusk|ability: Protosynthesis|[fromitem]
|-start|p2a: Great Tusk|protosynthesisspe
|move|p1a: Volcanion|Flamethrower|p2a: Great Tusk
|-damage|p2a: Great Tusk|53/100
|
|upkeep
|turn|3
|inactive|Eel56 has 120 seconds left.
|
|t:|1769406323
|switch|p1a: Deoxys|Deoxys-Speed|100/100
|-ability|p1a: Deoxys|Pressure
|move|p2a: Great Tusk|Stealth Rock|p1a: Deoxys
|-sidestart|p1: Eel56|move: Stealth Rock
|
|upkeep
|turn|4
|
|t:|1769406331
|move|p1a: Deoxys|Spikes|p2a: Great Tusk
|-sidestart|p2: sampoke19|Spikes
|move|p2a: Great Tusk|Earthquake|p1a: Deoxys
|-damage|p1a: Deoxys|35/100
|
|upkeep
|turn|5
|
|t:|1769406339
|move|p1a: Deoxys|Psycho Boost|p2a: Great Tusk
|-supereffective|p2a: Great Tusk
|-damage|p2a: Great Tusk|0 fnt
|-unboost|p1a: Deoxys|spa|2
|faint|p2a: Great Tusk
|-end|p2a: Great Tusk|Protosynthesis|[silent]
|
|upkeep
|
|t:|1769406347
|switch|p2a: Blastoise|Blastoise, M, shiny|100/100
|-damage|p2a: Blastoise|88/100|[from] Spikes
|turn|6
|
|t:|1769406362
|move|p1a: Deoxys|Knock Off|p2a: Blastoise
|-damage|p2a: Blastoise|62/100
|-enditem|p2a: Blastoise|White Herb|[from] move: Knock Off|[of] p1a: Deoxys
|move|p2a: Blastoise|Shell Smash|p2a: Blastoise
|-unboost|p2a: Blastoise|def|1
|-unboost|p2a: Blastoise|spd|1
|-boost|p2a: Blastoise|atk|2
|-boost|p2a: Blastoise|spa|2
|-boost|p2a: Blastoise|spe|2
|
|upkeep
|turn|7
|j| Asrzzz
|
|t:|1769406379
|move|p2a: Blastoise|Ice Beam|p1a: Deoxys
|-damage|p1a: Deoxys|0 fnt
|faint|p1a: Deoxys
|
|upkeep
|inactive|Eel56 has 120 seconds left.
|
|t:|1769406417
|switch|p1a: Volcanion|Volcanion|100/100
|-damage|p1a: Volcanion|76/100|[from] Stealth Rock
|turn|8
|
|t:|1769406421
|-terastallize|p2a: Blastoise|Grass
|move|p2a: Blastoise|Tera Blast|p1a: Volcanion|[anim] Tera Blast Grass
|-damage|p1a: Volcanion|4/100
|move|p1a: Volcanion|Steam Eruption|p2a: Blastoise
|-resisted|p2a: Blastoise
|-damage|p2a: Blastoise|19/100
|-status|p2a: Blastoise|brn
|
|-heal|p1a: Volcanion|10/100|[from] item: Leftovers
|-damage|p2a: Blastoise|13/100 brn|[from] brn
|upkeep
|turn|9
|inactive|Eel56 has 120 seconds left.
|
|t:|1769406434
|move|p2a: Blastoise|Tera Blast|p1a: Volcanion|[anim] Tera Blast Grass
|-damage|p1a: Volcanion|0 fnt
|faint|p1a: Volcanion
|
|-damage|p2a: Blastoise|7/100 brn|[from] brn
|upkeep
|
|t:|1769406436
|switch|p1a: Kingambit|Kingambit, F|100/100
|-damage|p1a: Kingambit|94/100|[from] Stealth Rock
|-activate|p1a: Kingambit|ability: Supreme Overlord
|-start|p1a: Kingambit|fallen2|[silent]
|turn|10
|
|t:|1769406445
|move|p1a: Kingambit|Sucker Punch|p2a: Blastoise
|-damage|p2a: Blastoise|0 fnt
|faint|p2a: Blastoise
|
|-heal|p1a: Kingambit|100/100|[from] item: Leftovers
|upkeep
|
|t:|1769406453
|switch|p2a: Haxorus|Haxorus, M|100/100
|-damage|p2a: Haxorus|88/100|[from] Spikes
|-ability|p2a: Haxorus|Mold Breaker
|turn|11
|
|t:|1769406468
|-end|p1a: Kingambit|fallen2|[silent]
|switch|p1a: Pecharunt|Pecharunt|100/100
|move|p2a: Haxorus|Close Combat|p1a: Pecharunt
|-immune|p1a: Pecharunt
|
|upkeep
|turn|12
|
|t:|1769406477
|move|p1a: Pecharunt|Shadow Ball|p2a: Haxorus
|-damage|p2a: Haxorus|41/100
|move|p2a: Haxorus|Swords Dance|p2a: Haxorus
|-boost|p2a: Haxorus|atk|2
|
|upkeep
|turn|13
|
|t:|1769406484
|move|p1a: Pecharunt|Shadow Ball|p2a: Haxorus
|-damage|p2a: Haxorus|0 fnt
|faint|p2a: Haxorus
|
|upkeep
|-message|sampoke19 forfeited.
|
|win|Eel56
|raw|Eel56's rating: 1815 &rarr; <strong>1825</strong><br />(+10 for winning)
|raw|sampoke19's rating: 1614 &rarr; <strong>1604</strong><br />(-10 for losing)
|l|☆sampoke19
|player|p2|
|l|☆Eel56
|player|p1|
|l| KappaHalo
|l| Asrzzz
