|j|☆extrem vitesse
|j|☆Purpleaxolotl48
|t:|1769350118
|gametype|singles
|player|p1|extrem vitesse|266|1234
|player|p2|Purpleaxolotl48|workerice|1217
|gen|9
|tier|[Gen 9] OU
|rated|
|rule|HP Percentage Mod: HP is shown in percentages
|rule|Endless Battle Clause: Forcing endless battles is banned
|rule|Species Clause: Limit one of each Pokémon
|rule|OHKO Clause: OHKO moves are banned
|rule|Evasion Items Clause: Evasion items are banned
|rule|Evasion Moves Clause: Evasion moves are banned
|rule|Evasion Abilities Clause: Evasion abilities are banned
|rule|Sleep Moves Clause: Sleep-inducing moves are banned
|clearpoke
|poke|p1|Araquanid, F|
|poke|p1|Cinderace, F|
|poke|p1|Kingambit, F|
|poke|p1|Empoleon, F|
|poke|p1|Toedscruel, M|
|poke|p1|Alomomola, F|
|poke|p2|Komala, M|
|poke|p2|Swampert, M|
|poke|p2|Whimsicott, F|
|poke|p2|Frosmoth, F|
|poke|p2|Garganacl, F|
|poke|p2|Skeledirge, M|
|teampreview
|
|t:|1769350136
|teamsize|p1|6
|teamsize|p2|6
|start
|switch|p1a: Araquanid|Araquanid, F|100/100
|switch|p2a: Tumble|Whimsicott, F|100/100
|turn|1
|
|t:|1769350164
|move|p2a: Tumble|Substitute|p2a: Tumble
|-start|p2a: Tumble|Substitute
|-damage|p2a: Tumble|76/100
|move|p1a: Araquanid|Sticky Web|p2a: Tumble
|-sidestart|p2: Purpleaxolotl48|move: Sticky Web
|
|-heal|p2a: Tumble|82/100|[from] item: Leftovers
|upkeep
|turn|2
|
|t:|1769350170
|switch|p1a: Cinderace|Cinderace, F|100/100
|move|p2a: Tumble|Encore||[still]
|-fail|p2a: Tumble
|
|-heal|p2a: Tumble|88/100|[from] item: Leftovers
|upkeep
|turn|3
|
|t:|1769350177
|move|p1a: Cinderace|Pyro Ball|p2a: Tumble
|-supereffective|p2a: Tumble
|-end|p2a: Tumble|Substitute
|move|p2a: Tumble|Moonblast|p1a: Cinderace
|-resisted|p1a: Cinderace
|-damage|p1a: Cinderace|81/100
|-unboost|p1a: Cinderace|spa|1
|
|-heal|p2a: Tumble|94/100|[from] item: Leftovers
|upkeep
|turn|4
|
|t:|1769350190
|move|p2a: Tumble|Substitute|p2a: Tumble
|-start|p2a: Tumble|Substitute
|-damage|p2a: Tumble|70/100
|move|p1a: Cinderace|Trailblaze|p2a: Tumble
|-start|p1a: Cinderace|typechange|Grass|[from] ability: Libero
|-resisted|p2a: Tumble
|-activate|p2a: Tumble|move: Substitute|[damage]
|-boost|p1a: Cinderace|spe|1
|
|-heal|p2a: Tumble|76/100|[from] item: Leftovers
|upkeep
|turn|5
|
|t:|1769350209
|move|p2a: Tumble|Encore|p1a: Cinderace
|-start|p1a: Cinderace|Encore
|move|p1a: Cinderace|Trailblaze|p2a: Tumble
|-resisted|p2a: Tumble
|-activate|p2a: Tumble|move: Substitute|[damage]
|-boost|p1a: Cinderace|spe|1
|
|-heal|p2a: Tumble|82/100|[from] item: Leftovers
|upkeep
|turn|6
|
|t:|1769350224
|switch|p1a: Alomomola|Alomomola, F|100/100
|move|p2a: Tumble|Moonblast|p1a: Alomomola
|-damage|p1a: Alomomola|70/100
|-unboost|p1a: Alomomola|spa|1
|
|-heal|p2a: Tumble|88/100|[from] item: Leftovers
|-heal|p1a: Alomomola|76/100|[from] item: Leftovers
|upkeep
|turn|7
|
|t:|1769350233
|switch|p1a: Cinderace|Cinderace, F|81/100
|move|p2a: Tumble|Leech Seed|p1a: Cinderace
|-start|p1a: Cinderace|move: Leech Seed
|
|-heal|p2a: Tumble|94/100|[from] item: Leftovers
|-damage|p1a: Cinderace|69/100|[from] Leech Seed|[of] p2a: Tumble
|-heal|p2a: Tumble|100/100|[silent]
|upkeep
|turn|8
|
|t:|1769350241
|move|p1a: Cinderace|Court Change|p1a: Cinderace
|-start|p1a: Cinderace|typechange|Normal|[from] ability: Libero
|-swapsideconditions
|-activate|p1a: Cinderace|move: Court Change
|move|p2a: Tumble|Moonblast|p1a: Cinderace
|-damage|p1a: Cinderace|32/100
|
|-damage|p1a: Cinderace|20/100|[from] Leech Seed|[of] p2a: Tumble
|upkeep
|turn|9
|
|t:|1769350255
|switch|p1a: Alomomola|Alomomola, F|76/100
|-activate|p1a: Alomomola|move: Sticky Web
|-unboost|p1a: Alomomola|spe|1
|move|p2a: Tumble|Moonblast|p1a: Alomomola
|-damage|p1a: Alomomola|45/100
|-unboost|p1a: Alomomola|spa|1
|
|-heal|p1a: Alomomola|51/100|[from] item: Leftovers
|upkeep
|turn|10
|
|t:|1769350266
|move|p2a: Tumble|Leech Seed|p1a: Alomomola
|-start|p1a: Alomomola|move: Leech Seed
|move|p1a: Alomomola|Wish|p1a: Alomomola
|
|-heal|p1a: Alomomola|57/100|[from] item: Leftovers
|-damage|p1a: Alomomola|45/100|[from] Leech Seed|[of] p2a: Tumble
|upkeep
|turn|11
|
|t:|1769350273
|switch|p1a: Cinderace|Cinderace, F|20/100
|move|p2a: Tumble|Encore||[still]
|-fail|p2a: Tumble
|
|-heal|p1a: Cinderace|100/100|[from] move: Wish|[wisher] Alomomola
|upkeep
|turn|12
|
|t:|1769350281
|move|p1a: Cinderace|Pyro Ball|p2a: Tumble
|-supereffective|p2a: Tumble
|-end|p2a: Tumble|Substitute
|move|p2a: Tumble|Moonblast|p1a: Cinderace
|-resisted|p1a: Cinderace
|-damage|p1a: Cinderace|81/100
|
|upkeep
|turn|13
|
|t:|1769350287
|switch|p2a: Skeledirge|Skeledirge, M|100/100
|move|p1a: Cinderace|Pyro Ball|p2a: Skeledirge
|-resisted|p2a: Skeledirge
|-damage|p2a: Skeledirge|84/100
|
|upkeep
|turn|14
|
|t:|1769350298
|switch|p1a: Alomomola|Alomomola, F|45/100
|-activate|p1a: Alomomola|move: Sticky Web
|-unboost|p1a: Alomomola|spe|1
|move|p2a: Skeledirge|Torch Song|p1a: Alomomola
|-resisted|p1a: Alomomola
|-damage|p1a: Alomomola|27/100
|-boost|p2a: Skeledirge|spa|1
|
|-heal|p1a: Alomomola|34/100|[from] item: Leftovers
|upkeep
|turn|15
|
|t:|1769350310
|move|p2a: Skeledirge|Hex|p1a: Alomomola
|-damage|p1a: Alomomola|0 fnt
|faint|p1a: Alomomola
|
|upkeep
|
|t:|1769350316
|switch|p1a: Toedscruel|Toedscruel, M|100/100
|-activate|p1a: Toedscruel|move: Sticky Web
|-unboost|p1a: Toedscruel|spe|1
|turn|16
|
|t:|1769350330
|switch|p2a: Komala|Komala, M|100/100
|-ability|p2a: Komala|Comatose
|-terastallize|p1a: Toedscruel|Ground
|move|p1a: Toedscruel|Trick Room|p1a: Toedscruel
|-fieldstart|move: Trick Room|[of] p1a: Toedscruel
|
|upkeep
|turn|17
|
|t:|1769350342
|switch|p1a: Kingambit|Kingambit, F|100/100
|-activate|p1a: Kingambit|move: Sticky Web
|-unboost|p1a: Kingambit|spe|1
|-ability|p1a: Kingambit|Defiant|boost
|-boost|p1a: Kingambit|atk|2
|move|p2a: Komala|Rapid Spin|p1a: Kingambit
|-resisted|p1a: Kingambit
|-damage|p1a: Kingambit|94/100
|-boost|p2a: Komala|spe|1
|
|upkeep
|turn|18
|
|t:|1769350355
|switch|p2a: Skeledirge|Skeledirge, M|84/100
|move|p1a: Kingambit|Kowtow Cleave|p2a: Skeledirge
|-supereffective|p2a: Skeledirge
|-damage|p2a: Skeledirge|20/100
|
|upkeep
|turn|19
|
|t:|1769350362
|move|p1a: Kingambit|Kowtow Cleave|p2a: Skeledirge
|-supereffective|p2a: Skeledirge
|-damage|p2a: Skeledirge|0 fnt
|faint|p2a: Skeledirge
|
|upkeep
|
|t:|1769350368
|switch|p2a: Swampert|Swampert, M|100/100
|turn|20
|
|t:|1769350382
|move|p1a: Kingambit|Kowtow Cleave|p2a: Swampert
|-damage|p2a: Swampert|1/100
|move|p2a: Swampert|Earthquake|p1a: Kingambit
|-supereffective|p1a: Kingambit
|-damage|p1a: Kingambit|23/100
|
|-heal|p2a: Swampert|7/100|[from] item: Leftovers
|-fieldend|move: Trick Room
|upkeep
|turn|21
|
|t:|1769350390
|move|p1a: Kingambit|Sucker Punch||[still]
|-fail|p1a: Kingambit
|move|p2a: Swampert|Stealth Rock|p1a: Kingambit
|-sidestart|p1: extrem vitesse|move: Stealth Rock
|
|-heal|p2a: Swampert|13/100|[from] item: Leftovers
|upkeep
|turn|22
|
|t:|1769350398
|switch|p2a: Garganacl|Garganacl, F|100/100
|move|p1a: Kingambit|Sucker Punch||[still]
|-fail|p1a: Kingambit
|
|upkeep
|turn|23
|
|t:|1769350402
|switch|p1a: Araquanid|Araquanid, F|100/100
|-activate|p1a: Araquanid|move: Sticky Web
|-unboost|p1a: Araquanid|spe|1
|-damage|p1a: Araquanid|76/100|[from] Stealth Rock
|move|p2a: Garganacl|Iron Defense|p2a: Garganacl
|-boost|p2a: Garganacl|def|2
|
|upkeep
|turn|24
|
|t:|1769350423
|-terastallize|p2a: Garganacl|Ghost
|move|p2a: Garganacl|Iron Defense|p2a: Garganacl
|-boost|p2a: Garganacl|def|2
|move|p1a: Araquanid|Sticky Web|p2a: Garganacl
|-sidestart|p2: Purpleaxolotl48|move: Sticky Web
|
|upkeep
|turn|25
|
|t:|1769350436
|switch|p1a: Toedscruel|Toedscruel, M, tera:Ground|100/100
|-activate|p1a: Toedscruel|move: Sticky Web
|-unboost|p1a: Toedscruel|spe|1
|-damage|p1a: Toedscruel|94/100|[from] Stealth Rock
|move|p2a: Garganacl|Salt Cure|p1a: Toedscruel
|-resisted|p1a: Toedscruel
|-damage|p1a: Toedscruel|88/100
|-start|p1a: Toedscruel|Salt Cure
|
|-heal|p1a: Toedscruel|94/100|[from] item: Leftovers
|-damage|p1a: Toedscruel|82/100|[from] Salt Cure
|upkeep
|turn|26
|
|t:|1769350444
|move|p2a: Garganacl|Body Press|p1a: Toedscruel
|-damage|p1a: Toedscruel|26/100
|move|p1a: Toedscruel|Trick Room|p1a: Toedscruel
|-fieldstart|move: Trick Room|[of] p1a: Toedscruel
|
|-heal|p1a: Toedscruel|32/100|[from] item: Leftovers
|-damage|p1a: Toedscruel|19/100|[from] Salt Cure
|upkeep
|turn|27
|
|t:|1769350457
|move|p2a: Garganacl|Salt Cure|p1a: Toedscruel
|-resisted|p1a: Toedscruel
|-damage|p1a: Toedscruel|13/100
|move|p1a: Toedscruel|Toxic|p2a: Garganacl|[miss]
|-miss|p1a: Toedscruel|p2a: Garganacl
|
|-heal|p1a: Toedscruel|19/100|[from] item: Leftovers
|-damage|p1a: Toedscruel|7/100|[from] Salt Cure
|upkeep
|turn|28
|
|t:|1769350471
|move|p2a: Garganacl|Iron Defense|p2a: Garganacl
|-boost|p2a: Garganacl|def|2
|move|p1a: Toedscruel|Toxic|p2a: Garganacl
|-status|p2a: Garganacl|tox
|
|-heal|p1a: Toedscruel|13/100|[from] item: Leftovers
|-damage|p2a: Garganacl|94/100 tox|[from] psn
|-damage|p1a: Toedscruel|0 fnt|[from] Salt Cure
|faint|p1a: Toedscruel
|upkeep
|
|t:|1769350480
|switch|p1a: Empoleon|Empoleon, F|100/100
|-activate|p1a: Empoleon|move: Sticky Web
|-unboost|p1a: Empoleon|spe|1
|-ability|p1a: Empoleon|Competitive|boost
|-boost|p1a: Empoleon|spa|2
|-damage|p1a: Empoleon|94/100|[from] Stealth Rock
|turn|29
|
|t:|1769350490
|move|p1a: Empoleon|Surf|p2a: Garganacl
|-damage|p2a: Garganacl|16/100 tox
|-damage|p1a: Empoleon|84/100|[from] item: Life Orb
|move|p2a: Garganacl|Body Press|p1a: Empoleon
|-supereffective|p1a: Empoleon
|-damage|p1a: Empoleon|0 fnt
|faint|p1a: Empoleon
|
|-damage|p2a: Garganacl|3/100 tox|[from] psn
|upkeep
|-message|extrem vitesse forfeited.
|
|win|Purpleaxolotl48
|raw|extrem vitesse's rating: 1234 &rarr; <strong>1208</strong><br />(-26 for losing)
|raw|Purpleaxolotl48's rating: 1217 &rarr; <strong>1243</strong><br />(+26 for winning)
|l|☆extrem vitesse
|player|p1|
|l|☆Purpleaxolotl48
|player|p2|
