|j|☆Black Brethren
|j|☆CA10MDTP
|t:|1769404768
|gametype|singles
|player|p1|Black Brethren|265|1247
|player|p2|CA10MDTP|n|1247
|gen|9
|tier|[Gen 9] OU
|rated|
|rule|HP Percentage Mod: HP is shown in percentages
|rule|Endless Battle Clause: Forcing endless battles is banned
|rule|Species Clause: Limit one of each Pokémon
|rule|OHKO Clause: OHKO moves are banned
|rule|Evasion Items Clause: Evasion items are banned
|rule|Evasion Moves Clause: Evasion moves are banned
|rule|Evasion Abilities Clause: Evasion abilities are banned
|rule|Sleep Moves Clause: Sleep-inducing moves are banned
|clearpoke
|poke|p1|Weezing-Galar, F|
|poke|p1|Dragapult, F|
|poke|p1|Primarina, F|
|poke|p1|Kingambit, F|
|poke|p1|Deoxys-Speed|
|poke|p1|Heatran, F|
|poke|p2|Muk-Alola, M|
|poke|p2|Rillaboom, F|
|poke|p2|Heatran, M|
|poke|p2|Corviknight, F|
|poke|p2|Blissey, F|
|poke|p2|Gholdengo|
|teampreview
|
|t:|1769404781
|teamsize|p1|6
|teamsize|p2|6
|start
|switch|p1a: Heatran|Heatran, F|100/100
|switch|p2a: Blissey|Blissey, F|100/100
|-item|p1a: Heatran|Air Balloon
|turn|1
|
|t:|1769404793
|switch|p1a: Dragapult|Dragapult, F|100/100
|move|p2a: Blissey|Thunder Wave|p1a: Dragapult
|-status|p1a: Dragapult|par
|
|upkeep
|turn|2
|
|t:|1769404805
|switch|p2a: Muk|Muk-Alola, M|100/100
|move|p1a: Dragapult|Will-O-Wisp|p2a: Muk
|-status|p2a: Muk|brn
|
|-damage|p2a: Muk|94/100 brn|[from] brn
|upkeep
|turn|3
|
|t:|1769404813
|move|p1a: Dragapult|U-turn|p2a: Muk
|-damage|p2a: Muk|79/100 brn
|
|t:|1769404817
|switch|p1a: Primarina|Primarina, F|100/100|[from] U-turn
|move|p2a: Muk|Substitute|p2a: Muk
|-start|p2a: Muk|Substitute
|-damage|p2a: Muk|54/100 brn
|
|-heal|p2a: Muk|61/100 brn|[from] item: Black Sludge
|-damage|p2a: Muk|54/100 brn|[from] brn
|upkeep
|turn|4
|
|t:|1769404825
|move|p1a: Primarina|Moonblast|p2a: Muk
|-end|p2a: Muk|Substitute
|move|p2a: Muk|Knock Off|p1a: Primarina
|-resisted|p1a: Primarina
|-damage|p1a: Primarina|90/100
|-enditem|p1a: Primarina|Throat Spray|[from] move: Knock Off|[of] p2a: Muk
|
|-heal|p2a: Muk|61/100 brn|[from] item: Black Sludge
|-damage|p2a: Muk|54/100 brn|[from] brn
|upkeep
|turn|5
|
|t:|1769404837
|switch|p2a: Blissey|Blissey, F|100/100
|move|p1a: Primarina|Alluring Voice|p2a: Blissey
|-damage|p2a: Blissey|90/100
|
|-heal|p2a: Blissey|97/100|[from] item: Leftovers
|upkeep
|turn|6
|
|t:|1769404842
|move|p1a: Primarina|Protect|p1a: Primarina
|-singleturn|p1a: Primarina|Protect
|move|p2a: Blissey|Heal Bell|p2a: Blissey
|-activate|p2a: Blissey|move: Heal Bell
|-curestatus|p2: Muk|brn|[msg]
|
|-heal|p2a: Blissey|100/100|[from] item: Leftovers
|upkeep
|turn|7
|
|t:|1769404850
|switch|p2a: Rillaboom|Rillaboom, F|100/100
|-fieldstart|move: Grassy Terrain|[from] ability: Grassy Surge|[of] p2a: Rillaboom
|move|p1a: Primarina|Encore||[still]
|-fail|p1a: Primarina
|
|-heal|p1a: Primarina|96/100|[from] Grassy Terrain
|upkeep
|turn|8
|
|t:|1769404857
|switch|p1a: Dragapult|Dragapult, F|100/100 par
|move|p2a: Rillaboom|U-turn|p1a: Dragapult
|-resisted|p1a: Dragapult
|-damage|p1a: Dragapult|77/100 par
|-damage|p2a: Rillaboom|91/100|[from] item: Life Orb
|
|t:|1769404863
|switch|p2a: Muk|Muk-Alola, M|54/100|[from] U-turn
|
|-heal|p1a: Dragapult|83/100 par|[from] Grassy Terrain
|-heal|p2a: Muk|61/100|[from] Grassy Terrain
|-heal|p2a: Muk|67/100|[from] item: Black Sludge
|upkeep
|turn|9
|
|t:|1769404867
|move|p2a: Muk|Protect|p2a: Muk
|-singleturn|p2a: Muk|Protect
|cant|p1a: Dragapult|par
|
|-heal|p1a: Dragapult|89/100 par|[from] Grassy Terrain
|-heal|p2a: Muk|73/100|[from] Grassy Terrain
|-heal|p2a: Muk|79/100|[from] item: Black Sludge
|upkeep
|turn|10
|
|t:|1769404872
|move|p1a: Dragapult|Dragon Darts|p2a: Muk
|-damage|p2a: Muk|63/100
|-anim|p1a: Dragapult|Dragon Darts|p2a: Muk
|-damage|p2a: Muk|47/100
|move|p2a: Muk|Knock Off|p1a: Dragapult
|-supereffective|p1a: Dragapult
|-damage|p1a: Dragapult|0 fnt
|-enditem|p1a: Dragapult|Heavy-Duty Boots|[from] move: Knock Off|[of] p2a: Muk
|faint|p1a: Dragapult
|
|-heal|p2a: Muk|54/100|[from] Grassy Terrain
|-heal|p2a: Muk|60/100|[from] item: Black Sludge
|upkeep
|
|t:|1769404882
|switch|p1a: Heatran|Heatran, F|100/100
|-item|p1a: Heatran|Air Balloon
|turn|11
|
|t:|1769404888
|move|p2a: Muk|Protect|p2a: Muk
|-singleturn|p2a: Muk|Protect
|move|p1a: Heatran|Magma Storm|p2a: Muk
|-activate|p2a: Muk|move: Protect
|
|-heal|p2a: Muk|66/100|[from] Grassy Terrain
|-heal|p2a: Muk|72/100|[from] item: Black Sludge
|-fieldend|move: Grassy Terrain
|upkeep
|turn|12
|
|t:|1769404900
|switch|p1a: Primarina|Primarina, F|96/100
|switch|p2a: Blissey|Blissey, F|100/100
|
|upkeep
|turn|13
|
|t:|1769404907
|move|p1a: Primarina|Encore||[still]
|-fail|p1a: Primarina
|move|p2a: Blissey|Seismic Toss|p1a: Primarina
|-damage|p1a: Primarina|69/100
|
|upkeep
|turn|14
|
|t:|1769404917
|switch|p1a: Kingambit|Kingambit, F|100/100
|-activate|p1a: Kingambit|ability: Supreme Overlord
|-start|p1a: Kingambit|fallen1|[silent]
|switch|p2a: Rillaboom|Rillaboom, F|91/100
|-fieldstart|move: Grassy Terrain|[from] ability: Grassy Surge|[of] p2a: Rillaboom
|
|-heal|p2a: Rillaboom|97/100|[from] Grassy Terrain
|upkeep
|turn|15
|
|t:|1769404922
|-terastallize|p1a: Kingambit|Flying
|move|p2a: Rillaboom|Drain Punch|p1a: Kingambit
|-resisted|p1a: Kingambit
|-damage|p1a: Kingambit|89/100
|-heal|p2a: Rillaboom|100/100|[from] drain|[of] p1a: Kingambit
|-damage|p2a: Rillaboom|91/100|[from] item: Life Orb
|move|p1a: Kingambit|Kowtow Cleave|p2a: Rillaboom
|-damage|p2a: Rillaboom|23/100
|
|-heal|p2a: Rillaboom|30/100|[from] Grassy Terrain
|upkeep
|turn|16
|
|t:|1769404933
|switch|p2a: Corviknight|Corviknight, F|100/100
|-ability|p2a: Corviknight|Pressure
|move|p1a: Kingambit|Sucker Punch||[still]
|-fail|p1a: Kingambit
|
|upkeep
|turn|17
|
|t:|1769404939
|-end|p1a: Kingambit|fallen1|[silent]
|switch|p1a: Heatran|Heatran, F|100/100
|-item|p1a: Heatran|Air Balloon
|move|p2a: Corviknight|Body Press|p1a: Heatran
|-supereffective|p1a: Heatran
|-damage|p1a: Heatran|53/100
|-enditem|p1a: Heatran|Air Balloon
|
|-heal|p1a: Heatran|59/100|[from] Grassy Terrain
|upkeep
|turn|18
|
|t:|1769404948
|switch|p2a: Blissey|Blissey, F|100/100
|move|p1a: Heatran|Magma Storm|p2a: Blissey|[miss]
|-miss|p1a: Heatran|p2a: Blissey
|
|-heal|p1a: Heatran|65/100|[from] Grassy Terrain
|-fieldend|move: Grassy Terrain
|upkeep
|turn|19
|
|t:|1769404953
|move|p1a: Heatran|Magma Storm|p2a: Blissey
|-damage|p2a: Blissey|84/100
|-activate|p2a: Blissey|move: Magma Storm|[of] p1a: Heatran
|move|p2a: Blissey|Thunder Wave|p1a: Heatran
|-status|p1a: Heatran|par
|
|-heal|p2a: Blissey|90/100|[from] item: Leftovers
|-damage|p2a: Blissey|78/100|[from] move: Magma Storm|[partiallytrapped]
|upkeep
|turn|20
|
|t:|1769404962
|move|p2a: Blissey|Seismic Toss|p1a: Heatran
|-damage|p1a: Heatran|39/100 par
|cant|p1a: Heatran|par
|
|-heal|p2a: Blissey|84/100|[from] item: Leftovers
|-damage|p2a: Blissey|72/100|[from] move: Magma Storm|[partiallytrapped]
|upkeep
|turn|21
|
|t:|1769404966
|move|p1a: Heatran|Protect|p1a: Heatran
|-singleturn|p1a: Heatran|Protect
|move|p2a: Blissey|Seismic Toss|p1a: Heatran
|-activate|p1a: Heatran|move: Protect
|
|-heal|p2a: Blissey|78/100|[from] item: Leftovers
|-damage|p2a: Blissey|65/100|[from] move: Magma Storm|[partiallytrapped]
|upkeep
|turn|22
|
|t:|1769404973
|move|p2a: Blissey|Seismic Toss|p1a: Heatran
|-damage|p1a: Heatran|13/100 par
|move|p1a: Heatran|Magma Storm|p2a: Blissey
|-damage|p2a: Blissey|49/100
|
|-heal|p2a: Blissey|55/100|[from] item: Leftovers
|-damage|p2a: Blissey|43/100|[from] move: Magma Storm|[partiallytrapped]
|upkeep
|turn|23
|
|t:|1769404981
|move|p1a: Heatran|Protect|p1a: Heatran
|-singleturn|p1a: Heatran|Protect
|move|p2a: Blissey|Soft-Boiled|p2a: Blissey
|-heal|p2a: Blissey|93/100
|
|-heal|p2a: Blissey|99/100|[from] item: Leftovers
|-end|p2a: Blissey|Magma Storm|[partiallytrapped]
|upkeep
|turn|24
|
|t:|1769404985
|move|p2a: Blissey|Seismic Toss|p1a: Heatran
|-damage|p1a: Heatran|0 fnt
|faint|p1a: Heatran
|
|-heal|p2a: Blissey|100/100|[from] item: Leftovers
|upkeep
|
|t:|1769404988
|switch|p1a: Kingambit|Kingambit, F, tera:Flying|89/100
|-activate|p1a: Kingambit|ability: Supreme Overlord
|-start|p1a: Kingambit|fallen2|[silent]
|turn|25
|
|t:|1769404993
|switch|p2a: Corviknight|Corviknight, F|100/100
|-ability|p2a: Corviknight|Pressure
|move|p1a: Kingambit|Kowtow Cleave|p2a: Corviknight
|-damage|p2a: Corviknight|60/100
|-damage|p1a: Kingambit|72/100|[from] item: Rocky Helmet|[of] p2a: Corviknight
|
|upkeep
|turn|26
|
|t:|1769405001
|move|p2a: Corviknight|Roost|p2a: Corviknight
|-heal|p2a: Corviknight|100/100
|-singleturn|p2a: Corviknight|move: Roost
|move|p1a: Kingambit|Kowtow Cleave|p2a: Corviknight
|-damage|p2a: Corviknight|58/100
|-damage|p1a: Kingambit|55/100|[from] item: Rocky Helmet|[of] p2a: Corviknight
|
|upkeep
|turn|27
|
|t:|1769405020
|-end|p1a: Kingambit|fallen2|[silent]
|switch|p1a: Weezing|Weezing-Galar, F|100/100
|-ability|p1a: Weezing|Neutralizing Gas
|move|p2a: Corviknight|Brave Bird|p1a: Weezing
|-damage|p1a: Weezing|76/100
|-damage|p2a: Corviknight|52/100|[from] Recoil
|
|-heal|p1a: Weezing|82/100|[from] item: Leftovers
|upkeep
|turn|28
|
|t:|1769405026
|switch|p2a: Heatran|Heatran, M|100/100
|move|p1a: Weezing|Will-O-Wisp|p2a: Heatran
|-immune|p2a: Heatran
|
|-heal|p1a: Weezing|88/100|[from] item: Leftovers
|upkeep
|turn|29
|
|t:|1769405030
|move|p2a: Heatran|Magma Storm|p1a: Weezing
|-damage|p1a: Weezing|28/100
|-activate|p1a: Weezing|move: Magma Storm|[of] p2a: Heatran
|move|p1a: Weezing|Pain Split|p2a: Heatran
|-sethp|p2a: Heatran|62/100|[from] move: Pain Split|[silent]
|-sethp|p1a: Weezing|72/100|[from] move: Pain Split
|
|-heal|p2a: Heatran|69/100|[from] item: Leftovers
|-heal|p1a: Weezing|78/100|[from] item: Leftovers
|-damage|p1a: Weezing|65/100|[from] move: Magma Storm|[partiallytrapped]
|upkeep
|turn|30
|
|t:|1769405037
|move|p2a: Heatran|Flash Cannon|p1a: Weezing
|-supereffective|p1a: Weezing
|-damage|p1a: Weezing|0 fnt
|faint|p1a: Weezing
|-end|p1a: Weezing|ability: Neutralizing Gas
|
|-heal|p2a: Heatran|75/100|[from] item: Leftovers
|upkeep
|
|t:|1769405050
|switch|p1a: Deoxys|Deoxys-Speed|100/100
|-ability|p1a: Deoxys|Pressure
|turn|31
|
|t:|1769405055
|move|p2a: Heatran|Protect|p2a: Heatran
|-singleturn|p2a: Heatran|Protect
|move|p1a: Deoxys|Focus Blast|p2a: Heatran
|-activate|p2a: Heatran|move: Protect
|
|-heal|p2a: Heatran|81/100|[from] item: Leftovers
|upkeep
|turn|32
|
|t:|1769405060
|switch|p2a: Gholdengo|Gholdengo|100/100
|move|p1a: Deoxys|Focus Blast|p2a: Gholdengo
|-immune|p2a: Gholdengo
|
|upkeep
|turn|33
|
|t:|1769405070
|switch|p1a: Primarina|Primarina, F|69/100
|move|p2a: Gholdengo|Shadow Ball|p1a: Primarina
|-damage|p1a: Primarina|49/100
|
|upkeep
|turn|34
|
|t:|1769405077
|move|p2a: Gholdengo|Nasty Plot|p2a: Gholdengo
|-boost|p2a: Gholdengo|spa|2
|move|p1a: Primarina|Alluring Voice|p2a: Gholdengo
|-damage|p2a: Gholdengo|72/100
|-start|p2a: Gholdengo|confusion
|
|upkeep
|turn|35
|
|t:|1769405085
|switch|p1a: Kingambit|Kingambit, F, tera:Flying|55/100
|-activate|p1a: Kingambit|ability: Supreme Overlord
|-start|p1a: Kingambit|fallen3|[silent]
|-activate|p2a: Gholdengo|confusion
|-damage|p2a: Gholdengo|68/100|[from] confusion
|
|upkeep
|turn|36
|
|t:|1769405095
|-terastallize|p2a: Gholdengo|Fairy
|-activate|p2a: Gholdengo|confusion
|move|p2a: Gholdengo|Shadow Ball|p1a: Kingambit
|-damage|p1a: Kingambit|0 fnt
|faint|p1a: Kingambit
|-end|p1a: Kingambit|fallen3|[silent]
|
|upkeep
|
|t:|1769405099
|switch|p1a: Deoxys|Deoxys-Speed|100/100
|-ability|p1a: Deoxys|Pressure
|turn|37
|
|t:|1769405103
|move|p1a: Deoxys|Psycho Boost|p2a: Gholdengo
|-damage|p2a: Gholdengo|0 fnt
|-unboost|p1a: Deoxys|spa|2
|faint|p2a: Gholdengo
|
|upkeep
|
|t:|1769405116
|switch|p2a: Blissey|Blissey, F|100/100
|turn|38
|
|t:|1769405156
|switch|p1a: Primarina|Primarina, F|49/100
|move|p2a: Blissey|Thunder Wave|p1a: Primarina
|-status|p1a: Primarina|par
|
|upkeep
|turn|39
|
|t:|1769405162
|move|p1a: Primarina|Protect|p1a: Primarina
|-singleturn|p1a: Primarina|Protect
|move|p2a: Blissey|Seismic Toss|p1a: Primarina
|-activate|p1a: Primarina|move: Protect
|
|upkeep
|turn|40
|
|t:|1769405229
|move|p2a: Blissey|Seismic Toss|p1a: Primarina
|-damage|p1a: Primarina|21/100 par
|move|p1a: Primarina|Moonblast|p2a: Blissey
|-damage|p2a: Blissey|90/100
|-unboost|p2a: Blissey|spa|1
|
|-heal|p2a: Blissey|96/100|[from] item: Leftovers
|upkeep
|turn|41
|
|t:|1769405238
|move|p2a: Blissey|Seismic Toss|p1a: Primarina
|-damage|p1a: Primarina|0 fnt
|faint|p1a: Primarina
|
|-heal|p2a: Blissey|100/100|[from] item: Leftovers
|upkeep
|
|t:|1769405241
|switch|p1a: Deoxys|Deoxys-Speed|100/100
|-ability|p1a: Deoxys|Pressure
|turn|42
|
|t:|1769405247
|move|p1a: Deoxys|Focus Blast|p2a: Blissey
|-supereffective|p2a: Blissey
|-damage|p2a: Blissey|72/100
|move|p2a: Blissey|Thunder Wave|p1a: Deoxys
|-status|p1a: Deoxys|par
|
|-heal|p2a: Blissey|78/100|[from] item: Leftovers
|upkeep
|turn|43
|
|t:|1769405254
|move|p1a: Deoxys|Focus Blast|p2a: Blissey|[miss]
|-miss|p1a: Deoxys|p2a: Blissey
|move|p2a: Blissey|Seismic Toss|p1a: Deoxys
|-damage|p1a: Deoxys|59/100 par
|
|-heal|p2a: Blissey|84/100|[from] item: Leftovers
|upkeep
|turn|44
|
|t:|1769405257
|cant|p1a: Deoxys|par
|move|p2a: Blissey|Seismic Toss|p1a: Deoxys
|-damage|p1a: Deoxys|18/100 par
|
|-heal|p2a: Blissey|90/100|[from] item: Leftovers
|upkeep
|turn|45
|
|t:|1769405259
|cant|p1a: Deoxys|par
|move|p2a: Blissey|Seismic Toss|p1a: Deoxys
|-damage|p1a: Deoxys|0 fnt
|faint|p1a: Deoxys
|
|win|CA10MDTP
|raw|Black Brethren's rating: 1247 &rarr; <strong>1222</strong><br />(-25 for losing)
|raw|CA10MDTP's rating: 1247 &rarr; <strong>1272</strong><br />(+25 for winning)
|l|☆Black Brethren
|player|p1|
|l|☆CA10MDTP
|player|p2|
|j|☆CA10MDTP
|player|p2|CA10MDTP|n|
