|j|☆ArvenDs
|j|☆ashyboyalola
|t:|1769411961
|gametype|singles
|player|p1|ArvenDs|workerice|1223
|player|p2|ashyboyalola|1|1188
|gen|9
|tier|[Gen 9] OU
|rated|
|rule|HP Percentage Mod: HP is shown in percentages
|rule|Endless Battle Clause: Forcing endless battles is banned
|rule|Species Clause: Limit one of each Pokémon
|rule|OHKO Clause: OHKO moves are banned
|rule|Evasion Items Clause: Evasion items are banned
|rule|Evasion Moves Clause: Evasion moves are banned
|rule|Evasion Abilities Clause: Evasion abilities are banned
|rule|Sleep Moves Clause: Sleep-inducing moves are banned
|clearpoke
|poke|p1|Mamoswine, M|
|poke|p1|Ninetales-Alola, F|
|poke|p1|Glaceon, F|
|poke|p1|Weavile, M|
|poke|p1|Avalugg, F|
|poke|p1|Froslass, F|
|poke|p2|Enamorus, F|
|poke|p2|Dragonite, F|
|poke|p2|Latios, M|
|poke|p2|Rotom-Wash|
|poke|p2|Toedscool, F|
|poke|p2|Arcanine-Hisui, M|
|teampreview
|
|t:|1769411975
|teamsize|p1|6
|teamsize|p2|6
|start
|switch|p1a: Glaceon|Glaceon, F|100/100
|switch|p2a: My Pet Boy|Arcanine-Hisui, M|100/100
|turn|1
|
|t:|1769411985
|switch|p1a: Froslass|Froslass, F|100/100
|move|p2a: My Pet Boy|Flare Blitz|p1a: Froslass
|-supereffective|p1a: Froslass
|-enditem|p1a: Froslass|Focus Sash
|-damage|p1a: Froslass|1/100
|-start|p2a: My Pet Boy|Disable|Flare Blitz|[from] ability: Cursed Body|[of] p1a: Froslass
|
|upkeep
|turn|2
|
|t:|1769411999
|switch|p2a: Toedscool|Toedscool, F|100/100
|move|p1a: Froslass|Destiny Bond|p1a: Froslass
|-singlemove|p1a: Froslass|Destiny Bond
|
|upkeep
|turn|3
|
|t:|1769412008
|move|p1a: Froslass|Icy Wind|p2a: Toedscool|[miss]
|-miss|p1a: Froslass|p2a: Toedscool
|move|p2a: Toedscool|Light Screen|p2a: Toedscool
|-sidestart|p2: ashyboyalola|move: Light Screen
|
|upkeep
|turn|4
|
|t:|1769412016
|move|p1a: Froslass|Destiny Bond|p1a: Froslass
|-singlemove|p1a: Froslass|Destiny Bond
|move|p2a: Toedscool|Knock Off|p1a: Froslass
|-supereffective|p1a: Froslass
|-damage|p1a: Froslass|0 fnt
|faint|p1a: Froslass
|-activate|p1a: Froslass|move: Destiny Bond
|faint|p2a: Toedscool
|
|upkeep
|
|t:|1769412024
|switch|p1a: Weavile|Weavile, M|100/100
|switch|p2a: My Pet Boy|Arcanine-Hisui, M|100/100
|-ability|p1a: Weavile|Pressure
|turn|5
|
|t:|1769412033
|move|p1a: Weavile|Low Kick|p2a: My Pet Boy
|-supereffective|p2a: My Pet Boy
|-damage|p2a: My Pet Boy|17/100
|move|p2a: My Pet Boy|Flare Blitz|p1a: Weavile
|-supereffective|p1a: Weavile
|-damage|p1a: Weavile|0 fnt
|faint|p1a: Weavile
|
|upkeep
|
|t:|1769412042
|switch|p1a: Ninetales|Ninetales-Alola, F|100/100
|-weather|Snowscape|[from] ability: Snow Warning|[of] p1a: Ninetales
|turn|6
|
|t:|1769412051
|move|p1a: Ninetales|Blizzard|p2a: My Pet Boy
|-resisted|p2a: My Pet Boy
|-damage|p2a: My Pet Boy|4/100
|move|p2a: My Pet Boy|Flare Blitz|p1a: Ninetales
|-supereffective|p1a: Ninetales
|-damage|p1a: Ninetales|0 fnt
|faint|p1a: Ninetales
|
|-weather|Snowscape|[upkeep]
|upkeep
|
|t:|1769412059
|switch|p1a: Mamoswine|Mamoswine, M|100/100
|turn|7
|
|t:|1769412073
|switch|p2a: washing machine|Rotom-Wash|100/100
|move|p1a: Mamoswine|Ice Shard|p2a: washing machine
|-resisted|p2a: washing machine
|-damage|p2a: washing machine|81/100
|
|-weather|Snowscape|[upkeep]
|-sideend|p2: ashyboyalola|move: Light Screen
|upkeep
|turn|8
|
|t:|1769412082
|switch|p1a: Glaceon|Glaceon, F|100/100
|move|p2a: washing machine|Hydro Pump|p1a: Glaceon|[miss]
|-miss|p2a: washing machine|p1a: Glaceon
|
|-weather|Snowscape|[upkeep]
|upkeep
|turn|9
|
|t:|1769412089
|move|p2a: washing machine|Hydro Pump|p1a: Glaceon
|-damage|p1a: Glaceon|62/100
|move|p1a: Glaceon|Freeze-Dry|p2a: washing machine
|-supereffective|p2a: washing machine
|-damage|p2a: washing machine|5/100
|
|-weather|Snowscape|[upkeep]
|-heal|p1a: Glaceon|68/100|[from] ability: Ice Body
|upkeep
|turn|10
|
|t:|1769412100
|move|p2a: washing machine|Thunderbolt|p1a: Glaceon
|-damage|p1a: Glaceon|38/100
|move|p1a: Glaceon|Freeze-Dry|p2a: washing machine
|-supereffective|p2a: washing machine
|-damage|p2a: washing machine|0 fnt
|faint|p2a: washing machine
|
|-weather|none
|upkeep
|
|t:|1769412111
|switch|p2a: My Pet Boy|Arcanine-Hisui, M|4/100
|turn|11
|
|t:|1769412116
|move|p2a: My Pet Boy|Flare Blitz|p1a: Glaceon
|-supereffective|p1a: Glaceon
|-damage|p1a: Glaceon|0 fnt
|faint|p1a: Glaceon
|
|upkeep
|
|t:|1769412118
|switch|p1a: Mamoswine|Mamoswine, M|100/100
|turn|12
|
|t:|1769412127
|-terastallize|p1a: Mamoswine|Ice
|move|p2a: My Pet Boy|Extreme Speed|p1a: Mamoswine
|-damage|p1a: Mamoswine|70/100
|move|p1a: Mamoswine|Ice Shard|p2a: My Pet Boy
|-resisted|p2a: My Pet Boy
|-damage|p2a: My Pet Boy|0 fnt
|faint|p2a: My Pet Boy
|
|upkeep
|
|t:|1769412140
|switch|p2a: mean cloud|Enamorus, F|100/100
|turn|13
|
|t:|1769412146
|-terastallize|p2a: mean cloud|Steel
|move|p1a: Mamoswine|Ice Shard|p2a: mean cloud
|-resisted|p2a: mean cloud
|-damage|p2a: mean cloud|67/100
|move|p2a: mean cloud|Superpower|p1a: Mamoswine
|-supereffective|p1a: Mamoswine
|-damage|p1a: Mamoswine|0 fnt
|-boost|p2a: mean cloud|atk|1
|-boost|p2a: mean cloud|def|1
|faint|p1a: Mamoswine
|
|-heal|p2a: mean cloud|74/100|[from] item: Leftovers
|upkeep
|
|t:|1769412149
|switch|p1a: Avalugg|Avalugg, F|100/100
|turn|14
|
|t:|1769412159
|move|p2a: mean cloud|Superpower|p1a: Avalugg
|-supereffective|p1a: Avalugg
|-damage|p1a: Avalugg|39/100
|-boost|p2a: mean cloud|atk|1
|-boost|p2a: mean cloud|def|1
|move|p1a: Avalugg|Body Press|p2a: mean cloud
|-supereffective|p2a: mean cloud
|-damage|p2a: mean cloud|21/100
|
|-heal|p2a: mean cloud|27/100|[from] item: Leftovers
|upkeep
|turn|15
|-message|ArvenDs forfeited.
|
|win|ashyboyalola
|raw|ArvenDs's rating: 1223 &rarr; <strong>1195</strong><br />(-28 for losing)
|raw|ashyboyalola's rating: 1188 &rarr; <strong>1216</strong><br />(+28 for winning)
|l|☆ArvenDs
|player|p1|
|l|☆ashyboyalola
|player|p2|
