|j|☆Sitr0
|j|☆DcBaker
|t:|1769370274
|gametype|singles
|player|p1|Sitr0|1|1259
|player|p2|DcBaker|pokemonrangerf|1232
|gen|9
|tier|[Gen 9] OU
|rated|
|rule|HP Percentage Mod: HP is shown in percentages
|rule|Endless Battle Clause: Forcing endless battles is banned
|rule|Species Clause: Limit one of each Pokémon
|rule|OHKO Clause: OHKO moves are banned
|rule|Evasion Items Clause: Evasion items are banned
|rule|Evasion Moves Clause: Evasion moves are banned
|rule|Evasion Abilities Clause: Evasion abilities are banned
|rule|Sleep Moves Clause: Sleep-inducing moves are banned
|clearpoke
|poke|p1|Ogerpon-Wellspring, F|
|poke|p1|Gholdengo|
|poke|p1|Ninetales-Alola, M|
|poke|p1|Iron Valiant|
|poke|p1|Great Tusk|
|poke|p1|Iron Moth|
|poke|p2|Deoxys-Speed|
|poke|p2|Ceruledge, F|
|poke|p2|Zamazenta-*|
|poke|p2|Ogerpon-Wellspring, F|
|poke|p2|Glimmora, F|
|poke|p2|Moltres-Galar|
|teampreview
|inactive|Battle timer is ON: inactive players will automatically lose when time's up. (requested by DcBaker)
|inactive|Sitr0 has 120 seconds left.
|
|t:|1769370310
|teamsize|p1|6
|teamsize|p2|6
|start
|switch|p1a: Ninetales|Ninetales-Alola, M|100/100
|switch|p2a: gimmie|Glimmora, F|100/100
|-weather|Snowscape|[from] ability: Snow Warning|[of] p1a: Ninetales
|turn|1
|inactive|DcBaker has 120 seconds left.
|
|t:|1769370341
|move|p1a: Ninetales|Aurora Veil|p1a: Ninetales
|-sidestart|p1: Sitr0|move: Aurora Veil
|move|p2a: gimmie|Stealth Rock|p1a: Ninetales
|-sidestart|p1: Sitr0|move: Stealth Rock
|
|-weather|Snowscape|[upkeep]
|upkeep
|turn|2
|inactive|DcBaker has 120 seconds left.
|
|t:|1769370356
|move|p1a: Ninetales|Encore|p2a: gimmie
|-start|p2a: gimmie|Encore
|move|p2a: gimmie|Stealth Rock||[still]
|-fail|p2a: gimmie
|
|-weather|Snowscape|[upkeep]
|upkeep
|turn|3
|
|t:|1769370376
|switch|p1a: Great Tusk|Great Tusk|100/100
|-damage|p1a: Great Tusk|97/100|[from] Stealth Rock
|-enditem|p1a: Great Tusk|Booster Energy
|-activate|p1a: Great Tusk|ability: Protosynthesis|[fromitem]
|-start|p1a: Great Tusk|protosynthesisspe
|move|p2a: gimmie|Stealth Rock||[still]
|-fail|p2a: gimmie
|
|-weather|Snowscape|[upkeep]
|upkeep
|turn|4
|inactive|Sitr0 has 120 seconds left.
|inactive|DcBaker has 120 seconds left.
|
|t:|1769370401
|switch|p2a: ZAHM|Zamazenta|100/100
|-ability|p2a: ZAHM|Dauntless Shield|boost
|-boost|p2a: ZAHM|def|1
|move|p1a: Great Tusk|Headlong Rush|p2a: ZAHM
|-damage|p2a: ZAHM|75/100
|-unboost|p1a: Great Tusk|def|1
|-unboost|p1a: Great Tusk|spd|1
|
|-weather|Snowscape|[upkeep]
|-heal|p2a: ZAHM|81/100|[from] item: Leftovers
|upkeep
|turn|5
|inactive|Sitr0 has 120 seconds left.
|
|t:|1769370422
|move|p1a: Great Tusk|Rapid Spin|p2a: ZAHM
|-damage|p2a: ZAHM|74/100
|-boost|p1a: Great Tusk|spe|1
|-sideend|p1: Sitr0|Stealth Rock|[from] move: Rapid Spin|[of] p1a: Great Tusk
|move|p2a: ZAHM|Iron Defense|p2a: ZAHM
|-boost|p2a: ZAHM|def|2
|
|-weather|none
|-heal|p2a: ZAHM|80/100|[from] item: Leftovers
|upkeep
|turn|6
|inactive|DcBaker has 120 seconds left.
|
|t:|1769370461
|move|p1a: Great Tusk|Stealth Rock|p2a: ZAHM
|-sidestart|p2: DcBaker|move: Stealth Rock
|move|p2a: ZAHM|Iron Defense|p2a: ZAHM
|-boost|p2a: ZAHM|def|2
|
|-heal|p2a: ZAHM|86/100|[from] item: Leftovers
|upkeep
|turn|7
|
|t:|1769370474
|move|p1a: Great Tusk|Headlong Rush|p2a: ZAHM
|-damage|p2a: ZAHM|74/100
|-unboost|p1a: Great Tusk|def|1
|-unboost|p1a: Great Tusk|spd|1
|move|p2a: ZAHM|Body Press|p1a: Great Tusk
|-damage|p1a: Great Tusk|11/100
|
|-heal|p2a: ZAHM|80/100|[from] item: Leftovers
|upkeep
|turn|8
|
|t:|1769370486
|move|p1a: Great Tusk|Headlong Rush|p2a: ZAHM
|-damage|p2a: ZAHM|69/100
|-unboost|p1a: Great Tusk|def|1
|-unboost|p1a: Great Tusk|spd|1
|move|p2a: ZAHM|Roar|p1a: Great Tusk
|-end|p1a: Great Tusk|Protosynthesis|[silent]
|drag|p1a: Ogerpon|Ogerpon-Wellspring, F|100/100
|
|-heal|p2a: ZAHM|75/100|[from] item: Leftovers
|-sideend|p1: Sitr0|move: Aurora Veil
|upkeep
|turn|9
|
|t:|1769370501
|switch|p1a: Gholdengo|Gholdengo|100/100
|move|p2a: ZAHM|Body Press|p1a: Gholdengo
|-immune|p1a: Gholdengo
|
|-heal|p2a: ZAHM|81/100|[from] item: Leftovers
|upkeep
|turn|10
|inactive|Sitr0 has 90 seconds left.
|
|t:|1769370554
|-terastallize|p1a: Gholdengo|Steel
|move|p1a: Gholdengo|Make It Rain|p2a: ZAHM
|-damage|p2a: ZAHM|0 fnt
|-unboost|p1a: Gholdengo|spa|1
|faint|p2a: ZAHM
|
|upkeep
|inactive|DcBaker has 90 seconds left.
|
|t:|1769370586
|switch|p2a: mo|Moltres-Galar|100/100
|-damage|p2a: mo|75/100|[from] Stealth Rock
|turn|11
|
|t:|1769370595
|switch|p1a: Great Tusk|Great Tusk|11/100
|move|p2a: mo|Nasty Plot|p2a: mo
|-boost|p2a: mo|spa|2
|
|upkeep
|turn|12
|inactive|DcBaker has 90 seconds left.
|
|t:|1769370608
|-terastallize|p2a: mo|Fairy
|move|p1a: Great Tusk|Ice Spinner|p2a: mo
|-damage|p2a: mo|50/100
|-ability|p2a: mo|Berserk|boost
|-boost|p2a: mo|spa|1
|-enditem|p2a: mo|Sitrus Berry|[eat]
|-heal|p2a: mo|75/100|[from] item: Sitrus Berry
|move|p2a: mo|Fiery Wrath|p1a: Great Tusk
|-resisted|p1a: Great Tusk
|-damage|p1a: Great Tusk|0 fnt
|faint|p1a: Great Tusk
|-end|p1a: Great Tusk|Protosynthesis|[silent]
|
|upkeep
|inactive|Sitr0 has 60 seconds left.
|
|t:|1769370631
|switch|p1a: Iron Moth|Iron Moth|100/100
|-enditem|p1a: Iron Moth|Booster Energy
|-activate|p1a: Iron Moth|ability: Quark Drive|[fromitem]
|-start|p1a: Iron Moth|quarkdrivespe
|turn|13
|
|t:|1769370637
|move|p1a: Iron Moth|Substitute|p1a: Iron Moth
|-start|p1a: Iron Moth|Substitute
|-damage|p1a: Iron Moth|76/100
|move|p2a: mo|Fiery Wrath|p1a: Iron Moth
|-end|p1a: Iron Moth|Substitute
|
|upkeep
|turn|14
|
|t:|1769370644
|move|p1a: Iron Moth|Sludge Wave|p2a: mo
|-supereffective|p2a: mo
|-damage|p2a: mo|0 fnt
|faint|p2a: mo
|
|upkeep
|
|t:|1769370650
|switch|p2a: 1/151|Ogerpon-Wellspring, F|100/100
|-damage|p2a: 1/151|88/100|[from] Stealth Rock
|turn|15
|
|t:|1769370661
|-end|p1a: Iron Moth|Quark Drive|[silent]
|switch|p1a: Ninetales|Ninetales-Alola, M|100/100
|-weather|Snowscape|[from] ability: Snow Warning|[of] p1a: Ninetales
|move|p2a: 1/151|Ivy Cudgel|p1a: Ninetales|[anim] Ivy Cudgel Water
|-damage|p1a: Ninetales|51/100
|
|-weather|Snowscape|[upkeep]
|upkeep
|turn|16
|inactive|DcBaker has 120 seconds left.
|
|t:|1769370668
|move|p1a: Ninetales|Aurora Veil|p1a: Ninetales
|-sidestart|p1: Sitr0|move: Aurora Veil
|move|p2a: 1/151|Swords Dance|p2a: 1/151
|-boost|p2a: 1/151|atk|2
|
|-weather|Snowscape|[upkeep]
|upkeep
|turn|17
|
|t:|1769370675
|move|p1a: Ninetales|Freeze-Dry|p2a: 1/151
|-supereffective|p2a: 1/151
|-damage|p2a: 1/151|0 fnt
|faint|p2a: 1/151
|
|-weather|Snowscape|[upkeep]
|upkeep
|
|t:|1769370678
|switch|p2a: gimmie|Glimmora, F|100/100
|-damage|p2a: gimmie|88/100|[from] Stealth Rock
|turn|18
|inactive|Sitr0 has 90 seconds left.
|
|t:|1769370695
|switch|p1a: Gholdengo|Gholdengo, tera:Steel|100/100
|move|p2a: gimmie|Mortal Spin|p1a: Gholdengo
|-immune|p1a: Gholdengo
|
|-weather|Snowscape|[upkeep]
|upkeep
|turn|19
|inactive|Sitr0 has 90 seconds left.
|
|t:|1769370708
|move|p2a: gimmie|Stealth Rock|p1a: Gholdengo
|-sidestart|p1: Sitr0|move: Stealth Rock
|move|p1a: Gholdengo|Shadow Ball|p2a: gimmie
|-damage|p2a: gimmie|29/100
|
|-weather|none
|upkeep
|turn|20
|inactive|Sitr0 has 90 seconds left.
|
|t:|1769370715
|move|p2a: gimmie|Meteor Beam||[still]
|-prepare|p2a: gimmie|Meteor Beam
|-boost|p2a: gimmie|spa|1
|-enditem|p2a: gimmie|Power Herb
|-anim|p2a: gimmie|Meteor Beam|p1a: Gholdengo
|-resisted|p1a: Gholdengo
|-damage|p1a: Gholdengo|72/100
|move|p1a: Gholdengo|Shadow Ball|p2a: gimmie
|-damage|p2a: gimmie|0 fnt
|faint|p2a: gimmie
|
|upkeep
|
|t:|1769370722
|switch|p2a: Sara|Ceruledge, F|100/100
|-damage|p2a: Sara|76/100|[from] Stealth Rock
|turn|21
|
|t:|1769370733
|move|p1a: Gholdengo|Shadow Ball|p2a: Sara
|-supereffective|p2a: Sara
|-damage|p2a: Sara|0 fnt
|faint|p2a: Sara
|
|upkeep
|
|t:|1769370735
|switch|p2a: DEO|Deoxys-Speed|100/100
|-damage|p2a: DEO|88/100|[from] Stealth Rock
|-ability|p2a: DEO|Pressure
|turn|22
|
|t:|1769370746
|move|p2a: DEO|Light Screen|p2a: DEO
|-sidestart|p2: DcBaker|move: Light Screen
|move|p1a: Gholdengo|Shadow Ball|p2a: DEO
|-supereffective|p2a: DEO
|-damage|p2a: DEO|34/100
|
|upkeep
|turn|23
|
|t:|1769370754
|move|p2a: DEO|Reflect|p2a: DEO
|-sidestart|p2: DcBaker|Reflect
|move|p1a: Gholdengo|Shadow Ball|p2a: DEO
|-supereffective|p2a: DEO
|-damage|p2a: DEO|0 fnt
|faint|p2a: DEO
|
|win|Sitr0
|raw|Sitr0's rating: 1259 &rarr; <strong>1282</strong><br />(+23 for winning)
|raw|DcBaker's rating: 1232 &rarr; <strong>1209</strong><br />(-23 for losing)
