|j|☆Octogecko
|j|☆FeeDWeeB
|t:|1769342375
|gametype|singles
|player|p1|Octogecko|169|1356
|player|p2|FeeDWeeB|1|1361
|gen|9
|tier|[Gen 9] OU
|rated|
|rule|HP Percentage Mod: HP is shown in percentages
|rule|Endless Battle Clause: Forcing endless battles is banned
|rule|Species Clause: Limit one of each Pokémon
|rule|OHKO Clause: OHKO moves are banned
|rule|Evasion Items Clause: Evasion items are banned
|rule|Evasion Moves Clause: Evasion moves are banned
|rule|Evasion Abilities Clause: Evasion abilities are banned
|rule|Sleep Moves Clause: Sleep-inducing moves are banned
|clearpoke
|poke|p1|Meowscarada, M|
|poke|p1|Dragapult, M|
|poke|p1|Corviknight, M|
|poke|p1|Primarina, M|
|poke|p1|Glimmora, M|
|poke|p1|Cinderace, M|
|poke|p2|Landorus-Therian, M|
|poke|p2|Heatran, F|
|poke|p2|Raikou|
|poke|p2|Greninja-*, M|
|poke|p2|Zamazenta-*|
|poke|p2|Meowscarada, M|
|teampreview
|inactive|Battle timer is ON: inactive players will automatically lose when time's up. (requested by Octogecko)
|
|t:|1769342396
|teamsize|p1|6
|teamsize|p2|6
|start
|switch|p1a: Lupin|Meowscarada, M, shiny|100/100
|switch|p2a: Greninja|Greninja, M|100/100
|turn|1
|
|t:|1769342404
|switch|p2a: Heatran|Heatran, F|100/100
|move|p1a: Lupin|U-turn|p2a: Heatran
|-start|p1a: Lupin|typechange|Bug|[from] ability: Protean
|-resisted|p2a: Heatran
|-damage|p2a: Heatran|94/100
|
|t:|1769342407
|switch|p1a: Glimmora|Glimmora, M|100/100|[from] U-turn
|
|-heal|p2a: Heatran|99/100|[from] item: Leftovers
|upkeep
|turn|2
|
|t:|1769342419
|move|p1a: Glimmora|Stealth Rock|p2a: Heatran
|-sidestart|p2: FeeDWeeB|move: Stealth Rock
|move|p2a: Heatran|Earth Power|p1a: Glimmora
|-supereffective|p1a: Glimmora
|-enditem|p1a: Glimmora|Focus Sash
|-damage|p1a: Glimmora|1/100
|
|-heal|p2a: Heatran|100/100|[from] item: Leftovers
|upkeep
|turn|3
|
|t:|1769342432
|switch|p2a: Landorus|Landorus-Therian, M|100/100
|-damage|p2a: Landorus|88/100|[from] Stealth Rock
|-ability|p2a: Landorus|Intimidate|boost
|-unboost|p1a: Glimmora|atk|1
|move|p1a: Glimmora|Earth Power|p2a: Landorus
|-immune|p2a: Landorus
|
|upkeep
|turn|4
|
|t:|1769342438
|move|p2a: Landorus|U-turn|p1a: Glimmora
|-resisted|p1a: Glimmora
|-damage|p1a: Glimmora|0 fnt
|-activate|p1a: Glimmora|ability: Toxic Debris
|-sidestart|p2: FeeDWeeB|move: Toxic Spikes
|faint|p1a: Glimmora
|
|t:|1769342453
|switch|p2a: Greninja|Greninja, M|100/100|[from] U-turn
|-damage|p2a: Greninja|88/100|[from] Stealth Rock
|-status|p2a: Greninja|psn
|
|-damage|p2a: Greninja|76/100 psn|[from] psn
|upkeep
|
|t:|1769342457
|switch|p1a: Lupin|Meowscarada, M, shiny|100/100
|turn|5
|
|t:|1769342467
|switch|p2a: Heatran|Heatran, F|100/100
|-damage|p2a: Heatran|88/100|[from] Stealth Rock
|move|p1a: Lupin|U-turn|p2a: Heatran
|-start|p1a: Lupin|typechange|Bug|[from] ability: Protean
|-resisted|p2a: Heatran
|-crit|p2a: Heatran
|-damage|p2a: Heatran|78/100
|
|t:|1769342472
|switch|p1a: Primarina|Primarina, M|100/100|[from] U-turn
|
|-heal|p2a: Heatran|84/100|[from] item: Leftovers
|upkeep
|turn|6
|
|t:|1769342485
|move|p1a: Primarina|Surf|p2a: Heatran
|-supereffective|p2a: Heatran
|-damage|p2a: Heatran|25/100
|move|p2a: Heatran|Stealth Rock|p1a: Primarina
|-sidestart|p1: Octogecko|move: Stealth Rock
|
|-heal|p2a: Heatran|31/100|[from] item: Leftovers
|upkeep
|turn|7
|
|t:|1769342492
|move|p1a: Primarina|Flip Turn|p2a: Heatran
|-supereffective|p2a: Heatran
|-damage|p2a: Heatran|6/100
|
|t:|1769342496
|switch|p1a: Dragapult|Dragapult, M|100/100|[from] Flip Turn
|-damage|p1a: Dragapult|88/100|[from] Stealth Rock
|move|p2a: Heatran|Earth Power|p1a: Dragapult
|-damage|p1a: Dragapult|55/100
|-unboost|p1a: Dragapult|spd|1
|
|-heal|p2a: Heatran|12/100|[from] item: Leftovers
|upkeep
|turn|8
|
|t:|1769342504
|move|p1a: Dragapult|Shadow Ball|p2a: Heatran
|-damage|p2a: Heatran|0 fnt
|faint|p2a: Heatran
|
|upkeep
|
|t:|1769342517
|switch|p2a: Landorus|Landorus-Therian, M|88/100
|-damage|p2a: Landorus|76/100|[from] Stealth Rock
|-ability|p2a: Landorus|Intimidate|boost
|-unboost|p1a: Dragapult|atk|1
|turn|9
|
|t:|1769342529
|switch|p1a: Corviknight|Corviknight, M|100/100
|-damage|p1a: Corviknight|88/100|[from] Stealth Rock
|-ability|p1a: Corviknight|Pressure
|move|p2a: Landorus|U-turn|p1a: Corviknight
|-resisted|p1a: Corviknight
|-damage|p1a: Corviknight|84/100
|-damage|p2a: Landorus|59/100|[from] item: Rocky Helmet|[of] p1a: Corviknight
|
|t:|1769342537
|switch|p2a: Zamazenta|Zamazenta|100/100|[from] U-turn
|-damage|p2a: Zamazenta|94/100|[from] Stealth Rock
|-status|p2a: Zamazenta|psn
|-ability|p2a: Zamazenta|Dauntless Shield|boost
|-boost|p2a: Zamazenta|def|1
|
|-damage|p2a: Zamazenta|82/100 psn|[from] psn
|upkeep
|turn|10
|
|t:|1769342543
|move|p2a: Zamazenta|Iron Defense|p2a: Zamazenta
|-boost|p2a: Zamazenta|def|2
|move|p1a: Corviknight|Iron Defense|p1a: Corviknight
|-boost|p1a: Corviknight|def|2
|
|-damage|p2a: Zamazenta|70/100 psn|[from] psn
|upkeep
|turn|11
|
|t:|1769342546
|move|p2a: Zamazenta|Iron Defense|p2a: Zamazenta
|-boost|p2a: Zamazenta|def|2
|move|p1a: Corviknight|Iron Defense|p1a: Corviknight
|-boost|p1a: Corviknight|def|2
|
|-damage|p2a: Zamazenta|57/100 psn|[from] psn
|upkeep
|turn|12
|
|t:|1769342557
|move|p2a: Zamazenta|Iron Defense|p2a: Zamazenta
|-boost|p2a: Zamazenta|def|1
|move|p1a: Corviknight|Iron Defense|p1a: Corviknight
|-boost|p1a: Corviknight|def|2
|
|-damage|p2a: Zamazenta|45/100 psn|[from] psn
|upkeep
|turn|13
|
|t:|1769342563
|move|p2a: Zamazenta|Body Press|p1a: Corviknight
|-damage|p1a: Corviknight|63/100
|-damage|p2a: Zamazenta|28/100 psn|[from] item: Rocky Helmet|[of] p1a: Corviknight
|move|p1a: Corviknight|Roost|p1a: Corviknight
|-heal|p1a: Corviknight|100/100
|-singleturn|p1a: Corviknight|move: Roost
|
|-damage|p2a: Zamazenta|16/100 psn|[from] psn
|upkeep
|turn|14
|
|t:|1769342568
|move|p2a: Zamazenta|Rest|p2a: Zamazenta
|-status|p2a: Zamazenta|slp|[from] move: Rest
|-heal|p2a: Zamazenta|100/100 slp|[silent]
|-enditem|p2a: Zamazenta|Chesto Berry|[eat]
|-curestatus|p2a: Zamazenta|slp|[msg]
|move|p1a: Corviknight|Body Press|p2a: Zamazenta
|-damage|p2a: Zamazenta|81/100
|
|upkeep
|turn|15
|
|t:|1769342577
|move|p2a: Zamazenta|Body Press|p1a: Corviknight
|-damage|p1a: Corviknight|81/100
|-damage|p2a: Zamazenta|65/100|[from] item: Rocky Helmet|[of] p1a: Corviknight
|move|p1a: Corviknight|Body Press|p2a: Zamazenta
|-damage|p2a: Zamazenta|46/100
|
|upkeep
|turn|16
|
|t:|1769342580
|move|p2a: Zamazenta|Body Press|p1a: Corviknight
|-damage|p1a: Corviknight|62/100
|-damage|p2a: Zamazenta|30/100|[from] item: Rocky Helmet|[of] p1a: Corviknight
|move|p1a: Corviknight|Body Press|p2a: Zamazenta
|-damage|p2a: Zamazenta|10/100
|
|upkeep
|turn|17
|
|t:|1769342583
|move|p2a: Zamazenta|Rest|p2a: Zamazenta
|-status|p2a: Zamazenta|slp|[from] move: Rest
|-heal|p2a: Zamazenta|100/100 slp|[silent]
|move|p1a: Corviknight|Roost|p1a: Corviknight
|-heal|p1a: Corviknight|100/100
|-singleturn|p1a: Corviknight|move: Roost
|
|upkeep
|turn|18
|
|t:|1769342587
|cant|p2a: Zamazenta|slp
|move|p1a: Corviknight|Body Press|p2a: Zamazenta
|-damage|p2a: Zamazenta|81/100 slp
|
|upkeep
|turn|19
|
|t:|1769342591
|cant|p2a: Zamazenta|slp
|move|p1a: Corviknight|Body Press|p2a: Zamazenta
|-damage|p2a: Zamazenta|63/100 slp
|
|upkeep
|turn|20
|
|t:|1769342593
|-curestatus|p2a: Zamazenta|slp|[msg]
|move|p2a: Zamazenta|Body Press|p1a: Corviknight
|-damage|p1a: Corviknight|80/100
|-damage|p2a: Zamazenta|46/100|[from] item: Rocky Helmet|[of] p1a: Corviknight
|move|p1a: Corviknight|Body Press|p2a: Zamazenta
|-damage|p2a: Zamazenta|29/100
|
|upkeep
|turn|21
|
|t:|1769342601
|move|p2a: Zamazenta|Crunch|p1a: Corviknight
|-damage|p1a: Corviknight|77/100
|-unboost|p1a: Corviknight|def|1
|-damage|p2a: Zamazenta|13/100|[from] item: Rocky Helmet|[of] p1a: Corviknight
|move|p1a: Corviknight|Body Press|p2a: Zamazenta
|-damage|p2a: Zamazenta|0 fnt
|faint|p2a: Zamazenta
|
|upkeep
|
|t:|1769342607
|switch|p2a: Raikou|Raikou|100/100
|-damage|p2a: Raikou|88/100|[from] Stealth Rock
|-status|p2a: Raikou|psn
|turn|22
|
|t:|1769342612
|-terastallize|p1a: Corviknight|Dragon
|move|p2a: Raikou|Thunderbolt|p1a: Corviknight
|-resisted|p1a: Corviknight
|-damage|p1a: Corviknight|54/100
|move|p1a: Corviknight|Body Press|p2a: Raikou
|-damage|p2a: Raikou|0 fnt
|faint|p2a: Raikou
|
|upkeep
|
|t:|1769342618
|switch|p2a: Greninja|Greninja, M|76/100 psn
|-damage|p2a: Greninja|64/100 psn|[from] Stealth Rock
|turn|23
|
|t:|1769342622
|move|p2a: Greninja|Ice Beam|p1a: Corviknight
|-supereffective|p1a: Corviknight
|-damage|p1a: Corviknight|0 fnt
|faint|p1a: Corviknight
|-ability|p2a: Greninja|Battle Bond|boost
|-boost|p2a: Greninja|atk|1
|-boost|p2a: Greninja|spa|1
|-boost|p2a: Greninja|spe|1
|-activate|p2a: Greninja|ability: Battle Bond
|-damage|p2a: Greninja|54/100 psn|[from] item: Life Orb
|
|-damage|p2a: Greninja|42/100 psn|[from] psn
|upkeep
|
|t:|1769342632
|switch|p1a: Primarina|Primarina, M|100/100
|-damage|p1a: Primarina|88/100|[from] Stealth Rock
|turn|24
|
|t:|1769342637
|-terastallize|p2a: Greninja|Poison
|move|p2a: Greninja|Sludge Wave|p1a: Primarina
|-supereffective|p1a: Primarina
|-damage|p1a: Primarina|0 fnt
|faint|p1a: Primarina
|-damage|p2a: Greninja|32/100 psn|[from] item: Life Orb
|
|-damage|p2a: Greninja|19/100 psn|[from] psn
|upkeep
|
|t:|1769342642
|switch|p1a: Cinderace|Cinderace, M|100/100
|turn|25
|
|t:|1769342645
|move|p1a: Cinderace|Sucker Punch|p2a: Greninja
|-start|p1a: Cinderace|typechange|Dark|[from] ability: Libero
|-damage|p2a: Greninja|0 fnt
|faint|p2a: Greninja
|
|upkeep
|
|t:|1769342665
|switch|p2a: Meowscarada|Meowscarada, M|100/100
|-damage|p2a: Meowscarada|88/100|[from] Stealth Rock
|-status|p2a: Meowscarada|psn
|turn|26
|
|t:|1769342669
|move|p2a: Meowscarada|U-turn|p1a: Cinderace
|-start|p2a: Meowscarada|typechange|Bug|[from] ability: Protean
|-supereffective|p1a: Cinderace
|-damage|p1a: Cinderace|0 fnt
|faint|p1a: Cinderace
|
|t:|1769342673
|switch|p2a: Landorus|Landorus-Therian, M|59/100|[from] U-turn
|-damage|p2a: Landorus|47/100|[from] Stealth Rock
|
|upkeep
|
|t:|1769342679
|switch|p1a: Lupin|Meowscarada, M, shiny|100/100
|-damage|p1a: Lupin|88/100|[from] Stealth Rock
|turn|27
|
|t:|1769342686
|move|p1a: Lupin|Triple Axel|p2a: Landorus
|-start|p1a: Lupin|typechange|Ice|[from] ability: Protean
|-supereffective|p2a: Landorus
|-damage|p2a: Landorus|2/100
|-supereffective|p2a: Landorus
|-damage|p2a: Landorus|0 fnt
|faint|p2a: Landorus
|-hitcount|p2: Landorus|2
|
|upkeep
|
|t:|1769342690
|switch|p2a: Meowscarada|Meowscarada, M|88/100 psn
|-damage|p2a: Meowscarada|76/100 psn|[from] Stealth Rock
|turn|28
|
|t:|1769342701
|move|p1a: Lupin|Triple Axel|p2a: Meowscarada
|-supereffective|p2a: Meowscarada
|-damage|p2a: Meowscarada|45/100 psn
|-supereffective|p2a: Meowscarada
|-damage|p2a: Meowscarada|0 fnt
|faint|p2a: Meowscarada
|-hitcount|p2: Meowscarada|2
|
|win|Octogecko
|raw|Octogecko's rating: 1356 &rarr; <strong>1376</strong><br />(+20 for winning)
|raw|FeeDWeeB's rating: 1361 &rarr; <strong>1341</strong><br />(-20 for losing)
|c|☆Octogecko|gg
|l|☆FeeDWeeB
|player|p2|
|l|☆Octogecko
|player|p1|
