|j|☆twistedgimmiks
|j|☆Manoninetail.
|t:|1769369515
|gametype|singles
|player|p1|twistedgimmiks|flint|1138
|player|p2|Manoninetail.|266|1068
|gen|9
|tier|[Gen 9] OU
|rated|
|rule|HP Percentage Mod: HP is shown in percentages
|rule|Endless Battle Clause: Forcing endless battles is banned
|rule|Species Clause: Limit one of each Pokémon
|rule|OHKO Clause: OHKO moves are banned
|rule|Evasion Items Clause: Evasion items are banned
|rule|Evasion Moves Clause: Evasion moves are banned
|rule|Evasion Abilities Clause: Evasion abilities are banned
|rule|Sleep Moves Clause: Sleep-inducing moves are banned
|clearpoke
|poke|p1|Alomomola, M|
|poke|p1|Slowking-Galar, M|
|poke|p1|Deoxys-Speed|
|poke|p1|Great Tusk|
|poke|p1|Polteageist|
|poke|p1|Kingambit, F|
|poke|p2|Ogerpon-Wellspring, F|
|poke|p2|Rillaboom, F|
|poke|p2|Serperior, F|
|poke|p2|Leafeon, M|
|poke|p2|Flapple, M|
|poke|p2|Meowscarada, F|
|teampreview
|
|t:|1769369547
|teamsize|p1|6
|teamsize|p2|6
|start
|switch|p1a: Alomomola|Alomomola, M|100/100
|switch|p2a: Meowscarada|Meowscarada, F|100/100
|turn|1
|
|t:|1769369559
|-terastallize|p1a: Alomomola|Dragon
|move|p2a: Meowscarada|Flower Trick|p1a: Alomomola
|-start|p2a: Meowscarada|typechange|Grass|[from] ability: Protean
|-resisted|p1a: Alomomola
|-crit|p1a: Alomomola
|-damage|p1a: Alomomola|82/100
|move|p1a: Alomomola|Scald|p2a: Meowscarada
|-resisted|p2a: Meowscarada
|-damage|p2a: Meowscarada|92/100
|
|upkeep
|turn|2
|
|t:|1769369576
|switch|p2a: Flapple|Flapple, M|100/100
|move|p1a: Alomomola|Scald|p2a: Flapple
|-resisted|p2a: Flapple
|-damage|p2a: Flapple|95/100
|-status|p2a: Flapple|brn
|
|-damage|p2a: Flapple|89/100 brn|[from] brn
|upkeep
|turn|3
|
|t:|1769369596
|move|p1a: Alomomola|Protect|p1a: Alomomola
|-singleturn|p1a: Alomomola|Protect
|move|p2a: Flapple|Dragon Dance|p2a: Flapple
|-boost|p2a: Flapple|atk|1
|-boost|p2a: Flapple|spe|1
|
|-damage|p2a: Flapple|83/100 brn|[from] brn
|upkeep
|turn|4
|
|t:|1769369605
|move|p2a: Flapple|Outrage|p1a: Alomomola
|-supereffective|p1a: Alomomola
|-damage|p1a: Alomomola|36/100
|-damage|p2a: Flapple|66/100 brn|[from] item: Rocky Helmet|[of] p1a: Alomomola
|move|p1a: Alomomola|Flip Turn|p2a: Flapple
|-resisted|p2a: Flapple
|-damage|p2a: Flapple|62/100 brn
|
|t:|1769369626
|switch|p1a: Deoxys|Deoxys-Speed|100/100|[from] Flip Turn
|-ability|p1a: Deoxys|Pressure
|
|-damage|p2a: Flapple|56/100 brn|[from] brn
|upkeep
|turn|5
|
|t:|1769369635
|move|p1a: Deoxys|Ice Beam|p2a: Flapple
|-supereffective|p2a: Flapple
|-damage|p2a: Flapple|0 fnt
|faint|p2a: Flapple
|
|upkeep
|
|t:|1769369648
|switch|p2a: Meowscarada|Meowscarada, F|92/100
|turn|6
|inactive|Battle timer is ON: inactive players will automatically lose when time's up. (requested by Manoninetail.)
|
|t:|1769369701
|switch|p1a: Alomomola|Alomomola, M, tera:Dragon|70/100
|move|p2a: Meowscarada|U-turn|p1a: Alomomola
|-start|p2a: Meowscarada|typechange|Bug|[from] ability: Protean
|-damage|p1a: Alomomola|47/100
|-damage|p2a: Meowscarada|75/100|[from] item: Rocky Helmet|[of] p1a: Alomomola
|
|t:|1769369718
|switch|p2a: Serperior|Serperior, F|100/100|[from] U-turn
|
|upkeep
|turn|7
|
|t:|1769369731
|switch|p1a: Slowking|Slowking-Galar, M|100/100
|move|p2a: Serperior|Leaf Storm|p1a: Slowking
|-resisted|p1a: Slowking
|-damage|p1a: Slowking|88/100
|-boost|p2a: Serperior|spa|2
|
|upkeep
|turn|8
|
|t:|1769369741
|move|p2a: Serperior|Giga Drain|p1a: Slowking
|-resisted|p1a: Slowking
|-damage|p1a: Slowking|74/100
|move|p1a: Slowking|Thunder Wave|p2a: Serperior
|-status|p2a: Serperior|par
|
|upkeep
|turn|9
|
|t:|1769369749
|move|p2a: Serperior|Leaf Storm|p1a: Slowking
|-resisted|p1a: Slowking
|-damage|p1a: Slowking|50/100
|-boost|p2a: Serperior|spa|2
|move|p1a: Slowking|Future Sight|p2a: Serperior
|-start|p1a: Slowking|move: Future Sight
|
|upkeep
|turn|10
|
|t:|1769369757
|move|p2a: Serperior|Leaf Storm|p1a: Slowking
|-resisted|p1a: Slowking
|-damage|p1a: Slowking|13/100
|-boost|p2a: Serperior|spa|2
|move|p1a: Slowking|Sludge Bomb|p2a: Serperior
|-supereffective|p2a: Serperior
|-damage|p2a: Serperior|56/100 par
|
|upkeep
|turn|11
|
|t:|1769369768
|switch|p1a: Great Tusk|Great Tusk|100/100
|move|p2a: Serperior|Giga Drain|p1a: Great Tusk
|-supereffective|p1a: Great Tusk
|-damage|p1a: Great Tusk|0 fnt
|-heal|p2a: Serperior|100/100 par|[from] drain|[of] p1a: Great Tusk
|faint|p1a: Great Tusk
|-end|p1a: Great Tusk|Protosynthesis|[silent]
|
|-end|p2a: Serperior|move: Future Sight
|-damage|p2a: Serperior|68/100 par
|upkeep
|
|t:|1769369778
|switch|p1a: Deoxys|Deoxys-Speed|100/100
|-ability|p1a: Deoxys|Pressure
|turn|12
|
|t:|1769369782
|move|p1a: Deoxys|Psycho Boost|p2a: Serperior
|-damage|p2a: Serperior|21/100 par
|-unboost|p1a: Deoxys|spa|2
|move|p2a: Serperior|Giga Drain|p1a: Deoxys
|-damage|p1a: Deoxys|0 fnt
|-heal|p2a: Serperior|72/100 par|[from] drain|[of] p1a: Deoxys
|faint|p1a: Deoxys
|
|upkeep
|
|t:|1769369790
|switch|p1a: Polteageist|Polteageist|100/100
|turn|13
|
|t:|1769369804
|move|p1a: Polteageist|Shell Smash|p1a: Polteageist
|-unboost|p1a: Polteageist|def|1
|-unboost|p1a: Polteageist|spd|1
|-boost|p1a: Polteageist|atk|2
|-boost|p1a: Polteageist|spa|2
|-boost|p1a: Polteageist|spe|2
|move|p2a: Serperior|Giga Drain|p1a: Polteageist
|-enditem|p1a: Polteageist|Focus Sash
|-damage|p1a: Polteageist|1/100
|-heal|p2a: Serperior|100/100 par|[from] drain|[of] p1a: Polteageist
|
|upkeep
|turn|14
|
|t:|1769369819
|move|p1a: Polteageist|Stored Power|p2a: Serperior
|-damage|p2a: Serperior|28/100 par
|move|p2a: Serperior|Giga Drain|p1a: Polteageist
|-damage|p1a: Polteageist|0 fnt
|-heal|p2a: Serperior|28/100 par|[from] drain|[of] p1a: Polteageist
|faint|p1a: Polteageist
|
|upkeep
|-message|twistedgimmiks forfeited.
|
|win|Manoninetail.
|raw|twistedgimmiks's rating: 1138 &rarr; <strong>1108</strong><br />(-30 for losing)
|raw|Manoninetail.'s rating: 1068 &rarr; <strong>1104</strong><br />(+36 for winning)
|l|☆twistedgimmiks
|player|p1|
|l|☆Manoninetail.
|player|p2|
