|j|☆dialgamaster 2.0
|j|☆Tekapkmn
|t:|1769336019
|gametype|singles
|player|p1|dialgamaster 2.0|lucas-gen4pt|1354
|player|p2|Tekapkmn|101|1281
|gen|9
|tier|[Gen 9] OU
|rated|
|rule|HP Percentage Mod: HP is shown in percentages
|rule|Endless Battle Clause: Forcing endless battles is banned
|rule|Species Clause: Limit one of each Pokémon
|rule|OHKO Clause: OHKO moves are banned
|rule|Evasion Items Clause: Evasion items are banned
|rule|Evasion Moves Clause: Evasion moves are banned
|rule|Evasion Abilities Clause: Evasion abilities are banned
|rule|Sleep Moves Clause: Sleep-inducing moves are banned
|clearpoke
|poke|p1|Meowscarada, F|
|poke|p1|Rillaboom, M|
|poke|p1|Slowking-Galar, M|
|poke|p1|Cinderace, F|
|poke|p1|Great Tusk|
|poke|p1|Primarina, F|
|poke|p2|Scizor, M|
|poke|p2|Gliscor, F|
|poke|p2|Corviknight, F|
|poke|p2|Ogerpon-Wellspring, F|
|poke|p2|Slowking-Galar, F|
|poke|p2|Raging Bolt|
|teampreview
|inactive|Battle timer is ON: inactive players will automatically lose when time's up. (requested by dialgamaster 2.0)
|
|t:|1769336032
|teamsize|p1|6
|teamsize|p2|6
|start
|switch|p1a: Great Tusk|Great Tusk, shiny|100/100
|switch|p2a: Gliscor|Gliscor, F|100/100
|turn|1
|
|t:|1769336036
|move|p2a: Gliscor|Protect|p2a: Gliscor
|-singleturn|p2a: Gliscor|Protect
|move|p1a: Great Tusk|Stealth Rock|p2a: Gliscor
|-sidestart|p2: Tekapkmn|move: Stealth Rock
|
|-status|p2a: Gliscor|tox|[from] item: Toxic Orb
|upkeep
|turn|2
|
|t:|1769336044
|move|p1a: Great Tusk|Ice Spinner|p2a: Gliscor
|-supereffective|p2a: Gliscor
|-damage|p2a: Gliscor|38/100 tox
|move|p2a: Gliscor|Toxic|p1a: Great Tusk
|-status|p1a: Great Tusk|tox
|
|-damage|p1a: Great Tusk|94/100 tox|[from] psn
|-heal|p2a: Gliscor|51/100 tox|[from] ability: Poison Heal
|upkeep
|turn|3
|
|t:|1769336053
|-end|p1a: Great Tusk|Protosynthesis|[silent]
|switch|p1a: Rillaboom|Rillaboom, M, shiny|100/100
|-fieldstart|move: Grassy Terrain|[from] ability: Grassy Surge|[of] p1a: Rillaboom
|move|p2a: Gliscor|Protect||[still]
|-fail|p2a: Gliscor
|
|-heal|p2a: Gliscor|63/100 tox|[from] ability: Poison Heal
|upkeep
|turn|4
|
|t:|1769336065
|switch|p1a: Great Tusk|Great Tusk, shiny|94/100 tox
|move|p2a: Gliscor|Toxic|p1a: Great Tusk
|-fail|p1a: Great Tusk|tox
|
|-heal|p1a: Great Tusk|100/100 tox|[from] Grassy Terrain
|-damage|p1a: Great Tusk|94/100 tox|[from] psn
|-heal|p2a: Gliscor|76/100 tox|[from] ability: Poison Heal
|upkeep
|turn|5
|
|t:|1769336077
|-end|p1a: Great Tusk|Protosynthesis|[silent]
|switch|p1a: Meowscarada|Meowscarada, F, shiny|100/100
|move|p2a: Gliscor|Protect||[still]
|-fail|p2a: Gliscor
|
|-heal|p2a: Gliscor|88/100 tox|[from] ability: Poison Heal
|upkeep
|turn|6
|
|t:|1769336088
|switch|p2a: Corviknight|Corviknight, F|100/100
|-damage|p2a: Corviknight|88/100|[from] Stealth Rock
|-ability|p2a: Corviknight|Pressure
|move|p1a: Meowscarada|Triple Axel|p2a: Corviknight
|-start|p1a: Meowscarada|typechange|Ice|[from] ability: Protean
|-damage|p2a: Corviknight|80/100
|-damage|p1a: Meowscarada|84/100|[from] item: Rocky Helmet|[of] p2a: Corviknight
|-damage|p2a: Corviknight|64/100
|-damage|p1a: Meowscarada|68/100|[from] item: Rocky Helmet|[of] p2a: Corviknight
|-damage|p2a: Corviknight|37/100
|-damage|p1a: Meowscarada|51/100|[from] item: Rocky Helmet|[of] p2a: Corviknight
|-hitcount|p2a: Corviknight|3
|
|-heal|p1a: Meowscarada|57/100|[from] Grassy Terrain
|upkeep
|turn|7
|
|t:|1769336105
|move|p1a: Meowscarada|Triple Axel|p2a: Corviknight
|-damage|p2a: Corviknight|28/100
|-damage|p1a: Meowscarada|41/100|[from] item: Rocky Helmet|[of] p2a: Corviknight
|-damage|p2a: Corviknight|13/100
|-damage|p1a: Meowscarada|25/100|[from] item: Rocky Helmet|[of] p2a: Corviknight
|-hitcount|p2a: Corviknight|2
|move|p2a: Corviknight|Roost|p2a: Corviknight
|-heal|p2a: Corviknight|63/100
|-singleturn|p2a: Corviknight|move: Roost
|
|-heal|p1a: Meowscarada|31/100|[from] Grassy Terrain
|-heal|p2a: Corviknight|69/100|[from] Grassy Terrain
|upkeep
|turn|8
|
|t:|1769336127
|switch|p1a: Primarina|Primarina, F, shiny|100/100
|move|p2a: Corviknight|Roost|p2a: Corviknight
|-heal|p2a: Corviknight|100/100
|-singleturn|p2a: Corviknight|move: Roost
|
|upkeep
|turn|9
|
|t:|1769336135
|move|p1a: Primarina|Substitute|p1a: Primarina
|-start|p1a: Primarina|Substitute
|-damage|p1a: Primarina|76/100
|move|p2a: Corviknight|Defog|p1a: Primarina
|-sideend|p2: Tekapkmn|Stealth Rock|[from] move: Defog|[of] p2a: Corviknight
|-fieldend|move: Grassy Terrain
|
|-heal|p1a: Primarina|82/100|[from] item: Leftovers
|upkeep
|turn|10
|
|t:|1769336146
|switch|p2a: Slowking|Slowking-Galar, F|100/100
|move|p1a: Primarina|Calm Mind|p1a: Primarina
|-boost|p1a: Primarina|spa|1
|-boost|p1a: Primarina|spd|1
|
|-heal|p1a: Primarina|88/100|[from] item: Leftovers
|upkeep
|turn|11
|
|t:|1769336153
|-terastallize|p1a: Primarina|Steel
|move|p1a: Primarina|Calm Mind|p1a: Primarina
|-boost|p1a: Primarina|spa|1
|-boost|p1a: Primarina|spd|1
|move|p2a: Slowking|Sludge Bomb|p1a: Primarina
|-immune|p1a: Primarina
|
|-heal|p1a: Primarina|94/100|[from] item: Leftovers
|upkeep
|turn|12
|
|t:|1769336163
|move|p1a: Primarina|Calm Mind|p1a: Primarina
|-boost|p1a: Primarina|spa|1
|-boost|p1a: Primarina|spd|1
|move|p2a: Slowking|Flamethrower|p1a: Primarina
|-supereffective|p1a: Primarina
|-end|p1a: Primarina|Substitute
|
|-heal|p1a: Primarina|100/100|[from] item: Leftovers
|upkeep
|turn|13
|
|t:|1769336175
|move|p1a: Primarina|Substitute|p1a: Primarina
|-start|p1a: Primarina|Substitute
|-damage|p1a: Primarina|76/100
|move|p2a: Slowking|Flamethrower|p1a: Primarina
|-supereffective|p1a: Primarina
|-activate|p1a: Primarina|move: Substitute|[damage]
|
|-heal|p1a: Primarina|82/100|[from] item: Leftovers
|upkeep
|turn|14
|
|t:|1769336182
|move|p1a: Primarina|Surf|p2a: Slowking
|-damage|p2a: Slowking|41/100
|move|p2a: Slowking|Flamethrower|p1a: Primarina
|-supereffective|p1a: Primarina
|-end|p1a: Primarina|Substitute
|
|-heal|p1a: Primarina|88/100|[from] item: Leftovers
|upkeep
|turn|15
|
|t:|1769336193
|switch|p2a: Ogerpon|Ogerpon-Wellspring, F|100/100
|move|p1a: Primarina|Substitute|p1a: Primarina
|-start|p1a: Primarina|Substitute
|-damage|p1a: Primarina|63/100
|
|-heal|p1a: Primarina|69/100|[from] item: Leftovers
|upkeep
|turn|16
|
|t:|1769336204
|move|p2a: Ogerpon|Swords Dance|p2a: Ogerpon
|-boost|p2a: Ogerpon|atk|2
|move|p1a: Primarina|Draining Kiss|p2a: Ogerpon
|-damage|p2a: Ogerpon|28/100
|-heal|p1a: Primarina|100/100|[from] drain|[of] p2a: Ogerpon
|
|upkeep
|turn|17
|
|t:|1769336222
|move|p2a: Ogerpon|Ivy Cudgel|p1a: Primarina|[anim] Ivy Cudgel Water
|-end|p1a: Primarina|Substitute
|move|p1a: Primarina|Draining Kiss|p2a: Ogerpon
|-damage|p2a: Ogerpon|0 fnt
|faint|p2a: Ogerpon
|
|upkeep
|
|t:|1769336228
|switch|p2a: Scizor|Scizor, M|100/100
|turn|18
|
|t:|1769336240
|switch|p1a: Slowking|Slowking-Galar, M, shiny|100/100
|move|p2a: Scizor|Close Combat|p1a: Slowking
|-resisted|p1a: Slowking
|-damage|p1a: Slowking|83/100
|-unboost|p2a: Scizor|def|1
|-unboost|p2a: Scizor|spd|1
|
|upkeep
|turn|19
|
|t:|1769336249
|switch|p2a: Gliscor|Gliscor, F|88/100 tox
|switch|p1a: Great Tusk|Great Tusk, shiny|94/100 tox
|
|-damage|p1a: Great Tusk|88/100 tox|[from] psn
|-heal|p2a: Gliscor|100/100 tox|[from] ability: Poison Heal
|upkeep
|turn|20
|
|t:|1769336257
|move|p1a: Great Tusk|Stealth Rock|p2a: Gliscor
|-sidestart|p2: Tekapkmn|move: Stealth Rock
|move|p2a: Gliscor|Knock Off|p1a: Great Tusk
|-resisted|p1a: Great Tusk
|-damage|p1a: Great Tusk|80/100 tox
|-enditem|p1a: Great Tusk|Heavy-Duty Boots|[from] move: Knock Off|[of] p2a: Gliscor
|
|-damage|p1a: Great Tusk|68/100 tox|[from] psn
|upkeep
|turn|21
|
|t:|1769336269
|move|p1a: Great Tusk|Ice Spinner|p2a: Gliscor
|-supereffective|p2a: Gliscor
|-damage|p2a: Gliscor|36/100 tox
|move|p2a: Gliscor|Earthquake|p1a: Great Tusk
|-damage|p1a: Great Tusk|47/100 tox
|
|-damage|p1a: Great Tusk|28/100 tox|[from] psn
|-heal|p2a: Gliscor|49/100 tox|[from] ability: Poison Heal
|upkeep
|turn|22
|
|t:|1769336278
|move|p2a: Gliscor|Protect|p2a: Gliscor
|-singleturn|p2a: Gliscor|Protect
|move|p1a: Great Tusk|Ice Spinner|p2a: Gliscor
|-activate|p2a: Gliscor|move: Protect
|
|-damage|p1a: Great Tusk|3/100 tox|[from] psn
|-heal|p2a: Gliscor|61/100 tox|[from] ability: Poison Heal
|upkeep
|turn|23
|
|t:|1769336286
|move|p1a: Great Tusk|Ice Spinner|p2a: Gliscor
|-supereffective|p2a: Gliscor
|-damage|p2a: Gliscor|1/100 tox
|move|p2a: Gliscor|Knock Off|p1a: Great Tusk
|-resisted|p1a: Great Tusk
|-damage|p1a: Great Tusk|0 fnt
|faint|p1a: Great Tusk
|-end|p1a: Great Tusk|Protosynthesis|[silent]
|
|-heal|p2a: Gliscor|14/100 tox|[from] ability: Poison Heal
|upkeep
|
|t:|1769336291
|switch|p1a: Rillaboom|Rillaboom, M, shiny|100/100
|-fieldstart|move: Grassy Terrain|[from] ability: Grassy Surge|[of] p1a: Rillaboom
|turn|24
|
|t:|1769336306
|move|p2a: Gliscor|Protect|p2a: Gliscor
|-singleturn|p2a: Gliscor|Protect
|move|p1a: Rillaboom|Knock Off|p2a: Gliscor
|-activate|p2a: Gliscor|move: Protect
|
|-heal|p2a: Gliscor|26/100 tox|[from] ability: Poison Heal
|upkeep
|turn|25
|
|t:|1769336324
|switch|p2a: Corviknight|Corviknight, F|100/100
|-damage|p2a: Corviknight|88/100|[from] Stealth Rock
|-ability|p2a: Corviknight|Pressure
|move|p1a: Rillaboom|Grassy Glide|p2a: Corviknight
|-resisted|p2a: Corviknight
|-damage|p2a: Corviknight|82/100
|-damage|p1a: Rillaboom|84/100|[from] item: Rocky Helmet|[of] p2a: Corviknight
|
|-heal|p1a: Rillaboom|90/100|[from] Grassy Terrain
|upkeep
|turn|26
|
|t:|1769336336
|move|p1a: Rillaboom|U-turn|p2a: Corviknight
|-resisted|p2a: Corviknight
|-damage|p2a: Corviknight|79/100
|-damage|p1a: Rillaboom|73/100|[from] item: Rocky Helmet|[of] p2a: Corviknight
|
|t:|1769336338
|switch|p1a: Cinderace|Cinderace, F, shiny|100/100|[from] U-turn
|move|p2a: Corviknight|Defog|p1a: Cinderace
|-unboost|p1a: Cinderace|evasion|1
|-sideend|p2: Tekapkmn|Stealth Rock|[from] move: Defog|[of] p2a: Corviknight
|-fieldend|move: Grassy Terrain
|
|upkeep
|turn|27
|
|t:|1769336356
|switch|p2a: Raging Bolt|Raging Bolt|100/100
|-enditem|p2a: Raging Bolt|Booster Energy
|-activate|p2a: Raging Bolt|ability: Protosynthesis|[fromitem]
|-start|p2a: Raging Bolt|protosynthesisspa
|move|p1a: Cinderace|Will-O-Wisp|p2a: Raging Bolt
|-status|p2a: Raging Bolt|brn
|
|-damage|p2a: Raging Bolt|94/100 brn|[from] brn
|upkeep
|turn|28
|
|t:|1769336372
|move|p1a: Cinderace|U-turn|p2a: Raging Bolt
|-start|p1a: Cinderace|typechange|Bug|[from] ability: Libero
|-damage|p2a: Raging Bolt|61/100 brn
|
|t:|1769336382
|switch|p1a: Slowking|Slowking-Galar, M, shiny|100/100|[from] U-turn
|move|p2a: Raging Bolt|Calm Mind|p2a: Raging Bolt
|-boost|p2a: Raging Bolt|spa|1
|-boost|p2a: Raging Bolt|spd|1
|
|-damage|p2a: Raging Bolt|55/100 brn|[from] brn
|upkeep
|turn|29
|
|t:|1769336400
|move|p2a: Raging Bolt|Thunderbolt|p1a: Slowking
|-damage|p1a: Slowking|40/100
|-prepare|p1a: Slowking|Chilly Reception|[premajor]
|move|p1a: Slowking|Chilly Reception|p1a: Slowking
|-weather|Snowscape
|
|t:|1769336418
|switch|p1a: Cinderace|Cinderace, F, shiny|100/100|[from] Chilly Reception
|
|-weather|Snowscape|[upkeep]
|-damage|p2a: Raging Bolt|49/100 brn|[from] brn
|upkeep
|turn|30
|
|t:|1769336424
|move|p1a: Cinderace|Sucker Punch|p2a: Raging Bolt
|-start|p1a: Cinderace|typechange|Dark|[from] ability: Libero
|-damage|p2a: Raging Bolt|15/100 brn
|move|p2a: Raging Bolt|Thunderclap||[still]
|-fail|p2a: Raging Bolt
|
|-weather|Snowscape|[upkeep]
|-damage|p2a: Raging Bolt|9/100 brn|[from] brn
|upkeep
|turn|31
|
|t:|1769336445
|-end|p2a: Raging Bolt|Protosynthesis|[silent]
|switch|p2a: Corviknight|Corviknight, F|79/100
|-ability|p2a: Corviknight|Pressure
|move|p1a: Cinderace|Will-O-Wisp|p2a: Corviknight
|-status|p2a: Corviknight|brn
|
|-weather|Snowscape|[upkeep]
|-damage|p2a: Corviknight|73/100 brn|[from] brn
|upkeep
|turn|32
|
|t:|1769336455
|move|p1a: Cinderace|Pyro Ball|p2a: Corviknight
|-supereffective|p2a: Corviknight
|-damage|p2a: Corviknight|25/100 brn
|move|p2a: Corviknight|Iron Defense|p2a: Corviknight
|-boost|p2a: Corviknight|def|2
|
|-weather|Snowscape|[upkeep]
|-damage|p2a: Corviknight|19/100 brn|[from] brn
|upkeep
|turn|33
|
|t:|1769336473
|move|p1a: Cinderace|Pyro Ball|p2a: Corviknight
|-supereffective|p2a: Corviknight
|-damage|p2a: Corviknight|0 fnt
|faint|p2a: Corviknight
|
|-weather|none
|upkeep
|
|t:|1769336480
|switch|p2a: Gliscor|Gliscor, F|26/100 tox
|turn|34
|
|t:|1769336486
|move|p2a: Gliscor|Protect|p2a: Gliscor
|-singleturn|p2a: Gliscor|Protect
|move|p1a: Cinderace|U-turn|p2a: Gliscor
|-activate|p2a: Gliscor|move: Protect
|
|-heal|p2a: Gliscor|39/100 tox|[from] ability: Poison Heal
|upkeep
|turn|35
|
|t:|1769336497
|move|p1a: Cinderace|U-turn|p2a: Gliscor
|-resisted|p2a: Gliscor
|-damage|p2a: Gliscor|31/100 tox
|
|t:|1769336499
|switch|p1a: Rillaboom|Rillaboom, M, shiny|73/100|[from] U-turn
|-fieldstart|move: Grassy Terrain|[from] ability: Grassy Surge|[of] p1a: Rillaboom
|move|p2a: Gliscor|Knock Off|p1a: Rillaboom
|-damage|p1a: Rillaboom|51/100
|-enditem|p1a: Rillaboom|Terrain Extender|[from] move: Knock Off|[of] p2a: Gliscor
|
|-heal|p1a: Rillaboom|57/100|[from] Grassy Terrain
|-heal|p2a: Gliscor|43/100 tox|[from] ability: Poison Heal
|upkeep
|turn|36
|
|t:|1769336512
|move|p2a: Gliscor|Protect|p2a: Gliscor
|-singleturn|p2a: Gliscor|Protect
|move|p1a: Rillaboom|U-turn|p2a: Gliscor
|-activate|p2a: Gliscor|move: Protect
|
|-heal|p1a: Rillaboom|63/100|[from] Grassy Terrain
|-heal|p2a: Gliscor|56/100 tox|[from] ability: Poison Heal
|upkeep
|turn|37
|
|t:|1769336522
|move|p2a: Gliscor|Knock Off|p1a: Rillaboom
|-damage|p1a: Rillaboom|47/100
|move|p1a: Rillaboom|U-turn|p2a: Gliscor
|-resisted|p2a: Gliscor
|-damage|p2a: Gliscor|48/100 tox
|
|t:|1769336537
|switch|p1a: Meowscarada|Meowscarada, F, shiny|31/100|[from] U-turn
|
|-heal|p1a: Meowscarada|37/100|[from] Grassy Terrain
|-heal|p2a: Gliscor|60/100 tox|[from] ability: Poison Heal
|upkeep
|turn|38
|
|t:|1769336556
|switch|p2a: Raging Bolt|Raging Bolt|9/100 brn
|move|p1a: Meowscarada|Flower Trick|p2a: Raging Bolt
|-start|p1a: Meowscarada|typechange|Grass|[from] ability: Protean
|-resisted|p2a: Raging Bolt
|-crit|p2a: Raging Bolt
|-damage|p2a: Raging Bolt|0 fnt
|faint|p2a: Raging Bolt
|-end|p2a: Raging Bolt|Protosynthesis|[silent]
|
|-heal|p1a: Meowscarada|43/100|[from] Grassy Terrain
|upkeep
|
|t:|1769336566
|switch|p2a: Scizor|Scizor, M|100/100
|turn|39
|
|t:|1769336576
|switch|p1a: Slowking|Slowking-Galar, M, shiny|73/100
|-terastallize|p2a: Scizor|Steel
|move|p2a: Scizor|Bullet Punch|p1a: Slowking
|-damage|p1a: Slowking|0 fnt
|faint|p1a: Slowking
|
|upkeep
|
|t:|1769336579
|switch|p1a: Cinderace|Cinderace, F, shiny|100/100
|turn|40
|
|t:|1769336585
|move|p2a: Scizor|Bullet Punch|p1a: Cinderace
|-resisted|p1a: Cinderace
|-damage|p1a: Cinderace|52/100
|move|p1a: Cinderace|Will-O-Wisp|p2a: Scizor
|-status|p2a: Scizor|brn
|
|-heal|p1a: Cinderace|58/100|[from] Grassy Terrain
|-damage|p2a: Scizor|94/100 brn|[from] brn
|upkeep
|turn|41
|inactive|Tekapkmn has 120 seconds left.
|
|t:|1769336616
|switch|p2a: Gliscor|Gliscor, F|60/100 tox
|move|p1a: Cinderace|Pyro Ball|p2a: Gliscor
|-damage|p2a: Gliscor|22/100 tox
|
|-heal|p1a: Cinderace|64/100|[from] Grassy Terrain
|-heal|p2a: Gliscor|35/100 tox|[from] ability: Poison Heal
|upkeep
|turn|42
|
|t:|1769336631
|move|p2a: Gliscor|Protect|p2a: Gliscor
|-singleturn|p2a: Gliscor|Protect
|move|p1a: Cinderace|U-turn|p2a: Gliscor
|-start|p1a: Cinderace|typechange|Bug|[from] ability: Libero
|-activate|p2a: Gliscor|move: Protect
|
|-heal|p1a: Cinderace|70/100|[from] Grassy Terrain
|-heal|p2a: Gliscor|47/100 tox|[from] ability: Poison Heal
|-fieldend|move: Grassy Terrain
|upkeep
|turn|43
|
|t:|1769336642
|move|p1a: Cinderace|U-turn|p2a: Gliscor
|-resisted|p2a: Gliscor
|-damage|p2a: Gliscor|35/100 tox
|
|t:|1769336646
|switch|p1a: Rillaboom|Rillaboom, M, shiny|47/100|[from] U-turn
|-fieldstart|move: Grassy Terrain|[from] ability: Grassy Surge|[of] p1a: Rillaboom
|move|p2a: Gliscor|Toxic|p1a: Rillaboom
|-status|p1a: Rillaboom|tox
|
|-heal|p1a: Rillaboom|53/100 tox|[from] Grassy Terrain
|-heal|p2a: Gliscor|48/100 tox|[from] ability: Poison Heal
|-damage|p1a: Rillaboom|47/100 tox|[from] psn
|upkeep
|turn|44
|
|t:|1769336662
|move|p2a: Gliscor|Protect|p2a: Gliscor
|-singleturn|p2a: Gliscor|Protect
|move|p1a: Rillaboom|U-turn|p2a: Gliscor
|-activate|p2a: Gliscor|move: Protect
|
|-heal|p1a: Rillaboom|53/100 tox|[from] Grassy Terrain
|-heal|p2a: Gliscor|60/100 tox|[from] ability: Poison Heal
|-damage|p1a: Rillaboom|41/100 tox|[from] psn
|upkeep
|turn|45
|
|t:|1769336675
|move|p2a: Gliscor|Earthquake|p1a: Rillaboom
|-resisted|p1a: Rillaboom
|-damage|p1a: Rillaboom|32/100 tox
|move|p1a: Rillaboom|U-turn|p2a: Gliscor
|-resisted|p2a: Gliscor
|-damage|p2a: Gliscor|53/100 tox
|
|t:|1769336679
|switch|p1a: Primarina|Primarina, F, shiny, tera:Steel|100/100|[from] U-turn
|
|-heal|p2a: Gliscor|66/100 tox|[from] ability: Poison Heal
|upkeep
|turn|46
|
|t:|1769336686
|move|p2a: Gliscor|Knock Off|p1a: Primarina
|-damage|p1a: Primarina|73/100
|-enditem|p1a: Primarina|Leftovers|[from] move: Knock Off|[of] p2a: Gliscor
|move|p1a: Primarina|Calm Mind|p1a: Primarina
|-boost|p1a: Primarina|spa|1
|-boost|p1a: Primarina|spd|1
|
|-heal|p1a: Primarina|79/100|[from] Grassy Terrain
|-heal|p2a: Gliscor|78/100 tox|[from] ability: Poison Heal
|upkeep
|turn|47
|
|t:|1769336699
|switch|p2a: Scizor|Scizor, M, tera:Steel|94/100 brn
|move|p1a: Primarina|Substitute|p1a: Primarina
|-start|p1a: Primarina|Substitute
|-damage|p1a: Primarina|54/100
|
|-heal|p1a: Primarina|61/100|[from] Grassy Terrain
|-heal|p2a: Scizor|100/100 brn|[from] Grassy Terrain
|-damage|p2a: Scizor|94/100 brn|[from] brn
|-fieldend|move: Grassy Terrain
|upkeep
|turn|48
|
|t:|1769336708
|move|p1a: Primarina|Surf|p2a: Scizor
|-damage|p2a: Scizor|0 fnt
|faint|p2a: Scizor
|
|upkeep
|
|t:|1769336715
|switch|p2a: Gliscor|Gliscor, F|78/100 tox
|turn|49
|
|t:|1769336718
|move|p2a: Gliscor|Earthquake|p1a: Primarina
|-supereffective|p1a: Primarina
|-end|p1a: Primarina|Substitute
|move|p1a: Primarina|Surf|p2a: Gliscor
|-supereffective|p2a: Gliscor
|-damage|p2a: Gliscor|0 fnt
|faint|p2a: Gliscor
|
|upkeep
|
|t:|1769336725
|switch|p2a: Slowking|Slowking-Galar, F|74/100
|turn|50
|
|t:|1769336729
|move|p1a: Primarina|Surf|p2a: Slowking
|-damage|p2a: Slowking|40/100
|move|p2a: Slowking|Psychic|p1a: Primarina
|-resisted|p1a: Primarina
|-damage|p1a: Primarina|46/100
|
|upkeep
|turn|51
|
|t:|1769336740
|move|p1a: Primarina|Substitute|p1a: Primarina
|-start|p1a: Primarina|Substitute
|-damage|p1a: Primarina|21/100
|move|p2a: Slowking|Flamethrower|p1a: Primarina
|-supereffective|p1a: Primarina
|-end|p1a: Primarina|Substitute
|
|upkeep
|turn|52
|
|t:|1769336746
|move|p1a: Primarina|Surf|p2a: Slowking
|-damage|p2a: Slowking|0 fnt
|faint|p2a: Slowking
|
|win|dialgamaster 2.0
|raw|dialgamaster 2.0's rating: 1354 &rarr; <strong>1370</strong><br />(+16 for winning)
|raw|Tekapkmn's rating: 1281 &rarr; <strong>1261</strong><br />(-20 for losing)
|c|☆dialgamaster 2.0|GG
