|j|☆help me am lost
|j|☆Wubben
|inactive|Battle timer is ON: inactive players will automatically lose when time's up.
|t:|1769336824
|gametype|singles
|player|p1|help me am lost|preschooler|
|player|p2|Wubben|#wcor2023benelux|
|gen|9
|tier|[Gen 9] OU
|rated|Tournament battle
|rule|HP Percentage Mod: HP is shown in percentages
|rule|Endless Battle Clause: Forcing endless battles is banned
|rule|Species Clause: Limit one of each Pokémon
|rule|OHKO Clause: OHKO moves are banned
|rule|Evasion Items Clause: Evasion items are banned
|rule|Evasion Moves Clause: Evasion moves are banned
|rule|Evasion Abilities Clause: Evasion abilities are banned
|rule|Sleep Moves Clause: Sleep-inducing moves are banned
|clearpoke
|poke|p1|Meowscarada, F|
|poke|p1|Zapdos|
|poke|p1|Politoed, F|
|poke|p1|Cinderace, M|
|poke|p1|Zamazenta-*|
|poke|p1|Gliscor, F|
|poke|p2|Walking Wake|
|poke|p2|Torkoal, M|
|poke|p2|Hatterene, F|
|poke|p2|Great Tusk|
|poke|p2|Lilligant-Hisui, F|
|poke|p2|Raging Bolt|
|teampreview
|j|*Lady Monita ☃️
|j| Tombuster0405
|
|t:|1769336847
|teamsize|p1|6
|teamsize|p2|6
|start
|switch|p1a: Cinderace|Cinderace, M, shiny|100/100
|switch|p2a: Walking Wake|Walking Wake|100/100
|turn|1
|
|t:|1769336855
|move|p1a: Cinderace|U-turn|p2a: Walking Wake
|-start|p1a: Cinderace|typechange|Bug|[from] ability: Libero
|-damage|p2a: Walking Wake|61/100
|
|t:|1769336860
|switch|p1a: Zapdos|Zapdos|100/100|[from] U-turn
|move|p2a: Walking Wake|Draco Meteor|p1a: Zapdos
|-damage|p1a: Zapdos|0 fnt
|-unboost|p2a: Walking Wake|spa|2
|faint|p1a: Zapdos
|
|upkeep
|
|t:|1769336876
|switch|p1a: Meowscarada|Meowscarada, F, shiny|100/100
|turn|2
|
|t:|1769336884
|-end|p2a: Walking Wake|Protosynthesis|[silent]
|switch|p2a: Torkoal|Torkoal, M|100/100
|-weather|SunnyDay|[from] ability: Drought|[of] p2a: Torkoal
|move|p1a: Meowscarada|Triple Axel|p2a: Torkoal
|-start|p1a: Meowscarada|typechange|Ice|[from] ability: Protean
|-resisted|p2a: Torkoal
|-damage|p2a: Torkoal|96/100
|-resisted|p2a: Torkoal
|-damage|p2a: Torkoal|89/100
|-hitcount|p2a: Torkoal|2
|
|-weather|SunnyDay|[upkeep]
|upkeep
|turn|3
|
|t:|1769336898
|switch|p1a: Politoed|Politoed, F|100/100
|-weather|RainDance|[from] ability: Drizzle|[of] p1a: Politoed
|move|p2a: Torkoal|Stealth Rock|p1a: Politoed
|-sidestart|p1: help me am lost|move: Stealth Rock
|
|-weather|RainDance|[upkeep]
|upkeep
|turn|4
|
|t:|1769336906
|switch|p2a: Raging Bolt|Raging Bolt|100/100
|move|p1a: Politoed|Weather Ball|p2a: Raging Bolt
|-resisted|p2a: Raging Bolt
|-damage|p2a: Raging Bolt|68/100
|
|-weather|RainDance|[upkeep]
|upkeep
|turn|5
|
|t:|1769336915
|switch|p1a: Cinderace|Cinderace, M, shiny|100/100
|move|p2a: Raging Bolt|Dragon Pulse|p1a: Cinderace
|-damage|p1a: Cinderace|22/100
|
|-weather|RainDance|[upkeep]
|upkeep
|turn|6
|
|t:|1769336929
|move|p2a: Raging Bolt|Dragon Pulse|p1a: Cinderace
|-damage|p1a: Cinderace|0 fnt
|faint|p1a: Cinderace
|
|-weather|RainDance|[upkeep]
|upkeep
|j| Albrtix
|
|t:|1769336949
|switch|p1a: Gliscor|Gliscor, F|100/100
|-damage|p1a: Gliscor|88/100|[from] Stealth Rock
|turn|7
|
|t:|1769336956
|-end|p2a: Raging Bolt|Protosynthesis|[silent]
|switch|p2a: Torkoal|Torkoal, M|89/100
|-weather|SunnyDay|[from] ability: Drought|[of] p2a: Torkoal
|move|p1a: Gliscor|Protect||[still]
|-fail|p1a: Gliscor
|
|-weather|SunnyDay|[upkeep]
|-status|p1a: Gliscor|tox|[from] item: Toxic Orb
|upkeep
|turn|8
|
|t:|1769336967
|switch|p2a: Walking Wake|Walking Wake|61/100
|-activate|p2a: Walking Wake|ability: Protosynthesis
|-start|p2a: Walking Wake|protosynthesisspe
|move|p1a: Gliscor|Substitute|p1a: Gliscor
|-start|p1a: Gliscor|Substitute
|-damage|p1a: Gliscor|63/100 tox
|
|-weather|SunnyDay|[upkeep]
|-heal|p1a: Gliscor|76/100 tox|[from] ability: Poison Heal
|upkeep
|turn|9
|
|t:|1769336980
|move|p2a: Walking Wake|Hydro Steam|p1a: Gliscor
|-supereffective|p1a: Gliscor
|-end|p1a: Gliscor|Substitute
|move|p1a: Gliscor|Toxic|p2a: Walking Wake
|-status|p2a: Walking Wake|tox
|
|-weather|SunnyDay|[upkeep]
|-damage|p2a: Walking Wake|55/100 tox|[from] psn
|-heal|p1a: Gliscor|88/100 tox|[from] ability: Poison Heal
|upkeep
|turn|10
|
|t:|1769336991
|-end|p2a: Walking Wake|Protosynthesis|[silent]
|switch|p2a: Lilligant|Lilligant-Hisui, F|100/100
|move|p1a: Gliscor|Protect||[still]
|-fail|p1a: Gliscor
|
|-weather|SunnyDay|[upkeep]
|-heal|p1a: Gliscor|100/100 tox|[from] ability: Poison Heal
|upkeep
|turn|11
|
|t:|1769337005
|move|p2a: Lilligant|Triple Axel|p1a: Gliscor
|-supereffective|p1a: Gliscor
|-damage|p1a: Gliscor|68/100 tox
|-supereffective|p1a: Gliscor
|-damage|p1a: Gliscor|4/100 tox
|-supereffective|p1a: Gliscor
|-damage|p1a: Gliscor|0 fnt
|faint|p1a: Gliscor
|-hitcount|p1: Gliscor|3
|-damage|p2a: Lilligant|91/100|[from] item: Life Orb
|
|-weather|SunnyDay|[upkeep]
|upkeep
|
|t:|1769337022
|switch|p1a: Meowscarada|Meowscarada, F, shiny|100/100
|-damage|p1a: Meowscarada|88/100|[from] Stealth Rock
|turn|12
|
|t:|1769337031
|move|p2a: Lilligant|Close Combat|p1a: Meowscarada
|-supereffective|p1a: Meowscarada
|-damage|p1a: Meowscarada|0 fnt
|-unboost|p2a: Lilligant|def|1
|-unboost|p2a: Lilligant|spd|1
|faint|p1a: Meowscarada
|-damage|p2a: Lilligant|81/100|[from] item: Life Orb
|
|-weather|SunnyDay|[upkeep]
|upkeep
|
|t:|1769337041
|switch|p1a: Politoed|Politoed, F|100/100
|-weather|RainDance|[from] ability: Drizzle|[of] p1a: Politoed
|turn|13
|
|t:|1769337047
|switch|p2a: Torkoal|Torkoal, M|89/100
|-weather|SunnyDay|[from] ability: Drought|[of] p2a: Torkoal
|move|p1a: Politoed|Ice Beam|p2a: Torkoal
|-resisted|p2a: Torkoal
|-damage|p2a: Torkoal|72/100
|
|-weather|SunnyDay|[upkeep]
|upkeep
|turn|14
|
|t:|1769337058
|switch|p1a: Zamazenta|Zamazenta|100/100
|-damage|p1a: Zamazenta|94/100|[from] Stealth Rock
|-ability|p1a: Zamazenta|Dauntless Shield|boost
|-boost|p1a: Zamazenta|def|1
|switch|p2a: Raging Bolt|Raging Bolt|68/100
|-activate|p2a: Raging Bolt|ability: Protosynthesis
|-start|p2a: Raging Bolt|protosynthesisspa
|
|-weather|SunnyDay|[upkeep]
|-heal|p1a: Zamazenta|100/100|[from] item: Leftovers
|upkeep
|turn|15
|inactive|help me am lost has 120 seconds left.
|
|t:|1769337088
|move|p2a: Raging Bolt|Thunderbolt|p1a: Zamazenta
|-damage|p1a: Zamazenta|45/100
|move|p1a: Zamazenta|Iron Defense|p1a: Zamazenta
|-boost|p1a: Zamazenta|def|2
|
|-weather|SunnyDay|[upkeep]
|-heal|p1a: Zamazenta|51/100|[from] item: Leftovers
|upkeep
|turn|16
|inactive|help me am lost has 120 seconds left.
|
|t:|1769337097
|move|p2a: Raging Bolt|Thunderbolt|p1a: Zamazenta
|-damage|p1a: Zamazenta|0 fnt
|faint|p1a: Zamazenta
|
|-weather|SunnyDay|[upkeep]
|upkeep
|
|t:|1769337101
|switch|p1a: Politoed|Politoed, F|100/100
|-weather|RainDance|[from] ability: Drizzle|[of] p1a: Politoed
|-end|p2a: Raging Bolt|Protosynthesis
|turn|17
|
|t:|1769337109
|move|p2a: Raging Bolt|Thunderbolt|p1a: Politoed
|-supereffective|p1a: Politoed
|-damage|p1a: Politoed|0 fnt
|faint|p1a: Politoed
|
|win|Wubben
|n|☆help me am lost|helpmeamlost
|n|☆Wubben|wubben
|n|*Lady Monita ☃️|ladymonita
|n| Tombuster0405|tombuster0405
|n| Albrtix|albrtix
|l|*Lady Monita ☃️
|l|☆Wubben
|player|p2|
|l|☆help me am lost
|player|p1|
|l| Tombuster0405
