|j|☆enzofm15
|j|☆Hyaikho
|t:|1769372586
|gametype|singles
|player|p1|enzofm15|266|1443
|player|p2|Hyaikho|guzma|1404
|gen|9
|tier|[Gen 9] OU
|rated|
|rule|HP Percentage Mod: HP is shown in percentages
|rule|Endless Battle Clause: Forcing endless battles is banned
|rule|Species Clause: Limit one of each Pokémon
|rule|OHKO Clause: OHKO moves are banned
|rule|Evasion Items Clause: Evasion items are banned
|rule|Evasion Moves Clause: Evasion moves are banned
|rule|Evasion Abilities Clause: Evasion abilities are banned
|rule|Sleep Moves Clause: Sleep-inducing moves are banned
|clearpoke
|poke|p1|Mamoswine, F|
|poke|p1|Empoleon, F|
|poke|p1|Zapdos|
|poke|p1|Ceruledge, F|
|poke|p1|Skarmory, F|
|poke|p1|Zamazenta-*|
|poke|p2|Salazzle, F|
|poke|p2|Hoopa-Unbound|
|poke|p2|Tsareena, F|
|poke|p2|Flamigo, F|
|poke|p2|Weavile, F|
|poke|p2|Kommo-o, F|
|teampreview
|inactive|Battle timer is ON: inactive players will automatically lose when time's up. (requested by Hyaikho)
|inactive|enzofm15 has 120 seconds left.
|
|t:|1769372698
|teamsize|p1|6
|teamsize|p2|6
|start
|switch|p1a: Mamoswine|Mamoswine, F|100/100
|switch|p2a: Kommo-o|Kommo-o, F|100/100
|turn|1
|
|t:|1769372702
|switch|p1a: Zapdos|Zapdos|100/100
|move|p2a: Kommo-o|Aura Sphere|p1a: Zapdos
|-resisted|p1a: Zapdos
|-damage|p1a: Zapdos|84/100
|
|upkeep
|turn|2
|
|t:|1769372704
|move|p1a: Zapdos|Hurricane|p2a: Kommo-o
|-supereffective|p2a: Kommo-o
|-damage|p2a: Kommo-o|4/100
|move|p2a: Kommo-o|Clanging Scales|p1a: Zapdos
|-damage|p1a: Zapdos|37/100
|-unboost|p2a: Kommo-o|def|1
|
|upkeep
|turn|3
|
|t:|1769372707
|move|p1a: Zapdos|Roost|p1a: Zapdos
|-heal|p1a: Zapdos|87/100
|-singleturn|p1a: Zapdos|move: Roost
|move|p2a: Kommo-o|Stealth Rock|p1a: Zapdos
|-sidestart|p1: enzofm15|move: Stealth Rock
|
|upkeep
|turn|4
|
|t:|1769372713
|move|p1a: Zapdos|Volt Switch|p2a: Kommo-o
|-resisted|p2a: Kommo-o
|-damage|p2a: Kommo-o|0 fnt
|faint|p2a: Kommo-o
|
|t:|1769372724
|switch|p1a: Mamoswine|Mamoswine, F|100/100|[from] Volt Switch
|
|upkeep
|inactive|Hyaikho has 120 seconds left.
|
|t:|1769372756
|switch|p2a: Flamigo|Flamigo, F|100/100
|turn|5
|inactive|enzofm15 has 120 seconds left.
|inactive|enzofm15 has 90 seconds left.
|
|t:|1769372839
|switch|p1a: Zapdos|Zapdos|87/100
|move|p2a: Flamigo|Close Combat|p1a: Zapdos
|-resisted|p1a: Zapdos
|-damage|p1a: Zapdos|67/100
|-unboost|p2a: Flamigo|def|1
|-unboost|p2a: Flamigo|spd|1
|
|upkeep
|turn|6
|inactive|enzofm15 has 60 seconds left.
|
|t:|1769372880
|switch|p2a: Weavile|Weavile, F|100/100
|-ability|p2a: Weavile|Pressure
|move|p1a: Zapdos|Volt Switch|p2a: Weavile
|-damage|p2a: Weavile|60/100
|
|t:|1769372883
|switch|p1a: Zamazenta|Zamazenta|100/100|[from] Volt Switch
|-damage|p1a: Zamazenta|94/100|[from] Stealth Rock
|-ability|p1a: Zamazenta|Dauntless Shield|boost
|-boost|p1a: Zamazenta|def|1
|
|-heal|p1a: Zamazenta|100/100|[from] item: Leftovers
|upkeep
|turn|7
|
|t:|1769372893
|switch|p2a: Salazzle|Salazzle, F, shiny|100/100
|move|p1a: Zamazenta|Iron Defense|p1a: Zamazenta
|-boost|p1a: Zamazenta|def|2
|
|upkeep
|turn|8
|inactive|enzofm15 has 60 seconds left.
|
|t:|1769372913
|move|p1a: Zamazenta|Substitute|p1a: Zamazenta
|-start|p1a: Zamazenta|Substitute
|-damage|p1a: Zamazenta|76/100
|move|p2a: Salazzle|Toxic||[still]
|-fail|p2a: Salazzle
|
|-heal|p1a: Zamazenta|82/100|[from] item: Leftovers
|upkeep
|turn|9
|
|t:|1769372922
|move|p1a: Zamazenta|Body Press|p2a: Salazzle
|-resisted|p2a: Salazzle
|-damage|p2a: Salazzle|29/100
|move|p2a: Salazzle|Encore|p1a: Zamazenta
|-start|p1a: Zamazenta|Encore
|
|-heal|p1a: Zamazenta|88/100|[from] item: Leftovers
|upkeep
|turn|10
|
|t:|1769372933
|switch|p2a: Flamigo|Flamigo, F|100/100
|move|p1a: Zamazenta|Body Press|p2a: Flamigo
|-resisted|p2a: Flamigo
|-damage|p2a: Flamigo|44/100
|
|-heal|p1a: Zamazenta|94/100|[from] item: Leftovers
|upkeep
|turn|11
|
|t:|1769372939
|move|p2a: Flamigo|Brave Bird|p1a: Zamazenta
|-supereffective|p1a: Zamazenta
|-end|p1a: Zamazenta|Substitute
|-damage|p2a: Flamigo|34/100|[from] Recoil|[of] p1a: Zamazenta
|move|p1a: Zamazenta|Body Press|p2a: Flamigo
|-resisted|p2a: Flamigo
|-damage|p2a: Flamigo|0 fnt
|faint|p2a: Flamigo
|
|-heal|p1a: Zamazenta|100/100|[from] item: Leftovers
|upkeep
|inactive|Hyaikho has 120 seconds left.
|
|t:|1769372978
|switch|p2a: Hoopa|Hoopa-Unbound|100/100
|turn|12
|
|t:|1769372997
|-terastallize|p2a: Hoopa|Psychic
|move|p2a: Hoopa|Psychic|p1a: Zamazenta
|-supereffective|p1a: Zamazenta
|-damage|p1a: Zamazenta|0 fnt
|faint|p1a: Zamazenta
|
|upkeep
|
|t:|1769373001
|switch|p1a: Empoleon|Empoleon, F|100/100
|-damage|p1a: Empoleon|94/100|[from] Stealth Rock
|turn|13
|
|t:|1769373016
|switch|p2a: Tsareena|Tsareena, F|100/100
|move|p1a: Empoleon|Whirlpool|p2a: Tsareena
|-resisted|p2a: Tsareena
|-damage|p2a: Tsareena|96/100
|-activate|p2a: Tsareena|move: Whirlpool|[of] p1a: Empoleon
|
|-heal|p1a: Empoleon|100/100|[from] item: Leftovers
|-damage|p2a: Tsareena|83/100|[from] move: Whirlpool|[partiallytrapped]
|upkeep
|turn|14
|inactive|enzofm15 has 90 seconds left.
|
|t:|1769373034
|switch|p1a: Skarmory|Skarmory, F|100/100
|-damage|p1a: Skarmory|88/100|[from] Stealth Rock
|move|p2a: Tsareena|Rapid Spin|p1a: Skarmory
|-resisted|p1a: Skarmory
|-damage|p1a: Skarmory|84/100
|-boost|p2a: Tsareena|spe|1
|-damage|p2a: Tsareena|67/100|[from] item: Rocky Helmet|[of] p1a: Skarmory
|-end|p2a: Tsareena|Whirlpool|[partiallytrapped]
|
|upkeep
|turn|15
|inactive|enzofm15 has 90 seconds left.
|
|t:|1769373044
|switch|p2a: Salazzle|Salazzle, F, shiny|29/100
|move|p1a: Skarmory|Spikes|p2a: Salazzle
|-sidestart|p2: Hyaikho|Spikes
|
|upkeep
|turn|16
|
|t:|1769373054
|switch|p1a: Ceruledge|Ceruledge, F|100/100
|move|p2a: Salazzle|Toxic|p1a: Ceruledge
|-status|p1a: Ceruledge|tox
|
|-damage|p1a: Ceruledge|94/100 tox|[from] psn
|upkeep
|turn|17
|
|t:|1769373068
|switch|p2a: Tsareena|Tsareena, F|67/100
|-damage|p2a: Tsareena|54/100|[from] Spikes
|move|p1a: Ceruledge|Shadow Sneak||[still]
|cant|p2a: Tsareena|ability: Queenly Majesty|Shadow Sneak|[of] p1a: Ceruledge
|
|-damage|p1a: Ceruledge|82/100 tox|[from] psn
|upkeep
|turn|18
|inactive|Hyaikho has 120 seconds left.
|
|t:|1769373124
|move|p1a: Ceruledge|Bitter Blade|p2a: Tsareena
|-supereffective|p2a: Tsareena
|-damage|p2a: Tsareena|0 fnt
|-heal|p1a: Ceruledge|100/100 tox|[from] drain|[of] p2a: Tsareena
|faint|p2a: Tsareena
|
|-damage|p1a: Ceruledge|82/100 tox|[from] psn
|upkeep
|
|t:|1769373129
|switch|p2a: Weavile|Weavile, F|60/100
|-damage|p2a: Weavile|48/100|[from] Spikes
|-ability|p2a: Weavile|Pressure
|turn|19
|inactive|enzofm15 has 120 seconds left.
|
|t:|1769373153
|switch|p1a: Skarmory|Skarmory, F|84/100
|-damage|p1a: Skarmory|72/100|[from] Stealth Rock
|move|p2a: Weavile|Knock Off|p1a: Skarmory
|-damage|p1a: Skarmory|35/100
|-damage|p2a: Weavile|31/100|[from] item: Rocky Helmet|[of] p1a: Skarmory
|-enditem|p1a: Skarmory|Rocky Helmet|[from] move: Knock Off|[of] p2a: Weavile
|-damage|p2a: Weavile|21/100|[from] item: Life Orb
|
|upkeep
|turn|20
|
|t:|1769373182
|move|p2a: Weavile|Swords Dance|p2a: Weavile
|-boost|p2a: Weavile|atk|2
|move|p1a: Skarmory|Roost|p1a: Skarmory
|-heal|p1a: Skarmory|85/100
|-singleturn|p1a: Skarmory|move: Roost
|
|upkeep
|turn|21
|
|t:|1769373187
|move|p2a: Weavile|Knock Off|p1a: Skarmory
|-damage|p1a: Skarmory|37/100
|-damage|p2a: Weavile|11/100|[from] item: Life Orb
|move|p1a: Skarmory|Body Press|p2a: Weavile
|-supereffective|p2a: Weavile
|-damage|p2a: Weavile|0 fnt
|faint|p2a: Weavile
|
|upkeep
|
|t:|1769373190
|switch|p2a: Salazzle|Salazzle, F, shiny|29/100
|turn|22
|
|t:|1769373199
|move|p2a: Salazzle|Fire Blast|p1a: Skarmory
|-supereffective|p1a: Skarmory
|-damage|p1a: Skarmory|0 fnt
|faint|p1a: Skarmory
|
|upkeep
|
|t:|1769373202
|switch|p1a: Ceruledge|Ceruledge, F|82/100 tox
|turn|23
|
|t:|1769373213
|move|p1a: Ceruledge|Shadow Sneak|p2a: Salazzle
|-damage|p2a: Salazzle|0 fnt
|faint|p2a: Salazzle
|
|-damage|p1a: Ceruledge|76/100 tox|[from] psn
|upkeep
|
|t:|1769373214
|switch|p2a: Hoopa|Hoopa-Unbound, tera:Psychic|100/100
|-damage|p2a: Hoopa|88/100|[from] Spikes
|turn|24
|
|t:|1769373219
|move|p1a: Ceruledge|Shadow Sneak|p2a: Hoopa
|-supereffective|p2a: Hoopa
|-crit|p2a: Hoopa
|-damage|p2a: Hoopa|0 fnt
|faint|p2a: Hoopa
|
|win|enzofm15
|raw|enzofm15's rating: 1422 &rarr; <strong>1441</strong><br />(+19 for winning)
|raw|Hyaikho's rating: 1402 &rarr; <strong>1383</strong><br />(-19 for losing)
|l|☆enzofm15
|player|p1|
|l|☆Hyaikho
|player|p2|
