|j|☆suprya
|j|☆C. Eclipse
|t:|1769302893
|gametype|singles
|player|p1|suprya|wattson|1535
|player|p2|C. Eclipse|koga|1480
|gen|9
|tier|[Gen 9] OU
|rated|
|rule|HP Percentage Mod: HP is shown in percentages
|rule|Endless Battle Clause: Forcing endless battles is banned
|rule|Species Clause: Limit one of each Pokémon
|rule|OHKO Clause: OHKO moves are banned
|rule|Evasion Items Clause: Evasion items are banned
|rule|Evasion Moves Clause: Evasion moves are banned
|rule|Evasion Abilities Clause: Evasion abilities are banned
|rule|Sleep Moves Clause: Sleep-inducing moves are banned
|clearpoke
|poke|p1|Ursaluna, F|
|poke|p1|Alomomola, F|
|poke|p1|Sinistcha|
|poke|p1|Iron Treads|
|poke|p1|Iron Valiant|
|poke|p1|Hydreigon, F|
|poke|p2|Darkrai|
|poke|p2|Dragonite, F|
|poke|p2|Araquanid, M|
|poke|p2|Gholdengo|
|poke|p2|Glimmora, F|
|poke|p2|Great Tusk|
|teampreview
|inactive|Battle timer is ON: inactive players will automatically lose when time's up. (requested by C. Eclipse)
|inactive|suprya also wants the timer to be on.
|
|t:|1769302912
|teamsize|p1|6
|teamsize|p2|6
|start
|switch|p1a: Iron Valiant|Iron Valiant|100/100
|switch|p2a: Gholdengo|Gholdengo|100/100
|-item|p2a: Gholdengo|Air Balloon
|turn|1
|
|t:|1769302919
|-end|p1a: Iron Valiant|Quark Drive|[silent]
|switch|p1a: Alomomola|Alomomola, F|100/100
|move|p2a: Gholdengo|Make It Rain|p1a: Alomomola
|-resisted|p1a: Alomomola
|-damage|p1a: Alomomola|74/100
|-unboost|p2a: Gholdengo|spa|1
|
|upkeep
|turn|2
|
|t:|1769302923
|switch|p2a: Glimmora|Glimmora, F, shiny|100/100
|move|p1a: Alomomola|Flip Turn|p2a: Glimmora
|-supereffective|p2a: Glimmora
|-damage|p2a: Glimmora|59/100
|-activate|p2a: Glimmora|ability: Toxic Debris
|-sidestart|p1: suprya|move: Toxic Spikes
|
|t:|1769302933
|switch|p1a: Hydreigon|Hydreigon, F|100/100|[from] Flip Turn
|
|upkeep
|turn|3
|
|t:|1769302939
|switch|p2a: Gholdengo|Gholdengo|100/100
|-item|p2a: Gholdengo|Air Balloon
|move|p1a: Hydreigon|Flash Cannon|p2a: Gholdengo
|-resisted|p2a: Gholdengo
|-damage|p2a: Gholdengo|83/100
|-enditem|p2a: Gholdengo|Air Balloon
|
|upkeep
|turn|4
|
|t:|1769302946
|switch|p1a: Iron Treads|Iron Treads|100/100
|move|p2a: Gholdengo|Nasty Plot|p2a: Gholdengo
|-boost|p2a: Gholdengo|spa|2
|
|upkeep
|turn|5
|
|t:|1769302950
|move|p2a: Gholdengo|Shadow Ball|p1a: Iron Treads
|-crit|p1a: Iron Treads
|-damage|p1a: Iron Treads|0 fnt
|faint|p1a: Iron Treads
|-end|p1a: Iron Treads|Quark Drive|[silent]
|
|upkeep
|
|t:|1769302955
|switch|p1a: Hydreigon|Hydreigon, F|100/100
|turn|6
|
|t:|1769302964
|-terastallize|p2a: Gholdengo|Fairy
|move|p1a: Hydreigon|Dark Pulse|p2a: Gholdengo
|-resisted|p2a: Gholdengo
|-damage|p2a: Gholdengo|56/100
|move|p2a: Gholdengo|Dazzling Gleam|p1a: Hydreigon
|-supereffective|p1a: Hydreigon
|-damage|p1a: Hydreigon|0 fnt
|faint|p1a: Hydreigon
|
|upkeep
|
|t:|1769302974
|switch|p1a: Iron Valiant|Iron Valiant|100/100
|-status|p1a: Iron Valiant|psn
|turn|7
|
|t:|1769302978
|switch|p2a: Araquanid|Araquanid, M, shiny|100/100
|move|p1a: Iron Valiant|Moonblast|p2a: Araquanid
|-damage|p2a: Araquanid|50/100
|-enditem|p2a: Araquanid|Red Card|[of] p1a: Iron Valiant
|-end|p1a: Iron Valiant|Quark Drive|[silent]
|drag|p1a: Alomomola|Alomomola, F|100/100
|-status|p1a: Alomomola|psn
|
|-damage|p1a: Alomomola|88/100 psn|[from] psn
|upkeep
|turn|8
|
|t:|1769302988
|move|p1a: Alomomola|Flip Turn|p2a: Araquanid
|-resisted|p2a: Araquanid
|-damage|p2a: Araquanid|43/100
|
|t:|1769302989
|switch|p1a: Iron Valiant|Iron Valiant|100/100 psn|[from] Flip Turn
|move|p2a: Araquanid|Sticky Web|p1a: Iron Valiant
|-sidestart|p1: suprya|move: Sticky Web
|
|-damage|p1a: Iron Valiant|88/100 psn|[from] psn
|upkeep
|turn|9
|
|t:|1769302994
|move|p1a: Iron Valiant|Moonblast|p2a: Araquanid
|-damage|p2a: Araquanid|0 fnt
|faint|p2a: Araquanid
|
|-damage|p1a: Iron Valiant|76/100 psn|[from] psn
|upkeep
|
|t:|1769303000
|switch|p2a: Glimmora|Glimmora, F, shiny|59/100
|turn|10
|
|t:|1769303007
|-end|p1a: Iron Valiant|Quark Drive|[silent]
|switch|p1a: Alomomola|Alomomola, F|100/100 psn
|-activate|p1a: Alomomola|move: Sticky Web
|-unboost|p1a: Alomomola|spe|1
|move|p2a: Glimmora|Dazzling Gleam|p1a: Alomomola
|-damage|p1a: Alomomola|77/100 psn
|
|-damage|p1a: Alomomola|65/100 psn|[from] psn
|upkeep
|turn|11
|
|t:|1769303011
|move|p2a: Glimmora|Stealth Rock|p1a: Alomomola
|-sidestart|p1: suprya|move: Stealth Rock
|move|p1a: Alomomola|Flip Turn|p2a: Glimmora
|-supereffective|p2a: Glimmora
|-damage|p2a: Glimmora|17/100
|-activate|p2a: Glimmora|ability: Toxic Debris
|-sidestart|p1: suprya|move: Toxic Spikes
|
|t:|1769303029
|switch|p1a: Iron Valiant|Iron Valiant|76/100 psn|[from] Flip Turn
|-activate|p1a: Iron Valiant|move: Sticky Web
|-unboost|p1a: Iron Valiant|spe|1
|-damage|p1a: Iron Valiant|70/100 psn|[from] Stealth Rock
|
|-damage|p1a: Iron Valiant|57/100 psn|[from] psn
|upkeep
|turn|12
|
|t:|1769303032
|move|p1a: Iron Valiant|Vacuum Wave|p2a: Glimmora
|-damage|p2a: Glimmora|0 fnt
|faint|p2a: Glimmora
|
|-damage|p1a: Iron Valiant|45/100 psn|[from] psn
|upkeep
|
|t:|1769303034
|switch|p2a: Gholdengo|Gholdengo, tera:Fairy|56/100
|turn|13
|
|t:|1769303038
|-end|p1a: Iron Valiant|Quark Drive|[silent]
|switch|p1a: Alomomola|Alomomola, F|98/100 psn
|-activate|p1a: Alomomola|move: Sticky Web
|-unboost|p1a: Alomomola|spe|1
|-damage|p1a: Alomomola|86/100 psn|[from] Stealth Rock
|move|p2a: Gholdengo|Nasty Plot|p2a: Gholdengo
|-boost|p2a: Gholdengo|spa|2
|
|-damage|p1a: Alomomola|73/100 psn|[from] psn
|upkeep
|turn|14
|c|☆C. Eclipse|Gg
|c|☆C. Eclipse|Easy game
|
|t:|1769303050
|move|p2a: Gholdengo|Nasty Plot|p2a: Gholdengo
|-boost|p2a: Gholdengo|spa|2
|move|p1a: Alomomola|Flip Turn|p2a: Gholdengo
|-damage|p2a: Gholdengo|38/100
|-message|suprya forfeited.
|
|win|C. Eclipse
|raw|suprya's rating: 1535 &rarr; <strong>1512</strong><br />(-23 for losing)
|raw|C. Eclipse's rating: 1480 &rarr; <strong>1503</strong><br />(+23 for winning)
|l|☆suprya
|player|p1|
