|j|☆iamyourchicken
|j|☆deus3xmachina
|t:|1769404443
|gametype|singles
|player|p1|iamyourchicken|1|1215
|player|p2|deus3xmachina|rika|1224
|gen|9
|tier|[Gen 9] OU
|rated|
|rule|HP Percentage Mod: HP is shown in percentages
|rule|Endless Battle Clause: Forcing endless battles is banned
|rule|Species Clause: Limit one of each Pokémon
|rule|OHKO Clause: OHKO moves are banned
|rule|Evasion Items Clause: Evasion items are banned
|rule|Evasion Moves Clause: Evasion moves are banned
|rule|Evasion Abilities Clause: Evasion abilities are banned
|rule|Sleep Moves Clause: Sleep-inducing moves are banned
|clearpoke
|poke|p1|Cloyster, M|
|poke|p1|Toxapex, M|
|poke|p1|Ditto|
|poke|p1|Dragapult, F|
|poke|p1|Skarmory, M|
|poke|p1|Skeledirge, M|
|poke|p2|Garganacl, F|
|poke|p2|Excadrill, F|
|poke|p2|Tyranitar, F|
|poke|p2|Ogerpon-Wellspring, F|
|poke|p2|Mandibuzz, F|
|poke|p2|Dragapult, F|
|teampreview
|c|☆deus3xmachina|glhf
|
|t:|1769404468
|teamsize|p1|6
|teamsize|p2|6
|start
|switch|p1a: Cloyster|Cloyster, M|100/100
|switch|p2a: Tyranitar|Tyranitar, F|100/100
|-weather|Sandstorm|[from] ability: Sand Stream|[of] p2a: Tyranitar
|turn|1
|
|t:|1769404492
|switch|p1a: Skarmory|Skarmory, M|100/100
|move|p2a: Tyranitar|Knock Off|p1a: Skarmory
|-damage|p1a: Skarmory|48/100
|-damage|p2a: Tyranitar|84/100|[from] item: Rocky Helmet|[of] p1a: Skarmory
|-enditem|p1a: Skarmory|Rocky Helmet|[from] move: Knock Off|[of] p2a: Tyranitar
|
|-weather|Sandstorm|[upkeep]
|upkeep
|turn|2
|
|t:|1769404502
|switch|p2a: Dragapult|Dragapult, F|100/100
|move|p1a: Skarmory|Stealth Rock|p2a: Dragapult
|-sidestart|p2: deus3xmachina|move: Stealth Rock
|
|-weather|Sandstorm|[upkeep]
|-damage|p2a: Dragapult|95/100|[from] Sandstorm
|upkeep
|turn|3
|
|t:|1769404510
|move|p2a: Dragapult|Hex|p1a: Skarmory
|-damage|p1a: Skarmory|10/100
|move|p1a: Skarmory|Spikes|p2a: Dragapult
|-sidestart|p2: deus3xmachina|Spikes
|
|-weather|Sandstorm|[upkeep]
|-damage|p2a: Dragapult|89/100|[from] Sandstorm
|upkeep
|turn|4
|
|t:|1769404522
|move|p2a: Dragapult|Hex|p1a: Skarmory
|-damage|p1a: Skarmory|0 fnt
|faint|p1a: Skarmory
|
|-weather|Sandstorm|[upkeep]
|-damage|p2a: Dragapult|83/100|[from] Sandstorm
|upkeep
|
|t:|1769404536
|switch|p1a: Ditto|Ditto|100/100
|-transform|p1a: Ditto|p2a: Dragapult|[from] ability: Imposter
|turn|5
|
|t:|1769404546
|switch|p2a: Garganacl|Garganacl, F|100/100
|-damage|p2a: Garganacl|88/100|[from] Stealth Rock
|-damage|p2a: Garganacl|76/100|[from] Spikes
|move|p1a: Ditto|Hex|p2a: Garganacl
|-damage|p2a: Garganacl|69/100
|
|-weather|none
|-heal|p2a: Garganacl|75/100|[from] item: Leftovers
|upkeep
|turn|6
|
|t:|1769404559
|switch|p1a: Toxapex|Toxapex, M|100/100
|move|p2a: Garganacl|Salt Cure|p1a: Toxapex
|-damage|p1a: Toxapex|93/100
|-start|p1a: Toxapex|Salt Cure
|
|-heal|p1a: Toxapex|99/100|[from] item: Leftovers
|-heal|p2a: Garganacl|81/100|[from] item: Leftovers
|-damage|p1a: Toxapex|74/100|[from] Salt Cure
|upkeep
|turn|7
|inactive|Battle timer is ON: inactive players will automatically lose when time's up. (requested by deus3xmachina)
|inactive|iamyourchicken has 120 seconds left.
|inactive|iamyourchicken has 90 seconds left.
|
|t:|1769404692
|move|p1a: Toxapex|Baneful Bunker|p1a: Toxapex
|-singleturn|p1a: Toxapex|move: Protect
|move|p2a: Garganacl|Stealth Rock|p1a: Toxapex
|-sidestart|p1: iamyourchicken|move: Stealth Rock
|
|-heal|p1a: Toxapex|80/100|[from] item: Leftovers
|-heal|p2a: Garganacl|88/100|[from] item: Leftovers
|-damage|p1a: Toxapex|55/100|[from] Salt Cure
|upkeep
|turn|8
|inactive|deus3xmachina has 120 seconds left.
|inactive|deus3xmachina has 90 seconds left.
|inactive|deus3xmachina has 60 seconds left.
|l|☆iamyourchicken
|inactive|iamyourchicken disconnected and has a minute to reconnect!
|player|p1|
|inactive|deus3xmachina has 30 seconds left.
|j|☆iamyourchicken
|inactive|iamyourchicken reconnected.
|player|p1|iamyourchicken|1|
|inactive|deus3xmachina has 20 seconds left.
|inactive|deus3xmachina has 15 seconds left.
|inactive|deus3xmachina has 10 seconds left.
|inactive|deus3xmachina has 5 seconds left.
|-message|deus3xmachina lost due to inactivity.
|
|win|iamyourchicken
|raw|iamyourchicken's rating: 1215 &rarr; <strong>1241</strong><br />(+26 for winning)
|raw|deus3xmachina's rating: 1224 &rarr; <strong>1198</strong><br />(-26 for losing)
|l|☆iamyourchicken
|player|p1|
