|j|☆lvcinda
|j|☆claudiaaa
|inactive|Battle timer is ON: inactive players will automatically lose when time's up.
|t:|1769336818
|gametype|singles
|player|p1|lvcinda|cynthia-anime|
|player|p2|claudiaaa|cynthia-gen7|
|gen|9
|tier|[Gen 9] OU
|rated|Tournament battle
|rule|HP Percentage Mod: HP is shown in percentages
|rule|Endless Battle Clause: Forcing endless battles is banned
|rule|Species Clause: Limit one of each Pokémon
|rule|OHKO Clause: OHKO moves are banned
|rule|Evasion Items Clause: Evasion items are banned
|rule|Evasion Moves Clause: Evasion moves are banned
|rule|Evasion Abilities Clause: Evasion abilities are banned
|rule|Sleep Moves Clause: Sleep-inducing moves are banned
|clearpoke
|poke|p1|Garganacl, M|
|poke|p1|Hippowdon, M|
|poke|p1|Hydrapple, M|
|poke|p1|Slowking-Galar, M|
|poke|p1|Samurott-Hisui, M|
|poke|p1|Excadrill, M|
|poke|p2|Hatterene, F|
|poke|p2|Ursaluna, M|
|poke|p2|Porygon2|
|poke|p2|Cresselia, F|
|poke|p2|Iron Hands|
|poke|p2|Volcanion|
|teampreview
|j|*Lady Monita ☃️
|
|t:|1769336824
|teamsize|p1|6
|teamsize|p2|6
|start
|switch|p1a: Samurott|Samurott-Hisui, M, shiny|100/100
|switch|p2a: TARS|Porygon2|100/100
|-ability|p2a: TARS|Download|boost
|-boost|p2a: TARS|spa|1
|turn|1
|inactive|claudiaaa has 120 seconds left.
|
|t:|1769336880
|move|p1a: Samurott|Knock Off|p2a: TARS
|-damage|p2a: TARS|66/100
|-enditem|p2a: TARS|Eviolite|[from] move: Knock Off|[of] p1a: Samurott
|move|p2a: TARS|Trick Room|p2a: TARS
|-fieldstart|move: Trick Room|[of] p2a: TARS
|
|upkeep
|turn|2
|inactive|claudiaaa has 90 seconds left.
|
|t:|1769336901
|switch|p2a: Mann|Ursaluna, M|100/100
|move|p1a: Samurott|Ceaseless Edge|p2a: Mann
|-damage|p2a: Mann|67/100
|-sidestart|p2: claudiaaa|Spikes
|
|-status|p2a: Mann|brn|[from] item: Flame Orb
|upkeep
|turn|3
|inactive|claudiaaa has 90 seconds left.
|
|t:|1769336913
|switch|p1a: Hippowdon|Hippowdon, M, shiny|100/100
|-weather|Sandstorm|[from] ability: Sand Stream|[of] p1a: Hippowdon
|move|p2a: Mann|Facade|p1a: Hippowdon
|-damage|p1a: Hippowdon|31/100
|-damage|p2a: Mann|51/100 brn|[from] item: Rocky Helmet|[of] p1a: Hippowdon
|
|-weather|Sandstorm|[upkeep]
|-damage|p2a: Mann|45/100 brn|[from] brn
|upkeep
|turn|4
|j| Albrtix
|inactive|lvcinda has 120 seconds left.
|
|t:|1769336947
|move|p1a: Hippowdon|Body Press|p2a: Mann
|-supereffective|p2a: Mann
|-damage|p2a: Mann|3/100 brn
|move|p2a: Mann|Facade|p1a: Hippowdon
|-damage|p1a: Hippowdon|0 fnt
|-damage|p2a: Mann|0 fnt|[from] item: Rocky Helmet|[of] p1a: Hippowdon
|faint|p1a: Hippowdon
|faint|p2a: Mann
|
|-weather|Sandstorm|[upkeep]
|upkeep
|inactive|lvcinda has 120 seconds left.
|inactive|claudiaaa has 90 seconds left.
|
|t:|1769336977
|switch|p1a: Slowking|Slowking-Galar, M, shiny|100/100
|switch|p2a: TARS|Porygon2|66/100
|-damage|p2a: TARS|53/100|[from] Spikes
|-ability|p2a: TARS|Download|boost
|-boost|p2a: TARS|spa|1
|turn|5
|inactive|lvcinda has 120 seconds left.
|
|t:|1769336987
|move|p2a: TARS|Hyper Beam|p1a: Slowking
|-damage|p1a: Slowking|46/100
|-mustrecharge|p2a: TARS
|move|p1a: Slowking|Psychic Noise|p2a: TARS
|-damage|p2a: TARS|28/100
|-start|p2a: TARS|move: Heal Block
|
|-weather|Sandstorm|[upkeep]
|-damage|p2a: TARS|22/100|[from] Sandstorm
|-damage|p1a: Slowking|40/100|[from] Sandstorm
|-fieldend|move: Trick Room
|upkeep
|turn|6
|
|t:|1769336992
|move|p1a: Slowking|Whirlpool|p2a: TARS
|-damage|p2a: TARS|13/100
|-activate|p2a: TARS|move: Whirlpool|[of] p1a: Slowking
|cant|p2a: TARS|recharge
|
|-weather|Sandstorm|[upkeep]
|-damage|p2a: TARS|7/100|[from] Sandstorm
|-damage|p1a: Slowking|34/100|[from] Sandstorm
|-damage|p2a: TARS|0 fnt|[from] move: Whirlpool|[partiallytrapped]
|faint|p2a: TARS
|upkeep
|
|t:|1769337001
|switch|p2a: Saturn|Volcanion|100/100
|-damage|p2a: Saturn|88/100|[from] Spikes
|turn|7
|
|t:|1769337005
|switch|p1a: Hydrapple|Hydrapple, M, shiny|100/100
|move|p2a: Saturn|Flamethrower|p1a: Hydrapple
|-damage|p1a: Hydrapple|27/100
|
|-weather|none
|upkeep
|turn|8
|
|t:|1769337009
|switch|p1a: Slowking|Slowking-Galar, M, shiny|67/100
|move|p2a: Saturn|Flamethrower|p1a: Slowking
|-damage|p1a: Slowking|26/100
|-status|p1a: Slowking|brn
|
|-damage|p1a: Slowking|20/100 brn|[from] brn
|upkeep
|turn|9
|
|t:|1769337015
|switch|p1a: Garganacl|Garganacl, M, shiny|100/100
|move|p2a: Saturn|Flamethrower|p1a: Garganacl
|-resisted|p1a: Garganacl
|-damage|p1a: Garganacl|77/100
|
|-heal|p1a: Garganacl|84/100|[from] item: Leftovers
|upkeep
|turn|10
|
|t:|1769337024
|switch|p2a: Brand|Hatterene, F, shiny|100/100
|-damage|p2a: Brand|88/100|[from] Spikes
|move|p1a: Garganacl|Salt Cure|p2a: Brand
|-damage|p2a: Brand|72/100
|-start|p2a: Brand|Salt Cure
|
|-heal|p1a: Garganacl|90/100|[from] item: Leftovers
|-damage|p2a: Brand|59/100|[from] Salt Cure
|upkeep
|turn|11
|inactive|claudiaaa has 120 seconds left.
|
|t:|1769337031
|switch|p1a: Excadrill|Excadrill, M, shiny|100/100
|move|p2a: Brand|Trick Room|p2a: Brand
|-fieldstart|move: Trick Room|[of] p2a: Brand
|
|-damage|p2a: Brand|47/100|[from] Salt Cure
|upkeep
|turn|12
|inactive|claudiaaa has 120 seconds left.
|
|t:|1769337041
|move|p2a: Brand|Psychic Noise|p1a: Excadrill
|-resisted|p1a: Excadrill
|-damage|p1a: Excadrill|69/100
|-start|p1a: Excadrill|move: Heal Block
|move|p1a: Excadrill|Iron Head|p2a: Brand
|-supereffective|p2a: Brand
|-damage|p2a: Brand|0 fnt
|faint|p2a: Brand
|
|upkeep
|inactive|claudiaaa has 120 seconds left.
|
|t:|1769337048
|switch|p2a: Saturn|Volcanion|88/100
|-damage|p2a: Saturn|76/100|[from] Spikes
|turn|13
|
|t:|1769337056
|switch|p1a: Samurott|Samurott-Hisui, M, shiny|100/100
|move|p2a: Saturn|Steam Eruption|p1a: Samurott
|-resisted|p1a: Samurott
|-damage|p1a: Samurott|26/100
|
|upkeep
|turn|14
|
|t:|1769337062
|move|p1a: Samurott|Sucker Punch|p2a: Saturn
|-damage|p2a: Saturn|46/100
|move|p2a: Saturn|Steam Eruption|p1a: Samurott
|-resisted|p1a: Samurott
|-damage|p1a: Samurott|0 fnt
|faint|p1a: Samurott
|
|upkeep
|
|t:|1769337066
|switch|p1a: Hydrapple|Hydrapple, M, shiny|60/100
|turn|15
|
|t:|1769337071
|switch|p2a: CASE|Iron Hands|100/100
|-damage|p2a: CASE|88/100|[from] Spikes
|-enditem|p2a: CASE|Booster Energy
|-activate|p2a: CASE|ability: Quark Drive|[fromitem]
|-start|p2a: CASE|quarkdriveatk
|move|p1a: Hydrapple|Giga Drain|p2a: CASE
|-damage|p2a: CASE|53/100
|-heal|p1a: Hydrapple|82/100|[from] drain|[of] p2a: CASE
|
|-fieldend|move: Trick Room
|upkeep
|turn|16
|
|t:|1769337081
|-end|p2a: CASE|Quark Drive|[silent]
|switch|p2a: Miller|Cresselia, F, shiny|100/100
|move|p1a: Hydrapple|Earth Power|p2a: Miller
|-immune|p2a: Miller|[from] ability: Levitate
|
|upkeep
|turn|17
|
|t:|1769337086
|switch|p1a: Garganacl|Garganacl, M, shiny|90/100
|move|p2a: Miller|Trick Room|p2a: Miller
|-fieldstart|move: Trick Room|[of] p2a: Miller
|
|-heal|p1a: Garganacl|96/100|[from] item: Leftovers
|upkeep
|turn|18
|
|t:|1769337090
|move|p1a: Garganacl|Salt Cure|p2a: Miller
|-damage|p2a: Miller|93/100
|-start|p2a: Miller|Salt Cure
|move|p2a: Miller|Lunar Dance|p2a: Miller
|faint|p2a: Miller
|
|-heal|p1a: Garganacl|100/100|[from] item: Leftovers
|upkeep
|
|t:|1769337098
|switch|p2a: CASE|Iron Hands|53/100
|-heal|p2a: CASE|100/100|[from] move: Lunar Dance
|-damage|p2a: CASE|88/100|[from] Spikes
|turn|19
|
|t:|1769337103
|move|p1a: Garganacl|Protect|p1a: Garganacl
|-singleturn|p1a: Garganacl|Protect
|move|p2a: CASE|Swords Dance|p2a: CASE
|-boost|p2a: CASE|atk|2
|
|upkeep
|turn|20
|
|t:|1769337108
|-terastallize|p1a: Garganacl|Ghost
|move|p2a: CASE|Drain Punch|p1a: Garganacl
|-immune|p1a: Garganacl
|move|p1a: Garganacl|Iron Defense|p1a: Garganacl
|-boost|p1a: Garganacl|def|2
|
|upkeep
|turn|21
|
|t:|1769337113
|move|p2a: CASE|Wild Charge|p1a: Garganacl
|-damage|p1a: Garganacl|67/100
|-damage|p2a: CASE|82/100|[from] Recoil
|move|p1a: Garganacl|Salt Cure|p2a: CASE
|-resisted|p2a: CASE
|-damage|p2a: CASE|77/100
|-start|p2a: CASE|Salt Cure
|
|-heal|p1a: Garganacl|73/100|[from] item: Leftovers
|-damage|p2a: CASE|65/100|[from] Salt Cure
|-fieldend|move: Trick Room
|upkeep
|turn|22
|
|t:|1769337119
|move|p1a: Garganacl|Iron Defense|p1a: Garganacl
|-boost|p1a: Garganacl|def|2
|move|p2a: CASE|Wild Charge|p1a: Garganacl
|-damage|p1a: Garganacl|48/100
|-damage|p2a: CASE|60/100|[from] Recoil
|
|-heal|p1a: Garganacl|54/100|[from] item: Leftovers
|-damage|p2a: CASE|47/100|[from] Salt Cure
|upkeep
|turn|23
|
|t:|1769337125
|move|p1a: Garganacl|Recover|p1a: Garganacl
|-heal|p1a: Garganacl|100/100
|move|p2a: CASE|Wild Charge|p1a: Garganacl
|-damage|p1a: Garganacl|76/100
|-damage|p2a: CASE|42/100|[from] Recoil
|
|-heal|p1a: Garganacl|82/100|[from] item: Leftovers
|-damage|p2a: CASE|30/100|[from] Salt Cure
|upkeep
|turn|24
|
|t:|1769337130
|move|p1a: Garganacl|Iron Defense|p1a: Garganacl
|-boost|p1a: Garganacl|def|2
|move|p2a: CASE|Wild Charge|p1a: Garganacl
|-damage|p1a: Garganacl|65/100
|-damage|p2a: CASE|27/100|[from] Recoil
|
|-heal|p1a: Garganacl|71/100|[from] item: Leftovers
|-damage|p2a: CASE|14/100|[from] Salt Cure
|upkeep
|turn|25
|
|t:|1769337134
|move|p1a: Garganacl|Protect|p1a: Garganacl
|-singleturn|p1a: Garganacl|Protect
|move|p2a: CASE|Ice Punch|p1a: Garganacl
|-activate|p1a: Garganacl|move: Protect
|
|-heal|p1a: Garganacl|77/100|[from] item: Leftovers
|-damage|p2a: CASE|2/100|[from] Salt Cure
|upkeep
|turn|26
|
|t:|1769337137
|move|p1a: Garganacl|Recover|p1a: Garganacl
|-heal|p1a: Garganacl|100/100
|move|p2a: CASE|Ice Punch|p1a: Garganacl
|-crit|p1a: Garganacl
|-damage|p1a: Garganacl|40/100
|
|-heal|p1a: Garganacl|47/100|[from] item: Leftovers
|-damage|p2a: CASE|0 fnt|[from] Salt Cure
|faint|p2a: CASE
|-end|p2a: CASE|Quark Drive|[silent]
|upkeep
|
|t:|1769337139
|switch|p2a: Saturn|Volcanion|46/100
|-damage|p2a: Saturn|34/100|[from] Spikes
|turn|27
|
|t:|1769337154
|move|p1a: Garganacl|Protect|p1a: Garganacl
|-singleturn|p1a: Garganacl|Protect
|move|p2a: Saturn|Flamethrower|p1a: Garganacl
|-activate|p1a: Garganacl|move: Protect
|
|-heal|p1a: Garganacl|53/100|[from] item: Leftovers
|upkeep
|turn|28
|
|t:|1769337156
|move|p2a: Saturn|Flamethrower|p1a: Garganacl
|-damage|p1a: Garganacl|3/100
|move|p1a: Garganacl|Salt Cure|p2a: Saturn
|-supereffective|p2a: Saturn
|-damage|p2a: Saturn|10/100
|-start|p2a: Saturn|Salt Cure
|
|-heal|p1a: Garganacl|10/100|[from] item: Leftovers
|-damage|p2a: Saturn|0 fnt|[from] Salt Cure
|faint|p2a: Saturn
|
|win|lvcinda
|n|☆lvcinda|lvcinda
|n|☆claudiaaa|claudiaaa
|n|*Lady Monita ☃️|ladymonita
|n| Albrtix|albrtix
|l|*Lady Monita ☃️
|l|☆claudiaaa
|player|p2|
|l|☆lvcinda
|player|p1|
