|j|☆auaulog
|j|☆tonytonique
|t:|1769342308
|gametype|singles
|player|p1|auaulog|101|1205
|player|p2|tonytonique|169|1252
|gen|9
|tier|[Gen 9] OU
|rated|
|rule|HP Percentage Mod: HP is shown in percentages
|rule|Endless Battle Clause: Forcing endless battles is banned
|rule|Species Clause: Limit one of each Pokémon
|rule|OHKO Clause: OHKO moves are banned
|rule|Evasion Items Clause: Evasion items are banned
|rule|Evasion Moves Clause: Evasion moves are banned
|rule|Evasion Abilities Clause: Evasion abilities are banned
|rule|Sleep Moves Clause: Sleep-inducing moves are banned
|clearpoke
|poke|p1|Toxtricity, F|
|poke|p1|Revavroom, F|
|poke|p1|Serperior, F|
|poke|p1|Corviknight, F|
|poke|p1|Polteageist|
|poke|p1|Iron Hands|
|poke|p2|Great Tusk|
|poke|p2|Espeon, F|
|poke|p2|Enamorus, F|
|poke|p2|Registeel|
|poke|p2|Kleavor, M|
|poke|p2|Greninja-*, M|
|teampreview
|inactive|Battle timer is ON: inactive players will automatically lose when time's up. (requested by tonytonique)
|
|t:|1769342327
|teamsize|p1|6
|teamsize|p2|6
|start
|switch|p1a: Corviknight|Corviknight, F|100/100
|switch|p2a: Registeel|Registeel|100/100
|turn|1
|
|t:|1769342339
|move|p1a: Corviknight|Reflect|p1a: Corviknight
|-sidestart|p1: auaulog|Reflect
|move|p2a: Registeel|Iron Defense|p2a: Registeel
|-boost|p2a: Registeel|def|2
|
|upkeep
|turn|2
|
|t:|1769342345
|move|p1a: Corviknight|Light Screen|p1a: Corviknight
|-sidestart|p1: auaulog|move: Light Screen
|move|p2a: Registeel|Body Press|p1a: Corviknight
|-damage|p1a: Corviknight|82/100
|
|upkeep
|turn|3
|
|t:|1769342359
|move|p1a: Corviknight|U-turn|p2a: Registeel
|-resisted|p2a: Registeel
|-damage|p2a: Registeel|98/100
|
|t:|1769342363
|switch|p1a: Iron Hands|Iron Hands|100/100|[from] U-turn
|-enditem|p1a: Iron Hands|Booster Energy
|-activate|p1a: Iron Hands|ability: Quark Drive|[fromitem]
|-start|p1a: Iron Hands|quarkdrivedef
|move|p2a: Registeel|Iron Defense|p2a: Registeel
|-boost|p2a: Registeel|def|2
|
|-heal|p2a: Registeel|100/100|[from] item: Leftovers
|upkeep
|turn|4
|
|t:|1769342376
|move|p1a: Iron Hands|Belly Drum|p1a: Iron Hands
|-damage|p1a: Iron Hands|50/100
|-setboost|p1a: Iron Hands|atk|6|[from] move: Belly Drum
|move|p2a: Registeel|Iron Defense|p2a: Registeel
|-boost|p2a: Registeel|def|2
|
|upkeep
|turn|5
|
|t:|1769342384
|move|p1a: Iron Hands|Drain Punch|p2a: Registeel
|-supereffective|p2a: Registeel
|-damage|p2a: Registeel|53/100
|-heal|p1a: Iron Hands|69/100|[from] drain|[of] p2a: Registeel
|move|p2a: Registeel|Body Press|p1a: Iron Hands
|-damage|p1a: Iron Hands|48/100
|
|-heal|p2a: Registeel|59/100|[from] item: Leftovers
|upkeep
|turn|6
|
|t:|1769342402
|-terastallize|p2a: Registeel|Ghost
|move|p1a: Iron Hands|Drain Punch|p2a: Registeel
|-immune|p2a: Registeel
|move|p2a: Registeel|Body Press|p1a: Iron Hands
|-damage|p1a: Iron Hands|27/100
|
|-heal|p2a: Registeel|65/100|[from] item: Leftovers
|upkeep
|turn|7
|
|t:|1769342417
|move|p2a: Registeel|Body Press|p1a: Iron Hands
|-damage|p1a: Iron Hands|5/100
|move|p1a: Iron Hands|Supercell Slam|p2a: Registeel
|-damage|p2a: Registeel|37/100
|
|-heal|p2a: Registeel|43/100|[from] item: Leftovers
|upkeep
|turn|8
|
|t:|1769342428
|move|p1a: Iron Hands|Supercell Slam|p2a: Registeel
|-damage|p2a: Registeel|13/100
|move|p2a: Registeel|Body Press|p1a: Iron Hands
|-damage|p1a: Iron Hands|0 fnt
|faint|p1a: Iron Hands
|-end|p1a: Iron Hands|Quark Drive|[silent]
|
|-heal|p2a: Registeel|19/100|[from] item: Leftovers
|-sideend|p1: auaulog|Reflect
|upkeep
|
|t:|1769342440
|switch|p1a: Polteageist|Polteageist|100/100
|turn|9
|
|t:|1769342446
|move|p1a: Polteageist|Shell Smash|p1a: Polteageist
|-unboost|p1a: Polteageist|def|1
|-unboost|p1a: Polteageist|spd|1
|-boost|p1a: Polteageist|atk|2
|-boost|p1a: Polteageist|spa|2
|-boost|p1a: Polteageist|spe|2
|move|p2a: Registeel|Heavy Slam|p1a: Polteageist
|-damage|p1a: Polteageist|12/100
|-ability|p1a: Polteageist|Weak Armor|boost
|-unboost|p1a: Polteageist|def|1
|-boost|p1a: Polteageist|spe|2
|
|-heal|p2a: Registeel|25/100|[from] item: Leftovers
|-sideend|p1: auaulog|move: Light Screen
|upkeep
|turn|10
|
|t:|1769342462
|move|p1a: Polteageist|Shadow Ball|p2a: Registeel
|-supereffective|p2a: Registeel
|-damage|p2a: Registeel|0 fnt
|faint|p2a: Registeel
|
|upkeep
|
|t:|1769342464
|switch|p2a: Greninja|Greninja, M|100/100
|turn|11
|
|t:|1769342475
|move|p2a: Greninja|Water Shuriken|p1a: Polteageist
|-damage|p1a: Polteageist|0 fnt
|faint|p1a: Polteageist
|-ability|p2a: Greninja|Battle Bond|boost
|-boost|p2a: Greninja|atk|1
|-boost|p2a: Greninja|spa|1
|-boost|p2a: Greninja|spe|1
|-activate|p2a: Greninja|ability: Battle Bond
|-hitcount|p1: Polteageist|1
|-damage|p2a: Greninja|91/100|[from] item: Life Orb
|
|upkeep
|
|t:|1769342485
|switch|p1a: Serperior|Serperior, F|100/100
|turn|12
|
|t:|1769342489
|move|p2a: Greninja|Ice Beam|p1a: Serperior
|-supereffective|p1a: Serperior
|-damage|p1a: Serperior|0 fnt
|faint|p1a: Serperior
|-damage|p2a: Greninja|81/100|[from] item: Life Orb
|
|upkeep
|
|t:|1769342507
|switch|p1a: Toxtricity|Toxtricity, F, shiny|100/100
|turn|13
|
|t:|1769342519
|move|p2a: Greninja|Hydro Pump|p1a: Toxtricity
|-damage|p1a: Toxtricity|0 fnt
|faint|p1a: Toxtricity
|-damage|p2a: Greninja|71/100|[from] item: Life Orb
|
|upkeep
|
|t:|1769342527
|switch|p1a: Corviknight|Corviknight, F|82/100
|turn|14
|
|t:|1769342531
|move|p2a: Greninja|Hydro Pump|p1a: Corviknight|[miss]
|-miss|p2a: Greninja|p1a: Corviknight
|move|p1a: Corviknight|Reflect|p1a: Corviknight
|-sidestart|p1: auaulog|Reflect
|
|upkeep
|turn|15
|
|t:|1769342537
|move|p2a: Greninja|Hydro Pump|p1a: Corviknight
|-damage|p1a: Corviknight|3/100
|-damage|p2a: Greninja|61/100|[from] item: Life Orb
|move|p1a: Corviknight|Light Screen|p1a: Corviknight
|-sidestart|p1: auaulog|move: Light Screen
|
|upkeep
|turn|16
|
|t:|1769342546
|switch|p2a: Great Tusk|Great Tusk|100/100
|move|p1a: Corviknight|Roost|p1a: Corviknight
|-heal|p1a: Corviknight|53/100
|-singleturn|p1a: Corviknight|move: Roost
|
|upkeep
|turn|17
|
|t:|1769342554
|move|p2a: Great Tusk|Knock Off|p1a: Corviknight
|-damage|p1a: Corviknight|39/100
|-enditem|p1a: Corviknight|Light Clay|[from] move: Knock Off|[of] p2a: Great Tusk
|move|p1a: Corviknight|U-turn|p2a: Great Tusk
|-resisted|p2a: Great Tusk
|-damage|p2a: Great Tusk|95/100
|
|t:|1769342561
|switch|p1a: Revavroom|Revavroom, F, shiny|100/100|[from] U-turn
|
|upkeep
|turn|18
|
|t:|1769342566
|-terastallize|p1a: Revavroom|Flying
|move|p2a: Great Tusk|Headlong Rush|p1a: Revavroom
|-immune|p1a: Revavroom
|move|p1a: Revavroom|Shift Gear|p1a: Revavroom
|-boost|p1a: Revavroom|spe|2
|-boost|p1a: Revavroom|atk|1
|
|upkeep
|turn|19
|
|t:|1769342578
|move|p1a: Revavroom|Shift Gear|p1a: Revavroom
|-boost|p1a: Revavroom|spe|2
|-boost|p1a: Revavroom|atk|1
|move|p2a: Great Tusk|Ice Spinner|p1a: Revavroom
|-supereffective|p1a: Revavroom
|-damage|p1a: Revavroom|79/100
|
|upkeep
|turn|20
|inactive|auaulog has 120 seconds left.
|
|t:|1769342617
|move|p1a: Revavroom|High Horsepower|p2a: Great Tusk
|-damage|p2a: Great Tusk|30/100
|-damage|p1a: Revavroom|69/100|[from] item: Life Orb
|move|p2a: Great Tusk|Ice Spinner|p1a: Revavroom
|-supereffective|p1a: Revavroom
|-damage|p1a: Revavroom|44/100
|
|upkeep
|turn|21
|inactive|auaulog has 120 seconds left.
|
|t:|1769342626
|move|p1a: Revavroom|Iron Head|p2a: Great Tusk
|-damage|p2a: Great Tusk|0 fnt
|faint|p2a: Great Tusk
|-end|p2a: Great Tusk|Protosynthesis|[silent]
|-damage|p1a: Revavroom|34/100|[from] item: Life Orb
|
|-sideend|p1: auaulog|Reflect
|upkeep
|
|t:|1769342636
|switch|p2a: Kleavor|Kleavor, M|100/100
|turn|22
|
|t:|1769342642
|move|p1a: Revavroom|High Horsepower|p2a: Kleavor
|-damage|p2a: Kleavor|11/100
|-damage|p1a: Revavroom|24/100|[from] item: Life Orb
|move|p2a: Kleavor|Stone Axe|p1a: Revavroom
|-supereffective|p1a: Revavroom
|-crit|p1a: Revavroom
|-damage|p1a: Revavroom|0 fnt
|-sidestart|p1: auaulog|move: Stealth Rock
|faint|p1a: Revavroom
|
|-sideend|p1: auaulog|move: Light Screen
|upkeep
|-message|auaulog forfeited.
|
|win|tonytonique
|raw|auaulog's rating: 1205 &rarr; <strong>1183</strong><br />(-22 for losing)
|raw|tonytonique's rating: 1252 &rarr; <strong>1274</strong><br />(+22 for winning)
|l|☆auaulog
|player|p1|
|l|☆tonytonique
|player|p2|
