|j|☆Air Glider
|j|☆driderwebs
|t:|1769296625
|gametype|singles
|player|p1|Air Glider|101|1496
|player|p2|driderwebs|169|1561
|gen|9
|tier|[Gen 9] OU
|rated|
|rule|HP Percentage Mod: HP is shown in percentages
|rule|Endless Battle Clause: Forcing endless battles is banned
|rule|Species Clause: Limit one of each Pokémon
|rule|OHKO Clause: OHKO moves are banned
|rule|Evasion Items Clause: Evasion items are banned
|rule|Evasion Moves Clause: Evasion moves are banned
|rule|Evasion Abilities Clause: Evasion abilities are banned
|rule|Sleep Moves Clause: Sleep-inducing moves are banned
|clearpoke
|poke|p1|Pelipper, F|
|poke|p1|Iron Treads|
|poke|p1|Samurott-Hisui, M|
|poke|p1|Basculegion, M|
|poke|p1|Tentacruel, F|
|poke|p1|Toxicroak, F|
|poke|p2|Iron Valiant|
|poke|p2|Garganacl, M|
|poke|p2|Moltres|
|poke|p2|Iron Treads|
|poke|p2|Meowscarada, M|
|poke|p2|Araquanid, M|
|teampreview
|
|t:|1769296637
|teamsize|p1|6
|teamsize|p2|6
|start
|switch|p1a: Basculegion|Basculegion, M|100/100
|switch|p2a: Meowscarada|Meowscarada, M|100/100
|turn|1
|
|t:|1769296639
|switch|p1a: Toxicroak|Toxicroak, F|100/100
|move|p2a: Meowscarada|Knock Off|p1a: Toxicroak
|-start|p2a: Meowscarada|typechange|Dark|[from] ability: Protean
|-resisted|p1a: Toxicroak
|-damage|p1a: Toxicroak|68/100
|-damage|p2a: Meowscarada|84/100|[from] item: Rocky Helmet|[of] p1a: Toxicroak
|-enditem|p1a: Toxicroak|Rocky Helmet|[from] move: Knock Off|[of] p2a: Meowscarada
|
|upkeep
|turn|2
|
|t:|1769296648
|switch|p2a: Moltres|Moltres|100/100
|move|p1a: Toxicroak|Toxic|p2a: Moltres
|-status|p2a: Moltres|tox
|
|-damage|p2a: Moltres|94/100 tox|[from] psn
|upkeep
|turn|3
|
|t:|1769296657
|switch|p1a: Pelipper|Pelipper, F|100/100
|-weather|RainDance|[from] ability: Drizzle|[of] p1a: Pelipper
|move|p2a: Moltres|Hurricane|p1a: Pelipper
|-damage|p1a: Pelipper|3/100
|
|-weather|RainDance|[upkeep]
|-damage|p2a: Moltres|82/100 tox|[from] psn
|upkeep
|turn|4
|
|t:|1769296677
|switch|p1a: Tentacruel|Tentacruel, F|100/100
|move|p2a: Moltres|U-turn|p1a: Tentacruel
|-resisted|p1a: Tentacruel
|-damage|p1a: Tentacruel|90/100
|
|t:|1769296690
|switch|p2a: Iron Treads|Iron Treads|100/100|[from] U-turn
|
|-weather|RainDance|[upkeep]
|-heal|p1a: Tentacruel|96/100|[from] ability: Rain Dish
|upkeep
|turn|5
|
|t:|1769296703
|switch|p1a: Basculegion|Basculegion, M|100/100
|move|p2a: Iron Treads|Earthquake|p1a: Basculegion
|-damage|p1a: Basculegion|36/100
|
|-weather|RainDance|[upkeep]
|upkeep
|turn|6
|
|t:|1769296718
|-end|p2a: Iron Treads|Quark Drive|[silent]
|switch|p2a: Araquanid|Araquanid, M|100/100
|move|p1a: Basculegion|Flip Turn|p2a: Araquanid
|-resisted|p2a: Araquanid
|-damage|p2a: Araquanid|69/100
|
|t:|1769296730
|switch|p1a: Tentacruel|Tentacruel, F|96/100|[from] Flip Turn
|
|-weather|RainDance|[upkeep]
|-heal|p1a: Tentacruel|100/100|[from] ability: Rain Dish
|upkeep
|turn|7
|
|t:|1769296737
|move|p1a: Tentacruel|Knock Off|p2a: Araquanid
|-crit|p2a: Araquanid
|-damage|p2a: Araquanid|40/100
|-enditem|p2a: Araquanid|Assault Vest|[from] move: Knock Off|[of] p1a: Tentacruel
|move|p2a: Araquanid|Infestation|p1a: Tentacruel
|-resisted|p1a: Tentacruel
|-damage|p1a: Tentacruel|99/100
|-activate|p1a: Tentacruel|move: Infestation|[of] p2a: Araquanid
|
|-weather|RainDance|[upkeep]
|-heal|p1a: Tentacruel|100/100|[from] ability: Rain Dish
|-damage|p1a: Tentacruel|88/100|[from] move: Infestation|[partiallytrapped]
|upkeep
|turn|8
|
|t:|1769296746
|move|p1a: Tentacruel|Flip Turn|p2a: Araquanid
|-resisted|p2a: Araquanid
|-damage|p2a: Araquanid|29/100
|
|t:|1769296751
|switch|p1a: Toxicroak|Toxicroak, F|68/100|[from] Flip Turn
|move|p2a: Araquanid|Liquidation|p1a: Toxicroak
|-heal|p1a: Toxicroak|93/100|[from] ability: Dry Skin|[of] p2a: Araquanid
|
|-weather|RainDance|[upkeep]
|-heal|p1a: Toxicroak|100/100|[from] ability: Dry Skin
|upkeep
|turn|9
|
|t:|1769296757
|move|p1a: Toxicroak|Encore|p2a: Araquanid
|-start|p2a: Araquanid|Encore
|move|p2a: Araquanid|Liquidation|p1a: Toxicroak
|-immune|p1a: Toxicroak|[from] ability: Dry Skin
|
|-weather|RainDance|[upkeep]
|upkeep
|turn|10
|
|t:|1769296764
|switch|p1a: Basculegion|Basculegion, M|36/100
|switch|p2a: Moltres|Moltres|82/100 tox
|
|-weather|none
|-damage|p2a: Moltres|76/100 tox|[from] psn
|upkeep
|turn|11
|
|t:|1769296779
|switch|p2a: Araquanid|Araquanid, M|29/100
|move|p1a: Basculegion|Flip Turn|p2a: Araquanid
|-resisted|p2a: Araquanid
|-damage|p2a: Araquanid|5/100
|
|t:|1769296787
|switch|p1a: Pelipper|Pelipper, F|3/100|[from] Flip Turn
|-weather|RainDance|[from] ability: Drizzle|[of] p1a: Pelipper
|
|-weather|RainDance|[upkeep]
|upkeep
|turn|12
|
|t:|1769296795
|move|p1a: Pelipper|U-turn|p2a: Araquanid
|-damage|p2a: Araquanid|0 fnt
|faint|p2a: Araquanid
|
|t:|1769296802
|switch|p1a: Basculegion|Basculegion, M|36/100|[from] U-turn
|
|-weather|RainDance|[upkeep]
|upkeep
|
|t:|1769296811
|switch|p2a: Garganacl|Garganacl, M|100/100
|turn|13
|
|t:|1769296815
|-terastallize|p2a: Garganacl|Ghost
|move|p1a: Basculegion|Flip Turn|p2a: Garganacl
|-damage|p2a: Garganacl|69/100
|
|t:|1769296821
|switch|p1a: Samurott|Samurott-Hisui, M|100/100|[from] Flip Turn
|move|p2a: Garganacl|Salt Cure|p1a: Samurott
|-damage|p1a: Samurott|82/100
|-start|p1a: Samurott|Salt Cure
|
|-weather|RainDance|[upkeep]
|-heal|p2a: Garganacl|75/100|[from] item: Leftovers
|-damage|p1a: Samurott|58/100|[from] Salt Cure
|upkeep
|turn|14
|
|t:|1769296830
|move|p1a: Samurott|Ceaseless Edge|p2a: Garganacl
|-supereffective|p2a: Garganacl
|-damage|p2a: Garganacl|9/100
|-sidestart|p2: driderwebs|Spikes
|move|p2a: Garganacl|Body Press|p1a: Samurott
|-supereffective|p1a: Samurott
|-damage|p1a: Samurott|0 fnt
|faint|p1a: Samurott
|
|-weather|RainDance|[upkeep]
|-heal|p2a: Garganacl|15/100|[from] item: Leftovers
|upkeep
|
|t:|1769296834
|switch|p1a: Basculegion|Basculegion, M|36/100
|turn|15
|
|t:|1769296838
|move|p2a: Garganacl|Protect|p2a: Garganacl
|-singleturn|p2a: Garganacl|Protect
|move|p1a: Basculegion|Flip Turn|p2a: Garganacl
|-activate|p2a: Garganacl|move: Protect
|
|-weather|RainDance|[upkeep]
|-heal|p2a: Garganacl|21/100|[from] item: Leftovers
|upkeep
|turn|16
|
|t:|1769296858
|move|p1a: Basculegion|Flip Turn|p2a: Garganacl
|-damage|p2a: Garganacl|0 fnt
|faint|p2a: Garganacl
|
|t:|1769296875
|switch|p1a: Tentacruel|Tentacruel, F|88/100|[from] Flip Turn
|
|-weather|RainDance|[upkeep]
|-heal|p1a: Tentacruel|94/100|[from] ability: Rain Dish
|upkeep
|
|t:|1769296888
|switch|p2a: Iron Treads|Iron Treads|100/100
|turn|17
|
|t:|1769296897
|-terastallize|p1a: Tentacruel|Ghost
|move|p2a: Iron Treads|Earthquake|p1a: Tentacruel
|-damage|p1a: Tentacruel|35/100
|move|p1a: Tentacruel|Flip Turn|p2a: Iron Treads
|-supereffective|p2a: Iron Treads
|-damage|p2a: Iron Treads|61/100
|
|t:|1769296904
|switch|p1a: Basculegion|Basculegion, M|36/100|[from] Flip Turn
|
|-weather|RainDance|[upkeep]
|upkeep
|turn|18
|
|t:|1769296921
|move|p1a: Basculegion|Flip Turn|p2a: Iron Treads
|-supereffective|p2a: Iron Treads
|-damage|p2a: Iron Treads|0 fnt
|faint|p2a: Iron Treads
|-end|p2a: Iron Treads|Quark Drive|[silent]
|
|t:|1769296933
|switch|p1a: Tentacruel|Tentacruel, F, tera:Ghost|35/100|[from] Flip Turn
|
|-weather|none
|upkeep
|
|t:|1769296948
|switch|p2a: Meowscarada|Meowscarada, M|84/100
|-damage|p2a: Meowscarada|72/100|[from] Spikes
|turn|19
|
|t:|1769296961
|switch|p1a: Toxicroak|Toxicroak, F|100/100
|move|p2a: Meowscarada|Triple Axel|p1a: Toxicroak
|-start|p2a: Meowscarada|typechange|Ice|[from] ability: Protean
|-damage|p1a: Toxicroak|89/100
|-damage|p1a: Toxicroak|65/100
|-damage|p1a: Toxicroak|25/100
|-hitcount|p1a: Toxicroak|3
|
|upkeep
|turn|20
|
|t:|1769296976
|move|p2a: Meowscarada|Triple Axel|p1a: Toxicroak
|-damage|p1a: Toxicroak|12/100
|-damage|p1a: Toxicroak|0 fnt
|faint|p1a: Toxicroak
|-hitcount|p1: Toxicroak|2
|
|upkeep
|
|t:|1769296977
|switch|p1a: Pelipper|Pelipper, F|3/100
|-weather|RainDance|[from] ability: Drizzle|[of] p1a: Pelipper
|turn|21
|
|t:|1769296985
|switch|p1a: Tentacruel|Tentacruel, F, tera:Ghost|35/100
|move|p2a: Meowscarada|Triple Axel|p1a: Tentacruel
|-damage|p1a: Tentacruel|16/100
|-damage|p1a: Tentacruel|0 fnt
|faint|p1a: Tentacruel
|-hitcount|p1: Tentacruel|2
|
|-weather|RainDance|[upkeep]
|upkeep
|
|t:|1769296989
|switch|p1a: Basculegion|Basculegion, M|36/100
|turn|22
|
|t:|1769296993
|move|p1a: Basculegion|Liquidation|p2a: Meowscarada
|-damage|p2a: Meowscarada|0 fnt
|faint|p2a: Meowscarada
|
|-weather|RainDance|[upkeep]
|upkeep
|inactive|Battle timer is ON: inactive players will automatically lose when time's up. (requested by Air Glider)
|
|t:|1769296998
|switch|p2a: Iron Valiant|Iron Valiant|100/100
|-damage|p2a: Iron Valiant|88/100|[from] Spikes
|-enditem|p2a: Iron Valiant|Booster Energy
|-activate|p2a: Iron Valiant|ability: Quark Drive|[fromitem]
|-start|p2a: Iron Valiant|quarkdrivespe
|turn|23
|
|t:|1769297001
|move|p1a: Basculegion|Liquidation|p2a: Iron Valiant
|-damage|p2a: Iron Valiant|0 fnt
|faint|p2a: Iron Valiant
|-end|p2a: Iron Valiant|Quark Drive|[silent]
|
|-weather|RainDance|[upkeep]
|upkeep
|-message|driderwebs forfeited.
|
|win|Air Glider
|raw|Air Glider's rating: 1496 &rarr; <strong>1520</strong><br />(+24 for winning)
|raw|driderwebs's rating: 1561 &rarr; <strong>1537</strong><br />(-24 for losing)
|l|☆driderwebs
|player|p2|
|l|☆Air Glider
|player|p1|
