|j|☆papa0513
|j|☆enderpop
|t:|1769342927
|gametype|singles
|player|p1|papa0513|169|1080
|player|p2|enderpop|ethan|1100
|gen|9
|tier|[Gen 9] OU
|rated|
|rule|HP Percentage Mod: HP is shown in percentages
|rule|Endless Battle Clause: Forcing endless battles is banned
|rule|Species Clause: Limit one of each Pokémon
|rule|OHKO Clause: OHKO moves are banned
|rule|Evasion Items Clause: Evasion items are banned
|rule|Evasion Moves Clause: Evasion moves are banned
|rule|Evasion Abilities Clause: Evasion abilities are banned
|rule|Sleep Moves Clause: Sleep-inducing moves are banned
|clearpoke
|poke|p1|Torkoal, M|
|poke|p1|Breloom, F|
|poke|p1|Corviknight, M|
|poke|p1|Dragonite, F|
|poke|p1|Metagross|
|poke|p1|Primarina, F|
|poke|p2|Chandelure, M|
|poke|p2|Ninetales-Alola, M|
|poke|p2|Hawlucha, F|
|poke|p2|Weavile, M|
|poke|p2|Dragapult, F|
|poke|p2|Raichu-Alola, F|
|teampreview
|inactive|Battle timer is ON: inactive players will automatically lose when time's up. (requested by enderpop)
|
|t:|1769342931
|teamsize|p1|6
|teamsize|p2|6
|start
|switch|p1a: Metagross|Metagross|100/100
|switch|p2a: Raichu|Raichu-Alola, F|100/100
|turn|1
|
|t:|1769342938
|switch|p2a: Chandelure|Chandelure, M, shiny|100/100
|move|p1a: Metagross|Stealth Rock|p2a: Chandelure
|-sidestart|p2: enderpop|move: Stealth Rock
|
|upkeep
|turn|2
|
|t:|1769342946
|switch|p1a: Primarina|Primarina, F|100/100
|-terastallize|p2a: Chandelure|Dark
|move|p2a: Chandelure|Flamethrower|p1a: Primarina
|-resisted|p1a: Primarina
|-damage|p1a: Primarina|79/100
|
|upkeep
|turn|3
|
|t:|1769342956
|move|p2a: Chandelure|Energy Ball|p1a: Primarina
|-supereffective|p1a: Primarina
|-damage|p1a: Primarina|20/100
|move|p1a: Primarina|Calm Mind|p1a: Primarina
|-boost|p1a: Primarina|spa|1
|-boost|p1a: Primarina|spd|1
|
|upkeep
|turn|4
|
|t:|1769342970
|move|p2a: Chandelure|Energy Ball|p1a: Primarina
|-supereffective|p1a: Primarina
|-damage|p1a: Primarina|0 fnt
|faint|p1a: Primarina
|
|upkeep
|
|t:|1769342978
|switch|p1a: Torkoal|Torkoal, M|100/100
|-weather|SunnyDay|[from] ability: Drought|[of] p1a: Torkoal
|turn|5
|
|t:|1769342994
|switch|p1a: Dragonite|Dragonite, F|100/100
|move|p2a: Chandelure|Shadow Ball|p1a: Dragonite
|-damage|p1a: Dragonite|59/100
|-unboost|p1a: Dragonite|spd|1
|
|-weather|SunnyDay|[upkeep]
|upkeep
|turn|6
|
|t:|1769343003
|move|p2a: Chandelure|Flamethrower|p1a: Dragonite
|-resisted|p1a: Dragonite
|-crit|p1a: Dragonite
|-damage|p1a: Dragonite|0 fnt
|faint|p1a: Dragonite
|
|-weather|SunnyDay|[upkeep]
|upkeep
|
|t:|1769343014
|switch|p1a: Corviknight|Corviknight, M|100/100
|-ability|p1a: Corviknight|Pressure
|turn|7
|
|t:|1769343027
|move|p2a: Chandelure|Flamethrower|p1a: Corviknight
|-supereffective|p1a: Corviknight
|-damage|p1a: Corviknight|0 fnt
|faint|p1a: Corviknight
|
|-weather|SunnyDay|[upkeep]
|upkeep
|
|t:|1769343033
|switch|p1a: Metagross|Metagross|100/100
|turn|8
|
|t:|1769343038
|move|p2a: Chandelure|Flamethrower|p1a: Metagross
|-supereffective|p1a: Metagross
|-damage|p1a: Metagross|0 fnt
|faint|p1a: Metagross
|
|-weather|SunnyDay|[upkeep]
|upkeep
|
|t:|1769343044
|switch|p1a: Breloom|Breloom, F|100/100
|turn|9
|
|t:|1769343049
|move|p2a: Chandelure|Flamethrower|p1a: Breloom
|-supereffective|p1a: Breloom
|-damage|p1a: Breloom|0 fnt
|faint|p1a: Breloom
|
|-weather|none
|upkeep
|
|t:|1769343055
|switch|p1a: Torkoal|Torkoal, M|100/100
|-weather|SunnyDay|[from] ability: Drought|[of] p1a: Torkoal
|turn|10
|
|t:|1769343062
|move|p2a: Chandelure|Shadow Ball|p1a: Torkoal
|-damage|p1a: Torkoal|35/100
|move|p1a: Torkoal|Clear Smog|p2a: Chandelure
|-damage|p2a: Chandelure|90/100
|-clearboost|p2a: Chandelure
|
|-weather|SunnyDay|[upkeep]
|-heal|p1a: Torkoal|41/100|[from] item: Leftovers
|upkeep
|turn|11
|
|t:|1769343072
|move|p2a: Chandelure|Shadow Ball|p1a: Torkoal
|-damage|p1a: Torkoal|0 fnt
|faint|p1a: Torkoal
|
|win|enderpop
|raw|papa0513's rating: 1080 &rarr; <strong>1059</strong><br />(-21 for losing)
|raw|enderpop's rating: 1100 &rarr; <strong>1124</strong><br />(+24 for winning)
|l|☆enderpop
|player|p2|
|l|☆papa0513
|player|p1|
