|j|☆Firsttimeplayinig
|j|☆urifloo777
|t:|1769398376
|gametype|singles
|player|p1|Firsttimeplayinig|bugcatcher-gen4dp|1122
|player|p2|urifloo777|blue|1121
|gen|9
|tier|[Gen 9] OU
|rated|
|rule|HP Percentage Mod: HP is shown in percentages
|rule|Endless Battle Clause: Forcing endless battles is banned
|rule|Species Clause: Limit one of each Pokémon
|rule|OHKO Clause: OHKO moves are banned
|rule|Evasion Items Clause: Evasion items are banned
|rule|Evasion Moves Clause: Evasion moves are banned
|rule|Evasion Abilities Clause: Evasion abilities are banned
|rule|Sleep Moves Clause: Sleep-inducing moves are banned
|clearpoke
|poke|p1|Rotom-Wash|
|poke|p1|Slowking-Galar, F|
|poke|p1|Sandslash-Alola, M|
|poke|p1|Iron Valiant|
|poke|p1|Great Tusk|
|poke|p2|Blastoise, F|
|poke|p2|Garchomp, F|
|poke|p2|Gengar, F|
|poke|p2|Florges-Blue, F|
|poke|p2|Kingambit, F|
|poke|p2|Frosmoth, F|
|teampreview
|
|t:|1769398390
|teamsize|p1|5
|teamsize|p2|6
|start
|switch|p1a: Rotom|Rotom-Wash|100/100
|switch|p2a: Gollira|Garchomp, F|100/100
|turn|1
|
|t:|1769398400
|-terastallize|p2a: Gollira|Fire
|move|p2a: Gollira|Swords Dance|p2a: Gollira
|-boost|p2a: Gollira|atk|2
|move|p1a: Rotom|Will-O-Wisp|p2a: Gollira
|-immune|p2a: Gollira
|
|upkeep
|turn|2
|
|t:|1769398408
|move|p2a: Gollira|Scale Shot|p1a: Rotom
|-damage|p1a: Rotom|73/100
|-damage|p1a: Rotom|45/100
|-damage|p1a: Rotom|15/100
|-damage|p1a: Rotom|0 fnt
|faint|p1a: Rotom
|-hitcount|p1: Rotom|4
|-unboost|p2a: Gollira|def|1
|-boost|p2a: Gollira|spe|1
|
|upkeep
|
|t:|1769398436
|switch|p1a: Slowking|Slowking-Galar, F|100/100
|turn|3
|
|t:|1769398442
|-terastallize|p1a: Slowking|Water
|move|p2a: Gollira|Swords Dance|p2a: Gollira
|-boost|p2a: Gollira|atk|2
|-prepare|p1a: Slowking|Chilly Reception|[premajor]
|move|p1a: Slowking|Chilly Reception|p1a: Slowking
|-weather|Snowscape
|
|t:|1769398446
|switch|p1a: Sandslash|Sandslash-Alola, M|100/100|[from] Chilly Reception
|
|-weather|Snowscape|[upkeep]
|upkeep
|turn|4
|
|t:|1769398455
|move|p1a: Sandslash|Earthquake|p2a: Gollira
|-supereffective|p2a: Gollira
|-damage|p2a: Gollira|0 fnt
|faint|p2a: Gollira
|
|-weather|Snowscape|[upkeep]
|upkeep
|
|t:|1769398477
|switch|p2a: Gengar|Gengar, F|100/100
|turn|5
|
|t:|1769398481
|move|p2a: Gengar|Shadow Ball|p1a: Sandslash
|-damage|p1a: Sandslash|27/100
|move|p1a: Sandslash|Earthquake|p2a: Gengar
|-supereffective|p2a: Gengar
|-damage|p2a: Gengar|0 fnt
|faint|p2a: Gengar
|
|-weather|Snowscape|[upkeep]
|upkeep
|
|t:|1769398490
|switch|p2a: Trotuman|Blastoise, F|100/100
|turn|6
|inactive|Battle timer is ON: inactive players will automatically lose when time's up. (requested by Firsttimeplayinig)
|
|t:|1769398497
|switch|p1a: Iron Valiant|Iron Valiant|100/100
|move|p2a: Trotuman|Surf|p1a: Iron Valiant
|-damage|p1a: Iron Valiant|36/100
|
|-weather|Snowscape|[upkeep]
|-heal|p1a: Iron Valiant|42/100|[from] item: Leftovers
|upkeep
|turn|7
|
|t:|1769398505
|move|p1a: Iron Valiant|Disable|p2a: Trotuman
|-start|p2a: Trotuman|Disable|Surf
|cant|p2a: Trotuman|Disable|Surf
|
|-weather|none
|-heal|p1a: Iron Valiant|48/100|[from] item: Leftovers
|upkeep
|turn|8
|
|t:|1769398515
|move|p2a: Trotuman|Aqua Jet|p1a: Iron Valiant
|-damage|p1a: Iron Valiant|37/100
|move|p1a: Iron Valiant|Encore|p2a: Trotuman
|-start|p2a: Trotuman|Encore
|
|-heal|p1a: Iron Valiant|43/100|[from] item: Leftovers
|upkeep
|turn|9
|
|t:|1769398528
|switch|p2a: Florges|Florges-Blue, F|100/100
|move|p1a: Iron Valiant|Calm Mind|p1a: Iron Valiant
|-boost|p1a: Iron Valiant|spa|1
|-boost|p1a: Iron Valiant|spd|1
|
|-heal|p1a: Iron Valiant|49/100|[from] item: Leftovers
|upkeep
|turn|10
|
|t:|1769398535
|move|p1a: Iron Valiant|Moonblast|p2a: Florges
|-damage|p2a: Florges|64/100
|move|p2a: Florges|Moonblast|p1a: Iron Valiant
|-supereffective|p1a: Iron Valiant
|-damage|p1a: Iron Valiant|0 fnt
|faint|p1a: Iron Valiant
|-end|p1a: Iron Valiant|Quark Drive|[silent]
|
|-heal|p2a: Florges|70/100|[from] item: Leftovers
|upkeep
|
|t:|1769398541
|switch|p1a: Slowking|Slowking-Galar, F, tera:Water|100/100
|turn|11
|
|t:|1769398546
|move|p2a: Florges|Moonblast|p1a: Slowking
|-damage|p1a: Slowking|79/100
|-prepare|p1a: Slowking|Chilly Reception|[premajor]
|move|p1a: Slowking|Chilly Reception|p1a: Slowking
|-weather|Snowscape
|
|t:|1769398549
|switch|p1a: Sandslash|Sandslash-Alola, M|27/100|[from] Chilly Reception
|
|-weather|Snowscape|[upkeep]
|-heal|p2a: Florges|76/100|[from] item: Leftovers
|upkeep
|turn|12
|
|t:|1769398556
|move|p1a: Sandslash|Triple Axel|p2a: Florges
|-damage|p2a: Florges|61/100
|-damage|p2a: Florges|30/100
|-damage|p2a: Florges|0 fnt
|faint|p2a: Florges
|-hitcount|p2: Florges|3
|
|-weather|Snowscape|[upkeep]
|upkeep
|
|t:|1769398563
|switch|p2a: Mothra|Frosmoth, F|100/100
|turn|13
|
|t:|1769398571
|switch|p1a: Slowking|Slowking-Galar, F, tera:Water|100/100
|move|p2a: Mothra|Giga Drain|p1a: Slowking
|-supereffective|p1a: Slowking
|-damage|p1a: Slowking|76/100
|
|-weather|Snowscape|[upkeep]
|upkeep
|turn|14
|
|t:|1769398582
|move|p2a: Mothra|Giga Drain|p1a: Slowking
|-supereffective|p1a: Slowking
|-damage|p1a: Slowking|47/100
|move|p1a: Slowking|Sludge Bomb|p2a: Mothra
|-damage|p2a: Mothra|82/100
|
|-weather|Snowscape|[upkeep]
|upkeep
|turn|15
|
|t:|1769398591
|move|p2a: Mothra|Giga Drain|p1a: Slowking
|-supereffective|p1a: Slowking
|-damage|p1a: Slowking|20/100
|-heal|p2a: Mothra|98/100|[from] drain|[of] p1a: Slowking
|move|p1a: Slowking|Blizzard|p2a: Mothra
|-resisted|p2a: Mothra
|-damage|p2a: Mothra|90/100
|
|-weather|none
|upkeep
|turn|16
|
|t:|1769398614
|switch|p1a: Great Tusk|Great Tusk|100/100
|move|p2a: Mothra|Ice Beam|p1a: Great Tusk
|-supereffective|p1a: Great Tusk
|-damage|p1a: Great Tusk|0 fnt
|faint|p1a: Great Tusk
|-end|p1a: Great Tusk|Protosynthesis|[silent]
|
|upkeep
|
|t:|1769398616
|switch|p1a: Slowking|Slowking-Galar, F, tera:Water|53/100
|turn|17
|
|t:|1769398622
|move|p2a: Mothra|Giga Drain|p1a: Slowking
|-supereffective|p1a: Slowking
|-damage|p1a: Slowking|25/100
|-heal|p2a: Mothra|100/100|[from] drain|[of] p1a: Slowking
|-prepare|p1a: Slowking|Chilly Reception|[premajor]
|move|p1a: Slowking|Chilly Reception|p1a: Slowking
|-weather|Snowscape
|
|t:|1769398624
|switch|p1a: Sandslash|Sandslash-Alola, M|27/100|[from] Chilly Reception
|
|-weather|Snowscape|[upkeep]
|upkeep
|turn|18
|
|t:|1769398633
|move|p1a: Sandslash|Iron Head|p2a: Mothra
|-supereffective|p2a: Mothra
|-crit|p2a: Mothra
|-damage|p2a: Mothra|0 fnt
|faint|p2a: Mothra
|
|-weather|Snowscape|[upkeep]
|upkeep
|
|t:|1769398638
|switch|p2a: Kingambit|Kingambit, F|100/100
|-activate|p2a: Kingambit|ability: Supreme Overlord
|-start|p2a: Kingambit|fallen4|[silent]
|turn|19
|
|t:|1769398643
|move|p2a: Kingambit|Sucker Punch|p1a: Sandslash
|-damage|p1a: Sandslash|0 fnt
|faint|p1a: Sandslash
|
|-weather|Snowscape|[upkeep]
|upkeep
|
|t:|1769398645
|switch|p1a: Slowking|Slowking-Galar, F, tera:Water|58/100
|turn|20
|
|t:|1769398651
|-end|p2a: Kingambit|fallen4|[silent]
|switch|p2a: Trotuman|Blastoise, F|100/100
|move|p1a: Slowking|Blizzard|p2a: Trotuman
|-resisted|p2a: Trotuman
|-damage|p2a: Trotuman|84/100
|
|-weather|Snowscape|[upkeep]
|upkeep
|turn|21
|
|t:|1769398658
|move|p2a: Trotuman|Surf|p1a: Slowking
|-resisted|p1a: Slowking
|-damage|p1a: Slowking|46/100
|move|p1a: Slowking|Sludge Bomb|p2a: Trotuman
|-damage|p2a: Trotuman|43/100
|
|-weather|none
|upkeep
|turn|22
|
|t:|1769398666
|move|p2a: Trotuman|Ice Punch|p1a: Slowking
|-resisted|p1a: Slowking
|-damage|p1a: Slowking|39/100
|move|p1a: Slowking|Blizzard|p2a: Trotuman|[miss]
|-miss|p1a: Slowking|p2a: Trotuman
|
|upkeep
|turn|23
|
|t:|1769398672
|move|p2a: Trotuman|Surf|p1a: Slowking
|-resisted|p1a: Slowking
|-damage|p1a: Slowking|27/100
|move|p1a: Slowking|Sludge Bomb|p2a: Trotuman
|-damage|p2a: Trotuman|3/100
|
|upkeep
|turn|24
|
|t:|1769398679
|move|p2a: Trotuman|Surf|p1a: Slowking
|-resisted|p1a: Slowking
|-damage|p1a: Slowking|7/100
|move|p1a: Slowking|Blizzard|p2a: Trotuman|[miss]
|-miss|p1a: Slowking|p2a: Trotuman
|
|upkeep
|turn|25
|-message|Firsttimeplayinig forfeited.
|
|win|urifloo777
|raw|Firsttimeplayinig's rating: 1122 &rarr; <strong>1097</strong><br />(-25 for losing)
|raw|urifloo777's rating: 1121 &rarr; <strong>1146</strong><br />(+25 for winning)
|l|☆Firsttimeplayinig
|player|p1|
|l|☆urifloo777
|player|p2|
