|j|☆Loveles
|j|☆erjuanzas
|t:|1769419500
|gametype|singles
|player|p1|Loveles|266|1198
|player|p2|erjuanzas|169|1235
|gen|9
|tier|[Gen 9] OU
|rated|
|rule|HP Percentage Mod: HP is shown in percentages
|rule|Endless Battle Clause: Forcing endless battles is banned
|rule|Species Clause: Limit one of each Pokémon
|rule|OHKO Clause: OHKO moves are banned
|rule|Evasion Items Clause: Evasion items are banned
|rule|Evasion Moves Clause: Evasion moves are banned
|rule|Evasion Abilities Clause: Evasion abilities are banned
|rule|Sleep Moves Clause: Sleep-inducing moves are banned
|clearpoke
|poke|p1|Umbreon, F|
|poke|p1|Kommo-o, F|
|poke|p1|Feraligatr, M|
|poke|p1|Thundurus-Therian, M|
|poke|p1|Ursaluna, F|
|poke|p1|Registeel|
|poke|p2|Pelipper, M|
|poke|p2|Ludicolo, M|
|poke|p2|Iron Treads|
|poke|p2|Landorus-Therian, M|
|poke|p2|Barraskewda, M|
|poke|p2|Basculegion-F, F|
|teampreview
|
|t:|1769419515
|teamsize|p1|6
|teamsize|p2|6
|start
|switch|p1a: Thundurus|Thundurus-Therian, M, shiny|100/100
|switch|p2a: Pelipper|Pelipper, M|100/100
|-weather|RainDance|[from] ability: Drizzle|[of] p2a: Pelipper
|turn|1
|inactive|Battle timer is ON: inactive players will automatically lose when time's up. (requested by Loveles)
|
|t:|1769419525
|switch|p2a: Iron Treads|Iron Treads|100/100
|move|p1a: Thundurus|Nasty Plot|p1a: Thundurus
|-boost|p1a: Thundurus|spa|2
|
|-weather|RainDance|[upkeep]
|upkeep
|turn|2
|
|t:|1769419540
|move|p1a: Thundurus|Grass Knot|p2a: Iron Treads
|-damage|p2a: Iron Treads|52/100
|move|p2a: Iron Treads|Iron Head|p1a: Thundurus
|-resisted|p1a: Thundurus
|-damage|p1a: Thundurus|78/100
|
|-weather|RainDance|[upkeep]
|upkeep
|turn|3
|
|t:|1769419546
|move|p1a: Thundurus|Grass Knot|p2a: Iron Treads
|-damage|p2a: Iron Treads|6/100
|move|p2a: Iron Treads|Iron Head|p1a: Thundurus
|-resisted|p1a: Thundurus
|-crit|p1a: Thundurus
|-damage|p1a: Thundurus|42/100
|
|-weather|RainDance|[upkeep]
|upkeep
|turn|4
|
|t:|1769419554
|move|p1a: Thundurus|Grass Knot|p2a: Iron Treads
|-damage|p2a: Iron Treads|0 fnt
|faint|p2a: Iron Treads
|-end|p2a: Iron Treads|Quark Drive|[silent]
|
|-weather|RainDance|[upkeep]
|upkeep
|
|t:|1769419557
|switch|p2a: Ludicolo|Ludicolo, M|100/100
|turn|5
|
|t:|1769419569
|switch|p1a: Feraligatr|Feraligatr, M, shiny|100/100
|move|p2a: Ludicolo|Ice Beam|p1a: Feraligatr
|-resisted|p1a: Feraligatr
|-damage|p1a: Feraligatr|80/100
|-damage|p2a: Ludicolo|91/100|[from] item: Life Orb
|
|-weather|RainDance|[upkeep]
|upkeep
|turn|6
|
|t:|1769419576
|move|p2a: Ludicolo|Giga Drain|p1a: Feraligatr
|-supereffective|p1a: Feraligatr
|-damage|p1a: Feraligatr|0 fnt
|-heal|p2a: Ludicolo|100/100|[from] drain|[of] p1a: Feraligatr
|faint|p1a: Feraligatr
|-damage|p2a: Ludicolo|91/100|[from] item: Life Orb
|
|-weather|RainDance|[upkeep]
|upkeep
|
|t:|1769419585
|switch|p1a: Registeel|Registeel, shiny|100/100
|turn|7
|
|t:|1769419593
|move|p2a: Ludicolo|Hydro Pump|p1a: Registeel|[miss]
|-miss|p2a: Ludicolo|p1a: Registeel
|move|p1a: Registeel|Iron Defense|p1a: Registeel
|-boost|p1a: Registeel|def|2
|
|-weather|RainDance|[upkeep]
|upkeep
|turn|8
|
|t:|1769419600
|move|p2a: Ludicolo|Hydro Pump|p1a: Registeel|[miss]
|-miss|p2a: Ludicolo|p1a: Registeel
|move|p1a: Registeel|Body Press|p2a: Ludicolo
|-damage|p2a: Ludicolo|0 fnt
|faint|p2a: Ludicolo
|
|-weather|none
|upkeep
|c|☆erjuanzas|j r3kqe cwq
|
|t:|1769419607
|switch|p2a: Landorus|Landorus-Therian, M|100/100
|-ability|p2a: Landorus|Intimidate|boost
|-fail|p1a: Registeel|unboost|[from] ability: Clear Body|[of] p1a: Registeel
|turn|9
|
|t:|1769419616
|switch|p1a: Ursaluna|Ursaluna, F, shiny|100/100
|move|p2a: Landorus|Sandsear Storm|p1a: Ursaluna
|-damage|p1a: Ursaluna|42/100
|
|-status|p1a: Ursaluna|brn|[from] item: Flame Orb
|upkeep
|turn|10
|
|t:|1769419631
|move|p2a: Landorus|Sandsear Storm|p1a: Ursaluna
|-damage|p1a: Ursaluna|0 fnt
|faint|p1a: Ursaluna
|
|upkeep
|
|t:|1769419636
|switch|p1a: Kommo-o|Kommo-o, F, shiny|100/100
|turn|11
|
|t:|1769419642
|switch|p2a: Pelipper|Pelipper, M|100/100
|-weather|RainDance|[from] ability: Drizzle|[of] p2a: Pelipper
|move|p1a: Kommo-o|Clangorous Soul|p1a: Kommo-o
|-boost|p1a: Kommo-o|atk|1
|-boost|p1a: Kommo-o|def|1
|-boost|p1a: Kommo-o|spa|1
|-boost|p1a: Kommo-o|spd|1
|-boost|p1a: Kommo-o|spe|1
|-damage|p1a: Kommo-o|68/100
|-enditem|p1a: Kommo-o|Throat Spray
|-boost|p1a: Kommo-o|spa|1|[from] item: Throat Spray
|
|-weather|RainDance|[upkeep]
|upkeep
|turn|12
|
|t:|1769419670
|move|p1a: Kommo-o|Clanging Scales|p2a: Pelipper
|-damage|p2a: Pelipper|0 fnt
|faint|p2a: Pelipper
|-unboost|p1a: Kommo-o|def|1
|
|-weather|RainDance|[upkeep]
|upkeep
|
|t:|1769419678
|switch|p2a: Basculegion|Basculegion-F, F|100/100
|turn|13
|
|t:|1769419693
|move|p2a: Basculegion|Ice Beam|p1a: Kommo-o
|-supereffective|p1a: Kommo-o
|-damage|p1a: Kommo-o|12/100
|-damage|p2a: Basculegion|91/100|[from] item: Life Orb
|move|p1a: Kommo-o|Clanging Scales|p2a: Basculegion
|-damage|p2a: Basculegion|0 fnt
|faint|p2a: Basculegion
|-unboost|p1a: Kommo-o|def|1
|
|-weather|RainDance|[upkeep]
|upkeep
|
|t:|1769419699
|switch|p2a: Barraskewda|Barraskewda, M|100/100
|turn|14
|
|t:|1769419706
|-terastallize|p2a: Barraskewda|Water
|move|p2a: Barraskewda|Liquidation|p1a: Kommo-o
|-resisted|p1a: Kommo-o
|-damage|p1a: Kommo-o|0 fnt
|faint|p1a: Kommo-o
|
|-weather|RainDance|[upkeep]
|upkeep
|
|t:|1769419715
|switch|p1a: Umbreon|Umbreon, F, shiny|100/100
|turn|15
|
|t:|1769419718
|move|p2a: Barraskewda|Liquidation|p1a: Umbreon
|-damage|p1a: Umbreon|10/100
|move|p1a: Umbreon|Reflect|p1a: Umbreon
|-sidestart|p1: Loveles|Reflect
|
|-weather|RainDance|[upkeep]
|upkeep
|turn|16
|
|t:|1769419726
|move|p2a: Barraskewda|Liquidation|p1a: Umbreon
|-damage|p1a: Umbreon|0 fnt
|faint|p1a: Umbreon
|
|-weather|RainDance|[upkeep]
|upkeep
|
|t:|1769419730
|switch|p1a: Registeel|Registeel, shiny|100/100
|turn|17
|
|t:|1769419734
|switch|p2a: Landorus|Landorus-Therian, M|100/100
|-ability|p2a: Landorus|Intimidate|boost
|-fail|p1a: Registeel|unboost|[from] ability: Clear Body|[of] p1a: Registeel
|move|p1a: Registeel|Iron Defense|p1a: Registeel
|-boost|p1a: Registeel|def|2
|
|-weather|RainDance|[upkeep]
|upkeep
|turn|18
|
|t:|1769419748
|move|p2a: Landorus|Sandsear Storm|p1a: Registeel
|-supereffective|p1a: Registeel
|-damage|p1a: Registeel|31/100
|move|p1a: Registeel|Body Press|p2a: Landorus
|-resisted|p2a: Landorus
|-damage|p2a: Landorus|65/100
|
|-weather|none
|-heal|p1a: Registeel|37/100|[from] item: Leftovers
|upkeep
|turn|19
|
|t:|1769419759
|move|p2a: Landorus|Sandsear Storm|p1a: Registeel
|-supereffective|p1a: Registeel
|-damage|p1a: Registeel|0 fnt
|faint|p1a: Registeel
|
|upkeep
|c|☆erjuanzas|gg
|
|t:|1769419765
|switch|p1a: Thundurus|Thundurus-Therian, M, shiny|42/100
|turn|20
|
|t:|1769419781
|move|p1a: Thundurus|Grass Knot|p2a: Landorus
|-damage|p2a: Landorus|27/100
|move|p2a: Landorus|Sandsear Storm|p1a: Thundurus
|-immune|p1a: Thundurus
|
|upkeep
|turn|21
|
|t:|1769419787
|move|p1a: Thundurus|Grass Knot|p2a: Landorus
|-damage|p2a: Landorus|0 fnt
|faint|p2a: Landorus
|
|upkeep
|
|t:|1769419789
|switch|p2a: Barraskewda|Barraskewda, M, tera:Water|100/100
|turn|22
|
|t:|1769419792
|move|p2a: Barraskewda|Liquidation|p1a: Thundurus
|-damage|p1a: Thundurus|0 fnt
|faint|p1a: Thundurus
|
|win|erjuanzas
|raw|Loveles's rating: 1198 &rarr; <strong>1178</strong><br />(-20 for losing)
|raw|erjuanzas's rating: 1262 &rarr; <strong>1282</strong><br />(+20 for winning)
|l|☆Loveles
|player|p1|
|l|☆erjuanzas
|player|p2|
