|j|☆LFC Hatewatcher
|j|☆znquanuo
|t:|1769346812
|gametype|singles
|player|p1|LFC Hatewatcher|grimsley|1461
|player|p2|znquanuo|ingo|1405
|gen|9
|tier|[Gen 9] OU
|rated|
|rule|HP Percentage Mod: HP is shown in percentages
|rule|Endless Battle Clause: Forcing endless battles is banned
|rule|Species Clause: Limit one of each Pokémon
|rule|OHKO Clause: OHKO moves are banned
|rule|Evasion Items Clause: Evasion items are banned
|rule|Evasion Moves Clause: Evasion moves are banned
|rule|Evasion Abilities Clause: Evasion abilities are banned
|rule|Sleep Moves Clause: Sleep-inducing moves are banned
|clearpoke
|poke|p1|Tinkaton, F|
|poke|p1|Ogerpon, F|
|poke|p1|Great Tusk|
|poke|p1|Pecharunt|
|poke|p1|Alomomola, M|
|poke|p1|Hydreigon, M|
|poke|p2|Rillaboom, M|
|poke|p2|Okidogi, M|
|poke|p2|Zamazenta-*|
|poke|p2|Iron Treads|
|poke|p2|Clefable, F|
|poke|p2|Walking Wake|
|teampreview
|inactive|Battle timer is ON: inactive players will automatically lose when time's up. (requested by LFC Hatewatcher)
|
|t:|1769346852
|teamsize|p1|6
|teamsize|p2|6
|start
|switch|p1a: Anonymous|Ogerpon, F|100/100
|switch|p2a: Rillaboom|Rillaboom, M|100/100
|-fieldstart|move: Grassy Terrain|[from] ability: Grassy Surge|[of] p2a: Rillaboom
|turn|1
|inactive|znquanuo has 120 seconds left.
|
|t:|1769346906
|move|p1a: Anonymous|U-turn|p2a: Rillaboom
|-supereffective|p2a: Rillaboom
|-damage|p2a: Rillaboom|34/100
|
|t:|1769346910
|switch|p1a: Overseer|Pecharunt|100/100|[from] U-turn
|move|p2a: Rillaboom|Knock Off|p1a: Overseer
|-supereffective|p1a: Overseer
|-damage|p1a: Overseer|69/100
|-damage|p2a: Rillaboom|17/100|[from] item: Rocky Helmet|[of] p1a: Overseer
|-enditem|p1a: Overseer|Rocky Helmet|[from] move: Knock Off|[of] p2a: Rillaboom
|
|-heal|p2a: Rillaboom|23/100|[from] Grassy Terrain
|-heal|p1a: Overseer|75/100|[from] Grassy Terrain
|upkeep
|turn|2
|inactive|znquanuo has 120 seconds left.
|
|t:|1769346939
|switch|p2a: Iron Treads|Iron Treads|100/100
|move|p1a: Overseer|Parting Shot|p2a: Iron Treads
|-unboost|p2a: Iron Treads|atk|1
|-unboost|p2a: Iron Treads|spa|1
|
|t:|1769346949
|switch|p1a: Anonymous|Ogerpon, F|100/100|[from] Parting Shot
|
|upkeep
|turn|3
|
|t:|1769346961
|-end|p2a: Iron Treads|Quark Drive|[silent]
|switch|p2a: Okidogi|Okidogi, M|100/100
|move|p1a: Anonymous|Ivy Cudgel|p2a: Okidogi
|-resisted|p2a: Okidogi
|-damage|p2a: Okidogi|63/100
|
|-heal|p2a: Okidogi|69/100|[from] Grassy Terrain
|-heal|p2a: Okidogi|75/100|[from] item: Leftovers
|upkeep
|turn|4
|
|t:|1769346984
|switch|p1a: Overseer|Pecharunt|75/100
|move|p2a: Okidogi|Knock Off|p1a: Overseer
|-supereffective|p1a: Overseer
|-damage|p1a: Overseer|54/100
|
|-heal|p1a: Overseer|60/100|[from] Grassy Terrain
|-heal|p2a: Okidogi|82/100|[from] Grassy Terrain
|-heal|p2a: Okidogi|88/100|[from] item: Leftovers
|upkeep
|turn|5
|
|t:|1769346994
|switch|p2a: Iron Treads|Iron Treads|100/100
|move|p1a: Overseer|Recover|p1a: Overseer
|-heal|p1a: Overseer|100/100
|
|upkeep
|turn|6
|
|t:|1769347007
|move|p2a: Iron Treads|Stealth Rock|p1a: Overseer
|-sidestart|p1: LFC Hatewatcher|move: Stealth Rock
|move|p1a: Overseer|Parting Shot|p2a: Iron Treads
|-unboost|p2a: Iron Treads|atk|1
|-unboost|p2a: Iron Treads|spa|1
|
|t:|1769347013
|switch|p1a: Anonymous|Ogerpon, F|100/100|[from] Parting Shot
|-damage|p1a: Anonymous|88/100|[from] Stealth Rock
|
|-heal|p1a: Anonymous|94/100|[from] Grassy Terrain
|upkeep
|turn|7
|inactive|znquanuo has 120 seconds left.
|
|t:|1769347020
|-end|p2a: Iron Treads|Quark Drive|[silent]
|switch|p2a: Okidogi|Okidogi, M|88/100
|-terastallize|p1a: Anonymous|Grass
|detailschange|p1a: Anonymous|Ogerpon-Teal-Tera, F, tera:Grass
|-ability|p1a: Anonymous|Embody Aspect (Teal)|boost
|-boost|p1a: Anonymous|spe|1
|move|p1a: Anonymous|Ivy Cudgel|p2a: Okidogi
|-resisted|p2a: Okidogi
|-damage|p2a: Okidogi|40/100
|
|-heal|p1a: Anonymous|99/100|[from] Grassy Terrain
|-heal|p2a: Okidogi|46/100|[from] Grassy Terrain
|-heal|p2a: Okidogi|52/100|[from] item: Leftovers
|upkeep
|turn|8
|inactive|znquanuo has 120 seconds left.
|
|t:|1769347035
|switch|p1a: Overseer|Pecharunt|100/100
|-damage|p1a: Overseer|88/100|[from] Stealth Rock
|move|p2a: Okidogi|Gunk Shot|p1a: Overseer
|-resisted|p1a: Overseer
|-crit|p1a: Overseer
|-damage|p1a: Overseer|78/100
|
|-heal|p1a: Overseer|84/100|[from] Grassy Terrain
|-heal|p2a: Okidogi|58/100|[from] Grassy Terrain
|-heal|p2a: Okidogi|64/100|[from] item: Leftovers
|-fieldend|move: Grassy Terrain
|upkeep
|turn|9
|inactive|znquanuo has 120 seconds left.
|inactive|znquanuo has 90 seconds left.
|
|t:|1769347092
|switch|p2a: Iron Treads|Iron Treads|100/100
|move|p1a: Overseer|Parting Shot|p2a: Iron Treads
|-unboost|p2a: Iron Treads|atk|1
|-unboost|p2a: Iron Treads|spa|1
|
|t:|1769347108
|switch|p1a: Behemoth|Great Tusk, shiny|100/100|[from] Parting Shot
|
|upkeep
|turn|10
|
|t:|1769347119
|-end|p2a: Iron Treads|Quark Drive|[silent]
|switch|p2a: Clefable|Clefable, F|100/100
|move|p1a: Behemoth|Rapid Spin|p2a: Clefable
|-damage|p2a: Clefable|86/100
|-boost|p1a: Behemoth|spe|1
|-sideend|p1: LFC Hatewatcher|Stealth Rock|[from] move: Rapid Spin|[of] p1a: Behemoth
|
|-heal|p2a: Clefable|92/100|[from] item: Leftovers
|upkeep
|turn|11
|
|t:|1769347134
|-end|p1a: Behemoth|Protosynthesis|[silent]
|switch|p1a: Smile.exe|Tinkaton, F, shiny|100/100
|-item|p1a: Smile.exe|Air Balloon
|move|p2a: Clefable|Thunder Wave|p1a: Smile.exe
|-status|p1a: Smile.exe|par
|
|-heal|p2a: Clefable|98/100|[from] item: Leftovers
|upkeep
|turn|12
|
|t:|1769347148
|switch|p2a: Zamazenta|Zamazenta|100/100
|-ability|p2a: Zamazenta|Dauntless Shield|boost
|-boost|p2a: Zamazenta|def|1
|cant|p1a: Smile.exe|par
|
|upkeep
|turn|13
|inactive|znquanuo has 60 seconds left.
|
|t:|1769347176
|move|p2a: Zamazenta|Body Press|p1a: Smile.exe
|-damage|p1a: Smile.exe|27/100 par
|-enditem|p1a: Smile.exe|Air Balloon
|-enditem|p2a: Zamazenta|Leftovers|[silent]|[from] ability: Pickpocket|[of] p2a: Zamazenta
|-item|p1a: Smile.exe|Leftovers|[from] ability: Pickpocket|[of] p2a: Zamazenta
|move|p1a: Smile.exe|Stealth Rock|p2a: Zamazenta
|-sidestart|p2: znquanuo|move: Stealth Rock
|
|-heal|p1a: Smile.exe|33/100 par|[from] item: Leftovers
|upkeep
|turn|14
|inactive|znquanuo has 60 seconds left.
|
|t:|1769347213
|switch|p1a: Overseer|Pecharunt|84/100
|move|p2a: Zamazenta|Body Press|p1a: Overseer
|-immune|p1a: Overseer
|
|upkeep
|turn|15
|
|t:|1769347220
|switch|p2a: Iron Treads|Iron Treads|100/100
|-damage|p2a: Iron Treads|98/100|[from] Stealth Rock
|move|p1a: Overseer|Shadow Ball|p2a: Iron Treads
|-damage|p2a: Iron Treads|67/100
|
|-heal|p2a: Iron Treads|73/100|[from] item: Leftovers
|upkeep
|turn|16
|inactive|znquanuo has 30 seconds left.
|inactive|znquanuo has 20 seconds left.
|inactive|znquanuo has 15 seconds left.
|
|t:|1769347255
|move|p2a: Iron Treads|Stealth Rock|p1a: Overseer
|-sidestart|p1: LFC Hatewatcher|move: Stealth Rock
|move|p1a: Overseer|Shadow Ball|p2a: Iron Treads
|-damage|p2a: Iron Treads|47/100
|
|-heal|p2a: Iron Treads|53/100|[from] item: Leftovers
|upkeep
|turn|17
|inactive|znquanuo has 25 seconds left this turn.
|inactive|znquanuo has 20 seconds left.
|
|t:|1769347268
|-end|p2a: Iron Treads|Quark Drive|[silent]
|switch|p2a: Walking Wake|Walking Wake|100/100
|-damage|p2a: Walking Wake|88/100|[from] Stealth Rock
|move|p1a: Overseer|Parting Shot|p2a: Walking Wake
|-unboost|p2a: Walking Wake|atk|1
|-unboost|p2a: Walking Wake|spa|1
|
|t:|1769347290
|switch|p1a: Pisces|Alomomola, M, shiny|100/100|[from] Parting Shot
|-damage|p1a: Pisces|88/100|[from] Stealth Rock
|
|upkeep
|turn|18
|inactive|znquanuo has 30 seconds left.
|
|t:|1769347298
|move|p2a: Walking Wake|Flip Turn|p1a: Pisces
|-resisted|p1a: Pisces
|-damage|p1a: Pisces|84/100
|inactive|znquanuo has 30 seconds left.
|
|t:|1769347307
|-end|p2a: Walking Wake|Protosynthesis|[silent]
|switch|p2a: Clefable|Clefable, F|98/100|[from] Flip Turn
|move|p1a: Pisces|Flip Turn|p2a: Clefable
|-damage|p2a: Clefable|85/100
|inactive|LFC Hatewatcher has 120 seconds left.
|
|t:|1769347350
|switch|p1a: Hybrid|Hydreigon, M, shiny|100/100|[from] Flip Turn
|-damage|p1a: Hybrid|88/100|[from] Stealth Rock
|
|-heal|p2a: Clefable|91/100|[from] item: Leftovers
|upkeep
|turn|19
|
|t:|1769347354
|move|p1a: Hybrid|Flash Cannon|p2a: Clefable
|-supereffective|p2a: Clefable
|-damage|p2a: Clefable|13/100
|move|p2a: Clefable|Thunder Wave|p1a: Hybrid
|-status|p1a: Hybrid|par
|
|-heal|p2a: Clefable|20/100|[from] item: Leftovers
|upkeep
|turn|20
|inactive|LFC Hatewatcher has 120 seconds left.
|
|t:|1769347364
|switch|p2a: Walking Wake|Walking Wake|88/100
|-damage|p2a: Walking Wake|76/100|[from] Stealth Rock
|cant|p1a: Hybrid|par
|
|upkeep
|turn|21
|
|t:|1769347371
|switch|p1a: Pisces|Alomomola, M, shiny|100/100
|-damage|p1a: Pisces|88/100|[from] Stealth Rock
|move|p2a: Walking Wake|Flip Turn|p1a: Pisces
|-resisted|p1a: Pisces
|-crit|p1a: Pisces
|-damage|p1a: Pisces|80/100
|inactive|znquanuo has 30 seconds left.
|
|t:|1769347404
|-end|p2a: Walking Wake|Protosynthesis|[silent]
|switch|p2a: Rillaboom|Rillaboom, M|23/100|[from] Flip Turn
|-damage|p2a: Rillaboom|11/100|[from] Stealth Rock
|-fieldstart|move: Grassy Terrain|[from] ability: Grassy Surge|[of] p2a: Rillaboom
|
|-heal|p2a: Rillaboom|17/100|[from] Grassy Terrain
|-heal|p1a: Pisces|86/100|[from] Grassy Terrain
|upkeep
|turn|22
|inactive|znquanuo has 30 seconds left.
|inactive|znquanuo has 20 seconds left.
|inactive|znquanuo has 15 seconds left.
|
|t:|1769347424
|switch|p1a: Overseer|Pecharunt|84/100
|-damage|p1a: Overseer|71/100|[from] Stealth Rock
|move|p2a: Rillaboom|Wood Hammer|p1a: Overseer
|-resisted|p1a: Overseer
|-damage|p1a: Overseer|53/100
|-damage|p2a: Rillaboom|11/100|[from] Recoil
|
|-heal|p2a: Rillaboom|17/100|[from] Grassy Terrain
|-heal|p1a: Overseer|59/100|[from] Grassy Terrain
|upkeep
|turn|23
|inactive|znquanuo has 25 seconds left this turn.
|inactive|znquanuo has 20 seconds left.
|inactive|znquanuo has 15 seconds left.
|
|t:|1769347439
|switch|p2a: Iron Treads|Iron Treads|53/100
|-damage|p2a: Iron Treads|50/100|[from] Stealth Rock
|move|p1a: Overseer|Recover|p1a: Overseer
|-heal|p1a: Overseer|100/100
|
|-heal|p2a: Iron Treads|56/100|[from] Grassy Terrain
|-heal|p2a: Iron Treads|62/100|[from] item: Leftovers
|upkeep
|turn|24
|inactive|znquanuo has 25 seconds left this turn.
|
|t:|1769347444
|move|p2a: Iron Treads|Rapid Spin|p1a: Overseer
|-immune|p1a: Overseer
|move|p1a: Overseer|Shadow Ball|p2a: Iron Treads
|-damage|p2a: Iron Treads|36/100
|
|-heal|p2a: Iron Treads|42/100|[from] Grassy Terrain
|-heal|p2a: Iron Treads|48/100|[from] item: Leftovers
|upkeep
|turn|25
|
|t:|1769347450
|move|p2a: Iron Treads|High Horsepower|p1a: Overseer
|-supereffective|p1a: Overseer
|-damage|p1a: Overseer|64/100
|move|p1a: Overseer|Shadow Ball|p2a: Iron Treads
|-damage|p2a: Iron Treads|20/100
|-unboost|p2a: Iron Treads|spd|1
|
|-heal|p2a: Iron Treads|26/100|[from] Grassy Terrain
|-heal|p2a: Iron Treads|32/100|[from] item: Leftovers
|-heal|p1a: Overseer|70/100|[from] Grassy Terrain
|upkeep
|turn|26
|inactive|znquanuo has 30 seconds left.
|-message|znquanuo forfeited.
|
|win|LFC Hatewatcher
|raw|LFC Hatewatcher's rating: 1461 &rarr; <strong>1478</strong><br />(+17 for winning)
|raw|znquanuo's rating: 1405 &rarr; <strong>1388</strong><br />(-17 for losing)
|l|☆znquanuo
|player|p2|
