|j|☆low ladder taco
|j|☆cristhhh12
|t:|1769298555
|gametype|singles
|player|p1|low ladder taco|bruno|1184
|player|p2|cristhhh12|cynthia|1222
|gen|9
|tier|[Gen 9] OU
|rated|
|rule|HP Percentage Mod: HP is shown in percentages
|rule|Endless Battle Clause: Forcing endless battles is banned
|rule|Species Clause: Limit one of each Pokémon
|rule|OHKO Clause: OHKO moves are banned
|rule|Evasion Items Clause: Evasion items are banned
|rule|Evasion Moves Clause: Evasion moves are banned
|rule|Evasion Abilities Clause: Evasion abilities are banned
|rule|Sleep Moves Clause: Sleep-inducing moves are banned
|clearpoke
|poke|p1|Revavroom, F|
|poke|p1|Iron Hands|
|poke|p1|Landorus-Therian, M|
|poke|p1|Garchomp, M|
|poke|p1|Pelipper, F|
|poke|p1|Mandibuzz, F|
|poke|p2|Ninetales-Alola, M|
|poke|p2|Cloyster, F|
|poke|p2|Kyurem|
|poke|p2|Scizor, F|
|poke|p2|Iron Moth|
|poke|p2|Great Tusk|
|teampreview
|inactive|Battle timer is ON: inactive players will automatically lose when time's up. (requested by low ladder taco)
|
|t:|1769298569
|teamsize|p1|6
|teamsize|p2|6
|start
|switch|p1a: Garchomp|Garchomp, M|100/100
|switch|p2a: Kyurem|Kyurem|100/100
|-ability|p2a: Kyurem|Pressure
|turn|1
|
|t:|1769298578
|switch|p2a: Ninetales|Ninetales-Alola, M|100/100
|-weather|Snowscape|[from] ability: Snow Warning|[of] p2a: Ninetales
|move|p1a: Garchomp|Stealth Rock|p2a: Ninetales
|-sidestart|p2: cristhhh12|move: Stealth Rock
|
|-weather|Snowscape|[upkeep]
|upkeep
|turn|2
|
|t:|1769298587
|switch|p2a: Great Tusk|Great Tusk|100/100
|-damage|p2a: Great Tusk|98/100|[from] Stealth Rock
|-enditem|p2a: Great Tusk|Booster Energy
|-activate|p2a: Great Tusk|ability: Protosynthesis|[fromitem]
|-start|p2a: Great Tusk|protosynthesisspe
|move|p1a: Garchomp|Poison Jab|p2a: Great Tusk
|-resisted|p2a: Great Tusk
|-damage|p2a: Great Tusk|87/100
|
|-weather|Snowscape|[upkeep]
|upkeep
|turn|3
|
|t:|1769298599
|move|p2a: Great Tusk|Ice Spinner|p1a: Garchomp
|-supereffective|p1a: Garchomp
|-damage|p1a: Garchomp|23/100
|-damage|p2a: Great Tusk|75/100|[from] ability: Rough Skin|[of] p1a: Garchomp
|-damage|p2a: Great Tusk|58/100|[from] item: Rocky Helmet|[of] p1a: Garchomp
|move|p1a: Garchomp|Dragon Tail|p2a: Great Tusk
|-damage|p2a: Great Tusk|37/100
|-end|p2a: Great Tusk|Protosynthesis|[silent]
|drag|p2a: Scizor|Scizor, F|100/100
|-damage|p2a: Scizor|88/100|[from] Stealth Rock
|
|-weather|Snowscape|[upkeep]
|-heal|p2a: Scizor|94/100|[from] item: Leftovers
|upkeep
|turn|4
|
|t:|1769298614
|move|p2a: Scizor|Swords Dance|p2a: Scizor
|-boost|p2a: Scizor|atk|2
|move|p1a: Garchomp|Dragon Tail|p2a: Scizor
|-resisted|p2a: Scizor
|-damage|p2a: Scizor|75/100
|drag|p2a: Iron Moth|Iron Moth|100/100
|-damage|p2a: Iron Moth|76/100|[from] Stealth Rock
|-enditem|p2a: Iron Moth|Booster Energy
|-activate|p2a: Iron Moth|ability: Quark Drive|[fromitem]
|-start|p2a: Iron Moth|quarkdrivespe
|
|-weather|Snowscape|[upkeep]
|upkeep
|turn|5
|
|t:|1769298626
|move|p2a: Iron Moth|Fiery Dance|p1a: Garchomp
|-resisted|p1a: Garchomp
|-damage|p1a: Garchomp|5/100
|move|p1a: Garchomp|Dragon Tail|p2a: Iron Moth
|-damage|p2a: Iron Moth|30/100
|-end|p2a: Iron Moth|Quark Drive|[silent]
|drag|p2a: Cloyster|Cloyster, F|100/100
|-damage|p2a: Cloyster|76/100|[from] Stealth Rock
|
|-weather|none
|upkeep
|turn|6
|
|t:|1769298640
|move|p2a: Cloyster|Ice Shard|p1a: Garchomp
|-supereffective|p1a: Garchomp
|-damage|p1a: Garchomp|0 fnt
|faint|p1a: Garchomp
|
|upkeep
|
|t:|1769298650
|switch|p1a: Iron Hands|Iron Hands|100/100
|-enditem|p1a: Iron Hands|Booster Energy
|-activate|p1a: Iron Hands|ability: Quark Drive|[fromitem]
|-start|p1a: Iron Hands|quarkdriveatk
|turn|7
|
|t:|1769298658
|switch|p2a: Great Tusk|Great Tusk|37/100
|-damage|p2a: Great Tusk|34/100|[from] Stealth Rock
|move|p1a: Iron Hands|Fake Out|p2a: Great Tusk
|-damage|p2a: Great Tusk|22/100
|
|upkeep
|turn|8
|
|t:|1769298666
|move|p2a: Great Tusk|Rapid Spin|p1a: Iron Hands
|-damage|p1a: Iron Hands|92/100
|-boost|p2a: Great Tusk|spe|1
|-sideend|p2: cristhhh12|Stealth Rock|[from] move: Rapid Spin|[of] p2a: Great Tusk
|move|p1a: Iron Hands|Earthquake|p2a: Great Tusk
|-damage|p2a: Great Tusk|0 fnt
|faint|p2a: Great Tusk
|-end|p2a: Great Tusk|Protosynthesis|[silent]
|
|upkeep
|
|t:|1769298686
|switch|p2a: Scizor|Scizor, F|75/100
|turn|9
|
|t:|1769298695
|move|p2a: Scizor|Swords Dance|p2a: Scizor
|-boost|p2a: Scizor|atk|2
|move|p1a: Iron Hands|Drain Punch|p2a: Scizor
|-damage|p2a: Scizor|6/100
|-heal|p1a: Iron Hands|100/100|[from] drain|[of] p2a: Scizor
|
|-heal|p2a: Scizor|12/100|[from] item: Leftovers
|upkeep
|turn|10
|
|t:|1769298705
|move|p2a: Scizor|Bullet Punch|p1a: Iron Hands
|-resisted|p1a: Iron Hands
|-damage|p1a: Iron Hands|78/100
|move|p1a: Iron Hands|Drain Punch|p2a: Scizor
|-damage|p2a: Scizor|0 fnt
|-heal|p1a: Iron Hands|82/100|[from] drain|[of] p2a: Scizor
|faint|p2a: Scizor
|
|upkeep
|
|t:|1769298716
|switch|p2a: Kyurem|Kyurem|100/100
|-ability|p2a: Kyurem|Pressure
|turn|11
|
|t:|1769298721
|move|p2a: Kyurem|Draco Meteor|p1a: Iron Hands
|-damage|p1a: Iron Hands|0 fnt
|-unboost|p2a: Kyurem|spa|2
|faint|p1a: Iron Hands
|-end|p1a: Iron Hands|Quark Drive|[silent]
|
|upkeep
|
|t:|1769298726
|switch|p1a: Revavroom|Revavroom, F|100/100
|-item|p1a: Revavroom|Air Balloon
|turn|12
|
|t:|1769298731
|switch|p2a: Iron Moth|Iron Moth|30/100
|move|p1a: Revavroom|Shift Gear|p1a: Revavroom
|-boost|p1a: Revavroom|spe|2
|-boost|p1a: Revavroom|atk|1
|
|upkeep
|turn|13
|
|t:|1769298739
|move|p1a: Revavroom|High Horsepower|p2a: Iron Moth
|-supereffective|p2a: Iron Moth
|-damage|p2a: Iron Moth|0 fnt
|faint|p2a: Iron Moth
|-end|p2a: Iron Moth|Quark Drive|[silent]
|
|upkeep
|
|t:|1769298745
|switch|p2a: Ninetales|Ninetales-Alola, M|100/100
|-weather|Snowscape|[from] ability: Snow Warning|[of] p2a: Ninetales
|turn|14
|
|t:|1769298750
|-terastallize|p2a: Ninetales|Water
|move|p1a: Revavroom|Iron Head|p2a: Ninetales
|-resisted|p2a: Ninetales
|-damage|p2a: Ninetales|58/100
|move|p2a: Ninetales|Aurora Veil|p2a: Ninetales
|-sidestart|p2: cristhhh12|move: Aurora Veil
|
|-weather|Snowscape|[upkeep]
|upkeep
|turn|15
|
|t:|1769298764
|move|p1a: Revavroom|Gunk Shot|p2a: Ninetales
|-damage|p2a: Ninetales|4/100
|move|p2a: Ninetales|Freeze-Dry|p1a: Revavroom
|-resisted|p1a: Revavroom
|-damage|p1a: Revavroom|85/100
|-enditem|p1a: Revavroom|Air Balloon
|
|-weather|Snowscape|[upkeep]
|upkeep
|turn|16
|
|t:|1769298773
|move|p1a: Revavroom|Iron Head|p2a: Ninetales
|-resisted|p2a: Ninetales
|-damage|p2a: Ninetales|0 fnt
|faint|p2a: Ninetales
|
|-weather|Snowscape|[upkeep]
|upkeep
|
|t:|1769298780
|switch|p2a: Kyurem|Kyurem|100/100
|-ability|p2a: Kyurem|Pressure
|turn|17
|
|t:|1769298785
|move|p1a: Revavroom|Iron Head|p2a: Kyurem
|-supereffective|p2a: Kyurem
|-damage|p2a: Kyurem|58/100
|move|p2a: Kyurem|Earth Power|p1a: Revavroom
|-supereffective|p1a: Revavroom
|-damage|p1a: Revavroom|0 fnt
|faint|p1a: Revavroom
|
|-weather|Snowscape|[upkeep]
|upkeep
|
|t:|1769298789
|switch|p1a: Pelipper|Pelipper, F|100/100
|-weather|RainDance|[from] ability: Drizzle|[of] p1a: Pelipper
|turn|18
|
|t:|1769298798
|switch|p2a: Cloyster|Cloyster, F|76/100
|move|p1a: Pelipper|Tailwind|p1a: Pelipper
|-sidestart|p1: low ladder taco|move: Tailwind
|
|-weather|RainDance|[upkeep]
|upkeep
|turn|19
|
|t:|1769298806
|move|p1a: Pelipper|Hurricane|p2a: Cloyster
|-damage|p2a: Cloyster|3/100
|move|p2a: Cloyster|Shell Smash|p2a: Cloyster
|-unboost|p2a: Cloyster|def|1
|-unboost|p2a: Cloyster|spd|1
|-boost|p2a: Cloyster|atk|2
|-boost|p2a: Cloyster|spa|2
|-boost|p2a: Cloyster|spe|2
|
|-weather|RainDance|[upkeep]
|upkeep
|turn|20
|
|t:|1769298816
|move|p2a: Cloyster|Icicle Spear|p1a: Pelipper
|-damage|p1a: Pelipper|74/100
|-damage|p1a: Pelipper|42/100
|-damage|p1a: Pelipper|11/100
|-damage|p1a: Pelipper|0 fnt
|faint|p1a: Pelipper
|-hitcount|p1: Pelipper|4
|
|-weather|RainDance|[upkeep]
|upkeep
|
|t:|1769298821
|switch|p1a: Landorus|Landorus-Therian, M|100/100
|-ability|p1a: Landorus|Intimidate|boost
|-unboost|p2a: Cloyster|atk|1
|turn|21
|
|t:|1769298829
|move|p2a: Cloyster|Ice Shard|p1a: Landorus
|-supereffective|p1a: Landorus
|-damage|p1a: Landorus|0 fnt
|faint|p1a: Landorus
|
|-weather|RainDance|[upkeep]
|-sideend|p1: low ladder taco|move: Tailwind
|-sideend|p2: cristhhh12|move: Aurora Veil
|upkeep
|
|t:|1769298831
|switch|p1a: Mandibuzz|Mandibuzz, F|100/100
|turn|22
|
|t:|1769298838
|move|p2a: Cloyster|Icicle Spear|p1a: Mandibuzz
|-supereffective|p1a: Mandibuzz
|-damage|p1a: Mandibuzz|79/100
|-supereffective|p1a: Mandibuzz
|-damage|p1a: Mandibuzz|54/100
|-supereffective|p1a: Mandibuzz
|-damage|p1a: Mandibuzz|30/100
|-supereffective|p1a: Mandibuzz
|-damage|p1a: Mandibuzz|8/100
|-supereffective|p1a: Mandibuzz
|-damage|p1a: Mandibuzz|0 fnt
|faint|p1a: Mandibuzz
|-hitcount|p1: Mandibuzz|5
|
|win|cristhhh12
|raw|low ladder taco's rating: 1184 &rarr; <strong>1162</strong><br />(-22 for losing)
|raw|cristhhh12's rating: 1222 &rarr; <strong>1244</strong><br />(+22 for winning)
|l|☆low ladder taco
|player|p1|
|l|☆cristhhh12
|player|p2|
