|j|☆TheMoxxofBalhoon
|j|☆TOBAN
|t:|1769354941
|gametype|singles
|player|p1|TheMoxxofBalhoon|morty|1083
|player|p2|TOBAN|101|1055
|gen|9
|tier|[Gen 9] OU
|rated|
|rule|HP Percentage Mod: HP is shown in percentages
|rule|Endless Battle Clause: Forcing endless battles is banned
|rule|Species Clause: Limit one of each Pokémon
|rule|OHKO Clause: OHKO moves are banned
|rule|Evasion Items Clause: Evasion items are banned
|rule|Evasion Moves Clause: Evasion moves are banned
|rule|Evasion Abilities Clause: Evasion abilities are banned
|rule|Sleep Moves Clause: Sleep-inducing moves are banned
|clearpoke
|poke|p1|Furret, F|
|poke|p1|Azumarill, M|
|poke|p1|Ursaluna, M|
|poke|p1|Cinccino, M|
|poke|p1|Talonflame, M|
|poke|p1|Zoroark-Hisui, M|
|poke|p2|Crawdaunt, M|
|poke|p2|Grimmsnarl, M|
|poke|p2|Malamar, F|
|poke|p2|Morpeko, M|
|poke|p2|Overqwil, F|
|poke|p2|Scrafty, M|
|teampreview
|
|t:|1769354953
|teamsize|p1|6
|teamsize|p2|6
|start
|switch|p1a: Cinccino|Cinccino, M|100/100
|switch|p2a: Overqwil|Overqwil, F|100/100
|turn|1
|
|t:|1769354961
|move|p1a: Cinccino|Bitter Malice|p2a: Overqwil
|-resisted|p2a: Overqwil
|-damage|p2a: Overqwil|72/100
|-unboost|p2a: Overqwil|atk|1
|move|p2a: Overqwil|Barb Barrage|p1a: Cinccino
|-resisted|p1a: Cinccino
|-damage|p1a: Cinccino|85/100
|replace|p1a: Zoroark|Zoroark-Hisui, M
|-end|p1a: Zoroark|Illusion
|
|-heal|p2a: Overqwil|79/100|[from] item: Black Sludge
|upkeep
|turn|2
|
|t:|1769354978
|switch|p2a: Grimmsnarl|Grimmsnarl, M|100/100
|move|p1a: Zoroark|Curse|p2a: Grimmsnarl
|-start|p2a: Grimmsnarl|Curse|[of] p1a: Zoroark
|-damage|p1a: Zoroark|35/100
|
|-damage|p2a: Grimmsnarl|76/100|[from] Curse
|upkeep
|turn|3
|
|t:|1769354990
|move|p2a: Grimmsnarl|Parting Shot|p1a: Zoroark
|-unboost|p1a: Zoroark|atk|1
|-unboost|p1a: Zoroark|spa|1
|
|t:|1769354994
|switch|p2a: Overqwil|Overqwil, F|79/100|[from] Parting Shot
|move|p1a: Zoroark|Bitter Malice|p2a: Overqwil
|-resisted|p2a: Overqwil
|-damage|p2a: Overqwil|59/100
|-unboost|p2a: Overqwil|atk|1
|
|-heal|p2a: Overqwil|65/100|[from] item: Black Sludge
|upkeep
|turn|4
|
|t:|1769355007
|move|p1a: Zoroark|Curse|p2a: Overqwil
|-start|p2a: Overqwil|Curse|[of] p1a: Zoroark
|-damage|p1a: Zoroark|0 fnt
|faint|p1a: Zoroark
|move|p2a: Overqwil|Hex|p1: Zoroark|[notarget]
|-fail|p2a: Overqwil
|
|-heal|p2a: Overqwil|71/100|[from] item: Black Sludge
|-damage|p2a: Overqwil|46/100|[from] Curse
|upkeep
|
|t:|1769355021
|switch|p1a: Furret|Furret, F|100/100
|turn|5
|
|t:|1769355028
|switch|p2a: Scrafty|Scrafty, M|100/100
|-ability|p2a: Scrafty|Intimidate|boost
|-unboost|p1a: Furret|atk|1
|move|p1a: Furret|Tidy Up|p1a: Furret
|-boost|p1a: Furret|atk|1
|-boost|p1a: Furret|spe|1
|
|upkeep
|turn|6
|
|t:|1769355036
|-terastallize|p1a: Furret|Normal
|move|p1a: Furret|Last Resort|p2a: Scrafty
|-damage|p2a: Scrafty|44/100
|-damage|p1a: Furret|84/100|[from] item: Rocky Helmet|[of] p2a: Scrafty
|move|p2a: Scrafty|Bulk Up|p2a: Scrafty
|-boost|p2a: Scrafty|atk|1
|-boost|p2a: Scrafty|def|1
|
|upkeep
|turn|7
|
|t:|1769355046
|move|p1a: Furret|Last Resort|p2a: Scrafty
|-damage|p2a: Scrafty|9/100
|-damage|p1a: Furret|68/100|[from] item: Rocky Helmet|[of] p2a: Scrafty
|move|p2a: Scrafty|Drain Punch|p1a: Furret
|-supereffective|p1a: Furret
|-damage|p1a: Furret|0 fnt
|-heal|p2a: Scrafty|40/100|[from] drain|[of] p1a: Furret
|faint|p1a: Furret
|
|upkeep
|
|t:|1769355052
|switch|p1a: Talonflame|Talonflame, M|100/100
|turn|8
|
|t:|1769355060
|move|p1a: Talonflame|Brave Bird|p2a: Scrafty
|-supereffective|p2a: Scrafty
|-damage|p2a: Scrafty|0 fnt
|-damage|p1a: Talonflame|84/100|[from] item: Rocky Helmet|[of] p2a: Scrafty
|faint|p2a: Scrafty
|-damage|p1a: Talonflame|69/100|[from] Recoil
|
|upkeep
|
|t:|1769355065
|switch|p2a: Overqwil|Overqwil, F|46/100
|turn|9
|
|t:|1769355070
|move|p1a: Talonflame|Brave Bird|p2a: Overqwil
|-damage|p2a: Overqwil|10/100
|-status|p1a: Talonflame|psn|[from] ability: Poison Point|[of] p2a: Overqwil
|-damage|p1a: Talonflame|54/100 psn|[from] Recoil
|move|p2a: Overqwil|Barb Barrage|p1a: Talonflame
|-damage|p1a: Talonflame|0 fnt
|faint|p1a: Talonflame
|
|-heal|p2a: Overqwil|16/100|[from] item: Black Sludge
|upkeep
|
|t:|1769355076
|switch|p1a: Cinccino|Cinccino, M|100/100
|turn|10
|
|t:|1769355085
|move|p1a: Cinccino|Tail Slap|p2a: Overqwil|[miss]
|-miss|p1a: Cinccino|p2a: Overqwil
|move|p2a: Overqwil|Barb Barrage|p1a: Cinccino
|-damage|p1a: Cinccino|55/100
|
|-heal|p2a: Overqwil|22/100|[from] item: Black Sludge
|upkeep
|turn|11
|
|t:|1769355088
|move|p1a: Cinccino|Tail Slap|p2a: Overqwil|[miss]
|-miss|p1a: Cinccino|p2a: Overqwil
|move|p2a: Overqwil|Barb Barrage|p1a: Cinccino
|-damage|p1a: Cinccino|10/100
|
|-heal|p2a: Overqwil|29/100|[from] item: Black Sludge
|upkeep
|turn|12
|
|t:|1769355091
|move|p1a: Cinccino|Tail Slap|p2a: Overqwil
|-damage|p2a: Overqwil|17/100
|-damage|p2a: Overqwil|5/100
|-damage|p2a: Overqwil|0 fnt
|-status|p1a: Cinccino|psn|[from] ability: Poison Point|[of] p2a: Overqwil
|faint|p2a: Overqwil
|-hitcount|p2: Overqwil|3
|
|-damage|p1a: Cinccino|0 fnt|[from] psn
|faint|p1a: Cinccino
|upkeep
|
|t:|1769355096
|switch|p1a: Ursaluna|Ursaluna, M, shiny|100/100
|switch|p2a: Crawdaunt|Crawdaunt, M|100/100
|turn|13
|
|t:|1769355103
|move|p2a: Crawdaunt|Aqua Jet|p1a: Ursaluna
|-supereffective|p1a: Ursaluna
|-damage|p1a: Ursaluna|48/100
|move|p1a: Ursaluna|Trailblaze|p2a: Crawdaunt
|-supereffective|p2a: Crawdaunt
|-damage|p2a: Crawdaunt|56/100
|-boost|p1a: Ursaluna|spe|1
|
|-status|p1a: Ursaluna|brn|[from] item: Flame Orb
|upkeep
|turn|14
|
|t:|1769355110
|move|p2a: Crawdaunt|Aqua Jet|p1a: Ursaluna
|-supereffective|p1a: Ursaluna
|-damage|p1a: Ursaluna|0 fnt
|faint|p1a: Ursaluna
|
|upkeep
|
|t:|1769355112
|switch|p1a: Azumarill|Azumarill, M|100/100
|turn|15
|
|t:|1769355116
|move|p2a: Crawdaunt|Knock Off|p1a: Azumarill
|-resisted|p1a: Azumarill
|-damage|p1a: Azumarill|63/100
|-enditem|p1a: Azumarill|Leftovers|[from] move: Knock Off|[of] p2a: Crawdaunt
|move|p1a: Azumarill|Belly Drum|p1a: Azumarill
|-damage|p1a: Azumarill|13/100
|-setboost|p1a: Azumarill|atk|6|[from] move: Belly Drum
|
|upkeep
|turn|16
|inactive|Battle timer is ON: inactive players will automatically lose when time's up. (requested by TOBAN)
|
|t:|1769355177
|move|p2a: Crawdaunt|Aqua Jet|p1a: Azumarill
|-resisted|p1a: Azumarill
|-damage|p1a: Azumarill|0 fnt
|faint|p1a: Azumarill
|
|win|TOBAN
|raw|TheMoxxofBalhoon's rating: 1083 &rarr; <strong>1059</strong><br />(-24 for losing)
|raw|TOBAN's rating: 1055 &rarr; <strong>1089</strong><br />(+34 for winning)
|l|☆TheMoxxofBalhoon
|player|p1|
|l|☆TOBAN
|player|p2|
