|j|☆Moongirlll
|j|☆MEHVISH
|inactive|Battle timer is ON: inactive players will automatically lose when time's up.
|t:|1769417392
|gametype|singles
|player|p1|Moongirlll|iono-masters2|
|player|p2|MEHVISH|elesa|
|gen|9
|tier|[Gen 9] OU
|rated|Tournament battle
|rule|HP Percentage Mod: HP is shown in percentages
|rule|Endless Battle Clause: Forcing endless battles is banned
|rule|Species Clause: Limit one of each Pokémon
|rule|OHKO Clause: OHKO moves are banned
|rule|Evasion Items Clause: Evasion items are banned
|rule|Evasion Moves Clause: Evasion moves are banned
|rule|Evasion Abilities Clause: Evasion abilities are banned
|rule|Sleep Moves Clause: Sleep-inducing moves are banned
|rule|Scalemons Mod: Every Pokemon's stats, barring HP, are scaled to come as close to a BST of 600 as possible
|raw|<div class="infobox"><details class="readmore" open><summary><strong>3 custom rules:</strong></summary> scalemons mod, -light ball, -eviolite</details></div>
|clearpoke
|poke|p1|Charmander, L5, M|
|poke|p1|Croagunk, L5, M|
|poke|p1|Corphish, L5, M|
|poke|p1|Pawniard, F|
|poke|p1|Zapdos|
|poke|p1|Dragonite, F|
|poke|p2|Marill, F|
|poke|p2|Meditite, M|
|poke|p2|Dunsparce, F|
|poke|p2|Zorua-Hisui, F|
|poke|p2|Frogadier, M|
|poke|p2|Combusken, M|
|teampreview
|inactive|MEHVISH also wants the timer to be on.
|j| RUMYMOME
|j|*Lady Monita ☃️
|c|☆MEHVISH|sis
|c|☆Moongirlll|gl
|c|☆MEHVISH|**level them up**
|c| RUMYMOME|Lvl 5??
|inactive|MEHVISH has 120 seconds left.
|c|☆Moongirlll|accidently!
|
|t:|1769417434
|teamsize|p1|6
|teamsize|p2|6
|start
|switch|p1a: Charmander|Charmander, L5, M|100/100
|switch|p2a: Combusken|Combusken, M|100/100
|turn|1
|c|☆Moongirlll|lol nvm
|
|t:|1769417442
|move|p2a: Combusken|Substitute|p2a: Combusken
|-start|p2a: Combusken|Substitute
|-damage|p2a: Combusken|76/100
|move|p1a: Charmander|Overheat|p2a: Combusken
|-activate|p2a: Combusken|move: Substitute|[damage]
|-unboost|p1a: Charmander|spa|2
|-enditem|p1a: Charmander|Eject Pack
|
|t:|1769417445
|switch|p1a: Zapdos|Zapdos|100/100
|
|upkeep
|turn|2
|
|t:|1769417456
|move|p2a: Combusken|Dark Pulse|p1a: Zapdos
|-damage|p1a: Zapdos|53/100
|-damage|p2a: Combusken|66/100|[from] item: Life Orb
|move|p1a: Zapdos|Volt Switch|p2a: Combusken
|-end|p2a: Combusken|Substitute
|-damage|p1a: Zapdos|43/100|[from] item: Life Orb
|
|t:|1769417461
|switch|p1a: Dragonite|Dragonite, F|100/100|[from] Volt Switch
|
|upkeep
|turn|3
|
|t:|1769417474
|switch|p2a: Marill|Marill, F|100/100
|move|p1a: Dragonite|Dragon Dance|p1a: Dragonite
|-boost|p1a: Dragonite|atk|1
|-boost|p1a: Dragonite|spe|1
|
|upkeep
|turn|4
|
|t:|1769417487
|-terastallize|p1a: Dragonite|Normal
|move|p1a: Dragonite|Extreme Speed|p2a: Marill
|-damage|p2a: Marill|46/100
|-enditem|p2a: Marill|Sitrus Berry|[eat]
|-heal|p2a: Marill|71/100|[from] item: Sitrus Berry
|move|p2a: Marill|Ice Spinner|p1a: Dragonite
|-damage|p1a: Dragonite|83/100
|
|upkeep
|turn|5
|
|t:|1769417501
|switch|p2a: Combusken|Combusken, M|66/100
|move|p1a: Dragonite|Extreme Speed|p2a: Combusken
|-immune|p2a: Combusken
|
|upkeep
|turn|6
|
|t:|1769417508
|move|p2a: Combusken|Dark Pulse|p1a: Dragonite
|-damage|p1a: Dragonite|39/100
|-damage|p2a: Combusken|56/100|[from] item: Life Orb
|move|p1a: Dragonite|Earthquake|p2a: Combusken
|-damage|p2a: Combusken|0 fnt
|replace|p2a: Zorua|Zorua-Hisui, F
|-end|p2a: Zorua|Illusion
|faint|p2a: Zorua
|
|upkeep
|
|t:|1769417525
|switch|p2a: Meditite|Meditite, M|100/100
|turn|7
|
|t:|1769417534
|move|p1a: Dragonite|Extreme Speed|p2a: Meditite
|-damage|p2a: Meditite|5/100
|move|p2a: Meditite|Close Combat|p1a: Dragonite
|-supereffective|p1a: Dragonite
|-damage|p1a: Dragonite|0 fnt
|-unboost|p2a: Meditite|def|1
|-unboost|p2a: Meditite|spd|1
|faint|p1a: Dragonite
|
|upkeep
|
|t:|1769417541
|switch|p1a: Pawniard|Pawniard, F|100/100
|turn|8
|c|☆Moongirlll|i switched my original team
|c|☆Moongirlll|and forgot to add lvls in those
|c|☆Moongirlll|pawniard being in the original one was alrdy levelled up
|inactive|Moongirlll has 120 seconds left.
|
|t:|1769417572
|switch|p2a: Combusken|Combusken, M|100/100
|move|p1a: Pawniard|Sucker Punch||[still]
|-fail|p1a: Pawniard
|
|upkeep
|turn|9
|
|t:|1769417585
|switch|p1a: Charmander|Charmander, L5, M|100/100
|move|p2a: Combusken|Close Combat|p1a: Charmander
|-damage|p1a: Charmander|0 fnt
|-unboost|p2a: Combusken|def|1
|-unboost|p2a: Combusken|spd|1
|faint|p1a: Charmander
|
|-ability|p2a: Combusken|Speed Boost|boost
|-boost|p2a: Combusken|spe|1
|upkeep
|
|t:|1769417591
|switch|p1a: Corphish|Corphish, L5, M|100/100
|turn|10
|
|t:|1769417613
|move|p1a: Corphish|Aqua Jet|p2a: Combusken
|-supereffective|p2a: Combusken
|-damage|p2a: Combusken|99/100
|-damage|p1a: Corphish|95/100|[from] item: Life Orb
|move|p2a: Combusken|Thunder Punch|p1a: Corphish
|-supereffective|p1a: Corphish
|-damage|p1a: Corphish|0 fnt
|faint|p1a: Corphish
|
|-ability|p2a: Combusken|Speed Boost|boost
|-boost|p2a: Combusken|spe|1
|upkeep
|
|t:|1769417627
|switch|p1a: Croagunk|Croagunk, L5, M|100/100
|turn|11
|
|t:|1769417641
|move|p1a: Croagunk|Fake Out|p2a: Combusken
|-damage|p2a: Combusken|98/100
|-damage|p1a: Croagunk|91/100|[from] item: Life Orb
|cant|p2a: Combusken|flinch
|
|-ability|p2a: Combusken|Speed Boost|boost
|-boost|p2a: Combusken|spe|1
|upkeep
|turn|12
|
|t:|1769417645
|move|p1a: Croagunk|Sucker Punch|p2a: Combusken
|-resisted|p2a: Combusken
|-damage|p2a: Combusken|98/100
|-damage|p1a: Croagunk|81/100|[from] item: Life Orb
|move|p2a: Combusken|Thunder Punch|p1a: Croagunk
|-damage|p1a: Croagunk|0 fnt
|faint|p1a: Croagunk
|
|-ability|p2a: Combusken|Speed Boost|boost
|-boost|p2a: Combusken|spe|1
|upkeep
|
|t:|1769417648
|switch|p1a: Zapdos|Zapdos|43/100
|turn|13
|
|t:|1769417659
|switch|p2a: Meditite|Meditite, M|5/100
|move|p1a: Zapdos|Hurricane|p2a: Meditite
|-supereffective|p2a: Meditite
|-damage|p2a: Meditite|0 fnt
|faint|p2a: Meditite
|-damage|p1a: Zapdos|33/100|[from] item: Life Orb
|
|upkeep
|
|t:|1769417661
|switch|p2a: Marill|Marill, F|71/100
|turn|14
|c| RUMYMOME|Moon i swear
|
|t:|1769417667
|-terastallize|p2a: Marill|Water
|move|p2a: Marill|Aqua Jet|p1a: Zapdos
|-damage|p1a: Zapdos|0 fnt
|faint|p1a: Zapdos
|
|upkeep
|c|☆Moongirlll|lmao
|
|t:|1769417672
|switch|p1a: Pawniard|Pawniard, F|100/100
|turn|15
|c| RUMYMOME|If u pull this off
|c|☆Moongirlll|nah i cant dw
|
|t:|1769417686
|switch|p2a: Dunsparce|Dunsparce, F|100/100
|move|p1a: Pawniard|Swords Dance|p1a: Pawniard
|-boost|p1a: Pawniard|atk|2
|
|upkeep
|turn|16
|c|☆MEHVISH|she can she is the goat
|
|t:|1769417697
|move|p1a: Pawniard|Iron Head|p2a: Dunsparce
|-damage|p2a: Dunsparce|26/100
|-damage|p1a: Pawniard|91/100|[from] item: Life Orb
|move|p2a: Dunsparce|Earthquake|p1a: Pawniard
|-supereffective|p1a: Pawniard
|-damage|p1a: Pawniard|33/100
|
|-heal|p2a: Dunsparce|32/100|[from] item: Leftovers
|upkeep
|turn|17
|c|☆Moongirlll|yea no life orb kills
|
|t:|1769417712
|move|p1a: Pawniard|Sucker Punch|p2a: Dunsparce
|-damage|p2a: Dunsparce|0 fnt
|faint|p2a: Dunsparce
|-damage|p1a: Pawniard|23/100|[from] item: Life Orb
|
|upkeep
|
|t:|1769417715
|switch|p2a: Combusken|Combusken, M|98/100
|turn|18
|
|t:|1769417717
|move|p1a: Pawniard|Tera Blast|p2a: Combusken
|-damage|p2a: Combusken|73/100
|-damage|p1a: Pawniard|13/100|[from] item: Life Orb
|move|p2a: Combusken|Thunder Punch|p1a: Pawniard
|-damage|p1a: Pawniard|0 fnt
|faint|p1a: Pawniard
|
|win|MEHVISH
|n|☆Moongirlll|moongirlll
|n|☆MEHVISH|mehvish
|n| RUMYMOME|rumymome
|n|*Lady Monita ☃️|ladymonita
