|j|☆kshuaib734
|j|☆R. Caroline
|t:|1769358056
|gametype|singles
|player|p1|kshuaib734|steven|1500
|player|p2|R. Caroline|rocketgruntf|1466
|gen|9
|tier|[Gen 9] OU
|rated|
|rule|HP Percentage Mod: HP is shown in percentages
|rule|Endless Battle Clause: Forcing endless battles is banned
|rule|Species Clause: Limit one of each Pokémon
|rule|OHKO Clause: OHKO moves are banned
|rule|Evasion Items Clause: Evasion items are banned
|rule|Evasion Moves Clause: Evasion moves are banned
|rule|Evasion Abilities Clause: Evasion abilities are banned
|rule|Sleep Moves Clause: Sleep-inducing moves are banned
|clearpoke
|poke|p1|Tyranitar, M|
|poke|p1|Thundurus, M|
|poke|p1|Pelipper, F|
|poke|p1|Quaquaval, F|
|poke|p1|Kingdra, F|
|poke|p1|Excadrill, F|
|poke|p2|Hydreigon, F|
|poke|p2|Ursaluna, M|
|poke|p2|Scyther, M|
|poke|p2|Blastoise, M|
|poke|p2|Umbreon, F|
|poke|p2|Mew|
|teampreview
|inactive|Battle timer is ON: inactive players will automatically lose when time's up. (requested by kshuaib734)
|j| nbj25
|
|t:|1769358073
|teamsize|p1|6
|teamsize|p2|6
|start
|switch|p1a: King Tyrant|Tyranitar, M|100/100
|switch|p2a: Garfield Logan|Scyther, M|100/100
|-weather|Sandstorm|[from] ability: Sand Stream|[of] p1a: King Tyrant
|turn|1
|
|t:|1769358081
|move|p2a: Garfield Logan|U-turn|p1a: King Tyrant
|-supereffective|p1a: King Tyrant
|-damage|p1a: King Tyrant|50/100
|-enditem|p1a: King Tyrant|Weakness Policy
|-boost|p1a: King Tyrant|atk|2|[from] item: Weakness Policy
|-boost|p1a: King Tyrant|spa|2|[from] item: Weakness Policy
|
|t:|1769358086
|switch|p2a: Dinah Laurel Lance|Umbreon, F|100/100|[from] U-turn
|move|p1a: King Tyrant|Stealth Rock|p2a: Dinah Laurel Lance
|-sidestart|p2: R. Caroline|move: Stealth Rock
|
|-weather|Sandstorm|[upkeep]
|-damage|p2a: Dinah Laurel Lance|94/100|[from] Sandstorm
|upkeep
|turn|2
|l| nbj25
|
|t:|1769358092
|move|p2a: Dinah Laurel Lance|Foul Play|p1a: King Tyrant
|-resisted|p1a: King Tyrant
|-damage|p1a: King Tyrant|11/100
|move|p1a: King Tyrant|Low Kick|p2a: Dinah Laurel Lance
|-supereffective|p2a: Dinah Laurel Lance
|-damage|p2a: Dinah Laurel Lance|48/100
|-damage|p1a: King Tyrant|0 fnt|[from] item: Rocky Helmet|[of] p2a: Dinah Laurel Lance
|faint|p1a: King Tyrant
|
|-weather|Sandstorm|[upkeep]
|-damage|p2a: Dinah Laurel Lance|42/100|[from] Sandstorm
|upkeep
|inactive|kshuaib734 has 120 seconds left.
|inactive|kshuaib734 has 90 seconds left.
|
|t:|1769358155
|switch|p1a: Tyrant's Legacy|Excadrill, F|100/100
|turn|3
|
|t:|1769358179
|move|p1a: Tyrant's Legacy|Earthquake|p2a: Dinah Laurel Lance
|-damage|p2a: Dinah Laurel Lance|0 fnt
|faint|p2a: Dinah Laurel Lance
|-damage|p1a: Tyrant's Legacy|91/100|[from] item: Life Orb
|
|-weather|Sandstorm|[upkeep]
|upkeep
|
|t:|1769358189
|switch|p2a: Arthur Curry|Blastoise, M, shiny|100/100
|-damage|p2a: Arthur Curry|88/100|[from] Stealth Rock
|turn|4
|
|t:|1769358197
|move|p2a: Arthur Curry|Fake Out|p1a: Tyrant's Legacy
|-resisted|p1a: Tyrant's Legacy
|-damage|p1a: Tyrant's Legacy|85/100
|cant|p1a: Tyrant's Legacy|flinch
|
|-weather|Sandstorm|[upkeep]
|-damage|p2a: Arthur Curry|82/100|[from] Sandstorm
|-heal|p2a: Arthur Curry|88/100|[from] item: Leftovers
|upkeep
|turn|5
|
|t:|1769358208
|move|p2a: Arthur Curry|Protect|p2a: Arthur Curry
|-singleturn|p2a: Arthur Curry|Protect
|move|p1a: Tyrant's Legacy|Earthquake|p2a: Arthur Curry
|-activate|p2a: Arthur Curry|move: Protect
|
|-weather|none
|-heal|p2a: Arthur Curry|94/100|[from] item: Leftovers
|upkeep
|turn|6
|
|t:|1769358215
|move|p1a: Tyrant's Legacy|Earthquake|p2a: Arthur Curry
|-damage|p2a: Arthur Curry|22/100
|-damage|p1a: Tyrant's Legacy|75/100|[from] item: Life Orb
|move|p2a: Arthur Curry|Rapid Spin|p1a: Tyrant's Legacy
|-resisted|p1a: Tyrant's Legacy
|-damage|p1a: Tyrant's Legacy|68/100
|-boost|p2a: Arthur Curry|spe|1
|-sideend|p2: R. Caroline|Stealth Rock|[from] move: Rapid Spin|[of] p2a: Arthur Curry
|
|-heal|p2a: Arthur Curry|28/100|[from] item: Leftovers
|upkeep
|turn|7
|inactive|kshuaib734 has 120 seconds left.
|
|t:|1769358227
|switch|p1a: Tyrant's Downpour|Pelipper, F|100/100
|-weather|RainDance|[from] ability: Drizzle|[of] p1a: Tyrant's Downpour
|move|p2a: Arthur Curry|Flip Turn|p1a: Tyrant's Downpour
|-resisted|p1a: Tyrant's Downpour
|-damage|p1a: Tyrant's Downpour|90/100
|
|t:|1769358245
|switch|p2a: Moone|Hydreigon, F, shiny|100/100|[from] Flip Turn
|
|-weather|RainDance|[upkeep]
|upkeep
|turn|8
|
|t:|1769358252
|move|p2a: Moone|Dark Pulse|p1a: Tyrant's Downpour
|-damage|p1a: Tyrant's Downpour|9/100
|move|p1a: Tyrant's Downpour|U-turn|p2a: Moone
|-supereffective|p2a: Moone
|-damage|p2a: Moone|80/100
|
|t:|1769358261
|switch|p1a: Tyrant's Enforcer|Thundurus, M|100/100|[from] U-turn
|
|-weather|RainDance|[upkeep]
|upkeep
|turn|9
|
|t:|1769358280
|switch|p2a: Arthur Curry|Blastoise, M, shiny|28/100
|move|p1a: Tyrant's Enforcer|Thunder|p2a: Arthur Curry
|-supereffective|p2a: Arthur Curry
|-damage|p2a: Arthur Curry|0 fnt
|faint|p2a: Arthur Curry
|
|-weather|RainDance|[upkeep]
|upkeep
|
|t:|1769358287
|switch|p2a: Etrigan|Ursaluna, M, shiny|100/100
|turn|10
|
|t:|1769358291
|move|p1a: Tyrant's Enforcer|Weather Ball|p2a: Etrigan
|-immune|p2a: Etrigan|[from] ability: Bulletproof
|move|p2a: Etrigan|Double-Edge|p1a: Tyrant's Enforcer
|-damage|p1a: Tyrant's Enforcer|0 fnt
|faint|p1a: Tyrant's Enforcer
|-damage|p2a: Etrigan|78/100|[from] Recoil
|
|-weather|RainDance|[upkeep]
|upkeep
|
|t:|1769358302
|switch|p1a: Tyrant's Vengeance|Kingdra, F|100/100
|turn|11
|
|t:|1769358321
|-terastallize|p2a: Etrigan|Grass
|move|p1a: Tyrant's Vengeance|Weather Ball|p2a: Etrigan
|-immune|p2a: Etrigan|[from] ability: Bulletproof
|move|p2a: Etrigan|Seed Bomb|p1a: Tyrant's Vengeance
|-damage|p1a: Tyrant's Vengeance|41/100
|
|-weather|RainDance|[upkeep]
|upkeep
|turn|12
|
|t:|1769358332
|move|p1a: Tyrant's Vengeance|Hurricane|p2a: Etrigan
|-supereffective|p2a: Etrigan
|-damage|p2a: Etrigan|29/100
|-damage|p1a: Tyrant's Vengeance|31/100|[from] item: Life Orb
|move|p2a: Etrigan|Seed Bomb|p1a: Tyrant's Vengeance
|-damage|p1a: Tyrant's Vengeance|0 fnt
|faint|p1a: Tyrant's Vengeance
|
|-weather|RainDance|[upkeep]
|upkeep
|
|t:|1769358356
|switch|p1a: Tyrant's Endgame|Quaquaval, F|100/100
|turn|13
|
|t:|1769358375
|move|p1a: Tyrant's Endgame|Wave Crash|p2a: Etrigan
|-resisted|p2a: Etrigan
|-damage|p2a: Etrigan|0 fnt
|faint|p2a: Etrigan
|-damage|p1a: Tyrant's Endgame|87/100|[from] Recoil
|
|-weather|RainDance|[upkeep]
|upkeep
|
|t:|1769358396
|switch|p2a: Garfield Logan|Scyther, M|100/100
|turn|14
|
|t:|1769358402
|-terastallize|p1a: Tyrant's Endgame|Water
|move|p2a: Garfield Logan|Dual Wingbeat|p1a: Tyrant's Endgame
|-damage|p1a: Tyrant's Endgame|49/100
|-damage|p1a: Tyrant's Endgame|11/100
|-hitcount|p1a: Tyrant's Endgame|2
|move|p1a: Tyrant's Endgame|Wave Crash|p2a: Garfield Logan
|-crit|p2a: Garfield Logan
|-damage|p2a: Garfield Logan|0 fnt
|faint|p2a: Garfield Logan
|-damage|p1a: Tyrant's Endgame|0 fnt|[from] Recoil
|faint|p1a: Tyrant's Endgame
|
|-weather|none
|upkeep
|inactive|R. Caroline has 120 seconds left.
|
|t:|1769358423
|switch|p2a: Moone|Hydreigon, F, shiny|80/100
|switch|p1a: Tyrant's Downpour|Pelipper, F|9/100
|-weather|RainDance|[from] ability: Drizzle|[of] p1a: Tyrant's Downpour
|turn|15
|
|t:|1769358436
|move|p2a: Moone|Dark Pulse|p1a: Tyrant's Downpour
|-damage|p1a: Tyrant's Downpour|0 fnt
|faint|p1a: Tyrant's Downpour
|
|-weather|RainDance|[upkeep]
|upkeep
|
|t:|1769358447
|switch|p1a: Tyrant's Legacy|Excadrill, F|68/100
|turn|16
|
|t:|1769358455
|move|p2a: Moone|Dark Pulse|p1a: Tyrant's Legacy
|-damage|p1a: Tyrant's Legacy|0 fnt
|faint|p1a: Tyrant's Legacy
|
|win|R. Caroline
|raw|kshuaib734's rating: 1500 &rarr; <strong>1478</strong><br />(-22 for losing)
|raw|R. Caroline's rating: 1466 &rarr; <strong>1488</strong><br />(+22 for winning)
|l|☆R. Caroline
|player|p2|
|l|☆kshuaib734
|player|p1|
