|j|☆laurez
|j|☆jdois
|t:|1769292631
|gametype|singles
|player|p1|laurez|169|1094
|player|p2|jdois|266|1123
|gen|9
|tier|[Gen 9] OU
|rated|
|rule|HP Percentage Mod: HP is shown in percentages
|rule|Endless Battle Clause: Forcing endless battles is banned
|rule|Species Clause: Limit one of each Pokémon
|rule|OHKO Clause: OHKO moves are banned
|rule|Evasion Items Clause: Evasion items are banned
|rule|Evasion Moves Clause: Evasion moves are banned
|rule|Evasion Abilities Clause: Evasion abilities are banned
|rule|Sleep Moves Clause: Sleep-inducing moves are banned
|clearpoke
|poke|p1|Noivern, M|
|poke|p1|Mew|
|poke|p1|Ting-Lu|
|poke|p1|Gholdengo|
|poke|p1|Clefable, M|
|poke|p1|Ogerpon-Wellspring, F|
|poke|p2|Vileplume, M|
|poke|p2|Tyranitar, M|
|poke|p2|Alomomola, F|
|poke|p2|Torterra, F|
|poke|p2|Grafaiai, F|
|poke|p2|Kleavor, F|
|teampreview
|
|t:|1769292641
|teamsize|p1|6
|teamsize|p2|6
|start
|switch|p1a: Mew|Mew|100/100
|switch|p2a: Torterra|Torterra, F|100/100
|turn|1
|
|t:|1769292652
|switch|p2a: Kleavor|Kleavor, F|100/100
|move|p1a: Mew|Whirlpool|p2a: Kleavor
|-supereffective|p2a: Kleavor
|-damage|p2a: Kleavor|74/100
|-activate|p2a: Kleavor|move: Whirlpool|[of] p1a: Mew
|
|-damage|p2a: Kleavor|62/100|[from] move: Whirlpool|[partiallytrapped]
|upkeep
|turn|2
|inactive|Battle timer is ON: inactive players will automatically lose when time's up. (requested by jdois)
|
|t:|1769292677
|switch|p1a: Clefable|Clefable, M|100/100
|move|p2a: Kleavor|U-turn|p1a: Clefable
|-resisted|p1a: Clefable
|-damage|p1a: Clefable|87/100
|-damage|p2a: Kleavor|45/100|[from] item: Rocky Helmet|[of] p1a: Clefable
|
|t:|1769292686
|switch|p2a: Grafaiai|Grafaiai, F|100/100|[from] U-turn
|
|upkeep
|turn|3
|
|t:|1769292703
|switch|p1a: Gholdengo|Gholdengo|100/100
|move|p2a: Grafaiai|Copycat|p2a: Grafaiai
|move|p2a: Grafaiai|U-turn|p1a: Gholdengo|[from] move: Copycat
|-resisted|p1a: Gholdengo
|-damage|p1a: Gholdengo|95/100
|
|t:|1769292723
|switch|p2a: Tyranitar|Tyranitar, M|100/100|[from] U-turn
|-weather|Sandstorm|[from] ability: Sand Stream|[of] p2a: Tyranitar
|
|-weather|Sandstorm|[upkeep]
|upkeep
|turn|4
|
|t:|1769292739
|switch|p1a: Clefable|Clefable, M|87/100
|move|p2a: Tyranitar|Dark Pulse|p1a: Clefable
|-resisted|p1a: Clefable
|-damage|p1a: Clefable|74/100
|
|-weather|Sandstorm|[upkeep]
|-damage|p1a: Clefable|68/100|[from] Sandstorm
|upkeep
|turn|5
|
|t:|1769292752
|switch|p1a: Ting-Lu|Ting-Lu|100/100
|-ability|p1a: Ting-Lu|Vessel of Ruin
|switch|p2a: Grafaiai|Grafaiai, F|100/100
|
|-weather|Sandstorm|[upkeep]
|-damage|p2a: Grafaiai|95/100|[from] Sandstorm
|upkeep
|turn|6
|
|t:|1769292762
|switch|p2a: Alomomola|Alomomola, F|100/100
|move|p1a: Ting-Lu|Earthquake|p2a: Alomomola
|-crit|p2a: Alomomola
|-damage|p2a: Alomomola|73/100
|
|-weather|Sandstorm|[upkeep]
|-damage|p2a: Alomomola|67/100|[from] Sandstorm
|upkeep
|turn|7
|
|t:|1769292770
|switch|p1a: Ogerpon|Ogerpon-Wellspring, F|100/100
|move|p2a: Alomomola|Wish|p2a: Alomomola
|
|-weather|none
|upkeep
|turn|8
|
|t:|1769292776
|switch|p2a: Vileplume|Vileplume, M|100/100
|move|p1a: Ogerpon|Swords Dance|p1a: Ogerpon
|-boost|p1a: Ogerpon|atk|2
|
|upkeep
|turn|9
|
|t:|1769292782
|-terastallize|p2a: Vileplume|Fire
|move|p1a: Ogerpon|U-turn|p2a: Vileplume
|-resisted|p2a: Vileplume
|-damage|p2a: Vileplume|78/100
|-damage|p1a: Ogerpon|84/100|[from] item: Rocky Helmet|[of] p2a: Vileplume
|
|t:|1769292792
|switch|p1a: Ting-Lu|Ting-Lu|100/100|[from] U-turn
|-ability|p1a: Ting-Lu|Vessel of Ruin
|move|p2a: Vileplume|Sludge Wave|p1a: Ting-Lu
|-resisted|p1a: Ting-Lu
|-damage|p1a: Ting-Lu|94/100
|
|upkeep
|turn|10
|
|t:|1769292807
|switch|p2a: Kleavor|Kleavor, F|45/100
|switch|p1a: Mew|Mew|100/100
|
|upkeep
|turn|11
|
|t:|1769292813
|switch|p1a: Clefable|Clefable, M|68/100
|move|p2a: Kleavor|Stone Axe|p1a: Clefable
|-damage|p1a: Clefable|27/100
|-damage|p2a: Kleavor|29/100|[from] item: Rocky Helmet|[of] p1a: Clefable
|-sidestart|p1: laurez|move: Stealth Rock
|
|upkeep
|turn|12
|
|t:|1769292831
|-terastallize|p1a: Clefable|Steel
|move|p2a: Kleavor|Stone Axe|p1a: Clefable|[miss]
|-miss|p2a: Kleavor|p1a: Clefable
|move|p1a: Clefable|Moonlight|p1a: Clefable
|-heal|p1a: Clefable|77/100
|
|upkeep
|turn|13
|inactive|laurez has 120 seconds left.
|
|t:|1769292862
|switch|p2a: Vileplume|Vileplume, M, tera:Fire|78/100
|switch|p1a: Gholdengo|Gholdengo|95/100
|-damage|p1a: Gholdengo|89/100|[from] Stealth Rock
|
|upkeep
|turn|14
|inactive|laurez has 120 seconds left.
|
|t:|1769292869
|switch|p1a: Ting-Lu|Ting-Lu|94/100
|-damage|p1a: Ting-Lu|87/100|[from] Stealth Rock
|-ability|p1a: Ting-Lu|Vessel of Ruin
|move|p2a: Vileplume|Tera Blast|p1a: Ting-Lu|[anim] Tera Blast Fire
|-damage|p1a: Ting-Lu|75/100
|
|upkeep
|turn|15
|inactive|laurez has 120 seconds left.
|
|t:|1769292882
|move|p2a: Vileplume|Strength Sap|p1a: Ting-Lu
|-unboost|p1a: Ting-Lu|atk|1
|-heal|p2a: Vileplume|100/100
|move|p1a: Ting-Lu|Earthquake|p2a: Vileplume
|-supereffective|p2a: Vileplume
|-damage|p2a: Vileplume|63/100
|
|upkeep
|turn|16
|
|t:|1769292891
|move|p2a: Vileplume|Leech Seed|p1a: Ting-Lu|[miss]
|-miss|p2a: Vileplume|p1a: Ting-Lu
|move|p1a: Ting-Lu|Whirlwind|p2a: Vileplume
|drag|p2a: Torterra|Torterra, F|100/100
|
|upkeep
|turn|17
|
|t:|1769292896
|switch|p1a: Noivern|Noivern, M|100/100
|move|p2a: Torterra|Shell Smash|p2a: Torterra
|-unboost|p2a: Torterra|def|1
|-unboost|p2a: Torterra|spd|1
|-boost|p2a: Torterra|atk|2
|-boost|p2a: Torterra|spa|2
|-boost|p2a: Torterra|spe|2
|-enditem|p2a: Torterra|White Herb
|-clearnegativeboost|p2a: Torterra|[silent]
|
|upkeep
|turn|18
|
|t:|1769292907
|switch|p2a: Tyranitar|Tyranitar, M|100/100
|-weather|Sandstorm|[from] ability: Sand Stream|[of] p2a: Tyranitar
|switch|p1a: Clefable|Clefable, M, tera:Steel|77/100
|-damage|p1a: Clefable|71/100|[from] Stealth Rock
|
|-weather|Sandstorm|[upkeep]
|upkeep
|turn|19
|
|t:|1769292919
|switch|p1a: Ting-Lu|Ting-Lu|75/100
|-damage|p1a: Ting-Lu|68/100|[from] Stealth Rock
|-ability|p1a: Ting-Lu|Vessel of Ruin
|move|p2a: Tyranitar|Flamethrower|p1a: Ting-Lu
|-damage|p1a: Ting-Lu|61/100
|
|-weather|Sandstorm|[upkeep]
|upkeep
|turn|20
|
|t:|1769292928
|switch|p1a: Mew|Mew|100/100
|-damage|p1a: Mew|88/100|[from] Stealth Rock
|move|p2a: Tyranitar|Dragon Tail|p1a: Mew
|-damage|p1a: Mew|75/100
|drag|p1a: Noivern|Noivern, M|100/100
|
|-weather|Sandstorm|[upkeep]
|-damage|p1a: Noivern|94/100|[from] Sandstorm
|upkeep
|turn|21
|
|t:|1769292937
|move|p1a: Noivern|U-turn|p2a: Tyranitar
|-supereffective|p2a: Tyranitar
|-damage|p2a: Tyranitar|82/100
|
|t:|1769292947
|switch|p1a: Clefable|Clefable, M, tera:Steel|71/100|[from] U-turn
|-damage|p1a: Clefable|65/100|[from] Stealth Rock
|move|p2a: Tyranitar|Dragon Tail|p1a: Clefable|[miss]
|-miss|p2a: Tyranitar|p1a: Clefable
|
|-weather|Sandstorm|[upkeep]
|upkeep
|turn|22
|
|t:|1769292954
|move|p1a: Clefable|Moonlight|p1a: Clefable
|-heal|p1a: Clefable|90/100
|move|p2a: Tyranitar|Flamethrower|p1a: Clefable
|-supereffective|p1a: Clefable
|-damage|p1a: Clefable|53/100
|
|-weather|none
|upkeep
|turn|23
|
|t:|1769292967
|switch|p1a: Noivern|Noivern, M|94/100
|move|p2a: Tyranitar|Dragon Tail|p1a: Noivern
|-supereffective|p1a: Noivern
|-damage|p1a: Noivern|50/100
|drag|p1a: Gholdengo|Gholdengo|89/100
|-damage|p1a: Gholdengo|83/100|[from] Stealth Rock
|
|upkeep
|turn|24
|
|t:|1769292975
|move|p1a: Gholdengo|Make It Rain|p2a: Tyranitar
|-supereffective|p2a: Tyranitar
|-damage|p2a: Tyranitar|29/100
|-unboost|p1a: Gholdengo|spa|1
|move|p2a: Tyranitar|Dark Pulse|p1a: Gholdengo
|-supereffective|p1a: Gholdengo
|-damage|p1a: Gholdengo|18/100
|
|upkeep
|turn|25
|
|t:|1769292983
|switch|p2a: Alomomola|Alomomola, F|100/100
|move|p1a: Gholdengo|Make It Rain|p2a: Alomomola
|-resisted|p2a: Alomomola
|-damage|p2a: Alomomola|73/100
|-unboost|p1a: Gholdengo|spa|1
|
|upkeep
|turn|26
|
|t:|1769292986
|switch|p1a: Noivern|Noivern, M|50/100
|move|p2a: Alomomola|Wish|p2a: Alomomola
|
|upkeep
|turn|27
|
|t:|1769292990
|move|p1a: Noivern|Defog|p2a: Alomomola
|-unboost|p2a: Alomomola|evasion|1
|-sideend|p1: laurez|Stealth Rock|[from] move: Defog|[of] p1a: Noivern
|move|p2a: Alomomola|Flip Turn|p1a: Noivern
|-resisted|p1a: Noivern
|-damage|p1a: Noivern|40/100
|
|t:|1769292997
|switch|p2a: Kleavor|Kleavor, F|29/100|[from] Flip Turn
|
|-heal|p2a: Kleavor|100/100|[from] move: Wish|[wisher] Alomomola
|upkeep
|turn|28
|inactive|laurez has 120 seconds left.
|
|t:|1769293032
|move|p2a: Kleavor|Stone Axe|p1a: Noivern
|-supereffective|p1a: Noivern
|-damage|p1a: Noivern|0 fnt
|-sidestart|p1: laurez|move: Stealth Rock
|faint|p1a: Noivern
|
|upkeep
|
|t:|1769293047
|switch|p1a: Ogerpon|Ogerpon-Wellspring, F|84/100
|-damage|p1a: Ogerpon|72/100|[from] Stealth Rock
|turn|29
|
|t:|1769293059
|switch|p2a: Grafaiai|Grafaiai, F|95/100
|move|p1a: Ogerpon|Swords Dance|p1a: Ogerpon
|-boost|p1a: Ogerpon|atk|2
|-enditem|p2a: Grafaiai|Mirror Herb
|-boost|p2a: Grafaiai|atk|2|[from] item: Mirror Herb
|
|upkeep
|turn|30
|
|t:|1769293074
|move|p2a: Grafaiai|Encore|p1a: Ogerpon
|-start|p1a: Ogerpon|Encore
|move|p1a: Ogerpon|Swords Dance|p1a: Ogerpon
|-boost|p1a: Ogerpon|atk|2
|
|upkeep
|turn|31
|
|t:|1769293082
|move|p2a: Grafaiai|Copycat|p2a: Grafaiai
|move|p2a: Grafaiai|Swords Dance|p2a: Grafaiai|[from] move: Copycat
|-boost|p2a: Grafaiai|atk|2
|move|p1a: Ogerpon|Swords Dance|p1a: Ogerpon
|-boost|p1a: Ogerpon|atk|2
|
|upkeep
|turn|32
|
|t:|1769293086
|move|p2a: Grafaiai|Double-Edge|p1a: Ogerpon
|-crit|p1a: Ogerpon
|-damage|p1a: Ogerpon|0 fnt
|faint|p1a: Ogerpon
|-damage|p2a: Grafaiai|68/100|[from] Recoil
|
|upkeep
|
|t:|1769293092
|switch|p1a: Ting-Lu|Ting-Lu|61/100
|-damage|p1a: Ting-Lu|54/100|[from] Stealth Rock
|-ability|p1a: Ting-Lu|Vessel of Ruin
|turn|33
|
|t:|1769293095
|move|p2a: Grafaiai|Double-Edge|p1a: Ting-Lu
|-damage|p1a: Ting-Lu|0 fnt
|faint|p1a: Ting-Lu
|-damage|p2a: Grafaiai|34/100|[from] Recoil
|
|upkeep
|
|t:|1769293099
|switch|p1a: Gholdengo|Gholdengo|18/100
|-damage|p1a: Gholdengo|12/100|[from] Stealth Rock
|turn|34
|
|t:|1769293109
|switch|p2a: Alomomola|Alomomola, F|100/100
|move|p1a: Gholdengo|Tera Blast|p2a: Alomomola
|-damage|p2a: Alomomola|68/100
|
|upkeep
|turn|35
|
|t:|1769293114
|switch|p1a: Mew|Mew|75/100
|-damage|p1a: Mew|63/100|[from] Stealth Rock
|move|p2a: Alomomola|Wish|p2a: Alomomola
|
|-heal|p1a: Mew|69/100|[from] item: Leftovers
|upkeep
|turn|36
|
|t:|1769293120
|move|p1a: Mew|Toxic Spikes|p2a: Alomomola
|-sidestart|p2: jdois|move: Toxic Spikes
|move|p2a: Alomomola|Flip Turn|p1a: Mew
|-damage|p1a: Mew|59/100
|
|t:|1769293127
|switch|p2a: Grafaiai|Grafaiai, F|34/100|[from] Flip Turn
|-sideend|p2: jdois|move: Toxic Spikes|[of] p2a: Grafaiai
|
|-heal|p2a: Grafaiai|100/100|[from] move: Wish|[wisher] Alomomola
|-heal|p1a: Mew|65/100|[from] item: Leftovers
|upkeep
|turn|37
|
|t:|1769293133
|move|p2a: Grafaiai|Copycat|p2a: Grafaiai
|move|p2a: Grafaiai|Flip Turn|p1a: Mew|[from] move: Copycat
|-damage|p1a: Mew|52/100
|
|t:|1769293138
|switch|p2a: Alomomola|Alomomola, F|100/100|[from] Flip Turn
|move|p1a: Mew|Stealth Rock|p2a: Alomomola
|-sidestart|p2: jdois|move: Stealth Rock
|
|-heal|p1a: Mew|58/100|[from] item: Leftovers
|upkeep
|turn|38
|
|t:|1769293144
|move|p1a: Mew|Spikes|p2a: Alomomola
|-sidestart|p2: jdois|Spikes
|move|p2a: Alomomola|Wish|p2a: Alomomola
|
|-heal|p1a: Mew|64/100|[from] item: Leftovers
|upkeep
|turn|39
|
|t:|1769293148
|move|p1a: Mew|Spikes|p2a: Alomomola
|-sidestart|p2: jdois|Spikes
|move|p2a: Alomomola|Flip Turn|p1a: Mew
|-damage|p1a: Mew|54/100
|
|t:|1769293153
|switch|p2a: Tyranitar|Tyranitar, M|29/100|[from] Flip Turn
|-damage|p2a: Tyranitar|16/100|[from] Stealth Rock
|-damage|p2a: Tyranitar|0 fnt|[from] Spikes
|faint|p2a: Tyranitar
|
|-heal|p1a: Mew|61/100|[from] item: Leftovers
|upkeep
|
|t:|1769293161
|switch|p2a: Kleavor|Kleavor, F|100/100
|-damage|p2a: Kleavor|76/100|[from] Stealth Rock
|-damage|p2a: Kleavor|59/100|[from] Spikes
|turn|40
|
|t:|1769293169
|move|p2a: Kleavor|U-turn|p1a: Mew
|-supereffective|p1a: Mew
|-damage|p1a: Mew|3/100
|
|t:|1769293180
|switch|p2a: Alomomola|Alomomola, F|100/100|[from] U-turn
|-damage|p2a: Alomomola|88/100|[from] Stealth Rock
|-damage|p2a: Alomomola|71/100|[from] Spikes
|move|p1a: Mew|Whirlpool|p2a: Alomomola
|-resisted|p2a: Alomomola
|-damage|p2a: Alomomola|67/100
|-activate|p2a: Alomomola|move: Whirlpool|[of] p1a: Mew
|
|-heal|p1a: Mew|9/100|[from] item: Leftovers
|-damage|p2a: Alomomola|55/100|[from] move: Whirlpool|[partiallytrapped]
|upkeep
|turn|41
|
|t:|1769293190
|move|p1a: Mew|Spikes|p2a: Alomomola
|-sidestart|p2: jdois|Spikes
|move|p2a: Alomomola|Flip Turn|p1a: Mew
|-damage|p1a: Mew|0 fnt
|faint|p1a: Mew
|
|t:|1769293195
|switch|p2a: Torterra|Torterra, F|100/100|[from] Flip Turn
|-damage|p2a: Torterra|94/100|[from] Stealth Rock
|-damage|p2a: Torterra|70/100|[from] Spikes
|
|upkeep
|
|t:|1769293200
|switch|p1a: Clefable|Clefable, M, tera:Steel|53/100
|-damage|p1a: Clefable|47/100|[from] Stealth Rock
|turn|42
|
|t:|1769293205
|move|p2a: Torterra|Shell Smash|p2a: Torterra
|-unboost|p2a: Torterra|def|1
|-unboost|p2a: Torterra|spd|1
|-boost|p2a: Torterra|atk|2
|-boost|p2a: Torterra|spa|2
|-boost|p2a: Torterra|spe|2
|move|p1a: Clefable|Moonlight|p1a: Clefable
|-heal|p1a: Clefable|97/100
|
|upkeep
|turn|43
|
|t:|1769293207
|move|p2a: Torterra|Earth Power|p1a: Clefable
|-supereffective|p1a: Clefable
|-damage|p1a: Clefable|40/100
|move|p1a: Clefable|Flamethrower|p2a: Torterra
|-supereffective|p2a: Torterra
|-crit|p2a: Torterra
|-damage|p2a: Torterra|1/100
|
|upkeep
|turn|44
|
|t:|1769293214
|move|p2a: Torterra|Earth Power|p1a: Clefable
|-supereffective|p1a: Clefable
|-damage|p1a: Clefable|0 fnt
|faint|p1a: Clefable
|
|upkeep
|
|t:|1769293217
|switch|p1a: Gholdengo|Gholdengo|12/100
|-damage|p1a: Gholdengo|6/100|[from] Stealth Rock
|turn|45
|
|t:|1769293223
|move|p2a: Torterra|Giga Drain|p1a: Gholdengo
|-resisted|p1a: Gholdengo
|-damage|p1a: Gholdengo|0 fnt
|-heal|p2a: Torterra|4/100|[from] drain|[of] p1a: Gholdengo
|faint|p1a: Gholdengo
|
|win|jdois
|raw|laurez's rating: 1094 &rarr; <strong>1072</strong><br />(-22 for losing)
|raw|jdois's rating: 1123 &rarr; <strong>1146</strong><br />(+23 for winning)
