|j|☆pepinoloko
|j|☆apexacer
|t:|1769442002
|gametype|singles
|player|p1|pepinoloko|byron|1584
|player|p2|apexacer|2|1615
|gen|9
|tier|[Gen 9] OU
|rated|
|rule|HP Percentage Mod: HP is shown in percentages
|rule|Endless Battle Clause: Forcing endless battles is banned
|rule|Species Clause: Limit one of each Pokémon
|rule|OHKO Clause: OHKO moves are banned
|rule|Evasion Items Clause: Evasion items are banned
|rule|Evasion Moves Clause: Evasion moves are banned
|rule|Evasion Abilities Clause: Evasion abilities are banned
|rule|Sleep Moves Clause: Sleep-inducing moves are banned
|clearpoke
|poke|p1|Cinderace, M|
|poke|p1|Landorus-Therian, M|
|poke|p1|Conkeldurr, F|
|poke|p1|Toxapex, M|
|poke|p1|Zapdos|
|poke|p1|Grimmsnarl, M|
|poke|p2|Indeedee, M|
|poke|p2|Kingambit, F|
|poke|p2|Polteageist|
|poke|p2|Grimmsnarl, M|
|poke|p2|Great Tusk|
|poke|p2|Kyurem|
|teampreview
|inactive|Battle timer is ON: inactive players will automatically lose when time's up. (requested by apexacer)
|
|t:|1769442033
|teamsize|p1|6
|teamsize|p2|6
|start
|switch|p1a: U-Turn from sin|Cinderace, M|100/100
|switch|p2a: Great Tusk|Great Tusk|100/100
|turn|1
|
|t:|1769442046
|move|p1a: U-Turn from sin|U-turn|p2a: Great Tusk
|-start|p1a: U-Turn from sin|typechange|Bug|[from] ability: Libero
|-resisted|p2a: Great Tusk
|-damage|p2a: Great Tusk|88/100
|-damage|p1a: U-Turn from sin|84/100|[from] item: Rocky Helmet|[of] p2a: Great Tusk
|
|t:|1769442050
|switch|p1a: return to Him|Zapdos|100/100|[from] U-turn
|move|p2a: Great Tusk|Headlong Rush|p1a: return to Him
|-immune|p1a: return to Him
|
|upkeep
|turn|2
|
|t:|1769442056
|-end|p2a: Great Tusk|Protosynthesis|[silent]
|switch|p2a: Kyurem|Kyurem|100/100
|-ability|p2a: Kyurem|Pressure
|move|p1a: return to Him|Hurricane|p2a: Kyurem
|-damage|p2a: Kyurem|54/100
|
|upkeep
|turn|3
|
|t:|1769442064
|switch|p1a: U-Turn from sin|Cinderace, M|84/100
|move|p2a: Kyurem|Freeze-Dry|p1a: U-Turn from sin
|-resisted|p1a: U-Turn from sin
|-damage|p1a: U-Turn from sin|55/100
|
|upkeep
|turn|4
|
|t:|1769442069
|switch|p2a: Grimmsnarl|Grimmsnarl, M|100/100
|move|p1a: U-Turn from sin|U-turn|p2a: Grimmsnarl
|-start|p1a: U-Turn from sin|typechange|Bug|[from] ability: Libero
|-damage|p2a: Grimmsnarl|55/100
|
|t:|1769442089
|switch|p1a: Be free|Conkeldurr, F, shiny|100/100|[from] U-turn
|
|-status|p1a: Be free|brn|[from] item: Flame Orb
|upkeep
|turn|5
|
|t:|1769442094
|move|p2a: Grimmsnarl|Reflect|p2a: Grimmsnarl
|-sidestart|p2: apexacer|Reflect
|move|p1a: Be free|Close Combat|p2a: Grimmsnarl
|-damage|p2a: Grimmsnarl|0 fnt
|-unboost|p1a: Be free|def|1
|-unboost|p1a: Be free|spd|1
|faint|p2a: Grimmsnarl
|
|-damage|p1a: Be free|95/100 brn|[from] brn
|upkeep
|
|t:|1769442099
|switch|p2a: Polteageist|Polteageist|100/100
|turn|6
|
|t:|1769442103
|switch|p1a: Love has a name|Grimmsnarl, M|100/100
|move|p2a: Polteageist|Shell Smash|p2a: Polteageist
|-unboost|p2a: Polteageist|def|1
|-unboost|p2a: Polteageist|spd|1
|-boost|p2a: Polteageist|atk|2
|-boost|p2a: Polteageist|spa|2
|-boost|p2a: Polteageist|spe|2
|-enditem|p2a: Polteageist|White Herb
|-clearnegativeboost|p2a: Polteageist|[silent]
|
|upkeep
|turn|7
|
|t:|1769442121
|-terastallize|p2a: Polteageist|Fighting
|move|p1a: Love has a name|Trick|p2a: Polteageist
|-activate|p1a: Love has a name|move: Trick|[of] p2a: Polteageist
|-item|p2a: Polteageist|Choice Scarf|[from] move: Trick
|-enditem|p1a: Love has a name|Choice Scarf|[silent]|[from] move: Trick
|move|p2a: Polteageist|Tera Blast|p1a: Love has a name|[anim] Tera Blast Fighting
|-damage|p1a: Love has a name|0 fnt
|faint|p1a: Love has a name
|
|upkeep
|
|t:|1769442130
|switch|p1a: Quiet Desperation|Toxapex, M, shiny|100/100
|turn|8
|
|t:|1769442134
|move|p2a: Polteageist|Tera Blast|p1a: Quiet Desperation|[anim] Tera Blast Fighting
|-resisted|p1a: Quiet Desperation
|-damage|p1a: Quiet Desperation|69/100
|move|p1a: Quiet Desperation|Toxic|p2a: Polteageist
|-status|p2a: Polteageist|tox
|
|-heal|p1a: Quiet Desperation|75/100|[from] item: Leftovers
|-damage|p2a: Polteageist|94/100 tox|[from] psn
|upkeep
|turn|9
|
|t:|1769442144
|move|p2a: Polteageist|Tera Blast|p1a: Quiet Desperation|[anim] Tera Blast Fighting
|-resisted|p1a: Quiet Desperation
|-damage|p1a: Quiet Desperation|42/100
|move|p1a: Quiet Desperation|Toxic|p2a: Polteageist
|-fail|p2a: Polteageist|tox
|
|-heal|p1a: Quiet Desperation|48/100|[from] item: Leftovers
|-damage|p2a: Polteageist|82/100 tox|[from] psn
|upkeep
|turn|10
|
|t:|1769442150
|move|p2a: Polteageist|Tera Blast|p1a: Quiet Desperation|[anim] Tera Blast Fighting
|-resisted|p1a: Quiet Desperation
|-damage|p1a: Quiet Desperation|15/100
|move|p1a: Quiet Desperation|Recover|p1a: Quiet Desperation
|-heal|p1a: Quiet Desperation|65/100
|
|-heal|p1a: Quiet Desperation|72/100|[from] item: Leftovers
|-damage|p2a: Polteageist|64/100 tox|[from] psn
|upkeep
|turn|11
|
|t:|1769442159
|move|p2a: Polteageist|Tera Blast|p1a: Quiet Desperation|[anim] Tera Blast Fighting
|-resisted|p1a: Quiet Desperation
|-damage|p1a: Quiet Desperation|41/100
|move|p1a: Quiet Desperation|Recover|p1a: Quiet Desperation
|-heal|p1a: Quiet Desperation|91/100
|
|-heal|p1a: Quiet Desperation|97/100|[from] item: Leftovers
|-damage|p2a: Polteageist|39/100 tox|[from] psn
|upkeep
|turn|12
|
|t:|1769442169
|move|p1a: Quiet Desperation|Baneful Bunker|p1a: Quiet Desperation
|-singleturn|p1a: Quiet Desperation|move: Protect
|move|p2a: Polteageist|Tera Blast|p1a: Quiet Desperation|[anim] Tera Blast Fighting
|-activate|p1a: Quiet Desperation|move: Protect
|
|-heal|p1a: Quiet Desperation|100/100|[from] item: Leftovers
|-damage|p2a: Polteageist|9/100 tox|[from] psn
|-sideend|p2: apexacer|Reflect
|upkeep
|turn|13
|
|t:|1769442177
|move|p2a: Polteageist|Tera Blast|p1a: Quiet Desperation|[anim] Tera Blast Fighting
|-resisted|p1a: Quiet Desperation
|-damage|p1a: Quiet Desperation|71/100
|move|p1a: Quiet Desperation|Recover|p1a: Quiet Desperation
|-heal|p1a: Quiet Desperation|100/100
|
|-damage|p2a: Polteageist|0 fnt|[from] psn
|faint|p2a: Polteageist
|upkeep
|
|t:|1769442193
|switch|p2a: Great Tusk|Great Tusk|88/100
|turn|14
|
|t:|1769442196
|move|p2a: Great Tusk|Stealth Rock|p1a: Quiet Desperation
|-sidestart|p1: pepinoloko|move: Stealth Rock
|move|p1a: Quiet Desperation|Toxic|p2a: Great Tusk
|-status|p2a: Great Tusk|tox
|
|-damage|p2a: Great Tusk|81/100 tox|[from] psn
|upkeep
|turn|15
|
|t:|1769442201
|-end|p2a: Great Tusk|Protosynthesis|[silent]
|switch|p2a: Kingambit|Kingambit, F|100/100
|-activate|p2a: Kingambit|ability: Supreme Overlord
|-start|p2a: Kingambit|fallen2|[silent]
|move|p1a: Quiet Desperation|Baneful Bunker||[still]
|-fail|p1a: Quiet Desperation
|
|upkeep
|turn|16
|
|t:|1769442205
|switch|p1a: return to Him|Zapdos|100/100
|move|p2a: Kingambit|Swords Dance|p2a: Kingambit
|-boost|p2a: Kingambit|atk|2
|
|upkeep
|turn|17
|
|t:|1769442214
|move|p2a: Kingambit|Sucker Punch|p1a: return to Him
|-damage|p1a: return to Him|10/100
|move|p1a: return to Him|Discharge|p2a: Kingambit
|-damage|p2a: Kingambit|67/100
|-status|p2a: Kingambit|par
|
|upkeep
|turn|18
|
|t:|1769442221
|move|p1a: return to Him|Discharge|p2a: Kingambit
|-damage|p2a: Kingambit|36/100 par
|move|p2a: Kingambit|Kowtow Cleave|p1a: return to Him
|-damage|p1a: return to Him|0 fnt
|faint|p1a: return to Him
|
|upkeep
|
|t:|1769442225
|switch|p1a: U-Turn from sin|Cinderace, M|55/100
|turn|19
|
|t:|1769442229
|cant|p2a: Kingambit|par
|move|p1a: U-Turn from sin|Pyro Ball|p2a: Kingambit
|-supereffective|p2a: Kingambit
|-damage|p2a: Kingambit|0 fnt
|faint|p2a: Kingambit
|-end|p2a: Kingambit|fallen2|[silent]
|
|upkeep
|
|t:|1769442235
|switch|p2a: Kyurem|Kyurem|54/100
|-ability|p2a: Kyurem|Pressure
|turn|20
|
|t:|1769442240
|move|p2a: Kyurem|Draco Meteor|p1a: U-Turn from sin
|-damage|p1a: U-Turn from sin|0 fnt
|-unboost|p2a: Kyurem|spa|2
|faint|p1a: U-Turn from sin
|
|upkeep
|
|t:|1769442245
|switch|p1a: Be free|Conkeldurr, F, shiny|95/100 brn
|-damage|p1a: Be free|89/100 brn|[from] Stealth Rock
|turn|21
|
|t:|1769442251
|switch|p2a: Great Tusk|Great Tusk|81/100 tox
|move|p1a: Be free|Drain Punch|p2a: Great Tusk
|-damage|p2a: Great Tusk|31/100 tox
|-heal|p1a: Be free|100/100 brn|[from] drain|[of] p2a: Great Tusk
|-damage|p1a: Be free|84/100 brn|[from] item: Rocky Helmet|[of] p2a: Great Tusk
|
|-damage|p2a: Great Tusk|25/100 tox|[from] psn
|-damage|p1a: Be free|78/100 brn|[from] brn
|upkeep
|turn|22
|
|t:|1769442259
|switch|p1a: Quiet Desperation|Toxapex, M, shiny|100/100
|-damage|p1a: Quiet Desperation|88/100|[from] Stealth Rock
|move|p2a: Great Tusk|Close Combat|p1a: Quiet Desperation
|-resisted|p1a: Quiet Desperation
|-damage|p1a: Quiet Desperation|64/100
|-unboost|p2a: Great Tusk|def|1
|-unboost|p2a: Great Tusk|spd|1
|
|-heal|p1a: Quiet Desperation|71/100|[from] item: Leftovers
|-damage|p2a: Great Tusk|12/100 tox|[from] psn
|upkeep
|turn|23
|
|t:|1769442263
|switch|p1a: God is always good|Landorus-Therian, M|100/100
|-damage|p1a: God is always good|88/100|[from] Stealth Rock
|-ability|p1a: God is always good|Intimidate|boost
|-unboost|p2a: Great Tusk|atk|1
|move|p2a: Great Tusk|Headlong Rush|p1a: God is always good
|-immune|p1a: God is always good
|
|-damage|p2a: Great Tusk|0 fnt|[from] psn
|faint|p2a: Great Tusk
|-end|p2a: Great Tusk|Protosynthesis|[silent]
|upkeep
|
|t:|1769442272
|switch|p2a: Indeedee|Indeedee, M|100/100
|-fieldstart|move: Psychic Terrain|[from] ability: Psychic Surge|[of] p2a: Indeedee
|turn|24
|
|t:|1769442276
|move|p2a: Indeedee|Expanding Force|p1a: God is always good
|-damage|p1a: God is always good|0 fnt
|faint|p1a: God is always good
|
|upkeep
|
|t:|1769442281
|switch|p1a: Quiet Desperation|Toxapex, M, shiny|100/100
|-damage|p1a: Quiet Desperation|88/100|[from] Stealth Rock
|turn|25
|
|t:|1769442284
|move|p1a: Quiet Desperation|Baneful Bunker|p1a: Quiet Desperation
|-singleturn|p1a: Quiet Desperation|move: Protect
|move|p2a: Indeedee|Expanding Force|p1a: Quiet Desperation
|-activate|p1a: Quiet Desperation|move: Protect
|
|-heal|p1a: Quiet Desperation|94/100|[from] item: Leftovers
|upkeep
|turn|26
|
|t:|1769442287
|-terastallize|p1a: Quiet Desperation|Ground
|move|p2a: Indeedee|Expanding Force|p1a: Quiet Desperation
|-damage|p1a: Quiet Desperation|46/100
|move|p1a: Quiet Desperation|Toxic|p2a: Indeedee
|-status|p2a: Indeedee|tox
|
|-heal|p1a: Quiet Desperation|52/100|[from] item: Leftovers
|-damage|p2a: Indeedee|94/100 tox|[from] psn
|upkeep
|turn|27
|
|t:|1769442293
|switch|p2a: Kyurem|Kyurem|54/100
|-ability|p2a: Kyurem|Pressure
|move|p1a: Quiet Desperation|Recover|p1a: Quiet Desperation
|-heal|p1a: Quiet Desperation|100/100
|
|upkeep
|turn|28
|
|t:|1769442299
|move|p1a: Quiet Desperation|Baneful Bunker|p1a: Quiet Desperation
|-singleturn|p1a: Quiet Desperation|move: Protect
|move|p2a: Kyurem|Freeze-Dry|p1a: Quiet Desperation
|-activate|p1a: Quiet Desperation|move: Protect
|
|-fieldend|move: Psychic Terrain
|upkeep
|turn|29
|
|t:|1769442302
|move|p2a: Kyurem|Freeze-Dry|p1a: Quiet Desperation
|-supereffective|p1a: Quiet Desperation
|-damage|p1a: Quiet Desperation|43/100
|move|p1a: Quiet Desperation|Toxic|p2a: Kyurem
|-status|p2a: Kyurem|tox
|
|-heal|p1a: Quiet Desperation|49/100|[from] item: Leftovers
|-damage|p2a: Kyurem|48/100 tox|[from] psn
|upkeep
|turn|30
|
|t:|1769442307
|move|p1a: Quiet Desperation|Baneful Bunker|p1a: Quiet Desperation
|-singleturn|p1a: Quiet Desperation|move: Protect
|move|p2a: Kyurem|Freeze-Dry|p1a: Quiet Desperation
|-activate|p1a: Quiet Desperation|move: Protect
|
|-heal|p1a: Quiet Desperation|55/100|[from] item: Leftovers
|-damage|p2a: Kyurem|36/100 tox|[from] psn
|upkeep
|turn|31
|
|t:|1769442312
|switch|p1a: Be free|Conkeldurr, F, shiny|78/100 brn
|-damage|p1a: Be free|72/100 brn|[from] Stealth Rock
|move|p2a: Kyurem|Freeze-Dry|p1a: Be free
|-damage|p1a: Be free|14/100 brn
|
|-damage|p2a: Kyurem|18/100 tox|[from] psn
|-damage|p1a: Be free|8/100 brn|[from] brn
|upkeep
|turn|32
|
|t:|1769442316
|move|p1a: Be free|Mach Punch|p2a: Kyurem
|-supereffective|p2a: Kyurem
|-damage|p2a: Kyurem|0 fnt
|faint|p2a: Kyurem
|
|-damage|p1a: Be free|2/100 brn|[from] brn
|upkeep
|
|t:|1769442320
|switch|p2a: Indeedee|Indeedee, M|94/100 tox
|-fieldstart|move: Psychic Terrain|[from] ability: Psychic Surge|[of] p2a: Indeedee
|turn|33
|
|t:|1769442325
|move|p2a: Indeedee|Expanding Force|p1a: Be free
|-supereffective|p1a: Be free
|-damage|p1a: Be free|0 fnt
|faint|p1a: Be free
|
|-damage|p2a: Indeedee|88/100 tox|[from] psn
|upkeep
|
|t:|1769442327
|switch|p1a: Quiet Desperation|Toxapex, M, shiny, tera:Ground|88/100
|-damage|p1a: Quiet Desperation|82/100|[from] Stealth Rock
|turn|34
|
|t:|1769442330
|move|p1a: Quiet Desperation|Baneful Bunker|p1a: Quiet Desperation
|-singleturn|p1a: Quiet Desperation|move: Protect
|move|p2a: Indeedee|Expanding Force|p1a: Quiet Desperation
|-activate|p1a: Quiet Desperation|move: Protect
|
|-heal|p1a: Quiet Desperation|88/100|[from] item: Leftovers
|-damage|p2a: Indeedee|76/100 tox|[from] psn
|upkeep
|turn|35
|
|t:|1769442333
|move|p2a: Indeedee|Expanding Force|p1a: Quiet Desperation
|-damage|p1a: Quiet Desperation|39/100
|move|p1a: Quiet Desperation|Recover|p1a: Quiet Desperation
|-heal|p1a: Quiet Desperation|89/100
|
|-heal|p1a: Quiet Desperation|95/100|[from] item: Leftovers
|-damage|p2a: Indeedee|58/100 tox|[from] psn
|upkeep
|turn|36
|
|t:|1769442340
|move|p1a: Quiet Desperation|Baneful Bunker|p1a: Quiet Desperation
|-singleturn|p1a: Quiet Desperation|move: Protect
|move|p2a: Indeedee|Expanding Force|p1a: Quiet Desperation
|-activate|p1a: Quiet Desperation|move: Protect
|
|-heal|p1a: Quiet Desperation|100/100|[from] item: Leftovers
|-damage|p2a: Indeedee|33/100 tox|[from] psn
|upkeep
|turn|37
|
|t:|1769442345
|move|p2a: Indeedee|Expanding Force|p1a: Quiet Desperation
|-damage|p1a: Quiet Desperation|49/100
|move|p1a: Quiet Desperation|Recover|p1a: Quiet Desperation
|-heal|p1a: Quiet Desperation|99/100
|
|-heal|p1a: Quiet Desperation|100/100|[from] item: Leftovers
|-damage|p2a: Indeedee|2/100 tox|[from] psn
|-fieldend|move: Psychic Terrain
|upkeep
|turn|38
|
|t:|1769442350
|move|p1a: Quiet Desperation|Baneful Bunker|p1a: Quiet Desperation
|-singleturn|p1a: Quiet Desperation|move: Protect
|move|p2a: Indeedee|Expanding Force|p1a: Quiet Desperation
|-activate|p1a: Quiet Desperation|move: Protect
|
|-damage|p2a: Indeedee|0 fnt|[from] psn
|faint|p2a: Indeedee
|
|win|pepinoloko
|raw|pepinoloko's rating: 1584 &rarr; <strong>1606</strong><br />(+22 for winning)
|raw|apexacer's rating: 1615 &rarr; <strong>1593</strong><br />(-22 for losing)
|l|☆pepinoloko
|player|p1|
|l|☆apexacer
|player|p2|
