|j|☆TangelaMerkel7
|j|☆davlard
|t:|1769309684
|gametype|singles
|player|p1|TangelaMerkel7|n|1126
|player|p2|davlard|hilbert|1190
|gen|9
|tier|[Gen 9] OU
|rated|
|rule|HP Percentage Mod: HP is shown in percentages
|rule|Endless Battle Clause: Forcing endless battles is banned
|rule|Species Clause: Limit one of each Pokémon
|rule|OHKO Clause: OHKO moves are banned
|rule|Evasion Items Clause: Evasion items are banned
|rule|Evasion Moves Clause: Evasion moves are banned
|rule|Evasion Abilities Clause: Evasion abilities are banned
|rule|Sleep Moves Clause: Sleep-inducing moves are banned
|clearpoke
|poke|p1|Cinderace, F|
|poke|p1|Heracross, F|
|poke|p1|Gengar, F|
|poke|p1|Gholdengo|
|poke|p1|Zangoose, M|
|poke|p1|Luxray, F|
|poke|p2|Comfey, F|
|poke|p2|Tinkaton, F|
|poke|p2|Great Tusk|
|poke|p2|Rotom-Wash|
|poke|p2|Hydreigon, M|
|poke|p2|Rillaboom, M|
|teampreview
|inactive|Battle timer is ON: inactive players will automatically lose when time's up. (requested by TangelaMerkel7)
|
|t:|1769309692
|teamsize|p1|6
|teamsize|p2|6
|start
|switch|p1a: Gorgonzola|Gengar, F|100/100
|switch|p2a: Tinkaton|Tinkaton, F, shiny|100/100
|-item|p2a: Tinkaton|Air Balloon
|turn|1
|
|t:|1769309704
|move|p1a: Gorgonzola|Toxic Spikes|p2a: Tinkaton
|-sidestart|p2: davlard|move: Toxic Spikes
|move|p2a: Tinkaton|Stealth Rock|p1a: Gorgonzola
|-sidestart|p1: TangelaMerkel7|move: Stealth Rock
|
|upkeep
|turn|2
|
|t:|1769309718
|move|p1a: Gorgonzola|Shadow Ball|p2a: Tinkaton
|-damage|p2a: Tinkaton|54/100
|-enditem|p2a: Tinkaton|Air Balloon
|move|p2a: Tinkaton|Gigaton Hammer|p1a: Gorgonzola
|-enditem|p1a: Gorgonzola|Focus Sash
|-damage|p1a: Gorgonzola|1/100
|-start|p2a: Tinkaton|Disable|Gigaton Hammer|[from] ability: Cursed Body|[of] p1a: Gorgonzola
|
|upkeep
|turn|3
|
|t:|1769309730
|switch|p2a: Great Tusk|Great Tusk|100/100
|move|p1a: Gorgonzola|Destiny Bond|p1a: Gorgonzola
|-singlemove|p1a: Gorgonzola|Destiny Bond
|
|upkeep
|turn|4
|
|t:|1769309751
|-end|p2a: Great Tusk|Protosynthesis|[silent]
|switch|p2a: Tinkaton|Tinkaton, F, shiny|54/100
|move|p1a: Gorgonzola|Shadow Ball|p2a: Tinkaton
|-damage|p2a: Tinkaton|10/100
|
|upkeep
|turn|5
|
|t:|1769309758
|switch|p2a: Great Tusk|Great Tusk|100/100
|move|p1a: Gorgonzola|Shadow Ball|p2a: Great Tusk
|-damage|p2a: Great Tusk|40/100
|-unboost|p2a: Great Tusk|spd|1
|
|upkeep
|turn|6
|
|t:|1769309768
|-end|p2a: Great Tusk|Protosynthesis|[silent]
|switch|p2a: Rotom|Rotom-Wash|100/100
|move|p1a: Gorgonzola|Shadow Ball|p2a: Rotom
|-damage|p2a: Rotom|62/100
|
|-heal|p2a: Rotom|68/100|[from] item: Leftovers
|upkeep
|turn|7
|
|t:|1769309777
|move|p1a: Gorgonzola|Destiny Bond|p1a: Gorgonzola
|-singlemove|p1a: Gorgonzola|Destiny Bond
|move|p2a: Rotom|Will-O-Wisp|p1a: Gorgonzola|[miss]
|-miss|p2a: Rotom|p1a: Gorgonzola
|
|-heal|p2a: Rotom|75/100|[from] item: Leftovers
|upkeep
|turn|8
|
|t:|1769309785
|move|p1a: Gorgonzola|Shadow Ball|p2a: Rotom
|-damage|p2a: Rotom|34/100
|move|p2a: Rotom|Volt Switch|p1a: Gorgonzola
|-damage|p1a: Gorgonzola|0 fnt
|faint|p1a: Gorgonzola
|
|t:|1769309792
|switch|p2a: Great Tusk|Great Tusk|40/100|[from] Volt Switch
|
|upkeep
|
|t:|1769309797
|switch|p1a: Roquefort|Cinderace, F|100/100
|turn|9
|
|t:|1769309809
|move|p1a: Roquefort|Pyro Ball|p2a: Great Tusk
|-damage|p2a: Great Tusk|0 fnt
|faint|p2a: Great Tusk
|-end|p2a: Great Tusk|Protosynthesis|[silent]
|
|upkeep
|
|t:|1769309813
|switch|p2a: Rotom|Rotom-Wash|34/100
|turn|10
|
|t:|1769309818
|move|p1a: Roquefort|Court Change|p1a: Roquefort
|-swapsideconditions
|-activate|p1a: Roquefort|move: Court Change
|move|p2a: Rotom|Hydro Pump|p1a: Roquefort|[miss]
|-miss|p2a: Rotom|p1a: Roquefort
|
|-heal|p2a: Rotom|40/100|[from] item: Leftovers
|upkeep
|turn|11
|
|t:|1769309831
|switch|p1a: Lünberg|Luxray, F|100/100
|-status|p1a: Lünberg|psn
|move|p2a: Rotom|Hydro Pump|p1a: Lünberg
|-damage|p1a: Lünberg|49/100 psn
|
|-heal|p2a: Rotom|47/100|[from] item: Leftovers
|-damage|p1a: Lünberg|36/100 psn|[from] psn
|upkeep
|turn|12
|
|t:|1769309849
|move|p1a: Lünberg|Facade|p2a: Rotom
|-damage|p2a: Rotom|0 fnt
|faint|p2a: Rotom
|
|-damage|p1a: Lünberg|24/100 psn|[from] psn
|upkeep
|
|t:|1769309859
|switch|p2a: Rillaboom|Rillaboom, M|100/100
|-damage|p2a: Rillaboom|88/100|[from] Stealth Rock
|-fieldstart|move: Grassy Terrain|[from] ability: Grassy Surge|[of] p2a: Rillaboom
|turn|13
|
|t:|1769309865
|move|p2a: Rillaboom|Grassy Glide|p1a: Lünberg
|-damage|p1a: Lünberg|0 fnt
|faint|p1a: Lünberg
|
|-heal|p2a: Rillaboom|94/100|[from] Grassy Terrain
|upkeep
|
|t:|1769309883
|switch|p1a: Haloumi|Heracross, F|100/100
|-status|p1a: Haloumi|psn
|turn|14
|
|t:|1769309892
|switch|p2a: Tinkaton|Tinkaton, F, shiny|10/100
|-damage|p2a: Tinkaton|4/100|[from] Stealth Rock
|move|p1a: Haloumi|Close Combat|p2a: Tinkaton
|-damage|p2a: Tinkaton|0 fnt
|-unboost|p1a: Haloumi|def|1
|-unboost|p1a: Haloumi|spd|1
|faint|p2a: Tinkaton
|
|-damage|p1a: Haloumi|88/100 psn|[from] psn
|upkeep
|
|t:|1769309906
|switch|p2a: Comfey|Comfey, F, shiny|100/100
|-damage|p2a: Comfey|88/100|[from] Stealth Rock
|-enditem|p2a: Comfey|Grassy Seed
|-boost|p2a: Comfey|def|1|[from] item: Grassy Seed
|turn|15
|
|t:|1769309912
|switch|p1a: Cracker|Gholdengo|100/100
|-item|p1a: Cracker|Air Balloon
|move|p2a: Comfey|Draining Kiss|p1a: Cracker
|-resisted|p1a: Cracker
|-damage|p1a: Cracker|88/100
|-heal|p2a: Comfey|98/100|[from] drain|[of] p1a: Cracker
|-enditem|p1a: Cracker|Air Balloon
|
|-heal|p1a: Cracker|94/100|[from] Grassy Terrain
|-heal|p2a: Comfey|100/100|[from] Grassy Terrain
|upkeep
|turn|16
|
|t:|1769309930
|-terastallize|p2a: Comfey|Poison
|move|p1a: Cracker|Make It Rain|p2a: Comfey
|-damage|p2a: Comfey|36/100
|-unboost|p1a: Cracker|spa|1
|move|p2a: Comfey|Calm Mind|p2a: Comfey
|-boost|p2a: Comfey|spa|1
|-boost|p2a: Comfey|spd|1
|
|-heal|p1a: Cracker|99/100|[from] Grassy Terrain
|-heal|p2a: Comfey|43/100|[from] Grassy Terrain
|upkeep
|turn|17
|
|t:|1769309947
|move|p2a: Comfey|Draining Kiss|p1a: Cracker
|-resisted|p1a: Cracker
|-damage|p1a: Cracker|81/100
|-heal|p2a: Comfey|57/100|[from] drain|[of] p1a: Cracker
|move|p1a: Cracker|Nasty Plot|p1a: Cracker
|-boost|p1a: Cracker|spa|2
|
|-heal|p1a: Cracker|87/100|[from] Grassy Terrain
|-heal|p2a: Comfey|64/100|[from] Grassy Terrain
|upkeep
|turn|18
|
|t:|1769309958
|move|p1a: Cracker|Nasty Plot|p1a: Cracker
|-boost|p1a: Cracker|spa|2
|move|p2a: Comfey|Calm Mind|p2a: Comfey
|-boost|p2a: Comfey|spa|1
|-boost|p2a: Comfey|spd|1
|
|-heal|p1a: Cracker|93/100|[from] Grassy Terrain
|-heal|p2a: Comfey|70/100|[from] Grassy Terrain
|upkeep
|turn|19
|
|t:|1769309967
|move|p1a: Cracker|Shadow Ball|p2a: Comfey
|-damage|p2a: Comfey|18/100
|move|p2a: Comfey|Stored Power|p1a: Cracker
|-resisted|p1a: Cracker
|-damage|p1a: Cracker|52/100
|
|-heal|p1a: Cracker|58/100|[from] Grassy Terrain
|-heal|p2a: Comfey|24/100|[from] Grassy Terrain
|upkeep
|turn|20
|
|t:|1769309976
|move|p2a: Comfey|Draining Kiss|p1a: Cracker
|-resisted|p1a: Cracker
|-damage|p1a: Cracker|35/100
|-heal|p2a: Comfey|42/100|[from] drain|[of] p1a: Cracker
|move|p1a: Cracker|Shadow Ball|p2a: Comfey
|-damage|p2a: Comfey|0 fnt
|faint|p2a: Comfey
|
|-heal|p1a: Cracker|41/100|[from] Grassy Terrain
|-fieldend|move: Grassy Terrain
|upkeep
|
|t:|1769309987
|switch|p2a: Hydreigon|Hydreigon, M|100/100
|-damage|p2a: Hydreigon|88/100|[from] Stealth Rock
|turn|21
|
|t:|1769309993
|move|p2a: Hydreigon|Dark Pulse|p1a: Cracker
|-supereffective|p1a: Cracker
|-damage|p1a: Cracker|0 fnt
|faint|p1a: Cracker
|
|upkeep
|
|t:|1769310004
|switch|p1a: Haloumi|Heracross, F|88/100 psn
|turn|22
|
|t:|1769310007
|move|p1a: Haloumi|Close Combat|p2a: Hydreigon
|-supereffective|p2a: Hydreigon
|-damage|p2a: Hydreigon|0 fnt
|-unboost|p1a: Haloumi|def|1
|-unboost|p1a: Haloumi|spd|1
|faint|p2a: Hydreigon
|
|-damage|p1a: Haloumi|76/100 psn|[from] psn
|upkeep
|-message|davlard forfeited.
|
|win|TangelaMerkel7
|raw|TangelaMerkel7's rating: 1126 &rarr; <strong>1156</strong><br />(+30 for winning)
|raw|davlard's rating: 1190 &rarr; <strong>1160</strong><br />(-30 for losing)
|l|☆davlard
|player|p2|
|l|☆TangelaMerkel7
|player|p1|
