|j|☆106abd
|j|☆immaterial-light
|t:|1769322857
|gametype|singles
|player|p1|106abd|hilbert-wonderlauncher|1336
|player|p2|immaterial-light|fantina|1340
|gen|9
|tier|[Gen 9] OU
|rated|
|rule|HP Percentage Mod: HP is shown in percentages
|rule|Endless Battle Clause: Forcing endless battles is banned
|rule|Species Clause: Limit one of each Pokémon
|rule|OHKO Clause: OHKO moves are banned
|rule|Evasion Items Clause: Evasion items are banned
|rule|Evasion Moves Clause: Evasion moves are banned
|rule|Evasion Abilities Clause: Evasion abilities are banned
|rule|Sleep Moves Clause: Sleep-inducing moves are banned
|clearpoke
|poke|p1|Whimsicott, M|
|poke|p1|Garganacl, M|
|poke|p1|Dragapult, M|
|poke|p1|Talonflame, M|
|poke|p1|Kingambit, M|
|poke|p1|Greninja-*, M|
|poke|p2|Araquanid, F|
|poke|p2|Deoxys-Speed|
|poke|p2|Ogerpon-Wellspring, F|
|poke|p2|Gholdengo|
|poke|p2|Glimmora, M|
|poke|p2|Enamorus, F|
|teampreview
|inactive|Battle timer is ON: inactive players will automatically lose when time's up. (requested by immaterial-light)
|
|t:|1769322860
|teamsize|p1|6
|teamsize|p2|6
|start
|switch|p1a: Dragapult|Dragapult, M|100/100
|switch|p2a: Araquanid|Araquanid, F|100/100
|turn|1
|
|t:|1769322861
|move|p1a: Dragapult|Dragon Darts|p2a: Araquanid
|-damage|p2a: Araquanid|73/100
|-anim|p1a: Dragapult|Dragon Darts|p2a: Araquanid
|-damage|p2a: Araquanid|45/100
|move|p2a: Araquanid|Sticky Web|p1a: Dragapult
|-sidestart|p1: 106abd|move: Sticky Web
|
|upkeep
|turn|2
|
|t:|1769322868
|move|p2a: Araquanid|Endure|p2a: Araquanid
|-singleturn|p2a: Araquanid|move: Endure
|move|p1a: Dragapult|Dragon Darts|p2a: Araquanid
|-damage|p2a: Araquanid|17/100
|-anim|p1a: Dragapult|Dragon Darts|p2a: Araquanid
|-activate|p2a: Araquanid|move: Endure
|-damage|p2a: Araquanid|1/100
|
|upkeep
|turn|3
|-enditem|p2a: Araquanid|Custap Berry|[eat]
|-activate|p2a: Araquanid|item: Custap Berry|[consumed]
|
|t:|1769322871
|move|p2a: Araquanid|Surf|p1a: Dragapult
|-resisted|p1a: Dragapult
|-damage|p1a: Dragapult|66/100
|move|p1a: Dragapult|Dragon Darts|p2a: Araquanid
|-damage|p2a: Araquanid|0 fnt
|faint|p2a: Araquanid
|
|upkeep
|
|t:|1769322876
|switch|p2a: Deoxys|Deoxys-Speed|100/100
|-ability|p2a: Deoxys|Pressure
|turn|4
|
|t:|1769322888
|move|p1a: Dragapult|Dragon Darts|p2a: Deoxys
|-damage|p2a: Deoxys|67/100
|-anim|p1a: Dragapult|Dragon Darts|p2a: Deoxys
|-damage|p2a: Deoxys|33/100
|move|p2a: Deoxys|Reflect|p2a: Deoxys
|-sidestart|p2: immaterial-light|Reflect
|
|upkeep
|turn|5
|
|t:|1769322901
|move|p1a: Dragapult|Dragon Darts|p2a: Deoxys
|-damage|p2a: Deoxys|0 fnt
|faint|p2a: Deoxys
|
|upkeep
|
|t:|1769322905
|switch|p2a: Enamorus|Enamorus, F|100/100
|turn|6
|
|t:|1769322910
|switch|p1a: Garganacl|Garganacl, M|100/100
|-activate|p1a: Garganacl|move: Sticky Web
|-unboost|p1a: Garganacl|spe|1
|-terastallize|p2a: Enamorus|Stellar
|move|p2a: Enamorus|Tera Blast|p1a: Garganacl|[anim] Tera Blast Stellar
|-damage|p1a: Garganacl|48/100
|-boost|p2a: Enamorus|atk|1
|-boost|p2a: Enamorus|spa|1
|
|-heal|p1a: Garganacl|54/100|[from] item: Leftovers
|upkeep
|turn|7
|
|t:|1769322913
|move|p1a: Garganacl|Protect|p1a: Garganacl
|-singleturn|p1a: Garganacl|Protect
|move|p2a: Enamorus|Tera Blast|p1a: Garganacl|[anim] Tera Blast Stellar
|-activate|p1a: Garganacl|move: Protect
|
|-heal|p1a: Garganacl|61/100|[from] item: Leftovers
|upkeep
|turn|8
|
|t:|1769322919
|move|p2a: Enamorus|Tera Blast|p1a: Garganacl|[anim] Tera Blast Stellar
|-damage|p1a: Garganacl|4/100
|-boost|p2a: Enamorus|atk|1
|-boost|p2a: Enamorus|spa|1
|move|p1a: Garganacl|Salt Cure|p2a: Enamorus
|-supereffective|p2a: Enamorus
|-damage|p2a: Enamorus|80/100
|-start|p2a: Enamorus|Salt Cure
|
|-heal|p1a: Garganacl|10/100|[from] item: Leftovers
|-damage|p2a: Enamorus|67/100|[from] Salt Cure
|upkeep
|turn|9
|
|t:|1769322926
|switch|p2a: Ogerpon|Ogerpon-Wellspring, F|100/100
|move|p1a: Garganacl|Protect||[still]
|-fail|p1a: Garganacl
|
|-heal|p1a: Garganacl|16/100|[from] item: Leftovers
|upkeep
|turn|10
|
|t:|1769322929
|move|p1a: Garganacl|Protect|p1a: Garganacl
|-singleturn|p1a: Garganacl|Protect
|move|p2a: Ogerpon|Swords Dance|p2a: Ogerpon
|-boost|p2a: Ogerpon|atk|2
|
|-heal|p1a: Garganacl|22/100|[from] item: Leftovers
|upkeep
|turn|11
|
|t:|1769322934
|switch|p1a: Talonflame|Talonflame, M|100/100
|move|p2a: Ogerpon|Ivy Cudgel|p1a: Talonflame|[anim] Ivy Cudgel Water
|-supereffective|p1a: Talonflame
|-damage|p1a: Talonflame|0 fnt
|faint|p1a: Talonflame
|
|-sideend|p2: immaterial-light|Reflect
|upkeep
|
|t:|1769322946
|switch|p1a: Whimsicott|Whimsicott, M|100/100
|-activate|p1a: Whimsicott|move: Sticky Web
|-unboost|p1a: Whimsicott|spe|1
|turn|12
|
|t:|1769322951
|move|p2a: Ogerpon|Power Whip|p1a: Whimsicott
|-resisted|p1a: Whimsicott
|-damage|p1a: Whimsicott|0 fnt
|faint|p1a: Whimsicott
|
|upkeep
|
|t:|1769322958
|switch|p1a: Dragapult|Dragapult, M|66/100
|-activate|p1a: Dragapult|move: Sticky Web
|-unboost|p1a: Dragapult|spe|1
|turn|13
|
|t:|1769322961
|move|p1a: Dragapult|U-turn|p2a: Ogerpon
|-supereffective|p2a: Ogerpon
|-damage|p2a: Ogerpon|31/100
|
|t:|1769322963
|switch|p1a: Kingambit|Kingambit, M|100/100|[from] U-turn
|-activate|p1a: Kingambit|move: Sticky Web
|-unboost|p1a: Kingambit|spe|1
|-activate|p1a: Kingambit|ability: Supreme Overlord
|-start|p1a: Kingambit|fallen2|[silent]
|move|p2a: Ogerpon|Play Rough|p1a: Kingambit
|-damage|p1a: Kingambit|36/100
|
|-heal|p1a: Kingambit|43/100|[from] item: Leftovers
|upkeep
|turn|14
|
|t:|1769322968
|move|p2a: Ogerpon|Ivy Cudgel|p1a: Kingambit|[anim] Ivy Cudgel Water
|-damage|p1a: Kingambit|0 fnt
|faint|p1a: Kingambit
|-end|p1a: Kingambit|fallen2|[silent]
|
|upkeep
|-message|106abd forfeited.
|
|win|immaterial-light
|raw|106abd's rating: 1336 &rarr; <strong>1316</strong><br />(-20 for losing)
|raw|immaterial-light's rating: 1340 &rarr; <strong>1360</strong><br />(+20 for winning)
|l|☆106abd
|player|p1|
