|j|☆Malkuth55
|j|☆wenchaojiayang
|t:|1769415593
|gametype|singles
|player|p1|Malkuth55|hilda-wonderlauncher|1180
|player|p2|wenchaojiayang|2|1282
|gen|9
|tier|[Gen 9] OU
|rated|
|rule|HP Percentage Mod: HP is shown in percentages
|rule|Endless Battle Clause: Forcing endless battles is banned
|rule|Species Clause: Limit one of each Pokémon
|rule|OHKO Clause: OHKO moves are banned
|rule|Evasion Items Clause: Evasion items are banned
|rule|Evasion Moves Clause: Evasion moves are banned
|rule|Evasion Abilities Clause: Evasion abilities are banned
|rule|Sleep Moves Clause: Sleep-inducing moves are banned
|clearpoke
|poke|p1|Araquanid, M|
|poke|p1|Quaquaval, M|
|poke|p1|Garchomp, F|
|poke|p1|Gliscor, F|
|poke|p1|Moltres|
|poke|p1|Serperior, M|
|poke|p2|Clefable, M|
|poke|p2|Okidogi, M|
|poke|p2|Mew|
|poke|p2|Corviknight, F|
|poke|p2|Heatran, F|
|poke|p2|Indeedee-F, F|
|teampreview
|inactive|Battle timer is ON: inactive players will automatically lose when time's up. (requested by wenchaojiayang)
|
|t:|1769415626
|teamsize|p1|6
|teamsize|p2|6
|start
|switch|p1a: Garchomp|Garchomp, F, shiny|100/100
|switch|p2a: Indeedee|Indeedee-F, F|100/100
|-fieldstart|move: Psychic Terrain|[from] ability: Psychic Surge|[of] p2a: Indeedee
|turn|1
|
|t:|1769415642
|-terastallize|p1a: Garchomp|Poison
|move|p2a: Indeedee|Trick|p1a: Garchomp
|-activate|p2a: Indeedee|move: Trick|[of] p1a: Garchomp
|-item|p1a: Garchomp|Choice Scarf|[from] move: Trick
|-item|p2a: Indeedee|Rocky Helmet|[from] move: Trick
|move|p1a: Garchomp|Stealth Rock|p2a: Indeedee
|-sidestart|p2: wenchaojiayang|move: Stealth Rock
|
|upkeep
|turn|2
|
|t:|1769415660
|switch|p1a: Araquanid|Araquanid, M, shiny|100/100
|move|p2a: Indeedee|Light Screen|p2a: Indeedee
|-sidestart|p2: wenchaojiayang|move: Light Screen
|
|upkeep
|turn|3
|
|t:|1769415675
|switch|p2a: Okidogi|Okidogi, M|100/100
|-damage|p2a: Okidogi|94/100|[from] Stealth Rock
|move|p1a: Araquanid|Sticky Web|p2a: Okidogi
|-sidestart|p2: wenchaojiayang|move: Sticky Web
|
|-heal|p2a: Okidogi|100/100|[from] item: Leftovers
|upkeep
|turn|4
|
|t:|1769415691
|move|p2a: Okidogi|Toxic|p1a: Araquanid
|-status|p1a: Araquanid|tox
|move|p1a: Araquanid|Liquidation|p2a: Okidogi
|-damage|p2a: Okidogi|82/100
|-unboost|p2a: Okidogi|def|1
|
|-heal|p2a: Okidogi|88/100|[from] item: Leftovers
|-damage|p1a: Araquanid|94/100 tox|[from] psn
|upkeep
|turn|5
|
|t:|1769415701
|move|p2a: Okidogi|Bulk Up|p2a: Okidogi
|-boost|p2a: Okidogi|atk|1
|-boost|p2a: Okidogi|def|1
|move|p1a: Araquanid|Liquidation|p2a: Okidogi
|-crit|p2a: Okidogi
|-damage|p2a: Okidogi|60/100
|
|-heal|p2a: Okidogi|66/100|[from] item: Leftovers
|-damage|p1a: Araquanid|82/100 tox|[from] psn
|-fieldend|move: Psychic Terrain
|upkeep
|turn|6
|
|t:|1769415712
|switch|p1a: Moltres|Moltres, shiny|100/100
|move|p2a: Okidogi|Bulk Up|p2a: Okidogi
|-boost|p2a: Okidogi|atk|1
|-boost|p2a: Okidogi|def|1
|
|-heal|p2a: Okidogi|72/100|[from] item: Leftovers
|-sideend|p2: wenchaojiayang|move: Light Screen
|upkeep
|turn|7
|
|t:|1769415722
|move|p1a: Moltres|Hurricane|p2a: Okidogi|[miss]
|-miss|p1a: Moltres|p2a: Okidogi
|move|p2a: Okidogi|Toxic|p1a: Moltres
|-status|p1a: Moltres|tox
|
|-heal|p2a: Okidogi|78/100|[from] item: Leftovers
|-damage|p1a: Moltres|94/100 tox|[from] psn
|upkeep
|turn|8
|
|t:|1769415739
|-terastallize|p2a: Okidogi|Dark
|move|p1a: Moltres|Will-O-Wisp|p2a: Okidogi|[miss]
|-miss|p1a: Moltres|p2a: Okidogi
|move|p2a: Okidogi|Bulk Up|p2a: Okidogi
|-boost|p2a: Okidogi|atk|1
|-boost|p2a: Okidogi|def|1
|
|-heal|p2a: Okidogi|84/100|[from] item: Leftovers
|-damage|p1a: Moltres|82/100 tox|[from] psn
|upkeep
|turn|9
|
|t:|1769415750
|move|p1a: Moltres|Will-O-Wisp|p2a: Okidogi
|-status|p2a: Okidogi|brn
|move|p2a: Okidogi|Bulk Up|p2a: Okidogi
|-boost|p2a: Okidogi|atk|1
|-boost|p2a: Okidogi|def|1
|
|-heal|p2a: Okidogi|90/100 brn|[from] item: Leftovers
|-damage|p1a: Moltres|63/100 tox|[from] psn
|-damage|p2a: Okidogi|84/100 brn|[from] brn
|upkeep
|turn|10
|
|t:|1769415761
|move|p1a: Moltres|Hurricane|p2a: Okidogi
|-damage|p2a: Okidogi|48/100 brn
|move|p2a: Okidogi|Bulk Up|p2a: Okidogi
|-boost|p2a: Okidogi|atk|1
|-boost|p2a: Okidogi|def|1
|
|-heal|p2a: Okidogi|54/100 brn|[from] item: Leftovers
|-damage|p1a: Moltres|38/100 tox|[from] psn
|-damage|p2a: Okidogi|48/100 brn|[from] brn
|upkeep
|turn|11
|
|t:|1769415772
|move|p1a: Moltres|Hurricane|p2a: Okidogi
|-damage|p2a: Okidogi|9/100 brn
|move|p2a: Okidogi|Drain Punch|p1a: Moltres
|-resisted|p1a: Moltres
|-damage|p1a: Moltres|12/100 tox
|-heal|p2a: Okidogi|23/100 brn|[from] drain|[of] p1a: Moltres
|
|-heal|p2a: Okidogi|29/100 brn|[from] item: Leftovers
|-damage|p1a: Moltres|0 fnt|[from] psn
|faint|p1a: Moltres
|-damage|p2a: Okidogi|23/100 brn|[from] brn
|upkeep
|
|t:|1769415776
|switch|p1a: Quaquaval|Quaquaval, M, shiny|100/100
|turn|12
|
|t:|1769415788
|move|p1a: Quaquaval|Close Combat|p2a: Okidogi
|-supereffective|p2a: Okidogi
|-damage|p2a: Okidogi|0 fnt
|-unboost|p1a: Quaquaval|def|1
|-unboost|p1a: Quaquaval|spd|1
|faint|p2a: Okidogi
|-ability|p1a: Quaquaval|Moxie|boost
|-boost|p1a: Quaquaval|atk|1
|
|upkeep
|
|t:|1769415798
|switch|p2a: Clefable|Clefable, M|100/100
|-damage|p2a: Clefable|88/100|[from] Stealth Rock
|-activate|p2a: Clefable|move: Sticky Web
|-unboost|p2a: Clefable|spe|1
|turn|13
|
|t:|1769415827
|switch|p1a: Araquanid|Araquanid, M, shiny|82/100 tox
|move|p2a: Clefable|Cosmic Power|p2a: Clefable
|-boost|p2a: Clefable|def|1
|-boost|p2a: Clefable|spd|1
|
|-heal|p2a: Clefable|94/100|[from] item: Leftovers
|-damage|p1a: Araquanid|76/100 tox|[from] psn
|upkeep
|turn|14
|
|t:|1769415836
|move|p1a: Araquanid|Liquidation|p2a: Clefable
|-damage|p2a: Clefable|83/100
|move|p2a: Clefable|Cosmic Power|p2a: Clefable
|-boost|p2a: Clefable|def|1
|-boost|p2a: Clefable|spd|1
|
|-heal|p2a: Clefable|89/100|[from] item: Leftovers
|-damage|p1a: Araquanid|63/100 tox|[from] psn
|upkeep
|turn|15
|
|t:|1769415846
|move|p1a: Araquanid|Endeavor|p2a: Clefable
|-damage|p2a: Clefable|55/100
|move|p2a: Clefable|Calm Mind|p2a: Clefable
|-boost|p2a: Clefable|spa|1
|-boost|p2a: Clefable|spd|1
|
|-heal|p2a: Clefable|61/100|[from] item: Leftovers
|-damage|p1a: Araquanid|45/100 tox|[from] psn
|upkeep
|turn|16
|
|t:|1769415868
|move|p1a: Araquanid|Endure|p1a: Araquanid
|-singleturn|p1a: Araquanid|move: Endure
|move|p2a: Clefable|Cosmic Power|p2a: Clefable
|-boost|p2a: Clefable|def|1
|-boost|p2a: Clefable|spd|1
|
|-heal|p2a: Clefable|67/100|[from] item: Leftovers
|-damage|p1a: Araquanid|20/100 tox|[from] psn
|upkeep
|turn|17
|-enditem|p1a: Araquanid|Custap Berry|[eat]
|-activate|p1a: Araquanid|item: Custap Berry|[consumed]
|
|t:|1769415877
|move|p1a: Araquanid|Endeavor|p2a: Clefable
|-damage|p2a: Clefable|18/100
|move|p2a: Clefable|Moonlight|p2a: Clefable
|-heal|p2a: Clefable|68/100
|
|-heal|p2a: Clefable|74/100|[from] item: Leftovers
|-damage|p1a: Araquanid|0 fnt|[from] psn
|faint|p1a: Araquanid
|upkeep
|
|t:|1769415886
|switch|p1a: Serperior|Serperior, M, shiny|100/100
|turn|18
|
|t:|1769415892
|move|p1a: Serperior|Glare|p2a: Clefable
|-status|p2a: Clefable|par
|move|p2a: Clefable|Stored Power|p1a: Serperior
|-damage|p1a: Serperior|32/100
|
|-heal|p1a: Serperior|38/100|[from] item: Leftovers
|-heal|p2a: Clefable|80/100 par|[from] item: Leftovers
|upkeep
|turn|19
|
|t:|1769415900
|move|p1a: Serperior|Substitute|p1a: Serperior
|-start|p1a: Serperior|Substitute
|-damage|p1a: Serperior|13/100
|move|p2a: Clefable|Stored Power|p1a: Serperior
|-end|p1a: Serperior|Substitute
|
|-heal|p1a: Serperior|19/100|[from] item: Leftovers
|-heal|p2a: Clefable|86/100 par|[from] item: Leftovers
|upkeep
|turn|20
|
|t:|1769415908
|move|p1a: Serperior|Leech Seed|p2a: Clefable
|-start|p2a: Clefable|move: Leech Seed
|cant|p2a: Clefable|par
|
|-heal|p1a: Serperior|25/100|[from] item: Leftovers
|-heal|p2a: Clefable|92/100 par|[from] item: Leftovers
|-damage|p2a: Clefable|79/100 par|[from] Leech Seed|[of] p1a: Serperior
|-heal|p1a: Serperior|40/100|[silent]
|upkeep
|turn|21
|
|t:|1769415916
|move|p1a: Serperior|Substitute|p1a: Serperior
|-start|p1a: Serperior|Substitute
|-damage|p1a: Serperior|15/100
|move|p2a: Clefable|Stored Power|p1a: Serperior
|-end|p1a: Serperior|Substitute
|
|-heal|p1a: Serperior|21/100|[from] item: Leftovers
|-heal|p2a: Clefable|86/100 par|[from] item: Leftovers
|-damage|p2a: Clefable|73/100 par|[from] Leech Seed|[of] p1a: Serperior
|-heal|p1a: Serperior|37/100|[silent]
|upkeep
|turn|22
|
|t:|1769415924
|move|p1a: Serperior|Substitute|p1a: Serperior
|-start|p1a: Serperior|Substitute
|-damage|p1a: Serperior|12/100
|move|p2a: Clefable|Stored Power|p1a: Serperior
|-end|p1a: Serperior|Substitute
|
|-heal|p1a: Serperior|18/100|[from] item: Leftovers
|-heal|p2a: Clefable|79/100 par|[from] item: Leftovers
|-damage|p2a: Clefable|67/100 par|[from] Leech Seed|[of] p1a: Serperior
|-heal|p1a: Serperior|33/100|[silent]
|upkeep
|turn|23
|
|t:|1769415936
|move|p1a: Serperior|Substitute|p1a: Serperior
|-start|p1a: Serperior|Substitute
|-damage|p1a: Serperior|8/100
|move|p2a: Clefable|Stored Power|p1a: Serperior
|-end|p1a: Serperior|Substitute
|
|-heal|p1a: Serperior|14/100|[from] item: Leftovers
|-heal|p2a: Clefable|73/100 par|[from] item: Leftovers
|-damage|p2a: Clefable|60/100 par|[from] Leech Seed|[of] p1a: Serperior
|-heal|p1a: Serperior|29/100|[silent]
|upkeep
|turn|24
|
|t:|1769415951
|switch|p2a: Heatran|Heatran, F|100/100
|-damage|p2a: Heatran|88/100|[from] Stealth Rock
|-activate|p2a: Heatran|move: Sticky Web
|-unboost|p2a: Heatran|spe|1
|move|p1a: Serperior|Substitute|p1a: Serperior
|-start|p1a: Serperior|Substitute
|-damage|p1a: Serperior|4/100
|
|-heal|p1a: Serperior|10/100|[from] item: Leftovers
|-heal|p2a: Heatran|94/100|[from] item: Leftovers
|upkeep
|turn|25
|
|t:|1769415961
|move|p1a: Serperior|Glare|p2a: Heatran
|-status|p2a: Heatran|par
|move|p2a: Heatran|Lava Plume|p1a: Serperior
|-supereffective|p1a: Serperior
|-end|p1a: Serperior|Substitute
|
|-heal|p1a: Serperior|17/100|[from] item: Leftovers
|-heal|p2a: Heatran|99/100 par|[from] item: Leftovers
|upkeep
|turn|26
|
|t:|1769415981
|move|p1a: Serperior|Leech Seed|p2a: Heatran
|-start|p2a: Heatran|move: Leech Seed
|move|p2a: Heatran|Lava Plume|p1a: Serperior
|-supereffective|p1a: Serperior
|-damage|p1a: Serperior|0 fnt
|faint|p1a: Serperior
|
|-heal|p2a: Heatran|100/100 par|[from] item: Leftovers
|upkeep
|
|t:|1769415986
|switch|p1a: Quaquaval|Quaquaval, M, shiny|100/100
|turn|27
|l|☆wenchaojiayang
|inactive|wenchaojiayang disconnected and has a minute to reconnect!
|player|p2|
|j|☆wenchaojiayang
|inactive|wenchaojiayang reconnected and has 125 seconds left.
|player|p2|wenchaojiayang|2|
|inactive|wenchaojiayang has 120 seconds left.
|
|t:|1769416021
|switch|p2a: Clefable|Clefable, M|60/100 par
|-damage|p2a: Clefable|48/100 par|[from] Stealth Rock
|-activate|p2a: Clefable|move: Sticky Web
|-unboost|p2a: Clefable|spe|1
|move|p1a: Quaquaval|Aqua Step|p2a: Clefable
|-damage|p2a: Clefable|14/100 par
|-boost|p1a: Quaquaval|spe|1
|
|-heal|p2a: Clefable|21/100 par|[from] item: Leftovers
|upkeep
|turn|28
|inactive|wenchaojiayang has 120 seconds left.
|
|t:|1769416035
|switch|p2a: Corviknight|Corviknight, F|100/100
|-damage|p2a: Corviknight|88/100|[from] Stealth Rock
|-ability|p2a: Corviknight|Pressure
|move|p1a: Quaquaval|Aqua Step|p2a: Corviknight
|-damage|p2a: Corviknight|55/100
|-boost|p1a: Quaquaval|spe|1
|
|-heal|p2a: Corviknight|61/100|[from] item: Leftovers
|upkeep
|turn|29
|inactive|wenchaojiayang has 120 seconds left.
|
|t:|1769416046
|move|p1a: Quaquaval|Swords Dance|p1a: Quaquaval
|-boost|p1a: Quaquaval|atk|2
|move|p2a: Corviknight|Bulk Up|p2a: Corviknight
|-boost|p2a: Corviknight|atk|1
|-boost|p2a: Corviknight|def|1
|
|-heal|p2a: Corviknight|67/100|[from] item: Leftovers
|upkeep
|turn|30
|inactive|wenchaojiayang has 120 seconds left.
|
|t:|1769416056
|move|p1a: Quaquaval|Close Combat|p2a: Corviknight
|-damage|p2a: Corviknight|1/100
|-unboost|p1a: Quaquaval|def|1
|-unboost|p1a: Quaquaval|spd|1
|move|p2a: Corviknight|Bulk Up|p2a: Corviknight
|-boost|p2a: Corviknight|atk|1
|-boost|p2a: Corviknight|def|1
|
|-heal|p2a: Corviknight|7/100|[from] item: Leftovers
|upkeep
|turn|31
|inactive|wenchaojiayang has 120 seconds left.
|
|t:|1769416072
|move|p1a: Quaquaval|Aqua Step|p2a: Corviknight
|-damage|p2a: Corviknight|0 fnt
|-boost|p1a: Quaquaval|spe|1
|faint|p2a: Corviknight
|-ability|p1a: Quaquaval|Moxie|boost
|-boost|p1a: Quaquaval|atk|1
|
|upkeep
|
|t:|1769416080
|switch|p2a: Heatran|Heatran, F|100/100 par
|-damage|p2a: Heatran|88/100 par|[from] Stealth Rock
|-activate|p2a: Heatran|move: Sticky Web
|-unboost|p2a: Heatran|spe|1
|turn|32
|inactive|wenchaojiayang has 120 seconds left.
|
|t:|1769416091
|move|p1a: Quaquaval|Close Combat|p2a: Heatran
|-supereffective|p2a: Heatran
|-damage|p2a: Heatran|0 fnt
|-unboost|p1a: Quaquaval|def|1
|-unboost|p1a: Quaquaval|spd|1
|faint|p2a: Heatran
|-ability|p1a: Quaquaval|Moxie|boost
|-boost|p1a: Quaquaval|atk|1
|
|upkeep
|inactive|wenchaojiayang has 120 seconds left.
|
|t:|1769416099
|switch|p2a: Indeedee|Indeedee-F, F|100/100
|-damage|p2a: Indeedee|88/100|[from] Stealth Rock
|-activate|p2a: Indeedee|move: Sticky Web
|-unboost|p2a: Indeedee|spe|1
|-fieldstart|move: Psychic Terrain|[from] ability: Psychic Surge|[of] p2a: Indeedee
|turn|33
|
|t:|1769416108
|move|p1a: Quaquaval|Aqua Step|p2a: Indeedee
|-damage|p2a: Indeedee|0 fnt
|-boost|p1a: Quaquaval|spe|1
|-damage|p1a: Quaquaval|84/100|[from] item: Rocky Helmet|[of] p2a: Indeedee
|faint|p2a: Indeedee
|-ability|p1a: Quaquaval|Moxie|boost
|-boost|p1a: Quaquaval|atk|1
|
|upkeep
|
|t:|1769416118
|switch|p2a: Mew|Mew|100/100
|-damage|p2a: Mew|88/100|[from] Stealth Rock
|-activate|p2a: Mew|move: Sticky Web
|-unboost|p2a: Mew|spe|1
|turn|34
|
|t:|1769416134
|move|p1a: Quaquaval|Aqua Step|p2a: Mew
|-damage|p2a: Mew|0 fnt
|-boost|p1a: Quaquaval|spe|1
|faint|p2a: Mew
|-ability|p1a: Quaquaval|Moxie|boost
|-boost|p1a: Quaquaval|atk|1
|
|upkeep
|inactive|wenchaojiayang has 120 seconds left.
|-message|wenchaojiayang forfeited.
|
|win|Malkuth55
|raw|Malkuth55's rating: 1180 &rarr; <strong>1212</strong><br />(+32 for winning)
|raw|wenchaojiayang's rating: 1282 &rarr; <strong>1250</strong><br />(-32 for losing)
|l|☆wenchaojiayang
|player|p2|
|l|☆Malkuth55
|player|p1|
