|j|☆Cetus45
|j|☆Hallommora
|t:|1769414085
|gametype|singles
|player|p1|Cetus45|waiter|1477
|player|p2|Hallommora|clown|1512
|gen|9
|tier|[Gen 9] OU
|rated|
|rule|HP Percentage Mod: HP is shown in percentages
|rule|Endless Battle Clause: Forcing endless battles is banned
|rule|Species Clause: Limit one of each Pokémon
|rule|OHKO Clause: OHKO moves are banned
|rule|Evasion Items Clause: Evasion items are banned
|rule|Evasion Moves Clause: Evasion moves are banned
|rule|Evasion Abilities Clause: Evasion abilities are banned
|rule|Sleep Moves Clause: Sleep-inducing moves are banned
|clearpoke
|poke|p1|Okidogi, M|
|poke|p1|Samurott-Hisui, M|
|poke|p1|Ting-Lu|
|poke|p1|Gholdengo|
|poke|p1|Dragonite, F|
|poke|p1|Hatterene, F|
|poke|p2|Dragapult, M|
|poke|p2|Slowking-Galar, F|
|poke|p2|Enamorus, F|
|poke|p2|Kingambit, F|
|poke|p2|Alomomola, F|
|poke|p2|Great Tusk|
|teampreview
|inactive|Battle timer is ON: inactive players will automatically lose when time's up. (requested by Hallommora)
|
|t:|1769414092
|teamsize|p1|6
|teamsize|p2|6
|start
|switch|p1a: Okidogi|Okidogi, M|100/100
|switch|p2a: Dragapult|Dragapult, M|100/100
|turn|1
|
|t:|1769414100
|switch|p1a: Samurott|Samurott-Hisui, M|100/100
|move|p2a: Dragapult|U-turn|p1a: Samurott
|-supereffective|p1a: Samurott
|-damage|p1a: Samurott|24/100
|
|t:|1769414104
|switch|p2a: Enamorus|Enamorus, F|100/100|[from] U-turn
|
|upkeep
|turn|2
|
|t:|1769414118
|switch|p1a: Gholdengo|Gholdengo|100/100
|-item|p1a: Gholdengo|Air Balloon
|move|p2a: Enamorus|Moonblast|p1a: Gholdengo
|-resisted|p1a: Gholdengo
|-damage|p1a: Gholdengo|58/100
|-unboost|p1a: Gholdengo|spa|1
|-enditem|p1a: Gholdengo|Air Balloon
|
|upkeep
|turn|3
|
|t:|1769414129
|move|p2a: Enamorus|Moonblast|p1a: Gholdengo
|-resisted|p1a: Gholdengo
|-damage|p1a: Gholdengo|14/100
|move|p1a: Gholdengo|Make It Rain|p2a: Enamorus
|-supereffective|p2a: Enamorus
|-damage|p2a: Enamorus|0 fnt
|-unboost|p1a: Gholdengo|spa|1
|faint|p2a: Enamorus
|
|upkeep
|
|t:|1769414136
|switch|p2a: Dragapult|Dragapult, M|100/100
|turn|4
|
|t:|1769414146
|switch|p1a: Hatterene|Hatterene, F|100/100
|move|p2a: Dragapult|Dragon Darts|p1a: Hatterene
|-immune|p1a: Hatterene
|
|upkeep
|turn|5
|
|t:|1769414152
|switch|p2a: Slowking|Slowking-Galar, F|100/100
|move|p1a: Hatterene|Psychic Noise|p2a: Slowking
|-damage|p2a: Slowking|81/100
|-start|p2a: Slowking|move: Heal Block
|
|upkeep
|turn|6
|
|t:|1769414160
|switch|p1a: Samurott|Samurott-Hisui, M|24/100
|-prepare|p2a: Slowking|Chilly Reception|[premajor]
|move|p2a: Slowking|Chilly Reception|p2a: Slowking
|-weather|Snowscape
|
|t:|1769414166
|switch|p2a: Great Tusk|Great Tusk|100/100|[from] Chilly Reception
|
|-weather|Snowscape|[upkeep]
|upkeep
|turn|7
|
|t:|1769414171
|switch|p1a: Ting-Lu|Ting-Lu|100/100
|-ability|p1a: Ting-Lu|Vessel of Ruin
|move|p2a: Great Tusk|Rapid Spin|p1a: Ting-Lu
|-damage|p1a: Ting-Lu|91/100
|-boost|p2a: Great Tusk|spe|1
|
|-weather|Snowscape|[upkeep]
|-heal|p1a: Ting-Lu|97/100|[from] item: Leftovers
|upkeep
|turn|8
|
|t:|1769414180
|move|p2a: Great Tusk|Bulk Up|p2a: Great Tusk
|-boost|p2a: Great Tusk|atk|1
|-boost|p2a: Great Tusk|def|1
|move|p1a: Ting-Lu|Stealth Rock|p2a: Great Tusk
|-sidestart|p2: Hallommora|move: Stealth Rock
|
|-weather|Snowscape|[upkeep]
|-heal|p1a: Ting-Lu|100/100|[from] item: Leftovers
|upkeep
|turn|9
|
|t:|1769414189
|move|p2a: Great Tusk|Headlong Rush|p1a: Ting-Lu
|-damage|p1a: Ting-Lu|52/100
|-unboost|p2a: Great Tusk|def|1
|-unboost|p2a: Great Tusk|spd|1
|move|p1a: Ting-Lu|Whirlwind|p2a: Great Tusk
|-end|p2a: Great Tusk|Protosynthesis|[silent]
|drag|p2a: Dragapult|Dragapult, M|100/100
|-damage|p2a: Dragapult|88/100|[from] Stealth Rock
|
|-weather|Snowscape|[upkeep]
|-heal|p1a: Ting-Lu|59/100|[from] item: Leftovers
|upkeep
|turn|10
|
|t:|1769414199
|move|p2a: Dragapult|U-turn|p1a: Ting-Lu
|-supereffective|p1a: Ting-Lu
|-damage|p1a: Ting-Lu|22/100
|
|t:|1769414203
|switch|p2a: Alomomola|Alomomola, F|100/100|[from] U-turn
|move|p1a: Ting-Lu|Whirlwind|p2a: Alomomola
|drag|p2a: Slowking|Slowking-Galar, F|100/100
|
|-weather|none
|-heal|p1a: Ting-Lu|28/100|[from] item: Leftovers
|upkeep
|turn|11
|
|t:|1769414210
|move|p1a: Ting-Lu|Earthquake|p2a: Slowking
|-supereffective|p2a: Slowking
|-crit|p2a: Slowking
|-damage|p2a: Slowking|0 fnt
|faint|p2a: Slowking
|
|-heal|p1a: Ting-Lu|34/100|[from] item: Leftovers
|upkeep
|c|☆Hallommora|Tsssss
|
|t:|1769414220
|switch|p2a: Dragapult|Dragapult, M|88/100
|-damage|p2a: Dragapult|76/100|[from] Stealth Rock
|turn|12
|
|t:|1769414224
|-terastallize|p2a: Dragapult|Ghost
|move|p2a: Dragapult|Tera Blast|p1a: Ting-Lu|[anim] Tera Blast Ghost
|-resisted|p1a: Ting-Lu
|-damage|p1a: Ting-Lu|14/100
|move|p1a: Ting-Lu|Earthquake|p2a: Dragapult
|-damage|p2a: Dragapult|22/100
|
|-heal|p1a: Ting-Lu|20/100|[from] item: Leftovers
|upkeep
|turn|13
|
|t:|1769414233
|switch|p2a: Alomomola|Alomomola, F|100/100
|move|p1a: Ting-Lu|Earthquake|p2a: Alomomola
|-damage|p2a: Alomomola|81/100
|
|-heal|p1a: Ting-Lu|27/100|[from] item: Leftovers
|upkeep
|turn|14
|
|t:|1769414240
|switch|p1a: Hatterene|Hatterene, F|100/100
|move|p2a: Alomomola|Wish|p2a: Alomomola
|
|upkeep
|turn|15
|
|t:|1769414246
|move|p2a: Alomomola|Flip Turn|p1a: Hatterene
|-damage|p1a: Hatterene|87/100
|-damage|p2a: Alomomola|64/100|[from] item: Rocky Helmet|[of] p1a: Hatterene
|
|t:|1769414248
|switch|p2a: Kingambit|Kingambit, F|100/100|[from] Flip Turn
|-damage|p2a: Kingambit|94/100|[from] Stealth Rock
|-activate|p2a: Kingambit|ability: Supreme Overlord
|-start|p2a: Kingambit|fallen2|[silent]
|move|p1a: Hatterene|Psychic Noise|p2a: Kingambit
|-immune|p2a: Kingambit
|
|-heal|p2a: Kingambit|100/100|[from] move: Wish|[wisher] Alomomola
|upkeep
|turn|16
|
|t:|1769414261
|switch|p1a: Okidogi|Okidogi, M|100/100
|move|p2a: Kingambit|Kowtow Cleave|p1a: Okidogi
|-resisted|p1a: Okidogi
|-damage|p1a: Okidogi|74/100
|-damage|p2a: Kingambit|91/100|[from] item: Life Orb
|
|-heal|p1a: Okidogi|80/100|[from] item: Leftovers
|upkeep
|turn|17
|
|t:|1769414269
|-end|p2a: Kingambit|fallen2|[silent]
|switch|p2a: Alomomola|Alomomola, F|97/100
|move|p1a: Okidogi|Bulk Up|p1a: Okidogi
|-boost|p1a: Okidogi|atk|1
|-boost|p1a: Okidogi|def|1
|
|-heal|p1a: Okidogi|86/100|[from] item: Leftovers
|upkeep
|turn|18
|
|t:|1769414277
|move|p1a: Okidogi|Knock Off|p2a: Alomomola
|-damage|p2a: Alomomola|74/100
|-enditem|p2a: Alomomola|Heavy-Duty Boots|[from] move: Knock Off|[of] p1a: Okidogi
|move|p2a: Alomomola|Scald|p1a: Okidogi
|-damage|p1a: Okidogi|76/100
|-status|p1a: Okidogi|brn
|
|-heal|p1a: Okidogi|82/100 brn|[from] item: Leftovers
|-damage|p1a: Okidogi|76/100 brn|[from] brn
|upkeep
|turn|19
|
|t:|1769414286
|move|p1a: Okidogi|Bulk Up|p1a: Okidogi
|-boost|p1a: Okidogi|atk|1
|-boost|p1a: Okidogi|def|1
|move|p2a: Alomomola|Wish|p2a: Alomomola
|
|-heal|p1a: Okidogi|82/100 brn|[from] item: Leftovers
|-damage|p1a: Okidogi|76/100 brn|[from] brn
|upkeep
|turn|20
|
|t:|1769414292
|move|p1a: Okidogi|Bulk Up|p1a: Okidogi
|-boost|p1a: Okidogi|atk|1
|-boost|p1a: Okidogi|def|1
|move|p2a: Alomomola|Flip Turn|p1a: Okidogi
|-damage|p1a: Okidogi|71/100 brn
|
|t:|1769414296
|switch|p2a: Dragapult|Dragapult, M, tera:Ghost|22/100|[from] Flip Turn
|-damage|p2a: Dragapult|9/100|[from] Stealth Rock
|
|-heal|p2a: Dragapult|94/100|[from] move: Wish|[wisher] Alomomola
|-heal|p1a: Okidogi|77/100 brn|[from] item: Leftovers
|-damage|p1a: Okidogi|71/100 brn|[from] brn
|upkeep
|turn|21
|
|t:|1769414305
|switch|p2a: Alomomola|Alomomola, F|100/100
|-damage|p2a: Alomomola|88/100|[from] Stealth Rock
|move|p1a: Okidogi|Knock Off|p2a: Alomomola
|-crit|p2a: Alomomola
|-damage|p2a: Alomomola|70/100
|
|-heal|p1a: Okidogi|77/100 brn|[from] item: Leftovers
|-damage|p1a: Okidogi|71/100 brn|[from] brn
|upkeep
|turn|22
|
|t:|1769414313
|move|p1a: Okidogi|Bulk Up|p1a: Okidogi
|-boost|p1a: Okidogi|atk|1
|-boost|p1a: Okidogi|def|1
|move|p2a: Alomomola|Wish|p2a: Alomomola
|
|-heal|p1a: Okidogi|77/100 brn|[from] item: Leftovers
|-damage|p1a: Okidogi|71/100 brn|[from] brn
|upkeep
|turn|23
|j| aegia4
|
|t:|1769414320
|move|p1a: Okidogi|Bulk Up|p1a: Okidogi
|-boost|p1a: Okidogi|atk|1
|-boost|p1a: Okidogi|def|1
|move|p2a: Alomomola|Flip Turn|p1a: Okidogi
|-damage|p1a: Okidogi|68/100 brn
|
|t:|1769414322
|switch|p2a: Great Tusk|Great Tusk|100/100|[from] Flip Turn
|-damage|p2a: Great Tusk|98/100|[from] Stealth Rock
|
|-heal|p2a: Great Tusk|100/100|[from] move: Wish|[wisher] Alomomola
|-heal|p1a: Okidogi|74/100 brn|[from] item: Leftovers
|-damage|p1a: Okidogi|68/100 brn|[from] brn
|upkeep
|turn|24
|
|t:|1769414333
|move|p2a: Great Tusk|Bulk Up|p2a: Great Tusk
|-boost|p2a: Great Tusk|atk|1
|-boost|p2a: Great Tusk|def|1
|move|p1a: Okidogi|Drain Punch|p2a: Great Tusk
|-damage|p2a: Great Tusk|72/100
|-heal|p1a: Okidogi|82/100 brn|[from] drain|[of] p2a: Great Tusk
|
|-heal|p2a: Great Tusk|78/100|[from] item: Leftovers
|-heal|p1a: Okidogi|88/100 brn|[from] item: Leftovers
|-damage|p1a: Okidogi|82/100 brn|[from] brn
|upkeep
|turn|25
|
|t:|1769414343
|move|p2a: Great Tusk|Bulk Up|p2a: Great Tusk
|-boost|p2a: Great Tusk|atk|1
|-boost|p2a: Great Tusk|def|1
|move|p1a: Okidogi|Ice Punch|p2a: Great Tusk
|-supereffective|p2a: Great Tusk
|-damage|p2a: Great Tusk|49/100
|
|-heal|p2a: Great Tusk|55/100|[from] item: Leftovers
|-heal|p1a: Okidogi|88/100 brn|[from] item: Leftovers
|-damage|p1a: Okidogi|82/100 brn|[from] brn
|upkeep
|turn|26
|
|t:|1769414352
|move|p2a: Great Tusk|Headlong Rush|p1a: Okidogi
|-supereffective|p1a: Okidogi
|-damage|p1a: Okidogi|27/100 brn
|-unboost|p2a: Great Tusk|def|1
|-unboost|p2a: Great Tusk|spd|1
|move|p1a: Okidogi|Bulk Up|p1a: Okidogi
|-boost|p1a: Okidogi|atk|1
|-boost|p1a: Okidogi|def|1
|
|-heal|p2a: Great Tusk|62/100|[from] item: Leftovers
|-heal|p1a: Okidogi|33/100 brn|[from] item: Leftovers
|-damage|p1a: Okidogi|27/100 brn|[from] brn
|upkeep
|turn|27
|
|t:|1769414362
|move|p2a: Great Tusk|Headlong Rush|p1a: Okidogi
|-supereffective|p1a: Okidogi
|-damage|p1a: Okidogi|0 fnt
|-unboost|p2a: Great Tusk|def|1
|-unboost|p2a: Great Tusk|spd|1
|faint|p1a: Okidogi
|
|-heal|p2a: Great Tusk|68/100|[from] item: Leftovers
|upkeep
|
|t:|1769414370
|switch|p1a: Dragonite|Dragonite, F|100/100
|turn|28
|
|t:|1769414374
|move|p2a: Great Tusk|Ice Spinner|p1a: Dragonite
|-supereffective|p1a: Dragonite
|-damage|p1a: Dragonite|0 fnt
|faint|p1a: Dragonite
|
|-heal|p2a: Great Tusk|74/100|[from] item: Leftovers
|upkeep
|
|t:|1769414382
|switch|p1a: Hatterene|Hatterene, F|87/100
|turn|29
|
|t:|1769414386
|move|p2a: Great Tusk|Headlong Rush|p1a: Hatterene
|-damage|p1a: Hatterene|0 fnt
|-unboost|p2a: Great Tusk|def|1
|-unboost|p2a: Great Tusk|spd|1
|-damage|p2a: Great Tusk|58/100|[from] item: Rocky Helmet|[of] p1a: Hatterene
|faint|p1a: Hatterene
|
|-heal|p2a: Great Tusk|64/100|[from] item: Leftovers
|upkeep
|-message|Cetus45 forfeited.
|
|win|Hallommora
|raw|Cetus45's rating: 1477 &rarr; <strong>1459</strong><br />(-18 for losing)
|raw|Hallommora's rating: 1512 &rarr; <strong>1530</strong><br />(+18 for winning)
|l|☆Cetus45
|player|p1|
|l|☆Hallommora
|player|p2|
|l| aegia4
|j|☆Hallommora
|player|p2|Hallommora|clown|
|l|☆Hallommora
|player|p2|
