|j|☆Noamm
|j|‽machopped unc
|t:|1769392798
|gametype|singles
|player|p1|Noamm|gambler|1710
|player|p2|machopped unc|clown|1741
|gen|9
|tier|[Gen 9] OU
|rated|
|rule|HP Percentage Mod: HP is shown in percentages
|rule|Endless Battle Clause: Forcing endless battles is banned
|rule|Species Clause: Limit one of each Pokémon
|rule|OHKO Clause: OHKO moves are banned
|rule|Evasion Items Clause: Evasion items are banned
|rule|Evasion Moves Clause: Evasion moves are banned
|rule|Evasion Abilities Clause: Evasion abilities are banned
|rule|Sleep Moves Clause: Sleep-inducing moves are banned
|clearpoke
|poke|p1|Lokix, F|
|poke|p1|Dragapult, M|
|poke|p1|Slowking-Galar, F|
|poke|p1|Mandibuzz, F|
|poke|p1|Great Tusk|
|poke|p1|Primarina, F|
|poke|p2|Ogerpon-Wellspring, F|
|poke|p2|Gholdengo|
|poke|p2|Rillaboom, F|
|poke|p2|Glimmora, M|
|poke|p2|Grimmsnarl, M|
|poke|p2|Great Tusk|
|teampreview
|inactive|Battle timer is ON: inactive players will automatically lose when time's up. (requested by machopped unc)
|j| averyradiant
|
|t:|1769392812
|teamsize|p1|6
|teamsize|p2|6
|start
|switch|p1a: Kamen Rider Torque|Great Tusk|100/100
|switch|p2a: Grimmsnarl|Grimmsnarl, M|100/100
|turn|1
|
|t:|1769392819
|move|p2a: Grimmsnarl|Reflect|p2a: Grimmsnarl
|-sidestart|p2: machopped unc|Reflect
|move|p1a: Kamen Rider Torque|Stealth Rock|p2a: Grimmsnarl
|-sidestart|p2: machopped unc|move: Stealth Rock
|
|upkeep
|turn|2
|
|t:|1769392824
|-end|p1a: Kamen Rider Torque|Protosynthesis|[silent]
|switch|p1a: Kamen Rider Siren|Primarina, F|100/100
|move|p2a: Grimmsnarl|Light Screen|p2a: Grimmsnarl
|-sidestart|p2: machopped unc|move: Light Screen
|
|upkeep
|turn|3
|
|t:|1769392832
|switch|p2a: Rillaboom|Rillaboom, F|100/100
|-damage|p2a: Rillaboom|88/100|[from] Stealth Rock
|-fieldstart|move: Grassy Terrain|[from] ability: Grassy Surge|[of] p2a: Rillaboom
|move|p1a: Kamen Rider Siren|Moonblast|p2a: Rillaboom
|-damage|p2a: Rillaboom|56/100
|-unboost|p2a: Rillaboom|spa|1
|
|-heal|p2a: Rillaboom|62/100|[from] Grassy Terrain
|upkeep
|turn|4
|
|t:|1769392839
|switch|p1a: Kamen Rider Scaven|Mandibuzz, F|100/100
|move|p2a: Rillaboom|U-turn|p1a: Kamen Rider Scaven
|-damage|p1a: Kamen Rider Scaven|87/100
|
|t:|1769392846
|switch|p2a: Gholdengo|Gholdengo|100/100|[from] U-turn
|-damage|p2a: Gholdengo|94/100|[from] Stealth Rock
|
|-heal|p2a: Gholdengo|100/100|[from] Grassy Terrain
|upkeep
|turn|5
|
|t:|1769392857
|switch|p1a: Kamen Rider Siren|Primarina, F|100/100
|move|p2a: Gholdengo|Nasty Plot|p2a: Gholdengo
|-boost|p2a: Gholdengo|spa|2
|
|upkeep
|turn|6
|
|t:|1769392881
|move|p2a: Gholdengo|Thunderbolt|p1a: Kamen Rider Siren
|-supereffective|p1a: Kamen Rider Siren
|-damage|p1a: Kamen Rider Siren|6/100
|move|p1a: Kamen Rider Siren|Psychic Noise|p2a: Gholdengo
|-damage|p2a: Gholdengo|78/100
|-start|p2a: Gholdengo|move: Heal Block
|
|-heal|p1a: Kamen Rider Siren|12/100|[from] Grassy Terrain
|upkeep
|turn|7
|inactive|Noamm has 120 seconds left.
|
|t:|1769392916
|move|p2a: Gholdengo|Make It Rain|p1a: Kamen Rider Siren
|-damage|p1a: Kamen Rider Siren|0 fnt
|-unboost|p2a: Gholdengo|spa|1
|faint|p1a: Kamen Rider Siren
|
|-end|p2a: Gholdengo|move: Heal Block
|upkeep
|
|t:|1769392923
|switch|p1a: Kamen Rider Shade|Dragapult, M, shiny|100/100
|turn|8
|
|t:|1769392936
|switch|p2a: Grimmsnarl|Grimmsnarl, M|100/100
|-damage|p2a: Grimmsnarl|88/100|[from] Stealth Rock
|move|p1a: Kamen Rider Shade|Shadow Ball|p2a: Grimmsnarl
|-resisted|p2a: Grimmsnarl
|-crit|p2a: Grimmsnarl
|-damage|p2a: Grimmsnarl|40/100
|-unboost|p2a: Grimmsnarl|spd|1
|
|-heal|p2a: Grimmsnarl|46/100|[from] Grassy Terrain
|-sideend|p2: machopped unc|Reflect
|upkeep
|turn|9
|
|t:|1769392947
|move|p2a: Grimmsnarl|Reflect|p2a: Grimmsnarl
|-sidestart|p2: machopped unc|Reflect
|move|p1a: Kamen Rider Shade|Shadow Ball|p2a: Grimmsnarl
|-resisted|p2a: Grimmsnarl
|-damage|p2a: Grimmsnarl|0 fnt
|faint|p2a: Grimmsnarl
|
|-sideend|p2: machopped unc|move: Light Screen
|upkeep
|
|t:|1769392953
|switch|p2a: Glimmora|Glimmora, M|100/100
|-damage|p2a: Glimmora|88/100|[from] Stealth Rock
|turn|10
|l| averyradiant
|j| averyradiant
|l| averyradiant
|inactive|Noamm has 120 seconds left.
|
|t:|1769392977
|switch|p1a: Kamen Rider Burr|Slowking-Galar, F|100/100
|move|p2a: Glimmora|Meteor Beam||[still]
|-prepare|p2a: Glimmora|Meteor Beam
|-boost|p2a: Glimmora|spa|1
|-enditem|p2a: Glimmora|Power Herb
|-anim|p2a: Glimmora|Meteor Beam|p1a: Kamen Rider Burr
|-damage|p1a: Kamen Rider Burr|42/100
|
|-heal|p2a: Glimmora|94/100|[from] Grassy Terrain
|-heal|p1a: Kamen Rider Burr|48/100|[from] Grassy Terrain
|-fieldend|move: Grassy Terrain
|upkeep
|turn|11
|
|t:|1769392990
|switch|p1a: Kamen Rider Scaven|Mandibuzz, F|87/100
|move|p2a: Glimmora|Stealth Rock|p1a: Kamen Rider Scaven
|-sidestart|p1: Noamm|move: Stealth Rock
|
|upkeep
|turn|12
|
|t:|1769392998
|move|p2a: Glimmora|Mortal Spin|p1a: Kamen Rider Scaven
|-damage|p1a: Kamen Rider Scaven|84/100
|-status|p1a: Kamen Rider Scaven|psn
|-sideend|p2: machopped unc|Stealth Rock|[from] move: Mortal Spin|[of] p2a: Glimmora
|move|p1a: Kamen Rider Scaven|Defog|p2a: Glimmora
|-unboost|p2a: Glimmora|evasion|1
|-sideend|p2: machopped unc|Reflect
|-sideend|p1: Noamm|Stealth Rock|[from] move: Defog|[of] p1a: Kamen Rider Scaven
|
|-damage|p1a: Kamen Rider Scaven|71/100 psn|[from] psn
|upkeep
|turn|13
|
|t:|1769393003
|switch|p1a: Kamen Rider Torque|Great Tusk|100/100
|move|p2a: Glimmora|Stealth Rock|p1a: Kamen Rider Torque
|-sidestart|p1: Noamm|move: Stealth Rock
|
|upkeep
|turn|14
|
|t:|1769393013
|move|p1a: Kamen Rider Torque|Headlong Rush|p2a: Glimmora
|-supereffective|p2a: Glimmora
|-damage|p2a: Glimmora|0 fnt
|-unboost|p1a: Kamen Rider Torque|def|1
|-unboost|p1a: Kamen Rider Torque|spd|1
|-activate|p2a: Glimmora|ability: Toxic Debris
|-sidestart|p1: Noamm|move: Toxic Spikes
|faint|p2a: Glimmora
|
|upkeep
|
|t:|1769393021
|switch|p2a: Ogerpon|Ogerpon-Wellspring, F|100/100
|turn|15
|
|t:|1769393026
|-end|p1a: Kamen Rider Torque|Protosynthesis|[silent]
|switch|p1a: Kamen Rider Burr|Slowking-Galar, F|82/100
|-sideend|p1: Noamm|move: Toxic Spikes|[of] p1a: Kamen Rider Burr
|move|p2a: Ogerpon|Ivy Cudgel|p1a: Kamen Rider Burr|[anim] Ivy Cudgel Water
|-damage|p1a: Kamen Rider Burr|14/100
|
|upkeep
|turn|16
|
|t:|1769393035
|move|p2a: Ogerpon|Ivy Cudgel|p1a: Kamen Rider Burr|[anim] Ivy Cudgel Water
|-damage|p1a: Kamen Rider Burr|0 fnt
|faint|p1a: Kamen Rider Burr
|
|upkeep
|
|t:|1769393039
|switch|p1a: Kamen Rider SwarmX|Lokix, F, shiny|100/100
|-damage|p1a: Kamen Rider SwarmX|76/100|[from] Stealth Rock
|turn|17
|
|t:|1769393051
|-terastallize|p1a: Kamen Rider SwarmX|Bug
|move|p1a: Kamen Rider SwarmX|First Impression|p2a: Ogerpon
|-supereffective|p2a: Ogerpon
|-damage|p2a: Ogerpon|0 fnt
|faint|p2a: Ogerpon
|
|upkeep
|
|t:|1769393063
|switch|p2a: Great Tusk|Great Tusk|100/100
|-enditem|p2a: Great Tusk|Booster Energy
|-activate|p2a: Great Tusk|ability: Protosynthesis|[fromitem]
|-start|p2a: Great Tusk|protosynthesisspe
|turn|18
|
|t:|1769393068
|switch|p1a: Kamen Rider Torque|Great Tusk|100/100
|move|p2a: Great Tusk|Bulk Up|p2a: Great Tusk
|-boost|p2a: Great Tusk|atk|1
|-boost|p2a: Great Tusk|def|1
|
|upkeep
|turn|19
|
|t:|1769393073
|move|p2a: Great Tusk|Bulk Up|p2a: Great Tusk
|-boost|p2a: Great Tusk|atk|1
|-boost|p2a: Great Tusk|def|1
|move|p1a: Kamen Rider Torque|Rapid Spin|p2a: Great Tusk
|-damage|p2a: Great Tusk|95/100
|-boost|p1a: Kamen Rider Torque|spe|1
|-sideend|p1: Noamm|Stealth Rock|[from] move: Rapid Spin|[of] p1a: Kamen Rider Torque
|
|upkeep
|turn|20
|
|t:|1769393080
|move|p2a: Great Tusk|Bulk Up|p2a: Great Tusk
|-boost|p2a: Great Tusk|atk|1
|-boost|p2a: Great Tusk|def|1
|move|p1a: Kamen Rider Torque|Ice Spinner|p2a: Great Tusk
|-supereffective|p2a: Great Tusk
|-damage|p2a: Great Tusk|80/100
|
|upkeep
|turn|21
|
|t:|1769393095
|move|p1a: Kamen Rider Torque|Ice Spinner|p2a: Great Tusk
|-supereffective|p2a: Great Tusk
|-damage|p2a: Great Tusk|65/100
|move|p2a: Great Tusk|Headlong Rush|p1a: Kamen Rider Torque
|-crit|p1a: Kamen Rider Torque
|-damage|p1a: Kamen Rider Torque|0 fnt
|-unboost|p2a: Great Tusk|def|1
|-unboost|p2a: Great Tusk|spd|1
|faint|p1a: Kamen Rider Torque
|-end|p1a: Kamen Rider Torque|Protosynthesis|[silent]
|
|upkeep
|
|t:|1769393116
|switch|p1a: Kamen Rider Scaven|Mandibuzz, F|71/100 psn
|turn|22
|
|t:|1769393124
|move|p2a: Great Tusk|Taunt|p1a: Kamen Rider Scaven
|-start|p1a: Kamen Rider Scaven|move: Taunt
|move|p1a: Kamen Rider Scaven|Foul Play|p2a: Great Tusk
|-resisted|p2a: Great Tusk
|-damage|p2a: Great Tusk|50/100
|
|-damage|p1a: Kamen Rider Scaven|59/100 psn|[from] psn
|upkeep
|turn|23
|
|t:|1769393135
|move|p2a: Great Tusk|Head Smash|p1a: Kamen Rider Scaven
|-supereffective|p1a: Kamen Rider Scaven
|-damage|p1a: Kamen Rider Scaven|0 fnt
|faint|p1a: Kamen Rider Scaven
|-damage|p2a: Great Tusk|21/100|[from] Recoil
|
|upkeep
|
|t:|1769393139
|switch|p1a: Kamen Rider SwarmX|Lokix, F, shiny, tera:Bug|76/100
|turn|24
|
|t:|1769393145
|move|p1a: Kamen Rider SwarmX|First Impression|p2a: Great Tusk
|-resisted|p2a: Great Tusk
|-damage|p2a: Great Tusk|0 fnt
|faint|p2a: Great Tusk
|-end|p2a: Great Tusk|Protosynthesis|[silent]
|
|upkeep
|
|t:|1769393155
|switch|p2a: Gholdengo|Gholdengo|78/100
|turn|25
|
|t:|1769393160
|-terastallize|p2a: Gholdengo|Steel
|move|p1a: Kamen Rider SwarmX|First Impression||[still]
|-hint|First Impression only works on your first turn out.
|-fail|p1a: Kamen Rider SwarmX
|move|p2a: Gholdengo|Make It Rain|p1a: Kamen Rider SwarmX
|-damage|p1a: Kamen Rider SwarmX|0 fnt
|-unboost|p2a: Gholdengo|spa|1
|faint|p1a: Kamen Rider SwarmX
|
|upkeep
|
|t:|1769393164
|switch|p1a: Kamen Rider Shade|Dragapult, M, shiny|100/100
|turn|26
|
|t:|1769393168
|move|p1a: Kamen Rider Shade|Flamethrower|p2a: Gholdengo
|-supereffective|p2a: Gholdengo
|-damage|p2a: Gholdengo|0 fnt
|faint|p2a: Gholdengo
|
|upkeep
|-message|machopped unc forfeited.
|
|win|Noamm
|raw|Noamm's rating: 1710 &rarr; <strong>1732</strong><br />(+22 for winning)
|raw|machopped unc's rating: 1741 &rarr; <strong>1719</strong><br />(-22 for losing)
|l|‽machopped unc
|player|p2|
|l|☆Noamm
|player|p1|
