|j|☆HCaldwell333
|j|☆Haitianprinc3
|t:|1769438964
|gametype|singles
|player|p1|HCaldwell333|102|1340
|player|p2|Haitianprinc3|265|1319
|gen|9
|tier|[Gen 9] OU
|rated|
|rule|HP Percentage Mod: HP is shown in percentages
|rule|Endless Battle Clause: Forcing endless battles is banned
|rule|Species Clause: Limit one of each Pokémon
|rule|OHKO Clause: OHKO moves are banned
|rule|Evasion Items Clause: Evasion items are banned
|rule|Evasion Moves Clause: Evasion moves are banned
|rule|Evasion Abilities Clause: Evasion abilities are banned
|rule|Sleep Moves Clause: Sleep-inducing moves are banned
|clearpoke
|poke|p1|Iron Valiant|
|poke|p1|Excadrill, M|
|poke|p1|Tyranitar, M|
|poke|p1|Tornadus-Therian, M|
|poke|p1|Ogerpon-Cornerstone, F|
|poke|p1|Toxapex, M|
|poke|p2|Politoed, F|
|poke|p2|Landorus-Therian, M|
|poke|p2|Floatzel, M|
|poke|p2|Kingdra, M|
|poke|p2|Tornadus-Therian, M|
|poke|p2|Azumarill, M|
|teampreview
|inactive|Battle timer is ON: inactive players will automatically lose when time's up. (requested by Haitianprinc3)
|
|t:|1769438984
|teamsize|p1|6
|teamsize|p2|6
|start
|switch|p1a: Tornadus|Tornadus-Therian, M, shiny|100/100
|switch|p2a: Politoed|Politoed, F, shiny|100/100
|-weather|RainDance|[from] ability: Drizzle|[of] p2a: Politoed
|turn|1
|
|t:|1769438992
|move|p1a: Tornadus|Bleakwind Storm|p2a: Politoed
|-damage|p2a: Politoed|38/100
|move|p2a: Politoed|Surf|p1a: Tornadus
|-damage|p1a: Tornadus|27/100
|
|-weather|RainDance|[upkeep]
|upkeep
|turn|2
|
|t:|1769439006
|switch|p2a: Tornadus|Tornadus-Therian, M|100/100
|move|p1a: Tornadus|Bleakwind Storm|p2a: Tornadus
|-damage|p2a: Tornadus|56/100
|
|-weather|RainDance|[upkeep]
|upkeep
|turn|3
|
|t:|1769439014
|switch|p1a: Tyranitar|Tyranitar, M, shiny|100/100
|-weather|Sandstorm|[from] ability: Sand Stream|[of] p1a: Tyranitar
|move|p2a: Tornadus|Hurricane|p1a: Tyranitar
|-resisted|p1a: Tyranitar
|-crit|p1a: Tyranitar
|-damage|p1a: Tyranitar|74/100
|
|-weather|Sandstorm|[upkeep]
|-damage|p2a: Tornadus|50/100|[from] Sandstorm
|upkeep
|turn|4
|
|t:|1769439028
|switch|p1a: Toxapex|Toxapex, M, shiny|100/100
|move|p2a: Tornadus|U-turn|p1a: Toxapex
|-resisted|p1a: Toxapex
|-damage|p1a: Toxapex|95/100
|-enditem|p1a: Toxapex|Eject Button
|
|t:|1769439038
|switch|p1a: Ogerpon|Ogerpon-Cornerstone, F|100/100
|
|-weather|Sandstorm|[upkeep]
|-damage|p2a: Tornadus|44/100|[from] Sandstorm
|upkeep
|turn|5
|inactive|Haitianprinc3 has 120 seconds left.
|
|t:|1769439088
|move|p1a: Ogerpon|Ivy Cudgel|p2a: Tornadus|[anim] Ivy Cudgel Rock
|-supereffective|p2a: Tornadus
|-crit|p2a: Tornadus
|-damage|p2a: Tornadus|0 fnt
|faint|p2a: Tornadus
|
|-weather|Sandstorm|[upkeep]
|upkeep
|
|t:|1769439096
|switch|p2a: Politoed|Politoed, F, shiny|38/100
|-weather|RainDance|[from] ability: Drizzle|[of] p2a: Politoed
|turn|6
|
|t:|1769439112
|move|p1a: Ogerpon|Ivy Cudgel|p2a: Politoed|[anim] Ivy Cudgel Rock
|-damage|p2a: Politoed|0 fnt
|faint|p2a: Politoed
|
|-weather|RainDance|[upkeep]
|upkeep
|
|t:|1769439127
|switch|p2a: Floatzel|Floatzel, M|100/100
|turn|7
|
|t:|1769439132
|move|p2a: Floatzel|Wave Crash|p1a: Ogerpon
|-ability|p1a: Ogerpon|Sturdy
|-damage|p1a: Ogerpon|1/100
|-damage|p2a: Floatzel|69/100|[from] Recoil
|move|p1a: Ogerpon|Power Whip|p2a: Floatzel
|-supereffective|p2a: Floatzel
|-damage|p2a: Floatzel|0 fnt
|faint|p2a: Floatzel
|
|-weather|RainDance|[upkeep]
|upkeep
|
|t:|1769439140
|switch|p2a: Kingdra|Kingdra, M, shiny|100/100
|turn|8
|
|t:|1769439145
|move|p2a: Kingdra|Flip Turn|p1a: Ogerpon
|-damage|p1a: Ogerpon|0 fnt
|faint|p1a: Ogerpon
|inactive|Haitianprinc3 has 120 seconds left.
|
|t:|1769439153
|switch|p2a: Azumarill|Azumarill, M|100/100|[from] Flip Turn
|
|-weather|RainDance|[upkeep]
|upkeep
|
|t:|1769439164
|switch|p1a: Toxapex|Toxapex, M, shiny|100/100
|turn|9
|
|t:|1769439169
|move|p2a: Azumarill|Knock Off|p1a: Toxapex
|-damage|p1a: Toxapex|80/100
|move|p1a: Toxapex|Haze|p1a: Toxapex
|-clearallboost
|
|-weather|RainDance|[upkeep]
|upkeep
|turn|10
|
|t:|1769439176
|switch|p2a: Kingdra|Kingdra, M, shiny|100/100
|move|p1a: Toxapex|Toxic|p2a: Kingdra
|-status|p2a: Kingdra|tox
|
|-weather|RainDance|[upkeep]
|-damage|p2a: Kingdra|94/100 tox|[from] psn
|upkeep
|turn|11
|
|t:|1769439190
|switch|p1a: Tyranitar|Tyranitar, M, shiny|74/100
|-weather|Sandstorm|[from] ability: Sand Stream|[of] p1a: Tyranitar
|move|p2a: Kingdra|Surf|p1a: Tyranitar
|-supereffective|p1a: Tyranitar
|-damage|p1a: Tyranitar|0 fnt
|faint|p1a: Tyranitar
|
|-weather|Sandstorm|[upkeep]
|-damage|p2a: Kingdra|88/100 tox|[from] Sandstorm
|-damage|p2a: Kingdra|76/100 tox|[from] psn
|upkeep
|
|t:|1769439199
|switch|p1a: Iron Valiant|Iron Valiant, shiny|100/100
|turn|12
|
|t:|1769439205
|move|p1a: Iron Valiant|Moonblast|p2a: Kingdra
|-supereffective|p2a: Kingdra
|-damage|p2a: Kingdra|0 fnt
|faint|p2a: Kingdra
|
|-weather|Sandstorm|[upkeep]
|-damage|p1a: Iron Valiant|94/100|[from] Sandstorm
|upkeep
|
|t:|1769439209
|switch|p2a: Azumarill|Azumarill, M|100/100
|turn|13
|
|t:|1769439216
|move|p1a: Iron Valiant|Moonblast|p2a: Azumarill
|-damage|p2a: Azumarill|54/100
|-unboost|p2a: Azumarill|spa|1
|move|p2a: Azumarill|Play Rough|p1a: Iron Valiant
|-supereffective|p1a: Iron Valiant
|-damage|p1a: Iron Valiant|0 fnt
|faint|p1a: Iron Valiant
|-end|p1a: Iron Valiant|Quark Drive|[silent]
|
|-weather|Sandstorm|[upkeep]
|-damage|p2a: Azumarill|48/100|[from] Sandstorm
|upkeep
|
|t:|1769439236
|switch|p1a: Tornadus|Tornadus-Therian, M, shiny|60/100
|turn|14
|
|t:|1769439243
|switch|p1a: Toxapex|Toxapex, M, shiny|100/100
|move|p2a: Azumarill|Knock Off|p1a: Toxapex
|-damage|p1a: Toxapex|82/100
|
|-weather|Sandstorm|[upkeep]
|-damage|p2a: Azumarill|41/100|[from] Sandstorm
|-damage|p1a: Toxapex|76/100|[from] Sandstorm
|upkeep
|turn|15
|
|t:|1769439248
|move|p2a: Azumarill|Liquidation|p1a: Toxapex
|-resisted|p1a: Toxapex
|-damage|p1a: Toxapex|57/100
|move|p1a: Toxapex|Toxic|p2a: Azumarill
|-status|p2a: Azumarill|tox
|
|-weather|Sandstorm|[upkeep]
|-damage|p2a: Azumarill|35/100 tox|[from] Sandstorm
|-damage|p1a: Toxapex|51/100|[from] Sandstorm
|-damage|p2a: Azumarill|29/100 tox|[from] psn
|upkeep
|turn|16
|
|t:|1769439254
|move|p2a: Azumarill|Liquidation|p1a: Toxapex
|-resisted|p1a: Toxapex
|-damage|p1a: Toxapex|31/100
|move|p1a: Toxapex|Recover|p1a: Toxapex
|-heal|p1a: Toxapex|81/100
|
|-weather|Sandstorm|[upkeep]
|-damage|p2a: Azumarill|23/100 tox|[from] Sandstorm
|-damage|p1a: Toxapex|75/100|[from] Sandstorm
|-damage|p2a: Azumarill|10/100 tox|[from] psn
|upkeep
|turn|17
|
|t:|1769439261
|move|p2a: Azumarill|Liquidation|p1a: Toxapex
|-resisted|p1a: Toxapex
|-crit|p1a: Toxapex
|-damage|p1a: Toxapex|45/100
|move|p1a: Toxapex|Recover|p1a: Toxapex
|-heal|p1a: Toxapex|95/100
|
|-weather|Sandstorm|[upkeep]
|-damage|p2a: Azumarill|4/100 tox|[from] Sandstorm
|-damage|p1a: Toxapex|89/100|[from] Sandstorm
|-damage|p2a: Azumarill|0 fnt|[from] psn
|faint|p2a: Azumarill
|upkeep
|
|t:|1769439268
|switch|p2a: Landorus|Landorus-Therian, M|100/100
|-ability|p2a: Landorus|Intimidate|boost
|-unboost|p1a: Toxapex|atk|1
|turn|18
|-message|Haitianprinc3 forfeited.
|
|win|HCaldwell333
|raw|HCaldwell333's rating: 1340 &rarr; <strong>1359</strong><br />(+19 for winning)
|raw|Haitianprinc3's rating: 1319 &rarr; <strong>1300</strong><br />(-19 for losing)
|l|☆Haitianprinc3
|player|p2|
|l|☆HCaldwell333
|player|p1|
