|j|☆Starr_tots
|j|☆thebugkid
|t:|1769317200
|gametype|singles
|player|p1|Starr_tots|aromalady|1342
|player|p2|thebugkid|bugsy-gen2|1345
|gen|9
|tier|[Gen 9] OU
|rated|
|rule|HP Percentage Mod: HP is shown in percentages
|rule|Endless Battle Clause: Forcing endless battles is banned
|rule|Species Clause: Limit one of each Pokémon
|rule|OHKO Clause: OHKO moves are banned
|rule|Evasion Items Clause: Evasion items are banned
|rule|Evasion Moves Clause: Evasion moves are banned
|rule|Evasion Abilities Clause: Evasion abilities are banned
|rule|Sleep Moves Clause: Sleep-inducing moves are banned
|clearpoke
|poke|p1|Moltres|
|poke|p1|Pecharunt|
|poke|p1|Mabosstiff, F|
|poke|p1|Slowking-Galar, F|
|poke|p1|Landorus-Therian, M|
|poke|p1|Ogerpon-Wellspring, F|
|poke|p2|Great Tusk|
|poke|p2|Venusaur, F|
|poke|p2|Kingambit, M|
|poke|p2|Walking Wake|
|poke|p2|Ninetales, M|
|poke|p2|Raging Bolt|
|teampreview
|j| Mr. Reese
|
|t:|1769317228
|teamsize|p1|6
|teamsize|p2|6
|start
|switch|p1a: El Tigre|Landorus-Therian, M|100/100
|switch|p2a: the|Ninetales, M, shiny|100/100
|-weather|SunnyDay|[from] ability: Drought|[of] p2a: the
|-ability|p1a: El Tigre|Intimidate|boost
|-unboost|p2a: the|atk|1
|turn|1
|
|t:|1769317275
|switch|p2a: buddy|Walking Wake|100/100
|-activate|p2a: buddy|ability: Protosynthesis
|-start|p2a: buddy|protosynthesisspe
|move|p1a: El Tigre|Stealth Rock|p2a: buddy
|-sidestart|p2: thebugkid|move: Stealth Rock
|
|-weather|SunnyDay|[upkeep]
|upkeep
|turn|2
|
|t:|1769317287
|switch|p1a: Cypress|Slowking-Galar, F|100/100
|move|p2a: buddy|Hydro Steam|p1a: Cypress
|-damage|p1a: Cypress|75/100
|
|-weather|SunnyDay|[upkeep]
|upkeep
|turn|3
|
|t:|1769317300
|move|p2a: buddy|Hydro Steam|p1a: Cypress
|-damage|p1a: Cypress|49/100
|move|p1a: Cypress|Sludge Bomb|p2a: buddy
|-damage|p2a: buddy|62/100
|
|-weather|SunnyDay|[upkeep]
|upkeep
|turn|4
|
|t:|1769317312
|switch|p1a: Daughter|Ogerpon-Wellspring, F|100/100
|-terastallize|p2a: buddy|Dragon
|move|p2a: buddy|Draco Meteor|p1a: Daughter
|-damage|p1a: Daughter|0 fnt
|-unboost|p2a: buddy|spa|2
|faint|p1a: Daughter
|
|-weather|SunnyDay|[upkeep]
|upkeep
|
|t:|1769317335
|switch|p1a: Cypress|Slowking-Galar, F|82/100
|turn|5
|
|t:|1769317345
|-end|p2a: buddy|Protosynthesis|[silent]
|switch|p2a: an|Kingambit, M, shiny|100/100
|-damage|p2a: an|94/100|[from] Stealth Rock
|-item|p2a: an|Air Balloon
|move|p1a: Cypress|Ice Beam|p2a: an
|-resisted|p2a: an
|-damage|p2a: an|83/100
|-enditem|p2a: an|Air Balloon
|
|-weather|SunnyDay|[upkeep]
|upkeep
|turn|6
|
|t:|1769317355
|move|p2a: an|Kowtow Cleave|p1a: Cypress
|-supereffective|p1a: Cypress
|-damage|p1a: Cypress|0 fnt
|faint|p1a: Cypress
|
|-weather|SunnyDay|[upkeep]
|upkeep
|
|t:|1769317360
|switch|p1a: ChickenJoy|Moltres|100/100
|turn|7
|c| Mr. Reese|MORE LIKE CHICKEN JOCKEY
|
|t:|1769317406
|-end|p2a: an|fallenundefined|[silent]
|switch|p2a: why|Raging Bolt|100/100
|-damage|p2a: why|88/100|[from] Stealth Rock
|-activate|p2a: why|ability: Protosynthesis
|-start|p2a: why|protosynthesisspa
|move|p1a: ChickenJoy|Will-O-Wisp|p2a: why
|-status|p2a: why|brn
|
|-weather|SunnyDay|[upkeep]
|-heal|p2a: why|94/100 brn|[from] item: Leftovers
|-damage|p2a: why|88/100 brn|[from] brn
|upkeep
|turn|8
|c|☆Starr_tots|nahhhh jollibee chickenjoy
|
|t:|1769317417
|move|p2a: why|Dragon Pulse|p1a: ChickenJoy
|-damage|p1a: ChickenJoy|48/100
|move|p1a: ChickenJoy|Scorching Sands|p2a: why
|-supereffective|p2a: why
|-damage|p2a: why|51/100 brn
|
|-weather|none
|-end|p2a: why|Protosynthesis
|-heal|p2a: why|57/100 brn|[from] item: Leftovers
|-damage|p2a: why|51/100 brn|[from] brn
|upkeep
|turn|9
|
|t:|1769317434
|switch|p1a: El Tigre|Landorus-Therian, M|100/100
|-ability|p1a: El Tigre|Intimidate|boost
|-unboost|p2a: why|atk|1
|move|p2a: why|Dragon Pulse|p1a: El Tigre
|-damage|p1a: El Tigre|65/100
|
|-heal|p2a: why|57/100 brn|[from] item: Leftovers
|-heal|p1a: El Tigre|71/100|[from] item: Leftovers
|-damage|p2a: why|51/100 brn|[from] brn
|upkeep
|turn|10
|c| Mr. Reese|YOU RIGHT
|c| Mr. Reese|SHOUT OUT ALL THE FILIPINOS
|c|☆Starr_tots|PHILIPPINES MENTIONED RAAAAAHHHHHHHH
|
|t:|1769317491
|-end|p2a: why|Protosynthesis|[silent]
|switch|p2a: ?|Great Tusk, shiny|100/100
|-damage|p2a: ?|98/100|[from] Stealth Rock
|move|p1a: El Tigre|Earthquake|p2a: ?
|-damage|p2a: ?|68/100
|
|-heal|p1a: El Tigre|77/100|[from] item: Leftovers
|upkeep
|turn|11
|
|t:|1769317500
|switch|p1a: BigBoss|Mabosstiff, F|100/100
|-ability|p1a: BigBoss|Intimidate|boost
|-unboost|p2a: ?|atk|1
|move|p2a: ?|Ice Spinner|p1a: BigBoss
|-damage|p1a: BigBoss|82/100
|-enditem|p1a: BigBoss|Kee Berry|[eat]
|-boost|p1a: BigBoss|def|1|[from] item: Kee Berry
|
|upkeep
|turn|12
|
|t:|1769317510
|move|p2a: ?|Rapid Spin|p1a: BigBoss
|-damage|p1a: BigBoss|75/100
|-boost|p2a: ?|spe|1
|-sideend|p2: thebugkid|Stealth Rock|[from] move: Rapid Spin|[of] p2a: ?
|move|p1a: BigBoss|Jaw Lock|p2a: ?
|-resisted|p2a: ?
|-crit|p2a: ?
|-damage|p2a: ?|52/100
|-activate|p1a: BigBoss|trapped
|-activate|p2a: ?|trapped
|
|upkeep
|turn|13
|
|t:|1769317526
|-terastallize|p1a: BigBoss|Bug
|move|p2a: ?|Close Combat|p1a: BigBoss
|-resisted|p1a: BigBoss
|-damage|p1a: BigBoss|62/100
|-unboost|p2a: ?|def|1
|-unboost|p2a: ?|spd|1
|move|p1a: BigBoss|Trailblaze|p2a: ?
|-supereffective|p2a: ?
|-damage|p2a: ?|26/100
|-boost|p1a: BigBoss|spe|1
|
|upkeep
|turn|14
|
|t:|1769317540
|move|p2a: ?|Close Combat|p1a: BigBoss
|-resisted|p1a: BigBoss
|-damage|p1a: BigBoss|48/100
|-unboost|p2a: ?|def|1
|-unboost|p2a: ?|spd|1
|move|p1a: BigBoss|Hone Claws|p1a: BigBoss
|-boost|p1a: BigBoss|atk|1
|-boost|p1a: BigBoss|accuracy|1
|
|upkeep
|turn|15
|
|t:|1769317549
|move|p2a: ?|Close Combat|p1a: BigBoss
|-resisted|p1a: BigBoss
|-damage|p1a: BigBoss|35/100
|-unboost|p2a: ?|def|1
|-unboost|p2a: ?|spd|1
|move|p1a: BigBoss|Hone Claws|p1a: BigBoss
|-boost|p1a: BigBoss|atk|1
|-boost|p1a: BigBoss|accuracy|1
|
|upkeep
|turn|16
|
|t:|1769317559
|move|p2a: ?|Close Combat|p1a: BigBoss
|-resisted|p1a: BigBoss
|-damage|p1a: BigBoss|22/100
|-unboost|p2a: ?|def|1
|-unboost|p2a: ?|spd|1
|move|p1a: BigBoss|Rest|p1a: BigBoss
|-status|p1a: BigBoss|slp|[from] move: Rest
|-heal|p1a: BigBoss|100/100 slp|[silent]
|
|upkeep
|turn|17
|
|t:|1769317568
|move|p2a: ?|Ice Spinner|p1a: BigBoss
|-damage|p1a: BigBoss|89/100 slp
|cant|p1a: BigBoss|slp
|
|upkeep
|turn|18
|c|☆Starr_tots|peep the tech big boss on top
|
|t:|1769317582
|move|p2a: ?|Close Combat|p1a: BigBoss
|-resisted|p1a: BigBoss
|-damage|p1a: BigBoss|76/100 slp
|-unboost|p2a: ?|def|1
|-unboost|p2a: ?|spd|1
|cant|p1a: BigBoss|slp
|
|upkeep
|turn|19
|
|t:|1769317589
|move|p2a: ?|Ice Spinner|p1a: BigBoss
|-damage|p1a: BigBoss|63/100 slp
|-curestatus|p1a: BigBoss|slp|[msg]
|move|p1a: BigBoss|Hone Claws|p1a: BigBoss
|-boost|p1a: BigBoss|atk|1
|-boost|p1a: BigBoss|accuracy|1
|
|upkeep
|turn|20
|
|t:|1769317596
|move|p2a: ?|Ice Spinner|p1a: BigBoss
|-crit|p1a: BigBoss
|-damage|p1a: BigBoss|27/100
|move|p1a: BigBoss|Hone Claws|p1a: BigBoss
|-boost|p1a: BigBoss|atk|1
|-boost|p1a: BigBoss|accuracy|1
|
|upkeep
|turn|21
|c| Mr. Reese|THIS IS INVENTIVE TECH
|
|t:|1769317605
|move|p2a: ?|Ice Spinner|p1a: BigBoss
|-damage|p1a: BigBoss|15/100
|move|p1a: BigBoss|Rest|p1a: BigBoss
|-status|p1a: BigBoss|slp|[from] move: Rest
|-heal|p1a: BigBoss|100/100 slp|[silent]
|
|upkeep
|turn|22
|c| Mr. Reese|SORRY MY KEYBOARD IS STUCK ON CAPS LOCL
|c|☆Starr_tots|cant take credit, guy called hyper offense on yt
|
|t:|1769317626
|move|p2a: ?|Ice Spinner|p1a: BigBoss
|-damage|p1a: BigBoss|89/100 slp
|cant|p1a: BigBoss|slp
|
|upkeep
|turn|23
|c|☆Starr_tots|all gs
|
|t:|1769317638
|move|p2a: ?|Headlong Rush|p1a: BigBoss
|-resisted|p1a: BigBoss
|-damage|p1a: BigBoss|76/100 slp
|-unboost|p2a: ?|def|1
|-unboost|p2a: ?|spd|1
|cant|p1a: BigBoss|slp
|
|upkeep
|turn|24
|
|t:|1769317646
|move|p2a: ?|Close Combat|p1a: BigBoss
|-resisted|p1a: BigBoss
|-damage|p1a: BigBoss|62/100 slp
|-curestatus|p1a: BigBoss|slp|[msg]
|move|p1a: BigBoss|Hone Claws|p1a: BigBoss
|-boost|p1a: BigBoss|atk|1
|-boost|p1a: BigBoss|accuracy|1
|
|upkeep
|turn|25
|c| Mr. Reese|YEAH I THINK I SAW THIS ON TWITTER EARLIER
|
|t:|1769317663
|move|p2a: ?|Close Combat|p1a: BigBoss
|-resisted|p1a: BigBoss
|-damage|p1a: BigBoss|49/100
|move|p1a: BigBoss|Hone Claws|p1a: BigBoss
|-boost|p1a: BigBoss|atk|1
|-boost|p1a: BigBoss|accuracy|1
|
|upkeep
|turn|26
|
|t:|1769317671
|move|p2a: ?|Close Combat|p1a: BigBoss
|-resisted|p1a: BigBoss
|-damage|p1a: BigBoss|36/100
|move|p1a: BigBoss|Rest|p1a: BigBoss
|-status|p1a: BigBoss|slp|[from] move: Rest
|-heal|p1a: BigBoss|100/100 slp|[silent]
|
|upkeep
|turn|27
|
|t:|1769317679
|move|p2a: ?|Headlong Rush|p1a: BigBoss
|-resisted|p1a: BigBoss
|-damage|p1a: BigBoss|87/100 slp
|cant|p1a: BigBoss|slp
|
|upkeep
|turn|28
|
|t:|1769317688
|move|p2a: ?|Headlong Rush|p1a: BigBoss
|-resisted|p1a: BigBoss
|-damage|p1a: BigBoss|74/100 slp
|cant|p1a: BigBoss|slp
|
|upkeep
|turn|29
|c|☆Starr_tots|aight now watch this shit
|
|t:|1769317697
|move|p2a: ?|Headlong Rush|p1a: BigBoss
|-resisted|p1a: BigBoss
|-damage|p1a: BigBoss|61/100 slp
|-curestatus|p1a: BigBoss|slp|[msg]
|move|p1a: BigBoss|Rest|p1a: BigBoss
|-status|p1a: BigBoss|slp|[from] move: Rest
|-heal|p1a: BigBoss|100/100 slp|[silent]
|
|upkeep
|turn|30
|c| Mr. Reese|WATCHING
|c| Mr. Reese|BRUH
|
|t:|1769317707
|move|p2a: ?|Headlong Rush|p1a: BigBoss
|-resisted|p1a: BigBoss
|-damage|p1a: BigBoss|87/100 slp
|cant|p1a: BigBoss|slp
|
|upkeep
|turn|31
|c|☆Starr_tots|need a turn 1 sleep or thunderclap fucks me up
|
|t:|1769317721
|move|p2a: ?|Headlong Rush|p1a: BigBoss
|-resisted|p1a: BigBoss
|-damage|p1a: BigBoss|74/100 slp
|cant|p1a: BigBoss|slp
|
|upkeep
|turn|32
|
|t:|1769317729
|move|p2a: ?|Headlong Rush|p1a: BigBoss
|-resisted|p1a: BigBoss
|-damage|p1a: BigBoss|60/100 slp
|-curestatus|p1a: BigBoss|slp|[msg]
|move|p1a: BigBoss|Rest|p1a: BigBoss
|-status|p1a: BigBoss|slp|[from] move: Rest
|-heal|p1a: BigBoss|100/100 slp|[silent]
|
|upkeep
|turn|33
|c|☆Starr_tots|havent done all the calcs on sucker tho so this is live experimentin
|
|t:|1769317748
|move|p2a: ?|Headlong Rush|p1a: BigBoss
|-resisted|p1a: BigBoss
|-damage|p1a: BigBoss|88/100 slp
|cant|p1a: BigBoss|slp
|
|upkeep
|turn|34
|
|t:|1769317754
|move|p2a: ?|Ice Spinner|p1a: BigBoss
|-damage|p1a: BigBoss|76/100 slp
|cant|p1a: BigBoss|slp
|
|upkeep
|turn|35
|
|t:|1769317760
|move|p2a: ?|Ice Spinner|p1a: BigBoss
|-damage|p1a: BigBoss|65/100 slp
|-curestatus|p1a: BigBoss|slp|[msg]
|move|p1a: BigBoss|Rest|p1a: BigBoss
|-status|p1a: BigBoss|slp|[from] move: Rest
|-heal|p1a: BigBoss|100/100 slp|[silent]
|
|upkeep
|turn|36
|
|t:|1769317769
|move|p2a: ?|Ice Spinner|p1a: BigBoss
|-damage|p1a: BigBoss|88/100 slp
|cant|p1a: BigBoss|slp
|
|upkeep
|turn|37
|
|t:|1769317774
|move|p2a: ?|Ice Spinner|p1a: BigBoss
|-damage|p1a: BigBoss|78/100 slp
|cant|p1a: BigBoss|slp
|
|upkeep
|turn|38
|c|☆Starr_tots|imma jus go for it after this one
|
|t:|1769317785
|move|p2a: ?|Rapid Spin|p1a: BigBoss
|-damage|p1a: BigBoss|70/100 slp
|-boost|p2a: ?|spe|1
|-curestatus|p1a: BigBoss|slp|[msg]
|move|p1a: BigBoss|Trailblaze|p2a: ?
|-supereffective|p2a: ?
|-damage|p2a: ?|0 fnt
|-boost|p1a: BigBoss|spe|1
|faint|p2a: ?
|-end|p2a: ?|Protosynthesis|[silent]
|
|upkeep
|
|t:|1769317795
|switch|p2a: why|Raging Bolt|51/100 brn
|turn|39
|c|☆Starr_tots|COME ON BIG BOSS I BELIEVE IN YOU
|c| Mr. Reese|THE LOCK IS OVER
|
|t:|1769317805
|move|p2a: why|Thunderclap||[still]
|-fail|p2a: why
|move|p1a: BigBoss|Rest|p1a: BigBoss
|-status|p1a: BigBoss|slp|[from] move: Rest
|-heal|p1a: BigBoss|100/100 slp|[silent]
|
|-heal|p2a: why|57/100 brn|[from] item: Leftovers
|-damage|p2a: why|51/100 brn|[from] brn
|upkeep
|turn|40
|
|t:|1769317815
|cant|p1a: BigBoss|slp
|move|p2a: why|Thunderbolt|p1a: BigBoss
|-damage|p1a: BigBoss|50/100 slp
|
|-heal|p2a: why|57/100 brn|[from] item: Leftovers
|-damage|p2a: why|51/100 brn|[from] brn
|upkeep
|turn|41
|c|☆Starr_tots|hehehe for the love of the game
|
|t:|1769317832
|cant|p1a: BigBoss|slp
|move|p2a: why|Thunderbolt|p1a: BigBoss
|-damage|p1a: BigBoss|0 fnt
|faint|p1a: BigBoss
|
|-heal|p2a: why|57/100 brn|[from] item: Leftovers
|-damage|p2a: why|51/100 brn|[from] brn
|upkeep
|
|t:|1769317840
|switch|p1a: El Tigre|Landorus-Therian, M|77/100
|-ability|p1a: El Tigre|Intimidate|boost
|-unboost|p2a: why|atk|1
|turn|42
|c|☆thebugkid|bugkid approved
|
|t:|1769317853
|-end|p2a: why|Protosynthesis|[silent]
|switch|p2a: the|Ninetales, M, shiny|100/100
|-weather|SunnyDay|[from] ability: Drought|[of] p2a: the
|move|p1a: El Tigre|Earthquake|p2a: the
|-supereffective|p2a: the
|-damage|p2a: the|0 fnt
|faint|p2a: the
|
|-weather|SunnyDay|[upkeep]
|-heal|p1a: El Tigre|83/100|[from] item: Leftovers
|upkeep
|
|t:|1769317861
|switch|p2a: buddy|Walking Wake, tera:Dragon|62/100
|-activate|p2a: buddy|ability: Protosynthesis
|-start|p2a: buddy|protosynthesisspe
|turn|43
|c|☆Starr_tots|y'all stayed the whole time so you can have it honestly, everyone else jus leaves
|
|t:|1769317868
|move|p2a: buddy|Hydro Steam|p1a: El Tigre
|-supereffective|p1a: El Tigre
|-damage|p1a: El Tigre|0 fnt
|faint|p1a: El Tigre
|
|-weather|SunnyDay|[upkeep]
|upkeep
|
|t:|1769317874
|switch|p1a: & cream|Pecharunt|100/100
|turn|44
|
|t:|1769317879
|move|p2a: buddy|Draco Meteor|p1a: & cream
|-damage|p1a: & cream|0 fnt
|-unboost|p2a: buddy|spa|2
|faint|p1a: & cream
|
|-weather|SunnyDay|[upkeep]
|upkeep
|c| Mr. Reese|GOSTA SEE IT THRU
|
|t:|1769317885
|switch|p1a: ChickenJoy|Moltres|48/100
|turn|45
|c| Mr. Reese|WAKE RAHH
|c|☆Starr_tots|fun stuff gg
|
|t:|1769317894
|move|p2a: buddy|Hydro Steam|p1a: ChickenJoy
|-supereffective|p1a: ChickenJoy
|-damage|p1a: ChickenJoy|0 fnt
|faint|p1a: ChickenJoy
|
|win|thebugkid
|raw|Starr_tots's rating: 1342 &rarr; <strong>1322</strong><br />(-20 for losing)
|raw|thebugkid's rating: 1345 &rarr; <strong>1365</strong><br />(+20 for winning)
|c|☆thebugkid|gg
|l|☆thebugkid
|player|p2|
|l|☆Starr_tots
|player|p1|
|l| Mr. Reese
