|j|☆Crystraco
|j|☆rugster555
|t:|1769349685
|gametype|singles
|player|p1|Crystraco|265|1590
|player|p2|rugster555|ninjaboy|1563
|gen|9
|tier|[Gen 9] OU
|rated|
|rule|HP Percentage Mod: HP is shown in percentages
|rule|Endless Battle Clause: Forcing endless battles is banned
|rule|Species Clause: Limit one of each Pokémon
|rule|OHKO Clause: OHKO moves are banned
|rule|Evasion Items Clause: Evasion items are banned
|rule|Evasion Moves Clause: Evasion moves are banned
|rule|Evasion Abilities Clause: Evasion abilities are banned
|rule|Sleep Moves Clause: Sleep-inducing moves are banned
|clearpoke
|poke|p1|Garganacl, F|
|poke|p1|Okidogi, M|
|poke|p1|Enamorus, F|
|poke|p1|Ogerpon-Wellspring, F|
|poke|p1|Weezing-Galar, M|
|poke|p1|Scizor, M|
|poke|p2|Ting-Lu|
|poke|p2|Weezing-Galar, F|
|poke|p2|Alomomola, F|
|poke|p2|Tornadus-Therian, M|
|poke|p2|Gholdengo|
|poke|p2|Zamazenta-*|
|teampreview
|inactive|Battle timer is ON: inactive players will automatically lose when time's up. (requested by rugster555)
|inactive|rugster555 has 120 seconds left.
|inactive|rugster555 has 90 seconds left.
|inactive|rugster555 has 60 seconds left.
|
|t:|1769349786
|teamsize|p1|6
|teamsize|p2|6
|start
|switch|p1a: Garganacl|Garganacl, F|100/100
|switch|p2a: Lus-Lus Situation|Ting-Lu, shiny|100/100
|-ability|p2a: Lus-Lus Situation|Vessel of Ruin
|turn|1
|
|t:|1769349795
|move|p2a: Lus-Lus Situation|Stealth Rock|p1a: Garganacl
|-sidestart|p1: Crystraco|move: Stealth Rock
|move|p1a: Garganacl|Salt Cure|p2a: Lus-Lus Situation
|-resisted|p2a: Lus-Lus Situation
|-damage|p2a: Lus-Lus Situation|97/100
|-start|p2a: Lus-Lus Situation|Salt Cure
|
|-heal|p2a: Lus-Lus Situation|100/100|[from] item: Leftovers
|-damage|p2a: Lus-Lus Situation|88/100|[from] Salt Cure
|upkeep
|turn|2
|inactive|rugster555 has 120 seconds left.
|
|t:|1769349804
|move|p2a: Lus-Lus Situation|Earthquake|p1a: Garganacl
|-supereffective|p1a: Garganacl
|-damage|p1a: Garganacl|54/100
|move|p1a: Garganacl|Curse|p1a: Garganacl
|-unboost|p1a: Garganacl|spe|1
|-boost|p1a: Garganacl|atk|1
|-boost|p1a: Garganacl|def|1
|
|-heal|p2a: Lus-Lus Situation|94/100|[from] item: Leftovers
|-heal|p1a: Garganacl|60/100|[from] item: Leftovers
|-damage|p2a: Lus-Lus Situation|82/100|[from] Salt Cure
|upkeep
|turn|3
|inactive|rugster555 has 120 seconds left.
|
|t:|1769349814
|move|p1a: Garganacl|Recover|p1a: Garganacl
|-heal|p1a: Garganacl|100/100
|move|p2a: Lus-Lus Situation|Whirlwind|p1a: Garganacl
|drag|p1a: Enamorus|Enamorus, F|100/100
|-damage|p1a: Enamorus|76/100|[from] Stealth Rock
|
|-heal|p2a: Lus-Lus Situation|88/100|[from] item: Leftovers
|-damage|p2a: Lus-Lus Situation|76/100|[from] Salt Cure
|upkeep
|turn|4
|
|t:|1769349824
|switch|p2a: Gholdengo|Gholdengo|100/100
|move|p1a: Enamorus|Moonblast|p2a: Gholdengo
|-resisted|p2a: Gholdengo
|-damage|p2a: Gholdengo|69/100
|
|upkeep
|turn|5
|inactive|rugster555 has 120 seconds left.
|
|t:|1769349842
|switch|p1a: Scizor|Scizor, M|100/100
|-damage|p1a: Scizor|88/100|[from] Stealth Rock
|move|p2a: Gholdengo|Shadow Ball|p1a: Scizor
|-damage|p1a: Scizor|39/100
|
|upkeep
|turn|6
|
|t:|1769349851
|switch|p1a: Garganacl|Garganacl, F|100/100
|-damage|p1a: Garganacl|88/100|[from] Stealth Rock
|move|p2a: Gholdengo|Shadow Ball|p1a: Garganacl
|-damage|p1a: Garganacl|74/100
|-unboost|p1a: Garganacl|spd|1
|
|-heal|p1a: Garganacl|80/100|[from] item: Leftovers
|upkeep
|turn|7
|
|t:|1769349862
|switch|p2a: Dog in this Fight|Zamazenta|100/100
|-ability|p2a: Dog in this Fight|Dauntless Shield|boost
|-boost|p2a: Dog in this Fight|def|1
|move|p1a: Garganacl|Salt Cure|p2a: Dog in this Fight
|-resisted|p2a: Dog in this Fight
|-damage|p2a: Dog in this Fight|96/100
|-start|p2a: Dog in this Fight|Salt Cure
|
|-heal|p1a: Garganacl|86/100|[from] item: Leftovers
|-damage|p2a: Dog in this Fight|84/100|[from] Salt Cure
|upkeep
|turn|8
|
|t:|1769349873
|switch|p1a: Weezing|Weezing-Galar, M|100/100
|-ability|p1a: Weezing|Neutralizing Gas
|move|p2a: Dog in this Fight|Close Combat|p1a: Weezing
|-resisted|p1a: Weezing
|-damage|p1a: Weezing|90/100
|-unboost|p2a: Dog in this Fight|def|1
|-unboost|p2a: Dog in this Fight|spd|1
|
|-damage|p2a: Dog in this Fight|72/100|[from] Salt Cure
|upkeep
|turn|9
|
|t:|1769349886
|switch|p2a: Alomomola|Alomomola, F, shiny|100/100
|move|p1a: Weezing|Defog|p2a: Alomomola
|-unboost|p2a: Alomomola|evasion|1
|-sideend|p1: Crystraco|Stealth Rock|[from] move: Defog|[of] p1a: Weezing
|
|upkeep
|turn|10
|
|t:|1769349893
|move|p1a: Weezing|Toxic|p2a: Alomomola
|-status|p2a: Alomomola|tox
|move|p2a: Alomomola|Flip Turn|p1a: Weezing
|-damage|p1a: Weezing|79/100
|
|t:|1769349898
|switch|p2a: Gholdengo|Gholdengo|69/100|[from] Flip Turn
|
|upkeep
|turn|11
|
|t:|1769349905
|-end|p1a: Weezing|ability: Neutralizing Gas
|switch|p1a: Ogerpon|Ogerpon-Wellspring, F|100/100
|move|p2a: Gholdengo|Make It Rain|p1a: Ogerpon
|-resisted|p1a: Ogerpon
|-damage|p1a: Ogerpon|61/100
|-unboost|p2a: Gholdengo|spa|1
|
|upkeep
|turn|12
|
|t:|1769349918
|switch|p2a: Das Capital|Weezing-Galar, F, shiny|100/100
|-ability|p2a: Das Capital|Neutralizing Gas
|move|p1a: Ogerpon|Trailblaze|p2a: Das Capital
|-resisted|p2a: Das Capital
|-damage|p2a: Das Capital|91/100
|-boost|p1a: Ogerpon|spe|1
|
|upkeep
|turn|13
|
|t:|1769349928
|switch|p1a: Enamorus|Enamorus, F|76/100
|move|p2a: Das Capital|Will-O-Wisp|p1a: Enamorus
|-status|p1a: Enamorus|brn
|
|-damage|p1a: Enamorus|69/100 brn|[from] brn
|upkeep
|turn|14
|
|t:|1769349940
|-end|p2a: Das Capital|ability: Neutralizing Gas
|switch|p2a: Therry Christmas|Tornadus-Therian, M, shiny|100/100
|move|p1a: Enamorus|Moonblast|p2a: Therry Christmas
|-damage|p2a: Therry Christmas|44/100
|
|-damage|p1a: Enamorus|63/100 brn|[from] brn
|upkeep
|turn|15
|
|t:|1769349949
|switch|p2a: Das Capital|Weezing-Galar, F, shiny|91/100
|-ability|p2a: Das Capital|Neutralizing Gas
|move|p1a: Enamorus|Moonblast|p2a: Das Capital
|-resisted|p2a: Das Capital
|-damage|p2a: Das Capital|54/100
|-unboost|p2a: Das Capital|spa|1
|
|-damage|p1a: Enamorus|57/100 brn|[from] brn
|upkeep
|turn|16
|
|t:|1769349960
|-terastallize|p1a: Enamorus|Fairy
|move|p1a: Enamorus|Moonblast|p2a: Das Capital
|-resisted|p2a: Das Capital
|-damage|p2a: Das Capital|8/100
|-unboost|p2a: Das Capital|spa|1
|move|p2a: Das Capital|Will-O-Wisp|p1a: Enamorus
|-fail|p1a: Enamorus|brn
|
|-damage|p1a: Enamorus|51/100 brn|[from] brn
|upkeep
|turn|17
|
|t:|1769349977
|-end|p2a: Das Capital|ability: Neutralizing Gas
|switch|p2a: Lus-Lus Situation|Ting-Lu, shiny|76/100
|-ability|p2a: Lus-Lus Situation|Vessel of Ruin
|move|p1a: Enamorus|Moonblast|p2a: Lus-Lus Situation
|-supereffective|p2a: Lus-Lus Situation
|-damage|p2a: Lus-Lus Situation|17/100
|
|-heal|p2a: Lus-Lus Situation|23/100|[from] item: Leftovers
|-damage|p1a: Enamorus|44/100 brn|[from] brn
|upkeep
|turn|18
|
|t:|1769349990
|switch|p2a: Das Capital|Weezing-Galar, F, shiny|8/100
|-ability|p2a: Das Capital|Neutralizing Gas
|move|p1a: Enamorus|Moonblast|p2a: Das Capital
|-resisted|p2a: Das Capital
|-damage|p2a: Das Capital|0 fnt
|faint|p2a: Das Capital
|-end|p2a: Das Capital|ability: Neutralizing Gas
|
|-damage|p1a: Enamorus|38/100 brn|[from] brn
|upkeep
|
|t:|1769349999
|switch|p2a: Gholdengo|Gholdengo|69/100
|turn|19
|
|t:|1769350006
|switch|p1a: Ogerpon|Ogerpon-Wellspring, F|61/100
|move|p2a: Gholdengo|Shadow Ball|p1a: Ogerpon
|-damage|p1a: Ogerpon|12/100
|
|upkeep
|turn|20
|
|t:|1769350012
|switch|p1a: Garganacl|Garganacl, F|86/100
|move|p2a: Gholdengo|Shadow Ball|p1a: Garganacl
|-damage|p1a: Garganacl|72/100
|
|-heal|p1a: Garganacl|78/100|[from] item: Leftovers
|upkeep
|turn|21
|
|t:|1769350022
|switch|p2a: Alomomola|Alomomola, F, shiny|100/100 tox
|move|p1a: Garganacl|Salt Cure|p2a: Alomomola
|-damage|p2a: Alomomola|92/100 tox
|-start|p2a: Alomomola|Salt Cure
|
|-heal|p1a: Garganacl|84/100|[from] item: Leftovers
|-damage|p2a: Alomomola|86/100 tox|[from] psn
|-damage|p2a: Alomomola|61/100 tox|[from] Salt Cure
|upkeep
|turn|22
|
|t:|1769350031
|switch|p1a: Ogerpon|Ogerpon-Wellspring, F|12/100
|move|p2a: Alomomola|Wish|p2a: Alomomola
|
|-damage|p2a: Alomomola|49/100 tox|[from] psn
|-damage|p2a: Alomomola|24/100 tox|[from] Salt Cure
|upkeep
|turn|23
|
|t:|1769350039
|switch|p2a: Gholdengo|Gholdengo|69/100
|move|p1a: Ogerpon|Ivy Cudgel|p2a: Gholdengo|[anim] Ivy Cudgel Water
|-damage|p2a: Gholdengo|4/100
|
|-heal|p2a: Gholdengo|79/100|[from] move: Wish|[wisher] Alomomola
|upkeep
|turn|24
|
|t:|1769350055
|switch|p1a: Okidogi|Okidogi, M|100/100
|move|p2a: Gholdengo|Make It Rain|p1a: Okidogi
|-damage|p1a: Okidogi|38/100
|-unboost|p2a: Gholdengo|spa|1
|
|-heal|p1a: Okidogi|44/100|[from] item: Leftovers
|upkeep
|turn|25
|
|t:|1769350066
|switch|p2a: Dog in this Fight|Zamazenta|72/100
|move|p1a: Okidogi|Knock Off|p2a: Dog in this Fight
|-resisted|p2a: Dog in this Fight
|-damage|p2a: Dog in this Fight|55/100
|-enditem|p2a: Dog in this Fight|Heavy-Duty Boots|[from] move: Knock Off|[of] p1a: Okidogi
|
|-heal|p1a: Okidogi|50/100|[from] item: Leftovers
|upkeep
|turn|26
|
|t:|1769350082
|switch|p2a: Alomomola|Alomomola, F, shiny|57/100 tox
|move|p1a: Okidogi|Bulk Up|p1a: Okidogi
|-boost|p1a: Okidogi|atk|1
|-boost|p1a: Okidogi|def|1
|
|-heal|p1a: Okidogi|56/100|[from] item: Leftovers
|-damage|p2a: Alomomola|51/100 tox|[from] psn
|upkeep
|turn|27
|
|t:|1769350092
|-terastallize|p2a: Alomomola|Steel
|move|p1a: Okidogi|Drain Punch|p2a: Alomomola
|-supereffective|p2a: Alomomola
|-damage|p2a: Alomomola|0 fnt
|-heal|p1a: Okidogi|88/100|[from] drain|[of] p2a: Alomomola
|-damage|p1a: Okidogi|71/100|[from] item: Rocky Helmet|[of] p2a: Alomomola
|faint|p2a: Alomomola
|
|-heal|p1a: Okidogi|77/100|[from] item: Leftovers
|upkeep
|
|t:|1769350102
|switch|p2a: Gholdengo|Gholdengo|79/100
|turn|28
|
|t:|1769350106
|move|p2a: Gholdengo|Make It Rain|p1a: Okidogi
|-damage|p1a: Okidogi|18/100
|-unboost|p2a: Gholdengo|spa|1
|move|p1a: Okidogi|Knock Off|p2a: Gholdengo
|-supereffective|p2a: Gholdengo
|-damage|p2a: Gholdengo|0 fnt
|-enditem|p2a: Gholdengo|Choice Scarf|[from] move: Knock Off|[of] p1a: Okidogi
|faint|p2a: Gholdengo
|
|-heal|p1a: Okidogi|24/100|[from] item: Leftovers
|upkeep
|
|t:|1769350117
|switch|p2a: Therry Christmas|Tornadus-Therian, M, shiny|77/100
|turn|29
|
|t:|1769350121
|move|p2a: Therry Christmas|Bleakwind Storm|p1a: Okidogi
|-supereffective|p1a: Okidogi
|-damage|p1a: Okidogi|0 fnt
|faint|p1a: Okidogi
|
|upkeep
|
|t:|1769350127
|switch|p1a: Garganacl|Garganacl, F|84/100
|turn|30
|
|t:|1769350131
|switch|p2a: Dog in this Fight|Zamazenta|55/100
|move|p1a: Garganacl|Salt Cure|p2a: Dog in this Fight
|-resisted|p2a: Dog in this Fight
|-damage|p2a: Dog in this Fight|49/100
|-start|p2a: Dog in this Fight|Salt Cure
|
|-heal|p1a: Garganacl|91/100|[from] item: Leftovers
|-damage|p2a: Dog in this Fight|36/100|[from] Salt Cure
|upkeep
|turn|31
|
|t:|1769350141
|switch|p2a: Lus-Lus Situation|Ting-Lu, shiny|23/100
|-ability|p2a: Lus-Lus Situation|Vessel of Ruin
|switch|p1a: Weezing|Weezing-Galar, M|79/100
|-ability|p1a: Weezing|Neutralizing Gas
|
|-heal|p2a: Lus-Lus Situation|30/100|[from] item: Leftovers
|upkeep
|turn|32
|
|t:|1769350150
|move|p1a: Weezing|Will-O-Wisp|p2a: Lus-Lus Situation
|-status|p2a: Lus-Lus Situation|brn
|move|p2a: Lus-Lus Situation|Stealth Rock|p1a: Weezing
|-sidestart|p1: Crystraco|move: Stealth Rock
|
|-heal|p2a: Lus-Lus Situation|36/100 brn|[from] item: Leftovers
|-damage|p2a: Lus-Lus Situation|30/100 brn|[from] brn
|upkeep
|turn|33
|
|t:|1769350158
|move|p1a: Weezing|Defog|p2a: Lus-Lus Situation
|-unboost|p2a: Lus-Lus Situation|evasion|1
|-sideend|p1: Crystraco|Stealth Rock|[from] move: Defog|[of] p1a: Weezing
|move|p2a: Lus-Lus Situation|Earthquake|p1a: Weezing
|-supereffective|p1a: Weezing
|-damage|p1a: Weezing|56/100
|
|-heal|p2a: Lus-Lus Situation|36/100 brn|[from] item: Leftovers
|-damage|p2a: Lus-Lus Situation|30/100 brn|[from] brn
|upkeep
|turn|34
|
|t:|1769350166
|-end|p1a: Weezing|ability: Neutralizing Gas
|-ability|p2a: Lus-Lus Situation|Vessel of Ruin
|switch|p1a: Enamorus|Enamorus, F, tera:Fairy|38/100 brn
|move|p2a: Lus-Lus Situation|Stealth Rock|p1a: Enamorus
|-sidestart|p1: Crystraco|move: Stealth Rock
|
|-heal|p2a: Lus-Lus Situation|36/100 brn|[from] item: Leftovers
|-damage|p1a: Enamorus|32/100 brn|[from] brn
|-damage|p2a: Lus-Lus Situation|30/100 brn|[from] brn
|upkeep
|turn|35
|
|t:|1769350177
|move|p1a: Enamorus|Moonblast|p2a: Lus-Lus Situation
|-supereffective|p2a: Lus-Lus Situation
|-damage|p2a: Lus-Lus Situation|0 fnt
|faint|p2a: Lus-Lus Situation
|
|-damage|p1a: Enamorus|26/100 brn|[from] brn
|upkeep
|
|t:|1769350183
|switch|p2a: Therry Christmas|Tornadus-Therian, M, shiny|100/100
|turn|36
|
|t:|1769350188
|move|p1a: Enamorus|Moonblast|p2a: Therry Christmas
|-damage|p2a: Therry Christmas|24/100
|move|p2a: Therry Christmas|Heat Wave|p1a: Enamorus
|-damage|p1a: Enamorus|0 fnt
|faint|p1a: Enamorus
|
|upkeep
|
|t:|1769350192
|switch|p1a: Scizor|Scizor, M|39/100
|-damage|p1a: Scizor|27/100|[from] Stealth Rock
|turn|37
|
|t:|1769350198
|switch|p2a: Dog in this Fight|Zamazenta|36/100
|move|p1a: Scizor|Bullet Punch|p2a: Dog in this Fight
|-damage|p2a: Dog in this Fight|0 fnt
|faint|p2a: Dog in this Fight
|
|upkeep
|
|t:|1769350204
|switch|p2a: Therry Christmas|Tornadus-Therian, M, shiny|57/100
|turn|38
|
|t:|1769350207
|move|p1a: Scizor|Bullet Punch|p2a: Therry Christmas
|-damage|p2a: Therry Christmas|0 fnt
|faint|p2a: Therry Christmas
|
|win|Crystraco
|raw|Crystraco's rating: 1590 &rarr; <strong>1608</strong><br />(+18 for winning)
|raw|rugster555's rating: 1563 &rarr; <strong>1545</strong><br />(-18 for losing)
|l|☆rugster555
|player|p2|
