|j|☆Chaos92031
|j|☆Kairak
|t:|1769389012
|gametype|singles
|player|p1|Chaos92031|blue|
|player|p2|Kairak|roughneck-gen4|
|gen|9
|tier|[Gen 9] OU
|rule|HP Percentage Mod: HP is shown in percentages
|rule|Endless Battle Clause: Forcing endless battles is banned
|rule|Species Clause: Limit one of each Pokémon
|rule|OHKO Clause: OHKO moves are banned
|rule|Evasion Items Clause: Evasion items are banned
|rule|Evasion Moves Clause: Evasion moves are banned
|rule|Evasion Abilities Clause: Evasion abilities are banned
|rule|Sleep Moves Clause: Sleep-inducing moves are banned
|clearpoke
|poke|p1|Great Tusk|
|poke|p1|Landorus-Therian, M|
|poke|p1|Slowking-Galar, F|
|poke|p1|Ogerpon-Wellspring, F|
|poke|p1|Zapdos|
|poke|p1|Kingambit, M|
|poke|p2|Ninetales, F|
|poke|p2|Raging Bolt|
|poke|p2|Great Tusk|
|poke|p2|Walking Wake|
|poke|p2|Alomomola, F|
|poke|p2|Ceruledge, F|
|teampreview
|j| Parz187
|j| sealioned
|
|t:|1769389043
|teamsize|p1|6
|teamsize|p2|6
|start
|switch|p1a: Zapdos|Zapdos|100/100
|switch|p2a: Ninetales|Ninetales, F|100/100
|-weather|SunnyDay|[from] ability: Drought|[of] p2a: Ninetales
|turn|1
|
|t:|1769389048
|move|p2a: Ninetales|Overheat|p1a: Zapdos
|-damage|p1a: Zapdos|47/100
|-unboost|p2a: Ninetales|spa|2
|move|p1a: Zapdos|Thunder Wave|p2a: Ninetales|[miss]
|-miss|p1a: Zapdos|p2a: Ninetales
|
|-weather|SunnyDay|[upkeep]
|upkeep
|turn|2
|inactive|Battle timer is ON: inactive players will automatically lose when time's up. (requested by Chaos92031)
|
|t:|1769389055
|switch|p2a: Raging Bolt|Raging Bolt|100/100
|-activate|p2a: Raging Bolt|ability: Protosynthesis
|-start|p2a: Raging Bolt|protosynthesisspa
|move|p1a: Zapdos|Roost|p1a: Zapdos
|-heal|p1a: Zapdos|97/100
|-singleturn|p1a: Zapdos|move: Roost
|
|-weather|SunnyDay|[upkeep]
|upkeep
|turn|3
|
|t:|1769389059
|move|p2a: Raging Bolt|Calm Mind|p2a: Raging Bolt
|-boost|p2a: Raging Bolt|spa|1
|-boost|p2a: Raging Bolt|spd|1
|move|p1a: Zapdos|Volt Switch|p2a: Raging Bolt
|-resisted|p2a: Raging Bolt
|-damage|p2a: Raging Bolt|95/100
|
|t:|1769389073
|switch|p1a: Great Tusk|Great Tusk|100/100|[from] Volt Switch
|-activate|p1a: Great Tusk|ability: Protosynthesis
|-start|p1a: Great Tusk|protosynthesisspe
|
|-weather|SunnyDay|[upkeep]
|-heal|p2a: Raging Bolt|100/100|[from] item: Leftovers
|upkeep
|turn|4
|
|t:|1769389079
|-terastallize|p2a: Raging Bolt|Bug
|move|p1a: Great Tusk|Headlong Rush|p2a: Raging Bolt
|-resisted|p2a: Raging Bolt
|-damage|p2a: Raging Bolt|76/100
|-unboost|p1a: Great Tusk|def|1
|-unboost|p1a: Great Tusk|spd|1
|move|p2a: Raging Bolt|Weather Ball|p1a: Great Tusk
|-damage|p1a: Great Tusk|0 fnt
|faint|p1a: Great Tusk
|-end|p1a: Great Tusk|Protosynthesis|[silent]
|
|-weather|SunnyDay|[upkeep]
|-heal|p2a: Raging Bolt|82/100|[from] item: Leftovers
|upkeep
|
|t:|1769389086
|switch|p1a: Landorus|Landorus-Therian, M|100/100
|-ability|p1a: Landorus|Intimidate|boost
|-unboost|p2a: Raging Bolt|atk|1
|turn|5
|
|t:|1769389096
|-terastallize|p1a: Landorus|Flying
|move|p1a: Landorus|Tera Blast|p2a: Raging Bolt|[anim] Tera Blast Flying
|-supereffective|p2a: Raging Bolt
|-damage|p2a: Raging Bolt|0 fnt
|faint|p2a: Raging Bolt
|-end|p2a: Raging Bolt|Protosynthesis|[silent]
|
|-weather|SunnyDay|[upkeep]
|upkeep
|
|t:|1769389101
|switch|p2a: Walking Wake|Walking Wake|100/100
|-activate|p2a: Walking Wake|ability: Protosynthesis
|-start|p2a: Walking Wake|protosynthesisspe
|turn|6
|
|t:|1769389106
|switch|p1a: Slowking|Slowking-Galar, F|100/100
|move|p2a: Walking Wake|Draco Meteor|p1a: Slowking
|-damage|p1a: Slowking|48/100
|-unboost|p2a: Walking Wake|spa|2
|
|-weather|SunnyDay|[upkeep]
|upkeep
|turn|7
|
|t:|1769389113
|move|p2a: Walking Wake|Draco Meteor|p1a: Slowking
|-damage|p1a: Slowking|25/100
|-unboost|p2a: Walking Wake|spa|2
|move|p1a: Slowking|Future Sight|p2a: Walking Wake
|-start|p1a: Slowking|move: Future Sight
|
|-weather|SunnyDay|[upkeep]
|upkeep
|turn|8
|
|t:|1769389119
|-end|p2a: Walking Wake|Protosynthesis|[silent]
|switch|p2a: Ceruledge|Ceruledge, F|100/100
|switch|p1a: Zapdos|Zapdos|97/100
|
|-weather|none
|upkeep
|turn|9
|j| yhwach69
|j| Waffleztastegood
|
|t:|1769389126
|switch|p2a: Ninetales|Ninetales, F|100/100
|-weather|SunnyDay|[from] ability: Drought|[of] p2a: Ninetales
|move|p1a: Zapdos|Thunder Wave|p2a: Ninetales
|-status|p2a: Ninetales|par
|
|-weather|SunnyDay|[upkeep]
|-end|p2a: Ninetales|move: Future Sight
|-damage|p2a: Ninetales|55/100 par
|upkeep
|turn|10
|c| Waffleztastegood|gamer time
|l| yhwach69
|
|t:|1769389133
|move|p1a: Zapdos|Volt Switch|p2a: Ninetales
|-damage|p2a: Ninetales|14/100 par
|
|t:|1769389135
|switch|p1a: Slowking|Slowking-Galar, F|58/100|[from] Volt Switch
|move|p2a: Ninetales|Overheat|p1a: Slowking
|-damage|p1a: Slowking|28/100
|-unboost|p2a: Ninetales|spa|2
|
|-weather|SunnyDay|[upkeep]
|upkeep
|turn|11
|j| yhwach69
|
|t:|1769389142
|move|p2a: Ninetales|Will-O-Wisp|p1a: Slowking|[miss]
|-miss|p2a: Ninetales|p1a: Slowking
|move|p1a: Slowking|Future Sight|p2a: Ninetales
|-start|p1a: Slowking|move: Future Sight
|
|-weather|SunnyDay|[upkeep]
|upkeep
|turn|12
|
|t:|1769389148
|move|p2a: Ninetales|Will-O-Wisp|p1a: Slowking
|-status|p1a: Slowking|brn
|move|p1a: Slowking|Psyshock|p2a: Ninetales
|-damage|p2a: Ninetales|0 fnt
|faint|p2a: Ninetales
|
|-weather|SunnyDay|[upkeep]
|-damage|p1a: Slowking|22/100 brn|[from] brn
|upkeep
|
|t:|1769389151
|switch|p2a: Ceruledge|Ceruledge, F|100/100
|turn|13
|
|t:|1769389156
|switch|p1a: Landorus|Landorus-Therian, M, tera:Flying|100/100
|-ability|p1a: Landorus|Intimidate|boost
|-unboost|p2a: Ceruledge|atk|1
|move|p2a: Ceruledge|Poltergeist|p1a: Landorus
|-activate|p1a: Landorus|move: Poltergeist|Choice Scarf
|-damage|p1a: Landorus|55/100
|
|-weather|SunnyDay|[upkeep]
|-end|p2a: Ceruledge|move: Future Sight
|-crit|p2a: Ceruledge
|-damage|p2a: Ceruledge|21/100
|upkeep
|turn|14
|
|t:|1769389169
|move|p1a: Landorus|Tera Blast|p2a: Ceruledge|[anim] Tera Blast Flying
|-damage|p2a: Ceruledge|0 fnt
|faint|p2a: Ceruledge
|
|-weather|SunnyDay|[upkeep]
|upkeep
|
|t:|1769389173
|switch|p2a: Walking Wake|Walking Wake|100/100
|-activate|p2a: Walking Wake|ability: Protosynthesis
|-start|p2a: Walking Wake|protosynthesisspe
|turn|15
|
|t:|1769389177
|switch|p1a: Slowking|Slowking-Galar, F|56/100 brn
|move|p2a: Walking Wake|Draco Meteor|p1a: Slowking
|-damage|p1a: Slowking|10/100 brn
|-unboost|p2a: Walking Wake|spa|2
|
|-weather|SunnyDay|[upkeep]
|-damage|p1a: Slowking|4/100 brn|[from] brn
|upkeep
|turn|16
|
|t:|1769389183
|switch|p1a: Kingambit|Kingambit, M|100/100
|-activate|p1a: Kingambit|ability: Supreme Overlord
|-start|p1a: Kingambit|fallen1|[silent]
|move|p2a: Walking Wake|Draco Meteor|p1a: Kingambit
|-resisted|p1a: Kingambit
|-damage|p1a: Kingambit|75/100
|-unboost|p2a: Walking Wake|spa|2
|
|-weather|none
|-end|p2a: Walking Wake|Protosynthesis
|-heal|p1a: Kingambit|81/100|[from] item: Leftovers
|upkeep
|turn|17
|
|t:|1769389196
|-end|p2a: Walking Wake|Protosynthesis|[silent]
|switch|p2a: Great Tusk|Great Tusk|100/100
|move|p1a: Kingambit|Low Kick|p2a: Great Tusk
|-damage|p2a: Great Tusk|64/100
|
|-heal|p1a: Kingambit|88/100|[from] item: Leftovers
|upkeep
|turn|18
|
|t:|1769389200
|-end|p1a: Kingambit|fallen1|[silent]
|switch|p1a: Zapdos|Zapdos|97/100
|move|p2a: Great Tusk|Ice Spinner|p1a: Zapdos
|-supereffective|p1a: Zapdos
|-damage|p1a: Zapdos|45/100
|
|upkeep
|turn|19
|c| sealioned|droppin a lot of drac's
|c| sealioned|draco's
|
|t:|1769389207
|move|p2a: Great Tusk|Ice Spinner|p1a: Zapdos
|-supereffective|p1a: Zapdos
|-damage|p1a: Zapdos|0 fnt
|faint|p1a: Zapdos
|
|upkeep
|
|t:|1769389211
|switch|p1a: Ogerpon|Ogerpon-Wellspring, F|100/100
|turn|20
|
|t:|1769389214
|-end|p2a: Great Tusk|Protosynthesis|[silent]
|switch|p2a: Walking Wake|Walking Wake|100/100
|move|p1a: Ogerpon|Ivy Cudgel|p2a: Walking Wake|[anim] Ivy Cudgel Water
|-resisted|p2a: Walking Wake
|-damage|p2a: Walking Wake|84/100
|
|upkeep
|turn|21
|
|t:|1769389223
|move|p1a: Ogerpon|Knock Off|p2a: Walking Wake
|-damage|p2a: Walking Wake|39/100
|-enditem|p2a: Walking Wake|Choice Specs|[from] move: Knock Off|[of] p1a: Ogerpon
|move|p2a: Walking Wake|Draco Meteor|p1a: Ogerpon
|-damage|p1a: Ogerpon|20/100
|-unboost|p2a: Walking Wake|spa|2
|
|upkeep
|turn|22
|
|t:|1769389231
|move|p1a: Ogerpon|Power Whip|p2a: Walking Wake
|-damage|p2a: Walking Wake|0 fnt
|faint|p2a: Walking Wake
|-end|p2a: Walking Wake|Protosynthesis|[silent]
|
|upkeep
|
|t:|1769389234
|switch|p2a: Alomomola|Alomomola, F|100/100
|turn|23
|
|t:|1769389240
|move|p1a: Ogerpon|Power Whip|p2a: Alomomola|[miss]
|-miss|p1a: Ogerpon|p2a: Alomomola
|move|p2a: Alomomola|Body Slam|p1a: Ogerpon
|-damage|p1a: Ogerpon|0 fnt
|faint|p1a: Ogerpon
|
|upkeep
|
|t:|1769389243
|switch|p1a: Slowking|Slowking-Galar, F|37/100 brn
|turn|24
|
|t:|1769389247
|move|p2a: Alomomola|Flip Turn|p1a: Slowking
|-damage|p1a: Slowking|25/100 brn
|
|t:|1769389249
|switch|p2a: Great Tusk|Great Tusk|64/100|[from] Flip Turn
|move|p1a: Slowking|Future Sight|p2a: Great Tusk
|-start|p1a: Slowking|move: Future Sight
|
|-damage|p1a: Slowking|19/100 brn|[from] brn
|upkeep
|turn|25
|
|t:|1769389257
|switch|p1a: Landorus|Landorus-Therian, M, tera:Flying|55/100
|-ability|p1a: Landorus|Intimidate|boost
|-unboost|p2a: Great Tusk|atk|1
|move|p2a: Great Tusk|Rapid Spin|p1a: Landorus
|-damage|p1a: Landorus|41/100
|-boost|p2a: Great Tusk|spe|1
|
|upkeep
|turn|26
|
|t:|1769389264
|-end|p2a: Great Tusk|Protosynthesis|[silent]
|switch|p2a: Alomomola|Alomomola, F|100/100
|move|p1a: Landorus|Tera Blast|p2a: Alomomola|[anim] Tera Blast Flying
|-crit|p2a: Alomomola
|-damage|p2a: Alomomola|44/100
|
|-end|p2a: Alomomola|move: Future Sight
|-damage|p2a: Alomomola|18/100
|upkeep
|turn|27
|
|t:|1769389267
|move|p1a: Landorus|Tera Blast|p2a: Alomomola|[anim] Tera Blast Flying
|-damage|p2a: Alomomola|0 fnt
|faint|p2a: Alomomola
|
|upkeep
|
|t:|1769389269
|switch|p2a: Great Tusk|Great Tusk|64/100
|turn|28
|
|t:|1769389270
|move|p1a: Landorus|Tera Blast|p2a: Great Tusk|[anim] Tera Blast Flying
|-supereffective|p2a: Great Tusk
|-damage|p2a: Great Tusk|0 fnt
|faint|p2a: Great Tusk
|-end|p2a: Great Tusk|Protosynthesis|[silent]
|
|win|Chaos92031
|l|☆Kairak
|player|p2|
|c|☆Chaos92031|GG
|l|☆Chaos92031
|player|p1|
|c| Parz187|GG
|l| sealioned
|c| yhwach69|GG
|c| Waffleztastegood|gg
|l| Waffleztastegood
|l| Parz187
|j| Waffleztastegood
|l| Waffleztastegood
|l| yhwach69
|j|☆Kairak
|player|p2|Kairak|roughneck-gen4|
|j| Parz187
|j| yhwach69
|l| yhwach69
|l|☆Kairak
|player|p2|
|j|☆Kairak
|player|p2|Kairak|roughneck-gen4|
