|j|☆Scurey
|j|☆YOHZZI
|t:|1769443976
|gametype|singles
|player|p1|Scurey|170|1238
|player|p2|YOHZZI|teamrocket|1262
|gen|9
|tier|[Gen 9] OU
|rated|
|rule|HP Percentage Mod: HP is shown in percentages
|rule|Endless Battle Clause: Forcing endless battles is banned
|rule|Species Clause: Limit one of each Pokémon
|rule|OHKO Clause: OHKO moves are banned
|rule|Evasion Items Clause: Evasion items are banned
|rule|Evasion Moves Clause: Evasion moves are banned
|rule|Evasion Abilities Clause: Evasion abilities are banned
|rule|Sleep Moves Clause: Sleep-inducing moves are banned
|clearpoke
|poke|p1|Iron Hands|
|poke|p1|Klefki, M|
|poke|p1|Kommo-o, M|
|poke|p1|Ursaluna, M|
|poke|p1|Polteageist|
|poke|p1|Maushold|
|poke|p2|Excadrill, F|
|poke|p2|Tyranitar, M|
|poke|p2|Gholdengo|
|poke|p2|Hippowdon, F|
|poke|p2|Landorus-Therian, M|
|poke|p2|Empoleon, M|
|teampreview
|inactive|Battle timer is ON: inactive players will automatically lose when time's up. (requested by YOHZZI)
|inactive|YOHZZI has 120 seconds left.
|
|t:|1769444016
|teamsize|p1|6
|teamsize|p2|6
|start
|switch|p1a: Klefki|Klefki, M|100/100
|switch|p2a: Hippowdon|Hippowdon, F|100/100
|-weather|Sandstorm|[from] ability: Sand Stream|[of] p2a: Hippowdon
|turn|1
|
|t:|1769444022
|move|p1a: Klefki|Reflect|p1a: Klefki
|-sidestart|p1: Scurey|Reflect
|move|p2a: Hippowdon|Stealth Rock|p1a: Klefki
|-sidestart|p1: Scurey|move: Stealth Rock
|
|-weather|Sandstorm|[upkeep]
|upkeep
|turn|2
|inactive|YOHZZI has 120 seconds left.
|inactive|YOHZZI has 90 seconds left.
|
|t:|1769444095
|switch|p1a: Maushold|Maushold|100/100
|-damage|p1a: Maushold|88/100|[from] Stealth Rock
|switch|p2a: Excadrill|Excadrill, F|100/100
|-item|p2a: Excadrill|Air Balloon
|
|-weather|Sandstorm|[upkeep]
|-damage|p1a: Maushold|82/100|[from] Sandstorm
|upkeep
|turn|3
|
|t:|1769444105
|-terastallize|p2a: Excadrill|Ghost
|move|p2a: Excadrill|Swords Dance|p2a: Excadrill
|-boost|p2a: Excadrill|atk|2
|move|p1a: Maushold|Tidy Up|p1a: Maushold
|-sideend|p1: Scurey|Stealth Rock
|-activate|p1a: Maushold|move: Tidy Up
|-boost|p1a: Maushold|atk|1
|-boost|p1a: Maushold|spe|1
|
|-weather|Sandstorm|[upkeep]
|-damage|p1a: Maushold|76/100|[from] Sandstorm
|upkeep
|turn|4
|
|t:|1769444117
|move|p2a: Excadrill|Rapid Spin|p1a: Maushold
|-crit|p1a: Maushold
|-damage|p1a: Maushold|0 fnt
|-boost|p2a: Excadrill|spe|1
|faint|p1a: Maushold
|
|-weather|Sandstorm|[upkeep]
|upkeep
|inactive|Scurey has 120 seconds left.
|
|t:|1769444145
|switch|p1a: Ursaluna|Ursaluna, M|100/100
|turn|5
|
|t:|1769444149
|move|p2a: Excadrill|Earthquake|p1a: Ursaluna
|-damage|p1a: Ursaluna|56/100
|move|p1a: Ursaluna|Belly Drum|p1a: Ursaluna
|-damage|p1a: Ursaluna|6/100
|-setboost|p1a: Ursaluna|atk|6|[from] move: Belly Drum
|-enditem|p1a: Ursaluna|Sitrus Berry|[eat]
|-heal|p1a: Ursaluna|31/100|[from] item: Sitrus Berry
|
|-weather|Sandstorm|[upkeep]
|upkeep
|turn|6
|
|t:|1769444162
|move|p2a: Excadrill|Earthquake|p1a: Ursaluna
|-damage|p1a: Ursaluna|0 fnt
|faint|p1a: Ursaluna
|
|-weather|Sandstorm|[upkeep]
|upkeep
|inactive|Scurey has 120 seconds left.
|
|t:|1769444186
|switch|p1a: Klefki|Klefki, M|100/100
|turn|7
|
|t:|1769444193
|move|p1a: Klefki|Light Screen|p1a: Klefki
|-sidestart|p1: Scurey|move: Light Screen
|move|p2a: Excadrill|Swords Dance|p2a: Excadrill
|-boost|p2a: Excadrill|atk|2
|
|-weather|Sandstorm|[upkeep]
|upkeep
|turn|8
|inactive|Scurey has 120 seconds left.
|
|t:|1769444204
|move|p1a: Klefki|Substitute|p1a: Klefki
|-start|p1a: Klefki|Substitute
|-damage|p1a: Klefki|76/100
|move|p2a: Excadrill|Earthquake|p1a: Klefki
|-supereffective|p1a: Klefki
|-end|p1a: Klefki|Substitute
|
|-weather|none
|-sideend|p1: Scurey|Reflect
|upkeep
|turn|9
|inactive|Scurey has 120 seconds left.
|
|t:|1769444215
|move|p1a: Klefki|Reflect|p1a: Klefki
|-sidestart|p1: Scurey|Reflect
|move|p2a: Excadrill|Earthquake|p1a: Klefki
|-supereffective|p1a: Klefki
|-damage|p1a: Klefki|0 fnt
|faint|p1a: Klefki
|
|upkeep
|
|t:|1769444220
|switch|p1a: Polteageist|Polteageist|100/100
|turn|10
|
|t:|1769444224
|move|p2a: Excadrill|Earthquake|p1a: Polteageist
|-enditem|p1a: Polteageist|Focus Sash
|-damage|p1a: Polteageist|1/100
|-ability|p1a: Polteageist|Weak Armor|boost
|-unboost|p1a: Polteageist|def|1
|-boost|p1a: Polteageist|spe|2
|move|p1a: Polteageist|Shell Smash|p1a: Polteageist
|-unboost|p1a: Polteageist|def|1
|-unboost|p1a: Polteageist|spd|1
|-boost|p1a: Polteageist|atk|2
|-boost|p1a: Polteageist|spa|2
|-boost|p1a: Polteageist|spe|2
|
|upkeep
|turn|11
|
|t:|1769444238
|move|p1a: Polteageist|Stored Power|p2a: Excadrill
|-damage|p2a: Excadrill|0 fnt
|-enditem|p2a: Excadrill|Air Balloon
|faint|p2a: Excadrill
|
|upkeep
|
|t:|1769444245
|switch|p2a: Tyranitar|Tyranitar, M|100/100
|-weather|Sandstorm|[from] ability: Sand Stream|[of] p2a: Tyranitar
|turn|12
|
|t:|1769444260
|move|p1a: Polteageist|Tera Blast|p2a: Tyranitar
|-resisted|p2a: Tyranitar
|-damage|p2a: Tyranitar|91/100
|move|p2a: Tyranitar|Knock Off|p1a: Polteageist
|-supereffective|p1a: Polteageist
|-damage|p1a: Polteageist|0 fnt
|faint|p1a: Polteageist
|
|-weather|Sandstorm|[upkeep]
|upkeep
|
|t:|1769444269
|switch|p1a: Iron Hands|Iron Hands|100/100
|turn|13
|
|t:|1769444272
|switch|p2a: Landorus|Landorus-Therian, M|100/100
|-ability|p2a: Landorus|Intimidate|boost
|-unboost|p1a: Iron Hands|atk|1
|move|p1a: Iron Hands|Belly Drum|p1a: Iron Hands
|-damage|p1a: Iron Hands|50/100
|-setboost|p1a: Iron Hands|atk|6|[from] move: Belly Drum
|-enditem|p1a: Iron Hands|Sitrus Berry|[eat]
|-heal|p1a: Iron Hands|75/100|[from] item: Sitrus Berry
|
|-weather|Sandstorm|[upkeep]
|-damage|p1a: Iron Hands|69/100|[from] Sandstorm
|upkeep
|turn|14
|
|t:|1769444283
|move|p2a: Landorus|Swords Dance|p2a: Landorus
|-boost|p2a: Landorus|atk|2
|move|p1a: Iron Hands|Drain Punch|p2a: Landorus
|-resisted|p2a: Landorus
|-damage|p2a: Landorus|17/100
|-heal|p1a: Iron Hands|100/100|[from] drain|[of] p2a: Landorus
|-damage|p1a: Iron Hands|84/100|[from] item: Rocky Helmet|[of] p2a: Landorus
|
|-weather|Sandstorm|[upkeep]
|-damage|p1a: Iron Hands|78/100|[from] Sandstorm
|-sideend|p1: Scurey|move: Light Screen
|upkeep
|turn|15
|
|t:|1769444293
|move|p2a: Landorus|Earthquake|p1a: Iron Hands
|-supereffective|p1a: Iron Hands
|-damage|p1a: Iron Hands|18/100
|move|p1a: Iron Hands|Drain Punch|p2a: Landorus
|-resisted|p2a: Landorus
|-damage|p2a: Landorus|0 fnt
|-heal|p1a: Iron Hands|25/100|[from] drain|[of] p2a: Landorus
|-damage|p1a: Iron Hands|8/100|[from] item: Rocky Helmet|[of] p2a: Landorus
|faint|p2a: Landorus
|
|-weather|Sandstorm|[upkeep]
|-damage|p1a: Iron Hands|2/100|[from] Sandstorm
|upkeep
|
|t:|1769444301
|switch|p2a: Tyranitar|Tyranitar, M|91/100
|turn|16
|
|t:|1769444305
|switch|p2a: Gholdengo|Gholdengo|100/100
|-item|p2a: Gholdengo|Air Balloon
|move|p1a: Iron Hands|Drain Punch|p2a: Gholdengo
|-immune|p2a: Gholdengo
|
|-weather|none
|-sideend|p1: Scurey|Reflect
|upkeep
|turn|17
|
|t:|1769444318
|move|p2a: Gholdengo|Shadow Ball|p1a: Iron Hands
|-damage|p1a: Iron Hands|0 fnt
|faint|p1a: Iron Hands
|-end|p1a: Iron Hands|Quark Drive|[silent]
|
|upkeep
|
|t:|1769444323
|switch|p1a: Kommo-o|Kommo-o, M|100/100
|turn|18
|
|t:|1769444331
|move|p2a: Gholdengo|Make It Rain|p1a: Kommo-o
|-damage|p1a: Kommo-o|44/100
|-unboost|p2a: Gholdengo|spa|1
|-enditem|p1a: Kommo-o|Sitrus Berry|[eat]
|-heal|p1a: Kommo-o|69/100|[from] item: Sitrus Berry
|move|p1a: Kommo-o|Belly Drum|p1a: Kommo-o
|-damage|p1a: Kommo-o|19/100
|-setboost|p1a: Kommo-o|atk|6|[from] move: Belly Drum
|
|upkeep
|turn|19
|-message|Scurey forfeited.
|
|win|YOHZZI
|raw|Scurey's rating: 1238 &rarr; <strong>1215</strong><br />(-23 for losing)
|raw|YOHZZI's rating: 1262 &rarr; <strong>1285</strong><br />(+23 for winning)
|l|☆Scurey
|player|p1|
|l|☆YOHZZI
|player|p2|
