|j|‽OehtWasHere
|j|☆oh YEAAHH!!
|t:|1769292808
|gametype|singles
|player|p1|OehtWasHere|ryuki|1778
|player|p2|oh YEAAHH!!|170|1793
|gen|9
|tier|[Gen 9] OU
|rated|
|rule|HP Percentage Mod: HP is shown in percentages
|rule|Endless Battle Clause: Forcing endless battles is banned
|rule|Species Clause: Limit one of each Pokémon
|rule|OHKO Clause: OHKO moves are banned
|rule|Evasion Items Clause: Evasion items are banned
|rule|Evasion Moves Clause: Evasion moves are banned
|rule|Evasion Abilities Clause: Evasion abilities are banned
|rule|Sleep Moves Clause: Sleep-inducing moves are banned
|clearpoke
|poke|p1|Clodsire, F|
|poke|p1|Azumarill, M|
|poke|p1|Darkrai|
|poke|p1|Corviknight, M|
|poke|p1|Slither Wing|
|poke|p1|Deoxys-Defense|
|poke|p2|Dragapult, F|
|poke|p2|Kyurem|
|poke|p2|Tornadus-Therian, M|
|poke|p2|Zamazenta-*|
|poke|p2|Iron Treads|
|poke|p2|Hatterene, F|
|teampreview
|inactive|Battle timer is ON: inactive players will automatically lose when time's up. (requested by OehtWasHere)
|
|t:|1769292834
|teamsize|p1|6
|teamsize|p2|6
|start
|switch|p1a: Deoxys|Deoxys-Defense|100/100
|switch|p2a: Kyurem|Kyurem|100/100
|-ability|p2a: Kyurem|Pressure
|-ability|p1a: Deoxys|Pressure
|turn|1
|
|t:|1769292841
|move|p2a: Kyurem|Ice Beam|p1a: Deoxys
|-damage|p1a: Deoxys|57/100
|move|p1a: Deoxys|Night Shade|p2a: Kyurem
|-damage|p2a: Kyurem|75/100
|
|-heal|p1a: Deoxys|63/100|[from] item: Leftovers
|upkeep
|turn|2
|
|t:|1769292847
|move|p2a: Kyurem|Ice Beam|p1a: Deoxys
|-damage|p1a: Deoxys|24/100
|move|p1a: Deoxys|Recover|p1a: Deoxys
|-heal|p1a: Deoxys|74/100
|
|-heal|p1a: Deoxys|80/100|[from] item: Leftovers
|upkeep
|turn|3
|
|t:|1769292868
|switch|p2a: Iron Treads|Iron Treads|100/100
|move|p1a: Deoxys|Thunder Wave|p2a: Iron Treads
|-immune|p2a: Iron Treads
|
|-heal|p1a: Deoxys|86/100|[from] item: Leftovers
|upkeep
|turn|4
|
|t:|1769292870
|move|p2a: Iron Treads|Stealth Rock|p1a: Deoxys
|-sidestart|p1: OehtWasHere|move: Stealth Rock
|move|p1a: Deoxys|Night Shade|p2a: Iron Treads
|-damage|p2a: Iron Treads|74/100
|
|-heal|p2a: Iron Treads|81/100|[from] item: Leftovers
|-heal|p1a: Deoxys|92/100|[from] item: Leftovers
|upkeep
|turn|5
|
|t:|1769292873
|move|p2a: Iron Treads|Knock Off|p1a: Deoxys
|-supereffective|p1a: Deoxys
|-damage|p1a: Deoxys|53/100
|-enditem|p1a: Deoxys|Leftovers|[from] move: Knock Off|[of] p2a: Iron Treads
|move|p1a: Deoxys|Night Shade|p2a: Iron Treads
|-damage|p2a: Iron Treads|55/100
|
|-heal|p2a: Iron Treads|61/100|[from] item: Leftovers
|upkeep
|turn|6
|
|t:|1769292877
|-end|p2a: Iron Treads|Quark Drive|[silent]
|switch|p2a: Tornadus|Tornadus-Therian, M|100/100
|move|p1a: Deoxys|Recover|p1a: Deoxys
|-heal|p1a: Deoxys|100/100
|
|upkeep
|turn|7
|
|t:|1769292881
|switch|p2a: Iron Treads|Iron Treads|61/100
|move|p1a: Deoxys|Teleport|p1a: Deoxys
|
|t:|1769292884
|switch|p1a: Corviknight|Corviknight, M|100/100|[from] Teleport
|-damage|p1a: Corviknight|88/100|[from] Stealth Rock
|-ability|p1a: Corviknight|Pressure
|
|-heal|p2a: Iron Treads|67/100|[from] item: Leftovers
|upkeep
|turn|8
|
|t:|1769292888
|move|p2a: Iron Treads|Knock Off|p1a: Corviknight
|-damage|p1a: Corviknight|73/100
|-damage|p2a: Iron Treads|50/100|[from] item: Rocky Helmet|[of] p1a: Corviknight
|-enditem|p1a: Corviknight|Rocky Helmet|[from] move: Knock Off|[of] p2a: Iron Treads
|move|p1a: Corviknight|Defog|p2a: Iron Treads
|-unboost|p2a: Iron Treads|evasion|1
|-sideend|p1: OehtWasHere|Stealth Rock|[from] move: Defog|[of] p1a: Corviknight
|
|-heal|p2a: Iron Treads|57/100|[from] item: Leftovers
|upkeep
|turn|9
|
|t:|1769292897
|move|p2a: Iron Treads|Stealth Rock|p1a: Corviknight
|-sidestart|p1: OehtWasHere|move: Stealth Rock
|move|p1a: Corviknight|Roost|p1a: Corviknight
|-heal|p1a: Corviknight|100/100
|-singleturn|p1a: Corviknight|move: Roost
|
|-heal|p2a: Iron Treads|63/100|[from] item: Leftovers
|upkeep
|turn|10
|
|t:|1769292902
|-end|p2a: Iron Treads|Quark Drive|[silent]
|switch|p2a: Kyurem|Kyurem|75/100
|-ability|p2a: Kyurem|Pressure
|move|p1a: Corviknight|Defog|p2a: Kyurem
|-unboost|p2a: Kyurem|evasion|1
|-sideend|p1: OehtWasHere|Stealth Rock|[from] move: Defog|[of] p1a: Corviknight
|
|upkeep
|turn|11
|
|t:|1769292907
|switch|p1a: Deoxys|Deoxys-Defense|100/100
|-ability|p1a: Deoxys|Pressure
|move|p2a: Kyurem|Draco Meteor|p1a: Deoxys
|-damage|p1a: Deoxys|38/100
|-unboost|p2a: Kyurem|spa|2
|
|upkeep
|turn|12
|
|t:|1769292912
|switch|p2a: Iron Treads|Iron Treads|63/100
|move|p1a: Deoxys|Recover|p1a: Deoxys
|-heal|p1a: Deoxys|88/100
|
|-heal|p2a: Iron Treads|69/100|[from] item: Leftovers
|upkeep
|turn|13
|
|t:|1769292916
|move|p2a: Iron Treads|Stealth Rock|p1a: Deoxys
|-sidestart|p1: OehtWasHere|move: Stealth Rock
|move|p1a: Deoxys|Night Shade|p2a: Iron Treads
|-damage|p2a: Iron Treads|43/100
|
|-heal|p2a: Iron Treads|49/100|[from] item: Leftovers
|upkeep
|turn|14
|
|t:|1769292921
|move|p2a: Iron Treads|Earthquake|p1a: Deoxys
|-damage|p1a: Deoxys|58/100
|move|p1a: Deoxys|Teleport|p1a: Deoxys
|
|t:|1769292923
|switch|p1a: Corviknight|Corviknight, M|100/100|[from] Teleport
|-damage|p1a: Corviknight|88/100|[from] Stealth Rock
|-ability|p1a: Corviknight|Pressure
|
|-heal|p2a: Iron Treads|56/100|[from] item: Leftovers
|upkeep
|turn|15
|
|t:|1769292925
|-end|p2a: Iron Treads|Quark Drive|[silent]
|switch|p2a: Kyurem|Kyurem|75/100
|-ability|p2a: Kyurem|Pressure
|move|p1a: Corviknight|Defog|p2a: Kyurem
|-unboost|p2a: Kyurem|evasion|1
|-sideend|p1: OehtWasHere|Stealth Rock|[from] move: Defog|[of] p1a: Corviknight
|
|upkeep
|turn|16
|
|t:|1769292936
|switch|p1a: Azumarill|Azumarill, M|100/100
|move|p2a: Kyurem|Freeze-Dry|p1a: Azumarill
|-supereffective|p1a: Azumarill
|-damage|p1a: Azumarill|0 fnt
|faint|p1a: Azumarill
|
|upkeep
|j| learningstall67
|
|t:|1769292941
|switch|p1a: Darkrai|Darkrai|100/100
|turn|17
|
|t:|1769292947
|switch|p2a: Tornadus|Tornadus-Therian, M|100/100
|move|p1a: Darkrai|Dark Pulse|p2a: Tornadus
|-damage|p2a: Tornadus|69/100
|
|upkeep
|turn|18
|
|t:|1769292951
|switch|p1a: Clodsire|Clodsire, F, shiny|100/100
|move|p2a: Tornadus|U-turn|p1a: Clodsire
|-resisted|p1a: Clodsire
|-damage|p1a: Clodsire|92/100
|
|t:|1769292955
|switch|p2a: Kyurem|Kyurem|75/100|[from] U-turn
|-ability|p2a: Kyurem|Pressure
|
|-heal|p1a: Clodsire|98/100|[from] item: Leftovers
|upkeep
|turn|19
|
|t:|1769292958
|move|p2a: Kyurem|Ice Beam|p1a: Clodsire
|-supereffective|p1a: Clodsire
|-damage|p1a: Clodsire|29/100
|move|p1a: Clodsire|Toxic|p2a: Kyurem
|-status|p2a: Kyurem|tox
|
|-heal|p1a: Clodsire|35/100|[from] item: Leftovers
|-damage|p2a: Kyurem|69/100 tox|[from] psn
|upkeep
|turn|20
|
|t:|1769292980
|switch|p1a: Deoxys|Deoxys-Defense|58/100
|-ability|p1a: Deoxys|Pressure
|move|p2a: Kyurem|Ice Beam|p1a: Deoxys
|-damage|p1a: Deoxys|19/100
|
|-damage|p2a: Kyurem|57/100 tox|[from] psn
|upkeep
|turn|21
|
|t:|1769292983
|move|p2a: Kyurem|Ice Beam|p1a: Deoxys
|-damage|p1a: Deoxys|0 fnt
|faint|p1a: Deoxys
|
|-damage|p2a: Kyurem|38/100 tox|[from] psn
|upkeep
|
|t:|1769292989
|switch|p1a: Darkrai|Darkrai|100/100
|turn|22
|
|t:|1769292999
|switch|p2a: Iron Treads|Iron Treads|56/100
|-terastallize|p1a: Darkrai|Dark
|move|p1a: Darkrai|Dark Pulse|p2a: Iron Treads
|-damage|p2a: Iron Treads|0 fnt
|faint|p2a: Iron Treads
|-end|p2a: Iron Treads|Quark Drive|[silent]
|
|upkeep
|
|t:|1769293004
|switch|p2a: Dragapult|Dragapult, F|100/100
|turn|23
|inactive|OehtWasHere has 120 seconds left.
|
|t:|1769293034
|switch|p1a: Clodsire|Clodsire, F, shiny|35/100
|move|p2a: Dragapult|U-turn|p1a: Clodsire
|-resisted|p1a: Clodsire
|-damage|p1a: Clodsire|15/100
|
|t:|1769293039
|switch|p2a: Kyurem|Kyurem|38/100 tox|[from] U-turn
|-ability|p2a: Kyurem|Pressure
|
|-heal|p1a: Clodsire|21/100|[from] item: Leftovers
|-damage|p2a: Kyurem|32/100 tox|[from] psn
|upkeep
|turn|24
|
|t:|1769293043
|move|p2a: Kyurem|Ice Beam|p1a: Clodsire
|-supereffective|p1a: Clodsire
|-damage|p1a: Clodsire|0 fnt
|faint|p1a: Clodsire
|
|-damage|p2a: Kyurem|20/100 tox|[from] psn
|upkeep
|
|t:|1769293046
|switch|p1a: Darkrai|Darkrai, tera:Dark|100/100
|turn|25
|
|t:|1769293062
|switch|p2a: Tornadus|Tornadus-Therian, M|100/100
|move|p1a: Darkrai|Dark Pulse|p2a: Tornadus
|-damage|p2a: Tornadus|62/100
|
|upkeep
|turn|26
|
|t:|1769293065
|move|p1a: Darkrai|Dark Pulse|p2a: Tornadus
|-damage|p2a: Tornadus|23/100
|move|p2a: Tornadus|U-turn|p1a: Darkrai
|-supereffective|p1a: Darkrai
|-damage|p1a: Darkrai|63/100
|
|t:|1769293070
|switch|p2a: Dragapult|Dragapult, F|100/100|[from] U-turn
|
|upkeep
|turn|27
|
|t:|1769293074
|switch|p1a: Corviknight|Corviknight, M|88/100
|-ability|p1a: Corviknight|Pressure
|move|p2a: Dragapult|U-turn|p1a: Corviknight
|-resisted|p1a: Corviknight
|-damage|p1a: Corviknight|83/100
|
|t:|1769293082
|switch|p2a: Hatterene|Hatterene, F|100/100|[from] U-turn
|
|upkeep
|turn|28
|
|t:|1769293090
|switch|p1a: Darkrai|Darkrai, tera:Dark|63/100
|move|p2a: Hatterene|Future Sight|p1a: Darkrai
|-start|p2a: Hatterene|move: Future Sight
|
|upkeep
|turn|29
|
|t:|1769293093
|move|p1a: Darkrai|Dark Pulse|p2a: Hatterene
|-damage|p2a: Hatterene|12/100
|move|p2a: Hatterene|Draining Kiss|p1a: Darkrai
|-supereffective|p1a: Darkrai
|-damage|p1a: Darkrai|7/100
|-heal|p2a: Hatterene|49/100|[from] drain|[of] p1a: Darkrai
|
|-heal|p2a: Hatterene|55/100|[from] item: Leftovers
|upkeep
|turn|30
|
|t:|1769293114
|move|p1a: Darkrai|Dark Pulse|p2a: Hatterene
|-damage|p2a: Hatterene|0 fnt
|faint|p2a: Hatterene
|
|-end|p1a: Darkrai|move: Future Sight
|-immune|p1a: Darkrai
|upkeep
|
|t:|1769293116
|switch|p2a: Dragapult|Dragapult, F|100/100
|turn|31
|
|t:|1769293123
|switch|p1a: Corviknight|Corviknight, M|83/100
|-ability|p1a: Corviknight|Pressure
|-terastallize|p2a: Dragapult|Ghost
|move|p2a: Dragapult|Tera Blast|p1a: Corviknight|[anim] Tera Blast Ghost
|-damage|p1a: Corviknight|40/100
|
|upkeep
|turn|32
|
|t:|1769293130
|move|p2a: Dragapult|Tera Blast|p1a: Corviknight|[anim] Tera Blast Ghost
|-damage|p1a: Corviknight|0 fnt
|faint|p1a: Corviknight
|
|upkeep
|
|t:|1769293132
|switch|p1a: Slither Wing|Slither Wing|100/100
|turn|33
|
|t:|1769293138
|switch|p2a: Zamazenta|Zamazenta|100/100
|-ability|p2a: Zamazenta|Dauntless Shield|boost
|-boost|p2a: Zamazenta|def|1
|move|p1a: Slither Wing|First Impression|p2a: Zamazenta
|-resisted|p2a: Zamazenta
|-damage|p2a: Zamazenta|79/100
|
|upkeep
|turn|34
|-message|OehtWasHere forfeited.
|
|win|oh YEAAHH!!
|raw|OehtWasHere's rating: 1778 &rarr; <strong>1759</strong><br />(-19 for losing)
|raw|oh YEAAHH!!'s rating: 1793 &rarr; <strong>1812</strong><br />(+19 for winning)
|l|‽OehtWasHere
|player|p1|
|l| learningstall67
