|j|☆El.Capo.Camino
|j|☆litle_noob
|t:|1769365368
|gametype|singles
|player|p1|El.Capo.Camino|firebreather|1247
|player|p2|litle_noob|red|1255
|gen|9
|tier|[Gen 9] OU
|rated|
|rule|HP Percentage Mod: HP is shown in percentages
|rule|Endless Battle Clause: Forcing endless battles is banned
|rule|Species Clause: Limit one of each Pokémon
|rule|OHKO Clause: OHKO moves are banned
|rule|Evasion Items Clause: Evasion items are banned
|rule|Evasion Moves Clause: Evasion moves are banned
|rule|Evasion Abilities Clause: Evasion abilities are banned
|rule|Sleep Moves Clause: Sleep-inducing moves are banned
|clearpoke
|poke|p1|Hatterene, F|
|poke|p1|Ursaluna, M|
|poke|p1|Toedscruel, F|
|poke|p1|Hattrem, F|
|poke|p1|Torkoal, F|
|poke|p1|Mew|
|poke|p2|Forretress, M|
|poke|p2|Toedscruel, M|
|poke|p2|Quaquaval, M|
|poke|p2|Gholdengo|
|poke|p2|Mandibuzz, F|
|poke|p2|Houndstone, F|
|teampreview
|inactive|Battle timer is ON: inactive players will automatically lose when time's up. (requested by litle_noob)
|
|t:|1769365380
|teamsize|p1|6
|teamsize|p2|6
|start
|switch|p1a: Mew|Mew|100/100
|switch|p2a: Toedscruel|Toedscruel, M|100/100
|turn|1
|
|t:|1769365390
|move|p1a: Mew|Stealth Rock|p2a: Toedscruel
|-sidestart|p2: litle_noob|move: Stealth Rock
|move|p2a: Toedscruel|Leech Seed|p1a: Mew
|-start|p1a: Mew|move: Leech Seed
|
|-damage|p1a: Mew|88/100|[from] Leech Seed|[of] p2a: Toedscruel
|upkeep
|turn|2
|
|t:|1769365400
|switch|p2a: Forretress|Forretress, M|100/100
|-damage|p2a: Forretress|88/100|[from] Stealth Rock
|move|p1a: Mew|Trick Room|p1a: Mew
|-fieldstart|move: Trick Room|[of] p1a: Mew
|
|-heal|p2a: Forretress|94/100|[from] item: Leftovers
|-damage|p1a: Mew|76/100|[from] Leech Seed|[of] p2a: Forretress
|-heal|p2a: Forretress|100/100|[silent]
|upkeep
|turn|3
|
|t:|1769365411
|-terastallize|p1a: Mew|Ghost
|move|p2a: Forretress|Stealth Rock|p1a: Mew
|-sidestart|p1: El.Capo.Camino|move: Stealth Rock
|move|p1a: Mew|Spikes|p2a: Forretress
|-sidestart|p2: litle_noob|Spikes
|
|-damage|p1a: Mew|63/100|[from] Leech Seed|[of] p2a: Forretress
|upkeep
|turn|4
|
|t:|1769365423
|switch|p1a: Toedscruel|Toedscruel, F|100/100
|move|p2a: Forretress|Spikes|p1a: Toedscruel
|-sidestart|p1: El.Capo.Camino|Spikes
|
|upkeep
|turn|5
|
|t:|1769365432
|switch|p2a: Gholdengo|Gholdengo|100/100
|-damage|p2a: Gholdengo|94/100|[from] Stealth Rock
|-damage|p2a: Gholdengo|82/100|[from] Spikes
|move|p1a: Toedscruel|Rapid Spin|p2a: Gholdengo
|-immune|p2a: Gholdengo
|
|-heal|p2a: Gholdengo|88/100|[from] item: Leftovers
|upkeep
|turn|6
|
|t:|1769365440
|move|p2a: Gholdengo|Shadow Ball|p1a: Toedscruel
|-damage|p1a: Toedscruel|72/100
|move|p1a: Toedscruel|Earth Power|p2a: Gholdengo
|-supereffective|p2a: Gholdengo
|-damage|p2a: Gholdengo|52/100
|
|-heal|p2a: Gholdengo|58/100|[from] item: Leftovers
|-fieldend|move: Trick Room
|upkeep
|turn|7
|
|t:|1769365451
|move|p1a: Toedscruel|Earth Power|p2a: Gholdengo
|-supereffective|p2a: Gholdengo
|-damage|p2a: Gholdengo|17/100
|move|p2a: Gholdengo|Nasty Plot|p2a: Gholdengo
|-boost|p2a: Gholdengo|spa|2
|
|-heal|p2a: Gholdengo|24/100|[from] item: Leftovers
|upkeep
|turn|8
|
|t:|1769365458
|switch|p2a: Houndstone|Houndstone, F|100/100
|-damage|p2a: Houndstone|88/100|[from] Stealth Rock
|-damage|p2a: Houndstone|76/100|[from] Spikes
|move|p1a: Toedscruel|Earth Power|p2a: Houndstone
|-damage|p2a: Houndstone|49/100
|
|-heal|p2a: Houndstone|55/100|[from] item: Leftovers
|upkeep
|turn|9
|
|t:|1769365470
|move|p2a: Houndstone|Poltergeist|p1a: Toedscruel
|-activate|p1a: Toedscruel|move: Poltergeist|Heavy-Duty Boots
|-damage|p1a: Toedscruel|28/100
|move|p1a: Toedscruel|Trick Room|p1a: Toedscruel
|-fieldstart|move: Trick Room|[of] p1a: Toedscruel
|
|-heal|p2a: Houndstone|61/100|[from] item: Leftovers
|upkeep
|turn|10
|
|t:|1769365481
|switch|p1a: 🐻*ベビーブーマー*|Ursaluna, M|100/100
|-damage|p1a: 🐻*ベビーブーマー*|94/100|[from] Stealth Rock
|-damage|p1a: 🐻*ベビーブーマー*|82/100|[from] Spikes
|move|p2a: Houndstone|Poltergeist|p1a: 🐻*ベビーブーマー*
|-immune|p1a: 🐻*ベビーブーマー*
|
|-heal|p2a: Houndstone|67/100|[from] item: Leftovers
|-status|p1a: 🐻*ベビーブーマー*|brn|[from] item: Flame Orb
|upkeep
|turn|11
|
|t:|1769365490
|move|p1a: 🐻*ベビーブーマー*|Headlong Rush|p2a: Houndstone
|-crit|p2a: Houndstone
|-damage|p2a: Houndstone|12/100
|-unboost|p1a: 🐻*ベビーブーマー*|def|1
|-unboost|p1a: 🐻*ベビーブーマー*|spd|1
|move|p2a: Houndstone|Pain Split|p1a: 🐻*ベビーブーマー*
|-sethp|p1a: 🐻*ベビーブーマー*|46/100 brn|[from] move: Pain Split|[silent]
|-sethp|p2a: Houndstone|61/100|[from] move: Pain Split
|
|-heal|p2a: Houndstone|67/100|[from] item: Leftovers
|-damage|p1a: 🐻*ベビーブーマー*|39/100 brn|[from] brn
|upkeep
|turn|12
|
|t:|1769365500
|move|p1a: 🐻*ベビーブーマー*|Swords Dance|p1a: 🐻*ベビーブーマー*
|-boost|p1a: 🐻*ベビーブーマー*|atk|2
|move|p2a: Houndstone|Pain Split|p1a: 🐻*ベビーブーマー*
|-sethp|p1a: 🐻*ベビーブーマー*|45/100 brn|[from] move: Pain Split|[silent]
|-sethp|p2a: Houndstone|59/100|[from] move: Pain Split
|
|-heal|p2a: Houndstone|65/100|[from] item: Leftovers
|-damage|p1a: 🐻*ベビーブーマー*|38/100 brn|[from] brn
|upkeep
|turn|13
|
|t:|1769365503
|move|p1a: 🐻*ベビーブーマー*|Headlong Rush|p2a: Houndstone
|-damage|p2a: Houndstone|0 fnt
|-unboost|p1a: 🐻*ベビーブーマー*|def|1
|-unboost|p1a: 🐻*ベビーブーマー*|spd|1
|faint|p2a: Houndstone
|
|-damage|p1a: 🐻*ベビーブーマー*|32/100 brn|[from] brn
|-fieldend|move: Trick Room
|upkeep
|
|t:|1769365507
|switch|p2a: Quaquaval|Quaquaval, M|100/100
|-damage|p2a: Quaquaval|94/100|[from] Stealth Rock
|-damage|p2a: Quaquaval|82/100|[from] Spikes
|turn|14
|-message|El.Capo.Camino forfeited.
|
|win|litle_noob
|raw|El.Capo.Camino's rating: 1247 &rarr; <strong>1223</strong><br />(-24 for losing)
|raw|litle_noob's rating: 1255 &rarr; <strong>1279</strong><br />(+24 for winning)
