|j|☆BLK DG
|j|☆icetea1896
|t:|1769311231
|gametype|singles
|player|p1|BLK DG|irida|1066
|player|p2|icetea1896|buck|1072
|gen|9
|tier|[Gen 9] OU
|rated|
|rule|HP Percentage Mod: HP is shown in percentages
|rule|Endless Battle Clause: Forcing endless battles is banned
|rule|Species Clause: Limit one of each Pokémon
|rule|OHKO Clause: OHKO moves are banned
|rule|Evasion Items Clause: Evasion items are banned
|rule|Evasion Moves Clause: Evasion moves are banned
|rule|Evasion Abilities Clause: Evasion abilities are banned
|rule|Sleep Moves Clause: Sleep-inducing moves are banned
|clearpoke
|poke|p1|Mew|
|poke|p1|Iron Moth|
|poke|p1|Alomomola, F|
|poke|p1|Quaquaval, F|
|poke|p1|Hawlucha, F|
|poke|p1|Dragonite, F|
|poke|p2|Ceruledge, F|
|poke|p2|Cinccino, F|
|poke|p2|Whimsicott, F|
|poke|p2|Weavile, F|
|poke|p2|Dondozo, M|
|poke|p2|Kommo-o, F|
|teampreview
|
|t:|1769311246
|teamsize|p1|6
|teamsize|p2|6
|start
|switch|p1a: Quaquaval|Quaquaval, F|100/100
|switch|p2a: Kommo-o|Kommo-o, F|100/100
|turn|1
|
|t:|1769311259
|move|p1a: Quaquaval|Aqua Step|p2a: Kommo-o
|-resisted|p2a: Kommo-o
|-damage|p2a: Kommo-o|84/100
|-boost|p1a: Quaquaval|spe|1
|move|p2a: Kommo-o|Draco Meteor|p1a: Quaquaval
|-damage|p1a: Quaquaval|65/100
|-unboost|p2a: Kommo-o|spa|2
|
|upkeep
|turn|2
|
|t:|1769311276
|move|p1a: Quaquaval|Aqua Step|p2a: Kommo-o
|-resisted|p2a: Kommo-o
|-damage|p2a: Kommo-o|70/100
|-boost|p1a: Quaquaval|spe|1
|move|p2a: Kommo-o|Draco Meteor|p1a: Quaquaval
|-damage|p1a: Quaquaval|45/100
|-unboost|p2a: Kommo-o|spa|2
|
|upkeep
|turn|3
|
|t:|1769311286
|move|p1a: Quaquaval|Triple Axel|p2a: Kommo-o
|-supereffective|p2a: Kommo-o
|-damage|p2a: Kommo-o|59/100
|-supereffective|p2a: Kommo-o
|-damage|p2a: Kommo-o|38/100
|-supereffective|p2a: Kommo-o
|-damage|p2a: Kommo-o|8/100
|-hitcount|p2a: Kommo-o|3
|move|p2a: Kommo-o|Body Slam|p1a: Quaquaval
|-damage|p1a: Quaquaval|7/100
|
|upkeep
|turn|4
|
|t:|1769311297
|move|p1a: Quaquaval|Aqua Jet|p2a: Kommo-o
|-resisted|p2a: Kommo-o
|-damage|p2a: Kommo-o|0 fnt
|faint|p2a: Kommo-o
|-ability|p1a: Quaquaval|Moxie|boost
|-boost|p1a: Quaquaval|atk|1
|
|upkeep
|
|t:|1769311304
|switch|p2a: Cinccino|Cinccino, F|100/100
|-item|p2a: Cinccino|Air Balloon
|turn|5
|
|t:|1769311314
|move|p1a: Quaquaval|Close Combat|p2a: Cinccino
|-supereffective|p2a: Cinccino
|-damage|p2a: Cinccino|0 fnt
|-unboost|p1a: Quaquaval|def|1
|-unboost|p1a: Quaquaval|spd|1
|-enditem|p2a: Cinccino|Air Balloon
|faint|p2a: Cinccino
|-ability|p1a: Quaquaval|Moxie|boost
|-boost|p1a: Quaquaval|atk|1
|
|upkeep
|
|t:|1769311324
|switch|p2a: Whimsicott|Whimsicott, F|100/100
|turn|6
|
|t:|1769311329
|move|p1a: Quaquaval|Triple Axel|p2a: Whimsicott
|-supereffective|p2a: Whimsicott
|-damage|p2a: Whimsicott|69/100
|-supereffective|p2a: Whimsicott
|-damage|p2a: Whimsicott|7/100
|-hitcount|p2a: Whimsicott|2
|move|p2a: Whimsicott|Moonblast|p1a: Quaquaval
|-supereffective|p1a: Quaquaval
|-damage|p1a: Quaquaval|0 fnt
|faint|p1a: Quaquaval
|
|upkeep
|
|t:|1769311358
|switch|p1a: Iron Moth|Iron Moth|100/100
|-enditem|p1a: Iron Moth|Booster Energy
|-activate|p1a: Iron Moth|ability: Quark Drive|[fromitem]
|-start|p1a: Iron Moth|quarkdrivespa
|turn|7
|
|t:|1769311365
|move|p1a: Iron Moth|Fiery Dance|p2a: Whimsicott
|-supereffective|p2a: Whimsicott
|-damage|p2a: Whimsicott|0 fnt
|faint|p2a: Whimsicott
|
|upkeep
|
|t:|1769311371
|switch|p2a: Dondozo|Dondozo, M|100/100
|turn|8
|
|t:|1769311380
|move|p1a: Iron Moth|Sludge Wave|p2a: Dondozo
|-damage|p2a: Dondozo|29/100
|move|p2a: Dondozo|Aqua Tail|p1a: Iron Moth
|-supereffective|p1a: Iron Moth
|-damage|p1a: Iron Moth|0 fnt
|faint|p1a: Iron Moth
|-end|p1a: Iron Moth|Quark Drive|[silent]
|
|upkeep
|
|t:|1769311387
|switch|p1a: Hawlucha|Hawlucha, F|100/100
|turn|9
|
|t:|1769311393
|move|p1a: Hawlucha|Swords Dance|p1a: Hawlucha
|-boost|p1a: Hawlucha|atk|2
|move|p2a: Dondozo|Aqua Tail|p1a: Hawlucha
|-damage|p1a: Hawlucha|53/100
|
|upkeep
|turn|10
|
|t:|1769311400
|move|p1a: Hawlucha|Thunder Punch|p2a: Dondozo
|-supereffective|p2a: Dondozo
|-damage|p2a: Dondozo|5/100
|-status|p2a: Dondozo|par
|move|p2a: Dondozo|Chilling Water|p1a: Hawlucha
|-damage|p1a: Hawlucha|32/100
|-unboost|p1a: Hawlucha|atk|1
|
|upkeep
|turn|11
|
|t:|1769311409
|move|p1a: Hawlucha|Thunder Punch|p2a: Dondozo
|-supereffective|p2a: Dondozo
|-damage|p2a: Dondozo|0 fnt
|faint|p2a: Dondozo
|
|upkeep
|
|t:|1769311417
|switch|p2a: Ceruledge|Ceruledge, F|100/100
|turn|12
|
|t:|1769311422
|move|p1a: Hawlucha|Thunder Punch|p2a: Ceruledge
|-damage|p2a: Ceruledge|69/100
|move|p2a: Ceruledge|Swords Dance|p2a: Ceruledge
|-boost|p2a: Ceruledge|atk|2
|-enditem|p1a: Hawlucha|Mirror Herb
|-boost|p1a: Hawlucha|atk|2|[from] item: Mirror Herb
|
|-heal|p2a: Ceruledge|75/100|[from] item: Leftovers
|upkeep
|turn|13
|
|t:|1769311432
|move|p1a: Hawlucha|Acrobatics|p2a: Ceruledge
|-damage|p2a: Ceruledge|0 fnt
|faint|p2a: Ceruledge
|
|upkeep
|
|t:|1769311438
|switch|p2a: Weavile|Weavile, F|100/100
|turn|14
|
|t:|1769311445
|move|p1a: Hawlucha|U-turn|p2a: Weavile
|-supereffective|p2a: Weavile
|-damage|p2a: Weavile|0 fnt
|faint|p2a: Weavile
|
|win|BLK DG
|raw|BLK DG's rating: 1066 &rarr; <strong>1097</strong><br />(+31 for winning)
|raw|icetea1896's rating: 1072 &rarr; <strong>1051</strong><br />(-21 for losing)
