|j|☆Lesmos
|j|☆Gulptubus
|t:|1769324248
|gametype|singles
|player|p1|Lesmos|169|1460
|player|p2|Gulptubus|pokemonranger-gen4|1486
|gen|9
|tier|[Gen 9] OU
|rated|
|rule|HP Percentage Mod: HP is shown in percentages
|rule|Endless Battle Clause: Forcing endless battles is banned
|rule|Species Clause: Limit one of each Pokémon
|rule|OHKO Clause: OHKO moves are banned
|rule|Evasion Items Clause: Evasion items are banned
|rule|Evasion Moves Clause: Evasion moves are banned
|rule|Evasion Abilities Clause: Evasion abilities are banned
|rule|Sleep Moves Clause: Sleep-inducing moves are banned
|clearpoke
|poke|p1|Gliscor, F|
|poke|p1|Walking Wake|
|poke|p1|Slowking-Galar, F|
|poke|p1|Zamazenta-*|
|poke|p1|Ting-Lu|
|poke|p1|Kingambit, F|
|poke|p2|Ribombee, F|
|poke|p2|Zoroark-Hisui, F|
|poke|p2|Ogerpon-Wellspring, F|
|poke|p2|Iron Moth|
|poke|p2|Great Tusk|
|poke|p2|Gholdengo|
|teampreview
|inactive|Battle timer is ON: inactive players will automatically lose when time's up. (requested by Lesmos)
|
|t:|1769324268
|teamsize|p1|6
|teamsize|p2|6
|start
|switch|p1a: Slowking|Slowking-Galar, F|100/100
|switch|p2a: Ribombee|Ribombee, F|100/100
|turn|1
|
|t:|1769324276
|move|p2a: Ribombee|Sticky Web|p1a: Slowking
|-sidestart|p1: Lesmos|move: Sticky Web
|move|p1a: Slowking|Flamethrower|p2a: Ribombee
|-supereffective|p2a: Ribombee
|-damage|p2a: Ribombee|28/100
|
|upkeep
|turn|2
|
|t:|1769324281
|move|p2a: Ribombee|Stun Spore|p1a: Slowking|[miss]
|-miss|p2a: Ribombee|p1a: Slowking
|move|p1a: Slowking|Flamethrower|p2a: Ribombee
|-supereffective|p2a: Ribombee
|-damage|p2a: Ribombee|0 fnt
|faint|p2a: Ribombee
|
|upkeep
|
|t:|1769324301
|switch|p2a: Great Tusk|Great Tusk|100/100
|-enditem|p2a: Great Tusk|Booster Energy
|-activate|p2a: Great Tusk|ability: Protosynthesis|[fromitem]
|-start|p2a: Great Tusk|protosynthesisspe
|turn|3
|
|t:|1769324306
|move|p2a: Great Tusk|Bulk Up|p2a: Great Tusk
|-boost|p2a: Great Tusk|atk|1
|-boost|p2a: Great Tusk|def|1
|move|p1a: Slowking|Future Sight|p2a: Great Tusk
|-start|p1a: Slowking|move: Future Sight
|
|upkeep
|turn|4
|
|t:|1769324315
|move|p2a: Great Tusk|Headlong Rush|p1a: Slowking
|-supereffective|p1a: Slowking
|-damage|p1a: Slowking|0 fnt
|-unboost|p2a: Great Tusk|def|1
|-unboost|p2a: Great Tusk|spd|1
|faint|p1a: Slowking
|
|upkeep
|
|t:|1769324324
|switch|p1a: Gliscor|Gliscor, F|100/100
|turn|5
|
|t:|1769324337
|-end|p2a: Great Tusk|Protosynthesis|[silent]
|switch|p2a: Gholdengo|Gholdengo|100/100
|-item|p2a: Gholdengo|Air Balloon
|move|p1a: Gliscor|Earthquake|p2a: Gholdengo
|-immune|p2a: Gholdengo
|
|-end|p2a: Gholdengo|move: Future Sight
|-resisted|p2a: Gholdengo
|-crit|p2a: Gholdengo
|-damage|p2a: Gholdengo|60/100
|-enditem|p2a: Gholdengo|Air Balloon
|-status|p1a: Gliscor|tox|[from] item: Toxic Orb
|upkeep
|turn|6
|
|t:|1769324346
|switch|p2a: Great Tusk|Great Tusk|100/100
|move|p1a: Gliscor|Earthquake|p2a: Great Tusk
|-damage|p2a: Great Tusk|77/100
|
|upkeep
|turn|7
|
|t:|1769324359
|move|p2a: Great Tusk|Bulk Up|p2a: Great Tusk
|-boost|p2a: Great Tusk|atk|1
|-boost|p2a: Great Tusk|def|1
|move|p1a: Gliscor|Swords Dance|p1a: Gliscor
|-boost|p1a: Gliscor|atk|2
|
|upkeep
|turn|8
|
|t:|1769324363
|move|p2a: Great Tusk|Ice Spinner|p1a: Gliscor
|-supereffective|p1a: Gliscor
|-damage|p1a: Gliscor|0 fnt
|faint|p1a: Gliscor
|
|upkeep
|
|t:|1769324367
|switch|p1a: Zamazenta|Zamazenta|100/100
|-activate|p1a: Zamazenta|move: Sticky Web
|-unboost|p1a: Zamazenta|spe|1
|-ability|p1a: Zamazenta|Dauntless Shield|boost
|-boost|p1a: Zamazenta|def|1
|turn|9
|
|t:|1769324378
|move|p2a: Great Tusk|Bulk Up|p2a: Great Tusk
|-boost|p2a: Great Tusk|atk|1
|-boost|p2a: Great Tusk|def|1
|move|p1a: Zamazenta|Iron Defense|p1a: Zamazenta
|-boost|p1a: Zamazenta|def|2
|
|upkeep
|turn|10
|
|t:|1769324399
|move|p2a: Great Tusk|Bulk Up|p2a: Great Tusk
|-boost|p2a: Great Tusk|atk|1
|-boost|p2a: Great Tusk|def|1
|move|p1a: Zamazenta|Body Press|p2a: Great Tusk
|-damage|p2a: Great Tusk|57/100
|
|upkeep
|turn|11
|-message|Lesmos forfeited.
|
|win|Gulptubus
|raw|Lesmos's rating: 1460 &rarr; <strong>1441</strong><br />(-19 for losing)
|raw|Gulptubus's rating: 1486 &rarr; <strong>1505</strong><br />(+19 for winning)
|l|☆Lesmos
|player|p1|
|l|☆Gulptubus
|player|p2|
