|j|☆vyktor
|j|☆Mimolyk
|t:|1769414203
|gametype|singles
|player|p1|vyktor|265|1169
|player|p2|Mimolyk|boarder|1225
|gen|9
|tier|[Gen 9] OU
|rated|
|rule|HP Percentage Mod: HP is shown in percentages
|rule|Endless Battle Clause: Forcing endless battles is banned
|rule|Species Clause: Limit one of each Pokémon
|rule|OHKO Clause: OHKO moves are banned
|rule|Evasion Items Clause: Evasion items are banned
|rule|Evasion Moves Clause: Evasion moves are banned
|rule|Evasion Abilities Clause: Evasion abilities are banned
|rule|Sleep Moves Clause: Sleep-inducing moves are banned
|clearpoke
|poke|p1|Ceruledge, M|
|poke|p1|Arboliva, M|
|poke|p1|Ninetales-Alola, F|
|poke|p1|Kleavor, M|
|poke|p1|Inteleon, M|
|poke|p1|Sandaconda, M|
|poke|p2|Heatran, M|
|poke|p2|Kyurem|
|poke|p2|Rillaboom, M|
|poke|p2|Slowking, F|
|poke|p2|Enamorus, F|
|poke|p2|Quaquaval, F|
|teampreview
|inactive|Battle timer is ON: inactive players will automatically lose when time's up. (requested by vyktor)
|inactive|Mimolyk has 120 seconds left.
|
|t:|1769414270
|teamsize|p1|6
|teamsize|p2|6
|start
|switch|p1a: Kleavor|Kleavor, M, shiny|100/100
|switch|p2a: Jungalou|Rillaboom, M|100/100
|-fieldstart|move: Grassy Terrain|[from] ability: Grassy Surge|[of] p2a: Jungalou
|turn|1
|
|t:|1769414280
|move|p1a: Kleavor|Stone Axe|p2a: Jungalou
|-damage|p2a: Jungalou|55/100
|-sidestart|p2: Mimolyk|move: Stealth Rock
|move|p2a: Jungalou|Wood Hammer|p1a: Kleavor
|-damage|p1a: Kleavor|4/100
|-damage|p2a: Jungalou|29/100|[from] Recoil
|
|-heal|p1a: Kleavor|10/100|[from] Grassy Terrain
|-heal|p2a: Jungalou|35/100|[from] Grassy Terrain
|upkeep
|turn|2
|
|t:|1769414304
|move|p2a: Jungalou|Grassy Glide|p1a: Kleavor
|-damage|p1a: Kleavor|0 fnt
|faint|p1a: Kleavor
|
|-heal|p2a: Jungalou|41/100|[from] Grassy Terrain
|upkeep
|
|t:|1769414314
|switch|p1a: Flor|Ninetales-Alola, F, shiny|100/100
|-weather|Snowscape|[from] ability: Snow Warning|[of] p1a: Flor
|turn|3
|
|t:|1769414334
|switch|p2a: Volkamer|Heatran, M|100/100
|-damage|p2a: Volkamer|88/100|[from] Stealth Rock
|move|p1a: Flor|Ice Beam|p2a: Volkamer
|-resisted|p2a: Volkamer
|-damage|p2a: Volkamer|82/100
|
|-weather|Snowscape|[upkeep]
|-heal|p2a: Volkamer|88/100|[from] Grassy Terrain
|-heal|p2a: Volkamer|94/100|[from] item: Leftovers
|upkeep
|turn|4
|
|t:|1769414345
|move|p1a: Flor|Aurora Veil|p1a: Flor
|-sidestart|p1: vyktor|move: Aurora Veil
|move|p2a: Volkamer|Stealth Rock|p1a: Flor
|-sidestart|p1: vyktor|move: Stealth Rock
|
|-weather|Snowscape|[upkeep]
|-heal|p2a: Volkamer|100/100|[from] Grassy Terrain
|upkeep
|turn|5
|inactive|Mimolyk has 120 seconds left.
|
|t:|1769414368
|move|p1a: Flor|Nasty Plot|p1a: Flor
|-boost|p1a: Flor|spa|2
|move|p2a: Volkamer|Magma Storm|p1a: Flor
|-supereffective|p1a: Flor
|-damage|p1a: Flor|47/100
|-activate|p1a: Flor|move: Magma Storm|[of] p2a: Volkamer
|
|-weather|Snowscape|[upkeep]
|-heal|p1a: Flor|53/100|[from] Grassy Terrain
|-damage|p1a: Flor|41/100|[from] move: Magma Storm|[partiallytrapped]
|-fieldend|move: Grassy Terrain
|upkeep
|turn|6
|inactive|Mimolyk has 120 seconds left.
|inactive|Mimolyk has 90 seconds left.
|
|t:|1769414419
|move|p1a: Flor|Draining Kiss|p2a: Volkamer
|-resisted|p2a: Volkamer
|-damage|p2a: Volkamer|93/100
|-heal|p1a: Flor|46/100|[from] drain|[of] p2a: Volkamer
|move|p2a: Volkamer|Magma Storm|p1a: Flor|[miss]
|-miss|p2a: Volkamer|p1a: Flor
|
|-weather|Snowscape|[upkeep]
|-heal|p2a: Volkamer|99/100|[from] item: Leftovers
|-damage|p1a: Flor|34/100|[from] move: Magma Storm|[partiallytrapped]
|upkeep
|turn|7
|
|t:|1769414430
|move|p1a: Flor|Ice Beam|p2a: Volkamer
|-resisted|p2a: Volkamer
|-damage|p2a: Volkamer|86/100
|-status|p2a: Volkamer|frz
|-curestatus|p2a: Volkamer|frz|[msg]
|move|p2a: Volkamer|Magma Storm|p1a: Flor|[miss]
|-miss|p2a: Volkamer|p1a: Flor
|
|-weather|none
|-heal|p2a: Volkamer|92/100|[from] item: Leftovers
|-damage|p1a: Flor|21/100|[from] move: Magma Storm|[partiallytrapped]
|upkeep
|turn|8
|
|t:|1769414455
|move|p1a: Flor|Ice Beam|p2a: Volkamer
|-resisted|p2a: Volkamer
|-damage|p2a: Volkamer|80/100
|move|p2a: Volkamer|Magma Storm|p1a: Flor
|-supereffective|p1a: Flor
|-damage|p1a: Flor|0 fnt
|faint|p1a: Flor
|
|-heal|p2a: Volkamer|86/100|[from] item: Leftovers
|upkeep
|
|t:|1769414466
|switch|p1a: Soul|Ceruledge, M, shiny|100/100
|-damage|p1a: Soul|75/100|[from] Stealth Rock
|turn|9
|
|t:|1769414489
|-terastallize|p1a: Soul|Grass
|move|p1a: Soul|Bitter Blade|p2a: Volkamer
|-start|p2a: Volkamer|ability: Flash Fire
|move|p2a: Volkamer|Taunt|p1a: Soul
|-start|p1a: Soul|move: Taunt
|
|-heal|p2a: Volkamer|92/100|[from] item: Leftovers
|upkeep
|turn|10
|
|t:|1769414501
|move|p1a: Soul|Poltergeist|p2a: Volkamer
|-activate|p2a: Volkamer|move: Poltergeist|Leftovers
|-damage|p2a: Volkamer|21/100
|move|p2a: Volkamer|Magma Storm|p1a: Soul
|-start|p1a: Soul|ability: Flash Fire
|
|-heal|p2a: Volkamer|27/100|[from] item: Leftovers
|upkeep
|turn|11
|inactive|Mimolyk has 60 seconds left.
|
|t:|1769414522
|move|p1a: Soul|Poltergeist|p2a: Volkamer
|-activate|p2a: Volkamer|move: Poltergeist|Leftovers
|-damage|p2a: Volkamer|0 fnt
|faint|p2a: Volkamer
|
|-sideend|p1: vyktor|move: Aurora Veil
|upkeep
|inactive|Mimolyk has 60 seconds left.
|inactive|Mimolyk has 30 seconds left.
|
|t:|1769414560
|switch|p2a: Enamorus|Enamorus, F|100/100
|-damage|p2a: Enamorus|76/100|[from] Stealth Rock
|turn|12
|
|t:|1769414565
|move|p2a: Enamorus|Moonblast|p1a: Soul
|-damage|p1a: Soul|12/100
|move|p1a: Soul|Bitter Blade|p2a: Enamorus
|-crit|p2a: Enamorus
|-damage|p2a: Enamorus|0 fnt
|-heal|p1a: Soul|49/100|[from] drain|[of] p2a: Enamorus
|faint|p2a: Enamorus
|
|-end|p1a: Soul|move: Taunt
|upkeep
|
|t:|1769414574
|switch|p2a: Igilo|Kyurem|100/100
|-damage|p2a: Igilo|76/100|[from] Stealth Rock
|-ability|p2a: Igilo|Pressure
|turn|13
|
|t:|1769414581
|move|p2a: Igilo|Scale Shot|p1a: Soul
|-damage|p1a: Soul|28/100
|-damage|p1a: Soul|7/100
|-damage|p1a: Soul|0 fnt
|faint|p1a: Soul
|-hitcount|p1: Soul|3
|-unboost|p2a: Igilo|def|1
|-boost|p2a: Igilo|spe|1
|
|upkeep
|
|t:|1769414601
|switch|p1a: Sandaconda|Sandaconda, M, shiny|100/100
|-damage|p1a: Sandaconda|94/100|[from] Stealth Rock
|turn|14
|inactive|Mimolyk has 60 seconds left.
|
|t:|1769414630
|move|p2a: Igilo|Icicle Spear|p1a: Sandaconda
|-supereffective|p1a: Sandaconda
|-damage|p1a: Sandaconda|77/100
|-supereffective|p1a: Sandaconda
|-damage|p1a: Sandaconda|60/100
|-supereffective|p1a: Sandaconda
|-damage|p1a: Sandaconda|42/100
|-supereffective|p1a: Sandaconda
|-damage|p1a: Sandaconda|26/100
|-hitcount|p1a: Sandaconda|4
|move|p1a: Sandaconda|Body Press|p2a: Igilo
|-supereffective|p2a: Igilo
|-damage|p2a: Igilo|0 fnt
|faint|p2a: Igilo
|
|-heal|p1a: Sandaconda|32/100|[from] item: Leftovers
|upkeep
|inactive|Mimolyk has 30 seconds left.
|inactive|Mimolyk has 20 seconds left.
|
|t:|1769414660
|switch|p2a: rivesana|Quaquaval, F|100/100
|turn|15
|inactive|Mimolyk has 30 seconds left this turn.
|
|t:|1769414665
|move|p2a: rivesana|Rapid Spin|p1a: Sandaconda
|-damage|p1a: Sandaconda|22/100
|-boost|p2a: rivesana|spe|1
|-sideend|p2: Mimolyk|Stealth Rock|[from] move: Rapid Spin|[of] p2a: rivesana
|move|p1a: Sandaconda|Glare|p2a: rivesana
|-status|p2a: rivesana|par
|
|-heal|p1a: Sandaconda|28/100|[from] item: Leftovers
|upkeep
|turn|16
|inactive|Mimolyk has 30 seconds left.
|inactive|Mimolyk has 20 seconds left.
|inactive|Mimolyk has 15 seconds left.
|
|t:|1769414692
|move|p2a: rivesana|Aqua Jet|p1a: Sandaconda
|-supereffective|p1a: Sandaconda
|-damage|p1a: Sandaconda|3/100
|move|p1a: Sandaconda|Rest|p1a: Sandaconda
|-status|p1a: Sandaconda|slp|[from] move: Rest
|-heal|p1a: Sandaconda|100/100 slp|[silent]
|
|upkeep
|turn|17
|inactive|Mimolyk has 25 seconds left this turn.
|inactive|Mimolyk has 20 seconds left.
|inactive|Mimolyk has 15 seconds left.
|
|t:|1769414707
|cant|p2a: rivesana|par
|cant|p1a: Sandaconda|slp
|
|-activate|p1a: Sandaconda|ability: Shed Skin
|-curestatus|p1a: Sandaconda|slp|[msg]
|upkeep
|turn|18
|inactive|Mimolyk has 25 seconds left this turn.
|inactive|Mimolyk has 20 seconds left.
|inactive|Mimolyk has 15 seconds left.
|
|t:|1769414718
|move|p2a: rivesana|Swords Dance|p2a: rivesana
|-boost|p2a: rivesana|atk|2
|move|p1a: Sandaconda|Iron Defense|p1a: Sandaconda
|-boost|p1a: Sandaconda|def|2
|
|upkeep
|turn|19
|inactive|Mimolyk has 25 seconds left this turn.
|inactive|Mimolyk has 20 seconds left.
|inactive|Mimolyk has 15 seconds left.
|inactive|Mimolyk has 10 seconds left.
|inactive|Mimolyk has 5 seconds left.
|-message|Mimolyk lost due to inactivity.
|
|win|vyktor
|raw|vyktor's rating: 1169 &rarr; <strong>1198</strong><br />(+29 for winning)
|raw|Mimolyk's rating: 1225 &rarr; <strong>1196</strong><br />(-29 for losing)
|l|☆vyktor
|player|p1|
|l|☆Mimolyk
|player|p2|
