|j|☆pokemayakumo
|j|☆CambridgeFoulPlay
|t:|1769343847
|gametype|singles
|player|p1|pokemayakumo|caitlin|1702
|player|p2|CambridgeFoulPlay|266|1852
|gen|9
|tier|[Gen 9] OU
|rated|
|rule|HP Percentage Mod: HP is shown in percentages
|rule|Endless Battle Clause: Forcing endless battles is banned
|rule|Species Clause: Limit one of each Pokémon
|rule|OHKO Clause: OHKO moves are banned
|rule|Evasion Items Clause: Evasion items are banned
|rule|Evasion Moves Clause: Evasion moves are banned
|rule|Evasion Abilities Clause: Evasion abilities are banned
|rule|Sleep Moves Clause: Sleep-inducing moves are banned
|clearpoke
|poke|p1|Ditto|
|poke|p1|Kingambit, M|
|poke|p1|Ninetales-Alola, F|
|poke|p1|Rillaboom, M|
|poke|p1|Manaphy|
|poke|p1|Corviknight, M|
|poke|p2|Hydrapple, M|
|poke|p2|Tyranitar, F|
|poke|p2|Moltres|
|poke|p2|Zamazenta-*|
|poke|p2|Slowking-Galar, M|
|poke|p2|Excadrill, F|
|teampreview
|c|☆CambridgeFoulPlay|hf
|inactive|Battle timer is ON: inactive players will automatically lose when time's up. (requested by CambridgeFoulPlay)
|
|t:|1769343856
|teamsize|p1|6
|teamsize|p2|6
|start
|switch|p1a: Ninetales|Ninetales-Alola, F|100/100
|switch|p2a: Zamazenta|Zamazenta|100/100
|-ability|p2a: Zamazenta|Dauntless Shield|boost
|-boost|p2a: Zamazenta|def|1
|-weather|Snowscape|[from] ability: Snow Warning|[of] p1a: Ninetales
|turn|1
|
|t:|1769343862
|switch|p1a: Manaphy|Manaphy|100/100
|move|p2a: Zamazenta|Body Press|p1a: Manaphy
|-damage|p1a: Manaphy|41/100
|
|-weather|Snowscape|[upkeep]
|-heal|p1a: Manaphy|47/100|[from] item: Leftovers
|upkeep
|turn|2
|
|t:|1769343866
|move|p2a: Zamazenta|Body Press|p1a: Manaphy
|-damage|p1a: Manaphy|0 fnt
|faint|p1a: Manaphy
|
|-weather|Snowscape|[upkeep]
|upkeep
|
|t:|1769343869
|switch|p1a: Ninetales|Ninetales-Alola, F|100/100
|turn|3
|
|t:|1769343871
|move|p2a: Zamazenta|Body Press|p1a: Ninetales
|-damage|p1a: Ninetales|55/100
|move|p1a: Ninetales|Aurora Veil|p1a: Ninetales
|-sidestart|p1: pokemayakumo|move: Aurora Veil
|
|-weather|Snowscape|[upkeep]
|upkeep
|turn|4
|
|t:|1769343874
|move|p2a: Zamazenta|Body Press|p1a: Ninetales
|-damage|p1a: Ninetales|33/100
|move|p1a: Ninetales|Moonblast|p2a: Zamazenta
|-supereffective|p2a: Zamazenta
|-damage|p2a: Zamazenta|46/100
|-unboost|p2a: Zamazenta|spa|1
|
|-weather|Snowscape|[upkeep]
|-heal|p2a: Zamazenta|52/100|[from] item: Leftovers
|upkeep
|turn|5
|
|t:|1769343877
|switch|p2a: Slowking|Slowking-Galar, M|100/100
|move|p1a: Ninetales|Moonblast|p2a: Slowking
|-resisted|p2a: Slowking
|-damage|p2a: Slowking|93/100
|
|-weather|none
|upkeep
|turn|6
|
|t:|1769343881
|move|p1a: Ninetales|Freeze-Dry|p2a: Slowking
|-damage|p2a: Slowking|83/100
|move|p2a: Slowking|Flamethrower|p1a: Ninetales
|-supereffective|p1a: Ninetales
|-damage|p1a: Ninetales|11/100
|
|upkeep
|turn|7
|
|t:|1769343883
|move|p1a: Ninetales|Freeze-Dry|p2a: Slowking
|-damage|p2a: Slowking|73/100
|move|p2a: Slowking|Flamethrower|p1a: Ninetales
|-supereffective|p1a: Ninetales
|-damage|p1a: Ninetales|0 fnt
|faint|p1a: Ninetales
|
|upkeep
|
|t:|1769343887
|switch|p1a: Kingambit|Kingambit, M, shiny|100/100
|-activate|p1a: Kingambit|ability: Supreme Overlord
|-start|p1a: Kingambit|fallen2|[silent]
|turn|8
|
|t:|1769343889
|switch|p2a: Zamazenta|Zamazenta|52/100
|move|p1a: Kingambit|Swords Dance|p1a: Kingambit
|-boost|p1a: Kingambit|atk|2
|
|-heal|p2a: Zamazenta|59/100|[from] item: Leftovers
|upkeep
|turn|9
|
|t:|1769343891
|switch|p2a: Moltres|Moltres|100/100
|-terastallize|p1a: Kingambit|Ghost
|move|p1a: Kingambit|Brick Break|p2a: Moltres
|-resisted|p2a: Moltres
|-damage|p2a: Moltres|75/100
|-status|p1a: Kingambit|brn|[from] ability: Flame Body|[of] p2a: Moltres
|
|-damage|p1a: Kingambit|94/100 brn|[from] brn
|upkeep
|turn|10
|-message|pokemayakumo forfeited.
|
|win|CambridgeFoulPlay
|raw|pokemayakumo's rating: 1702 &rarr; <strong>1690</strong><br />(-12 for losing)
|raw|CambridgeFoulPlay's rating: 1852 &rarr; <strong>1864</strong><br />(+12 for winning)
|c|☆CambridgeFoulPlay|gg
|l|☆pokemayakumo
|player|p1|
