|j|☆jtthemaster
|j|☆Nozem
|t:|1769363573
|gametype|singles
|player|p1|jtthemaster|morty|1330
|player|p2|Nozem|cheren|1373
|gen|9
|tier|[Gen 9] OU
|rated|
|rule|HP Percentage Mod: HP is shown in percentages
|rule|Endless Battle Clause: Forcing endless battles is banned
|rule|Species Clause: Limit one of each Pokémon
|rule|OHKO Clause: OHKO moves are banned
|rule|Evasion Items Clause: Evasion items are banned
|rule|Evasion Moves Clause: Evasion moves are banned
|rule|Evasion Abilities Clause: Evasion abilities are banned
|rule|Sleep Moves Clause: Sleep-inducing moves are banned
|clearpoke
|poke|p1|Pelipper, F|
|poke|p1|Metagross|
|poke|p1|Araquanid, F|
|poke|p1|Dragonite, F|
|poke|p1|Kingdra, F|
|poke|p1|Milotic, F|
|poke|p2|Kyurem|
|poke|p2|Smeargle, M|
|poke|p2|Gholdengo|
|poke|p2|Thundurus, M|
|poke|p2|Ogerpon-Wellspring, F|
|poke|p2|Great Tusk|
|teampreview
|inactive|Battle timer is ON: inactive players will automatically lose when time's up. (requested by jtthemaster)
|
|t:|1769363578
|teamsize|p1|6
|teamsize|p2|6
|start
|switch|p1a: Pelipper|Pelipper, F|100/100
|switch|p2a: Smeargle|Smeargle, M|100/100
|-weather|RainDance|[from] ability: Drizzle|[of] p1a: Pelipper
|turn|1
|
|t:|1769363583
|move|p2a: Smeargle|Burning Bulwark|p2a: Smeargle
|-singleturn|p2a: Smeargle|move: Protect
|move|p1a: Pelipper|Hurricane|p2a: Smeargle
|-activate|p2a: Smeargle|move: Protect
|
|-weather|RainDance|[upkeep]
|upkeep
|turn|2
|
|t:|1769363590
|move|p2a: Smeargle|Sticky Web|p1a: Pelipper
|-sidestart|p1: jtthemaster|move: Sticky Web
|move|p1a: Pelipper|U-turn|p2a: Smeargle
|-damage|p2a: Smeargle|77/100
|
|t:|1769363596
|switch|p1a: Milotic|Milotic, F|100/100|[from] U-turn
|-activate|p1a: Milotic|move: Sticky Web
|-unboost|p1a: Milotic|spe|1
|-ability|p1a: Milotic|Competitive|boost
|-boost|p1a: Milotic|spa|2
|
|-weather|RainDance|[upkeep]
|upkeep
|turn|3
|
|t:|1769363600
|move|p2a: Smeargle|Stone Axe|p1a: Milotic
|-damage|p1a: Milotic|94/100
|-sidestart|p1: jtthemaster|move: Stealth Rock
|move|p1a: Milotic|Ice Beam|p2a: Smeargle
|-damage|p2a: Smeargle|0 fnt
|faint|p2a: Smeargle
|
|-weather|RainDance|[upkeep]
|-heal|p1a: Milotic|99/100|[from] item: Leftovers
|upkeep
|
|t:|1769363604
|switch|p2a: Ogerpon|Ogerpon-Wellspring, F|100/100
|turn|4
|
|t:|1769363608
|move|p2a: Ogerpon|Power Whip|p1a: Milotic
|-supereffective|p1a: Milotic
|-damage|p1a: Milotic|0 fnt
|faint|p1a: Milotic
|
|-weather|RainDance|[upkeep]
|upkeep
|
|t:|1769363613
|switch|p1a: Kingdra|Kingdra, F|100/100
|-activate|p1a: Kingdra|move: Sticky Web
|-unboost|p1a: Kingdra|spe|1
|-damage|p1a: Kingdra|88/100|[from] Stealth Rock
|turn|5
|
|t:|1769363616
|move|p1a: Kingdra|Hurricane|p2a: Ogerpon
|-supereffective|p2a: Ogerpon
|-damage|p2a: Ogerpon|0 fnt
|faint|p2a: Ogerpon
|
|-weather|RainDance|[upkeep]
|upkeep
|
|t:|1769363621
|switch|p2a: Thundurus|Thundurus, M|100/100
|turn|6
|
|t:|1769363636
|switch|p1a: Dragonite|Dragonite, F, shiny|100/100
|move|p2a: Thundurus|Swagger|p1a: Dragonite
|-boost|p1a: Dragonite|atk|2
|-start|p1a: Dragonite|confusion
|-enditem|p2a: Thundurus|Mirror Herb
|-boost|p2a: Thundurus|atk|2|[from] item: Mirror Herb
|
|-weather|RainDance|[upkeep]
|upkeep
|turn|7
|
|t:|1769363645
|-activate|p1a: Dragonite|confusion
|-damage|p1a: Dragonite|66/100|[from] confusion
|move|p2a: Thundurus|Substitute|p2a: Thundurus
|-start|p2a: Thundurus|Substitute
|-damage|p2a: Thundurus|76/100
|
|-weather|RainDance|[upkeep]
|upkeep
|turn|8
|
|t:|1769363649
|-activate|p1a: Dragonite|confusion
|move|p1a: Dragonite|Extreme Speed|p2a: Thundurus
|-end|p2a: Thundurus|Substitute
|move|p2a: Thundurus|Supercell Slam|p1a: Dragonite
|-crit|p1a: Dragonite
|-damage|p1a: Dragonite|0 fnt
|faint|p1a: Dragonite
|
|-weather|none
|upkeep
|-message|jtthemaster forfeited.
|
|win|Nozem
|raw|jtthemaster's rating: 1330 &rarr; <strong>1312</strong><br />(-18 for losing)
|raw|Nozem's rating: 1373 &rarr; <strong>1391</strong><br />(+18 for winning)
|l|☆jtthemaster
|player|p1|
|l|☆Nozem
|player|p2|
