|j|☆BS34
|j|☆bowcaster26
|t:|1769407982
|gametype|singles
|player|p1|BS34|iris-gen5bw2|1346
|player|p2|bowcaster26|striker|1344
|gen|9
|tier|[Gen 9] OU
|rated|
|rule|HP Percentage Mod: HP is shown in percentages
|rule|Endless Battle Clause: Forcing endless battles is banned
|rule|Species Clause: Limit one of each Pokémon
|rule|OHKO Clause: OHKO moves are banned
|rule|Evasion Items Clause: Evasion items are banned
|rule|Evasion Moves Clause: Evasion moves are banned
|rule|Evasion Abilities Clause: Evasion abilities are banned
|rule|Sleep Moves Clause: Sleep-inducing moves are banned
|clearpoke
|poke|p1|Zamazenta-*|
|poke|p1|Ogerpon-Wellspring, F|
|poke|p1|Slowking-Galar, M|
|poke|p1|Great Tusk|
|poke|p1|Kingambit, M|
|poke|p1|Zapdos|
|poke|p2|Scizor, M|
|poke|p2|Mamoswine, M|
|poke|p2|Serperior, M|
|poke|p2|Samurott-Hisui, M|
|poke|p2|Dragapult, F|
|poke|p2|Garganacl, M|
|teampreview
|inactive|Battle timer is ON: inactive players will automatically lose when time's up. (requested by bowcaster26)
|inactive|BS34 has 120 seconds left.
|inactive|BS34 has 90 seconds left.
|
|t:|1769408058
|teamsize|p1|6
|teamsize|p2|6
|start
|switch|p1a: Ogerpon|Ogerpon-Wellspring, F|100/100
|switch|p2a: Depth Charge|Samurott-Hisui, M|100/100
|turn|1
|
|t:|1769408066
|move|p1a: Ogerpon|Power Whip|p2a: Depth Charge
|-supereffective|p2a: Depth Charge
|-enditem|p2a: Depth Charge|Focus Sash
|-damage|p2a: Depth Charge|1/100
|move|p2a: Depth Charge|Ceaseless Edge|p1a: Ogerpon
|-damage|p1a: Ogerpon|41/100
|-sidestart|p1: BS34|Spikes
|
|upkeep
|turn|2
|
|t:|1769408073
|move|p2a: Depth Charge|Sucker Punch|p1a: Ogerpon
|-damage|p1a: Ogerpon|0 fnt
|faint|p1a: Ogerpon
|
|upkeep
|
|t:|1769408080
|switch|p1a: Great Tusk|Great Tusk, shiny|100/100
|turn|3
|
|t:|1769408084
|switch|p2a: Slipstream|Dragapult, F|100/100
|move|p1a: Great Tusk|Rapid Spin|p2a: Slipstream
|-immune|p2a: Slipstream
|
|upkeep
|turn|4
|
|t:|1769408091
|-end|p1a: Great Tusk|Protosynthesis|[silent]
|switch|p1a: Slowking|Slowking-Galar, M|100/100
|-damage|p1a: Slowking|88/100|[from] Spikes
|move|p2a: Slipstream|Draco Meteor|p1a: Slowking
|-damage|p1a: Slowking|41/100
|-unboost|p2a: Slipstream|spa|2
|
|upkeep
|turn|5
|
|t:|1769408100
|switch|p2a: Depth Charge|Samurott-Hisui, M|1/100
|switch|p1a: Kingambit|Kingambit, M|100/100
|-damage|p1a: Kingambit|88/100|[from] Spikes
|-activate|p1a: Kingambit|ability: Supreme Overlord
|-start|p1a: Kingambit|fallen1|[silent]
|
|-heal|p1a: Kingambit|94/100|[from] item: Leftovers
|upkeep
|turn|6
|
|t:|1769408106
|move|p2a: Depth Charge|Sacred Sword|p1a: Kingambit
|-supereffective|p1a: Kingambit
|-damage|p1a: Kingambit|0 fnt
|faint|p1a: Kingambit
|-end|p1a: Kingambit|fallen1|[silent]
|
|upkeep
|
|t:|1769408112
|switch|p1a: Zapdos|Zapdos|100/100
|turn|7
|
|t:|1769408118
|move|p2a: Depth Charge|Sucker Punch|p1a: Zapdos
|-damage|p1a: Zapdos|72/100
|move|p1a: Zapdos|Hurricane|p2a: Depth Charge|[miss]
|-miss|p1a: Zapdos|p2a: Depth Charge
|
|upkeep
|turn|8
|
|t:|1769408123
|move|p2a: Depth Charge|Ceaseless Edge|p1a: Zapdos
|-damage|p1a: Zapdos|33/100
|-sidestart|p1: BS34|Spikes
|move|p1a: Zapdos|Roost|p1a: Zapdos
|-heal|p1a: Zapdos|83/100
|-singleturn|p1a: Zapdos|move: Roost
|
|upkeep
|turn|9
|
|t:|1769408136
|move|p2a: Depth Charge|Razor Shell|p1a: Zapdos
|-damage|p1a: Zapdos|41/100
|move|p1a: Zapdos|Volt Switch|p2a: Depth Charge
|-supereffective|p2a: Depth Charge
|-damage|p2a: Depth Charge|0 fnt
|faint|p2a: Depth Charge
|
|t:|1769408142
|switch|p1a: Great Tusk|Great Tusk, shiny|100/100|[from] Volt Switch
|
|upkeep
|
|t:|1769408146
|switch|p2a: Dinraal|Serperior, M|100/100
|turn|10
|
|t:|1769408171
|-terastallize|p1a: Great Tusk|Fire
|move|p2a: Dinraal|Leaf Storm|p1a: Great Tusk
|-resisted|p1a: Great Tusk
|-damage|p1a: Great Tusk|70/100
|-boost|p2a: Dinraal|spa|2
|move|p1a: Great Tusk|Ice Spinner|p2a: Dinraal
|-supereffective|p2a: Dinraal
|-damage|p2a: Dinraal|35/100
|-enditem|p2a: Dinraal|Sitrus Berry|[eat]
|-heal|p2a: Dinraal|60/100|[from] item: Sitrus Berry
|
|upkeep
|turn|11
|
|t:|1769408186
|move|p2a: Dinraal|Glare|p1a: Great Tusk
|-status|p1a: Great Tusk|par
|move|p1a: Great Tusk|Ice Spinner|p2a: Dinraal
|-supereffective|p2a: Dinraal
|-damage|p2a: Dinraal|0 fnt
|faint|p2a: Dinraal
|
|upkeep
|
|t:|1769408193
|switch|p2a: Megatron|Mamoswine, M|100/100
|turn|12
|
|t:|1769408208
|move|p2a: Megatron|Earthquake|p1a: Great Tusk
|-supereffective|p1a: Great Tusk
|-damage|p1a: Great Tusk|0 fnt
|faint|p1a: Great Tusk
|-end|p1a: Great Tusk|Protosynthesis|[silent]
|-damage|p2a: Megatron|91/100|[from] item: Life Orb
|
|upkeep
|
|t:|1769408213
|switch|p1a: Zamazenta|Zamazenta|100/100
|-damage|p1a: Zamazenta|84/100|[from] Spikes
|-ability|p1a: Zamazenta|Dauntless Shield|boost
|-boost|p1a: Zamazenta|def|1
|turn|13
|
|t:|1769408219
|switch|p2a: Inferno|Scizor, M|100/100
|move|p1a: Zamazenta|Crunch|p2a: Inferno
|-damage|p2a: Inferno|75/100
|
|upkeep
|turn|14
|
|t:|1769408225
|switch|p1a: Zapdos|Zapdos|41/100
|move|p2a: Inferno|Swords Dance|p2a: Inferno
|-boost|p2a: Inferno|atk|2
|
|upkeep
|turn|15
|
|t:|1769408229
|move|p2a: Inferno|Bullet Punch|p1a: Zapdos
|-resisted|p1a: Zapdos
|-damage|p1a: Zapdos|13/100
|-status|p2a: Inferno|par|[from] ability: Static|[of] p1a: Zapdos
|move|p1a: Zapdos|Volt Switch|p2a: Inferno
|-damage|p2a: Inferno|40/100 par
|-enditem|p2a: Inferno|Sitrus Berry|[eat]
|-heal|p2a: Inferno|65/100 par|[from] item: Sitrus Berry
|
|t:|1769408239
|switch|p1a: Zamazenta|Zamazenta|84/100|[from] Volt Switch
|-damage|p1a: Zamazenta|67/100|[from] Spikes
|
|upkeep
|turn|16
|
|t:|1769408249
|move|p1a: Zamazenta|Close Combat|p2a: Inferno
|-damage|p2a: Inferno|3/100 par
|-unboost|p1a: Zamazenta|def|1
|-unboost|p1a: Zamazenta|spd|1
|cant|p2a: Inferno|par
|
|upkeep
|turn|17
|
|t:|1769408254
|switch|p1a: Zapdos|Zapdos|13/100
|move|p2a: Inferno|Bullet Punch|p1a: Zapdos
|-resisted|p1a: Zapdos
|-damage|p1a: Zapdos|0 fnt
|faint|p1a: Zapdos
|
|upkeep
|
|t:|1769408256
|switch|p1a: Zamazenta|Zamazenta|67/100
|-damage|p1a: Zamazenta|51/100|[from] Spikes
|turn|18
|
|t:|1769408262
|cant|p2a: Inferno|par
|move|p1a: Zamazenta|Crunch|p2a: Inferno
|-damage|p2a: Inferno|0 fnt
|faint|p2a: Inferno
|
|upkeep
|
|t:|1769408268
|switch|p2a: Slipstream|Dragapult, F|100/100
|turn|19
|
|t:|1769408272
|switch|p1a: Slowking|Slowking-Galar, M|74/100
|-damage|p1a: Slowking|58/100|[from] Spikes
|move|p2a: Slipstream|Draco Meteor|p1a: Slowking
|-damage|p1a: Slowking|17/100
|-unboost|p2a: Slipstream|spa|2
|
|upkeep
|turn|20
|
|t:|1769408280
|move|p2a: Slipstream|Draco Meteor|p1a: Slowking
|-damage|p1a: Slowking|0 fnt
|-unboost|p2a: Slipstream|spa|2
|faint|p1a: Slowking
|
|upkeep
|
|t:|1769408283
|switch|p1a: Zamazenta|Zamazenta|51/100
|-damage|p1a: Zamazenta|34/100|[from] Spikes
|turn|21
|-message|BS34 forfeited.
|
|win|bowcaster26
|raw|BS34's rating: 1346 &rarr; <strong>1326</strong><br />(-20 for losing)
|raw|bowcaster26's rating: 1344 &rarr; <strong>1364</strong><br />(+20 for winning)
|l|☆BS34
|player|p1|
|l|☆bowcaster26
|player|p2|
