|j|☆1alphq
|j|☆lousiv
|t:|1769317337
|gametype|singles
|player|p1|1alphq|zinnia|1342
|player|p2|lousiv|ltsurge|1340
|gen|9
|tier|[Gen 9] OU
|rated|
|rule|HP Percentage Mod: HP is shown in percentages
|rule|Endless Battle Clause: Forcing endless battles is banned
|rule|Species Clause: Limit one of each Pokémon
|rule|OHKO Clause: OHKO moves are banned
|rule|Evasion Items Clause: Evasion items are banned
|rule|Evasion Moves Clause: Evasion moves are banned
|rule|Evasion Abilities Clause: Evasion abilities are banned
|rule|Sleep Moves Clause: Sleep-inducing moves are banned
|clearpoke
|poke|p1|Rillaboom, F|
|poke|p1|Samurott-Hisui, M|
|poke|p1|Glimmora, M|
|poke|p1|Ogerpon, F|
|poke|p1|Hatterene, F|
|poke|p1|Dragapult, F|
|poke|p2|Skarmory, F|
|poke|p2|Muk-Alola, F|
|poke|p2|Pecharunt|
|poke|p2|Great Tusk|
|poke|p2|Kyurem|
|poke|p2|Rotom-Wash|
|teampreview
|inactive|Battle timer is ON: inactive players will automatically lose when time's up. (requested by lousiv)
|
|t:|1769317347
|teamsize|p1|6
|teamsize|p2|6
|start
|switch|p1a: Glimmora|Glimmora, M|100/100
|switch|p2a: Kyurem|Kyurem|100/100
|-ability|p2a: Kyurem|Pressure
|turn|1
|
|t:|1769317355
|move|p2a: Kyurem|Earth Power|p1a: Glimmora
|-supereffective|p1a: Glimmora
|-damage|p1a: Glimmora|0 fnt
|faint|p1a: Glimmora
|
|upkeep
|
|t:|1769317381
|switch|p1a: Ogerpon|Ogerpon, F|100/100
|turn|2
|
|t:|1769317390
|switch|p2a: Skarmory|Skarmory, F|100/100
|move|p1a: Ogerpon|U-turn|p2a: Skarmory
|-resisted|p2a: Skarmory
|-damage|p2a: Skarmory|95/100
|-damage|p1a: Ogerpon|84/100|[from] item: Rocky Helmet|[of] p2a: Skarmory
|
|t:|1769317400
|switch|p1a: Dragapult|Dragapult, F|100/100|[from] U-turn
|
|upkeep
|turn|3
|
|t:|1769317405
|switch|p2a: Muk|Muk-Alola, F|100/100
|move|p1a: Dragapult|Will-O-Wisp|p2a: Muk|[miss]
|-miss|p1a: Dragapult|p2a: Muk
|
|upkeep
|turn|4
|
|t:|1769317414
|move|p1a: Dragapult|U-turn|p2a: Muk
|-damage|p2a: Muk|83/100
|
|t:|1769317420
|switch|p1a: Samurott|Samurott-Hisui, M|100/100|[from] U-turn
|move|p2a: Muk|Knock Off|p1a: Samurott
|-resisted|p1a: Samurott
|-damage|p1a: Samurott|70/100
|-enditem|p1a: Samurott|Assault Vest|[from] move: Knock Off|[of] p2a: Muk
|
|upkeep
|turn|5
|
|t:|1769317427
|move|p1a: Samurott|Ceaseless Edge|p2a: Muk
|-resisted|p2a: Muk
|-damage|p2a: Muk|61/100
|-sidestart|p2: lousiv|Spikes
|move|p2a: Muk|Drain Punch|p1a: Samurott
|-supereffective|p1a: Samurott
|-damage|p1a: Samurott|12/100
|-heal|p2a: Muk|84/100|[from] drain|[of] p1a: Samurott
|
|upkeep
|turn|6
|
|t:|1769317437
|move|p2a: Muk|Shadow Sneak|p1a: Samurott
|-resisted|p1a: Samurott
|-damage|p1a: Samurott|4/100
|move|p1a: Samurott|Flip Turn|p2a: Muk
|-damage|p2a: Muk|54/100
|
|t:|1769317458
|switch|p1a: Ogerpon|Ogerpon, F|84/100|[from] Flip Turn
|
|upkeep
|turn|7
|
|t:|1769317461
|switch|p2a: Skarmory|Skarmory, F|95/100
|move|p1a: Ogerpon|U-turn|p2a: Skarmory
|-resisted|p2a: Skarmory
|-damage|p2a: Skarmory|90/100
|-damage|p1a: Ogerpon|67/100|[from] item: Rocky Helmet|[of] p2a: Skarmory
|
|t:|1769317466
|switch|p1a: Samurott|Samurott-Hisui, M|4/100|[from] U-turn
|
|upkeep
|turn|8
|
|t:|1769317469
|move|p1a: Samurott|Ceaseless Edge|p2a: Skarmory
|-damage|p2a: Skarmory|63/100
|-damage|p1a: Samurott|0 fnt|[from] item: Rocky Helmet|[of] p2a: Skarmory
|faint|p1a: Samurott
|move|p2a: Skarmory|Spikes|p1: Samurott
|-sidestart|p1: 1alphq|Spikes
|
|upkeep
|
|t:|1769317474
|switch|p1a: Hatterene|Hatterene, F|100/100
|-damage|p1a: Hatterene|88/100|[from] Spikes
|turn|9
|
|t:|1769317479
|move|p1a: Hatterene|Mystical Fire|p2a: Skarmory
|-supereffective|p2a: Skarmory
|-damage|p2a: Skarmory|0 fnt
|faint|p2a: Skarmory
|
|upkeep
|
|t:|1769317484
|switch|p2a: Muk|Muk-Alola, F|54/100
|-damage|p2a: Muk|42/100|[from] Spikes
|turn|10
|
|t:|1769317492
|move|p2a: Muk|Poison Jab|p1a: Hatterene
|-supereffective|p1a: Hatterene
|-damage|p1a: Hatterene|17/100
|move|p1a: Hatterene|Nuzzle|p2a: Muk
|-damage|p2a: Muk|38/100
|-status|p2a: Muk|par
|
|upkeep
|turn|11
|
|t:|1769317495
|move|p2a: Muk|Shadow Sneak|p1a: Hatterene
|-supereffective|p1a: Hatterene
|-damage|p1a: Hatterene|0 fnt
|faint|p1a: Hatterene
|
|upkeep
|
|t:|1769317502
|switch|p1a: Rillaboom|Rillaboom, F|100/100
|-damage|p1a: Rillaboom|88/100|[from] Spikes
|-fieldstart|move: Grassy Terrain|[from] ability: Grassy Surge|[of] p1a: Rillaboom
|turn|12
|
|t:|1769317506
|move|p1a: Rillaboom|Hammer Arm|p2a: Muk
|-damage|p2a: Muk|1/100 par
|-unboost|p1a: Rillaboom|spe|1
|move|p2a: Muk|Poison Jab|p1a: Rillaboom
|-supereffective|p1a: Rillaboom
|-damage|p1a: Rillaboom|4/100
|
|-heal|p1a: Rillaboom|10/100|[from] Grassy Terrain
|-heal|p1a: Rillaboom|16/100|[from] item: Leftovers
|-heal|p2a: Muk|7/100 par|[from] Grassy Terrain
|upkeep
|turn|13
|
|t:|1769317510
|move|p1a: Rillaboom|Grassy Glide|p2a: Muk
|-resisted|p2a: Muk
|-damage|p2a: Muk|0 fnt
|faint|p2a: Muk
|
|-heal|p1a: Rillaboom|22/100|[from] Grassy Terrain
|-heal|p1a: Rillaboom|28/100|[from] item: Leftovers
|upkeep
|
|t:|1769317513
|switch|p2a: Pecharunt|Pecharunt|100/100
|turn|14
|
|t:|1769317519
|move|p2a: Pecharunt|Malignant Chain|p1a: Rillaboom
|-supereffective|p1a: Rillaboom
|-damage|p1a: Rillaboom|0 fnt
|faint|p1a: Rillaboom
|
|upkeep
|
|t:|1769317522
|switch|p1a: Dragapult|Dragapult, F|100/100
|turn|15
|
|t:|1769317527
|move|p1a: Dragapult|Will-O-Wisp|p2a: Pecharunt
|-status|p2a: Pecharunt|brn
|move|p2a: Pecharunt|Foul Play|p1a: Dragapult
|-supereffective|p1a: Dragapult
|-damage|p1a: Dragapult|71/100
|
|-heal|p1a: Dragapult|77/100|[from] Grassy Terrain
|-damage|p2a: Pecharunt|94/100 brn|[from] brn
|upkeep
|turn|16
|
|t:|1769317533
|move|p1a: Dragapult|Hex|p2a: Pecharunt
|-supereffective|p2a: Pecharunt
|-damage|p2a: Pecharunt|0 fnt
|faint|p2a: Pecharunt
|
|-heal|p1a: Dragapult|83/100|[from] Grassy Terrain
|-fieldend|move: Grassy Terrain
|upkeep
|
|t:|1769317539
|switch|p2a: Rotom|Rotom-Wash|100/100
|turn|17
|
|t:|1769317544
|move|p1a: Dragapult|Will-O-Wisp|p2a: Rotom|[miss]
|-miss|p1a: Dragapult|p2a: Rotom
|move|p2a: Rotom|Volt Switch|p1a: Dragapult
|-resisted|p1a: Dragapult
|-damage|p1a: Dragapult|67/100
|
|t:|1769317549
|switch|p2a: Great Tusk|Great Tusk|100/100|[from] Volt Switch
|
|upkeep
|turn|18
|
|t:|1769317552
|move|p1a: Dragapult|Will-O-Wisp|p2a: Great Tusk
|-status|p2a: Great Tusk|brn
|move|p2a: Great Tusk|Ice Spinner|p1a: Dragapult
|-supereffective|p1a: Dragapult
|-damage|p1a: Dragapult|34/100
|
|-damage|p2a: Great Tusk|94/100 brn|[from] brn
|upkeep
|turn|19
|
|t:|1769317560
|move|p1a: Dragapult|Hex|p2a: Great Tusk
|-damage|p2a: Great Tusk|19/100 brn
|move|p2a: Great Tusk|Ice Spinner|p1a: Dragapult
|-supereffective|p1a: Dragapult
|-damage|p1a: Dragapult|0 fnt
|faint|p1a: Dragapult
|
|-damage|p2a: Great Tusk|12/100 brn|[from] brn
|upkeep
|
|t:|1769317564
|switch|p1a: Ogerpon|Ogerpon, F|67/100
|-damage|p1a: Ogerpon|55/100|[from] Spikes
|turn|20
|
|t:|1769317567
|-terastallize|p1a: Ogerpon|Grass
|detailschange|p1a: Ogerpon|Ogerpon-Teal-Tera, F, tera:Grass
|-ability|p1a: Ogerpon|Embody Aspect (Teal)|boost
|-boost|p1a: Ogerpon|spe|1
|move|p1a: Ogerpon|Ivy Cudgel|p2a: Great Tusk
|-supereffective|p2a: Great Tusk
|-damage|p2a: Great Tusk|0 fnt
|faint|p2a: Great Tusk
|-end|p2a: Great Tusk|Protosynthesis|[silent]
|
|upkeep
|
|t:|1769317573
|switch|p2a: Kyurem|Kyurem|100/100
|-damage|p2a: Kyurem|88/100|[from] Spikes
|-ability|p2a: Kyurem|Pressure
|turn|21
|
|t:|1769317577
|move|p1a: Ogerpon|Ivy Cudgel|p2a: Kyurem
|-resisted|p2a: Kyurem
|-damage|p2a: Kyurem|42/100
|move|p2a: Kyurem|Ice Beam|p1a: Ogerpon
|-supereffective|p1a: Ogerpon
|-damage|p1a: Ogerpon|0 fnt
|faint|p1a: Ogerpon
|detailschange|p1: Ogerpon|Ogerpon, F|[silent]
|
|win|lousiv
|raw|1alphq's rating: 1342 &rarr; <strong>1322</strong><br />(-20 for losing)
|raw|lousiv's rating: 1340 &rarr; <strong>1360</strong><br />(+20 for winning)
|l|☆1alphq
|player|p1|
|l|☆lousiv
|player|p2|
