|j|☆froggster
|j|☆Daacebandit
|t:|1769371495
|gametype|singles
|player|p1|froggster|colress|1287
|player|p2|Daacebandit|ghetsis-gen5bw|1246
|gen|9
|tier|[Gen 9] OU
|rated|
|rule|HP Percentage Mod: HP is shown in percentages
|rule|Endless Battle Clause: Forcing endless battles is banned
|rule|Species Clause: Limit one of each Pokémon
|rule|OHKO Clause: OHKO moves are banned
|rule|Evasion Items Clause: Evasion items are banned
|rule|Evasion Moves Clause: Evasion moves are banned
|rule|Evasion Abilities Clause: Evasion abilities are banned
|rule|Sleep Moves Clause: Sleep-inducing moves are banned
|clearpoke
|poke|p1|Tyranitar, M|
|poke|p1|Garchomp, M|
|poke|p1|Excadrill, M|
|poke|p1|Hatterene, F|
|poke|p1|Gliscor, M|
|poke|p1|Kingambit, M|
|poke|p2|Porygon-Z|
|poke|p2|Virizion|
|poke|p2|Sinistcha-Masterpiece|
|poke|p2|Comfey, F|
|poke|p2|Brambleghast, M|
|poke|p2|Flygon, F|
|teampreview
|inactive|Battle timer is ON: inactive players will automatically lose when time's up. (requested by froggster)
|
|t:|1769371515
|teamsize|p1|6
|teamsize|p2|6
|start
|switch|p1a: Tyranitar|Tyranitar, M, shiny|100/100
|switch|p2a: Virizion|Virizion|100/100
|-weather|Sandstorm|[from] ability: Sand Stream|[of] p1a: Tyranitar
|turn|1
|
|t:|1769371524
|-terastallize|p1a: Tyranitar|Ghost
|move|p2a: Virizion|Close Combat|p1a: Tyranitar
|-immune|p1a: Tyranitar
|move|p1a: Tyranitar|Ice Punch|p2a: Virizion
|-supereffective|p2a: Virizion
|-damage|p2a: Virizion|0 fnt
|faint|p2a: Virizion
|
|-weather|Sandstorm|[upkeep]
|-damage|p1a: Tyranitar|94/100|[from] Sandstorm
|upkeep
|
|t:|1769371532
|switch|p2a: Brambleghast|Brambleghast, M|100/100
|turn|2
|
|t:|1769371535
|move|p2a: Brambleghast|Poltergeist|p1a: Tyranitar
|-activate|p1a: Tyranitar|move: Poltergeist|Choice Band
|-supereffective|p1a: Tyranitar
|-damage|p1a: Tyranitar|5/100
|move|p1a: Tyranitar|Ice Punch|p2a: Brambleghast
|-supereffective|p2a: Brambleghast
|-damage|p2a: Brambleghast|0 fnt
|faint|p2a: Brambleghast
|
|-weather|Sandstorm|[upkeep]
|-damage|p1a: Tyranitar|0 fnt|[from] Sandstorm
|faint|p1a: Tyranitar
|upkeep
|
|t:|1769371551
|switch|p2a: Flygon|Flygon, F|100/100
|switch|p1a: Excadrill|Excadrill, M, shiny|100/100
|-item|p1a: Excadrill|Air Balloon
|turn|3
|c|☆froggster|I'll take that trase
|
|t:|1769371560
|move|p1a: Excadrill|Swords Dance|p1a: Excadrill
|-boost|p1a: Excadrill|atk|2
|move|p2a: Flygon|Scale Shot|p1a: Excadrill
|-resisted|p1a: Excadrill
|-crit|p1a: Excadrill
|-damage|p1a: Excadrill|87/100
|-enditem|p1a: Excadrill|Air Balloon
|-resisted|p1a: Excadrill
|-damage|p1a: Excadrill|78/100
|-resisted|p1a: Excadrill
|-damage|p1a: Excadrill|70/100
|-resisted|p1a: Excadrill
|-damage|p1a: Excadrill|61/100
|-resisted|p1a: Excadrill
|-damage|p1a: Excadrill|52/100
|-hitcount|p1a: Excadrill|5
|-unboost|p2a: Flygon|def|1
|-boost|p2a: Flygon|spe|1
|
|-weather|Sandstorm|[upkeep]
|upkeep
|turn|4
|
|t:|1769371563
|move|p1a: Excadrill|Iron Head|p2a: Flygon
|-damage|p2a: Flygon|0 fnt
|faint|p2a: Flygon
|
|-weather|Sandstorm|[upkeep]
|upkeep
|
|t:|1769371574
|switch|p2a: Porygon-Z|Porygon-Z|100/100
|turn|5
|
|t:|1769371581
|move|p1a: Excadrill|Earthquake|p2a: Porygon-Z
|-damage|p2a: Porygon-Z|0 fnt
|faint|p2a: Porygon-Z
|
|-weather|none
|upkeep
|
|t:|1769371586
|switch|p2a: Sinistcha|Sinistcha-Masterpiece|100/100
|turn|6
|
|t:|1769371596
|move|p1a: Excadrill|Iron Head|p2a: Sinistcha
|-damage|p2a: Sinistcha|40/100
|move|p2a: Sinistcha|Calm Mind|p2a: Sinistcha
|-boost|p2a: Sinistcha|spa|1
|-boost|p2a: Sinistcha|spd|1
|
|-heal|p2a: Sinistcha|46/100|[from] item: Leftovers
|upkeep
|turn|7
|
|t:|1769371602
|move|p1a: Excadrill|Iron Head|p2a: Sinistcha
|-damage|p2a: Sinistcha|0 fnt
|faint|p2a: Sinistcha
|
|upkeep
|
|t:|1769371606
|switch|p2a: Comfey|Comfey, F|100/100
|turn|8
|c|☆froggster|That's on you
|
|t:|1769371617
|-terastallize|p2a: Comfey|Ground
|move|p1a: Excadrill|Iron Head|p2a: Comfey
|-damage|p2a: Comfey|0 fnt
|faint|p2a: Comfey
|
|win|froggster
|raw|froggster's rating: 1287 &rarr; <strong>1309</strong><br />(+22 for winning)
|raw|Daacebandit's rating: 1246 &rarr; <strong>1224</strong><br />(-22 for losing)
|l|☆Daacebandit
|player|p2|
|c|☆froggster|GG
|l|☆froggster
|player|p1|
