|j|☆zigachad
|j|☆FuguReborn
|t:|1769410424
|gametype|singles
|player|p1|zigachad|unknown|1344
|player|p2|FuguReborn|265|1444
|gen|9
|tier|[Gen 9] OU
|rated|
|rule|HP Percentage Mod: HP is shown in percentages
|rule|Endless Battle Clause: Forcing endless battles is banned
|rule|Species Clause: Limit one of each Pokémon
|rule|OHKO Clause: OHKO moves are banned
|rule|Evasion Items Clause: Evasion items are banned
|rule|Evasion Moves Clause: Evasion moves are banned
|rule|Evasion Abilities Clause: Evasion abilities are banned
|rule|Sleep Moves Clause: Sleep-inducing moves are banned
|clearpoke
|poke|p1|Metagross|
|poke|p1|Zapdos|
|poke|p1|Arcanine-Hisui, M|
|poke|p1|Greninja-*, M|
|poke|p1|Ogerpon, F|
|poke|p1|Great Tusk|
|poke|p2|Iron Valiant|
|poke|p2|Gliscor, F|
|poke|p2|Slowking-Galar, F|
|poke|p2|Kyurem|
|poke|p2|Great Tusk|
|poke|p2|Kingambit, F|
|teampreview
|inactive|Battle timer is ON: inactive players will automatically lose when time's up. (requested by zigachad)
|
|t:|1769410437
|teamsize|p1|6
|teamsize|p2|6
|start
|switch|p1a: Greninja|Greninja, M|100/100
|switch|p2a: Kyurem|Kyurem|100/100
|-ability|p2a: Kyurem|Pressure
|turn|1
|
|t:|1769410448
|switch|p1a: Metagross|Metagross|100/100
|move|p2a: Kyurem|Freeze-Dry|p1a: Metagross
|-resisted|p1a: Metagross
|-damage|p1a: Metagross|89/100
|
|upkeep
|turn|2
|
|t:|1769410456
|switch|p2a: Gliscor|Gliscor, F|100/100
|move|p1a: Metagross|Knock Off|p2a: Gliscor
|-damage|p2a: Gliscor|78/100
|-enditem|p2a: Gliscor|Toxic Orb|[from] move: Knock Off|[of] p1a: Metagross
|
|upkeep
|turn|3
|
|t:|1769410467
|switch|p1a: Zapdos|Zapdos|100/100
|move|p2a: Gliscor|Stealth Rock|p1a: Zapdos
|-sidestart|p1: zigachad|move: Stealth Rock
|
|upkeep
|turn|4
|
|t:|1769410474
|switch|p2a: Slowking|Slowking-Galar, F|100/100
|move|p1a: Zapdos|Hurricane|p2a: Slowking|[miss]
|-miss|p1a: Zapdos|p2a: Slowking
|
|upkeep
|turn|5
|
|t:|1769410483
|move|p1a: Zapdos|Thunder Wave|p2a: Slowking
|-status|p2a: Slowking|par
|move|p2a: Slowking|Future Sight|p1a: Zapdos
|-start|p2a: Slowking|move: Future Sight
|
|upkeep
|turn|6
|
|t:|1769410500
|move|p1a: Zapdos|Volt Switch|p2a: Slowking
|-damage|p2a: Slowking|81/100 par
|l|☆FuguReborn
|inactive|FuguReborn disconnected and has a minute to reconnect!
|player|p2|
|
|t:|1769410519
|switch|p1a: Greninja|Greninja, M|100/100|[from] Volt Switch
|-damage|p1a: Greninja|88/100|[from] Stealth Rock
|move|p2a: Slowking|Sludge Bomb|p1a: Greninja
|-damage|p1a: Greninja|26/100
|
|upkeep
|turn|7
|j|☆FuguReborn
|inactive|FuguReborn reconnected and has 145 seconds left.
|player|p2|FuguReborn|265|
|
|t:|1769410541
|switch|p2a: Kyurem|Kyurem|100/100
|-ability|p2a: Kyurem|Pressure
|move|p1a: Greninja|Dark Pulse|p2a: Kyurem
|-damage|p2a: Kyurem|69/100
|
|-end|p1a: Greninja|move: Future Sight
|-immune|p1a: Greninja
|upkeep
|turn|8
|
|t:|1769410554
|move|p2a: Kyurem|Earth Power|p1a: Greninja
|-damage|p1a: Greninja|0 fnt
|faint|p1a: Greninja
|
|upkeep
|
|t:|1769410566
|switch|p1a: Metagross|Metagross|89/100
|-damage|p1a: Metagross|83/100|[from] Stealth Rock
|turn|9
|
|t:|1769410573
|switch|p2a: Gliscor|Gliscor, F|78/100
|move|p1a: Metagross|Bullet Punch|p2a: Gliscor
|-damage|p2a: Gliscor|63/100
|
|upkeep
|turn|10
|
|t:|1769410585
|move|p2a: Gliscor|Knock Off|p1a: Metagross
|-supereffective|p1a: Metagross
|-damage|p1a: Metagross|51/100
|-enditem|p1a: Metagross|Assault Vest|[from] move: Knock Off|[of] p2a: Gliscor
|move|p1a: Metagross|Psychic Fangs|p2a: Gliscor
|-damage|p2a: Gliscor|32/100
|
|upkeep
|turn|11
|
|t:|1769410593
|move|p2a: Gliscor|Knock Off|p1a: Metagross
|-supereffective|p1a: Metagross
|-damage|p1a: Metagross|29/100
|move|p1a: Metagross|Psychic Fangs|p2a: Gliscor
|-damage|p2a: Gliscor|0 fnt
|faint|p2a: Gliscor
|
|upkeep
|
|t:|1769410601
|switch|p2a: Great Tusk|Great Tusk|100/100
|turn|12
|
|t:|1769410619
|move|p2a: Great Tusk|Headlong Rush|p1a: Metagross
|-supereffective|p1a: Metagross
|-damage|p1a: Metagross|0 fnt
|-unboost|p2a: Great Tusk|def|1
|-unboost|p2a: Great Tusk|spd|1
|faint|p1a: Metagross
|
|upkeep
|inactive|zigachad has 120 seconds left.
|
|t:|1769410654
|switch|p1a: Ogerpon|Ogerpon, F|100/100
|-damage|p1a: Ogerpon|88/100|[from] Stealth Rock
|turn|13
|
|t:|1769410664
|-end|p2a: Great Tusk|Protosynthesis|[silent]
|switch|p2a: Kyurem|Kyurem|69/100
|-ability|p2a: Kyurem|Pressure
|move|p1a: Ogerpon|Swords Dance|p1a: Ogerpon
|-boost|p1a: Ogerpon|atk|2
|
|upkeep
|turn|14
|
|t:|1769410674
|-terastallize|p2a: Kyurem|Poison
|-terastallize|p1a: Ogerpon|Grass
|detailschange|p1a: Ogerpon|Ogerpon-Teal-Tera, F, tera:Grass
|-ability|p1a: Ogerpon|Embody Aspect (Teal)|boost
|-boost|p1a: Ogerpon|spe|1
|move|p1a: Ogerpon|Ivy Cudgel|p2a: Kyurem
|-resisted|p2a: Kyurem
|-damage|p2a: Kyurem|0 fnt
|faint|p2a: Kyurem
|-damage|p1a: Ogerpon|78/100|[from] item: Life Orb
|
|upkeep
|
|t:|1769410690
|switch|p2a: Kingambit|Kingambit, F|100/100
|-activate|p2a: Kingambit|ability: Supreme Overlord
|-start|p2a: Kingambit|fallen2|[silent]
|turn|15
|inactive|zigachad has 120 seconds left.
|
|t:|1769410698
|move|p1a: Ogerpon|Stomping Tantrum|p2a: Kingambit
|-supereffective|p2a: Kingambit
|-damage|p2a: Kingambit|0 fnt
|faint|p2a: Kingambit
|-end|p2a: Kingambit|fallen2|[silent]
|-damage|p1a: Ogerpon|68/100|[from] item: Life Orb
|
|upkeep
|-message|FuguReborn forfeited.
|
|win|zigachad
|raw|zigachad's rating: 1344 &rarr; <strong>1370</strong><br />(+26 for winning)
|raw|FuguReborn's rating: 1444 &rarr; <strong>1418</strong><br />(-26 for losing)
|l|☆FuguReborn
|player|p2|
|l|☆zigachad
|player|p1|
