|j|☆WaterComeMeEye
|j|☆Shmordor
|t:|1769355936
|gametype|singles
|player|p1|WaterComeMeEye|101|1122
|player|p2|Shmordor|gamer-gen3|1179
|gen|9
|tier|[Gen 9] OU
|rated|
|rule|HP Percentage Mod: HP is shown in percentages
|rule|Endless Battle Clause: Forcing endless battles is banned
|rule|Species Clause: Limit one of each Pokémon
|rule|OHKO Clause: OHKO moves are banned
|rule|Evasion Items Clause: Evasion items are banned
|rule|Evasion Moves Clause: Evasion moves are banned
|rule|Evasion Abilities Clause: Evasion abilities are banned
|rule|Sleep Moves Clause: Sleep-inducing moves are banned
|clearpoke
|poke|p1|Keldeo-Resolute|
|poke|p1|Pelipper, M|
|poke|p1|Dragalge, F|
|poke|p1|Azumarill, F|
|poke|p1|Raging Bolt|
|poke|p1|Scizor, M|
|poke|p2|Scizor, M|
|poke|p2|Gengar, M|
|poke|p2|Dudunsparce-*, M|
|poke|p2|Forretress, F|
|poke|p2|Altaria, F|
|poke|p2|Pikachu, F|
|teampreview
|inactive|Battle timer is ON: inactive players will automatically lose when time's up. (requested by Shmordor)
|inactive|Shmordor has 120 seconds left.
|
|t:|1769355975
|teamsize|p1|6
|teamsize|p2|6
|start
|switch|p1a: Pelipper|Pelipper, M|100/100
|switch|p2a: Dudunsparce|Dudunsparce, M|100/100
|-weather|RainDance|[from] ability: Drizzle|[of] p1a: Pelipper
|turn|1
|
|t:|1769355992
|move|p1a: Pelipper|U-turn|p2a: Dudunsparce
|-damage|p2a: Dudunsparce|94/100
|-damage|p1a: Pelipper|84/100|[from] item: Rocky Helmet|[of] p2a: Dudunsparce
|
|t:|1769355995
|switch|p1a: Keldeo|Keldeo-Resolute|100/100|[from] U-turn
|move|p2a: Dudunsparce|Stealth Rock|p1a: Keldeo
|-sidestart|p1: WaterComeMeEye|move: Stealth Rock
|
|-weather|RainDance|[upkeep]
|upkeep
|turn|2
|
|t:|1769356006
|move|p1a: Keldeo|Surf|p2a: Dudunsparce
|-damage|p2a: Dudunsparce|10/100
|move|p2a: Dudunsparce|Glare|p1a: Keldeo
|-status|p1a: Keldeo|par
|
|-weather|RainDance|[upkeep]
|upkeep
|turn|3
|
|t:|1769356013
|switch|p2a: Altaria|Altaria, F|100/100
|move|p1a: Keldeo|Surf|p2a: Altaria
|-resisted|p2a: Altaria
|-damage|p2a: Altaria|62/100
|
|-weather|RainDance|[upkeep]
|upkeep
|turn|4
|
|t:|1769356032
|switch|p1a: Scizor|Scizor, M|100/100
|-damage|p1a: Scizor|88/100|[from] Stealth Rock
|move|p2a: Altaria|Perish Song|p2a: Altaria
|-start|p1a: Scizor|perish3|[silent]
|-start|p2a: Altaria|perish3|[silent]
|-fieldactivate|move: Perish Song
|
|-weather|RainDance|[upkeep]
|-start|p2a: Altaria|perish3
|-start|p1a: Scizor|perish3
|upkeep
|turn|5
|
|t:|1769356048
|move|p2a: Altaria|Fire Spin|p1a: Scizor
|-supereffective|p1a: Scizor
|-damage|p1a: Scizor|73/100
|-activate|p1a: Scizor|move: Fire Spin|[of] p2a: Altaria
|move|p1a: Scizor|Defog|p2a: Altaria
|-unboost|p2a: Altaria|evasion|1
|-sideend|p1: WaterComeMeEye|Stealth Rock|[from] move: Defog|[of] p1a: Scizor
|
|-weather|RainDance|[upkeep]
|-damage|p1a: Scizor|61/100|[from] move: Fire Spin|[partiallytrapped]
|-start|p2a: Altaria|perish2
|-start|p1a: Scizor|perish2
|upkeep
|turn|6
|
|t:|1769356056
|move|p2a: Altaria|Protect|p2a: Altaria
|-singleturn|p2a: Altaria|Protect
|move|p1a: Scizor|Defog|p2a: Altaria
|-activate|p2a: Altaria|move: Protect
|
|-weather|RainDance|[upkeep]
|-damage|p1a: Scizor|49/100|[from] move: Fire Spin|[partiallytrapped]
|-start|p2a: Altaria|perish1
|-start|p1a: Scizor|perish1
|upkeep
|turn|7
|
|t:|1769356067
|move|p2a: Altaria|Protect|p2a: Altaria
|-singleturn|p2a: Altaria|Protect
|move|p1a: Scizor|Defog|p2a: Altaria
|-activate|p2a: Altaria|move: Protect
|
|-weather|RainDance|[upkeep]
|-damage|p1a: Scizor|36/100|[from] move: Fire Spin|[partiallytrapped]
|-start|p2a: Altaria|perish0
|-start|p1a: Scizor|perish0
|faint|p2a: Altaria
|faint|p1a: Scizor
|upkeep
|
|t:|1769356081
|switch|p2a: Pikachu|Pikachu, F|100/100
|switch|p1a: Azumarill|Azumarill, F|100/100
|turn|8
|
|t:|1769356096
|switch|p2a: Forretress|Forretress, F|100/100
|-terastallize|p1a: Azumarill|Steel
|move|p1a: Azumarill|Belly Drum|p1a: Azumarill
|-damage|p1a: Azumarill|50/100
|-setboost|p1a: Azumarill|atk|6|[from] move: Belly Drum
|-enditem|p1a: Azumarill|Sitrus Berry|[eat]
|-heal|p1a: Azumarill|75/100|[from] item: Sitrus Berry
|
|-weather|none
|upkeep
|turn|9
|
|t:|1769356105
|move|p1a: Azumarill|Brick Break|p2a: Forretress
|-damage|p2a: Forretress|24/100
|move|p2a: Forretress|Counter|p1a: Azumarill
|-damage|p1a: Azumarill|0 fnt
|faint|p1a: Azumarill
|
|upkeep
|
|t:|1769356110
|switch|p1a: Pelipper|Pelipper, M|84/100
|-weather|RainDance|[from] ability: Drizzle|[of] p1a: Pelipper
|turn|10
|
|t:|1769356117
|move|p1a: Pelipper|Surf|p2a: Forretress
|-damage|p2a: Forretress|0 fnt
|faint|p2a: Forretress
|
|-weather|RainDance|[upkeep]
|upkeep
|c|☆Shmordor|weather ball is stronger for the future
|
|t:|1769356137
|switch|p2a: Pikachu|Pikachu, F|100/100
|turn|11
|
|t:|1769356140
|switch|p1a: Raging Bolt|Raging Bolt|100/100
|move|p2a: Pikachu|Thunderbolt|p1a: Raging Bolt
|-resisted|p1a: Raging Bolt
|-damage|p1a: Raging Bolt|89/100
|
|-weather|RainDance|[upkeep]
|upkeep
|turn|12
|
|t:|1769356147
|-terastallize|p2a: Pikachu|Fairy
|move|p2a: Pikachu|Substitute|p2a: Pikachu
|-start|p2a: Pikachu|Substitute
|-damage|p2a: Pikachu|76/100
|move|p1a: Raging Bolt|Draco Meteor|p2a: Pikachu
|-immune|p2a: Pikachu
|
|-weather|RainDance|[upkeep]
|upkeep
|turn|13
|
|t:|1769356153
|-end|p1a: Raging Bolt|Protosynthesis|[silent]
|switch|p1a: Pelipper|Pelipper, M|84/100
|move|p2a: Pikachu|Alluring Voice|p1a: Pelipper
|-damage|p1a: Pelipper|17/100
|
|-weather|RainDance|[upkeep]
|upkeep
|turn|14
|l|☆WaterComeMeEye
|inactive|WaterComeMeEye disconnected and has a minute to reconnect!
|player|p1|
|j|☆WaterComeMeEye
|inactive|WaterComeMeEye reconnected and has 130 seconds left.
|player|p1|WaterComeMeEye|101|
|inactive|WaterComeMeEye has 120 seconds left.
|l|☆WaterComeMeEye
|inactive|WaterComeMeEye disconnected and has a minute to reconnect!
|player|p1|
|inactive|WaterComeMeEye has 30 seconds to reconnect!
|inactive|WaterComeMeEye has 20 seconds to reconnect!
|inactive|WaterComeMeEye has 15 seconds to reconnect!
|inactive|WaterComeMeEye has 10 seconds to reconnect!
|inactive|WaterComeMeEye has 5 seconds to reconnect!
|-message|WaterComeMeEye lost due to inactivity.
|
|win|Shmordor
|raw|WaterComeMeEye's rating: 1122 &rarr; <strong>1101</strong><br />(-21 for losing)
|raw|Shmordor's rating: 1179 &rarr; <strong>1200</strong><br />(+21 for winning)
|l|☆Shmordor
|player|p2|
