|j|☆dorda
|j|☆The Blxck
|t:|1769322861
|gametype|singles
|player|p1|dorda|brycenman|1137
|player|p2|The Blxck|gardenia|1170
|gen|9
|tier|[Gen 9] OU
|rated|
|rule|HP Percentage Mod: HP is shown in percentages
|rule|Endless Battle Clause: Forcing endless battles is banned
|rule|Species Clause: Limit one of each Pokémon
|rule|OHKO Clause: OHKO moves are banned
|rule|Evasion Items Clause: Evasion items are banned
|rule|Evasion Moves Clause: Evasion moves are banned
|rule|Evasion Abilities Clause: Evasion abilities are banned
|rule|Sleep Moves Clause: Sleep-inducing moves are banned
|clearpoke
|poke|p1|Hoopa-Unbound|
|poke|p1|Slowking-Galar, F|
|poke|p1|Alomomola, F|
|poke|p1|Zamazenta-*|
|poke|p1|Great Tusk|
|poke|p1|Kingambit, F|
|poke|p2|Tyranitar, M|
|poke|p2|Excadrill, M|
|poke|p2|Dachsbun, F|
|poke|p2|Greninja-*, M|
|poke|p2|Eelektross, M|
|poke|p2|Iron Valiant|
|teampreview
|inactive|Battle timer is ON: inactive players will automatically lose when time's up. (requested by The Blxck)
|
|t:|1769322873
|teamsize|p1|6
|teamsize|p2|6
|start
|switch|p1a: Great Tusk|Great Tusk|100/100
|switch|p2a: Tyranitar|Tyranitar, M|100/100
|-weather|Sandstorm|[from] ability: Sand Stream|[of] p2a: Tyranitar
|turn|1
|
|t:|1769322881
|move|p1a: Great Tusk|Stealth Rock|p2a: Tyranitar
|-sidestart|p2: The Blxck|move: Stealth Rock
|move|p2a: Tyranitar|Stealth Rock|p1a: Great Tusk
|-sidestart|p1: dorda|move: Stealth Rock
|
|-weather|Sandstorm|[upkeep]
|upkeep
|turn|2
|
|t:|1769322890
|-terastallize|p2a: Tyranitar|Flying
|move|p1a: Great Tusk|Rapid Spin|p2a: Tyranitar
|-damage|p2a: Tyranitar|87/100
|-boost|p1a: Great Tusk|spe|1
|-sideend|p1: dorda|Stealth Rock|[from] move: Rapid Spin|[of] p1a: Great Tusk
|move|p2a: Tyranitar|Tera Blast|p1a: Great Tusk|[anim] Tera Blast Flying
|-supereffective|p1a: Great Tusk
|-damage|p1a: Great Tusk|37/100
|
|-weather|Sandstorm|[upkeep]
|-damage|p2a: Tyranitar|81/100|[from] Sandstorm
|upkeep
|turn|3
|
|t:|1769322905
|-end|p1a: Great Tusk|Protosynthesis|[silent]
|switch|p1a: Alomomola|Alomomola, F|100/100
|move|p2a: Tyranitar|Tera Blast|p1a: Alomomola|[anim] Tera Blast Flying
|-crit|p1a: Alomomola
|-damage|p1a: Alomomola|59/100
|
|-weather|Sandstorm|[upkeep]
|-damage|p2a: Tyranitar|75/100|[from] Sandstorm
|-damage|p1a: Alomomola|53/100|[from] Sandstorm
|upkeep
|turn|4
|
|t:|1769322912
|switch|p2a: Excadrill|Excadrill, M|100/100
|move|p1a: Alomomola|Flip Turn|p2a: Excadrill
|-supereffective|p2a: Excadrill
|-damage|p2a: Excadrill|55/100
|
|t:|1769322921
|switch|p1a: Zamazenta|Zamazenta|100/100|[from] Flip Turn
|-ability|p1a: Zamazenta|Dauntless Shield|boost
|-boost|p1a: Zamazenta|def|1
|
|-weather|Sandstorm|[upkeep]
|-damage|p1a: Zamazenta|94/100|[from] Sandstorm
|-heal|p1a: Zamazenta|100/100|[from] item: Leftovers
|upkeep
|turn|5
|
|t:|1769322931
|move|p2a: Excadrill|Earthquake|p1a: Zamazenta
|-damage|p1a: Zamazenta|72/100
|move|p1a: Zamazenta|Body Press|p2a: Excadrill
|-supereffective|p2a: Excadrill
|-damage|p2a: Excadrill|0 fnt
|faint|p2a: Excadrill
|
|-weather|Sandstorm|[upkeep]
|-damage|p1a: Zamazenta|66/100|[from] Sandstorm
|-heal|p1a: Zamazenta|72/100|[from] item: Leftovers
|upkeep
|
|t:|1769322944
|switch|p2a: Dachsbun|Dachsbun, F|100/100
|-damage|p2a: Dachsbun|88/100|[from] Stealth Rock
|turn|6
|
|t:|1769322955
|switch|p1a: Slowking|Slowking-Galar, F|100/100
|move|p2a: Dachsbun|Play Rough|p1a: Slowking
|-resisted|p1a: Slowking
|-damage|p1a: Slowking|87/100
|
|-weather|Sandstorm|[upkeep]
|-damage|p2a: Dachsbun|82/100|[from] Sandstorm
|-damage|p1a: Slowking|81/100|[from] Sandstorm
|-heal|p2a: Dachsbun|88/100|[from] item: Leftovers
|upkeep
|turn|7
|-message|The Blxck forfeited.
|
|win|dorda
|raw|dorda's rating: 1137 &rarr; <strong>1164</strong><br />(+27 for winning)
|raw|The Blxck's rating: 1170 &rarr; <strong>1143</strong><br />(-27 for losing)
|l|☆The Blxck
|player|p2|
|l|☆dorda
|player|p1|
