|j|☆Qplazm10
|j|☆Chorley Cakes
|t:|1769340508
|gametype|singles
|player|p1|Qplazm10|turo-ai|1574
|player|p2|Chorley Cakes|waiter-gen4|1543
|gen|9
|tier|[Gen 9] OU
|rated|
|rule|HP Percentage Mod: HP is shown in percentages
|rule|Endless Battle Clause: Forcing endless battles is banned
|rule|Species Clause: Limit one of each Pokémon
|rule|OHKO Clause: OHKO moves are banned
|rule|Evasion Items Clause: Evasion items are banned
|rule|Evasion Moves Clause: Evasion moves are banned
|rule|Evasion Abilities Clause: Evasion abilities are banned
|rule|Sleep Moves Clause: Sleep-inducing moves are banned
|clearpoke
|poke|p1|Hawlucha, M|
|poke|p1|Raging Bolt|
|poke|p1|Iron Leaves|
|poke|p1|Iron Treads|
|poke|p1|Iron Valiant|
|poke|p1|Pincurchin, M|
|poke|p2|Araquanid, F|
|poke|p2|Serperior, F|
|poke|p2|Gholdengo|
|poke|p2|Kingambit, M|
|poke|p2|Iron Moth|
|poke|p2|Ogerpon-Wellspring, F|
|teampreview
|inactive|Battle timer is ON: inactive players will automatically lose when time's up. (requested by Chorley Cakes)
|inactive|Qplazm10 also wants the timer to be on.
|inactive|Chorley Cakes has 120 seconds left.
|
|t:|1769340542
|teamsize|p1|6
|teamsize|p2|6
|start
|switch|p1a: The Urchinator|Pincurchin, M|100/100
|switch|p2a: Araquanid|Araquanid, F|100/100
|-fieldstart|move: Electric Terrain|[from] ability: Electric Surge|[of] p1a: The Urchinator
|turn|1
|
|t:|1769340568
|switch|p1a: Great Neck|Raging Bolt|100/100
|move|p2a: Araquanid|Sticky Web|p1a: Great Neck
|-sidestart|p1: Qplazm10|move: Sticky Web
|
|upkeep
|turn|2
|
|t:|1769340579
|move|p2a: Araquanid|Endure|p2a: Araquanid
|-singleturn|p2a: Araquanid|move: Endure
|move|p1a: Great Neck|Calm Mind|p1a: Great Neck
|-boost|p1a: Great Neck|spa|1
|-boost|p1a: Great Neck|spd|1
|
|upkeep
|turn|3
|
|t:|1769340587
|move|p1a: Great Neck|Rising Voltage|p2a: Araquanid
|-hint|Rising Voltage's BP doubled on grounded target.
|-supereffective|p2a: Araquanid
|-damage|p2a: Araquanid|0 fnt
|faint|p2a: Araquanid
|
|upkeep
|
|t:|1769340596
|switch|p2a: Iron Moth|Iron Moth|100/100
|-activate|p2a: Iron Moth|ability: Quark Drive
|-start|p2a: Iron Moth|quarkdrivespa
|turn|4
|
|t:|1769340610
|move|p2a: Iron Moth|Dazzling Gleam|p1a: Great Neck
|-supereffective|p1a: Great Neck
|-damage|p1a: Great Neck|60/100
|move|p1a: Great Neck|Rising Voltage|p2a: Iron Moth
|-hint|Rising Voltage's BP doubled on grounded target.
|-damage|p2a: Iron Moth|0 fnt
|faint|p2a: Iron Moth
|-end|p2a: Iron Moth|Quark Drive|[silent]
|
|-heal|p1a: Great Neck|66/100|[from] item: Leftovers
|upkeep
|
|t:|1769340624
|switch|p2a: Kingambit|Kingambit, M|100/100
|-activate|p2a: Kingambit|ability: Supreme Overlord
|-start|p2a: Kingambit|fallen2|[silent]
|turn|5
|j| dseokp
|
|t:|1769340630
|-end|p2a: Kingambit|fallen2|[silent]
|switch|p2a: Serperior|Serperior, F|100/100
|move|p1a: Great Neck|Rising Voltage|p2a: Serperior
|-hint|Rising Voltage's BP doubled on grounded target.
|-resisted|p2a: Serperior
|-damage|p2a: Serperior|11/100
|
|-heal|p2a: Serperior|17/100|[from] item: Leftovers
|-heal|p1a: Great Neck|72/100|[from] item: Leftovers
|upkeep
|turn|6
|c|☆Chorley Cakes|lol
|-message|Chorley Cakes forfeited.
|
|win|Qplazm10
|raw|Qplazm10's rating: 1574 &rarr; <strong>1592</strong><br />(+18 for winning)
|raw|Chorley Cakes's rating: 1543 &rarr; <strong>1525</strong><br />(-18 for losing)
|l|☆Chorley Cakes
|player|p2|
|c|☆Qplazm10|lol
|l|☆Qplazm10
|player|p1|
|l| dseokp
