|j|☆pooltoys
|j|☆schtarwors
|t:|1769440317
|gametype|singles
|player|p1|pooltoys|lucas|1474
|player|p2|schtarwors|102|1525
|gen|9
|tier|[Gen 9] OU
|rated|
|rule|HP Percentage Mod: HP is shown in percentages
|rule|Endless Battle Clause: Forcing endless battles is banned
|rule|Species Clause: Limit one of each Pokémon
|rule|OHKO Clause: OHKO moves are banned
|rule|Evasion Items Clause: Evasion items are banned
|rule|Evasion Moves Clause: Evasion moves are banned
|rule|Evasion Abilities Clause: Evasion abilities are banned
|rule|Sleep Moves Clause: Sleep-inducing moves are banned
|clearpoke
|poke|p1|Raging Bolt|
|poke|p1|Ting-Lu|
|poke|p1|Dragapult, F|
|poke|p1|Pecharunt|
|poke|p1|Great Tusk|
|poke|p1|Meloetta|
|poke|p2|Okidogi, M|
|poke|p2|Kingambit, M|
|poke|p2|Ogerpon-Wellspring, F|
|poke|p2|Dragonite, F|
|poke|p2|Iron Treads|
|poke|p2|Iron Valiant|
|teampreview
|inactive|Battle timer is ON: inactive players will automatically lose when time's up. (requested by schtarwors)
|
|t:|1769440334
|teamsize|p1|6
|teamsize|p2|6
|start
|switch|p1a: Dragapult|Dragapult, F|100/100
|switch|p2a: Iron Treads|Iron Treads|100/100
|-enditem|p2a: Iron Treads|Booster Energy
|-activate|p2a: Iron Treads|ability: Quark Drive|[fromitem]
|-start|p2a: Iron Treads|quarkdrivespe
|turn|1
|
|t:|1769440347
|switch|p1a: Ting-Lu|Ting-Lu|100/100
|-ability|p1a: Ting-Lu|Vessel of Ruin
|move|p2a: Iron Treads|Stealth Rock|p1a: Ting-Lu
|-sidestart|p1: pooltoys|move: Stealth Rock
|
|upkeep
|turn|2
|
|t:|1769440353
|move|p2a: Iron Treads|Steel Beam|p1a: Ting-Lu
|-damage|p1a: Ting-Lu|79/100
|-damage|p2a: Iron Treads|50/100|[from] steelbeam
|move|p1a: Ting-Lu|Stealth Rock|p2a: Iron Treads
|-sidestart|p2: schtarwors|move: Stealth Rock
|
|-heal|p1a: Ting-Lu|86/100|[from] item: Leftovers
|upkeep
|turn|3
|
|t:|1769440357
|move|p2a: Iron Treads|Steel Beam|p1a: Ting-Lu
|-damage|p1a: Ting-Lu|63/100
|-damage|p2a: Iron Treads|0 fnt|[from] steelbeam
|faint|p2a: Iron Treads
|-end|p2a: Iron Treads|Quark Drive|[silent]
|move|p1a: Ting-Lu|Stealth Rock||[still]
|-fail|p1a: Ting-Lu
|
|-heal|p1a: Ting-Lu|69/100|[from] item: Leftovers
|upkeep
|
|t:|1769440383
|switch|p2a: Ogerpon|Ogerpon-Wellspring, F|100/100
|-damage|p2a: Ogerpon|88/100|[from] Stealth Rock
|turn|4
|
|t:|1769440389
|move|p2a: Ogerpon|Power Whip|p1a: Ting-Lu
|-supereffective|p1a: Ting-Lu
|-damage|p1a: Ting-Lu|0 fnt
|faint|p1a: Ting-Lu
|
|upkeep
|
|t:|1769440394
|switch|p1a: Pecharunt|Pecharunt|100/100
|turn|5
|
|t:|1769440403
|switch|p2a: Okidogi|Okidogi, M|100/100
|-damage|p2a: Okidogi|94/100|[from] Stealth Rock
|move|p1a: Pecharunt|Foul Play|p2a: Okidogi
|-resisted|p2a: Okidogi
|-damage|p2a: Okidogi|83/100
|
|-heal|p2a: Okidogi|89/100|[from] item: Leftovers
|upkeep
|turn|6
|
|t:|1769440409
|move|p2a: Okidogi|Bulk Up|p2a: Okidogi
|-boost|p2a: Okidogi|atk|1
|-boost|p2a: Okidogi|def|1
|move|p1a: Pecharunt|Parting Shot|p2a: Okidogi
|-unboost|p2a: Okidogi|atk|1
|-unboost|p2a: Okidogi|spa|1
|
|t:|1769440412
|switch|p1a: Meloetta|Meloetta|100/100|[from] Parting Shot
|-damage|p1a: Meloetta|88/100|[from] Stealth Rock
|
|-heal|p1a: Meloetta|94/100|[from] item: Leftovers
|-heal|p2a: Okidogi|95/100|[from] item: Leftovers
|upkeep
|turn|7
|
|t:|1769440420
|switch|p1a: Pecharunt|Pecharunt|100/100
|move|p2a: Okidogi|Bulk Up|p2a: Okidogi
|-boost|p2a: Okidogi|atk|1
|-boost|p2a: Okidogi|def|1
|
|-heal|p2a: Okidogi|100/100|[from] item: Leftovers
|upkeep
|turn|8
|
|t:|1769440423
|move|p2a: Okidogi|Taunt|p1a: Pecharunt
|-start|p1a: Pecharunt|move: Taunt
|cant|p1a: Pecharunt|move: Taunt|Parting Shot
|
|upkeep
|turn|9
|
|t:|1769440429
|switch|p1a: Raging Bolt|Raging Bolt|100/100
|-damage|p1a: Raging Bolt|88/100|[from] Stealth Rock
|move|p2a: Okidogi|Bulk Up|p2a: Okidogi
|-boost|p2a: Okidogi|atk|1
|-boost|p2a: Okidogi|def|1
|
|upkeep
|turn|10
|
|t:|1769440440
|move|p1a: Raging Bolt|Thunderbolt|p2a: Okidogi
|-damage|p2a: Okidogi|44/100
|-damage|p1a: Raging Bolt|78/100|[from] item: Life Orb
|move|p2a: Okidogi|Drain Punch|p1a: Raging Bolt
|-damage|p1a: Raging Bolt|21/100
|-heal|p2a: Okidogi|73/100|[from] drain|[of] p1a: Raging Bolt
|
|-heal|p2a: Okidogi|79/100|[from] item: Leftovers
|upkeep
|turn|11
|
|t:|1769440449
|move|p1a: Raging Bolt|Draco Meteor|p2a: Okidogi
|-damage|p2a: Okidogi|0 fnt
|-unboost|p1a: Raging Bolt|spa|2
|faint|p2a: Okidogi
|-damage|p1a: Raging Bolt|11/100|[from] item: Life Orb
|
|upkeep
|
|t:|1769440468
|switch|p2a: Ogerpon|Ogerpon-Wellspring, F|88/100
|-damage|p2a: Ogerpon|76/100|[from] Stealth Rock
|turn|12
|
|t:|1769440475
|move|p1a: Raging Bolt|Thunderclap|p2a: Ogerpon
|-damage|p2a: Ogerpon|42/100
|-damage|p1a: Raging Bolt|1/100|[from] item: Life Orb
|move|p2a: Ogerpon|Ivy Cudgel|p1a: Raging Bolt|[anim] Ivy Cudgel Water
|-resisted|p1a: Raging Bolt
|-damage|p1a: Raging Bolt|0 fnt
|faint|p1a: Raging Bolt
|-end|p1a: Raging Bolt|Protosynthesis|[silent]
|
|upkeep
|
|t:|1769440478
|switch|p1a: Dragapult|Dragapult, F|100/100
|-damage|p1a: Dragapult|88/100|[from] Stealth Rock
|turn|13
|
|t:|1769440482
|move|p1a: Dragapult|Shadow Ball|p2a: Ogerpon
|-crit|p2a: Ogerpon
|-damage|p2a: Ogerpon|0 fnt
|faint|p2a: Ogerpon
|-damage|p1a: Dragapult|78/100|[from] item: Life Orb
|
|upkeep
|
|t:|1769440495
|switch|p2a: Dragonite|Dragonite, F|100/100
|turn|14
|
|t:|1769440511
|-terastallize|p2a: Dragonite|Flying
|move|p1a: Dragapult|Dragon Darts|p2a: Dragonite
|-damage|p2a: Dragonite|85/100
|-anim|p1a: Dragapult|Dragon Darts|p2a: Dragonite
|-damage|p2a: Dragonite|55/100
|-damage|p1a: Dragapult|69/100|[from] item: Life Orb
|move|p2a: Dragonite|Tera Blast|p1a: Dragapult|[anim] Tera Blast Flying
|-damage|p1a: Dragapult|0 fnt
|faint|p1a: Dragapult
|
|upkeep
|
|t:|1769440516
|switch|p1a: Pecharunt|Pecharunt|100/100
|turn|15
|
|t:|1769440525
|move|p2a: Dragonite|Earthquake|p1a: Pecharunt
|-supereffective|p1a: Pecharunt
|-damage|p1a: Pecharunt|64/100
|move|p1a: Pecharunt|Malignant Chain|p2a: Dragonite
|-damage|p2a: Dragonite|21/100
|-status|p2a: Dragonite|tox
|-start|p2a: Dragonite|confusion|[from] ability: Poison Puppeteer|[of] p1a: Pecharunt
|
|-damage|p2a: Dragonite|15/100 tox|[from] psn
|upkeep
|turn|16
|
|t:|1769440529
|-activate|p2a: Dragonite|confusion
|-damage|p2a: Dragonite|0 fnt|[from] confusion
|faint|p2a: Dragonite
|move|p1a: Pecharunt|Recover|p1a: Pecharunt
|-heal|p1a: Pecharunt|100/100
|
|upkeep
|
|t:|1769440536
|switch|p2a: Kingambit|Kingambit, M|100/100
|-damage|p2a: Kingambit|94/100|[from] Stealth Rock
|-activate|p2a: Kingambit|ability: Supreme Overlord
|-start|p2a: Kingambit|fallen4|[silent]
|-item|p2a: Kingambit|Air Balloon
|turn|17
|
|t:|1769440545
|move|p1a: Pecharunt|Foul Play|p2a: Kingambit
|-resisted|p2a: Kingambit
|-damage|p2a: Kingambit|80/100
|-enditem|p2a: Kingambit|Air Balloon
|move|p2a: Kingambit|Swords Dance|p2a: Kingambit
|-boost|p2a: Kingambit|atk|2
|
|upkeep
|turn|18
|
|t:|1769440551
|move|p2a: Kingambit|Sucker Punch||[still]
|-fail|p2a: Kingambit
|move|p1a: Pecharunt|Parting Shot|p2a: Kingambit
|-unboost|p2a: Kingambit|atk|1
|-unboost|p2a: Kingambit|spa|1
|
|t:|1769440553
|switch|p1a: Great Tusk|Great Tusk|100/100|[from] Parting Shot
|
|upkeep
|turn|19
|
|t:|1769440563
|-end|p2a: Kingambit|fallen4|[silent]
|switch|p2a: Iron Valiant|Iron Valiant|100/100
|-damage|p2a: Iron Valiant|94/100|[from] Stealth Rock
|-enditem|p2a: Iron Valiant|Booster Energy
|-activate|p2a: Iron Valiant|ability: Quark Drive|[fromitem]
|-start|p2a: Iron Valiant|quarkdrivespe
|move|p1a: Great Tusk|Rapid Spin|p2a: Iron Valiant
|-damage|p2a: Iron Valiant|70/100
|-boost|p1a: Great Tusk|spe|1
|-sideend|p1: pooltoys|Stealth Rock|[from] move: Rapid Spin|[of] p1a: Great Tusk
|
|upkeep
|turn|20
|
|t:|1769440575
|move|p2a: Iron Valiant|Moonblast|p1a: Great Tusk
|-supereffective|p1a: Great Tusk
|-damage|p1a: Great Tusk|0 fnt
|faint|p1a: Great Tusk
|-end|p1a: Great Tusk|Protosynthesis|[silent]
|
|upkeep
|
|t:|1769440579
|switch|p1a: Meloetta|Meloetta|94/100
|turn|21
|
|t:|1769440591
|move|p2a: Iron Valiant|Moonblast|p1a: Meloetta
|-damage|p1a: Meloetta|55/100
|move|p1a: Meloetta|Psyshock|p2a: Iron Valiant
|-supereffective|p2a: Iron Valiant
|-damage|p2a: Iron Valiant|0 fnt
|faint|p2a: Iron Valiant
|-end|p2a: Iron Valiant|Quark Drive|[silent]
|
|-heal|p1a: Meloetta|61/100|[from] item: Leftovers
|upkeep
|
|t:|1769440596
|switch|p2a: Kingambit|Kingambit, M|80/100
|-damage|p2a: Kingambit|74/100|[from] Stealth Rock
|-activate|p2a: Kingambit|ability: Supreme Overlord
|-start|p2a: Kingambit|fallen5|[silent]
|turn|22
|
|t:|1769440601
|-terastallize|p1a: Meloetta|Fighting
|move|p1a: Meloetta|Tera Blast|p2a: Kingambit|[anim] Tera Blast Fighting
|-supereffective|p2a: Kingambit
|-damage|p2a: Kingambit|0 fnt
|faint|p2a: Kingambit
|-end|p2a: Kingambit|fallen5|[silent]
|
|win|pooltoys
|raw|pooltoys's rating: 1474 &rarr; <strong>1497</strong><br />(+23 for winning)
|raw|schtarwors's rating: 1525 &rarr; <strong>1502</strong><br />(-23 for losing)
|l|☆schtarwors
|player|p2|
|l|☆pooltoys
|player|p1|
