|j|☆depecos
|j|☆dragaloek2
|t:|1769348953
|gametype|singles
|player|p1|depecos|265|1317
|player|p2|dragaloek2|102|1310
|gen|9
|tier|[Gen 9] OU
|rated|
|rule|HP Percentage Mod: HP is shown in percentages
|rule|Endless Battle Clause: Forcing endless battles is banned
|rule|Species Clause: Limit one of each Pokémon
|rule|OHKO Clause: OHKO moves are banned
|rule|Evasion Items Clause: Evasion items are banned
|rule|Evasion Moves Clause: Evasion moves are banned
|rule|Evasion Abilities Clause: Evasion abilities are banned
|rule|Sleep Moves Clause: Sleep-inducing moves are banned
|clearpoke
|poke|p1|Sudowoodo, F|
|poke|p1|Okidogi, M|
|poke|p1|Gholdengo|
|poke|p1|Mimikyu, F|
|poke|p1|Great Tusk|
|poke|p1|Kingambit, F|
|poke|p2|Great Tusk|
|poke|p2|Enamorus, F|
|poke|p2|Slowking-Galar, M|
|poke|p2|Ogerpon, F|
|poke|p2|Primarina, M|
|poke|p2|Iron Moth|
|teampreview
|inactive|Battle timer is ON: inactive players will automatically lose when time's up. (requested by depecos)
|
|t:|1769348959
|teamsize|p1|6
|teamsize|p2|6
|start
|switch|p1a: Harvest Staff|Sudowoodo, F|100/100
|switch|p2a: Ogerpon|Ogerpon, F|100/100
|turn|1
|
|t:|1769348989
|move|p2a: Ogerpon|U-turn|p1a: Harvest Staff
|-damage|p1a: Harvest Staff|62/100
|
|t:|1769348995
|switch|p2a: Slowking|Slowking-Galar, M, shiny|100/100|[from] U-turn
|move|p1a: Harvest Staff|Stealth Rock|p2a: Slowking
|-sidestart|p2: dragaloek2|move: Stealth Rock
|
|upkeep
|turn|2
|
|t:|1769349002
|move|p1a: Harvest Staff|Spikes|p2a: Slowking
|-sidestart|p2: dragaloek2|Spikes
|move|p2a: Slowking|Psychic Noise|p1a: Harvest Staff
|-damage|p1a: Harvest Staff|27/100
|-start|p1a: Harvest Staff|move: Heal Block
|
|upkeep
|turn|3
|
|t:|1769349009
|move|p1a: Harvest Staff|Spikes|p2a: Slowking
|-sidestart|p2: dragaloek2|Spikes
|move|p2a: Slowking|Psychic Noise|p1a: Harvest Staff
|-damage|p1a: Harvest Staff|0 fnt
|faint|p1a: Harvest Staff
|
|upkeep
|
|t:|1769349014
|switch|p1a: Midas Prime|Gholdengo|100/100
|-item|p1a: Midas Prime|Air Balloon
|turn|4
|inactive|dragaloek2 has 120 seconds left.
|
|t:|1769349047
|move|p1a: Midas Prime|Shadow Ball|p2a: Slowking
|-supereffective|p2a: Slowking
|-damage|p2a: Slowking|54/100
|move|p2a: Slowking|Flamethrower|p1a: Midas Prime
|-supereffective|p1a: Midas Prime
|-damage|p1a: Midas Prime|49/100
|-enditem|p1a: Midas Prime|Air Balloon
|
|upkeep
|turn|5
|
|t:|1769349056
|switch|p2a: Primarina|Primarina, M|100/100
|-damage|p2a: Primarina|88/100|[from] Stealth Rock
|-damage|p2a: Primarina|71/100|[from] Spikes
|move|p1a: Midas Prime|Shadow Ball|p2a: Primarina
|-damage|p2a: Primarina|48/100
|
|upkeep
|turn|6
|
|t:|1769349065
|move|p1a: Midas Prime|Shadow Ball|p2a: Primarina
|-damage|p2a: Primarina|24/100
|move|p2a: Primarina|Psychic Noise|p1a: Midas Prime
|-damage|p1a: Midas Prime|0 fnt
|faint|p1a: Midas Prime
|
|upkeep
|
|t:|1769349069
|switch|p1a: Aorta|Okidogi, M|100/100
|turn|7
|
|t:|1769349076
|move|p1a: Aorta|Bulk Up|p1a: Aorta
|-boost|p1a: Aorta|atk|1
|-boost|p1a: Aorta|def|1
|move|p2a: Primarina|Psychic Noise|p1a: Aorta
|-damage|p1a: Aorta|62/100
|-start|p1a: Aorta|move: Heal Block
|
|upkeep
|turn|8
|
|t:|1769349088
|move|p1a: Aorta|Knock Off|p2a: Primarina
|-resisted|p2a: Primarina
|-damage|p2a: Primarina|0 fnt
|-enditem|p2a: Primarina|Assault Vest|[from] move: Knock Off|[of] p1a: Aorta
|faint|p2a: Primarina
|
|-end|p1a: Aorta|move: Heal Block
|upkeep
|inactive|dragaloek2 has 120 seconds left.
|
|t:|1769349148
|switch|p2a: Iron Moth|Iron Moth|100/100
|-damage|p2a: Iron Moth|76/100|[from] Stealth Rock
|-damage|p2a: Iron Moth|59/100|[from] Spikes
|turn|9
|
|t:|1769349154
|move|p2a: Iron Moth|Fiery Dance|p1a: Aorta
|-damage|p1a: Aorta|0 fnt
|faint|p1a: Aorta
|
|upkeep
|
|t:|1769349160
|switch|p1a: Grax|Great Tusk|100/100
|-enditem|p1a: Grax|Booster Energy
|-activate|p1a: Grax|ability: Protosynthesis|[fromitem]
|-start|p1a: Grax|protosynthesisspe
|turn|10
|inactive|dragaloek2 has 120 seconds left.
|
|t:|1769349169
|move|p1a: Grax|Headlong Rush|p2a: Iron Moth
|-supereffective|p2a: Iron Moth
|-damage|p2a: Iron Moth|0 fnt
|-unboost|p1a: Grax|def|1
|-unboost|p1a: Grax|spd|1
|faint|p2a: Iron Moth
|-end|p2a: Iron Moth|Quark Drive|[silent]
|
|upkeep
|
|t:|1769349171
|switch|p2a: Great Tusk|Great Tusk, shiny|100/100
|-damage|p2a: Great Tusk|98/100|[from] Stealth Rock
|-damage|p2a: Great Tusk|81/100|[from] Spikes
|turn|11
|
|t:|1769349178
|-end|p1a: Grax|Protosynthesis|[silent]
|switch|p1a: Affliction|Mimikyu, F, shiny|100/100
|move|p2a: Great Tusk|Headlong Rush|p1a: Affliction
|-activate|p1a: Affliction|ability: Disguise
|-damage|p1a: Affliction|100/100
|-unboost|p2a: Great Tusk|def|1
|-unboost|p2a: Great Tusk|spd|1
|detailschange|p1a: Affliction|Mimikyu-Busted, F, shiny
|-damage|p1a: Affliction|88/100|[from] pokemon: Mimikyu-Busted
|
|upkeep
|turn|12
|
|t:|1769349190
|-end|p2a: Great Tusk|Protosynthesis|[silent]
|switch|p2a: Slowking|Slowking-Galar, M, shiny|88/100
|-damage|p2a: Slowking|75/100|[from] Stealth Rock
|-damage|p2a: Slowking|59/100|[from] Spikes
|move|p1a: Affliction|Play Rough|p2a: Slowking
|-resisted|p2a: Slowking
|-damage|p2a: Slowking|41/100
|-damage|p1a: Affliction|78/100|[from] item: Life Orb
|
|upkeep
|turn|13
|
|t:|1769349196
|move|p1a: Affliction|Shadow Claw|p2a: Slowking
|-supereffective|p2a: Slowking
|-crit|p2a: Slowking
|-damage|p2a: Slowking|0 fnt
|faint|p2a: Slowking
|-damage|p1a: Affliction|68/100|[from] item: Life Orb
|
|upkeep
|inactive|dragaloek2 has 120 seconds left.
|
|t:|1769349241
|switch|p2a: Ogerpon|Ogerpon, F|100/100
|-damage|p2a: Ogerpon|88/100|[from] Stealth Rock
|-damage|p2a: Ogerpon|72/100|[from] Spikes
|turn|14
|
|t:|1769349254
|switch|p1a: Grax|Great Tusk|100/100
|move|p2a: Ogerpon|Ivy Cudgel|p1a: Grax
|-supereffective|p1a: Grax
|-damage|p1a: Grax|13/100
|
|upkeep
|turn|15
|
|t:|1769349260
|move|p2a: Ogerpon|Ivy Cudgel|p1a: Grax
|-supereffective|p1a: Grax
|-damage|p1a: Grax|0 fnt
|faint|p1a: Grax
|-end|p1a: Grax|Protosynthesis|[silent]
|
|upkeep
|
|t:|1769349262
|switch|p1a: Murasama|Kingambit, F|100/100
|-activate|p1a: Murasama|ability: Supreme Overlord
|-start|p1a: Murasama|fallen4|[silent]
|-item|p1a: Murasama|Air Balloon
|turn|16
|
|t:|1769349267
|move|p1a: Murasama|Sucker Punch|p2a: Ogerpon
|-damage|p2a: Ogerpon|0 fnt
|faint|p2a: Ogerpon
|
|upkeep
|inactive|dragaloek2 has 120 seconds left.
|
|t:|1769349285
|switch|p2a: Great Tusk|Great Tusk, shiny|81/100
|-damage|p2a: Great Tusk|78/100|[from] Stealth Rock
|-damage|p2a: Great Tusk|62/100|[from] Spikes
|turn|17
|inactive|dragaloek2 has 120 seconds left.
|
|t:|1769349299
|-end|p1a: Murasama|fallen4|[silent]
|switch|p1a: Affliction|Mimikyu-Busted, F, shiny|68/100
|move|p2a: Great Tusk|Rapid Spin|p1a: Affliction
|-immune|p1a: Affliction
|
|upkeep
|turn|18
|inactive|dragaloek2 has 120 seconds left.
|
|t:|1769349310
|-end|p2a: Great Tusk|Protosynthesis|[silent]
|switch|p2a: Enamorus|Enamorus, F, shiny|100/100
|-damage|p2a: Enamorus|76/100|[from] Stealth Rock
|move|p1a: Affliction|Play Rough|p2a: Enamorus|[miss]
|-miss|p1a: Affliction|p2a: Enamorus
|
|upkeep
|turn|19
|inactive|dragaloek2 has 120 seconds left.
|
|t:|1769349327
|move|p1a: Affliction|Shadow Sneak|p2a: Enamorus
|-crit|p2a: Enamorus
|-damage|p2a: Enamorus|25/100
|-damage|p1a: Affliction|58/100|[from] item: Life Orb
|move|p2a: Enamorus|Mystical Fire|p1a: Affliction
|-damage|p1a: Affliction|20/100
|-unboost|p1a: Affliction|spa|1
|
|upkeep
|turn|20
|
|t:|1769349335
|move|p1a: Affliction|Shadow Sneak|p2a: Enamorus
|-damage|p2a: Enamorus|0 fnt
|faint|p2a: Enamorus
|-damage|p1a: Affliction|10/100|[from] item: Life Orb
|
|upkeep
|
|t:|1769349338
|switch|p2a: Great Tusk|Great Tusk, shiny|62/100
|-damage|p2a: Great Tusk|59/100|[from] Stealth Rock
|-damage|p2a: Great Tusk|42/100|[from] Spikes
|turn|21
|
|t:|1769349346
|move|p1a: Affliction|Play Rough|p2a: Great Tusk
|-supereffective|p2a: Great Tusk
|-damage|p2a: Great Tusk|0 fnt
|-damage|p1a: Affliction|0 fnt|[from] item: Rocky Helmet|[of] p2a: Great Tusk
|faint|p2a: Great Tusk
|-end|p2a: Great Tusk|Protosynthesis|[silent]
|faint|p1a: Affliction
|
|win|depecos
|raw|depecos's rating: 1317 &rarr; <strong>1337</strong><br />(+20 for winning)
|raw|dragaloek2's rating: 1310 &rarr; <strong>1290</strong><br />(-20 for losing)
|l|☆dragaloek2
|player|p2|
|l|☆depecos
|player|p1|
