|j|☆Chigusa_24zono
|j|☆Igoodnamename
|t:|1769335871
|gametype|singles
|player|p1|Chigusa_24zono|lass|1648
|player|p2|Igoodnamename|265|1663
|gen|9
|tier|[Gen 9] OU
|rated|
|rule|HP Percentage Mod: HP is shown in percentages
|rule|Endless Battle Clause: Forcing endless battles is banned
|rule|Species Clause: Limit one of each Pokémon
|rule|OHKO Clause: OHKO moves are banned
|rule|Evasion Items Clause: Evasion items are banned
|rule|Evasion Moves Clause: Evasion moves are banned
|rule|Evasion Abilities Clause: Evasion abilities are banned
|rule|Sleep Moves Clause: Sleep-inducing moves are banned
|clearpoke
|poke|p1|Iron Jugulis|
|poke|p1|Sandy Shocks|
|poke|p1|Manaphy|
|poke|p1|Latios, M|
|poke|p1|Scizor, F|
|poke|p1|Ogerpon, F|
|poke|p2|Tinkaton, F|
|poke|p2|Ogerpon, F|
|poke|p2|Great Tusk|
|poke|p2|Pecharunt|
|poke|p2|Alomomola, M|
|poke|p2|Hydreigon, M|
|teampreview
|inactive|Battle timer is ON: inactive players will automatically lose when time's up. (requested by Chigusa_24zono)
|
|t:|1769335899
|teamsize|p1|6
|teamsize|p2|6
|start
|switch|p1a: Sandy Shocks|Sandy Shocks, shiny|100/100
|switch|p2a: Hybrid|Hydreigon, M, shiny|100/100
|-enditem|p1a: Sandy Shocks|Booster Energy
|-activate|p1a: Sandy Shocks|ability: Protosynthesis|[fromitem]
|-start|p1a: Sandy Shocks|protosynthesisspe
|turn|1
|
|t:|1769335905
|move|p1a: Sandy Shocks|Stealth Rock|p2a: Hybrid
|-sidestart|p2: Igoodnamename|move: Stealth Rock
|move|p2a: Hybrid|Draco Meteor|p1a: Sandy Shocks
|-damage|p1a: Sandy Shocks|0 fnt
|-unboost|p2a: Hybrid|spa|2
|faint|p1a: Sandy Shocks
|-end|p1a: Sandy Shocks|Protosynthesis|[silent]
|
|upkeep
|
|t:|1769335916
|switch|p1a: Latios|Latios, M, shiny|100/100
|turn|2
|
|t:|1769335921
|switch|p2a: Smile.exe|Tinkaton, F, shiny|100/100
|-damage|p2a: Smile.exe|94/100|[from] Stealth Rock
|-item|p2a: Smile.exe|Air Balloon
|move|p1a: Latios|Calm Mind|p1a: Latios
|-boost|p1a: Latios|spa|1
|-boost|p1a: Latios|spd|1
|
|upkeep
|turn|3
|
|t:|1769335931
|switch|p1a: Scizor|Scizor, F, shiny|100/100
|move|p2a: Smile.exe|Ice Hammer|p1a: Scizor
|-resisted|p1a: Scizor
|-damage|p1a: Scizor|88/100
|-unboost|p2a: Smile.exe|spe|1
|
|upkeep
|turn|4
|
|t:|1769335938
|switch|p2a: Behemoth|Great Tusk, shiny|100/100
|move|p1a: Scizor|Swords Dance|p1a: Scizor
|-boost|p1a: Scizor|atk|2
|
|upkeep
|turn|5
|
|t:|1769335946
|move|p2a: Behemoth|Headlong Rush|p1a: Scizor
|-damage|p1a: Scizor|28/100
|-unboost|p2a: Behemoth|def|1
|-unboost|p2a: Behemoth|spd|1
|-enditem|p1a: Scizor|Sitrus Berry|[eat]
|-heal|p1a: Scizor|52/100|[from] item: Sitrus Berry
|move|p1a: Scizor|Close Combat|p2a: Behemoth
|-damage|p2a: Behemoth|8/100
|-unboost|p1a: Scizor|def|1
|-unboost|p1a: Scizor|spd|1
|
|upkeep
|turn|6
|
|t:|1769335957
|-end|p2a: Behemoth|Protosynthesis|[silent]
|switch|p2a: Smile.exe|Tinkaton, F, shiny|94/100
|-damage|p2a: Smile.exe|88/100|[from] Stealth Rock
|-item|p2a: Smile.exe|Air Balloon
|move|p1a: Scizor|Bullet Punch|p2a: Smile.exe
|-damage|p2a: Smile.exe|0 fnt
|-enditem|p2a: Smile.exe|Air Balloon
|faint|p2a: Smile.exe
|
|upkeep
|
|t:|1769335967
|switch|p2a: Overseer|Pecharunt|100/100
|-damage|p2a: Overseer|88/100|[from] Stealth Rock
|turn|7
|
|t:|1769335970
|move|p2a: Overseer|Shadow Ball|p1a: Scizor
|-damage|p1a: Scizor|8/100
|move|p1a: Scizor|Knock Off|p2a: Overseer
|-supereffective|p2a: Overseer
|-crit|p2a: Overseer
|-damage|p2a: Overseer|0 fnt
|-damage|p1a: Scizor|0 fnt|[from] item: Rocky Helmet|[of] p2a: Overseer
|faint|p2a: Overseer
|faint|p1a: Scizor
|
|upkeep
|
|t:|1769335982
|switch|p2a: Hybrid|Hydreigon, M, shiny|100/100
|switch|p1a: Iron Jugulis|Iron Jugulis, shiny|100/100
|-damage|p2a: Hybrid|88/100|[from] Stealth Rock
|-enditem|p1a: Iron Jugulis|Booster Energy
|-activate|p1a: Iron Jugulis|ability: Quark Drive|[fromitem]
|-start|p1a: Iron Jugulis|quarkdrivespe
|turn|8
|
|t:|1769335988
|move|p1a: Iron Jugulis|Hurricane|p2a: Hybrid|[miss]
|-miss|p1a: Iron Jugulis|p2a: Hybrid
|move|p2a: Hybrid|Draco Meteor|p1a: Iron Jugulis
|-damage|p1a: Iron Jugulis|0 fnt
|-unboost|p2a: Hybrid|spa|2
|faint|p1a: Iron Jugulis
|-end|p1a: Iron Jugulis|Quark Drive|[silent]
|
|upkeep
|
|t:|1769335992
|switch|p1a: Latios|Latios, M, shiny|100/100
|turn|9
|
|t:|1769335998
|move|p2a: Hybrid|Draco Meteor|p1a: Latios
|-supereffective|p1a: Latios
|-damage|p1a: Latios|11/100
|-unboost|p2a: Hybrid|spa|2
|-enditem|p1a: Latios|Weakness Policy
|-boost|p1a: Latios|atk|2|[from] item: Weakness Policy
|-boost|p1a: Latios|spa|2|[from] item: Weakness Policy
|move|p1a: Latios|Calm Mind|p1a: Latios
|-boost|p1a: Latios|spa|1
|-boost|p1a: Latios|spd|1
|
|upkeep
|turn|10
|
|t:|1769336012
|-terastallize|p1a: Latios|Fighting
|move|p2a: Hybrid|Draco Meteor|p1a: Latios
|-damage|p1a: Latios|0 fnt
|-unboost|p2a: Hybrid|spa|2
|faint|p1a: Latios
|
|upkeep
|
|t:|1769336018
|switch|p1a: Manaphy|Manaphy, shiny|100/100
|turn|11
|-message|Chigusa_24zono forfeited.
|
|win|Igoodnamename
|raw|Chigusa_24zono's rating: 1648 &rarr; <strong>1627</strong><br />(-21 for losing)
|raw|Igoodnamename's rating: 1636 &rarr; <strong>1657</strong><br />(+21 for winning)
|l|☆Chigusa_24zono
|player|p1|
|l|☆Igoodnamename
|player|p2|
