|j|☆FirstLightSoulja
|j|☆right ear of trump
|t:|1769320175
|gametype|singles
|player|p1|FirstLightSoulja|giovanni|1618
|player|p2|right ear of trump|erika-gen2|1619
|gen|9
|tier|[Gen 9] OU
|rated|
|rule|HP Percentage Mod: HP is shown in percentages
|rule|Endless Battle Clause: Forcing endless battles is banned
|rule|Species Clause: Limit one of each Pokémon
|rule|OHKO Clause: OHKO moves are banned
|rule|Evasion Items Clause: Evasion items are banned
|rule|Evasion Moves Clause: Evasion moves are banned
|rule|Evasion Abilities Clause: Evasion abilities are banned
|rule|Sleep Moves Clause: Sleep-inducing moves are banned
|clearpoke
|poke|p1|Garchomp, F|
|poke|p1|Sinistcha|
|poke|p1|Iron Valiant|
|poke|p1|Ogerpon-Wellspring, F|
|poke|p1|Slowking-Galar, M|
|poke|p1|Ceruledge, F|
|poke|p2|Alomomola, F|
|poke|p2|Tinkaton, F|
|poke|p2|Hydreigon, F|
|poke|p2|Great Tusk|
|poke|p2|Ogerpon, F|
|poke|p2|Pecharunt|
|teampreview
|inactive|Battle timer is ON: inactive players will automatically lose when time's up. (requested by right ear of trump)
|
|t:|1769320182
|teamsize|p1|6
|teamsize|p2|6
|start
|switch|p1a: Iron Valiant|Iron Valiant|100/100
|switch|p2a: Hybrid|Hydreigon, F|100/100
|turn|1
|
|t:|1769320194
|switch|p2a: Smile.exe|Tinkaton, F|100/100
|-item|p2a: Smile.exe|Air Balloon
|move|p1a: Iron Valiant|Moonblast|p2a: Smile.exe
|-resisted|p2a: Smile.exe
|-damage|p2a: Smile.exe|63/100
|-unboost|p2a: Smile.exe|spa|1
|-enditem|p2a: Smile.exe|Air Balloon
|
|upkeep
|turn|2
|
|t:|1769320203
|-end|p1a: Iron Valiant|Quark Drive|[silent]
|switch|p1a: Garchomp|Garchomp, F|100/100
|move|p2a: Smile.exe|Stealth Rock|p1a: Garchomp
|-sidestart|p1: FirstLightSoulja|move: Stealth Rock
|
|upkeep
|turn|3
|
|t:|1769320209
|move|p1a: Garchomp|Stealth Rock|p2a: Smile.exe
|-sidestart|p2: right ear of trump|move: Stealth Rock
|move|p2a: Smile.exe|Ice Hammer|p1a: Garchomp
|-supereffective|p1a: Garchomp
|-damage|p1a: Garchomp|22/100
|-unboost|p2a: Smile.exe|spe|1
|-damage|p2a: Smile.exe|51/100|[from] ability: Rough Skin|[of] p1a: Garchomp
|-damage|p2a: Smile.exe|34/100|[from] item: Rocky Helmet|[of] p1a: Garchomp
|
|upkeep
|turn|4
|j| AmberArm
|
|t:|1769320221
|move|p1a: Garchomp|Earthquake|p2a: Smile.exe
|-supereffective|p2a: Smile.exe
|-damage|p2a: Smile.exe|0 fnt
|faint|p2a: Smile.exe
|
|upkeep
|
|t:|1769320230
|switch|p2a: Anonymous|Ogerpon, F|100/100
|-damage|p2a: Anonymous|88/100|[from] Stealth Rock
|turn|5
|
|t:|1769320241
|switch|p1a: Sinistcha|Sinistcha|100/100
|-damage|p1a: Sinistcha|88/100|[from] Stealth Rock
|move|p2a: Anonymous|Ivy Cudgel|p1a: Sinistcha
|-resisted|p1a: Sinistcha
|-damage|p1a: Sinistcha|64/100
|
|upkeep
|turn|6
|j| we love marioparty
|
|t:|1769320249
|switch|p2a: Hybrid|Hydreigon, F|100/100
|-damage|p2a: Hybrid|88/100|[from] Stealth Rock
|switch|p1a: Garchomp|Garchomp, F|22/100
|-damage|p1a: Garchomp|16/100|[from] Stealth Rock
|
|upkeep
|turn|7
|
|t:|1769320256
|move|p1a: Garchomp|Spikes|p2a: Hybrid
|-sidestart|p2: right ear of trump|Spikes
|move|p2a: Hybrid|Dark Pulse|p1a: Garchomp
|-damage|p1a: Garchomp|0 fnt
|faint|p1a: Garchomp
|
|upkeep
|
|t:|1769320264
|switch|p1a: Iron Valiant|Iron Valiant|100/100
|-damage|p1a: Iron Valiant|94/100|[from] Stealth Rock
|turn|8
|
|t:|1769320268
|switch|p2a: Pisces|Alomomola, F|100/100
|-damage|p2a: Pisces|88/100|[from] Stealth Rock
|-damage|p2a: Pisces|76/100|[from] Spikes
|move|p1a: Iron Valiant|Shadow Ball|p2a: Pisces
|-damage|p2a: Pisces|58/100
|
|upkeep
|turn|9
|
|t:|1769320279
|-end|p1a: Iron Valiant|Quark Drive|[silent]
|switch|p1a: Ogerpon|Ogerpon-Wellspring, F|100/100
|-damage|p1a: Ogerpon|88/100|[from] Stealth Rock
|move|p2a: Pisces|Mirror Coat||[still]
|-fail|p2a: Pisces
|
|upkeep
|turn|10
|
|t:|1769320285
|switch|p2a: Overseer|Pecharunt|100/100
|-damage|p2a: Overseer|88/100|[from] Stealth Rock
|-damage|p2a: Overseer|76/100|[from] Spikes
|move|p1a: Ogerpon|Swords Dance|p1a: Ogerpon
|-boost|p1a: Ogerpon|atk|2
|
|upkeep
|turn|11
|
|t:|1769320297
|-terastallize|p1a: Ogerpon|Water
|detailschange|p1a: Ogerpon|Ogerpon-Wellspring-Tera, F, tera:Water
|-ability|p1a: Ogerpon|Embody Aspect (Wellspring)|boost
|-boost|p1a: Ogerpon|spd|1
|move|p1a: Ogerpon|Ivy Cudgel|p2a: Overseer|[anim] Ivy Cudgel Water
|-damage|p2a: Overseer|9/100
|move|p2a: Overseer|Parting Shot|p1a: Ogerpon
|-unboost|p1a: Ogerpon|atk|1
|-unboost|p1a: Ogerpon|spa|1
|
|t:|1769320299
|switch|p2a: Anonymous|Ogerpon, F|88/100|[from] Parting Shot
|-damage|p2a: Anonymous|76/100|[from] Stealth Rock
|-damage|p2a: Anonymous|64/100|[from] Spikes
|
|upkeep
|turn|12
|inactive|FirstLightSoulja has 120 seconds left.
|
|t:|1769320333
|-terastallize|p2a: Anonymous|Grass
|detailschange|p2a: Anonymous|Ogerpon-Teal-Tera, F, tera:Grass
|-ability|p2a: Anonymous|Embody Aspect (Teal)|boost
|-boost|p2a: Anonymous|spe|1
|move|p2a: Anonymous|Ivy Cudgel|p1a: Ogerpon
|-supereffective|p1a: Ogerpon
|-damage|p1a: Ogerpon|0 fnt
|faint|p1a: Ogerpon
|detailschange|p1: Ogerpon|Ogerpon-Wellspring, F|[silent]
|
|upkeep
|inactive|FirstLightSoulja has 120 seconds left.
|
|t:|1769320343
|switch|p1a: Sinistcha|Sinistcha|64/100
|-damage|p1a: Sinistcha|51/100|[from] Stealth Rock
|turn|13
|
|t:|1769320347
|switch|p2a: Hybrid|Hydreigon, F|88/100
|-damage|p2a: Hybrid|76/100|[from] Stealth Rock
|move|p1a: Sinistcha|Strength Sap|p2a: Hybrid
|-unboost|p2a: Hybrid|atk|1
|-heal|p1a: Sinistcha|100/100
|
|upkeep
|turn|14
|
|t:|1769320355
|switch|p1a: Slowking|Slowking-Galar, M|100/100
|move|p2a: Hybrid|Flash Cannon|p1a: Slowking
|-damage|p1a: Slowking|76/100
|
|upkeep
|turn|15
|
|t:|1769320364
|switch|p2a: Overseer|Pecharunt|9/100
|-damage|p2a: Overseer|0 fnt|[from] Stealth Rock
|faint|p2a: Overseer
|-prepare|p1a: Slowking|Chilly Reception|[premajor]
|move|p1a: Slowking|Chilly Reception|p1a: Slowking
|-weather|Snowscape
|
|t:|1769320374
|switch|p1a: Iron Valiant|Iron Valiant|94/100|[from] Chilly Reception
|-damage|p1a: Iron Valiant|88/100|[from] Stealth Rock
|
|-weather|Snowscape|[upkeep]
|upkeep
|
|t:|1769320384
|switch|p2a: Pisces|Alomomola, F|91/100
|-damage|p2a: Pisces|79/100|[from] Stealth Rock
|-damage|p2a: Pisces|66/100|[from] Spikes
|turn|16
|
|t:|1769320394
|-end|p1a: Iron Valiant|Quark Drive|[silent]
|switch|p1a: Slowking|Slowking-Galar, M|100/100
|move|p2a: Pisces|Mirror Coat||[still]
|-fail|p2a: Pisces
|
|-weather|Snowscape|[upkeep]
|upkeep
|turn|17
|
|t:|1769320401
|-prepare|p1a: Slowking|Chilly Reception|[premajor]
|move|p1a: Slowking|Chilly Reception|p1a: Slowking
|
|t:|1769320410
|switch|p1a: Sinistcha|Sinistcha|100/100|[from] Chilly Reception
|-damage|p1a: Sinistcha|88/100|[from] Stealth Rock
|move|p2a: Pisces|Mirror Coat||[still]
|-fail|p2a: Pisces
|
|-weather|Snowscape|[upkeep]
|upkeep
|turn|18
|j| plutocrow
|
|t:|1769320427
|move|p1a: Sinistcha|Giga Drain|p2a: Pisces
|-supereffective|p2a: Pisces
|-damage|p2a: Pisces|35/100
|-heal|p1a: Sinistcha|100/100|[from] drain|[of] p2a: Pisces
|move|p2a: Pisces|Mirror Coat|p1a: Sinistcha
|-damage|p1a: Sinistcha|3/100
|
|-weather|Snowscape|[upkeep]
|upkeep
|turn|19
|
|t:|1769320434
|move|p2a: Pisces|Aqua Jet|p1a: Sinistcha
|-resisted|p1a: Sinistcha
|-damage|p1a: Sinistcha|0 fnt
|-damage|p2a: Pisces|18/100|[from] item: Rocky Helmet|[of] p1a: Sinistcha
|faint|p1a: Sinistcha
|
|-weather|none
|upkeep
|l| plutocrow
|inactive|FirstLightSoulja has 120 seconds left.
|
|t:|1769320467
|switch|p1a: Ceruledge|Ceruledge, F|100/100
|turn|20
|inactive|FirstLightSoulja has 120 seconds left.
|
|t:|1769320473
|move|p1a: Ceruledge|Swords Dance|p1a: Ceruledge
|-boost|p1a: Ceruledge|atk|2
|move|p2a: Pisces|Flip Turn|p1a: Ceruledge
|-supereffective|p1a: Ceruledge
|-damage|p1a: Ceruledge|60/100
|
|t:|1769320475
|switch|p2a: Hybrid|Hydreigon, F|76/100|[from] Flip Turn
|-damage|p2a: Hybrid|64/100|[from] Stealth Rock
|
|upkeep
|turn|21
|inactive|FirstLightSoulja has 120 seconds left.
|
|t:|1769320491
|switch|p1a: Iron Valiant|Iron Valiant|88/100
|-damage|p1a: Iron Valiant|82/100|[from] Stealth Rock
|move|p2a: Hybrid|Dark Pulse|p1a: Iron Valiant
|-resisted|p1a: Iron Valiant
|-damage|p1a: Iron Valiant|54/100
|
|upkeep
|turn|22
|
|t:|1769320498
|switch|p2a: Pisces|Alomomola, F|51/100
|-damage|p2a: Pisces|39/100|[from] Stealth Rock
|-damage|p2a: Pisces|27/100|[from] Spikes
|move|p1a: Iron Valiant|Moonblast|p2a: Pisces
|-damage|p2a: Pisces|0 fnt
|faint|p2a: Pisces
|
|upkeep
|
|t:|1769320504
|switch|p2a: Anonymous|Ogerpon-Teal-Tera, F, tera:Grass|64/100
|-damage|p2a: Anonymous|51/100|[from] Stealth Rock
|-damage|p2a: Anonymous|39/100|[from] Spikes
|-ability|p2a: Anonymous|Embody Aspect (Teal)|boost
|-boost|p2a: Anonymous|spe|1
|turn|23
|
|t:|1769320511
|-end|p1a: Iron Valiant|Quark Drive|[silent]
|switch|p1a: Slowking|Slowking-Galar, M|100/100
|move|p2a: Anonymous|Ivy Cudgel|p1a: Slowking
|-resisted|p1a: Slowking
|-damage|p1a: Slowking|51/100
|
|upkeep
|turn|24
|
|t:|1769320520
|move|p2a: Anonymous|Ivy Cudgel|p1a: Slowking
|-resisted|p1a: Slowking
|-crit|p1a: Slowking
|-damage|p1a: Slowking|0 fnt
|faint|p1a: Slowking
|
|upkeep
|inactive|FirstLightSoulja has 120 seconds left.
|inactive|FirstLightSoulja has 90 seconds left.
|j| Tb_cccc15
|
|t:|1769320589
|switch|p1a: Iron Valiant|Iron Valiant|54/100
|-damage|p1a: Iron Valiant|48/100|[from] Stealth Rock
|turn|25
|
|t:|1769320593
|move|p1a: Iron Valiant|Vacuum Wave|p2a: Anonymous
|-damage|p2a: Anonymous|1/100
|move|p2a: Anonymous|Ivy Cudgel|p1a: Iron Valiant
|-damage|p1a: Iron Valiant|0 fnt
|faint|p1a: Iron Valiant
|-end|p1a: Iron Valiant|Quark Drive|[silent]
|
|upkeep
|inactive|FirstLightSoulja has 90 seconds left.
|
|t:|1769320598
|switch|p1a: Ceruledge|Ceruledge, F|60/100
|turn|26
|
|t:|1769320602
|move|p2a: Anonymous|Ivy Cudgel|p1a: Ceruledge
|-resisted|p1a: Ceruledge
|-damage|p1a: Ceruledge|0 fnt
|faint|p1a: Ceruledge
|
|win|right ear of trump
|raw|FirstLightSoulja's rating: 1618 &rarr; <strong>1598</strong><br />(-20 for losing)
|raw|right ear of trump's rating: 1619 &rarr; <strong>1639</strong><br />(+20 for winning)
|l|☆FirstLightSoulja
|player|p1|
|l|☆right ear of trump
|player|p2|
|l| we love marioparty
|l| AmberArm
