|j|☆szeykoo
|j|☆Bug Trainer Barry
|t:|1769375966
|gametype|singles
|player|p1|szeykoo|steven|1276
|player|p2|Bug Trainer Barry|bugcatcher-gen4dp|1331
|gen|9
|tier|[Gen 9] OU
|rated|
|rule|HP Percentage Mod: HP is shown in percentages
|rule|Endless Battle Clause: Forcing endless battles is banned
|rule|Species Clause: Limit one of each Pokémon
|rule|OHKO Clause: OHKO moves are banned
|rule|Evasion Items Clause: Evasion items are banned
|rule|Evasion Moves Clause: Evasion moves are banned
|rule|Evasion Abilities Clause: Evasion abilities are banned
|rule|Sleep Moves Clause: Sleep-inducing moves are banned
|clearpoke
|poke|p1|Torkoal, M|
|poke|p1|Lilligant, F|
|poke|p1|Scream Tail|
|poke|p1|Ceruledge, F|
|poke|p1|Walking Wake|
|poke|p1|Mandibuzz, F|
|poke|p2|Illumise, F|
|poke|p2|Lokix, M|
|poke|p2|Forretress, F|
|poke|p2|Yanmega, M|
|poke|p2|Araquanid, M|
|poke|p2|Slither Wing|
|teampreview
|
|t:|1769375974
|teamsize|p1|6
|teamsize|p2|6
|start
|switch|p1a: sun merchant|Torkoal, M, shiny|100/100
|switch|p2a: Araquanid|Araquanid, M|100/100
|-weather|SunnyDay|[from] ability: Drought|[of] p1a: sun merchant
|turn|1
|
|t:|1769376000
|move|p2a: Araquanid|Sticky Web|p1a: sun merchant
|-sidestart|p1: szeykoo|move: Sticky Web
|move|p1a: sun merchant|Rapid Spin|p2a: Araquanid
|-damage|p2a: Araquanid|91/100
|-boost|p1a: sun merchant|spe|1
|-sideend|p1: szeykoo|Sticky Web|[from] move: Rapid Spin|[of] p1a: sun merchant
|
|-weather|SunnyDay|[upkeep]
|upkeep
|turn|2
|
|t:|1769376007
|move|p2a: Araquanid|Sticky Web|p1a: sun merchant
|-sidestart|p1: szeykoo|move: Sticky Web
|move|p1a: sun merchant|Stealth Rock|p2a: Araquanid
|-sidestart|p2: Bug Trainer Barry|move: Stealth Rock
|
|-weather|SunnyDay|[upkeep]
|upkeep
|turn|3
|
|t:|1769376011
|move|p2a: Araquanid|Surf|p1a: sun merchant
|-supereffective|p1a: sun merchant
|-damage|p1a: sun merchant|31/100
|move|p1a: sun merchant|Rapid Spin|p2a: Araquanid
|-damage|p2a: Araquanid|80/100
|-boost|p1a: sun merchant|spe|1
|-sideend|p1: szeykoo|Sticky Web|[from] move: Rapid Spin|[of] p1a: sun merchant
|
|-weather|SunnyDay|[upkeep]
|upkeep
|turn|4
|
|t:|1769376034
|switch|p1a: Walking Wake|Walking Wake|100/100
|-activate|p1a: Walking Wake|ability: Protosynthesis
|-start|p1a: Walking Wake|protosynthesisspa
|move|p2a: Araquanid|Sticky Web|p1a: Walking Wake
|-sidestart|p1: szeykoo|move: Sticky Web
|
|-weather|SunnyDay|[upkeep]
|upkeep
|turn|5
|
|t:|1769376047
|move|p2a: Araquanid|Endure|p2a: Araquanid
|-singleturn|p2a: Araquanid|move: Endure
|move|p1a: Walking Wake|Weather Ball|p2a: Araquanid
|-damage|p2a: Araquanid|55/100
|
|-weather|SunnyDay|[upkeep]
|upkeep
|turn|6
|
|t:|1769376058
|move|p1a: Walking Wake|Dragon Pulse|p2a: Araquanid
|-damage|p2a: Araquanid|11/100
|move|p2a: Araquanid|Endeavor|p1a: Walking Wake
|-damage|p1a: Walking Wake|11/100
|
|-weather|SunnyDay|[upkeep]
|upkeep
|turn|7
|-enditem|p2a: Araquanid|Custap Berry|[eat]
|-activate|p2a: Araquanid|item: Custap Berry|[consumed]
|
|t:|1769376080
|move|p2a: Araquanid|Surf|p1a: Walking Wake
|-resisted|p1a: Walking Wake
|-damage|p1a: Walking Wake|6/100
|move|p1a: Walking Wake|Dragon Pulse|p2a: Araquanid
|-damage|p2a: Araquanid|0 fnt
|faint|p2a: Araquanid
|
|-weather|SunnyDay|[upkeep]
|upkeep
|
|t:|1769376090
|switch|p2a: Lokix|Lokix, M|100/100
|-damage|p2a: Lokix|76/100|[from] Stealth Rock
|turn|8
|
|t:|1769376107
|move|p2a: Lokix|First Impression|p1a: Walking Wake
|-damage|p1a: Walking Wake|0 fnt
|faint|p1a: Walking Wake
|-end|p1a: Walking Wake|Protosynthesis|[silent]
|
|-weather|none
|upkeep
|
|t:|1769376124
|switch|p1a: airfryer|Ceruledge, F|100/100
|-activate|p1a: airfryer|move: Sticky Web
|-unboost|p1a: airfryer|spe|1
|turn|9
|
|t:|1769376129
|switch|p2a: Illumise|Illumise, F|100/100
|move|p1a: airfryer|Bitter Blade|p2a: Illumise
|-supereffective|p2a: Illumise
|-damage|p2a: Illumise|0 fnt
|faint|p2a: Illumise
|-damage|p1a: airfryer|91/100|[from] item: Life Orb
|
|upkeep
|
|t:|1769376133
|switch|p2a: Slither Wing|Slither Wing|100/100
|-damage|p2a: Slither Wing|88/100|[from] Stealth Rock
|-enditem|p2a: Slither Wing|Booster Energy
|-activate|p2a: Slither Wing|ability: Protosynthesis|[fromitem]
|-start|p2a: Slither Wing|protosynthesisatk
|turn|10
|
|t:|1769376144
|-terastallize|p2a: Slither Wing|Fire
|move|p2a: Slither Wing|Bulk Up|p2a: Slither Wing
|-boost|p2a: Slither Wing|atk|1
|-boost|p2a: Slither Wing|def|1
|move|p1a: airfryer|Bitter Blade|p2a: Slither Wing
|-resisted|p2a: Slither Wing
|-damage|p2a: Slither Wing|65/100
|-heal|p1a: airfryer|100/100|[from] drain|[of] p2a: Slither Wing
|-damage|p1a: airfryer|91/100|[from] item: Life Orb
|
|upkeep
|turn|11
|
|t:|1769376158
|move|p2a: Slither Wing|Bulk Up|p2a: Slither Wing
|-boost|p2a: Slither Wing|atk|1
|-boost|p2a: Slither Wing|def|1
|move|p1a: airfryer|Poltergeist||[still]
|-fail|p1a: airfryer
|
|upkeep
|turn|12
|
|t:|1769376176
|switch|p1a: Mandibuzz|Mandibuzz, F|100/100
|move|p2a: Slither Wing|Leech Life|p1a: Mandibuzz
|-damage|p1a: Mandibuzz|25/100
|-heal|p2a: Slither Wing|100/100|[from] drain|[of] p1a: Mandibuzz
|
|upkeep
|turn|13
|
|t:|1769376190
|move|p2a: Slither Wing|Leech Life|p1a: Mandibuzz
|-damage|p1a: Mandibuzz|0 fnt
|faint|p1a: Mandibuzz
|
|upkeep
|
|t:|1769376203
|switch|p1a: filler mon|Scream Tail|100/100
|-activate|p1a: filler mon|move: Sticky Web
|-unboost|p1a: filler mon|spe|1
|turn|14
|
|t:|1769376214
|move|p2a: Slither Wing|Leech Life|p1a: filler mon
|-damage|p1a: filler mon|33/100
|move|p1a: filler mon|Wish|p1a: filler mon
|
|-heal|p1a: filler mon|39/100|[from] item: Leftovers
|upkeep
|turn|15
|
|t:|1769376223
|move|p1a: filler mon|Protect|p1a: filler mon
|-singleturn|p1a: filler mon|Protect
|move|p2a: Slither Wing|Bulk Up|p2a: Slither Wing
|-boost|p2a: Slither Wing|atk|1
|-boost|p2a: Slither Wing|def|1
|
|-heal|p1a: filler mon|89/100|[from] move: Wish|[wisher] filler mon
|-heal|p1a: filler mon|95/100|[from] item: Leftovers
|upkeep
|turn|16
|
|t:|1769376237
|move|p2a: Slither Wing|Wild Charge|p1a: filler mon
|-damage|p1a: filler mon|28/100
|-damage|p2a: Slither Wing|81/100|[from] Recoil
|move|p1a: filler mon|Encore|p2a: Slither Wing
|-start|p2a: Slither Wing|Encore
|
|-heal|p1a: filler mon|35/100|[from] item: Leftovers
|upkeep
|turn|17
|
|t:|1769376253
|move|p2a: Slither Wing|Wild Charge|p1a: filler mon
|-damage|p1a: filler mon|0 fnt
|faint|p1a: filler mon
|-end|p1a: filler mon|Protosynthesis|[silent]
|-damage|p2a: Slither Wing|71/100|[from] Recoil
|
|upkeep
|-message|szeykoo forfeited.
|
|win|Bug Trainer Barry
|raw|szeykoo's rating: 1276 &rarr; <strong>1255</strong><br />(-21 for losing)
|raw|Bug Trainer Barry's rating: 1331 &rarr; <strong>1348</strong><br />(+17 for winning)
|l|☆szeykoo
|player|p1|
