|j|‽pzzatime
|j|☆asdadac
|t:|1769421600
|gametype|singles
|player|p1|pzzatime|170|1443
|player|p2|asdadac|102|1499
|gen|9
|tier|[Gen 9] OU
|rated|
|rule|HP Percentage Mod: HP is shown in percentages
|rule|Endless Battle Clause: Forcing endless battles is banned
|rule|Species Clause: Limit one of each Pokémon
|rule|OHKO Clause: OHKO moves are banned
|rule|Evasion Items Clause: Evasion items are banned
|rule|Evasion Moves Clause: Evasion moves are banned
|rule|Evasion Abilities Clause: Evasion abilities are banned
|rule|Sleep Moves Clause: Sleep-inducing moves are banned
|clearpoke
|poke|p1|Tinkaton, F|
|poke|p1|Great Tusk|
|poke|p1|Pecharunt|
|poke|p1|Alomomola, M|
|poke|p1|Hydreigon, M|
|poke|p1|Meowscarada, M|
|poke|p2|Tinkaton, F|
|poke|p2|Ogerpon, F|
|poke|p2|Great Tusk|
|poke|p2|Pecharunt|
|poke|p2|Alomomola, F|
|poke|p2|Darkrai|
|teampreview
|
|t:|1769421655
|teamsize|p1|6
|teamsize|p2|6
|start
|switch|p1a: Meowscarada|Meowscarada, M|100/100
|switch|p2a: Darkrai|Darkrai|100/100
|turn|1
|
|t:|1769421667
|move|p1a: Meowscarada|U-turn|p2a: Darkrai
|-supereffective|p2a: Darkrai
|-damage|p2a: Darkrai|45/100
|
|t:|1769421670
|switch|p1a: Alomomola|Alomomola, M, shiny|100/100|[from] U-turn
|move|p2a: Darkrai|Sludge Bomb|p1a: Alomomola
|-damage|p1a: Alomomola|80/100
|-damage|p2a: Darkrai|35/100|[from] item: Life Orb
|
|upkeep
|turn|2
|
|t:|1769421683
|switch|p2a: Overseer|Pecharunt|100/100
|move|p1a: Alomomola|Flip Turn|p2a: Overseer
|-damage|p2a: Overseer|93/100
|-damage|p1a: Alomomola|63/100|[from] item: Rocky Helmet|[of] p2a: Overseer
|
|t:|1769421685
|switch|p1a: Hydreigon|Hydreigon, M, shiny|100/100|[from] Flip Turn
|
|upkeep
|turn|3
|inactive|Battle timer is ON: inactive players will automatically lose when time's up. (requested by pzzatime)
|
|t:|1769421698
|switch|p2a: Smile.exe|Tinkaton, F, shiny|100/100
|-item|p2a: Smile.exe|Air Balloon
|move|p1a: Hydreigon|Dark Pulse|p2a: Smile.exe
|-resisted|p2a: Smile.exe
|-damage|p2a: Smile.exe|71/100
|-enditem|p2a: Smile.exe|Air Balloon
|-damage|p1a: Hydreigon|91/100|[from] item: Life Orb
|
|upkeep
|turn|4
|
|t:|1769421709
|move|p1a: Hydreigon|Earth Power|p2a: Smile.exe
|-supereffective|p2a: Smile.exe
|-damage|p2a: Smile.exe|0 fnt
|faint|p2a: Smile.exe
|-damage|p1a: Hydreigon|81/100|[from] item: Life Orb
|
|upkeep
|
|t:|1769421716
|switch|p2a: Darkrai|Darkrai|35/100
|turn|5
|
|t:|1769421720
|switch|p1a: Alomomola|Alomomola, M, shiny|97/100
|move|p2a: Darkrai|Ice Beam|p1a: Alomomola
|-resisted|p1a: Alomomola
|-damage|p1a: Alomomola|87/100
|-damage|p2a: Darkrai|25/100|[from] item: Life Orb
|
|upkeep
|turn|6
|
|t:|1769421726
|switch|p2a: Pisces|Alomomola, F, shiny|100/100
|move|p1a: Alomomola|Flip Turn|p2a: Pisces
|-resisted|p2a: Pisces
|-damage|p2a: Pisces|94/100
|
|t:|1769421741
|switch|p1a: Meowscarada|Meowscarada, M|100/100|[from] Flip Turn
|
|upkeep
|turn|7
|
|t:|1769421750
|move|p1a: Meowscarada|Knock Off|p2a: Pisces
|-damage|p2a: Pisces|58/100
|-enditem|p2a: Pisces|Assault Vest|[from] move: Knock Off|[of] p1a: Meowscarada
|move|p2a: Pisces|Play Rough|p1a: Meowscarada
|-supereffective|p1a: Meowscarada
|-damage|p1a: Meowscarada|50/100
|
|upkeep
|turn|8
|
|t:|1769421764
|switch|p1a: Alomomola|Alomomola, M, shiny|100/100
|move|p2a: Pisces|Play Rough|p1a: Alomomola
|-damage|p1a: Alomomola|88/100
|
|upkeep
|turn|9
|
|t:|1769421772
|move|p1a: Alomomola|Play Rough|p2a: Pisces
|-damage|p2a: Pisces|44/100
|move|p2a: Pisces|Flip Turn|p1a: Alomomola
|-resisted|p1a: Alomomola
|-crit|p1a: Alomomola
|-damage|p1a: Alomomola|79/100
|
|t:|1769421780
|switch|p2a: Anonymous|Ogerpon, F|100/100|[from] Flip Turn
|
|upkeep
|turn|10
|
|t:|1769421785
|move|p2a: Anonymous|U-turn|p1a: Alomomola
|-damage|p1a: Alomomola|53/100
|
|t:|1769421790
|switch|p2a: Overseer|Pecharunt|93/100|[from] U-turn
|move|p1a: Alomomola|Flip Turn|p2a: Overseer
|-damage|p2a: Overseer|85/100
|-damage|p1a: Alomomola|37/100|[from] item: Rocky Helmet|[of] p2a: Overseer
|
|t:|1769421795
|switch|p1a: Hydreigon|Hydreigon, M, shiny|81/100|[from] Flip Turn
|
|upkeep
|turn|11
|
|t:|1769421803
|switch|p2a: Pisces|Alomomola, F, shiny|78/100
|move|p1a: Hydreigon|Dark Pulse|p2a: Pisces
|-damage|p2a: Pisces|40/100
|-damage|p1a: Hydreigon|71/100|[from] item: Life Orb
|
|upkeep
|turn|12
|
|t:|1769421812
|move|p1a: Hydreigon|Draco Meteor|p2a: Pisces
|-damage|p2a: Pisces|0 fnt
|-unboost|p1a: Hydreigon|spa|2
|faint|p2a: Pisces
|-damage|p1a: Hydreigon|61/100|[from] item: Life Orb
|
|upkeep
|
|t:|1769421818
|switch|p2a: Darkrai|Darkrai|25/100
|turn|13
|
|t:|1769421822
|switch|p2a: Anonymous|Ogerpon, F|100/100
|switch|p1a: Alomomola|Alomomola, M, shiny|70/100
|
|upkeep
|turn|14
|
|t:|1769421831
|switch|p1a: Pecharunt|Pecharunt|100/100
|move|p2a: Anonymous|Ivy Cudgel|p1a: Pecharunt
|-resisted|p1a: Pecharunt
|-damage|p1a: Pecharunt|85/100
|
|upkeep
|turn|15
|
|t:|1769421841
|switch|p2a: Overseer|Pecharunt|85/100
|move|p1a: Pecharunt|Shadow Ball|p2a: Overseer
|-supereffective|p2a: Overseer
|-damage|p2a: Overseer|36/100
|
|upkeep
|turn|16
|
|t:|1769421852
|move|p2a: Overseer|Recover|p2a: Overseer
|-heal|p2a: Overseer|86/100
|move|p1a: Pecharunt|Shadow Ball|p2a: Overseer
|-supereffective|p2a: Overseer
|-damage|p2a: Overseer|37/100
|
|upkeep
|turn|17
|
|t:|1769421859
|move|p1a: Pecharunt|Shadow Ball|p2a: Overseer
|-supereffective|p2a: Overseer
|-damage|p2a: Overseer|0 fnt
|faint|p2a: Overseer
|
|upkeep
|
|t:|1769421864
|switch|p2a: Darkrai|Darkrai|25/100
|turn|18
|
|t:|1769421867
|switch|p2a: Anonymous|Ogerpon, F|100/100
|switch|p1a: Alomomola|Alomomola, M, shiny|100/100
|
|upkeep
|turn|19
|
|t:|1769421883
|move|p2a: Anonymous|Knock Off|p1a: Alomomola
|-damage|p1a: Alomomola|62/100
|-enditem|p1a: Alomomola|Assault Vest|[from] move: Knock Off|[of] p2a: Anonymous
|move|p1a: Alomomola|Flip Turn|p2a: Anonymous
|-resisted|p2a: Anonymous
|-damage|p2a: Anonymous|91/100
|
|t:|1769421892
|switch|p1a: Meowscarada|Meowscarada, M|50/100|[from] Flip Turn
|
|upkeep
|turn|20
|
|t:|1769421900
|switch|p2a: Behemoth|Great Tusk, shiny|100/100
|move|p1a: Meowscarada|U-turn|p2a: Behemoth
|-resisted|p2a: Behemoth
|-damage|p2a: Behemoth|93/100
|
|t:|1769421914
|switch|p1a: Tinkaton|Tinkaton, F, shiny|100/100|[from] U-turn
|-item|p1a: Tinkaton|Air Balloon
|
|upkeep
|turn|21
|
|t:|1769421926
|-terastallize|p2a: Behemoth|Fighting
|move|p1a: Tinkaton|Gigaton Hammer|p2a: Behemoth
|-damage|p2a: Behemoth|54/100
|move|p2a: Behemoth|Close Combat|p1a: Tinkaton
|-damage|p1a: Tinkaton|0 fnt
|-unboost|p2a: Behemoth|def|1
|-unboost|p2a: Behemoth|spd|1
|-enditem|p1a: Tinkaton|Air Balloon
|faint|p1a: Tinkaton
|
|upkeep
|
|t:|1769421931
|switch|p1a: Meowscarada|Meowscarada, M|50/100
|turn|22
|
|t:|1769421939
|-end|p2a: Behemoth|Protosynthesis|[silent]
|switch|p2a: Darkrai|Darkrai|25/100
|move|p1a: Meowscarada|U-turn|p2a: Darkrai
|-supereffective|p2a: Darkrai
|-damage|p2a: Darkrai|0 fnt
|faint|p2a: Darkrai
|
|t:|1769421944
|switch|p1a: Pecharunt|Pecharunt|85/100|[from] U-turn
|
|upkeep
|
|t:|1769421948
|switch|p2a: Behemoth|Great Tusk, shiny, tera:Fighting|54/100
|turn|23
|
|t:|1769421959
|move|p2a: Behemoth|Ice Spinner|p1a: Pecharunt
|-damage|p1a: Pecharunt|71/100
|-damage|p2a: Behemoth|38/100|[from] item: Rocky Helmet|[of] p1a: Pecharunt
|move|p1a: Pecharunt|Parting Shot|p2a: Behemoth
|-unboost|p2a: Behemoth|atk|1
|-unboost|p2a: Behemoth|spa|1
|
|t:|1769421967
|switch|p1a: Great Tusk|Great Tusk, shiny|100/100|[from] Parting Shot
|
|upkeep
|turn|24
|-message|asdadac forfeited.
|
|win|pzzatime
|raw|pzzatime's rating: 1443 &rarr; <strong>1466</strong><br />(+23 for winning)
|raw|asdadac's rating: 1499 &rarr; <strong>1476</strong><br />(-23 for losing)
|l|☆asdadac
|player|p2|
