|j|☆PinkyWinkyt
|j|☆Mdr stall
|t:|1769332722
|gametype|singles
|player|p1|PinkyWinkyt|dawn|1339
|player|p2|Mdr stall|veteran|1378
|gen|9
|tier|[Gen 9] OU
|rated|
|rule|HP Percentage Mod: HP is shown in percentages
|rule|Endless Battle Clause: Forcing endless battles is banned
|rule|Species Clause: Limit one of each Pokémon
|rule|OHKO Clause: OHKO moves are banned
|rule|Evasion Items Clause: Evasion items are banned
|rule|Evasion Moves Clause: Evasion moves are banned
|rule|Evasion Abilities Clause: Evasion abilities are banned
|rule|Sleep Moves Clause: Sleep-inducing moves are banned
|clearpoke
|poke|p1|Gholdengo|
|poke|p1|Dragonite, M|
|poke|p1|Great Tusk|
|poke|p1|Garganacl, M|
|poke|p1|Incineroar, M|
|poke|p1|Primarina, M|
|poke|p2|Iron Valiant|
|poke|p2|Ceruledge, M|
|poke|p2|Kingambit, M|
|poke|p2|Bruxish, M|
|poke|p2|Landorus-Therian, M|
|poke|p2|Kyurem|
|teampreview
|inactive|Battle timer is ON: inactive players will automatically lose when time's up. (requested by PinkyWinkyt)
|
|t:|1769332757
|teamsize|p1|6
|teamsize|p2|6
|start
|switch|p1a: Incineroar|Incineroar, M, shiny|100/100
|switch|p2a: Landorus|Landorus-Therian, M, shiny|100/100
|-ability|p2a: Landorus|Intimidate|boost
|-unboost|p1a: Incineroar|atk|1
|-ability|p1a: Incineroar|Intimidate|boost
|-unboost|p2a: Landorus|atk|1
|turn|1
|
|t:|1769332765
|move|p1a: Incineroar|Fake Out|p2a: Landorus
|-damage|p2a: Landorus|95/100
|cant|p2a: Landorus|flinch
|
|-heal|p2a: Landorus|100/100|[from] item: Leftovers
|upkeep
|turn|2
|
|t:|1769332771
|move|p2a: Landorus|Stealth Rock|p1a: Incineroar
|-sidestart|p1: PinkyWinkyt|move: Stealth Rock
|move|p1a: Incineroar|Parting Shot|p2a: Landorus
|-unboost|p2a: Landorus|atk|1
|-unboost|p2a: Landorus|spa|1
|
|t:|1769332775
|switch|p1a: Great Tusk|Great Tusk|100/100|[from] Parting Shot
|-damage|p1a: Great Tusk|98/100|[from] Stealth Rock
|
|-heal|p1a: Great Tusk|100/100|[from] item: Leftovers
|upkeep
|turn|3
|
|t:|1769332781
|switch|p2a: Ceruledge|Ceruledge, M, shiny|100/100
|move|p1a: Great Tusk|Knock Off|p2a: Ceruledge
|-supereffective|p2a: Ceruledge
|-damage|p2a: Ceruledge|18/100
|-ability|p2a: Ceruledge|Weak Armor|boost
|-unboost|p2a: Ceruledge|def|1
|-boost|p2a: Ceruledge|spe|2
|-enditem|p2a: Ceruledge|Focus Sash|[from] move: Knock Off|[of] p1a: Great Tusk
|
|upkeep
|turn|4
|
|t:|1769332788
|move|p2a: Ceruledge|Poltergeist|p1a: Great Tusk|[miss]
|-miss|p2a: Ceruledge|p1a: Great Tusk
|move|p1a: Great Tusk|Earthquake|p2a: Ceruledge
|-supereffective|p2a: Ceruledge
|-damage|p2a: Ceruledge|0 fnt
|faint|p2a: Ceruledge
|
|upkeep
|
|t:|1769332791
|switch|p2a: Bruxish|Bruxish, M, shiny|100/100
|turn|5
|
|t:|1769332797
|move|p2a: Bruxish|Wave Crash|p1a: Great Tusk
|-supereffective|p1a: Great Tusk
|-damage|p1a: Great Tusk|29/100
|-damage|p2a: Bruxish|63/100|[from] Recoil
|move|p1a: Great Tusk|Rapid Spin|p2a: Bruxish
|-damage|p2a: Bruxish|41/100
|-boost|p1a: Great Tusk|spe|1
|-sideend|p1: PinkyWinkyt|Stealth Rock|[from] move: Rapid Spin|[of] p1a: Great Tusk
|
|-heal|p1a: Great Tusk|35/100|[from] item: Leftovers
|upkeep
|turn|6
|
|t:|1769332807
|move|p1a: Great Tusk|Knock Off|p2a: Bruxish
|-supereffective|p2a: Bruxish
|-crit|p2a: Bruxish
|-damage|p2a: Bruxish|0 fnt
|-enditem|p2a: Bruxish|Choice Band|[from] move: Knock Off|[of] p1a: Great Tusk
|faint|p2a: Bruxish
|
|-heal|p1a: Great Tusk|41/100|[from] item: Leftovers
|upkeep
|
|t:|1769332818
|switch|p2a: Landorus|Landorus-Therian, M, shiny|100/100
|-ability|p2a: Landorus|Intimidate|boost
|-unboost|p1a: Great Tusk|atk|1
|turn|7
|
|t:|1769332825
|-end|p1a: Great Tusk|Protosynthesis|[silent]
|switch|p1a: Incineroar|Incineroar, M, shiny|100/100
|-ability|p1a: Incineroar|Intimidate|boost
|-unboost|p2a: Landorus|atk|1
|move|p2a: Landorus|Earth Power|p1a: Incineroar
|-supereffective|p1a: Incineroar
|-damage|p1a: Incineroar|59/100
|-unboost|p1a: Incineroar|spd|1
|
|upkeep
|turn|8
|
|t:|1769332831
|move|p1a: Incineroar|Fake Out|p2a: Landorus
|-damage|p2a: Landorus|92/100
|cant|p2a: Landorus|flinch
|
|-heal|p2a: Landorus|98/100|[from] item: Leftovers
|upkeep
|turn|9
|
|t:|1769332836
|switch|p1a: Primarina|Primarina, M|100/100
|move|p2a: Landorus|Stealth Rock|p1a: Primarina
|-sidestart|p1: PinkyWinkyt|move: Stealth Rock
|
|-heal|p2a: Landorus|100/100|[from] item: Leftovers
|upkeep
|turn|10
|
|t:|1769332856
|switch|p2a: Kyurem|Kyurem, shiny|100/100
|-ability|p2a: Kyurem|Pressure
|move|p1a: Primarina|Sparkling Aria|p2a: Kyurem
|-resisted|p2a: Kyurem
|-damage|p2a: Kyurem|77/100
|
|upkeep
|turn|11
|
|t:|1769332861
|move|p2a: Kyurem|Freeze-Dry|p1a: Primarina
|-supereffective|p1a: Primarina
|-damage|p1a: Primarina|61/100
|move|p1a: Primarina|Moonblast|p2a: Kyurem
|-supereffective|p2a: Kyurem
|-damage|p2a: Kyurem|0 fnt
|faint|p2a: Kyurem
|
|upkeep
|
|t:|1769332870
|switch|p2a: Iron Valiant|Iron Valiant, shiny|100/100
|-enditem|p2a: Iron Valiant|Booster Energy
|-activate|p2a: Iron Valiant|ability: Quark Drive|[fromitem]
|-start|p2a: Iron Valiant|quarkdrivespe
|turn|12
|
|t:|1769332876
|move|p2a: Iron Valiant|Moonblast|p1a: Primarina
|-damage|p1a: Primarina|39/100
|-unboost|p1a: Primarina|spa|1
|move|p1a: Primarina|Moonblast|p2a: Iron Valiant
|-supereffective|p2a: Iron Valiant
|-damage|p2a: Iron Valiant|0 fnt
|faint|p2a: Iron Valiant
|-end|p2a: Iron Valiant|Quark Drive|[silent]
|
|upkeep
|
|t:|1769332884
|switch|p2a: Landorus|Landorus-Therian, M, shiny|100/100
|-ability|p2a: Landorus|Intimidate|boost
|-unboost|p1a: Primarina|atk|1
|turn|13
|
|t:|1769332887
|move|p2a: Landorus|Earth Power|p1a: Primarina
|-damage|p1a: Primarina|22/100
|move|p1a: Primarina|Sparkling Aria|p2a: Landorus
|-supereffective|p2a: Landorus
|-damage|p2a: Landorus|13/100
|
|-heal|p2a: Landorus|19/100|[from] item: Leftovers
|upkeep
|turn|14
|
|t:|1769332894
|move|p2a: Landorus|Earth Power|p1a: Primarina
|-damage|p1a: Primarina|4/100
|move|p1a: Primarina|Sparkling Aria|p2a: Landorus
|-supereffective|p2a: Landorus
|-damage|p2a: Landorus|0 fnt
|faint|p2a: Landorus
|
|upkeep
|
|t:|1769332899
|switch|p2a: Kingambit|Kingambit, M, shiny|100/100
|-activate|p2a: Kingambit|ability: Supreme Overlord
|-start|p2a: Kingambit|fallen5|[silent]
|turn|15
|
|t:|1769332902
|move|p1a: Primarina|Sparkling Aria|p2a: Kingambit
|-damage|p2a: Kingambit|55/100
|move|p2a: Kingambit|Iron Head|p1a: Primarina
|-damage|p1a: Primarina|0 fnt
|faint|p1a: Primarina
|
|-heal|p2a: Kingambit|61/100|[from] item: Leftovers
|upkeep
|
|t:|1769332906
|switch|p1a: Great Tusk|Great Tusk|41/100
|-damage|p1a: Great Tusk|38/100|[from] Stealth Rock
|turn|16
|
|t:|1769332910
|-terastallize|p2a: Kingambit|Fairy
|move|p1a: Great Tusk|Body Press|p2a: Kingambit
|-resisted|p2a: Kingambit
|-damage|p2a: Kingambit|43/100
|move|p2a: Kingambit|Iron Head|p1a: Great Tusk
|-damage|p1a: Great Tusk|6/100
|
|-heal|p1a: Great Tusk|12/100|[from] item: Leftovers
|-heal|p2a: Kingambit|50/100|[from] item: Leftovers
|upkeep
|turn|17
|
|t:|1769332921
|move|p2a: Kingambit|Sucker Punch|p1a: Great Tusk
|-resisted|p1a: Great Tusk
|-damage|p1a: Great Tusk|0 fnt
|faint|p1a: Great Tusk
|-end|p1a: Great Tusk|Protosynthesis|[silent]
|
|-heal|p2a: Kingambit|56/100|[from] item: Leftovers
|upkeep
|
|t:|1769332925
|switch|p1a: Incineroar|Incineroar, M, shiny|59/100
|-ability|p1a: Incineroar|Intimidate|boost
|-unboost|p2a: Kingambit|atk|1
|turn|18
|
|t:|1769332929
|move|p1a: Incineroar|Fake Out|p2a: Kingambit
|-damage|p2a: Kingambit|49/100
|cant|p2a: Kingambit|flinch
|
|-heal|p2a: Kingambit|55/100|[from] item: Leftovers
|upkeep
|turn|19
|
|t:|1769332933
|move|p1a: Incineroar|Flare Blitz|p2a: Kingambit
|-damage|p2a: Kingambit|19/100
|-damage|p1a: Incineroar|47/100|[from] Recoil
|move|p2a: Kingambit|Low Kick|p1a: Incineroar
|-supereffective|p1a: Incineroar
|-damage|p1a: Incineroar|0 fnt
|faint|p1a: Incineroar
|
|-heal|p2a: Kingambit|25/100|[from] item: Leftovers
|upkeep
|
|t:|1769332936
|switch|p1a: Gholdengo|Gholdengo|100/100
|-damage|p1a: Gholdengo|94/100|[from] Stealth Rock
|turn|20
|
|t:|1769332940
|move|p2a: Kingambit|Sucker Punch|p1a: Gholdengo
|-supereffective|p1a: Gholdengo
|-damage|p1a: Gholdengo|0 fnt
|faint|p1a: Gholdengo
|
|-heal|p2a: Kingambit|31/100|[from] item: Leftovers
|upkeep
|
|t:|1769332965
|switch|p1a: Dragonite|Dragonite, M|100/100
|turn|21
|
|t:|1769332967
|-terastallize|p1a: Dragonite|Normal
|move|p1a: Dragonite|Extreme Speed|p2a: Kingambit
|-damage|p2a: Kingambit|0 fnt
|faint|p2a: Kingambit
|-end|p2a: Kingambit|fallen5|[silent]
|
|win|PinkyWinkyt
|raw|PinkyWinkyt's rating: 1339 &rarr; <strong>1361</strong><br />(+22 for winning)
|raw|Mdr stall's rating: 1378 &rarr; <strong>1356</strong><br />(-22 for losing)
|l|☆Mdr stall
|player|p2|
|l|☆PinkyWinkyt
|player|p1|
