|j|☆Laviii
|j|☆I eat snorlax
|t:|1769441700
|gametype|singles
|player|p1|Laviii|bellelba|1080
|player|p2|I eat snorlax|hilbert|1095
|gen|9
|tier|[Gen 9] OU
|rated|
|rule|HP Percentage Mod: HP is shown in percentages
|rule|Endless Battle Clause: Forcing endless battles is banned
|rule|Species Clause: Limit one of each Pokémon
|rule|OHKO Clause: OHKO moves are banned
|rule|Evasion Items Clause: Evasion items are banned
|rule|Evasion Moves Clause: Evasion moves are banned
|rule|Evasion Abilities Clause: Evasion abilities are banned
|rule|Sleep Moves Clause: Sleep-inducing moves are banned
|clearpoke
|poke|p1|Iron Crown|
|poke|p1|Samurott-Hisui, F|
|poke|p1|Zapdos|
|poke|p1|Dragapult, F|
|poke|p1|Great Tusk|
|poke|p1|Iron Boulder|
|poke|p2|Tyranitar, F|
|poke|p2|Moltres|
|poke|p2|Zamazenta-*|
|poke|p2|Slowking-Galar, M|
|poke|p2|Excadrill, F|
|poke|p2|Ogerpon-Wellspring, F|
|teampreview
|inactive|Battle timer is ON: inactive players will automatically lose when time's up. (requested by I eat snorlax)
|inactive|Laviii also wants the timer to be on.
|
|t:|1769441709
|teamsize|p1|6
|teamsize|p2|6
|start
|switch|p1a: Pump It|Great Tusk|100/100
|switch|p2a: Ogerpon|Ogerpon-Wellspring, F|100/100
|turn|1
|
|t:|1769441717
|-end|p1a: Pump It|Protosynthesis|[silent]
|switch|p1a: Hurikan|Zapdos|100/100
|move|p2a: Ogerpon|Ivy Cudgel|p1a: Hurikan|[anim] Ivy Cudgel Water
|-damage|p1a: Hurikan|60/100
|
|upkeep
|turn|2
|
|t:|1769441729
|switch|p2a: Excadrill|Excadrill, F|100/100
|-item|p2a: Excadrill|Air Balloon
|move|p1a: Hurikan|U-turn|p2a: Excadrill
|-resisted|p2a: Excadrill
|-damage|p2a: Excadrill|91/100
|-enditem|p2a: Excadrill|Air Balloon
|
|t:|1769441735
|switch|p1a: Pump It|Great Tusk|100/100|[from] U-turn
|
|upkeep
|turn|3
|
|t:|1769441742
|switch|p2a: Moltres|Moltres|100/100
|move|p1a: Pump It|Stealth Rock|p2a: Moltres
|-sidestart|p2: I eat snorlax|move: Stealth Rock
|
|upkeep
|turn|4
|
|t:|1769441751
|-end|p1a: Pump It|Protosynthesis|[silent]
|switch|p1a: Hurikan|Zapdos|60/100
|move|p2a: Moltres|Flamethrower|p1a: Hurikan
|-damage|p1a: Hurikan|15/100
|
|upkeep
|turn|5
|
|t:|1769441757
|move|p1a: Hurikan|Discharge|p2a: Moltres
|-supereffective|p2a: Moltres
|-damage|p2a: Moltres|34/100
|move|p2a: Moltres|Flamethrower|p1a: Hurikan
|-damage|p1a: Hurikan|0 fnt
|faint|p1a: Hurikan
|
|upkeep
|
|t:|1769441761
|switch|p1a: Everytime We Touch|Samurott-Hisui, F|100/100
|turn|6
|
|t:|1769441765
|switch|p2a: Ogerpon|Ogerpon-Wellspring, F|100/100
|-damage|p2a: Ogerpon|88/100|[from] Stealth Rock
|move|p1a: Everytime We Touch|Ceaseless Edge|p2a: Ogerpon
|-damage|p2a: Ogerpon|33/100
|-sidestart|p2: I eat snorlax|Spikes
|
|upkeep
|turn|7
|
|t:|1769441774
|-terastallize|p2a: Ogerpon|Water
|detailschange|p2a: Ogerpon|Ogerpon-Wellspring-Tera, F, tera:Water
|-ability|p2a: Ogerpon|Embody Aspect (Wellspring)|boost
|-boost|p2a: Ogerpon|spd|1
|move|p1a: Everytime We Touch|Ceaseless Edge|p2a: Ogerpon
|-damage|p2a: Ogerpon|0 fnt
|-sidestart|p2: I eat snorlax|Spikes
|faint|p2a: Ogerpon
|detailschange|p2: Ogerpon|Ogerpon-Wellspring, F|[silent]
|
|upkeep
|
|t:|1769441785
|switch|p2a: Zamazenta|Zamazenta|100/100
|-damage|p2a: Zamazenta|94/100|[from] Stealth Rock
|-damage|p2a: Zamazenta|78/100|[from] Spikes
|-ability|p2a: Zamazenta|Dauntless Shield|boost
|-boost|p2a: Zamazenta|def|1
|turn|8
|
|t:|1769441789
|move|p1a: Everytime We Touch|Ceaseless Edge|p2a: Zamazenta
|-resisted|p2a: Zamazenta
|-damage|p2a: Zamazenta|67/100
|-sidestart|p2: I eat snorlax|Spikes
|move|p2a: Zamazenta|Iron Defense|p2a: Zamazenta
|-boost|p2a: Zamazenta|def|2
|
|-heal|p2a: Zamazenta|73/100|[from] item: Leftovers
|upkeep
|turn|9
|
|t:|1769441799
|switch|p1a: Pump It|Great Tusk|100/100
|move|p2a: Zamazenta|Crunch|p1a: Pump It
|-resisted|p1a: Pump It
|-damage|p1a: Pump It|93/100
|-unboost|p1a: Pump It|def|1
|
|-heal|p2a: Zamazenta|79/100|[from] item: Leftovers
|upkeep
|turn|10
|
|t:|1769441806
|move|p2a: Zamazenta|Body Press|p1a: Pump It
|-damage|p1a: Pump It|10/100
|move|p1a: Pump It|Headlong Rush|p2a: Zamazenta
|-damage|p2a: Zamazenta|61/100
|-unboost|p1a: Pump It|def|1
|-unboost|p1a: Pump It|spd|1
|
|-heal|p2a: Zamazenta|67/100|[from] item: Leftovers
|upkeep
|turn|11
|
|t:|1769441811
|move|p2a: Zamazenta|Iron Defense|p2a: Zamazenta
|-boost|p2a: Zamazenta|def|2
|move|p1a: Pump It|Headlong Rush|p2a: Zamazenta
|-crit|p2a: Zamazenta
|-damage|p2a: Zamazenta|0 fnt
|-unboost|p1a: Pump It|def|1
|-unboost|p1a: Pump It|spd|1
|faint|p2a: Zamazenta
|
|upkeep
|
|t:|1769441819
|switch|p2a: Tyranitar|Tyranitar, F|100/100
|-damage|p2a: Tyranitar|88/100|[from] Stealth Rock
|-damage|p2a: Tyranitar|63/100|[from] Spikes
|-weather|Sandstorm|[from] ability: Sand Stream|[of] p2a: Tyranitar
|turn|12
|
|t:|1769441823
|move|p1a: Pump It|Headlong Rush|p2a: Tyranitar
|-supereffective|p2a: Tyranitar
|-damage|p2a: Tyranitar|0 fnt
|-unboost|p1a: Pump It|def|1
|-unboost|p1a: Pump It|spd|1
|faint|p2a: Tyranitar
|
|-weather|Sandstorm|[upkeep]
|upkeep
|inactive|I eat snorlax has 120 seconds left.
|inactive|I eat snorlax has 90 seconds left.
|
|t:|1769441897
|switch|p2a: Excadrill|Excadrill, F|91/100
|-damage|p2a: Excadrill|88/100|[from] Stealth Rock
|-damage|p2a: Excadrill|63/100|[from] Spikes
|turn|13
|
|t:|1769441901
|move|p2a: Excadrill|Rapid Spin|p1a: Pump It
|-damage|p1a: Pump It|0 fnt
|-boost|p2a: Excadrill|spe|1
|-sideend|p2: I eat snorlax|Spikes|[from] move: Rapid Spin|[of] p2a: Excadrill
|-sideend|p2: I eat snorlax|Stealth Rock|[from] move: Rapid Spin|[of] p2a: Excadrill
|faint|p1a: Pump It
|-end|p1a: Pump It|Protosynthesis|[silent]
|
|-weather|Sandstorm|[upkeep]
|upkeep
|
|t:|1769441906
|switch|p1a: Everytime We Touch|Samurott-Hisui, F|100/100
|turn|14
|
|t:|1769441911
|move|p2a: Excadrill|Iron Head|p1a: Everytime We Touch
|-resisted|p1a: Everytime We Touch
|-damage|p1a: Everytime We Touch|71/100
|move|p1a: Everytime We Touch|Sacred Sword|p2a: Excadrill
|-supereffective|p2a: Excadrill
|-damage|p2a: Excadrill|0 fnt
|faint|p2a: Excadrill
|
|-weather|Sandstorm|[upkeep]
|-damage|p1a: Everytime We Touch|65/100|[from] Sandstorm
|upkeep
|
|t:|1769441916
|switch|p2a: Slowking|Slowking-Galar, M|100/100
|turn|15
|
|t:|1769441923
|switch|p1a: Parasite|Dragapult, F|100/100
|move|p2a: Slowking|Sludge Bomb|p1a: Parasite
|-resisted|p1a: Parasite
|-damage|p1a: Parasite|67/100
|
|-weather|Sandstorm|[upkeep]
|-damage|p1a: Parasite|61/100|[from] Sandstorm
|-damage|p2a: Slowking|94/100|[from] Sandstorm
|upkeep
|turn|16
|inactive|I eat snorlax has 120 seconds left.
|
|t:|1769441933
|-terastallize|p1a: Parasite|Ghost
|move|p1a: Parasite|Sucker Punch|p2a: Slowking
|-supereffective|p2a: Slowking
|-damage|p2a: Slowking|22/100
|move|p2a: Slowking|Ice Beam|p1a: Parasite
|-damage|p1a: Parasite|16/100
|
|-weather|Sandstorm|[upkeep]
|-damage|p1a: Parasite|10/100|[from] Sandstorm
|-damage|p2a: Slowking|16/100|[from] Sandstorm
|upkeep
|turn|17
|inactive|I eat snorlax has 120 seconds left.
|-message|I eat snorlax forfeited.
|
|win|Laviii
|raw|Laviii's rating: 1080 &rarr; <strong>1109</strong><br />(+29 for winning)
|raw|I eat snorlax's rating: 1095 &rarr; <strong>1070</strong><br />(-25 for losing)
