|j|☆victory_sakik
|j|☆Jinghan Yu
|t:|1769442535
|gametype|singles
|player|p1|victory_sakik|170|1396
|player|p2|Jinghan Yu|nate|1348
|gen|9
|tier|[Gen 9] OU
|rated|
|rule|HP Percentage Mod: HP is shown in percentages
|rule|Endless Battle Clause: Forcing endless battles is banned
|rule|Species Clause: Limit one of each Pokémon
|rule|OHKO Clause: OHKO moves are banned
|rule|Evasion Items Clause: Evasion items are banned
|rule|Evasion Moves Clause: Evasion moves are banned
|rule|Evasion Abilities Clause: Evasion abilities are banned
|rule|Sleep Moves Clause: Sleep-inducing moves are banned
|clearpoke
|poke|p1|Flygon, M|
|poke|p1|Azelf|
|poke|p1|Goodra-Hisui, F|
|poke|p1|Braviary, M|
|poke|p1|Zamazenta-*|
|poke|p1|Primarina, F|
|poke|p2|Blastoise, M|
|poke|p2|Tyranitar, M|
|poke|p2|Garchomp, M|
|poke|p2|Dragonite, M|
|poke|p2|Gengar, M|
|poke|p2|Excadrill, M|
|teampreview
|
|t:|1769442552
|teamsize|p1|6
|teamsize|p2|6
|start
|switch|p1a: Azelf|Azelf|100/100
|switch|p2a: Mangus|Garchomp, M, shiny|100/100
|turn|1
|
|t:|1769442559
|move|p1a: Azelf|Stealth Rock|p2a: Mangus
|-sidestart|p2: Jinghan Yu|move: Stealth Rock
|move|p2a: Mangus|Swords Dance|p2a: Mangus
|-boost|p2a: Mangus|atk|2
|
|upkeep
|turn|2
|
|t:|1769442563
|move|p1a: Azelf|Explosion|p2a: Mangus
|-damage|p2a: Mangus|16/100
|faint|p1a: Azelf
|move|p2a: Mangus|Scale Shot|p1: Azelf|[notarget]
|-fail|p2a: Mangus
|
|upkeep
|
|t:|1769442569
|switch|p1a: Braviary|Braviary, M|100/100
|turn|3
|
|t:|1769442572
|move|p1a: Braviary|U-turn|p2a: Mangus
|-damage|p2a: Mangus|0 fnt
|-damage|p1a: Braviary|88/100|[from] ability: Rough Skin|[of] p2a: Mangus
|faint|p2a: Mangus
|
|t:|1769442578
|switch|p1a: Primarina|Primarina, F|100/100|[from] U-turn
|
|upkeep
|
|t:|1769442583
|switch|p2a: Timothy|Tyranitar, M|100/100
|-damage|p2a: Timothy|88/100|[from] Stealth Rock
|-weather|Sandstorm|[from] ability: Sand Stream|[of] p2a: Timothy
|turn|4
|inactive|Battle timer is ON: inactive players will automatically lose when time's up. (requested by Jinghan Yu)
|inactive|victory_sakik has 120 seconds left.
|
|t:|1769442676
|move|p2a: Timothy|Thunder Wave|p1a: Primarina
|-status|p1a: Primarina|par
|move|p1a: Primarina|Moonblast|p2a: Timothy
|-supereffective|p2a: Timothy
|-damage|p2a: Timothy|39/100
|-unboost|p2a: Timothy|spa|1
|
|-weather|Sandstorm|[upkeep]
|-damage|p1a: Primarina|94/100 par|[from] Sandstorm
|-heal|p1a: Primarina|100/100 par|[from] item: Leftovers
|upkeep
|turn|5
|
|t:|1769442682
|move|p2a: Timothy|Stone Edge|p1a: Primarina
|-damage|p1a: Primarina|40/100 par
|move|p1a: Primarina|Moonblast|p2a: Timothy
|-supereffective|p2a: Timothy
|-damage|p2a: Timothy|0 fnt
|faint|p2a: Timothy
|
|-weather|Sandstorm|[upkeep]
|-damage|p1a: Primarina|34/100 par|[from] Sandstorm
|-heal|p1a: Primarina|40/100 par|[from] item: Leftovers
|upkeep
|
|t:|1769442686
|switch|p2a: Emmett|Excadrill, M|100/100
|-damage|p2a: Emmett|97/100|[from] Stealth Rock
|-item|p2a: Emmett|Air Balloon
|turn|6
|
|t:|1769442689
|move|p2a: Emmett|Swords Dance|p2a: Emmett
|-boost|p2a: Emmett|atk|2
|move|p1a: Primarina|Surf|p2a: Emmett
|-supereffective|p2a: Emmett
|-damage|p2a: Emmett|0 fnt
|-enditem|p2a: Emmett|Air Balloon
|faint|p2a: Emmett
|
|-weather|Sandstorm|[upkeep]
|-damage|p1a: Primarina|34/100 par|[from] Sandstorm
|-heal|p1a: Primarina|40/100 par|[from] item: Leftovers
|upkeep
|
|t:|1769442695
|switch|p2a: Blaine|Blastoise, M|100/100
|-damage|p2a: Blaine|88/100|[from] Stealth Rock
|turn|7
|
|t:|1769442699
|move|p2a: Blaine|Shell Smash|p2a: Blaine
|-unboost|p2a: Blaine|def|1
|-unboost|p2a: Blaine|spd|1
|-boost|p2a: Blaine|atk|2
|-boost|p2a: Blaine|spa|2
|-boost|p2a: Blaine|spe|2
|-enditem|p2a: Blaine|White Herb
|-clearnegativeboost|p2a: Blaine|[silent]
|move|p1a: Primarina|Encore|p2a: Blaine
|-start|p2a: Blaine|Encore
|
|-weather|Sandstorm|[upkeep]
|-damage|p2a: Blaine|82/100|[from] Sandstorm
|-damage|p1a: Primarina|34/100 par|[from] Sandstorm
|-heal|p1a: Primarina|40/100 par|[from] item: Leftovers
|upkeep
|turn|8
|
|t:|1769442709
|switch|p1a: Zamazenta|Zamazenta|100/100
|-ability|p1a: Zamazenta|Dauntless Shield|boost
|-boost|p1a: Zamazenta|def|1
|move|p2a: Blaine|Shell Smash|p2a: Blaine
|-unboost|p2a: Blaine|def|1
|-unboost|p2a: Blaine|spd|1
|-boost|p2a: Blaine|atk|2
|-boost|p2a: Blaine|spa|2
|-boost|p2a: Blaine|spe|2
|
|-weather|Sandstorm|[upkeep]
|-damage|p2a: Blaine|76/100|[from] Sandstorm
|-damage|p1a: Zamazenta|94/100|[from] Sandstorm
|upkeep
|turn|9
|
|t:|1769442714
|move|p2a: Blaine|Shell Smash|p2a: Blaine
|-unboost|p2a: Blaine|def|1
|-unboost|p2a: Blaine|spd|1
|-boost|p2a: Blaine|atk|2
|-boost|p2a: Blaine|spa|2
|-boost|p2a: Blaine|spe|2
|move|p1a: Zamazenta|Close Combat|p2a: Blaine
|-damage|p2a: Blaine|0 fnt
|-unboost|p1a: Zamazenta|def|1
|-unboost|p1a: Zamazenta|spd|1
|faint|p2a: Blaine
|
|-weather|Sandstorm|[upkeep]
|-damage|p1a: Zamazenta|88/100|[from] Sandstorm
|upkeep
|
|t:|1769442722
|switch|p2a: Flygem|Dragonite, M, shiny|100/100
|turn|10
|inactive|victory_sakik has 120 seconds left.
|
|t:|1769442777
|move|p1a: Zamazenta|Close Combat|p2a: Flygem
|-resisted|p2a: Flygem
|-damage|p2a: Flygem|78/100
|-unboost|p1a: Zamazenta|def|1
|-unboost|p1a: Zamazenta|spd|1
|move|p2a: Flygem|Dragon Dance|p2a: Flygem
|-boost|p2a: Flygem|atk|1
|-boost|p2a: Flygem|spe|1
|
|-weather|Sandstorm|[upkeep]
|-damage|p1a: Zamazenta|82/100|[from] Sandstorm
|-damage|p2a: Flygem|72/100|[from] Sandstorm
|upkeep
|turn|11
|
|t:|1769442784
|switch|p1a: Primarina|Primarina, F|40/100 par
|move|p2a: Flygem|Dragon Dance|p2a: Flygem
|-boost|p2a: Flygem|atk|1
|-boost|p2a: Flygem|spe|1
|
|-weather|none
|-heal|p1a: Primarina|46/100 par|[from] item: Leftovers
|upkeep
|turn|12
|
|t:|1769442790
|-terastallize|p2a: Flygem|Normal
|move|p2a: Flygem|Extreme Speed|p1a: Primarina
|-damage|p1a: Primarina|0 fnt
|faint|p1a: Primarina
|
|upkeep
|
|t:|1769442793
|switch|p1a: Zamazenta|Zamazenta|82/100
|turn|13
|
|t:|1769442796
|move|p2a: Flygem|Extreme Speed|p1a: Zamazenta
|-damage|p1a: Zamazenta|2/100
|move|p1a: Zamazenta|Close Combat|p2a: Flygem
|-supereffective|p2a: Flygem
|-damage|p2a: Flygem|0 fnt
|-unboost|p1a: Zamazenta|def|1
|-unboost|p1a: Zamazenta|spd|1
|faint|p2a: Flygem
|
|upkeep
|
|t:|1769442803
|switch|p2a: Nasim|Gengar, M|100/100
|-damage|p2a: Nasim|88/100|[from] Stealth Rock
|turn|14
|inactive|victory_sakik has 120 seconds left.
|
|t:|1769442833
|switch|p1a: Braviary|Braviary, M|88/100
|move|p2a: Nasim|Nasty Plot|p2a: Nasim
|-boost|p2a: Nasim|spa|2
|
|upkeep
|turn|15
|c|☆victory_sakik|gg
|
|t:|1769442838
|move|p1a: Braviary|Brave Bird|p2a: Nasim
|-damage|p2a: Nasim|0 fnt
|faint|p2a: Nasim
|-damage|p1a: Braviary|66/100|[from] Recoil
|
|win|victory_sakik
|raw|victory_sakik's rating: 1396 &rarr; <strong>1413</strong><br />(+17 for winning)
|raw|Jinghan Yu's rating: 1348 &rarr; <strong>1331</strong><br />(-17 for losing)
|l|☆Jinghan Yu
|player|p2|
|l|☆victory_sakik
|player|p1|
