|j|☆kfkzzl
|j|☆MugiwaraNoNika
|t:|1769324034
|gametype|singles
|player|p1|kfkzzl|265|1458
|player|p2|MugiwaraNoNika|2|1557
|gen|9
|tier|[Gen 9] OU
|rated|
|rule|HP Percentage Mod: HP is shown in percentages
|rule|Endless Battle Clause: Forcing endless battles is banned
|rule|Species Clause: Limit one of each Pokémon
|rule|OHKO Clause: OHKO moves are banned
|rule|Evasion Items Clause: Evasion items are banned
|rule|Evasion Moves Clause: Evasion moves are banned
|rule|Evasion Abilities Clause: Evasion abilities are banned
|rule|Sleep Moves Clause: Sleep-inducing moves are banned
|clearpoke
|poke|p1|Sandy Shocks|
|poke|p1|Scizor, F|
|poke|p1|Manaphy|
|poke|p1|Latios, M|
|poke|p1|Ogerpon, F|
|poke|p1|Iron Jugulis|
|poke|p2|Cinderace, F|
|poke|p2|Landorus-Therian, M|
|poke|p2|Gholdengo|
|poke|p2|Clefable, F|
|poke|p2|Mimikyu, F|
|poke|p2|Toxapex, F|
|teampreview
|inactive|Battle timer is ON: inactive players will automatically lose when time's up. (requested by kfkzzl)
|
|t:|1769324042
|teamsize|p1|6
|teamsize|p2|6
|start
|switch|p1a: Sandy Shocks|Sandy Shocks|100/100
|switch|p2a: Clefable|Clefable, F|100/100
|-enditem|p1a: Sandy Shocks|Booster Energy
|-activate|p1a: Sandy Shocks|ability: Protosynthesis|[fromitem]
|-start|p1a: Sandy Shocks|protosynthesisspe
|turn|1
|
|t:|1769324052
|move|p1a: Sandy Shocks|Earth Power|p2a: Clefable
|-damage|p2a: Clefable|58/100
|-unboost|p2a: Clefable|spd|1
|move|p2a: Clefable|Ice Beam|p1a: Sandy Shocks
|-supereffective|p1a: Sandy Shocks
|-damage|p1a: Sandy Shocks|19/100
|
|upkeep
|turn|2
|
|t:|1769324060
|switch|p2a: Landorus|Landorus-Therian, M|100/100
|-ability|p2a: Landorus|Intimidate|boost
|-unboost|p1a: Sandy Shocks|atk|1
|move|p1a: Sandy Shocks|Earth Power|p2a: Landorus
|-immune|p2a: Landorus
|
|upkeep
|turn|3
|
|t:|1769324069
|switch|p2a: Cinderace|Cinderace, F|100/100
|move|p1a: Sandy Shocks|Stealth Rock|p2a: Cinderace
|-sidestart|p2: MugiwaraNoNika|move: Stealth Rock
|
|upkeep
|turn|4
|
|t:|1769324075
|move|p2a: Cinderace|Sucker Punch|p1a: Sandy Shocks
|-start|p2a: Cinderace|typechange|Dark|[from] ability: Libero
|-damage|p1a: Sandy Shocks|0 fnt
|faint|p1a: Sandy Shocks
|-end|p1a: Sandy Shocks|Protosynthesis|[silent]
|
|upkeep
|
|t:|1769324086
|switch|p1a: Latios|Latios, M|100/100
|turn|5
|
|t:|1769324089
|move|p2a: Cinderace|U-turn|p1a: Latios
|-supereffective|p1a: Latios
|-damage|p1a: Latios|57/100
|-enditem|p1a: Latios|Weakness Policy
|-boost|p1a: Latios|atk|2|[from] item: Weakness Policy
|-boost|p1a: Latios|spa|2|[from] item: Weakness Policy
|
|t:|1769324102
|switch|p2a: Gholdengo|Gholdengo|100/100|[from] U-turn
|-damage|p2a: Gholdengo|94/100|[from] Stealth Rock
|move|p1a: Latios|Agility|p1a: Latios
|-boost|p1a: Latios|spe|2
|
|upkeep
|turn|6
|
|t:|1769324123
|move|p1a: Latios|Stored Power|p2a: Gholdengo
|-resisted|p2a: Gholdengo
|-damage|p2a: Gholdengo|22/100
|move|p2a: Gholdengo|Shadow Ball|p1a: Latios
|-supereffective|p1a: Latios
|-damage|p1a: Latios|0 fnt
|faint|p1a: Latios
|
|upkeep
|
|t:|1769324132
|switch|p1a: Manaphy|Manaphy|100/100
|turn|7
|
|t:|1769324136
|switch|p2a: Clefable|Clefable, F|58/100
|move|p1a: Manaphy|Tail Glow|p1a: Manaphy
|-boost|p1a: Manaphy|spa|3
|
|upkeep
|turn|8
|
|t:|1769324141
|move|p1a: Manaphy|Surf|p2a: Clefable
|-damage|p2a: Clefable|0 fnt
|faint|p2a: Clefable
|
|upkeep
|
|t:|1769324145
|switch|p2a: Gholdengo|Gholdengo|22/100
|-damage|p2a: Gholdengo|16/100|[from] Stealth Rock
|turn|9
|
|t:|1769324149
|move|p2a: Gholdengo|Trick|p1a: Manaphy
|-activate|p2a: Gholdengo|move: Trick|[of] p1a: Manaphy
|-item|p1a: Manaphy|Choice Scarf|[from] move: Trick
|-item|p2a: Gholdengo|Sitrus Berry|[from] move: Trick
|-enditem|p2a: Gholdengo|Sitrus Berry|[eat]
|-heal|p2a: Gholdengo|40/100|[from] item: Sitrus Berry
|move|p1a: Manaphy|Surf|p2a: Gholdengo
|-damage|p2a: Gholdengo|0 fnt
|faint|p2a: Gholdengo
|
|upkeep
|
|t:|1769324158
|switch|p2a: Toxapex|Toxapex, F|100/100
|-damage|p2a: Toxapex|88/100|[from] Stealth Rock
|turn|10
|
|t:|1769324170
|switch|p1a: Scizor|Scizor, F|100/100
|move|p2a: Toxapex|Toxic|p1a: Scizor
|-immune|p1a: Scizor
|
|-heal|p2a: Toxapex|94/100|[from] item: Leftovers
|upkeep
|turn|11
|
|t:|1769324179
|switch|p2a: Landorus|Landorus-Therian, M|100/100
|-damage|p2a: Landorus|88/100|[from] Stealth Rock
|-ability|p2a: Landorus|Intimidate|boost
|-unboost|p1a: Scizor|atk|1
|move|p1a: Scizor|Swords Dance|p1a: Scizor
|-boost|p1a: Scizor|atk|2
|
|-heal|p2a: Landorus|94/100|[from] item: Leftovers
|upkeep
|turn|12
|
|t:|1769324187
|move|p2a: Landorus|Earthquake|p1a: Scizor
|-damage|p1a: Scizor|53/100
|move|p1a: Scizor|Knock Off|p2a: Landorus
|-damage|p2a: Landorus|43/100
|-enditem|p2a: Landorus|Leftovers|[from] move: Knock Off|[of] p1a: Scizor
|
|upkeep
|turn|13
|
|t:|1769324208
|switch|p2a: Cinderace|Cinderace, F|100/100
|move|p1a: Scizor|Bullet Punch|p2a: Cinderace
|-resisted|p2a: Cinderace
|-damage|p2a: Cinderace|67/100
|
|upkeep
|turn|14
|
|t:|1769324215
|-terastallize|p1a: Scizor|Fire
|move|p2a: Cinderace|Pyro Ball|p1a: Scizor|[miss]
|-miss|p2a: Cinderace|p1a: Scizor
|move|p1a: Scizor|Knock Off|p2a: Cinderace
|-damage|p2a: Cinderace|0 fnt
|-enditem|p2a: Cinderace|Heavy-Duty Boots|[from] move: Knock Off|[of] p1a: Scizor
|faint|p2a: Cinderace
|
|upkeep
|
|t:|1769324230
|switch|p2a: Landorus|Landorus-Therian, M|43/100
|-damage|p2a: Landorus|30/100|[from] Stealth Rock
|-ability|p2a: Landorus|Intimidate|boost
|-unboost|p1a: Scizor|atk|1
|turn|15
|
|t:|1769324237
|switch|p2a: Toxapex|Toxapex, F|100/100
|-damage|p2a: Toxapex|88/100|[from] Stealth Rock
|move|p1a: Scizor|Bullet Punch|p2a: Toxapex
|-resisted|p2a: Toxapex
|-damage|p2a: Toxapex|74/100
|
|-heal|p2a: Toxapex|80/100|[from] item: Leftovers
|upkeep
|turn|16
|
|t:|1769324247
|move|p1a: Scizor|Swords Dance|p1a: Scizor
|-boost|p1a: Scizor|atk|2
|move|p2a: Toxapex|Surf|p1a: Scizor
|-supereffective|p1a: Scizor
|-damage|p1a: Scizor|7/100
|-enditem|p1a: Scizor|Sitrus Berry|[eat]
|-heal|p1a: Scizor|32/100|[from] item: Sitrus Berry
|
|-heal|p2a: Toxapex|86/100|[from] item: Leftovers
|upkeep
|turn|17
|
|t:|1769324256
|move|p2a: Toxapex|Baneful Bunker|p2a: Toxapex
|-singleturn|p2a: Toxapex|move: Protect
|move|p1a: Scizor|Knock Off|p2a: Toxapex
|-activate|p2a: Toxapex|move: Protect
|-status|p1a: Scizor|psn
|
|-heal|p2a: Toxapex|93/100|[from] item: Leftovers
|-damage|p1a: Scizor|20/100 psn|[from] psn
|upkeep
|turn|18
|
|t:|1769324265
|switch|p2a: Landorus|Landorus-Therian, M|30/100
|-damage|p2a: Landorus|18/100|[from] Stealth Rock
|-ability|p2a: Landorus|Intimidate|boost
|-unboost|p1a: Scizor|atk|1
|move|p1a: Scizor|Knock Off|p2a: Landorus
|-damage|p2a: Landorus|0 fnt
|faint|p2a: Landorus
|
|-damage|p1a: Scizor|8/100 psn|[from] psn
|upkeep
|
|t:|1769324277
|switch|p2a: Toxapex|Toxapex, F|100/100
|-damage|p2a: Toxapex|88/100|[from] Stealth Rock
|turn|19
|
|t:|1769324281
|move|p2a: Toxapex|Baneful Bunker|p2a: Toxapex
|-singleturn|p2a: Toxapex|move: Protect
|move|p1a: Scizor|Knock Off|p2a: Toxapex
|-activate|p2a: Toxapex|move: Protect
|
|-heal|p2a: Toxapex|94/100|[from] item: Leftovers
|-damage|p1a: Scizor|0 fnt|[from] psn
|faint|p1a: Scizor
|upkeep
|
|t:|1769324287
|switch|p1a: Ogerpon|Ogerpon, F|100/100
|turn|20
|
|t:|1769324296
|move|p1a: Ogerpon|Swords Dance|p1a: Ogerpon
|-boost|p1a: Ogerpon|atk|2
|move|p2a: Toxapex|Toxic|p1a: Ogerpon
|-status|p1a: Ogerpon|tox
|
|-heal|p2a: Toxapex|100/100|[from] item: Leftovers
|-damage|p1a: Ogerpon|95/100 tox|[from] psn
|upkeep
|turn|21
|
|t:|1769324303
|move|p2a: Toxapex|Baneful Bunker|p2a: Toxapex
|-singleturn|p2a: Toxapex|move: Protect
|move|p1a: Ogerpon|Ivy Cudgel|p2a: Toxapex
|-activate|p2a: Toxapex|move: Protect
|
|-damage|p1a: Ogerpon|83/100 tox|[from] psn
|upkeep
|turn|22
|
|t:|1769324313
|switch|p2a: Mimikyu|Mimikyu, F|100/100
|-damage|p2a: Mimikyu|88/100|[from] Stealth Rock
|move|p1a: Ogerpon|Ivy Cudgel|p2a: Mimikyu
|-activate|p2a: Mimikyu|ability: Disguise
|-damage|p2a: Mimikyu|88/100
|detailschange|p2a: Mimikyu|Mimikyu-Busted, F
|-damage|p2a: Mimikyu|76/100|[from] pokemon: Mimikyu-Busted
|-damage|p1a: Ogerpon|73/100 tox|[from] item: Life Orb
|
|-damage|p1a: Ogerpon|55/100 tox|[from] psn
|upkeep
|turn|23
|
|t:|1769324325
|move|p2a: Mimikyu|Shadow Sneak|p1a: Ogerpon
|-damage|p1a: Ogerpon|26/100 tox
|-damage|p2a: Mimikyu|66/100|[from] item: Life Orb
|move|p1a: Ogerpon|Ivy Cudgel|p2a: Mimikyu
|-damage|p2a: Mimikyu|0 fnt
|faint|p2a: Mimikyu
|-damage|p1a: Ogerpon|16/100 tox|[from] item: Life Orb
|
|-damage|p1a: Ogerpon|0 fnt|[from] psn
|faint|p1a: Ogerpon
|upkeep
|
|t:|1769324343
|switch|p1a: Iron Jugulis|Iron Jugulis|100/100
|switch|p2a: Toxapex|Toxapex, F|100/100
|-damage|p2a: Toxapex|88/100|[from] Stealth Rock
|-enditem|p1a: Iron Jugulis|Booster Energy
|-activate|p1a: Iron Jugulis|ability: Quark Drive|[fromitem]
|-start|p1a: Iron Jugulis|quarkdrivespe
|turn|24
|
|t:|1769324354
|move|p1a: Iron Jugulis|Taunt|p2a: Toxapex
|-start|p2a: Toxapex|move: Taunt
|cant|p2a: Toxapex|move: Taunt|Toxic
|
|-heal|p2a: Toxapex|94/100|[from] item: Leftovers
|upkeep
|turn|25
|
|t:|1769324359
|move|p1a: Iron Jugulis|Earth Power|p2a: Toxapex
|-supereffective|p2a: Toxapex
|-damage|p2a: Toxapex|57/100
|move|p2a: Toxapex|Surf|p1a: Iron Jugulis
|-damage|p1a: Iron Jugulis|77/100
|
|-heal|p2a: Toxapex|64/100|[from] item: Leftovers
|upkeep
|turn|26
|
|t:|1769324367
|-terastallize|p2a: Toxapex|Grass
|move|p1a: Iron Jugulis|Earth Power|p2a: Toxapex
|-resisted|p2a: Toxapex
|-damage|p2a: Toxapex|54/100
|move|p2a: Toxapex|Surf|p1a: Iron Jugulis
|-crit|p1a: Iron Jugulis
|-damage|p1a: Iron Jugulis|39/100
|
|-heal|p2a: Toxapex|60/100|[from] item: Leftovers
|-end|p2a: Toxapex|move: Taunt
|upkeep
|turn|27
|
|t:|1769324379
|move|p2a: Toxapex|Baneful Bunker|p2a: Toxapex
|-singleturn|p2a: Toxapex|move: Protect
|move|p1a: Iron Jugulis|Hurricane|p2a: Toxapex
|-activate|p2a: Toxapex|move: Protect
|
|-heal|p2a: Toxapex|66/100|[from] item: Leftovers
|upkeep
|turn|28
|
|t:|1769324386
|move|p1a: Iron Jugulis|Hurricane|p2a: Toxapex
|-supereffective|p2a: Toxapex
|-damage|p2a: Toxapex|0 fnt
|faint|p2a: Toxapex
|
|win|kfkzzl
|raw|kfkzzl's rating: 1458 &rarr; <strong>1484</strong><br />(+26 for winning)
|raw|MugiwaraNoNika's rating: 1557 &rarr; <strong>1531</strong><br />(-26 for losing)
|l|☆MugiwaraNoNika
|player|p2|
|l|☆kfkzzl
|player|p1|
