|j|☆beetyboy64
|j|☆rex23565
|t:|1769365364
|gametype|singles
|player|p1|beetyboy64|mars|1018
|player|p2|rex23565|2|1000
|gen|9
|tier|[Gen 9] OU
|rated|
|rule|HP Percentage Mod: HP is shown in percentages
|rule|Endless Battle Clause: Forcing endless battles is banned
|rule|Species Clause: Limit one of each Pokémon
|rule|OHKO Clause: OHKO moves are banned
|rule|Evasion Items Clause: Evasion items are banned
|rule|Evasion Moves Clause: Evasion moves are banned
|rule|Evasion Abilities Clause: Evasion abilities are banned
|rule|Sleep Moves Clause: Sleep-inducing moves are banned
|clearpoke
|poke|p1|Dragapult, F|
|poke|p1|Tornadus-Therian, M|
|poke|p1|Iron Valiant|
|poke|p1|Gholdengo|
|poke|p1|Cinderace, F|
|poke|p1|Meowscarada, M|
|poke|p2|Moltres|
|poke|p2|Zamazenta-*|
|poke|p2|Corviknight, M|
|poke|p2|Heatran, M|
|poke|p2|Landorus-Therian, M|
|poke|p2|Dragonite, F|
|teampreview
|inactive|Battle timer is ON: inactive players will automatically lose when time's up. (requested by beetyboy64)
|
|t:|1769365382
|teamsize|p1|6
|teamsize|p2|6
|start
|switch|p1a: Tornadus|Tornadus-Therian, M|100/100
|switch|p2a: Moltres|Moltres|100/100
|turn|1
|
|t:|1769365391
|move|p1a: Tornadus|Knock Off|p2a: Moltres
|-damage|p2a: Moltres|79/100
|-damage|p1a: Tornadus|84/100|[from] item: Rocky Helmet|[of] p2a: Moltres
|-status|p1a: Tornadus|brn|[from] ability: Flame Body|[of] p2a: Moltres
|-enditem|p2a: Moltres|Rocky Helmet|[from] move: Knock Off|[of] p1a: Tornadus
|move|p2a: Moltres|Ancient Power|p1a: Tornadus
|-supereffective|p1a: Tornadus
|-damage|p1a: Tornadus|40/100 brn
|
|-damage|p1a: Tornadus|34/100 brn|[from] brn
|upkeep
|turn|2
|
|t:|1769365412
|switch|p1a: Gholdengo|Gholdengo|100/100
|move|p2a: Moltres|Acrobatics|p1a: Gholdengo
|-resisted|p1a: Gholdengo
|-damage|p1a: Gholdengo|77/100
|
|upkeep
|turn|3
|
|t:|1769365423
|move|p1a: Gholdengo|Shadow Ball|p2a: Moltres
|-damage|p2a: Moltres|33/100
|move|p2a: Moltres|Flamethrower|p1a: Gholdengo
|-supereffective|p1a: Gholdengo
|-damage|p1a: Gholdengo|0 fnt
|faint|p1a: Gholdengo
|
|upkeep
|
|t:|1769365431
|switch|p1a: Cinderace|Cinderace, F|100/100
|turn|4
|
|t:|1769365435
|move|p1a: Cinderace|Pyro Ball|p2a: Moltres
|-resisted|p2a: Moltres
|-damage|p2a: Moltres|1/100
|move|p2a: Moltres|Ancient Power|p1a: Cinderace
|-supereffective|p1a: Cinderace
|-damage|p1a: Cinderace|45/100
|
|upkeep
|turn|5
|
|t:|1769365444
|move|p1a: Cinderace|Pyro Ball|p2a: Moltres
|-resisted|p2a: Moltres
|-damage|p2a: Moltres|0 fnt
|faint|p2a: Moltres
|
|upkeep
|
|t:|1769365451
|switch|p2a: Heatran|Heatran, M|100/100
|turn|6
|
|t:|1769365456
|move|p1a: Cinderace|High Jump Kick|p2a: Heatran
|-start|p1a: Cinderace|typechange|Fighting|[from] ability: Libero
|-supereffective|p2a: Heatran
|-damage|p2a: Heatran|0 fnt
|-status|p1a: Cinderace|brn|[from] ability: Flame Body|[of] p2a: Heatran
|faint|p2a: Heatran
|
|-damage|p1a: Cinderace|39/100 brn|[from] brn
|upkeep
|
|t:|1769365467
|switch|p2a: Corviknight|Corviknight, M|100/100
|turn|7
|
|t:|1769365471
|move|p1a: Cinderace|High Jump Kick|p2a: Corviknight
|-damage|p2a: Corviknight|76/100
|move|p2a: Corviknight|Air Slash|p1a: Cinderace
|-supereffective|p1a: Cinderace
|-damage|p1a: Cinderace|0 fnt
|faint|p1a: Cinderace
|
|-heal|p2a: Corviknight|82/100|[from] item: Leftovers
|upkeep
|
|t:|1769365482
|switch|p1a: Meowscarada|Meowscarada, M|100/100
|turn|8
|
|t:|1769365487
|move|p1a: Meowscarada|Trick|p2a: Corviknight
|-start|p1a: Meowscarada|typechange|Psychic|[from] ability: Protean
|-activate|p1a: Meowscarada|move: Trick|[of] p2a: Corviknight
|-item|p2a: Corviknight|Choice Band|[from] move: Trick
|-item|p1a: Meowscarada|Leftovers|[from] move: Trick
|move|p2a: Corviknight|Body Press|p1a: Meowscarada
|-resisted|p1a: Meowscarada
|-damage|p1a: Meowscarada|76/100
|
|-heal|p1a: Meowscarada|82/100|[from] item: Leftovers
|upkeep
|turn|9
|
|t:|1769365500
|move|p1a: Meowscarada|Flower Trick|p2a: Corviknight
|-resisted|p2a: Corviknight
|-crit|p2a: Corviknight
|-damage|p2a: Corviknight|75/100
|move|p2a: Corviknight|Body Press|p1a: Meowscarada
|-resisted|p1a: Meowscarada
|-damage|p1a: Meowscarada|57/100
|
|-heal|p1a: Meowscarada|63/100|[from] item: Leftovers
|upkeep
|turn|10
|
|t:|1769365512
|move|p1a: Meowscarada|U-turn|p2a: Corviknight
|-resisted|p2a: Corviknight
|-damage|p2a: Corviknight|71/100
|
|t:|1769365517
|switch|p1a: Iron Valiant|Iron Valiant|100/100|[from] U-turn
|-enditem|p1a: Iron Valiant|Booster Energy
|-activate|p1a: Iron Valiant|ability: Quark Drive|[fromitem]
|-start|p1a: Iron Valiant|quarkdrivespe
|move|p2a: Corviknight|Body Press|p1a: Iron Valiant
|-resisted|p1a: Iron Valiant
|-damage|p1a: Iron Valiant|80/100
|
|upkeep
|turn|11
|
|t:|1769365531
|switch|p2a: Landorus|Landorus-Therian, M|100/100
|-ability|p2a: Landorus|Intimidate|boost
|-unboost|p1a: Iron Valiant|atk|1
|move|p1a: Iron Valiant|Thunderbolt|p2a: Landorus
|-immune|p2a: Landorus
|
|upkeep
|turn|12
|
|t:|1769365540
|move|p1a: Iron Valiant|Substitute|p1a: Iron Valiant
|-start|p1a: Iron Valiant|Substitute
|-damage|p1a: Iron Valiant|55/100
|move|p2a: Landorus|Earthquake|p1a: Iron Valiant
|-end|p1a: Iron Valiant|Substitute
|
|upkeep
|turn|13
|
|t:|1769365549
|move|p1a: Iron Valiant|Moonblast|p2a: Landorus
|-damage|p2a: Landorus|41/100
|move|p2a: Landorus|Crunch|p1a: Iron Valiant
|-resisted|p1a: Iron Valiant
|-damage|p1a: Iron Valiant|45/100
|
|-heal|p2a: Landorus|47/100|[from] item: Leftovers
|upkeep
|turn|14
|
|t:|1769365558
|move|p1a: Iron Valiant|Moonblast|p2a: Landorus
|-damage|p2a: Landorus|0 fnt
|faint|p2a: Landorus
|
|upkeep
|
|t:|1769365563
|switch|p2a: Corviknight|Corviknight, M|71/100
|turn|15
|
|t:|1769365568
|-end|p1a: Iron Valiant|Quark Drive|[silent]
|switch|p1a: Dragapult|Dragapult, F|100/100
|move|p2a: Corviknight|Air Slash|p1a: Dragapult
|-damage|p1a: Dragapult|79/100
|
|upkeep
|turn|16
|
|t:|1769365575
|move|p1a: Dragapult|Draco Meteor|p2a: Corviknight
|-resisted|p2a: Corviknight
|-damage|p2a: Corviknight|27/100
|-unboost|p1a: Dragapult|spa|2
|move|p2a: Corviknight|Air Slash|p1a: Dragapult
|-damage|p1a: Dragapult|60/100
|
|upkeep
|turn|17
|
|t:|1769365583
|move|p1a: Dragapult|Draco Meteor|p2a: Corviknight
|-resisted|p2a: Corviknight
|-damage|p2a: Corviknight|5/100
|-unboost|p1a: Dragapult|spa|2
|move|p2a: Corviknight|Air Slash|p1a: Dragapult
|-damage|p1a: Dragapult|38/100
|
|upkeep
|turn|18
|
|t:|1769365593
|switch|p1a: Meowscarada|Meowscarada, M|63/100
|move|p2a: Corviknight|Air Slash|p1a: Meowscarada
|-supereffective|p1a: Meowscarada
|-damage|p1a: Meowscarada|10/100
|
|-heal|p1a: Meowscarada|16/100|[from] item: Leftovers
|upkeep
|turn|19
|
|t:|1769365602
|move|p1a: Meowscarada|Knock Off|p2a: Corviknight
|-start|p1a: Meowscarada|typechange|Dark|[from] ability: Protean
|-damage|p2a: Corviknight|0 fnt
|-enditem|p2a: Corviknight|Choice Band|[from] move: Knock Off|[of] p1a: Meowscarada
|faint|p2a: Corviknight
|
|-heal|p1a: Meowscarada|22/100|[from] item: Leftovers
|upkeep
|
|t:|1769365612
|switch|p2a: Dragonite|Dragonite, F|100/100
|turn|20
|
|t:|1769365619
|move|p1a: Meowscarada|U-turn|p2a: Dragonite
|-resisted|p2a: Dragonite
|-damage|p2a: Dragonite|91/100
|
|t:|1769365626
|switch|p1a: Dragapult|Dragapult, F|38/100|[from] U-turn
|move|p2a: Dragonite|Aqua Tail|p1a: Dragapult
|-resisted|p1a: Dragapult
|-damage|p1a: Dragapult|18/100
|
|upkeep
|turn|21
|
|t:|1769365634
|move|p2a: Dragonite|Protect|p2a: Dragonite
|-singleturn|p2a: Dragonite|Protect
|move|p1a: Dragapult|Draco Meteor|p2a: Dragonite
|-activate|p2a: Dragonite|move: Protect
|
|upkeep
|turn|22
|
|t:|1769365641
|move|p1a: Dragapult|Draco Meteor|p2a: Dragonite
|-supereffective|p2a: Dragonite
|-crit|p2a: Dragonite
|-damage|p2a: Dragonite|0 fnt
|-unboost|p1a: Dragapult|spa|2
|faint|p2a: Dragonite
|
|upkeep
|
|t:|1769365648
|switch|p2a: Zamazenta|Zamazenta|100/100
|-ability|p2a: Zamazenta|Dauntless Shield|boost
|-boost|p2a: Zamazenta|def|1
|turn|23
|c|☆beetyboy64|mods, use draco meteor
|
|t:|1769365673
|move|p1a: Dragapult|Draco Meteor|p2a: Zamazenta
|-damage|p2a: Zamazenta|64/100
|-unboost|p1a: Dragapult|spa|2
|move|p2a: Zamazenta|Crunch|p1a: Dragapult
|-supereffective|p1a: Dragapult
|-damage|p1a: Dragapult|0 fnt
|faint|p1a: Dragapult
|
|-heal|p2a: Zamazenta|70/100|[from] item: Leftovers
|upkeep
|
|t:|1769365682
|switch|p1a: Iron Valiant|Iron Valiant|45/100
|turn|24
|
|t:|1769365696
|move|p1a: Iron Valiant|Thunderbolt|p2a: Zamazenta
|-damage|p2a: Zamazenta|47/100
|move|p2a: Zamazenta|Close Combat|p1a: Iron Valiant
|-resisted|p1a: Iron Valiant
|-damage|p1a: Iron Valiant|9/100
|-unboost|p2a: Zamazenta|def|1
|-unboost|p2a: Zamazenta|spd|1
|
|-heal|p2a: Zamazenta|53/100|[from] item: Leftovers
|upkeep
|turn|25
|
|t:|1769365707
|move|p1a: Iron Valiant|Moonblast|p2a: Zamazenta
|-supereffective|p2a: Zamazenta
|-damage|p2a: Zamazenta|0 fnt
|faint|p2a: Zamazenta
|
|win|beetyboy64
|raw|beetyboy64's rating: 1018 &rarr; <strong>1053</strong><br />(+35 for winning)
|raw|rex23565's rating: 1000 &rarr; <strong>1000</strong><br />(+0 for losing)
|l|☆rex23565
|player|p2|
