|j|☆DennisGamer4th
|j|☆kachow18
|t:|1769363303
|gametype|singles
|player|p1|DennisGamer4th|101|1022
|player|p2|kachow18|ethan|1001
|gen|9
|tier|[Gen 9] OU
|rated|
|rule|HP Percentage Mod: HP is shown in percentages
|rule|Endless Battle Clause: Forcing endless battles is banned
|rule|Species Clause: Limit one of each Pokémon
|rule|OHKO Clause: OHKO moves are banned
|rule|Evasion Items Clause: Evasion items are banned
|rule|Evasion Moves Clause: Evasion moves are banned
|rule|Evasion Abilities Clause: Evasion abilities are banned
|rule|Sleep Moves Clause: Sleep-inducing moves are banned
|clearpoke
|poke|p1|Slowking, F|
|poke|p1|Kyurem|
|poke|p1|Hydrapple, M|
|poke|p1|Great Tusk|
|poke|p1|Cinderace, F|
|poke|p1|Tinkaton, F|
|poke|p2|Dragapult, F|
|poke|p2|Reuniclus, M|
|poke|p2|Gastrodon, F|
|poke|p2|Typhlosion, M|
|poke|p2|Jirachi|
|poke|p2|Appletun, M|
|teampreview
|
|t:|1769363319
|teamsize|p1|6
|teamsize|p2|6
|start
|switch|p1a: Tinkaton|Tinkaton, F|100/100
|switch|p2a: Gastrodon|Gastrodon, F|100/100
|-item|p1a: Tinkaton|Air Balloon
|turn|1
|
|t:|1769363338
|move|p1a: Tinkaton|Stealth Rock|p2a: Gastrodon
|-sidestart|p2: kachow18|move: Stealth Rock
|move|p2a: Gastrodon|Stealth Rock|p1a: Tinkaton
|-sidestart|p1: DennisGamer4th|move: Stealth Rock
|
|upkeep
|turn|2
|
|t:|1769363346
|move|p1a: Tinkaton|Knock Off|p2a: Gastrodon
|-damage|p2a: Gastrodon|85/100
|-enditem|p2a: Gastrodon|Life Orb|[from] move: Knock Off|[of] p1a: Tinkaton
|move|p2a: Gastrodon|Earth Power|p1a: Tinkaton
|-immune|p1a: Tinkaton
|
|upkeep
|turn|3
|
|t:|1769363365
|switch|p1a: Slowking|Slowking, F|100/100
|-terastallize|p2a: Gastrodon|Water
|move|p2a: Gastrodon|Surf|p1a: Slowking
|-resisted|p1a: Slowking
|-damage|p1a: Slowking|86/100
|
|upkeep
|turn|4
|
|t:|1769363388
|switch|p2a: Appletun|Appletun, M|100/100
|-damage|p2a: Appletun|88/100|[from] Stealth Rock
|move|p1a: Slowking|Future Sight|p2a: Appletun
|-start|p1a: Slowking|move: Future Sight
|
|-heal|p2a: Appletun|94/100|[from] item: Leftovers
|upkeep
|turn|5
|
|t:|1769363399
|move|p2a: Appletun|Leech Seed|p1a: Slowking
|-start|p1a: Slowking|move: Leech Seed
|-prepare|p1a: Slowking|Chilly Reception|[premajor]
|move|p1a: Slowking|Chilly Reception|p1a: Slowking
|-weather|Snowscape
|
|t:|1769363404
|switch|p1a: Kyurem|Kyurem|100/100|[from] Chilly Reception
|-damage|p1a: Kyurem|75/100|[from] Stealth Rock
|-ability|p1a: Kyurem|Pressure
|
|-weather|Snowscape|[upkeep]
|-heal|p2a: Appletun|99/100|[from] item: Leftovers
|upkeep
|turn|6
|
|t:|1769363417
|switch|p2a: Typhlosion|Typhlosion, M|100/100
|-damage|p2a: Typhlosion|76/100|[from] Stealth Rock
|move|p1a: Kyurem|Blizzard|p2a: Typhlosion
|-resisted|p2a: Typhlosion
|-damage|p2a: Typhlosion|18/100
|-status|p2a: Typhlosion|frz
|
|-weather|Snowscape|[upkeep]
|-end|p2a: Typhlosion|move: Future Sight
|-damage|p2a: Typhlosion|0 fnt
|faint|p2a: Typhlosion
|upkeep
|
|t:|1769363448
|switch|p2a: Jirachi|Jirachi|100/100
|-damage|p2a: Jirachi|94/100|[from] Stealth Rock
|turn|7
|
|t:|1769363460
|switch|p1a: Slowking|Slowking, F|100/100
|move|p2a: Jirachi|Body Slam|p1a: Slowking
|-damage|p1a: Slowking|65/100
|-damage|p2a: Jirachi|84/100|[from] item: Life Orb
|
|-weather|Snowscape|[upkeep]
|upkeep
|turn|8
|
|t:|1769363470
|move|p2a: Jirachi|Ice Punch|p1a: Slowking
|-resisted|p1a: Slowking
|-damage|p1a: Slowking|50/100
|-damage|p2a: Jirachi|74/100|[from] item: Life Orb
|move|p1a: Slowking|Thunder Wave|p2a: Jirachi
|-status|p2a: Jirachi|par
|
|-weather|Snowscape|[upkeep]
|upkeep
|turn|9
|
|t:|1769363501
|switch|p1a: Great Tusk|Great Tusk|100/100
|-damage|p1a: Great Tusk|98/100|[from] Stealth Rock
|move|p2a: Jirachi|U-turn|p1a: Great Tusk
|-resisted|p1a: Great Tusk
|-damage|p1a: Great Tusk|88/100
|-damage|p2a: Jirachi|58/100 par|[from] item: Rocky Helmet|[of] p1a: Great Tusk
|-damage|p2a: Jirachi|48/100 par|[from] item: Life Orb
|
|t:|1769363529
|switch|p2a: Taylor Swift|Dragapult, F|100/100|[from] U-turn
|-damage|p2a: Taylor Swift|88/100|[from] Stealth Rock
|
|-weather|none
|upkeep
|turn|10
|
|t:|1769363538
|-end|p1a: Great Tusk|Protosynthesis|[silent]
|switch|p1a: Tinkaton|Tinkaton, F|100/100
|-damage|p1a: Tinkaton|94/100|[from] Stealth Rock
|-item|p1a: Tinkaton|Air Balloon
|move|p2a: Taylor Swift|Dragon Dance|p2a: Taylor Swift
|-boost|p2a: Taylor Swift|atk|1
|-boost|p2a: Taylor Swift|spe|1
|
|upkeep
|turn|11
|
|t:|1769363551
|move|p2a: Taylor Swift|Dragon Dance|p2a: Taylor Swift
|-boost|p2a: Taylor Swift|atk|1
|-boost|p2a: Taylor Swift|spe|1
|move|p1a: Tinkaton|Encore|p2a: Taylor Swift
|-start|p2a: Taylor Swift|Encore
|
|upkeep
|turn|12
|
|t:|1769363564
|switch|p1a: Kyurem|Kyurem|75/100
|-damage|p1a: Kyurem|50/100|[from] Stealth Rock
|-ability|p1a: Kyurem|Pressure
|move|p2a: Taylor Swift|Dragon Dance|p2a: Taylor Swift
|-boost|p2a: Taylor Swift|atk|1
|-boost|p2a: Taylor Swift|spe|1
|
|upkeep
|turn|13
|
|t:|1769363583
|switch|p2a: Reuniclus|Reuniclus, M, shiny|100/100
|move|p1a: Kyurem|Draco Meteor|p2a: Reuniclus
|-damage|p2a: Reuniclus|15/100
|-unboost|p1a: Kyurem|spa|2
|
|upkeep
|turn|14
|inactive|Battle timer is ON: inactive players will automatically lose when time's up. (requested by DennisGamer4th)
|
|t:|1769363639
|move|p1a: Kyurem|Draco Meteor|p2a: Reuniclus
|-damage|p2a: Reuniclus|0 fnt
|-unboost|p1a: Kyurem|spa|2
|faint|p2a: Reuniclus
|
|upkeep
|
|t:|1769363646
|switch|p2a: Jirachi|Jirachi|48/100 par
|-damage|p2a: Jirachi|42/100 par|[from] Stealth Rock
|turn|15
|
|t:|1769363664
|switch|p1a: Slowking|Slowking, F|83/100
|move|p2a: Jirachi|Iron Head|p1a: Slowking
|-resisted|p1a: Slowking
|-damage|p1a: Slowking|58/100
|-damage|p2a: Jirachi|32/100 par|[from] item: Life Orb
|
|upkeep
|turn|16
|
|t:|1769363677
|move|p2a: Jirachi|Body Slam|p1a: Slowking
|-damage|p1a: Slowking|22/100
|-damage|p2a: Jirachi|22/100 par|[from] item: Life Orb
|move|p1a: Slowking|Future Sight|p2a: Jirachi
|-start|p1a: Slowking|move: Future Sight
|
|upkeep
|turn|17
|
|t:|1769363686
|switch|p1a: Great Tusk|Great Tusk|88/100
|-damage|p1a: Great Tusk|85/100|[from] Stealth Rock
|cant|p2a: Jirachi|par
|
|upkeep
|turn|18
|
|t:|1769363713
|switch|p2a: Gastrodon|Gastrodon, F, tera:Water|85/100
|-damage|p2a: Gastrodon|73/100|[from] Stealth Rock
|move|p1a: Great Tusk|Ice Spinner|p2a: Gastrodon
|-resisted|p2a: Gastrodon
|-damage|p2a: Gastrodon|62/100
|
|-end|p2a: Gastrodon|move: Future Sight
|-damage|p2a: Gastrodon|19/100
|upkeep
|turn|19
|
|t:|1769363730
|move|p1a: Great Tusk|Rapid Spin|p2a: Gastrodon
|-damage|p2a: Gastrodon|4/100
|-boost|p1a: Great Tusk|spe|1
|-sideend|p1: DennisGamer4th|Stealth Rock|[from] move: Rapid Spin|[of] p1a: Great Tusk
|move|p2a: Gastrodon|Earth Power|p1a: Great Tusk
|-damage|p1a: Great Tusk|29/100
|
|upkeep
|turn|20
|inactive|kachow18 has 120 seconds left.
|
|t:|1769363780
|move|p1a: Great Tusk|Ice Spinner|p2a: Gastrodon
|-resisted|p2a: Gastrodon
|-damage|p2a: Gastrodon|0 fnt
|faint|p2a: Gastrodon
|
|upkeep
|inactive|kachow18 has 90 seconds left.
|
|t:|1769363810
|switch|p2a: Taylor Swift|Dragapult, F|88/100
|-damage|p2a: Taylor Swift|76/100|[from] Stealth Rock
|turn|21
|
|t:|1769363839
|move|p1a: Great Tusk|Ice Spinner|p2a: Taylor Swift
|-supereffective|p2a: Taylor Swift
|-damage|p2a: Taylor Swift|0 fnt
|faint|p2a: Taylor Swift
|
|upkeep
|
|t:|1769363846
|switch|p2a: Appletun|Appletun, M|99/100
|-damage|p2a: Appletun|88/100|[from] Stealth Rock
|turn|22
|
|t:|1769363859
|move|p1a: Great Tusk|Ice Spinner|p2a: Appletun
|-supereffective|p2a: Appletun
|-damage|p2a: Appletun|30/100
|move|p2a: Appletun|Giga Drain|p1a: Great Tusk
|-supereffective|p1a: Great Tusk
|-damage|p1a: Great Tusk|0 fnt
|-heal|p2a: Appletun|43/100|[from] drain|[of] p1a: Great Tusk
|faint|p1a: Great Tusk
|-end|p1a: Great Tusk|Protosynthesis|[silent]
|
|-heal|p2a: Appletun|49/100|[from] item: Leftovers
|upkeep
|
|t:|1769363871
|switch|p1a: Kyurem|Kyurem|50/100
|-ability|p1a: Kyurem|Pressure
|turn|23
|
|t:|1769363883
|-terastallize|p1a: Kyurem|Ice
|move|p1a: Kyurem|Freeze-Dry|p2a: Appletun
|-supereffective|p2a: Appletun
|-damage|p2a: Appletun|0 fnt
|faint|p2a: Appletun
|
|upkeep
|
|t:|1769363892
|switch|p2a: Jirachi|Jirachi|22/100 par
|-damage|p2a: Jirachi|16/100 par|[from] Stealth Rock
|turn|24
|
|t:|1769363911
|move|p1a: Kyurem|Freeze-Dry|p2a: Jirachi
|-resisted|p2a: Jirachi
|-damage|p2a: Jirachi|0 fnt
|faint|p2a: Jirachi
|
|win|DennisGamer4th
|raw|DennisGamer4th's rating: 1022 &rarr; <strong>1056</strong><br />(+34 for winning)
|raw|kachow18's rating: 1001 &rarr; <strong>1000</strong><br />(-1 for losing)
|c|☆DennisGamer4th|ggs
