|j|☆Thatguyhere_15
|j|☆niall639
|t:|1769311190
|gametype|singles
|player|p1|Thatguyhere_15|steven|1210
|player|p2|niall639|265|1192
|gen|9
|tier|[Gen 9] OU
|rated|
|rule|HP Percentage Mod: HP is shown in percentages
|rule|Endless Battle Clause: Forcing endless battles is banned
|rule|Species Clause: Limit one of each Pokémon
|rule|OHKO Clause: OHKO moves are banned
|rule|Evasion Items Clause: Evasion items are banned
|rule|Evasion Moves Clause: Evasion moves are banned
|rule|Evasion Abilities Clause: Evasion abilities are banned
|rule|Sleep Moves Clause: Sleep-inducing moves are banned
|clearpoke
|poke|p1|Copperajah, M|
|poke|p1|Metagross|
|poke|p1|Magnezone|
|poke|p1|Corviknight, M|
|poke|p1|Lucario, F|
|poke|p1|Kingambit, M|
|poke|p2|Iron Valiant|
|poke|p2|Excadrill, M|
|poke|p2|Tyranitar, M|
|poke|p2|Tornadus-Therian, M|
|poke|p2|Ogerpon-Cornerstone, F|
|poke|p2|Toxapex, M|
|teampreview
|inactive|Battle timer is ON: inactive players will automatically lose when time's up. (requested by Thatguyhere_15)
|
|t:|1769311194
|teamsize|p1|6
|teamsize|p2|6
|start
|switch|p1a: Corviknight|Corviknight, M|100/100
|switch|p2a: Tyranitar|Tyranitar, M, shiny|100/100
|-weather|Sandstorm|[from] ability: Sand Stream|[of] p2a: Tyranitar
|turn|1
|
|t:|1769311206
|switch|p2a: Tornadus|Tornadus-Therian, M, shiny|100/100
|move|p1a: Corviknight|Bulk Up|p1a: Corviknight
|-boost|p1a: Corviknight|atk|1
|-boost|p1a: Corviknight|def|1
|
|-weather|Sandstorm|[upkeep]
|-damage|p2a: Tornadus|94/100|[from] Sandstorm
|upkeep
|turn|2
|
|t:|1769311217
|move|p2a: Tornadus|Heat Wave|p1a: Corviknight
|-supereffective|p1a: Corviknight
|-damage|p1a: Corviknight|39/100
|move|p1a: Corviknight|Brave Bird|p2a: Tornadus
|-damage|p2a: Tornadus|14/100
|-damage|p1a: Corviknight|19/100|[from] Recoil
|
|-weather|Sandstorm|[upkeep]
|-damage|p2a: Tornadus|8/100|[from] Sandstorm
|-heal|p1a: Corviknight|25/100|[from] item: Leftovers
|upkeep
|turn|3
|c|☆niall639|Hey
|
|t:|1769311228
|move|p2a: Tornadus|Heat Wave|p1a: Corviknight
|-supereffective|p1a: Corviknight
|-crit|p1a: Corviknight
|-damage|p1a: Corviknight|0 fnt
|faint|p1a: Corviknight
|
|-weather|Sandstorm|[upkeep]
|-damage|p2a: Tornadus|2/100|[from] Sandstorm
|upkeep
|c|☆niall639|I bet I can guess your favorite type
|
|t:|1769311239
|switch|p1a: Magnezone|Magnezone|100/100
|turn|4
|
|t:|1769311243
|move|p2a: Tornadus|Heat Wave|p1a: Magnezone
|-supereffective|p1a: Magnezone
|-damage|p1a: Magnezone|8/100
|move|p1a: Magnezone|Thunder Wave|p2a: Tornadus
|-status|p2a: Tornadus|par
|
|-weather|Sandstorm|[upkeep]
|-damage|p2a: Tornadus|0 fnt|[from] Sandstorm
|faint|p2a: Tornadus
|upkeep
|
|t:|1769311252
|switch|p2a: Excadrill|Excadrill, M, shiny|100/100
|turn|5
|
|t:|1769311257
|move|p2a: Excadrill|Earthquake|p1a: Magnezone
|-supereffective|p1a: Magnezone
|-damage|p1a: Magnezone|0 fnt
|faint|p1a: Magnezone
|
|-weather|Sandstorm|[upkeep]
|upkeep
|
|t:|1769311266
|switch|p1a: Lucario|Lucario, F|100/100
|turn|6
|
|t:|1769311269
|-terastallize|p2a: Excadrill|Ground
|move|p2a: Excadrill|Earthquake|p1a: Lucario
|-supereffective|p1a: Lucario
|-enditem|p1a: Lucario|Focus Sash
|-damage|p1a: Lucario|1/100
|move|p1a: Lucario|Aura Sphere|p2a: Excadrill
|-damage|p2a: Excadrill|46/100
|
|-weather|Sandstorm|[upkeep]
|-heal|p2a: Excadrill|52/100|[from] item: Leftovers
|upkeep
|turn|7
|
|t:|1769311284
|move|p2a: Excadrill|Rapid Spin|p1a: Lucario
|-resisted|p1a: Lucario
|-damage|p1a: Lucario|0 fnt
|-boost|p2a: Excadrill|spe|1
|faint|p1a: Lucario
|
|-weather|Sandstorm|[upkeep]
|-heal|p2a: Excadrill|58/100|[from] item: Leftovers
|upkeep
|inactive|Thatguyhere_15 has 120 seconds left.
|
|t:|1769311305
|switch|p1a: Copperajah|Copperajah, M|100/100
|turn|8
|
|t:|1769311312
|move|p2a: Excadrill|Earthquake|p1a: Copperajah
|-supereffective|p1a: Copperajah
|-damage|p1a: Copperajah|0 fnt
|faint|p1a: Copperajah
|
|-weather|none
|-heal|p2a: Excadrill|64/100|[from] item: Leftovers
|upkeep
|
|t:|1769311320
|switch|p1a: Metagross|Metagross|100/100
|turn|9
|
|t:|1769311330
|move|p2a: Excadrill|Earthquake|p1a: Metagross
|-supereffective|p1a: Metagross
|-damage|p1a: Metagross|0 fnt
|faint|p1a: Metagross
|
|-heal|p2a: Excadrill|71/100|[from] item: Leftovers
|upkeep
|
|t:|1769311337
|switch|p1a: Kingambit|Kingambit, M, shiny|100/100
|-activate|p1a: Kingambit|ability: Supreme Overlord
|-start|p1a: Kingambit|fallen5|[silent]
|turn|10
|
|t:|1769311349
|-terastallize|p1a: Kingambit|Flying
|move|p2a: Excadrill|Earthquake|p1a: Kingambit
|-immune|p1a: Kingambit
|move|p1a: Kingambit|Swords Dance|p1a: Kingambit
|-boost|p1a: Kingambit|atk|2
|
|-heal|p2a: Excadrill|77/100|[from] item: Leftovers
|upkeep
|turn|11
|
|t:|1769311359
|move|p1a: Kingambit|Sucker Punch|p2a: Excadrill
|-damage|p2a: Excadrill|0 fnt
|faint|p2a: Excadrill
|
|upkeep
|
|t:|1769311364
|switch|p2a: Toxapex|Toxapex, M, shiny|100/100
|turn|12
|
|t:|1769311367
|move|p1a: Kingambit|Tera Blast|p2a: Toxapex|[anim] Tera Blast Flying
|-damage|p2a: Toxapex|0 fnt
|faint|p2a: Toxapex
|
|upkeep
|
|t:|1769311371
|switch|p2a: Ogerpon|Ogerpon-Cornerstone, F|100/100
|turn|13
|
|t:|1769311374
|move|p1a: Kingambit|Sucker Punch|p2a: Ogerpon
|-ability|p2a: Ogerpon|Sturdy
|-damage|p2a: Ogerpon|1/100
|move|p2a: Ogerpon|Ivy Cudgel|p1a: Kingambit|[anim] Ivy Cudgel Rock
|-supereffective|p1a: Kingambit
|-damage|p1a: Kingambit|21/100
|
|-heal|p1a: Kingambit|27/100|[from] item: Leftovers
|upkeep
|turn|14
|
|t:|1769311403
|move|p2a: Ogerpon|Ivy Cudgel|p1a: Kingambit|[anim] Ivy Cudgel Rock
|-supereffective|p1a: Kingambit
|-damage|p1a: Kingambit|0 fnt
|faint|p1a: Kingambit
|-end|p1a: Kingambit|fallen5|[silent]
|
|win|niall639
|raw|Thatguyhere_15's rating: 1210 &rarr; <strong>1184</strong><br />(-26 for losing)
|raw|niall639's rating: 1192 &rarr; <strong>1218</strong><br />(+26 for winning)
|l|☆Thatguyhere_15
|player|p1|
