|j|☆N0AH__123__
|j|☆bananahamockthe3rd
|t:|1769443933
|gametype|singles
|player|p1|N0AH__123__|boarder|1313
|player|p2|bananahamockthe3rd|170|1350
|gen|9
|tier|[Gen 9] OU
|rated|
|rule|HP Percentage Mod: HP is shown in percentages
|rule|Endless Battle Clause: Forcing endless battles is banned
|rule|Species Clause: Limit one of each Pokémon
|rule|OHKO Clause: OHKO moves are banned
|rule|Evasion Items Clause: Evasion items are banned
|rule|Evasion Moves Clause: Evasion moves are banned
|rule|Evasion Abilities Clause: Evasion abilities are banned
|rule|Sleep Moves Clause: Sleep-inducing moves are banned
|clearpoke
|poke|p1|Kilowattrel, F|
|poke|p1|Pelipper, M|
|poke|p1|Iron Treads|
|poke|p1|Darkrai|
|poke|p1|Toxicroak, M|
|poke|p1|Basculegion-F, F|
|poke|p2|Cetitan, M|
|poke|p2|Skeledirge, M|
|poke|p2|Swampert, M|
|poke|p2|Ceruledge, M|
|poke|p2|Moltres-Galar|
|poke|p2|Goodra-Hisui, M|
|teampreview
|j| ZeeRequiem
|
|t:|1769443956
|teamsize|p1|6
|teamsize|p2|6
|start
|switch|p1a: Pelipper|Pelipper, M|100/100
|switch|p2a: Cetitan|Cetitan, M, shiny|100/100
|-weather|RainDance|[from] ability: Drizzle|[of] p1a: Pelipper
|turn|1
|
|t:|1769443964
|move|p2a: Cetitan|Icicle Crash|p1a: Pelipper
|-damage|p1a: Pelipper|57/100
|move|p1a: Pelipper|U-turn|p2a: Cetitan
|-crit|p2a: Cetitan
|-damage|p2a: Cetitan|87/100
|
|t:|1769443988
|switch|p1a: Basculegion|Basculegion-F, F|100/100|[from] U-turn
|
|-weather|RainDance|[upkeep]
|upkeep
|turn|2
|l| ZeeRequiem
|
|t:|1769443998
|move|p1a: Basculegion|Flip Turn|p2a: Cetitan
|-damage|p2a: Cetitan|62/100
|
|t:|1769444001
|switch|p1a: Iron Treads|Iron Treads|100/100|[from] Flip Turn
|-enditem|p1a: Iron Treads|Booster Energy
|-activate|p1a: Iron Treads|ability: Quark Drive|[fromitem]
|-start|p1a: Iron Treads|quarkdrivespe
|move|p2a: Cetitan|Play Rough|p1a: Iron Treads
|-resisted|p1a: Iron Treads
|-damage|p1a: Iron Treads|81/100
|
|-weather|RainDance|[upkeep]
|upkeep
|turn|3
|
|t:|1769444010
|move|p1a: Iron Treads|Stealth Rock|p2a: Cetitan
|-sidestart|p2: bananahamockthe3rd|move: Stealth Rock
|move|p2a: Cetitan|Liquidation|p1a: Iron Treads
|-supereffective|p1a: Iron Treads
|-damage|p1a: Iron Treads|0 fnt
|faint|p1a: Iron Treads
|-end|p1a: Iron Treads|Quark Drive|[silent]
|
|-weather|RainDance|[upkeep]
|upkeep
|
|t:|1769444016
|switch|p1a: Basculegion|Basculegion-F, F|100/100
|turn|4
|
|t:|1769444030
|move|p1a: Basculegion|Surf|p2a: Cetitan
|-damage|p2a: Cetitan|0 fnt
|faint|p2a: Cetitan
|
|-weather|RainDance|[upkeep]
|upkeep
|
|t:|1769444034
|switch|p2a: Goodra|Goodra-Hisui, M|100/100
|-damage|p2a: Goodra|94/100|[from] Stealth Rock
|turn|5
|
|t:|1769444046
|switch|p1a: Darkrai|Darkrai|100/100
|move|p2a: Goodra|Dragon Pulse|p1a: Darkrai
|-damage|p1a: Darkrai|45/100
|
|-weather|RainDance|[upkeep]
|-heal|p1a: Darkrai|51/100|[from] item: Leftovers
|upkeep
|turn|6
|
|t:|1769444053
|move|p1a: Darkrai|Will-O-Wisp|p2a: Goodra
|-status|p2a: Goodra|brn
|move|p2a: Goodra|Dragon Pulse|p1a: Darkrai
|-damage|p1a: Darkrai|0 fnt
|faint|p1a: Darkrai
|
|-weather|RainDance|[upkeep]
|-damage|p2a: Goodra|88/100 brn|[from] brn
|upkeep
|
|t:|1769444056
|switch|p1a: Toxicroak|Toxicroak, M|100/100
|turn|7
|
|t:|1769444068
|switch|p2a: Swampert|Swampert, M|100/100
|-damage|p2a: Swampert|94/100|[from] Stealth Rock
|move|p1a: Toxicroak|Drain Punch|p2a: Swampert
|-damage|p2a: Swampert|68/100
|
|-weather|RainDance|[upkeep]
|-heal|p2a: Swampert|74/100|[from] item: Leftovers
|upkeep
|turn|8
|
|t:|1769444083
|switch|p1a: Kilowattrel|Kilowattrel, F|100/100
|move|p2a: Swampert|Stealth Rock|p1a: Kilowattrel
|-sidestart|p1: N0AH__123__|move: Stealth Rock
|
|-weather|none
|-heal|p2a: Swampert|81/100|[from] item: Leftovers
|upkeep
|turn|9
|
|t:|1769444089
|switch|p1a: Pelipper|Pelipper, M|57/100
|-damage|p1a: Pelipper|32/100|[from] Stealth Rock
|-weather|RainDance|[from] ability: Drizzle|[of] p1a: Pelipper
|move|p2a: Swampert|Knock Off|p1a: Pelipper
|-damage|p1a: Pelipper|13/100
|-enditem|p1a: Pelipper|Damp Rock|[from] move: Knock Off|[of] p2a: Swampert
|
|-weather|RainDance|[upkeep]
|-heal|p2a: Swampert|87/100|[from] item: Leftovers
|upkeep
|turn|10
|
|t:|1769444100
|move|p2a: Swampert|Flip Turn|p1a: Pelipper
|-resisted|p1a: Pelipper
|-damage|p1a: Pelipper|1/100
|
|t:|1769444107
|switch|p2a: Goodra|Goodra-Hisui, M|88/100 brn|[from] Flip Turn
|-damage|p2a: Goodra|82/100 brn|[from] Stealth Rock
|move|p1a: Pelipper|Roost|p1a: Pelipper
|-heal|p1a: Pelipper|52/100
|-singleturn|p1a: Pelipper|move: Roost
|
|-weather|RainDance|[upkeep]
|-damage|p2a: Goodra|76/100 brn|[from] brn
|upkeep
|turn|11
|
|t:|1769444122
|move|p2a: Goodra|Dragon Pulse|p1a: Pelipper
|-crit|p1a: Pelipper
|-damage|p1a: Pelipper|0 fnt
|faint|p1a: Pelipper
|
|-weather|RainDance|[upkeep]
|-damage|p2a: Goodra|69/100 brn|[from] brn
|upkeep
|
|t:|1769444125
|switch|p1a: Toxicroak|Toxicroak, M|100/100
|-damage|p1a: Toxicroak|94/100|[from] Stealth Rock
|turn|12
|
|t:|1769444132
|switch|p2a: Skeledirge|Skeledirge, M|100/100
|-damage|p2a: Skeledirge|76/100|[from] Stealth Rock
|move|p1a: Toxicroak|Toxic|p2a: Skeledirge
|-status|p2a: Skeledirge|tox
|
|-weather|RainDance|[upkeep]
|-heal|p1a: Toxicroak|100/100|[from] ability: Dry Skin
|-heal|p2a: Skeledirge|82/100 tox|[from] item: Leftovers
|-damage|p2a: Skeledirge|76/100 tox|[from] psn
|upkeep
|turn|13
|
|t:|1769444143
|switch|p1a: Basculegion|Basculegion-F, F|100/100
|-damage|p1a: Basculegion|88/100|[from] Stealth Rock
|move|p2a: Skeledirge|Will-O-Wisp|p1a: Basculegion
|-status|p1a: Basculegion|brn
|
|-weather|RainDance|[upkeep]
|-heal|p2a: Skeledirge|82/100 tox|[from] item: Leftovers
|-damage|p2a: Skeledirge|69/100 tox|[from] psn
|-damage|p1a: Basculegion|82/100 brn|[from] brn
|upkeep
|turn|14
|
|t:|1769444156
|switch|p2a: Swampert|Swampert, M|87/100
|-damage|p2a: Swampert|81/100|[from] Stealth Rock
|move|p1a: Basculegion|Surf|p2a: Swampert
|-damage|p2a: Swampert|14/100
|
|-weather|RainDance|[upkeep]
|-heal|p2a: Swampert|21/100|[from] item: Leftovers
|-damage|p1a: Basculegion|76/100 brn|[from] brn
|upkeep
|turn|15
|
|t:|1769444166
|move|p1a: Basculegion|Surf|p2a: Swampert
|-damage|p2a: Swampert|0 fnt
|faint|p2a: Swampert
|
|-weather|RainDance|[upkeep]
|-damage|p1a: Basculegion|70/100 brn|[from] brn
|upkeep
|
|t:|1769444173
|switch|p2a: Goodra|Goodra-Hisui, M|69/100 brn
|-damage|p2a: Goodra|63/100 brn|[from] Stealth Rock
|turn|16
|
|t:|1769444185
|move|p1a: Basculegion|Surf|p2a: Goodra
|-resisted|p2a: Goodra
|-damage|p2a: Goodra|42/100 brn
|move|p2a: Goodra|Dragon Pulse|p1a: Basculegion
|-damage|p1a: Basculegion|21/100 brn
|
|-weather|none
|-damage|p1a: Basculegion|15/100 brn|[from] brn
|-damage|p2a: Goodra|36/100 brn|[from] brn
|upkeep
|turn|17
|
|t:|1769444196
|move|p1a: Basculegion|Surf|p2a: Goodra
|-resisted|p2a: Goodra
|-damage|p2a: Goodra|20/100 brn
|move|p2a: Goodra|Dragon Pulse|p1a: Basculegion
|-damage|p1a: Basculegion|0 fnt
|faint|p1a: Basculegion
|
|-damage|p2a: Goodra|14/100 brn|[from] brn
|upkeep
|
|t:|1769444199
|switch|p1a: Toxicroak|Toxicroak, M|100/100
|-damage|p1a: Toxicroak|94/100|[from] Stealth Rock
|turn|18
|
|t:|1769444207
|move|p1a: Toxicroak|Drain Punch|p2a: Goodra
|-supereffective|p2a: Goodra
|-damage|p2a: Goodra|0 fnt
|-heal|p1a: Toxicroak|100/100|[from] drain|[of] p2a: Goodra
|faint|p2a: Goodra
|
|upkeep
|
|t:|1769444212
|switch|p2a: Moltres|Moltres-Galar|100/100
|-damage|p2a: Moltres|76/100|[from] Stealth Rock
|turn|19
|
|t:|1769444217
|move|p2a: Moltres|Tailwind|p2a: Moltres
|-sidestart|p2: bananahamockthe3rd|move: Tailwind
|move|p1a: Toxicroak|Toxic|p2a: Moltres
|-status|p2a: Moltres|tox
|
|-damage|p2a: Moltres|69/100 tox|[from] psn
|upkeep
|turn|20
|
|t:|1769444224
|move|p2a: Moltres|Hurricane|p1a: Toxicroak
|-supereffective|p1a: Toxicroak
|-damage|p1a: Toxicroak|0 fnt
|faint|p1a: Toxicroak
|-damage|p2a: Moltres|59/100 tox|[from] item: Life Orb
|
|-damage|p2a: Moltres|47/100 tox|[from] psn
|upkeep
|
|t:|1769444227
|switch|p1a: Kilowattrel|Kilowattrel, F|100/100
|-damage|p1a: Kilowattrel|76/100|[from] Stealth Rock
|turn|21
|
|t:|1769444234
|move|p2a: Moltres|Fiery Wrath|p1a: Kilowattrel
|-damage|p1a: Kilowattrel|0 fnt
|faint|p1a: Kilowattrel
|-damage|p2a: Moltres|37/100 tox|[from] item: Life Orb
|
|win|bananahamockthe3rd
|raw|N0AH__123__'s rating: 1313 &rarr; <strong>1295</strong><br />(-18 for losing)
|raw|bananahamockthe3rd's rating: 1350 &rarr; <strong>1368</strong><br />(+18 for winning)
|l|☆N0AH__123__
|player|p1|
|l|☆bananahamockthe3rd
|player|p2|
