|j|☆aetherspring
|j|☆CambridgeFoulPlay
|t:|1769335919
|gametype|singles
|player|p1|aetherspring|cheren-gen5bw2|1565
|player|p2|CambridgeFoulPlay|266|1603
|gen|9
|tier|[Gen 9] OU
|rated|
|rule|HP Percentage Mod: HP is shown in percentages
|rule|Endless Battle Clause: Forcing endless battles is banned
|rule|Species Clause: Limit one of each Pokémon
|rule|OHKO Clause: OHKO moves are banned
|rule|Evasion Items Clause: Evasion items are banned
|rule|Evasion Moves Clause: Evasion moves are banned
|rule|Evasion Abilities Clause: Evasion abilities are banned
|rule|Sleep Moves Clause: Sleep-inducing moves are banned
|clearpoke
|poke|p1|Iron Valiant|
|poke|p1|Excadrill, M|
|poke|p1|Tyranitar, F|
|poke|p1|Tornadus-Therian, M|
|poke|p1|Ogerpon-Cornerstone, F|
|poke|p1|Toxapex, M|
|poke|p2|Hydrapple, M|
|poke|p2|Tyranitar, F|
|poke|p2|Moltres|
|poke|p2|Zamazenta-*|
|poke|p2|Slowking-Galar, F|
|poke|p2|Excadrill, F|
|teampreview
|c|☆CambridgeFoulPlay|hf
|inactive|Battle timer is ON: inactive players will automatically lose when time's up. (requested by CambridgeFoulPlay)
|c|☆aetherspring|hf
|c|☆aetherspring|cambridge?
|inactive|aetherspring has 120 seconds left.
|
|t:|1769335958
|teamsize|p1|6
|teamsize|p2|6
|start
|switch|p1a: Ogerpon|Ogerpon-Cornerstone, F|100/100
|switch|p2a: Excadrill|Excadrill, F|100/100
|-item|p2a: Excadrill|Air Balloon
|turn|1
|
|t:|1769335970
|switch|p2a: Zamazenta|Zamazenta|100/100
|-ability|p2a: Zamazenta|Dauntless Shield|boost
|-boost|p2a: Zamazenta|def|1
|move|p1a: Ogerpon|Power Whip|p2a: Zamazenta
|-damage|p2a: Zamazenta|65/100
|
|-heal|p2a: Zamazenta|71/100|[from] item: Leftovers
|upkeep
|turn|2
|
|t:|1769335978
|switch|p1a: Tornadus|Tornadus-Therian, M|100/100
|move|p2a: Zamazenta|Body Press|p1a: Tornadus
|-resisted|p1a: Tornadus
|-damage|p1a: Tornadus|64/100
|
|-heal|p2a: Zamazenta|77/100|[from] item: Leftovers
|upkeep
|turn|3
|
|t:|1769335995
|switch|p2a: Tyranitar|Tyranitar, F|100/100
|-weather|Sandstorm|[from] ability: Sand Stream|[of] p2a: Tyranitar
|switch|p1a: Excadrill|Excadrill, M|100/100
|
|-weather|Sandstorm|[upkeep]
|upkeep
|turn|4
|
|t:|1769336001
|switch|p2a: Excadrill|Excadrill, F|100/100
|-item|p2a: Excadrill|Air Balloon
|move|p1a: Excadrill|Substitute|p1a: Excadrill
|-start|p1a: Excadrill|Substitute
|-damage|p1a: Excadrill|76/100
|
|-weather|Sandstorm|[upkeep]
|-heal|p1a: Excadrill|82/100|[from] item: Leftovers
|upkeep
|turn|5
|
|t:|1769336005
|switch|p2a: Zamazenta|Zamazenta|77/100
|move|p1a: Excadrill|Rapid Spin|p2a: Zamazenta
|-damage|p2a: Zamazenta|64/100
|-boost|p1a: Excadrill|spe|1
|
|-weather|Sandstorm|[upkeep]
|-damage|p2a: Zamazenta|57/100|[from] Sandstorm
|-heal|p1a: Excadrill|88/100|[from] item: Leftovers
|-heal|p2a: Zamazenta|64/100|[from] item: Leftovers
|upkeep
|turn|6
|
|t:|1769336013
|move|p1a: Excadrill|Earthquake|p2a: Zamazenta
|-damage|p2a: Zamazenta|17/100
|move|p2a: Zamazenta|Roar|p1a: Excadrill
|drag|p1a: Iron Valiant|Iron Valiant|100/100
|
|-weather|Sandstorm|[upkeep]
|-damage|p2a: Zamazenta|11/100|[from] Sandstorm
|-damage|p1a: Iron Valiant|94/100|[from] Sandstorm
|-heal|p2a: Zamazenta|17/100|[from] item: Leftovers
|upkeep
|turn|7
|
|t:|1769336023
|-end|p1a: Iron Valiant|Quark Drive|[silent]
|switch|p1a: Toxapex|Toxapex, M|100/100
|move|p2a: Zamazenta|Body Press|p1a: Toxapex
|-resisted|p1a: Toxapex
|-damage|p1a: Toxapex|87/100
|-enditem|p1a: Toxapex|Eject Button
|
|t:|1769336029
|switch|p1a: Excadrill|Excadrill, M|88/100
|
|-weather|Sandstorm|[upkeep]
|-damage|p2a: Zamazenta|11/100|[from] Sandstorm
|-heal|p1a: Excadrill|94/100|[from] item: Leftovers
|-heal|p2a: Zamazenta|17/100|[from] item: Leftovers
|upkeep
|turn|8
|
|t:|1769336042
|move|p1a: Excadrill|Substitute|p1a: Excadrill
|-start|p1a: Excadrill|Substitute
|-damage|p1a: Excadrill|69/100
|move|p2a: Zamazenta|Body Press|p1a: Excadrill
|-supereffective|p1a: Excadrill
|-end|p1a: Excadrill|Substitute
|
|-weather|Sandstorm|[upkeep]
|-damage|p2a: Zamazenta|11/100|[from] Sandstorm
|-heal|p1a: Excadrill|75/100|[from] item: Leftovers
|-heal|p2a: Zamazenta|17/100|[from] item: Leftovers
|upkeep
|turn|9
|
|t:|1769336044
|move|p1a: Excadrill|Earthquake|p2a: Zamazenta
|-crit|p2a: Zamazenta
|-damage|p2a: Zamazenta|0 fnt
|faint|p2a: Zamazenta
|
|-weather|Sandstorm|[upkeep]
|-heal|p1a: Excadrill|81/100|[from] item: Leftovers
|upkeep
|
|t:|1769336046
|switch|p2a: Excadrill|Excadrill, F|100/100
|-item|p2a: Excadrill|Air Balloon
|turn|10
|
|t:|1769336050
|switch|p1a: Tornadus|Tornadus-Therian, M|97/100
|move|p2a: Excadrill|Rapid Spin|p1a: Tornadus
|-damage|p1a: Tornadus|72/100
|-boost|p2a: Excadrill|spe|1
|
|-weather|none
|upkeep
|turn|11
|
|t:|1769336058
|move|p2a: Excadrill|Iron Head|p1a: Tornadus
|-damage|p1a: Tornadus|8/100
|move|p1a: Tornadus|Heat Wave|p2a: Excadrill
|-supereffective|p2a: Excadrill
|-crit|p2a: Excadrill
|-damage|p2a: Excadrill|0 fnt
|-enditem|p2a: Excadrill|Air Balloon
|faint|p2a: Excadrill
|
|upkeep
|
|t:|1769336061
|switch|p2a: Hydrapple|Hydrapple, M|100/100
|turn|12
|c|☆aetherspring|soz
|
|t:|1769336068
|switch|p1a: Tyranitar|Tyranitar, F|100/100
|-weather|Sandstorm|[from] ability: Sand Stream|[of] p1a: Tyranitar
|move|p2a: Hydrapple|Fickle Beam|p1a: Tyranitar
|-damage|p1a: Tyranitar|79/100
|
|-weather|Sandstorm|[upkeep]
|-damage|p2a: Hydrapple|94/100|[from] Sandstorm
|upkeep
|turn|13
|
|t:|1769336071
|move|p1a: Tyranitar|Ice Punch|p2a: Hydrapple
|-supereffective|p2a: Hydrapple
|-damage|p2a: Hydrapple|26/100
|move|p2a: Hydrapple|Giga Drain|p1a: Tyranitar
|-supereffective|p1a: Tyranitar
|-damage|p1a: Tyranitar|34/100
|-heal|p2a: Hydrapple|45/100|[from] drain|[of] p1a: Tyranitar
|
|-weather|Sandstorm|[upkeep]
|-damage|p2a: Hydrapple|39/100|[from] Sandstorm
|upkeep
|turn|14
|inactive|aetherspring has 120 seconds left.
|
|t:|1769336118
|switch|p2a: Slowking|Slowking-Galar, F|100/100
|move|p1a: Tyranitar|Ice Punch|p2a: Slowking
|-damage|p2a: Slowking|80/100
|
|-weather|Sandstorm|[upkeep]
|-damage|p2a: Slowking|74/100|[from] Sandstorm
|upkeep
|turn|15
|
|t:|1769336121
|switch|p2a: Moltres|Moltres|100/100
|move|p1a: Tyranitar|Knock Off|p2a: Moltres
|-damage|p2a: Moltres|60/100
|-status|p1a: Tyranitar|brn|[from] ability: Flame Body|[of] p2a: Moltres
|-enditem|p2a: Moltres|Heavy-Duty Boots|[from] move: Knock Off|[of] p1a: Tyranitar
|
|-weather|Sandstorm|[upkeep]
|-damage|p2a: Moltres|54/100|[from] Sandstorm
|-damage|p1a: Tyranitar|28/100 brn|[from] brn
|upkeep
|turn|16
|inactive|aetherspring has 120 seconds left.
|
|t:|1769336126
|switch|p2a: Hydrapple|Hydrapple, M|72/100
|move|p1a: Tyranitar|Stealth Rock|p2a: Hydrapple
|-sidestart|p2: CambridgeFoulPlay|move: Stealth Rock
|
|-weather|Sandstorm|[upkeep]
|-damage|p2a: Hydrapple|66/100|[from] Sandstorm
|-damage|p1a: Tyranitar|22/100 brn|[from] brn
|upkeep
|turn|17
|
|t:|1769336129
|switch|p2a: Tyranitar|Tyranitar, F|100/100
|-damage|p2a: Tyranitar|88/100|[from] Stealth Rock
|move|p1a: Tyranitar|Ice Punch|p2a: Tyranitar
|-damage|p2a: Tyranitar|78/100
|
|-weather|Sandstorm|[upkeep]
|-damage|p1a: Tyranitar|15/100 brn|[from] brn
|upkeep
|turn|18
|
|t:|1769336131
|move|p1a: Tyranitar|Low Kick|p2a: Tyranitar
|-supereffective|p2a: Tyranitar
|-damage|p2a: Tyranitar|6/100
|move|p2a: Tyranitar|Stealth Rock|p1a: Tyranitar
|-sidestart|p1: aetherspring|move: Stealth Rock
|
|-weather|Sandstorm|[upkeep]
|-damage|p1a: Tyranitar|9/100 brn|[from] brn
|upkeep
|turn|19
|
|t:|1769336135
|switch|p2a: Hydrapple|Hydrapple, M|99/100
|move|p1a: Tyranitar|Ice Punch|p2a: Hydrapple
|-supereffective|p2a: Hydrapple
|-damage|p2a: Hydrapple|63/100
|-status|p2a: Hydrapple|frz
|
|-weather|none
|-damage|p1a: Tyranitar|3/100 brn|[from] brn
|upkeep
|turn|20
|
|t:|1769336140
|switch|p2a: Tyranitar|Tyranitar, F|6/100
|-damage|p2a: Tyranitar|0 fnt|[from] Stealth Rock
|faint|p2a: Tyranitar
|move|p1a: Tyranitar|Knock Off|p2: Tyranitar|[notarget]
|-fail|p1a: Tyranitar
|
|-damage|p1a: Tyranitar|0 fnt|[from] brn
|faint|p1a: Tyranitar
|upkeep
|
|t:|1769336157
|switch|p1a: Ogerpon|Ogerpon-Cornerstone, F|100/100
|switch|p2a: Slowking|Slowking-Galar, F|100/100
|-damage|p1a: Ogerpon|88/100|[from] Stealth Rock
|-damage|p2a: Slowking|88/100|[from] Stealth Rock
|turn|21
|
|t:|1769336166
|-terastallize|p1a: Ogerpon|Rock
|detailschange|p1a: Ogerpon|Ogerpon-Cornerstone-Tera, F, tera:Rock
|-ability|p1a: Ogerpon|Embody Aspect (Cornerstone)|boost
|-boost|p1a: Ogerpon|def|1
|move|p1a: Ogerpon|Ivy Cudgel|p2a: Slowking|[anim] Ivy Cudgel Rock
|-damage|p2a: Slowking|30/100
|move|p2a: Slowking|Ice Beam|p1a: Ogerpon
|-damage|p1a: Ogerpon|60/100
|-status|p1a: Ogerpon|frz
|
|upkeep
|turn|22
|
|t:|1769336172
|cant|p1a: Ogerpon|frz
|move|p2a: Slowking|Ice Beam|p1a: Ogerpon
|-damage|p1a: Ogerpon|32/100 frz
|
|upkeep
|turn|23
|
|t:|1769336177
|switch|p2a: Hydrapple|Hydrapple, M|97/100 frz
|cant|p1a: Ogerpon|frz
|
|upkeep
|turn|24
|
|t:|1769336179
|cant|p1a: Ogerpon|frz
|cant|p2a: Hydrapple|frz
|
|upkeep
|turn|25
|
|t:|1769336182
|cant|p1a: Ogerpon|frz
|cant|p2a: Hydrapple|frz
|
|upkeep
|turn|26
|
|t:|1769336184
|cant|p1a: Ogerpon|frz
|cant|p2a: Hydrapple|frz
|
|upkeep
|turn|27
|
|t:|1769336187
|cant|p1a: Ogerpon|frz
|cant|p2a: Hydrapple|frz
|
|upkeep
|turn|28
|c|☆aetherspring|haha
|
|t:|1769336191
|cant|p1a: Ogerpon|frz
|cant|p2a: Hydrapple|frz
|
|upkeep
|turn|29
|
|t:|1769336193
|cant|p1a: Ogerpon|frz
|cant|p2a: Hydrapple|frz
|
|upkeep
|turn|30
|
|t:|1769336195
|cant|p1a: Ogerpon|frz
|cant|p2a: Hydrapple|frz
|
|upkeep
|turn|31
|
|t:|1769336198
|cant|p1a: Ogerpon|frz
|cant|p2a: Hydrapple|frz
|
|upkeep
|turn|32
|
|t:|1769336200
|cant|p1a: Ogerpon|frz
|cant|p2a: Hydrapple|frz
|
|upkeep
|turn|33
|
|t:|1769336220
|-curestatus|p1a: Ogerpon|frz|[msg]
|move|p1a: Ogerpon|Ivy Cudgel|p2a: Hydrapple|[anim] Ivy Cudgel Rock
|-damage|p2a: Hydrapple|46/100 frz
|cant|p2a: Hydrapple|frz
|
|upkeep
|turn|34
|
|t:|1769336225
|switch|p2a: Moltres|Moltres|54/100
|-damage|p2a: Moltres|4/100|[from] Stealth Rock
|move|p1a: Ogerpon|Ivy Cudgel|p2a: Moltres|[anim] Ivy Cudgel Rock
|-supereffective|p2a: Moltres
|-damage|p2a: Moltres|0 fnt
|faint|p2a: Moltres
|
|upkeep
|
|t:|1769336227
|switch|p2a: Hydrapple|Hydrapple, M|79/100 frz
|turn|35
|
|t:|1769336230
|move|p1a: Ogerpon|Ivy Cudgel|p2a: Hydrapple|[anim] Ivy Cudgel Rock
|-damage|p2a: Hydrapple|32/100 frz
|cant|p2a: Hydrapple|frz
|
|upkeep
|turn|36
|
|t:|1769336232
|switch|p2a: Slowking|Slowking-Galar, F|63/100
|-damage|p2a: Slowking|50/100|[from] Stealth Rock
|move|p1a: Ogerpon|Ivy Cudgel|p2a: Slowking|[anim] Ivy Cudgel Rock
|-crit|p2a: Slowking
|-damage|p2a: Slowking|0 fnt
|faint|p2a: Slowking
|
|upkeep
|
|t:|1769336234
|switch|p2a: Hydrapple|Hydrapple, M|65/100 frz
|turn|37
|
|t:|1769336236
|-terastallize|p2a: Hydrapple|Poison
|move|p1a: Ogerpon|Ivy Cudgel|p2a: Hydrapple|[anim] Ivy Cudgel Rock
|-damage|p2a: Hydrapple|18/100 frz
|cant|p2a: Hydrapple|frz
|
|upkeep
|turn|38
|
|t:|1769336239
|move|p1a: Ogerpon|Ivy Cudgel|p2a: Hydrapple|[anim] Ivy Cudgel Rock
|-damage|p2a: Hydrapple|0 fnt
|faint|p2a: Hydrapple
|
|win|aetherspring
|raw|aetherspring's rating: 1565 &rarr; <strong>1587</strong><br />(+22 for winning)
|raw|CambridgeFoulPlay's rating: 1603 &rarr; <strong>1581</strong><br />(-22 for losing)
|c|☆CambridgeFoulPlay|gg
|c|☆aetherspring|gg
|l|☆CambridgeFoulPlay
|player|p2|
|l|☆aetherspring
|player|p1|
