|badge|p2|bronze|gen9doublesou|100-8
|uhtml|medal-msg|<div class="broadcast-blue">Curious what those medals under the avatar are? PS now has Ladder Seasons! For more information, check out the <a href="https://www.smogon.com/forums/threads/3740067/">thread on Smogon.</a></div>
|j|☆Zerotti
|j|☆RNG Savage
|t:|1769366062
|gametype|singles
|player|p1|Zerotti|#dwcopiv|1512
|player|p2|RNG Savage|giovanni-gen3|1490
|gen|9
|tier|[Gen 9] OU
|rated|
|rule|HP Percentage Mod: HP is shown in percentages
|rule|Endless Battle Clause: Forcing endless battles is banned
|rule|Species Clause: Limit one of each Pokémon
|rule|OHKO Clause: OHKO moves are banned
|rule|Evasion Items Clause: Evasion items are banned
|rule|Evasion Moves Clause: Evasion moves are banned
|rule|Evasion Abilities Clause: Evasion abilities are banned
|rule|Sleep Moves Clause: Sleep-inducing moves are banned
|clearpoke
|poke|p1|Indeedee, M|
|poke|p1|Hatterene, F|
|poke|p1|Hawlucha, F|
|poke|p1|Deoxys-Speed|
|poke|p1|Ceruledge, F|
|poke|p1|Maushold|
|poke|p2|Greninja-*, M|
|poke|p2|Darkrai|
|poke|p2|Gardevoir, F|
|poke|p2|Iron Crown|
|poke|p2|Latias, F|
|poke|p2|Altaria, F|
|teampreview
|
|t:|1769366077
|teamsize|p1|6
|teamsize|p2|6
|start
|switch|p1a: Indeedee|Indeedee, M|100/100
|switch|p2a: Iron Crown|Iron Crown|100/100
|-fieldstart|move: Psychic Terrain|[from] ability: Psychic Surge|[of] p1a: Indeedee
|-enditem|p2a: Iron Crown|Booster Energy
|-activate|p2a: Iron Crown|ability: Quark Drive|[fromitem]
|-start|p2a: Iron Crown|quarkdrivespe
|turn|1
|inactive|Battle timer is ON: inactive players will automatically lose when time's up. (requested by RNG Savage)
|
|t:|1769366143
|switch|p1a: Hatterene|Hatterene, F|100/100
|move|p2a: Iron Crown|Calm Mind|p2a: Iron Crown
|-boost|p2a: Iron Crown|spa|1
|-boost|p2a: Iron Crown|spd|1
|
|upkeep
|turn|2
|
|t:|1769366146
|move|p2a: Iron Crown|Tachyon Cutter|p1a: Hatterene
|-supereffective|p1a: Hatterene
|-damage|p1a: Hatterene|19/100
|-supereffective|p1a: Hatterene
|-damage|p1a: Hatterene|0 fnt
|faint|p1a: Hatterene
|-hitcount|p1: Hatterene|2
|
|upkeep
|
|t:|1769366151
|switch|p1a: Ceruledge|Ceruledge, F|100/100
|turn|3
|
|t:|1769366159
|move|p2a: Iron Crown|Psyshock|p1a: Ceruledge
|-damage|p1a: Ceruledge|5/100
|move|p1a: Ceruledge|Bitter Blade|p2a: Iron Crown
|-supereffective|p2a: Iron Crown
|-damage|p2a: Iron Crown|8/100
|-heal|p1a: Ceruledge|56/100|[from] drain|[of] p2a: Iron Crown
|
|upkeep
|turn|4
|
|t:|1769366176
|move|p2a: Iron Crown|Psyshock|p1a: Ceruledge
|-damage|p1a: Ceruledge|0 fnt
|faint|p1a: Ceruledge
|
|upkeep
|
|t:|1769366183
|switch|p1a: Hawlucha|Hawlucha, F|100/100
|-enditem|p1a: Hawlucha|Psychic Seed
|-boost|p1a: Hawlucha|spd|1|[from] item: Psychic Seed
|turn|5
|
|t:|1769366187
|move|p1a: Hawlucha|Acrobatics|p2a: Iron Crown
|-resisted|p2a: Iron Crown
|-damage|p2a: Iron Crown|0 fnt
|faint|p2a: Iron Crown
|-end|p2a: Iron Crown|Quark Drive|[silent]
|
|upkeep
|
|t:|1769366198
|switch|p2a: Gardevoir|Gardevoir, F, shiny|100/100
|-ability|p2a: Gardevoir|Unburden|Trace|[from] ability: Trace|[of] p1a: Hawlucha
|turn|6
|
|t:|1769366205
|move|p1a: Hawlucha|Acrobatics|p2a: Gardevoir
|-damage|p2a: Gardevoir|39/100
|move|p2a: Gardevoir|Psyshock|p1a: Hawlucha
|-supereffective|p1a: Hawlucha
|-damage|p1a: Hawlucha|0 fnt
|faint|p1a: Hawlucha
|
|upkeep
|
|t:|1769366213
|switch|p1a: Deoxys|Deoxys-Speed|100/100
|-ability|p1a: Deoxys|Pressure
|turn|7
|
|t:|1769366219
|move|p1a: Deoxys|Stealth Rock|p2a: Gardevoir
|-sidestart|p2: RNG Savage|move: Stealth Rock
|move|p2a: Gardevoir|Mystical Fire|p1a: Deoxys
|-damage|p1a: Deoxys|56/100
|-unboost|p1a: Deoxys|spa|1
|
|upkeep
|turn|8
|
|t:|1769366227
|move|p1a: Deoxys|Nasty Plot|p1a: Deoxys
|-boost|p1a: Deoxys|spa|2
|move|p2a: Gardevoir|Moonblast|p1a: Deoxys
|-damage|p1a: Deoxys|0 fnt
|faint|p1a: Deoxys
|
|-fieldend|move: Psychic Terrain
|upkeep
|
|t:|1769366234
|switch|p1a: Indeedee|Indeedee, M|100/100
|-fieldstart|move: Psychic Terrain|[from] ability: Psychic Surge|[of] p1a: Indeedee
|turn|9
|
|t:|1769366239
|move|p1a: Indeedee|Expanding Force|p2a: Gardevoir
|-resisted|p2a: Gardevoir
|-damage|p2a: Gardevoir|19/100
|move|p2a: Gardevoir|Mystical Fire|p1a: Indeedee
|-damage|p1a: Indeedee|70/100
|-unboost|p1a: Indeedee|spa|1
|
|upkeep
|turn|10
|
|t:|1769366246
|move|p1a: Indeedee|Encore|p2a: Gardevoir
|-start|p2a: Gardevoir|Encore
|move|p2a: Gardevoir|Mystical Fire|p1a: Indeedee
|-damage|p1a: Indeedee|40/100
|-unboost|p1a: Indeedee|spa|1
|
|upkeep
|turn|11
|
|t:|1769366251
|move|p1a: Indeedee|Healing Wish|p1a: Indeedee
|faint|p1a: Indeedee
|move|p2a: Gardevoir|Mystical Fire|p1: Indeedee|[notarget]
|-fail|p2a: Gardevoir
|
|upkeep
|
|t:|1769366253
|switch|p1a: Maushold|Maushold|100/100
|turn|12
|
|t:|1769366263
|move|p1a: Maushold|Tidy Up|p1a: Maushold
|-sideend|p2: RNG Savage|Stealth Rock
|-activate|p1a: Maushold|move: Tidy Up
|-boost|p1a: Maushold|atk|1
|-boost|p1a: Maushold|spe|1
|move|p2a: Gardevoir|Mystical Fire|p1a: Maushold
|-damage|p1a: Maushold|56/100
|-unboost|p1a: Maushold|spa|1
|
|-end|p2a: Gardevoir|Encore
|upkeep
|turn|13
|
|t:|1769366276
|move|p1a: Maushold|Bite|p2a: Gardevoir
|-damage|p2a: Gardevoir|0 fnt
|faint|p2a: Gardevoir
|
|upkeep
|
|t:|1769366290
|switch|p2a: Greninja|Greninja, M, shiny|100/100
|turn|14
|
|t:|1769366295
|move|p1a: Maushold|Population Bomb|p2a: Greninja
|-damage|p2a: Greninja|72/100
|-damage|p2a: Greninja|40/100
|-damage|p2a: Greninja|9/100
|-damage|p2a: Greninja|0 fnt
|faint|p2a: Greninja
|-hitcount|p2: Greninja|4
|
|upkeep
|
|t:|1769366309
|switch|p2a: Latias|Latias, F|100/100
|turn|15
|inactive|Zerotti has 120 seconds left.
|
|t:|1769366341
|move|p1a: Maushold|Population Bomb|p2a: Latias
|-damage|p2a: Latias|88/100
|-damage|p2a: Latias|77/100
|-damage|p2a: Latias|66/100
|-damage|p2a: Latias|54/100
|-damage|p2a: Latias|43/100
|-damage|p2a: Latias|30/100
|-damage|p2a: Latias|18/100
|-damage|p2a: Latias|7/100
|-damage|p2a: Latias|0 fnt
|faint|p2a: Latias
|-hitcount|p2: Latias|9
|
|upkeep
|
|t:|1769366353
|switch|p2a: Altaria|Altaria, F|100/100
|-ability|p2a: Altaria|Cloud Nine
|turn|16
|inactive|Zerotti has 120 seconds left.
|
|t:|1769366386
|move|p1a: Maushold|Population Bomb|p2a: Altaria
|-damage|p2a: Altaria|81/100
|-damage|p2a: Altaria|59/100
|-damage|p2a: Altaria|38/100
|-damage|p2a: Altaria|16/100
|-damage|p2a: Altaria|0 fnt
|faint|p2a: Altaria
|-hitcount|p2: Altaria|5
|
|-fieldend|move: Psychic Terrain
|upkeep
|
|t:|1769366402
|switch|p2a: Darkrai|Darkrai, shiny|100/100
|turn|17
|
|t:|1769366409
|-terastallize|p2a: Darkrai|Ghost
|move|p1a: Maushold|Population Bomb|p2a: Darkrai
|-immune|p2a: Darkrai
|move|p2a: Darkrai|Dark Pulse|p1a: Maushold
|-damage|p1a: Maushold|0 fnt
|faint|p1a: Maushold
|
|win|RNG Savage
|raw|Zerotti's rating: 1512 &rarr; <strong>1491</strong><br />(-21 for losing)
|raw|RNG Savage's rating: 1490 &rarr; <strong>1511</strong><br />(+21 for winning)
|c|☆RNG Savage|:)
|l|☆Zerotti
|player|p1|
|c|☆RNG Savage|Evil haha
|l|☆RNG Savage
|player|p2|
