|j|‽liamsdad
|j|☆rillaMane
|t:|1769380420
|gametype|singles
|player|p1|liamsdad|bruno|1655
|player|p2|rillaMane|102|1671
|gen|9
|tier|[Gen 9] OU
|rated|
|rule|HP Percentage Mod: HP is shown in percentages
|rule|Endless Battle Clause: Forcing endless battles is banned
|rule|Species Clause: Limit one of each Pokémon
|rule|OHKO Clause: OHKO moves are banned
|rule|Evasion Items Clause: Evasion items are banned
|rule|Evasion Moves Clause: Evasion moves are banned
|rule|Evasion Abilities Clause: Evasion abilities are banned
|rule|Sleep Moves Clause: Sleep-inducing moves are banned
|clearpoke
|poke|p1|Cyclizar, M|
|poke|p1|Alomomola, M|
|poke|p1|Slowking-Galar, M|
|poke|p1|Hydrapple, M|
|poke|p1|Toxapex, M|
|poke|p1|Slowbro, M|
|poke|p2|Araquanid, M|
|poke|p2|Gholdengo|
|poke|p2|Iron Moth|
|poke|p2|Iron Valiant|
|poke|p2|Raging Bolt|
|poke|p2|Kingambit, F|
|teampreview
|inactive|Battle timer is ON: inactive players will automatically lose when time's up. (requested by rillaMane)
|inactive|rillaMane has 120 seconds left.
|
|t:|1769380463
|teamsize|p1|6
|teamsize|p2|6
|start
|switch|p1a: Hydrapple|Hydrapple, M|100/100
|switch|p2a: peter parker|Araquanid, M|100/100
|turn|1
|
|t:|1769380467
|move|p1a: Hydrapple|Nasty Plot|p1a: Hydrapple
|-boost|p1a: Hydrapple|spa|2
|move|p2a: peter parker|Sticky Web|p1a: Hydrapple
|-sidestart|p1: liamsdad|move: Sticky Web
|
|upkeep
|turn|2
|
|t:|1769380479
|move|p1a: Hydrapple|Draco Meteor|p2a: peter parker
|-damage|p2a: peter parker|3/100
|-unboost|p1a: Hydrapple|spa|2
|move|p2a: peter parker|Endeavor|p1a: Hydrapple
|-damage|p1a: Hydrapple|3/100
|
|upkeep
|turn|3
|inactive|rillaMane has 120 seconds left.
|-enditem|p2a: peter parker|Custap Berry|[eat]
|-activate|p2a: peter parker|item: Custap Berry|[consumed]
|
|t:|1769380519
|switch|p1a: Toxapex|Toxapex, M|100/100
|move|p2a: peter parker|Lunge|p1a: Toxapex
|-resisted|p1a: Toxapex
|-damage|p1a: Toxapex|95/100
|-unboost|p1a: Toxapex|atk|1
|
|upkeep
|turn|4
|inactive|liamsdad has 120 seconds left.
|
|t:|1769380551
|move|p2a: peter parker|Endeavor|p1a: Toxapex
|-damage|p1a: Toxapex|4/100
|move|p1a: Toxapex|Toxic Spikes|p2a: peter parker
|-sidestart|p2: rillaMane|move: Toxic Spikes
|
|upkeep
|turn|5
|inactive|liamsdad has 120 seconds left.
|
|t:|1769380562
|move|p2a: peter parker|Surf|p1a: Toxapex
|-resisted|p1a: Toxapex
|-damage|p1a: Toxapex|0 fnt
|faint|p1a: Toxapex
|
|upkeep
|inactive|liamsdad has 120 seconds left.
|
|t:|1769380567
|switch|p1a: Cyclizar|Cyclizar, M|100/100
|turn|6
|
|t:|1769380575
|move|p1a: Cyclizar|Overheat|p2a: peter parker
|-damage|p2a: peter parker|0 fnt
|-unboost|p1a: Cyclizar|spa|2
|faint|p2a: peter parker
|
|upkeep
|
|t:|1769380584
|switch|p2a: lamp|Iron Moth|100/100
|-sideend|p2: rillaMane|move: Toxic Spikes|[of] p2a: lamp
|-enditem|p2a: lamp|Booster Energy
|-activate|p2a: lamp|ability: Quark Drive|[fromitem]
|-start|p2a: lamp|quarkdrivespa
|turn|7
|inactive|liamsdad has 120 seconds left.
|
|t:|1769380621
|move|p1a: Cyclizar|U-turn|p2a: lamp
|-resisted|p2a: lamp
|-damage|p2a: lamp|95/100
|
|t:|1769380632
|switch|p1a: Slowking|Slowking-Galar, M|100/100|[from] U-turn
|move|p2a: lamp|Substitute|p2a: lamp
|-start|p2a: lamp|Substitute
|-damage|p2a: lamp|70/100
|
|upkeep
|turn|8
|
|t:|1769380635
|move|p2a: lamp|Fiery Dance|p1a: Slowking
|-damage|p1a: Slowking|57/100
|move|p1a: Slowking|Psyshock|p2a: lamp
|-supereffective|p2a: lamp
|-end|p2a: lamp|Substitute
|
|upkeep
|turn|9
|
|t:|1769380644
|-end|p2a: lamp|Quark Drive|[silent]
|switch|p2a: lol|Kingambit, F|100/100
|-activate|p2a: lol|ability: Supreme Overlord
|-start|p2a: lol|fallen1|[silent]
|-item|p2a: lol|Air Balloon
|move|p1a: Slowking|Psyshock|p2a: lol
|-immune|p2a: lol
|
|upkeep
|turn|10
|
|t:|1769380653
|move|p2a: lol|Swords Dance|p2a: lol
|-boost|p2a: lol|atk|2
|move|p1a: Slowking|Flamethrower|p2a: lol
|-supereffective|p2a: lol
|-damage|p2a: lol|29/100
|-enditem|p2a: lol|Air Balloon
|
|upkeep
|turn|11
|
|t:|1769380662
|switch|p1a: Hydrapple|Hydrapple, M|36/100
|move|p2a: lol|Kowtow Cleave|p1a: Hydrapple
|-damage|p1a: Hydrapple|0 fnt
|faint|p1a: Hydrapple
|
|upkeep
|
|t:|1769380669
|switch|p1a: Slowbro|Slowbro, M|100/100
|turn|12
|
|t:|1769380671
|-terastallize|p1a: Slowbro|Grass
|move|p2a: lol|Kowtow Cleave|p1a: Slowbro
|-damage|p1a: Slowbro|44/100
|move|p1a: Slowbro|Scald|p2a: lol
|-damage|p2a: lol|0 fnt
|faint|p2a: lol
|-end|p2a: lol|fallen1|[silent]
|
|upkeep
|
|t:|1769380682
|switch|p2a: lamp|Iron Moth|70/100
|turn|13
|
|t:|1769380686
|move|p2a: lamp|Fiery Dance|p1a: Slowbro
|-supereffective|p1a: Slowbro
|-damage|p1a: Slowbro|0 fnt
|faint|p1a: Slowbro
|
|upkeep
|
|t:|1769380694
|switch|p1a: Slowking|Slowking-Galar, M|90/100
|turn|14
|
|t:|1769380704
|move|p2a: lamp|Fiery Dance|p1a: Slowking
|-damage|p1a: Slowking|56/100
|move|p1a: Slowking|Flamethrower|p2a: lamp
|-resisted|p2a: lamp
|-damage|p2a: lamp|55/100
|
|upkeep
|turn|15
|
|t:|1769380709
|move|p2a: lamp|Fiery Dance|p1a: Slowking
|-damage|p1a: Slowking|22/100
|-boost|p2a: lamp|spa|1
|move|p1a: Slowking|Psyshock|p2a: lamp
|-supereffective|p2a: lamp
|-damage|p2a: lamp|0 fnt
|faint|p2a: lamp
|-end|p2a: lamp|Quark Drive|[silent]
|
|upkeep
|
|t:|1769380728
|switch|p2a: charles james|Iron Valiant|100/100
|-enditem|p2a: charles james|Booster Energy
|-activate|p2a: charles james|ability: Quark Drive|[fromitem]
|-start|p2a: charles james|quarkdrivespa
|turn|16
|
|t:|1769380734
|switch|p1a: Alomomola|Alomomola, M|100/100
|move|p2a: charles james|Shadow Ball|p1a: Alomomola
|-damage|p1a: Alomomola|59/100
|
|upkeep
|turn|17
|
|t:|1769380740
|move|p2a: charles james|Moonblast|p1a: Alomomola
|-damage|p1a: Alomomola|0 fnt
|faint|p1a: Alomomola
|
|upkeep
|
|t:|1769380755
|switch|p1a: Cyclizar|Cyclizar, M|100/100
|turn|18
|
|t:|1769380764
|switch|p1a: Slowking|Slowking-Galar, M|55/100
|move|p2a: charles james|Vacuum Wave|p1a: Slowking
|-resisted|p1a: Slowking
|-damage|p1a: Slowking|49/100
|
|upkeep
|turn|19
|
|t:|1769380767
|switch|p1a: Cyclizar|Cyclizar, M|100/100
|move|p2a: charles james|Shadow Ball|p1a: Cyclizar
|-immune|p1a: Cyclizar
|
|upkeep
|turn|20
|
|t:|1769380772
|move|p1a: Cyclizar|Rapid Spin|p2a: charles james
|-damage|p2a: charles james|82/100
|-boost|p1a: Cyclizar|spe|1
|-sideend|p1: liamsdad|Sticky Web|[from] move: Rapid Spin|[of] p1a: Cyclizar
|move|p2a: charles james|Moonblast|p1a: Cyclizar
|-supereffective|p1a: Cyclizar
|-damage|p1a: Cyclizar|0 fnt
|faint|p1a: Cyclizar
|
|upkeep
|
|t:|1769380775
|switch|p1a: Slowking|Slowking-Galar, M|83/100
|turn|21
|
|t:|1769380784
|-terastallize|p2a: charles james|Ghost
|move|p2a: charles james|Shadow Ball|p1a: Slowking
|-supereffective|p1a: Slowking
|-damage|p1a: Slowking|0 fnt
|faint|p1a: Slowking
|
|win|rillaMane
|raw|liamsdad's rating: 1655 &rarr; <strong>1636</strong><br />(-19 for losing)
|raw|rillaMane's rating: 1671 &rarr; <strong>1690</strong><br />(+19 for winning)
|l|‽liamsdad
|player|p1|
