|j|☆giogiovannio
|j|☆blckd out
|t:|1769343587
|gametype|singles
|player|p1|giogiovannio|drayden|1715
|player|p2|blckd out|lucas-gen4pt|1731
|gen|9
|tier|[Gen 9] OU
|rated|
|rule|HP Percentage Mod: HP is shown in percentages
|rule|Endless Battle Clause: Forcing endless battles is banned
|rule|Species Clause: Limit one of each Pokémon
|rule|OHKO Clause: OHKO moves are banned
|rule|Evasion Items Clause: Evasion items are banned
|rule|Evasion Moves Clause: Evasion moves are banned
|rule|Evasion Abilities Clause: Evasion abilities are banned
|rule|Sleep Moves Clause: Sleep-inducing moves are banned
|clearpoke
|poke|p1|Regidrago|
|poke|p1|Araquanid, F|
|poke|p1|Gholdengo|
|poke|p1|Zamazenta-*|
|poke|p1|Iron Moth|
|poke|p1|Raging Bolt|
|poke|p2|Gholdengo|
|poke|p2|Raging Bolt|
|poke|p2|Ceruledge, M|
|poke|p2|Ribombee, F|
|poke|p2|Ogerpon-Wellspring, F|
|poke|p2|Great Tusk|
|teampreview
|
|t:|1769343593
|teamsize|p1|6
|teamsize|p2|6
|start
|switch|p1a: Araquanid|Araquanid, F|100/100
|switch|p2a: Raging Bolt|Raging Bolt|100/100
|-enditem|p2a: Raging Bolt|Booster Energy
|-activate|p2a: Raging Bolt|ability: Protosynthesis|[fromitem]
|-start|p2a: Raging Bolt|protosynthesisspa
|turn|1
|
|t:|1769343647
|move|p2a: Raging Bolt|Discharge|p1a: Araquanid
|-supereffective|p1a: Araquanid
|-damage|p1a: Araquanid|1/100
|move|p1a: Araquanid|Sticky Web|p2a: Raging Bolt
|-sidestart|p2: blckd out|move: Sticky Web
|
|upkeep
|turn|2
|-enditem|p1a: Araquanid|Custap Berry|[eat]
|-activate|p1a: Araquanid|item: Custap Berry|[consumed]
|
|t:|1769343665
|move|p2a: Raging Bolt|Thunderclap|p1a: Araquanid
|-supereffective|p1a: Araquanid
|-damage|p1a: Araquanid|0 fnt
|faint|p1a: Araquanid
|
|upkeep
|
|t:|1769343671
|switch|p1a: Regidrago|Regidrago|100/100
|turn|3
|
|t:|1769343680
|-terastallize|p2a: Raging Bolt|Fairy
|move|p1a: Regidrago|Outrage|p2a: Raging Bolt
|-immune|p2a: Raging Bolt
|move|p2a: Raging Bolt|Dragon Pulse|p1a: Regidrago
|-supereffective|p1a: Regidrago
|-crit|p1a: Regidrago
|-damage|p1a: Regidrago|0 fnt
|faint|p1a: Regidrago
|
|upkeep
|
|t:|1769343704
|switch|p1a: Iron Moth|Iron Moth|100/100
|-enditem|p1a: Iron Moth|Booster Energy
|-activate|p1a: Iron Moth|ability: Quark Drive|[fromitem]
|-start|p1a: Iron Moth|quarkdrivespa
|turn|4
|
|t:|1769343710
|move|p2a: Raging Bolt|Thunderclap|p1a: Iron Moth
|-damage|p1a: Iron Moth|44/100
|move|p1a: Iron Moth|Sludge Wave|p2a: Raging Bolt
|-supereffective|p2a: Raging Bolt
|-damage|p2a: Raging Bolt|0 fnt
|faint|p2a: Raging Bolt
|-end|p2a: Raging Bolt|Protosynthesis|[silent]
|
|upkeep
|j| Zuhaitz01
|
|t:|1769343720
|switch|p2a: Ribombee|Ribombee, F|100/100
|-activate|p2a: Ribombee|move: Sticky Web
|-unboost|p2a: Ribombee|spe|1
|turn|5
|
|t:|1769343729
|move|p1a: Iron Moth|Fiery Dance|p2a: Ribombee
|-supereffective|p2a: Ribombee
|-enditem|p2a: Ribombee|Focus Sash
|-damage|p2a: Ribombee|1/100
|move|p2a: Ribombee|Sticky Web|p1a: Iron Moth
|-sidestart|p1: giogiovannio|move: Sticky Web
|
|upkeep
|turn|6
|
|t:|1769343741
|move|p1a: Iron Moth|Fiery Dance|p2a: Ribombee
|-supereffective|p2a: Ribombee
|-damage|p2a: Ribombee|0 fnt
|-boost|p1a: Iron Moth|spa|1
|faint|p2a: Ribombee
|
|upkeep
|
|t:|1769343743
|switch|p2a: Ceruledge|Ceruledge, M|100/100
|-activate|p2a: Ceruledge|move: Sticky Web
|-unboost|p2a: Ceruledge|spe|1
|turn|7
|
|t:|1769343749
|move|p1a: Iron Moth|Psychic|p2a: Ceruledge
|-damage|p2a: Ceruledge|29/100
|move|p2a: Ceruledge|Bitter Blade|p1a: Iron Moth
|-resisted|p1a: Iron Moth
|-damage|p1a: Iron Moth|2/100
|-heal|p2a: Ceruledge|51/100|[from] drain|[of] p1a: Iron Moth
|
|upkeep
|turn|8
|
|t:|1769343755
|move|p1a: Iron Moth|Psychic|p2a: Ceruledge
|-damage|p2a: Ceruledge|0 fnt
|faint|p2a: Ceruledge
|
|upkeep
|-message|blckd out forfeited.
|
|win|giogiovannio
|raw|giogiovannio's rating: 1715 &rarr; <strong>1737</strong><br />(+22 for winning)
|raw|blckd out's rating: 1748 &rarr; <strong>1726</strong><br />(-22 for losing)
|l|☆blckd out
|player|p2|
|l| Zuhaitz01
