|j|☆Roseraiders
|j|☆TangelaMerkel7
|t:|1769307714
|gametype|singles
|player|p1|Roseraiders|blackbelt-gen4dp|1132
|player|p2|TangelaMerkel7|n|1067
|gen|9
|tier|[Gen 9] OU
|rated|
|rule|HP Percentage Mod: HP is shown in percentages
|rule|Endless Battle Clause: Forcing endless battles is banned
|rule|Species Clause: Limit one of each Pokémon
|rule|OHKO Clause: OHKO moves are banned
|rule|Evasion Items Clause: Evasion items are banned
|rule|Evasion Moves Clause: Evasion moves are banned
|rule|Evasion Abilities Clause: Evasion abilities are banned
|rule|Sleep Moves Clause: Sleep-inducing moves are banned
|clearpoke
|poke|p1|Breloom, M|
|poke|p1|Gholdengo|
|poke|p1|Blastoise, F|
|poke|p1|Iron Moth|
|poke|p1|Salamence, F|
|poke|p1|Necrozma|
|poke|p2|Cinderace, F|
|poke|p2|Heracross, M|
|poke|p2|Gengar, F|
|poke|p2|Gholdengo|
|poke|p2|Zangoose, M|
|poke|p2|Luxray, M|
|teampreview
|inactive|Battle timer is ON: inactive players will automatically lose when time's up. (requested by TangelaMerkel7)
|
|t:|1769307732
|teamsize|p1|6
|teamsize|p2|6
|start
|switch|p1a: Necrozma|Necrozma|100/100
|switch|p2a: Gorgonzola|Gengar, F|100/100
|turn|1
|
|t:|1769307741
|move|p2a: Gorgonzola|Toxic Spikes|p1a: Necrozma
|-sidestart|p1: Roseraiders|move: Toxic Spikes
|move|p1a: Necrozma|Photon Geyser|p2a: Gorgonzola
|-supereffective|p2a: Gorgonzola
|-crit|p2a: Gorgonzola
|-enditem|p2a: Gorgonzola|Focus Sash
|-damage|p2a: Gorgonzola|1/100
|
|upkeep
|turn|2
|
|t:|1769307754
|move|p2a: Gorgonzola|Foul Play|p1a: Necrozma
|-supereffective|p1a: Necrozma
|-damage|p1a: Necrozma|68/100
|move|p1a: Necrozma|Stealth Rock|p2a: Gorgonzola
|-sidestart|p2: TangelaMerkel7|move: Stealth Rock
|
|upkeep
|turn|3
|
|t:|1769307767
|move|p2a: Gorgonzola|Foul Play|p1a: Necrozma
|-supereffective|p1a: Necrozma
|-damage|p1a: Necrozma|37/100
|move|p1a: Necrozma|Earth Power|p2a: Gorgonzola
|-supereffective|p2a: Gorgonzola
|-damage|p2a: Gorgonzola|0 fnt
|faint|p2a: Gorgonzola
|
|upkeep
|
|t:|1769307775
|switch|p2a: Roquefort|Cinderace, F|100/100
|turn|4
|
|t:|1769307779
|move|p2a: Roquefort|Court Change|p2a: Roquefort
|-swapsideconditions
|-activate|p2a: Roquefort|move: Court Change
|move|p1a: Necrozma|Meteor Beam||[still]
|-prepare|p1a: Necrozma|Meteor Beam
|-boost|p1a: Necrozma|spa|1
|-enditem|p1a: Necrozma|Power Herb
|-anim|p1a: Necrozma|Meteor Beam|p2a: Roquefort
|-supereffective|p2a: Roquefort
|-damage|p2a: Roquefort|0 fnt
|faint|p2a: Roquefort
|
|upkeep
|
|t:|1769307793
|switch|p2a: Lünberg|Luxray, M|100/100
|-status|p2a: Lünberg|psn
|turn|5
|c|☆Roseraiders|:O self poison :D
|c|☆Roseraiders|I love it
|
|t:|1769307808
|move|p2a: Lünberg|Supercell Slam|p1a: Necrozma
|-damage|p1a: Necrozma|0 fnt
|faint|p1a: Necrozma
|
|-damage|p2a: Lünberg|88/100 psn|[from] psn
|upkeep
|
|t:|1769307821
|switch|p1a: Iron Moth|Iron Moth|100/100
|-damage|p1a: Iron Moth|76/100|[from] Stealth Rock
|-enditem|p1a: Iron Moth|Booster Energy
|-activate|p1a: Iron Moth|ability: Quark Drive|[fromitem]
|-start|p1a: Iron Moth|quarkdrivespe
|turn|6
|
|t:|1769307831
|move|p1a: Iron Moth|Sludge Wave|p2a: Lünberg
|-damage|p2a: Lünberg|21/100 psn
|move|p2a: Lünberg|Supercell Slam|p1a: Iron Moth
|-damage|p1a: Iron Moth|0 fnt
|faint|p1a: Iron Moth
|-end|p1a: Iron Moth|Quark Drive|[silent]
|
|-damage|p2a: Lünberg|9/100 psn|[from] psn
|upkeep
|
|t:|1769307840
|switch|p1a: Breloom|Breloom, M|100/100
|-damage|p1a: Breloom|94/100|[from] Stealth Rock
|turn|7
|
|t:|1769307845
|move|p1a: Breloom|Protect|p1a: Breloom
|-singleturn|p1a: Breloom|Protect
|move|p2a: Lünberg|Supercell Slam|p1a: Breloom
|-activate|p1a: Breloom|move: Protect
|-damage|p2a: Lünberg|0 fnt|[from] supercellslam
|faint|p2a: Lünberg
|
|-status|p1a: Breloom|tox|[from] item: Toxic Orb
|upkeep
|inactive|TangelaMerkel7 has 120 seconds left.
|
|t:|1769307877
|switch|p2a: Haloumi|Heracross, M|100/100
|-status|p2a: Haloumi|psn
|turn|8
|
|t:|1769307904
|move|p2a: Haloumi|Facade|p1a: Breloom
|-damage|p1a: Breloom|0 fnt
|faint|p1a: Breloom
|
|-damage|p2a: Haloumi|88/100 psn|[from] psn
|upkeep
|
|t:|1769307908
|switch|p1a: Salamence|Salamence, F|100/100
|-damage|p1a: Salamence|76/100|[from] Stealth Rock
|turn|9
|inactive|Roseraiders has 120 seconds left.
|
|t:|1769307930
|move|p2a: Haloumi|Facade|p1a: Salamence
|-damage|p1a: Salamence|0 fnt
|faint|p1a: Salamence
|
|-damage|p2a: Haloumi|76/100 psn|[from] psn
|upkeep
|inactive|Roseraiders has 120 seconds left.
|
|t:|1769307938
|switch|p1a: Blastoise|Blastoise, F|100/100
|turn|10
|
|t:|1769307944
|move|p2a: Haloumi|Facade|p1a: Blastoise
|-damage|p1a: Blastoise|49/100
|move|p1a: Blastoise|Rapid Spin|p2a: Haloumi
|-damage|p2a: Haloumi|62/100 psn
|-boost|p1a: Blastoise|spe|1
|-sideend|p1: Roseraiders|Stealth Rock|[from] move: Rapid Spin|[of] p1a: Blastoise
|
|-damage|p2a: Haloumi|50/100 psn|[from] psn
|upkeep
|turn|11
|
|t:|1769307954
|move|p2a: Haloumi|Facade|p1a: Blastoise
|-damage|p1a: Blastoise|0 fnt
|faint|p1a: Blastoise
|
|-damage|p2a: Haloumi|37/100 psn|[from] psn
|upkeep
|
|t:|1769307959
|switch|p1a: Gholdengo|Gholdengo|100/100
|-item|p1a: Gholdengo|Air Balloon
|turn|12
|
|t:|1769307980
|switch|p2a: Cracker|Gholdengo|100/100
|-item|p2a: Cracker|Air Balloon
|move|p1a: Gholdengo|Hex|p2a: Cracker
|-supereffective|p2a: Cracker
|-damage|p2a: Cracker|34/100
|-enditem|p2a: Cracker|Air Balloon
|
|upkeep
|turn|13
|
|t:|1769307991
|move|p2a: Cracker|Shadow Ball|p1a: Gholdengo
|-supereffective|p1a: Gholdengo
|-damage|p1a: Gholdengo|19/100
|-enditem|p1a: Gholdengo|Air Balloon
|move|p1a: Gholdengo|Hex|p2a: Cracker
|-supereffective|p2a: Cracker
|-damage|p2a: Cracker|0 fnt
|faint|p2a: Cracker
|
|upkeep
|-message|Roseraiders forfeited.
|
|win|TangelaMerkel7
|raw|Roseraiders's rating: 1132 &rarr; <strong>1102</strong><br />(-30 for losing)
|raw|TangelaMerkel7's rating: 1067 &rarr; <strong>1102</strong><br />(+35 for winning)
|l|☆Roseraiders
|player|p1|
|l|☆TangelaMerkel7
|player|p2|
