|badge|p1|bronze|gen9ou|100-8
|uhtml|medal-msg|<div class="broadcast-blue">Curious what those medals under the avatar are? PS now has Ladder Seasons! For more information, check out the <a href="https://www.smogon.com/forums/threads/3740067/">thread on Smogon.</a></div>
|j|☆noob1877 test
|j|☆TheAzulKiwi
|t:|1769365242
|gametype|singles
|player|p1|noob1877 test|1|1853
|player|p2|TheAzulKiwi|clemont|1804
|gen|9
|tier|[Gen 9] OU
|rated|
|rule|HP Percentage Mod: HP is shown in percentages
|rule|Endless Battle Clause: Forcing endless battles is banned
|rule|Species Clause: Limit one of each Pokémon
|rule|OHKO Clause: OHKO moves are banned
|rule|Evasion Items Clause: Evasion items are banned
|rule|Evasion Moves Clause: Evasion moves are banned
|rule|Evasion Abilities Clause: Evasion abilities are banned
|rule|Sleep Moves Clause: Sleep-inducing moves are banned
|clearpoke
|poke|p1|Hydrapple, M|
|poke|p1|Clodsire, M|
|poke|p1|Cinderace, M|
|poke|p1|Great Tusk|
|poke|p1|Pecharunt|
|poke|p1|Bronzong|
|poke|p2|Ceruledge, M|
|poke|p2|Hoopa-Unbound|
|poke|p2|Samurott-Hisui, M|
|poke|p2|Zamazenta-*|
|poke|p2|Iron Treads|
|poke|p2|Raging Bolt|
|teampreview
|inactive|Battle timer is ON: inactive players will automatically lose when time's up. (requested by noob1877 test)
|
|t:|1769365267
|teamsize|p1|6
|teamsize|p2|6
|start
|switch|p1a: Hydrapple|Hydrapple, M|100/100
|switch|p2a: Zamazenta|Zamazenta|100/100
|-ability|p2a: Zamazenta|Dauntless Shield|boost
|-boost|p2a: Zamazenta|def|1
|turn|1
|
|t:|1769365288
|switch|p2a: Hoopa|Hoopa-Unbound|100/100
|switch|p1a: Pecharunt|Pecharunt|100/100
|
|upkeep
|turn|2
|
|t:|1769365296
|-terastallize|p1a: Pecharunt|Dark
|move|p1a: Pecharunt|Foul Play|p2a: Hoopa
|-damage|p2a: Hoopa|44/100
|move|p2a: Hoopa|Psychic Noise|p1a: Pecharunt
|-immune|p1a: Pecharunt
|
|upkeep
|turn|3
|c|☆TheAzulKiwi|ow
|c|☆TheAzulKiwi|so much
|c|☆TheAzulKiwi|so much damage
|
|t:|1769365318
|switch|p2a: Samurott|Samurott-Hisui, M|100/100
|move|p1a: Pecharunt|Foul Play|p2a: Samurott
|-resisted|p2a: Samurott
|-damage|p2a: Samurott|75/100
|
|upkeep
|turn|4
|
|t:|1769365325
|move|p2a: Samurott|Ceaseless Edge|p1a: Pecharunt
|-resisted|p1a: Pecharunt
|-damage|p1a: Pecharunt|90/100
|-sidestart|p1: noob1877 test|Spikes
|move|p1a: Pecharunt|Parting Shot|p2a: Samurott
|-unboost|p2a: Samurott|atk|1
|-unboost|p2a: Samurott|spa|1
|
|t:|1769365328
|switch|p1a: Hydrapple|Hydrapple, M|100/100|[from] Parting Shot
|-damage|p1a: Hydrapple|88/100|[from] Spikes
|
|upkeep
|turn|5
|
|t:|1769365332
|switch|p2a: Hoopa|Hoopa-Unbound|44/100
|move|p1a: Hydrapple|Giga Drain|p2a: Hoopa
|-damage|p2a: Hoopa|19/100
|-heal|p1a: Hydrapple|99/100|[from] drain|[of] p2a: Hoopa
|-damage|p1a: Hydrapple|89/100|[from] item: Life Orb
|
|upkeep
|turn|6
|
|t:|1769365336
|move|p2a: Hoopa|Dark Pulse|p1a: Hydrapple
|-damage|p1a: Hydrapple|37/100
|cant|p1a: Hydrapple|flinch
|
|upkeep
|turn|7
|
|t:|1769365342
|switch|p1a: Cinderace|Cinderace, M|100/100
|move|p2a: Hoopa|Focus Blast|p1a: Cinderace
|-damage|p1a: Cinderace|28/100
|
|upkeep
|turn|8
|
|t:|1769365351
|switch|p2a: Ceruledge|Ceruledge, M|100/100
|move|p1a: Cinderace|U-turn|p2a: Ceruledge
|-resisted|p2a: Ceruledge
|-damage|p2a: Ceruledge|94/100
|-ability|p2a: Ceruledge|Weak Armor|boost
|-unboost|p2a: Ceruledge|def|1
|-boost|p2a: Ceruledge|spe|2
|
|t:|1769365353
|switch|p1a: Pecharunt|Pecharunt, tera:Dark|90/100|[from] U-turn
|
|upkeep
|turn|9
|
|t:|1769365356
|move|p2a: Ceruledge|Bitter Blade|p1a: Pecharunt
|-damage|p1a: Pecharunt|69/100
|-heal|p2a: Ceruledge|100/100|[from] drain|[of] p1a: Pecharunt
|move|p1a: Pecharunt|Foul Play|p2a: Ceruledge
|-supereffective|p2a: Ceruledge
|-enditem|p2a: Ceruledge|Focus Sash
|-damage|p2a: Ceruledge|1/100
|-ability|p2a: Ceruledge|Weak Armor|boost
|-unboost|p2a: Ceruledge|def|1
|-boost|p2a: Ceruledge|spe|2
|
|upkeep
|turn|10
|
|t:|1769365362
|switch|p2a: Zamazenta|Zamazenta|100/100
|move|p1a: Pecharunt|Foul Play|p2a: Zamazenta
|-resisted|p2a: Zamazenta
|-damage|p2a: Zamazenta|79/100
|
|upkeep
|turn|11
|
|t:|1769365373
|switch|p1a: Bronzong|Bronzong|100/100
|-terastallize|p2a: Zamazenta|Fighting
|move|p2a: Zamazenta|Close Combat|p1a: Bronzong
|-damage|p1a: Bronzong|26/100
|-unboost|p2a: Zamazenta|def|1
|-unboost|p2a: Zamazenta|spd|1
|-damage|p2a: Zamazenta|69/100|[from] item: Life Orb
|
|-heal|p1a: Bronzong|32/100|[from] item: Leftovers
|upkeep
|turn|12
|
|t:|1769365380
|move|p2a: Zamazenta|Close Combat|p1a: Bronzong
|-damage|p1a: Bronzong|0 fnt
|-unboost|p2a: Zamazenta|def|1
|-unboost|p2a: Zamazenta|spd|1
|faint|p1a: Bronzong
|-damage|p2a: Zamazenta|59/100|[from] item: Life Orb
|
|upkeep
|
|t:|1769365382
|switch|p1a: Great Tusk|Great Tusk|100/100
|turn|13
|
|t:|1769365385
|switch|p2a: Ceruledge|Ceruledge, M|1/100
|move|p1a: Great Tusk|Rapid Spin|p2a: Ceruledge
|-immune|p2a: Ceruledge
|
|upkeep
|turn|14
|
|t:|1769365389
|move|p1a: Great Tusk|Ice Spinner|p2a: Ceruledge
|-resisted|p2a: Ceruledge
|-damage|p2a: Ceruledge|0 fnt
|faint|p2a: Ceruledge
|
|upkeep
|
|t:|1769365398
|switch|p2a: Iron Treads|Iron Treads|100/100
|-enditem|p2a: Iron Treads|Booster Energy
|-activate|p2a: Iron Treads|ability: Quark Drive|[fromitem]
|-start|p2a: Iron Treads|quarkdrivespe
|turn|15
|
|t:|1769365407
|-end|p1a: Great Tusk|Protosynthesis|[silent]
|switch|p1a: Hydrapple|Hydrapple, M|70/100
|-damage|p1a: Hydrapple|58/100|[from] Spikes
|move|p2a: Iron Treads|Ice Spinner|p1a: Hydrapple
|-supereffective|p1a: Hydrapple
|-crit|p1a: Hydrapple
|-damage|p1a: Hydrapple|0 fnt
|faint|p1a: Hydrapple
|
|upkeep
|
|t:|1769365410
|switch|p1a: Great Tusk|Great Tusk|100/100
|turn|16
|
|t:|1769365418
|move|p2a: Iron Treads|Ice Spinner|p1a: Great Tusk
|-supereffective|p1a: Great Tusk
|-crit|p1a: Great Tusk
|-damage|p1a: Great Tusk|47/100
|move|p1a: Great Tusk|Rapid Spin|p2a: Iron Treads
|-resisted|p2a: Iron Treads
|-damage|p2a: Iron Treads|92/100
|-boost|p1a: Great Tusk|spe|1
|-sideend|p1: noob1877 test|Spikes|[from] move: Rapid Spin|[of] p1a: Great Tusk
|
|upkeep
|turn|17
|
|t:|1769365428
|move|p2a: Iron Treads|Ice Spinner|p1a: Great Tusk
|-supereffective|p1a: Great Tusk
|-damage|p1a: Great Tusk|11/100
|move|p1a: Great Tusk|Headlong Rush|p2a: Iron Treads
|-supereffective|p2a: Iron Treads
|-damage|p2a: Iron Treads|0 fnt
|-unboost|p1a: Great Tusk|def|1
|-unboost|p1a: Great Tusk|spd|1
|faint|p2a: Iron Treads
|-end|p2a: Iron Treads|Quark Drive|[silent]
|
|upkeep
|
|t:|1769365431
|switch|p2a: Samurott|Samurott-Hisui, M|75/100
|turn|18
|
|t:|1769365448
|-end|p1a: Great Tusk|Protosynthesis|[silent]
|switch|p1a: Pecharunt|Pecharunt, tera:Dark|69/100
|move|p2a: Samurott|Sucker Punch||[still]
|-fail|p2a: Samurott
|
|upkeep
|turn|19
|
|t:|1769365460
|move|p2a: Samurott|Sacred Sword|p1a: Pecharunt
|-supereffective|p1a: Pecharunt
|-damage|p1a: Pecharunt|26/100
|move|p1a: Pecharunt|Recover|p1a: Pecharunt
|-heal|p1a: Pecharunt|76/100
|
|upkeep
|turn|20
|
|t:|1769365468
|switch|p2a: Zamazenta|Zamazenta, tera:Fighting|59/100
|move|p1a: Pecharunt|Recover|p1a: Pecharunt
|-heal|p1a: Pecharunt|100/100
|
|upkeep
|turn|21
|
|t:|1769365480
|move|p2a: Zamazenta|Close Combat|p1a: Pecharunt
|-supereffective|p1a: Pecharunt
|-damage|p1a: Pecharunt|0 fnt
|-unboost|p2a: Zamazenta|def|1
|-unboost|p2a: Zamazenta|spd|1
|faint|p1a: Pecharunt
|-damage|p2a: Zamazenta|49/100|[from] item: Life Orb
|
|upkeep
|-message|noob1877 test forfeited.
|
|win|TheAzulKiwi
|raw|noob1877 test's rating: 1853 &rarr; <strong>1830</strong><br />(-23 for losing)
|raw|TheAzulKiwi's rating: 1804 &rarr; <strong>1827</strong><br />(+23 for winning)
|l|☆noob1877 test
|player|p1|
