|j|☆rjmachine3
|j|☆nickita7
|t:|1769362528
|gametype|singles
|player|p1|rjmachine3|harlequin|1220
|player|p2|nickita7|miku-ground|1150
|gen|9
|tier|[Gen 9] OU
|rated|
|rule|HP Percentage Mod: HP is shown in percentages
|rule|Endless Battle Clause: Forcing endless battles is banned
|rule|Species Clause: Limit one of each Pokémon
|rule|OHKO Clause: OHKO moves are banned
|rule|Evasion Items Clause: Evasion items are banned
|rule|Evasion Moves Clause: Evasion moves are banned
|rule|Evasion Abilities Clause: Evasion abilities are banned
|rule|Sleep Moves Clause: Sleep-inducing moves are banned
|clearpoke
|poke|p1|Great Tusk|
|poke|p1|Ninetales-Alola, F|
|poke|p1|Cetitan, M|
|poke|p1|Ceruledge, M|
|poke|p1|Lokix, M|
|poke|p1|Slowking, F|
|poke|p2|Sandaconda, M|
|poke|p2|Klefki, F|
|poke|p2|Slowking-Galar, M|
|poke|p2|Indeedee-F, F|
|poke|p2|Hawlucha, M|
|poke|p2|Iron Valiant|
|teampreview
|
|t:|1769362541
|teamsize|p1|6
|teamsize|p2|6
|start
|switch|p1a: Lokix|Lokix, M, shiny|100/100
|switch|p2a: Sandaconda|Sandaconda, M|100/100
|turn|1
|inactive|Battle timer is ON: inactive players will automatically lose when time's up. (requested by nickita7)
|
|t:|1769362547
|move|p1a: Lokix|U-turn|p2a: Sandaconda
|-damage|p2a: Sandaconda|73/100
|
|t:|1769362554
|switch|p1a: Great Tusk|Great Tusk|100/100|[from] U-turn
|move|p2a: Sandaconda|Stealth Rock|p1a: Great Tusk
|-sidestart|p1: rjmachine3|move: Stealth Rock
|
|-heal|p2a: Sandaconda|79/100|[from] item: Leftovers
|upkeep
|turn|2
|
|t:|1769362567
|move|p1a: Great Tusk|Ice Spinner|p2a: Sandaconda
|-supereffective|p2a: Sandaconda
|-damage|p2a: Sandaconda|42/100
|move|p2a: Sandaconda|Glare|p1a: Great Tusk
|-status|p1a: Great Tusk|par
|
|-heal|p2a: Sandaconda|48/100|[from] item: Leftovers
|upkeep
|turn|3
|
|t:|1769362576
|move|p2a: Sandaconda|Rest|p2a: Sandaconda
|-status|p2a: Sandaconda|slp|[from] move: Rest
|-heal|p2a: Sandaconda|100/100 slp|[silent]
|move|p1a: Great Tusk|Stealth Rock|p2a: Sandaconda
|-sidestart|p2: nickita7|move: Stealth Rock
|
|upkeep
|turn|4
|
|t:|1769362586
|cant|p2a: Sandaconda|slp
|move|p1a: Great Tusk|Rapid Spin|p2a: Sandaconda
|-damage|p2a: Sandaconda|90/100 slp
|-boost|p1a: Great Tusk|spe|1
|-sideend|p1: rjmachine3|Stealth Rock|[from] move: Rapid Spin|[of] p1a: Great Tusk
|
|-heal|p2a: Sandaconda|96/100 slp|[from] item: Leftovers
|upkeep
|turn|5
|
|t:|1769362602
|-end|p1a: Great Tusk|Protosynthesis|[silent]
|switch|p1a: Slowking|Slowking, F|100/100
|cant|p2a: Sandaconda|slp
|
|-heal|p2a: Sandaconda|100/100 slp|[from] item: Leftovers
|upkeep
|turn|6
|
|t:|1769362611
|-curestatus|p2a: Sandaconda|slp|[msg]
|move|p2a: Sandaconda|Stealth Rock|p1a: Slowking
|-sidestart|p1: rjmachine3|move: Stealth Rock
|-prepare|p1a: Slowking|Chilly Reception|[premajor]
|move|p1a: Slowking|Chilly Reception|p1a: Slowking
|-weather|Snowscape
|
|t:|1769362621
|switch|p1a: Great Tusk|Great Tusk|100/100 par|[from] Chilly Reception
|-damage|p1a: Great Tusk|98/100 par|[from] Stealth Rock
|
|-weather|Snowscape|[upkeep]
|upkeep
|turn|7
|
|t:|1769362630
|-terastallize|p1a: Great Tusk|Ice
|move|p2a: Sandaconda|Earthquake|p1a: Great Tusk
|-damage|p1a: Great Tusk|82/100 par
|move|p1a: Great Tusk|Ice Spinner|p2a: Sandaconda
|-supereffective|p2a: Sandaconda
|-damage|p2a: Sandaconda|50/100
|
|-weather|Snowscape|[upkeep]
|-heal|p2a: Sandaconda|56/100|[from] item: Leftovers
|upkeep
|turn|8
|
|t:|1769362645
|switch|p2a: Iron Valiant|Iron Valiant|100/100
|-damage|p2a: Iron Valiant|94/100|[from] Stealth Rock
|-enditem|p2a: Iron Valiant|Booster Energy
|-activate|p2a: Iron Valiant|ability: Quark Drive|[fromitem]
|-start|p2a: Iron Valiant|quarkdrivespe
|move|p1a: Great Tusk|Rapid Spin|p2a: Iron Valiant
|-damage|p2a: Iron Valiant|71/100
|-boost|p1a: Great Tusk|spe|1
|-sideend|p1: rjmachine3|Stealth Rock|[from] move: Rapid Spin|[of] p1a: Great Tusk
|
|-weather|Snowscape|[upkeep]
|upkeep
|turn|9
|
|t:|1769362660
|-end|p1a: Great Tusk|Protosynthesis|[silent]
|switch|p1a: Slowking|Slowking, F|100/100
|move|p2a: Iron Valiant|Drain Punch|p1a: Slowking
|-resisted|p1a: Slowking
|-damage|p1a: Slowking|84/100
|-heal|p2a: Iron Valiant|82/100|[from] drain|[of] p1a: Slowking
|
|-weather|Snowscape|[upkeep]
|upkeep
|turn|10
|
|t:|1769362671
|move|p2a: Iron Valiant|Spirit Break|p1a: Slowking
|-damage|p1a: Slowking|50/100
|-unboost|p1a: Slowking|spa|1
|move|p1a: Slowking|Scald|p2a: Iron Valiant
|-damage|p2a: Iron Valiant|50/100
|
|-weather|Snowscape|[upkeep]
|upkeep
|turn|11
|
|t:|1769362683
|move|p2a: Iron Valiant|Spirit Break|p1a: Slowking
|-damage|p1a: Slowking|16/100
|-unboost|p1a: Slowking|spa|1
|move|p1a: Slowking|Thunder Wave|p2a: Iron Valiant
|-status|p2a: Iron Valiant|par
|
|-weather|Snowscape|[upkeep]
|upkeep
|turn|12
|
|t:|1769362694
|switch|p1a: Great Tusk|Great Tusk, tera:Ice|82/100 par
|move|p2a: Iron Valiant|Drain Punch|p1a: Great Tusk
|-supereffective|p1a: Great Tusk
|-damage|p1a: Great Tusk|44/100 par
|-heal|p2a: Iron Valiant|77/100 par|[from] drain|[of] p1a: Great Tusk
|-damage|p2a: Iron Valiant|60/100 par|[from] item: Rocky Helmet|[of] p1a: Great Tusk
|
|-weather|Snowscape|[upkeep]
|upkeep
|turn|13
|
|t:|1769362709
|cant|p2a: Iron Valiant|par
|cant|p1a: Great Tusk|par
|
|-weather|none
|upkeep
|turn|14
|
|t:|1769362717
|-end|p1a: Great Tusk|Protosynthesis|[silent]
|switch|p1a: Slowking|Slowking, F|50/100
|cant|p2a: Iron Valiant|par
|
|upkeep
|turn|15
|
|t:|1769362730
|cant|p2a: Iron Valiant|par
|-prepare|p1a: Slowking|Chilly Reception|[premajor]
|move|p1a: Slowking|Chilly Reception|p1a: Slowking
|-weather|Snowscape
|
|t:|1769362736
|switch|p1a: Ninetales|Ninetales-Alola, F|100/100|[from] Chilly Reception
|
|-weather|Snowscape|[upkeep]
|upkeep
|turn|16
|
|t:|1769362750
|move|p1a: Ninetales|Aurora Veil|p1a: Ninetales
|-sidestart|p1: rjmachine3|move: Aurora Veil
|move|p2a: Iron Valiant|Spirit Break|p1a: Ninetales
|-damage|p1a: Ninetales|81/100
|-unboost|p1a: Ninetales|spa|1
|
|-weather|Snowscape|[upkeep]
|upkeep
|turn|17
|inactive|rjmachine3 has 120 seconds left.
|
|t:|1769362781
|switch|p1a: Slowking|Slowking, F|83/100
|-end|p2a: Iron Valiant|Quark Drive|[silent]
|switch|p2a: Indeedee|Indeedee-F, F|100/100
|-damage|p2a: Indeedee|88/100|[from] Stealth Rock
|-fieldstart|move: Psychic Terrain|[from] ability: Psychic Surge|[of] p2a: Indeedee
|
|-weather|Snowscape|[upkeep]
|upkeep
|turn|18
|inactive|rjmachine3 has 120 seconds left.
|
|t:|1769362795
|move|p2a: Indeedee|Light Screen|p2a: Indeedee
|-sidestart|p2: nickita7|move: Light Screen
|move|p1a: Slowking|Future Sight|p2a: Indeedee
|-start|p1a: Slowking|move: Future Sight
|
|-weather|Snowscape|[upkeep]
|upkeep
|turn|19
|
|t:|1769362800
|move|p2a: Indeedee|Reflect|p2a: Indeedee
|-sidestart|p2: nickita7|Reflect
|-prepare|p1a: Slowking|Chilly Reception|[premajor]
|move|p1a: Slowking|Chilly Reception|p1a: Slowking
|
|t:|1769362806
|switch|p1a: Cetitan|Cetitan, M|100/100|[from] Chilly Reception
|
|-weather|Snowscape|[upkeep]
|upkeep
|turn|20
|
|t:|1769362819
|switch|p2a: Hawlucha|Hawlucha, M|100/100
|-damage|p2a: Hawlucha|88/100|[from] Stealth Rock
|-enditem|p2a: Hawlucha|Psychic Seed
|-boost|p2a: Hawlucha|spd|1|[from] item: Psychic Seed
|move|p1a: Cetitan|Belly Drum|p1a: Cetitan
|-damage|p1a: Cetitan|50/100
|-setboost|p1a: Cetitan|atk|6|[from] move: Belly Drum
|-enditem|p1a: Cetitan|Sitrus Berry|[eat]
|-heal|p1a: Cetitan|75/100|[from] item: Sitrus Berry
|
|-weather|Snowscape|[upkeep]
|-end|p2a: Hawlucha|move: Future Sight
|-supereffective|p2a: Hawlucha
|-damage|p2a: Hawlucha|25/100
|upkeep
|turn|21
|inactive|rjmachine3 has 120 seconds left.
|
|t:|1769362868
|move|p2a: Hawlucha|Drain Punch|p1a: Cetitan
|-supereffective|p1a: Cetitan
|-damage|p1a: Cetitan|54/100
|-heal|p2a: Hawlucha|43/100|[from] drain|[of] p1a: Cetitan
|move|p1a: Cetitan|Icicle Crash|p2a: Hawlucha|[miss]
|-miss|p1a: Cetitan|p2a: Hawlucha
|
|-weather|Snowscape|[upkeep]
|upkeep
|turn|22
|inactive|nickita7 has 120 seconds left.
|
|t:|1769362902
|move|p2a: Hawlucha|Swords Dance|p2a: Hawlucha
|-boost|p2a: Hawlucha|atk|2
|move|p1a: Cetitan|Icicle Crash|p2a: Hawlucha
|-supereffective|p2a: Hawlucha
|-damage|p2a: Hawlucha|0 fnt
|faint|p2a: Hawlucha
|
|-weather|none
|-sideend|p2: nickita7|move: Light Screen
|upkeep
|inactive|nickita7 has 120 seconds left.
|
|t:|1769362916
|switch|p2a: Klefki|Klefki, F|100/100
|-damage|p2a: Klefki|95/100|[from] Stealth Rock
|turn|23
|
|t:|1769362924
|move|p2a: Klefki|Thunder Wave|p1a: Cetitan
|-activate|p1a: Cetitan|move: Psychic Terrain
|move|p1a: Cetitan|Earthquake|p2a: Klefki
|-supereffective|p2a: Klefki
|-crit|p2a: Klefki
|-damage|p2a: Klefki|0 fnt
|faint|p2a: Klefki
|
|-sideend|p2: nickita7|Reflect
|-sideend|p1: rjmachine3|move: Aurora Veil
|upkeep
|inactive|nickita7 has 120 seconds left.
|
|t:|1769362934
|switch|p2a: Iron Valiant|Iron Valiant|60/100 par
|-damage|p2a: Iron Valiant|54/100 par|[from] Stealth Rock
|turn|24
|inactive|rjmachine3 has 120 seconds left.
|
|t:|1769362948
|move|p1a: Cetitan|Earthquake|p2a: Iron Valiant
|-damage|p2a: Iron Valiant|0 fnt
|faint|p2a: Iron Valiant
|-end|p2a: Iron Valiant|Quark Drive|[silent]
|
|-fieldend|move: Psychic Terrain
|upkeep
|-message|nickita7 forfeited.
|
|win|rjmachine3
|raw|rjmachine3's rating: 1220 &rarr; <strong>1240</strong><br />(+20 for winning)
|raw|nickita7's rating: 1150 &rarr; <strong>1130</strong><br />(-20 for losing)
|l|☆nickita7
|player|p2|
|l|☆rjmachine3
|player|p1|
