|j|☆newbeg
|j|☆Noamm
|t:|1769437009
|gametype|singles
|player|p1|newbeg|169|1697
|player|p2|Noamm|gambler|1727
|gen|9
|tier|[Gen 9] OU
|rated|
|rule|HP Percentage Mod: HP is shown in percentages
|rule|Endless Battle Clause: Forcing endless battles is banned
|rule|Species Clause: Limit one of each Pokémon
|rule|OHKO Clause: OHKO moves are banned
|rule|Evasion Items Clause: Evasion items are banned
|rule|Evasion Moves Clause: Evasion moves are banned
|rule|Evasion Abilities Clause: Evasion abilities are banned
|rule|Sleep Moves Clause: Sleep-inducing moves are banned
|clearpoke
|poke|p1|Garchomp, F|
|poke|p1|Great Tusk|
|poke|p1|Gholdengo|
|poke|p1|Amoonguss, F|
|poke|p1|Iron Valiant|
|poke|p1|Garganacl, M|
|poke|p2|Lokix, M|
|poke|p2|Dragapult, F|
|poke|p2|Slowking-Galar, M|
|poke|p2|Mandibuzz, F|
|poke|p2|Great Tusk|
|poke|p2|Primarina, M|
|teampreview
|inactive|Battle timer is ON: inactive players will automatically lose when time's up. (requested by newbeg)
|
|t:|1769437020
|teamsize|p1|6
|teamsize|p2|6
|start
|switch|p1a: Great Tusk|Great Tusk|100/100
|switch|p2a: Kamen Rider Siren|Primarina, M|100/100
|turn|1
|
|t:|1769437024
|move|p1a: Great Tusk|Headlong Rush|p2a: Kamen Rider Siren
|-damage|p2a: Kamen Rider Siren|5/100
|-unboost|p1a: Great Tusk|def|1
|-unboost|p1a: Great Tusk|spd|1
|move|p2a: Kamen Rider Siren|Moonblast|p1a: Great Tusk
|-supereffective|p1a: Great Tusk
|-damage|p1a: Great Tusk|0 fnt
|faint|p1a: Great Tusk
|-end|p1a: Great Tusk|Protosynthesis|[silent]
|
|upkeep
|
|t:|1769437028
|switch|p1a: Gholdengo|Gholdengo|100/100
|-item|p1a: Gholdengo|Air Balloon
|turn|2
|
|t:|1769437033
|move|p1a: Gholdengo|Shadow Ball|p2a: Kamen Rider Siren
|-damage|p2a: Kamen Rider Siren|0 fnt
|faint|p2a: Kamen Rider Siren
|
|upkeep
|
|t:|1769437051
|switch|p2a: Kamen Rider Shade|Dragapult, F, shiny|100/100
|turn|3
|
|t:|1769437054
|switch|p1a: Garganacl|Garganacl, M|100/100
|move|p2a: Kamen Rider Shade|Shadow Ball|p1a: Garganacl
|-damage|p1a: Garganacl|85/100
|
|-heal|p1a: Garganacl|91/100|[from] item: Leftovers
|upkeep
|turn|4
|
|t:|1769437057
|switch|p2a: Kamen Rider Torque|Great Tusk|100/100
|move|p1a: Garganacl|Salt Cure|p2a: Kamen Rider Torque
|-resisted|p2a: Kamen Rider Torque
|-damage|p2a: Kamen Rider Torque|98/100
|-start|p2a: Kamen Rider Torque|Salt Cure
|
|-heal|p1a: Garganacl|97/100|[from] item: Leftovers
|-damage|p2a: Kamen Rider Torque|85/100|[from] Salt Cure
|upkeep
|turn|5
|
|t:|1769437061
|switch|p1a: Amoonguss|Amoonguss, F|100/100
|move|p2a: Kamen Rider Torque|Stealth Rock|p1a: Amoonguss
|-sidestart|p1: newbeg|move: Stealth Rock
|
|-damage|p2a: Kamen Rider Torque|73/100|[from] Salt Cure
|upkeep
|turn|6
|
|t:|1769437066
|-end|p2a: Kamen Rider Torque|Protosynthesis|[silent]
|switch|p2a: Kamen Rider Burr|Slowking-Galar, M|100/100
|switch|p1a: Garchomp|Garchomp, F|100/100
|-damage|p1a: Garchomp|94/100|[from] Stealth Rock
|
|upkeep
|turn|7
|
|t:|1769437068
|switch|p2a: Kamen Rider Scaven|Mandibuzz, F|100/100
|move|p1a: Garchomp|Scale Shot|p2a: Kamen Rider Scaven|[miss]
|-miss|p1a: Garchomp|p2a: Kamen Rider Scaven
|
|upkeep
|turn|8
|
|t:|1769437074
|switch|p1a: Amoonguss|Amoonguss, F|100/100
|-damage|p1a: Amoonguss|88/100|[from] Stealth Rock
|move|p2a: Kamen Rider Scaven|Foul Play|p1a: Amoonguss
|-damage|p1a: Amoonguss|70/100
|
|-heal|p1a: Amoonguss|76/100|[from] item: Leftovers
|upkeep
|turn|9
|
|t:|1769437077
|switch|p2a: Kamen Rider Burr|Slowking-Galar, M|100/100
|switch|p1a: Garchomp|Garchomp, F|94/100
|-damage|p1a: Garchomp|88/100|[from] Stealth Rock
|
|upkeep
|turn|10
|
|t:|1769437079
|switch|p2a: Kamen Rider Scaven|Mandibuzz, F|100/100
|move|p1a: Garchomp|Scale Shot|p2a: Kamen Rider Scaven
|-damage|p2a: Kamen Rider Scaven|93/100
|-damage|p2a: Kamen Rider Scaven|85/100
|-crit|p2a: Kamen Rider Scaven
|-damage|p2a: Kamen Rider Scaven|74/100
|-damage|p2a: Kamen Rider Scaven|66/100
|-damage|p2a: Kamen Rider Scaven|59/100
|-hitcount|p2a: Kamen Rider Scaven|5
|-unboost|p1a: Garchomp|def|1
|-boost|p1a: Garchomp|spe|1
|
|upkeep
|turn|11
|
|t:|1769437082
|switch|p1a: Iron Valiant|Iron Valiant|100/100
|-damage|p1a: Iron Valiant|94/100|[from] Stealth Rock
|move|p2a: Kamen Rider Scaven|Roost|p2a: Kamen Rider Scaven
|-heal|p2a: Kamen Rider Scaven|100/100
|-singleturn|p2a: Kamen Rider Scaven|move: Roost
|
|upkeep
|turn|12
|
|t:|1769437086
|switch|p2a: Kamen Rider Burr|Slowking-Galar, M|100/100
|move|p1a: Iron Valiant|Trick|p2a: Kamen Rider Burr
|-activate|p1a: Iron Valiant|move: Trick|[of] p2a: Kamen Rider Burr
|-item|p2a: Kamen Rider Burr|Choice Scarf|[from] move: Trick
|-item|p1a: Iron Valiant|Heavy-Duty Boots|[from] move: Trick
|
|upkeep
|turn|13
|
|t:|1769437092
|-end|p1a: Iron Valiant|Quark Drive|[silent]
|switch|p1a: Gholdengo|Gholdengo|100/100
|-damage|p1a: Gholdengo|94/100|[from] Stealth Rock
|-item|p1a: Gholdengo|Air Balloon
|move|p2a: Kamen Rider Burr|Future Sight|p1a: Gholdengo
|-start|p2a: Kamen Rider Burr|move: Future Sight
|
|upkeep
|turn|14
|
|t:|1769437096
|switch|p2a: Kamen Rider Scaven|Mandibuzz, F|100/100
|move|p1a: Gholdengo|Make It Rain|p2a: Kamen Rider Scaven
|-damage|p2a: Kamen Rider Scaven|44/100
|-unboost|p1a: Gholdengo|spa|1
|
|upkeep
|turn|15
|
|t:|1769437107
|switch|p1a: Garganacl|Garganacl, M|97/100
|-damage|p1a: Garganacl|85/100|[from] Stealth Rock
|move|p2a: Kamen Rider Scaven|Roost|p2a: Kamen Rider Scaven
|-heal|p2a: Kamen Rider Scaven|94/100
|-singleturn|p2a: Kamen Rider Scaven|move: Roost
|
|-end|p1a: Garganacl|move: Future Sight
|-damage|p1a: Garganacl|57/100
|-heal|p1a: Garganacl|63/100|[from] item: Leftovers
|upkeep
|turn|16
|
|t:|1769437110
|switch|p2a: Kamen Rider Torque|Great Tusk|73/100
|move|p1a: Garganacl|Salt Cure|p2a: Kamen Rider Torque
|-resisted|p2a: Kamen Rider Torque
|-damage|p2a: Kamen Rider Torque|71/100
|-start|p2a: Kamen Rider Torque|Salt Cure
|
|-heal|p1a: Garganacl|70/100|[from] item: Leftovers
|-damage|p2a: Kamen Rider Torque|58/100|[from] Salt Cure
|upkeep
|turn|17
|
|t:|1769437113
|switch|p1a: Amoonguss|Amoonguss, F|100/100
|-damage|p1a: Amoonguss|88/100|[from] Stealth Rock
|move|p2a: Kamen Rider Torque|Ice Spinner|p1a: Amoonguss
|-supereffective|p1a: Amoonguss
|-damage|p1a: Amoonguss|42/100
|
|-heal|p1a: Amoonguss|48/100|[from] item: Leftovers
|-damage|p2a: Kamen Rider Torque|46/100|[from] Salt Cure
|upkeep
|turn|18
|
|t:|1769437121
|switch|p1a: Gholdengo|Gholdengo|94/100
|-damage|p1a: Gholdengo|88/100|[from] Stealth Rock
|-item|p1a: Gholdengo|Air Balloon
|move|p2a: Kamen Rider Torque|Headlong Rush|p1a: Gholdengo
|-immune|p1a: Gholdengo
|
|-damage|p2a: Kamen Rider Torque|33/100|[from] Salt Cure
|upkeep
|turn|19
|
|t:|1769437129
|-end|p2a: Kamen Rider Torque|Protosynthesis|[silent]
|switch|p2a: Kamen Rider Scaven|Mandibuzz, F|94/100
|move|p1a: Gholdengo|Shadow Ball|p2a: Kamen Rider Scaven
|-resisted|p2a: Kamen Rider Scaven
|-damage|p2a: Kamen Rider Scaven|76/100
|
|upkeep
|turn|20
|
|t:|1769437133
|move|p1a: Gholdengo|Nasty Plot|p1a: Gholdengo
|-boost|p1a: Gholdengo|spa|2
|move|p2a: Kamen Rider Scaven|Roost|p2a: Kamen Rider Scaven
|-heal|p2a: Kamen Rider Scaven|100/100
|-singleturn|p2a: Kamen Rider Scaven|move: Roost
|
|upkeep
|turn|21
|
|t:|1769437135
|move|p1a: Gholdengo|Make It Rain|p2a: Kamen Rider Scaven
|-damage|p2a: Kamen Rider Scaven|0 fnt
|-unboost|p1a: Gholdengo|spa|1
|faint|p2a: Kamen Rider Scaven
|
|upkeep
|
|t:|1769437138
|switch|p2a: Kamen Rider Shade|Dragapult, F, shiny|100/100
|turn|22
|
|t:|1769437143
|switch|p1a: Iron Valiant|Iron Valiant|94/100
|move|p2a: Kamen Rider Shade|Draco Meteor|p1a: Iron Valiant
|-immune|p1a: Iron Valiant
|
|upkeep
|turn|23
|
|t:|1769437147
|switch|p2a: Kamen Rider Burr|Slowking-Galar, M|100/100
|-end|p1a: Iron Valiant|Quark Drive|[silent]
|switch|p1a: Garchomp|Garchomp, F|88/100
|-damage|p1a: Garchomp|82/100|[from] Stealth Rock
|
|upkeep
|turn|24
|
|t:|1769437152
|move|p1a: Garchomp|Earthquake|p2a: Kamen Rider Burr
|-supereffective|p2a: Kamen Rider Burr
|-damage|p2a: Kamen Rider Burr|0 fnt
|faint|p2a: Kamen Rider Burr
|
|upkeep
|
|t:|1769437153
|switch|p2a: Kamen Rider Shade|Dragapult, F, shiny|100/100
|turn|25
|
|t:|1769437156
|move|p2a: Kamen Rider Shade|Draco Meteor|p1a: Garchomp
|-supereffective|p1a: Garchomp
|-damage|p1a: Garchomp|0 fnt
|-unboost|p2a: Kamen Rider Shade|spa|2
|faint|p1a: Garchomp
|
|upkeep
|
|t:|1769437159
|switch|p1a: Iron Valiant|Iron Valiant|94/100
|turn|26
|
|t:|1769437165
|switch|p2a: Kamen Rider SwarmX|Lokix, M, shiny|100/100
|move|p1a: Iron Valiant|Moonblast|p2a: Kamen Rider SwarmX
|-supereffective|p2a: Kamen Rider SwarmX
|-damage|p2a: Kamen Rider SwarmX|0 fnt
|faint|p2a: Kamen Rider SwarmX
|
|upkeep
|
|t:|1769437167
|switch|p2a: Kamen Rider Shade|Dragapult, F, shiny|100/100
|turn|27
|
|t:|1769437173
|-end|p1a: Iron Valiant|Quark Drive|[silent]
|switch|p1a: Amoonguss|Amoonguss, F|81/100
|-damage|p1a: Amoonguss|69/100|[from] Stealth Rock
|-terastallize|p2a: Kamen Rider Shade|Ghost
|move|p2a: Kamen Rider Shade|Shadow Ball|p1a: Amoonguss
|-damage|p1a: Amoonguss|8/100
|
|-heal|p1a: Amoonguss|14/100|[from] item: Leftovers
|upkeep
|turn|28
|
|t:|1769437177
|switch|p1a: Garganacl|Garganacl, M|70/100
|-damage|p1a: Garganacl|57/100|[from] Stealth Rock
|move|p2a: Kamen Rider Shade|Shadow Ball|p1a: Garganacl
|-damage|p1a: Garganacl|36/100
|-unboost|p1a: Garganacl|spd|1
|
|-heal|p1a: Garganacl|42/100|[from] item: Leftovers
|upkeep
|turn|29
|
|t:|1769437181
|move|p2a: Kamen Rider Shade|Shadow Ball|p1a: Garganacl
|-damage|p1a: Garganacl|9/100
|move|p1a: Garganacl|Recover|p1a: Garganacl
|-heal|p1a: Garganacl|59/100
|
|-heal|p1a: Garganacl|66/100|[from] item: Leftovers
|upkeep
|turn|30
|
|t:|1769437187
|move|p2a: Kamen Rider Shade|Shadow Ball|p1a: Garganacl
|-damage|p1a: Garganacl|31/100
|move|p1a: Garganacl|Salt Cure|p2a: Kamen Rider Shade
|-damage|p2a: Kamen Rider Shade|81/100
|-start|p2a: Kamen Rider Shade|Salt Cure
|
|-heal|p1a: Garganacl|38/100|[from] item: Leftovers
|-damage|p2a: Kamen Rider Shade|69/100|[from] Salt Cure
|upkeep
|turn|31
|
|t:|1769437194
|move|p2a: Kamen Rider Shade|Shadow Ball|p1a: Garganacl
|-damage|p1a: Garganacl|4/100
|-unboost|p1a: Garganacl|spd|1
|move|p1a: Garganacl|Recover|p1a: Garganacl
|-heal|p1a: Garganacl|54/100
|
|-heal|p1a: Garganacl|61/100|[from] item: Leftovers
|-damage|p2a: Kamen Rider Shade|57/100|[from] Salt Cure
|upkeep
|turn|32
|
|t:|1769437213
|move|p2a: Kamen Rider Shade|Shadow Ball|p1a: Garganacl
|-damage|p1a: Garganacl|11/100
|move|p1a: Garganacl|Recover|p1a: Garganacl
|-heal|p1a: Garganacl|61/100
|
|-heal|p1a: Garganacl|67/100|[from] item: Leftovers
|-damage|p2a: Kamen Rider Shade|44/100|[from] Salt Cure
|upkeep
|turn|33
|
|t:|1769437223
|switch|p1a: Amoonguss|Amoonguss, F|47/100
|-damage|p1a: Amoonguss|35/100|[from] Stealth Rock
|move|p2a: Kamen Rider Shade|Shadow Ball|p1a: Amoonguss
|-damage|p1a: Amoonguss|0 fnt
|faint|p1a: Amoonguss
|
|-damage|p2a: Kamen Rider Shade|32/100|[from] Salt Cure
|upkeep
|
|t:|1769437225
|switch|p1a: Garganacl|Garganacl, M|67/100
|-damage|p1a: Garganacl|55/100|[from] Stealth Rock
|turn|34
|
|t:|1769437227
|switch|p2a: Kamen Rider Torque|Great Tusk|33/100
|move|p1a: Garganacl|Recover|p1a: Garganacl
|-heal|p1a: Garganacl|100/100
|
|upkeep
|turn|35
|
|t:|1769437240
|switch|p1a: Gholdengo|Gholdengo|88/100
|-damage|p1a: Gholdengo|82/100|[from] Stealth Rock
|-item|p1a: Gholdengo|Air Balloon
|move|p2a: Kamen Rider Torque|Headlong Rush|p1a: Gholdengo
|-immune|p1a: Gholdengo
|
|upkeep
|turn|36
|
|t:|1769437243
|move|p2a: Kamen Rider Torque|Ice Spinner|p1a: Gholdengo
|-resisted|p1a: Gholdengo
|-damage|p1a: Gholdengo|67/100
|-enditem|p1a: Gholdengo|Air Balloon
|move|p1a: Gholdengo|Shadow Ball|p2a: Kamen Rider Torque
|-damage|p2a: Kamen Rider Torque|0 fnt
|faint|p2a: Kamen Rider Torque
|-end|p2a: Kamen Rider Torque|Protosynthesis|[silent]
|
|upkeep
|
|t:|1769437245
|switch|p2a: Kamen Rider Shade|Dragapult, F, shiny, tera:Ghost|32/100
|turn|37
|c|☆newbeg|gg
|
|t:|1769437249
|move|p2a: Kamen Rider Shade|Shadow Ball|p1a: Gholdengo
|-supereffective|p1a: Gholdengo
|-damage|p1a: Gholdengo|0 fnt
|faint|p1a: Gholdengo
|
|upkeep
|
|t:|1769437251
|switch|p1a: Garganacl|Garganacl, M|100/100
|-damage|p1a: Garganacl|88/100|[from] Stealth Rock
|turn|38
|
|t:|1769437253
|move|p2a: Kamen Rider Shade|Shadow Ball|p1a: Garganacl
|-damage|p1a: Garganacl|64/100
|move|p1a: Garganacl|Salt Cure|p2a: Kamen Rider Shade
|-damage|p2a: Kamen Rider Shade|12/100
|-start|p2a: Kamen Rider Shade|Salt Cure
|
|-heal|p1a: Garganacl|71/100|[from] item: Leftovers
|-damage|p2a: Kamen Rider Shade|0 fnt|[from] Salt Cure
|faint|p2a: Kamen Rider Shade
|
|win|newbeg
|raw|newbeg's rating: 1697 &rarr; <strong>1719</strong><br />(+22 for winning)
|raw|Noamm's rating: 1727 &rarr; <strong>1705</strong><br />(-22 for losing)
|l|☆Noamm
|player|p2|
|l|☆newbeg
|player|p1|
