|j|☆ZTech6
|j|☆Upnotout
|t:|1769367933
|gametype|singles
|player|p1|ZTech6|gambler|1381
|player|p2|Upnotout|102|1334
|gen|9
|tier|[Gen 9] OU
|rated|
|rule|HP Percentage Mod: HP is shown in percentages
|rule|Endless Battle Clause: Forcing endless battles is banned
|rule|Species Clause: Limit one of each Pokémon
|rule|OHKO Clause: OHKO moves are banned
|rule|Evasion Items Clause: Evasion items are banned
|rule|Evasion Moves Clause: Evasion moves are banned
|rule|Evasion Abilities Clause: Evasion abilities are banned
|rule|Sleep Moves Clause: Sleep-inducing moves are banned
|clearpoke
|poke|p1|Iron Valiant|
|poke|p1|Great Tusk|
|poke|p1|Dragonite, F|
|poke|p1|Deoxys-Speed|
|poke|p1|Glimmora, F|
|poke|p1|Kingambit, M|
|poke|p2|Shiftry, M|
|poke|p2|Weavile, M|
|poke|p2|Weezing-Galar, F|
|poke|p2|Kyurem|
|poke|p2|Skeledirge, M|
|poke|p2|Zapdos|
|teampreview
|inactive|Battle timer is ON: inactive players will automatically lose when time's up. (requested by Upnotout)
|inactive|ZTech6 has 120 seconds left.
|j| Jayeo6
|
|t:|1769367967
|teamsize|p1|6
|teamsize|p2|6
|start
|switch|p1a: Dragonite|Dragonite, F|100/100
|switch|p2a: Kyurem|Kyurem|100/100
|-ability|p2a: Kyurem|Pressure
|turn|1
|
|t:|1769367976
|switch|p1a: Glimmora|Glimmora, F|100/100
|move|p2a: Kyurem|Freeze-Dry|p1a: Glimmora
|-damage|p1a: Glimmora|32/100
|
|upkeep
|turn|2
|
|t:|1769367983
|move|p2a: Kyurem|Freeze-Dry|p1a: Glimmora
|-damage|p1a: Glimmora|0 fnt
|faint|p1a: Glimmora
|
|upkeep
|
|t:|1769367988
|switch|p1a: Deoxys|Deoxys-Speed|100/100
|-ability|p1a: Deoxys|Pressure
|turn|3
|
|t:|1769367993
|move|p1a: Deoxys|Light Screen|p1a: Deoxys
|-sidestart|p1: ZTech6|move: Light Screen
|move|p2a: Kyurem|Freeze-Dry|p1a: Deoxys
|-damage|p1a: Deoxys|66/100
|
|upkeep
|turn|4
|
|t:|1769368018
|switch|p2a: Shiftry|Shiftry, M|100/100
|move|p1a: Deoxys|Reflect|p1a: Deoxys
|-sidestart|p1: ZTech6|Reflect
|
|upkeep
|turn|5
|
|t:|1769368026
|switch|p1a: Dragonite|Dragonite, F|100/100
|move|p2a: Shiftry|Tailwind|p2a: Shiftry
|-sidestart|p2: Upnotout|move: Tailwind
|-ability|p2a: Shiftry|Wind Rider|boost
|-boost|p2a: Shiftry|atk|1
|
|upkeep
|turn|6
|
|t:|1769368034
|move|p2a: Shiftry|Knock Off|p1a: Dragonite
|-crit|p1a: Dragonite
|-damage|p1a: Dragonite|44/100
|-enditem|p1a: Dragonite|Leftovers|[from] move: Knock Off|[of] p2a: Shiftry
|move|p1a: Dragonite|Substitute|p1a: Dragonite
|-start|p1a: Dragonite|Substitute
|-damage|p1a: Dragonite|19/100
|
|upkeep
|turn|7
|
|t:|1769368045
|move|p2a: Shiftry|Knock Off|p1a: Dragonite
|-activate|p1a: Dragonite|move: Substitute|[damage]
|move|p1a: Dragonite|Dragon Dance|p1a: Dragonite
|-boost|p1a: Dragonite|atk|1
|-boost|p1a: Dragonite|spe|1
|
|upkeep
|turn|8
|
|t:|1769368053
|move|p2a: Shiftry|Knock Off|p1a: Dragonite
|-end|p1a: Dragonite|Substitute
|move|p1a: Dragonite|Dragon Dance|p1a: Dragonite
|-boost|p1a: Dragonite|atk|1
|-boost|p1a: Dragonite|spe|1
|
|-sideend|p2: Upnotout|move: Tailwind
|upkeep
|turn|9
|
|t:|1769368063
|-terastallize|p1a: Dragonite|Flying
|move|p1a: Dragonite|Tera Blast|p2a: Shiftry|[anim] Tera Blast Flying
|-supereffective|p2a: Shiftry
|-enditem|p2a: Shiftry|Focus Sash
|-damage|p2a: Shiftry|1/100
|move|p2a: Shiftry|Explosion|p1a: Dragonite
|-damage|p1a: Dragonite|0 fnt
|faint|p2a: Shiftry
|faint|p1a: Dragonite
|
|upkeep
|
|t:|1769368079
|switch|p2a: Kyurem|Kyurem|100/100
|switch|p1a: Great Tusk|Great Tusk|100/100
|-ability|p2a: Kyurem|Pressure
|-enditem|p1a: Great Tusk|Booster Energy
|-activate|p1a: Great Tusk|ability: Protosynthesis|[fromitem]
|-start|p1a: Great Tusk|protosynthesisspe
|turn|10
|
|t:|1769368097
|switch|p2a: Zapdos|Zapdos|100/100
|move|p1a: Great Tusk|Head Smash|p2a: Zapdos
|-supereffective|p2a: Zapdos
|-damage|p2a: Zapdos|33/100
|-damage|p1a: Great Tusk|70/100|[from] Recoil
|
|-sideend|p1: ZTech6|move: Light Screen
|upkeep
|turn|11
|
|t:|1769368110
|move|p1a: Great Tusk|Head Smash|p2a: Zapdos|[miss]
|-miss|p1a: Great Tusk|p2a: Zapdos
|move|p2a: Zapdos|Hurricane|p1a: Great Tusk
|-supereffective|p1a: Great Tusk
|-damage|p1a: Great Tusk|0 fnt
|faint|p1a: Great Tusk
|-end|p1a: Great Tusk|Protosynthesis|[silent]
|
|-sideend|p1: ZTech6|Reflect
|upkeep
|
|t:|1769368119
|switch|p1a: Iron Valiant|Iron Valiant|100/100
|-enditem|p1a: Iron Valiant|Booster Energy
|-activate|p1a: Iron Valiant|ability: Quark Drive|[fromitem]
|-start|p1a: Iron Valiant|quarkdrivespe
|turn|12
|
|t:|1769368128
|move|p1a: Iron Valiant|Moonblast|p2a: Zapdos
|-damage|p2a: Zapdos|9/100
|move|p2a: Zapdos|Volt Switch|p1a: Iron Valiant
|-damage|p1a: Iron Valiant|39/100
|l| Jayeo6
|
|t:|1769368145
|switch|p2a: Weezing|Weezing-Galar, F|100/100|[from] Volt Switch
|-ability|p2a: Weezing|Neutralizing Gas
|
|upkeep
|turn|13
|
|t:|1769368155
|-end|p1a: Iron Valiant|Quark Drive|[silent]
|switch|p1a: Kingambit|Kingambit, M|100/100
|move|p2a: Weezing|Sludge Bomb|p1a: Kingambit
|-immune|p1a: Kingambit
|
|upkeep
|turn|14
|
|t:|1769368163
|move|p1a: Kingambit|Swords Dance|p1a: Kingambit
|-boost|p1a: Kingambit|atk|2
|move|p2a: Weezing|Will-O-Wisp|p1a: Kingambit
|-status|p1a: Kingambit|brn
|-enditem|p1a: Kingambit|Lum Berry|[eat]
|-curestatus|p1a: Kingambit|brn|[msg]
|
|upkeep
|turn|15
|
|t:|1769368177
|-terastallize|p2a: Weezing|Flying
|move|p1a: Kingambit|Iron Head|p2a: Weezing
|-damage|p2a: Weezing|35/100
|cant|p2a: Weezing|flinch
|
|-damage|p2a: Weezing|23/100|[from] item: Black Sludge
|upkeep
|turn|16
|
|t:|1769368187
|move|p1a: Kingambit|Iron Head|p2a: Weezing
|-damage|p2a: Weezing|0 fnt
|faint|p2a: Weezing
|-end|p2a: Weezing|ability: Neutralizing Gas
|-activate|p1a: Kingambit|ability: Supreme Overlord
|-start|p1a: Kingambit|fallen3|[silent]
|
|upkeep
|
|t:|1769368194
|switch|p2a: Weavile|Weavile, M|100/100
|-ability|p2a: Weavile|Pressure
|turn|17
|
|t:|1769368198
|move|p2a: Weavile|Low Kick|p1a: Kingambit
|-supereffective|p1a: Kingambit
|-damage|p1a: Kingambit|0 fnt
|faint|p1a: Kingambit
|-end|p1a: Kingambit|fallen3|[silent]
|-damage|p2a: Weavile|91/100|[from] item: Life Orb
|
|upkeep
|
|t:|1769368204
|switch|p1a: Iron Valiant|Iron Valiant|39/100
|turn|18
|
|t:|1769368215
|move|p2a: Weavile|Icicle Crash|p1a: Iron Valiant|[miss]
|-miss|p2a: Weavile|p1a: Iron Valiant
|move|p1a: Iron Valiant|Moonblast|p2a: Weavile
|-supereffective|p2a: Weavile
|-damage|p2a: Weavile|0 fnt
|faint|p2a: Weavile
|
|upkeep
|
|t:|1769368226
|switch|p2a: Skeledirge|Skeledirge, M|100/100
|turn|19
|
|t:|1769368230
|move|p1a: Iron Valiant|Knock Off|p2a: Skeledirge
|-supereffective|p2a: Skeledirge
|-damage|p2a: Skeledirge|51/100
|-enditem|p2a: Skeledirge|Leftovers|[from] move: Knock Off|[of] p1a: Iron Valiant
|move|p2a: Skeledirge|Torch Song|p1a: Iron Valiant
|-damage|p1a: Iron Valiant|0 fnt
|-boost|p2a: Skeledirge|spa|1
|faint|p1a: Iron Valiant
|-end|p1a: Iron Valiant|Quark Drive|[silent]
|
|upkeep
|-message|ZTech6 forfeited.
|
|win|Upnotout
|raw|ZTech6's rating: 1381 &rarr; <strong>1358</strong><br />(-23 for losing)
|raw|Upnotout's rating: 1334 &rarr; <strong>1357</strong><br />(+23 for winning)
|l|☆ZTech6
|player|p1|
|l|☆Upnotout
|player|p2|
