|j|☆sparkelzlol
|j|☆DLTVS kochu
|t:|1769425391
|gametype|singles
|player|p1|sparkelzlol|wallace|
|player|p2|DLTVS kochu|morty-masters2|
|gen|9
|tier|[Gen 9] OU
|rule|HP Percentage Mod: HP is shown in percentages
|rule|Endless Battle Clause: Forcing endless battles is banned
|rule|Species Clause: Limit one of each Pokémon
|rule|OHKO Clause: OHKO moves are banned
|rule|Evasion Items Clause: Evasion items are banned
|rule|Evasion Moves Clause: Evasion moves are banned
|rule|Evasion Abilities Clause: Evasion abilities are banned
|rule|Sleep Moves Clause: Sleep-inducing moves are banned
|clearpoke
|poke|p1|Pecharunt|
|poke|p1|Kingambit, F|
|poke|p1|Volcanion|
|poke|p1|Iron Valiant|
|poke|p1|Landorus-Therian, M|
|poke|p1|Deoxys-Speed|
|poke|p2|Kyurem|
|poke|p2|Glimmora, M|
|poke|p2|Iron Valiant|
|poke|p2|Iron Boulder|
|poke|p2|Kingambit, M|
|poke|p2|Ogerpon-Wellspring, F|
|teampreview
|inactive|Battle timer is ON: inactive players will automatically lose when time's up. (requested by sparkelzlol)
|inactive|DLTVS kochu also wants the timer to be on.
|
|t:|1769425411
|teamsize|p1|6
|teamsize|p2|6
|start
|switch|p1a: Deoxys|Deoxys-Speed|100/100
|switch|p2a: Glimmora|Glimmora, M|100/100
|-ability|p1a: Deoxys|Pressure
|turn|1
|
|t:|1769425425
|move|p1a: Deoxys|Psycho Boost|p2a: Glimmora
|-supereffective|p2a: Glimmora
|-enditem|p2a: Glimmora|Focus Sash
|-damage|p2a: Glimmora|1/100
|-unboost|p1a: Deoxys|spa|2
|-enditem|p1a: Deoxys|Eject Pack
|
|t:|1769425432
|switch|p1a: Landorus|Landorus-Therian, M|100/100
|-ability|p1a: Landorus|Intimidate|boost
|-unboost|p2a: Glimmora|atk|1
|move|p2a: Glimmora|Stealth Rock|p1a: Landorus
|-sidestart|p1: sparkelzlol|move: Stealth Rock
|
|upkeep
|turn|2
|
|t:|1769425441
|move|p1a: Landorus|Stealth Rock|p2a: Glimmora
|-sidestart|p2: DLTVS kochu|move: Stealth Rock
|move|p2a: Glimmora|Mortal Spin|p1a: Landorus
|-resisted|p1a: Landorus
|-crit|p1a: Landorus
|-damage|p1a: Landorus|96/100
|-status|p1a: Landorus|psn
|-damage|p2a: Glimmora|0 fnt|[from] item: Rocky Helmet|[of] p1a: Landorus
|faint|p2a: Glimmora
|
|-damage|p1a: Landorus|84/100 psn|[from] psn
|upkeep
|
|t:|1769425461
|switch|p2a: Kyurem|Kyurem|100/100
|-ability|p2a: Kyurem|Pressure
|turn|3
|
|t:|1769425478
|switch|p1a: Deoxys|Deoxys-Speed|100/100
|-damage|p1a: Deoxys|88/100|[from] Stealth Rock
|-ability|p1a: Deoxys|Pressure
|move|p2a: Kyurem|Freeze-Dry|p1a: Deoxys
|-damage|p1a: Deoxys|25/100
|
|upkeep
|turn|4
|
|t:|1769425485
|move|p1a: Deoxys|Superpower|p2a: Kyurem
|-supereffective|p2a: Kyurem
|-damage|p2a: Kyurem|43/100
|-unboost|p1a: Deoxys|atk|1
|-unboost|p1a: Deoxys|def|1
|move|p2a: Kyurem|Scale Shot|p1a: Deoxys
|-damage|p1a: Deoxys|2/100
|-damage|p1a: Deoxys|0 fnt
|faint|p1a: Deoxys
|-hitcount|p1: Deoxys|2
|-unboost|p2a: Kyurem|def|1
|-boost|p2a: Kyurem|spe|1
|
|upkeep
|inactive|sparkelzlol has 270 seconds left.
|
|t:|1769425516
|switch|p1a: Iron Valiant|Iron Valiant|100/100
|-damage|p1a: Iron Valiant|94/100|[from] Stealth Rock
|-enditem|p1a: Iron Valiant|Booster Energy
|-activate|p1a: Iron Valiant|ability: Quark Drive|[fromitem]
|-start|p1a: Iron Valiant|quarkdrivespe
|turn|5
|inactive|sparkelzlol has 270 seconds left.
|
|t:|1769425531
|switch|p2a: Kingambit|Kingambit, M|100/100
|-damage|p2a: Kingambit|94/100|[from] Stealth Rock
|-activate|p2a: Kingambit|ability: Supreme Overlord
|-start|p2a: Kingambit|fallen1|[silent]
|-item|p2a: Kingambit|Air Balloon
|move|p1a: Iron Valiant|Close Combat|p2a: Kingambit
|-supereffective|p2a: Kingambit
|-damage|p2a: Kingambit|0 fnt
|-unboost|p1a: Iron Valiant|def|1
|-unboost|p1a: Iron Valiant|spd|1
|-enditem|p2a: Kingambit|Air Balloon
|faint|p2a: Kingambit
|-end|p2a: Kingambit|fallen1|[silent]
|
|upkeep
|
|t:|1769425542
|switch|p2a: Iron Boulder|Iron Boulder|100/100
|-damage|p2a: Iron Boulder|88/100|[from] Stealth Rock
|-enditem|p2a: Iron Boulder|Booster Energy
|-activate|p2a: Iron Boulder|ability: Quark Drive|[fromitem]
|-start|p2a: Iron Boulder|quarkdrivespe
|turn|6
|
|t:|1769425556
|move|p2a: Iron Boulder|Zen Headbutt|p1a: Iron Valiant
|-supereffective|p1a: Iron Valiant
|-damage|p1a: Iron Valiant|0 fnt
|faint|p1a: Iron Valiant
|-end|p1a: Iron Valiant|Quark Drive|[silent]
|
|upkeep
|
|t:|1769425560
|switch|p1a: Landorus|Landorus-Therian, M|84/100 psn
|-damage|p1a: Landorus|72/100 psn|[from] Stealth Rock
|-ability|p1a: Landorus|Intimidate|boost
|-unboost|p2a: Iron Boulder|atk|1
|turn|7
|l|☆DLTVS kochu
|inactive|DLTVS kochu disconnected and has 300 seconds to reconnect!
|player|p2|
|j|☆DLTVS kochu
|inactive|DLTVS kochu reconnected and has 285 seconds left.
|player|p2|DLTVS kochu|morty-masters2|
|inactive|DLTVS kochu has 270 seconds left.
|l|☆DLTVS kochu
|inactive|DLTVS kochu disconnected and has 275 seconds to reconnect!
|player|p2|
|inactive|DLTVS kochu has 270 seconds to reconnect!
|j|☆DLTVS kochu
|inactive|DLTVS kochu reconnected and has 255 seconds left.
|player|p2|DLTVS kochu|morty-masters2|
|inactive|DLTVS kochu has 240 seconds left.
|
|t:|1769425676
|-terastallize|p2a: Iron Boulder|Fighting
|move|p2a: Iron Boulder|Swords Dance|p2a: Iron Boulder
|-boost|p2a: Iron Boulder|atk|2
|move|p1a: Landorus|Earthquake|p2a: Iron Boulder
|-damage|p2a: Iron Boulder|22/100
|
|-damage|p1a: Landorus|59/100 psn|[from] psn
|upkeep
|turn|8
|
|t:|1769425684
|move|p2a: Iron Boulder|Mighty Cleave|p1a: Landorus
|-damage|p1a: Landorus|0 fnt
|-damage|p2a: Iron Boulder|6/100|[from] item: Rocky Helmet|[of] p1a: Landorus
|faint|p1a: Landorus
|
|upkeep
|
|t:|1769425690
|switch|p1a: Kingambit|Kingambit, F|100/100
|-damage|p1a: Kingambit|94/100|[from] Stealth Rock
|-activate|p1a: Kingambit|ability: Supreme Overlord
|-start|p1a: Kingambit|fallen3|[silent]
|turn|9
|
|t:|1769425693
|move|p1a: Kingambit|Sucker Punch||[still]
|-fail|p1a: Kingambit
|move|p2a: Iron Boulder|Swords Dance|p2a: Iron Boulder
|-boost|p2a: Iron Boulder|atk|2
|
|-heal|p1a: Kingambit|100/100|[from] item: Leftovers
|upkeep
|turn|10
|
|t:|1769425697
|move|p1a: Kingambit|Sucker Punch||[still]
|-fail|p1a: Kingambit
|move|p2a: Iron Boulder|Swords Dance|p2a: Iron Boulder
|-boost|p2a: Iron Boulder|atk|2
|
|upkeep
|turn|11
|
|t:|1769425701
|move|p1a: Kingambit|Sucker Punch||[still]
|-fail|p1a: Kingambit
|move|p2a: Iron Boulder|Swords Dance|p2a: Iron Boulder
|-boost|p2a: Iron Boulder|atk|1
|
|upkeep
|turn|12
|
|t:|1769425709
|move|p1a: Kingambit|Sucker Punch||[still]
|-fail|p1a: Kingambit
|move|p2a: Iron Boulder|Swords Dance|p2a: Iron Boulder
|-boost|p2a: Iron Boulder|atk|0
|
|upkeep
|turn|13
|
|t:|1769425717
|-terastallize|p1a: Kingambit|Fighting
|move|p2a: Iron Boulder|Close Combat|p1a: Kingambit
|-damage|p1a: Kingambit|0 fnt
|-unboost|p2a: Iron Boulder|def|1
|-unboost|p2a: Iron Boulder|spd|1
|faint|p1a: Kingambit
|-end|p1a: Kingambit|fallen3|[silent]
|
|upkeep
|c|☆sparkelzlol|omg
|c|☆sparkelzlol|worst gameplay oat
|c|☆sparkelzlol|i should die
|
|t:|1769425729
|switch|p1a: Pecharunt|Pecharunt|100/100
|turn|14
|
|t:|1769425739
|move|p2a: Iron Boulder|Mighty Cleave|p1a: Pecharunt
|-damage|p1a: Pecharunt|0 fnt
|faint|p1a: Pecharunt
|
|upkeep
|
|t:|1769425750
|switch|p1a: Volcanion|Volcanion|100/100
|-damage|p1a: Volcanion|76/100|[from] Stealth Rock
|turn|15
|c|☆sparkelzlol|gg
|c|☆DLTVS kochu|gg1
|c|☆sparkelzlol|round 2 time
|inactive|DLTVS kochu has 270 seconds left.
|c|☆sparkelzlol|end it
|
|t:|1769425800
|move|p2a: Iron Boulder|Close Combat|p1a: Volcanion
|-damage|p1a: Volcanion|0 fnt
|-unboost|p2a: Iron Boulder|def|1
|-unboost|p2a: Iron Boulder|spd|1
|faint|p1a: Volcanion
|
|win|DLTVS kochu
|l|☆sparkelzlol
|player|p1|
