|j|☆Moltov91
|j|☆Johveon
|t:|1769337122
|gametype|singles
|player|p1|Moltov91|170|1167
|player|p2|Johveon|norman|1172
|gen|9
|tier|[Gen 9] OU
|rated|
|rule|HP Percentage Mod: HP is shown in percentages
|rule|Endless Battle Clause: Forcing endless battles is banned
|rule|Species Clause: Limit one of each Pokémon
|rule|OHKO Clause: OHKO moves are banned
|rule|Evasion Items Clause: Evasion items are banned
|rule|Evasion Moves Clause: Evasion moves are banned
|rule|Evasion Abilities Clause: Evasion abilities are banned
|rule|Sleep Moves Clause: Sleep-inducing moves are banned
|clearpoke
|poke|p1|Great Tusk|
|poke|p1|Raging Bolt|
|poke|p1|Slowking-Galar, F|
|poke|p1|Kingambit, F|
|poke|p1|Corviknight, M|
|poke|p1|Dragapult, F|
|poke|p2|Rillaboom, M|
|poke|p2|Great Tusk|
|poke|p2|Gyarados, M|
|poke|p2|Iron Moth|
|poke|p2|Azelf|
|poke|p2|Kyurem|
|teampreview
|inactive|Battle timer is ON: inactive players will automatically lose when time's up. (requested by Moltov91)
|
|t:|1769337130
|teamsize|p1|6
|teamsize|p2|6
|start
|switch|p1a: Corviknight|Corviknight, M, shiny|100/100
|switch|p2a: Azelf|Azelf|100/100
|-ability|p1a: Corviknight|Unnerve
|turn|1
|
|t:|1769337138
|move|p2a: Azelf|Stealth Rock|p1a: Corviknight
|-sidestart|p1: Moltov91|move: Stealth Rock
|move|p1a: Corviknight|U-turn|p2a: Azelf
|-supereffective|p2a: Azelf
|-damage|p2a: Azelf|57/100
|
|t:|1769337148
|switch|p1a: Dragapult|Dragapult, F|100/100|[from] U-turn
|-damage|p1a: Dragapult|88/100|[from] Stealth Rock
|
|upkeep
|turn|2
|
|t:|1769337167
|move|p1a: Dragapult|Shadow Ball|p2a: Azelf
|-supereffective|p2a: Azelf
|-damage|p2a: Azelf|0 fnt
|faint|p2a: Azelf
|
|upkeep
|inactive|Johveon has 120 seconds left.
|
|t:|1769337189
|switch|p2a: Iron Moth|Iron Moth|100/100
|-enditem|p2a: Iron Moth|Booster Energy
|-activate|p2a: Iron Moth|ability: Quark Drive|[fromitem]
|-start|p2a: Iron Moth|quarkdrivespa
|turn|3
|
|t:|1769337195
|move|p1a: Dragapult|Shadow Ball|p2a: Iron Moth
|-damage|p2a: Iron Moth|45/100
|move|p2a: Iron Moth|Fiery Dance|p1a: Dragapult
|-resisted|p1a: Dragapult
|-damage|p1a: Dragapult|51/100
|
|upkeep
|turn|4
|
|t:|1769337202
|move|p1a: Dragapult|Shadow Ball|p2a: Iron Moth
|-damage|p2a: Iron Moth|0 fnt
|faint|p2a: Iron Moth
|-end|p2a: Iron Moth|Quark Drive|[silent]
|
|upkeep
|
|t:|1769337207
|switch|p2a: Kyurem|Kyurem|100/100
|-ability|p2a: Kyurem|Pressure
|turn|5
|
|t:|1769337211
|switch|p1a: Great Tusk|Great Tusk|100/100
|-damage|p1a: Great Tusk|98/100|[from] Stealth Rock
|move|p2a: Kyurem|Dragon Dance|p2a: Kyurem
|-boost|p2a: Kyurem|atk|1
|-boost|p2a: Kyurem|spe|1
|
|upkeep
|turn|6
|
|t:|1769337226
|move|p2a: Kyurem|Draco Meteor|p1a: Great Tusk
|-damage|p1a: Great Tusk|0 fnt
|-unboost|p2a: Kyurem|spa|2
|faint|p1a: Great Tusk
|-end|p1a: Great Tusk|Protosynthesis|[silent]
|-enditem|p2a: Kyurem|White Herb
|-clearnegativeboost|p2a: Kyurem|[silent]
|
|upkeep
|inactive|Moltov91 has 120 seconds left.
|
|t:|1769337263
|switch|p1a: Dragapult|Dragapult, F|51/100
|-damage|p1a: Dragapult|39/100|[from] Stealth Rock
|turn|7
|inactive|Moltov91 has 120 seconds left.
|
|t:|1769337276
|switch|p1a: Corviknight|Corviknight, M, shiny|100/100
|-ability|p1a: Corviknight|Unnerve
|-damage|p1a: Corviknight|88/100|[from] Stealth Rock
|move|p2a: Kyurem|Icicle Spear|p1a: Corviknight
|-damage|p1a: Corviknight|77/100
|-crit|p1a: Corviknight
|-damage|p1a: Corviknight|61/100
|-hitcount|p1a: Corviknight|2
|
|upkeep
|turn|8
|
|t:|1769337286
|move|p2a: Kyurem|Draco Meteor|p1a: Corviknight
|-resisted|p1a: Corviknight
|-damage|p1a: Corviknight|31/100
|-unboost|p2a: Kyurem|spa|2
|move|p1a: Corviknight|U-turn|p2a: Kyurem
|-damage|p2a: Kyurem|86/100
|inactive|Moltov91 has 120 seconds left.
|
|t:|1769337299
|switch|p1a: Slowking|Slowking-Galar, F|100/100|[from] U-turn
|
|upkeep
|turn|9
|inactive|Moltov91 has 120 seconds left.
|inactive|Moltov91 has 90 seconds left.
|
|t:|1769337360
|move|p2a: Kyurem|Dragon Dance|p2a: Kyurem
|-boost|p2a: Kyurem|atk|1
|-boost|p2a: Kyurem|spe|1
|move|p1a: Slowking|Toxic|p2a: Kyurem
|-status|p2a: Kyurem|tox
|
|-damage|p2a: Kyurem|80/100 tox|[from] psn
|upkeep
|turn|10
|inactive|Moltov91 has 60 seconds left.
|
|t:|1769337404
|move|p2a: Kyurem|Icicle Spear|p1a: Slowking
|-damage|p1a: Slowking|73/100
|-damage|p1a: Slowking|46/100
|-hitcount|p1a: Slowking|2
|move|p1a: Slowking|Sludge Bomb|p2a: Kyurem
|-damage|p2a: Kyurem|37/100 tox
|
|-damage|p2a: Kyurem|25/100 tox|[from] psn
|upkeep
|turn|11
|
|t:|1769337411
|switch|p1a: Corviknight|Corviknight, M, shiny|31/100
|-ability|p1a: Corviknight|Unnerve
|-damage|p1a: Corviknight|18/100|[from] Stealth Rock
|move|p2a: Kyurem|Icicle Spear|p1a: Corviknight
|-damage|p1a: Corviknight|3/100
|-damage|p1a: Corviknight|0 fnt
|faint|p1a: Corviknight
|-hitcount|p1: Corviknight|2
|
|-damage|p2a: Kyurem|6/100 tox|[from] psn
|upkeep
|
|t:|1769337420
|switch|p1a: Slowking|Slowking-Galar, F|79/100
|turn|12
|
|t:|1769337428
|move|p2a: Kyurem|Icicle Spear|p1a: Slowking
|-damage|p1a: Slowking|56/100
|-damage|p1a: Slowking|30/100
|-hitcount|p1a: Slowking|2
|move|p1a: Slowking|Future Sight|p2a: Kyurem
|-start|p1a: Slowking|move: Future Sight
|
|-damage|p2a: Kyurem|0 fnt|[from] psn
|faint|p2a: Kyurem
|upkeep
|
|t:|1769337435
|switch|p2a: Great Tusk|Great Tusk|100/100
|-enditem|p2a: Great Tusk|Booster Energy
|-activate|p2a: Great Tusk|ability: Protosynthesis|[fromitem]
|-start|p2a: Great Tusk|protosynthesisatk
|turn|13
|inactive|Moltov91 has 60 seconds left.
|
|t:|1769337455
|move|p2a: Great Tusk|Rapid Spin|p1a: Slowking
|-damage|p1a: Slowking|5/100
|-boost|p2a: Great Tusk|spe|1
|move|p1a: Slowking|Thunder Wave|p2a: Great Tusk
|-immune|p2a: Great Tusk
|
|upkeep
|turn|14
|inactive|Moltov91 has 60 seconds left.
|
|t:|1769337473
|switch|p1a: Kingambit|Kingambit, F, shiny|100/100
|-damage|p1a: Kingambit|94/100|[from] Stealth Rock
|-activate|p1a: Kingambit|ability: Supreme Overlord
|-start|p1a: Kingambit|fallen2|[silent]
|move|p2a: Great Tusk|Rapid Spin|p1a: Kingambit
|-resisted|p1a: Kingambit
|-damage|p1a: Kingambit|85/100
|-boost|p2a: Great Tusk|spe|1
|
|-end|p2a: Great Tusk|move: Future Sight
|-supereffective|p2a: Great Tusk
|-damage|p2a: Great Tusk|0 fnt
|faint|p2a: Great Tusk
|-end|p2a: Great Tusk|Protosynthesis|[silent]
|-heal|p1a: Kingambit|91/100|[from] item: Leftovers
|upkeep
|
|t:|1769337481
|switch|p2a: Gyarados|Gyarados, M|100/100
|-ability|p2a: Gyarados|Intimidate|boost
|-unboost|p1a: Kingambit|atk|1
|turn|15
|inactive|Moltov91 has 60 seconds left.
|
|t:|1769337491
|move|p1a: Kingambit|Sucker Punch||[still]
|-fail|p1a: Kingambit
|move|p2a: Gyarados|Dragon Dance|p2a: Gyarados
|-boost|p2a: Gyarados|atk|1
|-boost|p2a: Gyarados|spe|1
|
|-heal|p1a: Kingambit|97/100|[from] item: Leftovers
|upkeep
|turn|16
|
|t:|1769337499
|move|p2a: Gyarados|Earthquake|p1a: Kingambit
|-supereffective|p1a: Kingambit
|-damage|p1a: Kingambit|14/100
|move|p1a: Kingambit|Swords Dance|p1a: Kingambit
|-boost|p1a: Kingambit|atk|2
|
|-heal|p1a: Kingambit|20/100|[from] item: Leftovers
|upkeep
|turn|17
|
|t:|1769337504
|move|p1a: Kingambit|Sucker Punch|p2a: Gyarados
|-crit|p2a: Gyarados
|-damage|p2a: Gyarados|0 fnt
|faint|p2a: Gyarados
|
|-heal|p1a: Kingambit|27/100|[from] item: Leftovers
|upkeep
|
|t:|1769337507
|switch|p2a: Rillaboom|Rillaboom, M|100/100
|-fieldstart|move: Grassy Terrain|[from] ability: Grassy Surge|[of] p2a: Rillaboom
|turn|18
|inactive|Moltov91 has 90 seconds left.
|
|t:|1769337518
|move|p1a: Kingambit|Sucker Punch||[still]
|-fail|p1a: Kingambit
|move|p2a: Rillaboom|Swords Dance|p2a: Rillaboom
|-boost|p2a: Rillaboom|atk|2
|
|-heal|p1a: Kingambit|33/100|[from] Grassy Terrain
|-heal|p1a: Kingambit|39/100|[from] item: Leftovers
|upkeep
|turn|19
|inactive|Moltov91 has 90 seconds left.
|
|t:|1769337531
|move|p2a: Rillaboom|Grassy Glide|p1a: Kingambit
|-resisted|p1a: Kingambit
|-damage|p1a: Kingambit|3/100
|move|p1a: Kingambit|Sucker Punch||[still]
|-fail|p1a: Kingambit
|
|-heal|p1a: Kingambit|9/100|[from] Grassy Terrain
|-heal|p1a: Kingambit|15/100|[from] item: Leftovers
|upkeep
|turn|20
|inactive|Moltov91 has 90 seconds left.
|
|t:|1769337546
|-end|p1a: Kingambit|fallen2|[silent]
|switch|p1a: Slowking|Slowking-Galar, F|38/100
|move|p2a: Rillaboom|Grassy Glide|p1a: Slowking
|-resisted|p1a: Slowking
|-damage|p1a: Slowking|0 fnt
|faint|p1a: Slowking
|
|upkeep
|
|t:|1769337549
|switch|p1a: Dragapult|Dragapult, F|39/100
|-damage|p1a: Dragapult|26/100|[from] Stealth Rock
|turn|21
|
|t:|1769337556
|move|p2a: Rillaboom|Grassy Glide|p1a: Dragapult
|-resisted|p1a: Dragapult
|-damage|p1a: Dragapult|0 fnt
|faint|p1a: Dragapult
|
|upkeep
|
|t:|1769337561
|switch|p1a: Raging Bolt|Raging Bolt|100/100
|-damage|p1a: Raging Bolt|88/100|[from] Stealth Rock
|turn|22
|
|t:|1769337565
|-terastallize|p1a: Raging Bolt|Flying
|move|p1a: Raging Bolt|Calm Mind|p1a: Raging Bolt
|-boost|p1a: Raging Bolt|spa|1
|-boost|p1a: Raging Bolt|spd|1
|move|p2a: Rillaboom|Stomping Tantrum|p1a: Raging Bolt
|-immune|p1a: Raging Bolt
|
|upkeep
|turn|23
|inactive|Moltov91 has 90 seconds left.
|
|t:|1769337597
|-terastallize|p2a: Rillaboom|Rock
|move|p1a: Raging Bolt|Dragon Pulse|p2a: Rillaboom
|-damage|p2a: Rillaboom|0 fnt
|faint|p2a: Rillaboom
|-damage|p1a: Raging Bolt|78/100|[from] item: Life Orb
|
|win|Moltov91
|raw|Moltov91's rating: 1167 &rarr; <strong>1193</strong><br />(+26 for winning)
|raw|Johveon's rating: 1174 &rarr; <strong>1148</strong><br />(-26 for losing)
|l|☆Moltov91
|player|p1|
|l|☆Johveon
|player|p2|
