|j|☆Maxumus1313
|j|☆minimest
|t:|1769380593
|gametype|singles
|player|p1|Maxumus1313|265|1374
|player|p2|minimest|2|1340
|gen|9
|tier|[Gen 9] OU
|rated|
|rule|HP Percentage Mod: HP is shown in percentages
|rule|Endless Battle Clause: Forcing endless battles is banned
|rule|Species Clause: Limit one of each Pokémon
|rule|OHKO Clause: OHKO moves are banned
|rule|Evasion Items Clause: Evasion items are banned
|rule|Evasion Moves Clause: Evasion moves are banned
|rule|Evasion Abilities Clause: Evasion abilities are banned
|rule|Sleep Moves Clause: Sleep-inducing moves are banned
|clearpoke
|poke|p1|Great Tusk|
|poke|p1|Pecharunt|
|poke|p1|Iron Valiant|
|poke|p1|Iron Crown|
|poke|p1|Samurott-Hisui, M|
|poke|p1|Dragonite, M|
|poke|p2|Luxray, F|
|poke|p2|Walking Wake|
|poke|p2|Moltres-Galar|
|poke|p2|Infernape, M|
|poke|p2|Dusknoir, M|
|poke|p2|Great Tusk|
|teampreview
|inactive|Battle timer is ON: inactive players will automatically lose when time's up. (requested by minimest)
|
|t:|1769380600
|teamsize|p1|6
|teamsize|p2|6
|start
|switch|p1a: Samurott|Samurott-Hisui, M, shiny|100/100
|switch|p2a: Luxray|Luxray, F|100/100
|turn|1
|
|t:|1769380619
|switch|p1a: Pecharunt|Pecharunt|100/100
|move|p2a: Luxray|Trailblaze|p1a: Pecharunt
|-resisted|p1a: Pecharunt
|-damage|p1a: Pecharunt|97/100
|-boost|p2a: Luxray|spe|1
|-damage|p2a: Luxray|84/100|[from] item: Rocky Helmet|[of] p1a: Pecharunt
|
|-status|p2a: Luxray|brn|[from] item: Flame Orb
|upkeep
|turn|2
|
|t:|1769380637
|move|p2a: Luxray|Supercell Slam|p1a: Pecharunt
|-damage|p1a: Pecharunt|63/100
|-damage|p2a: Luxray|67/100 brn|[from] item: Rocky Helmet|[of] p1a: Pecharunt
|move|p1a: Pecharunt|Malignant Chain|p2a: Luxray
|-crit|p2a: Luxray
|-damage|p2a: Luxray|7/100 brn
|
|-damage|p2a: Luxray|1/100 brn|[from] brn
|upkeep
|turn|3
|
|t:|1769380652
|switch|p2a: Moltres|Moltres-Galar|100/100
|move|p1a: Pecharunt|Recover|p1a: Pecharunt
|-heal|p1a: Pecharunt|100/100
|
|upkeep
|turn|4
|inactive|Maxumus1313 has 120 seconds left.
|
|t:|1769380676
|switch|p1a: Iron Valiant|Iron Valiant, shiny|100/100
|move|p2a: Moltres|Nasty Plot|p2a: Moltres
|-boost|p2a: Moltres|spa|2
|
|upkeep
|turn|5
|
|t:|1769380683
|move|p1a: Iron Valiant|Thunderbolt|p2a: Moltres
|-supereffective|p2a: Moltres
|-damage|p2a: Moltres|28/100
|-ability|p2a: Moltres|Berserk|boost
|-boost|p2a: Moltres|spa|1
|-enditem|p2a: Moltres|Sitrus Berry|[eat]
|-heal|p2a: Moltres|53/100|[from] item: Sitrus Berry
|move|p2a: Moltres|Agility|p2a: Moltres
|-boost|p2a: Moltres|spe|2
|
|upkeep
|turn|6
|
|t:|1769380697
|-end|p1a: Iron Valiant|Quark Drive|[silent]
|switch|p1a: Samurott|Samurott-Hisui, M, shiny|100/100
|move|p2a: Moltres|Hurricane|p1a: Samurott
|-damage|p1a: Samurott|0 fnt
|faint|p1a: Samurott
|
|upkeep
|
|t:|1769380699
|switch|p1a: Iron Valiant|Iron Valiant, shiny|100/100
|turn|7
|
|t:|1769380703
|move|p1a: Iron Valiant|Vacuum Wave|p2a: Moltres
|-damage|p2a: Moltres|27/100
|-ability|p2a: Moltres|Berserk|boost
|-boost|p2a: Moltres|spa|1
|move|p2a: Moltres|Hurricane|p1a: Iron Valiant|[miss]
|-miss|p2a: Moltres|p1a: Iron Valiant
|
|upkeep
|turn|8
|
|t:|1769380711
|move|p1a: Iron Valiant|Vacuum Wave|p2a: Moltres
|-crit|p2a: Moltres
|-damage|p2a: Moltres|0 fnt
|faint|p2a: Moltres
|
|upkeep
|
|t:|1769380716
|switch|p2a: Dusknoir|Dusknoir, M|100/100
|-item|p1a: Iron Valiant|Choice Specs|[from] ability: Frisk|[of] p2a: Dusknoir
|turn|9
|
|t:|1769380734
|-end|p1a: Iron Valiant|Quark Drive|[silent]
|switch|p1a: Dragonite|Dragonite, M, shiny|100/100
|move|p2a: Dusknoir|Will-O-Wisp|p1a: Dragonite
|-status|p1a: Dragonite|brn
|
|-damage|p1a: Dragonite|94/100 brn|[from] brn
|upkeep
|turn|10
|
|t:|1769380740
|move|p1a: Dragonite|Dragon Dance|p1a: Dragonite
|-boost|p1a: Dragonite|atk|1
|-boost|p1a: Dragonite|spe|1
|move|p2a: Dusknoir|Poltergeist|p1a: Dragonite
|-activate|p1a: Dragonite|move: Poltergeist|Heavy-Duty Boots
|-damage|p1a: Dragonite|52/100 brn
|
|-damage|p1a: Dragonite|46/100 brn|[from] brn
|upkeep
|turn|11
|
|t:|1769380749
|move|p1a: Dragonite|Roost|p1a: Dragonite
|-heal|p1a: Dragonite|96/100 brn
|-singleturn|p1a: Dragonite|move: Roost
|move|p2a: Dusknoir|Poltergeist|p1a: Dragonite|[miss]
|-miss|p2a: Dusknoir|p1a: Dragonite
|
|-damage|p1a: Dragonite|90/100 brn|[from] brn
|upkeep
|turn|12
|
|t:|1769380756
|move|p1a: Dragonite|Earthquake|p2a: Dusknoir
|-damage|p2a: Dusknoir|77/100
|move|p2a: Dusknoir|Poltergeist|p1a: Dragonite
|-activate|p1a: Dragonite|move: Poltergeist|Heavy-Duty Boots
|-damage|p1a: Dragonite|52/100 brn
|
|-heal|p2a: Dusknoir|83/100|[from] item: Leftovers
|-damage|p1a: Dragonite|45/100 brn|[from] brn
|upkeep
|turn|13
|
|t:|1769380764
|move|p1a: Dragonite|Roost|p1a: Dragonite
|-heal|p1a: Dragonite|96/100 brn
|-singleturn|p1a: Dragonite|move: Roost
|move|p2a: Dusknoir|Poltergeist|p1a: Dragonite
|-activate|p1a: Dragonite|move: Poltergeist|Heavy-Duty Boots
|-damage|p1a: Dragonite|56/100 brn
|
|-heal|p2a: Dusknoir|89/100|[from] item: Leftovers
|-damage|p1a: Dragonite|49/100 brn|[from] brn
|upkeep
|turn|14
|
|t:|1769380771
|move|p1a: Dragonite|Roost|p1a: Dragonite
|-heal|p1a: Dragonite|99/100 brn
|-singleturn|p1a: Dragonite|move: Roost
|move|p2a: Dusknoir|Poltergeist|p1a: Dragonite
|-activate|p1a: Dragonite|move: Poltergeist|Heavy-Duty Boots
|-damage|p1a: Dragonite|58/100 brn
|
|-heal|p2a: Dusknoir|95/100|[from] item: Leftovers
|-damage|p1a: Dragonite|52/100 brn|[from] brn
|upkeep
|turn|15
|
|t:|1769380781
|switch|p1a: Great Tusk|Great Tusk, shiny|100/100
|move|p2a: Dusknoir|Poltergeist|p1a: Great Tusk
|-activate|p1a: Great Tusk|move: Poltergeist|Heavy-Duty Boots
|-damage|p1a: Great Tusk|75/100
|
|-heal|p2a: Dusknoir|100/100|[from] item: Leftovers
|upkeep
|turn|16
|
|t:|1769380789
|move|p1a: Great Tusk|Stealth Rock|p2a: Dusknoir
|-sidestart|p2: minimest|move: Stealth Rock
|move|p2a: Dusknoir|Will-O-Wisp|p1a: Great Tusk
|-status|p1a: Great Tusk|brn
|
|-damage|p1a: Great Tusk|68/100 brn|[from] brn
|upkeep
|turn|17
|
|t:|1769380807
|switch|p2a: Great Tusk|Great Tusk|100/100
|-damage|p2a: Great Tusk|97/100|[from] Stealth Rock
|-enditem|p2a: Great Tusk|Booster Energy
|-activate|p2a: Great Tusk|ability: Protosynthesis|[fromitem]
|-start|p2a: Great Tusk|protosynthesisspe
|move|p1a: Great Tusk|Headlong Rush|p2a: Great Tusk
|-damage|p2a: Great Tusk|77/100
|-unboost|p1a: Great Tusk|def|1
|-unboost|p1a: Great Tusk|spd|1
|
|-damage|p1a: Great Tusk|62/100 brn|[from] brn
|upkeep
|turn|18
|
|t:|1769380828
|-end|p1a: Great Tusk|Protosynthesis|[silent]
|switch|p1a: Iron Valiant|Iron Valiant, shiny|100/100
|move|p2a: Great Tusk|Bulk Up|p2a: Great Tusk
|-boost|p2a: Great Tusk|atk|1
|-boost|p2a: Great Tusk|def|1
|
|upkeep
|turn|19
|
|t:|1769380845
|-end|p2a: Great Tusk|Protosynthesis|[silent]
|switch|p2a: Dusknoir|Dusknoir, M|100/100
|-damage|p2a: Dusknoir|88/100|[from] Stealth Rock
|-item|p1a: Iron Valiant|Choice Specs|[from] ability: Frisk|[of] p2a: Dusknoir
|move|p1a: Iron Valiant|Moonblast|p2a: Dusknoir
|-damage|p2a: Dusknoir|39/100
|-unboost|p2a: Dusknoir|spa|1
|
|-heal|p2a: Dusknoir|45/100|[from] item: Leftovers
|upkeep
|turn|20
|
|t:|1769380856
|move|p1a: Iron Valiant|Moonblast|p2a: Dusknoir
|-damage|p2a: Dusknoir|0 fnt
|faint|p2a: Dusknoir
|
|upkeep
|
|t:|1769380876
|switch|p2a: Infernape|Infernape, M|100/100
|-damage|p2a: Infernape|88/100|[from] Stealth Rock
|turn|21
|
|t:|1769380892
|move|p2a: Infernape|Flare Blitz|p1a: Iron Valiant
|-damage|p1a: Iron Valiant|30/100
|-damage|p2a: Infernape|65/100|[from] Recoil
|move|p1a: Iron Valiant|Moonblast|p2a: Infernape
|-damage|p2a: Infernape|0 fnt
|faint|p2a: Infernape
|
|upkeep
|
|t:|1769380901
|switch|p2a: Great Tusk|Great Tusk|77/100
|-damage|p2a: Great Tusk|74/100|[from] Stealth Rock
|turn|22
|
|t:|1769380907
|-terastallize|p2a: Great Tusk|Poison
|move|p1a: Iron Valiant|Moonblast|p2a: Great Tusk
|-resisted|p2a: Great Tusk
|-damage|p2a: Great Tusk|29/100
|move|p2a: Great Tusk|Rapid Spin|p1a: Iron Valiant
|-damage|p1a: Iron Valiant|10/100
|-boost|p2a: Great Tusk|spe|1
|-sideend|p2: minimest|Stealth Rock|[from] move: Rapid Spin|[of] p2a: Great Tusk
|
|upkeep
|turn|23
|
|t:|1769380918
|move|p2a: Great Tusk|Rapid Spin|p1a: Iron Valiant
|-damage|p1a: Iron Valiant|0 fnt
|-boost|p2a: Great Tusk|spe|1
|faint|p1a: Iron Valiant
|-end|p1a: Iron Valiant|Quark Drive|[silent]
|
|upkeep
|
|t:|1769380936
|switch|p1a: Great Tusk|Great Tusk, shiny|62/100 brn
|turn|24
|
|t:|1769380943
|-end|p2a: Great Tusk|Protosynthesis|[silent]
|switch|p2a: Walking Wake|Walking Wake|100/100
|move|p1a: Great Tusk|Headlong Rush|p2a: Walking Wake
|-damage|p2a: Walking Wake|68/100
|-unboost|p1a: Great Tusk|def|1
|-unboost|p1a: Great Tusk|spd|1
|
|-damage|p1a: Great Tusk|56/100 brn|[from] brn
|upkeep
|turn|25
|
|t:|1769380948
|-end|p1a: Great Tusk|Protosynthesis|[silent]
|switch|p1a: Iron Crown|Iron Crown|100/100
|move|p2a: Walking Wake|Sunny Day|p2a: Walking Wake
|-weather|SunnyDay
|-activate|p2a: Walking Wake|ability: Protosynthesis
|-start|p2a: Walking Wake|protosynthesisspa
|
|-weather|SunnyDay|[upkeep]
|upkeep
|turn|26
|
|t:|1769380956
|move|p2a: Walking Wake|Flamethrower|p1a: Iron Crown
|-supereffective|p1a: Iron Crown
|-damage|p1a: Iron Crown|2/100
|-damage|p2a: Walking Wake|58/100|[from] item: Life Orb
|move|p1a: Iron Crown|Future Sight|p2a: Walking Wake
|-start|p1a: Iron Crown|move: Future Sight
|
|-weather|SunnyDay|[upkeep]
|upkeep
|turn|27
|l|☆Maxumus1313
|inactive|Maxumus1313 disconnected and has a minute to reconnect!
|player|p1|
|inactive|Maxumus1313 has 30 seconds to reconnect!
|inactive|Maxumus1313 has 20 seconds to reconnect!
|inactive|Maxumus1313 has 15 seconds to reconnect!
|inactive|Maxumus1313 has 10 seconds to reconnect!
|inactive|Maxumus1313 has 5 seconds to reconnect!
|-message|Maxumus1313 lost due to inactivity.
|
|win|minimest
|raw|Maxumus1313's rating: 1374 &rarr; <strong>1352</strong><br />(-22 for losing)
|raw|minimest's rating: 1340 &rarr; <strong>1362</strong><br />(+22 for winning)
|l|☆minimest
|player|p2|
|j|☆Maxumus1313
|player|p1|Maxumus1313|265|
|l|☆Maxumus1313
|player|p1|
