|j|☆Dragonzord6
|j|☆cowboy octopus
|t:|1769429893
|gametype|singles
|player|p1|Dragonzord6|lance|1455
|player|p2|cowboy octopus|morty|1453
|gen|9
|tier|[Gen 9] OU
|rated|
|rule|HP Percentage Mod: HP is shown in percentages
|rule|Endless Battle Clause: Forcing endless battles is banned
|rule|Species Clause: Limit one of each Pokémon
|rule|OHKO Clause: OHKO moves are banned
|rule|Evasion Items Clause: Evasion items are banned
|rule|Evasion Moves Clause: Evasion moves are banned
|rule|Evasion Abilities Clause: Evasion abilities are banned
|rule|Sleep Moves Clause: Sleep-inducing moves are banned
|clearpoke
|poke|p1|Pelipper, M|
|poke|p1|Kingdra, M|
|poke|p1|Barraskewda, F|
|poke|p1|Raging Bolt|
|poke|p1|Kyurem|
|poke|p1|Dragalge, M|
|poke|p2|Weavile, F|
|poke|p2|Pecharunt|
|poke|p2|Ting-Lu|
|poke|p2|Tinkaton, F|
|poke|p2|Keldeo-Resolute|
|poke|p2|Dragonite, F|
|teampreview
|inactive|Battle timer is ON: inactive players will automatically lose when time's up. (requested by cowboy octopus)
|j| NShF
|
|t:|1769429906
|teamsize|p1|6
|teamsize|p2|6
|start
|switch|p1a: Messenger|Pelipper, M, shiny|100/100
|switch|p2a: Tinkaton|Tinkaton, F|100/100
|-item|p2a: Tinkaton|Air Balloon
|-weather|RainDance|[from] ability: Drizzle|[of] p1a: Messenger
|turn|1
|c|☆Dragonzord6|Oh no anything but that choice band dragonite
|
|t:|1769429927
|move|p2a: Tinkaton|Stealth Rock|p1a: Messenger
|-sidestart|p1: Dragonzord6|move: Stealth Rock
|move|p1a: Messenger|Weather Ball|p2a: Tinkaton
|-damage|p2a: Tinkaton|36/100
|-enditem|p2a: Tinkaton|Air Balloon
|
|-weather|RainDance|[upkeep]
|upkeep
|turn|2
|
|t:|1769429955
|switch|p2a: Keldeo|Keldeo-Resolute|100/100
|move|p1a: Messenger|Weather Ball|p2a: Keldeo
|-resisted|p2a: Keldeo
|-damage|p2a: Keldeo|62/100
|
|-weather|RainDance|[upkeep]
|upkeep
|turn|3
|
|t:|1769429963
|move|p2a: Keldeo|Flip Turn|p1a: Messenger
|-resisted|p1a: Messenger
|-damage|p1a: Messenger|89/100
|
|t:|1769429965
|switch|p2a: Dragonite|Dragonite, F|100/100|[from] Flip Turn
|move|p1a: Messenger|Hurricane|p2a: Dragonite
|-damage|p2a: Dragonite|78/100
|
|-weather|RainDance|[upkeep]
|upkeep
|turn|4
|
|t:|1769429974
|move|p2a: Dragonite|Roost|p2a: Dragonite
|-heal|p2a: Dragonite|100/100
|-singleturn|p2a: Dragonite|move: Roost
|move|p1a: Messenger|Ice Beam|p2a: Dragonite
|-supereffective|p2a: Dragonite
|-damage|p2a: Dragonite|75/100
|-status|p2a: Dragonite|frz
|
|-weather|RainDance|[upkeep]
|upkeep
|turn|5
|c|☆cowboy octopus|mateeee
|
|t:|1769429988
|switch|p2a: Ting-Lu|Ting-Lu|100/100
|-ability|p2a: Ting-Lu|Vessel of Ruin
|move|p1a: Messenger|Ice Beam|p2a: Ting-Lu
|-supereffective|p2a: Ting-Lu
|-damage|p2a: Ting-Lu|76/100
|
|-weather|RainDance|[upkeep]
|upkeep
|turn|6
|
|t:|1769429997
|move|p1a: Messenger|Weather Ball|p2a: Ting-Lu
|-supereffective|p2a: Ting-Lu
|-damage|p2a: Ting-Lu|14/100
|move|p2a: Ting-Lu|Spikes|p1a: Messenger
|-sidestart|p1: Dragonzord6|Spikes
|
|-weather|RainDance|[upkeep]
|upkeep
|turn|7
|
|t:|1769430005
|move|p1a: Messenger|Ice Beam|p2a: Ting-Lu
|-supereffective|p2a: Ting-Lu
|-damage|p2a: Ting-Lu|0 fnt
|faint|p2a: Ting-Lu
|
|-weather|RainDance|[upkeep]
|upkeep
|
|t:|1769430010
|switch|p2a: Keldeo|Keldeo-Resolute|62/100
|turn|8
|
|t:|1769430019
|move|p2a: Keldeo|Hydro Pump|p1a: Messenger
|-resisted|p1a: Messenger
|-damage|p1a: Messenger|32/100
|move|p1a: Messenger|Hurricane|p2a: Keldeo
|-supereffective|p2a: Keldeo
|-damage|p2a: Keldeo|0 fnt
|faint|p2a: Keldeo
|
|-weather|none
|upkeep
|
|t:|1769430022
|switch|p2a: Weavile|Weavile, F|100/100
|-ability|p2a: Weavile|Pressure
|turn|9
|
|t:|1769430032
|switch|p1a: Dragalge|Dragalge, M, shiny|100/100
|-damage|p1a: Dragalge|88/100|[from] Stealth Rock
|-damage|p1a: Dragalge|76/100|[from] Spikes
|move|p2a: Weavile|Swords Dance|p2a: Weavile
|-boost|p2a: Weavile|atk|2
|
|upkeep
|turn|10
|
|t:|1769430042
|move|p2a: Weavile|Knock Off|p1a: Dragalge
|-damage|p1a: Dragalge|0 fnt
|-enditem|p1a: Dragalge|Assault Vest|[from] move: Knock Off|[of] p2a: Weavile
|faint|p1a: Dragalge
|
|upkeep
|
|t:|1769430052
|switch|p1a: Messenger|Pelipper, M, shiny|32/100
|-damage|p1a: Messenger|8/100|[from] Stealth Rock
|-weather|RainDance|[from] ability: Drizzle|[of] p1a: Messenger
|turn|11
|
|t:|1769430061
|move|p2a: Weavile|Knock Off|p1a: Messenger
|-damage|p1a: Messenger|0 fnt
|-enditem|p1a: Messenger|Damp Rock|[from] move: Knock Off|[of] p2a: Weavile
|faint|p1a: Messenger
|
|-weather|RainDance|[upkeep]
|upkeep
|
|t:|1769430067
|switch|p1a: Raging Bolt|Raging Bolt|100/100
|-damage|p1a: Raging Bolt|88/100|[from] Stealth Rock
|-damage|p1a: Raging Bolt|76/100|[from] Spikes
|-enditem|p1a: Raging Bolt|Booster Energy
|-activate|p1a: Raging Bolt|ability: Protosynthesis|[fromitem]
|-start|p1a: Raging Bolt|protosynthesisspa
|turn|12
|
|t:|1769430075
|move|p2a: Weavile|Triple Axel|p1a: Raging Bolt
|-supereffective|p1a: Raging Bolt
|-damage|p1a: Raging Bolt|41/100
|-supereffective|p1a: Raging Bolt
|-damage|p1a: Raging Bolt|0 fnt
|faint|p1a: Raging Bolt
|-end|p1a: Raging Bolt|Protosynthesis|[silent]
|-hitcount|p1: Raging Bolt|2
|
|-weather|RainDance|[upkeep]
|upkeep
|
|t:|1769430083
|switch|p1a: Kingdra|Kingdra, M, shiny|100/100
|-damage|p1a: Kingdra|88/100|[from] Stealth Rock
|-damage|p1a: Kingdra|76/100|[from] Spikes
|turn|13
|
|t:|1769430097
|switch|p2a: Tinkaton|Tinkaton, F|36/100
|move|p1a: Kingdra|Weather Ball|p2a: Tinkaton
|-damage|p2a: Tinkaton|0 fnt
|faint|p2a: Tinkaton
|
|-weather|RainDance|[upkeep]
|upkeep
|
|t:|1769430099
|switch|p2a: Dragonite|Dragonite, F|75/100 frz
|turn|14
|
|t:|1769430108
|move|p1a: Kingdra|Weather Ball|p2a: Dragonite
|-resisted|p2a: Dragonite
|-damage|p2a: Dragonite|32/100 frz
|cant|p2a: Dragonite|frz
|
|-weather|RainDance|[upkeep]
|upkeep
|turn|15
|
|t:|1769430124
|-terastallize|p2a: Dragonite|Normal
|cant|p2a: Dragonite|frz
|move|p1a: Kingdra|Weather Ball|p2a: Dragonite
|-damage|p2a: Dragonite|0 fnt
|faint|p2a: Dragonite
|
|-weather|RainDance|[upkeep]
|upkeep
|-message|cowboy octopus forfeited.
|
|win|Dragonzord6
|raw|Dragonzord6's rating: 1455 &rarr; <strong>1475</strong><br />(+20 for winning)
|raw|cowboy octopus's rating: 1453 &rarr; <strong>1433</strong><br />(-20 for losing)
|l|☆cowboy octopus
|player|p2|
|l| NShF
|l|☆Dragonzord6
|player|p1|
