|j|☆yosoyrenzo
|j|☆Sarik405
|t:|1769381836
|gametype|singles
|player|p1|yosoyrenzo|2|1368
|player|p2|Sarik405|clay|1365
|gen|9
|tier|[Gen 9] OU
|rated|
|rule|HP Percentage Mod: HP is shown in percentages
|rule|Endless Battle Clause: Forcing endless battles is banned
|rule|Species Clause: Limit one of each Pokémon
|rule|OHKO Clause: OHKO moves are banned
|rule|Evasion Items Clause: Evasion items are banned
|rule|Evasion Moves Clause: Evasion moves are banned
|rule|Evasion Abilities Clause: Evasion abilities are banned
|rule|Sleep Moves Clause: Sleep-inducing moves are banned
|clearpoke
|poke|p1|Dragapult, F|
|poke|p1|Scizor, F|
|poke|p1|Tyranitar, M|
|poke|p1|Landorus-Therian, M|
|poke|p1|Great Tusk|
|poke|p1|Rotom-Wash|
|poke|p2|Landorus-Therian, M|
|poke|p2|Ogerpon-Wellspring, F|
|poke|p2|Darkrai|
|poke|p2|Dragapult, M|
|poke|p2|Tornadus-Therian, M|
|poke|p2|Iron Crown|
|teampreview
|inactive|Battle timer is ON: inactive players will automatically lose when time's up. (requested by Sarik405)
|
|t:|1769381846
|teamsize|p1|6
|teamsize|p2|6
|start
|switch|p1a: Rotom|Rotom-Wash|100/100
|switch|p2a: Ogerpon|Ogerpon-Wellspring, F|100/100
|turn|1
|
|t:|1769381850
|move|p1a: Rotom|Will-O-Wisp|p2a: Ogerpon
|-status|p2a: Ogerpon|brn
|move|p2a: Ogerpon|Power Whip|p1a: Rotom
|-supereffective|p1a: Rotom
|-damage|p1a: Rotom|2/100
|
|-damage|p2a: Ogerpon|95/100 brn|[from] brn
|upkeep
|turn|2
|c|☆yosoyrenzo|man fuck that broke piece of crap
|
|t:|1769381865
|switch|p1a: Dragapult|Dragapult, F|100/100
|move|p2a: Ogerpon|Spikes|p1a: Dragapult
|-sidestart|p1: yosoyrenzo|Spikes
|
|-damage|p2a: Ogerpon|89/100 brn|[from] brn
|upkeep
|turn|3
|
|t:|1769381877
|move|p1a: Dragapult|Draco Meteor|p2a: Ogerpon
|-damage|p2a: Ogerpon|0 fnt
|-unboost|p1a: Dragapult|spa|2
|faint|p2a: Ogerpon
|
|upkeep
|
|t:|1769381892
|switch|p2a: Iron Crown|Iron Crown|100/100
|-enditem|p2a: Iron Crown|Booster Energy
|-activate|p2a: Iron Crown|ability: Quark Drive|[fromitem]
|-start|p2a: Iron Crown|quarkdrivespe
|turn|4
|
|t:|1769381905
|switch|p1a: Tyranitar|Tyranitar, M|100/100
|-damage|p1a: Tyranitar|88/100|[from] Spikes
|-weather|Sandstorm|[from] ability: Sand Stream|[of] p1a: Tyranitar
|move|p2a: Iron Crown|Calm Mind|p2a: Iron Crown
|-boost|p2a: Iron Crown|spa|1
|-boost|p2a: Iron Crown|spd|1
|
|-weather|Sandstorm|[upkeep]
|upkeep
|turn|5
|
|t:|1769381913
|move|p2a: Iron Crown|Focus Blast|p1a: Tyranitar|[miss]
|-miss|p2a: Iron Crown|p1a: Tyranitar
|move|p1a: Tyranitar|Earthquake|p2a: Iron Crown
|-supereffective|p2a: Iron Crown
|-damage|p2a: Iron Crown|43/100
|
|-weather|Sandstorm|[upkeep]
|upkeep
|turn|6
|
|t:|1769381920
|move|p2a: Iron Crown|Focus Blast|p1a: Tyranitar
|-supereffective|p1a: Tyranitar
|-damage|p1a: Tyranitar|29/100
|move|p1a: Tyranitar|Earthquake|p2a: Iron Crown
|-supereffective|p2a: Iron Crown
|-damage|p2a: Iron Crown|0 fnt
|faint|p2a: Iron Crown
|-end|p2a: Iron Crown|Quark Drive|[silent]
|
|-weather|Sandstorm|[upkeep]
|upkeep
|
|t:|1769381927
|switch|p2a: Landorus|Landorus-Therian, M|100/100
|-ability|p2a: Landorus|Intimidate|boost
|-unboost|p1a: Tyranitar|atk|1
|turn|7
|
|t:|1769381932
|move|p2a: Landorus|Stealth Rock|p1a: Tyranitar
|-sidestart|p1: yosoyrenzo|move: Stealth Rock
|move|p1a: Tyranitar|Hydro Pump|p2a: Landorus
|-supereffective|p2a: Landorus
|-damage|p2a: Landorus|40/100
|
|-weather|Sandstorm|[upkeep]
|upkeep
|turn|8
|
|t:|1769381938
|move|p2a: Landorus|Earthquake|p1a: Tyranitar
|-supereffective|p1a: Tyranitar
|-damage|p1a: Tyranitar|0 fnt
|faint|p1a: Tyranitar
|
|-weather|none
|upkeep
|
|t:|1769381943
|switch|p1a: Scizor|Scizor, F|100/100
|turn|9
|
|t:|1769381954
|move|p2a: Landorus|U-turn|p1a: Scizor
|-resisted|p1a: Scizor
|-damage|p1a: Scizor|88/100
|
|t:|1769381956
|switch|p2a: Tornadus|Tornadus-Therian, M|100/100|[from] U-turn
|move|p1a: Scizor|Defog|p2a: Tornadus
|-unboost|p2a: Tornadus|evasion|1
|-sideend|p1: yosoyrenzo|Spikes|[from] move: Defog|[of] p1a: Scizor
|-sideend|p1: yosoyrenzo|Stealth Rock|[from] move: Defog|[of] p1a: Scizor
|
|upkeep
|turn|10
|
|t:|1769381966
|move|p2a: Tornadus|Heat Wave|p1a: Scizor
|-supereffective|p1a: Scizor
|-damage|p1a: Scizor|0 fnt
|faint|p1a: Scizor
|
|upkeep
|
|t:|1769381971
|switch|p1a: Dragapult|Dragapult, F|100/100
|turn|11
|
|t:|1769381980
|switch|p2a: Landorus|Landorus-Therian, M|40/100
|-ability|p2a: Landorus|Intimidate|boost
|-unboost|p1a: Dragapult|atk|1
|move|p1a: Dragapult|Draco Meteor|p2a: Landorus
|-damage|p2a: Landorus|0 fnt
|-unboost|p1a: Dragapult|spa|2
|faint|p2a: Landorus
|
|upkeep
|
|t:|1769381989
|switch|p2a: Darkrai|Darkrai|100/100
|turn|12
|
|t:|1769381998
|switch|p1a: Great Tusk|Great Tusk|100/100
|move|p2a: Darkrai|Ice Beam|p1a: Great Tusk
|-supereffective|p1a: Great Tusk
|-damage|p1a: Great Tusk|5/100
|
|-heal|p1a: Great Tusk|11/100|[from] item: Leftovers
|upkeep
|turn|13
|
|t:|1769382013
|move|p2a: Darkrai|Ice Beam|p1a: Great Tusk
|-supereffective|p1a: Great Tusk
|-damage|p1a: Great Tusk|0 fnt
|faint|p1a: Great Tusk
|-end|p1a: Great Tusk|Protosynthesis|[silent]
|
|upkeep
|
|t:|1769382017
|switch|p1a: Dragapult|Dragapult, F|100/100
|turn|14
|
|t:|1769382021
|switch|p2a: Tornadus|Tornadus-Therian, M|100/100
|move|p1a: Dragapult|U-turn|p2a: Tornadus
|-resisted|p2a: Tornadus
|-damage|p2a: Tornadus|91/100
|
|t:|1769382026
|switch|p1a: Rotom|Rotom-Wash|2/100|[from] U-turn
|
|upkeep
|turn|15
|
|t:|1769382035
|-terastallize|p2a: Tornadus|Steel
|move|p1a: Rotom|Volt Switch|p2a: Tornadus
|-damage|p2a: Tornadus|54/100
|
|t:|1769382039
|switch|p1a: Landorus|Landorus-Therian, M|100/100|[from] Volt Switch
|-ability|p1a: Landorus|Intimidate|boost
|-unboost|p2a: Tornadus|atk|1
|move|p2a: Tornadus|U-turn|p1a: Landorus
|-resisted|p1a: Landorus
|-damage|p1a: Landorus|95/100
|
|t:|1769382043
|switch|p2a: Darkrai|Darkrai|100/100|[from] U-turn
|
|upkeep
|turn|16
|
|t:|1769382052
|-terastallize|p1a: Landorus|Ice
|move|p2a: Darkrai|Ice Beam|p1a: Landorus
|-resisted|p1a: Landorus
|-damage|p1a: Landorus|74/100
|move|p1a: Landorus|Earth Power|p2a: Darkrai
|-crit|p2a: Darkrai
|-damage|p2a: Darkrai|0 fnt
|faint|p2a: Darkrai
|-damage|p1a: Landorus|65/100|[from] item: Life Orb
|
|upkeep
|
|t:|1769382057
|switch|p2a: Dragapult|Dragapult, M|100/100
|turn|17
|
|t:|1769382068
|move|p2a: Dragapult|Dragon Darts|p1a: Landorus
|-damage|p1a: Landorus|43/100
|-anim|p2a: Dragapult|Dragon Darts|p1a: Landorus
|-damage|p1a: Landorus|20/100
|move|p1a: Landorus|Tera Blast|p2a: Dragapult|[anim] Tera Blast Ice
|-supereffective|p2a: Dragapult
|-damage|p2a: Dragapult|0 fnt
|faint|p2a: Dragapult
|-damage|p1a: Landorus|11/100|[from] item: Life Orb
|
|upkeep
|
|t:|1769382074
|switch|p2a: Tornadus|Tornadus-Therian, M, tera:Steel|88/100
|turn|18
|
|t:|1769382079
|move|p2a: Tornadus|Heat Wave|p1a: Landorus
|-supereffective|p1a: Landorus
|-damage|p1a: Landorus|0 fnt
|faint|p1a: Landorus
|
|upkeep
|
|t:|1769382087
|switch|p1a: Rotom|Rotom-Wash|2/100
|turn|19
|
|t:|1769382091
|move|p1a: Rotom|Hydro Pump|p2a: Tornadus
|-damage|p2a: Tornadus|32/100
|move|p2a: Tornadus|Bleakwind Storm|p1a: Rotom
|-resisted|p1a: Rotom
|-damage|p1a: Rotom|0 fnt
|faint|p1a: Rotom
|
|upkeep
|
|t:|1769382098
|switch|p1a: Dragapult|Dragapult, F|100/100
|turn|20
|
|t:|1769382101
|move|p1a: Dragapult|Shadow Ball|p2a: Tornadus
|-damage|p2a: Tornadus|0 fnt
|faint|p2a: Tornadus
|
|win|yosoyrenzo
