|j|☆spunder_policy
|j|☆CambridgeFoulPlay
|t:|1769338806
|gametype|singles
|player|p1|spunder_policy|169|1625
|player|p2|CambridgeFoulPlay|266|1582
|gen|9
|tier|[Gen 9] OU
|rated|
|rule|HP Percentage Mod: HP is shown in percentages
|rule|Endless Battle Clause: Forcing endless battles is banned
|rule|Species Clause: Limit one of each Pokémon
|rule|OHKO Clause: OHKO moves are banned
|rule|Evasion Items Clause: Evasion items are banned
|rule|Evasion Moves Clause: Evasion moves are banned
|rule|Evasion Abilities Clause: Evasion abilities are banned
|rule|Sleep Moves Clause: Sleep-inducing moves are banned
|clearpoke
|poke|p1|Zoroark-Hisui, M|
|poke|p1|Mesprit|
|poke|p1|Alomomola, F|
|poke|p1|Goodra-Hisui, M|
|poke|p1|Thundurus, M|
|poke|p1|Blaziken, F|
|poke|p2|Hydrapple, M|
|poke|p2|Tyranitar, F|
|poke|p2|Moltres|
|poke|p2|Zamazenta-*|
|poke|p2|Slowking-Galar, F|
|poke|p2|Excadrill, F|
|teampreview
|inactive|Battle timer is ON: inactive players will automatically lose when time's up. (requested by spunder_policy)
|c|☆CambridgeFoulPlay|hf
|inactive|CambridgeFoulPlay also wants the timer to be on.
|
|t:|1769338832
|teamsize|p1|6
|teamsize|p2|6
|start
|switch|p1a: Goodra|Goodra-Hisui, M|100/100
|switch|p2a: Tyranitar|Tyranitar, F|100/100
|-weather|Sandstorm|[from] ability: Sand Stream|[of] p2a: Tyranitar
|turn|1
|
|t:|1769338835
|move|p2a: Tyranitar|Knock Off|p1a: Goodra
|-damage|p1a: Goodra|67/100
|-enditem|p1a: Goodra|Heavy-Duty Boots|[from] move: Knock Off|[of] p2a: Tyranitar
|move|p1a: Goodra|Knock Off|p2a: Tyranitar
|-resisted|p2a: Tyranitar
|-damage|p2a: Tyranitar|92/100
|-enditem|p2a: Tyranitar|Smooth Rock|[from] move: Knock Off|[of] p1a: Goodra
|
|-weather|Sandstorm|[upkeep]
|upkeep
|turn|2
|
|t:|1769338845
|move|p2a: Tyranitar|Stealth Rock|p1a: Goodra
|-sidestart|p1: spunder_policy|move: Stealth Rock
|move|p1a: Goodra|Surf|p2a: Tyranitar
|-supereffective|p2a: Tyranitar
|-damage|p2a: Tyranitar|69/100
|
|-weather|Sandstorm|[upkeep]
|upkeep
|turn|3
|
|t:|1769338848
|switch|p2a: Zamazenta|Zamazenta|100/100
|-ability|p2a: Zamazenta|Dauntless Shield|boost
|-boost|p2a: Zamazenta|def|1
|move|p1a: Goodra|Surf|p2a: Zamazenta
|-damage|p2a: Zamazenta|74/100
|
|-weather|Sandstorm|[upkeep]
|-damage|p2a: Zamazenta|68/100|[from] Sandstorm
|-heal|p2a: Zamazenta|74/100|[from] item: Leftovers
|upkeep
|turn|4
|
|t:|1769338851
|switch|p1a: Mesprit|Mesprit|100/100
|move|p2a: Zamazenta|Body Press|p1a: Mesprit
|-resisted|p1a: Mesprit
|-damage|p1a: Mesprit|82/100
|
|-weather|Sandstorm|[upkeep]
|-damage|p2a: Zamazenta|68/100|[from] Sandstorm
|-damage|p1a: Mesprit|76/100|[from] Sandstorm
|-heal|p2a: Zamazenta|74/100|[from] item: Leftovers
|upkeep
|turn|5
|
|t:|1769338855
|switch|p2a: Tyranitar|Tyranitar, F|69/100
|move|p1a: Mesprit|Psychic Noise|p2a: Tyranitar
|-immune|p2a: Tyranitar
|
|-weather|Sandstorm|[upkeep]
|-damage|p1a: Mesprit|70/100|[from] Sandstorm
|upkeep
|turn|6
|
|t:|1769338858
|move|p1a: Mesprit|U-turn|p2a: Tyranitar
|-supereffective|p2a: Tyranitar
|-damage|p2a: Tyranitar|46/100
|
|t:|1769338865
|switch|p1a: Blaziken|Blaziken, F|100/100|[from] U-turn
|move|p2a: Tyranitar|Knock Off|p1a: Blaziken
|-resisted|p1a: Blaziken
|-damage|p1a: Blaziken|67/100
|-enditem|p1a: Blaziken|Heavy-Duty Boots|[from] move: Knock Off|[of] p2a: Tyranitar
|
|-weather|Sandstorm|[upkeep]
|-damage|p1a: Blaziken|61/100|[from] Sandstorm
|upkeep
|turn|7
|
|t:|1769338868
|switch|p2a: Zamazenta|Zamazenta|74/100
|move|p1a: Blaziken|U-turn|p2a: Zamazenta
|-resisted|p2a: Zamazenta
|-damage|p2a: Zamazenta|67/100
|
|t:|1769338870
|switch|p1a: Mesprit|Mesprit|70/100|[from] U-turn
|
|-weather|Sandstorm|[upkeep]
|-damage|p2a: Zamazenta|60/100|[from] Sandstorm
|-damage|p1a: Mesprit|64/100|[from] Sandstorm
|-heal|p2a: Zamazenta|67/100|[from] item: Leftovers
|upkeep
|turn|8
|
|t:|1769338873
|move|p2a: Zamazenta|Crunch|p1a: Mesprit
|-supereffective|p1a: Mesprit
|-damage|p1a: Mesprit|36/100
|move|p1a: Mesprit|Stealth Rock|p2a: Zamazenta
|-sidestart|p2: CambridgeFoulPlay|move: Stealth Rock
|
|-weather|none
|-heal|p2a: Zamazenta|73/100|[from] item: Leftovers
|upkeep
|turn|9
|
|t:|1769338880
|move|p2a: Zamazenta|Crunch|p1a: Mesprit
|-supereffective|p1a: Mesprit
|-damage|p1a: Mesprit|7/100
|move|p1a: Mesprit|Psychic Noise|p2a: Zamazenta
|-supereffective|p2a: Zamazenta
|-damage|p2a: Zamazenta|22/100
|-start|p2a: Zamazenta|move: Heal Block
|
|upkeep
|turn|10
|
|t:|1769338884
|switch|p1a: Thundurus|Thundurus, M|100/100
|move|p2a: Zamazenta|Body Press|p1a: Thundurus
|-resisted|p1a: Thundurus
|-damage|p1a: Thundurus|77/100
|
|-end|p2a: Zamazenta|move: Heal Block
|upkeep
|turn|11
|
|t:|1769338889
|switch|p2a: Hydrapple|Hydrapple, M|100/100
|move|p1a: Thundurus|Volt Switch|p2a: Hydrapple
|-resisted|p2a: Hydrapple
|-damage|p2a: Hydrapple|94/100
|
|t:|1769338896
|switch|p1a: Mesprit|Mesprit|7/100|[from] Volt Switch
|
|upkeep
|turn|12
|
|t:|1769338905
|switch|p2a: Slowking|Slowking-Galar, F|100/100
|-damage|p2a: Slowking|88/100|[from] Stealth Rock
|move|p1a: Mesprit|U-turn|p2a: Slowking
|-damage|p2a: Slowking|76/100
|
|t:|1769338909
|switch|p1a: Goodra|Goodra-Hisui, M|67/100|[from] U-turn
|-damage|p1a: Goodra|61/100|[from] Stealth Rock
|
|upkeep
|turn|13
|
|t:|1769338911
|switch|p2a: Zamazenta|Zamazenta|22/100
|-damage|p2a: Zamazenta|16/100|[from] Stealth Rock
|move|p1a: Goodra|Knock Off|p2a: Zamazenta
|-resisted|p2a: Zamazenta
|-damage|p2a: Zamazenta|8/100
|-enditem|p2a: Zamazenta|Leftovers|[from] move: Knock Off|[of] p1a: Goodra
|
|upkeep
|turn|14
|
|t:|1769338914
|switch|p1a: Alomomola|Alomomola, F|100/100
|move|p2a: Zamazenta|Body Press|p1a: Alomomola
|-damage|p1a: Alomomola|71/100
|
|upkeep
|turn|15
|
|t:|1769338917
|move|p1a: Alomomola|Wish|p1a: Alomomola
|move|p2a: Zamazenta|Roar|p1a: Alomomola
|drag|p1a: Goodra|Goodra-Hisui, M|61/100
|-damage|p1a: Goodra|55/100|[from] Stealth Rock
|
|upkeep
|turn|16
|
|t:|1769338920
|switch|p1a: Thundurus|Thundurus, M|77/100
|move|p2a: Zamazenta|Body Press|p1a: Thundurus
|-resisted|p1a: Thundurus
|-damage|p1a: Thundurus|53/100
|
|-heal|p1a: Thundurus|100/100|[from] move: Wish|[wisher] Alomomola
|upkeep
|turn|17
|
|t:|1769338923
|move|p2a: Zamazenta|Body Press|p1a: Thundurus
|-resisted|p1a: Thundurus
|-damage|p1a: Thundurus|76/100
|move|p1a: Thundurus|U-turn|p2a: Zamazenta
|-resisted|p2a: Zamazenta
|-damage|p2a: Zamazenta|2/100
|
|t:|1769338925
|switch|p1a: Alomomola|Alomomola, F|100/100|[from] U-turn
|
|upkeep
|turn|18
|
|t:|1769338928
|switch|p2a: Hydrapple|Hydrapple, M|100/100
|move|p1a: Alomomola|Wish|p1a: Alomomola
|
|upkeep
|turn|19
|
|t:|1769338934
|switch|p1a: Goodra|Goodra-Hisui, M|55/100
|-damage|p1a: Goodra|49/100|[from] Stealth Rock
|move|p2a: Hydrapple|Fickle Beam|p1a: Goodra
|-damage|p1a: Goodra|27/100
|
|-heal|p1a: Goodra|99/100|[from] move: Wish|[wisher] Alomomola
|upkeep
|turn|20
|
|t:|1769338938
|move|p1a: Goodra|Knock Off|p2a: Hydrapple
|-damage|p2a: Hydrapple|88/100
|-enditem|p2a: Hydrapple|Heavy-Duty Boots|[from] move: Knock Off|[of] p1a: Goodra
|move|p2a: Hydrapple|Earth Power|p1a: Goodra
|-supereffective|p1a: Goodra
|-damage|p1a: Goodra|67/100
|
|upkeep
|turn|21
|
|t:|1769338940
|switch|p2a: Zamazenta|Zamazenta|2/100
|-damage|p2a: Zamazenta|0 fnt|[from] Stealth Rock
|faint|p2a: Zamazenta
|move|p1a: Goodra|Sludge Bomb|p2: Zamazenta|[notarget]
|-fail|p1a: Goodra
|
|upkeep
|
|t:|1769338942
|switch|p2a: Excadrill|Excadrill, F|100/100
|-damage|p2a: Excadrill|97/100|[from] Stealth Rock
|-item|p2a: Excadrill|Air Balloon
|turn|22
|
|t:|1769338945
|move|p2a: Excadrill|Earthquake|p1a: Goodra
|-supereffective|p1a: Goodra
|-damage|p1a: Goodra|0 fnt
|faint|p1a: Goodra
|
|upkeep
|
|t:|1769338947
|switch|p1a: Alomomola|Alomomola, F|100/100
|turn|23
|
|t:|1769338950
|switch|p2a: Hydrapple|Hydrapple, M|100/100
|-damage|p2a: Hydrapple|88/100|[from] Stealth Rock
|move|p1a: Alomomola|Focus Blast|p2a: Hydrapple
|-damage|p2a: Hydrapple|44/100
|
|upkeep
|turn|24
|
|t:|1769338962
|switch|p2a: Tyranitar|Tyranitar, F|46/100
|-damage|p2a: Tyranitar|34/100|[from] Stealth Rock
|-weather|Sandstorm|[from] ability: Sand Stream|[of] p2a: Tyranitar
|move|p1a: Alomomola|Tera Blast|p2a: Tyranitar
|-resisted|p2a: Tyranitar
|-damage|p2a: Tyranitar|26/100
|
|-weather|Sandstorm|[upkeep]
|-damage|p1a: Alomomola|95/100|[from] Sandstorm
|upkeep
|turn|25
|
|t:|1769338971
|switch|p1a: Alomomola|Alomomola, F|100/100
|move|p2a: Tyranitar|Knock Off|p1a: Alomomola
|-damage|p1a: Alomomola|70/100
|-enditem|p1a: Alomomola|Heavy-Duty Boots|[from] move: Knock Off|[of] p2a: Tyranitar
|
|-weather|Sandstorm|[upkeep]
|-damage|p1a: Alomomola|64/100|[from] Sandstorm
|upkeep
|turn|26
|
|t:|1769338978
|switch|p2a: Hydrapple|Hydrapple, M|78/100
|-damage|p2a: Hydrapple|65/100|[from] Stealth Rock
|move|p1a: Alomomola|Wish|p1a: Alomomola
|
|-weather|Sandstorm|[upkeep]
|-damage|p1a: Alomomola|58/100|[from] Sandstorm
|-damage|p2a: Hydrapple|59/100|[from] Sandstorm
|upkeep
|turn|27
|
|t:|1769338982
|move|p1a: Alomomola|Flip Turn|p2a: Hydrapple
|-resisted|p2a: Hydrapple
|-damage|p2a: Hydrapple|57/100
|
|t:|1769338983
|switch|p1a: Thundurus|Thundurus, M|76/100|[from] Flip Turn
|move|p2a: Hydrapple|Fickle Beam|p1a: Thundurus
|-damage|p1a: Thundurus|36/100
|
|-weather|Sandstorm|[upkeep]
|-damage|p1a: Thundurus|30/100|[from] Sandstorm
|-damage|p2a: Hydrapple|51/100|[from] Sandstorm
|-heal|p1a: Thundurus|100/100|[from] move: Wish|[wisher] Alomomola
|upkeep
|turn|28
|
|t:|1769338990
|move|p1a: Thundurus|Tera Blast|p2a: Hydrapple
|-damage|p2a: Hydrapple|30/100
|move|p2a: Hydrapple|Fickle Beam|p1a: Thundurus
|-damage|p1a: Thundurus|61/100
|
|-weather|none
|upkeep
|turn|29
|
|t:|1769338997
|switch|p2a: Slowking|Slowking-Galar, F|100/100
|-damage|p2a: Slowking|88/100|[from] Stealth Rock
|move|p1a: Thundurus|Tera Blast|p2a: Slowking
|-damage|p2a: Slowking|76/100
|
|upkeep
|turn|30
|
|t:|1769339001
|move|p1a: Thundurus|Thunder Wave|p2a: Slowking|[miss]
|-miss|p1a: Thundurus|p2a: Slowking
|move|p2a: Slowking|Psyshock|p1a: Thundurus
|-damage|p1a: Thundurus|21/100
|
|upkeep
|turn|31
|
|t:|1769339012
|move|p1a: Thundurus|U-turn|p2a: Slowking
|-damage|p2a: Slowking|64/100
|
|t:|1769339013
|switch|p1a: Alomomola|Alomomola, F|91/100|[from] U-turn
|-damage|p1a: Alomomola|79/100|[from] Stealth Rock
|move|p2a: Slowking|Sludge Bomb|p1a: Alomomola
|-damage|p1a: Alomomola|53/100
|
|upkeep
|turn|32
|
|t:|1769339016
|switch|p2a: Hydrapple|Hydrapple, M|63/100
|-damage|p2a: Hydrapple|51/100|[from] Stealth Rock
|move|p1a: Alomomola|Scald|p2a: Hydrapple
|-resisted|p2a: Hydrapple
|-damage|p2a: Hydrapple|48/100
|
|upkeep
|turn|33
|
|t:|1769339021
|move|p1a: Alomomola|Wish|p1a: Alomomola
|move|p2a: Hydrapple|Fickle Beam|p1a: Alomomola
|-damage|p1a: Alomomola|27/100
|
|upkeep
|turn|34
|
|t:|1769339034
|move|p1a: Alomomola|Protect|p1a: Alomomola
|-singleturn|p1a: Alomomola|Protect
|move|p2a: Hydrapple|Fickle Beam|p1a: Alomomola
|-activate|p1a: Alomomola|move: Protect
|
|-heal|p1a: Alomomola|77/100|[from] move: Wish|[wisher] Alomomola
|upkeep
|turn|35
|
|t:|1769339041
|move|p1a: Alomomola|Flip Turn|p2a: Hydrapple
|-resisted|p2a: Hydrapple
|-damage|p2a: Hydrapple|45/100
|
|t:|1769339042
|switch|p1a: Thundurus|Thundurus, M|21/100|[from] Flip Turn
|move|p2a: Hydrapple|Fickle Beam|p1a: Thundurus
|-damage|p1a: Thundurus|0 fnt
|faint|p1a: Thundurus
|
|upkeep
|
|t:|1769339044
|switch|p1a: Mesprit|Mesprit|7/100
|turn|36
|
|t:|1769339053
|switch|p2a: Slowking|Slowking-Galar, F|97/100
|-damage|p2a: Slowking|85/100|[from] Stealth Rock
|move|p1a: Mesprit|Ice Beam|p2a: Slowking
|-damage|p2a: Slowking|73/100
|
|upkeep
|turn|37
|
|t:|1769339064
|move|p1a: Mesprit|Ice Beam|p2a: Slowking
|-damage|p2a: Slowking|60/100
|move|p2a: Slowking|Sludge Bomb|p1a: Mesprit
|-damage|p1a: Mesprit|0 fnt
|faint|p1a: Mesprit
|
|upkeep
|
|t:|1769339066
|switch|p1a: Blaziken|Blaziken, F|95/100
|turn|38
|
|t:|1769339074
|move|p1a: Blaziken|Tera Blast|p2a: Slowking
|-damage|p2a: Slowking|39/100
|move|p2a: Slowking|Psyshock|p1a: Blaziken
|-damage|p1a: Blaziken|28/100
|replace|p1a: Zoroark|Zoroark-Hisui, M
|-end|p1a: Zoroark|Illusion
|
|upkeep
|turn|39
|
|t:|1769339077
|move|p1a: Zoroark|Hex|p2a: Slowking
|-supereffective|p2a: Slowking
|-damage|p2a: Slowking|5/100
|move|p2a: Slowking|Sludge Bomb|p1a: Zoroark
|-resisted|p1a: Zoroark
|-damage|p1a: Zoroark|0 fnt
|faint|p1a: Zoroark
|
|upkeep
|
|t:|1769339084
|switch|p1a: Blaziken|Blaziken, F|61/100
|-damage|p1a: Blaziken|48/100|[from] Stealth Rock
|turn|40
|
|t:|1769339090
|move|p1a: Blaziken|Overheat|p2a: Slowking
|-damage|p2a: Slowking|0 fnt
|-unboost|p1a: Blaziken|spa|2
|faint|p2a: Slowking
|
|-ability|p1a: Blaziken|Speed Boost|boost
|-boost|p1a: Blaziken|spe|1
|upkeep
|
|t:|1769339094
|switch|p2a: Hydrapple|Hydrapple, M|78/100
|-damage|p2a: Hydrapple|66/100|[from] Stealth Rock
|turn|41
|
|t:|1769339096
|move|p1a: Blaziken|U-turn|p2a: Hydrapple
|-supereffective|p2a: Hydrapple
|-damage|p2a: Hydrapple|43/100
|
|t:|1769339098
|switch|p1a: Alomomola|Alomomola, F|100/100|[from] U-turn
|-damage|p1a: Alomomola|88/100|[from] Stealth Rock
|move|p2a: Hydrapple|Nasty Plot|p2a: Hydrapple
|-boost|p2a: Hydrapple|spa|2
|
|upkeep
|turn|42
|
|t:|1769339101
|move|p1a: Alomomola|Wish|p1a: Alomomola
|move|p2a: Hydrapple|Giga Drain|p1a: Alomomola
|-supereffective|p1a: Alomomola
|-damage|p1a: Alomomola|0 fnt
|-heal|p2a: Hydrapple|100/100|[from] drain|[of] p1a: Alomomola
|faint|p1a: Alomomola
|
|upkeep
|-message|spunder_policy forfeited.
|
|win|CambridgeFoulPlay
|raw|spunder_policy's rating: 1625 &rarr; <strong>1603</strong><br />(-22 for losing)
|raw|CambridgeFoulPlay's rating: 1582 &rarr; <strong>1604</strong><br />(+22 for winning)
|c|☆CambridgeFoulPlay|gg
|l|☆spunder_policy
|player|p1|
