|j|☆PkmnJiffy
|j|☆genskialtacc29
|t:|1769413270
|gametype|singles
|player|p1|PkmnJiffy|artist-gen4|1077
|player|p2|genskialtacc29|jogger|1107
|gen|9
|tier|[Gen 9] OU
|rated|
|rule|HP Percentage Mod: HP is shown in percentages
|rule|Endless Battle Clause: Forcing endless battles is banned
|rule|Species Clause: Limit one of each Pokémon
|rule|OHKO Clause: OHKO moves are banned
|rule|Evasion Items Clause: Evasion items are banned
|rule|Evasion Moves Clause: Evasion moves are banned
|rule|Evasion Abilities Clause: Evasion abilities are banned
|rule|Sleep Moves Clause: Sleep-inducing moves are banned
|clearpoke
|poke|p1|Mimikyu, M|
|poke|p1|Ogerpon-Wellspring, F|
|poke|p1|Zoroark-Hisui, M|
|poke|p1|Malamar, F|
|poke|p1|Tinkaton, F|
|poke|p1|Dragapult, F|
|poke|p2|Scizor, M|
|poke|p2|Mandibuzz, F|
|poke|p2|Feraligatr, M|
|poke|p2|Skeledirge, F|
|poke|p2|Infernape, M|
|poke|p2|Toxapex, F|
|teampreview
|inactive|Battle timer is ON: inactive players will automatically lose when time's up. (requested by PkmnJiffy)
|
|t:|1769413292
|teamsize|p1|6
|teamsize|p2|6
|start
|switch|p1a: Ponyo|Ogerpon-Wellspring, F|100/100
|switch|p2a: Mandibuzz|Mandibuzz, F|100/100
|turn|1
|
|t:|1769413300
|-terastallize|p1a: Ponyo|Water
|detailschange|p1a: Ponyo|Ogerpon-Wellspring-Tera, F, tera:Water
|-ability|p1a: Ponyo|Embody Aspect (Wellspring)|boost
|-boost|p1a: Ponyo|spd|1
|move|p1a: Ponyo|Swords Dance|p1a: Ponyo
|-boost|p1a: Ponyo|atk|2
|move|p2a: Mandibuzz|Taunt|p1a: Ponyo
|-start|p1a: Ponyo|move: Taunt
|
|upkeep
|turn|2
|
|t:|1769413317
|switch|p2a: Toxapex|Toxapex, F|100/100
|move|p1a: Ponyo|Ivy Cudgel|p2a: Toxapex|[anim] Ivy Cudgel Water
|-resisted|p2a: Toxapex
|-damage|p2a: Toxapex|53/100
|
|-heal|p2a: Toxapex|59/100|[from] item: Black Sludge
|upkeep
|turn|3
|
|t:|1769413327
|move|p2a: Toxapex|Baneful Bunker|p2a: Toxapex
|-singleturn|p2a: Toxapex|move: Protect
|move|p1a: Ponyo|Knock Off|p2a: Toxapex
|-activate|p2a: Toxapex|move: Protect
|-status|p1a: Ponyo|psn
|
|-heal|p2a: Toxapex|65/100|[from] item: Black Sludge
|-damage|p1a: Ponyo|88/100 psn|[from] psn
|upkeep
|turn|4
|
|t:|1769413338
|move|p1a: Ponyo|Knock Off|p2a: Toxapex
|-damage|p2a: Toxapex|18/100
|-enditem|p2a: Toxapex|Black Sludge|[from] move: Knock Off|[of] p1a: Ponyo
|move|p2a: Toxapex|Haze|p2a: Toxapex
|-clearallboost
|
|-damage|p1a: Ponyo|76/100 psn|[from] psn
|-end|p1a: Ponyo|move: Taunt
|upkeep
|turn|5
|
|t:|1769413349
|move|p2a: Toxapex|Baneful Bunker|p2a: Toxapex
|-singleturn|p2a: Toxapex|move: Protect
|move|p1a: Ponyo|Spikes|p2a: Toxapex
|-sidestart|p2: genskialtacc29|Spikes
|
|-damage|p1a: Ponyo|64/100 psn|[from] psn
|upkeep
|turn|6
|
|t:|1769413362
|switch|p2a: Mandibuzz|Mandibuzz, F|100/100
|move|p1a: Ponyo|Knock Off|p2a: Mandibuzz
|-resisted|p2a: Mandibuzz
|-damage|p2a: Mandibuzz|89/100
|-enditem|p2a: Mandibuzz|Leftovers|[from] move: Knock Off|[of] p1a: Ponyo
|
|-damage|p1a: Ponyo|51/100 psn|[from] psn
|upkeep
|turn|7
|
|t:|1769413373
|move|p1a: Ponyo|Ivy Cudgel|p2a: Mandibuzz|[anim] Ivy Cudgel Water
|-damage|p2a: Mandibuzz|46/100
|move|p2a: Mandibuzz|Defog|p1a: Ponyo
|-unboost|p1a: Ponyo|evasion|1
|-sideend|p2: genskialtacc29|Spikes|[from] move: Defog|[of] p2a: Mandibuzz
|
|-damage|p1a: Ponyo|39/100 psn|[from] psn
|upkeep
|turn|8
|
|t:|1769413383
|move|p1a: Ponyo|Ivy Cudgel|p2a: Mandibuzz|[anim] Ivy Cudgel Water
|-damage|p2a: Mandibuzz|0 fnt
|faint|p2a: Mandibuzz
|
|-damage|p1a: Ponyo|27/100 psn|[from] psn
|upkeep
|
|t:|1769413396
|switch|p2a: Infernape|Infernape, M|100/100
|turn|9
|
|t:|1769413403
|move|p2a: Infernape|Drain Punch|p1a: Ponyo
|-damage|p1a: Ponyo|0 fnt
|faint|p1a: Ponyo
|detailschange|p1: Ponyo|Ogerpon-Wellspring, F|[silent]
|
|upkeep
|
|t:|1769413409
|switch|p1a: TinkaTinka|Tinkaton, F|100/100
|turn|10
|
|t:|1769413415
|switch|p2a: Skeledirge|Skeledirge, F|100/100
|move|p1a: TinkaTinka|Trick|p2a: Skeledirge
|-activate|p1a: TinkaTinka|move: Trick|[of] p2a: Skeledirge
|-item|p2a: Skeledirge|Flame Orb|[from] move: Trick
|-item|p1a: TinkaTinka|Leftovers|[from] move: Trick
|
|upkeep
|turn|11
|
|t:|1769413425
|move|p1a: TinkaTinka|Poltergeist|p2a: Skeledirge
|-activate|p2a: Skeledirge|move: Poltergeist|Flame Orb
|-supereffective|p2a: Skeledirge
|-damage|p2a: Skeledirge|36/100
|move|p2a: Skeledirge|Will-O-Wisp|p1a: TinkaTinka|[miss]
|-miss|p2a: Skeledirge|p1a: TinkaTinka
|
|upkeep
|turn|12
|
|t:|1769413439
|switch|p2a: Scizor|Scizor, M|100/100
|move|p1a: TinkaTinka|Poltergeist|p2a: Scizor
|-activate|p2a: Scizor|move: Poltergeist|Life Orb
|-damage|p2a: Scizor|61/100
|
|upkeep
|turn|13
|
|t:|1769413453
|move|p1a: TinkaTinka|Focus Blast|p2a: Scizor
|-damage|p2a: Scizor|20/100
|move|p2a: Scizor|Knock Off|p1a: TinkaTinka
|-supereffective|p1a: TinkaTinka
|-damage|p1a: TinkaTinka|0 fnt
|replace|p1a: Zorin|Zoroark-Hisui, M, shiny
|-end|p1a: Zorin|Illusion
|-enditem|p1a: Zorin|Leftovers|[from] move: Knock Off|[of] p2a: Scizor
|faint|p1a: Zorin
|-damage|p2a: Scizor|10/100|[from] item: Life Orb
|
|upkeep
|
|t:|1769413465
|switch|p1a: Kyu|Mimikyu, M|100/100
|turn|14
|
|t:|1769413471
|move|p2a: Scizor|Bullet Punch|p1a: Kyu
|-activate|p1a: Kyu|ability: Disguise
|-damage|p1a: Kyu|100/100
|detailschange|p1a: Kyu|Mimikyu-Busted, M
|-damage|p1a: Kyu|88/100|[from] pokemon: Mimikyu-Busted
|-enditem|p1a: Kyu|Red Card|[of] p2a: Scizor
|drag|p2a: Infernape|Infernape, M|100/100
|move|p1a: Kyu|Thunder Wave|p2a: Infernape
|-status|p2a: Infernape|par
|
|upkeep
|turn|15
|
|t:|1769413491
|switch|p2a: Skeledirge|Skeledirge, F|36/100
|move|p1a: Kyu|Trick Room|p1a: Kyu
|-fieldstart|move: Trick Room|[of] p1a: Kyu
|
|upkeep
|turn|16
|
|t:|1769413499
|move|p2a: Skeledirge|Hex|p1a: Kyu
|-supereffective|p1a: Kyu
|-damage|p1a: Kyu|33/100
|move|p1a: Kyu|Destiny Bond|p1a: Kyu
|-singlemove|p1a: Kyu|Destiny Bond
|
|upkeep
|turn|17
|
|t:|1769413507
|move|p2a: Skeledirge|Will-O-Wisp|p1a: Kyu
|-status|p1a: Kyu|brn
|move|p1a: Kyu|Facade|p2a: Skeledirge
|-immune|p2a: Skeledirge
|
|-damage|p1a: Kyu|27/100 brn|[from] brn
|upkeep
|turn|18
|
|t:|1769413521
|move|p2a: Skeledirge|Slack Off|p2a: Skeledirge
|-heal|p2a: Skeledirge|86/100
|move|p1a: Kyu|Destiny Bond|p1a: Kyu
|-singlemove|p1a: Kyu|Destiny Bond
|
|-damage|p1a: Kyu|21/100 brn|[from] brn
|upkeep
|turn|19
|
|t:|1769413531
|move|p2a: Skeledirge|Slack Off|p2a: Skeledirge
|-heal|p2a: Skeledirge|100/100
|move|p1a: Kyu|Thunder Wave|p2a: Skeledirge
|-status|p2a: Skeledirge|par
|
|-damage|p1a: Kyu|15/100 brn|[from] brn
|-fieldend|move: Trick Room
|upkeep
|turn|20
|
|t:|1769413550
|switch|p2a: Scizor|Scizor, M|10/100
|move|p1a: Kyu|Destiny Bond|p1a: Kyu
|-singlemove|p1a: Kyu|Destiny Bond
|
|-damage|p1a: Kyu|9/100 brn|[from] brn
|upkeep
|turn|21
|
|t:|1769413559
|move|p1a: Kyu|Thunder Wave|p2a: Scizor
|-status|p2a: Scizor|par
|move|p2a: Scizor|Swords Dance|p2a: Scizor
|-boost|p2a: Scizor|atk|2
|
|-damage|p1a: Kyu|2/100 brn|[from] brn
|upkeep
|turn|22
|
|t:|1769413569
|move|p2a: Scizor|Bullet Punch|p1a: Kyu
|-supereffective|p1a: Kyu
|-damage|p1a: Kyu|0 fnt
|faint|p1a: Kyu
|-damage|p2a: Scizor|0 fnt|[from] item: Life Orb
|faint|p2a: Scizor
|
|upkeep
|
|t:|1769413590
|switch|p1a: Dratlas|Dragapult, F|100/100
|switch|p2a: Toxapex|Toxapex, F|51/100
|turn|23
|
|t:|1769413598
|move|p1a: Dratlas|Disable||[still]
|-fail|p1a: Dratlas
|move|p2a: Toxapex|Toxic|p1a: Dratlas
|-status|p1a: Dratlas|tox
|
|-damage|p1a: Dratlas|94/100 tox|[from] psn
|upkeep
|turn|24
|
|t:|1769413611
|move|p1a: Dratlas|Curse|p2a: Toxapex
|-start|p2a: Toxapex|Curse|[of] p1a: Dratlas
|-damage|p1a: Dratlas|44/100 tox
|move|p2a: Toxapex|Recover|p2a: Toxapex
|-heal|p2a: Toxapex|100/100
|
|-damage|p1a: Dratlas|32/100 tox|[from] psn
|-damage|p2a: Toxapex|76/100|[from] Curse
|upkeep
|turn|25
|
|t:|1769413626
|switch|p2a: Infernape|Infernape, M|100/100 par
|move|p1a: Dratlas|Dragon Darts|p2a: Infernape
|-damage|p2a: Infernape|68/100 par
|-anim|p1a: Dratlas|Dragon Darts|p2a: Infernape
|-damage|p2a: Infernape|38/100 par
|
|-damage|p1a: Dratlas|14/100 tox|[from] psn
|upkeep
|turn|26
|
|t:|1769413638
|switch|p2a: Skeledirge|Skeledirge, F|100/100 par
|move|p1a: Dratlas|Dragon Darts|p2a: Skeledirge
|-damage|p2a: Skeledirge|84/100 par
|-anim|p1a: Dratlas|Dragon Darts|p2a: Skeledirge
|-damage|p2a: Skeledirge|69/100 par
|
|-damage|p1a: Dratlas|0 fnt|[from] psn
|faint|p1a: Dratlas
|upkeep
|
|t:|1769413648
|switch|p1a: Wormy|Malamar, F, shiny|100/100
|turn|27
|
|t:|1769413660
|move|p1a: Wormy|Foul Play|p2a: Skeledirge
|-supereffective|p2a: Skeledirge
|-damage|p2a: Skeledirge|33/100 par
|move|p2a: Skeledirge|Will-O-Wisp|p1a: Wormy
|-status|p1a: Wormy|brn
|
|-damage|p1a: Wormy|94/100 brn|[from] brn
|upkeep
|turn|28
|
|t:|1769413675
|move|p1a: Wormy|Foul Play|p2a: Skeledirge
|-supereffective|p2a: Skeledirge
|-damage|p2a: Skeledirge|14/100 par
|move|p2a: Skeledirge|Torch Song|p1a: Wormy
|-damage|p1a: Wormy|51/100 brn
|-boost|p2a: Skeledirge|spa|1
|
|-damage|p1a: Wormy|45/100 brn|[from] brn
|upkeep
|turn|29
|
|t:|1769413686
|move|p1a: Wormy|Foul Play|p2a: Skeledirge
|-supereffective|p2a: Skeledirge
|-damage|p2a: Skeledirge|0 fnt
|faint|p2a: Skeledirge
|
|-damage|p1a: Wormy|39/100 brn|[from] brn
|upkeep
|
|t:|1769413697
|switch|p2a: Infernape|Infernape, M|38/100 par
|turn|30
|
|t:|1769413704
|move|p2a: Infernape|Drain Punch|p1a: Wormy
|-damage|p1a: Wormy|2/100 brn
|-heal|p2a: Infernape|58/100 par|[from] drain|[of] p1a: Wormy
|move|p1a: Wormy|Stored Power|p2a: Infernape
|-supereffective|p2a: Infernape
|-damage|p2a: Infernape|37/100 par
|
|-damage|p1a: Wormy|0 fnt|[from] brn
|faint|p1a: Wormy
|upkeep
|
|t:|1769413714
|switch|p1a: TinkaTinka|Tinkaton, F|100/100
|-ability|p1a: TinkaTinka|Mold Breaker
|turn|31
|
|t:|1769413721
|move|p1a: TinkaTinka|Play Rough|p2a: Infernape
|-damage|p2a: Infernape|0 fnt
|faint|p2a: Infernape
|
|upkeep
|
|t:|1769413727
|switch|p2a: Feraligatr|Feraligatr, M|100/100
|turn|32
|
|t:|1769413737
|move|p1a: TinkaTinka|Gigaton Hammer|p2a: Feraligatr
|-resisted|p2a: Feraligatr
|-damage|p2a: Feraligatr|71/100
|move|p2a: Feraligatr|Earthquake|p1a: TinkaTinka
|-supereffective|p1a: TinkaTinka
|-crit|p1a: TinkaTinka
|-damage|p1a: TinkaTinka|0 fnt
|faint|p1a: TinkaTinka
|-damage|p2a: Feraligatr|61/100|[from] item: Life Orb
|
|win|genskialtacc29
|raw|PkmnJiffy's rating: 1077 &rarr; <strong>1057</strong><br />(-20 for losing)
|raw|genskialtacc29's rating: 1107 &rarr; <strong>1130</strong><br />(+23 for winning)
|l|☆PkmnJiffy
|player|p1|
|l|☆genskialtacc29
|player|p2|
