|j|☆the.ramen.gang
|j|☆bigredrilla
|t:|1769356881
|gametype|singles
|player|p1|the.ramen.gang|266|1129
|player|p2|bigredrilla|265|1088
|gen|9
|tier|[Gen 9] OU
|rated|
|rule|HP Percentage Mod: HP is shown in percentages
|rule|Endless Battle Clause: Forcing endless battles is banned
|rule|Species Clause: Limit one of each Pokémon
|rule|OHKO Clause: OHKO moves are banned
|rule|Evasion Items Clause: Evasion items are banned
|rule|Evasion Moves Clause: Evasion moves are banned
|rule|Evasion Abilities Clause: Evasion abilities are banned
|rule|Sleep Moves Clause: Sleep-inducing moves are banned
|clearpoke
|poke|p1|Zangoose, M|
|poke|p1|Banette, M|
|poke|p1|Vivillon, F|
|poke|p1|Whiscash, M|
|poke|p1|Dugtrio, M|
|poke|p1|Sawsbuck, F|
|poke|p2|Hatterene, F|
|poke|p2|Gholdengo|
|poke|p2|Dragonite, M|
|poke|p2|Moltres|
|poke|p2|Rillaboom, M|
|poke|p2|Quaquaval, F|
|teampreview
|
|t:|1769356885
|teamsize|p1|6
|teamsize|p2|6
|start
|switch|p1a: Zangoose|Zangoose, M|100/100
|switch|p2a: Hatterene|Hatterene, F|100/100
|turn|1
|inactive|Battle timer is ON: inactive players will automatically lose when time's up. (requested by bigredrilla)
|
|t:|1769356889
|move|p1a: Zangoose|Swords Dance|p1a: Zangoose
|-boost|p1a: Zangoose|atk|2
|move|p2a: Hatterene|Light Screen|p2a: Hatterene
|-sidestart|p2: bigredrilla|move: Light Screen
|
|-status|p1a: Zangoose|tox|[from] item: Toxic Orb
|upkeep
|turn|2
|
|t:|1769356893
|move|p1a: Zangoose|Double-Edge|p2a: Hatterene
|-damage|p2a: Hatterene|0 fnt
|faint|p2a: Hatterene
|-damage|p1a: Zangoose|64/100 tox|[from] Recoil
|
|-damage|p1a: Zangoose|58/100 tox|[from] psn
|upkeep
|
|t:|1769356897
|switch|p2a: Gholdengo|Gholdengo|100/100
|turn|3
|
|t:|1769356902
|move|p2a: Gholdengo|Make It Rain|p1a: Zangoose
|-damage|p1a: Zangoose|0 fnt
|-unboost|p2a: Gholdengo|spa|1
|faint|p1a: Zangoose
|
|upkeep
|
|t:|1769356906
|switch|p1a: Whiscash|Whiscash, M|100/100
|turn|4
|
|t:|1769356915
|switch|p2a: Rillaboom|Rillaboom, M|100/100
|-fieldstart|move: Grassy Terrain|[from] ability: Grassy Surge|[of] p2a: Rillaboom
|move|p1a: Whiscash|Dragon Dance|p1a: Whiscash
|-boost|p1a: Whiscash|atk|1
|-boost|p1a: Whiscash|spe|1
|
|upkeep
|turn|5
|
|t:|1769356921
|switch|p1a: Sawsbuck|Sawsbuck, F|100/100
|move|p2a: Rillaboom|Fake Out|p1a: Sawsbuck
|-damage|p1a: Sawsbuck|81/100
|
|-heal|p1a: Sawsbuck|87/100|[from] Grassy Terrain
|upkeep
|turn|6
|
|t:|1769356927
|move|p2a: Rillaboom|Drain Punch|p1a: Sawsbuck
|-supereffective|p1a: Sawsbuck
|-damage|p1a: Sawsbuck|8/100
|move|p1a: Sawsbuck|Double-Edge|p2a: Rillaboom
|-damage|p2a: Rillaboom|11/100
|-damage|p1a: Sawsbuck|0 fnt|[from] Recoil
|faint|p1a: Sawsbuck
|
|-heal|p2a: Rillaboom|18/100|[from] Grassy Terrain
|-heal|p2a: Rillaboom|24/100|[from] item: Leftovers
|upkeep
|
|t:|1769356934
|switch|p1a: Dugtrio|Dugtrio, M|100/100
|turn|7
|
|t:|1769356937
|move|p1a: Dugtrio|Sucker Punch|p2a: Rillaboom
|-damage|p2a: Rillaboom|2/100
|move|p2a: Rillaboom|Grassy Glide|p1a: Dugtrio
|-supereffective|p1a: Dugtrio
|-enditem|p1a: Dugtrio|Focus Sash
|-damage|p1a: Dugtrio|1/100
|
|-heal|p1a: Dugtrio|7/100|[from] Grassy Terrain
|-heal|p2a: Rillaboom|8/100|[from] Grassy Terrain
|-heal|p2a: Rillaboom|14/100|[from] item: Leftovers
|upkeep
|turn|8
|
|t:|1769356946
|switch|p2a: Dragonite|Dragonite, M|100/100
|move|p1a: Dugtrio|Sucker Punch||[still]
|-fail|p1a: Dugtrio
|
|-heal|p1a: Dugtrio|13/100|[from] Grassy Terrain
|-sideend|p2: bigredrilla|move: Light Screen
|-fieldend|move: Grassy Terrain
|upkeep
|turn|9
|
|t:|1769356950
|move|p2a: Dragonite|Extreme Speed|p1a: Dugtrio
|-damage|p1a: Dugtrio|0 fnt
|faint|p1a: Dugtrio
|
|upkeep
|
|t:|1769356953
|switch|p1a: Banette|Banette, M|100/100
|turn|10
|
|t:|1769356957
|-terastallize|p2a: Dragonite|Normal
|move|p2a: Dragonite|Dragon Dance|p2a: Dragonite
|-boost|p2a: Dragonite|atk|1
|-boost|p2a: Dragonite|spe|1
|move|p1a: Banette|Will-O-Wisp|p2a: Dragonite
|-status|p2a: Dragonite|brn
|
|-damage|p2a: Dragonite|94/100 brn|[from] brn
|upkeep
|turn|11
|
|t:|1769356966
|move|p2a: Dragonite|Dragon Claw|p1a: Banette
|-damage|p1a: Banette|35/100
|move|p1a: Banette|Destiny Bond|p1a: Banette
|-singlemove|p1a: Banette|Destiny Bond
|
|-heal|p2a: Dragonite|100/100 brn|[from] item: Leftovers
|-damage|p2a: Dragonite|94/100 brn|[from] brn
|upkeep
|turn|12
|
|t:|1769356971
|switch|p2a: Moltres|Moltres|100/100
|move|p1a: Banette|Knock Off|p2a: Moltres
|-damage|p2a: Moltres|71/100
|-enditem|p2a: Moltres|Leftovers|[from] move: Knock Off|[of] p1a: Banette
|
|upkeep
|turn|13
|
|t:|1769356976
|move|p2a: Moltres|Flamethrower|p1a: Banette
|-damage|p1a: Banette|0 fnt
|faint|p1a: Banette
|
|upkeep
|
|t:|1769356981
|switch|p1a: Whiscash|Whiscash, M|100/100
|turn|14
|
|t:|1769356985
|move|p1a: Whiscash|Liquidation|p2a: Moltres
|-supereffective|p2a: Moltres
|-damage|p2a: Moltres|0 fnt
|faint|p2a: Moltres
|-damage|p1a: Whiscash|91/100|[from] item: Life Orb
|
|upkeep
|
|t:|1769356989
|switch|p2a: Gholdengo|Gholdengo|100/100
|turn|15
|
|t:|1769356992
|move|p2a: Gholdengo|Nasty Plot|p2a: Gholdengo
|-boost|p2a: Gholdengo|spa|2
|move|p1a: Whiscash|Earthquake|p2a: Gholdengo
|-supereffective|p2a: Gholdengo
|-damage|p2a: Gholdengo|0 fnt
|faint|p2a: Gholdengo
|-damage|p1a: Whiscash|81/100|[from] item: Life Orb
|
|upkeep
|
|t:|1769356998
|switch|p2a: Dragonite|Dragonite, M, tera:Normal|94/100 brn
|turn|16
|
|t:|1769357002
|switch|p2a: Quaquaval|Quaquaval, F|100/100
|move|p1a: Whiscash|Dragon Dance|p1a: Whiscash
|-boost|p1a: Whiscash|atk|1
|-boost|p1a: Whiscash|spe|1
|
|upkeep
|turn|17
|
|t:|1769357007
|-terastallize|p1a: Whiscash|Electric
|move|p1a: Whiscash|Tera Blast|p2a: Quaquaval|[anim] Tera Blast Electric
|-supereffective|p2a: Quaquaval
|-damage|p2a: Quaquaval|0 fnt
|faint|p2a: Quaquaval
|-damage|p1a: Whiscash|71/100|[from] item: Life Orb
|
|upkeep
|
|t:|1769357012
|switch|p2a: Rillaboom|Rillaboom, M|14/100
|-fieldstart|move: Grassy Terrain|[from] ability: Grassy Surge|[of] p2a: Rillaboom
|turn|18
|
|t:|1769357015
|move|p2a: Rillaboom|Fake Out|p1a: Whiscash
|-damage|p1a: Whiscash|53/100
|cant|p1a: Whiscash|flinch
|
|-heal|p1a: Whiscash|59/100|[from] Grassy Terrain
|-heal|p2a: Rillaboom|20/100|[from] Grassy Terrain
|-heal|p2a: Rillaboom|26/100|[from] item: Leftovers
|upkeep
|turn|19
|
|t:|1769357018
|move|p2a: Rillaboom|Grassy Glide|p1a: Whiscash
|-damage|p1a: Whiscash|12/100
|move|p1a: Whiscash|Tera Blast|p2a: Rillaboom|[anim] Tera Blast Electric
|-resisted|p2a: Rillaboom
|-damage|p2a: Rillaboom|0 fnt
|faint|p2a: Rillaboom
|-damage|p1a: Whiscash|2/100|[from] item: Life Orb
|
|-heal|p1a: Whiscash|8/100|[from] Grassy Terrain
|upkeep
|
|t:|1769357023
|switch|p2a: Dragonite|Dragonite, M, tera:Normal|94/100 brn
|turn|20
|
|t:|1769357026
|move|p2a: Dragonite|Extreme Speed|p1a: Whiscash
|-damage|p1a: Whiscash|0 fnt
|faint|p1a: Whiscash
|
|-heal|p2a: Dragonite|100/100 brn|[from] Grassy Terrain
|-damage|p2a: Dragonite|94/100 brn|[from] brn
|upkeep
|
|t:|1769357028
|switch|p1a: Vivillon|Vivillon, F|100/100
|turn|21
|
|t:|1769357033
|move|p1a: Vivillon|Hurricane|p2a: Dragonite
|-damage|p2a: Dragonite|40/100 brn
|-start|p2a: Dragonite|confusion
|-activate|p2a: Dragonite|confusion
|move|p2a: Dragonite|Dragon Dance|p2a: Dragonite
|-boost|p2a: Dragonite|atk|1
|-boost|p2a: Dragonite|spe|1
|
|-heal|p2a: Dragonite|47/100 brn|[from] Grassy Terrain
|-heal|p2a: Dragonite|53/100 brn|[from] item: Leftovers
|-damage|p2a: Dragonite|47/100 brn|[from] brn
|upkeep
|turn|22
|
|t:|1769357040
|-end|p2a: Dragonite|confusion
|move|p2a: Dragonite|Extreme Speed|p1a: Vivillon
|-damage|p1a: Vivillon|34/100
|move|p1a: Vivillon|Hurricane|p2a: Dragonite
|-damage|p2a: Dragonite|0 fnt
|faint|p2a: Dragonite
|
|win|the.ramen.gang
|raw|the.ramen.gang's rating: 1129 &rarr; <strong>1151</strong><br />(+22 for winning)
|raw|bigredrilla's rating: 1088 &rarr; <strong>1068</strong><br />(-20 for losing)
|l|☆bigredrilla
|player|p2|
|l|☆the.ramen.gang
|player|p1|
