|j|☆KingCS123
|j|☆Minissou RPPLF
|t:|1769355716
|gametype|singles
|player|p1|KingCS123|psychicf|1370
|player|p2|Minissou RPPLF|parasollady|1350
|gen|9
|tier|[Gen 9] OU
|rated|
|rule|HP Percentage Mod: HP is shown in percentages
|rule|Endless Battle Clause: Forcing endless battles is banned
|rule|Species Clause: Limit one of each Pokémon
|rule|OHKO Clause: OHKO moves are banned
|rule|Evasion Items Clause: Evasion items are banned
|rule|Evasion Moves Clause: Evasion moves are banned
|rule|Evasion Abilities Clause: Evasion abilities are banned
|rule|Sleep Moves Clause: Sleep-inducing moves are banned
|clearpoke
|poke|p1|Lanturn, M|
|poke|p1|Moltres|
|poke|p1|Hydrapple, M|
|poke|p1|Zamazenta-*|
|poke|p1|Clefable, F|
|poke|p1|Kingambit, M|
|poke|p2|Darkrai|
|poke|p2|Cinderace, M|
|poke|p2|Landorus-Therian, M|
|poke|p2|Alomomola, M|
|poke|p2|Scizor, F|
|poke|p2|Slowking-Galar, M|
|teampreview
|inactive|Battle timer is ON: inactive players will automatically lose when time's up. (requested by Minissou RPPLF)
|
|t:|1769355746
|teamsize|p1|6
|teamsize|p2|6
|start
|switch|p1a: Hydrapple|Hydrapple, M, shiny|100/100
|switch|p2a: Cinderace|Cinderace, M|100/100
|turn|1
|
|t:|1769355754
|switch|p1a: Moltres|Moltres, shiny|100/100
|move|p2a: Cinderace|U-turn|p1a: Moltres
|-resisted|p1a: Moltres
|-damage|p1a: Moltres|97/100
|
|t:|1769355762
|switch|p2a: Landorus|Landorus-Therian, M|100/100|[from] U-turn
|-ability|p2a: Landorus|Intimidate|boost
|-unboost|p1a: Moltres|atk|1
|
|upkeep
|turn|2
|inactive|KingCS123 has 120 seconds left.
|
|t:|1769355794
|switch|p1a: Hydrapple|Hydrapple, M, shiny|100/100
|move|p2a: Landorus|Stone Edge|p1a: Hydrapple
|-damage|p1a: Hydrapple|70/100
|
|upkeep
|turn|3
|
|t:|1769355801
|switch|p2a: Slowking|Slowking-Galar, M|100/100
|move|p1a: Hydrapple|Fickle Beam|p2a: Slowking
|-damage|p2a: Slowking|66/100
|
|upkeep
|turn|4
|
|t:|1769355811
|switch|p1a: Clefable|Clefable, F|100/100
|move|p2a: Slowking|Ice Beam|p1a: Clefable
|-damage|p1a: Clefable|84/100
|
|upkeep
|turn|5
|
|t:|1769355817
|move|p1a: Clefable|Calm Mind|p1a: Clefable
|-boost|p1a: Clefable|spa|1
|-boost|p1a: Clefable|spd|1
|move|p2a: Slowking|Sludge Bomb|p1a: Clefable
|-supereffective|p1a: Clefable
|-damage|p1a: Clefable|55/100
|
|upkeep
|turn|6
|
|t:|1769355822
|move|p1a: Clefable|Moonlight|p1a: Clefable
|-heal|p1a: Clefable|100/100
|-prepare|p2a: Slowking|Chilly Reception|[premajor]
|move|p2a: Slowking|Chilly Reception|p2a: Slowking
|-weather|Snowscape
|
|t:|1769355827
|switch|p2a: Scizor|Scizor, F|100/100|[from] Chilly Reception
|
|-weather|Snowscape|[upkeep]
|upkeep
|turn|7
|
|t:|1769355837
|-terastallize|p1a: Clefable|Fire
|move|p2a: Scizor|Bullet Punch|p1a: Clefable
|-resisted|p1a: Clefable
|-damage|p1a: Clefable|69/100
|move|p1a: Clefable|Flamethrower|p2a: Scizor
|-supereffective|p2a: Scizor
|-damage|p2a: Scizor|0 fnt
|faint|p2a: Scizor
|
|-weather|Snowscape|[upkeep]
|upkeep
|
|t:|1769355851
|switch|p2a: Landorus|Landorus-Therian, M|100/100
|-ability|p2a: Landorus|Intimidate|boost
|-unboost|p1a: Clefable|atk|1
|turn|8
|
|t:|1769355860
|switch|p1a: Hydrapple|Hydrapple, M, shiny|100/100
|move|p2a: Landorus|Earthquake|p1a: Hydrapple
|-resisted|p1a: Hydrapple
|-damage|p1a: Hydrapple|80/100
|
|-weather|Snowscape|[upkeep]
|upkeep
|turn|9
|
|t:|1769355866
|switch|p2a: Slowking|Slowking-Galar, M|99/100
|move|p1a: Hydrapple|Fickle Beam|p2a: Slowking
|-damage|p2a: Slowking|69/100
|
|-weather|Snowscape|[upkeep]
|upkeep
|turn|10
|
|t:|1769355884
|switch|p1a: Lanturn|Lanturn, M, shiny|100/100
|-prepare|p2a: Slowking|Chilly Reception|[premajor]
|move|p2a: Slowking|Chilly Reception|p2a: Slowking
|
|t:|1769355889
|switch|p2a: Darkrai|Darkrai|100/100|[from] Chilly Reception
|
|-weather|none
|upkeep
|turn|11
|
|t:|1769355897
|move|p2a: Darkrai|Dark Pulse|p1a: Lanturn
|-damage|p1a: Lanturn|62/100
|move|p1a: Lanturn|Volt Switch|p2a: Darkrai
|-damage|p2a: Darkrai|69/100
|
|t:|1769355906
|switch|p1a: Zamazenta|Zamazenta|100/100|[from] Volt Switch
|-ability|p1a: Zamazenta|Dauntless Shield|boost
|-boost|p1a: Zamazenta|def|1
|
|upkeep
|turn|12
|
|t:|1769355921
|switch|p2a: Landorus|Landorus-Therian, M|100/100
|-ability|p2a: Landorus|Intimidate|boost
|-unboost|p1a: Zamazenta|atk|1
|move|p1a: Zamazenta|Close Combat|p2a: Landorus
|-resisted|p2a: Landorus
|-damage|p2a: Landorus|77/100
|-unboost|p1a: Zamazenta|def|1
|-unboost|p1a: Zamazenta|spd|1
|
|upkeep
|turn|13
|
|t:|1769355937
|switch|p1a: Hydrapple|Hydrapple, M, shiny|100/100
|-terastallize|p2a: Landorus|Flying
|move|p2a: Landorus|Tera Blast|p1a: Hydrapple|[anim] Tera Blast Flying
|-supereffective|p1a: Hydrapple
|-damage|p1a: Hydrapple|13/100
|
|upkeep
|turn|14
|inactive|KingCS123 has 120 seconds left.
|
|t:|1769355967
|switch|p1a: Lanturn|Lanturn, M, shiny|62/100
|move|p2a: Landorus|Tera Blast|p1a: Lanturn|[anim] Tera Blast Flying
|-resisted|p1a: Lanturn
|-damage|p1a: Lanturn|27/100
|
|upkeep
|turn|15
|
|t:|1769355972
|move|p2a: Landorus|Tera Blast|p1a: Lanturn|[anim] Tera Blast Flying
|-resisted|p1a: Lanturn
|-damage|p1a: Lanturn|0 fnt
|faint|p1a: Lanturn
|
|upkeep
|inactive|KingCS123 has 90 seconds left.
|
|t:|1769356012
|switch|p1a: Kingambit|Kingambit, M|100/100
|-activate|p1a: Kingambit|ability: Supreme Overlord
|-start|p1a: Kingambit|fallen1|[silent]
|turn|16
|
|t:|1769356017
|switch|p2a: Alomomola|Alomomola, M|100/100
|move|p1a: Kingambit|Iron Head|p2a: Alomomola
|-resisted|p2a: Alomomola
|-damage|p2a: Alomomola|83/100
|
|upkeep
|turn|17
|
|t:|1769356021
|-end|p1a: Kingambit|fallen1|[silent]
|switch|p1a: Hydrapple|Hydrapple, M, shiny|46/100
|move|p2a: Alomomola|Flip Turn|p1a: Hydrapple
|-resisted|p1a: Hydrapple
|-damage|p1a: Hydrapple|43/100
|
|t:|1769356024
|switch|p2a: Landorus|Landorus-Therian, M, tera:Flying|77/100|[from] Flip Turn
|-ability|p2a: Landorus|Intimidate|boost
|-unboost|p1a: Hydrapple|atk|1
|
|upkeep
|turn|18
|
|t:|1769356042
|switch|p1a: Clefable|Clefable, F, tera:Fire|69/100
|move|p2a: Landorus|Tera Blast|p1a: Clefable|[anim] Tera Blast Flying
|-damage|p1a: Clefable|5/100
|
|upkeep
|turn|19
|
|t:|1769356048
|move|p2a: Landorus|Tera Blast|p1a: Clefable|[anim] Tera Blast Flying
|-damage|p1a: Clefable|0 fnt
|faint|p1a: Clefable
|
|upkeep
|
|t:|1769356059
|switch|p1a: Zamazenta|Zamazenta|100/100
|turn|20
|
|t:|1769356062
|move|p2a: Landorus|Tera Blast|p1a: Zamazenta|[anim] Tera Blast Flying
|-supereffective|p1a: Zamazenta
|-damage|p1a: Zamazenta|0 fnt
|faint|p1a: Zamazenta
|
|upkeep
|
|t:|1769356065
|switch|p1a: Kingambit|Kingambit, M|100/100
|-activate|p1a: Kingambit|ability: Supreme Overlord
|-start|p1a: Kingambit|fallen3|[silent]
|turn|21
|
|t:|1769356072
|switch|p2a: Alomomola|Alomomola, M|100/100
|move|p1a: Kingambit|Swords Dance|p1a: Kingambit
|-boost|p1a: Kingambit|atk|2
|
|upkeep
|turn|22
|
|t:|1769356078
|move|p1a: Kingambit|Kowtow Cleave|p2a: Alomomola
|-damage|p2a: Alomomola|14/100
|move|p2a: Alomomola|Scald|p1a: Kingambit
|-damage|p1a: Kingambit|85/100
|
|-heal|p1a: Kingambit|91/100|[from] item: Leftovers
|upkeep
|turn|23
|
|t:|1769356087
|move|p1a: Kingambit|Kowtow Cleave|p2a: Alomomola
|-damage|p2a: Alomomola|0 fnt
|faint|p2a: Alomomola
|
|-heal|p1a: Kingambit|97/100|[from] item: Leftovers
|upkeep
|
|t:|1769356090
|switch|p2a: Darkrai|Darkrai|69/100
|turn|24
|
|t:|1769356094
|move|p1a: Kingambit|Sucker Punch|p2a: Darkrai
|-resisted|p2a: Darkrai
|-damage|p2a: Darkrai|2/100
|move|p2a: Darkrai|Focus Blast|p1a: Kingambit|[miss]
|-miss|p2a: Darkrai|p1a: Kingambit
|
|-heal|p1a: Kingambit|100/100|[from] item: Leftovers
|upkeep
|turn|25
|
|t:|1769356101
|move|p1a: Kingambit|Sucker Punch|p2a: Darkrai
|-resisted|p2a: Darkrai
|-damage|p2a: Darkrai|0 fnt
|faint|p2a: Darkrai
|
|upkeep
|
|t:|1769356103
|switch|p2a: Cinderace|Cinderace, M|100/100
|turn|26
|
|t:|1769356108
|move|p1a: Kingambit|Sucker Punch|p2a: Cinderace
|-damage|p2a: Cinderace|0 fnt
|faint|p2a: Cinderace
|
|upkeep
|
|t:|1769356114
|switch|p2a: Landorus|Landorus-Therian, M, tera:Flying|77/100
|-ability|p2a: Landorus|Intimidate|boost
|-unboost|p1a: Kingambit|atk|1
|turn|27
|
|t:|1769356119
|move|p1a: Kingambit|Sucker Punch|p2a: Landorus
|-damage|p2a: Landorus|0 fnt
|faint|p2a: Landorus
|
|upkeep
|-message|Minissou RPPLF forfeited.
|
|win|KingCS123
|raw|KingCS123's rating: 1370 &rarr; <strong>1389</strong><br />(+19 for winning)
|raw|Minissou RPPLF's rating: 1350 &rarr; <strong>1331</strong><br />(-19 for losing)
|l|☆Minissou RPPLF
|player|p2|
|c|☆KingCS123|GG
|l|☆KingCS123
|player|p1|
