|j|☆BunnyBabyVanessa
|j|☆zahonidas
|t:|1769335850
|gametype|singles
|player|p1|BunnyBabyVanessa|lady|1144
|player|p2|zahonidas|170|1146
|gen|9
|tier|[Gen 9] OU
|rated|
|rule|HP Percentage Mod: HP is shown in percentages
|rule|Endless Battle Clause: Forcing endless battles is banned
|rule|Species Clause: Limit one of each Pokémon
|rule|OHKO Clause: OHKO moves are banned
|rule|Evasion Items Clause: Evasion items are banned
|rule|Evasion Moves Clause: Evasion moves are banned
|rule|Evasion Abilities Clause: Evasion abilities are banned
|rule|Sleep Moves Clause: Sleep-inducing moves are banned
|clearpoke
|poke|p1|Enamorus, F|
|poke|p1|Feraligatr, F|
|poke|p1|Salamence, M|
|poke|p1|Kingambit, M|
|poke|p1|Dondozo, F|
|poke|p1|Deoxys-Speed|
|poke|p2|Grimmsnarl, M|
|poke|p2|Krookodile, F|
|poke|p2|Salamence, M|
|poke|p2|Vikavolt, M|
|poke|p2|Espeon, M|
|poke|p2|Iron Jugulis|
|teampreview
|inactive|Battle timer is ON: inactive players will automatically lose when time's up. (requested by BunnyBabyVanessa)
|
|t:|1769335870
|teamsize|p1|6
|teamsize|p2|6
|start
|switch|p1a: Dondozo|Dondozo, F, shiny|100/100
|switch|p2a: Vikavolt|Vikavolt, M|100/100
|turn|1
|j| Jakub9817
|
|t:|1769335885
|switch|p1a: Deoxys|Deoxys-Speed|100/100
|-ability|p1a: Deoxys|Pressure
|move|p2a: Vikavolt|Sticky Web|p1a: Deoxys
|-sidestart|p1: BunnyBabyVanessa|move: Sticky Web
|
|upkeep
|turn|2
|l| Jakub9817
|
|t:|1769335893
|move|p1a: Deoxys|Stealth Rock|p2a: Vikavolt
|-sidestart|p2: zahonidas|move: Stealth Rock
|move|p2a: Vikavolt|Bug Buzz|p1a: Deoxys
|-supereffective|p1a: Deoxys
|-enditem|p1a: Deoxys|Focus Sash
|-damage|p1a: Deoxys|1/100
|
|upkeep
|turn|3
|
|t:|1769335900
|move|p1a: Deoxys|Spikes|p2a: Vikavolt
|-sidestart|p2: zahonidas|Spikes
|move|p2a: Vikavolt|Discharge|p1a: Deoxys
|-damage|p1a: Deoxys|0 fnt
|faint|p1a: Deoxys
|
|upkeep
|
|t:|1769335906
|switch|p1a: Enamorus|Enamorus, F|100/100
|turn|4
|
|t:|1769335929
|-terastallize|p1a: Enamorus|Stellar
|move|p1a: Enamorus|Tera Blast|p2a: Vikavolt|[anim] Tera Blast Stellar
|-damage|p2a: Vikavolt|43/100
|-boost|p1a: Enamorus|atk|1
|-boost|p1a: Enamorus|spa|1
|move|p2a: Vikavolt|Discharge|p1a: Enamorus
|-supereffective|p1a: Enamorus
|-damage|p1a: Enamorus|0 fnt
|faint|p1a: Enamorus
|
|upkeep
|
|t:|1769335949
|switch|p1a: Salamence|Salamence, M|100/100
|turn|5
|inactive|zahonidas has 120 seconds left.
|
|t:|1769335983
|move|p1a: Salamence|Dual Wingbeat|p2a: Vikavolt
|-damage|p2a: Vikavolt|14/100
|-damage|p2a: Vikavolt|0 fnt
|faint|p2a: Vikavolt
|-ability|p1a: Salamence|Moxie|boost
|-boost|p1a: Salamence|atk|1
|-hitcount|p2: Vikavolt|2
|
|upkeep
|
|t:|1769335988
|switch|p2a: Grimmsnarl|Grimmsnarl, M|100/100
|-damage|p2a: Grimmsnarl|88/100|[from] Stealth Rock
|-damage|p2a: Grimmsnarl|76/100|[from] Spikes
|turn|6
|
|t:|1769336001
|move|p2a: Grimmsnarl|Reflect|p2a: Grimmsnarl
|-sidestart|p2: zahonidas|Reflect
|move|p1a: Salamence|Iron Head|p2a: Grimmsnarl
|-supereffective|p2a: Grimmsnarl
|-damage|p2a: Grimmsnarl|14/100
|
|upkeep
|turn|7
|
|t:|1769336016
|move|p2a: Grimmsnarl|Parting Shot|p1a: Salamence
|-unboost|p1a: Salamence|atk|1
|-unboost|p1a: Salamence|spa|1
|
|t:|1769336023
|switch|p2a: Iron Jugulis|Iron Jugulis|100/100|[from] Parting Shot
|-damage|p2a: Iron Jugulis|76/100|[from] Stealth Rock
|-enditem|p2a: Iron Jugulis|Booster Energy
|-activate|p2a: Iron Jugulis|ability: Quark Drive|[fromitem]
|-start|p2a: Iron Jugulis|quarkdrivespe
|move|p1a: Salamence|Iron Head|p2a: Iron Jugulis
|-damage|p2a: Iron Jugulis|57/100
|
|upkeep
|turn|8
|
|t:|1769336038
|move|p2a: Iron Jugulis|Meteor Beam||[still]
|-prepare|p2a: Iron Jugulis|Meteor Beam
|-boost|p2a: Iron Jugulis|spa|1
|move|p1a: Salamence|Dragon Dance|p1a: Salamence
|-boost|p1a: Salamence|atk|1
|-boost|p1a: Salamence|spe|1
|
|upkeep
|turn|9
|
|t:|1769336047
|move|p2a: Iron Jugulis|Meteor Beam|p1a: Salamence|[from] lockedmove
|-supereffective|p1a: Salamence
|-damage|p1a: Salamence|0 fnt
|faint|p1a: Salamence
|
|upkeep
|
|t:|1769336051
|switch|p1a: Feraligatr|Feraligatr, F|100/100
|-activate|p1a: Feraligatr|move: Sticky Web
|-unboost|p1a: Feraligatr|spe|1
|turn|10
|
|t:|1769336056
|move|p2a: Iron Jugulis|Taunt|p1a: Feraligatr
|-start|p1a: Feraligatr|move: Taunt
|move|p1a: Feraligatr|Ice Punch|p2a: Iron Jugulis
|-supereffective|p2a: Iron Jugulis
|-damage|p2a: Iron Jugulis|8/100
|
|upkeep
|turn|11
|
|t:|1769336062
|move|p1a: Feraligatr|Aqua Jet|p2a: Iron Jugulis
|-damage|p2a: Iron Jugulis|0 fnt
|faint|p2a: Iron Jugulis
|-end|p2a: Iron Jugulis|Quark Drive|[silent]
|-damage|p1a: Feraligatr|91/100|[from] item: Life Orb
|
|upkeep
|
|t:|1769336065
|switch|p2a: Grimmsnarl|Grimmsnarl, M|14/100
|-damage|p2a: Grimmsnarl|2/100|[from] Stealth Rock
|-damage|p2a: Grimmsnarl|0 fnt|[from] Spikes
|faint|p2a: Grimmsnarl
|
|t:|1769336073
|switch|p2a: Espeon|Espeon, M|100/100
|-damage|p2a: Espeon|88/100|[from] Stealth Rock
|-damage|p2a: Espeon|76/100|[from] Spikes
|turn|12
|
|t:|1769336082
|move|p2a: Espeon|Calm Mind|p2a: Espeon
|-boost|p2a: Espeon|spa|1
|-boost|p2a: Espeon|spd|1
|move|p1a: Feraligatr|Liquidation|p2a: Espeon
|-damage|p2a: Espeon|11/100
|
|-heal|p2a: Espeon|17/100|[from] item: Leftovers
|-end|p1a: Feraligatr|move: Taunt
|upkeep
|turn|13
|
|t:|1769336089
|move|p1a: Feraligatr|Aqua Jet|p2a: Espeon
|-damage|p2a: Espeon|0 fnt
|faint|p2a: Espeon
|-damage|p1a: Feraligatr|81/100|[from] item: Life Orb
|
|-sideend|p2: zahonidas|Reflect
|upkeep
|
|t:|1769336099
|switch|p2a: Salamence|Salamence, M|100/100
|-damage|p2a: Salamence|75/100|[from] Stealth Rock
|turn|14
|
|t:|1769336104
|move|p2a: Salamence|Dragon Dance|p2a: Salamence
|-boost|p2a: Salamence|atk|1
|-boost|p2a: Salamence|spe|1
|move|p1a: Feraligatr|Ice Punch|p2a: Salamence
|-supereffective|p2a: Salamence
|-damage|p2a: Salamence|0 fnt
|faint|p2a: Salamence
|
|upkeep
|
|t:|1769336109
|switch|p2a: Krookodile|Krookodile, F|100/100
|-damage|p2a: Krookodile|94/100|[from] Stealth Rock
|-damage|p2a: Krookodile|82/100|[from] Spikes
|turn|15
|
|t:|1769336114
|move|p2a: Krookodile|Bulk Up|p2a: Krookodile
|-boost|p2a: Krookodile|atk|1
|-boost|p2a: Krookodile|def|1
|move|p1a: Feraligatr|Liquidation|p2a: Krookodile
|-supereffective|p2a: Krookodile
|-damage|p2a: Krookodile|0 fnt
|faint|p2a: Krookodile
|
|win|BunnyBabyVanessa
|raw|BunnyBabyVanessa's rating: 1144 &rarr; <strong>1171</strong><br />(+27 for winning)
|raw|zahonidas's rating: 1167 &rarr; <strong>1140</strong><br />(-27 for losing)
|l|☆zahonidas
|player|p2|
|l|☆BunnyBabyVanessa
|player|p1|
