|j|☆KenjiShiguma
|j|☆NEON FLUXUS
|t:|1769357398
|gametype|singles
|player|p1|KenjiShiguma|pokemonbreeder-gen4|1106
|player|p2|NEON FLUXUS|shadowtriad|1153
|gen|9
|tier|[Gen 9] OU
|rated|
|rule|HP Percentage Mod: HP is shown in percentages
|rule|Endless Battle Clause: Forcing endless battles is banned
|rule|Species Clause: Limit one of each Pokémon
|rule|OHKO Clause: OHKO moves are banned
|rule|Evasion Items Clause: Evasion items are banned
|rule|Evasion Moves Clause: Evasion moves are banned
|rule|Evasion Abilities Clause: Evasion abilities are banned
|rule|Sleep Moves Clause: Sleep-inducing moves are banned
|clearpoke
|poke|p1|Ambipom, M|
|poke|p1|Greedent, M|
|poke|p1|Dusknoir, M|
|poke|p1|Mismagius, M|
|poke|p1|Lucario, F|
|poke|p1|Forretress, F|
|poke|p2|Charizard, M|
|poke|p2|Braviary-Hisui, M|
|poke|p2|Tyranitar, M|
|poke|p2|Grimmsnarl, M|
|poke|p2|Ursaluna, M|
|poke|p2|Decidueye-Hisui, M|
|teampreview
|inactive|Battle timer is ON: inactive players will automatically lose when time's up. (requested by NEON FLUXUS)
|
|t:|1769357408
|teamsize|p1|6
|teamsize|p2|6
|start
|switch|p1a: Lucario|Lucario, F|100/100
|switch|p2a: Kakuzu|Grimmsnarl, M, shiny|100/100
|-item|p1a: Lucario|Choice Specs|[from] ability: Frisk|[of] p2a: Kakuzu
|turn|1
|
|t:|1769357420
|-terastallize|p2a: Kakuzu|Poison
|move|p2a: Kakuzu|Trick|p1a: Lucario
|-activate|p2a: Kakuzu|move: Trick|[of] p1a: Lucario
|-item|p1a: Lucario|Choice Scarf|[from] move: Trick
|-item|p2a: Kakuzu|Choice Specs|[from] move: Trick
|move|p1a: Lucario|Flash Cannon|p2a: Kakuzu
|-damage|p2a: Kakuzu|50/100
|
|upkeep
|turn|2
|
|t:|1769357428
|move|p1a: Lucario|Flash Cannon|p2a: Kakuzu
|-damage|p2a: Kakuzu|0 fnt
|faint|p2a: Kakuzu
|
|upkeep
|
|t:|1769357432
|switch|p2a: C-2 Dragon|Charizard, M, shiny|100/100
|turn|3
|
|t:|1769357436
|switch|p1a: Mismagius|Mismagius, M|100/100
|move|p2a: C-2 Dragon|Fire Blast|p1a: Mismagius
|-damage|p1a: Mismagius|57/100
|
|upkeep
|turn|4
|
|t:|1769357443
|switch|p2a: Hiruko|Ursaluna, M, shiny|100/100
|move|p1a: Mismagius|Thunderbolt|p2a: Hiruko
|-immune|p2a: Hiruko
|
|upkeep
|turn|5
|
|t:|1769357453
|switch|p1a: Forretress|Forretress, F|100/100
|move|p2a: Hiruko|Avalanche|p1a: Forretress
|-resisted|p1a: Forretress
|-damage|p1a: Forretress|95/100
|-damage|p2a: Hiruko|84/100|[from] item: Rocky Helmet|[of] p1a: Forretress
|
|-heal|p2a: Hiruko|90/100|[from] item: Leftovers
|upkeep
|turn|6
|
|t:|1769357463
|switch|p2a: C-2 Dragon|Charizard, M, shiny|100/100
|move|p1a: Forretress|Sand Tomb|p2a: C-2 Dragon
|-immune|p2a: C-2 Dragon
|
|upkeep
|turn|7
|
|t:|1769357472
|switch|p1a: Mismagius|Mismagius, M|57/100
|move|p2a: C-2 Dragon|Fire Blast|p1a: Mismagius
|-damage|p1a: Mismagius|12/100
|
|upkeep
|turn|8
|
|t:|1769357479
|move|p1a: Mismagius|Dazzling Gleam|p2a: C-2 Dragon
|-resisted|p2a: C-2 Dragon
|-damage|p2a: C-2 Dragon|84/100
|move|p2a: C-2 Dragon|Fire Blast|p1a: Mismagius
|-crit|p1a: Mismagius
|-damage|p1a: Mismagius|0 fnt
|faint|p1a: Mismagius
|
|upkeep
|
|t:|1769357488
|switch|p1a: Ambipom|Ambipom, M|100/100
|turn|9
|
|t:|1769357491
|move|p1a: Ambipom|Fake Out|p2a: C-2 Dragon
|-damage|p2a: C-2 Dragon|38/100
|cant|p2a: C-2 Dragon|flinch
|
|upkeep
|turn|10
|
|t:|1769357496
|move|p1a: Ambipom|Last Resort|p2a: C-2 Dragon
|-damage|p2a: C-2 Dragon|0 fnt
|faint|p2a: C-2 Dragon
|
|upkeep
|
|t:|1769357500
|switch|p2a: Decidueye|Decidueye-Hisui, M|100/100
|turn|11
|
|t:|1769357507
|switch|p1a: Forretress|Forretress, F|95/100
|move|p2a: Decidueye|Triple Arrows|p1a: Forretress
|-damage|p1a: Forretress|71/100
|
|upkeep
|turn|12
|
|t:|1769357513
|move|p2a: Decidueye|Swords Dance|p2a: Decidueye
|-boost|p2a: Decidueye|atk|2
|move|p1a: Forretress|Sand Tomb|p2a: Decidueye|[miss]
|-miss|p1a: Forretress|p2a: Decidueye
|
|upkeep
|turn|13
|
|t:|1769357519
|move|p2a: Decidueye|Trailblaze|p1a: Forretress
|-resisted|p1a: Forretress
|-damage|p1a: Forretress|63/100
|-boost|p2a: Decidueye|spe|1
|-damage|p2a: Decidueye|84/100|[from] item: Rocky Helmet|[of] p1a: Forretress
|move|p1a: Forretress|Thunder Wave|p2a: Decidueye
|-status|p2a: Decidueye|par
|
|upkeep
|turn|14
|
|t:|1769357528
|move|p2a: Decidueye|Triple Arrows|p1a: Forretress
|-crit|p1a: Forretress
|-damage|p1a: Forretress|0 fnt
|faint|p1a: Forretress
|
|upkeep
|
|t:|1769357534
|switch|p1a: Ambipom|Ambipom, M|100/100
|turn|15
|
|t:|1769357538
|move|p1a: Ambipom|Fake Out|p2a: Decidueye
|-damage|p2a: Decidueye|44/100 par
|-enditem|p2a: Decidueye|Sitrus Berry|[eat]
|-heal|p2a: Decidueye|69/100 par|[from] item: Sitrus Berry
|cant|p2a: Decidueye|flinch
|
|upkeep
|turn|16
|
|t:|1769357546
|move|p2a: Decidueye|Sucker Punch|p1a: Ambipom
|-damage|p1a: Ambipom|16/100
|move|p1a: Ambipom|Last Resort|p2a: Decidueye
|-damage|p2a: Decidueye|0 fnt
|faint|p2a: Decidueye
|
|upkeep
|
|t:|1769357551
|switch|p2a: Deidara|Braviary-Hisui, M, shiny|100/100
|turn|17
|
|t:|1769357557
|switch|p1a: Dusknoir|Dusknoir, M|100/100
|-ability|p1a: Dusknoir|Pressure
|move|p2a: Deidara|Vacuum Wave|p1a: Dusknoir
|-immune|p1a: Dusknoir
|
|upkeep
|turn|18
|
|t:|1769357565
|switch|p2a: Hiruko|Ursaluna, M, shiny|90/100
|move|p1a: Dusknoir|Will-O-Wisp|p2a: Hiruko
|-status|p2a: Hiruko|brn
|
|-heal|p2a: Hiruko|96/100 brn|[from] item: Leftovers
|-damage|p2a: Hiruko|90/100 brn|[from] brn
|upkeep
|turn|19
|
|t:|1769357575
|move|p2a: Hiruko|Bulk Up|p2a: Hiruko
|-boost|p2a: Hiruko|atk|1
|-boost|p2a: Hiruko|def|1
|move|p1a: Dusknoir|Bind|p2a: Hiruko
|-damage|p2a: Hiruko|88/100 brn
|-activate|p2a: Hiruko|move: Bind|[of] p1a: Dusknoir
|
|-heal|p2a: Hiruko|95/100 brn|[from] item: Leftovers
|-damage|p2a: Hiruko|88/100 brn|[from] brn
|-damage|p2a: Hiruko|76/100 brn|[from] move: Bind|[partiallytrapped]
|upkeep
|turn|20
|
|t:|1769357586
|move|p2a: Hiruko|Bulk Up|p2a: Hiruko
|-boost|p2a: Hiruko|atk|1
|-boost|p2a: Hiruko|def|1
|move|p1a: Dusknoir|Pain Split|p2a: Hiruko
|-sethp|p2a: Hiruko|63/100 brn|[from] move: Pain Split|[silent]
|-sethp|p1a: Dusknoir|100/100|[from] move: Pain Split
|
|-heal|p2a: Hiruko|69/100 brn|[from] item: Leftovers
|-damage|p2a: Hiruko|63/100 brn|[from] brn
|-damage|p2a: Hiruko|51/100 brn|[from] move: Bind|[partiallytrapped]
|upkeep
|turn|21
|
|t:|1769357600
|move|p2a: Hiruko|Earthquake|p1a: Dusknoir
|-damage|p1a: Dusknoir|56/100
|move|p1a: Dusknoir|Bind|p2a: Hiruko
|-damage|p2a: Hiruko|49/100 brn
|
|-heal|p2a: Hiruko|55/100 brn|[from] item: Leftovers
|-damage|p2a: Hiruko|49/100 brn|[from] brn
|-damage|p2a: Hiruko|37/100 brn|[from] move: Bind|[partiallytrapped]
|upkeep
|turn|22
|
|t:|1769357610
|move|p2a: Hiruko|Earthquake|p1a: Dusknoir
|-damage|p1a: Dusknoir|9/100
|move|p1a: Dusknoir|Pain Split|p2a: Hiruko
|-sethp|p2a: Hiruko|21/100 brn|[from] move: Pain Split|[silent]
|-sethp|p1a: Dusknoir|41/100|[from] move: Pain Split
|
|-heal|p2a: Hiruko|27/100 brn|[from] item: Leftovers
|-damage|p2a: Hiruko|21/100 brn|[from] brn
|-damage|p2a: Hiruko|8/100 brn|[from] move: Bind|[partiallytrapped]
|upkeep
|turn|23
|
|t:|1769357622
|move|p2a: Hiruko|Earthquake|p1a: Dusknoir
|-damage|p1a: Dusknoir|0 fnt
|faint|p1a: Dusknoir
|
|-heal|p2a: Hiruko|15/100 brn|[from] item: Leftovers
|-damage|p2a: Hiruko|8/100 brn|[from] brn
|-end|p2a: Hiruko|Bind|[partiallytrapped]
|upkeep
|
|t:|1769357635
|switch|p1a: Lucario|Lucario, F|100/100
|turn|24
|
|t:|1769357638
|move|p1a: Lucario|Flash Cannon|p2a: Hiruko
|-damage|p2a: Hiruko|0 fnt
|faint|p2a: Hiruko
|
|upkeep
|
|t:|1769357641
|switch|p2a: Deidara|Braviary-Hisui, M, shiny|100/100
|turn|25
|
|t:|1769357646
|move|p1a: Lucario|Flash Cannon|p2a: Deidara
|-damage|p2a: Deidara|59/100
|-unboost|p2a: Deidara|spd|1
|move|p2a: Deidara|Esper Wing|p1a: Lucario
|-damage|p1a: Lucario|44/100
|-boost|p2a: Deidara|spe|1
|
|-heal|p2a: Deidara|65/100|[from] item: Leftovers
|upkeep
|turn|26
|
|t:|1769357656
|move|p1a: Lucario|Flash Cannon|p2a: Deidara
|-damage|p2a: Deidara|6/100
|move|p2a: Deidara|Esper Wing|p1a: Lucario
|-damage|p1a: Lucario|0 fnt
|-boost|p2a: Deidara|spe|1
|faint|p1a: Lucario
|
|-heal|p2a: Deidara|12/100|[from] item: Leftovers
|upkeep
|
|t:|1769357668
|switch|p1a: Ambipom|Ambipom, M|16/100
|turn|27
|
|t:|1769357671
|move|p1a: Ambipom|Fake Out|p2a: Deidara
|-damage|p2a: Deidara|0 fnt
|faint|p2a: Deidara
|
|upkeep
|
|t:|1769357673
|switch|p2a: C-4 Karura|Tyranitar, M, shiny|100/100
|-weather|Sandstorm|[from] ability: Sand Stream|[of] p2a: C-4 Karura
|turn|28
|
|t:|1769357678
|move|p1a: Ambipom|Last Resort|p2a: C-4 Karura
|-resisted|p2a: C-4 Karura
|-damage|p2a: C-4 Karura|73/100
|move|p2a: C-4 Karura|Knock Off|p1a: Ambipom
|-crit|p1a: Ambipom
|-damage|p1a: Ambipom|0 fnt
|-enditem|p1a: Ambipom|Silk Scarf|[from] move: Knock Off|[of] p2a: C-4 Karura
|faint|p1a: Ambipom
|
|-weather|Sandstorm|[upkeep]
|upkeep
|
|t:|1769357688
|switch|p1a: Greedent|Greedent, M|100/100
|turn|29
|
|t:|1769357691
|move|p2a: C-4 Karura|Dragon Dance|p2a: C-4 Karura
|-boost|p2a: C-4 Karura|atk|1
|-boost|p2a: C-4 Karura|spe|1
|move|p1a: Greedent|Belly Drum|p1a: Greedent
|-damage|p1a: Greedent|50/100
|-setboost|p1a: Greedent|atk|6|[from] move: Belly Drum
|-enditem|p1a: Greedent|Sitrus Berry|[eat]
|-heal|p1a: Greedent|75/100|[from] item: Sitrus Berry
|-heal|p1a: Greedent|100/100|[from] ability: Cheek Pouch
|
|-weather|Sandstorm|[upkeep]
|-damage|p1a: Greedent|94/100|[from] Sandstorm
|upkeep
|turn|30
|
|t:|1769357703
|move|p2a: C-4 Karura|Knock Off|p1a: Greedent
|-damage|p1a: Greedent|58/100
|move|p1a: Greedent|Last Resort|p2a: C-4 Karura
|-resisted|p2a: C-4 Karura
|-damage|p2a: C-4 Karura|0 fnt
|faint|p2a: C-4 Karura
|
|win|KenjiShiguma
|raw|KenjiShiguma's rating: 1106 &rarr; <strong>1134</strong><br />(+28 for winning)
|raw|NEON FLUXUS's rating: 1153 &rarr; <strong>1125</strong><br />(-28 for losing)
|l|☆NEON FLUXUS
|player|p2|
|l|☆KenjiShiguma
|player|p1|
