|j|☆Leriskato
|j|☆Krautermann
|t:|1769336070
|gametype|singles
|player|p1|Leriskato|hoopster|1133
|player|p2|Krautermann|101|1107
|gen|9
|tier|[Gen 9] OU
|rated|
|rule|HP Percentage Mod: HP is shown in percentages
|rule|Endless Battle Clause: Forcing endless battles is banned
|rule|Species Clause: Limit one of each Pokémon
|rule|OHKO Clause: OHKO moves are banned
|rule|Evasion Items Clause: Evasion items are banned
|rule|Evasion Moves Clause: Evasion moves are banned
|rule|Evasion Abilities Clause: Evasion abilities are banned
|rule|Sleep Moves Clause: Sleep-inducing moves are banned
|clearpoke
|poke|p1|Minior|
|poke|p1|Gholdengo|
|poke|p1|Maushold|
|poke|p1|Ninetales-Alola, F|
|poke|p1|Kyurem|
|poke|p1|Glimmora, M|
|poke|p2|Tyranitar, F|
|poke|p2|Landorus-Therian, M|
|poke|p2|Moltres|
|poke|p2|Kyurem|
|poke|p2|Gholdengo|
|poke|p2|Iron Treads|
|teampreview
|
|t:|1769336086
|teamsize|p1|6
|teamsize|p2|6
|start
|switch|p1a: Ninetales|Ninetales-Alola, F|100/100
|switch|p2a: Landorus|Landorus-Therian, M|100/100
|-weather|Snowscape|[from] ability: Snow Warning|[of] p1a: Ninetales
|-ability|p2a: Landorus|Intimidate|boost
|-unboost|p1a: Ninetales|atk|1
|turn|1
|
|t:|1769336095
|switch|p2a: Gholdengo|Gholdengo|100/100
|move|p1a: Ninetales|Aurora Veil|p1a: Ninetales
|-sidestart|p1: Leriskato|move: Aurora Veil
|
|-weather|Snowscape|[upkeep]
|upkeep
|turn|2
|
|t:|1769336125
|switch|p1a: Minior|Minior|100/100
|-formechange|p1a: Minior|Minior-Meteor||[from] ability: Shields Down
|move|p2a: Gholdengo|Make It Rain|p1a: Minior
|-supereffective|p1a: Minior
|-damage|p1a: Minior|15/100
|-unboost|p2a: Gholdengo|spa|1
|
|-weather|Snowscape|[upkeep]
|-formechange|p1a: Minior|Minior||[from] ability: Shields Down
|upkeep
|turn|3
|
|t:|1769336136
|move|p2a: Gholdengo|Make It Rain|p1a: Minior
|-supereffective|p1a: Minior
|-damage|p1a: Minior|0 fnt
|-unboost|p2a: Gholdengo|spa|1
|faint|p1a: Minior
|
|-weather|Snowscape|[upkeep]
|upkeep
|
|t:|1769336144
|switch|p1a: Gholdengo|Gholdengo|100/100
|-item|p1a: Gholdengo|Air Balloon
|turn|4
|
|t:|1769336152
|switch|p2a: Iron Treads|Iron Treads|100/100
|move|p1a: Gholdengo|Nasty Plot|p1a: Gholdengo
|-boost|p1a: Gholdengo|spa|2
|
|-weather|Snowscape|[upkeep]
|upkeep
|turn|5
|
|t:|1769336159
|move|p2a: Iron Treads|Knock Off|p1a: Gholdengo
|-supereffective|p1a: Gholdengo
|-damage|p1a: Gholdengo|68/100
|-enditem|p1a: Gholdengo|Air Balloon
|move|p1a: Gholdengo|Shadow Ball|p2a: Iron Treads
|-damage|p2a: Iron Treads|0 fnt
|faint|p2a: Iron Treads
|-end|p2a: Iron Treads|Quark Drive|[silent]
|
|-weather|none
|upkeep
|
|t:|1769336173
|switch|p2a: Landorus|Landorus-Therian, M|100/100
|-ability|p2a: Landorus|Intimidate|boost
|-unboost|p1a: Gholdengo|atk|1
|turn|6
|
|t:|1769336176
|move|p2a: Landorus|Earth Power|p1a: Gholdengo
|-supereffective|p1a: Gholdengo
|-damage|p1a: Gholdengo|31/100
|move|p1a: Gholdengo|Shadow Ball|p2a: Landorus
|-damage|p2a: Landorus|4/100
|-unboost|p2a: Landorus|spd|1
|
|upkeep
|turn|7
|
|t:|1769336189
|move|p2a: Landorus|Stealth Rock|p1a: Gholdengo
|-sidestart|p1: Leriskato|move: Stealth Rock
|move|p1a: Gholdengo|Shadow Ball|p2a: Landorus
|-damage|p2a: Landorus|0 fnt
|faint|p2a: Landorus
|
|upkeep
|
|t:|1769336199
|switch|p2a: Gholdengo|Gholdengo|100/100
|turn|8
|
|t:|1769336203
|-terastallize|p1a: Gholdengo|Grass
|move|p2a: Gholdengo|Shadow Ball|p1a: Gholdengo
|-damage|p1a: Gholdengo|5/100
|move|p1a: Gholdengo|Shadow Ball|p2a: Gholdengo
|-supereffective|p2a: Gholdengo
|-damage|p2a: Gholdengo|0 fnt
|faint|p2a: Gholdengo
|
|-sideend|p1: Leriskato|move: Aurora Veil
|upkeep
|
|t:|1769336210
|switch|p2a: Kyurem|Kyurem, shiny|100/100
|-ability|p2a: Kyurem|Pressure
|turn|9
|
|t:|1769336214
|move|p2a: Kyurem|Freeze-Dry|p1a: Gholdengo
|-supereffective|p1a: Gholdengo
|-damage|p1a: Gholdengo|0 fnt
|faint|p1a: Gholdengo
|
|upkeep
|
|t:|1769336217
|switch|p1a: Ninetales|Ninetales-Alola, F|100/100
|-damage|p1a: Ninetales|76/100|[from] Stealth Rock
|-weather|Snowscape|[from] ability: Snow Warning|[of] p1a: Ninetales
|turn|10
|
|t:|1769336223
|switch|p2a: Tyranitar|Tyranitar, F, shiny|100/100
|-weather|Sandstorm|[from] ability: Sand Stream|[of] p2a: Tyranitar
|move|p1a: Ninetales|Aurora Veil||[still]
|-fail|p1a: Ninetales
|
|-weather|Sandstorm|[upkeep]
|-damage|p1a: Ninetales|70/100|[from] Sandstorm
|upkeep
|turn|11
|
|t:|1769336230
|switch|p2a: Moltres|Moltres|100/100
|move|p1a: Ninetales|Dazzling Gleam|p2a: Moltres
|-resisted|p2a: Moltres
|-damage|p2a: Moltres|85/100
|
|-weather|Sandstorm|[upkeep]
|-damage|p1a: Ninetales|64/100|[from] Sandstorm
|-damage|p2a: Moltres|79/100|[from] Sandstorm
|upkeep
|turn|12
|
|t:|1769336234
|switch|p1a: Glimmora|Glimmora, M|100/100
|-damage|p1a: Glimmora|88/100|[from] Stealth Rock
|-item|p1a: Glimmora|Air Balloon
|move|p2a: Moltres|U-turn|p1a: Glimmora
|-resisted|p1a: Glimmora
|-damage|p1a: Glimmora|79/100
|-activate|p1a: Glimmora|ability: Toxic Debris
|-sidestart|p2: Krautermann|move: Toxic Spikes
|-enditem|p1a: Glimmora|Air Balloon
|
|t:|1769336238
|switch|p2a: Kyurem|Kyurem, shiny|100/100|[from] U-turn
|-status|p2a: Kyurem|psn
|-ability|p2a: Kyurem|Pressure
|
|-weather|Sandstorm|[upkeep]
|-damage|p2a: Kyurem|94/100 psn|[from] Sandstorm
|-damage|p2a: Kyurem|82/100 psn|[from] psn
|upkeep
|turn|13
|
|t:|1769336245
|move|p2a: Kyurem|Earth Power|p1a: Glimmora
|-supereffective|p1a: Glimmora
|-damage|p1a: Glimmora|0 fnt
|faint|p1a: Glimmora
|
|-weather|Sandstorm|[upkeep]
|-damage|p2a: Kyurem|76/100 psn|[from] Sandstorm
|-damage|p2a: Kyurem|64/100 psn|[from] psn
|upkeep
|
|t:|1769336260
|switch|p1a: Maushold|Maushold|100/100
|-damage|p1a: Maushold|88/100|[from] Stealth Rock
|turn|14
|
|t:|1769336278
|move|p1a: Maushold|Tidy Up|p1a: Maushold
|-sideend|p1: Leriskato|Stealth Rock
|-sideend|p2: Krautermann|Toxic Spikes
|-activate|p1a: Maushold|move: Tidy Up
|-boost|p1a: Maushold|atk|1
|-boost|p1a: Maushold|spe|1
|move|p2a: Kyurem|Icicle Spear|p1a: Maushold
|-damage|p1a: Maushold|63/100
|-damage|p1a: Maushold|38/100
|-damage|p1a: Maushold|13/100
|-damage|p1a: Maushold|0 fnt
|faint|p1a: Maushold
|-hitcount|p1: Maushold|4
|
|-weather|none
|-damage|p2a: Kyurem|51/100 psn|[from] psn
|upkeep
|
|t:|1769336283
|switch|p1a: Ninetales|Ninetales-Alola, F|64/100
|-weather|Snowscape|[from] ability: Snow Warning|[of] p1a: Ninetales
|turn|15
|
|t:|1769336291
|switch|p2a: Tyranitar|Tyranitar, F, shiny|100/100
|-weather|Sandstorm|[from] ability: Sand Stream|[of] p2a: Tyranitar
|move|p1a: Ninetales|Aurora Veil||[still]
|-fail|p1a: Ninetales
|
|-weather|Sandstorm|[upkeep]
|-damage|p1a: Ninetales|58/100|[from] Sandstorm
|upkeep
|turn|16
|
|t:|1769336316
|switch|p2a: Kyurem|Kyurem, shiny|51/100 psn
|-ability|p2a: Kyurem|Pressure
|move|p1a: Ninetales|Dazzling Gleam|p2a: Kyurem
|-supereffective|p2a: Kyurem
|-damage|p2a: Kyurem|0 fnt
|faint|p2a: Kyurem
|
|-weather|Sandstorm|[upkeep]
|-damage|p1a: Ninetales|52/100|[from] Sandstorm
|upkeep
|
|t:|1769336318
|switch|p2a: Moltres|Moltres|79/100
|turn|17
|
|t:|1769336327
|move|p1a: Ninetales|Blizzard|p2a: Moltres|[miss]
|-miss|p1a: Ninetales|p2a: Moltres
|move|p2a: Moltres|Flamethrower|p1a: Ninetales
|-supereffective|p1a: Ninetales
|-damage|p1a: Ninetales|0 fnt
|faint|p1a: Ninetales
|
|-weather|Sandstorm|[upkeep]
|-damage|p2a: Moltres|73/100|[from] Sandstorm
|upkeep
|
|t:|1769336329
|switch|p1a: Kyurem|Kyurem|100/100
|-ability|p1a: Kyurem|Pressure
|turn|18
|
|t:|1769336334
|move|p1a: Kyurem|Dragon Dance|p1a: Kyurem
|-boost|p1a: Kyurem|atk|1
|-boost|p1a: Kyurem|spe|1
|move|p2a: Moltres|Flamethrower|p1a: Kyurem
|-damage|p1a: Kyurem|64/100
|
|-weather|Sandstorm|[upkeep]
|-damage|p1a: Kyurem|58/100|[from] Sandstorm
|-damage|p2a: Moltres|67/100|[from] Sandstorm
|upkeep
|turn|19
|
|t:|1769336340
|move|p1a: Kyurem|Scale Shot|p2a: Moltres
|-damage|p2a: Moltres|52/100
|-damage|p2a: Moltres|35/100
|-damage|p2a: Moltres|21/100
|-damage|p2a: Moltres|6/100
|-damage|p2a: Moltres|0 fnt
|faint|p2a: Moltres
|-hitcount|p2: Moltres|5
|-unboost|p1a: Kyurem|def|1
|-boost|p1a: Kyurem|spe|1
|
|-weather|none
|upkeep
|
|t:|1769336342
|switch|p2a: Tyranitar|Tyranitar, F, shiny|100/100
|-weather|Sandstorm|[from] ability: Sand Stream|[of] p2a: Tyranitar
|turn|20
|
|t:|1769336351
|-terastallize|p2a: Tyranitar|Rock
|move|p1a: Kyurem|Scale Shot|p2a: Tyranitar
|-damage|p2a: Tyranitar|80/100
|-damage|p2a: Tyranitar|60/100
|-damage|p2a: Tyranitar|39/100
|-damage|p2a: Tyranitar|18/100
|-hitcount|p2a: Tyranitar|4
|-unboost|p1a: Kyurem|def|1
|-boost|p1a: Kyurem|spe|1
|move|p2a: Tyranitar|Knock Off|p1a: Kyurem
|-damage|p1a: Kyurem|0 fnt
|-enditem|p1a: Kyurem|Loaded Dice|[from] move: Knock Off|[of] p2a: Tyranitar
|faint|p1a: Kyurem
|
|win|Krautermann
|raw|Leriskato's rating: 1133 &rarr; <strong>1106</strong><br />(-27 for losing)
|raw|Krautermann's rating: 1107 &rarr; <strong>1134</strong><br />(+27 for winning)
|l|☆Leriskato
|player|p1|
|l|☆Krautermann
|player|p2|
