|j|☆ikun ngm
|j|☆3r34t45
|t:|1769430525
|gametype|singles
|player|p1|ikun ngm|swimmer-gen4|1358
|player|p2|3r34t45|1|1408
|gen|9
|tier|[Gen 9] OU
|rated|
|rule|HP Percentage Mod: HP is shown in percentages
|rule|Endless Battle Clause: Forcing endless battles is banned
|rule|Species Clause: Limit one of each Pokémon
|rule|OHKO Clause: OHKO moves are banned
|rule|Evasion Items Clause: Evasion items are banned
|rule|Evasion Moves Clause: Evasion moves are banned
|rule|Evasion Abilities Clause: Evasion abilities are banned
|rule|Sleep Moves Clause: Sleep-inducing moves are banned
|clearpoke
|poke|p1|Staraptor, M|
|poke|p1|Gholdengo|
|poke|p1|Zapdos-Galar|
|poke|p1|Articuno-Galar|
|poke|p1|Moltres-Galar|
|poke|p1|Ribombee, F|
|poke|p2|Sandy Shocks|
|poke|p2|Great Tusk|
|poke|p2|Kingambit, M|
|poke|p2|Darkrai|
|poke|p2|Raging Bolt|
|poke|p2|Dragonite, M|
|teampreview
|inactive|Battle timer is ON: inactive players will automatically lose when time's up. (requested by 3r34t45)
|
|t:|1769430531
|teamsize|p1|6
|teamsize|p2|6
|start
|switch|p1a: Ribombee|Ribombee, F|100/100
|switch|p2a: Great Tusk|Great Tusk|100/100
|turn|1
|
|t:|1769430534
|-terastallize|p2a: Great Tusk|Fire
|move|p1a: Ribombee|Moonblast|p2a: Great Tusk
|-resisted|p2a: Great Tusk
|-damage|p2a: Great Tusk|68/100
|-unboost|p2a: Great Tusk|spa|1
|move|p2a: Great Tusk|Rapid Spin|p1a: Ribombee
|-damage|p1a: Ribombee|64/100
|-boost|p2a: Great Tusk|spe|1
|
|-heal|p2a: Great Tusk|74/100|[from] item: Leftovers
|upkeep
|turn|2
|
|t:|1769430551
|switch|p1a: Gholdengo|Gholdengo|100/100
|move|p2a: Great Tusk|Earthquake|p1a: Gholdengo
|-supereffective|p1a: Gholdengo
|-damage|p1a: Gholdengo|10/100
|-enditem|p1a: Gholdengo|Red Card|[of] p2a: Great Tusk
|-end|p2a: Great Tusk|Protosynthesis|[silent]
|drag|p2a: Kingambit|Kingambit, M|100/100
|
|upkeep
|turn|3
|
|t:|1769430558
|move|p1a: Gholdengo|Recover|p1a: Gholdengo
|-heal|p1a: Gholdengo|60/100
|move|p2a: Kingambit|Kowtow Cleave|p1a: Gholdengo
|-supereffective|p1a: Gholdengo
|-damage|p1a: Gholdengo|0 fnt
|faint|p1a: Gholdengo
|
|upkeep
|
|t:|1769430561
|switch|p1a: Ribombee|Ribombee, F|64/100
|turn|4
|
|t:|1769430565
|-end|p2a: Kingambit|fallenundefined|[silent]
|switch|p2a: Great Tusk|Great Tusk, tera:Fire|74/100
|move|p1a: Ribombee|Stun Spore|p2a: Great Tusk|[miss]
|-miss|p1a: Ribombee|p2a: Great Tusk
|
|-heal|p2a: Great Tusk|80/100|[from] item: Leftovers
|upkeep
|turn|5
|
|t:|1769430571
|move|p1a: Ribombee|Stun Spore|p2a: Great Tusk
|-status|p2a: Great Tusk|par
|move|p2a: Great Tusk|Rapid Spin|p1a: Ribombee
|-damage|p1a: Ribombee|28/100
|-boost|p2a: Great Tusk|spe|1
|
|-heal|p2a: Great Tusk|86/100 par|[from] item: Leftovers
|upkeep
|turn|6
|
|t:|1769430576
|move|p1a: Ribombee|Sticky Web|p2a: Great Tusk
|-sidestart|p2: 3r34t45|move: Sticky Web
|move|p2a: Great Tusk|Rapid Spin|p1a: Ribombee
|-damage|p1a: Ribombee|0 fnt
|-boost|p2a: Great Tusk|spe|1
|-sideend|p2: 3r34t45|Sticky Web|[from] move: Rapid Spin|[of] p2a: Great Tusk
|faint|p1a: Ribombee
|
|-heal|p2a: Great Tusk|92/100 par|[from] item: Leftovers
|upkeep
|
|t:|1769430584
|switch|p1a: Articuno|Articuno-Galar|100/100
|turn|7
|
|t:|1769430588
|move|p2a: Great Tusk|Knock Off|p1a: Articuno
|-supereffective|p1a: Articuno
|-damage|p1a: Articuno|33/100
|-enditem|p1a: Articuno|Weakness Policy
|-boost|p1a: Articuno|atk|2|[from] item: Weakness Policy
|-boost|p1a: Articuno|spa|2|[from] item: Weakness Policy
|move|p1a: Articuno|Agility|p1a: Articuno
|-boost|p1a: Articuno|spe|2
|
|-heal|p2a: Great Tusk|99/100 par|[from] item: Leftovers
|upkeep
|turn|8
|
|t:|1769430593
|move|p1a: Articuno|Stored Power|p2a: Great Tusk
|-damage|p2a: Great Tusk|0 fnt
|faint|p2a: Great Tusk
|-end|p2a: Great Tusk|Protosynthesis|[silent]
|
|upkeep
|
|t:|1769430597
|switch|p2a: Sandy Shocks|Sandy Shocks|100/100
|turn|9
|
|t:|1769430600
|move|p1a: Articuno|Stored Power|p2a: Sandy Shocks
|-enditem|p2a: Sandy Shocks|Focus Sash
|-damage|p2a: Sandy Shocks|1/100
|move|p2a: Sandy Shocks|Thunder Wave|p1a: Articuno
|-status|p1a: Articuno|par
|
|upkeep
|turn|10
|
|t:|1769430604
|move|p2a: Sandy Shocks|Stealth Rock|p1a: Articuno
|-sidestart|p1: ikun ngm|move: Stealth Rock
|move|p1a: Articuno|Tera Blast|p2a: Sandy Shocks
|-damage|p2a: Sandy Shocks|0 fnt
|faint|p2a: Sandy Shocks
|-end|p2a: Sandy Shocks|Protosynthesis|[silent]
|
|upkeep
|
|t:|1769430610
|switch|p2a: Darkrai|Darkrai|100/100
|turn|11
|
|t:|1769430614
|move|p2a: Darkrai|Dark Pulse|p1a: Articuno
|-supereffective|p1a: Articuno
|-damage|p1a: Articuno|0 fnt
|faint|p1a: Articuno
|
|upkeep
|
|t:|1769430619
|switch|p1a: Moltres|Moltres-Galar|100/100
|-damage|p1a: Moltres|76/100|[from] Stealth Rock
|turn|12
|
|t:|1769430622
|move|p2a: Darkrai|Ice Beam|p1a: Moltres
|-supereffective|p1a: Moltres
|-damage|p1a: Moltres|14/100
|-ability|p1a: Moltres|Berserk|boost
|-boost|p1a: Moltres|spa|1
|-enditem|p1a: Moltres|Sitrus Berry|[eat]
|-heal|p1a: Moltres|38/100|[from] item: Sitrus Berry
|move|p1a: Moltres|Agility|p1a: Moltres
|-boost|p1a: Moltres|spe|2
|
|upkeep
|turn|13
|
|t:|1769430627
|move|p1a: Moltres|Hurricane|p2a: Darkrai
|-damage|p2a: Darkrai|14/100
|move|p2a: Darkrai|Ice Beam|p1a: Moltres
|-supereffective|p1a: Moltres
|-damage|p1a: Moltres|0 fnt
|faint|p1a: Moltres
|
|upkeep
|
|t:|1769430631
|switch|p1a: Staraptor|Staraptor, M|100/100
|-damage|p1a: Staraptor|76/100|[from] Stealth Rock
|turn|14
|
|t:|1769430633
|move|p1a: Staraptor|Quick Attack|p2a: Darkrai
|-damage|p2a: Darkrai|0 fnt
|faint|p2a: Darkrai
|
|upkeep
|
|t:|1769430637
|switch|p2a: Kingambit|Kingambit, M|100/100
|-activate|p2a: Kingambit|ability: Supreme Overlord
|-start|p2a: Kingambit|fallen3|[silent]
|turn|15
|
|t:|1769430639
|switch|p1a: Zapdos|Zapdos-Galar|100/100
|-damage|p1a: Zapdos|88/100|[from] Stealth Rock
|move|p2a: Kingambit|Iron Head|p1a: Zapdos
|-damage|p1a: Zapdos|18/100
|
|upkeep
|turn|16
|
|t:|1769430649
|move|p2a: Kingambit|Sucker Punch|p1a: Zapdos
|-resisted|p1a: Zapdos
|-damage|p1a: Zapdos|0 fnt
|faint|p1a: Zapdos
|
|upkeep
|-message|ikun ngm forfeited.
|
|win|3r34t45
|raw|ikun ngm's rating: 1358 &rarr; <strong>1341</strong><br />(-17 for losing)
|raw|3r34t45's rating: 1408 &rarr; <strong>1425</strong><br />(+17 for winning)
|l|☆ikun ngm
|player|p1|
|l|☆3r34t45
|player|p2|
