|j|☆guoqiushi
|j|☆enzofm15
|t:|1769320308
|gametype|singles
|player|p1|guoqiushi|n|1381
|player|p2|enzofm15|170|1420
|gen|9
|tier|[Gen 9] OU
|rated|
|rule|HP Percentage Mod: HP is shown in percentages
|rule|Endless Battle Clause: Forcing endless battles is banned
|rule|Species Clause: Limit one of each Pokémon
|rule|OHKO Clause: OHKO moves are banned
|rule|Evasion Items Clause: Evasion items are banned
|rule|Evasion Moves Clause: Evasion moves are banned
|rule|Evasion Abilities Clause: Evasion abilities are banned
|rule|Sleep Moves Clause: Sleep-inducing moves are banned
|clearpoke
|poke|p1|Landorus-Therian, M|
|poke|p1|Slowking-Galar, M|
|poke|p1|Scizor, M|
|poke|p1|Dragapult, M|
|poke|p1|Great Tusk|
|poke|p1|Zoroark, M|
|poke|p2|Hydrapple, M|
|poke|p2|Gliscor, M|
|poke|p2|Slowking-Galar, M|
|poke|p2|Cinderace, M|
|poke|p2|Kingambit, M|
|poke|p2|Iron Valiant|
|teampreview
|inactive|Battle timer is ON: inactive players will automatically lose when time's up. (requested by guoqiushi)
|
|t:|1769320324
|teamsize|p1|6
|teamsize|p2|6
|start
|switch|p1a: Great Tusk|Great Tusk|100/100
|switch|p2a: Hydrapple|Hydrapple, M, shiny|100/100
|turn|1
|
|t:|1769320329
|switch|p1a: Slowking|Slowking-Galar, M|100/100
|move|p2a: Hydrapple|Giga Drain|p1a: Slowking
|-resisted|p1a: Slowking
|-damage|p1a: Slowking|85/100
|-damage|p2a: Hydrapple|91/100|[from] item: Life Orb
|
|upkeep
|turn|2
|
|t:|1769320337
|switch|p2a: Slowking|Slowking-Galar, M, shiny|100/100
|-prepare|p1a: Slowking|Chilly Reception|[premajor]
|move|p1a: Slowking|Chilly Reception|p1a: Slowking
|-weather|Snowscape
|
|t:|1769320340
|switch|p1a: Great Tusk|Great Tusk|100/100|[from] Chilly Reception
|
|-weather|Snowscape|[upkeep]
|upkeep
|turn|3
|
|t:|1769320349
|switch|p2a: Kingambit|Kingambit, M, shiny|100/100
|-item|p2a: Kingambit|Air Balloon
|move|p1a: Great Tusk|Knock Off|p2a: Kingambit
|-resisted|p2a: Kingambit
|-damage|p2a: Kingambit|74/100
|-enditem|p2a: Kingambit|Air Balloon
|
|-weather|Snowscape|[upkeep]
|upkeep
|turn|4
|
|t:|1769320353
|-end|p2a: Kingambit|fallenundefined|[silent]
|switch|p2a: Gliscor|Gliscor, M, shiny|100/100
|move|p1a: Great Tusk|Low Kick|p2a: Gliscor
|-resisted|p2a: Gliscor
|-damage|p2a: Gliscor|91/100
|
|-weather|Snowscape|[upkeep]
|-status|p2a: Gliscor|tox|[from] item: Toxic Orb
|upkeep
|turn|5
|
|t:|1769320360
|move|p2a: Gliscor|Protect|p2a: Gliscor
|-singleturn|p2a: Gliscor|Protect
|move|p1a: Great Tusk|Dark Pulse|p2a: Gliscor
|-activate|p2a: Gliscor|move: Protect
|
|-weather|Snowscape|[upkeep]
|-heal|p2a: Gliscor|100/100 tox|[from] ability: Poison Heal
|upkeep
|turn|6
|inactive|guoqiushi has 120 seconds left.
|
|t:|1769320393
|-terastallize|p1a: Great Tusk|Dark
|move|p2a: Gliscor|Earthquake|p1a: Great Tusk
|-damage|p1a: Great Tusk|16/100
|replace|p1a: Zoroark|Zoroark, M
|-end|p1a: Zoroark|Illusion
|move|p1a: Zoroark|Dark Pulse|p2a: Gliscor
|-damage|p2a: Gliscor|11/100 tox
|
|-weather|none
|-heal|p2a: Gliscor|24/100 tox|[from] ability: Poison Heal
|upkeep
|turn|7
|
|t:|1769320403
|move|p2a: Gliscor|Protect|p2a: Gliscor
|-singleturn|p2a: Gliscor|Protect
|move|p1a: Zoroark|Knock Off|p2a: Gliscor
|-activate|p2a: Gliscor|move: Protect
|
|-heal|p2a: Gliscor|36/100 tox|[from] ability: Poison Heal
|upkeep
|turn|8
|
|t:|1769320406
|move|p1a: Zoroark|Sucker Punch|p2a: Gliscor
|-damage|p2a: Gliscor|0 fnt
|faint|p2a: Gliscor
|
|upkeep
|
|t:|1769320413
|switch|p2a: Cinderace|Cinderace, M, shiny|100/100
|turn|9
|
|t:|1769320417
|switch|p1a: Landorus|Landorus-Therian, M|100/100
|-ability|p1a: Landorus|Intimidate|boost
|-unboost|p2a: Cinderace|atk|1
|move|p2a: Cinderace|Sucker Punch||[still]
|-fail|p2a: Cinderace
|
|upkeep
|turn|10
|
|t:|1769320424
|move|p2a: Cinderace|U-turn|p1a: Landorus
|-start|p2a: Cinderace|typechange|Bug|[from] ability: Libero
|-resisted|p1a: Landorus
|-damage|p1a: Landorus|91/100
|-damage|p2a: Cinderace|84/100|[from] item: Rocky Helmet|[of] p1a: Landorus
|
|t:|1769320429
|switch|p2a: Hydrapple|Hydrapple, M, shiny|100/100|[from] U-turn
|move|p1a: Landorus|Stealth Rock|p2a: Hydrapple
|-sidestart|p2: enzofm15|move: Stealth Rock
|
|upkeep
|turn|11
|
|t:|1769320434
|move|p1a: Landorus|U-turn|p2a: Hydrapple
|-supereffective|p2a: Hydrapple
|-damage|p2a: Hydrapple|66/100
|
|t:|1769320436
|switch|p1a: Slowking|Slowking-Galar, M|100/100|[from] U-turn
|move|p2a: Hydrapple|Nasty Plot|p2a: Hydrapple
|-boost|p2a: Hydrapple|spa|2
|
|upkeep
|turn|12
|
|t:|1769320443
|move|p2a: Hydrapple|Draco Meteor|p1a: Slowking
|-damage|p1a: Slowking|1/100
|-unboost|p2a: Hydrapple|spa|2
|-damage|p2a: Hydrapple|56/100|[from] item: Life Orb
|move|p1a: Slowking|Ice Beam|p2a: Hydrapple
|-supereffective|p2a: Hydrapple
|-damage|p2a: Hydrapple|0 fnt
|faint|p2a: Hydrapple
|
|upkeep
|-message|enzofm15 forfeited.
|
|win|guoqiushi
|raw|guoqiushi's rating: 1381 &rarr; <strong>1403</strong><br />(+22 for winning)
|raw|enzofm15's rating: 1420 &rarr; <strong>1398</strong><br />(-22 for losing)
|l|☆enzofm15
|player|p2|
