|j|☆BBFleur32
|j|☆Riovah
|t:|1769385079
|gametype|singles
|player|p1|BBFleur32|zinzolin|
|player|p2|Riovah|elesa|
|gen|9
|tier|[Gen 9] OU
|rule|HP Percentage Mod: HP is shown in percentages
|rule|Endless Battle Clause: Forcing endless battles is banned
|rule|Species Clause: Limit one of each Pokémon
|rule|OHKO Clause: OHKO moves are banned
|rule|Evasion Items Clause: Evasion items are banned
|rule|Evasion Moves Clause: Evasion moves are banned
|rule|Evasion Abilities Clause: Evasion abilities are banned
|rule|Sleep Moves Clause: Sleep-inducing moves are banned
|clearpoke
|poke|p1|Gliscor, F|
|poke|p1|Great Tusk|
|poke|p1|Landorus-Therian, M|
|poke|p1|Sandy Shocks|
|poke|p1|Kingambit, F|
|poke|p1|Quagsire, M|
|poke|p2|Kleavor, F|
|poke|p2|Salamence, F|
|poke|p2|Hatterene, F|
|poke|p2|Gholdengo|
|poke|p2|Toxapex, M|
|poke|p2|Maushold|
|teampreview
|inactive|Battle timer is ON: inactive players will automatically lose when time's up. (requested by Riovah)
|
|t:|1769385098
|teamsize|p1|6
|teamsize|p2|6
|start
|switch|p1a: Landorus|Landorus-Therian, M|100/100
|switch|p2a: Hatterene|Hatterene, F|100/100
|-ability|p1a: Landorus|Intimidate|boost
|-unboost|p2a: Hatterene|atk|1
|turn|1
|
|t:|1769385125
|move|p1a: Landorus|Taunt|p2a: Hatterene
|move|p2a: Hatterene|Taunt|p1a: Landorus|[from] ability: Magic Bounce
|-start|p1a: Landorus|move: Taunt
|move|p2a: Hatterene|Trick Room|p2a: Hatterene
|-fieldstart|move: Trick Room|[of] p2a: Hatterene
|
|upkeep
|turn|2
|c|☆Riovah|whats the move here
|c|☆BBFleur32|im dumb
|c|☆BBFleur32|thats the move
|
|t:|1769385153
|move|p2a: Hatterene|Calm Mind|p2a: Hatterene
|-boost|p2a: Hatterene|spa|1
|-boost|p2a: Hatterene|spd|1
|move|p1a: Landorus|U-turn|p2a: Hatterene
|-damage|p2a: Hatterene|84/100
|-enditem|p2a: Hatterene|Kee Berry|[eat]
|-boost|p2a: Hatterene|def|1|[from] item: Kee Berry
|inactive|BBFleur32 has 270 seconds left.
|
|t:|1769385165
|switch|p1a: Quagsire|Quagsire, M|100/100|[from] U-turn
|
|upkeep
|turn|3
|
|t:|1769385170
|move|p2a: Hatterene|Giga Drain|p1a: Quagsire
|-supereffective|p1a: Quagsire
|-damage|p1a: Quagsire|24/100
|-heal|p2a: Hatterene|100/100|[from] drain|[of] p1a: Quagsire
|move|p1a: Quagsire|Haze|p1a: Quagsire
|-clearallboost
|
|-heal|p1a: Quagsire|30/100|[from] item: Leftovers
|upkeep
|turn|4
|
|t:|1769385176
|-terastallize|p1a: Quagsire|Fire
|move|p2a: Hatterene|Giga Drain|p1a: Quagsire
|-resisted|p1a: Quagsire
|-crit|p1a: Quagsire
|-damage|p1a: Quagsire|17/100
|move|p1a: Quagsire|Recover|p1a: Quagsire
|-heal|p1a: Quagsire|67/100
|
|-heal|p1a: Quagsire|73/100|[from] item: Leftovers
|upkeep
|turn|5
|
|t:|1769385184
|move|p2a: Hatterene|Psyshock|p1a: Quagsire
|-damage|p1a: Quagsire|38/100
|move|p1a: Quagsire|Recover|p1a: Quagsire
|-heal|p1a: Quagsire|88/100
|
|-heal|p1a: Quagsire|94/100|[from] item: Leftovers
|-fieldend|move: Trick Room
|upkeep
|turn|6
|
|t:|1769385191
|switch|p1a: Gliscor|Gliscor, F|100/100
|move|p2a: Hatterene|Trick Room|p2a: Hatterene
|-fieldstart|move: Trick Room|[of] p2a: Hatterene
|
|-status|p1a: Gliscor|tox|[from] item: Toxic Orb
|upkeep
|turn|7
|
|t:|1769385206
|move|p2a: Hatterene|Calm Mind|p2a: Hatterene
|-boost|p2a: Hatterene|spa|1
|-boost|p2a: Hatterene|spd|1
|move|p1a: Gliscor|Facade|p2a: Hatterene
|-damage|p2a: Hatterene|77/100
|
|upkeep
|turn|8
|
|t:|1769385214
|move|p1a: Gliscor|Protect|p1a: Gliscor
|-singleturn|p1a: Gliscor|Protect
|move|p2a: Hatterene|Psyshock|p1a: Gliscor
|-activate|p1a: Gliscor|move: Protect
|
|upkeep
|turn|9
|c|☆Riovah|T_T i just read that
|
|t:|1769385227
|move|p2a: Hatterene|Giga Drain|p1a: Gliscor
|-damage|p1a: Gliscor|49/100 tox
|-heal|p2a: Hatterene|100/100|[from] drain|[of] p1a: Gliscor
|move|p1a: Gliscor|Facade|p2a: Hatterene
|-damage|p2a: Hatterene|78/100
|
|-heal|p1a: Gliscor|61/100 tox|[from] ability: Poison Heal
|upkeep
|turn|10
|
|t:|1769385232
|move|p1a: Gliscor|Protect|p1a: Gliscor
|-singleturn|p1a: Gliscor|Protect
|move|p2a: Hatterene|Giga Drain|p1a: Gliscor
|-activate|p1a: Gliscor|move: Protect
|
|-heal|p1a: Gliscor|74/100 tox|[from] ability: Poison Heal
|-fieldend|move: Trick Room
|upkeep
|turn|11
|
|t:|1769385239
|move|p1a: Gliscor|Facade|p2a: Hatterene
|-damage|p2a: Hatterene|55/100
|move|p2a: Hatterene|Trick Room|p2a: Hatterene
|-fieldstart|move: Trick Room|[of] p2a: Hatterene
|
|-heal|p1a: Gliscor|86/100 tox|[from] ability: Poison Heal
|upkeep
|turn|12
|
|t:|1769385243
|switch|p1a: Kingambit|Kingambit, F|100/100
|move|p2a: Hatterene|Calm Mind|p2a: Hatterene
|-boost|p2a: Hatterene|spa|1
|-boost|p2a: Hatterene|spd|1
|
|upkeep
|turn|13
|
|t:|1769385248
|move|p2a: Hatterene|Psyshock|p1a: Kingambit
|-immune|p1a: Kingambit
|move|p1a: Kingambit|Iron Head|p2a: Hatterene
|-supereffective|p2a: Hatterene
|-crit|p2a: Hatterene
|-damage|p2a: Hatterene|0 fnt
|faint|p2a: Hatterene
|
|upkeep
|
|t:|1769385270
|switch|p2a: Toxapex|Toxapex, M|100/100
|turn|14
|
|t:|1769385273
|move|p2a: Toxapex|Toxic Spikes|p1a: Kingambit
|-sidestart|p1: BBFleur32|move: Toxic Spikes
|move|p1a: Kingambit|Swords Dance|p1a: Kingambit
|-boost|p1a: Kingambit|atk|2
|
|upkeep
|turn|15
|
|t:|1769385276
|move|p2a: Toxapex|Haze|p2a: Toxapex
|-clearallboost
|move|p1a: Kingambit|Swords Dance|p1a: Kingambit
|-boost|p1a: Kingambit|atk|2
|
|-fieldend|move: Trick Room
|upkeep
|turn|16
|
|t:|1769385284
|move|p1a: Kingambit|Kowtow Cleave|p2a: Toxapex
|-damage|p2a: Toxapex|22/100
|move|p2a: Toxapex|Haze|p2a: Toxapex
|-clearallboost
|
|-heal|p2a: Toxapex|28/100|[from] item: Leftovers
|upkeep
|turn|17
|c|☆Riovah|!weak kinggambit
No Pokémon or type named 'kinggambit' was found. Searching for 'Kingambit' instead.
|c| Riovah|/raw <div class="infobox">Kingambit (ignoring abilities):<br /><span class="message-effect-weak">Weaknesses</span>: <b>Fighting</b>, Fire, Ground<br /><span class="message-effect-resist">Resistances</span>: Dark, Dragon, Flying, Ghost, Grass, Ice, Normal, Rock, Steel<br /><span class="message-effect-immune">Immunities</span>: Poison, Psychic, Prankster, Sandstorm damage, Toxic</div>
|
|t:|1769385307
|switch|p2a: Kleavor|Kleavor, F|100/100
|move|p1a: Kingambit|Kowtow Cleave|p2a: Kleavor
|-damage|p2a: Kleavor|38/100
|
|upkeep
|turn|18
|inactive|BBFleur32 has 270 seconds left.
|
|t:|1769385339
|move|p2a: Kleavor|Close Combat|p1a: Kingambit
|-supereffective|p1a: Kingambit
|-damage|p1a: Kingambit|0 fnt
|-unboost|p2a: Kleavor|def|1
|-unboost|p2a: Kleavor|spd|1
|faint|p1a: Kingambit
|-end|p1a: Kingambit|fallenundefined|[silent]
|
|upkeep
|inactive|BBFleur32 has 270 seconds left.
|
|t:|1769385345
|switch|p1a: Great Tusk|Great Tusk|100/100
|-status|p1a: Great Tusk|psn
|-enditem|p1a: Great Tusk|Booster Energy
|-activate|p1a: Great Tusk|ability: Protosynthesis|[fromitem]
|-start|p1a: Great Tusk|protosynthesisspe
|turn|19
|
|t:|1769385350
|switch|p2a: Gholdengo|Gholdengo|100/100
|move|p1a: Great Tusk|Close Combat|p2a: Gholdengo
|-immune|p2a: Gholdengo
|
|-damage|p1a: Great Tusk|88/100 psn|[from] psn
|upkeep
|turn|20
|
|t:|1769385380
|move|p1a: Great Tusk|Headlong Rush|p2a: Gholdengo
|-supereffective|p2a: Gholdengo
|-damage|p2a: Gholdengo|0 fnt
|-unboost|p1a: Great Tusk|def|1
|-unboost|p1a: Great Tusk|spd|1
|faint|p2a: Gholdengo
|
|-damage|p1a: Great Tusk|76/100 psn|[from] psn
|upkeep
|
|t:|1769385387
|switch|p2a: Toxapex|Toxapex, M|62/100
|turn|21
|
|t:|1769385391
|move|p1a: Great Tusk|Headlong Rush|p2a: Toxapex
|-supereffective|p2a: Toxapex
|-damage|p2a: Toxapex|0 fnt
|-unboost|p1a: Great Tusk|def|1
|-unboost|p1a: Great Tusk|spd|1
|faint|p2a: Toxapex
|
|-damage|p1a: Great Tusk|63/100 psn|[from] psn
|upkeep
|
|t:|1769385394
|switch|p2a: Salamence|Salamence, F|100/100
|turn|22
|
|t:|1769385400
|move|p1a: Great Tusk|Rapid Spin|p2a: Salamence
|-damage|p2a: Salamence|84/100
|-boost|p1a: Great Tusk|spe|1
|-sideend|p1: BBFleur32|Toxic Spikes|[from] move: Rapid Spin|[of] p1a: Great Tusk
|move|p2a: Salamence|Dragon Dance|p2a: Salamence
|-boost|p2a: Salamence|atk|1
|-boost|p2a: Salamence|spe|1
|
|-heal|p2a: Salamence|90/100|[from] item: Leftovers
|-damage|p1a: Great Tusk|51/100 psn|[from] psn
|upkeep
|turn|23
|
|t:|1769385410
|move|p1a: Great Tusk|Knock Off|p2a: Salamence
|-damage|p2a: Salamence|57/100
|-enditem|p2a: Salamence|Leftovers|[from] move: Knock Off|[of] p1a: Great Tusk
|move|p2a: Salamence|Dragon Dance|p2a: Salamence
|-boost|p2a: Salamence|atk|1
|-boost|p2a: Salamence|spe|1
|
|-damage|p1a: Great Tusk|38/100 psn|[from] psn
|upkeep
|turn|24
|
|t:|1769385414
|-end|p1a: Great Tusk|Protosynthesis|[silent]
|switch|p1a: Quagsire|Quagsire, M, tera:Fire|94/100
|move|p2a: Salamence|Roost|p2a: Salamence
|-heal|p2a: Salamence|100/100
|-singleturn|p2a: Salamence|move: Roost
|
|-heal|p1a: Quagsire|99/100|[from] item: Leftovers
|upkeep
|turn|25
|
|t:|1769385417
|move|p2a: Salamence|Dual Wingbeat|p1a: Quagsire
|-damage|p1a: Quagsire|80/100
|-damage|p1a: Quagsire|61/100
|-hitcount|p1a: Quagsire|2
|move|p1a: Quagsire|Haze|p1a: Quagsire
|-clearallboost
|
|-heal|p1a: Quagsire|67/100|[from] item: Leftovers
|upkeep
|turn|26
|
|t:|1769385422
|move|p2a: Salamence|Dragon Claw|p1a: Quagsire
|-damage|p1a: Quagsire|25/100
|move|p1a: Quagsire|Toxic|p2a: Salamence
|-status|p2a: Salamence|tox
|
|-heal|p1a: Quagsire|31/100|[from] item: Leftovers
|-damage|p2a: Salamence|94/100 tox|[from] psn
|upkeep
|turn|27
|
|t:|1769385431
|move|p2a: Salamence|Dragon Claw|p1a: Quagsire
|-crit|p1a: Quagsire
|-damage|p1a: Quagsire|0 fnt
|faint|p1a: Quagsire
|-ability|p2a: Salamence|Moxie|boost
|-boost|p2a: Salamence|atk|1
|
|-damage|p2a: Salamence|82/100 tox|[from] psn
|upkeep
|
|t:|1769385435
|switch|p1a: Sandy Shocks|Sandy Shocks|100/100
|turn|28
|
|t:|1769385441
|-terastallize|p2a: Salamence|Steel
|move|p1a: Sandy Shocks|Power Gem|p2a: Salamence
|-resisted|p2a: Salamence
|-damage|p2a: Salamence|67/100 tox
|move|p2a: Salamence|Dragon Dance|p2a: Salamence
|-boost|p2a: Salamence|atk|1
|-boost|p2a: Salamence|spe|1
|
|-damage|p2a: Salamence|48/100 tox|[from] psn
|upkeep
|turn|29
|
|t:|1769385448
|move|p2a: Salamence|Roost|p2a: Salamence
|-heal|p2a: Salamence|98/100 tox
|move|p1a: Sandy Shocks|Earth Power|p2a: Salamence
|-supereffective|p2a: Salamence
|-damage|p2a: Salamence|5/100 tox
|
|-damage|p2a: Salamence|0 fnt|[from] psn
|faint|p2a: Salamence
|upkeep
|
|t:|1769385454
|switch|p2a: Kleavor|Kleavor, F|38/100
|turn|30
|
|t:|1769385457
|move|p1a: Sandy Shocks|Earth Power|p2a: Kleavor
|-damage|p2a: Kleavor|0 fnt
|faint|p2a: Kleavor
|
|upkeep
|
|t:|1769385459
|switch|p2a: Maushold|Maushold|100/100
|turn|31
|
|t:|1769385463
|move|p1a: Sandy Shocks|Thunder Wave|p2a: Maushold
|-status|p2a: Maushold|par
|move|p2a: Maushold|Tidy Up|p2a: Maushold
|-boost|p2a: Maushold|atk|1
|-boost|p2a: Maushold|spe|1
|
|upkeep
|turn|32
|
|t:|1769385471
|move|p1a: Sandy Shocks|Earth Power|p2a: Maushold
|-damage|p2a: Maushold|34/100 par
|move|p2a: Maushold|Encore|p1a: Sandy Shocks
|-start|p1a: Sandy Shocks|Encore
|
|upkeep
|turn|33
|
|t:|1769385475
|move|p1a: Sandy Shocks|Earth Power|p2a: Maushold
|-damage|p2a: Maushold|0 fnt
|faint|p2a: Maushold
|
|win|BBFleur32
|c|☆BBFleur32|gg
|c|☆Riovah|gg
