|j|☆Monodomie
|j|☆Bcapbando192
|t:|1769406629
|gametype|singles
|player|p1|Monodomie|hilda|1160
|player|p2|Bcapbando192|byron|1151
|gen|9
|tier|[Gen 9] OU
|rated|
|rule|HP Percentage Mod: HP is shown in percentages
|rule|Endless Battle Clause: Forcing endless battles is banned
|rule|Species Clause: Limit one of each Pokémon
|rule|OHKO Clause: OHKO moves are banned
|rule|Evasion Items Clause: Evasion items are banned
|rule|Evasion Moves Clause: Evasion moves are banned
|rule|Evasion Abilities Clause: Evasion abilities are banned
|rule|Sleep Moves Clause: Sleep-inducing moves are banned
|clearpoke
|poke|p1|Zangoose, M|
|poke|p1|Gengar, M|
|poke|p1|Kyurem|
|poke|p1|Serperior, M|
|poke|p1|Keldeo-Resolute|
|poke|p1|Gallade, M|
|poke|p2|Moltres-Galar|
|poke|p2|Quaquaval, F|
|poke|p2|Iron Treads|
|poke|p2|Pecharunt|
|poke|p2|Armarouge, M|
|poke|p2|Ogerpon-Wellspring, F|
|teampreview
|inactive|Battle timer is ON: inactive players will automatically lose when time's up. (requested by Bcapbando192)
|
|t:|1769406643
|teamsize|p1|6
|teamsize|p2|6
|start
|switch|p1a: Kyurem|Kyurem, shiny|100/100
|switch|p2a: Ogerpon|Ogerpon-Wellspring, F|100/100
|-ability|p1a: Kyurem|Pressure
|turn|1
|
|t:|1769406651
|move|p2a: Ogerpon|U-turn|p1a: Kyurem
|-damage|p1a: Kyurem|76/100
|
|t:|1769406655
|switch|p2a: Iron Treads|Iron Treads|100/100|[from] U-turn
|move|p1a: Kyurem|Dragon Dance|p1a: Kyurem
|-boost|p1a: Kyurem|atk|1
|-boost|p1a: Kyurem|spe|1
|
|upkeep
|turn|2
|
|t:|1769406661
|-end|p2a: Iron Treads|Quark Drive|[silent]
|switch|p2a: Pecharunt|Pecharunt|100/100
|move|p1a: Kyurem|Icicle Spear|p2a: Pecharunt
|-damage|p2a: Pecharunt|92/100
|-crit|p2a: Pecharunt
|-damage|p2a: Pecharunt|79/100
|-damage|p2a: Pecharunt|70/100
|-damage|p2a: Pecharunt|61/100
|-hitcount|p2a: Pecharunt|4
|
|-heal|p2a: Pecharunt|67/100|[from] item: Black Sludge
|upkeep
|turn|3
|
|t:|1769406679
|switch|p1a: Gengar|Gengar, M|100/100
|move|p2a: Pecharunt|Toxic|p1a: Gengar
|-immune|p1a: Gengar
|
|-heal|p2a: Pecharunt|73/100|[from] item: Black Sludge
|upkeep
|turn|4
|
|t:|1769406684
|switch|p2a: Iron Treads|Iron Treads|100/100
|move|p1a: Gengar|Shadow Ball|p2a: Iron Treads
|-damage|p2a: Iron Treads|60/100
|
|upkeep
|turn|5
|c|☆Monodomie|itll crit
|c|☆Monodomie|watch
|
|t:|1769406695
|move|p1a: Gengar|Shadow Ball|p2a: Iron Treads
|-damage|p2a: Iron Treads|17/100
|move|p2a: Iron Treads|Earthquake|p1a: Gengar
|-supereffective|p1a: Gengar
|-damage|p1a: Gengar|0 fnt
|faint|p1a: Gengar
|
|upkeep
|c|☆Monodomie|well damn
|
|t:|1769406704
|switch|p1a: Green Ceruledge|Gallade, M|100/100
|turn|6
|c|☆Bcapbando192|lol
|
|t:|1769406710
|move|p2a: Iron Treads|Volt Switch|p1a: Green Ceruledge
|-damage|p1a: Green Ceruledge|89/100
|
|t:|1769406716
|-end|p2a: Iron Treads|Quark Drive|[silent]
|switch|p2a: Pecharunt|Pecharunt|73/100|[from] Volt Switch
|move|p1a: Green Ceruledge|Sacred Sword|p2a: Pecharunt
|-immune|p2a: Pecharunt
|
|-heal|p2a: Pecharunt|79/100|[from] item: Black Sludge
|upkeep
|turn|7
|
|t:|1769406723
|move|p1a: Green Ceruledge|Psycho Cut|p2a: Pecharunt
|-supereffective|p2a: Pecharunt
|-crit|p2a: Pecharunt
|-damage|p2a: Pecharunt|0 fnt
|faint|p2a: Pecharunt
|
|upkeep
|c|☆Bcapbando192|ah
|
|t:|1769406747
|switch|p2a: Ogerpon|Ogerpon-Wellspring, F|100/100
|turn|8
|
|t:|1769406755
|move|p2a: Ogerpon|U-turn|p1a: Green Ceruledge
|-damage|p1a: Green Ceruledge|42/100
|
|t:|1769406758
|switch|p2a: Iron Treads|Iron Treads|17/100|[from] U-turn
|move|p1a: Green Ceruledge|Sacred Sword|p2a: Iron Treads
|-supereffective|p2a: Iron Treads
|-damage|p2a: Iron Treads|0 fnt
|faint|p2a: Iron Treads
|-end|p2a: Iron Treads|Quark Drive|[silent]
|
|upkeep
|
|t:|1769406775
|switch|p2a: Moltres|Moltres-Galar|100/100
|turn|9
|
|t:|1769406780
|move|p1a: Green Ceruledge|Sacred Sword|p2a: Moltres
|-damage|p2a: Moltres|25/100
|-ability|p2a: Moltres|Berserk|boost
|-boost|p2a: Moltres|spa|1
|-enditem|p2a: Moltres|Sitrus Berry|[eat]
|-heal|p2a: Moltres|50/100|[from] item: Sitrus Berry
|move|p2a: Moltres|Agility|p2a: Moltres
|-boost|p2a: Moltres|spe|2
|
|upkeep
|turn|10
|
|t:|1769406789
|move|p2a: Moltres|Air Slash|p1a: Green Ceruledge
|-supereffective|p1a: Green Ceruledge
|-damage|p1a: Green Ceruledge|0 fnt
|faint|p1a: Green Ceruledge
|
|upkeep
|
|t:|1769406799
|switch|p1a: Keldeo|Keldeo-Resolute|100/100
|turn|11
|
|t:|1769406805
|-terastallize|p1a: Keldeo|Flying
|move|p2a: Moltres|Air Slash|p1a: Keldeo
|-damage|p1a: Keldeo|40/100
|move|p1a: Keldeo|Secret Sword|p2a: Moltres
|-damage|p2a: Moltres|0 fnt
|faint|p2a: Moltres
|-damage|p1a: Keldeo|30/100|[from] item: Life Orb
|
|upkeep
|
|t:|1769406812
|switch|p2a: Ogerpon|Ogerpon-Wellspring, F|100/100
|turn|12
|
|t:|1769406819
|move|p2a: Ogerpon|Ivy Cudgel|p1a: Keldeo|[anim] Ivy Cudgel Water
|-crit|p1a: Keldeo
|-damage|p1a: Keldeo|0 fnt
|faint|p1a: Keldeo
|
|upkeep
|
|t:|1769406829
|switch|p1a: Zangoose|Zangoose, M|100/100
|turn|13
|
|t:|1769406835
|move|p2a: Ogerpon|Ivy Cudgel|p1a: Zangoose|[anim] Ivy Cudgel Water
|-crit|p1a: Zangoose
|-damage|p1a: Zangoose|0 fnt
|faint|p1a: Zangoose
|
|upkeep
|
|t:|1769406841
|switch|p1a: Serperior|Serperior, M|100/100
|turn|14
|c|☆Bcapbando192|oh
|
|t:|1769406844
|move|p1a: Serperior|Leaf Storm|p2a: Ogerpon
|-damage|p2a: Ogerpon|45/100
|-boost|p1a: Serperior|spa|2
|move|p2a: Ogerpon|U-turn|p1a: Serperior
|-supereffective|p1a: Serperior
|-damage|p1a: Serperior|32/100
|
|t:|1769406849
|switch|p2a: Armarouge|Armarouge, M|100/100|[from] U-turn
|
|-heal|p1a: Serperior|38/100|[from] item: Leftovers
|upkeep
|turn|15
|
|t:|1769406856
|move|p1a: Serperior|Dragon Pulse|p2a: Armarouge
|-damage|p2a: Armarouge|55/100
|move|p2a: Armarouge|Psyshock|p1a: Serperior
|-damage|p1a: Serperior|0 fnt
|faint|p1a: Serperior
|
|upkeep
|c|☆Bcapbando192|gg
|
|t:|1769406863
|switch|p1a: Kyurem|Kyurem, shiny|76/100
|-ability|p1a: Kyurem|Pressure
|turn|16
|c|☆Monodomie|gg indeed
|
|t:|1769406870
|move|p1a: Kyurem|Scale Shot|p2a: Armarouge
|-damage|p2a: Armarouge|43/100
|-ability|p2a: Armarouge|Weak Armor|boost
|-unboost|p2a: Armarouge|def|1
|-boost|p2a: Armarouge|spe|2
|-damage|p2a: Armarouge|25/100
|-ability|p2a: Armarouge|Weak Armor|boost
|-unboost|p2a: Armarouge|def|1
|-boost|p2a: Armarouge|spe|2
|-damage|p2a: Armarouge|0 fnt
|faint|p2a: Armarouge
|-hitcount|p2: Armarouge|3
|-unboost|p1a: Kyurem|def|1
|-boost|p1a: Kyurem|spe|1
|
|upkeep
|
|t:|1769406875
|switch|p2a: Quaquaval|Quaquaval, F|100/100
|turn|17
|
|t:|1769406887
|-terastallize|p2a: Quaquaval|Steel
|move|p1a: Kyurem|Scale Shot|p2a: Quaquaval
|-resisted|p2a: Quaquaval
|-damage|p2a: Quaquaval|92/100
|-resisted|p2a: Quaquaval
|-damage|p2a: Quaquaval|84/100
|-resisted|p2a: Quaquaval
|-damage|p2a: Quaquaval|76/100
|-resisted|p2a: Quaquaval
|-damage|p2a: Quaquaval|68/100
|-resisted|p2a: Quaquaval
|-damage|p2a: Quaquaval|59/100
|-hitcount|p2a: Quaquaval|5
|-unboost|p1a: Kyurem|def|1
|-boost|p1a: Kyurem|spe|1
|move|p2a: Quaquaval|Close Combat|p1a: Kyurem
|-supereffective|p1a: Kyurem
|-damage|p1a: Kyurem|0 fnt
|-unboost|p2a: Quaquaval|def|1
|-unboost|p2a: Quaquaval|spd|1
|faint|p1a: Kyurem
|
|win|Bcapbando192
|raw|Monodomie's rating: 1160 &rarr; <strong>1134</strong><br />(-26 for losing)
|raw|Bcapbando192's rating: 1151 &rarr; <strong>1177</strong><br />(+26 for winning)
|l|☆Monodomie
|player|p1|
|l|☆Bcapbando192
|player|p2|
