|j|☆Oliotus
|j|☆Champion Snagem
|t:|1769414238
|gametype|singles
|player|p1|Oliotus|101|1117
|player|p2|Champion Snagem|lance|1098
|gen|9
|tier|[Gen 9] OU
|rated|
|rule|HP Percentage Mod: HP is shown in percentages
|rule|Endless Battle Clause: Forcing endless battles is banned
|rule|Species Clause: Limit one of each Pokémon
|rule|OHKO Clause: OHKO moves are banned
|rule|Evasion Items Clause: Evasion items are banned
|rule|Evasion Moves Clause: Evasion moves are banned
|rule|Evasion Abilities Clause: Evasion abilities are banned
|rule|Sleep Moves Clause: Sleep-inducing moves are banned
|clearpoke
|poke|p1|Exeggutor, M|
|poke|p1|Gholdengo|
|poke|p1|Blissey, F|
|poke|p1|Glimmora, F|
|poke|p1|Slither Wing|
|poke|p1|Darkrai|
|poke|p2|Garchomp, F|
|poke|p2|Ampharos, M|
|poke|p2|Gengar, F|
|poke|p2|Empoleon, M|
|poke|p2|Sceptile, M|
|poke|p2|Typhlosion, F|
|teampreview
|
|t:|1769414248
|teamsize|p1|6
|teamsize|p2|6
|start
|switch|p1a: Blissey|Blissey, F, shiny|100/100
|switch|p2a: Empoleon|Empoleon, M|100/100
|turn|1
|inactive|Battle timer is ON: inactive players will automatically lose when time's up. (requested by Champion Snagem)
|
|t:|1769414263
|switch|p2a: Garchomp|Garchomp, F|100/100
|move|p1a: Blissey|Trick|p2a: Garchomp
|-activate|p1a: Blissey|move: Trick|[of] p2a: Garchomp
|-item|p2a: Garchomp|Choice Scarf|[from] move: Trick
|-item|p1a: Blissey|Assault Vest|[from] move: Trick
|
|upkeep
|turn|2
|
|t:|1769414278
|move|p2a: Garchomp|Scale Shot|p1a: Blissey
|-damage|p1a: Blissey|85/100
|-damage|p1a: Blissey|70/100
|-hitcount|p1a: Blissey|2
|-unboost|p2a: Garchomp|def|1
|-boost|p2a: Garchomp|spe|1
|move|p1a: Blissey|Ice Beam|p2a: Garchomp
|-supereffective|p2a: Garchomp
|-damage|p2a: Garchomp|0 fnt
|faint|p2a: Garchomp
|
|upkeep
|
|t:|1769414291
|switch|p2a: Sceptile|Sceptile, M|100/100
|turn|3
|
|t:|1769414299
|move|p2a: Sceptile|Swords Dance|p2a: Sceptile
|-boost|p2a: Sceptile|atk|2
|move|p1a: Blissey|Flamethrower|p2a: Sceptile
|-supereffective|p2a: Sceptile
|-damage|p2a: Sceptile|38/100
|-status|p2a: Sceptile|brn
|
|-damage|p2a: Sceptile|32/100 brn|[from] brn
|upkeep
|turn|4
|
|t:|1769414310
|move|p2a: Sceptile|Drain Punch|p1a: Blissey
|-supereffective|p1a: Blissey
|-damage|p1a: Blissey|30/100
|-heal|p2a: Sceptile|79/100 brn|[from] drain|[of] p1a: Blissey
|move|p1a: Blissey|Ice Beam|p2a: Sceptile
|-supereffective|p2a: Sceptile
|-damage|p2a: Sceptile|23/100 brn
|
|-damage|p2a: Sceptile|17/100 brn|[from] brn
|upkeep
|turn|5
|
|t:|1769414331
|move|p2a: Sceptile|Drain Punch|p1a: Blissey
|-supereffective|p1a: Blissey
|-damage|p1a: Blissey|0 fnt
|-heal|p2a: Sceptile|51/100 brn|[from] drain|[of] p1a: Blissey
|faint|p1a: Blissey
|
|-damage|p2a: Sceptile|45/100 brn|[from] brn
|upkeep
|
|t:|1769414335
|switch|p1a: Darkrai|Darkrai, shiny|100/100
|turn|6
|
|t:|1769414342
|move|p1a: Darkrai|Ice Beam|p2a: Sceptile
|-supereffective|p2a: Sceptile
|-damage|p2a: Sceptile|0 fnt
|faint|p2a: Sceptile
|
|upkeep
|
|t:|1769414355
|switch|p2a: Ampharos|Ampharos, M|100/100
|turn|7
|
|t:|1769414381
|switch|p1a: Glimmora|Glimmora, F, shiny|100/100
|move|p2a: Ampharos|Dazzling Gleam|p1a: Glimmora
|-resisted|p1a: Glimmora
|-damage|p1a: Glimmora|81/100
|
|upkeep
|turn|8
|
|t:|1769414391
|switch|p2a: Typhlosion|Typhlosion, F|100/100
|move|p1a: Glimmora|Toxic Spikes|p2a: Typhlosion
|-sidestart|p2: Champion Snagem|move: Toxic Spikes
|
|upkeep
|turn|9
|
|t:|1769414399
|switch|p1a: Darkrai|Darkrai, shiny|100/100
|-terastallize|p2a: Typhlosion|Fire
|move|p2a: Typhlosion|Eruption|p1a: Darkrai
|-crit|p1a: Darkrai
|-damage|p1a: Darkrai|0 fnt
|faint|p1a: Darkrai
|
|upkeep
|
|t:|1769414409
|switch|p1a: Glimmora|Glimmora, F, shiny|81/100
|turn|10
|
|t:|1769414412
|-terastallize|p1a: Glimmora|Ground
|move|p2a: Typhlosion|Eruption|p1a: Glimmora
|-crit|p1a: Glimmora
|-damage|p1a: Glimmora|0 fnt
|faint|p1a: Glimmora
|
|upkeep
|
|t:|1769414428
|switch|p1a: Exeggutor|Exeggutor, M, shiny|100/100
|turn|11
|
|t:|1769414432
|move|p2a: Typhlosion|Eruption|p1a: Exeggutor
|-supereffective|p1a: Exeggutor
|-damage|p1a: Exeggutor|0 fnt
|faint|p1a: Exeggutor
|
|upkeep
|
|t:|1769414435
|switch|p1a: Slither Wing|Slither Wing, shiny|100/100
|turn|12
|
|t:|1769414440
|move|p1a: Slither Wing|First Impression|p2a: Typhlosion
|-resisted|p2a: Typhlosion
|-damage|p2a: Typhlosion|74/100
|move|p2a: Typhlosion|Eruption|p1a: Slither Wing
|-supereffective|p1a: Slither Wing
|-damage|p1a: Slither Wing|0 fnt
|faint|p1a: Slither Wing
|-end|p1a: Slither Wing|Protosynthesis|[silent]
|
|upkeep
|
|t:|1769414443
|switch|p1a: Gholdengo|Gholdengo|100/100
|turn|13
|-message|Oliotus forfeited.
|
|win|Champion Snagem
|raw|Oliotus's rating: 1117 &rarr; <strong>1091</strong><br />(-26 for losing)
|raw|Champion Snagem's rating: 1098 &rarr; <strong>1125</strong><br />(+27 for winning)
|l|☆Oliotus
|player|p1|
|l|☆Champion Snagem
|player|p2|
