|j|☆chibi tanjiro
|j|☆lolcano46
|t:|1769307325
|gametype|singles
|player|p1|chibi tanjiro|170|1569
|player|p2|lolcano46|fisherman-gen4|1558
|gen|9
|tier|[Gen 9] OU
|rated|
|rule|HP Percentage Mod: HP is shown in percentages
|rule|Endless Battle Clause: Forcing endless battles is banned
|rule|Species Clause: Limit one of each Pokémon
|rule|OHKO Clause: OHKO moves are banned
|rule|Evasion Items Clause: Evasion items are banned
|rule|Evasion Moves Clause: Evasion moves are banned
|rule|Evasion Abilities Clause: Evasion abilities are banned
|rule|Sleep Moves Clause: Sleep-inducing moves are banned
|clearpoke
|poke|p1|Zarude-Dada|
|poke|p1|Pecharunt|
|poke|p1|Great Tusk|
|poke|p1|Alomomola, F|
|poke|p1|Landorus-Therian, M|
|poke|p1|Raging Bolt|
|poke|p2|Azelf|
|poke|p2|Ogerpon-Wellspring, F|
|poke|p2|Scizor, M|
|poke|p2|Gengar, M|
|poke|p2|Raging Bolt|
|poke|p2|Cinderace, F|
|teampreview
|inactive|Battle timer is ON: inactive players will automatically lose when time's up. (requested by lolcano46)
|c|☆chibi tanjiro|Really cool choice of mons
|
|t:|1769307349
|teamsize|p1|6
|teamsize|p2|6
|start
|switch|p1a: Zarude|Zarude-Dada|100/100
|switch|p2a: Cinderace|Cinderace, F|100/100
|turn|1
|c|☆lolcano46|thanks dude it's a fun team to use very high risk high reward so it keeps things interesting
|
|t:|1769307359
|move|p1a: Zarude|U-turn|p2a: Cinderace
|-resisted|p2a: Cinderace
|-damage|p2a: Cinderace|83/100
|
|t:|1769307364
|switch|p1a: Alomomola|Alomomola, F|100/100|[from] U-turn
|move|p2a: Cinderace|Will-O-Wisp|p1a: Alomomola
|-status|p1a: Alomomola|brn
|
|-damage|p1a: Alomomola|94/100 brn|[from] brn
|upkeep
|turn|2
|c|☆lolcano46|nice to see a zarude here
|
|t:|1769307373
|move|p2a: Cinderace|Pyro Ball|p1a: Alomomola
|-resisted|p1a: Alomomola
|-damage|p1a: Alomomola|72/100 brn
|move|p1a: Alomomola|Flip Turn|p2a: Cinderace
|-supereffective|p2a: Cinderace
|-damage|p2a: Cinderace|63/100
|
|t:|1769307394
|switch|p1a: Landorus|Landorus-Therian, M|100/100|[from] Flip Turn
|-ability|p1a: Landorus|Intimidate|boost
|-unboost|p2a: Cinderace|atk|1
|
|upkeep
|turn|3
|
|t:|1769307400
|move|p2a: Cinderace|Will-O-Wisp|p1a: Landorus
|-status|p1a: Landorus|brn
|move|p1a: Landorus|Earth Power|p2a: Cinderace
|-supereffective|p2a: Cinderace
|-damage|p2a: Cinderace|0 fnt
|faint|p2a: Cinderace
|
|-damage|p1a: Landorus|94/100 brn|[from] brn
|upkeep
|
|t:|1769307404
|switch|p2a: Ogerpon|Ogerpon-Wellspring, F|100/100
|turn|4
|
|t:|1769307410
|switch|p1a: Pecharunt|Pecharunt|100/100
|move|p2a: Ogerpon|Swords Dance|p2a: Ogerpon
|-boost|p2a: Ogerpon|atk|2
|
|upkeep
|turn|5
|
|t:|1769307416
|move|p2a: Ogerpon|Ivy Cudgel|p1a: Pecharunt|[anim] Ivy Cudgel Water
|-crit|p1a: Pecharunt
|-damage|p1a: Pecharunt|15/100
|move|p1a: Pecharunt|Malignant Chain|p2a: Ogerpon
|-supereffective|p2a: Ogerpon
|-damage|p2a: Ogerpon|25/100
|-status|p2a: Ogerpon|tox
|-start|p2a: Ogerpon|confusion|[from] ability: Poison Puppeteer|[of] p1a: Pecharunt
|
|-damage|p2a: Ogerpon|19/100 tox|[from] psn
|upkeep
|turn|6
|inactive|chibi tanjiro has 120 seconds left.
|
|t:|1769307449
|-activate|p2a: Ogerpon|confusion
|move|p2a: Ogerpon|Horn Leech|p1a: Pecharunt
|-resisted|p1a: Pecharunt
|-damage|p1a: Pecharunt|0 fnt
|-heal|p2a: Ogerpon|28/100 tox|[from] drain|[of] p1a: Pecharunt
|-damage|p2a: Ogerpon|11/100 tox|[from] item: Rocky Helmet|[of] p1a: Pecharunt
|faint|p1a: Pecharunt
|
|-damage|p2a: Ogerpon|0 fnt|[from] psn
|faint|p2a: Ogerpon
|upkeep
|inactive|chibi tanjiro has 120 seconds left.
|
|t:|1769307462
|switch|p2a: Gengar|Gengar, M|100/100
|switch|p1a: Zarude|Zarude-Dada|100/100
|turn|7
|inactive|chibi tanjiro has 120 seconds left.
|
|t:|1769307472
|switch|p1a: Alomomola|Alomomola, F|100/100 brn
|move|p2a: Gengar|Sludge Bomb|p1a: Alomomola
|-damage|p1a: Alomomola|79/100 brn
|
|-damage|p1a: Alomomola|73/100 brn|[from] brn
|upkeep
|turn|8
|
|t:|1769307478
|move|p2a: Gengar|Sludge Bomb|p1a: Alomomola
|-damage|p1a: Alomomola|48/100 brn
|move|p1a: Alomomola|Flip Turn|p2a: Gengar
|-damage|p2a: Gengar|85/100
|-start|p1a: Alomomola|Disable|Flip Turn|[from] ability: Cursed Body|[of] p2a: Gengar
|
|t:|1769307483
|switch|p1a: Great Tusk|Great Tusk|100/100|[from] Flip Turn
|
|upkeep
|turn|9
|
|t:|1769307488
|switch|p2a: Azelf|Azelf|100/100
|move|p1a: Great Tusk|Knock Off|p2a: Azelf
|-supereffective|p2a: Azelf
|-damage|p2a: Azelf|0 fnt
|-enditem|p2a: Azelf|Expert Belt|[from] move: Knock Off|[of] p1a: Great Tusk
|faint|p2a: Azelf
|
|upkeep
|
|t:|1769307491
|switch|p2a: Scizor|Scizor, M|100/100
|turn|10
|
|t:|1769307498
|-terastallize|p1a: Great Tusk|Ground
|move|p1a: Great Tusk|Headlong Rush|p2a: Scizor
|-damage|p2a: Scizor|16/100
|-unboost|p1a: Great Tusk|def|1
|-unboost|p1a: Great Tusk|spd|1
|move|p2a: Scizor|Swords Dance|p2a: Scizor
|-boost|p2a: Scizor|atk|2
|
|upkeep
|turn|11
|
|t:|1769307503
|-end|p1a: Great Tusk|Protosynthesis|[silent]
|switch|p1a: Landorus|Landorus-Therian, M|94/100 brn
|-ability|p1a: Landorus|Intimidate|boost
|-unboost|p2a: Scizor|atk|1
|move|p2a: Scizor|Bullet Punch|p1a: Landorus
|-damage|p1a: Landorus|36/100 brn
|
|-damage|p1a: Landorus|30/100 brn|[from] brn
|upkeep
|turn|12
|
|t:|1769307511
|move|p2a: Scizor|Bullet Punch|p1a: Landorus
|-damage|p1a: Landorus|0 fnt
|faint|p1a: Landorus
|
|upkeep
|
|t:|1769307522
|switch|p1a: Alomomola|Alomomola, F|81/100 brn
|turn|13
|
|t:|1769307524
|move|p2a: Scizor|Knock Off|p1a: Alomomola
|-damage|p1a: Alomomola|37/100 brn
|-enditem|p1a: Alomomola|Assault Vest|[from] move: Knock Off|[of] p2a: Scizor
|move|p1a: Alomomola|Scald|p2a: Scizor
|-damage|p2a: Scizor|0 fnt
|faint|p2a: Scizor
|
|-damage|p1a: Alomomola|30/100 brn|[from] brn
|upkeep
|
|t:|1769307532
|switch|p2a: Raging Bolt|Raging Bolt|100/100
|-enditem|p2a: Raging Bolt|Booster Energy
|-activate|p2a: Raging Bolt|ability: Protosynthesis|[fromitem]
|-start|p2a: Raging Bolt|protosynthesisspa
|turn|14
|inactive|chibi tanjiro has 120 seconds left.
|
|t:|1769307579
|move|p2a: Raging Bolt|Dragon Pulse|p1a: Alomomola
|-damage|p1a: Alomomola|0 fnt
|faint|p1a: Alomomola
|
|upkeep
|
|t:|1769307587
|switch|p1a: Great Tusk|Great Tusk, tera:Ground|100/100
|turn|15
|
|t:|1769307591
|-terastallize|p2a: Raging Bolt|Fairy
|move|p1a: Great Tusk|Headlong Rush|p2a: Raging Bolt
|-damage|p2a: Raging Bolt|16/100
|-unboost|p1a: Great Tusk|def|1
|-unboost|p1a: Great Tusk|spd|1
|move|p2a: Raging Bolt|Dragon Pulse|p1a: Great Tusk
|-damage|p1a: Great Tusk|0 fnt
|faint|p1a: Great Tusk
|-end|p1a: Great Tusk|Protosynthesis|[silent]
|
|upkeep
|
|t:|1769307595
|switch|p1a: Zarude|Zarude-Dada|100/100
|turn|16
|
|t:|1769307602
|move|p2a: Raging Bolt|Thunderclap|p1a: Zarude
|-resisted|p1a: Zarude
|-crit|p1a: Zarude
|-damage|p1a: Zarude|61/100
|move|p1a: Zarude|Power Whip|p2a: Raging Bolt
|-damage|p2a: Raging Bolt|0 fnt
|faint|p2a: Raging Bolt
|-end|p2a: Raging Bolt|Protosynthesis|[silent]
|
|upkeep
|
|t:|1769307608
|switch|p2a: Gengar|Gengar, M|85/100
|turn|17
|
|t:|1769307610
|move|p2a: Gengar|Sludge Bomb|p1a: Zarude
|-supereffective|p1a: Zarude
|-damage|p1a: Zarude|0 fnt
|faint|p1a: Zarude
|
|upkeep
|
|t:|1769307612
|switch|p1a: Raging Bolt|Raging Bolt|100/100
|-item|p1a: Raging Bolt|Air Balloon
|turn|18
|
|t:|1769307617
|move|p2a: Gengar|Sludge Bomb|p1a: Raging Bolt
|-damage|p1a: Raging Bolt|60/100
|-enditem|p1a: Raging Bolt|Air Balloon
|move|p1a: Raging Bolt|Thunderbolt|p2a: Gengar
|-damage|p2a: Gengar|0 fnt
|faint|p2a: Gengar
|
|win|chibi tanjiro
|raw|chibi tanjiro's rating: 1569 &rarr; <strong>1588</strong><br />(+19 for winning)
|raw|lolcano46's rating: 1558 &rarr; <strong>1539</strong><br />(-19 for losing)
|l|☆lolcano46
|player|p2|
