|j|☆chicken_buddha
|j|☆Ffetter27
|t:|1769402248
|gametype|singles
|player|p1|chicken_buddha|1|1029
|player|p2|Ffetter27|265|1078
|gen|9
|tier|[Gen 9] OU
|rated|
|rule|HP Percentage Mod: HP is shown in percentages
|rule|Endless Battle Clause: Forcing endless battles is banned
|rule|Species Clause: Limit one of each Pokémon
|rule|OHKO Clause: OHKO moves are banned
|rule|Evasion Items Clause: Evasion items are banned
|rule|Evasion Moves Clause: Evasion moves are banned
|rule|Evasion Abilities Clause: Evasion abilities are banned
|rule|Sleep Moves Clause: Sleep-inducing moves are banned
|clearpoke
|poke|p1|Corviknight, M|
|poke|p1|Kingambit, M|
|poke|p1|Ursaluna, M|
|poke|p1|Iron Moth|
|poke|p1|Chansey, F|
|poke|p1|Maushold-Four|
|poke|p2|Iron Valiant|
|poke|p2|Great Tusk|
|poke|p2|Dragonite, M|
|poke|p2|Deoxys-Speed|
|poke|p2|Glimmora, M|
|poke|p2|Kingambit, F|
|teampreview
|inactive|Battle timer is ON: inactive players will automatically lose when time's up. (requested by Ffetter27)
|
|t:|1769402269
|teamsize|p1|6
|teamsize|p2|6
|start
|switch|p1a: Ursaluna|Ursaluna, M|100/100
|switch|p2a: Glimmora|Glimmora, M|100/100
|turn|1
|
|t:|1769402287
|move|p2a: Glimmora|Stealth Rock|p1a: Ursaluna
|-sidestart|p1: chicken_buddha|move: Stealth Rock
|move|p1a: Ursaluna|Swords Dance|p1a: Ursaluna
|-boost|p1a: Ursaluna|atk|2
|
|-status|p1a: Ursaluna|brn|[from] item: Flame Orb
|upkeep
|turn|2
|
|t:|1769402296
|move|p2a: Glimmora|Meteor Beam||[still]
|-prepare|p2a: Glimmora|Meteor Beam
|-boost|p2a: Glimmora|spa|1
|-enditem|p2a: Glimmora|Power Herb
|-anim|p2a: Glimmora|Meteor Beam|p1a: Ursaluna
|-resisted|p1a: Ursaluna
|-damage|p1a: Ursaluna|44/100 brn
|move|p1a: Ursaluna|Trailblaze|p2a: Glimmora
|-damage|p2a: Glimmora|32/100
|-boost|p1a: Ursaluna|spe|1
|-activate|p2a: Glimmora|ability: Toxic Debris
|-sidestart|p1: chicken_buddha|move: Toxic Spikes
|
|-damage|p1a: Ursaluna|38/100 brn|[from] brn
|upkeep
|turn|3
|
|t:|1769402314
|move|p1a: Ursaluna|Trailblaze|p2a: Glimmora
|-damage|p2a: Glimmora|0 fnt
|-boost|p1a: Ursaluna|spe|1
|-activate|p2a: Glimmora|ability: Toxic Debris
|-sidestart|p1: chicken_buddha|move: Toxic Spikes
|faint|p2a: Glimmora
|
|-damage|p1a: Ursaluna|31/100 brn|[from] brn
|upkeep
|inactive|Ffetter27 has 120 seconds left.
|
|t:|1769402341
|switch|p2a: Kingambit|Kingambit, F|100/100
|-activate|p2a: Kingambit|ability: Supreme Overlord
|-start|p2a: Kingambit|fallen1|[silent]
|turn|4
|inactive|Ffetter27 has 120 seconds left.
|
|t:|1769402371
|switch|p1a: Corviknight|Corviknight, M, shiny|100/100
|-damage|p1a: Corviknight|88/100|[from] Stealth Rock
|-end|p2a: Kingambit|fallen1|[silent]
|switch|p2a: Dragonite|Dragonite, M|100/100
|
|upkeep
|turn|5
|inactive|Ffetter27 has 120 seconds left.
|
|t:|1769402385
|switch|p2a: Great Tusk|Great Tusk|100/100
|-enditem|p2a: Great Tusk|Booster Energy
|-activate|p2a: Great Tusk|ability: Protosynthesis|[fromitem]
|-start|p2a: Great Tusk|protosynthesisspe
|move|p1a: Corviknight|Iron Defense|p1a: Corviknight
|-boost|p1a: Corviknight|def|2
|
|upkeep
|turn|6
|inactive|Ffetter27 has 120 seconds left.
|
|t:|1769402399
|move|p2a: Great Tusk|Taunt|p1a: Corviknight
|-start|p1a: Corviknight|move: Taunt
|cant|p1a: Corviknight|move: Taunt|Iron Defense
|
|upkeep
|turn|7
|
|t:|1769402404
|move|p2a: Great Tusk|Bulk Up|p2a: Great Tusk
|-boost|p2a: Great Tusk|atk|1
|-boost|p2a: Great Tusk|def|1
|move|p1a: Corviknight|Brave Bird|p2a: Great Tusk
|-supereffective|p2a: Great Tusk
|-damage|p2a: Great Tusk|70/100
|-damage|p1a: Corviknight|77/100|[from] Recoil
|
|upkeep
|turn|8
|
|t:|1769402414
|move|p2a: Great Tusk|Head Smash|p1a: Corviknight
|-damage|p1a: Corviknight|57/100
|-damage|p2a: Great Tusk|53/100|[from] item: Rocky Helmet|[of] p1a: Corviknight
|-damage|p2a: Great Tusk|43/100|[from] Recoil
|move|p1a: Corviknight|Body Press|p2a: Great Tusk
|-damage|p2a: Great Tusk|23/100
|
|-end|p1a: Corviknight|move: Taunt
|upkeep
|turn|9
|
|t:|1769402424
|move|p2a: Great Tusk|Taunt|p1a: Corviknight
|-start|p1a: Corviknight|move: Taunt
|move|p1a: Corviknight|Body Press|p2a: Great Tusk
|-damage|p2a: Great Tusk|0 fnt
|faint|p2a: Great Tusk
|-end|p2a: Great Tusk|Protosynthesis|[silent]
|
|upkeep
|
|t:|1769402436
|switch|p2a: Iron Valiant|Iron Valiant|100/100
|-enditem|p2a: Iron Valiant|Booster Energy
|-activate|p2a: Iron Valiant|ability: Quark Drive|[fromitem]
|-start|p2a: Iron Valiant|quarkdrivespe
|turn|10
|inactive|Ffetter27 has 120 seconds left.
|
|t:|1769402452
|move|p2a: Iron Valiant|Close Combat|p1a: Corviknight
|-damage|p1a: Corviknight|41/100
|-unboost|p2a: Iron Valiant|def|1
|-unboost|p2a: Iron Valiant|spd|1
|-damage|p2a: Iron Valiant|84/100|[from] item: Rocky Helmet|[of] p1a: Corviknight
|move|p1a: Corviknight|Brave Bird|p2a: Iron Valiant
|-supereffective|p2a: Iron Valiant
|-damage|p2a: Iron Valiant|0 fnt
|faint|p2a: Iron Valiant
|-end|p2a: Iron Valiant|Quark Drive|[silent]
|-damage|p1a: Corviknight|21/100|[from] Recoil
|
|upkeep
|inactive|Ffetter27 has 120 seconds left.
|
|t:|1769402459
|switch|p2a: Deoxys|Deoxys-Speed|100/100
|-ability|p2a: Deoxys|Pressure
|turn|11
|
|t:|1769402467
|switch|p1a: Chansey|Chansey, F|100/100
|-damage|p1a: Chansey|88/100|[from] Stealth Rock
|-status|p1a: Chansey|tox
|move|p2a: Deoxys|Reflect|p2a: Deoxys
|-sidestart|p2: Ffetter27|Reflect
|
|-damage|p1a: Chansey|82/100 tox|[from] psn
|upkeep
|turn|12
|
|t:|1769402477
|move|p2a: Deoxys|Light Screen|p2a: Deoxys
|-sidestart|p2: Ffetter27|move: Light Screen
|move|p1a: Chansey|Thunder Wave|p2a: Deoxys
|-status|p2a: Deoxys|par
|
|-damage|p1a: Chansey|69/100 tox|[from] psn
|upkeep
|turn|13
|
|t:|1769402485
|switch|p2a: Dragonite|Dragonite, M|100/100
|move|p1a: Chansey|Light Screen|p1a: Chansey
|-sidestart|p1: chicken_buddha|move: Light Screen
|
|-damage|p1a: Chansey|50/100 tox|[from] psn
|upkeep
|turn|14
|
|t:|1769402498
|move|p2a: Dragonite|Substitute|p2a: Dragonite
|-start|p2a: Dragonite|Substitute
|-damage|p2a: Dragonite|76/100
|move|p1a: Chansey|Thunder Wave||[still]
|-fail|p1a: Chansey
|
|-heal|p2a: Dragonite|82/100|[from] item: Leftovers
|-damage|p1a: Chansey|25/100 tox|[from] psn
|upkeep
|turn|15
|
|t:|1769402518
|-curestatus|p1a: Chansey|tox|[from] ability: Natural Cure
|switch|p1a: Maushold|Maushold-Four|100/100
|move|p2a: Dragonite|Dragon Dance|p2a: Dragonite
|-boost|p2a: Dragonite|atk|1
|-boost|p2a: Dragonite|spe|1
|
|-heal|p2a: Dragonite|88/100|[from] item: Leftovers
|upkeep
|turn|16
|
|t:|1769402532
|move|p2a: Dragonite|Dragon Dance|p2a: Dragonite
|-boost|p2a: Dragonite|atk|1
|-boost|p2a: Dragonite|spe|1
|move|p1a: Maushold|Encore|p2a: Dragonite
|-start|p2a: Dragonite|Encore
|
|-heal|p2a: Dragonite|94/100|[from] item: Leftovers
|upkeep
|turn|17
|
|t:|1769402541
|move|p2a: Dragonite|Dragon Dance|p2a: Dragonite
|-boost|p2a: Dragonite|atk|1
|-boost|p2a: Dragonite|spe|1
|move|p1a: Maushold|Tidy Up|p1a: Maushold
|-end|p2a: Dragonite|Substitute
|-sideend|p1: chicken_buddha|Toxic Spikes
|-sideend|p1: chicken_buddha|Stealth Rock
|-activate|p1a: Maushold|move: Tidy Up
|-boost|p1a: Maushold|atk|1
|-boost|p1a: Maushold|spe|1
|
|-heal|p2a: Dragonite|100/100|[from] item: Leftovers
|-sideend|p1: chicken_buddha|move: Light Screen
|upkeep
|turn|18
|
|t:|1769402556
|move|p2a: Dragonite|Dragon Dance|p2a: Dragonite
|-boost|p2a: Dragonite|atk|1
|-boost|p2a: Dragonite|spe|1
|move|p1a: Maushold|Tidy Up|p1a: Maushold
|-boost|p1a: Maushold|atk|1
|-boost|p1a: Maushold|spe|1
|
|-sideend|p2: Ffetter27|Reflect
|upkeep
|turn|19
|
|t:|1769402564
|move|p2a: Dragonite|Dragon Dance|p2a: Dragonite
|-boost|p2a: Dragonite|atk|1
|-boost|p2a: Dragonite|spe|1
|move|p1a: Maushold|Population Bomb|p2a: Dragonite
|-damage|p2a: Dragonite|88/100
|-damage|p2a: Dragonite|62/100
|-damage|p2a: Dragonite|39/100
|-damage|p2a: Dragonite|13/100
|-damage|p2a: Dragonite|0 fnt
|faint|p2a: Dragonite
|-hitcount|p2: Dragonite|5
|
|-sideend|p2: Ffetter27|move: Light Screen
|upkeep
|
|t:|1769402576
|switch|p2a: Kingambit|Kingambit, F|100/100
|-activate|p2a: Kingambit|ability: Supreme Overlord
|-start|p2a: Kingambit|fallen4|[silent]
|turn|20
|
|t:|1769402591
|-end|p2a: Kingambit|fallen4|[silent]
|switch|p2a: Deoxys|Deoxys-Speed|100/100 par
|-ability|p2a: Deoxys|Pressure
|move|p1a: Maushold|Population Bomb|p2a: Deoxys
|-damage|p2a: Deoxys|73/100 par
|-damage|p2a: Deoxys|47/100 par
|-damage|p2a: Deoxys|19/100 par
|-hitcount|p2a: Deoxys|3
|
|upkeep
|turn|21
|
|t:|1769402613
|move|p1a: Maushold|Population Bomb|p2a: Deoxys
|-damage|p2a: Deoxys|0 fnt
|faint|p2a: Deoxys
|-hitcount|p2: Deoxys|1
|
|upkeep
|
|t:|1769402620
|switch|p2a: Kingambit|Kingambit, F|100/100
|-activate|p2a: Kingambit|ability: Supreme Overlord
|-start|p2a: Kingambit|fallen5|[silent]
|turn|22
|
|t:|1769402628
|move|p1a: Maushold|Population Bomb|p2a: Kingambit
|-resisted|p2a: Kingambit
|-damage|p2a: Kingambit|92/100
|-hitcount|p2a: Kingambit|1
|move|p2a: Kingambit|Swords Dance|p2a: Kingambit
|-boost|p2a: Kingambit|atk|2
|
|upkeep
|turn|23
|c|☆chicken_buddha|wtf
|
|t:|1769402638
|move|p1a: Maushold|Encore|p2a: Kingambit
|-start|p2a: Kingambit|Encore
|move|p2a: Kingambit|Swords Dance|p2a: Kingambit
|-boost|p2a: Kingambit|atk|2
|
|upkeep
|turn|24
|
|t:|1769402644
|move|p1a: Maushold|Population Bomb|p2a: Kingambit|[miss]
|-miss|p1a: Maushold|p2a: Kingambit
|move|p2a: Kingambit|Swords Dance|p2a: Kingambit
|-boost|p2a: Kingambit|atk|2
|
|upkeep
|turn|25
|c|☆chicken_buddha|omfg
|
|t:|1769402651
|move|p1a: Maushold|Population Bomb|p2a: Kingambit
|-resisted|p2a: Kingambit
|-damage|p2a: Kingambit|83/100
|-resisted|p2a: Kingambit
|-damage|p2a: Kingambit|73/100
|-hitcount|p2a: Kingambit|2
|move|p2a: Kingambit|Swords Dance|p2a: Kingambit
|-boost|p2a: Kingambit|atk|0
|
|-end|p2a: Kingambit|Encore
|upkeep
|turn|26
|c|☆chicken_buddha|BRO
|
|t:|1769402666
|move|p1a: Maushold|Population Bomb|p2a: Kingambit
|-resisted|p2a: Kingambit
|-damage|p2a: Kingambit|64/100
|-resisted|p2a: Kingambit
|-damage|p2a: Kingambit|55/100
|-resisted|p2a: Kingambit
|-damage|p2a: Kingambit|45/100
|-resisted|p2a: Kingambit
|-damage|p2a: Kingambit|36/100
|-resisted|p2a: Kingambit
|-damage|p2a: Kingambit|27/100
|-hitcount|p2a: Kingambit|5
|move|p2a: Kingambit|Low Kick|p1a: Maushold
|-supereffective|p1a: Maushold
|-crit|p1a: Maushold
|-damage|p1a: Maushold|0 fnt
|faint|p1a: Maushold
|
|upkeep
|inactive|chicken_buddha has 120 seconds left.
|c|☆chicken_buddha|you are so lucky
|
|t:|1769402713
|switch|p1a: Corviknight|Corviknight, M, shiny|21/100
|turn|27
|inactive|chicken_buddha has 90 seconds left.
|
|t:|1769402748
|move|p2a: Kingambit|Sucker Punch||[still]
|-fail|p2a: Kingambit
|move|p1a: Corviknight|Roost|p1a: Corviknight
|-heal|p1a: Corviknight|71/100
|-singleturn|p1a: Corviknight|move: Roost
|
|upkeep
|turn|28
|
|t:|1769402759
|move|p2a: Kingambit|Sucker Punch||[still]
|-fail|p2a: Kingambit
|move|p1a: Corviknight|Iron Defense|p1a: Corviknight
|-boost|p1a: Corviknight|def|2
|
|upkeep
|turn|29
|inactive|chicken_buddha has 90 seconds left.
|
|t:|1769402768
|move|p2a: Kingambit|Low Kick|p1a: Corviknight
|-damage|p1a: Corviknight|18/100
|-damage|p2a: Kingambit|11/100|[from] item: Rocky Helmet|[of] p1a: Corviknight
|move|p1a: Corviknight|Body Press|p2a: Kingambit
|-supereffective|p2a: Kingambit
|-damage|p2a: Kingambit|0 fnt
|faint|p2a: Kingambit
|-end|p2a: Kingambit|fallen5|[silent]
|
|win|chicken_buddha
|raw|chicken_buddha's rating: 1029 &rarr; <strong>1070</strong><br />(+41 for winning)
|raw|Ffetter27's rating: 1078 &rarr; <strong>1053</strong><br />(-25 for losing)
