|j|☆bowlzz
|j|☆quinlanding
|t:|1769374884
|gametype|singles
|player|p1|bowlzz|101|1176
|player|p2|quinlanding|medium|1208
|gen|9
|tier|[Gen 9] OU
|rated|
|rule|HP Percentage Mod: HP is shown in percentages
|rule|Endless Battle Clause: Forcing endless battles is banned
|rule|Species Clause: Limit one of each Pokémon
|rule|OHKO Clause: OHKO moves are banned
|rule|Evasion Items Clause: Evasion items are banned
|rule|Evasion Moves Clause: Evasion moves are banned
|rule|Evasion Abilities Clause: Evasion abilities are banned
|rule|Sleep Moves Clause: Sleep-inducing moves are banned
|clearpoke
|poke|p1|Iron Valiant|
|poke|p1|Weavile, M|
|poke|p1|Gholdengo|
|poke|p1|Dragonite, M|
|poke|p1|Great Tusk|
|poke|p1|Rotom-Wash|
|poke|p2|Grimmsnarl, M|
|poke|p2|Gengar, F|
|poke|p2|Mew|
|poke|p2|Moltres|
|poke|p2|Ting-Lu|
|poke|p2|Walking Wake|
|teampreview
|
|t:|1769374897
|teamsize|p1|6
|teamsize|p2|6
|start
|switch|p1a: Gholdengo|Gholdengo|100/100
|switch|p2a: Grimmsnarl|Grimmsnarl, M|100/100
|turn|1
|
|t:|1769374908
|move|p2a: Grimmsnarl|Light Screen|p2a: Grimmsnarl
|-sidestart|p2: quinlanding|move: Light Screen
|move|p1a: Gholdengo|Make It Rain|p2a: Grimmsnarl
|-supereffective|p2a: Grimmsnarl
|-damage|p2a: Grimmsnarl|0 fnt
|-unboost|p1a: Gholdengo|spa|1
|faint|p2a: Grimmsnarl
|
|upkeep
|inactive|Battle timer is ON: inactive players will automatically lose when time's up. (requested by bowlzz)
|c|☆quinlanding|:O
|
|t:|1769374924
|switch|p2a: Ting-Lu|Ting-Lu|100/100
|-ability|p2a: Ting-Lu|Vessel of Ruin
|turn|2
|
|t:|1769374939
|switch|p1a: Great Tusk|Great Tusk|100/100
|move|p2a: Ting-Lu|Throat Chop|p1a: Great Tusk
|-resisted|p1a: Great Tusk
|-damage|p1a: Great Tusk|87/100
|-start|p1a: Great Tusk|Throat Chop|[silent]
|
|upkeep
|turn|3
|
|t:|1769374951
|move|p1a: Great Tusk|Close Combat|p2a: Ting-Lu
|-supereffective|p2a: Ting-Lu
|-damage|p2a: Ting-Lu|39/100
|-unboost|p1a: Great Tusk|def|1
|-unboost|p1a: Great Tusk|spd|1
|move|p2a: Ting-Lu|Earthquake|p1a: Great Tusk
|-damage|p1a: Great Tusk|30/100
|
|-end|p1a: Great Tusk|Throat Chop|[silent]
|upkeep
|turn|4
|
|t:|1769374962
|-end|p1a: Great Tusk|Protosynthesis|[silent]
|switch|p1a: Rotom|Rotom-Wash|100/100
|switch|p2a: Moltres|Moltres|100/100
|
|upkeep
|turn|5
|c|☆quinlanding|nice swap
|
|t:|1769374979
|switch|p2a: Gengar|Gengar, F|100/100
|move|p1a: Rotom|Hydro Pump|p2a: Gengar
|-damage|p2a: Gengar|58/100
|-start|p1a: Rotom|Disable|Hydro Pump|[from] ability: Cursed Body|[of] p2a: Gengar
|-damage|p1a: Rotom|91/100|[from] item: Life Orb
|
|upkeep
|turn|6
|
|t:|1769374990
|switch|p1a: Gholdengo|Gholdengo|100/100
|move|p2a: Gengar|Shadow Ball|p1a: Gholdengo
|-supereffective|p1a: Gholdengo
|-damage|p1a: Gholdengo|13/100
|
|upkeep
|turn|7
|
|t:|1769374998
|move|p2a: Gengar|Shadow Ball|p1a: Gholdengo
|-supereffective|p1a: Gholdengo
|-damage|p1a: Gholdengo|0 fnt
|faint|p1a: Gholdengo
|
|upkeep
|
|t:|1769375004
|switch|p1a: Weavile|Weavile, M|100/100
|-ability|p1a: Weavile|Pressure
|turn|8
|
|t:|1769375009
|move|p1a: Weavile|Knock Off|p2a: Gengar
|-supereffective|p2a: Gengar
|-damage|p2a: Gengar|0 fnt
|-start|p1a: Weavile|Disable|Knock Off|[from] ability: Cursed Body|[of] p2a: Gengar
|-enditem|p2a: Gengar|Heavy-Duty Boots|[from] move: Knock Off|[of] p1a: Weavile
|faint|p2a: Gengar
|
|-sideend|p2: quinlanding|move: Light Screen
|upkeep
|
|t:|1769375023
|switch|p2a: Walking Wake|Walking Wake|100/100
|turn|9
|
|t:|1769375034
|switch|p1a: Rotom|Rotom-Wash|91/100
|move|p2a: Walking Wake|Flamethrower|p1a: Rotom
|-resisted|p1a: Rotom
|-damage|p1a: Rotom|74/100
|
|upkeep
|turn|10
|
|t:|1769375041
|-end|p2a: Walking Wake|Protosynthesis|[silent]
|switch|p2a: Mew|Mew|100/100
|move|p1a: Rotom|Volt Switch|p2a: Mew
|-damage|p2a: Mew|61/100
|-damage|p1a: Rotom|64/100|[from] item: Life Orb
|
|t:|1769375049
|switch|p1a: Weavile|Weavile, M|100/100|[from] Volt Switch
|-ability|p1a: Weavile|Pressure
|
|upkeep
|turn|11
|
|t:|1769375058
|switch|p2a: Ting-Lu|Ting-Lu|39/100
|-ability|p2a: Ting-Lu|Vessel of Ruin
|move|p1a: Weavile|Knock Off|p2a: Ting-Lu
|-resisted|p2a: Ting-Lu
|-damage|p2a: Ting-Lu|20/100
|-enditem|p2a: Ting-Lu|Heavy-Duty Boots|[from] move: Knock Off|[of] p1a: Weavile
|
|upkeep
|turn|12
|
|t:|1769375075
|switch|p1a: Rotom|Rotom-Wash|64/100
|move|p2a: Ting-Lu|Stealth Rock|p1a: Rotom
|-sidestart|p1: bowlzz|move: Stealth Rock
|
|upkeep
|turn|13
|
|t:|1769375084
|move|p1a: Rotom|Tera Blast|p2a: Ting-Lu
|-damage|p2a: Ting-Lu|0 fnt
|faint|p2a: Ting-Lu
|-damage|p1a: Rotom|54/100|[from] item: Life Orb
|
|upkeep
|
|t:|1769375100
|switch|p2a: Walking Wake|Walking Wake|100/100
|turn|14
|c|☆bowlzz|Tnx
|
|t:|1769375115
|move|p2a: Walking Wake|Draco Meteor|p1a: Rotom
|-crit|p1a: Rotom
|-damage|p1a: Rotom|0 fnt
|-unboost|p2a: Walking Wake|spa|2
|faint|p1a: Rotom
|
|upkeep
|l|☆bowlzz
|inactive|bowlzz disconnected and has a minute to reconnect!
|player|p1|
|j|☆bowlzz
|inactive|bowlzz reconnected and has 140 seconds left.
|player|p1|bowlzz|101|
|
|t:|1769375127
|switch|p1a: Iron Valiant|Iron Valiant|100/100
|-damage|p1a: Iron Valiant|94/100|[from] Stealth Rock
|turn|15
|
|t:|1769375134
|-end|p2a: Walking Wake|Protosynthesis|[silent]
|switch|p2a: Moltres|Moltres|100/100
|move|p1a: Iron Valiant|Moonblast|p2a: Moltres
|-resisted|p2a: Moltres
|-damage|p2a: Moltres|79/100
|
|upkeep
|turn|16
|
|t:|1769375143
|-end|p1a: Iron Valiant|Quark Drive|[silent]
|switch|p1a: Dragonite|Dragonite, M|100/100
|-damage|p1a: Dragonite|76/100|[from] Stealth Rock
|move|p2a: Moltres|Hurricane|p1a: Dragonite
|-damage|p1a: Dragonite|21/100
|
|upkeep
|turn|17
|
|t:|1769375153
|move|p2a: Moltres|Hurricane|p1a: Dragonite
|-damage|p1a: Dragonite|0 fnt
|faint|p1a: Dragonite
|
|upkeep
|
|t:|1769375158
|switch|p1a: Great Tusk|Great Tusk|30/100
|-damage|p1a: Great Tusk|27/100|[from] Stealth Rock
|turn|18
|
|t:|1769375178
|move|p1a: Great Tusk|Rapid Spin|p2a: Moltres
|-damage|p2a: Moltres|61/100
|-boost|p1a: Great Tusk|spe|1
|-status|p1a: Great Tusk|brn|[from] ability: Flame Body|[of] p2a: Moltres
|-sideend|p1: bowlzz|Stealth Rock|[from] move: Rapid Spin|[of] p1a: Great Tusk
|move|p2a: Moltres|Overheat|p1a: Great Tusk
|-damage|p1a: Great Tusk|0 fnt
|-unboost|p2a: Moltres|spa|2
|faint|p1a: Great Tusk
|-end|p1a: Great Tusk|Protosynthesis|[silent]
|
|upkeep
|
|t:|1769375206
|switch|p1a: Iron Valiant|Iron Valiant|94/100
|turn|19
|inactive|bowlzz has 120 seconds left.
|
|t:|1769375226
|-terastallize|p1a: Iron Valiant|Psychic
|move|p1a: Iron Valiant|Psyshock|p2a: Moltres
|-damage|p2a: Moltres|21/100
|move|p2a: Moltres|Hurricane|p1a: Iron Valiant
|-damage|p1a: Iron Valiant|42/100
|
|upkeep
|turn|20
|
|t:|1769375235
|move|p1a: Iron Valiant|Psyshock|p2a: Moltres
|-damage|p2a: Moltres|0 fnt
|faint|p2a: Moltres
|
|upkeep
|
|t:|1769375239
|switch|p2a: Mew|Mew|61/100
|turn|21
|
|t:|1769375242
|-end|p1a: Iron Valiant|Quark Drive|[silent]
|switch|p1a: Weavile|Weavile, M|100/100
|-ability|p1a: Weavile|Pressure
|move|p2a: Mew|Dragon Dance|p2a: Mew
|-boost|p2a: Mew|atk|1
|-boost|p2a: Mew|spe|1
|
|upkeep
|turn|22
|
|t:|1769375252
|-terastallize|p2a: Mew|Ground
|move|p2a: Mew|Earthquake|p1a: Weavile
|-damage|p1a: Weavile|0 fnt
|faint|p1a: Weavile
|
|upkeep
|
|t:|1769375258
|switch|p1a: Iron Valiant|Iron Valiant, tera:Psychic|42/100
|turn|23
|
|t:|1769375264
|move|p1a: Iron Valiant|Moonblast|p2a: Mew
|-damage|p2a: Mew|13/100
|-unboost|p2a: Mew|spa|1
|move|p2a: Mew|Icicle Spear|p1a: Iron Valiant
|-damage|p1a: Iron Valiant|25/100
|-damage|p1a: Iron Valiant|10/100
|-damage|p1a: Iron Valiant|0 fnt
|faint|p1a: Iron Valiant
|-end|p1a: Iron Valiant|Quark Drive|[silent]
|-hitcount|p1: Iron Valiant|3
|
|win|quinlanding
|raw|bowlzz's rating: 1176 &rarr; <strong>1153</strong><br />(-23 for losing)
|raw|quinlanding's rating: 1208 &rarr; <strong>1231</strong><br />(+23 for winning)
|c|☆quinlanding|gg
|c|☆quinlanding|what a game
|l|☆bowlzz
|player|p1|
|c|☆quinlanding|mew is a tricky one
