|j|☆zbackbar
|j|☆Sluggggggga
|t:|1769366291
|gametype|singles
|player|p1|zbackbar|hiker-gen4|1440
|player|p2|Sluggggggga|swimmer|1443
|gen|9
|tier|[Gen 9] OU
|rated|
|rule|HP Percentage Mod: HP is shown in percentages
|rule|Endless Battle Clause: Forcing endless battles is banned
|rule|Species Clause: Limit one of each Pokémon
|rule|OHKO Clause: OHKO moves are banned
|rule|Evasion Items Clause: Evasion items are banned
|rule|Evasion Moves Clause: Evasion moves are banned
|rule|Evasion Abilities Clause: Evasion abilities are banned
|rule|Sleep Moves Clause: Sleep-inducing moves are banned
|clearpoke
|poke|p1|Cobalion|
|poke|p1|Samurott-Hisui, M|
|poke|p1|Gholdengo|
|poke|p1|Iron Moth|
|poke|p1|Dragonite, M|
|poke|p1|Meowscarada, F|
|poke|p2|Ninetales-Alola, F|
|poke|p2|Gholdengo|
|poke|p2|Araquanid, M|
|poke|p2|Great Tusk|
|poke|p2|Kyurem|
|poke|p2|Rillaboom, F|
|teampreview
|inactive|Battle timer is ON: inactive players will automatically lose when time's up. (requested by Sluggggggga)
|
|t:|1769366299
|teamsize|p1|6
|teamsize|p2|6
|start
|switch|p1a: Cobalion|Cobalion, shiny|100/100
|switch|p2a: Araquanid|Araquanid, M|100/100
|turn|1
|
|t:|1769366302
|move|p1a: Cobalion|Taunt|p2a: Araquanid
|-start|p2a: Araquanid|move: Taunt
|cant|p2a: Araquanid|move: Taunt|Sticky Web
|
|upkeep
|turn|2
|
|t:|1769366307
|switch|p2a: Great Tusk|Great Tusk|100/100
|move|p1a: Cobalion|Stealth Rock|p2a: Great Tusk
|-sidestart|p2: Sluggggggga|move: Stealth Rock
|
|upkeep
|turn|3
|
|t:|1769366314
|move|p1a: Cobalion|Steel Beam|p2a: Great Tusk
|-damage|p2a: Great Tusk|8/100
|-damage|p1a: Cobalion|50/100|[from] steelbeam
|move|p2a: Great Tusk|Rapid Spin|p1a: Cobalion
|-resisted|p1a: Cobalion
|-damage|p1a: Cobalion|43/100
|-boost|p2a: Great Tusk|spe|1
|-sideend|p2: Sluggggggga|Stealth Rock|[from] move: Rapid Spin|[of] p2a: Great Tusk
|
|upkeep
|turn|4
|
|t:|1769366323
|switch|p1a: Dragonite|Dragonite, M, shiny|100/100
|move|p2a: Great Tusk|Headlong Rush|p1a: Dragonite
|-immune|p1a: Dragonite
|
|upkeep
|turn|5
|
|t:|1769366328
|-end|p2a: Great Tusk|Protosynthesis|[silent]
|switch|p2a: Araquanid|Araquanid, M|100/100
|move|p1a: Dragonite|Extreme Speed|p2a: Araquanid
|-damage|p2a: Araquanid|67/100
|
|upkeep
|turn|6
|
|t:|1769366331
|move|p1a: Dragonite|Dragon Dance|p1a: Dragonite
|-boost|p1a: Dragonite|atk|1
|-boost|p1a: Dragonite|spe|1
|move|p2a: Araquanid|Sticky Web|p1a: Dragonite
|-sidestart|p1: zbackbar|move: Sticky Web
|
|upkeep
|turn|7
|
|t:|1769366334
|move|p1a: Dragonite|Encore|p2a: Araquanid
|-start|p2a: Araquanid|Encore
|move|p2a: Araquanid|Sticky Web||[still]
|-fail|p2a: Araquanid
|
|upkeep
|turn|8
|
|t:|1769366339
|switch|p2a: Gholdengo|Gholdengo|100/100
|move|p1a: Dragonite|Dragon Dance|p1a: Dragonite
|-boost|p1a: Dragonite|atk|1
|-boost|p1a: Dragonite|spe|1
|
|upkeep
|turn|9
|
|t:|1769366345
|switch|p2a: Rillaboom|Rillaboom, F|100/100
|-fieldstart|move: Grassy Terrain|[from] ability: Grassy Surge|[of] p2a: Rillaboom
|move|p1a: Dragonite|Earthquake|p2a: Rillaboom
|-resisted|p2a: Rillaboom
|-damage|p2a: Rillaboom|83/100
|
|-heal|p2a: Rillaboom|89/100|[from] Grassy Terrain
|upkeep
|turn|10
|
|t:|1769366358
|switch|p2a: Gholdengo|Gholdengo|100/100
|move|p1a: Dragonite|Dragon Dance|p1a: Dragonite
|-boost|p1a: Dragonite|atk|1
|-boost|p1a: Dragonite|spe|1
|
|upkeep
|turn|11
|
|t:|1769366368
|-terastallize|p2a: Gholdengo|Ghost
|move|p1a: Dragonite|Earthquake|p2a: Gholdengo
|-damage|p2a: Gholdengo|47/100
|move|p2a: Gholdengo|Trick|p1a: Dragonite
|-activate|p2a: Gholdengo|move: Trick|[of] p1a: Dragonite
|-item|p1a: Dragonite|Choice Scarf|[from] move: Trick
|-item|p2a: Gholdengo|Heavy-Duty Boots|[from] move: Trick
|
|-heal|p2a: Gholdengo|53/100|[from] Grassy Terrain
|upkeep
|turn|12
|
|t:|1769366392
|switch|p2a: Rillaboom|Rillaboom, F|89/100
|move|p1a: Dragonite|Extreme Speed|p2a: Rillaboom
|-damage|p2a: Rillaboom|16/100
|
|-heal|p2a: Rillaboom|22/100|[from] Grassy Terrain
|upkeep
|turn|13
|
|t:|1769366403
|switch|p1a: Cobalion|Cobalion, shiny|43/100
|-activate|p1a: Cobalion|move: Sticky Web
|-unboost|p1a: Cobalion|spe|1
|switch|p2a: Gholdengo|Gholdengo, tera:Ghost|53/100
|
|-heal|p2a: Gholdengo|59/100|[from] Grassy Terrain
|-heal|p1a: Cobalion|49/100|[from] Grassy Terrain
|upkeep
|turn|14
|
|t:|1769366410
|move|p2a: Gholdengo|Shadow Ball|p1a: Cobalion
|-crit|p1a: Cobalion
|-damage|p1a: Cobalion|0 fnt
|faint|p1a: Cobalion
|
|-heal|p2a: Gholdengo|65/100|[from] Grassy Terrain
|upkeep
|
|t:|1769366415
|switch|p1a: Samurott|Samurott-Hisui, M|100/100
|-activate|p1a: Samurott|move: Sticky Web
|-unboost|p1a: Samurott|spe|1
|turn|15
|
|t:|1769366423
|switch|p2a: Ninetales|Ninetales-Alola, F|100/100
|-weather|Snowscape|[from] ability: Snow Warning|[of] p2a: Ninetales
|move|p1a: Samurott|Ceaseless Edge|p2a: Ninetales
|-resisted|p2a: Ninetales
|-damage|p2a: Ninetales|71/100
|-sidestart|p2: Sluggggggga|Spikes
|
|-weather|Snowscape|[upkeep]
|-heal|p2a: Ninetales|77/100|[from] Grassy Terrain
|upkeep
|turn|16
|
|t:|1769366432
|-terastallize|p1a: Samurott|Ghost
|move|p2a: Ninetales|Aurora Veil|p2a: Ninetales
|-sidestart|p2: Sluggggggga|move: Aurora Veil
|move|p1a: Samurott|Swords Dance|p1a: Samurott
|-boost|p1a: Samurott|atk|2
|
|-weather|Snowscape|[upkeep]
|-heal|p2a: Ninetales|83/100|[from] Grassy Terrain
|-fieldend|move: Grassy Terrain
|upkeep
|turn|17
|
|t:|1769366441
|move|p2a: Ninetales|Encore|p1a: Samurott
|-start|p1a: Samurott|Encore
|move|p1a: Samurott|Swords Dance|p1a: Samurott
|-boost|p1a: Samurott|atk|2
|
|-weather|Snowscape|[upkeep]
|upkeep
|turn|18
|
|t:|1769366446
|switch|p1a: Gholdengo|Gholdengo|100/100
|-activate|p1a: Gholdengo|move: Sticky Web
|-unboost|p1a: Gholdengo|spe|1
|move|p2a: Ninetales|Nasty Plot|p2a: Ninetales
|-boost|p2a: Ninetales|spa|2
|
|-weather|Snowscape|[upkeep]
|upkeep
|turn|19
|
|t:|1769366450
|switch|p2a: Rillaboom|Rillaboom, F|22/100
|-damage|p2a: Rillaboom|9/100|[from] Spikes
|-fieldstart|move: Grassy Terrain|[from] ability: Grassy Surge|[of] p2a: Rillaboom
|move|p1a: Gholdengo|Make It Rain|p2a: Rillaboom
|-damage|p2a: Rillaboom|0 fnt
|-unboost|p1a: Gholdengo|spa|1
|faint|p2a: Rillaboom
|
|-weather|none
|upkeep
|
|t:|1769366457
|switch|p2a: Gholdengo|Gholdengo, tera:Ghost|65/100
|turn|20
|
|t:|1769366468
|switch|p1a: Samurott|Samurott-Hisui, M, tera:Ghost|100/100
|-activate|p1a: Samurott|move: Sticky Web
|-unboost|p1a: Samurott|spe|1
|move|p2a: Gholdengo|Shadow Ball|p1a: Samurott
|-supereffective|p1a: Samurott
|-damage|p1a: Samurott|0 fnt
|faint|p1a: Samurott
|
|-heal|p2a: Gholdengo|71/100|[from] Grassy Terrain
|upkeep
|
|t:|1769366485
|switch|p1a: Iron Moth|Iron Moth, shiny|100/100
|-activate|p1a: Iron Moth|move: Sticky Web
|-unboost|p1a: Iron Moth|spe|1
|-enditem|p1a: Iron Moth|Booster Energy
|-activate|p1a: Iron Moth|ability: Quark Drive|[fromitem]
|-start|p1a: Iron Moth|quarkdrivespa
|turn|21
|
|t:|1769366490
|move|p2a: Gholdengo|Shadow Ball|p1a: Iron Moth
|-damage|p1a: Iron Moth|40/100
|move|p1a: Iron Moth|Fiery Dance|p2a: Gholdengo
|-damage|p2a: Gholdengo|41/100
|
|-heal|p2a: Gholdengo|47/100|[from] Grassy Terrain
|-heal|p1a: Iron Moth|46/100|[from] Grassy Terrain
|upkeep
|turn|22
|
|t:|1769366496
|move|p2a: Gholdengo|Shadow Ball|p1a: Iron Moth
|-damage|p1a: Iron Moth|0 fnt
|faint|p1a: Iron Moth
|-end|p1a: Iron Moth|Quark Drive|[silent]
|
|-heal|p2a: Gholdengo|53/100|[from] Grassy Terrain
|upkeep
|
|t:|1769366499
|switch|p1a: Meowscarada|Meowscarada, F|100/100
|-activate|p1a: Meowscarada|move: Sticky Web
|-unboost|p1a: Meowscarada|spe|1
|turn|23
|
|t:|1769366502
|move|p1a: Meowscarada|Knock Off|p2a: Gholdengo
|-start|p1a: Meowscarada|typechange|Dark|[from] ability: Protean
|-supereffective|p2a: Gholdengo
|-damage|p2a: Gholdengo|0 fnt
|-enditem|p2a: Gholdengo|Heavy-Duty Boots|[from] move: Knock Off|[of] p1a: Meowscarada
|faint|p2a: Gholdengo
|
|-sideend|p2: Sluggggggga|move: Aurora Veil
|upkeep
|
|t:|1769366521
|switch|p2a: Ninetales|Ninetales-Alola, F|83/100
|-damage|p2a: Ninetales|71/100|[from] Spikes
|-weather|Snowscape|[from] ability: Snow Warning|[of] p2a: Ninetales
|turn|24
|
|t:|1769366550
|move|p1a: Meowscarada|Knock Off|p2a: Ninetales
|-resisted|p2a: Ninetales
|-damage|p2a: Ninetales|48/100
|-enditem|p2a: Ninetales|Light Clay|[from] move: Knock Off|[of] p1a: Meowscarada
|move|p2a: Ninetales|Aurora Veil|p2a: Ninetales
|-sidestart|p2: Sluggggggga|move: Aurora Veil
|
|-weather|Snowscape|[upkeep]
|-heal|p2a: Ninetales|54/100|[from] Grassy Terrain
|upkeep
|turn|25
|
|t:|1769366554
|switch|p2a: Great Tusk|Great Tusk|8/100
|move|p1a: Meowscarada|Knock Off|p2a: Great Tusk
|-resisted|p2a: Great Tusk
|-damage|p2a: Great Tusk|0 fnt
|-enditem|p2a: Great Tusk|Heavy-Duty Boots|[from] move: Knock Off|[of] p1a: Meowscarada
|faint|p2a: Great Tusk
|-end|p2a: Great Tusk|Protosynthesis|[silent]
|
|-weather|Snowscape|[upkeep]
|upkeep
|
|t:|1769366561
|switch|p2a: Ninetales|Ninetales-Alola, F|54/100
|-damage|p2a: Ninetales|42/100|[from] Spikes
|turn|26
|
|t:|1769366565
|move|p1a: Meowscarada|Knock Off|p2a: Ninetales
|-resisted|p2a: Ninetales
|-crit|p2a: Ninetales
|-damage|p2a: Ninetales|20/100
|move|p2a: Ninetales|Blizzard|p1a: Meowscarada
|-damage|p1a: Meowscarada|40/100
|
|-weather|Snowscape|[upkeep]
|-heal|p1a: Meowscarada|46/100|[from] Grassy Terrain
|-heal|p2a: Ninetales|26/100|[from] Grassy Terrain
|-fieldend|move: Grassy Terrain
|upkeep
|turn|27
|
|t:|1769366568
|move|p1a: Meowscarada|Knock Off|p2a: Ninetales
|-resisted|p2a: Ninetales
|-damage|p2a: Ninetales|18/100
|move|p2a: Ninetales|Blizzard|p1a: Meowscarada
|-damage|p1a: Meowscarada|0 fnt
|faint|p1a: Meowscarada
|
|-weather|Snowscape|[upkeep]
|upkeep
|
|t:|1769366579
|switch|p1a: Gholdengo|Gholdengo|100/100
|-activate|p1a: Gholdengo|move: Sticky Web
|-unboost|p1a: Gholdengo|spe|1
|turn|28
|
|t:|1769366582
|switch|p2a: Araquanid|Araquanid, M|67/100
|-damage|p2a: Araquanid|55/100|[from] Spikes
|move|p1a: Gholdengo|Shadow Ball|p2a: Araquanid
|-damage|p2a: Araquanid|42/100
|
|-weather|none
|-sideend|p2: Sluggggggga|move: Aurora Veil
|upkeep
|turn|29
|
|t:|1769366585
|move|p1a: Gholdengo|Shadow Ball|p2a: Araquanid
|-damage|p2a: Araquanid|18/100
|move|p2a: Araquanid|Liquidation|p1a: Gholdengo
|-damage|p1a: Gholdengo|76/100
|
|upkeep
|turn|30
|-enditem|p2a: Araquanid|Custap Berry|[eat]
|-activate|p2a: Araquanid|item: Custap Berry|[consumed]
|
|t:|1769366588
|move|p2a: Araquanid|Liquidation|p1a: Gholdengo
|-damage|p1a: Gholdengo|50/100
|move|p1a: Gholdengo|Shadow Ball|p2a: Araquanid
|-damage|p2a: Araquanid|0 fnt
|faint|p2a: Araquanid
|
|upkeep
|
|t:|1769366592
|switch|p2a: Kyurem|Kyurem|100/100
|-damage|p2a: Kyurem|88/100|[from] Spikes
|-ability|p2a: Kyurem|Pressure
|turn|31
|
|t:|1769366597
|switch|p1a: Dragonite|Dragonite, M, shiny|100/100
|move|p2a: Kyurem|Protect||[still]
|-fail|p2a: Kyurem
|
|-heal|p2a: Kyurem|94/100|[from] item: Leftovers
|upkeep
|turn|32
|
|t:|1769366600
|move|p2a: Kyurem|Protect|p2a: Kyurem
|-singleturn|p2a: Kyurem|Protect
|move|p1a: Dragonite|Encore|p2a: Kyurem
|-activate|p2a: Kyurem|move: Protect
|
|-heal|p2a: Kyurem|100/100|[from] item: Leftovers
|upkeep
|turn|33
|
|t:|1769366610
|switch|p1a: Gholdengo|Gholdengo|50/100
|-activate|p1a: Gholdengo|move: Sticky Web
|-unboost|p1a: Gholdengo|spe|1
|switch|p2a: Ninetales|Ninetales-Alola, F|18/100
|-damage|p2a: Ninetales|6/100|[from] Spikes
|-weather|Snowscape|[from] ability: Snow Warning|[of] p2a: Ninetales
|
|-weather|Snowscape|[upkeep]
|upkeep
|turn|34
|
|t:|1769366619
|move|p2a: Ninetales|Aurora Veil|p2a: Ninetales
|-sidestart|p2: Sluggggggga|move: Aurora Veil
|move|p1a: Gholdengo|Shadow Ball|p2a: Ninetales
|-damage|p2a: Ninetales|0 fnt
|faint|p2a: Ninetales
|
|-weather|Snowscape|[upkeep]
|upkeep
|
|t:|1769366621
|switch|p2a: Kyurem|Kyurem|100/100
|-damage|p2a: Kyurem|88/100|[from] Spikes
|-ability|p2a: Kyurem|Pressure
|turn|35
|
|t:|1769366628
|switch|p1a: Dragonite|Dragonite, M, shiny|100/100
|move|p2a: Kyurem|Earth Power|p1a: Dragonite
|-immune|p1a: Dragonite
|
|-weather|Snowscape|[upkeep]
|-heal|p2a: Kyurem|94/100|[from] item: Leftovers
|upkeep
|turn|36
|
|t:|1769366633
|move|p1a: Dragonite|Encore|p2a: Kyurem
|-start|p2a: Kyurem|Encore
|move|p2a: Kyurem|Earth Power|p1a: Dragonite
|-immune|p1a: Dragonite
|
|-weather|Snowscape|[upkeep]
|-heal|p2a: Kyurem|100/100|[from] item: Leftovers
|upkeep
|turn|37
|
|t:|1769366642
|move|p1a: Dragonite|Encore||[still]
|-fail|p1a: Dragonite
|move|p2a: Kyurem|Earth Power|p1a: Dragonite
|-immune|p1a: Dragonite
|
|-weather|none
|upkeep
|turn|38
|
|t:|1769366646
|move|p1a: Dragonite|Encore||[still]
|-fail|p1a: Dragonite
|move|p2a: Kyurem|Earth Power|p1a: Dragonite
|-immune|p1a: Dragonite
|
|-end|p2a: Kyurem|Encore
|-sideend|p2: Sluggggggga|move: Aurora Veil
|upkeep
|turn|39
|
|t:|1769366648
|-activate|p1a: Dragonite|move: Struggle
|move|p1a: Dragonite|Struggle|p2a: Kyurem
|-damage|p2a: Kyurem|82/100
|-damage|p1a: Dragonite|75/100|[from] recoil
|move|p2a: Kyurem|Earth Power|p1a: Dragonite
|-immune|p1a: Dragonite
|
|-heal|p2a: Kyurem|88/100|[from] item: Leftovers
|upkeep
|turn|40
|
|t:|1769366655
|move|p2a: Kyurem|Protect|p2a: Kyurem
|-singleturn|p2a: Kyurem|Protect
|-activate|p1a: Dragonite|move: Struggle
|move|p1a: Dragonite|Struggle|p2a: Kyurem
|-activate|p2a: Kyurem|move: Protect
|
|-heal|p2a: Kyurem|94/100|[from] item: Leftovers
|upkeep
|turn|41
|
|t:|1769366662
|-activate|p1a: Dragonite|move: Struggle
|move|p1a: Dragonite|Struggle|p2a: Kyurem
|-damage|p2a: Kyurem|77/100
|-damage|p1a: Dragonite|50/100|[from] recoil
|move|p2a: Kyurem|Freeze-Dry|p1a: Dragonite
|-supereffective|p1a: Dragonite
|-damage|p1a: Dragonite|0 fnt
|faint|p1a: Dragonite
|
|-heal|p2a: Kyurem|83/100|[from] item: Leftovers
|upkeep
|
|t:|1769366669
|switch|p1a: Gholdengo|Gholdengo|50/100
|-activate|p1a: Gholdengo|move: Sticky Web
|-unboost|p1a: Gholdengo|spe|1
|turn|42
|
|t:|1769366674
|move|p1a: Gholdengo|Make It Rain|p2a: Kyurem
|-supereffective|p2a: Kyurem
|-damage|p2a: Kyurem|0 fnt
|-unboost|p1a: Gholdengo|spa|1
|faint|p2a: Kyurem
|
|win|zbackbar
|raw|zbackbar's rating: 1440 &rarr; <strong>1460</strong><br />(+20 for winning)
|raw|Sluggggggga's rating: 1443 &rarr; <strong>1423</strong><br />(-20 for losing)
|l|☆zbackbar
|player|p1|
|c|☆Sluggggggga|all that \
|l|☆Sluggggggga
|player|p2|
