|j|☆andresnharold
|j|☆Wertiop
|t:|1769385157
|gametype|singles
|player|p1|andresnharold|101|1117
|player|p2|Wertiop|wattson|1131
|gen|9
|tier|[Gen 9] OU
|rated|
|rule|HP Percentage Mod: HP is shown in percentages
|rule|Endless Battle Clause: Forcing endless battles is banned
|rule|Species Clause: Limit one of each Pokémon
|rule|OHKO Clause: OHKO moves are banned
|rule|Evasion Items Clause: Evasion items are banned
|rule|Evasion Moves Clause: Evasion moves are banned
|rule|Evasion Abilities Clause: Evasion abilities are banned
|rule|Sleep Moves Clause: Sleep-inducing moves are banned
|clearpoke
|poke|p1|Alomomola, M|
|poke|p1|Clefable, F|
|poke|p1|Clodsire, F|
|poke|p1|Corviknight, M|
|poke|p1|Great Tusk|
|poke|p1|Skeledirge, M|
|poke|p2|Pawniard, M|
|poke|p2|Bisharp, M|
|poke|p2|Kingambit, M|
|poke|p2|Charcadet, M|
|poke|p2|Armarouge, M|
|poke|p2|Ceruledge, M|
|teampreview
|inactive|Battle timer is ON: inactive players will automatically lose when time's up. (requested by Wertiop)
|c|☆andresnharold|huh
|
|t:|1769385183
|teamsize|p1|6
|teamsize|p2|6
|start
|switch|p1a: Skeledirge|Skeledirge, M|100/100
|switch|p2a: Pawniard|Pawniard, M, shiny|100/100
|turn|1
|c|☆andresnharold|cool gimick team
|
|t:|1769385194
|switch|p1a: Corviknight|Corviknight, M|100/100
|move|p2a: Pawniard|Stealth Rock|p1a: Corviknight
|-sidestart|p1: andresnharold|move: Stealth Rock
|
|upkeep
|turn|2
|
|t:|1769385200
|move|p1a: Corviknight|Iron Defense|p1a: Corviknight
|-boost|p1a: Corviknight|def|2
|move|p2a: Pawniard|Thunder Wave|p1a: Corviknight|[miss]
|-miss|p2a: Pawniard|p1a: Corviknight
|
|upkeep
|turn|3
|
|t:|1769385208
|switch|p2a: Armarouge|Armarouge, M, shiny|100/100
|move|p1a: Corviknight|Body Press|p2a: Armarouge
|-resisted|p2a: Armarouge
|-damage|p2a: Armarouge|76/100
|
|upkeep
|turn|4
|
|t:|1769385219
|switch|p1a: Clefable|Clefable, F|100/100
|-damage|p1a: Clefable|88/100|[from] Stealth Rock
|move|p2a: Armarouge|Armor Cannon|p1a: Clefable
|-damage|p1a: Clefable|23/100
|-unboost|p2a: Armarouge|def|1
|-unboost|p2a: Armarouge|spd|1
|
|-heal|p1a: Clefable|29/100|[from] item: Leftovers
|upkeep
|turn|5
|c|☆andresnharold|D:
|
|t:|1769385248
|move|p2a: Armarouge|Armor Cannon|p1a: Clefable
|-damage|p1a: Clefable|0 fnt
|-unboost|p2a: Armarouge|def|1
|-unboost|p2a: Armarouge|spd|1
|faint|p1a: Clefable
|
|upkeep
|
|t:|1769385251
|switch|p1a: Clodsire|Clodsire, F|100/100
|-damage|p1a: Clodsire|94/100|[from] Stealth Rock
|turn|6
|
|t:|1769385263
|switch|p2a: Pawniard|Pawniard, M, shiny|100/100
|-terastallize|p1a: Clodsire|Fire
|move|p1a: Clodsire|Earthquake|p2a: Pawniard
|-supereffective|p2a: Pawniard
|-damage|p2a: Pawniard|22/100
|
|-heal|p1a: Clodsire|100/100|[from] item: Leftovers
|upkeep
|turn|7
|c|☆andresnharold|fuck it we ball
|c|☆andresnharold|fuck it we ball
|
|t:|1769385277
|move|p2a: Pawniard|Thunder Wave|p1a: Clodsire
|-status|p1a: Clodsire|par
|move|p1a: Clodsire|Earthquake|p2a: Pawniard
|-supereffective|p2a: Pawniard
|-damage|p2a: Pawniard|0 fnt
|faint|p2a: Pawniard
|
|upkeep
|c|☆andresnharold|fuck it we ball
|c|☆andresnharold|fuck it we ball
|c|☆andresnharold|fuck it we ball
|c|☆andresnharold|fuck it we ball
|c|☆andresnharold|fuck it we ball
|c|☆andresnharold|fuck it we ball
|c|☆andresnharold|fuck it we ball
|c|☆andresnharold|fuck it we ball
|c|☆andresnharold|fuck it we ball
|c|☆andresnharold|fuck it we ball
|c|☆andresnharold|fuck it we ball
|c|☆andresnharold|fuck it we ball
|c|☆andresnharold|fuck it we ball
|c|☆andresnharold|fuck it we ball
|c|☆andresnharold|fuck it we ball
|c|☆andresnharold|fuck it we ball
|c|☆andresnharold|fuck it we ball
|c|☆andresnharold|fuck it we ball
|inactive|Wertiop has 120 seconds left.
|l|☆Wertiop
|inactive|Wertiop disconnected and has a minute to reconnect!
|player|p2|
|j|☆Wertiop
|inactive|Wertiop reconnected and has 80 seconds left.
|player|p2|Wertiop|wattson|
|c|☆andresnharold|cool
|c|☆andresnharold|i was screwed
|
|t:|1769385356
|switch|p2a: Charcadet|Charcadet, M, shiny|100/100
|turn|8
|
|t:|1769385363
|move|p2a: Charcadet|Night Shade|p1a: Clodsire
|-damage|p1a: Clodsire|79/100 par
|move|p1a: Clodsire|Earthquake|p2a: Charcadet
|-supereffective|p2a: Charcadet
|-enditem|p2a: Charcadet|Focus Sash
|-damage|p2a: Charcadet|1/100
|
|-heal|p1a: Clodsire|85/100 par|[from] item: Leftovers
|upkeep
|turn|9
|
|t:|1769385373
|move|p2a: Charcadet|Destiny Bond|p2a: Charcadet
|-singlemove|p2a: Charcadet|Destiny Bond
|move|p1a: Clodsire|Earthquake|p2a: Charcadet
|-supereffective|p2a: Charcadet
|-damage|p2a: Charcadet|0 fnt
|faint|p2a: Charcadet
|-activate|p2a: Charcadet|move: Destiny Bond
|faint|p1a: Clodsire
|
|upkeep
|c|☆andresnharold|this is fine
|
|t:|1769385387
|switch|p2a: Bisharp|Bisharp, M|100/100
|switch|p1a: Great Tusk|Great Tusk|100/100
|turn|10
|
|t:|1769385397
|-terastallize|p2a: Bisharp|Ghost
|move|p1a: Great Tusk|Headlong Rush|p2a: Bisharp
|-damage|p2a: Bisharp|60/100
|-unboost|p1a: Great Tusk|def|1
|-unboost|p1a: Great Tusk|spd|1
|move|p2a: Bisharp|Swords Dance|p2a: Bisharp
|-boost|p2a: Bisharp|atk|2
|
|upkeep
|turn|11
|c|☆andresnharold|fuck it
|c|☆andresnharold|we ball
|
|t:|1769385412
|move|p1a: Great Tusk|Headlong Rush|p2a: Bisharp
|-damage|p2a: Bisharp|16/100
|-unboost|p1a: Great Tusk|def|1
|-unboost|p1a: Great Tusk|spd|1
|move|p2a: Bisharp|Iron Head|p1a: Great Tusk
|-crit|p1a: Great Tusk
|-damage|p1a: Great Tusk|0 fnt
|faint|p1a: Great Tusk
|-end|p1a: Great Tusk|Protosynthesis|[silent]
|
|upkeep
|c|☆andresnharold|i am rhe baller
|c|☆andresnharold|ouch
|
|t:|1769385422
|switch|p1a: Skeledirge|Skeledirge, M|100/100
|-damage|p1a: Skeledirge|75/100|[from] Stealth Rock
|turn|12
|
|t:|1769385427
|move|p2a: Bisharp|Sucker Punch|p1a: Skeledirge
|-supereffective|p1a: Skeledirge
|-damage|p1a: Skeledirge|27/100
|move|p1a: Skeledirge|Torch Song|p2a: Bisharp
|-damage|p2a: Bisharp|0 fnt
|-boost|p1a: Skeledirge|spa|1
|faint|p2a: Bisharp
|
|-heal|p1a: Skeledirge|33/100|[from] item: Leftovers
|upkeep
|
|t:|1769385439
|switch|p2a: Ceruledge|Ceruledge, M, shiny|100/100
|turn|13
|c|☆andresnharold|this is fine
|
|t:|1769385444
|move|p2a: Ceruledge|Shadow Sneak|p1a: Skeledirge
|-supereffective|p1a: Skeledirge
|-damage|p1a: Skeledirge|0 fnt
|faint|p1a: Skeledirge
|
|upkeep
|
|t:|1769385449
|switch|p1a: Alomomola|Alomomola, M|100/100
|-damage|p1a: Alomomola|88/100|[from] Stealth Rock
|turn|14
|
|t:|1769385456
|switch|p2a: Armarouge|Armarouge, M, shiny|76/100
|move|p1a: Alomomola|Wish|p1a: Alomomola
|
|-heal|p1a: Alomomola|94/100|[from] item: Leftovers
|upkeep
|turn|15
|c|☆andresnharold|i will win
|inactive|Wertiop has 90 seconds left.
|
|t:|1769385472
|move|p1a: Alomomola|Protect|p1a: Alomomola
|-singleturn|p1a: Alomomola|Protect
|move|p2a: Armarouge|Expanding Force|p1a: Alomomola
|-activate|p1a: Alomomola|move: Protect
|
|-heal|p1a: Alomomola|100/100|[from] move: Wish|[wisher] Alomomola
|upkeep
|turn|16
|
|t:|1769385483
|move|p2a: Armarouge|Expanding Force|p1a: Alomomola
|-damage|p1a: Alomomola|19/100
|move|p1a: Alomomola|Wish|p1a: Alomomola
|
|-heal|p1a: Alomomola|26/100|[from] item: Leftovers
|upkeep
|turn|17
|
|t:|1769385490
|move|p1a: Alomomola|Protect|p1a: Alomomola
|-singleturn|p1a: Alomomola|Protect
|move|p2a: Armarouge|Expanding Force|p1a: Alomomola
|-activate|p1a: Alomomola|move: Protect
|
|-heal|p1a: Alomomola|76/100|[from] move: Wish|[wisher] Alomomola
|-heal|p1a: Alomomola|82/100|[from] item: Leftovers
|upkeep
|turn|18
|
|t:|1769385502
|move|p2a: Armarouge|Expanding Force|p1a: Alomomola
|-damage|p1a: Alomomola|0 fnt
|faint|p1a: Alomomola
|
|upkeep
|c|☆andresnharold|ggwp
|-message|andresnharold forfeited.
|
|win|Wertiop
|raw|andresnharold's rating: 1117 &rarr; <strong>1093</strong><br />(-24 for losing)
|raw|Wertiop's rating: 1131 &rarr; <strong>1155</strong><br />(+24 for winning)
|l|☆andresnharold
|player|p1|
|l|☆Wertiop
|player|p2|
