|j|☆ultraman00
|j|☆extrem vitesse
|t:|1769349332
|gametype|singles
|player|p1|ultraman00|2|1249
|player|p2|extrem vitesse|266|1206
|gen|9
|tier|[Gen 9] OU
|rated|
|rule|HP Percentage Mod: HP is shown in percentages
|rule|Endless Battle Clause: Forcing endless battles is banned
|rule|Species Clause: Limit one of each Pokémon
|rule|OHKO Clause: OHKO moves are banned
|rule|Evasion Items Clause: Evasion items are banned
|rule|Evasion Moves Clause: Evasion moves are banned
|rule|Evasion Abilities Clause: Evasion abilities are banned
|rule|Sleep Moves Clause: Sleep-inducing moves are banned
|clearpoke
|poke|p1|Blissey, F|
|poke|p1|Dondozo, M|
|poke|p1|Gliscor, M|
|poke|p1|Toxapex, M|
|poke|p1|Clefable, F|
|poke|p1|Clodsire, F|
|poke|p2|Araquanid, M|
|poke|p2|Cinderace, M|
|poke|p2|Kingambit, M|
|poke|p2|Empoleon, M|
|poke|p2|Toedscruel, F|
|poke|p2|Alomomola, F|
|teampreview
|
|t:|1769349340
|teamsize|p1|6
|teamsize|p2|6
|start
|switch|p1a: Blissey|Blissey, F|100/100
|switch|p2a: Araquanid|Araquanid, M|100/100
|turn|1
|inactive|Battle timer is ON: inactive players will automatically lose when time's up. (requested by ultraman00)
|
|t:|1769349353
|move|p1a: Blissey|Stealth Rock|p2a: Araquanid
|-sidestart|p2: extrem vitesse|move: Stealth Rock
|move|p2a: Araquanid|Sticky Web|p1a: Blissey
|-sidestart|p1: ultraman00|move: Sticky Web
|
|upkeep
|turn|2
|
|t:|1769349359
|switch|p1a: Toxapex|Toxapex, M|100/100
|switch|p2a: Cinderace|Cinderace, M|100/100
|
|upkeep
|turn|3
|
|t:|1769349375
|move|p2a: Cinderace|Will-O-Wisp|p1a: Toxapex
|-status|p1a: Toxapex|brn
|move|p1a: Toxapex|Toxic|p2a: Cinderace
|-status|p2a: Cinderace|tox
|
|-damage|p2a: Cinderace|95/100 tox|[from] psn
|-damage|p1a: Toxapex|95/100 brn|[from] brn
|upkeep
|turn|4
|inactive|extrem vitesse has 120 seconds left.
|
|t:|1769349425
|move|p1a: Toxapex|Baneful Bunker|p1a: Toxapex
|-singleturn|p1a: Toxapex|move: Protect
|move|p2a: Cinderace|Court Change|p2a: Cinderace
|-start|p2a: Cinderace|typechange|Normal|[from] ability: Libero
|-swapsideconditions
|-activate|p2a: Cinderace|move: Court Change
|
|-damage|p2a: Cinderace|83/100 tox|[from] psn
|-damage|p1a: Toxapex|89/100 brn|[from] brn
|upkeep
|turn|5
|inactive|extrem vitesse has 90 seconds left.
|
|t:|1769349441
|switch|p2a: Toedscruel|Toedscruel, F|100/100
|-activate|p2a: Toedscruel|move: Sticky Web
|-unboost|p2a: Toedscruel|spe|1
|move|p1a: Toxapex|Toxic Spikes|p2a: Toedscruel
|-sidestart|p2: extrem vitesse|move: Toxic Spikes
|
|-damage|p1a: Toxapex|83/100 brn|[from] brn
|upkeep
|turn|6
|inactive|extrem vitesse has 90 seconds left.
|
|t:|1769349457
|-terastallize|p2a: Toedscruel|Ground
|move|p2a: Toedscruel|Earth Power|p1a: Toxapex
|-supereffective|p1a: Toxapex
|-damage|p1a: Toxapex|26/100 brn
|move|p1a: Toxapex|Poison Jab|p2a: Toedscruel
|-resisted|p2a: Toedscruel
|-damage|p2a: Toedscruel|96/100
|
|-heal|p2a: Toedscruel|100/100|[from] item: Leftovers
|-damage|p1a: Toxapex|20/100 brn|[from] brn
|upkeep
|turn|7
|inactive|extrem vitesse has 90 seconds left.
|
|t:|1769349475
|switch|p1a: Gliscor|Gliscor, M|100/100
|-damage|p1a: Gliscor|88/100|[from] Stealth Rock
|move|p2a: Toedscruel|Trick Room|p2a: Toedscruel
|-fieldstart|move: Trick Room|[of] p2a: Toedscruel
|
|-status|p1a: Gliscor|tox|[from] item: Toxic Orb
|upkeep
|turn|8
|inactive|extrem vitesse has 90 seconds left.
|l|☆ultraman00
|inactive|ultraman00 disconnected and has a minute to reconnect!
|player|p1|
|inactive|ultraman00 has 30 seconds to reconnect!
|inactive|ultraman00 has 20 seconds to reconnect!
|inactive|ultraman00 has 15 seconds to reconnect!
|inactive|ultraman00 has 10 seconds to reconnect!
|j|☆ultraman00
|inactive|ultraman00 reconnected and has 90 seconds left.
|player|p1|ultraman00|2|
|l|☆ultraman00
|inactive|ultraman00 disconnected and has a minute to reconnect!
|player|p1|
|j|☆ultraman00
|inactive|ultraman00 reconnected and has 65 seconds left.
|player|p1|ultraman00|2|
|inactive|ultraman00 has 60 seconds left.
|
|t:|1769349565
|switch|p2a: Empoleon|Empoleon, M|100/100
|-activate|p2a: Empoleon|move: Sticky Web
|-unboost|p2a: Empoleon|spe|1
|-ability|p2a: Empoleon|Competitive|boost
|-boost|p2a: Empoleon|spa|2
|move|p1a: Gliscor|Knock Off|p2a: Empoleon
|-damage|p2a: Empoleon|79/100
|-enditem|p2a: Empoleon|Life Orb|[from] move: Knock Off|[of] p1a: Gliscor
|
|-heal|p1a: Gliscor|100/100 tox|[from] ability: Poison Heal
|upkeep
|turn|9
|inactive|extrem vitesse has 90 seconds left.
|inactive|ultraman00 has 60 seconds left.
|
|t:|1769349580
|switch|p1a: Toxapex|Toxapex, M|53/100 brn
|move|p2a: Empoleon|Surf|p1a: Toxapex
|-resisted|p1a: Toxapex
|-damage|p1a: Toxapex|18/100 brn
|
|-damage|p1a: Toxapex|12/100 brn|[from] brn
|upkeep
|turn|10
|inactive|ultraman00 has 60 seconds left.
|inactive|extrem vitesse has 90 seconds left.
|
|t:|1769349592
|switch|p1a: Blissey|Blissey, F|100/100
|move|p2a: Empoleon|Vacuum Wave|p1a: Blissey
|-supereffective|p1a: Blissey
|-damage|p1a: Blissey|83/100
|
|upkeep
|turn|11
|inactive|ultraman00 has 60 seconds left.
|inactive|extrem vitesse has 90 seconds left.
|l|☆ultraman00
|inactive|ultraman00 disconnected and has a minute to reconnect!
|player|p1|
|j|☆ultraman00
|inactive|ultraman00 reconnected and has 35 seconds left.
|player|p1|ultraman00|2|
|inactive|ultraman00 has 30 seconds left.
|
|t:|1769349634
|move|p2a: Empoleon|Surf|p1a: Blissey
|-crit|p1a: Blissey
|-damage|p1a: Blissey|44/100
|move|p1a: Blissey|Calm Mind|p1a: Blissey
|-boost|p1a: Blissey|spa|1
|-boost|p1a: Blissey|spd|1
|
|-fieldend|move: Trick Room
|upkeep
|turn|12
|
|t:|1769349642
|switch|p2a: Kingambit|Kingambit, M|100/100
|-activate|p2a: Kingambit|move: Sticky Web
|-unboost|p2a: Kingambit|spe|1
|-ability|p2a: Kingambit|Defiant|boost
|-boost|p2a: Kingambit|atk|2
|move|p1a: Blissey|Soft-Boiled|p1a: Blissey
|-heal|p1a: Blissey|94/100
|
|upkeep
|turn|13
|inactive|extrem vitesse has 90 seconds left.
|
|t:|1769349657
|switch|p1a: Dondozo|Dondozo, M|100/100
|move|p2a: Kingambit|Low Kick|p1a: Dondozo
|-damage|p1a: Dondozo|79/100
|
|upkeep
|turn|14
|
|t:|1769349685
|switch|p2a: Toedscruel|Toedscruel, F, tera:Ground|100/100
|-activate|p2a: Toedscruel|move: Sticky Web
|-unboost|p2a: Toedscruel|spe|1
|-status|p2a: Toedscruel|psn
|move|p1a: Dondozo|Curse|p1a: Dondozo
|-unboost|p1a: Dondozo|spe|1
|-boost|p1a: Dondozo|atk|1
|-boost|p1a: Dondozo|def|1
|
|-damage|p2a: Toedscruel|88/100 psn|[from] psn
|upkeep
|turn|15
|inactive|ultraman00 has 30 seconds left.
|
|t:|1769349714
|switch|p2a: Araquanid|Araquanid, M|100/100
|-activate|p2a: Araquanid|move: Sticky Web
|-unboost|p2a: Araquanid|spe|1
|-status|p2a: Araquanid|psn
|-terastallize|p1a: Dondozo|Fighting
|move|p1a: Dondozo|Waterfall|p2a: Araquanid
|-resisted|p2a: Araquanid
|-damage|p2a: Araquanid|77/100 psn
|
|-damage|p2a: Araquanid|65/100 psn|[from] psn
|upkeep
|turn|16
|inactive|ultraman00 has 30 seconds left.
|inactive|extrem vitesse has 60 seconds left.
|
|t:|1769349744
|move|p2a: Araquanid|Waterfall|p1a: Dondozo
|-damage|p1a: Dondozo|62/100
|move|p1a: Dondozo|Curse|p1a: Dondozo
|-unboost|p1a: Dondozo|spe|1
|-boost|p1a: Dondozo|atk|1
|-boost|p1a: Dondozo|def|1
|
|-damage|p2a: Araquanid|52/100 psn|[from] psn
|upkeep
|turn|17
|
|t:|1769349753
|switch|p2a: Empoleon|Empoleon, M|79/100
|-activate|p2a: Empoleon|move: Sticky Web
|-unboost|p2a: Empoleon|spe|1
|-ability|p2a: Empoleon|Competitive|boost
|-boost|p2a: Empoleon|spa|2
|move|p1a: Dondozo|Waterfall|p2a: Empoleon
|-resisted|p2a: Empoleon
|-damage|p2a: Empoleon|50/100
|
|upkeep
|turn|18
|
|t:|1769349773
|switch|p1a: Blissey|Blissey, F|94/100
|move|p2a: Empoleon|Air Slash|p1a: Blissey
|-damage|p1a: Blissey|79/100
|
|upkeep
|turn|19
|
|t:|1769349786
|switch|p1a: Gliscor|Gliscor, M|100/100 tox
|-damage|p1a: Gliscor|88/100 tox|[from] Stealth Rock
|switch|p2a: Alomomola|Alomomola, F|100/100
|-activate|p2a: Alomomola|move: Sticky Web
|-unboost|p2a: Alomomola|spe|1
|-status|p2a: Alomomola|psn
|
|-heal|p1a: Gliscor|100/100 tox|[from] ability: Poison Heal
|-damage|p2a: Alomomola|88/100 psn|[from] psn
|upkeep
|turn|20
|
|t:|1769349799
|move|p1a: Gliscor|Knock Off|p2a: Alomomola
|-damage|p2a: Alomomola|76/100 psn
|-enditem|p2a: Alomomola|Leftovers|[from] move: Knock Off|[of] p1a: Gliscor
|move|p2a: Alomomola|Wish|p2a: Alomomola
|
|-damage|p2a: Alomomola|64/100 psn|[from] psn
|upkeep
|turn|21
|
|t:|1769349818
|switch|p2a: Empoleon|Empoleon, M|50/100
|-activate|p2a: Empoleon|move: Sticky Web
|-unboost|p2a: Empoleon|spe|1
|-ability|p2a: Empoleon|Competitive|boost
|-boost|p2a: Empoleon|spa|2
|move|p1a: Gliscor|Knock Off|p2a: Empoleon
|-damage|p2a: Empoleon|36/100
|
|-heal|p2a: Empoleon|100/100|[from] move: Wish|[wisher] Alomomola
|upkeep
|turn|22
|
|t:|1769349832
|switch|p1a: Blissey|Blissey, F|79/100
|move|p2a: Empoleon|Surf|p1a: Blissey
|-crit|p1a: Blissey
|-damage|p1a: Blissey|34/100
|
|upkeep
|turn|23
|inactive|ultraman00 has 30 seconds left.
|
|t:|1769349852
|move|p1a: Blissey|Soft-Boiled|p1a: Blissey
|-heal|p1a: Blissey|84/100
|move|p2a: Empoleon|Surf|p1a: Blissey
|-crit|p1a: Blissey
|-damage|p1a: Blissey|39/100
|
|upkeep
|turn|24
|
|t:|1769349863
|move|p1a: Blissey|Soft-Boiled|p1a: Blissey
|-heal|p1a: Blissey|89/100
|move|p2a: Empoleon|Surf|p1a: Blissey
|-damage|p1a: Blissey|62/100
|
|upkeep
|turn|25
|
|t:|1769349869
|move|p1a: Blissey|Stealth Rock|p2a: Empoleon
|-sidestart|p2: extrem vitesse|move: Stealth Rock
|move|p2a: Empoleon|Surf|p1a: Blissey
|-damage|p1a: Blissey|35/100
|
|upkeep
|turn|26
|
|t:|1769349876
|move|p1a: Blissey|Soft-Boiled|p1a: Blissey
|-heal|p1a: Blissey|85/100
|move|p2a: Empoleon|Surf|p1a: Blissey
|-damage|p1a: Blissey|54/100
|
|upkeep
|turn|27
|inactive|extrem vitesse has 60 seconds left.
|
|t:|1769349892
|move|p1a: Blissey|Calm Mind|p1a: Blissey
|-boost|p1a: Blissey|spa|1
|-boost|p1a: Blissey|spd|1
|move|p2a: Empoleon|Surf|p1a: Blissey
|-damage|p1a: Blissey|37/100
|
|upkeep
|turn|28
|
|t:|1769349899
|switch|p2a: Kingambit|Kingambit, M|100/100
|-activate|p2a: Kingambit|move: Sticky Web
|-unboost|p2a: Kingambit|spe|1
|-ability|p2a: Kingambit|Defiant|boost
|-boost|p2a: Kingambit|atk|2
|-damage|p2a: Kingambit|94/100|[from] Stealth Rock
|move|p1a: Blissey|Soft-Boiled|p1a: Blissey
|-heal|p1a: Blissey|87/100
|
|upkeep
|turn|29
|inactive|ultraman00 has 60 seconds left.
|inactive|extrem vitesse has 60 seconds left.
|
|t:|1769349915
|switch|p1a: Dondozo|Dondozo, M, tera:Fighting|62/100
|switch|p2a: Empoleon|Empoleon, M|100/100
|-activate|p2a: Empoleon|move: Sticky Web
|-unboost|p2a: Empoleon|spe|1
|-ability|p2a: Empoleon|Competitive|boost
|-boost|p2a: Empoleon|spa|2
|-damage|p2a: Empoleon|94/100|[from] Stealth Rock
|
|upkeep
|turn|30
|inactive|ultraman00 has 60 seconds left.
|inactive|extrem vitesse has 60 seconds left.
|
|t:|1769349929
|switch|p1a: Blissey|Blissey, F|87/100
|move|p2a: Empoleon|Air Slash|p1a: Blissey
|-damage|p1a: Blissey|71/100
|
|upkeep
|turn|31
|inactive|extrem vitesse has 60 seconds left.
|
|t:|1769349941
|move|p1a: Blissey|Calm Mind|p1a: Blissey
|-boost|p1a: Blissey|spa|1
|-boost|p1a: Blissey|spd|1
|move|p2a: Empoleon|Surf|p1a: Blissey
|-damage|p1a: Blissey|51/100
|
|upkeep
|turn|32
|
|t:|1769349947
|switch|p2a: Kingambit|Kingambit, M|94/100
|-activate|p2a: Kingambit|move: Sticky Web
|-unboost|p2a: Kingambit|spe|1
|-ability|p2a: Kingambit|Defiant|boost
|-boost|p2a: Kingambit|atk|2
|-damage|p2a: Kingambit|88/100|[from] Stealth Rock
|move|p1a: Blissey|Soft-Boiled|p1a: Blissey
|-heal|p1a: Blissey|100/100
|
|upkeep
|turn|33
|inactive|extrem vitesse has 60 seconds left.
|
|t:|1769349962
|switch|p1a: Dondozo|Dondozo, M, tera:Fighting|62/100
|switch|p2a: Empoleon|Empoleon, M|94/100
|-activate|p2a: Empoleon|move: Sticky Web
|-unboost|p2a: Empoleon|spe|1
|-ability|p2a: Empoleon|Competitive|boost
|-boost|p2a: Empoleon|spa|2
|-damage|p2a: Empoleon|88/100|[from] Stealth Rock
|
|upkeep
|turn|34
|inactive|extrem vitesse has 60 seconds left.
|
|t:|1769349975
|switch|p1a: Blissey|Blissey, F|100/100
|move|p2a: Empoleon|Air Slash|p1a: Blissey
|-damage|p1a: Blissey|85/100
|
|upkeep
|turn|35
|
|t:|1769349981
|switch|p2a: Kingambit|Kingambit, M|88/100
|-activate|p2a: Kingambit|move: Sticky Web
|-unboost|p2a: Kingambit|spe|1
|-ability|p2a: Kingambit|Defiant|boost
|-boost|p2a: Kingambit|atk|2
|-damage|p2a: Kingambit|82/100|[from] Stealth Rock
|move|p1a: Blissey|Shadow Ball|p2a: Kingambit
|-resisted|p2a: Kingambit
|-damage|p2a: Kingambit|77/100
|
|upkeep
|turn|36
|inactive|extrem vitesse has 60 seconds left.
|
|t:|1769349996
|switch|p1a: Dondozo|Dondozo, M, tera:Fighting|62/100
|switch|p2a: Empoleon|Empoleon, M|88/100
|-activate|p2a: Empoleon|move: Sticky Web
|-unboost|p2a: Empoleon|spe|1
|-ability|p2a: Empoleon|Competitive|boost
|-boost|p2a: Empoleon|spa|2
|-damage|p2a: Empoleon|82/100|[from] Stealth Rock
|
|upkeep
|turn|37
|
|t:|1769350006
|switch|p1a: Blissey|Blissey, F|85/100
|move|p2a: Empoleon|Surf|p1a: Blissey
|-crit|p1a: Blissey
|-damage|p1a: Blissey|41/100
|
|upkeep
|turn|38
|
|t:|1769350017
|move|p1a: Blissey|Soft-Boiled|p1a: Blissey
|-heal|p1a: Blissey|91/100
|move|p2a: Empoleon|Surf|p1a: Blissey
|-damage|p1a: Blissey|61/100
|
|upkeep
|turn|39
|
|t:|1769350032
|switch|p1a: Dondozo|Dondozo, M, tera:Fighting|62/100
|move|p2a: Empoleon|Surf|p1a: Dondozo
|-damage|p1a: Dondozo|16/100
|
|upkeep
|turn|40
|
|t:|1769350039
|move|p2a: Empoleon|Vacuum Wave|p1a: Dondozo
|-damage|p1a: Dondozo|3/100
|move|p1a: Dondozo|Rest|p1a: Dondozo
|-status|p1a: Dondozo|slp|[from] move: Rest
|-heal|p1a: Dondozo|100/100 slp|[silent]
|
|upkeep
|turn|41
|l|☆ultraman00
|inactive|ultraman00 disconnected and has a minute to reconnect!
|player|p1|
|inactive|ultraman00 has 30 seconds to reconnect!
|inactive|ultraman00 has 20 seconds to reconnect!
|inactive|ultraman00 has 15 seconds to reconnect!
|inactive|ultraman00 has 10 seconds to reconnect!
|inactive|ultraman00 has 5 seconds to reconnect!
|-message|ultraman00 lost due to inactivity.
|
|win|extrem vitesse
|raw|ultraman00's rating: 1249 &rarr; <strong>1221</strong><br />(-28 for losing)
|raw|extrem vitesse's rating: 1206 &rarr; <strong>1234</strong><br />(+28 for winning)
|j|☆ultraman00
|player|p1|ultraman00|2|
|l|☆ultraman00
|player|p1|
