|j|☆AxelTRK
|j|☆SamuelSAnne
|t:|1769360866
|gametype|singles
|player|p1|AxelTRK|1|1111
|player|p2|SamuelSAnne|101|1114
|gen|9
|tier|[Gen 9] OU
|rated|
|rule|HP Percentage Mod: HP is shown in percentages
|rule|Endless Battle Clause: Forcing endless battles is banned
|rule|Species Clause: Limit one of each Pokémon
|rule|OHKO Clause: OHKO moves are banned
|rule|Evasion Items Clause: Evasion items are banned
|rule|Evasion Moves Clause: Evasion moves are banned
|rule|Evasion Abilities Clause: Evasion abilities are banned
|rule|Sleep Moves Clause: Sleep-inducing moves are banned
|clearpoke
|poke|p1|Deoxys-Speed|
|poke|p1|Gholdengo|
|poke|p1|Iron Treads|
|poke|p1|Dragonite, M|
|poke|p1|Iron Moth|
|poke|p1|Samurott-Hisui, M|
|poke|p2|Medicham, F|
|poke|p2|Pecharunt|
|poke|p2|Zoroark-Hisui, M|
|poke|p2|Ninetales-Alola, F|
|poke|p2|Tatsugiri-Stretchy, M|
|poke|p2|Ursaluna, F|
|teampreview
|inactive|Battle timer is ON: inactive players will automatically lose when time's up. (requested by SamuelSAnne)
|inactive|SamuelSAnne has 120 seconds left.
|inactive|SamuelSAnne has 90 seconds left.
|
|t:|1769360931
|teamsize|p1|6
|teamsize|p2|6
|start
|switch|p1a: Deoxys|Deoxys-Speed|100/100
|switch|p2a: Ursaluna|Ursaluna, F|100/100
|-ability|p1a: Deoxys|Pressure
|turn|1
|
|t:|1769360943
|switch|p2a: Pecharunt|Pecharunt|100/100
|move|p1a: Deoxys|Superpower|p2a: Pecharunt
|-immune|p2a: Pecharunt
|
|upkeep
|turn|2
|
|t:|1769360958
|-terastallize|p2a: Pecharunt|Dark
|move|p1a: Deoxys|Knock Off|p2a: Pecharunt
|-resisted|p2a: Pecharunt
|-damage|p2a: Pecharunt|92/100
|-enditem|p2a: Pecharunt|Leftovers|[from] move: Knock Off|[of] p1a: Deoxys
|-damage|p1a: Deoxys|91/100|[from] item: Life Orb
|move|p2a: Pecharunt|Hex|p1a: Deoxys
|-supereffective|p1a: Deoxys
|-damage|p1a: Deoxys|3/100
|
|upkeep
|turn|3
|
|t:|1769360972
|switch|p2a: Medicham|Medicham, F|100/100
|move|p1a: Deoxys|Psycho Boost|p2a: Medicham
|-damage|p2a: Medicham|0 fnt
|-unboost|p1a: Deoxys|spa|2
|replace|p2a: Zoroark|Zoroark-Hisui, M, shiny
|-end|p2a: Zoroark|Illusion
|faint|p2a: Zoroark
|-damage|p1a: Deoxys|0 fnt|[from] item: Life Orb
|faint|p1a: Deoxys
|
|upkeep
|inactive|SamuelSAnne has 120 seconds left.
|
|t:|1769360994
|switch|p1a: Iron Treads|Iron Treads|100/100
|switch|p2a: Ursaluna|Ursaluna, F|100/100
|-enditem|p1a: Iron Treads|Booster Energy
|-activate|p1a: Iron Treads|ability: Quark Drive|[fromitem]
|-start|p1a: Iron Treads|quarkdrivespe
|turn|4
|
|t:|1769361004
|move|p1a: Iron Treads|Stealth Rock|p2a: Ursaluna
|-sidestart|p2: SamuelSAnne|move: Stealth Rock
|move|p2a: Ursaluna|Trailblaze|p1a: Iron Treads
|-damage|p1a: Iron Treads|86/100
|-boost|p2a: Ursaluna|spe|1
|
|-status|p2a: Ursaluna|brn|[from] item: Flame Orb
|upkeep
|turn|5
|
|t:|1769361018
|move|p1a: Iron Treads|Earthquake|p2a: Ursaluna
|-damage|p2a: Ursaluna|68/100 brn
|move|p2a: Ursaluna|Headlong Rush|p1a: Iron Treads
|-supereffective|p1a: Iron Treads
|-damage|p1a: Iron Treads|0 fnt
|-unboost|p2a: Ursaluna|def|1
|-unboost|p2a: Ursaluna|spd|1
|faint|p1a: Iron Treads
|-end|p1a: Iron Treads|Quark Drive|[silent]
|
|-damage|p2a: Ursaluna|62/100 brn|[from] brn
|upkeep
|
|t:|1769361031
|switch|p1a: Samurott|Samurott-Hisui, M|100/100
|turn|6
|
|t:|1769361039
|move|p2a: Ursaluna|Facade|p1a: Samurott
|-enditem|p1a: Samurott|Focus Sash
|-damage|p1a: Samurott|1/100
|move|p1a: Samurott|Razor Shell|p2a: Ursaluna
|-supereffective|p2a: Ursaluna
|-damage|p2a: Ursaluna|0 fnt
|faint|p2a: Ursaluna
|
|upkeep
|
|t:|1769361054
|switch|p2a: Ninetales|Ninetales-Alola, F|100/100
|-damage|p2a: Ninetales|75/100|[from] Stealth Rock
|-weather|Snowscape|[from] ability: Snow Warning|[of] p2a: Ninetales
|turn|7
|
|t:|1769361083
|move|p2a: Ninetales|Aurora Veil|p2a: Ninetales
|-sidestart|p2: SamuelSAnne|move: Aurora Veil
|move|p1a: Samurott|Ceaseless Edge|p2a: Ninetales|[miss]
|-miss|p1a: Samurott|p2a: Ninetales
|
|-weather|Snowscape|[upkeep]
|upkeep
|turn|8
|
|t:|1769361096
|move|p2a: Ninetales|Draining Kiss|p1a: Samurott
|-supereffective|p1a: Samurott
|-damage|p1a: Samurott|0 fnt
|-heal|p2a: Ninetales|76/100|[from] drain|[of] p1a: Samurott
|faint|p1a: Samurott
|
|-weather|Snowscape|[upkeep]
|upkeep
|inactive|AxelTRK has 120 seconds left.
|
|t:|1769361107
|switch|p1a: Iron Moth|Iron Moth|100/100
|-enditem|p1a: Iron Moth|Booster Energy
|-activate|p1a: Iron Moth|ability: Quark Drive|[fromitem]
|-start|p1a: Iron Moth|quarkdrivespe
|turn|9
|
|t:|1769361120
|switch|p2a: Medicham|Medicham, F|100/100
|-damage|p2a: Medicham|95/100|[from] Stealth Rock
|move|p1a: Iron Moth|Fiery Dance|p2a: Medicham
|-damage|p2a: Medicham|57/100
|
|-weather|Snowscape|[upkeep]
|upkeep
|turn|10
|inactive|AxelTRK has 120 seconds left.
|
|t:|1769361146
|-terastallize|p1a: Iron Moth|Ground
|move|p1a: Iron Moth|Sludge Wave|p2a: Medicham
|-damage|p2a: Medicham|15/100
|move|p2a: Medicham|Zen Headbutt|p1a: Iron Moth|[miss]
|-miss|p2a: Medicham|p1a: Iron Moth
|
|-weather|Snowscape|[upkeep]
|upkeep
|turn|11
|
|t:|1769361156
|move|p1a: Iron Moth|Sludge Wave|p2a: Medicham
|-damage|p2a: Medicham|0 fnt
|faint|p2a: Medicham
|
|-weather|none
|upkeep
|
|t:|1769361164
|switch|p2a: Tatsugiri|Tatsugiri-Stretchy, M|100/100
|-damage|p2a: Tatsugiri|88/100|[from] Stealth Rock
|turn|12
|inactive|AxelTRK has 120 seconds left.
|
|t:|1769361180
|move|p1a: Iron Moth|Sludge Wave|p2a: Tatsugiri
|-damage|p2a: Tatsugiri|61/100
|move|p2a: Tatsugiri|Rapid Spin|p1a: Iron Moth
|-damage|p1a: Iron Moth|92/100
|-boost|p2a: Tatsugiri|spe|1
|-sideend|p2: SamuelSAnne|Stealth Rock|[from] move: Rapid Spin|[of] p2a: Tatsugiri
|
|upkeep
|turn|13
|inactive|SamuelSAnne has 120 seconds left.
|
|t:|1769361224
|move|p1a: Iron Moth|Tera Blast|p2a: Tatsugiri|[anim] Tera Blast Ground
|-damage|p2a: Tatsugiri|40/100
|move|p2a: Tatsugiri|Nasty Plot|p2a: Tatsugiri
|-boost|p2a: Tatsugiri|spa|2
|
|upkeep
|turn|14
|
|t:|1769361231
|-end|p1a: Iron Moth|Quark Drive|[silent]
|switch|p1a: Gholdengo|Gholdengo|100/100
|-item|p1a: Gholdengo|Air Balloon
|move|p2a: Tatsugiri|Draco Meteor|p1a: Gholdengo
|-resisted|p1a: Gholdengo
|-damage|p1a: Gholdengo|44/100
|-unboost|p2a: Tatsugiri|spa|2
|-enditem|p1a: Gholdengo|Air Balloon
|
|-sideend|p2: SamuelSAnne|move: Aurora Veil
|upkeep
|turn|15
|inactive|SamuelSAnne has 120 seconds left.
|
|t:|1769361245
|move|p2a: Tatsugiri|Nasty Plot|p2a: Tatsugiri
|-boost|p2a: Tatsugiri|spa|2
|move|p1a: Gholdengo|Make It Rain|p2a: Tatsugiri
|-resisted|p2a: Tatsugiri
|-crit|p2a: Tatsugiri
|-damage|p2a: Tatsugiri|0 fnt
|-unboost|p1a: Gholdengo|spa|1
|faint|p2a: Tatsugiri
|
|upkeep
|
|t:|1769361258
|switch|p2a: Ninetales|Ninetales-Alola, F|76/100
|-weather|Snowscape|[from] ability: Snow Warning|[of] p2a: Ninetales
|turn|16
|
|t:|1769361263
|move|p2a: Ninetales|Aurora Veil|p2a: Ninetales
|-sidestart|p2: SamuelSAnne|move: Aurora Veil
|move|p1a: Gholdengo|Shadow Ball|p2a: Ninetales
|-damage|p2a: Ninetales|64/100
|
|-weather|Snowscape|[upkeep]
|upkeep
|turn|17
|inactive|SamuelSAnne has 120 seconds left.
|
|t:|1769361277
|move|p2a: Ninetales|Encore|p1a: Gholdengo
|-immune|p1a: Gholdengo|[from] ability: Good as Gold
|move|p1a: Gholdengo|Recover|p1a: Gholdengo
|-heal|p1a: Gholdengo|94/100
|
|-weather|Snowscape|[upkeep]
|upkeep
|turn|18
|inactive|SamuelSAnne has 120 seconds left.
|
|t:|1769361286
|switch|p2a: Pecharunt|Pecharunt, tera:Dark|92/100
|move|p1a: Gholdengo|Nasty Plot|p1a: Gholdengo
|-boost|p1a: Gholdengo|spa|2
|
|-weather|Snowscape|[upkeep]
|upkeep
|turn|19
|
|t:|1769361294
|move|p2a: Pecharunt|Nasty Plot|p2a: Pecharunt
|-boost|p2a: Pecharunt|spa|2
|move|p1a: Gholdengo|Make It Rain|p2a: Pecharunt
|-damage|p2a: Pecharunt|53/100
|-unboost|p1a: Gholdengo|spa|1
|
|-weather|Snowscape|[upkeep]
|upkeep
|turn|20
|
|t:|1769361304
|move|p2a: Pecharunt|Hex|p1a: Gholdengo
|-supereffective|p1a: Gholdengo
|-damage|p1a: Gholdengo|0 fnt
|faint|p1a: Gholdengo
|
|-weather|none
|upkeep
|
|t:|1769361323
|switch|p1a: Dragonite|Dragonite, M|100/100
|turn|21
|
|t:|1769361337
|switch|p2a: Ninetales|Ninetales-Alola, F|64/100
|-weather|Snowscape|[from] ability: Snow Warning|[of] p2a: Ninetales
|move|p1a: Dragonite|Earthquake|p2a: Ninetales
|-damage|p2a: Ninetales|50/100
|
|-weather|Snowscape|[upkeep]
|upkeep
|turn|22
|
|t:|1769361349
|move|p2a: Ninetales|Draining Kiss|p1a: Dragonite
|-supereffective|p1a: Dragonite
|-damage|p1a: Dragonite|83/100
|-heal|p2a: Ninetales|64/100|[from] drain|[of] p1a: Dragonite
|move|p1a: Dragonite|Dragon Dance|p1a: Dragonite
|-boost|p1a: Dragonite|atk|1
|-boost|p1a: Dragonite|spe|1
|
|-weather|Snowscape|[upkeep]
|upkeep
|turn|23
|
|t:|1769361359
|move|p1a: Dragonite|Earthquake|p2a: Ninetales
|-damage|p2a: Ninetales|40/100
|move|p2a: Ninetales|Weather Ball|p1a: Dragonite
|-supereffective|p1a: Dragonite
|-damage|p1a: Dragonite|0 fnt
|faint|p1a: Dragonite
|
|-weather|Snowscape|[upkeep]
|-sideend|p2: SamuelSAnne|move: Aurora Veil
|upkeep
|
|t:|1769361364
|switch|p1a: Iron Moth|Iron Moth, tera:Ground|92/100
|turn|24
|
|t:|1769361373
|move|p1a: Iron Moth|Fiery Dance|p2a: Ninetales
|-supereffective|p2a: Ninetales
|-damage|p2a: Ninetales|0 fnt
|faint|p2a: Ninetales
|
|-weather|Snowscape|[upkeep]
|upkeep
|
|t:|1769361380
|switch|p2a: Pecharunt|Pecharunt, tera:Dark|53/100
|turn|25
|
|t:|1769361391
|move|p1a: Iron Moth|Sludge Wave|p2a: Pecharunt
|-damage|p2a: Pecharunt|4/100
|move|p2a: Pecharunt|Recover|p2a: Pecharunt
|-heal|p2a: Pecharunt|54/100
|
|-weather|none
|upkeep
|turn|26
|
|t:|1769361400
|move|p1a: Iron Moth|Sludge Wave|p2a: Pecharunt
|-damage|p2a: Pecharunt|8/100
|move|p2a: Pecharunt|Malignant Chain|p1a: Iron Moth
|-resisted|p1a: Iron Moth
|-damage|p1a: Iron Moth|71/100
|
|upkeep
|turn|27
|-message|SamuelSAnne forfeited.
|
|win|AxelTRK
|raw|AxelTRK's rating: 1087 &rarr; <strong>1116</strong><br />(+29 for winning)
|raw|SamuelSAnne's rating: 1114 &rarr; <strong>1087</strong><br />(-27 for losing)
|l|☆SamuelSAnne
|player|p2|
|l|☆AxelTRK
|player|p1|
