|j|☆Spartior1
|j|☆d00d guy
|t:|1769415135
|gametype|singles
|player|p1|Spartior1|169|1315
|player|p2|d00d guy|emmet|1405
|gen|9
|tier|[Gen 9] OU
|rated|
|rule|HP Percentage Mod: HP is shown in percentages
|rule|Endless Battle Clause: Forcing endless battles is banned
|rule|Species Clause: Limit one of each Pokémon
|rule|OHKO Clause: OHKO moves are banned
|rule|Evasion Items Clause: Evasion items are banned
|rule|Evasion Moves Clause: Evasion moves are banned
|rule|Evasion Abilities Clause: Evasion abilities are banned
|rule|Sleep Moves Clause: Sleep-inducing moves are banned
|clearpoke
|poke|p1|Indeedee, M|
|poke|p1|Hatterene, F|
|poke|p1|Ursaluna, M|
|poke|p1|Iron Hands|
|poke|p1|Hoopa-Unbound|
|poke|p1|Mimikyu, F|
|poke|p2|Tyranitar, M|
|poke|p2|Excadrill, M|
|poke|p2|Iron Valiant|
|poke|p2|Zapdos|
|poke|p2|Ogerpon, F|
|poke|p2|Toxapex, M|
|teampreview
|
|t:|1769415142
|teamsize|p1|6
|teamsize|p2|6
|start
|switch|p1a: Indeedee|Indeedee, M|100/100
|switch|p2a: Tyranitar|Tyranitar, M, shiny|100/100
|-weather|Sandstorm|[from] ability: Sand Stream|[of] p2a: Tyranitar
|-fieldstart|move: Psychic Terrain|[from] ability: Psychic Surge|[of] p1a: Indeedee
|turn|1
|inactive|Battle timer is ON: inactive players will automatically lose when time's up. (requested by Spartior1)
|
|t:|1769415151
|move|p2a: Tyranitar|Knock Off|p1a: Indeedee
|-supereffective|p1a: Indeedee
|-damage|p1a: Indeedee|0 fnt
|-enditem|p1a: Indeedee|Terrain Extender|[from] move: Knock Off|[of] p2a: Tyranitar
|faint|p1a: Indeedee
|
|-weather|Sandstorm|[upkeep]
|upkeep
|
|t:|1769415156
|switch|p1a: Hoopa|Hoopa-Unbound|100/100
|-enditem|p1a: Hoopa|Psychic Seed
|-boost|p1a: Hoopa|spd|1|[from] item: Psychic Seed
|turn|2
|
|t:|1769415163
|switch|p2a: Toxapex|Toxapex, M, shiny|100/100
|move|p1a: Hoopa|Focus Blast|p2a: Toxapex|[miss]
|-miss|p1a: Hoopa|p2a: Toxapex
|
|-weather|Sandstorm|[upkeep]
|-damage|p1a: Hoopa|94/100|[from] Sandstorm
|-damage|p2a: Toxapex|95/100|[from] Sandstorm
|upkeep
|turn|3
|
|t:|1769415170
|move|p1a: Hoopa|Expanding Force|p2a: Toxapex
|-supereffective|p2a: Toxapex
|-damage|p2a: Toxapex|0 fnt
|faint|p2a: Toxapex
|-item|p1a: Hoopa|Eject Button|[from] ability: Magician|[of] p2: Toxapex
|
|-weather|Sandstorm|[upkeep]
|-damage|p1a: Hoopa|88/100|[from] Sandstorm
|upkeep
|
|t:|1769415182
|switch|p2a: Iron Valiant|Iron Valiant, shiny|100/100
|turn|4
|
|t:|1769415188
|move|p2a: Iron Valiant|Moonblast|p1a: Hoopa
|-supereffective|p1a: Hoopa
|-damage|p1a: Hoopa|12/100
|-enditem|p1a: Hoopa|Eject Button
|
|t:|1769415204
|switch|p1a: Hatterene|Hatterene, F|100/100
|
|-weather|Sandstorm|[upkeep]
|-damage|p2a: Iron Valiant|94/100|[from] Sandstorm
|-damage|p1a: Hatterene|95/100|[from] Sandstorm
|upkeep
|turn|5
|
|t:|1769415213
|-end|p2a: Iron Valiant|Quark Drive|[silent]
|switch|p2a: Zapdos|Zapdos, shiny|100/100
|move|p1a: Hatterene|Trick Room|p1a: Hatterene
|-fieldstart|move: Trick Room|[of] p1a: Hatterene
|
|-weather|Sandstorm|[upkeep]
|-damage|p1a: Hatterene|89/100|[from] Sandstorm
|-damage|p2a: Zapdos|94/100|[from] Sandstorm
|upkeep
|turn|6
|
|t:|1769415220
|move|p1a: Hatterene|Expanding Force|p2a: Zapdos
|-crit|p2a: Zapdos
|-damage|p2a: Zapdos|0 fnt
|faint|p2a: Zapdos
|-damage|p1a: Hatterene|79/100|[from] item: Life Orb
|
|-weather|Sandstorm|[upkeep]
|-damage|p1a: Hatterene|73/100|[from] Sandstorm
|upkeep
|
|t:|1769415231
|switch|p2a: Tyranitar|Tyranitar, M, shiny|100/100
|turn|7
|
|t:|1769415236
|move|p1a: Hatterene|Draining Kiss|p2a: Tyranitar
|-supereffective|p2a: Tyranitar
|-damage|p2a: Tyranitar|52/100
|-heal|p1a: Hatterene|100/100|[from] drain|[of] p2a: Tyranitar
|-damage|p1a: Hatterene|91/100|[from] item: Life Orb
|move|p2a: Tyranitar|Knock Off|p1a: Hatterene
|-damage|p1a: Hatterene|29/100
|-enditem|p1a: Hatterene|Life Orb|[from] move: Knock Off|[of] p2a: Tyranitar
|
|-weather|Sandstorm|[upkeep]
|-damage|p1a: Hatterene|23/100|[from] Sandstorm
|upkeep
|turn|8
|
|t:|1769415245
|-terastallize|p1a: Hatterene|Stellar
|move|p1a: Hatterene|Draining Kiss|p2a: Tyranitar
|-supereffective|p2a: Tyranitar
|-damage|p2a: Tyranitar|0 fnt
|-heal|p1a: Hatterene|64/100|[from] drain|[of] p2a: Tyranitar
|faint|p2a: Tyranitar
|
|-weather|none
|-fieldend|move: Psychic Terrain
|upkeep
|
|t:|1769415254
|switch|p2a: Ogerpon|Ogerpon, F|100/100
|turn|9
|
|t:|1769415261
|move|p1a: Hatterene|Mystical Fire|p2a: Ogerpon
|-supereffective|p2a: Ogerpon
|-damage|p2a: Ogerpon|16/100
|-unboost|p2a: Ogerpon|spa|1
|-ability|p2a: Ogerpon|Defiant|boost
|-boost|p2a: Ogerpon|atk|2
|move|p2a: Ogerpon|Ivy Cudgel|p1a: Hatterene
|-damage|p1a: Hatterene|0 fnt
|faint|p1a: Hatterene
|
|-fieldend|move: Trick Room
|upkeep
|
|t:|1769415270
|switch|p1a: Mimikyu|Mimikyu, F|100/100
|turn|10
|
|t:|1769415274
|move|p2a: Ogerpon|Ivy Cudgel|p1a: Mimikyu
|-activate|p1a: Mimikyu|ability: Disguise
|-damage|p1a: Mimikyu|100/100
|detailschange|p1a: Mimikyu|Mimikyu-Busted, F
|-damage|p1a: Mimikyu|88/100|[from] pokemon: Mimikyu-Busted
|-enditem|p1a: Mimikyu|Red Card|[of] p2a: Ogerpon
|drag|p2a: Iron Valiant|Iron Valiant, shiny|94/100
|move|p1a: Mimikyu|Trick Room|p1a: Mimikyu
|-fieldstart|move: Trick Room|[of] p1a: Mimikyu
|
|upkeep
|turn|11
|
|t:|1769415288
|switch|p1a: Hoopa|Hoopa-Unbound|12/100
|move|p2a: Iron Valiant|Shadow Ball|p1a: Hoopa
|-damage|p1a: Hoopa|0 fnt
|faint|p1a: Hoopa
|
|upkeep
|
|t:|1769415294
|switch|p1a: Brian Hands|Iron Hands, shiny|100/100
|-enditem|p1a: Brian Hands|Booster Energy
|-activate|p1a: Brian Hands|ability: Quark Drive|[fromitem]
|-start|p1a: Brian Hands|quarkdriveatk
|turn|12
|
|t:|1769415300
|-end|p2a: Iron Valiant|Quark Drive|[silent]
|switch|p2a: Ogerpon|Ogerpon, F|16/100
|move|p1a: Brian Hands|Heavy Slam|p2a: Ogerpon
|-damage|p2a: Ogerpon|0 fnt
|faint|p2a: Ogerpon
|
|upkeep
|
|t:|1769415316
|switch|p2a: Excadrill|Excadrill, M, shiny|100/100
|turn|13
|
|t:|1769415328
|move|p1a: Brian Hands|Close Combat|p2a: Excadrill
|-supereffective|p2a: Excadrill
|-damage|p2a: Excadrill|0 fnt
|-unboost|p1a: Brian Hands|def|1
|-unboost|p1a: Brian Hands|spd|1
|faint|p2a: Excadrill
|
|upkeep
|
|t:|1769415331
|switch|p2a: Iron Valiant|Iron Valiant, shiny|94/100
|turn|14
|
|t:|1769415345
|-terastallize|p2a: Iron Valiant|Ghost
|move|p1a: Brian Hands|Heavy Slam|p2a: Iron Valiant
|-damage|p2a: Iron Valiant|15/100
|move|p2a: Iron Valiant|Moonblast|p1a: Brian Hands
|-supereffective|p1a: Brian Hands
|-damage|p1a: Brian Hands|0 fnt
|faint|p1a: Brian Hands
|-end|p1a: Brian Hands|Quark Drive|[silent]
|
|-fieldend|move: Trick Room
|upkeep
|
|t:|1769415353
|switch|p1a: Mimikyu|Mimikyu-Busted, F|88/100
|turn|15
|
|t:|1769415361
|move|p2a: Iron Valiant|Moonblast|p1a: Mimikyu
|-damage|p1a: Mimikyu|11/100
|-unboost|p1a: Mimikyu|spa|1
|move|p1a: Mimikyu|Curse|p2a: Iron Valiant
|-start|p2a: Iron Valiant|Curse|[of] p1a: Mimikyu
|-damage|p1a: Mimikyu|0 fnt
|faint|p1a: Mimikyu
|
|-damage|p2a: Iron Valiant|0 fnt|[from] Curse
|faint|p2a: Iron Valiant
|-end|p2a: Iron Valiant|Quark Drive|[silent]
|
|win|Spartior1
|raw|Spartior1's rating: 1315 &rarr; <strong>1340</strong><br />(+25 for winning)
|raw|d00d guy's rating: 1405 &rarr; <strong>1380</strong><br />(-25 for losing)
