|j|☆zonix14
|j|☆ShyBlizz-
|t:|1769317888
|gametype|singles
|player|p1|zonix14|2|1209
|player|p2|ShyBlizz-|depotagent|1227
|gen|9
|tier|[Gen 9] OU
|rated|
|rule|HP Percentage Mod: HP is shown in percentages
|rule|Endless Battle Clause: Forcing endless battles is banned
|rule|Species Clause: Limit one of each Pokémon
|rule|OHKO Clause: OHKO moves are banned
|rule|Evasion Items Clause: Evasion items are banned
|rule|Evasion Moves Clause: Evasion moves are banned
|rule|Evasion Abilities Clause: Evasion abilities are banned
|rule|Sleep Moves Clause: Sleep-inducing moves are banned
|clearpoke
|poke|p1|Empoleon, F|
|poke|p1|Masquerain, M|
|poke|p1|Cinderace, M|
|poke|p1|Carbink|
|poke|p1|Serperior, M|
|poke|p1|Indeedee-F, F|
|poke|p2|Scizor, M|
|poke|p2|Gliscor, M|
|poke|p2|Okidogi, M|
|poke|p2|Iron Treads|
|poke|p2|Rotom-Wash|
|poke|p2|Iron Valiant|
|teampreview
|inactive|Battle timer is ON: inactive players will automatically lose when time's up. (requested by zonix14)
|
|t:|1769317896
|teamsize|p1|6
|teamsize|p2|6
|start
|switch|p1a: Masquerain|Masquerain, M|100/100
|switch|p2a: Okidogi|Okidogi, M|100/100
|-ability|p1a: Masquerain|Intimidate|boost
|-unboost|p2a: Okidogi|atk|1
|turn|1
|
|t:|1769317899
|move|p1a: Masquerain|Sticky Web|p2a: Okidogi
|-sidestart|p2: ShyBlizz-|move: Sticky Web
|move|p2a: Okidogi|Knock Off|p1a: Masquerain
|-damage|p1a: Masquerain|55/100
|-status|p1a: Masquerain|tox|[from] ability: Toxic Chain|[of] p2a: Okidogi
|-enditem|p1a: Masquerain|Focus Sash|[from] move: Knock Off|[of] p2a: Okidogi
|
|-damage|p1a: Masquerain|49/100 tox|[from] psn
|upkeep
|turn|2
|
|t:|1769317913
|switch|p1a: Cinderace|Cinderace, M|100/100
|move|p2a: Okidogi|Gunk Shot|p1a: Cinderace|[miss]
|-miss|p2a: Okidogi|p1a: Cinderace
|
|upkeep
|turn|3
|
|t:|1769317918
|move|p1a: Cinderace|Court Change|p1a: Cinderace
|-swapsideconditions
|-activate|p1a: Cinderace|move: Court Change
|move|p2a: Okidogi|Gunk Shot|p1a: Cinderace
|-damage|p1a: Cinderace|40/100
|
|upkeep
|turn|4
|
|t:|1769317925
|move|p1a: Cinderace|Will-O-Wisp|p2a: Okidogi
|-status|p2a: Okidogi|brn
|move|p2a: Okidogi|Knock Off|p1a: Cinderace
|-damage|p1a: Cinderace|21/100
|-enditem|p1a: Cinderace|Focus Sash|[from] move: Knock Off|[of] p2a: Okidogi
|
|-damage|p2a: Okidogi|94/100 brn|[from] brn
|upkeep
|turn|5
|
|t:|1769317930
|move|p1a: Cinderace|Pyro Ball|p2a: Okidogi
|-damage|p2a: Okidogi|16/100 brn
|move|p2a: Okidogi|Gunk Shot|p1a: Cinderace
|-damage|p1a: Cinderace|0 fnt
|faint|p1a: Cinderace
|
|-damage|p2a: Okidogi|10/100 brn|[from] brn
|upkeep
|
|t:|1769317933
|switch|p1a: Carbink|Carbink|100/100
|turn|6
|
|t:|1769317941
|switch|p2a: Gliscor|Gliscor, M|100/100
|move|p1a: Carbink|Stealth Rock|p2a: Gliscor
|-sidestart|p2: ShyBlizz-|move: Stealth Rock
|
|-status|p2a: Gliscor|tox|[from] item: Toxic Orb
|upkeep
|turn|7
|
|t:|1769317946
|move|p2a: Gliscor|Spikes|p1a: Carbink
|-sidestart|p1: zonix14|Spikes
|move|p1a: Carbink|Trick Room|p1a: Carbink
|-fieldstart|move: Trick Room|[of] p1a: Carbink
|
|upkeep
|turn|8
|
|t:|1769317962
|move|p1a: Carbink|Misty Explosion|p2a: Gliscor
|-damage|p2a: Gliscor|76/100 tox
|faint|p1a: Carbink
|move|p2a: Gliscor|Knock Off|p1: Carbink|[notarget]
|-fail|p2a: Gliscor
|
|-heal|p2a: Gliscor|89/100 tox|[from] ability: Poison Heal
|upkeep
|
|t:|1769317964
|switch|p1a: Serperior|Serperior, M|100/100
|-activate|p1a: Serperior|move: Sticky Web
|-boost|p1a: Serperior|spe|1
|-damage|p1a: Serperior|88/100|[from] Spikes
|turn|9
|
|t:|1769317973
|switch|p1a: Masquerain|Masquerain, M|49/100 tox
|-ability|p1a: Masquerain|Intimidate|boost
|-unboost|p2a: Gliscor|atk|1
|move|p2a: Gliscor|Knock Off|p1a: Masquerain
|-damage|p1a: Masquerain|31/100 tox
|
|-damage|p1a: Masquerain|25/100 tox|[from] psn
|-heal|p2a: Gliscor|100/100 tox|[from] ability: Poison Heal
|upkeep
|turn|10
|
|t:|1769317980
|move|p1a: Masquerain|Ice Beam|p2a: Gliscor
|-supereffective|p2a: Gliscor
|-damage|p2a: Gliscor|0 fnt
|faint|p2a: Gliscor
|
|-damage|p1a: Masquerain|13/100 tox|[from] psn
|upkeep
|
|t:|1769317984
|switch|p2a: Iron Treads|Iron Treads|100/100
|-damage|p2a: Iron Treads|98/100|[from] Stealth Rock
|-enditem|p2a: Iron Treads|Booster Energy
|-activate|p2a: Iron Treads|ability: Quark Drive|[fromitem]
|-start|p2a: Iron Treads|quarkdrivespe
|turn|11
|
|t:|1769317993
|move|p1a: Masquerain|Surf|p2a: Iron Treads
|-supereffective|p2a: Iron Treads
|-damage|p2a: Iron Treads|38/100
|move|p2a: Iron Treads|Rapid Spin|p1a: Masquerain
|-damage|p1a: Masquerain|0 fnt
|-boost|p2a: Iron Treads|spe|1
|-sideend|p2: ShyBlizz-|Stealth Rock|[from] move: Rapid Spin|[of] p2a: Iron Treads
|faint|p1a: Masquerain
|
|-fieldend|move: Trick Room
|upkeep
|
|t:|1769317999
|switch|p1a: Indeedee|Indeedee-F, F|100/100
|-activate|p1a: Indeedee|move: Sticky Web
|-unboost|p1a: Indeedee|spe|1
|-damage|p1a: Indeedee|88/100|[from] Spikes
|-fieldstart|move: Psychic Terrain|[from] ability: Psychic Surge|[of] p1a: Indeedee
|turn|12
|
|t:|1769318004
|move|p2a: Iron Treads|Stealth Rock|p1a: Indeedee
|-sidestart|p1: zonix14|move: Stealth Rock
|move|p1a: Indeedee|Trick Room|p1a: Indeedee
|-fieldstart|move: Trick Room|[of] p1a: Indeedee
|
|upkeep
|turn|13
|
|t:|1769318009
|move|p1a: Indeedee|Healing Wish|p1a: Indeedee
|faint|p1a: Indeedee
|move|p2a: Iron Treads|Earthquake|p1: Indeedee|[notarget]
|-fail|p2a: Iron Treads
|
|upkeep
|
|t:|1769318011
|switch|p1a: Empoleon|Empoleon, F|100/100
|-activate|p1a: Empoleon|move: Sticky Web
|-unboost|p1a: Empoleon|spe|1
|-ability|p1a: Empoleon|Competitive|boost
|-boost|p1a: Empoleon|spa|2
|-damage|p1a: Empoleon|88/100|[from] Spikes
|-damage|p1a: Empoleon|82/100|[from] Stealth Rock
|turn|14
|
|t:|1769318026
|-end|p2a: Iron Treads|Quark Drive|[silent]
|switch|p2a: Okidogi|Okidogi, M|10/100 brn
|move|p1a: Empoleon|Surf|p2a: Okidogi
|-crit|p2a: Okidogi
|-damage|p2a: Okidogi|0 fnt
|faint|p2a: Okidogi
|
|upkeep
|
|t:|1769318033
|switch|p2a: Rotom|Rotom-Wash|100/100
|turn|15
|
|t:|1769318040
|-terastallize|p1a: Empoleon|Electric
|move|p1a: Empoleon|Surf|p2a: Rotom
|-resisted|p2a: Rotom
|-damage|p2a: Rotom|26/100
|move|p2a: Rotom|Volt Switch|p1a: Empoleon
|-resisted|p1a: Empoleon
|-damage|p1a: Empoleon|68/100
|
|t:|1769318058
|switch|p2a: Iron Treads|Iron Treads|38/100|[from] Volt Switch
|
|upkeep
|turn|16
|
|t:|1769318063
|-end|p2a: Iron Treads|Quark Drive|[silent]
|switch|p2a: Rotom|Rotom-Wash|26/100
|move|p1a: Empoleon|Surf|p2a: Rotom
|-resisted|p2a: Rotom
|-damage|p2a: Rotom|0 fnt
|faint|p2a: Rotom
|
|-fieldend|move: Trick Room
|-fieldend|move: Psychic Terrain
|upkeep
|
|t:|1769318068
|switch|p2a: Iron Treads|Iron Treads|38/100
|turn|17
|
|t:|1769318070
|switch|p1a: Serperior|Serperior, M|88/100
|-heal|p1a: Serperior|100/100|[from] move: Healing Wish
|-activate|p1a: Serperior|move: Sticky Web
|-boost|p1a: Serperior|spe|1
|-damage|p1a: Serperior|88/100|[from] Spikes
|-damage|p1a: Serperior|76/100|[from] Stealth Rock
|move|p2a: Iron Treads|Earthquake|p1a: Serperior
|-resisted|p1a: Serperior
|-damage|p1a: Serperior|53/100
|
|upkeep
|turn|18
|
|t:|1769318079
|move|p1a: Serperior|Leaf Storm|p2a: Iron Treads
|-damage|p2a: Iron Treads|0 fnt
|-boost|p1a: Serperior|spa|2
|faint|p2a: Iron Treads
|-end|p2a: Iron Treads|Quark Drive|[silent]
|
|upkeep
|
|t:|1769318082
|switch|p2a: Scizor|Scizor, M|100/100
|turn|19
|
|t:|1769318087
|switch|p1a: Empoleon|Empoleon, F, tera:Electric|68/100
|-activate|p1a: Empoleon|move: Sticky Web
|-unboost|p1a: Empoleon|spe|1
|-ability|p1a: Empoleon|Competitive|boost
|-boost|p1a: Empoleon|spa|2
|-damage|p1a: Empoleon|56/100|[from] Spikes
|-damage|p1a: Empoleon|44/100|[from] Stealth Rock
|-terastallize|p2a: Scizor|Steel
|move|p2a: Scizor|Bullet Punch|p1a: Empoleon
|-resisted|p1a: Empoleon
|-damage|p1a: Empoleon|8/100
|
|upkeep
|turn|20
|-message|zonix14 forfeited.
|
|win|ShyBlizz-
|raw|zonix14's rating: 1209 &rarr; <strong>1185</strong><br />(-24 for losing)
|raw|ShyBlizz-'s rating: 1227 &rarr; <strong>1251</strong><br />(+24 for winning)
|l|☆zonix14
|player|p1|
|l|☆ShyBlizz-
|player|p2|
