|j|☆John McClane
|j|☆ghost9922
|t:|1769367313
|gametype|singles
|player|p1|John McClane|caitlin|1151
|player|p2|ghost9922|1|1186
|gen|9
|tier|[Gen 9] OU
|rated|
|rule|HP Percentage Mod: HP is shown in percentages
|rule|Endless Battle Clause: Forcing endless battles is banned
|rule|Species Clause: Limit one of each Pokémon
|rule|OHKO Clause: OHKO moves are banned
|rule|Evasion Items Clause: Evasion items are banned
|rule|Evasion Moves Clause: Evasion moves are banned
|rule|Evasion Abilities Clause: Evasion abilities are banned
|rule|Sleep Moves Clause: Sleep-inducing moves are banned
|clearpoke
|poke|p1|Dragapult, F|
|poke|p1|Cloyster, M|
|poke|p1|Malamar, M|
|poke|p1|Clefable, F|
|poke|p1|Incineroar, M|
|poke|p1|Wo-Chien|
|poke|p2|Great Tusk|
|poke|p2|Kingambit, F|
|poke|p2|Heatran, F|
|poke|p2|Pelipper, M|
|poke|p2|Barraskewda, F|
|poke|p2|Zapdos|
|teampreview
|inactive|Battle timer is ON: inactive players will automatically lose when time's up. (requested by John McClane)
|
|t:|1769367316
|teamsize|p1|6
|teamsize|p2|6
|start
|switch|p1a: Malamar|Malamar, M, shiny|100/100
|switch|p2a: Pelipper|Pelipper, M|100/100
|-weather|RainDance|[from] ability: Drizzle|[of] p2a: Pelipper
|turn|1
|
|t:|1769367324
|move|p1a: Malamar|Knock Off|p2a: Pelipper
|-damage|p2a: Pelipper|49/100
|-enditem|p2a: Pelipper|Damp Rock|[from] move: Knock Off|[of] p1a: Malamar
|move|p2a: Pelipper|U-turn|p1a: Malamar
|-supereffective|p1a: Malamar
|-damage|p1a: Malamar|69/100
|
|t:|1769367334
|switch|p2a: Barraskewda|Barraskewda, F|100/100|[from] U-turn
|
|-weather|RainDance|[upkeep]
|upkeep
|turn|2
|
|t:|1769367341
|move|p2a: Barraskewda|Waterfall|p1a: Malamar
|-damage|p1a: Malamar|0 fnt
|faint|p1a: Malamar
|-damage|p2a: Barraskewda|91/100|[from] item: Life Orb
|
|-weather|RainDance|[upkeep]
|upkeep
|
|t:|1769367349
|switch|p1a: Wo-Chien|Wo-Chien|100/100
|-ability|p1a: Wo-Chien|Tablets of Ruin
|turn|3
|
|t:|1769367361
|move|p2a: Barraskewda|Close Combat|p1a: Wo-Chien
|-supereffective|p1a: Wo-Chien
|-damage|p1a: Wo-Chien|21/100
|-unboost|p2a: Barraskewda|def|1
|-unboost|p2a: Barraskewda|spd|1
|-damage|p2a: Barraskewda|81/100|[from] item: Life Orb
|move|p1a: Wo-Chien|Stun Spore|p2a: Barraskewda
|-status|p2a: Barraskewda|par
|
|-weather|RainDance|[upkeep]
|-heal|p1a: Wo-Chien|28/100|[from] item: Leftovers
|upkeep
|turn|4
|
|t:|1769367371
|cant|p2a: Barraskewda|par
|move|p1a: Wo-Chien|Giga Drain|p2a: Barraskewda
|-supereffective|p2a: Barraskewda
|-damage|p2a: Barraskewda|0 fnt
|-heal|p1a: Wo-Chien|57/100|[from] drain|[of] p2a: Barraskewda
|faint|p2a: Barraskewda
|
|-weather|RainDance|[upkeep]
|-heal|p1a: Wo-Chien|63/100|[from] item: Leftovers
|upkeep
|
|t:|1769367383
|switch|p2a: Pelipper|Pelipper, M|49/100
|turn|5
|
|t:|1769367388
|move|p2a: Pelipper|Hurricane|p1a: Wo-Chien
|-supereffective|p1a: Wo-Chien
|-damage|p1a: Wo-Chien|14/100
|move|p1a: Wo-Chien|Stun Spore|p2a: Pelipper
|-status|p2a: Pelipper|par
|
|-weather|RainDance|[upkeep]
|-heal|p1a: Wo-Chien|20/100|[from] item: Leftovers
|upkeep
|turn|6
|
|t:|1769367397
|move|p1a: Wo-Chien|Dark Pulse|p2a: Pelipper
|-damage|p2a: Pelipper|1/100 par
|cant|p2a: Pelipper|par
|
|-weather|RainDance|[upkeep]
|-heal|p1a: Wo-Chien|26/100|[from] item: Leftovers
|upkeep
|turn|7
|
|t:|1769367403
|move|p1a: Wo-Chien|Giga Drain|p2a: Pelipper
|-damage|p2a: Pelipper|0 fnt
|-heal|p1a: Wo-Chien|27/100|[from] drain|[of] p2a: Pelipper
|faint|p2a: Pelipper
|
|-weather|RainDance|[upkeep]
|-heal|p1a: Wo-Chien|33/100|[from] item: Leftovers
|upkeep
|
|t:|1769367415
|switch|p2a: Great Tusk|Great Tusk|100/100
|-enditem|p2a: Great Tusk|Booster Energy
|-activate|p2a: Great Tusk|ability: Protosynthesis|[fromitem]
|-start|p2a: Great Tusk|protosynthesisatk
|turn|8
|
|t:|1769367428
|move|p2a: Great Tusk|Close Combat|p1a: Wo-Chien
|-supereffective|p1a: Wo-Chien
|-damage|p1a: Wo-Chien|0 fnt
|-unboost|p2a: Great Tusk|def|1
|-unboost|p2a: Great Tusk|spd|1
|faint|p1a: Wo-Chien
|
|-weather|none
|upkeep
|
|t:|1769367432
|switch|p1a: Clefable|Clefable, F, shiny|100/100
|turn|9
|
|t:|1769367439
|-terastallize|p2a: Great Tusk|Steel
|move|p2a: Great Tusk|Iron Head|p1a: Clefable
|-supereffective|p1a: Clefable
|-damage|p1a: Clefable|0 fnt
|faint|p1a: Clefable
|
|upkeep
|
|t:|1769367444
|switch|p1a: Incineroar|Incineroar, M, shiny|100/100
|-ability|p1a: Incineroar|Intimidate|boost
|-unboost|p2a: Great Tusk|atk|1
|turn|10
|
|t:|1769367461
|move|p2a: Great Tusk|Headlong Rush|p1a: Incineroar
|-supereffective|p1a: Incineroar
|-damage|p1a: Incineroar|0 fnt
|-unboost|p2a: Great Tusk|def|1
|-unboost|p2a: Great Tusk|spd|1
|faint|p1a: Incineroar
|
|upkeep
|
|t:|1769367469
|switch|p1a: Cloyster|Cloyster, M, shiny|100/100
|turn|11
|
|t:|1769367481
|move|p2a: Great Tusk|Iron Head|p1a: Cloyster
|-crit|p1a: Cloyster
|-damage|p1a: Cloyster|25/100
|cant|p1a: Cloyster|flinch
|
|upkeep
|turn|12
|
|t:|1769367490
|move|p1a: Cloyster|Ice Shard|p2a: Great Tusk
|-resisted|p2a: Great Tusk
|-damage|p2a: Great Tusk|89/100
|move|p2a: Great Tusk|Iron Head|p1a: Cloyster
|-damage|p1a: Cloyster|0 fnt
|faint|p1a: Cloyster
|
|upkeep
|
|t:|1769367493
|switch|p1a: Dragapult|Dragapult, F, shiny|100/100
|turn|13
|c|☆John McClane|-__-
|
|t:|1769367504
|move|p1a: Dragapult|Dragon Darts|p2a: Great Tusk
|-resisted|p2a: Great Tusk
|-damage|p2a: Great Tusk|71/100
|-anim|p1a: Dragapult|Dragon Darts|p2a: Great Tusk
|-resisted|p2a: Great Tusk
|-damage|p2a: Great Tusk|53/100
|move|p2a: Great Tusk|Iron Head|p1a: Dragapult
|-damage|p1a: Dragapult|48/100
|
|upkeep
|turn|14
|inactive|John McClane has 120 seconds left.
|inactive|John McClane has 90 seconds left.
|
|t:|1769367571
|-terastallize|p1a: Dragapult|Ghost
|move|p1a: Dragapult|Phantom Force||[still]
|-prepare|p1a: Dragapult|Phantom Force
|move|p2a: Great Tusk|Iron Head|p1a: Dragapult|[miss]
|-miss|p2a: Great Tusk|p1a: Dragapult
|
|upkeep
|turn|15
|inactive|John McClane has 90 seconds left.
|
|t:|1769367581
|-end|p2a: Great Tusk|Protosynthesis|[silent]
|switch|p2a: Zapdos|Zapdos|100/100
|move|p1a: Dragapult|Phantom Force|p2a: Zapdos|[from] lockedmove
|-damage|p2a: Zapdos|62/100
|
|-heal|p2a: Zapdos|68/100|[from] item: Leftovers
|upkeep
|turn|16
|inactive|John McClane has 90 seconds left.
|
|t:|1769367607
|move|p1a: Dragapult|Dragon Darts|p2a: Zapdos
|-damage|p2a: Zapdos|49/100
|-anim|p1a: Dragapult|Dragon Darts|p2a: Zapdos
|-damage|p2a: Zapdos|30/100
|move|p2a: Zapdos|Discharge|p1a: Dragapult
|-damage|p1a: Dragapult|18/100
|
|-heal|p2a: Zapdos|36/100|[from] item: Leftovers
|upkeep
|turn|17
|
|t:|1769367619
|move|p1a: Dragapult|Dragon Darts|p2a: Zapdos
|-damage|p2a: Zapdos|19/100
|-anim|p1a: Dragapult|Dragon Darts|p2a: Zapdos
|-damage|p2a: Zapdos|0 fnt
|faint|p2a: Zapdos
|
|upkeep
|
|t:|1769367627
|switch|p2a: Kingambit|Kingambit, F|100/100
|turn|18
|-message|John McClane forfeited.
|
|win|ghost9922
|raw|John McClane's rating: 1151 &rarr; <strong>1129</strong><br />(-22 for losing)
|raw|ghost9922's rating: 1186 &rarr; <strong>1208</strong><br />(+22 for winning)
|l|☆John McClane
|player|p1|
