|j|☆opthebestkkj
|j|☆jibreel69
|t:|1769429908
|gametype|singles
|player|p1|opthebestkkj|schoolkidf|1503
|player|p2|jibreel69|depotagent|1529
|gen|9
|tier|[Gen 9] OU
|rated|
|rule|HP Percentage Mod: HP is shown in percentages
|rule|Endless Battle Clause: Forcing endless battles is banned
|rule|Species Clause: Limit one of each Pokémon
|rule|OHKO Clause: OHKO moves are banned
|rule|Evasion Items Clause: Evasion items are banned
|rule|Evasion Moves Clause: Evasion moves are banned
|rule|Evasion Abilities Clause: Evasion abilities are banned
|rule|Sleep Moves Clause: Sleep-inducing moves are banned
|clearpoke
|poke|p1|Suicune|
|poke|p1|Great Tusk|
|poke|p1|Heatran, M|
|poke|p1|Rillaboom, M|
|poke|p1|Kyurem|
|poke|p1|Gholdengo|
|poke|p2|Ogerpon-Wellspring, F|
|poke|p2|Kyurem|
|poke|p2|Zapdos|
|poke|p2|Great Tusk|
|poke|p2|Kingambit, M|
|poke|p2|Slowking-Galar, M|
|teampreview
|inactive|Battle timer is ON: inactive players will automatically lose when time's up. (requested by opthebestkkj)
|
|t:|1769429934
|teamsize|p1|6
|teamsize|p2|6
|start
|switch|p1a: Rillaboom|Rillaboom, M|100/100
|switch|p2a: Zapdos|Zapdos|100/100
|-fieldstart|move: Grassy Terrain|[from] ability: Grassy Surge|[of] p1a: Rillaboom
|turn|1
|
|t:|1769429950
|switch|p1a: Heatran-Hisui|Heatran, M, shiny|100/100
|move|p2a: Zapdos|U-turn|p1a: Heatran-Hisui
|-resisted|p1a: Heatran-Hisui
|-damage|p1a: Heatran-Hisui|97/100
|
|t:|1769429967
|switch|p2a: Kyurem|Kyurem|100/100|[from] U-turn
|-ability|p2a: Kyurem|Pressure
|
|-heal|p1a: Heatran-Hisui|100/100|[from] Grassy Terrain
|upkeep
|turn|2
|
|t:|1769429989
|move|p1a: Heatran-Hisui|Protect|p1a: Heatran-Hisui
|-singleturn|p1a: Heatran-Hisui|Protect
|move|p2a: Kyurem|Earth Power|p1a: Heatran-Hisui
|-activate|p1a: Heatran-Hisui|move: Protect
|
|upkeep
|turn|3
|
|t:|1769430000
|switch|p1a: Rillaboom|Rillaboom, M|100/100
|move|p2a: Kyurem|Earth Power|p1a: Rillaboom
|-resisted|p1a: Rillaboom
|-damage|p1a: Rillaboom|68/100
|
|-heal|p1a: Rillaboom|74/100|[from] Grassy Terrain
|upkeep
|turn|4
|
|t:|1769430014
|switch|p2a: Zapdos|Zapdos|100/100
|switch|p1a: Gholdengo|Gholdengo|100/100
|
|upkeep
|turn|5
|
|t:|1769430023
|move|p1a: Gholdengo|Make It Rain|p2a: Zapdos
|-resisted|p2a: Zapdos
|-damage|p2a: Zapdos|71/100
|-unboost|p1a: Gholdengo|spa|1
|move|p2a: Zapdos|Discharge|p1a: Gholdengo
|-damage|p1a: Gholdengo|63/100
|
|-heal|p1a: Gholdengo|69/100|[from] Grassy Terrain
|-fieldend|move: Grassy Terrain
|upkeep
|turn|6
|
|t:|1769430051
|switch|p1a: Heatran-Hisui|Heatran, M, shiny|100/100
|move|p2a: Zapdos|Discharge|p1a: Heatran-Hisui
|-damage|p1a: Heatran-Hisui|78/100
|
|-heal|p1a: Heatran-Hisui|85/100|[from] item: Leftovers
|upkeep
|turn|7
|
|t:|1769430063
|switch|p2a: Slowking|Slowking-Galar, M|100/100
|switch|p1a: Great Tusk|Great Tusk|100/100
|
|upkeep
|turn|8
|
|t:|1769430072
|switch|p2a: Zapdos|Zapdos|71/100
|move|p1a: Great Tusk|Stealth Rock|p2a: Zapdos
|-sidestart|p2: jibreel69|move: Stealth Rock
|
|upkeep
|turn|9
|
|t:|1769430084
|-end|p1a: Great Tusk|Protosynthesis|[silent]
|switch|p1a: Heatran-Hisui|Heatran, M, shiny|85/100
|move|p2a: Zapdos|U-turn|p1a: Heatran-Hisui
|-resisted|p1a: Heatran-Hisui
|-damage|p1a: Heatran-Hisui|81/100
|
|t:|1769430089
|switch|p2a: Ogerpon|Ogerpon-Wellspring, F|100/100|[from] U-turn
|-damage|p2a: Ogerpon|88/100|[from] Stealth Rock
|
|-heal|p1a: Heatran-Hisui|88/100|[from] item: Leftovers
|upkeep
|turn|10
|
|t:|1769430099
|move|p1a: Heatran-Hisui|Protect|p1a: Heatran-Hisui
|-singleturn|p1a: Heatran-Hisui|Protect
|move|p2a: Ogerpon|Swords Dance|p2a: Ogerpon
|-boost|p2a: Ogerpon|atk|2
|
|-heal|p1a: Heatran-Hisui|94/100|[from] item: Leftovers
|upkeep
|turn|11
|inactive|opthebestkkj has 120 seconds left.
|inactive|opthebestkkj has 90 seconds left.
|
|t:|1769430172
|-terastallize|p1a: Heatran-Hisui|Fairy
|move|p2a: Ogerpon|Ivy Cudgel|p1a: Heatran-Hisui|[anim] Ivy Cudgel Water
|-damage|p1a: Heatran-Hisui|3/100
|move|p1a: Heatran-Hisui|Magma Storm|p2a: Ogerpon
|-damage|p2a: Ogerpon|35/100
|-activate|p2a: Ogerpon|move: Magma Storm|[of] p1a: Heatran-Hisui
|
|-heal|p1a: Heatran-Hisui|9/100|[from] item: Leftovers
|-damage|p2a: Ogerpon|23/100|[from] move: Magma Storm|[partiallytrapped]
|upkeep
|turn|12
|
|t:|1769430193
|switch|p1a: Rillaboom|Rillaboom, M|74/100
|-fieldstart|move: Grassy Terrain|[from] ability: Grassy Surge|[of] p1a: Rillaboom
|move|p2a: Ogerpon|Ivy Cudgel|p1a: Rillaboom|[anim] Ivy Cudgel Water
|-resisted|p1a: Rillaboom
|-damage|p1a: Rillaboom|12/100
|
|-heal|p2a: Ogerpon|29/100|[from] Grassy Terrain
|-heal|p1a: Rillaboom|18/100|[from] Grassy Terrain
|-end|p2a: Ogerpon|Magma Storm|[partiallytrapped]|[silent]
|upkeep
|turn|13
|
|t:|1769430204
|switch|p2a: Zapdos|Zapdos|71/100
|move|p1a: Rillaboom|U-turn|p2a: Zapdos
|-resisted|p2a: Zapdos
|-damage|p2a: Zapdos|57/100
|
|t:|1769430209
|switch|p1a: Heatran-Hisui|Heatran, M, shiny, tera:Fairy|9/100|[from] U-turn
|
|-heal|p1a: Heatran-Hisui|15/100|[from] Grassy Terrain
|-heal|p1a: Heatran-Hisui|21/100|[from] item: Leftovers
|upkeep
|turn|14
|
|t:|1769430214
|move|p1a: Heatran-Hisui|Protect|p1a: Heatran-Hisui
|-singleturn|p1a: Heatran-Hisui|Protect
|move|p2a: Zapdos|Discharge|p1a: Heatran-Hisui
|-activate|p1a: Heatran-Hisui|move: Protect
|
|-heal|p1a: Heatran-Hisui|27/100|[from] Grassy Terrain
|-heal|p1a: Heatran-Hisui|34/100|[from] item: Leftovers
|upkeep
|turn|15
|
|t:|1769430221
|switch|p1a: Great Tusk|Great Tusk|100/100
|move|p2a: Zapdos|Hurricane|p1a: Great Tusk|[miss]
|-miss|p2a: Zapdos|p1a: Great Tusk
|
|upkeep
|turn|16
|inactive|opthebestkkj has 90 seconds left.
|
|t:|1769430232
|-end|p1a: Great Tusk|Protosynthesis|[silent]
|switch|p1a: Heatran-Hisui|Heatran, M, shiny, tera:Fairy|34/100
|move|p2a: Zapdos|Hurricane|p1a: Heatran-Hisui|[miss]
|-miss|p2a: Zapdos|p1a: Heatran-Hisui
|
|-heal|p1a: Heatran-Hisui|40/100|[from] Grassy Terrain
|-heal|p1a: Heatran-Hisui|46/100|[from] item: Leftovers
|-fieldend|move: Grassy Terrain
|upkeep
|turn|17
|inactive|opthebestkkj has 90 seconds left.
|
|t:|1769430240
|move|p2a: Zapdos|Hurricane|p1a: Heatran-Hisui
|-damage|p1a: Heatran-Hisui|16/100
|move|p1a: Heatran-Hisui|Magma Storm|p2a: Zapdos
|-damage|p2a: Zapdos|13/100
|-activate|p2a: Zapdos|move: Magma Storm|[of] p1a: Heatran-Hisui
|
|-heal|p1a: Heatran-Hisui|23/100|[from] item: Leftovers
|-damage|p2a: Zapdos|0 fnt|[from] move: Magma Storm|[partiallytrapped]
|faint|p2a: Zapdos
|upkeep
|
|t:|1769430246
|switch|p2a: Ogerpon|Ogerpon-Wellspring, F|29/100
|-damage|p2a: Ogerpon|16/100|[from] Stealth Rock
|turn|18
|
|t:|1769430255
|move|p2a: Ogerpon|Ivy Cudgel|p1a: Heatran-Hisui|[anim] Ivy Cudgel Water
|-damage|p1a: Heatran-Hisui|0 fnt
|faint|p1a: Heatran-Hisui
|
|upkeep
|
|t:|1769430260
|switch|p1a: Gholdengo|Gholdengo|69/100
|turn|19
|
|t:|1769430266
|move|p1a: Gholdengo|Shadow Ball|p2a: Ogerpon
|-damage|p2a: Ogerpon|0 fnt
|faint|p2a: Ogerpon
|
|upkeep
|
|t:|1769430272
|switch|p2a: Kingambit|Kingambit, M|100/100
|-damage|p2a: Kingambit|94/100|[from] Stealth Rock
|-activate|p2a: Kingambit|ability: Supreme Overlord
|-start|p2a: Kingambit|fallen2|[silent]
|turn|20
|
|t:|1769430278
|switch|p1a: Great Tusk|Great Tusk|100/100
|-end|p2a: Kingambit|fallen2|[silent]
|switch|p2a: Kyurem|Kyurem|100/100
|-damage|p2a: Kyurem|76/100|[from] Stealth Rock
|-ability|p2a: Kyurem|Pressure
|
|upkeep
|turn|21
|inactive|opthebestkkj has 120 seconds left.
|
|t:|1769430296
|move|p2a: Kyurem|Freeze-Dry|p1a: Great Tusk
|-supereffective|p1a: Great Tusk
|-damage|p1a: Great Tusk|0 fnt
|faint|p1a: Great Tusk
|-end|p1a: Great Tusk|Protosynthesis|[silent]
|
|upkeep
|
|t:|1769430298
|switch|p1a: Gholdengo|Gholdengo|69/100
|turn|22
|inactive|opthebestkkj has 120 seconds left.
|
|t:|1769430314
|switch|p1a: Kyurem|Kyurem|100/100
|-ability|p1a: Kyurem|Pressure
|switch|p2a: Slowking|Slowking-Galar, M|100/100
|
|upkeep
|turn|23
|
|t:|1769430325
|switch|p1a: Rillaboom|Rillaboom, M|18/100
|-fieldstart|move: Grassy Terrain|[from] ability: Grassy Surge|[of] p1a: Rillaboom
|move|p2a: Slowking|Thunder Wave|p1a: Rillaboom
|-status|p1a: Rillaboom|par
|
|-heal|p1a: Rillaboom|24/100 par|[from] Grassy Terrain
|upkeep
|turn|24
|
|t:|1769430336
|move|p1a: Rillaboom|Knock Off|p2a: Slowking
|-supereffective|p2a: Slowking
|-damage|p2a: Slowking|0 fnt
|-enditem|p2a: Slowking|Heavy-Duty Boots|[from] move: Knock Off|[of] p1a: Rillaboom
|faint|p2a: Slowking
|
|-heal|p1a: Rillaboom|30/100 par|[from] Grassy Terrain
|upkeep
|
|t:|1769430348
|switch|p2a: Kingambit|Kingambit, M|94/100
|-damage|p2a: Kingambit|88/100|[from] Stealth Rock
|-activate|p2a: Kingambit|ability: Supreme Overlord
|-start|p2a: Kingambit|fallen3|[silent]
|turn|25
|
|t:|1769430353
|move|p2a: Kingambit|Swords Dance|p2a: Kingambit
|-boost|p2a: Kingambit|atk|2
|move|p1a: Rillaboom|Knock Off|p2a: Kingambit
|-resisted|p2a: Kingambit
|-damage|p2a: Kingambit|69/100
|-enditem|p2a: Kingambit|Leftovers|[from] move: Knock Off|[of] p1a: Rillaboom
|
|-heal|p2a: Kingambit|75/100|[from] Grassy Terrain
|-heal|p1a: Rillaboom|37/100 par|[from] Grassy Terrain
|upkeep
|turn|26
|
|t:|1769430360
|switch|p1a: ★|Suicune, shiny|100/100
|-ability|p1a: ★|Pressure
|move|p2a: Kingambit|Swords Dance|p2a: Kingambit
|-boost|p2a: Kingambit|atk|2
|
|-heal|p2a: Kingambit|82/100|[from] Grassy Terrain
|upkeep
|turn|27
|
|t:|1769430367
|move|p1a: ★|Substitute|p1a: ★
|-start|p1a: ★|Substitute
|-damage|p1a: ★|75/100
|move|p2a: Kingambit|Kowtow Cleave|p1a: ★
|-end|p1a: ★|Substitute
|
|-heal|p1a: ★|82/100|[from] Grassy Terrain
|-heal|p1a: ★|88/100|[from] item: Leftovers
|-heal|p2a: Kingambit|88/100|[from] Grassy Terrain
|-fieldend|move: Grassy Terrain
|upkeep
|turn|28
|
|t:|1769430374
|move|p1a: ★|Protect|p1a: ★
|-singleturn|p1a: ★|Protect
|move|p2a: Kingambit|Kowtow Cleave|p1a: ★
|-activate|p1a: ★|move: Protect
|
|-heal|p1a: ★|94/100|[from] item: Leftovers
|upkeep
|turn|29
|
|t:|1769430381
|move|p1a: ★|Substitute|p1a: ★
|-start|p1a: ★|Substitute
|-damage|p1a: ★|69/100
|move|p2a: Kingambit|Kowtow Cleave|p1a: ★
|-end|p1a: ★|Substitute
|
|-heal|p1a: ★|75/100|[from] item: Leftovers
|upkeep
|turn|30
|
|t:|1769430387
|move|p1a: ★|Protect|p1a: ★
|-singleturn|p1a: ★|Protect
|move|p2a: Kingambit|Swords Dance|p2a: Kingambit
|-boost|p2a: Kingambit|atk|2
|
|-heal|p1a: ★|81/100|[from] item: Leftovers
|upkeep
|turn|31
|
|t:|1769430392
|move|p1a: ★|Substitute|p1a: ★
|-start|p1a: ★|Substitute
|-damage|p1a: ★|56/100
|move|p2a: Kingambit|Kowtow Cleave|p1a: ★
|-end|p1a: ★|Substitute
|
|-heal|p1a: ★|63/100|[from] item: Leftovers
|upkeep
|turn|32
|
|t:|1769430398
|move|p1a: ★|Protect|p1a: ★
|-singleturn|p1a: ★|Protect
|move|p2a: Kingambit|Low Kick|p1a: ★
|-activate|p1a: ★|move: Protect
|
|-heal|p1a: ★|69/100|[from] item: Leftovers
|upkeep
|turn|33
|
|t:|1769430404
|move|p1a: ★|Substitute|p1a: ★
|-start|p1a: ★|Substitute
|-damage|p1a: ★|44/100
|move|p2a: Kingambit|Low Kick|p1a: ★
|-end|p1a: ★|Substitute
|
|-heal|p1a: ★|50/100|[from] item: Leftovers
|upkeep
|turn|34
|
|t:|1769430411
|move|p1a: ★|Protect|p1a: ★
|-singleturn|p1a: ★|Protect
|move|p2a: Kingambit|Swords Dance|p2a: Kingambit
|-boost|p2a: Kingambit|atk|0
|
|-heal|p1a: ★|56/100|[from] item: Leftovers
|upkeep
|turn|35
|
|t:|1769430417
|move|p1a: ★|Scald|p2a: Kingambit
|-damage|p2a: Kingambit|62/100
|-status|p2a: Kingambit|brn
|move|p2a: Kingambit|Low Kick|p1a: ★
|-damage|p1a: ★|0 fnt
|faint|p1a: ★
|
|-damage|p2a: Kingambit|56/100 brn|[from] brn
|upkeep
|
|t:|1769430443
|switch|p1a: Kyurem|Kyurem|100/100
|-ability|p1a: Kyurem|Pressure
|turn|36
|
|t:|1769430461
|switch|p1a: Rillaboom|Rillaboom, M|37/100 par
|-fieldstart|move: Grassy Terrain|[from] ability: Grassy Surge|[of] p1a: Rillaboom
|-terastallize|p2a: Kingambit|Fairy
|move|p2a: Kingambit|Low Kick|p1a: Rillaboom
|-damage|p1a: Rillaboom|0 fnt
|faint|p1a: Rillaboom
|
|-heal|p2a: Kingambit|62/100 brn|[from] Grassy Terrain
|-damage|p2a: Kingambit|56/100 brn|[from] brn
|upkeep
|
|t:|1769430469
|switch|p1a: Gholdengo|Gholdengo|69/100
|turn|37
|
|t:|1769430476
|move|p2a: Kingambit|Sucker Punch||[still]
|-fail|p2a: Kingambit
|move|p1a: Gholdengo|Trick|p2a: Kingambit
|-activate|p1a: Gholdengo|move: Trick|[of] p2a: Kingambit
|-item|p2a: Kingambit|Choice Scarf|[from] move: Trick
|-enditem|p1a: Gholdengo|Choice Scarf|[silent]|[from] move: Trick
|
|-heal|p1a: Gholdengo|75/100|[from] Grassy Terrain
|-heal|p2a: Kingambit|62/100 brn|[from] Grassy Terrain
|-damage|p2a: Kingambit|56/100 brn|[from] brn
|upkeep
|turn|38
|
|t:|1769430482
|move|p2a: Kingambit|Sucker Punch|p1a: Gholdengo
|-supereffective|p1a: Gholdengo
|-damage|p1a: Gholdengo|0 fnt
|faint|p1a: Gholdengo
|
|-heal|p2a: Kingambit|62/100 brn|[from] Grassy Terrain
|-damage|p2a: Kingambit|56/100 brn|[from] brn
|upkeep
|
|t:|1769430485
|switch|p1a: Kyurem|Kyurem|100/100
|-ability|p1a: Kyurem|Pressure
|turn|39
|
|t:|1769430505
|move|p2a: Kingambit|Sucker Punch|p1a: Kyurem
|-damage|p1a: Kyurem|0 fnt
|faint|p1a: Kyurem
|
|win|jibreel69
|raw|opthebestkkj's rating: 1503 &rarr; <strong>1484</strong><br />(-19 for losing)
|raw|jibreel69's rating: 1529 &rarr; <strong>1548</strong><br />(+19 for winning)
|l|☆opthebestkkj
|player|p1|
|l|☆jibreel69
|player|p2|
