|j|☆pooltoys
|j|☆antonitaly
|t:|1769428200
|gametype|singles
|player|p1|pooltoys|lucas|1479
|player|p2|antonitaly|nate|1517
|gen|9
|tier|[Gen 9] OU
|rated|
|rule|HP Percentage Mod: HP is shown in percentages
|rule|Endless Battle Clause: Forcing endless battles is banned
|rule|Species Clause: Limit one of each Pokémon
|rule|OHKO Clause: OHKO moves are banned
|rule|Evasion Items Clause: Evasion items are banned
|rule|Evasion Moves Clause: Evasion moves are banned
|rule|Evasion Abilities Clause: Evasion abilities are banned
|rule|Sleep Moves Clause: Sleep-inducing moves are banned
|clearpoke
|poke|p1|Raging Bolt|
|poke|p1|Ting-Lu|
|poke|p1|Dragapult, F|
|poke|p1|Pecharunt|
|poke|p1|Great Tusk|
|poke|p1|Mamoswine, F|
|poke|p2|Rillaboom, M|
|poke|p2|Serperior, F|
|poke|p2|Heatran, F|
|poke|p2|Gholdengo|
|poke|p2|Zamazenta-*|
|poke|p2|Great Tusk|
|teampreview
|inactive|Battle timer is ON: inactive players will automatically lose when time's up. (requested by antonitaly)
|
|t:|1769428243
|teamsize|p1|6
|teamsize|p2|6
|start
|switch|p1a: Dragapult|Dragapult, F|100/100
|switch|p2a: Serperior|Serperior, F|100/100
|turn|1
|
|t:|1769428254
|move|p2a: Serperior|Leaf Storm|p1a: Dragapult
|-resisted|p1a: Dragapult
|-damage|p1a: Dragapult|63/100
|-boost|p2a: Serperior|spa|2
|move|p1a: Dragapult|Fire Blast|p2a: Serperior|[miss]
|-miss|p1a: Dragapult|p2a: Serperior
|
|upkeep
|turn|2
|
|t:|1769428263
|switch|p2a: Heatran|Heatran, F|100/100
|-item|p2a: Heatran|Air Balloon
|move|p1a: Dragapult|Fire Blast|p2a: Heatran
|-start|p2a: Heatran|ability: Flash Fire
|
|upkeep
|turn|3
|
|t:|1769428271
|move|p1a: Dragapult|Shadow Ball|p2a: Heatran
|-damage|p2a: Heatran|71/100
|-enditem|p2a: Heatran|Air Balloon
|-damage|p1a: Dragapult|53/100|[from] item: Life Orb
|move|p2a: Heatran|Stealth Rock|p1a: Dragapult
|-sidestart|p1: pooltoys|move: Stealth Rock
|
|upkeep
|turn|4
|
|t:|1769428280
|move|p1a: Dragapult|Shadow Ball|p2a: Heatran
|-damage|p2a: Heatran|40/100
|-damage|p1a: Dragapult|43/100|[from] item: Life Orb
|move|p2a: Heatran|Heavy Slam|p1a: Dragapult
|-damage|p1a: Dragapult|0 fnt
|faint|p1a: Dragapult
|
|upkeep
|
|t:|1769428294
|switch|p1a: Mamoswine|Mamoswine, F|100/100
|-damage|p1a: Mamoswine|88/100|[from] Stealth Rock
|turn|5
|
|t:|1769428305
|-end|p2a: Heatran|ability: Flash Fire|[silent]
|switch|p2a: Rillaboom|Rillaboom, M|100/100
|-fieldstart|move: Grassy Terrain|[from] ability: Grassy Surge|[of] p2a: Rillaboom
|move|p1a: Mamoswine|Earthquake|p2a: Rillaboom
|-resisted|p2a: Rillaboom
|-damage|p2a: Rillaboom|87/100
|
|-heal|p1a: Mamoswine|94/100|[from] Grassy Terrain
|-heal|p2a: Rillaboom|94/100|[from] Grassy Terrain
|upkeep
|turn|6
|
|t:|1769428315
|switch|p1a: Pecharunt|Pecharunt|100/100
|move|p2a: Rillaboom|Knock Off|p1a: Pecharunt
|-supereffective|p1a: Pecharunt
|-damage|p1a: Pecharunt|53/100
|-enditem|p1a: Pecharunt|Heavy-Duty Boots|[from] move: Knock Off|[of] p2a: Rillaboom
|-damage|p2a: Rillaboom|84/100|[from] item: Life Orb
|
|-heal|p2a: Rillaboom|90/100|[from] Grassy Terrain
|-heal|p1a: Pecharunt|59/100|[from] Grassy Terrain
|upkeep
|turn|7
|
|t:|1769428327
|switch|p2a: Heatran|Heatran, F|40/100
|move|p1a: Pecharunt|Recover|p1a: Pecharunt
|-heal|p1a: Pecharunt|100/100
|
|-heal|p2a: Heatran|47/100|[from] Grassy Terrain
|upkeep
|turn|8
|
|t:|1769428334
|move|p1a: Pecharunt|Parting Shot|p2a: Heatran
|-unboost|p2a: Heatran|atk|1
|-unboost|p2a: Heatran|spa|1
|
|t:|1769428359
|switch|p1a: Ting-Lu|Ting-Lu|100/100|[from] Parting Shot
|-damage|p1a: Ting-Lu|94/100|[from] Stealth Rock
|-ability|p1a: Ting-Lu|Vessel of Ruin
|move|p2a: Heatran|Magma Storm|p1a: Ting-Lu|[miss]
|-miss|p2a: Heatran|p1a: Ting-Lu
|
|-heal|p2a: Heatran|53/100|[from] Grassy Terrain
|-heal|p1a: Ting-Lu|100/100|[from] Grassy Terrain
|upkeep
|turn|9
|
|t:|1769428370
|switch|p2a: Serperior|Serperior, F|100/100
|move|p1a: Ting-Lu|Stealth Rock|p2a: Serperior
|-sidestart|p2: antonitaly|move: Stealth Rock
|
|-fieldend|move: Grassy Terrain
|upkeep
|turn|10
|
|t:|1769428379
|move|p2a: Serperior|Glare|p1a: Ting-Lu
|-status|p1a: Ting-Lu|par
|cant|p1a: Ting-Lu|par
|
|upkeep
|turn|11
|
|t:|1769428384
|switch|p2a: Great Tusk|Great Tusk|100/100
|-damage|p2a: Great Tusk|97/100|[from] Stealth Rock
|-enditem|p2a: Great Tusk|Booster Energy
|-activate|p2a: Great Tusk|ability: Protosynthesis|[fromitem]
|-start|p2a: Great Tusk|protosynthesisspe
|cant|p1a: Ting-Lu|par
|
|upkeep
|turn|12
|
|t:|1769428393
|move|p2a: Great Tusk|Bulk Up|p2a: Great Tusk
|-boost|p2a: Great Tusk|atk|1
|-boost|p2a: Great Tusk|def|1
|move|p1a: Ting-Lu|Ruination|p2a: Great Tusk
|-damage|p2a: Great Tusk|49/100
|
|upkeep
|turn|13
|
|t:|1769428402
|switch|p1a: Pecharunt|Pecharunt|100/100
|-damage|p1a: Pecharunt|88/100|[from] Stealth Rock
|move|p2a: Great Tusk|Bulk Up|p2a: Great Tusk
|-boost|p2a: Great Tusk|atk|1
|-boost|p2a: Great Tusk|def|1
|
|upkeep
|turn|14
|-message|pooltoys forfeited.
|
|win|antonitaly
|raw|pooltoys's rating: 1479 &rarr; <strong>1461</strong><br />(-18 for losing)
|raw|antonitaly's rating: 1517 &rarr; <strong>1535</strong><br />(+18 for winning)
|l|☆pooltoys
|player|p1|
|c|☆antonitaly|oh poor thing
|l|☆antonitaly
|player|p2|
