|j|☆Le_Q_94
|j|☆Lilodious
|t:|1769415728
|gametype|singles
|player|p1|Le_Q_94|101|1193
|player|p2|Lilodious|ingo|1232
|gen|9
|tier|[Gen 9] OU
|rated|
|rule|HP Percentage Mod: HP is shown in percentages
|rule|Endless Battle Clause: Forcing endless battles is banned
|rule|Species Clause: Limit one of each Pokémon
|rule|OHKO Clause: OHKO moves are banned
|rule|Evasion Items Clause: Evasion items are banned
|rule|Evasion Moves Clause: Evasion moves are banned
|rule|Evasion Abilities Clause: Evasion abilities are banned
|rule|Sleep Moves Clause: Sleep-inducing moves are banned
|clearpoke
|poke|p1|Ogerpon-Wellspring, F|
|poke|p1|Zamazenta-*|
|poke|p1|Zapdos|
|poke|p1|Great Tusk|
|poke|p1|Kingambit, M|
|poke|p1|Slowking-Galar, M|
|poke|p2|Kyurem|
|poke|p2|Ceruledge, M|
|poke|p2|Ting-Lu|
|poke|p2|Dragapult, M|
|poke|p2|Gliscor, M|
|poke|p2|Great Tusk|
|teampreview
|
|t:|1769415781
|teamsize|p1|6
|teamsize|p2|6
|start
|switch|p1a: Slowking|Slowking-Galar, M, shiny|100/100
|switch|p2a: Nopero|Ting-Lu|100/100
|-ability|p2a: Nopero|Vessel of Ruin
|turn|1
|
|t:|1769415820
|switch|p1a: Ogerpon|Ogerpon-Wellspring, F|100/100
|move|p2a: Nopero|Ruination|p1a: Ogerpon|[miss]
|-miss|p2a: Nopero|p1a: Ogerpon
|
|upkeep
|turn|2
|
|t:|1769415847
|move|p1a: Ogerpon|Ivy Cudgel|p2a: Nopero|[anim] Ivy Cudgel Water
|-supereffective|p2a: Nopero
|-damage|p2a: Nopero|39/100
|move|p2a: Nopero|Ruination|p1a: Ogerpon
|-damage|p1a: Ogerpon|51/100
|
|-heal|p2a: Nopero|45/100|[from] item: Leftovers
|upkeep
|turn|3
|
|t:|1769415872
|move|p1a: Ogerpon|Ivy Cudgel|p2a: Nopero|[anim] Ivy Cudgel Water
|-supereffective|p2a: Nopero
|-damage|p2a: Nopero|0 fnt
|faint|p2a: Nopero
|
|upkeep
|
|t:|1769415878
|switch|p2a: Toreitheya|Ceruledge, M|100/100
|turn|4
|inactive|Battle timer is ON: inactive players will automatically lose when time's up. (requested by Lilodious)
|
|t:|1769415936
|move|p1a: Ogerpon|Ivy Cudgel|p2a: Toreitheya|[anim] Ivy Cudgel Water
|-supereffective|p2a: Toreitheya
|-enditem|p2a: Toreitheya|Focus Sash
|-damage|p2a: Toreitheya|1/100
|-ability|p2a: Toreitheya|Weak Armor|boost
|-unboost|p2a: Toreitheya|def|1
|-boost|p2a: Toreitheya|spe|2
|move|p2a: Toreitheya|Swords Dance|p2a: Toreitheya
|-boost|p2a: Toreitheya|atk|2
|
|upkeep
|turn|5
|
|t:|1769415951
|move|p2a: Toreitheya|Bitter Blade|p1a: Ogerpon
|-damage|p1a: Ogerpon|0 fnt
|-heal|p2a: Toreitheya|27/100|[from] drain|[of] p1a: Ogerpon
|faint|p1a: Ogerpon
|
|upkeep
|
|t:|1769415957
|switch|p1a: Kingambit|Kingambit, M, shiny|100/100
|-activate|p1a: Kingambit|ability: Supreme Overlord
|-start|p1a: Kingambit|fallen1|[silent]
|turn|6
|inactive|Lilodious has 120 seconds left.
|
|t:|1769415991
|move|p1a: Kingambit|Sucker Punch||[still]
|-fail|p1a: Kingambit
|move|p2a: Toreitheya|Swords Dance|p2a: Toreitheya
|-boost|p2a: Toreitheya|atk|2
|
|upkeep
|turn|7
|inactive|Lilodious has 120 seconds left.
|
|t:|1769416011
|move|p2a: Toreitheya|Shadow Sneak|p1a: Kingambit
|-resisted|p1a: Kingambit
|-damage|p1a: Kingambit|76/100
|move|p1a: Kingambit|Sucker Punch||[still]
|-fail|p1a: Kingambit
|
|-heal|p1a: Kingambit|82/100|[from] item: Leftovers
|upkeep
|turn|8
|
|t:|1769416031
|move|p1a: Kingambit|Sucker Punch|p2a: Toreitheya
|-supereffective|p2a: Toreitheya
|-damage|p2a: Toreitheya|0 fnt
|faint|p2a: Toreitheya
|
|-heal|p1a: Kingambit|88/100|[from] item: Leftovers
|upkeep
|
|t:|1769416037
|switch|p2a: Recima|Dragapult, M|100/100
|turn|9
|
|t:|1769416046
|-end|p1a: Kingambit|fallen1|[silent]
|switch|p1a: Slowking|Slowking-Galar, M, shiny|100/100
|move|p2a: Recima|Will-O-Wisp|p1a: Slowking|[miss]
|-miss|p2a: Recima|p1a: Slowking
|
|upkeep
|turn|10
|
|t:|1769416067
|move|p2a: Recima|U-turn|p1a: Slowking
|-damage|p1a: Slowking|78/100
|inactive|Lilodious has 120 seconds left.
|
|t:|1769416096
|switch|p2a: Mitty|Great Tusk|100/100|[from] U-turn
|move|p1a: Slowking|Ice Beam|p2a: Mitty
|-supereffective|p2a: Mitty
|-damage|p2a: Mitty|12/100
|
|upkeep
|turn|11
|
|t:|1769416107
|switch|p1a: Zapdos|Zapdos|100/100
|move|p2a: Mitty|Headlong Rush|p1a: Zapdos
|-immune|p1a: Zapdos
|
|upkeep
|turn|12
|
|t:|1769416132
|move|p2a: Mitty|Ice Spinner|p1a: Zapdos
|-supereffective|p1a: Zapdos
|-damage|p1a: Zapdos|59/100
|move|p1a: Zapdos|Hurricane|p2a: Mitty
|-supereffective|p2a: Mitty
|-damage|p2a: Mitty|0 fnt
|faint|p2a: Mitty
|-end|p2a: Mitty|Protosynthesis|[silent]
|
|upkeep
|inactive|Lilodious has 90 seconds left.
|
|t:|1769416152
|switch|p2a: Takira|Gliscor, M|100/100
|turn|13
|
|t:|1769416168
|switch|p1a: Great Tusk|Great Tusk|100/100
|move|p2a: Takira|Swords Dance|p2a: Takira
|-boost|p2a: Takira|atk|2
|
|-status|p2a: Takira|tox|[from] item: Toxic Orb
|upkeep
|turn|14
|inactive|Lilodious has 90 seconds left.
|
|t:|1769416201
|-terastallize|p2a: Takira|Normal
|move|p1a: Great Tusk|Ice Spinner|p2a: Takira
|-damage|p2a: Takira|80/100 tox
|move|p2a: Takira|Facade|p1a: Great Tusk
|-damage|p1a: Great Tusk|31/100
|
|-heal|p2a: Takira|93/100 tox|[from] ability: Poison Heal
|upkeep
|turn|15
|inactive|Le_Q_94 has 120 seconds left.
|inactive|Lilodious has 60 seconds left.
|
|t:|1769416226
|move|p1a: Great Tusk|Stealth Rock|p2a: Takira
|-sidestart|p2: Lilodious|move: Stealth Rock
|move|p2a: Takira|Swords Dance|p2a: Takira
|-boost|p2a: Takira|atk|2
|
|-heal|p2a: Takira|100/100 tox|[from] ability: Poison Heal
|upkeep
|turn|16
|inactive|Le_Q_94 has 120 seconds left.
|
|t:|1769416234
|move|p1a: Great Tusk|Headlong Rush|p2a: Takira
|-damage|p2a: Takira|47/100 tox
|-unboost|p1a: Great Tusk|def|1
|-unboost|p1a: Great Tusk|spd|1
|move|p2a: Takira|Facade|p1a: Great Tusk
|-damage|p1a: Great Tusk|0 fnt
|faint|p1a: Great Tusk
|-end|p1a: Great Tusk|Protosynthesis|[silent]
|
|-heal|p2a: Takira|60/100 tox|[from] ability: Poison Heal
|upkeep
|inactive|Le_Q_94 has 120 seconds left.
|
|t:|1769416246
|switch|p1a: Kingambit|Kingambit, M, shiny|88/100
|-activate|p1a: Kingambit|ability: Supreme Overlord
|-start|p1a: Kingambit|fallen2|[silent]
|turn|17
|inactive|Le_Q_94 has 120 seconds left.
|
|t:|1769416264
|-terastallize|p1a: Kingambit|Ghost
|move|p2a: Takira|Knock Off|p1a: Kingambit
|-supereffective|p1a: Kingambit
|-damage|p1a: Kingambit|0 fnt
|-enditem|p1a: Kingambit|Leftovers|[from] move: Knock Off|[of] p2a: Takira
|faint|p1a: Kingambit
|-end|p1a: Kingambit|fallen2|[silent]
|
|-heal|p2a: Takira|72/100 tox|[from] ability: Poison Heal
|upkeep
|-message|Le_Q_94 forfeited.
|
|win|Lilodious
|raw|Le_Q_94's rating: 1193 &rarr; <strong>1171</strong><br />(-22 for losing)
|raw|Lilodious's rating: 1232 &rarr; <strong>1254</strong><br />(+22 for winning)
|l|☆Le_Q_94
|player|p1|
|l|☆Lilodious
|player|p2|
|j|☆Lilodious
|player|p2|Lilodious|ingo|
