|j|☆one_angry_jew
|j|☆Phillip Blevin
|t:|1769407915
|gametype|singles
|player|p1|one_angry_jew|266|1434
|player|p2|Phillip Blevin|265|1468
|gen|9
|tier|[Gen 9] OU
|rated|
|rule|HP Percentage Mod: HP is shown in percentages
|rule|Endless Battle Clause: Forcing endless battles is banned
|rule|Species Clause: Limit one of each Pokémon
|rule|OHKO Clause: OHKO moves are banned
|rule|Evasion Items Clause: Evasion items are banned
|rule|Evasion Moves Clause: Evasion moves are banned
|rule|Evasion Abilities Clause: Evasion abilities are banned
|rule|Sleep Moves Clause: Sleep-inducing moves are banned
|clearpoke
|poke|p1|Vaporeon, M|
|poke|p1|Sylveon, F|
|poke|p1|Espeon, F|
|poke|p1|Jolteon, M|
|poke|p1|Glaceon, M|
|poke|p1|Umbreon, F|
|poke|p2|Iron Hands|
|poke|p2|Mandibuzz, F|
|poke|p2|Garganacl, F|
|poke|p2|Rillaboom, M|
|poke|p2|Alomomola, M|
|poke|p2|Tornadus-Therian, M|
|teampreview
|inactive|Battle timer is ON: inactive players will automatically lose when time's up. (requested by Phillip Blevin)
|
|t:|1769407931
|teamsize|p1|6
|teamsize|p2|6
|start
|switch|p1a: Glaceon|Glaceon, M|100/100
|switch|p2a: Tornadus|Tornadus-Therian, M|100/100
|turn|1
|
|t:|1769407937
|move|p2a: Tornadus|Knock Off|p1a: Glaceon
|-damage|p1a: Glaceon|83/100
|-enditem|p1a: Glaceon|Heavy-Duty Boots|[from] move: Knock Off|[of] p2a: Tornadus
|move|p1a: Glaceon|Blizzard|p2a: Tornadus
|-supereffective|p2a: Tornadus
|-damage|p2a: Tornadus|0 fnt
|faint|p2a: Tornadus
|
|upkeep
|
|t:|1769407945
|switch|p2a: Iron Hands|Iron Hands|100/100
|turn|2
|
|t:|1769407950
|switch|p1a: Jolteon|Jolteon, M|100/100
|move|p2a: Iron Hands|Supercell Slam|p1a: Jolteon
|-immune|p1a: Jolteon|[from] ability: Volt Absorb
|-damage|p2a: Iron Hands|51/100|[from] supercellslam
|
|upkeep
|turn|3
|
|t:|1769407953
|move|p1a: Jolteon|Alluring Voice|p2a: Iron Hands
|-supereffective|p2a: Iron Hands
|-damage|p2a: Iron Hands|6/100
|move|p2a: Iron Hands|Drain Punch|p1a: Jolteon
|-damage|p1a: Jolteon|14/100
|-heal|p2a: Iron Hands|32/100|[from] drain|[of] p1a: Jolteon
|
|upkeep
|turn|4
|
|t:|1769407962
|-end|p2a: Iron Hands|Quark Drive|[silent]
|switch|p2a: Alomomola|Alomomola, M|100/100
|move|p1a: Jolteon|Alluring Voice|p2a: Alomomola
|-damage|p2a: Alomomola|53/100
|
|upkeep
|turn|5
|
|t:|1769407967
|move|p1a: Jolteon|Alluring Voice|p2a: Alomomola
|-damage|p2a: Alomomola|12/100
|move|p2a: Alomomola|Wish|p2a: Alomomola
|
|upkeep
|turn|6
|
|t:|1769407972
|switch|p1a: Glaceon|Glaceon, M|83/100
|move|p2a: Alomomola|Protect||[still]
|-fail|p2a: Alomomola
|
|-heal|p2a: Alomomola|62/100|[from] move: Wish|[wisher] Alomomola
|upkeep
|turn|7
|
|t:|1769407976
|move|p2a: Alomomola|Protect|p2a: Alomomola
|-singleturn|p2a: Alomomola|Protect
|move|p1a: Glaceon|Freeze-Dry|p2a: Alomomola
|-activate|p2a: Alomomola|move: Protect
|
|upkeep
|turn|8
|
|t:|1769407982
|switch|p2a: Garganacl|Garganacl, F|100/100
|move|p1a: Glaceon|Freeze-Dry|p2a: Garganacl
|-damage|p2a: Garganacl|75/100
|
|-heal|p2a: Garganacl|81/100|[from] item: Leftovers
|upkeep
|turn|9
|
|t:|1769407986
|move|p1a: Glaceon|Freeze-Dry|p2a: Garganacl
|-damage|p2a: Garganacl|54/100
|move|p2a: Garganacl|Stealth Rock|p1a: Glaceon
|-sidestart|p1: one_angry_jew|move: Stealth Rock
|
|-heal|p2a: Garganacl|61/100|[from] item: Leftovers
|upkeep
|turn|10
|
|t:|1769407989
|move|p1a: Glaceon|Freeze-Dry|p2a: Garganacl
|-damage|p2a: Garganacl|35/100
|move|p2a: Garganacl|Recover|p2a: Garganacl
|-heal|p2a: Garganacl|85/100
|
|-heal|p2a: Garganacl|91/100|[from] item: Leftovers
|upkeep
|turn|11
|
|t:|1769407992
|move|p1a: Glaceon|Mud Shot|p2a: Garganacl
|-supereffective|p2a: Garganacl
|-damage|p2a: Garganacl|63/100
|-unboost|p2a: Garganacl|spe|1
|move|p2a: Garganacl|Salt Cure|p1a: Glaceon
|-supereffective|p1a: Glaceon
|-damage|p1a: Glaceon|57/100
|-start|p1a: Glaceon|Salt Cure
|
|-heal|p2a: Garganacl|69/100|[from] item: Leftovers
|-damage|p1a: Glaceon|45/100|[from] Salt Cure
|upkeep
|turn|12
|
|t:|1769407995
|switch|p1a: Espeon|Espeon, F|100/100
|-damage|p1a: Espeon|88/100|[from] Stealth Rock
|move|p2a: Garganacl|Recover|p2a: Garganacl
|-heal|p2a: Garganacl|100/100
|
|upkeep
|turn|13
|
|t:|1769407997
|move|p1a: Espeon|Trick|p2a: Garganacl
|-activate|p1a: Espeon|move: Trick|[of] p2a: Garganacl
|-item|p2a: Garganacl|Choice Scarf|[from] move: Trick
|-item|p1a: Espeon|Leftovers|[from] move: Trick
|move|p2a: Garganacl|Stealth Rock|p1a: Espeon
|move|p1a: Espeon|Stealth Rock|p2a: Garganacl|[from] ability: Magic Bounce
|-sidestart|p2: Phillip Blevin|move: Stealth Rock
|
|-heal|p1a: Espeon|94/100|[from] item: Leftovers
|upkeep
|turn|14
|
|t:|1769408007
|switch|p2a: Mandibuzz|Mandibuzz, F|100/100
|move|p1a: Espeon|Alluring Voice|p2a: Mandibuzz
|-supereffective|p2a: Mandibuzz
|-damage|p2a: Mandibuzz|50/100
|
|-heal|p1a: Espeon|100/100|[from] item: Leftovers
|upkeep
|turn|15
|
|t:|1769408013
|switch|p2a: Alomomola|Alomomola, M|95/100
|move|p1a: Espeon|Alluring Voice|p2a: Alomomola
|-damage|p2a: Alomomola|62/100
|
|upkeep
|turn|16
|
|t:|1769408018
|move|p1a: Espeon|Trick|p2a: Alomomola
|-activate|p1a: Espeon|move: Trick|[of] p2a: Alomomola
|-item|p2a: Alomomola|Leftovers|[from] move: Trick
|-item|p1a: Espeon|Heavy-Duty Boots|[from] move: Trick
|move|p2a: Alomomola|Wish|p2a: Alomomola
|
|-heal|p2a: Alomomola|68/100|[from] item: Leftovers
|upkeep
|turn|17
|
|t:|1769408023
|switch|p1a: Vaporeon|Vaporeon, M|100/100
|-damage|p1a: Vaporeon|88/100|[from] Stealth Rock
|move|p2a: Alomomola|Flip Turn|p1a: Vaporeon
|-heal|p1a: Vaporeon|100/100|[from] ability: Water Absorb|[of] p2a: Alomomola
|
|-heal|p2a: Alomomola|100/100|[from] move: Wish|[wisher] Alomomola
|upkeep
|turn|18
|
|t:|1769408028
|move|p1a: Vaporeon|Shadow Ball|p2a: Alomomola
|-damage|p2a: Alomomola|51/100
|move|p2a: Alomomola|Wish|p2a: Alomomola
|
|-heal|p2a: Alomomola|58/100|[from] item: Leftovers
|upkeep
|turn|19
|
|t:|1769408033
|switch|p2a: Iron Hands|Iron Hands|32/100
|-damage|p2a: Iron Hands|25/100|[from] Stealth Rock
|move|p1a: Vaporeon|Shadow Ball|p2a: Iron Hands
|-damage|p2a: Iron Hands|3/100
|
|-heal|p2a: Iron Hands|62/100|[from] move: Wish|[wisher] Alomomola
|upkeep
|turn|20
|
|t:|1769408040
|move|p1a: Vaporeon|Shadow Ball|p2a: Iron Hands
|-damage|p2a: Iron Hands|41/100
|move|p2a: Iron Hands|Drain Punch|p1a: Vaporeon
|-crit|p1a: Vaporeon
|-damage|p1a: Vaporeon|20/100
|-heal|p2a: Iron Hands|82/100|[from] drain|[of] p1a: Vaporeon
|
|upkeep
|turn|21
|
|t:|1769408047
|switch|p1a: Jolteon|Jolteon, M|14/100
|-damage|p1a: Jolteon|2/100|[from] Stealth Rock
|move|p2a: Iron Hands|Earthquake|p1a: Jolteon
|-supereffective|p1a: Jolteon
|-damage|p1a: Jolteon|0 fnt
|faint|p1a: Jolteon
|
|upkeep
|
|t:|1769408050
|switch|p1a: Sylveon|Sylveon, F|100/100
|-damage|p1a: Sylveon|88/100|[from] Stealth Rock
|turn|22
|
|t:|1769408053
|move|p1a: Sylveon|Hyper Voice|p2a: Iron Hands
|-supereffective|p2a: Iron Hands
|-damage|p2a: Iron Hands|19/100
|move|p2a: Iron Hands|Supercell Slam|p1a: Sylveon
|-damage|p1a: Sylveon|0 fnt
|faint|p1a: Sylveon
|
|upkeep
|
|t:|1769408060
|switch|p1a: Glaceon|Glaceon, M|45/100
|-damage|p1a: Glaceon|20/100|[from] Stealth Rock
|turn|23
|
|t:|1769408066
|-end|p2a: Iron Hands|Quark Drive|[silent]
|switch|p2a: Mandibuzz|Mandibuzz, F|50/100
|move|p1a: Glaceon|Freeze-Dry|p2a: Mandibuzz
|-supereffective|p2a: Mandibuzz
|-crit|p2a: Mandibuzz
|-damage|p2a: Mandibuzz|0 fnt
|faint|p2a: Mandibuzz
|
|upkeep
|
|t:|1769408067
|switch|p2a: Rillaboom|Rillaboom, M|100/100
|-damage|p2a: Rillaboom|88/100|[from] Stealth Rock
|-fieldstart|move: Grassy Terrain|[from] ability: Grassy Surge|[of] p2a: Rillaboom
|turn|24
|
|t:|1769408074
|move|p2a: Rillaboom|Grassy Glide|p1a: Glaceon
|-damage|p1a: Glaceon|0 fnt
|faint|p1a: Glaceon
|
|-heal|p2a: Rillaboom|94/100|[from] Grassy Terrain
|upkeep
|
|t:|1769408076
|switch|p1a: Umbreon|Umbreon, F|100/100
|-damage|p1a: Umbreon|88/100|[from] Stealth Rock
|turn|25
|
|t:|1769408080
|move|p2a: Rillaboom|U-turn|p1a: Umbreon
|-supereffective|p1a: Umbreon
|-damage|p1a: Umbreon|58/100
|
|t:|1769408082
|switch|p2a: Garganacl|Garganacl, F|100/100|[from] U-turn
|-damage|p2a: Garganacl|88/100|[from] Stealth Rock
|move|p1a: Umbreon|Wish|p1a: Umbreon
|
|-heal|p1a: Umbreon|64/100|[from] Grassy Terrain
|-heal|p1a: Umbreon|70/100|[from] item: Leftovers
|-heal|p2a: Garganacl|94/100|[from] Grassy Terrain
|upkeep
|turn|26
|
|t:|1769408084
|move|p1a: Umbreon|Protect|p1a: Umbreon
|-singleturn|p1a: Umbreon|Protect
|move|p2a: Garganacl|Salt Cure|p1a: Umbreon
|-activate|p1a: Umbreon|move: Protect
|
|-heal|p1a: Umbreon|100/100|[from] move: Wish|[wisher] Umbreon
|-heal|p2a: Garganacl|100/100|[from] Grassy Terrain
|upkeep
|turn|27
|
|t:|1769408087
|move|p1a: Umbreon|Wish|p1a: Umbreon
|move|p2a: Garganacl|Salt Cure|p1a: Umbreon
|-damage|p1a: Umbreon|92/100
|-start|p1a: Umbreon|Salt Cure
|
|-heal|p1a: Umbreon|98/100|[from] Grassy Terrain
|-heal|p1a: Umbreon|100/100|[from] item: Leftovers
|-damage|p1a: Umbreon|88/100|[from] Salt Cure
|upkeep
|turn|28
|
|t:|1769408092
|move|p1a: Umbreon|Toxic|p2a: Garganacl
|-immune|p2a: Garganacl|[from] ability: Purifying Salt
|move|p2a: Garganacl|Salt Cure|p1a: Umbreon
|-damage|p1a: Umbreon|79/100
|
|-heal|p1a: Umbreon|100/100|[from] move: Wish|[wisher] Umbreon
|-damage|p1a: Umbreon|88/100|[from] Salt Cure
|upkeep
|turn|29
|
|t:|1769408096
|switch|p2a: Alomomola|Alomomola, M|91/100
|-damage|p2a: Alomomola|79/100|[from] Stealth Rock
|move|p1a: Umbreon|Foul Play|p2a: Alomomola
|-damage|p2a: Alomomola|66/100
|
|-heal|p1a: Umbreon|94/100|[from] Grassy Terrain
|-heal|p1a: Umbreon|99/100|[from] item: Leftovers
|-heal|p2a: Alomomola|72/100|[from] Grassy Terrain
|-heal|p2a: Alomomola|78/100|[from] item: Leftovers
|-damage|p1a: Umbreon|88/100|[from] Salt Cure
|upkeep
|turn|30
|
|t:|1769408098
|move|p1a: Umbreon|Toxic|p2a: Alomomola
|-status|p2a: Alomomola|tox
|move|p2a: Alomomola|Wish|p2a: Alomomola
|
|-heal|p1a: Umbreon|94/100|[from] Grassy Terrain
|-heal|p1a: Umbreon|99/100|[from] item: Leftovers
|-heal|p2a: Alomomola|84/100 tox|[from] Grassy Terrain
|-heal|p2a: Alomomola|90/100 tox|[from] item: Leftovers
|-damage|p2a: Alomomola|84/100 tox|[from] psn
|-damage|p1a: Umbreon|88/100|[from] Salt Cure
|upkeep
|turn|31
|
|t:|1769408104
|switch|p1a: Vaporeon|Vaporeon, M|20/100
|-damage|p1a: Vaporeon|8/100|[from] Stealth Rock
|switch|p2a: Iron Hands|Iron Hands|19/100
|-damage|p2a: Iron Hands|13/100|[from] Stealth Rock
|
|-heal|p2a: Iron Hands|72/100|[from] move: Wish|[wisher] Alomomola
|-heal|p1a: Vaporeon|14/100|[from] Grassy Terrain
|-heal|p2a: Iron Hands|78/100|[from] Grassy Terrain
|-fieldend|move: Grassy Terrain
|upkeep
|turn|32
|
|t:|1769408106
|move|p1a: Vaporeon|Alluring Voice|p2a: Iron Hands
|-supereffective|p2a: Iron Hands
|-damage|p2a: Iron Hands|36/100
|move|p2a: Iron Hands|Drain Punch|p1a: Vaporeon
|-damage|p1a: Vaporeon|0 fnt
|-heal|p2a: Iron Hands|43/100|[from] drain|[of] p1a: Vaporeon
|faint|p1a: Vaporeon
|
|upkeep
|
|t:|1769408112
|switch|p1a: Umbreon|Umbreon, F|88/100
|-damage|p1a: Umbreon|75/100|[from] Stealth Rock
|turn|33
|
|t:|1769408114
|-terastallize|p1a: Umbreon|Poison
|move|p1a: Umbreon|Toxic|p2a: Iron Hands
|-status|p2a: Iron Hands|tox
|move|p2a: Iron Hands|Drain Punch|p1a: Umbreon
|-resisted|p1a: Umbreon
|-crit|p1a: Umbreon
|-damage|p1a: Umbreon|56/100
|-heal|p2a: Iron Hands|52/100 tox|[from] drain|[of] p1a: Umbreon
|
|-heal|p1a: Umbreon|62/100|[from] item: Leftovers
|-damage|p2a: Iron Hands|45/100 tox|[from] psn
|upkeep
|turn|34
|
|t:|1769408117
|move|p1a: Umbreon|Wish|p1a: Umbreon
|move|p2a: Iron Hands|Earthquake|p1a: Umbreon
|-supereffective|p1a: Umbreon
|-damage|p1a: Umbreon|19/100
|
|-heal|p1a: Umbreon|25/100|[from] item: Leftovers
|-damage|p2a: Iron Hands|33/100 tox|[from] psn
|upkeep
|turn|35
|
|t:|1769408122
|-end|p2a: Iron Hands|Quark Drive|[silent]
|switch|p2a: Garganacl|Garganacl, F|100/100
|-damage|p2a: Garganacl|88/100|[from] Stealth Rock
|move|p1a: Umbreon|Protect||[still]
|-fail|p1a: Umbreon
|
|-heal|p1a: Umbreon|75/100|[from] move: Wish|[wisher] Umbreon
|-heal|p1a: Umbreon|81/100|[from] item: Leftovers
|upkeep
|turn|36
|
|t:|1769408124
|move|p1a: Umbreon|Protect|p1a: Umbreon
|-singleturn|p1a: Umbreon|Protect
|move|p2a: Garganacl|Salt Cure|p1a: Umbreon
|-activate|p1a: Umbreon|move: Protect
|
|-heal|p1a: Umbreon|87/100|[from] item: Leftovers
|upkeep
|turn|37
|
|t:|1769408127
|move|p1a: Umbreon|Wish|p1a: Umbreon
|move|p2a: Garganacl|Salt Cure|p1a: Umbreon
|-damage|p1a: Umbreon|79/100
|-start|p1a: Umbreon|Salt Cure
|
|-heal|p1a: Umbreon|85/100|[from] item: Leftovers
|-damage|p1a: Umbreon|73/100|[from] Salt Cure
|upkeep
|turn|38
|
|t:|1769408129
|switch|p1a: Espeon|Espeon, F|100/100
|switch|p2a: Alomomola|Alomomola, M|100/100 tox
|-damage|p2a: Alomomola|88/100 tox|[from] Stealth Rock
|
|-heal|p2a: Alomomola|94/100 tox|[from] item: Leftovers
|-damage|p2a: Alomomola|88/100 tox|[from] psn
|upkeep
|turn|39
|
|t:|1769408137
|move|p1a: Espeon|Psychic|p2a: Alomomola
|-crit|p2a: Alomomola
|-damage|p2a: Alomomola|0 fnt
|faint|p2a: Alomomola
|
|upkeep
|
|t:|1769408155
|switch|p2a: Rillaboom|Rillaboom, M|94/100
|-damage|p2a: Rillaboom|82/100|[from] Stealth Rock
|-fieldstart|move: Grassy Terrain|[from] ability: Grassy Surge|[of] p2a: Rillaboom
|turn|40
|
|t:|1769408162
|switch|p1a: Umbreon|Umbreon, F, tera:Poison|73/100
|-damage|p1a: Umbreon|60/100|[from] Stealth Rock
|move|p2a: Rillaboom|Knock Off|p1a: Umbreon
|-damage|p1a: Umbreon|38/100
|-enditem|p1a: Umbreon|Leftovers|[from] move: Knock Off|[of] p2a: Rillaboom
|
|-heal|p2a: Rillaboom|88/100|[from] Grassy Terrain
|-heal|p1a: Umbreon|44/100|[from] Grassy Terrain
|upkeep
|turn|41
|
|t:|1769408166
|move|p2a: Rillaboom|U-turn|p1a: Umbreon
|-resisted|p1a: Umbreon
|-damage|p1a: Umbreon|37/100
|
|t:|1769408168
|switch|p2a: Garganacl|Garganacl, F|88/100|[from] U-turn
|-damage|p2a: Garganacl|76/100|[from] Stealth Rock
|move|p1a: Umbreon|Wish|p1a: Umbreon
|
|-heal|p1a: Umbreon|43/100|[from] Grassy Terrain
|-heal|p2a: Garganacl|82/100|[from] Grassy Terrain
|upkeep
|turn|42
|
|t:|1769408171
|move|p1a: Umbreon|Protect|p1a: Umbreon
|-singleturn|p1a: Umbreon|Protect
|move|p2a: Garganacl|Salt Cure|p1a: Umbreon
|-activate|p1a: Umbreon|move: Protect
|
|-heal|p1a: Umbreon|93/100|[from] move: Wish|[wisher] Umbreon
|-heal|p1a: Umbreon|99/100|[from] Grassy Terrain
|-heal|p2a: Garganacl|88/100|[from] Grassy Terrain
|upkeep
|turn|43
|
|t:|1769408174
|move|p1a: Umbreon|Foul Play|p2a: Garganacl
|-damage|p2a: Garganacl|64/100
|move|p2a: Garganacl|Salt Cure|p1a: Umbreon
|-damage|p1a: Umbreon|90/100
|-start|p1a: Umbreon|Salt Cure
|
|-heal|p1a: Umbreon|96/100|[from] Grassy Terrain
|-heal|p2a: Garganacl|71/100|[from] Grassy Terrain
|-damage|p1a: Umbreon|84/100|[from] Salt Cure
|upkeep
|turn|44
|
|t:|1769408177
|switch|p2a: Iron Hands|Iron Hands|33/100 tox
|-damage|p2a: Iron Hands|27/100 tox|[from] Stealth Rock
|move|p1a: Umbreon|Foul Play|p2a: Iron Hands
|-resisted|p2a: Iron Hands
|-damage|p2a: Iron Hands|7/100 tox
|
|-heal|p1a: Umbreon|90/100|[from] Grassy Terrain
|-heal|p2a: Iron Hands|13/100 tox|[from] Grassy Terrain
|-damage|p2a: Iron Hands|7/100 tox|[from] psn
|-damage|p1a: Umbreon|77/100|[from] Salt Cure
|upkeep
|turn|45
|
|t:|1769408181
|move|p1a: Umbreon|Protect|p1a: Umbreon
|-singleturn|p1a: Umbreon|Protect
|move|p2a: Iron Hands|Supercell Slam|p1a: Umbreon
|-activate|p1a: Umbreon|move: Protect
|-damage|p2a: Iron Hands|0 fnt|[from] supercellslam
|faint|p2a: Iron Hands
|-end|p2a: Iron Hands|Quark Drive|[silent]
|
|-heal|p1a: Umbreon|83/100|[from] Grassy Terrain
|-damage|p1a: Umbreon|71/100|[from] Salt Cure
|upkeep
|
|t:|1769408185
|switch|p2a: Rillaboom|Rillaboom, M|88/100
|-damage|p2a: Rillaboom|75/100|[from] Stealth Rock
|turn|46
|
|t:|1769408192
|move|p2a: Rillaboom|Knock Off|p1a: Umbreon
|-damage|p1a: Umbreon|58/100
|move|p1a: Umbreon|Wish|p1a: Umbreon
|
|-heal|p2a: Rillaboom|81/100|[from] Grassy Terrain
|-heal|p1a: Umbreon|64/100|[from] Grassy Terrain
|-damage|p1a: Umbreon|52/100|[from] Salt Cure
|upkeep
|turn|47
|
|t:|1769408197
|switch|p2a: Garganacl|Garganacl, F|71/100
|-damage|p2a: Garganacl|58/100|[from] Stealth Rock
|move|p1a: Umbreon|Foul Play|p2a: Garganacl
|-damage|p2a: Garganacl|36/100
|
|-heal|p1a: Umbreon|100/100|[from] move: Wish|[wisher] Umbreon
|-heal|p2a: Garganacl|42/100|[from] Grassy Terrain
|-damage|p1a: Umbreon|88/100|[from] Salt Cure
|-fieldend|move: Grassy Terrain
|upkeep
|turn|48
|
|t:|1769408200
|move|p1a: Umbreon|Foul Play|p2a: Garganacl
|-damage|p2a: Garganacl|19/100
|move|p2a: Garganacl|Recover|p2a: Garganacl
|-heal|p2a: Garganacl|69/100
|
|-damage|p1a: Umbreon|76/100|[from] Salt Cure
|upkeep
|turn|49
|
|t:|1769408202
|switch|p1a: Espeon|Espeon, F|100/100
|switch|p2a: Rillaboom|Rillaboom, M|81/100
|-damage|p2a: Rillaboom|69/100|[from] Stealth Rock
|-fieldstart|move: Grassy Terrain|[from] ability: Grassy Surge|[of] p2a: Rillaboom
|
|-heal|p2a: Rillaboom|75/100|[from] Grassy Terrain
|upkeep
|turn|50
|
|t:|1769408205
|switch|p1a: Umbreon|Umbreon, F, tera:Poison|76/100
|-damage|p1a: Umbreon|63/100|[from] Stealth Rock
|-terastallize|p2a: Rillaboom|Grass
|move|p2a: Rillaboom|Grassy Glide|p1a: Umbreon
|-resisted|p1a: Umbreon
|-damage|p1a: Umbreon|46/100
|
|-heal|p2a: Rillaboom|81/100|[from] Grassy Terrain
|-heal|p1a: Umbreon|52/100|[from] Grassy Terrain
|upkeep
|turn|51
|
|t:|1769408209
|move|p2a: Rillaboom|U-turn|p1a: Umbreon
|-resisted|p1a: Umbreon
|-damage|p1a: Umbreon|44/100
|
|t:|1769408211
|switch|p2a: Garganacl|Garganacl, F|69/100|[from] U-turn
|-damage|p2a: Garganacl|56/100|[from] Stealth Rock
|move|p1a: Umbreon|Wish|p1a: Umbreon
|
|-heal|p1a: Umbreon|50/100|[from] Grassy Terrain
|-heal|p2a: Garganacl|63/100|[from] Grassy Terrain
|upkeep
|turn|52
|
|t:|1769408216
|move|p1a: Umbreon|Protect|p1a: Umbreon
|-singleturn|p1a: Umbreon|Protect
|move|p2a: Garganacl|Salt Cure|p1a: Umbreon
|-activate|p1a: Umbreon|move: Protect
|
|-heal|p1a: Umbreon|99/100|[from] move: Wish|[wisher] Umbreon
|-heal|p1a: Umbreon|100/100|[from] Grassy Terrain
|-heal|p2a: Garganacl|69/100|[from] Grassy Terrain
|upkeep
|turn|53
|
|t:|1769408218
|move|p1a: Umbreon|Foul Play|p2a: Garganacl
|-damage|p2a: Garganacl|47/100
|move|p2a: Garganacl|Salt Cure|p1a: Umbreon
|-damage|p1a: Umbreon|92/100
|-start|p1a: Umbreon|Salt Cure
|
|-heal|p1a: Umbreon|98/100|[from] Grassy Terrain
|-heal|p2a: Garganacl|53/100|[from] Grassy Terrain
|-damage|p1a: Umbreon|86/100|[from] Salt Cure
|upkeep
|turn|54
|
|t:|1769408221
|switch|p2a: Rillaboom|Rillaboom, M, tera:Grass|81/100
|-damage|p2a: Rillaboom|69/100|[from] Stealth Rock
|move|p1a: Umbreon|Foul Play|p2a: Rillaboom
|-damage|p2a: Rillaboom|16/100
|
|-heal|p2a: Rillaboom|22/100|[from] Grassy Terrain
|-heal|p1a: Umbreon|92/100|[from] Grassy Terrain
|-damage|p1a: Umbreon|79/100|[from] Salt Cure
|upkeep
|turn|55
|
|t:|1769408226
|move|p2a: Rillaboom|Knock Off|p1a: Umbreon
|-damage|p1a: Umbreon|66/100
|move|p1a: Umbreon|Foul Play|p2a: Rillaboom
|-damage|p2a: Rillaboom|0 fnt
|faint|p2a: Rillaboom
|
|-heal|p1a: Umbreon|72/100|[from] Grassy Terrain
|-damage|p1a: Umbreon|60/100|[from] Salt Cure
|upkeep
|-message|Phillip Blevin forfeited.
|
|win|one_angry_jew
|raw|one_angry_jew's rating: 1434 &rarr; <strong>1456</strong><br />(+22 for winning)
|raw|Phillip Blevin's rating: 1468 &rarr; <strong>1446</strong><br />(-22 for losing)
|l|☆Phillip Blevin
|player|p2|
|l|☆one_angry_jew
|player|p1|
