|j|☆YOHZZI
|j|☆LaCopiadeElPikoso
|t:|1769419819
|gametype|singles
|player|p1|YOHZZI|teamrocket|1262
|player|p2|LaCopiadeElPikoso|teamrocket|1313
|gen|9
|tier|[Gen 9] OU
|rated|
|rule|HP Percentage Mod: HP is shown in percentages
|rule|Endless Battle Clause: Forcing endless battles is banned
|rule|Species Clause: Limit one of each Pokémon
|rule|OHKO Clause: OHKO moves are banned
|rule|Evasion Items Clause: Evasion items are banned
|rule|Evasion Moves Clause: Evasion moves are banned
|rule|Evasion Abilities Clause: Evasion abilities are banned
|rule|Sleep Moves Clause: Sleep-inducing moves are banned
|clearpoke
|poke|p1|Landorus-Therian, M|
|poke|p1|Kyurem|
|poke|p1|Gholdengo|
|poke|p1|Samurott-Hisui, M|
|poke|p1|Great Tusk|
|poke|p1|Maushold-Four|
|poke|p2|Indeedee, M|
|poke|p2|Hatterene, F|
|poke|p2|Ursaluna, F|
|poke|p2|Iron Hands|
|poke|p2|Hoopa-Unbound|
|poke|p2|Mimikyu, F|
|teampreview
|c|☆YOHZZI|why man
|inactive|Battle timer is ON: inactive players will automatically lose when time's up. (requested by YOHZZI)
|
|t:|1769419842
|teamsize|p1|6
|teamsize|p2|6
|start
|switch|p1a: Landorus|Landorus-Therian, M|100/100
|switch|p2a: Subaru|Indeedee, M, shiny|100/100
|-ability|p1a: Landorus|Intimidate|boost
|-unboost|p2a: Subaru|atk|1
|-fieldstart|move: Psychic Terrain|[from] ability: Psychic Surge|[of] p2a: Subaru
|turn|1
|c|☆LaCopiadeElPikoso|why what
|
|t:|1769419851
|move|p1a: Landorus|Taunt|p2a: Subaru
|-start|p2a: Subaru|move: Taunt
|cant|p2a: Subaru|move: Taunt|Trick Room
|
|upkeep
|turn|2
|c|☆YOHZZI|I don't have the energy for t room rn
|
|t:|1769419859
|switch|p2a: Satella|Hatterene, F, shiny|100/100
|move|p1a: Landorus|U-turn|p2a: Satella
|-damage|p2a: Satella|76/100
|
|t:|1769419865
|switch|p1a: Gholdengo|Gholdengo|100/100|[from] U-turn
|-item|p1a: Gholdengo|Air Balloon
|
|upkeep
|turn|3
|
|t:|1769419877
|switch|p2a: King Von|Hoopa-Unbound|100/100
|-enditem|p2a: King Von|Psychic Seed
|-boost|p2a: King Von|spd|1|[from] item: Psychic Seed
|move|p1a: Gholdengo|Make It Rain|p2a: King Von
|-damage|p2a: King Von|66/100
|-unboost|p1a: Gholdengo|spa|1
|
|upkeep
|turn|4
|
|t:|1769419886
|switch|p1a: Samurott|Samurott-Hisui, M, shiny|100/100
|move|p2a: King Von|Trick Room|p2a: King Von
|-fieldstart|move: Trick Room|[of] p2a: King Von
|
|upkeep
|turn|5
|c|☆LaCopiadeElPikoso|oh u know the team xdd
|
|t:|1769419903
|move|p2a: King Von|Focus Blast|p1a: Samurott|[miss]
|-miss|p2a: King Von|p1a: Samurott
|move|p1a: Samurott|Razor Shell|p2a: King Von
|-damage|p2a: King Von|10/100
|
|upkeep
|turn|6
|c|☆YOHZZI|faced it last match
|
|t:|1769419907
|move|p1a: Samurott|Sucker Punch|p2a: King Von
|-activate|p2a: King Von|move: Psychic Terrain
|move|p2a: King Von|Focus Blast|p1a: Samurott
|-supereffective|p1a: Samurott
|-damage|p1a: Samurott|29/100
|-item|p2a: King Von|Assault Vest|[from] ability: Magician|[of] p1a: Samurott
|
|upkeep
|turn|7
|c|☆YOHZZI|wow i forgot about terrain
|
|t:|1769419920
|switch|p1a: Gholdengo|Gholdengo|100/100
|-item|p1a: Gholdengo|Air Balloon
|move|p2a: King Von|Focus Blast|p1a: Gholdengo
|-immune|p1a: Gholdengo
|
|upkeep
|turn|8
|
|t:|1769419925
|switch|p1a: Samurott|Samurott-Hisui, M, shiny|29/100
|move|p2a: King Von|Hyperspace Fury|p1a: Samurott
|-resisted|p1a: Samurott
|-damage|p1a: Samurott|3/100
|-unboost|p2a: King Von|def|1
|
|-fieldend|move: Trick Room
|-fieldend|move: Psychic Terrain
|upkeep
|turn|9
|
|t:|1769419929
|switch|p2a: Mimi|Mimikyu, F, shiny|100/100
|move|p1a: Samurott|Sucker Punch||[still]
|-fail|p1a: Samurott
|
|upkeep
|turn|10
|
|t:|1769419934
|move|p1a: Samurott|Ceaseless Edge|p2a: Mimi
|-activate|p2a: Mimi|ability: Disguise
|-damage|p2a: Mimi|100/100
|-sidestart|p2: LaCopiadeElPikoso|Spikes
|detailschange|p2a: Mimi|Mimikyu-Busted, F, shiny
|-damage|p2a: Mimi|88/100|[from] pokemon: Mimikyu-Busted
|-enditem|p2a: Mimi|Red Card|[of] p1a: Samurott
|drag|p1a: Maushold|Maushold-Four|100/100
|move|p2a: Mimi|Trick Room|p2a: Mimi
|-fieldstart|move: Trick Room|[of] p2a: Mimi
|
|upkeep
|turn|11
|
|t:|1769419950
|switch|p2a: 5 Nights in TR|Ursaluna, F, shiny|100/100
|-damage|p2a: 5 Nights in TR|88/100|[from] Spikes
|move|p1a: Maushold|Encore||[still]
|-fail|p1a: Maushold
|
|-status|p2a: 5 Nights in TR|brn|[from] item: Flame Orb
|upkeep
|turn|12
|
|t:|1769419963
|switch|p1a: Gholdengo|Gholdengo|100/100
|-item|p1a: Gholdengo|Air Balloon
|move|p2a: 5 Nights in TR|Headlong Rush|p1a: Gholdengo
|-immune|p1a: Gholdengo
|
|-damage|p2a: 5 Nights in TR|82/100 brn|[from] brn
|upkeep
|turn|13
|
|t:|1769419981
|move|p2a: 5 Nights in TR|Supercell Slam|p1a: Gholdengo
|-damage|p1a: Gholdengo|37/100
|-enditem|p1a: Gholdengo|Air Balloon
|move|p1a: Gholdengo|Make It Rain|p2a: 5 Nights in TR
|-damage|p2a: 5 Nights in TR|28/100 brn
|-unboost|p1a: Gholdengo|spa|1
|
|-damage|p2a: 5 Nights in TR|22/100 brn|[from] brn
|upkeep
|turn|14
|
|t:|1769419996
|switch|p1a: Landorus|Landorus-Therian, M|100/100
|-ability|p1a: Landorus|Intimidate|boost
|-unboost|p2a: 5 Nights in TR|atk|1
|move|p2a: 5 Nights in TR|Ice Punch|p1a: Landorus
|-supereffective|p1a: Landorus
|-damage|p1a: Landorus|0 fnt
|-damage|p2a: 5 Nights in TR|5/100 brn|[from] item: Rocky Helmet|[of] p1a: Landorus
|faint|p1a: Landorus
|
|-damage|p2a: 5 Nights in TR|0 fnt|[from] brn
|faint|p2a: 5 Nights in TR
|-fieldend|move: Trick Room
|upkeep
|c|☆YOHZZI|wow
|inactive|YOHZZI has 120 seconds left.
|c|☆LaCopiadeElPikoso|what a predic
|
|t:|1769420021
|switch|p1a: Maushold|Maushold-Four|100/100
|switch|p2a: Subaru|Indeedee, M, shiny|100/100
|-damage|p2a: Subaru|88/100|[from] Spikes
|-fieldstart|move: Psychic Terrain|[from] ability: Psychic Surge|[of] p2a: Subaru
|turn|15
|c|☆LaCopiadeElPikoso|ngl
|
|t:|1769420031
|move|p1a: Maushold|Population Bomb|p2a: Subaru
|-crit|p2a: Subaru
|-damage|p2a: Subaru|70/100
|-damage|p2a: Subaru|59/100
|-damage|p2a: Subaru|46/100
|-damage|p2a: Subaru|34/100
|-damage|p2a: Subaru|22/100
|-damage|p2a: Subaru|11/100
|-damage|p2a: Subaru|0 fnt
|faint|p2a: Subaru
|-hitcount|p2: Subaru|7
|
|upkeep
|
|t:|1769420038
|switch|p2a: Mimi|Mimikyu-Busted, F, shiny|88/100
|-damage|p2a: Mimi|76/100|[from] Spikes
|turn|16
|
|t:|1769420054
|move|p1a: Maushold|Tidy Up|p1a: Maushold
|-sideend|p2: LaCopiadeElPikoso|Spikes
|-activate|p1a: Maushold|move: Tidy Up
|-boost|p1a: Maushold|atk|1
|-boost|p1a: Maushold|spe|1
|move|p2a: Mimi|Trick Room|p2a: Mimi
|-fieldstart|move: Trick Room|[of] p2a: Mimi
|
|upkeep
|turn|17
|
|t:|1769420067
|move|p2a: Mimi|Destiny Bond|p2a: Mimi
|-singlemove|p2a: Mimi|Destiny Bond
|move|p1a: Maushold|Bite|p2a: Mimi
|-damage|p2a: Mimi|45/100
|
|upkeep
|turn|18
|
|t:|1769420074
|move|p2a: Mimi|Curse|p1a: Maushold
|-start|p1a: Maushold|Curse|[of] p2a: Mimi
|-damage|p2a: Mimi|0 fnt
|faint|p2a: Mimi
|move|p1a: Maushold|Encore|p2: Mimi|[notarget]
|-fail|p1a: Maushold
|
|-damage|p1a: Maushold|76/100|[from] Curse
|upkeep
|
|t:|1769420077
|switch|p2a: Satella|Hatterene, F, shiny|76/100
|turn|19
|inactive|YOHZZI has 120 seconds left.
|
|t:|1769420128
|switch|p1a: Samurott|Samurott-Hisui, M, shiny|3/100
|move|p2a: Satella|Expanding Force|p1a: Samurott
|-immune|p1a: Samurott
|
|upkeep
|turn|20
|
|t:|1769420141
|switch|p1a: Gholdengo|Gholdengo|37/100
|move|p2a: Satella|Mystical Fire|p1a: Gholdengo
|-supereffective|p1a: Gholdengo
|-damage|p1a: Gholdengo|0 fnt
|faint|p1a: Gholdengo
|-damage|p2a: Satella|66/100|[from] item: Life Orb
|
|-fieldend|move: Trick Room
|upkeep
|inactive|YOHZZI has 90 seconds left.
|inactive|YOHZZI has 60 seconds left.
|c|☆LaCopiadeElPikoso|bro?
|c|☆YOHZZI|sorry
|c|☆YOHZZI|my teacher came
|
|t:|1769420208
|switch|p1a: Maushold|Maushold-Four|76/100
|turn|21
|inactive|LaCopiadeElPikoso has 120 seconds left.
|
|t:|1769420239
|move|p1a: Maushold|Population Bomb|p2a: Satella
|-damage|p2a: Satella|53/100
|-damage|p2a: Satella|40/100
|-damage|p2a: Satella|29/100
|-damage|p2a: Satella|15/100
|-damage|p2a: Satella|3/100
|-damage|p2a: Satella|0 fnt
|faint|p2a: Satella
|-hitcount|p2: Satella|6
|
|upkeep
|
|t:|1769420241
|switch|p2a: LEBRON|Iron Hands, shiny|100/100
|-enditem|p2a: LEBRON|Booster Energy
|-activate|p2a: LEBRON|ability: Quark Drive|[fromitem]
|-start|p2a: LEBRON|quarkdriveatk
|turn|22
|inactive|YOHZZI has 60 seconds left.
|
|t:|1769420255
|-terastallize|p1a: Maushold|Ghost
|move|p1a: Maushold|Tidy Up|p1a: Maushold
|-boost|p1a: Maushold|atk|1
|-boost|p1a: Maushold|spe|1
|move|p2a: LEBRON|Close Combat|p1a: Maushold
|-immune|p1a: Maushold
|
|-fieldend|move: Psychic Terrain
|upkeep
|turn|23
|inactive|YOHZZI has 60 seconds left.
|
|t:|1769420262
|move|p1a: Maushold|Encore|p2a: LEBRON
|-start|p2a: LEBRON|Encore
|move|p2a: LEBRON|Close Combat|p1a: Maushold
|-immune|p1a: Maushold
|
|upkeep
|turn|24
|
|t:|1769420265
|-end|p2a: LEBRON|Quark Drive|[silent]
|switch|p2a: King Von|Hoopa-Unbound|10/100
|move|p1a: Maushold|Tidy Up|p1a: Maushold
|-boost|p1a: Maushold|atk|1
|-boost|p1a: Maushold|spe|1
|
|upkeep
|turn|25
|
|t:|1769420269
|move|p1a: Maushold|Population Bomb|p2a: King Von
|-damage|p2a: King Von|0 fnt
|faint|p2a: King Von
|-hitcount|p2: King Von|1
|
|upkeep
|
|t:|1769420271
|switch|p2a: LEBRON|Iron Hands, shiny|100/100
|turn|26
|
|t:|1769420273
|move|p1a: Maushold|Population Bomb|p2a: LEBRON
|-damage|p2a: LEBRON|86/100
|-damage|p2a: LEBRON|71/100
|-damage|p2a: LEBRON|55/100
|-damage|p2a: LEBRON|40/100
|-damage|p2a: LEBRON|25/100
|-damage|p2a: LEBRON|10/100
|-damage|p2a: LEBRON|0 fnt
|faint|p2a: LEBRON
|-end|p2a: LEBRON|Quark Drive|[silent]
|-hitcount|p2: LEBRON|7
|
|win|YOHZZI
|raw|YOHZZI's rating: 1262 &rarr; <strong>1291</strong><br />(+29 for winning)
|raw|LaCopiadeElPikoso's rating: 1313 &rarr; <strong>1290</strong><br />(-23 for losing)
|c|☆YOHZZI|gg bro
|c|☆LaCopiadeElPikoso|gg
|c|☆LaCopiadeElPikoso|u aere in class too
|c|☆LaCopiadeElPikoso|xd
|c|☆YOHZZI|yup
|c|☆LaCopiadeElPikoso|me too
|c|☆LaCopiadeElPikoso|but i have a good spot
|c|☆YOHZZI|im almost at the front
|c|☆LaCopiadeElPikoso|i have my teacher in my left
|c|☆LaCopiadeElPikoso|so imagine
|c|☆YOHZZI|showdown is lowk gonna make me fail my classes
|c|☆YOHZZI|but its worth it
|l|☆YOHZZI
|player|p1|
