|j|☆kalv08
|j|‽bryan_184v
|t:|1769364491
|gametype|singles
|player|p1|kalv08|nate|1131
|player|p2|bryan_184v|265|1119
|gen|9
|tier|[Gen 9] OU
|rated|
|rule|HP Percentage Mod: HP is shown in percentages
|rule|Endless Battle Clause: Forcing endless battles is banned
|rule|Species Clause: Limit one of each Pokémon
|rule|OHKO Clause: OHKO moves are banned
|rule|Evasion Items Clause: Evasion items are banned
|rule|Evasion Moves Clause: Evasion moves are banned
|rule|Evasion Abilities Clause: Evasion abilities are banned
|rule|Sleep Moves Clause: Sleep-inducing moves are banned
|clearpoke
|poke|p1|Corviknight, F|
|poke|p1|Skeledirge, M|
|poke|p1|Garchomp, M|
|poke|p1|Bellibolt, M|
|poke|p1|Ribombee, F|
|poke|p1|Clodsire, F|
|poke|p2|Clefable, F|
|poke|p2|Gengar, F|
|poke|p2|Skarmory, F|
|poke|p2|Donphan, M|
|poke|p2|Umbreon, F|
|poke|p2|Mienshao, F|
|teampreview
|inactive|Battle timer is ON: inactive players will automatically lose when time's up. (requested by bryan_184v)
|
|t:|1769364508
|teamsize|p1|6
|teamsize|p2|6
|start
|switch|p1a: Martiño|Bellibolt, M, shiny|100/100
|switch|p2a: Gengar|Gengar, F|100/100
|turn|1
|
|t:|1769364517
|switch|p2a: Donphan|Donphan, M|100/100
|move|p1a: Martiño|Thunderbolt|p2a: Donphan
|-immune|p2a: Donphan
|
|upkeep
|turn|2
|
|t:|1769364521
|-terastallize|p1a: Martiño|Ice
|move|p1a: Martiño|Tera Blast|p2a: Donphan|[anim] Tera Blast Ice
|-supereffective|p2a: Donphan
|-ability|p2a: Donphan|Sturdy
|-damage|p2a: Donphan|1/100
|move|p2a: Donphan|Knock Off|p1a: Martiño
|-damage|p1a: Martiño|77/100
|-start|p1a: Martiño|Charge|Knock Off|[from] ability: Electromorphosis
|-enditem|p1a: Martiño|Leftovers|[from] move: Knock Off|[of] p2a: Donphan
|
|upkeep
|turn|3
|
|t:|1769364532
|move|p1a: Martiño|Tera Blast|p2a: Donphan|[anim] Tera Blast Ice
|-supereffective|p2a: Donphan
|-damage|p2a: Donphan|0 fnt
|faint|p2a: Donphan
|
|upkeep
|
|t:|1769364536
|switch|p2a: Mienshao|Mienshao, F|100/100
|turn|4
|
|t:|1769364544
|switch|p1a: Muerde|Skeledirge, M|100/100
|move|p2a: Mienshao|Fake Out|p1a: Muerde
|-immune|p1a: Muerde
|
|upkeep
|turn|5
|
|t:|1769364562
|move|p2a: Mienshao|U-turn|p1a: Muerde
|-resisted|p1a: Muerde
|-damage|p1a: Muerde|94/100
|-damage|p2a: Mienshao|91/100|[from] item: Life Orb
|
|t:|1769364565
|switch|p2a: Umbreon|Umbreon, F|100/100|[from] U-turn
|move|p1a: Muerde|Torch Song|p2a: Umbreon
|-damage|p2a: Umbreon|78/100
|-boost|p1a: Muerde|spa|1
|
|-heal|p2a: Umbreon|84/100|[from] item: Leftovers
|upkeep
|turn|6
|
|t:|1769364574
|switch|p1a: Muerdemucho|Garchomp, M|100/100
|move|p2a: Umbreon|Toxic|p1a: Muerdemucho
|-status|p1a: Muerdemucho|tox
|
|-heal|p2a: Umbreon|90/100|[from] item: Leftovers
|-damage|p1a: Muerdemucho|94/100 tox|[from] psn
|upkeep
|turn|7
|
|t:|1769364584
|move|p2a: Umbreon|Protect|p2a: Umbreon
|-singleturn|p2a: Umbreon|Protect
|move|p1a: Muerdemucho|Brick Break|p2a: Umbreon
|-activate|p2a: Umbreon|move: Protect
|
|-heal|p2a: Umbreon|96/100|[from] item: Leftovers
|-damage|p1a: Muerdemucho|82/100 tox|[from] psn
|upkeep
|turn|8
|
|t:|1769364588
|switch|p2a: Gengar|Gengar, F|100/100
|move|p1a: Muerdemucho|Brick Break|p2a: Gengar
|-immune|p2a: Gengar
|
|-damage|p1a: Muerdemucho|64/100 tox|[from] psn
|upkeep
|turn|9
|
|t:|1769364595
|switch|p1a: Gordota|Clodsire, F|100/100
|-terastallize|p2a: Gengar|Ghost
|move|p2a: Gengar|Shadow Ball|p1a: Gordota
|-damage|p1a: Gordota|73/100
|
|-heal|p1a: Gordota|79/100|[from] item: Black Sludge
|upkeep
|turn|10
|
|t:|1769364602
|switch|p2a: Skarmory|Skarmory, F|100/100
|move|p1a: Gordota|Toxic|p2a: Skarmory
|-immune|p2a: Skarmory
|
|-heal|p1a: Gordota|85/100|[from] item: Black Sludge
|upkeep
|turn|11
|
|t:|1769364608
|switch|p1a: Martiño|Bellibolt, M, shiny, tera:Ice|77/100
|move|p2a: Skarmory|Stealth Rock|p1a: Martiño
|-sidestart|p1: kalv08|move: Stealth Rock
|
|upkeep
|turn|12
|
|t:|1769364627
|switch|p2a: Clefable|Clefable, F|100/100
|move|p1a: Martiño|Thunderbolt|p2a: Clefable
|-damage|p2a: Clefable|65/100
|
|-heal|p2a: Clefable|72/100|[from] item: Leftovers
|upkeep
|turn|13
|
|t:|1769364639
|switch|p1a: Paponegro|Corviknight, F|100/100
|move|p2a: Clefable|Moonlight|p2a: Clefable
|-heal|p2a: Clefable|100/100
|
|upkeep
|turn|14
|
|t:|1769364645
|move|p1a: Paponegro|Defog|p2a: Clefable
|-unboost|p2a: Clefable|evasion|1
|-sideend|p1: kalv08|Stealth Rock|[from] move: Defog|[of] p1a: Paponegro
|move|p2a: Clefable|Thunder Wave|p1a: Paponegro|[miss]
|-miss|p2a: Clefable|p1a: Paponegro
|
|upkeep
|turn|15
|
|t:|1769364652
|move|p1a: Paponegro|Iron Head|p2a: Clefable
|-supereffective|p2a: Clefable
|-damage|p2a: Clefable|59/100
|move|p2a: Clefable|Knock Off|p1a: Paponegro
|-damage|p1a: Paponegro|93/100
|-enditem|p1a: Paponegro|Heavy-Duty Boots|[from] move: Knock Off|[of] p2a: Clefable
|
|-heal|p2a: Clefable|65/100|[from] item: Leftovers
|upkeep
|turn|16
|
|t:|1769364665
|move|p1a: Paponegro|Iron Head|p2a: Clefable
|-supereffective|p2a: Clefable
|-damage|p2a: Clefable|17/100
|move|p2a: Clefable|Thunder Wave|p1a: Paponegro
|-status|p1a: Paponegro|par
|
|-heal|p2a: Clefable|23/100|[from] item: Leftovers
|upkeep
|turn|17
|inactive|bryan_184v has 120 seconds left.
|
|t:|1769364722
|switch|p1a: Muerde|Skeledirge, M|94/100
|move|p2a: Clefable|Moonlight|p2a: Clefable
|-heal|p2a: Clefable|73/100
|
|-heal|p2a: Clefable|79/100|[from] item: Leftovers
|upkeep
|turn|18
|
|t:|1769364729
|move|p1a: Muerde|Torch Song|p2a: Clefable
|-damage|p2a: Clefable|49/100
|-boost|p1a: Muerde|spa|1
|move|p2a: Clefable|Knock Off|p1a: Muerde
|-supereffective|p1a: Muerde
|-damage|p1a: Muerde|72/100
|-enditem|p1a: Muerde|Heavy-Duty Boots|[from] move: Knock Off|[of] p2a: Clefable
|
|-heal|p2a: Clefable|55/100|[from] item: Leftovers
|upkeep
|turn|19
|
|t:|1769364740
|switch|p2a: Umbreon|Umbreon, F|96/100
|move|p1a: Muerde|Torch Song|p2a: Umbreon
|-damage|p2a: Umbreon|66/100
|-boost|p1a: Muerde|spa|1
|
|-heal|p2a: Umbreon|72/100|[from] item: Leftovers
|upkeep
|turn|20
|
|t:|1769364751
|switch|p1a: Campanilla|Ribombee, F|100/100
|move|p2a: Umbreon|Toxic|p1a: Campanilla
|-status|p1a: Campanilla|tox
|
|-heal|p2a: Umbreon|78/100|[from] item: Leftovers
|-damage|p1a: Campanilla|94/100 tox|[from] psn
|upkeep
|turn|21
|
|t:|1769364758
|move|p2a: Umbreon|Protect|p2a: Umbreon
|-singleturn|p2a: Umbreon|Protect
|move|p1a: Campanilla|Quiver Dance|p1a: Campanilla
|-boost|p1a: Campanilla|spa|1
|-boost|p1a: Campanilla|spd|1
|-boost|p1a: Campanilla|spe|1
|
|-heal|p2a: Umbreon|84/100|[from] item: Leftovers
|-damage|p1a: Campanilla|82/100 tox|[from] psn
|upkeep
|turn|22
|
|t:|1769364769
|switch|p2a: Clefable|Clefable, F|55/100
|move|p1a: Campanilla|Moonblast|p2a: Clefable
|-damage|p2a: Clefable|6/100
|
|-heal|p2a: Clefable|12/100|[from] item: Leftovers
|-damage|p1a: Campanilla|64/100 tox|[from] psn
|upkeep
|turn|23
|
|t:|1769364777
|move|p1a: Campanilla|Moonblast|p2a: Clefable
|-damage|p2a: Clefable|0 fnt
|faint|p2a: Clefable
|
|-damage|p1a: Campanilla|39/100 tox|[from] psn
|upkeep
|
|t:|1769364781
|switch|p2a: Skarmory|Skarmory, F|100/100
|turn|24
|
|t:|1769364785
|switch|p1a: Muerde|Skeledirge, M|72/100
|move|p2a: Skarmory|Stealth Rock|p1a: Muerde
|-sidestart|p1: kalv08|move: Stealth Rock
|
|upkeep
|turn|25
|
|t:|1769364791
|switch|p2a: Umbreon|Umbreon, F|84/100
|move|p1a: Muerde|Torch Song|p2a: Umbreon
|-damage|p2a: Umbreon|63/100
|-boost|p1a: Muerde|spa|1
|
|-heal|p2a: Umbreon|70/100|[from] item: Leftovers
|upkeep
|turn|26
|
|t:|1769364796
|switch|p1a: Gordota|Clodsire, F|85/100
|-damage|p1a: Gordota|79/100|[from] Stealth Rock
|move|p2a: Umbreon|Wish|p2a: Umbreon
|
|-heal|p2a: Umbreon|76/100|[from] item: Leftovers
|-heal|p1a: Gordota|85/100|[from] item: Black Sludge
|upkeep
|turn|27
|
|t:|1769364808
|switch|p2a: Skarmory|Skarmory, F|100/100
|switch|p1a: Muerde|Skeledirge, M|72/100
|-damage|p1a: Muerde|47/100|[from] Stealth Rock
|
|upkeep
|turn|28
|
|t:|1769364816
|switch|p1a: Paponegro|Corviknight, F|93/100 par
|-damage|p1a: Paponegro|81/100 par|[from] Stealth Rock
|switch|p2a: Gengar|Gengar, F, tera:Ghost|100/100
|
|upkeep
|turn|29
|
|t:|1769364823
|move|p2a: Gengar|Thunderbolt|p1a: Paponegro
|-supereffective|p1a: Paponegro
|-damage|p1a: Paponegro|20/100 par
|move|p1a: Paponegro|Defog|p2a: Gengar
|-unboost|p2a: Gengar|evasion|1
|-sideend|p1: kalv08|Stealth Rock|[from] move: Defog|[of] p1a: Paponegro
|
|upkeep
|turn|30
|
|t:|1769364830
|switch|p2a: Skarmory|Skarmory, F|100/100
|switch|p1a: Muerdemucho|Garchomp, M|64/100 tox
|
|-damage|p1a: Muerdemucho|57/100 tox|[from] psn
|upkeep
|turn|31
|
|t:|1769364843
|move|p1a: Muerdemucho|Brick Break|p2a: Skarmory
|-damage|p2a: Skarmory|84/100
|move|p2a: Skarmory|Spikes|p1a: Muerdemucho
|-sidestart|p1: kalv08|Spikes
|
|-heal|p2a: Skarmory|90/100|[from] item: Leftovers
|-damage|p1a: Muerdemucho|45/100 tox|[from] psn
|upkeep
|turn|32
|
|t:|1769364849
|switch|p1a: Paponegro|Corviknight, F|20/100 par
|move|p2a: Skarmory|Stealth Rock|p1a: Paponegro
|-sidestart|p1: kalv08|move: Stealth Rock
|
|-heal|p2a: Skarmory|96/100|[from] item: Leftovers
|upkeep
|turn|33
|
|t:|1769364855
|switch|p2a: Gengar|Gengar, F, tera:Ghost|100/100
|move|p1a: Paponegro|Defog|p2a: Gengar
|-unboost|p2a: Gengar|evasion|1
|-sideend|p1: kalv08|Spikes|[from] move: Defog|[of] p1a: Paponegro
|-sideend|p1: kalv08|Stealth Rock|[from] move: Defog|[of] p1a: Paponegro
|
|upkeep
|turn|34
|
|t:|1769364862
|switch|p1a: Gordota|Clodsire, F|85/100
|move|p2a: Gengar|Shadow Ball|p1a: Gordota
|-damage|p1a: Gordota|54/100
|-unboost|p1a: Gordota|spd|1
|
|-heal|p1a: Gordota|60/100|[from] item: Black Sludge
|upkeep
|turn|35
|
|t:|1769364872
|switch|p2a: Skarmory|Skarmory, F|96/100
|switch|p1a: Muerde|Skeledirge, M|47/100
|
|-heal|p2a: Skarmory|100/100|[from] item: Leftovers
|upkeep
|turn|36
|
|t:|1769364880
|move|p1a: Muerde|Slack Off|p1a: Muerde
|-heal|p1a: Muerde|97/100
|move|p2a: Skarmory|Whirlwind|p1a: Muerde
|drag|p1a: Martiño|Bellibolt, M, shiny, tera:Ice|77/100
|
|upkeep
|turn|37
|
|t:|1769364890
|switch|p2a: Umbreon|Umbreon, F|76/100
|move|p1a: Martiño|Thunderbolt|p2a: Umbreon
|-damage|p2a: Umbreon|51/100
|
|-heal|p2a: Umbreon|57/100|[from] item: Leftovers
|upkeep
|turn|38
|
|t:|1769364898
|switch|p1a: Gordota|Clodsire, F|60/100
|move|p2a: Umbreon|Wish|p2a: Umbreon
|
|-heal|p2a: Umbreon|63/100|[from] item: Leftovers
|-heal|p1a: Gordota|66/100|[from] item: Black Sludge
|upkeep
|turn|39
|
|t:|1769364905
|switch|p1a: Martiño|Bellibolt, M, shiny, tera:Ice|77/100
|move|p2a: Umbreon|Protect||[still]
|-fail|p2a: Umbreon
|
|-heal|p2a: Umbreon|100/100|[from] move: Wish|[wisher] Umbreon
|upkeep
|turn|40
|
|t:|1769364914
|move|p1a: Martiño|Protect|p1a: Martiño
|-singleturn|p1a: Martiño|Protect
|move|p2a: Umbreon|Toxic|p1a: Martiño
|-activate|p1a: Martiño|move: Protect
|
|upkeep
|turn|41
|
|t:|1769364918
|switch|p1a: Gordota|Clodsire, F|66/100
|move|p2a: Umbreon|Foul Play|p1a: Gordota
|-damage|p1a: Gordota|36/100
|
|-heal|p1a: Gordota|42/100|[from] item: Black Sludge
|upkeep
|turn|42
|
|t:|1769364925
|move|p2a: Umbreon|Protect|p2a: Umbreon
|-singleturn|p2a: Umbreon|Protect
|move|p1a: Gordota|Toxic|p2a: Umbreon
|-activate|p2a: Umbreon|move: Protect
|
|-heal|p1a: Gordota|49/100|[from] item: Black Sludge
|upkeep
|turn|43
|
|t:|1769364929
|switch|p2a: Skarmory|Skarmory, F|100/100
|move|p1a: Gordota|Recover|p1a: Gordota
|-heal|p1a: Gordota|99/100
|
|-heal|p1a: Gordota|100/100|[from] item: Black Sludge
|upkeep
|turn|44
|
|t:|1769364938
|switch|p1a: Muerde|Skeledirge, M|97/100
|move|p2a: Skarmory|Spikes|p1a: Muerde
|-sidestart|p1: kalv08|Spikes
|
|upkeep
|turn|45
|
|t:|1769364948
|switch|p2a: Umbreon|Umbreon, F|100/100
|move|p1a: Muerde|Earth Power|p2a: Umbreon
|-damage|p2a: Umbreon|83/100
|-unboost|p2a: Umbreon|spd|1
|
|-heal|p2a: Umbreon|90/100|[from] item: Leftovers
|upkeep
|turn|46
|
|t:|1769364960
|switch|p1a: Campanilla|Ribombee, F|39/100 tox
|-damage|p1a: Campanilla|27/100 tox|[from] Spikes
|move|p2a: Umbreon|Foul Play|p1a: Campanilla
|-resisted|p1a: Campanilla
|-damage|p1a: Campanilla|12/100 tox
|
|-heal|p2a: Umbreon|96/100|[from] item: Leftovers
|-damage|p1a: Campanilla|5/100 tox|[from] psn
|upkeep
|turn|47
|
|t:|1769364970
|move|p2a: Umbreon|Protect|p2a: Umbreon
|-singleturn|p2a: Umbreon|Protect
|move|p1a: Campanilla|Bug Buzz|p2a: Umbreon
|-activate|p2a: Umbreon|move: Protect
|
|-heal|p2a: Umbreon|100/100|[from] item: Leftovers
|-damage|p1a: Campanilla|0 fnt|[from] psn
|faint|p1a: Campanilla
|upkeep
|
|t:|1769364986
|switch|p1a: Muerdemucho|Garchomp, M|45/100 tox
|-damage|p1a: Muerdemucho|33/100 tox|[from] Spikes
|turn|48
|
|t:|1769364992
|move|p1a: Muerdemucho|Crunch|p2a: Umbreon
|-resisted|p2a: Umbreon
|-damage|p2a: Umbreon|90/100
|move|p2a: Umbreon|Foul Play|p1a: Muerdemucho
|-damage|p1a: Muerdemucho|0 fnt
|-damage|p2a: Umbreon|78/100|[from] ability: Rough Skin|[of] p1a: Muerdemucho
|faint|p1a: Muerdemucho
|
|-heal|p2a: Umbreon|84/100|[from] item: Leftovers
|upkeep
|
|t:|1769364999
|switch|p1a: Gordota|Clodsire, F|100/100
|-damage|p1a: Gordota|88/100|[from] Spikes
|turn|49
|
|t:|1769365006
|move|p2a: Umbreon|Protect|p2a: Umbreon
|-singleturn|p2a: Umbreon|Protect
|move|p1a: Gordota|Toxic|p2a: Umbreon
|-activate|p2a: Umbreon|move: Protect
|
|-heal|p2a: Umbreon|90/100|[from] item: Leftovers
|-heal|p1a: Gordota|94/100|[from] item: Black Sludge
|upkeep
|turn|50
|
|t:|1769365010
|switch|p2a: Skarmory|Skarmory, F|100/100
|move|p1a: Gordota|Liquidation|p2a: Skarmory
|-damage|p2a: Skarmory|91/100
|-unboost|p2a: Skarmory|def|1
|
|-heal|p2a: Skarmory|97/100|[from] item: Leftovers
|-heal|p1a: Gordota|100/100|[from] item: Black Sludge
|upkeep
|turn|51
|
|t:|1769365019
|switch|p1a: Martiño|Bellibolt, M, shiny, tera:Ice|77/100
|-damage|p1a: Martiño|65/100|[from] Spikes
|move|p2a: Skarmory|Stealth Rock|p1a: Martiño
|-sidestart|p1: kalv08|move: Stealth Rock
|
|-heal|p2a: Skarmory|100/100|[from] item: Leftovers
|upkeep
|turn|52
|
|t:|1769365026
|switch|p2a: Umbreon|Umbreon, F|90/100
|move|p1a: Martiño|Slack Off|p1a: Martiño
|-heal|p1a: Martiño|100/100
|
|-heal|p2a: Umbreon|96/100|[from] item: Leftovers
|upkeep
|turn|53
|
|t:|1769365032
|switch|p1a: Gordota|Clodsire, F|100/100
|-damage|p1a: Gordota|88/100|[from] Spikes
|-damage|p1a: Gordota|82/100|[from] Stealth Rock
|move|p2a: Umbreon|Foul Play|p1a: Gordota
|-damage|p1a: Gordota|54/100
|
|-heal|p2a: Umbreon|100/100|[from] item: Leftovers
|-heal|p1a: Gordota|60/100|[from] item: Black Sludge
|upkeep
|turn|54
|
|t:|1769365042
|move|p2a: Umbreon|Foul Play|p1a: Gordota
|-damage|p1a: Gordota|30/100
|move|p1a: Gordota|Recover|p1a: Gordota
|-heal|p1a: Gordota|80/100
|
|-heal|p1a: Gordota|86/100|[from] item: Black Sludge
|upkeep
|turn|55
|
|t:|1769365045
|move|p2a: Umbreon|Protect|p2a: Umbreon
|-singleturn|p2a: Umbreon|Protect
|move|p1a: Gordota|Toxic|p2a: Umbreon
|-activate|p2a: Umbreon|move: Protect
|
|-heal|p1a: Gordota|92/100|[from] item: Black Sludge
|upkeep
|turn|56
|
|t:|1769365049
|switch|p2a: Skarmory|Skarmory, F|100/100
|move|p1a: Gordota|Liquidation|p2a: Skarmory
|-damage|p2a: Skarmory|92/100
|
|-heal|p2a: Skarmory|98/100|[from] item: Leftovers
|-heal|p1a: Gordota|99/100|[from] item: Black Sludge
|upkeep
|turn|57
|
|t:|1769365052
|switch|p1a: Muerde|Skeledirge, M|97/100
|-damage|p1a: Muerde|84/100|[from] Spikes
|-damage|p1a: Muerde|60/100|[from] Stealth Rock
|move|p2a: Skarmory|Spikes|p1a: Muerde
|-sidestart|p1: kalv08|Spikes
|
|-heal|p2a: Skarmory|100/100|[from] item: Leftovers
|upkeep
|turn|58
|
|t:|1769365062
|switch|p1a: Gordota|Clodsire, F|99/100
|-damage|p1a: Gordota|82/100|[from] Spikes
|-damage|p1a: Gordota|76/100|[from] Stealth Rock
|switch|p2a: Umbreon|Umbreon, F|100/100
|
|-heal|p1a: Gordota|82/100|[from] item: Black Sludge
|upkeep
|turn|59
|
|t:|1769365072
|move|p2a: Umbreon|Protect|p2a: Umbreon
|-singleturn|p2a: Umbreon|Protect
|move|p1a: Gordota|Toxic|p2a: Umbreon
|-activate|p2a: Umbreon|move: Protect
|
|-heal|p1a: Gordota|88/100|[from] item: Black Sludge
|upkeep
|turn|60
|
|t:|1769365084
|switch|p2a: Gengar|Gengar, F, tera:Ghost|100/100
|switch|p1a: Muerde|Skeledirge, M|60/100
|-damage|p1a: Muerde|43/100|[from] Spikes
|-damage|p1a: Muerde|18/100|[from] Stealth Rock
|
|upkeep
|turn|61
|
|t:|1769365092
|move|p2a: Gengar|Shadow Ball|p1a: Muerde
|-supereffective|p1a: Muerde
|-damage|p1a: Muerde|0 fnt
|faint|p1a: Muerde
|
|upkeep
|
|t:|1769365095
|switch|p1a: Paponegro|Corviknight, F|20/100 par
|-damage|p1a: Paponegro|7/100 par|[from] Stealth Rock
|turn|62
|
|t:|1769365099
|move|p2a: Gengar|Shadow Ball|p1a: Paponegro
|-damage|p1a: Paponegro|0 fnt
|faint|p1a: Paponegro
|
|upkeep
|
|t:|1769365102
|switch|p1a: Gordota|Clodsire, F|88/100
|-damage|p1a: Gordota|72/100|[from] Spikes
|-damage|p1a: Gordota|65/100|[from] Stealth Rock
|turn|63
|
|t:|1769365117
|move|p2a: Gengar|Shadow Ball|p1a: Gordota
|-damage|p1a: Gordota|36/100
|-unboost|p1a: Gordota|spd|1
|move|p1a: Gordota|Toxic|p2a: Gengar
|-status|p2a: Gengar|tox
|
|-heal|p1a: Gordota|42/100|[from] item: Black Sludge
|-damage|p2a: Gengar|94/100 tox|[from] psn
|upkeep
|turn|64
|
|t:|1769365123
|move|p2a: Gengar|Shadow Ball|p1a: Gordota
|-damage|p1a: Gordota|0 fnt
|faint|p1a: Gordota
|
|-damage|p2a: Gengar|82/100 tox|[from] psn
|upkeep
|
|t:|1769365129
|switch|p1a: Martiño|Bellibolt, M, shiny, tera:Ice|100/100
|-damage|p1a: Martiño|84/100|[from] Spikes
|-damage|p1a: Martiño|59/100|[from] Stealth Rock
|turn|65
|
|t:|1769365135
|move|p2a: Gengar|Shadow Ball|p1a: Martiño
|-damage|p1a: Martiño|7/100
|-start|p1a: Martiño|Charge|Shadow Ball|[from] ability: Electromorphosis
|move|p1a: Martiño|Thunderbolt|p2a: Gengar
|-damage|p2a: Gengar|0 fnt
|-start|p1a: Martiño|Disable|Thunderbolt|[from] ability: Cursed Body|[of] p2a: Gengar
|faint|p2a: Gengar
|-end|p1a: Martiño|Charge|[silent]
|
|upkeep
|
|t:|1769365139
|switch|p2a: Skarmory|Skarmory, F|100/100
|turn|66
|
|t:|1769365144
|move|p2a: Skarmory|Spikes|p1a: Martiño
|-sidestart|p1: kalv08|Spikes
|move|p1a: Martiño|Tera Blast|p2a: Skarmory|[anim] Tera Blast Ice
|-damage|p2a: Skarmory|33/100
|
|-heal|p2a: Skarmory|39/100|[from] item: Leftovers
|upkeep
|turn|67
|
|t:|1769365151
|switch|p2a: Mienshao|Mienshao, F|100/100
|move|p1a: Martiño|Tera Blast|p2a: Mienshao|[anim] Tera Blast Ice
|-damage|p2a: Mienshao|20/100
|
|upkeep
|turn|68
|
|t:|1769365157
|move|p2a: Mienshao|Fake Out|p1a: Martiño
|-damage|p1a: Martiño|0 fnt
|faint|p1a: Martiño
|-damage|p2a: Mienshao|10/100|[from] item: Life Orb
|
|win|bryan_184v
|raw|kalv08's rating: 1131 &rarr; <strong>1105</strong><br />(-26 for losing)
|raw|bryan_184v's rating: 1119 &rarr; <strong>1145</strong><br />(+26 for winning)
|l|‽bryan_184v
|player|p2|
|l|☆kalv08
|player|p1|
