|j|☆Purpleaxolotl48
|j|☆Adamas-Pa
|t:|1769378156
|gametype|singles
|player|p1|Purpleaxolotl48|workerice|1359
|player|p2|Adamas-Pa|raihan|1317
|gen|9
|tier|[Gen 9] OU
|rated|
|rule|HP Percentage Mod: HP is shown in percentages
|rule|Endless Battle Clause: Forcing endless battles is banned
|rule|Species Clause: Limit one of each Pokémon
|rule|OHKO Clause: OHKO moves are banned
|rule|Evasion Items Clause: Evasion items are banned
|rule|Evasion Moves Clause: Evasion moves are banned
|rule|Evasion Abilities Clause: Evasion abilities are banned
|rule|Sleep Moves Clause: Sleep-inducing moves are banned
|clearpoke
|poke|p1|Komala, M|
|poke|p1|Swampert, M|
|poke|p1|Whimsicott, F|
|poke|p1|Frosmoth, F|
|poke|p1|Garganacl, F|
|poke|p1|Skeledirge, F|
|poke|p2|Great Tusk|
|poke|p2|Landorus-Therian, M|
|poke|p2|Slowking-Galar, F|
|poke|p2|Ogerpon-Wellspring, F|
|poke|p2|Raging Bolt|
|poke|p2|Kingambit, M|
|teampreview
|
|t:|1769378160
|teamsize|p1|6
|teamsize|p2|6
|start
|switch|p1a: Tumble|Whimsicott, F|100/100
|switch|p2a: Landorus|Landorus-Therian, M|100/100
|-ability|p2a: Landorus|Intimidate|boost
|-unboost|p1a: Tumble|atk|1
|turn|1
|
|t:|1769378172
|switch|p2a: Slowking|Slowking-Galar, F|100/100
|move|p1a: Tumble|Substitute|p1a: Tumble
|-start|p1a: Tumble|Substitute
|-damage|p1a: Tumble|76/100
|
|-heal|p1a: Tumble|82/100|[from] item: Leftovers
|upkeep
|turn|2
|
|t:|1769378178
|move|p1a: Tumble|Leech Seed|p2a: Slowking
|-start|p2a: Slowking|move: Leech Seed
|move|p2a: Slowking|Sludge Bomb|p1a: Tumble
|-supereffective|p1a: Tumble
|-end|p1a: Tumble|Substitute
|
|-heal|p1a: Tumble|88/100|[from] item: Leftovers
|-damage|p2a: Slowking|88/100|[from] Leech Seed|[of] p1a: Tumble
|-heal|p1a: Tumble|100/100|[silent]
|upkeep
|turn|3
|
|t:|1769378182
|switch|p1a: Garganacl|Garganacl, F|100/100
|move|p2a: Slowking|Sludge Bomb|p1a: Garganacl
|-resisted|p1a: Garganacl
|-damage|p1a: Garganacl|90/100
|
|-damage|p2a: Slowking|76/100|[from] Leech Seed|[of] p1a: Garganacl
|-heal|p1a: Garganacl|100/100|[silent]
|upkeep
|turn|4
|
|t:|1769378193
|switch|p2a: Great Tusk|Great Tusk|100/100
|move|p1a: Garganacl|Iron Defense|p1a: Garganacl
|-boost|p1a: Garganacl|def|2
|
|upkeep
|turn|5
|
|t:|1769378200
|move|p2a: Great Tusk|Stealth Rock|p1a: Garganacl
|-sidestart|p1: Purpleaxolotl48|move: Stealth Rock
|move|p1a: Garganacl|Salt Cure|p2a: Great Tusk
|-resisted|p2a: Great Tusk
|-damage|p2a: Great Tusk|98/100
|-start|p2a: Great Tusk|Salt Cure
|
|-damage|p2a: Great Tusk|86/100|[from] Salt Cure
|upkeep
|turn|6
|
|t:|1769378207
|move|p2a: Great Tusk|Headlong Rush|p1a: Garganacl
|-supereffective|p1a: Garganacl
|-damage|p1a: Garganacl|63/100
|-unboost|p2a: Great Tusk|def|1
|-unboost|p2a: Great Tusk|spd|1
|-damage|p2a: Great Tusk|69/100|[from] item: Rocky Helmet|[of] p1a: Garganacl
|move|p1a: Garganacl|Iron Defense|p1a: Garganacl
|-boost|p1a: Garganacl|def|2
|
|-damage|p2a: Great Tusk|57/100|[from] Salt Cure
|upkeep
|turn|7
|
|t:|1769378214
|-end|p2a: Great Tusk|Protosynthesis|[silent]
|switch|p2a: Slowking|Slowking-Galar, F|100/100
|move|p1a: Garganacl|Body Press|p2a: Slowking
|-resisted|p2a: Slowking
|-damage|p2a: Slowking|87/100
|
|upkeep
|turn|8
|
|t:|1769378216
|move|p1a: Garganacl|Salt Cure|p2a: Slowking
|-damage|p2a: Slowking|77/100
|-start|p2a: Slowking|Salt Cure
|move|p2a: Slowking|Psychic Noise|p1a: Garganacl
|-damage|p1a: Garganacl|44/100
|-start|p1a: Garganacl|move: Heal Block
|
|-damage|p2a: Slowking|64/100|[from] Salt Cure
|upkeep
|turn|9
|
|t:|1769378224
|move|p1a: Garganacl|Iron Defense|p1a: Garganacl
|-boost|p1a: Garganacl|def|2
|move|p2a: Slowking|Psychic Noise|p1a: Garganacl
|-damage|p1a: Garganacl|25/100
|
|-damage|p2a: Slowking|52/100|[from] Salt Cure
|-end|p1a: Garganacl|move: Heal Block
|upkeep
|turn|10
|
|t:|1769378230
|move|p1a: Garganacl|Recover|p1a: Garganacl
|-heal|p1a: Garganacl|75/100
|move|p2a: Slowking|Psychic Noise|p1a: Garganacl
|-damage|p1a: Garganacl|57/100
|-start|p1a: Garganacl|move: Heal Block
|
|-damage|p2a: Slowking|39/100|[from] Salt Cure
|upkeep
|turn|11
|
|t:|1769378239
|switch|p2a: Raging Bolt|Raging Bolt|100/100
|-enditem|p2a: Raging Bolt|Booster Energy
|-activate|p2a: Raging Bolt|ability: Protosynthesis|[fromitem]
|-start|p2a: Raging Bolt|protosynthesisspa
|move|p1a: Garganacl|Body Press|p2a: Raging Bolt
|-damage|p2a: Raging Bolt|19/100
|
|-end|p1a: Garganacl|move: Heal Block
|upkeep
|turn|12
|
|t:|1769378245
|switch|p1a: Tumble|Whimsicott, F|100/100
|-damage|p1a: Tumble|88/100|[from] Stealth Rock
|move|p2a: Raging Bolt|Thunderbolt|p1a: Tumble
|-resisted|p1a: Tumble
|-damage|p1a: Tumble|38/100
|
|-heal|p1a: Tumble|44/100|[from] item: Leftovers
|upkeep
|turn|13
|
|t:|1769378253
|-end|p2a: Raging Bolt|Protosynthesis|[silent]
|switch|p2a: Slowking|Slowking-Galar, F|73/100
|move|p1a: Tumble|Leech Seed|p2a: Slowking
|-start|p2a: Slowking|move: Leech Seed
|
|-heal|p1a: Tumble|51/100|[from] item: Leftovers
|-damage|p2a: Slowking|60/100|[from] Leech Seed|[of] p1a: Tumble
|-heal|p1a: Tumble|66/100|[silent]
|upkeep
|turn|14
|
|t:|1769378256
|move|p1a: Tumble|Substitute|p1a: Tumble
|-start|p1a: Tumble|Substitute
|-damage|p1a: Tumble|41/100
|move|p2a: Slowking|Psychic Noise|p1a: Tumble
|-damage|p1a: Tumble|6/100
|-start|p1a: Tumble|move: Heal Block
|
|-damage|p2a: Slowking|48/100|[from] Leech Seed|[of] p1a: Tumble
|upkeep
|turn|15
|
|t:|1769378262
|switch|p1a: Komala|Komala, M|100/100
|-damage|p1a: Komala|88/100|[from] Stealth Rock
|-ability|p1a: Komala|Comatose
|move|p2a: Slowking|Psychic Noise|p1a: Komala
|-damage|p1a: Komala|66/100
|-start|p1a: Komala|move: Heal Block
|
|-damage|p2a: Slowking|35/100|[from] Leech Seed|[of] p1a: Komala
|upkeep
|turn|16
|
|t:|1769378270
|switch|p2a: Great Tusk|Great Tusk|57/100
|move|p1a: Komala|Rapid Spin|p2a: Great Tusk
|-damage|p2a: Great Tusk|44/100
|-boost|p1a: Komala|spe|1
|-damage|p1a: Komala|49/100|[from] item: Rocky Helmet|[of] p2a: Great Tusk
|-sideend|p1: Purpleaxolotl48|Stealth Rock|[from] move: Rapid Spin|[of] p1a: Komala
|
|-end|p1a: Komala|move: Heal Block
|upkeep
|turn|17
|
|t:|1769378275
|switch|p1a: Tumble|Whimsicott, F|6/100
|move|p2a: Great Tusk|Stealth Rock|p1a: Tumble
|-sidestart|p1: Purpleaxolotl48|move: Stealth Rock
|
|-heal|p1a: Tumble|13/100|[from] item: Leftovers
|upkeep
|turn|18
|
|t:|1769378278
|move|p1a: Tumble|Encore|p2a: Great Tusk
|-start|p2a: Great Tusk|Encore
|move|p2a: Great Tusk|Stealth Rock||[still]
|-fail|p2a: Great Tusk
|
|-heal|p1a: Tumble|19/100|[from] item: Leftovers
|upkeep
|turn|19
|
|t:|1769378281
|-end|p2a: Great Tusk|Protosynthesis|[silent]
|switch|p2a: Slowking|Slowking-Galar, F|69/100
|move|p1a: Tumble|Leech Seed|p2a: Slowking|[miss]
|-miss|p1a: Tumble|p2a: Slowking
|
|-heal|p1a: Tumble|25/100|[from] item: Leftovers
|upkeep
|turn|20
|
|t:|1769378285
|switch|p1a: Komala|Komala, M|49/100
|-damage|p1a: Komala|37/100|[from] Stealth Rock
|-ability|p1a: Komala|Comatose
|move|p2a: Slowking|Sludge Bomb|p1a: Komala
|-damage|p1a: Komala|10/100
|
|-heal|p1a: Komala|16/100|[from] item: Leftovers
|upkeep
|turn|21
|
|t:|1769378294
|move|p1a: Komala|Rapid Spin|p2a: Slowking
|-damage|p2a: Slowking|52/100
|-boost|p1a: Komala|spe|1
|-sideend|p1: Purpleaxolotl48|Stealth Rock|[from] move: Rapid Spin|[of] p1a: Komala
|move|p2a: Slowking|Sludge Bomb|p1a: Komala
|-damage|p1a: Komala|0 fnt
|faint|p1a: Komala
|
|upkeep
|
|t:|1769378297
|switch|p1a: Frosmoth|Frosmoth, F|100/100
|turn|22
|
|t:|1769378304
|move|p1a: Frosmoth|Quiver Dance|p1a: Frosmoth
|-boost|p1a: Frosmoth|spa|1
|-boost|p1a: Frosmoth|spd|1
|-boost|p1a: Frosmoth|spe|1
|move|p2a: Slowking|Flamethrower|p1a: Frosmoth
|-supereffective|p1a: Frosmoth
|-damage|p1a: Frosmoth|58/100
|
|upkeep
|turn|23
|
|t:|1769378310
|move|p1a: Frosmoth|Ice Beam|p2a: Slowking
|-damage|p2a: Slowking|15/100
|move|p2a: Slowking|Flamethrower|p1a: Frosmoth
|-supereffective|p1a: Frosmoth
|-damage|p1a: Frosmoth|20/100
|
|upkeep
|turn|24
|
|t:|1769378319
|switch|p2a: Raging Bolt|Raging Bolt|19/100
|move|p1a: Frosmoth|Bug Buzz|p2a: Raging Bolt
|-damage|p2a: Raging Bolt|0 fnt
|faint|p2a: Raging Bolt
|-end|p2a: Raging Bolt|Protosynthesis|[silent]
|
|upkeep
|
|t:|1769378327
|switch|p2a: Slowking|Slowking-Galar, F|48/100
|turn|25
|
|t:|1769378337
|switch|p1a: Garganacl|Garganacl, F|57/100
|move|p2a: Slowking|Sludge Bomb|p1a: Garganacl
|-resisted|p1a: Garganacl
|-damage|p1a: Garganacl|47/100
|
|upkeep
|turn|26
|inactive|Battle timer is ON: inactive players will automatically lose when time's up. (requested by Adamas-Pa)
|
|t:|1769378346
|switch|p2a: Ogerpon|Ogerpon-Wellspring, F|100/100
|move|p1a: Garganacl|Recover|p1a: Garganacl
|-heal|p1a: Garganacl|97/100
|
|upkeep
|turn|27
|
|t:|1769378356
|switch|p1a: Tumble|Whimsicott, F|25/100
|-terastallize|p2a: Ogerpon|Water
|detailschange|p2a: Ogerpon|Ogerpon-Wellspring-Tera, F, tera:Water
|-ability|p2a: Ogerpon|Embody Aspect (Wellspring)|boost
|-boost|p2a: Ogerpon|spd|1
|move|p2a: Ogerpon|Ivy Cudgel|p1a: Tumble|[anim] Ivy Cudgel Water
|-resisted|p1a: Tumble
|-damage|p1a: Tumble|0 fnt
|faint|p1a: Tumble
|
|upkeep
|
|t:|1769378362
|switch|p1a: Skeledirge|Skeledirge, F|100/100
|turn|28
|
|t:|1769378367
|-terastallize|p1a: Skeledirge|Water
|move|p2a: Ogerpon|Ivy Cudgel|p1a: Skeledirge|[anim] Ivy Cudgel Water
|-resisted|p1a: Skeledirge
|-damage|p1a: Skeledirge|74/100
|move|p1a: Skeledirge|Will-O-Wisp|p2a: Ogerpon
|-status|p2a: Ogerpon|brn
|
|-damage|p2a: Ogerpon|95/100 brn|[from] brn
|upkeep
|turn|29
|
|t:|1769378374
|move|p2a: Ogerpon|Knock Off|p1a: Skeledirge
|-damage|p1a: Skeledirge|61/100
|-enditem|p1a: Skeledirge|Heavy-Duty Boots|[from] move: Knock Off|[of] p2a: Ogerpon
|move|p1a: Skeledirge|Torch Song|p2a: Ogerpon
|-resisted|p2a: Ogerpon
|-damage|p2a: Ogerpon|77/100 brn
|-boost|p1a: Skeledirge|spa|1
|
|-damage|p2a: Ogerpon|71/100 brn|[from] brn
|upkeep
|turn|30
|
|t:|1769378382
|move|p2a: Ogerpon|U-turn|p1a: Skeledirge
|-damage|p1a: Skeledirge|53/100
|inactive|Adamas-Pa has 120 seconds left.
|
|t:|1769378438
|switch|p2a: Great Tusk|Great Tusk|44/100|[from] U-turn
|move|p1a: Skeledirge|Hex|p2a: Great Tusk
|-damage|p2a: Great Tusk|0 fnt
|faint|p2a: Great Tusk
|-end|p2a: Great Tusk|Protosynthesis|[silent]
|
|upkeep
|
|t:|1769378448
|switch|p2a: Ogerpon|Ogerpon-Wellspring-Tera, F, tera:Water|71/100 brn
|-ability|p2a: Ogerpon|Embody Aspect (Wellspring)|boost
|-boost|p2a: Ogerpon|spd|1
|turn|31
|
|t:|1769378459
|move|p2a: Ogerpon|Wood Hammer|p1a: Skeledirge
|-supereffective|p1a: Skeledirge
|-damage|p1a: Skeledirge|4/100
|-damage|p2a: Ogerpon|49/100 brn|[from] Recoil
|move|p1a: Skeledirge|Slack Off|p1a: Skeledirge
|-heal|p1a: Skeledirge|54/100
|
|-damage|p2a: Ogerpon|43/100 brn|[from] brn
|upkeep
|turn|32
|
|t:|1769378468
|switch|p2a: Slowking|Slowking-Galar, F|81/100
|move|p1a: Skeledirge|Slack Off|p1a: Skeledirge
|-heal|p1a: Skeledirge|100/100
|
|upkeep
|turn|33
|
|t:|1769378473
|switch|p1a: Swampert|Swampert, M|100/100
|move|p2a: Slowking|Sludge Bomb|p1a: Swampert
|-resisted|p1a: Swampert
|-damage|p1a: Swampert|86/100
|
|-heal|p1a: Swampert|92/100|[from] item: Leftovers
|upkeep
|turn|34
|
|t:|1769378481
|switch|p2a: Landorus|Landorus-Therian, M|100/100
|-ability|p2a: Landorus|Intimidate|boost
|-unboost|p1a: Swampert|atk|1
|move|p1a: Swampert|Stealth Rock|p2a: Landorus
|-sidestart|p2: Adamas-Pa|move: Stealth Rock
|
|-heal|p1a: Swampert|99/100|[from] item: Leftovers
|upkeep
|turn|35
|
|t:|1769378490
|switch|p1a: Frosmoth|Frosmoth, F|20/100
|move|p2a: Landorus|U-turn|p1a: Frosmoth
|-damage|p1a: Frosmoth|0 fnt
|faint|p1a: Frosmoth
|
|t:|1769378497
|switch|p2a: Slowking|Slowking-Galar, F|100/100|[from] U-turn
|-damage|p2a: Slowking|88/100|[from] Stealth Rock
|
|upkeep
|
|t:|1769378501
|switch|p1a: Garganacl|Garganacl, F|97/100
|turn|36
|
|t:|1769378504
|move|p1a: Garganacl|Iron Defense|p1a: Garganacl
|-boost|p1a: Garganacl|def|2
|move|p2a: Slowking|Sludge Bomb|p1a: Garganacl
|-resisted|p1a: Garganacl
|-damage|p1a: Garganacl|85/100
|
|upkeep
|turn|37
|
|t:|1769378509
|move|p1a: Garganacl|Salt Cure|p2a: Slowking
|-damage|p2a: Slowking|78/100
|-start|p2a: Slowking|Salt Cure
|move|p2a: Slowking|Sludge Bomb|p1a: Garganacl
|-resisted|p1a: Garganacl
|-damage|p1a: Garganacl|75/100
|
|-damage|p2a: Slowking|66/100|[from] Salt Cure
|upkeep
|turn|38
|
|t:|1769378513
|move|p1a: Garganacl|Iron Defense|p1a: Garganacl
|-boost|p1a: Garganacl|def|2
|move|p2a: Slowking|Sludge Bomb|p1a: Garganacl
|-resisted|p1a: Garganacl
|-damage|p1a: Garganacl|64/100
|
|-damage|p2a: Slowking|53/100|[from] Salt Cure
|upkeep
|turn|39
|
|t:|1769378519
|switch|p2a: Landorus|Landorus-Therian, M|100/100
|-damage|p2a: Landorus|88/100|[from] Stealth Rock
|-ability|p2a: Landorus|Intimidate|boost
|-unboost|p1a: Garganacl|atk|1
|move|p1a: Garganacl|Recover|p1a: Garganacl
|-heal|p1a: Garganacl|100/100
|
|upkeep
|turn|40
|
|t:|1769378521
|move|p2a: Landorus|Earthquake|p1a: Garganacl
|-supereffective|p1a: Garganacl
|-damage|p1a: Garganacl|75/100
|move|p1a: Garganacl|Salt Cure|p2a: Landorus
|-damage|p2a: Landorus|76/100
|-start|p2a: Landorus|Salt Cure
|
|-damage|p2a: Landorus|64/100|[from] Salt Cure
|upkeep
|turn|41
|
|t:|1769378526
|move|p2a: Landorus|Earthquake|p1a: Garganacl
|-supereffective|p1a: Garganacl
|-damage|p1a: Garganacl|50/100
|move|p1a: Garganacl|Iron Defense|p1a: Garganacl
|-boost|p1a: Garganacl|def|2
|
|-damage|p2a: Landorus|51/100|[from] Salt Cure
|upkeep
|turn|42
|
|t:|1769378528
|move|p2a: Landorus|Earthquake|p1a: Garganacl
|-supereffective|p1a: Garganacl
|-damage|p1a: Garganacl|29/100
|move|p1a: Garganacl|Recover|p1a: Garganacl
|-heal|p1a: Garganacl|79/100
|
|-damage|p2a: Landorus|39/100|[from] Salt Cure
|upkeep
|turn|43
|
|t:|1769378531
|move|p2a: Landorus|Earthquake|p1a: Garganacl
|-supereffective|p1a: Garganacl
|-damage|p1a: Garganacl|59/100
|move|p1a: Garganacl|Recover|p1a: Garganacl
|-heal|p1a: Garganacl|100/100
|
|-damage|p2a: Landorus|26/100|[from] Salt Cure
|upkeep
|turn|44
|
|t:|1769378534
|move|p2a: Landorus|Earthquake|p1a: Garganacl
|-supereffective|p1a: Garganacl
|-damage|p1a: Garganacl|81/100
|move|p1a: Garganacl|Salt Cure|p2a: Landorus
|-crit|p2a: Landorus
|-damage|p2a: Landorus|2/100
|
|-damage|p2a: Landorus|0 fnt|[from] Salt Cure
|faint|p2a: Landorus
|upkeep
|
|t:|1769378537
|switch|p2a: Ogerpon|Ogerpon-Wellspring-Tera, F, tera:Water|43/100 brn
|-damage|p2a: Ogerpon|31/100 brn|[from] Stealth Rock
|-ability|p2a: Ogerpon|Embody Aspect (Wellspring)|boost
|-boost|p2a: Ogerpon|spd|1
|turn|45
|
|t:|1769378544
|move|p2a: Ogerpon|Wood Hammer|p1a: Garganacl
|-supereffective|p1a: Garganacl
|-damage|p1a: Garganacl|68/100
|-damage|p2a: Ogerpon|14/100 brn|[from] item: Rocky Helmet|[of] p1a: Garganacl
|-damage|p2a: Ogerpon|9/100 brn|[from] Recoil
|move|p1a: Garganacl|Recover|p1a: Garganacl
|-heal|p1a: Garganacl|100/100
|
|-damage|p2a: Ogerpon|3/100 brn|[from] brn
|upkeep
|turn|46
|
|t:|1769378548
|move|p2a: Ogerpon|Knock Off|p1a: Garganacl
|-damage|p1a: Garganacl|97/100
|-damage|p2a: Ogerpon|0 fnt|[from] item: Rocky Helmet|[of] p1a: Garganacl
|faint|p2a: Ogerpon
|detailschange|p2: Ogerpon|Ogerpon-Wellspring, F|[silent]
|move|p1a: Garganacl|Salt Cure|p2: Ogerpon|[notarget]
|-fail|p1a: Garganacl
|
|upkeep
|
|t:|1769378555
|switch|p2a: Kingambit|Kingambit, M|100/100
|-damage|p2a: Kingambit|94/100|[from] Stealth Rock
|-activate|p2a: Kingambit|ability: Supreme Overlord
|-start|p2a: Kingambit|fallen4|[silent]
|turn|47
|
|t:|1769378560
|move|p2a: Kingambit|Iron Head|p1a: Garganacl
|-supereffective|p1a: Garganacl
|-damage|p1a: Garganacl|76/100
|-damage|p2a: Kingambit|78/100|[from] item: Rocky Helmet|[of] p1a: Garganacl
|move|p1a: Garganacl|Body Press|p2a: Kingambit
|-supereffective|p2a: Kingambit
|-damage|p2a: Kingambit|0 fnt
|faint|p2a: Kingambit
|-end|p2a: Kingambit|fallen4|[silent]
|
|upkeep
|-message|Adamas-Pa forfeited.
|
|win|Purpleaxolotl48
|raw|Purpleaxolotl48's rating: 1378 &rarr; <strong>1395</strong><br />(+17 for winning)
|raw|Adamas-Pa's rating: 1317 &rarr; <strong>1300</strong><br />(-17 for losing)
|l|☆Adamas-Pa
|player|p2|
|l|☆Purpleaxolotl48
|player|p1|
