|j|☆oficial matute
|j|☆forsithyl
|t:|1769381716
|gametype|singles
|player|p1|oficial matute|policeman|1146
|player|p2|forsithyl|waiter|1160
|gen|9
|tier|[Gen 9] OU
|rated|
|rule|HP Percentage Mod: HP is shown in percentages
|rule|Endless Battle Clause: Forcing endless battles is banned
|rule|Species Clause: Limit one of each Pokémon
|rule|OHKO Clause: OHKO moves are banned
|rule|Evasion Items Clause: Evasion items are banned
|rule|Evasion Moves Clause: Evasion moves are banned
|rule|Evasion Abilities Clause: Evasion abilities are banned
|rule|Sleep Moves Clause: Sleep-inducing moves are banned
|clearpoke
|poke|p1|Noivern, M|
|poke|p1|Tropius, F|
|poke|p1|Landorus-Therian, M|
|poke|p1|Garchomp, F|
|poke|p1|Hydrapple, F|
|poke|p1|Torterra, M|
|poke|p2|Masquerain, M|
|poke|p2|Scizor, F|
|poke|p2|Lokix, F|
|poke|p2|Araquanid, F|
|poke|p2|Yanmega, M|
|poke|p2|Forretress, M|
|teampreview
|inactive|Battle timer is ON: inactive players will automatically lose when time's up. (requested by oficial matute)
|inactive|forsithyl has 120 seconds left.
|
|t:|1769381756
|teamsize|p1|6
|teamsize|p2|6
|start
|switch|p1a: 👁👅👁|Noivern, M|100/100
|switch|p2a: slugger|Lokix, F|100/100
|-item|p2a: slugger|Choice Band|[from] ability: Frisk|[of] p1a: 👁👅👁
|turn|1
|
|t:|1769381772
|move|p2a: slugger|First Impression|p1a: 👁👅👁
|-resisted|p1a: 👁👅👁
|-damage|p1a: 👁👅👁|10/100
|move|p1a: 👁👅👁|Switcheroo|p2a: slugger
|-activate|p1a: 👁👅👁|move: Trick|[of] p2a: slugger
|-item|p2a: slugger|Choice Scarf|[from] move: Switcheroo
|-item|p1a: 👁👅👁|Choice Band|[from] move: Switcheroo
|
|upkeep
|turn|2
|
|t:|1769381784
|move|p2a: slugger|Knock Off|p1a: 👁👅👁
|-damage|p1a: 👁👅👁|0 fnt
|-enditem|p1a: 👁👅👁|Choice Band|[from] move: Knock Off|[of] p2a: slugger
|faint|p1a: 👁👅👁
|
|upkeep
|
|t:|1769381792
|switch|p1a: 👁🐽👁|Tropius, F, shiny|100/100
|turn|3
|
|t:|1769381797
|-terastallize|p1a: 👁🐽👁|Ghost
|move|p1a: 👁🐽👁|Protect|p1a: 👁🐽👁
|-singleturn|p1a: 👁🐽👁|Protect
|move|p2a: slugger|Knock Off|p1a: 👁🐽👁
|-activate|p1a: 👁🐽👁|move: Protect
|
|upkeep
|turn|4
|
|t:|1769381805
|switch|p1a: 👁👃👁|Landorus-Therian, M|100/100
|-ability|p1a: 👁👃👁|Intimidate|boost
|-unboost|p2a: slugger|atk|1
|move|p2a: slugger|Knock Off|p1a: 👁👃👁
|-damage|p1a: 👁👃👁|79/100
|-damage|p2a: slugger|84/100|[from] item: Rocky Helmet|[of] p1a: 👁👃👁
|-enditem|p1a: 👁👃👁|Rocky Helmet|[from] move: Knock Off|[of] p2a: slugger
|
|upkeep
|turn|5
|
|t:|1769381816
|switch|p2a: blocker|Forretress, M|100/100
|move|p1a: 👁👃👁|Stealth Rock|p2a: blocker
|-sidestart|p2: forsithyl|move: Stealth Rock
|
|upkeep
|turn|6
|
|t:|1769381822
|switch|p1a: 👁🐽👁|Tropius, F, shiny, tera:Ghost|100/100
|move|p2a: blocker|Reflect|p2a: blocker
|-sidestart|p2: forsithyl|Reflect
|
|upkeep
|turn|7
|
|t:|1769381827
|move|p1a: 👁🐽👁|Substitute|p1a: 👁🐽👁
|-start|p1a: 👁🐽👁|Substitute
|-damage|p1a: 👁🐽👁|76/100
|move|p2a: blocker|Light Screen|p2a: blocker
|-sidestart|p2: forsithyl|move: Light Screen
|
|upkeep
|turn|8
|
|t:|1769381832
|move|p1a: 👁🐽👁|Leech Seed|p2a: blocker
|-start|p2a: blocker|move: Leech Seed
|move|p2a: blocker|Volt Switch|p1a: 👁🐽👁
|-activate|p1a: 👁🐽👁|move: Substitute|[damage]
|
|t:|1769381837
|switch|p2a: biter|Scizor, F|100/100|[from] Volt Switch
|-damage|p2a: biter|88/100|[from] Stealth Rock
|
|upkeep
|turn|9
|
|t:|1769381842
|move|p2a: biter|Trailblaze|p1a: 👁🐽👁
|-end|p1a: 👁🐽👁|Substitute
|-boost|p2a: biter|spe|1
|move|p1a: 👁🐽👁|Leech Seed|p2a: biter
|-start|p2a: biter|move: Leech Seed
|
|-damage|p2a: biter|76/100|[from] Leech Seed|[of] p1a: 👁🐽👁
|-heal|p1a: 👁🐽👁|84/100|[silent]
|upkeep
|turn|10
|
|t:|1769381852
|move|p1a: 👁🐽👁|Protect|p1a: 👁🐽👁
|-singleturn|p1a: 👁🐽👁|Protect
|move|p2a: biter|Dual Wingbeat|p1a: 👁🐽👁
|-activate|p1a: 👁🐽👁|move: Protect
|
|-damage|p2a: biter|63/100|[from] Leech Seed|[of] p1a: 👁🐽👁
|-heal|p1a: 👁🐽👁|93/100|[silent]
|upkeep
|turn|11
|
|t:|1769381862
|switch|p1a: 👁👃👁|Landorus-Therian, M|79/100
|-ability|p1a: 👁👃👁|Intimidate|boost
|-unboost|p2a: biter|atk|1
|move|p2a: biter|Dual Wingbeat|p1a: 👁👃👁
|-damage|p1a: 👁👃👁|69/100
|-damage|p1a: 👁👃👁|58/100
|-hitcount|p1a: 👁👃👁|2
|
|-damage|p2a: biter|51/100|[from] Leech Seed|[of] p1a: 👁👃👁
|-heal|p1a: 👁👃👁|67/100|[silent]
|upkeep
|turn|12
|
|t:|1769381874
|move|p2a: biter|U-turn|p1a: 👁👃👁
|-resisted|p1a: 👁👃👁
|-damage|p1a: 👁👃👁|58/100
|
|t:|1769381881
|switch|p2a: blocker|Forretress, M|100/100|[from] U-turn
|-damage|p2a: blocker|88/100|[from] Stealth Rock
|move|p1a: 👁👃👁|Stealth Rock||[still]
|-fail|p1a: 👁👃👁
|
|upkeep
|turn|13
|
|t:|1769381890
|switch|p1a: 👁🐽👁|Tropius, F, shiny, tera:Ghost|93/100
|move|p2a: blocker|Rapid Spin|p1a: 👁🐽👁
|-immune|p1a: 👁🐽👁
|
|-sideend|p2: forsithyl|Reflect
|upkeep
|turn|14
|
|t:|1769381900
|move|p1a: 👁🐽👁|Substitute|p1a: 👁🐽👁
|-start|p1a: 👁🐽👁|Substitute
|-damage|p1a: 👁🐽👁|68/100
|move|p2a: blocker|Volt Switch|p1a: 👁🐽👁
|-activate|p1a: 👁🐽👁|move: Substitute|[damage]
|
|t:|1769381913
|switch|p2a: whisker|Masquerain, M|100/100|[from] Volt Switch
|-ability|p2a: whisker|Intimidate|boost
|-immune|p1a: 👁🐽👁
|
|-sideend|p2: forsithyl|move: Light Screen
|upkeep
|turn|15
|
|t:|1769381919
|move|p2a: whisker|Quiver Dance|p2a: whisker
|-boost|p2a: whisker|spa|1
|-boost|p2a: whisker|spd|1
|-boost|p2a: whisker|spe|1
|move|p1a: 👁🐽👁|Leech Seed|p2a: whisker
|-start|p2a: whisker|move: Leech Seed
|
|-damage|p2a: whisker|88/100|[from] Leech Seed|[of] p1a: 👁🐽👁
|-heal|p1a: 👁🐽👁|77/100|[silent]
|upkeep
|turn|16
|
|t:|1769381933
|move|p2a: whisker|Ice Beam|p1a: 👁🐽👁
|-end|p1a: 👁🐽👁|Substitute
|move|p1a: 👁🐽👁|Curse|p2a: whisker
|-start|p2a: whisker|Curse|[of] p1a: 👁🐽👁
|-damage|p1a: 👁🐽👁|27/100
|-enditem|p1a: 👁🐽👁|Sitrus Berry|[eat]
|-heal|p1a: 👁🐽👁|52/100|[from] item: Sitrus Berry
|
|-damage|p2a: whisker|76/100|[from] Leech Seed|[of] p1a: 👁🐽👁
|-heal|p1a: 👁🐽👁|61/100|[silent]
|-damage|p2a: whisker|51/100|[from] Curse
|-item|p1a: 👁🐽👁|Sitrus Berry|[from] ability: Harvest
|upkeep
|turn|17
|
|t:|1769381946
|move|p2a: whisker|Ice Beam|p1a: 👁🐽👁
|-damage|p1a: 👁🐽👁|32/100
|-enditem|p1a: 👁🐽👁|Sitrus Berry|[eat]
|-heal|p1a: 👁🐽👁|56/100|[from] item: Sitrus Berry
|move|p1a: 👁🐽👁|Substitute|p1a: 👁🐽👁
|-start|p1a: 👁🐽👁|Substitute
|-damage|p1a: 👁🐽👁|32/100
|
|-damage|p2a: whisker|39/100|[from] Leech Seed|[of] p1a: 👁🐽👁
|-heal|p1a: 👁🐽👁|41/100|[silent]
|-damage|p2a: whisker|14/100|[from] Curse
|upkeep
|turn|18
|
|t:|1769381957
|move|p1a: 👁🐽👁|Protect|p1a: 👁🐽👁
|-singleturn|p1a: 👁🐽👁|Protect
|move|p2a: whisker|Ice Beam|p1a: 👁🐽👁
|-activate|p1a: 👁🐽👁|move: Protect
|
|-damage|p2a: whisker|2/100|[from] Leech Seed|[of] p1a: 👁🐽👁
|-heal|p1a: 👁🐽👁|50/100|[silent]
|-damage|p2a: whisker|0 fnt|[from] Curse
|faint|p2a: whisker
|upkeep
|
|t:|1769381979
|switch|p2a: flapper|Yanmega, M|100/100
|-damage|p2a: flapper|51/100|[from] Stealth Rock
|turn|19
|
|t:|1769381985
|move|p2a: flapper|Bug Buzz|p1a: 👁🐽👁
|-resisted|p1a: 👁🐽👁
|-damage|p1a: 👁🐽👁|4/100
|move|p1a: 👁🐽👁|Leech Seed|p2a: flapper
|-start|p2a: flapper|move: Leech Seed
|
|-damage|p2a: flapper|38/100|[from] Leech Seed|[of] p1a: 👁🐽👁
|-heal|p1a: 👁🐽👁|13/100|[silent]
|upkeep
|turn|20
|
|t:|1769381993
|move|p1a: 👁🐽👁|Protect|p1a: 👁🐽👁
|-singleturn|p1a: 👁🐽👁|Protect
|move|p2a: flapper|Bug Buzz|p1a: 👁🐽👁
|-activate|p1a: 👁🐽👁|move: Protect
|
|-damage|p2a: flapper|26/100|[from] Leech Seed|[of] p1a: 👁🐽👁
|-heal|p1a: 👁🐽👁|23/100|[silent]
|upkeep
|turn|21
|
|t:|1769382008
|switch|p1a: 👁🫦👁|Garchomp, F|100/100
|move|p2a: flapper|Bug Buzz|p1a: 👁🫦👁
|-damage|p1a: 👁🫦👁|24/100
|
|-damage|p2a: flapper|13/100|[from] Leech Seed|[of] p1a: 👁🫦👁
|-heal|p1a: 👁🫦👁|35/100|[silent]
|upkeep
|turn|22
|
|t:|1769382021
|move|p1a: 👁🫦👁|Scale Shot|p2a: flapper
|-damage|p2a: flapper|0 fnt
|faint|p2a: flapper
|-hitcount|p2: flapper|1
|-unboost|p1a: 👁🫦👁|def|1
|-boost|p1a: 👁🫦👁|spe|1
|
|upkeep
|
|t:|1769382036
|switch|p2a: biter|Scizor, F|51/100
|-damage|p2a: biter|38/100|[from] Stealth Rock
|turn|23
|
|t:|1769382041
|switch|p1a: 👁👃👁|Landorus-Therian, M|58/100
|-ability|p1a: 👁👃👁|Intimidate|boost
|-unboost|p2a: biter|atk|1
|move|p2a: biter|Bullet Punch|p1a: 👁👃👁
|-damage|p1a: 👁👃👁|41/100
|
|upkeep
|turn|24
|
|t:|1769382053
|move|p1a: 👁👃👁|U-turn|p2a: biter
|-resisted|p2a: biter
|-damage|p2a: biter|26/100
|
|t:|1769382066
|switch|p1a: 👁🫦👁|Garchomp, F|35/100|[from] U-turn
|move|p2a: biter|Dual Wingbeat|p1a: 👁🫦👁
|-damage|p1a: 👁🫦👁|20/100
|-damage|p2a: biter|13/100|[from] ability: Rough Skin|[of] p1a: 👁🫦👁
|-damage|p1a: 👁🫦👁|6/100
|-damage|p2a: biter|1/100|[from] ability: Rough Skin|[of] p1a: 👁🫦👁
|-hitcount|p1a: 👁🫦👁|2
|
|upkeep
|turn|25
|
|t:|1769382080
|move|p2a: biter|Bullet Punch|p1a: 👁🫦👁
|-damage|p1a: 👁🫦👁|0 fnt
|-damage|p2a: biter|0 fnt|[from] ability: Rough Skin|[of] p1a: 👁🫦👁
|faint|p1a: 👁🫦👁
|faint|p2a: biter
|
|upkeep
|
|t:|1769382088
|switch|p1a: 👁🐽👁|Tropius, F, shiny, tera:Ghost|23/100
|switch|p2a: slugger|Lokix, F|84/100
|-damage|p2a: slugger|59/100|[from] Stealth Rock
|turn|26
|
|t:|1769382094
|move|p1a: 👁🐽👁|Protect|p1a: 👁🐽👁
|-singleturn|p1a: 👁🐽👁|Protect
|move|p2a: slugger|Knock Off|p1a: 👁🐽👁
|-activate|p1a: 👁🐽👁|move: Protect
|
|-item|p1a: 👁🐽👁|Sitrus Berry|[from] ability: Harvest
|upkeep
|-enditem|p1a: 👁🐽👁|Sitrus Berry|[eat]
|-heal|p1a: 👁🐽👁|48/100|[from] item: Sitrus Berry
|turn|27
|
|t:|1769382105
|switch|p1a: 👁👃👁|Landorus-Therian, M|41/100
|-ability|p1a: 👁👃👁|Intimidate|boost
|-unboost|p2a: slugger|atk|1
|move|p2a: slugger|Knock Off|p1a: 👁👃👁
|-damage|p1a: 👁👃👁|26/100
|
|upkeep
|turn|28
|
|t:|1769382114
|switch|p2a: blocker|Forretress, M|88/100
|-damage|p2a: blocker|76/100|[from] Stealth Rock
|move|p1a: 👁👃👁|U-turn|p2a: blocker
|-resisted|p2a: blocker
|-damage|p2a: blocker|70/100
|
|t:|1769382121
|switch|p1a: 👁🐽👁|Tropius, F, shiny, tera:Ghost|48/100|[from] U-turn
|
|upkeep
|turn|29
|
|t:|1769382150
|move|p1a: 👁🐽👁|Substitute|p1a: 👁🐽👁
|-start|p1a: 👁🐽👁|Substitute
|-damage|p1a: 👁🐽👁|23/100
|move|p2a: blocker|Volt Switch|p1a: 👁🐽👁
|-activate|p1a: 👁🐽👁|move: Substitute|[damage]
|inactive|forsithyl has 120 seconds left.
|
|t:|1769382162
|switch|p2a: slugger|Lokix, F|59/100|[from] Volt Switch
|-damage|p2a: slugger|34/100|[from] Stealth Rock
|
|upkeep
|turn|30
|
|t:|1769382168
|move|p2a: slugger|Leech Life|p1a: 👁🐽👁
|-resisted|p1a: 👁🐽👁
|-end|p1a: 👁🐽👁|Substitute
|-heal|p2a: slugger|47/100|[from] drain|[of] p1a: 👁🐽👁
|move|p1a: 👁🐽👁|Leech Seed|p2a: slugger
|-start|p2a: slugger|move: Leech Seed
|
|-damage|p2a: slugger|34/100|[from] Leech Seed|[of] p1a: 👁🐽👁
|-heal|p1a: 👁🐽👁|32/100|[silent]
|upkeep
|turn|31
|inactive|forsithyl has 120 seconds left.
|
|t:|1769382191
|move|p1a: 👁🐽👁|Protect|p1a: 👁🐽👁
|-singleturn|p1a: 👁🐽👁|Protect
|move|p2a: slugger|Leech Life|p1a: 👁🐽👁
|-activate|p1a: 👁🐽👁|move: Protect
|
|-damage|p2a: slugger|22/100|[from] Leech Seed|[of] p1a: 👁🐽👁
|-heal|p1a: 👁🐽👁|41/100|[silent]
|upkeep
|turn|32
|
|t:|1769382200
|switch|p1a: 👁👃👁|Landorus-Therian, M|26/100
|-ability|p1a: 👁👃👁|Intimidate|boost
|-unboost|p2a: slugger|atk|1
|-terastallize|p2a: slugger|Bug
|move|p2a: slugger|Leech Life|p1a: 👁👃👁
|-resisted|p1a: 👁👃👁
|-damage|p1a: 👁👃👁|0 fnt
|-heal|p2a: slugger|39/100|[from] drain|[of] p1a: 👁👃👁
|faint|p1a: 👁👃👁
|
|upkeep
|
|t:|1769382222
|switch|p1a: 👁🔴👁|Torterra, M|100/100
|turn|33
|
|t:|1769382238
|switch|p2a: blocker|Forretress, M|70/100
|-damage|p2a: blocker|58/100|[from] Stealth Rock
|move|p1a: 👁🔴👁|Wood Hammer|p2a: blocker
|-resisted|p2a: blocker
|-damage|p2a: blocker|50/100
|-damage|p1a: 👁🔴👁|98/100|[from] Recoil
|
|upkeep
|turn|34
|
|t:|1769382248
|move|p1a: 👁🔴👁|Shell Smash|p1a: 👁🔴👁
|-unboost|p1a: 👁🔴👁|def|1
|-unboost|p1a: 👁🔴👁|spd|1
|-boost|p1a: 👁🔴👁|atk|2
|-boost|p1a: 👁🔴👁|spa|2
|-boost|p1a: 👁🔴👁|spe|2
|move|p2a: blocker|Reflect|p2a: blocker
|-sidestart|p2: forsithyl|Reflect
|
|upkeep
|turn|35
|
|t:|1769382255
|move|p1a: 👁🔴👁|Shell Smash|p1a: 👁🔴👁
|-unboost|p1a: 👁🔴👁|def|1
|-unboost|p1a: 👁🔴👁|spd|1
|-boost|p1a: 👁🔴👁|atk|2
|-boost|p1a: 👁🔴👁|spa|2
|-boost|p1a: 👁🔴👁|spe|2
|move|p2a: blocker|Rapid Spin|p1a: 👁🔴👁
|-damage|p1a: 👁🔴👁|80/100
|-boost|p2a: blocker|spe|1
|-sideend|p2: forsithyl|Stealth Rock|[from] move: Rapid Spin|[of] p2a: blocker
|
|upkeep
|turn|36
|
|t:|1769382264
|move|p1a: 👁🔴👁|Shell Smash|p1a: 👁🔴👁
|-unboost|p1a: 👁🔴👁|def|1
|-unboost|p1a: 👁🔴👁|spd|1
|-boost|p1a: 👁🔴👁|atk|2
|-boost|p1a: 👁🔴👁|spa|2
|-boost|p1a: 👁🔴👁|spe|2
|move|p2a: blocker|Rapid Spin|p1a: 👁🔴👁
|-damage|p1a: 👁🔴👁|58/100
|-boost|p2a: blocker|spe|1
|
|upkeep
|turn|37
|
|t:|1769382273
|move|p1a: 👁🔴👁|Headlong Rush|p2a: blocker
|-damage|p2a: blocker|0 fnt
|-unboost|p1a: 👁🔴👁|def|1
|-unboost|p1a: 👁🔴👁|spd|1
|faint|p2a: blocker
|
|upkeep
|
|t:|1769382279
|switch|p2a: slugger|Lokix, F, tera:Bug|39/100
|turn|38
|
|t:|1769382283
|move|p2a: slugger|First Impression|p1a: 👁🔴👁
|-supereffective|p1a: 👁🔴👁
|-damage|p1a: 👁🔴👁|0 fnt
|faint|p1a: 👁🔴👁
|
|upkeep
|
|t:|1769382289
|switch|p1a: 👁🐽👁|Tropius, F, shiny, tera:Ghost|41/100
|turn|39
|
|t:|1769382295
|switch|p2a: lurker|Araquanid, F|100/100
|move|p1a: 👁🐽👁|Leech Seed|p2a: lurker
|-start|p2a: lurker|move: Leech Seed
|
|-damage|p2a: lurker|88/100|[from] Leech Seed|[of] p1a: 👁🐽👁
|-heal|p1a: 👁🐽👁|51/100|[silent]
|-item|p1a: 👁🐽👁|Sitrus Berry|[from] ability: Harvest
|upkeep
|turn|40
|
|t:|1769382314
|move|p1a: 👁🐽👁|Substitute|p1a: 👁🐽👁
|-start|p1a: 👁🐽👁|Substitute
|-damage|p1a: 👁🐽👁|26/100
|-enditem|p1a: 👁🐽👁|Sitrus Berry|[eat]
|-heal|p1a: 👁🐽👁|51/100|[from] item: Sitrus Berry
|move|p2a: lurker|Rain Dance|p2a: lurker
|-weather|RainDance
|
|-weather|RainDance|[upkeep]
|-damage|p2a: lurker|76/100|[from] Leech Seed|[of] p1a: 👁🐽👁
|-heal|p1a: 👁🐽👁|61/100|[silent]
|-item|p1a: 👁🐽👁|Sitrus Berry|[from] ability: Harvest
|upkeep
|turn|41
|
|t:|1769382325
|switch|p2a: slugger|Lokix, F, tera:Bug|39/100
|move|p1a: 👁🐽👁|Protect||[still]
|-fail|p1a: 👁🐽👁
|
|-weather|RainDance|[upkeep]
|-sideend|p2: forsithyl|Reflect
|upkeep
|turn|42
|
|t:|1769382333
|move|p2a: slugger|U-turn|p1a: 👁🐽👁
|-resisted|p1a: 👁🐽👁
|-end|p1a: 👁🐽👁|Substitute
|
|t:|1769382335
|switch|p2a: lurker|Araquanid, F|76/100|[from] U-turn
|move|p1a: 👁🐽👁|Curse|p2a: lurker
|-start|p2a: lurker|Curse|[of] p1a: 👁🐽👁
|-damage|p1a: 👁🐽👁|11/100
|-enditem|p1a: 👁🐽👁|Sitrus Berry|[eat]
|-heal|p1a: 👁🐽👁|36/100|[from] item: Sitrus Berry
|
|-weather|RainDance|[upkeep]
|-damage|p2a: lurker|51/100|[from] Curse
|upkeep
|turn|43
|
|t:|1769382348
|move|p1a: 👁🐽👁|Protect|p1a: 👁🐽👁
|-singleturn|p1a: 👁🐽👁|Protect
|move|p2a: lurker|Waterfall|p1a: 👁🐽👁
|-activate|p1a: 👁🐽👁|move: Protect
|
|-weather|RainDance|[upkeep]
|-damage|p2a: lurker|26/100|[from] Curse
|-item|p1a: 👁🐽👁|Sitrus Berry|[from] ability: Harvest
|upkeep
|-enditem|p1a: 👁🐽👁|Sitrus Berry|[eat]
|-heal|p1a: 👁🐽👁|61/100|[from] item: Sitrus Berry
|turn|44
|
|t:|1769382361
|switch|p1a: 👁👄👁|Hydrapple, F|100/100
|move|p2a: lurker|Waterfall|p1a: 👁👄👁
|-resisted|p1a: 👁👄👁
|-damage|p1a: 👁👄👁|89/100
|
|-weather|none
|-damage|p2a: lurker|1/100|[from] Curse
|upkeep
|turn|45
|
|t:|1769382370
|move|p1a: 👁👄👁|Giga Drain|p2a: lurker
|-damage|p2a: lurker|0 fnt
|-heal|p1a: 👁👄👁|89/100|[from] drain|[of] p2a: lurker
|faint|p2a: lurker
|
|upkeep
|
|t:|1769382372
|switch|p2a: slugger|Lokix, F, tera:Bug|39/100
|turn|46
|
|t:|1769382378
|move|p2a: slugger|Leech Life|p1a: 👁👄👁
|-supereffective|p1a: 👁👄👁
|-damage|p1a: 👁👄👁|11/100
|-heal|p2a: slugger|97/100|[from] drain|[of] p1a: 👁👄👁
|move|p1a: 👁👄👁|Dragon Breath|p2a: slugger
|-damage|p2a: slugger|34/100
|
|upkeep
|turn|47
|c|☆forsithyl|gg
|
|t:|1769382386
|move|p2a: slugger|Leech Life|p1a: 👁👄👁
|-supereffective|p1a: 👁👄👁
|-damage|p1a: 👁👄👁|0 fnt
|-heal|p2a: slugger|42/100|[from] drain|[of] p1a: 👁👄👁
|faint|p1a: 👁👄👁
|
|upkeep
|
|t:|1769382393
|switch|p1a: 👁🐽👁|Tropius, F, shiny, tera:Ghost|61/100
|turn|48
|
|t:|1769382396
|move|p1a: 👁🐽👁|Protect|p1a: 👁🐽👁
|-singleturn|p1a: 👁🐽👁|Protect
|move|p2a: slugger|Leech Life|p1a: 👁🐽👁
|-activate|p1a: 👁🐽👁|move: Protect
|
|-item|p1a: 👁🐽👁|Sitrus Berry|[from] ability: Harvest
|upkeep
|turn|49
|
|t:|1769382405
|move|p2a: slugger|Leech Life|p1a: 👁🐽👁
|-resisted|p1a: 👁🐽👁
|-damage|p1a: 👁🐽👁|14/100
|-heal|p2a: slugger|75/100|[from] drain|[of] p1a: 👁🐽👁
|-enditem|p1a: 👁🐽👁|Sitrus Berry|[eat]
|-heal|p1a: 👁🐽👁|39/100|[from] item: Sitrus Berry
|move|p1a: 👁🐽👁|Substitute|p1a: 👁🐽👁
|-start|p1a: 👁🐽👁|Substitute
|-damage|p1a: 👁🐽👁|14/100
|
|-item|p1a: 👁🐽👁|Sitrus Berry|[from] ability: Harvest
|upkeep
|-enditem|p1a: 👁🐽👁|Sitrus Berry|[eat]
|-heal|p1a: 👁🐽👁|39/100|[from] item: Sitrus Berry
|turn|50
|
|t:|1769382420
|move|p1a: 👁🐽👁|Protect|p1a: 👁🐽👁
|-singleturn|p1a: 👁🐽👁|Protect
|move|p2a: slugger|Leech Life|p1a: 👁🐽👁
|-activate|p1a: 👁🐽👁|move: Protect
|
|-item|p1a: 👁🐽👁|Sitrus Berry|[from] ability: Harvest
|upkeep
|-enditem|p1a: 👁🐽👁|Sitrus Berry|[eat]
|-heal|p1a: 👁🐽👁|64/100|[from] item: Sitrus Berry
|turn|51
|
|t:|1769382431
|move|p2a: slugger|Leech Life|p1a: 👁🐽👁
|-resisted|p1a: 👁🐽👁
|-end|p1a: 👁🐽👁|Substitute
|-heal|p2a: slugger|93/100|[from] drain|[of] p1a: 👁🐽👁
|move|p1a: 👁🐽👁|Substitute|p1a: 👁🐽👁
|-start|p1a: 👁🐽👁|Substitute
|-damage|p1a: 👁🐽👁|39/100
|
|-item|p1a: 👁🐽👁|Sitrus Berry|[from] ability: Harvest
|upkeep
|-enditem|p1a: 👁🐽👁|Sitrus Berry|[eat]
|-heal|p1a: 👁🐽👁|64/100|[from] item: Sitrus Berry
|turn|52
|
|t:|1769382446
|move|p1a: 👁🐽👁|Protect|p1a: 👁🐽👁
|-singleturn|p1a: 👁🐽👁|Protect
|move|p2a: slugger|Leech Life|p1a: 👁🐽👁
|-activate|p1a: 👁🐽👁|move: Protect
|
|upkeep
|turn|53
|
|t:|1769382453
|move|p2a: slugger|Leech Life|p1a: 👁🐽👁
|-resisted|p1a: 👁🐽👁
|-end|p1a: 👁🐽👁|Substitute
|-heal|p2a: slugger|100/100|[from] drain|[of] p1a: 👁🐽👁
|move|p1a: 👁🐽👁|Substitute|p1a: 👁🐽👁
|-start|p1a: 👁🐽👁|Substitute
|-damage|p1a: 👁🐽👁|39/100
|
|-item|p1a: 👁🐽👁|Sitrus Berry|[from] ability: Harvest
|upkeep
|-enditem|p1a: 👁🐽👁|Sitrus Berry|[eat]
|-heal|p1a: 👁🐽👁|64/100|[from] item: Sitrus Berry
|turn|54
|
|t:|1769382465
|move|p1a: 👁🐽👁|Protect|p1a: 👁🐽👁
|-singleturn|p1a: 👁🐽👁|Protect
|move|p2a: slugger|Leech Life|p1a: 👁🐽👁
|-activate|p1a: 👁🐽👁|move: Protect
|
|-item|p1a: 👁🐽👁|Sitrus Berry|[from] ability: Harvest
|upkeep
|turn|55
|
|t:|1769382475
|move|p2a: slugger|Leech Life|p1a: 👁🐽👁
|-resisted|p1a: 👁🐽👁
|-end|p1a: 👁🐽👁|Substitute
|move|p1a: 👁🐽👁|Substitute|p1a: 👁🐽👁
|-start|p1a: 👁🐽👁|Substitute
|-damage|p1a: 👁🐽👁|39/100
|-enditem|p1a: 👁🐽👁|Sitrus Berry|[eat]
|-heal|p1a: 👁🐽👁|64/100|[from] item: Sitrus Berry
|
|upkeep
|turn|56
|
|t:|1769382485
|move|p2a: slugger|Leech Life|p1a: 👁🐽👁
|-resisted|p1a: 👁🐽👁
|-end|p1a: 👁🐽👁|Substitute
|move|p1a: 👁🐽👁|Leech Seed|p2a: slugger|[miss]
|-miss|p1a: 👁🐽👁|p2a: slugger
|
|-item|p1a: 👁🐽👁|Sitrus Berry|[from] ability: Harvest
|upkeep
|turn|57
|
|t:|1769382493
|move|p1a: 👁🐽👁|Protect|p1a: 👁🐽👁
|-singleturn|p1a: 👁🐽👁|Protect
|move|p2a: slugger|Leech Life|p1a: 👁🐽👁
|-activate|p1a: 👁🐽👁|move: Protect
|
|upkeep
|turn|58
|
|t:|1769382500
|move|p2a: slugger|Leech Life|p1a: 👁🐽👁
|-resisted|p1a: 👁🐽👁
|-damage|p1a: 👁🐽👁|15/100
|-enditem|p1a: 👁🐽👁|Sitrus Berry|[eat]
|-heal|p1a: 👁🐽👁|40/100|[from] item: Sitrus Berry
|move|p1a: 👁🐽👁|Substitute|p1a: 👁🐽👁
|-start|p1a: 👁🐽👁|Substitute
|-damage|p1a: 👁🐽👁|15/100
|
|-item|p1a: 👁🐽👁|Sitrus Berry|[from] ability: Harvest
|upkeep
|-enditem|p1a: 👁🐽👁|Sitrus Berry|[eat]
|-heal|p1a: 👁🐽👁|40/100|[from] item: Sitrus Berry
|turn|59
|
|t:|1769382513
|-activate|p2a: slugger|move: Struggle
|move|p2a: slugger|Struggle|p1a: 👁🐽👁
|-activate|p1a: 👁🐽👁|move: Substitute|[damage]
|-damage|p2a: slugger|75/100|[from] recoil
|move|p1a: 👁🐽👁|Leech Seed|p2a: slugger
|-start|p2a: slugger|move: Leech Seed
|
|-damage|p2a: slugger|63/100|[from] Leech Seed|[of] p1a: 👁🐽👁
|-heal|p1a: 👁🐽👁|49/100|[silent]
|upkeep
|turn|60
|
|t:|1769382529
|-activate|p2a: slugger|move: Struggle
|move|p2a: slugger|Struggle|p1a: 👁🐽👁
|-end|p1a: 👁🐽👁|Substitute
|-damage|p2a: slugger|38/100|[from] recoil
|move|p1a: 👁🐽👁|Substitute|p1a: 👁🐽👁
|-start|p1a: 👁🐽👁|Substitute
|-damage|p1a: 👁🐽👁|24/100
|
|-damage|p2a: slugger|26/100|[from] Leech Seed|[of] p1a: 👁🐽👁
|-heal|p1a: 👁🐽👁|33/100|[silent]
|upkeep
|turn|61
|l|☆forsithyl
|inactive|forsithyl disconnected and has a minute to reconnect!
|player|p2|
|inactive|forsithyl has 30 seconds to reconnect!
|inactive|forsithyl has 20 seconds to reconnect!
|inactive|forsithyl has 15 seconds to reconnect!
|inactive|forsithyl has 10 seconds to reconnect!
|inactive|forsithyl has 5 seconds to reconnect!
|-message|forsithyl lost due to inactivity.
|
|win|oficial matute
|raw|oficial matute's rating: 1146 &rarr; <strong>1172</strong><br />(+26 for winning)
|raw|forsithyl's rating: 1160 &rarr; <strong>1134</strong><br />(-26 for losing)
|l|☆oficial matute
|player|p1|
