|j|☆The_Atigasgas
|j|☆YumeKasumi76
|t:|1769422262
|gametype|singles
|player|p1|The_Atigasgas|169|1190
|player|p2|YumeKasumi76|266|1227
|gen|9
|tier|[Gen 9] OU
|rated|
|rule|HP Percentage Mod: HP is shown in percentages
|rule|Endless Battle Clause: Forcing endless battles is banned
|rule|Species Clause: Limit one of each Pokémon
|rule|OHKO Clause: OHKO moves are banned
|rule|Evasion Items Clause: Evasion items are banned
|rule|Evasion Moves Clause: Evasion moves are banned
|rule|Evasion Abilities Clause: Evasion abilities are banned
|rule|Sleep Moves Clause: Sleep-inducing moves are banned
|clearpoke
|poke|p1|Quagsire, M|
|poke|p1|Vileplume, M|
|poke|p1|Chandelure, M|
|poke|p1|Clefable, M|
|poke|p1|Metagross|
|poke|p1|Umbreon, M|
|poke|p2|Dragapult, M|
|poke|p2|Bisharp, F|
|poke|p2|Glimmora, F|
|poke|p2|Entei|
|poke|p2|Veluza, F|
|poke|p2|Braviary-Hisui, M|
|teampreview
|inactive|Battle timer is ON: inactive players will automatically lose when time's up. (requested by The_Atigasgas)
|
|t:|1769422269
|teamsize|p1|6
|teamsize|p2|6
|start
|switch|p1a: Metagross|Metagross|100/100
|switch|p2a: Riamare|Veluza, F, shiny|100/100
|turn|1
|
|t:|1769422277
|move|p2a: Riamare|Fillet Away|p2a: Riamare
|-boost|p2a: Riamare|atk|2
|-boost|p2a: Riamare|spa|2
|-boost|p2a: Riamare|spe|2
|-damage|p2a: Riamare|50/100
|-enditem|p2a: Riamare|Sitrus Berry|[eat]
|-heal|p2a: Riamare|75/100|[from] item: Sitrus Berry
|move|p1a: Metagross|Thunder Punch|p2a: Riamare
|-supereffective|p2a: Riamare
|-damage|p2a: Riamare|0 fnt
|faint|p2a: Riamare
|
|upkeep
|
|t:|1769422283
|switch|p2a: Mentalist|Braviary-Hisui, M|100/100
|turn|2
|
|t:|1769422289
|move|p2a: Mentalist|Esper Wing|p1a: Metagross
|-resisted|p1a: Metagross
|-damage|p1a: Metagross|80/100
|-boost|p2a: Mentalist|spe|1
|move|p1a: Metagross|Thunder Punch|p2a: Mentalist
|-supereffective|p2a: Mentalist
|-crit|p2a: Mentalist
|-damage|p2a: Mentalist|0 fnt
|faint|p2a: Mentalist
|
|upkeep
|
|t:|1769422293
|switch|p2a: Sovereign|Entei|100/100
|turn|3
|
|t:|1769422303
|switch|p2a: Bellator|Bisharp, F, shiny|100/100
|switch|p1a: Chandelure|Chandelure, M, shiny|100/100
|
|upkeep
|turn|4
|
|t:|1769422310
|move|p1a: Chandelure|Flamethrower|p2a: Bellator
|-supereffective|p2a: Bellator
|-damage|p2a: Bellator|19/100
|move|p2a: Bellator|Stealth Rock|p1a: Chandelure
|-sidestart|p1: The_Atigasgas|move: Stealth Rock
|
|upkeep
|turn|5
|
|t:|1769422318
|-terastallize|p1a: Chandelure|Dark
|move|p2a: Bellator|Sucker Punch|p1a: Chandelure
|-resisted|p1a: Chandelure
|-damage|p1a: Chandelure|75/100
|move|p1a: Chandelure|Flamethrower|p2a: Bellator
|-supereffective|p2a: Bellator
|-damage|p2a: Bellator|0 fnt
|faint|p2a: Bellator
|
|upkeep
|
|t:|1769422322
|switch|p2a: Railgun|Dragapult, M|100/100
|turn|6
|
|t:|1769422331
|switch|p1a: Clefable|Clefable, M, shiny|100/100
|-damage|p1a: Clefable|88/100|[from] Stealth Rock
|move|p2a: Railgun|Light Screen|p2a: Railgun
|-sidestart|p2: YumeKasumi76|move: Light Screen
|
|-heal|p1a: Clefable|94/100|[from] item: Leftovers
|upkeep
|turn|7
|
|t:|1769422338
|switch|p2a: Hikari|Glimmora, F|100/100
|move|p1a: Clefable|Knock Off|p2a: Hikari
|-damage|p2a: Hikari|82/100
|-activate|p2a: Hikari|ability: Toxic Debris
|-sidestart|p1: The_Atigasgas|move: Toxic Spikes
|-enditem|p2a: Hikari|Power Herb|[from] move: Knock Off|[of] p1a: Clefable
|
|-heal|p1a: Clefable|99/100|[from] item: Leftovers
|upkeep
|turn|8
|
|t:|1769422348
|switch|p1a: Vileplume|Vileplume, M|100/100
|-damage|p1a: Vileplume|88/100|[from] Stealth Rock
|-sideend|p1: The_Atigasgas|move: Toxic Spikes|[of] p1a: Vileplume
|move|p2a: Hikari|Meteor Beam||[still]
|-prepare|p2a: Hikari|Meteor Beam
|-boost|p2a: Hikari|spa|1
|
|-heal|p1a: Vileplume|94/100|[from] item: Leftovers
|upkeep
|turn|9
|
|t:|1769422357
|move|p2a: Hikari|Meteor Beam|p1a: Vileplume|[from] lockedmove
|-crit|p1a: Vileplume
|-damage|p1a: Vileplume|0 fnt
|faint|p1a: Vileplume
|
|upkeep
|
|t:|1769422365
|switch|p1a: Quagsire|Quagsire, M|100/100
|-damage|p1a: Quagsire|94/100|[from] Stealth Rock
|turn|10
|
|t:|1769422369
|move|p2a: Hikari|Energy Ball|p1a: Quagsire
|-supereffective|p1a: Quagsire
|-damage|p1a: Quagsire|0 fnt
|faint|p1a: Quagsire
|
|upkeep
|
|t:|1769422386
|switch|p1a: Chandelure|Chandelure, M, shiny, tera:Dark|75/100
|-damage|p1a: Chandelure|63/100|[from] Stealth Rock
|turn|11
|
|t:|1769422396
|move|p1a: Chandelure|Psychic|p2a: Hikari
|-supereffective|p2a: Hikari
|-damage|p2a: Hikari|38/100
|move|p2a: Hikari|Earth Power|p1a: Chandelure
|-damage|p1a: Chandelure|0 fnt
|faint|p1a: Chandelure
|
|upkeep
|
|t:|1769422405
|switch|p1a: Umbreon|Umbreon, M, shiny|100/100
|-damage|p1a: Umbreon|88/100|[from] Stealth Rock
|turn|12
|
|t:|1769422409
|move|p2a: Hikari|Mortal Spin|p1a: Umbreon
|-damage|p1a: Umbreon|83/100
|-status|p1a: Umbreon|psn
|-activate|p1a: Umbreon|ability: Synchronize
|-immune|p2a: Hikari
|move|p1a: Umbreon|Crunch|p2a: Hikari
|-damage|p2a: Hikari|16/100
|-activate|p2a: Hikari|ability: Toxic Debris
|-sidestart|p1: The_Atigasgas|move: Toxic Spikes
|
|-heal|p1a: Umbreon|89/100 psn|[from] item: Leftovers
|-damage|p1a: Umbreon|77/100 psn|[from] psn
|upkeep
|turn|13
|
|t:|1769422421
|move|p2a: Hikari|Earth Power|p1a: Umbreon
|-damage|p1a: Umbreon|54/100 psn
|move|p1a: Umbreon|Crunch|p2a: Hikari
|-damage|p2a: Hikari|0 fnt
|-activate|p2a: Hikari|ability: Toxic Debris
|-sidestart|p1: The_Atigasgas|move: Toxic Spikes
|faint|p2a: Hikari
|
|-heal|p1a: Umbreon|60/100 psn|[from] item: Leftovers
|-damage|p1a: Umbreon|47/100 psn|[from] psn
|-sideend|p2: YumeKasumi76|move: Light Screen
|upkeep
|
|t:|1769422426
|switch|p2a: Railgun|Dragapult, M|100/100
|turn|14
|
|t:|1769422434
|move|p2a: Railgun|Reflect|p2a: Railgun
|-sidestart|p2: YumeKasumi76|Reflect
|move|p1a: Umbreon|Crunch|p2a: Railgun
|-supereffective|p2a: Railgun
|-damage|p2a: Railgun|79/100
|
|-heal|p1a: Umbreon|53/100 psn|[from] item: Leftovers
|-damage|p1a: Umbreon|41/100 psn|[from] psn
|upkeep
|turn|15
|
|t:|1769422441
|move|p2a: Railgun|Dragon Darts|p1a: Umbreon
|-damage|p1a: Umbreon|25/100 psn
|-anim|p2a: Railgun|Dragon Darts|p1a: Umbreon
|-damage|p1a: Umbreon|9/100 psn
|move|p1a: Umbreon|Wish|p1a: Umbreon
|
|-heal|p1a: Umbreon|15/100 psn|[from] item: Leftovers
|-damage|p1a: Umbreon|3/100 psn|[from] psn
|upkeep
|turn|16
|
|t:|1769422450
|move|p1a: Umbreon|Protect|p1a: Umbreon
|-singleturn|p1a: Umbreon|Protect
|move|p2a: Railgun|Light Screen|p2a: Railgun
|-sidestart|p2: YumeKasumi76|move: Light Screen
|
|-heal|p1a: Umbreon|53/100 psn|[from] move: Wish|[wisher] Umbreon
|-heal|p1a: Umbreon|59/100 psn|[from] item: Leftovers
|-damage|p1a: Umbreon|47/100 psn|[from] psn
|upkeep
|turn|17
|
|t:|1769422459
|move|p2a: Railgun|Curse|p1a: Umbreon
|-start|p1a: Umbreon|Curse|[of] p2a: Railgun
|-damage|p2a: Railgun|29/100
|move|p1a: Umbreon|Wish|p1a: Umbreon
|
|-heal|p1a: Umbreon|53/100 psn|[from] item: Leftovers
|-damage|p1a: Umbreon|40/100 psn|[from] psn
|-damage|p1a: Umbreon|15/100 psn|[from] Curse
|upkeep
|turn|18
|
|t:|1769422467
|move|p1a: Umbreon|Protect|p1a: Umbreon
|-singleturn|p1a: Umbreon|Protect
|move|p2a: Railgun|Dragon Darts|p1a: Umbreon
|-activate|p1a: Umbreon|move: Protect
|
|-heal|p1a: Umbreon|65/100 psn|[from] move: Wish|[wisher] Umbreon
|-heal|p1a: Umbreon|72/100 psn|[from] item: Leftovers
|-damage|p1a: Umbreon|59/100 psn|[from] psn
|-damage|p1a: Umbreon|34/100 psn|[from] Curse
|upkeep
|turn|19
|
|t:|1769422478
|move|p2a: Railgun|Dragon Darts|p1a: Umbreon
|-damage|p1a: Umbreon|19/100 psn
|-anim|p2a: Railgun|Dragon Darts|p1a: Umbreon
|-damage|p1a: Umbreon|3/100 psn
|move|p1a: Umbreon|Crunch|p2a: Railgun
|-supereffective|p2a: Railgun
|-damage|p2a: Railgun|6/100
|
|-heal|p1a: Umbreon|9/100 psn|[from] item: Leftovers
|-damage|p1a: Umbreon|0 fnt|[from] psn
|faint|p1a: Umbreon
|upkeep
|
|t:|1769422489
|switch|p1a: Metagross|Metagross|80/100
|-damage|p1a: Metagross|74/100|[from] Stealth Rock
|turn|20
|
|t:|1769422493
|switch|p2a: Sovereign|Entei|100/100
|move|p1a: Metagross|Bullet Punch|p2a: Sovereign
|-resisted|p2a: Sovereign
|-damage|p2a: Sovereign|95/100
|
|upkeep
|turn|21
|
|t:|1769422499
|switch|p1a: Clefable|Clefable, M, shiny|99/100
|-damage|p1a: Clefable|88/100|[from] Stealth Rock
|-status|p1a: Clefable|tox
|move|p2a: Sovereign|Sacred Fire|p1a: Clefable
|-damage|p1a: Clefable|25/100 tox
|
|-heal|p1a: Clefable|31/100 tox|[from] item: Leftovers
|-damage|p1a: Clefable|25/100 tox|[from] psn
|-sideend|p2: YumeKasumi76|Reflect
|upkeep
|turn|22
|
|t:|1769422512
|move|p2a: Sovereign|Sacred Fire|p1a: Clefable
|-damage|p1a: Clefable|0 fnt
|faint|p1a: Clefable
|
|upkeep
|
|t:|1769422518
|switch|p1a: Metagross|Metagross|74/100
|-damage|p1a: Metagross|68/100|[from] Stealth Rock
|turn|23
|
|t:|1769422523
|move|p2a: Sovereign|Sacred Fire|p1a: Metagross
|-supereffective|p1a: Metagross
|-damage|p1a: Metagross|0 fnt
|faint|p1a: Metagross
|
|win|YumeKasumi76
|raw|The_Atigasgas's rating: 1190 &rarr; <strong>1168</strong><br />(-22 for losing)
|raw|YumeKasumi76's rating: 1227 &rarr; <strong>1249</strong><br />(+22 for winning)
|l|☆YumeKasumi76
|player|p2|
|l|☆The_Atigasgas
|player|p1|
