|j|☆KenjiShiguma
|j|☆P4t4tr4f1c0
|t:|1769331615
|gametype|singles
|player|p1|KenjiShiguma|pokemonbreeder-gen4|1103
|player|p2|P4t4tr4f1c0|2|1110
|gen|9
|tier|[Gen 9] OU
|rated|
|rule|HP Percentage Mod: HP is shown in percentages
|rule|Endless Battle Clause: Forcing endless battles is banned
|rule|Species Clause: Limit one of each Pokémon
|rule|OHKO Clause: OHKO moves are banned
|rule|Evasion Items Clause: Evasion items are banned
|rule|Evasion Moves Clause: Evasion moves are banned
|rule|Evasion Abilities Clause: Evasion abilities are banned
|rule|Sleep Moves Clause: Sleep-inducing moves are banned
|clearpoke
|poke|p1|Masquerain, M|
|poke|p1|Espeon, M|
|poke|p1|Decidueye, M|
|poke|p1|Sudowoodo, M|
|poke|p1|Arcanine, F|
|poke|p1|Zangoose, M|
|poke|p2|Tyranitar, M|
|poke|p2|Alomomola, F|
|poke|p2|Excadrill, F|
|poke|p2|Clefable, F|
|poke|p2|Dragapult, F|
|poke|p2|Corviknight, F|
|teampreview
|
|t:|1769331651
|teamsize|p1|6
|teamsize|p2|6
|start
|switch|p1a: Arcanine|Arcanine, F|100/100
|switch|p2a: Vivi|Clefable, F|100/100
|turn|1
|
|t:|1769331668
|switch|p1a: Espeon|Espeon, M|100/100
|move|p2a: Vivi|Stealth Rock|p1a: Espeon
|move|p1a: Espeon|Stealth Rock|p2a: Vivi|[from] ability: Magic Bounce
|-sidestart|p2: P4t4tr4f1c0|move: Stealth Rock
|
|upkeep
|turn|2
|
|t:|1769331680
|move|p1a: Espeon|Psychic|p2a: Vivi
|-damage|p2a: Vivi|47/100
|-damage|p1a: Espeon|91/100|[from] item: Life Orb
|move|p2a: Vivi|Moonblast|p1a: Espeon
|-damage|p1a: Espeon|46/100
|
|-heal|p2a: Vivi|53/100|[from] item: Leftovers
|upkeep
|turn|3
|
|t:|1769331692
|move|p1a: Espeon|Psychic|p2a: Vivi
|-damage|p2a: Vivi|0 fnt
|faint|p2a: Vivi
|-damage|p1a: Espeon|36/100|[from] item: Life Orb
|
|upkeep
|
|t:|1769331699
|switch|p2a: Karasu|Corviknight, F|100/100
|-damage|p2a: Karasu|88/100|[from] Stealth Rock
|-ability|p2a: Karasu|Pressure
|turn|4
|
|t:|1769331704
|move|p1a: Espeon|Thunder Wave|p2a: Karasu
|-status|p2a: Karasu|par
|move|p2a: Karasu|Brave Bird|p1a: Espeon
|-damage|p1a: Espeon|0 fnt
|faint|p1a: Espeon
|-damage|p2a: Karasu|80/100 par|[from] Recoil
|
|upkeep
|
|t:|1769331713
|switch|p1a: Arcanine|Arcanine, F|100/100
|turn|5
|
|t:|1769331724
|switch|p2a: Shirahoshi|Alomomola, F|100/100
|-damage|p2a: Shirahoshi|88/100|[from] Stealth Rock
|move|p1a: Arcanine|Will-O-Wisp|p2a: Shirahoshi
|-status|p2a: Shirahoshi|brn
|
|-heal|p2a: Shirahoshi|94/100 brn|[from] item: Leftovers
|-damage|p2a: Shirahoshi|88/100 brn|[from] brn
|upkeep
|turn|6
|
|t:|1769331744
|switch|p1a: Zangoose|Zangoose, M|100/100
|move|p2a: Shirahoshi|Scald|p1a: Zangoose
|-damage|p1a: Zangoose|75/100
|-status|p1a: Zangoose|brn
|
|-heal|p2a: Shirahoshi|94/100 brn|[from] item: Leftovers
|-damage|p1a: Zangoose|69/100 brn|[from] brn
|-damage|p2a: Shirahoshi|88/100 brn|[from] brn
|upkeep
|turn|7
|
|t:|1769331756
|move|p1a: Zangoose|Facade|p2a: Shirahoshi
|-crit|p2a: Shirahoshi
|-damage|p2a: Shirahoshi|39/100 brn
|move|p2a: Shirahoshi|Flip Turn|p1a: Zangoose
|-damage|p1a: Zangoose|55/100 brn
|
|t:|1769331765
|switch|p2a: Karasu|Corviknight, F|80/100 par|[from] Flip Turn
|-damage|p2a: Karasu|68/100 par|[from] Stealth Rock
|-ability|p2a: Karasu|Pressure
|
|-damage|p1a: Zangoose|49/100 brn|[from] brn
|upkeep
|turn|8
|
|t:|1769331778
|move|p1a: Zangoose|Facade|p2a: Karasu
|-resisted|p2a: Karasu
|-damage|p2a: Karasu|47/100 par
|-damage|p1a: Zangoose|33/100 brn|[from] item: Rocky Helmet|[of] p2a: Karasu
|cant|p2a: Karasu|par
|
|-damage|p1a: Zangoose|27/100 brn|[from] brn
|upkeep
|turn|9
|
|t:|1769331790
|move|p1a: Zangoose|Facade|p2a: Karasu
|-resisted|p2a: Karasu
|-damage|p2a: Karasu|27/100 par
|-damage|p1a: Zangoose|11/100 brn|[from] item: Rocky Helmet|[of] p2a: Karasu
|move|p2a: Karasu|Roost|p2a: Karasu
|-heal|p2a: Karasu|77/100 par
|-singleturn|p2a: Karasu|move: Roost
|
|-damage|p1a: Zangoose|5/100 brn|[from] brn
|upkeep
|turn|10
|
|t:|1769331801
|move|p1a: Zangoose|Facade|p2a: Karasu
|-resisted|p2a: Karasu
|-damage|p2a: Karasu|56/100 par
|-damage|p1a: Zangoose|0 fnt|[from] item: Rocky Helmet|[of] p2a: Karasu
|faint|p1a: Zangoose
|move|p2a: Karasu|Roost|p2a: Karasu
|-heal|p2a: Karasu|100/100 par
|-singleturn|p2a: Karasu|move: Roost
|
|upkeep
|
|t:|1769331810
|switch|p1a: Arcanine|Arcanine, F|100/100
|turn|11
|
|t:|1769331841
|switch|p1a: Decidueye|Decidueye, M|100/100
|switch|p2a: Shirohige|Tyranitar, M|100/100
|-damage|p2a: Shirohige|88/100|[from] Stealth Rock
|-weather|Sandstorm|[from] ability: Sand Stream|[of] p2a: Shirohige
|
|-weather|Sandstorm|[upkeep]
|-damage|p1a: Decidueye|94/100|[from] Sandstorm
|upkeep
|turn|12
|
|t:|1769331851
|move|p1a: Decidueye|Knock Off|p2a: Shirohige
|-resisted|p2a: Shirohige
|-damage|p2a: Shirohige|79/100
|-enditem|p2a: Shirohige|Smooth Rock|[from] move: Knock Off|[of] p1a: Decidueye
|move|p2a: Shirohige|Knock Off|p1a: Decidueye
|-supereffective|p1a: Decidueye
|-damage|p1a: Decidueye|0 fnt
|-enditem|p1a: Decidueye|Heavy-Duty Boots|[from] move: Knock Off|[of] p2a: Shirohige
|faint|p1a: Decidueye
|
|-weather|Sandstorm|[upkeep]
|upkeep
|
|t:|1769331862
|switch|p1a: Arcanine|Arcanine, F|100/100
|turn|13
|
|t:|1769331865
|move|p1a: Arcanine|Will-O-Wisp|p2a: Shirohige
|-status|p2a: Shirohige|brn
|move|p2a: Shirohige|Stone Edge|p1a: Arcanine
|-supereffective|p1a: Arcanine
|-damage|p1a: Arcanine|64/100
|
|-weather|Sandstorm|[upkeep]
|-damage|p1a: Arcanine|57/100|[from] Sandstorm
|-damage|p2a: Shirohige|73/100 brn|[from] brn
|upkeep
|turn|14
|
|t:|1769331878
|move|p1a: Arcanine|Fire Spin|p2a: Shirohige
|-resisted|p2a: Shirohige
|-damage|p2a: Shirohige|70/100 brn
|-activate|p2a: Shirohige|move: Fire Spin|[of] p1a: Arcanine
|move|p2a: Shirohige|Stone Edge|p1a: Arcanine|[miss]
|-miss|p2a: Shirohige|p1a: Arcanine
|
|-weather|Sandstorm|[upkeep]
|-damage|p1a: Arcanine|51/100|[from] Sandstorm
|-damage|p2a: Shirohige|64/100 brn|[from] brn
|-damage|p2a: Shirohige|51/100 brn|[from] move: Fire Spin|[partiallytrapped]
|upkeep
|turn|15
|
|t:|1769331890
|move|p1a: Arcanine|Morning Sun|p1a: Arcanine
|-heal|p1a: Arcanine|76/100
|move|p2a: Shirohige|Stone Edge|p1a: Arcanine
|-supereffective|p1a: Arcanine
|-damage|p1a: Arcanine|41/100
|
|-weather|Sandstorm|[upkeep]
|-damage|p1a: Arcanine|35/100|[from] Sandstorm
|-damage|p2a: Shirohige|45/100 brn|[from] brn
|-damage|p2a: Shirohige|33/100 brn|[from] move: Fire Spin|[partiallytrapped]
|upkeep
|turn|16
|
|t:|1769331901
|move|p1a: Arcanine|Morning Sun|p1a: Arcanine
|-heal|p1a: Arcanine|60/100
|move|p2a: Shirohige|Stone Edge|p1a: Arcanine|[miss]
|-miss|p2a: Shirohige|p1a: Arcanine
|
|-weather|Sandstorm|[upkeep]
|-damage|p1a: Arcanine|53/100|[from] Sandstorm
|-damage|p2a: Shirohige|26/100 brn|[from] brn
|-damage|p2a: Shirohige|14/100 brn|[from] move: Fire Spin|[partiallytrapped]
|upkeep
|turn|17
|
|t:|1769331914
|move|p1a: Arcanine|Morning Sun|p1a: Arcanine
|-heal|p1a: Arcanine|78/100
|move|p2a: Shirohige|Knock Off|p1a: Arcanine
|-damage|p1a: Arcanine|62/100
|-enditem|p1a: Arcanine|Charcoal|[from] move: Knock Off|[of] p2a: Shirohige
|
|-weather|Sandstorm|[upkeep]
|-damage|p1a: Arcanine|56/100|[from] Sandstorm
|-damage|p2a: Shirohige|8/100 brn|[from] brn
|-damage|p2a: Shirohige|0 fnt|[from] move: Fire Spin|[partiallytrapped]
|faint|p2a: Shirohige
|upkeep
|
|t:|1769331940
|switch|p2a: Shirahoshi|Alomomola, F|72/100 brn
|-damage|p2a: Shirahoshi|60/100 brn|[from] Stealth Rock
|turn|18
|
|t:|1769331948
|move|p1a: Arcanine|Morning Sun|p1a: Arcanine
|-heal|p1a: Arcanine|81/100
|move|p2a: Shirahoshi|Wish|p2a: Shirahoshi
|
|-weather|none
|-heal|p2a: Shirahoshi|66/100 brn|[from] item: Leftovers
|-damage|p2a: Shirahoshi|60/100 brn|[from] brn
|upkeep
|turn|19
|
|t:|1769331968
|switch|p1a: Masquerain|Masquerain, M|100/100
|-ability|p1a: Masquerain|Intimidate|boost
|-unboost|p2a: Shirahoshi|atk|1
|move|p2a: Shirahoshi|Scald|p1a: Masquerain
|-damage|p1a: Masquerain|81/100
|
|-heal|p2a: Shirahoshi|100/100 brn|[from] move: Wish|[wisher] Shirahoshi
|-damage|p2a: Shirahoshi|94/100 brn|[from] brn
|upkeep
|turn|20
|
|t:|1769331981
|move|p1a: Masquerain|Leech Life|p2a: Shirahoshi
|-damage|p2a: Shirahoshi|80/100 brn
|-heal|p1a: Masquerain|95/100|[from] drain|[of] p2a: Shirahoshi
|move|p2a: Shirahoshi|Scald|p1a: Masquerain
|-damage|p1a: Masquerain|77/100
|
|-heal|p2a: Shirahoshi|86/100 brn|[from] item: Leftovers
|-damage|p2a: Shirahoshi|80/100 brn|[from] brn
|upkeep
|turn|21
|
|t:|1769331996
|switch|p1a: Arcanine|Arcanine, F|81/100
|move|p2a: Shirahoshi|Scald|p1a: Arcanine
|-supereffective|p1a: Arcanine
|-damage|p1a: Arcanine|53/100
|
|-heal|p2a: Shirahoshi|86/100 brn|[from] item: Leftovers
|-damage|p2a: Shirahoshi|80/100 brn|[from] brn
|upkeep
|turn|22
|
|t:|1769332030
|move|p1a: Arcanine|Morning Sun|p1a: Arcanine
|-heal|p1a: Arcanine|100/100
|move|p2a: Shirahoshi|Scald|p1a: Arcanine
|-supereffective|p1a: Arcanine
|-crit|p1a: Arcanine
|-damage|p1a: Arcanine|53/100
|
|-heal|p2a: Shirahoshi|86/100 brn|[from] item: Leftovers
|-damage|p2a: Shirahoshi|80/100 brn|[from] brn
|upkeep
|turn|23
|
|t:|1769332041
|move|p1a: Arcanine|Fire Spin|p2a: Shirahoshi
|-resisted|p2a: Shirahoshi
|-damage|p2a: Shirahoshi|73/100 brn
|-activate|p2a: Shirahoshi|move: Fire Spin|[of] p1a: Arcanine
|move|p2a: Shirahoshi|Scald|p1a: Arcanine
|-supereffective|p1a: Arcanine
|-crit|p1a: Arcanine
|-damage|p1a: Arcanine|11/100
|
|-heal|p2a: Shirahoshi|79/100 brn|[from] item: Leftovers
|-damage|p2a: Shirahoshi|73/100 brn|[from] brn
|-damage|p2a: Shirahoshi|61/100 brn|[from] move: Fire Spin|[partiallytrapped]
|upkeep
|turn|24
|
|t:|1769332053
|move|p1a: Arcanine|Morning Sun|p1a: Arcanine
|-heal|p1a: Arcanine|61/100
|move|p2a: Shirahoshi|Scald|p1a: Arcanine
|-supereffective|p1a: Arcanine
|-damage|p1a: Arcanine|30/100
|
|-heal|p2a: Shirahoshi|67/100 brn|[from] item: Leftovers
|-damage|p2a: Shirahoshi|61/100 brn|[from] brn
|-damage|p2a: Shirahoshi|48/100 brn|[from] move: Fire Spin|[partiallytrapped]
|upkeep
|turn|25
|
|t:|1769332067
|move|p1a: Arcanine|Morning Sun|p1a: Arcanine
|-heal|p1a: Arcanine|80/100
|move|p2a: Shirahoshi|Scald|p1a: Arcanine
|-supereffective|p1a: Arcanine
|-damage|p1a: Arcanine|52/100
|
|-heal|p2a: Shirahoshi|54/100 brn|[from] item: Leftovers
|-damage|p2a: Shirahoshi|48/100 brn|[from] brn
|-damage|p2a: Shirahoshi|36/100 brn|[from] move: Fire Spin|[partiallytrapped]
|upkeep
|turn|26
|
|t:|1769332079
|move|p1a: Arcanine|Overheat|p2a: Shirahoshi
|-resisted|p2a: Shirahoshi
|-damage|p2a: Shirahoshi|12/100 brn
|-unboost|p1a: Arcanine|spa|2
|move|p2a: Shirahoshi|Wish|p2a: Shirahoshi
|
|-heal|p2a: Shirahoshi|18/100 brn|[from] item: Leftovers
|-damage|p2a: Shirahoshi|12/100 brn|[from] brn
|-damage|p2a: Shirahoshi|0 fnt|[from] move: Fire Spin|[partiallytrapped]
|faint|p2a: Shirahoshi
|upkeep
|
|t:|1769332120
|switch|p2a: Nico Robin|Dragapult, F|100/100
|-damage|p2a: Nico Robin|88/100|[from] Stealth Rock
|turn|27
|
|t:|1769332135
|switch|p1a: Masquerain|Masquerain, M|77/100
|-ability|p1a: Masquerain|Intimidate|boost
|-unboost|p2a: Nico Robin|atk|1
|move|p2a: Nico Robin|Draco Meteor|p1a: Masquerain
|-damage|p1a: Masquerain|0 fnt
|-unboost|p2a: Nico Robin|spa|2
|faint|p1a: Masquerain
|
|-heal|p2a: Nico Robin|100/100|[from] move: Wish|[wisher] Shirahoshi
|upkeep
|
|t:|1769332149
|switch|p1a: Arcanine|Arcanine, F|52/100
|turn|28
|
|t:|1769332161
|switch|p2a: Karasu|Corviknight, F|100/100 par
|-damage|p2a: Karasu|88/100 par|[from] Stealth Rock
|-ability|p2a: Karasu|Pressure
|move|p1a: Arcanine|Morning Sun|p1a: Arcanine
|-heal|p1a: Arcanine|100/100
|
|upkeep
|turn|29
|
|t:|1769332170
|move|p1a: Arcanine|Fire Spin|p2a: Karasu
|-supereffective|p2a: Karasu
|-damage|p2a: Karasu|64/100 par
|-activate|p2a: Karasu|move: Fire Spin|[of] p1a: Arcanine
|cant|p2a: Karasu|par
|
|-damage|p2a: Karasu|52/100 par|[from] move: Fire Spin|[partiallytrapped]
|upkeep
|turn|30
|
|t:|1769332199
|move|p1a: Arcanine|Overheat|p2a: Karasu
|-supereffective|p2a: Karasu
|-damage|p2a: Karasu|0 fnt
|-unboost|p1a: Arcanine|spa|2
|faint|p2a: Karasu
|
|upkeep
|
|t:|1769332204
|switch|p2a: Drophy|Excadrill, F|100/100
|-damage|p2a: Drophy|97/100|[from] Stealth Rock
|-item|p2a: Drophy|Air Balloon
|turn|31
|
|t:|1769332214
|-terastallize|p2a: Drophy|Ground
|-terastallize|p1a: Arcanine|Water
|move|p2a: Drophy|Earthquake|p1a: Arcanine
|-damage|p1a: Arcanine|44/100
|move|p1a: Arcanine|Fire Spin|p2a: Drophy
|-damage|p2a: Drophy|90/100
|-activate|p2a: Drophy|move: Fire Spin|[of] p1a: Arcanine
|-enditem|p2a: Drophy|Air Balloon
|
|-damage|p2a: Drophy|77/100|[from] move: Fire Spin|[partiallytrapped]
|upkeep
|turn|32
|
|t:|1769332227
|move|p2a: Drophy|Earthquake|p1a: Arcanine
|-damage|p1a: Arcanine|0 fnt
|faint|p1a: Arcanine
|
|-end|p2a: Drophy|Fire Spin|[partiallytrapped]|[silent]
|upkeep
|
|t:|1769332232
|switch|p1a: Sudowoodo|Sudowoodo, M|100/100
|turn|33
|c|☆P4t4tr4f1c0|good build on arcanice
|
|t:|1769332236
|move|p2a: Drophy|Earthquake|p1a: Sudowoodo
|-supereffective|p1a: Sudowoodo
|-ability|p1a: Sudowoodo|Sturdy
|-damage|p1a: Sudowoodo|1/100
|move|p1a: Sudowoodo|Counter|p2a: Drophy
|-damage|p2a: Drophy|0 fnt
|faint|p2a: Drophy
|
|upkeep
|
|t:|1769332259
|switch|p2a: Nico Robin|Dragapult, F|100/100
|-damage|p2a: Nico Robin|88/100|[from] Stealth Rock
|turn|34
|c|☆KenjiShiguma|I would have one if i didn't tera there
|c|☆KenjiShiguma|Won*
|c|☆KenjiShiguma|Gg
|c|☆KenjiShiguma|Needed the tera here
|
|t:|1769332287
|move|p1a: Sudowoodo|Sucker Punch|p2a: Nico Robin
|-supereffective|p2a: Nico Robin
|-damage|p2a: Nico Robin|30/100
|move|p2a: Nico Robin|Draco Meteor|p1a: Sudowoodo
|-damage|p1a: Sudowoodo|0 fnt
|-unboost|p2a: Nico Robin|spa|2
|faint|p1a: Sudowoodo
|
|win|P4t4tr4f1c0
|raw|KenjiShiguma's rating: 1103 &rarr; <strong>1079</strong><br />(-24 for losing)
|raw|P4t4tr4f1c0's rating: 1110 &rarr; <strong>1134</strong><br />(+24 for winning)
|c|☆KenjiShiguma|I thought about it
|c|☆P4t4tr4f1c0|true
|c|☆P4t4tr4f1c0|gg bro
|c|☆KenjiShiguma|Gg
|c|☆P4t4tr4f1c0|have a nice day
|c|☆KenjiShiguma|You too
|l|☆KenjiShiguma
|player|p1|
|l|☆P4t4tr4f1c0
|player|p2|
