|inactive|Battle timer is ON: inactive players will automatically lose when time's up.
|t:|1769307071
|gametype|singles
|player|p1|SkyHiSundae|juliana-festival|
|player|p2|brandonlee1|265|
|gen|9
|tier|[Gen 9] OU
|rule|HP Percentage Mod: HP is shown in percentages
|rule|Endless Battle Clause: Forcing endless battles is banned
|rule|Species Clause: Limit one of each Pokémon
|rule|OHKO Clause: OHKO moves are banned
|rule|Evasion Items Clause: Evasion items are banned
|rule|Evasion Moves Clause: Evasion moves are banned
|rule|Evasion Abilities Clause: Evasion abilities are banned
|rule|Sleep Moves Clause: Sleep-inducing moves are banned
|clearpoke
|poke|p1|Ting-Lu|
|poke|p1|Iron Treads|
|poke|p1|Zamazenta-*|
|poke|p1|Dragonite, M|
|poke|p1|Ogerpon-Wellspring, F|
|poke|p1|Gholdengo|
|poke|p2|Iron Moth|
|poke|p2|Ninetales-Alola, F|
|poke|p2|Garchomp, M|
|poke|p2|Ceruledge, F|
|poke|p2|Hatterene, F|
|poke|p2|Zamazenta-*|
|teampreview
|c|☆SkyHiSundae|glhf
|c|☆brandonlee1|hf
|inactive|SkyHiSundae has 270 seconds left.
|c|+sire clod|is this ost
|inactive|SkyHiSundae has 240 seconds left.
|
|t:|1769307147
|teamsize|p1|6
|teamsize|p2|6
|start
|switch|p1a: Ting-Lu|Ting-Lu|100/100
|switch|p2a: Iron Moth|Iron Moth|100/100
|-ability|p1a: Ting-Lu|Vessel of Ruin
|-enditem|p2a: Iron Moth|Booster Energy
|-activate|p2a: Iron Moth|ability: Quark Drive|[fromitem]
|-start|p2a: Iron Moth|quarkdrivespa
|turn|1
|
|t:|1769307171
|-end|p2a: Iron Moth|Quark Drive|[silent]
|switch|p2a: Hatterene|Hatterene, F|100/100
|move|p1a: Ting-Lu|Earthquake|p2a: Hatterene
|-damage|p2a: Hatterene|55/100
|
|upkeep
|turn|2
|c|☆SkyHiSundae|yes ost
|
|t:|1769307199
|switch|p1a: Iron Treads|Iron Treads|100/100
|move|p2a: Hatterene|Draining Kiss|p1a: Iron Treads
|-resisted|p1a: Iron Treads
|-damage|p1a: Iron Treads|78/100
|-heal|p2a: Hatterene|72/100|[from] drain|[of] p1a: Iron Treads
|
|-heal|p1a: Iron Treads|84/100|[from] item: Leftovers
|upkeep
|turn|3
|inactive|brandonlee1 has 270 seconds left.
|
|t:|1769307246
|switch|p2a: Zamazenta|Zamazenta, shiny|100/100
|-ability|p2a: Zamazenta|Dauntless Shield|boost
|-boost|p2a: Zamazenta|def|1
|move|p1a: Iron Treads|Earthquake|p2a: Zamazenta
|-damage|p2a: Zamazenta|77/100
|
|-heal|p2a: Zamazenta|84/100|[from] item: Leftovers
|-heal|p1a: Iron Treads|91/100|[from] item: Leftovers
|upkeep
|turn|4
|
|t:|1769307259
|-end|p1a: Iron Treads|Quark Drive|[silent]
|switch|p1a: Zamazenta|Zamazenta|100/100
|-ability|p1a: Zamazenta|Dauntless Shield|boost
|-boost|p1a: Zamazenta|def|1
|move|p2a: Zamazenta|Crunch|p1a: Zamazenta
|-resisted|p1a: Zamazenta
|-damage|p1a: Zamazenta|96/100
|
|-heal|p2a: Zamazenta|90/100|[from] item: Leftovers
|-heal|p1a: Zamazenta|100/100|[from] item: Leftovers
|upkeep
|turn|5
|
|t:|1769307267
|move|p2a: Zamazenta|Roar|p1a: Zamazenta
|drag|p1a: Dragonite|Dragonite, M|100/100
|
|-heal|p2a: Zamazenta|96/100|[from] item: Leftovers
|upkeep
|turn|6
|
|t:|1769307272
|switch|p1a: Zamazenta|Zamazenta|100/100
|move|p2a: Zamazenta|Roar|p1a: Zamazenta
|drag|p1a: Iron Treads|Iron Treads|91/100
|
|-heal|p2a: Zamazenta|100/100|[from] item: Leftovers
|-heal|p1a: Iron Treads|97/100|[from] item: Leftovers
|upkeep
|turn|7
|
|t:|1769307280
|move|p2a: Zamazenta|Iron Defense|p2a: Zamazenta
|-boost|p2a: Zamazenta|def|2
|move|p1a: Iron Treads|Knock Off|p2a: Zamazenta
|-resisted|p2a: Zamazenta
|-damage|p2a: Zamazenta|96/100
|-enditem|p2a: Zamazenta|Leftovers|[from] move: Knock Off|[of] p1a: Iron Treads
|
|-heal|p1a: Iron Treads|100/100|[from] item: Leftovers
|upkeep
|turn|8
|
|t:|1769307284
|-end|p1a: Iron Treads|Quark Drive|[silent]
|switch|p1a: Zamazenta|Zamazenta|100/100
|move|p2a: Zamazenta|Crunch|p1a: Zamazenta
|-resisted|p1a: Zamazenta
|-damage|p1a: Zamazenta|93/100
|-unboost|p1a: Zamazenta|def|1
|
|-heal|p1a: Zamazenta|99/100|[from] item: Leftovers
|upkeep
|turn|9
|
|t:|1769307289
|move|p2a: Zamazenta|Body Press|p1a: Zamazenta
|-damage|p1a: Zamazenta|0 fnt
|faint|p1a: Zamazenta
|
|upkeep
|
|t:|1769307311
|switch|p1a: Gholdengo|Gholdengo|100/100
|-item|p1a: Gholdengo|Air Balloon
|turn|10
|
|t:|1769307323
|move|p2a: Zamazenta|Crunch|p1a: Gholdengo
|-supereffective|p1a: Gholdengo
|-damage|p1a: Gholdengo|72/100
|-enditem|p1a: Gholdengo|Air Balloon
|move|p1a: Gholdengo|Thunder Wave|p2a: Zamazenta
|-status|p2a: Zamazenta|par
|
|upkeep
|turn|11
|
|t:|1769307341
|switch|p1a: Ting-Lu|Ting-Lu|100/100
|-ability|p1a: Ting-Lu|Vessel of Ruin
|switch|p2a: Iron Moth|Iron Moth|100/100
|
|upkeep
|turn|12
|
|t:|1769307350
|-end|p2a: Iron Moth|Quark Drive|[silent]
|switch|p2a: Hatterene|Hatterene, F|72/100
|move|p1a: Ting-Lu|Earthquake|p2a: Hatterene
|-damage|p2a: Hatterene|28/100
|
|upkeep
|turn|13
|
|t:|1769307358
|move|p1a: Ting-Lu|Earthquake|p2a: Hatterene
|-damage|p2a: Hatterene|0 fnt
|faint|p2a: Hatterene
|
|upkeep
|
|t:|1769307361
|switch|p2a: Ninetales|Ninetales-Alola, F, shiny|100/100
|-weather|Snowscape|[from] ability: Snow Warning|[of] p2a: Ninetales
|turn|14
|
|t:|1769307369
|move|p2a: Ninetales|Aurora Veil|p2a: Ninetales
|-sidestart|p2: brandonlee1|move: Aurora Veil
|move|p1a: Ting-Lu|Spikes|p2a: Ninetales
|-sidestart|p2: brandonlee1|Spikes
|
|-weather|Snowscape|[upkeep]
|upkeep
|turn|15
|
|t:|1769307382
|move|p2a: Ninetales|Encore|p1a: Ting-Lu
|-start|p1a: Ting-Lu|Encore
|move|p1a: Ting-Lu|Spikes|p2a: Ninetales
|-sidestart|p2: brandonlee1|Spikes
|
|-weather|Snowscape|[upkeep]
|upkeep
|turn|16
|
|t:|1769307395
|switch|p2a: Garchomp|Garchomp, M, shiny|100/100
|-damage|p2a: Garchomp|84/100|[from] Spikes
|switch|p1a: Gholdengo|Gholdengo|72/100
|
|-weather|Snowscape|[upkeep]
|upkeep
|turn|17
|inactive|SkyHiSundae has 270 seconds left.
|inactive|SkyHiSundae has 240 seconds left.
|
|t:|1769307464
|switch|p1a: Ting-Lu|Ting-Lu|100/100
|-ability|p1a: Ting-Lu|Vessel of Ruin
|move|p2a: Garchomp|Swords Dance|p2a: Garchomp
|-boost|p2a: Garchomp|atk|2
|
|-weather|Snowscape|[upkeep]
|upkeep
|turn|18
|inactive|SkyHiSundae has 240 seconds left.
|
|t:|1769307472
|move|p2a: Garchomp|Dragon Tail|p1a: Ting-Lu
|-damage|p1a: Ting-Lu|65/100
|drag|p1a: Iron Treads|Iron Treads|100/100
|
|-weather|none
|upkeep
|turn|19
|
|t:|1769307478
|move|p1a: Iron Treads|Knock Off|p2a: Garchomp
|-damage|p2a: Garchomp|69/100
|-damage|p1a: Iron Treads|88/100|[from] ability: Rough Skin|[of] p2a: Garchomp
|-enditem|p2a: Garchomp|Loaded Dice|[from] move: Knock Off|[of] p1a: Iron Treads
|move|p2a: Garchomp|Earthquake|p1a: Iron Treads
|-supereffective|p1a: Iron Treads
|-damage|p1a: Iron Treads|0 fnt
|faint|p1a: Iron Treads
|-end|p1a: Iron Treads|Quark Drive|[silent]
|
|upkeep
|
|t:|1769307484
|switch|p1a: Ting-Lu|Ting-Lu|65/100
|-ability|p1a: Ting-Lu|Vessel of Ruin
|turn|20
|inactive|SkyHiSundae has 240 seconds left.
|inactive|brandonlee1 has 270 seconds left.
|
|t:|1769307544
|move|p2a: Garchomp|Earthquake|p1a: Ting-Lu
|-damage|p1a: Ting-Lu|0 fnt
|faint|p1a: Ting-Lu
|
|upkeep
|
|t:|1769307554
|switch|p1a: Ogerpon|Ogerpon-Wellspring, F|100/100
|turn|21
|
|t:|1769307566
|move|p1a: Ogerpon|Ivy Cudgel|p2a: Garchomp|[anim] Ivy Cudgel Water
|-damage|p2a: Garchomp|41/100
|move|p2a: Garchomp|Scale Shot|p1a: Ogerpon
|-damage|p1a: Ogerpon|64/100
|-damage|p1a: Ogerpon|27/100
|-damage|p1a: Ogerpon|0 fnt
|faint|p1a: Ogerpon
|-hitcount|p1: Ogerpon|3
|-unboost|p2a: Garchomp|def|1
|-boost|p2a: Garchomp|spe|1
|
|-sideend|p2: brandonlee1|move: Aurora Veil
|upkeep
|inactive|SkyHiSundae has 240 seconds left.
|
|t:|1769307584
|switch|p1a: Dragonite|Dragonite, M|100/100
|turn|22
|
|t:|1769307594
|-terastallize|p1a: Dragonite|Normal
|move|p2a: Garchomp|Scale Shot|p1a: Dragonite
|-damage|p1a: Dragonite|84/100
|-damage|p1a: Dragonite|51/100
|-hitcount|p1a: Dragonite|2
|-unboost|p2a: Garchomp|def|1
|-boost|p2a: Garchomp|spe|1
|move|p1a: Dragonite|Dragon Dance|p1a: Dragonite
|-boost|p1a: Dragonite|atk|1
|-boost|p1a: Dragonite|spe|1
|
|upkeep
|turn|23
|
|t:|1769307607
|move|p1a: Dragonite|Extreme Speed|p2a: Garchomp
|-damage|p2a: Garchomp|0 fnt
|-damage|p1a: Dragonite|38/100|[from] ability: Rough Skin|[of] p2a: Garchomp
|faint|p2a: Garchomp
|
|upkeep
|
|t:|1769307627
|switch|p2a: Ninetales|Ninetales-Alola, F, shiny|100/100
|-damage|p2a: Ninetales|84/100|[from] Spikes
|-weather|Snowscape|[from] ability: Snow Warning|[of] p2a: Ninetales
|turn|24
|
|t:|1769307632
|-terastallize|p2a: Ninetales|Ghost
|move|p1a: Dragonite|Extreme Speed|p2a: Ninetales
|-immune|p2a: Ninetales
|move|p2a: Ninetales|Encore|p1a: Dragonite
|-start|p1a: Dragonite|Encore
|
|-weather|Snowscape|[upkeep]
|upkeep
|turn|25
|
|t:|1769307638
|switch|p1a: Gholdengo|Gholdengo|72/100
|move|p2a: Ninetales|Aurora Veil|p2a: Ninetales
|-sidestart|p2: brandonlee1|move: Aurora Veil
|
|-weather|Snowscape|[upkeep]
|upkeep
|turn|26
|
|t:|1769307643
|switch|p2a: Iron Moth|Iron Moth|100/100
|-damage|p2a: Iron Moth|84/100|[from] Spikes
|move|p1a: Gholdengo|Thunder Wave|p2a: Iron Moth
|-status|p2a: Iron Moth|par
|
|-weather|Snowscape|[upkeep]
|upkeep
|turn|27
|
|t:|1769307650
|move|p1a: Gholdengo|Hex|p2a: Iron Moth
|-damage|p2a: Iron Moth|53/100 par
|cant|p2a: Iron Moth|par
|
|-weather|Snowscape|[upkeep]
|upkeep
|turn|28
|
|t:|1769307656
|move|p1a: Gholdengo|Hex|p2a: Iron Moth
|-damage|p2a: Iron Moth|24/100 par
|cant|p2a: Iron Moth|par
|
|-weather|none
|upkeep
|turn|29
|c|☆SkyHiSundae|mb
|
|t:|1769307663
|move|p1a: Gholdengo|Hex|p2a: Iron Moth
|-damage|p2a: Iron Moth|0 fnt
|faint|p2a: Iron Moth
|-end|p2a: Iron Moth|Quark Drive|[silent]
|
|upkeep
|
|t:|1769307667
|switch|p2a: Ceruledge|Ceruledge, F, shiny|100/100
|-damage|p2a: Ceruledge|84/100|[from] Spikes
|turn|30
|
|t:|1769307671
|move|p2a: Ceruledge|Bitter Blade|p1a: Gholdengo
|-supereffective|p1a: Gholdengo
|-damage|p1a: Gholdengo|0 fnt
|-heal|p2a: Ceruledge|100/100|[from] drain|[of] p1a: Gholdengo
|faint|p1a: Gholdengo
|-damage|p2a: Ceruledge|91/100|[from] item: Life Orb
|
|upkeep
|
|t:|1769307674
|switch|p1a: Dragonite|Dragonite, M, tera:Normal|38/100
|turn|31
|c|☆brandonlee1|all g
|
|t:|1769307682
|move|p2a: Ceruledge|Bitter Blade|p1a: Dragonite
|-damage|p1a: Dragonite|0 fnt
|-heal|p2a: Ceruledge|100/100|[from] drain|[of] p1a: Dragonite
|faint|p1a: Dragonite
|-damage|p2a: Ceruledge|91/100|[from] item: Life Orb
|
|win|brandonlee1
