|j|☆DXHaydenPXD
|j|☆Princessjosie1001!
|t:|1769364693
|gametype|singles
|player|p1|DXHaydenPXD|preschooler|1348
|player|p2|Princessjosie1001!|nurse|1384
|gen|9
|tier|[Gen 9] OU
|rated|
|rule|HP Percentage Mod: HP is shown in percentages
|rule|Endless Battle Clause: Forcing endless battles is banned
|rule|Species Clause: Limit one of each Pokémon
|rule|OHKO Clause: OHKO moves are banned
|rule|Evasion Items Clause: Evasion items are banned
|rule|Evasion Moves Clause: Evasion moves are banned
|rule|Evasion Abilities Clause: Evasion abilities are banned
|rule|Sleep Moves Clause: Sleep-inducing moves are banned
|clearpoke
|poke|p1|Serperior, F|
|poke|p1|Gholdengo|
|poke|p1|Corviknight, F|
|poke|p1|Moltres|
|poke|p1|Deoxys-Speed|
|poke|p1|Kingambit, F|
|poke|p2|Yanmega, M|
|poke|p2|Cloyster, F|
|poke|p2|Salazzle, F|
|poke|p2|Espeon, M|
|poke|p2|Jirachi|
|poke|p2|Maushold-Four|
|teampreview
|
|t:|1769364700
|teamsize|p1|6
|teamsize|p2|6
|start
|switch|p1a: Deoxys|Deoxys-Speed|100/100
|switch|p2a: Yanmega|Yanmega, M|100/100
|-ability|p1a: Deoxys|Pressure
|turn|1
|
|t:|1769364708
|switch|p1a: Moltres|Moltres|100/100
|switch|p2a: No hazard allowed|Espeon, M|100/100
|
|upkeep
|turn|2
|
|t:|1769364715
|move|p2a: No hazard allowed|Trick|p1a: Moltres
|-activate|p2a: No hazard allowed|move: Trick|[of] p1a: Moltres
|-item|p1a: Moltres|Choice Scarf|[from] move: Trick
|-item|p2a: No hazard allowed|Heavy-Duty Boots|[from] move: Trick
|move|p1a: Moltres|U-turn|p2a: No hazard allowed
|-supereffective|p2a: No hazard allowed
|-damage|p2a: No hazard allowed|45/100
|inactive|Battle timer is ON: inactive players will automatically lose when time's up. (requested by DXHaydenPXD)
|
|t:|1769364722
|switch|p1a: Serperior|Serperior, F|100/100|[from] U-turn
|
|upkeep
|turn|3
|
|t:|1769364726
|move|p1a: Serperior|Substitute|p1a: Serperior
|-start|p1a: Serperior|Substitute
|-damage|p1a: Serperior|76/100
|move|p2a: No hazard allowed|Thunder Wave||[still]
|-fail|p2a: No hazard allowed
|
|upkeep
|turn|4
|
|t:|1769364732
|move|p1a: Serperior|Coil|p1a: Serperior
|-boost|p1a: Serperior|atk|1
|-boost|p1a: Serperior|def|1
|-boost|p1a: Serperior|accuracy|1
|move|p2a: No hazard allowed|Psychic|p1a: Serperior
|-end|p1a: Serperior|Substitute
|
|upkeep
|turn|5
|
|t:|1769364738
|move|p1a: Serperior|Scale Shot|p2a: No hazard allowed
|-crit|p2a: No hazard allowed
|-damage|p2a: No hazard allowed|19/100
|-damage|p2a: No hazard allowed|3/100
|-damage|p2a: No hazard allowed|0 fnt
|faint|p2a: No hazard allowed
|-hitcount|p2: No hazard allowed|3
|-unboost|p1a: Serperior|def|1
|-boost|p1a: Serperior|spe|1
|
|upkeep
|
|t:|1769364748
|switch|p2a: Cloyster|Cloyster, F|100/100
|turn|6
|
|t:|1769364757
|move|p1a: Serperior|Bullet Seed|p2a: Cloyster
|-supereffective|p2a: Cloyster
|-damage|p2a: Cloyster|78/100
|-supereffective|p2a: Cloyster
|-damage|p2a: Cloyster|56/100
|-supereffective|p2a: Cloyster
|-damage|p2a: Cloyster|33/100
|-supereffective|p2a: Cloyster
|-damage|p2a: Cloyster|8/100
|-hitcount|p2a: Cloyster|4
|move|p2a: Cloyster|Shell Smash|p2a: Cloyster
|-unboost|p2a: Cloyster|def|1
|-unboost|p2a: Cloyster|spd|1
|-boost|p2a: Cloyster|atk|2
|-boost|p2a: Cloyster|spa|2
|-boost|p2a: Cloyster|spe|2
|
|upkeep
|turn|7
|
|t:|1769364770
|move|p2a: Cloyster|Ice Shard|p1a: Serperior
|-supereffective|p1a: Serperior
|-damage|p1a: Serperior|0 fnt
|faint|p1a: Serperior
|
|upkeep
|
|t:|1769364775
|switch|p1a: Kingambit|Kingambit, F|100/100
|-activate|p1a: Kingambit|ability: Supreme Overlord
|-start|p1a: Kingambit|fallen1|[silent]
|turn|8
|
|t:|1769364782
|move|p2a: Cloyster|Shell Smash|p2a: Cloyster
|-unboost|p2a: Cloyster|def|1
|-unboost|p2a: Cloyster|spd|1
|-boost|p2a: Cloyster|atk|2
|-boost|p2a: Cloyster|spa|2
|-boost|p2a: Cloyster|spe|2
|move|p1a: Kingambit|Kowtow Cleave|p2a: Cloyster
|-damage|p2a: Cloyster|0 fnt
|faint|p2a: Cloyster
|
|upkeep
|
|t:|1769364791
|switch|p2a: Salazzle|Salazzle, F|100/100
|turn|9
|
|t:|1769364794
|-end|p1a: Kingambit|fallen1|[silent]
|switch|p1a: Moltres|Moltres|100/100
|move|p2a: Salazzle|Flamethrower|p1a: Moltres
|-resisted|p1a: Moltres
|-damage|p1a: Moltres|85/100
|
|upkeep
|turn|10
|
|t:|1769364812
|move|p2a: Salazzle|Sludge Wave|p1a: Moltres
|-damage|p1a: Moltres|51/100
|move|p1a: Moltres|U-turn|p2a: Salazzle
|-resisted|p2a: Salazzle
|-damage|p2a: Salazzle|93/100
|
|t:|1769364816
|switch|p1a: Deoxys|Deoxys-Speed|100/100|[from] U-turn
|-ability|p1a: Deoxys|Pressure
|
|upkeep
|turn|11
|
|t:|1769364821
|switch|p2a: Jirachi|Jirachi|100/100
|move|p1a: Deoxys|Substitute|p1a: Deoxys
|-start|p1a: Deoxys|Substitute
|-damage|p1a: Deoxys|75/100
|
|-heal|p1a: Deoxys|82/100|[from] item: Leftovers
|upkeep
|turn|12
|
|t:|1769364828
|move|p1a: Deoxys|Calm Mind|p1a: Deoxys
|-boost|p1a: Deoxys|spa|1
|-boost|p1a: Deoxys|spd|1
|move|p2a: Jirachi|U-turn|p1a: Deoxys
|-supereffective|p1a: Deoxys
|-end|p1a: Deoxys|Substitute
|
|t:|1769364837
|switch|p2a: Maushold|Maushold-Four|100/100|[from] U-turn
|
|-heal|p1a: Deoxys|88/100|[from] item: Leftovers
|upkeep
|turn|13
|
|t:|1769364843
|move|p1a: Deoxys|Focus Blast|p2a: Maushold|[miss]
|-miss|p1a: Deoxys|p2a: Maushold
|move|p2a: Maushold|Population Bomb|p1a: Deoxys
|-damage|p1a: Deoxys|74/100
|-damage|p1a: Deoxys|58/100
|-damage|p1a: Deoxys|43/100
|-damage|p1a: Deoxys|28/100
|-damage|p1a: Deoxys|14/100
|-damage|p1a: Deoxys|0 fnt
|faint|p1a: Deoxys
|-hitcount|p1: Deoxys|6
|
|upkeep
|
|t:|1769364858
|switch|p1a: Kingambit|Kingambit, F|100/100
|-activate|p1a: Kingambit|ability: Supreme Overlord
|-start|p1a: Kingambit|fallen2|[silent]
|turn|14
|
|t:|1769364865
|move|p2a: Maushold|Population Bomb|p1a: Kingambit
|-resisted|p1a: Kingambit
|-damage|p1a: Kingambit|96/100
|-resisted|p1a: Kingambit
|-damage|p1a: Kingambit|92/100
|-resisted|p1a: Kingambit
|-damage|p1a: Kingambit|88/100
|-resisted|p1a: Kingambit
|-damage|p1a: Kingambit|83/100
|-resisted|p1a: Kingambit
|-damage|p1a: Kingambit|79/100
|-resisted|p1a: Kingambit
|-damage|p1a: Kingambit|75/100
|-resisted|p1a: Kingambit
|-damage|p1a: Kingambit|72/100
|-resisted|p1a: Kingambit
|-damage|p1a: Kingambit|67/100
|-resisted|p1a: Kingambit
|-damage|p1a: Kingambit|63/100
|-hitcount|p1a: Kingambit|9
|move|p1a: Kingambit|Kowtow Cleave|p2a: Maushold
|-damage|p2a: Maushold|12/100
|
|upkeep
|turn|15
|
|t:|1769364885
|move|p2a: Maushold|Bite|p1a: Kingambit
|-resisted|p1a: Kingambit
|-damage|p1a: Kingambit|54/100
|move|p1a: Kingambit|Kowtow Cleave|p2a: Maushold
|-damage|p2a: Maushold|0 fnt
|faint|p2a: Maushold
|
|upkeep
|
|t:|1769364895
|switch|p2a: Salazzle|Salazzle, F|93/100
|turn|16
|
|t:|1769364901
|-end|p1a: Kingambit|fallen2|[silent]
|switch|p1a: Corviknight|Corviknight, F|100/100
|-ability|p1a: Corviknight|Pressure
|move|p2a: Salazzle|Flamethrower|p1a: Corviknight
|-supereffective|p1a: Corviknight
|-damage|p1a: Corviknight|8/100
|
|upkeep
|turn|17
|
|t:|1769364909
|move|p2a: Salazzle|Flamethrower|p1a: Corviknight
|-supereffective|p1a: Corviknight
|-damage|p1a: Corviknight|0 fnt
|faint|p1a: Corviknight
|
|upkeep
|
|t:|1769364912
|switch|p1a: Moltres|Moltres|51/100
|turn|18
|
|t:|1769364918
|move|p2a: Salazzle|Toxic|p1a: Moltres
|-status|p1a: Moltres|tox
|move|p1a: Moltres|Roost|p1a: Moltres
|-heal|p1a: Moltres|100/100 tox
|-singleturn|p1a: Moltres|move: Roost
|
|-damage|p1a: Moltres|94/100 tox|[from] psn
|upkeep
|turn|19
|
|t:|1769364926
|move|p2a: Salazzle|Sludge Wave|p1a: Moltres
|-damage|p1a: Moltres|60/100 tox
|move|p1a: Moltres|Roost|p1a: Moltres
|-heal|p1a: Moltres|100/100 tox
|-singleturn|p1a: Moltres|move: Roost
|
|-damage|p1a: Moltres|88/100 tox|[from] psn
|upkeep
|turn|20
|
|t:|1769364937
|switch|p2a: Yanmega|Yanmega, M|100/100
|move|p1a: Moltres|Roost|p1a: Moltres
|-heal|p1a: Moltres|100/100 tox
|-singleturn|p1a: Moltres|move: Roost
|
|-damage|p1a: Moltres|82/100 tox|[from] psn
|upkeep
|turn|21
|
|t:|1769364945
|switch|p1a: Gholdengo|Gholdengo|100/100
|move|p2a: Yanmega|Ancient Power|p1a: Gholdengo
|-resisted|p1a: Gholdengo
|-damage|p1a: Gholdengo|87/100
|-damage|p2a: Yanmega|91/100|[from] item: Life Orb
|
|-heal|p1a: Gholdengo|93/100|[from] item: Leftovers
|-ability|p2a: Yanmega|Speed Boost|boost
|-boost|p2a: Yanmega|spe|1
|upkeep
|turn|22
|
|t:|1769364955
|move|p2a: Yanmega|Air Slash|p1a: Gholdengo
|-resisted|p1a: Gholdengo
|-damage|p1a: Gholdengo|66/100
|-damage|p2a: Yanmega|81/100|[from] item: Life Orb
|move|p1a: Gholdengo|Shadow Ball|p2a: Yanmega
|-damage|p2a: Yanmega|0 fnt
|faint|p2a: Yanmega
|
|-heal|p1a: Gholdengo|72/100|[from] item: Leftovers
|upkeep
|
|t:|1769364964
|switch|p2a: Salazzle|Salazzle, F|93/100
|turn|23
|
|t:|1769364968
|switch|p1a: Moltres|Moltres|82/100 tox
|move|p2a: Salazzle|Flamethrower|p1a: Moltres
|-resisted|p1a: Moltres
|-damage|p1a: Moltres|67/100 tox
|
|-damage|p1a: Moltres|61/100 tox|[from] psn
|upkeep
|turn|24
|
|t:|1769364975
|move|p2a: Salazzle|Sludge Wave|p1a: Moltres
|-damage|p1a: Moltres|25/100 tox
|move|p1a: Moltres|Flamethrower|p2a: Salazzle
|-resisted|p2a: Salazzle
|-damage|p2a: Salazzle|56/100
|
|-damage|p1a: Moltres|13/100 tox|[from] psn
|upkeep
|turn|25
|
|t:|1769364983
|move|p2a: Salazzle|Flamethrower|p1a: Moltres
|-resisted|p1a: Moltres
|-damage|p1a: Moltres|0 fnt
|faint|p1a: Moltres
|
|upkeep
|
|t:|1769364985
|switch|p1a: Gholdengo|Gholdengo|72/100
|turn|26
|
|t:|1769364990
|-terastallize|p1a: Gholdengo|Flying
|move|p2a: Salazzle|Flamethrower|p1a: Gholdengo
|-damage|p1a: Gholdengo|29/100
|move|p1a: Gholdengo|Shadow Ball|p2a: Salazzle
|-damage|p2a: Salazzle|0 fnt
|faint|p2a: Salazzle
|
|-heal|p1a: Gholdengo|35/100|[from] item: Leftovers
|upkeep
|
|t:|1769364999
|switch|p2a: Jirachi|Jirachi|100/100
|turn|27
|
|t:|1769365003
|-terastallize|p2a: Jirachi|Steel
|move|p2a: Jirachi|Iron Head|p1a: Gholdengo
|-damage|p1a: Gholdengo|0 fnt
|faint|p1a: Gholdengo
|
|upkeep
|
|t:|1769365006
|switch|p1a: Kingambit|Kingambit, F|54/100
|-activate|p1a: Kingambit|ability: Supreme Overlord
|-start|p1a: Kingambit|fallen5|[silent]
|turn|28
|
|t:|1769365014
|move|p2a: Jirachi|Iron Head|p1a: Kingambit
|-resisted|p1a: Kingambit
|-damage|p1a: Kingambit|35/100
|move|p1a: Kingambit|Kowtow Cleave|p2a: Jirachi
|-damage|p2a: Jirachi|29/100
|
|upkeep
|turn|29
|
|t:|1769365020
|move|p1a: Kingambit|Sucker Punch|p2a: Jirachi
|-damage|p2a: Jirachi|0 fnt
|faint|p2a: Jirachi
|
|win|DXHaydenPXD
|raw|DXHaydenPXD's rating: 1348 &rarr; <strong>1370</strong><br />(+22 for winning)
|raw|Princessjosie1001!'s rating: 1384 &rarr; <strong>1362</strong><br />(-22 for losing)
|l|☆DXHaydenPXD
|player|p1|
|l|☆Princessjosie1001!
|player|p2|
