|j|☆shuca nacua
|j|☆2004 Lexus GX470
|t:|1769370123
|gametype|singles
|player|p1|shuca nacua|boarder|1561
|player|p2|2004 Lexus GX470|rocketgruntf|1642
|gen|9
|tier|[Gen 9] OU
|rated|
|rule|HP Percentage Mod: HP is shown in percentages
|rule|Endless Battle Clause: Forcing endless battles is banned
|rule|Species Clause: Limit one of each Pokémon
|rule|OHKO Clause: OHKO moves are banned
|rule|Evasion Items Clause: Evasion items are banned
|rule|Evasion Moves Clause: Evasion moves are banned
|rule|Evasion Abilities Clause: Evasion abilities are banned
|rule|Sleep Moves Clause: Sleep-inducing moves are banned
|clearpoke
|poke|p1|Chesnaught, M|
|poke|p1|Garganacl, F|
|poke|p1|Gholdengo|
|poke|p1|Weezing-Galar, M|
|poke|p1|Dragonite, F|
|poke|p1|Araquanid, F|
|poke|p2|Rabsca, F|
|poke|p2|Kingambit, M|
|poke|p2|Iron Valiant|
|poke|p2|Great Tusk|
|poke|p2|Hatterene, F|
|poke|p2|Dragonite, M|
|teampreview
|inactive|Battle timer is ON: inactive players will automatically lose when time's up. (requested by shuca nacua)
|
|t:|1769370142
|teamsize|p1|6
|teamsize|p2|6
|start
|switch|p1a: Araquanid|Araquanid, F|100/100
|switch|p2a: better for her|Rabsca, F|100/100
|turn|1
|
|t:|1769370151
|switch|p2a: Bounce On It|Hatterene, F|100/100
|move|p1a: Araquanid|Liquidation|p2a: Bounce On It
|-damage|p2a: Bounce On It|0 fnt
|faint|p2a: Bounce On It
|
|upkeep
|
|t:|1769370160
|switch|p2a: To The Moon|Dragonite, M|100/100
|turn|2
|
|t:|1769370167
|switch|p1a: Weezing|Weezing-Galar, M|100/100
|-ability|p1a: Weezing|Neutralizing Gas
|move|p2a: To The Moon|Dragon Dance|p2a: To The Moon
|-boost|p2a: To The Moon|atk|1
|-boost|p2a: To The Moon|spe|1
|
|upkeep
|turn|3
|
|t:|1769370175
|switch|p2a: better for her|Rabsca, F|100/100
|move|p1a: Weezing|Will-O-Wisp|p2a: better for her|[miss]
|-miss|p1a: Weezing|p2a: better for her
|
|upkeep
|turn|4
|
|t:|1769370180
|-end|p1a: Weezing|ability: Neutralizing Gas
|switch|p1a: Araquanid|Araquanid, F|100/100
|move|p2a: better for her|Trick Room|p2a: better for her
|-fieldstart|move: Trick Room|[of] p2a: better for her
|
|upkeep
|turn|5
|
|t:|1769370186
|move|p2a: better for her|Bug Buzz|p1a: Araquanid
|-damage|p1a: Araquanid|63/100
|-unboost|p1a: Araquanid|spd|1
|move|p1a: Araquanid|Liquidation|p2a: better for her
|-damage|p2a: better for her|0 fnt
|faint|p2a: better for her
|
|upkeep
|
|t:|1769370194
|switch|p2a: Wiggie Smalls|Kingambit, M|100/100
|-activate|p2a: Wiggie Smalls|ability: Supreme Overlord
|-start|p2a: Wiggie Smalls|fallen2|[silent]
|turn|6
|
|t:|1769370198
|switch|p1a: Chesnaught|Chesnaught, M|100/100
|move|p2a: Wiggie Smalls|Kowtow Cleave|p1a: Chesnaught
|-resisted|p1a: Chesnaught
|-damage|p1a: Chesnaught|79/100
|-damage|p2a: Wiggie Smalls|84/100|[from] item: Rocky Helmet|[of] p1a: Chesnaught
|
|upkeep
|turn|7
|
|t:|1769370204
|-end|p2a: Wiggie Smalls|fallen2|[silent]
|switch|p2a: To The Moon|Dragonite, M|100/100
|move|p1a: Chesnaught|Iron Defense|p1a: Chesnaught
|-boost|p1a: Chesnaught|def|2
|
|upkeep
|turn|8
|
|t:|1769370207
|move|p1a: Chesnaught|Iron Defense|p1a: Chesnaught
|-boost|p1a: Chesnaught|def|2
|move|p2a: To The Moon|Dragon Dance|p2a: To The Moon
|-boost|p2a: To The Moon|atk|1
|-boost|p2a: To The Moon|spe|1
|
|-fieldend|move: Trick Room
|upkeep
|turn|9
|
|t:|1769370212
|move|p2a: To The Moon|Dragon Dance|p2a: To The Moon
|-boost|p2a: To The Moon|atk|1
|-boost|p2a: To The Moon|spe|1
|move|p1a: Chesnaught|Body Press|p2a: To The Moon
|-resisted|p2a: To The Moon
|-damage|p2a: To The Moon|65/100
|
|upkeep
|turn|10
|
|t:|1769370220
|-terastallize|p2a: To The Moon|Flying
|move|p2a: To The Moon|Tera Blast|p1a: Chesnaught|[anim] Tera Blast Flying
|-supereffective|p1a: Chesnaught
|-damage|p1a: Chesnaught|0 fnt
|faint|p1a: Chesnaught
|
|upkeep
|
|t:|1769370244
|switch|p1a: Garganacl|Garganacl, F|100/100
|turn|11
|
|t:|1769370248
|move|p2a: To The Moon|Roost|p2a: To The Moon
|-heal|p2a: To The Moon|100/100
|-hint|If a Terastallized Pokemon uses Roost, it remains Flying-type.
|move|p1a: Garganacl|Salt Cure|p2a: To The Moon
|-supereffective|p2a: To The Moon
|-damage|p2a: To The Moon|84/100
|
|upkeep
|turn|12
|
|t:|1769370256
|switch|p1a: Gholdengo|Gholdengo|100/100
|move|p2a: To The Moon|Dragon Dance|p2a: To The Moon
|-boost|p2a: To The Moon|atk|1
|-boost|p2a: To The Moon|spe|1
|
|upkeep
|turn|13
|
|t:|1769370261
|move|p2a: To The Moon|Earthquake|p1a: Gholdengo
|-supereffective|p1a: Gholdengo
|-damage|p1a: Gholdengo|0 fnt
|faint|p1a: Gholdengo
|
|upkeep
|
|t:|1769370271
|switch|p1a: Dragonite|Dragonite, F|100/100
|turn|14
|
|t:|1769370279
|move|p2a: To The Moon|Tera Blast|p1a: Dragonite|[anim] Tera Blast Flying
|-damage|p1a: Dragonite|11/100
|move|p1a: Dragonite|Dragon Dance|p1a: Dragonite
|-boost|p1a: Dragonite|atk|1
|-boost|p1a: Dragonite|spe|1
|
|upkeep
|turn|15
|
|t:|1769370282
|move|p1a: Dragonite|Extreme Speed|p2a: To The Moon
|-damage|p2a: To The Moon|28/100
|move|p2a: To The Moon|Tera Blast|p1a: Dragonite|[anim] Tera Blast Flying
|-damage|p1a: Dragonite|0 fnt
|faint|p1a: Dragonite
|
|upkeep
|c|☆shuca nacua|only set that b eats me gg
|c|☆shuca nacua|covert cloak tera flying
|
|t:|1769370302
|switch|p1a: Garganacl|Garganacl, F|100/100
|turn|16
|
|t:|1769370308
|-terastallize|p1a: Garganacl|Water
|move|p2a: To The Moon|Roost|p2a: To The Moon
|-heal|p2a: To The Moon|78/100
|-hint|If a Terastallized Pokemon uses Roost, it remains Flying-type.
|move|p1a: Garganacl|Salt Cure|p2a: To The Moon
|-supereffective|p2a: To The Moon
|-damage|p2a: To The Moon|45/100
|
|upkeep
|turn|17
|
|t:|1769370312
|move|p2a: To The Moon|Roost|p2a: To The Moon
|-heal|p2a: To The Moon|95/100
|-hint|If a Terastallized Pokemon uses Roost, it remains Flying-type.
|move|p1a: Garganacl|Salt Cure|p2a: To The Moon
|-supereffective|p2a: To The Moon
|-damage|p2a: To The Moon|61/100
|
|upkeep
|turn|18
|
|t:|1769370315
|move|p2a: To The Moon|Roost|p2a: To The Moon
|-heal|p2a: To The Moon|100/100
|-hint|If a Terastallized Pokemon uses Roost, it remains Flying-type.
|move|p1a: Garganacl|Salt Cure|p2a: To The Moon
|-supereffective|p2a: To The Moon
|-damage|p2a: To The Moon|84/100
|
|upkeep
|turn|19
|
|t:|1769370317
|move|p2a: To The Moon|Dragon Dance|p2a: To The Moon
|-boost|p2a: To The Moon|atk|1
|-boost|p2a: To The Moon|spe|1
|move|p1a: Garganacl|Salt Cure|p2a: To The Moon
|-supereffective|p2a: To The Moon
|-damage|p2a: To The Moon|51/100
|
|upkeep
|turn|20
|
|t:|1769370321
|move|p2a: To The Moon|Roost|p2a: To The Moon
|-heal|p2a: To The Moon|100/100
|-hint|If a Terastallized Pokemon uses Roost, it remains Flying-type.
|move|p1a: Garganacl|Salt Cure|p2a: To The Moon
|-supereffective|p2a: To The Moon
|-damage|p2a: To The Moon|85/100
|
|upkeep
|turn|21
|
|t:|1769370324
|move|p2a: To The Moon|Tera Blast|p1a: Garganacl|[anim] Tera Blast Flying
|-damage|p1a: Garganacl|0 fnt
|faint|p1a: Garganacl
|
|upkeep
|c|☆shuca nacua|gg
|-message|shuca nacua forfeited.
|
|win|2004 Lexus GX470
|raw|shuca nacua's rating: 1561 &rarr; <strong>1546</strong><br />(-15 for losing)
|raw|2004 Lexus GX470's rating: 1642 &rarr; <strong>1657</strong><br />(+15 for winning)
|l|☆shuca nacua
|player|p1|
|c|☆2004 Lexus GX470|gg
|l|☆2004 Lexus GX470
|player|p2|
