|j|☆lolcano46
|j|☆ohlookarock3
|t:|1769387224
|gametype|singles
|player|p1|lolcano46|fisherman-gen4|1544
|player|p2|ohlookarock3|geeta|1604
|gen|9
|tier|[Gen 9] OU
|rated|
|rule|HP Percentage Mod: HP is shown in percentages
|rule|Endless Battle Clause: Forcing endless battles is banned
|rule|Species Clause: Limit one of each Pokémon
|rule|OHKO Clause: OHKO moves are banned
|rule|Evasion Items Clause: Evasion items are banned
|rule|Evasion Moves Clause: Evasion moves are banned
|rule|Evasion Abilities Clause: Evasion abilities are banned
|rule|Sleep Moves Clause: Sleep-inducing moves are banned
|clearpoke
|poke|p1|Azelf|
|poke|p1|Ogerpon-Wellspring, F|
|poke|p1|Scizor, F|
|poke|p1|Gengar, M|
|poke|p1|Raging Bolt|
|poke|p1|Cinderace, F|
|poke|p2|Hatterene, F|
|poke|p2|Iron Treads|
|poke|p2|Ceruledge, F|
|poke|p2|Ting-Lu|
|poke|p2|Dragonite, F|
|poke|p2|Kyurem|
|teampreview
|inactive|Battle timer is ON: inactive players will automatically lose when time's up. (requested by ohlookarock3)
|inactive|lolcano46 also wants the timer to be on.
|
|t:|1769387237
|teamsize|p1|6
|teamsize|p2|6
|start
|switch|p1a: Gengar|Gengar, M|100/100
|switch|p2a: Hatterene|Hatterene, F|100/100
|turn|1
|
|t:|1769387241
|move|p1a: Gengar|Trick|p2a: Hatterene
|-activate|p1a: Gengar|move: Trick|[of] p2a: Hatterene
|-item|p2a: Hatterene|Choice Scarf|[from] move: Trick
|-item|p1a: Gengar|Assault Vest|[from] move: Trick
|move|p2a: Hatterene|Nuzzle|p1a: Gengar
|-damage|p1a: Gengar|93/100
|-status|p1a: Gengar|par
|
|upkeep
|turn|2
|
|t:|1769387250
|switch|p2a: Ting-Lu|Ting-Lu|100/100
|-ability|p2a: Ting-Lu|Vessel of Ruin
|move|p1a: Gengar|Shadow Ball|p2a: Ting-Lu
|-resisted|p2a: Ting-Lu
|-damage|p2a: Ting-Lu|91/100
|
|-heal|p2a: Ting-Lu|97/100|[from] item: Leftovers
|upkeep
|turn|3
|
|t:|1769387254
|move|p1a: Gengar|Shadow Ball|p2a: Ting-Lu
|-resisted|p2a: Ting-Lu
|-damage|p2a: Ting-Lu|89/100
|move|p2a: Ting-Lu|Stealth Rock|p1a: Gengar
|-sidestart|p1: lolcano46|move: Stealth Rock
|
|-heal|p2a: Ting-Lu|95/100|[from] item: Leftovers
|upkeep
|turn|4
|
|t:|1769387259
|cant|p1a: Gengar|par
|move|p2a: Ting-Lu|Earthquake|p1a: Gengar
|-supereffective|p1a: Gengar
|-damage|p1a: Gengar|0 fnt
|-start|p2a: Ting-Lu|Disable|Earthquake|[from] ability: Cursed Body|[of] p1a: Gengar
|faint|p1a: Gengar
|
|-heal|p2a: Ting-Lu|100/100|[from] item: Leftovers
|upkeep
|
|t:|1769387262
|switch|p1a: Cinderace|Cinderace, F|100/100
|turn|5
|
|t:|1769387266
|switch|p2a: Ceruledge|Ceruledge, F|100/100
|move|p1a: Cinderace|Will-O-Wisp|p2a: Ceruledge
|-immune|p2a: Ceruledge
|
|upkeep
|turn|6
|
|t:|1769387272
|move|p1a: Cinderace|Pyro Ball|p2a: Ceruledge
|-resisted|p2a: Ceruledge
|-damage|p2a: Ceruledge|57/100
|-ability|p2a: Ceruledge|Weak Armor|boost
|-unboost|p2a: Ceruledge|def|1
|-boost|p2a: Ceruledge|spe|2
|move|p2a: Ceruledge|Swords Dance|p2a: Ceruledge
|-boost|p2a: Ceruledge|atk|2
|
|upkeep
|turn|7
|
|t:|1769387275
|move|p1a: Cinderace|Sucker Punch|p2a: Ceruledge
|-start|p1a: Cinderace|typechange|Dark|[from] ability: Libero
|-supereffective|p2a: Ceruledge
|-damage|p2a: Ceruledge|0 fnt
|faint|p2a: Ceruledge
|
|upkeep
|
|t:|1769387282
|switch|p2a: Kyurem|Kyurem|100/100
|-ability|p2a: Kyurem|Pressure
|turn|8
|
|t:|1769387286
|move|p1a: Cinderace|Court Change|p1a: Cinderace
|-swapsideconditions
|-activate|p1a: Cinderace|move: Court Change
|move|p2a: Kyurem|Ice Beam|p1a: Cinderace
|-damage|p1a: Cinderace|1/100
|
|upkeep
|turn|9
|
|t:|1769387291
|switch|p2a: Ting-Lu|Ting-Lu|100/100
|-damage|p2a: Ting-Lu|94/100|[from] Stealth Rock
|-ability|p2a: Ting-Lu|Vessel of Ruin
|move|p1a: Cinderace|Sucker Punch||[still]
|-fail|p1a: Cinderace
|
|-heal|p2a: Ting-Lu|100/100|[from] item: Leftovers
|upkeep
|turn|10
|
|t:|1769387294
|move|p1a: Cinderace|Will-O-Wisp|p2a: Ting-Lu
|-status|p2a: Ting-Lu|brn
|move|p2a: Ting-Lu|Stealth Rock|p1a: Cinderace
|-sidestart|p1: lolcano46|move: Stealth Rock
|
|-damage|p2a: Ting-Lu|94/100 brn|[from] brn
|upkeep
|turn|11
|
|t:|1769387300
|move|p1a: Cinderace|Pyro Ball|p2a: Ting-Lu
|-damage|p2a: Ting-Lu|74/100 brn
|move|p2a: Ting-Lu|Earthquake|p1a: Cinderace
|-damage|p1a: Cinderace|0 fnt
|faint|p1a: Cinderace
|
|-heal|p2a: Ting-Lu|80/100 brn|[from] item: Leftovers
|-damage|p2a: Ting-Lu|74/100 brn|[from] brn
|upkeep
|
|t:|1769387305
|switch|p1a: Ogerpon|Ogerpon-Wellspring, F|100/100
|-damage|p1a: Ogerpon|88/100|[from] Stealth Rock
|turn|12
|
|t:|1769387308
|move|p1a: Ogerpon|Swords Dance|p1a: Ogerpon
|-boost|p1a: Ogerpon|atk|2
|move|p2a: Ting-Lu|Whirlwind|p1a: Ogerpon
|drag|p1a: Scizor|Scizor, F|100/100
|-damage|p1a: Scizor|88/100|[from] Stealth Rock
|
|-heal|p2a: Ting-Lu|80/100 brn|[from] item: Leftovers
|-damage|p2a: Ting-Lu|74/100 brn|[from] brn
|upkeep
|turn|13
|
|t:|1769387311
|move|p1a: Scizor|Swords Dance|p1a: Scizor
|-boost|p1a: Scizor|atk|2
|move|p2a: Ting-Lu|Whirlwind|p1a: Scizor
|drag|p1a: Azelf|Azelf|100/100
|-damage|p1a: Azelf|88/100|[from] Stealth Rock
|
|-heal|p2a: Ting-Lu|80/100 brn|[from] item: Leftovers
|-damage|p2a: Ting-Lu|74/100 brn|[from] brn
|upkeep
|turn|14
|
|t:|1769387313
|move|p1a: Azelf|Dazzling Gleam|p2a: Ting-Lu
|-supereffective|p2a: Ting-Lu
|-damage|p2a: Ting-Lu|43/100 brn
|move|p2a: Ting-Lu|Whirlwind|p1a: Azelf
|drag|p1a: Scizor|Scizor, F|88/100
|-damage|p1a: Scizor|76/100|[from] Stealth Rock
|
|-heal|p2a: Ting-Lu|50/100 brn|[from] item: Leftovers
|-damage|p2a: Ting-Lu|43/100 brn|[from] brn
|upkeep
|turn|15
|
|t:|1769387317
|move|p1a: Scizor|Close Combat|p2a: Ting-Lu
|-supereffective|p2a: Ting-Lu
|-damage|p2a: Ting-Lu|0 fnt
|-unboost|p1a: Scizor|def|1
|-unboost|p1a: Scizor|spd|1
|faint|p2a: Ting-Lu
|
|upkeep
|
|t:|1769387320
|switch|p2a: Iron Treads|Iron Treads|100/100
|-damage|p2a: Iron Treads|97/100|[from] Stealth Rock
|turn|16
|
|t:|1769387326
|switch|p1a: Azelf|Azelf|88/100
|-damage|p1a: Azelf|76/100|[from] Stealth Rock
|move|p2a: Iron Treads|Rapid Spin|p1a: Azelf
|-damage|p1a: Azelf|51/100
|-boost|p2a: Iron Treads|spe|1
|-sideend|p2: ohlookarock3|Stealth Rock|[from] move: Rapid Spin|[of] p2a: Iron Treads
|
|-heal|p2a: Iron Treads|100/100|[from] item: Leftovers
|upkeep
|turn|17
|
|t:|1769387328
|move|p2a: Iron Treads|Knock Off|p1a: Azelf
|-supereffective|p1a: Azelf
|-damage|p1a: Azelf|0 fnt
|-enditem|p1a: Azelf|Expert Belt|[from] move: Knock Off|[of] p2a: Iron Treads
|faint|p1a: Azelf
|
|upkeep
|
|t:|1769387330
|switch|p1a: Ogerpon|Ogerpon-Wellspring, F|88/100
|-damage|p1a: Ogerpon|76/100|[from] Stealth Rock
|turn|18
|
|t:|1769387332
|move|p2a: Iron Treads|Ice Spinner|p1a: Ogerpon
|-damage|p1a: Ogerpon|40/100
|move|p1a: Ogerpon|Ivy Cudgel|p2a: Iron Treads|[anim] Ivy Cudgel Water
|-supereffective|p2a: Iron Treads
|-damage|p2a: Iron Treads|0 fnt
|faint|p2a: Iron Treads
|-end|p2a: Iron Treads|Quark Drive|[silent]
|
|upkeep
|
|t:|1769387342
|switch|p2a: Hatterene|Hatterene, F|100/100
|turn|19
|
|t:|1769387346
|move|p1a: Ogerpon|Horn Leech|p2a: Hatterene
|-damage|p2a: Hatterene|57/100
|-heal|p1a: Ogerpon|63/100|[from] drain|[of] p2a: Hatterene
|move|p2a: Hatterene|Psyshock|p1a: Ogerpon
|-damage|p1a: Ogerpon|9/100
|
|upkeep
|turn|20
|
|t:|1769387352
|move|p1a: Ogerpon|Horn Leech|p2a: Hatterene
|-damage|p2a: Hatterene|13/100
|-heal|p1a: Ogerpon|32/100|[from] drain|[of] p2a: Hatterene
|move|p2a: Hatterene|Psyshock|p1a: Ogerpon
|-damage|p1a: Ogerpon|0 fnt
|faint|p1a: Ogerpon
|
|upkeep
|
|t:|1769387356
|switch|p1a: Scizor|Scizor, F|76/100
|-damage|p1a: Scizor|64/100|[from] Stealth Rock
|turn|21
|
|t:|1769387358
|move|p1a: Scizor|Swords Dance|p1a: Scizor
|-boost|p1a: Scizor|atk|2
|move|p2a: Hatterene|Psyshock|p1a: Scizor
|-resisted|p1a: Scizor
|-crit|p1a: Scizor
|-damage|p1a: Scizor|29/100
|
|upkeep
|turn|22
|
|t:|1769387359
|move|p1a: Scizor|Bullet Punch|p2a: Hatterene
|-supereffective|p2a: Hatterene
|-damage|p2a: Hatterene|0 fnt
|faint|p2a: Hatterene
|
|upkeep
|
|t:|1769387361
|switch|p2a: Dragonite|Dragonite, F|100/100
|turn|23
|
|t:|1769387365
|move|p1a: Scizor|Bullet Punch|p2a: Dragonite
|-damage|p2a: Dragonite|63/100
|move|p2a: Dragonite|Earthquake|p1a: Scizor
|-damage|p1a: Scizor|0 fnt
|faint|p1a: Scizor
|
|-heal|p2a: Dragonite|69/100|[from] item: Leftovers
|upkeep
|
|t:|1769387369
|switch|p1a: Raging Bolt|Raging Bolt|100/100
|-damage|p1a: Raging Bolt|88/100|[from] Stealth Rock
|-enditem|p1a: Raging Bolt|Booster Energy
|-activate|p1a: Raging Bolt|ability: Protosynthesis|[fromitem]
|-start|p1a: Raging Bolt|protosynthesisspa
|turn|24
|
|t:|1769387370
|-terastallize|p1a: Raging Bolt|Fairy
|move|p1a: Raging Bolt|Dragon Pulse|p2a: Dragonite
|-supereffective|p2a: Dragonite
|-damage|p2a: Dragonite|0 fnt
|faint|p2a: Dragonite
|
|upkeep
|
|t:|1769387372
|switch|p2a: Kyurem|Kyurem|100/100
|-ability|p2a: Kyurem|Pressure
|turn|25
|
|t:|1769387377
|-terastallize|p2a: Kyurem|Ground
|move|p2a: Kyurem|Ice Beam|p1a: Raging Bolt
|-damage|p1a: Raging Bolt|24/100
|move|p1a: Raging Bolt|Dragon Pulse|p2a: Kyurem
|-damage|p2a: Kyurem|42/100
|
|upkeep
|turn|26
|
|t:|1769387383
|move|p2a: Kyurem|Ice Beam|p1a: Raging Bolt
|-damage|p1a: Raging Bolt|0 fnt
|faint|p1a: Raging Bolt
|-end|p1a: Raging Bolt|Protosynthesis|[silent]
|
|win|ohlookarock3
|raw|lolcano46's rating: 1544 &rarr; <strong>1527</strong><br />(-17 for losing)
|raw|ohlookarock3's rating: 1604 &rarr; <strong>1621</strong><br />(+17 for winning)
|l|☆lolcano46
|player|p1|
|l|☆ohlookarock3
|player|p2|
