|j|☆llachiee
|j|☆thebambi1234
|t:|1769415679
|gametype|singles
|player|p1|llachiee|170|1228
|player|p2|thebambi1234|102|1328
|gen|9
|tier|[Gen 9] OU
|rated|
|rule|HP Percentage Mod: HP is shown in percentages
|rule|Endless Battle Clause: Forcing endless battles is banned
|rule|Species Clause: Limit one of each Pokémon
|rule|OHKO Clause: OHKO moves are banned
|rule|Evasion Items Clause: Evasion items are banned
|rule|Evasion Moves Clause: Evasion moves are banned
|rule|Evasion Abilities Clause: Evasion abilities are banned
|rule|Sleep Moves Clause: Sleep-inducing moves are banned
|clearpoke
|poke|p1|Gliscor, F|
|poke|p1|Blissey, F|
|poke|p1|Clefable, F|
|poke|p1|Toxapex, F|
|poke|p1|Dondozo, F|
|poke|p1|Corviknight, F|
|poke|p2|Kommo-o, F|
|poke|p2|Ribombee, M|
|poke|p2|Dragapult, M|
|poke|p2|Gliscor, F|
|poke|p2|Cinderace, F|
|poke|p2|Ogerpon-Wellspring, F|
|teampreview
|inactive|Battle timer is ON: inactive players will automatically lose when time's up. (requested by thebambi1234)
|
|t:|1769415682
|teamsize|p1|6
|teamsize|p2|6
|start
|switch|p1a: Adder|Gliscor, F|100/100
|switch|p2a: Ribombee|Ribombee, M|100/100
|turn|1
|
|t:|1769415685
|move|p1a: Adder|Protect|p1a: Adder
|-singleturn|p1a: Adder|Protect
|move|p2a: Ribombee|Stun Spore|p1a: Adder
|-activate|p1a: Adder|move: Protect
|
|-status|p1a: Adder|tox|[from] item: Toxic Orb
|upkeep
|turn|2
|
|t:|1769415691
|switch|p2a: Gliscor|Gliscor, F, shiny|100/100
|move|p1a: Adder|Toxic|p2a: Gliscor
|-status|p2a: Gliscor|tox
|
|upkeep
|turn|3
|
|t:|1769415695
|move|p2a: Gliscor|Swords Dance|p2a: Gliscor
|-boost|p2a: Gliscor|atk|2
|move|p1a: Adder|Spikes|p2a: Gliscor
|-sidestart|p2: thebambi1234|Spikes
|
|upkeep
|turn|4
|
|t:|1769415700
|switch|p1a: Jugger|Dondozo, F, shiny|100/100
|move|p2a: Gliscor|Swords Dance|p2a: Gliscor
|-boost|p2a: Gliscor|atk|2
|
|upkeep
|turn|5
|
|t:|1769415709
|switch|p2a: Ogerpon|Ogerpon-Wellspring, F|100/100
|-damage|p2a: Ogerpon|88/100|[from] Spikes
|move|p1a: Jugger|Avalanche|p2a: Ogerpon
|-damage|p2a: Ogerpon|70/100
|
|upkeep
|turn|6
|
|t:|1769415717
|-terastallize|p1a: Jugger|Grass
|move|p2a: Ogerpon|Knock Off|p1a: Jugger
|-damage|p1a: Jugger|83/100
|-enditem|p1a: Jugger|Heavy-Duty Boots|[from] move: Knock Off|[of] p2a: Ogerpon
|move|p1a: Jugger|Body Press|p2a: Ogerpon
|-damage|p2a: Ogerpon|32/100
|
|upkeep
|turn|7
|
|t:|1769415724
|move|p2a: Ogerpon|U-turn|p1a: Jugger
|-supereffective|p1a: Jugger
|-damage|p1a: Jugger|57/100
|
|t:|1769415726
|switch|p2a: Dragapult|Dragapult, M|100/100|[from] U-turn
|-damage|p2a: Dragapult|88/100|[from] Spikes
|move|p1a: Jugger|Avalanche|p2a: Dragapult
|-supereffective|p2a: Dragapult
|-damage|p2a: Dragapult|52/100
|
|upkeep
|turn|8
|
|t:|1769415733
|switch|p1a: Nell|Clefable, F|100/100
|move|p2a: Dragapult|U-turn|p1a: Nell
|-resisted|p1a: Nell
|-damage|p1a: Nell|94/100
|
|t:|1769415746
|switch|p2a: Ribombee|Ribombee, M|100/100|[from] U-turn
|-damage|p2a: Ribombee|88/100|[from] Spikes
|
|upkeep
|turn|9
|
|t:|1769415749
|switch|p1a: Adder|Gliscor, F|100/100 tox
|move|p2a: Ribombee|Stun Spore||[still]
|-fail|p2a: Ribombee
|
|upkeep
|turn|10
|
|t:|1769415759
|switch|p2a: Gliscor|Gliscor, F, shiny|100/100 tox
|move|p1a: Adder|Knock Off|p2a: Gliscor
|-damage|p2a: Gliscor|81/100 tox
|-enditem|p2a: Gliscor|Toxic Orb|[from] move: Knock Off|[of] p1a: Adder
|
|-heal|p2a: Gliscor|93/100 tox|[from] ability: Poison Heal
|upkeep
|turn|11
|
|t:|1769415764
|move|p2a: Gliscor|Swords Dance|p2a: Gliscor
|-boost|p2a: Gliscor|atk|2
|move|p1a: Adder|Spikes|p2a: Gliscor
|-sidestart|p2: thebambi1234|Spikes
|
|-heal|p2a: Gliscor|100/100 tox|[from] ability: Poison Heal
|upkeep
|turn|12
|
|t:|1769415772
|-terastallize|p2a: Gliscor|Normal
|move|p2a: Gliscor|Facade|p1a: Adder
|-crit|p1a: Adder
|-damage|p1a: Adder|0 fnt
|faint|p1a: Adder
|
|upkeep
|
|t:|1769415777
|switch|p1a: Jugger|Dondozo, F, shiny, tera:Grass|57/100
|turn|13
|
|t:|1769415780
|move|p2a: Gliscor|Facade|p1a: Jugger
|-damage|p1a: Jugger|30/100
|move|p1a: Jugger|Rest|p1a: Jugger
|-status|p1a: Jugger|slp|[from] move: Rest
|-heal|p1a: Jugger|100/100 slp|[silent]
|
|upkeep
|turn|14
|
|t:|1769415784
|move|p2a: Gliscor|Facade|p1a: Jugger
|-damage|p1a: Jugger|76/100 slp
|cant|p1a: Jugger|slp
|move|p1a: Jugger|Sleep Talk|p1a: Jugger
|move|p1a: Jugger|Rest||[from] move: Sleep Talk|[still]
|-fail|p1a: Jugger
|
|upkeep
|turn|15
|
|t:|1769415790
|move|p2a: Gliscor|Facade|p1a: Jugger
|-damage|p1a: Jugger|49/100 slp
|cant|p1a: Jugger|slp
|move|p1a: Jugger|Sleep Talk|p1a: Jugger
|move|p1a: Jugger|Avalanche|p2a: Gliscor|[from] move: Sleep Talk
|-damage|p2a: Gliscor|75/100 tox
|
|-heal|p2a: Gliscor|88/100 tox|[from] ability: Poison Heal
|upkeep
|turn|16
|
|t:|1769415797
|move|p2a: Gliscor|Facade|p1a: Jugger
|-damage|p1a: Jugger|25/100 slp
|-curestatus|p1a: Jugger|slp|[msg]
|move|p1a: Jugger|Rest|p1a: Jugger
|-status|p1a: Jugger|slp|[from] move: Rest
|-heal|p1a: Jugger|100/100 slp|[silent]
|
|-heal|p2a: Gliscor|99/100 tox|[from] ability: Poison Heal
|upkeep
|turn|17
|
|t:|1769415800
|move|p2a: Gliscor|Facade|p1a: Jugger
|-damage|p1a: Jugger|73/100 slp
|cant|p1a: Jugger|slp
|move|p1a: Jugger|Sleep Talk|p1a: Jugger
|move|p1a: Jugger|Avalanche|p2a: Gliscor|[from] move: Sleep Talk
|-damage|p2a: Gliscor|75/100 tox
|
|-heal|p2a: Gliscor|88/100 tox|[from] ability: Poison Heal
|upkeep
|turn|18
|
|t:|1769415802
|move|p2a: Gliscor|Facade|p1a: Jugger
|-damage|p1a: Jugger|44/100 slp
|cant|p1a: Jugger|slp
|move|p1a: Jugger|Sleep Talk|p1a: Jugger
|move|p1a: Jugger|Body Press|p2a: Gliscor|[from] move: Sleep Talk
|-supereffective|p2a: Gliscor
|-damage|p2a: Gliscor|36/100 tox
|
|-heal|p2a: Gliscor|49/100 tox|[from] ability: Poison Heal
|upkeep
|turn|19
|
|t:|1769415807
|move|p2a: Gliscor|Facade|p1a: Jugger
|-damage|p1a: Jugger|16/100 slp
|-curestatus|p1a: Jugger|slp|[msg]
|move|p1a: Jugger|Rest|p1a: Jugger
|-status|p1a: Jugger|slp|[from] move: Rest
|-heal|p1a: Jugger|100/100 slp|[silent]
|
|-heal|p2a: Gliscor|61/100 tox|[from] ability: Poison Heal
|upkeep
|turn|20
|
|t:|1769415812
|move|p2a: Gliscor|Protect|p2a: Gliscor
|-singleturn|p2a: Gliscor|Protect
|cant|p1a: Jugger|slp
|move|p1a: Jugger|Sleep Talk|p1a: Jugger
|move|p1a: Jugger|Rest||[from] move: Sleep Talk|[still]
|-fail|p1a: Jugger
|
|-heal|p2a: Gliscor|73/100 tox|[from] ability: Poison Heal
|upkeep
|turn|21
|
|t:|1769415814
|move|p2a: Gliscor|Facade|p1a: Jugger
|-damage|p1a: Jugger|74/100 slp
|cant|p1a: Jugger|slp
|move|p1a: Jugger|Sleep Talk|p1a: Jugger
|move|p1a: Jugger|Rest||[from] move: Sleep Talk|[still]
|-fail|p1a: Jugger
|
|-heal|p2a: Gliscor|86/100 tox|[from] ability: Poison Heal
|upkeep
|turn|22
|
|t:|1769415820
|move|p2a: Gliscor|Facade|p1a: Jugger
|-damage|p1a: Jugger|48/100 slp
|-curestatus|p1a: Jugger|slp|[msg]
|move|p1a: Jugger|Body Press|p2a: Gliscor
|-supereffective|p2a: Gliscor
|-damage|p2a: Gliscor|33/100 tox
|
|-heal|p2a: Gliscor|46/100 tox|[from] ability: Poison Heal
|upkeep
|turn|23
|
|t:|1769415828
|move|p2a: Gliscor|Protect|p2a: Gliscor
|-singleturn|p2a: Gliscor|Protect
|move|p1a: Jugger|Body Press|p2a: Gliscor
|-activate|p2a: Gliscor|move: Protect
|
|-heal|p2a: Gliscor|58/100 tox|[from] ability: Poison Heal
|upkeep
|turn|24
|
|t:|1769415830
|move|p2a: Gliscor|Facade|p1a: Jugger
|-damage|p1a: Jugger|20/100
|move|p1a: Jugger|Rest|p1a: Jugger
|-status|p1a: Jugger|slp|[from] move: Rest
|-heal|p1a: Jugger|100/100 slp|[silent]
|
|-heal|p2a: Gliscor|71/100 tox|[from] ability: Poison Heal
|upkeep
|turn|25
|
|t:|1769415834
|move|p2a: Gliscor|Facade|p1a: Jugger
|-damage|p1a: Jugger|72/100 slp
|cant|p1a: Jugger|slp
|move|p1a: Jugger|Sleep Talk|p1a: Jugger
|move|p1a: Jugger|Avalanche|p2a: Gliscor|[from] move: Sleep Talk
|-damage|p2a: Gliscor|41/100 tox
|
|-heal|p2a: Gliscor|54/100 tox|[from] ability: Poison Heal
|upkeep
|turn|26
|
|t:|1769415837
|move|p2a: Gliscor|Facade|p1a: Jugger
|-crit|p1a: Jugger
|-damage|p1a: Jugger|32/100 slp
|cant|p1a: Jugger|slp
|move|p1a: Jugger|Sleep Talk|p1a: Jugger
|move|p1a: Jugger|Body Press|p2a: Gliscor|[from] move: Sleep Talk
|-supereffective|p2a: Gliscor
|-damage|p2a: Gliscor|0 fnt
|faint|p2a: Gliscor
|
|upkeep
|
|t:|1769415844
|switch|p2a: Dragapult|Dragapult, M|52/100
|-damage|p2a: Dragapult|35/100|[from] Spikes
|turn|27
|
|t:|1769415850
|switch|p1a: Nell|Clefable, F|94/100
|move|p2a: Dragapult|Flamethrower|p1a: Nell
|-damage|p1a: Nell|58/100
|
|upkeep
|turn|28
|
|t:|1769415857
|move|p2a: Dragapult|Flamethrower|p1a: Nell
|-damage|p1a: Nell|19/100
|move|p1a: Nell|Moonlight|p1a: Nell
|-heal|p1a: Nell|69/100
|
|upkeep
|turn|29
|
|t:|1769415865
|switch|p1a: Flesh Tutu|Blissey, F|100/100
|move|p2a: Dragapult|Flamethrower|p1a: Flesh Tutu
|-damage|p1a: Flesh Tutu|89/100
|
|upkeep
|turn|30
|
|t:|1769415868
|switch|p2a: Cinderace|Cinderace, F|100/100
|move|p1a: Flesh Tutu|Shadow Ball|p2a: Cinderace
|-damage|p2a: Cinderace|78/100
|-unboost|p2a: Cinderace|spd|1
|
|upkeep
|turn|31
|
|t:|1769415876
|switch|p1a: Lash|Toxapex, F, shiny|100/100
|move|p2a: Cinderace|Court Change|p2a: Cinderace
|-start|p2a: Cinderace|typechange|Normal|[from] ability: Libero
|-swapsideconditions
|-activate|p2a: Cinderace|move: Court Change
|
|upkeep
|turn|32
|
|t:|1769415882
|move|p2a: Cinderace|U-turn|p1a: Lash
|-resisted|p1a: Lash
|-damage|p1a: Lash|92/100
|
|t:|1769415886
|switch|p2a: Ogerpon|Ogerpon-Wellspring, F|32/100|[from] U-turn
|move|p1a: Lash|Toxic|p2a: Ogerpon
|-status|p2a: Ogerpon|tox
|
|-damage|p2a: Ogerpon|26/100 tox|[from] psn
|upkeep
|turn|33
|
|t:|1769415891
|move|p2a: Ogerpon|Knock Off|p1a: Lash
|-damage|p1a: Lash|61/100
|-enditem|p1a: Lash|Heavy-Duty Boots|[from] move: Knock Off|[of] p2a: Ogerpon
|move|p1a: Lash|Infestation|p2a: Ogerpon
|-supereffective|p2a: Ogerpon
|-damage|p2a: Ogerpon|18/100 tox
|-activate|p2a: Ogerpon|move: Infestation|[of] p1a: Lash
|
|-damage|p2a: Ogerpon|6/100 tox|[from] psn
|-damage|p2a: Ogerpon|0 fnt|[from] move: Infestation|[partiallytrapped]
|faint|p2a: Ogerpon
|upkeep
|
|t:|1769415905
|switch|p2a: Dragapult|Dragapult, M|35/100
|turn|34
|
|t:|1769415913
|switch|p1a: Flesh Tutu|Blissey, F|89/100
|move|p2a: Dragapult|Shadow Ball|p1a: Flesh Tutu
|-immune|p1a: Flesh Tutu
|
|upkeep
|turn|35
|
|t:|1769415920
|switch|p2a: Kommo-o|Kommo-o, F|100/100
|move|p1a: Flesh Tutu|Shadow Ball|p2a: Kommo-o
|-immune|p2a: Kommo-o|[from] ability: Bulletproof
|
|upkeep
|turn|36
|
|t:|1769415925
|switch|p1a: Lash|Toxapex, F, shiny|94/100
|-damage|p1a: Lash|77/100|[from] Spikes
|move|p2a: Kommo-o|Clangorous Soul|p2a: Kommo-o
|-boost|p2a: Kommo-o|atk|1
|-boost|p2a: Kommo-o|def|1
|-boost|p2a: Kommo-o|spa|1
|-boost|p2a: Kommo-o|spd|1
|-boost|p2a: Kommo-o|spe|1
|-damage|p2a: Kommo-o|68/100
|-enditem|p2a: Kommo-o|Throat Spray
|-boost|p2a: Kommo-o|spa|1|[from] item: Throat Spray
|
|upkeep
|turn|37
|
|t:|1769415933
|move|p2a: Kommo-o|Clanging Scales|p1a: Lash
|-damage|p1a: Lash|19/100
|-unboost|p2a: Kommo-o|def|1
|move|p1a: Lash|Haze|p1a: Lash
|-clearallboost
|
|upkeep
|turn|38
|
|t:|1769415941
|switch|p1a: Sturm|Corviknight, F, shiny|100/100
|-ability|p1a: Sturm|Pressure
|move|p2a: Kommo-o|Clanging Scales|p1a: Sturm
|-resisted|p1a: Sturm
|-damage|p1a: Sturm|80/100
|-unboost|p2a: Kommo-o|def|1
|
|-heal|p1a: Sturm|86/100|[from] item: Leftovers
|upkeep
|turn|39
|
|t:|1769415945
|switch|p2a: Ribombee|Ribombee, M|88/100
|move|p1a: Sturm|Substitute|p1a: Sturm
|-start|p1a: Sturm|Substitute
|-damage|p1a: Sturm|61/100
|
|-heal|p1a: Sturm|67/100|[from] item: Leftovers
|upkeep
|turn|40
|
|t:|1769415952
|switch|p2a: Cinderace|Cinderace, F|78/100
|move|p1a: Sturm|Spite||[still]
|-fail|p1a: Sturm
|
|-heal|p1a: Sturm|73/100|[from] item: Leftovers
|upkeep
|turn|41
|
|t:|1769415959
|move|p1a: Sturm|Protect|p1a: Sturm
|-singleturn|p1a: Sturm|Protect
|move|p2a: Cinderace|Pyro Ball|p1a: Sturm
|-activate|p1a: Sturm|move: Protect
|
|-heal|p1a: Sturm|79/100|[from] item: Leftovers
|upkeep
|turn|42
|
|t:|1769415963
|move|p2a: Cinderace|Pyro Ball|p1a: Sturm
|-supereffective|p1a: Sturm
|-end|p1a: Sturm|Substitute
|move|p1a: Sturm|Substitute|p1a: Sturm
|-start|p1a: Sturm|Substitute
|-damage|p1a: Sturm|55/100
|
|-heal|p1a: Sturm|61/100|[from] item: Leftovers
|upkeep
|turn|43
|
|t:|1769415971
|move|p1a: Sturm|Protect|p1a: Sturm
|-singleturn|p1a: Sturm|Protect
|move|p2a: Cinderace|Pyro Ball|p1a: Sturm
|-activate|p1a: Sturm|move: Protect
|
|-heal|p1a: Sturm|67/100|[from] item: Leftovers
|upkeep
|turn|44
|
|t:|1769415977
|move|p2a: Cinderace|Pyro Ball|p1a: Sturm
|-supereffective|p1a: Sturm
|-end|p1a: Sturm|Substitute
|move|p1a: Sturm|Substitute|p1a: Sturm
|-start|p1a: Sturm|Substitute
|-damage|p1a: Sturm|42/100
|
|-heal|p1a: Sturm|48/100|[from] item: Leftovers
|upkeep
|turn|45
|
|t:|1769415987
|move|p2a: Cinderace|High Jump Kick|p1a: Sturm
|-start|p2a: Cinderace|typechange|Fighting|[from] ability: Libero
|-end|p1a: Sturm|Substitute
|move|p1a: Sturm|Roost|p1a: Sturm
|-heal|p1a: Sturm|98/100
|-singleturn|p1a: Sturm|move: Roost
|
|-heal|p1a: Sturm|100/100|[from] item: Leftovers
|upkeep
|turn|46
|
|t:|1769415995
|move|p1a: Sturm|Protect|p1a: Sturm
|-singleturn|p1a: Sturm|Protect
|move|p2a: Cinderace|U-turn|p1a: Sturm
|-activate|p1a: Sturm|move: Protect
|
|upkeep
|turn|47
|
|t:|1769416002
|move|p2a: Cinderace|High Jump Kick|p1a: Sturm|[miss]
|-miss|p2a: Cinderace|p1a: Sturm
|-damage|p2a: Cinderace|28/100|[from] highjumpkick
|move|p1a: Sturm|Substitute|p1a: Sturm
|-start|p1a: Sturm|Substitute
|-damage|p1a: Sturm|76/100
|
|-heal|p1a: Sturm|82/100|[from] item: Leftovers
|upkeep
|turn|48
|c|☆thebambi1234|insane build
|
|t:|1769416008
|move|p1a: Sturm|Protect|p1a: Sturm
|-singleturn|p1a: Sturm|Protect
|move|p2a: Cinderace|U-turn|p1a: Sturm
|-activate|p1a: Sturm|move: Protect
|
|-heal|p1a: Sturm|88/100|[from] item: Leftovers
|upkeep
|turn|49
|
|t:|1769416016
|switch|p1a: Lash|Toxapex, F, shiny|52/100
|-damage|p1a: Lash|35/100|[from] Spikes
|move|p2a: Cinderace|High Jump Kick|p1a: Lash|[miss]
|-miss|p2a: Cinderace|p1a: Lash
|-damage|p2a: Cinderace|0 fnt|[from] highjumpkick
|faint|p2a: Cinderace
|
|upkeep
|c|☆thebambi1234|twice
|
|t:|1769416037
|switch|p2a: Ribombee|Ribombee, M|88/100
|turn|50
|
|t:|1769416042
|switch|p1a: Flesh Tutu|Blissey, F|89/100
|move|p2a: Ribombee|Stun Spore|p1a: Flesh Tutu
|-status|p1a: Flesh Tutu|par
|
|upkeep
|turn|51
|
|t:|1769416045
|switch|p2a: Kommo-o|Kommo-o, F|68/100
|cant|p1a: Flesh Tutu|par
|
|upkeep
|turn|52
|
|t:|1769416052
|move|p2a: Kommo-o|Clangorous Soul|p2a: Kommo-o
|-boost|p2a: Kommo-o|atk|1
|-boost|p2a: Kommo-o|def|1
|-boost|p2a: Kommo-o|spa|1
|-boost|p2a: Kommo-o|spd|1
|-boost|p2a: Kommo-o|spe|1
|-damage|p2a: Kommo-o|35/100
|move|p1a: Flesh Tutu|Calm Mind|p1a: Flesh Tutu
|-boost|p1a: Flesh Tutu|spa|1
|-boost|p1a: Flesh Tutu|spd|1
|
|upkeep
|turn|53
|
|t:|1769416059
|move|p2a: Kommo-o|Aura Sphere|p1a: Flesh Tutu
|-supereffective|p1a: Flesh Tutu
|-damage|p1a: Flesh Tutu|67/100 par
|move|p1a: Flesh Tutu|Seismic Toss|p2a: Kommo-o
|-damage|p2a: Kommo-o|0 fnt
|faint|p2a: Kommo-o
|
|upkeep
|-message|thebambi1234 forfeited.
|
|win|llachiee
|raw|llachiee's rating: 1251 &rarr; <strong>1281</strong><br />(+30 for winning)
|raw|thebambi1234's rating: 1328 &rarr; <strong>1304</strong><br />(-24 for losing)
|l|☆thebambi1234
|player|p2|
