|j|☆just dum luck
|j|☆velcrostuck
|t:|1769437495
|gametype|singles
|player|p1|just dum luck|waiter-gen4|1377
|player|p2|velcrostuck|marlon|1346
|gen|9
|tier|[Gen 9] OU
|rated|
|rule|HP Percentage Mod: HP is shown in percentages
|rule|Endless Battle Clause: Forcing endless battles is banned
|rule|Species Clause: Limit one of each Pokémon
|rule|OHKO Clause: OHKO moves are banned
|rule|Evasion Items Clause: Evasion items are banned
|rule|Evasion Moves Clause: Evasion moves are banned
|rule|Evasion Abilities Clause: Evasion abilities are banned
|rule|Sleep Moves Clause: Sleep-inducing moves are banned
|clearpoke
|poke|p1|Pelipper, F|
|poke|p1|Walking Wake|
|poke|p1|Tinkaton, F|
|poke|p1|Barraskewda, F|
|poke|p1|Zapdos|
|poke|p1|Hatterene, F|
|poke|p2|Lokix, F|
|poke|p2|Ting-Lu|
|poke|p2|Latios, M|
|poke|p2|Gliscor, M|
|poke|p2|Iron Moth|
|poke|p2|Garganacl, F|
|teampreview
|inactive|Battle timer is ON: inactive players will automatically lose when time's up. (requested by velcrostuck)
|
|t:|1769437505
|teamsize|p1|6
|teamsize|p2|6
|start
|switch|p1a: Tinkaton|Tinkaton, F|100/100
|switch|p2a: Ting-Lu|Ting-Lu|100/100
|-ability|p1a: Tinkaton|Mold Breaker
|-ability|p2a: Ting-Lu|Vessel of Ruin
|turn|1
|
|t:|1769437517
|move|p1a: Tinkaton|Stealth Rock|p2a: Ting-Lu
|-sidestart|p2: velcrostuck|move: Stealth Rock
|move|p2a: Ting-Lu|Stealth Rock|p1a: Tinkaton
|-sidestart|p1: just dum luck|move: Stealth Rock
|
|upkeep
|turn|2
|
|t:|1769437522
|move|p1a: Tinkaton|Encore|p2a: Ting-Lu
|-start|p2a: Ting-Lu|Encore
|move|p2a: Ting-Lu|Stealth Rock||[still]
|-fail|p2a: Ting-Lu
|
|upkeep
|turn|3
|
|t:|1769437526
|switch|p1a: Pelipper|Pelipper, F|100/100
|-damage|p1a: Pelipper|76/100|[from] Stealth Rock
|-weather|RainDance|[from] ability: Drizzle|[of] p1a: Pelipper
|switch|p2a: Gliscor|Gliscor, M|100/100
|-damage|p2a: Gliscor|88/100|[from] Stealth Rock
|
|-weather|RainDance|[upkeep]
|-status|p2a: Gliscor|tox|[from] item: Toxic Orb
|upkeep
|turn|4
|
|t:|1769437538
|move|p2a: Gliscor|Protect|p2a: Gliscor
|-singleturn|p2a: Gliscor|Protect
|move|p1a: Pelipper|Weather Ball|p2a: Gliscor
|-activate|p2a: Gliscor|move: Protect
|
|-weather|RainDance|[upkeep]
|-heal|p2a: Gliscor|100/100 tox|[from] ability: Poison Heal
|upkeep
|turn|5
|
|t:|1769437547
|-terastallize|p2a: Gliscor|Water
|move|p2a: Gliscor|Knock Off|p1a: Pelipper
|-damage|p1a: Pelipper|52/100
|-enditem|p1a: Pelipper|Choice Specs|[from] move: Knock Off|[of] p2a: Gliscor
|move|p1a: Pelipper|Weather Ball|p2a: Gliscor
|-resisted|p2a: Gliscor
|-damage|p2a: Gliscor|72/100 tox
|
|-weather|RainDance|[upkeep]
|-heal|p2a: Gliscor|84/100 tox|[from] ability: Poison Heal
|upkeep
|turn|6
|
|t:|1769437557
|move|p2a: Gliscor|Toxic|p1a: Pelipper
|-status|p1a: Pelipper|tox
|move|p1a: Pelipper|U-turn|p2a: Gliscor
|-damage|p2a: Gliscor|78/100 tox
|
|t:|1769437571
|switch|p1a: Zapdos|Zapdos|100/100|[from] U-turn
|
|-weather|RainDance|[upkeep]
|-heal|p2a: Gliscor|90/100 tox|[from] ability: Poison Heal
|upkeep
|turn|7
|
|t:|1769437578
|move|p1a: Zapdos|Hurricane|p2a: Gliscor
|-damage|p2a: Gliscor|39/100 tox
|-start|p2a: Gliscor|confusion
|-activate|p2a: Gliscor|confusion
|-damage|p2a: Gliscor|32/100 tox|[from] confusion
|
|-weather|none
|-heal|p2a: Gliscor|44/100 tox|[from] ability: Poison Heal
|upkeep
|turn|8
|
|t:|1769437586
|-end|p2a: Gliscor|confusion
|move|p2a: Gliscor|Protect|p2a: Gliscor
|-singleturn|p2a: Gliscor|Protect
|move|p1a: Zapdos|Volt Switch|p2a: Gliscor
|-activate|p2a: Gliscor|move: Protect
|
|-heal|p2a: Gliscor|57/100 tox|[from] ability: Poison Heal
|upkeep
|turn|9
|
|t:|1769437599
|switch|p1a: Walking Wake|Walking Wake|100/100
|switch|p2a: Ting-Lu|Ting-Lu|100/100
|-damage|p2a: Ting-Lu|94/100|[from] Stealth Rock
|-ability|p2a: Ting-Lu|Vessel of Ruin
|
|-heal|p2a: Ting-Lu|100/100|[from] item: Leftovers
|upkeep
|turn|10
|
|t:|1769437625
|move|p1a: Walking Wake|Flip Turn|p2a: Ting-Lu
|-supereffective|p2a: Ting-Lu
|-damage|p2a: Ting-Lu|83/100
|
|t:|1769437628
|-end|p1a: Walking Wake|Protosynthesis|[silent]
|switch|p1a: Hatterene|Hatterene, F|100/100|[from] Flip Turn
|-damage|p1a: Hatterene|88/100|[from] Stealth Rock
|move|p2a: Ting-Lu|Ruination|p1a: Hatterene
|-damage|p1a: Hatterene|45/100
|-enditem|p1a: Hatterene|Eject Button
|
|t:|1769437636
|switch|p1a: Pelipper|Pelipper, F|52/100 tox
|-damage|p1a: Pelipper|27/100 tox|[from] Stealth Rock
|-weather|RainDance|[from] ability: Drizzle|[of] p1a: Pelipper
|
|-weather|RainDance|[upkeep]
|-heal|p2a: Ting-Lu|89/100|[from] item: Leftovers
|-damage|p1a: Pelipper|21/100 tox|[from] psn
|upkeep
|turn|11
|
|t:|1769437645
|move|p1a: Pelipper|U-turn|p2a: Ting-Lu
|-supereffective|p2a: Ting-Lu
|-damage|p2a: Ting-Lu|79/100
|
|t:|1769437650
|switch|p1a: Walking Wake|Walking Wake|100/100|[from] U-turn
|move|p2a: Ting-Lu|Ruination|p1a: Walking Wake
|-damage|p1a: Walking Wake|51/100
|
|-weather|RainDance|[upkeep]
|-heal|p2a: Ting-Lu|86/100|[from] item: Leftovers
|upkeep
|turn|12
|
|t:|1769437657
|move|p1a: Walking Wake|Surf|p2a: Ting-Lu
|-supereffective|p2a: Ting-Lu
|-damage|p2a: Ting-Lu|28/100
|move|p2a: Ting-Lu|Ruination|p1a: Walking Wake
|-damage|p1a: Walking Wake|26/100
|
|-weather|RainDance|[upkeep]
|-heal|p2a: Ting-Lu|34/100|[from] item: Leftovers
|upkeep
|turn|13
|
|t:|1769437664
|move|p1a: Walking Wake|Flip Turn|p2a: Ting-Lu
|-supereffective|p2a: Ting-Lu
|-damage|p2a: Ting-Lu|11/100
|
|t:|1769437671
|-end|p1a: Walking Wake|Protosynthesis|[silent]
|switch|p1a: Tinkaton|Tinkaton, F|100/100|[from] Flip Turn
|-damage|p1a: Tinkaton|94/100|[from] Stealth Rock
|-ability|p1a: Tinkaton|Mold Breaker
|move|p2a: Ting-Lu|Earthquake|p1a: Tinkaton
|-supereffective|p1a: Tinkaton
|-damage|p1a: Tinkaton|10/100
|
|-weather|RainDance|[upkeep]
|-heal|p1a: Tinkaton|17/100|[from] item: Leftovers
|-heal|p2a: Ting-Lu|17/100|[from] item: Leftovers
|upkeep
|turn|14
|
|t:|1769437681
|move|p1a: Tinkaton|Gigaton Hammer|p2a: Ting-Lu
|-damage|p2a: Ting-Lu|0 fnt
|faint|p2a: Ting-Lu
|
|-weather|none
|-heal|p1a: Tinkaton|23/100|[from] item: Leftovers
|upkeep
|
|t:|1769437687
|switch|p2a: Gliscor|Gliscor, M, tera:Water|57/100 tox
|-damage|p2a: Gliscor|44/100 tox|[from] Stealth Rock
|turn|15
|
|t:|1769437692
|move|p1a: Tinkaton|Knock Off|p2a: Gliscor
|-crit|p2a: Gliscor
|-damage|p2a: Gliscor|24/100 tox
|-enditem|p2a: Gliscor|Toxic Orb|[from] move: Knock Off|[of] p1a: Tinkaton
|move|p2a: Gliscor|Knock Off|p1a: Tinkaton
|-resisted|p1a: Tinkaton
|-damage|p1a: Tinkaton|11/100
|-enditem|p1a: Tinkaton|Leftovers|[from] move: Knock Off|[of] p2a: Gliscor
|
|-heal|p2a: Gliscor|36/100 tox|[from] ability: Poison Heal
|upkeep
|turn|16
|
|t:|1769437703
|move|p1a: Tinkaton|Encore|p2a: Gliscor
|-start|p2a: Gliscor|Encore
|move|p2a: Gliscor|Knock Off|p1a: Tinkaton
|-resisted|p1a: Tinkaton
|-damage|p1a: Tinkaton|4/100
|
|-heal|p2a: Gliscor|49/100 tox|[from] ability: Poison Heal
|upkeep
|turn|17
|
|t:|1769437710
|move|p1a: Tinkaton|Gigaton Hammer|p2a: Gliscor
|-resisted|p2a: Gliscor
|-damage|p2a: Gliscor|33/100 tox
|move|p2a: Gliscor|Knock Off|p1a: Tinkaton
|-resisted|p1a: Tinkaton
|-damage|p1a: Tinkaton|0 fnt
|faint|p1a: Tinkaton
|
|-heal|p2a: Gliscor|45/100 tox|[from] ability: Poison Heal
|upkeep
|
|t:|1769437717
|switch|p1a: Hatterene|Hatterene, F|45/100
|-damage|p1a: Hatterene|32/100|[from] Stealth Rock
|turn|18
|
|t:|1769437722
|move|p2a: Gliscor|Knock Off|p1a: Hatterene
|-damage|p1a: Hatterene|21/100
|move|p1a: Hatterene|Healing Wish|p1a: Hatterene
|faint|p1a: Hatterene
|
|-heal|p2a: Gliscor|58/100 tox|[from] ability: Poison Heal
|-end|p2a: Gliscor|Encore
|upkeep
|
|t:|1769437725
|switch|p1a: Pelipper|Pelipper, F|21/100 tox
|-heal|p1a: Pelipper|100/100|[from] move: Healing Wish
|-damage|p1a: Pelipper|76/100|[from] Stealth Rock
|-weather|RainDance|[from] ability: Drizzle|[of] p1a: Pelipper
|turn|19
|
|t:|1769437735
|move|p2a: Gliscor|Toxic|p1a: Pelipper
|-status|p1a: Pelipper|tox
|move|p1a: Pelipper|Hurricane|p2a: Gliscor
|-damage|p2a: Gliscor|17/100 tox
|-start|p2a: Gliscor|confusion
|
|-weather|RainDance|[upkeep]
|-heal|p2a: Gliscor|30/100 tox|[from] ability: Poison Heal
|-damage|p1a: Pelipper|70/100 tox|[from] psn
|upkeep
|turn|20
|
|t:|1769437746
|switch|p2a: Latios|Latios, M|100/100
|-damage|p2a: Latios|88/100|[from] Stealth Rock
|move|p1a: Pelipper|U-turn|p2a: Latios
|-supereffective|p2a: Latios
|-damage|p2a: Latios|64/100
|
|t:|1769437752
|switch|p1a: Barraskewda|Barraskewda, F|100/100|[from] U-turn
|-damage|p1a: Barraskewda|88/100|[from] Stealth Rock
|
|-weather|RainDance|[upkeep]
|upkeep
|turn|21
|
|t:|1769437758
|-terastallize|p1a: Barraskewda|Water
|move|p1a: Barraskewda|Flip Turn|p2a: Latios
|-resisted|p2a: Latios
|-damage|p2a: Latios|0 fnt
|faint|p2a: Latios
|
|t:|1769437766
|switch|p1a: Walking Wake|Walking Wake|26/100|[from] Flip Turn
|
|-weather|RainDance|[upkeep]
|upkeep
|
|t:|1769437770
|switch|p2a: Lokix|Lokix, F|100/100
|turn|22
|
|t:|1769437776
|move|p2a: Lokix|First Impression|p1a: Walking Wake
|-damage|p1a: Walking Wake|0 fnt
|faint|p1a: Walking Wake
|-end|p1a: Walking Wake|Protosynthesis|[silent]
|
|-weather|RainDance|[upkeep]
|upkeep
|
|t:|1769437783
|switch|p1a: Zapdos|Zapdos|100/100
|turn|23
|
|t:|1769437787
|switch|p2a: Garganacl|Garganacl, F, shiny|100/100
|-damage|p2a: Garganacl|88/100|[from] Stealth Rock
|move|p1a: Zapdos|Volt Switch|p2a: Garganacl
|-damage|p2a: Garganacl|64/100
|
|t:|1769437791
|switch|p1a: Barraskewda|Barraskewda, F, tera:Water|88/100|[from] Volt Switch
|-damage|p1a: Barraskewda|76/100|[from] Stealth Rock
|
|-weather|none
|-heal|p2a: Garganacl|70/100|[from] item: Leftovers
|upkeep
|turn|24
|
|t:|1769437801
|move|p1a: Barraskewda|Flip Turn|p2a: Garganacl
|-supereffective|p2a: Garganacl
|-damage|p2a: Garganacl|0 fnt
|faint|p2a: Garganacl
|
|t:|1769437804
|switch|p1a: Pelipper|Pelipper, F|70/100 tox|[from] Flip Turn
|-damage|p1a: Pelipper|45/100 tox|[from] Stealth Rock
|-weather|RainDance|[from] ability: Drizzle|[of] p1a: Pelipper
|
|-weather|RainDance|[upkeep]
|-damage|p1a: Pelipper|39/100 tox|[from] psn
|upkeep
|
|t:|1769437812
|switch|p2a: Gliscor|Gliscor, M, tera:Water|30/100 tox
|-damage|p2a: Gliscor|17/100 tox|[from] Stealth Rock
|turn|25
|
|t:|1769437818
|switch|p1a: Barraskewda|Barraskewda, F, tera:Water|76/100
|-damage|p1a: Barraskewda|64/100|[from] Stealth Rock
|move|p2a: Gliscor|Protect||[still]
|-fail|p2a: Gliscor
|
|-weather|RainDance|[upkeep]
|-heal|p2a: Gliscor|30/100 tox|[from] ability: Poison Heal
|upkeep
|turn|26
|
|t:|1769437827
|move|p2a: Gliscor|Protect|p2a: Gliscor
|-singleturn|p2a: Gliscor|Protect
|move|p1a: Barraskewda|Flip Turn|p2a: Gliscor
|-activate|p2a: Gliscor|move: Protect
|
|-weather|RainDance|[upkeep]
|-heal|p2a: Gliscor|42/100 tox|[from] ability: Poison Heal
|upkeep
|turn|27
|
|t:|1769437834
|move|p1a: Barraskewda|Flip Turn|p2a: Gliscor
|-resisted|p2a: Gliscor
|-damage|p2a: Gliscor|0 fnt
|faint|p2a: Gliscor
|
|t:|1769437839
|switch|p1a: Zapdos|Zapdos|100/100|[from] Flip Turn
|
|-weather|RainDance|[upkeep]
|upkeep
|
|t:|1769437844
|switch|p2a: Iron Moth|Iron Moth|100/100
|-damage|p2a: Iron Moth|76/100|[from] Stealth Rock
|-enditem|p2a: Iron Moth|Booster Energy
|-activate|p2a: Iron Moth|ability: Quark Drive|[fromitem]
|-start|p2a: Iron Moth|quarkdrivespa
|turn|28
|
|t:|1769437850
|switch|p1a: Pelipper|Pelipper, F|39/100 tox
|-damage|p1a: Pelipper|14/100 tox|[from] Stealth Rock
|move|p2a: Iron Moth|Sludge Wave|p1a: Pelipper
|-damage|p1a: Pelipper|0 fnt
|faint|p1a: Pelipper
|
|-weather|none
|upkeep
|
|t:|1769437852
|switch|p1a: Barraskewda|Barraskewda, F, tera:Water|64/100
|-damage|p1a: Barraskewda|52/100|[from] Stealth Rock
|turn|29
|
|t:|1769437860
|move|p1a: Barraskewda|Flip Turn|p2a: Iron Moth
|-supereffective|p2a: Iron Moth
|-crit|p2a: Iron Moth
|-damage|p2a: Iron Moth|0 fnt
|faint|p2a: Iron Moth
|-end|p2a: Iron Moth|Quark Drive|[silent]
|
|t:|1769437862
|switch|p1a: Zapdos|Zapdos|100/100|[from] Flip Turn
|
|upkeep
|
|t:|1769437869
|switch|p2a: Lokix|Lokix, F|100/100
|turn|30
|
|t:|1769437877
|move|p2a: Lokix|First Impression|p1a: Zapdos
|-resisted|p1a: Zapdos
|-damage|p1a: Zapdos|44/100
|move|p1a: Zapdos|Roost|p1a: Zapdos
|-heal|p1a: Zapdos|95/100
|-singleturn|p1a: Zapdos|move: Roost
|
|upkeep
|turn|31
|-message|velcrostuck forfeited.
|
|win|just dum luck
|raw|just dum luck's rating: 1377 &rarr; <strong>1395</strong><br />(+18 for winning)
|raw|velcrostuck's rating: 1346 &rarr; <strong>1328</strong><br />(-18 for losing)
|l|☆velcrostuck
|player|p2|
|c|☆just dum luck|Gg
