|badge|p1|bronze|gen9ou|100-8
|uhtml|medal-msg|<div class="broadcast-blue">Curious what those medals under the avatar are? PS now has Ladder Seasons! For more information, check out the <a href="https://www.smogon.com/forums/threads/3740067/">thread on Smogon.</a></div>
|badge|p2|silver|gen9ou|30-8
|uhtml|medal-msg|<div class="broadcast-blue">Curious what those medals under the avatar are? PS now has Ladder Seasons! For more information, check out the <a href="https://www.smogon.com/forums/threads/3740067/">thread on Smogon.</a></div>
|j|☆champ bogar
|j|☆Acastillo631
|t:|1769399070
|gametype|singles
|player|p1|champ bogar|cynthia-masters3|1838
|player|p2|Acastillo631|silver|1897
|gen|9
|tier|[Gen 9] OU
|rated|
|rule|HP Percentage Mod: HP is shown in percentages
|rule|Endless Battle Clause: Forcing endless battles is banned
|rule|Species Clause: Limit one of each Pokémon
|rule|OHKO Clause: OHKO moves are banned
|rule|Evasion Items Clause: Evasion items are banned
|rule|Evasion Moves Clause: Evasion moves are banned
|rule|Evasion Abilities Clause: Evasion abilities are banned
|rule|Sleep Moves Clause: Sleep-inducing moves are banned
|clearpoke
|poke|p1|Garchomp, M|
|poke|p1|Darkrai|
|poke|p1|Deoxys-Speed|
|poke|p1|Clodsire, M|
|poke|p1|Corviknight, M|
|poke|p1|Cinderace, M|
|poke|p2|Iron Valiant|
|poke|p2|Sinistcha|
|poke|p2|Tyranitar, M|
|poke|p2|Keldeo-Resolute|
|poke|p2|Iron Treads|
|poke|p2|Klefki, M|
|teampreview
|inactive|Battle timer is ON: inactive players will automatically lose when time's up. (requested by champ bogar)
|j| pokeace96
|
|t:|1769399086
|teamsize|p1|6
|teamsize|p2|6
|start
|switch|p1a: Cinderace|Cinderace, M|100/100
|switch|p2a: Redips|Klefki, M|100/100
|turn|1
|
|t:|1769399090
|move|p2a: Redips|Thunder Wave|p1a: Cinderace
|-status|p1a: Cinderace|par
|move|p1a: Cinderace|Pyro Ball|p2a: Redips
|-supereffective|p2a: Redips
|-damage|p2a: Redips|0 fnt
|faint|p2a: Redips
|
|upkeep
|
|t:|1769399109
|switch|p2a: Spiral Pegasus|Keldeo-Resolute|100/100
|turn|2
|
|t:|1769399131
|switch|p2a: Eregion|Tyranitar, M|100/100
|-weather|Sandstorm|[from] ability: Sand Stream|[of] p2a: Eregion
|switch|p1a: Clodsire|Clodsire, M|100/100
|
|-weather|Sandstorm|[upkeep]
|upkeep
|turn|3
|
|t:|1769399135
|switch|p1a: Corviknight|Corviknight, M|100/100
|-ability|p1a: Corviknight|Pressure
|move|p2a: Eregion|Knock Off|p1a: Corviknight
|-damage|p1a: Corviknight|76/100
|-damage|p2a: Eregion|84/100|[from] item: Rocky Helmet|[of] p1a: Corviknight
|-enditem|p1a: Corviknight|Rocky Helmet|[from] move: Knock Off|[of] p2a: Eregion
|
|-weather|Sandstorm|[upkeep]
|-heal|p2a: Eregion|90/100|[from] item: Leftovers
|upkeep
|turn|4
|
|t:|1769399141
|move|p2a: Eregion|Stealth Rock|p1a: Corviknight
|-sidestart|p1: champ bogar|move: Stealth Rock
|move|p1a: Corviknight|U-turn|p2a: Eregion
|-supereffective|p2a: Eregion
|-damage|p2a: Eregion|69/100
|
|t:|1769399146
|switch|p1a: Garchomp|Garchomp, M|100/100|[from] U-turn
|-damage|p1a: Garchomp|94/100|[from] Stealth Rock
|
|-weather|Sandstorm|[upkeep]
|-heal|p2a: Eregion|75/100|[from] item: Leftovers
|upkeep
|turn|5
|
|t:|1769399151
|move|p1a: Garchomp|Earthquake|p2a: Eregion
|-supereffective|p2a: Eregion
|-damage|p2a: Eregion|14/100
|move|p2a: Eregion|Ice Beam|p1a: Garchomp
|-supereffective|p1a: Garchomp
|-damage|p1a: Garchomp|19/100
|
|-weather|Sandstorm|[upkeep]
|-heal|p2a: Eregion|20/100|[from] item: Leftovers
|upkeep
|turn|6
|
|t:|1769399162
|switch|p2a: Armored Armadillo|Iron Treads|100/100
|-item|p2a: Armored Armadillo|Air Balloon
|move|p1a: Garchomp|Earthquake|p2a: Armored Armadillo
|-immune|p2a: Armored Armadillo
|
|-weather|none
|upkeep
|turn|7
|
|t:|1769399165
|switch|p1a: Corviknight|Corviknight, M|76/100
|-damage|p1a: Corviknight|63/100|[from] Stealth Rock
|-ability|p1a: Corviknight|Pressure
|move|p2a: Armored Armadillo|Earthquake|p1a: Corviknight
|-immune|p1a: Corviknight
|
|upkeep
|turn|8
|
|t:|1769399172
|-end|p2a: Armored Armadillo|Quark Drive|[silent]
|switch|p2a: Wire Sponge|Sinistcha|100/100
|move|p1a: Corviknight|Roost|p1a: Corviknight
|-heal|p1a: Corviknight|100/100
|-singleturn|p1a: Corviknight|move: Roost
|
|upkeep
|turn|9
|
|t:|1769399174
|move|p2a: Wire Sponge|Nasty Plot|p2a: Wire Sponge
|-boost|p2a: Wire Sponge|spa|2
|move|p1a: Corviknight|Brave Bird|p2a: Wire Sponge
|-supereffective|p2a: Wire Sponge
|-damage|p2a: Wire Sponge|47/100
|-damage|p1a: Corviknight|85/100|[from] Recoil
|
|upkeep
|turn|10
|
|t:|1769399177
|move|p2a: Wire Sponge|Strength Sap|p1a: Corviknight
|-unboost|p1a: Corviknight|atk|1
|-heal|p2a: Wire Sponge|100/100
|move|p1a: Corviknight|U-turn|p2a: Wire Sponge
|-crit|p2a: Wire Sponge
|-damage|p2a: Wire Sponge|85/100
|
|t:|1769399179
|switch|p1a: Darkrai|Darkrai|100/100|[from] U-turn
|-damage|p1a: Darkrai|88/100|[from] Stealth Rock
|
|upkeep
|turn|11
|
|t:|1769399190
|switch|p2a: Spiral Pegasus|Keldeo-Resolute|100/100
|move|p1a: Darkrai|Ice Beam|p2a: Spiral Pegasus
|-resisted|p2a: Spiral Pegasus
|-damage|p2a: Spiral Pegasus|70/100
|
|upkeep
|turn|12
|
|t:|1769399203
|switch|p1a: Clodsire|Clodsire, M|100/100
|-damage|p1a: Clodsire|94/100|[from] Stealth Rock
|switch|p2a: Armored Armadillo|Iron Treads|100/100
|-item|p2a: Armored Armadillo|Air Balloon
|
|-heal|p1a: Clodsire|100/100|[from] item: Leftovers
|upkeep
|turn|13
|j| wyjmjl
|
|t:|1769399214
|-end|p2a: Armored Armadillo|Quark Drive|[silent]
|switch|p2a: Wire Sponge|Sinistcha|85/100
|switch|p1a: Corviknight|Corviknight, M|85/100
|-damage|p1a: Corviknight|73/100|[from] Stealth Rock
|-ability|p1a: Corviknight|Pressure
|
|upkeep
|turn|14
|
|t:|1769399219
|move|p2a: Wire Sponge|Shadow Ball|p1a: Corviknight
|-damage|p1a: Corviknight|41/100
|move|p1a: Corviknight|Brave Bird|p2a: Wire Sponge
|-supereffective|p2a: Wire Sponge
|-damage|p2a: Wire Sponge|34/100
|-damage|p1a: Corviknight|27/100|[from] Recoil
|
|upkeep
|turn|15
|j| Ssul
|
|t:|1769399229
|move|p2a: Wire Sponge|Strength Sap|p1a: Corviknight
|-unboost|p1a: Corviknight|atk|1
|-heal|p2a: Wire Sponge|96/100
|move|p1a: Corviknight|Roost|p1a: Corviknight
|-heal|p1a: Corviknight|77/100
|-singleturn|p1a: Corviknight|move: Roost
|
|upkeep
|turn|16
|
|t:|1769399235
|move|p2a: Wire Sponge|Shadow Ball|p1a: Corviknight
|-damage|p1a: Corviknight|44/100
|-unboost|p1a: Corviknight|spd|1
|move|p1a: Corviknight|U-turn|p2a: Wire Sponge
|-damage|p2a: Wire Sponge|88/100
|
|t:|1769399238
|switch|p1a: Darkrai|Darkrai|88/100|[from] U-turn
|-damage|p1a: Darkrai|76/100|[from] Stealth Rock
|
|upkeep
|turn|17
|
|t:|1769399247
|switch|p2a: Eregion|Tyranitar, M|20/100
|-weather|Sandstorm|[from] ability: Sand Stream|[of] p2a: Eregion
|move|p1a: Darkrai|Ice Beam|p2a: Eregion
|-damage|p2a: Eregion|0 fnt
|faint|p2a: Eregion
|
|-weather|Sandstorm|[upkeep]
|-damage|p1a: Darkrai|70/100|[from] Sandstorm
|upkeep
|
|t:|1769399255
|switch|p2a: Armored Armadillo|Iron Treads|100/100
|-item|p2a: Armored Armadillo|Air Balloon
|turn|18
|
|t:|1769399266
|move|p1a: Darkrai|Ice Beam|p2a: Armored Armadillo
|-crit|p2a: Armored Armadillo
|-damage|p2a: Armored Armadillo|0 fnt
|-enditem|p2a: Armored Armadillo|Air Balloon
|faint|p2a: Armored Armadillo
|-end|p2a: Armored Armadillo|Quark Drive|[silent]
|
|-weather|Sandstorm|[upkeep]
|-damage|p1a: Darkrai|63/100|[from] Sandstorm
|upkeep
|
|t:|1769399272
|switch|p2a: Spiral Pegasus|Keldeo-Resolute|70/100
|turn|19
|
|t:|1769399281
|switch|p1a: Clodsire|Clodsire, M|100/100
|-damage|p1a: Clodsire|94/100|[from] Stealth Rock
|switch|p2a: Wire Sponge|Sinistcha|88/100
|
|-weather|Sandstorm|[upkeep]
|-damage|p2a: Wire Sponge|82/100|[from] Sandstorm
|-heal|p1a: Clodsire|100/100|[from] item: Leftovers
|upkeep
|turn|20
|
|t:|1769399287
|-terastallize|p2a: Wire Sponge|Poison
|move|p2a: Wire Sponge|Nasty Plot|p2a: Wire Sponge
|-boost|p2a: Wire Sponge|spa|2
|move|p1a: Clodsire|Toxic|p2a: Wire Sponge
|-immune|p2a: Wire Sponge
|
|-weather|Sandstorm|[upkeep]
|-damage|p2a: Wire Sponge|76/100|[from] Sandstorm
|upkeep
|turn|21
|
|t:|1769399297
|switch|p1a: Cinderace|Cinderace, M|100/100 par
|move|p2a: Wire Sponge|Matcha Gotcha|p1a: Cinderace
|-resisted|p1a: Cinderace
|-damage|p1a: Cinderace|53/100 par
|-heal|p2a: Wire Sponge|97/100|[from] drain|[of] p1a: Cinderace
|
|-weather|none
|upkeep
|turn|22
|
|t:|1769399302
|move|p2a: Wire Sponge|Shadow Ball|p1a: Cinderace
|-damage|p1a: Cinderace|0 fnt
|faint|p1a: Cinderace
|
|upkeep
|
|t:|1769399304
|switch|p1a: Deoxys|Deoxys-Speed, shiny|100/100
|-damage|p1a: Deoxys|88/100|[from] Stealth Rock
|-ability|p1a: Deoxys|Pressure
|turn|23
|
|t:|1769399310
|switch|p2a: Spiral Pegasus|Keldeo-Resolute|70/100
|move|p1a: Deoxys|Psycho Boost|p2a: Spiral Pegasus
|-supereffective|p2a: Spiral Pegasus
|-damage|p2a: Spiral Pegasus|0 fnt
|-unboost|p1a: Deoxys|spa|2
|faint|p2a: Spiral Pegasus
|-damage|p1a: Deoxys|78/100|[from] item: Life Orb
|
|upkeep
|
|t:|1769399313
|switch|p2a: Sage Harpuia|Iron Valiant|100/100
|-enditem|p2a: Sage Harpuia|Booster Energy
|-activate|p2a: Sage Harpuia|ability: Quark Drive|[fromitem]
|-start|p2a: Sage Harpuia|quarkdrivespe
|turn|24
|
|t:|1769399315
|switch|p1a: Clodsire|Clodsire, M|100/100
|-damage|p1a: Clodsire|94/100|[from] Stealth Rock
|move|p2a: Sage Harpuia|Moonblast|p1a: Clodsire
|-resisted|p1a: Clodsire
|-damage|p1a: Clodsire|83/100
|
|-heal|p1a: Clodsire|89/100|[from] item: Leftovers
|upkeep
|turn|25
|
|t:|1769399318
|-end|p2a: Sage Harpuia|Quark Drive|[silent]
|switch|p2a: Wire Sponge|Sinistcha, tera:Poison|97/100
|move|p1a: Clodsire|Poison Jab|p2a: Wire Sponge
|-resisted|p2a: Wire Sponge
|-damage|p2a: Wire Sponge|88/100
|
|-heal|p1a: Clodsire|95/100|[from] item: Leftovers
|upkeep
|turn|26
|
|t:|1769399324
|move|p2a: Wire Sponge|Matcha Gotcha|p1a: Clodsire
|-damage|p1a: Clodsire|78/100
|-heal|p2a: Wire Sponge|99/100|[from] drain|[of] p1a: Clodsire
|-status|p1a: Clodsire|brn
|move|p1a: Clodsire|Earthquake|p2a: Wire Sponge
|-supereffective|p2a: Wire Sponge
|-damage|p2a: Wire Sponge|79/100
|
|-heal|p1a: Clodsire|84/100 brn|[from] item: Leftovers
|-damage|p1a: Clodsire|78/100 brn|[from] brn
|upkeep
|turn|27
|
|t:|1769399327
|switch|p1a: Corviknight|Corviknight, M|44/100
|-damage|p1a: Corviknight|32/100|[from] Stealth Rock
|-ability|p1a: Corviknight|Pressure
|move|p2a: Wire Sponge|Nasty Plot|p2a: Wire Sponge
|-boost|p2a: Wire Sponge|spa|2
|
|upkeep
|turn|28
|
|t:|1769399328
|move|p2a: Wire Sponge|Shadow Ball|p1a: Corviknight
|-damage|p1a: Corviknight|0 fnt
|faint|p1a: Corviknight
|
|upkeep
|l| wyjmjl
|
|t:|1769399330
|switch|p1a: Deoxys|Deoxys-Speed, shiny|78/100
|-damage|p1a: Deoxys|66/100|[from] Stealth Rock
|-ability|p1a: Deoxys|Pressure
|turn|29
|
|t:|1769399334
|move|p1a: Deoxys|Psycho Boost|p2a: Wire Sponge|[miss]
|-miss|p1a: Deoxys|p2a: Wire Sponge
|move|p2a: Wire Sponge|Shadow Ball|p1a: Deoxys
|-supereffective|p1a: Deoxys
|-damage|p1a: Deoxys|0 fnt
|faint|p1a: Deoxys
|
|upkeep
|
|t:|1769399340
|switch|p1a: Garchomp|Garchomp, M|19/100
|-damage|p1a: Garchomp|13/100|[from] Stealth Rock
|turn|30
|
|t:|1769399343
|move|p1a: Garchomp|Earthquake|p2a: Wire Sponge
|-supereffective|p2a: Wire Sponge
|-damage|p2a: Wire Sponge|20/100
|move|p2a: Wire Sponge|Strength Sap|p1a: Garchomp
|-unboost|p1a: Garchomp|atk|1
|-heal|p2a: Wire Sponge|100/100
|
|upkeep
|turn|31
|
|t:|1769399346
|move|p1a: Garchomp|Earthquake|p2a: Wire Sponge
|-supereffective|p2a: Wire Sponge
|-damage|p2a: Wire Sponge|57/100
|move|p2a: Wire Sponge|Strength Sap|p1a: Garchomp
|-unboost|p1a: Garchomp|atk|1
|-heal|p2a: Wire Sponge|100/100
|
|upkeep
|turn|32
|
|t:|1769399349
|move|p2a: Wire Sponge|Strength Sap|p1a: Garchomp
|-unboost|p1a: Garchomp|atk|1
|move|p1a: Garchomp|Dragon Tail|p2a: Wire Sponge
|-damage|p2a: Wire Sponge|92/100
|drag|p2a: Sage Harpuia|Iron Valiant|100/100
|
|upkeep
|turn|33
|
|t:|1769399351
|switch|p1a: Clodsire|Clodsire, M|78/100 brn
|-damage|p1a: Clodsire|72/100 brn|[from] Stealth Rock
|move|p2a: Sage Harpuia|Moonblast|p1a: Clodsire
|-resisted|p1a: Clodsire
|-damage|p1a: Clodsire|59/100 brn
|
|-heal|p1a: Clodsire|65/100 brn|[from] item: Leftovers
|-damage|p1a: Clodsire|59/100 brn|[from] brn
|upkeep
|turn|34
|
|t:|1769399358
|-end|p2a: Sage Harpuia|Quark Drive|[silent]
|switch|p2a: Wire Sponge|Sinistcha, tera:Poison|92/100
|move|p1a: Clodsire|Earthquake|p2a: Wire Sponge
|-supereffective|p2a: Wire Sponge
|-damage|p2a: Wire Sponge|73/100
|
|-heal|p1a: Clodsire|65/100 brn|[from] item: Leftovers
|-damage|p1a: Clodsire|59/100 brn|[from] brn
|upkeep
|turn|35
|
|t:|1769399364
|move|p2a: Wire Sponge|Matcha Gotcha|p1a: Clodsire|[miss]
|-miss|p2a: Wire Sponge|p1a: Clodsire
|move|p1a: Clodsire|Recover|p1a: Clodsire
|-heal|p1a: Clodsire|100/100 brn
|
|-damage|p1a: Clodsire|94/100 brn|[from] brn
|upkeep
|turn|36
|
|t:|1769399368
|switch|p1a: Garchomp|Garchomp, M|13/100
|-damage|p1a: Garchomp|7/100|[from] Stealth Rock
|move|p2a: Wire Sponge|Nasty Plot|p2a: Wire Sponge
|-boost|p2a: Wire Sponge|spa|2
|
|upkeep
|turn|37
|
|t:|1769399370
|move|p1a: Garchomp|Earthquake|p2a: Wire Sponge
|-supereffective|p2a: Wire Sponge
|-damage|p2a: Wire Sponge|4/100
|move|p2a: Wire Sponge|Strength Sap|p1a: Garchomp
|-unboost|p1a: Garchomp|atk|1
|-heal|p2a: Wire Sponge|89/100
|
|upkeep
|turn|38
|
|t:|1769399378
|move|p1a: Garchomp|Earthquake|p2a: Wire Sponge
|-supereffective|p2a: Wire Sponge
|-damage|p2a: Wire Sponge|49/100
|move|p2a: Wire Sponge|Strength Sap|p1a: Garchomp
|-unboost|p1a: Garchomp|atk|1
|-heal|p2a: Wire Sponge|100/100
|
|upkeep
|turn|39
|
|t:|1769399384
|move|p1a: Garchomp|Earthquake|p2a: Wire Sponge
|-supereffective|p2a: Wire Sponge
|-damage|p2a: Wire Sponge|67/100
|move|p2a: Wire Sponge|Strength Sap|p1a: Garchomp
|-unboost|p1a: Garchomp|atk|1
|-heal|p2a: Wire Sponge|100/100
|
|upkeep
|turn|40
|
|t:|1769399387
|move|p1a: Garchomp|Earthquake|p2a: Wire Sponge
|-supereffective|p2a: Wire Sponge
|-damage|p2a: Wire Sponge|76/100
|move|p2a: Wire Sponge|Shadow Ball|p1a: Garchomp
|-damage|p1a: Garchomp|0 fnt
|faint|p1a: Garchomp
|
|upkeep
|
|t:|1769399389
|switch|p1a: Darkrai|Darkrai|63/100
|-damage|p1a: Darkrai|51/100|[from] Stealth Rock
|turn|41
|
|t:|1769399393
|-terastallize|p1a: Darkrai|Dark
|move|p1a: Darkrai|Dark Pulse|p2a: Wire Sponge
|-damage|p2a: Wire Sponge|0 fnt
|faint|p2a: Wire Sponge
|
|upkeep
|
|t:|1769399400
|switch|p2a: Sage Harpuia|Iron Valiant|100/100
|turn|42
|
|t:|1769399404
|switch|p1a: Clodsire|Clodsire, M|94/100 brn
|-damage|p1a: Clodsire|88/100 brn|[from] Stealth Rock
|move|p2a: Sage Harpuia|Close Combat|p1a: Clodsire
|-resisted|p1a: Clodsire
|-damage|p1a: Clodsire|61/100 brn
|-unboost|p2a: Sage Harpuia|def|1
|-unboost|p2a: Sage Harpuia|spd|1
|
|-heal|p1a: Clodsire|67/100 brn|[from] item: Leftovers
|-damage|p1a: Clodsire|61/100 brn|[from] brn
|upkeep
|turn|43
|
|t:|1769399407
|move|p2a: Sage Harpuia|Close Combat|p1a: Clodsire
|-resisted|p1a: Clodsire
|-damage|p1a: Clodsire|34/100 brn
|-unboost|p2a: Sage Harpuia|def|1
|-unboost|p2a: Sage Harpuia|spd|1
|move|p1a: Clodsire|Toxic|p2a: Sage Harpuia
|-status|p2a: Sage Harpuia|tox
|
|-heal|p1a: Clodsire|41/100 brn|[from] item: Leftovers
|-damage|p2a: Sage Harpuia|94/100 tox|[from] psn
|-damage|p1a: Clodsire|34/100 brn|[from] brn
|upkeep
|turn|44
|
|t:|1769399409
|move|p2a: Sage Harpuia|Close Combat|p1a: Clodsire
|-resisted|p1a: Clodsire
|-damage|p1a: Clodsire|8/100 brn
|-unboost|p2a: Sage Harpuia|def|1
|-unboost|p2a: Sage Harpuia|spd|1
|move|p1a: Clodsire|Recover|p1a: Clodsire
|-heal|p1a: Clodsire|58/100 brn
|
|-heal|p1a: Clodsire|64/100 brn|[from] item: Leftovers
|-damage|p2a: Sage Harpuia|82/100 tox|[from] psn
|-damage|p1a: Clodsire|58/100 brn|[from] brn
|upkeep
|turn|45
|
|t:|1769399412
|move|p2a: Sage Harpuia|Close Combat|p1a: Clodsire
|-resisted|p1a: Clodsire
|-crit|p1a: Clodsire
|-damage|p1a: Clodsire|12/100 brn
|-unboost|p2a: Sage Harpuia|def|1
|-unboost|p2a: Sage Harpuia|spd|1
|move|p1a: Clodsire|Recover|p1a: Clodsire
|-heal|p1a: Clodsire|62/100 brn
|
|-heal|p1a: Clodsire|68/100 brn|[from] item: Leftovers
|-damage|p2a: Sage Harpuia|63/100 tox|[from] psn
|-damage|p1a: Clodsire|62/100 brn|[from] brn
|upkeep
|turn|46
|
|t:|1769399414
|move|p2a: Sage Harpuia|Close Combat|p1a: Clodsire
|-resisted|p1a: Clodsire
|-damage|p1a: Clodsire|32/100 brn
|-unboost|p2a: Sage Harpuia|def|1
|-unboost|p2a: Sage Harpuia|spd|1
|move|p1a: Clodsire|Recover|p1a: Clodsire
|-heal|p1a: Clodsire|82/100 brn
|
|-heal|p1a: Clodsire|88/100 brn|[from] item: Leftovers
|-damage|p2a: Sage Harpuia|38/100 tox|[from] psn
|-damage|p1a: Clodsire|82/100 brn|[from] brn
|upkeep
|turn|47
|
|t:|1769399416
|move|p2a: Sage Harpuia|Close Combat|p1a: Clodsire
|-resisted|p1a: Clodsire
|-damage|p1a: Clodsire|54/100 brn
|-unboost|p2a: Sage Harpuia|def|1
|-unboost|p2a: Sage Harpuia|spd|1
|move|p1a: Clodsire|Recover|p1a: Clodsire
|-heal|p1a: Clodsire|100/100 brn
|
|-damage|p2a: Sage Harpuia|7/100 tox|[from] psn
|-damage|p1a: Clodsire|94/100 brn|[from] brn
|upkeep
|turn|48
|
|t:|1769399418
|move|p2a: Sage Harpuia|Close Combat|p1a: Clodsire
|-resisted|p1a: Clodsire
|-damage|p1a: Clodsire|63/100 brn
|move|p1a: Clodsire|Recover|p1a: Clodsire
|-heal|p1a: Clodsire|100/100 brn
|
|-damage|p2a: Sage Harpuia|0 fnt|[from] psn
|faint|p2a: Sage Harpuia
|-end|p2a: Sage Harpuia|Quark Drive|[silent]
|
|win|champ bogar
|raw|champ bogar's rating: 1838 &rarr; <strong>1861</strong><br />(+23 for winning)
|raw|Acastillo631's rating: 1897 &rarr; <strong>1874</strong><br />(-23 for losing)
|c|☆champ bogar|gg
|l|☆Acastillo631
|player|p2|
|l| pokeace96
|l| Ssul
|l|☆champ bogar
|player|p1|
