|j|☆Nabuhai
|j|☆El.Capo.Camino
|t:|1769366543
|gametype|singles
|player|p1|Nabuhai|parasollady|1193
|player|p2|El.Capo.Camino|firebreather|1195
|gen|9
|tier|[Gen 9] OU
|rated|
|rule|HP Percentage Mod: HP is shown in percentages
|rule|Endless Battle Clause: Forcing endless battles is banned
|rule|Species Clause: Limit one of each Pokémon
|rule|OHKO Clause: OHKO moves are banned
|rule|Evasion Items Clause: Evasion items are banned
|rule|Evasion Moves Clause: Evasion moves are banned
|rule|Evasion Abilities Clause: Evasion abilities are banned
|rule|Sleep Moves Clause: Sleep-inducing moves are banned
|clearpoke
|poke|p1|Pelipper, M|
|poke|p1|Iron Treads|
|poke|p1|Zapdos|
|poke|p1|Barraskewda, M|
|poke|p1|Scizor, M|
|poke|p1|Keldeo-Resolute|
|poke|p2|Slither Wing|
|poke|p2|Charizard, F|
|poke|p2|Arcanine-Hisui, M|
|poke|p2|Hatterene, F|
|poke|p2|Torkoal, F|
|poke|p2|Walking Wake|
|teampreview
|
|t:|1769366555
|teamsize|p1|6
|teamsize|p2|6
|start
|switch|p1a: Barraskewda|Barraskewda, M|100/100
|switch|p2a: Torkoal|Torkoal, F|100/100
|-weather|SunnyDay|[from] ability: Drought|[of] p2a: Torkoal
|turn|1
|
|t:|1769366562
|move|p1a: Barraskewda|Flip Turn|p2a: Torkoal
|-supereffective|p2a: Torkoal
|-damage|p2a: Torkoal|62/100
|inactive|Battle timer is ON: inactive players will automatically lose when time's up. (requested by El.Capo.Camino)
|
|t:|1769366587
|switch|p1a: Pelipper|Pelipper, M|100/100|[from] Flip Turn
|-weather|RainDance|[from] ability: Drizzle|[of] p1a: Pelipper
|move|p2a: Torkoal|Stealth Rock|p1a: Pelipper
|-sidestart|p1: Nabuhai|move: Stealth Rock
|
|-weather|RainDance|[upkeep]
|upkeep
|turn|2
|
|t:|1769366596
|switch|p2a: Walking Wake|Walking Wake|100/100
|move|p1a: Pelipper|U-turn|p2a: Walking Wake
|-damage|p2a: Walking Wake|91/100
|inactive|Nabuhai has 120 seconds left.
|
|t:|1769366629
|switch|p1a: Barraskewda|Barraskewda, M|100/100|[from] U-turn
|-damage|p1a: Barraskewda|88/100|[from] Stealth Rock
|
|-weather|RainDance|[upkeep]
|upkeep
|turn|3
|
|t:|1769366634
|move|p1a: Barraskewda|Flip Turn|p2a: Walking Wake
|-resisted|p2a: Walking Wake
|-damage|p2a: Walking Wake|70/100
|inactive|Nabuhai has 120 seconds left.
|
|t:|1769366645
|switch|p1a: Zapdos|Zapdos|100/100|[from] Flip Turn
|-damage|p1a: Zapdos|76/100|[from] Stealth Rock
|move|p2a: Walking Wake|Draco Meteor|p1a: Zapdos
|-damage|p1a: Zapdos|9/100
|-unboost|p2a: Walking Wake|spa|2
|
|-weather|RainDance|[upkeep]
|upkeep
|turn|4
|
|t:|1769366654
|move|p2a: Walking Wake|Hydro Steam|p1a: Zapdos
|-damage|p1a: Zapdos|0 fnt
|faint|p1a: Zapdos
|
|-weather|RainDance|[upkeep]
|upkeep
|inactive|Nabuhai has 120 seconds left.
|
|t:|1769366666
|switch|p1a: Keldeo|Keldeo-Resolute|100/100
|-damage|p1a: Keldeo|94/100|[from] Stealth Rock
|turn|5
|inactive|Nabuhai has 120 seconds left.
|
|t:|1769366682
|-end|p2a: Walking Wake|Protosynthesis|[silent]
|switch|p2a: Hatterene|Hatterene, F|100/100
|move|p1a: Keldeo|Secret Sword|p2a: Hatterene
|-resisted|p2a: Hatterene
|-damage|p2a: Hatterene|88/100
|-enditem|p2a: Hatterene|Eject Button
|
|t:|1769366694
|switch|p2a: Walking Wake|Walking Wake|70/100
|
|-weather|RainDance|[upkeep]
|upkeep
|turn|6
|
|t:|1769366703
|switch|p1a: Scizor|Scizor, M|100/100
|-damage|p1a: Scizor|88/100|[from] Stealth Rock
|move|p2a: Walking Wake|Draco Meteor|p1a: Scizor
|-resisted|p1a: Scizor
|-damage|p1a: Scizor|44/100
|-unboost|p2a: Walking Wake|spa|2
|
|-weather|RainDance|[upkeep]
|-heal|p1a: Scizor|50/100|[from] item: Leftovers
|upkeep
|turn|7
|inactive|Nabuhai has 120 seconds left.
|
|t:|1769366726
|move|p2a: Walking Wake|Flip Turn|p1a: Scizor
|-damage|p1a: Scizor|28/100
|
|t:|1769366729
|-end|p2a: Walking Wake|Protosynthesis|[silent]
|switch|p2a: Torkoal|Torkoal, F|62/100|[from] Flip Turn
|-weather|SunnyDay|[from] ability: Drought|[of] p2a: Torkoal
|move|p1a: Scizor|U-turn|p2a: Torkoal
|-resisted|p2a: Torkoal
|-damage|p2a: Torkoal|47/100
|inactive|Nabuhai has 120 seconds left.
|
|t:|1769366738
|switch|p1a: Pelipper|Pelipper, M|100/100|[from] U-turn
|-damage|p1a: Pelipper|76/100|[from] Stealth Rock
|-weather|RainDance|[from] ability: Drizzle|[of] p1a: Pelipper
|
|-weather|RainDance|[upkeep]
|upkeep
|turn|8
|
|t:|1769366745
|switch|p2a: Walking Wake|Walking Wake|70/100
|move|p1a: Pelipper|U-turn|p2a: Walking Wake
|-damage|p2a: Walking Wake|60/100
|
|t:|1769366751
|switch|p1a: Barraskewda|Barraskewda, M|88/100|[from] U-turn
|-damage|p1a: Barraskewda|76/100|[from] Stealth Rock
|
|-weather|RainDance|[upkeep]
|upkeep
|turn|9
|
|t:|1769366765
|-end|p2a: Walking Wake|Protosynthesis|[silent]
|switch|p2a: Hatterene|Hatterene, F|88/100
|-terastallize|p1a: Barraskewda|Water
|move|p1a: Barraskewda|Flip Turn|p2a: Hatterene
|-damage|p2a: Hatterene|11/100
|inactive|Nabuhai has 120 seconds left.
|
|t:|1769366778
|switch|p1a: Keldeo|Keldeo-Resolute|94/100|[from] Flip Turn
|-damage|p1a: Keldeo|88/100|[from] Stealth Rock
|
|-weather|RainDance|[upkeep]
|upkeep
|turn|10
|
|t:|1769366786
|move|p1a: Keldeo|Surf|p2a: Hatterene
|-damage|p2a: Hatterene|0 fnt
|faint|p2a: Hatterene
|
|-weather|RainDance|[upkeep]
|upkeep
|
|t:|1769366789
|switch|p2a: Walking Wake|Walking Wake|60/100
|turn|11
|
|t:|1769366798
|switch|p1a: Scizor|Scizor, M|28/100
|-damage|p1a: Scizor|16/100|[from] Stealth Rock
|move|p2a: Walking Wake|Draco Meteor|p1a: Scizor
|-resisted|p1a: Scizor
|-damage|p1a: Scizor|0 fnt
|-unboost|p2a: Walking Wake|spa|2
|faint|p1a: Scizor
|
|-weather|RainDance|[upkeep]
|upkeep
|
|t:|1769366808
|switch|p1a: Barraskewda|Barraskewda, M, tera:Water|76/100
|-damage|p1a: Barraskewda|64/100|[from] Stealth Rock
|turn|12
|
|t:|1769366820
|-end|p2a: Walking Wake|Protosynthesis|[silent]
|switch|p2a: 🌋#HEAT🌋|Charizard, F|100/100
|move|p1a: Barraskewda|Flip Turn|p2a: 🌋#HEAT🌋
|-supereffective|p2a: 🌋#HEAT🌋
|-damage|p2a: 🌋#HEAT🌋|0 fnt
|faint|p2a: 🌋#HEAT🌋
|inactive|Nabuhai has 120 seconds left.
|
|t:|1769366859
|switch|p1a: Iron Treads|Iron Treads|100/100|[from] Flip Turn
|-damage|p1a: Iron Treads|98/100|[from] Stealth Rock
|
|-weather|RainDance|[upkeep]
|-heal|p1a: Iron Treads|100/100|[from] item: Leftovers
|upkeep
|
|t:|1769366865
|switch|p2a: Walking Wake|Walking Wake|60/100
|turn|13
|inactive|Nabuhai has 120 seconds left.
|
|t:|1769366881
|-end|p1a: Iron Treads|Quark Drive|[silent]
|switch|p1a: Keldeo|Keldeo-Resolute|88/100
|-damage|p1a: Keldeo|82/100|[from] Stealth Rock
|move|p2a: Walking Wake|Weather Ball|p1a: Keldeo
|-resisted|p1a: Keldeo
|-damage|p1a: Keldeo|30/100
|
|-weather|RainDance|[upkeep]
|upkeep
|turn|14
|
|t:|1769366889
|move|p1a: Keldeo|Vacuum Wave|p2a: Walking Wake
|-damage|p2a: Walking Wake|25/100
|move|p2a: Walking Wake|Weather Ball|p1a: Keldeo
|-resisted|p1a: Keldeo
|-damage|p1a: Keldeo|0 fnt
|faint|p1a: Keldeo
|
|-weather|none
|upkeep
|
|t:|1769366897
|switch|p1a: Pelipper|Pelipper, M|76/100
|-damage|p1a: Pelipper|51/100|[from] Stealth Rock
|-weather|RainDance|[from] ability: Drizzle|[of] p1a: Pelipper
|turn|15
|inactive|Nabuhai has 120 seconds left.
|
|t:|1769366915
|switch|p1a: Iron Treads|Iron Treads|100/100
|-damage|p1a: Iron Treads|98/100|[from] Stealth Rock
|move|p2a: Walking Wake|Weather Ball|p1a: Iron Treads
|-supereffective|p1a: Iron Treads
|-damage|p1a: Iron Treads|0 fnt
|faint|p1a: Iron Treads
|-end|p1a: Iron Treads|Quark Drive|[silent]
|
|-weather|RainDance|[upkeep]
|upkeep
|
|t:|1769366924
|switch|p1a: Barraskewda|Barraskewda, M, tera:Water|64/100
|-damage|p1a: Barraskewda|52/100|[from] Stealth Rock
|turn|16
|
|t:|1769366929
|-end|p2a: Walking Wake|Protosynthesis|[silent]
|switch|p2a: Torkoal|Torkoal, F|47/100
|-weather|SunnyDay|[from] ability: Drought|[of] p2a: Torkoal
|move|p1a: Barraskewda|Liquidation|p2a: Torkoal
|-supereffective|p2a: Torkoal
|-damage|p2a: Torkoal|0 fnt
|faint|p2a: Torkoal
|
|-weather|SunnyDay|[upkeep]
|upkeep
|
|t:|1769366948
|switch|p2a: Walking Wake|Walking Wake|25/100
|-activate|p2a: Walking Wake|ability: Protosynthesis
|-start|p2a: Walking Wake|protosynthesisspe
|turn|17
|
|t:|1769366955
|switch|p1a: Pelipper|Pelipper, M|51/100
|-damage|p1a: Pelipper|26/100|[from] Stealth Rock
|-weather|RainDance|[from] ability: Drizzle|[of] p1a: Pelipper
|-end|p2a: Walking Wake|Protosynthesis
|move|p2a: Walking Wake|Hydro Steam|p1a: Pelipper
|-resisted|p1a: Pelipper
|-damage|p1a: Pelipper|0 fnt
|faint|p1a: Pelipper
|
|-weather|RainDance|[upkeep]
|upkeep
|c|☆El.Capo.Camino|gg
|
|t:|1769366965
|switch|p1a: Barraskewda|Barraskewda, M, tera:Water|52/100
|-damage|p1a: Barraskewda|40/100|[from] Stealth Rock
|turn|18
|
|t:|1769366968
|move|p1a: Barraskewda|Liquidation|p2a: Walking Wake
|-resisted|p2a: Walking Wake
|-damage|p2a: Walking Wake|0 fnt
|faint|p2a: Walking Wake
|-end|p2a: Walking Wake|Protosynthesis|[silent]
|
|-weather|RainDance|[upkeep]
|upkeep
|
|t:|1769366972
|switch|p2a: Slither Wing|Slither Wing|100/100
|turn|19
|
|t:|1769366975
|move|p2a: Slither Wing|First Impression|p1a: Barraskewda
|-damage|p1a: Barraskewda|0 fnt
|faint|p1a: Barraskewda
|
|win|El.Capo.Camino
|raw|Nabuhai's rating: 1193 &rarr; <strong>1168</strong><br />(-25 for losing)
|raw|El.Capo.Camino's rating: 1195 &rarr; <strong>1220</strong><br />(+25 for winning)
|l|☆Nabuhai
|player|p1|
