|j|☆scascsas
|j|☆amartianbecauseyes
|t:|1769384514
|gametype|singles
|player|p1|scascsas|266|1000
|player|p2|amartianbecauseyes|170|1000
|gen|9
|tier|[Gen 9] OU
|rated|
|rule|HP Percentage Mod: HP is shown in percentages
|rule|Endless Battle Clause: Forcing endless battles is banned
|rule|Species Clause: Limit one of each Pokémon
|rule|OHKO Clause: OHKO moves are banned
|rule|Evasion Items Clause: Evasion items are banned
|rule|Evasion Moves Clause: Evasion moves are banned
|rule|Evasion Abilities Clause: Evasion abilities are banned
|rule|Sleep Moves Clause: Sleep-inducing moves are banned
|clearpoke
|poke|p1|Metagross|
|poke|p1|Chandelure, F|
|poke|p1|Haxorus, F|
|poke|p1|Rotom-Wash|
|poke|p1|Gliscor, F|
|poke|p1|Weavile, M|
|poke|p2|Umbreon, M|
|poke|p2|Gholdengo|
|poke|p2|Great Tusk|
|poke|p2|Samurott-Hisui, F|
|poke|p2|Raging Bolt|
|poke|p2|Alomomola, M|
|teampreview
|
|t:|1769384519
|teamsize|p1|6
|teamsize|p2|6
|start
|switch|p1a: Gliscor|Gliscor, F|100/100
|switch|p2a: Samurott|Samurott-Hisui, F|100/100
|turn|1
|
|t:|1769384533
|move|p2a: Samurott|Razor Shell|p1a: Gliscor
|-supereffective|p1a: Gliscor
|-damage|p1a: Gliscor|31/100
|-unboost|p1a: Gliscor|def|1
|move|p1a: Gliscor|Stealth Rock|p2a: Samurott
|-sidestart|p2: amartianbecauseyes|move: Stealth Rock
|
|-status|p1a: Gliscor|tox|[from] item: Toxic Orb
|upkeep
|turn|2
|
|t:|1769384542
|move|p1a: Gliscor|Protect|p1a: Gliscor
|-singleturn|p1a: Gliscor|Protect
|move|p2a: Samurott|Razor Shell|p1a: Gliscor
|-activate|p1a: Gliscor|move: Protect
|
|-heal|p1a: Gliscor|43/100 tox|[from] ability: Poison Heal
|upkeep
|turn|3
|
|t:|1769384561
|switch|p1a: Rotom|Rotom-Wash|100/100
|move|p2a: Samurott|Razor Shell|p1a: Rotom
|-resisted|p1a: Rotom
|-damage|p1a: Rotom|80/100
|-unboost|p1a: Rotom|def|1
|
|-heal|p1a: Rotom|86/100|[from] item: Leftovers
|upkeep
|turn|4
|
|t:|1769384573
|switch|p2a: Great Tusk|Great Tusk|100/100
|-damage|p2a: Great Tusk|98/100|[from] Stealth Rock
|move|p1a: Rotom|Will-O-Wisp|p2a: Great Tusk
|-status|p2a: Great Tusk|brn
|
|-heal|p1a: Rotom|92/100|[from] item: Leftovers
|-damage|p2a: Great Tusk|91/100 brn|[from] brn
|upkeep
|turn|5
|
|t:|1769384592
|move|p2a: Great Tusk|Stealth Rock|p1a: Rotom
|-sidestart|p1: scascsas|move: Stealth Rock
|move|p1a: Rotom|Hydro Pump|p2a: Great Tusk
|-supereffective|p2a: Great Tusk
|-damage|p2a: Great Tusk|0 fnt
|faint|p2a: Great Tusk
|-end|p2a: Great Tusk|Protosynthesis|[silent]
|
|-heal|p1a: Rotom|98/100|[from] item: Leftovers
|upkeep
|
|t:|1769384609
|switch|p2a: Raging Bolt|Raging Bolt|100/100
|-damage|p2a: Raging Bolt|88/100|[from] Stealth Rock
|-enditem|p2a: Raging Bolt|Booster Energy
|-activate|p2a: Raging Bolt|ability: Protosynthesis|[fromitem]
|-start|p2a: Raging Bolt|protosynthesisspa
|turn|6
|
|t:|1769384624
|move|p1a: Rotom|Volt Switch|p2a: Raging Bolt
|-resisted|p2a: Raging Bolt
|-damage|p2a: Raging Bolt|83/100
|
|t:|1769384628
|switch|p1a: Weavile|Weavile, M|100/100|[from] Volt Switch
|-damage|p1a: Weavile|76/100|[from] Stealth Rock
|move|p2a: Raging Bolt|Draco Meteor|p1a: Weavile
|-damage|p1a: Weavile|0 fnt
|-unboost|p2a: Raging Bolt|spa|2
|faint|p1a: Weavile
|
|upkeep
|
|t:|1769384641
|switch|p1a: Haxorus|Haxorus, F|100/100
|-damage|p1a: Haxorus|88/100|[from] Stealth Rock
|turn|7
|
|t:|1769384650
|move|p1a: Haxorus|Dragon Claw|p2a: Raging Bolt
|-supereffective|p2a: Raging Bolt
|-damage|p2a: Raging Bolt|0 fnt
|faint|p2a: Raging Bolt
|-end|p2a: Raging Bolt|Protosynthesis|[silent]
|
|upkeep
|
|t:|1769384662
|switch|p2a: Gholdengo|Gholdengo|100/100
|-damage|p2a: Gholdengo|94/100|[from] Stealth Rock
|turn|8
|
|t:|1769384668
|-terastallize|p2a: Gholdengo|Fairy
|move|p1a: Haxorus|Dragon Dance|p1a: Haxorus
|-boost|p1a: Haxorus|atk|1
|-boost|p1a: Haxorus|spe|1
|move|p2a: Gholdengo|Dazzling Gleam|p1a: Haxorus
|-supereffective|p1a: Haxorus
|-damage|p1a: Haxorus|0 fnt
|faint|p1a: Haxorus
|-damage|p2a: Gholdengo|85/100|[from] item: Life Orb
|
|upkeep
|
|t:|1769384681
|switch|p1a: Metagross|Metagross|100/100
|-damage|p1a: Metagross|95/100|[from] Stealth Rock
|turn|9
|
|t:|1769384691
|switch|p2a: Samurott|Samurott-Hisui, F|100/100
|-damage|p2a: Samurott|88/100|[from] Stealth Rock
|move|p1a: Metagross|Iron Head|p2a: Samurott
|-resisted|p2a: Samurott
|-damage|p2a: Samurott|59/100
|
|upkeep
|turn|10
|
|t:|1769384703
|switch|p1a: Rotom|Rotom-Wash|98/100
|-damage|p1a: Rotom|86/100|[from] Stealth Rock
|move|p2a: Samurott|Ceaseless Edge|p1a: Rotom
|-damage|p1a: Rotom|49/100
|-sidestart|p1: scascsas|Spikes
|
|-heal|p1a: Rotom|55/100|[from] item: Leftovers
|upkeep
|turn|11
|
|t:|1769384720
|switch|p2a: Umbreon|Umbreon, M|100/100
|-damage|p2a: Umbreon|88/100|[from] Stealth Rock
|move|p1a: Rotom|Will-O-Wisp|p2a: Umbreon
|-status|p2a: Umbreon|brn
|-activate|p2a: Umbreon|ability: Synchronize
|-status|p1a: Rotom|brn
|
|-heal|p1a: Rotom|61/100 brn|[from] item: Leftovers
|-heal|p2a: Umbreon|94/100 brn|[from] item: Leftovers
|-damage|p1a: Rotom|55/100 brn|[from] brn
|-damage|p2a: Umbreon|88/100 brn|[from] brn
|upkeep
|turn|12
|
|t:|1769384743
|move|p1a: Rotom|Pain Split|p2a: Umbreon
|-sethp|p2a: Umbreon|65/100 brn|[from] move: Pain Split|[silent]
|-sethp|p1a: Rotom|85/100 brn|[from] move: Pain Split
|move|p2a: Umbreon|Foul Play|p1a: Rotom
|-damage|p1a: Rotom|78/100 brn
|
|-heal|p1a: Rotom|84/100 brn|[from] item: Leftovers
|-heal|p2a: Umbreon|71/100 brn|[from] item: Leftovers
|-damage|p1a: Rotom|78/100 brn|[from] brn
|-damage|p2a: Umbreon|65/100 brn|[from] brn
|upkeep
|turn|13
|
|t:|1769384760
|switch|p1a: Metagross|Metagross|95/100
|-damage|p1a: Metagross|89/100|[from] Stealth Rock
|-damage|p1a: Metagross|76/100|[from] Spikes
|move|p2a: Umbreon|Roar|p1a: Metagross
|drag|p1a: Chandelure|Chandelure, F|100/100
|-damage|p1a: Chandelure|76/100|[from] Stealth Rock
|-damage|p1a: Chandelure|63/100|[from] Spikes
|
|-heal|p2a: Umbreon|71/100 brn|[from] item: Leftovers
|-damage|p2a: Umbreon|65/100 brn|[from] brn
|upkeep
|turn|14
|
|t:|1769384776
|move|p1a: Chandelure|Calm Mind|p1a: Chandelure
|-boost|p1a: Chandelure|spa|1
|-boost|p1a: Chandelure|spd|1
|move|p2a: Umbreon|Foul Play|p1a: Chandelure
|-supereffective|p1a: Chandelure
|-crit|p1a: Chandelure
|-damage|p1a: Chandelure|38/100
|
|-heal|p2a: Umbreon|71/100 brn|[from] item: Leftovers
|-damage|p2a: Umbreon|65/100 brn|[from] brn
|upkeep
|turn|15
|
|t:|1769384790
|switch|p2a: Samurott|Samurott-Hisui, F|59/100
|-damage|p2a: Samurott|46/100|[from] Stealth Rock
|move|p1a: Chandelure|Shadow Ball|p2a: Samurott
|-resisted|p2a: Samurott
|-damage|p2a: Samurott|0 fnt
|faint|p2a: Samurott
|
|upkeep
|
|t:|1769384805
|switch|p2a: Gholdengo|Gholdengo, tera:Fairy|85/100
|-damage|p2a: Gholdengo|72/100|[from] Stealth Rock
|turn|16
|
|t:|1769384826
|move|p2a: Gholdengo|Nasty Plot|p2a: Gholdengo
|-boost|p2a: Gholdengo|spa|2
|move|p1a: Chandelure|Will-O-Wisp|p2a: Gholdengo
|-immune|p2a: Gholdengo|[from] ability: Good as Gold
|
|upkeep
|turn|17
|
|t:|1769384845
|move|p2a: Gholdengo|Hex|p1a: Chandelure
|-supereffective|p1a: Chandelure
|-damage|p1a: Chandelure|0 fnt
|faint|p1a: Chandelure
|-damage|p2a: Gholdengo|62/100|[from] item: Life Orb
|
|upkeep
|
|t:|1769384855
|switch|p1a: Gliscor|Gliscor, F|43/100 tox
|-damage|p1a: Gliscor|31/100 tox|[from] Stealth Rock
|turn|18
|
|t:|1769384860
|switch|p2a: Alomomola|Alomomola, M|100/100
|move|p1a: Gliscor|Protect||[still]
|-fail|p1a: Gliscor
|
|-heal|p1a: Gliscor|43/100 tox|[from] ability: Poison Heal
|upkeep
|turn|19
|
|t:|1769384871
|move|p1a: Gliscor|Toxic|p2a: Alomomola
|-status|p2a: Alomomola|tox
|move|p2a: Alomomola|Scald|p1a: Gliscor
|-supereffective|p1a: Gliscor
|-damage|p1a: Gliscor|14/100 tox
|
|-heal|p1a: Gliscor|26/100 tox|[from] ability: Poison Heal
|-damage|p2a: Alomomola|94/100 tox|[from] psn
|upkeep
|turn|20
|
|t:|1769384882
|move|p1a: Gliscor|Protect|p1a: Gliscor
|-singleturn|p1a: Gliscor|Protect
|move|p2a: Alomomola|Scald|p1a: Gliscor
|-activate|p1a: Gliscor|move: Protect
|
|-heal|p1a: Gliscor|38/100 tox|[from] ability: Poison Heal
|-damage|p2a: Alomomola|82/100 tox|[from] psn
|upkeep
|turn|21
|
|t:|1769384897
|switch|p1a: Rotom|Rotom-Wash|78/100 brn
|-damage|p1a: Rotom|66/100 brn|[from] Stealth Rock
|move|p2a: Alomomola|Scald|p1a: Rotom
|-resisted|p1a: Rotom
|-crit|p1a: Rotom
|-damage|p1a: Rotom|57/100 brn
|
|-heal|p1a: Rotom|63/100 brn|[from] item: Leftovers
|-damage|p2a: Alomomola|63/100 tox|[from] psn
|-damage|p1a: Rotom|57/100 brn|[from] brn
|upkeep
|turn|22
|
|t:|1769384912
|switch|p2a: Gholdengo|Gholdengo, tera:Fairy|62/100
|-damage|p2a: Gholdengo|50/100|[from] Stealth Rock
|move|p1a: Rotom|Pain Split|p2a: Gholdengo
|-immune|p2a: Gholdengo|[from] ability: Good as Gold
|
|-heal|p1a: Rotom|63/100 brn|[from] item: Leftovers
|-damage|p1a: Rotom|57/100 brn|[from] brn
|upkeep
|turn|23
|
|t:|1769384930
|move|p2a: Gholdengo|Nasty Plot|p2a: Gholdengo
|-boost|p2a: Gholdengo|spa|2
|move|p1a: Rotom|Volt Switch|p2a: Gholdengo
|-damage|p2a: Gholdengo|21/100
|
|t:|1769384936
|switch|p1a: Metagross|Metagross|76/100|[from] Volt Switch
|-damage|p1a: Metagross|70/100|[from] Stealth Rock
|-damage|p1a: Metagross|58/100|[from] Spikes
|
|upkeep
|turn|24
|
|t:|1769384949
|move|p2a: Gholdengo|Hex|p1a: Metagross
|-supereffective|p1a: Metagross
|-damage|p1a: Metagross|0 fnt
|faint|p1a: Metagross
|-damage|p2a: Gholdengo|11/100|[from] item: Life Orb
|
|upkeep
|
|t:|1769384972
|switch|p1a: Gliscor|Gliscor, F|38/100 tox
|-damage|p1a: Gliscor|26/100 tox|[from] Stealth Rock
|turn|25
|inactive|Battle timer is ON: inactive players will automatically lose when time's up. (requested by amartianbecauseyes)
|
|t:|1769384977
|switch|p2a: Alomomola|Alomomola, M|97/100 tox
|move|p1a: Gliscor|Protect||[still]
|-fail|p1a: Gliscor
|
|-heal|p1a: Gliscor|38/100 tox|[from] ability: Poison Heal
|-damage|p2a: Alomomola|91/100 tox|[from] psn
|upkeep
|turn|26
|
|t:|1769384989
|-terastallize|p1a: Gliscor|Ground
|move|p1a: Gliscor|Earth Power|p2a: Alomomola
|-damage|p2a: Alomomola|63/100 tox
|move|p2a: Alomomola|Scald|p1a: Gliscor
|-supereffective|p1a: Gliscor
|-damage|p1a: Gliscor|9/100 tox
|
|-heal|p1a: Gliscor|22/100 tox|[from] ability: Poison Heal
|-damage|p2a: Alomomola|50/100 tox|[from] psn
|upkeep
|turn|27
|
|t:|1769385006
|move|p1a: Gliscor|Earth Power|p2a: Alomomola
|-damage|p2a: Alomomola|25/100 tox
|move|p2a: Alomomola|Scald|p1a: Gliscor
|-supereffective|p1a: Gliscor
|-damage|p1a: Gliscor|0 fnt
|faint|p1a: Gliscor
|
|-damage|p2a: Alomomola|7/100 tox|[from] psn
|upkeep
|
|t:|1769385014
|switch|p1a: Rotom|Rotom-Wash|57/100 brn
|-damage|p1a: Rotom|45/100 brn|[from] Stealth Rock
|turn|28
|
|t:|1769385022
|move|p1a: Rotom|Volt Switch|p2a: Alomomola
|-supereffective|p2a: Alomomola
|-damage|p2a: Alomomola|0 fnt
|faint|p2a: Alomomola
|
|-heal|p1a: Rotom|51/100 brn|[from] item: Leftovers
|-damage|p1a: Rotom|45/100 brn|[from] brn
|upkeep
|
|t:|1769385032
|switch|p2a: Umbreon|Umbreon, M|65/100 brn
|-damage|p2a: Umbreon|53/100 brn|[from] Stealth Rock
|turn|29
|
|t:|1769385059
|move|p1a: Rotom|Pain Split|p2a: Umbreon
|-sethp|p2a: Umbreon|44/100 brn|[from] move: Pain Split|[silent]
|-sethp|p1a: Rotom|57/100 brn|[from] move: Pain Split
|move|p2a: Umbreon|Moonlight|p2a: Umbreon
|-heal|p2a: Umbreon|94/100 brn
|
|-heal|p1a: Rotom|63/100 brn|[from] item: Leftovers
|-heal|p2a: Umbreon|99/100 brn|[from] item: Leftovers
|-damage|p1a: Rotom|57/100 brn|[from] brn
|-damage|p2a: Umbreon|94/100 brn|[from] brn
|upkeep
|turn|30
|
|t:|1769385070
|move|p1a: Rotom|Hydro Pump|p2a: Umbreon|[miss]
|-miss|p1a: Rotom|p2a: Umbreon
|move|p2a: Umbreon|Foul Play|p1a: Rotom
|-damage|p1a: Rotom|50/100 brn
|
|-heal|p1a: Rotom|56/100 brn|[from] item: Leftovers
|-heal|p2a: Umbreon|99/100 brn|[from] item: Leftovers
|-damage|p1a: Rotom|50/100 brn|[from] brn
|-damage|p2a: Umbreon|94/100 brn|[from] brn
|upkeep
|turn|31
|
|t:|1769385080
|switch|p2a: Gholdengo|Gholdengo, tera:Fairy|11/100
|-damage|p2a: Gholdengo|0 fnt|[from] Stealth Rock
|faint|p2a: Gholdengo
|move|p1a: Rotom|Hydro Pump|p2: Gholdengo|[notarget]
|-fail|p1a: Rotom
|
|-heal|p1a: Rotom|56/100 brn|[from] item: Leftovers
|-damage|p1a: Rotom|50/100 brn|[from] brn
|upkeep
|
|t:|1769385089
|switch|p2a: Umbreon|Umbreon, M|94/100 brn
|-damage|p2a: Umbreon|81/100 brn|[from] Stealth Rock
|turn|32
|
|t:|1769385100
|move|p1a: Rotom|Hydro Pump|p2a: Umbreon
|-damage|p2a: Umbreon|62/100 brn
|move|p2a: Umbreon|Foul Play|p1a: Rotom
|-damage|p1a: Rotom|43/100 brn
|
|-heal|p1a: Rotom|49/100 brn|[from] item: Leftovers
|-heal|p2a: Umbreon|68/100 brn|[from] item: Leftovers
|-damage|p1a: Rotom|43/100 brn|[from] brn
|-damage|p2a: Umbreon|62/100 brn|[from] brn
|upkeep
|turn|33
|
|t:|1769385109
|move|p1a: Rotom|Pain Split|p2a: Umbreon
|-sethp|p2a: Umbreon|47/100 brn|[from] move: Pain Split|[silent]
|-sethp|p1a: Rotom|62/100 brn|[from] move: Pain Split
|move|p2a: Umbreon|Foul Play|p1a: Rotom
|-damage|p1a: Rotom|55/100 brn
|
|-heal|p1a: Rotom|61/100 brn|[from] item: Leftovers
|-heal|p2a: Umbreon|54/100 brn|[from] item: Leftovers
|-damage|p1a: Rotom|55/100 brn|[from] brn
|-damage|p2a: Umbreon|47/100 brn|[from] brn
|upkeep
|turn|34
|
|t:|1769385123
|move|p1a: Rotom|Volt Switch|p2a: Umbreon
|-damage|p2a: Umbreon|33/100 brn
|move|p2a: Umbreon|Moonlight|p2a: Umbreon
|-heal|p2a: Umbreon|83/100 brn
|
|-heal|p1a: Rotom|61/100 brn|[from] item: Leftovers
|-heal|p2a: Umbreon|90/100 brn|[from] item: Leftovers
|-damage|p1a: Rotom|55/100 brn|[from] brn
|-damage|p2a: Umbreon|83/100 brn|[from] brn
|upkeep
|turn|35
|
|t:|1769385132
|move|p1a: Rotom|Pain Split|p2a: Umbreon
|-sethp|p2a: Umbreon|63/100 brn|[from] move: Pain Split|[silent]
|-sethp|p1a: Rotom|82/100 brn|[from] move: Pain Split
|move|p2a: Umbreon|Foul Play|p1a: Rotom
|-damage|p1a: Rotom|76/100 brn
|
|-heal|p1a: Rotom|82/100 brn|[from] item: Leftovers
|-heal|p2a: Umbreon|69/100 brn|[from] item: Leftovers
|-damage|p1a: Rotom|76/100 brn|[from] brn
|-damage|p2a: Umbreon|63/100 brn|[from] brn
|upkeep
|turn|36
|
|t:|1769385147
|move|p1a: Rotom|Pain Split|p2a: Umbreon
|-sethp|p2a: Umbreon|61/100 brn|[from] move: Pain Split|[silent]
|-sethp|p1a: Rotom|79/100 brn|[from] move: Pain Split
|move|p2a: Umbreon|Foul Play|p1a: Rotom
|-damage|p1a: Rotom|72/100 brn
|
|-heal|p1a: Rotom|78/100 brn|[from] item: Leftovers
|-heal|p2a: Umbreon|67/100 brn|[from] item: Leftovers
|-damage|p1a: Rotom|72/100 brn|[from] brn
|-damage|p2a: Umbreon|61/100 brn|[from] brn
|upkeep
|turn|37
|
|t:|1769385162
|move|p1a: Rotom|Volt Switch|p2a: Umbreon
|-damage|p2a: Umbreon|46/100 brn
|move|p2a: Umbreon|Foul Play|p1a: Rotom
|-damage|p1a: Rotom|66/100 brn
|
|-heal|p1a: Rotom|72/100 brn|[from] item: Leftovers
|-heal|p2a: Umbreon|52/100 brn|[from] item: Leftovers
|-damage|p1a: Rotom|66/100 brn|[from] brn
|-damage|p2a: Umbreon|46/100 brn|[from] brn
|upkeep
|turn|38
|
|t:|1769385172
|move|p1a: Rotom|Volt Switch|p2a: Umbreon
|-damage|p2a: Umbreon|34/100 brn
|move|p2a: Umbreon|Foul Play|p1a: Rotom
|-damage|p1a: Rotom|59/100 brn
|
|-heal|p1a: Rotom|65/100 brn|[from] item: Leftovers
|-heal|p2a: Umbreon|40/100 brn|[from] item: Leftovers
|-damage|p1a: Rotom|59/100 brn|[from] brn
|-damage|p2a: Umbreon|34/100 brn|[from] brn
|upkeep
|turn|39
|
|t:|1769385181
|move|p1a: Rotom|Hydro Pump|p2a: Umbreon
|-damage|p2a: Umbreon|13/100 brn
|move|p2a: Umbreon|Moonlight|p2a: Umbreon
|-heal|p2a: Umbreon|63/100 brn
|
|-heal|p1a: Rotom|65/100 brn|[from] item: Leftovers
|-heal|p2a: Umbreon|69/100 brn|[from] item: Leftovers
|-damage|p1a: Rotom|59/100 brn|[from] brn
|-damage|p2a: Umbreon|63/100 brn|[from] brn
|upkeep
|turn|40
|
|t:|1769385190
|move|p1a: Rotom|Hydro Pump|p2a: Umbreon
|-damage|p2a: Umbreon|43/100 brn
|move|p2a: Umbreon|Foul Play|p1a: Rotom
|-damage|p1a: Rotom|52/100 brn
|
|-heal|p1a: Rotom|58/100 brn|[from] item: Leftovers
|-heal|p2a: Umbreon|49/100 brn|[from] item: Leftovers
|-damage|p1a: Rotom|52/100 brn|[from] brn
|-damage|p2a: Umbreon|43/100 brn|[from] brn
|upkeep
|turn|41
|
|t:|1769385199
|move|p1a: Rotom|Hydro Pump|p2a: Umbreon
|-damage|p2a: Umbreon|23/100 brn
|move|p2a: Umbreon|Moonlight|p2a: Umbreon
|-heal|p2a: Umbreon|73/100 brn
|
|-heal|p1a: Rotom|58/100 brn|[from] item: Leftovers
|-heal|p2a: Umbreon|79/100 brn|[from] item: Leftovers
|-damage|p1a: Rotom|52/100 brn|[from] brn
|-damage|p2a: Umbreon|73/100 brn|[from] brn
|upkeep
|turn|42
|
|t:|1769385211
|move|p1a: Rotom|Volt Switch|p2a: Umbreon
|-damage|p2a: Umbreon|60/100 brn
|move|p2a: Umbreon|Foul Play|p1a: Rotom
|-damage|p1a: Rotom|45/100 brn
|
|-heal|p1a: Rotom|51/100 brn|[from] item: Leftovers
|-heal|p2a: Umbreon|66/100 brn|[from] item: Leftovers
|-damage|p1a: Rotom|45/100 brn|[from] brn
|-damage|p2a: Umbreon|60/100 brn|[from] brn
|upkeep
|turn|43
|
|t:|1769385220
|move|p1a: Rotom|Hydro Pump|p2a: Umbreon|[miss]
|-miss|p1a: Rotom|p2a: Umbreon
|move|p2a: Umbreon|Foul Play|p1a: Rotom
|-damage|p1a: Rotom|38/100 brn
|
|-heal|p1a: Rotom|44/100 brn|[from] item: Leftovers
|-heal|p2a: Umbreon|66/100 brn|[from] item: Leftovers
|-damage|p1a: Rotom|38/100 brn|[from] brn
|-damage|p2a: Umbreon|60/100 brn|[from] brn
|upkeep
|turn|44
|
|t:|1769385232
|move|p1a: Rotom|Volt Switch|p2a: Umbreon
|-damage|p2a: Umbreon|46/100 brn
|move|p2a: Umbreon|Foul Play|p1a: Rotom
|-damage|p1a: Rotom|32/100 brn
|
|-heal|p1a: Rotom|37/100 brn|[from] item: Leftovers
|-heal|p2a: Umbreon|52/100 brn|[from] item: Leftovers
|-damage|p1a: Rotom|32/100 brn|[from] brn
|-damage|p2a: Umbreon|46/100 brn|[from] brn
|upkeep
|turn|45
|
|t:|1769385243
|move|p1a: Rotom|Will-O-Wisp|p2a: Umbreon
|-fail|p2a: Umbreon|brn
|move|p2a: Umbreon|Moonlight|p2a: Umbreon
|-heal|p2a: Umbreon|96/100 brn
|
|-heal|p1a: Rotom|37/100 brn|[from] item: Leftovers
|-heal|p2a: Umbreon|100/100 brn|[from] item: Leftovers
|-damage|p1a: Rotom|32/100 brn|[from] brn
|-damage|p2a: Umbreon|94/100 brn|[from] brn
|upkeep
|turn|46
|
|t:|1769385252
|move|p1a: Rotom|Volt Switch|p2a: Umbreon
|-damage|p2a: Umbreon|82/100 brn
|move|p2a: Umbreon|Foul Play|p1a: Rotom
|-damage|p1a: Rotom|25/100 brn
|
|-heal|p1a: Rotom|31/100 brn|[from] item: Leftovers
|-heal|p2a: Umbreon|88/100 brn|[from] item: Leftovers
|-damage|p1a: Rotom|25/100 brn|[from] brn
|-damage|p2a: Umbreon|82/100 brn|[from] brn
|upkeep
|turn|47
|
|t:|1769385263
|move|p1a: Rotom|Pain Split|p2a: Umbreon
|-sethp|p2a: Umbreon|51/100 brn|[from] move: Pain Split|[silent]
|-sethp|p1a: Rotom|66/100 brn|[from] move: Pain Split
|move|p2a: Umbreon|Foul Play|p1a: Rotom
|-damage|p1a: Rotom|60/100 brn
|
|-heal|p1a: Rotom|66/100 brn|[from] item: Leftovers
|-heal|p2a: Umbreon|57/100 brn|[from] item: Leftovers
|-damage|p1a: Rotom|60/100 brn|[from] brn
|-damage|p2a: Umbreon|51/100 brn|[from] brn
|upkeep
|turn|48
|
|t:|1769385273
|move|p1a: Rotom|Volt Switch|p2a: Umbreon
|-damage|p2a: Umbreon|37/100 brn
|move|p2a: Umbreon|Moonlight|p2a: Umbreon
|-heal|p2a: Umbreon|87/100 brn
|
|-heal|p1a: Rotom|66/100 brn|[from] item: Leftovers
|-heal|p2a: Umbreon|93/100 brn|[from] item: Leftovers
|-damage|p1a: Rotom|60/100 brn|[from] brn
|-damage|p2a: Umbreon|87/100 brn|[from] brn
|upkeep
|turn|49
|
|t:|1769385285
|move|p1a: Rotom|Volt Switch|p2a: Umbreon
|-damage|p2a: Umbreon|73/100 brn
|move|p2a: Umbreon|Thunder Wave||[still]
|-fail|p2a: Umbreon
|
|-heal|p1a: Rotom|66/100 brn|[from] item: Leftovers
|-heal|p2a: Umbreon|79/100 brn|[from] item: Leftovers
|-damage|p1a: Rotom|60/100 brn|[from] brn
|-damage|p2a: Umbreon|73/100 brn|[from] brn
|upkeep
|turn|50
|
|t:|1769385299
|move|p1a: Rotom|Volt Switch|p2a: Umbreon
|-damage|p2a: Umbreon|61/100 brn
|move|p2a: Umbreon|Thunder Wave||[still]
|-fail|p2a: Umbreon
|
|-heal|p1a: Rotom|66/100 brn|[from] item: Leftovers
|-heal|p2a: Umbreon|67/100 brn|[from] item: Leftovers
|-damage|p1a: Rotom|60/100 brn|[from] brn
|-damage|p2a: Umbreon|61/100 brn|[from] brn
|upkeep
|turn|51
|
|t:|1769385307
|move|p1a: Rotom|Volt Switch|p2a: Umbreon
|-damage|p2a: Umbreon|49/100 brn
|move|p2a: Umbreon|Thunder Wave||[still]
|-fail|p2a: Umbreon
|
|-heal|p1a: Rotom|66/100 brn|[from] item: Leftovers
|-heal|p2a: Umbreon|55/100 brn|[from] item: Leftovers
|-damage|p1a: Rotom|60/100 brn|[from] brn
|-damage|p2a: Umbreon|49/100 brn|[from] brn
|upkeep
|turn|52
|
|t:|1769385316
|move|p1a: Rotom|Volt Switch|p2a: Umbreon
|-damage|p2a: Umbreon|36/100 brn
|move|p2a: Umbreon|Moonlight|p2a: Umbreon
|-heal|p2a: Umbreon|86/100 brn
|
|-heal|p1a: Rotom|66/100 brn|[from] item: Leftovers
|-heal|p2a: Umbreon|92/100 brn|[from] item: Leftovers
|-damage|p1a: Rotom|60/100 brn|[from] brn
|-damage|p2a: Umbreon|86/100 brn|[from] brn
|upkeep
|turn|53
|
|t:|1769385325
|move|p1a: Rotom|Volt Switch|p2a: Umbreon
|-damage|p2a: Umbreon|74/100 brn
|move|p2a: Umbreon|Thunder Wave||[still]
|-fail|p2a: Umbreon
|
|-heal|p1a: Rotom|66/100 brn|[from] item: Leftovers
|-heal|p2a: Umbreon|80/100 brn|[from] item: Leftovers
|-damage|p1a: Rotom|60/100 brn|[from] brn
|-damage|p2a: Umbreon|74/100 brn|[from] brn
|upkeep
|turn|54
|
|t:|1769385333
|move|p1a: Rotom|Volt Switch|p2a: Umbreon
|-damage|p2a: Umbreon|60/100 brn
|move|p2a: Umbreon|Thunder Wave||[still]
|-fail|p2a: Umbreon
|
|-heal|p1a: Rotom|66/100 brn|[from] item: Leftovers
|-heal|p2a: Umbreon|66/100 brn|[from] item: Leftovers
|-damage|p1a: Rotom|60/100 brn|[from] brn
|-damage|p2a: Umbreon|60/100 brn|[from] brn
|upkeep
|turn|55
|
|t:|1769385342
|move|p1a: Rotom|Volt Switch|p2a: Umbreon
|-damage|p2a: Umbreon|48/100 brn
|move|p2a: Umbreon|Thunder Wave||[still]
|-fail|p2a: Umbreon
|
|-heal|p1a: Rotom|66/100 brn|[from] item: Leftovers
|-heal|p2a: Umbreon|54/100 brn|[from] item: Leftovers
|-damage|p1a: Rotom|60/100 brn|[from] brn
|-damage|p2a: Umbreon|48/100 brn|[from] brn
|upkeep
|turn|56
|
|t:|1769385350
|move|p1a: Rotom|Volt Switch|p2a: Umbreon
|-damage|p2a: Umbreon|36/100 brn
|move|p2a: Umbreon|Moonlight|p2a: Umbreon
|-heal|p2a: Umbreon|86/100 brn
|
|-heal|p1a: Rotom|66/100 brn|[from] item: Leftovers
|-heal|p2a: Umbreon|92/100 brn|[from] item: Leftovers
|-damage|p1a: Rotom|60/100 brn|[from] brn
|-damage|p2a: Umbreon|86/100 brn|[from] brn
|upkeep
|turn|57
|
|t:|1769385360
|move|p1a: Rotom|Volt Switch|p2a: Umbreon
|-damage|p2a: Umbreon|72/100 brn
|move|p2a: Umbreon|Foul Play|p1a: Rotom
|-damage|p1a: Rotom|53/100 brn
|
|-heal|p1a: Rotom|59/100 brn|[from] item: Leftovers
|-heal|p2a: Umbreon|78/100 brn|[from] item: Leftovers
|-damage|p1a: Rotom|53/100 brn|[from] brn
|-damage|p2a: Umbreon|72/100 brn|[from] brn
|upkeep
|turn|58
|
|t:|1769385369
|move|p1a: Rotom|Volt Switch|p2a: Umbreon
|-damage|p2a: Umbreon|58/100 brn
|move|p2a: Umbreon|Foul Play|p1a: Rotom
|-damage|p1a: Rotom|46/100 brn
|
|-heal|p1a: Rotom|52/100 brn|[from] item: Leftovers
|-heal|p2a: Umbreon|64/100 brn|[from] item: Leftovers
|-damage|p1a: Rotom|46/100 brn|[from] brn
|-damage|p2a: Umbreon|58/100 brn|[from] brn
|upkeep
|turn|59
|
|t:|1769385378
|move|p1a: Rotom|Volt Switch|p2a: Umbreon
|-damage|p2a: Umbreon|45/100 brn
|move|p2a: Umbreon|Foul Play|p1a: Rotom
|-damage|p1a: Rotom|40/100 brn
|
|-heal|p1a: Rotom|46/100 brn|[from] item: Leftovers
|-heal|p2a: Umbreon|51/100 brn|[from] item: Leftovers
|-damage|p1a: Rotom|40/100 brn|[from] brn
|-damage|p2a: Umbreon|45/100 brn|[from] brn
|upkeep
|turn|60
|
|t:|1769385387
|move|p1a: Rotom|Volt Switch|p2a: Umbreon
|-damage|p2a: Umbreon|31/100 brn
|move|p2a: Umbreon|Foul Play|p1a: Rotom
|-damage|p1a: Rotom|33/100 brn
|
|-heal|p1a: Rotom|39/100 brn|[from] item: Leftovers
|-heal|p2a: Umbreon|37/100 brn|[from] item: Leftovers
|-damage|p1a: Rotom|33/100 brn|[from] brn
|-damage|p2a: Umbreon|31/100 brn|[from] brn
|upkeep
|turn|61
|
|t:|1769385396
|move|p1a: Rotom|Volt Switch|p2a: Umbreon
|-damage|p2a: Umbreon|18/100 brn
|move|p2a: Umbreon|Foul Play|p1a: Rotom
|-damage|p1a: Rotom|26/100 brn
|
|-heal|p1a: Rotom|32/100 brn|[from] item: Leftovers
|-heal|p2a: Umbreon|24/100 brn|[from] item: Leftovers
|-damage|p1a: Rotom|26/100 brn|[from] brn
|-damage|p2a: Umbreon|18/100 brn|[from] brn
|upkeep
|turn|62
|
|t:|1769385405
|move|p1a: Rotom|Volt Switch|p2a: Umbreon
|-crit|p2a: Umbreon
|-damage|p2a: Umbreon|0 fnt
|faint|p2a: Umbreon
|
|win|scascsas
|raw|scascsas's rating: 1000 &rarr; <strong>1040</strong><br />(+40 for winning)
|raw|amartianbecauseyes's rating: 1000 &rarr; <strong>1000</strong><br />(+0 for losing)
|l|☆scascsas
|player|p1|
