|j|☆G_Enthusiast
|j|☆Sensig
|t:|1769444070
|gametype|singles
|player|p1|G_Enthusiast|2|1387
|player|p2|Sensig|1|1357
|gen|9
|tier|[Gen 9] OU
|rated|
|rule|HP Percentage Mod: HP is shown in percentages
|rule|Endless Battle Clause: Forcing endless battles is banned
|rule|Species Clause: Limit one of each Pokémon
|rule|OHKO Clause: OHKO moves are banned
|rule|Evasion Items Clause: Evasion items are banned
|rule|Evasion Moves Clause: Evasion moves are banned
|rule|Evasion Abilities Clause: Evasion abilities are banned
|rule|Sleep Moves Clause: Sleep-inducing moves are banned
|clearpoke
|poke|p1|Lucario, F|
|poke|p1|Charizard, F|
|poke|p1|Greninja-*, M|
|poke|p1|Blastoise, M|
|poke|p1|Venusaur, M|
|poke|p1|Dragonite, M|
|poke|p2|Ogerpon-Wellspring, F|
|poke|p2|Ting-Lu|
|poke|p2|Scizor, F|
|poke|p2|Slowking-Galar, F|
|poke|p2|Zoroark-Hisui, F|
|poke|p2|Moltres|
|teampreview
|
|t:|1769444082
|teamsize|p1|6
|teamsize|p2|6
|start
|switch|p1a: Blastoise|Blastoise, M|100/100
|switch|p2a: Ting-Lu|Ting-Lu|100/100
|-ability|p2a: Ting-Lu|Vessel of Ruin
|turn|1
|
|t:|1769444091
|move|p1a: Blastoise|Shell Smash|p1a: Blastoise
|-unboost|p1a: Blastoise|def|1
|-unboost|p1a: Blastoise|spd|1
|-boost|p1a: Blastoise|atk|2
|-boost|p1a: Blastoise|spa|2
|-boost|p1a: Blastoise|spe|2
|move|p2a: Ting-Lu|Whirlwind|p1a: Blastoise
|drag|p1a: Charizard|Charizard, F|100/100
|
|upkeep
|turn|2
|
|t:|1769444100
|move|p1a: Charizard|Focus Blast|p2a: Ting-Lu|[miss]
|-miss|p1a: Charizard|p2a: Ting-Lu
|move|p2a: Ting-Lu|Stealth Rock|p1a: Charizard
|-sidestart|p1: G_Enthusiast|move: Stealth Rock
|
|upkeep
|turn|3
|
|t:|1769444106
|switch|p2a: Moltres|Moltres, shiny|100/100
|move|p1a: Charizard|Focus Blast|p2a: Moltres
|-immune|p2a: Moltres
|
|upkeep
|turn|4
|
|t:|1769444112
|move|p2a: Moltres|Trick|p1a: Charizard
|-activate|p2a: Moltres|move: Trick|[of] p1a: Charizard
|-item|p1a: Charizard|Choice Scarf|[from] move: Trick
|-item|p2a: Moltres|Heavy-Duty Boots|[from] move: Trick
|move|p1a: Charizard|Hurricane|p2a: Moltres|[miss]
|-miss|p1a: Charizard|p2a: Moltres
|
|upkeep
|turn|5
|
|t:|1769444121
|switch|p2a: Ting-Lu|Ting-Lu|100/100
|-ability|p2a: Ting-Lu|Vessel of Ruin
|move|p1a: Charizard|Hurricane|p2a: Ting-Lu|[miss]
|-miss|p1a: Charizard|p2a: Ting-Lu
|
|upkeep
|turn|6
|inactive|Battle timer is ON: inactive players will automatically lose when time's up. (requested by Sensig)
|
|t:|1769444128
|move|p1a: Charizard|Hurricane|p2a: Ting-Lu|[miss]
|-miss|p1a: Charizard|p2a: Ting-Lu
|move|p2a: Ting-Lu|Ruination|p1a: Charizard
|-damage|p1a: Charizard|51/100
|
|upkeep
|turn|7
|
|t:|1769444133
|move|p1a: Charizard|Hurricane|p2a: Ting-Lu
|-damage|p2a: Ting-Lu|76/100
|move|p2a: Ting-Lu|Ruination|p1a: Charizard
|-damage|p1a: Charizard|26/100
|
|-heal|p2a: Ting-Lu|82/100|[from] item: Leftovers
|upkeep
|turn|8
|
|t:|1769444141
|move|p1a: Charizard|Hurricane|p2a: Ting-Lu
|-crit|p2a: Ting-Lu
|-damage|p2a: Ting-Lu|44/100
|move|p2a: Ting-Lu|Whirlwind|p1a: Charizard
|drag|p1a: Lucario|Lucario, F, shiny|100/100
|-damage|p1a: Lucario|98/100|[from] Stealth Rock
|
|-heal|p2a: Ting-Lu|50/100|[from] item: Leftovers
|upkeep
|turn|9
|
|t:|1769444155
|switch|p2a: Slowking|Slowking-Galar, F|100/100
|move|p1a: Lucario|Ice Punch|p2a: Slowking
|-damage|p2a: Slowking|76/100
|-damage|p1a: Lucario|88/100|[from] item: Life Orb
|
|-heal|p2a: Slowking|82/100|[from] item: Black Sludge
|upkeep
|turn|10
|
|t:|1769444163
|move|p1a: Lucario|Crunch|p2a: Slowking
|-supereffective|p2a: Slowking
|-damage|p2a: Slowking|32/100
|-damage|p1a: Lucario|78/100|[from] item: Life Orb
|move|p2a: Slowking|Thunder Wave|p1a: Lucario
|-status|p1a: Lucario|par
|
|-heal|p2a: Slowking|39/100|[from] item: Black Sludge
|upkeep
|turn|11
|
|t:|1769444178
|switch|p2a: Ting-Lu|Ting-Lu|50/100
|-ability|p2a: Ting-Lu|Vessel of Ruin
|move|p1a: Lucario|High Jump Kick|p2a: Ting-Lu
|-supereffective|p2a: Ting-Lu
|-damage|p2a: Ting-Lu|0 fnt
|faint|p2a: Ting-Lu
|-damage|p1a: Lucario|68/100 par|[from] item: Life Orb
|
|upkeep
|
|t:|1769444192
|switch|p2a: Moltres|Moltres, shiny|100/100
|turn|12
|
|t:|1769444198
|move|p2a: Moltres|Flamethrower|p1a: Lucario
|-supereffective|p1a: Lucario
|-damage|p1a: Lucario|0 fnt
|faint|p1a: Lucario
|
|upkeep
|
|t:|1769444205
|switch|p1a: Greninja|Greninja, M|100/100
|-damage|p1a: Greninja|88/100|[from] Stealth Rock
|turn|13
|
|t:|1769444211
|switch|p2a: Ogerpon|Ogerpon-Wellspring, F|100/100
|move|p1a: Greninja|Dark Pulse|p2a: Ogerpon
|-damage|p2a: Ogerpon|51/100
|-damage|p1a: Greninja|78/100|[from] item: Life Orb
|
|upkeep
|turn|14
|
|t:|1769444225
|-terastallize|p2a: Ogerpon|Water
|detailschange|p2a: Ogerpon|Ogerpon-Wellspring-Tera, F, tera:Water
|-ability|p2a: Ogerpon|Embody Aspect (Wellspring)|boost
|-boost|p2a: Ogerpon|spd|1
|move|p1a: Greninja|Dark Pulse|p2a: Ogerpon
|-damage|p2a: Ogerpon|16/100
|-damage|p1a: Greninja|69/100|[from] item: Life Orb
|move|p2a: Ogerpon|Synthesis|p2a: Ogerpon
|-heal|p2a: Ogerpon|66/100
|
|upkeep
|turn|15
|
|t:|1769444236
|switch|p1a: Venusaur|Venusaur, M|100/100
|-damage|p1a: Venusaur|88/100|[from] Stealth Rock
|move|p2a: Ogerpon|Play Rough|p1a: Venusaur
|-resisted|p1a: Venusaur
|-damage|p1a: Venusaur|63/100
|
|-heal|p1a: Venusaur|69/100|[from] item: Leftovers
|upkeep
|turn|16
|
|t:|1769444245
|switch|p2a: Slowking|Slowking-Galar, F|72/100
|move|p1a: Venusaur|Sludge Bomb|p2a: Slowking
|-resisted|p2a: Slowking
|-crit|p2a: Slowking
|-damage|p2a: Slowking|50/100
|
|-heal|p1a: Venusaur|75/100|[from] item: Leftovers
|-heal|p2a: Slowking|56/100|[from] item: Black Sludge
|upkeep
|turn|17
|
|t:|1769444254
|move|p1a: Venusaur|Earth Power|p2a: Slowking
|-supereffective|p2a: Slowking
|-damage|p2a: Slowking|11/100
|-prepare|p2a: Slowking|Chilly Reception|[premajor]
|move|p2a: Slowking|Chilly Reception|p2a: Slowking
|-weather|Snowscape
|
|t:|1769444261
|switch|p2a: Moltres|Moltres, shiny|100/100|[from] Chilly Reception
|
|-weather|Snowscape|[upkeep]
|-heal|p1a: Venusaur|81/100|[from] item: Leftovers
|upkeep
|turn|18
|
|t:|1769444270
|move|p1a: Venusaur|Sludge Bomb|p2a: Moltres
|-damage|p2a: Moltres|59/100
|-status|p2a: Moltres|psn
|move|p2a: Moltres|Will-O-Wisp|p1a: Venusaur
|-status|p1a: Venusaur|brn
|
|-weather|Snowscape|[upkeep]
|-heal|p1a: Venusaur|87/100 brn|[from] item: Leftovers
|-damage|p2a: Moltres|46/100 psn|[from] psn
|-damage|p1a: Venusaur|81/100 brn|[from] brn
|upkeep
|turn|19
|
|t:|1769444289
|switch|p2a: Scizor|Scizor, F, shiny|100/100
|move|p1a: Venusaur|Giga Drain|p2a: Scizor
|-resisted|p2a: Scizor
|-damage|p2a: Scizor|90/100
|-heal|p1a: Venusaur|87/100 brn|[from] drain|[of] p2a: Scizor
|
|-weather|Snowscape|[upkeep]
|-heal|p1a: Venusaur|93/100 brn|[from] item: Leftovers
|-damage|p1a: Venusaur|87/100 brn|[from] brn
|upkeep
|turn|20
|
|t:|1769444298
|move|p1a: Venusaur|Earth Power|p2a: Scizor
|-damage|p2a: Scizor|53/100
|-unboost|p2a: Scizor|spd|1
|move|p2a: Scizor|Knock Off|p1a: Venusaur
|-damage|p1a: Venusaur|14/100 brn
|-enditem|p1a: Venusaur|Leftovers|[from] move: Knock Off|[of] p2a: Scizor
|
|-weather|Snowscape|[upkeep]
|-damage|p1a: Venusaur|8/100 brn|[from] brn
|upkeep
|turn|21
|
|t:|1769444316
|switch|p2a: Ogerpon|Ogerpon-Wellspring-Tera, F, tera:Water|66/100
|-ability|p2a: Ogerpon|Embody Aspect (Wellspring)|boost
|-boost|p2a: Ogerpon|spd|1
|move|p1a: Venusaur|Giga Drain|p2a: Ogerpon
|-supereffective|p2a: Ogerpon
|-damage|p2a: Ogerpon|0 fnt
|-heal|p1a: Venusaur|42/100 brn|[from] drain|[of] p2a: Ogerpon
|faint|p2a: Ogerpon
|detailschange|p2: Ogerpon|Ogerpon-Wellspring, F|[silent]
|
|-weather|none
|-damage|p1a: Venusaur|36/100 brn|[from] brn
|upkeep
|
|t:|1769444322
|switch|p2a: Scizor|Scizor, F, shiny|53/100
|turn|22
|
|t:|1769444329
|move|p2a: Scizor|Bullet Punch|p1a: Venusaur
|-damage|p1a: Venusaur|0 fnt
|faint|p1a: Venusaur
|
|upkeep
|
|t:|1769444333
|switch|p1a: Charizard|Charizard, F|26/100
|-damage|p1a: Charizard|0 fnt|[from] Stealth Rock
|faint|p1a: Charizard
|
|t:|1769444345
|switch|p1a: Greninja|Greninja, M|69/100
|-damage|p1a: Greninja|56/100|[from] Stealth Rock
|turn|23
|
|t:|1769444353
|move|p2a: Scizor|Bullet Punch|p1a: Greninja
|-resisted|p1a: Greninja
|-damage|p1a: Greninja|15/100
|move|p1a: Greninja|Surf|p2a: Scizor
|-damage|p2a: Scizor|0 fnt
|faint|p2a: Scizor
|-ability|p1a: Greninja|Battle Bond|boost
|-boost|p1a: Greninja|atk|1
|-boost|p1a: Greninja|spa|1
|-boost|p1a: Greninja|spe|1
|-activate|p1a: Greninja|ability: Battle Bond
|-damage|p1a: Greninja|5/100|[from] item: Life Orb
|
|upkeep
|-message|Sensig forfeited.
|
|win|G_Enthusiast
|raw|G_Enthusiast's rating: 1387 &rarr; <strong>1405</strong><br />(+18 for winning)
|raw|Sensig's rating: 1357 &rarr; <strong>1339</strong><br />(-18 for losing)
|l|☆Sensig
|player|p2|
|c|☆G_Enthusiast|gg
|l|☆G_Enthusiast
|player|p1|
