|j|☆big_beatle
|j|☆pbnk
|t:|1769303476
|gametype|singles
|player|p1|big_beatle|brawly|
|player|p2|pbnk|birdkeeper-gen4dp|
|gen|9
|tier|[Gen 9] OU
|rule|HP Percentage Mod: HP is shown in percentages
|rule|Endless Battle Clause: Forcing endless battles is banned
|rule|Species Clause: Limit one of each Pokémon
|rule|OHKO Clause: OHKO moves are banned
|rule|Evasion Items Clause: Evasion items are banned
|rule|Evasion Moves Clause: Evasion moves are banned
|rule|Evasion Abilities Clause: Evasion abilities are banned
|rule|Sleep Moves Clause: Sleep-inducing moves are banned
|clearpoke
|poke|p1|Pelipper, F|
|poke|p1|Kingambit, F|
|poke|p1|Floatzel, F|
|poke|p1|Rillaboom, F|
|poke|p1|Latias, F|
|poke|p1|Alomomola, F|
|poke|p2|Pelipper, M|
|poke|p2|Glimmora, F|
|poke|p2|Tornadus-Therian, M|
|poke|p2|Rillaboom, M|
|poke|p2|Slowking-Galar, M|
|poke|p2|Walking Wake|
|teampreview
|inactive|Battle timer is ON: inactive players will automatically lose when time's up. (requested by big_beatle)
|j| BoodleBoy
|c|☆big_beatle|> spiderman pointing meme
|inactiveoff|Battle timer is now OFF.
|j| D2uo
|c|☆pbnk|cheering and clapping
|
|t:|1769303646
|teamsize|p1|6
|teamsize|p2|6
|start
|switch|p1a: Big Red Gum|Latias, F|100/100
|switch|p2a: they were made|Tornadus-Therian, M, shiny|100/100
|turn|1
|
|t:|1769303692
|move|p2a: they were made|Knock Off|p1a: Big Red Gum
|-supereffective|p1a: Big Red Gum
|-damage|p1a: Big Red Gum|70/100
|-enditem|p1a: Big Red Gum|Weakness Policy
|-boost|p1a: Big Red Gum|atk|2|[from] item: Weakness Policy
|-boost|p1a: Big Red Gum|spa|2|[from] item: Weakness Policy
|move|p1a: Big Red Gum|Agility|p1a: Big Red Gum
|-boost|p1a: Big Red Gum|spe|2
|
|upkeep
|turn|2
|
|t:|1769303721
|switch|p2a: aren't homemade|Glimmora, F|100/100
|move|p1a: Big Red Gum|Stored Power|p2a: aren't homemade
|-supereffective|p2a: aren't homemade
|-damage|p2a: aren't homemade|0 fnt
|faint|p2a: aren't homemade
|
|upkeep
|j| PlotBnuy
|c| PlotBnuy|it is time to click buttons
|
|t:|1769303760
|switch|p2a: They're bombs.|Walking Wake|100/100
|-enditem|p2a: They're bombs.|Booster Energy
|-activate|p2a: They're bombs.|ability: Protosynthesis|[fromitem]
|-start|p2a: They're bombs.|protosynthesisspa
|turn|3
|
|t:|1769303786
|-terastallize|p2a: They're bombs.|Fairy
|move|p1a: Big Red Gum|Stored Power|p2a: They're bombs.
|-damage|p2a: They're bombs.|0 fnt
|faint|p2a: They're bombs.
|-end|p2a: They're bombs.|Protosynthesis|[silent]
|
|upkeep
|
|t:|1769303808
|switch|p2a: A bomb factory.|Slowking-Galar, M, shiny|100/100
|turn|4
|
|t:|1769303890
|move|p1a: Big Red Gum|Stored Power|p2a: A bomb factory.
|-damage|p2a: A bomb factory.|21/100
|-enditem|p2a: A bomb factory.|Eject Button
|
|t:|1769303927
|switch|p2a: in a factory.|Rillaboom, M|100/100
|-fieldstart|move: Grassy Terrain|[from] ability: Grassy Surge|[of] p2a: in a factory.
|
|upkeep
|turn|5
|
|t:|1769303935
|move|p2a: in a factory.|Grassy Glide|p1a: Big Red Gum
|-resisted|p1a: Big Red Gum
|-damage|p1a: Big Red Gum|47/100
|-damage|p2a: in a factory.|91/100|[from] item: Life Orb
|move|p1a: Big Red Gum|Stored Power|p2a: in a factory.
|-damage|p2a: in a factory.|0 fnt
|faint|p2a: in a factory.
|
|upkeep
|
|t:|1769303981
|switch|p2a: they were made|Tornadus-Therian, M, shiny|100/100
|turn|6
|
|t:|1769303986
|move|p1a: Big Red Gum|Stored Power|p2a: they were made
|-damage|p2a: they were made|26/100
|move|p2a: they were made|U-turn|p1a: Big Red Gum
|-supereffective|p1a: Big Red Gum
|-damage|p1a: Big Red Gum|25/100
|
|t:|1769303994
|switch|p2a: A bomb factory.|Slowking-Galar, M, shiny|54/100|[from] U-turn
|
|-heal|p2a: A bomb factory.|60/100|[from] Grassy Terrain
|upkeep
|turn|7
|
|t:|1769304002
|switch|p2a: Oh these pies|Pelipper, M|100/100
|-weather|RainDance|[from] ability: Drizzle|[of] p2a: Oh these pies
|move|p1a: Big Red Gum|Stored Power|p2a: Oh these pies
|-damage|p2a: Oh these pies|0 fnt
|faint|p2a: Oh these pies
|
|-weather|RainDance|[upkeep]
|upkeep
|
|t:|1769304012
|switch|p2a: A bomb factory.|Slowking-Galar, M, shiny|94/100
|turn|8
|
|t:|1769304041
|move|p1a: Big Red Gum|Calm Mind|p1a: Big Red Gum
|-boost|p1a: Big Red Gum|spa|1
|-boost|p1a: Big Red Gum|spd|1
|move|p2a: A bomb factory.|Sludge Bomb|p1a: Big Red Gum
|-damage|p1a: Big Red Gum|10/100
|-status|p1a: Big Red Gum|psn
|
|-weather|RainDance|[upkeep]
|-heal|p2a: A bomb factory.|99/100|[from] Grassy Terrain
|-damage|p1a: Big Red Gum|0 fnt|[from] psn
|faint|p1a: Big Red Gum
|-fieldend|move: Grassy Terrain
|upkeep
|
|t:|1769304053
|switch|p1a: Ctrl+Alt|Floatzel, F|100/100
|turn|9
|j| halogenpkmn
|
|t:|1769304071
|-terastallize|p1a: Ctrl+Alt|Water
|move|p1a: Ctrl+Alt|Wave Crash|p2a: A bomb factory.
|-damage|p2a: A bomb factory.|0 fnt
|faint|p2a: A bomb factory.
|-damage|p1a: Ctrl+Alt|59/100|[from] Recoil
|
|-weather|RainDance|[upkeep]
|upkeep
|
|t:|1769304078
|switch|p2a: they were made|Tornadus-Therian, M, shiny|59/100
|turn|10
|c| halogenpkmn|they were in fact, made
|
|t:|1769304097
|move|p1a: Ctrl+Alt|Wave Crash|p2a: they were made
|-damage|p2a: they were made|0 fnt
|faint|p2a: they were made
|-damage|p1a: Ctrl+Alt|37/100|[from] Recoil
|
|win|big_beatle
|c|☆big_beatle|I got the replay
|c|☆pbnk|i got to play my funny team
|l| halogenpkmn
|l| D2uo
