|j|☆mokkai
|j|☆Platypuzzled
|t:|1769318623
|gametype|singles
|player|p1|mokkai|2|1169
|player|p2|Platypuzzled|burglar-lgpe|1176
|gen|9
|tier|[Gen 9] OU
|rated|
|rule|HP Percentage Mod: HP is shown in percentages
|rule|Endless Battle Clause: Forcing endless battles is banned
|rule|Species Clause: Limit one of each Pokémon
|rule|OHKO Clause: OHKO moves are banned
|rule|Evasion Items Clause: Evasion items are banned
|rule|Evasion Moves Clause: Evasion moves are banned
|rule|Evasion Abilities Clause: Evasion abilities are banned
|rule|Sleep Moves Clause: Sleep-inducing moves are banned
|clearpoke
|poke|p1|Scream Tail|
|poke|p1|Dragapult, M|
|poke|p1|Quaquaval, F|
|poke|p1|Sandy Shocks|
|poke|p1|Garganacl, F|
|poke|p1|Glimmora, F|
|poke|p2|Samurott-Hisui, F|
|poke|p2|Corviknight, F|
|poke|p2|Muk-Alola, F|
|poke|p2|Kommo-o, M|
|poke|p2|Sandy Shocks|
|poke|p2|Cramorant, M|
|teampreview
|inactive|Battle timer is ON: inactive players will automatically lose when time's up. (requested by mokkai)
|c|☆Platypuzzled|glhf
|
|t:|1769318646
|teamsize|p1|6
|teamsize|p2|6
|start
|switch|p1a: Scream Tail|Scream Tail|100/100
|switch|p2a: Polycule|Sandy Shocks|100/100
|-enditem|p2a: Polycule|Booster Energy
|-activate|p2a: Polycule|ability: Protosynthesis|[fromitem]
|-start|p2a: Polycule|protosynthesisspe
|turn|1
|
|t:|1769318657
|move|p2a: Polycule|Thunderbolt|p1a: Scream Tail
|-damage|p1a: Scream Tail|73/100
|move|p1a: Scream Tail|Light Screen|p1a: Scream Tail
|-sidestart|p1: mokkai|move: Light Screen
|
|upkeep
|turn|2
|c|☆mokkai|Glhf
|inactive|Platypuzzled has 120 seconds left.
|
|t:|1769318700
|-end|p1a: Scream Tail|Protosynthesis|[silent]
|switch|p1a: Sandy Shocks|Sandy Shocks|100/100
|-enditem|p1a: Sandy Shocks|Booster Energy
|-activate|p1a: Sandy Shocks|ability: Protosynthesis|[fromitem]
|-start|p1a: Sandy Shocks|protosynthesisspa
|move|p2a: Polycule|Stealth Rock|p1a: Sandy Shocks
|-sidestart|p1: mokkai|move: Stealth Rock
|
|upkeep
|turn|3
|
|t:|1769318713
|-terastallize|p1a: Sandy Shocks|Ice
|move|p2a: Polycule|Earth Power|p1a: Sandy Shocks
|-damage|p1a: Sandy Shocks|75/100
|move|p1a: Sandy Shocks|Tera Blast|p2a: Polycule|[anim] Tera Blast Ice
|-supereffective|p2a: Polycule
|-damage|p2a: Polycule|0 fnt
|faint|p2a: Polycule
|-end|p2a: Polycule|Protosynthesis|[silent]
|
|upkeep
|inactive|Platypuzzled has 120 seconds left.
|inactive|Platypuzzled has 90 seconds left.
|inactive|Platypuzzled has 60 seconds left.
|
|t:|1769318791
|switch|p2a: Wet Dog|Samurott-Hisui, F|100/100
|turn|4
|
|t:|1769318796
|move|p1a: Sandy Shocks|Thunderbolt|p2a: Wet Dog
|-supereffective|p2a: Wet Dog
|-enditem|p2a: Wet Dog|Focus Sash
|-damage|p2a: Wet Dog|1/100
|move|p2a: Wet Dog|Aqua Cutter|p1a: Sandy Shocks
|-damage|p1a: Sandy Shocks|17/100
|
|upkeep
|turn|5
|inactive|Platypuzzled has 60 seconds left.
|
|t:|1769318818
|-end|p1a: Sandy Shocks|Protosynthesis|[silent]
|switch|p1a: Glimmora|Glimmora, F|100/100
|-damage|p1a: Glimmora|88/100|[from] Stealth Rock
|move|p2a: Wet Dog|Aqua Jet|p1a: Glimmora
|-supereffective|p1a: Glimmora
|-damage|p1a: Glimmora|43/100
|-activate|p1a: Glimmora|ability: Toxic Debris
|-sidestart|p2: Platypuzzled|move: Toxic Spikes
|
|upkeep
|turn|6
|
|t:|1769318827
|move|p1a: Glimmora|Spiky Shield|p1a: Glimmora
|-singleturn|p1a: Glimmora|move: Protect
|move|p2a: Wet Dog|Aqua Cutter|p1a: Glimmora
|-activate|p1a: Glimmora|move: Protect
|
|upkeep
|turn|7
|inactive|Platypuzzled has 60 seconds left.
|inactive|Platypuzzled has 30 seconds left.
|
|t:|1769318870
|move|p1a: Glimmora|Mortal Spin|p2a: Wet Dog
|-damage|p2a: Wet Dog|0 fnt
|-sideend|p1: mokkai|Stealth Rock|[from] move: Mortal Spin|[of] p1a: Glimmora
|faint|p2a: Wet Dog
|
|upkeep
|
|t:|1769318872
|switch|p2a: Slop|Muk-Alola, F|100/100
|-sideend|p2: Platypuzzled|move: Toxic Spikes|[of] p2a: Slop
|turn|8
|
|t:|1769318896
|move|p1a: Glimmora|Meteor Beam||[still]
|-prepare|p1a: Glimmora|Meteor Beam
|-boost|p1a: Glimmora|spa|1
|-enditem|p1a: Glimmora|Power Herb
|-anim|p1a: Glimmora|Meteor Beam|p2a: Slop
|-damage|p2a: Slop|58/100
|move|p2a: Slop|Knock Off|p1a: Glimmora
|-damage|p1a: Glimmora|13/100
|-activate|p1a: Glimmora|ability: Toxic Debris
|-sidestart|p2: Platypuzzled|move: Toxic Spikes
|
|-sideend|p1: mokkai|move: Light Screen
|upkeep
|turn|9
|inactive|mokkai has 120 seconds left.
|
|t:|1769318916
|move|p1a: Glimmora|Meteor Beam||[still]
|-prepare|p1a: Glimmora|Meteor Beam
|-boost|p1a: Glimmora|spa|1
|move|p2a: Slop|Drain Punch|p1a: Glimmora
|-crit|p1a: Glimmora
|-damage|p1a: Glimmora|0 fnt
|-heal|p2a: Slop|63/100|[from] drain|[of] p1a: Glimmora
|-activate|p1a: Glimmora|ability: Toxic Debris
|-sidestart|p2: Platypuzzled|move: Toxic Spikes
|faint|p1a: Glimmora
|
|upkeep
|inactive|mokkai has 120 seconds left.
|
|t:|1769318927
|switch|p1a: Sandy Shocks|Sandy Shocks, tera:Ice|17/100
|turn|10
|
|t:|1769318951
|move|p1a: Sandy Shocks|Earth Power|p2a: Slop
|-supereffective|p2a: Slop
|-damage|p2a: Slop|23/100
|move|p2a: Slop|Drain Punch|p1a: Sandy Shocks
|-supereffective|p1a: Sandy Shocks
|-damage|p1a: Sandy Shocks|0 fnt
|-heal|p2a: Slop|30/100|[from] drain|[of] p1a: Sandy Shocks
|faint|p1a: Sandy Shocks
|-end|p1a: Sandy Shocks|Protosynthesis|[silent]
|
|upkeep
|
|t:|1769318961
|switch|p1a: Quaquaval|Quaquaval, F|100/100
|turn|11
|inactive|Platypuzzled has 30 seconds left.
|inactive|Platypuzzled has 20 seconds left.
|inactive|Platypuzzled has 15 seconds left.
|inactive|Platypuzzled has 10 seconds left.
|inactive|Platypuzzled has 5 seconds left.
|-message|Platypuzzled lost due to inactivity.
|
|win|mokkai
|raw|mokkai's rating: 1169 &rarr; <strong>1195</strong><br />(+26 for winning)
|raw|Platypuzzled's rating: 1176 &rarr; <strong>1150</strong><br />(-26 for losing)
|c|☆Platypuzzled|oops
|l|☆Platypuzzled
|player|p2|
|l|☆mokkai
|player|p1|
