|j|☆1337muffin1337
|j|☆shotblade
|t:|1769408327
|gametype|singles
|player|p1|1337muffin1337|misty|1104
|player|p2|shotblade|265|1053
|gen|9
|tier|[Gen 9] OU
|rated|
|rule|HP Percentage Mod: HP is shown in percentages
|rule|Endless Battle Clause: Forcing endless battles is banned
|rule|Species Clause: Limit one of each Pokémon
|rule|OHKO Clause: OHKO moves are banned
|rule|Evasion Items Clause: Evasion items are banned
|rule|Evasion Moves Clause: Evasion moves are banned
|rule|Evasion Abilities Clause: Evasion abilities are banned
|rule|Sleep Moves Clause: Sleep-inducing moves are banned
|clearpoke
|poke|p1|Zapdos|
|poke|p1|Venusaur, F|
|poke|p1|Blastoise, M|
|poke|p1|Darkrai|
|poke|p1|Iron Treads|
|poke|p1|Conkeldurr, M|
|poke|p2|Araquanid, F|
|poke|p2|Scizor, M|
|poke|p2|Slither Wing|
|poke|p2|Ariados, M|
|poke|p2|Kleavor, F|
|poke|p2|Spidops, F|
|teampreview
|
|t:|1769408335
|teamsize|p1|6
|teamsize|p2|6
|start
|switch|p1a: Zapdos|Zapdos|100/100
|switch|p2a: 360 Noscope|Ariados, M|100/100
|turn|1
|inactive|Battle timer is ON: inactive players will automatically lose when time's up. (requested by 1337muffin1337)
|
|t:|1769408349
|switch|p2a: Kleavor|Kleavor, F|100/100
|move|p1a: Zapdos|Hurricane|p2a: Kleavor
|-damage|p2a: Kleavor|5/100
|
|upkeep
|turn|2
|
|t:|1769408356
|move|p2a: Kleavor|Stone Axe|p1a: Zapdos
|-supereffective|p1a: Zapdos
|-damage|p1a: Zapdos|0 fnt
|-sidestart|p1: 1337muffin1337|move: Stealth Rock
|faint|p1a: Zapdos
|
|upkeep
|
|t:|1769408362
|switch|p1a: Blastoise|Blastoise, M|100/100
|-damage|p1a: Blastoise|88/100|[from] Stealth Rock
|turn|3
|
|t:|1769408375
|switch|p2a: Scizor|Scizor, M|100/100
|move|p1a: Blastoise|Shell Smash|p1a: Blastoise
|-unboost|p1a: Blastoise|def|1
|-unboost|p1a: Blastoise|spd|1
|-boost|p1a: Blastoise|atk|2
|-boost|p1a: Blastoise|spa|2
|-boost|p1a: Blastoise|spe|2
|
|upkeep
|turn|4
|
|t:|1769408387
|-terastallize|p2a: Scizor|Steel
|move|p1a: Blastoise|Water Spout|p2a: Scizor
|-damage|p2a: Scizor|0 fnt
|faint|p2a: Scizor
|
|upkeep
|
|t:|1769408398
|switch|p2a: Spidops|Spidops, F|100/100
|turn|5
|
|t:|1769408404
|move|p1a: Blastoise|Water Spout|p2a: Spidops
|-enditem|p2a: Spidops|Focus Sash
|-damage|p2a: Spidops|1/100
|move|p2a: Spidops|Circle Throw|p1a: Blastoise
|-damage|p1a: Blastoise|70/100
|drag|p1a: Iron Treads|Iron Treads|100/100
|-damage|p1a: Iron Treads|97/100|[from] Stealth Rock
|-enditem|p1a: Iron Treads|Booster Energy
|-activate|p1a: Iron Treads|ability: Quark Drive|[fromitem]
|-start|p1a: Iron Treads|quarkdrivespe
|
|upkeep
|turn|6
|
|t:|1769408421
|switch|p2a: Araquanid|Araquanid, F|100/100
|move|p1a: Iron Treads|Earthquake|p2a: Araquanid
|-resisted|p2a: Araquanid
|-damage|p2a: Araquanid|77/100
|
|-heal|p2a: Araquanid|83/100|[from] item: Leftovers
|upkeep
|turn|7
|
|t:|1769408430
|move|p1a: Iron Treads|Supercell Slam|p2a: Araquanid
|-supereffective|p2a: Araquanid
|-damage|p2a: Araquanid|19/100
|move|p2a: Araquanid|Aqua Ring|p2a: Araquanid
|-start|p2a: Araquanid|Aqua Ring
|
|-heal|p2a: Araquanid|25/100|[from] item: Leftovers
|-heal|p2a: Araquanid|31/100|[from] Aqua Ring
|upkeep
|turn|8
|
|t:|1769408440
|move|p1a: Iron Treads|Supercell Slam|p2a: Araquanid
|-supereffective|p2a: Araquanid
|-damage|p2a: Araquanid|0 fnt
|faint|p2a: Araquanid
|
|upkeep
|
|t:|1769408455
|switch|p2a: Slither Wing|Slither Wing|100/100
|turn|9
|
|t:|1769408478
|move|p1a: Iron Treads|Stone Edge|p2a: Slither Wing|[miss]
|-miss|p1a: Iron Treads|p2a: Slither Wing
|move|p2a: Slither Wing|Close Combat|p1a: Iron Treads
|-supereffective|p1a: Iron Treads
|-damage|p1a: Iron Treads|0 fnt
|-unboost|p2a: Slither Wing|def|1
|-unboost|p2a: Slither Wing|spd|1
|faint|p1a: Iron Treads
|-end|p1a: Iron Treads|Quark Drive|[silent]
|-damage|p2a: Slither Wing|91/100|[from] item: Life Orb
|
|upkeep
|
|t:|1769408488
|switch|p1a: Conkeldurr|Conkeldurr, M|100/100
|-damage|p1a: Conkeldurr|94/100|[from] Stealth Rock
|turn|10
|
|t:|1769408495
|move|p2a: Slither Wing|Close Combat|p1a: Conkeldurr
|-damage|p1a: Conkeldurr|14/100
|-unboost|p2a: Slither Wing|def|1
|-unboost|p2a: Slither Wing|spd|1
|-damage|p2a: Slither Wing|81/100|[from] item: Life Orb
|move|p1a: Conkeldurr|Fire Punch|p2a: Slither Wing
|-supereffective|p2a: Slither Wing
|-damage|p2a: Slither Wing|0 fnt
|faint|p2a: Slither Wing
|-end|p2a: Slither Wing|Protosynthesis|[silent]
|
|upkeep
|
|t:|1769408508
|switch|p2a: 360 Noscope|Ariados, M|100/100
|turn|11
|
|t:|1769408513
|move|p2a: 360 Noscope|Fell Stinger|p1a: Conkeldurr
|-resisted|p1a: Conkeldurr
|-crit|p1a: Conkeldurr
|-damage|p1a: Conkeldurr|0 fnt
|faint|p1a: Conkeldurr
|-boost|p2a: 360 Noscope|atk|3
|
|upkeep
|
|t:|1769408521
|switch|p1a: Blastoise|Blastoise, M|70/100
|-damage|p1a: Blastoise|58/100|[from] Stealth Rock
|turn|12
|
|t:|1769408532
|move|p1a: Blastoise|Shell Smash|p1a: Blastoise
|-unboost|p1a: Blastoise|def|1
|-unboost|p1a: Blastoise|spd|1
|-boost|p1a: Blastoise|atk|2
|-boost|p1a: Blastoise|spa|2
|-boost|p1a: Blastoise|spe|2
|move|p2a: 360 Noscope|Poison Jab|p1a: Blastoise
|-crit|p1a: Blastoise
|-damage|p1a: Blastoise|0 fnt
|faint|p1a: Blastoise
|
|upkeep
|
|t:|1769408540
|switch|p1a: Darkrai|Darkrai|100/100
|-damage|p1a: Darkrai|88/100|[from] Stealth Rock
|turn|13
|
|t:|1769408548
|move|p1a: Darkrai|Psychic|p2a: 360 Noscope
|-supereffective|p2a: 360 Noscope
|-damage|p2a: 360 Noscope|0 fnt
|faint|p2a: 360 Noscope
|
|upkeep
|
|t:|1769408554
|switch|p2a: Kleavor|Kleavor, F|5/100
|turn|14
|
|t:|1769408559
|move|p1a: Darkrai|Dark Pulse|p2a: Kleavor
|-damage|p2a: Kleavor|0 fnt
|faint|p2a: Kleavor
|
|upkeep
|
|t:|1769408564
|switch|p2a: Spidops|Spidops, F|1/100
|turn|15
|
|t:|1769408572
|move|p1a: Darkrai|Dark Pulse|p2a: Spidops
|-damage|p2a: Spidops|0 fnt
|faint|p2a: Spidops
|
|win|1337muffin1337
|raw|1337muffin1337's rating: 1104 &rarr; <strong>1125</strong><br />(+21 for winning)
|raw|shotblade's rating: 1053 &rarr; <strong>1038</strong><br />(-15 for losing)
|l|☆1337muffin1337
|player|p1|
|l|☆shotblade
|player|p2|
