|j|☆DodoBubbles
|j|☆thebambi1234
|t:|1769411927
|gametype|singles
|player|p1|DodoBubbles|lucas|1152
|player|p2|thebambi1234|102|1226
|gen|9
|tier|[Gen 9] OU
|rated|
|rule|HP Percentage Mod: HP is shown in percentages
|rule|Endless Battle Clause: Forcing endless battles is banned
|rule|Species Clause: Limit one of each Pokémon
|rule|OHKO Clause: OHKO moves are banned
|rule|Evasion Items Clause: Evasion items are banned
|rule|Evasion Moves Clause: Evasion moves are banned
|rule|Evasion Abilities Clause: Evasion abilities are banned
|rule|Sleep Moves Clause: Sleep-inducing moves are banned
|clearpoke
|poke|p1|Deoxys-Speed|
|poke|p1|Galvantula, M|
|poke|p1|Dragonite, F|
|poke|p1|Iron Valiant|
|poke|p1|Ceruledge, M|
|poke|p1|Great Tusk|
|poke|p2|Kommo-o, M|
|poke|p2|Ribombee, M|
|poke|p2|Dragapult, F|
|poke|p2|Gliscor, M|
|poke|p2|Cinderace, M|
|poke|p2|Ogerpon-Wellspring, F|
|teampreview
|inactive|Battle timer is ON: inactive players will automatically lose when time's up. (requested by thebambi1234)
|inactive|DodoBubbles also wants the timer to be on.
|
|t:|1769411945
|teamsize|p1|6
|teamsize|p2|6
|start
|switch|p1a: Deoxys|Deoxys-Speed|100/100
|switch|p2a: Cinderace|Cinderace, M|100/100
|-ability|p1a: Deoxys|Pressure
|turn|1
|
|t:|1769411961
|move|p1a: Deoxys|Reflect|p1a: Deoxys
|-sidestart|p1: DodoBubbles|Reflect
|move|p2a: Cinderace|U-turn|p1a: Deoxys
|-start|p2a: Cinderace|typechange|Bug|[from] ability: Libero
|-supereffective|p1a: Deoxys
|-damage|p1a: Deoxys|57/100
|
|t:|1769411966
|switch|p2a: Ribombee|Ribombee, M|100/100|[from] U-turn
|
|upkeep
|turn|2
|
|t:|1769411978
|move|p1a: Deoxys|Taunt|p2a: Ribombee
|-start|p2a: Ribombee|move: Taunt
|cant|p2a: Ribombee|move: Taunt|Stun Spore
|
|upkeep
|turn|3
|
|t:|1769411985
|switch|p2a: Gliscor|Gliscor, M, shiny|100/100
|move|p1a: Deoxys|Light Screen|p1a: Deoxys
|-sidestart|p1: DodoBubbles|move: Light Screen
|
|-status|p2a: Gliscor|tox|[from] item: Toxic Orb
|upkeep
|turn|4
|
|t:|1769411993
|move|p1a: Deoxys|Psycho Boost|p2a: Gliscor
|-damage|p2a: Gliscor|35/100 tox
|-unboost|p1a: Deoxys|spa|2
|move|p2a: Gliscor|Swords Dance|p2a: Gliscor
|-boost|p2a: Gliscor|atk|2
|
|-heal|p2a: Gliscor|48/100 tox|[from] ability: Poison Heal
|upkeep
|turn|5
|
|t:|1769412004
|switch|p1a: Dragonite|Dragonite, F|100/100
|move|p2a: Gliscor|Swords Dance|p2a: Gliscor
|-boost|p2a: Gliscor|atk|2
|
|-heal|p2a: Gliscor|60/100 tox|[from] ability: Poison Heal
|upkeep
|turn|6
|
|t:|1769412009
|-terastallize|p2a: Gliscor|Normal
|move|p2a: Gliscor|Facade|p1a: Dragonite
|-damage|p1a: Dragonite|49/100
|move|p1a: Dragonite|Ice Spinner|p2a: Gliscor
|-damage|p2a: Gliscor|32/100 tox
|
|-heal|p1a: Dragonite|55/100|[from] item: Leftovers
|-heal|p2a: Gliscor|45/100 tox|[from] ability: Poison Heal
|upkeep
|turn|7
|
|t:|1769412021
|switch|p1a: Ceruledge|Ceruledge, M|100/100
|move|p2a: Gliscor|Protect||[still]
|-fail|p2a: Gliscor
|
|-heal|p2a: Gliscor|57/100 tox|[from] ability: Poison Heal
|upkeep
|turn|8
|
|t:|1769412027
|move|p2a: Gliscor|Earthquake|p1a: Ceruledge
|-supereffective|p1a: Ceruledge
|-damage|p1a: Ceruledge|0 fnt
|faint|p1a: Ceruledge
|
|-heal|p2a: Gliscor|70/100 tox|[from] ability: Poison Heal
|-sideend|p1: DodoBubbles|Reflect
|upkeep
|
|t:|1769412032
|switch|p1a: Iron Valiant|Iron Valiant|100/100
|-enditem|p1a: Iron Valiant|Booster Energy
|-activate|p1a: Iron Valiant|ability: Quark Drive|[fromitem]
|-start|p1a: Iron Valiant|quarkdrivespe
|turn|9
|
|t:|1769412035
|move|p2a: Gliscor|Protect|p2a: Gliscor
|-singleturn|p2a: Gliscor|Protect
|move|p1a: Iron Valiant|Close Combat|p2a: Gliscor
|-activate|p2a: Gliscor|move: Protect
|
|-heal|p2a: Gliscor|82/100 tox|[from] ability: Poison Heal
|upkeep
|turn|10
|
|t:|1769412040
|switch|p2a: Dragapult|Dragapult, F|100/100
|move|p1a: Iron Valiant|Close Combat|p2a: Dragapult
|-immune|p2a: Dragapult
|
|-sideend|p1: DodoBubbles|move: Light Screen
|upkeep
|turn|11
|
|t:|1769412058
|move|p1a: Iron Valiant|Knock Off|p2a: Dragapult
|-supereffective|p2a: Dragapult
|-damage|p2a: Dragapult|8/100
|-enditem|p2a: Dragapult|Choice Specs|[from] move: Knock Off|[of] p1a: Iron Valiant
|move|p2a: Dragapult|U-turn|p1a: Iron Valiant
|-resisted|p1a: Iron Valiant
|-damage|p1a: Iron Valiant|95/100
|
|t:|1769412067
|switch|p2a: Ogerpon|Ogerpon-Wellspring, F|100/100|[from] U-turn
|
|upkeep
|turn|12
|
|t:|1769412082
|move|p1a: Iron Valiant|Close Combat|p2a: Ogerpon
|-damage|p2a: Ogerpon|19/100
|-unboost|p1a: Iron Valiant|def|1
|-unboost|p1a: Iron Valiant|spd|1
|move|p2a: Ogerpon|Ivy Cudgel|p1a: Iron Valiant|[anim] Ivy Cudgel Water
|-damage|p1a: Iron Valiant|0 fnt
|faint|p1a: Iron Valiant
|-end|p1a: Iron Valiant|Quark Drive|[silent]
|
|upkeep
|
|t:|1769412091
|switch|p1a: Galvantula|Galvantula, M|100/100
|turn|13
|
|t:|1769412097
|move|p2a: Ogerpon|Ivy Cudgel|p1a: Galvantula|[anim] Ivy Cudgel Water
|-damage|p1a: Galvantula|0 fnt
|faint|p1a: Galvantula
|
|upkeep
|-message|DodoBubbles forfeited.
|
|win|thebambi1234
|raw|DodoBubbles's rating: 1152 &rarr; <strong>1132</strong><br />(-20 for losing)
|raw|thebambi1234's rating: 1226 &rarr; <strong>1246</strong><br />(+20 for winning)
|l|☆DodoBubbles
|player|p1|
|l|☆thebambi1234
|player|p2|
