|badge|p1|silver|gen9uu|30-8
|uhtml|medal-msg|<div class="broadcast-blue">Curious what those medals under the avatar are? PS now has Ladder Seasons! For more information, check out the <a href="https://www.smogon.com/forums/threads/3740067/">thread on Smogon.</a></div>
|j|☆CDCS5 Qin
|j|☆Deo-Foria
|t:|1769313297
|gametype|singles
|player|p1|CDCS5 Qin|winona|1000
|player|p2|Deo-Foria|hiker-gen4|1000
|gen|9
|tier|[Gen 9] OU
|rated|
|rule|HP Percentage Mod: HP is shown in percentages
|rule|Endless Battle Clause: Forcing endless battles is banned
|rule|Species Clause: Limit one of each Pokémon
|rule|OHKO Clause: OHKO moves are banned
|rule|Evasion Items Clause: Evasion items are banned
|rule|Evasion Moves Clause: Evasion moves are banned
|rule|Evasion Abilities Clause: Evasion abilities are banned
|rule|Sleep Moves Clause: Sleep-inducing moves are banned
|clearpoke
|poke|p1|Great Tusk|
|poke|p1|Ogerpon-Wellspring, F|
|poke|p1|Iron Moth|
|poke|p1|Gholdengo|
|poke|p1|Deoxys-Speed|
|poke|p1|Dragonite, M|
|poke|p2|Ceruledge, M|
|poke|p2|Gliscor, M|
|poke|p2|Glimmora, F|
|poke|p2|Dragapult, F|
|poke|p2|Garganacl, M|
|poke|p2|Kingambit, M|
|teampreview
|inactive|Battle timer is ON: inactive players will automatically lose when time's up. (requested by CDCS5 Qin)
|
|t:|1769313302
|teamsize|p1|6
|teamsize|p2|6
|start
|switch|p1a: Deoxys|Deoxys-Speed|100/100
|switch|p2a: Garganacl|Garganacl, M|100/100
|-ability|p1a: Deoxys|Pressure
|turn|1
|
|t:|1769313310
|move|p1a: Deoxys|Stealth Rock|p2a: Garganacl
|-sidestart|p2: Deo-Foria|move: Stealth Rock
|move|p2a: Garganacl|Salt Cure|p1a: Deoxys
|-damage|p1a: Deoxys|78/100
|-start|p1a: Deoxys|Salt Cure
|
|-damage|p1a: Deoxys|66/100|[from] Salt Cure
|upkeep
|turn|2
|
|t:|1769313320
|move|p1a: Deoxys|Taunt|p2a: Garganacl
|-start|p2a: Garganacl|move: Taunt
|cant|p2a: Garganacl|move: Taunt|Iron Defense
|
|-damage|p1a: Deoxys|53/100|[from] Salt Cure
|upkeep
|turn|3
|
|t:|1769313332
|switch|p2a: Gliscor|Gliscor, M|100/100
|-damage|p2a: Gliscor|88/100|[from] Stealth Rock
|move|p1a: Deoxys|Psycho Boost|p2a: Gliscor
|-damage|p2a: Gliscor|0 fnt
|-unboost|p1a: Deoxys|spa|2
|faint|p2a: Gliscor
|-damage|p1a: Deoxys|43/100|[from] item: Life Orb
|
|-damage|p1a: Deoxys|31/100|[from] Salt Cure
|upkeep
|
|t:|1769313345
|switch|p2a: Kingambit|Kingambit, M|100/100
|-damage|p2a: Kingambit|94/100|[from] Stealth Rock
|turn|4
|
|t:|1769313353
|move|p2a: Kingambit|Sucker Punch|p1a: Deoxys
|-supereffective|p1a: Deoxys
|-damage|p1a: Deoxys|0 fnt
|faint|p1a: Deoxys
|-damage|p2a: Kingambit|84/100|[from] item: Life Orb
|
|upkeep
|
|t:|1769313357
|switch|p1a: Great Tusk|Great Tusk|100/100
|-enditem|p1a: Great Tusk|Booster Energy
|-activate|p1a: Great Tusk|ability: Protosynthesis|[fromitem]
|-start|p1a: Great Tusk|protosynthesisspe
|turn|5
|
|t:|1769313372
|switch|p2a: Dragapult|Dragapult, F|100/100
|-damage|p2a: Dragapult|88/100|[from] Stealth Rock
|move|p1a: Great Tusk|Bulk Up|p1a: Great Tusk
|-boost|p1a: Great Tusk|atk|1
|-boost|p1a: Great Tusk|def|1
|
|upkeep
|turn|6
|
|t:|1769313383
|move|p1a: Great Tusk|Ice Spinner|p2a: Dragapult
|-supereffective|p2a: Dragapult
|-damage|p2a: Dragapult|0 fnt
|faint|p2a: Dragapult
|
|upkeep
|
|t:|1769313391
|switch|p2a: Ceruledge|Ceruledge, M|100/100
|-damage|p2a: Ceruledge|75/100|[from] Stealth Rock
|turn|7
|
|t:|1769313403
|move|p1a: Great Tusk|Earthquake|p2a: Ceruledge
|-supereffective|p2a: Ceruledge
|-crit|p2a: Ceruledge
|-damage|p2a: Ceruledge|0 fnt
|faint|p2a: Ceruledge
|
|upkeep
|-message|Deo-Foria forfeited.
|
|win|CDCS5 Qin
|raw|CDCS5 Qin's rating: 1000 &rarr; <strong>1040</strong><br />(+40 for winning)
|raw|Deo-Foria's rating: 1000 &rarr; <strong>1000</strong><br />(+0 for losing)
