|j|☆deus3xmachina
|j|☆Antimaverick1080
|t:|1769381751
|gametype|singles
|player|p1|deus3xmachina|rika|1289
|player|p2|Antimaverick1080|eusine|1286
|gen|9
|tier|[Gen 9] OU
|rated|
|rule|HP Percentage Mod: HP is shown in percentages
|rule|Endless Battle Clause: Forcing endless battles is banned
|rule|Species Clause: Limit one of each Pokémon
|rule|OHKO Clause: OHKO moves are banned
|rule|Evasion Items Clause: Evasion items are banned
|rule|Evasion Moves Clause: Evasion moves are banned
|rule|Evasion Abilities Clause: Evasion abilities are banned
|rule|Sleep Moves Clause: Sleep-inducing moves are banned
|clearpoke
|poke|p1|Garganacl, F|
|poke|p1|Excadrill, F|
|poke|p1|Tyranitar, F|
|poke|p1|Ogerpon-Wellspring, F|
|poke|p1|Mandibuzz, F|
|poke|p1|Dragapult, F|
|poke|p2|Torkoal, F|
|poke|p2|Espeon, F|
|poke|p2|Great Tusk|
|poke|p2|Walking Wake|
|poke|p2|Zapdos-Galar|
|poke|p2|Houndoom, F|
|teampreview
|c|☆deus3xmachina|glhf
|inactive|Battle timer is ON: inactive players will automatically lose when time's up. (requested by deus3xmachina)
|c|☆Antimaverick1080|glhf
|
|t:|1769381883
|teamsize|p1|6
|teamsize|p2|6
|start
|switch|p1a: Mandibuzz|Mandibuzz, F|100/100
|switch|p2a: Steam|Torkoal, F|100/100
|-weather|SunnyDay|[from] ability: Drought|[of] p2a: Steam
|turn|1
|inactive|deus3xmachina has 120 seconds left.
|
|t:|1769381927
|move|p1a: Mandibuzz|U-turn|p2a: Steam
|-resisted|p2a: Steam
|-damage|p2a: Steam|98/100
|
|t:|1769381928
|switch|p1a: Tyranitar|Tyranitar, F|100/100|[from] U-turn
|-weather|Sandstorm|[from] ability: Sand Stream|[of] p1a: Tyranitar
|move|p2a: Steam|Stealth Rock|p1a: Tyranitar
|-sidestart|p1: deus3xmachina|move: Stealth Rock
|
|-weather|Sandstorm|[upkeep]
|-damage|p2a: Steam|91/100|[from] Sandstorm
|upkeep
|turn|2
|
|t:|1769381947
|switch|p2a: Wii|Great Tusk|100/100
|move|p1a: Tyranitar|Knock Off|p2a: Wii
|-resisted|p2a: Wii
|-damage|p2a: Wii|71/100
|-enditem|p2a: Wii|Heavy-Duty Boots|[from] move: Knock Off|[of] p1a: Tyranitar
|
|-weather|Sandstorm|[upkeep]
|upkeep
|turn|3
|inactive|deus3xmachina has 120 seconds left.
|
|t:|1769381967
|switch|p1a: Dragapult|Dragapult, F|100/100
|move|p2a: Wii|Headlong Rush|p1a: Dragapult
|-damage|p1a: Dragapult|10/100
|-unboost|p2a: Wii|def|1
|-unboost|p2a: Wii|spd|1
|
|-weather|Sandstorm|[upkeep]
|-damage|p1a: Dragapult|4/100|[from] Sandstorm
|upkeep
|turn|4
|inactive|Antimaverick1080 has 120 seconds left.
|
|t:|1769381992
|-end|p2a: Wii|Protosynthesis|[silent]
|switch|p2a: Brunnya|Walking Wake|100/100
|move|p1a: Dragapult|U-turn|p2a: Brunnya
|-damage|p2a: Brunnya|83/100
|inactive|deus3xmachina has 120 seconds left.
|
|t:|1769382017
|switch|p1a: Excadrill|Excadrill, F|100/100|[from] U-turn
|
|-weather|Sandstorm|[upkeep]
|-damage|p2a: Brunnya|77/100|[from] Sandstorm
|upkeep
|turn|5
|inactive|Antimaverick1080 has 120 seconds left.
|
|t:|1769382024
|move|p1a: Excadrill|Earthquake|p2a: Brunnya
|-damage|p2a: Brunnya|15/100
|move|p2a: Brunnya|Hydro Steam|p1a: Excadrill
|-supereffective|p1a: Excadrill
|-damage|p1a: Excadrill|0 fnt
|faint|p1a: Excadrill
|
|-weather|none
|upkeep
|
|t:|1769382028
|switch|p1a: Ogerpon|Ogerpon-Wellspring, F|100/100
|-damage|p1a: Ogerpon|88/100|[from] Stealth Rock
|turn|6
|
|t:|1769382032
|-end|p2a: Brunnya|Protosynthesis|[silent]
|switch|p2a: Steam|Torkoal, F|91/100
|-weather|SunnyDay|[from] ability: Drought|[of] p2a: Steam
|move|p1a: Ogerpon|Trailblaze|p2a: Steam
|-resisted|p2a: Steam
|-damage|p2a: Steam|83/100
|-boost|p1a: Ogerpon|spe|1
|
|-weather|SunnyDay|[upkeep]
|upkeep
|turn|7
|inactive|deus3xmachina has 120 seconds left.
|
|t:|1769382055
|switch|p1a: Tyranitar|Tyranitar, F|100/100
|-damage|p1a: Tyranitar|88/100|[from] Stealth Rock
|-weather|Sandstorm|[from] ability: Sand Stream|[of] p1a: Tyranitar
|move|p2a: Steam|Will-O-Wisp|p1a: Tyranitar
|-status|p1a: Tyranitar|brn
|
|-weather|Sandstorm|[upkeep]
|-damage|p2a: Steam|77/100|[from] Sandstorm
|-damage|p1a: Tyranitar|82/100 brn|[from] brn
|upkeep
|turn|8
|inactive|deus3xmachina has 120 seconds left.
|inactive|Antimaverick1080 has 120 seconds left.
|
|t:|1769382085
|switch|p1a: Mandibuzz|Mandibuzz, F|100/100
|switch|p2a: Blaze|Espeon, F|100/100
|
|-weather|Sandstorm|[upkeep]
|-damage|p2a: Blaze|95/100|[from] Sandstorm
|upkeep
|turn|9
|
|t:|1769382093
|move|p2a: Blaze|Weather Ball|p1a: Mandibuzz
|-supereffective|p1a: Mandibuzz
|-damage|p1a: Mandibuzz|44/100
|move|p1a: Mandibuzz|Foul Play|p2a: Blaze
|-supereffective|p2a: Blaze
|-damage|p2a: Blaze|45/100
|-damage|p1a: Mandibuzz|27/100|[from] item: Rocky Helmet|[of] p2a: Blaze
|
|-weather|Sandstorm|[upkeep]
|-damage|p2a: Blaze|39/100|[from] Sandstorm
|upkeep
|turn|10
|c|☆deus3xmachina|lol?
|
|t:|1769382100
|switch|p1a: Tyranitar|Tyranitar, F|82/100 brn
|-damage|p1a: Tyranitar|70/100 brn|[from] Stealth Rock
|move|p2a: Blaze|Weather Ball|p1a: Tyranitar
|-damage|p1a: Tyranitar|47/100 brn
|
|-weather|Sandstorm|[upkeep]
|-damage|p2a: Blaze|33/100|[from] Sandstorm
|-damage|p1a: Tyranitar|41/100 brn|[from] brn
|upkeep
|turn|11
|
|t:|1769382103
|switch|p2a: Steam|Torkoal, F|77/100
|-weather|SunnyDay|[from] ability: Drought|[of] p2a: Steam
|move|p1a: Tyranitar|Knock Off|p2a: Steam
|-damage|p2a: Steam|54/100
|-enditem|p2a: Steam|Heat Rock|[from] move: Knock Off|[of] p1a: Tyranitar
|
|-weather|SunnyDay|[upkeep]
|-damage|p1a: Tyranitar|35/100 brn|[from] brn
|upkeep
|turn|12
|
|t:|1769382117
|switch|p1a: Dragapult|Dragapult, F|4/100
|move|p2a: Steam|Lava Plume|p1a: Dragapult
|-resisted|p1a: Dragapult
|-damage|p1a: Dragapult|0 fnt
|faint|p1a: Dragapult
|
|-weather|SunnyDay|[upkeep]
|upkeep
|
|t:|1769382130
|switch|p1a: Garganacl|Garganacl, F|100/100
|-damage|p1a: Garganacl|88/100|[from] Stealth Rock
|turn|13
|
|t:|1769382140
|switch|p2a: Blaze|Espeon, F|33/100
|move|p1a: Garganacl|Salt Cure|p2a: Blaze
|-damage|p2a: Blaze|13/100
|-start|p2a: Blaze|Salt Cure
|
|-weather|SunnyDay|[upkeep]
|-heal|p1a: Garganacl|94/100|[from] item: Leftovers
|-damage|p2a: Blaze|0 fnt|[from] Salt Cure
|faint|p2a: Blaze
|upkeep
|
|t:|1769382149
|switch|p2a: Brunnya|Walking Wake|15/100
|-activate|p2a: Brunnya|ability: Protosynthesis
|-start|p2a: Brunnya|protosynthesisspe
|turn|14
|inactive|deus3xmachina has 120 seconds left.
|
|t:|1769382185
|switch|p1a: Tyranitar|Tyranitar, F|35/100 brn
|-damage|p1a: Tyranitar|23/100 brn|[from] Stealth Rock
|-weather|Sandstorm|[from] ability: Sand Stream|[of] p1a: Tyranitar
|-end|p2a: Brunnya|Protosynthesis
|move|p2a: Brunnya|Draco Meteor|p1a: Tyranitar
|-crit|p1a: Tyranitar
|-damage|p1a: Tyranitar|0 fnt
|-unboost|p2a: Brunnya|spa|2
|faint|p1a: Tyranitar
|
|-weather|Sandstorm|[upkeep]
|-damage|p2a: Brunnya|8/100|[from] Sandstorm
|upkeep
|
|t:|1769382188
|switch|p1a: Ogerpon|Ogerpon-Wellspring, F|88/100
|-damage|p1a: Ogerpon|76/100|[from] Stealth Rock
|turn|15
|
|t:|1769382195
|-end|p2a: Brunnya|Protosynthesis|[silent]
|switch|p2a: Steam|Torkoal, F|54/100
|-weather|SunnyDay|[from] ability: Drought|[of] p2a: Steam
|move|p1a: Ogerpon|Swords Dance|p1a: Ogerpon
|-boost|p1a: Ogerpon|atk|2
|
|-weather|SunnyDay|[upkeep]
|upkeep
|turn|16
|inactive|Antimaverick1080 has 120 seconds left.
|
|t:|1769382231
|move|p1a: Ogerpon|Ivy Cudgel|p2a: Steam|[anim] Ivy Cudgel Water
|-supereffective|p2a: Steam
|-damage|p2a: Steam|0 fnt
|faint|p2a: Steam
|
|-weather|SunnyDay|[upkeep]
|upkeep
|
|t:|1769382243
|switch|p2a: Brunnya|Walking Wake|8/100
|-activate|p2a: Brunnya|ability: Protosynthesis
|-start|p2a: Brunnya|protosynthesisspe
|turn|17
|inactive|deus3xmachina has 120 seconds left.
|
|t:|1769382281
|-terastallize|p1a: Ogerpon|Water
|detailschange|p1a: Ogerpon|Ogerpon-Wellspring-Tera, F, tera:Water
|-ability|p1a: Ogerpon|Embody Aspect (Wellspring)|boost
|-boost|p1a: Ogerpon|spd|1
|move|p2a: Brunnya|Draco Meteor|p1a: Ogerpon
|-damage|p1a: Ogerpon|5/100
|-unboost|p2a: Brunnya|spa|2
|move|p1a: Ogerpon|Trailblaze|p2a: Brunnya
|-damage|p2a: Brunnya|0 fnt
|-boost|p1a: Ogerpon|spe|1
|faint|p2a: Brunnya
|-end|p2a: Brunnya|Protosynthesis|[silent]
|
|-weather|SunnyDay|[upkeep]
|upkeep
|inactive|Antimaverick1080 has 120 seconds left.
|inactive|Antimaverick1080 has 90 seconds left.
|
|t:|1769382317
|switch|p2a: O. Ostrich|Zapdos-Galar|100/100
|turn|18
|inactive|Antimaverick1080 has 90 seconds left.
|inactive|deus3xmachina has 90 seconds left.
|
|t:|1769382353
|move|p1a: Ogerpon|Play Rough|p2a: O. Ostrich
|-supereffective|p2a: O. Ostrich
|-damage|p2a: O. Ostrich|0 fnt
|faint|p2a: O. Ostrich
|
|-weather|SunnyDay|[upkeep]
|upkeep
|inactive|Antimaverick1080 has 90 seconds left.
|
|t:|1769382368
|switch|p2a: Wii|Great Tusk|71/100
|-activate|p2a: Wii|ability: Protosynthesis
|-start|p2a: Wii|protosynthesisatk
|turn|19
|inactive|Antimaverick1080 has 90 seconds left.
|inactive|deus3xmachina has 90 seconds left.
|
|t:|1769382402
|-terastallize|p2a: Wii|Steel
|move|p1a: Ogerpon|Ivy Cudgel|p2a: Wii|[anim] Ivy Cudgel Water
|-damage|p2a: Wii|9/100
|move|p2a: Wii|Headlong Rush|p1a: Ogerpon
|-crit|p1a: Ogerpon
|-damage|p1a: Ogerpon|0 fnt
|-unboost|p2a: Wii|def|1
|-unboost|p2a: Wii|spd|1
|faint|p1a: Ogerpon
|detailschange|p1: Ogerpon|Ogerpon-Wellspring, F|[silent]
|
|-weather|none
|-end|p2a: Wii|Protosynthesis
|upkeep
|inactive|deus3xmachina has 60 seconds left.
|
|t:|1769382445
|switch|p1a: Mandibuzz|Mandibuzz, F|27/100
|turn|20
|
|t:|1769382456
|move|p2a: Wii|Ice Spinner|p1a: Mandibuzz
|-supereffective|p1a: Mandibuzz
|-damage|p1a: Mandibuzz|0 fnt
|faint|p1a: Mandibuzz
|
|upkeep
|inactive|deus3xmachina has 30 seconds left.
|
|t:|1769382484
|switch|p1a: Garganacl|Garganacl, F|94/100
|-damage|p1a: Garganacl|82/100|[from] Stealth Rock
|turn|21
|c|☆deus3xmachina|gg
|
|t:|1769382492
|move|p2a: Wii|Headlong Rush|p1a: Garganacl
|-supereffective|p1a: Garganacl
|-damage|p1a: Garganacl|0 fnt
|-unboost|p2a: Wii|def|1
|-unboost|p2a: Wii|spd|1
|faint|p1a: Garganacl
|
|win|Antimaverick1080
|raw|deus3xmachina's rating: 1289 &rarr; <strong>1264</strong><br />(-25 for losing)
|raw|Antimaverick1080's rating: 1286 &rarr; <strong>1311</strong><br />(+25 for winning)
|c|☆Antimaverick1080|ggwp
