|j|☆kianchimchar
|j|☆purelovetrain
|t:|1769307492
|gametype|singles
|player|p1|kianchimchar|unknown|1415
|player|p2|purelovetrain|101|1481
|gen|9
|tier|[Gen 9] OU
|rated|
|rule|HP Percentage Mod: HP is shown in percentages
|rule|Endless Battle Clause: Forcing endless battles is banned
|rule|Species Clause: Limit one of each Pokémon
|rule|OHKO Clause: OHKO moves are banned
|rule|Evasion Items Clause: Evasion items are banned
|rule|Evasion Moves Clause: Evasion moves are banned
|rule|Evasion Abilities Clause: Evasion abilities are banned
|rule|Sleep Moves Clause: Sleep-inducing moves are banned
|clearpoke
|poke|p1|Dragonite, M|
|poke|p1|Smeargle, M|
|poke|p1|Zoroark-Hisui, F|
|poke|p1|Scizor, M|
|poke|p1|Kyurem|
|poke|p1|Ditto|
|poke|p2|Lokix, M|
|poke|p2|Dragapult, F|
|poke|p2|Corviknight, F|
|poke|p2|Ogerpon-Wellspring, F|
|poke|p2|Slowking-Galar, M|
|poke|p2|Landorus-Therian, M|
|teampreview
|inactive|Battle timer is ON: inactive players will automatically lose when time's up. (requested by purelovetrain)
|
|t:|1769307508
|teamsize|p1|6
|teamsize|p2|6
|start
|switch|p1a: Scizor|Scizor, M, shiny|100/100
|switch|p2a: Lokix|Lokix, M|100/100
|turn|1
|l|☆kianchimchar
|inactive|kianchimchar disconnected and has a minute to reconnect!
|player|p1|
|inactive|purelovetrain has 120 seconds left.
|j|☆kianchimchar
|inactive|kianchimchar reconnected.
|player|p1|kianchimchar|unknown|
|
|t:|1769307546
|move|p1a: Scizor|Flamethrower|p2a: Lokix
|-supereffective|p2a: Lokix
|-damage|p2a: Lokix|0 fnt
|faint|p2a: Lokix
|
|upkeep
|
|t:|1769307558
|switch|p2a: Dragapult|Dragapult, F|100/100
|turn|2
|
|t:|1769307562
|switch|p1a: Ditto|Ditto|100/100
|-transform|p1a: Ditto|p2a: Dragapult|[from] ability: Imposter
|move|p2a: Dragapult|Shadow Ball|p1a: Ditto
|-supereffective|p1a: Ditto
|-damage|p1a: Ditto|0 fnt
|faint|p1a: Ditto
|
|upkeep
|
|t:|1769307564
|switch|p1a: Scizor|Scizor, M, shiny|100/100
|turn|3
|
|t:|1769307568
|move|p1a: Scizor|Shadow Ball|p2a: Dragapult
|-supereffective|p2a: Dragapult
|-damage|p2a: Dragapult|0 fnt
|faint|p2a: Dragapult
|
|upkeep
|
|t:|1769307582
|switch|p2a: Landorus|Landorus-Therian, M|100/100
|-ability|p2a: Landorus|Intimidate|boost
|-unboost|p1a: Scizor|atk|1
|turn|4
|
|t:|1769307590
|move|p1a: Scizor|Shadow Ball|p2a: Landorus
|-damage|p2a: Landorus|42/100
|move|p2a: Landorus|Earthquake|p1a: Scizor
|-damage|p1a: Scizor|0 fnt
|replace|p1a: Zoroark|Zoroark-Hisui, F
|-end|p1a: Zoroark|Illusion
|faint|p1a: Zoroark
|
|upkeep
|
|t:|1769307596
|switch|p1a: Kyurem|Kyurem|100/100
|-ability|p1a: Kyurem|Pressure
|turn|5
|
|t:|1769307601
|switch|p2a: Corviknight|Corviknight, F|100/100
|-ability|p2a: Corviknight|Pressure
|move|p1a: Kyurem|Freeze-Dry|p2a: Corviknight
|-damage|p2a: Corviknight|64/100
|
|upkeep
|turn|6
|
|t:|1769307605
|move|p1a: Kyurem|Freeze-Dry|p2a: Corviknight
|-damage|p2a: Corviknight|30/100
|move|p2a: Corviknight|U-turn|p1a: Kyurem
|-damage|p1a: Kyurem|88/100
|
|t:|1769307607
|switch|p2a: Landorus|Landorus-Therian, M|42/100|[from] U-turn
|-ability|p2a: Landorus|Intimidate|boost
|-unboost|p1a: Kyurem|atk|1
|
|upkeep
|turn|7
|
|t:|1769307611
|move|p2a: Landorus|Stone Edge|p1a: Kyurem
|-supereffective|p1a: Kyurem
|-crit|p1a: Kyurem
|-damage|p1a: Kyurem|0 fnt
|faint|p1a: Kyurem
|
|upkeep
|
|t:|1769307614
|switch|p1a: Scizor|Scizor, M, shiny|100/100
|turn|8
|
|t:|1769307619
|move|p2a: Landorus|Stone Edge|p1a: Scizor
|-damage|p1a: Scizor|59/100
|move|p1a: Scizor|Swords Dance|p1a: Scizor
|-boost|p1a: Scizor|atk|2
|
|upkeep
|turn|9
|
|t:|1769307622
|move|p1a: Scizor|Bullet Punch|p2a: Landorus
|-damage|p2a: Landorus|0 fnt
|faint|p2a: Landorus
|
|upkeep
|
|t:|1769307625
|switch|p2a: Corviknight|Corviknight, F|30/100
|-ability|p2a: Corviknight|Pressure
|turn|10
|
|t:|1769307632
|move|p2a: Corviknight|Roost|p2a: Corviknight
|-heal|p2a: Corviknight|80/100
|-singleturn|p2a: Corviknight|move: Roost
|move|p1a: Scizor|Knock Off|p2a: Corviknight
|-damage|p2a: Corviknight|33/100
|-damage|p1a: Scizor|42/100|[from] item: Rocky Helmet|[of] p2a: Corviknight
|-enditem|p2a: Corviknight|Rocky Helmet|[from] move: Knock Off|[of] p1a: Scizor
|
|upkeep
|turn|11
|
|t:|1769307648
|switch|p1a: Smeargle|Smeargle, M|100/100
|move|p2a: Corviknight|Roost|p2a: Corviknight
|-heal|p2a: Corviknight|83/100
|-singleturn|p2a: Corviknight|move: Roost
|
|upkeep
|turn|12
|
|t:|1769307651
|move|p1a: Smeargle|Glare|p2a: Corviknight
|-status|p2a: Corviknight|par
|move|p2a: Corviknight|Brave Bird|p1a: Smeargle
|-enditem|p1a: Smeargle|Focus Sash
|-damage|p1a: Smeargle|1/100
|-damage|p2a: Corviknight|65/100 par|[from] Recoil
|
|upkeep
|turn|13
|
|t:|1769307654
|move|p1a: Smeargle|Endeavor|p2a: Corviknight
|-damage|p2a: Corviknight|1/100 par
|cant|p2a: Corviknight|par
|
|upkeep
|turn|14
|
|t:|1769307657
|move|p1a: Smeargle|Ceaseless Edge|p2a: Corviknight
|-damage|p2a: Corviknight|0 fnt
|-sidestart|p2: purelovetrain|Spikes
|faint|p2a: Corviknight
|
|upkeep
|
|t:|1769307659
|switch|p2a: Ogerpon|Ogerpon-Wellspring, F|100/100
|-damage|p2a: Ogerpon|88/100|[from] Spikes
|turn|15
|
|t:|1769307663
|move|p2a: Ogerpon|Trailblaze|p1a: Smeargle
|-damage|p1a: Smeargle|0 fnt
|-boost|p2a: Ogerpon|spe|1
|faint|p1a: Smeargle
|
|upkeep
|
|t:|1769307665
|switch|p1a: Scizor|Scizor, M, shiny|42/100
|turn|16
|
|t:|1769307680
|move|p1a: Scizor|Bullet Punch|p2a: Ogerpon
|-resisted|p2a: Ogerpon
|-damage|p2a: Ogerpon|65/100
|move|p2a: Ogerpon|Swords Dance|p2a: Ogerpon
|-boost|p2a: Ogerpon|atk|2
|
|upkeep
|turn|17
|
|t:|1769307687
|move|p1a: Scizor|Bullet Punch|p2a: Ogerpon
|-resisted|p2a: Ogerpon
|-damage|p2a: Ogerpon|43/100
|move|p2a: Ogerpon|Ivy Cudgel|p1a: Scizor|[anim] Ivy Cudgel Water
|-damage|p1a: Scizor|0 fnt
|faint|p1a: Scizor
|
|upkeep
|
|t:|1769307690
|switch|p1a: one man army|Dragonite, M, shiny|100/100
|turn|18
|
|t:|1769307692
|-terastallize|p1a: one man army|Ghost
|move|p2a: Ogerpon|Play Rough|p1a: one man army
|-damage|p1a: one man army|60/100
|move|p1a: one man army|Tera Blast|p2a: Ogerpon|[anim] Tera Blast Ghost
|-damage|p2a: Ogerpon|0 fnt
|faint|p2a: Ogerpon
|
|-heal|p1a: one man army|66/100|[from] item: Leftovers
|upkeep
|
|t:|1769307697
|switch|p2a: Slowking|Slowking-Galar, M|100/100
|turn|19
|
|t:|1769307700
|-terastallize|p2a: Slowking|Water
|move|p1a: one man army|Dragon Dance|p1a: one man army
|-boost|p1a: one man army|atk|1
|-boost|p1a: one man army|spe|1
|move|p2a: Slowking|Thunder Wave|p1a: one man army
|-status|p1a: one man army|par
|
|-heal|p1a: one man army|73/100 par|[from] item: Leftovers
|upkeep
|turn|20
|
|t:|1769307704
|cant|p1a: one man army|par
|move|p2a: Slowking|Sludge Bomb|p1a: one man army
|-resisted|p1a: one man army
|-damage|p1a: one man army|55/100 par
|
|-heal|p1a: one man army|61/100 par|[from] item: Leftovers
|upkeep
|turn|21
|
|t:|1769307706
|move|p1a: one man army|Tera Blast|p2a: Slowking|[anim] Tera Blast Ghost
|-damage|p2a: Slowking|40/100
|move|p2a: Slowking|Future Sight|p1a: one man army
|-start|p2a: Slowking|move: Future Sight
|
|-heal|p1a: one man army|67/100 par|[from] item: Leftovers
|upkeep
|turn|22
|
|t:|1769307708
|move|p1a: one man army|Tera Blast|p2a: Slowking|[anim] Tera Blast Ghost
|-damage|p2a: Slowking|0 fnt
|faint|p2a: Slowking
|
|win|kianchimchar
|raw|kianchimchar's rating: 1415 &rarr; <strong>1439</strong><br />(+24 for winning)
|raw|purelovetrain's rating: 1481 &rarr; <strong>1457</strong><br />(-24 for losing)
|l|☆purelovetrain
|player|p2|
|l|☆kianchimchar
|player|p1|
