|j|☆NOTs1ke
|j|☆ghost9922
|t:|1769366806
|gametype|singles
|player|p1|NOTs1ke|unknown|1102
|player|p2|ghost9922|1|1165
|gen|9
|tier|[Gen 9] OU
|rated|
|rule|HP Percentage Mod: HP is shown in percentages
|rule|Endless Battle Clause: Forcing endless battles is banned
|rule|Species Clause: Limit one of each Pokémon
|rule|OHKO Clause: OHKO moves are banned
|rule|Evasion Items Clause: Evasion items are banned
|rule|Evasion Moves Clause: Evasion moves are banned
|rule|Evasion Abilities Clause: Evasion abilities are banned
|rule|Sleep Moves Clause: Sleep-inducing moves are banned
|clearpoke
|poke|p1|Metagross|
|poke|p1|Landorus-Therian, M|
|poke|p1|Dragapult, M|
|poke|p1|Kingambit, M|
|poke|p1|Latios, M|
|poke|p1|Glimmora, F|
|poke|p2|Great Tusk|
|poke|p2|Kingambit, F|
|poke|p2|Heatran, M|
|poke|p2|Pelipper, M|
|poke|p2|Barraskewda, F|
|poke|p2|Zapdos|
|teampreview
|
|t:|1769366813
|teamsize|p1|6
|teamsize|p2|6
|start
|switch|p1a: Glim|Glimmora, F|100/100
|switch|p2a: Pelipper|Pelipper, M|100/100
|-weather|RainDance|[from] ability: Drizzle|[of] p2a: Pelipper
|turn|1
|inactive|Battle timer is ON: inactive players will automatically lose when time's up. (requested by NOTs1ke)
|
|t:|1769366826
|switch|p2a: Kingambit|Kingambit, F|100/100
|move|p1a: Glim|Meteor Beam||[still]
|-prepare|p1a: Glim|Meteor Beam
|-boost|p1a: Glim|spa|1
|
|-weather|RainDance|[upkeep]
|upkeep
|turn|2
|
|t:|1769366836
|move|p1a: Glim|Meteor Beam|p2a: Kingambit|[from] lockedmove
|-resisted|p2a: Kingambit
|-crit|p2a: Kingambit
|-damage|p2a: Kingambit|25/100
|move|p2a: Kingambit|Iron Head|p1a: Glim
|-supereffective|p1a: Glim
|-damage|p1a: Glim|0 fnt
|-activate|p1a: Glim|ability: Toxic Debris
|-sidestart|p2: ghost9922|move: Toxic Spikes
|faint|p1a: Glim
|-damage|p2a: Kingambit|15/100|[from] item: Life Orb
|
|-weather|RainDance|[upkeep]
|upkeep
|
|t:|1769366857
|switch|p1a: Unc|Dragapult, M|100/100
|turn|3
|
|t:|1769366863
|switch|p2a: Zapdos|Zapdos|100/100
|move|p1a: Unc|Flamethrower|p2a: Zapdos
|-damage|p2a: Zapdos|86/100
|
|-weather|RainDance|[upkeep]
|-heal|p2a: Zapdos|92/100|[from] item: Leftovers
|upkeep
|turn|4
|
|t:|1769366874
|move|p1a: Unc|U-turn|p2a: Zapdos
|-resisted|p2a: Zapdos
|-crit|p2a: Zapdos
|-damage|p2a: Zapdos|81/100
|
|t:|1769366879
|switch|p1a: Garlic|Landorus-Therian, M|100/100|[from] U-turn
|-ability|p1a: Garlic|Intimidate|boost
|-unboost|p2a: Zapdos|atk|1
|move|p2a: Zapdos|Hurricane|p1a: Garlic
|-damage|p1a: Garlic|42/100
|
|-weather|RainDance|[upkeep]
|-heal|p2a: Zapdos|88/100|[from] item: Leftovers
|upkeep
|turn|5
|
|t:|1769366893
|move|p1a: Garlic|Stone Edge|p2a: Zapdos
|-supereffective|p2a: Zapdos
|-damage|p2a: Zapdos|36/100
|move|p2a: Zapdos|Hurricane|p1a: Garlic
|-damage|p1a: Garlic|0 fnt
|faint|p1a: Garlic
|
|-weather|RainDance|[upkeep]
|-heal|p2a: Zapdos|42/100|[from] item: Leftovers
|upkeep
|
|t:|1769366908
|switch|p1a: LA|Latios, M|100/100
|turn|6
|
|t:|1769366915
|move|p1a: LA|Dragon Pulse|p2a: Zapdos
|-damage|p2a: Zapdos|0 fnt
|faint|p2a: Zapdos
|
|-weather|RainDance|[upkeep]
|upkeep
|
|t:|1769366930
|switch|p2a: Pelipper|Pelipper, M|100/100
|turn|7
|
|t:|1769366942
|move|p1a: LA|Tailwind|p1a: LA
|-sidestart|p1: NOTs1ke|move: Tailwind
|move|p2a: Pelipper|U-turn|p1a: LA
|-supereffective|p1a: LA
|-damage|p1a: LA|81/100
|
|t:|1769366949
|switch|p2a: Kingambit|Kingambit, F|15/100|[from] U-turn
|
|-weather|RainDance|[upkeep]
|upkeep
|turn|8
|
|t:|1769366957
|move|p2a: Kingambit|Sucker Punch|p1a: LA
|-supereffective|p1a: LA
|-damage|p1a: LA|0 fnt
|faint|p1a: LA
|-damage|p2a: Kingambit|5/100|[from] item: Life Orb
|
|-weather|none
|upkeep
|
|t:|1769366964
|switch|p1a: Unc|Dragapult, M|100/100
|turn|9
|
|t:|1769366969
|switch|p2a: Pelipper|Pelipper, M|100/100
|-weather|RainDance|[from] ability: Drizzle|[of] p2a: Pelipper
|move|p1a: Unc|Flamethrower|p2a: Pelipper
|-resisted|p2a: Pelipper
|-damage|p2a: Pelipper|89/100
|
|-weather|RainDance|[upkeep]
|upkeep
|turn|10
|
|t:|1769366983
|-terastallize|p1a: Unc|Fire
|move|p1a: Unc|U-turn|p2a: Pelipper
|-resisted|p2a: Pelipper
|-damage|p2a: Pelipper|81/100
|
|t:|1769366989
|switch|p1a: Megatron|Metagross, shiny|100/100|[from] U-turn
|move|p2a: Pelipper|Hurricane|p1a: Megatron
|-resisted|p1a: Megatron
|-damage|p1a: Megatron|79/100
|
|-weather|RainDance|[upkeep]
|-heal|p1a: Megatron|85/100|[from] item: Leftovers
|-sideend|p1: NOTs1ke|move: Tailwind
|upkeep
|turn|11
|
|t:|1769367014
|move|p1a: Megatron|Knock Off|p2a: Pelipper
|-damage|p2a: Pelipper|61/100
|-enditem|p2a: Pelipper|Damp Rock|[from] move: Knock Off|[of] p1a: Megatron
|move|p2a: Pelipper|Surf|p1a: Megatron
|-damage|p1a: Megatron|31/100
|
|-weather|RainDance|[upkeep]
|-heal|p1a: Megatron|37/100|[from] item: Leftovers
|upkeep
|turn|12
|
|t:|1769367031
|move|p1a: Megatron|Iron Head|p2a: Pelipper
|-resisted|p2a: Pelipper
|-damage|p2a: Pelipper|47/100
|cant|p2a: Pelipper|flinch
|
|-weather|RainDance|[upkeep]
|-heal|p1a: Megatron|43/100|[from] item: Leftovers
|upkeep
|turn|13
|inactive|NOTs1ke has 120 seconds left.
|
|t:|1769367046
|move|p1a: Megatron|Expanding Force|p2a: Pelipper
|-damage|p2a: Pelipper|5/100
|move|p2a: Pelipper|U-turn|p1a: Megatron
|-damage|p1a: Megatron|35/100
|
|t:|1769367051
|switch|p2a: Barraskewda|Barraskewda, F|100/100|[from] U-turn
|-status|p2a: Barraskewda|psn
|
|-weather|RainDance|[upkeep]
|-heal|p1a: Megatron|41/100|[from] item: Leftovers
|-damage|p2a: Barraskewda|88/100 psn|[from] psn
|upkeep
|turn|14
|
|t:|1769367061
|move|p2a: Barraskewda|Waterfall|p1a: Megatron
|-damage|p1a: Megatron|0 fnt
|faint|p1a: Megatron
|-damage|p2a: Barraskewda|78/100 psn|[from] item: Life Orb
|
|-weather|RainDance|[upkeep]
|-damage|p2a: Barraskewda|66/100 psn|[from] psn
|upkeep
|
|t:|1769367068
|switch|p1a: Unc|Dragapult, M, tera:Fire|100/100
|turn|15
|
|t:|1769367074
|move|p2a: Barraskewda|Waterfall|p1a: Unc
|-supereffective|p1a: Unc
|-damage|p1a: Unc|0 fnt
|faint|p1a: Unc
|-damage|p2a: Barraskewda|56/100 psn|[from] item: Life Orb
|
|-weather|RainDance|[upkeep]
|-damage|p2a: Barraskewda|44/100 psn|[from] psn
|upkeep
|
|t:|1769367081
|switch|p1a: Kingambit|Kingambit, M|100/100
|-activate|p1a: Kingambit|ability: Supreme Overlord
|-start|p1a: Kingambit|fallen5|[silent]
|turn|16
|
|t:|1769367097
|move|p2a: Barraskewda|Waterfall|p1a: Kingambit
|-damage|p1a: Kingambit|32/100
|-damage|p2a: Barraskewda|34/100 psn|[from] item: Life Orb
|cant|p1a: Kingambit|flinch
|
|-weather|none
|-damage|p2a: Barraskewda|22/100 psn|[from] psn
|upkeep
|turn|17
|
|t:|1769367105
|move|p2a: Barraskewda|Waterfall|p1a: Kingambit
|-damage|p1a: Kingambit|0 fnt
|faint|p1a: Kingambit
|-end|p1a: Kingambit|fallen5|[silent]
|-damage|p2a: Barraskewda|12/100 psn|[from] item: Life Orb
|
|win|ghost9922
|raw|NOTs1ke's rating: 1102 &rarr; <strong>1081</strong><br />(-21 for losing)
|raw|ghost9922's rating: 1165 &rarr; <strong>1186</strong><br />(+21 for winning)
|l|☆NOTs1ke
|player|p1|
