|j|☆xail44
|j|☆TheSavageShadow
|t:|1769293057
|gametype|singles
|player|p1|xail44|266|1095
|player|p2|TheSavageShadow|benga|1111
|gen|9
|tier|[Gen 9] OU
|rated|
|rule|HP Percentage Mod: HP is shown in percentages
|rule|Endless Battle Clause: Forcing endless battles is banned
|rule|Species Clause: Limit one of each Pokémon
|rule|OHKO Clause: OHKO moves are banned
|rule|Evasion Items Clause: Evasion items are banned
|rule|Evasion Moves Clause: Evasion moves are banned
|rule|Evasion Abilities Clause: Evasion abilities are banned
|rule|Sleep Moves Clause: Sleep-inducing moves are banned
|clearpoke
|poke|p1|Spidops, F|
|poke|p1|Cacturne, F|
|poke|p1|Weezing, M|
|poke|p1|Furret, F|
|poke|p1|Ceruledge, F|
|poke|p1|Regidrago|
|poke|p2|Regidrago|
|poke|p2|Corviknight, F|
|poke|p2|Darkrai|
|poke|p2|Great Tusk|
|poke|p2|Ogerpon-Wellspring, F|
|poke|p2|Armarouge, F|
|teampreview
|inactive|Battle timer is ON: inactive players will automatically lose when time's up. (requested by xail44)
|
|t:|1769293064
|teamsize|p1|6
|teamsize|p2|6
|start
|switch|p1a: Spidops|Spidops, F|100/100
|switch|p2a: Great Tusk|Great Tusk, shiny|100/100
|turn|1
|
|t:|1769293069
|move|p2a: Great Tusk|Stealth Rock|p1a: Spidops
|-sidestart|p1: xail44|move: Stealth Rock
|move|p1a: Spidops|Knock Off|p2a: Great Tusk
|-resisted|p2a: Great Tusk
|-damage|p2a: Great Tusk|96/100
|-enditem|p2a: Great Tusk|Heavy-Duty Boots|[from] move: Knock Off|[of] p1a: Spidops
|
|upkeep
|turn|2
|
|t:|1769293079
|move|p1a: Spidops|Silk Trap|p1a: Spidops
|-singleturn|p1a: Spidops|Protect
|move|p2a: Great Tusk|Headlong Rush|p1a: Spidops
|-activate|p1a: Spidops|move: Protect
|-unboost|p2a: Great Tusk|spe|1
|
|upkeep
|turn|3
|
|t:|1769293089
|move|p2a: Great Tusk|Headlong Rush|p1a: Spidops
|-resisted|p1a: Spidops
|-damage|p1a: Spidops|78/100
|-unboost|p2a: Great Tusk|def|1
|-unboost|p2a: Great Tusk|spd|1
|-damage|p2a: Great Tusk|79/100|[from] item: Rocky Helmet|[of] p1a: Spidops
|move|p1a: Spidops|Sticky Web|p2a: Great Tusk
|-sidestart|p2: TheSavageShadow|move: Sticky Web
|
|upkeep
|turn|4
|
|t:|1769293100
|-end|p2a: Great Tusk|Protosynthesis|[silent]
|switch|p2a: Armarouge|Armarouge, F|100/100
|-activate|p2a: Armarouge|move: Sticky Web
|-unboost|p2a: Armarouge|spe|1
|move|p1a: Spidops|Silk Trap||[still]
|-fail|p1a: Spidops
|
|upkeep
|turn|5
|
|t:|1769293106
|move|p2a: Armarouge|Armor Cannon|p1a: Spidops
|-supereffective|p1a: Spidops
|-damage|p1a: Spidops|0 fnt
|-unboost|p2a: Armarouge|def|1
|-unboost|p2a: Armarouge|spd|1
|faint|p1a: Spidops
|
|upkeep
|
|t:|1769293115
|switch|p1a: Furret|Furret, F|100/100
|-item|p2a: Armarouge|Assault Vest|[from] ability: Frisk|[of] p1a: Furret
|turn|6
|
|t:|1769293130
|switch|p2a: Corviknight|Corviknight, F, shiny|100/100
|move|p1a: Furret|Tidy Up|p1a: Furret
|-sideend|p1: xail44|Stealth Rock
|-sideend|p2: TheSavageShadow|Sticky Web
|-activate|p1a: Furret|move: Tidy Up
|-boost|p1a: Furret|atk|1
|-boost|p1a: Furret|spe|1
|
|upkeep
|turn|7
|
|t:|1769293139
|move|p1a: Furret|Knock Off|p2a: Corviknight
|-crit|p2a: Corviknight
|-damage|p2a: Corviknight|68/100
|-damage|p1a: Furret|84/100|[from] item: Rocky Helmet|[of] p2a: Corviknight
|-enditem|p2a: Corviknight|Rocky Helmet|[from] move: Knock Off|[of] p1a: Furret
|move|p2a: Corviknight|Body Press|p1a: Furret
|-supereffective|p1a: Furret
|-damage|p1a: Furret|0 fnt
|faint|p1a: Furret
|
|upkeep
|
|t:|1769293151
|switch|p1a: Ceruledge|Ceruledge, F|100/100
|turn|8
|
|t:|1769293162
|move|p1a: Ceruledge|Bitter Blade|p2a: Corviknight
|-supereffective|p2a: Corviknight
|-damage|p2a: Corviknight|13/100
|move|p2a: Corviknight|U-turn|p1a: Ceruledge
|-resisted|p1a: Ceruledge
|-damage|p1a: Ceruledge|95/100
|
|t:|1769293177
|switch|p2a: Ogerpon|Ogerpon-Wellspring, F|100/100|[from] U-turn
|
|upkeep
|turn|9
|
|t:|1769293181
|switch|p1a: Cacturne|Cacturne, F|100/100
|move|p2a: Ogerpon|Ivy Cudgel|p1a: Cacturne|[anim] Ivy Cudgel Water
|-immune|p1a: Cacturne|[from] ability: Water Absorb
|
|upkeep
|turn|10
|
|t:|1769293187
|switch|p1a: Weezing|Weezing, M|100/100
|move|p2a: Ogerpon|U-turn|p1a: Weezing
|-resisted|p1a: Weezing
|-damage|p1a: Weezing|87/100
|
|t:|1769293199
|switch|p2a: Armarouge|Armarouge, F|100/100|[from] U-turn
|
|upkeep
|turn|11
|
|t:|1769293205
|-terastallize|p1a: Weezing|Dark
|move|p1a: Weezing|Dark Pulse|p2a: Armarouge
|-supereffective|p2a: Armarouge
|-crit|p2a: Armarouge
|-damage|p2a: Armarouge|0 fnt
|faint|p2a: Armarouge
|
|upkeep
|
|t:|1769293217
|switch|p2a: Great Tusk|Great Tusk, shiny|79/100
|turn|12
|
|t:|1769293226
|switch|p1a: Ceruledge|Ceruledge, F|95/100
|move|p2a: Great Tusk|Body Press|p1a: Ceruledge
|-immune|p1a: Ceruledge
|
|upkeep
|turn|13
|
|t:|1769293234
|switch|p1a: Cacturne|Cacturne, F|100/100
|move|p2a: Great Tusk|Stealth Rock|p1a: Cacturne
|-sidestart|p1: xail44|move: Stealth Rock
|
|upkeep
|turn|14
|
|t:|1769293240
|move|p2a: Great Tusk|Body Press|p1a: Cacturne
|-supereffective|p1a: Cacturne
|-damage|p1a: Cacturne|0 fnt
|faint|p1a: Cacturne
|
|upkeep
|
|t:|1769293249
|switch|p1a: Regidrago|Regidrago|100/100
|-damage|p1a: Regidrago|88/100|[from] Stealth Rock
|turn|15
|
|t:|1769293262
|move|p1a: Regidrago|Dragon Energy|p2a: Great Tusk
|-damage|p2a: Great Tusk|0 fnt
|faint|p2a: Great Tusk
|-end|p2a: Great Tusk|Protosynthesis|[silent]
|
|upkeep
|
|t:|1769293268
|switch|p2a: Regidrago|Regidrago|100/100
|turn|16
|
|t:|1769293271
|move|p1a: Regidrago|Dragon Energy|p2a: Regidrago
|-supereffective|p2a: Regidrago
|-damage|p2a: Regidrago|0 fnt
|faint|p2a: Regidrago
|
|upkeep
|
|t:|1769293274
|switch|p2a: Ogerpon|Ogerpon-Wellspring, F|100/100
|turn|17
|
|t:|1769293278
|move|p2a: Ogerpon|Spiky Shield|p2a: Ogerpon
|-singleturn|p2a: Ogerpon|move: Protect
|move|p1a: Regidrago|Dragon Energy|p2a: Ogerpon
|-activate|p2a: Ogerpon|move: Protect
|
|upkeep
|turn|18
|
|t:|1769293284
|move|p1a: Regidrago|Dragon Energy|p2a: Ogerpon
|-damage|p2a: Ogerpon|0 fnt
|faint|p2a: Ogerpon
|
|upkeep
|
|t:|1769293287
|switch|p2a: Darkrai|Darkrai, shiny|100/100
|turn|19
|
|t:|1769293291
|move|p2a: Darkrai|Ice Beam|p1a: Regidrago
|-supereffective|p1a: Regidrago
|-damage|p1a: Regidrago|19/100
|move|p1a: Regidrago|Dragon Energy|p2a: Darkrai
|-damage|p2a: Darkrai|76/100
|
|upkeep
|turn|20
|
|t:|1769293298
|switch|p1a: Ceruledge|Ceruledge, F|95/100
|-damage|p1a: Ceruledge|71/100|[from] Stealth Rock
|move|p2a: Darkrai|Ice Beam|p1a: Ceruledge
|-resisted|p1a: Ceruledge
|-damage|p1a: Ceruledge|57/100
|
|upkeep
|turn|21
|
|t:|1769293304
|switch|p2a: Corviknight|Corviknight, F, shiny|13/100
|move|p1a: Ceruledge|Bitter Blade|p2a: Corviknight
|-supereffective|p2a: Corviknight
|-damage|p2a: Corviknight|0 fnt
|-heal|p1a: Ceruledge|66/100|[from] drain|[of] p2a: Corviknight
|faint|p2a: Corviknight
|
|upkeep
|
|t:|1769293306
|switch|p2a: Darkrai|Darkrai, shiny|76/100
|turn|22
|
|t:|1769293316
|move|p1a: Ceruledge|Shadow Sneak|p2a: Darkrai
|-resisted|p2a: Darkrai
|-damage|p2a: Darkrai|62/100
|move|p2a: Darkrai|Ice Beam|p1a: Ceruledge
|-resisted|p1a: Ceruledge
|-damage|p1a: Ceruledge|53/100
|
|upkeep
|turn|23
|c|☆xail44|gg
|
|t:|1769293328
|move|p2a: Darkrai|Ice Beam|p1a: Ceruledge
|-resisted|p1a: Ceruledge
|-damage|p1a: Ceruledge|40/100
|move|p1a: Ceruledge|Brick Break|p2a: Darkrai
|-supereffective|p2a: Darkrai
|-damage|p2a: Darkrai|0 fnt
|faint|p2a: Darkrai
|
|win|xail44
|raw|xail44's rating: 1095 &rarr; <strong>1122</strong><br />(+27 for winning)
|raw|TheSavageShadow's rating: 1111 &rarr; <strong>1085</strong><br />(-26 for losing)
|l|☆TheSavageShadow
|player|p2|
|l|☆xail44
|player|p1|
