|j|☆Manvithxyzz17
|j|☆TigerEyeHS
|t:|1769405942
|gametype|singles
|player|p1|Manvithxyzz17|hugh|1406
|player|p2|TigerEyeHS|gambler|1380
|gen|9
|tier|[Gen 9] OU
|rated|
|rule|HP Percentage Mod: HP is shown in percentages
|rule|Endless Battle Clause: Forcing endless battles is banned
|rule|Species Clause: Limit one of each Pokémon
|rule|OHKO Clause: OHKO moves are banned
|rule|Evasion Items Clause: Evasion items are banned
|rule|Evasion Moves Clause: Evasion moves are banned
|rule|Evasion Abilities Clause: Evasion abilities are banned
|rule|Sleep Moves Clause: Sleep-inducing moves are banned
|clearpoke
|poke|p1|Enamorus, F|
|poke|p1|Greninja-*, M|
|poke|p1|Serperior, F|
|poke|p1|Goodra-Hisui, F|
|poke|p1|Dragapult, M|
|poke|p1|Great Tusk|
|poke|p2|Great Tusk|
|poke|p2|Walking Wake|
|poke|p2|Kingambit, M|
|poke|p2|Venusaur, F|
|poke|p2|Ninetales, M|
|poke|p2|Raging Bolt|
|teampreview
|inactive|Battle timer is ON: inactive players will automatically lose when time's up. (requested by Manvithxyzz17)
|
|t:|1769405953
|teamsize|p1|6
|teamsize|p2|6
|start
|switch|p1a: Great Tusk|Great Tusk|100/100
|switch|p2a: Ninetales|Ninetales, M|100/100
|-weather|SunnyDay|[from] ability: Drought|[of] p2a: Ninetales
|-activate|p1a: Great Tusk|ability: Protosynthesis
|-start|p1a: Great Tusk|protosynthesisatk
|turn|1
|
|t:|1769405964
|switch|p2a: Great Tusk|Great Tusk|100/100
|-activate|p2a: Great Tusk|ability: Protosynthesis
|-start|p2a: Great Tusk|protosynthesisatk
|move|p1a: Great Tusk|Earthquake|p2a: Great Tusk
|-damage|p2a: Great Tusk|54/100
|
|-weather|SunnyDay|[upkeep]
|-heal|p2a: Great Tusk|60/100|[from] item: Leftovers
|upkeep
|turn|2
|
|t:|1769405974
|move|p1a: Great Tusk|Ice Spinner|p2a: Great Tusk
|-supereffective|p2a: Great Tusk
|-damage|p2a: Great Tusk|8/100
|move|p2a: Great Tusk|Ice Spinner|p1a: Great Tusk
|-supereffective|p1a: Great Tusk
|-damage|p1a: Great Tusk|51/100
|
|-weather|SunnyDay|[upkeep]
|-heal|p2a: Great Tusk|14/100|[from] item: Leftovers
|upkeep
|turn|3
|
|t:|1769405984
|move|p1a: Great Tusk|Rapid Spin|p2a: Great Tusk
|-damage|p2a: Great Tusk|0 fnt
|-boost|p1a: Great Tusk|spe|1
|faint|p2a: Great Tusk
|-end|p2a: Great Tusk|Protosynthesis|[silent]
|
|-weather|SunnyDay|[upkeep]
|upkeep
|
|t:|1769405992
|switch|p2a: Venusaur|Venusaur, F|100/100
|turn|4
|
|t:|1769405998
|-end|p1a: Great Tusk|Protosynthesis|[silent]
|switch|p1a: Goodra|Goodra-Hisui, F|100/100
|move|p2a: Venusaur|Giga Drain|p1a: Goodra
|-ability|p1a: Goodra|Sap Sipper|boost
|-boost|p1a: Goodra|atk|1
|
|-weather|SunnyDay|[upkeep]
|upkeep
|turn|5
|
|t:|1769406025
|switch|p2a: Kingambit|Kingambit, M|100/100
|-activate|p2a: Kingambit|ability: Supreme Overlord
|-start|p2a: Kingambit|fallen1|[silent]
|-item|p2a: Kingambit|Air Balloon
|move|p1a: Goodra|Fire Blast|p2a: Kingambit
|-supereffective|p2a: Kingambit
|-damage|p2a: Kingambit|0 fnt
|-enditem|p2a: Kingambit|Air Balloon
|faint|p2a: Kingambit
|-end|p2a: Kingambit|fallen1|[silent]
|
|-weather|SunnyDay|[upkeep]
|upkeep
|
|t:|1769406041
|switch|p2a: Walking Wake|Walking Wake|100/100
|-activate|p2a: Walking Wake|ability: Protosynthesis
|-start|p2a: Walking Wake|protosynthesisspe
|turn|6
|inactive|Manvithxyzz17 has 120 seconds left.
|
|t:|1769406070
|move|p2a: Walking Wake|Flamethrower|p1a: Goodra
|-damage|p1a: Goodra|68/100
|move|p1a: Goodra|Draco Meteor|p2a: Walking Wake
|-supereffective|p2a: Walking Wake
|-damage|p2a: Walking Wake|0 fnt
|-unboost|p1a: Goodra|spa|2
|faint|p2a: Walking Wake
|-end|p2a: Walking Wake|Protosynthesis|[silent]
|
|-weather|SunnyDay|[upkeep]
|upkeep
|
|t:|1769406080
|switch|p2a: Venusaur|Venusaur, F|100/100
|turn|7
|
|t:|1769406084
|move|p2a: Venusaur|Weather Ball|p1a: Goodra
|-damage|p1a: Goodra|40/100
|-damage|p2a: Venusaur|91/100|[from] item: Life Orb
|move|p1a: Goodra|Fire Blast|p2a: Venusaur|[miss]
|-miss|p1a: Goodra|p2a: Venusaur
|
|-weather|SunnyDay|[upkeep]
|upkeep
|turn|8
|
|t:|1769406094
|-terastallize|p2a: Venusaur|Fire
|move|p2a: Venusaur|Weather Ball|p1a: Goodra
|-damage|p1a: Goodra|6/100
|-damage|p2a: Venusaur|81/100|[from] item: Life Orb
|move|p1a: Goodra|Fire Blast|p2a: Venusaur
|-resisted|p2a: Venusaur
|-crit|p2a: Venusaur
|-damage|p2a: Venusaur|36/100
|
|-weather|none
|upkeep
|turn|9
|
|t:|1769406108
|move|p2a: Venusaur|Giga Drain|p1a: Goodra
|-ability|p1a: Goodra|Sap Sipper|boost
|-boost|p1a: Goodra|atk|1
|move|p1a: Goodra|Thunderbolt|p2a: Venusaur
|-damage|p2a: Venusaur|18/100
|
|upkeep
|turn|10
|-message|TigerEyeHS forfeited.
|
|win|Manvithxyzz17
|raw|Manvithxyzz17's rating: 1406 &rarr; <strong>1425</strong><br />(+19 for winning)
|raw|TigerEyeHS's rating: 1380 &rarr; <strong>1361</strong><br />(-19 for losing)
|l|☆TigerEyeHS
|player|p2|
|l|☆Manvithxyzz17
|player|p1|
