|j|☆1colour
|j|☆CambridgeFoulPlay
|t:|1769370366
|gametype|singles
|player|p1|1colour|parasollady|1660
|player|p2|CambridgeFoulPlay|266|1699
|gen|9
|tier|[Gen 9] OU
|rated|
|rule|HP Percentage Mod: HP is shown in percentages
|rule|Endless Battle Clause: Forcing endless battles is banned
|rule|Species Clause: Limit one of each Pokémon
|rule|OHKO Clause: OHKO moves are banned
|rule|Evasion Items Clause: Evasion items are banned
|rule|Evasion Moves Clause: Evasion moves are banned
|rule|Evasion Abilities Clause: Evasion abilities are banned
|rule|Sleep Moves Clause: Sleep-inducing moves are banned
|clearpoke
|poke|p1|Dragapult, F|
|poke|p1|Greninja-*, F|
|poke|p1|Slowking-Galar, M|
|poke|p1|Chandelure, F|
|poke|p1|Corviknight, M|
|poke|p1|Iron Jugulis|
|poke|p2|Hydrapple, M|
|poke|p2|Tyranitar, F|
|poke|p2|Moltres|
|poke|p2|Zamazenta-*|
|poke|p2|Slowking-Galar, M|
|poke|p2|Excadrill, F|
|teampreview
|c|☆CambridgeFoulPlay|hf
|inactive|Battle timer is ON: inactive players will automatically lose when time's up. (requested by CambridgeFoulPlay)
|c|☆1colour|no u
|
|t:|1769370381
|teamsize|p1|6
|teamsize|p2|6
|start
|switch|p1a: Dragapult|Dragapult, F|100/100
|switch|p2a: Tyranitar|Tyranitar, F|100/100
|-weather|Sandstorm|[from] ability: Sand Stream|[of] p2a: Tyranitar
|turn|1
|
|t:|1769370384
|move|p1a: Dragapult|U-turn|p2a: Tyranitar
|-supereffective|p2a: Tyranitar
|-damage|p2a: Tyranitar|51/100
|
|t:|1769370387
|switch|p1a: Corviknight|Corviknight, M|100/100|[from] U-turn
|-ability|p1a: Corviknight|Pressure
|move|p2a: Tyranitar|Stealth Rock|p1a: Corviknight
|-sidestart|p1: 1colour|move: Stealth Rock
|
|-weather|Sandstorm|[upkeep]
|upkeep
|turn|2
|
|t:|1769370389
|switch|p2a: Moltres|Moltres|100/100
|move|p1a: Corviknight|Defog|p2a: Moltres
|-unboost|p2a: Moltres|evasion|1
|-sideend|p1: 1colour|Stealth Rock|[from] move: Defog|[of] p1a: Corviknight
|
|-weather|Sandstorm|[upkeep]
|-damage|p2a: Moltres|94/100|[from] Sandstorm
|upkeep
|turn|3
|
|t:|1769370392
|switch|p1a: Chandelure|Chandelure, F|100/100
|move|p2a: Moltres|Flamethrower|p1a: Chandelure
|-start|p1a: Chandelure|ability: Flash Fire
|
|-weather|Sandstorm|[upkeep]
|-damage|p1a: Chandelure|94/100|[from] Sandstorm
|-damage|p2a: Moltres|88/100|[from] Sandstorm
|upkeep
|turn|4
|
|t:|1769370395
|move|p1a: Chandelure|Trick|p2a: Moltres
|-activate|p1a: Chandelure|move: Trick|[of] p2a: Moltres
|-item|p2a: Moltres|Choice Scarf|[from] move: Trick
|-item|p1a: Chandelure|Heavy-Duty Boots|[from] move: Trick
|move|p2a: Moltres|U-turn|p1a: Chandelure
|-resisted|p1a: Chandelure
|-damage|p1a: Chandelure|90/100
|
|t:|1769370398
|switch|p2a: Tyranitar|Tyranitar, F|51/100|[from] U-turn
|
|-weather|Sandstorm|[upkeep]
|-damage|p1a: Chandelure|84/100|[from] Sandstorm
|upkeep
|turn|5
|
|t:|1769370403
|move|p1a: Chandelure|Will-O-Wisp|p2a: Tyranitar
|-status|p2a: Tyranitar|brn
|move|p2a: Tyranitar|Knock Off|p1a: Chandelure
|-supereffective|p1a: Chandelure
|-damage|p1a: Chandelure|19/100
|-enditem|p1a: Chandelure|Heavy-Duty Boots|[from] move: Knock Off|[of] p2a: Tyranitar
|
|-weather|Sandstorm|[upkeep]
|-damage|p1a: Chandelure|13/100|[from] Sandstorm
|-damage|p2a: Tyranitar|45/100 brn|[from] brn
|upkeep
|turn|6
|
|t:|1769370411
|move|p1a: Chandelure|Trick|p2a: Tyranitar
|-activate|p1a: Chandelure|move: Trick|[of] p2a: Tyranitar
|-enditem|p2a: Tyranitar|Smooth Rock|[silent]|[from] move: Trick
|-item|p1a: Chandelure|Smooth Rock|[from] move: Trick
|move|p2a: Tyranitar|Stealth Rock|p1a: Chandelure
|-sidestart|p1: 1colour|move: Stealth Rock
|
|-weather|Sandstorm|[upkeep]
|-damage|p1a: Chandelure|7/100|[from] Sandstorm
|-damage|p2a: Tyranitar|38/100 brn|[from] brn
|upkeep
|turn|7
|
|t:|1769370418
|move|p1a: Chandelure|Flamethrower|p2a: Tyranitar
|-resisted|p2a: Tyranitar
|-damage|p2a: Tyranitar|23/100 brn
|move|p2a: Tyranitar|Knock Off|p1a: Chandelure
|-supereffective|p1a: Chandelure
|-crit|p1a: Chandelure
|-damage|p1a: Chandelure|0 fnt
|-enditem|p1a: Chandelure|Smooth Rock|[from] move: Knock Off|[of] p2a: Tyranitar
|faint|p1a: Chandelure
|
|-weather|Sandstorm|[upkeep]
|-damage|p2a: Tyranitar|17/100 brn|[from] brn
|upkeep
|
|t:|1769370424
|switch|p1a: Corviknight|Corviknight, M|100/100
|-damage|p1a: Corviknight|88/100|[from] Stealth Rock
|-ability|p1a: Corviknight|Pressure
|turn|8
|
|t:|1769370427
|move|p2a: Tyranitar|Thunder Wave|p1a: Corviknight
|-status|p1a: Corviknight|par
|move|p1a: Corviknight|Defog|p2a: Tyranitar
|-unboost|p2a: Tyranitar|evasion|1
|-sideend|p1: 1colour|Stealth Rock|[from] move: Defog|[of] p1a: Corviknight
|
|-weather|none
|-damage|p2a: Tyranitar|11/100 brn|[from] brn
|upkeep
|turn|9
|
|t:|1769370434
|move|p2a: Tyranitar|Stealth Rock|p1a: Corviknight
|-sidestart|p1: 1colour|move: Stealth Rock
|move|p1a: Corviknight|Defog|p2a: Tyranitar
|-unboost|p2a: Tyranitar|evasion|1
|-sideend|p1: 1colour|Stealth Rock|[from] move: Defog|[of] p1a: Corviknight
|
|-damage|p2a: Tyranitar|5/100 brn|[from] brn
|upkeep
|turn|10
|
|t:|1769370441
|move|p2a: Tyranitar|Stealth Rock|p1a: Corviknight
|-sidestart|p1: 1colour|move: Stealth Rock
|move|p1a: Corviknight|Defog|p2a: Tyranitar
|-unboost|p2a: Tyranitar|evasion|1
|-sideend|p1: 1colour|Stealth Rock|[from] move: Defog|[of] p1a: Corviknight
|
|-damage|p2a: Tyranitar|0 fnt|[from] brn
|faint|p2a: Tyranitar
|upkeep
|
|t:|1769370443
|switch|p2a: Hydrapple|Hydrapple, M|100/100
|turn|11
|
|t:|1769370451
|move|p2a: Hydrapple|Fickle Beam|p1a: Corviknight
|-resisted|p1a: Corviknight
|-damage|p1a: Corviknight|70/100 par
|move|p1a: Corviknight|U-turn|p2a: Hydrapple
|-supereffective|p2a: Hydrapple
|-damage|p2a: Hydrapple|83/100
|
|t:|1769370457
|switch|p1a: Slowking|Slowking-Galar, M|100/100|[from] U-turn
|
|upkeep
|turn|12
|
|t:|1769370461
|switch|p2a: Slowking|Slowking-Galar, M|100/100
|-prepare|p1a: Slowking|Chilly Reception|[premajor]
|move|p1a: Slowking|Chilly Reception|p1a: Slowking
|-weather|Snowscape
|
|t:|1769370474
|switch|p1a: Dragapult|Dragapult, F|100/100|[from] Chilly Reception
|
|-weather|Snowscape|[upkeep]
|upkeep
|turn|13
|
|t:|1769370476
|-terastallize|p1a: Dragapult|Ghost
|move|p1a: Dragapult|Tera Blast|p2a: Slowking|[anim] Tera Blast Ghost
|-supereffective|p2a: Slowking
|-damage|p2a: Slowking|0 fnt
|faint|p2a: Slowking
|
|-weather|Snowscape|[upkeep]
|upkeep
|
|t:|1769370480
|switch|p2a: Zamazenta|Zamazenta|100/100
|-ability|p2a: Zamazenta|Dauntless Shield|boost
|-boost|p2a: Zamazenta|def|1
|turn|14
|
|t:|1769370486
|switch|p1a: Slowking|Slowking-Galar, M|100/100
|move|p2a: Zamazenta|Iron Defense|p2a: Zamazenta
|-boost|p2a: Zamazenta|def|2
|
|-weather|Snowscape|[upkeep]
|upkeep
|turn|15
|
|t:|1769370489
|move|p2a: Zamazenta|Crunch|p1a: Slowking
|-supereffective|p1a: Slowking
|-damage|p1a: Slowking|53/100
|move|p1a: Slowking|Thunder Wave|p2a: Zamazenta
|-status|p2a: Zamazenta|par
|
|-weather|Snowscape|[upkeep]
|upkeep
|turn|16
|
|t:|1769370510
|move|p2a: Zamazenta|Crunch|p1a: Slowking
|-supereffective|p1a: Slowking
|-damage|p1a: Slowking|7/100
|-prepare|p1a: Slowking|Chilly Reception|[premajor]
|move|p1a: Slowking|Chilly Reception|p1a: Slowking
|
|t:|1769370520
|switch|p1a: Iron Jugulis|Iron Jugulis|100/100|[from] Chilly Reception
|-enditem|p1a: Iron Jugulis|Booster Energy
|-activate|p1a: Iron Jugulis|ability: Quark Drive|[fromitem]
|-start|p1a: Iron Jugulis|quarkdrivespe
|
|-weather|none
|upkeep
|turn|17
|
|t:|1769370524
|move|p1a: Iron Jugulis|Air Slash|p2a: Zamazenta
|-supereffective|p2a: Zamazenta
|-damage|p2a: Zamazenta|27/100 par
|move|p2a: Zamazenta|Body Press|p1a: Iron Jugulis
|-damage|p1a: Iron Jugulis|0 fnt
|faint|p1a: Iron Jugulis
|-end|p1a: Iron Jugulis|Quark Drive|[silent]
|
|-heal|p2a: Zamazenta|33/100 par|[from] item: Leftovers
|upkeep
|c|☆1colour|impressive
|
|t:|1769370542
|switch|p1a: Greninja|Greninja, F, shiny|100/100
|turn|18
|
|t:|1769370545
|move|p1a: Greninja|Dark Pulse|p2a: Zamazenta
|-start|p1a: Greninja|typechange|Dark|[from] ability: Protean
|-resisted|p2a: Zamazenta
|-damage|p2a: Zamazenta|12/100 par
|-damage|p1a: Greninja|91/100|[from] item: Life Orb
|move|p2a: Zamazenta|Body Press|p1a: Greninja
|-supereffective|p1a: Greninja
|-damage|p1a: Greninja|0 fnt
|faint|p1a: Greninja
|
|-heal|p2a: Zamazenta|18/100 par|[from] item: Leftovers
|upkeep
|c|☆1colour|he dont flinch
|
|t:|1769370559
|switch|p1a: Dragapult|Dragapult, F, tera:Ghost|100/100
|turn|19
|
|t:|1769370562
|move|p1a: Dragapult|Tera Blast|p2a: Zamazenta|[anim] Tera Blast Ghost
|-damage|p2a: Zamazenta|0 fnt
|faint|p2a: Zamazenta
|
|upkeep
|
|t:|1769370565
|switch|p2a: Hydrapple|Hydrapple, M|100/100
|turn|20
|
|t:|1769370570
|switch|p1a: Corviknight|Corviknight, M|70/100 par
|-ability|p1a: Corviknight|Pressure
|move|p2a: Hydrapple|Fickle Beam|p1a: Corviknight
|-resisted|p1a: Corviknight
|-damage|p1a: Corviknight|52/100 par
|
|upkeep
|turn|21
|
|t:|1769370573
|-terastallize|p2a: Hydrapple|Poison
|move|p2a: Hydrapple|Nasty Plot|p2a: Hydrapple
|-boost|p2a: Hydrapple|spa|2
|move|p1a: Corviknight|Brave Bird|p2a: Hydrapple
|-damage|p2a: Hydrapple|80/100
|-damage|p1a: Corviknight|45/100 par|[from] Recoil
|
|upkeep
|turn|22
|
|t:|1769370579
|move|p2a: Hydrapple|Nasty Plot|p2a: Hydrapple
|-boost|p2a: Hydrapple|spa|2
|move|p1a: Corviknight|Brave Bird|p2a: Hydrapple
|-damage|p2a: Hydrapple|57/100
|-damage|p1a: Corviknight|37/100 par|[from] Recoil
|
|upkeep
|turn|23
|
|t:|1769370581
|move|p2a: Hydrapple|Fickle Beam|p1a: Corviknight
|-resisted|p1a: Corviknight
|-damage|p1a: Corviknight|0 fnt
|faint|p1a: Corviknight
|
|upkeep
|
|t:|1769370584
|switch|p1a: Dragapult|Dragapult, F, tera:Ghost|100/100
|turn|24
|
|t:|1769370586
|move|p1a: Dragapult|Tera Blast|p2a: Hydrapple|[anim] Tera Blast Ghost
|-damage|p2a: Hydrapple|7/100
|move|p2a: Hydrapple|Giga Drain|p1a: Dragapult
|-damage|p1a: Dragapult|0 fnt
|-heal|p2a: Hydrapple|46/100|[from] drain|[of] p1a: Dragapult
|faint|p1a: Dragapult
|
|upkeep
|-message|1colour forfeited.
|
|win|CambridgeFoulPlay
|raw|1colour's rating: 1660 &rarr; <strong>1642</strong><br />(-18 for losing)
|raw|CambridgeFoulPlay's rating: 1699 &rarr; <strong>1717</strong><br />(+18 for winning)
|c|☆CambridgeFoulPlay|gg
|l|☆1colour
|player|p1|
|l|☆CambridgeFoulPlay
|player|p2|
