|j|☆4G3NC Teo
|j|☆waha8
|t:|1769407276
|gametype|singles
|player|p1|4G3NC Teo|iris-gen5bw2|1468
|player|p2|waha8|265|1507
|gen|9
|tier|[Gen 9] OU
|rated|
|rule|HP Percentage Mod: HP is shown in percentages
|rule|Endless Battle Clause: Forcing endless battles is banned
|rule|Species Clause: Limit one of each Pokémon
|rule|OHKO Clause: OHKO moves are banned
|rule|Evasion Items Clause: Evasion items are banned
|rule|Evasion Moves Clause: Evasion moves are banned
|rule|Evasion Abilities Clause: Evasion abilities are banned
|rule|Sleep Moves Clause: Sleep-inducing moves are banned
|clearpoke
|poke|p1|Zapdos-Galar|
|poke|p1|Zamazenta-*|
|poke|p1|Azumarill, F|
|poke|p1|Iron Crown|
|poke|p1|Pecharunt|
|poke|p1|Iron Treads|
|poke|p2|Glimmora, F|
|poke|p2|Ursaluna, M|
|poke|p2|Cinderace, F|
|poke|p2|Iron Hands|
|poke|p2|Reuniclus, F|
|poke|p2|Cresselia, F|
|teampreview
|inactive|Battle timer is ON: inactive players will automatically lose when time's up. (requested by 4G3NC Teo)
|
|t:|1769407283
|teamsize|p1|6
|teamsize|p2|6
|start
|switch|p1a: Iron Crown|Iron Crown|100/100
|switch|p2a: Cress|Cresselia, F|100/100
|turn|1
|
|t:|1769407291
|move|p1a: Iron Crown|Volt Switch|p2a: Cress
|-damage|p2a: Cress|86/100
|
|t:|1769407293
|-end|p1a: Iron Crown|Quark Drive|[silent]
|switch|p1a: Azumarill|Azumarill, F|100/100|[from] Volt Switch
|move|p2a: Cress|Trick Room|p2a: Cress
|-fieldstart|move: Trick Room|[of] p2a: Cress
|
|-heal|p2a: Cress|92/100|[from] item: Leftovers
|upkeep
|turn|2
|
|t:|1769407306
|move|p1a: Azumarill|Knock Off|p2a: Cress
|-supereffective|p2a: Cress
|-damage|p2a: Cress|53/100
|-enditem|p2a: Cress|Leftovers|[from] move: Knock Off|[of] p1a: Azumarill
|move|p2a: Cress|Dazzling Gleam|p1a: Azumarill
|-damage|p1a: Azumarill|91/100
|
|upkeep
|turn|3
|
|t:|1769407319
|move|p1a: Azumarill|Liquidation|p2a: Cress
|-damage|p2a: Cress|26/100
|move|p2a: Cress|Dazzling Gleam|p1a: Azumarill
|-damage|p1a: Azumarill|82/100
|
|upkeep
|turn|4
|
|t:|1769407333
|move|p1a: Azumarill|Liquidation|p2a: Cress
|-damage|p2a: Cress|0 fnt
|faint|p2a: Cress
|
|upkeep
|
|t:|1769407338
|switch|p2a: No Hands|Iron Hands|100/100
|-enditem|p2a: No Hands|Booster Energy
|-activate|p2a: No Hands|ability: Quark Drive|[fromitem]
|-start|p2a: No Hands|quarkdriveatk
|turn|5
|
|t:|1769407347
|switch|p1a: Pecharunt|Pecharunt|100/100
|move|p2a: No Hands|Supercell Slam|p1a: Pecharunt
|-damage|p1a: Pecharunt|63/100
|
|-heal|p1a: Pecharunt|69/100|[from] item: Leftovers
|-fieldend|move: Trick Room
|upkeep
|turn|6
|
|t:|1769407359
|-end|p2a: No Hands|Quark Drive|[silent]
|switch|p2a: Red Hulk|Ursaluna, M, shiny|100/100
|move|p1a: Pecharunt|Recover|p1a: Pecharunt
|-heal|p1a: Pecharunt|100/100
|
|upkeep
|turn|7
|
|t:|1769407374
|move|p1a: Pecharunt|Parting Shot|p2a: Red Hulk
|-unboost|p2a: Red Hulk|atk|1
|-unboost|p2a: Red Hulk|spa|1
|
|t:|1769407376
|switch|p1a: Zamazenta|Zamazenta|100/100|[from] Parting Shot
|-ability|p1a: Zamazenta|Dauntless Shield|boost
|-boost|p1a: Zamazenta|def|1
|move|p2a: Red Hulk|Supercell Slam|p1a: Zamazenta
|-damage|p1a: Zamazenta|78/100
|
|-heal|p1a: Zamazenta|84/100|[from] item: Leftovers
|upkeep
|turn|8
|
|t:|1769407390
|switch|p1a: Iron Crown|Iron Crown|100/100
|switch|p2a: Teddy|Reuniclus, F|100/100
|
|upkeep
|turn|9
|
|t:|1769407396
|move|p1a: Iron Crown|Volt Switch|p2a: Teddy
|-damage|p2a: Teddy|79/100
|
|t:|1769407398
|-end|p1a: Iron Crown|Quark Drive|[silent]
|switch|p1a: Azumarill|Azumarill, F|82/100|[from] Volt Switch
|move|p2a: Teddy|Calm Mind|p2a: Teddy
|-boost|p2a: Teddy|spa|1
|-boost|p2a: Teddy|spd|1
|
|-heal|p2a: Teddy|85/100|[from] item: Leftovers
|upkeep
|turn|10
|
|t:|1769407413
|move|p1a: Azumarill|Knock Off|p2a: Teddy
|-supereffective|p2a: Teddy
|-damage|p2a: Teddy|24/100
|-enditem|p2a: Teddy|Leftovers|[from] move: Knock Off|[of] p1a: Azumarill
|move|p2a: Teddy|Calm Mind|p2a: Teddy
|-boost|p2a: Teddy|spa|1
|-boost|p2a: Teddy|spd|1
|
|upkeep
|turn|11
|
|t:|1769407422
|-terastallize|p2a: Teddy|Fighting
|move|p1a: Azumarill|Knock Off|p2a: Teddy
|-resisted|p2a: Teddy
|-damage|p2a: Teddy|15/100
|move|p2a: Teddy|Stored Power|p1a: Azumarill
|-damage|p1a: Azumarill|33/100
|
|upkeep
|turn|12
|
|t:|1769407429
|move|p1a: Azumarill|Liquidation|p2a: Teddy
|-damage|p2a: Teddy|0 fnt
|faint|p2a: Teddy
|
|upkeep
|
|t:|1769407435
|switch|p2a: ReverseUNO|Cinderace, F|100/100
|turn|13
|-message|waha8 forfeited.
|
|win|4G3NC Teo
|raw|4G3NC Teo's rating: 1468 &rarr; <strong>1490</strong><br />(+22 for winning)
|raw|waha8's rating: 1507 &rarr; <strong>1485</strong><br />(-22 for losing)
|l|☆waha8
|player|p2|
|l|☆4G3NC Teo
|player|p1|
