|j|☆zahtoo
|j|☆PrimeXStriker
|t:|1769364516
|gametype|singles
|player|p1|zahtoo|clair|1316
|player|p2|PrimeXStriker|bruno|1343
|gen|9
|tier|[Gen 9] OU
|rated|
|rule|HP Percentage Mod: HP is shown in percentages
|rule|Endless Battle Clause: Forcing endless battles is banned
|rule|Species Clause: Limit one of each Pokémon
|rule|OHKO Clause: OHKO moves are banned
|rule|Evasion Items Clause: Evasion items are banned
|rule|Evasion Moves Clause: Evasion moves are banned
|rule|Evasion Abilities Clause: Evasion abilities are banned
|rule|Sleep Moves Clause: Sleep-inducing moves are banned
|clearpoke
|poke|p1|Ninetales-Alola, F|
|poke|p1|Eiscue, M|
|poke|p1|Ogerpon-Wellspring, F|
|poke|p1|Ceruledge, F|
|poke|p1|Kingambit, F|
|poke|p1|Iron Moth|
|poke|p2|Lokix, F|
|poke|p2|Slowking-Galar, M|
|poke|p2|Dragapult, F|
|poke|p2|Ting-Lu|
|poke|p2|Cinderace, F|
|poke|p2|Decidueye-Hisui, M|
|teampreview
|inactive|Battle timer is ON: inactive players will automatically lose when time's up. (requested by zahtoo)
|
|t:|1769364523
|teamsize|p1|6
|teamsize|p2|6
|start
|switch|p1a: Ninetales|Ninetales-Alola, F|100/100
|switch|p2a: Lokix|Lokix, F|100/100
|-weather|Snowscape|[from] ability: Snow Warning|[of] p1a: Ninetales
|turn|1
|inactive|zahtoo has 120 seconds left.
|
|t:|1769364562
|move|p1a: Ninetales|Aurora Veil|p1a: Ninetales
|-sidestart|p1: zahtoo|move: Aurora Veil
|move|p2a: Lokix|U-turn|p1a: Ninetales
|-resisted|p1a: Ninetales
|-damage|p1a: Ninetales|76/100
|
|t:|1769364564
|switch|p2a: Cinderace|Cinderace, F|100/100|[from] U-turn
|
|-weather|Snowscape|[upkeep]
|upkeep
|turn|2
|
|t:|1769364570
|switch|p1a: Ceruledge|Ceruledge, F|100/100
|move|p2a: Cinderace|Court Change|p2a: Cinderace
|-start|p2a: Cinderace|typechange|Normal|[from] ability: Libero
|-swapsideconditions
|-activate|p2a: Cinderace|move: Court Change
|
|-weather|Snowscape|[upkeep]
|upkeep
|turn|3
|
|t:|1769364584
|switch|p2a: Ting-Lu|Ting-Lu|100/100
|-ability|p2a: Ting-Lu|Vessel of Ruin
|move|p1a: Ceruledge|Close Combat|p2a: Ting-Lu
|-supereffective|p2a: Ting-Lu
|-damage|p2a: Ting-Lu|77/100
|-unboost|p1a: Ceruledge|def|1
|-unboost|p1a: Ceruledge|spd|1
|
|-weather|Snowscape|[upkeep]
|-heal|p2a: Ting-Lu|83/100|[from] item: Leftovers
|upkeep
|turn|4
|
|t:|1769364591
|switch|p1a: Ninetales|Ninetales-Alola, F|76/100
|move|p2a: Ting-Lu|Stealth Rock|p1a: Ninetales
|-sidestart|p1: zahtoo|move: Stealth Rock
|
|-weather|Snowscape|[upkeep]
|-heal|p2a: Ting-Lu|89/100|[from] item: Leftovers
|upkeep
|turn|5
|
|t:|1769364601
|move|p1a: Ninetales|Aurora Veil|p1a: Ninetales
|-sidestart|p1: zahtoo|move: Aurora Veil
|move|p2a: Ting-Lu|Ruination|p1a: Ninetales
|-damage|p1a: Ninetales|38/100
|
|-weather|none
|-heal|p2a: Ting-Lu|95/100|[from] item: Leftovers
|upkeep
|turn|6
|
|t:|1769364612
|switch|p2a: Cinderace|Cinderace, F|100/100
|move|p1a: Ninetales|Nasty Plot|p1a: Ninetales
|-boost|p1a: Ninetales|spa|2
|
|upkeep
|turn|7
|
|t:|1769364619
|move|p2a: Cinderace|Pyro Ball|p1a: Ninetales
|-supereffective|p1a: Ninetales
|-damage|p1a: Ninetales|0 fnt
|faint|p1a: Ninetales
|
|upkeep
|
|t:|1769364624
|switch|p1a: My Nightmare|Eiscue, M, shiny|100/100
|-damage|p1a: My Nightmare|76/100|[from] Stealth Rock
|turn|8
|
|t:|1769364627
|move|p2a: Cinderace|Will-O-Wisp|p1a: My Nightmare
|-status|p1a: My Nightmare|brn
|move|p1a: My Nightmare|Belly Drum|p1a: My Nightmare
|-damage|p1a: My Nightmare|26/100 brn
|-setboost|p1a: My Nightmare|atk|6|[from] move: Belly Drum
|
|-damage|p1a: My Nightmare|19/100 brn|[from] brn
|-sideend|p2: PrimeXStriker|move: Aurora Veil
|upkeep
|-enditem|p1a: My Nightmare|Salac Berry|[eat]
|-boost|p1a: My Nightmare|spe|1|[from] item: Salac Berry
|turn|9
|
|t:|1769364637
|switch|p2a: Decidueye|Decidueye-Hisui, M|100/100
|move|p1a: My Nightmare|Liquidation|p2a: Decidueye
|-resisted|p2a: Decidueye
|-damage|p2a: Decidueye|82/100
|-damage|p1a: My Nightmare|3/100 brn|[from] item: Rocky Helmet|[of] p2a: Decidueye
|
|-damage|p1a: My Nightmare|0 fnt|[from] brn
|faint|p1a: My Nightmare
|upkeep
|
|t:|1769364646
|switch|p1a: Iron Moth|Iron Moth|100/100
|-damage|p1a: Iron Moth|76/100|[from] Stealth Rock
|-enditem|p1a: Iron Moth|Booster Energy
|-activate|p1a: Iron Moth|ability: Quark Drive|[fromitem]
|-start|p1a: Iron Moth|quarkdrivespe
|turn|10
|
|t:|1769364649
|switch|p2a: Ting-Lu|Ting-Lu|95/100
|-ability|p2a: Ting-Lu|Vessel of Ruin
|move|p1a: Iron Moth|Fiery Dance|p2a: Ting-Lu
|-damage|p2a: Ting-Lu|77/100
|
|-heal|p2a: Ting-Lu|83/100|[from] item: Leftovers
|upkeep
|turn|11
|
|t:|1769364657
|move|p1a: Iron Moth|Fiery Dance|p2a: Ting-Lu
|-damage|p2a: Ting-Lu|67/100
|-boost|p1a: Iron Moth|spa|1
|move|p2a: Ting-Lu|Earthquake|p1a: Iron Moth
|-supereffective|p1a: Iron Moth
|-damage|p1a: Iron Moth|0 fnt
|faint|p1a: Iron Moth
|-end|p1a: Iron Moth|Quark Drive|[silent]
|
|-heal|p2a: Ting-Lu|73/100|[from] item: Leftovers
|upkeep
|
|t:|1769364665
|switch|p1a: Ogerpon|Ogerpon-Wellspring, F|100/100
|-damage|p1a: Ogerpon|88/100|[from] Stealth Rock
|turn|12
|
|t:|1769364669
|switch|p2a: Decidueye|Decidueye-Hisui, M|82/100
|move|p1a: Ogerpon|Swords Dance|p1a: Ogerpon
|-boost|p1a: Ogerpon|atk|2
|
|-sideend|p1: zahtoo|move: Aurora Veil
|upkeep
|turn|13
|
|t:|1769364673
|move|p1a: Ogerpon|Play Rough|p2a: Decidueye
|-supereffective|p2a: Decidueye
|-damage|p2a: Decidueye|0 fnt
|-damage|p1a: Ogerpon|72/100|[from] item: Rocky Helmet|[of] p2a: Decidueye
|faint|p2a: Decidueye
|
|upkeep
|
|t:|1769364677
|switch|p2a: Lokix|Lokix, F|100/100
|turn|14
|
|t:|1769364682
|-terastallize|p1a: Ogerpon|Water
|detailschange|p1a: Ogerpon|Ogerpon-Wellspring-Tera, F, tera:Water
|-ability|p1a: Ogerpon|Embody Aspect (Wellspring)|boost
|-boost|p1a: Ogerpon|spd|1
|move|p2a: Lokix|First Impression|p1a: Ogerpon
|-crit|p1a: Ogerpon
|-damage|p1a: Ogerpon|0 fnt
|faint|p1a: Ogerpon
|detailschange|p1: Ogerpon|Ogerpon-Wellspring, F|[silent]
|
|upkeep
|-message|zahtoo forfeited.
|
|win|PrimeXStriker
|raw|zahtoo's rating: 1316 &rarr; <strong>1298</strong><br />(-18 for losing)
|raw|PrimeXStriker's rating: 1343 &rarr; <strong>1361</strong><br />(+18 for winning)
|l|☆zahtoo
|player|p1|
|l|☆PrimeXStriker
|player|p2|
