|j|☆ferrydiscs
|j|☆Wozzathesexygod
|t:|1769368727
|gametype|singles
|player|p1|ferrydiscs|will|1577
|player|p2|Wozzathesexygod|n|1569
|gen|9
|tier|[Gen 9] OU
|rated|
|rule|HP Percentage Mod: HP is shown in percentages
|rule|Endless Battle Clause: Forcing endless battles is banned
|rule|Species Clause: Limit one of each Pokémon
|rule|OHKO Clause: OHKO moves are banned
|rule|Evasion Items Clause: Evasion items are banned
|rule|Evasion Moves Clause: Evasion moves are banned
|rule|Evasion Abilities Clause: Evasion abilities are banned
|rule|Sleep Moves Clause: Sleep-inducing moves are banned
|clearpoke
|poke|p1|Tyranitar, M|
|poke|p1|Excadrill, M|
|poke|p1|Tornadus-Therian, M|
|poke|p1|Tinkaton, F|
|poke|p1|Sinistcha|
|poke|p1|Toxapex, M|
|poke|p2|Hydrapple, M|
|poke|p2|Tyranitar, F|
|poke|p2|Moltres|
|poke|p2|Zamazenta-*|
|poke|p2|Slowking-Galar, M|
|poke|p2|Excadrill, F|
|teampreview
|inactive|Battle timer is ON: inactive players will automatically lose when time's up. (requested by Wozzathesexygod)
|
|t:|1769368744
|teamsize|p1|6
|teamsize|p2|6
|start
|switch|p1a: Tinkaton|Tinkaton, F, shiny|100/100
|switch|p2a: Slowking|Slowking-Galar, M|100/100
|-item|p1a: Tinkaton|Air Balloon
|turn|1
|
|t:|1769368748
|move|p1a: Tinkaton|Stealth Rock|p2a: Slowking
|-sidestart|p2: Wozzathesexygod|move: Stealth Rock
|move|p2a: Slowking|Flamethrower|p1a: Tinkaton
|-supereffective|p1a: Tinkaton
|-damage|p1a: Tinkaton|48/100
|-enditem|p1a: Tinkaton|Air Balloon
|
|upkeep
|turn|2
|
|t:|1769368762
|switch|p1a: Toxapex|Toxapex, M, shiny|100/100
|move|p2a: Slowking|Ice Beam|p1a: Toxapex
|-resisted|p1a: Toxapex
|-damage|p1a: Toxapex|92/100
|-enditem|p1a: Toxapex|Eject Button
|
|t:|1769368766
|switch|p1a: Tyranitar|Tyranitar, M, shiny|100/100
|-weather|Sandstorm|[from] ability: Sand Stream|[of] p1a: Tyranitar
|
|-weather|Sandstorm|[upkeep]
|-damage|p2a: Slowking|94/100|[from] Sandstorm
|upkeep
|turn|3
|
|t:|1769368774
|switch|p2a: Moltres|Moltres|100/100
|move|p1a: Tyranitar|Knock Off|p2a: Moltres
|-damage|p2a: Moltres|44/100
|-enditem|p2a: Moltres|Heavy-Duty Boots|[from] move: Knock Off|[of] p1a: Tyranitar
|
|-weather|Sandstorm|[upkeep]
|-damage|p2a: Moltres|38/100|[from] Sandstorm
|upkeep
|turn|4
|
|t:|1769368778
|move|p1a: Tyranitar|Knock Off|p2a: Moltres
|-damage|p2a: Moltres|0 fnt
|faint|p2a: Moltres
|
|-weather|Sandstorm|[upkeep]
|upkeep
|
|t:|1769368781
|switch|p2a: Hydrapple|Hydrapple, M|100/100
|turn|5
|
|t:|1769368790
|switch|p1a: Tornadus|Tornadus-Therian, M, shiny|100/100
|move|p2a: Hydrapple|Nasty Plot|p2a: Hydrapple
|-boost|p2a: Hydrapple|spa|2
|
|-weather|Sandstorm|[upkeep]
|-damage|p1a: Tornadus|94/100|[from] Sandstorm
|-damage|p2a: Hydrapple|94/100|[from] Sandstorm
|upkeep
|turn|6
|
|t:|1769368794
|switch|p2a: Slowking|Slowking-Galar, M|100/100
|-damage|p2a: Slowking|88/100|[from] Stealth Rock
|move|p1a: Tornadus|Bleakwind Storm|p2a: Slowking
|-damage|p2a: Slowking|54/100
|
|-weather|none
|upkeep
|turn|7
|
|t:|1769368803
|-terastallize|p1a: Tornadus|Flying
|move|p1a: Tornadus|Bleakwind Storm|p2a: Slowking
|-damage|p2a: Slowking|2/100
|move|p2a: Slowking|Sludge Bomb|p1a: Tornadus
|-damage|p1a: Tornadus|49/100
|-status|p1a: Tornadus|psn
|
|-damage|p1a: Tornadus|37/100 psn|[from] psn
|upkeep
|turn|8
|
|t:|1769368809
|switch|p2a: Tyranitar|Tyranitar, F|100/100
|-damage|p2a: Tyranitar|88/100|[from] Stealth Rock
|-weather|Sandstorm|[from] ability: Sand Stream|[of] p2a: Tyranitar
|move|p1a: Tornadus|Bleakwind Storm|p2a: Tyranitar
|-resisted|p2a: Tyranitar
|-damage|p2a: Tyranitar|67/100
|
|-weather|Sandstorm|[upkeep]
|-damage|p1a: Tornadus|31/100 psn|[from] Sandstorm
|-damage|p1a: Tornadus|19/100 psn|[from] psn
|upkeep
|turn|9
|
|t:|1769368818
|switch|p1a: Toxapex|Toxapex, M, shiny|100/100
|move|p2a: Tyranitar|Ice Beam|p1a: Toxapex
|-resisted|p1a: Toxapex
|-damage|p1a: Toxapex|94/100
|
|-weather|Sandstorm|[upkeep]
|-damage|p1a: Toxapex|88/100|[from] Sandstorm
|upkeep
|turn|10
|
|t:|1769368826
|switch|p2a: Slowking|Slowking-Galar, M|35/100
|-damage|p2a: Slowking|23/100|[from] Stealth Rock
|switch|p1a: Tyranitar|Tyranitar, M, shiny|100/100
|
|-weather|Sandstorm|[upkeep]
|-damage|p2a: Slowking|17/100|[from] Sandstorm
|upkeep
|turn|11
|
|t:|1769368831
|switch|p2a: Hydrapple|Hydrapple, M|100/100
|move|p1a: Tyranitar|Knock Off|p2a: Hydrapple
|-damage|p2a: Hydrapple|46/100
|-enditem|p2a: Hydrapple|Heavy-Duty Boots|[from] move: Knock Off|[of] p1a: Tyranitar
|
|-weather|Sandstorm|[upkeep]
|-damage|p2a: Hydrapple|40/100|[from] Sandstorm
|upkeep
|turn|12
|
|t:|1769368842
|switch|p1a: Tornadus|Tornadus-Therian, M, shiny, tera:Flying|52/100 psn
|switch|p2a: Excadrill|Excadrill, F|100/100
|-damage|p2a: Excadrill|97/100|[from] Stealth Rock
|-item|p2a: Excadrill|Air Balloon
|
|-weather|Sandstorm|[upkeep]
|-damage|p1a: Tornadus|46/100 psn|[from] Sandstorm
|-damage|p1a: Tornadus|33/100 psn|[from] psn
|upkeep
|turn|13
|
|t:|1769368847
|switch|p1a: Sinistcha|Sinistcha, shiny|100/100
|move|p2a: Excadrill|Iron Head|p1a: Sinistcha
|-damage|p1a: Sinistcha|70/100
|
|-weather|Sandstorm|[upkeep]
|-damage|p1a: Sinistcha|64/100|[from] Sandstorm
|-heal|p1a: Sinistcha|70/100|[from] item: Leftovers
|upkeep
|turn|14
|
|t:|1769368856
|switch|p2a: Tyranitar|Tyranitar, F|67/100
|-damage|p2a: Tyranitar|55/100|[from] Stealth Rock
|move|p1a: Sinistcha|Strength Sap|p2a: Tyranitar
|-unboost|p2a: Tyranitar|atk|1
|-heal|p1a: Sinistcha|100/100
|
|-weather|Sandstorm|[upkeep]
|-damage|p1a: Sinistcha|94/100|[from] Sandstorm
|-heal|p1a: Sinistcha|100/100|[from] item: Leftovers
|upkeep
|turn|15
|
|t:|1769368862
|switch|p1a: Excadrill|Excadrill, M, shiny|100/100
|move|p2a: Tyranitar|Knock Off|p1a: Excadrill
|-damage|p1a: Excadrill|63/100
|-enditem|p1a: Excadrill|Leftovers|[from] move: Knock Off|[of] p2a: Tyranitar
|
|-weather|none
|upkeep
|turn|16
|
|t:|1769368875
|switch|p2a: Hydrapple|Hydrapple, M|73/100
|-damage|p2a: Hydrapple|61/100|[from] Stealth Rock
|move|p1a: Excadrill|Earthquake|p2a: Hydrapple
|-resisted|p2a: Hydrapple
|-damage|p2a: Hydrapple|44/100
|
|upkeep
|turn|17
|
|t:|1769368880
|switch|p1a: Toxapex|Toxapex, M, shiny|100/100
|move|p2a: Hydrapple|Fickle Beam|p1a: Toxapex
|-damage|p1a: Toxapex|75/100
|
|upkeep
|turn|18
|
|t:|1769368886
|switch|p2a: Slowking|Slowking-Galar, M|50/100
|-damage|p2a: Slowking|37/100|[from] Stealth Rock
|move|p1a: Toxapex|Toxic Spikes|p2a: Slowking
|-sidestart|p2: Wozzathesexygod|move: Toxic Spikes
|
|upkeep
|turn|19
|
|t:|1769368905
|switch|p2a: Excadrill|Excadrill, F|97/100
|-damage|p2a: Excadrill|94/100|[from] Stealth Rock
|-item|p2a: Excadrill|Air Balloon
|move|p1a: Toxapex|Toxic Spikes|p2a: Excadrill
|-sidestart|p2: Wozzathesexygod|move: Toxic Spikes
|
|upkeep
|turn|20
|
|t:|1769368909
|switch|p1a: Sinistcha|Sinistcha, shiny|100/100
|move|p2a: Excadrill|Rapid Spin|p1a: Sinistcha
|-immune|p1a: Sinistcha
|
|upkeep
|turn|21
|
|t:|1769368917
|switch|p2a: Slowking|Slowking-Galar, M|71/100
|-damage|p2a: Slowking|58/100|[from] Stealth Rock
|-sideend|p2: Wozzathesexygod|move: Toxic Spikes|[of] p2a: Slowking
|move|p1a: Sinistcha|Shadow Ball|p2a: Slowking
|-supereffective|p2a: Slowking
|-damage|p2a: Slowking|24/100
|
|upkeep
|turn|22
|
|t:|1769368925
|switch|p1a: Excadrill|Excadrill, M, shiny|63/100
|switch|p2a: Tyranitar|Tyranitar, F|55/100
|-damage|p2a: Tyranitar|42/100|[from] Stealth Rock
|-weather|Sandstorm|[from] ability: Sand Stream|[of] p2a: Tyranitar
|
|-weather|Sandstorm|[upkeep]
|upkeep
|turn|23
|
|t:|1769368946
|switch|p1a: Tornadus|Tornadus-Therian, M, shiny, tera:Flying|66/100 psn
|switch|p2a: Hydrapple|Hydrapple, M|77/100
|-damage|p2a: Hydrapple|65/100|[from] Stealth Rock
|
|-weather|Sandstorm|[upkeep]
|-damage|p1a: Tornadus|60/100 psn|[from] Sandstorm
|-damage|p2a: Hydrapple|59/100|[from] Sandstorm
|-damage|p1a: Tornadus|48/100 psn|[from] psn
|upkeep
|turn|24
|
|t:|1769368959
|switch|p2a: Tyranitar|Tyranitar, F|42/100
|-damage|p2a: Tyranitar|30/100|[from] Stealth Rock
|move|p1a: Tornadus|Bleakwind Storm|p2a: Tyranitar
|-resisted|p2a: Tyranitar
|-damage|p2a: Tyranitar|10/100
|-unboost|p2a: Tyranitar|spe|1
|
|-weather|Sandstorm|[upkeep]
|-damage|p1a: Tornadus|42/100 psn|[from] Sandstorm
|-damage|p1a: Tornadus|30/100 psn|[from] psn
|upkeep
|turn|25
|
|t:|1769368963
|move|p1a: Tornadus|Bleakwind Storm|p2a: Tyranitar
|-resisted|p2a: Tyranitar
|-damage|p2a: Tyranitar|0 fnt
|faint|p2a: Tyranitar
|
|-weather|Sandstorm|[upkeep]
|-damage|p1a: Tornadus|24/100 psn|[from] Sandstorm
|-damage|p1a: Tornadus|11/100 psn|[from] psn
|upkeep
|
|t:|1769368967
|switch|p2a: Excadrill|Excadrill, F|94/100
|-damage|p2a: Excadrill|91/100|[from] Stealth Rock
|-item|p2a: Excadrill|Air Balloon
|turn|26
|
|t:|1769368971
|switch|p1a: Sinistcha|Sinistcha, shiny|100/100
|move|p2a: Excadrill|Iron Head|p1a: Sinistcha
|-damage|p1a: Sinistcha|68/100
|
|-weather|Sandstorm|[upkeep]
|-damage|p1a: Sinistcha|62/100|[from] Sandstorm
|-heal|p1a: Sinistcha|68/100|[from] item: Leftovers
|upkeep
|turn|27
|
|t:|1769368999
|switch|p2a: Slowking|Slowking-Galar, M|57/100
|-damage|p2a: Slowking|45/100|[from] Stealth Rock
|move|p1a: Sinistcha|Strength Sap|p2a: Slowking
|-unboost|p2a: Slowking|atk|1
|-heal|p1a: Sinistcha|100/100
|
|-weather|Sandstorm|[upkeep]
|-damage|p1a: Sinistcha|94/100|[from] Sandstorm
|-damage|p2a: Slowking|39/100|[from] Sandstorm
|-heal|p1a: Sinistcha|100/100|[from] item: Leftovers
|upkeep
|turn|28
|
|t:|1769369003
|switch|p2a: Hydrapple|Hydrapple, M|92/100
|-damage|p2a: Hydrapple|80/100|[from] Stealth Rock
|move|p1a: Sinistcha|Shadow Ball|p2a: Hydrapple
|-damage|p2a: Hydrapple|46/100
|
|-weather|Sandstorm|[upkeep]
|-damage|p1a: Sinistcha|94/100|[from] Sandstorm
|-damage|p2a: Hydrapple|40/100|[from] Sandstorm
|-heal|p1a: Sinistcha|100/100|[from] item: Leftovers
|upkeep
|turn|29
|
|t:|1769369011
|move|p1a: Sinistcha|Shadow Ball|p2a: Hydrapple
|-damage|p2a: Hydrapple|5/100
|move|p2a: Hydrapple|Fickle Beam|p1a: Sinistcha
|-damage|p1a: Sinistcha|62/100
|
|-weather|none
|-heal|p1a: Sinistcha|68/100|[from] item: Leftovers
|upkeep
|turn|30
|inactive|Wozzathesexygod has 120 seconds left.
|
|t:|1769369062
|switch|p2a: Slowking|Slowking-Galar, M|72/100
|-damage|p2a: Slowking|60/100|[from] Stealth Rock
|move|p1a: Sinistcha|Shadow Ball|p2a: Slowking
|-supereffective|p2a: Slowking
|-damage|p2a: Slowking|23/100
|
|-heal|p1a: Sinistcha|74/100|[from] item: Leftovers
|upkeep
|turn|31
|
|t:|1769369076
|switch|p2a: Excadrill|Excadrill, F|91/100
|-damage|p2a: Excadrill|88/100|[from] Stealth Rock
|-item|p2a: Excadrill|Air Balloon
|move|p1a: Sinistcha|Shadow Ball|p2a: Excadrill
|-damage|p2a: Excadrill|42/100
|-enditem|p2a: Excadrill|Air Balloon
|
|-heal|p1a: Sinistcha|80/100|[from] item: Leftovers
|upkeep
|turn|32
|
|t:|1769369080
|move|p2a: Excadrill|Iron Head|p1a: Sinistcha
|-damage|p1a: Sinistcha|49/100
|move|p1a: Sinistcha|Shadow Ball|p2a: Excadrill
|-damage|p2a: Excadrill|0 fnt
|faint|p2a: Excadrill
|
|-heal|p1a: Sinistcha|55/100|[from] item: Leftovers
|upkeep
|inactive|Wozzathesexygod has 90 seconds left.
|
|t:|1769369110
|switch|p2a: Slowking|Slowking-Galar, M|56/100
|-damage|p2a: Slowking|44/100|[from] Stealth Rock
|turn|33
|
|t:|1769369114
|switch|p1a: Tyranitar|Tyranitar, M, shiny|100/100
|-weather|Sandstorm|[from] ability: Sand Stream|[of] p1a: Tyranitar
|move|p2a: Slowking|Ice Beam|p1a: Tyranitar
|-damage|p1a: Tyranitar|86/100
|
|-weather|Sandstorm|[upkeep]
|-damage|p2a: Slowking|38/100|[from] Sandstorm
|upkeep
|turn|34
|
|t:|1769369118
|switch|p2a: Zamazenta|Zamazenta|100/100
|-damage|p2a: Zamazenta|94/100|[from] Stealth Rock
|-ability|p2a: Zamazenta|Dauntless Shield|boost
|-boost|p2a: Zamazenta|def|1
|move|p1a: Tyranitar|Knock Off|p2a: Zamazenta
|-resisted|p2a: Zamazenta
|-damage|p2a: Zamazenta|73/100
|-enditem|p2a: Zamazenta|Leftovers|[from] move: Knock Off|[of] p1a: Tyranitar
|
|-weather|Sandstorm|[upkeep]
|-damage|p2a: Zamazenta|67/100|[from] Sandstorm
|upkeep
|turn|35
|
|t:|1769369124
|switch|p1a: Toxapex|Toxapex, M, shiny|100/100
|move|p2a: Zamazenta|Iron Defense|p2a: Zamazenta
|-boost|p2a: Zamazenta|def|2
|
|-weather|Sandstorm|[upkeep]
|-damage|p2a: Zamazenta|60/100|[from] Sandstorm
|-damage|p1a: Toxapex|95/100|[from] Sandstorm
|upkeep
|turn|36
|inactive|Wozzathesexygod has 120 seconds left.
|
|t:|1769369153
|switch|p2a: Slowking|Slowking-Galar, M|71/100
|-damage|p2a: Slowking|59/100|[from] Stealth Rock
|move|p1a: Toxapex|Toxic|p2a: Slowking
|-immune|p2a: Slowking
|
|-weather|Sandstorm|[upkeep]
|-damage|p2a: Slowking|53/100|[from] Sandstorm
|-damage|p1a: Toxapex|89/100|[from] Sandstorm
|upkeep
|turn|37
|
|t:|1769369158
|switch|p1a: Tyranitar|Tyranitar, M, shiny|86/100
|move|p2a: Slowking|Psyshock|p1a: Tyranitar
|-immune|p1a: Tyranitar
|
|-weather|none
|upkeep
|turn|38
|
|t:|1769369167
|switch|p2a: Zamazenta|Zamazenta|60/100
|-damage|p2a: Zamazenta|54/100|[from] Stealth Rock
|move|p1a: Tyranitar|Stone Edge|p2a: Zamazenta
|-resisted|p2a: Zamazenta
|-damage|p2a: Zamazenta|18/100
|
|upkeep
|turn|39
|
|t:|1769369175
|switch|p1a: Toxapex|Toxapex, M, shiny|100/100
|move|p2a: Zamazenta|Body Press|p1a: Toxapex
|-resisted|p1a: Toxapex
|-damage|p1a: Toxapex|87/100
|
|upkeep
|turn|40
|
|t:|1769369181
|move|p2a: Zamazenta|Body Press|p1a: Toxapex
|-resisted|p1a: Toxapex
|-damage|p1a: Toxapex|72/100
|move|p1a: Toxapex|Toxic Spikes|p2a: Zamazenta
|-sidestart|p2: Wozzathesexygod|move: Toxic Spikes
|
|upkeep
|turn|41
|
|t:|1769369188
|switch|p2a: Slowking|Slowking-Galar, M|86/100
|-damage|p2a: Slowking|74/100|[from] Stealth Rock
|-sideend|p2: Wozzathesexygod|move: Toxic Spikes|[of] p2a: Slowking
|move|p1a: Toxapex|Toxic|p2a: Slowking
|-immune|p2a: Slowking
|
|upkeep
|turn|42
|
|t:|1769369200
|move|p2a: Slowking|Sludge Bomb|p1a: Toxapex
|-resisted|p1a: Toxapex
|-damage|p1a: Toxapex|61/100
|move|p1a: Toxapex|Recover|p1a: Toxapex
|-heal|p1a: Toxapex|100/100
|
|upkeep
|turn|43
|
|t:|1769369205
|switch|p1a: Tinkaton|Tinkaton, F, shiny|48/100
|move|p2a: Slowking|Ice Beam|p1a: Tinkaton
|-resisted|p1a: Tinkaton
|-damage|p1a: Tinkaton|36/100
|
|upkeep
|turn|44
|
|t:|1769369210
|move|p1a: Tinkaton|Gigaton Hammer|p2a: Slowking
|-damage|p2a: Slowking|28/100
|move|p2a: Slowking|Flamethrower|p1a: Tinkaton
|-supereffective|p1a: Tinkaton
|-damage|p1a: Tinkaton|0 fnt
|faint|p1a: Tinkaton
|
|upkeep
|
|t:|1769369217
|switch|p1a: Tyranitar|Tyranitar, M, shiny|86/100
|-weather|Sandstorm|[from] ability: Sand Stream|[of] p1a: Tyranitar
|turn|45
|
|t:|1769369225
|switch|p2a: Zamazenta|Zamazenta|18/100
|-damage|p2a: Zamazenta|12/100|[from] Stealth Rock
|move|p1a: Tyranitar|Knock Off|p2a: Zamazenta
|-resisted|p2a: Zamazenta
|-damage|p2a: Zamazenta|0 fnt
|faint|p2a: Zamazenta
|
|-weather|Sandstorm|[upkeep]
|upkeep
|
|t:|1769369227
|switch|p2a: Hydrapple|Hydrapple, M|38/100
|-damage|p2a: Hydrapple|26/100|[from] Stealth Rock
|turn|46
|
|t:|1769369229
|move|p1a: Tyranitar|Knock Off|p2a: Hydrapple
|-damage|p2a: Hydrapple|0 fnt
|faint|p2a: Hydrapple
|
|-weather|Sandstorm|[upkeep]
|upkeep
|
|t:|1769369231
|switch|p2a: Slowking|Slowking-Galar, M|62/100
|-damage|p2a: Slowking|49/100|[from] Stealth Rock
|turn|47
|
|t:|1769369236
|-terastallize|p2a: Slowking|Grass
|move|p1a: Tyranitar|Knock Off|p2a: Slowking
|-damage|p2a: Slowking|0 fnt
|-enditem|p2a: Slowking|Assault Vest|[from] move: Knock Off|[of] p1a: Tyranitar
|faint|p2a: Slowking
|
|win|ferrydiscs
|raw|ferrydiscs's rating: 1577 &rarr; <strong>1597</strong><br />(+20 for winning)
|raw|Wozzathesexygod's rating: 1569 &rarr; <strong>1549</strong><br />(-20 for losing)
|l|☆Wozzathesexygod
|player|p2|
