|j|☆Trainer #39
|j|☆gholdengofinance
|t:|1769425694
|gametype|singles
|player|p1|Trainer #39|bugsy|1719
|player|p2|gholdengofinance|leaf-masters2|1661
|gen|9
|tier|[Gen 9] OU
|rated|
|rule|HP Percentage Mod: HP is shown in percentages
|rule|Endless Battle Clause: Forcing endless battles is banned
|rule|Species Clause: Limit one of each Pokémon
|rule|OHKO Clause: OHKO moves are banned
|rule|Evasion Items Clause: Evasion items are banned
|rule|Evasion Moves Clause: Evasion moves are banned
|rule|Evasion Abilities Clause: Evasion abilities are banned
|rule|Sleep Moves Clause: Sleep-inducing moves are banned
|clearpoke
|poke|p1|Blissey, F|
|poke|p1|Corviknight, M|
|poke|p1|Dondozo, M|
|poke|p1|Gliscor, M|
|poke|p1|Clefable, M|
|poke|p1|Slowking-Galar, M|
|poke|p2|Pecharunt|
|poke|p2|Cinderace, F|
|poke|p2|Iron Valiant|
|poke|p2|Kingambit, M|
|poke|p2|Landorus-Therian, M|
|poke|p2|Kyurem|
|teampreview
|
|t:|1769425700
|teamsize|p1|6
|teamsize|p2|6
|start
|switch|p1a: Free Palestine|Gliscor, M|100/100
|switch|p2a: Landorus|Landorus-Therian, M|100/100
|-ability|p2a: Landorus|Intimidate|boost
|-unboost|p1a: Free Palestine|atk|1
|turn|1
|
|t:|1769425703
|move|p2a: Landorus|Taunt|p1a: Free Palestine
|-start|p1a: Free Palestine|move: Taunt
|cant|p1a: Free Palestine|move: Taunt|Toxic
|
|-status|p1a: Free Palestine|tox|[from] item: Toxic Orb
|upkeep
|turn|2
|
|t:|1769425704
|switch|p1a: Trump is low IQ|Corviknight, M|100/100
|-ability|p1a: Trump is low IQ|Pressure
|move|p2a: Landorus|Stealth Rock|p1a: Trump is low IQ
|-sidestart|p1: Trainer #39|move: Stealth Rock
|
|upkeep
|turn|3
|
|t:|1769425708
|move|p2a: Landorus|Taunt|p1a: Trump is low IQ
|-start|p1a: Trump is low IQ|move: Taunt
|move|p1a: Trump is low IQ|Brave Bird|p2a: Landorus
|-damage|p2a: Landorus|66/100
|-damage|p1a: Trump is low IQ|84/100|[from] item: Rocky Helmet|[of] p2a: Landorus
|-damage|p1a: Trump is low IQ|73/100|[from] Recoil
|
|upkeep
|turn|4
|
|t:|1769425714
|move|p2a: Landorus|U-turn|p1a: Trump is low IQ
|-resisted|p1a: Trump is low IQ
|-damage|p1a: Trump is low IQ|70/100
|-damage|p2a: Landorus|49/100|[from] item: Rocky Helmet|[of] p1a: Trump is low IQ
|
|t:|1769425715
|switch|p2a: Pecharunt|Pecharunt|100/100|[from] U-turn
|move|p1a: Trump is low IQ|U-turn|p2a: Pecharunt
|-resisted|p2a: Pecharunt
|-damage|p2a: Pecharunt|99/100
|
|t:|1769425719
|switch|p1a: brat|Blissey, F|100/100|[from] U-turn
|
|upkeep
|turn|5
|
|t:|1769425722
|move|p2a: Pecharunt|Malignant Chain|p1a: brat
|-damage|p1a: brat|90/100
|-status|p1a: brat|tox
|-start|p1a: brat|confusion|[from] ability: Poison Puppeteer|[of] p2a: Pecharunt
|-activate|p1a: brat|confusion
|move|p1a: brat|Stealth Rock|p2a: Pecharunt
|-sidestart|p2: gholdengofinance|move: Stealth Rock
|
|-damage|p1a: brat|83/100 tox|[from] psn
|upkeep
|turn|6
|
|t:|1769425726
|-curestatus|p1a: brat|tox|[from] ability: Natural Cure
|switch|p1a: Save Sudan|Slowking-Galar, M|100/100
|-damage|p1a: Save Sudan|88/100|[from] Stealth Rock
|move|p2a: Pecharunt|Parting Shot|p1a: Save Sudan
|-unboost|p1a: Save Sudan|atk|1
|-unboost|p1a: Save Sudan|spa|1
|
|t:|1769425734
|switch|p2a: Kingambit|Kingambit, M|100/100|[from] Parting Shot
|-damage|p2a: Kingambit|94/100|[from] Stealth Rock
|
|upkeep
|turn|7
|
|t:|1769425739
|move|p1a: Save Sudan|Trick|p2a: Kingambit
|-activate|p1a: Save Sudan|move: Trick|[of] p2a: Kingambit
|-item|p2a: Kingambit|Choice Scarf|[from] move: Trick
|-item|p1a: Save Sudan|Assault Vest|[from] move: Trick
|move|p2a: Kingambit|Kowtow Cleave|p1a: Save Sudan
|-supereffective|p1a: Save Sudan
|-damage|p1a: Save Sudan|0 fnt
|faint|p1a: Save Sudan
|
|upkeep
|
|t:|1769425743
|switch|p1a: Free Palestine|Gliscor, M|100/100 tox
|-damage|p1a: Free Palestine|88/100 tox|[from] Stealth Rock
|turn|8
|
|t:|1769425746
|move|p1a: Free Palestine|Toxic|p2a: Kingambit
|-immune|p2a: Kingambit
|move|p2a: Kingambit|Kowtow Cleave|p1a: Free Palestine
|-damage|p1a: Free Palestine|56/100 tox
|
|-heal|p1a: Free Palestine|68/100 tox|[from] ability: Poison Heal
|upkeep
|turn|9
|
|t:|1769425749
|switch|p2a: Kyurem|Kyurem|100/100
|-damage|p2a: Kyurem|76/100|[from] Stealth Rock
|-ability|p2a: Kyurem|Pressure
|move|p1a: Free Palestine|Earthquake|p2a: Kyurem
|-damage|p2a: Kyurem|49/100
|
|-heal|p1a: Free Palestine|81/100 tox|[from] ability: Poison Heal
|upkeep
|turn|10
|
|t:|1769425752
|move|p1a: Free Palestine|Protect|p1a: Free Palestine
|-singleturn|p1a: Free Palestine|Protect
|move|p2a: Kyurem|Freeze-Dry|p1a: Free Palestine
|-activate|p1a: Free Palestine|move: Protect
|
|-heal|p1a: Free Palestine|93/100 tox|[from] ability: Poison Heal
|upkeep
|turn|11
|
|t:|1769425755
|switch|p1a: brat|Blissey, F|83/100
|move|p2a: Kyurem|Freeze-Dry|p1a: brat
|-damage|p1a: brat|63/100
|
|upkeep
|turn|12
|
|t:|1769425758
|move|p2a: Kyurem|Freeze-Dry|p1a: brat
|-damage|p1a: brat|43/100
|move|p1a: brat|Soft-Boiled|p1a: brat
|-heal|p1a: brat|93/100
|
|upkeep
|turn|13
|
|t:|1769425762
|switch|p2a: Landorus|Landorus-Therian, M|49/100
|-damage|p2a: Landorus|37/100|[from] Stealth Rock
|-ability|p2a: Landorus|Intimidate|boost
|-unboost|p1a: brat|atk|1
|move|p1a: brat|Calm Mind|p1a: brat
|-boost|p1a: brat|spa|1
|-boost|p1a: brat|spd|1
|
|upkeep
|turn|14
|
|t:|1769425764
|switch|p1a: Free Palestine|Gliscor, M|93/100 tox
|-damage|p1a: Free Palestine|81/100 tox|[from] Stealth Rock
|move|p2a: Landorus|U-turn|p1a: Free Palestine
|-resisted|p1a: Free Palestine
|-damage|p1a: Free Palestine|74/100 tox
|
|t:|1769425772
|switch|p2a: Pecharunt|Pecharunt|99/100|[from] U-turn
|
|-heal|p1a: Free Palestine|87/100 tox|[from] ability: Poison Heal
|upkeep
|turn|15
|
|t:|1769425776
|move|p1a: Free Palestine|Earthquake|p2a: Pecharunt
|-supereffective|p2a: Pecharunt
|-damage|p2a: Pecharunt|72/100
|move|p2a: Pecharunt|Shadow Ball|p1a: Free Palestine
|-damage|p1a: Free Palestine|54/100 tox
|
|-heal|p1a: Free Palestine|67/100 tox|[from] ability: Poison Heal
|upkeep
|turn|16
|
|t:|1769425779
|move|p1a: Free Palestine|Earthquake|p2a: Pecharunt
|-supereffective|p2a: Pecharunt
|-damage|p2a: Pecharunt|45/100
|move|p2a: Pecharunt|Parting Shot|p1a: Free Palestine
|-unboost|p1a: Free Palestine|atk|1
|-unboost|p1a: Free Palestine|spa|1
|
|t:|1769425784
|switch|p2a: Iron Valiant|Iron Valiant|100/100|[from] Parting Shot
|-damage|p2a: Iron Valiant|94/100|[from] Stealth Rock
|-enditem|p2a: Iron Valiant|Booster Energy
|-activate|p2a: Iron Valiant|ability: Quark Drive|[fromitem]
|-start|p2a: Iron Valiant|quarkdrivespe
|
|-heal|p1a: Free Palestine|79/100 tox|[from] ability: Poison Heal
|upkeep
|turn|17
|
|t:|1769425787
|move|p2a: Iron Valiant|Shadow Ball|p1a: Free Palestine
|-damage|p1a: Free Palestine|44/100 tox
|move|p1a: Free Palestine|Toxic|p2a: Iron Valiant
|-status|p2a: Iron Valiant|tox
|
|-damage|p2a: Iron Valiant|88/100 tox|[from] psn
|-heal|p1a: Free Palestine|56/100 tox|[from] ability: Poison Heal
|upkeep
|turn|18
|
|t:|1769425790
|move|p1a: Free Palestine|Protect|p1a: Free Palestine
|-singleturn|p1a: Free Palestine|Protect
|move|p2a: Iron Valiant|Moonblast|p1a: Free Palestine
|-activate|p1a: Free Palestine|move: Protect
|
|-damage|p2a: Iron Valiant|76/100 tox|[from] psn
|-heal|p1a: Free Palestine|69/100 tox|[from] ability: Poison Heal
|upkeep
|turn|19
|
|t:|1769425793
|move|p2a: Iron Valiant|Moonblast|p1a: Free Palestine
|-damage|p1a: Free Palestine|14/100 tox
|move|p1a: Free Palestine|Earthquake|p2a: Iron Valiant
|-damage|p2a: Iron Valiant|52/100 tox
|
|-damage|p2a: Iron Valiant|34/100 tox|[from] psn
|-heal|p1a: Free Palestine|26/100 tox|[from] ability: Poison Heal
|upkeep
|turn|20
|
|t:|1769425798
|move|p1a: Free Palestine|Protect|p1a: Free Palestine
|-singleturn|p1a: Free Palestine|Protect
|move|p2a: Iron Valiant|Calm Mind|p2a: Iron Valiant
|-boost|p2a: Iron Valiant|spa|1
|-boost|p2a: Iron Valiant|spd|1
|
|-damage|p2a: Iron Valiant|9/100 tox|[from] psn
|-heal|p1a: Free Palestine|39/100 tox|[from] ability: Poison Heal
|upkeep
|turn|21
|
|t:|1769425801
|switch|p1a: Charli xcx|Clefable, M|100/100
|move|p2a: Iron Valiant|Moonblast|p1a: Charli xcx
|-damage|p1a: Charli xcx|68/100
|-unboost|p1a: Charli xcx|spa|1
|
|-damage|p2a: Iron Valiant|0 fnt|[from] psn
|faint|p2a: Iron Valiant
|-end|p2a: Iron Valiant|Quark Drive|[silent]
|upkeep
|
|t:|1769425804
|switch|p2a: Cinderace|Cinderace, F|100/100
|turn|22
|
|t:|1769425807
|move|p1a: Charli xcx|Protect|p1a: Charli xcx
|-singleturn|p1a: Charli xcx|Protect
|move|p2a: Cinderace|Pyro Ball|p1a: Charli xcx
|-activate|p1a: Charli xcx|move: Protect
|
|upkeep
|turn|23
|
|t:|1769425810
|switch|p1a: 808 and curses|Dondozo, M|100/100
|-damage|p1a: 808 and curses|88/100|[from] Stealth Rock
|move|p2a: Cinderace|Gunk Shot|p1a: 808 and curses
|-start|p2a: Cinderace|typechange|Poison|[from] ability: Libero
|-damage|p1a: 808 and curses|64/100
|
|-heal|p1a: 808 and curses|70/100|[from] item: Leftovers
|upkeep
|turn|24
|
|t:|1769425812
|move|p2a: Cinderace|Gunk Shot|p1a: 808 and curses|[miss]
|-miss|p2a: Cinderace|p1a: 808 and curses
|move|p1a: 808 and curses|Waterfall|p2a: Cinderace
|-damage|p2a: Cinderace|64/100
|
|-heal|p1a: 808 and curses|76/100|[from] item: Leftovers
|upkeep
|turn|25
|
|t:|1769425814
|move|p2a: Cinderace|Gunk Shot|p1a: 808 and curses|[miss]
|-miss|p2a: Cinderace|p1a: 808 and curses
|move|p1a: 808 and curses|Waterfall|p2a: Cinderace
|-damage|p2a: Cinderace|21/100
|
|-heal|p1a: 808 and curses|83/100|[from] item: Leftovers
|upkeep
|turn|26
|
|t:|1769425817
|move|p2a: Cinderace|U-turn|p1a: 808 and curses
|-damage|p1a: 808 and curses|73/100
|
|t:|1769425818
|switch|p2a: Pecharunt|Pecharunt|45/100|[from] U-turn
|move|p1a: 808 and curses|Curse|p1a: 808 and curses
|-unboost|p1a: 808 and curses|spe|1
|-boost|p1a: 808 and curses|atk|1
|-boost|p1a: 808 and curses|def|1
|
|-heal|p1a: 808 and curses|79/100|[from] item: Leftovers
|upkeep
|turn|27
|
|t:|1769425821
|move|p2a: Pecharunt|Recover|p2a: Pecharunt
|-heal|p2a: Pecharunt|95/100
|move|p1a: 808 and curses|Waterfall|p2a: Pecharunt
|-damage|p2a: Pecharunt|76/100
|
|-heal|p1a: 808 and curses|85/100|[from] item: Leftovers
|upkeep
|turn|28
|
|t:|1769425823
|move|p2a: Pecharunt|Malignant Chain|p1a: 808 and curses
|-damage|p1a: 808 and curses|57/100
|-status|p1a: 808 and curses|tox
|-start|p1a: 808 and curses|confusion|[from] ability: Poison Puppeteer|[of] p2a: Pecharunt
|-activate|p1a: 808 and curses|confusion
|-damage|p1a: 808 and curses|53/100 tox|[from] confusion
|
|-heal|p1a: 808 and curses|59/100 tox|[from] item: Leftovers
|-damage|p1a: 808 and curses|53/100 tox|[from] psn
|upkeep
|turn|29
|
|t:|1769425825
|move|p2a: Pecharunt|Shadow Ball|p1a: 808 and curses
|-damage|p1a: 808 and curses|30/100 tox
|-activate|p1a: 808 and curses|confusion
|move|p1a: 808 and curses|Rest|p1a: 808 and curses
|-status|p1a: 808 and curses|slp|[from] move: Rest
|-heal|p1a: 808 and curses|100/100 slp|[silent]
|
|upkeep
|turn|30
|
|t:|1769425828
|move|p2a: Pecharunt|Shadow Ball|p1a: 808 and curses
|-damage|p1a: 808 and curses|76/100 slp
|-unboost|p1a: 808 and curses|spd|1
|cant|p1a: 808 and curses|slp
|-activate|p1a: 808 and curses|confusion
|move|p1a: 808 and curses|Sleep Talk|p1a: 808 and curses
|move|p1a: 808 and curses|Curse|p1a: 808 and curses|[from] move: Sleep Talk
|-unboost|p1a: 808 and curses|spe|1
|-boost|p1a: 808 and curses|atk|1
|-boost|p1a: 808 and curses|def|1
|
|-heal|p1a: 808 and curses|82/100 slp|[from] item: Leftovers
|upkeep
|turn|31
|
|t:|1769425830
|switch|p1a: brat|Blissey, F|93/100
|move|p2a: Pecharunt|Shadow Ball|p1a: brat
|-immune|p1a: brat
|
|upkeep
|turn|32
|j| Tbccc15
|
|t:|1769425832
|move|p2a: Pecharunt|Malignant Chain|p1a: brat
|-damage|p1a: brat|83/100
|move|p1a: brat|Calm Mind|p1a: brat
|-boost|p1a: brat|spa|1
|-boost|p1a: brat|spd|1
|
|upkeep
|turn|33
|
|t:|1769425834
|move|p2a: Pecharunt|Malignant Chain|p1a: brat
|-damage|p1a: brat|76/100
|-status|p1a: brat|tox
|-start|p1a: brat|confusion|[from] ability: Poison Puppeteer|[of] p2a: Pecharunt
|-activate|p1a: brat|confusion
|-damage|p1a: brat|75/100 tox|[from] confusion
|
|-damage|p1a: brat|68/100 tox|[from] psn
|upkeep
|turn|34
|
|t:|1769425837
|move|p2a: Pecharunt|Shadow Ball|p1a: brat
|-immune|p1a: brat
|-end|p1a: brat|confusion
|move|p1a: brat|Soft-Boiled|p1a: brat
|-heal|p1a: brat|100/100 tox
|
|-damage|p1a: brat|88/100 tox|[from] psn
|upkeep
|turn|35
|
|t:|1769425840
|-curestatus|p1a: brat|tox|[from] ability: Natural Cure
|switch|p1a: 808 and curses|Dondozo, M|82/100 slp
|-damage|p1a: 808 and curses|70/100 slp|[from] Stealth Rock
|move|p2a: Pecharunt|Shadow Ball|p1a: 808 and curses
|-crit|p1a: 808 and curses
|-damage|p1a: 808 and curses|34/100 slp
|-unboost|p1a: 808 and curses|spd|1
|
|-heal|p1a: 808 and curses|40/100 slp|[from] item: Leftovers
|upkeep
|turn|36
|
|t:|1769425845
|switch|p1a: brat|Blissey, F|88/100
|move|p2a: Pecharunt|Malignant Chain|p1a: brat
|-damage|p1a: brat|78/100
|
|upkeep
|turn|37
|
|t:|1769425847
|move|p2a: Pecharunt|Malignant Chain|p1a: brat
|-damage|p1a: brat|67/100
|-status|p1a: brat|tox
|-start|p1a: brat|confusion|[from] ability: Poison Puppeteer|[of] p2a: Pecharunt
|-activate|p1a: brat|confusion
|move|p1a: brat|Calm Mind|p1a: brat
|-boost|p1a: brat|spa|1
|-boost|p1a: brat|spd|1
|
|-damage|p1a: brat|61/100 tox|[from] psn
|upkeep
|turn|38
|
|t:|1769425848
|move|p2a: Pecharunt|Shadow Ball|p1a: brat
|-immune|p1a: brat
|-activate|p1a: brat|confusion
|move|p1a: brat|Soft-Boiled|p1a: brat
|-heal|p1a: brat|100/100 tox
|
|-damage|p1a: brat|88/100 tox|[from] psn
|upkeep
|turn|39
|
|t:|1769425855
|move|p2a: Pecharunt|Shadow Ball|p1a: brat
|-immune|p1a: brat
|-activate|p1a: brat|confusion
|move|p1a: brat|Calm Mind|p1a: brat
|-boost|p1a: brat|spa|1
|-boost|p1a: brat|spd|1
|
|-damage|p1a: brat|70/100 tox|[from] psn
|upkeep
|turn|40
|
|t:|1769425858
|-curestatus|p1a: brat|tox|[from] ability: Natural Cure
|switch|p1a: Charli xcx|Clefable, M|68/100
|move|p2a: Pecharunt|Shadow Ball|p1a: Charli xcx
|-damage|p1a: Charli xcx|52/100
|
|upkeep
|turn|41
|
|t:|1769425861
|move|p1a: Charli xcx|Protect|p1a: Charli xcx
|-singleturn|p1a: Charli xcx|Protect
|move|p2a: Pecharunt|Malignant Chain|p1a: Charli xcx
|-activate|p1a: Charli xcx|move: Protect
|
|upkeep
|turn|42
|
|t:|1769425864
|switch|p1a: brat|Blissey, F|70/100
|move|p2a: Pecharunt|Parting Shot|p1a: brat
|-unboost|p1a: brat|atk|1
|-unboost|p1a: brat|spa|1
|
|t:|1769425867
|switch|p2a: Kingambit|Kingambit, M|94/100|[from] Parting Shot
|-damage|p2a: Kingambit|88/100|[from] Stealth Rock
|
|upkeep
|turn|43
|
|t:|1769425870
|switch|p1a: Trump is low IQ|Corviknight, M|70/100
|-damage|p1a: Trump is low IQ|58/100|[from] Stealth Rock
|-ability|p1a: Trump is low IQ|Pressure
|move|p2a: Kingambit|Kowtow Cleave|p1a: Trump is low IQ
|-damage|p1a: Trump is low IQ|26/100
|-damage|p2a: Kingambit|72/100|[from] item: Rocky Helmet|[of] p1a: Trump is low IQ
|
|upkeep
|turn|44
|
|t:|1769425872
|move|p2a: Kingambit|Kowtow Cleave|p1a: Trump is low IQ
|-damage|p1a: Trump is low IQ|0 fnt
|-damage|p2a: Kingambit|55/100|[from] item: Rocky Helmet|[of] p1a: Trump is low IQ
|faint|p1a: Trump is low IQ
|
|upkeep
|
|t:|1769425876
|switch|p1a: Charli xcx|Clefable, M|52/100
|turn|45
|
|t:|1769425880
|switch|p2a: Pecharunt|Pecharunt|76/100
|move|p1a: Charli xcx|Wish|p1a: Charli xcx
|
|upkeep
|turn|46
|
|t:|1769425884
|move|p1a: Charli xcx|Protect|p1a: Charli xcx
|-singleturn|p1a: Charli xcx|Protect
|move|p2a: Pecharunt|Shadow Ball|p1a: Charli xcx
|-activate|p1a: Charli xcx|move: Protect
|
|-heal|p1a: Charli xcx|100/100|[from] move: Wish|[wisher] Charli xcx
|upkeep
|turn|47
|
|t:|1769425887
|move|p2a: Pecharunt|Shadow Ball|p1a: Charli xcx
|-damage|p1a: Charli xcx|83/100
|move|p1a: Charli xcx|Wish|p1a: Charli xcx
|
|upkeep
|turn|48
|
|t:|1769425892
|switch|p1a: 808 and curses|Dondozo, M|40/100 slp
|-damage|p1a: 808 and curses|27/100 slp|[from] Stealth Rock
|move|p2a: Pecharunt|Shadow Ball|p1a: 808 and curses
|-damage|p1a: 808 and curses|2/100 slp
|
|-heal|p1a: 808 and curses|41/100 slp|[from] move: Wish|[wisher] Charli xcx
|-heal|p1a: 808 and curses|48/100 slp|[from] item: Leftovers
|upkeep
|turn|49
|
|t:|1769425894
|move|p2a: Pecharunt|Shadow Ball|p1a: 808 and curses
|-damage|p1a: 808 and curses|22/100 slp
|-unboost|p1a: 808 and curses|spd|1
|cant|p1a: 808 and curses|slp
|move|p1a: 808 and curses|Sleep Talk|p1a: 808 and curses
|move|p1a: 808 and curses|Rest||[from] move: Sleep Talk|[still]
|-fail|p1a: 808 and curses
|
|-heal|p1a: 808 and curses|28/100 slp|[from] item: Leftovers
|upkeep
|turn|50
|
|t:|1769425898
|switch|p1a: brat|Blissey, F|70/100
|move|p2a: Pecharunt|Shadow Ball|p1a: brat
|-immune|p1a: brat
|
|upkeep
|turn|51
|
|t:|1769425901
|move|p2a: Pecharunt|Malignant Chain|p1a: brat
|-damage|p1a: brat|60/100
|-status|p1a: brat|tox
|-start|p1a: brat|confusion|[from] ability: Poison Puppeteer|[of] p2a: Pecharunt
|-activate|p1a: brat|confusion
|move|p1a: brat|Shadow Ball|p2a: Pecharunt
|-supereffective|p2a: Pecharunt
|-damage|p2a: Pecharunt|46/100
|
|-damage|p1a: brat|53/100 tox|[from] psn
|upkeep
|turn|52
|
|t:|1769425907
|-curestatus|p1a: brat|tox|[from] ability: Natural Cure
|switch|p1a: Charli xcx|Clefable, M|83/100
|move|p2a: Pecharunt|Recover|p2a: Pecharunt
|-heal|p2a: Pecharunt|96/100
|
|upkeep
|turn|53
|
|t:|1769425909
|move|p2a: Pecharunt|Shadow Ball|p1a: Charli xcx
|-damage|p1a: Charli xcx|64/100
|-unboost|p1a: Charli xcx|spd|1
|move|p1a: Charli xcx|Wish|p1a: Charli xcx
|
|upkeep
|turn|54
|
|t:|1769425912
|move|p2a: Pecharunt|Parting Shot|p1a: Charli xcx
|-unboost|p1a: Charli xcx|atk|1
|-unboost|p1a: Charli xcx|spa|1
|
|t:|1769425916
|switch|p2a: Kyurem|Kyurem|49/100|[from] Parting Shot
|-damage|p2a: Kyurem|25/100|[from] Stealth Rock
|-ability|p2a: Kyurem|Pressure
|move|p1a: Charli xcx|Moonblast|p2a: Kyurem
|-supereffective|p2a: Kyurem
|-damage|p2a: Kyurem|0 fnt
|faint|p2a: Kyurem
|
|-heal|p1a: Charli xcx|100/100|[from] move: Wish|[wisher] Charli xcx
|upkeep
|
|t:|1769425918
|switch|p2a: Cinderace|Cinderace, F|21/100
|turn|55
|
|t:|1769425921
|move|p1a: Charli xcx|Protect|p1a: Charli xcx
|-singleturn|p1a: Charli xcx|Protect
|move|p2a: Cinderace|Gunk Shot|p1a: Charli xcx
|-start|p2a: Cinderace|typechange|Poison|[from] ability: Libero
|-activate|p1a: Charli xcx|move: Protect
|
|upkeep
|turn|56
|
|t:|1769425927
|move|p2a: Cinderace|Gunk Shot|p1a: Charli xcx
|-supereffective|p1a: Charli xcx
|-damage|p1a: Charli xcx|0 fnt
|faint|p1a: Charli xcx
|
|upkeep
|
|t:|1769425931
|switch|p1a: Free Palestine|Gliscor, M|39/100 tox
|-damage|p1a: Free Palestine|26/100 tox|[from] Stealth Rock
|turn|57
|
|t:|1769425934
|-terastallize|p2a: Cinderace|Fire
|move|p1a: Free Palestine|Protect|p1a: Free Palestine
|-singleturn|p1a: Free Palestine|Protect
|move|p2a: Cinderace|Pyro Ball|p1a: Free Palestine
|-activate|p1a: Free Palestine|move: Protect
|
|-heal|p1a: Free Palestine|39/100 tox|[from] ability: Poison Heal
|upkeep
|turn|58
|
|t:|1769425941
|-terastallize|p1a: Free Palestine|Water
|move|p2a: Cinderace|Pyro Ball|p1a: Free Palestine|[miss]
|-miss|p2a: Cinderace|p1a: Free Palestine
|move|p1a: Free Palestine|Earthquake|p2a: Cinderace
|-supereffective|p2a: Cinderace
|-damage|p2a: Cinderace|0 fnt
|faint|p2a: Cinderace
|
|-heal|p1a: Free Palestine|51/100 tox|[from] ability: Poison Heal
|upkeep
|
|t:|1769425947
|switch|p2a: Kingambit|Kingambit, M|55/100
|-damage|p2a: Kingambit|49/100|[from] Stealth Rock
|turn|59
|
|t:|1769425949
|move|p1a: Free Palestine|Protect|p1a: Free Palestine
|-singleturn|p1a: Free Palestine|Protect
|move|p2a: Kingambit|Kowtow Cleave|p1a: Free Palestine
|-activate|p1a: Free Palestine|move: Protect
|
|-heal|p1a: Free Palestine|63/100 tox|[from] ability: Poison Heal
|upkeep
|turn|60
|
|t:|1769425952
|move|p1a: Free Palestine|Earthquake|p2a: Kingambit
|-supereffective|p2a: Kingambit
|-damage|p2a: Kingambit|4/100
|move|p2a: Kingambit|Kowtow Cleave|p1a: Free Palestine
|-damage|p1a: Free Palestine|33/100 tox
|
|-heal|p1a: Free Palestine|45/100 tox|[from] ability: Poison Heal
|upkeep
|turn|61
|
|t:|1769425955
|move|p1a: Free Palestine|Protect|p1a: Free Palestine
|-singleturn|p1a: Free Palestine|Protect
|move|p2a: Kingambit|Kowtow Cleave|p1a: Free Palestine
|-activate|p1a: Free Palestine|move: Protect
|
|-heal|p1a: Free Palestine|58/100 tox|[from] ability: Poison Heal
|upkeep
|turn|62
|
|t:|1769425957
|move|p1a: Free Palestine|Earthquake|p2a: Kingambit
|-supereffective|p2a: Kingambit
|-damage|p2a: Kingambit|0 fnt
|faint|p2a: Kingambit
|
|-heal|p1a: Free Palestine|70/100 tox|[from] ability: Poison Heal
|upkeep
|l| Tbccc15
|
|t:|1769425961
|switch|p2a: Landorus|Landorus-Therian, M|37/100
|-damage|p2a: Landorus|25/100|[from] Stealth Rock
|-ability|p2a: Landorus|Intimidate|boost
|-unboost|p1a: Free Palestine|atk|1
|turn|63
|
|t:|1769425963
|move|p1a: Free Palestine|Protect|p1a: Free Palestine
|-singleturn|p1a: Free Palestine|Protect
|move|p2a: Landorus|Taunt|p1a: Free Palestine
|-activate|p1a: Free Palestine|move: Protect
|
|-heal|p1a: Free Palestine|83/100 tox|[from] ability: Poison Heal
|upkeep
|turn|64
|
|t:|1769425965
|move|p2a: Landorus|Taunt|p1a: Free Palestine
|-start|p1a: Free Palestine|move: Taunt
|cant|p1a: Free Palestine|move: Taunt|Toxic
|
|-heal|p1a: Free Palestine|95/100 tox|[from] ability: Poison Heal
|upkeep
|turn|65
|
|t:|1769425967
|move|p2a: Landorus|Sandsear Storm|p1a: Free Palestine|[miss]
|-miss|p2a: Landorus|p1a: Free Palestine
|move|p1a: Free Palestine|Earthquake|p2a: Landorus
|-immune|p2a: Landorus
|
|-heal|p1a: Free Palestine|100/100 tox|[from] ability: Poison Heal
|upkeep
|turn|66
|
|t:|1769425970
|move|p2a: Landorus|Sandsear Storm|p1a: Free Palestine|[miss]
|-miss|p2a: Landorus|p1a: Free Palestine
|move|p1a: Free Palestine|Earthquake|p2a: Landorus
|-immune|p2a: Landorus
|
|-end|p1a: Free Palestine|move: Taunt
|upkeep
|turn|67
|
|t:|1769425974
|move|p1a: Free Palestine|Protect|p1a: Free Palestine
|-singleturn|p1a: Free Palestine|Protect
|move|p2a: Landorus|Sandsear Storm|p1a: Free Palestine
|-activate|p1a: Free Palestine|move: Protect
|
|upkeep
|turn|68
|
|t:|1769425978
|switch|p1a: 808 and curses|Dondozo, M|28/100 slp
|-damage|p1a: 808 and curses|15/100 slp|[from] Stealth Rock
|move|p2a: Landorus|Taunt|p1a: 808 and curses
|-start|p1a: 808 and curses|move: Taunt
|
|-heal|p1a: 808 and curses|22/100 slp|[from] item: Leftovers
|upkeep
|turn|69
|
|t:|1769425980
|move|p2a: Landorus|Sandsear Storm|p1a: 808 and curses
|-damage|p1a: 808 and curses|0 fnt
|faint|p1a: 808 and curses
|
|upkeep
|
|t:|1769425987
|switch|p1a: Free Palestine|Gliscor, M, tera:Water|100/100 tox
|-damage|p1a: Free Palestine|88/100 tox|[from] Stealth Rock
|turn|70
|
|t:|1769425990
|move|p2a: Landorus|Taunt|p1a: Free Palestine
|-start|p1a: Free Palestine|move: Taunt
|cant|p1a: Free Palestine|move: Taunt|Toxic
|
|-heal|p1a: Free Palestine|100/100 tox|[from] ability: Poison Heal
|upkeep
|turn|71
|
|t:|1769425993
|move|p2a: Landorus|Sandsear Storm|p1a: Free Palestine
|-damage|p1a: Free Palestine|56/100 tox
|move|p1a: Free Palestine|Earthquake|p2a: Landorus
|-immune|p2a: Landorus
|
|-heal|p1a: Free Palestine|68/100 tox|[from] ability: Poison Heal
|upkeep
|turn|72
|
|t:|1769425996
|move|p2a: Landorus|Sandsear Storm|p1a: Free Palestine
|-damage|p1a: Free Palestine|21/100 tox
|move|p1a: Free Palestine|Earthquake|p2a: Landorus
|-immune|p2a: Landorus
|
|-heal|p1a: Free Palestine|34/100 tox|[from] ability: Poison Heal
|-end|p1a: Free Palestine|move: Taunt
|upkeep
|turn|73
|j| Tbccc15
|
|t:|1769425998
|move|p1a: Free Palestine|Protect|p1a: Free Palestine
|-singleturn|p1a: Free Palestine|Protect
|move|p2a: Landorus|Taunt|p1a: Free Palestine
|-activate|p1a: Free Palestine|move: Protect
|
|-heal|p1a: Free Palestine|46/100 tox|[from] ability: Poison Heal
|upkeep
|turn|74
|
|t:|1769426006
|switch|p1a: brat|Blissey, F|53/100
|move|p2a: Landorus|Taunt|p1a: brat
|-start|p1a: brat|move: Taunt
|
|upkeep
|turn|75
|
|t:|1769426008
|move|p2a: Landorus|Sandsear Storm|p1a: brat
|-damage|p1a: brat|41/100
|move|p1a: brat|Shadow Ball|p2a: Landorus
|-damage|p2a: Landorus|9/100
|
|upkeep
|turn|76
|
|t:|1769426015
|move|p2a: Landorus|U-turn|p1a: brat
|-damage|p1a: brat|18/100
|
|t:|1769426016
|switch|p2a: Pecharunt|Pecharunt|96/100|[from] U-turn
|move|p1a: brat|Shadow Ball|p2a: Pecharunt
|-supereffective|p2a: Pecharunt
|-damage|p2a: Pecharunt|67/100
|
|-end|p1a: brat|move: Taunt
|upkeep
|turn|77
|
|t:|1769426024
|move|p2a: Pecharunt|Parting Shot|p1a: brat
|-unboost|p1a: brat|atk|1
|-unboost|p1a: brat|spa|1
|
|t:|1769426025
|switch|p2a: Landorus|Landorus-Therian, M|9/100|[from] Parting Shot
|-damage|p2a: Landorus|0 fnt|[from] Stealth Rock
|faint|p2a: Landorus
|move|p1a: brat|Soft-Boiled|p1a: brat
|-heal|p1a: brat|68/100
|
|upkeep
|-message|gholdengofinance forfeited.
|
|win|Trainer #39
|raw|Trainer #39's rating: 1719 &rarr; <strong>1736</strong><br />(+17 for winning)
|raw|gholdengofinance's rating: 1661 &rarr; <strong>1644</strong><br />(-17 for losing)
|l|☆gholdengofinance
|player|p2|
|l|☆Trainer #39
|player|p1|
|l| Tbccc15
