|j|☆Denji384
|j|☆T0fyl
|t:|1769441520
|gametype|singles
|player|p1|Denji384|1|1150
|player|p2|T0fyl|roughneck|1154
|gen|9
|tier|[Gen 9] OU
|rated|
|rule|HP Percentage Mod: HP is shown in percentages
|rule|Endless Battle Clause: Forcing endless battles is banned
|rule|Species Clause: Limit one of each Pokémon
|rule|OHKO Clause: OHKO moves are banned
|rule|Evasion Items Clause: Evasion items are banned
|rule|Evasion Moves Clause: Evasion moves are banned
|rule|Evasion Abilities Clause: Evasion abilities are banned
|rule|Sleep Moves Clause: Sleep-inducing moves are banned
|clearpoke
|poke|p1|Greninja-*, M|
|poke|p1|Porygon2|
|poke|p1|Toxtricity-Low-Key, M|
|poke|p1|Ceruledge, M|
|poke|p1|Clefable, F|
|poke|p1|Salamence, M|
|poke|p2|Tyranitar, F|
|poke|p2|Hippowdon, F|
|poke|p2|Garganacl, F|
|poke|p2|Gholdengo|
|poke|p2|Zapdos-Galar|
|poke|p2|Clodsire, F|
|teampreview
|
|t:|1769441530
|teamsize|p1|6
|teamsize|p2|6
|start
|switch|p1a: Artorias|Ceruledge, M|100/100
|switch|p2a: Hippowdon|Hippowdon, F|100/100
|-weather|Sandstorm|[from] ability: Sand Stream|[of] p2a: Hippowdon
|turn|1
|
|t:|1769441544
|switch|p1a: Drake|Salamence, M|100/100
|-ability|p1a: Drake|Intimidate|boost
|-unboost|p2a: Hippowdon|atk|1
|move|p2a: Hippowdon|Stealth Rock|p1a: Drake
|-sidestart|p1: Denji384|move: Stealth Rock
|
|-weather|Sandstorm|[upkeep]
|-damage|p1a: Drake|94/100|[from] Sandstorm
|upkeep
|turn|2
|
|t:|1769441560
|move|p1a: Drake|Dragon Dance|p1a: Drake
|-boost|p1a: Drake|atk|1
|-boost|p1a: Drake|spe|1
|move|p2a: Hippowdon|Whirlwind|p1a: Drake
|drag|p1a: Artorias|Ceruledge, M|100/100
|-damage|p1a: Artorias|76/100|[from] Stealth Rock
|
|-weather|Sandstorm|[upkeep]
|-damage|p1a: Artorias|70/100|[from] Sandstorm
|upkeep
|turn|3
|
|t:|1769441583
|switch|p2a: Garganacl|Garganacl, F|100/100
|move|p1a: Artorias|Bitter Blade|p2a: Garganacl
|-resisted|p2a: Garganacl
|-damage|p2a: Garganacl|85/100
|-heal|p1a: Artorias|81/100|[from] drain|[of] p2a: Garganacl
|
|-weather|Sandstorm|[upkeep]
|-damage|p1a: Artorias|74/100|[from] Sandstorm
|-heal|p2a: Garganacl|91/100|[from] item: Leftovers
|upkeep
|turn|4
|
|t:|1769441599
|move|p1a: Artorias|Close Combat|p2a: Garganacl
|-supereffective|p2a: Garganacl
|-damage|p2a: Garganacl|40/100
|-unboost|p1a: Artorias|def|1
|-unboost|p1a: Artorias|spd|1
|move|p2a: Garganacl|Salt Cure|p1a: Artorias
|-supereffective|p1a: Artorias
|-damage|p1a: Artorias|13/100
|-start|p1a: Artorias|Salt Cure
|-ability|p1a: Artorias|Weak Armor|boost
|-unboost|p1a: Artorias|def|1
|-boost|p1a: Artorias|spe|2
|
|-weather|Sandstorm|[upkeep]
|-damage|p1a: Artorias|6/100|[from] Sandstorm
|-heal|p2a: Garganacl|46/100|[from] item: Leftovers
|-damage|p1a: Artorias|0 fnt|[from] Salt Cure
|faint|p1a: Artorias
|upkeep
|
|t:|1769441619
|switch|p1a: Drake|Salamence, M|94/100
|-damage|p1a: Drake|70/100|[from] Stealth Rock
|-ability|p1a: Drake|Intimidate|boost
|-unboost|p2a: Garganacl|atk|1
|turn|5
|inactive|Battle timer is ON: inactive players will automatically lose when time's up. (requested by Denji384)
|
|t:|1769441637
|move|p1a: Drake|Earthquake|p2a: Garganacl
|-supereffective|p2a: Garganacl
|-damage|p2a: Garganacl|0 fnt
|faint|p2a: Garganacl
|-damage|p1a: Drake|60/100|[from] item: Life Orb
|
|-weather|none
|upkeep
|
|t:|1769441663
|switch|p2a: Tyranitar|Tyranitar, F|100/100
|-weather|Sandstorm|[from] ability: Sand Stream|[of] p2a: Tyranitar
|turn|6
|inactive|Denji384 has 120 seconds left.
|
|t:|1769441699
|move|p1a: Drake|Earthquake|p2a: Tyranitar
|-supereffective|p2a: Tyranitar
|-damage|p2a: Tyranitar|12/100
|-damage|p1a: Drake|50/100|[from] item: Life Orb
|move|p2a: Tyranitar|Dragon Dance|p2a: Tyranitar
|-boost|p2a: Tyranitar|atk|1
|-boost|p2a: Tyranitar|spe|1
|
|-weather|Sandstorm|[upkeep]
|-damage|p1a: Drake|44/100|[from] Sandstorm
|upkeep
|turn|7
|inactive|Denji384 has 120 seconds left.
|
|t:|1769441727
|move|p2a: Tyranitar|Stone Edge|p1a: Drake|[miss]
|-miss|p2a: Tyranitar|p1a: Drake
|move|p1a: Drake|Earthquake|p2a: Tyranitar
|-supereffective|p2a: Tyranitar
|-damage|p2a: Tyranitar|0 fnt
|faint|p2a: Tyranitar
|-damage|p1a: Drake|34/100|[from] item: Life Orb
|
|-weather|Sandstorm|[upkeep]
|-damage|p1a: Drake|28/100|[from] Sandstorm
|upkeep
|inactive|T0fyl has 120 seconds left.
|inactive|T0fyl has 90 seconds left.
|
|t:|1769441792
|switch|p2a: Gholdengo|Gholdengo|100/100
|turn|8
|
|t:|1769441800
|move|p2a: Gholdengo|Shadow Ball|p1a: Drake
|-damage|p1a: Drake|0 fnt
|faint|p1a: Drake
|
|-weather|Sandstorm|[upkeep]
|upkeep
|
|t:|1769441808
|switch|p1a: GameOver|Porygon2|100/100
|-damage|p1a: GameOver|88/100|[from] Stealth Rock
|turn|9
|inactive|T0fyl has 60 seconds left.
|
|t:|1769441834
|switch|p2a: Clodsire|Clodsire, F|100/100
|move|p1a: GameOver|Shadow Ball|p2a: Clodsire
|-damage|p2a: Clodsire|83/100
|
|-weather|Sandstorm|[upkeep]
|-damage|p1a: GameOver|82/100|[from] Sandstorm
|-heal|p2a: Clodsire|89/100|[from] item: Leftovers
|upkeep
|turn|10
|inactive|T0fyl has 60 seconds left.
|
|t:|1769441864
|move|p1a: GameOver|Psychic|p2a: Clodsire
|-supereffective|p2a: Clodsire
|-damage|p2a: Clodsire|59/100
|move|p2a: Clodsire|Toxic|p1a: GameOver
|-status|p1a: GameOver|tox
|
|-weather|none
|-heal|p2a: Clodsire|65/100|[from] item: Leftovers
|-damage|p1a: GameOver|76/100 tox|[from] psn
|upkeep
|turn|11
|inactive|T0fyl has 30 seconds left.
|
|t:|1769441890
|move|p1a: GameOver|Tri Attack|p2a: Clodsire
|-damage|p2a: Clodsire|45/100
|move|p2a: Clodsire|Recover|p2a: Clodsire
|-heal|p2a: Clodsire|95/100
|
|-heal|p2a: Clodsire|100/100|[from] item: Leftovers
|-damage|p1a: GameOver|64/100 tox|[from] psn
|upkeep
|turn|12
|inactive|T0fyl has 30 seconds left.
|
|t:|1769441903
|switch|p1a: Kurt|Toxtricity-Low-Key, M|100/100
|-damage|p1a: Kurt|88/100|[from] Stealth Rock
|move|p2a: Clodsire|Spikes|p1a: Kurt
|-sidestart|p1: Denji384|Spikes
|
|upkeep
|turn|13
|inactive|T0fyl has 30 seconds left.
|
|t:|1769441916
|-terastallize|p1a: Kurt|Normal
|move|p1a: Kurt|Boomburst|p2a: Clodsire
|-damage|p2a: Clodsire|48/100
|-enditem|p1a: Kurt|Throat Spray
|-boost|p1a: Kurt|spa|1|[from] item: Throat Spray
|move|p2a: Clodsire|Toxic|p1a: Kurt
|-status|p1a: Kurt|tox
|
|-heal|p2a: Clodsire|54/100|[from] item: Leftovers
|-damage|p1a: Kurt|82/100 tox|[from] psn
|upkeep
|turn|14
|inactive|T0fyl has 30 seconds left.
|c|☆T0fyl|Noice
|inactive|T0fyl has 20 seconds left.
|inactive|T0fyl has 15 seconds left.
|
|t:|1769441946
|switch|p2a: Gholdengo|Gholdengo|100/100
|move|p1a: Kurt|Boomburst|p2a: Gholdengo
|-immune|p2a: Gholdengo
|
|-damage|p1a: Kurt|69/100 tox|[from] psn
|upkeep
|turn|15
|inactive|T0fyl has 25 seconds left this turn.
|inactive|T0fyl has 20 seconds left.
|inactive|T0fyl has 15 seconds left.
|inactive|T0fyl has 10 seconds left.
|
|t:|1769441963
|move|p2a: Gholdengo|Make It Rain|p1a: Kurt
|-damage|p1a: Kurt|0 fnt
|-unboost|p2a: Gholdengo|spa|1
|faint|p1a: Kurt
|
|upkeep
|
|t:|1769441974
|switch|p1a: Mizukage|Greninja, M|100/100
|-damage|p1a: Mizukage|88/100|[from] Stealth Rock
|-damage|p1a: Mizukage|76/100|[from] Spikes
|turn|16
|inactive|T0fyl has 25 seconds left this turn.
|inactive|T0fyl has 20 seconds left.
|
|t:|1769441982
|switch|p2a: Hippowdon|Hippowdon, F|100/100
|-weather|Sandstorm|[from] ability: Sand Stream|[of] p2a: Hippowdon
|move|p1a: Mizukage|Ice Beam|p2a: Hippowdon
|-start|p1a: Mizukage|typechange|Ice|[from] ability: Protean
|-supereffective|p2a: Hippowdon
|-damage|p2a: Hippowdon|0 fnt
|faint|p2a: Hippowdon
|-damage|p1a: Mizukage|66/100|[from] item: Life Orb
|
|-weather|Sandstorm|[upkeep]
|-damage|p1a: Mizukage|60/100|[from] Sandstorm
|upkeep
|inactive|T0fyl has 25 seconds left this turn.
|inactive|T0fyl has 20 seconds left.
|inactive|T0fyl has 15 seconds left.
|inactive|T0fyl has 10 seconds left.
|
|t:|1769441998
|switch|p2a: Gholdengo|Gholdengo|100/100
|turn|17
|inactive|T0fyl has 20 seconds left this turn.
|
|t:|1769442003
|move|p2a: Gholdengo|Make It Rain|p1a: Mizukage
|-supereffective|p1a: Mizukage
|-damage|p1a: Mizukage|0 fnt
|-unboost|p2a: Gholdengo|spa|1
|faint|p1a: Mizukage
|
|-weather|Sandstorm|[upkeep]
|upkeep
|
|t:|1769442013
|switch|p1a: GameOver|Porygon2|64/100 tox
|-damage|p1a: GameOver|51/100 tox|[from] Stealth Rock
|-damage|p1a: GameOver|39/100 tox|[from] Spikes
|turn|18
|inactive|T0fyl has 30 seconds left.
|
|t:|1769442019
|switch|p2a: Clodsire|Clodsire, F|54/100
|move|p1a: GameOver|Psychic|p2a: Clodsire
|-supereffective|p2a: Clodsire
|-damage|p2a: Clodsire|13/100
|
|-weather|Sandstorm|[upkeep]
|-damage|p1a: GameOver|33/100 tox|[from] Sandstorm
|-heal|p2a: Clodsire|20/100|[from] item: Leftovers
|-damage|p1a: GameOver|27/100 tox|[from] psn
|upkeep
|turn|19
|inactive|T0fyl has 30 seconds left.
|
|t:|1769442038
|move|p1a: GameOver|Psychic|p2a: Clodsire
|-supereffective|p2a: Clodsire
|-damage|p2a: Clodsire|0 fnt
|faint|p2a: Clodsire
|
|-weather|Sandstorm|[upkeep]
|-damage|p1a: GameOver|21/100 tox|[from] Sandstorm
|-damage|p1a: GameOver|8/100 tox|[from] psn
|upkeep
|inactive|T0fyl has 30 seconds left this turn.
|inactive|T0fyl has 20 seconds left.
|
|t:|1769442049
|switch|p2a: Zapdos|Zapdos-Galar|100/100
|turn|20
|inactive|T0fyl has 30 seconds left this turn.
|
|t:|1769442059
|move|p2a: Zapdos|Tailwind|p2a: Zapdos
|-sidestart|p2: T0fyl|move: Tailwind
|move|p1a: GameOver|Recover|p1a: GameOver
|-heal|p1a: GameOver|58/100 tox
|
|-weather|none
|-damage|p1a: GameOver|40/100 tox|[from] psn
|upkeep
|turn|21
|inactive|T0fyl has 30 seconds left.
|
|t:|1769442068
|move|p2a: Zapdos|Thunderous Kick|p1a: GameOver
|-supereffective|p1a: GameOver
|-damage|p1a: GameOver|0 fnt
|faint|p1a: GameOver
|-damage|p2a: Zapdos|91/100|[from] item: Life Orb
|
|upkeep
|
|t:|1769442074
|switch|p1a: Feiry|Clefable, F|100/100
|-damage|p1a: Feiry|88/100|[from] Stealth Rock
|-damage|p1a: Feiry|76/100|[from] Spikes
|turn|22
|
|t:|1769442082
|move|p2a: Zapdos|Brave Bird|p1a: Feiry
|-damage|p1a: Feiry|0 fnt
|faint|p1a: Feiry
|-damage|p2a: Zapdos|60/100|[from] Recoil
|-damage|p2a: Zapdos|50/100|[from] item: Life Orb
|
|win|T0fyl
|raw|Denji384's rating: 1150 &rarr; <strong>1125</strong><br />(-25 for losing)
|raw|T0fyl's rating: 1154 &rarr; <strong>1179</strong><br />(+25 for winning)
|l|☆Denji384
|player|p1|
|l|☆T0fyl
|player|p2|
