|j|☆Prismnigma
|j|☆alola supercharge
|t:|1769317829
|gametype|singles
|player|p1|Prismnigma|will|1152
|player|p2|alola supercharge|steven|1201
|gen|9
|tier|[Gen 9] OU
|rated|
|rule|HP Percentage Mod: HP is shown in percentages
|rule|Endless Battle Clause: Forcing endless battles is banned
|rule|Species Clause: Limit one of each Pokémon
|rule|OHKO Clause: OHKO moves are banned
|rule|Evasion Items Clause: Evasion items are banned
|rule|Evasion Moves Clause: Evasion moves are banned
|rule|Evasion Abilities Clause: Evasion abilities are banned
|rule|Sleep Moves Clause: Sleep-inducing moves are banned
|clearpoke
|poke|p1|Garchomp, F|
|poke|p1|Dragonite, F|
|poke|p1|Kommo-o, M|
|poke|p1|Goodra, F|
|poke|p1|Hydrapple, F|
|poke|p1|Hydreigon, M|
|poke|p2|Slowking-Galar, M|
|poke|p2|Iron Valiant|
|poke|p2|Ting-Lu|
|poke|p2|Pecharunt|
|poke|p2|Tornadus-Therian, M|
|poke|p2|Jirachi|
|teampreview
|inactive|Battle timer is ON: inactive players will automatically lose when time's up. (requested by Prismnigma)
|
|t:|1769317845
|teamsize|p1|6
|teamsize|p2|6
|start
|switch|p1a: Garchomp|Garchomp, F, shiny|100/100
|switch|p2a: Ting-Lu|Ting-Lu|100/100
|-ability|p2a: Ting-Lu|Vessel of Ruin
|turn|1
|
|t:|1769317850
|switch|p1a: Kommo-o|Kommo-o, M, shiny|100/100
|move|p2a: Ting-Lu|Spikes|p1a: Kommo-o
|-sidestart|p1: Prismnigma|Spikes
|
|upkeep
|turn|2
|
|t:|1769317858
|move|p1a: Kommo-o|Stealth Rock|p2a: Ting-Lu
|-sidestart|p2: alola supercharge|move: Stealth Rock
|move|p2a: Ting-Lu|Spikes|p1a: Kommo-o
|-sidestart|p1: Prismnigma|Spikes
|
|upkeep
|turn|3
|
|t:|1769317860
|move|p1a: Kommo-o|Iron Defense|p1a: Kommo-o
|-boost|p1a: Kommo-o|def|2
|move|p2a: Ting-Lu|Whirlwind|p1a: Kommo-o
|drag|p1a: Hydrapple|Hydrapple, F, shiny|100/100
|-damage|p1a: Hydrapple|84/100|[from] Spikes
|
|upkeep
|turn|4
|
|t:|1769317865
|move|p1a: Hydrapple|Leaf Storm|p2a: Ting-Lu
|-supereffective|p2a: Ting-Lu
|-damage|p2a: Ting-Lu|43/100
|-unboost|p1a: Hydrapple|spa|2
|-enditem|p1a: Hydrapple|Eject Pack
|
|t:|1769317868
|switch|p1a: Kommo-o|Kommo-o, M, shiny|100/100
|-damage|p1a: Kommo-o|84/100|[from] Spikes
|move|p2a: Ting-Lu|Whirlwind|p1a: Kommo-o
|drag|p1a: Hydrapple|Hydrapple, F, shiny|100/100
|-damage|p1a: Hydrapple|84/100|[from] Spikes
|
|-heal|p2a: Ting-Lu|49/100|[from] item: Leftovers
|upkeep
|turn|5
|
|t:|1769317873
|switch|p2a: Jirachi|Jirachi|100/100
|-damage|p2a: Jirachi|94/100|[from] Stealth Rock
|move|p1a: Hydrapple|Giga Drain|p2a: Jirachi
|-resisted|p2a: Jirachi
|-damage|p2a: Jirachi|81/100
|-heal|p1a: Hydrapple|90/100|[from] drain|[of] p2a: Jirachi
|
|-heal|p2a: Jirachi|88/100|[from] item: Leftovers
|upkeep
|turn|6
|
|t:|1769317882
|move|p2a: Jirachi|Stealth Rock|p1a: Hydrapple
|-sidestart|p1: Prismnigma|move: Stealth Rock
|move|p1a: Hydrapple|Fickle Beam|p2a: Jirachi
|-resisted|p2a: Jirachi
|-damage|p2a: Jirachi|75/100
|
|-heal|p2a: Jirachi|81/100|[from] item: Leftovers
|upkeep
|turn|7
|inactive|alola supercharge has 120 seconds left.
|
|t:|1769317928
|move|p2a: Jirachi|U-turn|p1a: Hydrapple
|-supereffective|p1a: Hydrapple
|-damage|p1a: Hydrapple|69/100
|
|t:|1769317939
|switch|p2a: Pecharunt|Pecharunt|100/100|[from] U-turn
|move|p1a: Hydrapple|Fickle Beam|p2a: Pecharunt
|-damage|p2a: Pecharunt|56/100
|
|upkeep
|turn|8
|
|t:|1769317947
|move|p2a: Pecharunt|Toxic|p1a: Hydrapple
|-status|p1a: Hydrapple|tox
|-start|p1a: Hydrapple|confusion|[from] ability: Poison Puppeteer|[of] p2a: Pecharunt
|-activate|p1a: Hydrapple|confusion
|-damage|p1a: Hydrapple|65/100 tox|[from] confusion
|
|-damage|p1a: Hydrapple|59/100 tox|[from] psn
|upkeep
|turn|9
|
|t:|1769317962
|move|p2a: Pecharunt|Recover|p2a: Pecharunt
|-heal|p2a: Pecharunt|100/100
|-end|p1a: Hydrapple|confusion
|move|p1a: Hydrapple|Draco Meteor|p2a: Pecharunt
|-damage|p2a: Pecharunt|31/100
|-unboost|p1a: Hydrapple|spa|2
|
|-damage|p1a: Hydrapple|47/100 tox|[from] psn
|upkeep
|turn|10
|
|t:|1769317973
|switch|p1a: Hydreigon|Hydreigon, M, shiny|100/100
|-damage|p1a: Hydreigon|88/100|[from] Stealth Rock
|move|p2a: Pecharunt|Recover|p2a: Pecharunt
|-heal|p2a: Pecharunt|81/100
|
|upkeep
|turn|11
|
|t:|1769317981
|switch|p2a: Iron Valiant|Iron Valiant|100/100
|-damage|p2a: Iron Valiant|94/100|[from] Stealth Rock
|move|p1a: Hydreigon|Dark Pulse|p2a: Iron Valiant
|-resisted|p2a: Iron Valiant
|-damage|p2a: Iron Valiant|74/100
|
|upkeep
|turn|12
|
|t:|1769317986
|move|p2a: Iron Valiant|Moonblast|p1a: Hydreigon
|-supereffective|p1a: Hydreigon
|-damage|p1a: Hydreigon|0 fnt
|faint|p1a: Hydreigon
|-damage|p2a: Iron Valiant|65/100|[from] item: Life Orb
|
|upkeep
|
|t:|1769317989
|switch|p1a: Garchomp|Garchomp, F, shiny|100/100
|-damage|p1a: Garchomp|84/100|[from] Spikes
|-damage|p1a: Garchomp|78/100|[from] Stealth Rock
|turn|13
|
|t:|1769317993
|move|p1a: Garchomp|Poison Jab|p2a: Iron Valiant
|-supereffective|p2a: Iron Valiant
|-damage|p2a: Iron Valiant|0 fnt
|faint|p2a: Iron Valiant
|-end|p2a: Iron Valiant|Quark Drive|[silent]
|
|upkeep
|
|t:|1769318003
|switch|p2a: Slowking|Slowking-Galar, M, shiny|100/100
|-damage|p2a: Slowking|88/100|[from] Stealth Rock
|turn|14
|
|t:|1769318007
|switch|p1a: Hydrapple|Hydrapple, F, shiny|80/100 tox
|-damage|p1a: Hydrapple|63/100 tox|[from] Spikes
|-damage|p1a: Hydrapple|51/100 tox|[from] Stealth Rock
|move|p2a: Slowking|Trick Room|p2a: Slowking
|-fieldstart|move: Trick Room|[of] p2a: Slowking
|
|-damage|p1a: Hydrapple|45/100 tox|[from] psn
|upkeep
|turn|15
|
|t:|1769318012
|move|p2a: Slowking|Sludge Bomb|p1a: Hydrapple
|-supereffective|p1a: Hydrapple
|-damage|p1a: Hydrapple|0 fnt
|faint|p1a: Hydrapple
|-damage|p2a: Slowking|78/100|[from] item: Life Orb
|
|upkeep
|
|t:|1769318024
|switch|p1a: Dragonite|Dragonite, F, shiny|100/100
|-damage|p1a: Dragonite|76/100|[from] Stealth Rock
|turn|16
|
|t:|1769318028
|move|p2a: Slowking|Sludge Bomb|p1a: Dragonite
|-damage|p1a: Dragonite|22/100
|-damage|p2a: Slowking|68/100|[from] item: Life Orb
|move|p1a: Dragonite|Roost|p1a: Dragonite
|-heal|p1a: Dragonite|72/100
|-singleturn|p1a: Dragonite|move: Roost
|
|upkeep
|turn|17
|
|t:|1769318035
|move|p2a: Slowking|Sludge Bomb|p1a: Dragonite
|-damage|p1a: Dragonite|22/100
|-damage|p2a: Slowking|58/100|[from] item: Life Orb
|move|p1a: Dragonite|Roost|p1a: Dragonite
|-heal|p1a: Dragonite|72/100
|-singleturn|p1a: Dragonite|move: Roost
|
|upkeep
|turn|18
|
|t:|1769318043
|move|p2a: Slowking|Sludge Bomb|p1a: Dragonite
|-damage|p1a: Dragonite|17/100
|-status|p1a: Dragonite|psn
|-damage|p2a: Slowking|48/100|[from] item: Life Orb
|move|p1a: Dragonite|Roost|p1a: Dragonite
|-heal|p1a: Dragonite|67/100 psn
|-singleturn|p1a: Dragonite|move: Roost
|
|-damage|p1a: Dragonite|55/100 psn|[from] psn
|-fieldend|move: Trick Room
|upkeep
|turn|19
|
|t:|1769318049
|switch|p2a: Ting-Lu|Ting-Lu|49/100
|-damage|p2a: Ting-Lu|43/100|[from] Stealth Rock
|-ability|p2a: Ting-Lu|Vessel of Ruin
|-terastallize|p1a: Dragonite|Dragon
|move|p1a: Dragonite|Outrage|p2a: Ting-Lu
|-damage|p2a: Ting-Lu|0 fnt
|faint|p2a: Ting-Lu
|
|-damage|p1a: Dragonite|42/100 psn|[from] psn
|upkeep
|
|t:|1769318054
|switch|p2a: Jirachi|Jirachi|81/100
|-damage|p2a: Jirachi|75/100|[from] Stealth Rock
|turn|20
|
|t:|1769318057
|move|p2a: Jirachi|Psychic|p1a: Dragonite
|-damage|p1a: Dragonite|14/100 psn
|move|p1a: Dragonite|Outrage|p2a: Jirachi|[from] lockedmove
|-resisted|p2a: Jirachi
|-damage|p2a: Jirachi|33/100
|
|-heal|p2a: Jirachi|39/100|[from] item: Leftovers
|-damage|p1a: Dragonite|2/100 psn|[from] psn
|upkeep
|turn|21
|
|t:|1769318062
|move|p2a: Jirachi|Healing Wish|p2a: Jirachi
|faint|p2a: Jirachi
|move|p1a: Dragonite|Outrage|p2: Jirachi|[from] lockedmove|[notarget]
|-fail|p1a: Dragonite
|-start|p1a: Dragonite|confusion|[fatigue]
|
|-damage|p1a: Dragonite|0 fnt|[from] psn
|faint|p1a: Dragonite
|upkeep
|
|t:|1769318075
|switch|p2a: Tornadus|Tornadus-Therian, M|100/100
|switch|p1a: Garchomp|Garchomp, F, shiny|78/100
|-damage|p1a: Garchomp|61/100|[from] Spikes
|-damage|p1a: Garchomp|55/100|[from] Stealth Rock
|turn|22
|
|t:|1769318083
|switch|p1a: Goodra|Goodra, F, shiny|100/100
|-damage|p1a: Goodra|84/100|[from] Spikes
|-damage|p1a: Goodra|72/100|[from] Stealth Rock
|move|p2a: Tornadus|Hurricane|p1a: Goodra
|-damage|p1a: Goodra|42/100
|
|-heal|p1a: Goodra|48/100|[from] item: Leftovers
|upkeep
|turn|23
|
|t:|1769318093
|move|p2a: Tornadus|U-turn|p1a: Goodra
|-damage|p1a: Goodra|33/100
|-ability|p1a: Goodra|Gooey
|-unboost|p2a: Tornadus|spe|1
|
|t:|1769318095
|switch|p2a: Slowking|Slowking-Galar, M, shiny|82/100|[from] U-turn
|-heal|p2a: Slowking|100/100|[from] move: Healing Wish
|-damage|p2a: Slowking|88/100|[from] Stealth Rock
|move|p1a: Goodra|Dragon Breath|p2a: Slowking
|-damage|p2a: Slowking|71/100
|-status|p2a: Slowking|par
|
|-heal|p1a: Goodra|39/100|[from] item: Leftovers
|upkeep
|turn|24
|
|t:|1769318100
|move|p1a: Goodra|Life Dew|p1a: Goodra
|-heal|p1a: Goodra|64/100
|cant|p2a: Slowking|par
|
|-heal|p1a: Goodra|71/100|[from] item: Leftovers
|upkeep
|turn|25
|
|t:|1769318105
|move|p1a: Goodra|Acid Spray|p2a: Slowking
|-resisted|p2a: Slowking
|-damage|p2a: Slowking|67/100 par
|-unboost|p2a: Slowking|spd|2
|move|p2a: Slowking|Sludge Bomb|p1a: Goodra
|-damage|p1a: Goodra|34/100
|-damage|p2a: Slowking|57/100 par|[from] item: Life Orb
|
|-heal|p1a: Goodra|40/100|[from] item: Leftovers
|upkeep
|turn|26
|
|t:|1769318109
|switch|p2a: Tornadus|Tornadus-Therian, M|100/100
|move|p1a: Goodra|Life Dew|p1a: Goodra
|-heal|p1a: Goodra|65/100
|
|-heal|p1a: Goodra|71/100|[from] item: Leftovers
|upkeep
|turn|27
|
|t:|1769318112
|move|p2a: Tornadus|Hurricane|p1a: Goodra|[miss]
|-miss|p2a: Tornadus|p1a: Goodra
|move|p1a: Goodra|Acid Spray|p2a: Tornadus
|-crit|p2a: Tornadus
|-damage|p2a: Tornadus|81/100
|-unboost|p2a: Tornadus|spd|2
|
|-heal|p1a: Goodra|77/100|[from] item: Leftovers
|upkeep
|turn|28
|
|t:|1769318116
|move|p2a: Tornadus|U-turn|p1a: Goodra
|-damage|p1a: Goodra|63/100
|-ability|p1a: Goodra|Gooey
|-unboost|p2a: Tornadus|spe|1
|
|t:|1769318118
|switch|p2a: Slowking|Slowking-Galar, M, shiny|91/100 par|[from] U-turn
|-damage|p2a: Slowking|78/100 par|[from] Stealth Rock
|move|p1a: Goodra|Dragon Breath|p2a: Slowking
|-damage|p2a: Slowking|58/100 par
|
|-heal|p1a: Goodra|69/100|[from] item: Leftovers
|upkeep
|turn|29
|
|t:|1769318126
|move|p1a: Goodra|Acid Spray|p2a: Slowking
|-resisted|p2a: Slowking
|-damage|p2a: Slowking|55/100 par
|-unboost|p2a: Slowking|spd|2
|move|p2a: Slowking|Sludge Bomb|p1a: Goodra
|-damage|p1a: Goodra|29/100
|-damage|p2a: Slowking|45/100 par|[from] item: Life Orb
|
|-heal|p1a: Goodra|35/100|[from] item: Leftovers
|upkeep
|turn|30
|
|t:|1769318151
|switch|p2a: Tornadus|Tornadus-Therian, M|100/100
|move|p1a: Goodra|Acid Spray|p2a: Tornadus
|-damage|p2a: Tornadus|88/100
|-unboost|p2a: Tornadus|spd|2
|
|-heal|p1a: Goodra|41/100|[from] item: Leftovers
|upkeep
|turn|31
|
|t:|1769318158
|switch|p2a: Pecharunt|Pecharunt|81/100
|move|p1a: Goodra|Dragon Breath|p2a: Pecharunt
|-damage|p2a: Pecharunt|59/100
|
|-heal|p1a: Goodra|48/100|[from] item: Leftovers
|upkeep
|turn|32
|
|t:|1769318167
|move|p2a: Pecharunt|Toxic|p1a: Goodra
|-status|p1a: Goodra|tox
|-start|p1a: Goodra|confusion|[from] ability: Poison Puppeteer|[of] p2a: Pecharunt
|-activate|p1a: Goodra|confusion
|-damage|p1a: Goodra|40/100 tox|[from] confusion
|
|-heal|p1a: Goodra|46/100 tox|[from] item: Leftovers
|-damage|p1a: Goodra|40/100 tox|[from] psn
|upkeep
|turn|33
|
|t:|1769318172
|move|p2a: Pecharunt|Recover|p2a: Pecharunt
|-heal|p2a: Pecharunt|100/100
|-end|p1a: Goodra|confusion
|move|p1a: Goodra|Dragon Breath|p2a: Pecharunt
|-damage|p2a: Pecharunt|78/100
|
|-heal|p1a: Goodra|46/100 tox|[from] item: Leftovers
|-damage|p1a: Goodra|34/100 tox|[from] psn
|upkeep
|turn|34
|
|t:|1769318181
|move|p2a: Pecharunt|Shadow Ball|p1a: Goodra
|-damage|p1a: Goodra|20/100 tox
|-unboost|p1a: Goodra|spd|1
|move|p1a: Goodra|Dragon Breath|p2a: Pecharunt
|-damage|p2a: Pecharunt|55/100
|
|-heal|p1a: Goodra|26/100 tox|[from] item: Leftovers
|-damage|p1a: Goodra|7/100 tox|[from] psn
|upkeep
|turn|35
|
|t:|1769318184
|move|p2a: Pecharunt|Recover|p2a: Pecharunt
|-heal|p2a: Pecharunt|100/100
|move|p1a: Goodra|Dragon Breath|p2a: Pecharunt
|-damage|p2a: Pecharunt|79/100
|-status|p2a: Pecharunt|par
|
|-heal|p1a: Goodra|13/100 tox|[from] item: Leftovers
|-damage|p1a: Goodra|0 fnt|[from] psn
|faint|p1a: Goodra
|upkeep
|
|t:|1769318186
|switch|p1a: Garchomp|Garchomp, F, shiny|55/100
|-damage|p1a: Garchomp|39/100|[from] Spikes
|-damage|p1a: Garchomp|32/100|[from] Stealth Rock
|turn|36
|
|t:|1769318191
|-terastallize|p2a: Pecharunt|Fairy
|move|p1a: Garchomp|Earthquake|p2a: Pecharunt
|-damage|p2a: Pecharunt|54/100 par
|move|p2a: Pecharunt|Shadow Ball|p1a: Garchomp
|-damage|p1a: Garchomp|4/100
|
|upkeep
|turn|37
|
|t:|1769318198
|move|p1a: Garchomp|Earthquake|p2a: Pecharunt
|-damage|p2a: Pecharunt|26/100 par
|move|p2a: Pecharunt|Recover|p2a: Pecharunt
|-heal|p2a: Pecharunt|76/100 par
|
|upkeep
|turn|38
|
|t:|1769318199
|move|p1a: Garchomp|Earthquake|p2a: Pecharunt
|-damage|p2a: Pecharunt|51/100 par
|move|p2a: Pecharunt|Recover|p2a: Pecharunt
|-heal|p2a: Pecharunt|100/100 par
|
|upkeep
|turn|39
|
|t:|1769318202
|move|p1a: Garchomp|Earthquake|p2a: Pecharunt
|-damage|p2a: Pecharunt|72/100 par
|cant|p2a: Pecharunt|par
|
|upkeep
|turn|40
|
|t:|1769318206
|move|p1a: Garchomp|Earthquake|p2a: Pecharunt
|-damage|p2a: Pecharunt|45/100 par
|cant|p2a: Pecharunt|par
|
|upkeep
|turn|41
|
|t:|1769318208
|move|p1a: Garchomp|Earthquake|p2a: Pecharunt
|-damage|p2a: Pecharunt|17/100 par
|move|p2a: Pecharunt|Recover|p2a: Pecharunt
|-heal|p2a: Pecharunt|67/100 par
|
|upkeep
|turn|42
|
|t:|1769318211
|move|p1a: Garchomp|Earthquake|p2a: Pecharunt
|-damage|p2a: Pecharunt|39/100 par
|move|p2a: Pecharunt|Shadow Ball|p1a: Garchomp
|-damage|p1a: Garchomp|0 fnt
|faint|p1a: Garchomp
|
|upkeep
|
|t:|1769318213
|switch|p1a: Kommo-o|Kommo-o, M, shiny|84/100
|-damage|p1a: Kommo-o|68/100|[from] Spikes
|-damage|p1a: Kommo-o|61/100|[from] Stealth Rock
|turn|43
|
|t:|1769318220
|move|p1a: Kommo-o|Iron Defense|p1a: Kommo-o
|-boost|p1a: Kommo-o|def|2
|move|p2a: Pecharunt|Malignant Chain|p1a: Kommo-o
|-damage|p1a: Kommo-o|35/100
|
|upkeep
|turn|44
|
|t:|1769318222
|move|p1a: Kommo-o|Body Press|p2a: Pecharunt
|-resisted|p2a: Pecharunt
|-damage|p2a: Pecharunt|20/100 par
|move|p2a: Pecharunt|Malignant Chain|p1a: Kommo-o
|-damage|p1a: Kommo-o|8/100
|
|upkeep
|turn|45
|
|t:|1769318234
|move|p1a: Kommo-o|Body Press|p2a: Pecharunt
|-resisted|p2a: Pecharunt
|-damage|p2a: Pecharunt|0 fnt
|faint|p2a: Pecharunt
|
|upkeep
|
|t:|1769318240
|switch|p2a: Tornadus|Tornadus-Therian, M|100/100
|turn|46
|
|t:|1769318244
|move|p2a: Tornadus|Tera Blast|p1a: Kommo-o
|-damage|p1a: Kommo-o|0 fnt
|faint|p1a: Kommo-o
|
|win|alola supercharge
|raw|Prismnigma's rating: 1152 &rarr; <strong>1131</strong><br />(-21 for losing)
|raw|alola supercharge's rating: 1201 &rarr; <strong>1222</strong><br />(+21 for winning)
|l|☆Prismnigma
|player|p1|
|l|☆alola supercharge
|player|p2|
