|j|☆ikun ngm
|j|☆Jinghan Yu
|t:|1769440169
|gametype|singles
|player|p1|ikun ngm|swimmer-gen4|1343
|player|p2|Jinghan Yu|nate|1360
|gen|9
|tier|[Gen 9] OU
|rated|
|rule|HP Percentage Mod: HP is shown in percentages
|rule|Endless Battle Clause: Forcing endless battles is banned
|rule|Species Clause: Limit one of each Pokémon
|rule|OHKO Clause: OHKO moves are banned
|rule|Evasion Items Clause: Evasion items are banned
|rule|Evasion Moves Clause: Evasion moves are banned
|rule|Evasion Abilities Clause: Evasion abilities are banned
|rule|Sleep Moves Clause: Sleep-inducing moves are banned
|clearpoke
|poke|p1|Brambleghast, M|
|poke|p1|Whimsicott, M|
|poke|p1|Alomomola, M|
|poke|p1|Kleavor, F|
|poke|p1|Dragonite, M|
|poke|p1|Kyurem|
|poke|p2|Blastoise, M|
|poke|p2|Tyranitar, M|
|poke|p2|Garchomp, M|
|poke|p2|Gyarados, M|
|poke|p2|Gengar, M|
|poke|p2|Excadrill, M|
|teampreview
|
|t:|1769440174
|teamsize|p1|6
|teamsize|p2|6
|start
|switch|p1a: Kleavor|Kleavor, F|100/100
|switch|p2a: Mangus|Garchomp, M, shiny|100/100
|turn|1
|
|t:|1769440179
|move|p2a: Mangus|Swords Dance|p2a: Mangus
|-boost|p2a: Mangus|atk|2
|move|p1a: Kleavor|Tailwind|p1a: Kleavor
|-sidestart|p1: ikun ngm|move: Tailwind
|
|upkeep
|turn|2
|
|t:|1769440184
|move|p1a: Kleavor|Stone Axe|p2a: Mangus
|-resisted|p2a: Mangus
|-damage|p2a: Mangus|74/100
|-damage|p1a: Kleavor|88/100|[from] ability: Rough Skin|[of] p2a: Mangus
|-sidestart|p2: Jinghan Yu|move: Stealth Rock
|move|p2a: Mangus|Shadow Claw|p1a: Kleavor
|-damage|p1a: Kleavor|24/100
|
|upkeep
|turn|3
|
|t:|1769440191
|move|p1a: Kleavor|Stone Axe|p2a: Mangus
|-resisted|p2a: Mangus
|-damage|p2a: Mangus|50/100
|-damage|p1a: Kleavor|11/100|[from] ability: Rough Skin|[of] p2a: Mangus
|move|p2a: Mangus|Scale Shot|p1a: Kleavor
|-damage|p1a: Kleavor|0 fnt
|faint|p1a: Kleavor
|-hitcount|p1: Kleavor|1
|-unboost|p2a: Mangus|def|1
|-boost|p2a: Mangus|spe|1
|
|upkeep
|
|t:|1769440196
|switch|p1a: Brambleghast|Brambleghast, M|100/100
|-ability|p1a: Brambleghast|Wind Rider|boost
|-boost|p1a: Brambleghast|atk|1
|turn|4
|
|t:|1769440201
|move|p1a: Brambleghast|Poltergeist|p2a: Mangus
|-activate|p2a: Mangus|move: Poltergeist|Loaded Dice
|-damage|p2a: Mangus|0 fnt
|faint|p2a: Mangus
|-damage|p1a: Brambleghast|91/100|[from] item: Life Orb
|
|-sideend|p1: ikun ngm|move: Tailwind
|upkeep
|
|t:|1769440209
|switch|p2a: Timothy|Tyranitar, M|100/100
|-damage|p2a: Timothy|88/100|[from] Stealth Rock
|-weather|Sandstorm|[from] ability: Sand Stream|[of] p2a: Timothy
|turn|5
|
|t:|1769440211
|move|p1a: Brambleghast|Seed Bomb|p2a: Timothy
|-supereffective|p2a: Timothy
|-damage|p2a: Timothy|0 fnt
|faint|p2a: Timothy
|-damage|p1a: Brambleghast|81/100|[from] item: Life Orb
|
|-weather|Sandstorm|[upkeep]
|-damage|p1a: Brambleghast|75/100|[from] Sandstorm
|upkeep
|
|t:|1769440216
|switch|p2a: Emmett|Excadrill, M|100/100
|-damage|p2a: Emmett|97/100|[from] Stealth Rock
|-item|p2a: Emmett|Air Balloon
|turn|6
|
|t:|1769440219
|switch|p1a: Alomomola|Alomomola, M|100/100
|move|p2a: Emmett|Rock Slide|p1a: Alomomola
|-damage|p1a: Alomomola|85/100
|
|-weather|Sandstorm|[upkeep]
|-damage|p1a: Alomomola|79/100|[from] Sandstorm
|upkeep
|turn|7
|
|t:|1769440223
|switch|p1a: Brambleghast|Brambleghast, M|75/100
|move|p2a: Emmett|Swords Dance|p2a: Emmett
|-boost|p2a: Emmett|atk|2
|
|-weather|Sandstorm|[upkeep]
|-damage|p1a: Brambleghast|69/100|[from] Sandstorm
|upkeep
|turn|8
|
|t:|1769440230
|switch|p1a: Alomomola|Alomomola, M|100/100
|move|p2a: Emmett|Rock Slide|p1a: Alomomola
|-damage|p1a: Alomomola|65/100
|
|-weather|Sandstorm|[upkeep]
|-damage|p1a: Alomomola|59/100|[from] Sandstorm
|upkeep
|turn|9
|
|t:|1769440235
|move|p1a: Alomomola|Protect|p1a: Alomomola
|-singleturn|p1a: Alomomola|Protect
|move|p2a: Emmett|Swords Dance|p2a: Emmett
|-boost|p2a: Emmett|atk|2
|
|-weather|Sandstorm|[upkeep]
|-damage|p1a: Alomomola|53/100|[from] Sandstorm
|upkeep
|turn|10
|
|t:|1769440238
|move|p2a: Emmett|Earthquake|p1a: Alomomola
|-damage|p1a: Alomomola|0 fnt
|faint|p1a: Alomomola
|
|-weather|Sandstorm|[upkeep]
|upkeep
|
|t:|1769440241
|switch|p1a: Whimsicott|Whimsicott, M|100/100
|turn|11
|
|t:|1769440245
|move|p1a: Whimsicott|Tailwind|p1a: Whimsicott
|-sidestart|p1: ikun ngm|move: Tailwind
|move|p2a: Emmett|Rock Slide|p1a: Whimsicott
|-damage|p1a: Whimsicott|0 fnt
|faint|p1a: Whimsicott
|
|-weather|Sandstorm|[upkeep]
|upkeep
|
|t:|1769440247
|switch|p1a: Brambleghast|Brambleghast, M|69/100
|-ability|p1a: Brambleghast|Wind Rider|boost
|-boost|p1a: Brambleghast|atk|1
|turn|12
|
|t:|1769440251
|move|p1a: Brambleghast|Poltergeist|p2a: Emmett
|-activate|p2a: Emmett|move: Poltergeist|Air Balloon
|-damage|p2a: Emmett|0 fnt
|-enditem|p2a: Emmett|Air Balloon
|faint|p2a: Emmett
|-damage|p1a: Brambleghast|59/100|[from] item: Life Orb
|
|-weather|none
|upkeep
|
|t:|1769440256
|switch|p2a: Osten|Gyarados, M, shiny|100/100
|-damage|p2a: Osten|76/100|[from] Stealth Rock
|-ability|p2a: Osten|Intimidate|boost
|-unboost|p1a: Brambleghast|atk|1
|turn|13
|
|t:|1769440263
|-terastallize|p2a: Osten|Normal
|move|p1a: Brambleghast|Poltergeist|p2a: Osten
|-immune|p2a: Osten
|move|p2a: Osten|Crunch|p1a: Brambleghast
|-supereffective|p1a: Brambleghast
|-damage|p1a: Brambleghast|0 fnt
|faint|p1a: Brambleghast
|
|-heal|p2a: Osten|82/100|[from] item: Leftovers
|upkeep
|
|t:|1769440270
|switch|p1a: Dragonite|Dragonite, M|100/100
|turn|14
|
|t:|1769440275
|move|p1a: Dragonite|Dragon Dance|p1a: Dragonite
|-boost|p1a: Dragonite|atk|1
|-boost|p1a: Dragonite|spe|1
|move|p2a: Osten|Body Slam|p1a: Dragonite
|-damage|p1a: Dragonite|75/100
|
|-heal|p1a: Dragonite|82/100|[from] item: Leftovers
|-heal|p2a: Osten|88/100|[from] item: Leftovers
|-sideend|p1: ikun ngm|move: Tailwind
|upkeep
|turn|15
|
|t:|1769440284
|move|p1a: Dragonite|Roost|p1a: Dragonite
|-heal|p1a: Dragonite|100/100
|-singleturn|p1a: Dragonite|move: Roost
|move|p2a: Osten|Body Slam|p1a: Dragonite
|-damage|p1a: Dragonite|74/100
|-status|p1a: Dragonite|par
|
|-heal|p2a: Osten|94/100|[from] item: Leftovers
|-heal|p1a: Dragonite|81/100 par|[from] item: Leftovers
|upkeep
|turn|16
|
|t:|1769440287
|move|p2a: Osten|Dragon Dance|p2a: Osten
|-boost|p2a: Osten|atk|1
|-boost|p2a: Osten|spe|1
|move|p1a: Dragonite|Dragon Dance|p1a: Dragonite
|-boost|p1a: Dragonite|atk|1
|-boost|p1a: Dragonite|spe|1
|
|-heal|p2a: Osten|99/100|[from] item: Leftovers
|-heal|p1a: Dragonite|87/100 par|[from] item: Leftovers
|upkeep
|turn|17
|
|t:|1769440292
|move|p2a: Osten|Body Slam|p1a: Dragonite
|-damage|p1a: Dragonite|13/100 par
|move|p1a: Dragonite|Earthquake|p2a: Osten
|-damage|p2a: Osten|13/100
|
|-heal|p2a: Osten|20/100|[from] item: Leftovers
|-heal|p1a: Dragonite|19/100 par|[from] item: Leftovers
|upkeep
|turn|18
|
|t:|1769440297
|move|p2a: Osten|Body Slam|p1a: Dragonite
|-damage|p1a: Dragonite|0 fnt
|faint|p1a: Dragonite
|
|-heal|p2a: Osten|26/100|[from] item: Leftovers
|upkeep
|
|t:|1769440299
|switch|p1a: Kyurem|Kyurem|100/100
|-ability|p1a: Kyurem|Pressure
|turn|19
|
|t:|1769440303
|switch|p2a: Nasim|Gengar, M|100/100
|-damage|p2a: Nasim|88/100|[from] Stealth Rock
|move|p1a: Kyurem|Freeze-Dry|p2a: Nasim
|-damage|p2a: Nasim|30/100
|
|upkeep
|turn|20
|
|t:|1769440309
|move|p2a: Nasim|Endure|p2a: Nasim
|-singleturn|p2a: Nasim|move: Endure
|move|p1a: Kyurem|Protect||[still]
|-fail|p1a: Kyurem
|
|upkeep
|turn|21
|
|t:|1769440316
|move|p2a: Nasim|Dazzling Gleam|p1a: Kyurem
|-supereffective|p1a: Kyurem
|-damage|p1a: Kyurem|51/100
|move|p1a: Kyurem|Substitute|p1a: Kyurem
|-start|p1a: Kyurem|Substitute
|-damage|p1a: Kyurem|26/100
|
|-heal|p1a: Kyurem|32/100|[from] item: Leftovers
|upkeep
|turn|22
|
|t:|1769440321
|move|p1a: Kyurem|Protect|p1a: Kyurem
|-singleturn|p1a: Kyurem|Protect
|move|p2a: Nasim|Dazzling Gleam|p1a: Kyurem
|-activate|p1a: Kyurem|move: Protect
|
|-heal|p1a: Kyurem|39/100|[from] item: Leftovers
|upkeep
|turn|23
|
|t:|1769440327
|move|p2a: Nasim|Dazzling Gleam|p1a: Kyurem
|-supereffective|p1a: Kyurem
|-end|p1a: Kyurem|Substitute
|move|p1a: Kyurem|Freeze-Dry|p2a: Nasim
|-damage|p2a: Nasim|0 fnt
|-start|p1a: Kyurem|Disable|Freeze-Dry|[from] ability: Cursed Body|[of] p2a: Nasim
|faint|p2a: Nasim
|
|-heal|p1a: Kyurem|45/100|[from] item: Leftovers
|upkeep
|
|t:|1769440332
|switch|p2a: Blaine|Blastoise, M|100/100
|-damage|p2a: Blaine|88/100|[from] Stealth Rock
|turn|24
|
|t:|1769440336
|move|p1a: Kyurem|Earth Power|p2a: Blaine
|-damage|p2a: Blaine|51/100
|move|p2a: Blaine|Aura Sphere|p1a: Kyurem
|-supereffective|p1a: Kyurem
|-damage|p1a: Kyurem|3/100
|
|-heal|p1a: Kyurem|9/100|[from] item: Leftovers
|upkeep
|turn|25
|
|t:|1769440339
|move|p1a: Kyurem|Protect|p1a: Kyurem
|-singleturn|p1a: Kyurem|Protect
|move|p2a: Blaine|Aura Sphere|p1a: Kyurem
|-activate|p1a: Kyurem|move: Protect
|
|-heal|p1a: Kyurem|15/100|[from] item: Leftovers
|upkeep
|turn|26
|
|t:|1769440343
|move|p1a: Kyurem|Earth Power|p2a: Blaine
|-damage|p2a: Blaine|19/100
|move|p2a: Blaine|Aura Sphere|p1a: Kyurem
|-supereffective|p1a: Kyurem
|-damage|p1a: Kyurem|0 fnt
|faint|p1a: Kyurem
|
|win|Jinghan Yu
|raw|ikun ngm's rating: 1343 &rarr; <strong>1324</strong><br />(-19 for losing)
|raw|Jinghan Yu's rating: 1360 &rarr; <strong>1379</strong><br />(+19 for winning)
|l|☆ikun ngm
|player|p1|
|l|☆Jinghan Yu
|player|p2|
