|j|☆bruh_eggs
|j|☆keirimm
|t:|1769429226
|gametype|singles
|player|p1|bruh_eggs|juggler|1530
|player|p2|keirimm|1|1568
|gen|9
|tier|[Gen 9] OU
|rated|
|rule|HP Percentage Mod: HP is shown in percentages
|rule|Endless Battle Clause: Forcing endless battles is banned
|rule|Species Clause: Limit one of each Pokémon
|rule|OHKO Clause: OHKO moves are banned
|rule|Evasion Items Clause: Evasion items are banned
|rule|Evasion Moves Clause: Evasion moves are banned
|rule|Evasion Abilities Clause: Evasion abilities are banned
|rule|Sleep Moves Clause: Sleep-inducing moves are banned
|clearpoke
|poke|p1|Great Tusk|
|poke|p1|Rillaboom, M|
|poke|p1|Gholdengo|
|poke|p1|Heatran, M|
|poke|p1|Darkrai|
|poke|p1|Samurott-Hisui, F|
|poke|p2|Ninetales, F|
|poke|p2|Zamazenta-*|
|poke|p2|Cinderace, M|
|poke|p2|Walking Wake|
|poke|p2|Slither Wing|
|poke|p2|Raging Bolt|
|teampreview
|inactive|Battle timer is ON: inactive players will automatically lose when time's up. (requested by bruh_eggs)
|c|☆bruh_eggs|gl
|c|☆keirimm|gl
|j| Tbccc15
|
|t:|1769429248
|teamsize|p1|6
|teamsize|p2|6
|start
|switch|p1a: Metallica|Heatran, M|100/100
|switch|p2a: Cinderace|Cinderace, M, shiny|100/100
|-item|p1a: Metallica|Air Balloon
|turn|1
|
|t:|1769429274
|switch|p1a: Marilyn Manson|Gholdengo|100/100
|move|p2a: Cinderace|U-turn|p1a: Marilyn Manson
|-resisted|p1a: Marilyn Manson
|-damage|p1a: Marilyn Manson|96/100
|
|t:|1769429278
|switch|p2a: Ninetales|Ninetales, F, shiny|100/100|[from] U-turn
|-weather|SunnyDay|[from] ability: Drought|[of] p2a: Ninetales
|
|-weather|SunnyDay|[upkeep]
|upkeep
|turn|2
|inactive|bruh_eggs has 120 seconds left.
|j| js_redstar
|
|t:|1769429337
|switch|p2a: Walking Wake|Walking Wake|100/100
|-activate|p2a: Walking Wake|ability: Protosynthesis
|-start|p2a: Walking Wake|protosynthesisspe
|move|p1a: Marilyn Manson|Nasty Plot|p1a: Marilyn Manson
|-boost|p1a: Marilyn Manson|spa|2
|
|-weather|SunnyDay|[upkeep]
|upkeep
|turn|3
|
|t:|1769429350
|move|p2a: Walking Wake|Hydro Steam|p1a: Marilyn Manson
|-damage|p1a: Marilyn Manson|3/100
|move|p1a: Marilyn Manson|Shadow Ball|p2a: Walking Wake
|-damage|p2a: Walking Wake|13/100
|
|-weather|SunnyDay|[upkeep]
|upkeep
|turn|4
|l| js_redstar
|
|t:|1769429359
|move|p2a: Walking Wake|Hydro Steam|p1a: Marilyn Manson
|-damage|p1a: Marilyn Manson|0 fnt
|faint|p1a: Marilyn Manson
|
|-weather|SunnyDay|[upkeep]
|upkeep
|
|t:|1769429362
|switch|p1a: Forever|Rillaboom, M|100/100
|-fieldstart|move: Grassy Terrain|[from] ability: Grassy Surge|[of] p1a: Forever
|turn|5
|
|t:|1769429366
|-end|p2a: Walking Wake|Protosynthesis|[silent]
|switch|p2a: Slither Wing|Slither Wing|100/100
|-activate|p2a: Slither Wing|ability: Protosynthesis
|-start|p2a: Slither Wing|protosynthesisatk
|move|p1a: Forever|U-turn|p2a: Slither Wing
|-resisted|p2a: Slither Wing
|-crit|p2a: Slither Wing
|-damage|p2a: Slither Wing|80/100
|inactive|bruh_eggs has 120 seconds left.
|
|t:|1769429373
|switch|p1a: Ball Breaker|Great Tusk|100/100|[from] U-turn
|-activate|p1a: Ball Breaker|ability: Protosynthesis
|-start|p1a: Ball Breaker|protosynthesisspe
|
|-weather|SunnyDay|[upkeep]
|-heal|p2a: Slither Wing|86/100|[from] Grassy Terrain
|upkeep
|turn|6
|
|t:|1769429383
|move|p1a: Ball Breaker|Rapid Spin|p2a: Slither Wing
|-damage|p2a: Slither Wing|70/100
|-boost|p1a: Ball Breaker|spe|1
|move|p2a: Slither Wing|Close Combat|p1a: Ball Breaker
|-damage|p1a: Ball Breaker|14/100
|-unboost|p2a: Slither Wing|def|1
|-unboost|p2a: Slither Wing|spd|1
|-damage|p2a: Slither Wing|54/100|[from] item: Rocky Helmet|[of] p1a: Ball Breaker
|
|-weather|SunnyDay|[upkeep]
|-heal|p1a: Ball Breaker|20/100|[from] Grassy Terrain
|-heal|p2a: Slither Wing|60/100|[from] Grassy Terrain
|upkeep
|turn|7
|
|t:|1769429393
|move|p1a: Ball Breaker|Headlong Rush|p2a: Slither Wing
|-resisted|p2a: Slither Wing
|-damage|p2a: Slither Wing|14/100
|-unboost|p1a: Ball Breaker|def|1
|-unboost|p1a: Ball Breaker|spd|1
|move|p2a: Slither Wing|Close Combat|p1a: Ball Breaker
|-damage|p1a: Ball Breaker|0 fnt
|-unboost|p2a: Slither Wing|def|1
|-unboost|p2a: Slither Wing|spd|1
|-damage|p2a: Slither Wing|0 fnt|[from] item: Rocky Helmet|[of] p1a: Ball Breaker
|faint|p1a: Ball Breaker
|-end|p1a: Ball Breaker|Protosynthesis|[silent]
|faint|p2a: Slither Wing
|-end|p2a: Slither Wing|Protosynthesis|[silent]
|
|-weather|SunnyDay|[upkeep]
|upkeep
|
|t:|1769429403
|switch|p1a: Samurott|Samurott-Hisui, F|100/100
|switch|p2a: Cinderace|Cinderace, M, shiny|100/100
|turn|8
|
|t:|1769429409
|move|p2a: Cinderace|U-turn|p1a: Samurott
|-supereffective|p1a: Samurott
|-damage|p1a: Samurott|54/100
|
|t:|1769429413
|switch|p2a: Zamazenta|Zamazenta|100/100|[from] U-turn
|-ability|p2a: Zamazenta|Dauntless Shield|boost
|-boost|p2a: Zamazenta|def|1
|move|p1a: Samurott|Ceaseless Edge|p2a: Zamazenta
|-resisted|p2a: Zamazenta
|-damage|p2a: Zamazenta|88/100
|-sidestart|p2: keirimm|Spikes
|
|-weather|none
|-heal|p2a: Zamazenta|95/100|[from] Grassy Terrain
|-heal|p2a: Zamazenta|100/100|[from] item: Leftovers
|-heal|p1a: Samurott|60/100|[from] Grassy Terrain
|upkeep
|turn|9
|
|t:|1769429421
|move|p2a: Zamazenta|Iron Defense|p2a: Zamazenta
|-boost|p2a: Zamazenta|def|2
|move|p1a: Samurott|Ceaseless Edge|p2a: Zamazenta
|-resisted|p2a: Zamazenta
|-damage|p2a: Zamazenta|94/100
|-sidestart|p2: keirimm|Spikes
|
|-heal|p2a: Zamazenta|99/100|[from] Grassy Terrain
|-heal|p2a: Zamazenta|100/100|[from] item: Leftovers
|-heal|p1a: Samurott|66/100|[from] Grassy Terrain
|-fieldend|move: Grassy Terrain
|upkeep
|turn|10
|
|t:|1769429426
|move|p2a: Zamazenta|Iron Defense|p2a: Zamazenta
|-boost|p2a: Zamazenta|def|2
|move|p1a: Samurott|Razor Shell|p2a: Zamazenta
|-damage|p2a: Zamazenta|87/100
|-unboost|p2a: Zamazenta|def|1
|
|-heal|p2a: Zamazenta|94/100|[from] item: Leftovers
|upkeep
|turn|11
|
|t:|1769429434
|move|p2a: Zamazenta|Body Press|p1a: Samurott
|-supereffective|p1a: Samurott
|-damage|p1a: Samurott|0 fnt
|faint|p1a: Samurott
|
|-heal|p2a: Zamazenta|99/100|[from] item: Leftovers
|upkeep
|
|t:|1769429452
|switch|p1a: Metallica|Heatran, M|100/100
|-item|p1a: Metallica|Air Balloon
|turn|12
|
|t:|1769429464
|switch|p2a: Raging Bolt|Raging Bolt|100/100
|-damage|p2a: Raging Bolt|84/100|[from] Spikes
|-terastallize|p1a: Metallica|Ghost
|move|p1a: Metallica|Flamethrower|p2a: Raging Bolt
|-resisted|p2a: Raging Bolt
|-damage|p2a: Raging Bolt|75/100
|
|upkeep
|turn|13
|
|t:|1769429469
|switch|p1a: Forever|Rillaboom, M|100/100
|-fieldstart|move: Grassy Terrain|[from] ability: Grassy Surge|[of] p1a: Forever
|move|p2a: Raging Bolt|Dragon Pulse|p1a: Forever
|-crit|p1a: Forever
|-damage|p1a: Forever|28/100
|
|-heal|p1a: Forever|34/100|[from] Grassy Terrain
|-heal|p1a: Forever|40/100|[from] item: Leftovers
|-heal|p2a: Raging Bolt|81/100|[from] Grassy Terrain
|upkeep
|turn|14
|
|t:|1769429476
|move|p1a: Forever|U-turn|p2a: Raging Bolt
|-damage|p2a: Raging Bolt|61/100
|
|t:|1769429486
|switch|p1a: Death 13|Darkrai|100/100|[from] U-turn
|move|p2a: Raging Bolt|Dragon Pulse|p1a: Death 13
|-crit|p1a: Death 13
|-damage|p1a: Death 13|10/100
|
|-heal|p1a: Death 13|17/100|[from] Grassy Terrain
|-heal|p2a: Raging Bolt|67/100|[from] Grassy Terrain
|upkeep
|turn|15
|
|t:|1769429493
|move|p1a: Death 13|Ice Beam|p2a: Raging Bolt
|-supereffective|p2a: Raging Bolt
|-damage|p2a: Raging Bolt|31/100
|-damage|p1a: Death 13|7/100|[from] item: Life Orb
|move|p2a: Raging Bolt|Dragon Pulse|p1a: Death 13
|-crit|p1a: Death 13
|-damage|p1a: Death 13|0 fnt
|faint|p1a: Death 13
|
|-heal|p2a: Raging Bolt|37/100|[from] Grassy Terrain
|upkeep
|
|t:|1769429499
|switch|p1a: Forever|Rillaboom, M|40/100
|turn|16
|
|t:|1769429516
|move|p1a: Forever|Low Kick|p2a: Raging Bolt
|-damage|p2a: Raging Bolt|2/100
|move|p2a: Raging Bolt|Dragon Pulse|p1a: Forever
|-damage|p1a: Forever|0 fnt
|faint|p1a: Forever
|
|-heal|p2a: Raging Bolt|8/100|[from] Grassy Terrain
|upkeep
|
|t:|1769429525
|switch|p1a: Metallica|Heatran, M, tera:Ghost|100/100
|-item|p1a: Metallica|Air Balloon
|turn|17
|
|t:|1769429528
|move|p2a: Raging Bolt|Dragon Pulse|p1a: Metallica
|-damage|p1a: Metallica|72/100
|-enditem|p1a: Metallica|Air Balloon
|move|p1a: Metallica|Flamethrower|p2a: Raging Bolt
|-resisted|p2a: Raging Bolt
|-damage|p2a: Raging Bolt|0 fnt
|faint|p2a: Raging Bolt
|-end|p2a: Raging Bolt|Protosynthesis|[silent]
|
|-heal|p1a: Metallica|78/100|[from] Grassy Terrain
|-fieldend|move: Grassy Terrain
|upkeep
|
|t:|1769429535
|switch|p2a: Cinderace|Cinderace, M, shiny|100/100
|turn|18
|
|t:|1769429539
|move|p2a: Cinderace|Court Change|p2a: Cinderace
|-swapsideconditions
|-activate|p2a: Cinderace|move: Court Change
|move|p1a: Metallica|Earth Power|p2a: Cinderace
|-supereffective|p2a: Cinderace
|-damage|p2a: Cinderace|25/100
|
|upkeep
|turn|19
|
|t:|1769429572
|switch|p2a: Ninetales|Ninetales, F, shiny|100/100
|-weather|SunnyDay|[from] ability: Drought|[of] p2a: Ninetales
|move|p1a: Metallica|Earth Power|p2a: Ninetales
|-supereffective|p2a: Ninetales
|-damage|p2a: Ninetales|51/100
|
|-weather|SunnyDay|[upkeep]
|upkeep
|turn|20
|
|t:|1769429581
|move|p2a: Ninetales|Healing Wish|p2a: Ninetales
|faint|p2a: Ninetales
|move|p1a: Metallica|Stealth Rock|p2: Ninetales
|-sidestart|p2: keirimm|move: Stealth Rock
|
|-weather|SunnyDay|[upkeep]
|upkeep
|
|t:|1769429584
|switch|p2a: Walking Wake|Walking Wake|13/100
|-heal|p2a: Walking Wake|100/100|[from] move: Healing Wish
|-damage|p2a: Walking Wake|88/100|[from] Stealth Rock
|-activate|p2a: Walking Wake|ability: Protosynthesis
|-start|p2a: Walking Wake|protosynthesisspe
|turn|21
|
|t:|1769429590
|-terastallize|p2a: Walking Wake|Water
|move|p2a: Walking Wake|Hydro Steam|p1a: Metallica
|-damage|p1a: Metallica|0 fnt
|faint|p1a: Metallica
|
|win|keirimm
|raw|bruh_eggs's rating: 1530 &rarr; <strong>1512</strong><br />(-18 for losing)
|raw|keirimm's rating: 1568 &rarr; <strong>1586</strong><br />(+18 for winning)
|l|☆bruh_eggs
|player|p1|
|c|☆keirimm|gg
|l|☆keirimm
|player|p2|
