|j|☆Tusktosterone
|j|☆bastic31
|t:|1769327472
|gametype|singles
|player|p1|Tusktosterone|bruno|1119
|player|p2|bastic31|unknown|1134
|gen|9
|tier|[Gen 9] OU
|rated|
|rule|HP Percentage Mod: HP is shown in percentages
|rule|Endless Battle Clause: Forcing endless battles is banned
|rule|Species Clause: Limit one of each Pokémon
|rule|OHKO Clause: OHKO moves are banned
|rule|Evasion Items Clause: Evasion items are banned
|rule|Evasion Moves Clause: Evasion moves are banned
|rule|Evasion Abilities Clause: Evasion abilities are banned
|rule|Sleep Moves Clause: Sleep-inducing moves are banned
|clearpoke
|poke|p1|Iron Valiant|
|poke|p1|Cinderace, F|
|poke|p1|Gholdengo|
|poke|p1|Glimmora, M|
|poke|p1|Weavile, M|
|poke|p1|Thundurus-Therian, M|
|poke|p2|Seviper, F|
|poke|p2|Landorus-Therian, M|
|poke|p2|Kyurem|
|poke|p2|Darkrai|
|poke|p2|Zapdos|
|poke|p2|Lokix, M|
|teampreview
|inactive|Battle timer is ON: inactive players will automatically lose when time's up. (requested by bastic31)
|
|t:|1769327483
|teamsize|p1|6
|teamsize|p2|6
|start
|switch|p1a: Glimmora|Glimmora, M|100/100
|switch|p2a: Puzzle|Kyurem|100/100
|-ability|p2a: Puzzle|Pressure
|turn|1
|
|t:|1769327504
|switch|p1a: Iron Valiant|Iron Valiant|100/100
|-enditem|p1a: Iron Valiant|Booster Energy
|-activate|p1a: Iron Valiant|ability: Quark Drive|[fromitem]
|-start|p1a: Iron Valiant|quarkdrivespe
|move|p2a: Puzzle|Earth Power|p1a: Iron Valiant
|-damage|p1a: Iron Valiant|49/100
|
|upkeep
|turn|2
|
|t:|1769327517
|switch|p2a: Lando scarf|Landorus-Therian, M|100/100
|-ability|p2a: Lando scarf|Intimidate|boost
|-unboost|p1a: Iron Valiant|atk|1
|move|p1a: Iron Valiant|Close Combat|p2a: Lando scarf
|-resisted|p2a: Lando scarf
|-damage|p2a: Lando scarf|82/100
|-unboost|p1a: Iron Valiant|def|1
|-unboost|p1a: Iron Valiant|spd|1
|
|upkeep
|turn|3
|
|t:|1769327530
|-end|p1a: Iron Valiant|Quark Drive|[silent]
|switch|p1a: Weavile|Weavile, M|100/100
|-ability|p1a: Weavile|Pressure
|move|p2a: Lando scarf|Stealth Rock|p1a: Weavile
|-sidestart|p1: Tusktosterone|move: Stealth Rock
|
|upkeep
|turn|4
|
|t:|1769327536
|switch|p2a: Oiseau-tonnerre|Zapdos|100/100
|-ability|p2a: Oiseau-tonnerre|Pressure
|move|p1a: Weavile|Ice Shard|p2a: Oiseau-tonnerre
|-supereffective|p2a: Oiseau-tonnerre
|-damage|p2a: Oiseau-tonnerre|53/100
|
|upkeep
|turn|5
|
|t:|1769327553
|move|p1a: Weavile|Triple Axel|p2a: Oiseau-tonnerre
|-supereffective|p2a: Oiseau-tonnerre
|-damage|p2a: Oiseau-tonnerre|31/100
|-supereffective|p2a: Oiseau-tonnerre
|-damage|p2a: Oiseau-tonnerre|0 fnt
|faint|p2a: Oiseau-tonnerre
|-hitcount|p2: Oiseau-tonnerre|2
|
|upkeep
|
|t:|1769327562
|switch|p2a: Lando scarf|Landorus-Therian, M|82/100
|-ability|p2a: Lando scarf|Intimidate|boost
|-unboost|p1a: Weavile|atk|1
|turn|6
|
|t:|1769327572
|move|p1a: Weavile|Ice Shard|p2a: Lando scarf
|-supereffective|p2a: Lando scarf
|-damage|p2a: Lando scarf|22/100
|move|p2a: Lando scarf|U-turn|p1a: Weavile
|-supereffective|p1a: Weavile
|-damage|p1a: Weavile|4/100
|
|t:|1769327580
|switch|p2a: Vipère|Seviper, F|100/100|[from] U-turn
|
|upkeep
|turn|7
|
|t:|1769327596
|switch|p1a: Glimmora|Glimmora, M|100/100
|-damage|p1a: Glimmora|88/100|[from] Stealth Rock
|move|p2a: Vipère|Coil|p2a: Vipère
|-boost|p2a: Vipère|atk|1
|-boost|p2a: Vipère|def|1
|-boost|p2a: Vipère|accuracy|1
|
|upkeep
|turn|8
|
|t:|1769327603
|move|p1a: Glimmora|Earth Power|p2a: Vipère
|-supereffective|p2a: Vipère
|-damage|p2a: Vipère|22/100
|move|p2a: Vipère|Coil|p2a: Vipère
|-boost|p2a: Vipère|atk|1
|-boost|p2a: Vipère|def|1
|-boost|p2a: Vipère|accuracy|1
|
|-heal|p2a: Vipère|28/100|[from] item: Leftovers
|upkeep
|turn|9
|
|t:|1769327611
|move|p1a: Glimmora|Earth Power|p2a: Vipère
|-supereffective|p2a: Vipère
|-damage|p2a: Vipère|0 fnt
|faint|p2a: Vipère
|
|upkeep
|l|☆bastic31
|inactive|bastic31 disconnected and has a minute to reconnect!
|player|p2|
|inactive|bastic31 has 30 seconds to reconnect!
|inactive|bastic31 has 20 seconds to reconnect!
|inactive|bastic31 has 15 seconds to reconnect!
|inactive|bastic31 has 10 seconds to reconnect!
|inactive|bastic31 has 5 seconds to reconnect!
|-message|bastic31 lost due to inactivity.
|
|win|Tusktosterone
|raw|Tusktosterone's rating: 1119 &rarr; <strong>1145</strong><br />(+26 for winning)
|raw|bastic31's rating: 1134 &rarr; <strong>1108</strong><br />(-26 for losing)
|l|☆Tusktosterone
|player|p1|
