|j|☆Shoejob
|j|☆aebrs
|t:|1769362552
|gametype|singles
|player|p1|Shoejob|1|1208
|player|p2|aebrs|wallace|1248
|gen|9
|tier|[Gen 9] OU
|rated|
|rule|HP Percentage Mod: HP is shown in percentages
|rule|Endless Battle Clause: Forcing endless battles is banned
|rule|Species Clause: Limit one of each Pokémon
|rule|OHKO Clause: OHKO moves are banned
|rule|Evasion Items Clause: Evasion items are banned
|rule|Evasion Moves Clause: Evasion moves are banned
|rule|Evasion Abilities Clause: Evasion abilities are banned
|rule|Sleep Moves Clause: Sleep-inducing moves are banned
|clearpoke
|poke|p1|Muk-Alola, M|
|poke|p1|Vileplume, F|
|poke|p1|Ambipom, M|
|poke|p1|Great Tusk|
|poke|p1|Dragonite, M|
|poke|p1|Heatran, M|
|poke|p2|Rampardos, F|
|poke|p2|Iron Moth|
|poke|p2|Araquanid, F|
|poke|p2|Gholdengo|
|poke|p2|Ting-Lu|
|poke|p2|Clefable, F|
|teampreview
|inactive|Battle timer is ON: inactive players will automatically lose when time's up. (requested by aebrs)
|
|t:|1769362557
|teamsize|p1|6
|teamsize|p2|6
|start
|switch|p1a: Heatran|Heatran, M|100/100
|switch|p2a: Araquanid|Araquanid, F|100/100
|turn|1
|
|t:|1769362563
|move|p1a: Heatran|Magma Storm|p2a: Araquanid
|-damage|p2a: Araquanid|67/100
|-activate|p2a: Araquanid|move: Magma Storm|[of] p1a: Heatran
|move|p2a: Araquanid|Waterfall|p1a: Heatran
|-supereffective|p1a: Heatran
|-damage|p1a: Heatran|0 fnt
|faint|p1a: Heatran
|
|-end|p2a: Araquanid|Magma Storm|[partiallytrapped]|[silent]
|upkeep
|
|t:|1769362582
|switch|p1a: Vileplume|Vileplume, F|100/100
|turn|2
|
|t:|1769362590
|move|p1a: Vileplume|Giga Drain|p2a: Araquanid
|-damage|p2a: Araquanid|44/100
|move|p2a: Araquanid|Sticky Web|p1a: Vileplume
|-sidestart|p1: Shoejob|move: Sticky Web
|
|upkeep
|turn|3
|
|t:|1769362596
|move|p1a: Vileplume|Giga Drain|p2a: Araquanid
|-damage|p2a: Araquanid|23/100
|move|p2a: Araquanid|Mirror Coat|p1a: Vileplume
|-damage|p1a: Vileplume|61/100
|
|upkeep
|turn|4
|
|t:|1769362605
|move|p1a: Vileplume|Strength Sap|p2a: Araquanid
|-unboost|p2a: Araquanid|atk|1
|-heal|p1a: Vileplume|100/100
|move|p2a: Araquanid|Leech Life|p1a: Vileplume
|-damage|p1a: Vileplume|83/100
|-heal|p2a: Araquanid|32/100|[from] drain|[of] p1a: Vileplume
|-damage|p2a: Araquanid|16/100|[from] item: Rocky Helmet|[of] p1a: Vileplume
|
|upkeep
|turn|5
|
|t:|1769362617
|switch|p2a: Iron Moth|Iron Moth|100/100
|-enditem|p2a: Iron Moth|Booster Energy
|-activate|p2a: Iron Moth|ability: Quark Drive|[fromitem]
|-start|p2a: Iron Moth|quarkdrivespa
|move|p1a: Vileplume|Giga Drain|p2a: Iron Moth
|-resisted|p2a: Iron Moth
|-crit|p2a: Iron Moth
|-damage|p2a: Iron Moth|90/100
|-heal|p1a: Vileplume|88/100|[from] drain|[of] p2a: Iron Moth
|
|upkeep
|turn|6
|
|t:|1769362625
|switch|p1a: Muk|Muk-Alola, M|100/100
|-activate|p1a: Muk|move: Sticky Web
|-unboost|p1a: Muk|spe|1
|move|p2a: Iron Moth|Agility|p2a: Iron Moth
|-boost|p2a: Iron Moth|spe|2
|
|upkeep
|turn|7
|
|t:|1769362634
|-terastallize|p2a: Iron Moth|Fire
|move|p2a: Iron Moth|Fiery Dance|p1a: Muk
|-damage|p1a: Muk|54/100
|move|p1a: Muk|Knock Off|p2a: Iron Moth
|-damage|p2a: Iron Moth|35/100
|
|upkeep
|turn|8
|
|t:|1769362646
|move|p2a: Iron Moth|Fiery Dance|p1a: Muk
|-damage|p1a: Muk|5/100
|move|p1a: Muk|Gunk Shot|p2a: Iron Moth
|-damage|p2a: Iron Moth|0 fnt
|faint|p2a: Iron Moth
|-end|p2a: Iron Moth|Quark Drive|[silent]
|
|upkeep
|
|t:|1769362654
|switch|p2a: Gholdengo|Gholdengo|100/100
|turn|9
|
|t:|1769362665
|move|p2a: Gholdengo|Make It Rain|p1a: Muk
|-damage|p1a: Muk|0 fnt
|-unboost|p2a: Gholdengo|spa|1
|faint|p1a: Muk
|
|upkeep
|
|t:|1769362672
|switch|p1a: Great Tusk|Great Tusk|100/100
|-activate|p1a: Great Tusk|move: Sticky Web
|-unboost|p1a: Great Tusk|spe|1
|-enditem|p1a: Great Tusk|Booster Energy
|-activate|p1a: Great Tusk|ability: Protosynthesis|[fromitem]
|-start|p1a: Great Tusk|protosynthesisatk
|turn|10
|
|t:|1769362680
|switch|p2a: Ting-Lu|Ting-Lu|100/100
|-ability|p2a: Ting-Lu|Vessel of Ruin
|move|p1a: Great Tusk|Rapid Spin|p2a: Ting-Lu
|-damage|p2a: Ting-Lu|90/100
|-boost|p1a: Great Tusk|spe|1
|-sideend|p1: Shoejob|Sticky Web|[from] move: Rapid Spin|[of] p1a: Great Tusk
|
|-heal|p2a: Ting-Lu|96/100|[from] item: Leftovers
|upkeep
|turn|11
|
|t:|1769362693
|move|p1a: Great Tusk|Close Combat|p2a: Ting-Lu
|-supereffective|p2a: Ting-Lu
|-damage|p2a: Ting-Lu|22/100
|-unboost|p1a: Great Tusk|def|1
|-unboost|p1a: Great Tusk|spd|1
|move|p2a: Ting-Lu|Body Press|p1a: Great Tusk
|-damage|p1a: Great Tusk|73/100
|
|-heal|p2a: Ting-Lu|29/100|[from] item: Leftovers
|upkeep
|turn|12
|
|t:|1769362704
|switch|p2a: Gholdengo|Gholdengo|100/100
|move|p1a: Great Tusk|Earthquake|p2a: Gholdengo
|-supereffective|p2a: Gholdengo
|-damage|p2a: Gholdengo|0 fnt
|faint|p2a: Gholdengo
|
|upkeep
|
|t:|1769362722
|switch|p2a: Clefable|Clefable, F|100/100
|turn|13
|
|t:|1769362727
|-end|p1a: Great Tusk|Protosynthesis|[silent]
|switch|p1a: Vileplume|Vileplume, F|88/100
|move|p2a: Clefable|Cosmic Power|p2a: Clefable
|-boost|p2a: Clefable|def|1
|-boost|p2a: Clefable|spd|1
|
|upkeep
|turn|14
|
|t:|1769362734
|move|p2a: Clefable|Cosmic Power|p2a: Clefable
|-boost|p2a: Clefable|def|1
|-boost|p2a: Clefable|spd|1
|move|p1a: Vileplume|Sludge Wave|p2a: Clefable
|-supereffective|p2a: Clefable
|-damage|p2a: Clefable|65/100
|
|-heal|p2a: Clefable|71/100|[from] item: Leftovers
|upkeep
|turn|15
|
|t:|1769362741
|move|p2a: Clefable|Cosmic Power|p2a: Clefable
|-boost|p2a: Clefable|def|1
|-boost|p2a: Clefable|spd|1
|move|p1a: Vileplume|Leech Seed|p2a: Clefable
|-start|p2a: Clefable|move: Leech Seed
|
|-heal|p2a: Clefable|77/100|[from] item: Leftovers
|upkeep
|turn|16
|
|t:|1769362754
|move|p2a: Clefable|Cosmic Power|p2a: Clefable
|-boost|p2a: Clefable|def|1
|-boost|p2a: Clefable|spd|1
|move|p1a: Vileplume|Sludge Wave|p2a: Clefable
|-supereffective|p2a: Clefable
|-crit|p2a: Clefable
|-damage|p2a: Clefable|0 fnt
|faint|p2a: Clefable
|
|upkeep
|inactive|aebrs has 120 seconds left.
|
|t:|1769362785
|switch|p2a: Rampardos|Rampardos, F|100/100
|turn|17
|
|t:|1769362791
|move|p2a: Rampardos|Head Smash|p1a: Vileplume
|-damage|p1a: Vileplume|19/100
|-damage|p2a: Rampardos|84/100|[from] item: Rocky Helmet|[of] p1a: Vileplume
|-status|p2a: Rampardos|slp|[from] ability: Effect Spore|[of] p1a: Vileplume
|-damage|p2a: Rampardos|47/100 slp|[from] Recoil
|move|p1a: Vileplume|Strength Sap|p2a: Rampardos
|-unboost|p2a: Rampardos|atk|1
|-heal|p1a: Vileplume|100/100
|
|upkeep
|turn|18
|-message|aebrs forfeited.
|
|win|Shoejob
|raw|Shoejob's rating: 1208 &rarr; <strong>1236</strong><br />(+28 for winning)
|raw|aebrs's rating: 1248 &rarr; <strong>1220</strong><br />(-28 for losing)
|l|☆aebrs
|player|p2|
|l|☆Shoejob
|player|p1|
