|j|☆Geert
|j|☆CaraDaGeometria
|t:|1769405849
|gametype|singles
|player|p1|Geert|266|1163
|player|p2|CaraDaGeometria|170|1113
|gen|9
|tier|[Gen 9] OU
|rated|
|rule|HP Percentage Mod: HP is shown in percentages
|rule|Endless Battle Clause: Forcing endless battles is banned
|rule|Species Clause: Limit one of each Pokémon
|rule|OHKO Clause: OHKO moves are banned
|rule|Evasion Items Clause: Evasion items are banned
|rule|Evasion Moves Clause: Evasion moves are banned
|rule|Evasion Abilities Clause: Evasion abilities are banned
|rule|Sleep Moves Clause: Sleep-inducing moves are banned
|clearpoke
|poke|p1|Dragonite, M|
|poke|p1|Hoopa-Unbound|
|poke|p1|Landorus-Therian, M|
|poke|p1|Darkrai|
|poke|p1|Vikavolt, F|
|poke|p1|Porygon-Z|
|poke|p2|Donphan, M|
|poke|p2|Keldeo-Resolute|
|poke|p2|Thundurus, M|
|poke|p2|Hydrapple, F|
|poke|p2|Metagross|
|poke|p2|Conkeldurr, F|
|teampreview
|
|t:|1769405854
|teamsize|p1|6
|teamsize|p2|6
|start
|switch|p1a: Porygon-Z|Porygon-Z|100/100
|switch|p2a: Donphan|Donphan, M|100/100
|turn|1
|
|t:|1769405858
|move|p1a: Porygon-Z|Ice Beam|p2a: Donphan
|-supereffective|p2a: Donphan
|-ability|p2a: Donphan|Sturdy
|-damage|p2a: Donphan|1/100
|move|p2a: Donphan|Stealth Rock|p1a: Porygon-Z
|-sidestart|p1: Geert|move: Stealth Rock
|
|-heal|p2a: Donphan|7/100|[from] item: Leftovers
|upkeep
|turn|2
|
|t:|1769405876
|switch|p2a: Metagross|Metagross|100/100
|move|p1a: Porygon-Z|Ice Beam|p2a: Metagross
|-resisted|p2a: Metagross
|-damage|p2a: Metagross|69/100
|
|upkeep
|turn|3
|
|t:|1769405884
|switch|p1a: Landorus|Landorus-Therian, M|100/100
|-damage|p1a: Landorus|88/100|[from] Stealth Rock
|-ability|p1a: Landorus|Intimidate|boost
|-fail|p2a: Metagross|unboost|[from] ability: Clear Body|[of] p2a: Metagross
|move|p2a: Metagross|Heavy Slam|p1a: Landorus
|-damage|p1a: Landorus|8/100
|
|upkeep
|turn|4
|
|t:|1769405894
|move|p2a: Metagross|Heavy Slam|p1a: Landorus
|-damage|p1a: Landorus|0 fnt
|faint|p1a: Landorus
|
|upkeep
|
|t:|1769405898
|switch|p1a: Vikavolt|Vikavolt, F|100/100
|-damage|p1a: Vikavolt|76/100|[from] Stealth Rock
|turn|5
|
|t:|1769405902
|move|p2a: Metagross|Heavy Slam|p1a: Vikavolt
|-resisted|p1a: Vikavolt
|-damage|p1a: Vikavolt|44/100
|move|p1a: Vikavolt|Air Slash|p2a: Metagross
|-resisted|p2a: Metagross
|-damage|p2a: Metagross|51/100
|
|-heal|p1a: Vikavolt|50/100|[from] item: Leftovers
|upkeep
|turn|6
|
|t:|1769405907
|move|p2a: Metagross|Heavy Slam|p1a: Vikavolt
|-resisted|p1a: Vikavolt
|-damage|p1a: Vikavolt|17/100
|move|p1a: Vikavolt|Sticky Web|p2a: Metagross
|-sidestart|p2: CaraDaGeometria|move: Sticky Web
|
|-heal|p1a: Vikavolt|23/100|[from] item: Leftovers
|upkeep
|turn|7
|
|t:|1769405911
|move|p2a: Metagross|Heavy Slam|p1a: Vikavolt
|-resisted|p1a: Vikavolt
|-damage|p1a: Vikavolt|0 fnt
|faint|p1a: Vikavolt
|
|upkeep
|
|t:|1769405919
|switch|p1a: Hoopa|Hoopa-Unbound|100/100
|-damage|p1a: Hoopa|88/100|[from] Stealth Rock
|turn|8
|
|t:|1769405937
|switch|p2a: Donphan|Donphan, M|7/100
|-activate|p2a: Donphan|move: Sticky Web
|-unboost|p2a: Donphan|spe|1
|move|p1a: Hoopa|Drain Punch|p2a: Donphan
|-damage|p2a: Donphan|0 fnt
|-heal|p1a: Hoopa|93/100|[from] drain|[of] p2a: Donphan
|faint|p2a: Donphan
|
|upkeep
|
|t:|1769405942
|switch|p2a: Metagross|Metagross|51/100
|-activate|p2a: Metagross|move: Sticky Web
|-fail|p2a: Metagross|unboost|[from] ability: Clear Body|[of] p2a: Metagross
|turn|9
|
|t:|1769405947
|-terastallize|p1a: Hoopa|Fighting
|move|p2a: Metagross|Knock Off|p1a: Hoopa
|-resisted|p1a: Hoopa
|-damage|p1a: Hoopa|64/100
|-enditem|p1a: Hoopa|Choice Band|[from] move: Knock Off|[of] p2a: Metagross
|move|p1a: Hoopa|Drain Punch|p2a: Metagross
|-damage|p2a: Metagross|11/100
|-heal|p1a: Hoopa|84/100|[from] drain|[of] p2a: Metagross
|-item|p1a: Hoopa|Choice Scarf|[from] ability: Magician|[of] p2a: Metagross
|
|upkeep
|turn|10
|
|t:|1769405959
|move|p1a: Hoopa|Hyperspace Fury|p2a: Metagross
|-supereffective|p2a: Metagross
|-damage|p2a: Metagross|0 fnt
|-unboost|p1a: Hoopa|def|1
|faint|p2a: Metagross
|
|upkeep
|
|t:|1769405972
|switch|p2a: Hydrapple|Hydrapple, F|100/100
|turn|11
|
|t:|1769405980
|-terastallize|p2a: Hydrapple|Fairy
|move|p1a: Hoopa|Hyperspace Fury|p2a: Hydrapple
|-resisted|p2a: Hydrapple
|-damage|p2a: Hydrapple|81/100
|-unboost|p1a: Hoopa|def|1
|move|p2a: Hydrapple|Nasty Plot|p2a: Hydrapple
|-boost|p2a: Hydrapple|spa|2
|
|upkeep
|turn|12
|
|t:|1769405985
|move|p1a: Hoopa|Hyperspace Fury|p2a: Hydrapple
|-resisted|p2a: Hydrapple
|-damage|p2a: Hydrapple|63/100
|-unboost|p1a: Hoopa|def|1
|move|p2a: Hydrapple|Fickle Beam|p1a: Hoopa
|-damage|p1a: Hoopa|16/100
|
|upkeep
|turn|13
|
|t:|1769405992
|move|p1a: Hoopa|Hyperspace Fury|p2a: Hydrapple
|-resisted|p2a: Hydrapple
|-damage|p2a: Hydrapple|45/100
|-unboost|p1a: Hoopa|def|1
|move|p2a: Hydrapple|Recover|p2a: Hydrapple
|-heal|p2a: Hydrapple|95/100
|
|upkeep
|turn|14
|
|t:|1769405995
|move|p1a: Hoopa|Hyperspace Fury|p2a: Hydrapple
|-resisted|p2a: Hydrapple
|-damage|p2a: Hydrapple|76/100
|-unboost|p1a: Hoopa|def|1
|move|p2a: Hydrapple|Nasty Plot|p2a: Hydrapple
|-boost|p2a: Hydrapple|spa|2
|
|upkeep
|turn|15
|
|t:|1769406002
|move|p1a: Hoopa|Hyperspace Fury|p2a: Hydrapple
|-resisted|p2a: Hydrapple
|-damage|p2a: Hydrapple|57/100
|-unboost|p1a: Hoopa|def|1
|move|p2a: Hydrapple|Recover|p2a: Hydrapple
|-heal|p2a: Hydrapple|100/100
|
|upkeep
|turn|16
|
|t:|1769406006
|move|p1a: Hoopa|Hyperspace Fury|p2a: Hydrapple
|-resisted|p2a: Hydrapple
|-damage|p2a: Hydrapple|82/100
|move|p2a: Hydrapple|Fickle Beam|p1a: Hoopa
|-damage|p1a: Hoopa|0 fnt
|faint|p1a: Hoopa
|
|upkeep
|
|t:|1769406010
|switch|p1a: Darkrai|Darkrai|100/100
|-damage|p1a: Darkrai|88/100|[from] Stealth Rock
|turn|17
|
|t:|1769406018
|move|p1a: Darkrai|Sludge Bomb|p2a: Hydrapple
|-supereffective|p2a: Hydrapple
|-damage|p2a: Hydrapple|0 fnt
|faint|p2a: Hydrapple
|
|upkeep
|
|t:|1769406023
|switch|p2a: Conkeldurr|Conkeldurr, F|100/100
|-activate|p2a: Conkeldurr|move: Sticky Web
|-unboost|p2a: Conkeldurr|spe|1
|turn|18
|
|t:|1769406029
|move|p2a: Conkeldurr|Mach Punch|p1a: Darkrai
|-supereffective|p1a: Darkrai
|-damage|p1a: Darkrai|8/100
|move|p1a: Darkrai|Sludge Bomb|p2a: Conkeldurr
|-damage|p2a: Conkeldurr|65/100
|
|upkeep
|turn|19
|
|t:|1769406033
|move|p2a: Conkeldurr|Mach Punch|p1a: Darkrai
|-supereffective|p1a: Darkrai
|-damage|p1a: Darkrai|0 fnt
|faint|p1a: Darkrai
|
|upkeep
|
|t:|1769406035
|switch|p1a: Dragonite|Dragonite, M|100/100
|-damage|p1a: Dragonite|75/100|[from] Stealth Rock
|turn|20
|
|t:|1769406040
|move|p1a: Dragonite|Outrage|p2a: Conkeldurr
|-damage|p2a: Conkeldurr|0 fnt
|faint|p2a: Conkeldurr
|
|upkeep
|
|t:|1769406046
|switch|p2a: Thundurus|Thundurus, M|100/100
|turn|21
|
|t:|1769406049
|move|p2a: Thundurus|Thunder Wave|p1a: Dragonite
|-status|p1a: Dragonite|par
|move|p1a: Dragonite|Outrage|p2a: Thundurus|[from] lockedmove
|-damage|p2a: Thundurus|0 fnt
|faint|p2a: Thundurus
|-start|p1a: Dragonite|confusion|[fatigue]
|
|upkeep
|
|t:|1769406055
|switch|p2a: Keldeo|Keldeo-Resolute|100/100
|-activate|p2a: Keldeo|move: Sticky Web
|-unboost|p2a: Keldeo|spe|1
|turn|22
|
|t:|1769406060
|move|p2a: Keldeo|Surf|p1a: Dragonite
|-resisted|p1a: Dragonite
|-damage|p1a: Dragonite|37/100 par
|-activate|p1a: Dragonite|confusion
|-damage|p1a: Dragonite|19/100 par|[from] confusion
|
|upkeep
|turn|23
|
|t:|1769406063
|move|p2a: Keldeo|Surf|p1a: Dragonite
|-resisted|p1a: Dragonite
|-damage|p1a: Dragonite|0 fnt
|faint|p1a: Dragonite
|
|upkeep
|
|t:|1769406065
|switch|p1a: Porygon-Z|Porygon-Z|100/100
|-damage|p1a: Porygon-Z|88/100|[from] Stealth Rock
|turn|24
|
|t:|1769406068
|move|p1a: Porygon-Z|Tri Attack|p2a: Keldeo
|-damage|p2a: Keldeo|6/100
|move|p2a: Keldeo|Surf|p1a: Porygon-Z
|-damage|p1a: Porygon-Z|0 fnt
|faint|p1a: Porygon-Z
|
|win|CaraDaGeometria
|raw|Geert's rating: 1163 &rarr; <strong>1134</strong><br />(-29 for losing)
|raw|CaraDaGeometria's rating: 1113 &rarr; <strong>1142</strong><br />(+29 for winning)
|l|☆Geert
|player|p1|
|l|☆CaraDaGeometria
|player|p2|
