|j|☆jakebrocador
|j|‽bigkatt96
|t:|1769302718
|gametype|singles
|player|p1|jakebrocador|alder|1183
|player|p2|bigkatt96|265|1160
|gen|9
|tier|[Gen 9] OU
|rated|
|rule|HP Percentage Mod: HP is shown in percentages
|rule|Endless Battle Clause: Forcing endless battles is banned
|rule|Species Clause: Limit one of each Pokémon
|rule|OHKO Clause: OHKO moves are banned
|rule|Evasion Items Clause: Evasion items are banned
|rule|Evasion Moves Clause: Evasion moves are banned
|rule|Evasion Abilities Clause: Evasion abilities are banned
|rule|Sleep Moves Clause: Sleep-inducing moves are banned
|clearpoke
|poke|p1|Manaphy|
|poke|p1|Landorus-Therian, M|
|poke|p1|Gholdengo|
|poke|p1|Raging Bolt|
|poke|p1|Kingambit, M|
|poke|p1|Hatterene, F|
|poke|p2|Tauros, M|
|poke|p2|Jolteon, M|
|poke|p2|Exeggutor, M|
|poke|p2|Gyarados, M|
|poke|p2|Arcanine, M|
|poke|p2|Golem, M|
|teampreview
|
|t:|1769302730
|teamsize|p1|6
|teamsize|p2|6
|start
|switch|p1a: Landorus|Landorus-Therian, M|100/100
|switch|p2a: Jolteon|Jolteon, M|100/100
|-ability|p1a: Landorus|Intimidate|boost
|-unboost|p2a: Jolteon|atk|1
|turn|1
|inactive|Battle timer is ON: inactive players will automatically lose when time's up. (requested by jakebrocador)
|
|t:|1769302744
|-terastallize|p2a: Jolteon|Ice
|move|p2a: Jolteon|Tera Blast|p1a: Landorus|[anim] Tera Blast Ice
|-supereffective|p1a: Landorus
|-crit|p1a: Landorus
|-damage|p1a: Landorus|0 fnt
|faint|p1a: Landorus
|-damage|p2a: Jolteon|91/100|[from] item: Life Orb
|
|upkeep
|
|t:|1769302753
|switch|p1a: Gholdengo|Gholdengo|100/100
|turn|2
|
|t:|1769302760
|move|p1a: Gholdengo|Make It Rain|p2a: Jolteon
|-supereffective|p2a: Jolteon
|-damage|p2a: Jolteon|0 fnt
|-unboost|p1a: Gholdengo|spa|1
|faint|p2a: Jolteon
|
|upkeep
|
|t:|1769302767
|switch|p2a: Gyarados|Gyarados, M|100/100
|turn|3
|
|t:|1769302771
|switch|p1a: Manaphy|Manaphy|100/100
|move|p2a: Gyarados|Dragon Dance|p2a: Gyarados
|-boost|p2a: Gyarados|atk|1
|-boost|p2a: Gyarados|spe|1
|
|upkeep
|turn|4
|
|t:|1769302778
|move|p2a: Gyarados|Earthquake|p1a: Manaphy
|-damage|p1a: Manaphy|72/100
|move|p1a: Manaphy|Tail Glow|p1a: Manaphy
|-boost|p1a: Manaphy|spa|3
|
|upkeep
|turn|5
|
|t:|1769302788
|move|p2a: Gyarados|Earthquake|p1a: Manaphy
|-damage|p1a: Manaphy|42/100
|move|p1a: Manaphy|Energy Ball|p2a: Gyarados
|-damage|p2a: Gyarados|49/100
|
|-heal|p2a: Gyarados|55/100|[from] item: Leftovers
|upkeep
|turn|6
|
|t:|1769302797
|move|p2a: Gyarados|Waterfall|p1a: Manaphy
|-resisted|p1a: Manaphy
|-damage|p1a: Manaphy|23/100
|move|p1a: Manaphy|Energy Ball|p2a: Gyarados
|-damage|p2a: Gyarados|6/100
|
|-heal|p2a: Gyarados|12/100|[from] item: Leftovers
|upkeep
|turn|7
|
|t:|1769302807
|move|p2a: Gyarados|Earthquake|p1a: Manaphy
|-damage|p1a: Manaphy|0 fnt
|faint|p1a: Manaphy
|-ability|p2a: Gyarados|Moxie|boost
|-boost|p2a: Gyarados|atk|1
|
|-heal|p2a: Gyarados|18/100|[from] item: Leftovers
|upkeep
|
|t:|1769302811
|switch|p1a: Raging Bolt|Raging Bolt|100/100
|-enditem|p1a: Raging Bolt|Booster Energy
|-activate|p1a: Raging Bolt|ability: Protosynthesis|[fromitem]
|-start|p1a: Raging Bolt|protosynthesisspa
|turn|8
|
|t:|1769302819
|move|p1a: Raging Bolt|Thunderclap||[still]
|-fail|p1a: Raging Bolt
|move|p2a: Gyarados|Dragon Dance|p2a: Gyarados
|-boost|p2a: Gyarados|atk|1
|-boost|p2a: Gyarados|spe|1
|
|-heal|p2a: Gyarados|24/100|[from] item: Leftovers
|upkeep
|turn|9
|
|t:|1769302828
|move|p1a: Raging Bolt|Thunderclap||[still]
|-fail|p1a: Raging Bolt
|move|p2a: Gyarados|Dragon Dance|p2a: Gyarados
|-boost|p2a: Gyarados|atk|1
|-boost|p2a: Gyarados|spe|1
|
|-heal|p2a: Gyarados|30/100|[from] item: Leftovers
|upkeep
|turn|10
|
|t:|1769302835
|move|p1a: Raging Bolt|Thunderclap||[still]
|-fail|p1a: Raging Bolt
|move|p2a: Gyarados|Dragon Dance|p2a: Gyarados
|-boost|p2a: Gyarados|atk|1
|-boost|p2a: Gyarados|spe|1
|
|-heal|p2a: Gyarados|36/100|[from] item: Leftovers
|upkeep
|turn|11
|
|t:|1769302844
|move|p1a: Raging Bolt|Thunderclap||[still]
|-fail|p1a: Raging Bolt
|move|p2a: Gyarados|Dragon Dance|p2a: Gyarados
|-boost|p2a: Gyarados|atk|1
|-boost|p2a: Gyarados|spe|1
|
|-heal|p2a: Gyarados|42/100|[from] item: Leftovers
|upkeep
|turn|12
|
|t:|1769302852
|move|p1a: Raging Bolt|Thunderclap||[still]
|-fail|p1a: Raging Bolt
|move|p2a: Gyarados|Dragon Dance|p2a: Gyarados
|-boost|p2a: Gyarados|atk|0
|-boost|p2a: Gyarados|spe|1
|
|-heal|p2a: Gyarados|48/100|[from] item: Leftovers
|upkeep
|turn|13
|
|t:|1769302859
|move|p2a: Gyarados|Dragon Dance|p2a: Gyarados
|-boost|p2a: Gyarados|atk|0
|-boost|p2a: Gyarados|spe|0
|move|p1a: Raging Bolt|Thunderbolt|p2a: Gyarados
|-supereffective|p2a: Gyarados
|-damage|p2a: Gyarados|0 fnt
|faint|p2a: Gyarados
|
|upkeep
|
|t:|1769302867
|switch|p2a: Golem|Golem, M|100/100
|turn|14
|
|t:|1769302876
|-terastallize|p1a: Raging Bolt|Bug
|move|p1a: Raging Bolt|Calm Mind|p1a: Raging Bolt
|-boost|p1a: Raging Bolt|spa|1
|-boost|p1a: Raging Bolt|spd|1
|move|p2a: Golem|Earthquake|p1a: Raging Bolt
|-resisted|p1a: Raging Bolt
|-damage|p1a: Raging Bolt|77/100
|
|upkeep
|turn|15
|
|t:|1769302887
|move|p1a: Raging Bolt|Dragon Pulse|p2a: Golem
|-ability|p2a: Golem|Sturdy
|-damage|p2a: Golem|1/100
|move|p2a: Golem|Roar|p1a: Raging Bolt
|-end|p1a: Raging Bolt|Protosynthesis|[silent]
|drag|p1a: Kingambit|Kingambit, M|100/100
|-activate|p1a: Kingambit|ability: Supreme Overlord
|-start|p1a: Kingambit|fallen2|[silent]
|
|upkeep
|turn|16
|-enditem|p2a: Golem|Custap Berry|[eat]
|-activate|p2a: Golem|item: Custap Berry|[consumed]
|
|t:|1769302897
|move|p1a: Kingambit|Sucker Punch||[still]
|-fail|p1a: Kingambit
|move|p2a: Golem|Stealth Rock|p1a: Kingambit
|-sidestart|p1: jakebrocador|move: Stealth Rock
|
|upkeep
|turn|17
|
|t:|1769302906
|move|p1a: Kingambit|Kowtow Cleave|p2a: Golem
|-crit|p2a: Golem
|-damage|p2a: Golem|0 fnt
|faint|p2a: Golem
|
|upkeep
|
|t:|1769302913
|switch|p2a: Tauros|Tauros, M|100/100
|turn|18
|
|t:|1769302918
|-end|p1a: Kingambit|fallen2|[silent]
|switch|p1a: Raging Bolt|Raging Bolt, tera:Bug|77/100
|-damage|p1a: Raging Bolt|52/100|[from] Stealth Rock
|move|p2a: Tauros|Close Combat|p1a: Raging Bolt
|-resisted|p1a: Raging Bolt
|-damage|p1a: Raging Bolt|33/100
|-unboost|p2a: Tauros|def|1
|-unboost|p2a: Tauros|spd|1
|-damage|p2a: Tauros|91/100|[from] item: Life Orb
|
|upkeep
|turn|19
|
|t:|1769302929
|switch|p2a: Arcanine|Arcanine, M|100/100
|move|p1a: Raging Bolt|Calm Mind|p1a: Raging Bolt
|-boost|p1a: Raging Bolt|spa|1
|-boost|p1a: Raging Bolt|spd|1
|
|upkeep
|turn|20
|
|t:|1769302935
|move|p1a: Raging Bolt|Thunderclap|p2a: Arcanine
|-damage|p2a: Arcanine|54/100
|move|p2a: Arcanine|Flare Blitz|p1a: Raging Bolt
|-supereffective|p1a: Raging Bolt
|-damage|p1a: Raging Bolt|0 fnt
|faint|p1a: Raging Bolt
|-end|p1a: Raging Bolt|Protosynthesis|[silent]
|-damage|p2a: Arcanine|42/100|[from] Recoil
|
|-heal|p2a: Arcanine|48/100|[from] item: Leftovers
|upkeep
|
|t:|1769302939
|switch|p1a: Hatterene|Hatterene, F|100/100
|-damage|p1a: Hatterene|88/100|[from] Stealth Rock
|turn|21
|
|t:|1769302949
|move|p2a: Arcanine|Curse|p2a: Arcanine
|-unboost|p2a: Arcanine|spe|1
|-boost|p2a: Arcanine|atk|1
|-boost|p2a: Arcanine|def|1
|move|p1a: Hatterene|Psychic|p2a: Arcanine
|-damage|p2a: Arcanine|17/100
|
|-heal|p2a: Arcanine|23/100|[from] item: Leftovers
|-heal|p1a: Hatterene|94/100|[from] item: Leftovers
|upkeep
|turn|22
|
|t:|1769302960
|move|p2a: Arcanine|Morning Sun|p2a: Arcanine
|-heal|p2a: Arcanine|73/100
|move|p1a: Hatterene|Psychic|p2a: Arcanine
|-damage|p2a: Arcanine|45/100
|
|-heal|p2a: Arcanine|52/100|[from] item: Leftovers
|-heal|p1a: Hatterene|99/100|[from] item: Leftovers
|upkeep
|turn|23
|
|t:|1769302969
|move|p2a: Arcanine|Morning Sun|p2a: Arcanine
|-heal|p2a: Arcanine|100/100
|move|p1a: Hatterene|Calm Mind|p1a: Hatterene
|-boost|p1a: Hatterene|spa|1
|-boost|p1a: Hatterene|spd|1
|
|-heal|p1a: Hatterene|100/100|[from] item: Leftovers
|upkeep
|turn|24
|
|t:|1769302979
|move|p2a: Arcanine|Curse|p2a: Arcanine
|-unboost|p2a: Arcanine|spe|1
|-boost|p2a: Arcanine|atk|1
|-boost|p2a: Arcanine|def|1
|move|p1a: Hatterene|Calm Mind|p1a: Hatterene
|-boost|p1a: Hatterene|spa|1
|-boost|p1a: Hatterene|spd|1
|
|upkeep
|turn|25
|
|t:|1769302986
|move|p2a: Arcanine|Flare Blitz|p1a: Hatterene
|-damage|p1a: Hatterene|32/100
|-damage|p2a: Arcanine|82/100|[from] Recoil
|move|p1a: Hatterene|Psychic|p2a: Arcanine
|-damage|p2a: Arcanine|25/100
|
|-heal|p2a: Arcanine|31/100|[from] item: Leftovers
|-heal|p1a: Hatterene|38/100|[from] item: Leftovers
|upkeep
|turn|26
|
|t:|1769302996
|move|p2a: Arcanine|Flare Blitz|p1a: Hatterene
|-damage|p1a: Hatterene|0 fnt
|faint|p1a: Hatterene
|-damage|p2a: Arcanine|21/100|[from] Recoil
|
|-heal|p2a: Arcanine|28/100|[from] item: Leftovers
|upkeep
|
|t:|1769302998
|switch|p1a: Gholdengo|Gholdengo|100/100
|-damage|p1a: Gholdengo|94/100|[from] Stealth Rock
|turn|27
|
|t:|1769303007
|move|p1a: Gholdengo|Shadow Ball|p2a: Arcanine
|-damage|p2a: Arcanine|0 fnt
|faint|p2a: Arcanine
|
|upkeep
|
|t:|1769303014
|switch|p2a: Tauros|Tauros, M|91/100
|turn|28
|
|t:|1769303024
|switch|p1a: Kingambit|Kingambit, M|100/100
|-damage|p1a: Kingambit|94/100|[from] Stealth Rock
|-activate|p1a: Kingambit|ability: Supreme Overlord
|-start|p1a: Kingambit|fallen4|[silent]
|move|p2a: Tauros|Throat Chop|p1a: Kingambit
|-resisted|p1a: Kingambit
|-damage|p1a: Kingambit|81/100
|
|-heal|p1a: Kingambit|88/100|[from] item: Leftovers
|upkeep
|turn|29
|
|t:|1769303035
|move|p1a: Kingambit|Sucker Punch|p2a: Tauros
|-damage|p2a: Tauros|20/100
|move|p2a: Tauros|Close Combat|p1a: Kingambit
|-supereffective|p1a: Kingambit
|-damage|p1a: Kingambit|0 fnt
|-unboost|p2a: Tauros|def|1
|-unboost|p2a: Tauros|spd|1
|faint|p1a: Kingambit
|-end|p1a: Kingambit|fallen4|[silent]
|-damage|p2a: Tauros|10/100|[from] item: Life Orb
|
|upkeep
|
|t:|1769303038
|switch|p1a: Gholdengo|Gholdengo|94/100
|-damage|p1a: Gholdengo|88/100|[from] Stealth Rock
|turn|30
|
|t:|1769303049
|move|p1a: Gholdengo|Make It Rain|p2a: Tauros
|-damage|p2a: Tauros|0 fnt
|-unboost|p1a: Gholdengo|spa|1
|faint|p2a: Tauros
|
|upkeep
|
|t:|1769303056
|switch|p2a: Exeggutor|Exeggutor, M|100/100
|turn|31
|
|t:|1769303059
|move|p1a: Gholdengo|Make It Rain|p2a: Exeggutor
|-damage|p2a: Exeggutor|54/100
|-unboost|p1a: Gholdengo|spa|1
|move|p2a: Exeggutor|Calm Mind|p2a: Exeggutor
|-boost|p2a: Exeggutor|spa|1
|-boost|p2a: Exeggutor|spd|1
|
|upkeep
|turn|32
|
|t:|1769303068
|move|p1a: Gholdengo|Make It Rain|p2a: Exeggutor
|-damage|p2a: Exeggutor|32/100
|-unboost|p1a: Gholdengo|spa|1
|-enditem|p2a: Exeggutor|Sitrus Berry|[eat]
|-heal|p2a: Exeggutor|57/100|[from] item: Sitrus Berry
|move|p2a: Exeggutor|Giga Drain|p1a: Gholdengo
|-resisted|p1a: Gholdengo
|-damage|p1a: Gholdengo|63/100
|-heal|p2a: Exeggutor|68/100|[from] drain|[of] p1a: Gholdengo
|
|upkeep
|turn|33
|
|t:|1769303079
|move|p1a: Gholdengo|Make It Rain|p2a: Exeggutor
|-damage|p2a: Exeggutor|48/100
|-unboost|p1a: Gholdengo|spa|1
|move|p2a: Exeggutor|Calm Mind|p2a: Exeggutor
|-boost|p2a: Exeggutor|spa|1
|-boost|p2a: Exeggutor|spd|1
|
|-item|p2a: Exeggutor|Sitrus Berry|[from] ability: Harvest
|upkeep
|-enditem|p2a: Exeggutor|Sitrus Berry|[eat]
|-heal|p2a: Exeggutor|73/100|[from] item: Sitrus Berry
|turn|34
|
|t:|1769303092
|move|p1a: Gholdengo|Make It Rain|p2a: Exeggutor
|-damage|p2a: Exeggutor|61/100
|-unboost|p1a: Gholdengo|spa|1
|move|p2a: Exeggutor|Calm Mind|p2a: Exeggutor
|-boost|p2a: Exeggutor|spa|1
|-boost|p2a: Exeggutor|spd|1
|
|upkeep
|turn|35
|
|t:|1769303100
|move|p1a: Gholdengo|Make It Rain|p2a: Exeggutor
|-damage|p2a: Exeggutor|53/100
|-unboost|p1a: Gholdengo|spa|1
|move|p2a: Exeggutor|Calm Mind|p2a: Exeggutor
|-boost|p2a: Exeggutor|spa|1
|-boost|p2a: Exeggutor|spd|1
|
|-item|p2a: Exeggutor|Sitrus Berry|[from] ability: Harvest
|upkeep
|turn|36
|
|t:|1769303111
|move|p1a: Gholdengo|Make It Rain|p2a: Exeggutor
|-damage|p2a: Exeggutor|47/100
|-enditem|p2a: Exeggutor|Sitrus Berry|[eat]
|-heal|p2a: Exeggutor|72/100|[from] item: Sitrus Berry
|move|p2a: Exeggutor|Giga Drain|p1a: Gholdengo
|-resisted|p1a: Gholdengo
|-damage|p1a: Gholdengo|12/100
|-heal|p2a: Exeggutor|93/100|[from] drain|[of] p1a: Gholdengo
|
|upkeep
|turn|37
|
|t:|1769303121
|-activate|p1a: Gholdengo|move: Struggle
|move|p1a: Gholdengo|Struggle|p2a: Exeggutor
|-damage|p2a: Exeggutor|89/100
|-damage|p1a: Gholdengo|0 fnt|[from] recoil
|faint|p1a: Gholdengo
|
|win|bigkatt96
|raw|jakebrocador's rating: 1183 &rarr; <strong>1156</strong><br />(-27 for losing)
|raw|bigkatt96's rating: 1160 &rarr; <strong>1187</strong><br />(+27 for winning)
|l|☆jakebrocador
|player|p1|
|l|‽bigkatt96
|player|p2|
