|j|☆bvbjonas98
|j|☆151htyrneh
|t:|1769337537
|gametype|singles
|player|p1|bvbjonas98|wattson|1618
|player|p2|151htyrneh|wallace|1627
|gen|9
|tier|[Gen 9] OU
|rated|
|rule|HP Percentage Mod: HP is shown in percentages
|rule|Endless Battle Clause: Forcing endless battles is banned
|rule|Species Clause: Limit one of each Pokémon
|rule|OHKO Clause: OHKO moves are banned
|rule|Evasion Items Clause: Evasion items are banned
|rule|Evasion Moves Clause: Evasion moves are banned
|rule|Evasion Abilities Clause: Evasion abilities are banned
|rule|Sleep Moves Clause: Sleep-inducing moves are banned
|clearpoke
|poke|p1|Ceruledge, F|
|poke|p1|Clefable, M|
|poke|p1|Corviknight, M|
|poke|p1|Rotom-Wash|
|poke|p1|Clodsire, M|
|poke|p1|Meowscarada, M|
|poke|p2|Glimmora, F|
|poke|p2|Landorus-Therian, M|
|poke|p2|Kyurem|
|poke|p2|Kingambit, F|
|poke|p2|Iron Valiant|
|poke|p2|Cinderace, F|
|teampreview
|
|t:|1769337557
|teamsize|p1|6
|teamsize|p2|6
|start
|switch|p1a: Clodsire|Clodsire, M|100/100
|switch|p2a: Kyurem|Kyurem|100/100
|-ability|p2a: Kyurem|Pressure
|turn|1
|
|t:|1769337566
|switch|p1a: Ceruledge|Ceruledge, F, shiny|100/100
|move|p2a: Kyurem|Ice Beam|p1a: Ceruledge
|-resisted|p1a: Ceruledge
|-damage|p1a: Ceruledge|80/100
|
|-heal|p1a: Ceruledge|86/100|[from] item: Leftovers
|upkeep
|turn|2
|
|t:|1769337575
|move|p2a: Kyurem|Earth Power|p1a: Ceruledge
|-supereffective|p1a: Ceruledge
|-crit|p1a: Ceruledge
|-damage|p1a: Ceruledge|9/100
|move|p1a: Ceruledge|Taunt|p2a: Kyurem
|-start|p2a: Kyurem|move: Taunt
|
|-heal|p1a: Ceruledge|16/100|[from] item: Leftovers
|upkeep
|turn|3
|
|t:|1769337584
|move|p1a: Ceruledge|Shadow Sneak|p2a: Kyurem
|-crit|p2a: Kyurem
|-damage|p2a: Kyurem|79/100
|move|p2a: Kyurem|Ice Beam|p1a: Ceruledge
|-resisted|p1a: Ceruledge
|-damage|p1a: Ceruledge|0 fnt
|faint|p1a: Ceruledge
|
|upkeep
|
|t:|1769337595
|switch|p1a: Meowscarada|Meowscarada, M|100/100
|turn|4
|
|t:|1769337599
|switch|p2a: Landorus|Landorus-Therian, M|100/100
|-ability|p2a: Landorus|Intimidate|boost
|-unboost|p1a: Meowscarada|atk|1
|move|p1a: Meowscarada|Knock Off|p2a: Landorus
|-start|p1a: Meowscarada|typechange|Dark|[from] ability: Protean
|-damage|p2a: Landorus|72/100
|-damage|p1a: Meowscarada|84/100|[from] item: Rocky Helmet|[of] p2a: Landorus
|-enditem|p2a: Landorus|Rocky Helmet|[from] move: Knock Off|[of] p1a: Meowscarada
|
|upkeep
|turn|5
|
|t:|1769337610
|move|p1a: Meowscarada|U-turn|p2a: Landorus
|-resisted|p2a: Landorus
|-damage|p2a: Landorus|65/100
|
|t:|1769337614
|switch|p1a: Corviknight|Corviknight, M|100/100|[from] U-turn
|move|p2a: Landorus|Stealth Rock|p1a: Corviknight
|-sidestart|p1: bvbjonas98|move: Stealth Rock
|
|upkeep
|turn|6
|
|t:|1769337619
|move|p2a: Landorus|Taunt|p1a: Corviknight
|-start|p1a: Corviknight|move: Taunt
|move|p1a: Corviknight|U-turn|p2a: Landorus
|-resisted|p2a: Landorus
|-damage|p2a: Landorus|59/100
|
|t:|1769337633
|switch|p1a: Meowscarada|Meowscarada, M|84/100|[from] U-turn
|
|upkeep
|turn|7
|
|t:|1769337637
|move|p1a: Meowscarada|Triple Axel|p2a: Landorus
|-start|p1a: Meowscarada|typechange|Ice|[from] ability: Protean
|-supereffective|p2a: Landorus
|-damage|p2a: Landorus|24/100
|-supereffective|p2a: Landorus
|-damage|p2a: Landorus|0 fnt
|faint|p2a: Landorus
|-hitcount|p2: Landorus|2
|
|upkeep
|
|t:|1769337640
|switch|p2a: Iron Valiant|Iron Valiant|100/100
|-enditem|p2a: Iron Valiant|Booster Energy
|-activate|p2a: Iron Valiant|ability: Quark Drive|[fromitem]
|-start|p2a: Iron Valiant|quarkdrivespe
|turn|8
|
|t:|1769337649
|switch|p1a: Clodsire|Clodsire, M|100/100
|-damage|p1a: Clodsire|94/100|[from] Stealth Rock
|move|p2a: Iron Valiant|Knock Off|p1a: Clodsire
|-damage|p1a: Clodsire|63/100
|-enditem|p1a: Clodsire|Black Sludge|[from] move: Knock Off|[of] p2a: Iron Valiant
|
|upkeep
|turn|9
|
|t:|1769337659
|move|p2a: Iron Valiant|Taunt|p1a: Clodsire
|-start|p1a: Clodsire|move: Taunt
|cant|p1a: Clodsire|move: Taunt|Stealth Rock
|
|upkeep
|turn|10
|
|t:|1769337666
|move|p2a: Iron Valiant|Knock Off|p1a: Clodsire
|-damage|p1a: Clodsire|41/100
|move|p1a: Clodsire|Earthquake|p2a: Iron Valiant
|-damage|p2a: Iron Valiant|63/100
|
|upkeep
|turn|11
|
|t:|1769337675
|move|p2a: Iron Valiant|Knock Off|p1a: Clodsire
|-damage|p1a: Clodsire|19/100
|move|p1a: Clodsire|Earthquake|p2a: Iron Valiant
|-damage|p2a: Iron Valiant|25/100
|
|-end|p1a: Clodsire|move: Taunt
|upkeep
|turn|12
|
|t:|1769337683
|move|p2a: Iron Valiant|Knock Off|p1a: Clodsire
|-damage|p1a: Clodsire|0 fnt
|faint|p1a: Clodsire
|
|upkeep
|
|t:|1769337690
|switch|p1a: Clefable|Clefable, M|100/100
|turn|13
|
|t:|1769337694
|move|p2a: Iron Valiant|Moonblast|p1a: Clefable
|-damage|p1a: Clefable|54/100
|move|p1a: Clefable|Calm Mind|p1a: Clefable
|-boost|p1a: Clefable|spa|1
|-boost|p1a: Clefable|spd|1
|
|upkeep
|turn|14
|
|t:|1769337701
|move|p2a: Iron Valiant|Taunt|p1a: Clefable
|-start|p1a: Clefable|move: Taunt
|cant|p1a: Clefable|move: Taunt|Moonlight
|
|upkeep
|turn|15
|
|t:|1769337705
|move|p2a: Iron Valiant|Moonblast|p1a: Clefable
|-damage|p1a: Clefable|22/100
|move|p1a: Clefable|Moonblast|p2a: Iron Valiant
|-supereffective|p2a: Iron Valiant
|-damage|p2a: Iron Valiant|0 fnt
|faint|p2a: Iron Valiant
|-end|p2a: Iron Valiant|Quark Drive|[silent]
|
|upkeep
|
|t:|1769337708
|switch|p2a: Kyurem|Kyurem|79/100
|-ability|p2a: Kyurem|Pressure
|turn|16
|
|t:|1769337716
|move|p2a: Kyurem|Ice Beam|p1a: Clefable
|-damage|p1a: Clefable|0 fnt
|faint|p1a: Clefable
|
|upkeep
|
|t:|1769337723
|switch|p1a: Meowscarada|Meowscarada, M|84/100
|turn|17
|
|t:|1769337727
|move|p1a: Meowscarada|Triple Axel|p2a: Kyurem|[miss]
|-start|p1a: Meowscarada|typechange|Ice|[from] ability: Protean
|-miss|p1a: Meowscarada|p2a: Kyurem
|move|p2a: Kyurem|Ice Beam|p1a: Meowscarada
|-resisted|p1a: Meowscarada
|-damage|p1a: Meowscarada|44/100
|
|upkeep
|turn|18
|
|t:|1769337735
|switch|p2a: Cinderace|Cinderace, F|100/100
|move|p1a: Meowscarada|Triple Axel|p2a: Cinderace
|-resisted|p2a: Cinderace
|-damage|p2a: Cinderace|94/100
|-resisted|p2a: Cinderace
|-damage|p2a: Cinderace|82/100
|-resisted|p2a: Cinderace
|-damage|p2a: Cinderace|61/100
|-hitcount|p2a: Cinderace|3
|
|upkeep
|turn|19
|
|t:|1769337745
|move|p1a: Meowscarada|U-turn|p2a: Cinderace
|-resisted|p2a: Cinderace
|-damage|p2a: Cinderace|44/100
|
|t:|1769337748
|switch|p1a: Rotom|Rotom-Wash|100/100|[from] U-turn
|-damage|p1a: Rotom|88/100|[from] Stealth Rock
|move|p2a: Cinderace|U-turn|p1a: Rotom
|-start|p2a: Cinderace|typechange|Bug|[from] ability: Libero
|-damage|p1a: Rotom|40/100
|
|t:|1769337750
|switch|p2a: Kyurem|Kyurem|79/100|[from] U-turn
|-ability|p2a: Kyurem|Pressure
|
|upkeep
|turn|20
|
|t:|1769337763
|move|p1a: Rotom|Trick|p2a: Kyurem
|-activate|p1a: Rotom|move: Trick|[of] p2a: Kyurem
|-item|p2a: Kyurem|Choice Scarf|[from] move: Trick
|-item|p1a: Rotom|Assault Vest|[from] move: Trick
|move|p2a: Kyurem|Freeze-Dry|p1a: Rotom
|-supereffective|p1a: Rotom
|-damage|p1a: Rotom|0 fnt
|faint|p1a: Rotom
|
|upkeep
|
|t:|1769337771
|switch|p1a: Corviknight|Corviknight, M|100/100
|-damage|p1a: Corviknight|88/100|[from] Stealth Rock
|turn|21
|-message|bvbjonas98 forfeited.
|
|win|151htyrneh
|raw|bvbjonas98's rating: 1618 &rarr; <strong>1599</strong><br />(-19 for losing)
|raw|151htyrneh's rating: 1627 &rarr; <strong>1646</strong><br />(+19 for winning)
|l|☆bvbjonas98
|player|p1|
|l|☆151htyrneh
|player|p2|
