|j|☆elknightoscuro
|j|☆Hard salami
|t:|1769301197
|gametype|singles
|player|p1|elknightoscuro|ghetsis|1343
|player|p2|Hard salami|ltsurge|1318
|gen|9
|tier|[Gen 9] OU
|rated|
|rule|HP Percentage Mod: HP is shown in percentages
|rule|Endless Battle Clause: Forcing endless battles is banned
|rule|Species Clause: Limit one of each Pokémon
|rule|OHKO Clause: OHKO moves are banned
|rule|Evasion Items Clause: Evasion items are banned
|rule|Evasion Moves Clause: Evasion moves are banned
|rule|Evasion Abilities Clause: Evasion abilities are banned
|rule|Sleep Moves Clause: Sleep-inducing moves are banned
|clearpoke
|poke|p1|Revavroom, M|
|poke|p1|Rillaboom, M|
|poke|p1|Iron Valiant|
|poke|p1|Alomomola, F|
|poke|p1|Ting-Lu|
|poke|p1|Moltres|
|poke|p2|Dudunsparce-*, M|
|poke|p2|Gyarados, F|
|poke|p2|Oricorio-Sensu, M|
|poke|p2|Kingambit, M|
|poke|p2|Iron Valiant|
|poke|p2|Arcanine-Hisui, F|
|teampreview
|
|t:|1769301209
|teamsize|p1|6
|teamsize|p2|6
|start
|switch|p1a: Alomomola|Alomomola, F|100/100
|switch|p2a: God|Dudunsparce-Three-Segment, M|100/100
|turn|1
|
|t:|1769301217
|move|p2a: God|Boomburst|p1a: Alomomola
|-damage|p1a: Alomomola|0 fnt
|faint|p1a: Alomomola
|
|upkeep
|inactive|Battle timer is ON: inactive players will automatically lose when time's up. (requested by Hard salami)
|
|t:|1769301223
|switch|p1a: Ting-Lu|Ting-Lu|100/100
|-ability|p1a: Ting-Lu|Vessel of Ruin
|turn|2
|
|t:|1769301230
|move|p2a: God|Boomburst|p1a: Ting-Lu
|-damage|p1a: Ting-Lu|61/100
|move|p1a: Ting-Lu|Ruination|p2a: God|[miss]
|-miss|p1a: Ting-Lu|p2a: God
|
|-heal|p1a: Ting-Lu|67/100|[from] item: Leftovers
|upkeep
|turn|3
|
|t:|1769301239
|move|p2a: God|Boomburst|p1a: Ting-Lu
|-damage|p1a: Ting-Lu|28/100
|move|p1a: Ting-Lu|Ruination|p2a: God
|-damage|p2a: God|51/100
|
|-heal|p1a: Ting-Lu|34/100|[from] item: Leftovers
|upkeep
|turn|4
|
|t:|1769301257
|move|p2a: God|Boomburst|p1a: Ting-Lu
|-damage|p1a: Ting-Lu|0 fnt
|faint|p1a: Ting-Lu
|
|upkeep
|
|t:|1769301265
|switch|p1a: Revavroom|Revavroom, M|100/100
|-item|p1a: Revavroom|Air Balloon
|turn|5
|
|t:|1769301286
|move|p1a: Revavroom|Gunk Shot|p2a: God
|-damage|p2a: God|0 fnt
|faint|p2a: God
|
|upkeep
|inactive|Hard salami has 120 seconds left.
|
|t:|1769301302
|switch|p2a: Arcanine|Arcanine-Hisui, F|100/100
|turn|6
|inactive|Hard salami has 120 seconds left.
|
|t:|1769301313
|switch|p1a: Moltres|Moltres|100/100
|move|p2a: Arcanine|Head Smash|p1a: Moltres
|-supereffective|p1a: Moltres
|-damage|p1a: Moltres|0 fnt
|faint|p1a: Moltres
|
|upkeep
|
|t:|1769301323
|switch|p1a: Iron Valiant|Iron Valiant|100/100
|-enditem|p1a: Iron Valiant|Booster Energy
|-activate|p1a: Iron Valiant|ability: Quark Drive|[fromitem]
|-start|p1a: Iron Valiant|quarkdrivespe
|turn|7
|
|t:|1769301332
|switch|p2a: Tusk Eater|Gyarados, F|100/100
|move|p1a: Iron Valiant|Calm Mind|p1a: Iron Valiant
|-boost|p1a: Iron Valiant|spa|1
|-boost|p1a: Iron Valiant|spd|1
|
|upkeep
|turn|8
|
|t:|1769301340
|-terastallize|p2a: Tusk Eater|Flying
|move|p1a: Iron Valiant|Moonblast|p2a: Tusk Eater
|-damage|p2a: Tusk Eater|42/100
|-unboost|p2a: Tusk Eater|spa|1
|move|p2a: Tusk Eater|Tera Blast|p1a: Iron Valiant|[anim] Tera Blast Flying
|-supereffective|p1a: Iron Valiant
|-damage|p1a: Iron Valiant|0 fnt
|faint|p1a: Iron Valiant
|-end|p1a: Iron Valiant|Quark Drive|[silent]
|-ability|p2a: Tusk Eater|Moxie|boost
|-boost|p2a: Tusk Eater|atk|1
|
|-heal|p2a: Tusk Eater|48/100|[from] item: Leftovers
|upkeep
|
|t:|1769301349
|switch|p1a: Revavroom|Revavroom, M|100/100
|-item|p1a: Revavroom|Air Balloon
|turn|9
|
|t:|1769301353
|move|p2a: Tusk Eater|Waterfall|p1a: Revavroom
|-damage|p1a: Revavroom|40/100
|-enditem|p1a: Revavroom|Air Balloon
|move|p1a: Revavroom|Shift Gear|p1a: Revavroom
|-boost|p1a: Revavroom|spe|2
|-boost|p1a: Revavroom|atk|1
|
|-heal|p2a: Tusk Eater|54/100|[from] item: Leftovers
|upkeep
|turn|10
|
|t:|1769301369
|move|p1a: Revavroom|Gunk Shot|p2a: Tusk Eater
|-damage|p2a: Tusk Eater|0 fnt
|faint|p2a: Tusk Eater
|
|upkeep
|
|t:|1769301389
|switch|p2a: Spinner|Oricorio-Sensu, M|100/100
|turn|11
|
|t:|1769301393
|-terastallize|p1a: Revavroom|Electric
|move|p1a: Revavroom|Tera Blast|p2a: Spinner|[anim] Tera Blast Electric
|-supereffective|p2a: Spinner
|-damage|p2a: Spinner|0 fnt
|faint|p2a: Spinner
|
|upkeep
|
|t:|1769301402
|switch|p2a: Arcanine|Arcanine-Hisui, F|100/100
|turn|12
|
|t:|1769301405
|move|p2a: Arcanine|Extreme Speed|p1a: Revavroom
|-damage|p1a: Revavroom|0 fnt
|faint|p1a: Revavroom
|
|upkeep
|
|t:|1769301409
|switch|p1a: Rillaboom|Rillaboom, M|100/100
|-fieldstart|move: Grassy Terrain|[from] ability: Grassy Surge|[of] p1a: Rillaboom
|turn|13
|
|t:|1769301413
|move|p2a: Arcanine|Extreme Speed|p1a: Rillaboom
|-damage|p1a: Rillaboom|57/100
|move|p1a: Rillaboom|Swords Dance|p1a: Rillaboom
|-boost|p1a: Rillaboom|atk|2
|
|-heal|p1a: Rillaboom|63/100|[from] Grassy Terrain
|upkeep
|turn|14
|
|t:|1769301416
|move|p2a: Arcanine|Extreme Speed|p1a: Rillaboom
|-damage|p1a: Rillaboom|18/100
|move|p1a: Rillaboom|Drain Punch|p2a: Arcanine
|-supereffective|p2a: Arcanine
|-damage|p2a: Arcanine|0 fnt
|-heal|p1a: Rillaboom|67/100|[from] drain|[of] p2a: Arcanine
|faint|p2a: Arcanine
|
|-heal|p1a: Rillaboom|73/100|[from] Grassy Terrain
|upkeep
|
|t:|1769301428
|switch|p2a: The Finale|Iron Valiant|100/100
|-enditem|p2a: The Finale|Booster Energy
|-activate|p2a: The Finale|ability: Quark Drive|[fromitem]
|-start|p2a: The Finale|quarkdrivespe
|turn|15
|
|t:|1769301442
|move|p1a: Rillaboom|Grassy Glide|p2a: The Finale
|-damage|p2a: The Finale|0 fnt
|faint|p2a: The Finale
|-end|p2a: The Finale|Quark Drive|[silent]
|
|-heal|p1a: Rillaboom|79/100|[from] Grassy Terrain
|upkeep
|
|t:|1769301445
|switch|p2a: King Candy|Kingambit, M|100/100
|-activate|p2a: King Candy|ability: Supreme Overlord
|-start|p2a: King Candy|fallen5|[silent]
|turn|16
|
|t:|1769301448
|move|p2a: King Candy|Sucker Punch|p1a: Rillaboom
|-damage|p1a: Rillaboom|13/100
|move|p1a: Rillaboom|Drain Punch|p2a: King Candy
|-supereffective|p2a: King Candy
|-damage|p2a: King Candy|0 fnt
|-heal|p1a: Rillaboom|64/100|[from] drain|[of] p2a: King Candy
|faint|p2a: King Candy
|-end|p2a: King Candy|fallen5|[silent]
|
|win|elknightoscuro
|raw|elknightoscuro's rating: 1343 &rarr; <strong>1362</strong><br />(+19 for winning)
|raw|Hard salami's rating: 1318 &rarr; <strong>1299</strong><br />(-19 for losing)
|c|☆Hard salami|Wow
|c|☆Hard salami|drain punch sd
|c|☆Hard salami|that unique set won
|c|☆elknightoscuro|it was a experiment
|c|☆elknightoscuro|worked out nice gg
|l|☆Hard salami
|player|p2|
|l|☆elknightoscuro
|player|p1|
