|j|☆zbackbar
|j|☆PrimeXStriker
|t:|1769361766
|gametype|singles
|player|p1|zbackbar|hiker-gen4|1400
|player|p2|PrimeXStriker|bruno|1403
|gen|9
|tier|[Gen 9] OU
|rated|
|rule|HP Percentage Mod: HP is shown in percentages
|rule|Endless Battle Clause: Forcing endless battles is banned
|rule|Species Clause: Limit one of each Pokémon
|rule|OHKO Clause: OHKO moves are banned
|rule|Evasion Items Clause: Evasion items are banned
|rule|Evasion Moves Clause: Evasion moves are banned
|rule|Evasion Abilities Clause: Evasion abilities are banned
|rule|Sleep Moves Clause: Sleep-inducing moves are banned
|clearpoke
|poke|p1|Cobalion|
|poke|p1|Samurott-Hisui, M|
|poke|p1|Gholdengo|
|poke|p1|Iron Moth|
|poke|p1|Dragonite, M|
|poke|p1|Meowscarada, F|
|poke|p2|Zamazenta-*|
|poke|p2|Tyranitar, F|
|poke|p2|Darkrai|
|poke|p2|Iron Valiant|
|poke|p2|Corviknight, F|
|poke|p2|Pawmot, F|
|teampreview
|inactive|Battle timer is ON: inactive players will automatically lose when time's up. (requested by zbackbar)
|
|t:|1769361788
|teamsize|p1|6
|teamsize|p2|6
|start
|switch|p1a: Gholdengo|Gholdengo|100/100
|switch|p2a: Corviknight|Corviknight, F|100/100
|-ability|p2a: Corviknight|Pressure
|turn|1
|
|t:|1769361795
|move|p1a: Gholdengo|Trick|p2a: Corviknight
|-activate|p1a: Gholdengo|move: Trick|[of] p2a: Corviknight
|-item|p2a: Corviknight|Choice Scarf|[from] move: Trick
|-item|p1a: Gholdengo|Rocky Helmet|[from] move: Trick
|move|p2a: Corviknight|U-turn|p1a: Gholdengo
|-resisted|p1a: Gholdengo
|-damage|p1a: Gholdengo|96/100
|-damage|p2a: Corviknight|84/100|[from] item: Rocky Helmet|[of] p1a: Gholdengo
|
|t:|1769361800
|switch|p2a: Darkrai|Darkrai|100/100|[from] U-turn
|
|upkeep
|turn|2
|
|t:|1769361807
|switch|p1a: Cobalion|Cobalion, shiny|100/100
|move|p2a: Darkrai|Dark Pulse|p1a: Cobalion
|-resisted|p1a: Cobalion
|-damage|p1a: Cobalion|56/100
|-ability|p1a: Cobalion|Justified|boost
|-boost|p1a: Cobalion|atk|1
|
|upkeep
|turn|3
|
|t:|1769361813
|switch|p2a: Corviknight|Corviknight, F|84/100
|-ability|p2a: Corviknight|Pressure
|move|p1a: Cobalion|Stealth Rock|p2a: Corviknight
|-sidestart|p2: PrimeXStriker|move: Stealth Rock
|
|upkeep
|turn|4
|
|t:|1769361819
|move|p1a: Cobalion|Steel Beam|p2a: Corviknight
|-resisted|p2a: Corviknight
|-damage|p2a: Corviknight|58/100
|-damage|p1a: Cobalion|6/100|[from] steelbeam
|move|p2a: Corviknight|U-turn|p1a: Cobalion
|-resisted|p1a: Cobalion
|-damage|p1a: Cobalion|3/100
|
|t:|1769361831
|switch|p2a: Darkrai|Darkrai|100/100|[from] U-turn
|-damage|p2a: Darkrai|88/100|[from] Stealth Rock
|
|upkeep
|turn|5
|
|t:|1769361836
|move|p2a: Darkrai|Dark Pulse|p1a: Cobalion
|-resisted|p1a: Cobalion
|-damage|p1a: Cobalion|0 fnt
|faint|p1a: Cobalion
|
|upkeep
|
|t:|1769361844
|switch|p1a: Samurott|Samurott-Hisui, M|100/100
|turn|6
|
|t:|1769361849
|switch|p2a: Corviknight|Corviknight, F|58/100
|-damage|p2a: Corviknight|45/100|[from] Stealth Rock
|-ability|p2a: Corviknight|Pressure
|move|p1a: Samurott|Swords Dance|p1a: Samurott
|-boost|p1a: Samurott|atk|2
|
|upkeep
|turn|7
|
|t:|1769361866
|move|p1a: Samurott|Sucker Punch|p2a: Corviknight
|-damage|p2a: Corviknight|0 fnt
|faint|p2a: Corviknight
|
|upkeep
|
|t:|1769361881
|switch|p2a: Pawmot|Pawmot, F|100/100
|-damage|p2a: Pawmot|94/100|[from] Stealth Rock
|turn|8
|
|t:|1769361888
|-terastallize|p1a: Samurott|Ghost
|move|p2a: Pawmot|Close Combat|p1a: Samurott
|-immune|p1a: Samurott
|move|p1a: Samurott|Razor Shell|p2a: Pawmot
|-damage|p2a: Pawmot|0 fnt
|faint|p2a: Pawmot
|
|upkeep
|
|t:|1769361897
|switch|p2a: Darkrai|Darkrai|88/100
|-damage|p2a: Darkrai|76/100|[from] Stealth Rock
|turn|9
|
|t:|1769361919
|move|p2a: Darkrai|Dark Pulse|p1a: Samurott
|-supereffective|p1a: Samurott
|-damage|p1a: Samurott|0 fnt
|faint|p1a: Samurott
|
|upkeep
|
|t:|1769361925
|switch|p1a: Meowscarada|Meowscarada, F|100/100
|turn|10
|
|t:|1769361928
|switch|p2a: Tyranitar|Tyranitar, F|100/100
|-damage|p2a: Tyranitar|88/100|[from] Stealth Rock
|-weather|Sandstorm|[from] ability: Sand Stream|[of] p2a: Tyranitar
|move|p1a: Meowscarada|U-turn|p2a: Tyranitar
|-start|p1a: Meowscarada|typechange|Bug|[from] ability: Protean
|-supereffective|p2a: Tyranitar
|-damage|p2a: Tyranitar|40/100
|
|t:|1769361939
|switch|p1a: Gholdengo|Gholdengo|96/100|[from] U-turn
|
|-weather|Sandstorm|[upkeep]
|-heal|p2a: Tyranitar|46/100|[from] item: Leftovers
|upkeep
|turn|11
|
|t:|1769361943
|move|p1a: Gholdengo|Make It Rain|p2a: Tyranitar
|-supereffective|p2a: Tyranitar
|-damage|p2a: Tyranitar|0 fnt
|-unboost|p1a: Gholdengo|spa|1
|faint|p2a: Tyranitar
|
|-weather|Sandstorm|[upkeep]
|upkeep
|
|t:|1769361948
|switch|p2a: Darkrai|Darkrai|76/100
|-damage|p2a: Darkrai|63/100|[from] Stealth Rock
|turn|12
|
|t:|1769361963
|switch|p1a: Meowscarada|Meowscarada, F|100/100
|move|p2a: Darkrai|Dark Pulse|p1a: Meowscarada
|-resisted|p1a: Meowscarada
|-damage|p1a: Meowscarada|49/100
|
|-weather|Sandstorm|[upkeep]
|-damage|p1a: Meowscarada|43/100|[from] Sandstorm
|-damage|p2a: Darkrai|57/100|[from] Sandstorm
|upkeep
|turn|13
|
|t:|1769361979
|switch|p2a: Iron Valiant|Iron Valiant|100/100
|-damage|p2a: Iron Valiant|94/100|[from] Stealth Rock
|-enditem|p2a: Iron Valiant|Booster Energy
|-activate|p2a: Iron Valiant|ability: Quark Drive|[fromitem]
|-start|p2a: Iron Valiant|quarkdrivespe
|move|p1a: Meowscarada|U-turn|p2a: Iron Valiant
|-start|p1a: Meowscarada|typechange|Bug|[from] ability: Protean
|-resisted|p2a: Iron Valiant
|-damage|p2a: Iron Valiant|83/100
|
|t:|1769361989
|switch|p1a: Iron Moth|Iron Moth, shiny|100/100|[from] U-turn
|-enditem|p1a: Iron Moth|Booster Energy
|-activate|p1a: Iron Moth|ability: Quark Drive|[fromitem]
|-start|p1a: Iron Moth|quarkdrivespe
|
|-weather|Sandstorm|[upkeep]
|-damage|p2a: Iron Valiant|77/100|[from] Sandstorm
|-damage|p1a: Iron Moth|95/100|[from] Sandstorm
|upkeep
|turn|14
|
|t:|1769361994
|move|p2a: Iron Valiant|Psyshock|p1a: Iron Moth
|-supereffective|p1a: Iron Moth
|-damage|p1a: Iron Moth|23/100
|move|p1a: Iron Moth|Sludge Wave|p2a: Iron Valiant
|-supereffective|p2a: Iron Valiant
|-damage|p2a: Iron Valiant|0 fnt
|faint|p2a: Iron Valiant
|-end|p2a: Iron Valiant|Quark Drive|[silent]
|
|-weather|none
|upkeep
|
|t:|1769362001
|switch|p2a: Darkrai|Darkrai|57/100
|-damage|p2a: Darkrai|45/100|[from] Stealth Rock
|turn|15
|
|t:|1769362007
|move|p1a: Iron Moth|Dazzling Gleam|p2a: Darkrai
|-supereffective|p2a: Darkrai
|-damage|p2a: Darkrai|0 fnt
|faint|p2a: Darkrai
|
|upkeep
|
|t:|1769362010
|switch|p2a: Zamazenta|Zamazenta|100/100
|-damage|p2a: Zamazenta|94/100|[from] Stealth Rock
|-ability|p2a: Zamazenta|Dauntless Shield|boost
|-boost|p2a: Zamazenta|def|1
|turn|16
|
|t:|1769362028
|move|p1a: Iron Moth|Dazzling Gleam|p2a: Zamazenta
|-supereffective|p2a: Zamazenta
|-damage|p2a: Zamazenta|48/100
|move|p2a: Zamazenta|Crunch|p1a: Iron Moth
|-damage|p1a: Iron Moth|0 fnt
|faint|p1a: Iron Moth
|-end|p1a: Iron Moth|Quark Drive|[silent]
|
|-heal|p2a: Zamazenta|55/100|[from] item: Leftovers
|upkeep
|
|t:|1769362037
|switch|p1a: Meowscarada|Meowscarada, F|43/100
|turn|17
|
|t:|1769362043
|move|p1a: Meowscarada|Knock Off|p2a: Zamazenta
|-start|p1a: Meowscarada|typechange|Dark|[from] ability: Protean
|-resisted|p2a: Zamazenta
|-damage|p2a: Zamazenta|45/100
|-enditem|p2a: Zamazenta|Leftovers|[from] move: Knock Off|[of] p1a: Meowscarada
|move|p2a: Zamazenta|Body Press|p1a: Meowscarada
|-supereffective|p1a: Meowscarada
|-damage|p1a: Meowscarada|0 fnt
|faint|p1a: Meowscarada
|
|upkeep
|
|t:|1769362051
|switch|p1a: Gholdengo|Gholdengo|96/100
|turn|18
|
|t:|1769362056
|move|p2a: Zamazenta|Crunch|p1a: Gholdengo
|-supereffective|p1a: Gholdengo
|-damage|p1a: Gholdengo|51/100
|-damage|p2a: Zamazenta|28/100|[from] item: Rocky Helmet|[of] p1a: Gholdengo
|move|p1a: Gholdengo|Make It Rain|p2a: Zamazenta
|-damage|p2a: Zamazenta|0 fnt
|-unboost|p1a: Gholdengo|spa|1
|faint|p2a: Zamazenta
|
|win|zbackbar
|raw|zbackbar's rating: 1400 &rarr; <strong>1420</strong><br />(+20 for winning)
|raw|PrimeXStriker's rating: 1403 &rarr; <strong>1383</strong><br />(-20 for losing)
|l|☆PrimeXStriker
|player|p2|
|l|☆zbackbar
|player|p1|
