|j|☆thebambi1234
|j|☆lightery
|t:|1769421849
|gametype|singles
|player|p1|thebambi1234|102|1396
|player|p2|lightery|cilan|1370
|gen|9
|tier|[Gen 9] OU
|rated|
|rule|HP Percentage Mod: HP is shown in percentages
|rule|Endless Battle Clause: Forcing endless battles is banned
|rule|Species Clause: Limit one of each Pokémon
|rule|OHKO Clause: OHKO moves are banned
|rule|Evasion Items Clause: Evasion items are banned
|rule|Evasion Moves Clause: Evasion moves are banned
|rule|Evasion Abilities Clause: Evasion abilities are banned
|rule|Sleep Moves Clause: Sleep-inducing moves are banned
|clearpoke
|poke|p1|Kommo-o, M|
|poke|p1|Ribombee, F|
|poke|p1|Dragapult, F|
|poke|p1|Gliscor, M|
|poke|p1|Cinderace, F|
|poke|p1|Ogerpon-Wellspring, F|
|poke|p2|Quaquaval, F|
|poke|p2|Zapdos|
|poke|p2|Rillaboom, M|
|poke|p2|Ursaluna, F|
|poke|p2|Conkeldurr, F|
|poke|p2|Enamorus, F|
|teampreview
|inactive|Battle timer is ON: inactive players will automatically lose when time's up. (requested by thebambi1234)
|
|t:|1769421853
|teamsize|p1|6
|teamsize|p2|6
|start
|switch|p1a: Ribombee|Ribombee, F|100/100
|switch|p2a: Duckie|Quaquaval, F|100/100
|turn|1
|
|t:|1769421858
|move|p1a: Ribombee|Moonblast|p2a: Duckie
|-supereffective|p2a: Duckie
|-damage|p2a: Duckie|0 fnt
|faint|p2a: Duckie
|
|upkeep
|
|t:|1769421867
|switch|p2a: Cloudie|Zapdos|100/100
|turn|2
|
|t:|1769421871
|move|p1a: Ribombee|Sticky Web|p2a: Cloudie
|-sidestart|p2: lightery|move: Sticky Web
|move|p2a: Cloudie|Volt Switch|p1a: Ribombee
|-damage|p1a: Ribombee|30/100
|
|t:|1769421873
|switch|p2a: Monkie|Rillaboom, M|100/100|[from] Volt Switch
|-activate|p2a: Monkie|move: Sticky Web
|-unboost|p2a: Monkie|spe|1
|-fieldstart|move: Grassy Terrain|[from] ability: Grassy Surge|[of] p2a: Monkie
|
|-heal|p1a: Ribombee|37/100|[from] Grassy Terrain
|upkeep
|turn|3
|
|t:|1769421882
|switch|p1a: Cinderace|Cinderace, F|100/100
|move|p2a: Monkie|Grassy Glide|p1a: Cinderace
|-resisted|p1a: Cinderace
|-damage|p1a: Cinderace|70/100
|
|-heal|p1a: Cinderace|76/100|[from] Grassy Terrain
|upkeep
|turn|4
|
|t:|1769421889
|move|p1a: Cinderace|Pyro Ball|p2a: Monkie
|-supereffective|p2a: Monkie
|-damage|p2a: Monkie|0 fnt
|faint|p2a: Monkie
|
|-heal|p1a: Cinderace|82/100|[from] Grassy Terrain
|upkeep
|
|t:|1769421893
|switch|p2a: Ursie|Ursaluna, F|100/100
|-activate|p2a: Ursie|move: Sticky Web
|-unboost|p2a: Ursie|spe|1
|turn|5
|
|t:|1769421897
|move|p1a: Cinderace|High Jump Kick|p2a: Ursie|[miss]
|-start|p1a: Cinderace|typechange|Fighting|[from] ability: Libero
|-miss|p1a: Cinderace|p2a: Ursie
|-damage|p1a: Cinderace|32/100|[from] highjumpkick
|move|p2a: Ursie|Headlong Rush|p1a: Cinderace
|-damage|p1a: Cinderace|0 fnt
|-unboost|p2a: Ursie|def|1
|-unboost|p2a: Ursie|spd|1
|faint|p1a: Cinderace
|
|-status|p2a: Ursie|brn|[from] item: Flame Orb
|upkeep
|c|☆thebambi1234|thats crazy
|
|t:|1769421910
|switch|p1a: Ogerpon|Ogerpon-Wellspring, F|100/100
|turn|6
|
|t:|1769421917
|switch|p2a: Brickie|Conkeldurr, F|100/100
|-activate|p2a: Brickie|move: Sticky Web
|-unboost|p2a: Brickie|spe|1
|move|p1a: Ogerpon|Ivy Cudgel|p2a: Brickie|[anim] Ivy Cudgel Water
|-damage|p2a: Brickie|48/100
|
|-heal|p2a: Brickie|54/100|[from] Grassy Terrain
|-fieldend|move: Grassy Terrain
|upkeep
|turn|7
|
|t:|1769421922
|-terastallize|p1a: Ogerpon|Water
|detailschange|p1a: Ogerpon|Ogerpon-Wellspring-Tera, F, tera:Water
|-ability|p1a: Ogerpon|Embody Aspect (Wellspring)|boost
|-boost|p1a: Ogerpon|spd|1
|move|p1a: Ogerpon|Ivy Cudgel|p2a: Brickie|[anim] Ivy Cudgel Water
|-damage|p2a: Brickie|0 fnt
|faint|p2a: Brickie
|
|upkeep
|
|t:|1769421928
|switch|p2a: Cloudie|Zapdos|100/100
|turn|8
|
|t:|1769421934
|switch|p1a: Gliscor|Gliscor, M, shiny|100/100
|move|p2a: Cloudie|Discharge|p1a: Gliscor
|-immune|p1a: Gliscor
|
|-status|p1a: Gliscor|tox|[from] item: Toxic Orb
|upkeep
|turn|9
|
|t:|1769421954
|move|p1a: Gliscor|Facade|p2a: Cloudie
|-damage|p2a: Cloudie|60/100
|move|p2a: Cloudie|Hurricane|p1a: Gliscor
|-damage|p1a: Gliscor|14/100 tox
|
|-heal|p1a: Gliscor|26/100 tox|[from] ability: Poison Heal
|upkeep
|turn|10
|
|t:|1769421958
|move|p1a: Gliscor|Facade|p2a: Cloudie
|-damage|p2a: Cloudie|19/100
|move|p2a: Cloudie|Hurricane|p1a: Gliscor|[miss]
|-miss|p2a: Cloudie|p1a: Gliscor
|
|-heal|p1a: Gliscor|39/100 tox|[from] ability: Poison Heal
|upkeep
|turn|11
|
|t:|1769421961
|move|p1a: Gliscor|Facade|p2a: Cloudie
|-damage|p2a: Cloudie|0 fnt
|faint|p2a: Cloudie
|
|-heal|p1a: Gliscor|51/100 tox|[from] ability: Poison Heal
|upkeep
|
|t:|1769421962
|switch|p2a: Lovie|Enamorus, F|100/100
|turn|12
|
|t:|1769421966
|-terastallize|p2a: Lovie|Ground
|move|p1a: Gliscor|Protect|p1a: Gliscor
|-singleturn|p1a: Gliscor|Protect
|move|p2a: Lovie|Moonblast|p1a: Gliscor
|-activate|p1a: Gliscor|move: Protect
|
|-heal|p1a: Gliscor|63/100 tox|[from] ability: Poison Heal
|upkeep
|turn|13
|
|t:|1769421971
|switch|p2a: Ursie|Ursaluna, F|100/100 brn
|-activate|p2a: Ursie|move: Sticky Web
|-unboost|p2a: Ursie|spe|1
|switch|p1a: Ribombee|Ribombee, F|37/100
|
|-damage|p2a: Ursie|94/100 brn|[from] brn
|upkeep
|turn|14
|
|t:|1769421979
|move|p1a: Ribombee|Moonblast|p2a: Ursie
|-damage|p2a: Ursie|62/100 brn
|move|p2a: Ursie|Fire Punch|p1a: Ribombee
|-supereffective|p1a: Ribombee
|-damage|p1a: Ribombee|0 fnt
|faint|p1a: Ribombee
|
|-damage|p2a: Ursie|56/100 brn|[from] brn
|upkeep
|
|t:|1769421986
|switch|p1a: Ogerpon|Ogerpon-Wellspring-Tera, F, tera:Water|100/100
|-ability|p1a: Ogerpon|Embody Aspect (Wellspring)|boost
|-boost|p1a: Ogerpon|spd|1
|turn|15
|
|t:|1769421988
|move|p1a: Ogerpon|Ivy Cudgel|p2a: Ursie|[anim] Ivy Cudgel Water
|-supereffective|p2a: Ursie
|-damage|p2a: Ursie|0 fnt
|faint|p2a: Ursie
|
|upkeep
|
|t:|1769421990
|switch|p2a: Lovie|Enamorus, F, tera:Ground|100/100
|-activate|p2a: Lovie|move: Sticky Web
|-boost|p2a: Lovie|spe|1
|turn|16
|
|t:|1769421992
|move|p2a: Lovie|Moonblast|p1a: Ogerpon
|-damage|p1a: Ogerpon|37/100
|-unboost|p1a: Ogerpon|spa|1
|move|p1a: Ogerpon|Ivy Cudgel|p2a: Lovie|[anim] Ivy Cudgel Water
|-supereffective|p2a: Lovie
|-crit|p2a: Lovie
|-damage|p2a: Lovie|0 fnt
|faint|p2a: Lovie
|
|win|thebambi1234
|raw|thebambi1234's rating: 1396 &rarr; <strong>1415</strong><br />(+19 for winning)
|raw|lightery's rating: 1370 &rarr; <strong>1351</strong><br />(-19 for losing)
|c|☆lightery|Gg
|l|☆thebambi1234
|player|p1|
|l|☆lightery
|player|p2|
