|j|☆BigDGoose
|j|☆Developpskillss
|t:|1769381698
|gametype|singles
|player|p1|BigDGoose|hooligans|1176
|player|p2|Developpskillss|2|1200
|gen|9
|tier|[Gen 9] OU
|rated|
|rule|HP Percentage Mod: HP is shown in percentages
|rule|Endless Battle Clause: Forcing endless battles is banned
|rule|Species Clause: Limit one of each Pokémon
|rule|OHKO Clause: OHKO moves are banned
|rule|Evasion Items Clause: Evasion items are banned
|rule|Evasion Moves Clause: Evasion moves are banned
|rule|Evasion Abilities Clause: Evasion abilities are banned
|rule|Sleep Moves Clause: Sleep-inducing moves are banned
|clearpoke
|poke|p1|Heracross, F|
|poke|p1|Meowscarada, M|
|poke|p1|Mandibuzz, F|
|poke|p1|Rotom-Wash|
|poke|p1|Regirock|
|poke|p1|Armarouge, M|
|poke|p2|Tornadus-Therian, M|
|poke|p2|Slowking-Galar, F|
|poke|p2|Alomomola, M|
|poke|p2|Rillaboom, F|
|poke|p2|Hoopa-Unbound|
|poke|p2|Iron Moth|
|teampreview
|
|t:|1769381706
|teamsize|p1|6
|teamsize|p2|6
|start
|switch|p1a: Meowscarada|Meowscarada, M|100/100
|switch|p2a: Rillaboom|Rillaboom, F|100/100
|-fieldstart|move: Grassy Terrain|[from] ability: Grassy Surge|[of] p2a: Rillaboom
|turn|1
|
|t:|1769381713
|switch|p2a: Tornadus|Tornadus-Therian, M|100/100
|move|p1a: Meowscarada|U-turn|p2a: Tornadus
|-start|p1a: Meowscarada|typechange|Bug|[from] ability: Protean
|-resisted|p2a: Tornadus
|-damage|p2a: Tornadus|75/100
|
|t:|1769381717
|switch|p1a: Rotom|Rotom-Wash|100/100|[from] U-turn
|
|upkeep
|turn|2
|
|t:|1769381722
|move|p2a: Tornadus|U-turn|p1a: Rotom
|-damage|p1a: Rotom|84/100
|
|t:|1769381725
|switch|p2a: Slowking|Slowking-Galar, F|100/100|[from] U-turn
|move|p1a: Rotom|Thunderbolt|p2a: Slowking
|-damage|p2a: Slowking|73/100
|
|-heal|p1a: Rotom|90/100|[from] item: Leftovers
|-heal|p2a: Slowking|79/100|[from] Grassy Terrain
|upkeep
|turn|3
|
|t:|1769381756
|move|p1a: Rotom|Thunder Wave|p2a: Slowking|[miss]
|-miss|p1a: Rotom|p2a: Slowking
|move|p2a: Slowking|Future Sight|p1a: Rotom
|-start|p2a: Slowking|move: Future Sight
|
|-heal|p1a: Rotom|96/100|[from] item: Leftovers
|-heal|p2a: Slowking|85/100|[from] Grassy Terrain
|upkeep
|turn|4
|
|t:|1769381763
|move|p1a: Rotom|Thunder Wave|p2a: Slowking
|-status|p2a: Slowking|par
|-prepare|p2a: Slowking|Chilly Reception|[premajor]
|move|p2a: Slowking|Chilly Reception|p2a: Slowking
|-weather|Snowscape
|
|t:|1769381771
|switch|p2a: Hoopa|Hoopa-Unbound|100/100|[from] Chilly Reception
|
|-weather|Snowscape|[upkeep]
|-heal|p1a: Rotom|100/100|[from] item: Leftovers
|upkeep
|turn|5
|
|t:|1769381776
|move|p2a: Hoopa|Dark Pulse|p1a: Rotom
|-damage|p1a: Rotom|33/100
|move|p1a: Rotom|Thunder Wave|p2a: Hoopa
|-status|p2a: Hoopa|par
|
|-weather|Snowscape|[upkeep]
|-end|p1a: Rotom|move: Future Sight
|-damage|p1a: Rotom|0 fnt
|faint|p1a: Rotom
|-fieldend|move: Grassy Terrain
|upkeep
|
|t:|1769381781
|switch|p1a: Meowscarada|Meowscarada, M|100/100
|turn|6
|
|t:|1769381784
|switch|p2a: Tornadus|Tornadus-Therian, M|100/100
|move|p1a: Meowscarada|U-turn|p2a: Tornadus
|-start|p1a: Meowscarada|typechange|Bug|[from] ability: Protean
|-resisted|p2a: Tornadus
|-damage|p2a: Tornadus|74/100
|
|t:|1769381791
|switch|p1a: Mandibuzz|Mandibuzz, F|100/100|[from] U-turn
|
|-weather|Snowscape|[upkeep]
|upkeep
|turn|7
|
|t:|1769381795
|move|p2a: Tornadus|U-turn|p1a: Mandibuzz
|-damage|p1a: Mandibuzz|92/100
|
|t:|1769381800
|switch|p2a: Rillaboom|Rillaboom, F|100/100|[from] U-turn
|-fieldstart|move: Grassy Terrain|[from] ability: Grassy Surge|[of] p2a: Rillaboom
|move|p1a: Mandibuzz|Foul Play|p2a: Rillaboom
|-damage|p2a: Rillaboom|47/100
|
|-weather|Snowscape|[upkeep]
|-heal|p2a: Rillaboom|53/100|[from] Grassy Terrain
|upkeep
|turn|8
|
|t:|1769381802
|move|p2a: Rillaboom|U-turn|p1a: Mandibuzz
|-damage|p1a: Mandibuzz|68/100
|
|t:|1769381808
|switch|p2a: Hoopa|Hoopa-Unbound|100/100 par|[from] U-turn
|move|p1a: Mandibuzz|Foul Play|p2a: Hoopa
|-crit|p2a: Hoopa
|-damage|p2a: Hoopa|0 fnt
|faint|p2a: Hoopa
|
|-weather|none
|upkeep
|
|t:|1769381813
|switch|p2a: Iron Moth|Iron Moth|100/100
|-enditem|p2a: Iron Moth|Booster Energy
|-activate|p2a: Iron Moth|ability: Quark Drive|[fromitem]
|-start|p2a: Iron Moth|quarkdrivespe
|turn|9
|
|t:|1769381818
|move|p2a: Iron Moth|Substitute|p2a: Iron Moth
|-start|p2a: Iron Moth|Substitute
|-damage|p2a: Iron Moth|76/100
|move|p1a: Mandibuzz|Foul Play|p2a: Iron Moth
|-end|p2a: Iron Moth|Substitute
|
|-heal|p2a: Iron Moth|82/100|[from] Grassy Terrain
|upkeep
|turn|10
|
|t:|1769381824
|move|p2a: Iron Moth|Fiery Dance|p1a: Mandibuzz
|-damage|p1a: Mandibuzz|39/100
|-boost|p2a: Iron Moth|spa|1
|move|p1a: Mandibuzz|Foul Play|p2a: Iron Moth
|-damage|p2a: Iron Moth|49/100
|
|-heal|p2a: Iron Moth|55/100|[from] Grassy Terrain
|upkeep
|turn|11
|
|t:|1769381830
|move|p2a: Iron Moth|Dazzling Gleam|p1a: Mandibuzz
|-supereffective|p1a: Mandibuzz
|-damage|p1a: Mandibuzz|0 fnt
|faint|p1a: Mandibuzz
|
|-heal|p2a: Iron Moth|61/100|[from] Grassy Terrain
|-fieldend|move: Grassy Terrain
|upkeep
|
|t:|1769381832
|switch|p1a: Regirock|Regirock|100/100
|turn|12
|
|t:|1769381838
|-terastallize|p2a: Iron Moth|Fairy
|-terastallize|p1a: Regirock|Fighting
|move|p2a: Iron Moth|Sludge Wave|p1a: Regirock
|-damage|p1a: Regirock|32/100
|move|p1a: Regirock|Rock Tomb|p2a: Iron Moth
|-damage|p2a: Iron Moth|31/100
|-unboost|p2a: Iron Moth|spe|1
|
|-heal|p1a: Regirock|38/100|[from] item: Leftovers
|upkeep
|turn|13
|
|t:|1769381847
|move|p2a: Iron Moth|Dazzling Gleam|p1a: Regirock
|-supereffective|p1a: Regirock
|-damage|p1a: Regirock|0 fnt
|faint|p1a: Regirock
|
|upkeep
|
|t:|1769381849
|switch|p1a: Meowscarada|Meowscarada, M|100/100
|turn|14
|
|t:|1769381852
|move|p1a: Meowscarada|Flower Trick|p2a: Iron Moth
|-start|p1a: Meowscarada|typechange|Grass|[from] ability: Protean
|-crit|p2a: Iron Moth
|-damage|p2a: Iron Moth|0 fnt
|faint|p2a: Iron Moth
|-end|p2a: Iron Moth|Quark Drive|[silent]
|
|upkeep
|
|t:|1769381861
|switch|p2a: Tornadus|Tornadus-Therian, M|100/100
|turn|15
|
|t:|1769381865
|switch|p1a: Heracross|Heracross, F|100/100
|move|p2a: Tornadus|Bleakwind Storm|p1a: Heracross
|-supereffective|p1a: Heracross
|-damage|p1a: Heracross|0 fnt
|faint|p1a: Heracross
|
|upkeep
|
|t:|1769381868
|switch|p1a: Meowscarada|Meowscarada, M|100/100
|turn|16
|
|t:|1769381870
|move|p1a: Meowscarada|Knock Off|p2a: Tornadus
|-start|p1a: Meowscarada|typechange|Dark|[from] ability: Protean
|-damage|p2a: Tornadus|25/100
|-enditem|p2a: Tornadus|Heavy-Duty Boots|[from] move: Knock Off|[of] p1a: Meowscarada
|move|p2a: Tornadus|Bleakwind Storm|p1a: Meowscarada
|-damage|p1a: Meowscarada|40/100
|-unboost|p1a: Meowscarada|spe|1
|
|upkeep
|turn|17
|
|t:|1769381879
|move|p2a: Tornadus|U-turn|p1a: Meowscarada
|-supereffective|p1a: Meowscarada
|-crit|p1a: Meowscarada
|-damage|p1a: Meowscarada|0 fnt
|faint|p1a: Meowscarada
|
|t:|1769381883
|switch|p2a: Alomomola|Alomomola, M|100/100|[from] U-turn
|
|upkeep
|
|t:|1769381884
|switch|p1a: Armarouge|Armarouge, M|100/100
|turn|18
|
|t:|1769381887
|move|p1a: Armarouge|Calm Mind|p1a: Armarouge
|-boost|p1a: Armarouge|spa|1
|-boost|p1a: Armarouge|spd|1
|move|p2a: Alomomola|Scald|p1a: Armarouge
|-supereffective|p1a: Armarouge
|-damage|p1a: Armarouge|77/100
|
|-heal|p1a: Armarouge|83/100|[from] item: Leftovers
|upkeep
|turn|19
|
|t:|1769381891
|move|p1a: Armarouge|Calm Mind|p1a: Armarouge
|-boost|p1a: Armarouge|spa|1
|-boost|p1a: Armarouge|spd|1
|move|p2a: Alomomola|Flip Turn|p1a: Armarouge
|-supereffective|p1a: Armarouge
|-damage|p1a: Armarouge|51/100
|-ability|p1a: Armarouge|Weak Armor|boost
|-unboost|p1a: Armarouge|def|1
|-boost|p1a: Armarouge|spe|2
|
|t:|1769381896
|switch|p2a: Rillaboom|Rillaboom, F|53/100|[from] Flip Turn
|-fieldstart|move: Grassy Terrain|[from] ability: Grassy Surge|[of] p2a: Rillaboom
|
|-heal|p1a: Armarouge|57/100|[from] Grassy Terrain
|-heal|p1a: Armarouge|63/100|[from] item: Leftovers
|-heal|p2a: Rillaboom|59/100|[from] Grassy Terrain
|upkeep
|turn|20
|
|t:|1769381898
|move|p1a: Armarouge|Stored Power|p2a: Rillaboom
|-damage|p2a: Rillaboom|0 fnt
|faint|p2a: Rillaboom
|
|-heal|p1a: Armarouge|69/100|[from] Grassy Terrain
|-heal|p1a: Armarouge|75/100|[from] item: Leftovers
|upkeep
|
|t:|1769381901
|switch|p2a: Tornadus|Tornadus-Therian, M|58/100
|turn|21
|
|t:|1769381904
|move|p1a: Armarouge|Stored Power|p2a: Tornadus
|-damage|p2a: Tornadus|0 fnt
|faint|p2a: Tornadus
|
|-heal|p1a: Armarouge|81/100|[from] Grassy Terrain
|-heal|p1a: Armarouge|87/100|[from] item: Leftovers
|upkeep
|
|t:|1769381909
|switch|p2a: Slowking|Slowking-Galar, F|100/100 par
|turn|22
|
|t:|1769381912
|move|p1a: Armarouge|Stored Power|p2a: Slowking
|-damage|p2a: Slowking|9/100 par
|move|p2a: Slowking|Thunder Wave|p1a: Armarouge
|-status|p1a: Armarouge|par
|
|-heal|p1a: Armarouge|93/100 par|[from] Grassy Terrain
|-heal|p1a: Armarouge|99/100 par|[from] item: Leftovers
|-heal|p2a: Slowking|15/100 par|[from] Grassy Terrain
|upkeep
|turn|23
|
|t:|1769381918
|move|p1a: Armarouge|Stored Power|p2a: Slowking
|-damage|p2a: Slowking|0 fnt
|faint|p2a: Slowking
|
|-heal|p1a: Armarouge|100/100 par|[from] Grassy Terrain
|-fieldend|move: Grassy Terrain
|upkeep
|
|t:|1769381920
|switch|p2a: Alomomola|Alomomola, M|100/100
|turn|24
|
|t:|1769381921
|move|p1a: Armarouge|Stored Power|p2a: Alomomola
|-damage|p2a: Alomomola|0 fnt
|faint|p2a: Alomomola
|
|win|BigDGoose
|raw|BigDGoose's rating: 1176 &rarr; <strong>1203</strong><br />(+27 for winning)
|raw|Developpskillss's rating: 1200 &rarr; <strong>1173</strong><br />(-27 for losing)
|l|☆BigDGoose
|player|p1|
|l|☆Developpskillss
|player|p2|
