|j|☆iconicwrecker
|j|☆igolavieestbelle
|t:|1769428576
|gametype|singles
|player|p1|iconicwrecker|ghetsis|1363
|player|p2|igolavieestbelle|lusamine-nihilego|1423
|gen|9
|tier|[Gen 9] OU
|rated|
|rule|HP Percentage Mod: HP is shown in percentages
|rule|Endless Battle Clause: Forcing endless battles is banned
|rule|Species Clause: Limit one of each Pokémon
|rule|OHKO Clause: OHKO moves are banned
|rule|Evasion Items Clause: Evasion items are banned
|rule|Evasion Moves Clause: Evasion moves are banned
|rule|Evasion Abilities Clause: Evasion abilities are banned
|rule|Sleep Moves Clause: Sleep-inducing moves are banned
|clearpoke
|poke|p1|Garchomp, M|
|poke|p1|Registeel|
|poke|p1|Skeledirge, M|
|poke|p1|Kommo-o, M|
|poke|p1|Kingambit, M|
|poke|p1|Inteleon, M|
|poke|p2|Araquanid, F|
|poke|p2|Gholdengo|
|poke|p2|Darkrai|
|poke|p2|Great Tusk|
|poke|p2|Iron Moth|
|poke|p2|Iron Valiant|
|teampreview
|inactive|Battle timer is ON: inactive players will automatically lose when time's up. (requested by igolavieestbelle)
|
|t:|1769428584
|teamsize|p1|6
|teamsize|p2|6
|start
|switch|p1a: Kommo-o|Kommo-o, M|100/100
|switch|p2a: Bilewater|Araquanid, F|100/100
|turn|1
|
|t:|1769428592
|move|p1a: Kommo-o|Clangorous Soul|p1a: Kommo-o
|-boost|p1a: Kommo-o|atk|1
|-boost|p1a: Kommo-o|def|1
|-boost|p1a: Kommo-o|spa|1
|-boost|p1a: Kommo-o|spd|1
|-boost|p1a: Kommo-o|spe|1
|-damage|p1a: Kommo-o|68/100
|-enditem|p1a: Kommo-o|Throat Spray
|-boost|p1a: Kommo-o|spa|1|[from] item: Throat Spray
|move|p2a: Bilewater|Sticky Web|p1a: Kommo-o
|-sidestart|p1: iconicwrecker|move: Sticky Web
|
|upkeep
|turn|2
|
|t:|1769428606
|move|p1a: Kommo-o|Clanging Scales|p2a: Bilewater
|-damage|p2a: Bilewater|24/100
|-enditem|p2a: Bilewater|Red Card|[of] p1a: Kommo-o
|-unboost|p1a: Kommo-o|def|1
|drag|p1a: Kingambit|Kingambit, M|100/100
|-activate|p1a: Kingambit|move: Sticky Web
|-unboost|p1a: Kingambit|spe|1
|move|p2a: Bilewater|Liquidation|p1a: Kingambit
|-damage|p1a: Kingambit|55/100
|
|upkeep
|turn|3
|
|t:|1769428616
|move|p2a: Bilewater|Lunge|p1a: Kingambit
|-damage|p1a: Kingambit|32/100
|-unboost|p1a: Kingambit|atk|1
|move|p1a: Kingambit|Kowtow Cleave|p2a: Bilewater
|-damage|p2a: Bilewater|0 fnt
|faint|p2a: Bilewater
|
|upkeep
|
|t:|1769428629
|switch|p2a: Radiance|Iron Moth|100/100
|turn|4
|
|t:|1769428637
|-end|p1a: Kingambit|fallenundefined|[silent]
|switch|p1a: Garchomp|Garchomp, M|100/100
|-activate|p1a: Garchomp|move: Sticky Web
|-unboost|p1a: Garchomp|spe|1
|move|p2a: Radiance|Fiery Dance|p1a: Garchomp
|-resisted|p1a: Garchomp
|-damage|p1a: Garchomp|75/100
|
|upkeep
|turn|5
|
|t:|1769428648
|-end|p2a: Radiance|Quark Drive|[silent]
|switch|p2a: Don't Be Dumb|Great Tusk|100/100
|move|p1a: Garchomp|Earthquake|p2a: Don't Be Dumb
|-damage|p2a: Don't Be Dumb|66/100
|
|upkeep
|turn|6
|
|t:|1769428664
|switch|p1a: Skeledirge|Skeledirge, M|100/100
|-item|p1a: Skeledirge|Air Balloon
|move|p2a: Don't Be Dumb|Ice Spinner|p1a: Skeledirge
|-resisted|p1a: Skeledirge
|-damage|p1a: Skeledirge|91/100
|-enditem|p1a: Skeledirge|Air Balloon
|
|upkeep
|turn|7
|
|t:|1769428676
|-terastallize|p1a: Skeledirge|Flying
|move|p2a: Don't Be Dumb|Headlong Rush|p1a: Skeledirge
|-immune|p1a: Skeledirge
|move|p1a: Skeledirge|Will-O-Wisp|p2a: Don't Be Dumb
|-status|p2a: Don't Be Dumb|brn
|
|-damage|p2a: Don't Be Dumb|60/100 brn|[from] brn
|upkeep
|turn|8
|inactive|iconicwrecker has 120 seconds left.
|
|t:|1769428705
|-end|p2a: Don't Be Dumb|Protosynthesis|[silent]
|switch|p2a: Wither|Darkrai|100/100
|switch|p1a: Registeel|Registeel|100/100
|-activate|p1a: Registeel|move: Sticky Web
|-fail|p1a: Registeel|unboost|[from] ability: Clear Body|[of] p1a: Registeel
|
|upkeep
|turn|9
|inactive|iconicwrecker has 120 seconds left.
|
|t:|1769428716
|move|p2a: Wither|Focus Blast|p1a: Registeel
|-supereffective|p1a: Registeel
|-damage|p1a: Registeel|58/100
|move|p1a: Registeel|Iron Defense|p1a: Registeel
|-boost|p1a: Registeel|def|2
|
|upkeep
|turn|10
|
|t:|1769428722
|move|p2a: Wither|Dark Pulse|p1a: Registeel
|-damage|p1a: Registeel|36/100
|move|p1a: Registeel|Body Press|p2a: Wither
|-supereffective|p2a: Wither
|-damage|p2a: Wither|0 fnt
|faint|p2a: Wither
|
|upkeep
|
|t:|1769428730
|switch|p2a: Radiance|Iron Moth|100/100
|turn|11
|
|t:|1769428740
|switch|p1a: Garchomp|Garchomp, M|75/100
|-activate|p1a: Garchomp|move: Sticky Web
|-unboost|p1a: Garchomp|spe|1
|move|p2a: Radiance|Fiery Dance|p1a: Garchomp
|-resisted|p1a: Garchomp
|-damage|p1a: Garchomp|52/100
|-boost|p2a: Radiance|spa|1
|
|upkeep
|turn|12
|
|t:|1769428753
|move|p2a: Radiance|Dazzling Gleam|p1a: Garchomp
|-supereffective|p1a: Garchomp
|-damage|p1a: Garchomp|0 fnt
|faint|p1a: Garchomp
|
|upkeep
|
|t:|1769428761
|switch|p1a: Skeledirge|Skeledirge, M, tera:Flying|91/100
|turn|13
|
|t:|1769428770
|move|p2a: Radiance|Sludge Wave|p1a: Skeledirge
|-damage|p1a: Skeledirge|54/100
|move|p1a: Skeledirge|Hex|p2a: Radiance
|-damage|p2a: Radiance|73/100
|
|upkeep
|turn|14
|
|t:|1769428778
|move|p2a: Radiance|Sludge Wave|p1a: Skeledirge
|-damage|p1a: Skeledirge|17/100
|move|p1a: Skeledirge|Slack Off|p1a: Skeledirge
|-heal|p1a: Skeledirge|67/100
|
|upkeep
|turn|15
|
|t:|1769428788
|move|p2a: Radiance|Fiery Dance|p1a: Skeledirge
|-damage|p1a: Skeledirge|34/100
|move|p1a: Skeledirge|Slack Off|p1a: Skeledirge
|-heal|p1a: Skeledirge|84/100
|
|upkeep
|turn|16
|
|t:|1769428794
|move|p2a: Radiance|Fiery Dance|p1a: Skeledirge
|-damage|p1a: Skeledirge|53/100
|move|p1a: Skeledirge|Hex|p2a: Radiance
|-damage|p2a: Radiance|47/100
|
|upkeep
|turn|17
|
|t:|1769428802
|move|p2a: Radiance|Fiery Dance|p1a: Skeledirge
|-damage|p1a: Skeledirge|19/100
|-boost|p2a: Radiance|spa|1
|move|p1a: Skeledirge|Slack Off|p1a: Skeledirge
|-heal|p1a: Skeledirge|69/100
|
|upkeep
|turn|18
|
|t:|1769428813
|move|p2a: Radiance|Sludge Wave|p1a: Skeledirge
|-damage|p1a: Skeledirge|32/100
|move|p1a: Skeledirge|Slack Off|p1a: Skeledirge
|-heal|p1a: Skeledirge|82/100
|
|upkeep
|turn|19
|
|t:|1769428819
|move|p2a: Radiance|Sludge Wave|p1a: Skeledirge
|-damage|p1a: Skeledirge|44/100
|move|p1a: Skeledirge|Hex|p2a: Radiance
|-damage|p2a: Radiance|22/100
|
|upkeep
|turn|20
|
|t:|1769428825
|move|p2a: Radiance|Sludge Wave|p1a: Skeledirge
|-damage|p1a: Skeledirge|8/100
|move|p1a: Skeledirge|Slack Off|p1a: Skeledirge
|-heal|p1a: Skeledirge|58/100
|
|upkeep
|turn|21
|
|t:|1769428833
|-end|p2a: Radiance|Quark Drive|[silent]
|switch|p2a: Megidolaon|Iron Valiant|100/100
|move|p1a: Skeledirge|Slack Off|p1a: Skeledirge
|-heal|p1a: Skeledirge|100/100
|
|upkeep
|turn|22
|
|t:|1769428841
|move|p2a: Megidolaon|Thunderbolt|p1a: Skeledirge
|-supereffective|p1a: Skeledirge
|-damage|p1a: Skeledirge|36/100
|move|p1a: Skeledirge|Will-O-Wisp|p2a: Megidolaon
|-status|p2a: Megidolaon|brn
|
|-damage|p2a: Megidolaon|94/100 brn|[from] brn
|upkeep
|turn|23
|
|t:|1769428856
|switch|p1a: Registeel|Registeel|36/100
|-activate|p1a: Registeel|move: Sticky Web
|-fail|p1a: Registeel|unboost|[from] ability: Clear Body|[of] p1a: Registeel
|move|p2a: Megidolaon|Thunderbolt|p1a: Registeel
|-damage|p1a: Registeel|15/100
|
|-damage|p2a: Megidolaon|88/100 brn|[from] brn
|upkeep
|turn|24
|
|t:|1769428864
|move|p2a: Megidolaon|Thunderbolt|p1a: Registeel
|-damage|p1a: Registeel|0 fnt
|faint|p1a: Registeel
|
|-damage|p2a: Megidolaon|82/100 brn|[from] brn
|upkeep
|inactive|iconicwrecker has 120 seconds left.
|
|t:|1769428919
|switch|p1a: Inteleon|Inteleon, M|100/100
|-activate|p1a: Inteleon|move: Sticky Web
|-unboost|p1a: Inteleon|spe|1
|turn|25
|
|t:|1769428925
|move|p2a: Megidolaon|Thunderbolt|p1a: Inteleon
|-supereffective|p1a: Inteleon
|-damage|p1a: Inteleon|0 fnt
|faint|p1a: Inteleon
|
|-damage|p2a: Megidolaon|76/100 brn|[from] brn
|upkeep
|
|t:|1769428932
|switch|p1a: Kommo-o|Kommo-o, M|68/100
|-activate|p1a: Kommo-o|move: Sticky Web
|-unboost|p1a: Kommo-o|spe|1
|turn|26
|
|t:|1769428938
|-end|p2a: Megidolaon|Quark Drive|[silent]
|switch|p2a: Radiance|Iron Moth|22/100
|move|p1a: Kommo-o|Boomburst|p2a: Radiance
|-damage|p2a: Radiance|0 fnt
|faint|p2a: Radiance
|-end|p2a: Radiance|Quark Drive|[silent]
|
|upkeep
|
|t:|1769428942
|switch|p2a: Maybach Music|Gholdengo|100/100
|-item|p2a: Maybach Music|Air Balloon
|turn|27
|inactive|iconicwrecker has 120 seconds left.
|
|t:|1769428952
|move|p2a: Maybach Music|Make It Rain|p1a: Kommo-o
|-damage|p1a: Kommo-o|0 fnt
|-unboost|p2a: Maybach Music|spa|1
|faint|p1a: Kommo-o
|
|upkeep
|inactive|iconicwrecker has 120 seconds left.
|
|t:|1769428960
|switch|p1a: Skeledirge|Skeledirge, M, tera:Flying|36/100
|turn|28
|
|t:|1769428968
|move|p2a: Maybach Music|Nasty Plot|p2a: Maybach Music
|-boost|p2a: Maybach Music|spa|2
|move|p1a: Skeledirge|Hex|p2a: Maybach Music
|-supereffective|p2a: Maybach Music
|-damage|p2a: Maybach Music|40/100
|-enditem|p2a: Maybach Music|Air Balloon
|
|upkeep
|turn|29
|
|t:|1769428975
|move|p2a: Maybach Music|Thunderbolt|p1a: Skeledirge
|-supereffective|p1a: Skeledirge
|-damage|p1a: Skeledirge|0 fnt
|faint|p1a: Skeledirge
|
|upkeep
|
|t:|1769428980
|switch|p1a: Kingambit|Kingambit, M|32/100
|-activate|p1a: Kingambit|move: Sticky Web
|-unboost|p1a: Kingambit|spe|1
|-activate|p1a: Kingambit|ability: Supreme Overlord
|-start|p1a: Kingambit|fallen5|[silent]
|turn|30
|
|t:|1769428986
|move|p1a: Kingambit|Sucker Punch||[still]
|-fail|p1a: Kingambit
|move|p2a: Maybach Music|Nasty Plot|p2a: Maybach Music
|-boost|p2a: Maybach Music|spa|2
|
|upkeep
|turn|31
|
|t:|1769428991
|move|p1a: Kingambit|Sucker Punch||[still]
|-fail|p1a: Kingambit
|move|p2a: Maybach Music|Nasty Plot|p2a: Maybach Music
|-boost|p2a: Maybach Music|spa|2
|
|upkeep
|turn|32
|
|t:|1769428996
|move|p1a: Kingambit|Sucker Punch||[still]
|-fail|p1a: Kingambit
|move|p2a: Maybach Music|Nasty Plot|p2a: Maybach Music
|-boost|p2a: Maybach Music|spa|1
|
|upkeep
|turn|33
|
|t:|1769429002
|move|p1a: Kingambit|Sucker Punch||[still]
|-fail|p1a: Kingambit
|move|p2a: Maybach Music|Nasty Plot|p2a: Maybach Music
|-boost|p2a: Maybach Music|spa|0
|
|upkeep
|turn|34
|
|t:|1769429007
|move|p2a: Maybach Music|Nasty Plot|p2a: Maybach Music
|-boost|p2a: Maybach Music|spa|0
|move|p1a: Kingambit|Kowtow Cleave|p2a: Maybach Music
|-supereffective|p2a: Maybach Music
|-damage|p2a: Maybach Music|0 fnt
|faint|p2a: Maybach Music
|
|upkeep
|
|t:|1769429014
|switch|p2a: Don't Be Dumb|Great Tusk|60/100 brn
|turn|35
|
|t:|1769429017
|move|p1a: Kingambit|Sucker Punch|p2a: Don't Be Dumb
|-resisted|p2a: Don't Be Dumb
|-damage|p2a: Don't Be Dumb|37/100 brn
|-damage|p1a: Kingambit|16/100|[from] item: Rocky Helmet|[of] p2a: Don't Be Dumb
|move|p2a: Don't Be Dumb|Close Combat|p1a: Kingambit
|-supereffective|p1a: Kingambit
|-damage|p1a: Kingambit|0 fnt
|-unboost|p2a: Don't Be Dumb|def|1
|-unboost|p2a: Don't Be Dumb|spd|1
|faint|p1a: Kingambit
|-end|p1a: Kingambit|fallen5|[silent]
|
|win|igolavieestbelle
|raw|iconicwrecker's rating: 1363 &rarr; <strong>1346</strong><br />(-17 for losing)
|raw|igolavieestbelle's rating: 1423 &rarr; <strong>1440</strong><br />(+17 for winning)
|l|☆iconicwrecker
|player|p1|
|l|☆igolavieestbelle
|player|p2|
