|j|☆rblt ryo
|j|☆Tumbletown
|t:|1769375867
|gametype|singles
|player|p1|rblt ryo|dawn|1739
|player|p2|Tumbletown|hilda|1735
|gen|9
|tier|[Gen 9] OU
|rated|
|rule|HP Percentage Mod: HP is shown in percentages
|rule|Endless Battle Clause: Forcing endless battles is banned
|rule|Species Clause: Limit one of each Pokémon
|rule|OHKO Clause: OHKO moves are banned
|rule|Evasion Items Clause: Evasion items are banned
|rule|Evasion Moves Clause: Evasion moves are banned
|rule|Evasion Abilities Clause: Evasion abilities are banned
|rule|Sleep Moves Clause: Sleep-inducing moves are banned
|clearpoke
|poke|p1|Volcanion|
|poke|p1|Slowking-Galar, F|
|poke|p1|Zamazenta-*|
|poke|p1|Corviknight, F|
|poke|p1|Hatterene, F|
|poke|p1|Ting-Lu|
|poke|p2|Barraskewda, F|
|poke|p2|Pelipper, M|
|poke|p2|Raging Bolt|
|poke|p2|Iron Treads|
|poke|p2|Zapdos|
|poke|p2|Indeedee, M|
|teampreview
|
|t:|1769375902
|teamsize|p1|6
|teamsize|p2|6
|start
|switch|p1a: Volcanion|Volcanion|100/100
|switch|p2a: Pelipper|Pelipper, M|100/100
|-weather|RainDance|[from] ability: Drizzle|[of] p2a: Pelipper
|turn|1
|
|t:|1769375909
|switch|p2a: Raging Bolt|Raging Bolt|100/100
|move|p1a: Volcanion|Steam Eruption|p2a: Raging Bolt
|-resisted|p2a: Raging Bolt
|-damage|p2a: Raging Bolt|42/100
|
|-weather|RainDance|[upkeep]
|upkeep
|turn|2
|
|t:|1769375927
|-terastallize|p1a: Volcanion|Ground
|move|p2a: Raging Bolt|Thunderclap|p1a: Volcanion
|-immune|p1a: Volcanion
|move|p1a: Volcanion|Steam Eruption|p2a: Raging Bolt
|-resisted|p2a: Raging Bolt
|-damage|p2a: Raging Bolt|0 fnt
|faint|p2a: Raging Bolt
|-end|p2a: Raging Bolt|Protosynthesis|[silent]
|
|-weather|RainDance|[upkeep]
|upkeep
|
|t:|1769375950
|switch|p2a: Barraskewda|Barraskewda, F, shiny|100/100
|turn|3
|
|t:|1769375954
|move|p2a: Barraskewda|Close Combat|p1a: Volcanion
|-damage|p1a: Volcanion|36/100
|-unboost|p2a: Barraskewda|def|1
|-unboost|p2a: Barraskewda|spd|1
|move|p1a: Volcanion|Steam Eruption|p2a: Barraskewda
|-resisted|p2a: Barraskewda
|-damage|p2a: Barraskewda|0 fnt
|faint|p2a: Barraskewda
|
|-weather|RainDance|[upkeep]
|upkeep
|
|t:|1769375960
|switch|p2a: Zapdos|Zapdos|100/100
|turn|4
|
|t:|1769375982
|move|p2a: Zapdos|Hurricane|p1a: Volcanion
|-damage|p1a: Volcanion|0 fnt
|faint|p1a: Volcanion
|
|-weather|RainDance|[upkeep]
|upkeep
|
|t:|1769375987
|switch|p1a: Slowking|Slowking-Galar, F, shiny|100/100
|turn|5
|
|t:|1769375993
|move|p2a: Zapdos|U-turn|p1a: Slowking
|-damage|p1a: Slowking|91/100
|
|t:|1769375997
|switch|p2a: Iron Treads|Iron Treads|100/100|[from] U-turn
|-item|p2a: Iron Treads|Air Balloon
|move|p1a: Slowking|Trick|p2a: Iron Treads
|-activate|p1a: Slowking|move: Trick|[of] p2a: Iron Treads
|-item|p2a: Iron Treads|Black Sludge|[from] move: Trick
|-item|p1a: Slowking|Air Balloon
|-item|p1a: Slowking|Air Balloon|[from] move: Trick
|
|-weather|RainDance|[upkeep]
|-damage|p2a: Iron Treads|88/100|[from] item: Black Sludge
|upkeep
|turn|6
|
|t:|1769376005
|move|p2a: Iron Treads|Knock Off|p1a: Slowking
|-supereffective|p1a: Slowking
|-damage|p1a: Slowking|52/100
|-enditem|p1a: Slowking|Air Balloon
|move|p1a: Slowking|Future Sight|p2a: Iron Treads
|-start|p1a: Slowking|move: Future Sight
|
|-weather|RainDance|[upkeep]
|-damage|p2a: Iron Treads|76/100|[from] item: Black Sludge
|upkeep
|turn|7
|j| N Binary
|
|t:|1769376011
|switch|p1a: Corviknight|Corviknight, F, shiny|100/100
|-ability|p1a: Corviknight|Pressure
|move|p2a: Iron Treads|Stealth Rock|p1a: Corviknight
|-sidestart|p1: rblt ryo|move: Stealth Rock
|
|-weather|RainDance|[upkeep]
|-damage|p2a: Iron Treads|64/100|[from] item: Black Sludge
|upkeep
|turn|8
|
|t:|1769376019
|move|p2a: Iron Treads|Knock Off|p1a: Corviknight
|-damage|p1a: Corviknight|86/100
|-damage|p2a: Iron Treads|47/100|[from] item: Rocky Helmet|[of] p1a: Corviknight
|-enditem|p1a: Corviknight|Rocky Helmet|[from] move: Knock Off|[of] p2a: Iron Treads
|move|p1a: Corviknight|Defog|p2a: Iron Treads
|-unboost|p2a: Iron Treads|evasion|1
|-sideend|p1: rblt ryo|Stealth Rock|[from] move: Defog|[of] p1a: Corviknight
|
|-weather|none
|-end|p2a: Iron Treads|move: Future Sight
|-resisted|p2a: Iron Treads
|-damage|p2a: Iron Treads|30/100
|-damage|p2a: Iron Treads|18/100|[from] item: Black Sludge
|upkeep
|turn|9
|
|t:|1769376023
|move|p2a: Iron Treads|Stealth Rock|p1a: Corviknight
|-sidestart|p1: rblt ryo|move: Stealth Rock
|move|p1a: Corviknight|Defog|p2a: Iron Treads
|-unboost|p2a: Iron Treads|evasion|1
|-sideend|p1: rblt ryo|Stealth Rock|[from] move: Defog|[of] p1a: Corviknight
|
|-damage|p2a: Iron Treads|6/100|[from] item: Black Sludge
|upkeep
|turn|10
|
|t:|1769376027
|-end|p2a: Iron Treads|Quark Drive|[silent]
|switch|p2a: Pelipper|Pelipper, M|100/100
|-weather|RainDance|[from] ability: Drizzle|[of] p2a: Pelipper
|move|p1a: Corviknight|Defog|p2a: Pelipper
|-unboost|p2a: Pelipper|evasion|1
|
|-weather|RainDance|[upkeep]
|upkeep
|turn|11
|
|t:|1769376040
|switch|p1a: Slowking|Slowking-Galar, F, shiny|85/100
|move|p2a: Pelipper|U-turn|p1a: Slowking
|-damage|p1a: Slowking|78/100
|
|t:|1769376049
|switch|p2a: Zapdos|Zapdos|100/100|[from] U-turn
|
|-weather|RainDance|[upkeep]
|upkeep
|turn|12
|
|t:|1769376052
|-terastallize|p2a: Zapdos|Flying
|move|p2a: Zapdos|Hurricane|p1a: Slowking
|-damage|p1a: Slowking|17/100
|-start|p1a: Slowking|confusion
|-prepare|p1a: Slowking|Chilly Reception|[premajor]
|-activate|p1a: Slowking|confusion
|move|p1a: Slowking|Chilly Reception|p1a: Slowking
|-weather|Snowscape
|
|t:|1769376061
|switch|p1a: Ting-Lu|Ting-Lu|100/100|[from] Chilly Reception
|-ability|p1a: Ting-Lu|Vessel of Ruin
|
|-weather|Snowscape|[upkeep]
|upkeep
|turn|13
|
|t:|1769376070
|move|p2a: Zapdos|U-turn|p1a: Ting-Lu
|-supereffective|p1a: Ting-Lu
|-damage|p1a: Ting-Lu|85/100
|
|t:|1769376071
|switch|p2a: Pelipper|Pelipper, M|100/100|[from] U-turn
|-weather|RainDance|[from] ability: Drizzle|[of] p2a: Pelipper
|move|p1a: Ting-Lu|Payback|p2a: Pelipper
|-damage|p2a: Pelipper|85/100
|
|-weather|RainDance|[upkeep]
|-heal|p1a: Ting-Lu|91/100|[from] item: Leftovers
|upkeep
|turn|14
|
|t:|1769376080
|switch|p1a: Zamazenta|Zamazenta|100/100
|-ability|p1a: Zamazenta|Dauntless Shield|boost
|-boost|p1a: Zamazenta|def|1
|move|p2a: Pelipper|Surf|p1a: Zamazenta
|-damage|p1a: Zamazenta|58/100
|
|-weather|RainDance|[upkeep]
|upkeep
|turn|15
|
|t:|1769376087
|move|p1a: Zamazenta|Stone Edge|p2a: Pelipper
|-supereffective|p2a: Pelipper
|-damage|p2a: Pelipper|4/100
|move|p2a: Pelipper|Hurricane|p1a: Zamazenta
|-supereffective|p1a: Zamazenta
|-damage|p1a: Zamazenta|0 fnt
|faint|p1a: Zamazenta
|
|-weather|RainDance|[upkeep]
|upkeep
|j| turquoiselink
|
|t:|1769376101
|switch|p1a: Slowking|Slowking-Galar, F, shiny|50/100
|turn|16
|
|t:|1769376105
|switch|p1a: Corviknight|Corviknight, F, shiny|86/100
|-ability|p1a: Corviknight|Pressure
|move|p2a: Pelipper|Roost|p2a: Pelipper
|-heal|p2a: Pelipper|54/100
|-singleturn|p2a: Pelipper|move: Roost
|
|-weather|RainDance|[upkeep]
|upkeep
|turn|17
|
|t:|1769376125
|switch|p1a: Slowking|Slowking-Galar, F, shiny|83/100
|move|p2a: Pelipper|Roost|p2a: Pelipper
|-heal|p2a: Pelipper|100/100
|-singleturn|p2a: Pelipper|move: Roost
|
|-weather|RainDance|[upkeep]
|upkeep
|turn|18
|
|t:|1769376134
|switch|p2a: Iron Treads|Iron Treads|6/100
|-prepare|p1a: Slowking|Chilly Reception|[premajor]
|move|p1a: Slowking|Chilly Reception|p1a: Slowking
|-weather|Snowscape
|
|t:|1769376141
|switch|p1a: Hatterene|Hatterene, F|100/100|[from] Chilly Reception
|
|-weather|Snowscape|[upkeep]
|-damage|p2a: Iron Treads|0 fnt|[from] item: Black Sludge
|faint|p2a: Iron Treads
|-end|p2a: Iron Treads|Quark Drive|[silent]
|upkeep
|
|t:|1769376151
|switch|p2a: Indeedee|Indeedee, M|100/100
|-fieldstart|move: Psychic Terrain|[from] ability: Psychic Surge|[of] p2a: Indeedee
|turn|19
|
|t:|1769376162
|move|p2a: Indeedee|Trick|p1a: Hatterene
|-activate|p2a: Indeedee|move: Trick|[of] p1a: Hatterene
|-item|p1a: Hatterene|Choice Scarf|[from] move: Trick
|-item|p2a: Indeedee|Rocky Helmet|[from] move: Trick
|move|p1a: Hatterene|Nuzzle|p2a: Indeedee
|-damage|p2a: Indeedee|92/100
|-status|p2a: Indeedee|par
|-damage|p1a: Hatterene|84/100|[from] item: Rocky Helmet|[of] p2a: Indeedee
|
|-weather|Snowscape|[upkeep]
|upkeep
|turn|20
|
|t:|1769376174
|switch|p1a: Ting-Lu|Ting-Lu|91/100
|-ability|p1a: Ting-Lu|Vessel of Ruin
|move|p2a: Indeedee|Expanding Force|p1a: Ting-Lu
|-immune|p1a: Ting-Lu
|
|-weather|Snowscape|[upkeep]
|-heal|p1a: Ting-Lu|97/100|[from] item: Leftovers
|upkeep
|turn|21
|
|t:|1769376189
|switch|p2a: Pelipper|Pelipper, M|100/100
|-weather|RainDance|[from] ability: Drizzle|[of] p2a: Pelipper
|switch|p1a: Slowking|Slowking-Galar, F, shiny|100/100
|
|-weather|RainDance|[upkeep]
|upkeep
|turn|22
|
|t:|1769376201
|switch|p2a: Indeedee|Indeedee, M|92/100 par
|move|p1a: Slowking|Sludge Bomb|p2a: Indeedee
|-damage|p2a: Indeedee|43/100 par
|
|-weather|RainDance|[upkeep]
|upkeep
|turn|23
|
|t:|1769376211
|cant|p2a: Indeedee|par
|-prepare|p1a: Slowking|Chilly Reception|[premajor]
|move|p1a: Slowking|Chilly Reception|p1a: Slowking
|-weather|Snowscape
|
|t:|1769376213
|switch|p1a: Ting-Lu|Ting-Lu|97/100|[from] Chilly Reception
|-ability|p1a: Ting-Lu|Vessel of Ruin
|
|-weather|Snowscape|[upkeep]
|-heal|p1a: Ting-Lu|100/100|[from] item: Leftovers
|-fieldend|move: Psychic Terrain
|upkeep
|turn|24
|
|t:|1769376218
|switch|p1a: Slowking|Slowking-Galar, F, shiny|100/100
|cant|p2a: Indeedee|par
|
|-weather|Snowscape|[upkeep]
|upkeep
|turn|25
|
|t:|1769376255
|move|p2a: Indeedee|Healing Wish|p2a: Indeedee
|faint|p2a: Indeedee
|move|p1a: Slowking|Future Sight|p2: Indeedee
|-start|p1a: Slowking|move: Future Sight
|
|-weather|Snowscape|[upkeep]
|upkeep
|
|t:|1769376259
|switch|p2a: Zapdos|Zapdos, tera:Flying|100/100
|turn|26
|
|t:|1769376265
|move|p2a: Zapdos|Hurricane|p1a: Slowking
|-damage|p1a: Slowking|47/100
|move|p1a: Slowking|Sludge Bomb|p2a: Zapdos
|-damage|p2a: Zapdos|60/100
|-status|p2a: Zapdos|psn
|
|-weather|Snowscape|[upkeep]
|-damage|p2a: Zapdos|48/100 psn|[from] psn
|upkeep
|turn|27
|
|t:|1769376280
|move|p2a: Zapdos|Hurricane|p1a: Slowking|[miss]
|-miss|p2a: Zapdos|p1a: Slowking
|-prepare|p1a: Slowking|Chilly Reception|[premajor]
|move|p1a: Slowking|Chilly Reception|p1a: Slowking
|
|t:|1769376283
|switch|p1a: Ting-Lu|Ting-Lu|100/100|[from] Chilly Reception
|-ability|p1a: Ting-Lu|Vessel of Ruin
|
|-weather|none
|-end|p2a: Zapdos|move: Future Sight
|-damage|p2a: Zapdos|6/100 psn
|-damage|p2a: Zapdos|0 fnt|[from] psn
|faint|p2a: Zapdos
|upkeep
|
|t:|1769376285
|switch|p2a: Pelipper|Pelipper, M|100/100
|-weather|RainDance|[from] ability: Drizzle|[of] p2a: Pelipper
|turn|28
|l| N Binary
|
|t:|1769376294
|move|p1a: Ting-Lu|Rest|p1a: Ting-Lu
|-fail|p1a: Ting-Lu|heal
|move|p2a: Pelipper|Surf|p1a: Ting-Lu
|-supereffective|p1a: Ting-Lu
|-crit|p1a: Ting-Lu
|-damage|p1a: Ting-Lu|42/100
|
|-weather|RainDance|[upkeep]
|-heal|p1a: Ting-Lu|48/100|[from] item: Leftovers
|upkeep
|turn|29
|
|t:|1769376302
|move|p1a: Ting-Lu|Rest|p1a: Ting-Lu
|-status|p1a: Ting-Lu|slp|[from] move: Rest
|-heal|p1a: Ting-Lu|100/100 slp|[silent]
|move|p2a: Pelipper|Surf|p1a: Ting-Lu
|-supereffective|p1a: Ting-Lu
|-damage|p1a: Ting-Lu|60/100 slp
|
|-weather|RainDance|[upkeep]
|-heal|p1a: Ting-Lu|67/100 slp|[from] item: Leftovers
|upkeep
|turn|30
|
|t:|1769376314
|switch|p1a: Corviknight|Corviknight, F, shiny|86/100
|-ability|p1a: Corviknight|Pressure
|move|p2a: Pelipper|Surf|p1a: Corviknight
|-damage|p1a: Corviknight|42/100
|
|-weather|RainDance|[upkeep]
|upkeep
|turn|31
|
|t:|1769376319
|move|p1a: Corviknight|Roost|p1a: Corviknight
|-heal|p1a: Corviknight|92/100
|-singleturn|p1a: Corviknight|move: Roost
|move|p2a: Pelipper|Surf|p1a: Corviknight
|-damage|p1a: Corviknight|45/100
|
|-weather|RainDance|[upkeep]
|upkeep
|turn|32
|
|t:|1769376326
|move|p1a: Corviknight|Roost|p1a: Corviknight
|-heal|p1a: Corviknight|95/100
|-singleturn|p1a: Corviknight|move: Roost
|move|p2a: Pelipper|Surf|p1a: Corviknight
|-damage|p1a: Corviknight|53/100
|
|-weather|RainDance|[upkeep]
|upkeep
|turn|33
|
|t:|1769376333
|move|p1a: Corviknight|Roost|p1a: Corviknight
|-heal|p1a: Corviknight|100/100
|-singleturn|p1a: Corviknight|move: Roost
|move|p2a: Pelipper|Surf|p1a: Corviknight
|-damage|p1a: Corviknight|56/100
|
|-weather|RainDance|[upkeep]
|upkeep
|turn|34
|
|t:|1769376341
|move|p1a: Corviknight|Roost|p1a: Corviknight
|-heal|p1a: Corviknight|100/100
|-singleturn|p1a: Corviknight|move: Roost
|move|p2a: Pelipper|Surf|p1a: Corviknight
|-damage|p1a: Corviknight|54/100
|
|-weather|RainDance|[upkeep]
|upkeep
|turn|35
|
|t:|1769376349
|move|p1a: Corviknight|Roost|p1a: Corviknight
|-heal|p1a: Corviknight|100/100
|-singleturn|p1a: Corviknight|move: Roost
|move|p2a: Pelipper|Surf|p1a: Corviknight
|-damage|p1a: Corviknight|54/100
|
|-weather|none
|upkeep
|turn|36
|
|t:|1769376356
|move|p1a: Corviknight|Iron Defense|p1a: Corviknight
|-boost|p1a: Corviknight|def|2
|move|p2a: Pelipper|Surf|p1a: Corviknight
|-damage|p1a: Corviknight|22/100
|
|upkeep
|turn|37
|
|t:|1769376362
|move|p1a: Corviknight|Roost|p1a: Corviknight
|-heal|p1a: Corviknight|72/100
|-singleturn|p1a: Corviknight|move: Roost
|move|p2a: Pelipper|Roost||[still]
|-fail|p2a: Pelipper|heal
|
|upkeep
|turn|38
|
|t:|1769376368
|move|p1a: Corviknight|Iron Defense|p1a: Corviknight
|-boost|p1a: Corviknight|def|2
|move|p2a: Pelipper|Surf|p1a: Corviknight
|-damage|p1a: Corviknight|44/100
|
|upkeep
|turn|39
|
|t:|1769376374
|move|p1a: Corviknight|Roost|p1a: Corviknight
|-heal|p1a: Corviknight|94/100
|-singleturn|p1a: Corviknight|move: Roost
|move|p2a: Pelipper|Surf|p1a: Corviknight
|-damage|p1a: Corviknight|64/100
|
|upkeep
|turn|40
|
|t:|1769376378
|move|p1a: Corviknight|Iron Defense|p1a: Corviknight
|-boost|p1a: Corviknight|def|2
|move|p2a: Pelipper|Surf|p1a: Corviknight
|-damage|p1a: Corviknight|36/100
|
|upkeep
|turn|41
|
|t:|1769376381
|move|p1a: Corviknight|Roost|p1a: Corviknight
|-heal|p1a: Corviknight|86/100
|-singleturn|p1a: Corviknight|move: Roost
|move|p2a: Pelipper|Surf|p1a: Corviknight
|-damage|p1a: Corviknight|55/100
|
|upkeep
|turn|42
|
|t:|1769376388
|move|p1a: Corviknight|Body Press|p2a: Pelipper
|-resisted|p2a: Pelipper
|-damage|p2a: Pelipper|58/100
|move|p2a: Pelipper|Hurricane|p1a: Corviknight
|-resisted|p1a: Corviknight
|-damage|p1a: Corviknight|36/100
|
|upkeep
|turn|43
|
|t:|1769376395
|move|p1a: Corviknight|Body Press|p2a: Pelipper
|-resisted|p2a: Pelipper
|-damage|p2a: Pelipper|16/100
|move|p2a: Pelipper|Roost|p2a: Pelipper
|-heal|p2a: Pelipper|66/100
|-singleturn|p2a: Pelipper|move: Roost
|
|upkeep
|turn|44
|
|t:|1769376400
|move|p1a: Corviknight|Body Press|p2a: Pelipper
|-resisted|p2a: Pelipper
|-damage|p2a: Pelipper|26/100
|move|p2a: Pelipper|Roost|p2a: Pelipper
|-heal|p2a: Pelipper|76/100
|-singleturn|p2a: Pelipper|move: Roost
|
|upkeep
|turn|45
|l| turquoiselink
|
|t:|1769376406
|move|p1a: Corviknight|Body Press|p2a: Pelipper
|-resisted|p2a: Pelipper
|-damage|p2a: Pelipper|38/100
|move|p2a: Pelipper|Roost|p2a: Pelipper
|-heal|p2a: Pelipper|88/100
|-singleturn|p2a: Pelipper|move: Roost
|
|upkeep
|turn|46
|
|t:|1769376412
|move|p1a: Corviknight|Body Press|p2a: Pelipper
|-resisted|p2a: Pelipper
|-damage|p2a: Pelipper|45/100
|move|p2a: Pelipper|Roost|p2a: Pelipper
|-heal|p2a: Pelipper|95/100
|-singleturn|p2a: Pelipper|move: Roost
|
|upkeep
|turn|47
|
|t:|1769376418
|move|p1a: Corviknight|Body Press|p2a: Pelipper
|-resisted|p2a: Pelipper
|-damage|p2a: Pelipper|57/100
|move|p2a: Pelipper|Hurricane|p1a: Corviknight
|-resisted|p1a: Corviknight
|-damage|p1a: Corviknight|17/100
|
|upkeep
|turn|48
|
|t:|1769376426
|move|p1a: Corviknight|Body Press|p2a: Pelipper
|-resisted|p2a: Pelipper
|-damage|p2a: Pelipper|14/100
|move|p2a: Pelipper|Roost|p2a: Pelipper
|-heal|p2a: Pelipper|64/100
|-singleturn|p2a: Pelipper|move: Roost
|
|upkeep
|turn|49
|
|t:|1769376431
|move|p1a: Corviknight|Body Press|p2a: Pelipper
|-resisted|p2a: Pelipper
|-damage|p2a: Pelipper|25/100
|move|p2a: Pelipper|Hurricane|p1a: Corviknight|[miss]
|-miss|p2a: Pelipper|p1a: Corviknight
|
|upkeep
|turn|50
|
|t:|1769376439
|move|p1a: Corviknight|Body Press|p2a: Pelipper
|-resisted|p2a: Pelipper
|-damage|p2a: Pelipper|0 fnt
|faint|p2a: Pelipper
|
|win|rblt ryo
|raw|rblt ryo's rating: 1739 &rarr; <strong>1759</strong><br />(+20 for winning)
|raw|Tumbletown's rating: 1735 &rarr; <strong>1715</strong><br />(-20 for losing)
|l|☆Tumbletown
|player|p2|
