|j|☆bvbg
|j|☆Shalimarrrr
|t:|1769416461
|gametype|singles
|player|p1|bvbg|1|1546
|player|p2|Shalimarrrr|iono|1512
|gen|9
|tier|[Gen 9] OU
|rated|
|rule|HP Percentage Mod: HP is shown in percentages
|rule|Endless Battle Clause: Forcing endless battles is banned
|rule|Species Clause: Limit one of each Pokémon
|rule|OHKO Clause: OHKO moves are banned
|rule|Evasion Items Clause: Evasion items are banned
|rule|Evasion Moves Clause: Evasion moves are banned
|rule|Evasion Abilities Clause: Evasion abilities are banned
|rule|Sleep Moves Clause: Sleep-inducing moves are banned
|clearpoke
|poke|p1|Landorus-Therian, M|
|poke|p1|Enamorus, F|
|poke|p1|Ogerpon-Wellspring, F|
|poke|p1|Scizor, M|
|poke|p1|Okidogi, M|
|poke|p1|Armarouge, M|
|poke|p2|Walking Wake|
|poke|p2|Maushold|
|poke|p2|Azumarill, F|
|poke|p2|Kingambit, F|
|poke|p2|Dragapult, M|
|poke|p2|Great Tusk|
|teampreview
|inactive|Battle timer is ON: inactive players will automatically lose when time's up. (requested by bvbg)
|
|t:|1769416470
|teamsize|p1|6
|teamsize|p2|6
|start
|switch|p1a: Enamorus|Enamorus, F|100/100
|switch|p2a: Dragapult|Dragapult, M|100/100
|turn|1
|j| mewsiamang
|
|t:|1769416477
|move|p1a: Enamorus|Moonblast|p2a: Dragapult
|-supereffective|p2a: Dragapult
|-enditem|p2a: Dragapult|Focus Sash
|-damage|p2a: Dragapult|1/100
|move|p2a: Dragapult|Thunder Wave|p1a: Enamorus
|-status|p1a: Enamorus|par
|
|upkeep
|turn|2
|
|t:|1769416491
|move|p2a: Dragapult|Hex|p1a: Enamorus
|-damage|p1a: Enamorus|19/100 par
|move|p1a: Enamorus|Moonblast|p2a: Dragapult
|-supereffective|p2a: Dragapult
|-damage|p2a: Dragapult|0 fnt
|faint|p2a: Dragapult
|
|upkeep
|inactive|Shalimarrrr has 120 seconds left.
|
|t:|1769416517
|switch|p2a: Kingambit|Kingambit, F|100/100
|-activate|p2a: Kingambit|ability: Supreme Overlord
|-start|p2a: Kingambit|fallen1|[silent]
|turn|3
|
|t:|1769416520
|move|p1a: Enamorus|Moonblast|p2a: Kingambit
|-damage|p2a: Kingambit|39/100
|-unboost|p2a: Kingambit|spa|1
|move|p2a: Kingambit|Swords Dance|p2a: Kingambit
|-boost|p2a: Kingambit|atk|2
|
|upkeep
|turn|4
|
|t:|1769416528
|move|p2a: Kingambit|Sucker Punch|p1a: Enamorus
|-resisted|p1a: Enamorus
|-damage|p1a: Enamorus|0 fnt
|faint|p1a: Enamorus
|
|upkeep
|
|t:|1769416534
|switch|p1a: Landorus|Landorus-Therian, M|100/100
|-ability|p1a: Landorus|Intimidate|boost
|-unboost|p2a: Kingambit|atk|1
|turn|5
|
|t:|1769416537
|move|p2a: Kingambit|Sucker Punch|p1a: Landorus
|-damage|p1a: Landorus|8/100
|-damage|p2a: Kingambit|22/100|[from] item: Rocky Helmet|[of] p1a: Landorus
|move|p1a: Landorus|Earthquake|p2a: Kingambit
|-supereffective|p2a: Kingambit
|-damage|p2a: Kingambit|0 fnt
|faint|p2a: Kingambit
|-end|p2a: Kingambit|fallen1|[silent]
|
|upkeep
|
|t:|1769416540
|switch|p2a: Walking Wake|Walking Wake|100/100
|-enditem|p2a: Walking Wake|Booster Energy
|-activate|p2a: Walking Wake|ability: Protosynthesis|[fromitem]
|-start|p2a: Walking Wake|protosynthesisspa
|turn|6
|
|t:|1769416546
|move|p1a: Landorus|Earthquake|p2a: Walking Wake
|-damage|p2a: Walking Wake|38/100
|move|p2a: Walking Wake|Agility|p2a: Walking Wake
|-boost|p2a: Walking Wake|spe|2
|
|upkeep
|turn|7
|
|t:|1769416553
|move|p2a: Walking Wake|Dragon Pulse|p1a: Landorus
|-damage|p1a: Landorus|0 fnt
|faint|p1a: Landorus
|
|upkeep
|
|t:|1769416558
|switch|p1a: Okidogi|Okidogi, M|100/100
|turn|8
|
|t:|1769416561
|move|p2a: Walking Wake|Surf|p1a: Okidogi
|-damage|p1a: Okidogi|54/100
|move|p1a: Okidogi|Drain Punch|p2a: Walking Wake
|-damage|p2a: Walking Wake|0 fnt
|-heal|p1a: Okidogi|71/100|[from] drain|[of] p2a: Walking Wake
|faint|p2a: Walking Wake
|-end|p2a: Walking Wake|Protosynthesis|[silent]
|
|upkeep
|
|t:|1769416565
|switch|p2a: Tandemauss|Maushold|100/100
|turn|9
|
|t:|1769416572
|move|p2a: Tandemauss|Population Bomb|p1a: Okidogi
|-damage|p1a: Okidogi|63/100
|-damage|p1a: Okidogi|54/100
|-damage|p1a: Okidogi|44/100
|-damage|p1a: Okidogi|35/100
|-damage|p1a: Okidogi|26/100
|-damage|p1a: Okidogi|18/100
|-damage|p1a: Okidogi|9/100
|-damage|p1a: Okidogi|0 fnt
|faint|p1a: Okidogi
|-hitcount|p1: Okidogi|8
|
|upkeep
|
|t:|1769416580
|switch|p1a: Scizor|Scizor, M|100/100
|turn|10
|inactive|Shalimarrrr has 120 seconds left.
|
|t:|1769416616
|switch|p2a: Great Tusk|Great Tusk|100/100
|move|p1a: Scizor|Knock Off|p2a: Great Tusk
|-resisted|p2a: Great Tusk
|-damage|p2a: Great Tusk|88/100
|-enditem|p2a: Great Tusk|Eject Pack|[from] move: Knock Off|[of] p1a: Scizor
|
|upkeep
|turn|11
|
|t:|1769416620
|move|p2a: Great Tusk|Knock Off|p1a: Scizor
|-damage|p1a: Scizor|67/100
|-enditem|p1a: Scizor|Sitrus Berry|[from] move: Knock Off|[of] p2a: Great Tusk
|move|p1a: Scizor|U-turn|p2a: Great Tusk
|-resisted|p2a: Great Tusk
|-damage|p2a: Great Tusk|74/100
|
|t:|1769416624
|switch|p1a: Ogerpon|Ogerpon-Wellspring, F|100/100|[from] U-turn
|
|upkeep
|turn|12
|
|t:|1769416630
|move|p1a: Ogerpon|Trailblaze|p2a: Great Tusk
|-supereffective|p2a: Great Tusk
|-damage|p2a: Great Tusk|27/100
|-boost|p1a: Ogerpon|spe|1
|move|p2a: Great Tusk|Close Combat|p1a: Ogerpon
|-damage|p1a: Ogerpon|24/100
|-unboost|p2a: Great Tusk|def|1
|-unboost|p2a: Great Tusk|spd|1
|
|upkeep
|turn|13
|
|t:|1769416634
|move|p1a: Ogerpon|Trailblaze|p2a: Great Tusk
|-supereffective|p2a: Great Tusk
|-damage|p2a: Great Tusk|0 fnt
|-boost|p1a: Ogerpon|spe|1
|faint|p2a: Great Tusk
|-end|p2a: Great Tusk|Protosynthesis|[silent]
|
|upkeep
|
|t:|1769416639
|switch|p2a: Azumarill|Azumarill, F, shiny|100/100
|turn|14
|
|t:|1769416654
|-terastallize|p2a: Azumarill|Steel
|move|p1a: Ogerpon|Trailblaze|p2a: Azumarill
|-resisted|p2a: Azumarill
|-damage|p2a: Azumarill|79/100
|-boost|p1a: Ogerpon|spe|1
|move|p2a: Azumarill|Belly Drum|p2a: Azumarill
|-damage|p2a: Azumarill|29/100
|-setboost|p2a: Azumarill|atk|6|[from] move: Belly Drum
|-enditem|p2a: Azumarill|Sitrus Berry|[eat]
|-heal|p2a: Azumarill|54/100|[from] item: Sitrus Berry
|
|upkeep
|turn|15
|
|t:|1769416668
|move|p1a: Ogerpon|Ivy Cudgel|p2a: Azumarill|[anim] Ivy Cudgel Water
|-damage|p2a: Azumarill|0 fnt
|faint|p2a: Azumarill
|
|upkeep
|
|t:|1769416672
|switch|p2a: Tandemauss|Maushold|100/100
|turn|16
|
|t:|1769416678
|move|p1a: Ogerpon|Ivy Cudgel|p2a: Tandemauss|[anim] Ivy Cudgel Water
|-crit|p2a: Tandemauss
|-damage|p2a: Tandemauss|0 fnt
|faint|p2a: Tandemauss
|
|win|bvbg
|raw|bvbg's rating: 1546 &rarr; <strong>1564</strong><br />(+18 for winning)
|raw|Shalimarrrr's rating: 1512 &rarr; <strong>1494</strong><br />(-18 for losing)
|l|☆Shalimarrrr
|player|p2|
|l| mewsiamang
|l|☆bvbg
|player|p1|
