|j|☆Echoes4
|j|☆Mondeydoo
|t:|1769443852
|gametype|singles
|player|p1|Echoes4|brock|1196
|player|p2|Mondeydoo|fisherman|1235
|gen|9
|tier|[Gen 9] OU
|rated|
|rule|HP Percentage Mod: HP is shown in percentages
|rule|Endless Battle Clause: Forcing endless battles is banned
|rule|Species Clause: Limit one of each Pokémon
|rule|OHKO Clause: OHKO moves are banned
|rule|Evasion Items Clause: Evasion items are banned
|rule|Evasion Moves Clause: Evasion moves are banned
|rule|Evasion Abilities Clause: Evasion abilities are banned
|rule|Sleep Moves Clause: Sleep-inducing moves are banned
|clearpoke
|poke|p1|Great Tusk|
|poke|p1|Gliscor, M|
|poke|p1|Rotom-Wash|
|poke|p1|Mimikyu, M|
|poke|p1|Arcanine, M|
|poke|p1|Iron Crown|
|poke|p2|Glastrier|
|poke|p2|Thundurus, M|
|poke|p2|Diancie|
|poke|p2|Gyarados, F|
|poke|p2|Avalugg-Hisui, F|
|poke|p2|Zamazenta-*|
|teampreview
|inactive|Battle timer is ON: inactive players will automatically lose when time's up. (requested by Mondeydoo)
|
|t:|1769443877
|teamsize|p1|6
|teamsize|p2|6
|start
|switch|p1a: Big Jimbo|Great Tusk|100/100
|switch|p2a: Thundurus|Thundurus, M, shiny|100/100
|turn|1
|
|t:|1769443885
|move|p2a: Thundurus|Substitute|p2a: Thundurus
|-start|p2a: Thundurus|Substitute
|-damage|p2a: Thundurus|75/100
|move|p1a: Big Jimbo|Rapid Spin|p2a: Thundurus
|-end|p2a: Thundurus|Substitute
|-boost|p1a: Big Jimbo|spe|1
|-enditem|p2a: Thundurus|Mirror Herb
|-boost|p2a: Thundurus|spe|1|[from] item: Mirror Herb
|
|upkeep
|turn|2
|
|t:|1769443893
|move|p2a: Thundurus|Swagger|p1a: Big Jimbo
|-boost|p1a: Big Jimbo|atk|2
|-start|p1a: Big Jimbo|confusion
|-activate|p1a: Big Jimbo|confusion
|move|p1a: Big Jimbo|Ice Spinner|p2a: Thundurus
|-supereffective|p2a: Thundurus
|-damage|p2a: Thundurus|0 fnt
|faint|p2a: Thundurus
|
|upkeep
|
|t:|1769443901
|switch|p2a: Diancie|Diancie, shiny|100/100
|turn|3
|
|t:|1769443907
|-activate|p1a: Big Jimbo|confusion
|-damage|p1a: Big Jimbo|83/100|[from] confusion
|move|p2a: Diancie|Trick Room|p2a: Diancie
|-fieldstart|move: Trick Room|[of] p2a: Diancie
|
|upkeep
|turn|4
|
|t:|1769443915
|-end|p1a: Big Jimbo|Protosynthesis|[silent]
|switch|p1a: Rotom|Rotom-Wash|100/100
|move|p2a: Diancie|Draining Kiss|p1a: Rotom
|-damage|p1a: Rotom|71/100
|
|upkeep
|turn|5
|
|t:|1769443921
|move|p2a: Diancie|Meteor Beam||[still]
|-prepare|p2a: Diancie|Meteor Beam
|-boost|p2a: Diancie|spa|1
|-enditem|p2a: Diancie|Power Herb
|-anim|p2a: Diancie|Meteor Beam|p1a: Rotom
|-damage|p1a: Rotom|0 fnt
|faint|p1a: Rotom
|
|upkeep
|
|t:|1769443937
|switch|p1a: Gliscor|Gliscor, M|100/100
|turn|6
|
|t:|1769443944
|move|p2a: Diancie|Meteor Beam||[still]
|-prepare|p2a: Diancie|Meteor Beam
|-boost|p2a: Diancie|spa|1
|move|p1a: Gliscor|Earthquake|p2a: Diancie
|-supereffective|p2a: Diancie
|-damage|p2a: Diancie|33/100
|
|-status|p1a: Gliscor|tox|[from] item: Toxic Orb
|upkeep
|turn|7
|
|t:|1769443956
|move|p2a: Diancie|Meteor Beam|p1a: Gliscor|[from] lockedmove
|-damage|p1a: Gliscor|0 fnt
|faint|p1a: Gliscor
|
|-fieldend|move: Trick Room
|upkeep
|
|t:|1769443961
|switch|p1a: Iron Crown|Iron Crown|100/100
|-enditem|p1a: Iron Crown|Booster Energy
|-activate|p1a: Iron Crown|ability: Quark Drive|[fromitem]
|-start|p1a: Iron Crown|quarkdrivespe
|turn|8
|
|t:|1769443969
|move|p1a: Iron Crown|Future Sight|p2a: Diancie
|-start|p1a: Iron Crown|move: Future Sight
|move|p2a: Diancie|Trick Room|p2a: Diancie
|-fieldstart|move: Trick Room|[of] p2a: Diancie
|
|upkeep
|turn|9
|
|t:|1769443973
|move|p2a: Diancie|Earth Power|p1a: Iron Crown
|-supereffective|p1a: Iron Crown
|-damage|p1a: Iron Crown|0 fnt
|faint|p1a: Iron Crown
|-end|p1a: Iron Crown|Quark Drive|[silent]
|
|upkeep
|
|t:|1769443979
|switch|p1a: Big Jimbo|Great Tusk|83/100
|turn|10
|
|t:|1769443986
|move|p2a: Diancie|Draining Kiss|p1a: Big Jimbo
|-supereffective|p1a: Big Jimbo
|-damage|p1a: Big Jimbo|0 fnt
|-heal|p2a: Diancie|100/100|[from] drain|[of] p1a: Big Jimbo
|faint|p1a: Big Jimbo
|-end|p1a: Big Jimbo|Protosynthesis|[silent]
|
|-end|p2a: Diancie|move: Future Sight
|-damage|p2a: Diancie|53/100
|upkeep
|
|t:|1769443993
|switch|p1a: Mimikyu|Mimikyu, M|100/100
|turn|11
|
|t:|1769443999
|move|p1a: Mimikyu|Shadow Sneak|p2a: Diancie
|-damage|p2a: Diancie|35/100
|-damage|p1a: Mimikyu|91/100|[from] item: Life Orb
|move|p2a: Diancie|Draining Kiss|p1a: Mimikyu
|-activate|p1a: Mimikyu|ability: Disguise
|-damage|p1a: Mimikyu|91/100
|detailschange|p1a: Mimikyu|Mimikyu-Busted, M
|-damage|p1a: Mimikyu|78/100|[from] pokemon: Mimikyu-Busted
|
|upkeep
|turn|12
|
|t:|1769444008
|move|p1a: Mimikyu|Shadow Sneak|p2a: Diancie
|-damage|p2a: Diancie|15/100
|-damage|p1a: Mimikyu|68/100|[from] item: Life Orb
|move|p2a: Diancie|Draining Kiss|p1a: Mimikyu
|-damage|p1a: Mimikyu|13/100
|-heal|p2a: Diancie|50/100|[from] drain|[of] p1a: Mimikyu
|
|-fieldend|move: Trick Room
|upkeep
|turn|13
|
|t:|1769444024
|move|p1a: Mimikyu|Shadow Sneak|p2a: Diancie
|-damage|p2a: Diancie|30/100
|-damage|p1a: Mimikyu|3/100|[from] item: Life Orb
|move|p2a: Diancie|Trick Room|p2a: Diancie
|-fieldstart|move: Trick Room|[of] p2a: Diancie
|
|upkeep
|turn|14
|
|t:|1769444030
|move|p1a: Mimikyu|Shadow Sneak|p2a: Diancie
|-damage|p2a: Diancie|11/100
|-damage|p1a: Mimikyu|0 fnt|[from] item: Life Orb
|faint|p1a: Mimikyu
|move|p2a: Diancie|Draining Kiss|p1: Mimikyu|[notarget]
|-fail|p2a: Diancie
|
|upkeep
|
|t:|1769444036
|switch|p1a: Arcanine|Arcanine, M|100/100
|-ability|p1a: Arcanine|Intimidate|boost
|-fail|p2a: Diancie|unboost|[from] ability: Clear Body|[of] p2a: Diancie
|turn|15
|
|t:|1769444040
|move|p1a: Arcanine|Extreme Speed|p2a: Diancie
|-resisted|p2a: Diancie
|-damage|p2a: Diancie|1/100
|move|p2a: Diancie|Earth Power|p1a: Arcanine
|-supereffective|p1a: Arcanine
|-damage|p1a: Arcanine|0 fnt
|faint|p1a: Arcanine
|
|win|Mondeydoo
|raw|Echoes4's rating: 1196 &rarr; <strong>1174</strong><br />(-22 for losing)
|raw|Mondeydoo's rating: 1235 &rarr; <strong>1257</strong><br />(+22 for winning)
|l|☆Mondeydoo
|player|p2|
