|j|☆Attackthegoat
|j|☆hdsdd
|t:|1769325820
|gametype|singles
|player|p1|Attackthegoat|1|1325
|player|p2|hdsdd|169|1335
|gen|9
|tier|[Gen 9] OU
|rated|
|rule|HP Percentage Mod: HP is shown in percentages
|rule|Endless Battle Clause: Forcing endless battles is banned
|rule|Species Clause: Limit one of each Pokémon
|rule|OHKO Clause: OHKO moves are banned
|rule|Evasion Items Clause: Evasion items are banned
|rule|Evasion Moves Clause: Evasion moves are banned
|rule|Evasion Abilities Clause: Evasion abilities are banned
|rule|Sleep Moves Clause: Sleep-inducing moves are banned
|clearpoke
|poke|p1|Great Tusk|
|poke|p1|Ceruledge, F|
|poke|p1|Goodra, F|
|poke|p1|Ninetales, M|
|poke|p1|Leafeon, F|
|poke|p1|Zamazenta-*|
|poke|p2|Landorus-Therian, M|
|poke|p2|Tyranitar, F|
|poke|p2|Raging Bolt|
|poke|p2|Gholdengo|
|poke|p2|Samurott-Hisui, M|
|poke|p2|Hatterene, F|
|teampreview
|inactive|Battle timer is ON: inactive players will automatically lose when time's up. (requested by hdsdd)
|
|t:|1769325841
|teamsize|p1|6
|teamsize|p2|6
|start
|switch|p1a: Ceruledge|Ceruledge, F|100/100
|switch|p2a: Landorus|Landorus-Therian, M|100/100
|-ability|p2a: Landorus|Intimidate|boost
|-unboost|p1a: Ceruledge|atk|1
|turn|1
|
|t:|1769325853
|switch|p1a: Great Tusk|Great Tusk|100/100
|move|p2a: Landorus|Stealth Rock|p1a: Great Tusk
|-sidestart|p1: Attackthegoat|move: Stealth Rock
|
|upkeep
|turn|2
|
|t:|1769325867
|move|p2a: Landorus|U-turn|p1a: Great Tusk
|-resisted|p1a: Great Tusk
|-damage|p1a: Great Tusk|94/100
|
|t:|1769325875
|switch|p2a: Samurott|Samurott-Hisui, M|100/100|[from] U-turn
|move|p1a: Great Tusk|Ice Spinner|p2a: Samurott
|-resisted|p2a: Samurott
|-damage|p2a: Samurott|82/100
|
|upkeep
|turn|3
|
|t:|1769325886
|move|p2a: Samurott|Flip Turn|p1a: Great Tusk
|-supereffective|p1a: Great Tusk
|-damage|p1a: Great Tusk|65/100
|-enditem|p1a: Great Tusk|Weakness Policy
|-boost|p1a: Great Tusk|atk|2|[from] item: Weakness Policy
|-boost|p1a: Great Tusk|spa|2|[from] item: Weakness Policy
|
|t:|1769325896
|switch|p2a: Landorus|Landorus-Therian, M|100/100|[from] Flip Turn
|-ability|p2a: Landorus|Intimidate|boost
|-unboost|p1a: Great Tusk|atk|1
|move|p1a: Great Tusk|Close Combat|p2a: Landorus
|-resisted|p2a: Landorus
|-damage|p2a: Landorus|53/100
|-unboost|p1a: Great Tusk|def|1
|-unboost|p1a: Great Tusk|spd|1
|-damage|p1a: Great Tusk|48/100|[from] item: Rocky Helmet|[of] p2a: Landorus
|
|upkeep
|turn|4
|
|t:|1769325902
|move|p2a: Landorus|Earthquake|p1a: Great Tusk
|-damage|p1a: Great Tusk|11/100
|move|p1a: Great Tusk|Rapid Spin|p2a: Landorus
|-damage|p2a: Landorus|26/100
|-boost|p1a: Great Tusk|spe|1
|-damage|p1a: Great Tusk|0 fnt|[from] item: Rocky Helmet|[of] p2a: Landorus
|faint|p1a: Great Tusk
|-end|p1a: Great Tusk|Protosynthesis|[silent]
|
|upkeep
|
|t:|1769325913
|switch|p1a: Zamazenta|Zamazenta|100/100
|-damage|p1a: Zamazenta|94/100|[from] Stealth Rock
|-ability|p1a: Zamazenta|Dauntless Shield|boost
|-boost|p1a: Zamazenta|def|1
|turn|5
|
|t:|1769325916
|move|p1a: Zamazenta|Substitute|p1a: Zamazenta
|-start|p1a: Zamazenta|Substitute
|-damage|p1a: Zamazenta|69/100
|move|p2a: Landorus|Taunt|p1a: Zamazenta
|-start|p1a: Zamazenta|move: Taunt
|
|upkeep
|turn|6
|
|t:|1769325922
|move|p1a: Zamazenta|Trailblaze|p2a: Landorus
|-damage|p2a: Landorus|11/100
|-boost|p1a: Zamazenta|spe|1
|-damage|p1a: Zamazenta|53/100|[from] item: Rocky Helmet|[of] p2a: Landorus
|move|p2a: Landorus|U-turn|p1a: Zamazenta
|-resisted|p1a: Zamazenta
|-activate|p1a: Zamazenta|move: Substitute|[damage]
|
|t:|1769325931
|switch|p2a: Hatterene|Hatterene, F|100/100|[from] U-turn
|
|upkeep
|turn|7
|
|t:|1769325940
|-terastallize|p1a: Zamazenta|Ghost
|move|p1a: Zamazenta|Trailblaze|p2a: Hatterene
|-damage|p2a: Hatterene|82/100
|-boost|p1a: Zamazenta|spe|1
|move|p2a: Hatterene|Psychic Noise|p1a: Zamazenta
|-damage|p1a: Zamazenta|21/100
|-start|p1a: Zamazenta|move: Heal Block
|
|upkeep
|turn|8
|
|t:|1769325952
|move|p1a: Zamazenta|Trailblaze|p2a: Hatterene
|-damage|p2a: Hatterene|62/100
|-boost|p1a: Zamazenta|spe|1
|move|p2a: Hatterene|Psychic Noise|p1a: Zamazenta
|-damage|p1a: Zamazenta|0 fnt
|faint|p1a: Zamazenta
|
|upkeep
|
|t:|1769325960
|switch|p1a: Ninetales|Ninetales, M|100/100
|-damage|p1a: Ninetales|76/100|[from] Stealth Rock
|-weather|SunnyDay|[from] ability: Drought|[of] p1a: Ninetales
|turn|9
|
|t:|1769325972
|move|p1a: Ninetales|Nasty Plot|p1a: Ninetales
|-boost|p1a: Ninetales|spa|2
|move|p2a: Hatterene|Nuzzle|p1a: Ninetales
|-damage|p1a: Ninetales|70/100
|-status|p1a: Ninetales|par
|
|-weather|SunnyDay|[upkeep]
|upkeep
|turn|10
|
|t:|1769325980
|move|p1a: Ninetales|Solar Beam||[still]
|-prepare|p1a: Ninetales|Solar Beam
|-anim|p1a: Ninetales|Solar Beam|p2a: Hatterene
|-damage|p2a: Hatterene|34/100
|move|p2a: Hatterene|Psychic Noise|p1a: Ninetales
|-damage|p1a: Ninetales|37/100 par
|-start|p1a: Ninetales|move: Heal Block
|
|-weather|SunnyDay|[upkeep]
|upkeep
|turn|11
|
|t:|1769325989
|cant|p1a: Ninetales|par
|move|p2a: Hatterene|Draining Kiss|p1a: Ninetales
|-resisted|p1a: Ninetales
|-damage|p1a: Ninetales|28/100 par
|-heal|p2a: Hatterene|42/100|[from] drain|[of] p1a: Ninetales
|
|-weather|SunnyDay|[upkeep]
|-end|p1a: Ninetales|move: Heal Block
|upkeep
|turn|12
|
|t:|1769325995
|cant|p1a: Ninetales|par
|move|p2a: Hatterene|Psychic Noise|p1a: Ninetales
|-damage|p1a: Ninetales|0 fnt
|faint|p1a: Ninetales
|
|-weather|SunnyDay|[upkeep]
|upkeep
|
|t:|1769325999
|switch|p1a: Leafeon|Leafeon, F|100/100
|-damage|p1a: Leafeon|88/100|[from] Stealth Rock
|turn|13
|
|t:|1769326006
|move|p1a: Leafeon|Leaf Blade|p2a: Hatterene
|-damage|p2a: Hatterene|0 fnt
|faint|p2a: Hatterene
|
|-weather|SunnyDay|[upkeep]
|-heal|p1a: Leafeon|94/100|[from] item: Leftovers
|upkeep
|
|t:|1769326011
|switch|p2a: Landorus|Landorus-Therian, M|11/100
|-ability|p2a: Landorus|Intimidate|boost
|-unboost|p1a: Leafeon|atk|1
|turn|14
|
|t:|1769326017
|move|p1a: Leafeon|Leaf Blade|p2a: Landorus
|-damage|p2a: Landorus|0 fnt
|-damage|p1a: Leafeon|78/100|[from] item: Rocky Helmet|[of] p2a: Landorus
|faint|p2a: Landorus
|
|-weather|SunnyDay|[upkeep]
|-heal|p1a: Leafeon|84/100|[from] item: Leftovers
|upkeep
|
|t:|1769326022
|switch|p2a: Tyranitar|Tyranitar, F|100/100
|-weather|Sandstorm|[from] ability: Sand Stream|[of] p2a: Tyranitar
|turn|15
|
|t:|1769326027
|switch|p2a: Raging Bolt|Raging Bolt|100/100
|move|p1a: Leafeon|Swords Dance|p1a: Leafeon
|-boost|p1a: Leafeon|atk|2
|
|-weather|Sandstorm|[upkeep]
|-damage|p1a: Leafeon|78/100|[from] Sandstorm
|-damage|p2a: Raging Bolt|94/100|[from] Sandstorm
|-heal|p1a: Leafeon|84/100|[from] item: Leftovers
|upkeep
|turn|16
|
|t:|1769326037
|move|p1a: Leafeon|Leaf Blade|p2a: Raging Bolt
|-resisted|p2a: Raging Bolt
|-damage|p2a: Raging Bolt|62/100
|move|p2a: Raging Bolt|Volt Switch|p1a: Leafeon
|-resisted|p1a: Leafeon
|-damage|p1a: Leafeon|31/100
|
|t:|1769326045
|-end|p2a: Raging Bolt|Protosynthesis|[silent]
|switch|p2a: Samurott|Samurott-Hisui, M|82/100|[from] Volt Switch
|
|-weather|Sandstorm|[upkeep]
|-damage|p2a: Samurott|76/100|[from] Sandstorm
|-damage|p1a: Leafeon|25/100|[from] Sandstorm
|-heal|p1a: Leafeon|31/100|[from] item: Leftovers
|upkeep
|turn|17
|
|t:|1769326055
|move|p2a: Samurott|Ceaseless Edge|p1a: Leafeon
|-damage|p1a: Leafeon|0 fnt
|-sidestart|p1: Attackthegoat|Spikes
|faint|p1a: Leafeon
|
|-weather|Sandstorm|[upkeep]
|-damage|p2a: Samurott|70/100|[from] Sandstorm
|upkeep
|inactive|Attackthegoat has 120 seconds left.
|
|t:|1769326087
|switch|p1a: Ceruledge|Ceruledge, F|100/100
|-damage|p1a: Ceruledge|76/100|[from] Stealth Rock
|-damage|p1a: Ceruledge|63/100|[from] Spikes
|turn|18
|
|t:|1769326092
|move|p2a: Samurott|Ceaseless Edge|p1a: Ceruledge
|-supereffective|p1a: Ceruledge
|-damage|p1a: Ceruledge|0 fnt
|-sidestart|p1: Attackthegoat|Spikes
|faint|p1a: Ceruledge
|
|-weather|Sandstorm|[upkeep]
|-damage|p2a: Samurott|64/100|[from] Sandstorm
|upkeep
|
|t:|1769326096
|switch|p1a: Goodra|Goodra, F|100/100
|-damage|p1a: Goodra|88/100|[from] Stealth Rock
|-damage|p1a: Goodra|72/100|[from] Spikes
|turn|19
|
|t:|1769326102
|move|p2a: Samurott|Ceaseless Edge|p1a: Goodra|[miss]
|-miss|p2a: Samurott|p1a: Goodra
|move|p1a: Goodra|Dragon Pulse|p2a: Samurott
|-crit|p2a: Samurott
|-damage|p2a: Samurott|0 fnt
|faint|p2a: Samurott
|
|-weather|none
|upkeep
|
|t:|1769326106
|switch|p2a: Tyranitar|Tyranitar, F|100/100
|-weather|Sandstorm|[from] ability: Sand Stream|[of] p2a: Tyranitar
|turn|20
|
|t:|1769326111
|move|p1a: Goodra|Dragon Pulse|p2a: Tyranitar
|-damage|p2a: Tyranitar|86/100
|move|p2a: Tyranitar|Knock Off|p1a: Goodra
|-damage|p1a: Goodra|11/100
|-ability|p1a: Goodra|Gooey
|-unboost|p2a: Tyranitar|spe|1
|-enditem|p1a: Goodra|Assault Vest|[from] move: Knock Off|[of] p2a: Tyranitar
|
|-weather|Sandstorm|[upkeep]
|-damage|p1a: Goodra|5/100|[from] Sandstorm
|-heal|p2a: Tyranitar|92/100|[from] item: Leftovers
|upkeep
|turn|21
|
|t:|1769326119
|move|p1a: Goodra|Acid Armor|p1a: Goodra
|-boost|p1a: Goodra|def|2
|move|p2a: Tyranitar|Knock Off|p1a: Goodra
|-damage|p1a: Goodra|0 fnt
|-ability|p1a: Goodra|Gooey
|-unboost|p2a: Tyranitar|spe|1
|faint|p1a: Goodra
|
|win|hdsdd
|raw|Attackthegoat's rating: 1325 &rarr; <strong>1306</strong><br />(-19 for losing)
|raw|hdsdd's rating: 1335 &rarr; <strong>1354</strong><br />(+19 for winning)
|l|☆Attackthegoat
|player|p1|
|l|☆hdsdd
|player|p2|
