|j|☆Schrosch
|j|☆Sceptile Waton
|t:|1769317429
|gametype|singles
|player|p1|Schrosch|169|1190
|player|p2|Sceptile Waton|blue|1197
|gen|9
|tier|[Gen 9] OU
|rated|
|rule|HP Percentage Mod: HP is shown in percentages
|rule|Endless Battle Clause: Forcing endless battles is banned
|rule|Species Clause: Limit one of each Pokémon
|rule|OHKO Clause: OHKO moves are banned
|rule|Evasion Items Clause: Evasion items are banned
|rule|Evasion Moves Clause: Evasion moves are banned
|rule|Evasion Abilities Clause: Evasion abilities are banned
|rule|Sleep Moves Clause: Sleep-inducing moves are banned
|clearpoke
|poke|p1|Porygon-Z|
|poke|p1|Gardevoir, F|
|poke|p1|Probopass, F|
|poke|p1|Corviknight, M|
|poke|p1|Serperior, M|
|poke|p1|Donphan, M|
|poke|p2|Dragonite, F|
|poke|p2|Samurott-Hisui, M|
|poke|p2|Clefable, M|
|poke|p2|Gliscor, M|
|poke|p2|Gholdengo|
|poke|p2|Zamazenta-*|
|teampreview
|c|☆Sceptile Waton|Hi
|c|☆Schrosch|hi
|
|t:|1769317449
|teamsize|p1|6
|teamsize|p2|6
|start
|switch|p1a: Serperior|Serperior, M|100/100
|switch|p2a: Samurott|Samurott-Hisui, M|100/100
|turn|1
|inactive|Battle timer is ON: inactive players will automatically lose when time's up. (requested by Schrosch)
|
|t:|1769317485
|switch|p2a: Zamazenta|Zamazenta|100/100
|-ability|p2a: Zamazenta|Dauntless Shield|boost
|-boost|p2a: Zamazenta|def|1
|move|p1a: Serperior|Leaf Storm|p2a: Zamazenta
|-damage|p2a: Zamazenta|52/100
|-boost|p1a: Serperior|spa|2
|
|-heal|p2a: Zamazenta|58/100|[from] item: Leftovers
|upkeep
|turn|2
|
|t:|1769317496
|move|p1a: Serperior|Glare|p2a: Zamazenta
|-status|p2a: Zamazenta|par
|move|p2a: Zamazenta|Roar|p1a: Serperior
|drag|p1a: Corviknight|Corviknight, M|100/100
|-ability|p1a: Corviknight|Pressure
|
|-heal|p2a: Zamazenta|64/100 par|[from] item: Leftovers
|upkeep
|turn|3
|inactive|Sceptile Waton has 120 seconds left.
|
|t:|1769317528
|switch|p2a: Gholdengo|Gholdengo|100/100
|move|p1a: Corviknight|Brave Bird|p2a: Gholdengo
|-resisted|p2a: Gholdengo
|-damage|p2a: Gholdengo|78/100
|-damage|p1a: Corviknight|95/100|[from] Recoil
|
|upkeep
|turn|4
|inactive|Sceptile Waton has 120 seconds left.
|
|t:|1769317556
|switch|p1a: Donphan|Donphan, M|100/100
|move|p2a: Gholdengo|Trick|p1a: Donphan
|-activate|p2a: Gholdengo|move: Trick|[of] p1a: Donphan
|-item|p1a: Donphan|Choice Scarf|[from] move: Trick
|-item|p2a: Gholdengo|Leftovers|[from] move: Trick
|
|-heal|p2a: Gholdengo|84/100|[from] item: Leftovers
|upkeep
|turn|5
|inactive|Schrosch has 120 seconds left.
|inactive|Sceptile Waton has 90 seconds left.
|
|t:|1769317621
|switch|p2a: Gliscor|Gliscor, M|100/100
|switch|p1a: Probopass|Probopass, F|100/100
|
|-status|p2a: Gliscor|tox|[from] item: Toxic Orb
|upkeep
|turn|6
|inactive|Sceptile Waton has 60 seconds left.
|
|t:|1769317642
|switch|p1a: Corviknight|Corviknight, M|95/100
|-ability|p1a: Corviknight|Pressure
|move|p2a: Gliscor|Knock Off|p1a: Corviknight
|-damage|p1a: Corviknight|81/100
|-damage|p2a: Gliscor|84/100 tox|[from] item: Rocky Helmet|[of] p1a: Corviknight
|-enditem|p1a: Corviknight|Rocky Helmet|[from] move: Knock Off|[of] p2a: Gliscor
|
|-heal|p2a: Gliscor|97/100 tox|[from] ability: Poison Heal
|upkeep
|turn|7
|inactive|Sceptile Waton has 60 seconds left.
|
|t:|1769317656
|move|p2a: Gliscor|Swords Dance|p2a: Gliscor
|-boost|p2a: Gliscor|atk|2
|move|p1a: Corviknight|U-turn|p2a: Gliscor
|-resisted|p2a: Gliscor
|-crit|p2a: Gliscor
|-damage|p2a: Gliscor|88/100 tox
|
|t:|1769317666
|switch|p1a: Gardevoir|Gardevoir, F|100/100|[from] U-turn
|-ability|p1a: Gardevoir|Poison Heal|Trace|[from] ability: Trace|[of] p2a: Gliscor
|
|-heal|p2a: Gliscor|99/100 tox|[from] ability: Poison Heal
|upkeep
|turn|8
|inactive|Sceptile Waton has 60 seconds left.
|
|t:|1769317689
|move|p2a: Gliscor|Knock Off|p1a: Gardevoir
|-damage|p1a: Gardevoir|38/100
|-enditem|p1a: Gardevoir|Pecha Berry|[from] move: Knock Off|[of] p2a: Gliscor
|move|p1a: Gardevoir|Trick|p2a: Gliscor
|-activate|p1a: Gardevoir|move: Trick|[of] p2a: Gliscor
|-enditem|p2a: Gliscor|Toxic Orb|[silent]|[from] move: Trick
|-item|p1a: Gardevoir|Toxic Orb|[from] move: Trick
|
|-heal|p2a: Gliscor|100/100 tox|[from] ability: Poison Heal
|-status|p1a: Gardevoir|tox|[from] item: Toxic Orb
|upkeep
|turn|9
|inactive|Sceptile Waton has 60 seconds left.
|inactive|Schrosch has 90 seconds left.
|
|t:|1769317711
|move|p2a: Gliscor|Facade|p1a: Gardevoir
|-damage|p1a: Gardevoir|0 fnt
|faint|p1a: Gardevoir
|
|upkeep
|inactive|Schrosch has 90 seconds left.
|
|t:|1769317719
|switch|p1a: Porygon-Z|Porygon-Z|100/100
|turn|10
|inactive|Schrosch has 90 seconds left.
|
|t:|1769317730
|switch|p2a: Samurott|Samurott-Hisui, M|100/100
|move|p1a: Porygon-Z|Ice Beam|p2a: Samurott
|-resisted|p2a: Samurott
|-damage|p2a: Samurott|88/100
|
|upkeep
|turn|11
|inactive|Schrosch has 90 seconds left.
|
|t:|1769317759
|move|p1a: Porygon-Z|Thunderbolt|p2a: Samurott
|-supereffective|p2a: Samurott
|-damage|p2a: Samurott|41/100
|move|p2a: Samurott|Ceaseless Edge|p1a: Porygon-Z
|-damage|p1a: Porygon-Z|40/100
|-sidestart|p1: Schrosch|Spikes
|
|upkeep
|turn|12
|
|t:|1769317770
|move|p2a: Samurott|Sucker Punch|p1a: Porygon-Z
|-damage|p1a: Porygon-Z|0 fnt
|faint|p1a: Porygon-Z
|
|upkeep
|
|t:|1769317783
|switch|p1a: Serperior|Serperior, M|100/100
|-damage|p1a: Serperior|88/100|[from] Spikes
|turn|13
|
|t:|1769317805
|move|p2a: Samurott|Sucker Punch|p1a: Serperior
|-damage|p1a: Serperior|51/100
|move|p1a: Serperior|Leaf Storm|p2a: Samurott
|-supereffective|p2a: Samurott
|-damage|p2a: Samurott|0 fnt
|-boost|p1a: Serperior|spa|2
|faint|p2a: Samurott
|
|upkeep
|
|t:|1769317810
|switch|p2a: Dragonite|Dragonite, F|100/100
|turn|14
|inactive|Schrosch has 90 seconds left.
|
|t:|1769317821
|move|p1a: Serperior|Glare|p2a: Dragonite
|-status|p2a: Dragonite|par
|move|p2a: Dragonite|Dragon Dance|p2a: Dragonite
|-boost|p2a: Dragonite|atk|1
|-boost|p2a: Dragonite|spe|1
|
|upkeep
|turn|15
|inactive|Schrosch has 90 seconds left.
|
|t:|1769317833
|-terastallize|p2a: Dragonite|Normal
|cant|p2a: Dragonite|par
|move|p1a: Serperior|Dragon Pulse|p2a: Dragonite
|-damage|p2a: Dragonite|80/100 par
|
|upkeep
|turn|16
|inactive|Schrosch has 90 seconds left.
|
|t:|1769317838
|move|p2a: Dragonite|Extreme Speed|p1a: Serperior
|-damage|p1a: Serperior|0 fnt
|faint|p1a: Serperior
|
|upkeep
|inactive|Schrosch has 90 seconds left.
|
|t:|1769317848
|switch|p1a: Corviknight|Corviknight, M|81/100
|-ability|p1a: Corviknight|Pressure
|turn|17
|inactive|Sceptile Waton has 90 seconds left.
|
|t:|1769317860
|move|p2a: Dragonite|Dragon Dance|p2a: Dragonite
|-boost|p2a: Dragonite|atk|1
|-boost|p2a: Dragonite|spe|1
|move|p1a: Corviknight|Brave Bird|p2a: Dragonite
|-damage|p2a: Dragonite|41/100 par
|-damage|p1a: Corviknight|69/100|[from] Recoil
|
|upkeep
|turn|18
|
|t:|1769317872
|move|p2a: Dragonite|Roost|p2a: Dragonite
|-heal|p2a: Dragonite|91/100 par
|move|p1a: Corviknight|Brave Bird|p2a: Dragonite
|-damage|p2a: Dragonite|52/100 par
|-damage|p1a: Corviknight|58/100|[from] Recoil
|
|upkeep
|turn|19
|
|t:|1769317882
|cant|p2a: Dragonite|par
|move|p1a: Corviknight|U-turn|p2a: Dragonite
|-damage|p2a: Dragonite|36/100 par
|inactive|Schrosch has 90 seconds left.
|
|t:|1769317908
|switch|p1a: Probopass|Probopass, F|100/100|[from] U-turn
|-damage|p1a: Probopass|88/100|[from] Spikes
|
|upkeep
|turn|20
|
|t:|1769317920
|-terastallize|p1a: Probopass|Flying
|cant|p2a: Dragonite|par
|move|p1a: Probopass|Body Press|p2a: Dragonite
|-supereffective|p2a: Dragonite
|-damage|p2a: Dragonite|0 fnt
|faint|p2a: Dragonite
|
|upkeep
|inactive|Sceptile Waton has 90 seconds left.
|
|t:|1769317953
|switch|p2a: Gliscor|Gliscor, M|100/100 tox
|turn|21
|c|☆Schrosch|in
|inactive|Sceptile Waton has 90 seconds left.
|
|t:|1769317965
|move|p2a: Gliscor|Swords Dance|p2a: Gliscor
|-boost|p2a: Gliscor|atk|2
|move|p1a: Probopass|Meteor Beam||[still]
|-prepare|p1a: Probopass|Meteor Beam
|-boost|p1a: Probopass|spa|1
|-enditem|p1a: Probopass|Power Herb
|-anim|p1a: Probopass|Meteor Beam|p2a: Gliscor
|-damage|p2a: Gliscor|54/100 tox
|
|-heal|p2a: Gliscor|67/100 tox|[from] ability: Poison Heal
|upkeep
|turn|22
|inactive|Sceptile Waton has 90 seconds left.
|
|t:|1769317980
|move|p2a: Gliscor|Facade|p1a: Probopass
|-damage|p1a: Probopass|49/100
|move|p1a: Probopass|Meteor Beam||[still]
|-prepare|p1a: Probopass|Meteor Beam
|-boost|p1a: Probopass|spa|1
|
|-heal|p2a: Gliscor|79/100 tox|[from] ability: Poison Heal
|upkeep
|turn|23
|inactive|Sceptile Waton has 90 seconds left.
|
|t:|1769317998
|move|p2a: Gliscor|Protect|p2a: Gliscor
|-singleturn|p2a: Gliscor|Protect
|move|p1a: Probopass|Meteor Beam|p2a: Gliscor|[from] lockedmove
|-activate|p2a: Gliscor|move: Protect
|
|-heal|p2a: Gliscor|92/100 tox|[from] ability: Poison Heal
|upkeep
|turn|24
|inactive|Sceptile Waton has 90 seconds left.
|
|t:|1769318023
|switch|p1a: Corviknight|Corviknight, M|58/100
|-ability|p1a: Corviknight|Pressure
|move|p2a: Gliscor|Swords Dance|p2a: Gliscor
|-boost|p2a: Gliscor|atk|2
|
|-heal|p2a: Gliscor|100/100 tox|[from] ability: Poison Heal
|upkeep
|turn|25
|inactive|Sceptile Waton has 90 seconds left.
|
|t:|1769318036
|move|p2a: Gliscor|Facade|p1a: Corviknight
|-resisted|p1a: Corviknight
|-damage|p1a: Corviknight|30/100
|move|p1a: Corviknight|Roost|p1a: Corviknight
|-heal|p1a: Corviknight|80/100
|-singleturn|p1a: Corviknight|move: Roost
|
|upkeep
|turn|26
|inactive|Sceptile Waton has 90 seconds left.
|
|t:|1769318061
|switch|p2a: Gholdengo|Gholdengo|84/100
|move|p1a: Corviknight|U-turn|p2a: Gholdengo
|-resisted|p2a: Gholdengo
|-crit|p2a: Gholdengo
|-damage|p2a: Gholdengo|78/100
|inactive|Schrosch has 60 seconds left.
|
|t:|1769318084
|switch|p1a: Probopass|Probopass, F, tera:Flying|49/100|[from] U-turn
|
|-heal|p2a: Gholdengo|84/100|[from] item: Leftovers
|upkeep
|turn|27
|inactive|Sceptile Waton has 90 seconds left.
|
|t:|1769318099
|move|p2a: Gholdengo|Make It Rain|p1a: Probopass
|-damage|p1a: Probopass|4/100
|-unboost|p2a: Gholdengo|spa|1
|move|p1a: Probopass|Earth Power|p2a: Gholdengo
|-supereffective|p2a: Gholdengo
|-damage|p2a: Gholdengo|44/100
|
|-heal|p2a: Gholdengo|50/100|[from] item: Leftovers
|upkeep
|turn|28
|inactive|Sceptile Waton has 90 seconds left.
|inactive|Schrosch has 60 seconds left.
|
|t:|1769318109
|move|p2a: Gholdengo|Make It Rain|p1a: Probopass
|-damage|p1a: Probopass|0 fnt
|-unboost|p2a: Gholdengo|spa|1
|faint|p1a: Probopass
|
|-heal|p2a: Gholdengo|56/100|[from] item: Leftovers
|upkeep
|inactive|Schrosch has 60 seconds left.
|
|t:|1769318114
|switch|p1a: Donphan|Donphan, M|100/100
|-damage|p1a: Donphan|88/100|[from] Spikes
|turn|29
|inactive|Schrosch has 60 seconds left.
|
|t:|1769318128
|switch|p2a: Gliscor|Gliscor, M|100/100 tox
|move|p1a: Donphan|Rapid Spin|p2a: Gliscor
|-damage|p2a: Gliscor|87/100 tox
|-boost|p1a: Donphan|spe|1
|-sideend|p1: Schrosch|Spikes|[from] move: Rapid Spin|[of] p1a: Donphan
|
|-heal|p2a: Gliscor|99/100 tox|[from] ability: Poison Heal
|upkeep
|turn|30
|
|t:|1769318150
|switch|p1a: Corviknight|Corviknight, M|80/100
|-ability|p1a: Corviknight|Pressure
|move|p2a: Gliscor|Facade|p1a: Corviknight
|-resisted|p1a: Corviknight
|-damage|p1a: Corviknight|71/100
|
|-heal|p2a: Gliscor|100/100 tox|[from] ability: Poison Heal
|upkeep
|turn|31
|
|t:|1769318160
|switch|p2a: Gholdengo|Gholdengo|56/100
|switch|p1a: Donphan|Donphan, M|88/100
|
|-heal|p2a: Gholdengo|62/100|[from] item: Leftovers
|upkeep
|turn|32
|
|t:|1769318175
|switch|p2a: Clefable|Clefable, M|100/100
|switch|p1a: Corviknight|Corviknight, M|71/100
|-ability|p1a: Corviknight|Pressure
|
|upkeep
|turn|33
|
|t:|1769318191
|move|p1a: Corviknight|Brave Bird|p2a: Clefable
|-damage|p2a: Clefable|71/100
|-damage|p1a: Corviknight|54/100|[from] item: Rocky Helmet|[of] p2a: Clefable
|-damage|p1a: Corviknight|44/100|[from] Recoil
|move|p2a: Clefable|Stealth Rock|p1a: Corviknight
|-sidestart|p1: Schrosch|move: Stealth Rock
|
|upkeep
|turn|34
|
|t:|1769318203
|move|p1a: Corviknight|Roost|p1a: Corviknight
|-heal|p1a: Corviknight|94/100
|-singleturn|p1a: Corviknight|move: Roost
|move|p2a: Clefable|Moonlight|p2a: Clefable
|-heal|p2a: Clefable|100/100
|
|upkeep
|turn|35
|
|t:|1769318227
|switch|p2a: Gholdengo|Gholdengo|62/100
|move|p1a: Corviknight|Defog|p2a: Gholdengo
|-immune|p2a: Gholdengo|[from] ability: Good as Gold
|
|-heal|p2a: Gholdengo|68/100|[from] item: Leftovers
|upkeep
|turn|36
|
|t:|1769318238
|move|p2a: Gholdengo|Shadow Ball|p1a: Corviknight
|-damage|p1a: Corviknight|55/100
|move|p1a: Corviknight|Brave Bird|p2a: Gholdengo
|-resisted|p2a: Gholdengo
|-damage|p2a: Gholdengo|47/100
|-damage|p1a: Corviknight|49/100|[from] Recoil
|
|-heal|p2a: Gholdengo|54/100|[from] item: Leftovers
|upkeep
|turn|37
|
|t:|1769318246
|move|p2a: Gholdengo|Shadow Ball|p1a: Corviknight
|-damage|p1a: Corviknight|7/100
|move|p1a: Corviknight|Roost|p1a: Corviknight
|-heal|p1a: Corviknight|57/100
|-singleturn|p1a: Corviknight|move: Roost
|
|-heal|p2a: Gholdengo|60/100|[from] item: Leftovers
|upkeep
|turn|38
|
|t:|1769318255
|move|p2a: Gholdengo|Shadow Ball|p1a: Corviknight
|-damage|p1a: Corviknight|16/100
|move|p1a: Corviknight|Roost|p1a: Corviknight
|-heal|p1a: Corviknight|66/100
|-singleturn|p1a: Corviknight|move: Roost
|
|-heal|p2a: Gholdengo|66/100|[from] item: Leftovers
|upkeep
|turn|39
|
|t:|1769318266
|move|p2a: Gholdengo|Shadow Ball|p1a: Corviknight
|-damage|p1a: Corviknight|25/100
|move|p1a: Corviknight|U-turn|p2a: Gholdengo
|-resisted|p2a: Gholdengo
|-damage|p2a: Gholdengo|62/100
|
|t:|1769318268
|switch|p1a: Donphan|Donphan, M|88/100|[from] U-turn
|-damage|p1a: Donphan|82/100|[from] Stealth Rock
|
|-heal|p2a: Gholdengo|68/100|[from] item: Leftovers
|upkeep
|turn|40
|inactive|Sceptile Waton has 120 seconds left.
|
|t:|1769318308
|switch|p2a: Gliscor|Gliscor, M|100/100 tox
|move|p1a: Donphan|Earthquake|p2a: Gliscor
|-immune|p2a: Gliscor
|
|upkeep
|turn|41
|-message|Schrosch forfeited.
|
|win|Sceptile Waton
|raw|Schrosch's rating: 1190 &rarr; <strong>1166</strong><br />(-24 for losing)
|raw|Sceptile Waton's rating: 1197 &rarr; <strong>1221</strong><br />(+24 for winning)
|l|☆Schrosch
|player|p1|
|c|☆Sceptile Waton|gg
|l|☆Sceptile Waton
|player|p2|
