|badge|p2|bronze|gen9ou|100-8
|uhtml|medal-msg|<div class="broadcast-blue">Curious what those medals under the avatar are? PS now has Ladder Seasons! For more information, check out the <a href="https://www.smogon.com/forums/threads/3740067/">thread on Smogon.</a></div>
|j|☆Flex Plays Only
|j|☆Eel56
|t:|1769405345
|gametype|singles
|player|p1|Flex Plays Only|iono-masters2|1654
|player|p2|Eel56|1|1837
|gen|9
|tier|[Gen 9] OU
|rated|
|rule|HP Percentage Mod: HP is shown in percentages
|rule|Endless Battle Clause: Forcing endless battles is banned
|rule|Species Clause: Limit one of each Pokémon
|rule|OHKO Clause: OHKO moves are banned
|rule|Evasion Items Clause: Evasion items are banned
|rule|Evasion Moves Clause: Evasion moves are banned
|rule|Evasion Abilities Clause: Evasion abilities are banned
|rule|Sleep Moves Clause: Sleep-inducing moves are banned
|clearpoke
|poke|p1|Kingambit, M|
|poke|p1|Primarina, F|
|poke|p1|Great Tusk|
|poke|p1|Pecharunt|
|poke|p1|Garganacl, F|
|poke|p1|Dragonite, M|
|poke|p2|Pecharunt|
|poke|p2|Kingambit, F|
|poke|p2|Volcanion|
|poke|p2|Iron Valiant|
|poke|p2|Landorus-Therian, M|
|poke|p2|Deoxys-Speed|
|teampreview
|inactive|Battle timer is ON: inactive players will automatically lose when time's up. (requested by Flex Plays Only)
|
|t:|1769405367
|teamsize|p1|6
|teamsize|p2|6
|start
|switch|p1a: Primarina|Primarina, F|100/100
|switch|p2a: Landorus|Landorus-Therian, M|100/100
|-ability|p2a: Landorus|Intimidate|boost
|-unboost|p1a: Primarina|atk|1
|turn|1
|
|t:|1769405374
|move|p2a: Landorus|U-turn|p1a: Primarina
|-resisted|p1a: Primarina
|-damage|p1a: Primarina|88/100
|j| J Pokemon Master M
|
|t:|1769405376
|switch|p2a: Volcanion|Volcanion|100/100|[from] U-turn
|move|p1a: Primarina|Moonblast|p2a: Volcanion
|-resisted|p2a: Volcanion
|-damage|p2a: Volcanion|79/100
|
|-heal|p2a: Volcanion|85/100|[from] item: Leftovers
|-heal|p1a: Primarina|94/100|[from] item: Leftovers
|upkeep
|turn|2
|
|t:|1769405385
|switch|p1a: Dragonite|Dragonite, M|100/100
|move|p2a: Volcanion|Will-O-Wisp|p1a: Dragonite|[miss]
|-miss|p2a: Volcanion|p1a: Dragonite
|
|-heal|p2a: Volcanion|91/100|[from] item: Leftovers
|upkeep
|turn|3
|
|t:|1769405396
|move|p2a: Volcanion|Will-O-Wisp|p1a: Dragonite
|-status|p1a: Dragonite|brn
|move|p1a: Dragonite|Earthquake|p2a: Volcanion
|-supereffective|p2a: Volcanion
|-damage|p2a: Volcanion|61/100
|
|-heal|p2a: Volcanion|67/100|[from] item: Leftovers
|-damage|p1a: Dragonite|94/100 brn|[from] brn
|upkeep
|turn|4
|
|t:|1769405402
|switch|p2a: Landorus|Landorus-Therian, M|100/100
|-ability|p2a: Landorus|Intimidate|boost
|-unboost|p1a: Dragonite|atk|1
|move|p1a: Dragonite|Ice Spinner|p2a: Landorus
|-supereffective|p2a: Landorus
|-damage|p2a: Landorus|58/100
|-damage|p1a: Dragonite|78/100 brn|[from] item: Rocky Helmet|[of] p2a: Landorus
|
|-damage|p1a: Dragonite|71/100 brn|[from] brn
|upkeep
|turn|5
|
|t:|1769405409
|move|p2a: Landorus|Stealth Rock|p1a: Dragonite
|-sidestart|p1: Flex Plays Only|move: Stealth Rock
|move|p1a: Dragonite|Ice Spinner|p2a: Landorus
|-supereffective|p2a: Landorus
|-damage|p2a: Landorus|21/100
|-damage|p1a: Dragonite|55/100 brn|[from] item: Rocky Helmet|[of] p2a: Landorus
|
|-damage|p1a: Dragonite|49/100 brn|[from] brn
|upkeep
|turn|6
|
|t:|1769405420
|move|p1a: Dragonite|Extreme Speed|p2a: Landorus
|-damage|p2a: Landorus|12/100
|-damage|p1a: Dragonite|32/100 brn|[from] item: Rocky Helmet|[of] p2a: Landorus
|move|p2a: Landorus|U-turn|p1a: Dragonite
|-resisted|p1a: Dragonite
|-damage|p1a: Dragonite|22/100 brn
|
|t:|1769405435
|switch|p2a: Pecharunt|Pecharunt|100/100|[from] U-turn
|
|-damage|p1a: Dragonite|16/100 brn|[from] brn
|upkeep
|turn|7
|
|t:|1769405439
|move|p2a: Pecharunt|Shadow Ball|p1a: Dragonite
|-damage|p1a: Dragonite|0 fnt
|faint|p1a: Dragonite
|
|upkeep
|
|t:|1769405441
|switch|p1a: Garganacl|Garganacl, F|100/100
|-damage|p1a: Garganacl|88/100|[from] Stealth Rock
|turn|8
|
|t:|1769405448
|switch|p2a: Landorus|Landorus-Therian, M|12/100
|-ability|p2a: Landorus|Intimidate|boost
|-unboost|p1a: Garganacl|atk|1
|move|p1a: Garganacl|Stealth Rock|p2a: Landorus
|-sidestart|p2: Eel56|move: Stealth Rock
|
|-heal|p1a: Garganacl|94/100|[from] item: Leftovers
|upkeep
|turn|9
|
|t:|1769405453
|move|p2a: Landorus|Earthquake|p1a: Garganacl
|-supereffective|p1a: Garganacl
|-damage|p1a: Garganacl|27/100
|move|p1a: Garganacl|Salt Cure|p2a: Landorus
|-damage|p2a: Landorus|3/100
|-start|p2a: Landorus|Salt Cure
|
|-heal|p1a: Garganacl|34/100|[from] item: Leftovers
|-damage|p2a: Landorus|0 fnt|[from] Salt Cure
|faint|p2a: Landorus
|upkeep
|
|t:|1769405467
|switch|p2a: Volcanion|Volcanion|67/100
|-damage|p2a: Volcanion|43/100|[from] Stealth Rock
|turn|10
|
|t:|1769405477
|move|p2a: Volcanion|Taunt|p1a: Garganacl
|-start|p1a: Garganacl|move: Taunt
|move|p1a: Garganacl|Salt Cure|p2a: Volcanion
|-supereffective|p2a: Volcanion
|-damage|p2a: Volcanion|28/100
|-start|p2a: Volcanion|Salt Cure
|
|-heal|p2a: Volcanion|34/100|[from] item: Leftovers
|-heal|p1a: Garganacl|40/100|[from] item: Leftovers
|-damage|p2a: Volcanion|9/100|[from] Salt Cure
|upkeep
|turn|11
|
|t:|1769405483
|switch|p1a: Primarina|Primarina, F|94/100
|-damage|p1a: Primarina|82/100|[from] Stealth Rock
|move|p2a: Volcanion|Steam Eruption|p1a: Primarina
|-resisted|p1a: Primarina
|-damage|p1a: Primarina|58/100
|
|-heal|p1a: Primarina|65/100|[from] item: Leftovers
|-heal|p2a: Volcanion|15/100|[from] item: Leftovers
|-damage|p2a: Volcanion|0 fnt|[from] Salt Cure
|faint|p2a: Volcanion
|upkeep
|
|t:|1769405499
|switch|p2a: Pecharunt|Pecharunt|100/100
|turn|12
|l| J Pokemon Master M
|
|t:|1769405509
|switch|p1a: Kingambit|Kingambit, M, shiny|100/100
|-damage|p1a: Kingambit|94/100|[from] Stealth Rock
|-activate|p1a: Kingambit|ability: Supreme Overlord
|-start|p1a: Kingambit|fallen1|[silent]
|move|p2a: Pecharunt|Malignant Chain|p1a: Kingambit
|-immune|p1a: Kingambit
|
|-heal|p1a: Kingambit|100/100|[from] item: Leftovers
|upkeep
|turn|13
|
|t:|1769405516
|switch|p2a: Kingambit|Kingambit, F|100/100
|-damage|p2a: Kingambit|94/100|[from] Stealth Rock
|-activate|p2a: Kingambit|ability: Supreme Overlord
|-start|p2a: Kingambit|fallen2|[silent]
|move|p1a: Kingambit|Swords Dance|p1a: Kingambit
|-boost|p1a: Kingambit|atk|2
|
|-heal|p2a: Kingambit|100/100|[from] item: Leftovers
|upkeep
|turn|14
|
|t:|1769405524
|-end|p1a: Kingambit|fallen1|[silent]
|switch|p1a: Great Tusk|Great Tusk|100/100
|move|p2a: Kingambit|Low Kick|p1a: Great Tusk
|-damage|p1a: Great Tusk|60/100
|
|upkeep
|turn|15
|
|t:|1769405535
|-end|p2a: Kingambit|fallen2|[silent]
|switch|p2a: Pecharunt|Pecharunt|100/100
|move|p1a: Great Tusk|Headlong Rush|p2a: Pecharunt
|-supereffective|p2a: Pecharunt
|-damage|p2a: Pecharunt|22/100
|-unboost|p1a: Great Tusk|def|1
|-unboost|p1a: Great Tusk|spd|1
|
|upkeep
|turn|16
|
|t:|1769405542
|-end|p1a: Great Tusk|Protosynthesis|[silent]
|switch|p1a: Garganacl|Garganacl, F|40/100
|-damage|p1a: Garganacl|27/100|[from] Stealth Rock
|move|p2a: Pecharunt|Shadow Ball|p1a: Garganacl
|-damage|p1a: Garganacl|18/100
|-unboost|p1a: Garganacl|spd|1
|
|-heal|p1a: Garganacl|25/100|[from] item: Leftovers
|upkeep
|turn|17
|
|t:|1769405562
|switch|p2a: Iron Valiant|Iron Valiant|100/100
|-damage|p2a: Iron Valiant|94/100|[from] Stealth Rock
|-enditem|p2a: Iron Valiant|Booster Energy
|-activate|p2a: Iron Valiant|ability: Quark Drive|[fromitem]
|-start|p2a: Iron Valiant|quarkdrivespe
|move|p1a: Garganacl|Salt Cure|p2a: Iron Valiant
|-resisted|p2a: Iron Valiant
|-damage|p2a: Iron Valiant|86/100
|-start|p2a: Iron Valiant|Salt Cure
|
|-heal|p1a: Garganacl|31/100|[from] item: Leftovers
|-damage|p2a: Iron Valiant|74/100|[from] Salt Cure
|upkeep
|turn|18
|
|t:|1769405569
|move|p1a: Garganacl|Protect|p1a: Garganacl
|-singleturn|p1a: Garganacl|Protect
|move|p2a: Iron Valiant|Close Combat|p1a: Garganacl
|-activate|p1a: Garganacl|move: Protect
|
|-heal|p1a: Garganacl|37/100|[from] item: Leftovers
|-damage|p2a: Iron Valiant|61/100|[from] Salt Cure
|upkeep
|turn|19
|
|t:|1769405573
|move|p2a: Iron Valiant|Knock Off|p1a: Garganacl
|-damage|p1a: Garganacl|15/100
|-enditem|p1a: Garganacl|Leftovers|[from] move: Knock Off|[of] p2a: Iron Valiant
|move|p1a: Garganacl|Recover|p1a: Garganacl
|-heal|p1a: Garganacl|65/100
|
|-damage|p2a: Iron Valiant|49/100|[from] Salt Cure
|upkeep
|turn|20
|
|t:|1769405576
|move|p1a: Garganacl|Protect|p1a: Garganacl
|-singleturn|p1a: Garganacl|Protect
|move|p2a: Iron Valiant|Encore|p1a: Garganacl
|-activate|p1a: Garganacl|move: Protect
|
|-damage|p2a: Iron Valiant|36/100|[from] Salt Cure
|upkeep
|turn|21
|
|t:|1769405579
|switch|p1a: Pecharunt|Pecharunt|100/100
|move|p2a: Iron Valiant|Close Combat|p1a: Pecharunt
|-immune|p1a: Pecharunt
|
|-damage|p2a: Iron Valiant|24/100|[from] Salt Cure
|upkeep
|turn|22
|
|t:|1769405582
|move|p2a: Iron Valiant|Knock Off|p1a: Pecharunt
|-supereffective|p1a: Pecharunt
|-damage|p1a: Pecharunt|71/100
|-enditem|p1a: Pecharunt|Heavy-Duty Boots|[from] move: Knock Off|[of] p2a: Iron Valiant
|move|p1a: Pecharunt|Toxic|p2a: Iron Valiant
|-status|p2a: Iron Valiant|tox
|-start|p2a: Iron Valiant|confusion|[from] ability: Poison Puppeteer|[of] p1a: Pecharunt
|
|-damage|p2a: Iron Valiant|17/100 tox|[from] psn
|-damage|p2a: Iron Valiant|5/100 tox|[from] Salt Cure
|upkeep
|turn|23
|
|t:|1769405586
|-activate|p2a: Iron Valiant|confusion
|move|p2a: Iron Valiant|Encore|p1a: Pecharunt
|-start|p1a: Pecharunt|Encore
|move|p1a: Pecharunt|Toxic|p2a: Iron Valiant
|-fail|p2a: Iron Valiant|tox
|
|-damage|p2a: Iron Valiant|0 fnt|[from] psn
|faint|p2a: Iron Valiant
|-end|p2a: Iron Valiant|Quark Drive|[silent]
|upkeep
|
|t:|1769405598
|switch|p2a: Kingambit|Kingambit, F|100/100
|-damage|p2a: Kingambit|94/100|[from] Stealth Rock
|-activate|p2a: Kingambit|ability: Supreme Overlord
|-start|p2a: Kingambit|fallen3|[silent]
|turn|24
|
|t:|1769405610
|switch|p1a: Primarina|Primarina, F|65/100
|-damage|p1a: Primarina|52/100|[from] Stealth Rock
|move|p2a: Kingambit|Low Kick|p1a: Primarina
|-resisted|p1a: Primarina
|-damage|p1a: Primarina|35/100
|
|-heal|p1a: Primarina|41/100|[from] item: Leftovers
|-heal|p2a: Kingambit|100/100|[from] item: Leftovers
|upkeep
|turn|25
|
|t:|1769405616
|move|p1a: Primarina|Encore|p2a: Kingambit
|-start|p2a: Kingambit|Encore
|move|p2a: Kingambit|Low Kick|p1a: Primarina
|-resisted|p1a: Primarina
|-damage|p1a: Primarina|25/100
|
|-heal|p1a: Primarina|31/100|[from] item: Leftovers
|upkeep
|turn|26
|
|t:|1769405622
|-end|p2a: Kingambit|fallen3|[silent]
|switch|p2a: Pecharunt|Pecharunt|22/100
|move|p1a: Primarina|Psychic Noise|p2a: Pecharunt
|-damage|p2a: Pecharunt|0 fnt
|faint|p2a: Pecharunt
|
|-heal|p1a: Primarina|37/100|[from] item: Leftovers
|upkeep
|
|t:|1769405624
|switch|p2a: Deoxys|Deoxys-Speed|100/100
|-damage|p2a: Deoxys|88/100|[from] Stealth Rock
|-ability|p2a: Deoxys|Pressure
|turn|27
|
|t:|1769405628
|switch|p1a: Garganacl|Garganacl, F|65/100
|-damage|p1a: Garganacl|53/100|[from] Stealth Rock
|move|p2a: Deoxys|Psycho Boost|p1a: Garganacl
|-damage|p1a: Garganacl|12/100
|-unboost|p2a: Deoxys|spa|2
|-enditem|p2a: Deoxys|Eject Pack
|
|t:|1769405630
|switch|p2a: Kingambit|Kingambit, F|100/100
|-damage|p2a: Kingambit|94/100|[from] Stealth Rock
|-activate|p2a: Kingambit|ability: Supreme Overlord
|-start|p2a: Kingambit|fallen4|[silent]
|
|-heal|p2a: Kingambit|100/100|[from] item: Leftovers
|upkeep
|turn|28
|
|t:|1769405635
|move|p2a: Kingambit|Low Kick|p1a: Garganacl
|-supereffective|p1a: Garganacl
|-damage|p1a: Garganacl|0 fnt
|faint|p1a: Garganacl
|
|upkeep
|
|t:|1769405638
|switch|p1a: Great Tusk|Great Tusk|60/100
|turn|29
|
|t:|1769405655
|-end|p2a: Kingambit|fallen4|[silent]
|switch|p2a: Deoxys|Deoxys-Speed|88/100
|-damage|p2a: Deoxys|76/100|[from] Stealth Rock
|-ability|p2a: Deoxys|Pressure
|move|p1a: Great Tusk|Headlong Rush|p2a: Deoxys
|-damage|p2a: Deoxys|0 fnt
|-unboost|p1a: Great Tusk|def|1
|-unboost|p1a: Great Tusk|spd|1
|faint|p2a: Deoxys
|
|upkeep
|
|t:|1769405658
|switch|p2a: Kingambit|Kingambit, F|100/100
|-damage|p2a: Kingambit|94/100|[from] Stealth Rock
|-activate|p2a: Kingambit|ability: Supreme Overlord
|-start|p2a: Kingambit|fallen5|[silent]
|turn|30
|
|t:|1769405677
|-terastallize|p2a: Kingambit|Fighting
|move|p1a: Great Tusk|Headlong Rush|p2a: Kingambit
|-damage|p2a: Kingambit|42/100
|-unboost|p1a: Great Tusk|def|1
|-unboost|p1a: Great Tusk|spd|1
|move|p2a: Kingambit|Low Kick|p1a: Great Tusk
|-damage|p1a: Great Tusk|0 fnt
|faint|p1a: Great Tusk
|-end|p1a: Great Tusk|Protosynthesis|[silent]
|
|-heal|p2a: Kingambit|48/100|[from] item: Leftovers
|upkeep
|
|t:|1769405683
|switch|p1a: Pecharunt|Pecharunt|71/100
|-damage|p1a: Pecharunt|59/100|[from] Stealth Rock
|turn|31
|
|t:|1769405688
|move|p1a: Pecharunt|Toxic|p2a: Kingambit
|-status|p2a: Kingambit|tox
|-start|p2a: Kingambit|confusion|[from] ability: Poison Puppeteer|[of] p1a: Pecharunt
|-activate|p2a: Kingambit|confusion
|move|p2a: Kingambit|Swords Dance|p2a: Kingambit
|-boost|p2a: Kingambit|atk|2
|
|-heal|p2a: Kingambit|55/100 tox|[from] item: Leftovers
|-damage|p2a: Kingambit|48/100 tox|[from] psn
|upkeep
|turn|32
|
|t:|1769405695
|move|p1a: Pecharunt|Parting Shot|p2a: Kingambit
|-unboost|p2a: Kingambit|atk|1
|-unboost|p2a: Kingambit|spa|1
|
|t:|1769405696
|switch|p1a: Primarina|Primarina, F|37/100|[from] Parting Shot
|-damage|p1a: Primarina|25/100|[from] Stealth Rock
|-activate|p2a: Kingambit|confusion
|-damage|p2a: Kingambit|31/100 tox|[from] confusion
|
|-heal|p1a: Primarina|31/100|[from] item: Leftovers
|-heal|p2a: Kingambit|37/100 tox|[from] item: Leftovers
|-damage|p2a: Kingambit|24/100 tox|[from] psn
|upkeep
|turn|33
|-message|Eel56 forfeited.
|
|win|Flex Plays Only
|raw|Flex Plays Only's rating: 1654 &rarr; <strong>1684</strong><br />(+30 for winning)
|raw|Eel56's rating: 1837 &rarr; <strong>1807</strong><br />(-30 for losing)
|l|☆Eel56
|player|p2|
|l|☆Flex Plays Only
|player|p1|
