|j|☆Gr33niety
|j|☆1337muffin1337
|t:|1769418866
|gametype|singles
|player|p1|Gr33niety|ingo|1102
|player|p2|1337muffin1337|misty|1089
|gen|9
|tier|[Gen 9] OU
|rated|
|rule|HP Percentage Mod: HP is shown in percentages
|rule|Endless Battle Clause: Forcing endless battles is banned
|rule|Species Clause: Limit one of each Pokémon
|rule|OHKO Clause: OHKO moves are banned
|rule|Evasion Items Clause: Evasion items are banned
|rule|Evasion Moves Clause: Evasion moves are banned
|rule|Evasion Abilities Clause: Evasion abilities are banned
|rule|Sleep Moves Clause: Sleep-inducing moves are banned
|clearpoke
|poke|p1|Slowking-Galar, M|
|poke|p1|Ursaluna, M|
|poke|p1|Gyarados, M|
|poke|p1|Iron Hands|
|poke|p1|Great Tusk|
|poke|p1|Walking Wake|
|poke|p2|Volcanion|
|poke|p2|Lapras, F|
|poke|p2|Espeon, F|
|poke|p2|Darkrai|
|poke|p2|Iron Treads|
|poke|p2|Conkeldurr, M|
|teampreview
|inactive|Battle timer is ON: inactive players will automatically lose when time's up. (requested by Gr33niety)
|
|t:|1769418876
|teamsize|p1|6
|teamsize|p2|6
|start
|switch|p1a: Notorious B.I.G.|Slowking-Galar, M, shiny|100/100
|switch|p2a: Espeon|Espeon, F|100/100
|turn|1
|
|t:|1769418890
|move|p2a: Espeon|Calm Mind|p2a: Espeon
|-boost|p2a: Espeon|spa|1
|-boost|p2a: Espeon|spd|1
|move|p1a: Notorious B.I.G.|Trick Room|p1a: Notorious B.I.G.
|-fieldstart|move: Trick Room|[of] p1a: Notorious B.I.G.
|
|upkeep
|turn|2
|
|t:|1769418911
|switch|p1a: Freddy|Ursaluna, M, shiny|100/100
|move|p2a: Espeon|Psychic|p1a: Freddy
|-damage|p1a: Freddy|0 fnt
|faint|p1a: Freddy
|-damage|p2a: Espeon|91/100|[from] item: Life Orb
|
|upkeep
|
|t:|1769418917
|switch|p1a: Act 4|Great Tusk|100/100
|turn|3
|
|t:|1769418923
|move|p1a: Act 4|Headlong Rush|p2a: Espeon
|-damage|p2a: Espeon|0 fnt
|-unboost|p1a: Act 4|def|1
|-unboost|p1a: Act 4|spd|1
|faint|p2a: Espeon
|
|upkeep
|
|t:|1769418929
|switch|p2a: Lapras|Lapras, F, shiny|100/100
|turn|4
|
|t:|1769418938
|-end|p1a: Act 4|Protosynthesis|[silent]
|switch|p1a: Iron Hands|Iron Hands|100/100
|move|p2a: Lapras|Brine|p1a: Iron Hands
|-damage|p1a: Iron Hands|69/100
|
|upkeep
|turn|5
|
|t:|1769418948
|move|p1a: Iron Hands|Belly Drum|p1a: Iron Hands
|-damage|p1a: Iron Hands|19/100
|-setboost|p1a: Iron Hands|atk|6|[from] move: Belly Drum
|-enditem|p1a: Iron Hands|Sitrus Berry|[eat]
|-heal|p1a: Iron Hands|44/100|[from] item: Sitrus Berry
|move|p2a: Lapras|Alluring Voice|p1a: Iron Hands
|-supereffective|p1a: Iron Hands
|-damage|p1a: Iron Hands|0 fnt
|faint|p1a: Iron Hands
|-end|p1a: Iron Hands|Quark Drive|[silent]
|
|-fieldend|move: Trick Room
|upkeep
|
|t:|1769418962
|switch|p1a: Top Gun|Gyarados, M, shiny|100/100
|turn|6
|
|t:|1769418967
|switch|p1a: Notorious B.I.G.|Slowking-Galar, M, shiny|100/100
|move|p2a: Lapras|Freeze-Dry|p1a: Notorious B.I.G.
|-damage|p1a: Notorious B.I.G.|81/100
|
|upkeep
|turn|7
|
|t:|1769418980
|switch|p2a: Iron Treads|Iron Treads|100/100
|-enditem|p2a: Iron Treads|Booster Energy
|-activate|p2a: Iron Treads|ability: Quark Drive|[fromitem]
|-start|p2a: Iron Treads|quarkdrivespe
|move|p1a: Notorious B.I.G.|Toxic|p2a: Iron Treads
|-immune|p2a: Iron Treads
|
|upkeep
|turn|8
|l|☆Gr33niety
|inactive|Gr33niety disconnected and has a minute to reconnect!
|player|p1|
|j|☆Gr33niety
|inactive|Gr33niety reconnected and has 130 seconds left.
|player|p1|Gr33niety|ingo|
|
|t:|1769419005
|move|p2a: Iron Treads|Earthquake|p1a: Notorious B.I.G.
|-supereffective|p1a: Notorious B.I.G.
|-damage|p1a: Notorious B.I.G.|0 fnt
|faint|p1a: Notorious B.I.G.
|
|upkeep
|
|t:|1769419009
|switch|p1a: Act 4|Great Tusk|100/100
|turn|9
|
|t:|1769419035
|-end|p2a: Iron Treads|Quark Drive|[silent]
|switch|p2a: Volcanion|Volcanion|100/100
|move|p1a: Act 4|Headlong Rush|p2a: Volcanion
|-supereffective|p2a: Volcanion
|-damage|p2a: Volcanion|0 fnt
|-unboost|p1a: Act 4|def|1
|-unboost|p1a: Act 4|spd|1
|-damage|p1a: Act 4|84/100|[from] item: Rocky Helmet|[of] p2a: Volcanion
|faint|p2a: Volcanion
|
|-heal|p1a: Act 4|90/100|[from] item: Leftovers
|upkeep
|
|t:|1769419050
|switch|p2a: Darkrai|Darkrai|100/100
|turn|10
|
|t:|1769419063
|-end|p1a: Act 4|Protosynthesis|[silent]
|switch|p1a: Top Gun|Gyarados, M, shiny|100/100
|move|p2a: Darkrai|Psychic|p1a: Top Gun
|-damage|p1a: Top Gun|70/100
|
|upkeep
|turn|11
|
|t:|1769419069
|-terastallize|p1a: Top Gun|Ground
|move|p2a: Darkrai|Dark Pulse|p1a: Top Gun
|-damage|p1a: Top Gun|21/100
|move|p1a: Top Gun|Earthquake|p2a: Darkrai
|-damage|p2a: Darkrai|29/100
|
|upkeep
|turn|12
|
|t:|1769419080
|switch|p1a: T.M. Opera O|Walking Wake|100/100
|move|p2a: Darkrai|Dark Pulse|p1a: T.M. Opera O
|-damage|p1a: T.M. Opera O|50/100
|
|-heal|p1a: T.M. Opera O|56/100|[from] item: Leftovers
|upkeep
|turn|13
|
|t:|1769419087
|move|p2a: Darkrai|Dark Pulse|p1a: T.M. Opera O
|-damage|p1a: T.M. Opera O|5/100
|move|p1a: T.M. Opera O|Hydro Steam|p2a: Darkrai
|-damage|p2a: Darkrai|0 fnt
|faint|p2a: Darkrai
|
|-heal|p1a: T.M. Opera O|11/100|[from] item: Leftovers
|upkeep
|
|t:|1769419095
|switch|p2a: Conkeldurr|Conkeldurr, M|100/100
|turn|14
|
|t:|1769419104
|move|p2a: Conkeldurr|Mach Punch|p1a: T.M. Opera O
|-damage|p1a: T.M. Opera O|0 fnt
|faint|p1a: T.M. Opera O
|-end|p1a: T.M. Opera O|Protosynthesis|[silent]
|
|upkeep
|
|t:|1769419114
|switch|p1a: Act 4|Great Tusk|90/100
|turn|15
|
|t:|1769419121
|move|p1a: Act 4|Headlong Rush|p2a: Conkeldurr
|-damage|p2a: Conkeldurr|50/100
|-unboost|p1a: Act 4|def|1
|-unboost|p1a: Act 4|spd|1
|move|p2a: Conkeldurr|Ice Punch|p1a: Act 4
|-supereffective|p1a: Act 4
|-damage|p1a: Act 4|0 fnt
|faint|p1a: Act 4
|-end|p1a: Act 4|Protosynthesis|[silent]
|
|upkeep
|
|t:|1769419123
|switch|p1a: Top Gun|Gyarados, M, shiny, tera:Ground|21/100
|turn|16
|
|t:|1769419132
|move|p1a: Top Gun|Earthquake|p2a: Conkeldurr
|-damage|p2a: Conkeldurr|9/100
|move|p2a: Conkeldurr|Ice Punch|p1a: Top Gun
|-supereffective|p1a: Top Gun
|-damage|p1a: Top Gun|0 fnt
|faint|p1a: Top Gun
|
|win|1337muffin1337
|raw|Gr33niety's rating: 1102 &rarr; <strong>1076</strong><br />(-26 for losing)
|raw|1337muffin1337's rating: 1089 &rarr; <strong>1117</strong><br />(+28 for winning)
|l|☆1337muffin1337
|player|p2|
|l|☆Gr33niety
|player|p1|
