|j|☆mildceiling122
|j|☆HokageNarudo
|t:|1769322485
|gametype|singles
|player|p1|mildceiling122|101|1535
|player|p2|HokageNarudo|miku-fairy|1517
|gen|9
|tier|[Gen 9] OU
|rated|
|rule|HP Percentage Mod: HP is shown in percentages
|rule|Endless Battle Clause: Forcing endless battles is banned
|rule|Species Clause: Limit one of each Pokémon
|rule|OHKO Clause: OHKO moves are banned
|rule|Evasion Items Clause: Evasion items are banned
|rule|Evasion Moves Clause: Evasion moves are banned
|rule|Evasion Abilities Clause: Evasion abilities are banned
|rule|Sleep Moves Clause: Sleep-inducing moves are banned
|clearpoke
|poke|p1|Samurott-Hisui, F|
|poke|p1|Gholdengo|
|poke|p1|Slowking-Galar, F|
|poke|p1|Kyurem|
|poke|p1|Rillaboom, M|
|poke|p1|Iron Valiant|
|poke|p2|Great Tusk|
|poke|p2|Walking Wake|
|poke|p2|Kingambit, F|
|poke|p2|Venusaur, M|
|poke|p2|Ninetales, F|
|poke|p2|Raging Bolt|
|teampreview
|
|t:|1769322496
|teamsize|p1|6
|teamsize|p2|6
|start
|switch|p1a: Samurott|Samurott-Hisui, F|100/100
|switch|p2a: Ninetales|Ninetales, F|100/100
|-weather|SunnyDay|[from] ability: Drought|[of] p2a: Ninetales
|turn|1
|
|t:|1769322501
|move|p2a: Ninetales|Will-O-Wisp|p1a: Samurott
|-status|p1a: Samurott|brn
|move|p1a: Samurott|Ceaseless Edge|p2a: Ninetales
|-damage|p2a: Ninetales|74/100
|-sidestart|p2: HokageNarudo|Spikes
|
|-weather|SunnyDay|[upkeep]
|-damage|p1a: Samurott|94/100 brn|[from] brn
|upkeep
|turn|2
|
|t:|1769322512
|switch|p2a: Great Tusk|Great Tusk|100/100
|-damage|p2a: Great Tusk|88/100|[from] Spikes
|-activate|p2a: Great Tusk|ability: Protosynthesis
|-start|p2a: Great Tusk|protosynthesisatk
|move|p1a: Samurott|Ceaseless Edge|p2a: Great Tusk
|-resisted|p2a: Great Tusk
|-damage|p2a: Great Tusk|81/100
|-sidestart|p2: HokageNarudo|Spikes
|
|-weather|SunnyDay|[upkeep]
|-damage|p1a: Samurott|88/100 brn|[from] brn
|upkeep
|turn|3
|
|t:|1769322519
|switch|p1a: Gholdengo|Gholdengo|100/100
|-item|p1a: Gholdengo|Air Balloon
|move|p2a: Great Tusk|Headlong Rush|p1a: Gholdengo
|-immune|p1a: Gholdengo
|
|-weather|SunnyDay|[upkeep]
|upkeep
|turn|4
|
|t:|1769322527
|move|p1a: Gholdengo|Make It Rain|p2a: Great Tusk
|-damage|p2a: Great Tusk|21/100
|-unboost|p1a: Gholdengo|spa|1
|move|p2a: Great Tusk|Ice Spinner|p1a: Gholdengo
|-resisted|p1a: Gholdengo
|-damage|p1a: Gholdengo|80/100
|-enditem|p1a: Gholdengo|Air Balloon
|
|-weather|SunnyDay|[upkeep]
|upkeep
|turn|5
|
|t:|1769322536
|-end|p2a: Great Tusk|Protosynthesis|[silent]
|switch|p2a: Ninetales|Ninetales, F|74/100
|-damage|p2a: Ninetales|57/100|[from] Spikes
|move|p1a: Gholdengo|Shadow Ball|p2a: Ninetales
|-damage|p2a: Ninetales|28/100
|
|-weather|SunnyDay|[upkeep]
|upkeep
|turn|6
|
|t:|1769322542
|switch|p1a: Samurott|Samurott-Hisui, F|88/100 brn
|move|p2a: Ninetales|Weather Ball|p1a: Samurott
|-resisted|p1a: Samurott
|-damage|p1a: Samurott|74/100 brn
|
|-weather|SunnyDay|[upkeep]
|-damage|p1a: Samurott|68/100 brn|[from] brn
|upkeep
|turn|7
|
|t:|1769322547
|switch|p2a: Great Tusk|Great Tusk|21/100
|-damage|p2a: Great Tusk|5/100|[from] Spikes
|-activate|p2a: Great Tusk|ability: Protosynthesis
|-start|p2a: Great Tusk|protosynthesisatk
|move|p1a: Samurott|Ceaseless Edge|p2a: Great Tusk
|-resisted|p2a: Great Tusk
|-damage|p2a: Great Tusk|0 fnt
|-sidestart|p2: HokageNarudo|Spikes
|faint|p2a: Great Tusk
|-end|p2a: Great Tusk|Protosynthesis|[silent]
|
|-weather|SunnyDay|[upkeep]
|-damage|p1a: Samurott|62/100 brn|[from] brn
|upkeep
|
|t:|1769322558
|switch|p2a: Raging Bolt|Raging Bolt|100/100
|-item|p2a: Raging Bolt|Air Balloon
|-activate|p2a: Raging Bolt|ability: Protosynthesis
|-start|p2a: Raging Bolt|protosynthesisspa
|turn|8
|
|t:|1769322569
|move|p2a: Raging Bolt|Thunderclap|p1a: Samurott
|-supereffective|p1a: Samurott
|-damage|p1a: Samurott|0 fnt
|faint|p1a: Samurott
|
|-weather|none
|-end|p2a: Raging Bolt|Protosynthesis
|upkeep
|
|t:|1769322594
|switch|p1a: Kyurem|Kyurem|100/100
|-ability|p1a: Kyurem|Pressure
|turn|9
|
|t:|1769322658
|-terastallize|p2a: Raging Bolt|Fairy
|move|p1a: Kyurem|Blizzard|p2a: Raging Bolt
|-damage|p2a: Raging Bolt|15/100
|-enditem|p2a: Raging Bolt|Air Balloon
|move|p2a: Raging Bolt|Dragon Pulse|p1a: Kyurem
|-supereffective|p1a: Kyurem
|-damage|p1a: Kyurem|0 fnt
|faint|p1a: Kyurem
|
|upkeep
|
|t:|1769322669
|switch|p1a: Rillaboom|Rillaboom, M|100/100
|-fieldstart|move: Grassy Terrain|[from] ability: Grassy Surge|[of] p1a: Rillaboom
|turn|10
|
|t:|1769322678
|-end|p2a: Raging Bolt|Protosynthesis|[silent]
|switch|p2a: Ninetales|Ninetales, F|28/100
|-damage|p2a: Ninetales|3/100|[from] Spikes
|-weather|SunnyDay|[from] ability: Drought|[of] p2a: Ninetales
|move|p1a: Rillaboom|U-turn|p2a: Ninetales
|-resisted|p2a: Ninetales
|-damage|p2a: Ninetales|0 fnt
|faint|p2a: Ninetales
|
|t:|1769322685
|switch|p1a: Slowking|Slowking-Galar, F|100/100|[from] U-turn
|
|-weather|SunnyDay|[upkeep]
|upkeep
|
|t:|1769322696
|switch|p2a: Kingambit|Kingambit, F|100/100
|-activate|p2a: Kingambit|ability: Supreme Overlord
|-start|p2a: Kingambit|fallen2|[silent]
|-item|p2a: Kingambit|Air Balloon
|turn|11
|
|t:|1769322721
|move|p2a: Kingambit|Iron Head|p1a: Slowking
|-damage|p1a: Slowking|43/100
|-prepare|p1a: Slowking|Chilly Reception|[premajor]
|move|p1a: Slowking|Chilly Reception|p1a: Slowking
|-weather|Snowscape
|
|t:|1769322725
|switch|p1a: Iron Valiant|Iron Valiant|100/100|[from] Chilly Reception
|-enditem|p1a: Iron Valiant|Booster Energy
|-activate|p1a: Iron Valiant|ability: Quark Drive|[fromitem]
|-start|p1a: Iron Valiant|quarkdrivespe
|
|-weather|Snowscape|[upkeep]
|upkeep
|turn|12
|
|t:|1769322738
|-end|p2a: Kingambit|fallen2|[silent]
|switch|p2a: Raging Bolt|Raging Bolt, tera:Fairy|15/100
|-damage|p2a: Raging Bolt|0 fnt|[from] Spikes
|faint|p2a: Raging Bolt
|-end|p2a: Raging Bolt|Protosynthesis|[silent]
|move|p1a: Iron Valiant|Close Combat|p2: Raging Bolt|[notarget]
|-fail|p1a: Iron Valiant
|
|-weather|Snowscape|[upkeep]
|upkeep
|
|t:|1769322748
|switch|p2a: Venusaur|Venusaur, M|100/100
|-damage|p2a: Venusaur|76/100|[from] Spikes
|turn|13
|
|t:|1769322757
|-end|p1a: Iron Valiant|Quark Drive|[silent]
|switch|p1a: Slowking|Slowking-Galar, F|76/100
|move|p2a: Venusaur|Sludge Bomb|p1a: Slowking
|-resisted|p1a: Slowking
|-damage|p1a: Slowking|60/100
|-damage|p2a: Venusaur|66/100|[from] item: Life Orb
|
|-weather|Snowscape|[upkeep]
|-heal|p2a: Venusaur|72/100|[from] Grassy Terrain
|-heal|p1a: Slowking|66/100|[from] Grassy Terrain
|upkeep
|turn|14
|-message|HokageNarudo forfeited.
|
|win|mildceiling122
|raw|mildceiling122's rating: 1535 &rarr; <strong>1554</strong><br />(+19 for winning)
|raw|HokageNarudo's rating: 1517 &rarr; <strong>1498</strong><br />(-19 for losing)
