|j|☆Junkzera
|j|☆golden charizard
|t:|1769415060
|gametype|singles
|player|p1|Junkzera|101|1119
|player|p2|golden charizard|266|1153
|gen|9
|tier|[Gen 9] OU
|rated|
|rule|HP Percentage Mod: HP is shown in percentages
|rule|Endless Battle Clause: Forcing endless battles is banned
|rule|Species Clause: Limit one of each Pokémon
|rule|OHKO Clause: OHKO moves are banned
|rule|Evasion Items Clause: Evasion items are banned
|rule|Evasion Moves Clause: Evasion moves are banned
|rule|Evasion Abilities Clause: Evasion abilities are banned
|rule|Sleep Moves Clause: Sleep-inducing moves are banned
|clearpoke
|poke|p1|Cloyster, M|
|poke|p1|Glimmora, F|
|poke|p1|Dragapult, M|
|poke|p1|Great Tusk|
|poke|p1|Kingambit, F|
|poke|p1|Rotom-Wash|
|poke|p2|Ambipom, F|
|poke|p2|Rotom-Wash|
|poke|p2|Clodsire, M|
|poke|p2|Drifblim, F|
|poke|p2|Muk-Alola, F|
|poke|p2|Meowscarada, M|
|teampreview
|
|t:|1769415065
|teamsize|p1|6
|teamsize|p2|6
|start
|switch|p1a: Cloyster|Cloyster, M|100/100
|switch|p2a: Clodsire|Clodsire, M|100/100
|turn|1
|
|t:|1769415071
|move|p1a: Cloyster|Shell Smash|p1a: Cloyster
|-unboost|p1a: Cloyster|def|1
|-unboost|p1a: Cloyster|spd|1
|-boost|p1a: Cloyster|atk|2
|-boost|p1a: Cloyster|spa|2
|-boost|p1a: Cloyster|spe|2
|move|p2a: Clodsire|Toxic|p1a: Cloyster
|-status|p1a: Cloyster|tox
|
|-damage|p1a: Cloyster|94/100 tox|[from] psn
|upkeep
|turn|2
|
|t:|1769415085
|-terastallize|p2a: Clodsire|Poison
|move|p1a: Cloyster|Icicle Spear|p2a: Clodsire
|-damage|p2a: Clodsire|90/100
|-damage|p2a: Clodsire|78/100
|-damage|p2a: Clodsire|66/100
|-damage|p2a: Clodsire|54/100
|-damage|p2a: Clodsire|41/100
|-hitcount|p2a: Clodsire|5
|move|p2a: Clodsire|Stealth Rock|p1a: Cloyster
|-sidestart|p1: Junkzera|move: Stealth Rock
|
|-heal|p2a: Clodsire|47/100|[from] item: Black Sludge
|-damage|p1a: Cloyster|82/100 tox|[from] psn
|upkeep
|turn|3
|
|t:|1769415102
|move|p1a: Cloyster|Icicle Spear|p2a: Clodsire
|-damage|p2a: Clodsire|36/100
|-damage|p2a: Clodsire|24/100
|-damage|p2a: Clodsire|13/100
|-damage|p2a: Clodsire|1/100
|-damage|p2a: Clodsire|0 fnt
|faint|p2a: Clodsire
|-hitcount|p2: Clodsire|5
|
|-damage|p1a: Cloyster|63/100 tox|[from] psn
|upkeep
|
|t:|1769415110
|switch|p2a: Ambipom|Ambipom, F|100/100
|turn|4
|
|t:|1769415119
|move|p2a: Ambipom|Fake Out|p1a: Cloyster
|-enditem|p2a: Ambipom|Normal Gem|[from] gem
|-damage|p1a: Cloyster|18/100 tox
|cant|p1a: Cloyster|flinch
|
|-damage|p1a: Cloyster|0 fnt|[from] psn
|faint|p1a: Cloyster
|upkeep
|
|t:|1769415128
|switch|p1a: Kingambit|Kingambit, F|100/100
|-damage|p1a: Kingambit|94/100|[from] Stealth Rock
|-activate|p1a: Kingambit|ability: Supreme Overlord
|-start|p1a: Kingambit|fallen1|[silent]
|turn|5
|
|t:|1769415143
|switch|p2a: Muk|Muk-Alola, F|100/100
|move|p1a: Kingambit|Swords Dance|p1a: Kingambit
|-boost|p1a: Kingambit|atk|2
|
|upkeep
|turn|6
|
|t:|1769415167
|move|p1a: Kingambit|Iron Head|p2a: Muk
|-damage|p2a: Muk|0 fnt
|faint|p2a: Muk
|
|upkeep
|
|t:|1769415171
|switch|p2a: Meowscarada|Meowscarada, M|100/100
|turn|7
|
|t:|1769415175
|move|p2a: Meowscarada|Flower Trick|p1a: Kingambit
|-start|p2a: Meowscarada|typechange|Grass|[from] ability: Protean
|-resisted|p1a: Kingambit
|-crit|p1a: Kingambit
|-damage|p1a: Kingambit|73/100
|-damage|p2a: Meowscarada|91/100|[from] item: Life Orb
|move|p1a: Kingambit|Iron Head|p2a: Meowscarada
|-damage|p2a: Meowscarada|0 fnt
|faint|p2a: Meowscarada
|
|upkeep
|
|t:|1769415180
|switch|p2a: Rotom|Rotom-Wash|100/100
|turn|8
|
|t:|1769415198
|move|p2a: Rotom|Hydro Pump|p1a: Kingambit
|-damage|p1a: Kingambit|1/100
|move|p1a: Kingambit|Swords Dance|p1a: Kingambit
|-boost|p1a: Kingambit|atk|2
|
|upkeep
|turn|9
|
|t:|1769415204
|move|p1a: Kingambit|Sucker Punch|p2a: Rotom
|-damage|p2a: Rotom|0 fnt
|faint|p2a: Rotom
|
|upkeep
|
|t:|1769415207
|switch|p2a: Ambipom|Ambipom, F|100/100
|turn|10
|
|t:|1769415211
|move|p2a: Ambipom|Fake Out|p1a: Kingambit
|-resisted|p1a: Kingambit
|-damage|p1a: Kingambit|0 fnt
|faint|p1a: Kingambit
|-end|p1a: Kingambit|fallen1|[silent]
|
|upkeep
|
|t:|1769415237
|switch|p1a: Glimmora|Glimmora, F|100/100
|-damage|p1a: Glimmora|88/100|[from] Stealth Rock
|turn|11
|
|t:|1769415243
|switch|p2a: Drifblim|Drifblim, F|100/100
|move|p1a: Glimmora|Mortal Spin|p2a: Drifblim
|-resisted|p2a: Drifblim
|-damage|p2a: Drifblim|96/100
|-status|p2a: Drifblim|psn
|-sideend|p1: Junkzera|Stealth Rock|[from] move: Mortal Spin|[of] p1a: Glimmora
|
|-damage|p2a: Drifblim|84/100 psn|[from] psn
|upkeep
|turn|12
|
|t:|1769415254
|move|p1a: Glimmora|Stealth Rock|p2a: Drifblim
|-sidestart|p2: golden charizard|move: Stealth Rock
|move|p2a: Drifblim|Shadow Ball|p1a: Glimmora
|-damage|p1a: Glimmora|37/100
|
|-damage|p2a: Drifblim|71/100 psn|[from] psn
|upkeep
|turn|13
|
|t:|1769415261
|-terastallize|p1a: Glimmora|Rock
|move|p1a: Glimmora|Earth Power|p2a: Drifblim
|-immune|p2a: Drifblim
|move|p2a: Drifblim|Shadow Ball|p1a: Glimmora
|-damage|p1a: Glimmora|0 fnt
|faint|p1a: Glimmora
|
|-damage|p2a: Drifblim|59/100 psn|[from] psn
|upkeep
|
|t:|1769415276
|switch|p1a: Dragapult|Dragapult, M|100/100
|turn|14
|
|t:|1769415288
|move|p1a: Dragapult|Shadow Ball|p2a: Drifblim
|-supereffective|p2a: Drifblim
|-damage|p2a: Drifblim|0 fnt
|faint|p2a: Drifblim
|
|upkeep
|
|t:|1769415291
|switch|p2a: Ambipom|Ambipom, F|100/100
|-damage|p2a: Ambipom|88/100|[from] Stealth Rock
|turn|15
|
|t:|1769415295
|move|p1a: Dragapult|Shadow Ball|p2a: Ambipom
|-immune|p2a: Ambipom
|move|p2a: Ambipom|Knock Off|p1a: Dragapult
|-supereffective|p1a: Dragapult
|-damage|p1a: Dragapult|24/100
|-enditem|p1a: Dragapult|Choice Specs|[from] move: Knock Off|[of] p2a: Ambipom
|
|upkeep
|turn|16
|
|t:|1769415303
|move|p1a: Dragapult|U-turn|p2a: Ambipom
|-damage|p2a: Ambipom|59/100
|
|t:|1769415306
|switch|p1a: Great Tusk|Great Tusk|100/100|[from] U-turn
|move|p2a: Ambipom|Knock Off|p1a: Great Tusk
|-resisted|p1a: Great Tusk
|-damage|p1a: Great Tusk|94/100
|-enditem|p1a: Great Tusk|Leftovers|[from] move: Knock Off|[of] p2a: Ambipom
|
|upkeep
|turn|17
|
|t:|1769415316
|move|p2a: Ambipom|Covet|p1a: Great Tusk
|-damage|p1a: Great Tusk|77/100
|move|p1a: Great Tusk|Earthquake|p2a: Ambipom
|-damage|p2a: Ambipom|0 fnt
|faint|p2a: Ambipom
|
|win|Junkzera
|raw|Junkzera's rating: 1119 &rarr; <strong>1146</strong><br />(+27 for winning)
|raw|golden charizard's rating: 1153 &rarr; <strong>1126</strong><br />(-27 for losing)
|l|☆golden charizard
|player|p2|
