|j|☆my pp itches 1
|j|☆daigurren87
|t:|1769407474
|gametype|singles
|player|p1|my pp itches 1|preschooler|1341
|player|p2|daigurren87|n|1361
|gen|9
|tier|[Gen 9] OU
|rated|
|rule|HP Percentage Mod: HP is shown in percentages
|rule|Endless Battle Clause: Forcing endless battles is banned
|rule|Species Clause: Limit one of each Pokémon
|rule|OHKO Clause: OHKO moves are banned
|rule|Evasion Items Clause: Evasion items are banned
|rule|Evasion Moves Clause: Evasion moves are banned
|rule|Evasion Abilities Clause: Evasion abilities are banned
|rule|Sleep Moves Clause: Sleep-inducing moves are banned
|clearpoke
|poke|p1|Tyranitar, M|
|poke|p1|Excadrill, M|
|poke|p1|Dragapult, M|
|poke|p1|Zamazenta-*|
|poke|p1|Darkrai|
|poke|p1|Zapdos|
|poke|p2|Pelipper, M|
|poke|p2|Volcanion|
|poke|p2|Iron Treads|
|poke|p2|Overqwil, M|
|poke|p2|Barraskewda, F|
|poke|p2|Lokix, M|
|teampreview
|inactive|Battle timer is ON: inactive players will automatically lose when time's up. (requested by daigurren87)
|
|t:|1769407482
|teamsize|p1|6
|teamsize|p2|6
|start
|switch|p1a: Zapdos|Zapdos|100/100
|switch|p2a: Toilet|Pelipper, M|100/100
|-weather|RainDance|[from] ability: Drizzle|[of] p2a: Toilet
|turn|1
|
|t:|1769407489
|switch|p2a: Iron Bed mimimimi|Iron Treads, shiny|100/100
|-enditem|p2a: Iron Bed mimimimi|Booster Energy
|-activate|p2a: Iron Bed mimimimi|ability: Quark Drive|[fromitem]
|-start|p2a: Iron Bed mimimimi|quarkdrivespe
|move|p1a: Zapdos|Hurricane|p2a: Iron Bed mimimimi
|-resisted|p2a: Iron Bed mimimimi
|-damage|p2a: Iron Bed mimimimi|54/100
|
|-weather|RainDance|[upkeep]
|upkeep
|turn|2
|
|t:|1769407497
|move|p2a: Iron Bed mimimimi|Stealth Rock|p1a: Zapdos
|-sidestart|p1: my pp itches 1|move: Stealth Rock
|move|p1a: Zapdos|Hurricane|p2a: Iron Bed mimimimi
|-resisted|p2a: Iron Bed mimimimi
|-damage|p2a: Iron Bed mimimimi|15/100
|-start|p2a: Iron Bed mimimimi|confusion
|
|-weather|RainDance|[upkeep]
|upkeep
|turn|3
|
|t:|1769407499
|-activate|p2a: Iron Bed mimimimi|confusion
|move|p2a: Iron Bed mimimimi|Ice Spinner|p1a: Zapdos
|-supereffective|p1a: Zapdos
|-damage|p1a: Zapdos|52/100
|move|p1a: Zapdos|Hurricane|p2a: Iron Bed mimimimi
|-resisted|p2a: Iron Bed mimimimi
|-damage|p2a: Iron Bed mimimimi|0 fnt
|faint|p2a: Iron Bed mimimimi
|-end|p2a: Iron Bed mimimimi|Quark Drive|[silent]
|
|-weather|RainDance|[upkeep]
|upkeep
|
|t:|1769407502
|switch|p2a: Dad|Barraskewda, F, shiny|100/100
|turn|4
|
|t:|1769407505
|-terastallize|p2a: Dad|Water
|move|p2a: Dad|Flip Turn|p1a: Zapdos
|-damage|p1a: Zapdos|0 fnt
|faint|p1a: Zapdos
|
|t:|1769407507
|switch|p2a: Shaboing|Overqwil, M, shiny|100/100|[from] Flip Turn
|
|-weather|RainDance|[upkeep]
|upkeep
|
|t:|1769407513
|switch|p1a: Tyranitar|Tyranitar, M|100/100
|-damage|p1a: Tyranitar|88/100|[from] Stealth Rock
|-weather|Sandstorm|[from] ability: Sand Stream|[of] p1a: Tyranitar
|turn|5
|
|t:|1769407516
|move|p2a: Shaboing|Gunk Shot|p1a: Tyranitar
|-resisted|p1a: Tyranitar
|-damage|p1a: Tyranitar|55/100
|-damage|p2a: Shaboing|91/100|[from] item: Life Orb
|move|p1a: Tyranitar|Stealth Rock|p2a: Shaboing
|-sidestart|p2: daigurren87|move: Stealth Rock
|
|-weather|Sandstorm|[upkeep]
|-damage|p2a: Shaboing|84/100|[from] Sandstorm
|upkeep
|turn|6
|
|t:|1769407520
|move|p2a: Shaboing|Gunk Shot|p1a: Tyranitar
|-resisted|p1a: Tyranitar
|-damage|p1a: Tyranitar|24/100
|-damage|p2a: Shaboing|74/100|[from] item: Life Orb
|move|p1a: Tyranitar|Knock Off|p2a: Shaboing
|-resisted|p2a: Shaboing
|-damage|p2a: Shaboing|44/100
|-enditem|p2a: Shaboing|Life Orb|[from] move: Knock Off|[of] p1a: Tyranitar
|
|-weather|Sandstorm|[upkeep]
|-damage|p2a: Shaboing|37/100|[from] Sandstorm
|upkeep
|turn|7
|
|t:|1769407526
|move|p2a: Shaboing|Gunk Shot|p1a: Tyranitar
|-resisted|p1a: Tyranitar
|-damage|p1a: Tyranitar|0 fnt
|faint|p1a: Tyranitar
|
|-weather|Sandstorm|[upkeep]
|-damage|p2a: Shaboing|31/100|[from] Sandstorm
|upkeep
|
|t:|1769407530
|switch|p1a: Excadrill|Excadrill, M|100/100
|-damage|p1a: Excadrill|97/100|[from] Stealth Rock
|turn|8
|
|t:|1769407532
|switch|p2a: Toilet|Pelipper, M|100/100
|-damage|p2a: Toilet|76/100|[from] Stealth Rock
|-weather|RainDance|[from] ability: Drizzle|[of] p2a: Toilet
|move|p1a: Excadrill|Rapid Spin|p2a: Toilet
|-damage|p2a: Toilet|51/100
|-boost|p1a: Excadrill|spe|1
|-sideend|p1: my pp itches 1|Stealth Rock|[from] move: Rapid Spin|[of] p1a: Excadrill
|-damage|p1a: Excadrill|87/100|[from] item: Life Orb
|
|-weather|RainDance|[upkeep]
|upkeep
|turn|9
|
|t:|1769407540
|switch|p1a: Dragapult|Dragapult, M|100/100
|move|p2a: Toilet|Weather Ball|p1a: Dragapult
|-resisted|p1a: Dragapult
|-crit|p1a: Dragapult
|-damage|p1a: Dragapult|49/100
|
|-weather|RainDance|[upkeep]
|upkeep
|turn|10
|
|t:|1769407550
|move|p1a: Dragapult|Flamethrower|p2a: Toilet
|-resisted|p2a: Toilet
|-damage|p2a: Toilet|40/100
|move|p2a: Toilet|Knock Off|p1a: Dragapult
|-supereffective|p1a: Dragapult
|-damage|p1a: Dragapult|12/100
|-enditem|p1a: Dragapult|Choice Specs|[from] move: Knock Off|[of] p2a: Toilet
|
|-weather|RainDance|[upkeep]
|upkeep
|turn|11
|
|t:|1769407554
|move|p1a: Dragapult|Shadow Ball|p2a: Toilet
|-damage|p2a: Toilet|2/100
|move|p2a: Toilet|U-turn|p1a: Dragapult
|-resisted|p1a: Dragapult
|-damage|p1a: Dragapult|5/100
|
|t:|1769407556
|switch|p2a: Dad|Barraskewda, F, shiny, tera:Water|100/100|[from] U-turn
|-damage|p2a: Dad|88/100|[from] Stealth Rock
|
|-weather|RainDance|[upkeep]
|upkeep
|turn|12
|
|t:|1769407560
|move|p2a: Dad|Liquidation|p1a: Dragapult
|-resisted|p1a: Dragapult
|-damage|p1a: Dragapult|0 fnt
|faint|p1a: Dragapult
|
|-weather|RainDance|[upkeep]
|upkeep
|
|t:|1769407574
|switch|p1a: Zamazenta|Zamazenta|100/100
|-ability|p1a: Zamazenta|Dauntless Shield|boost
|-boost|p1a: Zamazenta|def|1
|turn|13
|
|t:|1769407577
|move|p2a: Dad|Flip Turn|p1a: Zamazenta
|-damage|p1a: Zamazenta|58/100
|
|t:|1769407579
|switch|p2a: Shaboing|Overqwil, M, shiny|31/100|[from] Flip Turn
|-damage|p2a: Shaboing|19/100|[from] Stealth Rock
|move|p1a: Zamazenta|Iron Defense|p1a: Zamazenta
|-boost|p1a: Zamazenta|def|2
|
|-weather|RainDance|[upkeep]
|upkeep
|turn|14
|
|t:|1769407584
|move|p2a: Shaboing|Taunt|p1a: Zamazenta
|-start|p1a: Zamazenta|move: Taunt
|move|p1a: Zamazenta|Body Press|p2a: Shaboing
|-damage|p2a: Shaboing|0 fnt
|faint|p2a: Shaboing
|
|-weather|RainDance|[upkeep]
|upkeep
|
|t:|1769407590
|switch|p2a: Dad|Barraskewda, F, shiny, tera:Water|88/100
|-damage|p2a: Dad|76/100|[from] Stealth Rock
|turn|15
|
|t:|1769407592
|move|p2a: Dad|Liquidation|p1a: Zamazenta
|-damage|p1a: Zamazenta|26/100
|move|p1a: Zamazenta|Body Press|p2a: Dad
|-damage|p2a: Dad|0 fnt
|faint|p2a: Dad
|
|-weather|none
|upkeep
|
|t:|1769407597
|switch|p2a: Kamen Rider|Lokix, M, shiny|100/100
|-damage|p2a: Kamen Rider|76/100|[from] Stealth Rock
|turn|16
|
|t:|1769407601
|move|p2a: Kamen Rider|First Impression|p1a: Zamazenta
|-resisted|p1a: Zamazenta
|-damage|p1a: Zamazenta|6/100
|move|p1a: Zamazenta|Body Press|p2a: Kamen Rider
|-damage|p2a: Kamen Rider|0 fnt
|faint|p2a: Kamen Rider
|
|-end|p1a: Zamazenta|move: Taunt
|upkeep
|-message|daigurren87 forfeited.
|
|win|my pp itches 1
|raw|my pp itches 1's rating: 1341 &rarr; <strong>1362</strong><br />(+21 for winning)
|raw|daigurren87's rating: 1361 &rarr; <strong>1340</strong><br />(-21 for losing)
|l|☆daigurren87
|player|p2|
|l|☆my pp itches 1
|player|p1|
