|j|☆BeachLeak
|j|☆CodeNumber_Beta
|t:|1769326965
|gametype|singles
|player|p1|BeachLeak|archer|1530
|player|p2|CodeNumber_Beta|1|1510
|gen|9
|tier|[Gen 9] OU
|rated|
|rule|HP Percentage Mod: HP is shown in percentages
|rule|Endless Battle Clause: Forcing endless battles is banned
|rule|Species Clause: Limit one of each Pokémon
|rule|OHKO Clause: OHKO moves are banned
|rule|Evasion Items Clause: Evasion items are banned
|rule|Evasion Moves Clause: Evasion moves are banned
|rule|Evasion Abilities Clause: Evasion abilities are banned
|rule|Sleep Moves Clause: Sleep-inducing moves are banned
|clearpoke
|poke|p1|Slowking-Galar, F|
|poke|p1|Scizor, F|
|poke|p1|Moltres|
|poke|p1|Meowscarada, M|
|poke|p1|Raging Bolt|
|poke|p1|Great Tusk|
|poke|p2|Araquanid, F|
|poke|p2|Gholdengo|
|poke|p2|Great Tusk|
|poke|p2|Samurott-Hisui, M|
|poke|p2|Iron Moth|
|poke|p2|Corviknight, M|
|teampreview
|inactive|Battle timer is ON: inactive players will automatically lose when time's up. (requested by BeachLeak)
|inactive|CodeNumber_Beta also wants the timer to be on.
|inactive|CodeNumber_Beta has 120 seconds left.
|
|t:|1769327004
|teamsize|p1|6
|teamsize|p2|6
|start
|switch|p1a: Tusk Freestyle|Great Tusk|100/100
|switch|p2a: Araquanid|Araquanid, F|100/100
|turn|1
|
|t:|1769327010
|move|p1a: Tusk Freestyle|Head Smash|p2a: Araquanid|[miss]
|-miss|p1a: Tusk Freestyle|p2a: Araquanid
|move|p2a: Araquanid|Surf|p1a: Tusk Freestyle
|-supereffective|p1a: Tusk Freestyle
|-damage|p1a: Tusk Freestyle|0 fnt
|faint|p1a: Tusk Freestyle
|-end|p1a: Tusk Freestyle|Protosynthesis|[silent]
|
|upkeep
|
|t:|1769327014
|switch|p1a: Raging Bolt|Raging Bolt|100/100
|turn|2
|
|t:|1769327019
|move|p1a: Raging Bolt|Volt Switch|p2a: Araquanid
|-supereffective|p2a: Araquanid
|-damage|p2a: Araquanid|14/100
|
|t:|1769327023
|-end|p1a: Raging Bolt|Protosynthesis|[silent]
|switch|p1a: Scizor|Scizor, F|100/100|[from] Volt Switch
|move|p2a: Araquanid|Sticky Web|p1a: Scizor
|-sidestart|p1: BeachLeak|move: Sticky Web
|
|upkeep
|turn|3
|
|t:|1769327028
|switch|p2a: Gholdengo|Gholdengo|100/100
|-item|p2a: Gholdengo|Air Balloon
|move|p1a: Scizor|Bullet Punch|p2a: Gholdengo
|-resisted|p2a: Gholdengo
|-damage|p2a: Gholdengo|75/100
|-enditem|p2a: Gholdengo|Air Balloon
|
|upkeep
|turn|4
|
|t:|1769327050
|switch|p1a: chateau marmont|Meowscarada, M|100/100
|-activate|p1a: chateau marmont|move: Sticky Web
|-unboost|p1a: chateau marmont|spe|1
|switch|p2a: Corviknight|Corviknight, M|100/100
|-ability|p2a: Corviknight|Pressure
|
|upkeep
|turn|5
|
|t:|1769327061
|move|p1a: chateau marmont|U-turn|p2a: Corviknight
|-start|p1a: chateau marmont|typechange|Bug|[from] ability: Protean
|-resisted|p2a: Corviknight
|-damage|p2a: Corviknight|96/100
|
|t:|1769327066
|switch|p1a: Moltres|Moltres|100/100|[from] U-turn
|move|p2a: Corviknight|U-turn|p1a: Moltres
|-resisted|p1a: Moltres
|-damage|p1a: Moltres|98/100
|
|t:|1769327075
|switch|p2a: Samurott|Samurott-Hisui, M|100/100|[from] U-turn
|
|upkeep
|turn|6
|
|t:|1769327082
|move|p2a: Samurott|Swords Dance|p2a: Samurott
|-boost|p2a: Samurott|atk|2
|move|p1a: Moltres|U-turn|p2a: Samurott
|-supereffective|p2a: Samurott
|-damage|p2a: Samurott|62/100
|
|t:|1769327106
|switch|p1a: chateau marmont|Meowscarada, M|100/100|[from] U-turn
|-activate|p1a: chateau marmont|move: Sticky Web
|-unboost|p1a: chateau marmont|spe|1
|
|upkeep
|turn|7
|
|t:|1769327112
|move|p1a: chateau marmont|U-turn|p2a: Samurott
|-start|p1a: chateau marmont|typechange|Bug|[from] ability: Protean
|-supereffective|p2a: Samurott
|-damage|p2a: Samurott|0 fnt
|faint|p2a: Samurott
|
|t:|1769327121
|switch|p1a: Moltres|Moltres|98/100|[from] U-turn
|
|upkeep
|
|t:|1769327127
|switch|p2a: Iron Moth|Iron Moth|100/100
|turn|8
|
|t:|1769327130
|move|p2a: Iron Moth|Sludge Wave|p1a: Moltres
|-damage|p1a: Moltres|23/100
|move|p1a: Moltres|U-turn|p2a: Iron Moth
|-resisted|p2a: Iron Moth
|-damage|p2a: Iron Moth|94/100
|
|t:|1769327139
|switch|p1a: Slowking|Slowking-Galar, F|100/100|[from] U-turn
|
|upkeep
|turn|9
|
|t:|1769327143
|-end|p2a: Iron Moth|Quark Drive|[silent]
|switch|p2a: Gholdengo|Gholdengo|75/100
|move|p1a: Slowking|Future Sight|p2a: Gholdengo
|-start|p1a: Slowking|move: Future Sight
|
|upkeep
|turn|10
|
|t:|1769327152
|move|p2a: Gholdengo|Nasty Plot|p2a: Gholdengo
|-boost|p2a: Gholdengo|spa|2
|-prepare|p1a: Slowking|Chilly Reception|[premajor]
|move|p1a: Slowking|Chilly Reception|p1a: Slowking
|-weather|Snowscape
|
|t:|1769327173
|switch|p1a: Raging Bolt|Raging Bolt|100/100|[from] Chilly Reception
|-activate|p1a: Raging Bolt|move: Sticky Web
|-unboost|p1a: Raging Bolt|spe|1
|
|-weather|Snowscape|[upkeep]
|upkeep
|turn|11
|
|t:|1769327180
|move|p2a: Gholdengo|Recover|p2a: Gholdengo
|-heal|p2a: Gholdengo|100/100
|move|p1a: Raging Bolt|Volt Switch|p2a: Gholdengo
|-damage|p2a: Gholdengo|52/100
|
|t:|1769327192
|-end|p1a: Raging Bolt|Protosynthesis|[silent]
|switch|p1a: chateau marmont|Meowscarada, M|100/100|[from] Volt Switch
|-activate|p1a: chateau marmont|move: Sticky Web
|-unboost|p1a: chateau marmont|spe|1
|
|-weather|Snowscape|[upkeep]
|-end|p2a: Gholdengo|move: Future Sight
|-resisted|p2a: Gholdengo
|-damage|p2a: Gholdengo|35/100
|upkeep
|turn|12
|
|t:|1769327205
|-terastallize|p2a: Gholdengo|Flying
|move|p1a: chateau marmont|Knock Off|p2a: Gholdengo
|-start|p1a: chateau marmont|typechange|Dark|[from] ability: Protean
|-damage|p2a: Gholdengo|8/100
|move|p2a: Gholdengo|Recover|p2a: Gholdengo
|-heal|p2a: Gholdengo|58/100
|
|-weather|Snowscape|[upkeep]
|upkeep
|turn|13
|
|t:|1769327219
|switch|p1a: Moltres|Moltres|23/100
|move|p2a: Gholdengo|Shadow Ball|p1a: Moltres
|-damage|p1a: Moltres|0 fnt
|faint|p1a: Moltres
|
|-weather|Snowscape|[upkeep]
|upkeep
|
|t:|1769327226
|switch|p1a: chateau marmont|Meowscarada, M|100/100
|-activate|p1a: chateau marmont|move: Sticky Web
|-unboost|p1a: chateau marmont|spe|1
|turn|14
|
|t:|1769327233
|switch|p2a: Iron Moth|Iron Moth|94/100
|move|p1a: chateau marmont|Triple Axel|p2a: Iron Moth
|-start|p1a: chateau marmont|typechange|Ice|[from] ability: Protean
|-resisted|p2a: Iron Moth
|-damage|p2a: Iron Moth|85/100
|-resisted|p2a: Iron Moth
|-damage|p2a: Iron Moth|68/100
|-resisted|p2a: Iron Moth
|-damage|p2a: Iron Moth|42/100
|-hitcount|p2a: Iron Moth|3
|
|-weather|none
|upkeep
|turn|15
|
|t:|1769327247
|-end|p2a: Iron Moth|Quark Drive|[silent]
|switch|p2a: Corviknight|Corviknight, M|96/100
|-ability|p2a: Corviknight|Pressure
|move|p1a: chateau marmont|Triple Axel|p2a: Corviknight
|-damage|p2a: Corviknight|90/100
|-damage|p2a: Corviknight|79/100
|-damage|p2a: Corviknight|63/100
|-hitcount|p2a: Corviknight|3
|
|-heal|p2a: Corviknight|69/100|[from] item: Leftovers
|upkeep
|turn|16
|
|t:|1769327251
|switch|p1a: Raging Bolt|Raging Bolt|100/100
|-activate|p1a: Raging Bolt|move: Sticky Web
|-unboost|p1a: Raging Bolt|spe|1
|move|p2a: Corviknight|U-turn|p1a: Raging Bolt
|-damage|p1a: Raging Bolt|87/100
|
|t:|1769327261
|switch|p2a: Araquanid|Araquanid, F|14/100|[from] U-turn
|
|upkeep
|turn|17
|
|t:|1769327270
|switch|p2a: Great Tusk|Great Tusk|100/100
|move|p1a: Raging Bolt|Thunderclap||[still]
|-fail|p1a: Raging Bolt
|
|upkeep
|turn|18
|
|t:|1769327283
|-end|p1a: Raging Bolt|Protosynthesis|[silent]
|switch|p1a: Slowking|Slowking-Galar, F|100/100
|move|p2a: Great Tusk|Close Combat|p1a: Slowking
|-resisted|p1a: Slowking
|-damage|p1a: Slowking|83/100
|-unboost|p2a: Great Tusk|def|1
|-unboost|p2a: Great Tusk|spd|1
|
|upkeep
|turn|19
|
|t:|1769327291
|move|p2a: Great Tusk|Headlong Rush|p1a: Slowking
|-supereffective|p1a: Slowking
|-damage|p1a: Slowking|0 fnt
|-unboost|p2a: Great Tusk|def|1
|-unboost|p2a: Great Tusk|spd|1
|faint|p1a: Slowking
|
|upkeep
|
|t:|1769327295
|switch|p1a: chateau marmont|Meowscarada, M|100/100
|-activate|p1a: chateau marmont|move: Sticky Web
|-unboost|p1a: chateau marmont|spe|1
|turn|20
|
|t:|1769327307
|-end|p2a: Great Tusk|Protosynthesis|[silent]
|switch|p2a: Iron Moth|Iron Moth|42/100
|move|p1a: chateau marmont|Triple Axel|p2a: Iron Moth
|-start|p1a: chateau marmont|typechange|Ice|[from] ability: Protean
|-resisted|p2a: Iron Moth
|-damage|p2a: Iron Moth|34/100
|-resisted|p2a: Iron Moth
|-damage|p2a: Iron Moth|18/100
|-resisted|p2a: Iron Moth
|-damage|p2a: Iron Moth|0 fnt
|faint|p2a: Iron Moth
|-end|p2a: Iron Moth|Quark Drive|[silent]
|-hitcount|p2: Iron Moth|3
|
|upkeep
|
|t:|1769327313
|switch|p2a: Corviknight|Corviknight, M|69/100
|-ability|p2a: Corviknight|Pressure
|turn|21
|
|t:|1769327319
|switch|p1a: Scizor|Scizor, F|100/100
|-activate|p1a: Scizor|move: Sticky Web
|-unboost|p1a: Scizor|spe|1
|move|p2a: Corviknight|U-turn|p1a: Scizor
|-resisted|p1a: Scizor
|-damage|p1a: Scizor|92/100
|
|t:|1769327326
|switch|p2a: Gholdengo|Gholdengo, tera:Flying|58/100|[from] U-turn
|
|upkeep
|turn|22
|
|t:|1769327335
|move|p1a: Scizor|Bullet Punch|p2a: Gholdengo
|-damage|p2a: Gholdengo|8/100
|move|p2a: Gholdengo|Shadow Ball|p1a: Scizor
|-damage|p1a: Scizor|36/100
|
|upkeep
|turn|23
|
|t:|1769327342
|switch|p2a: Corviknight|Corviknight, M|69/100
|-ability|p2a: Corviknight|Pressure
|move|p1a: Scizor|Bullet Punch|p2a: Corviknight
|-resisted|p2a: Corviknight
|-damage|p2a: Corviknight|52/100
|
|-heal|p2a: Corviknight|58/100|[from] item: Leftovers
|upkeep
|turn|24
|
|t:|1769327351
|switch|p1a: Raging Bolt|Raging Bolt|87/100
|-activate|p1a: Raging Bolt|move: Sticky Web
|-unboost|p1a: Raging Bolt|spe|1
|move|p2a: Corviknight|U-turn|p1a: Raging Bolt
|-damage|p1a: Raging Bolt|74/100
|
|t:|1769327357
|switch|p2a: Great Tusk|Great Tusk|100/100|[from] U-turn
|
|upkeep
|turn|25
|
|t:|1769327370
|-end|p2a: Great Tusk|Protosynthesis|[silent]
|switch|p2a: Gholdengo|Gholdengo, tera:Flying|8/100
|-terastallize|p1a: Raging Bolt|Dragon
|move|p1a: Raging Bolt|Dragon Pulse|p2a: Gholdengo
|-damage|p2a: Gholdengo|0 fnt
|faint|p2a: Gholdengo
|
|upkeep
|
|t:|1769327378
|switch|p2a: Araquanid|Araquanid, F|14/100
|turn|26
|-enditem|p2a: Araquanid|Custap Berry|[eat]
|-activate|p2a: Araquanid|item: Custap Berry|[consumed]
|
|t:|1769327394
|move|p2a: Araquanid|Endeavor|p1a: Raging Bolt
|-damage|p1a: Raging Bolt|12/100
|move|p1a: Raging Bolt|Dragon Pulse|p2a: Araquanid
|-damage|p2a: Araquanid|0 fnt
|faint|p2a: Araquanid
|
|upkeep
|
|t:|1769327401
|switch|p2a: Great Tusk|Great Tusk|100/100
|turn|27
|
|t:|1769327407
|move|p2a: Great Tusk|Close Combat|p1a: Raging Bolt
|-damage|p1a: Raging Bolt|0 fnt
|-unboost|p2a: Great Tusk|def|1
|-unboost|p2a: Great Tusk|spd|1
|faint|p1a: Raging Bolt
|-end|p1a: Raging Bolt|Protosynthesis|[silent]
|
|upkeep
|
|t:|1769327413
|switch|p1a: Scizor|Scizor, F|36/100
|-activate|p1a: Scizor|move: Sticky Web
|-unboost|p1a: Scizor|spe|1
|turn|28
|
|t:|1769327422
|move|p2a: Great Tusk|Close Combat|p1a: Scizor
|-damage|p1a: Scizor|0 fnt
|-unboost|p2a: Great Tusk|def|1
|-unboost|p2a: Great Tusk|spd|1
|faint|p1a: Scizor
|
|upkeep
|
|t:|1769327426
|switch|p1a: chateau marmont|Meowscarada, M|100/100
|-activate|p1a: chateau marmont|move: Sticky Web
|-unboost|p1a: chateau marmont|spe|1
|turn|29
|
|t:|1769327428
|move|p1a: chateau marmont|Triple Axel|p2a: Great Tusk
|-start|p1a: chateau marmont|typechange|Ice|[from] ability: Protean
|-supereffective|p2a: Great Tusk
|-damage|p2a: Great Tusk|73/100
|-supereffective|p2a: Great Tusk
|-damage|p2a: Great Tusk|22/100
|-supereffective|p2a: Great Tusk
|-damage|p2a: Great Tusk|0 fnt
|faint|p2a: Great Tusk
|-end|p2a: Great Tusk|Protosynthesis|[silent]
|-hitcount|p2: Great Tusk|3
|
|upkeep
|
|t:|1769327436
|switch|p2a: Corviknight|Corviknight, M|58/100
|-ability|p2a: Corviknight|Pressure
|turn|30
|
|t:|1769327439
|move|p1a: chateau marmont|Triple Axel|p2a: Corviknight
|-damage|p2a: Corviknight|52/100
|-damage|p2a: Corviknight|40/100
|-damage|p2a: Corviknight|23/100
|-hitcount|p2a: Corviknight|3
|move|p2a: Corviknight|Roost|p2a: Corviknight
|-heal|p2a: Corviknight|73/100
|-singleturn|p2a: Corviknight|move: Roost
|
|-heal|p2a: Corviknight|79/100|[from] item: Leftovers
|upkeep
|turn|31
|
|t:|1769327449
|move|p1a: chateau marmont|Triple Axel|p2a: Corviknight
|-damage|p2a: Corviknight|73/100
|-damage|p2a: Corviknight|63/100
|-damage|p2a: Corviknight|45/100
|-hitcount|p2a: Corviknight|3
|move|p2a: Corviknight|Iron Defense|p2a: Corviknight
|-boost|p2a: Corviknight|def|2
|
|-heal|p2a: Corviknight|51/100|[from] item: Leftovers
|upkeep
|turn|32
|
|t:|1769327458
|move|p1a: chateau marmont|Triple Axel|p2a: Corviknight
|-crit|p2a: Corviknight
|-damage|p2a: Corviknight|44/100
|-damage|p2a: Corviknight|38/100
|-damage|p2a: Corviknight|29/100
|-hitcount|p2a: Corviknight|3
|move|p2a: Corviknight|Roost|p2a: Corviknight
|-heal|p2a: Corviknight|79/100
|-singleturn|p2a: Corviknight|move: Roost
|
|-heal|p2a: Corviknight|85/100|[from] item: Leftovers
|upkeep
|turn|33
|
|t:|1769327461
|move|p1a: chateau marmont|Triple Axel|p2a: Corviknight|[miss]
|-miss|p1a: chateau marmont|p2a: Corviknight
|move|p2a: Corviknight|Iron Defense|p2a: Corviknight
|-boost|p2a: Corviknight|def|2
|
|-heal|p2a: Corviknight|91/100|[from] item: Leftovers
|upkeep
|turn|34
|
|t:|1769327465
|move|p1a: chateau marmont|Triple Axel|p2a: Corviknight|[miss]
|-miss|p1a: chateau marmont|p2a: Corviknight
|move|p2a: Corviknight|Iron Defense|p2a: Corviknight
|-boost|p2a: Corviknight|def|2
|
|-heal|p2a: Corviknight|97/100|[from] item: Leftovers
|upkeep
|turn|35
|
|t:|1769327472
|move|p1a: chateau marmont|Triple Axel|p2a: Corviknight
|-crit|p2a: Corviknight
|-damage|p2a: Corviknight|88/100
|-damage|p2a: Corviknight|85/100
|-damage|p2a: Corviknight|81/100
|-hitcount|p2a: Corviknight|3
|move|p2a: Corviknight|U-turn|p1a: chateau marmont
|-damage|p1a: chateau marmont|77/100
|
|-heal|p2a: Corviknight|87/100|[from] item: Leftovers
|upkeep
|turn|36
|
|t:|1769327482
|-activate|p1a: chateau marmont|move: Struggle
|move|p1a: chateau marmont|Struggle|p2a: Corviknight
|-damage|p2a: Corviknight|84/100
|-damage|p1a: chateau marmont|52/100|[from] recoil
|move|p2a: Corviknight|Body Press|p1a: chateau marmont
|-supereffective|p1a: chateau marmont
|-damage|p1a: chateau marmont|0 fnt
|faint|p1a: chateau marmont
|
|win|CodeNumber_Beta
|raw|BeachLeak's rating: 1530 &rarr; <strong>1509</strong><br />(-21 for losing)
|raw|CodeNumber_Beta's rating: 1510 &rarr; <strong>1531</strong><br />(+21 for winning)
|l|☆BeachLeak
|player|p1|
|l|☆CodeNumber_Beta
|player|p2|
