|j|☆swaaaaaaaard
|j|☆Jhkhgfd
|t:|1769319279
|gametype|singles
|player|p1|swaaaaaaaard|102|1266
|player|p2|Jhkhgfd|170|1312
|gen|9
|tier|[Gen 9] OU
|rated|
|rule|HP Percentage Mod: HP is shown in percentages
|rule|Endless Battle Clause: Forcing endless battles is banned
|rule|Species Clause: Limit one of each Pokémon
|rule|OHKO Clause: OHKO moves are banned
|rule|Evasion Items Clause: Evasion items are banned
|rule|Evasion Moves Clause: Evasion moves are banned
|rule|Evasion Abilities Clause: Evasion abilities are banned
|rule|Sleep Moves Clause: Sleep-inducing moves are banned
|clearpoke
|poke|p1|Meowscarada, F|
|poke|p1|Greninja-*, M|
|poke|p1|Tyranitar, F|
|poke|p1|Primarina, M|
|poke|p1|Zapdos|
|poke|p1|Slowking-Galar, M|
|poke|p2|Tinkaton, F|
|poke|p2|Ogerpon, F|
|poke|p2|Great Tusk|
|poke|p2|Pecharunt|
|poke|p2|Alomomola, M|
|poke|p2|Hydreigon, M|
|teampreview
|
|t:|1769319292
|teamsize|p1|6
|teamsize|p2|6
|start
|switch|p1a: Meowscarada|Meowscarada, F|100/100
|switch|p2a: Smile.exe|Tinkaton, F, shiny|100/100
|-item|p2a: Smile.exe|Air Balloon
|turn|1
|
|t:|1769319417
|move|p1a: Meowscarada|U-turn|p2a: Smile.exe
|-start|p1a: Meowscarada|typechange|Bug|[from] ability: Protean
|-resisted|p2a: Smile.exe
|-damage|p2a: Smile.exe|83/100
|-enditem|p2a: Smile.exe|Air Balloon
|-enditem|p1a: Meowscarada|Choice Band|[silent]|[from] ability: Pickpocket|[of] p1a: Meowscarada
|-item|p2a: Smile.exe|Choice Band|[from] ability: Pickpocket|[of] p1a: Meowscarada
|
|t:|1769319480
|switch|p1a: Zapdos|Zapdos|100/100|[from] U-turn
|move|p2a: Smile.exe|Stealth Rock|p1a: Zapdos
|-sidestart|p1: swaaaaaaaard|move: Stealth Rock
|
|upkeep
|turn|2
|
|t:|1769319488
|switch|p2a: Pisces|Alomomola, M, shiny|100/100
|move|p1a: Zapdos|Volt Switch|p2a: Pisces
|-supereffective|p2a: Pisces
|-damage|p2a: Pisces|61/100
|
|t:|1769319494
|switch|p1a: Primarina|Primarina, M|100/100|[from] Volt Switch
|-damage|p1a: Primarina|88/100|[from] Stealth Rock
|
|upkeep
|turn|3
|
|t:|1769319497
|move|p1a: Primarina|Whirlpool|p2a: Pisces
|-resisted|p2a: Pisces
|-damage|p2a: Pisces|57/100
|-activate|p2a: Pisces|move: Whirlpool|[of] p1a: Primarina
|move|p2a: Pisces|Mirror Coat|p1a: Primarina
|-damage|p1a: Primarina|75/100
|
|-damage|p2a: Pisces|44/100|[from] move: Whirlpool|[partiallytrapped]
|upkeep
|turn|4
|
|t:|1769319506
|move|p1a: Primarina|Draining Kiss|p2a: Pisces
|-damage|p2a: Pisces|31/100
|-heal|p1a: Primarina|90/100|[from] drain|[of] p2a: Pisces
|move|p2a: Pisces|Flip Turn|p1a: Primarina
|-resisted|p1a: Primarina
|-damage|p1a: Primarina|81/100
|
|t:|1769319522
|switch|p2a: Anonymous|Ogerpon, F|100/100|[from] Flip Turn
|
|upkeep
|turn|5
|
|t:|1769319552
|switch|p1a: Zapdos|Zapdos|100/100
|move|p2a: Anonymous|Rock Tomb|p1a: Zapdos
|-supereffective|p1a: Zapdos
|-damage|p1a: Zapdos|47/100
|-unboost|p1a: Zapdos|spe|1
|
|upkeep
|turn|6
|
|t:|1769319579
|switch|p1a: Slowking|Slowking-Galar, M|100/100
|-damage|p1a: Slowking|88/100|[from] Stealth Rock
|move|p2a: Anonymous|Rock Tomb|p1a: Slowking
|-damage|p1a: Slowking|59/100
|-unboost|p1a: Slowking|spe|1
|
|-heal|p1a: Slowking|65/100|[from] item: Black Sludge
|upkeep
|turn|7
|
|t:|1769319591
|switch|p2a: Smile.exe|Tinkaton, F, shiny|83/100
|move|p1a: Slowking|Psychic Noise|p2a: Smile.exe
|-resisted|p2a: Smile.exe
|-damage|p2a: Smile.exe|69/100
|-start|p2a: Smile.exe|move: Heal Block
|
|-heal|p1a: Slowking|71/100|[from] item: Black Sludge
|upkeep
|turn|8
|
|t:|1769319617
|switch|p1a: Zapdos|Zapdos|47/100
|move|p2a: Smile.exe|Gigaton Hammer|p1a: Zapdos
|-resisted|p1a: Zapdos
|-damage|p1a: Zapdos|6/100
|
|-end|p2a: Smile.exe|move: Heal Block
|upkeep
|turn|9
|
|t:|1769319638
|switch|p2a: Hybrid|Hydreigon, M, shiny|100/100
|move|p1a: Zapdos|Roost|p1a: Zapdos
|-heal|p1a: Zapdos|56/100
|-singleturn|p1a: Zapdos|move: Roost
|
|upkeep
|turn|10
|
|t:|1769319645
|move|p2a: Hybrid|Draco Meteor|p1a: Zapdos
|-damage|p1a: Zapdos|0 fnt
|-unboost|p2a: Hybrid|spa|2
|faint|p1a: Zapdos
|
|upkeep
|
|t:|1769319649
|switch|p1a: Primarina|Primarina, M|81/100
|-damage|p1a: Primarina|69/100|[from] Stealth Rock
|turn|11
|
|t:|1769319680
|switch|p2a: Anonymous|Ogerpon, F|100/100
|move|p1a: Primarina|Whirlpool|p2a: Anonymous
|-resisted|p2a: Anonymous
|-damage|p2a: Anonymous|90/100
|-activate|p2a: Anonymous|move: Whirlpool|[of] p1a: Primarina
|
|-damage|p2a: Anonymous|77/100|[from] move: Whirlpool|[partiallytrapped]
|upkeep
|turn|12
|
|t:|1769319690
|switch|p1a: Slowking|Slowking-Galar, M|100/100
|-damage|p1a: Slowking|88/100|[from] Stealth Rock
|move|p2a: Anonymous|U-turn|p1a: Slowking
|-damage|p1a: Slowking|49/100
|
|t:|1769319723
|switch|p2a: Hybrid|Hydreigon, M, shiny|100/100|[from] U-turn
|
|-heal|p1a: Slowking|56/100|[from] item: Black Sludge
|upkeep
|turn|13
|-message|swaaaaaaaard forfeited.
|
|win|Jhkhgfd
|raw|swaaaaaaaard's rating: 1266 &rarr; <strong>1244</strong><br />(-22 for losing)
|raw|Jhkhgfd's rating: 1312 &rarr; <strong>1329</strong><br />(+17 for winning)
|l|☆swaaaaaaaard
|player|p1|
