|j|☆BLK DG
|j|☆yourarchernemesis
|t:|1769413362
|gametype|singles
|player|p1|BLK DG|irida|1016
|player|p2|yourarchernemesis|cheren-gen5bw2|1082
|gen|9
|tier|[Gen 9] OU
|rated|
|rule|HP Percentage Mod: HP is shown in percentages
|rule|Endless Battle Clause: Forcing endless battles is banned
|rule|Species Clause: Limit one of each Pokémon
|rule|OHKO Clause: OHKO moves are banned
|rule|Evasion Items Clause: Evasion items are banned
|rule|Evasion Moves Clause: Evasion moves are banned
|rule|Evasion Abilities Clause: Evasion abilities are banned
|rule|Sleep Moves Clause: Sleep-inducing moves are banned
|clearpoke
|poke|p1|Torkoal, F|
|poke|p1|Scovillain, F|
|poke|p1|Scizor, M|
|poke|p1|Charizard, M|
|poke|p1|Whimsicott, F|
|poke|p1|Walking Wake|
|poke|p2|Hoopa-Unbound|
|poke|p2|Slowking-Galar, F|
|poke|p2|Rampardos, F|
|poke|p2|Hatterene, F|
|poke|p2|Ursaluna, F|
|poke|p2|Tyranitar, M|
|teampreview
|
|t:|1769413369
|teamsize|p1|6
|teamsize|p2|6
|start
|switch|p1a: Scizor|Scizor, M|100/100
|switch|p2a: Hatterene|Hatterene, F|100/100
|turn|1
|
|t:|1769413379
|move|p1a: Scizor|Sunny Day|p1a: Scizor
|-weather|SunnyDay
|move|p2a: Hatterene|Trick Room|p2a: Hatterene
|-fieldstart|move: Trick Room|[of] p2a: Hatterene
|
|-weather|SunnyDay|[upkeep]
|upkeep
|turn|2
|
|t:|1769413383
|move|p1a: Scizor|Bullet Punch|p2a: Hatterene
|-supereffective|p2a: Hatterene
|-damage|p2a: Hatterene|31/100
|-damage|p1a: Scizor|91/100|[from] item: Life Orb
|move|p2a: Hatterene|Thunder Wave|p1a: Scizor
|-status|p1a: Scizor|par
|
|-weather|SunnyDay|[upkeep]
|-heal|p2a: Hatterene|37/100|[from] item: Leftovers
|upkeep
|turn|3
|
|t:|1769413391
|switch|p2a: Ursaluna|Ursaluna, F|100/100
|move|p1a: Scizor|Bullet Punch|p2a: Ursaluna
|-damage|p2a: Ursaluna|74/100
|-damage|p1a: Scizor|81/100 par|[from] item: Life Orb
|
|-weather|SunnyDay|[upkeep]
|-status|p2a: Ursaluna|brn|[from] item: Flame Orb
|upkeep
|turn|4
|
|t:|1769413402
|move|p1a: Scizor|Bullet Punch|p2a: Ursaluna
|-damage|p2a: Ursaluna|53/100 brn
|-damage|p1a: Scizor|71/100 par|[from] item: Life Orb
|move|p2a: Ursaluna|Fire Punch|p1a: Scizor
|-supereffective|p1a: Scizor
|-damage|p1a: Scizor|0 fnt
|faint|p1a: Scizor
|
|-weather|SunnyDay|[upkeep]
|-damage|p2a: Ursaluna|47/100 brn|[from] brn
|upkeep
|
|t:|1769413409
|switch|p1a: Torkoal|Torkoal, F|100/100
|turn|5
|
|t:|1769413414
|move|p1a: Torkoal|Overheat|p2a: Ursaluna
|-damage|p2a: Ursaluna|0 fnt
|-unboost|p1a: Torkoal|spa|2
|faint|p2a: Ursaluna
|
|-weather|none
|-fieldend|move: Trick Room
|upkeep
|
|t:|1769413418
|switch|p2a: Hatterene|Hatterene, F|37/100
|turn|6
|
|t:|1769413426
|switch|p1a: Scovillain|Scovillain, F|100/100
|move|p2a: Hatterene|Trick Room|p2a: Hatterene
|-fieldstart|move: Trick Room|[of] p2a: Hatterene
|
|-heal|p2a: Hatterene|43/100|[from] item: Leftovers
|upkeep
|turn|7
|
|t:|1769413433
|move|p2a: Hatterene|Thunder Wave|p1a: Scovillain
|-status|p1a: Scovillain|par
|move|p1a: Scovillain|Substitute|p1a: Scovillain
|-start|p1a: Scovillain|Substitute
|-damage|p1a: Scovillain|76/100 par
|
|-heal|p2a: Hatterene|49/100|[from] item: Leftovers
|upkeep
|turn|8
|
|t:|1769413441
|switch|p2a: Tyranitar|Tyranitar, M|100/100
|-weather|Sandstorm|[from] ability: Sand Stream|[of] p2a: Tyranitar
|move|p1a: Scovillain|Solar Beam||[still]
|-prepare|p1a: Scovillain|Solar Beam
|
|-weather|Sandstorm|[upkeep]
|-damage|p1a: Scovillain|70/100 par|[from] Sandstorm
|upkeep
|turn|9
|
|t:|1769413446
|move|p2a: Tyranitar|Stone Edge|p1a: Scovillain
|-supereffective|p1a: Scovillain
|-end|p1a: Scovillain|Substitute
|move|p1a: Scovillain|Solar Beam|p2a: Tyranitar|[from] lockedmove
|-supereffective|p2a: Tyranitar
|-damage|p2a: Tyranitar|59/100
|-damage|p1a: Scovillain|60/100 par|[from] item: Life Orb
|
|-weather|Sandstorm|[upkeep]
|-damage|p1a: Scovillain|54/100 par|[from] Sandstorm
|upkeep
|turn|10
|
|t:|1769413455
|move|p2a: Tyranitar|Stone Edge|p1a: Scovillain
|-supereffective|p1a: Scovillain
|-damage|p1a: Scovillain|0 fnt
|faint|p1a: Scovillain
|
|-weather|Sandstorm|[upkeep]
|-fieldend|move: Trick Room
|upkeep
|
|t:|1769413458
|switch|p1a: Torkoal|Torkoal, F|100/100
|-weather|SunnyDay|[from] ability: Drought|[of] p1a: Torkoal
|turn|11
|
|t:|1769413464
|switch|p1a: Walking Wake|Walking Wake|100/100
|-activate|p1a: Walking Wake|ability: Protosynthesis
|-start|p1a: Walking Wake|protosynthesisspe
|move|p2a: Tyranitar|Stone Edge|p1a: Walking Wake
|-crit|p1a: Walking Wake
|-damage|p1a: Walking Wake|0 fnt
|faint|p1a: Walking Wake
|-end|p1a: Walking Wake|Protosynthesis|[silent]
|
|-weather|SunnyDay|[upkeep]
|upkeep
|
|t:|1769413471
|switch|p1a: Charizard|Charizard, M|100/100
|turn|12
|
|t:|1769413474
|-terastallize|p1a: Charizard|Fire
|move|p1a: Charizard|Weather Ball|p2a: Tyranitar
|-resisted|p2a: Tyranitar
|-damage|p2a: Tyranitar|0 fnt
|faint|p2a: Tyranitar
|
|-weather|SunnyDay|[upkeep]
|-damage|p1a: Charizard|88/100|[from] ability: Solar Power|[of] p1a: Charizard
|upkeep
|
|t:|1769413484
|switch|p2a: Slowking|Slowking-Galar, F|100/100
|turn|13
|
|t:|1769413487
|move|p1a: Charizard|Weather Ball|p2a: Slowking
|-damage|p2a: Slowking|0 fnt
|faint|p2a: Slowking
|
|-weather|SunnyDay|[upkeep]
|-damage|p1a: Charizard|76/100|[from] ability: Solar Power|[of] p1a: Charizard
|upkeep
|
|t:|1769413495
|switch|p2a: Rampardos|Rampardos, F|100/100
|turn|14
|
|t:|1769413510
|switch|p2a: Hatterene|Hatterene, F|49/100
|move|p1a: Charizard|Weather Ball|p2a: Hatterene
|-damage|p2a: Hatterene|0 fnt
|faint|p2a: Hatterene
|
|-weather|SunnyDay|[upkeep]
|-damage|p1a: Charizard|63/100|[from] ability: Solar Power|[of] p1a: Charizard
|upkeep
|
|t:|1769413517
|switch|p2a: Rampardos|Rampardos, F|100/100
|turn|15
|
|t:|1769413522
|move|p1a: Charizard|Weather Ball|p2a: Rampardos
|-resisted|p2a: Rampardos
|-damage|p2a: Rampardos|0 fnt
|faint|p2a: Rampardos
|
|-weather|SunnyDay|[upkeep]
|-damage|p1a: Charizard|51/100|[from] ability: Solar Power|[of] p1a: Charizard
|upkeep
|
|t:|1769413526
|switch|p2a: Hoopa|Hoopa-Unbound|100/100
|turn|16
|
|t:|1769413532
|move|p1a: Charizard|Weather Ball|p2a: Hoopa
|-damage|p2a: Hoopa|0 fnt
|faint|p2a: Hoopa
|
|win|BLK DG
|raw|BLK DG's rating: 1016 &rarr; <strong>1061</strong><br />(+45 for winning)
|raw|yourarchernemesis's rating: 1082 &rarr; <strong>1056</strong><br />(-26 for losing)
|l|☆yourarchernemesis
|player|p2|
