|j|☆fedar zwinger
|j|☆user_36739535
|t:|1769343453
|gametype|singles
|player|p1|fedar zwinger|cynthia|1323
|player|p2|user_36739535|101|1337
|gen|9
|tier|[Gen 9] OU
|rated|
|rule|HP Percentage Mod: HP is shown in percentages
|rule|Endless Battle Clause: Forcing endless battles is banned
|rule|Species Clause: Limit one of each Pokémon
|rule|OHKO Clause: OHKO moves are banned
|rule|Evasion Items Clause: Evasion items are banned
|rule|Evasion Moves Clause: Evasion moves are banned
|rule|Evasion Abilities Clause: Evasion abilities are banned
|rule|Sleep Moves Clause: Sleep-inducing moves are banned
|clearpoke
|poke|p1|Slowking-Galar, F|
|poke|p1|Mandibuzz, F|
|poke|p1|Magnezone|
|poke|p1|Great Tusk|
|poke|p1|Rillaboom, M|
|poke|p1|Dragapult, M|
|poke|p2|Landorus-Therian, M|
|poke|p2|Heatran, F|
|poke|p2|Tsareena, F|
|poke|p2|Pecharunt|
|poke|p2|Samurott-Hisui, F|
|poke|p2|Dragonite, M|
|teampreview
|inactive|Battle timer is ON: inactive players will automatically lose when time's up. (requested by fedar zwinger)
|
|t:|1769343474
|teamsize|p1|6
|teamsize|p2|6
|start
|switch|p1a: Rillaboom|Rillaboom, M|100/100
|switch|p2a: Heatran|Heatran, F|100/100
|-fieldstart|move: Grassy Terrain|[from] ability: Grassy Surge|[of] p1a: Rillaboom
|turn|1
|
|t:|1769343480
|move|p1a: Rillaboom|U-turn|p2a: Heatran
|-resisted|p2a: Heatran
|-damage|p2a: Heatran|93/100
|-status|p1a: Rillaboom|brn|[from] ability: Flame Body|[of] p2a: Heatran
|
|t:|1769343490
|switch|p1a: Great Tusk|Great Tusk|100/100|[from] U-turn
|move|p2a: Heatran|Magma Storm|p1a: Great Tusk
|-damage|p1a: Great Tusk|41/100
|-activate|p1a: Great Tusk|move: Magma Storm|[of] p2a: Heatran
|
|-heal|p1a: Great Tusk|47/100|[from] Grassy Terrain
|-heal|p1a: Great Tusk|53/100|[from] item: Leftovers
|-heal|p2a: Heatran|99/100|[from] Grassy Terrain
|-heal|p2a: Heatran|100/100|[from] item: Leftovers
|-damage|p1a: Great Tusk|41/100|[from] move: Magma Storm|[partiallytrapped]
|upkeep
|turn|2
|
|t:|1769343501
|-terastallize|p2a: Heatran|Bug
|move|p1a: Great Tusk|Bulk Up|p1a: Great Tusk
|-boost|p1a: Great Tusk|atk|1
|-boost|p1a: Great Tusk|def|1
|move|p2a: Heatran|Stealth Rock|p1a: Great Tusk
|-sidestart|p1: fedar zwinger|move: Stealth Rock
|
|-heal|p1a: Great Tusk|47/100|[from] Grassy Terrain
|-heal|p1a: Great Tusk|53/100|[from] item: Leftovers
|-damage|p1a: Great Tusk|41/100|[from] move: Magma Storm|[partiallytrapped]
|upkeep
|turn|3
|
|t:|1769343509
|move|p1a: Great Tusk|Rapid Spin|p2a: Heatran
|-damage|p2a: Heatran|82/100
|-boost|p1a: Great Tusk|spe|1
|-sideend|p1: fedar zwinger|Stealth Rock|[from] move: Rapid Spin|[of] p1a: Great Tusk
|-end|p1a: Great Tusk|Magma Storm|[partiallytrapped]
|move|p2a: Heatran|Taunt|p1a: Great Tusk
|-start|p1a: Great Tusk|move: Taunt
|
|-heal|p1a: Great Tusk|47/100|[from] Grassy Terrain
|-heal|p1a: Great Tusk|53/100|[from] item: Leftovers
|-heal|p2a: Heatran|88/100|[from] Grassy Terrain
|-heal|p2a: Heatran|94/100|[from] item: Leftovers
|upkeep
|turn|4
|
|t:|1769343517
|move|p1a: Great Tusk|Ice Spinner|p2a: Heatran
|-damage|p2a: Heatran|66/100
|-fieldend|move: Grassy Terrain
|move|p2a: Heatran|Magma Storm|p1a: Great Tusk|[miss]
|-miss|p2a: Heatran|p1a: Great Tusk
|
|-heal|p1a: Great Tusk|59/100|[from] item: Leftovers
|-heal|p2a: Heatran|72/100|[from] item: Leftovers
|upkeep
|turn|5
|
|t:|1769343532
|move|p1a: Great Tusk|Headlong Rush|p2a: Heatran
|-resisted|p2a: Heatran
|-damage|p2a: Heatran|38/100
|-unboost|p1a: Great Tusk|def|1
|-unboost|p1a: Great Tusk|spd|1
|-status|p1a: Great Tusk|brn|[from] ability: Flame Body|[of] p2a: Heatran
|move|p2a: Heatran|Magma Storm|p1a: Great Tusk
|-damage|p1a: Great Tusk|0 fnt
|faint|p1a: Great Tusk
|-end|p1a: Great Tusk|Protosynthesis|[silent]
|
|-heal|p2a: Heatran|44/100|[from] item: Leftovers
|upkeep
|
|t:|1769343536
|switch|p1a: Dragapult|Dragapult, M|100/100
|turn|6
|
|t:|1769343541
|move|p1a: Dragapult|Dragon Darts|p2a: Heatran
|-damage|p2a: Heatran|9/100
|-anim|p1a: Dragapult|Dragon Darts|p2a: Heatran
|-damage|p2a: Heatran|0 fnt
|faint|p2a: Heatran
|
|upkeep
|
|t:|1769343545
|switch|p2a: Landorus|Landorus-Therian, M|100/100
|-ability|p2a: Landorus|Intimidate|boost
|-fail|p1a: Dragapult|unboost|[from] ability: Clear Body|[of] p1a: Dragapult
|turn|7
|
|t:|1769343550
|move|p1a: Dragapult|Dragon Darts|p2a: Landorus
|-damage|p2a: Landorus|55/100
|-anim|p1a: Dragapult|Dragon Darts|p2a: Landorus
|-damage|p2a: Landorus|6/100
|move|p2a: Landorus|U-turn|p1a: Dragapult
|-resisted|p1a: Dragapult
|-damage|p1a: Dragapult|73/100
|
|t:|1769343559
|switch|p2a: Samurott|Samurott-Hisui, F, shiny|100/100|[from] U-turn
|
|upkeep
|turn|8
|
|t:|1769343563
|switch|p1a: Rillaboom|Rillaboom, M|100/100 brn
|-fieldstart|move: Grassy Terrain|[from] ability: Grassy Surge|[of] p1a: Rillaboom
|move|p2a: Samurott|Ceaseless Edge|p1a: Rillaboom
|-damage|p1a: Rillaboom|49/100 brn
|-sidestart|p1: fedar zwinger|Spikes
|
|-heal|p1a: Rillaboom|55/100 brn|[from] Grassy Terrain
|-damage|p1a: Rillaboom|49/100 brn|[from] brn
|upkeep
|turn|9
|
|t:|1769343570
|switch|p2a: Pecharunt|Pecharunt|100/100
|move|p1a: Rillaboom|Wood Hammer|p2a: Pecharunt
|-resisted|p2a: Pecharunt
|-damage|p2a: Pecharunt|85/100
|-damage|p1a: Rillaboom|33/100 brn|[from] item: Rocky Helmet|[of] p2a: Pecharunt
|-damage|p1a: Rillaboom|27/100 brn|[from] Recoil
|
|-heal|p1a: Rillaboom|33/100 brn|[from] Grassy Terrain
|-heal|p2a: Pecharunt|91/100|[from] Grassy Terrain
|-damage|p1a: Rillaboom|27/100 brn|[from] brn
|upkeep
|turn|10
|
|t:|1769343576
|switch|p1a: Slowking|Slowking-Galar, F|100/100
|move|p2a: Pecharunt|Malignant Chain|p1a: Slowking
|-resisted|p1a: Slowking
|-damage|p1a: Slowking|91/100
|
|-heal|p2a: Pecharunt|97/100|[from] Grassy Terrain
|-heal|p1a: Slowking|97/100|[from] Grassy Terrain
|upkeep
|turn|11
|
|t:|1769343582
|move|p2a: Pecharunt|Parting Shot|p1a: Slowking
|-unboost|p1a: Slowking|atk|1
|-unboost|p1a: Slowking|spa|1
|
|t:|1769343585
|switch|p2a: Landorus|Landorus-Therian, M|6/100|[from] Parting Shot
|-ability|p2a: Landorus|Intimidate|boost
|-unboost|p1a: Slowking|atk|1
|move|p1a: Slowking|Sludge Bomb|p2a: Landorus
|-resisted|p2a: Landorus
|-crit|p2a: Landorus
|-damage|p2a: Landorus|0 fnt
|faint|p2a: Landorus
|
|-heal|p1a: Slowking|100/100|[from] Grassy Terrain
|upkeep
|
|t:|1769343589
|switch|p2a: Samurott|Samurott-Hisui, F, shiny|100/100
|turn|12
|
|t:|1769343593
|switch|p1a: Mandibuzz|Mandibuzz, F|100/100
|move|p2a: Samurott|Knock Off|p1a: Mandibuzz
|-resisted|p1a: Mandibuzz
|-damage|p1a: Mandibuzz|89/100
|-enditem|p1a: Mandibuzz|Heavy-Duty Boots|[from] move: Knock Off|[of] p2a: Samurott
|
|-fieldend|move: Grassy Terrain
|upkeep
|turn|13
|
|t:|1769343599
|switch|p2a: Pecharunt|Pecharunt|97/100
|move|p1a: Mandibuzz|Defog|p2a: Pecharunt
|-unboost|p2a: Pecharunt|evasion|1
|-sideend|p1: fedar zwinger|Spikes|[from] move: Defog|[of] p1a: Mandibuzz
|
|upkeep
|turn|14
|
|t:|1769343604
|switch|p1a: Magnezone|Magnezone|100/100
|move|p2a: Pecharunt|Malignant Chain|p1a: Magnezone
|-immune|p1a: Magnezone
|
|upkeep
|turn|15
|
|t:|1769343608
|move|p2a: Pecharunt|Parting Shot|p1a: Magnezone
|-unboost|p1a: Magnezone|atk|1
|-unboost|p1a: Magnezone|spa|1
|
|t:|1769343610
|switch|p2a: Tsareena|Tsareena, F|100/100|[from] Parting Shot
|move|p1a: Magnezone|Volt Switch|p2a: Tsareena
|-resisted|p2a: Tsareena
|-damage|p2a: Tsareena|72/100
|
|t:|1769343613
|switch|p1a: Dragapult|Dragapult, M|73/100|[from] Volt Switch
|
|upkeep
|turn|16
|
|t:|1769343618
|move|p1a: Dragapult|U-turn|p2a: Tsareena
|-supereffective|p2a: Tsareena
|-damage|p2a: Tsareena|0 fnt
|faint|p2a: Tsareena
|
|t:|1769343625
|switch|p1a: Magnezone|Magnezone|100/100|[from] U-turn
|
|upkeep
|
|t:|1769343628
|switch|p2a: Samurott|Samurott-Hisui, F, shiny|100/100
|turn|17
|
|t:|1769343635
|move|p2a: Samurott|Ceaseless Edge|p1a: Magnezone
|-damage|p1a: Magnezone|52/100
|-sidestart|p1: fedar zwinger|Spikes
|move|p1a: Magnezone|Volt Switch|p2a: Samurott
|-supereffective|p2a: Samurott
|-damage|p2a: Samurott|0 fnt
|faint|p2a: Samurott
|
|t:|1769343638
|switch|p1a: Mandibuzz|Mandibuzz, F|89/100|[from] Volt Switch
|
|upkeep
|
|t:|1769343641
|switch|p2a: Pecharunt|Pecharunt|97/100
|turn|18
|
|t:|1769343645
|switch|p1a: Slowking|Slowking-Galar, F|100/100
|move|p2a: Pecharunt|Malignant Chain|p1a: Slowking
|-resisted|p1a: Slowking
|-damage|p1a: Slowking|91/100
|
|upkeep
|turn|19
|
|t:|1769343651
|move|p2a: Pecharunt|Hex|p1a: Slowking
|-supereffective|p1a: Slowking
|-damage|p1a: Slowking|65/100
|move|p1a: Slowking|Future Sight|p2a: Pecharunt
|-start|p1a: Slowking|move: Future Sight
|
|upkeep
|turn|20
|
|t:|1769343654
|move|p2a: Pecharunt|Hex|p1a: Slowking
|-supereffective|p1a: Slowking
|-damage|p1a: Slowking|40/100
|-prepare|p1a: Slowking|Chilly Reception|[premajor]
|move|p1a: Slowking|Chilly Reception|p1a: Slowking
|-weather|Snowscape
|
|t:|1769343660
|switch|p1a: Magnezone|Magnezone|52/100|[from] Chilly Reception
|-damage|p1a: Magnezone|39/100|[from] Spikes
|
|-weather|Snowscape|[upkeep]
|upkeep
|turn|21
|
|t:|1769343665
|move|p2a: Pecharunt|Parting Shot|p1a: Magnezone
|-unboost|p1a: Magnezone|atk|1
|-unboost|p1a: Magnezone|spa|1
|
|t:|1769343666
|switch|p2a: Dragonite|Dragonite, M, shiny|100/100|[from] Parting Shot
|move|p1a: Magnezone|Thunderbolt|p2a: Dragonite
|-damage|p2a: Dragonite|71/100
|
|-weather|Snowscape|[upkeep]
|-end|p2a: Dragonite|move: Future Sight
|-damage|p2a: Dragonite|32/100
|upkeep
|turn|22
|
|t:|1769343671
|move|p1a: Magnezone|Thunderbolt|p2a: Dragonite
|-damage|p2a: Dragonite|0 fnt
|faint|p2a: Dragonite
|
|-weather|Snowscape|[upkeep]
|upkeep
|-message|user_36739535 forfeited.
|
|win|fedar zwinger
|raw|fedar zwinger's rating: 1323 &rarr; <strong>1344</strong><br />(+21 for winning)
|raw|user_36739535's rating: 1337 &rarr; <strong>1316</strong><br />(-21 for losing)
|l|☆user_36739535
|player|p2|
|l|☆fedar zwinger
|player|p1|
