|j|☆Pablofromportluis
|j|☆davi_wills
|t:|1769300208
|gametype|singles
|player|p1|Pablofromportluis|blackbelt-gen4dp|1326
|player|p2|davi_wills|ethan|1347
|gen|9
|tier|[Gen 9] OU
|rated|
|rule|HP Percentage Mod: HP is shown in percentages
|rule|Endless Battle Clause: Forcing endless battles is banned
|rule|Species Clause: Limit one of each Pokémon
|rule|OHKO Clause: OHKO moves are banned
|rule|Evasion Items Clause: Evasion items are banned
|rule|Evasion Moves Clause: Evasion moves are banned
|rule|Evasion Abilities Clause: Evasion abilities are banned
|rule|Sleep Moves Clause: Sleep-inducing moves are banned
|clearpoke
|poke|p1|Rillaboom, F|
|poke|p1|Raging Bolt|
|poke|p1|Garganacl, F|
|poke|p1|Gliscor, F|
|poke|p1|Zamazenta-*|
|poke|p1|Hatterene, F|
|poke|p2|Walking Wake|
|poke|p2|Clodsire, F|
|poke|p2|Landorus-Therian, M|
|poke|p2|Ogerpon-Wellspring, F|
|poke|p2|Meloetta|
|poke|p2|Tinkaton, F|
|teampreview
|l|☆davi_wills
|player|p2|
|j|☆davi_wills
|player|p2|davi_wills|ethan|
|
|t:|1769300244
|teamsize|p1|6
|teamsize|p2|6
|start
|switch|p1a: Rillaboom|Rillaboom, F|100/100
|switch|p2a: Ogerpon|Ogerpon-Wellspring, F|100/100
|-fieldstart|move: Grassy Terrain|[from] ability: Grassy Surge|[of] p1a: Rillaboom
|turn|1
|
|t:|1769300256
|switch|p2a: Landorus|Landorus-Therian, M|100/100
|-ability|p2a: Landorus|Intimidate|boost
|-unboost|p1a: Rillaboom|atk|1
|move|p1a: Rillaboom|U-turn|p2a: Landorus
|-resisted|p2a: Landorus
|-damage|p2a: Landorus|90/100
|
|t:|1769300260
|switch|p1a: Hatterene|Hatterene, F|100/100|[from] U-turn
|
|upkeep
|turn|2
|
|t:|1769300270
|move|p2a: Landorus|U-turn|p1a: Hatterene
|-damage|p1a: Hatterene|79/100
|
|t:|1769300273
|switch|p2a: Tinkaton|Tinkaton, F|100/100|[from] U-turn
|-ability|p2a: Tinkaton|Mold Breaker
|move|p1a: Hatterene|Mystical Fire|p2a: Tinkaton
|-supereffective|p2a: Tinkaton
|-damage|p2a: Tinkaton|52/100
|-unboost|p2a: Tinkaton|spa|1
|
|-heal|p2a: Tinkaton|58/100|[from] Grassy Terrain
|-heal|p1a: Hatterene|85/100|[from] Grassy Terrain
|-heal|p1a: Hatterene|91/100|[from] item: Leftovers
|upkeep
|turn|3
|
|t:|1769300289
|-terastallize|p1a: Hatterene|Water
|move|p2a: Tinkaton|Reflect|p2a: Tinkaton
|-sidestart|p2: davi_wills|Reflect
|move|p1a: Hatterene|Calm Mind|p1a: Hatterene
|-boost|p1a: Hatterene|spa|1
|-boost|p1a: Hatterene|spd|1
|
|-heal|p2a: Tinkaton|64/100|[from] Grassy Terrain
|-heal|p1a: Hatterene|97/100|[from] Grassy Terrain
|-heal|p1a: Hatterene|100/100|[from] item: Leftovers
|upkeep
|turn|4
|
|t:|1769300293
|move|p2a: Tinkaton|Light Screen|p2a: Tinkaton
|-sidestart|p2: davi_wills|move: Light Screen
|move|p1a: Hatterene|Calm Mind|p1a: Hatterene
|-boost|p1a: Hatterene|spa|1
|-boost|p1a: Hatterene|spd|1
|
|-heal|p2a: Tinkaton|71/100|[from] Grassy Terrain
|upkeep
|turn|5
|
|t:|1769300310
|move|p2a: Tinkaton|Play Rough|p1a: Hatterene
|-damage|p1a: Hatterene|72/100
|move|p1a: Hatterene|Calm Mind|p1a: Hatterene
|-boost|p1a: Hatterene|spa|1
|-boost|p1a: Hatterene|spd|1
|
|-heal|p2a: Tinkaton|77/100|[from] Grassy Terrain
|-heal|p1a: Hatterene|78/100|[from] Grassy Terrain
|-heal|p1a: Hatterene|84/100|[from] item: Leftovers
|upkeep
|turn|6
|
|t:|1769300314
|move|p2a: Tinkaton|Play Rough|p1a: Hatterene
|-damage|p1a: Hatterene|59/100
|-unboost|p1a: Hatterene|atk|1
|move|p1a: Hatterene|Calm Mind|p1a: Hatterene
|-boost|p1a: Hatterene|spa|1
|-boost|p1a: Hatterene|spd|1
|
|-heal|p2a: Tinkaton|83/100|[from] Grassy Terrain
|-heal|p1a: Hatterene|65/100|[from] Grassy Terrain
|-heal|p1a: Hatterene|71/100|[from] item: Leftovers
|upkeep
|turn|7
|
|t:|1769300319
|move|p2a: Tinkaton|Play Rough|p1a: Hatterene
|-damage|p1a: Hatterene|43/100
|move|p1a: Hatterene|Mystical Fire|p2a: Tinkaton
|-supereffective|p2a: Tinkaton
|-damage|p2a: Tinkaton|7/100
|-unboost|p2a: Tinkaton|spa|1
|
|-heal|p2a: Tinkaton|13/100|[from] Grassy Terrain
|-heal|p1a: Hatterene|49/100|[from] Grassy Terrain
|-heal|p1a: Hatterene|55/100|[from] item: Leftovers
|upkeep
|turn|8
|
|t:|1769300322
|move|p2a: Tinkaton|Play Rough|p1a: Hatterene
|-damage|p1a: Hatterene|29/100
|move|p1a: Hatterene|Draining Kiss|p2a: Tinkaton
|-resisted|p2a: Tinkaton
|-damage|p2a: Tinkaton|0 fnt
|-heal|p1a: Hatterene|38/100|[from] drain|[of] p2a: Tinkaton
|faint|p2a: Tinkaton
|
|-heal|p1a: Hatterene|44/100|[from] Grassy Terrain
|-heal|p1a: Hatterene|50/100|[from] item: Leftovers
|-fieldend|move: Grassy Terrain
|upkeep
|
|t:|1769300336
|switch|p2a: Ogerpon|Ogerpon-Wellspring, F|100/100
|turn|9
|
|t:|1769300344
|switch|p1a: Raging Bolt|Raging Bolt|100/100
|move|p2a: Ogerpon|Horn Leech|p1a: Raging Bolt
|-resisted|p1a: Raging Bolt
|-damage|p1a: Raging Bolt|80/100
|
|upkeep
|turn|10
|
|t:|1769300360
|move|p2a: Ogerpon|Encore||[still]
|-fail|p2a: Ogerpon
|move|p1a: Raging Bolt|Dragon Pulse|p2a: Ogerpon
|-damage|p2a: Ogerpon|70/100
|
|-sideend|p2: davi_wills|Reflect
|upkeep
|turn|11
|
|t:|1769300364
|move|p2a: Ogerpon|Play Rough|p1a: Raging Bolt
|-supereffective|p1a: Raging Bolt
|-damage|p1a: Raging Bolt|16/100
|move|p1a: Raging Bolt|Dragon Pulse|p2a: Ogerpon
|-damage|p2a: Ogerpon|40/100
|
|-sideend|p2: davi_wills|move: Light Screen
|upkeep
|turn|12
|
|t:|1769300373
|move|p2a: Ogerpon|Encore|p1a: Raging Bolt
|-start|p1a: Raging Bolt|Encore
|move|p1a: Raging Bolt|Dragon Pulse|p2a: Ogerpon
|-damage|p2a: Ogerpon|0 fnt
|faint|p2a: Ogerpon
|
|upkeep
|
|t:|1769300378
|switch|p2a: Meloetta|Meloetta|100/100
|turn|13
|
|t:|1769300387
|move|p2a: Meloetta|Psychic|p1a: Raging Bolt
|-damage|p1a: Raging Bolt|0 fnt
|faint|p1a: Raging Bolt
|-end|p1a: Raging Bolt|Protosynthesis|[silent]
|
|upkeep
|
|t:|1769300393
|switch|p1a: Garganacl|Garganacl, F|100/100
|turn|14
|
|t:|1769300400
|switch|p2a: Walking Wake|Walking Wake|100/100
|-enditem|p2a: Walking Wake|Booster Energy
|-activate|p2a: Walking Wake|ability: Protosynthesis|[fromitem]
|-start|p2a: Walking Wake|protosynthesisspe
|move|p1a: Garganacl|Salt Cure|p2a: Walking Wake
|-damage|p2a: Walking Wake|84/100
|-start|p2a: Walking Wake|Salt Cure
|
|-damage|p2a: Walking Wake|60/100|[from] Salt Cure
|upkeep
|turn|15
|
|t:|1769300406
|move|p1a: Garganacl|Protect|p1a: Garganacl
|-singleturn|p1a: Garganacl|Protect
|move|p2a: Walking Wake|Hydro Steam|p1a: Garganacl
|-activate|p1a: Garganacl|move: Protect
|
|-damage|p2a: Walking Wake|35/100|[from] Salt Cure
|upkeep
|turn|16
|
|t:|1769300426
|move|p2a: Walking Wake|Hydro Steam|p1a: Garganacl
|-supereffective|p1a: Garganacl
|-damage|p1a: Garganacl|46/100
|move|p1a: Garganacl|Recover|p1a: Garganacl
|-heal|p1a: Garganacl|96/100
|
|-heal|p1a: Garganacl|100/100|[from] item: Leftovers
|-damage|p2a: Walking Wake|10/100|[from] Salt Cure
|upkeep
|turn|17
|-message|davi_wills forfeited.
|
|win|Pablofromportluis
|raw|Pablofromportluis's rating: 1326 &rarr; <strong>1347</strong><br />(+21 for winning)
|raw|davi_wills's rating: 1347 &rarr; <strong>1326</strong><br />(-21 for losing)
|l|☆davi_wills
|player|p2|
|l|☆Pablofromportluis
|player|p1|
