|j|☆AndreBenito
|j|☆SSS101
|t:|1769405561
|gametype|singles
|player|p1|AndreBenito|101|1400
|player|p2|SSS101|hilbert|1453
|gen|9
|tier|[Gen 9] OU
|rated|
|rule|HP Percentage Mod: HP is shown in percentages
|rule|Endless Battle Clause: Forcing endless battles is banned
|rule|Species Clause: Limit one of each Pokémon
|rule|OHKO Clause: OHKO moves are banned
|rule|Evasion Items Clause: Evasion items are banned
|rule|Evasion Moves Clause: Evasion moves are banned
|rule|Evasion Abilities Clause: Evasion abilities are banned
|rule|Sleep Moves Clause: Sleep-inducing moves are banned
|clearpoke
|poke|p1|Blissey, F|
|poke|p1|Hoopa-Unbound|
|poke|p1|Quagsire, M|
|poke|p1|Alomomola, F|
|poke|p1|Corviknight, F|
|poke|p1|Weezing-Galar, M|
|poke|p2|Greninja-*, M|
|poke|p2|Serperior, M|
|poke|p2|Ceruledge, F|
|poke|p2|Glimmora, M|
|poke|p2|Kilowattrel, M|
|poke|p2|Zoroark-Hisui, M|
|teampreview
|inactive|Battle timer is ON: inactive players will automatically lose when time's up. (requested by SSS101)
|
|t:|1769405572
|teamsize|p1|6
|teamsize|p2|6
|start
|switch|p1a: NoFeet|Weezing-Galar, M|100/100
|switch|p2a: Serperior|Serperior, M, shiny|100/100
|-ability|p1a: NoFeet|Neutralizing Gas
|turn|1
|
|t:|1769405581
|-end|p1a: NoFeet|ability: Neutralizing Gas
|switch|p1a: PinkBlob|Blissey, F|100/100
|move|p2a: Serperior|Leaf Storm|p1a: PinkBlob|[miss]
|-miss|p2a: Serperior|p1a: PinkBlob
|
|upkeep
|turn|2
|
|t:|1769405591
|move|p2a: Serperior|Taunt|p1a: PinkBlob
|-start|p1a: PinkBlob|move: Taunt
|cant|p1a: PinkBlob|move: Taunt|Stealth Rock
|
|upkeep
|turn|3
|
|t:|1769405597
|switch|p1a: Corv|Corviknight, F|100/100
|-ability|p1a: Corv|Pressure
|move|p2a: Serperior|Leaf Storm|p1a: Corv
|-resisted|p1a: Corv
|-damage|p1a: Corv|84/100
|-boost|p2a: Serperior|spa|2
|
|-heal|p1a: Corv|91/100|[from] item: Leftovers
|upkeep
|turn|4
|
|t:|1769405608
|-terastallize|p2a: Serperior|Dragon
|move|p2a: Serperior|Leaf Storm|p1a: Corv
|-resisted|p1a: Corv
|-damage|p1a: Corv|60/100
|-boost|p2a: Serperior|spa|2
|move|p1a: Corv|Iron Defense|p1a: Corv
|-boost|p1a: Corv|def|2
|
|-heal|p1a: Corv|67/100|[from] item: Leftovers
|upkeep
|turn|5
|
|t:|1769405619
|move|p2a: Serperior|Leaf Storm|p1a: Corv
|-resisted|p1a: Corv
|-damage|p1a: Corv|26/100
|-boost|p2a: Serperior|spa|2
|move|p1a: Corv|Body Press|p2a: Serperior
|-damage|p2a: Serperior|37/100
|
|-heal|p1a: Corv|32/100|[from] item: Leftovers
|upkeep
|turn|6
|
|t:|1769405630
|switch|p1a: PinkBlob|Blissey, F|100/100
|move|p2a: Serperior|Giga Drain|p1a: PinkBlob
|-damage|p1a: PinkBlob|60/100
|-heal|p2a: Serperior|83/100|[from] drain|[of] p1a: PinkBlob
|
|-heal|p1a: PinkBlob|66/100|[from] item: Leftovers
|upkeep
|turn|7
|
|t:|1769405641
|move|p2a: Serperior|Taunt|p1a: PinkBlob
|-start|p1a: PinkBlob|move: Taunt
|move|p1a: PinkBlob|Shadow Ball|p2a: Serperior
|-damage|p2a: Serperior|65/100
|
|-heal|p1a: PinkBlob|72/100|[from] item: Leftovers
|upkeep
|turn|8
|
|t:|1769405650
|move|p2a: Serperior|Giga Drain|p1a: PinkBlob
|-damage|p1a: PinkBlob|35/100
|-heal|p2a: Serperior|100/100|[from] drain|[of] p1a: PinkBlob
|move|p1a: PinkBlob|Shadow Ball|p2a: Serperior
|-damage|p2a: Serperior|82/100
|-boost|p2a: Serperior|spd|1
|
|-heal|p1a: PinkBlob|41/100|[from] item: Leftovers
|upkeep
|turn|9
|-message|AndreBenito forfeited.
|
|win|SSS101
|raw|AndreBenito's rating: 1400 &rarr; <strong>1383</strong><br />(-17 for losing)
|raw|SSS101's rating: 1453 &rarr; <strong>1470</strong><br />(+17 for winning)
|l|☆AndreBenito
|player|p1|
|l|☆SSS101
|player|p2|
