|j|☆boctordognor
|j|☆BirdTactics
|t:|1769298561
|gametype|singles
|player|p1|boctordognor|firebreather|1265
|player|p2|BirdTactics|101|1241
|gen|9
|tier|[Gen 9] OU
|rated|
|rule|HP Percentage Mod: HP is shown in percentages
|rule|Endless Battle Clause: Forcing endless battles is banned
|rule|Species Clause: Limit one of each Pokémon
|rule|OHKO Clause: OHKO moves are banned
|rule|Evasion Items Clause: Evasion items are banned
|rule|Evasion Moves Clause: Evasion moves are banned
|rule|Evasion Abilities Clause: Evasion abilities are banned
|rule|Sleep Moves Clause: Sleep-inducing moves are banned
|clearpoke
|poke|p1|Garganacl, M|
|poke|p1|Rillaboom, M|
|poke|p1|Corviknight, M|
|poke|p1|Slowking-Galar, M|
|poke|p1|Dragapult, F|
|poke|p1|Great Tusk|
|poke|p2|Deoxys-Speed|
|poke|p2|Blaziken, F|
|poke|p2|Kyurem|
|poke|p2|Gholdengo|
|poke|p2|Excadrill, F|
|poke|p2|Articuno-Galar|
|teampreview
|inactive|Battle timer is ON: inactive players will automatically lose when time's up. (requested by boctordognor)
|
|t:|1769298597
|teamsize|p1|6
|teamsize|p2|6
|start
|switch|p1a: Corviknight|Corviknight, M|100/100
|switch|p2a: Exc Up Drill Out|Excadrill, F|100/100
|-ability|p2a: Exc Up Drill Out|Mold Breaker
|-item|p2a: Exc Up Drill Out|Air Balloon
|-ability|p1a: Corviknight|Pressure
|turn|1
|
|t:|1769298601
|move|p2a: Exc Up Drill Out|Stealth Rock|p1a: Corviknight
|-sidestart|p1: boctordognor|move: Stealth Rock
|move|p1a: Corviknight|U-turn|p2a: Exc Up Drill Out
|-resisted|p2a: Exc Up Drill Out
|-damage|p2a: Exc Up Drill Out|89/100
|-enditem|p2a: Exc Up Drill Out|Air Balloon
|
|t:|1769298607
|switch|p1a: Great Tusk|Great Tusk|100/100|[from] U-turn
|
|upkeep
|turn|2
|
|t:|1769298615
|switch|p2a: John Wall|Deoxys-Speed|100/100
|-ability|p2a: John Wall|Pressure
|move|p1a: Great Tusk|Ice Spinner|p2a: John Wall
|-crit|p2a: John Wall
|-damage|p2a: John Wall|44/100
|
|upkeep
|turn|3
|
|t:|1769298624
|-end|p1a: Great Tusk|Protosynthesis|[silent]
|switch|p1a: Slowking|Slowking-Galar, M|100/100
|-damage|p1a: Slowking|88/100|[from] Stealth Rock
|move|p2a: John Wall|Reflect|p2a: John Wall
|-sidestart|p2: BirdTactics|Reflect
|
|upkeep
|turn|4
|
|t:|1769298632
|move|p2a: John Wall|Taunt|p1a: Slowking
|-start|p1a: Slowking|move: Taunt
|move|p1a: Slowking|Future Sight|p2a: John Wall
|-start|p1a: Slowking|move: Future Sight
|
|upkeep
|turn|5
|
|t:|1769298639
|move|p2a: John Wall|Spikes|p1a: Slowking
|-sidestart|p1: boctordognor|Spikes
|move|p1a: Slowking|Sludge Bomb|p2a: John Wall
|-damage|p2a: John Wall|4/100
|
|upkeep
|turn|6
|
|t:|1769298650
|switch|p2a: Shaken Not Bird|Articuno-Galar|100/100
|move|p1a: Slowking|Flamethrower|p2a: Shaken Not Bird
|-damage|p2a: Shaken Not Bird|77/100
|
|-end|p2a: Shaken Not Bird|move: Future Sight
|-resisted|p2a: Shaken Not Bird
|-damage|p2a: Shaken Not Bird|53/100
|-end|p1a: Slowking|move: Taunt
|upkeep
|turn|7
|
|t:|1769298659
|move|p2a: Shaken Not Bird|Calm Mind|p2a: Shaken Not Bird
|-boost|p2a: Shaken Not Bird|spa|1
|-boost|p2a: Shaken Not Bird|spd|1
|move|p1a: Slowking|Ice Beam|p2a: Shaken Not Bird
|-supereffective|p2a: Shaken Not Bird
|-damage|p2a: Shaken Not Bird|24/100
|-status|p2a: Shaken Not Bird|frz
|-enditem|p2a: Shaken Not Bird|Weakness Policy
|-boost|p2a: Shaken Not Bird|atk|2|[from] item: Weakness Policy
|-boost|p2a: Shaken Not Bird|spa|2|[from] item: Weakness Policy
|
|upkeep
|turn|8
|
|t:|1769298666
|cant|p2a: Shaken Not Bird|frz
|move|p1a: Slowking|Ice Beam|p2a: Shaken Not Bird
|-supereffective|p2a: Shaken Not Bird
|-damage|p2a: Shaken Not Bird|0 fnt
|faint|p2a: Shaken Not Bird
|
|upkeep
|-message|BirdTactics forfeited.
|
|win|boctordognor
|raw|boctordognor's rating: 1265 &rarr; <strong>1288</strong><br />(+23 for winning)
|raw|BirdTactics's rating: 1241 &rarr; <strong>1218</strong><br />(-23 for losing)
|l|☆BirdTactics
|player|p2|
|l|☆boctordognor
|player|p1|
