|j|☆Drop a Draco 33
|j|☆d00d guy
|t:|1769305557
|gametype|singles
|player|p1|Drop a Draco 33|rosa|1360
|player|p2|d00d guy|emmet|1327
|gen|9
|tier|[Gen 9] OU
|rated|
|rule|HP Percentage Mod: HP is shown in percentages
|rule|Endless Battle Clause: Forcing endless battles is banned
|rule|Species Clause: Limit one of each Pokémon
|rule|OHKO Clause: OHKO moves are banned
|rule|Evasion Items Clause: Evasion items are banned
|rule|Evasion Moves Clause: Evasion moves are banned
|rule|Evasion Abilities Clause: Evasion abilities are banned
|rule|Sleep Moves Clause: Sleep-inducing moves are banned
|clearpoke
|poke|p1|Scizor, M|
|poke|p1|Dragapult, F|
|poke|p1|Iron Valiant|
|poke|p1|Meowscarada, M|
|poke|p1|Iron Moth|
|poke|p1|Corviknight, F|
|poke|p2|Tyranitar, M|
|poke|p2|Excadrill, M|
|poke|p2|Iron Valiant|
|poke|p2|Zapdos|
|poke|p2|Ogerpon, F|
|poke|p2|Toxapex, M|
|teampreview
|
|t:|1769305573
|teamsize|p1|6
|teamsize|p2|6
|start
|switch|p1a: Meowscarada|Meowscarada, M|100/100
|switch|p2a: Zapdos|Zapdos, shiny|100/100
|turn|1
|
|t:|1769305579
|move|p1a: Meowscarada|Knock Off|p2a: Zapdos
|-start|p1a: Meowscarada|typechange|Dark|[from] ability: Protean
|-damage|p2a: Zapdos|50/100
|-status|p1a: Meowscarada|par|[from] ability: Static|[of] p2a: Zapdos
|-enditem|p2a: Zapdos|Heavy-Duty Boots|[from] move: Knock Off|[of] p1a: Meowscarada
|move|p2a: Zapdos|Heat Wave|p1a: Meowscarada
|-damage|p1a: Meowscarada|47/100 par
|
|upkeep
|turn|2
|
|t:|1769305590
|switch|p1a: Iron Moth|Iron Moth|100/100
|move|p2a: Zapdos|Volt Switch|p1a: Iron Moth
|-damage|p1a: Iron Moth|61/100
|
|t:|1769305596
|switch|p2a: Tyranitar|Tyranitar, M, shiny|100/100|[from] Volt Switch
|-weather|Sandstorm|[from] ability: Sand Stream|[of] p2a: Tyranitar
|
|-weather|Sandstorm|[upkeep]
|-damage|p1a: Iron Moth|55/100|[from] Sandstorm
|upkeep
|turn|3
|
|t:|1769305616
|move|p1a: Iron Moth|Energy Ball|p2a: Tyranitar
|-supereffective|p2a: Tyranitar
|-damage|p2a: Tyranitar|58/100
|move|p2a: Tyranitar|Stealth Rock|p1a: Iron Moth
|-sidestart|p1: Drop a Draco 33|move: Stealth Rock
|
|-weather|Sandstorm|[upkeep]
|-damage|p1a: Iron Moth|50/100|[from] Sandstorm
|upkeep
|turn|4
|
|t:|1769305624
|-terastallize|p1a: Iron Moth|Grass
|move|p1a: Iron Moth|Energy Ball|p2a: Tyranitar
|-supereffective|p2a: Tyranitar
|-damage|p2a: Tyranitar|0 fnt
|faint|p2a: Tyranitar
|
|-weather|Sandstorm|[upkeep]
|-damage|p1a: Iron Moth|44/100|[from] Sandstorm
|upkeep
|
|t:|1769305633
|switch|p2a: Iron Valiant|Iron Valiant, shiny|100/100
|turn|5
|
|t:|1769305636
|move|p1a: Iron Moth|Energy Ball|p2a: Iron Valiant
|-damage|p2a: Iron Valiant|8/100
|move|p2a: Iron Valiant|Moonblast|p1a: Iron Moth
|-damage|p1a: Iron Moth|0 fnt
|faint|p1a: Iron Moth
|-end|p1a: Iron Moth|Quark Drive|[silent]
|
|-weather|Sandstorm|[upkeep]
|-damage|p2a: Iron Valiant|2/100|[from] Sandstorm
|upkeep
|
|t:|1769305660
|switch|p1a: Scizor|Scizor, M|100/100
|-damage|p1a: Scizor|88/100|[from] Stealth Rock
|turn|6
|
|t:|1769305665
|-end|p2a: Iron Valiant|Quark Drive|[silent]
|switch|p2a: Toxapex|Toxapex, M, shiny|100/100
|move|p1a: Scizor|Swords Dance|p1a: Scizor
|-boost|p1a: Scizor|atk|2
|
|-weather|Sandstorm|[upkeep]
|-damage|p2a: Toxapex|95/100|[from] Sandstorm
|upkeep
|turn|7
|
|t:|1769305672
|move|p1a: Scizor|Knock Off|p2a: Toxapex
|-damage|p2a: Toxapex|42/100
|-enditem|p2a: Toxapex|Eject Button|[from] move: Knock Off|[of] p1a: Scizor
|move|p2a: Toxapex|Haze|p2a: Toxapex
|-clearallboost
|
|-weather|Sandstorm|[upkeep]
|-damage|p2a: Toxapex|36/100|[from] Sandstorm
|upkeep
|turn|8
|
|t:|1769305683
|switch|p2a: Zapdos|Zapdos, shiny|50/100
|move|p1a: Scizor|Knock Off|p2a: Zapdos
|-damage|p2a: Zapdos|18/100
|-status|p1a: Scizor|par|[from] ability: Static|[of] p2a: Zapdos
|
|-weather|Sandstorm|[upkeep]
|-damage|p2a: Zapdos|11/100|[from] Sandstorm
|upkeep
|turn|9
|
|t:|1769305689
|move|p2a: Zapdos|Heat Wave|p1a: Scizor
|-supereffective|p1a: Scizor
|-damage|p1a: Scizor|0 fnt
|faint|p1a: Scizor
|
|-weather|none
|upkeep
|
|t:|1769305701
|switch|p1a: Iron Valiant|Iron Valiant|100/100
|-damage|p1a: Iron Valiant|94/100|[from] Stealth Rock
|-enditem|p1a: Iron Valiant|Booster Energy
|-activate|p1a: Iron Valiant|ability: Quark Drive|[fromitem]
|-start|p1a: Iron Valiant|quarkdrivespe
|turn|10
|
|t:|1769305705
|move|p1a: Iron Valiant|Calm Mind|p1a: Iron Valiant
|-boost|p1a: Iron Valiant|spa|1
|-boost|p1a: Iron Valiant|spd|1
|move|p2a: Zapdos|Hurricane|p1a: Iron Valiant
|-supereffective|p1a: Iron Valiant
|-damage|p1a: Iron Valiant|0 fnt
|faint|p1a: Iron Valiant
|-end|p1a: Iron Valiant|Quark Drive|[silent]
|
|upkeep
|
|t:|1769305714
|switch|p1a: Dragapult|Dragapult, F|100/100
|-damage|p1a: Dragapult|88/100|[from] Stealth Rock
|turn|11
|
|t:|1769305723
|move|p1a: Dragapult|U-turn|p2a: Zapdos
|-resisted|p2a: Zapdos
|-damage|p2a: Zapdos|0 fnt
|-status|p1a: Dragapult|par|[from] ability: Static|[of] p2a: Zapdos
|faint|p2a: Zapdos
|
|t:|1769305731
|switch|p1a: Corviknight|Corviknight, F|100/100|[from] U-turn
|-damage|p1a: Corviknight|88/100|[from] Stealth Rock
|
|-heal|p1a: Corviknight|94/100|[from] item: Leftovers
|upkeep
|
|t:|1769305737
|switch|p2a: Iron Valiant|Iron Valiant, shiny|2/100
|turn|12
|
|t:|1769305740
|move|p2a: Iron Valiant|Thunderbolt|p1a: Corviknight
|-supereffective|p1a: Corviknight
|-damage|p1a: Corviknight|11/100
|-status|p1a: Corviknight|par
|move|p1a: Corviknight|U-turn|p2a: Iron Valiant
|-resisted|p2a: Iron Valiant
|-damage|p2a: Iron Valiant|0 fnt
|faint|p2a: Iron Valiant
|-end|p2a: Iron Valiant|Quark Drive|[silent]
|
|t:|1769305754
|switch|p1a: Meowscarada|Meowscarada, M|47/100 par|[from] U-turn
|-damage|p1a: Meowscarada|35/100 par|[from] Stealth Rock
|
|upkeep
|
|t:|1769305760
|switch|p2a: Ogerpon|Ogerpon, F|100/100
|turn|13
|
|t:|1769305773
|move|p2a: Ogerpon|U-turn|p1a: Meowscarada
|-supereffective|p1a: Meowscarada
|-damage|p1a: Meowscarada|0 fnt
|faint|p1a: Meowscarada
|
|t:|1769305778
|switch|p2a: Excadrill|Excadrill, M, shiny|100/100|[from] U-turn
|
|upkeep
|
|t:|1769305786
|switch|p1a: Dragapult|Dragapult, F|88/100 par
|-damage|p1a: Dragapult|76/100 par|[from] Stealth Rock
|turn|14
|
|t:|1769305792
|move|p2a: Excadrill|Earthquake|p1a: Dragapult
|-damage|p1a: Dragapult|0 fnt
|faint|p1a: Dragapult
|
|upkeep
|-message|Drop a Draco 33 forfeited.
|
|win|d00d guy
|raw|Drop a Draco 33's rating: 1360 &rarr; <strong>1338</strong><br />(-22 for losing)
|raw|d00d guy's rating: 1327 &rarr; <strong>1349</strong><br />(+22 for winning)
