|j|☆Shuppeteer79
|j|☆NobaraLover
|t:|1769438060
|gametype|singles
|player|p1|Shuppeteer79|hexmaniac-gen3jp|1239
|player|p2|NobaraLover|caitlin|1284
|gen|9
|tier|[Gen 9] OU
|rated|
|rule|HP Percentage Mod: HP is shown in percentages
|rule|Endless Battle Clause: Forcing endless battles is banned
|rule|Species Clause: Limit one of each Pokémon
|rule|OHKO Clause: OHKO moves are banned
|rule|Evasion Items Clause: Evasion items are banned
|rule|Evasion Moves Clause: Evasion moves are banned
|rule|Evasion Abilities Clause: Evasion abilities are banned
|rule|Sleep Moves Clause: Sleep-inducing moves are banned
|clearpoke
|poke|p1|Decidueye-Hisui, F|
|poke|p1|Ninetales-Alola, F|
|poke|p1|Darkrai|
|poke|p1|Kyurem|
|poke|p1|Landorus-Therian, M|
|poke|p1|Pecharunt|
|poke|p2|Rillaboom, F|
|poke|p2|Great Tusk|
|poke|p2|Gholdengo|
|poke|p2|Moltres|
|poke|p2|Samurott-Hisui, M|
|poke|p2|Kyurem|
|teampreview
|inactive|Battle timer is ON: inactive players will automatically lose when time's up. (requested by Shuppeteer79)
|inactive|Shuppeteer79 has 120 seconds left.
|
|t:|1769438094
|teamsize|p1|6
|teamsize|p2|6
|start
|switch|p1a: Pecharunt|Pecharunt|100/100
|switch|p2a: Samurott|Samurott-Hisui, M|100/100
|turn|1
|
|t:|1769438100
|move|p2a: Samurott|Ceaseless Edge|p1a: Pecharunt
|-supereffective|p1a: Pecharunt
|-damage|p1a: Pecharunt|44/100
|-sidestart|p1: Shuppeteer79|Spikes
|move|p1a: Pecharunt|Malignant Chain|p2a: Samurott
|-damage|p2a: Samurott|34/100
|
|-heal|p1a: Pecharunt|50/100|[from] item: Leftovers
|upkeep
|turn|2
|
|t:|1769438116
|switch|p1a: Landorus|Landorus-Therian, M|100/100
|-ability|p1a: Landorus|Intimidate|boost
|-unboost|p2a: Samurott|atk|1
|move|p2a: Samurott|Ceaseless Edge|p1a: Landorus
|-damage|p1a: Landorus|67/100
|-sidestart|p1: Shuppeteer79|Spikes
|
|upkeep
|turn|3
|
|t:|1769438124
|move|p1a: Landorus|U-turn|p2a: Samurott
|-supereffective|p2a: Samurott
|-damage|p2a: Samurott|0 fnt
|faint|p2a: Samurott
|
|t:|1769438129
|switch|p1a: Pecharunt|Pecharunt|50/100|[from] U-turn
|-damage|p1a: Pecharunt|33/100|[from] Spikes
|
|-heal|p1a: Pecharunt|40/100|[from] item: Leftovers
|upkeep
|
|t:|1769438145
|switch|p2a: Gholdengo|Gholdengo|100/100
|turn|4
|inactive|Shuppeteer79 has 120 seconds left.
|
|t:|1769438176
|switch|p1a: Ninetales|Ninetales-Alola, F|100/100
|-damage|p1a: Ninetales|84/100|[from] Spikes
|-weather|Snowscape|[from] ability: Snow Warning|[of] p1a: Ninetales
|move|p2a: Gholdengo|Shadow Ball|p1a: Ninetales
|-damage|p1a: Ninetales|45/100
|
|-weather|Snowscape|[upkeep]
|upkeep
|turn|5
|
|t:|1769438186
|move|p1a: Ninetales|Aurora Veil|p1a: Ninetales
|-sidestart|p1: Shuppeteer79|move: Aurora Veil
|move|p2a: Gholdengo|Shadow Ball|p1a: Ninetales
|-damage|p1a: Ninetales|26/100
|
|-weather|Snowscape|[upkeep]
|upkeep
|turn|6
|
|t:|1769438202
|switch|p1a: Decidueye|Decidueye-Hisui, F|100/100
|-damage|p1a: Decidueye|84/100|[from] Spikes
|move|p2a: Gholdengo|Nasty Plot|p2a: Gholdengo
|-boost|p2a: Gholdengo|spa|2
|
|-weather|Snowscape|[upkeep]
|-heal|p1a: Decidueye|90/100|[from] item: Leftovers
|upkeep
|turn|7
|
|t:|1769438214
|-terastallize|p1a: Decidueye|Water
|move|p2a: Gholdengo|Shadow Ball|p1a: Decidueye
|-damage|p1a: Decidueye|64/100
|move|p1a: Decidueye|Triple Arrows|p2a: Gholdengo
|-supereffective|p2a: Gholdengo
|-damage|p2a: Gholdengo|20/100
|
|-weather|Snowscape|[upkeep]
|-heal|p2a: Gholdengo|26/100|[from] item: Leftovers
|-heal|p1a: Decidueye|70/100|[from] item: Leftovers
|upkeep
|turn|8
|
|t:|1769438229
|move|p2a: Gholdengo|Protect|p2a: Gholdengo
|-singleturn|p2a: Gholdengo|Protect
|move|p1a: Decidueye|Triple Arrows|p2a: Gholdengo
|-activate|p2a: Gholdengo|move: Protect
|
|-weather|none
|-heal|p2a: Gholdengo|32/100|[from] item: Leftovers
|-heal|p1a: Decidueye|76/100|[from] item: Leftovers
|upkeep
|turn|9
|
|t:|1769438232
|move|p2a: Gholdengo|Shadow Ball|p1a: Decidueye
|-damage|p1a: Decidueye|49/100
|move|p1a: Decidueye|Triple Arrows|p2a: Gholdengo
|-supereffective|p2a: Gholdengo
|-damage|p2a: Gholdengo|0 fnt
|faint|p2a: Gholdengo
|
|-heal|p1a: Decidueye|55/100|[from] item: Leftovers
|upkeep
|
|t:|1769438236
|switch|p2a: Rillaboom|Rillaboom, F|100/100
|-fieldstart|move: Grassy Terrain|[from] ability: Grassy Surge|[of] p2a: Rillaboom
|turn|10
|
|t:|1769438242
|switch|p1a: Landorus|Landorus-Therian, M|67/100
|-ability|p1a: Landorus|Intimidate|boost
|-fail|p2a: Rillaboom|unboost|[from] item: Clear Amulet|[of] p2a: Rillaboom
|move|p2a: Rillaboom|Wood Hammer|p1a: Landorus
|-damage|p1a: Landorus|14/100
|-damage|p2a: Rillaboom|85/100|[from] Recoil
|
|-heal|p2a: Rillaboom|91/100|[from] Grassy Terrain
|upkeep
|turn|11
|
|t:|1769438248
|move|p2a: Rillaboom|Grassy Glide|p1a: Landorus
|-damage|p1a: Landorus|0 fnt
|faint|p1a: Landorus
|
|-heal|p2a: Rillaboom|97/100|[from] Grassy Terrain
|upkeep
|
|t:|1769438251
|switch|p1a: Pecharunt|Pecharunt|40/100
|-damage|p1a: Pecharunt|23/100|[from] Spikes
|turn|12
|
|t:|1769438258
|switch|p2a: Kyurem|Kyurem|100/100
|-ability|p2a: Kyurem|Pressure
|move|p1a: Pecharunt|Recover|p1a: Pecharunt
|-heal|p1a: Pecharunt|73/100
|
|-heal|p1a: Pecharunt|79/100|[from] Grassy Terrain
|-heal|p1a: Pecharunt|86/100|[from] item: Leftovers
|-sideend|p1: Shuppeteer79|move: Aurora Veil
|upkeep
|turn|13
|
|t:|1769438263
|move|p2a: Kyurem|Ice Beam|p1a: Pecharunt
|-damage|p1a: Pecharunt|35/100
|move|p1a: Pecharunt|Malignant Chain|p2a: Kyurem
|-damage|p2a: Kyurem|71/100
|-status|p2a: Kyurem|tox
|-start|p2a: Kyurem|confusion|[from] ability: Poison Puppeteer|[of] p1a: Pecharunt
|
|-heal|p2a: Kyurem|78/100 tox|[from] Grassy Terrain
|-heal|p1a: Pecharunt|41/100|[from] Grassy Terrain
|-heal|p1a: Pecharunt|48/100|[from] item: Leftovers
|-damage|p2a: Kyurem|71/100 tox|[from] psn
|upkeep
|turn|14
|
|t:|1769438271
|-activate|p2a: Kyurem|confusion
|-damage|p2a: Kyurem|62/100 tox|[from] confusion
|move|p1a: Pecharunt|Recover|p1a: Pecharunt
|-heal|p1a: Pecharunt|98/100
|
|-heal|p2a: Kyurem|69/100 tox|[from] Grassy Terrain
|-heal|p1a: Pecharunt|100/100|[from] Grassy Terrain
|-damage|p2a: Kyurem|56/100 tox|[from] psn
|-fieldend|move: Grassy Terrain
|upkeep
|turn|15
|
|t:|1769438276
|-end|p2a: Kyurem|confusion
|move|p2a: Kyurem|Earth Power|p1a: Pecharunt
|-supereffective|p1a: Pecharunt
|-damage|p1a: Pecharunt|41/100
|move|p1a: Pecharunt|Hex|p2a: Kyurem
|-damage|p2a: Kyurem|22/100 tox
|
|-heal|p1a: Pecharunt|47/100|[from] item: Leftovers
|-damage|p2a: Kyurem|4/100 tox|[from] psn
|upkeep
|turn|16
|
|t:|1769438287
|switch|p1a: Ninetales|Ninetales-Alola, F|26/100
|-damage|p1a: Ninetales|10/100|[from] Spikes
|-weather|Snowscape|[from] ability: Snow Warning|[of] p1a: Ninetales
|move|p2a: Kyurem|Earth Power|p1a: Ninetales
|-damage|p1a: Ninetales|0 fnt
|faint|p1a: Ninetales
|
|-weather|Snowscape|[upkeep]
|-damage|p2a: Kyurem|0 fnt|[from] psn
|faint|p2a: Kyurem
|upkeep
|
|t:|1769438299
|switch|p1a: Darkrai|Darkrai|100/100
|switch|p2a: Moltres|Moltres|100/100
|-damage|p1a: Darkrai|84/100|[from] Spikes
|turn|17
|
|t:|1769438303
|move|p1a: Darkrai|Blizzard|p2a: Moltres
|-damage|p2a: Moltres|37/100
|move|p2a: Moltres|U-turn|p1a: Darkrai
|-supereffective|p1a: Darkrai
|-crit|p1a: Darkrai
|-damage|p1a: Darkrai|28/100
|
|t:|1769438309
|switch|p2a: Rillaboom|Rillaboom, F|97/100|[from] U-turn
|-fieldstart|move: Grassy Terrain|[from] ability: Grassy Surge|[of] p2a: Rillaboom
|
|-weather|Snowscape|[upkeep]
|-heal|p1a: Darkrai|34/100|[from] Grassy Terrain
|-heal|p2a: Rillaboom|100/100|[from] Grassy Terrain
|upkeep
|turn|18
|
|t:|1769438311
|move|p2a: Rillaboom|Grassy Glide|p1a: Darkrai
|-damage|p1a: Darkrai|0 fnt
|faint|p1a: Darkrai
|
|-weather|Snowscape|[upkeep]
|upkeep
|
|t:|1769438313
|switch|p1a: Kyurem|Kyurem|100/100
|-ability|p1a: Kyurem|Pressure
|turn|19
|
|t:|1769438317
|-terastallize|p2a: Rillaboom|Fighting
|move|p1a: Kyurem|Blizzard|p2a: Rillaboom
|-damage|p2a: Rillaboom|32/100
|move|p2a: Rillaboom|Low Kick|p1a: Kyurem
|-supereffective|p1a: Kyurem
|-damage|p1a: Kyurem|16/100
|
|-weather|Snowscape|[upkeep]
|-heal|p1a: Kyurem|22/100|[from] Grassy Terrain
|-heal|p2a: Rillaboom|38/100|[from] Grassy Terrain
|upkeep
|turn|20
|
|t:|1769438327
|move|p2a: Rillaboom|Grassy Glide|p1a: Kyurem
|-resisted|p1a: Kyurem
|-damage|p1a: Kyurem|9/100
|move|p1a: Kyurem|Blizzard|p2a: Rillaboom
|-damage|p2a: Rillaboom|0 fnt
|faint|p2a: Rillaboom
|
|-weather|none
|-heal|p1a: Kyurem|15/100|[from] Grassy Terrain
|upkeep
|
|t:|1769438332
|switch|p2a: Great Tusk|Great Tusk|100/100
|turn|21
|
|t:|1769438339
|move|p1a: Kyurem|Blizzard|p2a: Great Tusk
|-supereffective|p2a: Great Tusk
|-damage|p2a: Great Tusk|0 fnt
|faint|p2a: Great Tusk
|-end|p2a: Great Tusk|Protosynthesis|[silent]
|
|-heal|p1a: Kyurem|21/100|[from] Grassy Terrain
|-fieldend|move: Grassy Terrain
|upkeep
|-message|NobaraLover forfeited.
|
|win|Shuppeteer79
|raw|Shuppeteer79's rating: 1239 &rarr; <strong>1267</strong><br />(+28 for winning)
|raw|NobaraLover's rating: 1284 &rarr; <strong>1256</strong><br />(-28 for losing)
|l|☆NobaraLover
|player|p2|
|l|☆Shuppeteer79
|player|p1|
