|j|☆Scarfire
|j|☆fraaaxn
|t:|1769388954
|gametype|singles
|player|p1|Scarfire|#mplixhonchkrows|
|player|p2|fraaaxn|2|
|gen|9
|tier|[Gen 9] OU
|rule|HP Percentage Mod: HP is shown in percentages
|rule|Endless Battle Clause: Forcing endless battles is banned
|rule|Species Clause: Limit one of each Pokémon
|rule|OHKO Clause: OHKO moves are banned
|rule|Evasion Items Clause: Evasion items are banned
|rule|Evasion Moves Clause: Evasion moves are banned
|rule|Evasion Abilities Clause: Evasion abilities are banned
|rule|Sleep Moves Clause: Sleep-inducing moves are banned
|clearpoke
|poke|p1|Zamazenta-*|
|poke|p1|Ting-Lu|
|poke|p1|Iron Crown|
|poke|p1|Samurott-Hisui, M|
|poke|p1|Pecharunt|
|poke|p1|Moltres|
|poke|p2|Iron Moth|
|poke|p2|Ribombee, F|
|poke|p2|Gholdengo|
|poke|p2|Enamorus, F|
|poke|p2|Kingambit, F|
|poke|p2|Zamazenta-*|
|teampreview
|inactive|Battle timer is ON: inactive players will automatically lose when time's up. (requested by fraaaxn)
|c|☆fraaaxn|hf
|c|☆Scarfire|u2
|inactive|Scarfire has 270 seconds left.
|inactive|fraaaxn has 270 seconds left.
|j| rockpon2
|j| tonywalkemdown
|inactive|Scarfire has 240 seconds left.
|inactive|fraaaxn has 240 seconds left.
|
|t:|1769389031
|teamsize|p1|6
|teamsize|p2|6
|start
|switch|p1a: Iron Crown|Iron Crown|100/100
|switch|p2a: Ribombee|Ribombee, F|100/100
|turn|1
|inactive|fraaaxn has 270 seconds left.
|
|t:|1769389066
|move|p2a: Ribombee|Sticky Web|p1a: Iron Crown
|-sidestart|p1: Scarfire|move: Sticky Web
|move|p1a: Iron Crown|Tachyon Cutter|p2a: Ribombee
|-supereffective|p2a: Ribombee
|-damage|p2a: Ribombee|10/100
|-supereffective|p2a: Ribombee
|-damage|p2a: Ribombee|0 fnt
|faint|p2a: Ribombee
|-hitcount|p2: Ribombee|2
|
|upkeep
|
|t:|1769389083
|switch|p2a: Gholdengo|Gholdengo|100/100
|-item|p2a: Gholdengo|Air Balloon
|turn|2
|
|t:|1769389095
|switch|p2a: Enamorus|Enamorus, F|100/100
|move|p1a: Iron Crown|Volt Switch|p2a: Enamorus
|-supereffective|p2a: Enamorus
|-damage|p2a: Enamorus|40/100
|
|t:|1769389108
|-end|p1a: Iron Crown|Quark Drive|[silent]
|switch|p1a: Moltres|Moltres|100/100|[from] Volt Switch
|
|upkeep
|turn|3
|
|t:|1769389133
|switch|p2a: Iron Moth|Iron Moth|100/100
|-enditem|p2a: Iron Moth|Booster Energy
|-activate|p2a: Iron Moth|ability: Quark Drive|[fromitem]
|-start|p2a: Iron Moth|quarkdrivespa
|move|p1a: Moltres|Flamethrower|p2a: Iron Moth
|-resisted|p2a: Iron Moth
|-damage|p2a: Iron Moth|80/100
|
|upkeep
|turn|4
|
|t:|1769389159
|switch|p1a: Ting-Lu|Ting-Lu|100/100
|-activate|p1a: Ting-Lu|move: Sticky Web
|-unboost|p1a: Ting-Lu|spe|1
|-ability|p1a: Ting-Lu|Vessel of Ruin
|move|p2a: Iron Moth|Fiery Dance|p1a: Ting-Lu
|-damage|p1a: Ting-Lu|75/100
|
|-heal|p1a: Ting-Lu|81/100|[from] item: Leftovers
|upkeep
|turn|5
|
|t:|1769389168
|-end|p2a: Iron Moth|Quark Drive|[silent]
|switch|p2a: Enamorus|Enamorus, F|40/100
|move|p1a: Ting-Lu|Earthquake|p2a: Enamorus
|-immune|p2a: Enamorus
|
|-heal|p1a: Ting-Lu|87/100|[from] item: Leftovers
|upkeep
|turn|6
|inactive|fraaaxn has 270 seconds left.
|
|t:|1769389177
|switch|p1a: Moltres|Moltres|100/100
|move|p2a: Enamorus|Moonblast|p1a: Moltres
|-resisted|p1a: Moltres
|-damage|p1a: Moltres|64/100
|-damage|p2a: Enamorus|30/100|[from] item: Life Orb
|
|upkeep
|turn|7
|inactive|fraaaxn has 270 seconds left.
|
|t:|1769389194
|switch|p2a: Iron Moth|Iron Moth|80/100
|move|p1a: Moltres|Roost|p1a: Moltres
|-heal|p1a: Moltres|100/100
|-singleturn|p1a: Moltres|move: Roost
|
|upkeep
|turn|8
|
|t:|1769389199
|switch|p1a: Ting-Lu|Ting-Lu|87/100
|-activate|p1a: Ting-Lu|move: Sticky Web
|-unboost|p1a: Ting-Lu|spe|1
|-ability|p1a: Ting-Lu|Vessel of Ruin
|move|p2a: Iron Moth|Energy Ball|p1a: Ting-Lu
|-supereffective|p1a: Ting-Lu
|-damage|p1a: Ting-Lu|59/100
|
|-heal|p1a: Ting-Lu|65/100|[from] item: Leftovers
|upkeep
|turn|9
|inactive|fraaaxn has 270 seconds left.
|
|t:|1769389220
|move|p2a: Iron Moth|Energy Ball|p1a: Ting-Lu
|-supereffective|p1a: Ting-Lu
|-damage|p1a: Ting-Lu|37/100
|move|p1a: Ting-Lu|Stealth Rock|p2a: Iron Moth
|-sidestart|p2: fraaaxn|move: Stealth Rock
|
|-heal|p1a: Ting-Lu|44/100|[from] item: Leftovers
|upkeep
|turn|10
|inactive|fraaaxn has 270 seconds left.
|
|t:|1769389230
|move|p2a: Iron Moth|Energy Ball|p1a: Ting-Lu
|-supereffective|p1a: Ting-Lu
|-damage|p1a: Ting-Lu|15/100
|move|p1a: Ting-Lu|Earthquake|p2a: Iron Moth
|-supereffective|p2a: Iron Moth
|-damage|p2a: Iron Moth|0 fnt
|faint|p2a: Iron Moth
|-end|p2a: Iron Moth|Quark Drive|[silent]
|
|-heal|p1a: Ting-Lu|22/100|[from] item: Leftovers
|upkeep
|
|t:|1769389233
|switch|p2a: Gholdengo|Gholdengo|100/100
|-damage|p2a: Gholdengo|94/100|[from] Stealth Rock
|-item|p2a: Gholdengo|Air Balloon
|turn|11
|
|t:|1769389247
|move|p2a: Gholdengo|Nasty Plot|p2a: Gholdengo
|-boost|p2a: Gholdengo|spa|2
|move|p1a: Ting-Lu|Ruination|p2a: Gholdengo
|-damage|p2a: Gholdengo|47/100
|-enditem|p2a: Gholdengo|Air Balloon
|
|-heal|p1a: Ting-Lu|28/100|[from] item: Leftovers
|upkeep
|turn|12
|
|t:|1769389254
|move|p2a: Gholdengo|Make It Rain|p1a: Ting-Lu
|-damage|p1a: Ting-Lu|0 fnt
|-unboost|p2a: Gholdengo|spa|1
|faint|p1a: Ting-Lu
|
|upkeep
|
|t:|1769389282
|switch|p1a: Samurott|Samurott-Hisui, M|100/100
|turn|13
|inactive|fraaaxn has 270 seconds left.
|inactive|fraaaxn has 240 seconds left.
|
|t:|1769389370
|switch|p2a: Zamazenta|Zamazenta|100/100
|-damage|p2a: Zamazenta|94/100|[from] Stealth Rock
|-ability|p2a: Zamazenta|Dauntless Shield|boost
|-boost|p2a: Zamazenta|def|1
|move|p1a: Samurott|Razor Shell|p2a: Zamazenta
|-damage|p2a: Zamazenta|70/100
|
|-heal|p2a: Zamazenta|76/100|[from] item: Leftovers
|upkeep
|turn|14
|inactive|fraaaxn has 210 seconds left.
|
|t:|1769389402
|switch|p2a: Enamorus|Enamorus, F|30/100
|-damage|p2a: Enamorus|5/100|[from] Stealth Rock
|switch|p1a: Pecharunt|Pecharunt|100/100
|
|upkeep
|turn|15
|
|t:|1769389410
|switch|p1a: Moltres|Moltres|100/100
|move|p2a: Enamorus|Earth Power|p1a: Moltres
|-immune|p1a: Moltres
|
|upkeep
|turn|16
|
|t:|1769389415
|move|p2a: Enamorus|Moonblast|p1a: Moltres
|-resisted|p1a: Moltres
|-damage|p1a: Moltres|65/100
|-damage|p2a: Enamorus|0 fnt|[from] item: Life Orb
|faint|p2a: Enamorus
|move|p1a: Moltres|Roost|p1a: Moltres
|-heal|p1a: Moltres|100/100
|-singleturn|p1a: Moltres|move: Roost
|
|upkeep
|
|t:|1769389417
|switch|p2a: Gholdengo|Gholdengo|47/100
|-damage|p2a: Gholdengo|41/100|[from] Stealth Rock
|turn|17
|
|t:|1769389438
|switch|p1a: Samurott|Samurott-Hisui, M|100/100
|move|p2a: Gholdengo|Thunderbolt|p1a: Samurott
|-supereffective|p1a: Samurott
|-damage|p1a: Samurott|0 fnt
|faint|p1a: Samurott
|
|upkeep
|inactive|Scarfire has 270 seconds left.
|
|t:|1769389469
|switch|p1a: Zamazenta|Zamazenta|100/100
|-ability|p1a: Zamazenta|Dauntless Shield|boost
|-boost|p1a: Zamazenta|def|1
|turn|18
|
|t:|1769389475
|switch|p2a: Zamazenta|Zamazenta|76/100
|-damage|p2a: Zamazenta|70/100|[from] Stealth Rock
|move|p1a: Zamazenta|Crunch|p2a: Zamazenta
|-resisted|p2a: Zamazenta
|-damage|p2a: Zamazenta|61/100
|-unboost|p2a: Zamazenta|def|1
|
|-heal|p2a: Zamazenta|67/100|[from] item: Leftovers
|upkeep
|turn|19
|inactive|Scarfire has 270 seconds left.
|
|t:|1769389499
|move|p1a: Zamazenta|Close Combat|p2a: Zamazenta
|-damage|p2a: Zamazenta|0 fnt
|-unboost|p1a: Zamazenta|def|1
|-unboost|p1a: Zamazenta|spd|1
|faint|p2a: Zamazenta
|
|upkeep
|
|t:|1769389511
|switch|p2a: Kingambit|Kingambit, F|100/100
|-damage|p2a: Kingambit|94/100|[from] Stealth Rock
|-activate|p2a: Kingambit|ability: Supreme Overlord
|-start|p2a: Kingambit|fallen4|[silent]
|turn|20
|
|t:|1769389519
|switch|p1a: Moltres|Moltres|100/100
|-terastallize|p2a: Kingambit|Fairy
|move|p2a: Kingambit|Tera Blast|p1a: Moltres|[anim] Tera Blast Fairy
|-resisted|p1a: Moltres
|-damage|p1a: Moltres|79/100
|
|-heal|p2a: Kingambit|100/100|[from] item: Leftovers
|upkeep
|turn|21
|
|t:|1769389527
|-end|p2a: Kingambit|fallen4|[silent]
|switch|p2a: Gholdengo|Gholdengo|41/100
|-damage|p2a: Gholdengo|35/100|[from] Stealth Rock
|move|p1a: Moltres|Roar|p2a: Gholdengo
|-immune|p2a: Gholdengo|[from] ability: Good as Gold
|
|upkeep
|turn|22
|inactive|Scarfire has 270 seconds left.
|inactive|Scarfire has 240 seconds left.
|
|t:|1769389584
|move|p2a: Gholdengo|Shadow Ball|p1a: Moltres
|-damage|p1a: Moltres|34/100
|move|p1a: Moltres|Flamethrower|p2a: Gholdengo
|-supereffective|p2a: Gholdengo
|-damage|p2a: Gholdengo|0 fnt
|faint|p2a: Gholdengo
|
|upkeep
|
|t:|1769389587
|switch|p2a: Kingambit|Kingambit, F, tera:Fairy|100/100
|-damage|p2a: Kingambit|88/100|[from] Stealth Rock
|-activate|p2a: Kingambit|ability: Supreme Overlord
|-start|p2a: Kingambit|fallen5|[silent]
|turn|23
|
|t:|1769389597
|move|p1a: Moltres|U-turn|p2a: Kingambit
|-resisted|p2a: Kingambit
|-damage|p2a: Kingambit|82/100
|inactive|Scarfire has 240 seconds left.
|
|t:|1769389607
|switch|p1a: Pecharunt|Pecharunt|100/100|[from] U-turn
|move|p2a: Kingambit|Swords Dance|p2a: Kingambit
|-boost|p2a: Kingambit|atk|2
|
|-heal|p2a: Kingambit|88/100|[from] item: Leftovers
|upkeep
|turn|24
|inactive|fraaaxn has 240 seconds left.
|
|t:|1769389613
|move|p2a: Kingambit|Sucker Punch|p1a: Pecharunt
|-supereffective|p1a: Pecharunt
|-damage|p1a: Pecharunt|0 fnt
|faint|p1a: Pecharunt
|
|-heal|p2a: Kingambit|94/100|[from] item: Leftovers
|upkeep
|
|t:|1769389616
|switch|p1a: Iron Crown|Iron Crown|100/100
|turn|25
|
|t:|1769389620
|-terastallize|p1a: Iron Crown|Fighting
|move|p2a: Kingambit|Sucker Punch|p1a: Iron Crown
|-resisted|p1a: Iron Crown
|-damage|p1a: Iron Crown|30/100
|move|p1a: Iron Crown|Tachyon Cutter|p2a: Kingambit
|-supereffective|p2a: Kingambit
|-damage|p2a: Kingambit|34/100
|-supereffective|p2a: Kingambit
|-damage|p2a: Kingambit|0 fnt
|faint|p2a: Kingambit
|-end|p2a: Kingambit|fallen5|[silent]
|-hitcount|p2: Kingambit|2
|
|win|Scarfire
|c|☆fraaaxn|gg
|c|☆Scarfire|gg
