|j|☆pixel_dragon9
|j|☆Zettaaa
|t:|1769426575
|gametype|singles
|player|p1|pixel_dragon9|2|1165
|player|p2|Zettaaa|harlequin|1106
|gen|9
|tier|[Gen 9] OU
|rated|
|rule|HP Percentage Mod: HP is shown in percentages
|rule|Endless Battle Clause: Forcing endless battles is banned
|rule|Species Clause: Limit one of each Pokémon
|rule|OHKO Clause: OHKO moves are banned
|rule|Evasion Items Clause: Evasion items are banned
|rule|Evasion Moves Clause: Evasion moves are banned
|rule|Evasion Abilities Clause: Evasion abilities are banned
|rule|Sleep Moves Clause: Sleep-inducing moves are banned
|clearpoke
|poke|p1|Deoxys-Speed|
|poke|p1|Dragapult, M|
|poke|p1|Gholdengo|
|poke|p1|Great Tusk|
|poke|p1|Kingambit, M|
|poke|p1|Ogerpon-Wellspring, F|
|poke|p2|Masquerain, M|
|poke|p2|Okidogi, M|
|poke|p2|Iron Moth|
|poke|p2|Kommo-o, F|
|poke|p2|Ogerpon-Cornerstone, F|
|poke|p2|Weavile, M|
|teampreview
|inactive|Battle timer is ON: inactive players will automatically lose when time's up. (requested by pixel_dragon9)
|
|t:|1769426580
|teamsize|p1|6
|teamsize|p2|6
|start
|switch|p1a: Deoxys|Deoxys-Speed|100/100
|switch|p2a: Masquerain|Masquerain, M|100/100
|-ability|p1a: Deoxys|Pressure
|-ability|p2a: Masquerain|Intimidate|boost
|-unboost|p1a: Deoxys|atk|1
|turn|1
|
|t:|1769426590
|switch|p2a: Weavile|Weavile, M|100/100
|-ability|p2a: Weavile|Pressure
|move|p1a: Deoxys|Taunt|p2a: Weavile
|-start|p2a: Weavile|move: Taunt
|
|upkeep
|turn|2
|
|t:|1769426600
|move|p1a: Deoxys|Stealth Rock|p2a: Weavile
|-sidestart|p2: Zettaaa|move: Stealth Rock
|move|p2a: Weavile|Knock Off|p1a: Deoxys
|-supereffective|p1a: Deoxys
|-crit|p1a: Deoxys
|-enditem|p1a: Deoxys|Focus Sash
|-damage|p1a: Deoxys|1/100
|
|upkeep
|turn|3
|
|t:|1769426608
|move|p2a: Weavile|Ice Shard|p1a: Deoxys
|-damage|p1a: Deoxys|0 fnt
|faint|p1a: Deoxys
|
|-end|p2a: Weavile|move: Taunt
|upkeep
|
|t:|1769426622
|switch|p1a: Dragapult|Dragapult, M|100/100
|turn|4
|
|t:|1769426639
|move|p2a: Weavile|Ice Shard|p1a: Dragapult
|-supereffective|p1a: Dragapult
|-damage|p1a: Dragapult|46/100
|move|p1a: Dragapult|U-turn|p2a: Weavile
|-supereffective|p2a: Weavile
|-damage|p2a: Weavile|0 fnt
|faint|p2a: Weavile
|-damage|p1a: Dragapult|36/100|[from] item: Life Orb
|
|t:|1769426645
|switch|p1a: Gholdengo|Gholdengo|100/100|[from] U-turn
|
|upkeep
|
|t:|1769426660
|switch|p2a: Iron Moth|Iron Moth|100/100
|-damage|p2a: Iron Moth|76/100|[from] Stealth Rock
|turn|5
|
|t:|1769426666
|switch|p1a: Great Tusk|Great Tusk|100/100
|move|p2a: Iron Moth|Overheat|p1a: Great Tusk
|-damage|p1a: Great Tusk|35/100
|-unboost|p2a: Iron Moth|spa|2
|
|upkeep
|turn|6
|
|t:|1769426679
|move|p2a: Iron Moth|Energy Ball|p1a: Great Tusk
|-supereffective|p1a: Great Tusk
|-damage|p1a: Great Tusk|3/100
|move|p1a: Great Tusk|Headlong Rush|p2a: Iron Moth
|-supereffective|p2a: Iron Moth
|-damage|p2a: Iron Moth|0 fnt
|-unboost|p1a: Great Tusk|def|1
|-unboost|p1a: Great Tusk|spd|1
|faint|p2a: Iron Moth
|-end|p2a: Iron Moth|Quark Drive|[silent]
|
|upkeep
|
|t:|1769426687
|switch|p2a: Masquerain|Masquerain, M|100/100
|-ability|p2a: Masquerain|Intimidate|boost
|-unboost|p1a: Great Tusk|atk|1
|turn|7
|
|t:|1769426692
|move|p2a: Masquerain|Chilling Water|p1a: Great Tusk
|-supereffective|p1a: Great Tusk
|-damage|p1a: Great Tusk|0 fnt
|faint|p1a: Great Tusk
|-end|p1a: Great Tusk|Protosynthesis|[silent]
|
|upkeep
|
|t:|1769426700
|switch|p1a: Dragapult|Dragapult, M|36/100
|turn|8
|
|t:|1769426706
|move|p1a: Dragapult|Dragon Darts|p2a: Masquerain
|-damage|p2a: Masquerain|62/100
|-anim|p1a: Dragapult|Dragon Darts|p2a: Masquerain
|-crit|p2a: Masquerain
|-damage|p2a: Masquerain|2/100
|-damage|p1a: Dragapult|26/100|[from] item: Life Orb
|move|p2a: Masquerain|Sticky Web|p1a: Dragapult
|-sidestart|p1: pixel_dragon9|move: Sticky Web
|
|upkeep
|turn|9
|
|t:|1769426717
|move|p1a: Dragapult|Dragon Darts|p2a: Masquerain
|-damage|p2a: Masquerain|0 fnt
|faint|p2a: Masquerain
|-damage|p1a: Dragapult|16/100|[from] item: Life Orb
|
|upkeep
|
|t:|1769426726
|switch|p2a: Okidogi|Okidogi, M|100/100
|-damage|p2a: Okidogi|94/100|[from] Stealth Rock
|turn|10
|
|t:|1769426732
|move|p1a: Dragapult|Dragon Darts|p2a: Okidogi
|-damage|p2a: Okidogi|67/100
|-anim|p1a: Dragapult|Dragon Darts|p2a: Okidogi
|-damage|p2a: Okidogi|39/100
|-damage|p1a: Dragapult|6/100|[from] item: Life Orb
|move|p2a: Okidogi|Knock Off|p1a: Dragapult
|-supereffective|p1a: Dragapult
|-damage|p1a: Dragapult|0 fnt
|-enditem|p1a: Dragapult|Life Orb|[from] move: Knock Off|[of] p2a: Okidogi
|faint|p1a: Dragapult
|
|upkeep
|
|t:|1769426737
|switch|p1a: Gholdengo|Gholdengo|100/100
|-activate|p1a: Gholdengo|move: Sticky Web
|-unboost|p1a: Gholdengo|spe|1
|turn|11
|
|t:|1769426762
|move|p1a: Gholdengo|Shadow Ball|p2a: Okidogi
|-damage|p2a: Okidogi|9/100
|move|p2a: Okidogi|Knock Off|p1a: Gholdengo
|-supereffective|p1a: Gholdengo
|-damage|p1a: Gholdengo|22/100
|-enditem|p1a: Gholdengo|Choice Scarf|[from] move: Knock Off|[of] p2a: Okidogi
|
|upkeep
|turn|12
|
|t:|1769426770
|move|p2a: Okidogi|Knock Off|p1a: Gholdengo
|-supereffective|p1a: Gholdengo
|-damage|p1a: Gholdengo|0 fnt
|faint|p1a: Gholdengo
|
|upkeep
|
|t:|1769426773
|switch|p1a: Kingambit|Kingambit, M|100/100
|-activate|p1a: Kingambit|move: Sticky Web
|-unboost|p1a: Kingambit|spe|1
|-ability|p1a: Kingambit|Defiant|boost
|-boost|p1a: Kingambit|atk|2
|turn|13
|
|t:|1769426785
|move|p1a: Kingambit|Sucker Punch|p2a: Okidogi
|-resisted|p2a: Okidogi
|-damage|p2a: Okidogi|0 fnt
|faint|p2a: Okidogi
|
|upkeep
|
|t:|1769426788
|switch|p2a: Kommo-o|Kommo-o, F|100/100
|-damage|p2a: Kommo-o|94/100|[from] Stealth Rock
|turn|14
|
|t:|1769426795
|-terastallize|p1a: Kingambit|Ghost
|move|p2a: Kommo-o|Clangorous Soul|p2a: Kommo-o
|-boost|p2a: Kommo-o|atk|1
|-boost|p2a: Kommo-o|def|1
|-boost|p2a: Kommo-o|spa|1
|-boost|p2a: Kommo-o|spd|1
|-boost|p2a: Kommo-o|spe|1
|-damage|p2a: Kommo-o|61/100
|-enditem|p2a: Kommo-o|Throat Spray
|-boost|p2a: Kommo-o|spa|1|[from] item: Throat Spray
|move|p1a: Kingambit|Kowtow Cleave|p2a: Kommo-o
|-resisted|p2a: Kommo-o
|-damage|p2a: Kommo-o|21/100
|
|upkeep
|turn|15
|
|t:|1769426818
|move|p1a: Kingambit|Sucker Punch|p2a: Kommo-o
|-resisted|p2a: Kommo-o
|-damage|p2a: Kommo-o|0 fnt
|faint|p2a: Kommo-o
|
|upkeep
|
|t:|1769426821
|switch|p2a: Ogerpon|Ogerpon-Cornerstone, F|100/100
|-damage|p2a: Ogerpon|88/100|[from] Stealth Rock
|turn|16
|
|t:|1769426828
|move|p1a: Kingambit|Sucker Punch|p2a: Ogerpon
|-damage|p2a: Ogerpon|0 fnt
|faint|p2a: Ogerpon
|
|win|pixel_dragon9
|raw|pixel_dragon9's rating: 1165 &rarr; <strong>1186</strong><br />(+21 for winning)
|raw|Zettaaa's rating: 1106 &rarr; <strong>1085</strong><br />(-21 for losing)
|l|☆Zettaaa
|player|p2|
