|j|☆cospway
|j|☆Muche
|t:|1769336918
|gametype|singles
|player|p1|cospway|iris-gen5bw2|1311
|player|p2|Muche|yellow|1300
|gen|9
|tier|[Gen 9] OU
|rated|
|rule|HP Percentage Mod: HP is shown in percentages
|rule|Endless Battle Clause: Forcing endless battles is banned
|rule|Species Clause: Limit one of each Pokémon
|rule|OHKO Clause: OHKO moves are banned
|rule|Evasion Items Clause: Evasion items are banned
|rule|Evasion Moves Clause: Evasion moves are banned
|rule|Evasion Abilities Clause: Evasion abilities are banned
|rule|Sleep Moves Clause: Sleep-inducing moves are banned
|clearpoke
|poke|p1|Cresselia, F|
|poke|p1|Mew|
|poke|p1|Gholdengo|
|poke|p1|Kingambit, M|
|poke|p1|Hoopa-Unbound|
|poke|p1|Azumarill, F|
|poke|p2|Pelipper, F|
|poke|p2|Ludicolo, M|
|poke|p2|Iron Treads|
|poke|p2|Landorus-Therian, M|
|poke|p2|Barraskewda, M|
|poke|p2|Basculegion-F, F|
|teampreview
|
|t:|1769336923
|teamsize|p1|6
|teamsize|p2|6
|start
|switch|p1a: Mew|Mew|100/100
|switch|p2a: Pelipper|Pelipper, F|100/100
|-weather|RainDance|[from] ability: Drizzle|[of] p2a: Pelipper
|turn|1
|
|t:|1769336932
|move|p2a: Pelipper|Weather Ball|p1a: Mew
|-damage|p1a: Mew|67/100
|move|p1a: Mew|Trick Room|p1a: Mew
|-fieldstart|move: Trick Room|[of] p1a: Mew
|
|-weather|RainDance|[upkeep]
|upkeep
|turn|2
|
|t:|1769336938
|move|p2a: Pelipper|U-turn|p1a: Mew
|-supereffective|p1a: Mew
|-damage|p1a: Mew|52/100
|
|t:|1769336946
|switch|p2a: Iron Treads|Iron Treads|100/100|[from] U-turn
|move|p1a: Mew|Stealth Rock|p2a: Iron Treads
|-sidestart|p2: Muche|move: Stealth Rock
|
|-weather|RainDance|[upkeep]
|upkeep
|turn|3
|inactive|Battle timer is ON: inactive players will automatically lose when time's up. (requested by cospway)
|
|t:|1769336955
|switch|p1a: Gholdengo|Gholdengo|100/100
|-item|p1a: Gholdengo|Air Balloon
|move|p2a: Iron Treads|Iron Head|p1a: Gholdengo
|-resisted|p1a: Gholdengo
|-damage|p1a: Gholdengo|85/100
|-enditem|p1a: Gholdengo|Air Balloon
|
|-weather|RainDance|[upkeep]
|upkeep
|turn|4
|
|t:|1769336966
|move|p1a: Gholdengo|Focus Blast|p2a: Iron Treads|[miss]
|-miss|p1a: Gholdengo|p2a: Iron Treads
|move|p2a: Iron Treads|Earthquake|p1a: Gholdengo
|-supereffective|p1a: Gholdengo
|-damage|p1a: Gholdengo|13/100
|
|-weather|RainDance|[upkeep]
|upkeep
|turn|5
|
|t:|1769336979
|move|p1a: Gholdengo|Make It Rain|p2a: Iron Treads
|-resisted|p2a: Iron Treads
|-damage|p2a: Iron Treads|83/100
|-unboost|p1a: Gholdengo|spa|1
|move|p2a: Iron Treads|Earthquake|p1a: Gholdengo
|-supereffective|p1a: Gholdengo
|-damage|p1a: Gholdengo|0 fnt
|faint|p1a: Gholdengo
|
|-weather|RainDance|[upkeep]
|-fieldend|move: Trick Room
|upkeep
|
|t:|1769336991
|switch|p1a: Mew|Mew|52/100
|turn|6
|
|t:|1769336994
|move|p2a: Iron Treads|Rapid Spin|p1a: Mew
|-damage|p1a: Mew|43/100
|-boost|p2a: Iron Treads|spe|1
|-sideend|p2: Muche|Stealth Rock|[from] move: Rapid Spin|[of] p2a: Iron Treads
|move|p1a: Mew|Trick Room|p1a: Mew
|-fieldstart|move: Trick Room|[of] p1a: Mew
|
|-weather|RainDance|[upkeep]
|upkeep
|turn|7
|
|t:|1769337003
|move|p1a: Mew|Stealth Rock|p2a: Iron Treads
|-sidestart|p2: Muche|move: Stealth Rock
|move|p2a: Iron Treads|Earthquake|p1a: Mew
|-damage|p1a: Mew|15/100
|
|-weather|RainDance|[upkeep]
|upkeep
|turn|8
|
|t:|1769337012
|move|p1a: Mew|Knock Off|p2a: Iron Treads
|-damage|p2a: Iron Treads|65/100
|-enditem|p2a: Iron Treads|Assault Vest|[from] move: Knock Off|[of] p1a: Mew
|move|p2a: Iron Treads|Rapid Spin|p1a: Mew
|-damage|p1a: Mew|6/100
|-boost|p2a: Iron Treads|spe|1
|-sideend|p2: Muche|Stealth Rock|[from] move: Rapid Spin|[of] p2a: Iron Treads
|
|-weather|none
|upkeep
|turn|9
|
|t:|1769337018
|move|p1a: Mew|Stealth Rock|p2a: Iron Treads
|-sidestart|p2: Muche|move: Stealth Rock
|move|p2a: Iron Treads|Rapid Spin|p1a: Mew
|-damage|p1a: Mew|0 fnt
|-boost|p2a: Iron Treads|spe|1
|-sideend|p2: Muche|Stealth Rock|[from] move: Rapid Spin|[of] p2a: Iron Treads
|faint|p1a: Mew
|
|upkeep
|
|t:|1769337027
|switch|p1a: Azumarill|Azumarill, F|100/100
|turn|10
|
|t:|1769337041
|move|p1a: Azumarill|Liquidation|p2a: Iron Treads
|-supereffective|p2a: Iron Treads
|-damage|p2a: Iron Treads|0 fnt
|faint|p2a: Iron Treads
|-end|p2a: Iron Treads|Quark Drive|[silent]
|
|-fieldend|move: Trick Room
|upkeep
|
|t:|1769337055
|switch|p2a: Ludicolo|Ludicolo, M|100/100
|turn|11
|
|t:|1769337059
|switch|p1a: Hoopa|Hoopa-Unbound|100/100
|move|p2a: Ludicolo|Giga Drain|p1a: Hoopa
|-damage|p1a: Hoopa|66/100
|-damage|p2a: Ludicolo|91/100|[from] item: Life Orb
|
|upkeep
|turn|12
|
|t:|1769337068
|switch|p2a: Pelipper|Pelipper, F|100/100
|-weather|RainDance|[from] ability: Drizzle|[of] p2a: Pelipper
|move|p1a: Hoopa|Trick Room|p1a: Hoopa
|-fieldstart|move: Trick Room|[of] p1a: Hoopa
|-enditem|p1a: Hoopa|Room Service
|-unboost|p1a: Hoopa|spe|1|[from] item: Room Service
|
|-weather|RainDance|[upkeep]
|upkeep
|turn|13
|
|t:|1769337076
|move|p1a: Hoopa|Hyperspace Fury|p2a: Pelipper
|-damage|p2a: Pelipper|50/100
|-unboost|p1a: Hoopa|def|1
|-item|p1a: Hoopa|Damp Rock|[from] ability: Magician|[of] p2a: Pelipper
|move|p2a: Pelipper|U-turn|p1a: Hoopa
|-supereffective|p1a: Hoopa
|-damage|p1a: Hoopa|0 fnt
|faint|p1a: Hoopa
|
|t:|1769337087
|switch|p2a: Basculegion|Basculegion-F, F|100/100|[from] U-turn
|
|-weather|RainDance|[upkeep]
|upkeep
|
|t:|1769337102
|switch|p1a: Azumarill|Azumarill, F|100/100
|turn|14
|
|t:|1769337117
|switch|p2a: Landorus|Landorus-Therian, M|100/100
|-ability|p2a: Landorus|Intimidate|boost
|-unboost|p1a: Azumarill|atk|1
|move|p1a: Azumarill|Liquidation|p2a: Landorus
|-supereffective|p2a: Landorus
|-damage|p2a: Landorus|0 fnt
|faint|p2a: Landorus
|
|-weather|RainDance|[upkeep]
|upkeep
|
|t:|1769337142
|switch|p2a: Ludicolo|Ludicolo, M|91/100
|turn|15
|
|t:|1769337151
|switch|p1a: Kingambit|Kingambit, M|100/100
|-activate|p1a: Kingambit|ability: Supreme Overlord
|-start|p1a: Kingambit|fallen3|[silent]
|move|p2a: Ludicolo|Giga Drain|p1a: Kingambit
|-resisted|p1a: Kingambit
|-damage|p1a: Kingambit|78/100
|-heal|p2a: Ludicolo|100/100|[from] drain|[of] p1a: Kingambit
|-damage|p2a: Ludicolo|91/100|[from] item: Life Orb
|
|-weather|RainDance|[upkeep]
|-heal|p1a: Kingambit|84/100|[from] item: Leftovers
|upkeep
|turn|16
|
|t:|1769337169
|move|p1a: Kingambit|Kowtow Cleave|p2a: Ludicolo
|-damage|p2a: Ludicolo|0 fnt
|faint|p2a: Ludicolo
|
|-weather|RainDance|[upkeep]
|-heal|p1a: Kingambit|91/100|[from] item: Leftovers
|-fieldend|move: Trick Room
|upkeep
|
|t:|1769337172
|switch|p2a: Barraskewda|Barraskewda, M|100/100
|turn|17
|
|t:|1769337181
|move|p1a: Kingambit|Sucker Punch|p2a: Barraskewda
|-damage|p2a: Barraskewda|0 fnt
|faint|p2a: Barraskewda
|
|-weather|RainDance|[upkeep]
|-heal|p1a: Kingambit|97/100|[from] item: Leftovers
|upkeep
|-message|Muche forfeited.
|
|win|cospway
|raw|cospway's rating: 1311 &rarr; <strong>1330</strong><br />(+19 for winning)
|raw|Muche's rating: 1300 &rarr; <strong>1276</strong><br />(-24 for losing)
|l|☆Muche
|player|p2|
|l|☆cospway
|player|p1|
