|j|‽ADHDinglenuts
|j|☆scorpiomoe
|t:|1769380686
|gametype|singles
|player|p1|ADHDinglenuts|265|1133
|player|p2|scorpiomoe|102|1122
|gen|9
|tier|[Gen 9] OU
|rated|
|rule|HP Percentage Mod: HP is shown in percentages
|rule|Endless Battle Clause: Forcing endless battles is banned
|rule|Species Clause: Limit one of each Pokémon
|rule|OHKO Clause: OHKO moves are banned
|rule|Evasion Items Clause: Evasion items are banned
|rule|Evasion Moves Clause: Evasion moves are banned
|rule|Evasion Abilities Clause: Evasion abilities are banned
|rule|Sleep Moves Clause: Sleep-inducing moves are banned
|clearpoke
|poke|p1|Tyranitar, F|
|poke|p1|Ceruledge, F|
|poke|p1|Gholdengo|
|poke|p1|Kyurem|
|poke|p1|Ogerpon-Wellspring, F|
|poke|p1|Lokix, F|
|poke|p2|Lumineon, F|
|poke|p2|Glimmora, F|
|poke|p2|Meowscarada, F|
|poke|p2|Pelipper, M|
|poke|p2|Gholdengo|
|poke|p2|Gliscor, M|
|teampreview
|inactive|Battle timer is ON: inactive players will automatically lose when time's up. (requested by scorpiomoe)
|
|t:|1769380695
|teamsize|p1|6
|teamsize|p2|6
|start
|switch|p1a: Gholdengo|Gholdengo|100/100
|switch|p2a: Meowscarada|Meowscarada, F, shiny|100/100
|-item|p1a: Gholdengo|Air Balloon
|turn|1
|inactive|ADHDinglenuts has 120 seconds left.
|
|t:|1769380742
|-terastallize|p1a: Gholdengo|Steel
|move|p2a: Meowscarada|Knock Off|p1a: Gholdengo
|-start|p2a: Meowscarada|typechange|Dark|[from] ability: Protean
|-damage|p1a: Gholdengo|57/100
|-enditem|p1a: Gholdengo|Air Balloon
|move|p1a: Gholdengo|Make It Rain|p2a: Meowscarada
|-enditem|p2a: Meowscarada|Focus Sash
|-damage|p2a: Meowscarada|1/100
|-unboost|p1a: Gholdengo|spa|1
|
|upkeep
|turn|2
|inactive|scorpiomoe has 120 seconds left.
|
|t:|1769380796
|move|p2a: Meowscarada|U-turn|p1a: Gholdengo
|-resisted|p1a: Gholdengo
|-damage|p1a: Gholdengo|48/100
|
|t:|1769380800
|switch|p2a: Pelipper|Pelipper, M, shiny|100/100|[from] U-turn
|-weather|RainDance|[from] ability: Drizzle|[of] p2a: Pelipper
|move|p1a: Gholdengo|Shadow Ball|p2a: Pelipper
|-damage|p2a: Pelipper|51/100
|-unboost|p2a: Pelipper|spd|1
|
|-weather|RainDance|[upkeep]
|upkeep
|turn|3
|inactive|ADHDinglenuts has 120 seconds left.
|
|t:|1769380821
|switch|p2a: Lumineon|Lumineon, F, shiny|100/100
|move|p1a: Gholdengo|Shadow Ball|p2a: Lumineon
|-damage|p2a: Lumineon|58/100
|-unboost|p2a: Lumineon|spd|1
|
|-weather|RainDance|[upkeep]
|upkeep
|turn|4
|
|t:|1769380827
|move|p2a: Lumineon|Hydro Pump|p1a: Gholdengo
|-damage|p1a: Gholdengo|0 fnt
|faint|p1a: Gholdengo
|
|-weather|RainDance|[upkeep]
|upkeep
|
|t:|1769380835
|switch|p1a: Ogerpon|Ogerpon-Wellspring, F|100/100
|turn|5
|
|t:|1769380839
|move|p1a: Ogerpon|Swords Dance|p1a: Ogerpon
|-boost|p1a: Ogerpon|atk|2
|move|p2a: Lumineon|U-turn|p1a: Ogerpon
|-supereffective|p1a: Ogerpon
|-damage|p1a: Ogerpon|71/100
|
|t:|1769380850
|switch|p2a: Meowscarada|Meowscarada, F, shiny|1/100|[from] U-turn
|
|-weather|RainDance|[upkeep]
|upkeep
|turn|6
|
|t:|1769380856
|move|p2a: Meowscarada|U-turn|p1a: Ogerpon
|-start|p2a: Meowscarada|typechange|Bug|[from] ability: Protean
|-supereffective|p1a: Ogerpon
|-damage|p1a: Ogerpon|0 fnt
|faint|p1a: Ogerpon
|inactive|scorpiomoe has 120 seconds left.
|
|t:|1769380864
|switch|p2a: Gliscor|Gliscor, M|100/100|[from] U-turn
|
|-weather|none
|-status|p2a: Gliscor|tox|[from] item: Toxic Orb
|upkeep
|
|t:|1769380872
|switch|p1a: Kyurem|Kyurem|100/100
|-ability|p1a: Kyurem|Pressure
|turn|7
|
|t:|1769380883
|-terastallize|p2a: Gliscor|Dark
|move|p1a: Kyurem|Freeze-Dry|p2a: Gliscor
|-damage|p2a: Gliscor|38/100 tox
|move|p2a: Gliscor|Toxic|p1a: Kyurem
|-status|p1a: Kyurem|tox
|
|-damage|p1a: Kyurem|94/100 tox|[from] psn
|-heal|p2a: Gliscor|50/100 tox|[from] ability: Poison Heal
|upkeep
|turn|8
|
|t:|1769380890
|move|p1a: Kyurem|Freeze-Dry|p2a: Gliscor
|-damage|p2a: Gliscor|0 fnt
|faint|p2a: Gliscor
|
|-damage|p1a: Kyurem|82/100 tox|[from] psn
|upkeep
|
|t:|1769380897
|switch|p2a: Gholdengo|Gholdengo|100/100
|turn|9
|
|t:|1769380911
|switch|p1a: Ceruledge|Ceruledge, F|100/100
|move|p2a: Gholdengo|Make It Rain|p1a: Ceruledge
|-resisted|p1a: Ceruledge
|-damage|p1a: Ceruledge|65/100
|-unboost|p2a: Gholdengo|spa|1
|
|upkeep
|turn|10
|
|t:|1769380917
|switch|p2a: Pelipper|Pelipper, M, shiny|51/100
|-weather|RainDance|[from] ability: Drizzle|[of] p2a: Pelipper
|move|p1a: Ceruledge|Bitter Blade|p2a: Pelipper
|-resisted|p2a: Pelipper
|-damage|p2a: Pelipper|33/100
|-heal|p1a: Ceruledge|73/100|[from] drain|[of] p2a: Pelipper
|-damage|p1a: Ceruledge|63/100|[from] item: Life Orb
|
|-weather|RainDance|[upkeep]
|upkeep
|turn|11
|
|t:|1769380923
|move|p1a: Ceruledge|Poltergeist|p2a: Pelipper
|-activate|p2a: Pelipper|move: Poltergeist|Choice Specs
|-damage|p2a: Pelipper|0 fnt
|faint|p2a: Pelipper
|-damage|p1a: Ceruledge|53/100|[from] item: Life Orb
|
|-weather|RainDance|[upkeep]
|upkeep
|
|t:|1769380929
|switch|p2a: Lumineon|Lumineon, F, shiny|58/100
|turn|12
|
|t:|1769380932
|switch|p1a: Kyurem|Kyurem|82/100 tox
|-ability|p1a: Kyurem|Pressure
|move|p2a: Lumineon|Hydro Pump|p1a: Kyurem
|-resisted|p1a: Kyurem
|-damage|p1a: Kyurem|55/100 tox
|
|-weather|RainDance|[upkeep]
|-damage|p1a: Kyurem|49/100 tox|[from] psn
|upkeep
|turn|13
|
|t:|1769380940
|move|p1a: Kyurem|Draco Meteor|p2a: Lumineon
|-damage|p2a: Lumineon|0 fnt
|-unboost|p1a: Kyurem|spa|2
|faint|p2a: Lumineon
|
|-weather|RainDance|[upkeep]
|-damage|p1a: Kyurem|37/100 tox|[from] psn
|upkeep
|inactive|scorpiomoe has 120 seconds left.
|
|t:|1769380987
|switch|p2a: Gholdengo|Gholdengo|100/100
|turn|14
|
|t:|1769380992
|move|p2a: Gholdengo|Power Gem|p1a: Kyurem
|-supereffective|p1a: Kyurem
|-damage|p1a: Kyurem|0 fnt
|faint|p1a: Kyurem
|
|-weather|none
|upkeep
|
|t:|1769381011
|switch|p1a: Tyranitar|Tyranitar, F|100/100
|-weather|Sandstorm|[from] ability: Sand Stream|[of] p1a: Tyranitar
|turn|15
|inactive|scorpiomoe has 120 seconds left.
|inactive|scorpiomoe has 90 seconds left.
|
|t:|1769381063
|switch|p2a: Glimmora|Glimmora, F, shiny|100/100
|move|p1a: Tyranitar|Knock Off|p2a: Glimmora
|-damage|p2a: Glimmora|50/100
|-damage|p1a: Tyranitar|84/100|[from] item: Rocky Helmet|[of] p2a: Glimmora
|-activate|p2a: Glimmora|ability: Toxic Debris
|-sidestart|p1: ADHDinglenuts|move: Toxic Spikes
|-enditem|p2a: Glimmora|Rocky Helmet|[from] move: Knock Off|[of] p1a: Tyranitar
|
|-weather|Sandstorm|[upkeep]
|upkeep
|turn|16
|
|t:|1769381075
|move|p2a: Glimmora|Spiky Shield|p2a: Glimmora
|-singleturn|p2a: Glimmora|move: Protect
|move|p1a: Tyranitar|Knock Off|p2a: Glimmora
|-activate|p2a: Glimmora|move: Protect
|-damage|p1a: Tyranitar|72/100|[from] Spiky Shield|[of] p2a: Glimmora
|
|-weather|Sandstorm|[upkeep]
|upkeep
|turn|17
|
|t:|1769381082
|move|p1a: Tyranitar|Knock Off|p2a: Glimmora
|-damage|p2a: Glimmora|12/100
|-activate|p2a: Glimmora|ability: Toxic Debris
|-sidestart|p1: ADHDinglenuts|move: Toxic Spikes
|move|p2a: Glimmora|Stealth Rock|p1a: Tyranitar
|-sidestart|p1: ADHDinglenuts|move: Stealth Rock
|
|-weather|Sandstorm|[upkeep]
|upkeep
|turn|18
|inactive|scorpiomoe has 90 seconds left.
|
|t:|1769381089
|move|p1a: Tyranitar|Knock Off|p2a: Glimmora
|-damage|p2a: Glimmora|0 fnt
|faint|p2a: Glimmora
|
|-weather|Sandstorm|[upkeep]
|upkeep
|
|t:|1769381094
|switch|p2a: Meowscarada|Meowscarada, F, shiny|1/100
|turn|19
|
|t:|1769381099
|move|p2a: Meowscarada|Flower Trick|p1a: Tyranitar
|-start|p2a: Meowscarada|typechange|Grass|[from] ability: Protean
|-supereffective|p1a: Tyranitar
|-crit|p1a: Tyranitar
|-damage|p1a: Tyranitar|0 fnt
|faint|p1a: Tyranitar
|
|-weather|none
|upkeep
|
|t:|1769381103
|switch|p1a: Lokix|Lokix, F|100/100
|-status|p1a: Lokix|tox
|-damage|p1a: Lokix|76/100 tox|[from] Stealth Rock
|turn|20
|
|t:|1769381112
|switch|p2a: Gholdengo|Gholdengo|100/100
|move|p1a: Lokix|First Impression|p2a: Gholdengo
|-resisted|p2a: Gholdengo
|-damage|p2a: Gholdengo|64/100
|
|-damage|p1a: Lokix|70/100 tox|[from] psn
|upkeep
|turn|21
|inactive|scorpiomoe has 120 seconds left.
|
|t:|1769381124
|switch|p2a: Meowscarada|Meowscarada, F, shiny|1/100
|move|p1a: Lokix|First Impression||[still]
|-hint|First Impression only works on your first turn out.
|-fail|p1a: Lokix
|
|-damage|p1a: Lokix|58/100 tox|[from] psn
|upkeep
|turn|22
|
|t:|1769381133
|move|p1a: Lokix|First Impression||[still]
|-hint|First Impression only works on your first turn out.
|-fail|p1a: Lokix
|move|p2a: Meowscarada|Sucker Punch||[still]
|-fail|p2a: Meowscarada
|
|-damage|p1a: Lokix|40/100 tox|[from] psn
|upkeep
|turn|23
|
|t:|1769381142
|move|p1a: Lokix|First Impression||[still]
|-hint|First Impression only works on your first turn out.
|-fail|p1a: Lokix
|move|p2a: Meowscarada|Knock Off|p1a: Lokix
|-start|p2a: Meowscarada|typechange|Dark|[from] ability: Protean
|-resisted|p1a: Lokix
|-damage|p1a: Lokix|7/100 tox
|-enditem|p1a: Lokix|Choice Band|[from] move: Knock Off|[of] p2a: Meowscarada
|
|-damage|p1a: Lokix|0 fnt|[from] psn
|faint|p1a: Lokix
|upkeep
|
|t:|1769381144
|switch|p1a: Ceruledge|Ceruledge, F|53/100
|-status|p1a: Ceruledge|tox
|-damage|p1a: Ceruledge|29/100 tox|[from] Stealth Rock
|turn|24
|
|t:|1769381153
|move|p2a: Meowscarada|Sucker Punch|p1a: Ceruledge
|-supereffective|p1a: Ceruledge
|-damage|p1a: Ceruledge|0 fnt
|faint|p1a: Ceruledge
|
|win|scorpiomoe
|raw|ADHDinglenuts's rating: 1133 &rarr; <strong>1107</strong><br />(-26 for losing)
|raw|scorpiomoe's rating: 1122 &rarr; <strong>1148</strong><br />(+26 for winning)
|l|☆scorpiomoe
|player|p2|
|l|‽ADHDinglenuts
|player|p1|
