|j|☆AuraBreaker2000
|j|☆1zenzie
|t:|1769411011
|gametype|singles
|player|p1|AuraBreaker2000|ghetsis-gen5bw|1318
|player|p2|1zenzie|valerie|1326
|gen|9
|tier|[Gen 9] OU
|rated|
|rule|HP Percentage Mod: HP is shown in percentages
|rule|Endless Battle Clause: Forcing endless battles is banned
|rule|Species Clause: Limit one of each Pokémon
|rule|OHKO Clause: OHKO moves are banned
|rule|Evasion Items Clause: Evasion items are banned
|rule|Evasion Moves Clause: Evasion moves are banned
|rule|Evasion Abilities Clause: Evasion abilities are banned
|rule|Sleep Moves Clause: Sleep-inducing moves are banned
|clearpoke
|poke|p1|Pelipper, F|
|poke|p1|Iron Treads|
|poke|p1|Toxicroak, F|
|poke|p1|Barraskewda, F|
|poke|p1|Zapdos|
|poke|p1|Kingambit, F|
|poke|p2|Dragapult, M|
|poke|p2|Slowking-Galar, M|
|poke|p2|Cinderace, F|
|poke|p2|Landorus-Therian, M|
|poke|p2|Kingambit, F|
|poke|p2|Dragonite, F|
|teampreview
|inactive|Battle timer is ON: inactive players will automatically lose when time's up. (requested by 1zenzie)
|
|t:|1769411035
|teamsize|p1|6
|teamsize|p2|6
|start
|switch|p1a: Pelipper|Pelipper, F|100/100
|switch|p2a: Dragapult|Dragapult, M|100/100
|-weather|RainDance|[from] ability: Drizzle|[of] p1a: Pelipper
|turn|1
|
|t:|1769411043
|move|p2a: Dragapult|Thunder|p1a: Pelipper
|-supereffective|p1a: Pelipper
|-damage|p1a: Pelipper|0 fnt
|faint|p1a: Pelipper
|
|-weather|RainDance|[upkeep]
|upkeep
|
|t:|1769411053
|switch|p1a: Kingambit|Kingambit, F|100/100
|-activate|p1a: Kingambit|ability: Supreme Overlord
|-start|p1a: Kingambit|fallen1|[silent]
|-item|p1a: Kingambit|Air Balloon
|turn|2
|
|t:|1769411059
|move|p2a: Dragapult|Thunder|p1a: Kingambit
|-damage|p1a: Kingambit|50/100
|-enditem|p1a: Kingambit|Air Balloon
|move|p1a: Kingambit|Swords Dance|p1a: Kingambit
|-boost|p1a: Kingambit|atk|2
|
|-weather|RainDance|[upkeep]
|upkeep
|turn|3
|
|t:|1769411069
|switch|p2a: Landorus|Landorus-Therian, M|100/100
|-ability|p2a: Landorus|Intimidate|boost
|-unboost|p1a: Kingambit|atk|1
|move|p1a: Kingambit|Sucker Punch||[still]
|-fail|p1a: Kingambit
|
|-weather|RainDance|[upkeep]
|upkeep
|turn|4
|
|t:|1769411084
|move|p2a: Landorus|U-turn|p1a: Kingambit
|-damage|p1a: Kingambit|31/100
|inactive|1zenzie has 120 seconds left.
|c|☆AuraBreaker2000|lol i'm selling
|
|t:|1769411112
|switch|p2a: Kingambit|Kingambit, F|100/100|[from] U-turn
|move|p1a: Kingambit|Kowtow Cleave|p2a: Kingambit
|-resisted|p2a: Kingambit
|-damage|p2a: Kingambit|68/100
|
|-weather|RainDance|[upkeep]
|upkeep
|turn|5
|inactive|1zenzie has 120 seconds left.
|
|t:|1769411121
|move|p2a: Kingambit|Low Kick|p1a: Kingambit
|-supereffective|p1a: Kingambit
|-damage|p1a: Kingambit|0 fnt
|faint|p1a: Kingambit
|-end|p1a: Kingambit|fallen1|[silent]
|
|-weather|RainDance|[upkeep]
|upkeep
|
|t:|1769411125
|switch|p1a: Barraskewda|Barraskewda, F|100/100
|turn|6
|inactive|1zenzie has 120 seconds left.
|
|t:|1769411141
|-terastallize|p1a: Barraskewda|Water
|move|p2a: Kingambit|Sucker Punch|p1a: Barraskewda
|-damage|p1a: Barraskewda|0 fnt
|faint|p1a: Barraskewda
|
|-weather|RainDance|[upkeep]
|upkeep
|
|t:|1769411145
|switch|p1a: Toxicroak|Toxicroak, F|100/100
|turn|7
|
|t:|1769411152
|-end|p2a: Kingambit|fallenundefined|[silent]
|switch|p2a: Landorus|Landorus-Therian, M|100/100
|-ability|p2a: Landorus|Intimidate|boost
|-unboost|p1a: Toxicroak|atk|1
|move|p1a: Toxicroak|Knock Off|p2a: Landorus
|-damage|p2a: Landorus|83/100
|-enditem|p2a: Landorus|Earth Plate|[from] move: Knock Off|[of] p1a: Toxicroak
|
|-weather|RainDance|[upkeep]
|upkeep
|turn|8
|
|t:|1769411166
|switch|p1a: Zapdos|Zapdos|100/100
|move|p2a: Landorus|Smack Down|p1a: Zapdos
|-supereffective|p1a: Zapdos
|-damage|p1a: Zapdos|58/100
|-start|p1a: Zapdos|Smack Down
|
|-weather|none
|upkeep
|turn|9
|
|t:|1769411171
|move|p1a: Zapdos|Hurricane|p2a: Landorus|[miss]
|-miss|p1a: Zapdos|p2a: Landorus
|move|p2a: Landorus|Earthquake|p1a: Zapdos
|-supereffective|p1a: Zapdos
|-damage|p1a: Zapdos|0 fnt
|faint|p1a: Zapdos
|
|upkeep
|c|☆AuraBreaker2000|gg bro. imma go stop clicking random buttons
|-message|AuraBreaker2000 forfeited.
|
|win|1zenzie
|raw|AuraBreaker2000's rating: 1318 &rarr; <strong>1298</strong><br />(-20 for losing)
|raw|1zenzie's rating: 1326 &rarr; <strong>1346</strong><br />(+20 for winning)
|l|☆AuraBreaker2000
|player|p1|
|l|☆1zenzie
|player|p2|
