|j|☆STAR-iin
|j|☆ashyman2000
|t:|1769405465
|gametype|singles
|player|p1|STAR-iin|misty-lgpe|1127
|player|p2|ashyman2000|hoopster|1176
|gen|9
|tier|[Gen 9] OU
|rated|
|rule|HP Percentage Mod: HP is shown in percentages
|rule|Endless Battle Clause: Forcing endless battles is banned
|rule|Species Clause: Limit one of each Pokémon
|rule|OHKO Clause: OHKO moves are banned
|rule|Evasion Items Clause: Evasion items are banned
|rule|Evasion Moves Clause: Evasion moves are banned
|rule|Evasion Abilities Clause: Evasion abilities are banned
|rule|Sleep Moves Clause: Sleep-inducing moves are banned
|clearpoke
|poke|p1|Pelipper, F|
|poke|p1|Sliggoo, M|
|poke|p1|Floatzel, M|
|poke|p1|Raging Bolt|
|poke|p1|Kingambit, F|
|poke|p1|Kleavor, F|
|poke|p2|Braviary-Hisui, M|
|poke|p2|Mesprit|
|poke|p2|Latias, F|
|poke|p2|Iron Crown|
|poke|p2|Indeedee, M|
|poke|p2|Mew|
|teampreview
|
|t:|1769405471
|teamsize|p1|6
|teamsize|p2|6
|start
|switch|p1a: Pelipper|Pelipper, F|100/100
|switch|p2a: Indeedee|Indeedee, M|100/100
|-fieldstart|move: Psychic Terrain|[from] ability: Psychic Surge|[of] p2a: Indeedee
|-enditem|p2a: Indeedee|Psychic Seed
|-boost|p2a: Indeedee|spd|1|[from] item: Psychic Seed
|-weather|RainDance|[from] ability: Drizzle|[of] p1a: Pelipper
|turn|1
|
|t:|1769405482
|move|p2a: Indeedee|Expanding Force|p1a: Pelipper
|-damage|p1a: Pelipper|9/100
|move|p1a: Pelipper|U-turn|p2a: Indeedee
|-supereffective|p2a: Indeedee
|-damage|p2a: Indeedee|63/100
|
|t:|1769405488
|switch|p1a: Sliggoo|Sliggoo, M|100/100|[from] U-turn
|
|-weather|RainDance|[upkeep]
|upkeep
|turn|2
|
|t:|1769405494
|move|p2a: Indeedee|Dazzling Gleam|p1a: Sliggoo
|-supereffective|p1a: Sliggoo
|-damage|p1a: Sliggoo|77/100
|move|p1a: Sliggoo|Toxic|p2a: Indeedee
|-status|p2a: Indeedee|tox
|
|-weather|RainDance|[upkeep]
|-damage|p2a: Indeedee|57/100 tox|[from] psn
|upkeep
|turn|3
|
|t:|1769405499
|move|p2a: Indeedee|Encore|p1a: Sliggoo
|-start|p1a: Sliggoo|Encore
|move|p1a: Sliggoo|Toxic|p2a: Indeedee
|-fail|p2a: Indeedee|tox
|
|-weather|RainDance|[upkeep]
|-damage|p2a: Indeedee|45/100 tox|[from] psn
|upkeep
|turn|4
|
|t:|1769405506
|switch|p1a: Kingambit|Kingambit, F|100/100
|move|p2a: Indeedee|Expanding Force|p1a: Kingambit
|-immune|p1a: Kingambit
|
|-weather|RainDance|[upkeep]
|-damage|p2a: Indeedee|26/100 tox|[from] psn
|upkeep
|turn|5
|
|t:|1769405515
|switch|p2a: Latias|Latias, F|100/100
|-enditem|p2a: Latias|Psychic Seed
|-boost|p2a: Latias|spd|1|[from] item: Psychic Seed
|move|p1a: Kingambit|Kowtow Cleave|p2a: Latias
|-supereffective|p2a: Latias
|-damage|p2a: Latias|0 fnt
|faint|p2a: Latias
|
|-weather|RainDance|[upkeep]
|-fieldend|move: Psychic Terrain
|upkeep
|
|t:|1769405526
|switch|p2a: Indeedee|Indeedee, M|26/100 tox
|-fieldstart|move: Psychic Terrain|[from] ability: Psychic Surge|[of] p2a: Indeedee
|turn|6
|
|t:|1769405531
|move|p2a: Indeedee|Dazzling Gleam|p1a: Kingambit
|-damage|p1a: Kingambit|79/100
|move|p1a: Kingambit|Kowtow Cleave|p2a: Indeedee
|-supereffective|p2a: Indeedee
|-damage|p2a: Indeedee|0 fnt
|faint|p2a: Indeedee
|
|-weather|RainDance|[upkeep]
|upkeep
|
|t:|1769405546
|switch|p2a: Mew|Mew|100/100
|turn|7
|
|t:|1769405549
|move|p2a: Mew|Iron Defense|p2a: Mew
|-boost|p2a: Mew|def|2
|move|p1a: Kingambit|Kowtow Cleave|p2a: Mew
|-supereffective|p2a: Mew
|-damage|p2a: Mew|60/100
|
|-weather|RainDance|[upkeep]
|-heal|p2a: Mew|67/100|[from] item: Leftovers
|upkeep
|turn|8
|
|t:|1769405556
|move|p2a: Mew|Iron Defense|p2a: Mew
|-boost|p2a: Mew|def|2
|move|p1a: Kingambit|Kowtow Cleave|p2a: Mew
|-supereffective|p2a: Mew
|-damage|p2a: Mew|38/100
|
|-weather|none
|-heal|p2a: Mew|44/100|[from] item: Leftovers
|upkeep
|turn|9
|
|t:|1769405569
|-end|p1a: Kingambit|fallenundefined|[silent]
|switch|p1a: Sliggoo|Sliggoo, M|77/100
|-terastallize|p2a: Mew|Fighting
|move|p2a: Mew|Calm Mind|p2a: Mew
|-boost|p2a: Mew|spa|1
|-boost|p2a: Mew|spd|1
|
|-heal|p2a: Mew|50/100|[from] item: Leftovers
|upkeep
|turn|10
|
|t:|1769405577
|move|p2a: Mew|Stored Power|p1a: Sliggoo
|-damage|p1a: Sliggoo|14/100
|move|p1a: Sliggoo|Toxic|p2a: Mew
|-status|p2a: Mew|tox
|-activate|p2a: Mew|ability: Synchronize
|-status|p1a: Sliggoo|tox
|
|-heal|p2a: Mew|56/100 tox|[from] item: Leftovers
|-damage|p2a: Mew|50/100 tox|[from] psn
|-damage|p1a: Sliggoo|8/100 tox|[from] psn
|-fieldend|move: Psychic Terrain
|upkeep
|turn|11
|
|t:|1769405591
|move|p2a: Mew|Calm Mind|p2a: Mew
|-boost|p2a: Mew|spa|1
|-boost|p2a: Mew|spd|1
|move|p1a: Sliggoo|Muddy Water|p2a: Mew
|-damage|p2a: Mew|42/100 tox
|
|-heal|p2a: Mew|49/100 tox|[from] item: Leftovers
|-damage|p2a: Mew|36/100 tox|[from] psn
|-damage|p1a: Sliggoo|0 fnt|[from] psn
|faint|p1a: Sliggoo
|upkeep
|
|t:|1769405594
|switch|p1a: Pelipper|Pelipper, F|9/100
|-weather|RainDance|[from] ability: Drizzle|[of] p1a: Pelipper
|turn|12
|
|t:|1769405599
|move|p2a: Mew|Calm Mind|p2a: Mew
|-boost|p2a: Mew|spa|1
|-boost|p2a: Mew|spd|1
|move|p1a: Pelipper|Hurricane|p2a: Mew
|-supereffective|p2a: Mew
|-damage|p2a: Mew|0 fnt
|faint|p2a: Mew
|
|-weather|RainDance|[upkeep]
|upkeep
|
|t:|1769405607
|switch|p2a: Iron Crown|Iron Crown|100/100
|-enditem|p2a: Iron Crown|Booster Energy
|-activate|p2a: Iron Crown|ability: Quark Drive|[fromitem]
|-start|p2a: Iron Crown|quarkdrivespa
|turn|13
|
|t:|1769405612
|move|p2a: Iron Crown|Agility|p2a: Iron Crown
|-boost|p2a: Iron Crown|spe|2
|move|p1a: Pelipper|Weather Ball|p2a: Iron Crown
|-damage|p2a: Iron Crown|29/100
|
|-weather|RainDance|[upkeep]
|upkeep
|turn|14
|
|t:|1769405620
|move|p2a: Iron Crown|Tachyon Cutter|p1a: Pelipper
|-resisted|p1a: Pelipper
|-damage|p1a: Pelipper|0 fnt
|faint|p1a: Pelipper
|-hitcount|p1: Pelipper|1
|
|-weather|RainDance|[upkeep]
|upkeep
|
|t:|1769405626
|switch|p1a: Floatzel|Floatzel, M|100/100
|turn|15
|
|t:|1769405632
|move|p1a: Floatzel|Wave Crash|p2a: Iron Crown
|-damage|p2a: Iron Crown|0 fnt
|faint|p2a: Iron Crown
|-end|p2a: Iron Crown|Quark Drive|[silent]
|-damage|p1a: Floatzel|91/100|[from] Recoil
|
|-weather|RainDance|[upkeep]
|upkeep
|
|t:|1769405635
|switch|p2a: Mesprit|Mesprit|100/100
|turn|16
|
|t:|1769405639
|move|p1a: Floatzel|Wave Crash|p2a: Mesprit
|-damage|p2a: Mesprit|0 fnt
|faint|p2a: Mesprit
|-damage|p1a: Floatzel|59/100|[from] Recoil
|
|-weather|RainDance|[upkeep]
|upkeep
|
|t:|1769405643
|switch|p2a: Braviary|Braviary-Hisui, M|100/100
|turn|17
|
|t:|1769405648
|move|p1a: Floatzel|Wave Crash|p2a: Braviary
|-damage|p2a: Braviary|0 fnt
|faint|p2a: Braviary
|-damage|p1a: Floatzel|14/100|[from] Recoil
|
|win|STAR-iin
|raw|STAR-iin's rating: 1127 &rarr; <strong>1156</strong><br />(+29 for winning)
|raw|ashyman2000's rating: 1176 &rarr; <strong>1147</strong><br />(-29 for losing)
|l|☆ashyman2000
|player|p2|
|l|☆STAR-iin
|player|p1|
