|j|☆hairynet2211
|j|☆ShyBlizz-
|t:|1769318543
|gametype|singles
|player|p1|hairynet2211|266|1242
|player|p2|ShyBlizz-|depotagent|1230
|gen|9
|tier|[Gen 9] OU
|rated|
|rule|HP Percentage Mod: HP is shown in percentages
|rule|Endless Battle Clause: Forcing endless battles is banned
|rule|Species Clause: Limit one of each Pokémon
|rule|OHKO Clause: OHKO moves are banned
|rule|Evasion Items Clause: Evasion items are banned
|rule|Evasion Moves Clause: Evasion moves are banned
|rule|Evasion Abilities Clause: Evasion abilities are banned
|rule|Sleep Moves Clause: Sleep-inducing moves are banned
|clearpoke
|poke|p1|Corviknight, M|
|poke|p1|Gliscor, F|
|poke|p1|Ogerpon-Wellspring, F|
|poke|p1|Moltres|
|poke|p1|Kingambit, F|
|poke|p1|Blaziken, F|
|poke|p2|Scizor, F|
|poke|p2|Gliscor, F|
|poke|p2|Okidogi, M|
|poke|p2|Iron Treads|
|poke|p2|Rotom-Wash|
|poke|p2|Iron Valiant|
|teampreview
|inactive|Battle timer is ON: inactive players will automatically lose when time's up. (requested by hairynet2211)
|
|t:|1769318574
|teamsize|p1|6
|teamsize|p2|6
|start
|switch|p1a: Gliscor|Gliscor, F|100/100
|switch|p2a: Gliscor|Gliscor, F|100/100
|turn|1
|
|t:|1769318581
|move|p2a: Gliscor|Knock Off|p1a: Gliscor
|-damage|p1a: Gliscor|86/100
|-enditem|p1a: Gliscor|Toxic Orb|[from] move: Knock Off|[of] p2a: Gliscor
|move|p1a: Gliscor|Taunt|p2a: Gliscor
|-start|p2a: Gliscor|move: Taunt
|
|-status|p2a: Gliscor|tox|[from] item: Toxic Orb
|upkeep
|turn|2
|
|t:|1769318601
|switch|p2a: Rotom|Rotom-Wash|100/100
|switch|p1a: Corviknight|Corviknight, M|100/100
|
|upkeep
|turn|3
|
|t:|1769318611
|move|p2a: Rotom|Will-O-Wisp|p1a: Corviknight
|-status|p1a: Corviknight|brn
|move|p1a: Corviknight|U-turn|p2a: Rotom
|-damage|p2a: Rotom|93/100
|-damage|p1a: Corviknight|84/100 brn|[from] item: Rocky Helmet|[of] p2a: Rotom
|
|t:|1769318622
|switch|p1a: Gliscor|Gliscor, F|86/100|[from] U-turn
|
|upkeep
|turn|4
|
|t:|1769318632
|move|p1a: Gliscor|Protect|p1a: Gliscor
|-singleturn|p1a: Gliscor|Protect
|move|p2a: Rotom|Hydro Pump|p1a: Gliscor
|-activate|p1a: Gliscor|move: Protect
|
|upkeep
|turn|5
|
|t:|1769318649
|switch|p1a: Ogerpon|Ogerpon-Wellspring, F|100/100
|move|p2a: Rotom|Volt Switch|p1a: Ogerpon
|-damage|p1a: Ogerpon|66/100
|
|t:|1769318671
|switch|p2a: Okidogi|Okidogi, M|100/100|[from] Volt Switch
|
|upkeep
|turn|6
|
|t:|1769318684
|move|p1a: Ogerpon|U-turn|p2a: Okidogi
|-resisted|p2a: Okidogi
|-damage|p2a: Okidogi|95/100
|
|t:|1769318688
|switch|p1a: Moltres|Moltres|100/100|[from] U-turn
|-ability|p1a: Moltres|Pressure
|move|p2a: Okidogi|Gunk Shot|p1a: Moltres
|-damage|p1a: Moltres|38/100
|-status|p1a: Moltres|tox|[from] ability: Toxic Chain|[of] p2a: Okidogi
|
|-damage|p1a: Moltres|31/100 tox|[from] psn
|upkeep
|turn|7
|
|t:|1769318702
|switch|p2a: Gliscor|Gliscor, F|100/100 tox
|move|p1a: Moltres|Overheat|p2a: Gliscor
|-damage|p2a: Gliscor|11/100 tox
|-unboost|p1a: Moltres|spa|2
|
|-heal|p2a: Gliscor|24/100 tox|[from] ability: Poison Heal
|-damage|p1a: Moltres|19/100 tox|[from] psn
|upkeep
|turn|8
|
|t:|1769318712
|move|p2a: Gliscor|Spikes|p1a: Moltres
|-sidestart|p1: hairynet2211|Spikes
|move|p1a: Moltres|Overheat|p2a: Gliscor
|-damage|p2a: Gliscor|0 fnt
|-unboost|p1a: Moltres|spa|2
|faint|p2a: Gliscor
|
|-damage|p1a: Moltres|0 fnt|[from] psn
|faint|p1a: Moltres
|upkeep
|
|t:|1769318733
|switch|p2a: Iron Treads|Iron Treads|100/100
|switch|p1a: Kingambit|Kingambit, F|100/100
|-damage|p1a: Kingambit|88/100|[from] Spikes
|-activate|p1a: Kingambit|ability: Supreme Overlord
|-start|p1a: Kingambit|fallen1|[silent]
|-enditem|p2a: Iron Treads|Booster Energy
|-activate|p2a: Iron Treads|ability: Quark Drive|[fromitem]
|-start|p2a: Iron Treads|quarkdrivespe
|turn|9
|inactive|hairynet2211 has 120 seconds left.
|
|t:|1769318757
|-end|p1a: Kingambit|fallen1|[silent]
|switch|p1a: Gliscor|Gliscor, F|86/100
|move|p2a: Iron Treads|Stealth Rock|p1a: Gliscor
|-sidestart|p1: hairynet2211|move: Stealth Rock
|
|upkeep
|turn|10
|
|t:|1769318766
|-end|p2a: Iron Treads|Quark Drive|[silent]
|switch|p2a: Rotom|Rotom-Wash|93/100
|move|p1a: Gliscor|Swords Dance|p1a: Gliscor
|-boost|p1a: Gliscor|atk|2
|
|upkeep
|turn|11
|
|t:|1769318776
|switch|p1a: Ogerpon|Ogerpon-Wellspring, F|66/100
|-damage|p1a: Ogerpon|54/100|[from] Spikes
|-damage|p1a: Ogerpon|42/100|[from] Stealth Rock
|move|p2a: Rotom|Foul Play|p1a: Ogerpon
|-damage|p1a: Ogerpon|1/100
|
|upkeep
|turn|12
|
|t:|1769318785
|move|p1a: Ogerpon|Leech Seed|p2a: Rotom
|-start|p2a: Rotom|move: Leech Seed
|move|p2a: Rotom|Volt Switch|p1a: Ogerpon
|-damage|p1a: Ogerpon|0 fnt
|faint|p1a: Ogerpon
|
|t:|1769318798
|switch|p2a: Okidogi|Okidogi, M|95/100|[from] Volt Switch
|
|upkeep
|
|t:|1769318808
|switch|p1a: Blaziken|Blaziken, F|100/100
|-damage|p1a: Blaziken|88/100|[from] Spikes
|-damage|p1a: Blaziken|76/100|[from] Stealth Rock
|turn|13
|
|t:|1769318827
|move|p1a: Blaziken|Swords Dance|p1a: Blaziken
|-boost|p1a: Blaziken|atk|2
|move|p2a: Okidogi|Drain Punch|p1a: Blaziken
|-damage|p1a: Blaziken|15/100
|-heal|p2a: Okidogi|100/100|[from] drain|[of] p1a: Blaziken
|-status|p1a: Blaziken|tox|[from] ability: Toxic Chain|[of] p2a: Okidogi
|
|-damage|p1a: Blaziken|9/100 tox|[from] psn
|-ability|p1a: Blaziken|Speed Boost|boost
|-boost|p1a: Blaziken|spe|1
|upkeep
|turn|14
|
|t:|1769318840
|switch|p2a: Iron Treads|Iron Treads|100/100
|move|p1a: Blaziken|Flare Blitz|p2a: Iron Treads
|-supereffective|p2a: Iron Treads
|-damage|p2a: Iron Treads|0 fnt
|faint|p2a: Iron Treads
|-end|p2a: Iron Treads|Quark Drive|[silent]
|-damage|p1a: Blaziken|0 fnt|[from] Recoil
|faint|p1a: Blaziken
|
|upkeep
|
|t:|1769318852
|switch|p2a: Rotom|Rotom-Wash|93/100
|switch|p1a: Corviknight|Corviknight, M|84/100 brn
|-damage|p1a: Corviknight|72/100 brn|[from] Stealth Rock
|turn|15
|
|t:|1769318860
|move|p2a: Rotom|Volt Switch|p1a: Corviknight
|-supereffective|p1a: Corviknight
|-damage|p1a: Corviknight|16/100 brn
|
|t:|1769318869
|switch|p2a: Iron Valiant|Iron Valiant|100/100|[from] Volt Switch
|-enditem|p2a: Iron Valiant|Booster Energy
|-activate|p2a: Iron Valiant|ability: Quark Drive|[fromitem]
|-start|p2a: Iron Valiant|quarkdrivespe
|move|p1a: Corviknight|Defog|p2a: Iron Valiant
|-unboost|p2a: Iron Valiant|evasion|1
|-sideend|p1: hairynet2211|Spikes|[from] move: Defog|[of] p1a: Corviknight
|-sideend|p1: hairynet2211|Stealth Rock|[from] move: Defog|[of] p1a: Corviknight
|
|-damage|p1a: Corviknight|10/100 brn|[from] brn
|upkeep
|turn|16
|
|t:|1769318883
|move|p2a: Iron Valiant|Aura Sphere|p1a: Corviknight
|-damage|p1a: Corviknight|0 fnt
|faint|p1a: Corviknight
|
|upkeep
|
|t:|1769318888
|switch|p1a: Gliscor|Gliscor, F|86/100
|turn|17
|
|t:|1769318893
|move|p2a: Iron Valiant|Moonblast|p1a: Gliscor
|-damage|p1a: Gliscor|30/100
|-unboost|p1a: Gliscor|spa|1
|move|p1a: Gliscor|Earthquake|p2a: Iron Valiant
|-damage|p2a: Iron Valiant|44/100
|
|upkeep
|turn|18
|
|t:|1769318903
|move|p2a: Iron Valiant|Future Sight|p1a: Gliscor
|-start|p2a: Iron Valiant|move: Future Sight
|move|p1a: Gliscor|Earthquake|p2a: Iron Valiant
|-crit|p2a: Iron Valiant
|-damage|p2a: Iron Valiant|0 fnt
|faint|p2a: Iron Valiant
|-end|p2a: Iron Valiant|Quark Drive|[silent]
|
|upkeep
|
|t:|1769318925
|switch|p2a: Rotom|Rotom-Wash|93/100
|turn|19
|
|t:|1769318932
|move|p1a: Gliscor|Protect|p1a: Gliscor
|-singleturn|p1a: Gliscor|Protect
|move|p2a: Rotom|Foul Play|p1a: Gliscor
|-activate|p1a: Gliscor|move: Protect
|
|upkeep
|turn|20
|
|t:|1769318943
|switch|p1a: Kingambit|Kingambit, F|88/100
|-activate|p1a: Kingambit|ability: Supreme Overlord
|-start|p1a: Kingambit|fallen4|[silent]
|move|p2a: Rotom|Will-O-Wisp|p1a: Kingambit
|-status|p1a: Kingambit|brn
|
|-end|p1a: Kingambit|move: Future Sight
|-immune|p1a: Kingambit
|-damage|p1a: Kingambit|82/100 brn|[from] brn
|upkeep
|turn|21
|
|t:|1769318956
|move|p2a: Rotom|Hydro Pump|p1a: Kingambit|[miss]
|-miss|p2a: Rotom|p1a: Kingambit
|move|p1a: Kingambit|Swords Dance|p1a: Kingambit
|-boost|p1a: Kingambit|atk|2
|
|-damage|p1a: Kingambit|76/100 brn|[from] brn
|upkeep
|turn|22
|
|t:|1769318966
|-terastallize|p2a: Rotom|Dark
|move|p2a: Rotom|Foul Play|p1a: Kingambit
|-resisted|p1a: Kingambit
|-damage|p1a: Kingambit|34/100 brn
|move|p1a: Kingambit|Swords Dance|p1a: Kingambit
|-boost|p1a: Kingambit|atk|2
|
|-damage|p1a: Kingambit|28/100 brn|[from] brn
|upkeep
|turn|23
|
|t:|1769318976
|move|p1a: Kingambit|Sucker Punch||[still]
|-fail|p1a: Kingambit
|move|p2a: Rotom|Will-O-Wisp|p1a: Kingambit
|-fail|p1a: Kingambit|brn
|
|-damage|p1a: Kingambit|22/100 brn|[from] brn
|upkeep
|turn|24
|
|t:|1769318986
|move|p1a: Kingambit|Sucker Punch|p2a: Rotom
|-resisted|p2a: Rotom
|-damage|p2a: Rotom|34/100
|-damage|p1a: Kingambit|5/100 brn|[from] item: Rocky Helmet|[of] p2a: Rotom
|move|p2a: Rotom|Foul Play|p1a: Kingambit
|-resisted|p1a: Kingambit
|-damage|p1a: Kingambit|0 fnt
|faint|p1a: Kingambit
|-end|p1a: Kingambit|fallen4|[silent]
|
|upkeep
|-message|hairynet2211 forfeited.
|
|win|ShyBlizz-
|raw|hairynet2211's rating: 1242 &rarr; <strong>1216</strong><br />(-26 for losing)
|raw|ShyBlizz-'s rating: 1230 &rarr; <strong>1256</strong><br />(+26 for winning)
|l|☆hairynet2211
|player|p1|
|l|☆ShyBlizz-
|player|p2|
