|j|☆Air Glider
|j|☆icebrrg
|t:|1769296385
|gametype|singles
|player|p1|Air Glider|101|1474
|player|p2|icebrrg|clerk|1505
|gen|9
|tier|[Gen 9] OU
|rated|
|rule|HP Percentage Mod: HP is shown in percentages
|rule|Endless Battle Clause: Forcing endless battles is banned
|rule|Species Clause: Limit one of each Pokémon
|rule|OHKO Clause: OHKO moves are banned
|rule|Evasion Items Clause: Evasion items are banned
|rule|Evasion Moves Clause: Evasion moves are banned
|rule|Evasion Abilities Clause: Evasion abilities are banned
|rule|Sleep Moves Clause: Sleep-inducing moves are banned
|clearpoke
|poke|p1|Pelipper, F|
|poke|p1|Iron Treads|
|poke|p1|Samurott-Hisui, M|
|poke|p1|Basculegion, M|
|poke|p1|Tentacruel, M|
|poke|p1|Toxicroak, F|
|poke|p2|Gholdengo|
|poke|p2|Ogerpon, F|
|poke|p2|Rillaboom, M|
|poke|p2|Samurott-Hisui, M|
|poke|p2|Glimmora, M|
|poke|p2|Raging Bolt|
|teampreview
|inactive|Battle timer is ON: inactive players will automatically lose when time's up. (requested by icebrrg)
|inactive|icebrrg has 120 seconds left.
|
|t:|1769296416
|teamsize|p1|6
|teamsize|p2|6
|start
|switch|p1a: Toxicroak|Toxicroak, F|100/100
|switch|p2a: Ogerpon|Ogerpon, F|100/100
|turn|1
|
|t:|1769296425
|move|p2a: Ogerpon|U-turn|p1a: Toxicroak
|-resisted|p1a: Toxicroak
|-damage|p1a: Toxicroak|93/100
|-damage|p2a: Ogerpon|84/100|[from] item: Rocky Helmet|[of] p1a: Toxicroak
|
|t:|1769296432
|switch|p2a: Glimmora|Glimmora, M, shiny|100/100|[from] U-turn
|move|p1a: Toxicroak|Knock Off|p2a: Glimmora
|-damage|p2a: Glimmora|81/100
|-activate|p2a: Glimmora|ability: Toxic Debris
|-sidestart|p1: Air Glider|move: Toxic Spikes
|-enditem|p2a: Glimmora|Red Card|[from] move: Knock Off|[of] p1a: Toxicroak
|
|upkeep
|turn|2
|
|t:|1769296441
|switch|p1a: Pelipper|Pelipper, F|100/100
|-weather|RainDance|[from] ability: Drizzle|[of] p1a: Pelipper
|move|p2a: Glimmora|Stealth Rock|p1a: Pelipper
|-sidestart|p1: Air Glider|move: Stealth Rock
|
|-weather|RainDance|[upkeep]
|upkeep
|turn|3
|
|t:|1769296455
|switch|p2a: Raging Bolt|Raging Bolt|100/100
|-enditem|p2a: Raging Bolt|Booster Energy
|-activate|p2a: Raging Bolt|ability: Protosynthesis|[fromitem]
|-start|p2a: Raging Bolt|protosynthesisspa
|switch|p1a: Tentacruel|Tentacruel, M|100/100
|-sideend|p1: Air Glider|move: Toxic Spikes|[of] p1a: Tentacruel
|-damage|p1a: Tentacruel|88/100|[from] Stealth Rock
|
|-weather|RainDance|[upkeep]
|-heal|p1a: Tentacruel|94/100|[from] ability: Rain Dish
|upkeep
|turn|4
|
|t:|1769296464
|switch|p1a: Iron Treads|Iron Treads|100/100
|-damage|p1a: Iron Treads|97/100|[from] Stealth Rock
|-enditem|p1a: Iron Treads|Booster Energy
|-activate|p1a: Iron Treads|ability: Quark Drive|[fromitem]
|-start|p1a: Iron Treads|quarkdriveatk
|move|p2a: Raging Bolt|Dragon Pulse|p1a: Iron Treads
|-resisted|p1a: Iron Treads
|-damage|p1a: Iron Treads|48/100
|
|-weather|RainDance|[upkeep]
|upkeep
|turn|5
|
|t:|1769296478
|-end|p2a: Raging Bolt|Protosynthesis|[silent]
|switch|p2a: Rillaboom|Rillaboom, M, shiny|100/100
|-fieldstart|move: Grassy Terrain|[from] ability: Grassy Surge|[of] p2a: Rillaboom
|move|p1a: Iron Treads|Rapid Spin|p2a: Rillaboom
|-damage|p2a: Rillaboom|75/100
|-boost|p1a: Iron Treads|spe|1
|-sideend|p1: Air Glider|Stealth Rock|[from] move: Rapid Spin|[of] p1a: Iron Treads
|
|-weather|RainDance|[upkeep]
|-heal|p1a: Iron Treads|54/100|[from] Grassy Terrain
|-heal|p2a: Rillaboom|81/100|[from] Grassy Terrain
|upkeep
|turn|6
|
|t:|1769296489
|-end|p1a: Iron Treads|Quark Drive|[silent]
|switch|p1a: Toxicroak|Toxicroak, F|93/100
|move|p2a: Rillaboom|Swords Dance|p2a: Rillaboom
|-boost|p2a: Rillaboom|atk|2
|
|-weather|RainDance|[upkeep]
|-heal|p1a: Toxicroak|100/100|[from] ability: Dry Skin
|-heal|p2a: Rillaboom|87/100|[from] Grassy Terrain
|upkeep
|turn|7
|
|t:|1769296504
|switch|p2a: Glimmora|Glimmora, M, shiny|81/100
|move|p1a: Toxicroak|Toxic|p2a: Glimmora
|-immune|p2a: Glimmora
|
|-weather|RainDance|[upkeep]
|-heal|p2a: Glimmora|87/100|[from] Grassy Terrain
|upkeep
|turn|8
|
|t:|1769296512
|switch|p1a: Basculegion|Basculegion, M|100/100
|move|p2a: Glimmora|Stealth Rock|p1a: Basculegion
|-sidestart|p1: Air Glider|move: Stealth Rock
|
|-weather|RainDance|[upkeep]
|-heal|p2a: Glimmora|94/100|[from] Grassy Terrain
|upkeep
|turn|9
|
|t:|1769296523
|switch|p2a: Gholdengo|Gholdengo, shiny|100/100
|-enditem|p2a: Gholdengo|Grassy Seed
|-boost|p2a: Gholdengo|def|1|[from] item: Grassy Seed
|move|p1a: Basculegion|Wave Crash|p2a: Gholdengo
|-damage|p2a: Gholdengo|46/100
|-damage|p1a: Basculegion|83/100|[from] Recoil
|
|-weather|none
|-heal|p1a: Basculegion|89/100|[from] Grassy Terrain
|-heal|p2a: Gholdengo|52/100|[from] Grassy Terrain
|-fieldend|move: Grassy Terrain
|upkeep
|turn|10
|
|t:|1769296533
|switch|p1a: Samurott|Samurott-Hisui, M|100/100
|-damage|p1a: Samurott|88/100|[from] Stealth Rock
|move|p2a: Gholdengo|Nasty Plot|p2a: Gholdengo
|-boost|p2a: Gholdengo|spa|2
|
|upkeep
|turn|11
|
|t:|1769296536
|move|p1a: Samurott|Ceaseless Edge|p2a: Gholdengo
|-supereffective|p2a: Gholdengo
|-damage|p2a: Gholdengo|0 fnt
|-sidestart|p2: icebrrg|Spikes
|faint|p2a: Gholdengo
|
|upkeep
|
|t:|1769296544
|switch|p2a: Glimmora|Glimmora, M, shiny|94/100
|-damage|p2a: Glimmora|81/100|[from] Spikes
|turn|12
|
|t:|1769296546
|move|p1a: Samurott|Ceaseless Edge|p2a: Glimmora
|-damage|p2a: Glimmora|24/100
|-activate|p2a: Glimmora|ability: Toxic Debris
|-sidestart|p1: Air Glider|move: Toxic Spikes
|-sidestart|p2: icebrrg|Spikes
|move|p2a: Glimmora|Mortal Spin|p1a: Samurott
|-damage|p1a: Samurott|81/100
|-status|p1a: Samurott|psn
|-sideend|p2: icebrrg|Spikes|[from] move: Mortal Spin|[of] p2a: Glimmora
|
|-damage|p1a: Samurott|68/100 psn|[from] psn
|upkeep
|turn|13
|
|t:|1769296551
|switch|p2a: Rillaboom|Rillaboom, M, shiny|87/100
|-fieldstart|move: Grassy Terrain|[from] ability: Grassy Surge|[of] p2a: Rillaboom
|move|p1a: Samurott|Ceaseless Edge|p2a: Rillaboom
|-damage|p2a: Rillaboom|11/100
|-sidestart|p2: icebrrg|Spikes
|
|-heal|p1a: Samurott|74/100 psn|[from] Grassy Terrain
|-heal|p2a: Rillaboom|18/100|[from] Grassy Terrain
|-damage|p1a: Samurott|62/100 psn|[from] psn
|upkeep
|turn|14
|
|t:|1769296554
|switch|p1a: Toxicroak|Toxicroak, F|100/100
|-damage|p1a: Toxicroak|94/100|[from] Stealth Rock
|-sideend|p1: Air Glider|move: Toxic Spikes|[of] p1a: Toxicroak
|move|p2a: Rillaboom|Grassy Glide|p1a: Toxicroak
|-resisted|p1a: Toxicroak
|-damage|p1a: Toxicroak|71/100
|-damage|p2a: Rillaboom|1/100|[from] item: Rocky Helmet|[of] p1a: Toxicroak
|-damage|p2a: Rillaboom|0 fnt|[from] item: Life Orb
|faint|p2a: Rillaboom
|
|-heal|p1a: Toxicroak|77/100|[from] Grassy Terrain
|upkeep
|
|t:|1769296562
|switch|p2a: Samurott|Samurott-Hisui, M, shiny|100/100
|-damage|p2a: Samurott|88/100|[from] Spikes
|turn|15
|
|t:|1769296567
|move|p2a: Samurott|Ceaseless Edge|p1a: Toxicroak
|-resisted|p1a: Toxicroak
|-damage|p1a: Toxicroak|50/100
|-damage|p2a: Samurott|72/100|[from] item: Rocky Helmet|[of] p1a: Toxicroak
|-sidestart|p1: Air Glider|Spikes
|move|p1a: Toxicroak|Drain Punch|p2a: Samurott
|-supereffective|p2a: Samurott
|-damage|p2a: Samurott|4/100
|-heal|p1a: Toxicroak|79/100|[from] drain|[of] p2a: Samurott
|
|-heal|p2a: Samurott|10/100|[from] Grassy Terrain
|-heal|p1a: Toxicroak|85/100|[from] Grassy Terrain
|upkeep
|turn|16
|
|t:|1769296572
|move|p2a: Samurott|Ceaseless Edge|p1a: Toxicroak
|-resisted|p1a: Toxicroak
|-damage|p1a: Toxicroak|56/100
|-damage|p2a: Samurott|0 fnt|[from] item: Rocky Helmet|[of] p1a: Toxicroak
|faint|p2a: Samurott
|move|p1a: Toxicroak|Knock Off|p2: Samurott|[notarget]
|-fail|p1a: Toxicroak
|
|-heal|p1a: Toxicroak|63/100|[from] Grassy Terrain
|upkeep
|
|t:|1769296576
|switch|p2a: Raging Bolt|Raging Bolt|100/100
|-damage|p2a: Raging Bolt|88/100|[from] Spikes
|turn|17
|
|t:|1769296590
|move|p2a: Raging Bolt|Thunderbolt|p1a: Toxicroak
|-damage|p1a: Toxicroak|0 fnt
|faint|p1a: Toxicroak
|
|-heal|p2a: Raging Bolt|94/100|[from] Grassy Terrain
|-fieldend|move: Grassy Terrain
|upkeep
|
|t:|1769296595
|switch|p1a: Iron Treads|Iron Treads|54/100
|-damage|p1a: Iron Treads|51/100|[from] Stealth Rock
|-damage|p1a: Iron Treads|39/100|[from] Spikes
|turn|18
|
|t:|1769296602
|move|p1a: Iron Treads|Earthquake|p2a: Raging Bolt
|-supereffective|p2a: Raging Bolt
|-damage|p2a: Raging Bolt|7/100
|move|p2a: Raging Bolt|Dragon Pulse|p1a: Iron Treads
|-resisted|p1a: Iron Treads
|-damage|p1a: Iron Treads|2/100
|
|upkeep
|turn|19
|
|t:|1769296608
|-end|p2a: Raging Bolt|Protosynthesis|[silent]
|switch|p2a: Glimmora|Glimmora, M, shiny|24/100
|-damage|p2a: Glimmora|12/100|[from] Spikes
|move|p1a: Iron Treads|Rapid Spin|p2a: Glimmora
|-resisted|p2a: Glimmora
|-damage|p2a: Glimmora|5/100
|-boost|p1a: Iron Treads|spe|1
|-activate|p2a: Glimmora|ability: Toxic Debris
|-sidestart|p1: Air Glider|move: Toxic Spikes
|-sideend|p1: Air Glider|Spikes|[from] move: Rapid Spin|[of] p1a: Iron Treads
|-sideend|p1: Air Glider|Toxic Spikes|[from] move: Rapid Spin|[of] p1a: Iron Treads
|-sideend|p1: Air Glider|Stealth Rock|[from] move: Rapid Spin|[of] p1a: Iron Treads
|
|upkeep
|turn|20
|
|t:|1769296612
|move|p1a: Iron Treads|Rapid Spin|p2a: Glimmora
|-resisted|p2a: Glimmora
|-damage|p2a: Glimmora|0 fnt
|-boost|p1a: Iron Treads|spe|1
|-activate|p2a: Glimmora|ability: Toxic Debris
|-sidestart|p1: Air Glider|move: Toxic Spikes
|-sideend|p1: Air Glider|Toxic Spikes|[from] move: Rapid Spin|[of] p1a: Iron Treads
|faint|p2a: Glimmora
|
|upkeep
|
|t:|1769296614
|switch|p2a: Ogerpon|Ogerpon, F|84/100
|-damage|p2a: Ogerpon|72/100|[from] Spikes
|turn|21
|-message|icebrrg forfeited.
|
|win|Air Glider
|raw|Air Glider's rating: 1474 &rarr; <strong>1496</strong><br />(+22 for winning)
|raw|icebrrg's rating: 1505 &rarr; <strong>1483</strong><br />(-22 for losing)
|l|☆icebrrg
|player|p2|
