|j|☆qwqwqqw
|j|‽tasty sardine 408
|t:|1769318320
|gametype|singles
|player|p1|qwqwqqw|1|1563
|player|p2|tasty sardine 408|harlequin|1594
|gen|9
|tier|[Gen 9] OU
|rated|
|rule|HP Percentage Mod: HP is shown in percentages
|rule|Endless Battle Clause: Forcing endless battles is banned
|rule|Species Clause: Limit one of each Pokémon
|rule|OHKO Clause: OHKO moves are banned
|rule|Evasion Items Clause: Evasion items are banned
|rule|Evasion Moves Clause: Evasion moves are banned
|rule|Evasion Abilities Clause: Evasion abilities are banned
|rule|Sleep Moves Clause: Sleep-inducing moves are banned
|clearpoke
|poke|p1|Zoroark-Hisui, M|
|poke|p1|Slowking-Galar, M|
|poke|p1|Zapdos-Galar|
|poke|p1|Great Tusk|
|poke|p1|Clefable, M|
|poke|p1|Moltres|
|poke|p2|Umbreon, M|
|poke|p2|Serperior, M|
|poke|p2|Cresselia, F|
|poke|p2|Revavroom, M|
|poke|p2|Skeledirge, F|
|poke|p2|Manaphy|
|teampreview
|inactive|Battle timer is ON: inactive players will automatically lose when time's up. (requested by tasty sardine 408)
|
|t:|1769318508
|teamsize|p1|6
|teamsize|p2|6
|start
|switch|p1a: Zapdos|Zapdos-Galar|100/100
|switch|p2a: Serperior|Serperior, M, shiny|100/100
|turn|1
|
|t:|1769318533
|-terastallize|p2a: Serperior|Electric
|move|p2a: Serperior|Glare|p1a: Zapdos
|-status|p1a: Zapdos|par
|move|p1a: Zapdos|Flamethrower|p2a: Serperior
|-damage|p2a: Serperior|55/100
|
|-heal|p2a: Serperior|62/100|[from] item: Leftovers
|upkeep
|turn|2
|
|t:|1769318537
|switch|p1a: Slowking|Slowking-Galar, M|100/100
|move|p2a: Serperior|Leaf Storm|p1a: Slowking
|-resisted|p1a: Slowking
|-damage|p1a: Slowking|88/100
|-boost|p2a: Serperior|spa|2
|
|-heal|p2a: Serperior|68/100|[from] item: Leftovers
|upkeep
|turn|3
|inactive|tasty sardine 408 has 120 seconds left.
|inactive|tasty sardine 408 has 90 seconds left.
|
|t:|1769318593
|move|p2a: Serperior|Glare|p1a: Slowking
|-status|p1a: Slowking|par
|move|p1a: Slowking|Psychic Noise|p2a: Serperior
|-damage|p2a: Serperior|37/100
|-start|p2a: Serperior|move: Heal Block
|
|upkeep
|turn|4
|
|t:|1769318599
|move|p2a: Serperior|Leaf Storm|p1a: Slowking
|-resisted|p1a: Slowking
|-damage|p1a: Slowking|66/100 par
|-boost|p2a: Serperior|spa|2
|move|p1a: Slowking|Sludge Bomb|p2a: Serperior
|-damage|p2a: Serperior|0 fnt
|faint|p2a: Serperior
|
|upkeep
|
|t:|1769318602
|switch|p2a: Manaphy|Manaphy, shiny|100/100
|turn|5
|
|t:|1769318609
|move|p2a: Manaphy|Take Heart|p2a: Manaphy
|-boost|p2a: Manaphy|spa|1
|-boost|p2a: Manaphy|spd|1
|cant|p1a: Slowking|par
|
|upkeep
|turn|6
|
|t:|1769318614
|move|p2a: Manaphy|Take Heart|p2a: Manaphy
|-boost|p2a: Manaphy|spa|1
|-boost|p2a: Manaphy|spd|1
|-prepare|p1a: Slowking|Chilly Reception|[premajor]
|cant|p1a: Slowking|par
|
|upkeep
|turn|7
|
|t:|1769318619
|switch|p1a: Moltres|Moltres|100/100
|move|p2a: Manaphy|Acid Armor|p2a: Manaphy
|-boost|p2a: Manaphy|def|2
|
|upkeep
|turn|8
|
|t:|1769318624
|move|p2a: Manaphy|Scald|p1a: Moltres
|-supereffective|p1a: Moltres
|-damage|p1a: Moltres|2/100
|move|p1a: Moltres|Roar|p2a: Manaphy
|drag|p2a: Revavroom|Revavroom, M, shiny|100/100
|-item|p2a: Revavroom|Air Balloon
|
|upkeep
|turn|9
|
|t:|1769318631
|move|p1a: Moltres|Roost|p1a: Moltres
|-heal|p1a: Moltres|52/100
|-singleturn|p1a: Moltres|move: Roost
|move|p2a: Revavroom|Shift Gear|p2a: Revavroom
|-boost|p2a: Revavroom|spe|2
|-boost|p2a: Revavroom|atk|1
|
|upkeep
|turn|10
|
|t:|1769318637
|switch|p1a: Great Tusk|Great Tusk|100/100
|move|p2a: Revavroom|Gunk Shot|p1a: Great Tusk|[miss]
|-miss|p2a: Revavroom|p1a: Great Tusk
|
|upkeep
|turn|11
|
|t:|1769318643
|move|p2a: Revavroom|Iron Head|p1a: Great Tusk
|-damage|p1a: Great Tusk|62/100
|-damage|p2a: Revavroom|84/100|[from] item: Rocky Helmet|[of] p1a: Great Tusk
|cant|p1a: Great Tusk|flinch
|
|upkeep
|turn|12
|
|t:|1769318647
|move|p2a: Revavroom|Iron Head|p1a: Great Tusk
|-damage|p1a: Great Tusk|26/100
|-damage|p2a: Revavroom|68/100|[from] item: Rocky Helmet|[of] p1a: Great Tusk
|move|p1a: Great Tusk|Close Combat|p2a: Revavroom
|-damage|p2a: Revavroom|14/100
|-unboost|p1a: Great Tusk|def|1
|-unboost|p1a: Great Tusk|spd|1
|-enditem|p2a: Revavroom|Air Balloon
|
|upkeep
|turn|13
|
|t:|1769318651
|move|p2a: Revavroom|Gunk Shot|p1a: Great Tusk
|-resisted|p1a: Great Tusk
|-damage|p1a: Great Tusk|0 fnt
|faint|p1a: Great Tusk
|-end|p1a: Great Tusk|Protosynthesis|[silent]
|
|upkeep
|
|t:|1769318656
|switch|p1a: Slowking|Slowking-Galar, M|99/100 par
|turn|14
|
|t:|1769318659
|move|p2a: Revavroom|High Horsepower|p1a: Slowking
|-supereffective|p1a: Slowking
|-damage|p1a: Slowking|0 fnt
|faint|p1a: Slowking
|
|upkeep
|-message|qwqwqqw forfeited.
|
|win|tasty sardine 408
|raw|qwqwqqw's rating: 1538 &rarr; <strong>1521</strong><br />(-17 for losing)
|raw|tasty sardine 408's rating: 1594 &rarr; <strong>1611</strong><br />(+17 for winning)
|l|☆qwqwqqw
|player|p1|
|l|‽tasty sardine 408
|player|p2|
