|j|☆constartus
|j|☆habracadabrah
|t:|1769340339
|gametype|singles
|player|p1|constartus|az|1306
|player|p2|habracadabrah|hugh|1255
|gen|9
|tier|[Gen 9] OU
|rated|
|rule|HP Percentage Mod: HP is shown in percentages
|rule|Endless Battle Clause: Forcing endless battles is banned
|rule|Species Clause: Limit one of each Pokémon
|rule|OHKO Clause: OHKO moves are banned
|rule|Evasion Items Clause: Evasion items are banned
|rule|Evasion Moves Clause: Evasion moves are banned
|rule|Evasion Abilities Clause: Evasion abilities are banned
|rule|Sleep Moves Clause: Sleep-inducing moves are banned
|clearpoke
|poke|p1|Ribombee, M|
|poke|p1|Empoleon, F|
|poke|p1|Ogerpon, F|
|poke|p1|Kingambit, M|
|poke|p1|Gothitelle, F|
|poke|p1|Smeargle, F|
|poke|p2|Cacturne, F|
|poke|p2|Tyranitar, M|
|poke|p2|Umbreon, M|
|poke|p2|Weavile, M|
|poke|p2|Ninetales-Alola, F|
|poke|p2|Excadrill, M|
|teampreview
|inactive|Battle timer is ON: inactive players will automatically lose when time's up. (requested by constartus)
|
|t:|1769340355
|teamsize|p1|6
|teamsize|p2|6
|start
|switch|p1a: Ribombee|Ribombee, M, shiny|100/100
|switch|p2a: Ninetales|Ninetales-Alola, F|100/100
|-weather|Snowscape|[from] ability: Snow Warning|[of] p2a: Ninetales
|turn|1
|
|t:|1769340358
|move|p1a: Ribombee|Sticky Web|p2a: Ninetales
|-sidestart|p2: habracadabrah|move: Sticky Web
|move|p2a: Ninetales|Encore|p1a: Ribombee
|-start|p1a: Ribombee|Encore
|
|-weather|Snowscape|[upkeep]
|upkeep
|turn|2
|
|t:|1769340363
|switch|p1a: Smeargle|Smeargle, F|100/100
|move|p2a: Ninetales|Aurora Veil|p2a: Ninetales
|-sidestart|p2: habracadabrah|move: Aurora Veil
|
|-weather|Snowscape|[upkeep]
|upkeep
|turn|3
|
|t:|1769340368
|move|p2a: Ninetales|Blizzard|p1a: Smeargle
|-damage|p1a: Smeargle|11/100
|move|p1a: Smeargle|Court Change|p1a: Smeargle
|-swapsideconditions
|-activate|p1a: Smeargle|move: Court Change
|
|-weather|Snowscape|[upkeep]
|upkeep
|turn|4
|
|t:|1769340376
|switch|p1a: TC Nick 4|Empoleon, F|100/100
|-activate|p1a: TC Nick 4|move: Sticky Web
|-unboost|p1a: TC Nick 4|spe|1
|-ability|p1a: TC Nick 4|Competitive|boost
|-boost|p1a: TC Nick 4|spa|2
|move|p2a: Ninetales|Encore||[still]
|-fail|p2a: Ninetales
|
|-weather|Snowscape|[upkeep]
|upkeep
|turn|5
|
|t:|1769340385
|move|p2a: Ninetales|Aurora Veil|p2a: Ninetales
|-sidestart|p2: habracadabrah|move: Aurora Veil
|move|p1a: TC Nick 4|Flash Cannon|p2a: Ninetales
|-supereffective|p2a: Ninetales
|-damage|p2a: Ninetales|0 fnt
|faint|p2a: Ninetales
|-damage|p1a: TC Nick 4|91/100|[from] item: Life Orb
|
|-weather|none
|upkeep
|
|t:|1769340411
|switch|p2a: Umbreon|Umbreon, M|100/100
|turn|6
|
|t:|1769340414
|move|p2a: Umbreon|Wish|p2a: Umbreon
|move|p1a: TC Nick 4|Surf|p2a: Umbreon
|-damage|p2a: Umbreon|70/100
|-damage|p1a: TC Nick 4|81/100|[from] item: Life Orb
|
|-heal|p2a: Umbreon|76/100|[from] item: Leftovers
|upkeep
|turn|7
|
|t:|1769340419
|switch|p1a: Smeargle|Smeargle, F|11/100
|-activate|p1a: Smeargle|move: Sticky Web
|-unboost|p1a: Smeargle|spe|1
|move|p2a: Umbreon|Foul Play|p1a: Smeargle
|-damage|p1a: Smeargle|3/100
|
|-heal|p2a: Umbreon|100/100|[from] move: Wish|[wisher] Umbreon
|upkeep
|turn|8
|
|t:|1769340425
|move|p1a: Smeargle|Toxic Thread|p2a: Umbreon
|-unboost|p2a: Umbreon|spe|1
|-status|p2a: Umbreon|psn
|-activate|p2a: Umbreon|ability: Synchronize
|-status|p1a: Smeargle|psn
|move|p2a: Umbreon|Foul Play|p1a: Smeargle
|-damage|p1a: Smeargle|0 fnt
|faint|p1a: Smeargle
|
|-damage|p2a: Umbreon|88/100 psn|[from] psn
|upkeep
|
|t:|1769340429
|switch|p1a: Ribombee|Ribombee, M, shiny|100/100
|-activate|p1a: Ribombee|move: Sticky Web
|-unboost|p1a: Ribombee|spe|1
|turn|9
|
|t:|1769340438
|move|p1a: Ribombee|Switcheroo|p2a: Umbreon
|-activate|p1a: Ribombee|move: Trick|[of] p2a: Umbreon
|-item|p2a: Umbreon|Focus Sash|[from] move: Switcheroo
|-item|p1a: Ribombee|Leftovers|[from] move: Switcheroo
|move|p2a: Umbreon|Toxic|p1a: Ribombee|[miss]
|-miss|p2a: Umbreon|p1a: Ribombee
|
|-damage|p2a: Umbreon|76/100 psn|[from] psn
|-sideend|p1: constartus|move: Aurora Veil
|upkeep
|turn|10
|
|t:|1769340445
|move|p1a: Ribombee|Sticky Web|p2a: Umbreon
|-sidestart|p2: habracadabrah|move: Sticky Web
|move|p2a: Umbreon|Toxic|p1a: Ribombee
|-status|p1a: Ribombee|tox
|
|-damage|p1a: Ribombee|94/100 tox|[from] psn
|-damage|p2a: Umbreon|63/100 psn|[from] psn
|upkeep
|turn|11
|
|t:|1769340449
|move|p1a: Ribombee|Pollen Puff|p2a: Umbreon
|-supereffective|p2a: Umbreon
|-damage|p2a: Umbreon|48/100 psn
|move|p2a: Umbreon|Wish|p2a: Umbreon
|
|-heal|p1a: Ribombee|100/100 tox|[from] item: Leftovers
|-damage|p1a: Ribombee|88/100 tox|[from] psn
|-damage|p2a: Umbreon|35/100 psn|[from] psn
|upkeep
|turn|12
|
|t:|1769340456
|switch|p2a: Excadrill|Excadrill, M|100/100
|-ability|p2a: Excadrill|Mold Breaker
|-item|p2a: Excadrill|Air Balloon
|move|p1a: Ribombee|Pollen Puff|p2a: Excadrill
|-resisted|p2a: Excadrill
|-damage|p2a: Excadrill|91/100
|-enditem|p2a: Excadrill|Air Balloon
|
|-heal|p2a: Excadrill|100/100|[from] move: Wish|[wisher] Umbreon
|-heal|p1a: Ribombee|94/100 tox|[from] item: Leftovers
|-damage|p1a: Ribombee|76/100 tox|[from] psn
|-sideend|p2: habracadabrah|move: Aurora Veil
|upkeep
|turn|13
|
|t:|1769340465
|move|p2a: Excadrill|Rapid Spin|p1a: Ribombee
|-damage|p1a: Ribombee|46/100 tox
|-boost|p2a: Excadrill|spe|1
|-sideend|p2: habracadabrah|Sticky Web|[from] move: Rapid Spin|[of] p2a: Excadrill
|move|p1a: Ribombee|Stun Spore|p2a: Excadrill|[miss]
|-miss|p1a: Ribombee|p2a: Excadrill
|
|-heal|p1a: Ribombee|52/100 tox|[from] item: Leftovers
|-damage|p1a: Ribombee|27/100 tox|[from] psn
|upkeep
|turn|14
|
|t:|1769340469
|move|p2a: Excadrill|Iron Head|p1a: Ribombee
|-supereffective|p1a: Ribombee
|-damage|p1a: Ribombee|0 fnt
|faint|p1a: Ribombee
|
|upkeep
|
|t:|1769340492
|switch|p1a: Ogerpon|Ogerpon, F|100/100
|-activate|p1a: Ogerpon|move: Sticky Web
|-unboost|p1a: Ogerpon|spe|1
|-ability|p1a: Ogerpon|Defiant|boost
|-boost|p1a: Ogerpon|atk|2
|-enditem|p1a: Ogerpon|White Herb
|-clearnegativeboost|p1a: Ogerpon|[silent]
|turn|15
|
|t:|1769340500
|-terastallize|p1a: Ogerpon|Grass
|detailschange|p1a: Ogerpon|Ogerpon-Teal-Tera, F, tera:Grass
|-ability|p1a: Ogerpon|Embody Aspect (Teal)|boost
|-boost|p1a: Ogerpon|spe|1
|move|p1a: Ogerpon|Ivy Cudgel|p2a: Excadrill
|-damage|p2a: Excadrill|0 fnt
|faint|p2a: Excadrill
|
|upkeep
|
|t:|1769340508
|switch|p2a: Weavile|Weavile, M|100/100
|turn|16
|
|t:|1769340514
|move|p1a: Ogerpon|Play Rough|p2a: Weavile
|-supereffective|p2a: Weavile
|-enditem|p2a: Weavile|Focus Sash
|-damage|p2a: Weavile|1/100
|move|p2a: Weavile|Icicle Crash|p1a: Ogerpon
|-supereffective|p1a: Ogerpon
|-damage|p1a: Ogerpon|0 fnt
|faint|p1a: Ogerpon
|detailschange|p1: Ogerpon|Ogerpon, F|[silent]
|
|upkeep
|
|t:|1769340519
|switch|p1a: TC Nick 4|Empoleon, F|81/100
|-activate|p1a: TC Nick 4|move: Sticky Web
|-unboost|p1a: TC Nick 4|spe|1
|-ability|p1a: TC Nick 4|Competitive|boost
|-boost|p1a: TC Nick 4|spa|2
|turn|17
|
|t:|1769340524
|move|p2a: Weavile|Low Kick|p1a: TC Nick 4
|-supereffective|p1a: TC Nick 4
|-damage|p1a: TC Nick 4|29/100
|move|p1a: TC Nick 4|Surf|p2a: Weavile
|-damage|p2a: Weavile|0 fnt
|faint|p2a: Weavile
|-damage|p1a: TC Nick 4|19/100|[from] item: Life Orb
|
|upkeep
|
|t:|1769340536
|switch|p2a: Tyranitar|Tyranitar, M|100/100
|-weather|Sandstorm|[from] ability: Sand Stream|[of] p2a: Tyranitar
|turn|18
|
|t:|1769340539
|move|p2a: Tyranitar|Earthquake|p1a: TC Nick 4
|-supereffective|p1a: TC Nick 4
|-damage|p1a: TC Nick 4|0 fnt
|faint|p1a: TC Nick 4
|
|-weather|Sandstorm|[upkeep]
|upkeep
|
|t:|1769340541
|switch|p1a: Gothitelle|Gothitelle, F|100/100
|-activate|p1a: Gothitelle|move: Sticky Web
|-unboost|p1a: Gothitelle|spe|1
|-ability|p1a: Gothitelle|Competitive|boost
|-boost|p1a: Gothitelle|spa|2
|turn|19
|
|t:|1769340544
|move|p2a: Tyranitar|Knock Off|p1a: Gothitelle
|-supereffective|p1a: Gothitelle
|-damage|p1a: Gothitelle|0 fnt
|-enditem|p1a: Gothitelle|Sitrus Berry|[from] move: Knock Off|[of] p2a: Tyranitar
|faint|p1a: Gothitelle
|
|-weather|Sandstorm|[upkeep]
|upkeep
|
|t:|1769340546
|switch|p1a: Kingambit|Kingambit, M|100/100
|-activate|p1a: Kingambit|move: Sticky Web
|-unboost|p1a: Kingambit|spe|1
|-ability|p1a: Kingambit|Defiant|boost
|-boost|p1a: Kingambit|atk|2
|turn|20
|
|t:|1769340551
|move|p2a: Tyranitar|Earthquake|p1a: Kingambit
|-supereffective|p1a: Kingambit
|-damage|p1a: Kingambit|44/100
|move|p1a: Kingambit|Iron Head|p2a: Tyranitar
|-supereffective|p2a: Tyranitar
|-damage|p2a: Tyranitar|0 fnt
|faint|p2a: Tyranitar
|
|-weather|Sandstorm|[upkeep]
|upkeep
|
|t:|1769340557
|switch|p2a: Cacturne|Cacturne, F|100/100
|turn|21
|
|t:|1769340561
|-terastallize|p2a: Cacturne|Grass
|move|p2a: Cacturne|Leaf Storm|p1a: Kingambit|[miss]
|-miss|p2a: Cacturne|p1a: Kingambit
|move|p1a: Kingambit|Iron Head|p2a: Cacturne
|-damage|p2a: Cacturne|0 fnt
|faint|p2a: Cacturne
|
|-weather|Sandstorm|[upkeep]
|upkeep
|c|☆habracadabrah|This beach
|
|t:|1769340576
|switch|p2a: Umbreon|Umbreon, M|35/100 psn
|turn|22
|
|t:|1769340583
|move|p2a: Umbreon|Foul Play|p1a: Kingambit
|-resisted|p1a: Kingambit
|-damage|p1a: Kingambit|7/100
|move|p1a: Kingambit|Iron Head|p2a: Umbreon
|-crit|p2a: Umbreon
|-damage|p2a: Umbreon|0 fnt
|faint|p2a: Umbreon
|
|win|constartus
|raw|constartus's rating: 1289 &rarr; <strong>1312</strong><br />(+23 for winning)
|raw|habracadabrah's rating: 1255 &rarr; <strong>1232</strong><br />(-23 for losing)
|c|☆constartus|Ehh who am i kidding
|c|☆constartus|What
|c|☆constartus|What
|c|☆constartus|Holly
|c|☆habracadabrah|So lucky
|c|☆constartus|Ik
|c|☆constartus|What is this sh-poop
|c|☆constartus|Homestly
|c|☆constartus|Like
|l|☆constartus
|player|p1|
|l|☆habracadabrah
|player|p2|
