|j|☆ferrydiscs
|j|☆hackingefidiant
|t:|1769315979
|gametype|singles
|player|p1|ferrydiscs|will|1555
|player|p2|hackingefidiant|unknownf|1577
|gen|9
|tier|[Gen 9] OU
|rated|
|rule|HP Percentage Mod: HP is shown in percentages
|rule|Endless Battle Clause: Forcing endless battles is banned
|rule|Species Clause: Limit one of each Pokémon
|rule|OHKO Clause: OHKO moves are banned
|rule|Evasion Items Clause: Evasion items are banned
|rule|Evasion Moves Clause: Evasion moves are banned
|rule|Evasion Abilities Clause: Evasion abilities are banned
|rule|Sleep Moves Clause: Sleep-inducing moves are banned
|clearpoke
|poke|p1|Tyranitar, M|
|poke|p1|Excadrill, M|
|poke|p1|Tornadus-Therian, M|
|poke|p1|Tinkaton, F|
|poke|p1|Sinistcha|
|poke|p1|Toxapex, M|
|poke|p2|Kyurem|
|poke|p2|Slowking-Galar, M|
|poke|p2|Alomomola, F|
|poke|p2|Great Tusk|
|poke|p2|Samurott-Hisui, M|
|poke|p2|Enamorus, F|
|teampreview
|
|t:|1769316008
|teamsize|p1|6
|teamsize|p2|6
|start
|switch|p1a: Tinkaton|Tinkaton, F, shiny|100/100
|switch|p2a: Samurott|Samurott-Hisui, M|100/100
|-item|p1a: Tinkaton|Air Balloon
|turn|1
|
|t:|1769316022
|move|p1a: Tinkaton|Stealth Rock|p2a: Samurott
|-sidestart|p2: hackingefidiant|move: Stealth Rock
|move|p2a: Samurott|Razor Shell|p1a: Tinkaton
|-damage|p1a: Tinkaton|0 fnt
|-enditem|p1a: Tinkaton|Air Balloon
|faint|p1a: Tinkaton
|
|upkeep
|
|t:|1769316049
|switch|p1a: Tornadus|Tornadus-Therian, M, shiny|100/100
|turn|2
|
|t:|1769316090
|switch|p2a: Slowking|Slowking-Galar, M|100/100
|move|p1a: Tornadus|Bleakwind Storm|p2a: Slowking
|-damage|p2a: Slowking|59/100
|
|upkeep
|turn|3
|
|t:|1769316119
|move|p1a: Tornadus|Bleakwind Storm|p2a: Slowking
|-damage|p2a: Slowking|17/100
|-unboost|p2a: Slowking|spe|1
|-prepare|p2a: Slowking|Chilly Reception|[premajor]
|move|p2a: Slowking|Chilly Reception|p2a: Slowking
|-weather|Snowscape
|inactive|Battle timer is ON: inactive players will automatically lose when time's up. (requested by ferrydiscs)
|
|t:|1769316180
|switch|p2a: Alomomola|Alomomola, F|100/100|[from] Chilly Reception
|-damage|p2a: Alomomola|88/100|[from] Stealth Rock
|
|-weather|Snowscape|[upkeep]
|upkeep
|turn|4
|inactive|ferrydiscs has 120 seconds left.
|inactive|hackingefidiant has 120 seconds left.
|
|t:|1769316233
|switch|p1a: Sinistcha|Sinistcha, shiny|100/100
|move|p2a: Alomomola|Mirror Coat||[still]
|-fail|p2a: Alomomola
|
|-weather|Snowscape|[upkeep]
|upkeep
|turn|5
|
|t:|1769316248
|move|p1a: Sinistcha|Calm Mind|p1a: Sinistcha
|-boost|p1a: Sinistcha|spa|1
|-boost|p1a: Sinistcha|spd|1
|move|p2a: Alomomola|Flip Turn|p1a: Sinistcha
|-resisted|p1a: Sinistcha
|-damage|p1a: Sinistcha|95/100
|
|t:|1769316253
|switch|p2a: Samurott|Samurott-Hisui, M|100/100|[from] Flip Turn
|-damage|p2a: Samurott|88/100|[from] Stealth Rock
|
|-weather|Snowscape|[upkeep]
|-heal|p1a: Sinistcha|100/100|[from] item: Leftovers
|upkeep
|turn|6
|inactive|ferrydiscs has 120 seconds left.
|
|t:|1769316265
|switch|p1a: Toxapex|Toxapex, M, shiny|100/100
|move|p2a: Samurott|Knock Off|p1a: Toxapex
|-damage|p1a: Toxapex|56/100
|-enditem|p1a: Toxapex|Eject Button|[from] move: Knock Off|[of] p2a: Samurott
|
|-weather|Snowscape|[upkeep]
|upkeep
|turn|7
|inactive|ferrydiscs has 120 seconds left.
|
|t:|1769316276
|switch|p2a: Slowking|Slowking-Galar, M|50/100
|move|p1a: Toxapex|Toxic|p2a: Slowking
|-immune|p2a: Slowking
|
|-weather|none
|upkeep
|turn|8
|
|t:|1769316286
|switch|p1a: Tornadus|Tornadus-Therian, M, shiny|100/100
|-prepare|p2a: Slowking|Chilly Reception|[premajor]
|move|p2a: Slowking|Chilly Reception|p2a: Slowking
|-weather|Snowscape
|
|t:|1769316298
|switch|p2a: Alomomola|Alomomola, F|100/100|[from] Chilly Reception
|-damage|p2a: Alomomola|88/100|[from] Stealth Rock
|
|-weather|Snowscape|[upkeep]
|upkeep
|turn|9
|
|t:|1769316305
|switch|p1a: Sinistcha|Sinistcha, shiny|100/100
|move|p2a: Alomomola|Flip Turn|p1a: Sinistcha
|-resisted|p1a: Sinistcha
|-damage|p1a: Sinistcha|95/100
|
|t:|1769316308
|switch|p2a: Samurott|Samurott-Hisui, M|88/100|[from] Flip Turn
|-damage|p2a: Samurott|76/100|[from] Stealth Rock
|
|-weather|Snowscape|[upkeep]
|-heal|p1a: Sinistcha|100/100|[from] item: Leftovers
|upkeep
|turn|10
|
|t:|1769316314
|switch|p1a: Toxapex|Toxapex, M, shiny|89/100
|move|p2a: Samurott|Ceaseless Edge|p1a: Toxapex
|-damage|p1a: Toxapex|41/100
|-sidestart|p1: ferrydiscs|Spikes
|
|-weather|Snowscape|[upkeep]
|upkeep
|turn|11
|
|t:|1769316328
|switch|p1a: Tyranitar|Tyranitar, M, shiny|100/100
|-damage|p1a: Tyranitar|88/100|[from] Spikes
|-weather|Sandstorm|[from] ability: Sand Stream|[of] p1a: Tyranitar
|move|p2a: Samurott|Ceaseless Edge|p1a: Tyranitar|[miss]
|-miss|p2a: Samurott|p1a: Tyranitar
|
|-weather|Sandstorm|[upkeep]
|-damage|p2a: Samurott|69/100|[from] Sandstorm
|upkeep
|turn|12
|
|t:|1769316337
|switch|p2a: Alomomola|Alomomola, F|100/100
|-damage|p2a: Alomomola|88/100|[from] Stealth Rock
|move|p1a: Tyranitar|Ice Punch|p2a: Alomomola
|-resisted|p2a: Alomomola
|-damage|p2a: Alomomola|76/100
|-damage|p1a: Tyranitar|72/100|[from] item: Rocky Helmet|[of] p2a: Alomomola
|
|-weather|Sandstorm|[upkeep]
|-damage|p2a: Alomomola|69/100|[from] Sandstorm
|upkeep
|turn|13
|
|t:|1769316352
|switch|p1a: Tornadus|Tornadus-Therian, M, shiny|100/100
|move|p2a: Alomomola|Flip Turn|p1a: Tornadus
|-damage|p1a: Tornadus|79/100
|
|t:|1769316358
|switch|p2a: Slowking|Slowking-Galar, M|83/100|[from] Flip Turn
|
|-weather|Sandstorm|[upkeep]
|-damage|p1a: Tornadus|73/100|[from] Sandstorm
|-damage|p2a: Slowking|77/100|[from] Sandstorm
|upkeep
|turn|14
|
|t:|1769316372
|switch|p1a: Excadrill|Excadrill, M, shiny|100/100
|-damage|p1a: Excadrill|88/100|[from] Spikes
|move|p2a: Slowking|Sludge Bomb|p1a: Excadrill
|-immune|p1a: Excadrill
|
|-weather|Sandstorm|[upkeep]
|-damage|p2a: Slowking|71/100|[from] Sandstorm
|-heal|p1a: Excadrill|94/100|[from] item: Leftovers
|upkeep
|turn|15
|
|t:|1769316384
|switch|p2a: Alomomola|Alomomola, F|100/100
|-damage|p2a: Alomomola|88/100|[from] Stealth Rock
|move|p1a: Excadrill|Rapid Spin|p2a: Alomomola
|-damage|p2a: Alomomola|78/100
|-boost|p1a: Excadrill|spe|1
|-damage|p1a: Excadrill|78/100|[from] item: Rocky Helmet|[of] p2a: Alomomola
|-sideend|p1: ferrydiscs|Spikes|[from] move: Rapid Spin|[of] p1a: Excadrill
|
|-weather|none
|-heal|p1a: Excadrill|84/100|[from] item: Leftovers
|upkeep
|turn|16
|inactive|ferrydiscs has 120 seconds left.
|
|t:|1769316415
|switch|p1a: Tornadus|Tornadus-Therian, M, shiny|100/100
|move|p2a: Alomomola|Flip Turn|p1a: Tornadus
|-damage|p1a: Tornadus|79/100
|
|t:|1769316426
|switch|p2a: Slowking|Slowking-Galar, M|100/100|[from] Flip Turn
|
|upkeep
|turn|17
|
|t:|1769316440
|switch|p1a: Tyranitar|Tyranitar, M, shiny|72/100
|-weather|Sandstorm|[from] ability: Sand Stream|[of] p1a: Tyranitar
|move|p2a: Slowking|Future Sight|p1a: Tyranitar
|-start|p2a: Slowking|move: Future Sight
|
|-weather|Sandstorm|[upkeep]
|-damage|p2a: Slowking|94/100|[from] Sandstorm
|upkeep
|turn|18
|
|t:|1769316446
|switch|p2a: Alomomola|Alomomola, F|100/100
|-damage|p2a: Alomomola|88/100|[from] Stealth Rock
|move|p1a: Tyranitar|Knock Off|p2a: Alomomola
|-damage|p2a: Alomomola|43/100
|-damage|p1a: Tyranitar|55/100|[from] item: Rocky Helmet|[of] p2a: Alomomola
|-enditem|p2a: Alomomola|Rocky Helmet|[from] move: Knock Off|[of] p1a: Tyranitar
|
|-weather|Sandstorm|[upkeep]
|-damage|p2a: Alomomola|36/100|[from] Sandstorm
|upkeep
|turn|19
|
|t:|1769316469
|switch|p1a: Sinistcha|Sinistcha, shiny|100/100
|move|p2a: Alomomola|Flip Turn|p1a: Sinistcha
|-resisted|p1a: Sinistcha
|-damage|p1a: Sinistcha|94/100
|
|t:|1769316482
|switch|p2a: Kyurem|Kyurem|100/100|[from] Flip Turn
|-damage|p2a: Kyurem|76/100|[from] Stealth Rock
|-ability|p2a: Kyurem|Pressure
|
|-weather|Sandstorm|[upkeep]
|-damage|p2a: Kyurem|70/100|[from] Sandstorm
|-damage|p1a: Sinistcha|88/100|[from] Sandstorm
|-end|p1a: Sinistcha|move: Future Sight
|-damage|p1a: Sinistcha|36/100
|-heal|p1a: Sinistcha|42/100|[from] item: Leftovers
|upkeep
|turn|20
|
|t:|1769316490
|switch|p1a: Toxapex|Toxapex, M, shiny|75/100
|move|p2a: Kyurem|Ice Beam|p1a: Toxapex
|-resisted|p1a: Toxapex
|-damage|p1a: Toxapex|49/100
|
|-weather|Sandstorm|[upkeep]
|-damage|p2a: Kyurem|63/100|[from] Sandstorm
|-damage|p1a: Toxapex|43/100|[from] Sandstorm
|upkeep
|turn|21
|
|t:|1769316504
|switch|p2a: Slowking|Slowking-Galar, M|100/100
|switch|p1a: Tyranitar|Tyranitar, M, shiny|55/100
|
|-weather|none
|upkeep
|turn|22
|
|t:|1769316507
|switch|p2a: Alomomola|Alomomola, F|70/100
|-damage|p2a: Alomomola|57/100|[from] Stealth Rock
|move|p1a: Tyranitar|Knock Off|p2a: Alomomola
|-damage|p2a: Alomomola|29/100
|
|upkeep
|turn|23
|
|t:|1769316514
|switch|p2a: Great Tusk|Great Tusk|100/100
|move|p1a: Tyranitar|Knock Off|p2a: Great Tusk
|-resisted|p2a: Great Tusk
|-damage|p2a: Great Tusk|73/100
|-enditem|p2a: Great Tusk|Heavy-Duty Boots|[from] move: Knock Off|[of] p1a: Tyranitar
|
|upkeep
|turn|24
|
|t:|1769316540
|switch|p1a: Tornadus|Tornadus-Therian, M, shiny|100/100
|move|p2a: Great Tusk|Stealth Rock|p1a: Tornadus
|-sidestart|p1: ferrydiscs|move: Stealth Rock
|
|upkeep
|turn|25
|
|t:|1769316557
|switch|p1a: Excadrill|Excadrill, M, shiny|84/100
|-damage|p1a: Excadrill|81/100|[from] Stealth Rock
|-end|p2a: Great Tusk|Protosynthesis|[silent]
|switch|p2a: Slowking|Slowking-Galar, M|100/100
|
|-heal|p1a: Excadrill|87/100|[from] item: Leftovers
|upkeep
|turn|26
|
|t:|1769316569
|switch|p2a: Alomomola|Alomomola, F|62/100
|-damage|p2a: Alomomola|50/100|[from] Stealth Rock
|move|p1a: Excadrill|Rapid Spin|p2a: Alomomola
|-damage|p2a: Alomomola|39/100
|-boost|p1a: Excadrill|spe|1
|-sideend|p1: ferrydiscs|Stealth Rock|[from] move: Rapid Spin|[of] p1a: Excadrill
|
|-heal|p1a: Excadrill|93/100|[from] item: Leftovers
|upkeep
|turn|27
|
|t:|1769316575
|move|p1a: Excadrill|Earthquake|p2a: Alomomola
|-damage|p2a: Alomomola|7/100
|move|p2a: Alomomola|Flip Turn|p1a: Excadrill
|-supereffective|p1a: Excadrill
|-damage|p1a: Excadrill|46/100
|
|t:|1769316585
|switch|p2a: Great Tusk|Great Tusk|73/100|[from] Flip Turn
|-damage|p2a: Great Tusk|70/100|[from] Stealth Rock
|
|-heal|p1a: Excadrill|52/100|[from] item: Leftovers
|upkeep
|turn|28
|
|t:|1769316602
|move|p1a: Excadrill|Substitute|p1a: Excadrill
|-start|p1a: Excadrill|Substitute
|-damage|p1a: Excadrill|27/100
|move|p2a: Great Tusk|Ice Spinner|p1a: Excadrill
|-crit|p1a: Excadrill
|-end|p1a: Excadrill|Substitute
|
|-heal|p1a: Excadrill|33/100|[from] item: Leftovers
|upkeep
|turn|29
|
|t:|1769316622
|switch|p1a: Tornadus|Tornadus-Therian, M, shiny|100/100
|move|p2a: Great Tusk|Ice Spinner|p1a: Tornadus
|-supereffective|p1a: Tornadus
|-damage|p1a: Tornadus|39/100
|
|upkeep
|turn|30
|inactive|hackingefidiant has 120 seconds left.
|inactive|ferrydiscs has 120 seconds left.
|
|t:|1769316654
|-end|p2a: Great Tusk|Protosynthesis|[silent]
|switch|p2a: Slowking|Slowking-Galar, M|100/100
|-terastallize|p1a: Tornadus|Flying
|move|p1a: Tornadus|Bleakwind Storm|p2a: Slowking|[miss]
|-miss|p1a: Tornadus|p2a: Slowking
|
|upkeep
|turn|31
|
|t:|1769316664
|switch|p1a: Tyranitar|Tyranitar, M, shiny|55/100
|-weather|Sandstorm|[from] ability: Sand Stream|[of] p1a: Tyranitar
|move|p2a: Slowking|Ice Beam|p1a: Tyranitar
|-damage|p1a: Tyranitar|41/100
|
|-weather|Sandstorm|[upkeep]
|-damage|p2a: Slowking|94/100|[from] Sandstorm
|upkeep
|turn|32
|inactive|hackingefidiant has 120 seconds left.
|
|t:|1769316679
|switch|p2a: Alomomola|Alomomola, F|40/100
|-damage|p2a: Alomomola|28/100|[from] Stealth Rock
|move|p1a: Tyranitar|Ice Punch|p2a: Alomomola
|-resisted|p2a: Alomomola
|-damage|p2a: Alomomola|16/100
|-status|p2a: Alomomola|frz
|
|-weather|Sandstorm|[upkeep]
|-damage|p2a: Alomomola|10/100 frz|[from] Sandstorm
|upkeep
|turn|33
|
|t:|1769316697
|switch|p1a: Tornadus|Tornadus-Therian, M, shiny, tera:Flying|72/100
|cant|p2a: Alomomola|frz
|
|-weather|Sandstorm|[upkeep]
|-damage|p1a: Tornadus|66/100|[from] Sandstorm
|-damage|p2a: Alomomola|4/100 frz|[from] Sandstorm
|upkeep
|turn|34
|
|t:|1769316702
|move|p1a: Tornadus|Bleakwind Storm|p2a: Alomomola
|-damage|p2a: Alomomola|0 fnt
|faint|p2a: Alomomola
|
|-weather|Sandstorm|[upkeep]
|-damage|p1a: Tornadus|60/100|[from] Sandstorm
|upkeep
|
|t:|1769316723
|switch|p2a: Slowking|Slowking-Galar, M|100/100
|turn|35
|
|t:|1769316729
|switch|p1a: Toxapex|Toxapex, M, shiny|76/100
|move|p2a: Slowking|Sludge Bomb|p1a: Toxapex
|-resisted|p1a: Toxapex
|-damage|p1a: Toxapex|64/100
|
|-weather|none
|upkeep
|turn|36
|
|t:|1769316734
|switch|p1a: Tornadus|Tornadus-Therian, M, shiny, tera:Flying|93/100
|-prepare|p2a: Slowking|Chilly Reception|[premajor]
|move|p2a: Slowking|Chilly Reception|p2a: Slowking
|-weather|Snowscape
|inactive|hackingefidiant has 120 seconds left.
|
|t:|1769316744
|switch|p2a: Great Tusk|Great Tusk|70/100|[from] Chilly Reception
|-damage|p2a: Great Tusk|67/100|[from] Stealth Rock
|
|-weather|Snowscape|[upkeep]
|upkeep
|turn|37
|
|t:|1769316753
|-terastallize|p2a: Great Tusk|Steel
|move|p1a: Tornadus|Bleakwind Storm|p2a: Great Tusk
|-resisted|p2a: Great Tusk
|-damage|p2a: Great Tusk|12/100
|-unboost|p2a: Great Tusk|spe|1
|move|p2a: Great Tusk|Rapid Spin|p1a: Tornadus
|-damage|p1a: Tornadus|75/100
|-boost|p2a: Great Tusk|spe|1
|-sideend|p2: hackingefidiant|Stealth Rock|[from] move: Rapid Spin|[of] p2a: Great Tusk
|
|-weather|Snowscape|[upkeep]
|upkeep
|turn|38
|inactive|hackingefidiant has 120 seconds left.
|
|t:|1769316771
|move|p1a: Tornadus|Bleakwind Storm|p2a: Great Tusk
|-resisted|p2a: Great Tusk
|-crit|p2a: Great Tusk
|-damage|p2a: Great Tusk|0 fnt
|faint|p2a: Great Tusk
|-end|p2a: Great Tusk|Protosynthesis|[silent]
|
|-weather|Snowscape|[upkeep]
|upkeep
|inactive|hackingefidiant has 120 seconds left.
|
|t:|1769316779
|switch|p2a: Samurott|Samurott-Hisui, M|69/100
|turn|39
|
|t:|1769316788
|move|p1a: Tornadus|Bleakwind Storm|p2a: Samurott
|-damage|p2a: Samurott|0 fnt
|faint|p2a: Samurott
|
|-weather|Snowscape|[upkeep]
|upkeep
|
|t:|1769316801
|switch|p2a: Slowking|Slowking-Galar, M|100/100
|turn|40
|
|t:|1769316806
|move|p1a: Tornadus|Bleakwind Storm|p2a: Slowking
|-damage|p2a: Slowking|45/100
|move|p2a: Slowking|Sludge Bomb|p1a: Tornadus
|-damage|p1a: Tornadus|35/100
|
|-weather|none
|upkeep
|turn|41
|
|t:|1769316812
|move|p1a: Tornadus|Bleakwind Storm|p2a: Slowking
|-damage|p2a: Slowking|0 fnt
|faint|p2a: Slowking
|
|upkeep
|
|t:|1769316816
|switch|p2a: Enamorus|Enamorus, F|100/100
|turn|42
|
|t:|1769316824
|switch|p1a: Toxapex|Toxapex, M, shiny|98/100
|move|p2a: Enamorus|Moonblast|p1a: Toxapex
|-resisted|p1a: Toxapex
|-damage|p1a: Toxapex|77/100
|
|upkeep
|turn|43
|
|t:|1769316828
|switch|p2a: Kyurem|Kyurem|63/100
|-ability|p2a: Kyurem|Pressure
|move|p1a: Toxapex|Toxic|p2a: Kyurem
|-status|p2a: Kyurem|tox
|
|-damage|p2a: Kyurem|57/100 tox|[from] psn
|upkeep
|turn|44
|
|t:|1769316834
|switch|p1a: Sinistcha|Sinistcha, shiny|42/100
|move|p2a: Kyurem|Freeze-Dry|p1a: Sinistcha
|-supereffective|p1a: Sinistcha
|-damage|p1a: Sinistcha|0 fnt
|faint|p1a: Sinistcha
|
|-damage|p2a: Kyurem|45/100 tox|[from] psn
|upkeep
|
|t:|1769316836
|switch|p1a: Tornadus|Tornadus-Therian, M, shiny, tera:Flying|68/100
|turn|45
|
|t:|1769316839
|move|p1a: Tornadus|Heat Wave|p2a: Kyurem
|-damage|p2a: Kyurem|3/100 tox
|move|p2a: Kyurem|Freeze-Dry|p1a: Tornadus
|-supereffective|p1a: Tornadus
|-damage|p1a: Tornadus|0 fnt
|faint|p1a: Tornadus
|
|-damage|p2a: Kyurem|0 fnt|[from] psn
|faint|p2a: Kyurem
|upkeep
|
|t:|1769316849
|switch|p1a: Toxapex|Toxapex, M, shiny|100/100
|switch|p2a: Enamorus|Enamorus, F|100/100
|turn|46
|
|t:|1769316855
|move|p2a: Enamorus|Earth Power|p1a: Toxapex
|-supereffective|p1a: Toxapex
|-damage|p1a: Toxapex|50/100
|move|p1a: Toxapex|Toxic|p2a: Enamorus
|-status|p2a: Enamorus|tox
|
|-damage|p2a: Enamorus|94/100 tox|[from] psn
|upkeep
|turn|47
|
|t:|1769316866
|move|p2a: Enamorus|Earth Power|p1a: Toxapex
|-supereffective|p1a: Toxapex
|-damage|p1a: Toxapex|3/100
|move|p1a: Toxapex|Recover|p1a: Toxapex
|-heal|p1a: Toxapex|53/100
|
|-damage|p2a: Enamorus|82/100 tox|[from] psn
|upkeep
|turn|48
|
|t:|1769316872
|move|p2a: Enamorus|Earth Power|p1a: Toxapex
|-supereffective|p1a: Toxapex
|-damage|p1a: Toxapex|7/100
|move|p1a: Toxapex|Recover|p1a: Toxapex
|-heal|p1a: Toxapex|58/100
|
|-damage|p2a: Enamorus|63/100 tox|[from] psn
|upkeep
|turn|49
|
|t:|1769316876
|move|p2a: Enamorus|Earth Power|p1a: Toxapex
|-supereffective|p1a: Toxapex
|-damage|p1a: Toxapex|10/100
|move|p1a: Toxapex|Recover|p1a: Toxapex
|-heal|p1a: Toxapex|60/100
|
|-damage|p2a: Enamorus|38/100 tox|[from] psn
|upkeep
|turn|50
|
|t:|1769316881
|move|p2a: Enamorus|Earth Power|p1a: Toxapex
|-supereffective|p1a: Toxapex
|-damage|p1a: Toxapex|9/100
|move|p1a: Toxapex|Recover|p1a: Toxapex
|-heal|p1a: Toxapex|60/100
|
|-damage|p2a: Enamorus|7/100 tox|[from] psn
|upkeep
|turn|51
|
|t:|1769316884
|move|p2a: Enamorus|Earth Power|p1a: Toxapex
|-supereffective|p1a: Toxapex
|-damage|p1a: Toxapex|10/100
|move|p1a: Toxapex|Recover|p1a: Toxapex
|-heal|p1a: Toxapex|60/100
|
|-damage|p2a: Enamorus|0 fnt|[from] psn
|faint|p2a: Enamorus
|
|win|ferrydiscs
|raw|ferrydiscs's rating: 1555 &rarr; <strong>1576</strong><br />(+21 for winning)
|raw|hackingefidiant's rating: 1577 &rarr; <strong>1556</strong><br />(-21 for losing)
|c|☆hackingefidiant|gg
|c|☆ferrydiscs|gg
