|j|☆the russian
|j|☆hbkdb
|t:|1769413133
|gametype|singles
|player|p1|the russian|170|1261
|player|p2|hbkdb|colress|1226
|gen|9
|tier|[Gen 9] OU
|rated|
|rule|HP Percentage Mod: HP is shown in percentages
|rule|Endless Battle Clause: Forcing endless battles is banned
|rule|Species Clause: Limit one of each Pokémon
|rule|OHKO Clause: OHKO moves are banned
|rule|Evasion Items Clause: Evasion items are banned
|rule|Evasion Moves Clause: Evasion moves are banned
|rule|Evasion Abilities Clause: Evasion abilities are banned
|rule|Sleep Moves Clause: Sleep-inducing moves are banned
|clearpoke
|poke|p1|Garchomp, F|
|poke|p1|Milotic, M|
|poke|p1|Metagross|
|poke|p1|Chesnaught, M|
|poke|p1|Glimmora, F|
|poke|p1|Moltres|
|poke|p2|Eelektross, F|
|poke|p2|Greninja-*, M|
|poke|p2|Ambipom, F|
|poke|p2|Yanmega, F|
|poke|p2|Skeledirge, M|
|poke|p2|Iron Moth|
|teampreview
|inactive|Battle timer is ON: inactive players will automatically lose when time's up. (requested by hbkdb)
|
|t:|1769413145
|teamsize|p1|6
|teamsize|p2|6
|start
|switch|p1a: Garchomp|Garchomp, F|100/100
|switch|p2a: Iron Moth|Iron Moth|100/100
|turn|1
|
|t:|1769413159
|-end|p2a: Iron Moth|Quark Drive|[silent]
|switch|p2a: Yanmega|Yanmega, F|100/100
|move|p1a: Garchomp|Earthquake|p2a: Yanmega
|-immune|p2a: Yanmega
|
|upkeep
|turn|2
|
|t:|1769413162
|move|p1a: Garchomp|Stealth Rock|p2a: Yanmega
|-sidestart|p2: hbkdb|move: Stealth Rock
|move|p2a: Yanmega|Air Slash|p1a: Garchomp
|-damage|p1a: Garchomp|43/100
|-damage|p2a: Yanmega|91/100|[from] item: Life Orb
|
|-ability|p2a: Yanmega|Speed Boost|boost
|-boost|p2a: Yanmega|spe|1
|upkeep
|turn|3
|
|t:|1769413168
|move|p2a: Yanmega|Air Slash|p1a: Garchomp
|-damage|p1a: Garchomp|0 fnt
|faint|p1a: Garchomp
|-damage|p2a: Yanmega|81/100|[from] item: Life Orb
|
|-ability|p2a: Yanmega|Speed Boost|boost
|-boost|p2a: Yanmega|spe|1
|upkeep
|
|t:|1769413171
|switch|p1a: Glimmora|Glimmora, F|100/100
|turn|4
|
|t:|1769413174
|move|p2a: Yanmega|Air Slash|p1a: Glimmora
|-resisted|p1a: Glimmora
|-damage|p1a: Glimmora|65/100
|-damage|p2a: Yanmega|71/100|[from] item: Life Orb
|cant|p1a: Glimmora|flinch
|
|-ability|p2a: Yanmega|Speed Boost|boost
|-boost|p2a: Yanmega|spe|1
|upkeep
|turn|5
|
|t:|1769413180
|move|p2a: Yanmega|Giga Drain|p1a: Glimmora
|-damage|p1a: Glimmora|20/100
|-heal|p2a: Yanmega|93/100|[from] drain|[of] p1a: Glimmora
|-damage|p2a: Yanmega|83/100|[from] item: Life Orb
|move|p1a: Glimmora|Sludge Wave|p2a: Yanmega
|-damage|p2a: Yanmega|0 fnt
|faint|p2a: Yanmega
|
|upkeep
|
|t:|1769413184
|switch|p2a: Greninja|Greninja, M|100/100
|-damage|p2a: Greninja|88/100|[from] Stealth Rock
|turn|6
|
|t:|1769413190
|move|p1a: Glimmora|Sludge Wave|p2a: Greninja
|-damage|p2a: Greninja|1/100
|move|p2a: Greninja|Dark Pulse|p1a: Glimmora
|-damage|p1a: Glimmora|0 fnt
|faint|p1a: Glimmora
|-ability|p2a: Greninja|Battle Bond|boost
|-boost|p2a: Greninja|atk|1
|-boost|p2a: Greninja|spa|1
|-boost|p2a: Greninja|spe|1
|-activate|p2a: Greninja|ability: Battle Bond
|-damage|p2a: Greninja|0 fnt|[from] item: Life Orb
|faint|p2a: Greninja
|
|upkeep
|
|t:|1769413206
|switch|p2a: Ambipom|Ambipom, F|100/100
|switch|p1a: Chesnaught|Chesnaught, M|100/100
|-damage|p2a: Ambipom|88/100|[from] Stealth Rock
|turn|7
|
|t:|1769413211
|move|p2a: Ambipom|U-turn|p1a: Chesnaught
|-damage|p1a: Chesnaught|80/100
|
|t:|1769413214
|switch|p2a: Iron Moth|Iron Moth|100/100|[from] U-turn
|-damage|p2a: Iron Moth|76/100|[from] Stealth Rock
|move|p1a: Chesnaught|Drain Punch|p2a: Iron Moth
|-resisted|p2a: Iron Moth
|-damage|p2a: Iron Moth|49/100
|-heal|p1a: Chesnaught|90/100|[from] drain|[of] p2a: Iron Moth
|
|upkeep
|turn|8
|
|t:|1769413227
|switch|p1a: Moltres|Moltres|100/100
|move|p2a: Iron Moth|Psychic|p1a: Moltres
|-damage|p1a: Moltres|66/100
|
|upkeep
|turn|9
|
|t:|1769413238
|-end|p2a: Iron Moth|Quark Drive|[silent]
|switch|p2a: Ambipom|Ambipom, F|88/100
|-damage|p2a: Ambipom|76/100|[from] Stealth Rock
|move|p1a: Moltres|Roost|p1a: Moltres
|-heal|p1a: Moltres|100/100
|-singleturn|p1a: Moltres|move: Roost
|
|upkeep
|turn|10
|
|t:|1769413247
|-terastallize|p2a: Ambipom|Normal
|move|p2a: Ambipom|Double Hit|p1a: Moltres
|-damage|p1a: Moltres|57/100
|-status|p2a: Ambipom|brn|[from] ability: Flame Body|[of] p1a: Moltres
|-damage|p1a: Moltres|38/100
|-hitcount|p1a: Moltres|2
|move|p1a: Moltres|Hurricane|p2a: Ambipom
|-damage|p2a: Ambipom|0 fnt
|faint|p2a: Ambipom
|
|upkeep
|
|t:|1769413254
|switch|p2a: Iron Moth|Iron Moth|49/100
|-damage|p2a: Iron Moth|24/100|[from] Stealth Rock
|turn|11
|
|t:|1769413258
|move|p2a: Iron Moth|Sludge Wave|p1a: Moltres
|-damage|p1a: Moltres|0 fnt
|faint|p1a: Moltres
|
|upkeep
|
|t:|1769413264
|switch|p1a: Milotic|Milotic, M|100/100
|turn|12
|
|t:|1769413267
|move|p2a: Iron Moth|Sludge Wave|p1a: Milotic
|-damage|p1a: Milotic|63/100
|move|p1a: Milotic|Scald|p2a: Iron Moth
|-supereffective|p2a: Iron Moth
|-damage|p2a: Iron Moth|0 fnt
|faint|p2a: Iron Moth
|-end|p2a: Iron Moth|Quark Drive|[silent]
|
|upkeep
|
|t:|1769413270
|switch|p2a: Eelektross|Eelektross, F|100/100
|-damage|p2a: Eelektross|88/100|[from] Stealth Rock
|turn|13
|
|t:|1769413292
|-terastallize|p1a: Milotic|Dragon
|move|p1a: Milotic|Scald|p2a: Eelektross
|-damage|p2a: Eelektross|63/100
|move|p2a: Eelektross|Coil|p2a: Eelektross
|-boost|p2a: Eelektross|atk|1
|-boost|p2a: Eelektross|def|1
|-boost|p2a: Eelektross|accuracy|1
|
|-heal|p2a: Eelektross|69/100|[from] item: Leftovers
|upkeep
|turn|14
|
|t:|1769413303
|move|p1a: Milotic|Scald|p2a: Eelektross
|-damage|p2a: Eelektross|45/100
|move|p2a: Eelektross|Coil|p2a: Eelektross
|-boost|p2a: Eelektross|atk|1
|-boost|p2a: Eelektross|def|1
|-boost|p2a: Eelektross|accuracy|1
|
|-heal|p2a: Eelektross|51/100|[from] item: Leftovers
|upkeep
|turn|15
|
|t:|1769413311
|move|p1a: Milotic|Alluring Voice|p2a: Eelektross
|-damage|p2a: Eelektross|34/100
|move|p2a: Eelektross|Drain Punch|p1a: Milotic
|-damage|p1a: Milotic|23/100
|-heal|p2a: Eelektross|54/100|[from] drain|[of] p1a: Milotic
|
|-heal|p2a: Eelektross|60/100|[from] item: Leftovers
|upkeep
|turn|16
|
|t:|1769413318
|move|p1a: Milotic|Recover|p1a: Milotic
|-heal|p1a: Milotic|73/100
|move|p2a: Eelektross|Drain Punch|p1a: Milotic
|-crit|p1a: Milotic
|-damage|p1a: Milotic|12/100
|-heal|p2a: Eelektross|90/100|[from] drain|[of] p1a: Milotic
|
|-heal|p2a: Eelektross|96/100|[from] item: Leftovers
|upkeep
|turn|17
|
|t:|1769413326
|switch|p1a: Metagross|Metagross|100/100
|move|p2a: Eelektross|Thunder Punch|p1a: Metagross
|-damage|p1a: Metagross|51/100
|
|-heal|p2a: Eelektross|100/100|[from] item: Leftovers
|upkeep
|turn|18
|
|t:|1769413332
|move|p1a: Metagross|Iron Head|p2a: Eelektross
|-resisted|p2a: Eelektross
|-damage|p2a: Eelektross|86/100
|move|p2a: Eelektross|Knock Off|p1a: Metagross
|-supereffective|p1a: Metagross
|-damage|p1a: Metagross|0 fnt
|-enditem|p1a: Metagross|Weakness Policy|[from] move: Knock Off|[of] p2a: Eelektross
|faint|p1a: Metagross
|
|-heal|p2a: Eelektross|92/100|[from] item: Leftovers
|upkeep
|
|t:|1769413334
|switch|p1a: Chesnaught|Chesnaught, M|90/100
|turn|19
|
|t:|1769413338
|move|p1a: Chesnaught|Knock Off|p2a: Eelektross
|-damage|p2a: Eelektross|78/100
|-enditem|p2a: Eelektross|Leftovers|[from] move: Knock Off|[of] p1a: Chesnaught
|move|p2a: Eelektross|Drain Punch|p1a: Chesnaught
|-damage|p1a: Chesnaught|65/100
|-heal|p2a: Eelektross|90/100|[from] drain|[of] p1a: Chesnaught
|
|upkeep
|turn|20
|
|t:|1769413342
|move|p1a: Chesnaught|Drain Punch|p2a: Eelektross
|-damage|p2a: Eelektross|72/100
|-heal|p1a: Chesnaught|75/100|[from] drain|[of] p2a: Eelektross
|move|p2a: Eelektross|Coil|p2a: Eelektross
|-boost|p2a: Eelektross|atk|1
|-boost|p2a: Eelektross|def|1
|-boost|p2a: Eelektross|accuracy|1
|
|upkeep
|turn|21
|
|t:|1769413348
|move|p1a: Chesnaught|Wood Hammer|p2a: Eelektross
|-damage|p2a: Eelektross|50/100
|-damage|p1a: Chesnaught|67/100|[from] Recoil
|move|p2a: Eelektross|Coil|p2a: Eelektross
|-boost|p2a: Eelektross|atk|1
|-boost|p2a: Eelektross|def|1
|-boost|p2a: Eelektross|accuracy|1
|
|upkeep
|turn|22
|
|t:|1769413352
|move|p1a: Chesnaught|Wood Hammer|p2a: Eelektross
|-damage|p2a: Eelektross|32/100
|-damage|p1a: Chesnaught|61/100|[from] Recoil
|move|p2a: Eelektross|Drain Punch|p1a: Chesnaught
|-damage|p1a: Chesnaught|21/100
|-heal|p2a: Eelektross|51/100|[from] drain|[of] p1a: Chesnaught
|
|upkeep
|turn|23
|
|t:|1769413355
|move|p1a: Chesnaught|Drain Punch|p2a: Eelektross
|-damage|p2a: Eelektross|40/100
|-heal|p1a: Chesnaught|27/100|[from] drain|[of] p2a: Eelektross
|move|p2a: Eelektross|Drain Punch|p1a: Chesnaught
|-damage|p1a: Chesnaught|0 fnt
|-heal|p2a: Eelektross|53/100|[from] drain|[of] p1a: Chesnaught
|faint|p1a: Chesnaught
|
|upkeep
|
|t:|1769413357
|switch|p1a: Milotic|Milotic, M, tera:Dragon|12/100
|turn|24
|
|t:|1769413360
|move|p1a: Milotic|Scald|p2a: Eelektross
|-damage|p2a: Eelektross|28/100
|move|p2a: Eelektross|Drain Punch|p1a: Milotic
|-damage|p1a: Milotic|0 fnt
|-heal|p2a: Eelektross|33/100|[from] drain|[of] p1a: Milotic
|faint|p1a: Milotic
|
|win|hbkdb
|raw|the russian's rating: 1261 &rarr; <strong>1233</strong><br />(-28 for losing)
|raw|hbkdb's rating: 1226 &rarr; <strong>1254</strong><br />(+28 for winning)
|l|☆the russian
|player|p1|
|l|☆hbkdb
|player|p2|
