|j|☆mercadocentral
|j|☆Vapokaralho
|t:|1769447083
|gametype|singles
|player|p1|mercadocentral|cynthia|1416
|player|p2|Vapokaralho|candice|1434
|gen|9
|tier|[Gen 9] OU
|rated|
|rule|HP Percentage Mod: HP is shown in percentages
|rule|Endless Battle Clause: Forcing endless battles is banned
|rule|Species Clause: Limit one of each Pokémon
|rule|OHKO Clause: OHKO moves are banned
|rule|Evasion Items Clause: Evasion items are banned
|rule|Evasion Moves Clause: Evasion moves are banned
|rule|Evasion Abilities Clause: Evasion abilities are banned
|rule|Sleep Moves Clause: Sleep-inducing moves are banned
|clearpoke
|poke|p1|Tauros, M|
|poke|p1|Landorus-Therian, M|
|poke|p1|Iron Crown|
|poke|p1|Lokix, F|
|poke|p1|Primarina, M|
|poke|p1|Cinderace, M|
|poke|p2|Great Tusk|
|poke|p2|Ting-Lu|
|poke|p2|Iron Moth|
|poke|p2|Ogerpon-Wellspring, F|
|poke|p2|Gholdengo|
|poke|p2|Dragonite, F|
|teampreview
|inactive|Battle timer is ON: inactive players will automatically lose when time's up. (requested by Vapokaralho)
|inactive|mercadocentral has 120 seconds left.
|
|t:|1769447121
|teamsize|p1|6
|teamsize|p2|6
|start
|switch|p1a: Tauros|Tauros, M|100/100
|switch|p2a: Ting-Lu|Ting-Lu|100/100
|-ability|p2a: Ting-Lu|Vessel of Ruin
|turn|1
|
|t:|1769447139
|switch|p1a: Lokix|Lokix, F|100/100
|move|p2a: Ting-Lu|Stealth Rock|p1a: Lokix
|-sidestart|p1: mercadocentral|move: Stealth Rock
|
|upkeep
|turn|2
|
|t:|1769447150
|move|p1a: Lokix|U-turn|p2a: Ting-Lu
|-supereffective|p2a: Ting-Lu
|-damage|p2a: Ting-Lu|48/100
|-enditem|p2a: Ting-Lu|Red Card|[of] p1a: Lokix
|drag|p1a: Cinderace|Cinderace, M|100/100
|move|p2a: Ting-Lu|Spikes|p1a: Cinderace
|-sidestart|p1: mercadocentral|Spikes
|
|upkeep
|turn|3
|
|t:|1769447157
|move|p1a: Cinderace|Court Change|p1a: Cinderace
|-swapsideconditions
|-activate|p1a: Cinderace|move: Court Change
|move|p2a: Ting-Lu|Stealth Rock|p1a: Cinderace
|-sidestart|p1: mercadocentral|move: Stealth Rock
|
|upkeep
|turn|4
|
|t:|1769447162
|move|p1a: Cinderace|Will-O-Wisp|p2a: Ting-Lu
|-status|p2a: Ting-Lu|brn
|move|p2a: Ting-Lu|Spikes|p1a: Cinderace
|-sidestart|p1: mercadocentral|Spikes
|
|-damage|p2a: Ting-Lu|41/100 brn|[from] brn
|upkeep
|turn|5
|
|t:|1769447169
|move|p1a: Cinderace|U-turn|p2a: Ting-Lu
|-supereffective|p2a: Ting-Lu
|-damage|p2a: Ting-Lu|21/100 brn
|
|t:|1769447178
|switch|p1a: Landorus|Landorus-Therian, M|100/100|[from] U-turn
|-damage|p1a: Landorus|88/100|[from] Stealth Rock
|-ability|p1a: Landorus|Intimidate|boost
|-unboost|p2a: Ting-Lu|atk|1
|move|p2a: Ting-Lu|Ruination|p1a: Landorus
|-damage|p1a: Landorus|44/100
|
|-damage|p2a: Ting-Lu|15/100 brn|[from] brn
|upkeep
|turn|6
|
|t:|1769447188
|move|p1a: Landorus|U-turn|p2a: Ting-Lu
|-supereffective|p2a: Ting-Lu
|-damage|p2a: Ting-Lu|0 fnt
|faint|p2a: Ting-Lu
|
|t:|1769447194
|switch|p1a: Cinderace|Cinderace, M|100/100|[from] U-turn
|
|upkeep
|
|t:|1769447202
|switch|p2a: Iron Moth|Iron Moth|100/100
|-damage|p2a: Iron Moth|76/100|[from] Stealth Rock
|-damage|p2a: Iron Moth|63/100|[from] Spikes
|-enditem|p2a: Iron Moth|Booster Energy
|-activate|p2a: Iron Moth|ability: Quark Drive|[fromitem]
|-start|p2a: Iron Moth|quarkdrivespe
|turn|7
|
|t:|1769447225
|move|p2a: Iron Moth|Fiery Dance|p1a: Cinderace
|-resisted|p1a: Cinderace
|-damage|p1a: Cinderace|75/100
|move|p1a: Cinderace|U-turn|p2a: Iron Moth
|-resisted|p2a: Iron Moth
|-damage|p2a: Iron Moth|57/100
|
|t:|1769447230
|switch|p1a: Primarina|Primarina, M|100/100|[from] U-turn
|-damage|p1a: Primarina|88/100|[from] Stealth Rock
|-damage|p1a: Primarina|76/100|[from] Spikes
|
|upkeep
|turn|8
|
|t:|1769447238
|move|p2a: Iron Moth|Sludge Wave|p1a: Primarina
|-supereffective|p1a: Primarina
|-damage|p1a: Primarina|26/100
|move|p1a: Primarina|Surf|p2a: Iron Moth
|-supereffective|p2a: Iron Moth
|-damage|p2a: Iron Moth|0 fnt
|faint|p2a: Iron Moth
|-end|p2a: Iron Moth|Quark Drive|[silent]
|
|upkeep
|
|t:|1769447244
|switch|p2a: Ogerpon|Ogerpon-Wellspring, F|100/100
|-damage|p2a: Ogerpon|88/100|[from] Stealth Rock
|-damage|p2a: Ogerpon|76/100|[from] Spikes
|turn|9
|
|t:|1769447250
|move|p2a: Ogerpon|Swords Dance|p2a: Ogerpon
|-boost|p2a: Ogerpon|atk|2
|move|p1a: Primarina|Moonblast|p2a: Ogerpon
|-damage|p2a: Ogerpon|25/100
|
|upkeep
|turn|10
|
|t:|1769447256
|move|p2a: Ogerpon|Horn Leech|p1a: Primarina
|-supereffective|p1a: Primarina
|-damage|p1a: Primarina|0 fnt
|-heal|p2a: Ogerpon|40/100|[from] drain|[of] p1a: Primarina
|faint|p1a: Primarina
|
|upkeep
|
|t:|1769447267
|switch|p1a: Lokix|Lokix, F|100/100
|-damage|p1a: Lokix|76/100|[from] Stealth Rock
|-damage|p1a: Lokix|63/100|[from] Spikes
|turn|11
|
|t:|1769447274
|move|p1a: Lokix|First Impression|p2a: Ogerpon
|-supereffective|p2a: Ogerpon
|-damage|p2a: Ogerpon|0 fnt
|faint|p2a: Ogerpon
|
|upkeep
|
|t:|1769447275
|switch|p2a: Great Tusk|Great Tusk|100/100
|-damage|p2a: Great Tusk|98/100|[from] Stealth Rock
|-damage|p2a: Great Tusk|85/100|[from] Spikes
|-enditem|p2a: Great Tusk|Booster Energy
|-activate|p2a: Great Tusk|ability: Protosynthesis|[fromitem]
|-start|p2a: Great Tusk|protosynthesisspe
|turn|12
|
|t:|1769447284
|switch|p1a: Landorus|Landorus-Therian, M|44/100
|-damage|p1a: Landorus|32/100|[from] Stealth Rock
|-ability|p1a: Landorus|Intimidate|boost
|-unboost|p2a: Great Tusk|atk|1
|move|p2a: Great Tusk|Bulk Up|p2a: Great Tusk
|-boost|p2a: Great Tusk|atk|1
|-boost|p2a: Great Tusk|def|1
|
|upkeep
|turn|13
|
|t:|1769447294
|move|p2a: Great Tusk|Bulk Up|p2a: Great Tusk
|-boost|p2a: Great Tusk|atk|1
|-boost|p2a: Great Tusk|def|1
|move|p1a: Landorus|Earth Power|p2a: Great Tusk
|-damage|p2a: Great Tusk|43/100
|
|upkeep
|turn|14
|
|t:|1769447315
|-terastallize|p1a: Landorus|Ghost
|move|p2a: Great Tusk|Ice Spinner|p1a: Landorus
|-damage|p1a: Landorus|0 fnt
|-damage|p2a: Great Tusk|27/100|[from] item: Rocky Helmet|[of] p1a: Landorus
|faint|p1a: Landorus
|
|upkeep
|
|t:|1769447322
|switch|p1a: Lokix|Lokix, F|63/100
|-damage|p1a: Lokix|39/100|[from] Stealth Rock
|-damage|p1a: Lokix|26/100|[from] Spikes
|turn|15
|
|t:|1769447330
|move|p1a: Lokix|First Impression|p2a: Great Tusk
|-resisted|p2a: Great Tusk
|-damage|p2a: Great Tusk|7/100
|move|p2a: Great Tusk|Rapid Spin|p1a: Lokix
|-damage|p1a: Lokix|0 fnt
|-boost|p2a: Great Tusk|spe|1
|-sideend|p2: Vapokaralho|Spikes|[from] move: Rapid Spin|[of] p2a: Great Tusk
|-sideend|p2: Vapokaralho|Stealth Rock|[from] move: Rapid Spin|[of] p2a: Great Tusk
|faint|p1a: Lokix
|
|upkeep
|inactive|mercadocentral has 120 seconds left.
|
|t:|1769447358
|switch|p1a: Cinderace|Cinderace, M|75/100
|turn|16
|
|t:|1769447365
|move|p2a: Great Tusk|Headlong Rush|p1a: Cinderace
|-supereffective|p1a: Cinderace
|-damage|p1a: Cinderace|0 fnt
|-unboost|p2a: Great Tusk|def|1
|-unboost|p2a: Great Tusk|spd|1
|faint|p1a: Cinderace
|
|upkeep
|-message|mercadocentral forfeited.
|
|win|Vapokaralho
|raw|mercadocentral's rating: 1416 &rarr; <strong>1397</strong><br />(-19 for losing)
|raw|Vapokaralho's rating: 1434 &rarr; <strong>1453</strong><br />(+19 for winning)
|l|☆mercadocentral
|player|p1|
|l|☆Vapokaralho
|player|p2|
