|j|☆notaflamingo
|j|☆gabypro2306
|t:|1769365468
|gametype|singles
|player|p1|notaflamingo|maid|1029
|player|p2|gabypro2306|lucas|1024
|gen|9
|tier|[Gen 9] OU
|rated|
|rule|HP Percentage Mod: HP is shown in percentages
|rule|Endless Battle Clause: Forcing endless battles is banned
|rule|Species Clause: Limit one of each Pokémon
|rule|OHKO Clause: OHKO moves are banned
|rule|Evasion Items Clause: Evasion items are banned
|rule|Evasion Moves Clause: Evasion moves are banned
|rule|Evasion Abilities Clause: Evasion abilities are banned
|rule|Sleep Moves Clause: Sleep-inducing moves are banned
|clearpoke
|poke|p1|Lilligant, F|
|poke|p1|Lurantis, F|
|poke|p1|Meganium, F|
|poke|p1|Bellossom, M|
|poke|p1|Jumpluff, F|
|poke|p1|Arboliva, F|
|poke|p2|Ceruledge, M|
|poke|p2|Iron Crown|
|poke|p2|Zapdos|
|poke|p2|Primarina, F|
|poke|p2|Pecharunt|
|poke|p2|Dragonite, M|
|teampreview
|inactive|Battle timer is ON: inactive players will automatically lose when time's up. (requested by notaflamingo)
|
|t:|1769365480
|teamsize|p1|6
|teamsize|p2|6
|start
|switch|p1a: Lurantis|Lurantis, F|100/100
|switch|p2a: blaze|Ceruledge, M, shiny|100/100
|turn|1
|
|t:|1769365491
|-terastallize|p1a: Lurantis|Stellar
|move|p1a: Lurantis|Tera Blast|p2a: blaze|[anim] Tera Blast Stellar
|-crit|p2a: blaze
|-damage|p2a: blaze|54/100
|-boost|p1a: Lurantis|atk|1
|-boost|p1a: Lurantis|spa|1
|move|p2a: blaze|Flamethrower|p1a: Lurantis
|-supereffective|p1a: Lurantis
|-damage|p1a: Lurantis|31/100
|
|upkeep
|turn|2
|
|t:|1769365512
|move|p1a: Lurantis|Tera Blast|p2a: blaze|[anim] Tera Blast Stellar
|-damage|p2a: blaze|16/100
|-boost|p1a: Lurantis|atk|1
|-boost|p1a: Lurantis|spa|1
|move|p2a: blaze|Flamethrower|p1a: Lurantis
|-supereffective|p1a: Lurantis
|-damage|p1a: Lurantis|0 fnt
|faint|p1a: Lurantis
|
|upkeep
|
|t:|1769365521
|switch|p1a: Meganium|Meganium, F|100/100
|turn|3
|
|t:|1769365530
|move|p1a: Meganium|Knock Off|p2a: blaze
|-supereffective|p2a: blaze
|-damage|p2a: blaze|0 fnt
|-enditem|p2a: blaze|Focus Sash|[from] move: Knock Off|[of] p1a: Meganium
|faint|p2a: blaze
|
|upkeep
|
|t:|1769365539
|switch|p2a: Pecharunt|Pecharunt|100/100
|turn|4
|
|t:|1769365545
|move|p1a: Meganium|Knock Off|p2a: Pecharunt
|-supereffective|p2a: Pecharunt
|-damage|p2a: Pecharunt|70/100
|-damage|p1a: Meganium|84/100|[from] item: Rocky Helmet|[of] p2a: Pecharunt
|-enditem|p2a: Pecharunt|Rocky Helmet|[from] move: Knock Off|[of] p1a: Meganium
|move|p2a: Pecharunt|Malignant Chain|p1a: Meganium
|-supereffective|p1a: Meganium
|-damage|p1a: Meganium|23/100
|-status|p1a: Meganium|tox
|-start|p1a: Meganium|confusion|[from] ability: Poison Puppeteer|[of] p2a: Pecharunt
|
|-damage|p1a: Meganium|17/100 tox|[from] psn
|upkeep
|turn|5
|
|t:|1769365567
|-activate|p1a: Meganium|confusion
|move|p1a: Meganium|Earthquake|p2a: Pecharunt
|-supereffective|p2a: Pecharunt
|-damage|p2a: Pecharunt|36/100
|move|p2a: Pecharunt|Nasty Plot|p2a: Pecharunt
|-boost|p2a: Pecharunt|spa|2
|
|-damage|p1a: Meganium|5/100 tox|[from] psn
|upkeep
|turn|6
|
|t:|1769365578
|switch|p2a: my horse|Iron Crown|100/100
|-end|p1a: Meganium|confusion
|move|p1a: Meganium|Earthquake|p2a: my horse
|-supereffective|p2a: my horse
|-damage|p2a: my horse|58/100
|
|-damage|p1a: Meganium|0 fnt|[from] psn
|faint|p1a: Meganium
|upkeep
|
|t:|1769365590
|switch|p1a: Arboliva|Arboliva, F|100/100
|turn|7
|
|t:|1769365603
|-end|p2a: my horse|Quark Drive|[silent]
|switch|p2a: special delivery|Zapdos|100/100
|-ability|p2a: special delivery|Pressure
|-item|p2a: special delivery|Air Balloon
|move|p1a: Arboliva|Earth Power|p2a: special delivery
|-immune|p2a: special delivery
|
|upkeep
|turn|8
|
|t:|1769365619
|switch|p1a: Bellossom|Bellossom, M|100/100
|move|p2a: special delivery|Heat Wave|p1a: Bellossom
|-supereffective|p1a: Bellossom
|-damage|p1a: Bellossom|38/100
|
|-heal|p1a: Bellossom|45/100|[from] item: Leftovers
|upkeep
|turn|9
|
|t:|1769365634
|move|p2a: special delivery|Heat Wave|p1a: Bellossom
|-supereffective|p1a: Bellossom
|-damage|p1a: Bellossom|0 fnt
|faint|p1a: Bellossom
|
|upkeep
|
|t:|1769365649
|switch|p1a: Arboliva|Arboliva, F|100/100
|turn|10
|
|t:|1769365655
|switch|p2a: fake charizard|Dragonite, M|100/100
|move|p1a: Arboliva|Hyper Voice|p2a: fake charizard
|-damage|p2a: fake charizard|33/100
|
|-heal|p2a: fake charizard|39/100|[from] item: Leftovers
|upkeep
|turn|11
|
|t:|1769365673
|move|p2a: fake charizard|Dragon Dance|p2a: fake charizard
|-boost|p2a: fake charizard|atk|1
|-boost|p2a: fake charizard|spe|1
|move|p1a: Arboliva|Hyper Voice|p2a: fake charizard
|-damage|p2a: fake charizard|0 fnt
|faint|p2a: fake charizard
|
|upkeep
|
|t:|1769365686
|switch|p2a: special delivery|Zapdos|100/100
|-ability|p2a: special delivery|Pressure
|-item|p2a: special delivery|Air Balloon
|turn|12
|
|t:|1769365703
|move|p2a: special delivery|Heat Wave|p1a: Arboliva
|-supereffective|p1a: Arboliva
|-damage|p1a: Arboliva|38/100
|-fieldstart|move: Grassy Terrain|[from] ability: Seed Sower|[of] p1a: Arboliva
|move|p1a: Arboliva|Hyper Voice|p2a: special delivery
|-damage|p2a: special delivery|24/100
|-enditem|p2a: special delivery|Air Balloon
|
|-heal|p1a: Arboliva|44/100|[from] Grassy Terrain
|upkeep
|turn|13
|
|t:|1769365715
|move|p2a: special delivery|Hurricane|p1a: Arboliva
|-supereffective|p1a: Arboliva
|-crit|p1a: Arboliva
|-damage|p1a: Arboliva|0 fnt
|faint|p1a: Arboliva
|
|upkeep
|
|t:|1769365721
|switch|p1a: Jumpluff|Jumpluff, F|100/100
|turn|14
|
|t:|1769365731
|move|p1a: Jumpluff|Tera Blast|p2a: special delivery
|-damage|p2a: special delivery|1/100
|move|p2a: special delivery|Heat Wave|p1a: Jumpluff
|-supereffective|p1a: Jumpluff
|-damage|p1a: Jumpluff|19/100
|-status|p1a: Jumpluff|brn
|
|-damage|p1a: Jumpluff|13/100 brn|[from] brn
|upkeep
|turn|15
|
|t:|1769365749
|switch|p2a: my horse|Iron Crown|58/100
|move|p1a: Jumpluff|Tera Blast|p2a: my horse
|-resisted|p2a: my horse
|-damage|p2a: my horse|48/100
|
|-heal|p2a: my horse|55/100|[from] Grassy Terrain
|-damage|p1a: Jumpluff|7/100 brn|[from] brn
|upkeep
|turn|16
|
|t:|1769365765
|move|p1a: Jumpluff|Tera Blast|p2a: my horse
|-resisted|p2a: my horse
|-damage|p2a: my horse|45/100
|move|p2a: my horse|Psycho Cut|p1a: Jumpluff
|-damage|p1a: Jumpluff|0 fnt
|faint|p1a: Jumpluff
|
|-heal|p2a: my horse|51/100|[from] Grassy Terrain
|-fieldend|move: Grassy Terrain
|upkeep
|
|t:|1769365773
|switch|p1a: Lilligant|Lilligant, F|100/100
|turn|17
|
|t:|1769365783
|move|p1a: Lilligant|Sunny Day|p1a: Lilligant
|-weather|SunnyDay
|move|p2a: my horse|Leer|p1a: Lilligant
|-unboost|p1a: Lilligant|def|1
|
|-weather|SunnyDay|[upkeep]
|upkeep
|turn|18
|
|t:|1769365789
|move|p1a: Lilligant|Weather Ball|p2a: my horse
|-supereffective|p2a: my horse
|-damage|p2a: my horse|0 fnt
|faint|p2a: my horse
|-end|p2a: my horse|Quark Drive|[silent]
|
|-weather|SunnyDay|[upkeep]
|upkeep
|
|t:|1769365797
|switch|p2a: special delivery|Zapdos|1/100
|-ability|p2a: special delivery|Pressure
|turn|19
|
|t:|1769365804
|move|p1a: Lilligant|Weather Ball|p2a: special delivery
|-damage|p2a: special delivery|0 fnt
|faint|p2a: special delivery
|
|-weather|SunnyDay|[upkeep]
|upkeep
|
|t:|1769365812
|switch|p2a: Pecharunt|Pecharunt|36/100
|turn|20
|
|t:|1769365816
|move|p1a: Lilligant|Weather Ball|p2a: Pecharunt
|-damage|p2a: Pecharunt|0 fnt
|faint|p2a: Pecharunt
|
|-weather|SunnyDay|[upkeep]
|upkeep
|
|t:|1769365823
|switch|p2a: Primarina|Primarina, F|100/100
|turn|21
|
|t:|1769365833
|move|p1a: Lilligant|Giga Drain|p2a: Primarina
|-supereffective|p2a: Primarina
|-damage|p2a: Primarina|37/100
|move|p2a: Primarina|Snowscape|p2a: Primarina
|-weather|Snowscape
|
|-weather|Snowscape|[upkeep]
|-heal|p2a: Primarina|43/100|[from] item: Leftovers
|upkeep
|turn|22
|c|☆gabypro2306|NOOOOOO
|c|☆notaflamingo|lol so close
|c|☆notaflamingo|gg
|
|t:|1769365855
|move|p1a: Lilligant|Giga Drain|p2a: Primarina
|-supereffective|p2a: Primarina
|-damage|p2a: Primarina|0 fnt
|faint|p2a: Primarina
|
|win|notaflamingo
|raw|notaflamingo's rating: 1029 &rarr; <strong>1064</strong><br />(+35 for winning)
|raw|gabypro2306's rating: 1024 &rarr; <strong>1011</strong><br />(-13 for losing)
