|j|☆Testteambill
|j|☆I'm evil and spicy
|t:|1769347603
|gametype|singles
|player|p1|Testteambill|266|1571
|player|p2|I'm evil and spicy|elesa|1629
|gen|9
|tier|[Gen 9] OU
|rated|
|rule|HP Percentage Mod: HP is shown in percentages
|rule|Endless Battle Clause: Forcing endless battles is banned
|rule|Species Clause: Limit one of each Pokémon
|rule|OHKO Clause: OHKO moves are banned
|rule|Evasion Items Clause: Evasion items are banned
|rule|Evasion Moves Clause: Evasion moves are banned
|rule|Evasion Abilities Clause: Evasion abilities are banned
|rule|Sleep Moves Clause: Sleep-inducing moves are banned
|clearpoke
|poke|p1|Tinkaton, F|
|poke|p1|Serperior, M|
|poke|p1|Indeedee, M|
|poke|p1|Araquanid, F|
|poke|p1|Great Tusk|
|poke|p1|Hawlucha, F|
|poke|p2|Enamorus, F|
|poke|p2|Kingambit, M|
|poke|p2|Slowking-Galar, F|
|poke|p2|Dragapult, M|
|poke|p2|Corviknight, M|
|poke|p2|Great Tusk|
|teampreview
|inactive|Battle timer is ON: inactive players will automatically lose when time's up. (requested by Testteambill)
|inactive|I'm evil and spicy has 120 seconds left.
|
|t:|1769347651
|teamsize|p1|6
|teamsize|p2|6
|start
|switch|p1a: Araquanid|Araquanid, F, shiny|100/100
|switch|p2a: Corviknight|Corviknight, M|100/100
|-ability|p2a: Corviknight|Pressure
|turn|1
|
|t:|1769347665
|switch|p1a: Tinkaton|Tinkaton, F, shiny|100/100
|move|p2a: Corviknight|Brave Bird|p1a: Tinkaton
|-resisted|p1a: Tinkaton
|-damage|p1a: Tinkaton|86/100
|-damage|p2a: Corviknight|96/100|[from] Recoil
|
|-heal|p1a: Tinkaton|92/100|[from] item: Leftovers
|-heal|p2a: Corviknight|100/100|[from] item: Leftovers
|upkeep
|turn|2
|
|t:|1769347676
|switch|p2a: Great Tusk|Great Tusk|100/100
|move|p1a: Tinkaton|Stealth Rock|p2a: Great Tusk
|-sidestart|p2: I'm evil and spicy|move: Stealth Rock
|
|-heal|p1a: Tinkaton|98/100|[from] item: Leftovers
|upkeep
|turn|3
|
|t:|1769347687
|switch|p1a: Serperior|Serperior, M, shiny|100/100
|move|p2a: Great Tusk|Headlong Rush|p1a: Serperior
|-resisted|p1a: Serperior
|-damage|p1a: Serperior|66/100
|-unboost|p2a: Great Tusk|def|1
|-unboost|p2a: Great Tusk|spd|1
|
|-heal|p1a: Serperior|73/100|[from] item: Leftovers
|upkeep
|turn|4
|
|t:|1769347697
|-end|p2a: Great Tusk|Protosynthesis|[silent]
|switch|p2a: Corviknight|Corviknight, M|100/100
|-damage|p2a: Corviknight|88/100|[from] Stealth Rock
|-ability|p2a: Corviknight|Pressure
|move|p1a: Serperior|Glare|p2a: Corviknight
|-status|p2a: Corviknight|par
|
|-heal|p1a: Serperior|79/100|[from] item: Leftovers
|-heal|p2a: Corviknight|94/100 par|[from] item: Leftovers
|upkeep
|turn|5
|
|t:|1769347702
|move|p1a: Serperior|Leech Seed|p2a: Corviknight
|-start|p2a: Corviknight|move: Leech Seed
|move|p2a: Corviknight|U-turn|p1a: Serperior
|-supereffective|p1a: Serperior
|-damage|p1a: Serperior|47/100
|
|t:|1769347706
|switch|p2a: Dragapult|Dragapult, M|100/100|[from] U-turn
|-damage|p2a: Dragapult|88/100|[from] Stealth Rock
|
|-heal|p1a: Serperior|53/100|[from] item: Leftovers
|upkeep
|turn|6
|
|t:|1769347711
|switch|p1a: Tinkaton|Tinkaton, F, shiny|98/100
|move|p2a: Dragapult|U-turn|p1a: Tinkaton
|-resisted|p1a: Tinkaton
|-damage|p1a: Tinkaton|92/100
|
|t:|1769347715
|switch|p2a: Great Tusk|Great Tusk|100/100|[from] U-turn
|-damage|p2a: Great Tusk|97/100|[from] Stealth Rock
|
|-heal|p1a: Tinkaton|98/100|[from] item: Leftovers
|upkeep
|turn|7
|
|t:|1769347720
|move|p2a: Great Tusk|Knock Off|p1a: Tinkaton
|-resisted|p1a: Tinkaton
|-damage|p1a: Tinkaton|86/100
|-enditem|p1a: Tinkaton|Leftovers|[from] move: Knock Off|[of] p2a: Great Tusk
|-enditem|p2a: Great Tusk|Rocky Helmet|[silent]|[from] ability: Pickpocket|[of] p2a: Great Tusk
|-item|p1a: Tinkaton|Rocky Helmet|[from] ability: Pickpocket|[of] p2a: Great Tusk
|move|p1a: Tinkaton|Encore|p2a: Great Tusk
|-start|p2a: Great Tusk|Encore
|
|upkeep
|turn|8
|
|t:|1769347735
|-end|p2a: Great Tusk|Protosynthesis|[silent]
|switch|p2a: Corviknight|Corviknight, M|94/100 par
|-damage|p2a: Corviknight|82/100 par|[from] Stealth Rock
|-ability|p2a: Corviknight|Pressure
|switch|p1a: Serperior|Serperior, M, shiny|53/100
|
|-heal|p1a: Serperior|59/100|[from] item: Leftovers
|-heal|p2a: Corviknight|88/100 par|[from] item: Leftovers
|upkeep
|turn|9
|
|t:|1769347739
|move|p1a: Serperior|Substitute|p1a: Serperior
|-start|p1a: Serperior|Substitute
|-damage|p1a: Serperior|34/100
|move|p2a: Corviknight|U-turn|p1a: Serperior
|-supereffective|p1a: Serperior
|-end|p1a: Serperior|Substitute
|
|t:|1769347743
|switch|p2a: Dragapult|Dragapult, M|88/100|[from] U-turn
|-damage|p2a: Dragapult|76/100|[from] Stealth Rock
|
|-heal|p1a: Serperior|40/100|[from] item: Leftovers
|upkeep
|turn|10
|
|t:|1769347748
|switch|p1a: Tinkaton|Tinkaton, F, shiny|86/100
|move|p2a: Dragapult|U-turn|p1a: Tinkaton
|-resisted|p1a: Tinkaton
|-damage|p1a: Tinkaton|79/100
|-damage|p2a: Dragapult|59/100|[from] item: Rocky Helmet|[of] p1a: Tinkaton
|
|t:|1769347751
|switch|p2a: Great Tusk|Great Tusk|97/100|[from] U-turn
|-damage|p2a: Great Tusk|94/100|[from] Stealth Rock
|
|upkeep
|turn|11
|
|t:|1769347756
|move|p2a: Great Tusk|Headlong Rush|p1a: Tinkaton
|-supereffective|p1a: Tinkaton
|-damage|p1a: Tinkaton|0 fnt
|-unboost|p2a: Great Tusk|def|1
|-unboost|p2a: Great Tusk|spd|1
|-damage|p2a: Great Tusk|78/100|[from] item: Rocky Helmet|[of] p1a: Tinkaton
|faint|p1a: Tinkaton
|
|upkeep
|
|t:|1769347768
|switch|p1a: Araquanid|Araquanid, F, shiny|100/100
|turn|12
|
|t:|1769347783
|-end|p2a: Great Tusk|Protosynthesis|[silent]
|switch|p2a: Slowking|Slowking-Galar, F|100/100
|move|p1a: Araquanid|Liquidation|p2a: Slowking
|-damage|p2a: Slowking|27/100
|-unboost|p2a: Slowking|def|1
|
|upkeep
|turn|13
|
|t:|1769347792
|switch|p2a: Corviknight|Corviknight, M|88/100 par
|-damage|p2a: Corviknight|75/100 par|[from] Stealth Rock
|-ability|p2a: Corviknight|Pressure
|move|p1a: Araquanid|Sticky Web|p2a: Corviknight
|-sidestart|p2: I'm evil and spicy|move: Sticky Web
|
|-heal|p2a: Corviknight|82/100 par|[from] item: Leftovers
|upkeep
|turn|14
|
|t:|1769347804
|move|p1a: Araquanid|Liquidation|p2a: Corviknight
|-damage|p2a: Corviknight|43/100 par
|move|p2a: Corviknight|Defog|p1a: Araquanid
|-unboost|p1a: Araquanid|evasion|1
|-sideend|p2: I'm evil and spicy|Stealth Rock|[from] move: Defog|[of] p2a: Corviknight
|-sideend|p2: I'm evil and spicy|Sticky Web|[from] move: Defog|[of] p2a: Corviknight
|
|-heal|p2a: Corviknight|49/100 par|[from] item: Leftovers
|upkeep
|turn|15
|
|t:|1769347811
|move|p1a: Araquanid|Liquidation|p2a: Corviknight
|-damage|p2a: Corviknight|9/100 par
|-unboost|p2a: Corviknight|def|1
|move|p2a: Corviknight|Roost|p2a: Corviknight
|-heal|p2a: Corviknight|59/100 par
|-singleturn|p2a: Corviknight|move: Roost
|
|-heal|p2a: Corviknight|65/100 par|[from] item: Leftovers
|upkeep
|turn|16
|
|t:|1769347822
|move|p1a: Araquanid|Liquidation|p2a: Corviknight
|-damage|p2a: Corviknight|8/100 par
|move|p2a: Corviknight|U-turn|p1a: Araquanid
|-damage|p1a: Araquanid|86/100
|
|t:|1769347837
|switch|p2a: Dragapult|Dragapult, M|59/100|[from] U-turn
|
|upkeep
|turn|17
|
|t:|1769347848
|move|p2a: Dragapult|U-turn|p1a: Araquanid
|-damage|p1a: Araquanid|50/100
|
|t:|1769347860
|switch|p2a: Enamorus|Enamorus, F|100/100|[from] U-turn
|move|p1a: Araquanid|Sticky Web|p2a: Enamorus
|-sidestart|p2: I'm evil and spicy|move: Sticky Web
|
|upkeep
|turn|18
|
|t:|1769347868
|move|p2a: Enamorus|Moonblast|p1a: Araquanid
|-damage|p1a: Araquanid|0 fnt
|faint|p1a: Araquanid
|
|upkeep
|
|t:|1769347877
|switch|p1a: Indeedee|Indeedee, M, shiny|100/100
|-fieldstart|move: Psychic Terrain|[from] ability: Psychic Surge|[of] p1a: Indeedee
|turn|19
|
|t:|1769347891
|switch|p2a: Slowking|Slowking-Galar, F|60/100
|switch|p1a: Serperior|Serperior, M, shiny|40/100
|
|-heal|p1a: Serperior|47/100|[from] item: Leftovers
|upkeep
|turn|20
|
|t:|1769347897
|move|p1a: Serperior|Glare|p2a: Slowking
|-status|p2a: Slowking|par
|cant|p2a: Slowking|par
|
|-heal|p1a: Serperior|53/100|[from] item: Leftovers
|upkeep
|turn|21
|
|t:|1769347900
|move|p1a: Serperior|Substitute|p1a: Serperior
|-start|p1a: Serperior|Substitute
|-damage|p1a: Serperior|28/100
|move|p2a: Slowking|Sludge Bomb|p1a: Serperior
|-supereffective|p1a: Serperior
|-end|p1a: Serperior|Substitute
|
|-heal|p1a: Serperior|34/100|[from] item: Leftovers
|upkeep
|turn|22
|
|t:|1769347902
|move|p1a: Serperior|Substitute|p1a: Serperior
|-start|p1a: Serperior|Substitute
|-damage|p1a: Serperior|9/100
|move|p2a: Slowking|Sludge Bomb|p1a: Serperior
|-supereffective|p1a: Serperior
|-end|p1a: Serperior|Substitute
|
|-heal|p1a: Serperior|16/100|[from] item: Leftovers
|upkeep
|turn|23
|
|t:|1769347905
|move|p1a: Serperior|Leech Seed|p2a: Slowking
|-start|p2a: Slowking|move: Leech Seed
|move|p2a: Slowking|Sludge Bomb|p1a: Serperior
|-supereffective|p1a: Serperior
|-damage|p1a: Serperior|0 fnt
|faint|p1a: Serperior
|
|-fieldend|move: Psychic Terrain
|upkeep
|
|t:|1769347908
|switch|p1a: Indeedee|Indeedee, M, shiny|100/100
|-fieldstart|move: Psychic Terrain|[from] ability: Psychic Surge|[of] p1a: Indeedee
|turn|24
|
|t:|1769347913
|move|p1a: Indeedee|Trick|p2a: Slowking
|-activate|p1a: Indeedee|move: Trick|[of] p2a: Slowking
|-item|p2a: Slowking|Choice Specs|[from] move: Trick
|-item|p1a: Indeedee|Heavy-Duty Boots|[from] move: Trick
|move|p2a: Slowking|Future Sight|p1a: Indeedee
|-start|p2a: Slowking|move: Future Sight
|
|-damage|p2a: Slowking|48/100 par|[from] Leech Seed|[of] p1a: Indeedee
|upkeep
|turn|25
|
|t:|1769347925
|switch|p2a: Enamorus|Enamorus, F|100/100
|move|p1a: Indeedee|Expanding Force|p2a: Enamorus
|-damage|p2a: Enamorus|3/100
|
|upkeep
|turn|26
|inactive|I'm evil and spicy has 120 seconds left.
|
|t:|1769347972
|switch|p2a: Kingambit|Kingambit, M|100/100
|-activate|p2a: Kingambit|move: Sticky Web
|-unboost|p2a: Kingambit|spe|1
|move|p1a: Indeedee|Tera Blast|p2a: Kingambit
|-resisted|p2a: Kingambit
|-damage|p2a: Kingambit|80/100
|
|-end|p1a: Indeedee|move: Future Sight
|-resisted|p1a: Indeedee
|-damage|p1a: Indeedee|58/100
|-heal|p2a: Kingambit|87/100|[from] item: Leftovers
|upkeep
|turn|27
|
|t:|1769347988
|switch|p1a: Great Tusk|Great Tusk, shiny|100/100
|move|p2a: Kingambit|Iron Head|p1a: Great Tusk
|-damage|p1a: Great Tusk|68/100
|
|-heal|p2a: Kingambit|93/100|[from] item: Leftovers
|upkeep
|turn|28
|inactive|I'm evil and spicy has 90 seconds left.
|
|t:|1769348010
|-terastallize|p2a: Kingambit|Ghost
|move|p1a: Great Tusk|Ice Spinner|p2a: Kingambit
|-damage|p2a: Kingambit|66/100
|-fieldend|move: Psychic Terrain
|move|p2a: Kingambit|Swords Dance|p2a: Kingambit
|-boost|p2a: Kingambit|atk|2
|
|-heal|p2a: Kingambit|72/100|[from] item: Leftovers
|upkeep
|turn|29
|
|t:|1769348020
|move|p1a: Great Tusk|Headlong Rush|p2a: Kingambit
|-damage|p2a: Kingambit|12/100
|-unboost|p1a: Great Tusk|def|1
|-unboost|p1a: Great Tusk|spd|1
|move|p2a: Kingambit|Iron Head|p1a: Great Tusk
|-damage|p1a: Great Tusk|0 fnt
|faint|p1a: Great Tusk
|-end|p1a: Great Tusk|Protosynthesis|[silent]
|
|-heal|p2a: Kingambit|18/100|[from] item: Leftovers
|upkeep
|
|t:|1769348023
|switch|p1a: Indeedee|Indeedee, M, shiny|58/100
|-fieldstart|move: Psychic Terrain|[from] ability: Psychic Surge|[of] p1a: Indeedee
|turn|30
|
|t:|1769348032
|-end|p2a: Kingambit|fallenundefined|[silent]
|switch|p2a: Corviknight|Corviknight, M|8/100 par
|-ability|p2a: Corviknight|Pressure
|move|p1a: Indeedee|Expanding Force|p2a: Corviknight
|-resisted|p2a: Corviknight
|-damage|p2a: Corviknight|0 fnt
|faint|p2a: Corviknight
|
|upkeep
|
|t:|1769348039
|switch|p2a: Enamorus|Enamorus, F|3/100
|turn|31
|inactive|I'm evil and spicy has 90 seconds left.
|inactive|I'm evil and spicy has 60 seconds left.
|
|t:|1769348107
|move|p2a: Enamorus|Healing Wish|p2a: Enamorus
|faint|p2a: Enamorus
|move|p1a: Indeedee|Expanding Force|p2: Enamorus|[notarget]
|-fail|p1a: Indeedee
|
|upkeep
|
|t:|1769348111
|switch|p2a: Dragapult|Dragapult, M|59/100
|-heal|p2a: Dragapult|100/100|[from] move: Healing Wish
|-activate|p2a: Dragapult|move: Sticky Web
|-fail|p2a: Dragapult|unboost|[from] ability: Clear Body|[of] p2a: Dragapult
|turn|32
|j| Tb_cccc15
|inactive|I'm evil and spicy has 60 seconds left.
|
|t:|1769348125
|move|p2a: Dragapult|Dragon Darts|p1a: Indeedee
|-damage|p1a: Indeedee|0 fnt
|faint|p1a: Indeedee
|
|upkeep
|
|t:|1769348127
|switch|p1a: Hawlucha|Hawlucha, F, shiny|100/100
|-enditem|p1a: Hawlucha|Psychic Seed
|-boost|p1a: Hawlucha|spd|1|[from] item: Psychic Seed
|turn|33
|
|t:|1769348131
|-terastallize|p1a: Hawlucha|Steel
|move|p1a: Hawlucha|Swords Dance|p1a: Hawlucha
|-boost|p1a: Hawlucha|atk|2
|move|p2a: Dragapult|Dragon Darts|p1a: Hawlucha
|-resisted|p1a: Hawlucha
|-damage|p1a: Hawlucha|76/100
|-anim|p2a: Dragapult|Dragon Darts|p1a: Hawlucha
|-resisted|p1a: Hawlucha
|-damage|p1a: Hawlucha|49/100
|
|upkeep
|turn|34
|
|t:|1769348136
|move|p1a: Hawlucha|Acrobatics|p2a: Dragapult
|-damage|p2a: Dragapult|0 fnt
|faint|p2a: Dragapult
|
|-fieldend|move: Psychic Terrain
|upkeep
|
|t:|1769348140
|switch|p2a: Kingambit|Kingambit, M, tera:Ghost|18/100
|-activate|p2a: Kingambit|move: Sticky Web
|-unboost|p2a: Kingambit|spe|1
|-activate|p2a: Kingambit|ability: Supreme Overlord
|-start|p2a: Kingambit|fallen3|[silent]
|turn|35
|
|t:|1769348148
|move|p1a: Hawlucha|Swords Dance|p1a: Hawlucha
|-boost|p1a: Hawlucha|atk|2
|move|p2a: Kingambit|Kowtow Cleave|p1a: Hawlucha
|-damage|p1a: Hawlucha|0 fnt
|faint|p1a: Hawlucha
|
|win|I'm evil and spicy
|raw|Testteambill's rating: 1571 &rarr; <strong>1554</strong><br />(-17 for losing)
|raw|I&apos;m evil and spicy's rating: 1629 &rarr; <strong>1646</strong><br />(+17 for winning)
|l|☆Testteambill
|player|p1|
|l|☆I'm evil and spicy
|player|p2|
