|j|☆scrappyflamigo
|j|☆gen5latiossupreme
|t:|1769326622
|gametype|singles
|player|p1|scrappyflamigo|diantha|1463
|player|p2|gen5latiossupreme|brawly|1460
|gen|9
|tier|[Gen 9] OU
|rated|
|rule|HP Percentage Mod: HP is shown in percentages
|rule|Endless Battle Clause: Forcing endless battles is banned
|rule|Species Clause: Limit one of each Pokémon
|rule|OHKO Clause: OHKO moves are banned
|rule|Evasion Items Clause: Evasion items are banned
|rule|Evasion Moves Clause: Evasion moves are banned
|rule|Evasion Abilities Clause: Evasion abilities are banned
|rule|Sleep Moves Clause: Sleep-inducing moves are banned
|clearpoke
|poke|p1|Great Tusk|
|poke|p1|Pecharunt|
|poke|p1|Iron Valiant|
|poke|p1|Iron Crown|
|poke|p1|Samurott-Hisui, M|
|poke|p1|Dragonite, M|
|poke|p2|Ogerpon-Wellspring, F|
|poke|p2|Dragonite, F|
|poke|p2|Heatran, F|
|poke|p2|Kyurem|
|poke|p2|Weezing-Galar, M|
|poke|p2|Ting-Lu|
|teampreview
|inactive|Battle timer is ON: inactive players will automatically lose when time's up. (requested by gen5latiossupreme)
|inactive|scrappyflamigo has 120 seconds left.
|
|t:|1769326655
|teamsize|p1|6
|teamsize|p2|6
|start
|switch|p1a: Iron Crown|Iron Crown|100/100
|switch|p2a: Weezing|Weezing-Galar, M|100/100
|turn|1
|c|☆gen5latiossupreme|Damn i got anti anti lead
|c|☆scrappyflamigo|who did u think i would lead of with
|inactive|scrappyflamigo has 120 seconds left.
|c|☆gen5latiossupreme|Samu ?
|c|☆gen5latiossupreme|Spike spike spike ?
|c|☆gen5latiossupreme|Or tuskathy
|c|☆scrappyflamigo|then why didnt u lead kyurem
|c|☆gen5latiossupreme|Rocks
|inactive|scrappyflamigo has 90 seconds left.
|c|☆gen5latiossupreme|Tusk wouldve sent my kyurem to the shadow realm
|c|☆scrappyflamigo|are u serious
|inactive|scrappyflamigo has 60 seconds left.
|c|☆gen5latiossupreme|U dont know my build
|
|t:|1769326749
|switch|p2a: Heatran|Heatran, F|100/100
|move|p1a: Iron Crown|Volt Switch|p2a: Heatran
|-damage|p2a: Heatran|80/100
|c|☆gen5latiossupreme|My kyurem is different
|inactive|scrappyflamigo has 60 seconds left.
|c|☆scrappyflamigo|yep
|
|t:|1769326771
|-end|p1a: Iron Crown|Quark Drive|[silent]
|switch|p1a: Samurott|Samurott-Hisui, M, shiny|100/100|[from] Volt Switch
|
|-heal|p2a: Heatran|86/100|[from] item: Leftovers
|upkeep
|turn|2
|
|t:|1769326778
|-terastallize|p2a: Heatran|Grass
|move|p1a: Samurott|Ceaseless Edge|p2a: Heatran
|-damage|p2a: Heatran|34/100
|-sidestart|p2: gen5latiossupreme|Spikes
|move|p2a: Heatran|Tera Blast|p1a: Samurott|[anim] Tera Blast Grass
|-supereffective|p1a: Samurott
|-damage|p1a: Samurott|0 fnt
|faint|p1a: Samurott
|
|-heal|p2a: Heatran|41/100|[from] item: Leftovers
|upkeep
|c|☆scrappyflamigo|lmaooo
|c|☆gen5latiossupreme|🤷‍♂️
|inactive|scrappyflamigo has 30 seconds left.
|c|☆scrappyflamigo|new technology
|inactive|scrappyflamigo has 20 seconds left.
|c|☆gen5latiossupreme|Very old tech dude
|inactive|scrappyflamigo has 15 seconds left.
|inactive|scrappyflamigo has 10 seconds left.
|
|t:|1769326829
|switch|p1a: Iron Crown|Iron Crown|100/100
|turn|3
|inactive|scrappyflamigo has 20 seconds left this turn.
|l|☆gen5latiossupreme
|inactive|gen5latiossupreme disconnected and has a minute to reconnect!
|player|p2|
|c|☆scrappyflamigo|come back bro
|j|☆gen5latiossupreme
|inactive|gen5latiossupreme reconnected and has 130 seconds left.
|player|p2|gen5latiossupreme|brawly|
|inactive|gen5latiossupreme has 120 seconds left.
|
|t:|1769326862
|switch|p2a: Ting-Lu|Ting-Lu|100/100
|-damage|p2a: Ting-Lu|88/100|[from] Spikes
|-ability|p2a: Ting-Lu|Vessel of Ruin
|move|p1a: Iron Crown|Tachyon Cutter|p2a: Ting-Lu
|-damage|p2a: Ting-Lu|77/100
|-damage|p2a: Ting-Lu|66/100
|-hitcount|p2a: Ting-Lu|2
|
|-heal|p2a: Ting-Lu|72/100|[from] item: Leftovers
|upkeep
|turn|4
|inactive|scrappyflamigo has 30 seconds left this turn.
|inactive|scrappyflamigo has 20 seconds left.
|inactive|scrappyflamigo has 15 seconds left.
|inactive|scrappyflamigo has 10 seconds left.
|inactive|scrappyflamigo has 5 seconds left.
|
|t:|1769326887
|-end|p1a: Iron Crown|Quark Drive|[silent]
|switch|p1a: Dragonite|Dragonite, M|100/100
|move|p2a: Ting-Lu|Ruination|p1a: Dragonite
|-damage|p1a: Dragonite|51/100
|
|-heal|p2a: Ting-Lu|78/100|[from] item: Leftovers
|upkeep
|turn|5
|inactive|scrappyflamigo has 15 seconds left this turn.
|inactive|scrappyflamigo has 10 seconds left.
|
|t:|1769326893
|move|p1a: Dragonite|Dragon Dance|p1a: Dragonite
|-boost|p1a: Dragonite|atk|1
|-boost|p1a: Dragonite|spe|1
|move|p2a: Ting-Lu|Whirlwind|p1a: Dragonite
|drag|p1a: Iron Crown|Iron Crown|100/100
|
|-heal|p2a: Ting-Lu|84/100|[from] item: Leftovers
|upkeep
|turn|6
|inactive|scrappyflamigo has 20 seconds left this turn.
|inactive|scrappyflamigo has 15 seconds left.
|c|☆gen5latiossupreme|Nope
|inactive|scrappyflamigo has 10 seconds left.
|
|t:|1769326903
|-end|p1a: Iron Crown|Quark Drive|[silent]
|switch|p1a: Dragonite|Dragonite, M|51/100
|move|p2a: Ting-Lu|Ruination|p1a: Dragonite
|-damage|p1a: Dragonite|26/100
|
|-heal|p2a: Ting-Lu|91/100|[from] item: Leftovers
|upkeep
|turn|7
|inactive|scrappyflamigo has 20 seconds left this turn.
|inactive|scrappyflamigo has 15 seconds left.
|
|t:|1769326908
|move|p1a: Dragonite|Roost|p1a: Dragonite
|-heal|p1a: Dragonite|76/100
|-singleturn|p1a: Dragonite|move: Roost
|move|p2a: Ting-Lu|Whirlwind|p1a: Dragonite
|drag|p1a: Great Tusk|Great Tusk|100/100
|
|-heal|p2a: Ting-Lu|97/100|[from] item: Leftovers
|upkeep
|turn|8
|inactive|scrappyflamigo has 25 seconds left this turn.
|inactive|scrappyflamigo has 20 seconds left.
|c|☆scrappyflamigo|yup
|inactive|scrappyflamigo has 15 seconds left.
|inactive|scrappyflamigo has 10 seconds left.
|
|t:|1769326925
|move|p1a: Great Tusk|Stealth Rock|p2a: Ting-Lu
|-sidestart|p2: gen5latiossupreme|move: Stealth Rock
|move|p2a: Ting-Lu|Ruination|p1a: Great Tusk
|-damage|p1a: Great Tusk|51/100
|
|-heal|p2a: Ting-Lu|100/100|[from] item: Leftovers
|upkeep
|turn|9
|inactive|scrappyflamigo has 20 seconds left this turn.
|inactive|scrappyflamigo has 15 seconds left.
|
|t:|1769326932
|move|p1a: Great Tusk|Ice Spinner|p2a: Ting-Lu
|-supereffective|p2a: Ting-Lu
|-damage|p2a: Ting-Lu|72/100
|move|p2a: Ting-Lu|Ruination|p1a: Great Tusk
|-damage|p1a: Great Tusk|26/100
|
|-heal|p2a: Ting-Lu|78/100|[from] item: Leftovers
|upkeep
|turn|10
|inactive|scrappyflamigo has 25 seconds left this turn.
|inactive|scrappyflamigo has 20 seconds left.
|inactive|scrappyflamigo has 15 seconds left.
|
|t:|1769326942
|switch|p2a: Weezing|Weezing-Galar, M|100/100
|-damage|p2a: Weezing|88/100|[from] Stealth Rock
|move|p1a: Great Tusk|Headlong Rush|p2a: Weezing
|-immune|p2a: Weezing|[from] ability: Levitate
|
|-heal|p2a: Weezing|94/100|[from] item: Leftovers
|upkeep
|turn|11
|inactive|scrappyflamigo has 25 seconds left this turn.
|inactive|scrappyflamigo has 20 seconds left.
|c|☆gen5latiossupreme|Hehe
|inactive|scrappyflamigo has 15 seconds left.
|inactive|scrappyflamigo has 10 seconds left.
|c|☆scrappyflamigo|new technolgy
|inactive|scrappyflamigo has 5 seconds left.
|
|t:|1769326963
|move|p1a: Great Tusk|Rapid Spin|p2a: Weezing
|-damage|p2a: Weezing|83/100
|-boost|p1a: Great Tusk|spe|1
|move|p2a: Weezing|Defog|p1a: Great Tusk
|-unboost|p1a: Great Tusk|evasion|1
|-sideend|p2: gen5latiossupreme|Spikes|[from] move: Defog|[of] p2a: Weezing
|-sideend|p2: gen5latiossupreme|Stealth Rock|[from] move: Defog|[of] p2a: Weezing
|
|-heal|p2a: Weezing|89/100|[from] item: Leftovers
|upkeep
|turn|12
|inactive|scrappyflamigo has 15 seconds left this turn.
|inactive|scrappyflamigo has 10 seconds left.
|
|t:|1769326971
|move|p1a: Great Tusk|Stealth Rock|p2a: Weezing
|-sidestart|p2: gen5latiossupreme|move: Stealth Rock
|move|p2a: Weezing|Strange Steam|p1a: Great Tusk
|-supereffective|p1a: Great Tusk
|-crit|p1a: Great Tusk
|-damage|p1a: Great Tusk|0 fnt
|faint|p1a: Great Tusk
|-end|p1a: Great Tusk|Protosynthesis|[silent]
|
|-heal|p2a: Weezing|95/100|[from] item: Leftovers
|upkeep
|inactive|scrappyflamigo has 15 seconds left this turn.
|inactive|scrappyflamigo has 10 seconds left.
|inactive|scrappyflamigo has 5 seconds left.
|inactiveoff|Battle timer is now OFF.
|
|t:|1769326982
|switch|p1a: Iron Crown|Iron Crown|100/100
|turn|13
|
|t:|1769326997
|-end|p1a: Iron Crown|Quark Drive|[silent]
|switch|p1a: Iron Valiant|Iron Valiant, shiny|100/100
|switch|p2a: Ting-Lu|Ting-Lu|78/100
|-damage|p2a: Ting-Lu|72/100|[from] Stealth Rock
|-ability|p2a: Ting-Lu|Vessel of Ruin
|
|-heal|p2a: Ting-Lu|78/100|[from] item: Leftovers
|upkeep
|turn|14
|
|t:|1769327005
|move|p1a: Iron Valiant|Moonblast|p2a: Ting-Lu
|-supereffective|p2a: Ting-Lu
|-damage|p2a: Ting-Lu|24/100
|move|p2a: Ting-Lu|Earthquake|p1a: Iron Valiant
|-damage|p1a: Iron Valiant|53/100
|
|-heal|p2a: Ting-Lu|30/100|[from] item: Leftovers
|upkeep
|turn|15
|
|t:|1769327018
|switch|p2a: Weezing|Weezing-Galar, M|95/100
|-damage|p2a: Weezing|83/100|[from] Stealth Rock
|move|p1a: Iron Valiant|Moonblast|p2a: Weezing
|-resisted|p2a: Weezing
|-damage|p2a: Weezing|34/100
|
|-heal|p2a: Weezing|40/100|[from] item: Leftovers
|upkeep
|turn|16
|
|t:|1769327025
|move|p1a: Iron Valiant|Moonblast|p2a: Weezing
|-resisted|p2a: Weezing
|-damage|p2a: Weezing|0 fnt
|faint|p2a: Weezing
|
|upkeep
|
|t:|1769327030
|switch|p2a: Ogerpon|Ogerpon-Wellspring, F|100/100
|-damage|p2a: Ogerpon|88/100|[from] Stealth Rock
|turn|17
|
|t:|1769327046
|-end|p1a: Iron Valiant|Quark Drive|[silent]
|switch|p1a: Pecharunt|Pecharunt|100/100
|move|p2a: Ogerpon|Ivy Cudgel|p1a: Pecharunt|[anim] Ivy Cudgel Water
|-damage|p1a: Pecharunt|75/100
|
|upkeep
|turn|18
|c|☆scrappyflamigo|watch this
|
|t:|1769327058
|move|p2a: Ogerpon|Knock Off|p1a: Pecharunt
|-supereffective|p1a: Pecharunt
|-damage|p1a: Pecharunt|38/100
|-damage|p2a: Ogerpon|72/100|[from] item: Rocky Helmet|[of] p1a: Pecharunt
|-enditem|p1a: Pecharunt|Rocky Helmet|[from] move: Knock Off|[of] p2a: Ogerpon
|move|p1a: Pecharunt|Parting Shot|p2a: Ogerpon
|-unboost|p2a: Ogerpon|atk|1
|-unboost|p2a: Ogerpon|spa|1
|
|t:|1769327067
|switch|p1a: Iron Valiant|Iron Valiant, shiny|53/100|[from] Parting Shot
|
|upkeep
|turn|19
|
|t:|1769327071
|move|p1a: Iron Valiant|Moonblast|p2a: Ogerpon
|-damage|p2a: Ogerpon|0 fnt
|faint|p2a: Ogerpon
|
|upkeep
|
|t:|1769327075
|switch|p2a: Kyurem|Kyurem|100/100
|-damage|p2a: Kyurem|76/100|[from] Stealth Rock
|-ability|p2a: Kyurem|Pressure
|turn|20
|c|☆scrappyflamigo|scarf kyurem incoming
|
|t:|1769327088
|move|p1a: Iron Valiant|Moonblast|p2a: Kyurem
|-supereffective|p2a: Kyurem
|-damage|p2a: Kyurem|0 fnt
|faint|p2a: Kyurem
|
|upkeep
|
|t:|1769327091
|switch|p2a: Dragonite|Dragonite, F|100/100
|turn|21
|
|t:|1769327098
|move|p1a: Iron Valiant|Moonblast|p2a: Dragonite
|-supereffective|p2a: Dragonite
|-damage|p2a: Dragonite|25/100
|-unboost|p2a: Dragonite|spa|1
|move|p2a: Dragonite|Dragon Dance|p2a: Dragonite
|-boost|p2a: Dragonite|atk|1
|-boost|p2a: Dragonite|spe|1
|
|upkeep
|turn|22
|
|t:|1769327104
|move|p2a: Dragonite|Extreme Speed|p1a: Iron Valiant
|-damage|p1a: Iron Valiant|0 fnt
|faint|p1a: Iron Valiant
|-end|p1a: Iron Valiant|Quark Drive|[silent]
|
|upkeep
|
|t:|1769327121
|switch|p1a: Pecharunt|Pecharunt|38/100
|turn|23
|
|t:|1769327125
|move|p2a: Dragonite|Earthquake|p1a: Pecharunt
|-supereffective|p1a: Pecharunt
|-damage|p1a: Pecharunt|0 fnt
|faint|p1a: Pecharunt
|
|upkeep
|
|t:|1769327132
|switch|p1a: Dragonite|Dragonite, M|76/100
|turn|24
|c|☆gen5latiossupreme|Not trally man
|
|t:|1769327143
|-terastallize|p1a: Dragonite|Flying
|move|p2a: Dragonite|Extreme Speed|p1a: Dragonite
|-damage|p1a: Dragonite|24/100
|move|p1a: Dragonite|Tera Blast|p2a: Dragonite|[anim] Tera Blast Flying
|-damage|p2a: Dragonite|0 fnt
|faint|p2a: Dragonite
|
|upkeep
|
|t:|1769327147
|switch|p2a: Ting-Lu|Ting-Lu|30/100
|-damage|p2a: Ting-Lu|24/100|[from] Stealth Rock
|-ability|p2a: Ting-Lu|Vessel of Ruin
|turn|25
|
|t:|1769327153
|move|p1a: Dragonite|Tera Blast|p2a: Ting-Lu|[anim] Tera Blast Flying
|-damage|p2a: Ting-Lu|0 fnt
|faint|p2a: Ting-Lu
|
|upkeep
|c|☆gen5latiossupreme|Gg
|
|t:|1769327157
|switch|p2a: Heatran|Heatran, F, tera:Grass|41/100
|-damage|p2a: Heatran|28/100|[from] Stealth Rock
|turn|26
|c|☆gen5latiossupreme|Wp
|c|☆scrappyflamigo|the animation looks kinda cool
|c|☆scrappyflamigo|ggwp
|
|t:|1769327167
|move|p1a: Dragonite|Tera Blast|p2a: Heatran|[anim] Tera Blast Flying
|-supereffective|p2a: Heatran
|-damage|p2a: Heatran|0 fnt
|faint|p2a: Heatran
|
|win|scrappyflamigo
|raw|scrappyflamigo's rating: 1463 &rarr; <strong>1483</strong><br />(+20 for winning)
|raw|gen5latiossupreme's rating: 1460 &rarr; <strong>1440</strong><br />(-20 for losing)
