|j|☆humongous bertha
|j|☆niloswan
|t:|1769295191
|gametype|singles
|player|p1|humongous bertha|dawn-gen4pt|1621
|player|p2|niloswan|265|1538
|gen|9
|tier|[Gen 9] OU
|rated|
|rule|HP Percentage Mod: HP is shown in percentages
|rule|Endless Battle Clause: Forcing endless battles is banned
|rule|Species Clause: Limit one of each Pokémon
|rule|OHKO Clause: OHKO moves are banned
|rule|Evasion Items Clause: Evasion items are banned
|rule|Evasion Moves Clause: Evasion moves are banned
|rule|Evasion Abilities Clause: Evasion abilities are banned
|rule|Sleep Moves Clause: Sleep-inducing moves are banned
|clearpoke
|poke|p1|Great Tusk|
|poke|p1|Walking Wake|
|poke|p1|Kingambit, M|
|poke|p1|Venusaur, F|
|poke|p1|Ninetales, M|
|poke|p1|Raging Bolt|
|poke|p2|Slowbro, M|
|poke|p2|Tyranitar, M|
|poke|p2|Skarmory, M|
|poke|p2|Scizor, M|
|poke|p2|Dragapult, M|
|poke|p2|Great Tusk|
|teampreview
|inactive|Battle timer is ON: inactive players will automatically lose when time's up. (requested by humongous bertha)
|
|t:|1769295211
|teamsize|p1|6
|teamsize|p2|6
|start
|switch|p1a: Ninetales|Ninetales, M|100/100
|switch|p2a: Tyranitar|Tyranitar, M|100/100
|-weather|SunnyDay|[from] ability: Drought|[of] p1a: Ninetales
|-weather|Sandstorm|[from] ability: Sand Stream|[of] p2a: Tyranitar
|turn|1
|
|t:|1769295221
|move|p1a: Ninetales|Will-O-Wisp|p2a: Tyranitar
|-status|p2a: Tyranitar|brn
|move|p2a: Tyranitar|Knock Off|p1a: Ninetales
|-damage|p1a: Ninetales|79/100
|-enditem|p1a: Ninetales|Heat Rock|[from] move: Knock Off|[of] p2a: Tyranitar
|
|-weather|Sandstorm|[upkeep]
|-damage|p1a: Ninetales|73/100|[from] Sandstorm
|-damage|p2a: Tyranitar|94/100 brn|[from] brn
|upkeep
|turn|2
|
|t:|1769295234
|switch|p1a: Great Tusk|Great Tusk|100/100
|move|p2a: Tyranitar|Ice Beam|p1a: Great Tusk
|-supereffective|p1a: Great Tusk
|-damage|p1a: Great Tusk|60/100
|
|-weather|Sandstorm|[upkeep]
|-heal|p2a: Tyranitar|100/100 brn|[from] item: Leftovers
|-damage|p2a: Tyranitar|94/100 brn|[from] brn
|upkeep
|turn|3
|j| Imperium of man
|
|t:|1769295246
|switch|p2a: Skarmory|Skarmory, M|100/100
|move|p1a: Great Tusk|Close Combat|p2a: Skarmory
|-damage|p2a: Skarmory|60/100
|-unboost|p1a: Great Tusk|def|1
|-unboost|p1a: Great Tusk|spd|1
|-damage|p1a: Great Tusk|44/100|[from] item: Rocky Helmet|[of] p2a: Skarmory
|
|-weather|Sandstorm|[upkeep]
|upkeep
|turn|4
|
|t:|1769295257
|-end|p1a: Great Tusk|Protosynthesis|[silent]
|switch|p1a: Ninetales|Ninetales, M|73/100
|-weather|SunnyDay|[from] ability: Drought|[of] p1a: Ninetales
|move|p2a: Skarmory|Body Press|p1a: Ninetales
|-damage|p1a: Ninetales|37/100
|
|-weather|SunnyDay|[upkeep]
|upkeep
|turn|5
|
|t:|1769295266
|switch|p2a: Tyranitar|Tyranitar, M|94/100 brn
|-weather|Sandstorm|[from] ability: Sand Stream|[of] p2a: Tyranitar
|move|p1a: Ninetales|Will-O-Wisp|p2a: Tyranitar
|-fail|p2a: Tyranitar|brn
|
|-weather|Sandstorm|[upkeep]
|-damage|p1a: Ninetales|31/100|[from] Sandstorm
|-heal|p2a: Tyranitar|100/100 brn|[from] item: Leftovers
|-damage|p2a: Tyranitar|94/100 brn|[from] brn
|upkeep
|turn|6
|
|t:|1769295279
|switch|p1a: Great Tusk|Great Tusk|44/100
|move|p2a: Tyranitar|Stealth Rock|p1a: Great Tusk
|-sidestart|p1: humongous bertha|move: Stealth Rock
|
|-weather|Sandstorm|[upkeep]
|-heal|p2a: Tyranitar|100/100 brn|[from] item: Leftovers
|-damage|p2a: Tyranitar|94/100 brn|[from] brn
|upkeep
|turn|7
|
|t:|1769295289
|switch|p2a: Skarmory|Skarmory, M|60/100
|move|p1a: Great Tusk|Ice Spinner|p2a: Skarmory
|-damage|p2a: Skarmory|42/100
|-damage|p1a: Great Tusk|27/100|[from] item: Rocky Helmet|[of] p2a: Skarmory
|
|-weather|Sandstorm|[upkeep]
|upkeep
|turn|8
|
|t:|1769295300
|move|p1a: Great Tusk|Rapid Spin|p2a: Skarmory
|-resisted|p2a: Skarmory
|-damage|p2a: Skarmory|37/100
|-boost|p1a: Great Tusk|spe|1
|-damage|p1a: Great Tusk|11/100|[from] item: Rocky Helmet|[of] p2a: Skarmory
|-sideend|p1: humongous bertha|Stealth Rock|[from] move: Rapid Spin|[of] p1a: Great Tusk
|move|p2a: Skarmory|Roost|p2a: Skarmory
|-heal|p2a: Skarmory|87/100
|-singleturn|p2a: Skarmory|move: Roost
|
|-weather|Sandstorm|[upkeep]
|upkeep
|turn|9
|
|t:|1769295312
|-end|p1a: Great Tusk|Protosynthesis|[silent]
|switch|p1a: Ninetales|Ninetales, M|31/100
|-weather|SunnyDay|[from] ability: Drought|[of] p1a: Ninetales
|move|p2a: Skarmory|Spikes|p1a: Ninetales
|-sidestart|p1: humongous bertha|Spikes
|
|-weather|SunnyDay|[upkeep]
|upkeep
|turn|10
|
|t:|1769295321
|switch|p1a: Walking Wake|Walking Wake|100/100
|-damage|p1a: Walking Wake|88/100|[from] Spikes
|-activate|p1a: Walking Wake|ability: Protosynthesis
|-start|p1a: Walking Wake|protosynthesisspe
|switch|p2a: Tyranitar|Tyranitar, M|94/100 brn
|-weather|Sandstorm|[from] ability: Sand Stream|[of] p2a: Tyranitar
|-end|p1a: Walking Wake|Protosynthesis
|
|-weather|Sandstorm|[upkeep]
|-damage|p1a: Walking Wake|82/100|[from] Sandstorm
|-heal|p2a: Tyranitar|100/100 brn|[from] item: Leftovers
|-damage|p2a: Tyranitar|94/100 brn|[from] brn
|upkeep
|turn|11
|
|t:|1769295348
|move|p1a: Walking Wake|Hydro Steam|p2a: Tyranitar
|-supereffective|p2a: Tyranitar
|-damage|p2a: Tyranitar|42/100 brn
|move|p2a: Tyranitar|Thunder Wave|p1a: Walking Wake
|-status|p1a: Walking Wake|par
|
|-weather|Sandstorm|[upkeep]
|-damage|p1a: Walking Wake|76/100 par|[from] Sandstorm
|-heal|p2a: Tyranitar|49/100 brn|[from] item: Leftovers
|-damage|p2a: Tyranitar|42/100 brn|[from] brn
|upkeep
|turn|12
|l| Imperium of man
|
|t:|1769295366
|switch|p2a: Slowbro|Slowbro, M|100/100
|move|p1a: Walking Wake|Hydro Steam|p2a: Slowbro
|-resisted|p2a: Slowbro
|-damage|p2a: Slowbro|72/100
|
|-weather|Sandstorm|[upkeep]
|-damage|p1a: Walking Wake|70/100 par|[from] Sandstorm
|-damage|p2a: Slowbro|65/100|[from] Sandstorm
|-heal|p2a: Slowbro|72/100|[from] item: Leftovers
|upkeep
|turn|13
|inactive|niloswan has 120 seconds left.
|
|t:|1769295385
|-end|p1a: Walking Wake|Protosynthesis|[silent]
|switch|p1a: Great Tusk|Great Tusk|11/100
|-damage|p1a: Great Tusk|0 fnt|[from] Spikes
|faint|p1a: Great Tusk
|-end|p1a: Great Tusk|Protosynthesis|[silent]
|switch|p2a: Scizor|Scizor, M|100/100
|
|-weather|Sandstorm|[upkeep]
|upkeep
|
|t:|1769295414
|switch|p1a: Ninetales|Ninetales, M|31/100
|-damage|p1a: Ninetales|19/100|[from] Spikes
|-weather|SunnyDay|[from] ability: Drought|[of] p1a: Ninetales
|turn|14
|inactive|niloswan has 120 seconds left.
|
|t:|1769295431
|switch|p2a: Tyranitar|Tyranitar, M|42/100 brn
|-weather|Sandstorm|[from] ability: Sand Stream|[of] p2a: Tyranitar
|move|p1a: Ninetales|Healing Wish|p1a: Ninetales
|faint|p1a: Ninetales
|
|-weather|Sandstorm|[upkeep]
|-heal|p2a: Tyranitar|49/100 brn|[from] item: Leftovers
|-damage|p2a: Tyranitar|42/100 brn|[from] brn
|upkeep
|inactive|humongous bertha has 120 seconds left.
|
|t:|1769295460
|switch|p1a: Venusaur|Venusaur, F|100/100
|-damage|p1a: Venusaur|88/100|[from] Spikes
|turn|15
|
|t:|1769295473
|move|p1a: Venusaur|Giga Drain|p2a: Tyranitar
|-supereffective|p2a: Tyranitar
|-damage|p2a: Tyranitar|6/100 brn
|-heal|p1a: Venusaur|100/100|[from] drain|[of] p2a: Tyranitar
|-damage|p1a: Venusaur|91/100|[from] item: Life Orb
|move|p2a: Tyranitar|Stealth Rock|p1a: Venusaur
|-sidestart|p1: humongous bertha|move: Stealth Rock
|
|-weather|Sandstorm|[upkeep]
|-damage|p1a: Venusaur|85/100|[from] Sandstorm
|-heal|p2a: Tyranitar|12/100 brn|[from] item: Leftovers
|-damage|p2a: Tyranitar|6/100 brn|[from] brn
|upkeep
|turn|16
|inactive|niloswan has 120 seconds left.
|
|t:|1769295495
|switch|p2a: Dragapult|Dragapult, M|100/100
|move|p1a: Venusaur|Weather Ball|p2a: Dragapult
|-damage|p2a: Dragapult|48/100
|-damage|p1a: Venusaur|75/100|[from] item: Life Orb
|
|-weather|Sandstorm|[upkeep]
|-damage|p2a: Dragapult|42/100|[from] Sandstorm
|-damage|p1a: Venusaur|69/100|[from] Sandstorm
|upkeep
|turn|17
|inactive|niloswan has 120 seconds left.
|
|t:|1769295509
|move|p2a: Dragapult|U-turn|p1a: Venusaur
|-damage|p1a: Venusaur|25/100
|
|t:|1769295513
|switch|p2a: Scizor|Scizor, M|100/100|[from] U-turn
|move|p1a: Venusaur|Weather Ball|p2a: Scizor
|-damage|p2a: Scizor|55/100
|-damage|p1a: Venusaur|15/100|[from] item: Life Orb
|
|-weather|Sandstorm|[upkeep]
|-damage|p1a: Venusaur|9/100|[from] Sandstorm
|upkeep
|turn|18
|inactive|niloswan has 120 seconds left.
|
|t:|1769295525
|move|p2a: Scizor|Bullet Punch|p1a: Venusaur
|-damage|p1a: Venusaur|0 fnt
|faint|p1a: Venusaur
|
|-weather|none
|upkeep
|
|t:|1769295531
|switch|p1a: Walking Wake|Walking Wake|70/100 par
|-heal|p1a: Walking Wake|100/100|[from] move: Healing Wish
|-damage|p1a: Walking Wake|88/100|[from] Spikes
|-damage|p1a: Walking Wake|76/100|[from] Stealth Rock
|turn|19
|
|t:|1769295543
|switch|p2a: Tyranitar|Tyranitar, M|6/100 brn
|-weather|Sandstorm|[from] ability: Sand Stream|[of] p2a: Tyranitar
|move|p1a: Walking Wake|Flip Turn|p2a: Tyranitar
|-supereffective|p2a: Tyranitar
|-damage|p2a: Tyranitar|0 fnt
|faint|p2a: Tyranitar
|
|t:|1769295546
|-end|p1a: Walking Wake|Protosynthesis|[silent]
|switch|p1a: Kingambit|Kingambit, M|100/100|[from] Flip Turn
|-damage|p1a: Kingambit|88/100|[from] Spikes
|-damage|p1a: Kingambit|82/100|[from] Stealth Rock
|-activate|p1a: Kingambit|ability: Supreme Overlord
|-start|p1a: Kingambit|fallen3|[silent]
|
|-weather|Sandstorm|[upkeep]
|upkeep
|inactive|niloswan has 120 seconds left.
|
|t:|1769295565
|switch|p2a: Great Tusk|Great Tusk|100/100
|-enditem|p2a: Great Tusk|Booster Energy
|-activate|p2a: Great Tusk|ability: Protosynthesis|[fromitem]
|-start|p2a: Great Tusk|protosynthesisatk
|turn|20
|
|t:|1769295571
|-end|p1a: Kingambit|fallen3|[silent]
|switch|p1a: Raging Bolt|Raging Bolt|100/100
|-damage|p1a: Raging Bolt|88/100|[from] Stealth Rock
|-item|p1a: Raging Bolt|Air Balloon
|move|p2a: Great Tusk|Rapid Spin|p1a: Raging Bolt
|-damage|p1a: Raging Bolt|66/100
|-boost|p2a: Great Tusk|spe|1
|-enditem|p1a: Raging Bolt|Air Balloon
|
|-weather|Sandstorm|[upkeep]
|-damage|p1a: Raging Bolt|60/100|[from] Sandstorm
|upkeep
|turn|21
|inactive|niloswan has 120 seconds left.
|
|t:|1769295591
|move|p2a: Great Tusk|Headlong Rush|p1a: Raging Bolt
|-supereffective|p1a: Raging Bolt
|-damage|p1a: Raging Bolt|0 fnt
|-unboost|p2a: Great Tusk|def|1
|-unboost|p2a: Great Tusk|spd|1
|faint|p1a: Raging Bolt
|-end|p1a: Raging Bolt|Protosynthesis|[silent]
|
|-weather|Sandstorm|[upkeep]
|upkeep
|
|t:|1769295596
|switch|p1a: Walking Wake|Walking Wake|76/100
|-damage|p1a: Walking Wake|64/100|[from] Spikes
|-damage|p1a: Walking Wake|51/100|[from] Stealth Rock
|turn|22
|
|t:|1769295603
|move|p2a: Great Tusk|Headlong Rush|p1a: Walking Wake
|-damage|p1a: Walking Wake|0 fnt
|-unboost|p2a: Great Tusk|def|1
|-unboost|p2a: Great Tusk|spd|1
|faint|p1a: Walking Wake
|-end|p1a: Walking Wake|Protosynthesis|[silent]
|
|-weather|Sandstorm|[upkeep]
|upkeep
|
|t:|1769295605
|switch|p1a: Kingambit|Kingambit, M|82/100
|-damage|p1a: Kingambit|69/100|[from] Spikes
|-damage|p1a: Kingambit|63/100|[from] Stealth Rock
|-activate|p1a: Kingambit|ability: Supreme Overlord
|-start|p1a: Kingambit|fallen5|[silent]
|turn|23
|
|t:|1769295617
|-terastallize|p1a: Kingambit|Ghost
|move|p2a: Great Tusk|Headlong Rush|p1a: Kingambit
|-damage|p1a: Kingambit|5/100
|-unboost|p2a: Great Tusk|def|1
|-unboost|p2a: Great Tusk|spd|1
|move|p1a: Kingambit|Iron Head|p2a: Great Tusk
|-damage|p2a: Great Tusk|0 fnt
|faint|p2a: Great Tusk
|-end|p2a: Great Tusk|Protosynthesis|[silent]
|
|-weather|none
|upkeep
|
|t:|1769295630
|switch|p2a: Scizor|Scizor, M|55/100
|turn|24
|
|t:|1769295634
|move|p2a: Scizor|Bullet Punch|p1a: Kingambit
|-damage|p1a: Kingambit|0 fnt
|faint|p1a: Kingambit
|-end|p1a: Kingambit|fallen5|[silent]
|
|win|niloswan
|raw|humongous bertha's rating: 1621 &rarr; <strong>1596</strong><br />(-25 for losing)
|raw|niloswan's rating: 1538 &rarr; <strong>1563</strong><br />(+25 for winning)
|l|☆humongous bertha
|player|p1|
|l|☆niloswan
|player|p2|
