|j|☆aldrich_unfaithful
|j|☆fluffycool
|t:|1769353749
|gametype|singles
|player|p1|aldrich_unfaithful|veteranf|1500
|player|p2|fluffycool|schoolboy-gen2|1485
|gen|9
|tier|[Gen 9] OU
|rated|
|rule|HP Percentage Mod: HP is shown in percentages
|rule|Endless Battle Clause: Forcing endless battles is banned
|rule|Species Clause: Limit one of each Pokémon
|rule|OHKO Clause: OHKO moves are banned
|rule|Evasion Items Clause: Evasion items are banned
|rule|Evasion Moves Clause: Evasion moves are banned
|rule|Evasion Abilities Clause: Evasion abilities are banned
|rule|Sleep Moves Clause: Sleep-inducing moves are banned
|clearpoke
|poke|p1|Slowking-Galar, F|
|poke|p1|Iron Valiant|
|poke|p1|Gholdengo|
|poke|p1|Ogerpon-Wellspring, F|
|poke|p1|Landorus-Therian, M|
|poke|p1|Kingambit, F|
|poke|p2|Latios, M|
|poke|p2|Kingambit, M|
|poke|p2|Gliscor, F|
|poke|p2|Clodsire, M|
|poke|p2|Slowking, F|
|poke|p2|Dragapult, M|
|teampreview
|inactive|Battle timer is ON: inactive players will automatically lose when time's up. (requested by aldrich_unfaithful)
|inactive|fluffycool also wants the timer to be on.
|
|t:|1769353773
|teamsize|p1|6
|teamsize|p2|6
|start
|switch|p1a: Iron Valiant|Iron Valiant|100/100
|switch|p2a: Dragapult|Dragapult, M|100/100
|turn|1
|
|t:|1769353799
|-end|p1a: Iron Valiant|Quark Drive|[silent]
|switch|p1a: Kingambit|Kingambit, F|100/100
|move|p2a: Dragapult|U-turn|p1a: Kingambit
|-damage|p1a: Kingambit|86/100
|
|t:|1769353805
|switch|p2a: Gliscor|Gliscor, F|100/100|[from] U-turn
|
|-heal|p1a: Kingambit|92/100|[from] item: Leftovers
|-status|p2a: Gliscor|tox|[from] item: Toxic Orb
|upkeep
|turn|2
|
|t:|1769353812
|-end|p1a: Kingambit|fallenundefined|[silent]
|switch|p1a: Ogerpon|Ogerpon-Wellspring, F|100/100
|move|p2a: Gliscor|Knock Off|p1a: Ogerpon
|-damage|p1a: Ogerpon|81/100
|
|upkeep
|turn|3
|
|t:|1769353818
|move|p2a: Gliscor|Protect|p2a: Gliscor
|-singleturn|p2a: Gliscor|Protect
|move|p1a: Ogerpon|Knock Off|p2a: Gliscor
|-activate|p2a: Gliscor|move: Protect
|
|upkeep
|turn|4
|
|t:|1769353826
|move|p1a: Ogerpon|Ivy Cudgel|p2a: Gliscor|[anim] Ivy Cudgel Water
|-supereffective|p2a: Gliscor
|-damage|p2a: Gliscor|26/100 tox
|move|p2a: Gliscor|Earthquake|p1a: Ogerpon
|-resisted|p1a: Ogerpon
|-crit|p1a: Ogerpon
|-damage|p1a: Ogerpon|47/100
|
|-heal|p2a: Gliscor|38/100 tox|[from] ability: Poison Heal
|upkeep
|turn|5
|
|t:|1769353830
|move|p2a: Gliscor|Protect|p2a: Gliscor
|-singleturn|p2a: Gliscor|Protect
|move|p1a: Ogerpon|Swords Dance|p1a: Ogerpon
|-boost|p1a: Ogerpon|atk|2
|
|-heal|p2a: Gliscor|51/100 tox|[from] ability: Poison Heal
|upkeep
|turn|6
|
|t:|1769353853
|switch|p2a: Slowking|Slowking, F|100/100
|move|p1a: Ogerpon|Knock Off|p2a: Slowking
|-supereffective|p2a: Slowking
|-damage|p2a: Slowking|0 fnt
|-enditem|p2a: Slowking|Heavy-Duty Boots|[from] move: Knock Off|[of] p1a: Ogerpon
|faint|p2a: Slowking
|
|upkeep
|
|t:|1769353858
|switch|p2a: Dragapult|Dragapult, M|100/100
|turn|7
|inactive|aldrich_unfaithful has 120 seconds left.
|
|t:|1769353900
|-terastallize|p1a: Ogerpon|Water
|detailschange|p1a: Ogerpon|Ogerpon-Wellspring-Tera, F, tera:Water
|-ability|p1a: Ogerpon|Embody Aspect (Wellspring)|boost
|-boost|p1a: Ogerpon|spd|1
|move|p2a: Dragapult|Dragon Darts|p1a: Ogerpon
|-damage|p1a: Ogerpon|19/100
|-anim|p2a: Dragapult|Dragon Darts|p1a: Ogerpon
|-damage|p1a: Ogerpon|0 fnt
|faint|p1a: Ogerpon
|detailschange|p1: Ogerpon|Ogerpon-Wellspring, F|[silent]
|
|upkeep
|
|t:|1769353909
|switch|p1a: Iron Valiant|Iron Valiant|100/100
|turn|8
|
|t:|1769353913
|move|p2a: Dragapult|U-turn|p1a: Iron Valiant
|-resisted|p1a: Iron Valiant
|-damage|p1a: Iron Valiant|94/100
|
|t:|1769353915
|switch|p2a: Clodsire|Clodsire, M|100/100|[from] U-turn
|move|p1a: Iron Valiant|Moonblast|p2a: Clodsire
|-resisted|p2a: Clodsire
|-damage|p2a: Clodsire|89/100
|
|upkeep
|turn|9
|
|t:|1769353920
|-end|p1a: Iron Valiant|Quark Drive|[silent]
|switch|p1a: Slowking|Slowking-Galar, F|100/100
|move|p2a: Clodsire|Earthquake|p1a: Slowking
|-supereffective|p1a: Slowking
|-damage|p1a: Slowking|44/100
|
|upkeep
|turn|10
|
|t:|1769353926
|switch|p1a: Landorus|Landorus-Therian, M|100/100
|-ability|p1a: Landorus|Intimidate|boost
|-unboost|p2a: Clodsire|atk|1
|move|p2a: Clodsire|Stealth Rock|p1a: Landorus
|-sidestart|p1: aldrich_unfaithful|move: Stealth Rock
|
|upkeep
|turn|11
|
|t:|1769353930
|switch|p2a: Gliscor|Gliscor, F|51/100 tox
|move|p1a: Landorus|U-turn|p2a: Gliscor
|-resisted|p2a: Gliscor
|-damage|p2a: Gliscor|43/100 tox
|
|t:|1769353938
|switch|p1a: Gholdengo|Gholdengo|100/100|[from] U-turn
|-damage|p1a: Gholdengo|94/100|[from] Stealth Rock
|-item|p1a: Gholdengo|Air Balloon
|
|-heal|p2a: Gliscor|55/100 tox|[from] ability: Poison Heal
|upkeep
|turn|12
|
|t:|1769353941
|move|p2a: Gliscor|Protect|p2a: Gliscor
|-singleturn|p2a: Gliscor|Protect
|move|p1a: Gholdengo|Nasty Plot|p1a: Gholdengo
|-boost|p1a: Gholdengo|spa|2
|
|-heal|p2a: Gliscor|67/100 tox|[from] ability: Poison Heal
|upkeep
|turn|13
|
|t:|1769353955
|switch|p2a: Clodsire|Clodsire, M|89/100
|move|p1a: Gholdengo|Make It Rain|p2a: Clodsire
|-damage|p2a: Clodsire|57/100
|-unboost|p1a: Gholdengo|spa|1
|
|upkeep
|turn|14
|
|t:|1769353960
|move|p1a: Gholdengo|Nasty Plot|p1a: Gholdengo
|-boost|p1a: Gholdengo|spa|2
|move|p2a: Clodsire|Recover|p2a: Clodsire
|-heal|p2a: Clodsire|100/100
|
|upkeep
|turn|15
|
|t:|1769353967
|move|p1a: Gholdengo|Psyshock|p2a: Clodsire
|-supereffective|p2a: Clodsire
|-damage|p2a: Clodsire|32/100
|move|p2a: Clodsire|Earthquake|p1a: Gholdengo
|-immune|p1a: Gholdengo
|
|upkeep
|turn|16
|
|t:|1769353985
|switch|p2a: Dragapult|Dragapult, M|100/100
|move|p1a: Gholdengo|Make It Rain|p2a: Dragapult
|-damage|p2a: Dragapult|0 fnt
|-unboost|p1a: Gholdengo|spa|1
|faint|p2a: Dragapult
|
|upkeep
|
|t:|1769353993
|switch|p2a: Kingambit|Kingambit, M|100/100
|-activate|p2a: Kingambit|ability: Supreme Overlord
|-start|p2a: Kingambit|fallen2|[silent]
|turn|17
|
|t:|1769354005
|switch|p1a: Landorus|Landorus-Therian, M|100/100
|-damage|p1a: Landorus|88/100|[from] Stealth Rock
|-ability|p1a: Landorus|Intimidate|boost
|-unboost|p2a: Kingambit|atk|1
|move|p2a: Kingambit|Swords Dance|p2a: Kingambit
|-boost|p2a: Kingambit|atk|2
|
|upkeep
|turn|18
|
|t:|1769354010
|-end|p2a: Kingambit|fallen2|[silent]
|switch|p2a: Gliscor|Gliscor, F|67/100 tox
|move|p1a: Landorus|Earthquake|p2a: Gliscor
|-immune|p2a: Gliscor
|
|-heal|p2a: Gliscor|80/100 tox|[from] ability: Poison Heal
|upkeep
|turn|19
|
|t:|1769354033
|switch|p1a: Iron Valiant|Iron Valiant|94/100
|-damage|p1a: Iron Valiant|88/100|[from] Stealth Rock
|move|p2a: Gliscor|Protect||[still]
|-fail|p2a: Gliscor
|
|-heal|p2a: Gliscor|92/100 tox|[from] ability: Poison Heal
|upkeep
|turn|20
|
|t:|1769354043
|move|p2a: Gliscor|Protect|p2a: Gliscor
|-singleturn|p2a: Gliscor|Protect
|move|p1a: Iron Valiant|Moonblast|p2a: Gliscor
|-activate|p2a: Gliscor|move: Protect
|
|-heal|p2a: Gliscor|100/100 tox|[from] ability: Poison Heal
|upkeep
|turn|21
|
|t:|1769354048
|-end|p1a: Iron Valiant|Quark Drive|[silent]
|switch|p1a: Gholdengo|Gholdengo|94/100
|-damage|p1a: Gholdengo|88/100|[from] Stealth Rock
|-item|p1a: Gholdengo|Air Balloon
|switch|p2a: Clodsire|Clodsire, M|32/100
|
|upkeep
|turn|22
|
|t:|1769354061
|switch|p1a: Iron Valiant|Iron Valiant|88/100
|-damage|p1a: Iron Valiant|82/100|[from] Stealth Rock
|move|p2a: Clodsire|Recover|p2a: Clodsire
|-heal|p2a: Clodsire|82/100
|
|upkeep
|turn|23
|
|t:|1769354067
|-end|p1a: Iron Valiant|Quark Drive|[silent]
|switch|p1a: Gholdengo|Gholdengo|88/100
|-damage|p1a: Gholdengo|82/100|[from] Stealth Rock
|-item|p1a: Gholdengo|Air Balloon
|move|p2a: Clodsire|Toxic|p1a: Gholdengo
|-immune|p1a: Gholdengo|[from] ability: Good as Gold
|
|upkeep
|turn|24
|
|t:|1769354072
|switch|p1a: Iron Valiant|Iron Valiant|82/100
|-damage|p1a: Iron Valiant|76/100|[from] Stealth Rock
|switch|p2a: Gliscor|Gliscor, F|100/100 tox
|
|upkeep
|turn|25
|
|t:|1769354077
|-end|p1a: Iron Valiant|Quark Drive|[silent]
|switch|p1a: Gholdengo|Gholdengo|82/100
|-damage|p1a: Gholdengo|76/100|[from] Stealth Rock
|-item|p1a: Gholdengo|Air Balloon
|move|p2a: Gliscor|Protect||[still]
|-fail|p2a: Gliscor
|
|upkeep
|turn|26
|
|t:|1769354081
|move|p1a: Gholdengo|Nasty Plot|p1a: Gholdengo
|-boost|p1a: Gholdengo|spa|2
|move|p2a: Gliscor|Knock Off|p1a: Gholdengo
|-supereffective|p1a: Gholdengo
|-damage|p1a: Gholdengo|31/100
|-enditem|p1a: Gholdengo|Air Balloon
|
|upkeep
|turn|27
|
|t:|1769354084
|move|p2a: Gliscor|Protect|p2a: Gliscor
|-singleturn|p2a: Gliscor|Protect
|move|p1a: Gholdengo|Make It Rain|p2a: Gliscor
|-activate|p2a: Gliscor|move: Protect
|
|upkeep
|turn|28
|
|t:|1769354087
|switch|p2a: Clodsire|Clodsire, M|82/100
|move|p1a: Gholdengo|Make It Rain|p2a: Clodsire
|-damage|p2a: Clodsire|47/100
|-unboost|p1a: Gholdengo|spa|1
|
|upkeep
|turn|29
|
|t:|1769354098
|-terastallize|p2a: Clodsire|Dark
|move|p1a: Gholdengo|Psyshock|p2a: Clodsire
|-immune|p2a: Clodsire
|move|p2a: Clodsire|Recover|p2a: Clodsire
|-heal|p2a: Clodsire|97/100
|
|upkeep
|turn|30
|
|t:|1769354112
|switch|p1a: Landorus|Landorus-Therian, M|88/100
|-damage|p1a: Landorus|76/100|[from] Stealth Rock
|-ability|p1a: Landorus|Intimidate|boost
|-unboost|p2a: Clodsire|atk|1
|move|p2a: Clodsire|Earthquake|p1a: Landorus
|-immune|p1a: Landorus
|
|upkeep
|turn|31
|
|t:|1769354117
|move|p1a: Landorus|Stealth Rock|p2a: Clodsire
|-sidestart|p2: fluffycool|move: Stealth Rock
|move|p2a: Clodsire|Toxic|p1a: Landorus
|-status|p1a: Landorus|tox
|
|-damage|p1a: Landorus|70/100 tox|[from] psn
|upkeep
|turn|32
|
|t:|1769354127
|switch|p1a: Gholdengo|Gholdengo|31/100
|-damage|p1a: Gholdengo|25/100|[from] Stealth Rock
|switch|p2a: Gliscor|Gliscor, F|100/100 tox
|-damage|p2a: Gliscor|88/100 tox|[from] Stealth Rock
|
|-heal|p2a: Gliscor|100/100 tox|[from] ability: Poison Heal
|upkeep
|turn|33
|
|t:|1769354132
|move|p1a: Gholdengo|Make It Rain|p2a: Gliscor
|-damage|p2a: Gliscor|22/100 tox
|-unboost|p1a: Gholdengo|spa|1
|move|p2a: Gliscor|Earthquake|p1a: Gholdengo
|-supereffective|p1a: Gholdengo
|-crit|p1a: Gholdengo
|-damage|p1a: Gholdengo|0 fnt
|faint|p1a: Gholdengo
|
|-heal|p2a: Gliscor|34/100 tox|[from] ability: Poison Heal
|upkeep
|
|t:|1769354139
|switch|p1a: Kingambit|Kingambit, F|92/100
|-damage|p1a: Kingambit|86/100|[from] Stealth Rock
|-activate|p1a: Kingambit|ability: Supreme Overlord
|-start|p1a: Kingambit|fallen2|[silent]
|turn|34
|
|t:|1769354142
|move|p2a: Gliscor|Earthquake|p1a: Kingambit
|-supereffective|p1a: Kingambit
|-damage|p1a: Kingambit|41/100
|move|p1a: Kingambit|Swords Dance|p1a: Kingambit
|-boost|p1a: Kingambit|atk|2
|
|-heal|p1a: Kingambit|47/100|[from] item: Leftovers
|-heal|p2a: Gliscor|47/100 tox|[from] ability: Poison Heal
|upkeep
|turn|35
|
|t:|1769354147
|move|p2a: Gliscor|Protect|p2a: Gliscor
|-singleturn|p2a: Gliscor|Protect
|move|p1a: Kingambit|Swords Dance|p1a: Kingambit
|-boost|p1a: Kingambit|atk|2
|
|-heal|p1a: Kingambit|53/100|[from] item: Leftovers
|-heal|p2a: Gliscor|59/100 tox|[from] ability: Poison Heal
|upkeep
|turn|36
|
|t:|1769354154
|move|p1a: Kingambit|Sucker Punch|p2a: Gliscor
|-damage|p2a: Gliscor|0 fnt
|faint|p2a: Gliscor
|
|-heal|p1a: Kingambit|59/100|[from] item: Leftovers
|upkeep
|
|t:|1769354157
|switch|p2a: Kingambit|Kingambit, M|100/100
|-activate|p2a: Kingambit|ability: Supreme Overlord
|-start|p2a: Kingambit|fallen3|[silent]
|turn|37
|
|t:|1769354164
|move|p2a: Kingambit|Low Kick|p1a: Kingambit
|-supereffective|p1a: Kingambit
|-damage|p1a: Kingambit|0 fnt
|faint|p1a: Kingambit
|-end|p1a: Kingambit|fallen2|[silent]
|
|upkeep
|
|t:|1769354166
|switch|p1a: Iron Valiant|Iron Valiant|76/100
|-damage|p1a: Iron Valiant|69/100|[from] Stealth Rock
|turn|38
|
|t:|1769354170
|-end|p2a: Kingambit|fallen3|[silent]
|switch|p2a: Clodsire|Clodsire, M, tera:Dark|97/100
|move|p1a: Iron Valiant|Close Combat|p2a: Clodsire
|-supereffective|p2a: Clodsire
|-damage|p2a: Clodsire|0 fnt
|-unboost|p1a: Iron Valiant|def|1
|-unboost|p1a: Iron Valiant|spd|1
|faint|p2a: Clodsire
|
|upkeep
|
|t:|1769354177
|switch|p2a: Latios|Latios, M|100/100
|-damage|p2a: Latios|88/100|[from] Stealth Rock
|turn|39
|
|t:|1769354186
|-end|p1a: Iron Valiant|Quark Drive|[silent]
|switch|p1a: Slowking|Slowking-Galar, F|77/100
|move|p2a: Latios|Calm Mind|p2a: Latios
|-boost|p2a: Latios|spa|1
|-boost|p2a: Latios|spd|1
|
|upkeep
|turn|40
|
|t:|1769354198
|move|p2a: Latios|Draco Meteor|p1a: Slowking
|-damage|p1a: Slowking|3/100
|-unboost|p2a: Latios|spa|2
|-prepare|p1a: Slowking|Chilly Reception|[premajor]
|move|p1a: Slowking|Chilly Reception|p1a: Slowking
|-weather|Snowscape
|
|t:|1769354204
|switch|p1a: Landorus|Landorus-Therian, M|70/100 tox|[from] Chilly Reception
|-damage|p1a: Landorus|58/100 tox|[from] Stealth Rock
|-ability|p1a: Landorus|Intimidate|boost
|-unboost|p2a: Latios|atk|1
|
|-weather|Snowscape|[upkeep]
|-damage|p1a: Landorus|52/100 tox|[from] psn
|upkeep
|turn|41
|
|t:|1769354207
|move|p1a: Landorus|U-turn|p2a: Latios
|-supereffective|p2a: Latios
|-damage|p2a: Latios|18/100
|
|t:|1769354209
|switch|p1a: Slowking|Slowking-Galar, F|37/100|[from] U-turn
|move|p2a: Latios|Calm Mind|p2a: Latios
|-boost|p2a: Latios|spa|1
|-boost|p2a: Latios|spd|1
|
|-weather|Snowscape|[upkeep]
|upkeep
|turn|42
|
|t:|1769354214
|move|p2a: Latios|Recover|p2a: Latios
|-heal|p2a: Latios|68/100
|-prepare|p1a: Slowking|Chilly Reception|[premajor]
|move|p1a: Slowking|Chilly Reception|p1a: Slowking
|
|t:|1769354217
|switch|p1a: Landorus|Landorus-Therian, M|52/100 tox|[from] Chilly Reception
|-damage|p1a: Landorus|40/100 tox|[from] Stealth Rock
|-ability|p1a: Landorus|Intimidate|boost
|-unboost|p2a: Latios|atk|1
|
|-weather|Snowscape|[upkeep]
|-damage|p1a: Landorus|34/100 tox|[from] psn
|upkeep
|turn|43
|
|t:|1769354222
|move|p1a: Landorus|U-turn|p2a: Latios
|-supereffective|p2a: Latios
|-damage|p2a: Latios|1/100
|
|t:|1769354224
|switch|p1a: Slowking|Slowking-Galar, F|70/100|[from] U-turn
|move|p2a: Latios|Psychic Noise|p1a: Slowking
|-damage|p1a: Slowking|41/100
|-start|p1a: Slowking|move: Heal Block
|
|-weather|Snowscape|[upkeep]
|upkeep
|turn|44
|
|t:|1769354229
|move|p2a: Latios|Recover|p2a: Latios
|-heal|p2a: Latios|52/100
|-prepare|p1a: Slowking|Chilly Reception|[premajor]
|move|p1a: Slowking|Chilly Reception|p1a: Slowking
|
|t:|1769354231
|switch|p1a: Landorus|Landorus-Therian, M|34/100 tox|[from] Chilly Reception
|-damage|p1a: Landorus|22/100 tox|[from] Stealth Rock
|-ability|p1a: Landorus|Intimidate|boost
|-unboost|p2a: Latios|atk|1
|
|-weather|none
|-damage|p1a: Landorus|16/100 tox|[from] psn
|upkeep
|turn|45
|
|t:|1769354238
|switch|p2a: Kingambit|Kingambit, M|100/100
|-activate|p2a: Kingambit|ability: Supreme Overlord
|-start|p2a: Kingambit|fallen4|[silent]
|move|p1a: Landorus|U-turn|p2a: Kingambit
|-damage|p2a: Kingambit|77/100
|
|t:|1769354242
|switch|p1a: Iron Valiant|Iron Valiant|69/100|[from] U-turn
|-damage|p1a: Iron Valiant|63/100|[from] Stealth Rock
|
|upkeep
|turn|46
|
|t:|1769354249
|move|p1a: Iron Valiant|Close Combat|p2a: Kingambit
|-supereffective|p2a: Kingambit
|-damage|p2a: Kingambit|0 fnt
|-unboost|p1a: Iron Valiant|def|1
|-unboost|p1a: Iron Valiant|spd|1
|faint|p2a: Kingambit
|-end|p2a: Kingambit|fallen4|[silent]
|
|upkeep
|
|t:|1769354253
|switch|p2a: Latios|Latios, M|52/100
|-damage|p2a: Latios|39/100|[from] Stealth Rock
|turn|47
|
|t:|1769354255
|move|p1a: Iron Valiant|Moonblast|p2a: Latios
|-supereffective|p2a: Latios
|-damage|p2a: Latios|0 fnt
|faint|p2a: Latios
|
|win|aldrich_unfaithful
|raw|aldrich_unfaithful's rating: 1500 &rarr; <strong>1519</strong><br />(+19 for winning)
|raw|fluffycool's rating: 1485 &rarr; <strong>1466</strong><br />(-19 for losing)
|l|☆aldrich_unfaithful
|player|p1|
