|j|☆MfxxkingReal
|j|☆kookabura7
|t:|1769343582
|gametype|singles
|player|p1|MfxxkingReal|169|1396
|player|p2|kookabura7|hilbert|1417
|gen|9
|tier|[Gen 9] OU
|rated|
|rule|HP Percentage Mod: HP is shown in percentages
|rule|Endless Battle Clause: Forcing endless battles is banned
|rule|Species Clause: Limit one of each Pokémon
|rule|OHKO Clause: OHKO moves are banned
|rule|Evasion Items Clause: Evasion items are banned
|rule|Evasion Moves Clause: Evasion moves are banned
|rule|Evasion Abilities Clause: Evasion abilities are banned
|rule|Sleep Moves Clause: Sleep-inducing moves are banned
|clearpoke
|poke|p1|Darkrai|
|poke|p1|Dragonite, F|
|poke|p1|Glimmora, M|
|poke|p1|Great Tusk|
|poke|p1|Ogerpon-Wellspring, F|
|poke|p1|Clefable, F|
|poke|p2|Gliscor, M|
|poke|p2|Kommo-o, M|
|poke|p2|Suicune|
|poke|p2|Iron Valiant|
|poke|p2|Heatran, M|
|poke|p2|Corviknight, F|
|teampreview
|inactive|Battle timer is ON: inactive players will automatically lose when time's up. (requested by kookabura7)
|
|t:|1769343613
|teamsize|p1|6
|teamsize|p2|6
|start
|switch|p1a: Great Tusk|Great Tusk|100/100
|switch|p2a: Heatran|Heatran, M|100/100
|turn|1
|
|t:|1769343617
|switch|p2a: Corviknight|Corviknight, F|100/100
|-ability|p2a: Corviknight|Pressure
|move|p1a: Great Tusk|Earthquake|p2a: Corviknight
|-immune|p2a: Corviknight
|
|upkeep
|turn|2
|
|t:|1769343622
|-end|p1a: Great Tusk|Protosynthesis|[silent]
|switch|p1a: Clefable|Clefable, F|100/100
|move|p2a: Corviknight|U-turn|p1a: Clefable
|-resisted|p1a: Clefable
|-damage|p1a: Clefable|93/100
|
|t:|1769343628
|switch|p2a: Suicune|Suicune|100/100|[from] U-turn
|-ability|p2a: Suicune|Pressure
|
|upkeep
|turn|3
|
|t:|1769343631
|move|p2a: Suicune|Substitute|p2a: Suicune
|-start|p2a: Suicune|Substitute
|-damage|p2a: Suicune|75/100
|move|p1a: Clefable|Light Screen|p1a: Clefable
|-sidestart|p1: MfxxkingReal|move: Light Screen
|
|-heal|p2a: Suicune|82/100|[from] item: Leftovers
|upkeep
|turn|4
|
|t:|1769343635
|move|p2a: Suicune|Calm Mind|p2a: Suicune
|-boost|p2a: Suicune|spa|1
|-boost|p2a: Suicune|spd|1
|move|p1a: Clefable|Moonblast|p2a: Suicune
|-activate|p2a: Suicune|move: Substitute|[damage]
|
|-heal|p2a: Suicune|88/100|[from] item: Leftovers
|upkeep
|turn|5
|
|t:|1769343639
|switch|p1a: Ogerpon|Ogerpon-Wellspring, F|100/100
|move|p2a: Suicune|Calm Mind|p2a: Suicune
|-boost|p2a: Suicune|spa|1
|-boost|p2a: Suicune|spd|1
|
|-heal|p2a: Suicune|94/100|[from] item: Leftovers
|upkeep
|turn|6
|
|t:|1769343643
|move|p1a: Ogerpon|Encore|p2a: Suicune
|-start|p2a: Suicune|Encore
|move|p2a: Suicune|Calm Mind|p2a: Suicune
|-boost|p2a: Suicune|spa|1
|-boost|p2a: Suicune|spd|1
|
|-heal|p2a: Suicune|99/100|[from] item: Leftovers
|upkeep
|turn|7
|
|t:|1769343646
|switch|p2a: Corviknight|Corviknight, F|100/100
|-ability|p2a: Corviknight|Pressure
|move|p1a: Ogerpon|Horn Leech|p2a: Corviknight
|-resisted|p2a: Corviknight
|-damage|p2a: Corviknight|93/100
|-damage|p1a: Ogerpon|84/100|[from] item: Rocky Helmet|[of] p2a: Corviknight
|
|-sideend|p1: MfxxkingReal|move: Light Screen
|upkeep
|turn|8
|
|t:|1769343650
|-terastallize|p1a: Ogerpon|Water
|detailschange|p1a: Ogerpon|Ogerpon-Wellspring-Tera, F, tera:Water
|-ability|p1a: Ogerpon|Embody Aspect (Wellspring)|boost
|-boost|p1a: Ogerpon|spd|1
|move|p1a: Ogerpon|Ivy Cudgel|p2a: Corviknight|[anim] Ivy Cudgel Water
|-damage|p2a: Corviknight|50/100
|move|p2a: Corviknight|U-turn|p1a: Ogerpon
|-damage|p1a: Ogerpon|64/100
|
|t:|1769343661
|switch|p2a: Iron Valiant|Iron Valiant|100/100|[from] U-turn
|-enditem|p2a: Iron Valiant|Booster Energy
|-activate|p2a: Iron Valiant|ability: Quark Drive|[fromitem]
|-start|p2a: Iron Valiant|quarkdrivespe
|
|upkeep
|turn|9
|
|t:|1769343664
|switch|p1a: Glimmora|Glimmora, M|100/100
|-terastallize|p2a: Iron Valiant|Electric
|move|p2a: Iron Valiant|Thunderbolt|p1a: Glimmora
|-damage|p1a: Glimmora|46/100
|
|upkeep
|turn|10
|
|t:|1769343673
|switch|p1a: Clefable|Clefable, F|93/100
|move|p2a: Iron Valiant|Thunderbolt|p1a: Clefable
|-damage|p1a: Clefable|61/100
|
|upkeep
|turn|11
|
|t:|1769343678
|move|p2a: Iron Valiant|Calm Mind|p2a: Iron Valiant
|-boost|p2a: Iron Valiant|spa|1
|-boost|p2a: Iron Valiant|spd|1
|move|p1a: Clefable|Light Screen|p1a: Clefable
|-sidestart|p1: MfxxkingReal|move: Light Screen
|
|upkeep
|turn|12
|
|t:|1769343683
|move|p2a: Iron Valiant|Thunderbolt|p1a: Clefable
|-damage|p1a: Clefable|39/100
|move|p1a: Clefable|Healing Wish|p1a: Clefable
|faint|p1a: Clefable
|
|upkeep
|
|t:|1769343686
|switch|p1a: Glimmora|Glimmora, M|46/100
|-heal|p1a: Glimmora|100/100|[from] move: Healing Wish
|turn|13
|
|t:|1769343690
|-end|p2a: Iron Valiant|Quark Drive|[silent]
|switch|p2a: Gliscor|Gliscor, M|100/100
|move|p1a: Glimmora|Mortal Spin|p2a: Gliscor
|-resisted|p2a: Gliscor
|-damage|p2a: Gliscor|98/100
|-status|p2a: Gliscor|psn
|
|-heal|p2a: Gliscor|100/100 psn|[from] ability: Poison Heal
|upkeep
|turn|14
|
|t:|1769343694
|switch|p1a: Ogerpon|Ogerpon-Wellspring-Tera, F, tera:Water|64/100
|-ability|p1a: Ogerpon|Embody Aspect (Wellspring)|boost
|-boost|p1a: Ogerpon|spd|1
|move|p2a: Gliscor|Earthquake|p1a: Ogerpon
|-damage|p1a: Ogerpon|19/100
|
|upkeep
|turn|15
|
|t:|1769343704
|move|p1a: Ogerpon|Ivy Cudgel|p2a: Gliscor|[anim] Ivy Cudgel Water
|-supereffective|p2a: Gliscor
|-damage|p2a: Gliscor|0 fnt
|faint|p2a: Gliscor
|
|-sideend|p1: MfxxkingReal|move: Light Screen
|upkeep
|
|t:|1769343708
|switch|p2a: Iron Valiant|Iron Valiant, tera:Electric|100/100
|turn|16
|
|t:|1769343714
|switch|p1a: Great Tusk|Great Tusk|100/100
|move|p2a: Iron Valiant|Thunderbolt|p1a: Great Tusk
|-immune|p1a: Great Tusk
|
|upkeep
|turn|17
|
|t:|1769343717
|-end|p2a: Iron Valiant|Quark Drive|[silent]
|switch|p2a: Corviknight|Corviknight, F|50/100
|-ability|p2a: Corviknight|Pressure
|move|p1a: Great Tusk|Earthquake|p2a: Corviknight
|-immune|p2a: Corviknight
|
|upkeep
|turn|18
|
|t:|1769343721
|-end|p1a: Great Tusk|Protosynthesis|[silent]
|switch|p1a: Darkrai|Darkrai|100/100
|move|p2a: Corviknight|U-turn|p1a: Darkrai
|-supereffective|p1a: Darkrai
|-damage|p1a: Darkrai|63/100
|
|t:|1769343727
|switch|p2a: Heatran|Heatran, M|100/100|[from] U-turn
|
|upkeep
|turn|19
|
|t:|1769343730
|move|p1a: Darkrai|Trick|p2a: Heatran
|-activate|p1a: Darkrai|move: Trick|[of] p2a: Heatran
|-item|p2a: Heatran|Choice Scarf|[from] move: Trick
|-item|p1a: Darkrai|Leftovers|[from] move: Trick
|move|p2a: Heatran|Lava Plume|p1a: Darkrai
|-damage|p1a: Darkrai|13/100
|
|-heal|p1a: Darkrai|19/100|[from] item: Leftovers
|upkeep
|turn|20
|
|t:|1769343736
|move|p1a: Darkrai|Dark Pulse|p2a: Heatran
|-damage|p2a: Heatran|74/100
|move|p2a: Heatran|Lava Plume|p1a: Darkrai
|-damage|p1a: Darkrai|0 fnt
|faint|p1a: Darkrai
|
|upkeep
|
|t:|1769343743
|switch|p1a: Ogerpon|Ogerpon-Wellspring-Tera, F, tera:Water|19/100
|-ability|p1a: Ogerpon|Embody Aspect (Wellspring)|boost
|-boost|p1a: Ogerpon|spd|1
|turn|21
|
|t:|1769343747
|switch|p2a: Corviknight|Corviknight, F|50/100
|-ability|p2a: Corviknight|Pressure
|move|p1a: Ogerpon|Ivy Cudgel|p2a: Corviknight|[anim] Ivy Cudgel Water
|-crit|p2a: Corviknight
|-damage|p2a: Corviknight|0 fnt
|faint|p2a: Corviknight
|
|upkeep
|
|t:|1769343749
|switch|p2a: Iron Valiant|Iron Valiant, tera:Electric|100/100
|turn|22
|
|t:|1769343752
|move|p2a: Iron Valiant|Moonblast|p1a: Ogerpon
|-damage|p1a: Ogerpon|0 fnt
|faint|p1a: Ogerpon
|detailschange|p1: Ogerpon|Ogerpon-Wellspring, F|[silent]
|
|upkeep
|
|t:|1769343755
|switch|p1a: Great Tusk|Great Tusk|100/100
|turn|23
|
|t:|1769343759
|-end|p2a: Iron Valiant|Quark Drive|[silent]
|switch|p2a: Suicune|Suicune|99/100
|-ability|p2a: Suicune|Pressure
|move|p1a: Great Tusk|Earthquake|p2a: Suicune
|-crit|p2a: Suicune
|-damage|p2a: Suicune|59/100
|
|-heal|p2a: Suicune|66/100|[from] item: Leftovers
|upkeep
|turn|24
|
|t:|1769343762
|-end|p1a: Great Tusk|Protosynthesis|[silent]
|switch|p1a: Dragonite|Dragonite, F|100/100
|move|p2a: Suicune|Ice Beam|p1a: Dragonite
|-supereffective|p1a: Dragonite
|-damage|p1a: Dragonite|61/100
|
|-heal|p2a: Suicune|72/100|[from] item: Leftovers
|upkeep
|turn|25
|
|t:|1769343767
|move|p1a: Dragonite|Roost|p1a: Dragonite
|-heal|p1a: Dragonite|100/100
|-singleturn|p1a: Dragonite|move: Roost
|move|p2a: Suicune|Ice Beam|p1a: Dragonite
|-supereffective|p1a: Dragonite
|-damage|p1a: Dragonite|79/100
|
|-heal|p2a: Suicune|78/100|[from] item: Leftovers
|upkeep
|turn|26
|
|t:|1769343772
|move|p1a: Dragonite|Roost|p1a: Dragonite
|-heal|p1a: Dragonite|100/100
|-singleturn|p1a: Dragonite|move: Roost
|move|p2a: Suicune|Ice Beam|p1a: Dragonite
|-supereffective|p1a: Dragonite
|-damage|p1a: Dragonite|79/100
|
|-heal|p2a: Suicune|84/100|[from] item: Leftovers
|upkeep
|turn|27
|
|t:|1769343775
|switch|p1a: Glimmora|Glimmora, M|100/100
|move|p2a: Suicune|Ice Beam|p1a: Glimmora
|-damage|p1a: Glimmora|74/100
|
|-heal|p2a: Suicune|90/100|[from] item: Leftovers
|upkeep
|turn|28
|
|t:|1769343780
|move|p1a: Glimmora|Mortal Spin|p2a: Suicune
|-damage|p2a: Suicune|87/100
|-status|p2a: Suicune|psn
|move|p2a: Suicune|Substitute|p2a: Suicune
|-start|p2a: Suicune|Substitute
|-damage|p2a: Suicune|62/100 psn
|
|-heal|p2a: Suicune|68/100 psn|[from] item: Leftovers
|-damage|p2a: Suicune|55/100 psn|[from] psn
|upkeep
|turn|29
|
|t:|1769343782
|move|p1a: Glimmora|Energy Ball|p2a: Suicune
|-supereffective|p2a: Suicune
|-end|p2a: Suicune|Substitute
|move|p2a: Suicune|Scald|p1a: Glimmora
|-supereffective|p1a: Glimmora
|-damage|p1a: Glimmora|7/100
|
|-heal|p2a: Suicune|62/100 psn|[from] item: Leftovers
|-damage|p2a: Suicune|49/100 psn|[from] psn
|upkeep
|turn|30
|
|t:|1769343790
|move|p1a: Glimmora|Energy Ball|p2a: Suicune
|-supereffective|p2a: Suicune
|-damage|p2a: Suicune|4/100 psn
|move|p2a: Suicune|Scald|p1a: Glimmora
|-supereffective|p1a: Glimmora
|-damage|p1a: Glimmora|0 fnt
|faint|p1a: Glimmora
|
|-heal|p2a: Suicune|10/100 psn|[from] item: Leftovers
|-damage|p2a: Suicune|0 fnt|[from] psn
|faint|p2a: Suicune
|upkeep
|
|t:|1769343795
|switch|p1a: Dragonite|Dragonite, F|79/100
|switch|p2a: Iron Valiant|Iron Valiant, tera:Electric|100/100
|turn|31
|
|t:|1769343802
|move|p2a: Iron Valiant|Moonblast|p1a: Dragonite
|-supereffective|p1a: Dragonite
|-damage|p1a: Dragonite|0 fnt
|faint|p1a: Dragonite
|
|upkeep
|
|t:|1769343805
|switch|p1a: Great Tusk|Great Tusk|100/100
|turn|32
|
|t:|1769343808
|move|p2a: Iron Valiant|Moonblast|p1a: Great Tusk
|-supereffective|p1a: Great Tusk
|-damage|p1a: Great Tusk|0 fnt
|faint|p1a: Great Tusk
|-end|p1a: Great Tusk|Protosynthesis|[silent]
|
|win|kookabura7
|raw|MfxxkingReal's rating: 1396 &rarr; <strong>1377</strong><br />(-19 for losing)
|raw|kookabura7's rating: 1417 &rarr; <strong>1436</strong><br />(+19 for winning)
|l|☆MfxxkingReal
|player|p1|
|c|☆kookabura7|gg
|l|☆kookabura7
|player|p2|
