|j|☆Bcapbando192
|j|☆youllthinkofyee
|t:|1769406897
|gametype|singles
|player|p1|Bcapbando192|byron|1177
|player|p2|youllthinkofyee|170|1257
|gen|9
|tier|[Gen 9] OU
|rated|
|rule|HP Percentage Mod: HP is shown in percentages
|rule|Endless Battle Clause: Forcing endless battles is banned
|rule|Species Clause: Limit one of each Pokémon
|rule|OHKO Clause: OHKO moves are banned
|rule|Evasion Items Clause: Evasion items are banned
|rule|Evasion Moves Clause: Evasion moves are banned
|rule|Evasion Abilities Clause: Evasion abilities are banned
|rule|Sleep Moves Clause: Sleep-inducing moves are banned
|clearpoke
|poke|p1|Moltres-Galar|
|poke|p1|Quaquaval, F|
|poke|p1|Iron Treads|
|poke|p1|Pecharunt|
|poke|p1|Armarouge, M|
|poke|p1|Ogerpon-Wellspring, F|
|poke|p2|Quaquaval, M|
|poke|p2|Metagross|
|poke|p2|Pelipper, F|
|poke|p2|Zapdos|
|poke|p2|Meowscarada, F|
|poke|p2|Iron Moth|
|teampreview
|inactive|Battle timer is ON: inactive players will automatically lose when time's up. (requested by youllthinkofyee)
|
|t:|1769406924
|teamsize|p1|6
|teamsize|p2|6
|start
|switch|p1a: Iron Treads|Iron Treads|100/100
|switch|p2a: Pelipper|Pelipper, F|100/100
|-weather|RainDance|[from] ability: Drizzle|[of] p2a: Pelipper
|turn|1
|
|t:|1769406931
|move|p1a: Iron Treads|Knock Off|p2a: Pelipper
|-damage|p2a: Pelipper|67/100
|-enditem|p2a: Pelipper|Damp Rock|[from] move: Knock Off|[of] p1a: Iron Treads
|move|p2a: Pelipper|Surf|p1a: Iron Treads
|-supereffective|p1a: Iron Treads
|-damage|p1a: Iron Treads|0 fnt
|faint|p1a: Iron Treads
|-end|p1a: Iron Treads|Quark Drive|[silent]
|
|-weather|RainDance|[upkeep]
|upkeep
|
|t:|1769406943
|switch|p1a: Ogerpon|Ogerpon-Wellspring, F|100/100
|turn|2
|
|t:|1769406947
|move|p1a: Ogerpon|Ivy Cudgel|p2a: Pelipper|[anim] Ivy Cudgel Water
|-resisted|p2a: Pelipper
|-damage|p2a: Pelipper|18/100
|move|p2a: Pelipper|Hurricane|p1a: Ogerpon
|-supereffective|p1a: Ogerpon
|-damage|p1a: Ogerpon|0 fnt
|faint|p1a: Ogerpon
|
|-weather|RainDance|[upkeep]
|upkeep
|
|t:|1769406952
|switch|p1a: Moltres|Moltres-Galar|100/100
|turn|3
|
|t:|1769406977
|move|p1a: Moltres|Agility|p1a: Moltres
|-boost|p1a: Moltres|spe|2
|move|p2a: Pelipper|Ice Beam|p1a: Moltres
|-supereffective|p1a: Moltres
|-damage|p1a: Moltres|57/100
|
|-weather|RainDance|[upkeep]
|upkeep
|turn|4
|
|t:|1769406988
|-terastallize|p1a: Moltres|Fairy
|move|p1a: Moltres|Nasty Plot|p1a: Moltres
|-boost|p1a: Moltres|spa|2
|move|p2a: Pelipper|Hurricane|p1a: Moltres
|-damage|p1a: Moltres|19/100
|-ability|p1a: Moltres|Berserk|boost
|-boost|p1a: Moltres|spa|1
|-enditem|p1a: Moltres|Sitrus Berry|[eat]
|-heal|p1a: Moltres|44/100|[from] item: Sitrus Berry
|
|-weather|RainDance|[upkeep]
|upkeep
|turn|5
|
|t:|1769406997
|move|p1a: Moltres|Fiery Wrath|p2a: Pelipper
|-crit|p2a: Pelipper
|-damage|p2a: Pelipper|0 fnt
|faint|p2a: Pelipper
|
|-weather|RainDance|[upkeep]
|upkeep
|
|t:|1769407026
|switch|p2a: Zapdos|Zapdos|100/100
|-ability|p2a: Zapdos|Pressure
|turn|6
|
|t:|1769407031
|-terastallize|p2a: Zapdos|Electric
|move|p1a: Moltres|Fiery Wrath|p2a: Zapdos
|-damage|p2a: Zapdos|16/100
|move|p2a: Zapdos|Thunder|p1a: Moltres
|-crit|p1a: Moltres
|-damage|p1a: Moltres|0 fnt
|faint|p1a: Moltres
|
|-weather|RainDance|[upkeep]
|upkeep
|
|t:|1769407050
|switch|p1a: Armarouge|Armarouge, M|100/100
|turn|7
|
|t:|1769407060
|move|p2a: Zapdos|Thunder|p1a: Armarouge
|-damage|p1a: Armarouge|22/100
|-status|p1a: Armarouge|par
|move|p1a: Armarouge|Psyshock|p2a: Zapdos
|-damage|p2a: Zapdos|0 fnt
|faint|p2a: Zapdos
|
|-weather|RainDance|[upkeep]
|upkeep
|c|☆Bcapbando192|lands 2 thunder
|c|☆Bcapbando192|right
|
|t:|1769407079
|switch|p2a: Quaquaval|Quaquaval, M|100/100
|turn|8
|c|☆Bcapbando192|and a para
|
|t:|1769407085
|switch|p1a: Pecharunt|Pecharunt|100/100
|move|p2a: Quaquaval|Aqua Step|p1a: Pecharunt
|-damage|p1a: Pecharunt|74/100
|-boost|p2a: Quaquaval|spe|1
|
|-weather|none
|-heal|p1a: Pecharunt|80/100|[from] item: Black Sludge
|upkeep
|turn|9
|
|t:|1769407099
|switch|p2a: Iron Moth|Iron Moth|100/100
|-enditem|p2a: Iron Moth|Booster Energy
|-activate|p2a: Iron Moth|ability: Quark Drive|[fromitem]
|-start|p2a: Iron Moth|quarkdrivespa
|move|p1a: Pecharunt|Toxic|p2a: Iron Moth
|-immune|p2a: Iron Moth
|
|-heal|p1a: Pecharunt|86/100|[from] item: Black Sludge
|upkeep
|turn|10
|
|t:|1769407107
|move|p2a: Iron Moth|Fire Blast|p1a: Pecharunt
|-damage|p1a: Pecharunt|12/100
|move|p1a: Pecharunt|Parting Shot|p2a: Iron Moth
|-unboost|p2a: Iron Moth|atk|1
|-unboost|p2a: Iron Moth|spa|1
|
|t:|1769407109
|switch|p1a: Armarouge|Armarouge, M|22/100 par|[from] Parting Shot
|
|upkeep
|turn|11
|
|t:|1769407124
|move|p2a: Iron Moth|Sludge Wave|p1a: Armarouge
|-crit|p1a: Armarouge
|-damage|p1a: Armarouge|0 fnt
|faint|p1a: Armarouge
|
|upkeep
|
|t:|1769407127
|switch|p1a: Quaquaval|Quaquaval, F|100/100
|turn|12
|
|t:|1769407136
|move|p1a: Quaquaval|Wave Crash|p2a: Iron Moth
|-supereffective|p2a: Iron Moth
|-damage|p2a: Iron Moth|0 fnt
|faint|p2a: Iron Moth
|-end|p2a: Iron Moth|Quark Drive|[silent]
|-ability|p1a: Quaquaval|Moxie|boost
|-boost|p1a: Quaquaval|atk|1
|-damage|p1a: Quaquaval|69/100|[from] Recoil
|
|upkeep
|
|t:|1769407141
|switch|p2a: Meowscarada|Meowscarada, F|100/100
|turn|13
|
|t:|1769407147
|move|p1a: Quaquaval|Wave Crash|p2a: Meowscarada
|-resisted|p2a: Meowscarada
|-damage|p2a: Meowscarada|34/100
|-damage|p1a: Quaquaval|48/100|[from] Recoil
|move|p2a: Meowscarada|Flower Trick|p1a: Quaquaval
|-start|p2a: Meowscarada|typechange|Grass|[from] ability: Protean
|-supereffective|p1a: Quaquaval
|-crit|p1a: Quaquaval
|-damage|p1a: Quaquaval|0 fnt
|faint|p1a: Quaquaval
|-damage|p2a: Meowscarada|24/100|[from] item: Life Orb
|
|upkeep
|-message|Bcapbando192 forfeited.
|
|win|youllthinkofyee
|raw|Bcapbando192's rating: 1177 &rarr; <strong>1158</strong><br />(-19 for losing)
|raw|youllthinkofyee's rating: 1257 &rarr; <strong>1276</strong><br />(+19 for winning)
|l|☆Bcapbando192
|player|p1|
|l|☆youllthinkofyee
|player|p2|
