|j|☆el_dakka
|j|☆Fabe3107
|t:|1769438140
|gametype|singles
|player|p1|el_dakka|hilda|1332
|player|p2|Fabe3107|101|1302
|gen|9
|tier|[Gen 9] OU
|rated|
|rule|HP Percentage Mod: HP is shown in percentages
|rule|Endless Battle Clause: Forcing endless battles is banned
|rule|Species Clause: Limit one of each Pokémon
|rule|OHKO Clause: OHKO moves are banned
|rule|Evasion Items Clause: Evasion items are banned
|rule|Evasion Moves Clause: Evasion moves are banned
|rule|Evasion Abilities Clause: Evasion abilities are banned
|rule|Sleep Moves Clause: Sleep-inducing moves are banned
|clearpoke
|poke|p1|Ribombee, F|
|poke|p1|Cinderace, M|
|poke|p1|Serperior, M|
|poke|p1|Mimikyu, M|
|poke|p1|Dragapult, M|
|poke|p1|Bisharp, F|
|poke|p2|Hydrapple, M|
|poke|p2|Gliscor, M|
|poke|p2|Slowking-Galar, M|
|poke|p2|Cinderace, M|
|poke|p2|Kingambit, M|
|poke|p2|Iron Valiant|
|teampreview
|inactive|Battle timer is ON: inactive players will automatically lose when time's up. (requested by Fabe3107)
|inactive|Fabe3107 has 120 seconds left.
|
|t:|1769438189
|teamsize|p1|6
|teamsize|p2|6
|start
|switch|p1a: Ribombee|Ribombee, F|100/100
|switch|p2a: Slowking|Slowking-Galar, M, shiny|100/100
|turn|1
|
|t:|1769438198
|move|p1a: Ribombee|Stun Spore|p2a: Slowking
|-status|p2a: Slowking|par
|move|p2a: Slowking|Flamethrower|p1a: Ribombee
|-supereffective|p1a: Ribombee
|-damage|p1a: Ribombee|22/100
|
|upkeep
|turn|2
|
|t:|1769438205
|move|p1a: Ribombee|Sticky Web|p2a: Slowking
|-sidestart|p2: Fabe3107|move: Sticky Web
|move|p2a: Slowking|Flamethrower|p1a: Ribombee
|-supereffective|p1a: Ribombee
|-damage|p1a: Ribombee|0 fnt
|faint|p1a: Ribombee
|
|upkeep
|
|t:|1769438215
|switch|p1a: Bisharp|Bisharp, F|100/100
|turn|3
|
|t:|1769438229
|move|p1a: Bisharp|Throat Chop|p2a: Slowking
|-supereffective|p2a: Slowking
|-damage|p2a: Slowking|27/100 par
|-start|p2a: Slowking|Throat Chop|[silent]
|move|p2a: Slowking|Flamethrower|p1a: Bisharp
|-supereffective|p1a: Bisharp
|-damage|p1a: Bisharp|57/100
|
|upkeep
|turn|4
|
|t:|1769438258
|switch|p2a: Cinderace|Cinderace, M, shiny|100/100
|move|p1a: Bisharp|Throat Chop|p2a: Cinderace
|-damage|p2a: Cinderace|41/100
|-start|p2a: Cinderace|Throat Chop|[silent]
|
|upkeep
|turn|5
|
|t:|1769438272
|move|p1a: Bisharp|Sucker Punch|p2a: Cinderace
|-damage|p2a: Cinderace|0 fnt
|faint|p2a: Cinderace
|
|upkeep
|
|t:|1769438282
|switch|p2a: Iron Valiant|Iron Valiant, shiny|100/100
|-activate|p2a: Iron Valiant|move: Sticky Web
|-unboost|p2a: Iron Valiant|spe|1
|-enditem|p2a: Iron Valiant|Booster Energy
|-activate|p2a: Iron Valiant|ability: Quark Drive|[fromitem]
|-start|p2a: Iron Valiant|quarkdrivespa
|turn|6
|inactive|Fabe3107 has 120 seconds left.
|
|t:|1769438304
|switch|p1a: Mimikyu|Mimikyu, M|100/100
|move|p2a: Iron Valiant|Knock Off|p1a: Mimikyu
|-activate|p1a: Mimikyu|ability: Disguise
|-damage|p1a: Mimikyu|100/100
|-enditem|p1a: Mimikyu|Red Card|[from] move: Knock Off|[of] p2a: Iron Valiant
|detailschange|p1a: Mimikyu|Mimikyu-Busted, M
|-damage|p1a: Mimikyu|88/100|[from] pokemon: Mimikyu-Busted
|
|upkeep
|turn|7
|inactive|Fabe3107 has 120 seconds left.
|
|t:|1769438331
|move|p1a: Mimikyu|Will-O-Wisp|p2a: Iron Valiant
|-status|p2a: Iron Valiant|brn
|move|p2a: Iron Valiant|Encore|p1a: Mimikyu
|-start|p1a: Mimikyu|Encore
|
|-damage|p2a: Iron Valiant|94/100 brn|[from] brn
|upkeep
|turn|8
|
|t:|1769438340
|switch|p1a: Cinderace|Cinderace, M|100/100
|move|p2a: Iron Valiant|Moonblast|p1a: Cinderace
|-resisted|p1a: Cinderace
|-damage|p1a: Cinderace|57/100
|
|-damage|p2a: Iron Valiant|88/100 brn|[from] brn
|upkeep
|turn|9
|
|t:|1769438350
|move|p1a: Cinderace|Court Change|p1a: Cinderace
|-swapsideconditions
|-activate|p1a: Cinderace|move: Court Change
|move|p2a: Iron Valiant|Knock Off|p1a: Cinderace
|-crit|p1a: Cinderace
|-damage|p1a: Cinderace|28/100
|-enditem|p1a: Cinderace|Heavy-Duty Boots|[from] move: Knock Off|[of] p2a: Iron Valiant
|
|-damage|p2a: Iron Valiant|82/100 brn|[from] brn
|upkeep
|turn|10
|
|t:|1769438361
|move|p1a: Cinderace|Pyro Ball|p2a: Iron Valiant
|-damage|p2a: Iron Valiant|0 fnt
|faint|p2a: Iron Valiant
|-end|p2a: Iron Valiant|Quark Drive|[silent]
|
|upkeep
|
|t:|1769438371
|switch|p2a: Gliscor|Gliscor, M, shiny|100/100
|turn|11
|
|t:|1769438376
|move|p2a: Gliscor|Protect|p2a: Gliscor
|-singleturn|p2a: Gliscor|Protect
|move|p1a: Cinderace|Will-O-Wisp|p2a: Gliscor
|-activate|p2a: Gliscor|move: Protect
|
|-status|p2a: Gliscor|tox|[from] item: Toxic Orb
|upkeep
|turn|12
|inactive|Fabe3107 has 120 seconds left.
|
|t:|1769438385
|move|p1a: Cinderace|Pyro Ball|p2a: Gliscor
|-damage|p2a: Gliscor|24/100 tox
|move|p2a: Gliscor|Earthquake|p1a: Cinderace
|-supereffective|p1a: Cinderace
|-damage|p1a: Cinderace|0 fnt
|faint|p1a: Cinderace
|
|-heal|p2a: Gliscor|36/100 tox|[from] ability: Poison Heal
|upkeep
|
|t:|1769438394
|switch|p1a: Serperior|Serperior, M|100/100
|-activate|p1a: Serperior|move: Sticky Web
|-boost|p1a: Serperior|spe|1
|turn|13
|
|t:|1769438401
|move|p2a: Gliscor|Protect|p2a: Gliscor
|-singleturn|p2a: Gliscor|Protect
|move|p1a: Serperior|Leaf Storm|p2a: Gliscor
|-activate|p2a: Gliscor|move: Protect
|
|-heal|p2a: Gliscor|49/100 tox|[from] ability: Poison Heal
|upkeep
|turn|14
|
|t:|1769438417
|switch|p2a: Slowking|Slowking-Galar, M, shiny|60/100 par
|move|p1a: Serperior|Leaf Storm|p2a: Slowking
|-resisted|p2a: Slowking
|-damage|p2a: Slowking|49/100 par
|-boost|p1a: Serperior|spa|2
|
|upkeep
|turn|15
|
|t:|1769438430
|-terastallize|p1a: Serperior|Fire
|move|p1a: Serperior|Substitute|p1a: Serperior
|-start|p1a: Serperior|Substitute
|-damage|p1a: Serperior|76/100
|cant|p2a: Slowking|par
|
|-heal|p1a: Serperior|82/100|[from] item: Leftovers
|upkeep
|turn|16
|
|t:|1769438443
|move|p1a: Serperior|Leaf Storm|p2a: Slowking
|-resisted|p2a: Slowking
|-damage|p2a: Slowking|22/100 par
|-boost|p1a: Serperior|spa|2
|move|p2a: Slowking|Psychic Noise|p1a: Serperior
|-damage|p1a: Serperior|50/100
|-start|p1a: Serperior|move: Heal Block
|
|upkeep
|turn|17
|
|t:|1769438458
|move|p1a: Serperior|Tera Blast|p2a: Slowking|[anim] Tera Blast Fire
|-damage|p2a: Slowking|0 fnt
|faint|p2a: Slowking
|
|-end|p1a: Serperior|move: Heal Block
|upkeep
|inactive|Fabe3107 has 120 seconds left.
|
|t:|1769438483
|switch|p2a: Hydrapple|Hydrapple, M, shiny|100/100
|turn|18
|
|t:|1769438490
|-terastallize|p2a: Hydrapple|Dragon
|move|p1a: Serperior|Dragon Pulse|p2a: Hydrapple
|-supereffective|p2a: Hydrapple
|-damage|p2a: Hydrapple|0 fnt
|faint|p2a: Hydrapple
|
|-heal|p1a: Serperior|56/100|[from] item: Leftovers
|upkeep
|
|t:|1769438496
|switch|p2a: Kingambit|Kingambit, M, shiny|100/100
|-activate|p2a: Kingambit|ability: Supreme Overlord
|-start|p2a: Kingambit|fallen4|[silent]
|-item|p2a: Kingambit|Air Balloon
|turn|19
|inactive|Fabe3107 has 120 seconds left.
|
|t:|1769438504
|move|p2a: Kingambit|Sucker Punch|p1a: Serperior
|-end|p1a: Serperior|Substitute
|move|p1a: Serperior|Tera Blast|p2a: Kingambit|[anim] Tera Blast Fire
|-supereffective|p2a: Kingambit
|-damage|p2a: Kingambit|0 fnt
|-enditem|p2a: Kingambit|Air Balloon
|faint|p2a: Kingambit
|-end|p2a: Kingambit|fallen4|[silent]
|
|-heal|p1a: Serperior|62/100|[from] item: Leftovers
|upkeep
|inactive|Fabe3107 has 120 seconds left.
|
|t:|1769438509
|switch|p2a: Gliscor|Gliscor, M, shiny|49/100 tox
|turn|20
|
|t:|1769438518
|move|p2a: Gliscor|Protect|p2a: Gliscor
|-singleturn|p2a: Gliscor|Protect
|move|p1a: Serperior|Dragon Pulse|p2a: Gliscor
|-activate|p2a: Gliscor|move: Protect
|
|-heal|p1a: Serperior|69/100|[from] item: Leftovers
|-heal|p2a: Gliscor|61/100 tox|[from] ability: Poison Heal
|upkeep
|turn|21
|
|t:|1769438527
|move|p1a: Serperior|Tera Blast|p2a: Gliscor|[anim] Tera Blast Fire
|-damage|p2a: Gliscor|0 fnt
|faint|p2a: Gliscor
|
|win|el_dakka
|raw|el_dakka's rating: 1332 &rarr; <strong>1350</strong><br />(+18 for winning)
|raw|Fabe3107's rating: 1302 &rarr; <strong>1284</strong><br />(-18 for losing)
|l|☆Fabe3107
|player|p2|
|l|☆el_dakka
|player|p1|
