|j|☆lirip
|j|☆CeIIardoor
|t:|1769306870
|gametype|singles
|player|p1|lirip|drayden|1463
|player|p2|CeIIardoor|olivia|1510
|gen|9
|tier|[Gen 9] OU
|rated|
|rule|HP Percentage Mod: HP is shown in percentages
|rule|Endless Battle Clause: Forcing endless battles is banned
|rule|Species Clause: Limit one of each Pokémon
|rule|OHKO Clause: OHKO moves are banned
|rule|Evasion Items Clause: Evasion items are banned
|rule|Evasion Moves Clause: Evasion moves are banned
|rule|Evasion Abilities Clause: Evasion abilities are banned
|rule|Sleep Moves Clause: Sleep-inducing moves are banned
|clearpoke
|poke|p1|Walking Wake|
|poke|p1|Samurott-Hisui, M|
|poke|p1|Ceruledge, M|
|poke|p1|Ninetales, M|
|poke|p1|Great Tusk|
|poke|p1|Gholdengo|
|poke|p2|Volcanion|
|poke|p2|Slowking-Galar, F|
|poke|p2|Zamazenta-*|
|poke|p2|Corviknight, M|
|poke|p2|Hatterene, F|
|poke|p2|Ting-Lu|
|teampreview
|inactive|Battle timer is ON: inactive players will automatically lose when time's up. (requested by CeIIardoor)
|
|t:|1769306880
|teamsize|p1|6
|teamsize|p2|6
|start
|switch|p1a: Samurott|Samurott-Hisui, M|100/100
|switch|p2a: Volcanion|Volcanion|100/100
|turn|1
|
|t:|1769306887
|move|p1a: Samurott|Ceaseless Edge|p2a: Volcanion
|-damage|p2a: Volcanion|32/100
|-sidestart|p2: CeIIardoor|Spikes
|move|p2a: Volcanion|Sludge Bomb|p1a: Samurott
|-damage|p1a: Samurott|19/100
|
|upkeep
|turn|2
|
|t:|1769306891
|switch|p2a: Corviknight|Corviknight, M, shiny|100/100
|-ability|p2a: Corviknight|Pressure
|move|p1a: Samurott|Ceaseless Edge|p2a: Corviknight
|-damage|p2a: Corviknight|57/100
|-damage|p1a: Samurott|2/100|[from] item: Rocky Helmet|[of] p2a: Corviknight
|-sidestart|p2: CeIIardoor|Spikes
|
|upkeep
|turn|3
|
|t:|1769306895
|switch|p1a: Glimmering Soul|Gholdengo|100/100
|-item|p1a: Glimmering Soul|Air Balloon
|move|p2a: Corviknight|Roost|p2a: Corviknight
|-heal|p2a: Corviknight|100/100
|-singleturn|p2a: Corviknight|move: Roost
|
|upkeep
|turn|4
|
|t:|1769306899
|switch|p2a: Ting-Lu|Ting-Lu|100/100
|-damage|p2a: Ting-Lu|84/100|[from] Spikes
|-ability|p2a: Ting-Lu|Vessel of Ruin
|move|p1a: Glimmering Soul|Make It Rain|p2a: Ting-Lu
|-damage|p2a: Ting-Lu|63/100
|-unboost|p1a: Glimmering Soul|spa|1
|
|-heal|p2a: Ting-Lu|70/100|[from] item: Leftovers
|upkeep
|turn|5
|
|t:|1769306905
|switch|p1a: Great Tusk|Great Tusk|100/100
|switch|p2a: Corviknight|Corviknight, M, shiny|100/100
|-ability|p2a: Corviknight|Pressure
|
|upkeep
|turn|6
|
|t:|1769306934
|-end|p1a: Great Tusk|Protosynthesis|[silent]
|switch|p1a: Glimmering Soul|Gholdengo|100/100
|-item|p1a: Glimmering Soul|Air Balloon
|switch|p2a: Zamazenta|Zamazenta|100/100
|-damage|p2a: Zamazenta|84/100|[from] Spikes
|-ability|p2a: Zamazenta|Dauntless Shield|boost
|-boost|p2a: Zamazenta|def|1
|
|upkeep
|turn|7
|
|t:|1769306943
|-terastallize|p2a: Zamazenta|Dark
|move|p2a: Zamazenta|Close Combat|p1a: Glimmering Soul
|-immune|p1a: Glimmering Soul
|move|p1a: Glimmering Soul|Shadow Ball|p2a: Zamazenta
|-resisted|p2a: Zamazenta
|-damage|p2a: Zamazenta|66/100
|
|upkeep
|turn|8
|
|t:|1769306949
|move|p2a: Zamazenta|Close Combat|p1a: Glimmering Soul
|-immune|p1a: Glimmering Soul
|move|p1a: Glimmering Soul|Make It Rain|p2a: Zamazenta
|-damage|p2a: Zamazenta|19/100
|-unboost|p1a: Glimmering Soul|spa|1
|
|upkeep
|turn|9
|-message|CeIIardoor forfeited.
|
|win|lirip
|raw|lirip's rating: 1463 &rarr; <strong>1486</strong><br />(+23 for winning)
|raw|CeIIardoor's rating: 1510 &rarr; <strong>1487</strong><br />(-23 for losing)
|l|☆CeIIardoor
|player|p2|
