|j|☆Igoodnamename
|j|☆Qplazm10
|t:|1769337212
|gametype|singles
|player|p1|Igoodnamename|265|1634
|player|p2|Qplazm10|turo-ai|1659
|gen|9
|tier|[Gen 9] OU
|rated|
|rule|HP Percentage Mod: HP is shown in percentages
|rule|Endless Battle Clause: Forcing endless battles is banned
|rule|Species Clause: Limit one of each Pokémon
|rule|OHKO Clause: OHKO moves are banned
|rule|Evasion Items Clause: Evasion items are banned
|rule|Evasion Moves Clause: Evasion moves are banned
|rule|Evasion Abilities Clause: Evasion abilities are banned
|rule|Sleep Moves Clause: Sleep-inducing moves are banned
|clearpoke
|poke|p1|Tinkaton, F|
|poke|p1|Ogerpon, F|
|poke|p1|Great Tusk|
|poke|p1|Pecharunt|
|poke|p1|Alomomola, M|
|poke|p1|Hydreigon, M|
|poke|p2|Hawlucha, M|
|poke|p2|Raging Bolt|
|poke|p2|Iron Leaves|
|poke|p2|Iron Treads|
|poke|p2|Iron Valiant|
|poke|p2|Pincurchin, M|
|teampreview
|inactive|Battle timer is ON: inactive players will automatically lose when time's up. (requested by Qplazm10)
|
|t:|1769337222
|teamsize|p1|6
|teamsize|p2|6
|start
|switch|p1a: Hybrid|Hydreigon, M, shiny|100/100
|switch|p2a: The Urchinator|Pincurchin, M|100/100
|-fieldstart|move: Electric Terrain|[from] ability: Electric Surge|[of] p2a: The Urchinator
|turn|1
|
|t:|1769337230
|switch|p2a: Galgaraze|Iron Valiant|100/100
|-activate|p2a: Galgaraze|ability: Quark Drive
|-start|p2a: Galgaraze|quarkdrivespe
|move|p1a: Hybrid|Earth Power|p2a: Galgaraze
|-damage|p2a: Galgaraze|14/100
|
|upkeep
|turn|2
|
|t:|1769337243
|switch|p1a: Pisces|Alomomola, M, shiny|100/100
|move|p2a: Galgaraze|Moonblast|p1a: Pisces
|-damage|p1a: Pisces|67/100
|
|upkeep
|turn|3
|
|t:|1769337251
|-end|p2a: Galgaraze|Quark Drive|[silent]
|switch|p2a: Great Neck|Raging Bolt|100/100
|move|p1a: Pisces|Flip Turn|p2a: Great Neck
|-resisted|p2a: Great Neck
|-damage|p2a: Great Neck|94/100
|
|t:|1769337255
|switch|p1a: Behemoth|Great Tusk, shiny|100/100|[from] Flip Turn
|
|-heal|p2a: Great Neck|99/100|[from] item: Leftovers
|upkeep
|turn|4
|
|t:|1769337265
|-end|p2a: Great Neck|Protosynthesis|[silent]
|switch|p2a: Nacho Libre|Hawlucha, M, shiny|100/100
|-enditem|p2a: Nacho Libre|Electric Seed
|-boost|p2a: Nacho Libre|def|1|[from] item: Electric Seed
|move|p1a: Behemoth|Ice Spinner|p2a: Nacho Libre
|-supereffective|p2a: Nacho Libre
|-damage|p2a: Nacho Libre|52/100
|-fieldend|move: Electric Terrain
|
|upkeep
|turn|5
|inactive|Qplazm10 has 120 seconds left.
|
|t:|1769337301
|-end|p1a: Behemoth|Protosynthesis|[silent]
|switch|p1a: Overseer|Pecharunt|100/100
|-terastallize|p2a: Nacho Libre|Steel
|move|p2a: Nacho Libre|Swords Dance|p2a: Nacho Libre
|-boost|p2a: Nacho Libre|atk|2
|
|upkeep
|turn|6
|inactive|Qplazm10 has 120 seconds left.
|
|t:|1769337319
|switch|p1a: Smile.exe|Tinkaton, F, shiny|100/100
|-item|p1a: Smile.exe|Air Balloon
|move|p2a: Nacho Libre|Acrobatics|p1a: Smile.exe
|-resisted|p1a: Smile.exe
|-damage|p1a: Smile.exe|38/100
|-enditem|p1a: Smile.exe|Air Balloon
|
|upkeep
|turn|7
|
|t:|1769337327
|move|p2a: Nacho Libre|Drain Punch|p1a: Smile.exe
|-damage|p1a: Smile.exe|0 fnt
|-heal|p2a: Nacho Libre|70/100|[from] drain|[of] p1a: Smile.exe
|faint|p1a: Smile.exe
|
|upkeep
|
|t:|1769337341
|switch|p1a: Overseer|Pecharunt|100/100
|turn|8
|
|t:|1769337355
|move|p2a: Nacho Libre|Acrobatics|p1a: Overseer
|-damage|p1a: Overseer|51/100
|-damage|p2a: Nacho Libre|53/100|[from] item: Rocky Helmet|[of] p1a: Overseer
|move|p1a: Overseer|Shadow Ball|p2a: Nacho Libre
|-damage|p2a: Nacho Libre|17/100
|-unboost|p2a: Nacho Libre|spd|1
|
|upkeep
|turn|9
|
|t:|1769337360
|move|p2a: Nacho Libre|Acrobatics|p1a: Overseer
|-damage|p1a: Overseer|4/100
|-damage|p2a: Nacho Libre|1/100|[from] item: Rocky Helmet|[of] p1a: Overseer
|move|p1a: Overseer|Shadow Ball|p2a: Nacho Libre
|-damage|p2a: Nacho Libre|0 fnt
|faint|p2a: Nacho Libre
|
|upkeep
|inactive|Qplazm10 has 120 seconds left.
|
|t:|1769337381
|switch|p2a: Galgaraze|Iron Valiant|14/100
|turn|10
|
|t:|1769337385
|move|p2a: Galgaraze|Moonblast|p1a: Overseer
|-resisted|p1a: Overseer
|-damage|p1a: Overseer|0 fnt
|faint|p1a: Overseer
|
|upkeep
|
|t:|1769337388
|switch|p1a: Pisces|Alomomola, M, shiny|100/100
|turn|11
|
|t:|1769337392
|-end|p2a: Galgaraze|Quark Drive|[silent]
|switch|p2a: The Urchinator|Pincurchin, M|100/100
|-fieldstart|move: Electric Terrain|[from] ability: Electric Surge|[of] p2a: The Urchinator
|move|p1a: Pisces|Flip Turn|p2a: The Urchinator
|-damage|p2a: The Urchinator|82/100
|
|t:|1769337396
|switch|p1a: Anonymous|Ogerpon, F|100/100|[from] Flip Turn
|
|upkeep
|turn|12
|
|t:|1769337404
|switch|p2a: Great Neck|Raging Bolt|99/100
|move|p1a: Anonymous|U-turn|p2a: Great Neck
|-damage|p2a: Great Neck|73/100
|
|t:|1769337407
|switch|p1a: Behemoth|Great Tusk, shiny|100/100|[from] U-turn
|
|-heal|p2a: Great Neck|79/100|[from] item: Leftovers
|upkeep
|turn|13
|
|t:|1769337412
|move|p1a: Behemoth|Headlong Rush|p2a: Great Neck
|-supereffective|p2a: Great Neck
|-damage|p2a: Great Neck|0 fnt
|-unboost|p1a: Behemoth|def|1
|-unboost|p1a: Behemoth|spd|1
|faint|p2a: Great Neck
|-end|p2a: Great Neck|Protosynthesis|[silent]
|
|upkeep
|
|t:|1769337416
|switch|p2a: Virizitron|Iron Leaves|100/100
|-activate|p2a: Virizitron|ability: Quark Drive
|-start|p2a: Virizitron|quarkdrivespe
|turn|14
|
|t:|1769337422
|move|p2a: Virizitron|Swords Dance|p2a: Virizitron
|-boost|p2a: Virizitron|atk|2
|move|p1a: Behemoth|Ice Spinner|p2a: Virizitron
|-supereffective|p2a: Virizitron
|-damage|p2a: Virizitron|33/100
|-fieldend|move: Electric Terrain
|-end|p2a: Virizitron|Quark Drive
|
|upkeep
|turn|15
|
|t:|1769337424
|move|p2a: Virizitron|Psyblade|p1a: Behemoth
|-supereffective|p1a: Behemoth
|-damage|p1a: Behemoth|0 fnt
|faint|p1a: Behemoth
|-end|p1a: Behemoth|Protosynthesis|[silent]
|-damage|p2a: Virizitron|23/100|[from] item: Life Orb
|
|upkeep
|
|t:|1769337428
|switch|p1a: Anonymous|Ogerpon, F|100/100
|turn|16
|
|t:|1769337432
|-end|p2a: Virizitron|Quark Drive|[silent]
|switch|p2a: The Urchinator|Pincurchin, M|82/100
|-fieldstart|move: Electric Terrain|[from] ability: Electric Surge|[of] p2a: The Urchinator
|move|p1a: Anonymous|U-turn|p2a: The Urchinator
|-damage|p2a: The Urchinator|39/100
|
|t:|1769337436
|switch|p1a: Hybrid|Hydreigon, M, shiny|100/100|[from] U-turn
|
|upkeep
|turn|17
|
|t:|1769337446
|move|p1a: Hybrid|Earth Power|p2a: The Urchinator
|-supereffective|p2a: The Urchinator
|-damage|p2a: The Urchinator|0 fnt
|faint|p2a: The Urchinator
|
|upkeep
|
|t:|1769337453
|switch|p2a: Galgaraze|Iron Valiant|14/100
|-activate|p2a: Galgaraze|ability: Quark Drive
|-start|p2a: Galgaraze|quarkdrivespe
|turn|18
|
|t:|1769337458
|switch|p1a: Pisces|Alomomola, M, shiny|100/100
|move|p2a: Galgaraze|Moonblast|p1a: Pisces
|-damage|p1a: Pisces|68/100
|-unboost|p1a: Pisces|spa|1
|
|upkeep
|turn|19
|
|t:|1769337464
|-end|p2a: Galgaraze|Quark Drive|[silent]
|switch|p2a: Tronphan|Iron Treads|100/100
|-activate|p2a: Tronphan|ability: Quark Drive
|-start|p2a: Tronphan|quarkdrivespe
|move|p1a: Pisces|Flip Turn|p2a: Tronphan
|-supereffective|p2a: Tronphan
|-damage|p2a: Tronphan|75/100
|
|t:|1769337471
|switch|p1a: Anonymous|Ogerpon, F|100/100|[from] Flip Turn
|
|upkeep
|turn|20
|
|t:|1769337475
|-terastallize|p1a: Anonymous|Grass
|detailschange|p1a: Anonymous|Ogerpon-Teal-Tera, F, tera:Grass
|-ability|p1a: Anonymous|Embody Aspect (Teal)|boost
|-boost|p1a: Anonymous|spe|1
|move|p1a: Anonymous|Ivy Cudgel|p2a: Tronphan
|-damage|p2a: Tronphan|0 fnt
|faint|p2a: Tronphan
|-end|p2a: Tronphan|Quark Drive|[silent]
|
|upkeep
|
|t:|1769337482
|switch|p2a: Galgaraze|Iron Valiant|14/100
|-activate|p2a: Galgaraze|ability: Quark Drive
|-start|p2a: Galgaraze|quarkdrivespe
|turn|21
|
|t:|1769337485
|switch|p1a: Pisces|Alomomola, M, shiny|100/100
|move|p2a: Galgaraze|Moonblast|p1a: Pisces
|-damage|p1a: Pisces|66/100
|
|upkeep
|turn|22
|
|t:|1769337488
|move|p2a: Galgaraze|Moonblast|p1a: Pisces
|-damage|p1a: Pisces|31/100
|move|p1a: Pisces|Flip Turn|p2a: Galgaraze
|-damage|p2a: Galgaraze|0 fnt
|faint|p2a: Galgaraze
|-end|p2a: Galgaraze|Quark Drive|[silent]
|
|t:|1769337490
|switch|p1a: Anonymous|Ogerpon-Teal-Tera, F, tera:Grass|100/100|[from] Flip Turn
|-ability|p1a: Anonymous|Embody Aspect (Teal)|boost
|-boost|p1a: Anonymous|spe|1
|
|upkeep
|
|t:|1769337493
|switch|p2a: Virizitron|Iron Leaves|23/100
|-activate|p2a: Virizitron|ability: Quark Drive
|-start|p2a: Virizitron|quarkdrivespe
|turn|23
|-message|Qplazm10 forfeited.
|
|win|Igoodnamename
|raw|Igoodnamename's rating: 1619 &rarr; <strong>1641</strong><br />(+22 for winning)
|raw|Qplazm10's rating: 1659 &rarr; <strong>1637</strong><br />(-22 for losing)
|l|☆Qplazm10
|player|p2|
|c|☆Igoodnamename|ggs
|l|☆Igoodnamename
|player|p1|
