|j|☆kiko5bolas
|j|☆Adrienstrate
|t:|1769328969
|gametype|singles
|player|p1|kiko5bolas|266|1160
|player|p2|Adrienstrate|2|1234
|gen|9
|tier|[Gen 9] OU
|rated|
|rule|HP Percentage Mod: HP is shown in percentages
|rule|Endless Battle Clause: Forcing endless battles is banned
|rule|Species Clause: Limit one of each Pokémon
|rule|OHKO Clause: OHKO moves are banned
|rule|Evasion Items Clause: Evasion items are banned
|rule|Evasion Moves Clause: Evasion moves are banned
|rule|Evasion Abilities Clause: Evasion abilities are banned
|rule|Sleep Moves Clause: Sleep-inducing moves are banned
|clearpoke
|poke|p1|Gardevoir, F|
|poke|p1|Iron Valiant|
|poke|p1|Ceruledge, M|
|poke|p1|Garganacl, F|
|poke|p1|Metagross|
|poke|p1|Ninetales, M|
|poke|p2|Blaziken, M|
|poke|p2|Zamazenta-*|
|poke|p2|Zapdos|
|poke|p2|Dragapult, M|
|poke|p2|Glimmora, F|
|poke|p2|Slowking-Galar, M|
|teampreview
|inactive|Battle timer is ON: inactive players will automatically lose when time's up. (requested by Adrienstrate)
|
|t:|1769328979
|teamsize|p1|6
|teamsize|p2|6
|start
|switch|p1a: Ninetales|Ninetales, M|100/100
|switch|p2a: Glimmora|Glimmora, F|100/100
|-weather|SunnyDay|[from] ability: Drought|[of] p1a: Ninetales
|turn|1
|
|t:|1769328994
|move|p1a: Ninetales|Encore||[still]
|-fail|p1a: Ninetales
|move|p2a: Glimmora|Stealth Rock|p1a: Ninetales
|-sidestart|p1: kiko5bolas|move: Stealth Rock
|
|-weather|SunnyDay|[upkeep]
|upkeep
|turn|2
|
|t:|1769329005
|switch|p2a: Dragapult|Dragapult, M|100/100
|move|p1a: Ninetales|Encore||[still]
|-fail|p1a: Ninetales
|
|-weather|SunnyDay|[upkeep]
|upkeep
|turn|3
|
|t:|1769329011
|switch|p1a: Gardevoir|Gardevoir, F|100/100
|-damage|p1a: Gardevoir|88/100|[from] Stealth Rock
|-ability|p1a: Gardevoir|Infiltrator|Trace|[from] ability: Trace|[of] p2a: Dragapult
|move|p2a: Dragapult|Shadow Ball|p1a: Gardevoir
|-supereffective|p1a: Gardevoir
|-damage|p1a: Gardevoir|0 fnt
|faint|p1a: Gardevoir
|
|-weather|SunnyDay|[upkeep]
|upkeep
|
|t:|1769329023
|switch|p1a: Garganacl|Garganacl, F|100/100
|-damage|p1a: Garganacl|88/100|[from] Stealth Rock
|turn|4
|
|t:|1769329029
|move|p2a: Dragapult|Shadow Ball|p1a: Garganacl
|-damage|p1a: Garganacl|70/100
|move|p1a: Garganacl|Salt Cure|p2a: Dragapult
|-crit|p2a: Dragapult
|-damage|p2a: Dragapult|70/100
|-start|p2a: Dragapult|Salt Cure
|
|-weather|SunnyDay|[upkeep]
|-heal|p1a: Garganacl|76/100|[from] item: Leftovers
|-damage|p2a: Dragapult|58/100|[from] Salt Cure
|upkeep
|turn|5
|
|t:|1769329040
|switch|p2a: Blaziken|Blaziken, M|100/100
|move|p1a: Garganacl|Recover|p1a: Garganacl
|-heal|p1a: Garganacl|100/100
|
|-weather|SunnyDay|[upkeep]
|upkeep
|turn|6
|
|t:|1769329055
|move|p2a: Blaziken|Close Combat|p1a: Garganacl
|-supereffective|p1a: Garganacl
|-damage|p1a: Garganacl|0 fnt
|-unboost|p2a: Blaziken|def|1
|-unboost|p2a: Blaziken|spd|1
|faint|p1a: Garganacl
|-damage|p2a: Blaziken|91/100|[from] item: Life Orb
|
|-weather|SunnyDay|[upkeep]
|-ability|p2a: Blaziken|Speed Boost|boost
|-boost|p2a: Blaziken|spe|1
|upkeep
|
|t:|1769329059
|switch|p1a: Ceruledge|Ceruledge, M|100/100
|-damage|p1a: Ceruledge|76/100|[from] Stealth Rock
|-item|p1a: Ceruledge|Air Balloon
|turn|7
|
|t:|1769329065
|switch|p2a: Glimmora|Glimmora, F|100/100
|move|p1a: Ceruledge|Swords Dance|p1a: Ceruledge
|-boost|p1a: Ceruledge|atk|2
|
|-weather|SunnyDay|[upkeep]
|upkeep
|turn|8
|
|t:|1769329075
|move|p2a: Glimmora|Mortal Spin|p1a: Ceruledge
|-resisted|p1a: Ceruledge
|-damage|p1a: Ceruledge|72/100
|-status|p1a: Ceruledge|psn
|-ability|p1a: Ceruledge|Weak Armor|boost
|-unboost|p1a: Ceruledge|def|1
|-boost|p1a: Ceruledge|spe|2
|-enditem|p1a: Ceruledge|Air Balloon
|move|p1a: Ceruledge|Close Combat|p2a: Glimmora
|-damage|p2a: Glimmora|10/100
|-unboost|p1a: Ceruledge|def|1
|-unboost|p1a: Ceruledge|spd|1
|-activate|p2a: Glimmora|ability: Toxic Debris
|-sidestart|p1: kiko5bolas|move: Toxic Spikes
|
|-weather|none
|-damage|p1a: Ceruledge|59/100 psn|[from] psn
|upkeep
|turn|9
|
|t:|1769329093
|move|p1a: Ceruledge|Bitter Blade|p2a: Glimmora
|-resisted|p2a: Glimmora
|-damage|p2a: Glimmora|0 fnt
|-heal|p1a: Ceruledge|64/100 psn|[from] drain|[of] p2a: Glimmora
|-activate|p2a: Glimmora|ability: Toxic Debris
|-sidestart|p1: kiko5bolas|move: Toxic Spikes
|faint|p2a: Glimmora
|
|-damage|p1a: Ceruledge|52/100 psn|[from] psn
|upkeep
|
|t:|1769329098
|switch|p2a: Zapdos|Zapdos|100/100
|turn|10
|
|t:|1769329105
|move|p1a: Ceruledge|Bitter Blade|p2a: Zapdos
|-damage|p2a: Zapdos|30/100
|-heal|p1a: Ceruledge|98/100 psn|[from] drain|[of] p2a: Zapdos
|move|p2a: Zapdos|Hurricane|p1a: Ceruledge
|-damage|p1a: Ceruledge|16/100 psn
|
|-damage|p1a: Ceruledge|3/100 psn|[from] psn
|upkeep
|turn|11
|
|t:|1769329116
|move|p1a: Ceruledge|Bitter Blade|p2a: Zapdos
|-damage|p2a: Zapdos|0 fnt
|-heal|p1a: Ceruledge|23/100 psn|[from] drain|[of] p2a: Zapdos
|faint|p2a: Zapdos
|
|-damage|p1a: Ceruledge|10/100 psn|[from] psn
|upkeep
|
|t:|1769329121
|switch|p2a: Zamazenta|Zamazenta|100/100
|-ability|p2a: Zamazenta|Dauntless Shield|boost
|-boost|p2a: Zamazenta|def|1
|turn|12
|
|t:|1769329130
|move|p1a: Ceruledge|Bitter Blade|p2a: Zamazenta
|-damage|p2a: Zamazenta|58/100
|-heal|p1a: Ceruledge|39/100 psn|[from] drain|[of] p2a: Zamazenta
|move|p2a: Zamazenta|Crunch|p1a: Ceruledge
|-supereffective|p1a: Ceruledge
|-damage|p1a: Ceruledge|0 fnt
|faint|p1a: Ceruledge
|
|-heal|p2a: Zamazenta|64/100|[from] item: Leftovers
|upkeep
|
|t:|1769329145
|switch|p1a: Iron Valiant|Iron Valiant|100/100
|-damage|p1a: Iron Valiant|94/100|[from] Stealth Rock
|-status|p1a: Iron Valiant|tox
|-enditem|p1a: Iron Valiant|Booster Energy
|-activate|p1a: Iron Valiant|ability: Quark Drive|[fromitem]
|-start|p1a: Iron Valiant|quarkdrivespe
|turn|13
|
|t:|1769329157
|switch|p2a: Slowking|Slowking-Galar, M|100/100
|-terastallize|p1a: Iron Valiant|Fairy
|move|p1a: Iron Valiant|Moonblast|p2a: Slowking
|-resisted|p2a: Slowking
|-damage|p2a: Slowking|83/100
|-unboost|p2a: Slowking|spa|1
|
|-damage|p1a: Iron Valiant|88/100 tox|[from] psn
|upkeep
|turn|14
|
|t:|1769329164
|-end|p1a: Iron Valiant|Quark Drive|[silent]
|switch|p1a: Metagross|Metagross|100/100
|-damage|p1a: Metagross|94/100|[from] Stealth Rock
|move|p2a: Slowking|Sludge Bomb|p1a: Metagross
|-immune|p1a: Metagross
|
|upkeep
|turn|15
|
|t:|1769329174
|move|p1a: Metagross|Earthquake|p2a: Slowking
|-supereffective|p2a: Slowking
|-damage|p2a: Slowking|2/100
|move|p2a: Slowking|Thunder Wave|p1a: Metagross
|-status|p1a: Metagross|par
|
|upkeep
|turn|16
|
|t:|1769329180
|move|p1a: Metagross|Earthquake|p2a: Slowking
|-supereffective|p2a: Slowking
|-damage|p2a: Slowking|0 fnt
|faint|p2a: Slowking
|
|upkeep
|
|t:|1769329186
|switch|p2a: Blaziken|Blaziken, M|91/100
|turn|17
|
|t:|1769329193
|-terastallize|p2a: Blaziken|Fighting
|move|p2a: Blaziken|Swords Dance|p2a: Blaziken
|-boost|p2a: Blaziken|atk|2
|move|p1a: Metagross|Zen Headbutt|p2a: Blaziken
|-supereffective|p2a: Blaziken
|-damage|p2a: Blaziken|0 fnt
|faint|p2a: Blaziken
|
|upkeep
|
|t:|1769329201
|switch|p2a: Dragapult|Dragapult, M|58/100
|turn|18
|
|t:|1769329210
|move|p2a: Dragapult|Shadow Ball|p1a: Metagross
|-supereffective|p1a: Metagross
|-damage|p1a: Metagross|23/100 par
|move|p1a: Metagross|Meteor Mash|p2a: Dragapult
|-damage|p2a: Dragapult|0 fnt
|faint|p2a: Dragapult
|
|upkeep
|
|t:|1769329216
|switch|p2a: Zamazenta|Zamazenta|64/100
|turn|19
|
|t:|1769329222
|move|p2a: Zamazenta|Iron Defense|p2a: Zamazenta
|-boost|p2a: Zamazenta|def|2
|move|p1a: Metagross|Zen Headbutt|p2a: Zamazenta
|-supereffective|p2a: Zamazenta
|-damage|p2a: Zamazenta|29/100
|
|-heal|p2a: Zamazenta|35/100|[from] item: Leftovers
|upkeep
|turn|20
|
|t:|1769329230
|move|p2a: Zamazenta|Body Press|p1a: Metagross
|-damage|p1a: Metagross|0 fnt
|faint|p1a: Metagross
|
|-heal|p2a: Zamazenta|41/100|[from] item: Leftovers
|upkeep
|
|t:|1769329237
|switch|p1a: Iron Valiant|Iron Valiant, tera:Fairy|88/100 tox
|-damage|p1a: Iron Valiant|76/100 tox|[from] Stealth Rock
|turn|21
|
|t:|1769329246
|move|p2a: Zamazenta|Body Press|p1a: Iron Valiant
|-resisted|p1a: Iron Valiant
|-damage|p1a: Iron Valiant|32/100 tox
|move|p1a: Iron Valiant|Destiny Bond|p1a: Iron Valiant
|-singlemove|p1a: Iron Valiant|Destiny Bond
|
|-heal|p2a: Zamazenta|47/100|[from] item: Leftovers
|-damage|p1a: Iron Valiant|25/100 tox|[from] psn
|upkeep
|turn|22
|
|t:|1769329256
|move|p2a: Zamazenta|Body Press|p1a: Iron Valiant
|-resisted|p1a: Iron Valiant
|-damage|p1a: Iron Valiant|0 fnt
|faint|p1a: Iron Valiant
|-activate|p1a: Iron Valiant|move: Destiny Bond
|-end|p1a: Iron Valiant|Quark Drive|[silent]
|faint|p2a: Zamazenta
|
|win|kiko5bolas
|raw|kiko5bolas's rating: 1160 &rarr; <strong>1190</strong><br />(+30 for winning)
|raw|Adrienstrate's rating: 1234 &rarr; <strong>1204</strong><br />(-30 for losing)
