|j|☆haitianprinc3
|j|☆FurretFan13
|t:|1769298530
|gametype|singles
|player|p1|haitianprinc3|marshal|1360
|player|p2|FurretFan13|elesa|1361
|gen|9
|tier|[Gen 9] OU
|rated|
|rule|HP Percentage Mod: HP is shown in percentages
|rule|Endless Battle Clause: Forcing endless battles is banned
|rule|Species Clause: Limit one of each Pokémon
|rule|OHKO Clause: OHKO moves are banned
|rule|Evasion Items Clause: Evasion items are banned
|rule|Evasion Moves Clause: Evasion moves are banned
|rule|Evasion Abilities Clause: Evasion abilities are banned
|rule|Sleep Moves Clause: Sleep-inducing moves are banned
|clearpoke
|poke|p1|Politoed, M|
|poke|p1|Landorus-Therian, M|
|poke|p1|Goodra, F|
|poke|p1|Floatzel, F|
|poke|p1|Azumarill, F|
|poke|p1|Volcanion|
|poke|p2|Sunflora, F|
|poke|p2|Hoopa-Unbound|
|poke|p2|Torkoal, M|
|poke|p2|Hatterene, F|
|poke|p2|Ursaluna, M|
|poke|p2|Cresselia, F|
|teampreview
|inactive|Battle timer is ON: inactive players will automatically lose when time's up. (requested by FurretFan13)
|
|t:|1769298557
|teamsize|p1|6
|teamsize|p2|6
|start
|switch|p1a: Goodra|Goodra, F|100/100
|switch|p2a: Hattervoir|Hatterene, F, shiny|100/100
|turn|1
|
|t:|1769298564
|move|p1a: Goodra|Sludge Bomb|p2a: Hattervoir
|-supereffective|p2a: Hattervoir
|-damage|p2a: Hattervoir|16/100
|move|p2a: Hattervoir|Trick Room|p2a: Hattervoir
|-fieldstart|move: Trick Room|[of] p2a: Hattervoir
|
|upkeep
|turn|2
|
|t:|1769298573
|switch|p1a: Volcanion|Volcanion|100/100
|move|p2a: Hattervoir|Healing Wish|p2a: Hattervoir
|faint|p2a: Hattervoir
|
|upkeep
|
|t:|1769298581
|switch|p2a: Freddy|Ursaluna, M, shiny|100/100
|turn|3
|
|t:|1769298591
|-terastallize|p1a: Volcanion|Water
|move|p2a: Freddy|Facade|p1a: Volcanion
|-damage|p1a: Volcanion|67/100
|move|p1a: Volcanion|Steam Eruption|p2a: Freddy
|-supereffective|p2a: Freddy
|-damage|p2a: Freddy|0 fnt
|faint|p2a: Freddy
|
|upkeep
|
|t:|1769298611
|switch|p2a: FlowerPower|Sunflora, F|100/100
|turn|4
|
|t:|1769298619
|switch|p1a: Goodra|Goodra, F|100/100
|move|p2a: FlowerPower|Giga Drain|p1a: Goodra
|-ability|p1a: Goodra|Sap Sipper|boost
|-boost|p1a: Goodra|atk|1
|
|upkeep
|turn|5
|
|t:|1769298631
|-terastallize|p2a: FlowerPower|Fairy
|move|p2a: FlowerPower|Dazzling Gleam|p1a: Goodra
|-supereffective|p1a: Goodra
|-damage|p1a: Goodra|26/100
|move|p1a: Goodra|Draco Meteor|p2a: FlowerPower
|-immune|p2a: FlowerPower
|
|-fieldend|move: Trick Room
|upkeep
|turn|6
|
|t:|1769298640
|switch|p1a: Volcanion|Volcanion, tera:Water|67/100
|switch|p2a: Shellfire|Torkoal, M, shiny|100/100
|-weather|SunnyDay|[from] ability: Drought|[of] p2a: Shellfire
|
|-weather|SunnyDay|[upkeep]
|upkeep
|turn|7
|
|t:|1769298648
|move|p1a: Volcanion|Earth Power|p2a: Shellfire
|-supereffective|p2a: Shellfire
|-damage|p2a: Shellfire|4/100
|move|p2a: Shellfire|Overheat|p1a: Volcanion
|-resisted|p1a: Volcanion
|-damage|p1a: Volcanion|38/100
|-unboost|p2a: Shellfire|spa|2
|-enditem|p2a: Shellfire|Eject Pack
|
|t:|1769298657
|switch|p2a: FlowerPower|Sunflora, F, tera:Fairy|100/100
|
|-weather|SunnyDay|[upkeep]
|-damage|p2a: FlowerPower|88/100|[from] ability: Solar Power|[of] p2a: FlowerPower
|upkeep
|turn|8
|
|t:|1769298663
|move|p1a: Volcanion|Sludge Wave|p2a: FlowerPower
|-supereffective|p2a: FlowerPower
|-damage|p2a: FlowerPower|7/100
|move|p2a: FlowerPower|Giga Drain|p1a: Volcanion
|-supereffective|p1a: Volcanion
|-damage|p1a: Volcanion|0 fnt
|-heal|p2a: FlowerPower|27/100|[from] drain|[of] p1a: Volcanion
|faint|p1a: Volcanion
|
|-weather|SunnyDay|[upkeep]
|-damage|p2a: FlowerPower|15/100|[from] ability: Solar Power|[of] p2a: FlowerPower
|upkeep
|
|t:|1769298687
|switch|p1a: Goodra|Goodra, F|26/100
|turn|9
|
|t:|1769298695
|switch|p2a: Cresselia|Cresselia, F, shiny|100/100
|move|p1a: Goodra|Ice Beam|p2a: Cresselia
|-damage|p2a: Cresselia|75/100
|
|-weather|SunnyDay|[upkeep]
|upkeep
|turn|10
|
|t:|1769298705
|switch|p1a: Politoed|Politoed, M|100/100
|-weather|RainDance|[from] ability: Drizzle|[of] p1a: Politoed
|move|p2a: Cresselia|Trick Room|p2a: Cresselia
|-fieldstart|move: Trick Room|[of] p2a: Cresselia
|
|-weather|RainDance|[upkeep]
|upkeep
|turn|11
|
|t:|1769298714
|switch|p2a: FlowerPower|Sunflora, F, tera:Fairy|15/100
|-heal|p2a: FlowerPower|100/100|[from] move: Healing Wish
|move|p1a: Politoed|Surf|p2a: FlowerPower
|-damage|p2a: FlowerPower|35/100
|
|-weather|RainDance|[upkeep]
|upkeep
|turn|12
|
|t:|1769298724
|switch|p1a: Goodra|Goodra, F|26/100
|move|p2a: FlowerPower|Giga Drain|p1a: Goodra
|-ability|p1a: Goodra|Sap Sipper|boost
|-boost|p1a: Goodra|atk|1
|
|-weather|RainDance|[upkeep]
|upkeep
|turn|13
|
|t:|1769298742
|move|p2a: FlowerPower|Dazzling Gleam|p1a: Goodra
|-supereffective|p1a: Goodra
|-damage|p1a: Goodra|0 fnt
|faint|p1a: Goodra
|
|-weather|RainDance|[upkeep]
|upkeep
|
|t:|1769298750
|switch|p1a: Azumarill|Azumarill, F|100/100
|turn|14
|
|t:|1769298754
|move|p1a: Azumarill|Aqua Jet|p2a: FlowerPower
|-damage|p2a: FlowerPower|0 fnt
|faint|p2a: FlowerPower
|
|-weather|RainDance|[upkeep]
|-fieldend|move: Trick Room
|upkeep
|-message|FurretFan13 forfeited.
|
|win|haitianprinc3
|raw|haitianprinc3's rating: 1360 &rarr; <strong>1380</strong><br />(+20 for winning)
|raw|FurretFan13's rating: 1361 &rarr; <strong>1341</strong><br />(-20 for losing)
|l|☆FurretFan13
|player|p2|
|l|☆haitianprinc3
|player|p1|
