|j|‽mijumaru94
|j|☆big dog jimbo
|t:|1769295510
|gametype|singles
|player|p1|mijumaru94|silver|1198
|player|p2|big dog jimbo|crasherwake|1254
|gen|9
|tier|[Gen 9] OU
|rated|
|rule|HP Percentage Mod: HP is shown in percentages
|rule|Endless Battle Clause: Forcing endless battles is banned
|rule|Species Clause: Limit one of each Pokémon
|rule|OHKO Clause: OHKO moves are banned
|rule|Evasion Items Clause: Evasion items are banned
|rule|Evasion Moves Clause: Evasion moves are banned
|rule|Evasion Abilities Clause: Evasion abilities are banned
|rule|Sleep Moves Clause: Sleep-inducing moves are banned
|clearpoke
|poke|p1|Rillaboom, M|
|poke|p1|Raging Bolt|
|poke|p1|Heatran, M|
|poke|p1|Corviknight, M|
|poke|p1|Great Tusk|
|poke|p1|Dragapult, M|
|poke|p2|Garganacl, F|
|poke|p2|Dragonite, F|
|poke|p2|Cinderace, F|
|poke|p2|Ogerpon-Wellspring, F|
|poke|p2|Gholdengo|
|poke|p2|Iron Valiant|
|teampreview
|inactive|Battle timer is ON: inactive players will automatically lose when time's up. (requested by big dog jimbo)
|
|t:|1769295527
|teamsize|p1|6
|teamsize|p2|6
|start
|switch|p1a: Great Tusk|Great Tusk|100/100
|switch|p2a: Ogerpon|Ogerpon-Wellspring, F|100/100
|turn|1
|
|t:|1769295551
|-end|p1a: Great Tusk|Protosynthesis|[silent]
|switch|p1a: Corviknight|Corviknight, M, shiny|100/100
|-ability|p1a: Corviknight|Pressure
|move|p2a: Ogerpon|Ivy Cudgel|p1a: Corviknight|[anim] Ivy Cudgel Water
|-damage|p1a: Corviknight|64/100
|
|upkeep
|turn|2
|
|t:|1769295561
|switch|p2a: Gholdengo|Gholdengo|100/100
|move|p1a: Corviknight|U-turn|p2a: Gholdengo
|-resisted|p2a: Gholdengo
|-damage|p2a: Gholdengo|98/100
|
|t:|1769295571
|switch|p1a: Heatran|Heatran, M|100/100|[from] U-turn
|
|-heal|p2a: Gholdengo|100/100|[from] item: Leftovers
|upkeep
|turn|3
|
|t:|1769295578
|move|p2a: Gholdengo|Thunder Wave|p1a: Heatran
|-status|p1a: Heatran|par
|cant|p1a: Heatran|par
|
|upkeep
|turn|4
|
|t:|1769295584
|switch|p2a: Cinderace|Cinderace, F|100/100
|cant|p1a: Heatran|par
|
|upkeep
|turn|5
|
|t:|1769295592
|switch|p2a: Mr. Stall|Garganacl, F|100/100
|switch|p1a: Great Tusk|Great Tusk|100/100
|
|upkeep
|turn|6
|
|t:|1769295620
|move|p2a: Mr. Stall|Protect|p2a: Mr. Stall
|-singleturn|p2a: Mr. Stall|Protect
|move|p1a: Great Tusk|Knock Off|p2a: Mr. Stall
|-activate|p2a: Mr. Stall|move: Protect
|
|upkeep
|turn|7
|
|t:|1769295628
|move|p1a: Great Tusk|Knock Off|p2a: Mr. Stall
|-damage|p2a: Mr. Stall|83/100
|-enditem|p2a: Mr. Stall|Leftovers|[from] move: Knock Off|[of] p1a: Great Tusk
|move|p2a: Mr. Stall|Curse|p2a: Mr. Stall
|-unboost|p2a: Mr. Stall|spe|1
|-boost|p2a: Mr. Stall|atk|1
|-boost|p2a: Mr. Stall|def|1
|
|upkeep
|turn|8
|
|t:|1769295637
|-terastallize|p2a: Mr. Stall|Ghost
|move|p1a: Great Tusk|Stealth Rock|p2a: Mr. Stall
|-sidestart|p2: big dog jimbo|move: Stealth Rock
|move|p2a: Mr. Stall|Salt Cure|p1a: Great Tusk
|-resisted|p1a: Great Tusk
|-damage|p1a: Great Tusk|98/100
|-start|p1a: Great Tusk|Salt Cure
|
|-damage|p1a: Great Tusk|86/100|[from] Salt Cure
|upkeep
|turn|9
|
|t:|1769295646
|move|p1a: Great Tusk|Knock Off|p2a: Mr. Stall
|-supereffective|p2a: Mr. Stall
|-damage|p2a: Mr. Stall|69/100
|move|p2a: Mr. Stall|Salt Cure|p1a: Great Tusk
|-resisted|p1a: Great Tusk
|-damage|p1a: Great Tusk|83/100
|
|-damage|p1a: Great Tusk|71/100|[from] Salt Cure
|upkeep
|turn|10
|
|t:|1769295665
|-end|p1a: Great Tusk|Protosynthesis|[silent]
|switch|p1a: Corviknight|Corviknight, M, shiny|64/100
|-ability|p1a: Corviknight|Pressure
|move|p2a: Mr. Stall|Recover|p2a: Mr. Stall
|-heal|p2a: Mr. Stall|100/100
|
|upkeep
|turn|11
|
|t:|1769295678
|move|p1a: Corviknight|Roost|p1a: Corviknight
|-heal|p1a: Corviknight|100/100
|-singleturn|p1a: Corviknight|move: Roost
|move|p2a: Mr. Stall|Salt Cure|p1a: Corviknight
|-resisted|p1a: Corviknight
|-damage|p1a: Corviknight|94/100
|-start|p1a: Corviknight|Salt Cure
|
|-damage|p1a: Corviknight|69/100|[from] Salt Cure
|upkeep
|turn|12
|
|t:|1769295702
|move|p1a: Corviknight|U-turn|p2a: Mr. Stall
|-resisted|p2a: Mr. Stall
|-damage|p2a: Mr. Stall|98/100
|
|t:|1769295707
|switch|p1a: Raging Bolt|Raging Bolt|100/100|[from] U-turn
|-enditem|p1a: Raging Bolt|Booster Energy
|-activate|p1a: Raging Bolt|ability: Protosynthesis|[fromitem]
|-start|p1a: Raging Bolt|protosynthesisspa
|move|p2a: Mr. Stall|Salt Cure|p1a: Raging Bolt
|-damage|p1a: Raging Bolt|83/100
|-start|p1a: Raging Bolt|Salt Cure
|
|-damage|p1a: Raging Bolt|70/100|[from] Salt Cure
|upkeep
|turn|13
|
|t:|1769295728
|move|p1a: Raging Bolt|Draco Meteor|p2a: Mr. Stall
|-damage|p2a: Mr. Stall|19/100
|-unboost|p1a: Raging Bolt|spa|2
|move|p2a: Mr. Stall|Curse|p1a: Raging Bolt
|-start|p1a: Raging Bolt|Curse|[of] p2a: Mr. Stall
|-damage|p2a: Mr. Stall|0 fnt
|faint|p2a: Mr. Stall
|
|-damage|p1a: Raging Bolt|45/100|[from] Curse
|-damage|p1a: Raging Bolt|33/100|[from] Salt Cure
|upkeep
|
|t:|1769295736
|switch|p2a: Cinderace|Cinderace, F|100/100
|turn|14
|
|t:|1769295740
|-end|p1a: Raging Bolt|Protosynthesis|[silent]
|switch|p1a: Heatran|Heatran, M|100/100 par
|move|p2a: Cinderace|Court Change|p2a: Cinderace
|-start|p2a: Cinderace|typechange|Normal|[from] ability: Libero
|-swapsideconditions
|-activate|p2a: Cinderace|move: Court Change
|
|upkeep
|turn|15
|
|t:|1769295748
|move|p2a: Cinderace|U-turn|p1a: Heatran
|-resisted|p1a: Heatran
|-damage|p1a: Heatran|96/100 par
|
|t:|1769295752
|switch|p2a: Ogerpon|Ogerpon-Wellspring, F|100/100|[from] U-turn
|move|p1a: Heatran|Taunt|p2a: Ogerpon
|-start|p2a: Ogerpon|move: Taunt
|
|-heal|p1a: Heatran|100/100 par|[from] item: Leftovers
|upkeep
|turn|16
|
|t:|1769295763
|switch|p1a: Corviknight|Corviknight, M, shiny|69/100
|-damage|p1a: Corviknight|56/100|[from] Stealth Rock
|-ability|p1a: Corviknight|Pressure
|move|p2a: Ogerpon|Knock Off|p1a: Corviknight
|-damage|p1a: Corviknight|35/100
|-damage|p2a: Ogerpon|84/100|[from] item: Rocky Helmet|[of] p1a: Corviknight
|-enditem|p1a: Corviknight|Rocky Helmet|[from] move: Knock Off|[of] p2a: Ogerpon
|
|upkeep
|turn|17
|
|t:|1769295774
|move|p2a: Ogerpon|Ivy Cudgel|p1a: Corviknight|[anim] Ivy Cudgel Water
|-damage|p1a: Corviknight|1/100
|move|p1a: Corviknight|Roost|p1a: Corviknight
|-heal|p1a: Corviknight|51/100
|-singleturn|p1a: Corviknight|move: Roost
|
|-end|p2a: Ogerpon|move: Taunt
|upkeep
|turn|18
|
|t:|1769295782
|move|p2a: Ogerpon|Encore|p1a: Corviknight
|-start|p1a: Corviknight|Encore
|move|p1a: Corviknight|Roost|p1a: Corviknight
|-heal|p1a: Corviknight|100/100
|-singleturn|p1a: Corviknight|move: Roost
|
|upkeep
|turn|19
|
|t:|1769295797
|switch|p1a: Raging Bolt|Raging Bolt|33/100
|-damage|p1a: Raging Bolt|21/100|[from] Stealth Rock
|move|p2a: Ogerpon|Knock Off|p1a: Raging Bolt
|-damage|p1a: Raging Bolt|0 fnt
|faint|p1a: Raging Bolt
|-end|p1a: Raging Bolt|Protosynthesis|[silent]
|
|upkeep
|
|t:|1769295804
|switch|p1a: Heatran|Heatran, M|100/100 par
|-damage|p1a: Heatran|88/100 par|[from] Stealth Rock
|turn|20
|
|t:|1769295813
|switch|p1a: Corviknight|Corviknight, M, shiny|100/100
|-damage|p1a: Corviknight|88/100|[from] Stealth Rock
|-ability|p1a: Corviknight|Pressure
|move|p2a: Ogerpon|Ivy Cudgel|p1a: Corviknight|[anim] Ivy Cudgel Water
|-damage|p1a: Corviknight|52/100
|
|upkeep
|turn|21
|
|t:|1769295823
|move|p2a: Ogerpon|Ivy Cudgel|p1a: Corviknight|[anim] Ivy Cudgel Water
|-damage|p1a: Corviknight|13/100
|move|p1a: Corviknight|U-turn|p2a: Ogerpon
|-supereffective|p2a: Ogerpon
|-damage|p2a: Ogerpon|49/100
|
|t:|1769295830
|switch|p1a: Rillaboom|Rillaboom, M|100/100|[from] U-turn
|-damage|p1a: Rillaboom|88/100|[from] Stealth Rock
|-fieldstart|move: Grassy Terrain|[from] ability: Grassy Surge|[of] p1a: Rillaboom
|
|-heal|p2a: Ogerpon|55/100|[from] Grassy Terrain
|-heal|p1a: Rillaboom|94/100|[from] Grassy Terrain
|upkeep
|turn|22
|
|t:|1769295841
|move|p1a: Rillaboom|Grassy Glide|p2a: Ogerpon
|-damage|p2a: Ogerpon|0 fnt
|faint|p2a: Ogerpon
|
|-heal|p1a: Rillaboom|100/100|[from] Grassy Terrain
|upkeep
|
|t:|1769295845
|switch|p2a: Gholdengo|Gholdengo|100/100
|turn|23
|
|t:|1769295854
|move|p1a: Rillaboom|Grassy Glide|p2a: Gholdengo
|-resisted|p2a: Gholdengo
|-damage|p2a: Gholdengo|75/100
|move|p2a: Gholdengo|Thunder Wave|p1a: Rillaboom
|-status|p1a: Rillaboom|par
|
|-heal|p2a: Gholdengo|81/100|[from] Grassy Terrain
|-heal|p2a: Gholdengo|87/100|[from] item: Leftovers
|upkeep
|turn|24
|
|t:|1769295864
|switch|p1a: Great Tusk|Great Tusk|71/100
|move|p2a: Gholdengo|Hex|p1a: Great Tusk
|-damage|p1a: Great Tusk|33/100
|
|-heal|p1a: Great Tusk|40/100|[from] Grassy Terrain
|-heal|p2a: Gholdengo|94/100|[from] Grassy Terrain
|-heal|p2a: Gholdengo|99/100|[from] item: Leftovers
|upkeep
|turn|25
|
|t:|1769295872
|switch|p2a: Dragonite|Dragonite, F|100/100
|move|p1a: Great Tusk|Stealth Rock|p2a: Dragonite
|-sidestart|p2: big dog jimbo|move: Stealth Rock
|
|-heal|p1a: Great Tusk|46/100|[from] Grassy Terrain
|-fieldend|move: Grassy Terrain
|upkeep
|turn|26
|
|t:|1769295879
|move|p1a: Great Tusk|Rapid Spin|p2a: Dragonite
|-damage|p2a: Dragonite|86/100
|-boost|p1a: Great Tusk|spe|1
|-sideend|p1: mijumaru94|Stealth Rock|[from] move: Rapid Spin|[of] p1a: Great Tusk
|move|p2a: Dragonite|Dragon Dance|p2a: Dragonite
|-boost|p2a: Dragonite|atk|1
|-boost|p2a: Dragonite|spe|1
|
|upkeep
|turn|27
|
|t:|1769295887
|move|p1a: Great Tusk|Knock Off|p2a: Dragonite
|-damage|p2a: Dragonite|60/100
|-enditem|p2a: Dragonite|Weakness Policy|[from] move: Knock Off|[of] p1a: Great Tusk
|move|p2a: Dragonite|Dragon Dance|p2a: Dragonite
|-boost|p2a: Dragonite|atk|1
|-boost|p2a: Dragonite|spe|1
|
|upkeep
|turn|28
|
|t:|1769295899
|move|p2a: Dragonite|Extreme Speed|p1a: Great Tusk
|-damage|p1a: Great Tusk|17/100
|move|p1a: Great Tusk|Rapid Spin|p2a: Dragonite
|-damage|p2a: Dragonite|46/100
|-boost|p1a: Great Tusk|spe|1
|
|upkeep
|turn|29
|
|t:|1769295906
|move|p2a: Dragonite|Extreme Speed|p1a: Great Tusk
|-damage|p1a: Great Tusk|0 fnt
|faint|p1a: Great Tusk
|-end|p1a: Great Tusk|Protosynthesis|[silent]
|
|upkeep
|
|t:|1769295912
|switch|p1a: Dragapult|Dragapult, M|100/100
|turn|30
|
|t:|1769295917
|-terastallize|p1a: Dragapult|Ghost
|move|p2a: Dragonite|Ice Spinner|p1a: Dragapult
|-damage|p1a: Dragapult|17/100
|move|p1a: Dragapult|Draco Meteor|p2a: Dragonite
|-supereffective|p2a: Dragonite
|-damage|p2a: Dragonite|0 fnt
|-unboost|p1a: Dragapult|spa|2
|faint|p2a: Dragonite
|
|upkeep
|
|t:|1769295932
|switch|p2a: Iron Valiant|Iron Valiant|100/100
|-damage|p2a: Iron Valiant|94/100|[from] Stealth Rock
|-enditem|p2a: Iron Valiant|Booster Energy
|-activate|p2a: Iron Valiant|ability: Quark Drive|[fromitem]
|-start|p2a: Iron Valiant|quarkdrivespe
|turn|31
|
|t:|1769295946
|switch|p1a: Corviknight|Corviknight, M, shiny|13/100
|-ability|p1a: Corviknight|Pressure
|move|p2a: Iron Valiant|Hex|p1a: Corviknight
|-damage|p1a: Corviknight|0 fnt
|faint|p1a: Corviknight
|
|upkeep
|
|t:|1769295956
|switch|p1a: Heatran|Heatran, M|88/100 par
|turn|32
|
|t:|1769295963
|move|p2a: Iron Valiant|Aura Sphere|p1a: Heatran
|-supereffective|p1a: Heatran
|-damage|p1a: Heatran|38/100 par
|move|p1a: Heatran|Magma Storm|p2a: Iron Valiant
|-damage|p2a: Iron Valiant|20/100
|-activate|p2a: Iron Valiant|move: Magma Storm|[of] p1a: Heatran
|
|-heal|p1a: Heatran|44/100 par|[from] item: Leftovers
|-damage|p2a: Iron Valiant|7/100|[from] move: Magma Storm|[partiallytrapped]
|upkeep
|turn|33
|inactive|big dog jimbo has 120 seconds left.
|
|t:|1769296005
|move|p1a: Heatran|Protect|p1a: Heatran
|-singleturn|p1a: Heatran|Protect
|move|p2a: Iron Valiant|Hex|p1a: Heatran
|-activate|p1a: Heatran|move: Protect
|
|-heal|p1a: Heatran|50/100 par|[from] item: Leftovers
|-damage|p2a: Iron Valiant|0 fnt|[from] move: Magma Storm|[partiallytrapped]
|faint|p2a: Iron Valiant
|-end|p2a: Iron Valiant|Quark Drive|[silent]
|upkeep
|
|t:|1769296008
|switch|p2a: Cinderace|Cinderace, F|100/100
|turn|34
|
|t:|1769296021
|switch|p1a: Dragapult|Dragapult, M, tera:Ghost|17/100
|move|p2a: Cinderace|Court Change|p2a: Cinderace
|-start|p2a: Cinderace|typechange|Normal|[from] ability: Libero
|-swapsideconditions
|-activate|p2a: Cinderace|move: Court Change
|
|upkeep
|turn|35
|
|t:|1769296035
|move|p2a: Cinderace|Sucker Punch|p1a: Dragapult
|-supereffective|p1a: Dragapult
|-damage|p1a: Dragapult|0 fnt
|faint|p1a: Dragapult
|
|upkeep
|
|t:|1769296039
|switch|p1a: Rillaboom|Rillaboom, M|100/100 par
|-damage|p1a: Rillaboom|88/100 par|[from] Stealth Rock
|-fieldstart|move: Grassy Terrain|[from] ability: Grassy Surge|[of] p1a: Rillaboom
|turn|36
|
|t:|1769296048
|move|p1a: Rillaboom|Grassy Glide|p2a: Cinderace
|-damage|p2a: Cinderace|8/100
|move|p2a: Cinderace|Pyro Ball|p1a: Rillaboom
|-supereffective|p1a: Rillaboom
|-damage|p1a: Rillaboom|5/100 par
|
|-heal|p2a: Cinderace|14/100|[from] Grassy Terrain
|-heal|p1a: Rillaboom|12/100 par|[from] Grassy Terrain
|upkeep
|turn|37
|
|t:|1769296056
|move|p2a: Cinderace|Sucker Punch|p1a: Rillaboom
|-damage|p1a: Rillaboom|0 fnt
|faint|p1a: Rillaboom
|
|-heal|p2a: Cinderace|20/100|[from] Grassy Terrain
|upkeep
|
|t:|1769296061
|switch|p1a: Heatran|Heatran, M|50/100 par
|-damage|p1a: Heatran|38/100 par|[from] Stealth Rock
|turn|38
|
|t:|1769296068
|move|p1a: Heatran|Protect|p1a: Heatran
|-singleturn|p1a: Heatran|Protect
|move|p2a: Cinderace|U-turn|p1a: Heatran
|-activate|p1a: Heatran|move: Protect
|
|-heal|p2a: Cinderace|26/100|[from] Grassy Terrain
|-heal|p1a: Heatran|44/100 par|[from] Grassy Terrain
|-heal|p1a: Heatran|50/100 par|[from] item: Leftovers
|upkeep
|turn|39
|
|t:|1769296078
|move|p2a: Cinderace|U-turn|p1a: Heatran
|-resisted|p1a: Heatran
|-damage|p1a: Heatran|46/100 par
|
|t:|1769296081
|switch|p2a: Gholdengo|Gholdengo|99/100|[from] U-turn
|move|p1a: Heatran|Magma Storm|p2a: Gholdengo
|-supereffective|p2a: Gholdengo
|-damage|p2a: Gholdengo|18/100
|-activate|p2a: Gholdengo|move: Magma Storm|[of] p1a: Heatran
|
|-heal|p2a: Gholdengo|24/100|[from] Grassy Terrain
|-heal|p2a: Gholdengo|30/100|[from] item: Leftovers
|-heal|p1a: Heatran|52/100 par|[from] Grassy Terrain
|-heal|p1a: Heatran|58/100 par|[from] item: Leftovers
|-damage|p2a: Gholdengo|17/100|[from] move: Magma Storm|[partiallytrapped]
|upkeep
|turn|40
|
|t:|1769296094
|cant|p1a: Heatran|par
|move|p2a: Gholdengo|Hex|p1a: Heatran
|-damage|p1a: Heatran|24/100 par
|
|-heal|p2a: Gholdengo|23/100|[from] Grassy Terrain
|-heal|p2a: Gholdengo|29/100|[from] item: Leftovers
|-heal|p1a: Heatran|30/100 par|[from] Grassy Terrain
|-heal|p1a: Heatran|36/100 par|[from] item: Leftovers
|-damage|p2a: Gholdengo|17/100|[from] move: Magma Storm|[partiallytrapped]
|-fieldend|move: Grassy Terrain
|upkeep
|turn|41
|
|t:|1769296104
|cant|p1a: Heatran|par
|move|p2a: Gholdengo|Hex|p1a: Heatran
|-damage|p1a: Heatran|3/100 par
|
|-heal|p2a: Gholdengo|23/100|[from] item: Leftovers
|-heal|p1a: Heatran|10/100 par|[from] item: Leftovers
|-damage|p2a: Gholdengo|11/100|[from] move: Magma Storm|[partiallytrapped]
|upkeep
|turn|42
|
|t:|1769296113
|move|p1a: Heatran|Protect|p1a: Heatran
|-singleturn|p1a: Heatran|Protect
|move|p2a: Gholdengo|Hex|p1a: Heatran
|-activate|p1a: Heatran|move: Protect
|
|-heal|p2a: Gholdengo|17/100|[from] item: Leftovers
|-heal|p1a: Heatran|16/100 par|[from] item: Leftovers
|-damage|p2a: Gholdengo|4/100|[from] move: Magma Storm|[partiallytrapped]
|upkeep
|turn|43
|
|t:|1769296121
|move|p1a: Heatran|Protect|p1a: Heatran
|-singleturn|p1a: Heatran|Protect
|move|p2a: Gholdengo|Hex|p1a: Heatran
|-activate|p1a: Heatran|move: Protect
|
|-heal|p2a: Gholdengo|10/100|[from] item: Leftovers
|-heal|p1a: Heatran|22/100 par|[from] item: Leftovers
|-damage|p2a: Gholdengo|0 fnt|[from] move: Magma Storm|[partiallytrapped]
|faint|p2a: Gholdengo
|upkeep
|
|t:|1769296124
|switch|p2a: Cinderace|Cinderace, F|26/100
|turn|44
|
|t:|1769296132
|move|p2a: Cinderace|Pyro Ball|p1a: Heatran
|-start|p1a: Heatran|ability: Flash Fire
|move|p1a: Heatran|Magma Storm|p2a: Cinderace
|-resisted|p2a: Cinderace
|-damage|p2a: Cinderace|0 fnt
|faint|p2a: Cinderace
|
|win|mijumaru94
|raw|mijumaru94's rating: 1198 &rarr; <strong>1227</strong><br />(+29 for winning)
|raw|big dog jimbo's rating: 1254 &rarr; <strong>1225</strong><br />(-29 for losing)
|l|☆big dog jimbo
|player|p2|
