|j|☆ykykp
|j|☆Chigusa_24zono
|t:|1769348279
|gametype|singles
|player|p1|ykykp|169|1543
|player|p2|Chigusa_24zono|lass|1599
|gen|9
|tier|[Gen 9] OU
|rated|
|rule|HP Percentage Mod: HP is shown in percentages
|rule|Endless Battle Clause: Forcing endless battles is banned
|rule|Species Clause: Limit one of each Pokémon
|rule|OHKO Clause: OHKO moves are banned
|rule|Evasion Items Clause: Evasion items are banned
|rule|Evasion Moves Clause: Evasion moves are banned
|rule|Evasion Abilities Clause: Evasion abilities are banned
|rule|Sleep Moves Clause: Sleep-inducing moves are banned
|clearpoke
|poke|p1|Torkoal, F|
|poke|p1|Scovillain, F|
|poke|p1|Walking Wake|
|poke|p1|Hatterene, F|
|poke|p1|Great Tusk|
|poke|p1|Ceruledge, F|
|poke|p2|Iron Jugulis|
|poke|p2|Sandy Shocks|
|poke|p2|Manaphy|
|poke|p2|Latios, M|
|poke|p2|Scizor, F|
|poke|p2|Ogerpon, F|
|teampreview
|inactive|Battle timer is ON: inactive players will automatically lose when time's up. (requested by Chigusa_24zono)
|
|t:|1769348284
|teamsize|p1|6
|teamsize|p2|6
|start
|switch|p1a: Torkoal|Torkoal, F|100/100
|switch|p2a: Sandy Shocks|Sandy Shocks, shiny|100/100
|-weather|SunnyDay|[from] ability: Drought|[of] p1a: Torkoal
|-activate|p2a: Sandy Shocks|ability: Protosynthesis
|-start|p2a: Sandy Shocks|protosynthesisspe
|turn|1
|
|t:|1769348289
|switch|p1a: Hatterene|Hatterene, F, shiny|100/100
|move|p2a: Sandy Shocks|Earth Power|p1a: Hatterene
|-damage|p1a: Hatterene|63/100
|-unboost|p1a: Hatterene|spd|1
|-enditem|p1a: Hatterene|Eject Button
|
|t:|1769348291
|switch|p1a: Scovillain|Scovillain, F|100/100
|
|-weather|SunnyDay|[upkeep]
|upkeep
|turn|2
|
|t:|1769348307
|move|p1a: Scovillain|Flamethrower|p2a: Sandy Shocks
|-damage|p2a: Sandy Shocks|3/100
|-damage|p1a: Scovillain|91/100|[from] item: Life Orb
|move|p2a: Sandy Shocks|Stealth Rock|p1a: Scovillain
|-sidestart|p1: ykykp|move: Stealth Rock
|
|-weather|SunnyDay|[upkeep]
|upkeep
|turn|3
|
|t:|1769348311
|move|p1a: Scovillain|Giga Drain|p2a: Sandy Shocks
|-supereffective|p2a: Sandy Shocks
|-damage|p2a: Sandy Shocks|0 fnt
|-heal|p1a: Scovillain|92/100|[from] drain|[of] p2a: Sandy Shocks
|faint|p2a: Sandy Shocks
|-end|p2a: Sandy Shocks|Protosynthesis|[silent]
|-damage|p1a: Scovillain|82/100|[from] item: Life Orb
|
|-weather|SunnyDay|[upkeep]
|upkeep
|
|t:|1769348335
|switch|p2a: Iron Jugulis|Iron Jugulis, shiny|100/100
|-enditem|p2a: Iron Jugulis|Booster Energy
|-activate|p2a: Iron Jugulis|ability: Quark Drive|[fromitem]
|-start|p2a: Iron Jugulis|quarkdrivespe
|turn|4
|
|t:|1769348341
|move|p1a: Scovillain|Flamethrower|p2a: Iron Jugulis
|-damage|p2a: Iron Jugulis|0 fnt
|faint|p2a: Iron Jugulis
|-end|p2a: Iron Jugulis|Quark Drive|[silent]
|-damage|p1a: Scovillain|72/100|[from] item: Life Orb
|
|-weather|SunnyDay|[upkeep]
|upkeep
|
|t:|1769348353
|switch|p2a: Latios|Latios, M, shiny|100/100
|turn|5
|
|t:|1769348363
|switch|p1a: Hatterene|Hatterene, F, shiny|63/100
|-damage|p1a: Hatterene|50/100|[from] Stealth Rock
|move|p2a: Latios|Agility|p2a: Latios
|-boost|p2a: Latios|spe|2
|
|-weather|SunnyDay|[upkeep]
|upkeep
|turn|6
|
|t:|1769348384
|move|p2a: Latios|Calm Mind|p2a: Latios
|-boost|p2a: Latios|spa|1
|-boost|p2a: Latios|spd|1
|move|p1a: Hatterene|Draining Kiss|p2a: Latios
|-supereffective|p2a: Latios
|-damage|p2a: Latios|72/100
|-heal|p1a: Hatterene|75/100|[from] drain|[of] p2a: Latios
|-enditem|p2a: Latios|Weakness Policy
|-boost|p2a: Latios|atk|2|[from] item: Weakness Policy
|-boost|p2a: Latios|spa|2|[from] item: Weakness Policy
|
|-weather|SunnyDay|[upkeep]
|upkeep
|turn|7
|
|t:|1769348390
|move|p2a: Latios|Stored Power|p1a: Hatterene
|-resisted|p1a: Hatterene
|-damage|p1a: Hatterene|0 fnt
|faint|p1a: Hatterene
|
|-weather|SunnyDay|[upkeep]
|upkeep
|
|t:|1769348394
|switch|p1a: Don|Great Tusk, shiny|100/100
|-damage|p1a: Don|98/100|[from] Stealth Rock
|-activate|p1a: Don|ability: Protosynthesis
|-start|p1a: Don|protosynthesisatk
|turn|8
|
|t:|1769348397
|-terastallize|p1a: Don|Steel
|move|p2a: Latios|Stored Power|p1a: Don
|-resisted|p1a: Don
|-damage|p1a: Don|0 fnt
|faint|p1a: Don
|-end|p1a: Don|Protosynthesis|[silent]
|
|-weather|none
|upkeep
|
|t:|1769348410
|switch|p1a: Ceruledge|Ceruledge, F|100/100
|-damage|p1a: Ceruledge|76/100|[from] Stealth Rock
|turn|9
|
|t:|1769348412
|move|p1a: Ceruledge|Shadow Sneak|p2a: Latios
|-supereffective|p2a: Latios
|-damage|p2a: Latios|29/100
|move|p2a: Latios|Stored Power|p1a: Ceruledge
|-damage|p1a: Ceruledge|0 fnt
|faint|p1a: Ceruledge
|
|upkeep
|-message|ykykp forfeited.
|
|win|Chigusa_24zono
|raw|ykykp's rating: 1543 &rarr; <strong>1526</strong><br />(-17 for losing)
|raw|Chigusa_24zono's rating: 1599 &rarr; <strong>1616</strong><br />(+17 for winning)
|l|☆ykykp
|player|p1|
|l|☆Chigusa_24zono
|player|p2|
