|j|☆gengar's style
|j|☆U_Quokka
|t:|1769370236
|gametype|singles
|player|p1|gengar's style|parasollady-gen4|1553
|player|p2|U_Quokka|waiter-gen4dp|1587
|gen|9
|tier|[Gen 9] OU
|rated|
|rule|HP Percentage Mod: HP is shown in percentages
|rule|Endless Battle Clause: Forcing endless battles is banned
|rule|Species Clause: Limit one of each Pokémon
|rule|OHKO Clause: OHKO moves are banned
|rule|Evasion Items Clause: Evasion items are banned
|rule|Evasion Moves Clause: Evasion moves are banned
|rule|Evasion Abilities Clause: Evasion abilities are banned
|rule|Sleep Moves Clause: Sleep-inducing moves are banned
|clearpoke
|poke|p1|Pelipper, M|
|poke|p1|Quaquaval, M|
|poke|p1|Tyranitar, M|
|poke|p1|Excadrill, M|
|poke|p1|Latios, M|
|poke|p1|Jolteon, M|
|poke|p2|Deoxys-Speed|
|poke|p2|Moltres-Galar|
|poke|p2|Ceruledge, F|
|poke|p2|Glimmora, M|
|poke|p2|Kingambit, M|
|poke|p2|Raging Bolt|
|teampreview
|inactive|Battle timer is ON: inactive players will automatically lose when time's up. (requested by gengar's style)
|
|t:|1769370243
|teamsize|p1|6
|teamsize|p2|6
|start
|switch|p1a: Latios|Latios, M|100/100
|switch|p2a: Deoxys|Deoxys-Speed|100/100
|-ability|p2a: Deoxys|Pressure
|turn|1
|
|t:|1769370250
|move|p2a: Deoxys|Light Screen|p2a: Deoxys
|-sidestart|p2: U_Quokka|move: Light Screen
|move|p1a: Latios|Surf|p2a: Deoxys
|-damage|p2a: Deoxys|76/100
|-damage|p1a: Latios|91/100|[from] item: Life Orb
|
|upkeep
|turn|2
|
|t:|1769370255
|move|p2a: Deoxys|Reflect|p2a: Deoxys
|-sidestart|p2: U_Quokka|Reflect
|move|p1a: Latios|Substitute|p1a: Latios
|-start|p1a: Latios|Substitute
|-damage|p1a: Latios|66/100
|
|upkeep
|turn|3
|
|t:|1769370261
|move|p2a: Deoxys|Taunt|p1a: Latios
|-start|p1a: Latios|move: Taunt
|move|p1a: Latios|Surf|p2a: Deoxys
|-damage|p2a: Deoxys|49/100
|-damage|p1a: Latios|56/100|[from] item: Life Orb
|
|upkeep
|turn|4
|
|t:|1769370268
|switch|p2a: Moltres|Moltres-Galar|100/100
|move|p1a: Latios|Surf|p2a: Moltres
|-damage|p2a: Moltres|82/100
|-damage|p1a: Latios|46/100|[from] item: Life Orb
|
|upkeep
|turn|5
|
|t:|1769370275
|move|p1a: Latios|Surf|p2a: Moltres
|-damage|p2a: Moltres|65/100
|-damage|p1a: Latios|36/100|[from] item: Life Orb
|move|p2a: Moltres|Agility|p2a: Moltres
|-boost|p2a: Moltres|spe|2
|
|-end|p1a: Latios|move: Taunt
|upkeep
|turn|6
|
|t:|1769370285
|move|p2a: Moltres|Nasty Plot|p2a: Moltres
|-boost|p2a: Moltres|spa|2
|move|p1a: Latios|Surf|p2a: Moltres
|-crit|p2a: Moltres
|-damage|p2a: Moltres|12/100
|-ability|p2a: Moltres|Berserk|boost
|-boost|p2a: Moltres|spa|1
|-damage|p1a: Latios|26/100|[from] item: Life Orb
|-enditem|p2a: Moltres|Sitrus Berry|[eat]
|-heal|p2a: Moltres|37/100|[from] item: Sitrus Berry
|
|upkeep
|turn|7
|
|t:|1769370297
|move|p2a: Moltres|Fiery Wrath|p1a: Latios
|-supereffective|p1a: Latios
|-end|p1a: Latios|Substitute
|move|p1a: Latios|Surf|p2a: Moltres
|-damage|p2a: Moltres|21/100
|-damage|p1a: Latios|16/100|[from] item: Life Orb
|
|upkeep
|turn|8
|
|t:|1769370306
|move|p2a: Moltres|Fiery Wrath|p1a: Latios
|-supereffective|p1a: Latios
|-damage|p1a: Latios|0 fnt
|faint|p1a: Latios
|
|-sideend|p2: U_Quokka|move: Light Screen
|upkeep
|
|t:|1769370323
|switch|p1a: Tyranitar|Tyranitar, M|100/100
|-weather|Sandstorm|[from] ability: Sand Stream|[of] p1a: Tyranitar
|turn|9
|
|t:|1769370329
|move|p2a: Moltres|Fiery Wrath|p1a: Tyranitar
|-resisted|p1a: Tyranitar
|-damage|p1a: Tyranitar|73/100
|cant|p1a: Tyranitar|flinch
|
|-weather|Sandstorm|[upkeep]
|-damage|p2a: Moltres|15/100|[from] Sandstorm
|-sideend|p2: U_Quokka|Reflect
|upkeep
|turn|10
|
|t:|1769370342
|move|p2a: Moltres|Fiery Wrath|p1a: Tyranitar
|-resisted|p1a: Tyranitar
|-damage|p1a: Tyranitar|43/100
|move|p1a: Tyranitar|Stealth Rock|p2a: Moltres
|-sidestart|p2: U_Quokka|move: Stealth Rock
|
|-weather|Sandstorm|[upkeep]
|-damage|p2a: Moltres|8/100|[from] Sandstorm
|upkeep
|turn|11
|
|t:|1769370350
|move|p2a: Moltres|Fiery Wrath|p1a: Tyranitar
|-resisted|p1a: Tyranitar
|-damage|p1a: Tyranitar|14/100
|move|p1a: Tyranitar|Knock Off|p2a: Moltres
|-resisted|p2a: Moltres
|-damage|p2a: Moltres|0 fnt
|faint|p2a: Moltres
|
|-weather|Sandstorm|[upkeep]
|upkeep
|
|t:|1769370355
|switch|p2a: Glimmora|Glimmora, M|100/100
|-damage|p2a: Glimmora|88/100|[from] Stealth Rock
|turn|12
|
|t:|1769370362
|switch|p1a: Excadrill|Excadrill, M|100/100
|move|p2a: Glimmora|Meteor Beam||[still]
|-prepare|p2a: Glimmora|Meteor Beam
|-boost|p2a: Glimmora|spa|1
|-enditem|p2a: Glimmora|Power Herb
|-anim|p2a: Glimmora|Meteor Beam|p1a: Excadrill
|-resisted|p1a: Excadrill
|-damage|p1a: Excadrill|69/100
|
|-weather|Sandstorm|[upkeep]
|upkeep
|turn|13
|
|t:|1769370375
|-terastallize|p2a: Glimmora|Fairy
|move|p1a: Excadrill|Earthquake|p2a: Glimmora
|-damage|p2a: Glimmora|0 fnt
|-activate|p2a: Glimmora|ability: Toxic Debris
|-sidestart|p1: gengar's style|move: Toxic Spikes
|faint|p2a: Glimmora
|-damage|p1a: Excadrill|59/100|[from] item: Life Orb
|
|-weather|none
|upkeep
|
|t:|1769370382
|switch|p2a: Deoxys|Deoxys-Speed|49/100
|-damage|p2a: Deoxys|36/100|[from] Stealth Rock
|-ability|p2a: Deoxys|Pressure
|turn|14
|
|t:|1769370388
|move|p2a: Deoxys|Reflect|p2a: Deoxys
|-sidestart|p2: U_Quokka|Reflect
|move|p1a: Excadrill|Rapid Spin|p2a: Deoxys
|-damage|p2a: Deoxys|22/100
|-boost|p1a: Excadrill|spe|1
|-sideend|p1: gengar's style|Toxic Spikes|[from] move: Rapid Spin|[of] p1a: Excadrill
|-damage|p1a: Excadrill|49/100|[from] item: Life Orb
|
|upkeep
|turn|15
|
|t:|1769370396
|move|p2a: Deoxys|Light Screen|p2a: Deoxys
|-sidestart|p2: U_Quokka|move: Light Screen
|move|p1a: Excadrill|Earthquake|p2a: Deoxys
|-damage|p2a: Deoxys|0 fnt
|faint|p2a: Deoxys
|-damage|p1a: Excadrill|39/100|[from] item: Life Orb
|
|upkeep
|
|t:|1769370401
|switch|p2a: Kingambit|Kingambit, M|100/100
|-damage|p2a: Kingambit|94/100|[from] Stealth Rock
|-activate|p2a: Kingambit|ability: Supreme Overlord
|-start|p2a: Kingambit|fallen3|[silent]
|turn|16
|
|t:|1769370412
|move|p1a: Excadrill|Earthquake|p2a: Kingambit
|-supereffective|p2a: Kingambit
|-damage|p2a: Kingambit|26/100
|-damage|p1a: Excadrill|29/100|[from] item: Life Orb
|move|p2a: Kingambit|Swords Dance|p2a: Kingambit
|-boost|p2a: Kingambit|atk|2
|
|-heal|p2a: Kingambit|32/100|[from] item: Leftovers
|upkeep
|turn|17
|
|t:|1769370420
|move|p2a: Kingambit|Sucker Punch|p1a: Excadrill
|-damage|p1a: Excadrill|0 fnt
|faint|p1a: Excadrill
|
|-heal|p2a: Kingambit|38/100|[from] item: Leftovers
|upkeep
|
|t:|1769370426
|switch|p1a: Pelipper|Pelipper, M|100/100
|-weather|RainDance|[from] ability: Drizzle|[of] p1a: Pelipper
|turn|18
|
|t:|1769370430
|move|p1a: Pelipper|Weather Ball|p2a: Kingambit
|-damage|p2a: Kingambit|0 fnt
|faint|p2a: Kingambit
|-end|p2a: Kingambit|fallen3|[silent]
|
|-weather|RainDance|[upkeep]
|upkeep
|
|t:|1769370433
|switch|p2a: Raging Bolt|Raging Bolt|100/100
|-damage|p2a: Raging Bolt|88/100|[from] Stealth Rock
|-enditem|p2a: Raging Bolt|Booster Energy
|-activate|p2a: Raging Bolt|ability: Protosynthesis|[fromitem]
|-start|p2a: Raging Bolt|protosynthesisspa
|turn|19
|
|t:|1769370440
|switch|p1a: Tyranitar|Tyranitar, M|14/100
|-weather|Sandstorm|[from] ability: Sand Stream|[of] p1a: Tyranitar
|move|p2a: Raging Bolt|Calm Mind|p2a: Raging Bolt
|-boost|p2a: Raging Bolt|spa|1
|-boost|p2a: Raging Bolt|spd|1
|
|-weather|Sandstorm|[upkeep]
|-damage|p2a: Raging Bolt|82/100|[from] Sandstorm
|upkeep
|turn|20
|
|t:|1769370448
|move|p2a: Raging Bolt|Dragon Pulse|p1a: Tyranitar
|-damage|p1a: Tyranitar|0 fnt
|faint|p1a: Tyranitar
|
|-weather|Sandstorm|[upkeep]
|-damage|p2a: Raging Bolt|76/100|[from] Sandstorm
|upkeep
|
|t:|1769370470
|switch|p1a: Jolteon|Jolteon, M|100/100
|turn|21
|
|t:|1769370483
|move|p1a: Jolteon|Alluring Voice|p2a: Raging Bolt
|-supereffective|p2a: Raging Bolt
|-damage|p2a: Raging Bolt|58/100
|move|p2a: Raging Bolt|Dragon Pulse|p1a: Jolteon
|-damage|p1a: Jolteon|0 fnt
|faint|p1a: Jolteon
|
|-weather|Sandstorm|[upkeep]
|-damage|p2a: Raging Bolt|51/100|[from] Sandstorm
|-sideend|p2: U_Quokka|Reflect
|upkeep
|
|t:|1769370492
|switch|p1a: Pelipper|Pelipper, M|100/100
|-weather|RainDance|[from] ability: Drizzle|[of] p1a: Pelipper
|turn|22
|inactive|gengar's style has 120 seconds left.
|inactive|gengar's style has 90 seconds left.
|
|t:|1769370550
|move|p1a: Pelipper|Weather Ball|p2a: Raging Bolt
|-resisted|p2a: Raging Bolt
|-damage|p2a: Raging Bolt|42/100
|move|p2a: Raging Bolt|Thunderbolt|p1a: Pelipper
|-supereffective|p1a: Pelipper
|-damage|p1a: Pelipper|0 fnt
|faint|p1a: Pelipper
|
|-weather|RainDance|[upkeep]
|-sideend|p2: U_Quokka|move: Light Screen
|upkeep
|
|t:|1769370559
|switch|p1a: Quaquaval|Quaquaval, M|100/100
|turn|23
|inactive|gengar's style has 90 seconds left.
|
|t:|1769370570
|-terastallize|p1a: Quaquaval|Water
|move|p1a: Quaquaval|Aqua Jet|p2a: Raging Bolt
|-resisted|p2a: Raging Bolt
|-damage|p2a: Raging Bolt|18/100
|move|p2a: Raging Bolt|Thunderclap||[still]
|-fail|p2a: Raging Bolt
|
|-weather|RainDance|[upkeep]
|upkeep
|turn|24
|inactive|gengar's style has 90 seconds left.
|
|t:|1769370583
|move|p1a: Quaquaval|Aqua Jet|p2a: Raging Bolt
|-resisted|p2a: Raging Bolt
|-damage|p2a: Raging Bolt|0 fnt
|faint|p2a: Raging Bolt
|-end|p2a: Raging Bolt|Protosynthesis|[silent]
|-ability|p1a: Quaquaval|Moxie|boost
|-boost|p1a: Quaquaval|atk|1
|
|-weather|RainDance|[upkeep]
|upkeep
|c|☆gengar's style|gg
|
|t:|1769370585
|switch|p2a: Ceruledge|Ceruledge, F|100/100
|-damage|p2a: Ceruledge|75/100|[from] Stealth Rock
|turn|25
|
|t:|1769370593
|move|p1a: Quaquaval|Aqua Jet|p2a: Ceruledge
|-supereffective|p2a: Ceruledge
|-damage|p2a: Ceruledge|0 fnt
|faint|p2a: Ceruledge
|
|win|gengar's style
|raw|gengar&apos;s style's rating: 1553 &rarr; <strong>1575</strong><br />(+22 for winning)
|raw|U_Quokka's rating: 1587 &rarr; <strong>1565</strong><br />(-22 for losing)
|l|☆U_Quokka
|player|p2|
|l|☆gengar's style
|player|p1|
