|j|☆BIGBODY55
|j|☆chigiri22
|t:|1769313372
|gametype|singles
|player|p1|BIGBODY55|thorton|1235
|player|p2|chigiri22|169|1237
|gen|9
|tier|[Gen 9] OU
|rated|
|rule|HP Percentage Mod: HP is shown in percentages
|rule|Endless Battle Clause: Forcing endless battles is banned
|rule|Species Clause: Limit one of each Pokémon
|rule|OHKO Clause: OHKO moves are banned
|rule|Evasion Items Clause: Evasion items are banned
|rule|Evasion Moves Clause: Evasion moves are banned
|rule|Evasion Abilities Clause: Evasion abilities are banned
|rule|Sleep Moves Clause: Sleep-inducing moves are banned
|clearpoke
|poke|p1|Gholdengo|
|poke|p1|Flamigo, M|
|poke|p1|Houndoom, M|
|poke|p1|Clefable, M|
|poke|p1|Deoxys-Speed|
|poke|p1|Garchomp, M|
|poke|p2|Darkrai|
|poke|p2|Kyurem|
|poke|p2|Porygon-Z|
|poke|p2|Lilligant-Hisui, F|
|poke|p2|Tauros-Paldea-Aqua, M|
|poke|p2|Arcanine-Hisui, M|
|teampreview
|inactive|Battle timer is ON: inactive players will automatically lose when time's up. (requested by BIGBODY55)
|
|t:|1769313402
|teamsize|p1|6
|teamsize|p2|6
|start
|switch|p1a: Flamigo|Flamigo, M, shiny|100/100
|switch|p2a: Arcanine|Arcanine-Hisui, M|100/100
|turn|1
|
|t:|1769313407
|move|p1a: Flamigo|Brave Bird|p2a: Arcanine
|-resisted|p2a: Arcanine
|-damage|p2a: Arcanine|63/100
|-damage|p1a: Flamigo|87/100|[from] Recoil
|move|p2a: Arcanine|Head Smash|p1a: Flamigo
|-damage|p1a: Flamigo|0 fnt
|faint|p1a: Flamigo
|
|upkeep
|
|t:|1769313423
|switch|p1a: Gholdengo|Gholdengo, shiny|100/100
|turn|2
|
|t:|1769313430
|switch|p2a: Tauros|Tauros-Paldea-Aqua, M|100/100
|-ability|p2a: Tauros|Intimidate|boost
|-unboost|p1a: Gholdengo|atk|1
|move|p1a: Gholdengo|Nasty Plot|p1a: Gholdengo
|-boost|p1a: Gholdengo|spa|2
|
|upkeep
|turn|3
|
|t:|1769313449
|move|p2a: Tauros|Earthquake|p1a: Gholdengo
|-supereffective|p1a: Gholdengo
|-damage|p1a: Gholdengo|56/100
|move|p1a: Gholdengo|Shadow Ball|p2a: Tauros
|-damage|p2a: Tauros|29/100
|
|upkeep
|turn|4
|
|t:|1769313461
|move|p2a: Tauros|Raging Bull|p1a: Gholdengo
|-damage|p1a: Gholdengo|24/100
|-damage|p2a: Tauros|13/100|[from] item: Rocky Helmet|[of] p1a: Gholdengo
|move|p1a: Gholdengo|Recover|p1a: Gholdengo
|-heal|p1a: Gholdengo|74/100
|
|upkeep
|turn|5
|
|t:|1769313464
|move|p2a: Tauros|Earthquake|p1a: Gholdengo
|-supereffective|p1a: Gholdengo
|-damage|p1a: Gholdengo|28/100
|move|p1a: Gholdengo|Recover|p1a: Gholdengo
|-heal|p1a: Gholdengo|78/100
|
|upkeep
|turn|6
|
|t:|1769313473
|switch|p2a: Darkrai|Darkrai|100/100
|move|p1a: Gholdengo|Shadow Ball|p2a: Darkrai
|-resisted|p2a: Darkrai
|-damage|p2a: Darkrai|54/100
|
|upkeep
|turn|7
|
|t:|1769313490
|switch|p1a: Houndoom|Houndoom, M|100/100
|move|p2a: Darkrai|Dark Pulse|p1a: Houndoom
|-resisted|p1a: Houndoom
|-damage|p1a: Houndoom|52/100
|
|upkeep
|turn|8
|
|t:|1769313506
|switch|p2a: Tauros|Tauros-Paldea-Aqua, M|13/100
|-ability|p2a: Tauros|Intimidate|boost
|-unboost|p1a: Houndoom|atk|1
|move|p1a: Houndoom|Fire Blast|p2a: Tauros
|-resisted|p2a: Tauros
|-damage|p2a: Tauros|0 fnt
|faint|p2a: Tauros
|
|upkeep
|
|t:|1769313514
|switch|p2a: Darkrai|Darkrai|54/100
|turn|9
|
|t:|1769313527
|switch|p1a: Clefable|Clefable, M, shiny|100/100
|move|p2a: Darkrai|Dark Pulse|p1a: Clefable
|-resisted|p1a: Clefable
|-damage|p1a: Clefable|72/100
|
|-heal|p1a: Clefable|78/100|[from] item: Leftovers
|upkeep
|turn|10
|inactive|chigiri22 has 120 seconds left.
|inactive|BIGBODY55 has 120 seconds left.
|
|t:|1769313579
|switch|p2a: Porygon-Z|Porygon-Z|100/100
|move|p1a: Clefable|Moonblast|p2a: Porygon-Z
|-damage|p2a: Porygon-Z|52/100
|
|-heal|p1a: Clefable|84/100|[from] item: Leftovers
|upkeep
|turn|11
|inactive|BIGBODY55 has 120 seconds left.
|
|t:|1769313598
|move|p1a: Clefable|Protect|p1a: Clefable
|-singleturn|p1a: Clefable|Protect
|move|p2a: Porygon-Z|Tri Attack|p1a: Clefable
|-activate|p1a: Clefable|move: Protect
|
|-heal|p1a: Clefable|90/100|[from] item: Leftovers
|upkeep
|turn|12
|inactive|BIGBODY55 has 120 seconds left.
|
|t:|1769313606
|switch|p2a: Darkrai|Darkrai|54/100
|switch|p1a: Gholdengo|Gholdengo, shiny|78/100
|
|upkeep
|turn|13
|inactive|chigiri22 has 120 seconds left.
|inactive|BIGBODY55 has 120 seconds left.
|
|t:|1769313625
|move|p2a: Darkrai|Dark Pulse|p1a: Gholdengo
|-supereffective|p1a: Gholdengo
|-crit|p1a: Gholdengo
|-damage|p1a: Gholdengo|0 fnt
|faint|p1a: Gholdengo
|
|upkeep
|
|t:|1769313630
|switch|p1a: Clefable|Clefable, M, shiny|90/100
|turn|14
|inactive|chigiri22 has 120 seconds left.
|inactive|chigiri22 has 90 seconds left.
|
|t:|1769313688
|switch|p2a: Porygon-Z|Porygon-Z|52/100
|move|p1a: Clefable|Moonblast|p2a: Porygon-Z
|-damage|p2a: Porygon-Z|8/100
|-unboost|p2a: Porygon-Z|spa|1
|
|-heal|p1a: Clefable|96/100|[from] item: Leftovers
|upkeep
|turn|15
|inactive|BIGBODY55 has 120 seconds left.
|
|t:|1769313716
|switch|p1a: Deoxys|Deoxys-Speed, shiny|100/100
|-ability|p1a: Deoxys|Pressure
|move|p2a: Porygon-Z|Tri Attack|p1a: Deoxys
|-damage|p1a: Deoxys|45/100
|
|upkeep
|turn|16
|
|t:|1769313729
|-terastallize|p1a: Deoxys|Ghost
|move|p1a: Deoxys|Stealth Rock|p2a: Porygon-Z
|-sidestart|p2: chigiri22|move: Stealth Rock
|move|p2a: Porygon-Z|Tri Attack|p1a: Deoxys
|-immune|p1a: Deoxys
|
|upkeep
|turn|17
|inactive|chigiri22 has 90 seconds left.
|
|t:|1769313737
|move|p1a: Deoxys|Knock Off|p2a: Porygon-Z
|-damage|p2a: Porygon-Z|0 fnt
|-enditem|p2a: Porygon-Z|Choice Scarf|[from] move: Knock Off|[of] p1a: Deoxys
|faint|p2a: Porygon-Z
|
|upkeep
|
|t:|1769313739
|switch|p2a: Arcanine|Arcanine-Hisui, M|63/100
|-damage|p2a: Arcanine|38/100|[from] Stealth Rock
|turn|18
|
|t:|1769313743
|move|p1a: Deoxys|Superpower|p2a: Arcanine
|-supereffective|p2a: Arcanine
|-damage|p2a: Arcanine|0 fnt
|-unboost|p1a: Deoxys|atk|1
|-unboost|p1a: Deoxys|def|1
|faint|p2a: Arcanine
|
|upkeep
|
|t:|1769313749
|switch|p2a: Kyurem|Kyurem|100/100
|-damage|p2a: Kyurem|75/100|[from] Stealth Rock
|-ability|p2a: Kyurem|Pressure
|turn|19
|
|t:|1769313754
|-terastallize|p2a: Kyurem|Fairy
|move|p1a: Deoxys|Superpower|p2a: Kyurem
|-resisted|p2a: Kyurem
|-damage|p2a: Kyurem|67/100
|-unboost|p1a: Deoxys|atk|1
|-unboost|p1a: Deoxys|def|1
|move|p2a: Kyurem|Scale Shot|p1a: Deoxys
|-crit|p1a: Deoxys
|-damage|p1a: Deoxys|0 fnt
|faint|p1a: Deoxys
|-hitcount|p1: Deoxys|1
|-unboost|p2a: Kyurem|def|1
|-boost|p2a: Kyurem|spe|1
|
|upkeep
|
|t:|1769313767
|switch|p1a: Clefable|Clefable, M, shiny|96/100
|turn|20
|
|t:|1769313774
|move|p2a: Kyurem|Iron Head|p1a: Clefable
|-supereffective|p1a: Clefable
|-damage|p1a: Clefable|40/100
|cant|p1a: Clefable|flinch
|
|-heal|p1a: Clefable|46/100|[from] item: Leftovers
|upkeep
|turn|21
|
|t:|1769313789
|move|p1a: Clefable|Protect|p1a: Clefable
|-singleturn|p1a: Clefable|Protect
|move|p2a: Kyurem|Dragon Dance|p2a: Kyurem
|-boost|p2a: Kyurem|atk|1
|-boost|p2a: Kyurem|spe|1
|
|-heal|p1a: Clefable|53/100|[from] item: Leftovers
|upkeep
|turn|22
|
|t:|1769313799
|move|p2a: Kyurem|Iron Head|p1a: Clefable
|-supereffective|p1a: Clefable
|-damage|p1a: Clefable|3/100
|move|p1a: Clefable|Wish|p1a: Clefable
|
|-heal|p1a: Clefable|9/100|[from] item: Leftovers
|upkeep
|turn|23
|
|t:|1769313806
|move|p1a: Clefable|Protect|p1a: Clefable
|-singleturn|p1a: Clefable|Protect
|move|p2a: Kyurem|Dragon Dance|p2a: Kyurem
|-boost|p2a: Kyurem|atk|1
|-boost|p2a: Kyurem|spe|1
|
|-heal|p1a: Clefable|59/100|[from] move: Wish|[wisher] Clefable
|-heal|p1a: Clefable|65/100|[from] item: Leftovers
|upkeep
|turn|24
|
|t:|1769313812
|move|p2a: Kyurem|Iron Head|p1a: Clefable
|-supereffective|p1a: Clefable
|-damage|p1a: Clefable|10/100
|cant|p1a: Clefable|flinch
|
|-heal|p1a: Clefable|16/100|[from] item: Leftovers
|upkeep
|turn|25
|
|t:|1769313817
|move|p2a: Kyurem|Iron Head|p1a: Clefable
|-supereffective|p1a: Clefable
|-damage|p1a: Clefable|0 fnt
|faint|p1a: Clefable
|
|upkeep
|
|t:|1769313822
|switch|p1a: Houndoom|Houndoom, M|52/100
|turn|26
|
|t:|1769313826
|move|p2a: Kyurem|Scale Shot|p1a: Houndoom|[miss]
|-miss|p2a: Kyurem|p1a: Houndoom
|move|p1a: Houndoom|Fire Blast|p2a: Kyurem
|-damage|p2a: Kyurem|19/100
|-status|p2a: Kyurem|brn
|
|-damage|p2a: Kyurem|13/100 brn|[from] brn
|upkeep
|turn|27
|-activate|p1a: Houndoom|item: Quick Claw
|
|t:|1769313833
|move|p1a: Houndoom|Fire Blast|p2a: Kyurem
|-damage|p2a: Kyurem|0 fnt
|faint|p2a: Kyurem
|
|upkeep
|
|t:|1769313845
|switch|p2a: Darkrai|Darkrai|54/100
|-damage|p2a: Darkrai|41/100|[from] Stealth Rock
|turn|28
|
|t:|1769313857
|move|p2a: Darkrai|Dark Pulse|p1a: Houndoom
|-resisted|p1a: Houndoom
|-damage|p1a: Houndoom|10/100
|move|p1a: Houndoom|Fire Blast|p2a: Darkrai
|-damage|p2a: Darkrai|0 fnt
|faint|p2a: Darkrai
|
|upkeep
|
|t:|1769313860
|switch|p2a: Lilligant|Lilligant-Hisui, F|100/100
|-damage|p2a: Lilligant|94/100|[from] Stealth Rock
|turn|29
|-activate|p1a: Houndoom|item: Quick Claw
|
|t:|1769313864
|move|p1a: Houndoom|Fire Blast|p2a: Lilligant
|-supereffective|p2a: Lilligant
|-damage|p2a: Lilligant|0 fnt
|faint|p2a: Lilligant
|
|win|BIGBODY55
|raw|BIGBODY55's rating: 1235 &rarr; <strong>1260</strong><br />(+25 for winning)
|raw|chigiri22's rating: 1237 &rarr; <strong>1212</strong><br />(-25 for losing)
|c|☆BIGBODY55|Gg
|l|☆chigiri22
|player|p2|
|l|☆BIGBODY55
|player|p1|
