|j|☆Snomler6
|j|☆susanoo-no-okami
|t:|1769320554
|gametype|singles
|player|p1|Snomler6|102|1179
|player|p2|susanoo-no-okami|lenora|1227
|gen|9
|tier|[Gen 9] OU
|rated|
|rule|HP Percentage Mod: HP is shown in percentages
|rule|Endless Battle Clause: Forcing endless battles is banned
|rule|Species Clause: Limit one of each Pokémon
|rule|OHKO Clause: OHKO moves are banned
|rule|Evasion Items Clause: Evasion items are banned
|rule|Evasion Moves Clause: Evasion moves are banned
|rule|Evasion Abilities Clause: Evasion abilities are banned
|rule|Sleep Moves Clause: Sleep-inducing moves are banned
|clearpoke
|poke|p1|Snorlax, F|
|poke|p1|Zapdos|
|poke|p1|Alomomola, M|
|poke|p1|Zamazenta-*|
|poke|p1|Garganacl, M|
|poke|p1|Great Tusk|
|poke|p2|Bellossom, M|
|poke|p2|Ninetales, M|
|poke|p2|Great Tusk|
|poke|p2|Walking Wake|
|poke|p2|Hatterene, F|
|poke|p2|Slither Wing|
|teampreview
|inactive|Battle timer is ON: inactive players will automatically lose when time's up. (requested by susanoo-no-okami)
|
|t:|1769320563
|teamsize|p1|6
|teamsize|p2|6
|start
|switch|p1a: Zapdos|Zapdos|100/100
|switch|p2a: Ninetales|Ninetales, M|100/100
|-weather|SunnyDay|[from] ability: Drought|[of] p2a: Ninetales
|-ability|p1a: Zapdos|Pressure
|turn|1
|
|t:|1769320584
|switch|p2a: Hatterene|Hatterene, F|100/100
|move|p1a: Zapdos|Volt Switch|p2a: Hatterene
|-damage|p2a: Hatterene|61/100
|-enditem|p2a: Hatterene|Eject Button
|
|t:|1769320593
|switch|p2a: Great Tusk|Great Tusk|100/100
|-activate|p2a: Great Tusk|ability: Protosynthesis
|-start|p2a: Great Tusk|protosynthesisspe
|
|-weather|SunnyDay|[upkeep]
|upkeep
|turn|2
|
|t:|1769320602
|move|p2a: Great Tusk|Ice Spinner|p1a: Zapdos
|-supereffective|p1a: Zapdos
|-damage|p1a: Zapdos|44/100
|move|p1a: Zapdos|Hurricane|p2a: Great Tusk
|-supereffective|p2a: Great Tusk
|-damage|p2a: Great Tusk|0 fnt
|faint|p2a: Great Tusk
|-end|p2a: Great Tusk|Protosynthesis|[silent]
|
|-weather|SunnyDay|[upkeep]
|upkeep
|
|t:|1769320613
|switch|p2a: Ninetales|Ninetales, M|100/100
|turn|3
|
|t:|1769320617
|move|p2a: Ninetales|Overheat|p1a: Zapdos|[miss]
|-miss|p2a: Ninetales|p1a: Zapdos
|move|p1a: Zapdos|Volt Switch|p2a: Ninetales
|-damage|p2a: Ninetales|59/100
|
|t:|1769320623
|switch|p1a: Alomomola|Alomomola, M|100/100|[from] Volt Switch
|
|-weather|SunnyDay|[upkeep]
|upkeep
|turn|4
|
|t:|1769320631
|switch|p2a: Bellossom|Bellossom, M|100/100
|move|p1a: Alomomola|Wish|p1a: Alomomola
|
|-weather|SunnyDay|[upkeep]
|upkeep
|turn|5
|
|t:|1769320638
|switch|p1a: Zapdos|Zapdos|44/100
|-ability|p1a: Zapdos|Pressure
|move|p2a: Bellossom|Quiver Dance|p2a: Bellossom
|-boost|p2a: Bellossom|spa|1
|-boost|p2a: Bellossom|spd|1
|-boost|p2a: Bellossom|spe|1
|
|-weather|SunnyDay|[upkeep]
|-heal|p1a: Zapdos|100/100|[from] move: Wish|[wisher] Alomomola
|upkeep
|turn|6
|
|t:|1769320648
|move|p2a: Bellossom|Quiver Dance|p2a: Bellossom
|-boost|p2a: Bellossom|spa|1
|-boost|p2a: Bellossom|spd|1
|-boost|p2a: Bellossom|spe|1
|move|p1a: Zapdos|Hurricane|p2a: Bellossom
|-supereffective|p2a: Bellossom
|-damage|p2a: Bellossom|43/100
|
|-weather|SunnyDay|[upkeep]
|-heal|p2a: Bellossom|49/100|[from] item: Leftovers
|upkeep
|turn|7
|
|t:|1769320658
|move|p2a: Bellossom|Quiver Dance|p2a: Bellossom
|-boost|p2a: Bellossom|spa|1
|-boost|p2a: Bellossom|spd|1
|-boost|p2a: Bellossom|spe|1
|move|p1a: Zapdos|Thunder Wave|p2a: Bellossom
|-status|p2a: Bellossom|par
|
|-weather|SunnyDay|[upkeep]
|-heal|p2a: Bellossom|55/100 par|[from] item: Leftovers
|upkeep
|turn|8
|
|t:|1769320677
|cant|p2a: Bellossom|par
|move|p1a: Zapdos|Hurricane|p2a: Bellossom|[miss]
|-miss|p1a: Zapdos|p2a: Bellossom
|
|-weather|none
|-heal|p2a: Bellossom|61/100 par|[from] item: Leftovers
|upkeep
|turn|9
|
|t:|1769320687
|move|p1a: Zapdos|Hurricane|p2a: Bellossom
|-supereffective|p2a: Bellossom
|-damage|p2a: Bellossom|9/100 par
|-start|p2a: Bellossom|confusion
|-activate|p2a: Bellossom|confusion
|cant|p2a: Bellossom|par
|
|-heal|p2a: Bellossom|15/100 par|[from] item: Leftovers
|upkeep
|turn|10
|
|t:|1769320696
|move|p1a: Zapdos|Volt Switch|p2a: Bellossom
|-resisted|p2a: Bellossom
|-damage|p2a: Bellossom|8/100 par
|
|t:|1769320701
|switch|p1a: Snorlax|Snorlax, F|100/100|[from] Volt Switch
|-end|p2a: Bellossom|confusion
|move|p2a: Bellossom|Strength Sap|p1a: Snorlax
|-unboost|p1a: Snorlax|atk|1
|-heal|p2a: Bellossom|100/100 par
|
|upkeep
|turn|11
|
|t:|1769320712
|move|p2a: Bellossom|Giga Drain|p1a: Snorlax
|-damage|p1a: Snorlax|65/100
|move|p1a: Snorlax|Ice Punch|p2a: Bellossom
|-supereffective|p2a: Bellossom
|-damage|p2a: Bellossom|60/100 par
|
|-heal|p2a: Bellossom|67/100 par|[from] item: Leftovers
|upkeep
|turn|12
|
|t:|1769320722
|cant|p2a: Bellossom|par
|move|p1a: Snorlax|Ice Punch|p2a: Bellossom
|-supereffective|p2a: Bellossom
|-damage|p2a: Bellossom|26/100 par
|
|-heal|p2a: Bellossom|32/100 par|[from] item: Leftovers
|upkeep
|turn|13
|
|t:|1769320730
|move|p2a: Bellossom|Strength Sap|p1a: Snorlax
|-unboost|p1a: Snorlax|atk|1
|-heal|p2a: Bellossom|100/100 par
|move|p1a: Snorlax|Ice Punch|p2a: Bellossom
|-supereffective|p2a: Bellossom
|-damage|p2a: Bellossom|66/100 par
|
|-heal|p2a: Bellossom|72/100 par|[from] item: Leftovers
|upkeep
|turn|14
|
|t:|1769320751
|switch|p1a: Zamazenta|Zamazenta|100/100
|-ability|p1a: Zamazenta|Dauntless Shield|boost
|-boost|p1a: Zamazenta|def|1
|move|p2a: Bellossom|Giga Drain|p1a: Zamazenta
|-damage|p1a: Zamazenta|56/100
|-heal|p2a: Bellossom|99/100 par|[from] drain|[of] p1a: Zamazenta
|
|-heal|p1a: Zamazenta|63/100|[from] item: Leftovers
|-heal|p2a: Bellossom|100/100 par|[from] item: Leftovers
|upkeep
|turn|15
|
|t:|1769320765
|move|p1a: Zamazenta|Fire Fang|p2a: Bellossom
|-supereffective|p2a: Bellossom
|-damage|p2a: Bellossom|65/100 par
|cant|p2a: Bellossom|par
|
|-heal|p1a: Zamazenta|69/100|[from] item: Leftovers
|-heal|p2a: Bellossom|71/100 par|[from] item: Leftovers
|upkeep
|turn|16
|
|t:|1769320777
|move|p1a: Zamazenta|Substitute|p1a: Zamazenta
|-start|p1a: Zamazenta|Substitute
|-damage|p1a: Zamazenta|44/100
|move|p2a: Bellossom|Giga Drain|p1a: Zamazenta
|-end|p1a: Zamazenta|Substitute
|-heal|p2a: Bellossom|87/100 par|[from] drain|[of] p1a: Zamazenta
|
|-heal|p1a: Zamazenta|50/100|[from] item: Leftovers
|-heal|p2a: Bellossom|93/100 par|[from] item: Leftovers
|upkeep
|turn|17
|
|t:|1769320793
|switch|p1a: Zapdos|Zapdos|100/100
|-ability|p1a: Zapdos|Pressure
|move|p2a: Bellossom|Giga Drain|p1a: Zapdos
|-resisted|p1a: Zapdos
|-damage|p1a: Zapdos|69/100
|-heal|p2a: Bellossom|100/100 par|[from] drain|[of] p1a: Zapdos
|
|upkeep
|turn|18
|
|t:|1769320804
|move|p1a: Zapdos|Hurricane|p2a: Bellossom|[miss]
|-miss|p1a: Zapdos|p2a: Bellossom
|move|p2a: Bellossom|Tera Blast|p1a: Zapdos
|-damage|p1a: Zapdos|24/100
|
|upkeep
|turn|19
|
|t:|1769320815
|move|p1a: Zapdos|Volt Switch|p2a: Bellossom
|-resisted|p2a: Bellossom
|-damage|p2a: Bellossom|92/100 par
|
|t:|1769320818
|switch|p1a: Great Tusk|Great Tusk|100/100|[from] Volt Switch
|move|p2a: Bellossom|Giga Drain|p1a: Great Tusk
|-supereffective|p1a: Great Tusk
|-damage|p1a: Great Tusk|0 fnt
|-heal|p2a: Bellossom|100/100 par|[from] drain|[of] p1a: Great Tusk
|faint|p1a: Great Tusk
|-end|p1a: Great Tusk|Protosynthesis|[silent]
|
|upkeep
|
|t:|1769320837
|switch|p1a: Garganacl|Garganacl, M|100/100
|turn|20
|
|t:|1769320843
|-terastallize|p1a: Garganacl|Fairy
|cant|p2a: Bellossom|par
|move|p1a: Garganacl|Salt Cure|p2a: Bellossom
|-damage|p2a: Bellossom|89/100 par
|-start|p2a: Bellossom|Salt Cure
|
|-heal|p2a: Bellossom|95/100 par|[from] item: Leftovers
|-damage|p2a: Bellossom|83/100 par|[from] Salt Cure
|upkeep
|turn|21
|
|t:|1769320854
|move|p2a: Bellossom|Giga Drain|p1a: Garganacl
|-damage|p1a: Garganacl|62/100
|-heal|p2a: Bellossom|100/100 par|[from] drain|[of] p1a: Garganacl
|move|p1a: Garganacl|Iron Defense|p1a: Garganacl
|-boost|p1a: Garganacl|def|2
|
|-heal|p1a: Garganacl|68/100|[from] item: Leftovers
|-damage|p2a: Bellossom|88/100 par|[from] Salt Cure
|upkeep
|turn|22
|
|t:|1769320870
|move|p2a: Bellossom|Giga Drain|p1a: Garganacl
|-damage|p1a: Garganacl|30/100
|-heal|p2a: Bellossom|100/100 par|[from] drain|[of] p1a: Garganacl
|move|p1a: Garganacl|Iron Defense|p1a: Garganacl
|-boost|p1a: Garganacl|def|2
|
|-heal|p1a: Garganacl|37/100|[from] item: Leftovers
|-damage|p2a: Bellossom|88/100 par|[from] Salt Cure
|upkeep
|turn|23
|
|t:|1769320880
|move|p2a: Bellossom|Giga Drain|p1a: Garganacl
|-damage|p1a: Garganacl|0 fnt
|-heal|p2a: Bellossom|100/100 par|[from] drain|[of] p1a: Garganacl
|faint|p1a: Garganacl
|
|-damage|p2a: Bellossom|88/100 par|[from] Salt Cure
|upkeep
|inactive|Snomler6 has 120 seconds left.
|
|t:|1769320900
|switch|p1a: Alomomola|Alomomola, M|100/100
|turn|24
|
|t:|1769320903
|cant|p2a: Bellossom|par
|move|p1a: Alomomola|Wish|p1a: Alomomola
|
|-heal|p2a: Bellossom|94/100 par|[from] item: Leftovers
|-damage|p2a: Bellossom|82/100 par|[from] Salt Cure
|upkeep
|turn|25
|
|t:|1769320918
|switch|p1a: Snorlax|Snorlax, F|65/100
|move|p2a: Bellossom|Giga Drain|p1a: Snorlax
|-damage|p1a: Snorlax|30/100
|-heal|p2a: Bellossom|100/100 par|[from] drain|[of] p1a: Snorlax
|
|-heal|p1a: Snorlax|81/100|[from] move: Wish|[wisher] Alomomola
|-damage|p2a: Bellossom|88/100 par|[from] Salt Cure
|upkeep
|turn|26
|inactive|Snomler6 has 120 seconds left.
|
|t:|1769320938
|move|p2a: Bellossom|Quiver Dance|p2a: Bellossom
|-boost|p2a: Bellossom|spa|1
|-boost|p2a: Bellossom|spd|1
|-boost|p2a: Bellossom|spe|1
|move|p1a: Snorlax|Facade|p2a: Bellossom
|-damage|p2a: Bellossom|42/100 par
|
|-heal|p2a: Bellossom|48/100 par|[from] item: Leftovers
|-damage|p2a: Bellossom|36/100 par|[from] Salt Cure
|upkeep
|turn|27
|inactive|Snomler6 has 120 seconds left.
|
|t:|1769320948
|move|p2a: Bellossom|Strength Sap|p1a: Snorlax
|-unboost|p1a: Snorlax|atk|1
|-heal|p2a: Bellossom|100/100 par
|move|p1a: Snorlax|Facade|p2a: Bellossom
|-damage|p2a: Bellossom|72/100 par
|
|-heal|p2a: Bellossom|78/100 par|[from] item: Leftovers
|-damage|p2a: Bellossom|66/100 par|[from] Salt Cure
|upkeep
|turn|28
|inactive|Snomler6 has 120 seconds left.
|
|t:|1769320960
|cant|p2a: Bellossom|par
|move|p1a: Snorlax|Facade|p2a: Bellossom
|-damage|p2a: Bellossom|34/100 par
|
|-heal|p2a: Bellossom|40/100 par|[from] item: Leftovers
|-damage|p2a: Bellossom|28/100 par|[from] Salt Cure
|upkeep
|turn|29
|
|t:|1769320969
|move|p2a: Bellossom|Strength Sap|p1a: Snorlax
|-unboost|p1a: Snorlax|atk|1
|-heal|p2a: Bellossom|100/100 par
|move|p1a: Snorlax|Facade|p2a: Bellossom
|-damage|p2a: Bellossom|80/100 par
|
|-heal|p2a: Bellossom|86/100 par|[from] item: Leftovers
|-damage|p2a: Bellossom|73/100 par|[from] Salt Cure
|upkeep
|turn|30
|
|t:|1769320980
|move|p2a: Bellossom|Giga Drain|p1a: Snorlax
|-damage|p1a: Snorlax|37/100
|-heal|p2a: Bellossom|100/100 par|[from] drain|[of] p1a: Snorlax
|move|p1a: Snorlax|Facade|p2a: Bellossom
|-damage|p2a: Bellossom|80/100 par
|
|-heal|p2a: Bellossom|86/100 par|[from] item: Leftovers
|-damage|p2a: Bellossom|73/100 par|[from] Salt Cure
|upkeep
|turn|31
|inactive|Snomler6 has 120 seconds left.
|-message|Snomler6 forfeited.
|
|win|susanoo-no-okami
|raw|Snomler6's rating: 1179 &rarr; <strong>1157</strong><br />(-22 for losing)
|raw|susanoo-no-okami's rating: 1227 &rarr; <strong>1249</strong><br />(+22 for winning)
|l|☆Snomler6
|player|p1|
|l|☆susanoo-no-okami
|player|p2|
