|j|☆Poklin7670
|j|☆Hiyapartner
|t:|1769371168
|gametype|singles
|player|p1|Poklin7670|102|1120
|player|p2|Hiyapartner|169|1129
|gen|9
|tier|[Gen 9] OU
|rated|
|rule|HP Percentage Mod: HP is shown in percentages
|rule|Endless Battle Clause: Forcing endless battles is banned
|rule|Species Clause: Limit one of each Pokémon
|rule|OHKO Clause: OHKO moves are banned
|rule|Evasion Items Clause: Evasion items are banned
|rule|Evasion Moves Clause: Evasion moves are banned
|rule|Evasion Abilities Clause: Evasion abilities are banned
|rule|Sleep Moves Clause: Sleep-inducing moves are banned
|clearpoke
|poke|p1|Ariados, M|
|poke|p1|Salazzle, F|
|poke|p1|Breloom, M|
|poke|p1|Gliscor, M|
|poke|p1|Pecharunt|
|poke|p1|Empoleon, F|
|poke|p2|Torkoal, F|
|poke|p2|Walking Wake|
|poke|p2|Weezing-Galar, F|
|poke|p2|Ting-Lu|
|poke|p2|Victreebel, F|
|poke|p2|Sandy Shocks|
|teampreview
|inactive|Battle timer is ON: inactive players will automatically lose when time's up. (requested by Hiyapartner)
|
|t:|1769371200
|teamsize|p1|6
|teamsize|p2|6
|start
|switch|p1a: Fester|Ariados, M, shiny|100/100
|switch|p2a: Torkoal|Torkoal, F|100/100
|-weather|SunnyDay|[from] ability: Drought|[of] p2a: Torkoal
|turn|1
|
|t:|1769371222
|move|p1a: Fester|Sticky Web|p2a: Torkoal
|-sidestart|p2: Hiyapartner|move: Sticky Web
|move|p2a: Torkoal|Eruption|p1a: Fester
|-supereffective|p1a: Fester
|-damage|p1a: Fester|0 fnt
|faint|p1a: Fester
|
|-weather|SunnyDay|[upkeep]
|upkeep
|
|t:|1769371230
|switch|p1a: Rottsy|Salazzle, F|100/100
|turn|2
|
|t:|1769371243
|move|p1a: Rottsy|Substitute|p1a: Rottsy
|-start|p1a: Rottsy|Substitute
|-damage|p1a: Rottsy|75/100
|move|p2a: Torkoal|Eruption|p1a: Rottsy
|-resisted|p1a: Rottsy
|-end|p1a: Rottsy|Substitute
|
|-weather|SunnyDay|[upkeep]
|-heal|p1a: Rottsy|82/100|[from] item: Leftovers
|upkeep
|turn|3
|
|t:|1769371255
|move|p1a: Rottsy|Toxic|p2a: Torkoal
|-status|p2a: Torkoal|tox
|move|p2a: Torkoal|Eruption|p1a: Rottsy
|-resisted|p1a: Rottsy
|-damage|p1a: Rottsy|6/100
|
|-weather|SunnyDay|[upkeep]
|-heal|p1a: Rottsy|13/100|[from] item: Leftovers
|-damage|p2a: Torkoal|94/100 tox|[from] psn
|upkeep
|turn|4
|
|t:|1769371274
|move|p1a: Rottsy|Protect|p1a: Rottsy
|-singleturn|p1a: Rottsy|Protect
|move|p2a: Torkoal|Lava Plume|p1a: Rottsy
|-activate|p1a: Rottsy|move: Protect
|
|-weather|SunnyDay|[upkeep]
|-heal|p1a: Rottsy|19/100|[from] item: Leftovers
|-damage|p2a: Torkoal|82/100 tox|[from] psn
|upkeep
|turn|5
|
|t:|1769371287
|switch|p1a: King Gwen|Empoleon, F|100/100
|switch|p2a: Ting-Lu|Ting-Lu|100/100
|-activate|p2a: Ting-Lu|move: Sticky Web
|-unboost|p2a: Ting-Lu|spe|1
|-ability|p2a: Ting-Lu|Vessel of Ruin
|
|-weather|SunnyDay|[upkeep]
|upkeep
|turn|6
|
|t:|1769371310
|-terastallize|p1a: King Gwen|Flying
|move|p1a: King Gwen|Whirlpool|p2a: Ting-Lu|[miss]
|-miss|p1a: King Gwen|p2a: Ting-Lu
|move|p2a: Ting-Lu|Stealth Rock|p1a: King Gwen
|-sidestart|p1: Poklin7670|move: Stealth Rock
|
|-weather|SunnyDay|[upkeep]
|upkeep
|turn|7
|
|t:|1769371326
|switch|p2a: Walking Wake|Walking Wake|100/100
|-activate|p2a: Walking Wake|move: Sticky Web
|-unboost|p2a: Walking Wake|spe|1
|-activate|p2a: Walking Wake|ability: Protosynthesis
|-start|p2a: Walking Wake|protosynthesisspa
|move|p1a: King Gwen|Whirlpool|p2a: Walking Wake|[miss]
|-miss|p1a: King Gwen|p2a: Walking Wake
|
|-weather|SunnyDay|[upkeep]
|upkeep
|turn|8
|-message|Poklin7670 forfeited.
|
|win|Hiyapartner
|raw|Poklin7670's rating: 1120 &rarr; <strong>1096</strong><br />(-24 for losing)
|raw|Hiyapartner's rating: 1129 &rarr; <strong>1153</strong><br />(+24 for winning)
|l|☆Hiyapartner
|player|p2|
