|j|☆higashikataYashuo
|j|☆we2022
|t:|1769322192
|gametype|singles
|player|p1|higashikataYashuo|169|1257
|player|p2|we2022|170|1272
|gen|9
|tier|[Gen 9] OU
|rated|
|rule|HP Percentage Mod: HP is shown in percentages
|rule|Endless Battle Clause: Forcing endless battles is banned
|rule|Species Clause: Limit one of each Pokémon
|rule|OHKO Clause: OHKO moves are banned
|rule|Evasion Items Clause: Evasion items are banned
|rule|Evasion Moves Clause: Evasion moves are banned
|rule|Evasion Abilities Clause: Evasion abilities are banned
|rule|Sleep Moves Clause: Sleep-inducing moves are banned
|clearpoke
|poke|p1|Iron Hands|
|poke|p1|Glimmora, M|
|poke|p1|Landorus-Therian, M|
|poke|p1|Dragapult, F|
|poke|p1|Primarina, F|
|poke|p1|Kingambit, F|
|poke|p2|Garganacl, F|
|poke|p2|Dragapult, F|
|poke|p2|Ogerpon-Wellspring, F|
|poke|p2|Moltres|
|poke|p2|Zamazenta-*|
|poke|p2|Iron Treads|
|teampreview
|inactive|Battle timer is ON: inactive players will automatically lose when time's up. (requested by higashikataYashuo)
|
|t:|1769322201
|teamsize|p1|6
|teamsize|p2|6
|start
|switch|p1a: Dragapult|Dragapult, F|100/100
|switch|p2a: Iron Treads|Iron Treads|100/100
|turn|1
|
|t:|1769322206
|move|p1a: Dragapult|U-turn|p2a: Iron Treads
|-resisted|p2a: Iron Treads
|-damage|p2a: Iron Treads|87/100
|
|t:|1769322210
|switch|p1a: Landorus|Landorus-Therian, M|100/100|[from] U-turn
|-ability|p1a: Landorus|Intimidate|boost
|-unboost|p2a: Iron Treads|atk|1
|move|p2a: Iron Treads|Knock Off|p1a: Landorus
|-damage|p1a: Landorus|85/100
|-damage|p2a: Iron Treads|70/100|[from] item: Rocky Helmet|[of] p1a: Landorus
|-enditem|p1a: Landorus|Rocky Helmet|[from] move: Knock Off|[of] p2a: Iron Treads
|
|-heal|p2a: Iron Treads|76/100|[from] item: Leftovers
|upkeep
|turn|2
|
|t:|1769322218
|-end|p2a: Iron Treads|Quark Drive|[silent]
|switch|p2a: Moltres|Moltres|100/100
|move|p1a: Landorus|Stealth Rock|p2a: Moltres
|-sidestart|p2: we2022|move: Stealth Rock
|
|upkeep
|turn|3
|
|t:|1769322222
|move|p1a: Landorus|Rock Tomb|p2a: Moltres
|-supereffective|p2a: Moltres
|-damage|p2a: Moltres|44/100
|-unboost|p2a: Moltres|spe|1
|move|p2a: Moltres|Flamethrower|p1a: Landorus
|-damage|p1a: Landorus|47/100
|
|upkeep
|turn|4
|
|t:|1769322230
|switch|p2a: Zamazenta|Zamazenta|100/100
|-damage|p2a: Zamazenta|94/100|[from] Stealth Rock
|-ability|p2a: Zamazenta|Dauntless Shield|boost
|-boost|p2a: Zamazenta|def|1
|move|p1a: Landorus|Earth Power|p2a: Zamazenta
|-damage|p2a: Zamazenta|64/100
|
|upkeep
|turn|5
|
|t:|1769322237
|move|p2a: Zamazenta|Ice Fang|p1a: Landorus
|-supereffective|p1a: Landorus
|-damage|p1a: Landorus|0 fnt
|faint|p1a: Landorus
|
|upkeep
|
|t:|1769322242
|switch|p1a: Primarina|Primarina, F|100/100
|turn|6
|
|t:|1769322248
|switch|p2a: Iron Treads|Iron Treads|76/100
|-damage|p2a: Iron Treads|73/100|[from] Stealth Rock
|move|p1a: Primarina|Moonblast|p2a: Iron Treads
|-resisted|p2a: Iron Treads
|-damage|p2a: Iron Treads|54/100
|-unboost|p2a: Iron Treads|spa|1
|
|-heal|p2a: Iron Treads|60/100|[from] item: Leftovers
|upkeep
|turn|7
|inactive|higashikataYashuo has 120 seconds left.
|
|t:|1769322301
|move|p2a: Iron Treads|Stealth Rock|p1a: Primarina
|-sidestart|p1: higashikataYashuo|move: Stealth Rock
|move|p1a: Primarina|Moonblast|p2a: Iron Treads
|-resisted|p2a: Iron Treads
|-damage|p2a: Iron Treads|41/100
|
|-heal|p2a: Iron Treads|47/100|[from] item: Leftovers
|upkeep
|turn|8
|
|t:|1769322306
|move|p2a: Iron Treads|Earthquake|p1a: Primarina
|-damage|p1a: Primarina|59/100
|move|p1a: Primarina|Psychic Noise|p2a: Iron Treads
|-supereffective|p2a: Iron Treads
|-damage|p2a: Iron Treads|0 fnt
|faint|p2a: Iron Treads
|-end|p2a: Iron Treads|Quark Drive|[silent]
|
|upkeep
|
|t:|1769322310
|switch|p2a: Ogerpon|Ogerpon-Wellspring, F|100/100
|-damage|p2a: Ogerpon|88/100|[from] Stealth Rock
|turn|9
|inactive|higashikataYashuo has 120 seconds left.
|inactive|we2022 has 120 seconds left.
|inactive|we2022 has 90 seconds left.
|
|t:|1769322376
|move|p2a: Ogerpon|Trailblaze|p1a: Primarina
|-supereffective|p1a: Primarina
|-damage|p1a: Primarina|6/100
|-boost|p2a: Ogerpon|spe|1
|move|p1a: Primarina|Moonblast|p2a: Ogerpon
|-damage|p2a: Ogerpon|45/100
|
|upkeep
|turn|10
|inactive|we2022 has 90 seconds left.
|inactive|higashikataYashuo has 120 seconds left.
|inactive|higashikataYashuo has 90 seconds left.
|
|t:|1769322424
|-terastallize|p2a: Ogerpon|Water
|detailschange|p2a: Ogerpon|Ogerpon-Wellspring-Tera, F, tera:Water
|-ability|p2a: Ogerpon|Embody Aspect (Wellspring)|boost
|-boost|p2a: Ogerpon|spd|1
|move|p2a: Ogerpon|Synthesis|p2a: Ogerpon
|-heal|p2a: Ogerpon|95/100
|move|p1a: Primarina|Moonblast|p2a: Ogerpon
|-damage|p2a: Ogerpon|67/100
|
|upkeep
|turn|11
|
|t:|1769322437
|move|p2a: Ogerpon|Swords Dance|p2a: Ogerpon
|-boost|p2a: Ogerpon|atk|2
|move|p1a: Primarina|Psychic Noise|p2a: Ogerpon
|-resisted|p2a: Ogerpon
|-damage|p2a: Ogerpon|55/100
|-start|p2a: Ogerpon|move: Heal Block
|
|upkeep
|turn|12
|
|t:|1769322441
|move|p2a: Ogerpon|Trailblaze|p1a: Primarina
|-supereffective|p1a: Primarina
|-damage|p1a: Primarina|0 fnt
|-boost|p2a: Ogerpon|spe|1
|faint|p1a: Primarina
|
|-end|p2a: Ogerpon|move: Heal Block
|upkeep
|
|t:|1769322450
|switch|p1a: Kingambit|Kingambit, F|100/100
|-damage|p1a: Kingambit|94/100|[from] Stealth Rock
|-activate|p1a: Kingambit|ability: Supreme Overlord
|-start|p1a: Kingambit|fallen2|[silent]
|turn|13
|
|t:|1769322455
|move|p2a: Ogerpon|Synthesis|p2a: Ogerpon
|-heal|p2a: Ogerpon|100/100
|move|p1a: Kingambit|Kowtow Cleave|p2a: Ogerpon
|-damage|p2a: Ogerpon|34/100
|
|-heal|p1a: Kingambit|100/100|[from] item: Leftovers
|upkeep
|turn|14
|inactive|higashikataYashuo has 120 seconds left.
|
|t:|1769322461
|move|p1a: Kingambit|Sucker Punch|p2a: Ogerpon
|-damage|p2a: Ogerpon|0 fnt
|faint|p2a: Ogerpon
|detailschange|p2: Ogerpon|Ogerpon-Wellspring, F|[silent]
|
|upkeep
|
|t:|1769322464
|switch|p2a: Zamazenta|Zamazenta|64/100
|-damage|p2a: Zamazenta|58/100|[from] Stealth Rock
|turn|15
|
|t:|1769322474
|-end|p1a: Kingambit|fallen2|[silent]
|switch|p1a: Dragapult|Dragapult, F|100/100
|-damage|p1a: Dragapult|88/100|[from] Stealth Rock
|move|p2a: Zamazenta|Close Combat|p1a: Dragapult
|-immune|p1a: Dragapult
|
|upkeep
|turn|16
|
|t:|1769322477
|move|p1a: Dragapult|Dragon Darts|p2a: Zamazenta
|-crit|p2a: Zamazenta
|-damage|p2a: Zamazenta|3/100
|-anim|p1a: Dragapult|Dragon Darts|p2a: Zamazenta
|-damage|p2a: Zamazenta|0 fnt
|faint|p2a: Zamazenta
|
|upkeep
|
|t:|1769322481
|switch|p2a: Garganacl|Garganacl, F|100/100
|-damage|p2a: Garganacl|88/100|[from] Stealth Rock
|turn|17
|
|t:|1769322486
|switch|p1a: Glimmora|Glimmora, M|100/100
|-damage|p1a: Glimmora|88/100|[from] Stealth Rock
|move|p2a: Garganacl|Salt Cure|p1a: Glimmora
|-damage|p1a: Glimmora|70/100
|-start|p1a: Glimmora|Salt Cure
|-activate|p1a: Glimmora|ability: Toxic Debris
|-sidestart|p2: we2022|move: Toxic Spikes
|
|-heal|p2a: Garganacl|94/100|[from] item: Leftovers
|-damage|p1a: Glimmora|58/100|[from] Salt Cure
|upkeep
|turn|18
|
|t:|1769322490
|move|p1a: Glimmora|Mortal Spin|p2a: Garganacl
|-resisted|p2a: Garganacl
|-damage|p2a: Garganacl|92/100
|-sideend|p1: higashikataYashuo|Stealth Rock|[from] move: Mortal Spin|[of] p1a: Glimmora
|move|p2a: Garganacl|Iron Defense|p2a: Garganacl
|-boost|p2a: Garganacl|def|2
|
|-heal|p2a: Garganacl|99/100|[from] item: Leftovers
|-damage|p1a: Glimmora|45/100|[from] Salt Cure
|upkeep
|turn|19
|
|t:|1769322495
|switch|p1a: Iron Hands|Iron Hands|100/100
|-enditem|p1a: Iron Hands|Booster Energy
|-activate|p1a: Iron Hands|ability: Quark Drive|[fromitem]
|-start|p1a: Iron Hands|quarkdriveatk
|move|p2a: Garganacl|Iron Defense|p2a: Garganacl
|-boost|p2a: Garganacl|def|2
|
|-heal|p2a: Garganacl|100/100|[from] item: Leftovers
|upkeep
|turn|20
|
|t:|1769322500
|move|p1a: Iron Hands|Close Combat|p2a: Garganacl
|-supereffective|p2a: Garganacl
|-damage|p2a: Garganacl|59/100
|-unboost|p1a: Iron Hands|def|1
|-unboost|p1a: Iron Hands|spd|1
|move|p2a: Garganacl|Body Press|p1a: Iron Hands
|-damage|p1a: Iron Hands|34/100
|
|-heal|p2a: Garganacl|65/100|[from] item: Leftovers
|upkeep
|turn|21
|
|t:|1769322505
|move|p1a: Iron Hands|Close Combat|p2a: Garganacl
|-supereffective|p2a: Garganacl
|-damage|p2a: Garganacl|23/100
|-unboost|p1a: Iron Hands|def|1
|-unboost|p1a: Iron Hands|spd|1
|move|p2a: Garganacl|Body Press|p1a: Iron Hands
|-damage|p1a: Iron Hands|0 fnt
|faint|p1a: Iron Hands
|-end|p1a: Iron Hands|Quark Drive|[silent]
|
|-heal|p2a: Garganacl|29/100|[from] item: Leftovers
|upkeep
|
|t:|1769322512
|switch|p1a: Glimmora|Glimmora, M|45/100
|turn|22
|
|t:|1769322514
|move|p1a: Glimmora|Earth Power|p2a: Garganacl
|-supereffective|p2a: Garganacl
|-damage|p2a: Garganacl|0 fnt
|faint|p2a: Garganacl
|
|upkeep
|
|t:|1769322519
|switch|p2a: Moltres|Moltres|44/100
|turn|23
|
|t:|1769322523
|switch|p1a: Dragapult|Dragapult, F|88/100
|move|p2a: Moltres|Flamethrower|p1a: Dragapult
|-resisted|p1a: Dragapult
|-damage|p1a: Dragapult|63/100
|
|upkeep
|turn|24
|
|t:|1769322527
|move|p1a: Dragapult|Dragon Darts|p2a: Moltres
|-damage|p2a: Moltres|14/100
|-anim|p1a: Dragapult|Dragon Darts|p2a: Moltres
|-damage|p2a: Moltres|0 fnt
|faint|p2a: Moltres
|
|upkeep
|
|t:|1769322529
|switch|p2a: Dragapult|Dragapult, F|100/100
|turn|25
|
|t:|1769322532
|move|p2a: Dragapult|Hex|p1a: Dragapult
|-supereffective|p1a: Dragapult
|-damage|p1a: Dragapult|0 fnt
|faint|p1a: Dragapult
|
|upkeep
|
|t:|1769322536
|switch|p1a: Glimmora|Glimmora, M|45/100
|turn|26
|
|t:|1769322539
|-terastallize|p1a: Glimmora|Fairy
|move|p1a: Glimmora|Dazzling Gleam|p2a: Dragapult
|-supereffective|p2a: Dragapult
|-damage|p2a: Dragapult|0 fnt
|faint|p2a: Dragapult
|
|win|higashikataYashuo
|raw|higashikataYashuo's rating: 1257 &rarr; <strong>1283</strong><br />(+26 for winning)
|raw|we2022's rating: 1272 &rarr; <strong>1246</strong><br />(-26 for losing)
|l|☆we2022
|player|p2|
|l|☆higashikataYashuo
|player|p1|
|j|☆higashikataYashuo
|player|p1|higashikataYashuo|169|
