|j|☆squirtlesquad1999
|j|☆Sz_dS
|t:|1769375320
|gametype|singles
|player|p1|squirtlesquad1999|170|1482
|player|p2|Sz_dS|265|1503
|gen|9
|tier|[Gen 9] OU
|rated|
|rule|HP Percentage Mod: HP is shown in percentages
|rule|Endless Battle Clause: Forcing endless battles is banned
|rule|Species Clause: Limit one of each Pokémon
|rule|OHKO Clause: OHKO moves are banned
|rule|Evasion Items Clause: Evasion items are banned
|rule|Evasion Moves Clause: Evasion moves are banned
|rule|Evasion Abilities Clause: Evasion abilities are banned
|rule|Sleep Moves Clause: Sleep-inducing moves are banned
|clearpoke
|poke|p1|Ting-Lu|
|poke|p1|Kyurem|
|poke|p1|Primarina, F|
|poke|p1|Jirachi|
|poke|p1|Zapdos|
|poke|p1|Pecharunt|
|poke|p2|Primarina, M|
|poke|p2|Great Tusk|
|poke|p2|Enamorus, F|
|poke|p2|Slowking-Galar, M|
|poke|p2|Ogerpon, F|
|poke|p2|Kingambit, M|
|teampreview
|
|t:|1769375349
|teamsize|p1|6
|teamsize|p2|6
|start
|switch|p1a: ENig|Jirachi|100/100
|switch|p2a: Anonymous|Ogerpon, F|100/100
|turn|1
|
|t:|1769375354
|switch|p1a: Ozanax|Zapdos|100/100
|move|p2a: Anonymous|Knock Off|p1a: Ozanax
|-damage|p1a: Ozanax|66/100
|-enditem|p1a: Ozanax|Heavy-Duty Boots|[from] move: Knock Off|[of] p2a: Anonymous
|
|upkeep
|turn|2
|
|t:|1769375362
|switch|p2a: Mantra|Slowking-Galar, M, shiny|100/100
|move|p1a: Ozanax|Roost|p1a: Ozanax
|-heal|p1a: Ozanax|100/100
|-singleturn|p1a: Ozanax|move: Roost
|
|upkeep
|turn|3
|
|t:|1769375371
|move|p1a: Ozanax|U-turn|p2a: Mantra
|-damage|p2a: Mantra|91/100
|
|t:|1769375374
|switch|p1a: ENig|Jirachi|100/100|[from] U-turn
|move|p2a: Mantra|Flamethrower|p1a: ENig
|-supereffective|p1a: ENig
|-damage|p1a: ENig|60/100
|
|-heal|p1a: ENig|67/100|[from] item: Leftovers
|upkeep
|turn|4
|
|t:|1769375378
|move|p1a: ENig|Body Slam|p2a: Mantra
|-damage|p2a: Mantra|76/100
|move|p2a: Mantra|Flamethrower|p1a: ENig
|-supereffective|p1a: ENig
|-damage|p1a: ENig|28/100
|
|-heal|p1a: ENig|35/100|[from] item: Leftovers
|upkeep
|turn|5
|
|t:|1769375389
|move|p1a: ENig|Protect|p1a: ENig
|-singleturn|p1a: ENig|Protect
|move|p2a: Mantra|Flamethrower|p1a: ENig
|-activate|p1a: ENig|move: Protect
|
|-heal|p1a: ENig|41/100|[from] item: Leftovers
|upkeep
|turn|6
|
|t:|1769375391
|move|p1a: ENig|Wish|p1a: ENig
|move|p2a: Mantra|Flamethrower|p1a: ENig
|-supereffective|p1a: ENig
|-damage|p1a: ENig|2/100
|
|-heal|p1a: ENig|8/100|[from] item: Leftovers
|upkeep
|turn|7
|inactive|Battle timer is ON: inactive players will automatically lose when time's up. (requested by squirtlesquad1999)
|
|t:|1769375435
|switch|p2a: Behemoth|Great Tusk, shiny|100/100
|move|p1a: ENig|Protect||[still]
|-fail|p1a: ENig
|
|-heal|p1a: ENig|58/100|[from] move: Wish|[wisher] ENig
|-heal|p1a: ENig|64/100|[from] item: Leftovers
|upkeep
|turn|8
|inactive|squirtlesquad1999 has 120 seconds left.
|inactive|squirtlesquad1999 has 90 seconds left.
|
|t:|1769375498
|switch|p1a: Ozanax|Zapdos|100/100
|move|p2a: Behemoth|Headlong Rush|p1a: Ozanax
|-immune|p1a: Ozanax
|
|upkeep
|turn|9
|
|t:|1769375505
|-end|p2a: Behemoth|Protosynthesis|[silent]
|switch|p2a: Mantra|Slowking-Galar, M, shiny|100/100
|move|p1a: Ozanax|U-turn|p2a: Mantra
|-damage|p2a: Mantra|91/100
|
|t:|1769375515
|switch|p1a: ENig|Jirachi|64/100|[from] U-turn
|
|-heal|p1a: ENig|70/100|[from] item: Leftovers
|upkeep
|turn|10
|
|t:|1769375520
|move|p1a: ENig|Body Slam|p2a: Mantra
|-damage|p2a: Mantra|75/100
|-status|p2a: Mantra|par
|move|p2a: Mantra|Flamethrower|p1a: ENig
|-supereffective|p1a: ENig
|-crit|p1a: ENig
|-damage|p1a: ENig|16/100
|
|-heal|p1a: ENig|23/100|[from] item: Leftovers
|upkeep
|turn|11
|
|t:|1769375527
|switch|p2a: Behemoth|Great Tusk, shiny|100/100
|move|p1a: ENig|Protect||[still]
|-fail|p1a: ENig
|
|-heal|p1a: ENig|29/100|[from] item: Leftovers
|upkeep
|turn|12
|
|t:|1769375532
|move|p1a: ENig|Protect|p1a: ENig
|-singleturn|p1a: ENig|Protect
|move|p2a: Behemoth|Stealth Rock|p1a: ENig
|-sidestart|p1: squirtlesquad1999|move: Stealth Rock
|
|-heal|p1a: ENig|35/100|[from] item: Leftovers
|upkeep
|turn|13
|
|t:|1769375536
|switch|p1a: Ozanax|Zapdos|100/100
|-damage|p1a: Ozanax|75/100|[from] Stealth Rock
|move|p2a: Behemoth|Headlong Rush|p1a: Ozanax
|-immune|p1a: Ozanax
|
|upkeep
|turn|14
|
|t:|1769375541
|-end|p2a: Behemoth|Protosynthesis|[silent]
|switch|p2a: Mantra|Slowking-Galar, M, shiny|100/100 par
|move|p1a: Ozanax|U-turn|p2a: Mantra
|-damage|p2a: Mantra|90/100 par
|
|t:|1769375546
|switch|p1a: Max|Primarina, F|100/100|[from] U-turn
|-damage|p1a: Max|88/100|[from] Stealth Rock
|
|upkeep
|turn|15
|
|t:|1769375549
|-terastallize|p1a: Max|Water
|move|p1a: Max|Hydro Pump|p2a: Mantra
|-damage|p2a: Mantra|24/100 par
|move|p2a: Mantra|Sludge Bomb|p1a: Max
|-damage|p1a: Max|60/100
|
|upkeep
|turn|16
|
|t:|1769375557
|switch|p2a: Anonymous|Ogerpon, F|100/100
|move|p1a: Max|Hydro Pump|p2a: Anonymous
|-resisted|p2a: Anonymous
|-damage|p2a: Anonymous|29/100
|
|upkeep
|turn|17
|
|t:|1769375566
|switch|p1a: Ozanax|Zapdos|75/100
|-damage|p1a: Ozanax|50/100|[from] Stealth Rock
|move|p2a: Anonymous|Ivy Cudgel|p1a: Ozanax
|-resisted|p1a: Ozanax
|-damage|p1a: Ozanax|24/100
|
|upkeep
|turn|18
|
|t:|1769375570
|move|p2a: Anonymous|Ivy Cudgel|p1a: Ozanax
|-resisted|p1a: Ozanax
|-damage|p1a: Ozanax|0 fnt
|faint|p1a: Ozanax
|
|upkeep
|
|t:|1769375573
|switch|p1a: Alps|Pecharunt|100/100
|-damage|p1a: Alps|88/100|[from] Stealth Rock
|turn|19
|
|t:|1769375577
|switch|p2a: Overgod|Kingambit, M, shiny|100/100
|move|p1a: Alps|Nasty Plot|p1a: Alps
|-boost|p1a: Alps|spa|2
|
|upkeep
|turn|20
|
|t:|1769375583
|switch|p1a: Ani|Ting-Lu|100/100
|-damage|p1a: Ani|94/100|[from] Stealth Rock
|-ability|p1a: Ani|Vessel of Ruin
|-end|p2a: Overgod|fallenundefined|[silent]
|switch|p2a: Mantra|Slowking-Galar, M, shiny|57/100 par
|
|-heal|p1a: Ani|100/100|[from] item: Leftovers
|upkeep
|turn|21
|
|t:|1769375588
|switch|p2a: Celestine|Primarina, M, shiny|100/100
|move|p1a: Ani|Earthquake|p2a: Celestine
|-damage|p2a: Celestine|44/100
|
|-heal|p2a: Celestine|50/100|[from] item: Leftovers
|upkeep
|turn|22
|
|t:|1769375609
|move|p2a: Celestine|Moonblast|p1a: Ani
|-supereffective|p1a: Ani
|-damage|p1a: Ani|58/100
|move|p1a: Ani|Earthquake|p2a: Celestine
|-damage|p2a: Celestine|0 fnt
|faint|p2a: Celestine
|
|-heal|p1a: Ani|64/100|[from] item: Leftovers
|upkeep
|
|t:|1769375612
|switch|p2a: Behemoth|Great Tusk, shiny|100/100
|turn|23
|
|t:|1769375624
|move|p2a: Behemoth|Ice Spinner|p1a: Ani
|-supereffective|p1a: Ani
|-damage|p1a: Ani|33/100
|move|p1a: Ani|Whirlwind|p2a: Behemoth
|-end|p2a: Behemoth|Protosynthesis|[silent]
|drag|p2a: Overgod|Kingambit, M, shiny|100/100
|-activate|p2a: Overgod|ability: Supreme Overlord
|-start|p2a: Overgod|fallen1|[silent]
|
|-heal|p1a: Ani|39/100|[from] item: Leftovers
|upkeep
|turn|24
|
|t:|1769375628
|-end|p2a: Overgod|fallen1|[silent]
|switch|p2a: Behemoth|Great Tusk, shiny|100/100
|move|p1a: Ani|Earthquake|p2a: Behemoth
|-damage|p2a: Behemoth|75/100
|
|-heal|p1a: Ani|46/100|[from] item: Leftovers
|upkeep
|turn|25
|
|t:|1769375636
|move|p2a: Behemoth|Ice Spinner|p1a: Ani
|-supereffective|p1a: Ani
|-damage|p1a: Ani|17/100
|move|p1a: Ani|Earthquake|p2a: Behemoth
|-damage|p2a: Behemoth|50/100
|
|-heal|p1a: Ani|23/100|[from] item: Leftovers
|upkeep
|turn|26
|
|t:|1769375642
|move|p2a: Behemoth|Ice Spinner|p1a: Ani
|-supereffective|p1a: Ani
|-damage|p1a: Ani|0 fnt
|faint|p1a: Ani
|
|upkeep
|
|t:|1769375646
|switch|p1a: Ardicky|Kyurem, shiny|100/100
|-ability|p1a: Ardicky|Pressure
|turn|27
|
|t:|1769375662
|move|p1a: Ardicky|Substitute|p1a: Ardicky
|-start|p1a: Ardicky|Substitute
|-damage|p1a: Ardicky|76/100
|move|p2a: Behemoth|Headlong Rush|p1a: Ardicky
|-end|p1a: Ardicky|Substitute
|-unboost|p2a: Behemoth|def|1
|-unboost|p2a: Behemoth|spd|1
|
|upkeep
|turn|28
|inactive|squirtlesquad1999 has 120 seconds left.
|
|t:|1769375696
|-end|p2a: Behemoth|Protosynthesis|[silent]
|switch|p2a: Overgod|Kingambit, M, shiny|100/100
|-activate|p2a: Overgod|ability: Supreme Overlord
|-start|p2a: Overgod|fallen1|[silent]
|move|p1a: Ardicky|Freeze-Dry|p2a: Overgod
|-resisted|p2a: Overgod
|-damage|p2a: Overgod|83/100
|
|-heal|p2a: Overgod|89/100|[from] item: Leftovers
|upkeep
|turn|29
|
|t:|1769375704
|move|p1a: Ardicky|Earth Power|p2a: Overgod
|-supereffective|p2a: Overgod
|-crit|p2a: Overgod
|-damage|p2a: Overgod|5/100
|move|p2a: Overgod|Iron Head|p1a: Ardicky
|-supereffective|p1a: Ardicky
|-damage|p1a: Ardicky|0 fnt
|faint|p1a: Ardicky
|
|-heal|p2a: Overgod|12/100|[from] item: Leftovers
|upkeep
|
|t:|1769375712
|switch|p1a: Max|Primarina, F, tera:Water|60/100
|-damage|p1a: Max|47/100|[from] Stealth Rock
|turn|30
|
|t:|1769375726
|move|p2a: Overgod|Sucker Punch|p1a: Max
|-damage|p1a: Max|0 fnt
|faint|p1a: Max
|
|-heal|p2a: Overgod|18/100|[from] item: Leftovers
|upkeep
|-message|squirtlesquad1999 forfeited.
|
|win|Sz_dS
|raw|squirtlesquad1999's rating: 1482 &rarr; <strong>1463</strong><br />(-19 for losing)
|raw|Sz_dS's rating: 1503 &rarr; <strong>1522</strong><br />(+19 for winning)
|l|☆Sz_dS
|player|p2|
