|j|☆KalenSchneider
|j|☆Supertoki1
|t:|1769388853
|gametype|singles
|player|p1|KalenSchneider|1|1045
|player|p2|Supertoki1|volkner|1079
|gen|9
|tier|[Gen 9] OU
|rated|
|rule|HP Percentage Mod: HP is shown in percentages
|rule|Endless Battle Clause: Forcing endless battles is banned
|rule|Species Clause: Limit one of each Pokémon
|rule|OHKO Clause: OHKO moves are banned
|rule|Evasion Items Clause: Evasion items are banned
|rule|Evasion Moves Clause: Evasion moves are banned
|rule|Evasion Abilities Clause: Evasion abilities are banned
|rule|Sleep Moves Clause: Sleep-inducing moves are banned
|clearpoke
|poke|p1|Metagross|
|poke|p1|Gliscor, M|
|poke|p1|Gholdengo|
|poke|p1|Blaziken, F|
|poke|p1|Dondozo, F|
|poke|p1|Dragapult, F|
|poke|p2|Glalie, M|
|poke|p2|Swampert, M|
|poke|p2|Porygon-Z|
|poke|p2|Mimikyu, M|
|poke|p2|Salamence, F|
|poke|p2|Arcanine, M|
|teampreview
|inactive|Battle timer is ON: inactive players will automatically lose when time's up. (requested by Supertoki1)
|
|t:|1769388860
|teamsize|p1|6
|teamsize|p2|6
|start
|switch|p1a: Speedster|Gliscor, M|100/100
|switch|p2a: Porygon-Z|Porygon-Z|100/100
|-ability|p2a: Porygon-Z|Download|boost
|-boost|p2a: Porygon-Z|spa|1
|turn|1
|
|t:|1769388869
|move|p1a: Speedster|Agility|p1a: Speedster
|-boost|p1a: Speedster|spe|2
|move|p2a: Porygon-Z|Tri Attack|p1a: Speedster
|-damage|p1a: Speedster|0 fnt
|faint|p1a: Speedster
|-damage|p2a: Porygon-Z|91/100|[from] item: Life Orb
|
|upkeep
|
|t:|1769388881
|switch|p1a: Dragapult|Dragapult, F|100/100
|turn|2
|
|t:|1769388886
|move|p1a: Dragapult|Flamethrower|p2a: Porygon-Z
|-damage|p2a: Porygon-Z|56/100
|move|p2a: Porygon-Z|Shadow Ball|p1a: Dragapult
|-supereffective|p1a: Dragapult
|-damage|p1a: Dragapult|0 fnt
|faint|p1a: Dragapult
|-damage|p2a: Porygon-Z|46/100|[from] item: Life Orb
|
|upkeep
|
|t:|1769388895
|switch|p1a: Coinboi|Gholdengo|100/100
|turn|3
|
|t:|1769388911
|move|p2a: Porygon-Z|Shadow Ball|p1a: Coinboi
|-supereffective|p1a: Coinboi
|-damage|p1a: Coinboi|0 fnt
|faint|p1a: Coinboi
|-damage|p2a: Porygon-Z|36/100|[from] item: Life Orb
|
|upkeep
|
|t:|1769388919
|switch|p1a: KFC|Blaziken, F|100/100
|turn|4
|
|t:|1769388929
|move|p2a: Porygon-Z|Shadow Ball|p1a: KFC
|-crit|p1a: KFC
|-damage|p1a: KFC|0 fnt
|faint|p1a: KFC
|-damage|p2a: Porygon-Z|26/100|[from] item: Life Orb
|
|upkeep
|
|t:|1769388936
|switch|p1a: Whale King|Dondozo, F|100/100
|turn|5
|
|t:|1769388941
|move|p2a: Porygon-Z|Thunderbolt|p1a: Whale King
|-supereffective|p1a: Whale King
|-damage|p1a: Whale King|0 fnt
|faint|p1a: Whale King
|-damage|p2a: Porygon-Z|16/100|[from] item: Life Orb
|
|upkeep
|
|t:|1769388947
|switch|p1a: Bulkmaster|Metagross|100/100
|turn|6
|
|t:|1769388952
|move|p2a: Porygon-Z|Shadow Ball|p1a: Bulkmaster
|-supereffective|p1a: Bulkmaster
|-damage|p1a: Bulkmaster|0 fnt
|faint|p1a: Bulkmaster
|-damage|p2a: Porygon-Z|6/100|[from] item: Life Orb
|
|win|Supertoki1
|raw|KalenSchneider's rating: 1045 &rarr; <strong>1030</strong><br />(-15 for losing)
|raw|Supertoki1's rating: 1079 &rarr; <strong>1104</strong><br />(+25 for winning)
|c|☆KalenSchneider|gg?
