|j|☆minhquang1408
|j|‽Roboute
|t:|1769405816
|gametype|singles
|player|p1|minhquang1408|veteran-gen4|1375
|player|p2|Roboute|170|1445
|gen|9
|tier|[Gen 9] OU
|rated|
|rule|HP Percentage Mod: HP is shown in percentages
|rule|Endless Battle Clause: Forcing endless battles is banned
|rule|Species Clause: Limit one of each Pokémon
|rule|OHKO Clause: OHKO moves are banned
|rule|Evasion Items Clause: Evasion items are banned
|rule|Evasion Moves Clause: Evasion moves are banned
|rule|Evasion Abilities Clause: Evasion abilities are banned
|rule|Sleep Moves Clause: Sleep-inducing moves are banned
|clearpoke
|poke|p1|Ninetales-Alola, F|
|poke|p1|Kommo-o, M|
|poke|p1|Gholdengo|
|poke|p1|Kingambit, M|
|poke|p1|Walking Wake|
|poke|p1|Serperior, M|
|poke|p2|Hatterene, F|
|poke|p2|Ursaluna, M|
|poke|p2|Porygon2|
|poke|p2|Cresselia, F|
|poke|p2|Iron Hands|
|poke|p2|Volcanion|
|teampreview
|inactive|Battle timer is ON: inactive players will automatically lose when time's up. (requested by Roboute)
|
|t:|1769405834
|teamsize|p1|6
|teamsize|p2|6
|start
|switch|p1a: Kommo-o|Kommo-o, M|100/100
|switch|p2a: Cresselia|Cresselia, F, shiny|100/100
|turn|1
|
|t:|1769405840
|move|p1a: Kommo-o|Substitute|p1a: Kommo-o
|-start|p1a: Kommo-o|Substitute
|-damage|p1a: Kommo-o|75/100
|move|p2a: Cresselia|Trick Room|p2a: Cresselia
|-fieldstart|move: Trick Room|[of] p2a: Cresselia
|
|upkeep
|turn|2
|
|t:|1769405860
|-terastallize|p1a: Kommo-o|Water
|move|p2a: Cresselia|Psychic|p1a: Kommo-o
|-end|p1a: Kommo-o|Substitute
|move|p1a: Kommo-o|Belly Drum|p1a: Kommo-o
|-damage|p1a: Kommo-o|25/100
|-setboost|p1a: Kommo-o|atk|6|[from] move: Belly Drum
|-enditem|p1a: Kommo-o|Sitrus Berry|[eat]
|-heal|p1a: Kommo-o|50/100|[from] item: Sitrus Berry
|
|upkeep
|turn|3
|
|t:|1769405868
|move|p2a: Cresselia|Psychic|p1a: Kommo-o
|-damage|p1a: Kommo-o|22/100
|move|p1a: Kommo-o|Drain Punch|p2a: Cresselia
|-resisted|p2a: Cresselia
|-damage|p2a: Cresselia|62/100
|-heal|p1a: Kommo-o|52/100|[from] drain|[of] p2a: Cresselia
|
|upkeep
|turn|4
|
|t:|1769405877
|move|p2a: Cresselia|Psychic|p1a: Kommo-o
|-damage|p1a: Kommo-o|24/100
|move|p1a: Kommo-o|Drain Punch|p2a: Cresselia
|-resisted|p2a: Cresselia
|-damage|p2a: Cresselia|25/100
|-heal|p1a: Kommo-o|52/100|[from] drain|[of] p2a: Cresselia
|
|upkeep
|turn|5
|
|t:|1769405886
|move|p2a: Cresselia|Lunar Dance|p2a: Cresselia
|faint|p2a: Cresselia
|move|p1a: Kommo-o|Drain Punch|p2: Cresselia|[notarget]
|-fail|p1a: Kommo-o
|
|-fieldend|move: Trick Room
|upkeep
|
|t:|1769405902
|switch|p2a: Hatterene|Hatterene, F, shiny|100/100
|turn|6
|
|t:|1769405910
|move|p1a: Kommo-o|Substitute|p1a: Kommo-o
|-start|p1a: Kommo-o|Substitute
|-damage|p1a: Kommo-o|27/100
|move|p2a: Hatterene|Trick Room|p2a: Hatterene
|-fieldstart|move: Trick Room|[of] p2a: Hatterene
|
|upkeep
|turn|7
|
|t:|1769405915
|move|p2a: Hatterene|Psychic Noise|p1a: Kommo-o
|-immune|p1a: Kommo-o|[from] ability: Soundproof
|move|p1a: Kommo-o|Iron Head|p2a: Hatterene
|-supereffective|p2a: Hatterene
|-enditem|p2a: Hatterene|Focus Sash
|-damage|p2a: Hatterene|1/100
|
|upkeep
|turn|8
|
|t:|1769405924
|move|p2a: Hatterene|Dazzling Gleam|p1a: Kommo-o
|-end|p1a: Kommo-o|Substitute
|move|p1a: Kommo-o|Drain Punch|p2a: Hatterene
|-resisted|p2a: Hatterene
|-damage|p2a: Hatterene|0 fnt
|-heal|p1a: Kommo-o|27/100|[from] drain|[of] p2a: Hatterene
|faint|p2a: Hatterene
|
|upkeep
|
|t:|1769405930
|switch|p2a: Iron Hands|Iron Hands|100/100
|-enditem|p2a: Iron Hands|Booster Energy
|-activate|p2a: Iron Hands|ability: Quark Drive|[fromitem]
|-start|p2a: Iron Hands|quarkdriveatk
|turn|9
|
|t:|1769405937
|move|p2a: Iron Hands|Drain Punch|p1a: Kommo-o
|-damage|p1a: Kommo-o|0 fnt
|faint|p1a: Kommo-o
|
|upkeep
|
|t:|1769405943
|switch|p1a: Gholdengo|Gholdengo|100/100
|-item|p1a: Gholdengo|Air Balloon
|turn|10
|
|t:|1769405951
|move|p2a: Iron Hands|Wild Charge|p1a: Gholdengo
|-damage|p1a: Gholdengo|18/100
|-enditem|p1a: Gholdengo|Air Balloon
|-damage|p2a: Iron Hands|88/100|[from] Recoil
|move|p1a: Gholdengo|Shadow Ball|p2a: Iron Hands
|-damage|p2a: Iron Hands|49/100
|
|-fieldend|move: Trick Room
|upkeep
|turn|11
|
|t:|1769405968
|-end|p2a: Iron Hands|Quark Drive|[silent]
|switch|p2a: Porygon2|Porygon2|100/100
|-ability|p2a: Porygon2|Download|boost
|-boost|p2a: Porygon2|spa|1
|move|p1a: Gholdengo|Nasty Plot|p1a: Gholdengo
|-boost|p1a: Gholdengo|spa|2
|
|upkeep
|turn|12
|
|t:|1769405977
|move|p1a: Gholdengo|Focus Blast|p2a: Porygon2
|-supereffective|p2a: Porygon2
|-damage|p2a: Porygon2|0 fnt
|faint|p2a: Porygon2
|
|upkeep
|-message|Roboute forfeited.
|
|win|minhquang1408
|raw|minhquang1408's rating: 1375 &rarr; <strong>1399</strong><br />(+24 for winning)
|raw|Roboute's rating: 1445 &rarr; <strong>1421</strong><br />(-24 for losing)
|l|‽Roboute
|player|p2|
|l|☆minhquang1408
|player|p1|
