|j|☆cycyrobotv
|j|☆summerflows0.02
|t:|1769337764
|gametype|singles
|player|p1|cycyrobotv|265|1177
|player|p2|summerflows0.02|alder|1140
|gen|9
|tier|[Gen 9] OU
|rated|
|rule|HP Percentage Mod: HP is shown in percentages
|rule|Endless Battle Clause: Forcing endless battles is banned
|rule|Species Clause: Limit one of each Pokémon
|rule|OHKO Clause: OHKO moves are banned
|rule|Evasion Items Clause: Evasion items are banned
|rule|Evasion Moves Clause: Evasion moves are banned
|rule|Evasion Abilities Clause: Evasion abilities are banned
|rule|Sleep Moves Clause: Sleep-inducing moves are banned
|clearpoke
|poke|p1|Yanmega, M|
|poke|p1|Moltres|
|poke|p1|Hawlucha, F|
|poke|p1|Great Tusk|
|poke|p1|Raging Bolt|
|poke|p1|Dondozo, F|
|poke|p2|Ogerpon-Wellspring, F|
|poke|p2|Dragonite, M|
|poke|p2|Ting-Lu|
|poke|p2|Enamorus, F|
|poke|p2|Moltres|
|poke|p2|Pecharunt|
|teampreview
|inactive|Battle timer is ON: inactive players will automatically lose when time's up. (requested by summerflows0.02)
|
|t:|1769337809
|teamsize|p1|6
|teamsize|p2|6
|start
|switch|p1a: ishmeal|Great Tusk|100/100
|switch|p2a: Ting-Lu|Ting-Lu|100/100
|-ability|p2a: Ting-Lu|Vessel of Ruin
|turn|1
|
|t:|1769337824
|switch|p2a: Pecharunt|Pecharunt|100/100
|move|p1a: ishmeal|Ice Spinner|p2a: Pecharunt
|-damage|p2a: Pecharunt|88/100
|-damage|p1a: ishmeal|84/100|[from] item: Rocky Helmet|[of] p2a: Pecharunt
|
|upkeep
|turn|2
|
|t:|1769337834
|move|p1a: ishmeal|Stealth Rock|p2a: Pecharunt
|-sidestart|p2: summerflows0.02|move: Stealth Rock
|move|p2a: Pecharunt|Malignant Chain|p1a: ishmeal
|-resisted|p1a: ishmeal
|-damage|p1a: ishmeal|59/100
|
|upkeep
|turn|3
|
|t:|1769337844
|-end|p1a: ishmeal|Protosynthesis|[silent]
|switch|p1a: flamin wings|Moltres|100/100
|move|p2a: Pecharunt|Malignant Chain|p1a: flamin wings
|-damage|p1a: flamin wings|68/100
|-status|p1a: flamin wings|tox
|-start|p1a: flamin wings|confusion|[from] ability: Poison Puppeteer|[of] p2a: Pecharunt
|
|-damage|p1a: flamin wings|62/100 tox|[from] psn
|upkeep
|turn|4
|
|t:|1769337860
|-activate|p1a: flamin wings|confusion
|move|p1a: flamin wings|Flamethrower|p2a: Pecharunt
|-damage|p2a: Pecharunt|44/100
|move|p2a: Pecharunt|Recover|p2a: Pecharunt
|-heal|p2a: Pecharunt|94/100
|
|-damage|p1a: flamin wings|50/100 tox|[from] psn
|upkeep
|turn|5
|
|t:|1769337875
|-activate|p1a: flamin wings|confusion
|-damage|p1a: flamin wings|42/100 tox|[from] confusion
|move|p2a: Pecharunt|Recover|p2a: Pecharunt
|-heal|p2a: Pecharunt|100/100
|
|-damage|p1a: flamin wings|24/100 tox|[from] psn
|upkeep
|turn|6
|
|t:|1769337891
|-activate|p1a: flamin wings|confusion
|-damage|p1a: flamin wings|16/100 tox|[from] confusion
|move|p2a: Pecharunt|Parting Shot|p1a: flamin wings
|-unboost|p1a: flamin wings|atk|1
|-unboost|p1a: flamin wings|spa|1
|
|t:|1769337898
|switch|p2a: Enamorus|Enamorus, F|100/100|[from] Parting Shot
|-damage|p2a: Enamorus|75/100|[from] Stealth Rock
|
|-damage|p1a: flamin wings|0 fnt|[from] psn
|faint|p1a: flamin wings
|upkeep
|
|t:|1769337911
|switch|p1a: call it|Raging Bolt|100/100
|-enditem|p1a: call it|Booster Energy
|-activate|p1a: call it|ability: Protosynthesis|[fromitem]
|-start|p1a: call it|protosynthesisspa
|turn|7
|
|t:|1769337917
|move|p1a: call it|Thunderclap||[still]
|-fail|p1a: call it
|move|p2a: Enamorus|Calm Mind|p2a: Enamorus
|-boost|p2a: Enamorus|spa|1
|-boost|p2a: Enamorus|spd|1
|
|upkeep
|turn|8
|
|t:|1769337932
|-terastallize|p2a: Enamorus|Fairy
|move|p1a: call it|Thunderclap|p2a: Enamorus
|-damage|p2a: Enamorus|29/100
|-enditem|p2a: Enamorus|Sitrus Berry|[eat]
|-heal|p2a: Enamorus|54/100|[from] item: Sitrus Berry
|move|p2a: Enamorus|Draining Kiss|p1a: call it
|-supereffective|p1a: call it
|-damage|p1a: call it|0 fnt
|-heal|p2a: Enamorus|100/100|[from] drain|[of] p1a: call it
|faint|p1a: call it
|-end|p1a: call it|Protosynthesis|[silent]
|
|upkeep
|
|t:|1769337957
|switch|p1a: new guy|Hawlucha, F|100/100
|turn|9
|
|t:|1769337966
|-terastallize|p1a: new guy|Steel
|move|p1a: new guy|Brave Bird|p2a: Enamorus
|-damage|p2a: Enamorus|29/100
|-damage|p1a: new guy|73/100|[from] Recoil
|move|p2a: Enamorus|Draining Kiss|p1a: new guy
|-resisted|p1a: new guy
|-damage|p1a: new guy|19/100
|-heal|p2a: Enamorus|63/100|[from] drain|[of] p1a: new guy
|
|upkeep
|turn|10
|
|t:|1769337981
|move|p1a: new guy|Brave Bird|p2a: Enamorus
|-damage|p2a: Enamorus|0 fnt
|faint|p2a: Enamorus
|-damage|p1a: new guy|0 fnt|[from] Recoil
|faint|p1a: new guy
|
|upkeep
|
|t:|1769338000
|switch|p1a: Dondozo|Dondozo, F|100/100
|switch|p2a: Moltres|Moltres|100/100
|turn|11
|
|t:|1769338025
|move|p2a: Moltres|Will-O-Wisp|p1a: Dondozo|[miss]
|-miss|p2a: Moltres|p1a: Dondozo
|move|p1a: Dondozo|Curse|p1a: Dondozo
|-unboost|p1a: Dondozo|spe|1
|-boost|p1a: Dondozo|atk|1
|-boost|p1a: Dondozo|def|1
|
|upkeep
|turn|12
|
|t:|1769338032
|move|p2a: Moltres|Air Slash|p1a: Dondozo
|-damage|p1a: Dondozo|66/100
|move|p1a: Dondozo|Substitute|p1a: Dondozo
|-start|p1a: Dondozo|Substitute
|-damage|p1a: Dondozo|41/100
|
|-heal|p1a: Dondozo|48/100|[from] item: Leftovers
|upkeep
|turn|13
|
|t:|1769338042
|move|p2a: Moltres|Air Slash|p1a: Dondozo
|-end|p1a: Dondozo|Substitute
|move|p1a: Dondozo|Liquidation|p2a: Moltres
|-supereffective|p2a: Moltres
|-damage|p2a: Moltres|17/100
|
|-heal|p1a: Dondozo|54/100|[from] item: Leftovers
|upkeep
|turn|14
|
|t:|1769338052
|move|p2a: Moltres|Will-O-Wisp|p1a: Dondozo
|-status|p1a: Dondozo|brn
|move|p1a: Dondozo|Liquidation|p2a: Moltres
|-supereffective|p2a: Moltres
|-damage|p2a: Moltres|0 fnt
|faint|p2a: Moltres
|
|-heal|p1a: Dondozo|60/100 brn|[from] item: Leftovers
|-damage|p1a: Dondozo|54/100 brn|[from] brn
|upkeep
|
|t:|1769338063
|switch|p2a: Pecharunt|Pecharunt|100/100
|-damage|p2a: Pecharunt|88/100|[from] Stealth Rock
|turn|15
|
|t:|1769338070
|move|p2a: Pecharunt|Malignant Chain|p1a: Dondozo
|-damage|p1a: Dondozo|24/100 brn
|move|p1a: Dondozo|Liquidation|p2a: Pecharunt
|-damage|p2a: Pecharunt|79/100
|-unboost|p2a: Pecharunt|def|1
|-damage|p1a: Dondozo|8/100 brn|[from] item: Rocky Helmet|[of] p2a: Pecharunt
|
|-heal|p1a: Dondozo|14/100 brn|[from] item: Leftovers
|-damage|p1a: Dondozo|8/100 brn|[from] brn
|upkeep
|turn|16
|
|t:|1769338082
|move|p2a: Pecharunt|Malignant Chain|p1a: Dondozo
|-damage|p1a: Dondozo|0 fnt
|faint|p1a: Dondozo
|
|upkeep
|
|t:|1769338101
|switch|p1a: ishmeal|Great Tusk|59/100
|turn|17
|
|t:|1769338104
|switch|p2a: Dragonite|Dragonite, M|100/100
|-damage|p2a: Dragonite|76/100|[from] Stealth Rock
|move|p1a: ishmeal|Headlong Rush|p2a: Dragonite
|-immune|p2a: Dragonite
|
|upkeep
|turn|18
|
|t:|1769338114
|move|p2a: Dragonite|Extreme Speed|p1a: ishmeal
|-damage|p1a: ishmeal|23/100
|move|p1a: ishmeal|Ice Spinner|p2a: Dragonite
|-supereffective|p2a: Dragonite
|-damage|p2a: Dragonite|0 fnt
|faint|p2a: Dragonite
|
|upkeep
|
|t:|1769338124
|switch|p2a: Pecharunt|Pecharunt|79/100
|-damage|p2a: Pecharunt|66/100|[from] Stealth Rock
|turn|19
|
|t:|1769338130
|move|p1a: ishmeal|Headlong Rush|p2a: Pecharunt
|-supereffective|p2a: Pecharunt
|-crit|p2a: Pecharunt
|-damage|p2a: Pecharunt|0 fnt
|-unboost|p1a: ishmeal|def|1
|-unboost|p1a: ishmeal|spd|1
|-damage|p1a: ishmeal|7/100|[from] item: Rocky Helmet|[of] p2a: Pecharunt
|faint|p2a: Pecharunt
|
|upkeep
|
|t:|1769338142
|switch|p2a: Ogerpon|Ogerpon-Wellspring, F|100/100
|-damage|p2a: Ogerpon|88/100|[from] Stealth Rock
|turn|20
|
|t:|1769338147
|move|p1a: ishmeal|Headlong Rush|p2a: Ogerpon
|-resisted|p2a: Ogerpon
|-damage|p2a: Ogerpon|51/100
|-unboost|p1a: ishmeal|def|1
|-unboost|p1a: ishmeal|spd|1
|move|p2a: Ogerpon|Trailblaze|p1a: ishmeal
|-supereffective|p1a: ishmeal
|-damage|p1a: ishmeal|0 fnt
|-boost|p2a: Ogerpon|spe|1
|faint|p1a: ishmeal
|-end|p1a: ishmeal|Protosynthesis|[silent]
|
|upkeep
|
|t:|1769338149
|switch|p1a: the GOAT|Yanmega, M, shiny|100/100
|turn|21
|
|t:|1769338162
|move|p1a: the GOAT|Protect|p1a: the GOAT
|-singleturn|p1a: the GOAT|Protect
|move|p2a: Ogerpon|Ivy Cudgel|p1a: the GOAT|[anim] Ivy Cudgel Water
|-activate|p1a: the GOAT|move: Protect
|
|-ability|p1a: the GOAT|Speed Boost|boost
|-boost|p1a: the GOAT|spe|1
|upkeep
|turn|22
|
|t:|1769338176
|move|p1a: the GOAT|Air Slash|p2a: Ogerpon
|-supereffective|p2a: Ogerpon
|-damage|p2a: Ogerpon|0 fnt
|faint|p2a: Ogerpon
|-damage|p1a: the GOAT|91/100|[from] item: Life Orb
|
|-ability|p1a: the GOAT|Speed Boost|boost
|-boost|p1a: the GOAT|spe|1
|upkeep
|
|t:|1769338184
|switch|p2a: Ting-Lu|Ting-Lu|100/100
|-damage|p2a: Ting-Lu|94/100|[from] Stealth Rock
|-ability|p2a: Ting-Lu|Vessel of Ruin
|turn|23
|
|t:|1769338204
|move|p1a: the GOAT|Bug Buzz|p2a: Ting-Lu
|-supereffective|p2a: Ting-Lu
|-damage|p2a: Ting-Lu|45/100
|-unboost|p2a: Ting-Lu|spd|1
|-damage|p1a: the GOAT|81/100|[from] item: Life Orb
|move|p2a: Ting-Lu|Rock Tomb|p1a: the GOAT
|-supereffective|p1a: the GOAT
|-damage|p1a: the GOAT|0 fnt
|faint|p1a: the GOAT
|
|win|summerflows0.02
|raw|cycyrobotv's rating: 1177 &rarr; <strong>1149</strong><br />(-28 for losing)
|raw|summerflows0.02's rating: 1140 &rarr; <strong>1168</strong><br />(+28 for winning)
|c|☆summerflows0.02|no
|l|☆summerflows0.02
|player|p2|
|c|☆cycyrobotv|aw
|l|☆cycyrobotv
|player|p1|
