|j|☆agent 3 of 2013
|j|☆aerodynamite
|t:|1769306093
|gametype|singles
|player|p1|agent 3 of 2013|unknownf|1237
|player|p2|aerodynamite|unknown|1217
|gen|9
|tier|[Gen 9] OU
|rated|
|rule|HP Percentage Mod: HP is shown in percentages
|rule|Endless Battle Clause: Forcing endless battles is banned
|rule|Species Clause: Limit one of each Pokémon
|rule|OHKO Clause: OHKO moves are banned
|rule|Evasion Items Clause: Evasion items are banned
|rule|Evasion Moves Clause: Evasion moves are banned
|rule|Evasion Abilities Clause: Evasion abilities are banned
|rule|Sleep Moves Clause: Sleep-inducing moves are banned
|clearpoke
|poke|p1|Ting-Lu|
|poke|p1|Mimikyu, M|
|poke|p1|Moltres-Galar|
|poke|p1|Great Tusk|
|poke|p1|Dragonite, F|
|poke|p1|Scizor, F|
|poke|p2|Rillaboom, F|
|poke|p2|Zarude-Dada|
|poke|p2|Slaking, M|
|poke|p2|Munkidori, M|
|poke|p2|Infernape, F|
|poke|p2|Ambipom, M|
|teampreview
|inactive|Battle timer is ON: inactive players will automatically lose when time's up. (requested by agent 3 of 2013)
|
|t:|1769306108
|teamsize|p1|6
|teamsize|p2|6
|start
|switch|p1a: Moltres|Moltres-Galar|100/100
|switch|p2a: Ambipom|Ambipom, M|100/100
|turn|1
|
|t:|1769306118
|switch|p1a: Scizor|Scizor, F|100/100
|move|p2a: Ambipom|Triple Axel|p1a: Scizor
|-resisted|p1a: Scizor
|-damage|p1a: Scizor|95/100
|-resisted|p1a: Scizor
|-damage|p1a: Scizor|86/100
|-hitcount|p1a: Scizor|2
|
|upkeep
|turn|2
|
|t:|1769306138
|move|p2a: Ambipom|Knock Off|p1a: Scizor
|-damage|p1a: Scizor|55/100
|-enditem|p1a: Scizor|Metal Coat|[from] move: Knock Off|[of] p2a: Ambipom
|move|p1a: Scizor|Lunge|p2a: Ambipom
|-damage|p2a: Ambipom|25/100
|-unboost|p2a: Ambipom|atk|1
|
|upkeep
|turn|3
|
|t:|1769306153
|switch|p2a: Infernape|Infernape, F|100/100
|move|p1a: Scizor|Swords Dance|p1a: Scizor
|-boost|p1a: Scizor|atk|2
|
|upkeep
|turn|4
|
|t:|1769306164
|switch|p1a: Mimikyu|Mimikyu, M|100/100
|move|p2a: Infernape|Fire Blast|p1a: Mimikyu
|-activate|p1a: Mimikyu|ability: Disguise
|-damage|p1a: Mimikyu|100/100
|-status|p1a: Mimikyu|brn
|detailschange|p1a: Mimikyu|Mimikyu-Busted, M
|-damage|p1a: Mimikyu|88/100 brn|[from] pokemon: Mimikyu-Busted
|-enditem|p1a: Mimikyu|Eject Button
|
|t:|1769306169
|switch|p1a: Moltres|Moltres-Galar|100/100
|
|upkeep
|turn|5
|
|t:|1769306180
|switch|p2a: Ambipom|Ambipom, M|25/100
|move|p1a: Moltres|Substitute|p1a: Moltres
|-start|p1a: Moltres|Substitute
|-damage|p1a: Moltres|76/100
|
|upkeep
|turn|6
|
|t:|1769306195
|switch|p1a: Scizor|Scizor, F|55/100
|move|p2a: Ambipom|Triple Axel|p1a: Scizor|[miss]
|-miss|p2a: Ambipom|p1a: Scizor
|
|upkeep
|turn|7
|
|t:|1769306204
|move|p2a: Ambipom|U-turn|p1a: Scizor
|-resisted|p1a: Scizor
|-damage|p1a: Scizor|44/100
|
|t:|1769306208
|switch|p2a: Infernape|Infernape, F|100/100|[from] U-turn
|move|p1a: Scizor|Lunge|p2a: Infernape
|-resisted|p2a: Infernape
|-damage|p2a: Infernape|83/100
|-unboost|p2a: Infernape|atk|1
|
|upkeep
|turn|8
|
|t:|1769306220
|switch|p1a: Dragonite|Dragonite, F|100/100
|move|p2a: Infernape|Fire Blast|p1a: Dragonite|[miss]
|-miss|p2a: Infernape|p1a: Dragonite
|
|upkeep
|turn|9
|
|t:|1769306229
|switch|p2a: Munkidori|Munkidori, M|100/100
|move|p1a: Dragonite|Dragon Dance|p1a: Dragonite
|-boost|p1a: Dragonite|atk|1
|-boost|p1a: Dragonite|spe|1
|
|upkeep
|turn|10
|
|t:|1769306238
|move|p2a: Munkidori|Trick|p1a: Dragonite
|-activate|p2a: Munkidori|move: Trick|[of] p1a: Dragonite
|-item|p1a: Dragonite|Choice Scarf|[from] move: Trick
|-item|p2a: Munkidori|Heavy-Duty Boots|[from] move: Trick
|move|p1a: Dragonite|Earthquake|p2a: Munkidori
|-supereffective|p2a: Munkidori
|-damage|p2a: Munkidori|0 fnt
|faint|p2a: Munkidori
|
|upkeep
|
|t:|1769306247
|switch|p2a: Rillaboom|Rillaboom, F|100/100
|-fieldstart|move: Grassy Terrain|[from] ability: Grassy Surge|[of] p2a: Rillaboom
|turn|11
|
|t:|1769306259
|switch|p1a: Moltres|Moltres-Galar|76/100
|move|p2a: Rillaboom|U-turn|p1a: Moltres
|-damage|p1a: Moltres|46/100
|-ability|p1a: Moltres|Berserk|boost
|-boost|p1a: Moltres|spa|1
|
|t:|1769306267
|switch|p2a: Slaking|Slaking, M|100/100|[from] U-turn
|
|upkeep
|turn|12
|
|t:|1769306278
|move|p2a: Slaking|Knock Off|p1a: Moltres
|-resisted|p1a: Moltres
|-damage|p1a: Moltres|12/100
|-enditem|p1a: Moltres|Salac Berry|[from] move: Knock Off|[of] p2a: Slaking
|move|p1a: Moltres|Substitute|p1a: Moltres
|-fail|p1a: Moltres|move: Substitute|[weak]
|
|upkeep
|turn|13
|
|t:|1769306289
|switch|p2a: Ambipom|Ambipom, M|25/100
|move|p1a: Moltres|Fiery Wrath|p2a: Ambipom
|-damage|p2a: Ambipom|0 fnt
|faint|p2a: Ambipom
|
|upkeep
|
|t:|1769306300
|switch|p2a: Infernape|Infernape, F|83/100
|turn|14
|
|t:|1769306307
|move|p2a: Infernape|U-turn|p1a: Moltres
|-damage|p1a: Moltres|0 fnt
|faint|p1a: Moltres
|
|t:|1769306313
|switch|p2a: Zarude|Zarude-Dada|100/100|[from] U-turn
|
|upkeep
|
|t:|1769306328
|switch|p1a: Scizor|Scizor, F|44/100
|turn|15
|
|t:|1769306336
|-terastallize|p2a: Zarude|Poison
|move|p2a: Zarude|Swords Dance|p2a: Zarude
|-boost|p2a: Zarude|atk|2
|move|p1a: Scizor|Lunge|p2a: Zarude
|-resisted|p2a: Zarude
|-crit|p2a: Zarude
|-damage|p2a: Zarude|69/100
|-unboost|p2a: Zarude|atk|1
|
|-heal|p2a: Zarude|75/100|[from] Grassy Terrain
|-heal|p2a: Zarude|81/100|[from] item: Leftovers
|-heal|p1a: Scizor|50/100|[from] Grassy Terrain
|upkeep
|turn|16
|
|t:|1769306353
|switch|p1a: Ting-Lu|Ting-Lu|100/100
|-ability|p1a: Ting-Lu|Vessel of Ruin
|move|p2a: Zarude|Swords Dance|p2a: Zarude
|-boost|p2a: Zarude|atk|2
|
|-heal|p2a: Zarude|87/100|[from] Grassy Terrain
|-heal|p2a: Zarude|93/100|[from] item: Leftovers
|upkeep
|turn|17
|
|t:|1769306363
|move|p2a: Zarude|Power Whip|p1a: Ting-Lu
|-supereffective|p1a: Ting-Lu
|-damage|p1a: Ting-Lu|0 fnt
|faint|p1a: Ting-Lu
|
|-heal|p2a: Zarude|99/100|[from] Grassy Terrain
|-heal|p2a: Zarude|100/100|[from] item: Leftovers
|upkeep
|
|t:|1769306375
|switch|p1a: Dragonite|Dragonite, F|100/100
|turn|18
|inactive|agent 3 of 2013 has 120 seconds left.
|
|t:|1769306399
|move|p1a: Dragonite|Extreme Speed|p2a: Zarude
|-damage|p2a: Zarude|69/100
|move|p2a: Zarude|Knock Off|p1a: Dragonite
|-damage|p1a: Dragonite|35/100
|-enditem|p1a: Dragonite|Choice Scarf|[from] move: Knock Off|[of] p2a: Zarude
|
|-heal|p2a: Zarude|75/100|[from] Grassy Terrain
|-heal|p2a: Zarude|81/100|[from] item: Leftovers
|-fieldend|move: Grassy Terrain
|upkeep
|turn|19
|inactive|agent 3 of 2013 has 120 seconds left.
|
|t:|1769306428
|move|p1a: Dragonite|Extreme Speed|p2a: Zarude
|-damage|p2a: Zarude|50/100
|move|p2a: Zarude|Knock Off|p1a: Dragonite
|-damage|p1a: Dragonite|0 fnt
|faint|p1a: Dragonite
|
|-heal|p2a: Zarude|56/100|[from] item: Leftovers
|upkeep
|
|t:|1769306431
|switch|p1a: Scizor|Scizor, F|50/100
|turn|20
|
|t:|1769306449
|-terastallize|p1a: Scizor|Steel
|move|p1a: Scizor|Bullet Punch|p2a: Zarude
|-damage|p2a: Zarude|12/100
|move|p2a: Zarude|Knock Off|p1a: Scizor
|-damage|p1a: Scizor|0 fnt
|faint|p1a: Scizor
|
|-heal|p2a: Zarude|18/100|[from] item: Leftovers
|upkeep
|
|t:|1769306457
|switch|p1a: Mimikyu|Mimikyu-Busted, M|88/100 brn
|turn|21
|inactive|agent 3 of 2013 has 120 seconds left.
|
|t:|1769306471
|move|p2a: Zarude|Knock Off|p1a: Mimikyu
|-damage|p1a: Mimikyu|0 fnt
|faint|p1a: Mimikyu
|
|-heal|p2a: Zarude|24/100|[from] item: Leftovers
|upkeep
|inactive|agent 3 of 2013 has 120 seconds left.
|
|t:|1769306479
|switch|p1a: Great Tusk|Great Tusk|100/100
|turn|22
|
|t:|1769306483
|move|p2a: Zarude|Power Whip|p1a: Great Tusk
|-supereffective|p1a: Great Tusk
|-damage|p1a: Great Tusk|0 fnt
|-damage|p2a: Zarude|7/100|[from] item: Rocky Helmet|[of] p1a: Great Tusk
|faint|p1a: Great Tusk
|-end|p1a: Great Tusk|Protosynthesis|[silent]
|
|win|aerodynamite
|raw|agent 3 of 2013's rating: 1237 &rarr; <strong>1211</strong><br />(-26 for losing)
|raw|aerodynamite's rating: 1217 &rarr; <strong>1243</strong><br />(+26 for winning)
|c|☆aerodynamite|Thumbs
|l|☆agent 3 of 2013
|player|p1|
|l|☆aerodynamite
|player|p2|
