|j|☆Chupapinamo
|j|☆Mudseph03
|t:|1769419029
|gametype|singles
|player|p1|Chupapinamo|cynthia-masters4|1056
|player|p2|Mudseph03|red|1130
|gen|9
|tier|[Gen 9] OU
|rated|
|rule|HP Percentage Mod: HP is shown in percentages
|rule|Endless Battle Clause: Forcing endless battles is banned
|rule|Species Clause: Limit one of each Pokémon
|rule|OHKO Clause: OHKO moves are banned
|rule|Evasion Items Clause: Evasion items are banned
|rule|Evasion Moves Clause: Evasion moves are banned
|rule|Evasion Abilities Clause: Evasion abilities are banned
|rule|Sleep Moves Clause: Sleep-inducing moves are banned
|clearpoke
|poke|p1|Primarina, M|
|poke|p1|Iron Treads|
|poke|p1|Lokix, F|
|poke|p1|Kingdra, M|
|poke|p1|Pelipper, F|
|poke|p1|Toxicroak, F|
|poke|p2|Dragapult, M|
|poke|p2|Quagsire, M|
|poke|p2|Heatran, M|
|poke|p2|Heracross, M|
|poke|p2|Jumpluff, F|
|poke|p2|Gallade, M|
|teampreview
|inactive|Battle timer is ON: inactive players will automatically lose when time's up. (requested by Chupapinamo)
|
|t:|1769419056
|teamsize|p1|6
|teamsize|p2|6
|start
|switch|p1a: Pelipper|Pelipper, F|100/100
|switch|p2a: Draga-sama|Dragapult, M|100/100
|-weather|RainDance|[from] ability: Drizzle|[of] p1a: Pelipper
|turn|1
|
|t:|1769419066
|switch|p1a: Kingdra|Kingdra, M|100/100
|move|p2a: Draga-sama|Thunderbolt|p1a: Kingdra
|-damage|p1a: Kingdra|63/100
|-damage|p2a: Draga-sama|91/100|[from] item: Life Orb
|
|-weather|RainDance|[upkeep]
|upkeep
|turn|2
|
|t:|1769419088
|switch|p2a: Don Pollo|Jumpluff, F|100/100
|move|p1a: Kingdra|Weather Ball|p2a: Don Pollo
|-resisted|p2a: Don Pollo
|-damage|p2a: Don Pollo|54/100
|
|-weather|RainDance|[upkeep]
|upkeep
|turn|3
|
|t:|1769419099
|move|p1a: Kingdra|Weather Ball|p2a: Don Pollo
|-resisted|p2a: Don Pollo
|-damage|p2a: Don Pollo|4/100
|move|p2a: Don Pollo|Leech Seed|p1a: Kingdra|[miss]
|-miss|p2a: Don Pollo|p1a: Kingdra
|
|-weather|RainDance|[upkeep]
|upkeep
|turn|4
|
|t:|1769419105
|move|p1a: Kingdra|Weather Ball|p2a: Don Pollo
|-resisted|p2a: Don Pollo
|-damage|p2a: Don Pollo|0 fnt
|faint|p2a: Don Pollo
|
|-weather|RainDance|[upkeep]
|upkeep
|
|t:|1769419115
|switch|p2a: Draga-sama|Dragapult, M|91/100
|turn|5
|
|t:|1769419121
|move|p1a: Kingdra|Weather Ball|p2a: Draga-sama
|-resisted|p2a: Draga-sama
|-damage|p2a: Draga-sama|25/100
|move|p2a: Draga-sama|Draco Meteor|p1a: Kingdra
|-supereffective|p1a: Kingdra
|-damage|p1a: Kingdra|0 fnt
|-unboost|p2a: Draga-sama|spa|2
|faint|p1a: Kingdra
|-damage|p2a: Draga-sama|16/100|[from] item: Life Orb
|
|-weather|RainDance|[upkeep]
|upkeep
|
|t:|1769419130
|switch|p1a: Lokix|Lokix, F|100/100
|turn|6
|
|t:|1769419134
|switch|p2a: Cubarsire|Quagsire, M|100/100
|move|p1a: Lokix|First Impression|p2a: Cubarsire
|-damage|p2a: Cubarsire|53/100
|
|-weather|RainDance|[upkeep]
|-heal|p2a: Cubarsire|60/100|[from] item: Leftovers
|upkeep
|turn|7
|
|t:|1769419158
|switch|p1a: Toxicroak|Toxicroak, F|100/100
|move|p2a: Cubarsire|Recover|p2a: Cubarsire
|-heal|p2a: Cubarsire|100/100
|
|-weather|RainDance|[upkeep]
|upkeep
|turn|8
|
|t:|1769419164
|move|p1a: Toxicroak|Knock Off|p2a: Cubarsire
|-damage|p2a: Cubarsire|85/100
|-enditem|p2a: Cubarsire|Leftovers|[from] move: Knock Off|[of] p1a: Toxicroak
|move|p2a: Cubarsire|Earthquake|p1a: Toxicroak
|-supereffective|p1a: Toxicroak
|-damage|p1a: Toxicroak|48/100
|
|-weather|none
|-heal|p1a: Toxicroak|54/100|[from] item: Black Sludge
|upkeep
|turn|9
|
|t:|1769419177
|switch|p1a: Pelipper|Pelipper, F|100/100
|-weather|RainDance|[from] ability: Drizzle|[of] p1a: Pelipper
|move|p2a: Cubarsire|Toxic|p1a: Pelipper
|-status|p1a: Pelipper|tox
|
|-weather|RainDance|[upkeep]
|-damage|p1a: Pelipper|94/100 tox|[from] psn
|upkeep
|turn|10
|
|t:|1769419186
|switch|p2a: Draga-sama|Dragapult, M|16/100
|move|p1a: Pelipper|U-turn|p2a: Draga-sama
|-resisted|p2a: Draga-sama
|-damage|p2a: Draga-sama|10/100
|
|t:|1769419202
|switch|p1a: Lokix|Lokix, F|100/100|[from] U-turn
|
|-weather|RainDance|[upkeep]
|upkeep
|turn|11
|
|t:|1769419206
|switch|p2a: Cubarsire|Quagsire, M|85/100
|move|p1a: Lokix|U-turn|p2a: Cubarsire
|-damage|p2a: Cubarsire|51/100
|
|t:|1769419226
|switch|p1a: Primarina|Primarina, M|100/100|[from] U-turn
|
|-weather|RainDance|[upkeep]
|upkeep
|turn|12
|inactive|Chupapinamo has 120 seconds left.
|inactive|Chupapinamo has 90 seconds left.
|
|t:|1769419285
|move|p1a: Primarina|Substitute|p1a: Primarina
|-start|p1a: Primarina|Substitute
|-damage|p1a: Primarina|75/100
|move|p2a: Cubarsire|Recover|p2a: Cubarsire
|-heal|p2a: Cubarsire|100/100
|
|-weather|RainDance|[upkeep]
|-heal|p1a: Primarina|82/100|[from] item: Leftovers
|upkeep
|turn|13
|
|t:|1769419289
|move|p1a: Primarina|Moonblast|p2a: Cubarsire
|-damage|p2a: Cubarsire|38/100
|move|p2a: Cubarsire|Earthquake|p1a: Primarina
|-end|p1a: Primarina|Substitute
|
|-weather|RainDance|[upkeep]
|-heal|p1a: Primarina|88/100|[from] item: Leftovers
|upkeep
|turn|14
|inactive|Chupapinamo has 90 seconds left.
|
|t:|1769419303
|switch|p2a: Christran|Heatran, M|100/100
|move|p1a: Primarina|Moonblast|p2a: Christran
|-resisted|p2a: Christran
|-damage|p2a: Christran|95/100
|
|-weather|RainDance|[upkeep]
|-heal|p1a: Primarina|94/100|[from] item: Leftovers
|upkeep
|turn|15
|
|t:|1769419308
|move|p2a: Christran|Flash Cannon|p1a: Primarina
|-damage|p1a: Primarina|64/100
|move|p1a: Primarina|Substitute|p1a: Primarina
|-start|p1a: Primarina|Substitute
|-damage|p1a: Primarina|39/100
|
|-weather|RainDance|[upkeep]
|-heal|p1a: Primarina|45/100|[from] item: Leftovers
|upkeep
|turn|16
|
|t:|1769419319
|move|p2a: Christran|Flash Cannon|p1a: Primarina
|-end|p1a: Primarina|Substitute
|move|p1a: Primarina|Whirlpool|p2a: Christran
|-supereffective|p2a: Christran
|-damage|p2a: Christran|65/100
|-activate|p2a: Christran|move: Whirlpool|[of] p1a: Primarina
|
|-weather|none
|-heal|p1a: Primarina|51/100|[from] item: Leftovers
|-damage|p2a: Christran|53/100|[from] move: Whirlpool|[partiallytrapped]
|upkeep
|turn|17
|
|t:|1769419328
|move|p2a: Christran|Magma Storm|p1a: Primarina
|-resisted|p1a: Primarina
|-damage|p1a: Primarina|30/100
|-activate|p1a: Primarina|move: Magma Storm|[of] p2a: Christran
|move|p1a: Primarina|Sparkling Aria|p2a: Christran
|-supereffective|p2a: Christran
|-damage|p2a: Christran|0 fnt
|faint|p2a: Christran
|
|-heal|p1a: Primarina|36/100|[from] item: Leftovers
|-end|p1a: Primarina|Magma Storm|[partiallytrapped]|[silent]
|upkeep
|
|t:|1769419337
|switch|p2a: Draga-sama|Dragapult, M|10/100
|turn|18
|
|t:|1769419347
|move|p2a: Draga-sama|Thunderbolt|p1a: Primarina
|-supereffective|p1a: Primarina
|-damage|p1a: Primarina|0 fnt
|faint|p1a: Primarina
|-damage|p2a: Draga-sama|0 fnt|[from] item: Life Orb
|faint|p2a: Draga-sama
|
|upkeep
|
|t:|1769419354
|switch|p2a: Ciamaser|Heracross, M|100/100
|switch|p1a: Pelipper|Pelipper, F|94/100 tox
|-weather|RainDance|[from] ability: Drizzle|[of] p1a: Pelipper
|turn|19
|
|t:|1769419363
|-terastallize|p2a: Ciamaser|Normal
|move|p2a: Ciamaser|Trailblaze|p1a: Pelipper
|-damage|p1a: Pelipper|77/100 tox
|-boost|p2a: Ciamaser|spe|1
|move|p1a: Pelipper|U-turn|p2a: Ciamaser
|-damage|p2a: Ciamaser|88/100
|
|t:|1769419373
|switch|p1a: Toxicroak|Toxicroak, F|54/100|[from] U-turn
|
|-weather|RainDance|[upkeep]
|-heal|p1a: Toxicroak|67/100|[from] ability: Dry Skin
|-heal|p1a: Toxicroak|73/100|[from] item: Black Sludge
|-status|p2a: Ciamaser|brn|[from] item: Flame Orb
|upkeep
|turn|20
|
|t:|1769419385
|move|p2a: Ciamaser|Facade|p1a: Toxicroak
|-damage|p1a: Toxicroak|0 fnt
|faint|p1a: Toxicroak
|
|-weather|RainDance|[upkeep]
|-damage|p2a: Ciamaser|82/100 brn|[from] brn
|upkeep
|
|t:|1769419403
|switch|p1a: Lokix|Lokix, F|100/100
|turn|21
|
|t:|1769419406
|move|p1a: Lokix|First Impression|p2a: Ciamaser
|-crit|p2a: Ciamaser
|-damage|p2a: Ciamaser|0 fnt
|faint|p2a: Ciamaser
|
|-weather|RainDance|[upkeep]
|upkeep
|
|t:|1769419412
|switch|p2a: Cubarsire|Quagsire, M|38/100
|turn|22
|inactive|Chupapinamo has 120 seconds left.
|
|t:|1769419418
|move|p1a: Lokix|First Impression||[still]
|-hint|First Impression only works on your first turn out.
|-fail|p1a: Lokix
|move|p2a: Cubarsire|Recover|p2a: Cubarsire
|-heal|p2a: Cubarsire|88/100
|
|-weather|RainDance|[upkeep]
|upkeep
|turn|23
|
|t:|1769419425
|switch|p1a: Pelipper|Pelipper, F|77/100 tox
|move|p2a: Cubarsire|Toxic|p1a: Pelipper
|-fail|p1a: Pelipper|tox
|
|-weather|RainDance|[upkeep]
|-damage|p1a: Pelipper|71/100 tox|[from] psn
|upkeep
|turn|24
|inactive|Chupapinamo has 120 seconds left.
|
|t:|1769419440
|move|p1a: Pelipper|Roost|p1a: Pelipper
|-heal|p1a: Pelipper|100/100 tox
|-singleturn|p1a: Pelipper|move: Roost
|move|p2a: Cubarsire|Recover|p2a: Cubarsire
|-heal|p2a: Cubarsire|100/100
|
|-weather|RainDance|[upkeep]
|-damage|p1a: Pelipper|88/100 tox|[from] psn
|upkeep
|turn|25
|
|t:|1769419445
|move|p1a: Pelipper|U-turn|p2a: Cubarsire
|-damage|p2a: Cubarsire|94/100
|
|t:|1769419451
|switch|p1a: Lokix|Lokix, F|100/100|[from] U-turn
|move|p2a: Cubarsire|Spikes|p1a: Lokix
|-sidestart|p1: Chupapinamo|Spikes
|
|-weather|RainDance|[upkeep]
|upkeep
|turn|26
|
|t:|1769419462
|move|p1a: Lokix|Leech Life|p2a: Cubarsire
|-damage|p2a: Cubarsire|52/100
|move|p2a: Cubarsire|Toxic|p1a: Lokix
|-status|p1a: Lokix|tox
|
|-weather|none
|-damage|p1a: Lokix|94/100 tox|[from] psn
|upkeep
|turn|27
|
|t:|1769419470
|move|p1a: Lokix|Leech Life|p2a: Cubarsire
|-damage|p2a: Cubarsire|9/100
|-heal|p1a: Lokix|100/100 tox|[from] drain|[of] p2a: Cubarsire
|move|p2a: Cubarsire|Recover|p2a: Cubarsire
|-heal|p2a: Cubarsire|59/100
|
|-damage|p1a: Lokix|88/100 tox|[from] psn
|upkeep
|turn|28
|
|t:|1769419475
|move|p1a: Lokix|Leech Life|p2a: Cubarsire
|-damage|p2a: Cubarsire|18/100
|-heal|p1a: Lokix|100/100 tox|[from] drain|[of] p2a: Cubarsire
|move|p2a: Cubarsire|Recover|p2a: Cubarsire
|-heal|p2a: Cubarsire|68/100
|
|-damage|p1a: Lokix|82/100 tox|[from] psn
|upkeep
|turn|29
|
|t:|1769419482
|move|p1a: Lokix|Leech Life|p2a: Cubarsire
|-damage|p2a: Cubarsire|26/100
|-heal|p1a: Lokix|100/100 tox|[from] drain|[of] p2a: Cubarsire
|move|p2a: Cubarsire|Recover|p2a: Cubarsire
|-heal|p2a: Cubarsire|76/100
|
|-damage|p1a: Lokix|76/100 tox|[from] psn
|upkeep
|turn|30
|
|t:|1769419494
|switch|p1a: Pelipper|Pelipper, F|88/100 tox
|-weather|RainDance|[from] ability: Drizzle|[of] p1a: Pelipper
|move|p2a: Cubarsire|Earthquake|p1a: Pelipper
|-immune|p1a: Pelipper
|
|-weather|RainDance|[upkeep]
|-damage|p1a: Pelipper|82/100 tox|[from] psn
|upkeep
|turn|31
|
|t:|1769419500
|move|p1a: Pelipper|U-turn|p2a: Cubarsire
|-damage|p2a: Cubarsire|69/100
|
|t:|1769419502
|switch|p1a: Lokix|Lokix, F|76/100 tox|[from] U-turn
|-damage|p1a: Lokix|64/100 tox|[from] Spikes
|move|p2a: Cubarsire|Spikes|p1a: Lokix
|-sidestart|p1: Chupapinamo|Spikes
|
|-weather|RainDance|[upkeep]
|-damage|p1a: Lokix|58/100 tox|[from] psn
|upkeep
|turn|32
|
|t:|1769419512
|move|p1a: Lokix|Leech Life|p2a: Cubarsire
|-damage|p2a: Cubarsire|28/100
|-heal|p1a: Lokix|86/100 tox|[from] drain|[of] p2a: Cubarsire
|move|p2a: Cubarsire|Recover|p2a: Cubarsire
|-heal|p2a: Cubarsire|78/100
|
|-weather|RainDance|[upkeep]
|-damage|p1a: Lokix|74/100 tox|[from] psn
|upkeep
|turn|33
|
|t:|1769419519
|move|p1a: Lokix|Leech Life|p2a: Cubarsire
|-damage|p2a: Cubarsire|39/100
|-heal|p1a: Lokix|99/100 tox|[from] drain|[of] p2a: Cubarsire
|move|p2a: Cubarsire|Spikes|p1a: Lokix
|-sidestart|p1: Chupapinamo|Spikes
|
|-weather|RainDance|[upkeep]
|-damage|p1a: Lokix|82/100 tox|[from] psn
|upkeep
|turn|34
|
|t:|1769419524
|move|p1a: Lokix|Leech Life|p2a: Cubarsire
|-damage|p2a: Cubarsire|0 fnt
|-heal|p1a: Lokix|100/100 tox|[from] drain|[of] p2a: Cubarsire
|faint|p2a: Cubarsire
|
|-weather|RainDance|[upkeep]
|-damage|p1a: Lokix|76/100 tox|[from] psn
|upkeep
|
|t:|1769419527
|switch|p2a: Stained|Gallade, M|100/100
|turn|35
|
|t:|1769419545
|move|p2a: Stained|Aqua Cutter|p1a: Lokix
|-crit|p1a: Lokix
|-damage|p1a: Lokix|0 fnt
|faint|p1a: Lokix
|
|-weather|RainDance|[upkeep]
|upkeep
|
|t:|1769419563
|switch|p1a: Pelipper|Pelipper, F|82/100 tox
|turn|36
|
|t:|1769419572
|move|p2a: Stained|Aqua Cutter|p1a: Pelipper
|-resisted|p1a: Pelipper
|-damage|p1a: Pelipper|55/100 tox
|move|p1a: Pelipper|Surf|p2a: Stained
|-damage|p2a: Stained|56/100
|
|-weather|RainDance|[upkeep]
|-damage|p1a: Pelipper|49/100 tox|[from] psn
|upkeep
|turn|37
|
|t:|1769419578
|move|p2a: Stained|Aqua Cutter|p1a: Pelipper
|-resisted|p1a: Pelipper
|-damage|p1a: Pelipper|21/100 tox
|move|p1a: Pelipper|Surf|p2a: Stained
|-damage|p2a: Stained|5/100
|
|-weather|none
|-damage|p1a: Pelipper|9/100 tox|[from] psn
|upkeep
|turn|38
|
|t:|1769419585
|move|p2a: Stained|Aqua Cutter|p1a: Pelipper
|-resisted|p1a: Pelipper
|-crit|p1a: Pelipper
|-damage|p1a: Pelipper|0 fnt
|faint|p1a: Pelipper
|
|upkeep
|
|t:|1769419586
|switch|p1a: Iron Treads|Iron Treads|100/100
|turn|39
|
|t:|1769419595
|-terastallize|p1a: Iron Treads|Ice
|move|p2a: Stained|Aqua Cutter|p1a: Iron Treads
|-damage|p1a: Iron Treads|65/100
|move|p1a: Iron Treads|Rapid Spin|p2a: Stained
|-damage|p2a: Stained|0 fnt
|-boost|p1a: Iron Treads|spe|1
|-sideend|p1: Chupapinamo|Spikes|[from] move: Rapid Spin|[of] p1a: Iron Treads
|faint|p2a: Stained
|
|win|Chupapinamo
|raw|Chupapinamo's rating: 1056 &rarr; <strong>1094</strong><br />(+38 for winning)
|raw|Mudseph03's rating: 1130 &rarr; <strong>1100</strong><br />(-30 for losing)
|l|☆Mudseph03
|player|p2|
|l|☆Chupapinamo
|player|p1|
