|j|☆ChutimaTongbai
|j|☆esta man oe
|t:|1769301060
|gametype|singles
|player|p1|ChutimaTongbai|102|1076
|player|p2|esta man oe|preschooler|1135
|gen|9
|tier|[Gen 9] OU
|rated|
|rule|HP Percentage Mod: HP is shown in percentages
|rule|Endless Battle Clause: Forcing endless battles is banned
|rule|Species Clause: Limit one of each Pokémon
|rule|OHKO Clause: OHKO moves are banned
|rule|Evasion Items Clause: Evasion items are banned
|rule|Evasion Moves Clause: Evasion moves are banned
|rule|Evasion Abilities Clause: Evasion abilities are banned
|rule|Sleep Moves Clause: Sleep-inducing moves are banned
|clearpoke
|poke|p1|Golduck, M|
|poke|p1|Quagsire, M|
|poke|p1|Amoonguss, M|
|poke|p1|Great Tusk|
|poke|p1|Conkeldurr, M|
|poke|p1|Gholdengo|
|poke|p2|Hatterene, F|
|poke|p2|Slowking-Galar, M|
|poke|p2|Araquanid, M|
|poke|p2|Kingambit, M|
|poke|p2|Deoxys-Defense|
|poke|p2|Hoopa-Unbound|
|teampreview
|inactive|Battle timer is ON: inactive players will automatically lose when time's up. (requested by esta man oe)
|
|t:|1769301078
|teamsize|p1|6
|teamsize|p2|6
|start
|switch|p1a: Golduck|Golduck, M|100/100
|switch|p2a: Hatterene|Hatterene, F, shiny|100/100
|-ability|p1a: Golduck|Cloud Nine
|turn|1
|
|t:|1769301086
|move|p1a: Golduck|Flip Turn|p2a: Hatterene
|-damage|p2a: Hatterene|84/100
|
|t:|1769301089
|switch|p1a: Gholdengo|Gholdengo|100/100|[from] Flip Turn
|move|p2a: Hatterene|Trick Room|p2a: Hatterene
|-fieldstart|move: Trick Room|[of] p2a: Hatterene
|
|upkeep
|turn|2
|
|t:|1769301096
|switch|p2a: Kingambit|Kingambit, M|100/100
|move|p1a: Gholdengo|Nasty Plot|p1a: Gholdengo
|-boost|p1a: Gholdengo|spa|2
|
|upkeep
|turn|3
|
|t:|1769301104
|-terastallize|p1a: Gholdengo|Steel
|move|p2a: Kingambit|Kowtow Cleave|p1a: Gholdengo
|-damage|p1a: Gholdengo|45/100
|move|p1a: Gholdengo|Nasty Plot|p1a: Gholdengo
|-boost|p1a: Gholdengo|spa|2
|
|-heal|p1a: Gholdengo|52/100|[from] item: Leftovers
|upkeep
|turn|4
|
|t:|1769301120
|move|p2a: Kingambit|Kowtow Cleave|p1a: Gholdengo
|-damage|p1a: Gholdengo|0 fnt
|faint|p1a: Gholdengo
|
|upkeep
|
|t:|1769301126
|switch|p1a: Conkeldurr|Conkeldurr, M|100/100
|turn|5
|
|t:|1769301138
|-end|p2a: Kingambit|fallenundefined|[silent]
|switch|p2a: Deoxys|Deoxys-Defense|100/100
|-ability|p2a: Deoxys|Pressure
|move|p1a: Conkeldurr|Drain Punch|p2a: Deoxys
|-resisted|p2a: Deoxys
|-damage|p2a: Deoxys|87/100
|
|-fieldend|move: Trick Room
|-status|p1a: Conkeldurr|brn|[from] item: Flame Orb
|upkeep
|turn|6
|
|t:|1769301147
|move|p1a: Conkeldurr|Knock Off|p2a: Deoxys
|-supereffective|p2a: Deoxys
|-damage|p2a: Deoxys|25/100
|-enditem|p2a: Deoxys|Sitrus Berry|[from] move: Knock Off|[of] p1a: Conkeldurr
|move|p2a: Deoxys|Trick Room|p2a: Deoxys
|-fieldstart|move: Trick Room|[of] p2a: Deoxys
|
|-damage|p1a: Conkeldurr|94/100 brn|[from] brn
|upkeep
|turn|7
|
|t:|1769301154
|move|p1a: Conkeldurr|Knock Off|p2a: Deoxys
|-supereffective|p2a: Deoxys
|-damage|p2a: Deoxys|0 fnt
|faint|p2a: Deoxys
|
|-damage|p1a: Conkeldurr|88/100 brn|[from] brn
|upkeep
|
|t:|1769301156
|switch|p2a: Hatterene|Hatterene, F, shiny|84/100
|turn|8
|
|t:|1769301163
|move|p2a: Hatterene|Draining Kiss|p1a: Conkeldurr
|-supereffective|p1a: Conkeldurr
|-damage|p1a: Conkeldurr|25/100 brn
|-heal|p2a: Hatterene|100/100|[from] drain|[of] p1a: Conkeldurr
|move|p1a: Conkeldurr|Facade|p2a: Hatterene
|-damage|p2a: Hatterene|8/100
|
|-damage|p1a: Conkeldurr|19/100 brn|[from] brn
|upkeep
|turn|9
|
|t:|1769301173
|switch|p1a: Amoonguss|Amoonguss, M|100/100
|move|p2a: Hatterene|Draining Kiss|p1a: Amoonguss
|-resisted|p1a: Amoonguss
|-damage|p1a: Amoonguss|89/100
|-heal|p2a: Hatterene|20/100|[from] drain|[of] p1a: Amoonguss
|-damage|p2a: Hatterene|4/100|[from] item: Rocky Helmet|[of] p1a: Amoonguss
|
|upkeep
|turn|10
|
|t:|1769301183
|move|p2a: Hatterene|Healing Wish|p2a: Hatterene
|faint|p2a: Hatterene
|move|p1a: Amoonguss|Clear Smog|p2: Hatterene|[notarget]
|-fail|p1a: Amoonguss
|
|-fieldend|move: Trick Room
|upkeep
|
|t:|1769301187
|switch|p2a: Hoopa|Hoopa-Unbound|100/100
|turn|11
|
|t:|1769301193
|switch|p1a: Quagsire|Quagsire, M|100/100
|move|p2a: Hoopa|Substitute|p2a: Hoopa
|-start|p2a: Hoopa|Substitute
|-damage|p2a: Hoopa|75/100
|
|upkeep
|turn|12
|
|t:|1769301199
|move|p2a: Hoopa|Hyperspace Fury|p1a: Quagsire
|-damage|p1a: Quagsire|21/100
|-unboost|p2a: Hoopa|def|1
|-damage|p2a: Hoopa|66/100|[from] item: Life Orb
|move|p1a: Quagsire|Earthquake|p2a: Hoopa
|-end|p2a: Hoopa|Substitute
|
|-heal|p1a: Quagsire|27/100|[from] item: Leftovers
|upkeep
|turn|13
|
|t:|1769301209
|move|p2a: Hoopa|Hyperspace Fury|p1a: Quagsire
|-damage|p1a: Quagsire|0 fnt
|-unboost|p2a: Hoopa|def|1
|faint|p1a: Quagsire
|-damage|p2a: Hoopa|56/100|[from] item: Life Orb
|
|upkeep
|
|t:|1769301217
|switch|p1a: Conkeldurr|Conkeldurr, M|19/100 brn
|turn|14
|
|t:|1769301228
|-terastallize|p2a: Hoopa|Ghost
|move|p1a: Conkeldurr|Mach Punch|p2a: Hoopa
|-immune|p2a: Hoopa
|move|p2a: Hoopa|Drain Punch|p1a: Conkeldurr
|-crit|p1a: Conkeldurr
|-damage|p1a: Conkeldurr|0 fnt
|-heal|p2a: Hoopa|66/100|[from] drain|[of] p1a: Conkeldurr
|faint|p1a: Conkeldurr
|-damage|p2a: Hoopa|56/100|[from] item: Life Orb
|
|upkeep
|
|t:|1769301240
|switch|p1a: Golduck|Golduck, M|100/100
|-ability|p1a: Golduck|Cloud Nine
|turn|15
|
|t:|1769301248
|switch|p2a: Slowking|Slowking-Galar, M|100/100
|move|p1a: Golduck|Hydro Pump|p2a: Slowking|[miss]
|-miss|p1a: Golduck|p2a: Slowking
|
|upkeep
|turn|16
|
|t:|1769301255
|switch|p1a: Amoonguss|Amoonguss, M|100/100
|move|p2a: Slowking|Trick Room|p2a: Slowking
|-fieldstart|move: Trick Room|[of] p2a: Slowking
|
|upkeep
|turn|17
|
|t:|1769301267
|move|p2a: Slowking|Future Sight|p1a: Amoonguss
|-start|p2a: Slowking|move: Future Sight
|move|p1a: Amoonguss|Pollen Puff|p2a: Slowking
|-damage|p2a: Slowking|85/100
|
|upkeep
|turn|18
|
|t:|1769301276
|-prepare|p2a: Slowking|Chilly Reception|[premajor]
|move|p2a: Slowking|Chilly Reception|p2a: Slowking
|-weather|Snowscape
|
|t:|1769301284
|switch|p2a: Kingambit|Kingambit, M|100/100|[from] Chilly Reception
|-activate|p2a: Kingambit|ability: Supreme Overlord
|-start|p2a: Kingambit|fallen2|[silent]
|move|p1a: Amoonguss|Pollen Puff|p2a: Kingambit
|-damage|p2a: Kingambit|84/100
|
|-weather|Snowscape|[upkeep]
|upkeep
|turn|19
|
|t:|1769301300
|move|p2a: Kingambit|Kowtow Cleave|p1a: Amoonguss
|-damage|p1a: Amoonguss|45/100
|-damage|p2a: Kingambit|67/100|[from] item: Rocky Helmet|[of] p1a: Amoonguss
|move|p1a: Amoonguss|Pollen Puff|p2a: Kingambit
|-damage|p2a: Kingambit|51/100
|
|-weather|Snowscape|[upkeep]
|-end|p1a: Amoonguss|move: Future Sight
|-supereffective|p1a: Amoonguss
|-crit|p1a: Amoonguss
|-damage|p1a: Amoonguss|0 fnt
|faint|p1a: Amoonguss
|upkeep
|
|t:|1769301312
|switch|p1a: Golduck|Golduck, M|100/100
|-ability|p1a: Golduck|Cloud Nine
|turn|20
|
|t:|1769301323
|-end|p2a: Kingambit|fallen2|[silent]
|switch|p2a: Slowking|Slowking-Galar, M|100/100
|switch|p1a: Great Tusk|Great Tusk|100/100
|-enditem|p1a: Great Tusk|Booster Energy
|-activate|p1a: Great Tusk|ability: Protosynthesis|[fromitem]
|-start|p1a: Great Tusk|protosynthesisatk
|
|-weather|Snowscape|[upkeep]
|-fieldend|move: Trick Room
|upkeep
|turn|21
|-message|ChutimaTongbai forfeited.
|
|win|esta man oe
|raw|ChutimaTongbai's rating: 1076 &rarr; <strong>1058</strong><br />(-18 for losing)
|raw|esta man oe's rating: 1135 &rarr; <strong>1156</strong><br />(+21 for winning)
|l|☆ChutimaTongbai
|player|p1|
