|j|☆victini my goat
|j|☆BorderofSeal
|t:|1769314499
|gametype|singles
|player|p1|victini my goat|hilda-masters2|1470
|player|p2|BorderofSeal|102|1498
|gen|9
|tier|[Gen 9] OU
|rated|
|rule|HP Percentage Mod: HP is shown in percentages
|rule|Endless Battle Clause: Forcing endless battles is banned
|rule|Species Clause: Limit one of each Pokémon
|rule|OHKO Clause: OHKO moves are banned
|rule|Evasion Items Clause: Evasion items are banned
|rule|Evasion Moves Clause: Evasion moves are banned
|rule|Evasion Abilities Clause: Evasion abilities are banned
|rule|Sleep Moves Clause: Sleep-inducing moves are banned
|clearpoke
|poke|p1|Pelipper, F|
|poke|p1|Hatterene, F|
|poke|p1|Iron Treads|
|poke|p1|Toxicroak, F|
|poke|p1|Barraskewda, F|
|poke|p1|Zapdos|
|poke|p2|Iron Treads|
|poke|p2|Rillaboom, F|
|poke|p2|Heatran, F|
|poke|p2|Zapdos|
|poke|p2|Iron Valiant|
|poke|p2|Serperior, M|
|teampreview
|
|t:|1769314514
|teamsize|p1|6
|teamsize|p2|6
|start
|switch|p1a: Iron Treads|Iron Treads|100/100
|switch|p2a: Rillaboom|Rillaboom, F|100/100
|-fieldstart|move: Grassy Terrain|[from] ability: Grassy Surge|[of] p2a: Rillaboom
|turn|1
|
|t:|1769314524
|move|p2a: Rillaboom|Knock Off|p1a: Iron Treads
|-damage|p1a: Iron Treads|66/100
|-enditem|p1a: Iron Treads|Leftovers|[from] move: Knock Off|[of] p2a: Rillaboom
|move|p1a: Iron Treads|Stealth Rock|p2a: Rillaboom
|-sidestart|p2: BorderofSeal|move: Stealth Rock
|
|-heal|p1a: Iron Treads|72/100|[from] Grassy Terrain
|upkeep
|turn|2
|
|t:|1769314533
|switch|p2a: Iron Treads|Iron Treads|100/100
|-damage|p2a: Iron Treads|97/100|[from] Stealth Rock
|move|p1a: Iron Treads|Volt Switch|p2a: Iron Treads
|-immune|p2a: Iron Treads
|
|-heal|p2a: Iron Treads|100/100|[from] Grassy Terrain
|-heal|p1a: Iron Treads|78/100|[from] Grassy Terrain
|upkeep
|turn|3
|
|t:|1769314540
|move|p2a: Iron Treads|Knock Off|p1a: Iron Treads
|-damage|p1a: Iron Treads|63/100
|move|p1a: Iron Treads|Earthquake|p2a: Iron Treads
|-supereffective|p2a: Iron Treads
|-damage|p2a: Iron Treads|65/100
|
|-heal|p2a: Iron Treads|71/100|[from] Grassy Terrain
|-heal|p1a: Iron Treads|69/100|[from] Grassy Terrain
|upkeep
|turn|4
|
|t:|1769314547
|move|p2a: Iron Treads|Rapid Spin|p1a: Iron Treads
|-resisted|p1a: Iron Treads
|-damage|p1a: Iron Treads|64/100
|-boost|p2a: Iron Treads|spe|1
|-sideend|p2: BorderofSeal|Stealth Rock|[from] move: Rapid Spin|[of] p2a: Iron Treads
|move|p1a: Iron Treads|Rapid Spin|p2a: Iron Treads
|-resisted|p2a: Iron Treads
|-damage|p2a: Iron Treads|65/100
|-boost|p1a: Iron Treads|spe|1
|
|-heal|p2a: Iron Treads|71/100|[from] Grassy Terrain
|-heal|p1a: Iron Treads|70/100|[from] Grassy Terrain
|upkeep
|turn|5
|
|t:|1769314552
|-end|p1a: Iron Treads|Quark Drive|[silent]
|switch|p1a: Hatterene|Hatterene, F|100/100
|move|p2a: Iron Treads|High Horsepower|p1a: Hatterene
|-damage|p1a: Hatterene|61/100
|-enditem|p1a: Hatterene|Eject Button
|
|t:|1769314564
|switch|p1a: Barraskewda|Barraskewda, F|100/100
|
|-heal|p2a: Iron Treads|77/100|[from] Grassy Terrain
|-fieldend|move: Grassy Terrain
|upkeep
|turn|6
|
|t:|1769314572
|-terastallize|p1a: Barraskewda|Water
|move|p1a: Barraskewda|Aqua Jet|p2a: Iron Treads
|-supereffective|p2a: Iron Treads
|-damage|p2a: Iron Treads|0 fnt
|faint|p2a: Iron Treads
|-end|p2a: Iron Treads|Quark Drive|[silent]
|
|upkeep
|
|t:|1769314581
|switch|p2a: Serperior|Serperior, M|100/100
|turn|7
|
|t:|1769314585
|switch|p1a: Pelipper|Pelipper, F|100/100
|-weather|RainDance|[from] ability: Drizzle|[of] p1a: Pelipper
|move|p2a: Serperior|Leaf Storm|p1a: Pelipper
|-damage|p1a: Pelipper|55/100
|-boost|p2a: Serperior|spa|2
|
|-weather|RainDance|[upkeep]
|upkeep
|turn|8
|
|t:|1769314610
|switch|p1a: Hatterene|Hatterene, F|61/100
|move|p2a: Serperior|Leaf Storm|p1a: Hatterene
|-damage|p1a: Hatterene|0 fnt
|-boost|p2a: Serperior|spa|2
|faint|p1a: Hatterene
|
|-weather|RainDance|[upkeep]
|upkeep
|
|t:|1769314657
|switch|p1a: Toxicroak|Toxicroak, F|100/100
|turn|9
|
|t:|1769314663
|move|p2a: Serperior|Substitute|p2a: Serperior
|-start|p2a: Serperior|Substitute
|-damage|p2a: Serperior|76/100
|move|p1a: Toxicroak|Toxic||[still]
|-fail|p1a: Toxicroak
|
|-weather|RainDance|[upkeep]
|-heal|p2a: Serperior|82/100|[from] item: Leftovers
|upkeep
|turn|10
|
|t:|1769314670
|move|p2a: Serperior|Leaf Storm|p1a: Toxicroak
|-resisted|p1a: Toxicroak
|-damage|p1a: Toxicroak|6/100
|-boost|p2a: Serperior|spa|2
|move|p1a: Toxicroak|Drain Punch|p2a: Serperior
|-end|p2a: Serperior|Substitute
|-heal|p1a: Toxicroak|16/100|[from] drain|[of] p2a: Serperior
|
|-weather|RainDance|[upkeep]
|-heal|p1a: Toxicroak|29/100|[from] ability: Dry Skin
|-heal|p2a: Serperior|88/100|[from] item: Leftovers
|upkeep
|turn|11
|
|t:|1769314675
|move|p2a: Serperior|Tera Blast|p1a: Toxicroak
|-damage|p1a: Toxicroak|0 fnt
|faint|p1a: Toxicroak
|
|-weather|RainDance|[upkeep]
|-heal|p2a: Serperior|94/100|[from] item: Leftovers
|upkeep
|
|t:|1769314682
|switch|p1a: Barraskewda|Barraskewda, F, tera:Water|100/100
|turn|12
|
|t:|1769314686
|move|p1a: Barraskewda|Flip Turn|p2a: Serperior
|-resisted|p2a: Serperior
|-damage|p2a: Serperior|32/100
|
|t:|1769314692
|switch|p1a: Iron Treads|Iron Treads|70/100|[from] Flip Turn
|move|p2a: Serperior|Leaf Storm|p1a: Iron Treads
|-damage|p1a: Iron Treads|0 fnt
|faint|p1a: Iron Treads
|-end|p1a: Iron Treads|Quark Drive|[silent]
|
|-weather|RainDance|[upkeep]
|-heal|p2a: Serperior|38/100|[from] item: Leftovers
|upkeep
|
|t:|1769314695
|switch|p1a: Barraskewda|Barraskewda, F, tera:Water|100/100
|turn|13
|
|t:|1769314705
|switch|p2a: Rillaboom|Rillaboom, F|100/100
|-fieldstart|move: Grassy Terrain|[from] ability: Grassy Surge|[of] p2a: Rillaboom
|move|p1a: Barraskewda|Liquidation|p2a: Rillaboom
|-resisted|p2a: Rillaboom
|-damage|p2a: Rillaboom|29/100
|-unboost|p2a: Rillaboom|def|1
|
|-weather|RainDance|[upkeep]
|-heal|p2a: Rillaboom|35/100|[from] Grassy Terrain
|upkeep
|turn|14
|
|t:|1769314715
|switch|p1a: Pelipper|Pelipper, F|55/100
|switch|p2a: Zapdos|Zapdos|100/100
|-ability|p2a: Zapdos|Pressure
|
|-weather|none
|upkeep
|turn|15
|
|t:|1769314722
|switch|p1a: Zapdos|Zapdos|100/100
|move|p2a: Zapdos|Volt Switch|p1a: Zapdos
|-damage|p1a: Zapdos|68/100
|
|t:|1769314725
|switch|p2a: Iron Valiant|Iron Valiant|100/100|[from] Volt Switch
|
|upkeep
|turn|16
|
|t:|1769314730
|move|p2a: Iron Valiant|Moonblast|p1a: Zapdos
|-damage|p1a: Zapdos|0 fnt
|faint|p1a: Zapdos
|
|upkeep
|
|t:|1769314734
|switch|p1a: Pelipper|Pelipper, F|55/100
|-weather|RainDance|[from] ability: Drizzle|[of] p1a: Pelipper
|turn|17
|
|t:|1769314738
|move|p2a: Iron Valiant|Moonblast|p1a: Pelipper
|-damage|p1a: Pelipper|0 fnt
|faint|p1a: Pelipper
|
|-weather|RainDance|[upkeep]
|-fieldend|move: Grassy Terrain
|upkeep
|
|t:|1769314742
|switch|p1a: Barraskewda|Barraskewda, F, tera:Water|100/100
|turn|18
|
|t:|1769314749
|move|p1a: Barraskewda|Liquidation|p2a: Iron Valiant
|-damage|p2a: Iron Valiant|0 fnt
|faint|p2a: Iron Valiant
|-end|p2a: Iron Valiant|Quark Drive|[silent]
|
|-weather|RainDance|[upkeep]
|upkeep
|
|t:|1769314756
|switch|p2a: Rillaboom|Rillaboom, F|35/100
|-fieldstart|move: Grassy Terrain|[from] ability: Grassy Surge|[of] p2a: Rillaboom
|turn|19
|
|t:|1769314759
|move|p2a: Rillaboom|Grassy Glide|p1a: Barraskewda
|-supereffective|p1a: Barraskewda
|-damage|p1a: Barraskewda|0 fnt
|faint|p1a: Barraskewda
|
|win|BorderofSeal
|raw|victini my goat's rating: 1470 &rarr; <strong>1452</strong><br />(-18 for losing)
|raw|BorderofSeal's rating: 1498 &rarr; <strong>1516</strong><br />(+18 for winning)
|l|☆victini my goat
|player|p1|
