|j|☆Pem779567 phone
|j|☆Cooosh_
|t:|1769406247
|gametype|singles
|player|p1|Pem779567 phone|1|1198
|player|p2|Cooosh_|101|1181
|gen|9
|tier|[Gen 9] OU
|rated|
|rule|HP Percentage Mod: HP is shown in percentages
|rule|Endless Battle Clause: Forcing endless battles is banned
|rule|Species Clause: Limit one of each Pokémon
|rule|OHKO Clause: OHKO moves are banned
|rule|Evasion Items Clause: Evasion items are banned
|rule|Evasion Moves Clause: Evasion moves are banned
|rule|Evasion Abilities Clause: Evasion abilities are banned
|rule|Sleep Moves Clause: Sleep-inducing moves are banned
|clearpoke
|poke|p1|Samurott-Hisui, F|
|poke|p1|Slowking-Galar, M|
|poke|p1|Entei|
|poke|p1|Rillaboom, M|
|poke|p1|Salamence, F|
|poke|p1|Ninetales-Alola, M|
|poke|p2|Ursaluna, M|
|poke|p2|Dudunsparce-*, M|
|poke|p2|Staraptor, F|
|poke|p2|Smeargle, M|
|poke|p2|Maushold|
|poke|p2|Zoroark-Hisui, M|
|teampreview
|inactive|Battle timer is ON: inactive players will automatically lose when time's up. (requested by Pem779567 phone)
|
|t:|1769406269
|teamsize|p1|6
|teamsize|p2|6
|start
|switch|p1a: Rillaboom|Rillaboom, M|100/100
|switch|p2a: Ursaluna|Ursaluna, M|100/100
|-fieldstart|move: Grassy Terrain|[from] ability: Grassy Surge|[of] p1a: Rillaboom
|turn|1
|
|t:|1769406277
|switch|p2a: Smeargle|Smeargle, M|100/100
|move|p1a: Rillaboom|Drum Beating|p2a: Smeargle
|-enditem|p2a: Smeargle|Focus Sash
|-damage|p2a: Smeargle|1/100
|-unboost|p2a: Smeargle|spe|1
|
|-heal|p2a: Smeargle|7/100|[from] Grassy Terrain
|upkeep
|turn|2
|
|t:|1769406287
|move|p1a: Rillaboom|Grassy Glide|p2a: Smeargle
|-damage|p2a: Smeargle|0 fnt
|faint|p2a: Smeargle
|
|upkeep
|
|t:|1769406293
|switch|p2a: Staraptor|Staraptor, F|100/100
|turn|3
|
|t:|1769406322
|switch|p1a: Slowking|Slowking-Galar, M, shiny|100/100
|move|p2a: Staraptor|U-turn|p1a: Slowking
|-damage|p1a: Slowking|63/100
|
|t:|1769406328
|switch|p2a: Maushold|Maushold|100/100|[from] U-turn
|
|-heal|p1a: Slowking|70/100|[from] Grassy Terrain
|-heal|p1a: Slowking|76/100|[from] item: Leftovers
|upkeep
|turn|4
|inactive|Pem779567 phone has 120 seconds left.
|
|t:|1769406351
|move|p2a: Maushold|Population Bomb|p1a: Slowking
|-damage|p1a: Slowking|64/100
|-damage|p1a: Slowking|53/100
|-damage|p1a: Slowking|40/100
|-damage|p1a: Slowking|29/100
|-damage|p1a: Slowking|18/100
|-damage|p1a: Slowking|7/100
|-damage|p1a: Slowking|0 fnt
|faint|p1a: Slowking
|-hitcount|p1: Slowking|7
|
|upkeep
|
|t:|1769406354
|switch|p1a: Rillaboom|Rillaboom, M|100/100
|turn|5
|
|t:|1769406368
|switch|p2a: Staraptor|Staraptor, F|100/100
|move|p1a: Rillaboom|Knock Off|p2a: Staraptor
|-damage|p2a: Staraptor|50/100
|-enditem|p2a: Staraptor|Choice Band|[from] move: Knock Off|[of] p1a: Rillaboom
|
|-fieldend|move: Grassy Terrain
|upkeep
|turn|6
|
|t:|1769406381
|switch|p1a: Ninetales|Ninetales-Alola, M|100/100
|-weather|Snowscape|[from] ability: Snow Warning|[of] p1a: Ninetales
|move|p2a: Staraptor|Brave Bird|p1a: Ninetales
|-damage|p1a: Ninetales|32/100
|-damage|p2a: Staraptor|29/100|[from] Recoil
|
|-weather|Snowscape|[upkeep]
|upkeep
|turn|7
|
|t:|1769406396
|move|p1a: Ninetales|Aurora Veil|p1a: Ninetales
|-sidestart|p1: Pem779567 phone|move: Aurora Veil
|move|p2a: Staraptor|Brave Bird|p1a: Ninetales
|-damage|p1a: Ninetales|0 fnt
|faint|p1a: Ninetales
|-damage|p2a: Staraptor|19/100|[from] Recoil
|
|-weather|Snowscape|[upkeep]
|upkeep
|
|t:|1769406403
|switch|p1a: Samurott|Samurott-Hisui, F|100/100
|turn|8
|
|t:|1769406407
|move|p1a: Samurott|Ceaseless Edge|p2a: Staraptor
|-damage|p2a: Staraptor|0 fnt
|-sidestart|p2: Cooosh_|Spikes
|faint|p2a: Staraptor
|
|-weather|Snowscape|[upkeep]
|upkeep
|
|t:|1769406414
|switch|p2a: Dudunsparce|Dudunsparce, M|100/100
|-damage|p2a: Dudunsparce|88/100|[from] Spikes
|turn|9
|
|t:|1769406427
|move|p1a: Samurott|Ceaseless Edge|p2a: Dudunsparce
|-damage|p2a: Dudunsparce|51/100
|-sidestart|p2: Cooosh_|Spikes
|move|p2a: Dudunsparce|Glare|p1a: Samurott
|-status|p1a: Samurott|par
|
|-weather|Snowscape|[upkeep]
|-heal|p2a: Dudunsparce|57/100|[from] item: Leftovers
|upkeep
|turn|10
|
|t:|1769406437
|move|p1a: Samurott|Ceaseless Edge|p2a: Dudunsparce|[miss]
|-miss|p1a: Samurott|p2a: Dudunsparce
|move|p2a: Dudunsparce|Roost|p2a: Dudunsparce
|-heal|p2a: Dudunsparce|100/100
|-singleturn|p2a: Dudunsparce|move: Roost
|
|-weather|none
|upkeep
|turn|11
|
|t:|1769406445
|move|p1a: Samurott|Ceaseless Edge|p2a: Dudunsparce
|-damage|p2a: Dudunsparce|68/100
|-sidestart|p2: Cooosh_|Spikes
|move|p2a: Dudunsparce|Ancient Power|p1a: Samurott
|-damage|p1a: Samurott|91/100 par
|
|-heal|p2a: Dudunsparce|74/100|[from] item: Leftovers
|upkeep
|turn|12
|
|t:|1769406459
|move|p1a: Samurott|Ceaseless Edge|p2a: Dudunsparce|[miss]
|-miss|p1a: Samurott|p2a: Dudunsparce
|move|p2a: Dudunsparce|Roost|p2a: Dudunsparce
|-heal|p2a: Dudunsparce|100/100
|-singleturn|p2a: Dudunsparce|move: Roost
|
|upkeep
|turn|13
|
|t:|1769406468
|move|p1a: Samurott|Ceaseless Edge|p2a: Dudunsparce
|-damage|p2a: Dudunsparce|67/100
|move|p2a: Dudunsparce|Ancient Power|p1a: Samurott
|-damage|p1a: Samurott|81/100 par
|
|-heal|p2a: Dudunsparce|73/100|[from] item: Leftovers
|upkeep
|turn|14
|
|t:|1769406476
|switch|p1a: Rillaboom|Rillaboom, M|100/100
|-fieldstart|move: Grassy Terrain|[from] ability: Grassy Surge|[of] p1a: Rillaboom
|move|p2a: Dudunsparce|Ancient Power|p1a: Rillaboom
|-damage|p1a: Rillaboom|92/100
|
|-heal|p1a: Rillaboom|98/100|[from] Grassy Terrain
|-heal|p2a: Dudunsparce|80/100|[from] Grassy Terrain
|-heal|p2a: Dudunsparce|86/100|[from] item: Leftovers
|-sideend|p1: Pem779567 phone|move: Aurora Veil
|upkeep
|turn|15
|
|t:|1769406487
|move|p1a: Rillaboom|Knock Off|p2a: Dudunsparce
|-damage|p2a: Dudunsparce|61/100
|-enditem|p2a: Dudunsparce|Leftovers|[from] move: Knock Off|[of] p1a: Rillaboom
|move|p2a: Dudunsparce|Glare|p1a: Rillaboom
|-status|p1a: Rillaboom|par
|
|-heal|p1a: Rillaboom|100/100 par|[from] Grassy Terrain
|-heal|p2a: Dudunsparce|67/100|[from] Grassy Terrain
|upkeep
|turn|16
|
|t:|1769406497
|move|p1a: Rillaboom|Drum Beating|p2a: Dudunsparce
|-damage|p2a: Dudunsparce|18/100
|-unboost|p2a: Dudunsparce|spe|1
|move|p2a: Dudunsparce|Roost|p2a: Dudunsparce
|-heal|p2a: Dudunsparce|68/100
|-singleturn|p2a: Dudunsparce|move: Roost
|
|-heal|p2a: Dudunsparce|74/100|[from] Grassy Terrain
|upkeep
|turn|17
|
|t:|1769406508
|cant|p1a: Rillaboom|par
|move|p2a: Dudunsparce|Roost|p2a: Dudunsparce
|-heal|p2a: Dudunsparce|100/100
|-singleturn|p2a: Dudunsparce|move: Roost
|
|upkeep
|turn|18
|
|t:|1769406514
|move|p1a: Rillaboom|Drum Beating|p2a: Dudunsparce
|-damage|p2a: Dudunsparce|53/100
|-unboost|p2a: Dudunsparce|spe|1
|move|p2a: Dudunsparce|Ancient Power|p1a: Rillaboom
|-damage|p1a: Rillaboom|84/100 par
|
|-heal|p1a: Rillaboom|90/100 par|[from] Grassy Terrain
|-heal|p2a: Dudunsparce|59/100|[from] Grassy Terrain
|-fieldend|move: Grassy Terrain
|upkeep
|turn|19
|
|t:|1769406524
|move|p1a: Rillaboom|Drum Beating|p2a: Dudunsparce
|-damage|p2a: Dudunsparce|21/100
|-unboost|p2a: Dudunsparce|spe|1
|move|p2a: Dudunsparce|Roost|p2a: Dudunsparce
|-heal|p2a: Dudunsparce|71/100
|-singleturn|p2a: Dudunsparce|move: Roost
|
|upkeep
|turn|20
|
|t:|1769406531
|move|p1a: Rillaboom|Drum Beating|p2a: Dudunsparce
|-damage|p2a: Dudunsparce|30/100
|-unboost|p2a: Dudunsparce|spe|1
|move|p2a: Dudunsparce|Ancient Power|p1a: Rillaboom
|-damage|p1a: Rillaboom|74/100 par
|
|upkeep
|turn|21
|
|t:|1769406539
|move|p1a: Rillaboom|Drum Beating|p2a: Dudunsparce
|-damage|p2a: Dudunsparce|0 fnt
|faint|p2a: Dudunsparce
|
|upkeep
|
|t:|1769406544
|switch|p2a: Maushold|Maushold|100/100
|-damage|p2a: Maushold|76/100|[from] Spikes
|turn|22
|
|t:|1769406561
|move|p2a: Maushold|Tidy Up|p2a: Maushold
|-sideend|p2: Cooosh_|Spikes
|-activate|p2a: Maushold|move: Tidy Up
|-boost|p2a: Maushold|atk|1
|-boost|p2a: Maushold|spe|1
|move|p1a: Rillaboom|Drum Beating|p2a: Maushold
|-crit|p2a: Maushold
|-damage|p2a: Maushold|0 fnt
|faint|p2a: Maushold
|
|upkeep
|
|t:|1769406570
|switch|p2a: Ursaluna|Ursaluna, M|100/100
|turn|23
|
|t:|1769406575
|move|p2a: Ursaluna|Hyper Voice|p1a: Rillaboom
|-damage|p1a: Rillaboom|0 fnt
|faint|p1a: Rillaboom
|
|upkeep
|
|t:|1769406582
|switch|p1a: Samurott|Samurott-Hisui, F|81/100 par
|turn|24
|
|t:|1769406585
|move|p2a: Ursaluna|Hyper Voice|p1a: Samurott
|-damage|p1a: Samurott|0 fnt
|faint|p1a: Samurott
|
|upkeep
|
|t:|1769406589
|switch|p1a: Entei|Entei|100/100
|turn|25
|
|t:|1769406594
|-terastallize|p2a: Ursaluna|Normal
|move|p2a: Ursaluna|Hyper Voice|p1a: Entei
|-damage|p1a: Entei|0 fnt
|faint|p1a: Entei
|
|upkeep
|
|t:|1769406598
|switch|p1a: Salamence|Salamence, F|100/100
|turn|26
|
|t:|1769406603
|-terastallize|p1a: Salamence|Steel
|move|p2a: Ursaluna|Hyper Voice|p1a: Salamence
|-resisted|p1a: Salamence
|-damage|p1a: Salamence|49/100
|move|p1a: Salamence|Dragon Dance|p1a: Salamence
|-boost|p1a: Salamence|atk|1
|-boost|p1a: Salamence|spe|1
|
|upkeep
|turn|27
|
|t:|1769406618
|move|p1a: Salamence|Iron Head|p2a: Ursaluna
|-damage|p2a: Ursaluna|0 fnt
|replace|p2a: Zoroark|Zoroark-Hisui, M
|-end|p2a: Zoroark|Illusion
|faint|p2a: Zoroark
|-ability|p1a: Salamence|Moxie|boost
|-boost|p1a: Salamence|atk|1
|
|upkeep
|
|t:|1769406625
|switch|p2a: Ursaluna|Ursaluna, M|100/100
|turn|28
|
|t:|1769406629
|move|p1a: Salamence|Iron Head|p2a: Ursaluna
|-damage|p2a: Ursaluna|37/100
|cant|p2a: Ursaluna|flinch
|
|-status|p2a: Ursaluna|brn|[from] item: Flame Orb
|upkeep
|turn|29
|inactive|Cooosh_ has 120 seconds left.
|c|☆Cooosh_|Holy luck you are so bad lol. Literally almost lost to a troll normal team while you with your try hard team lol. Luck with paralysis never working either. Getting the flinch you needed the help
|-message|Cooosh_ forfeited.
|
|win|Pem779567 phone
|raw|Pem779567 phone's rating: 1198 &rarr; <strong>1222</strong><br />(+24 for winning)
|raw|Cooosh_'s rating: 1181 &rarr; <strong>1157</strong><br />(-24 for losing)
|l|☆Cooosh_
|player|p2|
|l|☆Pem779567 phone
|player|p1|
