|j|☆pksooo
|j|☆Jinghan Yu
|t:|1769318761
|gametype|singles
|player|p1|pksooo|102|1340
|player|p2|Jinghan Yu|nate|1351
|gen|9
|tier|[Gen 9] OU
|rated|
|rule|HP Percentage Mod: HP is shown in percentages
|rule|Endless Battle Clause: Forcing endless battles is banned
|rule|Species Clause: Limit one of each Pokémon
|rule|OHKO Clause: OHKO moves are banned
|rule|Evasion Items Clause: Evasion items are banned
|rule|Evasion Moves Clause: Evasion moves are banned
|rule|Evasion Abilities Clause: Evasion abilities are banned
|rule|Sleep Moves Clause: Sleep-inducing moves are banned
|clearpoke
|poke|p1|Toxicroak, F|
|poke|p1|Arcanine-Hisui, M|
|poke|p1|Raging Bolt|
|poke|p1|Hitmonlee, M|
|poke|p1|Pelipper, M|
|poke|p1|Kingdra, M|
|poke|p2|Blastoise, M|
|poke|p2|Tyranitar, M|
|poke|p2|Garchomp, M|
|poke|p2|Gyarados, M|
|poke|p2|Gengar, M|
|poke|p2|Excadrill, M|
|teampreview
|
|t:|1769318763
|teamsize|p1|6
|teamsize|p2|6
|start
|switch|p1a: Arcanine|Arcanine-Hisui, M|100/100
|switch|p2a: Timothy|Tyranitar, M|100/100
|-weather|Sandstorm|[from] ability: Sand Stream|[of] p2a: Timothy
|turn|1
|inactive|Battle timer is ON: inactive players will automatically lose when time's up. (requested by Jinghan Yu)
|
|t:|1769318798
|move|p1a: Arcanine|Head Smash|p2a: Timothy
|-damage|p2a: Timothy|5/100
|move|p2a: Timothy|Thunder Wave|p1a: Arcanine
|-status|p1a: Arcanine|par
|
|-weather|Sandstorm|[upkeep]
|upkeep
|turn|2
|
|t:|1769318803
|move|p2a: Timothy|Earthquake|p1a: Arcanine
|-supereffective|p1a: Arcanine
|-damage|p1a: Arcanine|0 fnt
|faint|p1a: Arcanine
|
|-weather|Sandstorm|[upkeep]
|upkeep
|
|t:|1769318826
|switch|p1a: Hitmonlee|Hitmonlee, M|100/100
|turn|3
|
|t:|1769318830
|switch|p2a: Osten|Gyarados, M, shiny|100/100
|-ability|p2a: Osten|Intimidate|boost
|-unboost|p1a: Hitmonlee|atk|1
|move|p1a: Hitmonlee|Knock Off|p2a: Osten
|-damage|p2a: Osten|73/100
|-enditem|p2a: Osten|Leftovers|[from] move: Knock Off|[of] p1a: Hitmonlee
|
|-weather|Sandstorm|[upkeep]
|-damage|p1a: Hitmonlee|94/100|[from] Sandstorm
|-damage|p2a: Osten|67/100|[from] Sandstorm
|upkeep
|turn|4
|
|t:|1769318838
|move|p1a: Hitmonlee|Stone Edge|p2a: Osten
|-supereffective|p2a: Osten
|-damage|p2a: Osten|8/100
|move|p2a: Osten|Dragon Dance|p2a: Osten
|-boost|p2a: Osten|atk|1
|-boost|p2a: Osten|spe|1
|
|-weather|Sandstorm|[upkeep]
|-damage|p2a: Osten|2/100|[from] Sandstorm
|-damage|p1a: Hitmonlee|88/100|[from] Sandstorm
|upkeep
|turn|5
|
|t:|1769318843
|move|p1a: Hitmonlee|Endure|p1a: Hitmonlee
|-singleturn|p1a: Hitmonlee|move: Endure
|move|p2a: Osten|Body Slam|p1a: Hitmonlee
|-activate|p1a: Hitmonlee|move: Endure
|-damage|p1a: Hitmonlee|1/100
|-status|p1a: Hitmonlee|par
|-enditem|p1a: Hitmonlee|Liechi Berry|[eat]
|-boost|p1a: Hitmonlee|atk|1|[from] item: Liechi Berry
|
|-weather|Sandstorm|[upkeep]
|-damage|p2a: Osten|0 fnt|[from] Sandstorm
|-damage|p1a: Hitmonlee|0 fnt|[from] Sandstorm
|faint|p2a: Osten
|faint|p1a: Hitmonlee
|upkeep
|
|t:|1769318859
|switch|p1a: Pelipper|Pelipper, M|100/100
|switch|p2a: Mangus|Garchomp, M, shiny|100/100
|-weather|RainDance|[from] ability: Drizzle|[of] p1a: Pelipper
|turn|6
|
|t:|1769318868
|move|p2a: Mangus|Scale Shot|p1a: Pelipper
|-damage|p1a: Pelipper|89/100
|-damage|p1a: Pelipper|78/100
|-damage|p1a: Pelipper|66/100
|-damage|p1a: Pelipper|56/100
|-damage|p1a: Pelipper|44/100
|-hitcount|p1a: Pelipper|5
|-unboost|p2a: Mangus|def|1
|-boost|p2a: Mangus|spe|1
|move|p1a: Pelipper|U-turn|p2a: Mangus
|-damage|p2a: Mangus|89/100
|-damage|p1a: Pelipper|31/100|[from] ability: Rough Skin|[of] p2a: Mangus
|
|t:|1769318872
|switch|p1a: Kingdra|Kingdra, M|100/100|[from] U-turn
|
|-weather|RainDance|[upkeep]
|upkeep
|turn|7
|
|t:|1769318882
|switch|p2a: Blaine|Blastoise, M|100/100
|move|p1a: Kingdra|Hydro Pump|p2a: Blaine
|-resisted|p2a: Blaine
|-damage|p2a: Blaine|43/100
|
|-weather|RainDance|[upkeep]
|upkeep
|turn|8
|
|t:|1769318893
|move|p1a: Kingdra|Hydro Pump|p2a: Blaine
|-resisted|p2a: Blaine
|-crit|p2a: Blaine
|-damage|p2a: Blaine|0 fnt
|faint|p2a: Blaine
|
|-weather|RainDance|[upkeep]
|upkeep
|
|t:|1769318895
|switch|p2a: Timothy|Tyranitar, M|5/100
|-weather|Sandstorm|[from] ability: Sand Stream|[of] p2a: Timothy
|turn|9
|
|t:|1769318903
|move|p1a: Kingdra|Hydro Pump|p2a: Timothy
|-supereffective|p2a: Timothy
|-damage|p2a: Timothy|0 fnt
|faint|p2a: Timothy
|
|-weather|Sandstorm|[upkeep]
|-damage|p1a: Kingdra|94/100|[from] Sandstorm
|upkeep
|
|t:|1769318910
|switch|p2a: Mangus|Garchomp, M, shiny|89/100
|turn|10
|
|t:|1769318915
|switch|p1a: Pelipper|Pelipper, M|31/100
|-weather|RainDance|[from] ability: Drizzle|[of] p1a: Pelipper
|move|p2a: Mangus|Scale Shot|p1a: Pelipper
|-damage|p1a: Pelipper|20/100
|-damage|p1a: Pelipper|9/100
|-damage|p1a: Pelipper|0 fnt
|faint|p1a: Pelipper
|-hitcount|p1: Pelipper|3
|-unboost|p2a: Mangus|def|1
|-boost|p2a: Mangus|spe|1
|
|-weather|RainDance|[upkeep]
|upkeep
|
|t:|1769318920
|switch|p1a: Kingdra|Kingdra, M|94/100
|turn|11
|
|t:|1769318927
|-terastallize|p1a: Kingdra|Water
|-terastallize|p2a: Mangus|Ghost
|move|p1a: Kingdra|Hydro Pump|p2a: Mangus
|-damage|p2a: Mangus|0 fnt
|faint|p2a: Mangus
|
|-weather|RainDance|[upkeep]
|upkeep
|
|t:|1769318933
|switch|p2a: Nasim|Gengar, M|100/100
|turn|12
|
|t:|1769318935
|move|p2a: Nasim|Endure|p2a: Nasim
|-singleturn|p2a: Nasim|move: Endure
|move|p1a: Kingdra|Hydro Pump|p2a: Nasim
|-activate|p2a: Nasim|move: Endure
|-damage|p2a: Nasim|1/100
|-start|p1a: Kingdra|Disable|Hydro Pump|[from] ability: Cursed Body|[of] p2a: Nasim
|-enditem|p2a: Nasim|Salac Berry|[eat]
|-boost|p2a: Nasim|spe|1|[from] item: Salac Berry
|
|-weather|RainDance|[upkeep]
|upkeep
|turn|13
|
|t:|1769318941
|switch|p1a: Toxicroak|Toxicroak, F|100/100
|move|p2a: Nasim|Nasty Plot|p2a: Nasim
|-boost|p2a: Nasim|spa|2
|
|-weather|RainDance|[upkeep]
|upkeep
|turn|14
|
|t:|1769318946
|move|p2a: Nasim|Endure|p2a: Nasim
|-singleturn|p2a: Nasim|move: Endure
|move|p1a: Toxicroak|Sucker Punch||[still]
|-fail|p1a: Toxicroak
|
|-weather|RainDance|[upkeep]
|upkeep
|turn|15
|
|t:|1769318950
|move|p1a: Toxicroak|Sucker Punch||[still]
|-fail|p1a: Toxicroak
|move|p2a: Nasim|Nasty Plot|p2a: Nasim
|-boost|p2a: Nasim|spa|2
|
|-weather|RainDance|[upkeep]
|upkeep
|turn|16
|
|t:|1769318953
|move|p2a: Nasim|Endure|p2a: Nasim
|-singleturn|p2a: Nasim|move: Endure
|move|p1a: Toxicroak|Sucker Punch||[still]
|-fail|p1a: Toxicroak
|
|-weather|RainDance|[upkeep]
|upkeep
|turn|17
|
|t:|1769318961
|move|p1a: Toxicroak|Sucker Punch||[still]
|-fail|p1a: Toxicroak
|move|p2a: Nasim|Nasty Plot|p2a: Nasim
|-boost|p2a: Nasim|spa|2
|
|-weather|none
|upkeep
|turn|18
|
|t:|1769318964
|move|p2a: Nasim|Endure|p2a: Nasim
|-singleturn|p2a: Nasim|move: Endure
|move|p1a: Toxicroak|Gunk Shot|p2a: Nasim
|-resisted|p2a: Nasim
|-activate|p2a: Nasim|move: Endure
|-damage|p2a: Nasim|1/100
|
|upkeep
|turn|19
|
|t:|1769318980
|move|p1a: Toxicroak|Sucker Punch||[still]
|-fail|p1a: Toxicroak
|move|p2a: Nasim|Nasty Plot|p2a: Nasim
|-boost|p2a: Nasim|spa|0
|
|upkeep
|turn|20
|
|t:|1769318983
|move|p2a: Nasim|Endure|p2a: Nasim
|-singleturn|p2a: Nasim|move: Endure
|move|p1a: Toxicroak|Swords Dance|p1a: Toxicroak
|-boost|p1a: Toxicroak|atk|2
|
|upkeep
|turn|21
|
|t:|1769318995
|move|p1a: Toxicroak|Sucker Punch||[still]
|-fail|p1a: Toxicroak
|move|p2a: Nasim|Nasty Plot|p2a: Nasim
|-boost|p2a: Nasim|spa|0
|
|upkeep
|turn|22
|
|t:|1769319000
|move|p2a: Nasim|Endure|p2a: Nasim
|-singleturn|p2a: Nasim|move: Endure
|move|p1a: Toxicroak|Sucker Punch||[still]
|-fail|p1a: Toxicroak
|
|upkeep
|turn|23
|
|t:|1769319012
|move|p2a: Nasim|Shadow Ball|p1a: Toxicroak
|-enditem|p1a: Toxicroak|Focus Sash
|-damage|p1a: Toxicroak|1/100
|-unboost|p1a: Toxicroak|spd|1
|move|p1a: Toxicroak|Gunk Shot|p2a: Nasim
|-resisted|p2a: Nasim
|-damage|p2a: Nasim|0 fnt
|faint|p2a: Nasim
|
|upkeep
|
|t:|1769319020
|switch|p2a: Emmett|Excadrill, M|100/100
|-item|p2a: Emmett|Air Balloon
|turn|24
|
|t:|1769319026
|move|p1a: Toxicroak|Sucker Punch|p2a: Emmett
|-damage|p2a: Emmett|44/100
|-enditem|p2a: Emmett|Air Balloon
|move|p2a: Emmett|Rapid Spin|p1a: Toxicroak
|-damage|p1a: Toxicroak|0 fnt
|-boost|p2a: Emmett|spe|1
|faint|p1a: Toxicroak
|
|upkeep
|
|t:|1769319030
|switch|p1a: Kingdra|Kingdra, M, tera:Water|94/100
|turn|25
|
|t:|1769319040
|move|p2a: Emmett|Earthquake|p1a: Kingdra
|-damage|p1a: Kingdra|29/100
|move|p1a: Kingdra|Draco Meteor|p2a: Emmett
|-resisted|p2a: Emmett
|-damage|p2a: Emmett|0 fnt
|-unboost|p1a: Kingdra|spa|2
|faint|p2a: Emmett
|
|win|pksooo
|raw|pksooo's rating: 1340 &rarr; <strong>1361</strong><br />(+21 for winning)
|raw|Jinghan Yu's rating: 1351 &rarr; <strong>1330</strong><br />(-21 for losing)
|l|☆Jinghan Yu
|player|p2|
|l|☆pksooo
|player|p1|
