|j|☆jayflackoz
|j|☆SDLU
|t:|1769317398
|gametype|singles
|player|p1|jayflackoz|265|1503
|player|p2|SDLU|265|1412
|gen|9
|tier|[Gen 9] OU
|rated|
|rule|HP Percentage Mod: HP is shown in percentages
|rule|Endless Battle Clause: Forcing endless battles is banned
|rule|Species Clause: Limit one of each Pokémon
|rule|OHKO Clause: OHKO moves are banned
|rule|Evasion Items Clause: Evasion items are banned
|rule|Evasion Moves Clause: Evasion moves are banned
|rule|Evasion Abilities Clause: Evasion abilities are banned
|rule|Sleep Moves Clause: Sleep-inducing moves are banned
|clearpoke
|poke|p1|Araquanid, F|
|poke|p1|Gholdengo|
|poke|p1|Iron Moth|
|poke|p1|Iron Valiant|
|poke|p1|Raging Bolt|
|poke|p1|Kingambit, F|
|poke|p2|Dragapult, F|
|poke|p2|Rotom-Wash|
|poke|p2|Skeledirge, M|
|poke|p2|Garganacl, F|
|poke|p2|Corviknight, F|
|poke|p2|Ogerpon, F|
|teampreview
|inactive|Battle timer is ON: inactive players will automatically lose when time's up. (requested by SDLU)
|
|t:|1769317408
|teamsize|p1|6
|teamsize|p2|6
|start
|switch|p1a: QUIL|Araquanid, F|100/100
|switch|p2a: Dragapult|Dragapult, F|100/100
|turn|1
|
|t:|1769317411
|move|p2a: Dragapult|Dragon Darts|p1a: QUIL
|-damage|p1a: QUIL|63/100
|-anim|p2a: Dragapult|Dragon Darts|p1a: QUIL
|-damage|p1a: QUIL|29/100
|move|p1a: QUIL|Sticky Web|p2a: Dragapult
|-sidestart|p2: SDLU|move: Sticky Web
|
|upkeep
|turn|2
|
|t:|1769317423
|move|p2a: Dragapult|Dragon Darts|p1a: QUIL
|-damage|p1a: QUIL|0 fnt
|faint|p1a: QUIL
|
|upkeep
|
|t:|1769317432
|switch|p1a: TREE?|Gholdengo|100/100
|-item|p1a: TREE?|Air Balloon
|turn|3
|
|t:|1769317440
|switch|p2a: Garganacl|Garganacl, F|100/100
|-activate|p2a: Garganacl|move: Sticky Web
|-unboost|p2a: Garganacl|spe|1
|move|p1a: TREE?|Shadow Ball|p2a: Garganacl
|-damage|p2a: Garganacl|88/100
|
|-heal|p2a: Garganacl|94/100|[from] item: Leftovers
|upkeep
|turn|4
|
|t:|1769317455
|move|p2a: Garganacl|Protect|p2a: Garganacl
|-singleturn|p2a: Garganacl|Protect
|move|p1a: TREE?|Make It Rain|p2a: Garganacl
|-activate|p2a: Garganacl|move: Protect
|
|-heal|p2a: Garganacl|99/100|[from] item: Leftovers
|upkeep
|turn|5
|
|t:|1769317465
|switch|p2a: Corviknight|Corviknight, F|100/100
|move|p1a: TREE?|Nasty Plot|p1a: TREE?
|-boost|p1a: TREE?|spa|2
|
|upkeep
|turn|6
|
|t:|1769317473
|move|p1a: TREE?|Shadow Ball|p2a: Corviknight
|-damage|p2a: Corviknight|45/100
|move|p2a: Corviknight|U-turn|p1a: TREE?
|-resisted|p1a: TREE?
|-damage|p1a: TREE?|97/100
|-enditem|p1a: TREE?|Air Balloon
|
|t:|1769317482
|switch|p2a: Rotom|Rotom-Wash|100/100|[from] U-turn
|
|upkeep
|turn|7
|
|t:|1769317490
|move|p1a: TREE?|Shadow Ball|p2a: Rotom
|-damage|p2a: Rotom|13/100
|move|p2a: Rotom|Hydro Pump|p1a: TREE?
|-crit|p1a: TREE?
|-damage|p1a: TREE?|0 fnt
|faint|p1a: TREE?
|
|upkeep
|
|t:|1769317499
|switch|p1a: DELI|Raging Bolt|100/100
|-enditem|p1a: DELI|Booster Energy
|-activate|p1a: DELI|ability: Protosynthesis|[fromitem]
|-start|p1a: DELI|protosynthesisspa
|turn|8
|
|t:|1769317523
|switch|p2a: Corviknight|Corviknight, F|45/100
|move|p1a: DELI|Calm Mind|p1a: DELI
|-boost|p1a: DELI|spa|1
|-boost|p1a: DELI|spd|1
|
|-heal|p2a: Corviknight|51/100|[from] item: Leftovers
|upkeep
|turn|9
|
|t:|1769317534
|move|p1a: DELI|Calm Mind|p1a: DELI
|-boost|p1a: DELI|spa|1
|-boost|p1a: DELI|spd|1
|move|p2a: Corviknight|Roost|p2a: Corviknight
|-heal|p2a: Corviknight|100/100
|-singleturn|p2a: Corviknight|move: Roost
|
|upkeep
|turn|10
|
|t:|1769317540
|switch|p2a: Rotom|Rotom-Wash|13/100
|move|p1a: DELI|Thunderbolt|p2a: Rotom
|-damage|p2a: Rotom|0 fnt
|faint|p2a: Rotom
|
|upkeep
|
|t:|1769317550
|switch|p2a: Garganacl|Garganacl, F|99/100
|-activate|p2a: Garganacl|move: Sticky Web
|-unboost|p2a: Garganacl|spe|1
|turn|11
|
|t:|1769317556
|move|p1a: DELI|Thunderbolt|p2a: Garganacl
|-damage|p2a: Garganacl|10/100
|move|p2a: Garganacl|Salt Cure|p1a: DELI
|-damage|p1a: DELI|87/100
|-start|p1a: DELI|Salt Cure
|
|-heal|p2a: Garganacl|16/100|[from] item: Leftovers
|-damage|p1a: DELI|74/100|[from] Salt Cure
|upkeep
|turn|12
|
|t:|1769317566
|move|p2a: Garganacl|Protect|p2a: Garganacl
|-singleturn|p2a: Garganacl|Protect
|move|p1a: DELI|Thunderbolt|p2a: Garganacl
|-activate|p2a: Garganacl|move: Protect
|
|-heal|p2a: Garganacl|22/100|[from] item: Leftovers
|-damage|p1a: DELI|62/100|[from] Salt Cure
|upkeep
|turn|13
|inactive|SDLU has 120 seconds left.
|inactive|SDLU has 90 seconds left.
|
|t:|1769317627
|move|p2a: Garganacl|Protect|p2a: Garganacl
|-singleturn|p2a: Garganacl|Protect
|move|p1a: DELI|Thunderbolt|p2a: Garganacl
|-activate|p2a: Garganacl|move: Protect
|
|-heal|p2a: Garganacl|28/100|[from] item: Leftovers
|-damage|p1a: DELI|50/100|[from] Salt Cure
|upkeep
|turn|14
|inactive|SDLU has 90 seconds left.
|
|t:|1769317650
|switch|p2a: Ogerpon|Ogerpon, F|100/100
|-activate|p2a: Ogerpon|move: Sticky Web
|-unboost|p2a: Ogerpon|spe|1
|-ability|p2a: Ogerpon|Defiant|boost
|-boost|p2a: Ogerpon|atk|2
|move|p1a: DELI|Thunderbolt|p2a: Ogerpon
|-resisted|p2a: Ogerpon
|-crit|p2a: Ogerpon
|-damage|p2a: Ogerpon|0 fnt
|faint|p2a: Ogerpon
|
|-damage|p1a: DELI|38/100|[from] Salt Cure
|upkeep
|
|t:|1769317660
|switch|p2a: Garganacl|Garganacl, F|28/100
|-activate|p2a: Garganacl|move: Sticky Web
|-unboost|p2a: Garganacl|spe|1
|turn|15
|
|t:|1769317662
|move|p2a: Garganacl|Protect|p2a: Garganacl
|-singleturn|p2a: Garganacl|Protect
|move|p1a: DELI|Thunderbolt|p2a: Garganacl
|-activate|p2a: Garganacl|move: Protect
|
|-heal|p2a: Garganacl|35/100|[from] item: Leftovers
|-damage|p1a: DELI|25/100|[from] Salt Cure
|upkeep
|turn|16
|inactive|SDLU has 90 seconds left.
|
|t:|1769317686
|move|p2a: Garganacl|Protect||[still]
|-fail|p2a: Garganacl
|move|p1a: DELI|Thunderbolt|p2a: Garganacl
|-damage|p2a: Garganacl|0 fnt
|faint|p2a: Garganacl
|
|-damage|p1a: DELI|13/100|[from] Salt Cure
|upkeep
|
|t:|1769317689
|switch|p2a: Dragapult|Dragapult, F|100/100
|-activate|p2a: Dragapult|move: Sticky Web
|-unboost|p2a: Dragapult|spe|1
|turn|17
|
|t:|1769317699
|move|p2a: Dragapult|Sucker Punch|p1a: DELI
|-damage|p1a: DELI|0 fnt
|faint|p1a: DELI
|-end|p1a: DELI|Protosynthesis|[silent]
|
|upkeep
|
|t:|1769317703
|switch|p1a: QUZZ|Iron Valiant|100/100
|-enditem|p1a: QUZZ|Booster Energy
|-activate|p1a: QUZZ|ability: Quark Drive|[fromitem]
|-start|p1a: QUZZ|quarkdrivespa
|turn|18
|
|t:|1769317710
|switch|p2a: Corviknight|Corviknight, F|100/100
|move|p1a: QUZZ|Calm Mind|p1a: QUZZ
|-boost|p1a: QUZZ|spa|1
|-boost|p1a: QUZZ|spd|1
|
|upkeep
|turn|19
|
|t:|1769317721
|move|p1a: QUZZ|Shadow Ball|p2a: Corviknight
|-damage|p2a: Corviknight|60/100
|-ability|p2a: Corviknight|Mirror Armor
|-unboost|p1a: QUZZ|spd|1
|move|p2a: Corviknight|U-turn|p1a: QUZZ
|-resisted|p1a: QUZZ
|-damage|p1a: QUZZ|96/100
|
|t:|1769317730
|switch|p2a: Dragapult|Dragapult, F|100/100|[from] U-turn
|-activate|p2a: Dragapult|move: Sticky Web
|-unboost|p2a: Dragapult|spe|1
|
|upkeep
|turn|20
|
|t:|1769317754
|move|p1a: QUZZ|Shadow Ball|p2a: Dragapult
|-supereffective|p2a: Dragapult
|-damage|p2a: Dragapult|0 fnt
|faint|p2a: Dragapult
|
|upkeep
|
|t:|1769317757
|switch|p2a: Skeledirge|Skeledirge, M|100/100
|turn|21
|
|t:|1769317766
|move|p1a: QUZZ|Shadow Ball|p2a: Skeledirge
|-supereffective|p2a: Skeledirge
|-damage|p2a: Skeledirge|19/100
|move|p2a: Skeledirge|Torch Song|p1a: QUZZ
|-damage|p1a: QUZZ|41/100
|-boost|p2a: Skeledirge|spa|1
|
|upkeep
|turn|22
|
|t:|1769317772
|move|p1a: QUZZ|Shadow Ball|p2a: Skeledirge
|-supereffective|p2a: Skeledirge
|-damage|p2a: Skeledirge|0 fnt
|faint|p2a: Skeledirge
|
|upkeep
|-message|SDLU forfeited.
|
|win|jayflackoz
|raw|jayflackoz's rating: 1503 &rarr; <strong>1518</strong><br />(+15 for winning)
|raw|SDLU's rating: 1412 &rarr; <strong>1397</strong><br />(-15 for losing)
|l|☆SDLU
|player|p2|
|l|☆jayflackoz
|player|p1|
