|j|☆jiuytfdr677
|j|☆bpiubrt98tbj089
|t:|1769315167
|gametype|singles
|player|p1|jiuytfdr677|169|1000
|player|p2|bpiubrt98tbj089|1|1000
|gen|9
|tier|[Gen 9] OU
|rated|
|rule|HP Percentage Mod: HP is shown in percentages
|rule|Endless Battle Clause: Forcing endless battles is banned
|rule|Species Clause: Limit one of each Pokémon
|rule|OHKO Clause: OHKO moves are banned
|rule|Evasion Items Clause: Evasion items are banned
|rule|Evasion Moves Clause: Evasion moves are banned
|rule|Evasion Abilities Clause: Evasion abilities are banned
|rule|Sleep Moves Clause: Sleep-inducing moves are banned
|clearpoke
|poke|p1|Latios, M|
|poke|p1|Tinkaton, F|
|poke|p1|Magnezone|
|poke|p2|Alomomola, F|
|poke|p2|Charizard, M|
|poke|p2|Ninetales, F|
|poke|p2|Armarouge, F|
|poke|p2|Meowscarada, M|
|poke|p2|Leavanny, M|
|teampreview
|inactive|Battle timer is ON: inactive players will automatically lose when time's up. (requested by jiuytfdr677)
|
|t:|1769315175
|teamsize|p1|3
|teamsize|p2|6
|start
|switch|p1a: Latios|Latios, M|100/100
|switch|p2a: Armarouge|Armarouge, F|100/100
|turn|1
|
|t:|1769315185
|-terastallize|p1a: Latios|Dragon
|move|p1a: Latios|Draco Meteor|p2a: Armarouge
|-damage|p2a: Armarouge|0 fnt
|-unboost|p1a: Latios|spa|2
|faint|p2a: Armarouge
|
|upkeep
|
|t:|1769315192
|switch|p2a: Meowscarada|Meowscarada, M|100/100
|turn|2
|
|t:|1769315207
|switch|p1a: Tinkaton|Tinkaton, F|100/100
|-ability|p1a: Tinkaton|Mold Breaker
|move|p2a: Meowscarada|Triple Axel|p1a: Tinkaton
|-start|p2a: Meowscarada|typechange|Ice|[from] ability: Protean
|-resisted|p1a: Tinkaton
|-damage|p1a: Tinkaton|94/100
|-resisted|p1a: Tinkaton
|-damage|p1a: Tinkaton|80/100
|-resisted|p1a: Tinkaton
|-damage|p1a: Tinkaton|60/100
|-hitcount|p1a: Tinkaton|3
|
|upkeep
|turn|3
|
|t:|1769315224
|switch|p2a: Ninetales|Ninetales, F|100/100
|-weather|SunnyDay|[from] ability: Drought|[of] p2a: Ninetales
|move|p1a: Tinkaton|Fake Out|p2a: Ninetales
|-damage|p2a: Ninetales|87/100
|
|-weather|SunnyDay|[upkeep]
|upkeep
|turn|4
|
|t:|1769315237
|switch|p1a: Latios|Latios, M, tera:Dragon|100/100
|move|p2a: Ninetales|Burning Jealousy|p1a: Latios
|-resisted|p1a: Latios
|-damage|p1a: Latios|73/100
|-damage|p2a: Ninetales|77/100|[from] item: Life Orb
|
|-weather|SunnyDay|[upkeep]
|upkeep
|turn|5
|
|t:|1769315248
|move|p1a: Latios|Draco Meteor|p2a: Ninetales
|-damage|p2a: Ninetales|0 fnt
|-unboost|p1a: Latios|spa|2
|faint|p2a: Ninetales
|
|-weather|SunnyDay|[upkeep]
|upkeep
|
|t:|1769315261
|switch|p2a: Charizard|Charizard, M, shiny|100/100
|turn|6
|
|t:|1769315267
|switch|p1a: Tinkaton|Tinkaton, F|60/100
|-ability|p1a: Tinkaton|Mold Breaker
|move|p2a: Charizard|Flamethrower|p1a: Tinkaton
|-supereffective|p1a: Tinkaton
|-damage|p1a: Tinkaton|0 fnt
|faint|p1a: Tinkaton
|
|-weather|SunnyDay|[upkeep]
|-damage|p2a: Charizard|88/100|[from] ability: Solar Power|[of] p2a: Charizard
|upkeep
|
|t:|1769315272
|switch|p1a: Latios|Latios, M, tera:Dragon|73/100
|turn|7
|
|t:|1769315281
|move|p1a: Latios|Draco Meteor|p2a: Charizard
|-damage|p2a: Charizard|0 fnt
|-unboost|p1a: Latios|spa|2
|faint|p2a: Charizard
|
|-weather|none
|upkeep
|
|t:|1769315295
|switch|p2a: Alomomola|Alomomola, F|100/100
|turn|8
|
|t:|1769315300
|switch|p1a: Magnezone|Magnezone|100/100
|-terastallize|p2a: Alomomola|Fairy
|move|p2a: Alomomola|Play Rough|p1a: Magnezone
|-resisted|p1a: Magnezone
|-damage|p1a: Magnezone|85/100
|-unboost|p1a: Magnezone|atk|1
|
|-heal|p1a: Magnezone|91/100|[from] item: Leftovers
|upkeep
|turn|9
|
|t:|1769315315
|move|p2a: Alomomola|Flip Turn|p1a: Magnezone
|-damage|p1a: Magnezone|71/100
|
|t:|1769315319
|switch|p2a: Leavanny|Leavanny, M|100/100|[from] Flip Turn
|move|p1a: Magnezone|Iron Defense|p1a: Magnezone
|-boost|p1a: Magnezone|def|2
|
|-heal|p1a: Magnezone|77/100|[from] item: Leftovers
|upkeep
|turn|10
|
|t:|1769315330
|move|p2a: Leavanny|Grassy Terrain|p2a: Leavanny
|-fieldstart|move: Grassy Terrain
|move|p1a: Magnezone|Iron Defense|p1a: Magnezone
|-boost|p1a: Magnezone|def|2
|
|-heal|p1a: Magnezone|83/100|[from] Grassy Terrain
|-heal|p1a: Magnezone|89/100|[from] item: Leftovers
|upkeep
|turn|11
|-message|bpiubrt98tbj089 forfeited.
|
|win|jiuytfdr677
|raw|jiuytfdr677's rating: 1000 &rarr; <strong>1040</strong><br />(+40 for winning)
|raw|bpiubrt98tbj089's rating: 1000 &rarr; <strong>1000</strong><br />(+0 for losing)
|l|☆bpiubrt98tbj089
|player|p2|
