|j|☆skibidi cupcake
|j|☆UR FUKN RAPlST3828
|t:|1769347968
|gametype|singles
|player|p1|skibidi cupcake|bruno|1056
|player|p2|UR FUKN RAPlST3828|170|1126
|gen|9
|tier|[Gen 9] OU
|rated|
|rule|HP Percentage Mod: HP is shown in percentages
|rule|Endless Battle Clause: Forcing endless battles is banned
|rule|Species Clause: Limit one of each Pokémon
|rule|OHKO Clause: OHKO moves are banned
|rule|Evasion Items Clause: Evasion items are banned
|rule|Evasion Moves Clause: Evasion moves are banned
|rule|Evasion Abilities Clause: Evasion abilities are banned
|rule|Sleep Moves Clause: Sleep-inducing moves are banned
|clearpoke
|poke|p1|Arboliva, F|
|poke|p1|Incineroar, M|
|poke|p1|Slowking-Galar, F|
|poke|p1|Thundurus-Therian, M|
|poke|p1|Gholdengo|
|poke|p1|Gliscor, F|
|poke|p2|Barraskewda, M|
|poke|p2|Iron Treads|
|poke|p2|Hatterene, F|
|poke|p2|Zapdos|
|poke|p2|Pelipper, F|
|poke|p2|Toxicroak, F|
|teampreview
|inactive|Battle timer is ON: inactive players will automatically lose when time's up. (requested by skibidi cupcake)
|
|t:|1769347973
|teamsize|p1|6
|teamsize|p2|6
|start
|switch|p1a: Slowking|Slowking-Galar, F|100/100
|switch|p2a: Barraskewda|Barraskewda, M, shiny|100/100
|turn|1
|
|t:|1769347978
|move|p2a: Barraskewda|Flip Turn|p1a: Slowking
|-damage|p1a: Slowking|60/100
|
|t:|1769347983
|switch|p2a: Iron Treads|Iron Treads, shiny|100/100|[from] Flip Turn
|move|p1a: Slowking|Ice Beam|p2a: Iron Treads
|-damage|p2a: Iron Treads|81/100
|
|-heal|p2a: Iron Treads|87/100|[from] item: Leftovers
|upkeep
|turn|2
|
|t:|1769348007
|switch|p1a: Gliscor|Gliscor, F|100/100
|move|p2a: Iron Treads|Stealth Rock|p1a: Gliscor
|-sidestart|p1: skibidi cupcake|move: Stealth Rock
|
|-heal|p2a: Iron Treads|93/100|[from] item: Leftovers
|-status|p1a: Gliscor|tox|[from] item: Toxic Orb
|upkeep
|turn|3
|inactive|skibidi cupcake has 120 seconds left.
|inactive|UR FUKN RAPlST3828 has 120 seconds left.
|
|t:|1769348042
|-end|p2a: Iron Treads|Quark Drive|[silent]
|switch|p2a: Hatterene|Hatterene, F, shiny|100/100
|move|p1a: Gliscor|Earthquake|p2a: Hatterene
|-damage|p2a: Hatterene|64/100
|-enditem|p2a: Hatterene|Eject Button
|inactive|UR FUKN RAPlST3828 has 120 seconds left.
|
|t:|1769348048
|switch|p2a: Pelipper|Pelipper, F, shiny|100/100
|-weather|RainDance|[from] ability: Drizzle|[of] p2a: Pelipper
|
|-weather|RainDance|[upkeep]
|upkeep
|turn|4
|
|t:|1769348068
|switch|p1a: Thundurus|Thundurus-Therian, M|100/100
|-damage|p1a: Thundurus|75/100|[from] Stealth Rock
|move|p2a: Pelipper|U-turn|p1a: Thundurus
|-resisted|p1a: Thundurus
|-damage|p1a: Thundurus|68/100
|inactive|UR FUKN RAPlST3828 has 120 seconds left.
|
|t:|1769348085
|switch|p2a: Barraskewda|Barraskewda, M, shiny|100/100|[from] U-turn
|
|-weather|RainDance|[upkeep]
|upkeep
|turn|5
|
|t:|1769348096
|-terastallize|p2a: Barraskewda|Water
|move|p2a: Barraskewda|Flip Turn|p1a: Thundurus
|-damage|p1a: Thundurus|0 fnt
|faint|p1a: Thundurus
|
|t:|1769348102
|switch|p2a: Zapdos|Zapdos, shiny|100/100|[from] Flip Turn
|
|-weather|RainDance|[upkeep]
|upkeep
|
|t:|1769348113
|switch|p1a: Arboliva|Arboliva, F|100/100
|-damage|p1a: Arboliva|88/100|[from] Stealth Rock
|turn|6
|
|t:|1769348119
|move|p2a: Zapdos|Hurricane|p1a: Arboliva
|-supereffective|p1a: Arboliva
|-damage|p1a: Arboliva|0 fnt
|faint|p1a: Arboliva
|
|-weather|RainDance|[upkeep]
|upkeep
|
|t:|1769348127
|switch|p1a: Incineroar|Incineroar, M|100/100
|-damage|p1a: Incineroar|76/100|[from] Stealth Rock
|-ability|p1a: Incineroar|Intimidate|boost
|-unboost|p2a: Zapdos|atk|1
|turn|7
|inactive|skibidi cupcake has 120 seconds left.
|
|t:|1769348132
|move|p2a: Zapdos|Hurricane|p1a: Incineroar
|-damage|p1a: Incineroar|16/100
|-enditem|p1a: Incineroar|Eject Button
|inactive|skibidi cupcake has 120 seconds left.
|-message|skibidi cupcake forfeited.
|
|win|UR FUKN RAPlST3828
|raw|skibidi cupcake's rating: 1090 &rarr; <strong>1069</strong><br />(-21 for losing)
|raw|UR FUKN RAPlST3828's rating: 1126 &rarr; <strong>1148</strong><br />(+22 for winning)
|l|☆skibidi cupcake
|player|p1|
