|j|☆Opnexon
|j|☆verygoofyperson
|t:|1769350144
|gametype|singles
|player|p1|Opnexon|102|1087
|player|p2|verygoofyperson|hilbert|1079
|gen|9
|tier|[Gen 9] OU
|rated|
|rule|HP Percentage Mod: HP is shown in percentages
|rule|Endless Battle Clause: Forcing endless battles is banned
|rule|Species Clause: Limit one of each Pokémon
|rule|OHKO Clause: OHKO moves are banned
|rule|Evasion Items Clause: Evasion items are banned
|rule|Evasion Moves Clause: Evasion moves are banned
|rule|Evasion Abilities Clause: Evasion abilities are banned
|rule|Sleep Moves Clause: Sleep-inducing moves are banned
|clearpoke
|poke|p1|Magcargo, M|
|poke|p1|Galvantula, F|
|poke|p1|Great Tusk|
|poke|p1|Torkoal, F|
|poke|p1|Quaquaval, F|
|poke|p1|Venusaur, F|
|poke|p2|Ceruledge, F|
|poke|p2|Corviknight, M|
|poke|p2|Gholdengo|
|poke|p2|Meowscarada, M|
|poke|p2|Primarina, F|
|poke|p2|Great Tusk|
|teampreview
|
|t:|1769350150
|teamsize|p1|6
|teamsize|p2|6
|start
|switch|p1a: Galvantula|Galvantula, F|100/100
|switch|p2a: Great Tusk|Great Tusk|100/100
|-enditem|p2a: Great Tusk|Booster Energy
|-activate|p2a: Great Tusk|ability: Protosynthesis|[fromitem]
|-start|p2a: Great Tusk|protosynthesisatk
|turn|1
|
|t:|1769350158
|move|p1a: Galvantula|Energy Ball|p2a: Great Tusk
|-supereffective|p2a: Great Tusk
|-damage|p2a: Great Tusk|13/100
|move|p2a: Great Tusk|Stealth Rock|p1a: Galvantula
|-sidestart|p1: Opnexon|move: Stealth Rock
|
|upkeep
|turn|2
|
|t:|1769350171
|-end|p2a: Great Tusk|Protosynthesis|[silent]
|switch|p2a: Corviknight|Corviknight, M|100/100
|-ability|p2a: Corviknight|Pressure
|move|p1a: Galvantula|Sticky Web|p2a: Corviknight
|-sidestart|p2: verygoofyperson|move: Sticky Web
|
|upkeep
|turn|3
|
|t:|1769350183
|move|p1a: Galvantula|Thunder|p2a: Corviknight
|-supereffective|p2a: Corviknight
|-damage|p2a: Corviknight|19/100
|move|p2a: Corviknight|Brave Bird|p1a: Galvantula
|-damage|p1a: Galvantula|34/100
|-damage|p2a: Corviknight|3/100|[from] Recoil
|
|-heal|p2a: Corviknight|10/100|[from] item: Leftovers
|upkeep
|turn|4
|
|t:|1769350197
|move|p1a: Galvantula|Thunder|p2a: Corviknight
|-supereffective|p2a: Corviknight
|-damage|p2a: Corviknight|0 fnt
|faint|p2a: Corviknight
|
|upkeep
|
|t:|1769350209
|switch|p2a: Meowscarada|Meowscarada, M|100/100
|-activate|p2a: Meowscarada|move: Sticky Web
|-unboost|p2a: Meowscarada|spe|1
|turn|5
|
|t:|1769350219
|move|p1a: Galvantula|Bug Buzz|p2a: Meowscarada
|-supereffective|p2a: Meowscarada
|-damage|p2a: Meowscarada|0 fnt
|faint|p2a: Meowscarada
|
|upkeep
|
|t:|1769350224
|switch|p2a: Gholdengo|Gholdengo|100/100
|-activate|p2a: Gholdengo|move: Sticky Web
|-unboost|p2a: Gholdengo|spe|1
|turn|6
|
|t:|1769350233
|move|p1a: Galvantula|Thunder|p2a: Gholdengo
|-damage|p2a: Gholdengo|44/100
|move|p2a: Gholdengo|Shadow Ball|p1a: Galvantula
|-damage|p1a: Galvantula|0 fnt
|faint|p1a: Galvantula
|-damage|p2a: Gholdengo|34/100|[from] item: Life Orb
|
|upkeep
|
|t:|1769350240
|switch|p1a: Great Tusk|Great Tusk|100/100
|-damage|p1a: Great Tusk|98/100|[from] Stealth Rock
|turn|7
|
|t:|1769350246
|move|p1a: Great Tusk|Earthquake|p2a: Gholdengo
|-supereffective|p2a: Gholdengo
|-damage|p2a: Gholdengo|0 fnt
|faint|p2a: Gholdengo
|
|upkeep
|
|t:|1769350252
|switch|p2a: Primarina|Primarina, F|100/100
|-activate|p2a: Primarina|move: Sticky Web
|-unboost|p2a: Primarina|spe|1
|turn|8
|
|t:|1769350261
|move|p1a: Great Tusk|Rapid Spin|p2a: Primarina
|-damage|p2a: Primarina|85/100
|-boost|p1a: Great Tusk|spe|1
|-sideend|p1: Opnexon|Stealth Rock|[from] move: Rapid Spin|[of] p1a: Great Tusk
|move|p2a: Primarina|Moonblast|p1a: Great Tusk
|-supereffective|p1a: Great Tusk
|-damage|p1a: Great Tusk|10/100
|
|-heal|p2a: Primarina|91/100|[from] item: Leftovers
|upkeep
|turn|9
|
|t:|1769350270
|move|p1a: Great Tusk|Knock Off|p2a: Primarina
|-resisted|p2a: Primarina
|-damage|p2a: Primarina|76/100
|-enditem|p2a: Primarina|Leftovers|[from] move: Knock Off|[of] p1a: Great Tusk
|move|p2a: Primarina|Moonblast|p1a: Great Tusk
|-supereffective|p1a: Great Tusk
|-damage|p1a: Great Tusk|0 fnt
|faint|p1a: Great Tusk
|-end|p1a: Great Tusk|Protosynthesis|[silent]
|
|upkeep
|
|t:|1769350281
|switch|p1a: Torkoal|Torkoal, F|100/100
|-weather|SunnyDay|[from] ability: Drought|[of] p1a: Torkoal
|turn|10
|
|t:|1769350290
|switch|p1a: Venusaur|Venusaur, F|100/100
|move|p2a: Primarina|Surf|p1a: Venusaur
|-resisted|p1a: Venusaur
|-damage|p1a: Venusaur|88/100
|
|-weather|SunnyDay|[upkeep]
|upkeep
|turn|11
|
|t:|1769350298
|move|p1a: Venusaur|Solar Beam||[still]
|-prepare|p1a: Venusaur|Solar Beam
|-anim|p1a: Venusaur|Solar Beam|p2a: Primarina
|-supereffective|p2a: Primarina
|-damage|p2a: Primarina|0 fnt
|faint|p2a: Primarina
|-damage|p1a: Venusaur|78/100|[from] item: Life Orb
|
|-weather|SunnyDay|[upkeep]
|upkeep
|
|t:|1769350307
|switch|p2a: Great Tusk|Great Tusk|13/100
|-activate|p2a: Great Tusk|move: Sticky Web
|-unboost|p2a: Great Tusk|spe|1
|-activate|p2a: Great Tusk|ability: Protosynthesis
|-start|p2a: Great Tusk|protosynthesisatk
|turn|12
|
|t:|1769350313
|move|p1a: Venusaur|Solar Beam||[still]
|-prepare|p1a: Venusaur|Solar Beam
|-anim|p1a: Venusaur|Solar Beam|p2a: Great Tusk
|-supereffective|p2a: Great Tusk
|-damage|p2a: Great Tusk|0 fnt
|faint|p2a: Great Tusk
|-end|p2a: Great Tusk|Protosynthesis|[silent]
|-damage|p1a: Venusaur|68/100|[from] item: Life Orb
|
|-weather|SunnyDay|[upkeep]
|upkeep
|
|t:|1769350321
|switch|p2a: Ceruledge|Ceruledge, F|100/100
|-activate|p2a: Ceruledge|move: Sticky Web
|-unboost|p2a: Ceruledge|spe|1
|turn|13
|
|t:|1769350330
|move|p1a: Venusaur|Earth Power|p2a: Ceruledge
|-supereffective|p2a: Ceruledge
|-damage|p2a: Ceruledge|15/100
|-damage|p1a: Venusaur|58/100|[from] item: Life Orb
|move|p2a: Ceruledge|Bitter Blade|p1a: Venusaur
|-supereffective|p1a: Venusaur
|-damage|p1a: Venusaur|0 fnt
|-heal|p2a: Ceruledge|44/100|[from] drain|[of] p1a: Venusaur
|faint|p1a: Venusaur
|
|-weather|SunnyDay|[upkeep]
|upkeep
|
|t:|1769350339
|switch|p1a: Turbo|Magcargo, M|100/100
|turn|14
|
|t:|1769350345
|move|p2a: Ceruledge|Brick Break|p1a: Turbo
|-supereffective|p1a: Turbo
|-damage|p1a: Turbo|46/100
|-ability|p1a: Turbo|Weak Armor|boost
|-unboost|p1a: Turbo|def|1
|-boost|p1a: Turbo|spe|2
|move|p1a: Turbo|Shell Smash|p1a: Turbo
|-unboost|p1a: Turbo|def|1
|-unboost|p1a: Turbo|spd|1
|-boost|p1a: Turbo|atk|2
|-boost|p1a: Turbo|spa|2
|-boost|p1a: Turbo|spe|2
|
|-weather|SunnyDay|[upkeep]
|upkeep
|turn|15
|
|t:|1769350356
|move|p2a: Ceruledge|Shadow Sneak|p1a: Turbo
|-damage|p1a: Turbo|0 fnt
|faint|p1a: Turbo
|
|-weather|SunnyDay|[upkeep]
|upkeep
|
|t:|1769350368
|switch|p1a: Torkoal|Torkoal, F|100/100
|turn|16
|
|t:|1769350377
|move|p2a: Ceruledge|Brick Break|p1a: Torkoal
|-damage|p1a: Torkoal|83/100
|move|p1a: Torkoal|Flamethrower|p2a: Ceruledge
|-resisted|p2a: Ceruledge
|-damage|p2a: Ceruledge|21/100
|
|-weather|SunnyDay|[upkeep]
|upkeep
|turn|17
|
|t:|1769350384
|move|p2a: Ceruledge|Bitter Blade|p1a: Torkoal
|-resisted|p1a: Torkoal
|-damage|p1a: Torkoal|61/100
|-heal|p2a: Ceruledge|34/100|[from] drain|[of] p1a: Torkoal
|move|p1a: Torkoal|Flamethrower|p2a: Ceruledge
|-resisted|p2a: Ceruledge
|-damage|p2a: Ceruledge|11/100
|
|-weather|none
|upkeep
|turn|18
|
|t:|1769350396
|-terastallize|p2a: Ceruledge|Fire
|move|p2a: Ceruledge|Bitter Blade|p1a: Torkoal
|-resisted|p1a: Torkoal
|-damage|p1a: Torkoal|40/100
|-heal|p2a: Ceruledge|24/100|[from] drain|[of] p1a: Torkoal
|move|p1a: Torkoal|Flamethrower|p2a: Ceruledge
|-resisted|p2a: Ceruledge
|-damage|p2a: Ceruledge|7/100
|
|upkeep
|turn|19
|
|t:|1769350408
|move|p2a: Ceruledge|Bitter Blade|p1a: Torkoal
|-resisted|p1a: Torkoal
|-damage|p1a: Torkoal|19/100
|-heal|p2a: Ceruledge|20/100|[from] drain|[of] p1a: Torkoal
|move|p1a: Torkoal|Flamethrower|p2a: Ceruledge
|-resisted|p2a: Ceruledge
|-damage|p2a: Ceruledge|3/100
|
|upkeep
|turn|20
|
|t:|1769350417
|move|p2a: Ceruledge|Bitter Blade|p1a: Torkoal
|-resisted|p1a: Torkoal
|-damage|p1a: Torkoal|0 fnt
|-heal|p2a: Ceruledge|15/100|[from] drain|[of] p1a: Torkoal
|faint|p1a: Torkoal
|
|upkeep
|
|t:|1769350422
|switch|p1a: Quaquaval|Quaquaval, F|100/100
|turn|21
|
|t:|1769350426
|move|p2a: Ceruledge|Shadow Sneak|p1a: Quaquaval
|-damage|p1a: Quaquaval|72/100
|move|p1a: Quaquaval|Aqua Step|p2a: Ceruledge
|-supereffective|p2a: Ceruledge
|-damage|p2a: Ceruledge|0 fnt
|-boost|p1a: Quaquaval|spe|1
|faint|p2a: Ceruledge
|-damage|p1a: Quaquaval|62/100|[from] item: Life Orb
|
|win|Opnexon
|raw|Opnexon's rating: 1087 &rarr; <strong>1113</strong><br />(+26 for winning)
|raw|verygoofyperson's rating: 1079 &rarr; <strong>1058</strong><br />(-21 for losing)
|l|☆Opnexon
|player|p1|
|l|☆verygoofyperson
|player|p2|
