|j|☆Justoffu
|j|☆ismailkarim
|t:|1769351483
|gametype|singles
|player|p1|Justoffu|bugcatcher-gen4dp|1702
|player|p2|ismailkarim|169|1659
|gen|9
|tier|[Gen 9] OU
|rated|
|rule|HP Percentage Mod: HP is shown in percentages
|rule|Endless Battle Clause: Forcing endless battles is banned
|rule|Species Clause: Limit one of each Pokémon
|rule|OHKO Clause: OHKO moves are banned
|rule|Evasion Items Clause: Evasion items are banned
|rule|Evasion Moves Clause: Evasion moves are banned
|rule|Evasion Abilities Clause: Evasion abilities are banned
|rule|Sleep Moves Clause: Sleep-inducing moves are banned
|clearpoke
|poke|p1|Tinkaton, F|
|poke|p1|Ogerpon, F|
|poke|p1|Great Tusk|
|poke|p1|Pecharunt|
|poke|p1|Alomomola, M|
|poke|p1|Hydreigon, M|
|poke|p2|Grimmsnarl, M|
|poke|p2|Iron Treads|
|poke|p2|Raging Bolt|
|poke|p2|Deoxys-Speed|
|poke|p2|Ogerpon-Wellspring, F|
|poke|p2|Ceruledge, M|
|teampreview
|inactive|Battle timer is ON: inactive players will automatically lose when time's up. (requested by Justoffu)
|j| H1tTheWitch
|inactive|Justoffu has 120 seconds left.
|
|t:|1769351519
|teamsize|p1|6
|teamsize|p2|6
|start
|switch|p1a: Pisces|Alomomola, M, shiny|100/100
|switch|p2a: Grimmsnarl|Grimmsnarl, M, shiny|100/100
|turn|1
|l| H1tTheWitch
|
|t:|1769351535
|switch|p1a: Smile.exe|Tinkaton, F, shiny|100/100
|-item|p1a: Smile.exe|Air Balloon
|move|p2a: Grimmsnarl|Reflect|p2a: Grimmsnarl
|-sidestart|p2: ismailkarim|Reflect
|
|upkeep
|turn|2
|
|t:|1769351559
|move|p2a: Grimmsnarl|Taunt|p1a: Smile.exe
|-start|p1a: Smile.exe|move: Taunt
|move|p1a: Smile.exe|Gigaton Hammer|p2a: Grimmsnarl
|-supereffective|p2a: Grimmsnarl
|-damage|p2a: Grimmsnarl|13/100
|
|upkeep
|turn|3
|
|t:|1769351565
|move|p2a: Grimmsnarl|Light Screen|p2a: Grimmsnarl
|-sidestart|p2: ismailkarim|move: Light Screen
|move|p1a: Smile.exe|Ice Hammer|p2a: Grimmsnarl
|-damage|p2a: Grimmsnarl|0 fnt
|-unboost|p1a: Smile.exe|spe|1
|faint|p2a: Grimmsnarl
|
|upkeep
|
|t:|1769351571
|switch|p2a: Ceruledge|Ceruledge, M, shiny|100/100
|turn|4
|
|t:|1769351597
|switch|p1a: Hybrid|Hydreigon, M, shiny|100/100
|move|p2a: Ceruledge|Swords Dance|p2a: Ceruledge
|-boost|p2a: Ceruledge|atk|2
|
|upkeep
|turn|5
|
|t:|1769351610
|-terastallize|p2a: Ceruledge|Ghost
|move|p1a: Hybrid|Dark Pulse|p2a: Ceruledge
|-supereffective|p2a: Ceruledge
|-damage|p2a: Ceruledge|29/100
|move|p2a: Ceruledge|Poltergeist|p1a: Hybrid
|-activate|p1a: Hybrid|move: Poltergeist|Choice Specs
|-resisted|p1a: Hybrid
|-crit|p1a: Hybrid
|-damage|p1a: Hybrid|0 fnt
|faint|p1a: Hybrid
|-damage|p2a: Ceruledge|19/100|[from] item: Life Orb
|
|upkeep
|j| turquoiselink
|inactive|Justoffu has 120 seconds left.
|
|t:|1769351632
|switch|p1a: Pisces|Alomomola, M, shiny|100/100
|turn|6
|inactive|Justoffu has 120 seconds left.
|
|t:|1769351637
|move|p1a: Pisces|Aqua Jet|p2a: Ceruledge
|-damage|p2a: Ceruledge|12/100
|-ability|p2a: Ceruledge|Weak Armor|boost
|-unboost|p2a: Ceruledge|def|1
|-boost|p2a: Ceruledge|spe|2
|move|p2a: Ceruledge|Poltergeist|p1a: Pisces
|-activate|p1a: Pisces|move: Poltergeist|Assault Vest
|-crit|p1a: Pisces
|-damage|p1a: Pisces|0 fnt
|faint|p1a: Pisces
|-damage|p2a: Ceruledge|2/100|[from] item: Life Orb
|
|upkeep
|inactive|Justoffu has 120 seconds left.
|-message|Justoffu forfeited.
|
|win|ismailkarim
|raw|Justoffu's rating: 1702 &rarr; <strong>1680</strong><br />(-22 for losing)
|raw|ismailkarim's rating: 1659 &rarr; <strong>1681</strong><br />(+22 for winning)
|c|☆ismailkarim|wth
|l|☆Justoffu
|player|p1|
|l| turquoiselink
|l|☆ismailkarim
|player|p2|
