|j|☆LYHtyt
|j|☆Breezy55
|t:|1769411052
|gametype|singles
|player|p1|LYHtyt|hilbert|1246
|player|p2|Breezy55|265|1172
|gen|9
|tier|[Gen 9] OU
|rated|
|rule|HP Percentage Mod: HP is shown in percentages
|rule|Endless Battle Clause: Forcing endless battles is banned
|rule|Species Clause: Limit one of each Pokémon
|rule|OHKO Clause: OHKO moves are banned
|rule|Evasion Items Clause: Evasion items are banned
|rule|Evasion Moves Clause: Evasion moves are banned
|rule|Evasion Abilities Clause: Evasion abilities are banned
|rule|Sleep Moves Clause: Sleep-inducing moves are banned
|clearpoke
|poke|p1|Samurott-Hisui, M|
|poke|p1|Dragonite, F|
|poke|p1|Iron Valiant|
|poke|p1|Scizor, F|
|poke|p1|Garchomp, M|
|poke|p1|Kingambit, F|
|poke|p2|Hitmonchan, M|
|poke|p2|Jirachi|
|poke|p2|Slowbro, F|
|poke|p2|Mienshao, M|
|poke|p2|Dragonite, F|
|poke|p2|Kyurem|
|teampreview
|
|t:|1769411072
|teamsize|p1|6
|teamsize|p2|6
|start
|switch|p1a: Dragonite|Dragonite, F|100/100
|switch|p2a: Mienshao|Mienshao, M|100/100
|turn|1
|
|t:|1769411082
|-terastallize|p1a: Dragonite|Normal
|move|p2a: Mienshao|Fake Out|p1a: Dragonite
|-damage|p1a: Dragonite|95/100
|cant|p1a: Dragonite|flinch
|
|upkeep
|turn|2
|
|t:|1769411091
|move|p1a: Dragonite|Extreme Speed|p2a: Mienshao
|-damage|p2a: Mienshao|17/100
|move|p2a: Mienshao|Knock Off|p1a: Dragonite
|-damage|p1a: Dragonite|67/100
|-enditem|p1a: Dragonite|Choice Band|[from] move: Knock Off|[of] p2a: Mienshao
|
|upkeep
|turn|3
|
|t:|1769411099
|switch|p2a: Slowbro|Slowbro, F|100/100
|move|p1a: Dragonite|Extreme Speed|p2a: Slowbro
|-damage|p2a: Slowbro|65/100
|-damage|p1a: Dragonite|50/100|[from] item: Rocky Helmet|[of] p2a: Slowbro
|
|upkeep
|turn|4
|
|t:|1769411110
|move|p1a: Dragonite|Dragon Claw|p2a: Slowbro
|-crit|p2a: Slowbro
|-damage|p2a: Slowbro|8/100
|-damage|p1a: Dragonite|33/100|[from] item: Rocky Helmet|[of] p2a: Slowbro
|move|p2a: Slowbro|Scald|p1a: Dragonite
|-damage|p1a: Dragonite|0 fnt
|faint|p1a: Dragonite
|
|upkeep
|
|t:|1769411123
|switch|p1a: Scizor|Scizor, F|100/100
|turn|5
|
|t:|1769411128
|switch|p2a: Jirachi|Jirachi|100/100
|move|p1a: Scizor|Bullet Punch|p2a: Jirachi
|-resisted|p2a: Jirachi
|-damage|p2a: Jirachi|74/100
|
|-heal|p2a: Jirachi|80/100|[from] item: Leftovers
|upkeep
|turn|6
|
|t:|1769411136
|switch|p1a: Samurott|Samurott-Hisui, M|100/100
|move|p2a: Jirachi|Stealth Rock|p1a: Samurott
|-sidestart|p1: LYHtyt|move: Stealth Rock
|
|-heal|p2a: Jirachi|86/100|[from] item: Leftovers
|upkeep
|turn|7
|
|t:|1769411144
|move|p1a: Samurott|Ceaseless Edge|p2a: Jirachi
|-supereffective|p2a: Jirachi
|-damage|p2a: Jirachi|1/100
|-sidestart|p2: Breezy55|Spikes
|move|p2a: Jirachi|Iron Head|p1a: Samurott
|-resisted|p1a: Samurott
|-damage|p1a: Samurott|80/100
|
|-heal|p2a: Jirachi|7/100|[from] item: Leftovers
|upkeep
|turn|8
|
|t:|1769411155
|move|p1a: Samurott|Ceaseless Edge|p2a: Jirachi
|-supereffective|p2a: Jirachi
|-damage|p2a: Jirachi|0 fnt
|-sidestart|p2: Breezy55|Spikes
|faint|p2a: Jirachi
|
|upkeep
|
|t:|1769411160
|switch|p2a: Hitmonchan|Hitmonchan, M|100/100
|-damage|p2a: Hitmonchan|84/100|[from] Spikes
|turn|9
|
|t:|1769411165
|move|p1a: Samurott|Ceaseless Edge|p2a: Hitmonchan
|-resisted|p2a: Hitmonchan
|-damage|p2a: Hitmonchan|54/100
|-sidestart|p2: Breezy55|Spikes
|move|p2a: Hitmonchan|Rapid Spin|p1a: Samurott
|-damage|p1a: Samurott|58/100
|-boost|p2a: Hitmonchan|spe|1
|-sideend|p2: Breezy55|Spikes|[from] move: Rapid Spin|[of] p2a: Hitmonchan
|
|upkeep
|turn|10
|
|t:|1769411175
|switch|p1a: Scizor|Scizor, F|100/100
|-damage|p1a: Scizor|88/100|[from] Stealth Rock
|move|p2a: Hitmonchan|Drain Punch|p1a: Scizor
|-damage|p1a: Scizor|40/100
|-heal|p2a: Hitmonchan|82/100|[from] drain|[of] p1a: Scizor
|
|upkeep
|turn|11
|
|t:|1769411185
|move|p1a: Scizor|Bullet Punch|p2a: Hitmonchan
|-damage|p2a: Hitmonchan|15/100
|move|p2a: Hitmonchan|Drain Punch|p1a: Scizor
|-damage|p1a: Scizor|0 fnt
|-heal|p2a: Hitmonchan|38/100|[from] drain|[of] p1a: Scizor
|faint|p1a: Scizor
|
|upkeep
|
|t:|1769411195
|switch|p1a: Iron Valiant|Iron Valiant|100/100
|-damage|p1a: Iron Valiant|94/100|[from] Stealth Rock
|-enditem|p1a: Iron Valiant|Booster Energy
|-activate|p1a: Iron Valiant|ability: Quark Drive|[fromitem]
|-start|p1a: Iron Valiant|quarkdrivespe
|turn|12
|
|t:|1769411209
|switch|p2a: Slowbro|Slowbro, F|41/100
|move|p1a: Iron Valiant|Moonblast|p2a: Slowbro
|-damage|p2a: Slowbro|0 fnt
|faint|p2a: Slowbro
|
|upkeep
|
|t:|1769411218
|switch|p2a: Mienshao|Mienshao, M|51/100
|turn|13
|
|t:|1769411222
|move|p2a: Mienshao|Fake Out|p1a: Iron Valiant
|-damage|p1a: Iron Valiant|78/100
|cant|p1a: Iron Valiant|flinch
|
|upkeep
|turn|14
|
|t:|1769411229
|switch|p2a: Hitmonchan|Hitmonchan, M|38/100
|move|p1a: Iron Valiant|Moonblast|p2a: Hitmonchan
|-supereffective|p2a: Hitmonchan
|-damage|p2a: Hitmonchan|0 fnt
|faint|p2a: Hitmonchan
|
|upkeep
|
|t:|1769411237
|switch|p2a: Mienshao|Mienshao, M|84/100
|turn|15
|
|t:|1769411243
|move|p2a: Mienshao|Fake Out|p1a: Iron Valiant
|-damage|p1a: Iron Valiant|62/100
|cant|p1a: Iron Valiant|flinch
|
|upkeep
|turn|16
|
|t:|1769411249
|move|p1a: Iron Valiant|Moonblast|p2a: Mienshao
|-supereffective|p2a: Mienshao
|-damage|p2a: Mienshao|0 fnt
|faint|p2a: Mienshao
|
|upkeep
|
|t:|1769411254
|switch|p2a: Dragonite|Dragonite, F|100/100
|turn|17
|
|t:|1769411260
|-terastallize|p2a: Dragonite|Normal
|move|p1a: Iron Valiant|Moonblast|p2a: Dragonite
|-damage|p2a: Dragonite|74/100
|move|p2a: Dragonite|Dragon Dance|p2a: Dragonite
|-boost|p2a: Dragonite|atk|1
|-boost|p2a: Dragonite|spe|1
|
|upkeep
|turn|18
|
|t:|1769411270
|move|p2a: Dragonite|Extreme Speed|p1a: Iron Valiant
|-damage|p1a: Iron Valiant|0 fnt
|faint|p1a: Iron Valiant
|-end|p1a: Iron Valiant|Quark Drive|[silent]
|
|upkeep
|-message|Breezy55 forfeited.
|
|win|LYHtyt
|raw|LYHtyt's rating: 1246 &rarr; <strong>1266</strong><br />(+20 for winning)
|raw|Breezy55's rating: 1172 &rarr; <strong>1152</strong><br />(-20 for losing)
|l|☆Breezy55
|player|p2|
|l|☆LYHtyt
|player|p1|
