|j|☆marcophoenixok
|j|☆clsxmn4保姆曼波侠
|t:|1769404282
|gametype|singles
|player|p1|marcophoenixok|waiter|1086
|player|p2|clsxmn4保姆曼波侠|parasollady|1098
|gen|9
|tier|[Gen 9] OU
|rated|
|rule|HP Percentage Mod: HP is shown in percentages
|rule|Endless Battle Clause: Forcing endless battles is banned
|rule|Species Clause: Limit one of each Pokémon
|rule|OHKO Clause: OHKO moves are banned
|rule|Evasion Items Clause: Evasion items are banned
|rule|Evasion Moves Clause: Evasion moves are banned
|rule|Evasion Abilities Clause: Evasion abilities are banned
|rule|Sleep Moves Clause: Sleep-inducing moves are banned
|clearpoke
|poke|p1|Glimmora, F|
|poke|p1|Azumarill, F|
|poke|p1|Maushold-Four|
|poke|p1|Blaziken, M|
|poke|p1|Gliscor, M|
|poke|p1|Polteageist|
|poke|p2|Landorus-Therian, M|
|poke|p2|Alomomola, F|
|poke|p2|Iron Treads|
|poke|p2|Gholdengo|
|poke|p2|Rotom-Heat|
|poke|p2|Ogerpon-Wellspring, F|
|teampreview
|
|t:|1769404292
|teamsize|p1|6
|teamsize|p2|6
|start
|switch|p1a: Glimmora|Glimmora, F, shiny|100/100
|switch|p2a: Iron Treads|Iron Treads|100/100
|-item|p1a: Glimmora|Air Balloon
|turn|1
|
|t:|1769404302
|-terastallize|p1a: Glimmora|Fire
|move|p2a: Iron Treads|Rapid Spin|p1a: Glimmora
|-damage|p1a: Glimmora|86/100
|-boost|p2a: Iron Treads|spe|1
|-activate|p1a: Glimmora|ability: Toxic Debris
|-sidestart|p2: clsxmn4保姆曼波侠|move: Toxic Spikes
|-enditem|p1a: Glimmora|Air Balloon
|-sideend|p2: clsxmn4保姆曼波侠|Toxic Spikes|[from] move: Rapid Spin|[of] p2a: Iron Treads
|move|p1a: Glimmora|Stealth Rock|p2a: Iron Treads
|-sidestart|p2: clsxmn4保姆曼波侠|move: Stealth Rock
|
|upkeep
|turn|2
|
|t:|1769404317
|move|p2a: Iron Treads|Earthquake|p1a: Glimmora
|-supereffective|p1a: Glimmora
|-damage|p1a: Glimmora|0 fnt
|-activate|p1a: Glimmora|ability: Toxic Debris
|-sidestart|p2: clsxmn4保姆曼波侠|move: Toxic Spikes
|faint|p1a: Glimmora
|
|upkeep
|
|t:|1769404323
|switch|p1a: Azumarill|Azumarill, F|100/100
|turn|3
|
|t:|1769404326
|move|p2a: Iron Treads|Rapid Spin|p1a: Azumarill
|-damage|p1a: Azumarill|83/100
|-boost|p2a: Iron Treads|spe|1
|-sideend|p2: clsxmn4保姆曼波侠|Toxic Spikes|[from] move: Rapid Spin|[of] p2a: Iron Treads
|-sideend|p2: clsxmn4保姆曼波侠|Stealth Rock|[from] move: Rapid Spin|[of] p2a: Iron Treads
|move|p1a: Azumarill|Belly Drum|p1a: Azumarill
|-damage|p1a: Azumarill|34/100
|-setboost|p1a: Azumarill|atk|6|[from] move: Belly Drum
|
|-heal|p1a: Azumarill|40/100|[from] item: Leftovers
|upkeep
|turn|4
|
|t:|1769404336
|-end|p2a: Iron Treads|Quark Drive|[silent]
|switch|p2a: Ogerpon|Ogerpon-Wellspring, F|100/100
|move|p1a: Azumarill|Aqua Jet|p2a: Ogerpon
|-immune|p2a: Ogerpon|[from] ability: Water Absorb
|
|-heal|p1a: Azumarill|46/100|[from] item: Leftovers
|upkeep
|turn|5
|
|t:|1769404346
|move|p2a: Ogerpon|Horn Leech|p1a: Azumarill
|-supereffective|p1a: Azumarill
|-damage|p1a: Azumarill|0 fnt
|faint|p1a: Azumarill
|
|upkeep
|
|t:|1769404349
|switch|p1a: Blaziken|Blaziken, M|100/100
|turn|6
|
|t:|1769404352
|move|p1a: Blaziken|Protect|p1a: Blaziken
|-singleturn|p1a: Blaziken|Protect
|move|p2a: Ogerpon|Ivy Cudgel|p1a: Blaziken|[anim] Ivy Cudgel Water
|-activate|p1a: Blaziken|move: Protect
|
|-ability|p1a: Blaziken|Speed Boost|boost
|-boost|p1a: Blaziken|spe|1
|upkeep
|turn|7
|
|t:|1769404360
|move|p1a: Blaziken|Thunder Punch|p2a: Ogerpon
|-damage|p2a: Ogerpon|51/100
|-damage|p1a: Blaziken|91/100|[from] item: Life Orb
|move|p2a: Ogerpon|Ivy Cudgel|p1a: Blaziken|[anim] Ivy Cudgel Water
|-supereffective|p1a: Blaziken
|-crit|p1a: Blaziken
|-damage|p1a: Blaziken|0 fnt
|faint|p1a: Blaziken
|
|upkeep
|
|t:|1769404364
|switch|p1a: Maushold|Maushold-Four|100/100
|turn|8
|
|t:|1769404370
|move|p2a: Ogerpon|Superpower|p1a: Maushold
|-supereffective|p1a: Maushold
|-damage|p1a: Maushold|0 fnt
|-unboost|p2a: Ogerpon|atk|1
|-unboost|p2a: Ogerpon|def|1
|faint|p1a: Maushold
|
|upkeep
|
|t:|1769404374
|switch|p1a: Polteageist|Polteageist|100/100
|turn|9
|
|t:|1769404387
|switch|p2a: Iron Treads|Iron Treads|100/100
|move|p1a: Polteageist|Shell Smash|p1a: Polteageist
|-unboost|p1a: Polteageist|def|1
|-unboost|p1a: Polteageist|spd|1
|-boost|p1a: Polteageist|atk|2
|-boost|p1a: Polteageist|spa|2
|-boost|p1a: Polteageist|spe|2
|
|upkeep
|turn|10
|
|t:|1769404394
|move|p1a: Polteageist|Shadow Ball|p2a: Iron Treads
|-damage|p2a: Iron Treads|23/100
|move|p2a: Iron Treads|Knock Off|p1a: Polteageist
|-supereffective|p1a: Polteageist
|-enditem|p1a: Polteageist|Focus Sash
|-damage|p1a: Polteageist|1/100
|-ability|p1a: Polteageist|Weak Armor|boost
|-unboost|p1a: Polteageist|def|1
|-boost|p1a: Polteageist|spe|2
|
|upkeep
|turn|11
|
|t:|1769404406
|move|p1a: Polteageist|Shadow Ball|p2a: Iron Treads
|-damage|p2a: Iron Treads|0 fnt
|faint|p2a: Iron Treads
|-end|p2a: Iron Treads|Quark Drive|[silent]
|
|upkeep
|
|t:|1769404420
|switch|p2a: Alomomola|Alomomola, F|100/100
|turn|12
|
|t:|1769404429
|move|p1a: Polteageist|Stored Power|p2a: Alomomola
|-damage|p2a: Alomomola|0 fnt
|faint|p2a: Alomomola
|
|upkeep
|
|t:|1769404433
|switch|p2a: Gholdengo|Gholdengo, shiny|100/100
|turn|13
|
|t:|1769404444
|-terastallize|p2a: Gholdengo|Flying
|move|p1a: Polteageist|Shadow Ball|p2a: Gholdengo
|-damage|p2a: Gholdengo|28/100
|-unboost|p2a: Gholdengo|spd|1
|move|p2a: Gholdengo|Shadow Ball|p1a: Polteageist
|-supereffective|p1a: Polteageist
|-damage|p1a: Polteageist|0 fnt
|faint|p1a: Polteageist
|
|-heal|p2a: Gholdengo|34/100|[from] item: Leftovers
|upkeep
|
|t:|1769404450
|switch|p1a: Gliscor|Gliscor, M|100/100
|turn|14
|
|t:|1769404457
|move|p1a: Gliscor|Protect|p1a: Gliscor
|-singleturn|p1a: Gliscor|Protect
|move|p2a: Gholdengo|Substitute|p2a: Gholdengo
|-start|p2a: Gholdengo|Substitute
|-damage|p2a: Gholdengo|9/100
|
|-heal|p2a: Gholdengo|15/100|[from] item: Leftovers
|-status|p1a: Gliscor|tox|[from] item: Toxic Orb
|upkeep
|turn|15
|
|t:|1769404465
|move|p1a: Gliscor|Acrobatics|p2a: Gholdengo
|-activate|p2a: Gholdengo|move: Substitute|[damage]
|move|p2a: Gholdengo|Nasty Plot|p2a: Gholdengo
|-boost|p2a: Gholdengo|spa|2
|
|-heal|p2a: Gholdengo|21/100|[from] item: Leftovers
|upkeep
|turn|16
|
|t:|1769404475
|move|p1a: Gliscor|Acrobatics|p2a: Gholdengo
|-end|p2a: Gholdengo|Substitute
|move|p2a: Gholdengo|Nasty Plot|p2a: Gholdengo
|-boost|p2a: Gholdengo|spa|2
|
|-heal|p2a: Gholdengo|27/100|[from] item: Leftovers
|upkeep
|turn|17
|
|t:|1769404483
|move|p1a: Gliscor|Fling|p2a: Gholdengo
|-damage|p2a: Gholdengo|21/100
|-status|p2a: Gholdengo|tox
|-enditem|p1a: Gliscor|Toxic Orb|[from] move: Fling
|move|p2a: Gholdengo|Shadow Ball|p1a: Gliscor
|-damage|p1a: Gliscor|0 fnt
|faint|p1a: Gliscor
|
|win|clsxmn4保姆曼波侠
|raw|marcophoenixok's rating: 1086 &rarr; <strong>1064</strong><br />(-22 for losing)
|raw|clsxmn4保姆曼波侠's rating: 1098 &rarr; <strong>1122</strong><br />(+24 for winning)
|l|☆clsxmn4保姆曼波侠
|player|p2|
|l|☆marcophoenixok
|player|p1|
