|j|☆Serpgarg
|j|☆CodeNumber_Beta
|t:|1769326147
|gametype|singles
|player|p1|Serpgarg|266|1475
|player|p2|CodeNumber_Beta|1|1509
|gen|9
|tier|[Gen 9] OU
|rated|
|rule|HP Percentage Mod: HP is shown in percentages
|rule|Endless Battle Clause: Forcing endless battles is banned
|rule|Species Clause: Limit one of each Pokémon
|rule|OHKO Clause: OHKO moves are banned
|rule|Evasion Items Clause: Evasion items are banned
|rule|Evasion Moves Clause: Evasion moves are banned
|rule|Evasion Abilities Clause: Evasion abilities are banned
|rule|Sleep Moves Clause: Sleep-inducing moves are banned
|clearpoke
|poke|p1|Great Tusk|
|poke|p1|Darkrai|
|poke|p1|Corviknight, F|
|poke|p1|Ogerpon, F|
|poke|p1|Heatran, M|
|poke|p1|Primarina, M|
|poke|p2|Araquanid, M|
|poke|p2|Gholdengo|
|poke|p2|Great Tusk|
|poke|p2|Samurott-Hisui, M|
|poke|p2|Iron Moth|
|poke|p2|Corviknight, F|
|teampreview
|inactive|Battle timer is ON: inactive players will automatically lose when time's up. (requested by CodeNumber_Beta)
|
|t:|1769326164
|teamsize|p1|6
|teamsize|p2|6
|start
|switch|p1a: Darkrai|Darkrai|100/100
|switch|p2a: Araquanid|Araquanid, M|100/100
|turn|1
|
|t:|1769326191
|move|p1a: Darkrai|Dark Pulse|p2a: Araquanid
|-damage|p2a: Araquanid|60/100
|move|p2a: Araquanid|Surf|p1a: Darkrai
|-damage|p1a: Darkrai|56/100
|
|upkeep
|turn|2
|
|t:|1769326200
|move|p1a: Darkrai|Dark Pulse|p2a: Araquanid
|-damage|p2a: Araquanid|18/100
|move|p2a: Araquanid|Sticky Web|p1a: Darkrai
|-sidestart|p1: Serpgarg|move: Sticky Web
|
|upkeep
|turn|3
|
|t:|1769326206
|switch|p2a: Samurott|Samurott-Hisui, M|100/100
|move|p1a: Darkrai|Dark Pulse|p2a: Samurott
|-resisted|p2a: Samurott
|-damage|p2a: Samurott|50/100
|
|upkeep
|turn|4
|
|t:|1769326218
|switch|p1a: Behemoth|Great Tusk, shiny|100/100
|move|p2a: Samurott|Sacred Sword|p1a: Behemoth
|-damage|p1a: Behemoth|69/100
|
|upkeep
|turn|5
|
|t:|1769326224
|switch|p2a: Gholdengo|Gholdengo|100/100
|-item|p2a: Gholdengo|Air Balloon
|move|p1a: Behemoth|Close Combat|p2a: Gholdengo
|-immune|p2a: Gholdengo
|
|upkeep
|turn|6
|
|t:|1769326237
|-end|p1a: Behemoth|Protosynthesis|[silent]
|switch|p1a: Heatran|Heatran, M|100/100
|-item|p1a: Heatran|Air Balloon
|move|p2a: Gholdengo|Nasty Plot|p2a: Gholdengo
|-boost|p2a: Gholdengo|spa|2
|
|upkeep
|turn|7
|
|t:|1769326242
|move|p1a: Heatran|Magma Storm|p2a: Gholdengo
|-supereffective|p2a: Gholdengo
|-damage|p2a: Gholdengo|26/100
|-activate|p2a: Gholdengo|move: Magma Storm|[of] p1a: Heatran
|-enditem|p2a: Gholdengo|Air Balloon
|move|p2a: Gholdengo|Shadow Ball|p1a: Heatran
|-damage|p1a: Heatran|24/100
|-enditem|p1a: Heatran|Air Balloon
|
|-damage|p2a: Gholdengo|13/100|[from] move: Magma Storm|[partiallytrapped]
|upkeep
|turn|8
|
|t:|1769326265
|move|p1a: Heatran|Earth Power|p2a: Gholdengo
|-supereffective|p2a: Gholdengo
|-damage|p2a: Gholdengo|0 fnt
|faint|p2a: Gholdengo
|
|upkeep
|
|t:|1769326271
|switch|p2a: Samurott|Samurott-Hisui, M|50/100
|turn|9
|
|t:|1769326274
|move|p2a: Samurott|Ceaseless Edge|p1a: Heatran
|-damage|p1a: Heatran|0 fnt
|-sidestart|p1: Serpgarg|Spikes
|faint|p1a: Heatran
|
|upkeep
|
|t:|1769326279
|switch|p1a: Celestine|Primarina, M, shiny|100/100
|-activate|p1a: Celestine|move: Sticky Web
|-unboost|p1a: Celestine|spe|1
|-damage|p1a: Celestine|88/100|[from] Spikes
|turn|10
|
|t:|1769326286
|move|p2a: Samurott|Ceaseless Edge|p1a: Celestine
|-resisted|p1a: Celestine
|-damage|p1a: Celestine|58/100
|-sidestart|p1: Serpgarg|Spikes
|move|p1a: Celestine|Moonblast|p2a: Samurott
|-supereffective|p2a: Samurott
|-damage|p2a: Samurott|0 fnt
|faint|p2a: Samurott
|
|upkeep
|
|t:|1769326294
|switch|p2a: Iron Moth|Iron Moth|100/100
|turn|11
|
|t:|1769326300
|move|p2a: Iron Moth|Sludge Wave|p1a: Celestine
|-supereffective|p1a: Celestine
|-damage|p1a: Celestine|0 fnt
|faint|p1a: Celestine
|
|upkeep
|inactive|Serpgarg has 120 seconds left.
|
|t:|1769326350
|switch|p1a: Ogerpon|Ogerpon, F|100/100
|-activate|p1a: Ogerpon|move: Sticky Web
|-unboost|p1a: Ogerpon|spe|1
|-ability|p1a: Ogerpon|Defiant|boost
|-boost|p1a: Ogerpon|atk|2
|-damage|p1a: Ogerpon|84/100|[from] Spikes
|turn|12
|
|t:|1769326362
|-terastallize|p1a: Ogerpon|Grass
|detailschange|p1a: Ogerpon|Ogerpon-Teal-Tera, F, tera:Grass
|-ability|p1a: Ogerpon|Embody Aspect (Teal)|boost
|-boost|p1a: Ogerpon|spe|1
|move|p1a: Ogerpon|Knock Off|p2a: Iron Moth
|-damage|p2a: Iron Moth|0 fnt
|-enditem|p2a: Iron Moth|Choice Specs|[from] move: Knock Off|[of] p1a: Ogerpon
|faint|p2a: Iron Moth
|-end|p2a: Iron Moth|Quark Drive|[silent]
|
|upkeep
|
|t:|1769326377
|switch|p2a: Corviknight|Corviknight, F|100/100
|-ability|p2a: Corviknight|Pressure
|turn|13
|
|t:|1769326383
|move|p1a: Ogerpon|Knock Off|p2a: Corviknight
|-damage|p2a: Corviknight|45/100
|-enditem|p2a: Corviknight|Leftovers|[from] move: Knock Off|[of] p1a: Ogerpon
|move|p2a: Corviknight|Iron Defense|p2a: Corviknight
|-boost|p2a: Corviknight|def|2
|
|upkeep
|turn|14
|inactive|Serpgarg has 120 seconds left.
|
|t:|1769326391
|switch|p1a: Behemoth|Great Tusk, shiny|69/100
|move|p2a: Corviknight|Roost|p2a: Corviknight
|-heal|p2a: Corviknight|95/100
|-singleturn|p2a: Corviknight|move: Roost
|
|upkeep
|turn|15
|
|t:|1769326395
|move|p1a: Behemoth|Rapid Spin|p2a: Corviknight
|-resisted|p2a: Corviknight
|-damage|p2a: Corviknight|92/100
|-boost|p1a: Behemoth|spe|1
|-sideend|p1: Serpgarg|Spikes|[from] move: Rapid Spin|[of] p1a: Behemoth
|-sideend|p1: Serpgarg|Sticky Web|[from] move: Rapid Spin|[of] p1a: Behemoth
|move|p2a: Corviknight|Iron Defense|p2a: Corviknight
|-boost|p2a: Corviknight|def|2
|
|upkeep
|turn|16
|
|t:|1769326402
|move|p1a: Behemoth|Close Combat|p2a: Corviknight
|-damage|p2a: Corviknight|79/100
|-unboost|p1a: Behemoth|def|1
|-unboost|p1a: Behemoth|spd|1
|move|p2a: Corviknight|Body Press|p1a: Behemoth
|-damage|p1a: Behemoth|0 fnt
|faint|p1a: Behemoth
|-end|p1a: Behemoth|Protosynthesis|[silent]
|
|upkeep
|
|t:|1769326414
|switch|p1a: Corviknight|Corviknight, F|100/100
|-ability|p1a: Corviknight|Pressure
|turn|17
|
|t:|1769326420
|switch|p2a: Araquanid|Araquanid, M|18/100
|move|p1a: Corviknight|U-turn|p2a: Araquanid
|-damage|p2a: Araquanid|3/100
|
|t:|1769326425
|switch|p1a: Darkrai|Darkrai|56/100|[from] U-turn
|
|upkeep
|turn|18
|-enditem|p2a: Araquanid|Custap Berry|[eat]
|-activate|p2a: Araquanid|item: Custap Berry|[consumed]
|
|t:|1769326439
|move|p2a: Araquanid|Surf|p1a: Darkrai
|-damage|p1a: Darkrai|5/100
|move|p1a: Darkrai|Ice Beam|p2a: Araquanid
|-resisted|p2a: Araquanid
|-damage|p2a: Araquanid|0 fnt
|faint|p2a: Araquanid
|
|upkeep
|
|t:|1769326447
|switch|p2a: Great Tusk|Great Tusk|100/100
|turn|19
|
|t:|1769326454
|switch|p1a: Corviknight|Corviknight, F|100/100
|-ability|p1a: Corviknight|Pressure
|-terastallize|p2a: Great Tusk|Water
|move|p2a: Great Tusk|Rapid Spin|p1a: Corviknight
|-resisted|p1a: Corviknight
|-damage|p1a: Corviknight|95/100
|-boost|p2a: Great Tusk|spe|1
|-damage|p2a: Great Tusk|84/100|[from] item: Rocky Helmet|[of] p1a: Corviknight
|
|upkeep
|turn|20
|
|t:|1769326459
|-end|p2a: Great Tusk|Protosynthesis|[silent]
|switch|p2a: Corviknight|Corviknight, F|79/100
|-ability|p2a: Corviknight|Pressure
|move|p1a: Corviknight|Brave Bird|p2a: Corviknight
|-resisted|p2a: Corviknight
|-damage|p2a: Corviknight|67/100
|-damage|p1a: Corviknight|91/100|[from] Recoil
|
|upkeep
|turn|21
|
|t:|1769326469
|move|p1a: Corviknight|U-turn|p2a: Corviknight
|-resisted|p2a: Corviknight
|-damage|p2a: Corviknight|65/100
|
|t:|1769326473
|switch|p1a: Ogerpon|Ogerpon-Teal-Tera, F, tera:Grass|84/100|[from] U-turn
|-ability|p1a: Ogerpon|Embody Aspect (Teal)|boost
|-boost|p1a: Ogerpon|spe|1
|move|p2a: Corviknight|Iron Defense|p2a: Corviknight
|-boost|p2a: Corviknight|def|2
|
|upkeep
|turn|22
|
|t:|1769326480
|move|p1a: Ogerpon|U-turn|p2a: Corviknight
|-resisted|p2a: Corviknight
|-damage|p2a: Corviknight|63/100
|
|t:|1769326483
|switch|p1a: Corviknight|Corviknight, F|91/100|[from] U-turn
|-ability|p1a: Corviknight|Pressure
|move|p2a: Corviknight|Roost|p2a: Corviknight
|-heal|p2a: Corviknight|100/100
|-singleturn|p2a: Corviknight|move: Roost
|
|upkeep
|turn|23
|
|t:|1769326487
|move|p1a: Corviknight|U-turn|p2a: Corviknight
|-resisted|p2a: Corviknight
|-damage|p2a: Corviknight|99/100
|
|t:|1769326492
|switch|p1a: Ogerpon|Ogerpon-Teal-Tera, F, tera:Grass|84/100|[from] U-turn
|-ability|p1a: Ogerpon|Embody Aspect (Teal)|boost
|-boost|p1a: Ogerpon|spe|1
|move|p2a: Corviknight|Iron Defense|p2a: Corviknight
|-boost|p2a: Corviknight|def|2
|
|upkeep
|turn|24
|
|t:|1769326495
|move|p1a: Ogerpon|U-turn|p2a: Corviknight
|-resisted|p2a: Corviknight
|-damage|p2a: Corviknight|98/100
|
|t:|1769326499
|switch|p1a: Corviknight|Corviknight, F|91/100|[from] U-turn
|-ability|p1a: Corviknight|Pressure
|move|p2a: Corviknight|Body Press|p1a: Corviknight
|-damage|p1a: Corviknight|41/100
|-damage|p2a: Corviknight|81/100|[from] item: Rocky Helmet|[of] p1a: Corviknight
|
|upkeep
|turn|25
|
|t:|1769326504
|move|p2a: Corviknight|Body Press|p1a: Corviknight
|-damage|p1a: Corviknight|0 fnt
|-damage|p2a: Corviknight|65/100|[from] item: Rocky Helmet|[of] p1a: Corviknight
|faint|p1a: Corviknight
|
|upkeep
|
|t:|1769326507
|switch|p1a: Darkrai|Darkrai|5/100
|turn|26
|
|t:|1769326512
|move|p1a: Darkrai|Dark Pulse|p2a: Corviknight
|-damage|p2a: Corviknight|4/100
|move|p2a: Corviknight|Body Press|p1a: Darkrai
|-supereffective|p1a: Darkrai
|-damage|p1a: Darkrai|0 fnt
|faint|p1a: Darkrai
|
|upkeep
|
|t:|1769326516
|switch|p1a: Ogerpon|Ogerpon-Teal-Tera, F, tera:Grass|84/100
|-ability|p1a: Ogerpon|Embody Aspect (Teal)|boost
|-boost|p1a: Ogerpon|spe|1
|turn|27
|
|t:|1769326522
|move|p1a: Ogerpon|Ivy Cudgel|p2a: Corviknight
|-resisted|p2a: Corviknight
|-damage|p2a: Corviknight|0 fnt
|faint|p2a: Corviknight
|
|upkeep
|
|t:|1769326527
|switch|p2a: Great Tusk|Great Tusk, tera:Water|84/100
|turn|28
|
|t:|1769326530
|move|p1a: Ogerpon|Ivy Cudgel|p2a: Great Tusk
|-supereffective|p2a: Great Tusk
|-damage|p2a: Great Tusk|0 fnt
|faint|p2a: Great Tusk
|-end|p2a: Great Tusk|Protosynthesis|[silent]
|
|win|Serpgarg
|raw|Serpgarg's rating: 1475 &rarr; <strong>1497</strong><br />(+22 for winning)
|raw|CodeNumber_Beta's rating: 1509 &rarr; <strong>1487</strong><br />(-22 for losing)
