|j|☆ekd26
|j|☆maravive23
|t:|1769381302
|gametype|singles
|player|p1|ekd26|102|1153
|player|p2|maravive23|266|1102
|gen|9
|tier|[Gen 9] OU
|rated|
|rule|HP Percentage Mod: HP is shown in percentages
|rule|Endless Battle Clause: Forcing endless battles is banned
|rule|Species Clause: Limit one of each Pokémon
|rule|OHKO Clause: OHKO moves are banned
|rule|Evasion Items Clause: Evasion items are banned
|rule|Evasion Moves Clause: Evasion moves are banned
|rule|Evasion Abilities Clause: Evasion abilities are banned
|rule|Sleep Moves Clause: Sleep-inducing moves are banned
|clearpoke
|poke|p1|Grimmsnarl, M|
|poke|p1|Iron Treads|
|poke|p1|Raging Bolt|
|poke|p1|Iron Valiant|
|poke|p1|Ogerpon-Wellspring, F|
|poke|p1|Ceruledge, M|
|poke|p2|Wartortle, F|
|poke|p2|Tyranitar, M|
|poke|p2|Raichu-Alola, M|
|poke|p2|Blaziken, M|
|poke|p2|Dudunsparce-*, M|
|poke|p2|Pelipper, M|
|teampreview
|inactive|Battle timer is ON: inactive players will automatically lose when time's up. (requested by maravive23)
|
|t:|1769381330
|teamsize|p1|6
|teamsize|p2|6
|start
|switch|p1a: Grimmsnarl|Grimmsnarl, M, shiny|100/100
|switch|p2a: Blaziken|Blaziken, M|100/100
|turn|1
|
|t:|1769381352
|move|p1a: Grimmsnarl|Taunt|p2a: Blaziken
|-start|p2a: Blaziken|move: Taunt
|move|p2a: Blaziken|U-turn|p1a: Grimmsnarl
|-damage|p1a: Grimmsnarl|45/100
|
|t:|1769381361
|switch|p2a: Raichu|Raichu-Alola, M|100/100|[from] U-turn
|
|upkeep
|turn|2
|
|t:|1769381369
|move|p1a: Grimmsnarl|Light Screen|p1a: Grimmsnarl
|-sidestart|p1: ekd26|move: Light Screen
|move|p2a: Raichu|Electric Terrain|p2a: Raichu
|-fieldstart|move: Electric Terrain
|
|upkeep
|turn|3
|
|t:|1769381375
|move|p1a: Grimmsnarl|Taunt|p2a: Raichu
|-start|p2a: Raichu|move: Taunt
|move|p2a: Raichu|Electro Ball|p1a: Grimmsnarl
|-damage|p1a: Grimmsnarl|0 fnt
|faint|p1a: Grimmsnarl
|-damage|p2a: Raichu|91/100|[from] item: Life Orb
|
|upkeep
|
|t:|1769381379
|switch|p1a: Raging Bolt|Raging Bolt|100/100
|-enditem|p1a: Raging Bolt|Booster Energy
|-activate|p1a: Raging Bolt|ability: Protosynthesis|[fromitem]
|-start|p1a: Raging Bolt|protosynthesisspa
|turn|4
|
|t:|1769381391
|move|p2a: Raichu|Volt Switch|p1a: Raging Bolt
|-resisted|p1a: Raging Bolt
|-damage|p1a: Raging Bolt|95/100
|-damage|p2a: Raichu|81/100|[from] item: Life Orb
|
|t:|1769381398
|switch|p2a: Tyranitar|Tyranitar, M, shiny|100/100|[from] Volt Switch
|-weather|Sandstorm|[from] ability: Sand Stream|[of] p2a: Tyranitar
|move|p1a: Raging Bolt|Dragon Pulse|p2a: Tyranitar
|-damage|p2a: Tyranitar|75/100
|
|-weather|Sandstorm|[upkeep]
|-damage|p1a: Raging Bolt|89/100|[from] Sandstorm
|upkeep
|turn|5
|
|t:|1769381416
|-end|p1a: Raging Bolt|Protosynthesis|[silent]
|switch|p1a: Ogerpon|Ogerpon-Wellspring, F|100/100
|move|p2a: Tyranitar|Earthquake|p1a: Ogerpon
|-resisted|p1a: Ogerpon
|-damage|p1a: Ogerpon|73/100
|
|-weather|Sandstorm|[upkeep]
|-damage|p1a: Ogerpon|67/100|[from] Sandstorm
|upkeep
|turn|6
|
|t:|1769381425
|switch|p2a: Pelipper|Pelipper, M|100/100
|-weather|RainDance|[from] ability: Drizzle|[of] p2a: Pelipper
|move|p1a: Ogerpon|Trailblaze|p2a: Pelipper
|-damage|p2a: Pelipper|75/100
|-boost|p1a: Ogerpon|spe|1
|
|-weather|RainDance|[upkeep]
|-fieldend|move: Electric Terrain
|upkeep
|turn|7
|
|t:|1769381438
|move|p1a: Ogerpon|Play Rough|p2a: Pelipper
|-damage|p2a: Pelipper|46/100
|move|p2a: Pelipper|Hurricane|p1a: Ogerpon
|-supereffective|p1a: Ogerpon
|-damage|p1a: Ogerpon|25/100
|
|-weather|RainDance|[upkeep]
|upkeep
|turn|8
|
|t:|1769381456
|switch|p1a: Raging Bolt|Raging Bolt|89/100
|move|p2a: Pelipper|Roost|p2a: Pelipper
|-heal|p2a: Pelipper|96/100
|-singleturn|p2a: Pelipper|move: Roost
|
|-weather|RainDance|[upkeep]
|upkeep
|turn|9
|
|t:|1769381472
|-end|p1a: Raging Bolt|Protosynthesis|[silent]
|switch|p1a: Iron Valiant|Iron Valiant|100/100
|-enditem|p1a: Iron Valiant|Booster Energy
|-activate|p1a: Iron Valiant|ability: Quark Drive|[fromitem]
|-start|p1a: Iron Valiant|quarkdrivespa
|switch|p2a: Tyranitar|Tyranitar, M, shiny|75/100
|-weather|Sandstorm|[from] ability: Sand Stream|[of] p2a: Tyranitar
|
|-weather|Sandstorm|[upkeep]
|-damage|p1a: Iron Valiant|94/100|[from] Sandstorm
|-sideend|p1: ekd26|move: Light Screen
|upkeep
|turn|10
|inactive|ekd26 has 120 seconds left.
|
|t:|1769381492
|switch|p2a: Wartortle|Wartortle, F, shiny|100/100
|move|p1a: Iron Valiant|Aura Sphere|p2a: Wartortle
|-damage|p2a: Wartortle|56/100
|
|-weather|Sandstorm|[upkeep]
|-damage|p1a: Iron Valiant|88/100|[from] Sandstorm
|-damage|p2a: Wartortle|50/100|[from] Sandstorm
|upkeep
|turn|11
|inactive|ekd26 has 120 seconds left.
|
|t:|1769381516
|move|p2a: Wartortle|Fake Out|p1a: Iron Valiant
|-damage|p1a: Iron Valiant|74/100
|cant|p1a: Iron Valiant|flinch
|
|-weather|Sandstorm|[upkeep]
|-damage|p1a: Iron Valiant|68/100|[from] Sandstorm
|-damage|p2a: Wartortle|43/100|[from] Sandstorm
|upkeep
|turn|12
|
|t:|1769381525
|move|p1a: Iron Valiant|Aura Sphere|p2a: Wartortle
|-damage|p2a: Wartortle|0 fnt
|faint|p2a: Wartortle
|
|-weather|Sandstorm|[upkeep]
|-damage|p1a: Iron Valiant|62/100|[from] Sandstorm
|upkeep
|
|t:|1769381537
|switch|p2a: Blaziken|Blaziken, M|100/100
|turn|13
|
|t:|1769381546
|move|p1a: Iron Valiant|Moonblast|p2a: Blaziken
|-damage|p2a: Blaziken|7/100
|-unboost|p2a: Blaziken|spa|1
|move|p2a: Blaziken|Flare Blitz|p1a: Iron Valiant
|-damage|p1a: Iron Valiant|0 fnt
|faint|p1a: Iron Valiant
|-end|p1a: Iron Valiant|Quark Drive|[silent]
|-damage|p2a: Blaziken|0 fnt|[from] Recoil
|faint|p2a: Blaziken
|
|-weather|none
|upkeep
|
|t:|1769381560
|switch|p1a: Ogerpon|Ogerpon-Wellspring, F|25/100
|switch|p2a: Raichu|Raichu-Alola, M|81/100
|turn|14
|
|t:|1769381566
|switch|p1a: Raging Bolt|Raging Bolt|89/100
|move|p2a: Raichu|Volt Switch|p1a: Raging Bolt
|-resisted|p1a: Raging Bolt
|-damage|p1a: Raging Bolt|80/100
|-damage|p2a: Raichu|71/100|[from] item: Life Orb
|
|t:|1769381573
|switch|p2a: Dudunsparce|Dudunsparce, M|100/100|[from] Volt Switch
|
|upkeep
|turn|15
|
|t:|1769381586
|-terastallize|p1a: Raging Bolt|Flying
|move|p1a: Raging Bolt|Calm Mind|p1a: Raging Bolt
|-boost|p1a: Raging Bolt|spa|1
|-boost|p1a: Raging Bolt|spd|1
|move|p2a: Dudunsparce|Coil|p2a: Dudunsparce
|-boost|p2a: Dudunsparce|atk|1
|-boost|p2a: Dudunsparce|def|1
|-boost|p2a: Dudunsparce|accuracy|1
|
|upkeep
|turn|16
|
|t:|1769381612
|move|p1a: Raging Bolt|Calm Mind|p1a: Raging Bolt
|-boost|p1a: Raging Bolt|spa|1
|-boost|p1a: Raging Bolt|spd|1
|move|p2a: Dudunsparce|Body Slam|p1a: Raging Bolt
|-crit|p1a: Raging Bolt
|-damage|p1a: Raging Bolt|0 fnt
|faint|p1a: Raging Bolt
|-end|p1a: Raging Bolt|Protosynthesis|[silent]
|
|upkeep
|
|t:|1769381622
|switch|p1a: Ceruledge|Ceruledge, M, shiny|100/100
|turn|17
|
|t:|1769381631
|-terastallize|p2a: Dudunsparce|Dragon
|move|p1a: Ceruledge|Swords Dance|p1a: Ceruledge
|-boost|p1a: Ceruledge|atk|2
|move|p2a: Dudunsparce|Dragon Rush|p1a: Ceruledge
|-damage|p1a: Ceruledge|0 fnt
|faint|p1a: Ceruledge
|
|upkeep
|-message|ekd26 forfeited.
|
|win|maravive23
|raw|ekd26's rating: 1153 &rarr; <strong>1124</strong><br />(-29 for losing)
|raw|maravive23's rating: 1102 &rarr; <strong>1131</strong><br />(+29 for winning)
|l|☆ekd26
|player|p1|
|l|☆maravive23
|player|p2|
