|j|☆ERUTYV
|j|☆Dragosol1
|t:|1769311286
|gametype|singles
|player|p1|ERUTYV|doubleteam|1099
|player|p2|Dragosol1|102|1069
|gen|9
|tier|[Gen 9] OU
|rated|
|rule|HP Percentage Mod: HP is shown in percentages
|rule|Endless Battle Clause: Forcing endless battles is banned
|rule|Species Clause: Limit one of each Pokémon
|rule|OHKO Clause: OHKO moves are banned
|rule|Evasion Items Clause: Evasion items are banned
|rule|Evasion Moves Clause: Evasion moves are banned
|rule|Evasion Abilities Clause: Evasion abilities are banned
|rule|Sleep Moves Clause: Sleep-inducing moves are banned
|clearpoke
|poke|p1|Meowscarada, F|
|poke|p1|Garganacl, F|
|poke|p1|Iron Moth|
|poke|p1|Slowking, M|
|poke|p1|Excadrill, M|
|poke|p1|Kingambit, F|
|poke|p2|Lokix, F|
|poke|p2|Iron Valiant|
|poke|p2|Dragapult, M|
|poke|p2|Slowking-Galar, M|
|poke|p2|Corviknight, M|
|poke|p2|Great Tusk|
|teampreview
|
|t:|1769311311
|teamsize|p1|6
|teamsize|p2|6
|start
|switch|p1a: Meowscarada|Meowscarada, F|100/100
|switch|p2a: Corviknight|Corviknight, M, shiny|100/100
|-ability|p2a: Corviknight|Pressure
|turn|1
|
|t:|1769311324
|switch|p1a: Garganacl|Garganacl, F, shiny|100/100
|move|p2a: Corviknight|Body Press|p1a: Garganacl
|-supereffective|p1a: Garganacl
|-damage|p1a: Garganacl|72/100
|
|-heal|p1a: Garganacl|78/100|[from] item: Leftovers
|upkeep
|turn|2
|
|t:|1769311344
|move|p2a: Corviknight|U-turn|p1a: Garganacl
|-damage|p1a: Garganacl|71/100
|
|t:|1769311347
|switch|p2a: Great Tusk|Great Tusk, shiny|100/100|[from] U-turn
|-enditem|p2a: Great Tusk|Booster Energy
|-activate|p2a: Great Tusk|ability: Protosynthesis|[fromitem]
|-start|p2a: Great Tusk|protosynthesisatk
|move|p1a: Garganacl|Substitute|p1a: Garganacl
|-start|p1a: Garganacl|Substitute
|-damage|p1a: Garganacl|46/100
|
|-heal|p1a: Garganacl|52/100|[from] item: Leftovers
|upkeep
|turn|3
|
|t:|1769311376
|move|p1a: Garganacl|Protect|p1a: Garganacl
|-singleturn|p1a: Garganacl|Protect
|move|p2a: Great Tusk|Headlong Rush|p1a: Garganacl
|-activate|p1a: Garganacl|move: Protect
|
|-heal|p1a: Garganacl|58/100|[from] item: Leftovers
|upkeep
|turn|4
|
|t:|1769311383
|move|p2a: Great Tusk|Headlong Rush|p1a: Garganacl
|-supereffective|p1a: Garganacl
|-end|p1a: Garganacl|Substitute
|-unboost|p2a: Great Tusk|def|1
|-unboost|p2a: Great Tusk|spd|1
|move|p1a: Garganacl|Salt Cure|p2a: Great Tusk
|-resisted|p2a: Great Tusk
|-damage|p2a: Great Tusk|96/100
|-start|p2a: Great Tusk|Salt Cure
|
|-heal|p1a: Garganacl|64/100|[from] item: Leftovers
|-damage|p2a: Great Tusk|84/100|[from] Salt Cure
|upkeep
|turn|5
|
|t:|1769311399
|move|p1a: Garganacl|Protect|p1a: Garganacl
|-singleturn|p1a: Garganacl|Protect
|move|p2a: Great Tusk|Headlong Rush|p1a: Garganacl
|-activate|p1a: Garganacl|move: Protect
|
|-heal|p1a: Garganacl|71/100|[from] item: Leftovers
|-damage|p2a: Great Tusk|72/100|[from] Salt Cure
|upkeep
|turn|6
|
|t:|1769311411
|-terastallize|p1a: Garganacl|Water
|move|p2a: Great Tusk|Headlong Rush|p1a: Garganacl
|-damage|p1a: Garganacl|33/100
|-unboost|p2a: Great Tusk|def|1
|-unboost|p2a: Great Tusk|spd|1
|move|p1a: Garganacl|Recover|p1a: Garganacl
|-heal|p1a: Garganacl|83/100
|
|-heal|p1a: Garganacl|89/100|[from] item: Leftovers
|-damage|p2a: Great Tusk|59/100|[from] Salt Cure
|upkeep
|turn|7
|
|t:|1769311426
|-end|p2a: Great Tusk|Protosynthesis|[silent]
|switch|p2a: Iron Valiant|Iron Valiant|100/100
|-enditem|p2a: Iron Valiant|Booster Energy
|-activate|p2a: Iron Valiant|ability: Quark Drive|[fromitem]
|-start|p2a: Iron Valiant|quarkdrivespe
|move|p1a: Garganacl|Substitute|p1a: Garganacl
|-start|p1a: Garganacl|Substitute
|-damage|p1a: Garganacl|64/100
|
|-heal|p1a: Garganacl|70/100|[from] item: Leftovers
|upkeep
|turn|8
|
|t:|1769311455
|move|p2a: Iron Valiant|Calm Mind|p2a: Iron Valiant
|-boost|p2a: Iron Valiant|spa|1
|-boost|p2a: Iron Valiant|spd|1
|move|p1a: Garganacl|Salt Cure|p2a: Iron Valiant
|-resisted|p2a: Iron Valiant
|-damage|p2a: Iron Valiant|92/100
|-start|p2a: Iron Valiant|Salt Cure
|
|-heal|p1a: Garganacl|76/100|[from] item: Leftovers
|-damage|p2a: Iron Valiant|80/100|[from] Salt Cure
|upkeep
|turn|9
|
|t:|1769311465
|move|p1a: Garganacl|Protect|p1a: Garganacl
|-singleturn|p1a: Garganacl|Protect
|move|p2a: Iron Valiant|Thunderbolt|p1a: Garganacl
|-activate|p1a: Garganacl|move: Protect
|
|-heal|p1a: Garganacl|82/100|[from] item: Leftovers
|-damage|p2a: Iron Valiant|67/100|[from] Salt Cure
|upkeep
|turn|10
|
|t:|1769311473
|move|p2a: Iron Valiant|Thunderbolt|p1a: Garganacl
|-supereffective|p1a: Garganacl
|-end|p1a: Garganacl|Substitute
|move|p1a: Garganacl|Substitute|p1a: Garganacl
|-start|p1a: Garganacl|Substitute
|-damage|p1a: Garganacl|57/100
|
|-heal|p1a: Garganacl|64/100|[from] item: Leftovers
|-damage|p2a: Iron Valiant|55/100|[from] Salt Cure
|upkeep
|turn|11
|
|t:|1769311482
|move|p1a: Garganacl|Protect|p1a: Garganacl
|-singleturn|p1a: Garganacl|Protect
|move|p2a: Iron Valiant|Calm Mind|p2a: Iron Valiant
|-boost|p2a: Iron Valiant|spa|1
|-boost|p2a: Iron Valiant|spd|1
|
|-heal|p1a: Garganacl|70/100|[from] item: Leftovers
|-damage|p2a: Iron Valiant|42/100|[from] Salt Cure
|upkeep
|turn|12
|
|t:|1769311489
|move|p2a: Iron Valiant|Thunderbolt|p1a: Garganacl
|-supereffective|p1a: Garganacl
|-end|p1a: Garganacl|Substitute
|move|p1a: Garganacl|Substitute|p1a: Garganacl
|-start|p1a: Garganacl|Substitute
|-damage|p1a: Garganacl|45/100
|
|-heal|p1a: Garganacl|51/100|[from] item: Leftovers
|-damage|p2a: Iron Valiant|30/100|[from] Salt Cure
|upkeep
|turn|13
|
|t:|1769311514
|-end|p2a: Iron Valiant|Quark Drive|[silent]
|switch|p2a: Corviknight|Corviknight, M, shiny|100/100
|-ability|p2a: Corviknight|Pressure
|move|p1a: Garganacl|Recover|p1a: Garganacl
|-heal|p1a: Garganacl|100/100
|
|upkeep
|turn|14
|
|t:|1769311523
|move|p2a: Corviknight|Iron Defense|p2a: Corviknight
|-boost|p2a: Corviknight|def|2
|move|p1a: Garganacl|Salt Cure|p2a: Corviknight
|-damage|p2a: Corviknight|96/100
|-start|p2a: Corviknight|Salt Cure
|
|-damage|p2a: Corviknight|71/100|[from] Salt Cure
|upkeep
|turn|15
|
|t:|1769311532
|move|p1a: Garganacl|Protect|p1a: Garganacl
|-singleturn|p1a: Garganacl|Protect
|move|p2a: Corviknight|Roost|p2a: Corviknight
|-heal|p2a: Corviknight|100/100
|-singleturn|p2a: Corviknight|move: Roost
|
|-damage|p2a: Corviknight|76/100|[from] Salt Cure
|upkeep
|turn|16
|
|t:|1769311541
|move|p2a: Corviknight|Iron Defense|p2a: Corviknight
|-boost|p2a: Corviknight|def|2
|move|p1a: Garganacl|Substitute|p1a: Garganacl
|-fail|p1a: Garganacl|move: Substitute
|
|-damage|p2a: Corviknight|51/100|[from] Salt Cure
|upkeep
|turn|17
|
|t:|1769311548
|move|p2a: Corviknight|Roost|p2a: Corviknight
|-heal|p2a: Corviknight|100/100
|-singleturn|p2a: Corviknight|move: Roost
|move|p1a: Garganacl|Salt Cure|p2a: Corviknight
|-resisted|p2a: Corviknight
|-damage|p2a: Corviknight|99/100
|
|-damage|p2a: Corviknight|74/100|[from] Salt Cure
|upkeep
|turn|18
|
|t:|1769311580
|move|p1a: Garganacl|Protect|p1a: Garganacl
|-singleturn|p1a: Garganacl|Protect
|move|p2a: Corviknight|Body Press|p1a: Garganacl
|-activate|p1a: Garganacl|move: Protect
|
|-damage|p2a: Corviknight|49/100|[from] Salt Cure
|upkeep
|turn|19
|c|☆ERUTYV|yo why was that nve
|
|t:|1769311593
|move|p2a: Corviknight|Roost|p2a: Corviknight
|-heal|p2a: Corviknight|99/100
|-singleturn|p2a: Corviknight|move: Roost
|move|p1a: Garganacl|Salt Cure|p2a: Corviknight
|-resisted|p2a: Corviknight
|-damage|p2a: Corviknight|98/100
|
|-damage|p2a: Corviknight|73/100|[from] Salt Cure
|upkeep
|turn|20
|c|☆ERUTYV|!weak corviknight
|c| ERUTYV|/raw <div class="infobox">Corviknight (ignoring abilities):<br /><span class="message-effect-weak">Weaknesses</span>: Electric, Fire<br /><span class="message-effect-resist">Resistances</span>: <b>Bug</b>, Dragon, Fairy, Flying, <b>Grass</b>, Normal, Psychic, Steel<br /><span class="message-effect-immune">Immunities</span>: Ground, Poison, Sandstorm damage, Toxic</div>
|
|t:|1769311613
|move|p1a: Garganacl|Protect|p1a: Garganacl
|-singleturn|p1a: Garganacl|Protect
|move|p2a: Corviknight|Body Press|p1a: Garganacl
|-activate|p1a: Garganacl|move: Protect
|
|-damage|p2a: Corviknight|48/100|[from] Salt Cure
|upkeep
|turn|21
|
|t:|1769311626
|move|p2a: Corviknight|Roost|p2a: Corviknight
|-heal|p2a: Corviknight|98/100
|-singleturn|p2a: Corviknight|move: Roost
|move|p1a: Garganacl|Substitute|p1a: Garganacl
|-fail|p1a: Garganacl|move: Substitute
|
|-damage|p2a: Corviknight|74/100|[from] Salt Cure
|upkeep
|turn|22
|
|t:|1769311638
|move|p2a: Corviknight|Roost|p2a: Corviknight
|-heal|p2a: Corviknight|100/100
|-singleturn|p2a: Corviknight|move: Roost
|move|p1a: Garganacl|Salt Cure|p2a: Corviknight
|-resisted|p2a: Corviknight
|-damage|p2a: Corviknight|99/100
|
|-damage|p2a: Corviknight|74/100|[from] Salt Cure
|upkeep
|turn|23
|
|t:|1769311649
|move|p2a: Corviknight|Iron Defense|p2a: Corviknight
|-boost|p2a: Corviknight|def|2
|move|p1a: Garganacl|Substitute|p1a: Garganacl
|-fail|p1a: Garganacl|move: Substitute
|
|-damage|p2a: Corviknight|49/100|[from] Salt Cure
|upkeep
|turn|24
|
|t:|1769311655
|move|p2a: Corviknight|Roost|p2a: Corviknight
|-heal|p2a: Corviknight|99/100
|-singleturn|p2a: Corviknight|move: Roost
|move|p1a: Garganacl|Salt Cure|p2a: Corviknight
|-resisted|p2a: Corviknight
|-damage|p2a: Corviknight|98/100
|
|-damage|p2a: Corviknight|74/100|[from] Salt Cure
|upkeep
|turn|25
|
|t:|1769311663
|move|p2a: Corviknight|Body Press|p1a: Garganacl
|-end|p1a: Garganacl|Substitute
|move|p1a: Garganacl|Salt Cure|p2a: Corviknight
|-damage|p2a: Corviknight|71/100
|
|-damage|p2a: Corviknight|47/100|[from] Salt Cure
|upkeep
|turn|26
|
|t:|1769311671
|move|p2a: Corviknight|Body Press|p1a: Garganacl
|-damage|p1a: Garganacl|44/100
|move|p1a: Garganacl|Substitute|p1a: Garganacl
|-start|p1a: Garganacl|Substitute
|-damage|p1a: Garganacl|19/100
|
|-heal|p1a: Garganacl|25/100|[from] item: Leftovers
|-damage|p2a: Corviknight|22/100|[from] Salt Cure
|upkeep
|turn|27
|
|t:|1769311683
|move|p2a: Corviknight|U-turn|p1a: Garganacl
|-activate|p1a: Garganacl|move: Substitute|[damage]
|
|t:|1769311710
|switch|p2a: Lokix|Lokix, F, shiny|100/100|[from] U-turn
|move|p1a: Garganacl|Recover|p1a: Garganacl
|-heal|p1a: Garganacl|75/100
|
|-heal|p1a: Garganacl|81/100|[from] item: Leftovers
|upkeep
|turn|28
|
|t:|1769311717
|move|p2a: Lokix|Leech Life|p1a: Garganacl
|-end|p1a: Garganacl|Substitute
|move|p1a: Garganacl|Salt Cure|p2a: Lokix
|-supereffective|p2a: Lokix
|-damage|p2a: Lokix|58/100
|-start|p2a: Lokix|Salt Cure
|
|-heal|p1a: Garganacl|87/100|[from] item: Leftovers
|-damage|p2a: Lokix|46/100|[from] Salt Cure
|upkeep
|turn|29
|
|t:|1769311726
|move|p2a: Lokix|Leech Life|p1a: Garganacl
|-damage|p1a: Garganacl|58/100
|-heal|p2a: Lokix|67/100|[from] drain|[of] p1a: Garganacl
|move|p1a: Garganacl|Substitute|p1a: Garganacl
|-start|p1a: Garganacl|Substitute
|-damage|p1a: Garganacl|33/100
|
|-heal|p1a: Garganacl|39/100|[from] item: Leftovers
|-damage|p2a: Lokix|54/100|[from] Salt Cure
|upkeep
|turn|30
|
|t:|1769311735
|move|p2a: Lokix|Leech Life|p1a: Garganacl
|-end|p1a: Garganacl|Substitute
|-heal|p2a: Lokix|72/100|[from] drain|[of] p1a: Garganacl
|move|p1a: Garganacl|Salt Cure|p2a: Lokix
|-supereffective|p2a: Lokix
|-damage|p2a: Lokix|32/100
|
|-heal|p1a: Garganacl|45/100|[from] item: Leftovers
|-damage|p2a: Lokix|20/100|[from] Salt Cure
|upkeep
|turn|31
|
|t:|1769311744
|move|p1a: Garganacl|Protect|p1a: Garganacl
|-singleturn|p1a: Garganacl|Protect
|move|p2a: Lokix|Leech Life|p1a: Garganacl
|-activate|p1a: Garganacl|move: Protect
|
|-heal|p1a: Garganacl|51/100|[from] item: Leftovers
|-damage|p2a: Lokix|7/100|[from] Salt Cure
|upkeep
|turn|32
|
|t:|1769311752
|move|p2a: Lokix|Leech Life|p1a: Garganacl
|-damage|p1a: Garganacl|20/100
|-heal|p2a: Lokix|30/100|[from] drain|[of] p1a: Garganacl
|move|p1a: Garganacl|Recover|p1a: Garganacl
|-heal|p1a: Garganacl|70/100
|
|-heal|p1a: Garganacl|76/100|[from] item: Leftovers
|-damage|p2a: Lokix|18/100|[from] Salt Cure
|upkeep
|turn|33
|
|t:|1769311762
|move|p1a: Garganacl|Protect|p1a: Garganacl
|-singleturn|p1a: Garganacl|Protect
|move|p2a: Lokix|Leech Life|p1a: Garganacl
|-activate|p1a: Garganacl|move: Protect
|
|-heal|p1a: Garganacl|82/100|[from] item: Leftovers
|-damage|p2a: Lokix|5/100|[from] Salt Cure
|upkeep
|turn|34
|-message|Dragosol1 forfeited.
|
|win|ERUTYV
|raw|ERUTYV's rating: 1099 &rarr; <strong>1122</strong><br />(+23 for winning)
|raw|Dragosol1's rating: 1069 &rarr; <strong>1050</strong><br />(-19 for losing)
|l|☆Dragosol1
|player|p2|
