|j|☆CambridgeFoulPlay
|j|☆blckd out
|t:|1769341572
|gametype|singles
|player|p1|CambridgeFoulPlay|266|1807
|player|p2|blckd out|lucas-gen4pt|1700
|gen|9
|tier|[Gen 9] OU
|rated|
|rule|HP Percentage Mod: HP is shown in percentages
|rule|Endless Battle Clause: Forcing endless battles is banned
|rule|Species Clause: Limit one of each Pokémon
|rule|OHKO Clause: OHKO moves are banned
|rule|Evasion Items Clause: Evasion items are banned
|rule|Evasion Moves Clause: Evasion moves are banned
|rule|Evasion Abilities Clause: Evasion abilities are banned
|rule|Sleep Moves Clause: Sleep-inducing moves are banned
|clearpoke
|poke|p1|Hydrapple, M|
|poke|p1|Tyranitar, F|
|poke|p1|Moltres|
|poke|p1|Zamazenta-*|
|poke|p1|Slowking-Galar, M|
|poke|p1|Excadrill, F|
|poke|p2|Gholdengo|
|poke|p2|Raging Bolt|
|poke|p2|Ceruledge, M|
|poke|p2|Ribombee, M|
|poke|p2|Ogerpon-Wellspring, F|
|poke|p2|Great Tusk|
|teampreview
|c|☆CambridgeFoulPlay|hf
|inactive|Battle timer is ON: inactive players will automatically lose when time's up. (requested by CambridgeFoulPlay)
|
|t:|1769341577
|teamsize|p1|6
|teamsize|p2|6
|start
|switch|p1a: Tyranitar|Tyranitar, F|100/100
|switch|p2a: Ceruledge|Ceruledge, M|100/100
|-weather|Sandstorm|[from] ability: Sand Stream|[of] p1a: Tyranitar
|turn|1
|
|t:|1769341580
|move|p2a: Ceruledge|Close Combat|p1a: Tyranitar
|-supereffective|p1a: Tyranitar
|-damage|p1a: Tyranitar|0 fnt
|-unboost|p2a: Ceruledge|def|1
|-unboost|p2a: Ceruledge|spd|1
|faint|p1a: Tyranitar
|
|-weather|Sandstorm|[upkeep]
|-damage|p2a: Ceruledge|94/100|[from] Sandstorm
|upkeep
|
|t:|1769341583
|switch|p1a: Hydrapple|Hydrapple, M|100/100
|turn|2
|j| Samurajen
|
|t:|1769341592
|switch|p2a: Ribombee|Ribombee, M|100/100
|move|p1a: Hydrapple|Earth Power|p2a: Ribombee
|-resisted|p2a: Ribombee
|-damage|p2a: Ribombee|76/100
|
|-weather|Sandstorm|[upkeep]
|-damage|p2a: Ribombee|70/100|[from] Sandstorm
|-damage|p1a: Hydrapple|94/100|[from] Sandstorm
|upkeep
|turn|3
|j| ty-tyui↻
|
|t:|1769341608
|switch|p1a: Excadrill|Excadrill, F|100/100
|-item|p1a: Excadrill|Air Balloon
|move|p2a: Ribombee|Sticky Web|p1a: Excadrill
|-sidestart|p1: CambridgeFoulPlay|move: Sticky Web
|
|-weather|Sandstorm|[upkeep]
|-damage|p2a: Ribombee|64/100|[from] Sandstorm
|upkeep
|turn|4
|
|t:|1769341612
|switch|p2a: Ceruledge|Ceruledge, M|94/100
|move|p1a: Excadrill|Rapid Spin|p2a: Ceruledge
|-immune|p2a: Ceruledge
|
|-weather|Sandstorm|[upkeep]
|-damage|p2a: Ceruledge|88/100|[from] Sandstorm
|upkeep
|turn|5
|
|t:|1769341618
|switch|p2a: Gholdengo|Gholdengo|100/100
|-item|p2a: Gholdengo|Air Balloon
|move|p1a: Excadrill|Earthquake|p2a: Gholdengo
|-immune|p2a: Gholdengo
|
|-weather|Sandstorm|[upkeep]
|upkeep
|turn|6
|
|t:|1769341624
|switch|p2a: Ceruledge|Ceruledge, M|88/100
|move|p1a: Excadrill|Iron Head|p2a: Ceruledge
|-resisted|p2a: Ceruledge
|-damage|p2a: Ceruledge|55/100
|-ability|p2a: Ceruledge|Weak Armor|boost
|-unboost|p2a: Ceruledge|def|1
|-boost|p2a: Ceruledge|spe|2
|
|-weather|Sandstorm|[upkeep]
|-damage|p2a: Ceruledge|49/100|[from] Sandstorm
|upkeep
|turn|7
|
|t:|1769341628
|move|p1a: Excadrill|Earthquake|p2a: Ceruledge
|-supereffective|p2a: Ceruledge
|-damage|p2a: Ceruledge|0 fnt
|faint|p2a: Ceruledge
|
|-weather|Sandstorm|[upkeep]
|upkeep
|
|t:|1769341632
|switch|p2a: Ogerpon|Ogerpon-Wellspring, F|100/100
|turn|8
|
|t:|1769341635
|switch|p1a: Hydrapple|Hydrapple, M|100/100
|move|p2a: Ogerpon|Swords Dance|p2a: Ogerpon
|-boost|p2a: Ogerpon|atk|2
|
|-weather|none
|upkeep
|turn|9
|
|t:|1769341638
|move|p2a: Ogerpon|Play Rough|p1a: Hydrapple
|-supereffective|p1a: Hydrapple
|-damage|p1a: Hydrapple|16/100
|move|p1a: Hydrapple|Fickle Beam|p2a: Ogerpon|[anim] Fickle Beam All Out
|-activate|p1a: Hydrapple|move: Fickle Beam
|-damage|p2a: Ogerpon|26/100
|
|upkeep
|turn|10
|
|t:|1769341642
|move|p2a: Ogerpon|Ivy Cudgel|p1a: Hydrapple|[anim] Ivy Cudgel Water
|-resisted|p1a: Hydrapple
|-damage|p1a: Hydrapple|0 fnt
|faint|p1a: Hydrapple
|
|upkeep
|
|t:|1769341643
|switch|p1a: Zamazenta|Zamazenta|100/100
|-activate|p1a: Zamazenta|move: Sticky Web
|-unboost|p1a: Zamazenta|spe|1
|-ability|p1a: Zamazenta|Dauntless Shield|boost
|-boost|p1a: Zamazenta|def|1
|turn|11
|
|t:|1769341648
|move|p2a: Ogerpon|Horn Leech|p1a: Zamazenta
|-damage|p1a: Zamazenta|58/100
|-heal|p2a: Ogerpon|50/100|[from] drain|[of] p1a: Zamazenta
|move|p1a: Zamazenta|Body Press|p2a: Ogerpon
|-damage|p2a: Ogerpon|0 fnt
|faint|p2a: Ogerpon
|
|-heal|p1a: Zamazenta|64/100|[from] item: Leftovers
|upkeep
|
|t:|1769341657
|switch|p2a: Raging Bolt|Raging Bolt|100/100
|-enditem|p2a: Raging Bolt|Booster Energy
|-activate|p2a: Raging Bolt|ability: Protosynthesis|[fromitem]
|-start|p2a: Raging Bolt|protosynthesisspa
|turn|12
|
|t:|1769341661
|move|p1a: Zamazenta|Body Press|p2a: Raging Bolt
|-damage|p2a: Raging Bolt|48/100
|move|p2a: Raging Bolt|Dragon Pulse|p1a: Zamazenta
|-damage|p1a: Zamazenta|1/100
|
|-heal|p1a: Zamazenta|7/100|[from] item: Leftovers
|upkeep
|turn|13
|
|t:|1769341667
|move|p2a: Raging Bolt|Thunderclap|p1a: Zamazenta
|-damage|p1a: Zamazenta|0 fnt
|faint|p1a: Zamazenta
|
|upkeep
|
|t:|1769341670
|switch|p1a: Excadrill|Excadrill, F|100/100
|-item|p1a: Excadrill|Air Balloon
|turn|14
|
|t:|1769341676
|-end|p2a: Raging Bolt|Protosynthesis|[silent]
|switch|p2a: Gholdengo|Gholdengo|100/100
|-item|p2a: Gholdengo|Air Balloon
|move|p1a: Excadrill|Swords Dance|p1a: Excadrill
|-boost|p1a: Excadrill|atk|2
|
|upkeep
|turn|15
|
|t:|1769341681
|move|p1a: Excadrill|Iron Head|p2a: Gholdengo
|-resisted|p2a: Gholdengo
|-damage|p2a: Gholdengo|54/100
|-enditem|p2a: Gholdengo|Air Balloon
|move|p2a: Gholdengo|Shadow Ball|p1a: Excadrill
|-damage|p1a: Excadrill|39/100
|-enditem|p1a: Excadrill|Air Balloon
|
|upkeep
|turn|16
|
|t:|1769341692
|switch|p2a: Ribombee|Ribombee, M|64/100
|move|p1a: Excadrill|Earthquake|p2a: Ribombee
|-resisted|p2a: Ribombee
|-damage|p2a: Ribombee|0 fnt
|faint|p2a: Ribombee
|
|upkeep
|
|t:|1769341700
|switch|p2a: Great Tusk|Great Tusk|100/100
|-enditem|p2a: Great Tusk|Booster Energy
|-activate|p2a: Great Tusk|ability: Protosynthesis|[fromitem]
|-start|p2a: Great Tusk|protosynthesisatk
|turn|17
|
|t:|1769341706
|move|p1a: Excadrill|Iron Head|p2a: Great Tusk
|-damage|p2a: Great Tusk|39/100
|move|p2a: Great Tusk|Headlong Rush|p1a: Excadrill
|-supereffective|p1a: Excadrill
|-damage|p1a: Excadrill|0 fnt
|-unboost|p2a: Great Tusk|def|1
|-unboost|p2a: Great Tusk|spd|1
|faint|p1a: Excadrill
|
|upkeep
|
|t:|1769341709
|switch|p1a: Slowking|Slowking-Galar, M|100/100
|-activate|p1a: Slowking|move: Sticky Web
|-unboost|p1a: Slowking|spe|1
|turn|18
|
|t:|1769341711
|switch|p1a: Moltres|Moltres|100/100
|move|p2a: Great Tusk|Headlong Rush|p1a: Moltres
|-immune|p1a: Moltres
|
|upkeep
|turn|19
|
|t:|1769341715
|move|p2a: Great Tusk|Ice Spinner|p1a: Moltres
|-damage|p1a: Moltres|76/100
|move|p1a: Moltres|Flamethrower|p2a: Great Tusk
|-damage|p2a: Great Tusk|0 fnt
|faint|p2a: Great Tusk
|-end|p2a: Great Tusk|Protosynthesis|[silent]
|
|upkeep
|
|t:|1769341718
|switch|p2a: Raging Bolt|Raging Bolt|48/100
|turn|20
|
|t:|1769341720
|switch|p1a: Slowking|Slowking-Galar, M|100/100
|-activate|p1a: Slowking|move: Sticky Web
|-unboost|p1a: Slowking|spe|1
|move|p2a: Raging Bolt|Calm Mind|p2a: Raging Bolt
|-boost|p2a: Raging Bolt|spa|1
|-boost|p2a: Raging Bolt|spd|1
|
|upkeep
|turn|21
|
|t:|1769341722
|move|p2a: Raging Bolt|Discharge|p1a: Slowking
|-damage|p1a: Slowking|60/100
|-status|p1a: Slowking|par
|move|p1a: Slowking|Psyshock|p2a: Raging Bolt
|-damage|p2a: Raging Bolt|19/100
|
|upkeep
|turn|22
|
|t:|1769341729
|switch|p1a: Moltres|Moltres|76/100
|move|p2a: Raging Bolt|Discharge|p1a: Moltres
|-supereffective|p1a: Moltres
|-damage|p1a: Moltres|0 fnt
|faint|p1a: Moltres
|
|upkeep
|
|t:|1769341730
|switch|p1a: Slowking|Slowking-Galar, M|93/100 par
|-activate|p1a: Slowking|move: Sticky Web
|-unboost|p1a: Slowking|spe|1
|turn|23
|
|t:|1769341734
|-terastallize|p1a: Slowking|Grass
|move|p2a: Raging Bolt|Discharge|p1a: Slowking
|-resisted|p1a: Slowking
|-damage|p1a: Slowking|73/100 par
|move|p1a: Slowking|Psyshock|p2a: Raging Bolt
|-damage|p2a: Raging Bolt|0 fnt
|faint|p2a: Raging Bolt
|-end|p2a: Raging Bolt|Protosynthesis|[silent]
|
|upkeep
|
|t:|1769341741
|switch|p2a: Gholdengo|Gholdengo|54/100
|turn|24
|
|t:|1769341748
|-terastallize|p2a: Gholdengo|Fairy
|move|p2a: Gholdengo|Psyshock|p1a: Slowking
|-damage|p1a: Slowking|49/100 par
|move|p1a: Slowking|Flamethrower|p2a: Gholdengo
|-damage|p2a: Gholdengo|26/100
|
|upkeep
|turn|25
|
|t:|1769341756
|move|p2a: Gholdengo|Dazzling Gleam|p1a: Slowking
|-damage|p1a: Slowking|21/100 par
|cant|p1a: Slowking|par
|
|upkeep
|turn|26
|
|t:|1769341760
|move|p2a: Gholdengo|Psyshock|p1a: Slowking
|-crit|p1a: Slowking
|-damage|p1a: Slowking|0 fnt
|faint|p1a: Slowking
|
|win|blckd out
|raw|CambridgeFoulPlay's rating: 1807 &rarr; <strong>1781</strong><br />(-26 for losing)
|raw|blckd out's rating: 1700 &rarr; <strong>1726</strong><br />(+26 for winning)
|c|☆CambridgeFoulPlay|gg
|l|☆CambridgeFoulPlay
|player|p1|
|l|☆blckd out
|player|p2|
|l| Samurajen
