|j|☆elknightoscuro
|j|☆banana leclerc 016
|t:|1769306597
|gametype|singles
|player|p1|elknightoscuro|ghetsis|1420
|player|p2|banana leclerc 016|102|1442
|gen|9
|tier|[Gen 9] OU
|rated|
|rule|HP Percentage Mod: HP is shown in percentages
|rule|Endless Battle Clause: Forcing endless battles is banned
|rule|Species Clause: Limit one of each Pokémon
|rule|OHKO Clause: OHKO moves are banned
|rule|Evasion Items Clause: Evasion items are banned
|rule|Evasion Moves Clause: Evasion moves are banned
|rule|Evasion Abilities Clause: Evasion abilities are banned
|rule|Sleep Moves Clause: Sleep-inducing moves are banned
|clearpoke
|poke|p1|Revavroom, M|
|poke|p1|Rillaboom, M|
|poke|p1|Iron Valiant|
|poke|p1|Alomomola, M|
|poke|p1|Ting-Lu|
|poke|p1|Moltres|
|poke|p2|Great Tusk|
|poke|p2|Pecharunt|
|poke|p2|Iron Valiant|
|poke|p2|Iron Crown|
|poke|p2|Samurott-Hisui, M|
|poke|p2|Dragonite, M|
|teampreview
|inactive|Battle timer is ON: inactive players will automatically lose when time's up. (requested by banana leclerc 016)
|
|t:|1769306625
|teamsize|p1|6
|teamsize|p2|6
|start
|switch|p1a: Rillaboom|Rillaboom, M|100/100
|switch|p2a: Iron Valiant|Iron Valiant, shiny|100/100
|-fieldstart|move: Grassy Terrain|[from] ability: Grassy Surge|[of] p1a: Rillaboom
|turn|1
|
|t:|1769306634
|-end|p2a: Iron Valiant|Quark Drive|[silent]
|switch|p2a: Pecharunt|Pecharunt|100/100
|switch|p1a: Moltres|Moltres|100/100
|
|upkeep
|turn|2
|
|t:|1769306642
|switch|p1a: Revavroom|Revavroom, M|100/100
|-item|p1a: Revavroom|Air Balloon
|move|p2a: Pecharunt|Malignant Chain|p1a: Revavroom
|-immune|p1a: Revavroom
|
|upkeep
|turn|3
|
|t:|1769306649
|move|p1a: Revavroom|Shift Gear|p1a: Revavroom
|-boost|p1a: Revavroom|spe|2
|-boost|p1a: Revavroom|atk|1
|move|p2a: Pecharunt|Shadow Ball|p1a: Revavroom
|-damage|p1a: Revavroom|64/100
|-enditem|p1a: Revavroom|Air Balloon
|
|-heal|p1a: Revavroom|70/100|[from] Grassy Terrain
|upkeep
|turn|4
|
|t:|1769306671
|switch|p1a: Ting-Lu|Ting-Lu|100/100
|-ability|p1a: Ting-Lu|Vessel of Ruin
|move|p2a: Pecharunt|Parting Shot|p1a: Ting-Lu
|-unboost|p1a: Ting-Lu|atk|1
|-unboost|p1a: Ting-Lu|spa|1
|
|t:|1769306680
|switch|p2a: Iron Valiant|Iron Valiant, shiny|100/100|[from] Parting Shot
|
|upkeep
|turn|5
|
|t:|1769306686
|switch|p1a: Moltres|Moltres|100/100
|move|p2a: Iron Valiant|Moonblast|p1a: Moltres
|-resisted|p1a: Moltres
|-damage|p1a: Moltres|67/100
|-unboost|p1a: Moltres|spa|1
|
|-fieldend|move: Grassy Terrain
|upkeep
|turn|6
|
|t:|1769306699
|-end|p2a: Iron Valiant|Quark Drive|[silent]
|switch|p2a: Iron Crown|Iron Crown|100/100
|move|p1a: Moltres|U-turn|p2a: Iron Crown
|-damage|p2a: Iron Crown|84/100
|
|t:|1769306710
|switch|p1a: Rillaboom|Rillaboom, M|100/100|[from] U-turn
|-fieldstart|move: Grassy Terrain|[from] ability: Grassy Surge|[of] p1a: Rillaboom
|
|-heal|p2a: Iron Crown|90/100|[from] Grassy Terrain
|upkeep
|turn|7
|
|t:|1769306715
|-end|p2a: Iron Crown|Quark Drive|[silent]
|switch|p2a: Pecharunt|Pecharunt|100/100
|move|p1a: Rillaboom|Knock Off|p2a: Pecharunt
|-supereffective|p2a: Pecharunt
|-damage|p2a: Pecharunt|61/100
|-damage|p1a: Rillaboom|84/100|[from] item: Rocky Helmet|[of] p2a: Pecharunt
|-enditem|p2a: Pecharunt|Rocky Helmet|[from] move: Knock Off|[of] p1a: Rillaboom
|
|-heal|p1a: Rillaboom|90/100|[from] Grassy Terrain
|-heal|p2a: Pecharunt|67/100|[from] Grassy Terrain
|upkeep
|turn|8
|
|t:|1769306729
|switch|p1a: Ting-Lu|Ting-Lu|100/100
|-ability|p1a: Ting-Lu|Vessel of Ruin
|move|p2a: Pecharunt|Parting Shot|p1a: Ting-Lu
|-unboost|p1a: Ting-Lu|atk|1
|-unboost|p1a: Ting-Lu|spa|1
|
|t:|1769306740
|switch|p2a: Iron Valiant|Iron Valiant, shiny|100/100|[from] Parting Shot
|
|upkeep
|turn|9
|
|t:|1769306746
|switch|p1a: Moltres|Moltres|67/100
|move|p2a: Iron Valiant|Moonblast|p1a: Moltres
|-resisted|p1a: Moltres
|-damage|p1a: Moltres|31/100
|
|upkeep
|turn|10
|
|t:|1769306753
|move|p2a: Iron Valiant|Moonblast|p1a: Moltres
|-resisted|p1a: Moltres
|-damage|p1a: Moltres|0 fnt
|faint|p1a: Moltres
|
|-fieldend|move: Grassy Terrain
|upkeep
|
|t:|1769306759
|switch|p1a: Revavroom|Revavroom, M|70/100
|turn|11
|
|t:|1769306763
|-end|p2a: Iron Valiant|Quark Drive|[silent]
|switch|p2a: Great Tusk|Great Tusk, shiny|100/100
|move|p1a: Revavroom|Shift Gear|p1a: Revavroom
|-boost|p1a: Revavroom|spe|2
|-boost|p1a: Revavroom|atk|1
|
|upkeep
|turn|12
|
|t:|1769306770
|switch|p1a: Alomomola|Alomomola, M|100/100
|move|p2a: Great Tusk|Headlong Rush|p1a: Alomomola
|-damage|p1a: Alomomola|69/100
|-unboost|p2a: Great Tusk|def|1
|-unboost|p2a: Great Tusk|spd|1
|
|upkeep
|turn|13
|
|t:|1769306779
|-end|p2a: Great Tusk|Protosynthesis|[silent]
|switch|p2a: Iron Valiant|Iron Valiant, shiny|100/100
|move|p1a: Alomomola|Flip Turn|p2a: Iron Valiant
|-damage|p2a: Iron Valiant|77/100
|
|t:|1769306787
|switch|p1a: Revavroom|Revavroom, M|70/100|[from] Flip Turn
|
|upkeep
|turn|14
|
|t:|1769306792
|-end|p2a: Iron Valiant|Quark Drive|[silent]
|switch|p2a: Great Tusk|Great Tusk, shiny|100/100
|move|p1a: Revavroom|Gunk Shot|p2a: Great Tusk
|-resisted|p2a: Great Tusk
|-damage|p2a: Great Tusk|75/100
|-status|p2a: Great Tusk|psn
|
|-damage|p2a: Great Tusk|63/100 psn|[from] psn
|upkeep
|turn|15
|
|t:|1769306805
|-end|p2a: Great Tusk|Protosynthesis|[silent]
|switch|p2a: Iron Crown|Iron Crown|90/100
|switch|p1a: Alomomola|Alomomola, M|100/100
|
|upkeep
|turn|16
|
|t:|1769306814
|switch|p1a: Ting-Lu|Ting-Lu|100/100
|-ability|p1a: Ting-Lu|Vessel of Ruin
|move|p2a: Iron Crown|Volt Switch|p1a: Ting-Lu
|-immune|p1a: Ting-Lu
|
|upkeep
|turn|17
|
|t:|1769306820
|-end|p2a: Iron Crown|Quark Drive|[silent]
|switch|p2a: Iron Valiant|Iron Valiant, shiny|77/100
|move|p1a: Ting-Lu|Stealth Rock|p2a: Iron Valiant
|-sidestart|p2: banana leclerc 016|move: Stealth Rock
|
|upkeep
|turn|18
|
|t:|1769306827
|move|p2a: Iron Valiant|Moonblast|p1a: Ting-Lu
|-supereffective|p1a: Ting-Lu
|-damage|p1a: Ting-Lu|45/100
|move|p1a: Ting-Lu|Earthquake|p2a: Iron Valiant
|-damage|p2a: Iron Valiant|33/100
|
|-heal|p1a: Ting-Lu|51/100|[from] item: Leftovers
|upkeep
|turn|19
|
|t:|1769306841
|-end|p2a: Iron Valiant|Quark Drive|[silent]
|switch|p2a: Great Tusk|Great Tusk, shiny|63/100 psn
|-terastallize|p1a: Ting-Lu|Water
|move|p1a: Ting-Lu|Earthquake|p2a: Great Tusk
|-damage|p2a: Great Tusk|34/100 psn
|
|-heal|p1a: Ting-Lu|57/100|[from] item: Leftovers
|-damage|p2a: Great Tusk|22/100 psn|[from] psn
|upkeep
|turn|20
|
|t:|1769306847
|switch|p1a: Alomomola|Alomomola, M|100/100
|move|p2a: Great Tusk|Rapid Spin|p1a: Alomomola
|-damage|p1a: Alomomola|91/100
|-boost|p2a: Great Tusk|spe|1
|-sideend|p2: banana leclerc 016|Stealth Rock|[from] move: Rapid Spin|[of] p2a: Great Tusk
|
|-damage|p2a: Great Tusk|10/100 psn|[from] psn
|upkeep
|turn|21
|
|t:|1769306856
|move|p2a: Great Tusk|Stealth Rock|p1a: Alomomola
|-sidestart|p1: elknightoscuro|move: Stealth Rock
|move|p1a: Alomomola|Flip Turn|p2a: Great Tusk
|-supereffective|p2a: Great Tusk
|-damage|p2a: Great Tusk|0 fnt
|faint|p2a: Great Tusk
|-end|p2a: Great Tusk|Protosynthesis|[silent]
|
|t:|1769306873
|switch|p1a: Ting-Lu|Ting-Lu, tera:Water|57/100|[from] Flip Turn
|-damage|p1a: Ting-Lu|44/100|[from] Stealth Rock
|-ability|p1a: Ting-Lu|Vessel of Ruin
|
|-heal|p1a: Ting-Lu|51/100|[from] item: Leftovers
|upkeep
|inactive|banana leclerc 016 has 120 seconds left.
|
|t:|1769306904
|switch|p2a: Samurott|Samurott-Hisui, M, shiny|100/100
|turn|22
|
|t:|1769306910
|move|p2a: Samurott|Ceaseless Edge|p1a: Ting-Lu
|-damage|p1a: Ting-Lu|20/100
|-sidestart|p1: elknightoscuro|Spikes
|move|p1a: Ting-Lu|Stealth Rock|p2a: Samurott
|-sidestart|p2: banana leclerc 016|move: Stealth Rock
|
|-heal|p1a: Ting-Lu|26/100|[from] item: Leftovers
|upkeep
|turn|23
|
|t:|1769306919
|switch|p1a: Alomomola|Alomomola, M|100/100
|move|p2a: Samurott|Ceaseless Edge|p1a: Alomomola
|-damage|p1a: Alomomola|67/100
|-sidestart|p1: elknightoscuro|Spikes
|
|upkeep
|turn|24
|
|t:|1769306924
|move|p2a: Samurott|Knock Off|p1a: Alomomola
|-damage|p1a: Alomomola|35/100
|-enditem|p1a: Alomomola|Heavy-Duty Boots|[from] move: Knock Off|[of] p2a: Samurott
|move|p1a: Alomomola|Wish|p1a: Alomomola
|
|upkeep
|turn|25
|
|t:|1769306931
|move|p2a: Samurott|Ceaseless Edge|p1a: Alomomola
|-damage|p1a: Alomomola|4/100
|-sidestart|p1: elknightoscuro|Spikes
|move|p1a: Alomomola|Flip Turn|p2a: Samurott
|-resisted|p2a: Samurott
|-damage|p2a: Samurott|90/100
|
|t:|1769306940
|switch|p1a: Rillaboom|Rillaboom, M|90/100|[from] Flip Turn
|-damage|p1a: Rillaboom|78/100|[from] Stealth Rock
|-damage|p1a: Rillaboom|53/100|[from] Spikes
|-fieldstart|move: Grassy Terrain|[from] ability: Grassy Surge|[of] p1a: Rillaboom
|
|-heal|p1a: Rillaboom|100/100|[from] move: Wish|[wisher] Alomomola
|-heal|p2a: Samurott|96/100|[from] Grassy Terrain
|upkeep
|turn|26
|
|t:|1769306946
|switch|p2a: Pecharunt|Pecharunt|67/100
|-damage|p2a: Pecharunt|55/100|[from] Stealth Rock
|move|p1a: Rillaboom|Swords Dance|p1a: Rillaboom
|-boost|p1a: Rillaboom|atk|2
|
|-heal|p2a: Pecharunt|61/100|[from] Grassy Terrain
|upkeep
|turn|27
|
|t:|1769306953
|move|p1a: Rillaboom|Knock Off|p2a: Pecharunt
|-supereffective|p2a: Pecharunt
|-damage|p2a: Pecharunt|15/100
|move|p2a: Pecharunt|Malignant Chain|p1a: Rillaboom
|-supereffective|p1a: Rillaboom
|-damage|p1a: Rillaboom|24/100
|-status|p1a: Rillaboom|tox
|-start|p1a: Rillaboom|confusion|[from] ability: Poison Puppeteer|[of] p2a: Pecharunt
|
|-heal|p1a: Rillaboom|30/100 tox|[from] Grassy Terrain
|-heal|p2a: Pecharunt|21/100|[from] Grassy Terrain
|-damage|p1a: Rillaboom|24/100 tox|[from] psn
|upkeep
|turn|28
|
|t:|1769306962
|-activate|p1a: Rillaboom|confusion
|-damage|p1a: Rillaboom|0 fnt|[from] confusion
|faint|p1a: Rillaboom
|move|p2a: Pecharunt|Recover|p2a: Pecharunt
|-heal|p2a: Pecharunt|71/100
|
|-heal|p2a: Pecharunt|77/100|[from] Grassy Terrain
|upkeep
|
|t:|1769306971
|switch|p1a: Revavroom|Revavroom, M|70/100
|-damage|p1a: Revavroom|64/100|[from] Stealth Rock
|-damage|p1a: Revavroom|39/100|[from] Spikes
|turn|29
|
|t:|1769306976
|move|p1a: Revavroom|Shift Gear|p1a: Revavroom
|-boost|p1a: Revavroom|spe|2
|-boost|p1a: Revavroom|atk|1
|move|p2a: Pecharunt|Parting Shot|p1a: Revavroom
|-unboost|p1a: Revavroom|atk|1
|-unboost|p1a: Revavroom|spa|1
|
|t:|1769306983
|switch|p2a: Samurott|Samurott-Hisui, M, shiny|96/100|[from] Parting Shot
|-damage|p2a: Samurott|84/100|[from] Stealth Rock
|
|-heal|p1a: Revavroom|45/100|[from] Grassy Terrain
|-heal|p2a: Samurott|90/100|[from] Grassy Terrain
|-fieldend|move: Grassy Terrain
|upkeep
|turn|30
|
|t:|1769306987
|move|p1a: Revavroom|Gunk Shot|p2a: Samurott
|-damage|p2a: Samurott|8/100
|move|p2a: Samurott|Knock Off|p1a: Revavroom
|-damage|p1a: Revavroom|0 fnt
|faint|p1a: Revavroom
|
|upkeep
|
|t:|1769306992
|switch|p1a: Iron Valiant|Iron Valiant|100/100
|-damage|p1a: Iron Valiant|94/100|[from] Stealth Rock
|-damage|p1a: Iron Valiant|69/100|[from] Spikes
|-enditem|p1a: Iron Valiant|Booster Energy
|-activate|p1a: Iron Valiant|ability: Quark Drive|[fromitem]
|-start|p1a: Iron Valiant|quarkdrivespe
|turn|31
|
|t:|1769307005
|move|p2a: Samurott|Sucker Punch|p1a: Iron Valiant
|-resisted|p1a: Iron Valiant
|-crit|p1a: Iron Valiant
|-damage|p1a: Iron Valiant|50/100
|move|p1a: Iron Valiant|Moonblast|p2a: Samurott
|-supereffective|p2a: Samurott
|-damage|p2a: Samurott|0 fnt
|faint|p2a: Samurott
|
|upkeep
|
|t:|1769307009
|switch|p2a: Iron Crown|Iron Crown|90/100
|-damage|p2a: Iron Crown|84/100|[from] Stealth Rock
|turn|32
|
|t:|1769307012
|move|p1a: Iron Valiant|Shadow Ball|p2a: Iron Crown
|-supereffective|p2a: Iron Crown
|-damage|p2a: Iron Crown|47/100
|move|p2a: Iron Crown|Psychic Noise|p1a: Iron Valiant
|-supereffective|p1a: Iron Valiant
|-damage|p1a: Iron Valiant|0 fnt
|faint|p1a: Iron Valiant
|-end|p1a: Iron Valiant|Quark Drive|[silent]
|
|upkeep
|-message|elknightoscuro forfeited.
|
|win|banana leclerc 016
|raw|elknightoscuro's rating: 1420 &rarr; <strong>1401</strong><br />(-19 for losing)
|raw|banana leclerc 016's rating: 1442 &rarr; <strong>1461</strong><br />(+19 for winning)
|l|☆elknightoscuro
|player|p1|
|l|☆banana leclerc 016
|player|p2|
