|j|☆caosheA
|j|☆ghighas
|t:|1769319615
|gametype|singles
|player|p1|caosheA|n|1359
|player|p2|ghighas|ghetsis|1379
|gen|9
|tier|[Gen 9] OU
|rated|
|rule|HP Percentage Mod: HP is shown in percentages
|rule|Endless Battle Clause: Forcing endless battles is banned
|rule|Species Clause: Limit one of each Pokémon
|rule|OHKO Clause: OHKO moves are banned
|rule|Evasion Items Clause: Evasion items are banned
|rule|Evasion Moves Clause: Evasion moves are banned
|rule|Evasion Abilities Clause: Evasion abilities are banned
|rule|Sleep Moves Clause: Sleep-inducing moves are banned
|clearpoke
|poke|p1|Pelipper, F|
|poke|p1|Tornadus-Therian, M|
|poke|p1|Iron Treads|
|poke|p1|Dragapult, F|
|poke|p1|Keldeo-Resolute|
|poke|p1|Raging Bolt|
|poke|p2|Barraskewda, M|
|poke|p2|Pelipper, M|
|poke|p2|Dondozo, M|
|poke|p2|Ogerpon-Wellspring, F|
|poke|p2|Goodra-Hisui, M|
|poke|p2|Great Tusk|
|teampreview
|inactive|Battle timer is ON: inactive players will automatically lose when time's up. (requested by caosheA)
|c|☆caosheA|同行啊
|
|t:|1769319632
|teamsize|p1|6
|teamsize|p2|6
|start
|switch|p1a: 紫尾|Tornadus-Therian, M|100/100
|switch|p2a: Goodra|Goodra-Hisui, M|100/100
|turn|1
|
|t:|1769319638
|switch|p1a: 泥头车|Iron Treads|100/100
|move|p2a: Goodra|Flash Cannon|p1a: 泥头车
|-resisted|p1a: 泥头车
|-damage|p1a: 泥头车|88/100
|
|-heal|p1a: 泥头车|94/100|[from] item: Leftovers
|upkeep
|turn|2
|
|t:|1769319644
|switch|p2a: Great Tusk|Great Tusk|100/100
|move|p1a: 泥头车|Knock Off|p2a: Great Tusk
|-resisted|p2a: Great Tusk
|-damage|p2a: Great Tusk|95/100
|-enditem|p2a: Great Tusk|Heavy-Duty Boots|[from] move: Knock Off|[of] p1a: 泥头车
|
|-heal|p1a: 泥头车|99/100|[from] item: Leftovers
|upkeep
|turn|3
|inactive|ghighas has 120 seconds left.
|
|t:|1769319696
|-end|p1a: 泥头车|Quark Drive|[silent]
|switch|p1a: 紫尾|Tornadus-Therian, M|100/100
|move|p2a: Great Tusk|Stealth Rock|p1a: 紫尾
|-sidestart|p1: caosheA|move: Stealth Rock
|
|upkeep
|turn|4
|
|t:|1769319701
|-end|p2a: Great Tusk|Protosynthesis|[silent]
|switch|p2a: Pelipper|Pelipper, M|100/100
|-weather|RainDance|[from] ability: Drizzle|[of] p2a: Pelipper
|move|p1a: 紫尾|Hurricane|p2a: Pelipper
|-damage|p2a: Pelipper|36/100
|
|-weather|RainDance|[upkeep]
|upkeep
|turn|5
|
|t:|1769319709
|move|p1a: 紫尾|Hurricane|p2a: Pelipper
|-damage|p2a: Pelipper|0 fnt
|faint|p2a: Pelipper
|
|-weather|RainDance|[upkeep]
|upkeep
|inactive|ghighas has 120 seconds left.
|
|t:|1769319730
|switch|p2a: Barraskewda|Barraskewda, M, shiny|100/100
|turn|6
|
|t:|1769319747
|switch|p1a: 梦之泪伤|Raging Bolt|100/100
|-damage|p1a: 梦之泪伤|88/100|[from] Stealth Rock
|-enditem|p1a: 梦之泪伤|Booster Energy
|-activate|p1a: 梦之泪伤|ability: Protosynthesis|[fromitem]
|-start|p1a: 梦之泪伤|protosynthesisspa
|-terastallize|p2a: Barraskewda|Water
|move|p2a: Barraskewda|Liquidation|p1a: 梦之泪伤
|-resisted|p1a: 梦之泪伤
|-damage|p1a: 梦之泪伤|26/100
|
|-weather|RainDance|[upkeep]
|upkeep
|turn|7
|inactive|ghighas has 120 seconds left.
|inactive|ghighas has 90 seconds left.
|inactive|ghighas has 60 seconds left.
|
|t:|1769319816
|move|p1a: 梦之泪伤|Thunderclap|p2a: Barraskewda
|-supereffective|p2a: Barraskewda
|-damage|p2a: Barraskewda|0 fnt
|faint|p2a: Barraskewda
|
|-weather|RainDance|[upkeep]
|upkeep
|
|t:|1769319819
|switch|p2a: Great Tusk|Great Tusk|95/100
|turn|8
|
|t:|1769319826
|-end|p1a: 梦之泪伤|Protosynthesis|[silent]
|switch|p1a: 紫尾|Tornadus-Therian, M|100/100
|-damage|p1a: 紫尾|76/100|[from] Stealth Rock
|move|p2a: Great Tusk|Knock Off|p1a: 紫尾
|-damage|p1a: 紫尾|35/100
|-enditem|p1a: 紫尾|Choice Scarf|[from] move: Knock Off|[of] p2a: Great Tusk
|
|-weather|RainDance|[upkeep]
|upkeep
|turn|9
|inactive|ghighas has 60 seconds left.
|
|t:|1769319852
|-end|p2a: Great Tusk|Protosynthesis|[silent]
|switch|p2a: Goodra|Goodra-Hisui, M|100/100
|move|p1a: 紫尾|U-turn|p2a: Goodra
|-resisted|p2a: Goodra
|-damage|p2a: Goodra|94/100
|
|t:|1769319858
|switch|p1a: 泥头车|Iron Treads|99/100|[from] U-turn
|-damage|p1a: 泥头车|97/100|[from] Stealth Rock
|
|-weather|RainDance|[upkeep]
|-heal|p1a: 泥头车|100/100|[from] item: Leftovers
|upkeep
|turn|10
|
|t:|1769319864
|switch|p2a: Dondozo|Dondozo, M|100/100
|move|p1a: 泥头车|Rapid Spin|p2a: Dondozo
|-damage|p2a: Dondozo|95/100
|-boost|p1a: 泥头车|spe|1
|-sideend|p1: caosheA|Stealth Rock|[from] move: Rapid Spin|[of] p1a: 泥头车
|
|-weather|RainDance|[upkeep]
|-heal|p2a: Dondozo|100/100|[from] item: Leftovers
|upkeep
|turn|11
|
|t:|1769319872
|move|p1a: 泥头车|Knock Off|p2a: Dondozo
|-damage|p2a: Dondozo|89/100
|-enditem|p2a: Dondozo|Leftovers|[from] move: Knock Off|[of] p1a: 泥头车
|move|p2a: Dondozo|Wave Crash|p1a: 泥头车
|-supereffective|p1a: 泥头车
|-damage|p1a: 泥头车|0 fnt
|faint|p1a: 泥头车
|-end|p1a: 泥头车|Quark Drive|[silent]
|-damage|p2a: Dondozo|64/100|[from] Recoil
|
|-weather|none
|upkeep
|
|t:|1769319880
|switch|p1a: 梦之泪伤|Raging Bolt|26/100
|turn|12
|inactive|ghighas has 90 seconds left.
|
|t:|1769319889
|-end|p1a: 梦之泪伤|Protosynthesis|[silent]
|switch|p1a: 盖鸥卡|Pelipper, F|100/100
|-weather|RainDance|[from] ability: Drizzle|[of] p1a: 盖鸥卡
|switch|p2a: Great Tusk|Great Tusk|95/100
|
|-weather|RainDance|[upkeep]
|upkeep
|turn|13
|
|t:|1769319898
|-end|p2a: Great Tusk|Protosynthesis|[silent]
|switch|p2a: Goodra|Goodra-Hisui, M|94/100
|move|p1a: 盖鸥卡|Hurricane|p2a: Goodra
|-resisted|p2a: Goodra
|-damage|p2a: Goodra|84/100
|
|-weather|RainDance|[upkeep]
|upkeep
|turn|14
|inactive|ghighas has 90 seconds left.
|
|t:|1769319933
|move|p1a: 盖鸥卡|U-turn|p2a: Goodra
|-resisted|p2a: Goodra
|-damage|p2a: Goodra|80/100
|
|t:|1769319942
|switch|p1a: 赛马娘|Keldeo-Resolute|100/100|[from] U-turn
|move|p2a: Goodra|Dragon Tail|p1a: 赛马娘
|-damage|p1a: 赛马娘|76/100
|drag|p1a: 骑拉帝纳|Dragapult, F|100/100
|
|-weather|RainDance|[upkeep]
|upkeep
|turn|15
|
|t:|1769319954
|move|p1a: 骑拉帝纳|Dragon Darts|p2a: Goodra
|-damage|p2a: Goodra|44/100
|-anim|p1a: 骑拉帝纳|Dragon Darts|p2a: Goodra
|-crit|p2a: Goodra
|-damage|p2a: Goodra|0 fnt
|faint|p2a: Goodra
|
|-weather|RainDance|[upkeep]
|upkeep
|
|t:|1769319958
|switch|p2a: Dondozo|Dondozo, M|64/100
|turn|16
|
|t:|1769319964
|-terastallize|p1a: 骑拉帝纳|Dragon
|move|p1a: 骑拉帝纳|Dragon Darts|p2a: Dondozo
|-damage|p2a: Dondozo|39/100
|-anim|p1a: 骑拉帝纳|Dragon Darts|p2a: Dondozo
|-damage|p2a: Dondozo|12/100
|move|p2a: Dondozo|Body Press|p1a: 骑拉帝纳
|-damage|p1a: 骑拉帝纳|65/100
|
|-weather|RainDance|[upkeep]
|upkeep
|turn|17
|-message|ghighas forfeited.
|
|win|caosheA
|raw|caosheA's rating: 1359 &rarr; <strong>1379</strong><br />(+20 for winning)
|raw|ghighas's rating: 1358 &rarr; <strong>1338</strong><br />(-20 for losing)
|l|☆ghighas
|player|p2|
|l|☆caosheA
|player|p1|
