|j|☆thelightweaver
|j|☆oficial matute
|t:|1769381538
|gametype|singles
|player|p1|thelightweaver|skier|1123
|player|p2|oficial matute|policeman|1121
|gen|9
|tier|[Gen 9] OU
|rated|
|rule|HP Percentage Mod: HP is shown in percentages
|rule|Endless Battle Clause: Forcing endless battles is banned
|rule|Species Clause: Limit one of each Pokémon
|rule|OHKO Clause: OHKO moves are banned
|rule|Evasion Items Clause: Evasion items are banned
|rule|Evasion Moves Clause: Evasion moves are banned
|rule|Evasion Abilities Clause: Evasion abilities are banned
|rule|Sleep Moves Clause: Sleep-inducing moves are banned
|clearpoke
|poke|p1|Garganacl, F|
|poke|p1|Ogerpon-Wellspring, F|
|poke|p1|Great Tusk|
|poke|p1|Iron Valiant|
|poke|p1|Moltres|
|poke|p1|Kingambit, M|
|poke|p2|Noivern, F|
|poke|p2|Tropius, M|
|poke|p2|Landorus-Therian, M|
|poke|p2|Garchomp, F|
|poke|p2|Hydrapple, M|
|poke|p2|Torterra, M|
|teampreview
|
|t:|1769381546
|teamsize|p1|6
|teamsize|p2|6
|start
|switch|p1a: Garganacl|Garganacl, F|100/100
|switch|p2a: 👁👅👁|Noivern, F|100/100
|-item|p1a: Garganacl|Leftovers|[from] ability: Frisk|[of] p2a: 👁👅👁
|turn|1
|inactive|Battle timer is ON: inactive players will automatically lose when time's up. (requested by oficial matute)
|
|t:|1769381553
|move|p2a: 👁👅👁|Switcheroo|p1a: Garganacl
|-activate|p2a: 👁👅👁|move: Trick|[of] p1a: Garganacl
|-item|p1a: Garganacl|Choice Scarf|[from] move: Switcheroo
|-item|p2a: 👁👅👁|Leftovers|[from] move: Switcheroo
|move|p1a: Garganacl|Salt Cure|p2a: 👁👅👁
|-supereffective|p2a: 👁👅👁
|-damage|p2a: 👁👅👁|63/100
|-start|p2a: 👁👅👁|Salt Cure
|
|-heal|p2a: 👁👅👁|69/100|[from] item: Leftovers
|-damage|p2a: 👁👅👁|57/100|[from] Salt Cure
|upkeep
|turn|2
|
|t:|1769381563
|switch|p2a: 👁🐽👁|Tropius, M, shiny|100/100
|move|p1a: Garganacl|Salt Cure|p2a: 👁🐽👁
|-supereffective|p2a: 👁🐽👁
|-crit|p2a: 👁🐽👁
|-damage|p2a: 👁🐽👁|60/100
|-start|p2a: 👁🐽👁|Salt Cure
|
|-damage|p2a: 👁🐽👁|48/100|[from] Salt Cure
|upkeep
|-enditem|p2a: 👁🐽👁|Sitrus Berry|[eat]
|-heal|p2a: 👁🐽👁|73/100|[from] item: Sitrus Berry
|turn|3
|
|t:|1769381575
|-terastallize|p2a: 👁🐽👁|Ghost
|move|p1a: Garganacl|Salt Cure|p2a: 👁🐽👁
|-damage|p2a: 👁🐽👁|58/100
|move|p2a: 👁🐽👁|Leech Seed|p1a: Garganacl|[miss]
|-miss|p2a: 👁🐽👁|p1a: Garganacl
|
|-damage|p2a: 👁🐽👁|46/100|[from] Salt Cure
|upkeep
|turn|4
|
|t:|1769381587
|switch|p2a: 👁👄👁|Hydrapple, M|100/100
|move|p1a: Garganacl|Salt Cure|p2a: 👁👄👁
|-damage|p2a: 👁👄👁|90/100
|-start|p2a: 👁👄👁|Salt Cure
|
|-damage|p2a: 👁👄👁|78/100|[from] Salt Cure
|upkeep
|turn|5
|
|t:|1769381596
|switch|p1a: Moltres|Moltres|100/100
|switch|p2a: 👁🐽👁|Tropius, M, shiny, tera:Ghost|46/100
|
|upkeep
|turn|6
|
|t:|1769381606
|move|p2a: 👁🐽👁|Protect|p2a: 👁🐽👁
|-singleturn|p2a: 👁🐽👁|Protect
|move|p1a: Moltres|Flamethrower|p2a: 👁🐽👁
|-activate|p2a: 👁🐽👁|move: Protect
|
|upkeep
|turn|7
|
|t:|1769381612
|move|p1a: Moltres|Flamethrower|p2a: 👁🐽👁
|-damage|p2a: 👁🐽👁|22/100
|move|p2a: 👁🐽👁|Leech Seed|p1a: Moltres
|-start|p1a: Moltres|move: Leech Seed
|
|-damage|p1a: Moltres|88/100|[from] Leech Seed|[of] p2a: 👁🐽👁
|-heal|p2a: 👁🐽👁|34/100|[silent]
|-item|p2a: 👁🐽👁|Sitrus Berry|[from] ability: Harvest
|upkeep
|-enditem|p2a: 👁🐽👁|Sitrus Berry|[eat]
|-heal|p2a: 👁🐽👁|58/100|[from] item: Sitrus Berry
|turn|8
|
|t:|1769381624
|switch|p1a: Ogerpon|Ogerpon-Wellspring, F|100/100
|move|p2a: 👁🐽👁|Substitute|p2a: 👁🐽👁
|-start|p2a: 👁🐽👁|Substitute
|-damage|p2a: 👁🐽👁|34/100
|
|-item|p2a: 👁🐽👁|Sitrus Berry|[from] ability: Harvest
|upkeep
|-enditem|p2a: 👁🐽👁|Sitrus Berry|[eat]
|-heal|p2a: 👁🐽👁|58/100|[from] item: Sitrus Berry
|turn|9
|
|t:|1769381634
|move|p2a: 👁🐽👁|Protect|p2a: 👁🐽👁
|-singleturn|p2a: 👁🐽👁|Protect
|move|p1a: Ogerpon|Ivy Cudgel|p2a: 👁🐽👁|[anim] Ivy Cudgel Water
|-activate|p2a: 👁🐽👁|move: Protect
|
|upkeep
|turn|10
|
|t:|1769381641
|move|p1a: Ogerpon|Ivy Cudgel|p2a: 👁🐽👁|[anim] Ivy Cudgel Water
|-end|p2a: 👁🐽👁|Substitute
|move|p2a: 👁🐽👁|Curse|p1a: Ogerpon
|-start|p1a: Ogerpon|Curse|[of] p2a: 👁🐽👁
|-damage|p2a: 👁🐽👁|8/100
|
|-damage|p1a: Ogerpon|76/100|[from] Curse
|-item|p2a: 👁🐽👁|Sitrus Berry|[from] ability: Harvest
|upkeep
|-enditem|p2a: 👁🐽👁|Sitrus Berry|[eat]
|-heal|p2a: 👁🐽👁|33/100|[from] item: Sitrus Berry
|turn|11
|
|t:|1769381654
|move|p2a: 👁🐽👁|Protect|p2a: 👁🐽👁
|-singleturn|p2a: 👁🐽👁|Protect
|move|p1a: Ogerpon|Ivy Cudgel|p2a: 👁🐽👁|[anim] Ivy Cudgel Water
|-activate|p2a: 👁🐽👁|move: Protect
|
|-damage|p1a: Ogerpon|51/100|[from] Curse
|-item|p2a: 👁🐽👁|Sitrus Berry|[from] ability: Harvest
|upkeep
|-enditem|p2a: 👁🐽👁|Sitrus Berry|[eat]
|-heal|p2a: 👁🐽👁|58/100|[from] item: Sitrus Berry
|turn|12
|
|t:|1769381668
|switch|p2a: 👁👅👁|Noivern, F|57/100
|-item|p1a: Ogerpon|Wellspring Mask|[from] ability: Frisk|[of] p2a: 👁👅👁
|move|p1a: Ogerpon|Ivy Cudgel|p2a: 👁👅👁|[anim] Ivy Cudgel Water
|-resisted|p2a: 👁👅👁
|-crit|p2a: 👁👅👁
|-damage|p2a: 👁👅👁|0 fnt
|faint|p2a: 👁👅👁
|
|-damage|p1a: Ogerpon|26/100|[from] Curse
|upkeep
|
|t:|1769381681
|switch|p2a: 👁👄👁|Hydrapple, M|100/100
|turn|13
|
|t:|1769381687
|switch|p1a: Moltres|Moltres|88/100
|move|p2a: 👁👄👁|Dragon Breath|p1a: Moltres
|-damage|p1a: Moltres|55/100
|-status|p1a: Moltres|par
|
|upkeep
|turn|14
|
|t:|1769381694
|move|p2a: 👁👄👁|Hydro Pump|p1a: Moltres
|-supereffective|p1a: Moltres
|-damage|p1a: Moltres|0 fnt
|faint|p1a: Moltres
|
|upkeep
|-message|thelightweaver forfeited.
|
|win|oficial matute
|raw|thelightweaver's rating: 1123 &rarr; <strong>1098</strong><br />(-25 for losing)
|raw|oficial matute's rating: 1121 &rarr; <strong>1146</strong><br />(+25 for winning)
|l|☆thelightweaver
|player|p1|
|l|☆oficial matute
|player|p2|
