|j|☆GottaGoFastBoiii
|j|☆buy my book azul
|t:|1769311608
|gametype|singles
|player|p1|GottaGoFastBoiii|266|1426
|player|p2|buy my book azul|diantha-masters|1415
|gen|9
|tier|[Gen 9] OU
|rated|
|rule|HP Percentage Mod: HP is shown in percentages
|rule|Endless Battle Clause: Forcing endless battles is banned
|rule|Species Clause: Limit one of each Pokémon
|rule|OHKO Clause: OHKO moves are banned
|rule|Evasion Items Clause: Evasion items are banned
|rule|Evasion Moves Clause: Evasion moves are banned
|rule|Evasion Abilities Clause: Evasion abilities are banned
|rule|Sleep Moves Clause: Sleep-inducing moves are banned
|clearpoke
|poke|p1|Glastrier|
|poke|p1|Iron Hands|
|poke|p1|Enamorus-Therian, F|
|poke|p1|Golurk|
|poke|p1|Dondozo, F|
|poke|p1|Slowbro-Galar, M|
|poke|p2|Garchomp, F|
|poke|p2|Iron Treads|
|poke|p2|Enamorus, F|
|poke|p2|Samurott-Hisui, M|
|poke|p2|Dragapult, F|
|poke|p2|Zapdos|
|teampreview
|inactive|Battle timer is ON: inactive players will automatically lose when time's up. (requested by GottaGoFastBoiii)
|
|t:|1769311637
|teamsize|p1|6
|teamsize|p2|6
|start
|switch|p1a: Enamorus|Enamorus-Therian, F|100/100
|switch|p2a: OG|Zapdos|100/100
|turn|1
|
|t:|1769311643
|switch|p1a: Golurk|Golurk|100/100
|move|p2a: OG|Thunder Wave|p1a: Golurk
|-immune|p1a: Golurk
|
|upkeep
|turn|2
|
|t:|1769311655
|switch|p2a: Knives Out|Samurott-Hisui, M|100/100
|move|p1a: Golurk|Stone Edge|p2a: Knives Out
|-crit|p2a: Knives Out
|-damage|p2a: Knives Out|30/100
|
|upkeep
|turn|3
|-activate|p1a: Golurk|item: Quick Claw
|
|t:|1769311661
|move|p1a: Golurk|Dynamic Punch|p2a: Knives Out
|-supereffective|p2a: Knives Out
|-damage|p2a: Knives Out|0 fnt
|faint|p2a: Knives Out
|
|upkeep
|
|t:|1769311666
|switch|p2a: Papa|Dragapult, F|100/100
|turn|4
|-activate|p1a: Golurk|item: Quick Claw
|
|t:|1769311669
|move|p1a: Golurk|Poltergeist|p2a: Papa
|-activate|p2a: Papa|move: Poltergeist|Heavy-Duty Boots
|-supereffective|p2a: Papa
|-damage|p2a: Papa|0 fnt
|faint|p2a: Papa
|
|upkeep
|
|t:|1769311680
|switch|p2a: Lebron|Garchomp, F|100/100
|turn|5
|-activate|p1a: Golurk|item: Quick Claw
|
|t:|1769311683
|move|p1a: Golurk|Dynamic Punch|p2a: Lebron
|-damage|p2a: Lebron|64/100
|-start|p2a: Lebron|confusion
|-damage|p1a: Golurk|88/100|[from] ability: Rough Skin|[of] p2a: Lebron
|-activate|p2a: Lebron|confusion
|move|p2a: Lebron|Outrage|p1a: Golurk
|-damage|p1a: Golurk|0 fnt
|faint|p1a: Golurk
|
|upkeep
|
|t:|1769311686
|switch|p1a: Enamorus|Enamorus-Therian, F|100/100
|turn|6
|-activate|p1a: Enamorus|item: Quick Claw
|
|t:|1769311692
|move|p1a: Enamorus|Moonblast|p2a: Lebron
|-supereffective|p2a: Lebron
|-damage|p2a: Lebron|0 fnt
|faint|p2a: Lebron
|
|upkeep
|c|☆buy my book azul|what's quick claw's thing? Like how likely is it to get off?
|inactive|buy my book azul has 120 seconds left.
|
|t:|1769311723
|switch|p2a: OG|Zapdos|100/100
|turn|7
|c|☆buy my book azul|cause this is crazy
|-activate|p1a: Enamorus|item: Quick Claw
|
|t:|1769311734
|move|p1a: Enamorus|Moonblast|p2a: OG
|-damage|p2a: OG|45/100
|move|p2a: OG|Volt Switch|p1a: Enamorus
|-supereffective|p1a: Enamorus
|-crit|p1a: Enamorus
|-damage|p1a: Enamorus|16/100
|
|t:|1769311741
|switch|p2a: The Queen|Enamorus, F|100/100|[from] Volt Switch
|
|upkeep
|turn|8
|
|t:|1769311745
|move|p2a: The Queen|Moonblast|p1a: Enamorus
|-crit|p1a: Enamorus
|-damage|p1a: Enamorus|0 fnt
|faint|p1a: Enamorus
|
|upkeep
|
|t:|1769311748
|switch|p1a: Glastrier|Glastrier|100/100
|turn|9
|-activate|p1a: Glastrier|item: Quick Claw
|
|t:|1769311751
|switch|p2a: Bouncer|Iron Treads|100/100
|move|p1a: Glastrier|Icicle Crash|p2a: Bouncer
|-damage|p2a: Bouncer|48/100
|
|-heal|p2a: Bouncer|54/100|[from] item: Leftovers
|upkeep
|turn|10
|-activate|p1a: Glastrier|item: Quick Claw
|
|t:|1769311757
|-terastallize|p1a: Glastrier|Ground
|move|p1a: Glastrier|High Horsepower|p2a: Bouncer
|-supereffective|p2a: Bouncer
|-damage|p2a: Bouncer|0 fnt
|faint|p2a: Bouncer
|-end|p2a: Bouncer|Quark Drive|[silent]
|-ability|p1a: Glastrier|Chilling Neigh|boost
|-boost|p1a: Glastrier|atk|1
|
|upkeep
|
|t:|1769311761
|switch|p2a: OG|Zapdos|45/100
|turn|11
|-activate|p1a: Glastrier|item: Quick Claw
|
|t:|1769311763
|move|p1a: Glastrier|Icicle Crash|p2a: OG
|-supereffective|p2a: OG
|-damage|p2a: OG|0 fnt
|faint|p2a: OG
|-ability|p1a: Glastrier|Chilling Neigh|boost
|-boost|p1a: Glastrier|atk|1
|
|upkeep
|c|☆buy my book azul|20%
|c|☆buy my book azul|ok that's wild
|
|t:|1769311789
|switch|p2a: The Queen|Enamorus, F|100/100
|turn|12
|
|t:|1769311795
|move|p2a: The Queen|Moonblast|p1a: Glastrier
|-damage|p1a: Glastrier|63/100
|move|p1a: Glastrier|Heavy Slam|p2a: The Queen
|-supereffective|p2a: The Queen
|-damage|p2a: The Queen|0 fnt
|faint|p2a: The Queen
|
|win|GottaGoFastBoiii
|raw|GottaGoFastBoiii's rating: 1426 &rarr; <strong>1445</strong><br />(+19 for winning)
|raw|buy my book azul's rating: 1415 &rarr; <strong>1396</strong><br />(-19 for losing)
|l|☆buy my book azul
|player|p2|
|l|☆GottaGoFastBoiii
|player|p1|
