|j|☆Eddy_Khil
|j|☆AFish14
|t:|1769375750
|gametype|singles
|player|p1|Eddy_Khil|caitlin-masters|1481
|player|p2|AFish14|169|1493
|gen|9
|tier|[Gen 9] OU
|rated|
|rule|HP Percentage Mod: HP is shown in percentages
|rule|Endless Battle Clause: Forcing endless battles is banned
|rule|Species Clause: Limit one of each Pokémon
|rule|OHKO Clause: OHKO moves are banned
|rule|Evasion Items Clause: Evasion items are banned
|rule|Evasion Moves Clause: Evasion moves are banned
|rule|Evasion Abilities Clause: Evasion abilities are banned
|rule|Sleep Moves Clause: Sleep-inducing moves are banned
|clearpoke
|poke|p1|Alomomola, F|
|poke|p1|Slowking-Galar, F|
|poke|p1|Cinderace, F|
|poke|p1|Kyurem|
|poke|p1|Kingambit, M|
|poke|p1|Enamorus, F|
|poke|p2|Porygon2|
|poke|p2|Dragonite, F|
|poke|p2|Arcanine, M|
|poke|p2|Gengar, F|
|poke|p2|Iron Valiant|
|poke|p2|Metagross|
|teampreview
|inactive|Battle timer is ON: inactive players will automatically lose when time's up. (requested by AFish14)
|
|t:|1769375784
|teamsize|p1|6
|teamsize|p2|6
|start
|switch|p1a: Messi|Cinderace, F|100/100
|switch|p2a: Gengar|Gengar, F|100/100
|turn|1
|
|t:|1769375790
|move|p2a: Gengar|Sludge Wave|p1a: Messi
|-damage|p1a: Messi|21/100
|move|p1a: Messi|Pyro Ball|p2a: Gengar
|-damage|p2a: Gengar|0 fnt
|faint|p2a: Gengar
|
|upkeep
|
|t:|1769375794
|switch|p2a: Dragonite|Dragonite, F|100/100
|turn|2
|
|t:|1769375802
|switch|p1a: Goober Koiheimmer|Alomomola, F|100/100
|move|p2a: Dragonite|Extreme Speed|p1a: Goober Koiheimmer
|-damage|p1a: Goober Koiheimmer|83/100
|-damage|p2a: Dragonite|84/100|[from] item: Rocky Helmet|[of] p1a: Goober Koiheimmer
|
|upkeep
|turn|3
|
|t:|1769375814
|switch|p2a: Porygon2|Porygon2, shiny|100/100
|-ability|p2a: Porygon2|Download|boost
|-boost|p2a: Porygon2|spa|1
|move|p1a: Goober Koiheimmer|Flip Turn|p2a: Porygon2
|-damage|p2a: Porygon2|88/100
|
|t:|1769375825
|switch|p1a: Big Brain Boi|Slowking-Galar, F|100/100|[from] Flip Turn
|
|upkeep
|turn|4
|
|t:|1769375828
|move|p2a: Porygon2|Shadow Ball|p1a: Big Brain Boi
|-supereffective|p1a: Big Brain Boi
|-damage|p1a: Big Brain Boi|52/100
|move|p1a: Big Brain Boi|Psychic Noise|p2a: Porygon2
|-damage|p2a: Porygon2|71/100
|-start|p2a: Porygon2|move: Heal Block
|
|-heal|p1a: Big Brain Boi|58/100|[from] item: Leftovers
|upkeep
|turn|5
|
|t:|1769375839
|move|p2a: Porygon2|Shadow Ball|p1a: Big Brain Boi
|-supereffective|p1a: Big Brain Boi
|-damage|p1a: Big Brain Boi|15/100
|-prepare|p1a: Big Brain Boi|Chilly Reception|[premajor]
|move|p1a: Big Brain Boi|Chilly Reception|p1a: Big Brain Boi
|-weather|Snowscape
|
|t:|1769375844
|switch|p1a: Ice Man|Kyurem|100/100|[from] Chilly Reception
|-ability|p1a: Ice Man|Pressure
|
|-weather|Snowscape|[upkeep]
|-end|p2a: Porygon2|move: Heal Block
|upkeep
|turn|6
|
|t:|1769375853
|move|p1a: Ice Man|Blizzard|p2a: Porygon2
|-damage|p2a: Porygon2|30/100
|move|p2a: Porygon2|Recover|p2a: Porygon2
|-heal|p2a: Porygon2|80/100
|
|-weather|Snowscape|[upkeep]
|upkeep
|turn|7
|
|t:|1769375883
|switch|p1a: Kim|Enamorus, F|100/100
|move|p2a: Porygon2|Recover|p2a: Porygon2
|-heal|p2a: Porygon2|100/100
|
|-weather|Snowscape|[upkeep]
|upkeep
|turn|8
|
|t:|1769375889
|move|p1a: Kim|Superpower|p2a: Porygon2
|-supereffective|p2a: Porygon2
|-damage|p2a: Porygon2|57/100
|-boost|p1a: Kim|atk|1
|-boost|p1a: Kim|def|1
|move|p2a: Porygon2|Ice Beam|p1a: Kim
|-supereffective|p1a: Kim
|-damage|p1a: Kim|0 fnt
|faint|p1a: Kim
|
|-weather|Snowscape|[upkeep]
|upkeep
|
|t:|1769375901
|switch|p1a: Big Brain Boi|Slowking-Galar, F|48/100
|turn|9
|
|t:|1769375905
|move|p2a: Porygon2|Shadow Ball|p1a: Big Brain Boi
|-supereffective|p1a: Big Brain Boi
|-damage|p1a: Big Brain Boi|0 fnt
|faint|p1a: Big Brain Boi
|
|-weather|none
|upkeep
|
|t:|1769375911
|switch|p1a: Messi|Cinderace, F|21/100
|turn|10
|
|t:|1769375916
|move|p1a: Messi|Pyro Ball|p2a: Porygon2
|-damage|p2a: Porygon2|3/100
|move|p2a: Porygon2|Recover|p2a: Porygon2
|-heal|p2a: Porygon2|53/100
|
|upkeep
|turn|11
|
|t:|1769375920
|switch|p2a: Arcanine|Arcanine, M|100/100
|-ability|p2a: Arcanine|Intimidate|boost
|-unboost|p1a: Messi|atk|1
|move|p1a: Messi|Pyro Ball|p2a: Arcanine
|-resisted|p2a: Arcanine
|-damage|p2a: Arcanine|65/100
|
|upkeep
|turn|12
|
|t:|1769375926
|switch|p1a: Goober Koiheimmer|Alomomola, F|100/100
|move|p2a: Arcanine|Wild Charge|p1a: Goober Koiheimmer
|-supereffective|p1a: Goober Koiheimmer
|-damage|p1a: Goober Koiheimmer|57/100
|-damage|p2a: Arcanine|48/100|[from] item: Rocky Helmet|[of] p1a: Goober Koiheimmer
|-damage|p2a: Arcanine|30/100|[from] Recoil
|
|upkeep
|turn|13
|
|t:|1769375931
|switch|p2a: Porygon2|Porygon2, shiny|53/100
|-ability|p2a: Porygon2|Download|boost
|-boost|p2a: Porygon2|spa|1
|move|p1a: Goober Koiheimmer|Flip Turn|p2a: Porygon2
|-damage|p2a: Porygon2|42/100
|
|t:|1769375945
|switch|p1a: Kingambit|Kingambit, M|100/100|[from] Flip Turn
|-activate|p1a: Kingambit|ability: Supreme Overlord
|-start|p1a: Kingambit|fallen2|[silent]
|
|upkeep
|turn|14
|
|t:|1769375951
|move|p2a: Porygon2|Recover|p2a: Porygon2
|-heal|p2a: Porygon2|92/100
|move|p1a: Kingambit|Iron Head|p2a: Porygon2
|-damage|p2a: Porygon2|57/100
|
|upkeep
|turn|15
|
|t:|1769375962
|move|p2a: Porygon2|Discharge|p1a: Kingambit
|-damage|p1a: Kingambit|62/100
|move|p1a: Kingambit|Swords Dance|p1a: Kingambit
|-boost|p1a: Kingambit|atk|2
|
|-heal|p1a: Kingambit|69/100|[from] item: Leftovers
|upkeep
|turn|16
|
|t:|1769375967
|move|p2a: Porygon2|Discharge|p1a: Kingambit
|-damage|p1a: Kingambit|31/100
|-status|p1a: Kingambit|par
|move|p1a: Kingambit|Iron Head|p2a: Porygon2
|-damage|p2a: Porygon2|0 fnt
|faint|p2a: Porygon2
|
|-heal|p1a: Kingambit|37/100 par|[from] item: Leftovers
|upkeep
|
|t:|1769375972
|switch|p2a: Iron Valiant|Iron Valiant|100/100
|-enditem|p2a: Iron Valiant|Booster Energy
|-activate|p2a: Iron Valiant|ability: Quark Drive|[fromitem]
|-start|p2a: Iron Valiant|quarkdrivespe
|turn|17
|
|t:|1769375978
|move|p2a: Iron Valiant|Aura Sphere|p1a: Kingambit
|-supereffective|p1a: Kingambit
|-damage|p1a: Kingambit|0 fnt
|faint|p1a: Kingambit
|-end|p1a: Kingambit|fallen2|[silent]
|
|upkeep
|
|t:|1769375986
|switch|p1a: Goober Koiheimmer|Alomomola, F|90/100
|turn|18
|
|t:|1769375991
|move|p2a: Iron Valiant|Calm Mind|p2a: Iron Valiant
|-boost|p2a: Iron Valiant|spa|1
|-boost|p2a: Iron Valiant|spd|1
|move|p1a: Goober Koiheimmer|Body Slam|p2a: Iron Valiant
|-damage|p2a: Iron Valiant|82/100
|
|upkeep
|turn|19
|
|t:|1769375998
|move|p2a: Iron Valiant|Moonblast|p1a: Goober Koiheimmer
|-damage|p1a: Goober Koiheimmer|0 fnt
|faint|p1a: Goober Koiheimmer
|
|upkeep
|
|t:|1769376001
|switch|p1a: Ice Man|Kyurem|100/100
|-ability|p1a: Ice Man|Pressure
|turn|20
|
|t:|1769376009
|-terastallize|p1a: Ice Man|Ground
|move|p2a: Iron Valiant|Moonblast|p1a: Ice Man
|-damage|p1a: Ice Man|28/100
|-unboost|p1a: Ice Man|spa|1
|move|p1a: Ice Man|Ice Beam|p2a: Iron Valiant
|-damage|p2a: Iron Valiant|42/100
|
|upkeep
|turn|21
|
|t:|1769376015
|move|p2a: Iron Valiant|Moonblast|p1a: Ice Man
|-damage|p1a: Ice Man|0 fnt
|faint|p1a: Ice Man
|
|upkeep
|
|t:|1769376017
|switch|p1a: Messi|Cinderace, F|21/100
|turn|22
|
|t:|1769376019
|move|p2a: Iron Valiant|Aura Sphere|p1a: Messi
|-damage|p1a: Messi|0 fnt
|faint|p1a: Messi
|
|win|AFish14
|raw|Eddy_Khil's rating: 1481 &rarr; <strong>1462</strong><br />(-19 for losing)
|raw|AFish14's rating: 1493 &rarr; <strong>1512</strong><br />(+19 for winning)
|l|☆AFish14
|player|p2|
|l|☆Eddy_Khil
|player|p1|
