|j|☆pepper f
|j|☆Reynaldochan
|t:|1769404809
|gametype|singles
|player|p1|pepper f|blackbelt|1119
|player|p2|Reynaldochan|266|1212
|gen|9
|tier|[Gen 9] OU
|rated|
|rule|HP Percentage Mod: HP is shown in percentages
|rule|Endless Battle Clause: Forcing endless battles is banned
|rule|Species Clause: Limit one of each Pokémon
|rule|OHKO Clause: OHKO moves are banned
|rule|Evasion Items Clause: Evasion items are banned
|rule|Evasion Moves Clause: Evasion moves are banned
|rule|Evasion Abilities Clause: Evasion abilities are banned
|rule|Sleep Moves Clause: Sleep-inducing moves are banned
|clearpoke
|poke|p1|Primeape, M|
|poke|p1|Conkeldurr, M|
|poke|p1|Ninetales-Alola, F|
|poke|p1|Meowscarada, F|
|poke|p1|Corviknight, M|
|poke|p1|Gastrodon-East, M|
|poke|p2|Darkrai|
|poke|p2|Kingambit, M|
|poke|p2|Ogerpon-Wellspring, F|
|poke|p2|Raging Bolt|
|poke|p2|Gliscor, M|
|poke|p2|Corviknight, M|
|teampreview
|inactive|Battle timer is ON: inactive players will automatically lose when time's up. (requested by pepper f)
|
|t:|1769404826
|teamsize|p1|6
|teamsize|p2|6
|start
|switch|p1a: Ninetales|Ninetales-Alola, F|100/100
|switch|p2a: Kingambit|Kingambit, M, shiny|100/100
|-weather|Snowscape|[from] ability: Snow Warning|[of] p1a: Ninetales
|turn|1
|
|t:|1769404835
|move|p1a: Ninetales|Aurora Veil|p1a: Ninetales
|-sidestart|p1: pepper f|move: Aurora Veil
|move|p2a: Kingambit|Swords Dance|p2a: Kingambit
|-boost|p2a: Kingambit|atk|2
|
|-weather|Snowscape|[upkeep]
|upkeep
|turn|2
|
|t:|1769404841
|switch|p1a: Conkeldurr|Conkeldurr, M|100/100
|move|p2a: Kingambit|Swords Dance|p2a: Kingambit
|-boost|p2a: Kingambit|atk|2
|
|-weather|Snowscape|[upkeep]
|-status|p1a: Conkeldurr|brn|[from] item: Flame Orb
|upkeep
|turn|3
|
|t:|1769404860
|-end|p2a: Kingambit|fallenundefined|[silent]
|switch|p2a: Gliscor|Gliscor, M, shiny|100/100
|move|p1a: Conkeldurr|Drain Punch|p2a: Gliscor
|-resisted|p2a: Gliscor
|-damage|p2a: Gliscor|75/100
|
|-weather|Snowscape|[upkeep]
|-damage|p1a: Conkeldurr|94/100 brn|[from] brn
|-status|p2a: Gliscor|tox|[from] item: Toxic Orb
|upkeep
|turn|4
|
|t:|1769404872
|move|p2a: Gliscor|Protect|p2a: Gliscor
|-singleturn|p2a: Gliscor|Protect
|move|p1a: Conkeldurr|Ice Punch|p2a: Gliscor
|-activate|p2a: Gliscor|move: Protect
|
|-weather|Snowscape|[upkeep]
|-heal|p2a: Gliscor|87/100 tox|[from] ability: Poison Heal
|-damage|p1a: Conkeldurr|88/100 brn|[from] brn
|upkeep
|turn|5
|
|t:|1769404889
|move|p2a: Gliscor|U-turn|p1a: Conkeldurr
|-resisted|p1a: Conkeldurr
|-damage|p1a: Conkeldurr|85/100 brn
|
|t:|1769404895
|switch|p2a: Raging Bolt|Raging Bolt|100/100|[from] U-turn
|move|p1a: Conkeldurr|Ice Punch|p2a: Raging Bolt
|-supereffective|p2a: Raging Bolt
|-damage|p2a: Raging Bolt|10/100
|
|-weather|none
|-damage|p1a: Conkeldurr|79/100 brn|[from] brn
|upkeep
|turn|6
|
|t:|1769404913
|move|p1a: Conkeldurr|Mach Punch|p2a: Raging Bolt
|-damage|p2a: Raging Bolt|0 fnt
|faint|p2a: Raging Bolt
|-end|p2a: Raging Bolt|Protosynthesis|[silent]
|
|-damage|p1a: Conkeldurr|73/100 brn|[from] brn
|upkeep
|
|t:|1769404923
|switch|p2a: Darkrai|Darkrai, shiny|100/100
|turn|7
|
|t:|1769404927
|switch|p2a: Gliscor|Gliscor, M, shiny|87/100 tox
|move|p1a: Conkeldurr|Drain Punch|p2a: Gliscor
|-resisted|p2a: Gliscor
|-damage|p2a: Gliscor|61/100 tox
|-heal|p1a: Conkeldurr|85/100 brn|[from] drain|[of] p2a: Gliscor
|
|-heal|p2a: Gliscor|73/100 tox|[from] ability: Poison Heal
|-damage|p1a: Conkeldurr|79/100 brn|[from] brn
|upkeep
|turn|8
|
|t:|1769404943
|-terastallize|p2a: Gliscor|Water
|move|p2a: Gliscor|Stealth Rock|p1a: Conkeldurr
|-sidestart|p1: pepper f|move: Stealth Rock
|move|p1a: Conkeldurr|Ice Punch|p2a: Gliscor
|-resisted|p2a: Gliscor
|-damage|p2a: Gliscor|56/100 tox
|
|-heal|p2a: Gliscor|68/100 tox|[from] ability: Poison Heal
|-damage|p1a: Conkeldurr|72/100 brn|[from] brn
|-sideend|p1: pepper f|move: Aurora Veil
|upkeep
|turn|9
|
|t:|1769404955
|move|p2a: Gliscor|Knock Off|p1a: Conkeldurr
|-resisted|p1a: Conkeldurr
|-damage|p1a: Conkeldurr|63/100 brn
|-enditem|p1a: Conkeldurr|Flame Orb|[from] move: Knock Off|[of] p2a: Gliscor
|move|p1a: Conkeldurr|Drain Punch|p2a: Gliscor
|-damage|p2a: Gliscor|12/100 tox
|-heal|p1a: Conkeldurr|87/100 brn|[from] drain|[of] p2a: Gliscor
|
|-heal|p2a: Gliscor|25/100 tox|[from] ability: Poison Heal
|-damage|p1a: Conkeldurr|81/100 brn|[from] brn
|upkeep
|turn|10
|
|t:|1769404971
|move|p2a: Gliscor|Protect|p2a: Gliscor
|-singleturn|p2a: Gliscor|Protect
|move|p1a: Conkeldurr|Mach Punch|p2a: Gliscor
|-activate|p2a: Gliscor|move: Protect
|
|-heal|p2a: Gliscor|37/100 tox|[from] ability: Poison Heal
|-damage|p1a: Conkeldurr|75/100 brn|[from] brn
|upkeep
|turn|11
|inactive|Reynaldochan has 120 seconds left.
|
|t:|1769404986
|switch|p2a: Ogerpon|Ogerpon-Wellspring, F|100/100
|move|p1a: Conkeldurr|Drain Punch|p2a: Ogerpon
|-damage|p2a: Ogerpon|11/100
|-heal|p1a: Conkeldurr|100/100 brn|[from] drain|[of] p2a: Ogerpon
|
|-damage|p1a: Conkeldurr|94/100 brn|[from] brn
|upkeep
|turn|12
|inactive|Reynaldochan has 120 seconds left.
|
|t:|1769405001
|move|p1a: Conkeldurr|Mach Punch|p2a: Ogerpon
|-damage|p2a: Ogerpon|0 fnt
|faint|p2a: Ogerpon
|
|-damage|p1a: Conkeldurr|88/100 brn|[from] brn
|upkeep
|inactive|Reynaldochan has 120 seconds left.
|
|t:|1769405008
|switch|p2a: Corviknight|Corviknight, M, shiny|100/100
|-ability|p2a: Corviknight|Pressure
|turn|13
|
|t:|1769405015
|switch|p1a: Primeape|Primeape, M|100/100
|-damage|p1a: Primeape|95/100|[from] Stealth Rock
|move|p2a: Corviknight|Iron Defense|p2a: Corviknight
|-boost|p2a: Corviknight|def|2
|
|upkeep
|turn|14
|
|t:|1769405022
|move|p1a: Primeape|Bulk Up|p1a: Primeape
|-boost|p1a: Primeape|atk|1
|-boost|p1a: Primeape|def|1
|move|p2a: Corviknight|Iron Defense|p2a: Corviknight
|-boost|p2a: Corviknight|def|2
|
|upkeep
|turn|15
|
|t:|1769405030
|-terastallize|p1a: Primeape|Ghost
|move|p1a: Primeape|Bulk Up|p1a: Primeape
|-boost|p1a: Primeape|atk|1
|-boost|p1a: Primeape|def|1
|move|p2a: Corviknight|Body Press|p1a: Primeape
|-immune|p1a: Primeape
|
|upkeep
|turn|16
|
|t:|1769405043
|switch|p2a: Kingambit|Kingambit, M, shiny|100/100
|-activate|p2a: Kingambit|ability: Supreme Overlord
|-start|p2a: Kingambit|fallen2|[silent]
|move|p1a: Primeape|Drain Punch|p2a: Kingambit
|-supereffective|p2a: Kingambit
|-damage|p2a: Kingambit|0 fnt
|-heal|p1a: Primeape|100/100|[from] drain|[of] p2a: Kingambit
|faint|p2a: Kingambit
|-end|p2a: Kingambit|fallen2|[silent]
|
|upkeep
|
|t:|1769405054
|switch|p2a: Darkrai|Darkrai, shiny|100/100
|turn|17
|
|t:|1769405061
|switch|p1a: Conkeldurr|Conkeldurr, M|88/100 brn
|-damage|p1a: Conkeldurr|82/100 brn|[from] Stealth Rock
|move|p2a: Darkrai|Dark Pulse|p1a: Conkeldurr
|-resisted|p1a: Conkeldurr
|-damage|p1a: Conkeldurr|42/100 brn
|
|-damage|p1a: Conkeldurr|36/100 brn|[from] brn
|upkeep
|turn|18
|
|t:|1769405071
|move|p1a: Conkeldurr|Mach Punch|p2a: Darkrai
|-supereffective|p2a: Darkrai
|-damage|p2a: Darkrai|0 fnt
|faint|p2a: Darkrai
|
|-damage|p1a: Conkeldurr|30/100 brn|[from] brn
|upkeep
|-message|Reynaldochan forfeited.
|
|win|pepper f
|raw|pepper f's rating: 1119 &rarr; <strong>1151</strong><br />(+32 for winning)
|raw|Reynaldochan's rating: 1212 &rarr; <strong>1180</strong><br />(-32 for losing)
|l|☆Reynaldochan
|player|p2|
|l|☆pepper f
|player|p1|
