|j|☆AteefIsThug
|j|☆i am norby noob
|t:|1769322737
|gametype|singles
|player|p1|AteefIsThug|ingo|1139
|player|p2|i am norby noob|shauntal|1111
|gen|9
|tier|[Gen 9] OU
|rated|
|rule|HP Percentage Mod: HP is shown in percentages
|rule|Endless Battle Clause: Forcing endless battles is banned
|rule|Species Clause: Limit one of each Pokémon
|rule|OHKO Clause: OHKO moves are banned
|rule|Evasion Items Clause: Evasion items are banned
|rule|Evasion Moves Clause: Evasion moves are banned
|rule|Evasion Abilities Clause: Evasion abilities are banned
|rule|Sleep Moves Clause: Sleep-inducing moves are banned
|clearpoke
|poke|p1|Cloyster, F|
|poke|p1|Garganacl, M|
|poke|p1|Dondozo, M|
|poke|p1|Dragonite, M|
|poke|p1|Pecharunt|
|poke|p1|Iron Moth|
|poke|p2|Dudunsparce-*, F|
|poke|p2|Azumarill, F|
|poke|p2|Garganacl, M|
|poke|p2|Skarmory, F|
|poke|p2|Mew|
|poke|p2|Kingambit, M|
|teampreview
|inactive|Battle timer is ON: inactive players will automatically lose when time's up. (requested by AteefIsThug)
|
|t:|1769322742
|teamsize|p1|6
|teamsize|p2|6
|start
|switch|p1a: Garganacl|Garganacl, M|100/100
|switch|p2a: Mew|Mew|100/100
|turn|1
|
|t:|1769322757
|move|p2a: Mew|Fire Spin|p1a: Garganacl
|-resisted|p1a: Garganacl
|-damage|p1a: Garganacl|98/100
|-activate|p1a: Garganacl|move: Fire Spin|[of] p2a: Mew
|move|p1a: Garganacl|Salt Cure|p2a: Mew
|-damage|p2a: Mew|88/100
|-start|p2a: Mew|Salt Cure
|
|-heal|p1a: Garganacl|100/100|[from] item: Leftovers
|-damage|p2a: Mew|76/100|[from] Salt Cure
|-damage|p1a: Garganacl|88/100|[from] move: Fire Spin|[partiallytrapped]
|upkeep
|turn|2
|
|t:|1769322768
|move|p2a: Mew|Spikes|p1a: Garganacl
|-sidestart|p1: AteefIsThug|Spikes
|move|p1a: Garganacl|Stealth Rock|p2a: Mew
|-sidestart|p2: i am norby noob|move: Stealth Rock
|
|-heal|p1a: Garganacl|94/100|[from] item: Leftovers
|-damage|p2a: Mew|64/100|[from] Salt Cure
|-damage|p1a: Garganacl|82/100|[from] move: Fire Spin|[partiallytrapped]
|upkeep
|turn|3
|
|t:|1769322776
|move|p2a: Mew|Encore|p1a: Garganacl
|-start|p1a: Garganacl|Encore
|move|p1a: Garganacl|Stealth Rock||[still]
|-fail|p1a: Garganacl
|
|-heal|p1a: Garganacl|88/100|[from] item: Leftovers
|-damage|p2a: Mew|51/100|[from] Salt Cure
|-damage|p1a: Garganacl|76/100|[from] move: Fire Spin|[partiallytrapped]
|upkeep
|turn|4
|
|t:|1769322786
|switch|p2a: Azumarill|Azumarill, F|100/100
|-damage|p2a: Azumarill|88/100|[from] Stealth Rock
|move|p1a: Garganacl|Stealth Rock||[still]
|-fail|p1a: Garganacl
|
|-heal|p1a: Garganacl|82/100|[from] item: Leftovers
|-end|p1a: Garganacl|Fire Spin|[partiallytrapped]|[silent]
|upkeep
|turn|5
|
|t:|1769322794
|move|p2a: Azumarill|Belly Drum|p2a: Azumarill
|-damage|p2a: Azumarill|38/100
|-setboost|p2a: Azumarill|atk|6|[from] move: Belly Drum
|-enditem|p2a: Azumarill|Sitrus Berry|[eat]
|-heal|p2a: Azumarill|63/100|[from] item: Sitrus Berry
|move|p1a: Garganacl|Stealth Rock||[still]
|-fail|p1a: Garganacl
|
|-heal|p1a: Garganacl|88/100|[from] item: Leftovers
|-end|p1a: Garganacl|Encore
|upkeep
|turn|6
|
|t:|1769322805
|move|p2a: Azumarill|Aqua Jet|p1a: Garganacl
|-supereffective|p1a: Garganacl
|-damage|p1a: Garganacl|0 fnt
|faint|p1a: Garganacl
|
|upkeep
|
|t:|1769322810
|switch|p1a: Pecharunt|Pecharunt|100/100
|-damage|p1a: Pecharunt|88/100|[from] Spikes
|turn|7
|
|t:|1769322814
|move|p1a: Pecharunt|Malignant Chain|p2a: Azumarill
|-supereffective|p2a: Azumarill
|-damage|p2a: Azumarill|0 fnt
|faint|p2a: Azumarill
|
|upkeep
|
|t:|1769322820
|switch|p2a: Mew|Mew|51/100
|-damage|p2a: Mew|39/100|[from] Stealth Rock
|turn|8
|
|t:|1769322827
|move|p2a: Mew|Encore|p1a: Pecharunt
|-start|p1a: Pecharunt|Encore
|move|p1a: Pecharunt|Malignant Chain|p2a: Mew
|-damage|p2a: Mew|1/100
|-status|p2a: Mew|tox
|-activate|p2a: Mew|ability: Synchronize
|-immune|p1a: Pecharunt
|-start|p2a: Mew|confusion|[from] ability: Poison Puppeteer|[of] p1a: Pecharunt
|
|-damage|p2a: Mew|0 fnt|[from] psn
|faint|p2a: Mew
|upkeep
|
|t:|1769322839
|switch|p2a: Skarmory|Skarmory, F|100/100
|-damage|p2a: Skarmory|88/100|[from] Stealth Rock
|turn|9
|
|t:|1769322850
|switch|p1a: Iron Moth|Iron Moth, shiny|100/100
|-damage|p1a: Iron Moth|88/100|[from] Spikes
|-enditem|p1a: Iron Moth|Booster Energy
|-activate|p1a: Iron Moth|ability: Quark Drive|[fromitem]
|-start|p1a: Iron Moth|quarkdrivespa
|move|p2a: Skarmory|Swords Dance|p2a: Skarmory
|-boost|p2a: Skarmory|atk|2
|
|upkeep
|turn|10
|
|t:|1769322861
|-terastallize|p2a: Skarmory|Rock
|move|p1a: Iron Moth|Fiery Dance|p2a: Skarmory
|-resisted|p2a: Skarmory
|-damage|p2a: Skarmory|51/100
|move|p2a: Skarmory|Swords Dance|p2a: Skarmory
|-boost|p2a: Skarmory|atk|2
|
|upkeep
|turn|11
|
|t:|1769322870
|move|p1a: Iron Moth|Psychic|p2a: Skarmory
|-damage|p2a: Skarmory|2/100
|-enditem|p2a: Skarmory|Salac Berry|[eat]
|-boost|p2a: Skarmory|spe|1|[from] item: Salac Berry
|move|p2a: Skarmory|Roost|p2a: Skarmory
|-heal|p2a: Skarmory|52/100
|
|upkeep
|turn|12
|
|t:|1769322882
|move|p1a: Iron Moth|Psychic|p2a: Skarmory
|-damage|p2a: Skarmory|1/100
|move|p2a: Skarmory|Steel Wing|p1a: Iron Moth|[miss]
|-miss|p2a: Skarmory|p1a: Iron Moth
|
|upkeep
|turn|13
|
|t:|1769322892
|move|p1a: Iron Moth|Psychic|p2a: Skarmory
|-damage|p2a: Skarmory|0 fnt
|faint|p2a: Skarmory
|
|upkeep
|
|t:|1769322896
|switch|p2a: Garganacl|Garganacl, M|100/100
|-damage|p2a: Garganacl|88/100|[from] Stealth Rock
|turn|14
|
|t:|1769322902
|move|p1a: Iron Moth|Fiery Dance|p2a: Garganacl
|-resisted|p2a: Garganacl
|-damage|p2a: Garganacl|69/100
|-boost|p1a: Iron Moth|spa|1
|move|p2a: Garganacl|Substitute|p2a: Garganacl
|-start|p2a: Garganacl|Substitute
|-damage|p2a: Garganacl|44/100
|
|upkeep
|turn|15
|
|t:|1769322910
|move|p1a: Iron Moth|Psychic|p2a: Garganacl
|-end|p2a: Garganacl|Substitute
|move|p2a: Garganacl|Salt Cure|p1a: Iron Moth
|-supereffective|p1a: Iron Moth
|-damage|p1a: Iron Moth|32/100
|-start|p1a: Iron Moth|Salt Cure
|
|-damage|p1a: Iron Moth|19/100|[from] Salt Cure
|upkeep
|turn|16
|
|t:|1769322918
|move|p1a: Iron Moth|Psychic|p2a: Garganacl
|-damage|p2a: Garganacl|3/100
|-unboost|p2a: Garganacl|spd|1
|move|p2a: Garganacl|Recover|p2a: Garganacl
|-heal|p2a: Garganacl|53/100
|
|-damage|p1a: Iron Moth|7/100|[from] Salt Cure
|upkeep
|turn|17
|
|t:|1769322929
|move|p1a: Iron Moth|Sludge Wave|p2a: Garganacl
|-resisted|p2a: Garganacl
|-damage|p2a: Garganacl|1/100
|move|p2a: Garganacl|Recover|p2a: Garganacl
|-heal|p2a: Garganacl|51/100
|
|-damage|p1a: Iron Moth|0 fnt|[from] Salt Cure
|faint|p1a: Iron Moth
|-end|p1a: Iron Moth|Quark Drive|[silent]
|upkeep
|
|t:|1769322937
|switch|p1a: Pecharunt|Pecharunt|88/100
|-damage|p1a: Pecharunt|76/100|[from] Spikes
|turn|18
|
|t:|1769322944
|move|p1a: Pecharunt|Shadow Ball|p2a: Garganacl
|-crit|p2a: Garganacl
|-damage|p2a: Garganacl|25/100
|move|p2a: Garganacl|Recover|p2a: Garganacl
|-heal|p2a: Garganacl|75/100
|
|upkeep
|turn|19
|
|t:|1769322951
|move|p1a: Pecharunt|Malignant Chain|p2a: Garganacl
|-resisted|p2a: Garganacl
|-damage|p2a: Garganacl|54/100
|move|p2a: Garganacl|Substitute|p2a: Garganacl
|-start|p2a: Garganacl|Substitute
|-damage|p2a: Garganacl|29/100
|
|upkeep
|turn|20
|
|t:|1769322958
|move|p1a: Pecharunt|Shadow Ball|p2a: Garganacl
|-activate|p2a: Garganacl|move: Substitute|[damage]
|move|p2a: Garganacl|Recover|p2a: Garganacl
|-heal|p2a: Garganacl|79/100
|
|upkeep
|turn|21
|
|t:|1769322965
|move|p1a: Pecharunt|Shadow Ball|p2a: Garganacl
|-end|p2a: Garganacl|Substitute
|move|p2a: Garganacl|Salt Cure|p1a: Pecharunt
|-damage|p1a: Pecharunt|66/100
|-start|p1a: Pecharunt|Salt Cure
|
|-damage|p1a: Pecharunt|54/100|[from] Salt Cure
|upkeep
|turn|22
|
|t:|1769322978
|switch|p1a: Cloyster|Cloyster, F|100/100
|-damage|p1a: Cloyster|88/100|[from] Spikes
|move|p2a: Garganacl|Substitute|p2a: Garganacl
|-start|p2a: Garganacl|Substitute
|-damage|p2a: Garganacl|54/100
|
|upkeep
|turn|23
|
|t:|1769322984
|move|p1a: Cloyster|Shell Smash|p1a: Cloyster
|-unboost|p1a: Cloyster|def|1
|-unboost|p1a: Cloyster|spd|1
|-boost|p1a: Cloyster|atk|2
|-boost|p1a: Cloyster|spa|2
|-boost|p1a: Cloyster|spe|2
|-enditem|p1a: Cloyster|White Herb
|-clearnegativeboost|p1a: Cloyster|[silent]
|move|p2a: Garganacl|Salt Cure|p1a: Cloyster
|-supereffective|p1a: Cloyster
|-damage|p1a: Cloyster|56/100
|-start|p1a: Cloyster|Salt Cure
|
|-damage|p1a: Cloyster|31/100|[from] Salt Cure
|upkeep
|turn|24
|
|t:|1769323001
|move|p1a: Cloyster|Rock Blast|p2a: Garganacl
|-activate|p2a: Garganacl|move: Substitute|[damage]
|-end|p2a: Garganacl|Substitute
|-damage|p2a: Garganacl|41/100
|-damage|p2a: Garganacl|29/100
|-damage|p2a: Garganacl|18/100
|-hitcount|p2a: Garganacl|5
|move|p2a: Garganacl|Substitute|p2a: Garganacl
|-fail|p2a: Garganacl|move: Substitute|[weak]
|
|-damage|p1a: Cloyster|6/100|[from] Salt Cure
|upkeep
|turn|25
|
|t:|1769323014
|move|p1a: Cloyster|Rock Blast|p2a: Garganacl
|-damage|p2a: Garganacl|7/100
|-damage|p2a: Garganacl|0 fnt
|faint|p2a: Garganacl
|-hitcount|p2: Garganacl|2
|
|-damage|p1a: Cloyster|0 fnt|[from] Salt Cure
|faint|p1a: Cloyster
|upkeep
|
|t:|1769323022
|switch|p1a: Pecharunt|Pecharunt|54/100
|switch|p2a: Dudunsparce|Dudunsparce-Three-Segment, F|100/100
|-damage|p1a: Pecharunt|42/100|[from] Spikes
|-damage|p2a: Dudunsparce|88/100|[from] Stealth Rock
|turn|26
|
|t:|1769323029
|move|p1a: Pecharunt|Malignant Chain|p2a: Dudunsparce
|-damage|p2a: Dudunsparce|45/100
|-status|p2a: Dudunsparce|tox
|-start|p2a: Dudunsparce|confusion|[from] ability: Poison Puppeteer|[of] p1a: Pecharunt
|-activate|p2a: Dudunsparce|confusion
|-damage|p2a: Dudunsparce|37/100 tox|[from] confusion
|
|-damage|p2a: Dudunsparce|31/100 tox|[from] psn
|upkeep
|turn|27
|
|t:|1769323039
|move|p1a: Pecharunt|Protect|p1a: Pecharunt
|-singleturn|p1a: Pecharunt|Protect
|-end|p2a: Dudunsparce|confusion
|move|p2a: Dudunsparce|Rest|p2a: Dudunsparce
|-status|p2a: Dudunsparce|slp|[from] move: Rest
|-heal|p2a: Dudunsparce|100/100 slp|[silent]
|
|upkeep
|turn|28
|
|t:|1769323046
|move|p1a: Pecharunt|Recover|p1a: Pecharunt
|-heal|p1a: Pecharunt|92/100
|cant|p2a: Dudunsparce|slp
|move|p2a: Dudunsparce|Sleep Talk|p2a: Dudunsparce
|move|p2a: Dudunsparce|Ancient Power|p1a: Pecharunt|[from] move: Sleep Talk
|-damage|p1a: Pecharunt|80/100
|-boost|p2a: Dudunsparce|atk|1
|-boost|p2a: Dudunsparce|def|1
|-boost|p2a: Dudunsparce|spa|1
|-boost|p2a: Dudunsparce|spd|1
|-boost|p2a: Dudunsparce|spe|1
|
|upkeep
|turn|29
|
|t:|1769323056
|cant|p2a: Dudunsparce|slp
|move|p2a: Dudunsparce|Sleep Talk|p2a: Dudunsparce
|move|p2a: Dudunsparce|Rest||[from] move: Sleep Talk|[still]
|-fail|p2a: Dudunsparce
|move|p1a: Pecharunt|Malignant Chain|p2a: Dudunsparce
|-damage|p2a: Dudunsparce|72/100 slp
|
|upkeep
|turn|30
|
|t:|1769323064
|-curestatus|p2a: Dudunsparce|slp|[msg]
|move|p2a: Dudunsparce|Ancient Power|p1a: Pecharunt
|-damage|p1a: Pecharunt|62/100
|move|p1a: Pecharunt|Malignant Chain|p2a: Dudunsparce
|-damage|p2a: Dudunsparce|46/100
|-status|p2a: Dudunsparce|tox
|-start|p2a: Dudunsparce|confusion|[from] ability: Poison Puppeteer|[of] p1a: Pecharunt
|
|-damage|p2a: Dudunsparce|40/100 tox|[from] psn
|upkeep
|turn|31
|
|t:|1769323075
|-activate|p2a: Dudunsparce|confusion
|move|p2a: Dudunsparce|Rest|p2a: Dudunsparce
|-status|p2a: Dudunsparce|slp|[from] move: Rest
|-heal|p2a: Dudunsparce|100/100 slp|[silent]
|move|p1a: Pecharunt|Malignant Chain|p2a: Dudunsparce
|-damage|p2a: Dudunsparce|74/100 slp
|
|upkeep
|turn|32
|
|t:|1769323083
|cant|p2a: Dudunsparce|slp
|-activate|p2a: Dudunsparce|confusion
|-damage|p2a: Dudunsparce|66/100 slp|[from] confusion
|move|p1a: Pecharunt|Malignant Chain|p2a: Dudunsparce
|-damage|p2a: Dudunsparce|37/100 slp
|
|upkeep
|turn|33
|
|t:|1769323093
|switch|p1a: Dragonite|Dragonite, M|100/100
|cant|p2a: Dudunsparce|slp
|-activate|p2a: Dudunsparce|confusion
|-damage|p2a: Dudunsparce|30/100 slp|[from] confusion
|
|upkeep
|turn|34
|
|t:|1769323099
|-curestatus|p2a: Dudunsparce|slp|[msg]
|-end|p2a: Dudunsparce|confusion
|move|p2a: Dudunsparce|Rest|p2a: Dudunsparce
|-status|p2a: Dudunsparce|slp|[from] move: Rest
|-heal|p2a: Dudunsparce|100/100 slp|[silent]
|move|p1a: Dragonite|Dragon Dance|p1a: Dragonite
|-boost|p1a: Dragonite|atk|1
|-boost|p1a: Dragonite|spe|1
|
|upkeep
|turn|35
|
|t:|1769323110
|move|p1a: Dragonite|Earthquake|p2a: Dudunsparce
|-damage|p2a: Dudunsparce|57/100 slp
|-damage|p1a: Dragonite|91/100|[from] item: Life Orb
|cant|p2a: Dudunsparce|slp
|move|p2a: Dudunsparce|Sleep Talk|p2a: Dudunsparce
|move|p2a: Dudunsparce|Ancient Power|p1a: Dragonite|[from] move: Sleep Talk
|-supereffective|p1a: Dragonite
|-damage|p1a: Dragonite|54/100
|
|upkeep
|turn|36
|
|t:|1769323118
|-terastallize|p1a: Dragonite|Normal
|move|p1a: Dragonite|Dragon Dance|p1a: Dragonite
|-boost|p1a: Dragonite|atk|1
|-boost|p1a: Dragonite|spe|1
|cant|p2a: Dudunsparce|slp
|move|p2a: Dudunsparce|Sleep Talk|p2a: Dudunsparce
|move|p2a: Dudunsparce|Rest||[from] move: Sleep Talk|[still]
|-fail|p2a: Dudunsparce
|
|upkeep
|turn|37
|
|t:|1769323127
|move|p1a: Dragonite|Extreme Speed|p2a: Dudunsparce
|-crit|p2a: Dudunsparce
|-damage|p2a: Dudunsparce|0 fnt
|faint|p2a: Dudunsparce
|-damage|p1a: Dragonite|44/100|[from] item: Life Orb
|
|upkeep
|
|t:|1769323133
|switch|p2a: Fighting|Kingambit, M|100/100
|-damage|p2a: Fighting|94/100|[from] Stealth Rock
|-activate|p2a: Fighting|ability: Supreme Overlord
|-start|p2a: Fighting|fallen5|[silent]
|turn|38
|
|t:|1769323139
|move|p1a: Dragonite|Extreme Speed|p2a: Fighting
|-resisted|p2a: Fighting
|-damage|p2a: Fighting|48/100
|-damage|p1a: Dragonite|34/100|[from] item: Life Orb
|move|p2a: Fighting|Lash Out|p1a: Dragonite
|-damage|p1a: Dragonite|0 fnt
|faint|p1a: Dragonite
|
|upkeep
|
|t:|1769323147
|switch|p1a: Dondozo|Dondozo, M, shiny|100/100
|-damage|p1a: Dondozo|88/100|[from] Spikes
|turn|39
|
|t:|1769323153
|move|p2a: Fighting|Thunder Wave|p1a: Dondozo
|-status|p1a: Dondozo|par
|move|p1a: Dondozo|Curse|p1a: Dondozo
|-unboost|p1a: Dondozo|spe|1
|-boost|p1a: Dondozo|atk|1
|-boost|p1a: Dondozo|def|1
|
|-heal|p1a: Dondozo|94/100 par|[from] item: Leftovers
|upkeep
|turn|40
|
|t:|1769323167
|move|p2a: Fighting|Lash Out|p1a: Dondozo
|-damage|p1a: Dondozo|75/100 par
|move|p1a: Dondozo|Body Press|p2a: Fighting
|-supereffective|p2a: Fighting
|-damage|p2a: Fighting|0 fnt
|faint|p2a: Fighting
|-end|p2a: Fighting|fallen5|[silent]
|
|win|AteefIsThug
|raw|AteefIsThug's rating: 1139 &rarr; <strong>1162</strong><br />(+23 for winning)
|raw|i am norby noob's rating: 1111 &rarr; <strong>1088</strong><br />(-23 for losing)
|l|☆i am norby noob
|player|p2|
|l|☆AteefIsThug
|player|p1|
