|j|☆KushagraHarsh
|j|☆audb
|t:|1769324325
|gametype|singles
|player|p1|KushagraHarsh|dahlia|1118
|player|p2|audb|lass-gen4dp|1091
|gen|9
|tier|[Gen 9] OU
|rated|
|rule|HP Percentage Mod: HP is shown in percentages
|rule|Endless Battle Clause: Forcing endless battles is banned
|rule|Species Clause: Limit one of each Pokémon
|rule|OHKO Clause: OHKO moves are banned
|rule|Evasion Items Clause: Evasion items are banned
|rule|Evasion Moves Clause: Evasion moves are banned
|rule|Evasion Abilities Clause: Evasion abilities are banned
|rule|Sleep Moves Clause: Sleep-inducing moves are banned
|clearpoke
|poke|p1|Blaziken, F|
|poke|p1|Samurott-Hisui, M|
|poke|p1|Clefable, M|
|poke|p1|Gliscor, F|
|poke|p1|Gholdengo|
|poke|p1|Zamazenta-*|
|poke|p2|Thundurus-Therian, M|
|poke|p2|Meowscarada, M|
|poke|p2|Hatterene, F|
|poke|p2|Great Tusk|
|poke|p2|Toxapex, F|
|poke|p2|Slither Wing|
|teampreview
|inactive|Battle timer is ON: inactive players will automatically lose when time's up. (requested by KushagraHarsh)
|inactive|audb has 120 seconds left.
|
|t:|1769324357
|teamsize|p1|6
|teamsize|p2|6
|start
|switch|p1a: Blaziken|Blaziken, F|100/100
|switch|p2a: Meowscarada|Meowscarada, M|100/100
|turn|1
|
|t:|1769324366
|move|p2a: Meowscarada|U-turn|p1a: Blaziken
|-start|p2a: Meowscarada|typechange|Bug|[from] ability: Protean
|-resisted|p1a: Blaziken
|-damage|p1a: Blaziken|89/100
|
|t:|1769324374
|switch|p2a: Toxapex|Toxapex, F|100/100|[from] U-turn
|move|p1a: Blaziken|Substitute|p1a: Blaziken
|-start|p1a: Blaziken|Substitute
|-damage|p1a: Blaziken|64/100
|
|-ability|p1a: Blaziken|Speed Boost|boost
|-boost|p1a: Blaziken|spe|1
|upkeep
|turn|2
|
|t:|1769324386
|move|p1a: Blaziken|Swords Dance|p1a: Blaziken
|-boost|p1a: Blaziken|atk|2
|move|p2a: Toxapex|Surf|p1a: Blaziken
|-supereffective|p1a: Blaziken
|-end|p1a: Blaziken|Substitute
|
|-ability|p1a: Blaziken|Speed Boost|boost
|-boost|p1a: Blaziken|spe|1
|upkeep
|turn|3
|
|t:|1769324408
|switch|p1a: Gholdengo|Gholdengo|100/100
|move|p2a: Toxapex|Surf|p1a: Gholdengo
|-damage|p1a: Gholdengo|67/100
|
|upkeep
|turn|4
|inactive|audb has 120 seconds left.
|
|t:|1769324466
|switch|p2a: Slither Wing|Slither Wing|100/100
|move|p1a: Gholdengo|Trick|p2a: Slither Wing
|-activate|p1a: Gholdengo|move: Trick|[of] p2a: Slither Wing
|-item|p2a: Slither Wing|Choice Scarf|[from] move: Trick
|-item|p1a: Gholdengo|Assault Vest|[from] move: Trick
|
|upkeep
|turn|5
|inactive|audb has 90 seconds left.
|
|t:|1769324491
|switch|p1a: Samurott|Samurott-Hisui, M|100/100
|move|p2a: Slither Wing|U-turn|p1a: Samurott
|-supereffective|p1a: Samurott
|-damage|p1a: Samurott|14/100
|
|t:|1769324512
|-end|p2a: Slither Wing|Protosynthesis|[silent]
|switch|p2a: Meowscarada|Meowscarada, M|100/100|[from] U-turn
|
|upkeep
|turn|6
|
|t:|1769324526
|switch|p1a: Gholdengo|Gholdengo|67/100
|move|p2a: Meowscarada|Flower Trick|p1a: Gholdengo
|-start|p2a: Meowscarada|typechange|Grass|[from] ability: Protean
|-resisted|p1a: Gholdengo
|-crit|p1a: Gholdengo
|-damage|p1a: Gholdengo|42/100
|
|upkeep
|turn|7
|
|t:|1769324544
|switch|p2a: Toxapex|Toxapex, F|100/100
|move|p1a: Gholdengo|Make It Rain|p2a: Toxapex
|-resisted|p2a: Toxapex
|-damage|p2a: Toxapex|82/100
|-unboost|p1a: Gholdengo|spa|1
|
|upkeep
|turn|8
|
|t:|1769324557
|switch|p1a: Zamazenta|Zamazenta|100/100
|-ability|p1a: Zamazenta|Dauntless Shield|boost
|-boost|p1a: Zamazenta|def|1
|move|p2a: Toxapex|Surf|p1a: Zamazenta
|-damage|p1a: Zamazenta|74/100
|
|-heal|p1a: Zamazenta|80/100|[from] item: Leftovers
|upkeep
|turn|9
|inactive|audb has 60 seconds left.
|
|t:|1769324594
|switch|p2a: Thundurus|Thundurus-Therian, M|100/100
|move|p1a: Zamazenta|Iron Defense|p1a: Zamazenta
|-boost|p1a: Zamazenta|def|2
|
|-heal|p1a: Zamazenta|87/100|[from] item: Leftovers
|upkeep
|turn|10
|
|t:|1769324601
|move|p1a: Zamazenta|Crunch|p2a: Thundurus
|-crit|p2a: Thundurus
|-damage|p2a: Thundurus|44/100
|move|p2a: Thundurus|Volt Switch|p1a: Zamazenta
|-damage|p1a: Zamazenta|29/100
|
|t:|1769324619
|switch|p2a: Meowscarada|Meowscarada, M|100/100|[from] Volt Switch
|
|-heal|p1a: Zamazenta|36/100|[from] item: Leftovers
|upkeep
|turn|11
|
|t:|1769324627
|move|p2a: Meowscarada|Flower Trick|p1a: Zamazenta
|-start|p2a: Meowscarada|typechange|Grass|[from] ability: Protean
|-crit|p1a: Zamazenta
|-damage|p1a: Zamazenta|0 fnt
|faint|p1a: Zamazenta
|
|upkeep
|
|t:|1769324640
|switch|p1a: Blaziken|Blaziken, F|64/100
|turn|12
|
|t:|1769324653
|switch|p2a: Toxapex|Toxapex, F|100/100
|move|p1a: Blaziken|Swords Dance|p1a: Blaziken
|-boost|p1a: Blaziken|atk|2
|
|-ability|p1a: Blaziken|Speed Boost|boost
|-boost|p1a: Blaziken|spe|1
|upkeep
|turn|13
|
|t:|1769324661
|move|p1a: Blaziken|Brick Break|p2a: Toxapex
|-resisted|p2a: Toxapex
|-damage|p2a: Toxapex|59/100
|-damage|p1a: Blaziken|54/100|[from] item: Life Orb
|move|p2a: Toxapex|Surf|p1a: Blaziken
|-supereffective|p1a: Blaziken
|-damage|p1a: Blaziken|0 fnt
|faint|p1a: Blaziken
|
|upkeep
|
|t:|1769324669
|switch|p1a: Gliscor|Gliscor, F|100/100
|turn|14
|inactive|audb has 60 seconds left.
|
|t:|1769324688
|switch|p2a: Slither Wing|Slither Wing|100/100
|move|p1a: Gliscor|Swords Dance|p1a: Gliscor
|-boost|p1a: Gliscor|atk|2
|
|-status|p1a: Gliscor|tox|[from] item: Toxic Orb
|upkeep
|turn|15
|inactive|audb has 30 seconds left.
|inactive|audb has 20 seconds left.
|
|t:|1769324731
|move|p1a: Gliscor|Protect|p1a: Gliscor
|-singleturn|p1a: Gliscor|Protect
|move|p2a: Slither Wing|U-turn|p1a: Gliscor
|-activate|p1a: Gliscor|move: Protect
|
|upkeep
|turn|16
|inactive|audb has 30 seconds left this turn.
|
|t:|1769324741
|move|p2a: Slither Wing|U-turn|p1a: Gliscor
|-resisted|p1a: Gliscor
|-damage|p1a: Gliscor|83/100 tox
|inactive|audb has 30 seconds left this turn.
|inactive|audb has 20 seconds left.
|inactive|audb has 15 seconds left.
|inactive|audb has 10 seconds left.
|
|t:|1769324763
|-end|p2a: Slither Wing|Protosynthesis|[silent]
|switch|p2a: Great Tusk|Great Tusk|100/100|[from] U-turn
|move|p1a: Gliscor|Swords Dance|p1a: Gliscor
|-boost|p1a: Gliscor|atk|2
|
|-heal|p1a: Gliscor|96/100 tox|[from] ability: Poison Heal
|upkeep
|turn|17
|inactive|audb has 20 seconds left this turn.
|inactive|audb has 15 seconds left.
|
|t:|1769324774
|-terastallize|p1a: Gliscor|Normal
|move|p2a: Great Tusk|Ice Spinner|p1a: Gliscor
|-damage|p1a: Gliscor|76/100 tox
|move|p1a: Gliscor|Facade|p2a: Great Tusk
|-damage|p2a: Great Tusk|17/100
|-damage|p1a: Gliscor|60/100 tox|[from] item: Rocky Helmet|[of] p2a: Great Tusk
|
|-heal|p1a: Gliscor|72/100 tox|[from] ability: Poison Heal
|upkeep
|turn|18
|inactive|audb has 25 seconds left this turn.
|inactive|audb has 20 seconds left.
|inactive|audb has 15 seconds left.
|inactive|audb has 10 seconds left.
|
|t:|1769324793
|-end|p2a: Great Tusk|Protosynthesis|[silent]
|switch|p2a: Toxapex|Toxapex, F|93/100
|move|p1a: Gliscor|Protect||[still]
|-fail|p1a: Gliscor
|
|-heal|p1a: Gliscor|85/100 tox|[from] ability: Poison Heal
|upkeep
|turn|19
|inactive|audb has 20 seconds left this turn.
|inactive|audb has 15 seconds left.
|inactive|audb has 10 seconds left.
|
|t:|1769324804
|move|p1a: Gliscor|Facade|p2a: Toxapex
|-damage|p2a: Toxapex|0 fnt
|faint|p2a: Toxapex
|
|-heal|p1a: Gliscor|97/100 tox|[from] ability: Poison Heal
|upkeep
|inactive|audb has 15 seconds left this turn.
|inactive|audb has 10 seconds left.
|
|t:|1769324814
|switch|p2a: Thundurus|Thundurus-Therian, M|44/100
|turn|20
|inactive|audb has 20 seconds left this turn.
|inactive|audb has 15 seconds left.
|
|t:|1769324823
|move|p1a: Gliscor|Protect|p1a: Gliscor
|-singleturn|p1a: Gliscor|Protect
|move|p2a: Thundurus|Volt Switch|p1a: Gliscor
|-activate|p1a: Gliscor|move: Protect
|
|-heal|p1a: Gliscor|100/100 tox|[from] ability: Poison Heal
|upkeep
|turn|21
|inactive|audb has 25 seconds left this turn.
|inactive|audb has 20 seconds left.
|
|t:|1769324830
|move|p2a: Thundurus|Volt Switch|p1a: Gliscor
|-damage|p1a: Gliscor|48/100 tox
|inactive|audb has 25 seconds left this turn.
|inactive|audb has 20 seconds left.
|inactive|audb has 15 seconds left.
|inactive|audb has 10 seconds left.
|
|t:|1769324846
|switch|p2a: Great Tusk|Great Tusk|17/100|[from] Volt Switch
|move|p1a: Gliscor|Knock Off|p2a: Great Tusk
|-resisted|p2a: Great Tusk
|-damage|p2a: Great Tusk|0 fnt
|-damage|p1a: Gliscor|32/100 tox|[from] item: Rocky Helmet|[of] p2a: Great Tusk
|-enditem|p2a: Great Tusk|Rocky Helmet|[from] move: Knock Off|[of] p1a: Gliscor
|faint|p2a: Great Tusk
|-end|p2a: Great Tusk|Protosynthesis|[silent]
|
|-heal|p1a: Gliscor|44/100 tox|[from] ability: Poison Heal
|upkeep
|inactive|audb has 15 seconds left this turn.
|inactive|audb has 10 seconds left.
|inactive|audb has 5 seconds left.
|
|t:|1769324856
|switch|p2a: Thundurus|Thundurus-Therian, M|44/100
|turn|22
|inactive|audb has 15 seconds left this turn.
|
|t:|1769324861
|move|p1a: Gliscor|Protect|p1a: Gliscor
|-singleturn|p1a: Gliscor|Protect
|move|p2a: Thundurus|Volt Switch|p1a: Gliscor
|-activate|p1a: Gliscor|move: Protect
|
|-heal|p1a: Gliscor|57/100 tox|[from] ability: Poison Heal
|upkeep
|turn|23
|inactive|audb has 25 seconds left this turn.
|inactive|audb has 20 seconds left.
|
|t:|1769324869
|move|p2a: Thundurus|Volt Switch|p1a: Gliscor
|-damage|p1a: Gliscor|3/100 tox
|inactive|audb has 25 seconds left this turn.
|inactive|audb has 20 seconds left.
|
|t:|1769324875
|switch|p2a: Slither Wing|Slither Wing|100/100|[from] Volt Switch
|move|p1a: Gliscor|Facade|p2a: Slither Wing
|-damage|p2a: Slither Wing|0 fnt
|faint|p2a: Slither Wing
|-end|p2a: Slither Wing|Protosynthesis|[silent]
|
|-heal|p1a: Gliscor|16/100 tox|[from] ability: Poison Heal
|upkeep
|inactive|audb has 25 seconds left this turn.
|inactive|audb has 20 seconds left.
|
|t:|1769324885
|switch|p2a: Thundurus|Thundurus-Therian, M|44/100
|turn|24
|inactive|audb has 30 seconds left this turn.
|
|t:|1769324889
|move|p1a: Gliscor|Protect|p1a: Gliscor
|-singleturn|p1a: Gliscor|Protect
|move|p2a: Thundurus|Volt Switch|p1a: Gliscor
|-activate|p1a: Gliscor|move: Protect
|
|-heal|p1a: Gliscor|28/100 tox|[from] ability: Poison Heal
|upkeep
|turn|25
|
|t:|1769324897
|move|p1a: Gliscor|Protect||[still]
|-fail|p1a: Gliscor
|move|p2a: Thundurus|Volt Switch|p1a: Gliscor
|-damage|p1a: Gliscor|0 fnt
|faint|p1a: Gliscor
|
|t:|1769324904
|switch|p2a: Meowscarada|Meowscarada, M|100/100|[from] Volt Switch
|
|upkeep
|
|t:|1769324910
|switch|p1a: Clefable|Clefable, M|100/100
|turn|26
|
|t:|1769324925
|move|p2a: Meowscarada|U-turn|p1a: Clefable
|-start|p2a: Meowscarada|typechange|Bug|[from] ability: Protean
|-resisted|p1a: Clefable
|-damage|p1a: Clefable|87/100
|-damage|p2a: Meowscarada|84/100|[from] item: Rocky Helmet|[of] p1a: Clefable
|
|t:|1769324936
|switch|p2a: Hatterene|Hatterene, F|100/100|[from] U-turn
|move|p1a: Clefable|Stealth Rock|p2a: Hatterene
|move|p2a: Hatterene|Stealth Rock|p1a: Clefable|[from] ability: Magic Bounce
|-sidestart|p1: KushagraHarsh|move: Stealth Rock
|
|upkeep
|turn|27
|inactive|audb has 30 seconds left.
|
|t:|1769324954
|move|p1a: Clefable|Knock Off|p2a: Hatterene
|-damage|p2a: Hatterene|87/100
|-enditem|p2a: Hatterene|Leftovers|[from] move: Knock Off|[of] p1a: Clefable
|move|p2a: Hatterene|Nuzzle|p1a: Clefable
|-damage|p1a: Clefable|84/100
|-status|p1a: Clefable|par
|-damage|p2a: Hatterene|71/100|[from] item: Rocky Helmet|[of] p1a: Clefable
|
|upkeep
|turn|28
|inactive|audb has 30 seconds left.
|
|t:|1769324971
|move|p2a: Hatterene|Draining Kiss|p1a: Clefable
|-damage|p1a: Clefable|62/100 par
|-heal|p2a: Hatterene|91/100|[from] drain|[of] p1a: Clefable
|-damage|p2a: Hatterene|74/100|[from] item: Rocky Helmet|[of] p1a: Clefable
|cant|p1a: Clefable|par
|
|upkeep
|turn|29
|inactive|audb has 30 seconds left.
|inactive|audb has 20 seconds left.
|inactive|audb has 15 seconds left.
|
|t:|1769324996
|move|p2a: Hatterene|Psychic Noise|p1a: Clefable
|-damage|p1a: Clefable|28/100 par
|-start|p1a: Clefable|move: Heal Block
|cant|p1a: Clefable|par
|
|upkeep
|turn|30
|inactive|audb has 25 seconds left this turn.
|inactive|audb has 20 seconds left.
|inactive|audb has 15 seconds left.
|
|t:|1769325007
|move|p2a: Hatterene|Psychic Noise|p1a: Clefable
|-damage|p1a: Clefable|0 fnt
|faint|p1a: Clefable
|
|upkeep
|
|t:|1769325019
|switch|p1a: Gholdengo|Gholdengo|42/100
|-damage|p1a: Gholdengo|36/100|[from] Stealth Rock
|turn|31
|inactive|audb has 30 seconds left this turn.
|inactive|audb has 20 seconds left.
|c|☆KushagraHarsh|gg
|
|t:|1769325033
|-terastallize|p2a: Hatterene|Steel
|move|p1a: Gholdengo|Shadow Ball|p2a: Hatterene
|-damage|p2a: Hatterene|31/100
|move|p2a: Hatterene|Nuzzle|p1a: Gholdengo
|-damage|p1a: Gholdengo|31/100
|-status|p1a: Gholdengo|par
|
|upkeep
|turn|32
|inactive|audb has 30 seconds left this turn.
|c|☆KushagraHarsh|you've won
|inactive|audb has 20 seconds left.
|
|t:|1769325045
|cant|p1a: Gholdengo|par
|move|p2a: Hatterene|Draining Kiss|p1a: Gholdengo
|-resisted|p1a: Gholdengo
|-damage|p1a: Gholdengo|22/100 par
|-heal|p2a: Hatterene|38/100|[from] drain|[of] p1a: Gholdengo
|
|upkeep
|turn|33
|inactive|audb has 30 seconds left this turn.
|
|t:|1769325052
|move|p1a: Gholdengo|Shadow Ball|p2a: Hatterene
|-damage|p2a: Hatterene|0 fnt
|faint|p2a: Hatterene
|
|upkeep
|inactive|audb has 30 seconds left this turn.
|
|t:|1769325060
|switch|p2a: Thundurus|Thundurus-Therian, M|44/100
|turn|34
|inactive|audb has 30 seconds left.
|
|t:|1769325065
|move|p2a: Thundurus|Volt Switch|p1a: Gholdengo
|-damage|p1a: Gholdengo|0 fnt
|faint|p1a: Gholdengo
|
|t:|1769325069
|switch|p2a: Meowscarada|Meowscarada, M|84/100|[from] Volt Switch
|
|upkeep
|
|t:|1769325072
|switch|p1a: Samurott|Samurott-Hisui, M|14/100
|-damage|p1a: Samurott|2/100|[from] Stealth Rock
|turn|35
|
|t:|1769325079
|move|p1a: Samurott|Sucker Punch|p2a: Meowscarada
|-resisted|p2a: Meowscarada
|-damage|p2a: Meowscarada|61/100
|move|p2a: Meowscarada|Flower Trick|p1a: Samurott
|-start|p2a: Meowscarada|typechange|Grass|[from] ability: Protean
|-supereffective|p1a: Samurott
|-crit|p1a: Samurott
|-damage|p1a: Samurott|0 fnt
|faint|p1a: Samurott
|
|win|audb
|raw|KushagraHarsh's rating: 1118 &rarr; <strong>1091</strong><br />(-27 for losing)
|raw|audb's rating: 1091 &rarr; <strong>1119</strong><br />(+28 for winning)
|l|☆KushagraHarsh
|player|p1|
