|j|☆Alexflame1223
|j|☆amomg us
|t:|1769392591
|gametype|singles
|player|p1|Alexflame1223|steven|1202
|player|p2|amomg us|battlegirl-gen4|1215
|gen|9
|tier|[Gen 9] OU
|rated|
|rule|HP Percentage Mod: HP is shown in percentages
|rule|Endless Battle Clause: Forcing endless battles is banned
|rule|Species Clause: Limit one of each Pokémon
|rule|OHKO Clause: OHKO moves are banned
|rule|Evasion Items Clause: Evasion items are banned
|rule|Evasion Moves Clause: Evasion moves are banned
|rule|Evasion Abilities Clause: Evasion abilities are banned
|rule|Sleep Moves Clause: Sleep-inducing moves are banned
|clearpoke
|poke|p1|Moltres-Galar|
|poke|p1|Iron Treads|
|poke|p1|Hydrapple, M|
|poke|p1|Samurott-Hisui, F|
|poke|p1|Greninja-*, F|
|poke|p1|Latios, M|
|poke|p2|Alomomola, M|
|poke|p2|Ceruledge, F|
|poke|p2|Cinderace, M|
|poke|p2|Clefable, M|
|poke|p2|Corviknight, M|
|poke|p2|Darkrai|
|teampreview
|inactive|Battle timer is ON: inactive players will automatically lose when time's up. (requested by amomg us)
|
|t:|1769392604
|teamsize|p1|6
|teamsize|p2|6
|start
|switch|p1a: Latios|Latios, M|100/100
|switch|p2a: Darkrai|Darkrai|100/100
|turn|1
|
|t:|1769392632
|switch|p2a: Clefable|Clefable, M, shiny|100/100
|-terastallize|p1a: Latios|Fairy
|move|p1a: Latios|Agility|p1a: Latios
|-boost|p1a: Latios|spe|2
|
|upkeep
|turn|2
|
|t:|1769392641
|move|p1a: Latios|Luster Purge|p2a: Clefable
|-damage|p2a: Clefable|51/100
|-unboost|p2a: Clefable|spd|1
|-damage|p1a: Latios|91/100|[from] item: Life Orb
|move|p2a: Clefable|Thunder Wave|p1a: Latios
|-status|p1a: Latios|par
|
|-heal|p2a: Clefable|57/100|[from] item: Leftovers
|upkeep
|turn|3
|
|t:|1769392652
|move|p1a: Latios|Agility|p1a: Latios
|-boost|p1a: Latios|spe|2
|move|p2a: Clefable|Moonlight|p2a: Clefable
|-heal|p2a: Clefable|100/100
|
|upkeep
|turn|4
|
|t:|1769392660
|move|p1a: Latios|Luster Purge|p2a: Clefable
|-damage|p2a: Clefable|25/100
|-damage|p1a: Latios|81/100 par|[from] item: Life Orb
|move|p2a: Clefable|Moonblast|p1a: Latios
|-crit|p1a: Latios
|-damage|p1a: Latios|34/100 par
|-unboost|p1a: Latios|spa|1
|
|-heal|p2a: Clefable|31/100|[from] item: Leftovers
|upkeep
|turn|5
|
|t:|1769392677
|switch|p2a: Corviknight|Corviknight, M|100/100
|cant|p1a: Latios|par
|
|upkeep
|turn|6
|
|t:|1769392683
|cant|p1a: Latios|par
|move|p2a: Corviknight|Brave Bird|p1a: Latios
|-damage|p1a: Latios|0 fnt
|faint|p1a: Latios
|-damage|p2a: Corviknight|92/100|[from] Recoil
|
|upkeep
|
|t:|1769392696
|switch|p1a: Greninja|Greninja, F|100/100
|turn|7
|
|t:|1769392702
|move|p1a: Greninja|Hydro Pump|p2a: Corviknight|[miss]
|-start|p1a: Greninja|typechange|Water|[from] ability: Protean
|-miss|p1a: Greninja|p2a: Corviknight
|move|p2a: Corviknight|Body Press|p1a: Greninja
|-damage|p1a: Greninja|59/100
|
|upkeep
|turn|8
|
|t:|1769392711
|switch|p2a: Alomomola|Alomomola, M|100/100
|move|p1a: Greninja|Hydro Pump|p2a: Alomomola
|-resisted|p2a: Alomomola
|-damage|p2a: Alomomola|72/100
|-damage|p1a: Greninja|49/100|[from] item: Life Orb
|
|upkeep
|turn|9
|
|t:|1769392719
|move|p1a: Greninja|Dark Pulse|p2a: Alomomola
|-damage|p2a: Alomomola|46/100
|-damage|p1a: Greninja|39/100|[from] item: Life Orb
|move|p2a: Alomomola|Flip Turn|p1a: Greninja
|-resisted|p1a: Greninja
|-damage|p1a: Greninja|25/100
|
|t:|1769392726
|switch|p2a: Darkrai|Darkrai|100/100|[from] Flip Turn
|
|upkeep
|turn|10
|
|t:|1769392733
|move|p2a: Darkrai|Sludge Bomb|p1a: Greninja
|-damage|p1a: Greninja|0 fnt
|faint|p1a: Greninja
|
|upkeep
|
|t:|1769392738
|switch|p1a: Samurott|Samurott-Hisui, F|100/100
|turn|11
|
|t:|1769392747
|switch|p2a: Alomomola|Alomomola, M|79/100
|move|p1a: Samurott|Sacred Sword|p2a: Alomomola
|-damage|p2a: Alomomola|53/100
|
|upkeep
|turn|12
|
|t:|1769392754
|move|p1a: Samurott|Ceaseless Edge|p2a: Alomomola
|-crit|p2a: Alomomola
|-damage|p2a: Alomomola|16/100
|-sidestart|p2: amomg us|Spikes
|move|p2a: Alomomola|Wish|p2a: Alomomola
|
|upkeep
|turn|13
|
|t:|1769392761
|move|p2a: Alomomola|Protect|p2a: Alomomola
|-singleturn|p2a: Alomomola|Protect
|move|p1a: Samurott|Aqua Cutter|p2a: Alomomola
|-activate|p2a: Alomomola|move: Protect
|
|-heal|p2a: Alomomola|66/100|[from] move: Wish|[wisher] Alomomola
|upkeep
|turn|14
|
|t:|1769392770
|move|p1a: Samurott|Ceaseless Edge|p2a: Alomomola
|-damage|p2a: Alomomola|40/100
|-sidestart|p2: amomg us|Spikes
|move|p2a: Alomomola|Scald|p1a: Samurott
|-resisted|p1a: Samurott
|-damage|p1a: Samurott|91/100
|
|upkeep
|turn|15
|
|t:|1769392778
|move|p1a: Samurott|Ceaseless Edge|p2a: Alomomola
|-damage|p2a: Alomomola|14/100
|-sidestart|p2: amomg us|Spikes
|move|p2a: Alomomola|Wish|p2a: Alomomola
|
|upkeep
|turn|16
|
|t:|1769392785
|switch|p1a: Hydrapple|Hydrapple, M, shiny|100/100
|move|p2a: Alomomola|Protect||[still]
|-fail|p2a: Alomomola
|
|-heal|p2a: Alomomola|64/100|[from] move: Wish|[wisher] Alomomola
|upkeep
|turn|17
|
|t:|1769392797
|switch|p2a: Cinderace|Cinderace, M|100/100
|move|p1a: Hydrapple|Giga Drain|p2a: Cinderace
|-resisted|p2a: Cinderace
|-damage|p2a: Cinderace|69/100
|
|upkeep
|turn|18
|
|t:|1769392805
|move|p2a: Cinderace|Court Change|p2a: Cinderace
|-start|p2a: Cinderace|typechange|Normal|[from] ability: Libero
|-swapsideconditions
|-activate|p2a: Cinderace|move: Court Change
|move|p1a: Hydrapple|Giga Drain|p2a: Cinderace
|-damage|p2a: Cinderace|12/100
|
|upkeep
|turn|19
|
|t:|1769392812
|move|p2a: Cinderace|U-turn|p1a: Hydrapple
|-supereffective|p1a: Hydrapple
|-damage|p1a: Hydrapple|67/100
|
|t:|1769392819
|switch|p2a: Alomomola|Alomomola, M|98/100|[from] U-turn
|move|p1a: Hydrapple|Giga Drain|p2a: Alomomola
|-supereffective|p2a: Alomomola
|-damage|p2a: Alomomola|19/100
|-heal|p1a: Hydrapple|100/100|[from] drain|[of] p2a: Alomomola
|
|upkeep
|turn|20
|
|t:|1769392835
|switch|p2a: Corviknight|Corviknight, M|92/100
|move|p1a: Hydrapple|Giga Drain|p2a: Corviknight
|-resisted|p2a: Corviknight
|-damage|p2a: Corviknight|82/100
|
|upkeep
|turn|21
|
|t:|1769392843
|move|p2a: Corviknight|Iron Defense|p2a: Corviknight
|-boost|p2a: Corviknight|def|2
|move|p1a: Hydrapple|Fickle Beam|p2a: Corviknight
|-resisted|p2a: Corviknight
|-damage|p2a: Corviknight|61/100
|
|upkeep
|turn|22
|
|t:|1769392850
|move|p2a: Corviknight|Roost|p2a: Corviknight
|-heal|p2a: Corviknight|100/100
|-singleturn|p2a: Corviknight|move: Roost
|move|p1a: Hydrapple|Earth Power|p2a: Corviknight
|-supereffective|p2a: Corviknight
|-damage|p2a: Corviknight|35/100
|
|upkeep
|turn|23
|inactive|amomg us has 120 seconds left.
|
|t:|1769392885
|switch|p2a: Darkrai|Darkrai|100/100
|move|p1a: Hydrapple|Fickle Beam|p2a: Darkrai
|-damage|p2a: Darkrai|46/100
|
|upkeep
|turn|24
|
|t:|1769392892
|move|p2a: Darkrai|Ice Beam|p1a: Hydrapple
|-supereffective|p1a: Hydrapple
|-damage|p1a: Hydrapple|14/100
|-status|p1a: Hydrapple|frz
|cant|p1a: Hydrapple|frz
|
|upkeep
|turn|25
|
|t:|1769392900
|switch|p1a: Samurott|Samurott-Hisui, F|91/100
|-damage|p1a: Samurott|66/100|[from] Spikes
|move|p2a: Darkrai|Ice Beam|p1a: Samurott
|-resisted|p1a: Samurott
|-damage|p1a: Samurott|39/100
|
|upkeep
|turn|26
|
|t:|1769392908
|switch|p2a: Alomomola|Alomomola, M|52/100
|move|p1a: Samurott|Aqua Cutter|p2a: Alomomola
|-resisted|p2a: Alomomola
|-damage|p2a: Alomomola|39/100
|
|upkeep
|turn|27
|
|t:|1769392916
|move|p1a: Samurott|Ceaseless Edge|p2a: Alomomola
|-damage|p2a: Alomomola|11/100
|-sidestart|p2: amomg us|Spikes
|move|p2a: Alomomola|Wish|p2a: Alomomola
|
|upkeep
|turn|28
|
|t:|1769392923
|switch|p1a: Hydrapple|Hydrapple, M, shiny|47/100 frz
|-damage|p1a: Hydrapple|22/100 frz|[from] Spikes
|move|p2a: Alomomola|Protect||[still]
|-fail|p2a: Alomomola
|
|-heal|p2a: Alomomola|61/100|[from] move: Wish|[wisher] Alomomola
|upkeep
|turn|29
|
|t:|1769392934
|switch|p2a: Ceruledge|Ceruledge, F|100/100
|-damage|p2a: Ceruledge|88/100|[from] Spikes
|cant|p1a: Hydrapple|frz
|
|upkeep
|turn|30
|
|t:|1769392942
|move|p2a: Ceruledge|Bitter Blade|p1a: Hydrapple
|-damage|p1a: Hydrapple|0 fnt
|-heal|p2a: Ceruledge|100/100|[from] drain|[of] p1a: Hydrapple
|faint|p1a: Hydrapple
|
|upkeep
|
|t:|1769392949
|switch|p1a: Samurott|Samurott-Hisui, F|39/100
|-damage|p1a: Samurott|15/100|[from] Spikes
|turn|31
|
|t:|1769392956
|move|p1a: Samurott|Ceaseless Edge|p2a: Ceruledge
|-supereffective|p2a: Ceruledge
|-enditem|p2a: Ceruledge|Focus Sash
|-damage|p2a: Ceruledge|1/100
|-ability|p2a: Ceruledge|Weak Armor|boost
|-unboost|p2a: Ceruledge|def|1
|-boost|p2a: Ceruledge|spe|2
|-sidestart|p2: amomg us|Spikes
|move|p2a: Ceruledge|Swords Dance|p2a: Ceruledge
|-boost|p2a: Ceruledge|atk|2
|
|upkeep
|turn|32
|
|t:|1769392967
|move|p2a: Ceruledge|Shadow Sneak|p1a: Samurott
|-resisted|p1a: Samurott
|-damage|p1a: Samurott|0 fnt
|faint|p1a: Samurott
|
|upkeep
|
|t:|1769392973
|switch|p1a: Moltres|Moltres-Galar|100/100
|turn|33
|
|t:|1769392977
|move|p2a: Ceruledge|Bitter Blade|p1a: Moltres
|-damage|p1a: Moltres|4/100
|-heal|p2a: Ceruledge|64/100|[from] drain|[of] p1a: Moltres
|-damage|p2a: Ceruledge|48/100|[from] item: Rocky Helmet|[of] p1a: Moltres
|-ability|p1a: Moltres|Berserk|boost
|-boost|p1a: Moltres|spa|1
|move|p1a: Moltres|Agility|p1a: Moltres
|-boost|p1a: Moltres|spe|2
|
|upkeep
|turn|34
|
|t:|1769392994
|move|p2a: Ceruledge|Shadow Sneak|p1a: Moltres
|-resisted|p1a: Moltres
|-damage|p1a: Moltres|0 fnt
|-damage|p2a: Ceruledge|31/100|[from] item: Rocky Helmet|[of] p1a: Moltres
|faint|p1a: Moltres
|
|upkeep
|c|☆amomg us|shoulve went for the kill
|c|☆amomg us|gg
|
|t:|1769393000
|switch|p1a: Iron Treads|Iron Treads|100/100
|turn|35
|
|t:|1769393004
|move|p2a: Ceruledge|Bitter Blade|p1a: Iron Treads
|-supereffective|p1a: Iron Treads
|-damage|p1a: Iron Treads|0 fnt
|-heal|p2a: Ceruledge|87/100|[from] drain|[of] p1a: Iron Treads
|faint|p1a: Iron Treads
|-end|p1a: Iron Treads|Quark Drive|[silent]
|
|win|amomg us
|raw|Alexflame1223's rating: 1202 &rarr; <strong>1178</strong><br />(-24 for losing)
|raw|amomg us's rating: 1215 &rarr; <strong>1239</strong><br />(+24 for winning)
