|j|☆maneki uwu
|j|☆jungle and savage
|t:|1769413151
|gametype|singles
|player|p1|maneki uwu|serena-masters2|1122
|player|p2|jungle and savage|lucas|1160
|gen|9
|tier|[Gen 9] OU
|rated|
|rule|HP Percentage Mod: HP is shown in percentages
|rule|Endless Battle Clause: Forcing endless battles is banned
|rule|Species Clause: Limit one of each Pokémon
|rule|OHKO Clause: OHKO moves are banned
|rule|Evasion Items Clause: Evasion items are banned
|rule|Evasion Moves Clause: Evasion moves are banned
|rule|Evasion Abilities Clause: Evasion abilities are banned
|rule|Sleep Moves Clause: Sleep-inducing moves are banned
|clearpoke
|poke|p1|Serperior, M|
|poke|p1|Sylveon, F|
|poke|p1|Gliscor, M|
|poke|p1|Bisharp, F|
|poke|p1|Espeon, M|
|poke|p1|Ditto|
|poke|p2|Ariados, F|
|poke|p2|Flygon, F|
|poke|p2|Sandaconda, M|
|poke|p2|Overqwil, F|
|poke|p2|Heracross, M|
|poke|p2|Zarude|
|teampreview
|inactive|Battle timer is ON: inactive players will automatically lose when time's up. (requested by jungle and savage)
|
|t:|1769413165
|teamsize|p1|6
|teamsize|p2|6
|start
|switch|p1a: QI DE 143|Espeon, M|100/100
|switch|p2a: Overqwil|Overqwil, F|100/100
|-ability|p2a: Overqwil|Intimidate|boost
|-unboost|p1a: QI DE 143|atk|1
|turn|1
|
|t:|1769413173
|move|p1a: QI DE 143|Reflect|p1a: QI DE 143
|-sidestart|p1: maneki uwu|Reflect
|move|p2a: Overqwil|Crunch|p1a: QI DE 143
|-supereffective|p1a: QI DE 143
|-damage|p1a: QI DE 143|45/100
|
|upkeep
|turn|2
|
|t:|1769413186
|switch|p1a: Pepsi-man|Gliscor, M|100/100
|move|p2a: Overqwil|Crunch|p1a: Pepsi-man
|-damage|p1a: Pepsi-man|90/100
|
|-status|p1a: Pepsi-man|tox|[from] item: Toxic Orb
|upkeep
|turn|3
|
|t:|1769413199
|move|p2a: Overqwil|Barb Barrage|p1a: Pepsi-man
|-resisted|p1a: Pepsi-man
|-damage|p1a: Pepsi-man|81/100 tox
|move|p1a: Pepsi-man|Toxic|p2a: Overqwil
|-immune|p2a: Overqwil
|
|-heal|p1a: Pepsi-man|93/100 tox|[from] ability: Poison Heal
|upkeep
|turn|4
|inactive|jungle and savage has 120 seconds left.
|inactive|maneki uwu has 120 seconds left.
|
|t:|1769413261
|switch|p2a: Ariados|Ariados, F|100/100
|move|p1a: Pepsi-man|Earthquake|p2a: Ariados
|-damage|p2a: Ariados|58/100
|
|-heal|p1a: Pepsi-man|100/100 tox|[from] ability: Poison Heal
|upkeep
|turn|5
|inactive|jungle and savage has 120 seconds left.
|
|t:|1769413270
|move|p1a: Pepsi-man|Toxic|p2a: Ariados
|-immune|p2a: Ariados
|move|p2a: Ariados|Sticky Web|p1a: Pepsi-man
|-sidestart|p1: maneki uwu|move: Sticky Web
|
|upkeep
|turn|6
|inactive|maneki uwu has 120 seconds left.
|
|t:|1769413295
|move|p1a: Pepsi-man|Earthquake|p2a: Ariados
|-damage|p2a: Ariados|16/100
|move|p2a: Ariados|Megahorn|p1a: Pepsi-man
|-resisted|p1a: Pepsi-man
|-damage|p1a: Pepsi-man|94/100 tox
|
|-heal|p1a: Pepsi-man|100/100 tox|[from] ability: Poison Heal
|upkeep
|turn|7
|
|t:|1769413305
|move|p2a: Ariados|Sucker Punch|p1a: Pepsi-man
|-damage|p1a: Pepsi-man|96/100 tox
|move|p1a: Pepsi-man|Earthquake|p2a: Ariados
|-damage|p2a: Ariados|0 fnt
|faint|p2a: Ariados
|
|-heal|p1a: Pepsi-man|100/100 tox|[from] ability: Poison Heal
|upkeep
|
|t:|1769413315
|switch|p2a: Overqwil|Overqwil, F|100/100
|-ability|p2a: Overqwil|Intimidate|boost
|-unboost|p1a: Pepsi-man|atk|1
|turn|8
|inactive|maneki uwu has 120 seconds left.
|
|t:|1769413328
|move|p2a: Overqwil|Crunch|p1a: Pepsi-man
|-damage|p1a: Pepsi-man|89/100 tox
|move|p1a: Pepsi-man|Earthquake|p2a: Overqwil
|-supereffective|p2a: Overqwil
|-damage|p2a: Overqwil|48/100
|
|-heal|p2a: Overqwil|55/100|[from] item: Black Sludge
|-heal|p1a: Pepsi-man|100/100 tox|[from] ability: Poison Heal
|-sideend|p1: maneki uwu|Reflect
|upkeep
|turn|9
|inactive|maneki uwu has 120 seconds left.
|
|t:|1769413340
|move|p2a: Overqwil|Barb Barrage|p1a: Pepsi-man
|-resisted|p1a: Pepsi-man
|-damage|p1a: Pepsi-man|83/100 tox
|move|p1a: Pepsi-man|Earthquake|p2a: Overqwil
|-supereffective|p2a: Overqwil
|-damage|p2a: Overqwil|4/100
|
|-heal|p2a: Overqwil|10/100|[from] item: Black Sludge
|-heal|p1a: Pepsi-man|96/100 tox|[from] ability: Poison Heal
|upkeep
|turn|10
|
|t:|1769413350
|move|p2a: Overqwil|Crunch|p1a: Pepsi-man
|-damage|p1a: Pepsi-man|75/100 tox
|move|p1a: Pepsi-man|Earthquake|p2a: Overqwil
|-supereffective|p2a: Overqwil
|-damage|p2a: Overqwil|0 fnt
|faint|p2a: Overqwil
|
|-heal|p1a: Pepsi-man|87/100 tox|[from] ability: Poison Heal
|upkeep
|
|t:|1769413360
|switch|p2a: Zarude|Zarude|100/100
|turn|11
|
|t:|1769413373
|switch|p1a: Cobrassassin|Serperior, M|100/100
|-activate|p1a: Cobrassassin|move: Sticky Web
|-boost|p1a: Cobrassassin|spe|1
|move|p2a: Zarude|Power Whip|p1a: Cobrassassin
|-resisted|p1a: Cobrassassin
|-damage|p1a: Cobrassassin|63/100
|
|-heal|p1a: Cobrassassin|70/100|[from] item: Leftovers
|upkeep
|turn|12
|
|t:|1769413383
|switch|p2a: Heracross|Heracross, M|100/100
|move|p1a: Cobrassassin|Leaf Storm|p2a: Heracross
|-resisted|p2a: Heracross
|-damage|p2a: Heracross|75/100
|-boost|p1a: Cobrassassin|spa|2
|
|-heal|p1a: Cobrassassin|76/100|[from] item: Leftovers
|-status|p2a: Heracross|brn|[from] item: Flame Orb
|upkeep
|turn|13
|
|t:|1769413394
|-terastallize|p1a: Cobrassassin|Fire
|move|p1a: Cobrassassin|Tera Blast|p2a: Heracross|[anim] Tera Blast Fire
|-supereffective|p2a: Heracross
|-damage|p2a: Heracross|0 fnt
|faint|p2a: Heracross
|
|-heal|p1a: Cobrassassin|82/100|[from] item: Leftovers
|upkeep
|
|t:|1769413403
|switch|p2a: Flygon|Flygon, F|100/100
|turn|14
|
|t:|1769413411
|move|p1a: Cobrassassin|Leaf Storm|p2a: Flygon
|-damage|p2a: Flygon|0 fnt
|-boost|p1a: Cobrassassin|spa|2
|faint|p2a: Flygon
|
|-heal|p1a: Cobrassassin|88/100|[from] item: Leftovers
|upkeep
|
|t:|1769413419
|switch|p2a: Sandaconda|Sandaconda, M|100/100
|turn|15
|
|t:|1769413423
|-terastallize|p2a: Sandaconda|Dragon
|move|p1a: Cobrassassin|Leaf Storm|p2a: Sandaconda
|-resisted|p2a: Sandaconda
|-damage|p2a: Sandaconda|5/100
|-boost|p1a: Cobrassassin|spa|2
|move|p2a: Sandaconda|Earthquake|p1a: Cobrassassin
|-supereffective|p1a: Cobrassassin
|-damage|p1a: Cobrassassin|0 fnt
|faint|p1a: Cobrassassin
|
|-heal|p2a: Sandaconda|11/100|[from] item: Leftovers
|upkeep
|
|t:|1769413433
|switch|p1a: Pepsi-man|Gliscor, M|87/100 tox
|turn|16
|
|t:|1769413438
|move|p1a: Pepsi-man|Earthquake|p2a: Sandaconda
|-damage|p2a: Sandaconda|0 fnt
|faint|p2a: Sandaconda
|
|-heal|p1a: Pepsi-man|99/100 tox|[from] ability: Poison Heal
|upkeep
|
|t:|1769413445
|switch|p2a: Zarude|Zarude|100/100
|turn|17
|
|t:|1769413450
|move|p2a: Zarude|Power Whip|p1a: Pepsi-man
|-damage|p1a: Pepsi-man|65/100 tox
|move|p1a: Pepsi-man|Dual Wingbeat|p2a: Zarude
|-supereffective|p2a: Zarude
|-damage|p2a: Zarude|76/100
|-supereffective|p2a: Zarude
|-damage|p2a: Zarude|52/100
|-hitcount|p2a: Zarude|2
|
|-heal|p1a: Pepsi-man|78/100 tox|[from] ability: Poison Heal
|upkeep
|turn|18
|
|t:|1769413461
|move|p2a: Zarude|Power Whip|p1a: Pepsi-man|[miss]
|-miss|p2a: Zarude|p1a: Pepsi-man
|move|p1a: Pepsi-man|Dual Wingbeat|p2a: Zarude|[miss]
|-miss|p1a: Pepsi-man|p2a: Zarude
|
|-heal|p1a: Pepsi-man|90/100 tox|[from] ability: Poison Heal
|upkeep
|turn|19
|
|t:|1769413470
|move|p2a: Zarude|Power Whip|p1a: Pepsi-man
|-damage|p1a: Pepsi-man|54/100 tox
|move|p1a: Pepsi-man|Dual Wingbeat|p2a: Zarude
|-supereffective|p2a: Zarude
|-crit|p2a: Zarude
|-damage|p2a: Zarude|14/100
|-supereffective|p2a: Zarude
|-damage|p2a: Zarude|0 fnt
|faint|p2a: Zarude
|-hitcount|p2: Zarude|2
|
|win|maneki uwu
|raw|maneki uwu's rating: 1122 &rarr; <strong>1150</strong><br />(+28 for winning)
|raw|jungle and savage's rating: 1160 &rarr; <strong>1132</strong><br />(-28 for losing)
|l|☆maneki uwu
|player|p1|
|l|☆jungle and savage
|player|p2|
