|j|☆adobo809
|j|☆mcdungys
|t:|1769368452
|gametype|singles
|player|p1|adobo809|juan|1129
|player|p2|mcdungys|marlon|1188
|gen|9
|tier|[Gen 9] OU
|rated|
|rule|HP Percentage Mod: HP is shown in percentages
|rule|Endless Battle Clause: Forcing endless battles is banned
|rule|Species Clause: Limit one of each Pokémon
|rule|OHKO Clause: OHKO moves are banned
|rule|Evasion Items Clause: Evasion items are banned
|rule|Evasion Moves Clause: Evasion moves are banned
|rule|Evasion Abilities Clause: Evasion abilities are banned
|rule|Sleep Moves Clause: Sleep-inducing moves are banned
|clearpoke
|poke|p1|Cottonee, L1, M|
|poke|p1|Lilligant-Hisui, F|
|poke|p1|Torkoal, F|
|poke|p1|Clodsire, F|
|poke|p1|Dugtrio, F|
|poke|p1|Walking Wake|
|poke|p2|Sandaconda, M|
|poke|p2|Serperior, M|
|poke|p2|Dudunsparce-*, F|
|poke|p2|Orthworm, F|
|poke|p2|Eelektross, M|
|poke|p2|Gyarados, F|
|teampreview
|inactive|Battle timer is ON: inactive players will automatically lose when time's up. (requested by adobo809)
|inactive|mcdungys has 120 seconds left.
|
|t:|1769368502
|teamsize|p1|6
|teamsize|p2|6
|start
|switch|p1a: Clodsire|Clodsire, F|100/100
|switch|p2a: Gyarados|Gyarados, F|100/100
|-item|p1a: Clodsire|Air Balloon
|turn|1
|
|t:|1769368516
|move|p2a: Gyarados|Substitute|p2a: Gyarados
|-start|p2a: Gyarados|Substitute
|-damage|p2a: Gyarados|76/100
|move|p1a: Clodsire|Toxic||[still]
|-fail|p1a: Clodsire
|
|-heal|p2a: Gyarados|82/100|[from] item: Leftovers
|upkeep
|turn|2
|
|t:|1769368524
|move|p2a: Gyarados|Dragon Dance|p2a: Gyarados
|-boost|p2a: Gyarados|atk|1
|-boost|p2a: Gyarados|spe|1
|move|p1a: Clodsire|Stealth Rock|p2a: Gyarados
|-sidestart|p2: mcdungys|move: Stealth Rock
|
|-heal|p2a: Gyarados|88/100|[from] item: Leftovers
|upkeep
|turn|3
|
|t:|1769368534
|switch|p1a: Torkoal|Torkoal, F|100/100
|-weather|SunnyDay|[from] ability: Drought|[of] p1a: Torkoal
|move|p2a: Gyarados|Dragon Dance|p2a: Gyarados
|-boost|p2a: Gyarados|atk|1
|-boost|p2a: Gyarados|spe|1
|
|-weather|SunnyDay|[upkeep]
|-heal|p2a: Gyarados|94/100|[from] item: Leftovers
|upkeep
|turn|4
|
|t:|1769368549
|move|p2a: Gyarados|Scale Shot|p1a: Torkoal|[miss]
|-miss|p2a: Gyarados|p1a: Torkoal
|move|p1a: Torkoal|Lava Plume|p2a: Gyarados
|-resisted|p2a: Gyarados
|-crit|p2a: Gyarados
|-end|p2a: Gyarados|Substitute
|
|-weather|SunnyDay|[upkeep]
|-heal|p2a: Gyarados|99/100|[from] item: Leftovers
|upkeep
|turn|5
|
|t:|1769368560
|move|p2a: Gyarados|Substitute|p2a: Gyarados
|-start|p2a: Gyarados|Substitute
|-damage|p2a: Gyarados|75/100
|move|p1a: Torkoal|Lava Plume|p2a: Gyarados
|-resisted|p2a: Gyarados
|-end|p2a: Gyarados|Substitute
|
|-weather|SunnyDay|[upkeep]
|-heal|p2a: Gyarados|81/100|[from] item: Leftovers
|upkeep
|turn|6
|
|t:|1769368570
|move|p2a: Gyarados|Scale Shot|p1a: Torkoal
|-damage|p1a: Torkoal|87/100
|-damage|p1a: Torkoal|73/100
|-damage|p1a: Torkoal|59/100
|-hitcount|p1a: Torkoal|3
|-unboost|p2a: Gyarados|def|1
|-boost|p2a: Gyarados|spe|1
|move|p1a: Torkoal|Lava Plume|p2a: Gyarados
|-resisted|p2a: Gyarados
|-damage|p2a: Gyarados|52/100
|-status|p2a: Gyarados|brn
|
|-weather|SunnyDay|[upkeep]
|-heal|p2a: Gyarados|58/100 brn|[from] item: Leftovers
|-damage|p2a: Gyarados|52/100 brn|[from] brn
|upkeep
|turn|7
|
|t:|1769368588
|move|p2a: Gyarados|Scale Shot|p1a: Torkoal
|-damage|p1a: Torkoal|51/100
|-damage|p1a: Torkoal|45/100
|-damage|p1a: Torkoal|39/100
|-hitcount|p1a: Torkoal|3
|-unboost|p2a: Gyarados|def|1
|-boost|p2a: Gyarados|spe|1
|move|p1a: Torkoal|Lava Plume|p2a: Gyarados
|-resisted|p2a: Gyarados
|-damage|p2a: Gyarados|21/100 brn
|
|-weather|none
|-heal|p2a: Gyarados|27/100 brn|[from] item: Leftovers
|-damage|p2a: Gyarados|21/100 brn|[from] brn
|upkeep
|turn|8
|
|t:|1769368604
|switch|p1a: Clodsire|Clodsire, F|100/100
|-item|p1a: Clodsire|Air Balloon
|move|p2a: Gyarados|Waterfall|p1a: Clodsire
|-immune|p1a: Clodsire|[from] ability: Water Absorb
|
|-heal|p2a: Gyarados|27/100 brn|[from] item: Leftovers
|-damage|p2a: Gyarados|21/100 brn|[from] brn
|upkeep
|turn|9
|
|t:|1769368623
|switch|p1a: Torkoal|Torkoal, F|39/100
|-weather|SunnyDay|[from] ability: Drought|[of] p1a: Torkoal
|move|p2a: Gyarados|Scale Shot|p1a: Torkoal
|-damage|p1a: Torkoal|31/100
|-damage|p1a: Torkoal|25/100
|-hitcount|p1a: Torkoal|2
|-unboost|p2a: Gyarados|def|1
|-boost|p2a: Gyarados|spe|1
|
|-weather|SunnyDay|[upkeep]
|-heal|p2a: Gyarados|27/100 brn|[from] item: Leftovers
|-damage|p2a: Gyarados|21/100 brn|[from] brn
|upkeep
|turn|10
|
|t:|1769368640
|move|p2a: Gyarados|Waterfall|p1a: Torkoal
|-supereffective|p1a: Torkoal
|-damage|p1a: Torkoal|0 fnt
|faint|p1a: Torkoal
|-ability|p2a: Gyarados|Moxie|boost
|-boost|p2a: Gyarados|atk|1
|
|-weather|SunnyDay|[upkeep]
|-heal|p2a: Gyarados|27/100 brn|[from] item: Leftovers
|-damage|p2a: Gyarados|21/100 brn|[from] brn
|upkeep
|
|t:|1769368643
|switch|p1a: Dugtrio|Dugtrio, F|100/100
|turn|11
|
|t:|1769368658
|move|p1a: Dugtrio|Sucker Punch|p2a: Gyarados
|-damage|p2a: Gyarados|0 fnt
|faint|p2a: Gyarados
|
|-weather|SunnyDay|[upkeep]
|upkeep
|l|☆adobo809
|inactive|adobo809 disconnected and has a minute to reconnect!
|player|p1|
|
|t:|1769368673
|switch|p2a: Sandaconda|Sandaconda, M|100/100
|-damage|p2a: Sandaconda|94/100|[from] Stealth Rock
|turn|12
|inactive|mcdungys has 120 seconds left.
|inactive|adobo809 has 30 seconds to reconnect!
|j|☆adobo809
|inactive|adobo809 reconnected and has 120 seconds left.
|player|p1|adobo809|juan|
|
|t:|1769368711
|switch|p1a: Clodsire|Clodsire, F|100/100
|-item|p1a: Clodsire|Air Balloon
|move|p2a: Sandaconda|Scale Shot|p1a: Clodsire|[miss]
|-miss|p2a: Sandaconda|p1a: Clodsire
|
|-weather|SunnyDay|[upkeep]
|-heal|p2a: Sandaconda|100/100|[from] item: Leftovers
|upkeep
|turn|13
|inactive|mcdungys has 120 seconds left.
|
|t:|1769368724
|switch|p2a: Orthworm|Orthworm, F|100/100
|-damage|p2a: Orthworm|94/100|[from] Stealth Rock
|move|p1a: Clodsire|Toxic|p2a: Orthworm
|-immune|p2a: Orthworm
|
|-weather|none
|-heal|p2a: Orthworm|100/100|[from] item: Leftovers
|upkeep
|turn|14
|inactive|mcdungys has 120 seconds left.
|
|t:|1769368748
|switch|p1a: Walking Wake|Walking Wake|100/100
|-enditem|p1a: Walking Wake|Booster Energy
|-activate|p1a: Walking Wake|ability: Protosynthesis|[fromitem]
|-start|p1a: Walking Wake|protosynthesisspa
|move|p2a: Orthworm|Iron Defense|p2a: Orthworm
|-boost|p2a: Orthworm|def|2
|
|upkeep
|turn|15
|
|t:|1769368761
|move|p1a: Walking Wake|Flamethrower|p2a: Orthworm
|-supereffective|p2a: Orthworm
|-damage|p2a: Orthworm|15/100
|move|p2a: Orthworm|Body Press|p1a: Walking Wake
|-damage|p1a: Walking Wake|46/100
|
|-heal|p2a: Orthworm|21/100|[from] item: Leftovers
|upkeep
|turn|16
|
|t:|1769368782
|switch|p2a: Eelektross|Eelektross, M|100/100
|-damage|p2a: Eelektross|88/100|[from] Stealth Rock
|move|p1a: Walking Wake|Flamethrower|p2a: Eelektross
|-damage|p2a: Eelektross|69/100
|
|upkeep
|turn|17
|
|t:|1769368794
|move|p1a: Walking Wake|Draco Meteor|p2a: Eelektross
|-damage|p2a: Eelektross|26/100
|-unboost|p1a: Walking Wake|spa|2
|move|p2a: Eelektross|Knock Off|p1a: Walking Wake
|-damage|p1a: Walking Wake|30/100
|
|upkeep
|turn|18
|inactive|mcdungys has 90 seconds left.
|
|t:|1769368811
|-end|p1a: Walking Wake|Protosynthesis|[silent]
|switch|p1a: Dugtrio|Dugtrio, F|100/100
|move|p2a: Eelektross|Giga Drain|p1a: Dugtrio
|-supereffective|p1a: Dugtrio
|-damage|p1a: Dugtrio|19/100
|-heal|p2a: Eelektross|51/100|[from] drain|[of] p1a: Dugtrio
|
|upkeep
|turn|19
|inactive|mcdungys has 90 seconds left.
|
|t:|1769368836
|move|p1a: Dugtrio|Stone Edge|p2a: Eelektross
|-damage|p2a: Eelektross|16/100
|move|p2a: Eelektross|Giga Drain|p1a: Dugtrio
|-supereffective|p1a: Dugtrio
|-damage|p1a: Dugtrio|0 fnt
|-heal|p2a: Eelektross|22/100|[from] drain|[of] p1a: Dugtrio
|faint|p1a: Dugtrio
|
|upkeep
|
|t:|1769368851
|switch|p1a: Lilligant|Lilligant-Hisui, F|100/100
|turn|20
|inactive|mcdungys has 90 seconds left.
|
|t:|1769368864
|switch|p2a: Sandaconda|Sandaconda, M|100/100
|-damage|p2a: Sandaconda|94/100|[from] Stealth Rock
|move|p1a: Lilligant|Close Combat|p2a: Sandaconda
|-damage|p2a: Sandaconda|44/100
|-unboost|p1a: Lilligant|def|1
|-unboost|p1a: Lilligant|spd|1
|
|-heal|p2a: Sandaconda|50/100|[from] item: Leftovers
|upkeep
|turn|21
|inactive|mcdungys has 90 seconds left.
|
|t:|1769368880
|switch|p1a: Walking Wake|Walking Wake|30/100
|move|p2a: Sandaconda|Coil|p2a: Sandaconda
|-boost|p2a: Sandaconda|atk|1
|-boost|p2a: Sandaconda|def|1
|-boost|p2a: Sandaconda|accuracy|1
|
|-heal|p2a: Sandaconda|56/100|[from] item: Leftovers
|upkeep
|turn|22
|inactive|mcdungys has 90 seconds left.
|
|t:|1769368891
|move|p2a: Sandaconda|Scale Shot|p1a: Walking Wake
|-supereffective|p1a: Walking Wake
|-damage|p1a: Walking Wake|11/100
|-supereffective|p1a: Walking Wake
|-damage|p1a: Walking Wake|0 fnt
|faint|p1a: Walking Wake
|-end|p1a: Walking Wake|Protosynthesis|[silent]
|-hitcount|p1: Walking Wake|2
|-unboost|p2a: Sandaconda|def|1
|-boost|p2a: Sandaconda|spe|1
|
|-heal|p2a: Sandaconda|62/100|[from] item: Leftovers
|upkeep
|
|t:|1769368902
|switch|p1a: Clodsire|Clodsire, F|100/100
|-item|p1a: Clodsire|Air Balloon
|turn|23
|inactive|mcdungys has 90 seconds left.
|
|t:|1769368915
|move|p2a: Sandaconda|Scale Shot|p1a: Clodsire
|-damage|p1a: Clodsire|94/100
|-enditem|p1a: Clodsire|Air Balloon
|-damage|p1a: Clodsire|88/100
|-damage|p1a: Clodsire|81/100
|-damage|p1a: Clodsire|74/100
|-damage|p1a: Clodsire|68/100
|-hitcount|p1a: Clodsire|5
|-unboost|p2a: Sandaconda|def|1
|-boost|p2a: Sandaconda|spe|1
|move|p1a: Clodsire|Toxic|p2a: Sandaconda
|-status|p2a: Sandaconda|tox
|
|-heal|p2a: Sandaconda|68/100 tox|[from] item: Leftovers
|-damage|p2a: Sandaconda|62/100 tox|[from] psn
|upkeep
|turn|24
|inactive|mcdungys has 90 seconds left.
|
|t:|1769368934
|move|p2a: Sandaconda|Earthquake|p1a: Clodsire
|-supereffective|p1a: Clodsire
|-damage|p1a: Clodsire|0 fnt
|faint|p1a: Clodsire
|
|-heal|p2a: Sandaconda|68/100 tox|[from] item: Leftovers
|-damage|p2a: Sandaconda|56/100 tox|[from] psn
|upkeep
|
|t:|1769368951
|switch|p1a: Lilligant|Lilligant-Hisui, F|100/100
|turn|25
|inactive|mcdungys has 90 seconds left.
|
|t:|1769368977
|move|p2a: Sandaconda|Rest|p2a: Sandaconda
|-status|p2a: Sandaconda|slp|[from] move: Rest
|-heal|p2a: Sandaconda|100/100 slp|[silent]
|move|p1a: Lilligant|Solar Blade||[still]
|-prepare|p1a: Lilligant|Solar Blade
|
|upkeep
|turn|26
|c|☆adobo809|Omg hurry up
|
|t:|1769368988
|cant|p2a: Sandaconda|slp
|move|p1a: Lilligant|Solar Blade|p2a: Sandaconda|[from] lockedmove
|-supereffective|p2a: Sandaconda
|-damage|p2a: Sandaconda|0 fnt
|faint|p2a: Sandaconda
|
|upkeep
|inactive|mcdungys has 60 seconds left.
|
|t:|1769369021
|switch|p2a: Dudunsparce|Dudunsparce, F|100/100
|-damage|p2a: Dudunsparce|88/100|[from] Stealth Rock
|turn|27
|
|t:|1769369028
|move|p1a: Lilligant|Close Combat|p2a: Dudunsparce
|-supereffective|p2a: Dudunsparce
|-crit|p2a: Dudunsparce
|-damage|p2a: Dudunsparce|0 fnt
|-unboost|p1a: Lilligant|def|1
|-unboost|p1a: Lilligant|spd|1
|faint|p2a: Dudunsparce
|
|upkeep
|inactive|mcdungys has 60 seconds left.
|
|t:|1769369038
|switch|p2a: Serperior|Serperior, M|100/100
|-damage|p2a: Serperior|88/100|[from] Stealth Rock
|turn|28
|
|t:|1769369047
|move|p2a: Serperior|Glare|p1a: Lilligant
|-status|p1a: Lilligant|par
|move|p1a: Lilligant|Tera Blast|p2a: Serperior
|-damage|p2a: Serperior|75/100
|
|-heal|p2a: Serperior|82/100|[from] item: Leftovers
|upkeep
|turn|29
|
|t:|1769369054
|move|p2a: Serperior|Leaf Storm|p1a: Lilligant
|-resisted|p1a: Lilligant
|-damage|p1a: Lilligant|54/100 par
|-boost|p2a: Serperior|spa|2
|move|p1a: Lilligant|Close Combat|p2a: Serperior
|-damage|p2a: Serperior|6/100
|-unboost|p1a: Lilligant|def|1
|-unboost|p1a: Lilligant|spd|1
|
|-heal|p2a: Serperior|12/100|[from] item: Leftovers
|upkeep
|turn|30
|
|t:|1769369069
|move|p2a: Serperior|Leaf Storm|p1a: Lilligant
|-resisted|p1a: Lilligant
|-damage|p1a: Lilligant|0 fnt
|-boost|p2a: Serperior|spa|2
|faint|p1a: Lilligant
|
|-heal|p2a: Serperior|18/100|[from] item: Leftovers
|upkeep
|-message|adobo809 forfeited.
|
|win|mcdungys
|raw|adobo809's rating: 1129 &rarr; <strong>1108</strong><br />(-21 for losing)
|raw|mcdungys's rating: 1188 &rarr; <strong>1209</strong><br />(+21 for winning)
|l|☆adobo809
|player|p1|
|l|☆mcdungys
|player|p2|
