|j|☆C0m3tn111
|j|☆Bonehead64
|t:|1769343457
|gametype|singles
|player|p1|C0m3tn111|pokemaniac|1000
|player|p2|Bonehead64|2|1000
|gen|9
|tier|[Gen 9] OU
|rated|
|rule|HP Percentage Mod: HP is shown in percentages
|rule|Endless Battle Clause: Forcing endless battles is banned
|rule|Species Clause: Limit one of each Pokémon
|rule|OHKO Clause: OHKO moves are banned
|rule|Evasion Items Clause: Evasion items are banned
|rule|Evasion Moves Clause: Evasion moves are banned
|rule|Evasion Abilities Clause: Evasion abilities are banned
|rule|Sleep Moves Clause: Sleep-inducing moves are banned
|clearpoke
|poke|p1|Tinkaton, F|
|poke|p1|Dragapult, M|
|poke|p1|Armarouge, M|
|poke|p1|Ceruledge, M|
|poke|p1|Frosmoth, M|
|poke|p1|Primarina, M|
|poke|p2|Kingambit, F|
|poke|p2|Dragapult, F|
|poke|p2|Garchomp, F|
|poke|p2|Iron Valiant|
|poke|p2|Rillaboom, M|
|poke|p2|Heatran, F|
|teampreview
|
|t:|1769343471
|teamsize|p1|6
|teamsize|p2|6
|start
|switch|p1a: dark sasuke|Ceruledge, M|100/100
|switch|p2a: Dragapult|Dragapult, F, shiny|100/100
|turn|1
|
|t:|1769343484
|move|p1a: dark sasuke|Shadow Sneak|p2a: Dragapult
|-supereffective|p2a: Dragapult
|-damage|p2a: Dragapult|21/100
|-damage|p1a: dark sasuke|91/100|[from] item: Life Orb
|move|p2a: Dragapult|Draco Meteor|p1a: dark sasuke
|-damage|p1a: dark sasuke|0 fnt
|-unboost|p2a: Dragapult|spa|2
|faint|p1a: dark sasuke
|
|upkeep
|
|t:|1769343493
|switch|p1a: father of two|Dragapult, M|100/100
|turn|2
|
|t:|1769343523
|move|p1a: father of two|Dragon Darts|p2a: Dragapult
|-supereffective|p2a: Dragapult
|-damage|p2a: Dragapult|0 fnt
|faint|p2a: Dragapult
|-damage|p1a: father of two|91/100|[from] item: Life Orb
|
|upkeep
|
|t:|1769343531
|switch|p2a: Heatran|Heatran, F|100/100
|turn|3
|
|t:|1769343549
|switch|p1a: phobic parent son|Primarina, M|100/100
|move|p2a: Heatran|Magma Storm|p1a: phobic parent son
|-resisted|p1a: phobic parent son
|-damage|p1a: phobic parent son|82/100
|-activate|p1a: phobic parent son|move: Magma Storm|[of] p2a: Heatran
|
|-heal|p1a: phobic parent son|88/100|[from] item: Leftovers
|-damage|p1a: phobic parent son|75/100|[from] move: Magma Storm|[partiallytrapped]
|upkeep
|turn|4
|
|t:|1769343560
|move|p2a: Heatran|Earthquake|p1a: phobic parent son
|-damage|p1a: phobic parent son|58/100
|move|p1a: phobic parent son|Psychic Noise|p2a: Heatran
|-supereffective|p2a: Heatran
|-damage|p2a: Heatran|60/100
|-start|p2a: Heatran|move: Heal Block
|
|-heal|p1a: phobic parent son|65/100|[from] item: Leftovers
|-damage|p1a: phobic parent son|52/100|[from] move: Magma Storm|[partiallytrapped]
|upkeep
|turn|5
|
|t:|1769343572
|move|p2a: Heatran|Earth Power|p1a: phobic parent son
|-damage|p1a: phobic parent son|29/100
|move|p1a: phobic parent son|Draining Kiss|p2a: Heatran
|-resisted|p2a: Heatran
|-damage|p2a: Heatran|57/100
|-heal|p1a: phobic parent son|31/100|[from] drain|[of] p2a: Heatran
|
|-heal|p1a: phobic parent son|37/100|[from] item: Leftovers
|-damage|p1a: phobic parent son|25/100|[from] move: Magma Storm|[partiallytrapped]
|-end|p2a: Heatran|move: Heal Block
|upkeep
|turn|6
|
|t:|1769343586
|move|p2a: Heatran|Lunge|p1a: phobic parent son
|-resisted|p1a: phobic parent son
|-damage|p1a: phobic parent son|18/100
|-unboost|p1a: phobic parent son|atk|1
|move|p1a: phobic parent son|Psychic Noise|p2a: Heatran
|-supereffective|p2a: Heatran
|-damage|p2a: Heatran|17/100
|-start|p2a: Heatran|move: Heal Block
|
|-heal|p1a: phobic parent son|24/100|[from] item: Leftovers
|-damage|p1a: phobic parent son|12/100|[from] move: Magma Storm|[partiallytrapped]
|upkeep
|turn|7
|
|t:|1769343609
|move|p2a: Heatran|Earth Power|p1a: phobic parent son
|-damage|p1a: phobic parent son|0 fnt
|faint|p1a: phobic parent son
|
|-end|p2a: Heatran|move: Heal Block
|upkeep
|inactive|Battle timer is ON: inactive players will automatically lose when time's up. (requested by Bonehead64)
|
|t:|1769343615
|switch|p1a: knight thingy|Armarouge, M|100/100
|turn|8
|
|t:|1769343633
|move|p1a: knight thingy|Endure|p1a: knight thingy
|-singleturn|p1a: knight thingy|move: Endure
|move|p2a: Heatran|Earthquake|p1a: knight thingy
|-supereffective|p1a: knight thingy
|-damage|p1a: knight thingy|57/100
|-ability|p1a: knight thingy|Weak Armor|boost
|-unboost|p1a: knight thingy|def|1
|-boost|p1a: knight thingy|spe|2
|-enditem|p1a: knight thingy|Weakness Policy
|-boost|p1a: knight thingy|atk|2|[from] item: Weakness Policy
|-boost|p1a: knight thingy|spa|2|[from] item: Weakness Policy
|
|-heal|p2a: Heatran|24/100|[from] item: Leftovers
|upkeep
|turn|9
|
|t:|1769343650
|move|p1a: knight thingy|Psyshock|p2a: Heatran
|-resisted|p2a: Heatran
|-damage|p2a: Heatran|0 fnt
|faint|p2a: Heatran
|
|upkeep
|
|t:|1769343658
|switch|p2a: Kingambit|Kingambit, F, shiny|100/100
|-activate|p2a: Kingambit|ability: Supreme Overlord
|-start|p2a: Kingambit|fallen2|[silent]
|turn|10
|
|t:|1769343666
|move|p1a: knight thingy|Armor Cannon|p2a: Kingambit
|-supereffective|p2a: Kingambit
|-damage|p2a: Kingambit|0 fnt
|-unboost|p1a: knight thingy|def|1
|-unboost|p1a: knight thingy|spd|1
|faint|p2a: Kingambit
|-end|p2a: Kingambit|fallen2|[silent]
|
|upkeep
|
|t:|1769343676
|switch|p2a: Iron Valiant|Iron Valiant, shiny|100/100
|-enditem|p2a: Iron Valiant|Booster Energy
|-activate|p2a: Iron Valiant|ability: Quark Drive|[fromitem]
|-start|p2a: Iron Valiant|quarkdrivespe
|turn|11
|
|t:|1769343683
|move|p1a: knight thingy|Psyshock|p2a: Iron Valiant
|-supereffective|p2a: Iron Valiant
|-damage|p2a: Iron Valiant|0 fnt
|faint|p2a: Iron Valiant
|-end|p2a: Iron Valiant|Quark Drive|[silent]
|
|upkeep
|
|t:|1769343694
|switch|p2a: Garchomp|Garchomp, F|100/100
|turn|12
|
|t:|1769343708
|move|p1a: knight thingy|Energy Ball|p2a: Garchomp
|-damage|p2a: Garchomp|45/100
|move|p2a: Garchomp|Stealth Rock|p1a: knight thingy
|-sidestart|p1: C0m3tn111|move: Stealth Rock
|
|upkeep
|turn|13
|
|t:|1769343719
|move|p1a: knight thingy|Energy Ball|p2a: Garchomp
|-damage|p2a: Garchomp|0 fnt
|faint|p2a: Garchomp
|
|upkeep
|
|t:|1769343724
|switch|p2a: Rillaboom|Rillaboom, M, shiny|100/100
|-fieldstart|move: Grassy Terrain|[from] ability: Grassy Surge|[of] p2a: Rillaboom
|turn|14
|
|t:|1769343731
|move|p1a: knight thingy|Armor Cannon|p2a: Rillaboom
|-supereffective|p2a: Rillaboom
|-damage|p2a: Rillaboom|0 fnt
|-unboost|p1a: knight thingy|def|1
|-unboost|p1a: knight thingy|spd|1
|faint|p2a: Rillaboom
|
|win|C0m3tn111
|raw|C0m3tn111's rating: 1000 &rarr; <strong>1040</strong><br />(+40 for winning)
|raw|Bonehead64's rating: 1000 &rarr; <strong>1000</strong><br />(+0 for losing)
