|j|☆aimiliyatang
|j|☆cycyrobotv
|t:|1769410977
|gametype|singles
|player|p1|aimiliyatang|dawn|1262
|player|p2|cycyrobotv|101|1233
|gen|9
|tier|[Gen 9] OU
|rated|
|rule|HP Percentage Mod: HP is shown in percentages
|rule|Endless Battle Clause: Forcing endless battles is banned
|rule|Species Clause: Limit one of each Pokémon
|rule|OHKO Clause: OHKO moves are banned
|rule|Evasion Items Clause: Evasion items are banned
|rule|Evasion Moves Clause: Evasion moves are banned
|rule|Evasion Abilities Clause: Evasion abilities are banned
|rule|Sleep Moves Clause: Sleep-inducing moves are banned
|clearpoke
|poke|p1|Cinderace, M|
|poke|p1|Dragapult, F|
|poke|p1|Great Tusk|
|poke|p1|Corviknight, F|
|poke|p1|Ogerpon-Wellspring, F|
|poke|p1|Gliscor, M|
|poke|p2|Yanmega, F|
|poke|p2|Dragapult, M|
|poke|p2|Scizor, M|
|poke|p2|Great Tusk|
|poke|p2|Raging Bolt|
|poke|p2|Alomomola, M|
|teampreview
|inactive|Battle timer is ON: inactive players will automatically lose when time's up. (requested by aimiliyatang)
|
|t:|1769411024
|teamsize|p1|6
|teamsize|p2|6
|start
|switch|p1a: Cinderace|Cinderace, M|100/100
|switch|p2a: Dragapult|Dragapult, M|100/100
|turn|1
|
|t:|1769411028
|move|p2a: Dragapult|Dragon Darts|p1a: Cinderace
|-crit|p1a: Cinderace
|-damage|p1a: Cinderace|42/100
|-anim|p2a: Dragapult|Dragon Darts|p1a: Cinderace
|-damage|p1a: Cinderace|4/100
|move|p1a: Cinderace|U-turn|p2a: Dragapult
|-start|p1a: Cinderace|typechange|Bug|[from] ability: Libero
|-resisted|p2a: Dragapult
|-damage|p2a: Dragapult|61/100
|
|t:|1769411044
|switch|p1a: Ogerpon|Ogerpon-Wellspring, F|100/100|[from] U-turn
|
|upkeep
|turn|2
|
|t:|1769411065
|move|p2a: Dragapult|U-turn|p1a: Ogerpon
|-supereffective|p1a: Ogerpon
|-damage|p1a: Ogerpon|38/100
|
|t:|1769411073
|switch|p2a: call it|Raging Bolt|100/100|[from] U-turn
|move|p1a: Ogerpon|Knock Off|p2a: call it
|-damage|p2a: call it|69/100
|-enditem|p2a: call it|Leftovers|[from] move: Knock Off|[of] p1a: Ogerpon
|
|upkeep
|turn|3
|
|t:|1769411081
|switch|p1a: Gliscor|Gliscor, M|100/100
|move|p2a: call it|Dragon Pulse|p1a: Gliscor
|-damage|p1a: Gliscor|55/100
|
|-status|p1a: Gliscor|tox|[from] item: Toxic Orb
|upkeep
|turn|4
|
|t:|1769411089
|-end|p2a: call it|Protosynthesis|[silent]
|switch|p2a: the GOAT|Yanmega, F, shiny|100/100
|move|p1a: Gliscor|Earthquake|p2a: the GOAT
|-immune|p2a: the GOAT
|
|-heal|p1a: Gliscor|68/100 tox|[from] ability: Poison Heal
|upkeep
|turn|5
|
|t:|1769411114
|move|p2a: the GOAT|Air Slash|p1a: Gliscor
|-damage|p1a: Gliscor|17/100 tox
|-damage|p2a: the GOAT|91/100|[from] item: Life Orb
|cant|p1a: Gliscor|flinch
|
|-heal|p1a: Gliscor|29/100 tox|[from] ability: Poison Heal
|-ability|p2a: the GOAT|Speed Boost|boost
|-boost|p2a: the GOAT|spe|1
|upkeep
|turn|6
|
|t:|1769411122
|move|p2a: the GOAT|Air Slash|p1a: Gliscor
|-damage|p1a: Gliscor|0 fnt
|faint|p1a: Gliscor
|-damage|p2a: the GOAT|81/100|[from] item: Life Orb
|
|-ability|p2a: the GOAT|Speed Boost|boost
|-boost|p2a: the GOAT|spe|1
|upkeep
|
|t:|1769411128
|switch|p1a: Corviknight|Corviknight, F|100/100
|turn|7
|
|t:|1769411157
|switch|p2a: Alomomola|Alomomola, M|100/100
|move|p1a: Corviknight|Brave Bird|p2a: Alomomola
|-damage|p2a: Alomomola|76/100
|-damage|p1a: Corviknight|90/100|[from] Recoil
|
|upkeep
|turn|8
|
|t:|1769411163
|switch|p1a: Ogerpon|Ogerpon-Wellspring, F|38/100
|move|p2a: Alomomola|Flip Turn|p1a: Ogerpon
|-heal|p1a: Ogerpon|63/100|[from] ability: Water Absorb|[of] p2a: Alomomola
|
|upkeep
|turn|9
|c|☆cycyrobotv|oh my god bruh
|
|t:|1769411171
|move|p1a: Ogerpon|Knock Off|p2a: Alomomola
|-damage|p2a: Alomomola|54/100
|-enditem|p2a: Alomomola|Heavy-Duty Boots|[from] move: Knock Off|[of] p1a: Ogerpon
|move|p2a: Alomomola|Wish|p2a: Alomomola
|
|upkeep
|turn|10
|
|t:|1769411181
|switch|p2a: call it|Raging Bolt|69/100
|move|p1a: Ogerpon|U-turn|p2a: call it
|-damage|p2a: call it|48/100
|
|t:|1769411190
|switch|p1a: Great Tusk|Great Tusk|100/100|[from] U-turn
|
|-heal|p2a: call it|100/100|[from] move: Wish|[wisher] Alomomola
|upkeep
|turn|11
|
|t:|1769411214
|-end|p2a: call it|Protosynthesis|[silent]
|switch|p2a: the GOAT|Yanmega, F, shiny|81/100
|move|p1a: Great Tusk|Rapid Spin|p2a: the GOAT
|-damage|p2a: the GOAT|50/100
|-boost|p1a: Great Tusk|spe|1
|-damage|p1a: Great Tusk|91/100|[from] item: Life Orb
|
|upkeep
|turn|12
|
|t:|1769411225
|move|p2a: the GOAT|Protect|p2a: the GOAT
|-singleturn|p2a: the GOAT|Protect
|move|p1a: Great Tusk|Ice Spinner|p2a: the GOAT
|-activate|p2a: the GOAT|move: Protect
|
|-ability|p2a: the GOAT|Speed Boost|boost
|-boost|p2a: the GOAT|spe|1
|upkeep
|turn|13
|
|t:|1769411251
|switch|p2a: Alomomola|Alomomola, M|87/100
|-terastallize|p1a: Great Tusk|Ground
|move|p1a: Great Tusk|Ice Spinner|p2a: Alomomola
|-resisted|p2a: Alomomola
|-damage|p2a: Alomomola|77/100
|-damage|p1a: Great Tusk|81/100|[from] item: Life Orb
|
|upkeep
|turn|14
|
|t:|1769411258
|move|p1a: Great Tusk|Headlong Rush|p2a: Alomomola
|-damage|p2a: Alomomola|19/100
|-unboost|p1a: Great Tusk|def|1
|-unboost|p1a: Great Tusk|spd|1
|-damage|p1a: Great Tusk|71/100|[from] item: Life Orb
|move|p2a: Alomomola|Scald|p1a: Great Tusk
|-supereffective|p1a: Great Tusk
|-damage|p1a: Great Tusk|6/100
|
|upkeep
|turn|15
|
|t:|1769411266
|switch|p2a: Scizor|Scizor, M|100/100
|move|p1a: Great Tusk|Headlong Rush|p2a: Scizor
|-enditem|p2a: Scizor|Focus Sash
|-damage|p2a: Scizor|1/100
|-unboost|p1a: Great Tusk|def|1
|-unboost|p1a: Great Tusk|spd|1
|-damage|p1a: Great Tusk|0 fnt|[from] item: Life Orb
|faint|p1a: Great Tusk
|-end|p1a: Great Tusk|Protosynthesis|[silent]
|
|upkeep
|
|t:|1769411275
|switch|p1a: Dragapult|Dragapult, F|100/100
|turn|16
|
|t:|1769411295
|move|p2a: Scizor|Bullet Punch|p1a: Dragapult
|-damage|p1a: Dragapult|53/100
|move|p1a: Dragapult|Thunderbolt|p2a: Scizor
|-damage|p2a: Scizor|0 fnt
|faint|p2a: Scizor
|
|upkeep
|
|t:|1769411301
|switch|p2a: Dragapult|Dragapult, M|61/100
|turn|17
|
|t:|1769411305
|switch|p1a: Corviknight|Corviknight, F|90/100
|move|p2a: Dragapult|Sucker Punch||[still]
|-fail|p2a: Dragapult
|
|upkeep
|turn|18
|
|t:|1769411311
|move|p2a: Dragapult|Will-O-Wisp|p1a: Corviknight
|-status|p1a: Corviknight|brn
|move|p1a: Corviknight|Tailwind|p1a: Corviknight
|-sidestart|p1: aimiliyatang|move: Tailwind
|
|-damage|p1a: Corviknight|84/100 brn|[from] brn
|upkeep
|turn|19
|
|t:|1769411332
|move|p2a: Dragapult|Dragon Darts|p1a: Corviknight
|-resisted|p1a: Corviknight
|-damage|p1a: Corviknight|76/100 brn
|-anim|p2a: Dragapult|Dragon Darts|p1a: Corviknight
|-resisted|p1a: Corviknight
|-damage|p1a: Corviknight|68/100 brn
|move|p1a: Corviknight|Brave Bird|p2a: Dragapult
|-damage|p2a: Dragapult|29/100
|-damage|p1a: Corviknight|60/100 brn|[from] Recoil
|
|-damage|p1a: Corviknight|54/100 brn|[from] brn
|upkeep
|turn|20
|
|t:|1769411345
|switch|p1a: Dragapult|Dragapult, F|53/100
|move|p2a: Dragapult|U-turn|p1a: Dragapult
|-resisted|p1a: Dragapult
|-damage|p1a: Dragapult|38/100
|inactive|cycyrobotv has 120 seconds left.
|
|t:|1769411366
|switch|p2a: the GOAT|Yanmega, F, shiny|50/100|[from] U-turn
|
|upkeep
|turn|21
|
|t:|1769411370
|move|p2a: the GOAT|Protect|p2a: the GOAT
|-singleturn|p2a: the GOAT|Protect
|move|p1a: Dragapult|Flamethrower|p2a: the GOAT
|-activate|p2a: the GOAT|move: Protect
|
|-sideend|p1: aimiliyatang|move: Tailwind
|-ability|p2a: the GOAT|Speed Boost|boost
|-boost|p2a: the GOAT|spe|1
|upkeep
|turn|22
|
|t:|1769411381
|move|p2a: the GOAT|Air Slash|p1a: Dragapult
|-damage|p1a: Dragapult|0 fnt
|faint|p1a: Dragapult
|-damage|p2a: the GOAT|40/100|[from] item: Life Orb
|
|-ability|p2a: the GOAT|Speed Boost|boost
|-boost|p2a: the GOAT|spe|1
|upkeep
|-message|aimiliyatang forfeited.
|
|win|cycyrobotv
|raw|aimiliyatang's rating: 1262 &rarr; <strong>1235</strong><br />(-27 for losing)
|raw|cycyrobotv's rating: 1233 &rarr; <strong>1260</strong><br />(+27 for winning)
|l|☆aimiliyatang
|player|p1|
|l|☆cycyrobotv
|player|p2|
