|j|☆Trainermilton00
|j|☆slyddvicious
|t:|1769333042
|gametype|singles
|player|p1|Trainermilton00|morty|1192
|player|p2|slyddvicious|blackbelt-gen4dp|1227
|gen|9
|tier|[Gen 9] OU
|rated|
|rule|HP Percentage Mod: HP is shown in percentages
|rule|Endless Battle Clause: Forcing endless battles is banned
|rule|Species Clause: Limit one of each Pokémon
|rule|OHKO Clause: OHKO moves are banned
|rule|Evasion Items Clause: Evasion items are banned
|rule|Evasion Moves Clause: Evasion moves are banned
|rule|Evasion Abilities Clause: Evasion abilities are banned
|rule|Sleep Moves Clause: Sleep-inducing moves are banned
|clearpoke
|poke|p1|Samurott-Hisui, M|
|poke|p1|Gholdengo|
|poke|p1|Iron Valiant|
|poke|p1|Dragonite, F|
|poke|p1|Kingambit, F|
|poke|p1|Great Tusk|
|poke|p2|Ambipom, M|
|poke|p2|Weezing-Galar, M|
|poke|p2|Cinderace, F|
|poke|p2|Clefable, F|
|poke|p2|Gliscor, M|
|poke|p2|Gholdengo|
|teampreview
|inactive|Battle timer is ON: inactive players will automatically lose when time's up. (requested by slyddvicious)
|
|t:|1769333053
|teamsize|p1|6
|teamsize|p2|6
|start
|switch|p1a: Samurott|Samurott-Hisui, M|100/100
|switch|p2a: Cinderace|Cinderace, F|100/100
|turn|1
|
|t:|1769333064
|move|p1a: Samurott|Aqua Jet|p2a: Cinderace
|-supereffective|p2a: Cinderace
|-damage|p2a: Cinderace|48/100
|move|p2a: Cinderace|U-turn|p1a: Samurott
|-start|p2a: Cinderace|typechange|Bug|[from] ability: Libero
|-supereffective|p1a: Samurott
|-damage|p1a: Samurott|9/100
|
|t:|1769333072
|switch|p2a: Ambipom|Ambipom, M|100/100|[from] U-turn
|
|upkeep
|turn|2
|
|t:|1769333077
|move|p2a: Ambipom|U-turn|p1a: Samurott
|-supereffective|p1a: Samurott
|-damage|p1a: Samurott|0 fnt
|faint|p1a: Samurott
|
|t:|1769333081
|switch|p2a: Cinderace|Cinderace, F|48/100|[from] U-turn
|
|upkeep
|
|t:|1769333090
|switch|p1a: Iron Valiant|Iron Valiant|100/100
|-enditem|p1a: Iron Valiant|Booster Energy
|-activate|p1a: Iron Valiant|ability: Quark Drive|[fromitem]
|-start|p1a: Iron Valiant|quarkdrivespe
|turn|3
|
|t:|1769333100
|switch|p2a: Clefable|Clefable, F|100/100
|move|p1a: Iron Valiant|Calm Mind|p1a: Iron Valiant
|-boost|p1a: Iron Valiant|spa|1
|-boost|p1a: Iron Valiant|spd|1
|
|upkeep
|turn|4
|
|t:|1769333109
|-terastallize|p1a: Iron Valiant|Fairy
|move|p1a: Iron Valiant|Calm Mind|p1a: Iron Valiant
|-boost|p1a: Iron Valiant|spa|1
|-boost|p1a: Iron Valiant|spd|1
|move|p2a: Clefable|Thunder Wave|p1a: Iron Valiant
|-status|p1a: Iron Valiant|par
|
|upkeep
|turn|5
|
|t:|1769333119
|cant|p1a: Iron Valiant|par
|move|p2a: Clefable|Moonblast|p1a: Iron Valiant
|-damage|p1a: Iron Valiant|72/100 par
|
|upkeep
|turn|6
|
|t:|1769333131
|move|p1a: Iron Valiant|Calm Mind|p1a: Iron Valiant
|-boost|p1a: Iron Valiant|spa|1
|-boost|p1a: Iron Valiant|spd|1
|move|p2a: Clefable|Stealth Rock|p1a: Iron Valiant
|-sidestart|p1: Trainermilton00|move: Stealth Rock
|
|upkeep
|turn|7
|
|t:|1769333145
|move|p1a: Iron Valiant|Thunderbolt|p2a: Clefable
|-damage|p2a: Clefable|32/100
|move|p2a: Clefable|Moonblast|p1a: Iron Valiant
|-damage|p1a: Iron Valiant|51/100 par
|
|upkeep
|turn|8
|
|t:|1769333151
|cant|p1a: Iron Valiant|par
|move|p2a: Clefable|Moonlight|p2a: Clefable
|-heal|p2a: Clefable|82/100
|
|upkeep
|turn|9
|
|t:|1769333157
|move|p1a: Iron Valiant|Thunderbolt|p2a: Clefable
|-damage|p2a: Clefable|8/100
|move|p2a: Clefable|Moonblast|p1a: Iron Valiant
|-damage|p1a: Iron Valiant|29/100 par
|-unboost|p1a: Iron Valiant|spa|1
|
|upkeep
|turn|10
|
|t:|1769333168
|switch|p2a: Gliscor|Gliscor, M, shiny|100/100
|move|p1a: Iron Valiant|Thunderbolt|p2a: Gliscor
|-immune|p2a: Gliscor
|
|-status|p2a: Gliscor|tox|[from] item: Toxic Orb
|upkeep
|turn|11
|
|t:|1769333177
|move|p1a: Iron Valiant|Psyshock|p2a: Gliscor
|-damage|p2a: Gliscor|58/100 tox
|move|p2a: Gliscor|Spikes|p1a: Iron Valiant
|-sidestart|p1: Trainermilton00|Spikes
|
|-heal|p2a: Gliscor|71/100 tox|[from] ability: Poison Heal
|upkeep
|turn|12
|
|t:|1769333187
|move|p2a: Gliscor|Protect|p2a: Gliscor
|-singleturn|p2a: Gliscor|Protect
|move|p1a: Iron Valiant|Moonblast|p2a: Gliscor
|-activate|p2a: Gliscor|move: Protect
|
|-heal|p2a: Gliscor|83/100 tox|[from] ability: Poison Heal
|upkeep
|turn|13
|
|t:|1769333199
|move|p1a: Iron Valiant|Moonblast|p2a: Gliscor
|-damage|p2a: Gliscor|0 fnt
|faint|p2a: Gliscor
|
|upkeep
|
|t:|1769333204
|switch|p2a: Ambipom|Ambipom, M|100/100
|turn|14
|
|t:|1769333211
|move|p2a: Ambipom|Fake Out|p1a: Iron Valiant
|-crit|p1a: Iron Valiant
|-damage|p1a: Iron Valiant|0 fnt
|faint|p1a: Iron Valiant
|-end|p1a: Iron Valiant|Quark Drive|[silent]
|
|upkeep
|
|t:|1769333217
|switch|p1a: Gholdengo|Gholdengo|100/100
|-damage|p1a: Gholdengo|94/100|[from] Stealth Rock
|-item|p1a: Gholdengo|Air Balloon
|turn|15
|
|t:|1769333230
|move|p2a: Ambipom|Knock Off|p1a: Gholdengo
|-supereffective|p1a: Gholdengo
|-damage|p1a: Gholdengo|35/100
|-enditem|p1a: Gholdengo|Air Balloon
|move|p1a: Gholdengo|Make It Rain|p2a: Ambipom
|-damage|p2a: Ambipom|5/100
|-unboost|p1a: Gholdengo|spa|1
|
|upkeep
|turn|16
|
|t:|1769333240
|switch|p1a: Great Tusk|Great Tusk|100/100
|move|p2a: Ambipom|U-turn|p1a: Great Tusk
|-resisted|p1a: Great Tusk
|-damage|p1a: Great Tusk|94/100
|
|t:|1769333246
|switch|p2a: Weezing|Weezing-Galar, M|100/100|[from] U-turn
|-ability|p2a: Weezing|Neutralizing Gas
|
|upkeep
|turn|17
|
|t:|1769333254
|-terastallize|p2a: Weezing|Flying
|move|p1a: Great Tusk|Rapid Spin|p2a: Weezing
|-damage|p2a: Weezing|88/100
|-boost|p1a: Great Tusk|spe|1
|-sideend|p1: Trainermilton00|Spikes|[from] move: Rapid Spin|[of] p1a: Great Tusk
|-sideend|p1: Trainermilton00|Stealth Rock|[from] move: Rapid Spin|[of] p1a: Great Tusk
|move|p2a: Weezing|Will-O-Wisp|p1a: Great Tusk
|-status|p1a: Great Tusk|brn
|
|-damage|p1a: Great Tusk|88/100 brn|[from] brn
|upkeep
|turn|18
|
|t:|1769333267
|-end|p1a: Great Tusk|Protosynthesis|[silent]
|switch|p1a: Gholdengo|Gholdengo|35/100
|move|p2a: Weezing|Clear Smog|p1a: Gholdengo
|-immune|p1a: Gholdengo
|
|upkeep
|turn|19
|
|t:|1769333282
|-end|p2a: Weezing|ability: Neutralizing Gas
|switch|p2a: Clefable|Clefable, F|8/100
|move|p1a: Gholdengo|Recover|p1a: Gholdengo
|-heal|p1a: Gholdengo|86/100
|
|upkeep
|turn|20
|
|t:|1769333291
|move|p1a: Gholdengo|Make It Rain|p2a: Clefable
|-supereffective|p2a: Clefable
|-damage|p2a: Clefable|0 fnt
|-unboost|p1a: Gholdengo|spa|1
|faint|p2a: Clefable
|
|upkeep
|
|t:|1769333298
|switch|p2a: Gholdengo|Gholdengo|100/100
|turn|21
|
|t:|1769333311
|switch|p1a: Kingambit|Kingambit, F|100/100
|-activate|p1a: Kingambit|ability: Supreme Overlord
|-start|p1a: Kingambit|fallen2|[silent]
|move|p2a: Gholdengo|Shadow Ball|p1a: Kingambit
|-resisted|p1a: Kingambit
|-damage|p1a: Kingambit|77/100
|
|upkeep
|turn|22
|
|t:|1769333320
|switch|p2a: Weezing|Weezing-Galar, M, tera:Flying|88/100
|-ability|p2a: Weezing|Neutralizing Gas
|move|p1a: Kingambit|Swords Dance|p1a: Kingambit
|-boost|p1a: Kingambit|atk|2
|
|upkeep
|turn|23
|
|t:|1769333329
|move|p1a: Kingambit|Kowtow Cleave|p2a: Weezing
|-damage|p2a: Weezing|6/100
|move|p2a: Weezing|Will-O-Wisp|p1a: Kingambit
|-status|p1a: Kingambit|brn
|
|-damage|p1a: Kingambit|71/100 brn|[from] brn
|upkeep
|turn|24
|
|t:|1769333341
|move|p1a: Kingambit|Kowtow Cleave|p2a: Weezing
|-damage|p2a: Weezing|0 fnt
|faint|p2a: Weezing
|-end|p2a: Weezing|ability: Neutralizing Gas
|-activate|p1a: Kingambit|ability: Supreme Overlord
|-start|p1a: Kingambit|fallen2|[silent]
|
|-damage|p1a: Kingambit|64/100 brn|[from] brn
|upkeep
|
|t:|1769333349
|switch|p2a: Cinderace|Cinderace, F|48/100
|turn|25
|
|t:|1769333354
|move|p1a: Kingambit|Sucker Punch|p2a: Cinderace
|-damage|p2a: Cinderace|0 fnt
|faint|p2a: Cinderace
|
|-damage|p1a: Kingambit|58/100 brn|[from] brn
|upkeep
|
|t:|1769333364
|switch|p2a: Ambipom|Ambipom, M|5/100
|turn|26
|
|t:|1769333370
|move|p2a: Ambipom|Fake Out|p1a: Kingambit
|-resisted|p1a: Kingambit
|-damage|p1a: Kingambit|46/100 brn
|cant|p1a: Kingambit|flinch
|
|-damage|p1a: Kingambit|40/100 brn|[from] brn
|upkeep
|turn|27
|
|t:|1769333378
|move|p1a: Kingambit|Sucker Punch|p2a: Ambipom
|-damage|p2a: Ambipom|0 fnt
|faint|p2a: Ambipom
|
|-damage|p1a: Kingambit|34/100 brn|[from] brn
|upkeep
|
|t:|1769333383
|switch|p2a: Gholdengo|Gholdengo|100/100
|turn|28
|
|t:|1769333386
|move|p2a: Gholdengo|Trick|p1a: Kingambit
|-activate|p2a: Gholdengo|move: Trick|[of] p1a: Kingambit
|-item|p1a: Kingambit|Choice Scarf|[from] move: Trick
|-item|p2a: Gholdengo|Black Glasses|[from] move: Trick
|move|p1a: Kingambit|Kowtow Cleave|p2a: Gholdengo
|-supereffective|p2a: Gholdengo
|-damage|p2a: Gholdengo|0 fnt
|faint|p2a: Gholdengo
|
|win|Trainermilton00
|raw|Trainermilton00's rating: 1192 &rarr; <strong>1220</strong><br />(+28 for winning)
|raw|slyddvicious's rating: 1227 &rarr; <strong>1199</strong><br />(-28 for losing)
|l|☆Trainermilton00
|player|p1|
|l|☆slyddvicious
|player|p2|
