|j|☆Rubicouss
|j|☆adrian098
|t:|1769407704
|gametype|singles
|player|p1|Rubicouss|gambler|1251
|player|p2|adrian098|lucas|1248
|gen|9
|tier|[Gen 9] OU
|rated|
|rule|HP Percentage Mod: HP is shown in percentages
|rule|Endless Battle Clause: Forcing endless battles is banned
|rule|Species Clause: Limit one of each Pokémon
|rule|OHKO Clause: OHKO moves are banned
|rule|Evasion Items Clause: Evasion items are banned
|rule|Evasion Moves Clause: Evasion moves are banned
|rule|Evasion Abilities Clause: Evasion abilities are banned
|rule|Sleep Moves Clause: Sleep-inducing moves are banned
|clearpoke
|poke|p1|Torkoal, F|
|poke|p1|Brute Bonnet|
|poke|p1|Alomomola, F|
|poke|p1|Blissey, F|
|poke|p1|Great Tusk|
|poke|p1|Gholdengo|
|poke|p2|Great Tusk|
|poke|p2|Tyranitar, M|
|poke|p2|Rillaboom, M|
|poke|p2|Dragapult, M|
|poke|p2|Iron Crown|
|poke|p2|Clefable, F|
|teampreview
|
|t:|1769407712
|teamsize|p1|6
|teamsize|p2|6
|start
|switch|p1a: Torkoal|Torkoal, F|100/100
|switch|p2a: Great Tusk|Great Tusk|100/100
|-weather|SunnyDay|[from] ability: Drought|[of] p1a: Torkoal
|-activate|p2a: Great Tusk|ability: Protosynthesis
|-start|p2a: Great Tusk|protosynthesisatk
|turn|1
|
|t:|1769407718
|switch|p1a: Alomomola|Alomomola, F|100/100
|move|p2a: Great Tusk|Stealth Rock|p1a: Alomomola
|-sidestart|p1: Rubicouss|move: Stealth Rock
|
|-weather|SunnyDay|[upkeep]
|upkeep
|turn|2
|
|t:|1769407724
|-end|p2a: Great Tusk|Protosynthesis|[silent]
|switch|p2a: Rillaboom|Rillaboom, M|100/100
|-fieldstart|move: Grassy Terrain|[from] ability: Grassy Surge|[of] p2a: Rillaboom
|move|p1a: Alomomola|Flip Turn|p2a: Rillaboom
|-resisted|p2a: Rillaboom
|-damage|p2a: Rillaboom|97/100
|
|t:|1769407736
|switch|p1a: Torkoal|Torkoal, F|100/100|[from] Flip Turn
|-damage|p1a: Torkoal|76/100|[from] Stealth Rock
|
|-weather|SunnyDay|[upkeep]
|-heal|p2a: Rillaboom|100/100|[from] Grassy Terrain
|-heal|p1a: Torkoal|82/100|[from] Grassy Terrain
|upkeep
|turn|3
|
|t:|1769407742
|switch|p2a: Dragapult|Dragapult, M|100/100
|move|p1a: Torkoal|Stealth Rock|p2a: Dragapult
|-sidestart|p2: adrian098|move: Stealth Rock
|
|-weather|SunnyDay|[upkeep]
|-heal|p1a: Torkoal|88/100|[from] Grassy Terrain
|upkeep
|turn|4
|
|t:|1769407749
|switch|p1a: Blissey|Blissey, F|100/100
|-damage|p1a: Blissey|88/100|[from] Stealth Rock
|move|p2a: Dragapult|Draco Meteor|p1a: Blissey
|-damage|p1a: Blissey|56/100
|-unboost|p2a: Dragapult|spa|2
|
|-weather|SunnyDay|[upkeep]
|-heal|p1a: Blissey|62/100|[from] Grassy Terrain
|-heal|p1a: Blissey|68/100|[from] item: Leftovers
|upkeep
|turn|5
|
|t:|1769407759
|switch|p2a: Great Tusk|Great Tusk|100/100
|-damage|p2a: Great Tusk|97/100|[from] Stealth Rock
|-activate|p2a: Great Tusk|ability: Protosynthesis
|-start|p2a: Great Tusk|protosynthesisatk
|switch|p1a: Alomomola|Alomomola, F|100/100
|-damage|p1a: Alomomola|88/100|[from] Stealth Rock
|
|-weather|SunnyDay|[upkeep]
|-heal|p2a: Great Tusk|100/100|[from] Grassy Terrain
|-heal|p1a: Alomomola|94/100|[from] Grassy Terrain
|upkeep
|turn|6
|
|t:|1769407762
|move|p2a: Great Tusk|Rapid Spin|p1a: Alomomola
|-damage|p1a: Alomomola|82/100
|-boost|p2a: Great Tusk|spe|1
|-damage|p2a: Great Tusk|84/100|[from] item: Rocky Helmet|[of] p1a: Alomomola
|-sideend|p2: adrian098|Stealth Rock|[from] move: Rapid Spin|[of] p2a: Great Tusk
|move|p1a: Alomomola|Flip Turn|p2a: Great Tusk
|-supereffective|p2a: Great Tusk
|-damage|p2a: Great Tusk|73/100
|-damage|p1a: Alomomola|66/100|[from] item: Rocky Helmet|[of] p2a: Great Tusk
|
|t:|1769407777
|switch|p1a: Great Tusk|Great Tusk|100/100|[from] Flip Turn
|-activate|p1a: Great Tusk|ability: Protosynthesis
|-start|p1a: Great Tusk|protosynthesisatk
|
|-weather|SunnyDay|[upkeep]
|-heal|p2a: Great Tusk|79/100|[from] Grassy Terrain
|-fieldend|move: Grassy Terrain
|upkeep
|turn|7
|
|t:|1769407791
|-end|p2a: Great Tusk|Protosynthesis|[silent]
|switch|p2a: Dragapult|Dragapult, M|100/100
|move|p1a: Great Tusk|Rapid Spin|p2a: Dragapult
|-immune|p2a: Dragapult
|
|-weather|SunnyDay|[upkeep]
|upkeep
|turn|8
|
|t:|1769407797
|-end|p1a: Great Tusk|Protosynthesis|[silent]
|switch|p1a: Blissey|Blissey, F|68/100
|-damage|p1a: Blissey|56/100|[from] Stealth Rock
|move|p2a: Dragapult|Draco Meteor|p1a: Blissey
|-damage|p1a: Blissey|26/100
|-unboost|p2a: Dragapult|spa|2
|
|-weather|none
|-heal|p1a: Blissey|32/100|[from] item: Leftovers
|upkeep
|turn|9
|
|t:|1769407804
|switch|p2a: Iron Crown|Iron Crown|100/100
|-enditem|p2a: Iron Crown|Booster Energy
|-activate|p2a: Iron Crown|ability: Quark Drive|[fromitem]
|-start|p2a: Iron Crown|quarkdrivespe
|move|p1a: Blissey|Soft-Boiled|p1a: Blissey
|-heal|p1a: Blissey|82/100
|
|-heal|p1a: Blissey|88/100|[from] item: Leftovers
|upkeep
|turn|10
|
|t:|1769407808
|move|p2a: Iron Crown|Calm Mind|p2a: Iron Crown
|-boost|p2a: Iron Crown|spa|1
|-boost|p2a: Iron Crown|spd|1
|move|p1a: Blissey|Seismic Toss|p2a: Iron Crown
|-damage|p2a: Iron Crown|69/100
|
|-heal|p1a: Blissey|94/100|[from] item: Leftovers
|upkeep
|turn|11
|
|t:|1769407824
|move|p2a: Iron Crown|Psyshock|p1a: Blissey
|-damage|p1a: Blissey|44/100
|move|p1a: Blissey|Seismic Toss|p2a: Iron Crown
|-damage|p2a: Iron Crown|38/100
|
|-heal|p1a: Blissey|50/100|[from] item: Leftovers
|upkeep
|turn|12
|
|t:|1769407832
|switch|p1a: Brute Bonnet|Brute Bonnet|100/100
|-damage|p1a: Brute Bonnet|88/100|[from] Stealth Rock
|move|p2a: Iron Crown|Calm Mind|p2a: Iron Crown
|-boost|p2a: Iron Crown|spa|1
|-boost|p2a: Iron Crown|spd|1
|
|upkeep
|turn|13
|
|t:|1769407855
|-terastallize|p2a: Iron Crown|Flying
|move|p1a: Brute Bonnet|Sucker Punch|p2a: Iron Crown
|-damage|p2a: Iron Crown|4/100
|move|p2a: Iron Crown|Air Slash|p1a: Brute Bonnet
|-supereffective|p1a: Brute Bonnet
|-damage|p1a: Brute Bonnet|0 fnt
|faint|p1a: Brute Bonnet
|-end|p1a: Brute Bonnet|Protosynthesis|[silent]
|
|upkeep
|
|t:|1769407872
|switch|p1a: Blissey|Blissey, F|50/100
|-damage|p1a: Blissey|38/100|[from] Stealth Rock
|turn|14
|
|t:|1769407875
|move|p2a: Iron Crown|Psyshock|p1a: Blissey
|-damage|p1a: Blissey|0 fnt
|faint|p1a: Blissey
|
|upkeep
|
|t:|1769407888
|switch|p1a: Great Tusk|Great Tusk|100/100
|turn|15
|
|t:|1769407895
|-terastallize|p1a: Great Tusk|Steel
|move|p2a: Iron Crown|Air Slash|p1a: Great Tusk
|-resisted|p1a: Great Tusk
|-damage|p1a: Great Tusk|51/100
|cant|p1a: Great Tusk|flinch
|
|upkeep
|turn|16
|
|t:|1769407902
|move|p2a: Iron Crown|Tachyon Cutter|p1a: Great Tusk
|-resisted|p1a: Great Tusk
|-damage|p1a: Great Tusk|15/100
|-resisted|p1a: Great Tusk
|-damage|p1a: Great Tusk|0 fnt
|faint|p1a: Great Tusk
|-end|p1a: Great Tusk|Protosynthesis|[silent]
|-hitcount|p1: Great Tusk|2
|
|upkeep
|-message|Rubicouss forfeited.
|
|win|adrian098
|raw|Rubicouss's rating: 1251 &rarr; <strong>1225</strong><br />(-26 for losing)
|raw|adrian098's rating: 1244 &rarr; <strong>1270</strong><br />(+26 for winning)
|l|☆Rubicouss
|player|p1|
|l|☆adrian098
|player|p2|
