|j|‽Sngsvdvzbz
|j|☆solmetria
|t:|1769382192
|gametype|singles
|player|p1|Sngsvdvzbz|101|1000
|player|p2|solmetria|pilot|1044
|gen|9
|tier|[Gen 9] OU
|rated|
|rule|HP Percentage Mod: HP is shown in percentages
|rule|Endless Battle Clause: Forcing endless battles is banned
|rule|Species Clause: Limit one of each Pokémon
|rule|OHKO Clause: OHKO moves are banned
|rule|Evasion Items Clause: Evasion items are banned
|rule|Evasion Moves Clause: Evasion moves are banned
|rule|Evasion Abilities Clause: Evasion abilities are banned
|rule|Sleep Moves Clause: Sleep-inducing moves are banned
|clearpoke
|poke|p1|Deoxys-Speed|
|poke|p1|Zamazenta-*|
|poke|p1|Ogerpon-Wellspring, F|
|poke|p1|Darkrai|
|poke|p1|Ceruledge, M|
|poke|p1|Raging Bolt|
|poke|p2|Dragonite, F|
|poke|p2|Samurott-Hisui, M|
|poke|p2|Clefable, F|
|poke|p2|Gliscor, F|
|poke|p2|Gholdengo|
|poke|p2|Zamazenta-*|
|teampreview
|
|t:|1769382207
|teamsize|p1|6
|teamsize|p2|6
|start
|switch|p1a: Deoxys|Deoxys-Speed|100/100
|switch|p2a: Wekko|Samurott-Hisui, M|100/100
|-ability|p1a: Deoxys|Pressure
|turn|1
|
|t:|1769382226
|move|p1a: Deoxys|Reflect|p1a: Deoxys
|-sidestart|p1: Sngsvdvzbz|Reflect
|move|p2a: Wekko|Ceaseless Edge|p1a: Deoxys
|-supereffective|p1a: Deoxys
|-damage|p1a: Deoxys|49/100
|-sidestart|p1: Sngsvdvzbz|Spikes
|
|upkeep
|turn|2
|
|t:|1769382237
|move|p1a: Deoxys|Light Screen|p1a: Deoxys
|-sidestart|p1: Sngsvdvzbz|move: Light Screen
|move|p2a: Wekko|Ceaseless Edge|p1a: Deoxys
|-supereffective|p1a: Deoxys
|-damage|p1a: Deoxys|0 fnt
|-sidestart|p1: Sngsvdvzbz|Spikes
|faint|p1a: Deoxys
|
|upkeep
|
|t:|1769382241
|switch|p1a: Ogerpon|Ogerpon-Wellspring, F|100/100
|-damage|p1a: Ogerpon|84/100|[from] Spikes
|turn|3
|
|t:|1769382265
|switch|p2a: Worm|Dragonite, F|100/100
|move|p1a: Ogerpon|Swords Dance|p1a: Ogerpon
|-boost|p1a: Ogerpon|atk|2
|
|upkeep
|turn|4
|
|t:|1769382278
|move|p1a: Ogerpon|Ivy Cudgel|p2a: Worm|[anim] Ivy Cudgel Water
|-resisted|p2a: Worm
|-damage|p2a: Worm|70/100
|move|p2a: Worm|Dragon Dance|p2a: Worm
|-boost|p2a: Worm|atk|1
|-boost|p2a: Worm|spe|1
|
|upkeep
|turn|5
|
|t:|1769382299
|move|p2a: Worm|Roost|p2a: Worm
|-heal|p2a: Worm|100/100
|-singleturn|p2a: Worm|move: Roost
|move|p1a: Ogerpon|Play Rough|p2a: Worm
|-supereffective|p2a: Worm
|-damage|p2a: Worm|30/100
|
|upkeep
|turn|6
|
|t:|1769382322
|switch|p2a: Drake|Gliscor, F|100/100
|move|p1a: Ogerpon|Play Rough|p2a: Drake
|-damage|p2a: Drake|41/100
|
|-status|p2a: Drake|tox|[from] item: Toxic Orb
|upkeep
|turn|7
|
|t:|1769382331
|move|p2a: Drake|Protect|p2a: Drake
|-singleturn|p2a: Drake|Protect
|move|p1a: Ogerpon|Ivy Cudgel|p2a: Drake|[anim] Ivy Cudgel Water
|-activate|p2a: Drake|move: Protect
|
|-heal|p2a: Drake|53/100 tox|[from] ability: Poison Heal
|upkeep
|turn|8
|
|t:|1769382380
|-terastallize|p2a: Drake|Normal
|move|p1a: Ogerpon|Ivy Cudgel|p2a: Drake|[anim] Ivy Cudgel Water
|-damage|p2a: Drake|0 fnt
|faint|p2a: Drake
|
|-sideend|p1: Sngsvdvzbz|Reflect
|upkeep
|inactive|Battle timer is ON: inactive players will automatically lose when time's up. (requested by Sngsvdvzbz)
|inactive|solmetria has 120 seconds left.
|
|t:|1769382412
|switch|p2a: Travis Scott|Zamazenta|100/100
|-ability|p2a: Travis Scott|Dauntless Shield|boost
|-boost|p2a: Travis Scott|def|1
|turn|9
|
|t:|1769382430
|switch|p1a: Ceruledge|Ceruledge, M|100/100
|move|p2a: Travis Scott|Iron Defense|p2a: Travis Scott
|-boost|p2a: Travis Scott|def|2
|
|-sideend|p1: Sngsvdvzbz|move: Light Screen
|upkeep
|turn|10
|
|t:|1769382449
|switch|p1a: Raging Bolt|Raging Bolt|100/100
|-damage|p1a: Raging Bolt|84/100|[from] Spikes
|-enditem|p1a: Raging Bolt|Booster Energy
|-activate|p1a: Raging Bolt|ability: Protosynthesis|[fromitem]
|-start|p1a: Raging Bolt|protosynthesisspa
|move|p2a: Travis Scott|Crunch|p1a: Raging Bolt
|-damage|p1a: Raging Bolt|61/100
|
|upkeep
|turn|11
|
|t:|1769382464
|move|p1a: Raging Bolt|Thunderclap||[still]
|-fail|p1a: Raging Bolt
|move|p2a: Travis Scott|Roar|p1a: Raging Bolt
|-end|p1a: Raging Bolt|Protosynthesis|[silent]
|drag|p1a: Darkrai|Darkrai|100/100
|
|upkeep
|turn|12
|
|t:|1769382473
|-terastallize|p1a: Darkrai|Poison
|move|p2a: Travis Scott|Body Press|p1a: Darkrai
|-resisted|p1a: Darkrai
|-damage|p1a: Darkrai|41/100
|move|p1a: Darkrai|Sludge Bomb|p2a: Travis Scott
|-damage|p2a: Travis Scott|53/100
|
|-heal|p2a: Travis Scott|59/100|[from] item: Leftovers
|upkeep
|turn|13
|
|t:|1769382489
|move|p2a: Travis Scott|Body Press|p1a: Darkrai
|-resisted|p1a: Darkrai
|-damage|p1a: Darkrai|0 fnt
|faint|p1a: Darkrai
|
|-heal|p2a: Travis Scott|65/100|[from] item: Leftovers
|upkeep
|
|t:|1769382494
|switch|p1a: Raging Bolt|Raging Bolt|61/100
|-damage|p1a: Raging Bolt|44/100|[from] Spikes
|turn|14
|
|t:|1769382505
|move|p2a: Travis Scott|Body Press|p1a: Raging Bolt
|-damage|p1a: Raging Bolt|0 fnt
|faint|p1a: Raging Bolt
|-end|p1a: Raging Bolt|Protosynthesis|[silent]
|
|-heal|p2a: Travis Scott|72/100|[from] item: Leftovers
|upkeep
|
|t:|1769382508
|switch|p1a: Ceruledge|Ceruledge, M|100/100
|turn|15
|
|t:|1769382517
|move|p2a: Travis Scott|Crunch|p1a: Ceruledge
|-supereffective|p1a: Ceruledge
|-damage|p1a: Ceruledge|36/100
|-unboost|p1a: Ceruledge|def|1
|-ability|p1a: Ceruledge|Weak Armor|boost
|-unboost|p1a: Ceruledge|def|1
|-boost|p1a: Ceruledge|spe|2
|move|p1a: Ceruledge|Swords Dance|p1a: Ceruledge
|-boost|p1a: Ceruledge|atk|2
|
|-heal|p2a: Travis Scott|78/100|[from] item: Leftovers
|upkeep
|turn|16
|
|t:|1769382528
|move|p1a: Ceruledge|Bitter Blade|p2a: Travis Scott
|-damage|p2a: Travis Scott|45/100
|-heal|p1a: Ceruledge|53/100|[from] drain|[of] p2a: Travis Scott
|move|p2a: Travis Scott|Crunch|p1a: Ceruledge
|-supereffective|p1a: Ceruledge
|-damage|p1a: Ceruledge|0 fnt
|faint|p1a: Ceruledge
|
|-heal|p2a: Travis Scott|51/100|[from] item: Leftovers
|upkeep
|
|t:|1769382533
|switch|p1a: Zamazenta|Zamazenta|100/100
|-damage|p1a: Zamazenta|84/100|[from] Spikes
|-ability|p1a: Zamazenta|Dauntless Shield|boost
|-boost|p1a: Zamazenta|def|1
|turn|17
|
|t:|1769382553
|switch|p2a: Ashy|Clefable, F|100/100
|move|p1a: Zamazenta|Iron Defense|p1a: Zamazenta
|-boost|p1a: Zamazenta|def|2
|
|-heal|p1a: Zamazenta|90/100|[from] item: Leftovers
|upkeep
|turn|18
|
|t:|1769382567
|move|p1a: Zamazenta|Heavy Slam|p2a: Ashy
|-supereffective|p2a: Ashy
|-damage|p2a: Ashy|52/100
|-damage|p1a: Zamazenta|73/100|[from] item: Rocky Helmet|[of] p2a: Ashy
|move|p2a: Ashy|Moonblast|p1a: Zamazenta
|-supereffective|p1a: Zamazenta
|-damage|p1a: Zamazenta|16/100
|
|-heal|p1a: Zamazenta|22/100|[from] item: Leftovers
|upkeep
|turn|19
|
|t:|1769382580
|move|p1a: Zamazenta|Heavy Slam|p2a: Ashy
|-supereffective|p2a: Ashy
|-damage|p2a: Ashy|3/100
|-damage|p1a: Zamazenta|6/100|[from] item: Rocky Helmet|[of] p2a: Ashy
|move|p2a: Ashy|Moonblast|p1a: Zamazenta
|-supereffective|p1a: Zamazenta
|-damage|p1a: Zamazenta|0 fnt
|faint|p1a: Zamazenta
|
|upkeep
|-message|Sngsvdvzbz forfeited.
|
|win|solmetria
|raw|Sngsvdvzbz's rating: 1000 &rarr; <strong>1000</strong><br />(+0 for losing)
|raw|solmetria's rating: 1044 &rarr; <strong>1073</strong><br />(+29 for winning)
|l|‽Sngsvdvzbz
|player|p1|
|c|☆solmetria|gg
