|j|☆flandoid
|j|☆Dat boii fam
|t:|1769435598
|gametype|singles
|player|p1|flandoid|265|1345
|player|p2|Dat boii fam|li|1317
|gen|9
|tier|[Gen 9] OU
|rated|
|rule|HP Percentage Mod: HP is shown in percentages
|rule|Endless Battle Clause: Forcing endless battles is banned
|rule|Species Clause: Limit one of each Pokémon
|rule|OHKO Clause: OHKO moves are banned
|rule|Evasion Items Clause: Evasion items are banned
|rule|Evasion Moves Clause: Evasion moves are banned
|rule|Evasion Abilities Clause: Evasion abilities are banned
|rule|Sleep Moves Clause: Sleep-inducing moves are banned
|clearpoke
|poke|p1|Kommo-o, F|
|poke|p1|Gholdengo|
|poke|p1|Ninetales-Alola, M|
|poke|p1|Hatterene, F|
|poke|p1|Zamazenta-*|
|poke|p1|Kingambit, F|
|poke|p2|Hippowdon, M|
|poke|p2|Sandslash, M|
|poke|p2|Excadrill, M|
|poke|p2|Tyranitar, M|
|poke|p2|Gliscor, M|
|poke|p2|Deoxys-Defense|
|teampreview
|inactive|Battle timer is ON: inactive players will automatically lose when time's up. (requested by flandoid)
|
|t:|1769435623
|teamsize|p1|6
|teamsize|p2|6
|start
|switch|p1a: Zamazenta|Zamazenta|100/100
|switch|p2a: Gliscor|Gliscor, M|100/100
|-ability|p1a: Zamazenta|Dauntless Shield|boost
|-boost|p1a: Zamazenta|def|1
|turn|1
|
|t:|1769435637
|switch|p1a: Ninetales|Ninetales-Alola, M|100/100
|-weather|Snowscape|[from] ability: Snow Warning|[of] p1a: Ninetales
|move|p2a: Gliscor|Toxic Spikes|p1a: Ninetales
|-sidestart|p1: flandoid|move: Toxic Spikes
|
|-weather|Snowscape|[upkeep]
|-status|p2a: Gliscor|tox|[from] item: Toxic Orb
|upkeep
|turn|2
|
|t:|1769435646
|switch|p2a: Tyranitar|Tyranitar, M|100/100
|-weather|Sandstorm|[from] ability: Sand Stream|[of] p2a: Tyranitar
|move|p1a: Ninetales|Aurora Veil||[still]
|-fail|p1a: Ninetales
|
|-weather|Sandstorm|[upkeep]
|-damage|p1a: Ninetales|94/100|[from] Sandstorm
|upkeep
|turn|3
|
|t:|1769435655
|move|p1a: Ninetales|Snowscape|p1a: Ninetales
|-weather|Snowscape
|move|p2a: Tyranitar|Knock Off|p1a: Ninetales
|-resisted|p1a: Ninetales
|-damage|p1a: Ninetales|73/100
|-enditem|p1a: Ninetales|Light Clay|[from] move: Knock Off|[of] p2a: Tyranitar
|
|-weather|Snowscape|[upkeep]
|upkeep
|turn|4
|
|t:|1769435661
|move|p1a: Ninetales|Aurora Veil|p1a: Ninetales
|-sidestart|p1: flandoid|move: Aurora Veil
|move|p2a: Tyranitar|Stone Edge|p1a: Ninetales
|-supereffective|p1a: Ninetales
|-damage|p1a: Ninetales|31/100
|
|-weather|Snowscape|[upkeep]
|upkeep
|turn|5
|
|t:|1769435676
|switch|p1a: Hatterene|Hatterene, F|100/100
|-status|p1a: Hatterene|psn
|switch|p2a: Deoxys|Deoxys-Defense|100/100
|-ability|p2a: Deoxys|Pressure
|
|-weather|Snowscape|[upkeep]
|-damage|p1a: Hatterene|88/100 psn|[from] psn
|upkeep
|turn|6
|
|t:|1769435687
|move|p2a: Deoxys|Light Screen|p2a: Deoxys
|-sidestart|p2: Dat boii fam|move: Light Screen
|move|p1a: Hatterene|Calm Mind|p1a: Hatterene
|-boost|p1a: Hatterene|spa|1
|-boost|p1a: Hatterene|spd|1
|
|-weather|Snowscape|[upkeep]
|-damage|p1a: Hatterene|76/100 psn|[from] psn
|upkeep
|turn|7
|
|t:|1769435697
|switch|p2a: Tyranitar|Tyranitar, M|100/100
|-weather|Sandstorm|[from] ability: Sand Stream|[of] p2a: Tyranitar
|move|p1a: Hatterene|Calm Mind|p1a: Hatterene
|-boost|p1a: Hatterene|spa|1
|-boost|p1a: Hatterene|spd|1
|
|-weather|Sandstorm|[upkeep]
|-damage|p1a: Hatterene|70/100 psn|[from] Sandstorm
|-damage|p1a: Hatterene|58/100 psn|[from] psn
|upkeep
|turn|8
|
|t:|1769435709
|switch|p2a: Deoxys|Deoxys-Defense|100/100
|-ability|p2a: Deoxys|Pressure
|move|p1a: Hatterene|Calm Mind|p1a: Hatterene
|-boost|p1a: Hatterene|spa|1
|-boost|p1a: Hatterene|spd|1
|
|-weather|Sandstorm|[upkeep]
|-damage|p2a: Deoxys|95/100|[from] Sandstorm
|-damage|p1a: Hatterene|52/100 psn|[from] Sandstorm
|-damage|p1a: Hatterene|39/100 psn|[from] psn
|-sideend|p1: flandoid|move: Aurora Veil
|upkeep
|turn|9
|
|t:|1769435720
|move|p2a: Deoxys|Psychic Noise|p1a: Hatterene
|-resisted|p1a: Hatterene
|-damage|p1a: Hatterene|35/100 psn
|move|p1a: Hatterene|Draining Kiss|p2a: Deoxys
|-damage|p2a: Deoxys|74/100
|-heal|p1a: Hatterene|50/100 psn|[from] drain|[of] p2a: Deoxys
|
|-weather|Sandstorm|[upkeep]
|-damage|p2a: Deoxys|68/100|[from] Sandstorm
|-damage|p1a: Hatterene|44/100 psn|[from] Sandstorm
|-damage|p1a: Hatterene|31/100 psn|[from] psn
|upkeep
|turn|10
|
|t:|1769435731
|move|p2a: Deoxys|Psychic Noise|p1a: Hatterene
|-resisted|p1a: Hatterene
|-damage|p1a: Hatterene|27/100 psn
|move|p1a: Hatterene|Draining Kiss|p2a: Deoxys
|-damage|p2a: Deoxys|49/100
|-heal|p1a: Hatterene|40/100 psn|[from] drain|[of] p2a: Deoxys
|
|-weather|Sandstorm|[upkeep]
|-damage|p2a: Deoxys|43/100|[from] Sandstorm
|-damage|p1a: Hatterene|34/100 psn|[from] Sandstorm
|-damage|p1a: Hatterene|22/100 psn|[from] psn
|upkeep
|turn|11
|
|t:|1769435742
|move|p2a: Deoxys|Recover|p2a: Deoxys
|-heal|p2a: Deoxys|93/100
|move|p1a: Hatterene|Draining Kiss|p2a: Deoxys
|-damage|p2a: Deoxys|74/100
|-heal|p1a: Hatterene|36/100 psn|[from] drain|[of] p2a: Deoxys
|
|-weather|Sandstorm|[upkeep]
|-damage|p2a: Deoxys|68/100|[from] Sandstorm
|-damage|p1a: Hatterene|30/100 psn|[from] Sandstorm
|-damage|p1a: Hatterene|18/100 psn|[from] psn
|upkeep
|turn|12
|
|t:|1769435752
|move|p2a: Deoxys|Recover|p2a: Deoxys
|-heal|p2a: Deoxys|100/100
|move|p1a: Hatterene|Draining Kiss|p2a: Deoxys
|-damage|p2a: Deoxys|80/100
|-heal|p1a: Hatterene|33/100 psn|[from] drain|[of] p2a: Deoxys
|
|-weather|Sandstorm|[upkeep]
|-damage|p2a: Deoxys|74/100|[from] Sandstorm
|-damage|p1a: Hatterene|27/100 psn|[from] Sandstorm
|-damage|p1a: Hatterene|14/100 psn|[from] psn
|upkeep
|turn|13
|
|t:|1769435762
|move|p2a: Deoxys|Psychic Noise|p1a: Hatterene
|-resisted|p1a: Hatterene
|-damage|p1a: Hatterene|10/100 psn
|move|p1a: Hatterene|Draining Kiss|p2a: Deoxys
|-damage|p2a: Deoxys|55/100
|-heal|p1a: Hatterene|24/100 psn|[from] drain|[of] p2a: Deoxys
|
|-weather|Sandstorm|[upkeep]
|-damage|p2a: Deoxys|49/100|[from] Sandstorm
|-damage|p1a: Hatterene|18/100 psn|[from] Sandstorm
|-damage|p1a: Hatterene|6/100 psn|[from] psn
|-sideend|p2: Dat boii fam|move: Light Screen
|upkeep
|turn|14
|
|t:|1769435773
|move|p2a: Deoxys|Light Screen|p2a: Deoxys
|-sidestart|p2: Dat boii fam|move: Light Screen
|move|p1a: Hatterene|Draining Kiss|p2a: Deoxys
|-damage|p2a: Deoxys|29/100
|-heal|p1a: Hatterene|20/100 psn|[from] drain|[of] p2a: Deoxys
|
|-weather|none
|-damage|p1a: Hatterene|7/100 psn|[from] psn
|upkeep
|turn|15
|
|t:|1769435781
|move|p2a: Deoxys|Recover|p2a: Deoxys
|-heal|p2a: Deoxys|79/100
|move|p1a: Hatterene|Draining Kiss|p2a: Deoxys
|-damage|p2a: Deoxys|59/100
|-heal|p1a: Hatterene|22/100 psn|[from] drain|[of] p2a: Deoxys
|
|-damage|p1a: Hatterene|9/100 psn|[from] psn
|upkeep
|turn|16
|
|t:|1769435790
|move|p2a: Deoxys|Psychic Noise|p1a: Hatterene
|-resisted|p1a: Hatterene
|-damage|p1a: Hatterene|5/100 psn
|move|p1a: Hatterene|Psychic Noise|p2a: Deoxys
|-resisted|p2a: Deoxys
|-damage|p2a: Deoxys|44/100
|-start|p2a: Deoxys|move: Heal Block
|
|-damage|p1a: Hatterene|0 fnt|[from] psn
|faint|p1a: Hatterene
|upkeep
|
|t:|1769435801
|switch|p1a: Ninetales|Ninetales-Alola, M|31/100
|-status|p1a: Ninetales|psn
|-weather|Snowscape|[from] ability: Snow Warning|[of] p1a: Ninetales
|turn|17
|
|t:|1769435807
|switch|p2a: Tyranitar|Tyranitar, M|100/100
|-weather|Sandstorm|[from] ability: Sand Stream|[of] p2a: Tyranitar
|move|p1a: Ninetales|Aurora Veil||[still]
|-fail|p1a: Ninetales
|
|-weather|Sandstorm|[upkeep]
|-damage|p1a: Ninetales|25/100 psn|[from] Sandstorm
|-damage|p1a: Ninetales|13/100 psn|[from] psn
|upkeep
|turn|18
|
|t:|1769435825
|move|p1a: Ninetales|Snowscape|p1a: Ninetales
|-weather|Snowscape
|move|p2a: Tyranitar|Low Kick|p1a: Ninetales
|-damage|p1a: Ninetales|2/100 psn
|
|-weather|Snowscape|[upkeep]
|-damage|p1a: Ninetales|0 fnt|[from] psn
|faint|p1a: Ninetales
|upkeep
|
|t:|1769435835
|switch|p1a: Kommo-o|Kommo-o, F|100/100
|-status|p1a: Kommo-o|psn
|turn|19
|
|t:|1769435841
|switch|p2a: Hippowdon|Hippowdon, M|100/100
|-weather|Sandstorm|[from] ability: Sand Stream|[of] p2a: Hippowdon
|move|p1a: Kommo-o|Clangorous Soul|p1a: Kommo-o
|-boost|p1a: Kommo-o|atk|1
|-boost|p1a: Kommo-o|def|1
|-boost|p1a: Kommo-o|spa|1
|-boost|p1a: Kommo-o|spd|1
|-boost|p1a: Kommo-o|spe|1
|-damage|p1a: Kommo-o|68/100 psn
|-enditem|p1a: Kommo-o|Throat Spray
|-boost|p1a: Kommo-o|spa|1|[from] item: Throat Spray
|
|-weather|Sandstorm|[upkeep]
|-damage|p1a: Kommo-o|61/100 psn|[from] Sandstorm
|-damage|p1a: Kommo-o|49/100 psn|[from] psn
|upkeep
|turn|20
|
|t:|1769435855
|-terastallize|p1a: Kommo-o|Normal
|move|p1a: Kommo-o|Boomburst|p2a: Hippowdon
|-damage|p2a: Hippowdon|34/100
|move|p2a: Hippowdon|Whirlwind|p1a: Kommo-o
|drag|p1a: Kingambit|Kingambit, F|100/100
|-activate|p1a: Kingambit|ability: Supreme Overlord
|-start|p1a: Kingambit|fallen2|[silent]
|-item|p1a: Kingambit|Air Balloon
|
|-weather|Sandstorm|[upkeep]
|upkeep
|turn|21
|
|t:|1769435866
|move|p1a: Kingambit|Kowtow Cleave|p2a: Hippowdon
|-damage|p2a: Hippowdon|0 fnt
|faint|p2a: Hippowdon
|
|-weather|Sandstorm|[upkeep]
|-sideend|p2: Dat boii fam|move: Light Screen
|upkeep
|
|t:|1769435871
|switch|p2a: Tyranitar|Tyranitar, M|100/100
|turn|22
|
|t:|1769435874
|move|p2a: Tyranitar|Low Kick|p1a: Kingambit
|-supereffective|p1a: Kingambit
|-damage|p1a: Kingambit|0 fnt
|-enditem|p1a: Kingambit|Air Balloon
|faint|p1a: Kingambit
|-end|p1a: Kingambit|fallen2|[silent]
|
|-weather|Sandstorm|[upkeep]
|upkeep
|
|t:|1769435883
|switch|p1a: Kommo-o|Kommo-o, F, tera:Normal|49/100 psn
|turn|23
|
|t:|1769435903
|move|p1a: Kommo-o|Boomburst|p2a: Tyranitar
|-resisted|p2a: Tyranitar
|-damage|p2a: Tyranitar|86/100
|move|p2a: Tyranitar|Low Kick|p1a: Kommo-o
|-supereffective|p1a: Kommo-o
|-damage|p1a: Kommo-o|0 fnt
|faint|p1a: Kommo-o
|
|-weather|Sandstorm|[upkeep]
|upkeep
|
|t:|1769435913
|switch|p1a: Zamazenta|Zamazenta|100/100
|-status|p1a: Zamazenta|psn
|turn|24
|
|t:|1769435918
|switch|p2a: Deoxys|Deoxys-Defense|44/100
|-ability|p2a: Deoxys|Pressure
|move|p1a: Zamazenta|Close Combat|p2a: Deoxys
|-resisted|p2a: Deoxys
|-damage|p2a: Deoxys|20/100
|-unboost|p1a: Zamazenta|def|1
|-unboost|p1a: Zamazenta|spd|1
|-damage|p1a: Zamazenta|91/100 psn|[from] item: Life Orb
|
|-weather|Sandstorm|[upkeep]
|-damage|p1a: Zamazenta|84/100 psn|[from] Sandstorm
|-damage|p2a: Deoxys|14/100|[from] Sandstorm
|-damage|p1a: Zamazenta|72/100 psn|[from] psn
|upkeep
|turn|25
|
|t:|1769435932
|move|p1a: Zamazenta|Stone Edge|p2a: Deoxys|[miss]
|-miss|p1a: Zamazenta|p2a: Deoxys
|move|p2a: Deoxys|Psychic Noise|p1a: Zamazenta
|-supereffective|p1a: Zamazenta
|-damage|p1a: Zamazenta|16/100 psn
|-start|p1a: Zamazenta|move: Heal Block
|
|-weather|Sandstorm|[upkeep]
|-damage|p1a: Zamazenta|10/100 psn|[from] Sandstorm
|-damage|p2a: Deoxys|8/100|[from] Sandstorm
|-damage|p1a: Zamazenta|0 fnt|[from] psn
|faint|p1a: Zamazenta
|upkeep
|
|t:|1769435943
|switch|p1a: Gholdengo|Gholdengo|100/100
|turn|26
|
|t:|1769435949
|move|p1a: Gholdengo|Nasty Plot|p1a: Gholdengo
|-boost|p1a: Gholdengo|spa|2
|move|p2a: Deoxys|Light Screen|p2a: Deoxys
|-sidestart|p2: Dat boii fam|move: Light Screen
|
|-weather|none
|upkeep
|turn|27
|
|t:|1769435956
|move|p1a: Gholdengo|Shadow Ball|p2a: Deoxys
|-supereffective|p2a: Deoxys
|-damage|p2a: Deoxys|0 fnt
|faint|p2a: Deoxys
|
|upkeep
|
|t:|1769435961
|switch|p2a: Tyranitar|Tyranitar, M|86/100
|-weather|Sandstorm|[from] ability: Sand Stream|[of] p2a: Tyranitar
|turn|28
|
|t:|1769435965
|move|p1a: Gholdengo|Focus Blast|p2a: Tyranitar
|-supereffective|p2a: Tyranitar
|-damage|p2a: Tyranitar|0 fnt
|faint|p2a: Tyranitar
|
|-weather|Sandstorm|[upkeep]
|upkeep
|
|t:|1769435971
|switch|p2a: Sandslash|Sandslash, M|100/100
|turn|29
|
|t:|1769435975
|move|p2a: Sandslash|Earthquake|p1a: Gholdengo
|-supereffective|p1a: Gholdengo
|-damage|p1a: Gholdengo|0 fnt
|faint|p1a: Gholdengo
|
|win|Dat boii fam
|raw|flandoid's rating: 1345 &rarr; <strong>1323</strong><br />(-22 for losing)
|raw|Dat boii fam's rating: 1317 &rarr; <strong>1339</strong><br />(+22 for winning)
|l|☆Dat boii fam
|player|p2|
|l|☆flandoid
|player|p1|
