|j|☆jomalung
|j|☆ballswangler
|t:|1769410042
|gametype|singles
|player|p1|jomalung|dawn-gen4pt|1496
|player|p2|ballswangler|2|1579
|gen|9
|tier|[Gen 9] OU
|rated|
|rule|HP Percentage Mod: HP is shown in percentages
|rule|Endless Battle Clause: Forcing endless battles is banned
|rule|Species Clause: Limit one of each Pokémon
|rule|OHKO Clause: OHKO moves are banned
|rule|Evasion Items Clause: Evasion items are banned
|rule|Evasion Moves Clause: Evasion moves are banned
|rule|Evasion Abilities Clause: Evasion abilities are banned
|rule|Sleep Moves Clause: Sleep-inducing moves are banned
|clearpoke
|poke|p1|Alomomola, F|
|poke|p1|Enamorus, F|
|poke|p1|Hoopa-Unbound|
|poke|p1|Dragapult, F|
|poke|p1|Grimmsnarl, M|
|poke|p1|Landorus-Therian, M|
|poke|p2|Ursaluna, F|
|poke|p2|Pecharunt|
|poke|p2|Rillaboom, F|
|poke|p2|Heatran, F|
|poke|p2|Samurott-Hisui, M|
|poke|p2|Hatterene, F|
|teampreview
|inactive|Battle timer is ON: inactive players will automatically lose when time's up. (requested by jomalung)
|inactive|ballswangler has 120 seconds left.
|
|t:|1769410075
|teamsize|p1|6
|teamsize|p2|6
|start
|switch|p1a: Enamorus|Enamorus, F|100/100
|switch|p2a: Rillaboom|Rillaboom, F|100/100
|-fieldstart|move: Grassy Terrain|[from] ability: Grassy Surge|[of] p2a: Rillaboom
|turn|1
|
|t:|1769410088
|-terastallize|p1a: Enamorus|Flying
|move|p1a: Enamorus|Tera Blast|p2a: Rillaboom|[anim] Tera Blast Flying
|-supereffective|p2a: Rillaboom
|-damage|p2a: Rillaboom|0 fnt
|faint|p2a: Rillaboom
|
|upkeep
|
|t:|1769410093
|switch|p2a: Heatran|Heatran, F|100/100
|turn|2
|
|t:|1769410098
|switch|p1a: Alomomola|Alomomola, F|100/100
|move|p2a: Heatran|Stealth Rock|p1a: Alomomola
|-sidestart|p1: jomalung|move: Stealth Rock
|
|upkeep
|turn|3
|
|t:|1769410105
|switch|p2a: Pecharunt|Pecharunt|100/100
|move|p1a: Alomomola|Flip Turn|p2a: Pecharunt
|-damage|p2a: Pecharunt|92/100
|
|t:|1769410114
|switch|p1a: Dragapult|Dragapult, F|100/100|[from] Flip Turn
|-damage|p1a: Dragapult|88/100|[from] Stealth Rock
|
|-heal|p1a: Dragapult|94/100|[from] Grassy Terrain
|-heal|p2a: Pecharunt|98/100|[from] Grassy Terrain
|upkeep
|turn|4
|
|t:|1769410121
|switch|p2a: Samurott|Samurott-Hisui, M|100/100
|move|p1a: Dragapult|U-turn|p2a: Samurott
|-supereffective|p2a: Samurott
|-damage|p2a: Samurott|49/100
|
|t:|1769410127
|switch|p1a: Enamorus|Enamorus, F, tera:Flying|100/100|[from] U-turn
|-damage|p1a: Enamorus|76/100|[from] Stealth Rock
|
|-heal|p2a: Samurott|56/100|[from] Grassy Terrain
|upkeep
|turn|5
|inactive|ballswangler has 120 seconds left.
|
|t:|1769410164
|move|p1a: Enamorus|Superpower|p2a: Samurott
|-supereffective|p2a: Samurott
|-damage|p2a: Samurott|0 fnt
|-boost|p1a: Enamorus|atk|1
|-boost|p1a: Enamorus|def|1
|faint|p2a: Samurott
|
|-fieldend|move: Grassy Terrain
|upkeep
|
|t:|1769410168
|switch|p2a: Hatterene|Hatterene, F|100/100
|turn|6
|
|t:|1769410185
|switch|p1a: Hoopa|Hoopa-Unbound|100/100
|-damage|p1a: Hoopa|88/100|[from] Stealth Rock
|move|p2a: Hatterene|Calm Mind|p2a: Hatterene
|-boost|p2a: Hatterene|spa|1
|-boost|p2a: Hatterene|spd|1
|
|-heal|p1a: Hoopa|94/100|[from] item: Leftovers
|upkeep
|turn|7
|
|t:|1769410196
|move|p1a: Hoopa|Knock Off|p2a: Hatterene
|-damage|p2a: Hatterene|58/100
|-enditem|p2a: Hatterene|Grassy Seed|[from] move: Knock Off|[of] p1a: Hoopa
|move|p2a: Hatterene|Draining Kiss|p1a: Hoopa
|-supereffective|p1a: Hoopa
|-damage|p1a: Hoopa|39/100
|-heal|p2a: Hatterene|100/100|[from] drain|[of] p1a: Hoopa
|
|-heal|p1a: Hoopa|45/100|[from] item: Leftovers
|upkeep
|turn|8
|inactive|jomalung has 120 seconds left.
|
|t:|1769410222
|move|p1a: Hoopa|Psychic Noise|p2a: Hatterene
|-resisted|p2a: Hatterene
|-damage|p2a: Hatterene|85/100
|-start|p2a: Hatterene|move: Heal Block
|move|p2a: Hatterene|Calm Mind|p2a: Hatterene
|-boost|p2a: Hatterene|spa|1
|-boost|p2a: Hatterene|spd|1
|
|-heal|p1a: Hoopa|51/100|[from] item: Leftovers
|upkeep
|turn|9
|inactive|jomalung has 120 seconds left.
|
|t:|1769410258
|switch|p1a: Alomomola|Alomomola, F|100/100
|-damage|p1a: Alomomola|88/100|[from] Stealth Rock
|move|p2a: Hatterene|Mystical Fire|p1a: Alomomola
|-resisted|p1a: Alomomola
|-damage|p1a: Alomomola|77/100
|-unboost|p1a: Alomomola|spa|1
|
|-end|p2a: Hatterene|move: Heal Block
|upkeep
|turn|10
|
|t:|1769410277
|move|p1a: Alomomola|Flip Turn|p2a: Hatterene
|-damage|p2a: Hatterene|73/100
|
|t:|1769410282
|switch|p1a: Grimmsnarl|Grimmsnarl, M|100/100|[from] Flip Turn
|-damage|p1a: Grimmsnarl|88/100|[from] Stealth Rock
|move|p2a: Hatterene|Calm Mind|p2a: Hatterene
|-boost|p2a: Hatterene|spa|1
|-boost|p2a: Hatterene|spd|1
|
|-heal|p1a: Grimmsnarl|94/100|[from] item: Leftovers
|upkeep
|turn|11
|j| firecharmander004
|
|t:|1769410291
|move|p1a: Grimmsnarl|Fake Out|p2a: Hatterene
|-damage|p2a: Hatterene|65/100
|cant|p2a: Hatterene|flinch
|
|-heal|p1a: Grimmsnarl|99/100|[from] item: Leftovers
|upkeep
|turn|12
|
|t:|1769410307
|move|p1a: Grimmsnarl|Parting Shot|p2a: Hatterene
|move|p2a: Hatterene|Parting Shot|p1a: Grimmsnarl|[from] ability: Magic Bounce
|-unboost|p1a: Grimmsnarl|atk|1
|-unboost|p1a: Grimmsnarl|spa|1
|
|t:|1769410317
|switch|p2a: Ursaluna|Ursaluna, F|100/100|[from] Parting Shot
|
|-heal|p1a: Grimmsnarl|100/100|[from] item: Leftovers
|-status|p2a: Ursaluna|brn|[from] item: Flame Orb
|upkeep
|turn|13
|
|t:|1769410329
|move|p1a: Grimmsnarl|Parting Shot|p2a: Ursaluna
|-unboost|p2a: Ursaluna|atk|1
|-unboost|p2a: Ursaluna|spa|1
|
|t:|1769410333
|switch|p1a: Alomomola|Alomomola, F|100/100|[from] Parting Shot
|-damage|p1a: Alomomola|88/100|[from] Stealth Rock
|move|p2a: Ursaluna|Facade|p1a: Alomomola
|-damage|p1a: Alomomola|30/100
|
|-damage|p2a: Ursaluna|94/100 brn|[from] brn
|upkeep
|turn|14
|
|t:|1769410342
|switch|p1a: Landorus|Landorus-Therian, M|100/100
|-ability|p1a: Landorus|Intimidate|boost
|-unboost|p2a: Ursaluna|atk|1
|move|p2a: Ursaluna|Headlong Rush|p1a: Landorus
|-immune|p1a: Landorus
|
|-damage|p2a: Ursaluna|88/100 brn|[from] brn
|upkeep
|turn|15
|inactive|jomalung has 120 seconds left.
|
|t:|1769410351
|switch|p2a: Hatterene|Hatterene, F|65/100
|move|p1a: Landorus|Stealth Rock|p2a: Hatterene
|move|p2a: Hatterene|Stealth Rock||[from] ability: Magic Bounce|[still]
|-fail|p2a: Hatterene
|
|upkeep
|turn|16
|inactive|jomalung has 120 seconds left.
|
|t:|1769410362
|move|p1a: Landorus|Earthquake|p2a: Hatterene
|-damage|p2a: Hatterene|26/100
|move|p2a: Hatterene|Draining Kiss|p1a: Landorus
|-damage|p1a: Landorus|76/100
|-heal|p2a: Hatterene|48/100|[from] drain|[of] p1a: Landorus
|
|upkeep
|turn|17
|
|t:|1769410368
|move|p1a: Landorus|Earthquake|p2a: Hatterene
|-damage|p2a: Hatterene|8/100
|move|p2a: Hatterene|Draining Kiss|p1a: Landorus
|-damage|p1a: Landorus|50/100
|-heal|p2a: Hatterene|31/100|[from] drain|[of] p1a: Landorus
|
|upkeep
|turn|18
|
|t:|1769410376
|move|p1a: Landorus|Earthquake|p2a: Hatterene
|-damage|p2a: Hatterene|0 fnt
|faint|p2a: Hatterene
|
|upkeep
|
|t:|1769410386
|switch|p2a: Pecharunt|Pecharunt|98/100
|turn|19
|
|t:|1769410394
|-terastallize|p2a: Pecharunt|Ghost
|move|p1a: Landorus|Taunt|p2a: Pecharunt
|-start|p2a: Pecharunt|move: Taunt
|move|p2a: Pecharunt|Shadow Ball|p1a: Landorus
|-damage|p1a: Landorus|8/100
|
|upkeep
|turn|20
|
|t:|1769410412
|move|p1a: Landorus|Earthquake|p2a: Pecharunt
|-damage|p2a: Pecharunt|73/100
|move|p2a: Pecharunt|Malignant Chain|p1a: Landorus
|-resisted|p1a: Landorus
|-damage|p1a: Landorus|0 fnt
|faint|p1a: Landorus
|
|upkeep
|inactive|jomalung has 120 seconds left.
|
|t:|1769410438
|switch|p1a: Dragapult|Dragapult, F|94/100
|-damage|p1a: Dragapult|82/100|[from] Stealth Rock
|turn|21
|
|t:|1769410444
|move|p1a: Dragapult|Shadow Ball|p2a: Pecharunt
|-supereffective|p2a: Pecharunt
|-damage|p2a: Pecharunt|0 fnt
|faint|p2a: Pecharunt
|
|upkeep
|
|t:|1769410446
|switch|p2a: Ursaluna|Ursaluna, F|88/100 brn
|turn|22
|inactive|jomalung has 120 seconds left.
|
|t:|1769410485
|switch|p1a: Alomomola|Alomomola, F|63/100
|-damage|p1a: Alomomola|50/100|[from] Stealth Rock
|move|p2a: Ursaluna|Facade|p1a: Alomomola
|-damage|p1a: Alomomola|0 fnt
|faint|p1a: Alomomola
|
|-damage|p2a: Ursaluna|82/100 brn|[from] brn
|upkeep
|inactive|jomalung has 90 seconds left.
|
|t:|1769410513
|switch|p1a: Dragapult|Dragapult, F|82/100
|-damage|p1a: Dragapult|70/100|[from] Stealth Rock
|turn|23
|inactive|jomalung has 90 seconds left.
|
|t:|1769410520
|switch|p2a: Heatran|Heatran, F|100/100
|move|p1a: Dragapult|Draco Meteor|p2a: Heatran
|-resisted|p2a: Heatran
|-damage|p2a: Heatran|73/100
|-unboost|p1a: Dragapult|spa|2
|
|-heal|p2a: Heatran|79/100|[from] item: Leftovers
|upkeep
|turn|24
|inactive|jomalung has 90 seconds left.
|
|t:|1769410539
|switch|p1a: Hoopa|Hoopa-Unbound|51/100
|-damage|p1a: Hoopa|39/100|[from] Stealth Rock
|move|p2a: Heatran|Magma Storm|p1a: Hoopa|[miss]
|-miss|p2a: Heatran|p1a: Hoopa
|
|-heal|p2a: Heatran|85/100|[from] item: Leftovers
|-heal|p1a: Hoopa|45/100|[from] item: Leftovers
|upkeep
|turn|25
|inactive|jomalung has 90 seconds left.
|
|t:|1769410557
|move|p2a: Heatran|Magma Storm|p1a: Hoopa
|-damage|p1a: Hoopa|13/100
|-activate|p1a: Hoopa|move: Magma Storm|[of] p2a: Heatran
|move|p1a: Hoopa|Drain Punch|p2a: Heatran
|-supereffective|p2a: Heatran
|-damage|p2a: Heatran|39/100
|-heal|p1a: Hoopa|37/100|[from] drain|[of] p2a: Heatran
|
|-heal|p2a: Heatran|45/100|[from] item: Leftovers
|-heal|p1a: Hoopa|43/100|[from] item: Leftovers
|-damage|p1a: Hoopa|31/100|[from] move: Magma Storm|[partiallytrapped]
|upkeep
|turn|26
|inactive|jomalung has 60 seconds left.
|
|t:|1769410593
|move|p2a: Heatran|Protect|p2a: Heatran
|-singleturn|p2a: Heatran|Protect
|move|p1a: Hoopa|Drain Punch|p2a: Heatran
|-activate|p2a: Heatran|move: Protect
|
|-heal|p2a: Heatran|51/100|[from] item: Leftovers
|-heal|p1a: Hoopa|37/100|[from] item: Leftovers
|-damage|p1a: Hoopa|25/100|[from] move: Magma Storm|[partiallytrapped]
|upkeep
|turn|27
|inactive|jomalung has 60 seconds left.
|l| firecharmander004
|
|t:|1769410619
|move|p2a: Heatran|Body Press|p1a: Hoopa
|-crit|p1a: Hoopa
|-damage|p1a: Hoopa|0 fnt
|faint|p1a: Hoopa
|
|-heal|p2a: Heatran|57/100|[from] item: Leftovers
|upkeep
|inactive|jomalung has 30 seconds left.
|
|t:|1769410638
|switch|p1a: Enamorus|Enamorus, F, tera:Flying|76/100
|-damage|p1a: Enamorus|51/100|[from] Stealth Rock
|turn|28
|
|t:|1769410642
|move|p2a: Heatran|Protect|p2a: Heatran
|-singleturn|p2a: Heatran|Protect
|move|p1a: Enamorus|Superpower|p2a: Heatran
|-activate|p2a: Heatran|move: Protect
|
|-heal|p2a: Heatran|64/100|[from] item: Leftovers
|upkeep
|turn|29
|
|t:|1769410652
|move|p1a: Enamorus|Superpower|p2a: Heatran
|-supereffective|p2a: Heatran
|-damage|p2a: Heatran|12/100
|-boost|p1a: Enamorus|atk|1
|-boost|p1a: Enamorus|def|1
|move|p2a: Heatran|Magma Storm|p1a: Enamorus
|-damage|p1a: Enamorus|0 fnt
|faint|p1a: Enamorus
|
|-heal|p2a: Heatran|18/100|[from] item: Leftovers
|upkeep
|inactive|jomalung has 30 seconds left.
|
|t:|1769410681
|switch|p1a: Grimmsnarl|Grimmsnarl, M|100/100
|-damage|p1a: Grimmsnarl|88/100|[from] Stealth Rock
|turn|30
|
|t:|1769410704
|move|p2a: Heatran|Protect|p2a: Heatran
|-singleturn|p2a: Heatran|Protect
|move|p1a: Grimmsnarl|Foul Play|p2a: Heatran
|-activate|p2a: Heatran|move: Protect
|
|-heal|p2a: Heatran|24/100|[from] item: Leftovers
|-heal|p1a: Grimmsnarl|94/100|[from] item: Leftovers
|upkeep
|turn|31
|
|t:|1769410717
|move|p2a: Heatran|Magma Storm|p1a: Grimmsnarl
|-crit|p1a: Grimmsnarl
|-damage|p1a: Grimmsnarl|20/100
|-activate|p1a: Grimmsnarl|move: Magma Storm|[of] p2a: Heatran
|move|p1a: Grimmsnarl|Foul Play|p2a: Heatran
|-damage|p2a: Heatran|4/100
|
|-heal|p2a: Heatran|10/100|[from] item: Leftovers
|-heal|p1a: Grimmsnarl|26/100|[from] item: Leftovers
|-damage|p1a: Grimmsnarl|14/100|[from] move: Magma Storm|[partiallytrapped]
|upkeep
|turn|32
|inactive|jomalung has 30 seconds left.
|-message|jomalung forfeited.
|
|win|ballswangler
|raw|jomalung's rating: 1496 &rarr; <strong>1481</strong><br />(-15 for losing)
|raw|ballswangler's rating: 1579 &rarr; <strong>1594</strong><br />(+15 for winning)
|l|☆jomalung
|player|p1|
|l|☆ballswangler
|player|p2|
