|j|‽wufuni
|j|☆bjls
|t:|1769341038
|gametype|singles
|player|p1|wufuni|1|1493
|player|p2|bjls|hilda-wonderlauncher|1555
|gen|9
|tier|[Gen 9] OU
|rated|
|rule|HP Percentage Mod: HP is shown in percentages
|rule|Endless Battle Clause: Forcing endless battles is banned
|rule|Species Clause: Limit one of each Pokémon
|rule|OHKO Clause: OHKO moves are banned
|rule|Evasion Items Clause: Evasion items are banned
|rule|Evasion Moves Clause: Evasion moves are banned
|rule|Evasion Abilities Clause: Evasion abilities are banned
|rule|Sleep Moves Clause: Sleep-inducing moves are banned
|clearpoke
|poke|p1|Primarina, M|
|poke|p1|Great Tusk|
|poke|p1|Kingambit, M|
|poke|p1|Slowking-Galar, M|
|poke|p1|Ogerpon, F|
|poke|p1|Enamorus, F|
|poke|p2|Pelipper, M|
|poke|p2|Basculegion, M|
|poke|p2|Braviary-Hisui, M|
|poke|p2|Raging Bolt|
|poke|p2|Iron Treads|
|poke|p2|Kingambit, M|
|teampreview
|inactive|Battle timer is ON: inactive players will automatically lose when time's up. (requested by bjls)
|
|t:|1769341054
|teamsize|p1|6
|teamsize|p2|6
|start
|switch|p1a: Ogerpon|Ogerpon, F|100/100
|switch|p2a: 帝车超光所向捷|Iron Treads|100/100
|-enditem|p2a: 帝车超光所向捷|Booster Energy
|-activate|p2a: 帝车超光所向捷|ability: Quark Drive|[fromitem]
|-start|p2a: 帝车超光所向捷|quarkdrivespe
|turn|1
|
|t:|1769341060
|move|p2a: 帝车超光所向捷|Ice Spinner|p1a: Ogerpon
|-supereffective|p1a: Ogerpon
|-damage|p1a: Ogerpon|33/100
|move|p1a: Ogerpon|Ivy Cudgel|p2a: 帝车超光所向捷
|-damage|p2a: 帝车超光所向捷|31/100
|
|upkeep
|turn|2
|
|t:|1769341068
|switch|p1a: Kingambit|Kingambit, M, shiny|100/100
|move|p2a: 帝车超光所向捷|Ice Spinner|p1a: Kingambit
|-resisted|p1a: Kingambit
|-damage|p1a: Kingambit|92/100
|
|-heal|p1a: Kingambit|98/100|[from] item: Leftovers
|upkeep
|turn|3
|
|t:|1769341074
|move|p2a: 帝车超光所向捷|Earthquake|p1a: Kingambit
|-supereffective|p1a: Kingambit
|-damage|p1a: Kingambit|29/100
|move|p1a: Kingambit|Kowtow Cleave|p2a: 帝车超光所向捷
|-damage|p2a: 帝车超光所向捷|0 fnt
|faint|p2a: 帝车超光所向捷
|-end|p2a: 帝车超光所向捷|Quark Drive|[silent]
|
|-heal|p1a: Kingambit|35/100|[from] item: Leftovers
|upkeep
|
|t:|1769341080
|switch|p2a: 大卫·戴|Pelipper, M|100/100
|-weather|RainDance|[from] ability: Drizzle|[of] p2a: 大卫·戴
|turn|4
|
|t:|1769341084
|-end|p1a: Kingambit|fallenundefined|[silent]
|switch|p1a: Primarina|Primarina, M, shiny|100/100
|move|p2a: 大卫·戴|U-turn|p1a: Primarina
|-resisted|p1a: Primarina
|-damage|p1a: Primarina|94/100
|
|t:|1769341095
|switch|p2a: 驭雷掣电天尊|Raging Bolt|100/100|[from] U-turn
|-enditem|p2a: 驭雷掣电天尊|Booster Energy
|-activate|p2a: 驭雷掣电天尊|ability: Protosynthesis|[fromitem]
|-start|p2a: 驭雷掣电天尊|protosynthesisspa
|
|-weather|RainDance|[upkeep]
|-heal|p1a: Primarina|99/100|[from] item: Leftovers
|upkeep
|turn|5
|
|t:|1769341102
|move|p1a: Primarina|Moonblast|p2a: 驭雷掣电天尊
|-supereffective|p2a: 驭雷掣电天尊
|-damage|p2a: 驭雷掣电天尊|15/100
|move|p2a: 驭雷掣电天尊|Weather Ball|p1a: Primarina
|-resisted|p1a: Primarina
|-crit|p1a: Primarina
|-damage|p1a: Primarina|41/100
|
|-weather|RainDance|[upkeep]
|-heal|p1a: Primarina|47/100|[from] item: Leftovers
|upkeep
|turn|6
|
|t:|1769341107
|move|p2a: 驭雷掣电天尊|Thunderclap||[still]
|-fail|p2a: 驭雷掣电天尊
|move|p1a: Primarina|Substitute|p1a: Primarina
|-start|p1a: Primarina|Substitute
|-damage|p1a: Primarina|22/100
|
|-weather|RainDance|[upkeep]
|-heal|p1a: Primarina|28/100|[from] item: Leftovers
|upkeep
|turn|7
|
|t:|1769341112
|move|p1a: Primarina|Psychic Noise|p2a: 驭雷掣电天尊
|-resisted|p2a: 驭雷掣电天尊
|-damage|p2a: 驭雷掣电天尊|0 fnt
|faint|p2a: 驭雷掣电天尊
|-end|p2a: 驭雷掣电天尊|Protosynthesis|[silent]
|
|-weather|RainDance|[upkeep]
|-heal|p1a: Primarina|34/100|[from] item: Leftovers
|upkeep
|
|t:|1769341116
|switch|p2a: 一汽·大运|Basculegion, M|100/100
|turn|8
|
|t:|1769341122
|move|p2a: 一汽·大运|Wave Crash|p1a: Primarina
|-resisted|p1a: Primarina
|-end|p1a: Primarina|Substitute
|-damage|p2a: 一汽·大运|94/100|[from] Recoil|[of] p1a: Primarina
|move|p1a: Primarina|Moonblast|p2a: 一汽·大运
|-damage|p2a: 一汽·大运|32/100
|
|-weather|RainDance|[upkeep]
|-heal|p1a: Primarina|40/100|[from] item: Leftovers
|upkeep
|turn|9
|
|t:|1769341142
|move|p2a: 一汽·大运|Wave Crash|p1a: Primarina
|-resisted|p1a: Primarina
|-damage|p1a: Primarina|0 fnt
|faint|p1a: Primarina
|-damage|p2a: 一汽·大运|22/100|[from] Recoil
|
|-weather|RainDance|[upkeep]
|upkeep
|
|t:|1769341154
|switch|p1a: Kingambit|Kingambit, M, shiny|35/100
|-activate|p1a: Kingambit|ability: Supreme Overlord
|-start|p1a: Kingambit|fallen1|[silent]
|turn|10
|
|t:|1769341160
|switch|p2a: 大卫·戴|Pelipper, M|100/100
|move|p1a: Kingambit|Sucker Punch||[still]
|-fail|p1a: Kingambit
|
|-weather|RainDance|[upkeep]
|-heal|p1a: Kingambit|41/100|[from] item: Leftovers
|upkeep
|turn|11
|
|t:|1769341172
|-end|p1a: Kingambit|fallen1|[silent]
|switch|p1a: Slowking|Slowking-Galar, M, shiny|100/100
|move|p2a: 大卫·戴|Weather Ball|p1a: Slowking
|-damage|p1a: Slowking|74/100
|
|-weather|none
|upkeep
|turn|12
|
|t:|1769341179
|switch|p2a: 万夫莫敌|Kingambit, M|100/100
|-activate|p2a: 万夫莫敌|ability: Supreme Overlord
|-start|p2a: 万夫莫敌|fallen2|[silent]
|-item|p2a: 万夫莫敌|Air Balloon
|move|p1a: Slowking|Flamethrower|p2a: 万夫莫敌
|-supereffective|p2a: 万夫莫敌
|-damage|p2a: 万夫莫敌|48/100
|-enditem|p2a: 万夫莫敌|Air Balloon
|
|upkeep
|turn|13
|
|t:|1769341193
|switch|p1a: Great Tusk|Great Tusk, shiny|100/100
|move|p2a: 万夫莫敌|Kowtow Cleave|p1a: Great Tusk
|-resisted|p1a: Great Tusk
|-damage|p1a: Great Tusk|79/100
|-damage|p2a: 万夫莫敌|31/100|[from] item: Rocky Helmet|[of] p1a: Great Tusk
|
|upkeep
|turn|14
|
|t:|1769341203
|-end|p2a: 万夫莫敌|fallen2|[silent]
|switch|p2a: 大卫·戴|Pelipper, M|100/100
|-weather|RainDance|[from] ability: Drizzle|[of] p2a: 大卫·戴
|move|p1a: Great Tusk|Stealth Rock|p2a: 大卫·戴
|-sidestart|p2: bjls|move: Stealth Rock
|
|-weather|RainDance|[upkeep]
|upkeep
|turn|15
|
|t:|1769341210
|-end|p1a: Great Tusk|Protosynthesis|[silent]
|switch|p1a: Slowking|Slowking-Galar, M, shiny|100/100
|move|p2a: 大卫·戴|U-turn|p1a: Slowking
|-damage|p1a: Slowking|94/100
|
|t:|1769341215
|switch|p2a: 万夫莫敌|Kingambit, M|31/100|[from] U-turn
|-damage|p2a: 万夫莫敌|25/100|[from] Stealth Rock
|-activate|p2a: 万夫莫敌|ability: Supreme Overlord
|-start|p2a: 万夫莫敌|fallen2|[silent]
|
|-weather|RainDance|[upkeep]
|upkeep
|turn|16
|
|t:|1769341220
|switch|p1a: Great Tusk|Great Tusk, shiny|79/100
|move|p2a: 万夫莫敌|Kowtow Cleave|p1a: Great Tusk
|-resisted|p1a: Great Tusk
|-damage|p1a: Great Tusk|57/100
|-damage|p2a: 万夫莫敌|8/100|[from] item: Rocky Helmet|[of] p1a: Great Tusk
|
|-weather|RainDance|[upkeep]
|upkeep
|turn|17
|
|t:|1769341225
|move|p1a: Great Tusk|Rapid Spin|p2a: 万夫莫敌
|-resisted|p2a: 万夫莫敌
|-damage|p2a: 万夫莫敌|1/100
|-boost|p1a: Great Tusk|spe|1
|move|p2a: 万夫莫敌|Kowtow Cleave|p1a: Great Tusk
|-resisted|p1a: Great Tusk
|-damage|p1a: Great Tusk|37/100
|-damage|p2a: 万夫莫敌|0 fnt|[from] item: Rocky Helmet|[of] p1a: Great Tusk
|faint|p2a: 万夫莫敌
|-end|p2a: 万夫莫敌|fallen2|[silent]
|
|-weather|RainDance|[upkeep]
|upkeep
|
|t:|1769341230
|switch|p2a: 一汽·大运|Basculegion, M|22/100
|-damage|p2a: 一汽·大运|9/100|[from] Stealth Rock
|turn|18
|
|t:|1769341236
|move|p2a: 一汽·大运|Wave Crash|p1a: Great Tusk
|-supereffective|p1a: Great Tusk
|-damage|p1a: Great Tusk|0 fnt
|-damage|p2a: 一汽·大运|0 fnt|[from] item: Rocky Helmet|[of] p1a: Great Tusk
|faint|p1a: Great Tusk
|-end|p1a: Great Tusk|Protosynthesis|[silent]
|faint|p2a: 一汽·大运
|
|-weather|RainDance|[upkeep]
|upkeep
|
|t:|1769341247
|switch|p1a: Slowking|Slowking-Galar, M, shiny|100/100
|switch|p2a: 扶摇|Braviary-Hisui, M|100/100
|-damage|p2a: 扶摇|75/100|[from] Stealth Rock
|turn|19
|
|t:|1769341251
|move|p2a: 扶摇|Hurricane|p1a: Slowking
|-damage|p1a: Slowking|48/100
|move|p1a: Slowking|Ice Beam|p2a: 扶摇
|-supereffective|p2a: 扶摇
|-damage|p2a: 扶摇|29/100
|
|-weather|RainDance|[upkeep]
|upkeep
|turn|20
|
|t:|1769341264
|switch|p1a: Ogerpon|Ogerpon, F|33/100
|move|p2a: 扶摇|Hurricane|p1a: Ogerpon
|-supereffective|p1a: Ogerpon
|-damage|p1a: Ogerpon|0 fnt
|faint|p1a: Ogerpon
|
|-weather|RainDance|[upkeep]
|upkeep
|
|t:|1769341275
|switch|p1a: Enamorus|Enamorus, F, shiny|100/100
|turn|21
|
|t:|1769341279
|move|p1a: Enamorus|Moonblast|p2a: 扶摇
|-damage|p2a: 扶摇|0 fnt
|faint|p2a: 扶摇
|
|-weather|none
|upkeep
|
|t:|1769341282
|switch|p2a: 大卫·戴|Pelipper, M|100/100
|-damage|p2a: 大卫·戴|75/100|[from] Stealth Rock
|-weather|RainDance|[from] ability: Drizzle|[of] p2a: 大卫·戴
|turn|22
|
|t:|1769341287
|move|p1a: Enamorus|Moonblast|p2a: 大卫·戴
|-crit|p2a: 大卫·戴
|-damage|p2a: 大卫·戴|0 fnt
|faint|p2a: 大卫·戴
|
|win|wufuni
|raw|wufuni's rating: 1493 &rarr; <strong>1517</strong><br />(+24 for winning)
|raw|bjls's rating: 1555 &rarr; <strong>1531</strong><br />(-24 for losing)
|l|☆bjls
|player|p2|
|l|‽wufuni
|player|p1|
