|j|☆LZAAAFK
|j|☆EyeSoLazy_Yt
|t:|1769365144
|gametype|singles
|player|p1|LZAAAFK|barry|1089
|player|p2|EyeSoLazy_Yt|266|1123
|gen|9
|tier|[Gen 9] OU
|rated|
|rule|HP Percentage Mod: HP is shown in percentages
|rule|Endless Battle Clause: Forcing endless battles is banned
|rule|Species Clause: Limit one of each Pokémon
|rule|OHKO Clause: OHKO moves are banned
|rule|Evasion Items Clause: Evasion items are banned
|rule|Evasion Moves Clause: Evasion moves are banned
|rule|Evasion Abilities Clause: Evasion abilities are banned
|rule|Sleep Moves Clause: Sleep-inducing moves are banned
|clearpoke
|poke|p1|Spidops, F|
|poke|p1|Passimian, M|
|poke|p1|Kingambit, M|
|poke|p1|Garchomp, F|
|poke|p1|Incineroar, M|
|poke|p1|Rotom-Wash|
|poke|p2|Great Tusk|
|poke|p2|Volcanion|
|poke|p2|Weavile, F|
|poke|p2|Furret, M|
|poke|p2|Ogerpon, F|
|poke|p2|Pecharunt|
|teampreview
|c|☆EyeSoLazy_Yt|glhf
|
|t:|1769365188
|teamsize|p1|6
|teamsize|p2|6
|start
|switch|p1a: Incineroar|Incineroar, M, shiny|100/100
|switch|p2a: Roomba|Furret, M|100/100
|-item|p1a: Incineroar|Mental Herb|[from] ability: Frisk|[of] p2a: Roomba
|-ability|p1a: Incineroar|Intimidate|boost
|-unboost|p2a: Roomba|atk|1
|turn|1
|
|t:|1769365197
|switch|p2a: Unkillable|Pecharunt|100/100
|move|p1a: Incineroar|Taunt|p2a: Unkillable
|-start|p2a: Unkillable|move: Taunt
|
|upkeep
|turn|2
|
|t:|1769365204
|move|p1a: Incineroar|Knock Off|p2a: Unkillable
|-supereffective|p2a: Unkillable
|-damage|p2a: Unkillable|63/100
|-damage|p1a: Incineroar|84/100|[from] item: Rocky Helmet|[of] p2a: Unkillable
|-enditem|p2a: Unkillable|Rocky Helmet|[from] move: Knock Off|[of] p1a: Incineroar
|move|p2a: Unkillable|Malignant Chain|p1a: Incineroar
|-damage|p1a: Incineroar|56/100
|
|upkeep
|turn|3
|
|t:|1769365217
|move|p1a: Incineroar|Parting Shot|p2a: Unkillable
|-unboost|p2a: Unkillable|atk|1
|-unboost|p2a: Unkillable|spa|1
|
|t:|1769365223
|switch|p1a: Spidops|Spidops, F|100/100|[from] Parting Shot
|move|p2a: Unkillable|Shadow Ball|p1a: Spidops
|-damage|p1a: Spidops|80/100
|-unboost|p1a: Spidops|spd|1
|
|-end|p2a: Unkillable|move: Taunt
|upkeep
|turn|4
|
|t:|1769365234
|switch|p2a: Roomba|Furret, M|100/100
|-item|p1a: Spidops|Focus Sash|[from] ability: Frisk|[of] p2a: Roomba
|move|p1a: Spidops|Sticky Web|p2a: Roomba
|-sidestart|p2: EyeSoLazy_Yt|move: Sticky Web
|
|upkeep
|turn|5
|
|t:|1769365241
|move|p2a: Roomba|Tidy Up|p2a: Roomba
|-sideend|p2: EyeSoLazy_Yt|Sticky Web
|-activate|p2a: Roomba|move: Tidy Up
|-boost|p2a: Roomba|atk|1
|-boost|p2a: Roomba|spe|1
|move|p1a: Spidops|Circle Throw|p2a: Roomba
|-supereffective|p2a: Roomba
|-damage|p2a: Roomba|67/100
|drag|p2a: JUDO CHOP|Ogerpon, F|100/100
|
|upkeep
|turn|6
|
|t:|1769365254
|switch|p2a: Roomba|Furret, M|67/100
|-item|p1a: Spidops|Focus Sash|[from] ability: Frisk|[of] p2a: Roomba
|move|p1a: Spidops|Silk Trap||[still]
|-fail|p1a: Spidops
|
|upkeep
|turn|7
|
|t:|1769365263
|switch|p2a: Unkillable|Pecharunt|63/100
|move|p1a: Spidops|Sticky Web|p2a: Unkillable
|-sidestart|p2: EyeSoLazy_Yt|move: Sticky Web
|
|upkeep
|turn|8
|
|t:|1769365270
|move|p1a: Spidops|Silk Trap|p1a: Spidops
|-singleturn|p1a: Spidops|Protect
|move|p2a: Unkillable|Malignant Chain|p1a: Spidops
|-activate|p1a: Spidops|move: Protect
|
|upkeep
|turn|9
|
|t:|1769365276
|move|p2a: Unkillable|Malignant Chain|p1a: Spidops
|-damage|p1a: Spidops|19/100
|-status|p1a: Spidops|tox
|-start|p1a: Spidops|confusion|[from] ability: Poison Puppeteer|[of] p2a: Unkillable
|-activate|p1a: Spidops|confusion
|move|p1a: Spidops|Spikes|p2a: Unkillable
|-sidestart|p2: EyeSoLazy_Yt|Spikes
|
|-damage|p1a: Spidops|13/100 tox|[from] psn
|upkeep
|turn|10
|
|t:|1769365286
|move|p2a: Unkillable|Recover|p2a: Unkillable
|-heal|p2a: Unkillable|100/100
|-end|p1a: Spidops|confusion
|move|p1a: Spidops|Spikes|p2a: Unkillable
|-sidestart|p2: EyeSoLazy_Yt|Spikes
|
|-damage|p1a: Spidops|0 fnt|[from] psn
|faint|p1a: Spidops
|upkeep
|
|t:|1769365302
|switch|p1a: Passimian|Passimian, M|100/100
|turn|11
|
|t:|1769365307
|move|p1a: Passimian|Bulk Up|p1a: Passimian
|-boost|p1a: Passimian|atk|1
|-boost|p1a: Passimian|def|1
|move|p2a: Unkillable|Parting Shot|p1a: Passimian
|-unboost|p1a: Passimian|atk|1
|-ability|p1a: Passimian|Defiant|boost
|-boost|p1a: Passimian|atk|2
|-unboost|p1a: Passimian|spa|1
|-ability|p1a: Passimian|Defiant|boost
|-boost|p1a: Passimian|atk|2
|
|t:|1769365325
|switch|p2a: JUDO CHOP|Ogerpon, F|100/100|[from] Parting Shot
|-activate|p2a: JUDO CHOP|move: Sticky Web
|-unboost|p2a: JUDO CHOP|spe|1
|-ability|p2a: JUDO CHOP|Defiant|boost
|-boost|p2a: JUDO CHOP|atk|2
|-damage|p2a: JUDO CHOP|84/100|[from] Spikes
|
|upkeep
|turn|12
|
|t:|1769365336
|move|p1a: Passimian|Drain Punch|p2a: JUDO CHOP
|-damage|p2a: JUDO CHOP|0 fnt
|faint|p2a: JUDO CHOP
|
|upkeep
|
|t:|1769365348
|switch|p2a: Gotta Go Fast|Great Tusk|100/100
|turn|13
|
|t:|1769365355
|move|p2a: Gotta Go Fast|Rapid Spin|p1a: Passimian
|-damage|p1a: Passimian|88/100
|-boost|p2a: Gotta Go Fast|spe|1
|-sideend|p2: EyeSoLazy_Yt|Spikes|[from] move: Rapid Spin|[of] p2a: Gotta Go Fast
|-sideend|p2: EyeSoLazy_Yt|Sticky Web|[from] move: Rapid Spin|[of] p2a: Gotta Go Fast
|move|p1a: Passimian|Acrobatics|p2a: Gotta Go Fast
|-supereffective|p2a: Gotta Go Fast
|-damage|p2a: Gotta Go Fast|15/100
|
|upkeep
|turn|14
|
|t:|1769365364
|move|p2a: Gotta Go Fast|Headlong Rush|p1a: Passimian
|-damage|p1a: Passimian|38/100
|-unboost|p2a: Gotta Go Fast|def|1
|-unboost|p2a: Gotta Go Fast|spd|1
|move|p1a: Passimian|Drain Punch|p2a: Gotta Go Fast
|-damage|p2a: Gotta Go Fast|0 fnt
|-heal|p1a: Passimian|46/100|[from] drain|[of] p2a: Gotta Go Fast
|faint|p2a: Gotta Go Fast
|-end|p2a: Gotta Go Fast|Protosynthesis|[silent]
|
|upkeep
|
|t:|1769365373
|switch|p2a: Slay Queen|Weavile, F, shiny|100/100
|-ability|p2a: Slay Queen|Pressure
|turn|15
|
|t:|1769365378
|move|p2a: Slay Queen|Knock Off|p1a: Passimian
|-resisted|p1a: Passimian
|-damage|p1a: Passimian|22/100
|-enditem|p1a: Passimian|Weakness Policy|[from] move: Knock Off|[of] p2a: Slay Queen
|move|p1a: Passimian|Drain Punch|p2a: Slay Queen
|-supereffective|p2a: Slay Queen
|-damage|p2a: Slay Queen|0 fnt
|-heal|p1a: Passimian|63/100|[from] drain|[of] p2a: Slay Queen
|faint|p2a: Slay Queen
|
|upkeep
|
|t:|1769365390
|switch|p2a: Unkillable|Pecharunt|100/100
|turn|16
|
|t:|1769365393
|move|p1a: Passimian|Acrobatics|p2a: Unkillable
|-damage|p2a: Unkillable|46/100
|move|p2a: Unkillable|Malignant Chain|p1a: Passimian
|-damage|p1a: Passimian|17/100
|-status|p1a: Passimian|tox
|-start|p1a: Passimian|confusion|[from] ability: Poison Puppeteer|[of] p2a: Unkillable
|
|-damage|p1a: Passimian|11/100 tox|[from] psn
|upkeep
|turn|17
|
|t:|1769365403
|-activate|p1a: Passimian|confusion
|move|p1a: Passimian|Drain Punch|p2a: Unkillable
|-immune|p2a: Unkillable
|move|p2a: Unkillable|Recover|p2a: Unkillable
|-heal|p2a: Unkillable|97/100
|
|-damage|p1a: Passimian|0 fnt|[from] psn
|faint|p1a: Passimian
|upkeep
|
|t:|1769365414
|switch|p1a: Kingambit|Kingambit, M|100/100
|-activate|p1a: Kingambit|ability: Supreme Overlord
|-start|p1a: Kingambit|fallen2|[silent]
|turn|18
|
|t:|1769365421
|move|p2a: Unkillable|Parting Shot|p1a: Kingambit
|-unboost|p1a: Kingambit|atk|1
|-unboost|p1a: Kingambit|spa|1
|
|t:|1769365427
|switch|p2a: Roomba|Furret, M|67/100|[from] Parting Shot
|-item|p1a: Kingambit|Life Orb|[from] ability: Frisk|[of] p2a: Roomba
|move|p1a: Kingambit|Swords Dance|p1a: Kingambit
|-boost|p1a: Kingambit|atk|2
|
|upkeep
|turn|19
|
|t:|1769365440
|move|p2a: Roomba|Tidy Up|p2a: Roomba
|-boost|p2a: Roomba|atk|1
|-boost|p2a: Roomba|spe|1
|move|p1a: Kingambit|Swords Dance|p1a: Kingambit
|-boost|p1a: Kingambit|atk|2
|
|upkeep
|turn|20
|
|t:|1769365451
|move|p2a: Roomba|Last Resort|p1a: Kingambit
|-resisted|p1a: Kingambit
|-damage|p1a: Kingambit|69/100
|move|p1a: Kingambit|Iron Head|p2a: Roomba
|-damage|p2a: Roomba|0 fnt
|faint|p2a: Roomba
|-damage|p1a: Kingambit|59/100|[from] item: Life Orb
|
|upkeep
|
|t:|1769365457
|switch|p2a: Dio|Volcanion|100/100
|turn|21
|
|t:|1769365468
|-terastallize|p1a: Kingambit|Fairy
|move|p1a: Kingambit|Sucker Punch|p2a: Dio
|-damage|p2a: Dio|0 fnt
|faint|p2a: Dio
|-damage|p1a: Kingambit|49/100|[from] item: Life Orb
|
|upkeep
|
|t:|1769365471
|switch|p2a: Unkillable|Pecharunt|97/100
|turn|22
|
|t:|1769365477
|move|p2a: Unkillable|Malignant Chain|p1a: Kingambit
|-supereffective|p1a: Kingambit
|-damage|p1a: Kingambit|0 fnt
|faint|p1a: Kingambit
|-end|p1a: Kingambit|fallen2|[silent]
|
|upkeep
|
|t:|1769365483
|switch|p1a: Garchomp|Garchomp, F|100/100
|turn|23
|
|t:|1769365489
|move|p1a: Garchomp|Earthquake|p2a: Unkillable
|-supereffective|p2a: Unkillable
|-damage|p2a: Unkillable|46/100
|move|p2a: Unkillable|Malignant Chain|p1a: Garchomp
|-resisted|p1a: Garchomp
|-damage|p1a: Garchomp|84/100
|
|upkeep
|turn|24
|
|t:|1769365498
|-terastallize|p2a: Unkillable|Ghost
|move|p1a: Garchomp|Earthquake|p2a: Unkillable
|-damage|p2a: Unkillable|21/100
|move|p2a: Unkillable|Recover|p2a: Unkillable
|-heal|p2a: Unkillable|71/100
|
|upkeep
|turn|25
|
|t:|1769365510
|move|p1a: Garchomp|Iron Head|p2a: Unkillable
|-damage|p2a: Unkillable|59/100
|move|p2a: Unkillable|Malignant Chain|p1a: Garchomp
|-resisted|p1a: Garchomp
|-damage|p1a: Garchomp|68/100
|
|upkeep
|turn|26
|
|t:|1769365516
|move|p1a: Garchomp|Earthquake|p2a: Unkillable
|-damage|p2a: Unkillable|34/100
|move|p2a: Unkillable|Shadow Ball|p1a: Garchomp
|-damage|p1a: Garchomp|29/100
|
|upkeep
|turn|27
|
|t:|1769365522
|move|p1a: Garchomp|Earthquake|p2a: Unkillable
|-damage|p2a: Unkillable|11/100
|move|p2a: Unkillable|Shadow Ball|p1a: Garchomp
|-damage|p1a: Garchomp|0 fnt
|faint|p1a: Garchomp
|
|upkeep
|
|t:|1769365529
|switch|p1a: Incineroar|Incineroar, M, shiny|56/100
|-ability|p1a: Incineroar|Intimidate|boost
|-unboost|p2a: Unkillable|atk|1
|turn|28
|c|☆EyeSoLazy_Yt|gg
|
|t:|1769365535
|move|p1a: Incineroar|Fire Punch|p2a: Unkillable
|-damage|p2a: Unkillable|0 fnt
|faint|p2a: Unkillable
|
|win|LZAAAFK
|raw|LZAAAFK's rating: 1089 &rarr; <strong>1118</strong><br />(+29 for winning)
|raw|EyeSoLazy_Yt's rating: 1123 &rarr; <strong>1096</strong><br />(-27 for losing)
|l|☆EyeSoLazy_Yt
|player|p2|
|l|☆LZAAAFK
|player|p1|
