|j|☆Audio Peel
|j|‽zeep vs zoop
|t:|1769293949
|gametype|singles
|player|p1|Audio Peel|fisherman-gen4|1846
|player|p2|zeep vs zoop|iris-gen5bw2|1816
|gen|9
|tier|[Gen 9] OU
|rated|
|rule|HP Percentage Mod: HP is shown in percentages
|rule|Endless Battle Clause: Forcing endless battles is banned
|rule|Species Clause: Limit one of each Pokémon
|rule|OHKO Clause: OHKO moves are banned
|rule|Evasion Items Clause: Evasion items are banned
|rule|Evasion Moves Clause: Evasion moves are banned
|rule|Evasion Abilities Clause: Evasion abilities are banned
|rule|Sleep Moves Clause: Sleep-inducing moves are banned
|clearpoke
|poke|p1|Zamazenta-*|
|poke|p1|Hatterene, F|
|poke|p1|Iron Treads|
|poke|p1|Zapdos|
|poke|p1|Samurott-Hisui, F|
|poke|p1|Pecharunt|
|poke|p2|Dragapult, F|
|poke|p2|Iron Crown|
|poke|p2|Ogerpon-Wellspring, F|
|poke|p2|Corviknight, M|
|poke|p2|Iron Valiant|
|poke|p2|Ting-Lu|
|teampreview
|inactive|Battle timer is ON: inactive players will automatically lose when time's up. (requested by Audio Peel)
|j| FaronAan
|l| FaronAan
|
|t:|1769293977
|teamsize|p1|6
|teamsize|p2|6
|start
|switch|p1a: Zapdos|Zapdos, shiny|100/100
|switch|p2a: Dragapult|Dragapult, F|100/100
|turn|1
|j| KappaHalo
|inactive|Audio Peel has 120 seconds left.
|
|t:|1769294012
|switch|p1a: Zamazenta|Zamazenta|100/100
|-ability|p1a: Zamazenta|Dauntless Shield|boost
|-boost|p1a: Zamazenta|def|1
|-terastallize|p2a: Dragapult|Ghost
|move|p2a: Dragapult|Tera Blast|p1a: Zamazenta|[anim] Tera Blast Ghost
|-damage|p1a: Zamazenta|49/100
|
|upkeep
|turn|2
|
|t:|1769294022
|-terastallize|p1a: Zamazenta|Dark
|move|p2a: Dragapult|Tera Blast|p1a: Zamazenta|[anim] Tera Blast Ghost
|-resisted|p1a: Zamazenta
|-damage|p1a: Zamazenta|26/100
|move|p1a: Zamazenta|Crunch|p2a: Dragapult
|-supereffective|p2a: Dragapult
|-damage|p2a: Dragapult|0 fnt
|faint|p2a: Dragapult
|
|upkeep
|
|t:|1769294025
|switch|p2a: Corviknight|Corviknight, M|100/100
|-ability|p2a: Corviknight|Pressure
|turn|3
|
|t:|1769294037
|switch|p1a: Pecharunt|Pecharunt|100/100
|move|p2a: Corviknight|U-turn|p1a: Pecharunt
|-resisted|p1a: Pecharunt
|-damage|p1a: Pecharunt|99/100
|-damage|p2a: Corviknight|84/100|[from] item: Rocky Helmet|[of] p1a: Pecharunt
|
|t:|1769294041
|switch|p2a: Iron Crown|Iron Crown|100/100|[from] U-turn
|
|upkeep
|turn|4
|
|t:|1769294046
|switch|p1a: Zapdos|Zapdos, shiny|100/100
|move|p2a: Iron Crown|Tachyon Cutter|p1a: Zapdos
|-resisted|p1a: Zapdos
|-damage|p1a: Zapdos|87/100
|-resisted|p1a: Zapdos
|-damage|p1a: Zapdos|74/100
|-hitcount|p1a: Zapdos|2
|
|upkeep
|turn|5
|
|t:|1769294053
|move|p1a: Zapdos|Heat Wave|p2a: Iron Crown
|-supereffective|p2a: Iron Crown
|-damage|p2a: Iron Crown|61/100
|move|p2a: Iron Crown|Volt Switch|p1a: Zapdos
|-damage|p1a: Zapdos|47/100
|
|t:|1769294056
|-end|p2a: Iron Crown|Quark Drive|[silent]
|switch|p2a: Ogerpon|Ogerpon-Wellspring, F|100/100|[from] Volt Switch
|
|upkeep
|turn|6
|
|t:|1769294058
|switch|p1a: Pecharunt|Pecharunt|99/100
|move|p2a: Ogerpon|Ivy Cudgel|p1a: Pecharunt|[anim] Ivy Cudgel Water
|-damage|p1a: Pecharunt|72/100
|
|upkeep
|turn|7
|
|t:|1769294063
|move|p2a: Ogerpon|Knock Off|p1a: Pecharunt
|-supereffective|p1a: Pecharunt
|-damage|p1a: Pecharunt|38/100
|-damage|p2a: Ogerpon|84/100|[from] item: Rocky Helmet|[of] p1a: Pecharunt
|-enditem|p1a: Pecharunt|Rocky Helmet|[from] move: Knock Off|[of] p2a: Ogerpon
|move|p1a: Pecharunt|Malignant Chain|p2a: Ogerpon
|-supereffective|p2a: Ogerpon
|-damage|p2a: Ogerpon|9/100
|
|upkeep
|turn|8
|
|t:|1769294067
|move|p2a: Ogerpon|Taunt|p1a: Pecharunt
|-start|p1a: Pecharunt|move: Taunt
|cant|p1a: Pecharunt|move: Taunt|Recover
|
|upkeep
|turn|9
|
|t:|1769294074
|switch|p2a: Iron Crown|Iron Crown|61/100
|move|p1a: Pecharunt|Foul Play|p2a: Iron Crown
|-supereffective|p2a: Iron Crown
|-damage|p2a: Iron Crown|29/100
|
|upkeep
|turn|10
|
|t:|1769294081
|move|p2a: Iron Crown|Tachyon Cutter|p1a: Pecharunt
|-damage|p1a: Pecharunt|15/100
|-damage|p1a: Pecharunt|0 fnt
|faint|p1a: Pecharunt
|-hitcount|p1: Pecharunt|2
|
|upkeep
|
|t:|1769294083
|switch|p1a: Zapdos|Zapdos, shiny|47/100
|turn|11
|
|t:|1769294086
|-end|p2a: Iron Crown|Quark Drive|[silent]
|switch|p2a: Ting-Lu|Ting-Lu|100/100
|-ability|p2a: Ting-Lu|Vessel of Ruin
|move|p1a: Zapdos|Heat Wave|p2a: Ting-Lu
|-damage|p2a: Ting-Lu|87/100
|
|upkeep
|turn|12
|
|t:|1769294090
|move|p1a: Zapdos|Heat Wave|p2a: Ting-Lu
|-damage|p2a: Ting-Lu|73/100
|move|p2a: Ting-Lu|Earthquake|p1a: Zapdos
|-immune|p1a: Zapdos
|
|upkeep
|turn|13
|
|t:|1769294094
|switch|p1a: Samurott|Samurott-Hisui, F, shiny|100/100
|move|p2a: Ting-Lu|Stealth Rock|p1a: Samurott
|-sidestart|p1: Audio Peel|move: Stealth Rock
|
|upkeep
|turn|14
|
|t:|1769294099
|move|p1a: Samurott|Ceaseless Edge|p2a: Ting-Lu
|-resisted|p2a: Ting-Lu
|-damage|p2a: Ting-Lu|55/100
|-damage|p1a: Samurott|84/100|[from] item: Rocky Helmet|[of] p2a: Ting-Lu
|-sidestart|p2: zeep vs zoop|Spikes
|move|p2a: Ting-Lu|Earthquake|p1a: Samurott
|-damage|p1a: Samurott|34/100
|
|upkeep
|turn|15
|j| FaronAan
|
|t:|1769294107
|switch|p1a: Zapdos|Zapdos, shiny|47/100
|move|p2a: Ting-Lu|Earthquake|p1a: Zapdos
|-immune|p1a: Zapdos
|
|upkeep
|turn|16
|
|t:|1769294110
|move|p1a: Zapdos|Hurricane|p2a: Ting-Lu
|-damage|p2a: Ting-Lu|33/100
|-start|p2a: Ting-Lu|confusion
|-activate|p2a: Ting-Lu|confusion
|move|p2a: Ting-Lu|Ruination|p1a: Zapdos
|-damage|p1a: Zapdos|24/100
|
|upkeep
|turn|17
|
|t:|1769294118
|move|p1a: Zapdos|Heat Wave|p2a: Ting-Lu
|-damage|p2a: Ting-Lu|21/100
|-end|p2a: Ting-Lu|confusion
|move|p2a: Ting-Lu|Earthquake|p1a: Zapdos
|-immune|p1a: Zapdos
|
|upkeep
|turn|18
|
|t:|1769294122
|move|p1a: Zapdos|Hurricane|p2a: Ting-Lu
|-damage|p2a: Ting-Lu|0 fnt
|faint|p2a: Ting-Lu
|
|upkeep
|
|t:|1769294126
|switch|p2a: Iron Valiant|Iron Valiant|100/100
|-damage|p2a: Iron Valiant|88/100|[from] Spikes
|-enditem|p2a: Iron Valiant|Booster Energy
|-activate|p2a: Iron Valiant|ability: Quark Drive|[fromitem]
|-start|p2a: Iron Valiant|quarkdrivespe
|turn|19
|
|t:|1769294137
|switch|p1a: Iron Treads|Iron Treads, shiny|100/100
|-damage|p1a: Iron Treads|98/100|[from] Stealth Rock
|-item|p1a: Iron Treads|Air Balloon
|move|p2a: Iron Valiant|Moonblast|p1a: Iron Treads
|-resisted|p1a: Iron Treads
|-damage|p1a: Iron Treads|76/100
|-enditem|p1a: Iron Treads|Air Balloon
|
|upkeep
|turn|20
|
|t:|1769294142
|move|p2a: Iron Valiant|Moonblast|p1a: Iron Treads
|-resisted|p1a: Iron Treads
|-damage|p1a: Iron Treads|52/100
|move|p1a: Iron Treads|Rapid Spin|p2a: Iron Valiant
|-damage|p2a: Iron Valiant|71/100
|-boost|p1a: Iron Treads|spe|1
|-sideend|p1: Audio Peel|Stealth Rock|[from] move: Rapid Spin|[of] p1a: Iron Treads
|
|upkeep
|turn|21
|
|t:|1769294146
|-end|p2a: Iron Valiant|Quark Drive|[silent]
|switch|p2a: Corviknight|Corviknight, M|84/100
|-ability|p2a: Corviknight|Pressure
|move|p1a: Iron Treads|Earthquake|p2a: Corviknight
|-immune|p2a: Corviknight
|
|upkeep
|turn|22
|
|t:|1769294150
|-end|p1a: Iron Treads|Quark Drive|[silent]
|switch|p1a: Zapdos|Zapdos, shiny|24/100
|move|p2a: Corviknight|Defog|p1a: Zapdos
|-unboost|p1a: Zapdos|evasion|1
|-sideend|p2: zeep vs zoop|Spikes|[from] move: Defog|[of] p2a: Corviknight
|
|upkeep
|turn|23
|
|t:|1769294161
|switch|p2a: Iron Crown|Iron Crown|29/100
|move|p1a: Zapdos|Volt Switch|p2a: Iron Crown
|-damage|p2a: Iron Crown|6/100
|
|t:|1769294168
|switch|p1a: Zamazenta|Zamazenta, tera:Dark|26/100|[from] Volt Switch
|
|upkeep
|turn|24
|
|t:|1769294185
|-end|p2a: Iron Crown|Quark Drive|[silent]
|switch|p2a: Corviknight|Corviknight, M|84/100
|-ability|p2a: Corviknight|Pressure
|move|p1a: Zamazenta|Crunch|p2a: Corviknight
|-damage|p2a: Corviknight|61/100
|-unboost|p2a: Corviknight|def|1
|-damage|p1a: Zamazenta|10/100|[from] item: Rocky Helmet|[of] p2a: Corviknight
|
|upkeep
|turn|25
|
|t:|1769294190
|move|p1a: Zamazenta|Close Combat|p2a: Corviknight
|-damage|p2a: Corviknight|3/100
|-unboost|p1a: Zamazenta|def|1
|-unboost|p1a: Zamazenta|spd|1
|-damage|p1a: Zamazenta|0 fnt|[from] item: Rocky Helmet|[of] p2a: Corviknight
|faint|p1a: Zamazenta
|move|p2a: Corviknight|Roost|p2a: Corviknight
|-heal|p2a: Corviknight|53/100
|-singleturn|p2a: Corviknight|move: Roost
|
|upkeep
|
|t:|1769294195
|switch|p1a: Samurott|Samurott-Hisui, F, shiny|34/100
|turn|26
|
|t:|1769294197
|move|p1a: Samurott|Ceaseless Edge|p2a: Corviknight
|-damage|p2a: Corviknight|0 fnt
|-damage|p1a: Samurott|18/100|[from] item: Rocky Helmet|[of] p2a: Corviknight
|-sidestart|p2: zeep vs zoop|Spikes
|faint|p2a: Corviknight
|
|upkeep
|
|t:|1769294205
|switch|p2a: Iron Valiant|Iron Valiant|71/100
|-damage|p2a: Iron Valiant|58/100|[from] Spikes
|turn|27
|
|t:|1769294207
|move|p2a: Iron Valiant|Calm Mind|p2a: Iron Valiant
|-boost|p2a: Iron Valiant|spa|1
|-boost|p2a: Iron Valiant|spd|1
|move|p1a: Samurott|Ceaseless Edge|p2a: Iron Valiant
|-resisted|p2a: Iron Valiant
|-damage|p2a: Iron Valiant|36/100
|-sidestart|p2: zeep vs zoop|Spikes
|
|upkeep
|turn|28
|
|t:|1769294212
|switch|p1a: Iron Treads|Iron Treads, shiny|52/100
|move|p2a: Iron Valiant|Calm Mind|p2a: Iron Valiant
|-boost|p2a: Iron Valiant|spa|1
|-boost|p2a: Iron Valiant|spd|1
|
|upkeep
|turn|29
|
|t:|1769294216
|move|p2a: Iron Valiant|Moonblast|p1a: Iron Treads
|-resisted|p1a: Iron Treads
|-damage|p1a: Iron Treads|9/100
|-unboost|p1a: Iron Treads|spa|1
|move|p1a: Iron Treads|Earthquake|p2a: Iron Valiant
|-damage|p2a: Iron Valiant|0 fnt
|faint|p2a: Iron Valiant
|-end|p2a: Iron Valiant|Quark Drive|[silent]
|
|upkeep
|c|☆Audio Peel|gg
|-message|zeep vs zoop forfeited.
|
|win|Audio Peel
|raw|Audio Peel's rating: 1846 &rarr; <strong>1864</strong><br />(+18 for winning)
|raw|zeep vs zoop's rating: 1816 &rarr; <strong>1798</strong><br />(-18 for losing)
|l|‽zeep vs zoop
|player|p2|
|l|☆Audio Peel
|player|p1|
|l| KappaHalo
