|j|☆Qplazm10
|j|☆bugcatcherweevil
|t:|1769337500
|gametype|singles
|player|p1|Qplazm10|turo-ai|1637
|player|p2|bugcatcherweevil|102|1708
|gen|9
|tier|[Gen 9] OU
|rated|
|rule|HP Percentage Mod: HP is shown in percentages
|rule|Endless Battle Clause: Forcing endless battles is banned
|rule|Species Clause: Limit one of each Pokémon
|rule|OHKO Clause: OHKO moves are banned
|rule|Evasion Items Clause: Evasion items are banned
|rule|Evasion Moves Clause: Evasion moves are banned
|rule|Evasion Abilities Clause: Evasion abilities are banned
|rule|Sleep Moves Clause: Sleep-inducing moves are banned
|clearpoke
|poke|p1|Hawlucha, M|
|poke|p1|Raging Bolt|
|poke|p1|Iron Leaves|
|poke|p1|Iron Treads|
|poke|p1|Iron Valiant|
|poke|p1|Pincurchin, M|
|poke|p2|Ninetales, M|
|poke|p2|Slither Wing|
|poke|p2|Fezandipiti, M|
|poke|p2|Great Tusk|
|poke|p2|Dragapult, F|
|poke|p2|Raging Bolt|
|teampreview
|inactive|Battle timer is ON: inactive players will automatically lose when time's up. (requested by Qplazm10)
|
|t:|1769337517
|teamsize|p1|6
|teamsize|p2|6
|start
|switch|p1a: The Urchinator|Pincurchin, M|100/100
|switch|p2a: Slither Wing|Slither Wing|100/100
|-fieldstart|move: Electric Terrain|[from] ability: Electric Surge|[of] p1a: The Urchinator
|turn|1
|
|t:|1769337527
|switch|p1a: Nacho Libre|Hawlucha, M, shiny|100/100
|-enditem|p1a: Nacho Libre|Electric Seed
|-boost|p1a: Nacho Libre|def|1|[from] item: Electric Seed
|move|p2a: Slither Wing|U-turn|p1a: Nacho Libre
|-resisted|p1a: Nacho Libre
|-damage|p1a: Nacho Libre|86/100
|
|t:|1769337540
|-end|p2a: Slither Wing|Protosynthesis|[silent]
|switch|p2a: Raging Bolt|Raging Bolt|100/100|[from] U-turn
|
|upkeep
|turn|2
|
|t:|1769337548
|move|p1a: Nacho Libre|High Jump Kick|p2a: Raging Bolt|[miss]
|-miss|p1a: Nacho Libre|p2a: Raging Bolt
|-damage|p1a: Nacho Libre|36/100|[from] highjumpkick
|move|p2a: Raging Bolt|Draco Meteor|p1a: Nacho Libre
|-damage|p1a: Nacho Libre|0 fnt
|-unboost|p2a: Raging Bolt|spa|2
|faint|p1a: Nacho Libre
|
|upkeep
|
|t:|1769337566
|switch|p1a: Virizitron|Iron Leaves|100/100
|-activate|p1a: Virizitron|ability: Quark Drive
|-start|p1a: Virizitron|quarkdrivespe
|turn|3
|inactive|bugcatcherweevil has 120 seconds left.
|
|t:|1769337621
|move|p1a: Virizitron|Swords Dance|p1a: Virizitron
|-boost|p1a: Virizitron|atk|2
|move|p2a: Raging Bolt|Draco Meteor|p1a: Virizitron
|-damage|p1a: Virizitron|45/100
|-unboost|p2a: Raging Bolt|spa|2
|
|upkeep
|turn|4
|
|t:|1769337637
|-end|p2a: Raging Bolt|Protosynthesis|[silent]
|switch|p2a: Ninetales|Ninetales, M|100/100
|-weather|SunnyDay|[from] ability: Drought|[of] p2a: Ninetales
|move|p1a: Virizitron|Psyblade|p2a: Ninetales
|-damage|p2a: Ninetales|0 fnt
|faint|p2a: Ninetales
|-damage|p1a: Virizitron|35/100|[from] item: Life Orb
|
|-weather|SunnyDay|[upkeep]
|upkeep
|
|t:|1769337646
|switch|p2a: Slither Wing|Slither Wing|100/100
|-activate|p2a: Slither Wing|ability: Protosynthesis
|-start|p2a: Slither Wing|protosynthesisatk
|turn|5
|
|t:|1769337666
|-end|p1a: Virizitron|Quark Drive|[silent]
|switch|p1a: Tronphan|Iron Treads|100/100
|-activate|p1a: Tronphan|ability: Quark Drive
|-start|p1a: Tronphan|quarkdrivespe
|move|p2a: Slither Wing|First Impression|p1a: Tronphan
|-resisted|p1a: Tronphan
|-damage|p1a: Tronphan|63/100
|
|-weather|SunnyDay|[upkeep]
|upkeep
|turn|6
|
|t:|1769337677
|-end|p2a: Slither Wing|Protosynthesis|[silent]
|switch|p2a: Great Tusk|Great Tusk|100/100
|-activate|p2a: Great Tusk|ability: Protosynthesis
|-start|p2a: Great Tusk|protosynthesisatk
|move|p1a: Tronphan|Earthquake|p2a: Great Tusk
|-damage|p2a: Great Tusk|69/100
|-damage|p1a: Tronphan|53/100|[from] item: Life Orb
|
|-weather|SunnyDay|[upkeep]
|upkeep
|turn|7
|
|t:|1769337697
|-end|p1a: Tronphan|Quark Drive|[silent]
|switch|p1a: Galgaraze|Iron Valiant|100/100
|-activate|p1a: Galgaraze|ability: Quark Drive
|-start|p1a: Galgaraze|quarkdrivespe
|move|p2a: Great Tusk|Headlong Rush|p1a: Galgaraze
|-damage|p1a: Galgaraze|0 fnt
|-unboost|p2a: Great Tusk|def|1
|-unboost|p2a: Great Tusk|spd|1
|faint|p1a: Galgaraze
|-end|p1a: Galgaraze|Quark Drive|[silent]
|
|-weather|SunnyDay|[upkeep]
|upkeep
|
|t:|1769337701
|switch|p1a: Virizitron|Iron Leaves|35/100
|-activate|p1a: Virizitron|ability: Quark Drive
|-start|p1a: Virizitron|quarkdrivespe
|turn|8
|
|t:|1769337709
|-end|p2a: Great Tusk|Protosynthesis|[silent]
|switch|p2a: Raging Bolt|Raging Bolt|100/100
|-activate|p2a: Raging Bolt|ability: Protosynthesis
|-start|p2a: Raging Bolt|protosynthesisspa
|move|p1a: Virizitron|Psyblade|p2a: Raging Bolt
|-damage|p2a: Raging Bolt|39/100
|-damage|p1a: Virizitron|25/100|[from] item: Life Orb
|
|-weather|SunnyDay|[upkeep]
|-fieldend|move: Electric Terrain
|-end|p1a: Virizitron|Quark Drive
|upkeep
|turn|9
|inactive|bugcatcherweevil has 120 seconds left.
|
|t:|1769337717
|move|p1a: Virizitron|Psyblade|p2a: Raging Bolt
|-damage|p2a: Raging Bolt|0 fnt
|faint|p2a: Raging Bolt
|-end|p2a: Raging Bolt|Protosynthesis|[silent]
|-damage|p1a: Virizitron|15/100|[from] item: Life Orb
|
|-weather|SunnyDay|[upkeep]
|upkeep
|inactive|bugcatcherweevil has 120 seconds left.
|
|t:|1769337723
|switch|p2a: Dragapult|Dragapult, F|100/100
|turn|10
|
|t:|1769337730
|-end|p1a: Virizitron|Quark Drive|[silent]
|switch|p1a: The Urchinator|Pincurchin, M|100/100
|-fieldstart|move: Electric Terrain|[from] ability: Electric Surge|[of] p1a: The Urchinator
|move|p2a: Dragapult|Shadow Ball|p1a: The Urchinator
|-damage|p1a: The Urchinator|58/100
|-damage|p2a: Dragapult|91/100|[from] item: Life Orb
|
|-weather|SunnyDay|[upkeep]
|upkeep
|turn|11
|
|t:|1769337742
|move|p2a: Dragapult|Dragon Darts|p1a: The Urchinator
|-damage|p1a: The Urchinator|28/100
|-anim|p2a: Dragapult|Dragon Darts|p1a: The Urchinator
|-damage|p1a: The Urchinator|0 fnt
|faint|p1a: The Urchinator
|-damage|p2a: Dragapult|81/100|[from] item: Life Orb
|
|-weather|none
|upkeep
|
|t:|1769337760
|switch|p1a: Virizitron|Iron Leaves|15/100
|-activate|p1a: Virizitron|ability: Quark Drive
|-start|p1a: Virizitron|quarkdrivespe
|turn|12
|inactive|bugcatcherweevil has 120 seconds left.
|
|t:|1769337785
|move|p1a: Virizitron|Psyblade|p2a: Dragapult
|-crit|p2a: Dragapult
|-damage|p2a: Dragapult|0 fnt
|faint|p2a: Dragapult
|-damage|p1a: Virizitron|5/100|[from] item: Life Orb
|
|upkeep
|inactive|bugcatcherweevil has 120 seconds left.
|
|t:|1769337796
|switch|p2a: Slither Wing|Slither Wing|100/100
|turn|13
|
|t:|1769337814
|-end|p1a: Virizitron|Quark Drive|[silent]
|switch|p1a: Tronphan|Iron Treads|53/100
|-activate|p1a: Tronphan|ability: Quark Drive
|-start|p1a: Tronphan|quarkdrivespe
|move|p2a: Slither Wing|First Impression|p1a: Tronphan
|-resisted|p1a: Tronphan
|-damage|p1a: Tronphan|24/100
|
|upkeep
|turn|14
|
|t:|1769337827
|-end|p1a: Tronphan|Quark Drive|[silent]
|switch|p1a: Great Neck|Raging Bolt|100/100
|-end|p2a: Slither Wing|Protosynthesis|[silent]
|switch|p2a: Great Tusk|Great Tusk|69/100
|
|upkeep
|turn|15
|
|t:|1769337837
|-end|p2a: Great Tusk|Protosynthesis|[silent]
|switch|p2a: Fezandipiti|Fezandipiti, M|100/100
|-terastallize|p1a: Great Neck|Fairy
|move|p1a: Great Neck|Draco Meteor|p2a: Fezandipiti
|-immune|p2a: Fezandipiti
|
|upkeep
|turn|16
|inactive|bugcatcherweevil has 120 seconds left.
|
|t:|1769337860
|move|p2a: Fezandipiti|U-turn|p1a: Great Neck
|-resisted|p1a: Great Neck
|-damage|p1a: Great Neck|94/100
|
|t:|1769337863
|switch|p2a: Great Tusk|Great Tusk|69/100|[from] U-turn
|move|p1a: Great Neck|Rising Voltage|p2a: Great Tusk
|-immune|p2a: Great Tusk
|
|-heal|p1a: Great Neck|99/100|[from] item: Leftovers
|upkeep
|turn|17
|-message|Qplazm10 forfeited.
|
|win|bugcatcherweevil
|raw|Qplazm10's rating: 1637 &rarr; <strong>1621</strong><br />(-16 for losing)
|raw|bugcatcherweevil's rating: 1708 &rarr; <strong>1724</strong><br />(+16 for winning)
|l|☆Qplazm10
|player|p1|
