|j|☆CambridgeFoulPlay
|j|☆Obling
|t:|1769374310
|gametype|singles
|player|p1|CambridgeFoulPlay|266|1784
|player|p2|Obling|player-go|1746
|gen|9
|tier|[Gen 9] OU
|rated|
|rule|HP Percentage Mod: HP is shown in percentages
|rule|Endless Battle Clause: Forcing endless battles is banned
|rule|Species Clause: Limit one of each Pokémon
|rule|OHKO Clause: OHKO moves are banned
|rule|Evasion Items Clause: Evasion items are banned
|rule|Evasion Moves Clause: Evasion moves are banned
|rule|Evasion Abilities Clause: Evasion abilities are banned
|rule|Sleep Moves Clause: Sleep-inducing moves are banned
|clearpoke
|poke|p1|Hydrapple, M|
|poke|p1|Tyranitar, F|
|poke|p1|Moltres|
|poke|p1|Zamazenta-*|
|poke|p1|Slowking-Galar, M|
|poke|p1|Excadrill, F|
|poke|p2|Deoxys-Speed|
|poke|p2|Dragonite, F|
|poke|p2|Iron Valiant|
|poke|p2|Kingambit, M|
|poke|p2|Cresselia, F|
|poke|p2|Walking Wake|
|teampreview
|c|☆CambridgeFoulPlay|hf
|inactive|Battle timer is ON: inactive players will automatically lose when time's up. (requested by CambridgeFoulPlay)
|
|t:|1769374320
|teamsize|p1|6
|teamsize|p2|6
|start
|switch|p1a: Tyranitar|Tyranitar, F|100/100
|switch|p2a: Deoxys|Deoxys-Speed|100/100
|-ability|p2a: Deoxys|Pressure
|-weather|Sandstorm|[from] ability: Sand Stream|[of] p1a: Tyranitar
|turn|1
|
|t:|1769374322
|move|p2a: Deoxys|Stealth Rock|p1a: Tyranitar
|-sidestart|p1: CambridgeFoulPlay|move: Stealth Rock
|move|p1a: Tyranitar|Stealth Rock|p2a: Deoxys
|-sidestart|p2: Obling|move: Stealth Rock
|
|-weather|Sandstorm|[upkeep]
|-damage|p2a: Deoxys|94/100|[from] Sandstorm
|upkeep
|turn|2
|
|t:|1769374327
|move|p2a: Deoxys|Spikes|p1a: Tyranitar
|-sidestart|p1: CambridgeFoulPlay|Spikes
|move|p1a: Tyranitar|Knock Off|p2a: Deoxys
|-supereffective|p2a: Deoxys
|-damage|p2a: Deoxys|15/100
|-damage|p1a: Tyranitar|84/100|[from] item: Rocky Helmet|[of] p2a: Deoxys
|-enditem|p2a: Deoxys|Rocky Helmet|[from] move: Knock Off|[of] p1a: Tyranitar
|
|-weather|Sandstorm|[upkeep]
|-damage|p2a: Deoxys|8/100|[from] Sandstorm
|upkeep
|turn|3
|
|t:|1769374333
|switch|p1a: Excadrill|Excadrill, F|100/100
|-damage|p1a: Excadrill|97/100|[from] Stealth Rock
|-item|p1a: Excadrill|Air Balloon
|move|p2a: Deoxys|Spikes|p1a: Excadrill
|-sidestart|p1: CambridgeFoulPlay|Spikes
|
|-weather|Sandstorm|[upkeep]
|-damage|p2a: Deoxys|2/100|[from] Sandstorm
|upkeep
|turn|4
|
|t:|1769374338
|move|p1a: Excadrill|Rapid Spin|p2a: Deoxys
|-damage|p2a: Deoxys|0 fnt
|-boost|p1a: Excadrill|spe|1
|-sideend|p1: CambridgeFoulPlay|Spikes|[from] move: Rapid Spin|[of] p1a: Excadrill
|-sideend|p1: CambridgeFoulPlay|Stealth Rock|[from] move: Rapid Spin|[of] p1a: Excadrill
|faint|p2a: Deoxys
|
|-weather|Sandstorm|[upkeep]
|upkeep
|
|t:|1769374340
|switch|p2a: Walking Wake|Walking Wake|100/100
|-damage|p2a: Walking Wake|88/100|[from] Stealth Rock
|-enditem|p2a: Walking Wake|Booster Energy
|-activate|p2a: Walking Wake|ability: Protosynthesis|[fromitem]
|-start|p2a: Walking Wake|protosynthesisspa
|turn|5
|
|t:|1769374342
|move|p1a: Excadrill|Earthquake|p2a: Walking Wake
|-damage|p2a: Walking Wake|37/100
|move|p2a: Walking Wake|Surf|p1a: Excadrill
|-supereffective|p1a: Excadrill
|-damage|p1a: Excadrill|0 fnt
|-enditem|p1a: Excadrill|Air Balloon
|faint|p1a: Excadrill
|
|-weather|Sandstorm|[upkeep]
|-damage|p2a: Walking Wake|31/100|[from] Sandstorm
|upkeep
|
|t:|1769374345
|switch|p1a: Zamazenta|Zamazenta|100/100
|-ability|p1a: Zamazenta|Dauntless Shield|boost
|-boost|p1a: Zamazenta|def|1
|turn|6
|
|t:|1769374347
|move|p1a: Zamazenta|Body Press|p2a: Walking Wake
|-damage|p2a: Walking Wake|0 fnt
|faint|p2a: Walking Wake
|-end|p2a: Walking Wake|Protosynthesis|[silent]
|
|-weather|Sandstorm|[upkeep]
|-damage|p1a: Zamazenta|94/100|[from] Sandstorm
|-heal|p1a: Zamazenta|100/100|[from] item: Leftovers
|upkeep
|j| double lead paint
|
|t:|1769374350
|switch|p2a: Iron Valiant|Iron Valiant|100/100
|-damage|p2a: Iron Valiant|94/100|[from] Stealth Rock
|-enditem|p2a: Iron Valiant|Booster Energy
|-activate|p2a: Iron Valiant|ability: Quark Drive|[fromitem]
|-start|p2a: Iron Valiant|quarkdrivespe
|turn|7
|
|t:|1769374353
|switch|p1a: Slowking|Slowking-Galar, M|100/100
|move|p2a: Iron Valiant|Encore||[still]
|-fail|p2a: Iron Valiant
|
|-weather|Sandstorm|[upkeep]
|-damage|p2a: Iron Valiant|88/100|[from] Sandstorm
|-damage|p1a: Slowking|94/100|[from] Sandstorm
|upkeep
|turn|8
|
|t:|1769374355
|move|p2a: Iron Valiant|Knock Off|p1a: Slowking
|-supereffective|p1a: Slowking
|-damage|p1a: Slowking|44/100
|-enditem|p1a: Slowking|Assault Vest|[from] move: Knock Off|[of] p2a: Iron Valiant
|move|p1a: Slowking|Flamethrower|p2a: Iron Valiant
|-damage|p2a: Iron Valiant|48/100
|
|-weather|none
|upkeep
|turn|9
|
|t:|1769374358
|switch|p1a: Moltres|Moltres|100/100
|move|p2a: Iron Valiant|Swords Dance|p2a: Iron Valiant
|-boost|p2a: Iron Valiant|atk|2
|
|upkeep
|turn|10
|
|t:|1769374360
|move|p2a: Iron Valiant|Knock Off|p1a: Moltres
|-damage|p1a: Moltres|50/100
|-status|p2a: Iron Valiant|brn|[from] ability: Flame Body|[of] p1a: Moltres
|-enditem|p1a: Moltres|Heavy-Duty Boots|[from] move: Knock Off|[of] p2a: Iron Valiant
|move|p1a: Moltres|Flamethrower|p2a: Iron Valiant
|-damage|p2a: Iron Valiant|0 fnt
|faint|p2a: Iron Valiant
|-end|p2a: Iron Valiant|Quark Drive|[silent]
|
|upkeep
|l| double lead paint
|
|t:|1769374363
|switch|p2a: Dragonite|Dragonite, F|100/100
|turn|11
|
|t:|1769374365
|move|p2a: Dragonite|Dragon Dance|p2a: Dragonite
|-boost|p2a: Dragonite|atk|1
|-boost|p2a: Dragonite|spe|1
|move|p1a: Moltres|Roost|p1a: Moltres
|-heal|p1a: Moltres|99/100
|-singleturn|p1a: Moltres|move: Roost
|
|upkeep
|turn|12
|
|t:|1769374369
|move|p2a: Dragonite|Ice Spinner|p1a: Moltres
|-damage|p1a: Moltres|66/100
|move|p1a: Moltres|Roar|p2a: Dragonite
|drag|p2a: Cresselia|Cresselia, F|100/100
|-damage|p2a: Cresselia|88/100|[from] Stealth Rock
|
|-heal|p2a: Cresselia|94/100|[from] item: Leftovers
|upkeep
|turn|13
|
|t:|1769374372
|switch|p2a: Dragonite|Dragonite, F|100/100
|move|p1a: Moltres|Roost|p1a: Moltres
|-heal|p1a: Moltres|100/100
|-singleturn|p1a: Moltres|move: Roost
|
|upkeep
|turn|14
|
|t:|1769374376
|move|p2a: Dragonite|Dragon Dance|p2a: Dragonite
|-boost|p2a: Dragonite|atk|1
|-boost|p2a: Dragonite|spe|1
|move|p1a: Moltres|Flamethrower|p2a: Dragonite
|-resisted|p2a: Dragonite
|-damage|p2a: Dragonite|91/100
|
|upkeep
|turn|15
|
|t:|1769374379
|move|p2a: Dragonite|Dragon Dance|p2a: Dragonite
|-boost|p2a: Dragonite|atk|1
|-boost|p2a: Dragonite|spe|1
|move|p1a: Moltres|Roar|p2a: Dragonite
|drag|p2a: Cresselia|Cresselia, F|94/100
|-damage|p2a: Cresselia|82/100|[from] Stealth Rock
|
|-heal|p2a: Cresselia|88/100|[from] item: Leftovers
|upkeep
|turn|16
|
|t:|1769374382
|switch|p2a: Dragonite|Dragonite, F|91/100
|move|p1a: Moltres|Roar|p2a: Dragonite
|drag|p2a: Kingambit|Kingambit, M|100/100
|-damage|p2a: Kingambit|94/100|[from] Stealth Rock
|-activate|p2a: Kingambit|ability: Supreme Overlord
|-start|p2a: Kingambit|fallen3|[silent]
|
|upkeep
|turn|17
|j| gingerbrave28
|
|t:|1769374387
|move|p1a: Moltres|Flamethrower|p2a: Kingambit
|-supereffective|p2a: Kingambit
|-damage|p2a: Kingambit|21/100
|move|p2a: Kingambit|Swords Dance|p2a: Kingambit
|-boost|p2a: Kingambit|atk|2
|
|upkeep
|turn|18
|
|t:|1769374391
|switch|p1a: Zamazenta|Zamazenta|100/100
|move|p2a: Kingambit|Kowtow Cleave|p1a: Zamazenta
|-resisted|p1a: Zamazenta
|-damage|p1a: Zamazenta|40/100
|
|-heal|p1a: Zamazenta|46/100|[from] item: Leftovers
|upkeep
|turn|19
|
|t:|1769374396
|move|p2a: Kingambit|Sucker Punch||[still]
|-fail|p2a: Kingambit
|move|p1a: Zamazenta|Iron Defense|p1a: Zamazenta
|-boost|p1a: Zamazenta|def|2
|
|-heal|p1a: Zamazenta|52/100|[from] item: Leftovers
|upkeep
|turn|20
|
|t:|1769374398
|-end|p2a: Kingambit|fallen3|[silent]
|switch|p2a: Dragonite|Dragonite, F|91/100
|move|p1a: Zamazenta|Iron Defense|p1a: Zamazenta
|-boost|p1a: Zamazenta|def|2
|
|-heal|p1a: Zamazenta|58/100|[from] item: Leftovers
|upkeep
|turn|21
|
|t:|1769374400
|move|p1a: Zamazenta|Body Press|p2a: Dragonite
|-resisted|p2a: Dragonite
|-damage|p2a: Dragonite|25/100
|move|p2a: Dragonite|Dragon Dance|p2a: Dragonite
|-boost|p2a: Dragonite|atk|1
|-boost|p2a: Dragonite|spe|1
|
|-heal|p1a: Zamazenta|64/100|[from] item: Leftovers
|upkeep
|turn|22
|
|t:|1769374404
|move|p1a: Zamazenta|Body Press|p2a: Dragonite
|-resisted|p2a: Dragonite
|-damage|p2a: Dragonite|0 fnt
|faint|p2a: Dragonite
|
|-heal|p1a: Zamazenta|70/100|[from] item: Leftovers
|upkeep
|
|t:|1769374405
|switch|p2a: Kingambit|Kingambit, M|21/100
|-damage|p2a: Kingambit|15/100|[from] Stealth Rock
|-activate|p2a: Kingambit|ability: Supreme Overlord
|-start|p2a: Kingambit|fallen4|[silent]
|turn|23
|
|t:|1769374406
|move|p1a: Zamazenta|Iron Defense|p1a: Zamazenta
|-boost|p1a: Zamazenta|def|2
|move|p2a: Kingambit|Kowtow Cleave|p1a: Zamazenta
|-resisted|p1a: Zamazenta
|-damage|p1a: Zamazenta|63/100
|
|-heal|p1a: Zamazenta|69/100|[from] item: Leftovers
|upkeep
|turn|24
|
|t:|1769374408
|move|p1a: Zamazenta|Crunch|p2a: Kingambit
|-resisted|p2a: Kingambit
|-damage|p2a: Kingambit|8/100
|move|p2a: Kingambit|Iron Head|p1a: Zamazenta
|-damage|p1a: Zamazenta|58/100
|
|-heal|p1a: Zamazenta|64/100|[from] item: Leftovers
|upkeep
|turn|25
|
|t:|1769374410
|move|p1a: Zamazenta|Crunch|p2a: Kingambit
|-resisted|p2a: Kingambit
|-damage|p2a: Kingambit|0 fnt
|faint|p2a: Kingambit
|-end|p2a: Kingambit|fallen4|[silent]
|
|-heal|p1a: Zamazenta|70/100|[from] item: Leftovers
|upkeep
|
|t:|1769374411
|switch|p2a: Cresselia|Cresselia, F|88/100
|-damage|p2a: Cresselia|75/100|[from] Stealth Rock
|turn|26
|
|t:|1769374414
|-terastallize|p2a: Cresselia|Poison
|move|p1a: Zamazenta|Crunch|p2a: Cresselia
|-damage|p2a: Cresselia|64/100
|move|p2a: Cresselia|Calm Mind|p2a: Cresselia
|-boost|p2a: Cresselia|spa|1
|-boost|p2a: Cresselia|spd|1
|
|-heal|p1a: Zamazenta|76/100|[from] item: Leftovers
|-heal|p2a: Cresselia|70/100|[from] item: Leftovers
|upkeep
|turn|27
|
|t:|1769374418
|move|p1a: Zamazenta|Crunch|p2a: Cresselia
|-damage|p2a: Cresselia|60/100
|move|p2a: Cresselia|Calm Mind|p2a: Cresselia
|-boost|p2a: Cresselia|spa|1
|-boost|p2a: Cresselia|spd|1
|
|-heal|p1a: Zamazenta|82/100|[from] item: Leftovers
|-heal|p2a: Cresselia|66/100|[from] item: Leftovers
|upkeep
|turn|28
|l| gingerbrave28
|
|t:|1769374422
|-terastallize|p1a: Zamazenta|Fire
|move|p1a: Zamazenta|Crunch|p2a: Cresselia
|-damage|p2a: Cresselia|55/100
|move|p2a: Cresselia|Calm Mind|p2a: Cresselia
|-boost|p2a: Cresselia|spa|1
|-boost|p2a: Cresselia|spd|1
|
|-heal|p1a: Zamazenta|88/100|[from] item: Leftovers
|-heal|p2a: Cresselia|61/100|[from] item: Leftovers
|upkeep
|turn|29
|
|t:|1769374428
|move|p1a: Zamazenta|Crunch|p2a: Cresselia
|-damage|p2a: Cresselia|50/100
|-unboost|p2a: Cresselia|def|1
|move|p2a: Cresselia|Moonlight|p2a: Cresselia
|-heal|p2a: Cresselia|99/100
|
|-heal|p1a: Zamazenta|95/100|[from] item: Leftovers
|-heal|p2a: Cresselia|100/100|[from] item: Leftovers
|upkeep
|turn|30
|
|t:|1769374431
|move|p1a: Zamazenta|Body Press|p2a: Cresselia
|-resisted|p2a: Cresselia
|-damage|p2a: Cresselia|45/100
|move|p2a: Cresselia|Stored Power|p1a: Zamazenta
|-damage|p1a: Zamazenta|5/100
|
|-heal|p1a: Zamazenta|11/100|[from] item: Leftovers
|-heal|p2a: Cresselia|51/100|[from] item: Leftovers
|upkeep
|turn|31
|
|t:|1769374433
|move|p1a: Zamazenta|Body Press|p2a: Cresselia
|-resisted|p2a: Cresselia
|-damage|p2a: Cresselia|0 fnt
|faint|p2a: Cresselia
|
|win|CambridgeFoulPlay
|raw|CambridgeFoulPlay's rating: 1784 &rarr; <strong>1802</strong><br />(+18 for winning)
|raw|Obling's rating: 1746 &rarr; <strong>1728</strong><br />(-18 for losing)
|c|☆CambridgeFoulPlay|gg
