|j|☆fart0s
|j|☆shrek5baby
|t:|1769443694
|gametype|singles
|player|p1|fart0s|skierf|1442
|player|p2|shrek5baby|rood|1386
|gen|9
|tier|[Gen 9] OU
|rated|
|rule|HP Percentage Mod: HP is shown in percentages
|rule|Endless Battle Clause: Forcing endless battles is banned
|rule|Species Clause: Limit one of each Pokémon
|rule|OHKO Clause: OHKO moves are banned
|rule|Evasion Items Clause: Evasion items are banned
|rule|Evasion Moves Clause: Evasion moves are banned
|rule|Evasion Abilities Clause: Evasion abilities are banned
|rule|Sleep Moves Clause: Sleep-inducing moves are banned
|clearpoke
|poke|p1|Great Tusk|
|poke|p1|Glimmora, F|
|poke|p1|Ogerpon-Wellspring, F|
|poke|p1|Kingambit, F|
|poke|p1|Volcanion|
|poke|p1|Dragapult, M|
|poke|p2|Slowbro, F|
|poke|p2|Okidogi, M|
|poke|p2|Great Tusk|
|poke|p2|Tornadus-Therian, M|
|poke|p2|Dragonite, F|
|poke|p2|Scizor, F|
|teampreview
|inactive|Battle timer is ON: inactive players will automatically lose when time's up. (requested by fart0s)
|
|t:|1769443701
|teamsize|p1|6
|teamsize|p2|6
|start
|switch|p1a: Great Tusk|Great Tusk|100/100
|switch|p2a: Okidogi|Okidogi, M|100/100
|turn|1
|
|t:|1769443711
|move|p1a: Great Tusk|Headlong Rush|p2a: Okidogi
|-supereffective|p2a: Okidogi
|-damage|p2a: Okidogi|0 fnt
|-unboost|p1a: Great Tusk|def|1
|-unboost|p1a: Great Tusk|spd|1
|faint|p2a: Okidogi
|
|upkeep
|
|t:|1769443716
|switch|p2a: Slowbro|Slowbro, F, shiny|100/100
|turn|2
|
|t:|1769443723
|-end|p1a: Great Tusk|Protosynthesis|[silent]
|switch|p1a: Ogerpon|Ogerpon-Wellspring, F|100/100
|move|p2a: Slowbro|Thunder Wave|p1a: Ogerpon
|-status|p1a: Ogerpon|par
|
|upkeep
|turn|3
|
|t:|1769443729
|move|p1a: Ogerpon|U-turn|p2a: Slowbro
|-supereffective|p2a: Slowbro
|-damage|p2a: Slowbro|65/100
|-damage|p1a: Ogerpon|84/100 par|[from] item: Rocky Helmet|[of] p2a: Slowbro
|
|t:|1769443735
|switch|p1a: Great Tusk|Great Tusk|100/100|[from] U-turn
|move|p2a: Slowbro|Ice Beam|p1a: Great Tusk
|-supereffective|p1a: Great Tusk
|-damage|p1a: Great Tusk|39/100
|
|upkeep
|turn|4
|
|t:|1769443738
|move|p1a: Great Tusk|Supercell Slam|p2a: Slowbro
|-supereffective|p2a: Slowbro
|-damage|p2a: Slowbro|9/100
|-damage|p1a: Great Tusk|23/100|[from] item: Rocky Helmet|[of] p2a: Slowbro
|move|p2a: Slowbro|Slack Off|p2a: Slowbro
|-heal|p2a: Slowbro|59/100
|
|upkeep
|turn|5
|
|t:|1769443748
|-end|p1a: Great Tusk|Protosynthesis|[silent]
|switch|p1a: Volcanion|Volcanion|100/100
|move|p2a: Slowbro|Slack Off|p2a: Slowbro
|-heal|p2a: Slowbro|100/100
|
|upkeep
|turn|6
|
|t:|1769443752
|move|p1a: Volcanion|Sludge Bomb|p2a: Slowbro
|-damage|p2a: Slowbro|64/100
|-status|p2a: Slowbro|psn
|move|p2a: Slowbro|Thunder Wave|p1a: Volcanion
|-status|p1a: Volcanion|par
|
|-damage|p2a: Slowbro|52/100 psn|[from] psn
|upkeep
|turn|7
|
|t:|1769443762
|move|p2a: Slowbro|Slack Off|p2a: Slowbro
|-heal|p2a: Slowbro|100/100 psn
|move|p1a: Volcanion|Sludge Bomb|p2a: Slowbro
|-damage|p2a: Slowbro|62/100 psn
|
|-damage|p2a: Slowbro|49/100 psn|[from] psn
|upkeep
|turn|8
|
|t:|1769443769
|move|p2a: Slowbro|Slack Off|p2a: Slowbro
|-heal|p2a: Slowbro|99/100 psn
|move|p1a: Volcanion|Sludge Bomb|p2a: Slowbro
|-damage|p2a: Slowbro|63/100 psn
|
|-damage|p2a: Slowbro|51/100 psn|[from] psn
|upkeep
|turn|9
|
|t:|1769443776
|move|p2a: Slowbro|Slack Off|p2a: Slowbro
|-heal|p2a: Slowbro|100/100 psn
|move|p1a: Volcanion|Sludge Bomb|p2a: Slowbro
|-damage|p2a: Slowbro|64/100 psn
|
|-damage|p2a: Slowbro|52/100 psn|[from] psn
|upkeep
|turn|10
|
|t:|1769443783
|switch|p2a: Scizor|Scizor, F|100/100
|move|p1a: Volcanion|Sludge Bomb|p2a: Scizor
|-immune|p2a: Scizor
|
|upkeep
|turn|11
|
|t:|1769443788
|move|p2a: Scizor|Knock Off|p1a: Volcanion
|-damage|p1a: Volcanion|72/100 par
|-enditem|p1a: Volcanion|Assault Vest|[from] move: Knock Off|[of] p2a: Scizor
|move|p1a: Volcanion|Flamethrower|p2a: Scizor
|-supereffective|p2a: Scizor
|-damage|p2a: Scizor|0 fnt
|faint|p2a: Scizor
|
|upkeep
|
|t:|1769443795
|switch|p2a: Great Tusk|Great Tusk|100/100
|-enditem|p2a: Great Tusk|Booster Energy
|-activate|p2a: Great Tusk|ability: Protosynthesis|[fromitem]
|-start|p2a: Great Tusk|protosynthesisatk
|turn|12
|
|t:|1769443803
|-terastallize|p1a: Volcanion|Grass
|move|p2a: Great Tusk|Headlong Rush|p1a: Volcanion
|-resisted|p1a: Volcanion
|-damage|p1a: Volcanion|38/100 par
|-unboost|p2a: Great Tusk|def|1
|-unboost|p2a: Great Tusk|spd|1
|move|p1a: Volcanion|Steam Eruption|p2a: Great Tusk
|-supereffective|p2a: Great Tusk
|-damage|p2a: Great Tusk|0 fnt
|faint|p2a: Great Tusk
|-end|p2a: Great Tusk|Protosynthesis|[silent]
|
|upkeep
|
|t:|1769443813
|switch|p2a: Tornadus|Tornadus-Therian, M, shiny|100/100
|turn|13
|
|t:|1769443825
|move|p2a: Tornadus|Sludge Wave|p1a: Volcanion
|-supereffective|p1a: Volcanion
|-damage|p1a: Volcanion|0 fnt
|faint|p1a: Volcanion
|
|upkeep
|
|t:|1769443840
|switch|p1a: Glimmora|Glimmora, F|100/100
|turn|14
|
|t:|1769443846
|switch|p2a: Slowbro|Slowbro, F, shiny|85/100 psn
|move|p1a: Glimmora|Toxic||[still]
|-fail|p1a: Glimmora
|
|-damage|p2a: Slowbro|73/100 psn|[from] psn
|upkeep
|turn|15
|
|t:|1769443850
|move|p1a: Glimmora|Spiky Shield|p1a: Glimmora
|-singleturn|p1a: Glimmora|move: Protect
|move|p2a: Slowbro|Scald|p1a: Glimmora
|-activate|p1a: Glimmora|move: Protect
|
|-damage|p2a: Slowbro|60/100 psn|[from] psn
|upkeep
|turn|16
|
|t:|1769443857
|move|p1a: Glimmora|Earth Power|p2a: Slowbro
|-damage|p2a: Slowbro|31/100 psn
|move|p2a: Slowbro|Slack Off|p2a: Slowbro
|-heal|p2a: Slowbro|81/100 psn
|
|-damage|p2a: Slowbro|69/100 psn|[from] psn
|upkeep
|turn|17
|
|t:|1769443862
|switch|p1a: Ogerpon|Ogerpon-Wellspring, F|84/100 par
|move|p2a: Slowbro|Scald|p1a: Ogerpon
|-heal|p1a: Ogerpon|100/100 par|[from] ability: Water Absorb|[of] p2a: Slowbro
|
|-damage|p2a: Slowbro|57/100 psn|[from] psn
|upkeep
|turn|18
|
|t:|1769443867
|cant|p1a: Ogerpon|par
|move|p2a: Slowbro|Ice Beam|p1a: Ogerpon
|-damage|p1a: Ogerpon|78/100 par
|
|-damage|p2a: Slowbro|44/100 psn|[from] psn
|upkeep
|turn|19
|
|t:|1769443871
|cant|p1a: Ogerpon|par
|move|p2a: Slowbro|Slack Off|p2a: Slowbro
|-heal|p2a: Slowbro|94/100 psn
|
|-damage|p2a: Slowbro|82/100 psn|[from] psn
|upkeep
|turn|20
|
|t:|1769443873
|move|p1a: Ogerpon|Horn Leech|p2a: Slowbro
|-supereffective|p2a: Slowbro
|-damage|p2a: Slowbro|28/100 psn
|-heal|p1a: Ogerpon|100/100 par|[from] drain|[of] p2a: Slowbro
|-damage|p1a: Ogerpon|84/100 par|[from] item: Rocky Helmet|[of] p2a: Slowbro
|move|p2a: Slowbro|Ice Beam|p1a: Ogerpon
|-damage|p1a: Ogerpon|60/100 par
|
|-damage|p2a: Slowbro|15/100 psn|[from] psn
|upkeep
|turn|21
|
|t:|1769443879
|move|p1a: Ogerpon|U-turn|p2a: Slowbro
|-supereffective|p2a: Slowbro
|-damage|p2a: Slowbro|0 fnt
|-damage|p1a: Ogerpon|43/100 par|[from] item: Rocky Helmet|[of] p2a: Slowbro
|faint|p2a: Slowbro
|
|t:|1769443882
|switch|p1a: Glimmora|Glimmora, F|100/100|[from] U-turn
|
|upkeep
|
|t:|1769443887
|switch|p2a: Dragonite|Dragonite, F|100/100
|turn|22
|
|t:|1769443892
|switch|p2a: Tornadus|Tornadus-Therian, M, shiny|100/100
|move|p1a: Glimmora|Toxic|p2a: Tornadus
|-status|p2a: Tornadus|tox
|
|-damage|p2a: Tornadus|94/100 tox|[from] psn
|upkeep
|turn|23
|
|t:|1769443898
|move|p1a: Glimmora|Spiky Shield|p1a: Glimmora
|-singleturn|p1a: Glimmora|move: Protect
|move|p2a: Tornadus|Dark Pulse|p1a: Glimmora
|-activate|p1a: Glimmora|move: Protect
|
|-damage|p2a: Tornadus|82/100 tox|[from] psn
|upkeep
|turn|24
|
|t:|1769443905
|switch|p2a: Dragonite|Dragonite, F|100/100
|switch|p1a: Kingambit|Kingambit, F|100/100
|-activate|p1a: Kingambit|ability: Supreme Overlord
|-start|p1a: Kingambit|fallen1|[silent]
|
|upkeep
|turn|25
|
|t:|1769443916
|-end|p1a: Kingambit|fallen1|[silent]
|switch|p1a: Glimmora|Glimmora, F|100/100
|move|p2a: Dragonite|Dragon Dance|p2a: Dragonite
|-boost|p2a: Dragonite|atk|1
|-boost|p2a: Dragonite|spe|1
|
|upkeep
|turn|26
|
|t:|1769443922
|move|p2a: Dragonite|Earthquake|p1a: Glimmora
|-supereffective|p1a: Glimmora
|-crit|p1a: Glimmora
|-damage|p1a: Glimmora|0 fnt
|-activate|p1a: Glimmora|ability: Toxic Debris
|-sidestart|p2: shrek5baby|move: Toxic Spikes
|faint|p1a: Glimmora
|
|upkeep
|
|t:|1769443925
|switch|p1a: Dragapult|Dragapult, M|100/100
|turn|27
|
|t:|1769443927
|-terastallize|p2a: Dragonite|Fairy
|move|p1a: Dragapult|U-turn|p2a: Dragonite
|-resisted|p2a: Dragonite
|-damage|p2a: Dragonite|96/100
|
|t:|1769443932
|switch|p1a: Ogerpon|Ogerpon-Wellspring, F|43/100 par|[from] U-turn
|move|p2a: Dragonite|Dragon Dance|p2a: Dragonite
|-boost|p2a: Dragonite|atk|1
|-boost|p2a: Dragonite|spe|1
|
|upkeep
|turn|28
|
|t:|1769443944
|move|p2a: Dragonite|Roost|p2a: Dragonite
|-heal|p2a: Dragonite|100/100
|cant|p1a: Ogerpon|par
|
|upkeep
|turn|29
|
|t:|1769443952
|move|p2a: Dragonite|Dragon Dance|p2a: Dragonite
|-boost|p2a: Dragonite|atk|1
|-boost|p2a: Dragonite|spe|1
|move|p1a: Ogerpon|Ivy Cudgel|p2a: Dragonite|[anim] Ivy Cudgel Water
|-damage|p2a: Dragonite|67/100
|
|upkeep
|turn|30
|
|t:|1769443959
|move|p2a: Dragonite|Roost|p2a: Dragonite
|-heal|p2a: Dragonite|100/100
|move|p1a: Ogerpon|U-turn|p2a: Dragonite
|-resisted|p2a: Dragonite
|-damage|p2a: Dragonite|93/100
|
|t:|1769443966
|switch|p1a: Great Tusk|Great Tusk|23/100|[from] U-turn
|
|upkeep
|turn|31
|
|t:|1769443971
|move|p2a: Dragonite|Earthquake|p1a: Great Tusk
|-damage|p1a: Great Tusk|0 fnt
|faint|p1a: Great Tusk
|-end|p1a: Great Tusk|Protosynthesis|[silent]
|
|upkeep
|
|t:|1769443973
|switch|p1a: Dragapult|Dragapult, M|100/100
|turn|32
|
|t:|1769443978
|move|p2a: Dragonite|Earthquake|p1a: Dragapult
|-damage|p1a: Dragapult|0 fnt
|faint|p1a: Dragapult
|
|upkeep
|
|t:|1769443980
|switch|p1a: Kingambit|Kingambit, F|100/100
|-activate|p1a: Kingambit|ability: Supreme Overlord
|-start|p1a: Kingambit|fallen4|[silent]
|turn|33
|
|t:|1769443987
|move|p1a: Kingambit|Sucker Punch|p2a: Dragonite
|-resisted|p2a: Dragonite
|-damage|p2a: Dragonite|61/100
|move|p2a: Dragonite|Earthquake|p1a: Kingambit
|-supereffective|p1a: Kingambit
|-damage|p1a: Kingambit|0 fnt
|faint|p1a: Kingambit
|-end|p1a: Kingambit|fallen4|[silent]
|
|upkeep
|-message|fart0s forfeited.
|
|win|shrek5baby
|raw|fart0s's rating: 1442 &rarr; <strong>1419</strong><br />(-23 for losing)
|raw|shrek5baby's rating: 1386 &rarr; <strong>1409</strong><br />(+23 for winning)
|l|☆fart0s
|player|p1|
|l|☆shrek5baby
|player|p2|
