|j|☆cycyrobotv
|j|☆HorusTheYounger
|t:|1769410252
|gametype|singles
|player|p1|cycyrobotv|101|1233
|player|p2|HorusTheYounger|2|1282
|gen|9
|tier|[Gen 9] OU
|rated|
|rule|HP Percentage Mod: HP is shown in percentages
|rule|Endless Battle Clause: Forcing endless battles is banned
|rule|Species Clause: Limit one of each Pokémon
|rule|OHKO Clause: OHKO moves are banned
|rule|Evasion Items Clause: Evasion items are banned
|rule|Evasion Moves Clause: Evasion moves are banned
|rule|Evasion Abilities Clause: Evasion abilities are banned
|rule|Sleep Moves Clause: Sleep-inducing moves are banned
|clearpoke
|poke|p1|Yanmega, F|
|poke|p1|Dragapult, F|
|poke|p1|Corviknight, F|
|poke|p1|Great Tusk|
|poke|p1|Raging Bolt|
|poke|p1|Alomomola, M|
|poke|p2|Tyranitar, M|
|poke|p2|Excadrill, M|
|poke|p2|Zapdos|
|poke|p2|Clefable, F|
|poke|p2|Ogerpon-Wellspring, F|
|poke|p2|Slowking-Galar, M|
|teampreview
|
|t:|1769410284
|teamsize|p1|6
|teamsize|p2|6
|start
|switch|p1a: ishmeal|Great Tusk|100/100
|switch|p2a: Excadrill|Excadrill, M|100/100
|-item|p2a: Excadrill|Air Balloon
|-enditem|p1a: ishmeal|Booster Energy
|-activate|p1a: ishmeal|ability: Protosynthesis|[fromitem]
|-start|p1a: ishmeal|protosynthesisatk
|turn|1
|
|t:|1769410315
|switch|p2a: Zapdos|Zapdos|100/100
|move|p1a: ishmeal|Stealth Rock|p2a: Zapdos
|-sidestart|p2: HorusTheYounger|move: Stealth Rock
|
|upkeep
|turn|2
|
|t:|1769410331
|-end|p1a: ishmeal|Protosynthesis|[silent]
|switch|p1a: call it|Raging Bolt|100/100
|move|p2a: Zapdos|Hurricane|p1a: call it
|-resisted|p1a: call it
|-damage|p1a: call it|80/100
|
|-heal|p1a: call it|86/100|[from] item: Leftovers
|upkeep
|turn|3
|
|t:|1769410357
|move|p2a: Zapdos|U-turn|p1a: call it
|-damage|p1a: call it|75/100
|
|t:|1769410362
|switch|p2a: Clefable|Clefable, F|100/100|[from] U-turn
|move|p1a: call it|Dragon Pulse|p2a: Clefable
|-immune|p2a: Clefable
|
|-heal|p1a: call it|82/100|[from] item: Leftovers
|upkeep
|turn|4
|inactive|Battle timer is ON: inactive players will automatically lose when time's up. (requested by HorusTheYounger)
|
|t:|1769410418
|-end|p1a: call it|Protosynthesis|[silent]
|switch|p1a: Corviknight|Corviknight, F|100/100
|-ability|p1a: Corviknight|Pressure
|move|p2a: Clefable|Calm Mind|p2a: Clefable
|-boost|p2a: Clefable|spa|1
|-boost|p2a: Clefable|spd|1
|
|upkeep
|turn|5
|
|t:|1769410425
|move|p1a: Corviknight|Brave Bird|p2a: Clefable
|-damage|p2a: Clefable|70/100
|-damage|p1a: Corviknight|90/100|[from] Recoil
|move|p2a: Clefable|Flamethrower|p1a: Corviknight
|-supereffective|p1a: Corviknight
|-damage|p1a: Corviknight|38/100
|
|-heal|p1a: Corviknight|45/100|[from] item: Leftovers
|-heal|p2a: Clefable|76/100|[from] item: Leftovers
|upkeep
|turn|6
|
|t:|1769410444
|move|p1a: Corviknight|Brave Bird|p2a: Clefable
|-damage|p2a: Clefable|44/100
|-damage|p1a: Corviknight|34/100|[from] Recoil
|move|p2a: Clefable|Flamethrower|p1a: Corviknight
|-supereffective|p1a: Corviknight
|-damage|p1a: Corviknight|0 fnt
|faint|p1a: Corviknight
|
|-heal|p2a: Clefable|50/100|[from] item: Leftovers
|upkeep
|
|t:|1769410457
|switch|p1a: the GOAT|Yanmega, F, shiny|100/100
|turn|7
|
|t:|1769410468
|move|p1a: the GOAT|Air Slash|p2a: Clefable|[miss]
|-miss|p1a: the GOAT|p2a: Clefable
|move|p2a: Clefable|Moonlight|p2a: Clefable
|-heal|p2a: Clefable|99/100
|
|-heal|p2a: Clefable|100/100|[from] item: Leftovers
|-ability|p1a: the GOAT|Speed Boost|boost
|-boost|p1a: the GOAT|spe|1
|upkeep
|turn|8
|c|☆cycyrobotv|tuff
|
|t:|1769410484
|move|p1a: the GOAT|Air Slash|p2a: Clefable
|-damage|p2a: Clefable|73/100
|-damage|p1a: the GOAT|91/100|[from] item: Life Orb
|cant|p2a: Clefable|flinch
|
|-heal|p2a: Clefable|79/100|[from] item: Leftovers
|-ability|p1a: the GOAT|Speed Boost|boost
|-boost|p1a: the GOAT|spe|1
|upkeep
|turn|9
|
|t:|1769410488
|move|p1a: the GOAT|Air Slash|p2a: Clefable
|-damage|p2a: Clefable|49/100
|-damage|p1a: the GOAT|81/100|[from] item: Life Orb
|move|p2a: Clefable|Flamethrower|p1a: the GOAT
|-supereffective|p1a: the GOAT
|-damage|p1a: the GOAT|0 fnt
|faint|p1a: the GOAT
|
|-heal|p2a: Clefable|56/100|[from] item: Leftovers
|upkeep
|
|t:|1769410500
|switch|p1a: ishmeal|Great Tusk|100/100
|turn|10
|
|t:|1769410517
|move|p1a: ishmeal|Headlong Rush|p2a: Clefable
|-damage|p2a: Clefable|7/100
|-unboost|p1a: ishmeal|def|1
|-unboost|p1a: ishmeal|spd|1
|move|p2a: Clefable|Moonlight|p2a: Clefable
|-heal|p2a: Clefable|57/100
|
|-heal|p2a: Clefable|63/100|[from] item: Leftovers
|upkeep
|turn|11
|-message|cycyrobotv forfeited.
|
|win|HorusTheYounger
|raw|cycyrobotv's rating: 1233 &rarr; <strong>1212</strong><br />(-21 for losing)
|raw|HorusTheYounger's rating: 1282 &rarr; <strong>1303</strong><br />(+21 for winning)
|l|☆cycyrobotv
|player|p1|
|l|☆HorusTheYounger
|player|p2|
