|j|☆Shidoka14
|j|☆testingolem
|t:|1769423079
|gametype|singles
|player|p1|Shidoka14|palmer|1242
|player|p2|testingolem|scientist-gen4dp|1249
|gen|9
|tier|[Gen 9] OU
|rated|
|rule|HP Percentage Mod: HP is shown in percentages
|rule|Endless Battle Clause: Forcing endless battles is banned
|rule|Species Clause: Limit one of each Pokémon
|rule|OHKO Clause: OHKO moves are banned
|rule|Evasion Items Clause: Evasion items are banned
|rule|Evasion Moves Clause: Evasion moves are banned
|rule|Evasion Abilities Clause: Evasion abilities are banned
|rule|Sleep Moves Clause: Sleep-inducing moves are banned
|clearpoke
|poke|p1|Cinderace, M|
|poke|p1|Gengar, M|
|poke|p1|Kingambit, F|
|poke|p1|Clodsire, M|
|poke|p1|Corviknight, F|
|poke|p1|Latias, F|
|poke|p2|Golem-Alola, F|
|poke|p2|Gliscor, F|
|poke|p2|Heatran, M|
|poke|p2|Tornadus-Therian, M|
|poke|p2|Kyurem|
|poke|p2|Quaquaval, M|
|teampreview
|
|t:|1769423086
|teamsize|p1|6
|teamsize|p2|6
|start
|switch|p1a: Paul McCartney|Gengar, M, shiny|100/100
|switch|p2a: Tornadus|Tornadus-Therian, M|100/100
|turn|1
|
|t:|1769423100
|move|p2a: Tornadus|Bleakwind Storm|p1a: Paul McCartney
|-damage|p1a: Paul McCartney|20/100
|move|p1a: Paul McCartney|Shadow Ball|p2a: Tornadus
|-damage|p2a: Tornadus|46/100
|
|upkeep
|turn|2
|
|t:|1769423119
|switch|p1a: Metal Bird|Corviknight, F, shiny|100/100
|-ability|p1a: Metal Bird|Pressure
|move|p2a: Tornadus|U-turn|p1a: Metal Bird
|-resisted|p1a: Metal Bird
|-damage|p1a: Metal Bird|98/100
|-damage|p2a: Tornadus|30/100|[from] item: Rocky Helmet|[of] p1a: Metal Bird
|
|t:|1769423157
|switch|p2a: Heatran|Heatran, M|100/100|[from] U-turn
|
|upkeep
|turn|3
|
|t:|1769423179
|switch|p1a: Gooby|Clodsire, M, shiny|100/100
|move|p2a: Heatran|Magma Storm|p1a: Gooby
|-damage|p1a: Gooby|73/100
|-activate|p1a: Gooby|move: Magma Storm|[of] p2a: Heatran
|
|-heal|p1a: Gooby|79/100|[from] item: Leftovers
|-damage|p1a: Gooby|67/100|[from] move: Magma Storm|[partiallytrapped]
|upkeep
|turn|4
|
|t:|1769423195
|move|p2a: Heatran|Taunt|p1a: Gooby
|-start|p1a: Gooby|move: Taunt
|move|p1a: Gooby|Earthquake|p2a: Heatran
|-supereffective|p2a: Heatran
|-damage|p2a: Heatran|4/100
|
|-heal|p2a: Heatran|10/100|[from] item: Leftovers
|-heal|p1a: Gooby|73/100|[from] item: Leftovers
|-damage|p1a: Gooby|61/100|[from] move: Magma Storm|[partiallytrapped]
|upkeep
|turn|5
|
|t:|1769423206
|move|p2a: Heatran|Protect|p2a: Heatran
|-singleturn|p2a: Heatran|Protect
|move|p1a: Gooby|Earthquake|p2a: Heatran
|-activate|p2a: Heatran|move: Protect
|
|-heal|p2a: Heatran|17/100|[from] item: Leftovers
|-heal|p1a: Gooby|67/100|[from] item: Leftovers
|-damage|p1a: Gooby|54/100|[from] move: Magma Storm|[partiallytrapped]
|upkeep
|turn|6
|
|t:|1769423216
|move|p2a: Heatran|Earth Power|p1a: Gooby
|-supereffective|p1a: Gooby
|-damage|p1a: Gooby|25/100
|move|p1a: Gooby|Earthquake|p2a: Heatran
|-supereffective|p2a: Heatran
|-damage|p2a: Heatran|0 fnt
|faint|p2a: Heatran
|
|-heal|p1a: Gooby|31/100|[from] item: Leftovers
|-end|p1a: Gooby|Magma Storm|[partiallytrapped]|[silent]
|-end|p1a: Gooby|move: Taunt
|upkeep
|
|t:|1769423220
|switch|p2a: Kyurem|Kyurem|100/100
|-ability|p2a: Kyurem|Pressure
|turn|7
|
|t:|1769423239
|switch|p1a: Metal Bird|Corviknight, F, shiny|98/100
|-ability|p1a: Metal Bird|Pressure
|-terastallize|p2a: Kyurem|Ice
|move|p2a: Kyurem|Ice Beam|p1a: Metal Bird
|-damage|p1a: Metal Bird|1/100
|
|upkeep
|turn|8
|c|☆Shidoka14|Damn those damage
|
|t:|1769423271
|move|p2a: Kyurem|Ice Beam|p1a: Metal Bird
|-damage|p1a: Metal Bird|0 fnt
|faint|p1a: Metal Bird
|
|upkeep
|
|t:|1769423285
|switch|p1a: Undyne|Kingambit, F, shiny|100/100
|-activate|p1a: Undyne|ability: Supreme Overlord
|-start|p1a: Undyne|fallen1|[silent]
|turn|9
|
|t:|1769423290
|switch|p2a: Golem|Golem-Alola, F|100/100
|move|p1a: Undyne|Swords Dance|p1a: Undyne
|-boost|p1a: Undyne|atk|2
|
|upkeep
|turn|10
|
|t:|1769423305
|move|p1a: Undyne|Iron Head|p2a: Golem
|-damage|p2a: Golem|21/100
|cant|p2a: Golem|flinch
|
|upkeep
|turn|11
|
|t:|1769423315
|move|p1a: Undyne|Iron Head|p2a: Golem
|-damage|p2a: Golem|0 fnt
|faint|p2a: Golem
|
|upkeep
|
|t:|1769423317
|switch|p2a: Quaquaval|Quaquaval, M|100/100
|turn|12
|c|☆Shidoka14|Sorry for the hax
|
|t:|1769423334
|-terastallize|p1a: Undyne|Flying
|move|p2a: Quaquaval|Knock Off|p1a: Undyne
|-damage|p1a: Undyne|75/100
|-enditem|p1a: Undyne|Black Glasses|[from] move: Knock Off|[of] p2a: Quaquaval
|move|p1a: Undyne|Kowtow Cleave|p2a: Quaquaval
|-resisted|p2a: Quaquaval
|-damage|p2a: Quaquaval|27/100
|
|upkeep
|turn|13
|
|t:|1769423350
|move|p2a: Quaquaval|Aqua Jet|p1a: Undyne
|-damage|p1a: Undyne|59/100
|move|p1a: Undyne|Sucker Punch||[still]
|-fail|p1a: Undyne
|
|upkeep
|turn|14
|
|t:|1769423358
|switch|p2a: Kyurem|Kyurem, tera:Ice|100/100
|-ability|p2a: Kyurem|Pressure
|move|p1a: Undyne|Sucker Punch||[still]
|-fail|p1a: Undyne
|
|upkeep
|turn|15
|
|t:|1769423383
|-end|p1a: Undyne|fallen1|[silent]
|switch|p1a: Gooby|Clodsire, M, shiny|31/100
|move|p2a: Kyurem|Roar|p1a: Gooby
|drag|p1a: Katerine|Latias, F, shiny|100/100
|
|upkeep
|turn|16
|
|t:|1769423399
|switch|p2a: Gliscor|Gliscor, F|100/100
|move|p1a: Katerine|Draco Meteor|p2a: Gliscor
|-damage|p2a: Gliscor|56/100
|-unboost|p1a: Katerine|spa|2
|
|-status|p2a: Gliscor|tox|[from] item: Toxic Orb
|upkeep
|turn|17
|
|t:|1769423440
|switch|p1a: Gooby|Clodsire, M, shiny|31/100
|move|p2a: Gliscor|Protect||[still]
|-fail|p2a: Gliscor
|
|-heal|p1a: Gooby|37/100|[from] item: Leftovers
|-heal|p2a: Gliscor|68/100 tox|[from] ability: Poison Heal
|upkeep
|turn|18
|
|t:|1769423453
|move|p2a: Gliscor|Spikes|p1a: Gooby
|-sidestart|p1: Shidoka14|Spikes
|move|p1a: Gooby|Stealth Rock|p2a: Gliscor
|-sidestart|p2: testingolem|move: Stealth Rock
|
|-heal|p1a: Gooby|43/100|[from] item: Leftovers
|-heal|p2a: Gliscor|81/100 tox|[from] ability: Poison Heal
|upkeep
|turn|19
|
|t:|1769423462
|move|p2a: Gliscor|Knock Off|p1a: Gooby
|-damage|p1a: Gooby|23/100
|-enditem|p1a: Gooby|Leftovers|[from] move: Knock Off|[of] p2a: Gliscor
|move|p1a: Gooby|Recover|p1a: Gooby
|-heal|p1a: Gooby|73/100
|
|-heal|p2a: Gliscor|93/100 tox|[from] ability: Poison Heal
|upkeep
|turn|20
|
|t:|1769423484
|switch|p1a: Katerine|Latias, F, shiny|100/100
|move|p2a: Gliscor|Spikes|p1a: Katerine
|-sidestart|p1: Shidoka14|Spikes
|
|-heal|p2a: Gliscor|100/100 tox|[from] ability: Poison Heal
|upkeep
|turn|21
|
|t:|1769423493
|move|p2a: Gliscor|Protect|p2a: Gliscor
|-singleturn|p2a: Gliscor|Protect
|move|p1a: Katerine|Ice Beam|p2a: Gliscor
|-activate|p2a: Gliscor|move: Protect
|
|upkeep
|turn|22
|
|t:|1769423505
|switch|p1a: Griezman|Cinderace, M, shiny|100/100
|move|p2a: Gliscor|U-turn|p1a: Griezman
|-resisted|p1a: Griezman
|-damage|p1a: Griezman|90/100
|
|t:|1769423511
|switch|p2a: Tornadus|Tornadus-Therian, M|63/100|[from] U-turn
|
|upkeep
|turn|23
|
|t:|1769423520
|move|p2a: Tornadus|Bleakwind Storm|p1a: Griezman
|-damage|p1a: Griezman|25/100
|-unboost|p1a: Griezman|spe|1
|move|p1a: Griezman|Pyro Ball|p2a: Tornadus
|-damage|p2a: Tornadus|0 fnt
|faint|p2a: Tornadus
|
|upkeep
|
|t:|1769423523
|switch|p2a: Quaquaval|Quaquaval, M|27/100
|turn|24
|
|t:|1769423534
|switch|p1a: Gooby|Clodsire, M, shiny|73/100
|-damage|p1a: Gooby|56/100|[from] Spikes
|move|p2a: Quaquaval|Aqua Step|p1a: Gooby
|-heal|p1a: Gooby|81/100|[from] ability: Water Absorb|[of] p2a: Quaquaval
|
|upkeep
|turn|25
|
|t:|1769423545
|switch|p2a: Gliscor|Gliscor, F|100/100 tox
|-damage|p2a: Gliscor|88/100 tox|[from] Stealth Rock
|move|p1a: Gooby|Earthquake|p2a: Gliscor
|-immune|p2a: Gliscor
|
|-heal|p2a: Gliscor|100/100 tox|[from] ability: Poison Heal
|upkeep
|turn|26
|inactive|Battle timer is ON: inactive players will automatically lose when time's up. (requested by Shidoka14)
|
|t:|1769423670
|switch|p1a: Paul McCartney|Gengar, M, shiny|20/100
|-damage|p1a: Paul McCartney|4/100|[from] Spikes
|move|p2a: Gliscor|Knock Off|p1a: Paul McCartney
|-supereffective|p1a: Paul McCartney
|-damage|p1a: Paul McCartney|0 fnt
|-enditem|p1a: Paul McCartney|Focus Sash|[from] move: Knock Off|[of] p2a: Gliscor
|faint|p1a: Paul McCartney
|
|upkeep
|
|t:|1769423681
|switch|p1a: Katerine|Latias, F, shiny|100/100
|turn|27
|l|☆testingolem
|inactive|testingolem disconnected and has a minute to reconnect!
|player|p2|
|inactive|testingolem has 30 seconds to reconnect!
|inactive|testingolem has 20 seconds to reconnect!
|inactive|testingolem has 15 seconds to reconnect!
|inactive|testingolem has 10 seconds to reconnect!
|inactive|testingolem has 5 seconds to reconnect!
|-message|testingolem lost due to inactivity.
|
|win|Shidoka14
|raw|Shidoka14's rating: 1242 &rarr; <strong>1268</strong><br />(+26 for winning)
|raw|testingolem's rating: 1249 &rarr; <strong>1223</strong><br />(-26 for losing)
