|j|☆Acer14
|j|☆forsithyl
|t:|1769375265
|gametype|singles
|player|p1|Acer14|266|1232
|player|p2|forsithyl|waiter|1215
|gen|9
|tier|[Gen 9] OU
|rated|
|rule|HP Percentage Mod: HP is shown in percentages
|rule|Endless Battle Clause: Forcing endless battles is banned
|rule|Species Clause: Limit one of each Pokémon
|rule|OHKO Clause: OHKO moves are banned
|rule|Evasion Items Clause: Evasion items are banned
|rule|Evasion Moves Clause: Evasion moves are banned
|rule|Evasion Abilities Clause: Evasion abilities are banned
|rule|Sleep Moves Clause: Sleep-inducing moves are banned
|clearpoke
|poke|p1|Tyranitar, M|
|poke|p1|Excadrill, M|
|poke|p1|Iron Valiant|
|poke|p1|Zapdos|
|poke|p1|Ogerpon, F|
|poke|p1|Toxapex, M|
|poke|p2|Masquerain, M|
|poke|p2|Scizor, F|
|poke|p2|Lokix, M|
|poke|p2|Araquanid, F|
|poke|p2|Yanmega, M|
|poke|p2|Forretress, M|
|teampreview
|inactive|Battle timer is ON: inactive players will automatically lose when time's up. (requested by Acer14)
|inactive|Acer14 has 120 seconds left.
|inactive|forsithyl has 120 seconds left.
|
|t:|1769375314
|teamsize|p1|6
|teamsize|p2|6
|start
|switch|p1a: Zapdos|Zapdos, shiny|100/100
|switch|p2a: slugger|Lokix, M|100/100
|turn|1
|
|t:|1769375332
|switch|p1a: Toxapex|Toxapex, M, shiny|100/100
|move|p2a: slugger|U-turn|p1a: Toxapex
|-resisted|p1a: Toxapex
|-damage|p1a: Toxapex|62/100
|-enditem|p1a: Toxapex|Eject Button
|
|t:|1769375339
|switch|p1a: Iron Valiant|Iron Valiant, shiny|100/100
|
|upkeep
|turn|2
|
|t:|1769375351
|move|p1a: Iron Valiant|Thunderbolt|p2a: slugger
|-damage|p2a: slugger|13/100
|move|p2a: slugger|U-turn|p1a: Iron Valiant
|-resisted|p1a: Iron Valiant
|-damage|p1a: Iron Valiant|67/100
|
|t:|1769375357
|switch|p2a: whisker|Masquerain, M|100/100|[from] U-turn
|-ability|p2a: whisker|Intimidate|boost
|-unboost|p1a: Iron Valiant|atk|1
|
|upkeep
|turn|3
|
|t:|1769375371
|move|p1a: Iron Valiant|Thunderbolt|p2a: whisker
|-supereffective|p2a: whisker
|-damage|p2a: whisker|0 fnt
|faint|p2a: whisker
|
|upkeep
|c|☆forsithyl|oops
|
|t:|1769375378
|switch|p2a: biter|Scizor, F|100/100
|turn|4
|
|t:|1769375392
|-end|p1a: Iron Valiant|Quark Drive|[silent]
|switch|p1a: Ogerpon|Ogerpon, F|100/100
|move|p2a: biter|Bullet Punch|p1a: Ogerpon
|-damage|p1a: Ogerpon|56/100
|
|upkeep
|turn|5
|
|t:|1769375397
|move|p1a: Ogerpon|Knock Off|p2a: biter
|-damage|p2a: biter|44/100
|-enditem|p2a: biter|Assault Vest|[from] move: Knock Off|[of] p1a: Ogerpon
|move|p2a: biter|Dual Wingbeat|p1a: Ogerpon
|-supereffective|p1a: Ogerpon
|-damage|p1a: Ogerpon|0 fnt
|faint|p1a: Ogerpon
|-hitcount|p1: Ogerpon|1
|
|upkeep
|
|t:|1769375408
|switch|p1a: Zapdos|Zapdos, shiny|100/100
|turn|6
|
|t:|1769375431
|move|p1a: Zapdos|Heat Wave|p2a: biter|[miss]
|-miss|p1a: Zapdos|p2a: biter
|move|p2a: biter|U-turn|p1a: Zapdos
|-resisted|p1a: Zapdos
|-damage|p1a: Zapdos|77/100
|-status|p2a: biter|par|[from] ability: Static|[of] p1a: Zapdos
|
|t:|1769375434
|switch|p2a: blocker|Forretress, M|100/100|[from] U-turn
|
|upkeep
|turn|7
|
|t:|1769375437
|move|p1a: Zapdos|Heat Wave|p2a: blocker
|-supereffective|p2a: blocker
|-ability|p2a: blocker|Sturdy
|-damage|p2a: blocker|1/100
|move|p2a: blocker|Light Screen|p2a: blocker
|-sidestart|p2: forsithyl|move: Light Screen
|
|upkeep
|turn|8
|
|t:|1769375465
|move|p1a: Zapdos|Volt Switch|p2a: blocker
|-damage|p2a: blocker|0 fnt
|faint|p2a: blocker
|
|t:|1769375472
|switch|p1a: Tyranitar|Tyranitar, M, shiny|100/100|[from] Volt Switch
|-weather|Sandstorm|[from] ability: Sand Stream|[of] p1a: Tyranitar
|
|-weather|Sandstorm|[upkeep]
|upkeep
|inactive|forsithyl has 120 seconds left.
|
|t:|1769375496
|switch|p2a: biter|Scizor, F|44/100 par
|turn|9
|
|t:|1769375502
|cant|p2a: biter|par
|move|p1a: Tyranitar|Low Kick|p2a: biter
|-damage|p2a: biter|0 fnt
|faint|p2a: biter
|
|-weather|Sandstorm|[upkeep]
|upkeep
|
|t:|1769375506
|switch|p2a: lurker|Araquanid, F|100/100
|turn|10
|
|t:|1769375519
|switch|p1a: Iron Valiant|Iron Valiant, shiny|67/100
|move|p2a: lurker|Sticky Web|p1a: Iron Valiant
|-sidestart|p1: Acer14|move: Sticky Web
|
|-weather|Sandstorm|[upkeep]
|-damage|p1a: Iron Valiant|60/100|[from] Sandstorm
|-damage|p2a: lurker|94/100|[from] Sandstorm
|upkeep
|turn|11
|
|t:|1769375542
|move|p1a: Iron Valiant|Thunderbolt|p2a: lurker
|-supereffective|p2a: lurker
|-damage|p2a: lurker|68/100
|move|p2a: lurker|Surf|p1a: Iron Valiant
|-damage|p1a: Iron Valiant|0 fnt
|faint|p1a: Iron Valiant
|-end|p1a: Iron Valiant|Quark Drive|[silent]
|
|-weather|Sandstorm|[upkeep]
|-damage|p2a: lurker|62/100|[from] Sandstorm
|upkeep
|
|t:|1769375548
|switch|p1a: Excadrill|Excadrill, M, shiny|100/100
|-activate|p1a: Excadrill|move: Sticky Web
|-unboost|p1a: Excadrill|spe|1
|turn|12
|
|t:|1769375564
|switch|p1a: Toxapex|Toxapex, M, shiny|95/100
|-activate|p1a: Toxapex|move: Sticky Web
|-unboost|p1a: Toxapex|spe|1
|move|p2a: lurker|Waterfall|p1a: Toxapex
|-resisted|p1a: Toxapex
|-damage|p1a: Toxapex|81/100
|
|-weather|Sandstorm|[upkeep]
|-damage|p2a: lurker|56/100|[from] Sandstorm
|-damage|p1a: Toxapex|75/100|[from] Sandstorm
|upkeep
|turn|13
|
|t:|1769375576
|move|p2a: lurker|Rain Dance|p2a: lurker
|-weather|RainDance
|move|p1a: Toxapex|Toxic|p2a: lurker
|-status|p2a: lurker|tox
|
|-weather|RainDance|[upkeep]
|-damage|p2a: lurker|49/100 tox|[from] psn
|upkeep
|turn|14
|
|t:|1769375583
|move|p2a: lurker|Waterfall|p1a: Toxapex
|-resisted|p1a: Toxapex
|-damage|p1a: Toxapex|55/100
|move|p1a: Toxapex|Toxic Spikes|p2a: lurker
|-sidestart|p2: forsithyl|move: Toxic Spikes
|
|-weather|RainDance|[upkeep]
|-damage|p2a: lurker|37/100 tox|[from] psn
|-sideend|p2: forsithyl|move: Light Screen
|upkeep
|turn|15
|
|t:|1769375588
|move|p2a: lurker|Waterfall|p1a: Toxapex
|-resisted|p1a: Toxapex
|-damage|p1a: Toxapex|34/100
|move|p1a: Toxapex|Toxic Spikes|p2a: lurker
|-sidestart|p2: forsithyl|move: Toxic Spikes
|
|-weather|RainDance|[upkeep]
|-damage|p2a: lurker|18/100 tox|[from] psn
|upkeep
|turn|16
|
|t:|1769375591
|move|p2a: lurker|Waterfall|p1a: Toxapex
|-resisted|p1a: Toxapex
|-damage|p1a: Toxapex|12/100
|cant|p1a: Toxapex|flinch
|
|-weather|RainDance|[upkeep]
|-damage|p2a: lurker|0 fnt|[from] psn
|faint|p2a: lurker
|upkeep
|
|t:|1769375600
|switch|p2a: flapper|Yanmega, M|100/100
|turn|17
|
|t:|1769375615
|switch|p1a: Zapdos|Zapdos, shiny|77/100
|move|p2a: flapper|Bug Buzz|p1a: Zapdos
|-resisted|p1a: Zapdos
|-damage|p1a: Zapdos|0 fnt
|faint|p1a: Zapdos
|
|-weather|none
|upkeep
|
|t:|1769375627
|switch|p1a: Tyranitar|Tyranitar, M, shiny|100/100
|-activate|p1a: Tyranitar|move: Sticky Web
|-unboost|p1a: Tyranitar|spe|1
|-weather|Sandstorm|[from] ability: Sand Stream|[of] p1a: Tyranitar
|turn|18
|
|t:|1769375632
|move|p2a: flapper|Bug Buzz|p1a: Tyranitar
|-supereffective|p1a: Tyranitar
|-damage|p1a: Tyranitar|10/100
|move|p1a: Tyranitar|Stealth Rock|p2a: flapper
|-sidestart|p2: forsithyl|move: Stealth Rock
|
|-weather|Sandstorm|[upkeep]
|-damage|p2a: flapper|94/100|[from] Sandstorm
|upkeep
|turn|19
|
|t:|1769375638
|move|p2a: flapper|Bug Buzz|p1a: Tyranitar
|-supereffective|p1a: Tyranitar
|-damage|p1a: Tyranitar|0 fnt
|faint|p1a: Tyranitar
|
|-weather|Sandstorm|[upkeep]
|-damage|p2a: flapper|88/100|[from] Sandstorm
|upkeep
|
|t:|1769375641
|switch|p1a: Excadrill|Excadrill, M, shiny|100/100
|-activate|p1a: Excadrill|move: Sticky Web
|-unboost|p1a: Excadrill|spe|1
|turn|20
|c|☆forsithyl|gg
|
|t:|1769375648
|move|p1a: Excadrill|Rock Slide|p2a: flapper
|-supereffective|p2a: flapper
|-damage|p2a: flapper|0 fnt
|faint|p2a: flapper
|
|-weather|Sandstorm|[upkeep]
|upkeep
|
|t:|1769375651
|switch|p2a: slugger|Lokix, M|13/100
|-status|p2a: slugger|tox
|-damage|p2a: slugger|0 fnt|[from] Stealth Rock
|faint|p2a: slugger
|
|win|Acer14
|raw|Acer14's rating: 1232 &rarr; <strong>1256</strong><br />(+24 for winning)
|raw|forsithyl's rating: 1215 &rarr; <strong>1191</strong><br />(-24 for losing)
|l|☆forsithyl
|player|p2|
|l|☆Acer14
|player|p1|
