|j|☆Pookysnuke
|j|☆Rak3n
|t:|1769356871
|gametype|singles
|player|p1|Pookysnuke|backpacker|1267
|player|p2|Rak3n|102|1273
|gen|9
|tier|[Gen 9] OU
|rated|
|rule|HP Percentage Mod: HP is shown in percentages
|rule|Endless Battle Clause: Forcing endless battles is banned
|rule|Species Clause: Limit one of each Pokémon
|rule|OHKO Clause: OHKO moves are banned
|rule|Evasion Items Clause: Evasion items are banned
|rule|Evasion Moves Clause: Evasion moves are banned
|rule|Evasion Abilities Clause: Evasion abilities are banned
|rule|Sleep Moves Clause: Sleep-inducing moves are banned
|clearpoke
|poke|p1|Chandelure, F|
|poke|p1|Rillaboom, F|
|poke|p1|Hitmonlee, M|
|poke|p1|Glimmora, M|
|poke|p1|Whimsicott, F|
|poke|p1|Hydreigon, M|
|poke|p2|Thundurus-Therian, M|
|poke|p2|Gholdengo|
|poke|p2|Cinderace, M|
|poke|p2|Snorlax, F|
|poke|p2|Salamence, F|
|poke|p2|Iron Treads|
|teampreview
|
|t:|1769356889
|teamsize|p1|6
|teamsize|p2|6
|start
|switch|p1a: Glimmora|Glimmora, M|100/100
|switch|p2a: Iron Treads|Iron Treads|100/100
|turn|1
|inactive|Battle timer is ON: inactive players will automatically lose when time's up. (requested by Pookysnuke)
|
|t:|1769356915
|move|p2a: Iron Treads|Stealth Rock|p1a: Glimmora
|-sidestart|p1: Pookysnuke|move: Stealth Rock
|move|p1a: Glimmora|Stealth Rock|p2a: Iron Treads
|-sidestart|p2: Rak3n|move: Stealth Rock
|
|upkeep
|turn|2
|
|t:|1769356921
|move|p2a: Iron Treads|Rapid Spin|p1a: Glimmora
|-resisted|p1a: Glimmora
|-damage|p1a: Glimmora|92/100
|-boost|p2a: Iron Treads|spe|1
|-activate|p1a: Glimmora|ability: Toxic Debris
|-sidestart|p2: Rak3n|move: Toxic Spikes
|-sideend|p2: Rak3n|Toxic Spikes|[from] move: Rapid Spin|[of] p2a: Iron Treads
|-sideend|p2: Rak3n|Stealth Rock|[from] move: Rapid Spin|[of] p2a: Iron Treads
|move|p1a: Glimmora|Earth Power|p2a: Iron Treads
|-supereffective|p2a: Iron Treads
|-damage|p2a: Iron Treads|15/100
|
|upkeep
|turn|3
|
|t:|1769356930
|switch|p1a: Rillaboom|Rillaboom, F|100/100
|-damage|p1a: Rillaboom|88/100|[from] Stealth Rock
|-fieldstart|move: Grassy Terrain|[from] ability: Grassy Surge|[of] p1a: Rillaboom
|move|p2a: Iron Treads|Earthquake|p1a: Rillaboom
|-resisted|p1a: Rillaboom
|-damage|p1a: Rillaboom|74/100
|
|-heal|p2a: Iron Treads|21/100|[from] Grassy Terrain
|-heal|p1a: Rillaboom|81/100|[from] Grassy Terrain
|upkeep
|turn|4
|
|t:|1769356949
|move|p2a: Iron Treads|Knock Off|p1a: Rillaboom
|-damage|p1a: Rillaboom|48/100
|-enditem|p1a: Rillaboom|Assault Vest|[from] move: Knock Off|[of] p2a: Iron Treads
|move|p1a: Rillaboom|Knock Off|p2a: Iron Treads
|-damage|p2a: Iron Treads|2/100
|
|-heal|p2a: Iron Treads|9/100|[from] Grassy Terrain
|-heal|p1a: Rillaboom|55/100|[from] Grassy Terrain
|upkeep
|turn|5
|
|t:|1769356962
|-end|p2a: Iron Treads|Quark Drive|[silent]
|switch|p2a: Salamence|Salamence, F, shiny|100/100
|-ability|p2a: Salamence|Intimidate|boost
|-unboost|p1a: Rillaboom|atk|1
|move|p1a: Rillaboom|Grassy Glide|p2a: Salamence
|-resisted|p2a: Salamence
|-damage|p2a: Salamence|94/100
|
|-heal|p1a: Rillaboom|61/100|[from] Grassy Terrain
|upkeep
|turn|6
|
|t:|1769356975
|switch|p1a: Glimmora|Glimmora, M|92/100
|-damage|p1a: Glimmora|79/100|[from] Stealth Rock
|move|p2a: Salamence|Hurricane|p1a: Glimmora
|-resisted|p1a: Glimmora
|-damage|p1a: Glimmora|47/100
|
|-heal|p1a: Glimmora|53/100|[from] Grassy Terrain
|upkeep
|turn|7
|
|t:|1769356983
|move|p1a: Glimmora|Power Gem|p2a: Salamence
|-supereffective|p2a: Salamence
|-damage|p2a: Salamence|32/100
|move|p2a: Salamence|Hydro Pump|p1a: Glimmora
|-supereffective|p1a: Glimmora
|-damage|p1a: Glimmora|0 fnt
|faint|p1a: Glimmora
|
|-fieldend|move: Grassy Terrain
|upkeep
|
|t:|1769356995
|switch|p1a: Hydreigon|Hydreigon, M|100/100
|-damage|p1a: Hydreigon|88/100|[from] Stealth Rock
|turn|8
|
|t:|1769357003
|-terastallize|p2a: Salamence|Fairy
|move|p1a: Hydreigon|Dark Pulse|p2a: Salamence
|-resisted|p2a: Salamence
|-damage|p2a: Salamence|9/100
|move|p2a: Salamence|Draco Meteor|p1a: Hydreigon
|-supereffective|p1a: Hydreigon
|-damage|p1a: Hydreigon|0 fnt
|-unboost|p2a: Salamence|spa|2
|faint|p1a: Hydreigon
|
|upkeep
|
|t:|1769357012
|switch|p1a: Rillaboom|Rillaboom, F|61/100
|-damage|p1a: Rillaboom|48/100|[from] Stealth Rock
|-fieldstart|move: Grassy Terrain|[from] ability: Grassy Surge|[of] p1a: Rillaboom
|turn|9
|
|t:|1769357017
|switch|p2a: Iron Treads|Iron Treads|9/100
|move|p1a: Rillaboom|Grassy Glide|p2a: Iron Treads
|-damage|p2a: Iron Treads|0 fnt
|faint|p2a: Iron Treads
|-end|p2a: Iron Treads|Quark Drive|[silent]
|
|-heal|p1a: Rillaboom|55/100|[from] Grassy Terrain
|upkeep
|
|t:|1769357024
|switch|p2a: Cinderace|Cinderace, M|100/100
|turn|10
|
|t:|1769357030
|move|p2a: Cinderace|Pyro Ball|p1a: Rillaboom
|-supereffective|p1a: Rillaboom
|-damage|p1a: Rillaboom|0 fnt
|faint|p1a: Rillaboom
|-damage|p2a: Cinderace|91/100|[from] item: Life Orb
|
|-heal|p2a: Cinderace|97/100|[from] Grassy Terrain
|upkeep
|
|t:|1769357036
|switch|p1a: Hitmonlee|Hitmonlee, M|100/100
|-damage|p1a: Hitmonlee|94/100|[from] Stealth Rock
|-enditem|p1a: Hitmonlee|Grassy Seed
|-boost|p1a: Hitmonlee|def|1|[from] item: Grassy Seed
|turn|11
|
|t:|1769357045
|switch|p2a: Salamence|Salamence, F, shiny, tera:Fairy|9/100
|-ability|p2a: Salamence|Intimidate|boost
|-unboost|p1a: Hitmonlee|atk|1
|move|p1a: Hitmonlee|Swords Dance|p1a: Hitmonlee
|-boost|p1a: Hitmonlee|atk|2
|
|-heal|p1a: Hitmonlee|100/100|[from] Grassy Terrain
|-heal|p2a: Salamence|15/100|[from] Grassy Terrain
|upkeep
|turn|12
|
|t:|1769357051
|move|p1a: Hitmonlee|Knock Off|p2a: Salamence
|-resisted|p2a: Salamence
|-damage|p2a: Salamence|0 fnt
|-enditem|p2a: Salamence|Assault Vest|[from] move: Knock Off|[of] p1a: Hitmonlee
|faint|p2a: Salamence
|
|upkeep
|
|t:|1769357067
|switch|p2a: Snorlax|Snorlax, F|100/100
|turn|13
|
|t:|1769357075
|move|p1a: Hitmonlee|Close Combat|p2a: Snorlax
|-supereffective|p2a: Snorlax
|-damage|p2a: Snorlax|0 fnt
|-unboost|p1a: Hitmonlee|def|1
|-unboost|p1a: Hitmonlee|spd|1
|faint|p2a: Snorlax
|
|-fieldend|move: Grassy Terrain
|upkeep
|
|t:|1769357081
|switch|p2a: Gholdengo|Gholdengo|100/100
|turn|14
|
|t:|1769357086
|move|p1a: Hitmonlee|Knock Off|p2a: Gholdengo
|-supereffective|p2a: Gholdengo
|-damage|p2a: Gholdengo|0 fnt
|-enditem|p2a: Gholdengo|Choice Scarf|[from] move: Knock Off|[of] p1a: Hitmonlee
|faint|p2a: Gholdengo
|
|upkeep
|
|t:|1769357093
|switch|p2a: Thundurus|Thundurus-Therian, M|100/100
|turn|15
|
|t:|1769357098
|move|p1a: Hitmonlee|Rock Slide|p2a: Thundurus
|-supereffective|p2a: Thundurus
|-damage|p2a: Thundurus|0 fnt
|faint|p2a: Thundurus
|
|upkeep
|
|t:|1769357101
|switch|p2a: Cinderace|Cinderace, M|97/100
|turn|16
|
|t:|1769357103
|move|p1a: Hitmonlee|Close Combat|p2a: Cinderace
|-damage|p2a: Cinderace|0 fnt
|-unboost|p1a: Hitmonlee|def|1
|-unboost|p1a: Hitmonlee|spd|1
|faint|p2a: Cinderace
|
|win|Pookysnuke
|raw|Pookysnuke's rating: 1267 &rarr; <strong>1292</strong><br />(+25 for winning)
|raw|Rak3n's rating: 1273 &rarr; <strong>1248</strong><br />(-25 for losing)
|c|☆Pookysnuke|gg
