|j|☆Eel56
|j|☆halaman95
|t:|1769313361
|gametype|singles
|player|p1|Eel56|2|1640
|player|p2|halaman95|265|1667
|gen|9
|tier|[Gen 9] OU
|rated|
|rule|HP Percentage Mod: HP is shown in percentages
|rule|Endless Battle Clause: Forcing endless battles is banned
|rule|Species Clause: Limit one of each Pokémon
|rule|OHKO Clause: OHKO moves are banned
|rule|Evasion Items Clause: Evasion items are banned
|rule|Evasion Moves Clause: Evasion moves are banned
|rule|Evasion Abilities Clause: Evasion abilities are banned
|rule|Sleep Moves Clause: Sleep-inducing moves are banned
|clearpoke
|poke|p1|Great Tusk|
|poke|p1|Pecharunt|
|poke|p1|Iron Valiant|
|poke|p1|Iron Crown|
|poke|p1|Samurott-Hisui, M|
|poke|p1|Dragonite, M|
|poke|p2|Bronzong|
|poke|p2|Clodsire, M|
|poke|p2|Gholdengo|
|poke|p2|Pecharunt|
|poke|p2|Chesnaught, F|
|poke|p2|Weavile, M|
|teampreview
|inactive|Battle timer is ON: inactive players will automatically lose when time's up. (requested by halaman95)
|
|t:|1769313383
|teamsize|p1|6
|teamsize|p2|6
|start
|switch|p1a: Samurott|Samurott-Hisui, M, shiny|100/100
|switch|p2a: Bronzong|Bronzong|100/100
|turn|1
|
|t:|1769313392
|switch|p2a: Chesnaught|Chesnaught, F|100/100
|move|p1a: Samurott|Ceaseless Edge|p2a: Chesnaught
|-resisted|p2a: Chesnaught
|-damage|p2a: Chesnaught|85/100
|-damage|p1a: Samurott|84/100|[from] item: Rocky Helmet|[of] p2a: Chesnaught
|-sidestart|p2: halaman95|Spikes
|
|upkeep
|turn|2
|
|t:|1769313403
|switch|p1a: Pecharunt|Pecharunt|100/100
|move|p2a: Chesnaught|Knock Off|p1a: Pecharunt
|-supereffective|p1a: Pecharunt
|-damage|p1a: Pecharunt|80/100
|-damage|p2a: Chesnaught|68/100|[from] item: Rocky Helmet|[of] p1a: Pecharunt
|-enditem|p1a: Pecharunt|Rocky Helmet|[from] move: Knock Off|[of] p2a: Chesnaught
|
|upkeep
|turn|3
|
|t:|1769313415
|switch|p2a: Clodsire|Clodsire, M|100/100
|-damage|p2a: Clodsire|88/100|[from] Spikes
|move|p1a: Pecharunt|Parting Shot|p2a: Clodsire
|-unboost|p2a: Clodsire|atk|1
|-unboost|p2a: Clodsire|spa|1
|
|t:|1769313422
|switch|p1a: Samurott|Samurott-Hisui, M, shiny|84/100|[from] Parting Shot
|
|-heal|p2a: Clodsire|94/100|[from] item: Leftovers
|upkeep
|turn|4
|
|t:|1769313429
|switch|p2a: Chesnaught|Chesnaught, F|68/100
|-damage|p2a: Chesnaught|56/100|[from] Spikes
|move|p1a: Samurott|Knock Off|p2a: Chesnaught
|-resisted|p2a: Chesnaught
|-damage|p2a: Chesnaught|39/100
|-damage|p1a: Samurott|67/100|[from] item: Rocky Helmet|[of] p2a: Chesnaught
|-enditem|p2a: Chesnaught|Rocky Helmet|[from] move: Knock Off|[of] p1a: Samurott
|
|upkeep
|turn|5
|
|t:|1769313433
|move|p1a: Samurott|Flip Turn|p2a: Chesnaught
|-resisted|p2a: Chesnaught
|-damage|p2a: Chesnaught|31/100
|
|t:|1769313442
|switch|p1a: Iron Crown|Iron Crown|100/100|[from] Flip Turn
|move|p2a: Chesnaught|Synthesis|p2a: Chesnaught
|-heal|p2a: Chesnaught|81/100
|
|upkeep
|turn|6
|
|t:|1769313455
|switch|p2a: Bronzong|Bronzong|100/100
|move|p1a: Iron Crown|Future Sight|p2a: Bronzong
|-start|p1a: Iron Crown|move: Future Sight
|
|upkeep
|turn|7
|
|t:|1769313460
|move|p1a: Iron Crown|Volt Switch|p2a: Bronzong
|-damage|p2a: Bronzong|84/100
|
|t:|1769313473
|-end|p1a: Iron Crown|Quark Drive|[silent]
|switch|p1a: Samurott|Samurott-Hisui, M, shiny|67/100|[from] Volt Switch
|move|p2a: Bronzong|Stealth Rock|p1a: Samurott
|-sidestart|p1: Eel56|move: Stealth Rock
|
|-heal|p2a: Bronzong|90/100|[from] item: Leftovers
|upkeep
|turn|8
|
|t:|1769313488
|move|p1a: Samurott|Knock Off|p2a: Bronzong
|-supereffective|p2a: Bronzong
|-damage|p2a: Bronzong|0 fnt
|-enditem|p2a: Bronzong|Leftovers|[from] move: Knock Off|[of] p1a: Samurott
|faint|p2a: Bronzong
|
|-hint|Future Sight did not hit because the target is fainted.
|upkeep
|
|t:|1769313499
|switch|p2a: Pecharunt|Pecharunt|100/100
|turn|9
|
|t:|1769313518
|move|p1a: Samurott|Knock Off|p2a: Pecharunt
|-supereffective|p2a: Pecharunt
|-damage|p2a: Pecharunt|48/100
|-enditem|p2a: Pecharunt|Heavy-Duty Boots|[from] move: Knock Off|[of] p1a: Samurott
|move|p2a: Pecharunt|Malignant Chain|p1a: Samurott
|-damage|p1a: Samurott|17/100
|
|upkeep
|turn|10
|
|t:|1769313527
|move|p1a: Samurott|Ceaseless Edge|p2a: Pecharunt
|-supereffective|p2a: Pecharunt
|-damage|p2a: Pecharunt|0 fnt
|-sidestart|p2: halaman95|Spikes
|faint|p2a: Pecharunt
|
|upkeep
|
|t:|1769313534
|switch|p2a: Weavile|Weavile, M|100/100
|-ability|p2a: Weavile|Pressure
|turn|11
|
|t:|1769313543
|move|p1a: Samurott|Sucker Punch|p2a: Weavile
|-resisted|p2a: Weavile
|-damage|p2a: Weavile|62/100
|move|p2a: Weavile|Knock Off|p1a: Samurott
|-resisted|p1a: Samurott
|-crit|p1a: Samurott
|-damage|p1a: Samurott|0 fnt
|-enditem|p1a: Samurott|Black Glasses|[from] move: Knock Off|[of] p2a: Weavile
|faint|p1a: Samurott
|
|upkeep
|
|t:|1769313554
|switch|p1a: Iron Valiant|Iron Valiant, shiny|100/100
|-damage|p1a: Iron Valiant|94/100|[from] Stealth Rock
|turn|12
|
|t:|1769313563
|switch|p2a: Clodsire|Clodsire, M|94/100
|-damage|p2a: Clodsire|78/100|[from] Spikes
|move|p1a: Iron Valiant|Vacuum Wave|p2a: Clodsire
|-resisted|p2a: Clodsire
|-damage|p2a: Clodsire|70/100
|
|-heal|p2a: Clodsire|76/100|[from] item: Leftovers
|upkeep
|turn|13
|
|t:|1769313573
|-end|p1a: Iron Valiant|Quark Drive|[silent]
|switch|p1a: Great Tusk|Great Tusk, shiny|100/100
|move|p2a: Clodsire|Earthquake|p1a: Great Tusk
|-damage|p1a: Great Tusk|80/100
|
|-heal|p2a: Clodsire|82/100|[from] item: Leftovers
|upkeep
|turn|14
|
|t:|1769313582
|switch|p2a: Gholdengo|Gholdengo|100/100
|-item|p2a: Gholdengo|Air Balloon
|move|p1a: Great Tusk|Stealth Rock|p2a: Gholdengo
|-sidestart|p2: halaman95|move: Stealth Rock
|
|upkeep
|turn|15
|
|t:|1769313590
|move|p1a: Great Tusk|Ice Spinner|p2a: Gholdengo
|-resisted|p2a: Gholdengo
|-damage|p2a: Gholdengo|87/100
|-enditem|p2a: Gholdengo|Air Balloon
|move|p2a: Gholdengo|Make It Rain|p1a: Great Tusk
|-damage|p1a: Great Tusk|0 fnt
|-unboost|p2a: Gholdengo|spa|1
|faint|p1a: Great Tusk
|-end|p1a: Great Tusk|Protosynthesis|[silent]
|
|upkeep
|
|t:|1769313613
|switch|p1a: Dragonite|Dragonite, M, shiny|100/100
|turn|16
|
|t:|1769313624
|switch|p2a: Chesnaught|Chesnaught, F|81/100
|-damage|p2a: Chesnaught|64/100|[from] Spikes
|-damage|p2a: Chesnaught|58/100|[from] Stealth Rock
|move|p1a: Dragonite|Dragon Dance|p1a: Dragonite
|-boost|p1a: Dragonite|atk|1
|-boost|p1a: Dragonite|spe|1
|
|upkeep
|turn|17
|
|t:|1769313628
|-terastallize|p1a: Dragonite|Flying
|move|p1a: Dragonite|Tera Blast|p2a: Chesnaught|[anim] Tera Blast Flying
|-supereffective|p2a: Chesnaught
|-damage|p2a: Chesnaught|0 fnt
|faint|p2a: Chesnaught
|
|upkeep
|
|t:|1769313641
|switch|p2a: Gholdengo|Gholdengo|87/100
|-damage|p2a: Gholdengo|71/100|[from] Spikes
|-damage|p2a: Gholdengo|65/100|[from] Stealth Rock
|turn|18
|
|t:|1769313645
|move|p1a: Dragonite|Earthquake|p2a: Gholdengo
|-supereffective|p2a: Gholdengo
|-damage|p2a: Gholdengo|0 fnt
|faint|p2a: Gholdengo
|
|upkeep
|
|t:|1769313647
|switch|p2a: Weavile|Weavile, M|62/100
|-ability|p2a: Weavile|Pressure
|turn|19
|
|t:|1769313652
|-terastallize|p2a: Weavile|Steel
|move|p1a: Dragonite|Tera Blast|p2a: Weavile|[anim] Tera Blast Flying
|-resisted|p2a: Weavile
|-damage|p2a: Weavile|0 fnt
|faint|p2a: Weavile
|
|upkeep
|-message|halaman95 forfeited.
|
|win|Eel56
|raw|Eel56's rating: 1640 &rarr; <strong>1662</strong><br />(+22 for winning)
|raw|halaman95's rating: 1667 &rarr; <strong>1645</strong><br />(-22 for losing)
|l|☆halaman95
|player|p2|
|l|☆Eel56
|player|p1|
