|j|☆420Pimmelberger
|j|☆mehvish
|t:|1769336243
|gametype|singles
|player|p1|420Pimmelberger|102|1157
|player|p2|mehvish|maid|1201
|gen|9
|tier|[Gen 9] OU
|rated|
|rule|HP Percentage Mod: HP is shown in percentages
|rule|Endless Battle Clause: Forcing endless battles is banned
|rule|Species Clause: Limit one of each Pokémon
|rule|OHKO Clause: OHKO moves are banned
|rule|Evasion Items Clause: Evasion items are banned
|rule|Evasion Moves Clause: Evasion moves are banned
|rule|Evasion Abilities Clause: Evasion abilities are banned
|rule|Sleep Moves Clause: Sleep-inducing moves are banned
|clearpoke
|poke|p1|Crabominable, F|
|poke|p1|Polteageist|
|poke|p1|Clodsire, F|
|poke|p1|Exeggutor, F|
|poke|p1|Dondozo, F|
|poke|p1|Kingambit, F|
|poke|p2|Gholdengo|
|poke|p2|Glimmora, F|
|poke|p2|Torkoal, M|
|poke|p2|Lilligant-Hisui, F|
|poke|p2|Raging Bolt|
|poke|p2|Walking Wake|
|teampreview
|inactive|Battle timer is ON: inactive players will automatically lose when time's up. (requested by mehvish)
|inactive|420Pimmelberger has 120 seconds left.
|
|t:|1769336274
|teamsize|p1|6
|teamsize|p2|6
|start
|switch|p1a: Handsome Boi|Crabominable, F|100/100
|switch|p2a: Torkoal|Torkoal, M|100/100
|-weather|SunnyDay|[from] ability: Drought|[of] p2a: Torkoal
|turn|1
|
|t:|1769336286
|switch|p1a: The Don|Dondozo, F|100/100
|move|p2a: Torkoal|Will-O-Wisp|p1a: The Don
|-status|p1a: The Don|brn
|
|-weather|SunnyDay|[upkeep]
|-damage|p1a: The Don|94/100 brn|[from] brn
|upkeep
|turn|2
|
|t:|1769336296
|switch|p2a: Lilligant|Lilligant-Hisui, F|100/100
|move|p1a: The Don|Curse|p1a: The Don
|-unboost|p1a: The Don|spe|1
|-boost|p1a: The Don|atk|1
|-boost|p1a: The Don|def|1
|
|-weather|SunnyDay|[upkeep]
|-heal|p1a: The Don|100/100 brn|[from] item: Leftovers
|-damage|p1a: The Don|94/100 brn|[from] brn
|upkeep
|turn|3
|
|t:|1769336311
|move|p2a: Lilligant|Solar Blade||[still]
|-prepare|p2a: Lilligant|Solar Blade
|-anim|p2a: Lilligant|Solar Blade|p1a: The Don
|-supereffective|p1a: The Don
|-damage|p1a: The Don|50/100 brn
|-damage|p2a: Lilligant|91/100|[from] item: Life Orb
|move|p1a: The Don|Curse|p1a: The Don
|-unboost|p1a: The Don|spe|1
|-boost|p1a: The Don|atk|1
|-boost|p1a: The Don|def|1
|
|-weather|SunnyDay|[upkeep]
|-heal|p1a: The Don|56/100 brn|[from] item: Leftovers
|-damage|p1a: The Don|50/100 brn|[from] brn
|upkeep
|turn|4
|
|t:|1769336324
|move|p2a: Lilligant|Solar Blade||[still]
|-prepare|p2a: Lilligant|Solar Blade
|-anim|p2a: Lilligant|Solar Blade|p1a: The Don
|-supereffective|p1a: The Don
|-damage|p1a: The Don|14/100 brn
|-damage|p2a: Lilligant|81/100|[from] item: Life Orb
|move|p1a: The Don|Rest|p1a: The Don
|-status|p1a: The Don|slp|[from] move: Rest
|-heal|p1a: The Don|100/100 slp|[silent]
|
|-weather|SunnyDay|[upkeep]
|upkeep
|turn|5
|inactive|mehvish has 120 seconds left.
|
|t:|1769336364
|move|p2a: Lilligant|Solar Blade||[still]
|-prepare|p2a: Lilligant|Solar Blade
|-anim|p2a: Lilligant|Solar Blade|p1a: The Don
|-supereffective|p1a: The Don
|-damage|p1a: The Don|63/100 slp
|-damage|p2a: Lilligant|71/100|[from] item: Life Orb
|cant|p1a: The Don|slp
|move|p1a: The Don|Sleep Talk|p1a: The Don
|move|p1a: The Don|Waterfall|p2a: Lilligant|[from] move: Sleep Talk
|-resisted|p2a: Lilligant
|-damage|p2a: Lilligant|49/100
|
|-weather|SunnyDay|[upkeep]
|-heal|p1a: The Don|69/100 slp|[from] item: Leftovers
|upkeep
|turn|6
|
|t:|1769336381
|move|p2a: Lilligant|Solar Blade||[still]
|-prepare|p2a: Lilligant|Solar Blade
|-anim|p2a: Lilligant|Solar Blade|p1a: The Don
|-supereffective|p1a: The Don
|-damage|p1a: The Don|30/100 slp
|-damage|p2a: Lilligant|39/100|[from] item: Life Orb
|cant|p1a: The Don|slp
|move|p1a: The Don|Sleep Talk|p1a: The Don
|move|p1a: The Don|Curse|p1a: The Don|[from] move: Sleep Talk
|-unboost|p1a: The Don|spe|1
|-boost|p1a: The Don|atk|1
|-boost|p1a: The Don|def|1
|
|-weather|SunnyDay|[upkeep]
|-heal|p1a: The Don|36/100 slp|[from] item: Leftovers
|upkeep
|turn|7
|
|t:|1769336394
|move|p2a: Lilligant|Solar Blade||[still]
|-prepare|p2a: Lilligant|Solar Blade
|-anim|p2a: Lilligant|Solar Blade|p1a: The Don
|-supereffective|p1a: The Don
|-damage|p1a: The Don|5/100 slp
|-damage|p2a: Lilligant|29/100|[from] item: Life Orb
|-curestatus|p1a: The Don|slp|[msg]
|move|p1a: The Don|Rest|p1a: The Don
|-status|p1a: The Don|slp|[from] move: Rest
|-heal|p1a: The Don|100/100 slp|[silent]
|
|-weather|SunnyDay|[upkeep]
|upkeep
|turn|8
|
|t:|1769336406
|switch|p2a: Raging Bolt|Raging Bolt|100/100
|-activate|p2a: Raging Bolt|ability: Protosynthesis
|-start|p2a: Raging Bolt|protosynthesisspa
|cant|p1a: The Don|slp
|move|p1a: The Don|Sleep Talk|p1a: The Don
|move|p1a: The Don|Curse|p1a: The Don|[from] move: Sleep Talk
|-unboost|p1a: The Don|spe|1
|-boost|p1a: The Don|atk|1
|-boost|p1a: The Don|def|1
|
|-weather|none
|-end|p2a: Raging Bolt|Protosynthesis
|upkeep
|turn|9
|
|t:|1769336425
|switch|p1a: Egg Frien|Exeggutor, F|100/100
|move|p2a: Raging Bolt|Thunderbolt|p1a: Egg Frien
|-resisted|p1a: Egg Frien
|-damage|p1a: Egg Frien|73/100
|
|upkeep
|turn|10
|
|t:|1769336433
|move|p2a: Raging Bolt|Dragon Pulse|p1a: Egg Frien
|-damage|p1a: Egg Frien|24/100
|-enditem|p1a: Egg Frien|Sitrus Berry|[eat]
|-heal|p1a: Egg Frien|49/100|[from] item: Sitrus Berry
|move|p1a: Egg Frien|Leech Seed|p2a: Raging Bolt|[miss]
|-miss|p1a: Egg Frien|p2a: Raging Bolt
|
|-item|p1a: Egg Frien|Sitrus Berry|[from] ability: Harvest
|upkeep
|-enditem|p1a: Egg Frien|Sitrus Berry|[eat]
|-heal|p1a: Egg Frien|74/100|[from] item: Sitrus Berry
|turn|11
|
|t:|1769336447
|-end|p2a: Raging Bolt|Protosynthesis|[silent]
|switch|p2a: Lilligant|Lilligant-Hisui, F|29/100
|move|p1a: Egg Frien|Protect||[still]
|-fail|p1a: Egg Frien
|
|-item|p1a: Egg Frien|Sitrus Berry|[from] ability: Harvest
|upkeep
|turn|12
|
|t:|1769336460
|switch|p1a: The Don|Dondozo, F|100/100 slp
|move|p2a: Lilligant|Ice Spinner|p1a: The Don
|-resisted|p1a: The Don
|-damage|p1a: The Don|93/100 slp
|-damage|p2a: Lilligant|19/100|[from] item: Life Orb
|
|-heal|p1a: The Don|99/100 slp|[from] item: Leftovers
|upkeep
|turn|13
|
|t:|1769336470
|switch|p2a: Torkoal|Torkoal, M|100/100
|-weather|SunnyDay|[from] ability: Drought|[of] p2a: Torkoal
|cant|p1a: The Don|slp
|move|p1a: The Don|Sleep Talk|p1a: The Don
|move|p1a: The Don|Waterfall|p2a: Torkoal|[from] move: Sleep Talk
|-supereffective|p2a: Torkoal
|-damage|p2a: Torkoal|80/100
|
|-weather|SunnyDay|[upkeep]
|-heal|p1a: The Don|100/100 slp|[from] item: Leftovers
|upkeep
|turn|14
|
|t:|1769336485
|-curestatus|p1a: The Don|slp|[msg]
|move|p1a: The Don|Curse|p1a: The Don
|-unboost|p1a: The Don|spe|1
|-boost|p1a: The Don|atk|1
|-boost|p1a: The Don|def|1
|move|p2a: Torkoal|Solar Beam||[still]
|-prepare|p2a: Torkoal|Solar Beam
|-anim|p2a: Torkoal|Solar Beam|p1a: The Don
|-supereffective|p1a: The Don
|-damage|p1a: The Don|56/100
|
|-weather|SunnyDay|[upkeep]
|-heal|p1a: The Don|62/100|[from] item: Leftovers
|upkeep
|turn|15
|
|t:|1769336504
|switch|p1a: Swagsire|Clodsire, F|100/100
|move|p2a: Torkoal|Solar Beam||[still]
|-prepare|p2a: Torkoal|Solar Beam
|-anim|p2a: Torkoal|Solar Beam|p1a: Swagsire
|-damage|p1a: Swagsire|87/100
|
|-weather|SunnyDay|[upkeep]
|upkeep
|turn|16
|inactive|mehvish has 120 seconds left.
|inactive|mehvish has 90 seconds left.
|inactive|mehvish has 60 seconds left.
|
|t:|1769336593
|move|p2a: Torkoal|Weather Ball|p1a: Swagsire
|-crit|p1a: Swagsire
|-damage|p1a: Swagsire|53/100
|move|p1a: Swagsire|Amnesia|p1a: Swagsire
|-boost|p1a: Swagsire|spd|2
|
|-weather|SunnyDay|[upkeep]
|upkeep
|turn|17
|
|t:|1769336603
|switch|p2a: Lilligant|Lilligant-Hisui, F|19/100
|move|p1a: Swagsire|Recover|p1a: Swagsire
|-heal|p1a: Swagsire|100/100
|
|-weather|SunnyDay|[upkeep]
|upkeep
|turn|18
|inactive|mehvish has 60 seconds left.
|
|t:|1769336621
|switch|p1a: Handsome Boi|Crabominable, F|100/100
|move|p2a: Lilligant|Ice Spinner|p1a: Handsome Boi
|-resisted|p1a: Handsome Boi
|-damage|p1a: Handsome Boi|83/100
|-damage|p2a: Lilligant|9/100|[from] item: Life Orb
|
|-weather|SunnyDay|[upkeep]
|upkeep
|turn|19
|
|t:|1769336637
|move|p2a: Lilligant|Close Combat|p1a: Handsome Boi
|-supereffective|p1a: Handsome Boi
|-damage|p1a: Handsome Boi|0 fnt
|-unboost|p2a: Lilligant|def|1
|-unboost|p2a: Lilligant|spd|1
|faint|p1a: Handsome Boi
|-damage|p2a: Lilligant|0 fnt|[from] item: Life Orb
|faint|p2a: Lilligant
|
|-weather|SunnyDay|[upkeep]
|upkeep
|inactive|mehvish has 60 seconds left.
|inactive|mehvish has 30 seconds left.
|
|t:|1769336683
|switch|p2a: Walking Wake|Walking Wake|100/100
|switch|p1a: Egg Frien|Exeggutor, F|74/100
|-activate|p2a: Walking Wake|ability: Protosynthesis
|-start|p2a: Walking Wake|protosynthesisspa
|turn|20
|
|t:|1769336691
|move|p1a: Egg Frien|Protect|p1a: Egg Frien
|-singleturn|p1a: Egg Frien|Protect
|move|p2a: Walking Wake|Weather Ball|p1a: Egg Frien
|-activate|p1a: Egg Frien|move: Protect
|
|-weather|none
|-end|p2a: Walking Wake|Protosynthesis
|upkeep
|turn|21
|
|t:|1769336700
|move|p2a: Walking Wake|Knock Off|p1a: Egg Frien
|-supereffective|p1a: Egg Frien
|-crit|p1a: Egg Frien
|-damage|p1a: Egg Frien|28/100
|-enditem|p1a: Egg Frien|Sitrus Berry|[from] move: Knock Off|[of] p2a: Walking Wake
|move|p1a: Egg Frien|Leech Seed|p2a: Walking Wake
|-start|p2a: Walking Wake|move: Leech Seed
|
|-damage|p2a: Walking Wake|88/100|[from] Leech Seed|[of] p1a: Egg Frien
|-heal|p1a: Egg Frien|38/100|[silent]
|upkeep
|turn|22
|
|t:|1769336712
|-end|p2a: Walking Wake|Protosynthesis|[silent]
|switch|p2a: Torkoal|Torkoal, M|80/100
|-weather|SunnyDay|[from] ability: Drought|[of] p2a: Torkoal
|move|p1a: Egg Frien|Psychic|p2a: Torkoal
|-damage|p2a: Torkoal|48/100
|
|-weather|SunnyDay|[upkeep]
|upkeep
|turn|23
|l|☆mehvish
|inactive|mehvish disconnected and has a minute to reconnect!
|player|p2|
|inactive|mehvish has 30 seconds to reconnect!
|inactive|mehvish has 20 seconds to reconnect!
|inactive|mehvish has 15 seconds to reconnect!
|inactive|mehvish has 10 seconds to reconnect!
|c|☆420Pimmelberger|thx for the timer friend, would suck to wait :)
|inactive|mehvish has 5 seconds to reconnect!
|-message|mehvish lost due to inactivity.
|
|win|420Pimmelberger
|raw|420Pimmelberger's rating: 1157 &rarr; <strong>1185</strong><br />(+28 for winning)
|raw|mehvish's rating: 1201 &rarr; <strong>1173</strong><br />(-28 for losing)
|l|☆420Pimmelberger
|player|p1|
