|badge|p2|bronze|gen9ou|100-8
|uhtml|medal-msg|<div class="broadcast-blue">Curious what those medals under the avatar are? PS now has Ladder Seasons! For more information, check out the <a href="https://www.smogon.com/forums/threads/3740067/">thread on Smogon.</a></div>
|j|☆NebulaTrainer
|j|☆CambridgeFoulPlay
|t:|1769348247
|gametype|singles
|player|p1|NebulaTrainer|cynthia-gen4|1652
|player|p2|CambridgeFoulPlay|266|1755
|gen|9
|tier|[Gen 9] OU
|rated|
|rule|HP Percentage Mod: HP is shown in percentages
|rule|Endless Battle Clause: Forcing endless battles is banned
|rule|Species Clause: Limit one of each Pokémon
|rule|OHKO Clause: OHKO moves are banned
|rule|Evasion Items Clause: Evasion items are banned
|rule|Evasion Moves Clause: Evasion moves are banned
|rule|Evasion Abilities Clause: Evasion abilities are banned
|rule|Sleep Moves Clause: Sleep-inducing moves are banned
|clearpoke
|poke|p1|Tornadus-Therian, M|
|poke|p1|Heatran, F|
|poke|p1|Hippowdon, M|
|poke|p1|Keldeo-Resolute|
|poke|p1|Excadrill, M|
|poke|p1|Hydrapple, F|
|poke|p2|Hydrapple, M|
|poke|p2|Tyranitar, F|
|poke|p2|Moltres|
|poke|p2|Zamazenta-*|
|poke|p2|Slowking-Galar, M|
|poke|p2|Excadrill, F|
|teampreview
|c|☆CambridgeFoulPlay|hf
|inactive|Battle timer is ON: inactive players will automatically lose when time's up. (requested by CambridgeFoulPlay)
|inactive|NebulaTrainer has 120 seconds left.
|inactive|NebulaTrainer has 90 seconds left.
|inactive|NebulaTrainer has 60 seconds left.
|
|t:|1769348349
|teamsize|p1|6
|teamsize|p2|6
|start
|switch|p1a: Keldeo|Keldeo-Resolute|100/100
|switch|p2a: Slowking|Slowking-Galar, M|100/100
|turn|1
|inactive|NebulaTrainer has 120 seconds left.
|
|t:|1769348358
|move|p1a: Keldeo|Flip Turn|p2a: Slowking
|-damage|p2a: Slowking|90/100
|inactive|NebulaTrainer has 120 seconds left.
|
|t:|1769348368
|switch|p1a: Heatran|Heatran, F, shiny|100/100|[from] Flip Turn
|move|p2a: Slowking|Psyshock|p1a: Heatran
|-resisted|p1a: Heatran
|-damage|p1a: Heatran|87/100
|
|-heal|p1a: Heatran|93/100|[from] item: Leftovers
|upkeep
|turn|2
|
|t:|1769348377
|switch|p2a: Tyranitar|Tyranitar, F|100/100
|-weather|Sandstorm|[from] ability: Sand Stream|[of] p2a: Tyranitar
|move|p1a: Heatran|Taunt|p2a: Tyranitar
|-start|p2a: Tyranitar|move: Taunt
|
|-weather|Sandstorm|[upkeep]
|-heal|p1a: Heatran|99/100|[from] item: Leftovers
|upkeep
|turn|3
|
|t:|1769348387
|switch|p1a: Hippowdon|Hippowdon, M, shiny|100/100
|move|p2a: Tyranitar|Knock Off|p1a: Hippowdon
|-damage|p1a: Hippowdon|76/100
|-enditem|p1a: Hippowdon|Smooth Rock|[from] move: Knock Off|[of] p2a: Tyranitar
|
|-weather|Sandstorm|[upkeep]
|upkeep
|turn|4
|
|t:|1769348394
|move|p2a: Tyranitar|Ice Beam|p1a: Hippowdon
|-supereffective|p1a: Hippowdon
|-damage|p1a: Hippowdon|32/100
|move|p1a: Hippowdon|Earthquake|p2a: Tyranitar
|-supereffective|p2a: Tyranitar
|-damage|p2a: Tyranitar|38/100
|
|-weather|Sandstorm|[upkeep]
|-end|p2a: Tyranitar|move: Taunt
|upkeep
|turn|5
|
|t:|1769348405
|move|p2a: Tyranitar|Ice Beam|p1a: Hippowdon
|-supereffective|p1a: Hippowdon
|-damage|p1a: Hippowdon|0 fnt
|faint|p1a: Hippowdon
|
|-weather|Sandstorm|[upkeep]
|upkeep
|
|t:|1769348413
|switch|p1a: Keldeo|Keldeo-Resolute|100/100
|turn|6
|
|t:|1769348417
|switch|p2a: Hydrapple|Hydrapple, M|100/100
|move|p1a: Keldeo|Flip Turn|p2a: Hydrapple
|-resisted|p2a: Hydrapple
|-damage|p2a: Hydrapple|99/100
|
|t:|1769348424
|switch|p1a: Tornadus|Tornadus-Therian, M, shiny|100/100|[from] Flip Turn
|
|-weather|Sandstorm|[upkeep]
|-damage|p1a: Tornadus|94/100|[from] Sandstorm
|-damage|p2a: Hydrapple|92/100|[from] Sandstorm
|upkeep
|turn|7
|
|t:|1769348431
|switch|p2a: Slowking|Slowking-Galar, M|100/100
|move|p1a: Tornadus|Knock Off|p2a: Slowking
|-supereffective|p2a: Slowking
|-damage|p2a: Slowking|67/100
|-enditem|p2a: Slowking|Assault Vest|[from] move: Knock Off|[of] p1a: Tornadus
|
|-weather|Sandstorm|[upkeep]
|-damage|p1a: Tornadus|88/100|[from] Sandstorm
|-damage|p2a: Slowking|61/100|[from] Sandstorm
|upkeep
|turn|8
|
|t:|1769348441
|switch|p2a: Zamazenta|Zamazenta|100/100
|-ability|p2a: Zamazenta|Dauntless Shield|boost
|-boost|p2a: Zamazenta|def|1
|move|p1a: Tornadus|U-turn|p2a: Zamazenta
|-resisted|p2a: Zamazenta
|-damage|p2a: Zamazenta|97/100
|
|t:|1769348453
|switch|p1a: Keldeo|Keldeo-Resolute|100/100|[from] U-turn
|
|-weather|Sandstorm|[upkeep]
|-damage|p2a: Zamazenta|91/100|[from] Sandstorm
|-damage|p1a: Keldeo|94/100|[from] Sandstorm
|-heal|p2a: Zamazenta|97/100|[from] item: Leftovers
|upkeep
|turn|9
|
|t:|1769348462
|move|p2a: Zamazenta|Iron Defense|p2a: Zamazenta
|-boost|p2a: Zamazenta|def|2
|move|p1a: Keldeo|Hydro Pump|p2a: Zamazenta
|-damage|p2a: Zamazenta|16/100
|
|-weather|none
|-heal|p2a: Zamazenta|22/100|[from] item: Leftovers
|upkeep
|turn|10
|
|t:|1769348476
|move|p2a: Zamazenta|Body Press|p1a: Keldeo
|-damage|p1a: Keldeo|0 fnt
|faint|p1a: Keldeo
|
|-heal|p2a: Zamazenta|28/100|[from] item: Leftovers
|upkeep
|
|t:|1769348483
|switch|p1a: Tornadus|Tornadus-Therian, M, shiny|100/100
|turn|11
|
|t:|1769348486
|move|p2a: Zamazenta|Body Press|p1a: Tornadus
|-resisted|p1a: Tornadus
|-damage|p1a: Tornadus|47/100
|move|p1a: Tornadus|Hurricane|p2a: Zamazenta|[miss]
|-miss|p1a: Tornadus|p2a: Zamazenta
|
|-heal|p2a: Zamazenta|35/100|[from] item: Leftovers
|upkeep
|turn|12
|
|t:|1769348496
|move|p2a: Zamazenta|Body Press|p1a: Tornadus
|-resisted|p1a: Tornadus
|-damage|p1a: Tornadus|0 fnt
|faint|p1a: Tornadus
|
|-heal|p2a: Zamazenta|41/100|[from] item: Leftovers
|upkeep
|
|t:|1769348504
|switch|p1a: Hydrapple|Hydrapple, F|100/100
|turn|13
|
|t:|1769348507
|-terastallize|p1a: Hydrapple|Fairy
|move|p2a: Zamazenta|Body Press|p1a: Hydrapple
|-resisted|p1a: Hydrapple
|-damage|p1a: Hydrapple|65/100
|move|p1a: Hydrapple|Fickle Beam|p2a: Zamazenta|[anim] Fickle Beam All Out
|-activate|p1a: Hydrapple|move: Fickle Beam
|-damage|p2a: Zamazenta|0 fnt
|faint|p2a: Zamazenta
|
|upkeep
|
|t:|1769348511
|switch|p2a: Excadrill|Excadrill, F|100/100
|-item|p2a: Excadrill|Air Balloon
|turn|14
|
|t:|1769348522
|switch|p1a: Heatran|Heatran, F, shiny|99/100
|move|p2a: Excadrill|Iron Head|p1a: Heatran
|-resisted|p1a: Heatran
|-damage|p1a: Heatran|90/100
|
|-heal|p1a: Heatran|96/100|[from] item: Leftovers
|upkeep
|turn|15
|
|t:|1769348532
|move|p2a: Excadrill|Earthquake|p1a: Heatran
|-supereffective|p1a: Heatran
|-damage|p1a: Heatran|0 fnt
|faint|p1a: Heatran
|
|upkeep
|
|t:|1769348537
|switch|p1a: Hydrapple|Hydrapple, F, tera:Fairy|98/100
|turn|16
|
|t:|1769348540
|move|p2a: Excadrill|Swords Dance|p2a: Excadrill
|-boost|p2a: Excadrill|atk|2
|move|p1a: Hydrapple|Giga Drain|p2a: Excadrill
|-damage|p2a: Excadrill|45/100
|-heal|p1a: Hydrapple|100/100|[from] drain|[of] p2a: Excadrill
|-enditem|p2a: Excadrill|Air Balloon
|
|upkeep
|turn|17
|j| hax is all i need
|inactive|NebulaTrainer has 120 seconds left.
|l| hax is all i need
|inactive|NebulaTrainer has 90 seconds left.
|inactive|NebulaTrainer has 60 seconds left.
|j| FirstLightSoulja
|inactive|NebulaTrainer has 30 seconds left.
|inactive|NebulaTrainer has 20 seconds left.
|inactive|NebulaTrainer has 15 seconds left.
|inactive|NebulaTrainer has 10 seconds left.
|inactive|NebulaTrainer has 5 seconds left.
|-message|NebulaTrainer lost due to inactivity.
|
|win|CambridgeFoulPlay
|raw|NebulaTrainer's rating: 1630 &rarr; <strong>1617</strong><br />(-13 for losing)
|raw|CambridgeFoulPlay's rating: 1755 &rarr; <strong>1768</strong><br />(+13 for winning)
|c|☆CambridgeFoulPlay|gg
|l|☆CambridgeFoulPlay
|player|p2|
|l| FirstLightSoulja
