|j|☆Schrosch
|j|‽gooner6007
|t:|1769325969
|gametype|singles
|player|p1|Schrosch|169|1198
|player|p2|gooner6007|265|1225
|gen|9
|tier|[Gen 9] OU
|rated|
|rule|HP Percentage Mod: HP is shown in percentages
|rule|Endless Battle Clause: Forcing endless battles is banned
|rule|Species Clause: Limit one of each Pokémon
|rule|OHKO Clause: OHKO moves are banned
|rule|Evasion Items Clause: Evasion items are banned
|rule|Evasion Moves Clause: Evasion moves are banned
|rule|Evasion Abilities Clause: Evasion abilities are banned
|rule|Sleep Moves Clause: Sleep-inducing moves are banned
|clearpoke
|poke|p1|Porygon-Z|
|poke|p1|Gardevoir, F|
|poke|p1|Probopass, M|
|poke|p1|Corviknight, M|
|poke|p1|Serperior, M|
|poke|p1|Flygon, F|
|poke|p2|Great Tusk|
|poke|p2|Iron Crown|
|poke|p2|Iron Moth|
|poke|p2|Ogerpon, F|
|poke|p2|Primarina, F|
|poke|p2|Dragonite, F|
|teampreview
|inactive|Battle timer is ON: inactive players will automatically lose when time's up. (requested by gooner6007)
|
|t:|1769325993
|teamsize|p1|6
|teamsize|p2|6
|start
|switch|p1a: Flygon|Flygon, F|100/100
|switch|p2a: Great Tusk|Great Tusk|100/100
|turn|1
|
|t:|1769326012
|move|p1a: Flygon|U-turn|p2a: Great Tusk
|-resisted|p2a: Great Tusk
|-damage|p2a: Great Tusk|93/100
|-damage|p1a: Flygon|84/100|[from] item: Rocky Helmet|[of] p2a: Great Tusk
|
|t:|1769326018
|switch|p1a: Corviknight|Corviknight, M|100/100|[from] U-turn
|-ability|p1a: Corviknight|Pressure
|move|p2a: Great Tusk|Stealth Rock|p1a: Corviknight
|-sidestart|p1: Schrosch|move: Stealth Rock
|
|upkeep
|turn|2
|
|t:|1769326033
|-end|p2a: Great Tusk|Protosynthesis|[silent]
|switch|p2a: Iron Moth|Iron Moth|100/100
|-enditem|p2a: Iron Moth|Booster Energy
|-activate|p2a: Iron Moth|ability: Quark Drive|[fromitem]
|-start|p2a: Iron Moth|quarkdrivespe
|move|p1a: Corviknight|Defog|p2a: Iron Moth
|-unboost|p2a: Iron Moth|evasion|1
|-sideend|p1: Schrosch|Stealth Rock|[from] move: Defog|[of] p1a: Corviknight
|
|upkeep
|turn|3
|
|t:|1769326040
|switch|p1a: Flygon|Flygon, F|84/100
|move|p2a: Iron Moth|Fiery Dance|p1a: Flygon
|-resisted|p1a: Flygon
|-damage|p1a: Flygon|55/100
|-boost|p2a: Iron Moth|spa|1
|
|upkeep
|turn|4
|
|t:|1769326054
|-terastallize|p2a: Iron Moth|Ghost
|move|p2a: Iron Moth|Tera Blast|p1a: Flygon|[anim] Tera Blast Ghost
|-damage|p1a: Flygon|0 fnt
|faint|p1a: Flygon
|
|upkeep
|
|t:|1769326070
|switch|p1a: Probopass|Probopass, M|100/100
|turn|5
|
|t:|1769326074
|move|p2a: Iron Moth|Fiery Dance|p1a: Probopass
|-damage|p1a: Probopass|56/100
|-boost|p2a: Iron Moth|spa|1
|move|p1a: Probopass|Meteor Beam||[still]
|-prepare|p1a: Probopass|Meteor Beam
|-boost|p1a: Probopass|spa|1
|-enditem|p1a: Probopass|Power Herb
|-anim|p1a: Probopass|Meteor Beam|p2a: Iron Moth
|-damage|p2a: Iron Moth|53/100
|
|upkeep
|turn|6
|
|t:|1769326089
|move|p2a: Iron Moth|Tera Blast|p1a: Probopass|[anim] Tera Blast Ghost
|-damage|p1a: Probopass|0 fnt
|faint|p1a: Probopass
|
|upkeep
|
|t:|1769326102
|switch|p1a: Porygon-Z|Porygon-Z|100/100
|turn|7
|
|t:|1769326110
|move|p2a: Iron Moth|Sludge Wave|p1a: Porygon-Z
|-damage|p1a: Porygon-Z|0 fnt
|faint|p1a: Porygon-Z
|
|upkeep
|-message|Schrosch forfeited.
|
|win|gooner6007
|raw|Schrosch's rating: 1221 &rarr; <strong>1196</strong><br />(-25 for losing)
|raw|gooner6007's rating: 1225 &rarr; <strong>1250</strong><br />(+25 for winning)
|l|☆Schrosch
|player|p1|
|l|‽gooner6007
|player|p2|
