|j|☆dragonlion
|j|☆Ryu_NLF
|t:|1769410190
|gametype|singles
|player|p1|dragonlion|2|1084
|player|p2|Ryu_NLF|jasmine|1137
|gen|9
|tier|[Gen 9] OU
|rated|
|rule|HP Percentage Mod: HP is shown in percentages
|rule|Endless Battle Clause: Forcing endless battles is banned
|rule|Species Clause: Limit one of each Pokémon
|rule|OHKO Clause: OHKO moves are banned
|rule|Evasion Items Clause: Evasion items are banned
|rule|Evasion Moves Clause: Evasion moves are banned
|rule|Evasion Abilities Clause: Evasion abilities are banned
|rule|Sleep Moves Clause: Sleep-inducing moves are banned
|clearpoke
|poke|p1|Samurott-Hisui, F|
|poke|p1|Dragonite, F|
|poke|p1|Kingambit, M|
|poke|p1|Iron Moth|
|poke|p1|Iron Valiant|
|poke|p1|Moltres-Galar|
|poke|p2|Goodra, F|
|poke|p2|Forretress, M|
|poke|p2|Mamoswine, M|
|poke|p2|Ribombee, F|
|poke|p2|Chandelure, M|
|poke|p2|Gyarados, F|
|teampreview
|
|t:|1769410213
|teamsize|p1|6
|teamsize|p2|6
|start
|switch|p1a: Samurott|Samurott-Hisui, F|100/100
|switch|p2a: Ribombee|Ribombee, F|100/100
|turn|1
|
|t:|1769410234
|switch|p1a: Iron Moth|Iron Moth|100/100
|-enditem|p1a: Iron Moth|Booster Energy
|-activate|p1a: Iron Moth|ability: Quark Drive|[fromitem]
|-start|p1a: Iron Moth|quarkdrivespe
|move|p2a: Ribombee|Sticky Web|p1a: Iron Moth
|-sidestart|p1: dragonlion|move: Sticky Web
|
|upkeep
|turn|2
|
|t:|1769410245
|switch|p2a: Goodra|Goodra, F|100/100
|move|p1a: Iron Moth|Fiery Dance|p2a: Goodra
|-resisted|p2a: Goodra
|-damage|p2a: Goodra|92/100
|
|upkeep
|turn|3
|
|t:|1769410265
|-terastallize|p1a: Iron Moth|Fairy
|move|p1a: Iron Moth|Dazzling Gleam|p2a: Goodra
|-supereffective|p2a: Goodra
|-damage|p2a: Goodra|55/100
|move|p2a: Goodra|Draco Meteor|p1a: Iron Moth
|-immune|p1a: Iron Moth
|
|upkeep
|turn|4
|
|t:|1769410284
|move|p1a: Iron Moth|Dazzling Gleam|p2a: Goodra
|-supereffective|p2a: Goodra
|-damage|p2a: Goodra|15/100
|move|p2a: Goodra|Life Dew|p2a: Goodra
|-heal|p2a: Goodra|40/100
|
|upkeep
|turn|5
|
|t:|1769410302
|switch|p2a: Forretress|Forretress, M|100/100
|move|p1a: Iron Moth|Dazzling Gleam|p2a: Forretress
|-resisted|p2a: Forretress
|-damage|p2a: Forretress|72/100
|
|-heal|p2a: Forretress|78/100|[from] item: Leftovers
|upkeep
|turn|6
|
|t:|1769410311
|switch|p2a: Chandelure|Chandelure, M|100/100
|move|p1a: Iron Moth|Fiery Dance|p2a: Chandelure
|-start|p2a: Chandelure|ability: Flash Fire
|
|upkeep
|turn|7
|
|t:|1769410325
|move|p1a: Iron Moth|Dazzling Gleam|p2a: Chandelure
|-resisted|p2a: Chandelure
|-damage|p2a: Chandelure|74/100
|move|p2a: Chandelure|Fire Blast|p1a: Iron Moth
|-damage|p1a: Iron Moth|11/100
|
|upkeep
|turn|8
|
|t:|1769410333
|-end|p1a: Iron Moth|Quark Drive|[silent]
|switch|p1a: Samurott|Samurott-Hisui, F|100/100
|-activate|p1a: Samurott|move: Sticky Web
|-unboost|p1a: Samurott|spe|1
|move|p2a: Chandelure|Fire Blast|p1a: Samurott
|-resisted|p1a: Samurott
|-damage|p1a: Samurott|29/100
|
|upkeep
|turn|9
|
|t:|1769410343
|move|p2a: Chandelure|Fire Blast|p1a: Samurott
|-resisted|p1a: Samurott
|-damage|p1a: Samurott|0 fnt
|faint|p1a: Samurott
|
|upkeep
|
|t:|1769410357
|switch|p1a: Iron Valiant|Iron Valiant|100/100
|-activate|p1a: Iron Valiant|move: Sticky Web
|-unboost|p1a: Iron Valiant|spe|1
|-enditem|p1a: Iron Valiant|Booster Energy
|-activate|p1a: Iron Valiant|ability: Quark Drive|[fromitem]
|-start|p1a: Iron Valiant|quarkdrivespa
|turn|10
|
|t:|1769410364
|move|p2a: Chandelure|Fire Blast|p1a: Iron Valiant
|-damage|p1a: Iron Valiant|0 fnt
|faint|p1a: Iron Valiant
|-end|p1a: Iron Valiant|Quark Drive|[silent]
|
|upkeep
|
|t:|1769410372
|switch|p1a: Moltres|Moltres-Galar|100/100
|turn|11
|
|t:|1769410376
|move|p2a: Chandelure|Fire Blast|p1a: Moltres
|-damage|p1a: Moltres|18/100
|-ability|p1a: Moltres|Berserk|boost
|-boost|p1a: Moltres|spa|1
|-enditem|p1a: Moltres|Sitrus Berry|[eat]
|-heal|p1a: Moltres|43/100|[from] item: Sitrus Berry
|move|p1a: Moltres|Fiery Wrath|p2a: Chandelure
|-supereffective|p2a: Chandelure
|-damage|p2a: Chandelure|0 fnt
|faint|p2a: Chandelure
|
|upkeep
|
|t:|1769410393
|switch|p2a: Ribombee|Ribombee, F|100/100
|turn|12
|
|t:|1769410407
|move|p2a: Ribombee|Moonblast|p1a: Moltres
|-supereffective|p1a: Moltres
|-damage|p1a: Moltres|0 fnt
|faint|p1a: Moltres
|
|upkeep
|
|t:|1769410411
|switch|p1a: Iron Moth|Iron Moth, tera:Fairy|11/100
|-activate|p1a: Iron Moth|move: Sticky Web
|-unboost|p1a: Iron Moth|spe|1
|turn|13
|
|t:|1769410416
|move|p2a: Ribombee|Moonblast|p1a: Iron Moth
|-damage|p1a: Iron Moth|0 fnt
|faint|p1a: Iron Moth
|-end|p1a: Iron Moth|Quark Drive|[silent]
|
|upkeep
|
|t:|1769410420
|switch|p1a: Dragonite|Dragonite, F|100/100
|turn|14
|-message|dragonlion forfeited.
|
|win|Ryu_NLF
|raw|dragonlion's rating: 1084 &rarr; <strong>1065</strong><br />(-19 for losing)
|raw|Ryu_NLF's rating: 1137 &rarr; <strong>1158</strong><br />(+21 for winning)
|l|☆dragonlion
|player|p1|
|l|☆Ryu_NLF
|player|p2|
