|j|☆Igoodnamename
|j|☆Mca player 11
|t:|1769339366
|gametype|singles
|player|p1|Igoodnamename|265|1644
|player|p2|Mca player 11|lucas|1618
|gen|9
|tier|[Gen 9] OU
|rated|
|rule|HP Percentage Mod: HP is shown in percentages
|rule|Endless Battle Clause: Forcing endless battles is banned
|rule|Species Clause: Limit one of each Pokémon
|rule|OHKO Clause: OHKO moves are banned
|rule|Evasion Items Clause: Evasion items are banned
|rule|Evasion Moves Clause: Evasion moves are banned
|rule|Evasion Abilities Clause: Evasion abilities are banned
|rule|Sleep Moves Clause: Sleep-inducing moves are banned
|clearpoke
|poke|p1|Tinkaton, F|
|poke|p1|Ogerpon, F|
|poke|p1|Great Tusk|
|poke|p1|Pecharunt|
|poke|p1|Alomomola, M|
|poke|p1|Hydreigon, M|
|poke|p2|Walking Wake|
|poke|p2|Ninetales, F|
|poke|p2|Lilligant-Hisui, F|
|poke|p2|Cresselia, F|
|poke|p2|Iron Moth|
|poke|p2|Great Tusk|
|teampreview
|
|t:|1769339391
|teamsize|p1|6
|teamsize|p2|6
|start
|switch|p1a: Hybrid|Hydreigon, M, shiny|100/100
|switch|p2a: Ninetales|Ninetales, F, shiny|100/100
|-weather|SunnyDay|[from] ability: Drought|[of] p2a: Ninetales
|turn|1
|
|t:|1769339397
|switch|p2a: Great Tusk|Great Tusk|100/100
|-activate|p2a: Great Tusk|ability: Protosynthesis
|-start|p2a: Great Tusk|protosynthesisspe
|move|p1a: Hybrid|Dark Pulse|p2a: Great Tusk
|-resisted|p2a: Great Tusk
|-damage|p2a: Great Tusk|62/100
|
|-weather|SunnyDay|[upkeep]
|upkeep
|turn|2
|
|t:|1769339409
|move|p2a: Great Tusk|Stealth Rock|p1a: Hybrid
|-sidestart|p1: Igoodnamename|move: Stealth Rock
|move|p1a: Hybrid|Dark Pulse|p2a: Great Tusk
|-resisted|p2a: Great Tusk
|-damage|p2a: Great Tusk|24/100
|
|-weather|SunnyDay|[upkeep]
|upkeep
|turn|3
|
|t:|1769339414
|move|p2a: Great Tusk|Head Smash|p1a: Hybrid
|-damage|p1a: Hybrid|53/100
|-damage|p2a: Great Tusk|6/100|[from] Recoil
|move|p1a: Hybrid|Dark Pulse|p2a: Great Tusk
|-resisted|p2a: Great Tusk
|-damage|p2a: Great Tusk|0 fnt
|faint|p2a: Great Tusk
|-end|p2a: Great Tusk|Protosynthesis|[silent]
|
|-weather|SunnyDay|[upkeep]
|upkeep
|
|t:|1769339417
|switch|p2a: Maki|Lilligant-Hisui, F|100/100
|turn|4
|
|t:|1769339422
|switch|p1a: Overseer|Pecharunt|100/100
|-damage|p1a: Overseer|88/100|[from] Stealth Rock
|move|p2a: Maki|Swords Dance|p2a: Maki
|-boost|p2a: Maki|atk|2
|
|-weather|SunnyDay|[upkeep]
|upkeep
|turn|5
|
|t:|1769339426
|-terastallize|p2a: Maki|Fire
|move|p2a: Maki|Tera Blast|p1a: Overseer|[anim] Tera Blast Fire
|-crit|p1a: Overseer
|-damage|p1a: Overseer|0 fnt
|faint|p1a: Overseer
|-damage|p2a: Maki|91/100|[from] item: Life Orb
|
|-weather|SunnyDay|[upkeep]
|upkeep
|
|t:|1769339463
|switch|p1a: Pisces|Alomomola, M, shiny|100/100
|-damage|p1a: Pisces|88/100|[from] Stealth Rock
|turn|6
|
|t:|1769339468
|switch|p1a: Smile.exe|Tinkaton, F, shiny|100/100
|-damage|p1a: Smile.exe|94/100|[from] Stealth Rock
|-item|p1a: Smile.exe|Air Balloon
|move|p2a: Maki|Solar Blade||[still]
|-prepare|p2a: Maki|Solar Blade
|-anim|p2a: Maki|Solar Blade|p1a: Smile.exe
|-resisted|p1a: Smile.exe
|-damage|p1a: Smile.exe|0 fnt
|-enditem|p1a: Smile.exe|Air Balloon
|faint|p1a: Smile.exe
|-damage|p2a: Maki|81/100|[from] item: Life Orb
|
|-weather|SunnyDay|[upkeep]
|upkeep
|
|t:|1769339485
|switch|p1a: Hybrid|Hydreigon, M, shiny|53/100
|-damage|p1a: Hybrid|41/100|[from] Stealth Rock
|turn|7
|
|t:|1769339489
|switch|p1a: Behemoth|Great Tusk, shiny|100/100
|-activate|p1a: Behemoth|ability: Protosynthesis
|-start|p1a: Behemoth|protosynthesisatk
|move|p2a: Maki|Solar Blade||[still]
|-prepare|p2a: Maki|Solar Blade
|-anim|p2a: Maki|Solar Blade|p1a: Behemoth
|-supereffective|p1a: Behemoth
|-damage|p1a: Behemoth|0 fnt
|faint|p1a: Behemoth
|-end|p1a: Behemoth|Protosynthesis|[silent]
|-damage|p2a: Maki|71/100|[from] item: Life Orb
|
|-weather|SunnyDay|[upkeep]
|upkeep
|j| Narwhale37
|
|t:|1769339498
|switch|p1a: Pisces|Alomomola, M, shiny|100/100
|-damage|p1a: Pisces|88/100|[from] Stealth Rock
|turn|8
|
|t:|1769339502
|move|p2a: Maki|Solar Blade||[still]
|-prepare|p2a: Maki|Solar Blade
|-anim|p2a: Maki|Solar Blade|p1a: Pisces
|-supereffective|p1a: Pisces
|-damage|p1a: Pisces|0 fnt
|faint|p1a: Pisces
|-damage|p2a: Maki|61/100|[from] item: Life Orb
|
|-weather|none
|upkeep
|
|t:|1769339509
|switch|p1a: Anonymous|Ogerpon, F|100/100
|-damage|p1a: Anonymous|88/100|[from] Stealth Rock
|turn|9
|
|t:|1769339513
|switch|p2a: Ninetales|Ninetales, F, shiny|100/100
|-weather|SunnyDay|[from] ability: Drought|[of] p2a: Ninetales
|-terastallize|p1a: Anonymous|Grass
|detailschange|p1a: Anonymous|Ogerpon-Teal-Tera, F, tera:Grass
|-ability|p1a: Anonymous|Embody Aspect (Teal)|boost
|-boost|p1a: Anonymous|spe|1
|move|p1a: Anonymous|Ivy Cudgel|p2a: Ninetales
|-resisted|p2a: Ninetales
|-damage|p2a: Ninetales|38/100
|
|-weather|SunnyDay|[upkeep]
|upkeep
|turn|10
|
|t:|1769339516
|move|p1a: Anonymous|Ivy Cudgel|p2a: Ninetales
|-resisted|p2a: Ninetales
|-damage|p2a: Ninetales|0 fnt
|faint|p2a: Ninetales
|
|-weather|SunnyDay|[upkeep]
|upkeep
|
|t:|1769339520
|switch|p2a: Maki|Lilligant-Hisui, F, tera:Fire|61/100
|turn|11
|
|t:|1769339523
|move|p2a: Maki|Close Combat|p1a: Anonymous
|-damage|p1a: Anonymous|0 fnt
|-unboost|p2a: Maki|def|1
|-unboost|p2a: Maki|spd|1
|faint|p1a: Anonymous
|detailschange|p1: Anonymous|Ogerpon, F|[silent]
|-damage|p2a: Maki|51/100|[from] item: Life Orb
|
|-weather|SunnyDay|[upkeep]
|upkeep
|
|t:|1769339525
|switch|p1a: Hybrid|Hydreigon, M, shiny|41/100
|-damage|p1a: Hybrid|29/100|[from] Stealth Rock
|turn|12
|
|t:|1769339528
|move|p2a: Maki|Solar Blade||[still]
|-prepare|p2a: Maki|Solar Blade
|-anim|p2a: Maki|Solar Blade|p1a: Hybrid
|-resisted|p1a: Hybrid
|-damage|p1a: Hybrid|0 fnt
|faint|p1a: Hybrid
|-damage|p2a: Maki|41/100|[from] item: Life Orb
|
|win|Mca player 11
|raw|Igoodnamename's rating: 1644 &rarr; <strong>1623</strong><br />(-21 for losing)
|raw|Mca player 11's rating: 1618 &rarr; <strong>1639</strong><br />(+21 for winning)
