|j|☆Lezdodiz
|j|☆Firsttimeplayinig
|t:|1769395230
|gametype|singles
|player|p1|Lezdodiz|lucas|1076
|player|p2|Firsttimeplayinig|bugcatcher-gen4dp|1099
|gen|9
|tier|[Gen 9] OU
|rated|
|rule|HP Percentage Mod: HP is shown in percentages
|rule|Endless Battle Clause: Forcing endless battles is banned
|rule|Species Clause: Limit one of each Pokémon
|rule|OHKO Clause: OHKO moves are banned
|rule|Evasion Items Clause: Evasion items are banned
|rule|Evasion Moves Clause: Evasion moves are banned
|rule|Evasion Abilities Clause: Evasion abilities are banned
|rule|Sleep Moves Clause: Sleep-inducing moves are banned
|clearpoke
|poke|p1|Pelipper, F|
|poke|p1|Vaporeon, M|
|poke|p1|Azumarill, M|
|poke|p1|Greninja-*, M|
|poke|p1|Volcanion|
|poke|p1|Quagsire, M|
|poke|p2|Zapdos-Galar|
|poke|p2|Ting-Lu|
|poke|p2|Keldeo-Resolute|
|poke|p2|Sinistcha|
|poke|p2|Fezandipiti, M|
|poke|p2|Iron Treads|
|teampreview
|inactive|Battle timer is ON: inactive players will automatically lose when time's up. (requested by Firsttimeplayinig)
|
|t:|1769395247
|teamsize|p1|6
|teamsize|p2|6
|start
|switch|p1a: Pelipper|Pelipper, F, shiny|100/100
|switch|p2a: Fezandipiti|Fezandipiti, M|100/100
|-weather|RainDance|[from] ability: Drizzle|[of] p1a: Pelipper
|turn|1
|
|t:|1769395267
|move|p2a: Fezandipiti|Beat Up|p1a: Pelipper
|-damage|p1a: Pelipper|97/100
|-status|p1a: Pelipper|tox|[from] ability: Toxic Chain|[of] p2a: Fezandipiti
|-damage|p1a: Pelipper|94/100 tox
|-damage|p1a: Pelipper|91/100 tox
|-damage|p1a: Pelipper|89/100 tox
|-damage|p1a: Pelipper|85/100 tox
|-damage|p1a: Pelipper|82/100 tox
|-hitcount|p1a: Pelipper|6
|move|p1a: Pelipper|Hurricane|p2a: Fezandipiti
|-damage|p2a: Fezandipiti|72/100
|-start|p2a: Fezandipiti|confusion
|
|-weather|RainDance|[upkeep]
|-heal|p2a: Fezandipiti|78/100|[from] item: Leftovers
|-damage|p1a: Pelipper|76/100 tox|[from] psn
|upkeep
|turn|2
|
|t:|1769395289
|-activate|p2a: Fezandipiti|confusion
|move|p2a: Fezandipiti|Beat Up|p1a: Pelipper
|-damage|p1a: Pelipper|73/100 tox
|-damage|p1a: Pelipper|69/100 tox
|-damage|p1a: Pelipper|66/100 tox
|-damage|p1a: Pelipper|64/100 tox
|-damage|p1a: Pelipper|60/100 tox
|-damage|p1a: Pelipper|57/100 tox
|-hitcount|p1a: Pelipper|6
|move|p1a: Pelipper|Weather Ball|p2a: Fezandipiti
|-damage|p2a: Fezandipiti|38/100
|
|-weather|RainDance|[upkeep]
|-heal|p2a: Fezandipiti|44/100|[from] item: Leftovers
|-damage|p1a: Pelipper|44/100 tox|[from] psn
|upkeep
|turn|3
|inactive|Lezdodiz has 120 seconds left.
|
|t:|1769395307
|-end|p2a: Fezandipiti|confusion
|move|p2a: Fezandipiti|Roost|p2a: Fezandipiti
|-heal|p2a: Fezandipiti|94/100
|-singleturn|p2a: Fezandipiti|move: Roost
|move|p1a: Pelipper|Weather Ball|p2a: Fezandipiti
|-damage|p2a: Fezandipiti|54/100
|
|-weather|RainDance|[upkeep]
|-heal|p2a: Fezandipiti|60/100|[from] item: Leftovers
|-damage|p1a: Pelipper|26/100 tox|[from] psn
|upkeep
|turn|4
|inactive|Lezdodiz has 120 seconds left.
|
|t:|1769395333
|switch|p1a: Greninja|Greninja, M, shiny|100/100
|move|p2a: Fezandipiti|Beat Up|p1a: Greninja
|-resisted|p1a: Greninja
|-crit|p1a: Greninja
|-damage|p1a: Greninja|97/100
|-resisted|p1a: Greninja
|-damage|p1a: Greninja|95/100
|-status|p1a: Greninja|tox|[from] ability: Toxic Chain|[of] p2a: Fezandipiti
|-resisted|p1a: Greninja
|-damage|p1a: Greninja|93/100 tox
|-resisted|p1a: Greninja
|-damage|p1a: Greninja|91/100 tox
|-resisted|p1a: Greninja
|-damage|p1a: Greninja|89/100 tox
|-resisted|p1a: Greninja
|-damage|p1a: Greninja|86/100 tox
|-hitcount|p1a: Greninja|6
|
|-weather|RainDance|[upkeep]
|-heal|p1a: Greninja|92/100 tox|[from] item: Leftovers
|-heal|p2a: Fezandipiti|66/100|[from] item: Leftovers
|-damage|p1a: Greninja|86/100 tox|[from] psn
|upkeep
|turn|5
|
|t:|1769395354
|move|p1a: Greninja|Water Shuriken|p2a: Fezandipiti
|-damage|p2a: Fezandipiti|60/100
|-damage|p2a: Fezandipiti|53/100
|-damage|p2a: Fezandipiti|47/100
|-damage|p2a: Fezandipiti|40/100
|-damage|p2a: Fezandipiti|32/100
|-hitcount|p2a: Fezandipiti|5
|move|p2a: Fezandipiti|Roost|p2a: Fezandipiti
|-heal|p2a: Fezandipiti|82/100
|-singleturn|p2a: Fezandipiti|move: Roost
|
|-weather|RainDance|[upkeep]
|-heal|p1a: Greninja|92/100 tox|[from] item: Leftovers
|-heal|p2a: Fezandipiti|88/100|[from] item: Leftovers
|-damage|p1a: Greninja|80/100 tox|[from] psn
|upkeep
|turn|6
|
|t:|1769395369
|move|p2a: Fezandipiti|Moonblast|p1a: Greninja
|-supereffective|p1a: Greninja
|-damage|p1a: Greninja|0 fnt
|faint|p1a: Greninja
|
|-weather|RainDance|[upkeep]
|-heal|p2a: Fezandipiti|95/100|[from] item: Leftovers
|upkeep
|
|t:|1769395378
|switch|p1a: Quagsire|Quagsire, M, shiny|100/100
|turn|7
|
|t:|1769395392
|-terastallize|p2a: Fezandipiti|Water
|move|p2a: Fezandipiti|Beat Up|p1a: Quagsire
|-damage|p1a: Quagsire|98/100
|-damage|p1a: Quagsire|96/100
|-damage|p1a: Quagsire|94/100
|-damage|p1a: Quagsire|93/100
|-damage|p1a: Quagsire|91/100
|-status|p1a: Quagsire|tox|[from] ability: Toxic Chain|[of] p2a: Fezandipiti
|-damage|p1a: Quagsire|89/100 tox
|-hitcount|p1a: Quagsire|6
|move|p1a: Quagsire|Earthquake|p2a: Fezandipiti
|-crit|p2a: Fezandipiti
|-damage|p2a: Fezandipiti|43/100
|
|-weather|RainDance|[upkeep]
|-heal|p2a: Fezandipiti|50/100|[from] item: Leftovers
|-heal|p1a: Quagsire|95/100 tox|[from] item: Leftovers
|-damage|p1a: Quagsire|89/100 tox|[from] psn
|upkeep
|turn|8
|inactive|Lezdodiz has 90 seconds left.
|
|t:|1769395417
|move|p2a: Fezandipiti|Roost|p2a: Fezandipiti
|-heal|p2a: Fezandipiti|99/100
|move|p1a: Quagsire|Toxic|p2a: Fezandipiti|[miss]
|-miss|p1a: Quagsire|p2a: Fezandipiti
|
|-weather|none
|-heal|p2a: Fezandipiti|100/100|[from] item: Leftovers
|-heal|p1a: Quagsire|95/100 tox|[from] item: Leftovers
|-damage|p1a: Quagsire|82/100 tox|[from] psn
|upkeep
|turn|9
|
|t:|1769395429
|switch|p2a: Iron Treads|Iron Treads|100/100
|move|p1a: Quagsire|Toxic|p2a: Iron Treads|[miss]
|-miss|p1a: Quagsire|p2a: Iron Treads
|
|-heal|p1a: Quagsire|89/100 tox|[from] item: Leftovers
|-damage|p1a: Quagsire|70/100 tox|[from] psn
|upkeep
|turn|10
|inactive|Lezdodiz has 90 seconds left.
|
|t:|1769395439
|move|p2a: Iron Treads|Ice Spinner|p1a: Quagsire
|-damage|p1a: Quagsire|53/100 tox
|move|p1a: Quagsire|Earthquake|p2a: Iron Treads
|-supereffective|p2a: Iron Treads
|-damage|p2a: Iron Treads|43/100
|
|-heal|p1a: Quagsire|59/100 tox|[from] item: Leftovers
|-damage|p1a: Quagsire|35/100 tox|[from] psn
|upkeep
|turn|11
|inactive|Lezdodiz has 90 seconds left.
|
|t:|1769395453
|move|p2a: Iron Treads|Earthquake|p1a: Quagsire
|-damage|p1a: Quagsire|0 fnt
|faint|p1a: Quagsire
|
|upkeep
|inactive|Lezdodiz has 90 seconds left.
|
|t:|1769395460
|switch|p1a: Volcanion|Volcanion|100/100
|turn|12
|
|t:|1769395468
|-end|p2a: Iron Treads|Quark Drive|[silent]
|switch|p2a: Fezandipiti|Fezandipiti, M, tera:Water|100/100
|move|p1a: Volcanion|Will-O-Wisp|p2a: Fezandipiti|[miss]
|-miss|p1a: Volcanion|p2a: Fezandipiti
|
|upkeep
|turn|13
|
|t:|1769395476
|move|p2a: Fezandipiti|Beat Up|p1a: Volcanion
|-damage|p1a: Volcanion|98/100
|-crit|p1a: Volcanion
|-damage|p1a: Volcanion|94/100
|-status|p1a: Volcanion|tox|[from] ability: Toxic Chain|[of] p2a: Fezandipiti
|-damage|p1a: Volcanion|92/100 tox
|-damage|p1a: Volcanion|90/100 tox
|-damage|p1a: Volcanion|87/100 tox
|-damage|p1a: Volcanion|85/100 tox
|-hitcount|p1a: Volcanion|6
|move|p1a: Volcanion|Hydro Pump|p2a: Fezandipiti
|-resisted|p2a: Fezandipiti
|-damage|p2a: Fezandipiti|85/100
|
|-heal|p2a: Fezandipiti|91/100|[from] item: Leftovers
|-heal|p1a: Volcanion|91/100 tox|[from] item: Leftovers
|-damage|p1a: Volcanion|85/100 tox|[from] psn
|upkeep
|turn|14
|
|t:|1769395491
|move|p2a: Fezandipiti|Moonblast|p1a: Volcanion
|-resisted|p1a: Volcanion
|-damage|p1a: Volcanion|74/100 tox
|move|p1a: Volcanion|Will-O-Wisp|p2a: Fezandipiti
|-status|p2a: Fezandipiti|brn
|
|-heal|p2a: Fezandipiti|98/100 brn|[from] item: Leftovers
|-heal|p1a: Volcanion|80/100 tox|[from] item: Leftovers
|-damage|p1a: Volcanion|68/100 tox|[from] psn
|-damage|p2a: Fezandipiti|91/100 brn|[from] brn
|upkeep
|turn|15
|
|t:|1769395507
|move|p2a: Fezandipiti|Sludge Bomb|p1a: Volcanion
|-damage|p1a: Volcanion|49/100 tox
|move|p1a: Volcanion|Flamethrower|p2a: Fezandipiti
|-resisted|p2a: Fezandipiti
|-damage|p2a: Fezandipiti|79/100 brn
|
|-heal|p2a: Fezandipiti|86/100 brn|[from] item: Leftovers
|-heal|p1a: Volcanion|55/100 tox|[from] item: Leftovers
|-damage|p1a: Volcanion|37/100 tox|[from] psn
|-damage|p2a: Fezandipiti|79/100 brn|[from] brn
|upkeep
|turn|16
|
|t:|1769395522
|move|p2a: Fezandipiti|Sludge Bomb|p1a: Volcanion
|-damage|p1a: Volcanion|18/100 tox
|move|p1a: Volcanion|Wild Charge|p2a: Fezandipiti
|-supereffective|p2a: Fezandipiti
|-damage|p2a: Fezandipiti|30/100 brn
|-damage|p1a: Volcanion|5/100 tox|[from] Recoil
|
|-heal|p2a: Fezandipiti|36/100 brn|[from] item: Leftovers
|-heal|p1a: Volcanion|11/100 tox|[from] item: Leftovers
|-damage|p1a: Volcanion|0 fnt|[from] psn
|faint|p1a: Volcanion
|-damage|p2a: Fezandipiti|30/100 brn|[from] brn
|upkeep
|inactive|Lezdodiz has 90 seconds left.
|
|t:|1769395534
|switch|p1a: Azumarill|Azumarill, M, shiny|100/100
|turn|17
|
|t:|1769395540
|move|p2a: Fezandipiti|Roost|p2a: Fezandipiti
|-heal|p2a: Fezandipiti|80/100 brn
|move|p1a: Azumarill|Draining Kiss|p2a: Fezandipiti
|-damage|p2a: Fezandipiti|68/100 brn
|
|-heal|p2a: Fezandipiti|75/100 brn|[from] item: Leftovers
|-damage|p2a: Fezandipiti|68/100 brn|[from] brn
|upkeep
|turn|18
|
|t:|1769395554
|move|p2a: Fezandipiti|Sludge Bomb|p1a: Azumarill
|-supereffective|p1a: Azumarill
|-damage|p1a: Azumarill|51/100
|move|p1a: Azumarill|Surf|p2a: Fezandipiti
|-resisted|p2a: Fezandipiti
|-damage|p2a: Fezandipiti|59/100 brn
|
|-heal|p2a: Fezandipiti|65/100 brn|[from] item: Leftovers
|-heal|p1a: Azumarill|57/100|[from] item: Leftovers
|-damage|p2a: Fezandipiti|59/100 brn|[from] brn
|upkeep
|turn|19
|inactive|Lezdodiz has 90 seconds left.
|
|t:|1769395578
|move|p2a: Fezandipiti|Roost|p2a: Fezandipiti
|-heal|p2a: Fezandipiti|100/100 brn
|move|p1a: Azumarill|Hydro Pump|p2a: Fezandipiti
|-resisted|p2a: Fezandipiti
|-damage|p2a: Fezandipiti|89/100 brn
|
|-heal|p2a: Fezandipiti|96/100 brn|[from] item: Leftovers
|-heal|p1a: Azumarill|63/100|[from] item: Leftovers
|-damage|p2a: Fezandipiti|89/100 brn|[from] brn
|upkeep
|turn|20
|
|t:|1769395588
|switch|p1a: Pelipper|Pelipper, F, shiny|26/100 tox
|-weather|RainDance|[from] ability: Drizzle|[of] p1a: Pelipper
|move|p2a: Fezandipiti|Beat Up|p1a: Pelipper
|-damage|p1a: Pelipper|24/100 tox
|-damage|p1a: Pelipper|22/100 tox
|-damage|p1a: Pelipper|21/100 tox
|-damage|p1a: Pelipper|20/100 tox
|-damage|p1a: Pelipper|18/100 tox
|-damage|p1a: Pelipper|16/100 tox
|-hitcount|p1a: Pelipper|6
|
|-weather|RainDance|[upkeep]
|-heal|p2a: Fezandipiti|96/100 brn|[from] item: Leftovers
|-damage|p1a: Pelipper|10/100 tox|[from] psn
|-damage|p2a: Fezandipiti|89/100 brn|[from] brn
|upkeep
|turn|21
|inactive|Lezdodiz has 90 seconds left.
|
|t:|1769395605
|move|p2a: Fezandipiti|Moonblast|p1a: Pelipper
|-damage|p1a: Pelipper|0 fnt
|faint|p1a: Pelipper
|
|-weather|RainDance|[upkeep]
|-heal|p2a: Fezandipiti|96/100 brn|[from] item: Leftovers
|-damage|p2a: Fezandipiti|89/100 brn|[from] brn
|upkeep
|inactive|Lezdodiz has 90 seconds left.
|
|t:|1769395612
|switch|p1a: Azumarill|Azumarill, M, shiny|63/100
|turn|22
|
|t:|1769395617
|move|p2a: Fezandipiti|Beat Up|p1a: Azumarill
|-resisted|p1a: Azumarill
|-damage|p1a: Azumarill|63/100
|-status|p1a: Azumarill|tox|[from] ability: Toxic Chain|[of] p2a: Fezandipiti
|-resisted|p1a: Azumarill
|-damage|p1a: Azumarill|62/100 tox
|-resisted|p1a: Azumarill
|-damage|p1a: Azumarill|62/100 tox
|-resisted|p1a: Azumarill
|-damage|p1a: Azumarill|61/100 tox
|-resisted|p1a: Azumarill
|-damage|p1a: Azumarill|60/100 tox
|-resisted|p1a: Azumarill
|-damage|p1a: Azumarill|60/100 tox
|-hitcount|p1a: Azumarill|6
|move|p1a: Azumarill|Draining Kiss|p2a: Fezandipiti
|-damage|p2a: Fezandipiti|78/100 brn
|-heal|p1a: Azumarill|67/100 tox|[from] drain|[of] p2a: Fezandipiti
|
|-weather|RainDance|[upkeep]
|-heal|p2a: Fezandipiti|85/100 brn|[from] item: Leftovers
|-heal|p1a: Azumarill|73/100 tox|[from] item: Leftovers
|-damage|p1a: Azumarill|67/100 tox|[from] psn
|-damage|p2a: Fezandipiti|78/100 brn|[from] brn
|upkeep
|turn|23
|inactive|Lezdodiz has 90 seconds left.
|
|t:|1769395637
|move|p2a: Fezandipiti|Sludge Bomb|p1a: Azumarill
|-supereffective|p1a: Azumarill
|-damage|p1a: Azumarill|14/100 tox
|move|p1a: Azumarill|Draining Kiss|p2a: Fezandipiti
|-damage|p2a: Fezandipiti|67/100 brn
|-heal|p1a: Azumarill|22/100 tox|[from] drain|[of] p2a: Fezandipiti
|
|-weather|RainDance|[upkeep]
|-heal|p2a: Fezandipiti|74/100 brn|[from] item: Leftovers
|-heal|p1a: Azumarill|28/100 tox|[from] item: Leftovers
|-damage|p1a: Azumarill|15/100 tox|[from] psn
|-damage|p2a: Fezandipiti|67/100 brn|[from] brn
|upkeep
|turn|24
|inactive|Lezdodiz has 90 seconds left.
|
|t:|1769395652
|move|p2a: Fezandipiti|Roost|p2a: Fezandipiti
|-heal|p2a: Fezandipiti|100/100 brn
|move|p1a: Azumarill|Hydro Pump|p2a: Fezandipiti
|-resisted|p2a: Fezandipiti
|-damage|p2a: Fezandipiti|84/100 brn
|
|-weather|RainDance|[upkeep]
|-heal|p2a: Fezandipiti|90/100 brn|[from] item: Leftovers
|-heal|p1a: Azumarill|22/100 tox|[from] item: Leftovers
|-damage|p1a: Azumarill|3/100 tox|[from] psn
|-damage|p2a: Fezandipiti|84/100 brn|[from] brn
|upkeep
|turn|25
|inactive|Lezdodiz has 90 seconds left.
|
|t:|1769395662
|switch|p1a: Vaporeon|Vaporeon, M, shiny|100/100
|move|p2a: Fezandipiti|Moonblast|p1a: Vaporeon
|-damage|p1a: Vaporeon|80/100
|
|-weather|RainDance|[upkeep]
|-heal|p2a: Fezandipiti|90/100 brn|[from] item: Leftovers
|-heal|p1a: Vaporeon|87/100|[from] item: Leftovers
|-damage|p2a: Fezandipiti|84/100 brn|[from] brn
|upkeep
|turn|26
|inactive|Lezdodiz has 90 seconds left.
|
|t:|1769395675
|move|p2a: Fezandipiti|Beat Up|p1a: Vaporeon
|-damage|p1a: Vaporeon|85/100
|-damage|p1a: Vaporeon|83/100
|-damage|p1a: Vaporeon|82/100
|-damage|p1a: Vaporeon|81/100
|-damage|p1a: Vaporeon|79/100
|-status|p1a: Vaporeon|tox|[from] ability: Toxic Chain|[of] p2a: Fezandipiti
|-damage|p1a: Vaporeon|77/100 tox
|-hitcount|p1a: Vaporeon|6
|move|p1a: Vaporeon|Weather Ball|p2a: Fezandipiti
|-resisted|p2a: Fezandipiti
|-damage|p2a: Fezandipiti|61/100 brn
|
|-weather|RainDance|[upkeep]
|-heal|p2a: Fezandipiti|67/100 brn|[from] item: Leftovers
|-heal|p1a: Vaporeon|83/100 tox|[from] item: Leftovers
|-damage|p1a: Vaporeon|77/100 tox|[from] psn
|-damage|p2a: Fezandipiti|61/100 brn|[from] brn
|upkeep
|turn|27
|inactive|Lezdodiz has 90 seconds left.
|
|t:|1769395700
|move|p2a: Fezandipiti|Sludge Bomb|p1a: Vaporeon
|-damage|p1a: Vaporeon|57/100 tox
|move|p1a: Vaporeon|Scald|p2a: Fezandipiti
|-resisted|p2a: Fezandipiti
|-damage|p2a: Fezandipiti|41/100 brn
|
|-weather|none
|-heal|p2a: Fezandipiti|48/100 brn|[from] item: Leftovers
|-heal|p1a: Vaporeon|63/100 tox|[from] item: Leftovers
|-damage|p1a: Vaporeon|50/100 tox|[from] psn
|-damage|p2a: Fezandipiti|41/100 brn|[from] brn
|upkeep
|turn|28
|
|t:|1769395710
|move|p2a: Fezandipiti|Roost|p2a: Fezandipiti
|-heal|p2a: Fezandipiti|91/100 brn
|move|p1a: Vaporeon|Waterfall|p2a: Fezandipiti
|-resisted|p2a: Fezandipiti
|-damage|p2a: Fezandipiti|80/100 brn
|
|-heal|p2a: Fezandipiti|86/100 brn|[from] item: Leftovers
|-heal|p1a: Vaporeon|57/100 tox|[from] item: Leftovers
|-damage|p1a: Vaporeon|38/100 tox|[from] psn
|-damage|p2a: Fezandipiti|80/100 brn|[from] brn
|upkeep
|turn|29
|
|t:|1769395722
|move|p2a: Fezandipiti|Moonblast|p1a: Vaporeon
|-damage|p1a: Vaporeon|16/100 tox
|move|p1a: Vaporeon|Hydro Pump|p2a: Fezandipiti|[miss]
|-miss|p1a: Vaporeon|p2a: Fezandipiti
|
|-heal|p2a: Fezandipiti|86/100 brn|[from] item: Leftovers
|-heal|p1a: Vaporeon|22/100 tox|[from] item: Leftovers
|-damage|p1a: Vaporeon|0 fnt|[from] psn
|faint|p1a: Vaporeon
|-damage|p2a: Fezandipiti|80/100 brn|[from] brn
|upkeep
|
|t:|1769395732
|switch|p1a: Azumarill|Azumarill, M, shiny|3/100 tox
|turn|30
|c|☆Firsttimeplayinig|Gg
|c|☆Firsttimeplayinig|wp
|c|☆Firsttimeplayinig|u need lantern on ur team
|c|☆Firsttimeplayinig|Or a grass/water
|
|t:|1769395761
|move|p2a: Fezandipiti|Moonblast|p1a: Azumarill
|-damage|p1a: Azumarill|0 fnt
|faint|p1a: Azumarill
|
|win|Firsttimeplayinig
|raw|Lezdodiz's rating: 1076 &rarr; <strong>1056</strong><br />(-20 for losing)
|raw|Firsttimeplayinig's rating: 1099 &rarr; <strong>1122</strong><br />(+23 for winning)
