|j|☆kshuaib734
|j|☆desu nathan
|t:|1769292966
|gametype|singles
|player|p1|kshuaib734|steven|1611
|player|p2|desu nathan|101|1573
|gen|9
|tier|[Gen 9] OU
|rated|
|rule|HP Percentage Mod: HP is shown in percentages
|rule|Endless Battle Clause: Forcing endless battles is banned
|rule|Species Clause: Limit one of each Pokémon
|rule|OHKO Clause: OHKO moves are banned
|rule|Evasion Items Clause: Evasion items are banned
|rule|Evasion Moves Clause: Evasion moves are banned
|rule|Evasion Abilities Clause: Evasion abilities are banned
|rule|Sleep Moves Clause: Sleep-inducing moves are banned
|clearpoke
|poke|p1|Tyranitar, M|
|poke|p1|Thundurus, M|
|poke|p1|Pelipper, F|
|poke|p1|Quaquaval, F|
|poke|p1|Kingdra, M|
|poke|p1|Excadrill, M|
|poke|p2|Garganacl, F|
|poke|p2|Darkrai|
|poke|p2|Great Tusk|
|poke|p2|Hatterene, F|
|poke|p2|Tornadus-Therian, M|
|poke|p2|Dragonite, M|
|teampreview
|inactive|Battle timer is ON: inactive players will automatically lose when time's up. (requested by kshuaib734)
|
|t:|1769292990
|teamsize|p1|6
|teamsize|p2|6
|start
|switch|p1a: Tyrant's Downpour|Pelipper, F|100/100
|switch|p2a: Garganacl|Garganacl, F|100/100
|-weather|RainDance|[from] ability: Drizzle|[of] p1a: Tyrant's Downpour
|turn|1
|
|t:|1769293004
|move|p1a: Tyrant's Downpour|Weather Ball|p2a: Garganacl
|-supereffective|p2a: Garganacl
|-damage|p2a: Garganacl|30/100
|move|p2a: Garganacl|Stealth Rock|p1a: Tyrant's Downpour
|-sidestart|p1: kshuaib734|move: Stealth Rock
|
|-weather|RainDance|[upkeep]
|-heal|p2a: Garganacl|36/100|[from] item: Leftovers
|upkeep
|turn|2
|
|t:|1769293011
|move|p2a: Garganacl|Protect|p2a: Garganacl
|-singleturn|p2a: Garganacl|Protect
|move|p1a: Tyrant's Downpour|Weather Ball|p2a: Garganacl
|-activate|p2a: Garganacl|move: Protect
|
|-weather|RainDance|[upkeep]
|-heal|p2a: Garganacl|43/100|[from] item: Leftovers
|upkeep
|turn|3
|
|t:|1769293026
|switch|p2a: Tornadus|Tornadus-Therian, M, shiny|100/100
|move|p1a: Tyrant's Downpour|Knock Off|p2a: Tornadus
|-damage|p2a: Tornadus|86/100
|-enditem|p2a: Tornadus|Assault Vest|[from] move: Knock Off|[of] p1a: Tyrant's Downpour
|
|-weather|RainDance|[upkeep]
|upkeep
|turn|4
|
|t:|1769293036
|move|p2a: Tornadus|Knock Off|p1a: Tyrant's Downpour
|-damage|p1a: Tyrant's Downpour|86/100
|-enditem|p1a: Tyrant's Downpour|Damp Rock|[from] move: Knock Off|[of] p2a: Tornadus
|move|p1a: Tyrant's Downpour|U-turn|p2a: Tornadus
|-resisted|p2a: Tornadus
|-damage|p2a: Tornadus|80/100
|
|t:|1769293043
|switch|p1a: Tyrant's Enforcer|Thundurus, M|100/100|[from] U-turn
|-damage|p1a: Tyrant's Enforcer|75/100|[from] Stealth Rock
|
|-weather|RainDance|[upkeep]
|upkeep
|turn|5
|
|t:|1769293050
|move|p2a: Tornadus|U-turn|p1a: Tyrant's Enforcer
|-resisted|p1a: Tyrant's Enforcer
|-damage|p1a: Tyrant's Enforcer|64/100
|
|t:|1769293055
|switch|p2a: Garganacl|Garganacl, F|43/100|[from] U-turn
|move|p1a: Tyrant's Enforcer|Wild Charge|p2a: Garganacl
|-damage|p2a: Garganacl|11/100
|-damage|p1a: Tyrant's Enforcer|54/100|[from] Recoil
|
|-weather|RainDance|[upkeep]
|-heal|p2a: Garganacl|18/100|[from] item: Leftovers
|upkeep
|turn|6
|
|t:|1769293067
|move|p2a: Garganacl|Protect|p2a: Garganacl
|-singleturn|p2a: Garganacl|Protect
|move|p1a: Tyrant's Enforcer|Knock Off|p2a: Garganacl
|-activate|p2a: Garganacl|move: Protect
|
|-weather|RainDance|[upkeep]
|-heal|p2a: Garganacl|24/100|[from] item: Leftovers
|upkeep
|turn|7
|
|t:|1769293096
|switch|p2a: Hatterene|Hatterene, F|100/100
|move|p1a: Tyrant's Enforcer|Wild Charge|p2a: Hatterene
|-damage|p2a: Hatterene|64/100
|-damage|p1a: Tyrant's Enforcer|37/100|[from] item: Rocky Helmet|[of] p2a: Hatterene
|-damage|p1a: Tyrant's Enforcer|27/100|[from] Recoil
|
|-weather|RainDance|[upkeep]
|upkeep
|turn|8
|
|t:|1769293111
|move|p1a: Tyrant's Enforcer|Volt Switch|p2a: Hatterene
|-damage|p2a: Hatterene|35/100
|
|t:|1769293126
|switch|p1a: Tyrant's Legacy|Excadrill, M|100/100|[from] Volt Switch
|-damage|p1a: Tyrant's Legacy|97/100|[from] Stealth Rock
|move|p2a: Hatterene|Future Sight|p1a: Tyrant's Legacy
|-start|p2a: Hatterene|move: Future Sight
|
|-weather|none
|upkeep
|turn|9
|
|t:|1769293136
|switch|p2a: Great Tusk|Great Tusk|100/100
|-enditem|p2a: Great Tusk|Booster Energy
|-activate|p2a: Great Tusk|ability: Protosynthesis|[fromitem]
|-start|p2a: Great Tusk|protosynthesisatk
|move|p1a: Tyrant's Legacy|Iron Head|p2a: Great Tusk
|-damage|p2a: Great Tusk|55/100
|-damage|p1a: Tyrant's Legacy|88/100|[from] item: Life Orb
|
|upkeep
|turn|10
|
|t:|1769293151
|switch|p1a: Tyrant's Downpour|Pelipper, F|86/100
|-damage|p1a: Tyrant's Downpour|61/100|[from] Stealth Rock
|-weather|RainDance|[from] ability: Drizzle|[of] p1a: Tyrant's Downpour
|move|p2a: Great Tusk|Close Combat|p1a: Tyrant's Downpour
|-resisted|p1a: Tyrant's Downpour
|-damage|p1a: Tyrant's Downpour|30/100
|-unboost|p2a: Great Tusk|def|1
|-unboost|p2a: Great Tusk|spd|1
|
|-weather|RainDance|[upkeep]
|-end|p1a: Tyrant's Downpour|move: Future Sight
|-damage|p1a: Tyrant's Downpour|0 fnt
|faint|p1a: Tyrant's Downpour
|upkeep
|inactive|kshuaib734 has 120 seconds left.
|
|t:|1769293169
|switch|p1a: Tyrant's Enforcer|Thundurus, M|27/100
|-damage|p1a: Tyrant's Enforcer|2/100|[from] Stealth Rock
|-enditem|p1a: Tyrant's Enforcer|Liechi Berry|[eat]
|-boost|p1a: Tyrant's Enforcer|atk|1|[from] item: Liechi Berry
|turn|11
|
|t:|1769293189
|-end|p2a: Great Tusk|Protosynthesis|[silent]
|switch|p2a: Hatterene|Hatterene, F|35/100
|move|p1a: Tyrant's Enforcer|Acrobatics|p2a: Hatterene
|-damage|p2a: Hatterene|0 fnt
|-damage|p1a: Tyrant's Enforcer|0 fnt|[from] item: Rocky Helmet|[of] p2a: Hatterene
|faint|p2a: Hatterene
|faint|p1a: Tyrant's Enforcer
|
|-weather|RainDance|[upkeep]
|upkeep
|inactive|kshuaib734 has 120 seconds left.
|
|t:|1769293204
|switch|p1a: Tyrant's Vengeance|Kingdra, M|100/100
|switch|p2a: Tornadus|Tornadus-Therian, M, shiny|100/100
|-damage|p1a: Tyrant's Vengeance|88/100|[from] Stealth Rock
|turn|12
|inactive|kshuaib734 has 120 seconds left.
|
|t:|1769293214
|move|p1a: Tyrant's Vengeance|Weather Ball|p2a: Tornadus
|-damage|p2a: Tornadus|10/100
|-damage|p1a: Tyrant's Vengeance|78/100|[from] item: Life Orb
|move|p2a: Tornadus|Bleakwind Storm|p1a: Tyrant's Vengeance
|-damage|p1a: Tyrant's Vengeance|31/100
|
|-weather|RainDance|[upkeep]
|upkeep
|turn|13
|
|t:|1769293224
|move|p1a: Tyrant's Vengeance|Weather Ball|p2a: Tornadus
|-damage|p2a: Tornadus|0 fnt
|faint|p2a: Tornadus
|-damage|p1a: Tyrant's Vengeance|21/100|[from] item: Life Orb
|
|-weather|RainDance|[upkeep]
|upkeep
|
|t:|1769293227
|switch|p2a: Dragonite|Dragonite, M|100/100
|turn|14
|
|t:|1769293234
|switch|p1a: King Tyrant|Tyranitar, M|100/100
|-damage|p1a: King Tyrant|88/100|[from] Stealth Rock
|-weather|Sandstorm|[from] ability: Sand Stream|[of] p1a: King Tyrant
|move|p2a: Dragonite|Dragon Dance|p2a: Dragonite
|-boost|p2a: Dragonite|atk|1
|-boost|p2a: Dragonite|spe|1
|
|-weather|Sandstorm|[upkeep]
|-damage|p2a: Dragonite|94/100|[from] Sandstorm
|upkeep
|turn|15
|
|t:|1769293243
|move|p2a: Dragonite|Earthquake|p1a: King Tyrant
|-supereffective|p1a: King Tyrant
|-damage|p1a: King Tyrant|0 fnt
|faint|p1a: King Tyrant
|
|-weather|Sandstorm|[upkeep]
|-damage|p2a: Dragonite|88/100|[from] Sandstorm
|upkeep
|
|t:|1769293250
|switch|p1a: Tyrant's Legacy|Excadrill, M|88/100
|-damage|p1a: Tyrant's Legacy|84/100|[from] Stealth Rock
|turn|16
|inactive|desu nathan has 120 seconds left.
|inactive|desu nathan has 90 seconds left.
|
|t:|1769293310
|-terastallize|p2a: Dragonite|Normal
|move|p2a: Dragonite|Extreme Speed|p1a: Tyrant's Legacy
|-resisted|p1a: Tyrant's Legacy
|-damage|p1a: Tyrant's Legacy|25/100
|move|p1a: Tyrant's Legacy|Iron Head|p2a: Dragonite
|-damage|p2a: Dragonite|26/100
|-damage|p1a: Tyrant's Legacy|15/100|[from] item: Life Orb
|
|-weather|Sandstorm|[upkeep]
|-damage|p2a: Dragonite|20/100|[from] Sandstorm
|upkeep
|turn|17
|
|t:|1769293339
|move|p2a: Dragonite|Extreme Speed|p1a: Tyrant's Legacy
|-resisted|p1a: Tyrant's Legacy
|-damage|p1a: Tyrant's Legacy|0 fnt
|faint|p1a: Tyrant's Legacy
|
|-weather|Sandstorm|[upkeep]
|-damage|p2a: Dragonite|14/100|[from] Sandstorm
|upkeep
|inactive|kshuaib734 has 120 seconds left.
|
|t:|1769293377
|switch|p1a: Tyrant's Endgame|Quaquaval, F|100/100
|-damage|p1a: Tyrant's Endgame|94/100|[from] Stealth Rock
|turn|18
|
|t:|1769293394
|move|p2a: Dragonite|Extreme Speed|p1a: Tyrant's Endgame
|-damage|p1a: Tyrant's Endgame|0 fnt
|faint|p1a: Tyrant's Endgame
|
|-weather|none
|upkeep
|-message|kshuaib734 forfeited.
|
|win|desu nathan
|raw|kshuaib734's rating: 1611 &rarr; <strong>1589</strong><br />(-22 for losing)
|raw|desu nathan's rating: 1573 &rarr; <strong>1595</strong><br />(+22 for winning)
|l|☆kshuaib734
|player|p1|
|l|☆desu nathan
|player|p2|
