|j|☆claclabar2
|j|☆Hikinggoat
|t:|1769420351
|gametype|singles
|player|p1|claclabar2|265|1358
|player|p2|Hikinggoat|101|1391
|gen|9
|tier|[Gen 9] OU
|rated|
|rule|HP Percentage Mod: HP is shown in percentages
|rule|Endless Battle Clause: Forcing endless battles is banned
|rule|Species Clause: Limit one of each Pokémon
|rule|OHKO Clause: OHKO moves are banned
|rule|Evasion Items Clause: Evasion items are banned
|rule|Evasion Moves Clause: Evasion moves are banned
|rule|Evasion Abilities Clause: Evasion abilities are banned
|rule|Sleep Moves Clause: Sleep-inducing moves are banned
|clearpoke
|poke|p1|Torkoal, M|
|poke|p1|Raging Bolt|
|poke|p1|Walking Wake|
|poke|p1|Ursaluna, F|
|poke|p1|Haxorus, M|
|poke|p1|Porygon2|
|poke|p2|Milotic, F|
|poke|p2|Zapdos-Galar|
|poke|p2|Pecharunt|
|poke|p2|Ting-Lu|
|poke|p2|Great Tusk|
|poke|p2|Dragapult, F|
|teampreview
|inactive|Battle timer is ON: inactive players will automatically lose when time's up. (requested by claclabar2)
|
|t:|1769420358
|teamsize|p1|6
|teamsize|p2|6
|start
|switch|p1a: 🦕🦕⚡⚡|Raging Bolt|100/100
|switch|p2a: Ting-Lu|Ting-Lu|100/100
|-ability|p2a: Ting-Lu|Vessel of Ruin
|turn|1
|
|t:|1769420367
|move|p1a: 🦕🦕⚡⚡|Calm Mind|p1a: 🦕🦕⚡⚡
|-boost|p1a: 🦕🦕⚡⚡|spa|1
|-boost|p1a: 🦕🦕⚡⚡|spd|1
|move|p2a: Ting-Lu|Stealth Rock|p1a: 🦕🦕⚡⚡
|-sidestart|p1: claclabar2|move: Stealth Rock
|
|upkeep
|turn|2
|
|t:|1769420374
|-terastallize|p1a: 🦕🦕⚡⚡|Ice
|move|p1a: 🦕🦕⚡⚡|Tera Blast|p2a: Ting-Lu|[anim] Tera Blast Ice
|-supereffective|p2a: Ting-Lu
|-damage|p2a: Ting-Lu|10/100
|-damage|p1a: 🦕🦕⚡⚡|91/100|[from] item: Life Orb
|move|p2a: Ting-Lu|Spikes|p1a: 🦕🦕⚡⚡
|-sidestart|p1: claclabar2|Spikes
|
|-heal|p2a: Ting-Lu|17/100|[from] item: Leftovers
|upkeep
|turn|3
|
|t:|1769420385
|move|p1a: 🦕🦕⚡⚡|Tera Blast|p2a: Ting-Lu|[anim] Tera Blast Ice
|-supereffective|p2a: Ting-Lu
|-damage|p2a: Ting-Lu|0 fnt
|faint|p2a: Ting-Lu
|-damage|p1a: 🦕🦕⚡⚡|81/100|[from] item: Life Orb
|
|upkeep
|
|t:|1769420394
|switch|p2a: Milotic|Milotic, F|100/100
|turn|4
|
|t:|1769420399
|move|p1a: 🦕🦕⚡⚡|Thunderbolt|p2a: Milotic
|-supereffective|p2a: Milotic
|-damage|p2a: Milotic|0 fnt
|faint|p2a: Milotic
|-damage|p1a: 🦕🦕⚡⚡|71/100|[from] item: Life Orb
|
|upkeep
|c|☆claclabar2|headlong is 68%
|
|t:|1769420415
|switch|p2a: Great Tusk|Great Tusk|100/100
|turn|5
|c|☆claclabar2|close combat from tysk kills
|
|t:|1769420420
|move|p2a: Great Tusk|Headlong Rush|p1a: 🦕🦕⚡⚡
|-damage|p1a: 🦕🦕⚡⚡|22/100
|-unboost|p2a: Great Tusk|def|1
|-unboost|p2a: Great Tusk|spd|1
|move|p1a: 🦕🦕⚡⚡|Tera Blast|p2a: Great Tusk|[anim] Tera Blast Ice
|-supereffective|p2a: Great Tusk
|-damage|p2a: Great Tusk|0 fnt
|faint|p2a: Great Tusk
|-end|p2a: Great Tusk|Protosynthesis|[silent]
|-damage|p1a: 🦕🦕⚡⚡|12/100|[from] item: Life Orb
|
|upkeep
|c|☆claclabar2|well not even 68%
|
|t:|1769420428
|switch|p2a: Pecharunt|Pecharunt|100/100
|turn|6
|
|t:|1769420431
|move|p1a: 🦕🦕⚡⚡|Thunderclap||[still]
|-fail|p1a: 🦕🦕⚡⚡
|move|p2a: Pecharunt|Recover||[still]
|-fail|p2a: Pecharunt|heal
|
|upkeep
|turn|7
|
|t:|1769420438
|move|p2a: Pecharunt|Recover||[still]
|-fail|p2a: Pecharunt|heal
|move|p1a: 🦕🦕⚡⚡|Thunderbolt|p2a: Pecharunt
|-damage|p2a: Pecharunt|0 fnt
|faint|p2a: Pecharunt
|-damage|p1a: 🦕🦕⚡⚡|2/100|[from] item: Life Orb
|
|upkeep
|
|t:|1769420452
|switch|p2a: Dragapult|Dragapult, F|100/100
|turn|8
|
|t:|1769420467
|move|p1a: 🦕🦕⚡⚡|Thunderclap|p2a: Dragapult
|-resisted|p2a: Dragapult
|-damage|p2a: Dragapult|41/100
|-damage|p1a: 🦕🦕⚡⚡|0 fnt|[from] item: Life Orb
|faint|p1a: 🦕🦕⚡⚡
|-end|p1a: 🦕🦕⚡⚡|Protosynthesis|[silent]
|move|p2a: Dragapult|Shadow Ball|p1: 🦕🦕⚡⚡|[notarget]
|-fail|p2a: Dragapult
|
|upkeep
|
|t:|1769420471
|switch|p1a: THE DUCK!! 🦆🦆|Porygon2|100/100
|-damage|p1a: THE DUCK!! 🦆🦆|88/100|[from] Stealth Rock
|-damage|p1a: THE DUCK!! 🦆🦆|76/100|[from] Spikes
|-ability|p1a: THE DUCK!! 🦆🦆|Download|boost
|-boost|p1a: THE DUCK!! 🦆🦆|spa|1
|turn|9
|
|t:|1769420492
|switch|p2a: Zapdos|Zapdos-Galar|100/100
|move|p1a: THE DUCK!! 🦆🦆|Trick Room|p1a: THE DUCK!! 🦆🦆
|-fieldstart|move: Trick Room|[of] p1a: THE DUCK!! 🦆🦆
|
|upkeep
|turn|10
|
|t:|1769420498
|move|p1a: THE DUCK!! 🦆🦆|Ice Beam|p2a: Zapdos
|-supereffective|p2a: Zapdos
|-damage|p2a: Zapdos|0 fnt
|faint|p2a: Zapdos
|
|upkeep
|
|t:|1769420502
|switch|p2a: Dragapult|Dragapult, F|41/100
|turn|11
|
|t:|1769420509
|-terastallize|p2a: Dragapult|Ghost
|move|p1a: THE DUCK!! 🦆🦆|Ice Beam|p2a: Dragapult
|-damage|p2a: Dragapult|0 fnt
|faint|p2a: Dragapult
|
|win|claclabar2
|raw|claclabar2's rating: 1358 &rarr; <strong>1380</strong><br />(+22 for winning)
|raw|Hikinggoat's rating: 1391 &rarr; <strong>1369</strong><br />(-22 for losing)
|l|☆claclabar2
|player|p1|
|l|☆Hikinggoat
|player|p2|
