|j|☆AteefIsThug
|j|☆badatgames2911
|t:|1769321643
|gametype|singles
|player|p1|AteefIsThug|ingo|1111
|player|p2|badatgames2911|hiker-gen4|1180
|gen|9
|tier|[Gen 9] OU
|rated|
|rule|HP Percentage Mod: HP is shown in percentages
|rule|Endless Battle Clause: Forcing endless battles is banned
|rule|Species Clause: Limit one of each Pokémon
|rule|OHKO Clause: OHKO moves are banned
|rule|Evasion Items Clause: Evasion items are banned
|rule|Evasion Moves Clause: Evasion moves are banned
|rule|Evasion Abilities Clause: Evasion abilities are banned
|rule|Sleep Moves Clause: Sleep-inducing moves are banned
|clearpoke
|poke|p1|Cloyster, F|
|poke|p1|Garganacl, M|
|poke|p1|Dondozo, M|
|poke|p1|Dragonite, F|
|poke|p1|Pecharunt|
|poke|p1|Iron Moth|
|poke|p2|Conkeldurr, M|
|poke|p2|Noivern, F|
|poke|p2|Heatran, F|
|poke|p2|Mandibuzz, F|
|poke|p2|Mamoswine, F|
|poke|p2|Drednaw, M|
|teampreview
|inactive|Battle timer is ON: inactive players will automatically lose when time's up. (requested by AteefIsThug)
|
|t:|1769321650
|teamsize|p1|6
|teamsize|p2|6
|start
|switch|p1a: Garganacl|Garganacl, M|100/100
|switch|p2a: Linkon Logs|Conkeldurr, M|100/100
|turn|1
|
|t:|1769321654
|move|p2a: Linkon Logs|Knock Off|p1a: Garganacl
|-damage|p1a: Garganacl|72/100
|-enditem|p1a: Garganacl|Leftovers|[from] move: Knock Off|[of] p2a: Linkon Logs
|move|p1a: Garganacl|Stealth Rock|p2a: Linkon Logs
|-sidestart|p2: badatgames2911|move: Stealth Rock
|
|-status|p2a: Linkon Logs|brn|[from] item: Flame Orb
|upkeep
|turn|2
|
|t:|1769321661
|move|p2a: Linkon Logs|Drain Punch|p1a: Garganacl
|-supereffective|p1a: Garganacl
|-crit|p1a: Garganacl
|-damage|p1a: Garganacl|0 fnt
|faint|p1a: Garganacl
|
|-damage|p2a: Linkon Logs|94/100 brn|[from] brn
|upkeep
|
|t:|1769321669
|switch|p1a: Pecharunt|Pecharunt|100/100
|turn|3
|
|t:|1769321673
|move|p1a: Pecharunt|Malignant Chain|p2a: Linkon Logs
|-damage|p2a: Linkon Logs|47/100 brn
|move|p2a: Linkon Logs|Knock Off|p1a: Pecharunt
|-supereffective|p1a: Pecharunt
|-damage|p1a: Pecharunt|28/100
|-damage|p2a: Linkon Logs|30/100 brn|[from] item: Rocky Helmet|[of] p1a: Pecharunt
|-enditem|p1a: Pecharunt|Rocky Helmet|[from] move: Knock Off|[of] p2a: Linkon Logs
|
|-damage|p2a: Linkon Logs|24/100 brn|[from] brn
|upkeep
|turn|4
|
|t:|1769321683
|move|p1a: Pecharunt|Malignant Chain|p2a: Linkon Logs
|-damage|p2a: Linkon Logs|0 fnt
|faint|p2a: Linkon Logs
|
|upkeep
|
|t:|1769321685
|switch|p2a: Slim Pickins|Mandibuzz, F|100/100
|-damage|p2a: Slim Pickins|75/100|[from] Stealth Rock
|turn|5
|
|t:|1769321688
|move|p1a: Pecharunt|Malignant Chain|p2a: Slim Pickins
|-damage|p2a: Slim Pickins|41/100
|-status|p2a: Slim Pickins|tox
|-start|p2a: Slim Pickins|confusion|[from] ability: Poison Puppeteer|[of] p1a: Pecharunt
|-activate|p2a: Slim Pickins|confusion
|move|p2a: Slim Pickins|Defog|p1a: Pecharunt
|-unboost|p1a: Pecharunt|evasion|1
|-sideend|p2: badatgames2911|Stealth Rock|[from] move: Defog|[of] p2a: Slim Pickins
|
|-heal|p2a: Slim Pickins|47/100 tox|[from] item: Leftovers
|-damage|p2a: Slim Pickins|41/100 tox|[from] psn
|upkeep
|turn|6
|
|t:|1769321697
|move|p1a: Pecharunt|Recover|p1a: Pecharunt
|-heal|p1a: Pecharunt|78/100
|-activate|p2a: Slim Pickins|confusion
|move|p2a: Slim Pickins|Foul Play|p1a: Pecharunt
|-supereffective|p1a: Pecharunt
|-damage|p1a: Pecharunt|49/100
|
|-heal|p2a: Slim Pickins|47/100 tox|[from] item: Leftovers
|-damage|p2a: Slim Pickins|35/100 tox|[from] psn
|upkeep
|turn|7
|
|t:|1769321702
|move|p1a: Pecharunt|Recover|p1a: Pecharunt
|-heal|p1a: Pecharunt|99/100
|-activate|p2a: Slim Pickins|confusion
|move|p2a: Slim Pickins|Foul Play|p1a: Pecharunt
|-supereffective|p1a: Pecharunt
|-damage|p1a: Pecharunt|73/100
|
|-heal|p2a: Slim Pickins|41/100 tox|[from] item: Leftovers
|-damage|p2a: Slim Pickins|23/100 tox|[from] psn
|upkeep
|turn|8
|
|t:|1769321719
|move|p1a: Pecharunt|Shadow Ball|p2a: Slim Pickins
|-resisted|p2a: Slim Pickins
|-damage|p2a: Slim Pickins|7/100 tox
|-unboost|p2a: Slim Pickins|spd|1
|-end|p2a: Slim Pickins|confusion
|move|p2a: Slim Pickins|Foul Play|p1a: Pecharunt
|-supereffective|p1a: Pecharunt
|-damage|p1a: Pecharunt|44/100
|
|-heal|p2a: Slim Pickins|13/100 tox|[from] item: Leftovers
|-damage|p2a: Slim Pickins|0 fnt|[from] psn
|faint|p2a: Slim Pickins
|upkeep
|
|t:|1769321731
|switch|p2a: Doombox|Noivern, F|100/100
|turn|9
|
|t:|1769321736
|move|p2a: Doombox|Draco Meteor|p1a: Pecharunt
|-damage|p1a: Pecharunt|0 fnt
|-unboost|p2a: Doombox|spa|2
|faint|p1a: Pecharunt
|
|upkeep
|
|t:|1769321742
|switch|p1a: Cloyster|Cloyster, F|100/100
|turn|10
|
|t:|1769321746
|switch|p2a: Rakna|Heatran, F|100/100
|move|p1a: Cloyster|Shell Smash|p1a: Cloyster
|-unboost|p1a: Cloyster|def|1
|-unboost|p1a: Cloyster|spd|1
|-boost|p1a: Cloyster|atk|2
|-boost|p1a: Cloyster|spa|2
|-boost|p1a: Cloyster|spe|2
|-enditem|p1a: Cloyster|White Herb
|-clearnegativeboost|p1a: Cloyster|[silent]
|
|upkeep
|turn|11
|
|t:|1769321757
|-terastallize|p2a: Rakna|Grass
|move|p1a: Cloyster|Razor Shell|p2a: Rakna
|-resisted|p2a: Rakna
|-damage|p2a: Rakna|71/100
|-unboost|p2a: Rakna|def|1
|move|p2a: Rakna|Flamethrower|p1a: Cloyster
|-damage|p1a: Cloyster|0 fnt
|faint|p1a: Cloyster
|
|-heal|p2a: Rakna|77/100|[from] item: Leftovers
|upkeep
|
|t:|1769321764
|switch|p1a: Iron Moth|Iron Moth, shiny|100/100
|-enditem|p1a: Iron Moth|Booster Energy
|-activate|p1a: Iron Moth|ability: Quark Drive|[fromitem]
|-start|p1a: Iron Moth|quarkdrivespa
|turn|12
|
|t:|1769321770
|move|p1a: Iron Moth|Sludge Wave|p2a: Rakna
|-supereffective|p2a: Rakna
|-damage|p2a: Rakna|0 fnt
|faint|p2a: Rakna
|
|upkeep
|
|t:|1769321774
|switch|p2a: Yummy|Drednaw, M|100/100
|turn|13
|
|t:|1769321781
|move|p1a: Iron Moth|Psychic|p2a: Yummy
|-damage|p2a: Yummy|40/100
|move|p2a: Yummy|Shell Smash|p2a: Yummy
|-unboost|p2a: Yummy|def|1
|-unboost|p2a: Yummy|spd|1
|-boost|p2a: Yummy|atk|2
|-boost|p2a: Yummy|spa|2
|-boost|p2a: Yummy|spe|2
|
|upkeep
|turn|14
|
|t:|1769321786
|move|p2a: Yummy|Liquidation|p1a: Iron Moth
|-supereffective|p1a: Iron Moth
|-damage|p1a: Iron Moth|0 fnt
|faint|p1a: Iron Moth
|-end|p1a: Iron Moth|Quark Drive|[silent]
|
|upkeep
|
|t:|1769321790
|switch|p1a: Dragonite|Dragonite, F|100/100
|turn|15
|
|t:|1769321795
|move|p2a: Yummy|Ice Fang|p1a: Dragonite
|-supereffective|p1a: Dragonite
|-damage|p1a: Dragonite|0 fnt
|faint|p1a: Dragonite
|
|upkeep
|
|t:|1769321798
|switch|p1a: Dondozo|Dondozo, M, shiny|100/100
|turn|16
|
|t:|1769321802
|move|p2a: Yummy|Crunch|p1a: Dondozo
|-damage|p1a: Dondozo|80/100
|move|p1a: Dondozo|Curse|p1a: Dondozo
|-unboost|p1a: Dondozo|spe|1
|-boost|p1a: Dondozo|atk|1
|-boost|p1a: Dondozo|def|1
|
|-heal|p1a: Dondozo|86/100|[from] item: Leftovers
|upkeep
|turn|17
|
|t:|1769321805
|move|p2a: Yummy|Crunch|p1a: Dondozo
|-damage|p1a: Dondozo|73/100
|move|p1a: Dondozo|Curse|p1a: Dondozo
|-unboost|p1a: Dondozo|spe|1
|-boost|p1a: Dondozo|atk|1
|-boost|p1a: Dondozo|def|1
|
|-heal|p1a: Dondozo|79/100|[from] item: Leftovers
|upkeep
|turn|18
|
|t:|1769321810
|move|p2a: Yummy|Shell Smash|p2a: Yummy
|-unboost|p2a: Yummy|def|1
|-unboost|p2a: Yummy|spd|1
|-boost|p2a: Yummy|atk|2
|-boost|p2a: Yummy|spa|2
|-boost|p2a: Yummy|spe|2
|move|p1a: Dondozo|Curse|p1a: Dondozo
|-unboost|p1a: Dondozo|spe|1
|-boost|p1a: Dondozo|atk|1
|-boost|p1a: Dondozo|def|1
|
|-heal|p1a: Dondozo|85/100|[from] item: Leftovers
|upkeep
|turn|19
|
|t:|1769321812
|move|p2a: Yummy|Crunch|p1a: Dondozo
|-damage|p1a: Dondozo|77/100
|-unboost|p1a: Dondozo|def|1
|move|p1a: Dondozo|Curse|p1a: Dondozo
|-unboost|p1a: Dondozo|spe|1
|-boost|p1a: Dondozo|atk|1
|-boost|p1a: Dondozo|def|1
|
|-heal|p1a: Dondozo|83/100|[from] item: Leftovers
|upkeep
|turn|20
|
|t:|1769321816
|move|p2a: Yummy|Shell Smash|p2a: Yummy
|-unboost|p2a: Yummy|def|1
|-unboost|p2a: Yummy|spd|1
|-boost|p2a: Yummy|atk|2
|-boost|p2a: Yummy|spa|2
|-boost|p2a: Yummy|spe|2
|move|p1a: Dondozo|Curse|p1a: Dondozo
|-unboost|p1a: Dondozo|spe|1
|-boost|p1a: Dondozo|atk|1
|-boost|p1a: Dondozo|def|1
|
|-heal|p1a: Dondozo|89/100|[from] item: Leftovers
|upkeep
|turn|21
|
|t:|1769321819
|move|p2a: Yummy|Crunch|p1a: Dondozo
|-damage|p1a: Dondozo|83/100
|move|p1a: Dondozo|Curse|p1a: Dondozo
|-unboost|p1a: Dondozo|spe|1
|-boost|p1a: Dondozo|atk|1
|-boost|p1a: Dondozo|def|1
|
|-heal|p1a: Dondozo|90/100|[from] item: Leftovers
|upkeep
|turn|22
|
|t:|1769321824
|move|p2a: Yummy|Crunch|p1a: Dondozo
|-damage|p1a: Dondozo|84/100
|move|p1a: Dondozo|Body Press|p2a: Yummy
|-supereffective|p2a: Yummy
|-damage|p2a: Yummy|0 fnt
|faint|p2a: Yummy
|
|-heal|p1a: Dondozo|90/100|[from] item: Leftovers
|upkeep
|
|t:|1769321826
|switch|p2a: Doombox|Noivern, F|100/100
|turn|23
|
|t:|1769321830
|move|p2a: Doombox|Boomburst|p1a: Dondozo
|-damage|p1a: Dondozo|28/100
|move|p1a: Dondozo|Avalanche|p2a: Doombox
|-supereffective|p2a: Doombox
|-damage|p2a: Doombox|0 fnt
|faint|p2a: Doombox
|
|-heal|p1a: Dondozo|34/100|[from] item: Leftovers
|upkeep
|
|t:|1769321832
|switch|p2a: Gammoth|Mamoswine, F|100/100
|turn|24
|
|t:|1769321837
|move|p2a: Gammoth|Earthquake|p1a: Dondozo
|-damage|p1a: Dondozo|27/100
|move|p1a: Dondozo|Avalanche|p2a: Gammoth
|-damage|p2a: Gammoth|42/100
|
|-heal|p1a: Dondozo|34/100|[from] item: Leftovers
|upkeep
|turn|25
|-message|badatgames2911 forfeited.
|
|win|AteefIsThug
|raw|AteefIsThug's rating: 1111 &rarr; <strong>1141</strong><br />(+30 for winning)
|raw|badatgames2911's rating: 1180 &rarr; <strong>1150</strong><br />(-30 for losing)
|l|☆badatgames2911
|player|p2|
|l|☆AteefIsThug
|player|p1|
