|j|☆piratekek
|j|☆arilover69
|t:|1769429323
|gametype|singles
|player|p1|piratekek|102|1327
|player|p2|arilover69|iono|1277
|gen|9
|tier|[Gen 9] OU
|rated|
|rule|HP Percentage Mod: HP is shown in percentages
|rule|Endless Battle Clause: Forcing endless battles is banned
|rule|Species Clause: Limit one of each Pokémon
|rule|OHKO Clause: OHKO moves are banned
|rule|Evasion Items Clause: Evasion items are banned
|rule|Evasion Moves Clause: Evasion moves are banned
|rule|Evasion Abilities Clause: Evasion abilities are banned
|rule|Sleep Moves Clause: Sleep-inducing moves are banned
|clearpoke
|poke|p1|Ogerpon-Wellspring, F|
|poke|p1|Dragapult, F|
|poke|p1|Landorus-Therian, M|
|poke|p1|Primarina, F|
|poke|p1|Cinderace, F|
|poke|p1|Gholdengo|
|poke|p2|Pelipper, F|
|poke|p2|Barraskewda, F|
|poke|p2|Scizor, F|
|poke|p2|Tentacruel, F|
|poke|p2|Kingdra, F|
|poke|p2|Landorus-Therian, M|
|teampreview
|
|t:|1769429356
|teamsize|p1|6
|teamsize|p2|6
|start
|switch|p1a: Lower Tusk|Landorus-Therian, M|100/100
|switch|p2a: Sailor|Pelipper, F|100/100
|-ability|p1a: Lower Tusk|Intimidate|boost
|-unboost|p2a: Sailor|atk|1
|-weather|RainDance|[from] ability: Drizzle|[of] p2a: Sailor
|turn|1
|
|t:|1769429369
|move|p1a: Lower Tusk|U-turn|p2a: Sailor
|-resisted|p2a: Sailor
|-damage|p2a: Sailor|93/100
|
|t:|1769429378
|switch|p1a: Prime Arina|Primarina, F|100/100|[from] U-turn
|move|p2a: Sailor|Weather Ball|p1a: Prime Arina
|-resisted|p1a: Prime Arina
|-damage|p1a: Prime Arina|86/100
|
|-weather|RainDance|[upkeep]
|upkeep
|turn|2
|
|t:|1769429386
|move|p1a: Prime Arina|Surf|p2a: Sailor
|-resisted|p2a: Sailor
|-damage|p2a: Sailor|40/100
|move|p2a: Sailor|U-turn|p1a: Prime Arina
|-resisted|p1a: Prime Arina
|-damage|p1a: Prime Arina|82/100
|
|t:|1769429458
|switch|p2a: Barraskewda|Barraskewda, F|100/100|[from] U-turn
|
|-weather|RainDance|[upkeep]
|upkeep
|turn|3
|
|t:|1769429475
|move|p2a: Barraskewda|Flip Turn|p1a: Prime Arina
|-resisted|p1a: Prime Arina
|-damage|p1a: Prime Arina|28/100
|
|t:|1769429481
|switch|p2a: Tentacruel|Tentacruel, F|100/100|[from] Flip Turn
|move|p1a: Prime Arina|Moonblast|p2a: Tentacruel
|-resisted|p2a: Tentacruel
|-damage|p2a: Tentacruel|83/100
|
|-weather|RainDance|[upkeep]
|-heal|p2a: Tentacruel|89/100|[from] ability: Rain Dish
|upkeep
|turn|4
|
|t:|1769429502
|switch|p1a: Lower Tusk|Landorus-Therian, M|100/100
|-ability|p1a: Lower Tusk|Intimidate|boost
|-unboost|p2a: Tentacruel|atk|1
|move|p2a: Tentacruel|Knock Off|p1a: Lower Tusk
|-damage|p1a: Lower Tusk|91/100
|-damage|p2a: Tentacruel|73/100|[from] item: Rocky Helmet|[of] p1a: Lower Tusk
|-enditem|p1a: Lower Tusk|Rocky Helmet|[from] move: Knock Off|[of] p2a: Tentacruel
|
|-weather|RainDance|[upkeep]
|-heal|p2a: Tentacruel|79/100|[from] ability: Rain Dish
|upkeep
|turn|5
|
|t:|1769429518
|switch|p2a: Landorus|Landorus-Therian, M|100/100
|-ability|p2a: Landorus|Intimidate|boost
|-unboost|p1a: Lower Tusk|atk|1
|move|p1a: Lower Tusk|Stealth Rock|p2a: Landorus
|-sidestart|p2: arilover69|move: Stealth Rock
|
|-weather|RainDance|[upkeep]
|upkeep
|turn|6
|
|t:|1769429527
|move|p2a: Landorus|Stealth Rock|p1a: Lower Tusk
|-sidestart|p1: piratekek|move: Stealth Rock
|move|p1a: Lower Tusk|Taunt|p2a: Landorus
|-start|p2a: Landorus|move: Taunt
|
|-weather|RainDance|[upkeep]
|upkeep
|turn|7
|
|t:|1769429539
|move|p2a: Landorus|Weather Ball|p1a: Lower Tusk
|-supereffective|p1a: Lower Tusk
|-damage|p1a: Lower Tusk|7/100
|move|p1a: Lower Tusk|U-turn|p2a: Landorus
|-resisted|p2a: Landorus
|-damage|p2a: Landorus|94/100
|-damage|p1a: Lower Tusk|0 fnt|[from] item: Rocky Helmet|[of] p2a: Landorus
|faint|p1a: Lower Tusk
|
|-weather|RainDance|[upkeep]
|upkeep
|
|t:|1769429548
|switch|p1a: Stallial Killer|Ogerpon-Wellspring, F|100/100
|-damage|p1a: Stallial Killer|88/100|[from] Stealth Rock
|turn|8
|
|t:|1769429568
|move|p1a: Stallial Killer|Ivy Cudgel|p2a: Landorus|[anim] Ivy Cudgel Water
|-supereffective|p2a: Landorus
|-damage|p2a: Landorus|0 fnt
|faint|p2a: Landorus
|
|-weather|none
|upkeep
|
|t:|1769429570
|switch|p2a: Sailor|Pelipper, F|40/100
|-damage|p2a: Sailor|15/100|[from] Stealth Rock
|-weather|RainDance|[from] ability: Drizzle|[of] p2a: Sailor
|turn|9
|
|t:|1769429580
|switch|p2a: Kingdra|Kingdra, F, shiny|100/100
|-damage|p2a: Kingdra|88/100|[from] Stealth Rock
|move|p1a: Stallial Killer|Ivy Cudgel|p2a: Kingdra|[anim] Ivy Cudgel Water
|-resisted|p2a: Kingdra
|-damage|p2a: Kingdra|58/100
|
|-weather|RainDance|[upkeep]
|upkeep
|turn|10
|
|t:|1769429592
|switch|p1a: Prime Arina|Primarina, F|28/100
|-damage|p1a: Prime Arina|15/100|[from] Stealth Rock
|move|p2a: Kingdra|Draco Meteor|p1a: Prime Arina
|-immune|p1a: Prime Arina
|
|-weather|RainDance|[upkeep]
|upkeep
|turn|11
|
|t:|1769429611
|switch|p2a: Tentacruel|Tentacruel, F|79/100
|-damage|p2a: Tentacruel|66/100|[from] Stealth Rock
|move|p1a: Prime Arina|Surf|p2a: Tentacruel
|-resisted|p2a: Tentacruel
|-damage|p2a: Tentacruel|25/100
|
|-weather|RainDance|[upkeep]
|-heal|p2a: Tentacruel|32/100|[from] ability: Rain Dish
|upkeep
|turn|12
|
|t:|1769429624
|move|p2a: Tentacruel|Flip Turn|p1a: Prime Arina
|-resisted|p1a: Prime Arina
|-damage|p1a: Prime Arina|0 fnt
|faint|p1a: Prime Arina
|
|t:|1769429635
|switch|p2a: Barraskewda|Barraskewda, F|100/100|[from] Flip Turn
|-damage|p2a: Barraskewda|88/100|[from] Stealth Rock
|
|-weather|RainDance|[upkeep]
|upkeep
|
|t:|1769429640
|switch|p1a: Give Hazard pls|Cinderace, F|100/100
|turn|13
|
|t:|1769429672
|switch|p1a: Stallial Killer|Ogerpon-Wellspring, F|88/100
|-damage|p1a: Stallial Killer|76/100|[from] Stealth Rock
|move|p2a: Barraskewda|Flip Turn|p1a: Stallial Killer
|-heal|p1a: Stallial Killer|100/100|[from] ability: Water Absorb|[of] p2a: Barraskewda
|
|-weather|RainDance|[upkeep]
|upkeep
|turn|14
|
|t:|1769429692
|switch|p2a: Tentacruel|Tentacruel, F|32/100
|-damage|p2a: Tentacruel|19/100|[from] Stealth Rock
|move|p1a: Stallial Killer|Knock Off|p2a: Tentacruel
|-crit|p2a: Tentacruel
|-damage|p2a: Tentacruel|0 fnt
|-enditem|p2a: Tentacruel|Spooky Plate|[from] move: Knock Off|[of] p1a: Stallial Killer
|faint|p2a: Tentacruel
|
|-weather|RainDance|[upkeep]
|upkeep
|
|t:|1769429700
|switch|p2a: Kingdra|Kingdra, F, shiny|58/100
|-damage|p2a: Kingdra|46/100|[from] Stealth Rock
|turn|15
|
|t:|1769429706
|switch|p1a: Riot spin block|Gholdengo|100/100
|-damage|p1a: Riot spin block|94/100|[from] Stealth Rock
|move|p2a: Kingdra|Draco Meteor|p1a: Riot spin block
|-resisted|p1a: Riot spin block
|-damage|p1a: Riot spin block|42/100
|-unboost|p2a: Kingdra|spa|2
|
|-weather|RainDance|[upkeep]
|upkeep
|turn|16
|
|t:|1769429715
|move|p2a: Kingdra|Draco Meteor|p1a: Riot spin block|[miss]
|-miss|p2a: Kingdra|p1a: Riot spin block
|move|p1a: Riot spin block|Shadow Ball|p2a: Kingdra
|-damage|p2a: Kingdra|0 fnt
|faint|p2a: Kingdra
|
|-weather|none
|upkeep
|
|t:|1769429720
|switch|p2a: Scizor|Scizor, F|100/100
|-damage|p2a: Scizor|88/100|[from] Stealth Rock
|turn|17
|
|t:|1769429745
|move|p1a: Riot spin block|Shadow Ball|p2a: Scizor
|-damage|p2a: Scizor|42/100
|move|p2a: Scizor|Knock Off|p1a: Riot spin block
|-supereffective|p1a: Riot spin block
|-damage|p1a: Riot spin block|0 fnt
|-enditem|p1a: Riot spin block|Choice Scarf|[from] move: Knock Off|[of] p2a: Scizor
|faint|p1a: Riot spin block
|
|upkeep
|
|t:|1769429757
|switch|p1a: Give Hazard pls|Cinderace, F|100/100
|turn|18
|
|t:|1769429767
|move|p1a: Give Hazard pls|Pyro Ball|p2a: Scizor
|-supereffective|p2a: Scizor
|-damage|p2a: Scizor|0 fnt
|faint|p2a: Scizor
|
|upkeep
|
|t:|1769429769
|switch|p2a: Sailor|Pelipper, F|15/100
|-damage|p2a: Sailor|0 fnt|[from] Stealth Rock
|faint|p2a: Sailor
|
|t:|1769429771
|switch|p2a: Barraskewda|Barraskewda, F|88/100
|-damage|p2a: Barraskewda|76/100|[from] Stealth Rock
|turn|19
|
|t:|1769429779
|-terastallize|p2a: Barraskewda|Fighting
|move|p1a: Give Hazard pls|Sucker Punch|p2a: Barraskewda
|-start|p1a: Give Hazard pls|typechange|Dark|[from] ability: Libero
|-resisted|p2a: Barraskewda
|-damage|p2a: Barraskewda|41/100
|move|p2a: Barraskewda|Close Combat|p1a: Give Hazard pls
|-supereffective|p1a: Give Hazard pls
|-damage|p1a: Give Hazard pls|0 fnt
|-unboost|p2a: Barraskewda|def|1
|-unboost|p2a: Barraskewda|spd|1
|faint|p1a: Give Hazard pls
|
|upkeep
|
|t:|1769429792
|switch|p1a: BrokenPult|Dragapult, F|100/100
|turn|20
|
|t:|1769429826
|move|p1a: BrokenPult|Dragon Darts|p2a: Barraskewda
|-damage|p2a: Barraskewda|0 fnt
|faint|p2a: Barraskewda
|
|win|piratekek
|raw|piratekek's rating: 1327 &rarr; <strong>1344</strong><br />(+17 for winning)
|raw|arilover69's rating: 1277 &rarr; <strong>1256</strong><br />(-21 for losing)
|l|☆arilover69
|player|p2|
|l|☆piratekek
|player|p1|
