|j|☆ohlookarock3
|j|☆sheepbunny1008
|t:|1769355366
|gametype|singles
|player|p1|ohlookarock3|geeta|1649
|player|p2|sheepbunny1008|169|1582
|gen|9
|tier|[Gen 9] OU
|rated|
|rule|HP Percentage Mod: HP is shown in percentages
|rule|Endless Battle Clause: Forcing endless battles is banned
|rule|Species Clause: Limit one of each Pokémon
|rule|OHKO Clause: OHKO moves are banned
|rule|Evasion Items Clause: Evasion items are banned
|rule|Evasion Moves Clause: Evasion moves are banned
|rule|Evasion Abilities Clause: Evasion abilities are banned
|rule|Sleep Moves Clause: Sleep-inducing moves are banned
|clearpoke
|poke|p1|Hatterene, F|
|poke|p1|Iron Treads|
|poke|p1|Ceruledge, F|
|poke|p1|Ting-Lu|
|poke|p1|Dragonite, F|
|poke|p1|Kyurem|
|poke|p2|Gholdengo|
|poke|p2|Kingambit, F|
|poke|p2|Zamazenta-*|
|poke|p2|Ogerpon-Wellspring, F|
|poke|p2|Iron Treads|
|poke|p2|Latios, M|
|teampreview
|inactive|Battle timer is ON: inactive players will automatically lose when time's up. (requested by ohlookarock3)
|inactive|sheepbunny1008 also wants the timer to be on.
|
|t:|1769355378
|teamsize|p1|6
|teamsize|p2|6
|start
|switch|p1a: Iron Treads|Iron Treads|100/100
|switch|p2a: Iron Treads|Iron Treads|100/100
|turn|1
|
|t:|1769355387
|move|p2a: Iron Treads|Rapid Spin|p1a: Iron Treads
|-resisted|p1a: Iron Treads
|-damage|p1a: Iron Treads|96/100
|-boost|p2a: Iron Treads|spe|1
|move|p1a: Iron Treads|Knock Off|p2a: Iron Treads
|-damage|p2a: Iron Treads|72/100
|-enditem|p2a: Iron Treads|Focus Sash|[from] move: Knock Off|[of] p1a: Iron Treads
|
|-heal|p1a: Iron Treads|100/100|[from] item: Leftovers
|upkeep
|turn|2
|
|t:|1769355395
|move|p2a: Iron Treads|Stealth Rock|p1a: Iron Treads
|-sidestart|p1: ohlookarock3|move: Stealth Rock
|move|p1a: Iron Treads|Earthquake|p2a: Iron Treads
|-supereffective|p2a: Iron Treads
|-damage|p2a: Iron Treads|0 fnt
|faint|p2a: Iron Treads
|-end|p2a: Iron Treads|Quark Drive|[silent]
|
|upkeep
|
|t:|1769355404
|switch|p2a: Ogerpon|Ogerpon-Wellspring, F|100/100
|turn|3
|
|t:|1769355406
|move|p2a: Ogerpon|Ivy Cudgel|p1a: Iron Treads|[anim] Ivy Cudgel Water
|-supereffective|p1a: Iron Treads
|-damage|p1a: Iron Treads|0 fnt
|faint|p1a: Iron Treads
|-end|p1a: Iron Treads|Quark Drive|[silent]
|
|upkeep
|
|t:|1769355415
|switch|p1a: Kyurem|Kyurem|100/100
|-damage|p1a: Kyurem|76/100|[from] Stealth Rock
|-ability|p1a: Kyurem|Pressure
|turn|4
|
|t:|1769355418
|move|p2a: Ogerpon|Taunt|p1a: Kyurem
|-start|p1a: Kyurem|move: Taunt
|move|p1a: Kyurem|Freeze-Dry|p2a: Ogerpon
|-supereffective|p2a: Ogerpon
|-damage|p2a: Ogerpon|0 fnt
|faint|p2a: Ogerpon
|
|upkeep
|
|t:|1769355437
|switch|p2a: Zamazenta|Zamazenta|100/100
|-ability|p2a: Zamazenta|Dauntless Shield|boost
|-boost|p2a: Zamazenta|def|1
|turn|5
|
|t:|1769355450
|switch|p1a: Hatterene|Hatterene, F|100/100
|-damage|p1a: Hatterene|88/100|[from] Stealth Rock
|move|p2a: Zamazenta|Close Combat|p1a: Hatterene
|-resisted|p1a: Hatterene
|-damage|p1a: Hatterene|75/100
|-unboost|p2a: Zamazenta|def|1
|-unboost|p2a: Zamazenta|spd|1
|
|upkeep
|turn|6
|
|t:|1769355465
|switch|p2a: Gholdengo|Gholdengo|100/100
|move|p1a: Hatterene|Draining Kiss|p2a: Gholdengo
|-resisted|p2a: Gholdengo
|-damage|p2a: Gholdengo|84/100
|-heal|p1a: Hatterene|87/100|[from] drain|[of] p2a: Gholdengo
|
|upkeep
|turn|7
|
|t:|1769355471
|switch|p1a: Ting-Lu|Ting-Lu|100/100
|-damage|p1a: Ting-Lu|94/100|[from] Stealth Rock
|-ability|p1a: Ting-Lu|Vessel of Ruin
|move|p2a: Gholdengo|Make It Rain|p1a: Ting-Lu
|-damage|p1a: Ting-Lu|57/100
|-unboost|p2a: Gholdengo|spa|1
|
|-heal|p1a: Ting-Lu|63/100|[from] item: Leftovers
|upkeep
|turn|8
|
|t:|1769355482
|switch|p2a: Zamazenta|Zamazenta|100/100
|move|p1a: Ting-Lu|Stealth Rock|p2a: Zamazenta
|-sidestart|p2: sheepbunny1008|move: Stealth Rock
|
|-heal|p1a: Ting-Lu|69/100|[from] item: Leftovers
|upkeep
|turn|9
|
|t:|1769355486
|move|p2a: Zamazenta|Close Combat|p1a: Ting-Lu
|-supereffective|p1a: Ting-Lu
|-damage|p1a: Ting-Lu|4/100
|-unboost|p2a: Zamazenta|def|1
|-unboost|p2a: Zamazenta|spd|1
|move|p1a: Ting-Lu|Ruination|p2a: Zamazenta
|-damage|p2a: Zamazenta|51/100
|
|-heal|p1a: Ting-Lu|11/100|[from] item: Leftovers
|upkeep
|turn|10
|
|t:|1769355494
|switch|p1a: Hatterene|Hatterene, F|87/100
|-damage|p1a: Hatterene|75/100|[from] Stealth Rock
|move|p2a: Zamazenta|Heavy Slam|p1a: Hatterene
|-supereffective|p1a: Hatterene
|-damage|p1a: Hatterene|3/100
|
|upkeep
|turn|11
|
|t:|1769355497
|move|p2a: Zamazenta|Heavy Slam|p1a: Hatterene
|-supereffective|p1a: Hatterene
|-damage|p1a: Hatterene|0 fnt
|faint|p1a: Hatterene
|
|upkeep
|
|t:|1769355499
|switch|p1a: Ceruledge|Ceruledge, F|100/100
|-damage|p1a: Ceruledge|76/100|[from] Stealth Rock
|turn|12
|
|t:|1769355503
|move|p2a: Zamazenta|Stone Edge|p1a: Ceruledge
|-supereffective|p1a: Ceruledge
|-damage|p1a: Ceruledge|0 fnt
|faint|p1a: Ceruledge
|
|upkeep
|
|t:|1769355510
|switch|p1a: Dragonite|Dragonite, F|100/100
|-damage|p1a: Dragonite|76/100|[from] Stealth Rock
|turn|13
|
|t:|1769355521
|switch|p2a: Kingambit|Kingambit, F|100/100
|-damage|p2a: Kingambit|94/100|[from] Stealth Rock
|-activate|p2a: Kingambit|ability: Supreme Overlord
|-start|p2a: Kingambit|fallen2|[silent]
|-terastallize|p1a: Dragonite|Fairy
|move|p1a: Dragonite|Dragon Dance|p1a: Dragonite
|-boost|p1a: Dragonite|atk|1
|-boost|p1a: Dragonite|spe|1
|
|-heal|p1a: Dragonite|82/100|[from] item: Leftovers
|upkeep
|turn|14
|
|t:|1769355534
|switch|p1a: Ting-Lu|Ting-Lu|11/100
|-damage|p1a: Ting-Lu|4/100|[from] Stealth Rock
|-ability|p1a: Ting-Lu|Vessel of Ruin
|-terastallize|p2a: Kingambit|Dark
|move|p2a: Kingambit|Iron Head|p1a: Ting-Lu
|-damage|p1a: Ting-Lu|0 fnt
|faint|p1a: Ting-Lu
|
|upkeep
|
|t:|1769355538
|switch|p1a: Kyurem|Kyurem|76/100
|-damage|p1a: Kyurem|51/100|[from] Stealth Rock
|-ability|p1a: Kyurem|Pressure
|turn|15
|
|t:|1769355541
|move|p2a: Kingambit|Sucker Punch|p1a: Kyurem
|-damage|p1a: Kyurem|0 fnt
|faint|p1a: Kyurem
|
|upkeep
|
|t:|1769355544
|switch|p1a: Dragonite|Dragonite, F, tera:Fairy|82/100
|-damage|p1a: Dragonite|69/100|[from] Stealth Rock
|turn|16
|
|t:|1769355554
|move|p1a: Dragonite|Roost|p1a: Dragonite
|-heal|p1a: Dragonite|100/100
|move|p2a: Kingambit|Iron Head|p1a: Dragonite
|-supereffective|p1a: Dragonite
|-damage|p1a: Dragonite|48/100
|
|-heal|p1a: Dragonite|54/100|[from] item: Leftovers
|upkeep
|turn|17
|
|t:|1769355558
|move|p1a: Dragonite|Roost|p1a: Dragonite
|-heal|p1a: Dragonite|100/100
|move|p2a: Kingambit|Iron Head|p1a: Dragonite
|-supereffective|p1a: Dragonite
|-damage|p1a: Dragonite|45/100
|
|-heal|p1a: Dragonite|51/100|[from] item: Leftovers
|upkeep
|turn|18
|-message|ohlookarock3 forfeited.
|
|win|sheepbunny1008
|raw|ohlookarock3's rating: 1649 &rarr; <strong>1625</strong><br />(-24 for losing)
|raw|sheepbunny1008's rating: 1582 &rarr; <strong>1606</strong><br />(+24 for winning)
|l|☆ohlookarock3
|player|p1|
