|j|☆frankoviking
|j|☆KenjiShiguma
|t:|1769357017
|gametype|singles
|player|p1|frankoviking|brock|1166
|player|p2|KenjiShiguma|pokemonbreeder-gen4|1101
|gen|9
|tier|[Gen 9] OU
|rated|
|rule|HP Percentage Mod: HP is shown in percentages
|rule|Endless Battle Clause: Forcing endless battles is banned
|rule|Species Clause: Limit one of each Pokémon
|rule|OHKO Clause: OHKO moves are banned
|rule|Evasion Items Clause: Evasion items are banned
|rule|Evasion Moves Clause: Evasion moves are banned
|rule|Evasion Abilities Clause: Evasion abilities are banned
|rule|Sleep Moves Clause: Sleep-inducing moves are banned
|clearpoke
|poke|p1|Scizor, F|
|poke|p1|Great Tusk|
|poke|p1|Heatran, F|
|poke|p1|Ogerpon-Wellspring, F|
|poke|p1|Ceruledge, M|
|poke|p1|Tornadus-Therian, M|
|poke|p2|Ambipom, M|
|poke|p2|Greedent, F|
|poke|p2|Dusknoir, M|
|poke|p2|Mismagius, M|
|poke|p2|Lucario, F|
|poke|p2|Forretress, F|
|teampreview
|inactive|Battle timer is ON: inactive players will automatically lose when time's up. (requested by frankoviking)
|
|t:|1769357028
|teamsize|p1|6
|teamsize|p2|6
|start
|switch|p1a: Heatran|Heatran, F|100/100
|switch|p2a: Ambipom|Ambipom, M|100/100
|turn|1
|
|t:|1769357042
|switch|p2a: Dusknoir|Dusknoir, M|100/100
|-ability|p2a: Dusknoir|Pressure
|switch|p1a: Great Tusk|Great Tusk|100/100
|
|upkeep
|turn|2
|
|t:|1769357049
|move|p1a: Great Tusk|Knock Off|p2a: Dusknoir
|-supereffective|p2a: Dusknoir
|-damage|p2a: Dusknoir|51/100
|-enditem|p2a: Dusknoir|Zoom Lens|[from] move: Knock Off|[of] p1a: Great Tusk
|move|p2a: Dusknoir|Will-O-Wisp|p1a: Great Tusk
|-status|p1a: Great Tusk|brn
|
|-damage|p1a: Great Tusk|94/100 brn|[from] brn
|upkeep
|turn|3
|
|t:|1769357069
|move|p1a: Great Tusk|Earthquake|p2a: Dusknoir
|-damage|p2a: Dusknoir|34/100
|move|p2a: Dusknoir|Pain Split|p1a: Great Tusk
|-sethp|p1a: Great Tusk|56/100 brn|[from] move: Pain Split|[silent]
|-sethp|p2a: Dusknoir|100/100|[from] move: Pain Split
|
|-heal|p1a: Great Tusk|62/100 brn|[from] item: Leftovers
|-damage|p1a: Great Tusk|56/100 brn|[from] brn
|upkeep
|turn|4
|
|t:|1769357079
|-end|p1a: Great Tusk|Protosynthesis|[silent]
|switch|p1a: Heatran|Heatran, F|100/100
|move|p2a: Dusknoir|Bind|p1a: Heatran
|-resisted|p1a: Heatran
|-damage|p1a: Heatran|99/100
|-activate|p1a: Heatran|move: Bind|[of] p2a: Dusknoir
|
|-heal|p1a: Heatran|100/100|[from] item: Leftovers
|-damage|p1a: Heatran|88/100|[from] move: Bind|[partiallytrapped]
|upkeep
|turn|5
|
|t:|1769357090
|move|p1a: Heatran|Magma Storm|p2a: Dusknoir
|-damage|p2a: Dusknoir|60/100
|-activate|p2a: Dusknoir|move: Magma Storm|[of] p1a: Heatran
|move|p2a: Dusknoir|Night Shade|p1a: Heatran
|-damage|p1a: Heatran|62/100
|
|-heal|p1a: Heatran|68/100|[from] item: Leftovers
|-damage|p1a: Heatran|56/100|[from] move: Bind|[partiallytrapped]
|-damage|p2a: Dusknoir|47/100|[from] move: Magma Storm|[partiallytrapped]
|upkeep
|turn|6
|
|t:|1769357101
|move|p1a: Heatran|Will-O-Wisp|p2a: Dusknoir
|-status|p2a: Dusknoir|brn
|move|p2a: Dusknoir|Pain Split|p1a: Heatran
|-sethp|p1a: Heatran|42/100|[from] move: Pain Split|[silent]
|-sethp|p2a: Dusknoir|70/100 brn|[from] move: Pain Split
|
|-heal|p1a: Heatran|48/100|[from] item: Leftovers
|-damage|p2a: Dusknoir|64/100 brn|[from] brn
|-damage|p1a: Heatran|36/100|[from] move: Bind|[partiallytrapped]
|-damage|p2a: Dusknoir|51/100 brn|[from] move: Magma Storm|[partiallytrapped]
|upkeep
|turn|7
|
|t:|1769357113
|move|p1a: Heatran|Magma Storm|p2a: Dusknoir
|-damage|p2a: Dusknoir|9/100 brn
|move|p2a: Dusknoir|Night Shade|p1a: Heatran
|-damage|p1a: Heatran|10/100
|
|-heal|p1a: Heatran|16/100|[from] item: Leftovers
|-damage|p2a: Dusknoir|3/100 brn|[from] brn
|-damage|p1a: Heatran|4/100|[from] move: Bind|[partiallytrapped]
|-damage|p2a: Dusknoir|0 fnt|[from] move: Magma Storm|[partiallytrapped]
|faint|p2a: Dusknoir
|upkeep
|
|t:|1769357128
|switch|p2a: Mismagius|Mismagius, M|100/100
|turn|8
|
|t:|1769357135
|move|p2a: Mismagius|Shadow Ball|p1a: Heatran
|-damage|p1a: Heatran|0 fnt
|faint|p1a: Heatran
|
|upkeep
|
|t:|1769357145
|switch|p1a: Scizor|Scizor, F|100/100
|turn|9
|
|t:|1769357148
|move|p2a: Mismagius|Mystical Fire|p1a: Scizor
|-supereffective|p1a: Scizor
|-damage|p1a: Scizor|0 fnt
|faint|p1a: Scizor
|
|upkeep
|
|t:|1769357151
|switch|p1a: Ogerpon|Ogerpon-Wellspring, F|100/100
|turn|10
|
|t:|1769357162
|switch|p2a: Forretress|Forretress, F|100/100
|move|p1a: Ogerpon|Swords Dance|p1a: Ogerpon
|-boost|p1a: Ogerpon|atk|2
|
|upkeep
|turn|11
|
|t:|1769357168
|move|p1a: Ogerpon|Ivy Cudgel|p2a: Forretress|[anim] Ivy Cudgel Water
|-crit|p2a: Forretress
|-ability|p2a: Forretress|Sturdy
|-damage|p2a: Forretress|1/100
|move|p2a: Forretress|Thunder Wave|p1a: Ogerpon
|-status|p1a: Ogerpon|par
|
|upkeep
|turn|12
|
|t:|1769357178
|move|p1a: Ogerpon|Ivy Cudgel|p2a: Forretress|[anim] Ivy Cudgel Water
|-damage|p2a: Forretress|0 fnt
|faint|p2a: Forretress
|
|upkeep
|
|t:|1769357184
|switch|p2a: Ambipom|Ambipom, M|100/100
|turn|13
|
|t:|1769357189
|move|p2a: Ambipom|Fake Out|p1a: Ogerpon
|-damage|p1a: Ogerpon|57/100 par
|cant|p1a: Ogerpon|flinch
|
|upkeep
|turn|14
|
|t:|1769357194
|move|p2a: Ambipom|Last Resort|p1a: Ogerpon
|-damage|p1a: Ogerpon|0 fnt
|faint|p1a: Ogerpon
|
|upkeep
|
|t:|1769357199
|switch|p1a: Ceruledge|Ceruledge, M|100/100
|turn|15
|
|t:|1769357225
|switch|p2a: Greedent|Greedent, F|100/100
|move|p1a: Ceruledge|Swords Dance|p1a: Ceruledge
|-boost|p1a: Ceruledge|atk|2
|
|upkeep
|turn|16
|
|t:|1769357232
|move|p1a: Ceruledge|Close Combat|p2a: Greedent
|-supereffective|p2a: Greedent
|-damage|p2a: Greedent|0 fnt
|-unboost|p1a: Ceruledge|def|1
|-unboost|p1a: Ceruledge|spd|1
|faint|p2a: Greedent
|
|upkeep
|
|t:|1769357242
|switch|p2a: Lucario|Lucario, F|100/100
|turn|17
|
|t:|1769357246
|switch|p1a: Great Tusk|Great Tusk|56/100 brn
|move|p2a: Lucario|Dark Pulse|p1a: Great Tusk
|-resisted|p1a: Great Tusk
|-damage|p1a: Great Tusk|30/100 brn
|
|-heal|p1a: Great Tusk|37/100 brn|[from] item: Leftovers
|-damage|p1a: Great Tusk|30/100 brn|[from] brn
|upkeep
|turn|18
|
|t:|1769357256
|switch|p2a: Mismagius|Mismagius, M|100/100
|move|p1a: Great Tusk|Earthquake|p2a: Mismagius
|-immune|p2a: Mismagius|[from] ability: Levitate
|
|-heal|p1a: Great Tusk|37/100 brn|[from] item: Leftovers
|-damage|p1a: Great Tusk|30/100 brn|[from] brn
|upkeep
|turn|19
|
|t:|1769357265
|move|p2a: Mismagius|Shadow Ball|p1a: Great Tusk
|-damage|p1a: Great Tusk|0 fnt
|faint|p1a: Great Tusk
|-end|p1a: Great Tusk|Protosynthesis|[silent]
|
|upkeep
|
|t:|1769357268
|switch|p1a: Tornadus|Tornadus-Therian, M|100/100
|turn|20
|
|t:|1769357272
|move|p1a: Tornadus|Air Slash|p2a: Mismagius
|-damage|p2a: Mismagius|60/100
|cant|p2a: Mismagius|flinch
|
|upkeep
|turn|21
|
|t:|1769357278
|move|p1a: Tornadus|Air Slash|p2a: Mismagius
|-damage|p2a: Mismagius|14/100
|move|p2a: Mismagius|Thunderbolt|p1a: Tornadus
|-supereffective|p1a: Tornadus
|-damage|p1a: Tornadus|35/100
|
|upkeep
|turn|22
|
|t:|1769357286
|move|p1a: Tornadus|Air Slash|p2a: Mismagius
|-damage|p2a: Mismagius|0 fnt
|faint|p2a: Mismagius
|
|upkeep
|
|t:|1769357291
|switch|p2a: Lucario|Lucario, F|100/100
|turn|23
|
|t:|1769357299
|move|p1a: Tornadus|Air Slash|p2a: Lucario
|-damage|p2a: Lucario|9/100
|move|p2a: Lucario|Dark Pulse|p1a: Tornadus
|-damage|p1a: Tornadus|0 fnt
|faint|p1a: Tornadus
|
|upkeep
|
|t:|1769357303
|switch|p1a: Ceruledge|Ceruledge, M|100/100
|turn|24
|
|t:|1769357308
|-terastallize|p2a: Lucario|Fighting
|move|p1a: Ceruledge|Shadow Sneak|p2a: Lucario
|-damage|p2a: Lucario|0 fnt
|faint|p2a: Lucario
|
|upkeep
|-message|KenjiShiguma forfeited.
|
|win|frankoviking
|raw|frankoviking's rating: 1166 &rarr; <strong>1186</strong><br />(+20 for winning)
|raw|KenjiShiguma's rating: 1101 &rarr; <strong>1081</strong><br />(-20 for losing)
|l|☆KenjiShiguma
|player|p2|
|l|☆frankoviking
|player|p1|
|j| iliketobehome
|l| iliketobehome
