|j|☆omegaruby35
|j|☆Professor Day2X
|t:|1769441831
|gametype|singles
|player|p1|omegaruby35|ltsurge|1130
|player|p2|Professor Day2X|backpacker|1159
|gen|9
|tier|[Gen 9] OU
|rated|
|rule|HP Percentage Mod: HP is shown in percentages
|rule|Endless Battle Clause: Forcing endless battles is banned
|rule|Species Clause: Limit one of each Pokémon
|rule|OHKO Clause: OHKO moves are banned
|rule|Evasion Items Clause: Evasion items are banned
|rule|Evasion Moves Clause: Evasion moves are banned
|rule|Evasion Abilities Clause: Evasion abilities are banned
|rule|Sleep Moves Clause: Sleep-inducing moves are banned
|clearpoke
|poke|p1|Okidogi, M|
|poke|p1|Hatterene, F|
|poke|p1|Ogerpon-Wellspring, F|
|poke|p1|Alomomola, F|
|poke|p1|Rillaboom, M|
|poke|p1|Heatran, M|
|poke|p2|Clawitzer, F|
|poke|p2|Galvantula, F|
|poke|p2|Chesnaught, F|
|poke|p2|Talonflame, M|
|poke|p2|Garchomp, F|
|poke|p2|Bisharp, F|
|teampreview
|inactive|Battle timer is ON: inactive players will automatically lose when time's up. (requested by Professor Day2X)
|inactive|omegaruby35 has 120 seconds left.
|
|t:|1769441882
|teamsize|p1|6
|teamsize|p2|6
|start
|switch|p1a: Hatterene|Hatterene, F|100/100
|switch|p2a: Galvantula|Galvantula, F|100/100
|turn|1
|
|t:|1769441891
|switch|p2a: Bisharp|Bisharp, F|100/100
|move|p1a: Hatterene|Mystical Fire|p2a: Bisharp
|-supereffective|p2a: Bisharp
|-damage|p2a: Bisharp|51/100
|-unboost|p2a: Bisharp|spa|1
|-ability|p2a: Bisharp|Defiant|boost
|-boost|p2a: Bisharp|atk|2
|
|upkeep
|turn|2
|
|t:|1769441904
|switch|p1a: Alomomola|Alomomola, F|100/100
|move|p2a: Bisharp|Iron Head|p1a: Alomomola
|-resisted|p1a: Alomomola
|-damage|p1a: Alomomola|78/100
|
|upkeep
|turn|3
|
|t:|1769441911
|move|p2a: Bisharp|Sucker Punch|p1a: Alomomola
|-damage|p1a: Alomomola|34/100
|move|p1a: Alomomola|Flip Turn|p2a: Bisharp
|-damage|p2a: Bisharp|39/100
|
|t:|1769441914
|switch|p1a: Okidogi|Okidogi, M|100/100|[from] Flip Turn
|
|upkeep
|turn|4
|
|t:|1769441921
|move|p1a: Okidogi|Close Combat|p2a: Bisharp
|-supereffective|p2a: Bisharp
|-damage|p2a: Bisharp|0 fnt
|-unboost|p1a: Okidogi|def|1
|-unboost|p1a: Okidogi|spd|1
|faint|p2a: Bisharp
|
|upkeep
|
|t:|1769441926
|switch|p2a: Galvantula|Galvantula, F|100/100
|turn|5
|
|t:|1769441929
|switch|p1a: Hatterene|Hatterene, F|100/100
|move|p2a: Galvantula|Infestation|p1a: Hatterene
|-damage|p1a: Hatterene|95/100
|-activate|p1a: Hatterene|move: Infestation|[of] p2a: Galvantula
|
|-damage|p1a: Hatterene|82/100|[from] move: Infestation|[partiallytrapped]
|upkeep
|turn|6
|
|t:|1769441941
|move|p2a: Galvantula|Bug Buzz|p1a: Hatterene
|-damage|p1a: Hatterene|57/100
|move|p1a: Hatterene|Mystical Fire|p2a: Galvantula
|-supereffective|p2a: Galvantula
|-enditem|p2a: Galvantula|Focus Sash
|-damage|p2a: Galvantula|1/100
|-unboost|p2a: Galvantula|spa|1
|
|-damage|p1a: Hatterene|45/100|[from] move: Infestation|[partiallytrapped]
|upkeep
|turn|7
|
|t:|1769441962
|switch|p2a: Clawitzer|Clawitzer, F|100/100
|move|p1a: Hatterene|Draining Kiss|p2a: Clawitzer
|-damage|p2a: Clawitzer|82/100
|-heal|p1a: Hatterene|60/100|[from] drain|[of] p2a: Clawitzer
|
|-end|p1a: Hatterene|Infestation|[partiallytrapped]|[silent]
|upkeep
|turn|8
|
|t:|1769441969
|switch|p1a: Rillaboom|Rillaboom, M|100/100
|-fieldstart|move: Grassy Terrain|[from] ability: Grassy Surge|[of] p1a: Rillaboom
|move|p2a: Clawitzer|Water Pulse|p1a: Rillaboom
|-resisted|p1a: Rillaboom
|-damage|p1a: Rillaboom|71/100
|
|-heal|p1a: Rillaboom|77/100|[from] Grassy Terrain
|-heal|p2a: Clawitzer|88/100|[from] Grassy Terrain
|upkeep
|turn|9
|
|t:|1769441973
|switch|p2a: Chesnaught|Chesnaught, F|100/100
|move|p1a: Rillaboom|U-turn|p2a: Chesnaught
|-damage|p2a: Chesnaught|86/100
|
|t:|1769441975
|switch|p1a: Okidogi|Okidogi, M|100/100|[from] U-turn
|
|-heal|p2a: Chesnaught|92/100|[from] Grassy Terrain
|-heal|p2a: Chesnaught|98/100|[from] item: Leftovers
|upkeep
|turn|10
|
|t:|1769441987
|move|p2a: Chesnaught|Spiky Shield|p2a: Chesnaught
|-singleturn|p2a: Chesnaught|move: Protect
|move|p1a: Okidogi|Gunk Shot|p2a: Chesnaught
|-activate|p2a: Chesnaught|move: Protect
|
|-heal|p2a: Chesnaught|100/100|[from] Grassy Terrain
|upkeep
|turn|11
|
|t:|1769441998
|switch|p2a: Garchomp|Garchomp, F|100/100
|move|p1a: Okidogi|Gunk Shot|p2a: Garchomp
|-resisted|p2a: Garchomp
|-damage|p2a: Garchomp|54/100
|-status|p2a: Garchomp|tox|[from] ability: Toxic Chain|[of] p1a: Okidogi
|
|-heal|p2a: Garchomp|60/100 tox|[from] Grassy Terrain
|-damage|p2a: Garchomp|54/100 tox|[from] psn
|upkeep
|turn|12
|inactive|omegaruby35 has 120 seconds left.
|inactive|omegaruby35 has 90 seconds left.
|inactive|omegaruby35 has 60 seconds left.
|
|t:|1769442091
|switch|p1a: Ogerpon|Ogerpon-Wellspring, F|100/100
|move|p2a: Garchomp|Earthquake|p1a: Ogerpon
|-resisted|p1a: Ogerpon
|-damage|p1a: Ogerpon|85/100
|
|-heal|p1a: Ogerpon|91/100|[from] Grassy Terrain
|-heal|p2a: Garchomp|60/100 tox|[from] Grassy Terrain
|-damage|p2a: Garchomp|47/100 tox|[from] psn
|upkeep
|turn|13
|inactive|omegaruby35 has 60 seconds left.
|
|t:|1769442104
|switch|p2a: Chesnaught|Chesnaught, F|100/100
|move|p1a: Ogerpon|Play Rough|p2a: Chesnaught
|-supereffective|p2a: Chesnaught
|-damage|p2a: Chesnaught|63/100
|
|-heal|p1a: Ogerpon|97/100|[from] Grassy Terrain
|-heal|p2a: Chesnaught|69/100|[from] Grassy Terrain
|-heal|p2a: Chesnaught|75/100|[from] item: Leftovers
|upkeep
|turn|14
|inactive|Professor Day2X has 120 seconds left.
|
|t:|1769442146
|switch|p1a: Okidogi|Okidogi, M|100/100
|move|p2a: Chesnaught|Curse|p2a: Chesnaught
|-unboost|p2a: Chesnaught|spe|1
|-boost|p2a: Chesnaught|atk|1
|-boost|p2a: Chesnaught|def|1
|
|-heal|p2a: Chesnaught|81/100|[from] Grassy Terrain
|-heal|p2a: Chesnaught|87/100|[from] item: Leftovers
|upkeep
|turn|15
|inactive|omegaruby35 has 60 seconds left.
|
|t:|1769442176
|move|p1a: Okidogi|Gunk Shot|p2a: Chesnaught
|-supereffective|p2a: Chesnaught
|-damage|p2a: Chesnaught|6/100
|-status|p2a: Chesnaught|tox|[from] ability: Toxic Chain|[of] p1a: Okidogi
|move|p2a: Chesnaught|Knock Off|p1a: Okidogi
|-resisted|p1a: Okidogi
|-damage|p1a: Okidogi|85/100
|-enditem|p1a: Okidogi|Choice Band|[from] move: Knock Off|[of] p2a: Chesnaught
|
|-heal|p1a: Okidogi|91/100|[from] Grassy Terrain
|-heal|p2a: Chesnaught|12/100 tox|[from] Grassy Terrain
|-heal|p2a: Chesnaught|18/100 tox|[from] item: Leftovers
|-damage|p2a: Chesnaught|12/100 tox|[from] psn
|-fieldend|move: Grassy Terrain
|upkeep
|turn|16
|inactive|omegaruby35 has 60 seconds left.
|inactive|Professor Day2X has 90 seconds left.
|
|t:|1769442200
|switch|p2a: Galvantula|Galvantula, F|1/100
|move|p1a: Okidogi|Ice Punch|p2a: Galvantula
|-damage|p2a: Galvantula|0 fnt
|faint|p2a: Galvantula
|
|upkeep
|inactive|Professor Day2X has 90 seconds left.
|
|t:|1769442206
|switch|p2a: Garchomp|Garchomp, F|47/100 tox
|turn|17
|
|t:|1769442210
|switch|p1a: Rillaboom|Rillaboom, M|77/100
|-fieldstart|move: Grassy Terrain|[from] ability: Grassy Surge|[of] p1a: Rillaboom
|move|p2a: Garchomp|Dragon Claw|p1a: Rillaboom
|-damage|p1a: Rillaboom|44/100
|
|-heal|p2a: Garchomp|54/100 tox|[from] Grassy Terrain
|-heal|p1a: Rillaboom|50/100|[from] Grassy Terrain
|-damage|p2a: Garchomp|47/100 tox|[from] psn
|upkeep
|turn|18
|
|t:|1769442219
|move|p2a: Garchomp|Dragon Claw|p1a: Rillaboom
|-damage|p1a: Rillaboom|16/100
|move|p1a: Rillaboom|U-turn|p2a: Garchomp
|-damage|p2a: Garchomp|24/100 tox
|-damage|p1a: Rillaboom|3/100|[from] ability: Rough Skin|[of] p2a: Garchomp
|-damage|p1a: Rillaboom|0 fnt|[from] item: Rocky Helmet|[of] p2a: Garchomp
|faint|p1a: Rillaboom
|
|-heal|p2a: Garchomp|30/100 tox|[from] Grassy Terrain
|-damage|p2a: Garchomp|18/100 tox|[from] psn
|upkeep
|
|t:|1769442224
|switch|p1a: Ogerpon|Ogerpon-Wellspring, F|97/100
|turn|19
|inactive|omegaruby35 has 90 seconds left.
|
|t:|1769442234
|move|p1a: Ogerpon|Ivy Cudgel|p2a: Garchomp|[anim] Ivy Cudgel Water
|-damage|p2a: Garchomp|0 fnt
|faint|p2a: Garchomp
|
|-heal|p1a: Ogerpon|100/100|[from] Grassy Terrain
|upkeep
|inactive|Professor Day2X has 90 seconds left.
|
|t:|1769442271
|switch|p2a: Clawitzer|Clawitzer, F|88/100
|turn|20
|inactive|omegaruby35 has 90 seconds left.
|inactive|omegaruby35 has 60 seconds left.
|
|t:|1769442325
|-terastallize|p2a: Clawitzer|Dragon
|move|p1a: Ogerpon|Power Whip|p2a: Clawitzer
|-resisted|p2a: Clawitzer
|-damage|p2a: Clawitzer|34/100
|move|p2a: Clawitzer|Dragon Pulse|p1a: Ogerpon
|-damage|p1a: Ogerpon|13/100
|
|-heal|p1a: Ogerpon|19/100|[from] Grassy Terrain
|-heal|p2a: Clawitzer|40/100|[from] Grassy Terrain
|upkeep
|turn|21
|
|t:|1769442335
|switch|p2a: Talonflame|Talonflame, M|100/100
|move|p1a: Ogerpon|Play Rough|p2a: Talonflame
|-resisted|p2a: Talonflame
|-damage|p2a: Talonflame|73/100
|-damage|p1a: Ogerpon|2/100|[from] item: Rocky Helmet|[of] p2a: Talonflame
|-status|p1a: Ogerpon|brn|[from] ability: Flame Body|[of] p2a: Talonflame
|
|-heal|p1a: Ogerpon|8/100 brn|[from] Grassy Terrain
|-damage|p1a: Ogerpon|2/100 brn|[from] brn
|upkeep
|turn|22
|inactive|Professor Day2X has 90 seconds left.
|
|t:|1769442361
|move|p2a: Talonflame|Overheat|p1a: Ogerpon
|-damage|p1a: Ogerpon|0 fnt
|-unboost|p2a: Talonflame|spa|2
|faint|p1a: Ogerpon
|
|upkeep
|
|t:|1769442375
|switch|p1a: Okidogi|Okidogi, M|91/100
|turn|23
|inactive|Professor Day2X has 90 seconds left.
|
|t:|1769442387
|-terastallize|p1a: Okidogi|Dark
|move|p2a: Talonflame|Will-O-Wisp|p1a: Okidogi|[miss]
|-miss|p2a: Talonflame|p1a: Okidogi
|move|p1a: Okidogi|Gunk Shot|p2a: Talonflame
|-damage|p2a: Talonflame|0 fnt
|faint|p2a: Talonflame
|
|-heal|p1a: Okidogi|97/100|[from] Grassy Terrain
|upkeep
|
|t:|1769442391
|switch|p2a: Clawitzer|Clawitzer, F, tera:Dragon|40/100
|turn|24
|
|t:|1769442400
|switch|p1a: Hatterene|Hatterene, F|60/100
|move|p2a: Clawitzer|Dragon Pulse|p1a: Hatterene
|-immune|p1a: Hatterene
|
|-heal|p2a: Clawitzer|46/100|[from] Grassy Terrain
|-heal|p1a: Hatterene|66/100|[from] Grassy Terrain
|-fieldend|move: Grassy Terrain
|upkeep
|turn|25
|inactive|omegaruby35 has 90 seconds left.
|
|t:|1769442406
|move|p2a: Clawitzer|Water Pulse|p1a: Hatterene
|-crit|p1a: Hatterene
|-damage|p1a: Hatterene|19/100
|-start|p1a: Hatterene|confusion
|-activate|p1a: Hatterene|confusion
|move|p1a: Hatterene|Psyshock|p2a: Clawitzer
|-damage|p2a: Clawitzer|0 fnt
|faint|p2a: Clawitzer
|
|upkeep
|
|t:|1769442409
|switch|p2a: Chesnaught|Chesnaught, F|12/100 tox
|turn|26
|
|t:|1769442415
|move|p2a: Chesnaught|Knock Off|p1a: Hatterene
|-damage|p1a: Hatterene|0 fnt
|-enditem|p1a: Hatterene|Assault Vest|[from] move: Knock Off|[of] p2a: Chesnaught
|faint|p1a: Hatterene
|
|-heal|p2a: Chesnaught|18/100 tox|[from] item: Leftovers
|-damage|p2a: Chesnaught|12/100 tox|[from] psn
|upkeep
|
|t:|1769442420
|switch|p1a: Heatran|Heatran, M, shiny|100/100
|turn|27
|
|t:|1769442422
|move|p1a: Heatran|Earth Power|p2a: Chesnaught
|-resisted|p2a: Chesnaught
|-damage|p2a: Chesnaught|0 fnt
|faint|p2a: Chesnaught
|
|win|omegaruby35
|raw|omegaruby35's rating: 1130 &rarr; <strong>1157</strong><br />(+27 for winning)
|raw|Professor Day2X's rating: 1159 &rarr; <strong>1132</strong><br />(-27 for losing)
|l|☆Professor Day2X
|player|p2|
|l|☆omegaruby35
|player|p1|
