|j|☆1colour
|j|☆Pyrax69
|t:|1769377306
|gametype|singles
|player|p1|1colour|parasollady|1612
|player|p2|Pyrax69|102|1582
|gen|9
|tier|[Gen 9] OU
|rated|
|rule|HP Percentage Mod: HP is shown in percentages
|rule|Endless Battle Clause: Forcing endless battles is banned
|rule|Species Clause: Limit one of each Pokémon
|rule|OHKO Clause: OHKO moves are banned
|rule|Evasion Items Clause: Evasion items are banned
|rule|Evasion Moves Clause: Evasion moves are banned
|rule|Evasion Abilities Clause: Evasion abilities are banned
|rule|Sleep Moves Clause: Sleep-inducing moves are banned
|clearpoke
|poke|p1|Tornadus-Therian, M|
|poke|p1|Gholdengo|
|poke|p1|Deoxys-Defense|
|poke|p1|Enamorus, F|
|poke|p1|Zamazenta-*|
|poke|p1|Cinderace, F|
|poke|p2|Raging Bolt|
|poke|p2|Great Tusk|
|poke|p2|Darkrai|
|poke|p2|Iron Crown|
|poke|p2|Volcanion|
|poke|p2|Iron Valiant|
|teampreview
|inactive|Battle timer is ON: inactive players will automatically lose when time's up. (requested by Pyrax69)
|
|t:|1769377336
|teamsize|p1|6
|teamsize|p2|6
|start
|switch|p1a: Deoxys|Deoxys-Defense|100/100
|switch|p2a: Volcanion|Volcanion|100/100
|-ability|p1a: Deoxys|Pressure
|turn|1
|
|t:|1769377343
|move|p2a: Volcanion|Steam Eruption|p1a: Deoxys
|-damage|p1a: Deoxys|45/100
|-status|p1a: Deoxys|brn
|move|p1a: Deoxys|Spikes|p2a: Volcanion
|-sidestart|p2: Pyrax69|Spikes
|
|-damage|p1a: Deoxys|39/100 brn|[from] brn
|upkeep
|turn|2
|
|t:|1769377353
|move|p2a: Volcanion|Steam Eruption|p1a: Deoxys
|-damage|p1a: Deoxys|0 fnt
|faint|p1a: Deoxys
|
|upkeep
|j| riyuezi
|inactive|1colour has 120 seconds left.
|
|t:|1769377385
|switch|p1a: Tornadus|Tornadus-Therian, M|100/100
|turn|3
|
|t:|1769377388
|move|p1a: Tornadus|Knock Off|p2a: Volcanion
|-damage|p2a: Volcanion|81/100
|-enditem|p2a: Volcanion|Choice Specs|[from] move: Knock Off|[of] p1a: Tornadus
|move|p2a: Volcanion|Steam Eruption|p1a: Tornadus
|-damage|p1a: Tornadus|30/100
|
|upkeep
|turn|4
|
|t:|1769377397
|switch|p2a: Great Tusk|Great Tusk|100/100
|-damage|p2a: Great Tusk|88/100|[from] Spikes
|move|p1a: Tornadus|Bleakwind Storm|p2a: Great Tusk|[miss]
|-miss|p1a: Tornadus|p2a: Great Tusk
|
|upkeep
|turn|5
|
|t:|1769377406
|move|p1a: Tornadus|Bleakwind Storm|p2a: Great Tusk
|-supereffective|p2a: Great Tusk
|-damage|p2a: Great Tusk|0 fnt
|faint|p2a: Great Tusk
|-end|p2a: Great Tusk|Protosynthesis|[silent]
|
|upkeep
|
|t:|1769377415
|switch|p2a: Darkrai|Darkrai|100/100
|turn|6
|l| riyuezi
|
|t:|1769377430
|switch|p1a: Zamazenta|Zamazenta, shiny|100/100
|-ability|p1a: Zamazenta|Dauntless Shield|boost
|-boost|p1a: Zamazenta|def|1
|move|p2a: Darkrai|Dark Pulse|p1a: Zamazenta
|-resisted|p1a: Zamazenta
|-damage|p1a: Zamazenta|79/100
|
|-heal|p1a: Zamazenta|85/100|[from] item: Leftovers
|upkeep
|turn|7
|
|t:|1769377441
|switch|p2a: Volcanion|Volcanion|81/100
|-damage|p2a: Volcanion|69/100|[from] Spikes
|move|p1a: Zamazenta|Body Press|p2a: Volcanion
|-damage|p2a: Volcanion|25/100
|
|-heal|p1a: Zamazenta|92/100|[from] item: Leftovers
|upkeep
|turn|8
|
|t:|1769377450
|move|p1a: Zamazenta|Body Press|p2a: Volcanion
|-damage|p2a: Volcanion|0 fnt
|faint|p2a: Volcanion
|
|-heal|p1a: Zamazenta|98/100|[from] item: Leftovers
|upkeep
|
|t:|1769377459
|switch|p2a: Iron Valiant|Iron Valiant|100/100
|-damage|p2a: Iron Valiant|88/100|[from] Spikes
|-enditem|p2a: Iron Valiant|Booster Energy
|-activate|p2a: Iron Valiant|ability: Quark Drive|[fromitem]
|-start|p2a: Iron Valiant|quarkdrivespe
|turn|9
|
|t:|1769377469
|-terastallize|p1a: Zamazenta|Poison
|move|p2a: Iron Valiant|Swords Dance|p2a: Iron Valiant
|-boost|p2a: Iron Valiant|atk|2
|move|p1a: Zamazenta|Heavy Slam|p2a: Iron Valiant
|-supereffective|p2a: Iron Valiant
|-damage|p2a: Iron Valiant|0 fnt
|faint|p2a: Iron Valiant
|-end|p2a: Iron Valiant|Quark Drive|[silent]
|
|-heal|p1a: Zamazenta|100/100|[from] item: Leftovers
|upkeep
|j| 12723 Dong
|
|t:|1769377482
|switch|p2a: Darkrai|Darkrai|100/100
|turn|10
|-message|Pyrax69 forfeited.
|
|win|1colour
|raw|1colour's rating: 1612 &rarr; <strong>1630</strong><br />(+18 for winning)
|raw|Pyrax69's rating: 1582 &rarr; <strong>1564</strong><br />(-18 for losing)
|l|☆1colour
|player|p1|
|l| 12723 Dong
