|j|☆Einarorn1
|j|☆KinnCrimson
|t:|1769352239
|gametype|singles
|player|p1|Einarorn1|1|1682
|player|p2|KinnCrimson|scientist|1648
|gen|9
|tier|[Gen 9] OU
|rated|
|rule|HP Percentage Mod: HP is shown in percentages
|rule|Endless Battle Clause: Forcing endless battles is banned
|rule|Species Clause: Limit one of each Pokémon
|rule|OHKO Clause: OHKO moves are banned
|rule|Evasion Items Clause: Evasion items are banned
|rule|Evasion Moves Clause: Evasion moves are banned
|rule|Evasion Abilities Clause: Evasion abilities are banned
|rule|Sleep Moves Clause: Sleep-inducing moves are banned
|clearpoke
|poke|p1|Garchomp, M|
|poke|p1|Iron Valiant|
|poke|p1|Tyranitar, F|
|poke|p1|Rotom-Wash|
|poke|p1|Pecharunt|
|poke|p1|Corviknight, F|
|poke|p2|Great Tusk|
|poke|p2|Sinistcha|
|poke|p2|Gholdengo|
|poke|p2|Tyranitar, M|
|poke|p2|Garchomp, M|
|poke|p2|Scizor, M|
|teampreview
|inactive|Battle timer is ON: inactive players will automatically lose when time's up. (requested by Einarorn1)
|
|t:|1769352276
|teamsize|p1|6
|teamsize|p2|6
|start
|switch|p1a: Tyranitar|Tyranitar, F|100/100
|switch|p2a: Great Tusk|Great Tusk|100/100
|-weather|Sandstorm|[from] ability: Sand Stream|[of] p1a: Tyranitar
|turn|1
|
|t:|1769352282
|switch|p1a: Rotom|Rotom-Wash|100/100
|move|p2a: Great Tusk|Earthquake|p1a: Rotom
|-immune|p1a: Rotom|[from] ability: Levitate
|
|-weather|Sandstorm|[upkeep]
|-damage|p1a: Rotom|94/100|[from] Sandstorm
|upkeep
|turn|2
|
|t:|1769352295
|-end|p2a: Great Tusk|Protosynthesis|[silent]
|switch|p2a: Sinistcha|Sinistcha|100/100
|move|p1a: Rotom|Hydro Pump|p2a: Sinistcha
|-resisted|p2a: Sinistcha
|-damage|p2a: Sinistcha|73/100
|
|-weather|Sandstorm|[upkeep]
|-damage|p1a: Rotom|88/100|[from] Sandstorm
|-damage|p2a: Sinistcha|67/100|[from] Sandstorm
|-heal|p2a: Sinistcha|73/100|[from] item: Leftovers
|upkeep
|turn|3
|
|t:|1769352301
|switch|p1a: Corviknight|Corviknight, F|100/100
|-ability|p1a: Corviknight|Pressure
|move|p2a: Sinistcha|Matcha Gotcha|p1a: Corviknight
|-resisted|p1a: Corviknight
|-damage|p1a: Corviknight|92/100
|-heal|p2a: Sinistcha|78/100|[from] drain|[of] p1a: Corviknight
|
|-weather|Sandstorm|[upkeep]
|-damage|p2a: Sinistcha|72/100|[from] Sandstorm
|-heal|p2a: Sinistcha|78/100|[from] item: Leftovers
|upkeep
|turn|4
|
|t:|1769352315
|switch|p2a: Garchomp|Garchomp, M|100/100
|move|p1a: Corviknight|Brave Bird|p2a: Garchomp
|-damage|p2a: Garchomp|80/100
|-damage|p1a: Corviknight|80/100|[from] ability: Rough Skin|[of] p2a: Garchomp
|-damage|p1a: Corviknight|63/100|[from] item: Rocky Helmet|[of] p2a: Garchomp
|-damage|p1a: Corviknight|56/100|[from] Recoil
|
|-weather|Sandstorm|[upkeep]
|upkeep
|turn|5
|
|t:|1769352320
|move|p2a: Garchomp|Spikes|p1a: Corviknight
|-sidestart|p1: Einarorn1|Spikes
|move|p1a: Corviknight|Roost|p1a: Corviknight
|-heal|p1a: Corviknight|100/100
|-singleturn|p1a: Corviknight|move: Roost
|
|-weather|none
|upkeep
|turn|6
|
|t:|1769352324
|switch|p2a: Gholdengo|Gholdengo|100/100
|move|p1a: Corviknight|Defog|p2a: Gholdengo
|-immune|p2a: Gholdengo|[from] ability: Good as Gold
|
|upkeep
|turn|7
|
|t:|1769352331
|move|p2a: Gholdengo|Nasty Plot|p2a: Gholdengo
|-boost|p2a: Gholdengo|spa|2
|move|p1a: Corviknight|U-turn|p2a: Gholdengo
|-resisted|p2a: Gholdengo
|-damage|p2a: Gholdengo|98/100
|
|t:|1769352348
|switch|p1a: Rotom|Rotom-Wash|88/100|[from] U-turn
|
|upkeep
|turn|8
|
|t:|1769352354
|move|p1a: Rotom|Volt Switch|p2a: Gholdengo
|-damage|p2a: Gholdengo|67/100
|
|t:|1769352357
|switch|p1a: Tyranitar|Tyranitar, F|100/100|[from] Volt Switch
|-damage|p1a: Tyranitar|88/100|[from] Spikes
|-weather|Sandstorm|[from] ability: Sand Stream|[of] p1a: Tyranitar
|move|p2a: Gholdengo|Shadow Ball|p1a: Tyranitar
|-resisted|p1a: Tyranitar
|-damage|p1a: Tyranitar|72/100
|
|-weather|Sandstorm|[upkeep]
|upkeep
|turn|9
|
|t:|1769352370
|switch|p1a: Rotom|Rotom-Wash|88/100
|move|p2a: Gholdengo|Make It Rain|p1a: Rotom
|-resisted|p1a: Rotom
|-damage|p1a: Rotom|54/100
|-unboost|p2a: Gholdengo|spa|1
|
|-weather|Sandstorm|[upkeep]
|-damage|p1a: Rotom|48/100|[from] Sandstorm
|upkeep
|turn|10
|
|t:|1769352380
|move|p1a: Rotom|Volt Switch|p2a: Gholdengo
|-damage|p2a: Gholdengo|34/100
|
|t:|1769352386
|switch|p1a: Pecharunt|Pecharunt|100/100|[from] Volt Switch
|move|p2a: Gholdengo|Recover|p2a: Gholdengo
|-heal|p2a: Gholdengo|84/100
|
|-weather|Sandstorm|[upkeep]
|-damage|p1a: Pecharunt|95/100|[from] Sandstorm
|upkeep
|turn|11
|
|t:|1769352411
|move|p1a: Pecharunt|Shadow Ball|p2a: Gholdengo
|-supereffective|p2a: Gholdengo
|-damage|p2a: Gholdengo|22/100
|move|p2a: Gholdengo|Shadow Ball|p1a: Pecharunt
|-supereffective|p1a: Pecharunt
|-damage|p1a: Pecharunt|0 fnt
|faint|p1a: Pecharunt
|
|-weather|Sandstorm|[upkeep]
|upkeep
|
|t:|1769352416
|switch|p1a: Rotom|Rotom-Wash|48/100
|turn|12
|
|t:|1769352432
|switch|p2a: Sinistcha|Sinistcha|78/100
|move|p1a: Rotom|Hydro Pump|p2a: Sinistcha
|-resisted|p2a: Sinistcha
|-damage|p2a: Sinistcha|49/100
|
|-weather|none
|-heal|p2a: Sinistcha|55/100|[from] item: Leftovers
|upkeep
|turn|13
|
|t:|1769352439
|switch|p1a: Garchomp|Garchomp, M|100/100
|-damage|p1a: Garchomp|88/100|[from] Spikes
|move|p2a: Sinistcha|Strength Sap|p1a: Garchomp
|-unboost|p1a: Garchomp|atk|1
|-heal|p2a: Sinistcha|100/100
|
|upkeep
|turn|14
|
|t:|1769352445
|switch|p2a: Great Tusk|Great Tusk|100/100
|move|p1a: Garchomp|Spikes|p2a: Great Tusk
|-sidestart|p2: KinnCrimson|Spikes
|
|upkeep
|turn|15
|
|t:|1769352451
|move|p2a: Great Tusk|Rapid Spin|p1a: Garchomp
|-damage|p1a: Garchomp|79/100
|-boost|p2a: Great Tusk|spe|1
|-damage|p2a: Great Tusk|88/100|[from] ability: Rough Skin|[of] p1a: Garchomp
|-damage|p2a: Great Tusk|71/100|[from] item: Rocky Helmet|[of] p1a: Garchomp
|-sideend|p2: KinnCrimson|Spikes|[from] move: Rapid Spin|[of] p2a: Great Tusk
|move|p1a: Garchomp|Stealth Rock|p2a: Great Tusk
|-sidestart|p2: KinnCrimson|move: Stealth Rock
|
|-heal|p2a: Great Tusk|78/100|[from] item: Leftovers
|upkeep
|turn|16
|
|t:|1769352458
|move|p2a: Great Tusk|Ice Spinner|p1a: Garchomp
|-supereffective|p1a: Garchomp
|-damage|p1a: Garchomp|20/100
|-damage|p2a: Great Tusk|65/100|[from] ability: Rough Skin|[of] p1a: Garchomp
|-damage|p2a: Great Tusk|49/100|[from] item: Rocky Helmet|[of] p1a: Garchomp
|move|p1a: Garchomp|Spikes|p2a: Great Tusk
|-sidestart|p2: KinnCrimson|Spikes
|
|-heal|p2a: Great Tusk|55/100|[from] item: Leftovers
|upkeep
|turn|17
|
|t:|1769352467
|-terastallize|p1a: Garchomp|Ghost
|move|p2a: Great Tusk|Rapid Spin|p1a: Garchomp
|-immune|p1a: Garchomp
|move|p1a: Garchomp|Dragon Tail|p2a: Great Tusk
|-damage|p2a: Great Tusk|45/100
|-end|p2a: Great Tusk|Protosynthesis|[silent]
|drag|p2a: Scizor|Scizor, M|100/100
|
|upkeep
|turn|18
|
|t:|1769352475
|switch|p1a: Corviknight|Corviknight, F|100/100
|-ability|p1a: Corviknight|Pressure
|move|p2a: Scizor|Bullet Punch|p1a: Corviknight
|-resisted|p1a: Corviknight
|-damage|p1a: Corviknight|91/100
|-damage|p2a: Scizor|84/100|[from] item: Rocky Helmet|[of] p1a: Corviknight
|
|upkeep
|turn|19
|inactive|Einarorn1 has 120 seconds left.
|inactive|KinnCrimson has 120 seconds left.
|
|t:|1769352528
|move|p2a: Scizor|Swords Dance|p2a: Scizor
|-boost|p2a: Scizor|atk|2
|move|p1a: Corviknight|U-turn|p2a: Scizor
|-resisted|p2a: Scizor
|-damage|p2a: Scizor|76/100
|
|t:|1769352536
|switch|p1a: Rotom|Rotom-Wash|48/100|[from] U-turn
|
|upkeep
|turn|20
|
|t:|1769352542
|move|p2a: Scizor|Bullet Punch|p1a: Rotom
|-resisted|p1a: Rotom
|-damage|p1a: Rotom|27/100
|move|p1a: Rotom|Hydro Pump|p2a: Scizor|[miss]
|-miss|p1a: Rotom|p2a: Scizor
|
|upkeep
|turn|21
|
|t:|1769352553
|move|p2a: Scizor|Bullet Punch|p1a: Rotom
|-resisted|p1a: Rotom
|-damage|p1a: Rotom|5/100
|move|p1a: Rotom|Hydro Pump|p2a: Scizor
|-damage|p2a: Scizor|4/100
|
|upkeep
|turn|22
|
|t:|1769352560
|switch|p1a: Corviknight|Corviknight, F|91/100
|-ability|p1a: Corviknight|Pressure
|move|p2a: Scizor|Bullet Punch|p1a: Corviknight
|-resisted|p1a: Corviknight
|-damage|p1a: Corviknight|72/100
|-damage|p2a: Scizor|0 fnt|[from] item: Rocky Helmet|[of] p1a: Corviknight
|faint|p2a: Scizor
|
|upkeep
|inactive|KinnCrimson has 120 seconds left.
|
|t:|1769352581
|switch|p2a: Tyranitar|Tyranitar, M|100/100
|-damage|p2a: Tyranitar|88/100|[from] Stealth Rock
|-damage|p2a: Tyranitar|76/100|[from] Spikes
|-weather|Sandstorm|[from] ability: Sand Stream|[of] p2a: Tyranitar
|turn|23
|
|t:|1769352587
|move|p1a: Corviknight|U-turn|p2a: Tyranitar
|-supereffective|p2a: Tyranitar
|-damage|p2a: Tyranitar|52/100
|
|t:|1769352597
|switch|p1a: Iron Valiant|Iron Valiant, shiny|100/100|[from] U-turn
|-damage|p1a: Iron Valiant|88/100|[from] Spikes
|-enditem|p1a: Iron Valiant|Booster Energy
|-activate|p1a: Iron Valiant|ability: Quark Drive|[fromitem]
|-start|p1a: Iron Valiant|quarkdrivespe
|move|p2a: Tyranitar|Stealth Rock|p1a: Iron Valiant
|-sidestart|p1: Einarorn1|move: Stealth Rock
|
|-weather|Sandstorm|[upkeep]
|-damage|p1a: Iron Valiant|82/100|[from] Sandstorm
|-heal|p2a: Tyranitar|58/100|[from] item: Leftovers
|upkeep
|turn|24
|
|t:|1769352613
|move|p1a: Iron Valiant|Swords Dance|p1a: Iron Valiant
|-boost|p1a: Iron Valiant|atk|2
|move|p2a: Tyranitar|Knock Off|p1a: Iron Valiant
|-resisted|p1a: Iron Valiant
|-damage|p1a: Iron Valiant|72/100
|
|-weather|Sandstorm|[upkeep]
|-damage|p1a: Iron Valiant|66/100|[from] Sandstorm
|-heal|p2a: Tyranitar|64/100|[from] item: Leftovers
|upkeep
|turn|25
|
|t:|1769352632
|move|p1a: Iron Valiant|Close Combat|p2a: Tyranitar
|-supereffective|p2a: Tyranitar
|-damage|p2a: Tyranitar|0 fnt
|-unboost|p1a: Iron Valiant|def|1
|-unboost|p1a: Iron Valiant|spd|1
|faint|p2a: Tyranitar
|
|-weather|Sandstorm|[upkeep]
|-damage|p1a: Iron Valiant|60/100|[from] Sandstorm
|upkeep
|inactive|KinnCrimson has 120 seconds left.
|
|t:|1769352660
|switch|p2a: Sinistcha|Sinistcha|100/100
|-damage|p2a: Sinistcha|88/100|[from] Stealth Rock
|-damage|p2a: Sinistcha|76/100|[from] Spikes
|turn|26
|
|t:|1769352665
|-terastallize|p2a: Sinistcha|Steel
|move|p1a: Iron Valiant|Knock Off|p2a: Sinistcha
|-damage|p2a: Sinistcha|28/100
|-enditem|p2a: Sinistcha|Leftovers|[from] move: Knock Off|[of] p1a: Iron Valiant
|move|p2a: Sinistcha|Matcha Gotcha|p1a: Iron Valiant
|-damage|p1a: Iron Valiant|0 fnt
|-heal|p2a: Sinistcha|53/100|[from] drain|[of] p1a: Iron Valiant
|faint|p1a: Iron Valiant
|-end|p1a: Iron Valiant|Quark Drive|[silent]
|
|-weather|Sandstorm|[upkeep]
|upkeep
|
|t:|1769352683
|switch|p1a: Corviknight|Corviknight, F|72/100
|-damage|p1a: Corviknight|59/100|[from] Stealth Rock
|-ability|p1a: Corviknight|Pressure
|turn|27
|
|t:|1769352693
|move|p2a: Sinistcha|Calm Mind|p2a: Sinistcha
|-boost|p2a: Sinistcha|spa|1
|-boost|p2a: Sinistcha|spd|1
|move|p1a: Corviknight|Defog|p2a: Sinistcha
|-unboost|p2a: Sinistcha|evasion|1
|-sideend|p2: KinnCrimson|Spikes|[from] move: Defog|[of] p1a: Corviknight
|-sideend|p2: KinnCrimson|Stealth Rock|[from] move: Defog|[of] p1a: Corviknight
|-sideend|p1: Einarorn1|Spikes|[from] move: Defog|[of] p1a: Corviknight
|-sideend|p1: Einarorn1|Stealth Rock|[from] move: Defog|[of] p1a: Corviknight
|
|-weather|none
|upkeep
|turn|28
|
|t:|1769352704
|move|p2a: Sinistcha|Strength Sap|p1a: Corviknight
|-unboost|p1a: Corviknight|atk|1
|-heal|p2a: Sinistcha|100/100
|move|p1a: Corviknight|U-turn|p2a: Sinistcha
|-resisted|p2a: Sinistcha
|-damage|p2a: Sinistcha|97/100
|
|t:|1769352716
|switch|p1a: Garchomp|Garchomp, M, tera:Ghost|20/100|[from] U-turn
|
|upkeep
|turn|29
|
|t:|1769352724
|move|p1a: Garchomp|Earthquake|p2a: Sinistcha
|-supereffective|p2a: Sinistcha
|-damage|p2a: Sinistcha|36/100
|move|p2a: Sinistcha|Strength Sap|p1a: Garchomp
|-unboost|p1a: Garchomp|atk|1
|-heal|p2a: Sinistcha|100/100
|
|upkeep
|turn|30
|
|t:|1769352736
|move|p2a: Sinistcha|Calm Mind|p2a: Sinistcha
|-boost|p2a: Sinistcha|spa|1
|-boost|p2a: Sinistcha|spd|1
|move|p1a: Garchomp|Dragon Tail|p2a: Sinistcha
|-resisted|p2a: Sinistcha
|-damage|p2a: Sinistcha|95/100
|drag|p2a: Great Tusk|Great Tusk|45/100
|
|-heal|p2a: Great Tusk|51/100|[from] item: Leftovers
|upkeep
|turn|31
|
|t:|1769352750
|switch|p1a: Corviknight|Corviknight, F|59/100
|-ability|p1a: Corviknight|Pressure
|move|p2a: Great Tusk|Earthquake|p1a: Corviknight
|-immune|p1a: Corviknight
|
|-heal|p2a: Great Tusk|57/100|[from] item: Leftovers
|upkeep
|turn|32
|
|t:|1769352758
|-end|p2a: Great Tusk|Protosynthesis|[silent]
|switch|p2a: Gholdengo|Gholdengo|22/100
|move|p1a: Corviknight|Brave Bird|p2a: Gholdengo
|-resisted|p2a: Gholdengo
|-damage|p2a: Gholdengo|5/100
|-damage|p1a: Corviknight|54/100|[from] Recoil
|
|upkeep
|turn|33
|
|t:|1769352764
|move|p2a: Gholdengo|Recover|p2a: Gholdengo
|-heal|p2a: Gholdengo|55/100
|move|p1a: Corviknight|U-turn|p2a: Gholdengo
|-resisted|p2a: Gholdengo
|-damage|p2a: Gholdengo|51/100
|
|t:|1769352770
|switch|p1a: Rotom|Rotom-Wash|5/100|[from] U-turn
|
|upkeep
|turn|34
|
|t:|1769352784
|switch|p2a: Sinistcha|Sinistcha, tera:Steel|95/100
|move|p1a: Rotom|Hydro Pump|p2a: Sinistcha
|-damage|p2a: Sinistcha|38/100
|
|upkeep
|turn|35
|
|t:|1769352790
|move|p1a: Rotom|Hydro Pump|p2a: Sinistcha
|-damage|p2a: Sinistcha|0 fnt
|faint|p2a: Sinistcha
|
|upkeep
|
|t:|1769352798
|switch|p2a: Great Tusk|Great Tusk|57/100
|turn|36
|
|t:|1769352803
|switch|p1a: Corviknight|Corviknight, F|54/100
|-ability|p1a: Corviknight|Pressure
|move|p2a: Great Tusk|Rapid Spin|p1a: Corviknight
|-resisted|p1a: Corviknight
|-damage|p1a: Corviknight|50/100
|-boost|p2a: Great Tusk|spe|1
|-damage|p2a: Great Tusk|40/100|[from] item: Rocky Helmet|[of] p1a: Corviknight
|
|-heal|p2a: Great Tusk|47/100|[from] item: Leftovers
|upkeep
|turn|37
|
|t:|1769352806
|move|p2a: Great Tusk|Bulk Up|p2a: Great Tusk
|-boost|p2a: Great Tusk|atk|1
|-boost|p2a: Great Tusk|def|1
|move|p1a: Corviknight|Brave Bird|p2a: Great Tusk
|-supereffective|p2a: Great Tusk
|-damage|p2a: Great Tusk|15/100
|-damage|p1a: Corviknight|39/100|[from] Recoil
|
|-heal|p2a: Great Tusk|21/100|[from] item: Leftovers
|upkeep
|turn|38
|
|t:|1769352816
|move|p2a: Great Tusk|Ice Spinner|p1a: Corviknight
|-damage|p1a: Corviknight|17/100
|-damage|p2a: Great Tusk|4/100|[from] item: Rocky Helmet|[of] p1a: Corviknight
|move|p1a: Corviknight|Roost|p1a: Corviknight
|-heal|p1a: Corviknight|67/100
|-singleturn|p1a: Corviknight|move: Roost
|
|-heal|p2a: Great Tusk|11/100|[from] item: Leftovers
|upkeep
|turn|39
|
|t:|1769352822
|move|p2a: Great Tusk|Bulk Up|p2a: Great Tusk
|-boost|p2a: Great Tusk|atk|1
|-boost|p2a: Great Tusk|def|1
|move|p1a: Corviknight|Roost|p1a: Corviknight
|-heal|p1a: Corviknight|100/100
|-singleturn|p1a: Corviknight|move: Roost
|
|-heal|p2a: Great Tusk|17/100|[from] item: Leftovers
|upkeep
|turn|40
|
|t:|1769352826
|move|p2a: Great Tusk|Bulk Up|p2a: Great Tusk
|-boost|p2a: Great Tusk|atk|1
|-boost|p2a: Great Tusk|def|1
|move|p1a: Corviknight|Brave Bird|p2a: Great Tusk
|-supereffective|p2a: Great Tusk
|-damage|p2a: Great Tusk|0 fnt
|faint|p2a: Great Tusk
|-end|p2a: Great Tusk|Protosynthesis|[silent]
|-damage|p1a: Corviknight|95/100|[from] Recoil
|
|upkeep
|-message|KinnCrimson forfeited.
|
|win|Einarorn1
|raw|Einarorn1's rating: 1682 &rarr; <strong>1700</strong><br />(+18 for winning)
|raw|KinnCrimson's rating: 1648 &rarr; <strong>1630</strong><br />(-18 for losing)
|l|☆KinnCrimson
|player|p2|
|l|☆Einarorn1
|player|p1|
