|j|☆localdealerr
|j|☆Playing Foul
|t:|1769382717
|gametype|singles
|player|p1|localdealerr|266|1549
|player|p2|Playing Foul|ethan-gen2|1660
|gen|9
|tier|[Gen 9] OU
|rated|
|rule|HP Percentage Mod: HP is shown in percentages
|rule|Endless Battle Clause: Forcing endless battles is banned
|rule|Species Clause: Limit one of each Pokémon
|rule|OHKO Clause: OHKO moves are banned
|rule|Evasion Items Clause: Evasion items are banned
|rule|Evasion Moves Clause: Evasion moves are banned
|rule|Evasion Abilities Clause: Evasion abilities are banned
|rule|Sleep Moves Clause: Sleep-inducing moves are banned
|clearpoke
|poke|p1|Rillaboom, F|
|poke|p1|Ogerpon, F|
|poke|p1|Gholdengo|
|poke|p1|Cinderace, M|
|poke|p1|Zapdos|
|poke|p1|Primarina, F|
|poke|p2|Dragapult, F|
|poke|p2|Iron Moth|
|poke|p2|Serperior, F|
|poke|p2|Iron Treads|
|poke|p2|Dragonite, F|
|poke|p2|Greninja-*, M|
|teampreview
|
|t:|1769382731
|teamsize|p1|6
|teamsize|p2|6
|start
|switch|p1a: Rillaboom|Rillaboom, F|100/100
|switch|p2a: Iron Moth|Iron Moth|100/100
|-fieldstart|move: Grassy Terrain|[from] ability: Grassy Surge|[of] p1a: Rillaboom
|-enditem|p2a: Iron Moth|Booster Energy
|-activate|p2a: Iron Moth|ability: Quark Drive|[fromitem]
|-start|p2a: Iron Moth|quarkdrivespe
|turn|1
|c|☆Playing Foul|hf
|inactive|Battle timer is ON: inactive players will automatically lose when time's up. (requested by Playing Foul)
|
|t:|1769382745
|-terastallize|p1a: Rillaboom|Poison
|move|p2a: Iron Moth|Sludge Wave|p1a: Rillaboom
|-resisted|p1a: Rillaboom
|-damage|p1a: Rillaboom|72/100
|move|p1a: Rillaboom|High Horsepower|p2a: Iron Moth
|-supereffective|p2a: Iron Moth
|-damage|p2a: Iron Moth|0 fnt
|faint|p2a: Iron Moth
|-end|p2a: Iron Moth|Quark Drive|[silent]
|
|-heal|p1a: Rillaboom|78/100|[from] Grassy Terrain
|upkeep
|j| moodrandom
|
|t:|1769382759
|switch|p2a: Dragapult|Dragapult, F|100/100
|turn|2
|
|t:|1769382772
|switch|p1a: Primarina|Primarina, F|100/100
|move|p2a: Dragapult|Will-O-Wisp|p1a: Primarina
|-status|p1a: Primarina|brn
|
|-damage|p1a: Primarina|94/100 brn|[from] brn
|upkeep
|turn|3
|
|t:|1769382785
|move|p2a: Dragapult|Hex|p1a: Primarina
|-damage|p1a: Primarina|50/100 brn
|move|p1a: Primarina|Draining Kiss|p2a: Dragapult
|-supereffective|p2a: Dragapult
|-damage|p2a: Dragapult|44/100
|-heal|p1a: Primarina|87/100 brn|[from] drain|[of] p2a: Dragapult
|
|-heal|p2a: Dragapult|50/100|[from] Grassy Terrain
|-heal|p1a: Primarina|93/100 brn|[from] Grassy Terrain
|-heal|p1a: Primarina|99/100 brn|[from] item: Leftovers
|-damage|p1a: Primarina|93/100 brn|[from] brn
|upkeep
|turn|4
|
|t:|1769382800
|switch|p2a: Serperior|Serperior, F|100/100
|move|p1a: Primarina|Draining Kiss|p2a: Serperior
|-damage|p2a: Serperior|74/100
|-heal|p1a: Primarina|100/100 brn|[from] drain|[of] p2a: Serperior
|
|-heal|p2a: Serperior|80/100|[from] Grassy Terrain
|-damage|p1a: Primarina|94/100 brn|[from] brn
|upkeep
|turn|5
|
|t:|1769382813
|switch|p1a: Cinderace|Cinderace, M|100/100
|-enditem|p1a: Cinderace|Grassy Seed
|-boost|p1a: Cinderace|def|1|[from] item: Grassy Seed
|move|p2a: Serperior|Leaf Storm|p1a: Cinderace
|-resisted|p1a: Cinderace
|-damage|p1a: Cinderace|60/100
|-boost|p2a: Serperior|spa|2
|
|-heal|p1a: Cinderace|66/100|[from] Grassy Terrain
|-heal|p2a: Serperior|86/100|[from] Grassy Terrain
|upkeep
|turn|6
|
|t:|1769382827
|-terastallize|p2a: Serperior|Ground
|move|p1a: Cinderace|Pyro Ball|p2a: Serperior
|-damage|p2a: Serperior|29/100
|move|p2a: Serperior|Leaf Storm|p1a: Cinderace
|-resisted|p1a: Cinderace
|-damage|p1a: Cinderace|0 fnt
|-boost|p2a: Serperior|spa|2
|faint|p1a: Cinderace
|
|-heal|p2a: Serperior|36/100|[from] Grassy Terrain
|upkeep
|
|t:|1769382838
|switch|p1a: Rillaboom|Rillaboom, F, tera:Poison|78/100
|turn|7
|
|t:|1769382851
|move|p2a: Serperior|Endure|p2a: Serperior
|-singleturn|p2a: Serperior|move: Endure
|move|p1a: Rillaboom|Grassy Glide|p2a: Serperior
|-supereffective|p2a: Serperior
|-activate|p2a: Serperior|move: Endure
|-damage|p2a: Serperior|1/100
|
|-heal|p2a: Serperior|7/100|[from] Grassy Terrain
|-heal|p1a: Rillaboom|84/100|[from] Grassy Terrain
|upkeep
|turn|8
|-enditem|p2a: Serperior|Custap Berry|[eat]
|-activate|p2a: Serperior|item: Custap Berry|[consumed]
|
|t:|1769382865
|move|p2a: Serperior|Endure||[still]
|-fail|p2a: Serperior
|move|p1a: Rillaboom|Grassy Glide|p2a: Serperior
|-supereffective|p2a: Serperior
|-damage|p2a: Serperior|0 fnt
|faint|p2a: Serperior
|
|-heal|p1a: Rillaboom|90/100|[from] Grassy Terrain
|-fieldend|move: Grassy Terrain
|upkeep
|
|t:|1769382879
|switch|p2a: Iron Treads|Iron Treads|100/100
|-enditem|p2a: Iron Treads|Booster Energy
|-activate|p2a: Iron Treads|ability: Quark Drive|[fromitem]
|-start|p2a: Iron Treads|quarkdrivespe
|turn|9
|
|t:|1769382892
|switch|p1a: Zapdos|Zapdos|100/100
|move|p2a: Iron Treads|Stealth Rock|p1a: Zapdos
|-sidestart|p1: localdealerr|move: Stealth Rock
|
|upkeep
|turn|10
|
|t:|1769382905
|move|p2a: Iron Treads|Ice Spinner|p1a: Zapdos
|-supereffective|p1a: Zapdos
|-damage|p1a: Zapdos|59/100
|-status|p2a: Iron Treads|par|[from] ability: Static|[of] p1a: Zapdos
|move|p1a: Zapdos|U-turn|p2a: Iron Treads
|-resisted|p2a: Iron Treads
|-damage|p2a: Iron Treads|94/100 par
|
|t:|1769382913
|switch|p1a: Rillaboom|Rillaboom, F, tera:Poison|90/100|[from] U-turn
|-damage|p1a: Rillaboom|78/100|[from] Stealth Rock
|-fieldstart|move: Grassy Terrain|[from] ability: Grassy Surge|[of] p1a: Rillaboom
|
|-heal|p2a: Iron Treads|100/100 par|[from] Grassy Terrain
|-heal|p1a: Rillaboom|84/100|[from] Grassy Terrain
|upkeep
|turn|11
|
|t:|1769382927
|move|p2a: Iron Treads|Ice Spinner|p1a: Rillaboom
|-damage|p1a: Rillaboom|61/100
|-fieldend|move: Grassy Terrain
|move|p1a: Rillaboom|High Horsepower|p2a: Iron Treads|[miss]
|-miss|p1a: Rillaboom|p2a: Iron Treads
|
|upkeep
|turn|12
|
|t:|1769382941
|cant|p2a: Iron Treads|par
|move|p1a: Rillaboom|U-turn|p2a: Iron Treads
|-resisted|p2a: Iron Treads
|-damage|p2a: Iron Treads|88/100 par
|l| moodrandom
|
|t:|1769382951
|switch|p1a: Zapdos|Zapdos|59/100|[from] U-turn
|
|upkeep
|turn|13
|
|t:|1769382964
|move|p1a: Zapdos|Roost|p1a: Zapdos
|-heal|p1a: Zapdos|100/100
|-singleturn|p1a: Zapdos|move: Roost
|move|p2a: Iron Treads|Ice Spinner|p1a: Zapdos
|-damage|p1a: Zapdos|80/100
|
|upkeep
|turn|14
|
|t:|1769382978
|move|p1a: Zapdos|U-turn|p2a: Iron Treads
|-resisted|p2a: Iron Treads
|-damage|p2a: Iron Treads|81/100 par
|
|t:|1769382981
|switch|p1a: Primarina|Primarina, F|94/100 brn|[from] U-turn
|-damage|p1a: Primarina|82/100 brn|[from] Stealth Rock
|move|p2a: Iron Treads|Rapid Spin|p1a: Primarina
|-damage|p1a: Primarina|68/100 brn
|-boost|p2a: Iron Treads|spe|1
|
|-heal|p1a: Primarina|74/100 brn|[from] item: Leftovers
|-damage|p1a: Primarina|68/100 brn|[from] brn
|upkeep
|turn|15
|
|t:|1769382994
|move|p2a: Iron Treads|Earthquake|p1a: Primarina
|-damage|p1a: Primarina|28/100 brn
|move|p1a: Primarina|Psychic Noise|p2a: Iron Treads
|-supereffective|p2a: Iron Treads
|-damage|p2a: Iron Treads|0 fnt
|faint|p2a: Iron Treads
|-end|p2a: Iron Treads|Quark Drive|[silent]
|
|-heal|p1a: Primarina|34/100 brn|[from] item: Leftovers
|-damage|p1a: Primarina|28/100 brn|[from] brn
|upkeep
|
|t:|1769383008
|switch|p2a: Dragapult|Dragapult, F|50/100
|turn|16
|
|t:|1769383021
|move|p2a: Dragapult|Hex|p1a: Primarina
|-damage|p1a: Primarina|0 fnt
|faint|p1a: Primarina
|
|upkeep
|
|t:|1769383027
|switch|p1a: Rillaboom|Rillaboom, F, tera:Poison|61/100
|-damage|p1a: Rillaboom|49/100|[from] Stealth Rock
|-fieldstart|move: Grassy Terrain|[from] ability: Grassy Surge|[of] p1a: Rillaboom
|turn|17
|
|t:|1769383041
|move|p1a: Rillaboom|Grassy Glide|p2a: Dragapult
|-resisted|p2a: Dragapult
|-damage|p2a: Dragapult|20/100
|move|p2a: Dragapult|Will-O-Wisp|p1a: Rillaboom
|-status|p1a: Rillaboom|brn
|
|-heal|p2a: Dragapult|26/100|[from] Grassy Terrain
|-heal|p1a: Rillaboom|55/100 brn|[from] Grassy Terrain
|-damage|p1a: Rillaboom|49/100 brn|[from] brn
|upkeep
|turn|18
|
|t:|1769383057
|move|p2a: Dragapult|Hex|p1a: Rillaboom
|-damage|p1a: Rillaboom|0 fnt
|faint|p1a: Rillaboom
|
|-heal|p2a: Dragapult|32/100|[from] Grassy Terrain
|upkeep
|
|t:|1769383060
|switch|p1a: Ogerpon|Ogerpon, F|100/100
|-damage|p1a: Ogerpon|88/100|[from] Stealth Rock
|turn|19
|
|t:|1769383073
|move|p1a: Ogerpon|Grassy Glide|p2a: Dragapult
|-resisted|p2a: Dragapult
|-damage|p2a: Dragapult|0 fnt
|faint|p2a: Dragapult
|
|-heal|p1a: Ogerpon|94/100|[from] Grassy Terrain
|upkeep
|
|t:|1769383087
|switch|p2a: Dragonite|Dragonite, F|100/100
|turn|20
|
|t:|1769383100
|switch|p1a: Gholdengo|Gholdengo|100/100
|-damage|p1a: Gholdengo|94/100|[from] Stealth Rock
|-enditem|p1a: Gholdengo|Grassy Seed
|-boost|p1a: Gholdengo|def|1|[from] item: Grassy Seed
|move|p2a: Dragonite|Dragon Dance|p2a: Dragonite
|-boost|p2a: Dragonite|atk|1
|-boost|p2a: Dragonite|spe|1
|
|-heal|p1a: Gholdengo|100/100|[from] Grassy Terrain
|upkeep
|turn|21
|
|t:|1769383113
|move|p2a: Dragonite|Fire Punch|p1a: Gholdengo
|-supereffective|p1a: Gholdengo
|-damage|p1a: Gholdengo|55/100
|-status|p1a: Gholdengo|brn
|move|p1a: Gholdengo|Nasty Plot|p1a: Gholdengo
|-boost|p1a: Gholdengo|spa|2
|
|-heal|p1a: Gholdengo|62/100 brn|[from] Grassy Terrain
|-damage|p1a: Gholdengo|55/100 brn|[from] brn
|upkeep
|turn|22
|
|t:|1769383129
|move|p2a: Dragonite|Dragon Dance|p2a: Dragonite
|-boost|p2a: Dragonite|atk|1
|-boost|p2a: Dragonite|spe|1
|move|p1a: Gholdengo|Shadow Ball|p2a: Dragonite
|-damage|p2a: Dragonite|63/100
|
|-heal|p1a: Gholdengo|62/100 brn|[from] Grassy Terrain
|-damage|p1a: Gholdengo|55/100 brn|[from] brn
|upkeep
|turn|23
|
|t:|1769383147
|switch|p1a: Zapdos|Zapdos|80/100
|move|p2a: Dragonite|Fire Punch|p1a: Zapdos
|-damage|p1a: Zapdos|32/100
|-status|p2a: Dragonite|par|[from] ability: Static|[of] p1a: Zapdos
|
|upkeep
|turn|24
|
|t:|1769383160
|move|p1a: Zapdos|Discharge|p2a: Dragonite
|-damage|p2a: Dragonite|30/100 par
|move|p2a: Dragonite|Fire Punch|p1a: Zapdos
|-damage|p1a: Zapdos|0 fnt
|faint|p1a: Zapdos
|
|-fieldend|move: Grassy Terrain
|upkeep
|
|t:|1769383172
|switch|p1a: Gholdengo|Gholdengo|55/100 brn
|-damage|p1a: Gholdengo|49/100 brn|[from] Stealth Rock
|turn|25
|
|t:|1769383184
|cant|p2a: Dragonite|par
|move|p1a: Gholdengo|Shadow Ball|p2a: Dragonite
|-damage|p2a: Dragonite|0 fnt
|faint|p2a: Dragonite
|
|-damage|p1a: Gholdengo|43/100 brn|[from] brn
|upkeep
|
|t:|1769383197
|switch|p2a: Greninja|Greninja, M|100/100
|turn|26
|
|t:|1769383209
|move|p2a: Greninja|Dark Pulse|p1a: Gholdengo
|-supereffective|p1a: Gholdengo
|-damage|p1a: Gholdengo|0 fnt
|faint|p1a: Gholdengo
|-ability|p2a: Greninja|Battle Bond|boost
|-boost|p2a: Greninja|atk|1
|-boost|p2a: Greninja|spa|1
|-boost|p2a: Greninja|spe|1
|-activate|p2a: Greninja|ability: Battle Bond
|-damage|p2a: Greninja|91/100|[from] item: Life Orb
|
|upkeep
|
|t:|1769383211
|switch|p1a: Ogerpon|Ogerpon, F|94/100
|-damage|p1a: Ogerpon|82/100|[from] Stealth Rock
|turn|27
|
|t:|1769383223
|move|p2a: Greninja|Ice Beam|p1a: Ogerpon
|-supereffective|p1a: Ogerpon
|-damage|p1a: Ogerpon|0 fnt
|faint|p1a: Ogerpon
|-damage|p2a: Greninja|81/100|[from] item: Life Orb
|
|win|Playing Foul
|raw|localdealerr's rating: 1549 &rarr; <strong>1535</strong><br />(-14 for losing)
|raw|Playing Foul's rating: 1660 &rarr; <strong>1674</strong><br />(+14 for winning)
|c|☆Playing Foul|gg
