|j|☆aplyw
|j|☆Yung Embryo
|t:|1769321780
|gametype|singles
|player|p1|aplyw|steven|1451
|player|p2|Yung Embryo|giovanni-gen1rb|1534
|gen|9
|tier|[Gen 9] OU
|rated|
|rule|HP Percentage Mod: HP is shown in percentages
|rule|Endless Battle Clause: Forcing endless battles is banned
|rule|Species Clause: Limit one of each Pokémon
|rule|OHKO Clause: OHKO moves are banned
|rule|Evasion Items Clause: Evasion items are banned
|rule|Evasion Moves Clause: Evasion moves are banned
|rule|Evasion Abilities Clause: Evasion abilities are banned
|rule|Sleep Moves Clause: Sleep-inducing moves are banned
|clearpoke
|poke|p1|Ogerpon-Wellspring, F|
|poke|p1|Scizor, F|
|poke|p1|Pelipper, M|
|poke|p1|Kingdra, M|
|poke|p1|Glimmora, F|
|poke|p1|Wo-Chien|
|poke|p2|Tyranitar, M|
|poke|p2|Gholdengo|
|poke|p2|Great Tusk|
|poke|p2|Clefable, F|
|poke|p2|Weavile, F|
|poke|p2|Skarmory, F|
|teampreview
|
|t:|1769321813
|teamsize|p1|6
|teamsize|p2|6
|start
|switch|p1a: Scizor|Scizor, F|100/100
|switch|p2a: Clefside Gunn|Clefable, F|100/100
|turn|1
|
|t:|1769321828
|switch|p1a: Pelipper|Pelipper, M, shiny|100/100
|-weather|RainDance|[from] ability: Drizzle|[of] p1a: Pelipper
|switch|p2a: 03 Skreedo|Skarmory, F|100/100
|
|-weather|RainDance|[upkeep]
|upkeep
|turn|2
|
|t:|1769321837
|move|p2a: 03 Skreedo|Spikes|p1a: Pelipper
|-sidestart|p1: aplyw|Spikes
|move|p1a: Pelipper|U-turn|p2a: 03 Skreedo
|-resisted|p2a: 03 Skreedo
|-damage|p2a: 03 Skreedo|99/100
|-damage|p1a: Pelipper|84/100|[from] item: Rocky Helmet|[of] p2a: 03 Skreedo
|
|t:|1769321846
|switch|p1a: Ogerpon|Ogerpon-Wellspring, F|100/100|[from] U-turn
|-damage|p1a: Ogerpon|88/100|[from] Spikes
|
|-weather|RainDance|[upkeep]
|upkeep
|turn|3
|
|t:|1769321869
|move|p1a: Ogerpon|Encore|p2a: 03 Skreedo
|-start|p2a: 03 Skreedo|Encore
|move|p2a: 03 Skreedo|Spikes|p1a: Ogerpon
|-sidestart|p1: aplyw|Spikes
|
|-weather|RainDance|[upkeep]
|upkeep
|turn|4
|
|t:|1769321890
|switch|p2a: Gholdy James|Gholdengo|100/100
|-item|p2a: Gholdy James|Air Balloon
|move|p1a: Ogerpon|Swords Dance|p1a: Ogerpon
|-boost|p1a: Ogerpon|atk|2
|
|-weather|RainDance|[upkeep]
|upkeep
|turn|5
|
|t:|1769321915
|switch|p2a: Clefside Gunn|Clefable, F|100/100
|move|p1a: Ogerpon|Ivy Cudgel|p2a: Clefside Gunn|[anim] Ivy Cudgel Water
|-damage|p2a: Clefside Gunn|0 fnt
|faint|p2a: Clefside Gunn
|
|-weather|RainDance|[upkeep]
|upkeep
|
|t:|1769321929
|switch|p2a: Weazyouttahere|Weavile, F|100/100
|-ability|p2a: Weazyouttahere|Pressure
|turn|6
|
|t:|1769321937
|move|p2a: Weazyouttahere|Knock Off|p1a: Ogerpon
|-damage|p1a: Ogerpon|50/100
|move|p1a: Ogerpon|Horn Leech|p2a: Weazyouttahere
|-damage|p2a: Weazyouttahere|0 fnt
|-heal|p1a: Ogerpon|93/100|[from] drain|[of] p2a: Weazyouttahere
|faint|p2a: Weazyouttahere
|
|-weather|RainDance|[upkeep]
|upkeep
|
|t:|1769321943
|switch|p2a: 03 Skreedo|Skarmory, F|99/100
|turn|7
|
|t:|1769321947
|-terastallize|p1a: Ogerpon|Water
|detailschange|p1a: Ogerpon|Ogerpon-Wellspring-Tera, F, tera:Water
|-ability|p1a: Ogerpon|Embody Aspect (Wellspring)|boost
|-boost|p1a: Ogerpon|spd|1
|-terastallize|p2a: 03 Skreedo|Dragon
|move|p1a: Ogerpon|Ivy Cudgel|p2a: 03 Skreedo|[anim] Ivy Cudgel Water
|-resisted|p2a: 03 Skreedo
|-damage|p2a: 03 Skreedo|38/100
|move|p2a: 03 Skreedo|Body Press|p1a: Ogerpon
|-damage|p1a: Ogerpon|59/100
|
|-weather|RainDance|[upkeep]
|upkeep
|turn|8
|
|t:|1769321958
|move|p1a: Ogerpon|Ivy Cudgel|p2a: 03 Skreedo|[anim] Ivy Cudgel Water
|-resisted|p2a: 03 Skreedo
|-damage|p2a: 03 Skreedo|0 fnt
|faint|p2a: 03 Skreedo
|
|-weather|none
|upkeep
|-message|Yung Embryo forfeited.
|
|win|aplyw
|raw|aplyw's rating: 1451 &rarr; <strong>1476</strong><br />(+25 for winning)
|raw|Yung Embryo's rating: 1534 &rarr; <strong>1509</strong><br />(-25 for losing)
|l|☆Yung Embryo
|player|p2|
|l|☆aplyw
|player|p1|
