|j|☆Henriki
|j|☆nonosbant*
|t:|1769442667
|gametype|singles
|player|p1|Henriki|cress|1331
|player|p2|nonosbant*|hilbert|1351
|gen|9
|tier|[Gen 9] OU
|rated|
|rule|HP Percentage Mod: HP is shown in percentages
|rule|Endless Battle Clause: Forcing endless battles is banned
|rule|Species Clause: Limit one of each Pokémon
|rule|OHKO Clause: OHKO moves are banned
|rule|Evasion Items Clause: Evasion items are banned
|rule|Evasion Moves Clause: Evasion moves are banned
|rule|Evasion Abilities Clause: Evasion abilities are banned
|rule|Sleep Moves Clause: Sleep-inducing moves are banned
|clearpoke
|poke|p1|Delibird, F|
|poke|p1|Kricketune, F|
|poke|p1|Mimikyu, M|
|poke|p1|Iron Moth|
|poke|p1|Iron Thorns|
|poke|p1|Tyranitar, F|
|poke|p2|Ogerpon-Wellspring, F|
|poke|p2|Enamorus, F|
|poke|p2|Great Tusk|
|poke|p2|Heatran, M|
|poke|p2|Slowking-Galar, M|
|poke|p2|Corviknight, M|
|teampreview
|
|t:|1769442691
|teamsize|p1|6
|teamsize|p2|6
|start
|switch|p1a: KrickeTrue...|Kricketune, F, shiny|100/100
|switch|p2a: Great Tusk|Great Tusk|100/100
|turn|1
|
|t:|1769442697
|move|p1a: KrickeTrue...|Sticky Web|p2a: Great Tusk
|-sidestart|p2: nonosbant*|move: Sticky Web
|move|p2a: Great Tusk|Stealth Rock|p1a: KrickeTrue...
|-sidestart|p1: Henriki|move: Stealth Rock
|
|upkeep
|turn|2
|
|t:|1769442703
|move|p1a: KrickeTrue...|Pounce|p2a: Great Tusk
|-resisted|p2a: Great Tusk
|-damage|p2a: Great Tusk|94/100
|-unboost|p2a: Great Tusk|spe|1
|move|p2a: Great Tusk|Earthquake|p1a: KrickeTrue...
|-resisted|p1a: KrickeTrue...
|-damage|p1a: KrickeTrue...|49/100
|
|-heal|p2a: Great Tusk|99/100|[from] item: Leftovers
|upkeep
|turn|3
|inactive|Battle timer is ON: inactive players will automatically lose when time's up. (requested by nonosbant*)
|
|t:|1769442712
|move|p1a: KrickeTrue...|Endeavor|p2a: Great Tusk
|-damage|p2a: Great Tusk|30/100
|move|p2a: Great Tusk|Rapid Spin|p1a: KrickeTrue...
|-damage|p1a: KrickeTrue...|18/100
|-boost|p2a: Great Tusk|spe|1
|-sideend|p2: nonosbant*|Sticky Web|[from] move: Rapid Spin|[of] p2a: Great Tusk
|
|-heal|p2a: Great Tusk|36/100|[from] item: Leftovers
|upkeep
|turn|4
|
|t:|1769442720
|move|p1a: KrickeTrue...|Sticky Web|p2a: Great Tusk
|-sidestart|p2: nonosbant*|move: Sticky Web
|move|p2a: Great Tusk|Rapid Spin|p1a: KrickeTrue...
|-damage|p1a: KrickeTrue...|0 fnt
|-boost|p2a: Great Tusk|spe|1
|-sideend|p2: nonosbant*|Sticky Web|[from] move: Rapid Spin|[of] p2a: Great Tusk
|faint|p1a: KrickeTrue...
|
|-heal|p2a: Great Tusk|43/100|[from] item: Leftovers
|upkeep
|inactive|Henriki has 120 seconds left.
|
|t:|1769442763
|switch|p1a: The Called Boss|Iron Thorns, shiny|100/100
|-damage|p1a: The Called Boss|88/100|[from] Stealth Rock
|-enditem|p1a: The Called Boss|Booster Energy
|-activate|p1a: The Called Boss|ability: Quark Drive|[fromitem]
|-start|p1a: The Called Boss|quarkdriveatk
|turn|5
|
|t:|1769442774
|-terastallize|p1a: The Called Boss|Flying
|move|p2a: Great Tusk|Earthquake|p1a: The Called Boss
|-immune|p1a: The Called Boss
|move|p1a: The Called Boss|Dragon Dance|p1a: The Called Boss
|-boost|p1a: The Called Boss|atk|1
|-boost|p1a: The Called Boss|spe|1
|
|-heal|p2a: Great Tusk|49/100|[from] item: Leftovers
|upkeep
|turn|6
|
|t:|1769442786
|-end|p2a: Great Tusk|Protosynthesis|[silent]
|switch|p2a: Corviknight|Corviknight, M|100/100
|-ability|p2a: Corviknight|Pressure
|move|p1a: The Called Boss|Dragon Dance|p1a: The Called Boss
|-boost|p1a: The Called Boss|atk|1
|-boost|p1a: The Called Boss|spe|1
|
|upkeep
|turn|7
|
|t:|1769442794
|move|p1a: The Called Boss|Supercell Slam|p2a: Corviknight
|-supereffective|p2a: Corviknight
|-crit|p2a: Corviknight
|-damage|p2a: Corviknight|0 fnt
|-damage|p1a: The Called Boss|72/100|[from] item: Rocky Helmet|[of] p2a: Corviknight
|faint|p2a: Corviknight
|
|upkeep
|
|t:|1769442803
|switch|p2a: Slowking|Slowking-Galar, M|100/100
|turn|8
|
|t:|1769442806
|move|p1a: The Called Boss|Earthquake|p2a: Slowking
|-supereffective|p2a: Slowking
|-crit|p2a: Slowking
|-damage|p2a: Slowking|0 fnt
|faint|p2a: Slowking
|
|upkeep
|
|t:|1769442813
|switch|p2a: Enamorus|Enamorus, F|100/100
|turn|9
|
|t:|1769442820
|-terastallize|p2a: Enamorus|Stellar
|move|p1a: The Called Boss|Supercell Slam|p2a: Enamorus
|-supereffective|p2a: Enamorus
|-damage|p2a: Enamorus|0 fnt
|faint|p2a: Enamorus
|
|upkeep
|-message|nonosbant* forfeited.
|
|win|Henriki
|raw|Henriki's rating: 1331 &rarr; <strong>1352</strong><br />(+21 for winning)
|raw|nonosbant*'s rating: 1351 &rarr; <strong>1330</strong><br />(-21 for losing)
|l|☆nonosbant*
|player|p2|
|l|☆Henriki
|player|p1|
