|j|☆Kaz2109
|j|☆Scurey
|t:|1769444364
|gametype|singles
|player|p1|Kaz2109|lady-gen4|1251
|player|p2|Scurey|170|1239
|gen|9
|tier|[Gen 9] OU
|rated|
|rule|HP Percentage Mod: HP is shown in percentages
|rule|Endless Battle Clause: Forcing endless battles is banned
|rule|Species Clause: Limit one of each Pokémon
|rule|OHKO Clause: OHKO moves are banned
|rule|Evasion Items Clause: Evasion items are banned
|rule|Evasion Moves Clause: Evasion moves are banned
|rule|Evasion Abilities Clause: Evasion abilities are banned
|rule|Sleep Moves Clause: Sleep-inducing moves are banned
|clearpoke
|poke|p1|Dragapult, F|
|poke|p1|Zamazenta-*|
|poke|p1|Heatran, F|
|poke|p1|Ogerpon-Wellspring, F|
|poke|p1|Ribombee, F|
|poke|p1|Iron Treads|
|poke|p2|Iron Hands|
|poke|p2|Klefki, M|
|poke|p2|Kommo-o, M|
|poke|p2|Ursaluna, F|
|poke|p2|Polteageist|
|poke|p2|Maushold|
|teampreview
|
|t:|1769444369
|teamsize|p1|6
|teamsize|p2|6
|start
|switch|p1a: Ribombee|Ribombee, F|100/100
|switch|p2a: Klefki|Klefki, M|100/100
|turn|1
|inactive|Battle timer is ON: inactive players will automatically lose when time's up. (requested by Kaz2109)
|
|t:|1769444375
|move|p2a: Klefki|Light Screen|p2a: Klefki
|-sidestart|p2: Scurey|move: Light Screen
|move|p1a: Ribombee|Skill Swap|p2a: Klefki
|-activate|p1a: Ribombee|move: Skill Swap|Prankster|Shield Dust|[of] p2a: Klefki
|
|upkeep
|turn|2
|
|t:|1769444382
|move|p1a: Ribombee|Stun Spore|p2a: Klefki
|-status|p2a: Klefki|par
|move|p2a: Klefki|Reflect|p2a: Klefki
|-sidestart|p2: Scurey|Reflect
|
|upkeep
|turn|3
|
|t:|1769444387
|move|p1a: Ribombee|Sticky Web|p2a: Klefki
|-sidestart|p2: Scurey|move: Sticky Web
|move|p2a: Klefki|Trick Room|p2a: Klefki
|-fieldstart|move: Trick Room|[of] p2a: Klefki
|
|upkeep
|turn|4
|
|t:|1769444402
|switch|p2a: Ursaluna|Ursaluna, F|100/100
|-activate|p2a: Ursaluna|move: Sticky Web
|-unboost|p2a: Ursaluna|spe|1
|move|p1a: Ribombee|Moonblast|p2a: Ursaluna
|-damage|p2a: Ursaluna|84/100
|
|upkeep
|turn|5
|
|t:|1769444412
|-terastallize|p1a: Ribombee|Ghost
|move|p1a: Ribombee|Stun Spore|p2a: Ursaluna
|-status|p2a: Ursaluna|par
|move|p2a: Ursaluna|Belly Drum|p2a: Ursaluna
|-damage|p2a: Ursaluna|34/100 par
|-setboost|p2a: Ursaluna|atk|6|[from] move: Belly Drum
|-enditem|p2a: Ursaluna|Sitrus Berry|[eat]
|-heal|p2a: Ursaluna|59/100 par|[from] item: Sitrus Berry
|
|upkeep
|turn|6
|
|t:|1769444431
|move|p2a: Ursaluna|Fire Punch|p1a: Ribombee
|-enditem|p1a: Ribombee|Focus Sash
|-damage|p1a: Ribombee|1/100
|move|p1a: Ribombee|Moonblast|p2a: Ursaluna
|-damage|p2a: Ursaluna|43/100 par
|-unboost|p2a: Ursaluna|spa|1
|
|upkeep
|turn|7
|
|t:|1769444440
|switch|p1a: Heatran|Heatran, F|100/100
|move|p2a: Ursaluna|Fire Punch|p1a: Heatran
|-start|p1a: Heatran|ability: Flash Fire
|
|-fieldend|move: Trick Room
|upkeep
|turn|8
|
|t:|1769444447
|move|p1a: Heatran|Magma Storm|p2a: Ursaluna
|-crit|p2a: Ursaluna
|-damage|p2a: Ursaluna|0 fnt
|faint|p2a: Ursaluna
|
|-sideend|p2: Scurey|move: Light Screen
|upkeep
|
|t:|1769444452
|switch|p2a: Klefki|Klefki, M|100/100 par
|-activate|p2a: Klefki|move: Sticky Web
|-unboost|p2a: Klefki|spe|1
|turn|9
|
|t:|1769444457
|move|p2a: Klefki|Light Screen|p2a: Klefki
|-sidestart|p2: Scurey|move: Light Screen
|move|p1a: Heatran|Magma Storm|p2a: Klefki
|-supereffective|p2a: Klefki
|-crit|p2a: Klefki
|-damage|p2a: Klefki|0 fnt
|faint|p2a: Klefki
|
|-sideend|p2: Scurey|Reflect
|upkeep
|
|t:|1769444464
|switch|p2a: Maushold|Maushold|100/100
|-activate|p2a: Maushold|move: Sticky Web
|-unboost|p2a: Maushold|spe|1
|turn|10
|
|t:|1769444469
|move|p2a: Maushold|Tidy Up|p2a: Maushold
|-sideend|p2: Scurey|Sticky Web
|-activate|p2a: Maushold|move: Tidy Up
|-boost|p2a: Maushold|atk|1
|-boost|p2a: Maushold|spe|1
|move|p1a: Heatran|Magma Storm|p2a: Maushold|[miss]
|-miss|p1a: Heatran|p2a: Maushold
|
|upkeep
|turn|11
|
|t:|1769444493
|move|p2a: Maushold|Tidy Up|p2a: Maushold
|-boost|p2a: Maushold|atk|1
|-boost|p2a: Maushold|spe|1
|move|p1a: Heatran|Magma Storm|p2a: Maushold
|-damage|p2a: Maushold|56/100
|-activate|p2a: Maushold|move: Magma Storm|[of] p1a: Heatran
|
|-damage|p2a: Maushold|44/100|[from] move: Magma Storm|[partiallytrapped]
|upkeep
|turn|12
|
|t:|1769444501
|move|p2a: Maushold|Population Bomb|p1a: Heatran
|-resisted|p1a: Heatran
|-damage|p1a: Heatran|91/100
|-resisted|p1a: Heatran
|-damage|p1a: Heatran|82/100
|-resisted|p1a: Heatran
|-damage|p1a: Heatran|73/100
|-resisted|p1a: Heatran
|-damage|p1a: Heatran|64/100
|-resisted|p1a: Heatran
|-damage|p1a: Heatran|55/100
|-resisted|p1a: Heatran
|-damage|p1a: Heatran|46/100
|-resisted|p1a: Heatran
|-damage|p1a: Heatran|37/100
|-resisted|p1a: Heatran
|-damage|p1a: Heatran|28/100
|-resisted|p1a: Heatran
|-damage|p1a: Heatran|19/100
|-resisted|p1a: Heatran
|-damage|p1a: Heatran|9/100
|-hitcount|p1a: Heatran|10
|move|p1a: Heatran|Will-O-Wisp|p2a: Maushold
|-status|p2a: Maushold|brn
|
|-heal|p1a: Heatran|16/100|[from] item: Leftovers
|-damage|p2a: Maushold|38/100 brn|[from] brn
|-damage|p2a: Maushold|25/100 brn|[from] move: Magma Storm|[partiallytrapped]
|upkeep
|turn|13
|
|t:|1769444524
|-end|p1a: Heatran|ability: Flash Fire|[silent]
|switch|p1a: Iron Treads|Iron Treads|100/100
|move|p2a: Maushold|Bullet Seed|p1a: Iron Treads
|-damage|p1a: Iron Treads|93/100
|-damage|p1a: Iron Treads|86/100
|-hitcount|p1a: Iron Treads|2
|
|-heal|p1a: Iron Treads|92/100|[from] item: Leftovers
|-damage|p2a: Maushold|19/100 brn|[from] brn
|-end|p2a: Maushold|Magma Storm|[partiallytrapped]|[silent]
|upkeep
|turn|14
|
|t:|1769444534
|move|p2a: Maushold|Population Bomb|p1a: Iron Treads
|-resisted|p1a: Iron Treads
|-damage|p1a: Iron Treads|88/100
|-resisted|p1a: Iron Treads
|-damage|p1a: Iron Treads|84/100
|-resisted|p1a: Iron Treads
|-damage|p1a: Iron Treads|80/100
|-resisted|p1a: Iron Treads
|-damage|p1a: Iron Treads|76/100
|-resisted|p1a: Iron Treads
|-damage|p1a: Iron Treads|72/100
|-resisted|p1a: Iron Treads
|-damage|p1a: Iron Treads|68/100
|-resisted|p1a: Iron Treads
|-damage|p1a: Iron Treads|64/100
|-resisted|p1a: Iron Treads
|-damage|p1a: Iron Treads|60/100
|-resisted|p1a: Iron Treads
|-damage|p1a: Iron Treads|56/100
|-resisted|p1a: Iron Treads
|-damage|p1a: Iron Treads|52/100
|-hitcount|p1a: Iron Treads|10
|move|p1a: Iron Treads|Rapid Spin|p2a: Maushold
|-damage|p2a: Maushold|0 fnt
|-boost|p1a: Iron Treads|spe|1
|faint|p2a: Maushold
|
|-heal|p1a: Iron Treads|58/100|[from] item: Leftovers
|upkeep
|inactive|Scurey has 120 seconds left.
|inactive|Scurey has 90 seconds left.
|
|t:|1769444588
|switch|p2a: Iron Hands|Iron Hands|100/100
|turn|15
|
|t:|1769444595
|move|p1a: Iron Treads|Earthquake|p2a: Iron Hands
|-supereffective|p2a: Iron Hands
|-damage|p2a: Iron Hands|56/100
|move|p2a: Iron Hands|Belly Drum|p2a: Iron Hands
|-damage|p2a: Iron Hands|6/100
|-setboost|p2a: Iron Hands|atk|6|[from] move: Belly Drum
|-enditem|p2a: Iron Hands|Sitrus Berry|[eat]
|-heal|p2a: Iron Hands|31/100|[from] item: Sitrus Berry
|
|-heal|p1a: Iron Treads|64/100|[from] item: Leftovers
|upkeep
|turn|16
|
|t:|1769444604
|move|p1a: Iron Treads|Earthquake|p2a: Iron Hands
|-supereffective|p2a: Iron Hands
|-damage|p2a: Iron Hands|0 fnt
|faint|p2a: Iron Hands
|-end|p2a: Iron Hands|Quark Drive|[silent]
|
|-heal|p1a: Iron Treads|70/100|[from] item: Leftovers
|-sideend|p2: Scurey|move: Light Screen
|upkeep
|
|t:|1769444610
|switch|p2a: Polteageist|Polteageist|100/100
|turn|17
|
|t:|1769444614
|move|p1a: Iron Treads|Earthquake|p2a: Polteageist
|-damage|p2a: Polteageist|28/100
|-ability|p2a: Polteageist|Weak Armor|boost
|-unboost|p2a: Polteageist|def|1
|-boost|p2a: Polteageist|spe|2
|move|p2a: Polteageist|Shell Smash|p2a: Polteageist
|-unboost|p2a: Polteageist|def|1
|-unboost|p2a: Polteageist|spd|1
|-boost|p2a: Polteageist|atk|2
|-boost|p2a: Polteageist|spa|2
|-boost|p2a: Polteageist|spe|2
|
|-heal|p1a: Iron Treads|76/100|[from] item: Leftovers
|upkeep
|turn|18
|
|t:|1769444626
|move|p2a: Polteageist|Stored Power|p1a: Iron Treads
|-resisted|p1a: Iron Treads
|-damage|p1a: Iron Treads|19/100
|move|p1a: Iron Treads|Earthquake|p2a: Polteageist
|-damage|p2a: Polteageist|0 fnt
|faint|p2a: Polteageist
|
|-heal|p1a: Iron Treads|25/100|[from] item: Leftovers
|upkeep
|
|t:|1769444637
|switch|p2a: Kommo-o|Kommo-o, M|100/100
|turn|19
|
|t:|1769444642
|move|p1a: Iron Treads|Ice Spinner|p2a: Kommo-o
|-supereffective|p2a: Kommo-o
|-damage|p2a: Kommo-o|70/100
|move|p2a: Kommo-o|Drain Punch|p1a: Iron Treads
|-supereffective|p1a: Iron Treads
|-damage|p1a: Iron Treads|0 fnt
|-heal|p2a: Kommo-o|83/100|[from] drain|[of] p1a: Iron Treads
|faint|p1a: Iron Treads
|-end|p1a: Iron Treads|Quark Drive|[silent]
|
|upkeep
|
|t:|1769444649
|switch|p1a: Ribombee|Ribombee, F, tera:Ghost|1/100
|turn|20
|
|t:|1769444655
|move|p1a: Ribombee|Stun Spore|p2a: Kommo-o
|-status|p2a: Kommo-o|par
|move|p2a: Kommo-o|Belly Drum|p2a: Kommo-o
|-damage|p2a: Kommo-o|33/100 par
|-setboost|p2a: Kommo-o|atk|6|[from] move: Belly Drum
|-enditem|p2a: Kommo-o|Sitrus Berry|[eat]
|-heal|p2a: Kommo-o|58/100 par|[from] item: Sitrus Berry
|
|upkeep
|turn|21
|
|t:|1769444663
|move|p1a: Ribombee|Moonblast|p2a: Kommo-o
|-supereffective|p2a: Kommo-o
|-damage|p2a: Kommo-o|0 fnt
|faint|p2a: Kommo-o
|
|win|Kaz2109
|raw|Kaz2109's rating: 1251 &rarr; <strong>1275</strong><br />(+24 for winning)
|raw|Scurey's rating: 1239 &rarr; <strong>1215</strong><br />(-24 for losing)
|l|☆Scurey
|player|p2|
|l|☆Kaz2109
|player|p1|
