|j|☆Banixito
|j|☆lovemod
|t:|1769318042
|gametype|singles
|player|p1|Banixito|silver|1245
|player|p2|lovemod|101|1240
|gen|9
|tier|[Gen 9] OU
|rated|
|rule|HP Percentage Mod: HP is shown in percentages
|rule|Endless Battle Clause: Forcing endless battles is banned
|rule|Species Clause: Limit one of each Pokémon
|rule|OHKO Clause: OHKO moves are banned
|rule|Evasion Items Clause: Evasion items are banned
|rule|Evasion Moves Clause: Evasion moves are banned
|rule|Evasion Abilities Clause: Evasion abilities are banned
|rule|Sleep Moves Clause: Sleep-inducing moves are banned
|clearpoke
|poke|p1|Dragonite, F|
|poke|p1|Pecharunt|
|poke|p1|Gliscor, M|
|poke|p1|Ribombee, F|
|poke|p1|Porygon2|
|poke|p1|Darkrai|
|poke|p2|Clodsire, M|
|poke|p2|Dondozo, F|
|poke|p2|Alomomola, M|
|poke|p2|Talonflame, M|
|poke|p2|Toxapex, M|
|poke|p2|Blissey, F|
|teampreview
|
|t:|1769318055
|teamsize|p1|6
|teamsize|p2|6
|start
|switch|p1a: Ribombee|Ribombee, F|100/100
|switch|p2a: Talonflame|Talonflame, M|100/100
|turn|1
|
|t:|1769318086
|move|p1a: Ribombee|Psychic Noise|p2a: Talonflame
|-damage|p2a: Talonflame|73/100
|-start|p2a: Talonflame|move: Heal Block
|move|p2a: Talonflame|Will-O-Wisp|p1a: Ribombee
|-status|p1a: Ribombee|brn
|
|-damage|p1a: Ribombee|94/100 brn|[from] brn
|upkeep
|turn|2
|
|t:|1769318096
|move|p1a: Ribombee|Sticky Web|p2a: Talonflame
|-sidestart|p2: lovemod|move: Sticky Web
|move|p2a: Talonflame|Flamethrower|p1a: Ribombee
|-supereffective|p1a: Ribombee
|-damage|p1a: Ribombee|9/100 brn
|
|-damage|p1a: Ribombee|2/100 brn|[from] brn
|-end|p2a: Talonflame|move: Heal Block
|upkeep
|turn|3
|
|t:|1769318105
|move|p1a: Ribombee|Stun Spore|p2a: Talonflame
|-status|p2a: Talonflame|par
|move|p2a: Talonflame|Will-O-Wisp|p1a: Ribombee
|-fail|p1a: Ribombee|brn
|
|-damage|p1a: Ribombee|0 fnt|[from] brn
|faint|p1a: Ribombee
|upkeep
|
|t:|1769318114
|switch|p1a: Gliscor|Gliscor, M|100/100
|turn|4
|
|t:|1769318118
|move|p1a: Gliscor|Protect|p1a: Gliscor
|-singleturn|p1a: Gliscor|Protect
|move|p2a: Talonflame|Will-O-Wisp|p1a: Gliscor
|-activate|p1a: Gliscor|move: Protect
|
|-status|p1a: Gliscor|tox|[from] item: Toxic Orb
|upkeep
|turn|5
|
|t:|1769318129
|move|p1a: Gliscor|Swords Dance|p1a: Gliscor
|-boost|p1a: Gliscor|atk|2
|move|p2a: Talonflame|Defog|p1a: Gliscor
|-unboost|p1a: Gliscor|evasion|1
|-sideend|p2: lovemod|Sticky Web|[from] move: Defog|[of] p2a: Talonflame
|
|upkeep
|turn|6
|
|t:|1769318141
|switch|p2a: Dondozo|Dondozo, F|100/100
|move|p1a: Gliscor|Swords Dance|p1a: Gliscor
|-boost|p1a: Gliscor|atk|2
|
|upkeep
|turn|7
|
|t:|1769318151
|-terastallize|p1a: Gliscor|Normal
|move|p1a: Gliscor|Facade|p2a: Dondozo
|-damage|p2a: Dondozo|81/100
|move|p2a: Dondozo|Body Press|p1a: Gliscor
|-supereffective|p1a: Gliscor
|-damage|p1a: Gliscor|58/100 tox
|
|-heal|p1a: Gliscor|71/100 tox|[from] ability: Poison Heal
|upkeep
|turn|8
|
|t:|1769318163
|move|p1a: Gliscor|Protect|p1a: Gliscor
|-singleturn|p1a: Gliscor|Protect
|move|p2a: Dondozo|Liquidation|p1a: Gliscor
|-activate|p1a: Gliscor|move: Protect
|
|-heal|p1a: Gliscor|83/100 tox|[from] ability: Poison Heal
|upkeep
|turn|9
|
|t:|1769318174
|switch|p1a: Pecharunt|Pecharunt|100/100
|move|p2a: Dondozo|Body Press|p1a: Pecharunt
|-immune|p1a: Pecharunt
|
|upkeep
|turn|10
|
|t:|1769318182
|switch|p2a: Toxapex|Toxapex, M|100/100
|move|p1a: Pecharunt|Malignant Chain|p2a: Toxapex
|-resisted|p2a: Toxapex
|-damage|p2a: Toxapex|88/100
|
|upkeep
|turn|11
|
|t:|1769318194
|move|p1a: Pecharunt|Parting Shot|p2a: Toxapex
|-unboost|p2a: Toxapex|atk|1
|-unboost|p2a: Toxapex|spa|1
|
|t:|1769318198
|switch|p1a: Porygon2|Porygon2|100/100|[from] Parting Shot
|-ability|p1a: Porygon2|Regenerator|Trace|[from] ability: Trace|[of] p2a: Toxapex
|move|p2a: Toxapex|Infestation|p1a: Porygon2
|-damage|p1a: Porygon2|99/100
|-activate|p1a: Porygon2|move: Infestation|[of] p2a: Toxapex
|
|-damage|p1a: Porygon2|87/100|[from] move: Infestation|[partiallytrapped]
|upkeep
|turn|12
|
|t:|1769318212
|move|p1a: Porygon2|Thunder Wave|p2a: Toxapex|[miss]
|-miss|p1a: Porygon2|p2a: Toxapex
|move|p2a: Toxapex|Toxic|p1a: Porygon2
|-status|p1a: Porygon2|tox
|
|-damage|p1a: Porygon2|81/100 tox|[from] psn
|-damage|p1a: Porygon2|69/100 tox|[from] move: Infestation|[partiallytrapped]
|upkeep
|turn|13
|
|t:|1769318224
|switch|p2a: Blissey|Blissey, F|100/100
|move|p1a: Porygon2|Thunder Wave|p2a: Blissey
|-status|p2a: Blissey|par
|
|-damage|p1a: Porygon2|56/100 tox|[from] psn
|-end|p1a: Porygon2|Infestation|[partiallytrapped]|[silent]
|upkeep
|turn|14
|
|t:|1769318232
|move|p1a: Porygon2|Recover|p1a: Porygon2
|-heal|p1a: Porygon2|100/100 tox
|move|p2a: Blissey|Stealth Rock|p1a: Porygon2
|-sidestart|p1: Banixito|move: Stealth Rock
|
|-damage|p1a: Porygon2|82/100 tox|[from] psn
|upkeep
|turn|15
|
|t:|1769318248
|switch|p1a: Gliscor|Gliscor, M, tera:Normal|83/100 tox
|-damage|p1a: Gliscor|71/100 tox|[from] Stealth Rock
|move|p2a: Blissey|Shadow Ball|p1a: Gliscor
|-immune|p1a: Gliscor
|
|-heal|p1a: Gliscor|83/100 tox|[from] ability: Poison Heal
|upkeep
|turn|16
|
|t:|1769318265
|switch|p1a: Pecharunt|Pecharunt|100/100
|move|p2a: Blissey|Seismic Toss|p1a: Pecharunt
|-immune|p1a: Pecharunt
|
|upkeep
|turn|17
|
|t:|1769318278
|-curestatus|p2a: Blissey|par|[from] ability: Natural Cure
|switch|p2a: Clodsire|Clodsire, M|100/100
|move|p1a: Pecharunt|Foul Play|p2a: Clodsire
|-damage|p2a: Clodsire|83/100
|
|upkeep
|turn|18
|
|t:|1769318288
|switch|p1a: Gliscor|Gliscor, M, tera:Normal|83/100 tox
|-damage|p1a: Gliscor|71/100 tox|[from] Stealth Rock
|move|p2a: Clodsire|Earthquake|p1a: Gliscor
|-damage|p1a: Gliscor|50/100 tox
|
|-heal|p1a: Gliscor|63/100 tox|[from] ability: Poison Heal
|upkeep
|turn|19
|
|t:|1769318305
|switch|p2a: Alomomola|Alomomola, M|100/100
|move|p1a: Gliscor|Earthquake|p2a: Alomomola
|-damage|p2a: Alomomola|84/100
|
|-heal|p1a: Gliscor|75/100 tox|[from] ability: Poison Heal
|upkeep
|turn|20
|
|t:|1769318313
|move|p1a: Gliscor|Protect|p1a: Gliscor
|-singleturn|p1a: Gliscor|Protect
|move|p2a: Alomomola|Whirlpool|p1a: Gliscor
|-activate|p1a: Gliscor|move: Protect
|
|-heal|p1a: Gliscor|88/100 tox|[from] ability: Poison Heal
|upkeep
|turn|21
|
|t:|1769318322
|switch|p1a: Porygon2|Porygon2|100/100 tox
|-damage|p1a: Porygon2|88/100 tox|[from] Stealth Rock
|-ability|p1a: Porygon2|Regenerator|Trace|[from] ability: Trace|[of] p2a: Alomomola
|move|p2a: Alomomola|Whirlpool|p1a: Porygon2
|-damage|p1a: Porygon2|85/100 tox
|-activate|p1a: Porygon2|move: Whirlpool|[of] p2a: Alomomola
|
|-damage|p1a: Porygon2|79/100 tox|[from] psn
|-damage|p1a: Porygon2|67/100 tox|[from] move: Whirlpool|[partiallytrapped]
|upkeep
|turn|22
|
|t:|1769318336
|switch|p2a: Blissey|Blissey, F|100/100
|move|p1a: Porygon2|Thunderbolt|p2a: Blissey
|-damage|p2a: Blissey|94/100
|
|-damage|p1a: Porygon2|54/100 tox|[from] psn
|-end|p1a: Porygon2|Whirlpool|[partiallytrapped]|[silent]
|upkeep
|turn|23
|
|t:|1769318345
|move|p1a: Porygon2|Recover|p1a: Porygon2
|-heal|p1a: Porygon2|100/100 tox
|move|p2a: Blissey|Seismic Toss|p1a: Porygon2
|-damage|p1a: Porygon2|74/100 tox
|
|-damage|p1a: Porygon2|55/100 tox|[from] psn
|upkeep
|turn|24
|inactive|Battle timer is ON: inactive players will automatically lose when time's up. (requested by lovemod)
|
|t:|1769318373
|switch|p1a: Gliscor|Gliscor, M, tera:Normal|88/100 tox
|-damage|p1a: Gliscor|75/100 tox|[from] Stealth Rock
|move|p2a: Blissey|Seismic Toss|p1a: Gliscor
|-damage|p1a: Gliscor|47/100 tox
|
|-heal|p1a: Gliscor|59/100 tox|[from] ability: Poison Heal
|upkeep
|turn|25
|
|t:|1769318386
|switch|p2a: Alomomola|Alomomola, M|100/100
|move|p1a: Gliscor|Swords Dance|p1a: Gliscor
|-boost|p1a: Gliscor|atk|2
|
|-heal|p1a: Gliscor|72/100 tox|[from] ability: Poison Heal
|upkeep
|turn|26
|
|t:|1769318398
|move|p1a: Gliscor|Swords Dance|p1a: Gliscor
|-boost|p1a: Gliscor|atk|2
|move|p2a: Alomomola|Chilling Water|p1a: Gliscor
|-damage|p1a: Gliscor|64/100 tox
|-unboost|p1a: Gliscor|atk|1
|
|-heal|p1a: Gliscor|76/100 tox|[from] ability: Poison Heal
|upkeep
|turn|27
|
|t:|1769318409
|switch|p2a: Dondozo|Dondozo, F|81/100
|move|p1a: Gliscor|Swords Dance|p1a: Gliscor
|-boost|p1a: Gliscor|atk|2
|
|-heal|p1a: Gliscor|89/100 tox|[from] ability: Poison Heal
|upkeep
|turn|28
|
|t:|1769318422
|switch|p1a: Pecharunt|Pecharunt|100/100
|move|p2a: Dondozo|Sleep Talk||[still]
|-fail|p2a: Dondozo
|
|upkeep
|turn|29
|
|t:|1769318439
|switch|p2a: Toxapex|Toxapex, M|100/100
|move|p1a: Pecharunt|Parting Shot|p2a: Toxapex
|-unboost|p2a: Toxapex|atk|1
|-unboost|p2a: Toxapex|spa|1
|
|t:|1769318459
|switch|p1a: Porygon2|Porygon2|88/100 tox|[from] Parting Shot
|-damage|p1a: Porygon2|76/100 tox|[from] Stealth Rock
|-ability|p1a: Porygon2|Regenerator|Trace|[from] ability: Trace|[of] p2a: Toxapex
|
|-damage|p1a: Porygon2|70/100 tox|[from] psn
|upkeep
|turn|30
|
|t:|1769318469
|switch|p2a: Blissey|Blissey, F|94/100
|move|p1a: Porygon2|Thunder Wave|p2a: Blissey
|-status|p2a: Blissey|par
|
|-damage|p1a: Porygon2|58/100 tox|[from] psn
|upkeep
|turn|31
|inactive|Banixito has 120 seconds left.
|
|t:|1769318491
|switch|p1a: Pecharunt|Pecharunt|100/100
|cant|p2a: Blissey|par
|
|upkeep
|turn|32
|
|t:|1769318500
|move|p1a: Pecharunt|Foul Play|p2a: Blissey
|-damage|p2a: Blissey|91/100 par
|move|p2a: Blissey|Shadow Ball|p1a: Pecharunt
|-supereffective|p1a: Pecharunt
|-damage|p1a: Pecharunt|72/100
|
|upkeep
|turn|33
|inactive|Banixito has 120 seconds left.
|
|t:|1769318517
|switch|p1a: Dragonite|Dragonite, F|100/100
|cant|p2a: Blissey|par
|
|upkeep
|turn|34
|
|t:|1769318523
|-curestatus|p2a: Blissey|par|[from] ability: Natural Cure
|switch|p2a: Alomomola|Alomomola, M|100/100
|move|p1a: Dragonite|Dragon Dance|p1a: Dragonite
|-boost|p1a: Dragonite|atk|1
|-boost|p1a: Dragonite|spe|1
|
|upkeep
|turn|35
|
|t:|1769318538
|move|p1a: Dragonite|Earthquake|p2a: Alomomola
|-damage|p2a: Alomomola|71/100
|move|p2a: Alomomola|Chilling Water|p1a: Dragonite
|-resisted|p1a: Dragonite
|-damage|p1a: Dragonite|98/100
|-unboost|p1a: Dragonite|atk|1
|
|upkeep
|turn|36
|
|t:|1769318546
|move|p1a: Dragonite|Dragon Dance|p1a: Dragonite
|-boost|p1a: Dragonite|atk|1
|-boost|p1a: Dragonite|spe|1
|move|p2a: Alomomola|Whirlpool|p1a: Dragonite
|-resisted|p1a: Dragonite
|-crit|p1a: Dragonite
|-damage|p1a: Dragonite|93/100
|-activate|p1a: Dragonite|move: Whirlpool|[of] p2a: Alomomola
|
|-damage|p1a: Dragonite|81/100|[from] move: Whirlpool|[partiallytrapped]
|upkeep
|turn|37
|
|t:|1769318557
|move|p1a: Dragonite|Earthquake|p2a: Alomomola
|-damage|p2a: Alomomola|45/100
|move|p2a: Alomomola|Chilling Water|p1a: Dragonite
|-resisted|p1a: Dragonite
|-damage|p1a: Dragonite|76/100
|-unboost|p1a: Dragonite|atk|1
|
|-damage|p1a: Dragonite|63/100|[from] move: Whirlpool|[partiallytrapped]
|upkeep
|turn|38
|
|t:|1769318564
|move|p1a: Dragonite|Dragon Dance|p1a: Dragonite
|-boost|p1a: Dragonite|atk|1
|-boost|p1a: Dragonite|spe|1
|move|p2a: Alomomola|Wish|p2a: Alomomola
|
|-damage|p1a: Dragonite|51/100|[from] move: Whirlpool|[partiallytrapped]
|upkeep
|turn|39
|
|t:|1769318576
|move|p1a: Dragonite|Dragon Dance|p1a: Dragonite
|-boost|p1a: Dragonite|atk|1
|-boost|p1a: Dragonite|spe|1
|move|p2a: Alomomola|Chilling Water|p1a: Dragonite
|-resisted|p1a: Dragonite
|-damage|p1a: Dragonite|46/100
|-unboost|p1a: Dragonite|atk|1
|
|-heal|p2a: Alomomola|95/100|[from] move: Wish|[wisher] Alomomola
|-damage|p1a: Dragonite|34/100|[from] move: Whirlpool|[partiallytrapped]
|upkeep
|turn|40
|
|t:|1769318586
|move|p1a: Dragonite|Dragon Dance|p1a: Dragonite
|-boost|p1a: Dragonite|atk|1
|-boost|p1a: Dragonite|spe|1
|move|p2a: Alomomola|Chilling Water|p1a: Dragonite
|-resisted|p1a: Dragonite
|-damage|p1a: Dragonite|29/100
|-unboost|p1a: Dragonite|atk|1
|
|-damage|p1a: Dragonite|17/100|[from] move: Whirlpool|[partiallytrapped]
|upkeep
|turn|41
|
|t:|1769318595
|move|p1a: Dragonite|Earthquake|p2a: Alomomola
|-damage|p2a: Alomomola|67/100
|move|p2a: Alomomola|Chilling Water|p1a: Dragonite
|-resisted|p1a: Dragonite
|-damage|p1a: Dragonite|12/100
|-unboost|p1a: Dragonite|atk|1
|
|-end|p1a: Dragonite|Whirlpool|[partiallytrapped]
|upkeep
|turn|42
|
|t:|1769318606
|move|p1a: Dragonite|Earthquake|p2a: Alomomola
|-damage|p2a: Alomomola|48/100
|move|p2a: Alomomola|Chilling Water|p1a: Dragonite
|-resisted|p1a: Dragonite
|-damage|p1a: Dragonite|8/100
|-unboost|p1a: Dragonite|atk|1
|
|upkeep
|turn|43
|
|t:|1769318615
|move|p1a: Dragonite|Earthquake|p2a: Alomomola
|-damage|p2a: Alomomola|34/100
|move|p2a: Alomomola|Wish|p2a: Alomomola
|
|upkeep
|turn|44
|
|t:|1769318621
|move|p1a: Dragonite|Extreme Speed|p2a: Alomomola
|-damage|p2a: Alomomola|24/100
|move|p2a: Alomomola|Whirlpool|p1a: Dragonite
|-resisted|p1a: Dragonite
|-damage|p1a: Dragonite|4/100
|-activate|p1a: Dragonite|move: Whirlpool|[of] p2a: Alomomola
|
|-heal|p2a: Alomomola|74/100|[from] move: Wish|[wisher] Alomomola
|-damage|p1a: Dragonite|0 fnt|[from] move: Whirlpool|[partiallytrapped]
|faint|p1a: Dragonite
|upkeep
|
|t:|1769318635
|switch|p1a: Darkrai|Darkrai|100/100
|-damage|p1a: Darkrai|88/100|[from] Stealth Rock
|turn|45
|
|t:|1769318640
|switch|p2a: Blissey|Blissey, F|91/100
|move|p1a: Darkrai|Dark Pulse|p2a: Blissey
|-damage|p2a: Blissey|78/100
|
|upkeep
|turn|46
|
|t:|1769318654
|move|p1a: Darkrai|Dark Pulse|p2a: Blissey
|-damage|p2a: Blissey|66/100
|move|p2a: Blissey|Stealth Rock||[still]
|-fail|p2a: Blissey
|
|upkeep
|turn|47
|
|t:|1769318661
|move|p1a: Darkrai|Dark Pulse|p2a: Blissey
|-damage|p2a: Blissey|54/100
|move|p2a: Blissey|Soft-Boiled|p2a: Blissey
|-heal|p2a: Blissey|100/100
|
|upkeep
|turn|48
|
|t:|1769318669
|switch|p1a: Pecharunt|Pecharunt|72/100
|move|p2a: Blissey|Seismic Toss|p1a: Pecharunt
|-immune|p1a: Pecharunt
|
|upkeep
|turn|49
|
|t:|1769318676
|switch|p2a: Toxapex|Toxapex, M|100/100
|move|p1a: Pecharunt|Malignant Chain|p2a: Toxapex
|-resisted|p2a: Toxapex
|-damage|p2a: Toxapex|88/100
|
|upkeep
|turn|50
|
|t:|1769318684
|move|p1a: Pecharunt|Recover|p1a: Pecharunt
|-heal|p1a: Pecharunt|100/100
|move|p2a: Toxapex|Infestation|p1a: Pecharunt
|-resisted|p1a: Pecharunt
|-damage|p1a: Pecharunt|99/100
|-activate|p1a: Pecharunt|move: Infestation|[of] p2a: Toxapex
|
|-damage|p1a: Pecharunt|88/100|[from] move: Infestation|[partiallytrapped]
|upkeep
|turn|51
|
|t:|1769318695
|switch|p1a: Porygon2|Porygon2|91/100 tox
|-damage|p1a: Porygon2|79/100 tox|[from] Stealth Rock
|-ability|p1a: Porygon2|Regenerator|Trace|[from] ability: Trace|[of] p2a: Toxapex
|move|p2a: Toxapex|Haze|p2a: Toxapex
|-clearallboost
|
|-damage|p1a: Porygon2|72/100 tox|[from] psn
|upkeep
|turn|52
|
|t:|1769318705
|switch|p2a: Blissey|Blissey, F|100/100
|move|p1a: Porygon2|Thunder Wave|p2a: Blissey
|-status|p2a: Blissey|par
|
|-damage|p1a: Porygon2|60/100 tox|[from] psn
|upkeep
|turn|53
|
|t:|1769318725
|switch|p1a: Darkrai|Darkrai|88/100
|-damage|p1a: Darkrai|76/100|[from] Stealth Rock
|move|p2a: Blissey|Shadow Ball|p1a: Darkrai
|-resisted|p1a: Darkrai
|-damage|p1a: Darkrai|66/100
|
|upkeep
|turn|54
|
|t:|1769318734
|move|p1a: Darkrai|Trick|p2a: Blissey
|-activate|p1a: Darkrai|move: Trick|[of] p2a: Blissey
|-item|p2a: Blissey|Choice Scarf|[from] move: Trick
|-item|p1a: Darkrai|Heavy-Duty Boots|[from] move: Trick
|move|p2a: Blissey|Seismic Toss|p1a: Darkrai
|-damage|p1a: Darkrai|31/100
|
|upkeep
|turn|55
|
|t:|1769318750
|switch|p1a: Pecharunt|Pecharunt|88/100
|-curestatus|p2a: Blissey|par|[from] ability: Natural Cure
|switch|p2a: Clodsire|Clodsire, M|83/100
|
|upkeep
|turn|56
|
|t:|1769318758
|move|p1a: Pecharunt|Foul Play|p2a: Clodsire
|-damage|p2a: Clodsire|63/100
|move|p2a: Clodsire|Earthquake|p1a: Pecharunt
|-supereffective|p1a: Pecharunt
|-damage|p1a: Pecharunt|62/100
|
|upkeep
|turn|57
|
|t:|1769318768
|move|p1a: Pecharunt|Recover|p1a: Pecharunt
|-heal|p1a: Pecharunt|100/100
|move|p2a: Clodsire|Earthquake|p1a: Pecharunt
|-supereffective|p1a: Pecharunt
|-crit|p1a: Pecharunt
|-damage|p1a: Pecharunt|58/100
|
|upkeep
|turn|58
|
|t:|1769318776
|move|p1a: Pecharunt|Recover|p1a: Pecharunt
|-heal|p1a: Pecharunt|100/100
|move|p2a: Clodsire|Recover|p2a: Clodsire
|-heal|p2a: Clodsire|100/100
|
|upkeep
|turn|59
|
|t:|1769318785
|switch|p2a: Toxapex|Toxapex, M|100/100
|move|p1a: Pecharunt|Parting Shot|p2a: Toxapex
|-unboost|p2a: Toxapex|atk|1
|-unboost|p2a: Toxapex|spa|1
|
|t:|1769318791
|switch|p1a: Porygon2|Porygon2|93/100 tox|[from] Parting Shot
|-damage|p1a: Porygon2|81/100 tox|[from] Stealth Rock
|-ability|p1a: Porygon2|Regenerator|Trace|[from] ability: Trace|[of] p2a: Toxapex
|
|-damage|p1a: Porygon2|75/100 tox|[from] psn
|upkeep
|turn|60
|
|t:|1769318802
|switch|p1a: Gliscor|Gliscor, M, tera:Normal|89/100 tox
|-damage|p1a: Gliscor|76/100 tox|[from] Stealth Rock
|switch|p2a: Clodsire|Clodsire, M|100/100
|
|-heal|p1a: Gliscor|89/100 tox|[from] ability: Poison Heal
|upkeep
|turn|61
|
|t:|1769318814
|move|p1a: Gliscor|Facade|p2a: Clodsire
|-damage|p2a: Clodsire|52/100
|move|p2a: Clodsire|Haze|p2a: Clodsire
|-clearallboost
|
|-heal|p1a: Gliscor|100/100 tox|[from] ability: Poison Heal
|upkeep
|turn|62
|
|t:|1769318824
|switch|p2a: Toxapex|Toxapex, M|100/100
|move|p1a: Gliscor|Earthquake|p2a: Toxapex
|-supereffective|p2a: Toxapex
|-damage|p2a: Toxapex|63/100
|
|upkeep
|turn|63
|
|t:|1769318832
|switch|p2a: Alomomola|Alomomola, M|100/100
|move|p1a: Gliscor|Swords Dance|p1a: Gliscor
|-boost|p1a: Gliscor|atk|2
|
|upkeep
|turn|64
|
|t:|1769318838
|move|p1a: Gliscor|Swords Dance|p1a: Gliscor
|-boost|p1a: Gliscor|atk|2
|move|p2a: Alomomola|Chilling Water|p1a: Gliscor
|-damage|p1a: Gliscor|93/100 tox
|-unboost|p1a: Gliscor|atk|1
|
|-heal|p1a: Gliscor|100/100 tox|[from] ability: Poison Heal
|upkeep
|turn|65
|
|t:|1769318847
|switch|p2a: Dondozo|Dondozo, F|81/100
|move|p1a: Gliscor|Swords Dance|p1a: Gliscor
|-boost|p1a: Gliscor|atk|2
|
|upkeep
|turn|66
|
|t:|1769318863
|move|p1a: Gliscor|Facade|p2a: Dondozo
|-damage|p2a: Dondozo|59/100
|move|p2a: Dondozo|Liquidation|p1a: Gliscor
|-damage|p1a: Gliscor|75/100 tox
|
|-heal|p1a: Gliscor|88/100 tox|[from] ability: Poison Heal
|upkeep
|turn|67
|
|t:|1769318875
|move|p1a: Gliscor|Facade|p2a: Dondozo
|-damage|p2a: Dondozo|36/100
|move|p2a: Dondozo|Body Press|p1a: Gliscor
|-supereffective|p1a: Gliscor
|-damage|p1a: Gliscor|47/100 tox
|
|-heal|p1a: Gliscor|59/100 tox|[from] ability: Poison Heal
|upkeep
|turn|68
|
|t:|1769318885
|move|p1a: Gliscor|Protect|p1a: Gliscor
|-singleturn|p1a: Gliscor|Protect
|move|p2a: Dondozo|Rest|p2a: Dondozo
|-status|p2a: Dondozo|slp|[from] move: Rest
|-heal|p2a: Dondozo|100/100 slp|[silent]
|
|-heal|p1a: Gliscor|72/100 tox|[from] ability: Poison Heal
|upkeep
|turn|69
|
|t:|1769318899
|move|p1a: Gliscor|Facade|p2a: Dondozo
|-damage|p2a: Dondozo|79/100 slp
|cant|p2a: Dondozo|slp
|move|p2a: Dondozo|Sleep Talk|p2a: Dondozo
|move|p2a: Dondozo|Rest||[from] move: Sleep Talk|[still]
|-fail|p2a: Dondozo
|
|-heal|p1a: Gliscor|84/100 tox|[from] ability: Poison Heal
|upkeep
|turn|70
|
|t:|1769318920
|move|p1a: Gliscor|Facade|p2a: Dondozo
|-damage|p2a: Dondozo|58/100 slp
|cant|p2a: Dondozo|slp
|move|p2a: Dondozo|Sleep Talk|p2a: Dondozo
|move|p2a: Dondozo|Body Press|p1a: Gliscor|[from] move: Sleep Talk
|-supereffective|p1a: Gliscor
|-damage|p1a: Gliscor|43/100 tox
|
|-heal|p1a: Gliscor|55/100 tox|[from] ability: Poison Heal
|upkeep
|turn|71
|
|t:|1769318934
|move|p1a: Gliscor|Facade|p2a: Dondozo
|-damage|p2a: Dondozo|37/100 slp
|-curestatus|p2a: Dondozo|slp|[msg]
|move|p2a: Dondozo|Liquidation|p1a: Gliscor
|-damage|p1a: Gliscor|32/100 tox
|
|-heal|p1a: Gliscor|45/100 tox|[from] ability: Poison Heal
|upkeep
|turn|72
|
|t:|1769318946
|move|p1a: Gliscor|Protect|p1a: Gliscor
|-singleturn|p1a: Gliscor|Protect
|move|p2a: Dondozo|Rest|p2a: Dondozo
|-status|p2a: Dondozo|slp|[from] move: Rest
|-heal|p2a: Dondozo|100/100 slp|[silent]
|
|-heal|p1a: Gliscor|57/100 tox|[from] ability: Poison Heal
|upkeep
|turn|73
|
|t:|1769318966
|move|p1a: Gliscor|Facade|p2a: Dondozo
|-damage|p2a: Dondozo|81/100 slp
|cant|p2a: Dondozo|slp
|move|p2a: Dondozo|Sleep Talk|p2a: Dondozo
|move|p2a: Dondozo|Rest||[from] move: Sleep Talk|[still]
|-fail|p2a: Dondozo
|
|-heal|p1a: Gliscor|70/100 tox|[from] ability: Poison Heal
|upkeep
|turn|74
|
|t:|1769318978
|move|p1a: Gliscor|Protect|p1a: Gliscor
|-singleturn|p1a: Gliscor|Protect
|cant|p2a: Dondozo|slp
|move|p2a: Dondozo|Sleep Talk|p2a: Dondozo
|move|p2a: Dondozo|Rest||[from] move: Sleep Talk|[still]
|-fail|p2a: Dondozo
|
|-heal|p1a: Gliscor|82/100 tox|[from] ability: Poison Heal
|upkeep
|turn|75
|
|t:|1769318991
|switch|p1a: Pecharunt|Pecharunt|100/100
|-curestatus|p2a: Dondozo|slp|[msg]
|move|p2a: Dondozo|Body Press|p1a: Pecharunt
|-immune|p1a: Pecharunt
|
|upkeep
|turn|76
|
|t:|1769319001
|switch|p2a: Clodsire|Clodsire, M|52/100
|move|p1a: Pecharunt|Foul Play|p2a: Clodsire
|-damage|p2a: Clodsire|34/100
|
|upkeep
|turn|77
|
|t:|1769319007
|switch|p1a: Gliscor|Gliscor, M, tera:Normal|82/100 tox
|-damage|p1a: Gliscor|70/100 tox|[from] Stealth Rock
|move|p2a: Clodsire|Recover|p2a: Clodsire
|-heal|p2a: Clodsire|84/100
|
|-heal|p1a: Gliscor|82/100 tox|[from] ability: Poison Heal
|upkeep
|turn|78
|
|t:|1769319017
|move|p1a: Gliscor|Swords Dance|p1a: Gliscor
|-boost|p1a: Gliscor|atk|2
|move|p2a: Clodsire|Haze|p2a: Clodsire
|-clearallboost
|
|-heal|p1a: Gliscor|95/100 tox|[from] ability: Poison Heal
|upkeep
|turn|79
|
|t:|1769319030
|switch|p2a: Talonflame|Talonflame, M|73/100 par
|move|p1a: Gliscor|Earthquake|p2a: Talonflame
|-immune|p2a: Talonflame
|
|-heal|p1a: Gliscor|100/100 tox|[from] ability: Poison Heal
|upkeep
|turn|80
|
|t:|1769319046
|move|p1a: Gliscor|Swords Dance|p1a: Gliscor
|-boost|p1a: Gliscor|atk|2
|move|p2a: Talonflame|Roost|p2a: Talonflame
|-heal|p2a: Talonflame|100/100 par
|-singleturn|p2a: Talonflame|move: Roost
|
|upkeep
|turn|81
|
|t:|1769319066
|switch|p2a: Dondozo|Dondozo, F|81/100
|move|p1a: Gliscor|Swords Dance|p1a: Gliscor
|-boost|p1a: Gliscor|atk|2
|
|upkeep
|turn|82
|
|t:|1769319076
|move|p1a: Gliscor|Facade|p2a: Dondozo
|-damage|p2a: Dondozo|61/100
|move|p2a: Dondozo|Liquidation|p1a: Gliscor
|-damage|p1a: Gliscor|77/100 tox
|
|-heal|p1a: Gliscor|89/100 tox|[from] ability: Poison Heal
|upkeep
|turn|83
|
|t:|1769319084
|move|p1a: Gliscor|Facade|p2a: Dondozo
|-damage|p2a: Dondozo|41/100
|move|p2a: Dondozo|Liquidation|p1a: Gliscor
|-damage|p1a: Gliscor|65/100 tox
|
|-heal|p1a: Gliscor|78/100 tox|[from] ability: Poison Heal
|upkeep
|turn|84
|
|t:|1769319093
|move|p1a: Gliscor|Facade|p2a: Dondozo
|-damage|p2a: Dondozo|20/100
|move|p2a: Dondozo|Liquidation|p1a: Gliscor
|-damage|p1a: Gliscor|54/100 tox
|
|-heal|p1a: Gliscor|66/100 tox|[from] ability: Poison Heal
|upkeep
|turn|85
|
|t:|1769319101
|move|p1a: Gliscor|Facade|p2a: Dondozo
|-damage|p2a: Dondozo|1/100
|move|p2a: Dondozo|Rest|p2a: Dondozo
|-status|p2a: Dondozo|slp|[from] move: Rest
|-heal|p2a: Dondozo|100/100 slp|[silent]
|
|-heal|p1a: Gliscor|79/100 tox|[from] ability: Poison Heal
|upkeep
|turn|86
|
|t:|1769319112
|move|p1a: Gliscor|Facade|p2a: Dondozo
|-damage|p2a: Dondozo|80/100 slp
|cant|p2a: Dondozo|slp
|
|-heal|p1a: Gliscor|91/100 tox|[from] ability: Poison Heal
|upkeep
|turn|87
|
|t:|1769319119
|move|p1a: Gliscor|Facade|p2a: Dondozo
|-damage|p2a: Dondozo|58/100 slp
|cant|p2a: Dondozo|slp
|
|-heal|p1a: Gliscor|100/100 tox|[from] ability: Poison Heal
|upkeep
|turn|88
|
|t:|1769319129
|move|p1a: Gliscor|Facade|p2a: Dondozo
|-damage|p2a: Dondozo|39/100 slp
|-curestatus|p2a: Dondozo|slp|[msg]
|move|p2a: Dondozo|Liquidation|p1a: Gliscor
|-damage|p1a: Gliscor|76/100 tox
|
|-heal|p1a: Gliscor|89/100 tox|[from] ability: Poison Heal
|upkeep
|turn|89
|
|t:|1769319140
|move|p1a: Gliscor|Facade|p2a: Dondozo
|-damage|p2a: Dondozo|19/100
|move|p2a: Dondozo|Rest|p2a: Dondozo
|-status|p2a: Dondozo|slp|[from] move: Rest
|-heal|p2a: Dondozo|100/100 slp|[silent]
|
|-heal|p1a: Gliscor|100/100 tox|[from] ability: Poison Heal
|upkeep
|turn|90
|
|t:|1769319158
|move|p1a: Gliscor|Facade|p2a: Dondozo
|-damage|p2a: Dondozo|81/100 slp
|cant|p2a: Dondozo|slp
|
|upkeep
|turn|91
|
|t:|1769319163
|move|p1a: Gliscor|Earthquake|p2a: Dondozo
|-damage|p2a: Dondozo|67/100 slp
|cant|p2a: Dondozo|slp
|
|upkeep
|turn|92
|
|t:|1769319171
|move|p1a: Gliscor|Facade|p2a: Dondozo
|-damage|p2a: Dondozo|46/100 slp
|-curestatus|p2a: Dondozo|slp|[msg]
|move|p2a: Dondozo|Body Press|p1a: Gliscor
|-supereffective|p1a: Gliscor
|-damage|p1a: Gliscor|55/100 tox
|
|-heal|p1a: Gliscor|68/100 tox|[from] ability: Poison Heal
|upkeep
|turn|93
|
|t:|1769319182
|move|p1a: Gliscor|Protect|p1a: Gliscor
|-singleturn|p1a: Gliscor|Protect
|move|p2a: Dondozo|Body Press|p1a: Gliscor
|-activate|p1a: Gliscor|move: Protect
|
|-heal|p1a: Gliscor|80/100 tox|[from] ability: Poison Heal
|upkeep
|turn|94
|
|t:|1769319189
|switch|p1a: Pecharunt|Pecharunt|100/100
|move|p2a: Dondozo|Body Press|p1a: Pecharunt
|-immune|p1a: Pecharunt
|
|upkeep
|turn|95
|
|t:|1769319198
|switch|p1a: Gliscor|Gliscor, M, tera:Normal|80/100 tox
|-damage|p1a: Gliscor|68/100 tox|[from] Stealth Rock
|switch|p2a: Toxapex|Toxapex, M|96/100
|
|-heal|p1a: Gliscor|80/100 tox|[from] ability: Poison Heal
|upkeep
|turn|96
|
|t:|1769319209
|move|p1a: Gliscor|Earthquake|p2a: Toxapex
|-supereffective|p2a: Toxapex
|-damage|p2a: Toxapex|58/100
|move|p2a: Toxapex|Infestation|p1a: Gliscor
|-damage|p1a: Gliscor|78/100 tox
|-activate|p1a: Gliscor|move: Infestation|[of] p2a: Toxapex
|
|-heal|p1a: Gliscor|90/100 tox|[from] ability: Poison Heal
|-damage|p1a: Gliscor|78/100 tox|[from] move: Infestation|[partiallytrapped]
|upkeep
|turn|97
|
|t:|1769319222
|move|p1a: Gliscor|Swords Dance|p1a: Gliscor
|-boost|p1a: Gliscor|atk|2
|move|p2a: Toxapex|Recover|p2a: Toxapex
|-heal|p2a: Toxapex|100/100
|
|-heal|p1a: Gliscor|90/100 tox|[from] ability: Poison Heal
|-damage|p1a: Gliscor|78/100 tox|[from] move: Infestation|[partiallytrapped]
|upkeep
|turn|98
|
|t:|1769319231
|move|p1a: Gliscor|Earthquake|p2a: Toxapex
|-supereffective|p2a: Toxapex
|-damage|p2a: Toxapex|19/100
|move|p2a: Toxapex|Haze|p2a: Toxapex
|-clearallboost
|
|-heal|p1a: Gliscor|90/100 tox|[from] ability: Poison Heal
|-damage|p1a: Gliscor|78/100 tox|[from] move: Infestation|[partiallytrapped]
|upkeep
|turn|99
|
|t:|1769319242
|switch|p2a: Alomomola|Alomomola, M|100/100
|move|p1a: Gliscor|Earthquake|p2a: Alomomola
|-damage|p2a: Alomomola|83/100
|
|-heal|p1a: Gliscor|90/100 tox|[from] ability: Poison Heal
|-end|p1a: Gliscor|Infestation|[partiallytrapped]|[silent]
|upkeep
|turn|100
|
|t:|1769319254
|move|p1a: Gliscor|Swords Dance|p1a: Gliscor
|-boost|p1a: Gliscor|atk|2
|move|p2a: Alomomola|Chilling Water|p1a: Gliscor
|-damage|p1a: Gliscor|83/100 tox
|-unboost|p1a: Gliscor|atk|1
|
|-heal|p1a: Gliscor|95/100 tox|[from] ability: Poison Heal
|upkeep
|turn|101
|
|t:|1769319278
|switch|p2a: Dondozo|Dondozo, F|46/100
|move|p1a: Gliscor|Swords Dance|p1a: Gliscor
|-boost|p1a: Gliscor|atk|2
|
|-heal|p1a: Gliscor|100/100 tox|[from] ability: Poison Heal
|upkeep
|turn|102
|inactive|lovemod has 120 seconds left.
|
|t:|1769319290
|switch|p1a: Pecharunt|Pecharunt|100/100
|move|p2a: Dondozo|Liquidation|p1a: Pecharunt
|-damage|p1a: Pecharunt|85/100
|
|upkeep
|turn|103
|inactive|lovemod has 120 seconds left.
|
|t:|1769319303
|switch|p2a: Toxapex|Toxapex, M|52/100
|move|p1a: Pecharunt|Foul Play|p2a: Toxapex
|-damage|p2a: Toxapex|46/100
|
|upkeep
|turn|104
|inactive|lovemod has 120 seconds left.
|
|t:|1769319312
|move|p1a: Pecharunt|Parting Shot|p2a: Toxapex
|-unboost|p2a: Toxapex|atk|1
|-unboost|p2a: Toxapex|spa|1
|
|t:|1769319320
|switch|p1a: Gliscor|Gliscor, M, tera:Normal|100/100 tox|[from] Parting Shot
|-damage|p1a: Gliscor|88/100 tox|[from] Stealth Rock
|move|p2a: Toxapex|Recover|p2a: Toxapex
|-heal|p2a: Toxapex|96/100
|
|-heal|p1a: Gliscor|100/100 tox|[from] ability: Poison Heal
|upkeep
|turn|105
|inactive|lovemod has 120 seconds left.
|
|t:|1769319331
|move|p1a: Gliscor|Swords Dance|p1a: Gliscor
|-boost|p1a: Gliscor|atk|2
|move|p2a: Toxapex|Haze|p2a: Toxapex
|-clearallboost
|
|upkeep
|turn|106
|inactive|lovemod has 120 seconds left.
|
|t:|1769319338
|move|p1a: Gliscor|Swords Dance|p1a: Gliscor
|-boost|p1a: Gliscor|atk|2
|move|p2a: Toxapex|Haze|p2a: Toxapex
|-clearallboost
|
|upkeep
|turn|107
|inactive|lovemod has 120 seconds left.
|
|t:|1769319344
|move|p1a: Gliscor|Earthquake|p2a: Toxapex
|-supereffective|p2a: Toxapex
|-damage|p2a: Toxapex|56/100
|move|p2a: Toxapex|Haze|p2a: Toxapex
|-clearallboost
|
|upkeep
|turn|108
|inactive|lovemod has 120 seconds left.
|
|t:|1769319351
|move|p1a: Gliscor|Earthquake|p2a: Toxapex
|-supereffective|p2a: Toxapex
|-damage|p2a: Toxapex|16/100
|move|p2a: Toxapex|Haze|p2a: Toxapex
|-clearallboost
|
|upkeep
|turn|109
|inactive|lovemod has 120 seconds left.
|
|t:|1769319360
|switch|p2a: Alomomola|Alomomola, M|100/100
|move|p1a: Gliscor|Facade|p2a: Alomomola
|-damage|p2a: Alomomola|77/100
|
|upkeep
|turn|110
|inactive|lovemod has 120 seconds left.
|
|t:|1769319369
|move|p1a: Gliscor|Swords Dance|p1a: Gliscor
|-boost|p1a: Gliscor|atk|2
|move|p2a: Alomomola|Chilling Water|p1a: Gliscor
|-damage|p1a: Gliscor|93/100 tox
|-unboost|p1a: Gliscor|atk|1
|
|-heal|p1a: Gliscor|100/100 tox|[from] ability: Poison Heal
|upkeep
|turn|111
|inactive|lovemod has 120 seconds left.
|
|t:|1769319381
|switch|p1a: Porygon2|Porygon2|100/100 tox
|-damage|p1a: Porygon2|88/100 tox|[from] Stealth Rock
|-ability|p1a: Porygon2|Regenerator|Trace|[from] ability: Trace|[of] p2a: Alomomola
|move|p2a: Alomomola|Wish|p2a: Alomomola
|
|-damage|p1a: Porygon2|82/100 tox|[from] psn
|upkeep
|turn|112
|
|t:|1769319403
|switch|p2a: Clodsire|Clodsire, M|84/100
|move|p1a: Porygon2|Thunder Wave|p2a: Clodsire
|-immune|p2a: Clodsire
|
|-heal|p2a: Clodsire|100/100|[from] move: Wish|[wisher] Alomomola
|-damage|p1a: Porygon2|70/100 tox|[from] psn
|upkeep
|turn|113
|
|t:|1769319414
|switch|p1a: Gliscor|Gliscor, M, tera:Normal|100/100 tox
|-damage|p1a: Gliscor|88/100 tox|[from] Stealth Rock
|move|p2a: Clodsire|Haze|p2a: Clodsire
|-clearallboost
|
|-heal|p1a: Gliscor|100/100 tox|[from] ability: Poison Heal
|upkeep
|turn|114
|inactive|lovemod has 90 seconds left.
|
|t:|1769319430
|switch|p2a: Alomomola|Alomomola, M|100/100
|move|p1a: Gliscor|Earthquake|p2a: Alomomola
|-damage|p2a: Alomomola|83/100
|
|upkeep
|turn|115
|inactive|lovemod has 90 seconds left.
|
|t:|1769319437
|move|p1a: Gliscor|Swords Dance|p1a: Gliscor
|-boost|p1a: Gliscor|atk|2
|move|p2a: Alomomola|Wish|p2a: Alomomola
|
|upkeep
|turn|116
|
|t:|1769319443
|switch|p2a: Dondozo|Dondozo, F|46/100
|move|p1a: Gliscor|Swords Dance|p1a: Gliscor
|-boost|p1a: Gliscor|atk|2
|
|-heal|p2a: Dondozo|99/100|[from] move: Wish|[wisher] Alomomola
|upkeep
|turn|117
|inactive|lovemod has 90 seconds left.
|
|t:|1769319454
|move|p1a: Gliscor|Facade|p2a: Dondozo
|-damage|p2a: Dondozo|78/100
|move|p2a: Dondozo|Liquidation|p1a: Gliscor
|-crit|p1a: Gliscor
|-damage|p1a: Gliscor|65/100 tox
|
|-heal|p1a: Gliscor|77/100 tox|[from] ability: Poison Heal
|upkeep
|turn|118
|inactive|lovemod has 90 seconds left.
|
|t:|1769319465
|move|p1a: Gliscor|Facade|p2a: Dondozo
|-damage|p2a: Dondozo|59/100
|move|p2a: Dondozo|Liquidation|p1a: Gliscor
|-damage|p1a: Gliscor|54/100 tox
|-unboost|p1a: Gliscor|def|1
|
|-heal|p1a: Gliscor|67/100 tox|[from] ability: Poison Heal
|upkeep
|turn|119
|
|t:|1769319475
|move|p1a: Gliscor|Protect|p1a: Gliscor
|-singleturn|p1a: Gliscor|Protect
|move|p2a: Dondozo|Sleep Talk||[still]
|-fail|p2a: Dondozo
|
|-heal|p1a: Gliscor|79/100 tox|[from] ability: Poison Heal
|upkeep
|turn|120
|
|t:|1769319485
|switch|p1a: Pecharunt|Pecharunt|85/100
|move|p2a: Dondozo|Liquidation|p1a: Pecharunt
|-damage|p1a: Pecharunt|70/100
|-unboost|p1a: Pecharunt|def|1
|
|upkeep
|turn|121
|
|t:|1769319495
|switch|p2a: Toxapex|Toxapex, M|49/100
|move|p1a: Pecharunt|Parting Shot|p2a: Toxapex
|-unboost|p2a: Toxapex|atk|1
|-unboost|p2a: Toxapex|spa|1
|inactive|Banixito has 120 seconds left.
|
|t:|1769319512
|switch|p1a: Porygon2|Porygon2|100/100 tox|[from] Parting Shot
|-damage|p1a: Porygon2|88/100 tox|[from] Stealth Rock
|-ability|p1a: Porygon2|Regenerator|Trace|[from] ability: Trace|[of] p2a: Toxapex
|
|-damage|p1a: Porygon2|82/100 tox|[from] psn
|upkeep
|turn|122
|
|t:|1769319522
|switch|p2a: Blissey|Blissey, F|100/100
|move|p1a: Porygon2|Ice Beam|p2a: Blissey
|-damage|p2a: Blissey|94/100
|
|-damage|p1a: Porygon2|70/100 tox|[from] psn
|upkeep
|turn|123
|
|t:|1769319533
|move|p2a: Blissey|Seismic Toss|p1a: Porygon2
|-damage|p1a: Porygon2|43/100 tox
|move|p1a: Porygon2|Recover|p1a: Porygon2
|-heal|p1a: Porygon2|93/100 tox
|
|-damage|p1a: Porygon2|75/100 tox|[from] psn
|upkeep
|turn|124
|
|t:|1769319541
|switch|p1a: Pecharunt|Pecharunt|70/100
|move|p2a: Blissey|Seismic Toss|p1a: Pecharunt
|-immune|p1a: Pecharunt
|
|upkeep
|turn|125
|
|t:|1769319551
|switch|p2a: Toxapex|Toxapex, M|82/100
|move|p1a: Pecharunt|Recover|p1a: Pecharunt
|-heal|p1a: Pecharunt|100/100
|
|upkeep
|turn|126
|inactive|Banixito has 120 seconds left.
|
|t:|1769319558
|move|p1a: Pecharunt|Foul Play|p2a: Toxapex
|-damage|p2a: Toxapex|75/100
|move|p2a: Toxapex|Infestation|p1a: Pecharunt
|-resisted|p1a: Pecharunt
|-crit|p1a: Pecharunt
|-damage|p1a: Pecharunt|99/100
|-activate|p1a: Pecharunt|move: Infestation|[of] p2a: Toxapex
|
|-damage|p1a: Pecharunt|87/100|[from] move: Infestation|[partiallytrapped]
|upkeep
|turn|127
|inactive|Banixito has 120 seconds left.
|
|t:|1769319573
|switch|p1a: Gliscor|Gliscor, M, tera:Normal|79/100 tox
|-damage|p1a: Gliscor|67/100 tox|[from] Stealth Rock
|move|p2a: Toxapex|Haze|p2a: Toxapex
|-clearallboost
|
|-heal|p1a: Gliscor|79/100 tox|[from] ability: Poison Heal
|upkeep
|turn|128
|
|t:|1769319582
|move|p1a: Gliscor|Earthquake|p2a: Toxapex
|-supereffective|p2a: Toxapex
|-damage|p2a: Toxapex|35/100
|move|p2a: Toxapex|Haze|p2a: Toxapex
|-clearallboost
|
|-heal|p1a: Gliscor|92/100 tox|[from] ability: Poison Heal
|upkeep
|turn|129
|
|t:|1769319590
|switch|p2a: Talonflame|Talonflame, M|100/100 par
|move|p1a: Gliscor|Earthquake|p2a: Talonflame
|-immune|p2a: Talonflame
|
|-heal|p1a: Gliscor|100/100 tox|[from] ability: Poison Heal
|upkeep
|turn|130
|inactive|lovemod has 60 seconds left.
|
|t:|1769319600
|switch|p2a: Alomomola|Alomomola, M|100/100
|move|p1a: Gliscor|Swords Dance|p1a: Gliscor
|-boost|p1a: Gliscor|atk|2
|
|upkeep
|turn|131
|inactive|lovemod has 60 seconds left.
|
|t:|1769319606
|move|p1a: Gliscor|Facade|p2a: Alomomola
|-damage|p2a: Alomomola|53/100
|move|p2a: Alomomola|Wish|p2a: Alomomola
|
|upkeep
|turn|132
|inactive|Banixito has 120 seconds left.
|inactive|lovemod has 60 seconds left.
|
|t:|1769319612
|switch|p1a: Porygon2|Porygon2|100/100 tox
|-damage|p1a: Porygon2|88/100 tox|[from] Stealth Rock
|-ability|p1a: Porygon2|Regenerator|Trace|[from] ability: Trace|[of] p2a: Alomomola
|switch|p2a: Dondozo|Dondozo, F|59/100
|
|-heal|p2a: Dondozo|100/100|[from] move: Wish|[wisher] Alomomola
|-damage|p1a: Porygon2|82/100 tox|[from] psn
|upkeep
|turn|133
|inactive|Banixito has 120 seconds left.
|inactive|lovemod has 60 seconds left.
|
|t:|1769319624
|switch|p2a: Blissey|Blissey, F|94/100
|move|p1a: Porygon2|Thunder Wave|p2a: Blissey
|-status|p2a: Blissey|par
|
|-damage|p1a: Porygon2|70/100 tox|[from] psn
|upkeep
|turn|134
|
|t:|1769319639
|switch|p1a: Gliscor|Gliscor, M, tera:Normal|100/100 tox
|-damage|p1a: Gliscor|88/100 tox|[from] Stealth Rock
|move|p2a: Blissey|Seismic Toss|p1a: Gliscor
|-damage|p1a: Gliscor|60/100 tox
|
|-heal|p1a: Gliscor|72/100 tox|[from] ability: Poison Heal
|upkeep
|turn|135
|
|t:|1769319657
|-curestatus|p2a: Blissey|par|[from] ability: Natural Cure
|switch|p2a: Alomomola|Alomomola, M|87/100
|move|p1a: Gliscor|Swords Dance|p1a: Gliscor
|-boost|p1a: Gliscor|atk|2
|
|-heal|p1a: Gliscor|85/100 tox|[from] ability: Poison Heal
|upkeep
|turn|136
|
|t:|1769319670
|move|p1a: Gliscor|Facade|p2a: Alomomola
|-damage|p2a: Alomomola|35/100
|move|p2a: Alomomola|Wish|p2a: Alomomola
|
|-heal|p1a: Gliscor|97/100 tox|[from] ability: Poison Heal
|upkeep
|turn|137
|
|t:|1769319677
|move|p2a: Alomomola|Protect|p2a: Alomomola
|-singleturn|p2a: Alomomola|Protect
|move|p1a: Gliscor|Facade|p2a: Alomomola
|-activate|p2a: Alomomola|move: Protect
|
|-heal|p2a: Alomomola|85/100|[from] move: Wish|[wisher] Alomomola
|-heal|p1a: Gliscor|100/100 tox|[from] ability: Poison Heal
|upkeep
|turn|138
|
|t:|1769319690
|move|p1a: Gliscor|Facade|p2a: Alomomola
|-damage|p2a: Alomomola|39/100
|move|p2a: Alomomola|Chilling Water|p1a: Gliscor
|-damage|p1a: Gliscor|93/100 tox
|-unboost|p1a: Gliscor|atk|1
|
|-heal|p1a: Gliscor|100/100 tox|[from] ability: Poison Heal
|upkeep
|turn|139
|inactive|lovemod has 30 seconds left.
|
|t:|1769319701
|switch|p2a: Dondozo|Dondozo, F|100/100
|move|p1a: Gliscor|Swords Dance|p1a: Gliscor
|-boost|p1a: Gliscor|atk|2
|
|upkeep
|turn|140
|inactive|lovemod has 30 seconds left.
|
|t:|1769319712
|switch|p1a: Porygon2|Porygon2|100/100 tox
|-damage|p1a: Porygon2|88/100 tox|[from] Stealth Rock
|-ability|p1a: Porygon2|Unaware|Trace|[from] ability: Trace|[of] p2a: Dondozo
|move|p2a: Dondozo|Sleep Talk||[still]
|-fail|p2a: Dondozo
|
|-damage|p1a: Porygon2|82/100 tox|[from] psn
|upkeep
|turn|141
|inactive|lovemod has 30 seconds left this turn.
|inactive|Banixito has 90 seconds left.
|
|t:|1769319727
|switch|p2a: Blissey|Blissey, F|94/100
|move|p1a: Porygon2|Thunderbolt|p2a: Blissey
|-damage|p2a: Blissey|88/100
|
|-damage|p1a: Porygon2|70/100 tox|[from] psn
|upkeep
|turn|142
|inactive|lovemod has 30 seconds left this turn.
|
|t:|1769319736
|switch|p1a: Pecharunt|Pecharunt|87/100
|move|p2a: Blissey|Seismic Toss|p1a: Pecharunt
|-immune|p1a: Pecharunt
|
|upkeep
|turn|143
|inactive|lovemod has 30 seconds left this turn.
|
|t:|1769319743
|switch|p2a: Toxapex|Toxapex, M|68/100
|move|p1a: Pecharunt|Parting Shot|p2a: Toxapex
|-unboost|p2a: Toxapex|atk|1
|-unboost|p2a: Toxapex|spa|1
|
|t:|1769319749
|switch|p1a: Gliscor|Gliscor, M, tera:Normal|100/100 tox|[from] Parting Shot
|-damage|p1a: Gliscor|88/100 tox|[from] Stealth Rock
|
|-heal|p1a: Gliscor|100/100 tox|[from] ability: Poison Heal
|upkeep
|turn|144
|inactive|lovemod has 30 seconds left.
|
|t:|1769319758
|switch|p2a: Talonflame|Talonflame, M|100/100 par
|move|p1a: Gliscor|Earthquake|p2a: Talonflame
|-immune|p2a: Talonflame
|
|upkeep
|turn|145
|inactive|Banixito has 90 seconds left.
|inactive|lovemod has 30 seconds left.
|
|t:|1769319768
|switch|p1a: Porygon2|Porygon2|70/100 tox
|-damage|p1a: Porygon2|57/100 tox|[from] Stealth Rock
|-ability|p1a: Porygon2|Flame Body|Trace|[from] ability: Trace|[of] p2a: Talonflame
|move|p2a: Talonflame|Roost||[still]
|-fail|p2a: Talonflame|heal
|
|-damage|p1a: Porygon2|51/100 tox|[from] psn
|upkeep
|turn|146
|inactive|lovemod has 30 seconds left this turn.
|inactive|Banixito has 90 seconds left.
|inactive|lovemod has 20 seconds left.
|inactive|lovemod has 15 seconds left.
|
|t:|1769319783
|switch|p2a: Blissey|Blissey, F|88/100
|move|p1a: Porygon2|Recover|p1a: Porygon2
|-heal|p1a: Porygon2|100/100 tox
|
|-damage|p1a: Porygon2|88/100 tox|[from] psn
|upkeep
|turn|147
|inactive|lovemod has 20 seconds left this turn.
|inactive|Banixito has 90 seconds left.
|inactive|lovemod has 15 seconds left.
|
|t:|1769319791
|switch|p2a: Alomomola|Alomomola, M|73/100
|switch|p1a: Pecharunt|Pecharunt|87/100
|
|upkeep
|turn|148
|inactive|lovemod has 20 seconds left this turn.
|inactive|Banixito has 90 seconds left.
|inactive|lovemod has 15 seconds left.
|
|t:|1769319799
|switch|p2a: Toxapex|Toxapex, M|100/100
|move|p1a: Pecharunt|Malignant Chain|p2a: Toxapex
|-resisted|p2a: Toxapex
|-damage|p2a: Toxapex|89/100
|
|upkeep
|turn|149
|inactive|lovemod has 20 seconds left this turn.
|inactive|Banixito has 90 seconds left.
|inactive|lovemod has 15 seconds left.
|
|t:|1769319809
|move|p1a: Pecharunt|Malignant Chain|p2a: Toxapex
|-resisted|p2a: Toxapex
|-damage|p2a: Toxapex|76/100
|move|p2a: Toxapex|Infestation|p1a: Pecharunt
|-resisted|p1a: Pecharunt
|-damage|p1a: Pecharunt|87/100
|-activate|p1a: Pecharunt|move: Infestation|[of] p2a: Toxapex
|
|-damage|p1a: Pecharunt|74/100|[from] move: Infestation|[partiallytrapped]
|upkeep
|turn|150
|inactive|lovemod has 20 seconds left this turn.
|inactive|Banixito has 90 seconds left.
|inactive|lovemod has 15 seconds left.
|
|t:|1769319819
|move|p1a: Pecharunt|Recover|p1a: Pecharunt
|-heal|p1a: Pecharunt|100/100
|move|p2a: Toxapex|Recover|p2a: Toxapex
|-heal|p2a: Toxapex|100/100
|
|-damage|p1a: Pecharunt|88/100|[from] move: Infestation|[partiallytrapped]
|upkeep
|turn|151
|inactive|lovemod has 20 seconds left this turn.
|inactive|Banixito has 90 seconds left.
|inactive|lovemod has 15 seconds left.
|
|t:|1769319827
|switch|p1a: Porygon2|Porygon2|88/100 tox
|-damage|p1a: Porygon2|76/100 tox|[from] Stealth Rock
|-ability|p1a: Porygon2|Regenerator|Trace|[from] ability: Trace|[of] p2a: Toxapex
|move|p2a: Toxapex|Haze|p2a: Toxapex
|-clearallboost
|
|-damage|p1a: Porygon2|70/100 tox|[from] psn
|upkeep
|turn|152
|inactive|lovemod has 20 seconds left this turn.
|inactive|Banixito has 90 seconds left.
|inactive|lovemod has 15 seconds left.
|inactive|lovemod has 10 seconds left.
|
|t:|1769319838
|switch|p2a: Blissey|Blissey, F|88/100
|move|p1a: Porygon2|Thunderbolt|p2a: Blissey
|-damage|p2a: Blissey|82/100
|
|-damage|p1a: Porygon2|57/100 tox|[from] psn
|upkeep
|turn|153
|inactive|lovemod has 15 seconds left this turn.
|inactiveoff|Battle timer is now OFF.
|
|t:|1769319848
|switch|p1a: Pecharunt|Pecharunt|88/100
|move|p2a: Blissey|Shadow Ball|p1a: Pecharunt
|-supereffective|p1a: Pecharunt
|-damage|p1a: Pecharunt|59/100
|
|upkeep
|turn|154
|
|t:|1769319855
|move|p1a: Pecharunt|Recover|p1a: Pecharunt
|-heal|p1a: Pecharunt|100/100
|move|p2a: Blissey|Shadow Ball|p1a: Pecharunt
|-supereffective|p1a: Pecharunt
|-damage|p1a: Pecharunt|72/100
|-unboost|p1a: Pecharunt|spd|1
|
|upkeep
|turn|155
|inactive|Battle timer is ON: inactive players will automatically lose when time's up. (requested by Banixito)
|inactive|lovemod has 20 seconds left this turn.
|inactive|lovemod has 15 seconds left.
|
|t:|1769319866
|switch|p2a: Toxapex|Toxapex, M|100/100
|switch|p1a: Porygon2|Porygon2|91/100 tox
|-damage|p1a: Porygon2|78/100 tox|[from] Stealth Rock
|-ability|p1a: Porygon2|Regenerator|Trace|[from] ability: Trace|[of] p2a: Toxapex
|
|-damage|p1a: Porygon2|72/100 tox|[from] psn
|upkeep
|turn|156
|inactive|lovemod has 20 seconds left this turn.
|inactive|lovemod has 15 seconds left.
|
|t:|1769319876
|switch|p2a: Blissey|Blissey, F|82/100
|move|p1a: Porygon2|Recover|p1a: Porygon2
|-heal|p1a: Porygon2|100/100 tox
|
|-damage|p1a: Porygon2|88/100 tox|[from] psn
|upkeep
|turn|157
|inactive|lovemod has 20 seconds left this turn.
|inactive|lovemod has 15 seconds left.
|inactive|Banixito has 90 seconds left.
|
|t:|1769319889
|move|p2a: Blissey|Shadow Ball|p1a: Porygon2
|-immune|p1a: Porygon2
|move|p1a: Porygon2|Thunder Wave|p2a: Blissey
|-status|p2a: Blissey|par
|
|-damage|p1a: Porygon2|70/100 tox|[from] psn
|upkeep
|turn|158
|inactive|lovemod has 20 seconds left this turn.
|inactive|Banixito has 90 seconds left.
|inactive|lovemod has 15 seconds left.
|
|t:|1769319896
|switch|p1a: Pecharunt|Pecharunt|72/100
|cant|p2a: Blissey|par
|
|upkeep
|turn|159
|inactive|lovemod has 20 seconds left this turn.
|inactive|lovemod has 15 seconds left.
|
|t:|1769319902
|-curestatus|p2a: Blissey|par|[from] ability: Natural Cure
|switch|p2a: Toxapex|Toxapex, M|100/100
|move|p1a: Pecharunt|Recover|p1a: Pecharunt
|-heal|p1a: Pecharunt|100/100
|
|upkeep
|turn|160
|inactive|lovemod has 20 seconds left this turn.
|inactive|lovemod has 15 seconds left.
|
|t:|1769319910
|move|p1a: Pecharunt|Foul Play|p2a: Toxapex
|-damage|p2a: Toxapex|94/100
|move|p2a: Toxapex|Infestation|p1a: Pecharunt
|-resisted|p1a: Pecharunt
|-damage|p1a: Pecharunt|99/100
|-activate|p1a: Pecharunt|move: Infestation|[of] p2a: Toxapex
|
|-damage|p1a: Pecharunt|87/100|[from] move: Infestation|[partiallytrapped]
|upkeep
|turn|161
|inactive|lovemod has 20 seconds left this turn.
|inactive|lovemod has 15 seconds left.
|
|t:|1769319918
|move|p1a: Pecharunt|Parting Shot|p2a: Toxapex
|-unboost|p2a: Toxapex|atk|1
|-unboost|p2a: Toxapex|spa|1
|
|t:|1769319925
|switch|p1a: Darkrai|Darkrai|31/100|[from] Parting Shot
|move|p2a: Toxapex|Infestation|p1a: Darkrai
|-supereffective|p1a: Darkrai
|-damage|p1a: Darkrai|25/100
|-activate|p1a: Darkrai|move: Infestation|[of] p2a: Toxapex
|
|-damage|p1a: Darkrai|13/100|[from] move: Infestation|[partiallytrapped]
|upkeep
|turn|162
|inactive|lovemod has 25 seconds left this turn.
|inactive|lovemod has 20 seconds left.
|inactive|Banixito has 90 seconds left.
|
|t:|1769319938
|move|p1a: Darkrai|Dark Pulse|p2a: Toxapex
|-damage|p2a: Toxapex|59/100
|move|p2a: Toxapex|Recover|p2a: Toxapex
|-heal|p2a: Toxapex|100/100
|
|-damage|p1a: Darkrai|0 fnt|[from] move: Infestation|[partiallytrapped]
|faint|p1a: Darkrai
|upkeep
|inactive|Banixito has 90 seconds left.
|
|t:|1769319949
|switch|p1a: Gliscor|Gliscor, M, tera:Normal|100/100 tox
|-damage|p1a: Gliscor|88/100 tox|[from] Stealth Rock
|turn|163
|inactive|lovemod has 30 seconds left this turn.
|
|t:|1769319955
|switch|p1a: Pecharunt|Pecharunt|87/100
|move|p2a: Toxapex|Haze|p2a: Toxapex
|-clearallboost
|
|upkeep
|turn|164
|inactive|lovemod has 30 seconds left this turn.
|inactive|Banixito has 90 seconds left.
|
|t:|1769319962
|move|p1a: Pecharunt|Foul Play|p2a: Toxapex
|-damage|p2a: Toxapex|94/100
|move|p2a: Toxapex|Infestation|p1a: Pecharunt
|-resisted|p1a: Pecharunt
|-damage|p1a: Pecharunt|87/100
|-activate|p1a: Pecharunt|move: Infestation|[of] p2a: Toxapex
|
|-damage|p1a: Pecharunt|74/100|[from] move: Infestation|[partiallytrapped]
|upkeep
|turn|165
|inactive|lovemod has 30 seconds left this turn.
|inactive|Banixito has 90 seconds left.
|
|t:|1769319969
|move|p1a: Pecharunt|Parting Shot|p2a: Toxapex
|-unboost|p2a: Toxapex|atk|1
|-unboost|p2a: Toxapex|spa|1
|
|t:|1769319974
|switch|p1a: Porygon2|Porygon2|100/100 tox|[from] Parting Shot
|-damage|p1a: Porygon2|88/100 tox|[from] Stealth Rock
|-ability|p1a: Porygon2|Regenerator|Trace|[from] ability: Trace|[of] p2a: Toxapex
|move|p2a: Toxapex|Infestation|p1a: Porygon2
|-damage|p1a: Porygon2|87/100 tox
|-activate|p1a: Porygon2|move: Infestation|[of] p2a: Toxapex
|
|-damage|p1a: Porygon2|81/100 tox|[from] psn
|-damage|p1a: Porygon2|69/100 tox|[from] move: Infestation|[partiallytrapped]
|upkeep
|turn|166
|inactive|lovemod has 30 seconds left.
|
|t:|1769319985
|move|p1a: Porygon2|Thunderbolt|p2a: Toxapex
|-supereffective|p2a: Toxapex
|-damage|p2a: Toxapex|54/100
|move|p2a: Toxapex|Haze|p2a: Toxapex
|-clearallboost
|
|-damage|p1a: Porygon2|56/100 tox|[from] psn
|-damage|p1a: Porygon2|44/100 tox|[from] move: Infestation|[partiallytrapped]
|upkeep
|turn|167
|inactive|lovemod has 30 seconds left this turn.
|
|t:|1769319994
|switch|p2a: Blissey|Blissey, F|82/100
|move|p1a: Porygon2|Thunder Wave|p2a: Blissey
|-status|p2a: Blissey|par
|
|-damage|p1a: Porygon2|26/100 tox|[from] psn
|-end|p1a: Porygon2|Infestation|[partiallytrapped]|[silent]
|upkeep
|turn|168
|inactive|lovemod has 30 seconds left this turn.
|
|t:|1769320002
|move|p1a: Porygon2|Recover|p1a: Porygon2
|-heal|p1a: Porygon2|76/100 tox
|cant|p2a: Blissey|par
|
|-damage|p1a: Porygon2|51/100 tox|[from] psn
|upkeep
|turn|169
|inactive|lovemod has 30 seconds left this turn.
|
|t:|1769320009
|switch|p1a: Pecharunt|Pecharunt|74/100
|move|p2a: Blissey|Soft-Boiled|p2a: Blissey
|-heal|p2a: Blissey|100/100 par
|
|upkeep
|turn|170
|inactive|lovemod has 30 seconds left this turn.
|inactive|Banixito has 90 seconds left.
|
|t:|1769320019
|switch|p1a: Gliscor|Gliscor, M, tera:Normal|88/100 tox
|-damage|p1a: Gliscor|75/100 tox|[from] Stealth Rock
|-curestatus|p2a: Blissey|par|[from] ability: Natural Cure
|switch|p2a: Toxapex|Toxapex, M|88/100
|
|-heal|p1a: Gliscor|88/100 tox|[from] ability: Poison Heal
|upkeep
|turn|171
|inactive|lovemod has 30 seconds left this turn.
|inactive|Banixito has 90 seconds left.
|
|t:|1769320029
|move|p1a: Gliscor|Swords Dance|p1a: Gliscor
|-boost|p1a: Gliscor|atk|2
|move|p2a: Toxapex|Haze|p2a: Toxapex
|-clearallboost
|
|-heal|p1a: Gliscor|100/100 tox|[from] ability: Poison Heal
|upkeep
|turn|172
|inactive|lovemod has 30 seconds left this turn.
|inactive|Banixito has 90 seconds left.
|
|t:|1769320038
|move|p1a: Gliscor|Protect|p1a: Gliscor
|-singleturn|p1a: Gliscor|Protect
|move|p2a: Toxapex|Haze|p2a: Toxapex
|-clearallboost
|
|upkeep
|turn|173
|inactive|lovemod has 30 seconds left this turn.
|inactive|Banixito has 90 seconds left.
|
|t:|1769320049
|switch|p1a: Porygon2|Porygon2|84/100 tox
|-damage|p1a: Porygon2|72/100 tox|[from] Stealth Rock
|-ability|p1a: Porygon2|Regenerator|Trace|[from] ability: Trace|[of] p2a: Toxapex
|move|p2a: Toxapex|Haze|p2a: Toxapex
|-clearallboost
|
|-damage|p1a: Porygon2|66/100 tox|[from] psn
|upkeep
|turn|174
|inactive|lovemod has 30 seconds left this turn.
|inactive|lovemod has 20 seconds left.
|
|t:|1769320060
|switch|p1a: Pecharunt|Pecharunt|74/100
|switch|p2a: Blissey|Blissey, F|100/100
|
|upkeep
|turn|175
|inactive|lovemod has 25 seconds left this turn.
|inactive|lovemod has 20 seconds left.
|
|t:|1769320067
|move|p2a: Blissey|Shadow Ball|p1a: Pecharunt
|-supereffective|p1a: Pecharunt
|-damage|p1a: Pecharunt|46/100
|move|p1a: Pecharunt|Malignant Chain|p2a: Blissey
|-damage|p2a: Blissey|92/100
|
|upkeep
|turn|176
|inactive|lovemod has 25 seconds left this turn.
|inactive|lovemod has 20 seconds left.
|
|t:|1769320077
|move|p2a: Blissey|Shadow Ball|p1a: Pecharunt
|-supereffective|p1a: Pecharunt
|-damage|p1a: Pecharunt|18/100
|move|p1a: Pecharunt|Recover|p1a: Pecharunt
|-heal|p1a: Pecharunt|68/100
|
|upkeep
|turn|177
|inactive|lovemod has 25 seconds left this turn.
|inactive|lovemod has 20 seconds left.
|
|t:|1769320083
|switch|p1a: Porygon2|Porygon2|99/100 tox
|-damage|p1a: Porygon2|87/100 tox|[from] Stealth Rock
|-ability|p1a: Porygon2|Natural Cure|Trace|[from] ability: Trace|[of] p2a: Blissey
|move|p2a: Blissey|Shadow Ball|p1a: Porygon2
|-immune|p1a: Porygon2
|
|-damage|p1a: Porygon2|80/100 tox|[from] psn
|upkeep
|turn|178
|inactive|lovemod has 25 seconds left this turn.
|inactive|lovemod has 20 seconds left.
|inactive|lovemod has 15 seconds left.
|
|t:|1769320094
|-curestatus|p1a: Porygon2|tox|[from] ability: Natural Cure
|switch|p1a: Gliscor|Gliscor, M, tera:Normal|100/100 tox
|-damage|p1a: Gliscor|88/100 tox|[from] Stealth Rock
|move|p2a: Blissey|Shadow Ball|p1a: Gliscor
|-immune|p1a: Gliscor
|
|-heal|p1a: Gliscor|100/100 tox|[from] ability: Poison Heal
|upkeep
|turn|179
|inactive|lovemod has 20 seconds left this turn.
|inactive|lovemod has 15 seconds left.
|inactive|lovemod has 10 seconds left.
|
|t:|1769320106
|switch|p2a: Toxapex|Toxapex, M|100/100
|move|p1a: Gliscor|Swords Dance|p1a: Gliscor
|-boost|p1a: Gliscor|atk|2
|
|upkeep
|turn|180
|inactive|lovemod has 15 seconds left this turn.
|inactive|lovemod has 10 seconds left.
|
|t:|1769320112
|switch|p2a: Dondozo|Dondozo, F|100/100
|move|p1a: Gliscor|Earthquake|p2a: Dondozo
|-damage|p2a: Dondozo|85/100
|
|upkeep
|turn|181
|inactive|lovemod has 15 seconds left this turn.
|inactive|lovemod has 10 seconds left.
|
|t:|1769320121
|switch|p1a: Pecharunt|Pecharunt|68/100
|move|p2a: Dondozo|Liquidation|p1a: Pecharunt
|-damage|p1a: Pecharunt|55/100
|
|upkeep
|turn|182
|inactive|lovemod has 15 seconds left this turn.
|inactive|lovemod has 10 seconds left.
|
|t:|1769320128
|switch|p2a: Toxapex|Toxapex, M|100/100
|move|p1a: Pecharunt|Malignant Chain|p2a: Toxapex
|-resisted|p2a: Toxapex
|-damage|p2a: Toxapex|87/100
|
|upkeep
|turn|183
|inactive|lovemod has 15 seconds left this turn.
|inactive|lovemod has 10 seconds left.
|
|t:|1769320137
|switch|p1a: Gliscor|Gliscor, M, tera:Normal|100/100 tox
|-damage|p1a: Gliscor|88/100 tox|[from] Stealth Rock
|move|p2a: Toxapex|Infestation|p1a: Gliscor
|-damage|p1a: Gliscor|85/100 tox
|-activate|p1a: Gliscor|move: Infestation|[of] p2a: Toxapex
|
|-heal|p1a: Gliscor|98/100 tox|[from] ability: Poison Heal
|-damage|p1a: Gliscor|85/100 tox|[from] move: Infestation|[partiallytrapped]
|upkeep
|turn|184
|inactive|lovemod has 15 seconds left this turn.
|inactive|lovemod has 10 seconds left.
|
|t:|1769320148
|move|p1a: Gliscor|Protect|p1a: Gliscor
|-singleturn|p1a: Gliscor|Protect
|move|p2a: Toxapex|Haze|p2a: Toxapex
|-clearallboost
|
|-heal|p1a: Gliscor|98/100 tox|[from] ability: Poison Heal
|-damage|p1a: Gliscor|85/100 tox|[from] move: Infestation|[partiallytrapped]
|upkeep
|turn|185
|inactive|lovemod has 15 seconds left this turn.
|
|t:|1769320158
|move|p1a: Gliscor|Earthquake|p2a: Toxapex
|-supereffective|p2a: Toxapex
|-damage|p2a: Toxapex|48/100
|move|p2a: Toxapex|Haze|p2a: Toxapex
|-clearallboost
|
|-heal|p1a: Gliscor|98/100 tox|[from] ability: Poison Heal
|-damage|p1a: Gliscor|85/100 tox|[from] move: Infestation|[partiallytrapped]
|upkeep
|turn|186
|inactive|lovemod has 20 seconds left this turn.
|inactive|lovemod has 15 seconds left.
|
|t:|1769320167
|switch|p2a: Talonflame|Talonflame, M|100/100 par
|move|p1a: Gliscor|Earthquake|p2a: Talonflame
|-immune|p2a: Talonflame
|
|-heal|p1a: Gliscor|98/100 tox|[from] ability: Poison Heal
|-end|p1a: Gliscor|Infestation|[partiallytrapped]|[silent]
|upkeep
|turn|187
|inactive|lovemod has 20 seconds left this turn.
|inactive|lovemod has 15 seconds left.
|
|t:|1769320176
|switch|p1a: Porygon2|Porygon2|80/100
|-damage|p1a: Porygon2|68/100|[from] Stealth Rock
|-ability|p1a: Porygon2|Flame Body|Trace|[from] ability: Trace|[of] p2a: Talonflame
|switch|p2a: Toxapex|Toxapex, M|81/100
|
|upkeep
|turn|188
|inactive|lovemod has 20 seconds left this turn.
|inactive|lovemod has 15 seconds left.
|
|t:|1769320185
|move|p1a: Porygon2|Recover|p1a: Porygon2
|-heal|p1a: Porygon2|100/100
|move|p2a: Toxapex|Toxic|p1a: Porygon2
|-status|p1a: Porygon2|tox
|
|-damage|p1a: Porygon2|94/100 tox|[from] psn
|upkeep
|turn|189
|inactive|lovemod has 20 seconds left this turn.
|inactive|lovemod has 15 seconds left.
|
|t:|1769320194
|switch|p2a: Blissey|Blissey, F|92/100
|move|p1a: Porygon2|Thunder Wave|p2a: Blissey|[miss]
|-miss|p1a: Porygon2|p2a: Blissey
|
|-damage|p1a: Porygon2|82/100 tox|[from] psn
|upkeep
|turn|190
|inactive|lovemod has 20 seconds left this turn.
|
|t:|1769320201
|switch|p1a: Gliscor|Gliscor, M, tera:Normal|98/100 tox
|-damage|p1a: Gliscor|85/100 tox|[from] Stealth Rock
|move|p2a: Blissey|Shadow Ball|p1a: Gliscor
|-immune|p1a: Gliscor
|
|-heal|p1a: Gliscor|98/100 tox|[from] ability: Poison Heal
|upkeep
|turn|191
|inactive|lovemod has 25 seconds left this turn.
|
|t:|1769320210
|switch|p1a: Porygon2|Porygon2|82/100 tox
|-damage|p1a: Porygon2|70/100 tox|[from] Stealth Rock
|-ability|p1a: Porygon2|Natural Cure|Trace|[from] ability: Trace|[of] p2a: Blissey
|switch|p2a: Toxapex|Toxapex, M|100/100
|
|-damage|p1a: Porygon2|64/100 tox|[from] psn
|upkeep
|turn|192
|inactive|lovemod has 30 seconds left this turn.
|
|t:|1769320221
|-curestatus|p1a: Porygon2|tox|[from] ability: Natural Cure
|switch|p1a: Gliscor|Gliscor, M, tera:Normal|98/100 tox
|-damage|p1a: Gliscor|85/100 tox|[from] Stealth Rock
|switch|p2a: Blissey|Blissey, F|92/100
|
|-heal|p1a: Gliscor|98/100 tox|[from] ability: Poison Heal
|upkeep
|turn|193
|inactive|lovemod has 30 seconds left.
|
|t:|1769320236
|switch|p1a: Porygon2|Porygon2|64/100
|-damage|p1a: Porygon2|51/100|[from] Stealth Rock
|-ability|p1a: Porygon2|Natural Cure|Trace|[from] ability: Trace|[of] p2a: Blissey
|switch|p2a: Toxapex|Toxapex, M|100/100
|
|upkeep
|turn|194
|
|t:|1769320243
|switch|p2a: Blissey|Blissey, F|92/100
|move|p1a: Porygon2|Thunderbolt|p2a: Blissey
|-damage|p2a: Blissey|86/100
|
|upkeep
|turn|195
|
|t:|1769320248
|move|p2a: Blissey|Seismic Toss|p1a: Porygon2
|-damage|p1a: Porygon2|25/100
|move|p1a: Porygon2|Ice Beam|p2a: Blissey
|-damage|p2a: Blissey|80/100
|
|upkeep
|turn|196
|
|t:|1769320256
|switch|p1a: Pecharunt|Pecharunt|55/100
|move|p2a: Blissey|Seismic Toss|p1a: Pecharunt
|-immune|p1a: Pecharunt
|
|upkeep
|turn|197
|
|t:|1769320264
|switch|p2a: Toxapex|Toxapex, M|100/100
|switch|p1a: Porygon2|Porygon2|25/100
|-damage|p1a: Porygon2|12/100|[from] Stealth Rock
|-ability|p1a: Porygon2|Regenerator|Trace|[from] ability: Trace|[of] p2a: Toxapex
|
|upkeep
|turn|198
|
|t:|1769320272
|move|p1a: Porygon2|Recover|p1a: Porygon2
|-heal|p1a: Porygon2|62/100
|move|p2a: Toxapex|Infestation|p1a: Porygon2
|-damage|p1a: Porygon2|61/100
|-activate|p1a: Porygon2|move: Infestation|[of] p2a: Toxapex
|
|-damage|p1a: Porygon2|48/100|[from] move: Infestation|[partiallytrapped]
|upkeep
|turn|199
|
|t:|1769320281
|move|p1a: Porygon2|Thunderbolt|p2a: Toxapex
|-supereffective|p2a: Toxapex
|-damage|p2a: Toxapex|67/100
|move|p2a: Toxapex|Toxic|p1a: Porygon2
|-status|p1a: Porygon2|tox
|
|-damage|p1a: Porygon2|42/100 tox|[from] psn
|-damage|p1a: Porygon2|30/100 tox|[from] move: Infestation|[partiallytrapped]
|upkeep
|turn|200
|
|t:|1769320290
|move|p1a: Porygon2|Thunderbolt|p2a: Toxapex
|-supereffective|p2a: Toxapex
|-damage|p2a: Toxapex|29/100
|move|p2a: Toxapex|Haze|p2a: Toxapex
|-clearallboost
|
|-damage|p1a: Porygon2|18/100 tox|[from] psn
|-damage|p1a: Porygon2|5/100 tox|[from] move: Infestation|[partiallytrapped]
|upkeep
|turn|201
|
|t:|1769320300
|switch|p2a: Blissey|Blissey, F|80/100
|move|p1a: Porygon2|Thunderbolt|p2a: Blissey
|-damage|p2a: Blissey|74/100
|
|-damage|p1a: Porygon2|0 fnt|[from] psn
|faint|p1a: Porygon2
|upkeep
|
|t:|1769320307
|switch|p1a: Pecharunt|Pecharunt|55/100
|turn|202
|
|t:|1769320310
|move|p1a: Pecharunt|Malignant Chain|p2a: Blissey
|-damage|p2a: Blissey|66/100
|move|p2a: Blissey|Shadow Ball|p1a: Pecharunt
|-supereffective|p1a: Pecharunt
|-damage|p1a: Pecharunt|27/100
|-unboost|p1a: Pecharunt|spd|1
|
|upkeep
|turn|203
|
|t:|1769320319
|move|p1a: Pecharunt|Foul Play|p2a: Blissey
|-damage|p2a: Blissey|62/100
|move|p2a: Blissey|Shadow Ball|p1a: Pecharunt
|-supereffective|p1a: Pecharunt
|-damage|p1a: Pecharunt|0 fnt
|faint|p1a: Pecharunt
|
|upkeep
|
|t:|1769320326
|switch|p1a: Gliscor|Gliscor, M, tera:Normal|98/100 tox
|-damage|p1a: Gliscor|85/100 tox|[from] Stealth Rock
|turn|204
|
|t:|1769320332
|switch|p2a: Toxapex|Toxapex, M|62/100
|move|p1a: Gliscor|Swords Dance|p1a: Gliscor
|-boost|p1a: Gliscor|atk|2
|
|-heal|p1a: Gliscor|98/100 tox|[from] ability: Poison Heal
|upkeep
|turn|205
|
|t:|1769320338
|move|p1a: Gliscor|Swords Dance|p1a: Gliscor
|-boost|p1a: Gliscor|atk|2
|move|p2a: Toxapex|Haze|p2a: Toxapex
|-clearallboost
|
|-heal|p1a: Gliscor|100/100 tox|[from] ability: Poison Heal
|upkeep
|turn|206
|
|t:|1769320346
|move|p1a: Gliscor|Facade|p2a: Toxapex
|-damage|p2a: Toxapex|32/100
|move|p2a: Toxapex|Haze|p2a: Toxapex
|-clearallboost
|
|upkeep
|turn|207
|
|t:|1769320354
|switch|p2a: Alomomola|Alomomola, M|100/100
|move|p1a: Gliscor|Facade|p2a: Alomomola
|-damage|p2a: Alomomola|74/100
|
|upkeep
|turn|208
|
|t:|1769320359
|move|p1a: Gliscor|Swords Dance|p1a: Gliscor
|-boost|p1a: Gliscor|atk|2
|move|p2a: Alomomola|Chilling Water|p1a: Gliscor
|-damage|p1a: Gliscor|93/100 tox
|-unboost|p1a: Gliscor|atk|1
|
|-heal|p1a: Gliscor|100/100 tox|[from] ability: Poison Heal
|upkeep
|turn|209
|
|t:|1769320367
|move|p1a: Gliscor|Swords Dance|p1a: Gliscor
|-boost|p1a: Gliscor|atk|2
|move|p2a: Alomomola|Chilling Water|p1a: Gliscor
|-damage|p1a: Gliscor|93/100 tox
|-unboost|p1a: Gliscor|atk|1
|
|-heal|p1a: Gliscor|100/100 tox|[from] ability: Poison Heal
|upkeep
|turn|210
|inactive|Banixito has 60 seconds left.
|
|t:|1769320375
|move|p1a: Gliscor|Swords Dance|p1a: Gliscor
|-boost|p1a: Gliscor|atk|2
|move|p2a: Alomomola|Wish|p2a: Alomomola
|
|upkeep
|turn|211
|inactive|Banixito has 60 seconds left.
|
|t:|1769320381
|switch|p2a: Dondozo|Dondozo, F|85/100
|move|p1a: Gliscor|Facade|p2a: Dondozo
|-damage|p2a: Dondozo|65/100
|
|-heal|p2a: Dondozo|100/100|[from] move: Wish|[wisher] Alomomola
|upkeep
|turn|212
|
|t:|1769320390
|move|p1a: Gliscor|Facade|p2a: Dondozo
|-damage|p2a: Dondozo|81/100
|move|p2a: Dondozo|Liquidation|p1a: Gliscor
|-damage|p1a: Gliscor|78/100 tox
|
|-heal|p1a: Gliscor|91/100 tox|[from] ability: Poison Heal
|upkeep
|turn|213
|
|t:|1769320408
|move|p1a: Gliscor|Facade|p2a: Dondozo
|-damage|p2a: Dondozo|61/100
|move|p2a: Dondozo|Rest|p2a: Dondozo
|-status|p2a: Dondozo|slp|[from] move: Rest
|-heal|p2a: Dondozo|100/100 slp|[silent]
|
|-heal|p1a: Gliscor|100/100 tox|[from] ability: Poison Heal
|upkeep
|turn|214
|
|t:|1769320416
|move|p1a: Gliscor|Facade|p2a: Dondozo
|-damage|p2a: Dondozo|80/100 slp
|cant|p2a: Dondozo|slp
|
|upkeep
|turn|215
|
|t:|1769320422
|move|p1a: Gliscor|Facade|p2a: Dondozo
|-damage|p2a: Dondozo|60/100 slp
|cant|p2a: Dondozo|slp
|
|upkeep
|turn|216
|
|t:|1769320429
|move|p1a: Gliscor|Swords Dance|p1a: Gliscor
|-boost|p1a: Gliscor|atk|2
|-curestatus|p2a: Dondozo|slp|[msg]
|move|p2a: Dondozo|Liquidation|p1a: Gliscor
|-damage|p1a: Gliscor|76/100 tox
|
|-heal|p1a: Gliscor|88/100 tox|[from] ability: Poison Heal
|upkeep
|turn|217
|
|t:|1769320434
|move|p1a: Gliscor|Protect|p1a: Gliscor
|-singleturn|p1a: Gliscor|Protect
|move|p2a: Dondozo|Rest|p2a: Dondozo
|-status|p2a: Dondozo|slp|[from] move: Rest
|-heal|p2a: Dondozo|100/100 slp|[silent]
|
|-heal|p1a: Gliscor|100/100 tox|[from] ability: Poison Heal
|upkeep
|turn|218
|
|t:|1769320442
|move|p1a: Gliscor|Protect|p1a: Gliscor
|-singleturn|p1a: Gliscor|Protect
|cant|p2a: Dondozo|slp
|
|upkeep
|turn|219
|
|t:|1769320446
|move|p1a: Gliscor|Protect||[still]
|-fail|p1a: Gliscor
|cant|p2a: Dondozo|slp
|
|upkeep
|turn|220
|
|t:|1769320452
|move|p1a: Gliscor|Protect|p1a: Gliscor
|-singleturn|p1a: Gliscor|Protect
|-curestatus|p2a: Dondozo|slp|[msg]
|move|p2a: Dondozo|Sleep Talk||[still]
|-fail|p2a: Dondozo
|
|upkeep
|turn|221
|
|t:|1769320459
|move|p1a: Gliscor|Protect||[still]
|-fail|p1a: Gliscor
|move|p2a: Dondozo|Sleep Talk||[still]
|-fail|p2a: Dondozo
|
|upkeep
|turn|222
|
|t:|1769320463
|move|p1a: Gliscor|Protect|p1a: Gliscor
|-singleturn|p1a: Gliscor|Protect
|move|p2a: Dondozo|Sleep Talk||[still]
|-fail|p2a: Dondozo
|
|upkeep
|turn|223
|
|t:|1769320469
|move|p1a: Gliscor|Swords Dance|p1a: Gliscor
|-boost|p1a: Gliscor|atk|0
|move|p2a: Dondozo|Sleep Talk||[still]
|-fail|p2a: Dondozo
|
|upkeep
|turn|224
|
|t:|1769320472
|move|p1a: Gliscor|Swords Dance|p1a: Gliscor
|-boost|p1a: Gliscor|atk|0
|move|p2a: Dondozo|Sleep Talk||[still]
|-fail|p2a: Dondozo
|
|upkeep
|turn|225
|
|t:|1769320476
|switch|p2a: Blissey|Blissey, F|62/100
|-activate|p1a: Gliscor|move: Struggle
|move|p1a: Gliscor|Struggle|p2a: Blissey
|-damage|p2a: Blissey|0 fnt
|faint|p2a: Blissey
|-damage|p1a: Gliscor|75/100 tox|[from] recoil
|
|-heal|p1a: Gliscor|88/100 tox|[from] ability: Poison Heal
|upkeep
|
|t:|1769320484
|switch|p2a: Dondozo|Dondozo, F|100/100
|turn|226
|
|t:|1769320494
|-activate|p1a: Gliscor|move: Struggle
|move|p1a: Gliscor|Struggle|p2a: Dondozo
|-damage|p2a: Dondozo|95/100
|-damage|p1a: Gliscor|63/100 tox|[from] recoil
|move|p2a: Dondozo|Liquidation|p1a: Gliscor
|-damage|p1a: Gliscor|40/100 tox
|
|-heal|p1a: Gliscor|52/100 tox|[from] ability: Poison Heal
|upkeep
|turn|227
|
|t:|1769320503
|-activate|p1a: Gliscor|move: Struggle
|move|p1a: Gliscor|Struggle|p2a: Dondozo
|-damage|p2a: Dondozo|90/100
|-damage|p1a: Gliscor|27/100 tox|[from] recoil
|move|p2a: Dondozo|Liquidation|p1a: Gliscor
|-damage|p1a: Gliscor|6/100 tox
|
|-heal|p1a: Gliscor|18/100 tox|[from] ability: Poison Heal
|upkeep
|turn|228
|
|t:|1769320510
|-activate|p1a: Gliscor|move: Struggle
|move|p1a: Gliscor|Struggle|p2a: Dondozo
|-damage|p2a: Dondozo|85/100
|-damage|p1a: Gliscor|0 fnt|[from] recoil
|faint|p1a: Gliscor
|
|win|lovemod
|raw|Banixito's rating: 1245 &rarr; <strong>1220</strong><br />(-25 for losing)
|raw|lovemod's rating: 1240 &rarr; <strong>1265</strong><br />(+25 for winning)
|l|☆lovemod
|player|p2|
|l|☆Banixito
|player|p1|
