|j|☆bvbg
|j|☆wattdog21
|t:|1769427404
|gametype|singles
|player|p1|bvbg|265|1554
|player|p2|wattdog21|volkner|1558
|gen|9
|tier|[Gen 9] OU
|rated|
|rule|HP Percentage Mod: HP is shown in percentages
|rule|Endless Battle Clause: Forcing endless battles is banned
|rule|Species Clause: Limit one of each Pokémon
|rule|OHKO Clause: OHKO moves are banned
|rule|Evasion Items Clause: Evasion items are banned
|rule|Evasion Moves Clause: Evasion moves are banned
|rule|Evasion Abilities Clause: Evasion abilities are banned
|rule|Sleep Moves Clause: Sleep-inducing moves are banned
|clearpoke
|poke|p1|Landorus-Therian, M|
|poke|p1|Enamorus, F|
|poke|p1|Ogerpon-Wellspring, F|
|poke|p1|Scizor, M|
|poke|p1|Okidogi, M|
|poke|p1|Armarouge, F|
|poke|p2|Tyranitar, F|
|poke|p2|Corviknight, F|
|poke|p2|Clodsire, F|
|poke|p2|Gliscor, F|
|poke|p2|Scizor, M|
|poke|p2|Heatran, F|
|teampreview
|inactive|Battle timer is ON: inactive players will automatically lose when time's up. (requested by wattdog21)
|inactive|bvbg also wants the timer to be on.
|inactive|wattdog21 has 120 seconds left.
|
|t:|1769427437
|teamsize|p1|6
|teamsize|p2|6
|start
|switch|p1a: Ogerpon|Ogerpon-Wellspring, F|100/100
|switch|p2a: Scizor|Scizor, M|100/100
|turn|1
|
|t:|1769427450
|switch|p1a: Landorus|Landorus-Therian, M|100/100
|-ability|p1a: Landorus|Intimidate|boost
|-unboost|p2a: Scizor|atk|1
|move|p2a: Scizor|U-turn|p1a: Landorus
|-resisted|p1a: Landorus
|-damage|p1a: Landorus|75/100
|-damage|p2a: Scizor|84/100|[from] item: Rocky Helmet|[of] p1a: Landorus
|
|t:|1769427454
|switch|p2a: Gliscor|Gliscor, F|100/100|[from] U-turn
|
|-status|p2a: Gliscor|tox|[from] item: Toxic Orb
|upkeep
|turn|2
|
|t:|1769427458
|move|p1a: Landorus|Stealth Rock|p2a: Gliscor
|-sidestart|p2: wattdog21|move: Stealth Rock
|move|p2a: Gliscor|Ice Fang|p1a: Landorus
|-supereffective|p1a: Landorus
|-damage|p1a: Landorus|0 fnt
|-damage|p2a: Gliscor|84/100 tox|[from] item: Rocky Helmet|[of] p1a: Landorus
|faint|p1a: Landorus
|
|-heal|p2a: Gliscor|96/100 tox|[from] ability: Poison Heal
|upkeep
|
|t:|1769427465
|switch|p1a: Ogerpon|Ogerpon-Wellspring, F|100/100
|turn|3
|
|t:|1769427472
|switch|p2a: Corviknight|Corviknight, F|100/100
|-damage|p2a: Corviknight|88/100|[from] Stealth Rock
|move|p1a: Ogerpon|Swords Dance|p1a: Ogerpon
|-boost|p1a: Ogerpon|atk|2
|
|upkeep
|turn|4
|
|t:|1769427479
|move|p1a: Ogerpon|Ivy Cudgel|p2a: Corviknight|[anim] Ivy Cudgel Water
|-damage|p2a: Corviknight|10/100
|move|p2a: Corviknight|Iron Defense|p2a: Corviknight
|-boost|p2a: Corviknight|def|2
|
|upkeep
|turn|5
|
|t:|1769427488
|switch|p2a: Clodsire|Clodsire, F|100/100
|-damage|p2a: Clodsire|94/100|[from] Stealth Rock
|move|p1a: Ogerpon|Ivy Cudgel|p2a: Clodsire|[anim] Ivy Cudgel Water
|-heal|p2a: Clodsire|100/100|[from] ability: Water Absorb|[of] p1a: Ogerpon
|
|upkeep
|turn|6
|
|t:|1769427501
|move|p1a: Ogerpon|Trailblaze|p2a: Clodsire
|-damage|p2a: Clodsire|34/100
|-boost|p1a: Ogerpon|spe|1
|move|p2a: Clodsire|Toxic|p1a: Ogerpon
|-status|p1a: Ogerpon|tox
|
|-heal|p2a: Clodsire|41/100|[from] item: Black Sludge
|-damage|p1a: Ogerpon|95/100 tox|[from] psn
|upkeep
|turn|7
|inactive|wattdog21 has 120 seconds left.
|
|t:|1769427540
|switch|p2a: Corviknight|Corviknight, F|10/100
|-damage|p2a: Corviknight|0 fnt|[from] Stealth Rock
|faint|p2a: Corviknight
|move|p1a: Ogerpon|Trailblaze|p2: Corviknight|[notarget]
|-fail|p1a: Ogerpon
|
|-damage|p1a: Ogerpon|83/100 tox|[from] psn
|upkeep
|
|t:|1769427562
|switch|p2a: Clodsire|Clodsire, F|41/100
|-damage|p2a: Clodsire|34/100|[from] Stealth Rock
|turn|8
|
|t:|1769427578
|switch|p2a: Scizor|Scizor, M|84/100
|-damage|p2a: Scizor|71/100|[from] Stealth Rock
|move|p1a: Ogerpon|Play Rough|p2a: Scizor
|-resisted|p2a: Scizor
|-damage|p2a: Scizor|36/100
|
|-damage|p1a: Ogerpon|65/100 tox|[from] psn
|upkeep
|turn|9
|
|t:|1769427593
|move|p2a: Scizor|Bullet Punch|p1a: Ogerpon
|-resisted|p1a: Ogerpon
|-damage|p1a: Ogerpon|33/100 tox
|move|p1a: Ogerpon|Ivy Cudgel|p2a: Scizor|[anim] Ivy Cudgel Water
|-damage|p2a: Scizor|0 fnt
|faint|p2a: Scizor
|
|-damage|p1a: Ogerpon|9/100 tox|[from] psn
|upkeep
|
|t:|1769427609
|switch|p2a: Clodsire|Clodsire, F|34/100
|-damage|p2a: Clodsire|28/100|[from] Stealth Rock
|turn|10
|
|t:|1769427621
|move|p1a: Ogerpon|Ivy Cudgel|p2a: Clodsire|[anim] Ivy Cudgel Water
|-heal|p2a: Clodsire|53/100|[from] ability: Water Absorb|[of] p1a: Ogerpon
|move|p2a: Clodsire|Stealth Rock|p1a: Ogerpon
|-sidestart|p1: bvbg|move: Stealth Rock
|
|-heal|p2a: Clodsire|59/100|[from] item: Black Sludge
|-damage|p1a: Ogerpon|0 fnt|[from] psn
|faint|p1a: Ogerpon
|upkeep
|
|t:|1769427630
|switch|p1a: Okidogi|Okidogi, M|100/100
|-damage|p1a: Okidogi|94/100|[from] Stealth Rock
|turn|11
|inactive|wattdog21 has 120 seconds left.
|
|t:|1769427645
|move|p1a: Okidogi|Psychic Fangs|p2a: Clodsire
|-supereffective|p2a: Clodsire
|-damage|p2a: Clodsire|0 fnt
|faint|p2a: Clodsire
|
|upkeep
|
|t:|1769427659
|switch|p2a: Gliscor|Gliscor, F|96/100 tox
|-damage|p2a: Gliscor|84/100 tox|[from] Stealth Rock
|turn|12
|
|t:|1769427666
|switch|p1a: Armarouge|Armarouge, F|100/100
|-damage|p1a: Armarouge|76/100|[from] Stealth Rock
|move|p2a: Gliscor|Swords Dance|p2a: Gliscor
|-boost|p2a: Gliscor|atk|2
|
|-heal|p2a: Gliscor|96/100 tox|[from] ability: Poison Heal
|upkeep
|turn|13
|
|t:|1769427683
|move|p1a: Armarouge|Endure|p1a: Armarouge
|-singleturn|p1a: Armarouge|move: Endure
|move|p2a: Gliscor|Earthquake|p1a: Armarouge
|-supereffective|p1a: Armarouge
|-activate|p1a: Armarouge|move: Endure
|-damage|p1a: Armarouge|1/100
|-ability|p1a: Armarouge|Weak Armor|boost
|-unboost|p1a: Armarouge|def|1
|-boost|p1a: Armarouge|spe|2
|-enditem|p1a: Armarouge|Weakness Policy
|-boost|p1a: Armarouge|atk|2|[from] item: Weakness Policy
|-boost|p1a: Armarouge|spa|2|[from] item: Weakness Policy
|
|-heal|p2a: Gliscor|100/100 tox|[from] ability: Poison Heal
|upkeep
|turn|14
|
|t:|1769427691
|switch|p2a: Tyranitar|Tyranitar, F|100/100
|-damage|p2a: Tyranitar|88/100|[from] Stealth Rock
|-weather|Sandstorm|[from] ability: Sand Stream|[of] p2a: Tyranitar
|move|p1a: Armarouge|Armor Cannon|p2a: Tyranitar
|-resisted|p2a: Tyranitar
|-damage|p2a: Tyranitar|55/100
|-unboost|p1a: Armarouge|def|1
|-unboost|p1a: Armarouge|spd|1
|
|-weather|Sandstorm|[upkeep]
|-damage|p1a: Armarouge|0 fnt|[from] Sandstorm
|faint|p1a: Armarouge
|upkeep
|
|t:|1769427699
|switch|p1a: Scizor|Scizor, M|100/100
|-damage|p1a: Scizor|88/100|[from] Stealth Rock
|turn|15
|inactive|wattdog21 has 120 seconds left.
|
|t:|1769427722
|switch|p2a: Gliscor|Gliscor, F|100/100 tox
|-damage|p2a: Gliscor|88/100 tox|[from] Stealth Rock
|move|p1a: Scizor|U-turn|p2a: Gliscor
|-resisted|p2a: Gliscor
|-damage|p2a: Gliscor|69/100 tox
|
|t:|1769427724
|switch|p1a: Enamorus|Enamorus, F|100/100|[from] U-turn
|-damage|p1a: Enamorus|76/100|[from] Stealth Rock
|
|-weather|Sandstorm|[upkeep]
|-damage|p1a: Enamorus|69/100|[from] Sandstorm
|-heal|p2a: Gliscor|81/100 tox|[from] ability: Poison Heal
|upkeep
|turn|16
|inactive|wattdog21 has 90 seconds left.
|inactive|wattdog21 has 60 seconds left.
|
|t:|1769427787
|switch|p2a: Tyranitar|Tyranitar, F|55/100
|-damage|p2a: Tyranitar|42/100|[from] Stealth Rock
|-terastallize|p1a: Enamorus|Stellar
|move|p1a: Enamorus|Tera Blast|p2a: Tyranitar|[anim] Tera Blast Stellar
|-damage|p2a: Tyranitar|18/100
|-boost|p1a: Enamorus|atk|1
|-boost|p1a: Enamorus|spa|1
|
|-weather|Sandstorm|[upkeep]
|-damage|p1a: Enamorus|63/100|[from] Sandstorm
|upkeep
|turn|17
|inactive|wattdog21 has 60 seconds left.
|
|t:|1769427803
|move|p1a: Enamorus|Tera Blast|p2a: Tyranitar|[anim] Tera Blast Stellar
|-damage|p2a: Tyranitar|0 fnt
|-boost|p1a: Enamorus|atk|1
|-boost|p1a: Enamorus|spa|1
|faint|p2a: Tyranitar
|
|-weather|Sandstorm|[upkeep]
|-damage|p1a: Enamorus|57/100|[from] Sandstorm
|upkeep
|
|t:|1769427808
|switch|p2a: Heatran|Heatran, F|100/100
|-damage|p2a: Heatran|88/100|[from] Stealth Rock
|-item|p2a: Heatran|Air Balloon
|turn|18
|
|t:|1769427812
|move|p1a: Enamorus|Tera Blast|p2a: Heatran|[anim] Tera Blast Stellar
|-damage|p2a: Heatran|24/100
|-boost|p1a: Enamorus|atk|1
|-boost|p1a: Enamorus|spa|1
|-enditem|p2a: Heatran|Air Balloon
|move|p2a: Heatran|Flash Cannon|p1a: Enamorus
|-supereffective|p1a: Enamorus
|-damage|p1a: Enamorus|0 fnt
|faint|p1a: Enamorus
|
|-weather|Sandstorm|[upkeep]
|upkeep
|
|t:|1769427817
|switch|p1a: Okidogi|Okidogi, M|94/100
|-damage|p1a: Okidogi|88/100|[from] Stealth Rock
|turn|19
|
|t:|1769427822
|switch|p2a: Gliscor|Gliscor, F|81/100 tox
|-damage|p2a: Gliscor|69/100 tox|[from] Stealth Rock
|move|p1a: Okidogi|Knock Off|p2a: Gliscor
|-damage|p2a: Gliscor|31/100 tox
|-enditem|p2a: Gliscor|Toxic Orb|[from] move: Knock Off|[of] p1a: Okidogi
|
|-weather|Sandstorm|[upkeep]
|-damage|p1a: Okidogi|82/100|[from] Sandstorm
|-heal|p2a: Gliscor|43/100 tox|[from] ability: Poison Heal
|upkeep
|turn|20
|
|t:|1769427834
|move|p2a: Gliscor|Earthquake|p1a: Okidogi
|-supereffective|p1a: Okidogi
|-damage|p1a: Okidogi|13/100
|move|p1a: Okidogi|Psychic Fangs|p2a: Gliscor
|-damage|p2a: Gliscor|9/100 tox
|
|-weather|Sandstorm|[upkeep]
|-damage|p1a: Okidogi|7/100|[from] Sandstorm
|-heal|p2a: Gliscor|21/100 tox|[from] ability: Poison Heal
|upkeep
|turn|21
|-message|bvbg forfeited.
|
|win|wattdog21
|raw|bvbg's rating: 1554 &rarr; <strong>1534</strong><br />(-20 for losing)
|raw|wattdog21's rating: 1558 &rarr; <strong>1578</strong><br />(+20 for winning)
|l|☆bvbg
|player|p1|
|l|☆wattdog21
|player|p2|
