|j|☆Poklin7670
|j|☆Athocus
|t:|1769409646
|gametype|singles
|player|p1|Poklin7670|2|1088
|player|p2|Athocus|265|1174
|gen|9
|tier|[Gen 9] OU
|rated|
|rule|HP Percentage Mod: HP is shown in percentages
|rule|Endless Battle Clause: Forcing endless battles is banned
|rule|Species Clause: Limit one of each Pokémon
|rule|OHKO Clause: OHKO moves are banned
|rule|Evasion Items Clause: Evasion items are banned
|rule|Evasion Moves Clause: Evasion moves are banned
|rule|Evasion Abilities Clause: Evasion abilities are banned
|rule|Sleep Moves Clause: Sleep-inducing moves are banned
|clearpoke
|poke|p1|Empoleon, M|
|poke|p1|Torterra, M|
|poke|p1|Infernape, F|
|poke|p1|Muk-Alola, M|
|poke|p1|Cryogonal|
|poke|p1|Klefki, M|
|poke|p2|Scizor, F|
|poke|p2|Tyranitar, M|
|poke|p2|Clefable, M|
|poke|p2|Cinderace, M|
|poke|p2|Gliscor, F|
|poke|p2|Walking Wake|
|teampreview
|inactive|Battle timer is ON: inactive players will automatically lose when time's up. (requested by Poklin7670)
|
|t:|1769409665
|teamsize|p1|6
|teamsize|p2|6
|start
|switch|p1a: Tortterus|Torterra, M|100/100
|switch|p2a: Tyranitar|Tyranitar, M|100/100
|-weather|Sandstorm|[from] ability: Sand Stream|[of] p2a: Tyranitar
|turn|1
|
|t:|1769409679
|move|p2a: Tyranitar|Dragon Dance|p2a: Tyranitar
|-boost|p2a: Tyranitar|atk|1
|-boost|p2a: Tyranitar|spe|1
|move|p1a: Tortterus|Stealth Rock|p2a: Tyranitar
|-sidestart|p2: Athocus|move: Stealth Rock
|
|-weather|Sandstorm|[upkeep]
|upkeep
|turn|2
|
|t:|1769409688
|-terastallize|p2a: Tyranitar|Dragon
|move|p2a: Tyranitar|Dragon Dance|p2a: Tyranitar
|-boost|p2a: Tyranitar|atk|1
|-boost|p2a: Tyranitar|spe|1
|move|p1a: Tortterus|Earthquake|p2a: Tyranitar
|-damage|p2a: Tyranitar|72/100
|
|-weather|Sandstorm|[upkeep]
|-damage|p2a: Tyranitar|66/100|[from] Sandstorm
|upkeep
|turn|3
|
|t:|1769409698
|move|p2a: Tyranitar|Stone Edge|p1a: Tortterus
|-resisted|p1a: Tortterus
|-damage|p1a: Tortterus|65/100
|move|p1a: Tortterus|Leech Seed|p2a: Tyranitar
|-start|p2a: Tyranitar|move: Leech Seed
|
|-weather|Sandstorm|[upkeep]
|-damage|p2a: Tyranitar|60/100|[from] Sandstorm
|-heal|p1a: Tortterus|71/100|[from] item: Leftovers
|-damage|p2a: Tyranitar|48/100|[from] Leech Seed|[of] p1a: Tortterus
|-heal|p1a: Tortterus|82/100|[silent]
|upkeep
|turn|4
|
|t:|1769409711
|switch|p2a: Scizor|Scizor, F|100/100
|-damage|p2a: Scizor|88/100|[from] Stealth Rock
|move|p1a: Tortterus|Earthquake|p2a: Scizor
|-damage|p2a: Scizor|40/100
|
|-weather|Sandstorm|[upkeep]
|-heal|p1a: Tortterus|88/100|[from] item: Leftovers
|upkeep
|turn|5
|
|t:|1769409723
|switch|p1a: King Gwen|Empoleon, M|100/100
|move|p2a: Scizor|Aerial Ace|p1a: King Gwen
|-resisted|p1a: King Gwen
|-crit|p1a: King Gwen
|-damage|p1a: King Gwen|67/100
|
|-weather|none
|upkeep
|turn|6
|
|t:|1769409736
|switch|p2a: Tyranitar|Tyranitar, M, tera:Dragon|48/100
|-damage|p2a: Tyranitar|36/100|[from] Stealth Rock
|-weather|Sandstorm|[from] ability: Sand Stream|[of] p2a: Tyranitar
|move|p1a: King Gwen|Surf|p2a: Tyranitar
|-resisted|p2a: Tyranitar
|-damage|p2a: Tyranitar|18/100
|
|-weather|Sandstorm|[upkeep]
|-damage|p2a: Tyranitar|12/100|[from] Sandstorm
|upkeep
|turn|7
|
|t:|1769409758
|switch|p1a: Tortterus|Torterra, M|88/100
|move|p2a: Tyranitar|Thunder Punch|p1a: Tortterus
|-immune|p1a: Tortterus
|
|-weather|Sandstorm|[upkeep]
|-damage|p2a: Tyranitar|5/100|[from] Sandstorm
|-heal|p1a: Tortterus|94/100|[from] item: Leftovers
|upkeep
|turn|8
|
|t:|1769409768
|move|p2a: Tyranitar|Earthquake|p1a: Tortterus
|-resisted|p1a: Tortterus
|-damage|p1a: Tortterus|82/100
|move|p1a: Tortterus|Earthquake|p2a: Tyranitar
|-damage|p2a: Tyranitar|0 fnt
|faint|p2a: Tyranitar
|
|-weather|Sandstorm|[upkeep]
|-heal|p1a: Tortterus|88/100|[from] item: Leftovers
|upkeep
|
|t:|1769409775
|switch|p2a: Scizor|Scizor, F|40/100
|-damage|p2a: Scizor|27/100|[from] Stealth Rock
|turn|9
|
|t:|1769409784
|switch|p1a: King Gwen|Empoleon, M|67/100
|move|p2a: Scizor|Knock Off|p1a: King Gwen
|-damage|p1a: King Gwen|24/100
|-enditem|p1a: King Gwen|Petaya Berry|[from] move: Knock Off|[of] p2a: Scizor
|
|-weather|Sandstorm|[upkeep]
|upkeep
|turn|10
|
|t:|1769409793
|move|p2a: Scizor|Knock Off|p1a: King Gwen
|-crit|p1a: King Gwen
|-damage|p1a: King Gwen|0 fnt
|faint|p1a: King Gwen
|
|-weather|none
|upkeep
|
|t:|1769409800
|switch|p1a: Sun King|Infernape, F|100/100
|turn|11
|
|t:|1769409813
|switch|p2a: Gliscor|Gliscor, F|100/100
|-damage|p2a: Gliscor|88/100|[from] Stealth Rock
|move|p1a: Sun King|Knock Off|p2a: Gliscor
|-damage|p2a: Gliscor|68/100
|-enditem|p2a: Gliscor|Toxic Orb|[from] move: Knock Off|[of] p1a: Sun King
|
|upkeep
|turn|12
|
|t:|1769409825
|switch|p1a: Tortterus|Torterra, M|88/100
|move|p2a: Gliscor|Earthquake|p1a: Tortterus
|-resisted|p1a: Tortterus
|-damage|p1a: Tortterus|77/100
|
|-heal|p1a: Tortterus|83/100|[from] item: Leftovers
|upkeep
|turn|13
|
|t:|1769409835
|move|p2a: Gliscor|Toxic|p1a: Tortterus
|-status|p1a: Tortterus|tox
|move|p1a: Tortterus|Seed Bomb|p2a: Gliscor
|-crit|p2a: Gliscor
|-damage|p2a: Gliscor|43/100
|
|-heal|p1a: Tortterus|90/100 tox|[from] item: Leftovers
|-damage|p1a: Tortterus|83/100 tox|[from] psn
|upkeep
|turn|14
|
|t:|1769409845
|switch|p2a: Clefable|Clefable, M|100/100
|move|p1a: Tortterus|Leech Seed|p2a: Clefable
|-start|p2a: Clefable|move: Leech Seed
|
|-heal|p1a: Tortterus|90/100 tox|[from] item: Leftovers
|-damage|p1a: Tortterus|77/100 tox|[from] psn
|upkeep
|turn|15
|
|t:|1769409858
|switch|p1a: KingdomHeart|Klefki, M|100/100
|move|p2a: Clefable|Ice Beam|p1a: KingdomHeart
|-resisted|p1a: KingdomHeart
|-damage|p1a: KingdomHeart|88/100
|
|-heal|p1a: KingdomHeart|94/100|[from] item: Leftovers
|upkeep
|turn|16
|
|t:|1769409870
|move|p1a: KingdomHeart|Spikes|p2a: Clefable
|-sidestart|p2: Athocus|Spikes
|move|p2a: Clefable|Shadow Ball|p1a: KingdomHeart
|-damage|p1a: KingdomHeart|73/100
|
|-heal|p1a: KingdomHeart|79/100|[from] item: Leftovers
|upkeep
|turn|17
|
|t:|1769409879
|switch|p2a: Walking Wake|Walking Wake|100/100
|-damage|p2a: Walking Wake|88/100|[from] Stealth Rock
|-damage|p2a: Walking Wake|76/100|[from] Spikes
|-enditem|p2a: Walking Wake|Booster Energy
|-activate|p2a: Walking Wake|ability: Protosynthesis|[fromitem]
|-start|p2a: Walking Wake|protosynthesisspa
|move|p1a: KingdomHeart|Spikes|p2a: Walking Wake
|-sidestart|p2: Athocus|Spikes
|
|-heal|p1a: KingdomHeart|85/100|[from] item: Leftovers
|upkeep
|turn|18
|
|t:|1769409892
|switch|p1a: Oil Price|Muk-Alola, M|100/100
|move|p2a: Walking Wake|Flamethrower|p1a: Oil Price
|-damage|p1a: Oil Price|76/100
|
|-heal|p1a: Oil Price|82/100|[from] item: Black Sludge
|upkeep
|turn|19
|
|t:|1769409901
|move|p2a: Walking Wake|Surf|p1a: Oil Price
|-damage|p1a: Oil Price|45/100
|move|p1a: Oil Price|Knock Off|p2a: Walking Wake
|-crit|p2a: Walking Wake
|-damage|p2a: Walking Wake|39/100
|
|-heal|p1a: Oil Price|51/100|[from] item: Black Sludge
|upkeep
|turn|20
|
|t:|1769409912
|move|p2a: Walking Wake|Draco Meteor|p1a: Oil Price
|-damage|p1a: Oil Price|3/100
|-unboost|p2a: Walking Wake|spa|2
|move|p1a: Oil Price|Gunk Shot|p2a: Walking Wake
|-damage|p2a: Walking Wake|0 fnt
|faint|p2a: Walking Wake
|-end|p2a: Walking Wake|Protosynthesis|[silent]
|
|-heal|p1a: Oil Price|9/100|[from] item: Black Sludge
|upkeep
|
|t:|1769409917
|switch|p2a: Scizor|Scizor, F|27/100
|-damage|p2a: Scizor|15/100|[from] Stealth Rock
|-damage|p2a: Scizor|0 fnt|[from] Spikes
|faint|p2a: Scizor
|
|t:|1769409921
|switch|p2a: Cinderace|Cinderace, M|100/100
|turn|21
|
|t:|1769409930
|move|p2a: Cinderace|Flame Charge|p1a: Oil Price
|-damage|p1a: Oil Price|0 fnt
|-boost|p2a: Cinderace|spe|1
|faint|p1a: Oil Price
|
|upkeep
|
|t:|1769409939
|switch|p1a: Sun King|Infernape, F|100/100
|turn|22
|
|t:|1769409945
|move|p2a: Cinderace|Gunk Shot|p1a: Sun King|[miss]
|-start|p2a: Cinderace|typechange|Poison|[from] ability: Libero
|-miss|p2a: Cinderace|p1a: Sun King
|move|p1a: Sun King|Drain Punch|p2a: Cinderace
|-resisted|p2a: Cinderace
|-damage|p2a: Cinderace|70/100
|
|upkeep
|turn|23
|
|t:|1769409957
|switch|p1a: KingdomHeart|Klefki, M|85/100
|move|p2a: Cinderace|Gunk Shot|p1a: KingdomHeart
|-immune|p1a: KingdomHeart
|
|-heal|p1a: KingdomHeart|91/100|[from] item: Leftovers
|upkeep
|turn|24
|
|t:|1769409971
|move|p1a: KingdomHeart|Spikes|p2a: Cinderace
|-sidestart|p2: Athocus|Spikes
|move|p2a: Cinderace|Flame Charge|p1a: KingdomHeart
|-supereffective|p1a: KingdomHeart
|-damage|p1a: KingdomHeart|62/100
|-boost|p2a: Cinderace|spe|1
|
|-heal|p1a: KingdomHeart|68/100|[from] item: Leftovers
|upkeep
|turn|25
|
|t:|1769409981
|move|p2a: Cinderace|Will-O-Wisp|p1a: KingdomHeart
|-status|p1a: KingdomHeart|brn
|move|p1a: KingdomHeart|Flash Cannon|p2a: Cinderace
|-crit|p2a: Cinderace
|-damage|p2a: Cinderace|24/100
|-unboost|p2a: Cinderace|spd|1
|
|-heal|p1a: KingdomHeart|74/100 brn|[from] item: Leftovers
|-damage|p1a: KingdomHeart|68/100 brn|[from] brn
|upkeep
|turn|26
|
|t:|1769409991
|switch|p2a: Gliscor|Gliscor, F|43/100
|-damage|p2a: Gliscor|31/100|[from] Stealth Rock
|move|p1a: KingdomHeart|Flash Cannon|p2a: Gliscor
|-damage|p2a: Gliscor|4/100
|
|-heal|p1a: KingdomHeart|74/100 brn|[from] item: Leftovers
|-damage|p1a: KingdomHeart|68/100 brn|[from] brn
|upkeep
|turn|27
|
|t:|1769410002
|switch|p1a: Cold Uka|Cryogonal|100/100
|move|p2a: Gliscor|Earthquake|p1a: Cold Uka
|-immune|p1a: Cold Uka|[from] ability: Levitate
|
|upkeep
|turn|28
|
|t:|1769410012
|move|p1a: Cold Uka|Rapid Spin|p2a: Gliscor
|-crit|p2a: Gliscor
|-damage|p2a: Gliscor|0 fnt
|-boost|p1a: Cold Uka|spe|1
|faint|p2a: Gliscor
|
|upkeep
|
|t:|1769410018
|switch|p2a: Clefable|Clefable, M|100/100
|turn|29
|
|t:|1769410023
|move|p1a: Cold Uka|Freeze-Dry|p2a: Clefable
|-damage|p2a: Clefable|87/100
|move|p2a: Clefable|Moonblast|p1a: Cold Uka
|-damage|p1a: Cold Uka|74/100
|-unboost|p1a: Cold Uka|spa|1
|
|upkeep
|turn|30
|
|t:|1769410033
|switch|p1a: KingdomHeart|Klefki, M|68/100 brn
|move|p2a: Clefable|Shadow Ball|p1a: KingdomHeart
|-damage|p1a: KingdomHeart|48/100 brn
|-unboost|p1a: KingdomHeart|spd|1
|
|-heal|p1a: KingdomHeart|54/100 brn|[from] item: Leftovers
|-damage|p1a: KingdomHeart|48/100 brn|[from] brn
|upkeep
|turn|31
|
|t:|1769410046
|switch|p1a: Sun King|Infernape, F|100/100
|move|p2a: Clefable|Shadow Ball|p1a: Sun King
|-damage|p1a: Sun King|74/100
|
|upkeep
|turn|32
|
|t:|1769410056
|move|p1a: Sun King|Fire Punch|p2a: Clefable
|-damage|p2a: Clefable|41/100
|move|p2a: Clefable|Psyshock|p1a: Sun King
|-supereffective|p1a: Sun King
|-damage|p1a: Sun King|16/100
|
|upkeep
|turn|33
|
|t:|1769410062
|move|p1a: Sun King|Fire Punch|p2a: Clefable
|-crit|p2a: Clefable
|-damage|p2a: Clefable|0 fnt
|faint|p2a: Clefable
|
|upkeep
|
|t:|1769410066
|switch|p2a: Cinderace|Cinderace, M|24/100
|turn|34
|
|t:|1769410074
|switch|p1a: KingdomHeart|Klefki, M|48/100 brn
|move|p2a: Cinderace|Sucker Punch||[still]
|-fail|p2a: Cinderace
|
|-heal|p1a: KingdomHeart|54/100 brn|[from] item: Leftovers
|-damage|p1a: KingdomHeart|48/100 brn|[from] brn
|upkeep
|turn|35
|
|t:|1769410087
|move|p2a: Cinderace|Flame Charge|p1a: KingdomHeart
|-supereffective|p1a: KingdomHeart
|-damage|p1a: KingdomHeart|7/100 brn
|-boost|p2a: Cinderace|spe|1
|move|p1a: KingdomHeart|Flash Cannon|p2a: Cinderace
|-resisted|p2a: Cinderace
|-damage|p2a: Cinderace|7/100
|
|-heal|p1a: KingdomHeart|13/100 brn|[from] item: Leftovers
|-damage|p1a: KingdomHeart|7/100 brn|[from] brn
|upkeep
|turn|36
|
|t:|1769410100
|move|p2a: Cinderace|Flame Charge|p1a: KingdomHeart
|-supereffective|p1a: KingdomHeart
|-damage|p1a: KingdomHeart|0 fnt
|-boost|p2a: Cinderace|spe|1
|faint|p1a: KingdomHeart
|
|upkeep
|
|t:|1769410114
|switch|p1a: Cold Uka|Cryogonal|74/100
|turn|37
|
|t:|1769410119
|-terastallize|p1a: Cold Uka|Electric
|move|p2a: Cinderace|Flame Charge|p1a: Cold Uka
|-damage|p1a: Cold Uka|25/100
|-boost|p2a: Cinderace|spe|1
|move|p1a: Cold Uka|Tera Blast|p2a: Cinderace|[anim] Tera Blast Electric
|-damage|p2a: Cinderace|0 fnt
|faint|p2a: Cinderace
|
|win|Poklin7670
|raw|Poklin7670's rating: 1088 &rarr; <strong>1121</strong><br />(+33 for winning)
|raw|Athocus's rating: 1174 &rarr; <strong>1143</strong><br />(-31 for losing)
|l|☆Athocus
|player|p2|
|l|☆Poklin7670
|player|p1|
