|j|☆Terturlez
|j|☆kimodo_lux
|t:|1769327170
|gametype|singles
|player|p1|Terturlez|265|1120
|player|p2|kimodo_lux|depotagent|1100
|gen|9
|tier|[Gen 9] OU
|rated|
|rule|HP Percentage Mod: HP is shown in percentages
|rule|Endless Battle Clause: Forcing endless battles is banned
|rule|Species Clause: Limit one of each Pokémon
|rule|OHKO Clause: OHKO moves are banned
|rule|Evasion Items Clause: Evasion items are banned
|rule|Evasion Moves Clause: Evasion moves are banned
|rule|Evasion Abilities Clause: Evasion abilities are banned
|rule|Sleep Moves Clause: Sleep-inducing moves are banned
|clearpoke
|poke|p1|Toxapex, F|
|poke|p1|Gliscor, M|
|poke|p1|Slaking, M|
|poke|p1|Quagsire, M|
|poke|p1|Great Tusk|
|poke|p1|Alomomola, M|
|poke|p2|Torkoal, M|
|poke|p2|Hatterene, F|
|poke|p2|Raging Bolt|
|poke|p2|Slither Wing|
|poke|p2|Venusaur, F|
|poke|p2|Walking Wake|
|teampreview
|
|t:|1769327182
|teamsize|p1|6
|teamsize|p2|6
|start
|switch|p1a: Slaking|Slaking, M|100/100
|switch|p2a: Torkoal|Torkoal, M|100/100
|-weather|SunnyDay|[from] ability: Drought|[of] p2a: Torkoal
|turn|1
|
|t:|1769327194
|switch|p2a: Slither Wing|Slither Wing|100/100
|-activate|p2a: Slither Wing|ability: Protosynthesis
|-start|p2a: Slither Wing|protosynthesisatk
|move|p1a: Slaking|Earthquake|p2a: Slither Wing
|-resisted|p2a: Slither Wing
|-damage|p2a: Slither Wing|62/100
|
|-weather|SunnyDay|[upkeep]
|upkeep
|turn|2
|
|t:|1769327204
|switch|p1a: Alomomola|Alomomola, M|100/100
|move|p2a: Slither Wing|U-turn|p1a: Alomomola
|-damage|p1a: Alomomola|74/100
|-damage|p2a: Slither Wing|45/100|[from] item: Rocky Helmet|[of] p1a: Alomomola
|
|t:|1769327211
|-end|p2a: Slither Wing|Protosynthesis|[silent]
|switch|p2a: Venusaur|Venusaur, F|100/100|[from] U-turn
|
|-weather|SunnyDay|[upkeep]
|upkeep
|turn|3
|
|t:|1769327221
|switch|p1a: Toxapex|Toxapex, F|100/100
|move|p2a: Venusaur|Growth|p2a: Venusaur
|-boost|p2a: Venusaur|atk|2
|-boost|p2a: Venusaur|spa|2
|
|-weather|SunnyDay|[upkeep]
|upkeep
|turn|4
|
|t:|1769327229
|-terastallize|p2a: Venusaur|Fire
|move|p2a: Venusaur|Growth|p2a: Venusaur
|-boost|p2a: Venusaur|atk|2
|-boost|p2a: Venusaur|spa|2
|move|p1a: Toxapex|Haze|p1a: Toxapex
|-clearallboost
|
|-weather|SunnyDay|[upkeep]
|upkeep
|turn|5
|
|t:|1769327245
|move|p2a: Venusaur|Growth|p2a: Venusaur
|-boost|p2a: Venusaur|atk|2
|-boost|p2a: Venusaur|spa|2
|move|p1a: Toxapex|Toxic|p2a: Venusaur
|-status|p2a: Venusaur|tox
|
|-weather|SunnyDay|[upkeep]
|-damage|p2a: Venusaur|95/100 tox|[from] psn
|upkeep
|turn|6
|
|t:|1769327255
|move|p2a: Venusaur|Earthquake|p1a: Toxapex
|-supereffective|p1a: Toxapex
|-crit|p1a: Toxapex
|-damage|p1a: Toxapex|0 fnt
|faint|p1a: Toxapex
|-damage|p2a: Venusaur|85/100 tox|[from] item: Life Orb
|
|-weather|SunnyDay|[upkeep]
|-damage|p2a: Venusaur|73/100 tox|[from] psn
|upkeep
|
|t:|1769327273
|switch|p1a: Gliscor|Gliscor, M|100/100
|turn|7
|
|t:|1769327277
|move|p1a: Gliscor|Protect|p1a: Gliscor
|-singleturn|p1a: Gliscor|Protect
|move|p2a: Venusaur|Giga Drain|p1a: Gliscor
|-activate|p1a: Gliscor|move: Protect
|
|-weather|SunnyDay|[upkeep]
|-damage|p2a: Venusaur|55/100 tox|[from] psn
|-status|p1a: Gliscor|tox|[from] item: Toxic Orb
|upkeep
|turn|8
|
|t:|1769327290
|move|p2a: Venusaur|Giga Drain|p1a: Gliscor
|-damage|p1a: Gliscor|28/100 tox
|-heal|p2a: Venusaur|97/100 tox|[from] drain|[of] p1a: Gliscor
|-damage|p2a: Venusaur|87/100 tox|[from] item: Life Orb
|move|p1a: Gliscor|Earthquake|p2a: Venusaur
|-supereffective|p2a: Venusaur
|-damage|p2a: Venusaur|7/100 tox
|
|-weather|none
|-damage|p2a: Venusaur|0 fnt|[from] psn
|faint|p2a: Venusaur
|-heal|p1a: Gliscor|41/100 tox|[from] ability: Poison Heal
|upkeep
|
|t:|1769327297
|switch|p2a: Torkoal|Torkoal, M|100/100
|-weather|SunnyDay|[from] ability: Drought|[of] p2a: Torkoal
|turn|9
|
|t:|1769327307
|switch|p2a: Walking Wake|Walking Wake|100/100
|-activate|p2a: Walking Wake|ability: Protosynthesis
|-start|p2a: Walking Wake|protosynthesisspe
|move|p1a: Gliscor|Spikes|p2a: Walking Wake
|-sidestart|p2: kimodo_lux|Spikes
|
|-weather|SunnyDay|[upkeep]
|-heal|p1a: Gliscor|53/100 tox|[from] ability: Poison Heal
|upkeep
|turn|10
|
|t:|1769327353
|move|p1a: Gliscor|Protect|p1a: Gliscor
|-singleturn|p1a: Gliscor|Protect
|move|p2a: Walking Wake|Flip Turn|p1a: Gliscor
|-activate|p1a: Gliscor|move: Protect
|
|-weather|SunnyDay|[upkeep]
|-heal|p1a: Gliscor|66/100 tox|[from] ability: Poison Heal
|upkeep
|turn|11
|
|t:|1769327370
|switch|p1a: Alomomola|Alomomola, M|100/100
|move|p2a: Walking Wake|Hydro Steam|p1a: Alomomola
|-resisted|p1a: Alomomola
|-damage|p1a: Alomomola|64/100
|
|-weather|SunnyDay|[upkeep]
|upkeep
|turn|12
|
|t:|1769327379
|move|p1a: Alomomola|Protect|p1a: Alomomola
|-singleturn|p1a: Alomomola|Protect
|move|p2a: Walking Wake|Hydro Steam|p1a: Alomomola
|-activate|p1a: Alomomola|move: Protect
|
|-weather|SunnyDay|[upkeep]
|upkeep
|turn|13
|
|t:|1769327387
|move|p2a: Walking Wake|Hydro Steam|p1a: Alomomola
|-resisted|p1a: Alomomola
|-damage|p1a: Alomomola|23/100
|move|p1a: Alomomola|Mirror Coat|p2a: Walking Wake
|-damage|p2a: Walking Wake|0 fnt
|faint|p2a: Walking Wake
|-end|p2a: Walking Wake|Protosynthesis|[silent]
|
|-weather|SunnyDay|[upkeep]
|upkeep
|
|t:|1769327396
|switch|p2a: Slither Wing|Slither Wing|45/100
|-damage|p2a: Slither Wing|33/100|[from] Spikes
|-activate|p2a: Slither Wing|ability: Protosynthesis
|-start|p2a: Slither Wing|protosynthesisatk
|turn|14
|
|t:|1769327403
|move|p1a: Alomomola|Protect|p1a: Alomomola
|-singleturn|p1a: Alomomola|Protect
|move|p2a: Slither Wing|First Impression|p1a: Alomomola
|-activate|p1a: Alomomola|move: Protect
|
|-weather|SunnyDay|[upkeep]
|upkeep
|turn|15
|
|t:|1769327415
|switch|p1a: Slaking|Slaking, M|100/100
|move|p2a: Slither Wing|U-turn|p1a: Slaking
|-damage|p1a: Slaking|57/100
|
|t:|1769327444
|-end|p2a: Slither Wing|Protosynthesis|[silent]
|switch|p2a: Raging Bolt|Raging Bolt|100/100|[from] U-turn
|-damage|p2a: Raging Bolt|88/100|[from] Spikes
|-activate|p2a: Raging Bolt|ability: Protosynthesis
|-start|p2a: Raging Bolt|protosynthesisspa
|
|-weather|SunnyDay|[upkeep]
|upkeep
|turn|16
|
|t:|1769327456
|switch|p1a: Gliscor|Gliscor, M|66/100 tox
|move|p2a: Raging Bolt|Dragon Pulse|p1a: Gliscor
|-damage|p1a: Gliscor|0 fnt
|faint|p1a: Gliscor
|-damage|p2a: Raging Bolt|78/100|[from] item: Life Orb
|
|-weather|none
|-end|p2a: Raging Bolt|Protosynthesis
|upkeep
|
|t:|1769327466
|switch|p1a: Great Tusk|Great Tusk|100/100
|turn|17
|
|t:|1769327470
|-end|p2a: Raging Bolt|Protosynthesis|[silent]
|switch|p2a: Torkoal|Torkoal, M|100/100
|-damage|p2a: Torkoal|88/100|[from] Spikes
|-weather|SunnyDay|[from] ability: Drought|[of] p2a: Torkoal
|-activate|p1a: Great Tusk|ability: Protosynthesis
|-start|p1a: Great Tusk|protosynthesisatk
|move|p1a: Great Tusk|Headlong Rush|p2a: Torkoal
|-supereffective|p2a: Torkoal
|-damage|p2a: Torkoal|0 fnt
|-unboost|p1a: Great Tusk|def|1
|-unboost|p1a: Great Tusk|spd|1
|faint|p2a: Torkoal
|
|-weather|SunnyDay|[upkeep]
|upkeep
|
|t:|1769327476
|switch|p2a: Hatterene|Hatterene, F|100/100
|-item|p2a: Hatterene|Air Balloon
|turn|18
|
|t:|1769327497
|-end|p1a: Great Tusk|Protosynthesis|[silent]
|switch|p1a: Quagsire|Quagsire, M|100/100
|move|p2a: Hatterene|Trick Room|p2a: Hatterene
|-fieldstart|move: Trick Room|[of] p2a: Hatterene
|
|-weather|SunnyDay|[upkeep]
|upkeep
|turn|19
|
|t:|1769327509
|switch|p2a: Raging Bolt|Raging Bolt|78/100
|-damage|p2a: Raging Bolt|66/100|[from] Spikes
|-activate|p2a: Raging Bolt|ability: Protosynthesis
|-start|p2a: Raging Bolt|protosynthesisspa
|switch|p1a: Alomomola|Alomomola, M|56/100
|
|-weather|SunnyDay|[upkeep]
|upkeep
|turn|20
|
|t:|1769327520
|switch|p1a: Quagsire|Quagsire, M|100/100
|move|p2a: Raging Bolt|Solar Beam||[still]
|-prepare|p2a: Raging Bolt|Solar Beam
|-anim|p2a: Raging Bolt|Solar Beam|p1a: Quagsire
|-supereffective|p1a: Quagsire
|-damage|p1a: Quagsire|0 fnt
|faint|p1a: Quagsire
|-damage|p2a: Raging Bolt|56/100|[from] item: Life Orb
|
|-weather|SunnyDay|[upkeep]
|upkeep
|
|t:|1769327536
|switch|p1a: Alomomola|Alomomola, M|89/100
|turn|21
|
|t:|1769327563
|move|p1a: Alomomola|Protect|p1a: Alomomola
|-singleturn|p1a: Alomomola|Protect
|move|p2a: Raging Bolt|Thunderclap||[still]
|-fail|p2a: Raging Bolt
|
|-weather|SunnyDay|[upkeep]
|upkeep
|turn|22
|
|t:|1769327580
|switch|p1a: Slaking|Slaking, M|57/100
|move|p2a: Raging Bolt|Solar Beam||[still]
|-prepare|p2a: Raging Bolt|Solar Beam
|-anim|p2a: Raging Bolt|Solar Beam|p1a: Slaking
|-damage|p1a: Slaking|0 fnt
|faint|p1a: Slaking
|-damage|p2a: Raging Bolt|46/100|[from] item: Life Orb
|
|-weather|SunnyDay|[upkeep]
|-fieldend|move: Trick Room
|upkeep
|
|t:|1769327592
|switch|p1a: Great Tusk|Great Tusk|100/100
|-activate|p1a: Great Tusk|ability: Protosynthesis
|-start|p1a: Great Tusk|protosynthesisatk
|turn|23
|
|t:|1769327607
|-end|p2a: Raging Bolt|Protosynthesis|[silent]
|switch|p2a: Hatterene|Hatterene, F|100/100
|-item|p2a: Hatterene|Air Balloon
|move|p1a: Great Tusk|Ice Spinner|p2a: Hatterene
|-damage|p2a: Hatterene|71/100
|-enditem|p2a: Hatterene|Air Balloon
|
|-weather|SunnyDay|[upkeep]
|upkeep
|turn|24
|
|t:|1769327617
|move|p1a: Great Tusk|Headlong Rush|p2a: Hatterene
|-damage|p2a: Hatterene|5/100
|-unboost|p1a: Great Tusk|def|1
|-unboost|p1a: Great Tusk|spd|1
|move|p2a: Hatterene|Trick Room|p2a: Hatterene
|-fieldstart|move: Trick Room|[of] p2a: Hatterene
|
|-weather|none
|-end|p1a: Great Tusk|Protosynthesis
|upkeep
|turn|25
|-message|Terturlez forfeited.
|
|win|kimodo_lux
|raw|Terturlez's rating: 1120 &rarr; <strong>1094</strong><br />(-26 for losing)
|raw|kimodo_lux's rating: 1100 &rarr; <strong>1126</strong><br />(+26 for winning)
|l|☆Terturlez
|player|p1|
|l|☆kimodo_lux
|player|p2|
