|j|☆Nikator98
|j|☆Yaoshi
|t:|1769352155
|gametype|singles
|player|p1|Nikator98|giovanni|1793
|player|p2|Yaoshi|silver-masters|1755
|gen|9
|tier|[Gen 9] OU
|rated|
|rule|HP Percentage Mod: HP is shown in percentages
|rule|Endless Battle Clause: Forcing endless battles is banned
|rule|Species Clause: Limit one of each Pokémon
|rule|OHKO Clause: OHKO moves are banned
|rule|Evasion Items Clause: Evasion items are banned
|rule|Evasion Moves Clause: Evasion moves are banned
|rule|Evasion Abilities Clause: Evasion abilities are banned
|rule|Sleep Moves Clause: Sleep-inducing moves are banned
|clearpoke
|poke|p1|Metagross|
|poke|p1|Great Tusk|
|poke|p1|Haxorus, M|
|poke|p1|Iron Moth|
|poke|p1|Zoroark-Hisui, M|
|poke|p1|Ninetales-Alola, F|
|poke|p2|Cinderace, M|
|poke|p2|Darkrai|
|poke|p2|Dragonite, M|
|poke|p2|Snorlax, F|
|poke|p2|Primarina, M|
|poke|p2|Skarmory, M|
|teampreview
|inactive|Battle timer is ON: inactive players will automatically lose when time's up. (requested by Yaoshi)
|
|t:|1769352164
|teamsize|p1|6
|teamsize|p2|6
|start
|switch|p1a: Arquillian Sentry|Metagross|100/100
|switch|p2a: One Hit Wonder|Cinderace, M|100/100
|turn|1
|
|t:|1769352173
|move|p2a: One Hit Wonder|Pyro Ball|p1a: Arquillian Sentry
|-supereffective|p1a: Arquillian Sentry
|-damage|p1a: Arquillian Sentry|0 fnt
|faint|p1a: Arquillian Sentry
|
|upkeep
|
|t:|1769352192
|switch|p1a: Kumaryia|Great Tusk, shiny|100/100
|turn|2
|
|t:|1769352197
|switch|p2a: Ayami Sato|Primarina, M, shiny|100/100
|move|p1a: Kumaryia|Knock Off|p2a: Ayami Sato
|-resisted|p2a: Ayami Sato
|-damage|p2a: Ayami Sato|86/100
|-enditem|p2a: Ayami Sato|Leftovers|[from] move: Knock Off|[of] p1a: Kumaryia
|
|upkeep
|turn|3
|
|t:|1769352204
|-end|p1a: Kumaryia|Protosynthesis|[silent]
|switch|p1a: Asfaloth|Ninetales-Alola, F, shiny|100/100
|-weather|Snowscape|[from] ability: Snow Warning|[of] p1a: Asfaloth
|move|p2a: Ayami Sato|Calm Mind|p2a: Ayami Sato
|-boost|p2a: Ayami Sato|spa|1
|-boost|p2a: Ayami Sato|spd|1
|
|-weather|Snowscape|[upkeep]
|upkeep
|turn|4
|
|t:|1769352213
|switch|p2a: One Hit Wonder|Cinderace, M|100/100
|move|p1a: Asfaloth|Encore||[still]
|-fail|p1a: Asfaloth
|
|-weather|Snowscape|[upkeep]
|upkeep
|turn|5
|inactive|Nikator98 has 120 seconds left.
|inactive|Nikator98 has 90 seconds left.
|
|t:|1769352298
|switch|p1a: Asfaloth|Ninetales-Alola, F, shiny|100/100
|move|p2a: One Hit Wonder|Pyro Ball|p1a: Asfaloth|[miss]
|-miss|p2a: One Hit Wonder|p1a: Asfaloth
|
|-weather|Snowscape|[upkeep]
|upkeep
|turn|6
|
|t:|1769352305
|move|p2a: One Hit Wonder|Sucker Punch|p1a: Asfaloth
|-start|p2a: One Hit Wonder|typechange|Dark|[from] ability: Libero
|-supereffective|p1a: Asfaloth
|-damage|p1a: Asfaloth|0 fnt
|replace|p1a: Van Helsing|Zoroark-Hisui, M, shiny
|-end|p1a: Van Helsing|Illusion
|faint|p1a: Van Helsing
|
|-weather|Snowscape|[upkeep]
|upkeep
|inactive|Nikator98 has 60 seconds left.
|j| CranberryHabits
|
|t:|1769352354
|switch|p1a: Kumaryia|Great Tusk, shiny|100/100
|turn|7
|
|t:|1769352357
|switch|p2a: Ayami Sato|Primarina, M, shiny|86/100
|move|p1a: Kumaryia|Knock Off|p2a: Ayami Sato
|-resisted|p2a: Ayami Sato
|-damage|p2a: Ayami Sato|77/100
|
|-weather|none
|upkeep
|turn|8
|
|t:|1769352364
|-end|p1a: Kumaryia|Protosynthesis|[silent]
|switch|p1a: Asfaloth|Ninetales-Alola, F, shiny|100/100
|-weather|Snowscape|[from] ability: Snow Warning|[of] p1a: Asfaloth
|move|p2a: Ayami Sato|Psychic Noise|p1a: Asfaloth
|-damage|p1a: Asfaloth|66/100
|-start|p1a: Asfaloth|move: Heal Block
|
|-weather|Snowscape|[upkeep]
|upkeep
|turn|9
|
|t:|1769352373
|move|p1a: Asfaloth|Aurora Veil|p1a: Asfaloth
|-sidestart|p1: Nikator98|move: Aurora Veil
|move|p2a: Ayami Sato|Psychic Noise|p1a: Asfaloth
|-damage|p1a: Asfaloth|48/100
|
|-weather|Snowscape|[upkeep]
|-end|p1a: Asfaloth|move: Heal Block
|upkeep
|turn|10
|inactive|Nikator98 has 60 seconds left.
|
|t:|1769352383
|move|p1a: Asfaloth|Freeze-Dry|p2a: Ayami Sato
|-supereffective|p2a: Ayami Sato
|-damage|p2a: Ayami Sato|39/100
|move|p2a: Ayami Sato|Psychic Noise|p1a: Asfaloth
|-damage|p1a: Asfaloth|32/100
|-start|p1a: Asfaloth|move: Heal Block
|
|-weather|Snowscape|[upkeep]
|upkeep
|turn|11
|inactive|Nikator98 has 60 seconds left.
|
|t:|1769352392
|switch|p2a: One Hit Wonder|Cinderace, M|100/100
|move|p1a: Asfaloth|Freeze-Dry|p2a: One Hit Wonder
|-resisted|p2a: One Hit Wonder
|-damage|p2a: One Hit Wonder|84/100
|
|-weather|Snowscape|[upkeep]
|-end|p1a: Asfaloth|move: Heal Block
|upkeep
|turn|12
|
|t:|1769352400
|move|p1a: Asfaloth|Encore||[still]
|-fail|p1a: Asfaloth
|move|p2a: One Hit Wonder|Pyro Ball|p1a: Asfaloth
|-supereffective|p1a: Asfaloth
|-damage|p1a: Asfaloth|0 fnt
|faint|p1a: Asfaloth
|
|-weather|none
|upkeep
|inactive|Nikator98 has 60 seconds left.
|
|t:|1769352417
|switch|p1a: Lacelle|Haxorus, M, shiny|100/100
|-ability|p1a: Lacelle|Mold Breaker
|turn|13
|inactive|Nikator98 has 60 seconds left.
|
|t:|1769352422
|switch|p2a: Oz Smith|Skarmory, M, shiny|100/100
|move|p1a: Lacelle|Swords Dance|p1a: Lacelle
|-boost|p1a: Lacelle|atk|2
|
|upkeep
|turn|14
|
|t:|1769352430
|move|p1a: Lacelle|Close Combat|p2a: Oz Smith
|-damage|p2a: Oz Smith|44/100
|-unboost|p1a: Lacelle|def|1
|-unboost|p1a: Lacelle|spd|1
|-damage|p1a: Lacelle|84/100|[from] item: Rocky Helmet|[of] p2a: Oz Smith
|move|p2a: Oz Smith|Whirlwind|p1a: Lacelle
|drag|p1a: Kumaryia|Great Tusk, shiny|100/100
|
|upkeep
|turn|15
|
|t:|1769352441
|move|p1a: Kumaryia|Knock Off|p2a: Oz Smith
|-crit|p2a: Oz Smith
|-damage|p2a: Oz Smith|9/100
|-damage|p1a: Kumaryia|84/100|[from] item: Rocky Helmet|[of] p2a: Oz Smith
|-enditem|p2a: Oz Smith|Rocky Helmet|[from] move: Knock Off|[of] p1a: Kumaryia
|move|p2a: Oz Smith|Roost|p2a: Oz Smith
|-heal|p2a: Oz Smith|59/100
|-singleturn|p2a: Oz Smith|move: Roost
|
|upkeep
|turn|16
|
|t:|1769352454
|-end|p1a: Kumaryia|Protosynthesis|[silent]
|switch|p1a: Gothmog|Iron Moth|100/100
|-enditem|p1a: Gothmog|Booster Energy
|-activate|p1a: Gothmog|ability: Quark Drive|[fromitem]
|-start|p1a: Gothmog|quarkdrivespe
|move|p2a: Oz Smith|Roost|p2a: Oz Smith
|-heal|p2a: Oz Smith|100/100
|-singleturn|p2a: Oz Smith|move: Roost
|
|-sideend|p1: Nikator98|move: Aurora Veil
|upkeep
|turn|17
|
|t:|1769352467
|switch|p2a: Homerun|Snorlax, F, shiny|100/100
|move|p1a: Gothmog|Fiery Dance|p2a: Homerun
|-damage|p2a: Homerun|81/100
|-boost|p1a: Gothmog|spa|1
|
|upkeep
|turn|18
|
|t:|1769352482
|-end|p1a: Gothmog|Quark Drive|[silent]
|switch|p1a: Kumaryia|Great Tusk, shiny|84/100
|move|p2a: Homerun|Earthquake|p1a: Kumaryia
|-damage|p1a: Kumaryia|66/100
|
|upkeep
|turn|19
|
|t:|1769352488
|switch|p2a: Ayami Sato|Primarina, M, shiny|39/100
|move|p1a: Kumaryia|Knock Off|p2a: Ayami Sato
|-resisted|p2a: Ayami Sato
|-damage|p2a: Ayami Sato|29/100
|
|upkeep
|turn|20
|
|t:|1769352493
|move|p1a: Kumaryia|Headlong Rush|p2a: Ayami Sato
|-damage|p2a: Ayami Sato|0 fnt
|-unboost|p1a: Kumaryia|def|1
|-unboost|p1a: Kumaryia|spd|1
|faint|p2a: Ayami Sato
|
|upkeep
|
|t:|1769352498
|switch|p2a: Ohtani|Dragonite, M|100/100
|turn|21
|
|t:|1769352505
|-terastallize|p2a: Ohtani|Normal
|move|p2a: Ohtani|Extreme Speed|p1a: Kumaryia
|-damage|p1a: Kumaryia|0 fnt
|faint|p1a: Kumaryia
|-end|p1a: Kumaryia|Protosynthesis|[silent]
|
|upkeep
|
|t:|1769352520
|switch|p1a: Lacelle|Haxorus, M, shiny|84/100
|-ability|p1a: Lacelle|Mold Breaker
|turn|22
|
|t:|1769352524
|move|p2a: Ohtani|Extreme Speed|p1a: Lacelle
|-damage|p1a: Lacelle|1/100
|move|p1a: Lacelle|Close Combat|p2a: Ohtani
|-supereffective|p2a: Ohtani
|-crit|p2a: Ohtani
|-damage|p2a: Ohtani|0 fnt
|-unboost|p1a: Lacelle|def|1
|-unboost|p1a: Lacelle|spd|1
|faint|p2a: Ohtani
|
|upkeep
|
|t:|1769352531
|switch|p2a: Babe Ruth|Darkrai, shiny|100/100
|turn|23
|
|t:|1769352536
|move|p2a: Babe Ruth|Dark Pulse|p1a: Lacelle
|-damage|p1a: Lacelle|0 fnt
|faint|p1a: Lacelle
|
|upkeep
|
|t:|1769352540
|switch|p1a: Gothmog|Iron Moth|100/100
|turn|24
|
|t:|1769352543
|move|p2a: Babe Ruth|Dark Pulse|p1a: Gothmog
|-damage|p1a: Gothmog|58/100
|move|p1a: Gothmog|Fiery Dance|p2a: Babe Ruth
|-damage|p2a: Babe Ruth|47/100
|
|-heal|p2a: Babe Ruth|53/100|[from] item: Leftovers
|upkeep
|turn|25
|inactive|Nikator98 has 120 seconds left.
|
|t:|1769352551
|move|p2a: Babe Ruth|Dark Pulse|p1a: Gothmog
|-damage|p1a: Gothmog|19/100
|move|p1a: Gothmog|Sludge Wave|p2a: Babe Ruth
|-damage|p2a: Babe Ruth|0 fnt
|faint|p2a: Babe Ruth
|
|upkeep
|
|t:|1769352557
|switch|p2a: Homerun|Snorlax, F, shiny|81/100
|turn|26
|
|t:|1769352560
|move|p1a: Gothmog|Sludge Wave|p2a: Homerun
|-crit|p2a: Homerun
|-damage|p2a: Homerun|49/100
|-enditem|p2a: Homerun|Figy Berry|[eat]
|-heal|p2a: Homerun|83/100|[from] item: Figy Berry
|move|p2a: Homerun|Body Slam|p1a: Gothmog
|-damage|p1a: Gothmog|0 fnt
|faint|p1a: Gothmog
|-end|p1a: Gothmog|Quark Drive|[silent]
|
|win|Yaoshi
|raw|Nikator98's rating: 1793 &rarr; <strong>1771</strong><br />(-22 for losing)
|raw|Yaoshi's rating: 1755 &rarr; <strong>1777</strong><br />(+22 for winning)
|j| AerTef
|l|☆Nikator98
|player|p1|
|l|☆Yaoshi
|player|p2|
|l| AerTef
