|j|☆Rubicouss
|j|☆Wyvern fiend
|t:|1769409423
|gametype|singles
|player|p1|Rubicouss|gambler|1268
|player|p2|Wyvern fiend|ingo|1316
|gen|9
|tier|[Gen 9] OU
|rated|
|rule|HP Percentage Mod: HP is shown in percentages
|rule|Endless Battle Clause: Forcing endless battles is banned
|rule|Species Clause: Limit one of each Pokémon
|rule|OHKO Clause: OHKO moves are banned
|rule|Evasion Items Clause: Evasion items are banned
|rule|Evasion Moves Clause: Evasion moves are banned
|rule|Evasion Abilities Clause: Evasion abilities are banned
|rule|Sleep Moves Clause: Sleep-inducing moves are banned
|clearpoke
|poke|p1|Torkoal, M|
|poke|p1|Brute Bonnet|
|poke|p1|Alomomola, F|
|poke|p1|Blissey, F|
|poke|p1|Great Tusk|
|poke|p1|Gholdengo|
|poke|p2|Veluza, M|
|poke|p2|Magnezone|
|poke|p2|Ninetales-Alola, M|
|poke|p2|Moltres-Galar|
|poke|p2|Ceruledge, F|
|poke|p2|Noivern, M|
|teampreview
|
|t:|1769409443
|teamsize|p1|6
|teamsize|p2|6
|start
|switch|p1a: Torkoal|Torkoal, M|100/100
|switch|p2a: Frozen Fish|Ninetales-Alola, M|100/100
|-weather|Snowscape|[from] ability: Snow Warning|[of] p2a: Frozen Fish
|-weather|SunnyDay|[from] ability: Drought|[of] p1a: Torkoal
|turn|1
|
|t:|1769409450
|switch|p2a: Switch Axe|Ceruledge, F|100/100
|move|p1a: Torkoal|Stealth Rock|p2a: Switch Axe
|-sidestart|p2: Wyvern fiend|move: Stealth Rock
|
|-weather|SunnyDay|[upkeep]
|upkeep
|turn|2
|
|t:|1769409479
|switch|p2a: Sundial|Noivern, M|100/100
|switch|p1a: Alomomola|Alomomola, F|100/100
|
|-weather|SunnyDay|[upkeep]
|upkeep
|turn|3
|
|t:|1769409489
|move|p2a: Sundial|Super Fang|p1a: Alomomola
|-damage|p1a: Alomomola|50/100
|-damage|p2a: Sundial|84/100|[from] item: Rocky Helmet|[of] p1a: Alomomola
|move|p1a: Alomomola|Flip Turn|p2a: Sundial
|-resisted|p2a: Sundial
|-damage|p2a: Sundial|79/100
|
|t:|1769409515
|switch|p1a: Gholdengo|Gholdengo|100/100|[from] Flip Turn
|-item|p1a: Gholdengo|Air Balloon
|
|-weather|SunnyDay|[upkeep]
|upkeep
|turn|4
|
|t:|1769409526
|switch|p2a: Mt. Chiliad|Magnezone|100/100
|-damage|p2a: Mt. Chiliad|94/100|[from] Stealth Rock
|move|p1a: Gholdengo|Make It Rain|p2a: Mt. Chiliad
|-resisted|p2a: Mt. Chiliad
|-damage|p2a: Mt. Chiliad|77/100
|-unboost|p1a: Gholdengo|spa|1
|
|-weather|SunnyDay|[upkeep]
|-heal|p2a: Mt. Chiliad|83/100|[from] item: Leftovers
|upkeep
|turn|5
|
|t:|1769409540
|switch|p1a: Great Tusk|Great Tusk|100/100
|-activate|p1a: Great Tusk|ability: Protosynthesis
|-start|p1a: Great Tusk|protosynthesisatk
|move|p2a: Mt. Chiliad|Thunderbolt|p1a: Great Tusk
|-immune|p1a: Great Tusk
|
|-weather|SunnyDay|[upkeep]
|-heal|p2a: Mt. Chiliad|89/100|[from] item: Leftovers
|upkeep
|turn|6
|
|t:|1769409551
|switch|p2a: Frozen Fish|Ninetales-Alola, M|100/100
|-damage|p2a: Frozen Fish|76/100|[from] Stealth Rock
|-weather|Snowscape|[from] ability: Snow Warning|[of] p2a: Frozen Fish
|-end|p1a: Great Tusk|Protosynthesis
|move|p1a: Great Tusk|Rapid Spin|p2a: Frozen Fish
|-damage|p2a: Frozen Fish|61/100
|-boost|p1a: Great Tusk|spe|1
|
|-weather|Snowscape|[upkeep]
|upkeep
|turn|7
|
|t:|1769409574
|-end|p1a: Great Tusk|Protosynthesis|[silent]
|switch|p1a: Torkoal|Torkoal, M|100/100
|-weather|SunnyDay|[from] ability: Drought|[of] p1a: Torkoal
|switch|p2a: Sundial|Noivern, M|79/100
|
|-weather|SunnyDay|[upkeep]
|upkeep
|turn|8
|
|t:|1769409584
|switch|p2a: Monochrome Copy|Moltres-Galar|100/100
|-damage|p2a: Monochrome Copy|76/100|[from] Stealth Rock
|switch|p1a: Alomomola|Alomomola, F|84/100
|
|-weather|SunnyDay|[upkeep]
|upkeep
|turn|9
|
|t:|1769409590
|move|p2a: Monochrome Copy|Agility|p2a: Monochrome Copy
|-boost|p2a: Monochrome Copy|spe|2
|move|p1a: Alomomola|Wish|p1a: Alomomola
|
|-weather|SunnyDay|[upkeep]
|upkeep
|turn|10
|
|t:|1769409599
|switch|p1a: Blissey|Blissey, F|100/100
|move|p2a: Monochrome Copy|Nasty Plot|p2a: Monochrome Copy
|-boost|p2a: Monochrome Copy|spa|2
|
|-weather|SunnyDay|[upkeep]
|upkeep
|turn|11
|
|t:|1769409605
|move|p2a: Monochrome Copy|Nasty Plot|p2a: Monochrome Copy
|-boost|p2a: Monochrome Copy|spa|2
|move|p1a: Blissey|Seismic Toss|p2a: Monochrome Copy
|-damage|p2a: Monochrome Copy|44/100
|-ability|p2a: Monochrome Copy|Berserk|boost
|-boost|p2a: Monochrome Copy|spa|1
|-enditem|p2a: Monochrome Copy|Sitrus Berry|[eat]
|-heal|p2a: Monochrome Copy|69/100|[from] item: Sitrus Berry
|
|-weather|SunnyDay|[upkeep]
|upkeep
|turn|12
|
|t:|1769409617
|move|p2a: Monochrome Copy|Fiery Wrath|p1a: Blissey
|-damage|p1a: Blissey|43/100
|move|p1a: Blissey|Seismic Toss|p2a: Monochrome Copy
|-damage|p2a: Monochrome Copy|38/100
|-ability|p2a: Monochrome Copy|Berserk|boost
|-boost|p2a: Monochrome Copy|spa|1
|
|-weather|SunnyDay|[upkeep]
|-heal|p1a: Blissey|50/100|[from] item: Leftovers
|upkeep
|turn|13
|
|t:|1769409634
|move|p2a: Monochrome Copy|Fiery Wrath|p1a: Blissey
|-damage|p1a: Blissey|0 fnt
|faint|p1a: Blissey
|
|-weather|SunnyDay|[upkeep]
|upkeep
|
|t:|1769409662
|switch|p1a: Gholdengo|Gholdengo|100/100
|-item|p1a: Gholdengo|Air Balloon
|turn|14
|
|t:|1769409673
|-terastallize|p2a: Monochrome Copy|Dark
|-terastallize|p1a: Gholdengo|Fairy
|move|p2a: Monochrome Copy|Fiery Wrath|p1a: Gholdengo
|-resisted|p1a: Gholdengo
|-damage|p1a: Gholdengo|0 fnt
|-enditem|p1a: Gholdengo|Air Balloon
|faint|p1a: Gholdengo
|
|-weather|none
|upkeep
|
|t:|1769409689
|switch|p1a: Torkoal|Torkoal, M|100/100
|-weather|SunnyDay|[from] ability: Drought|[of] p1a: Torkoal
|turn|15
|
|t:|1769409692
|move|p2a: Monochrome Copy|Fiery Wrath|p1a: Torkoal
|-damage|p1a: Torkoal|0 fnt
|faint|p1a: Torkoal
|
|-weather|SunnyDay|[upkeep]
|upkeep
|
|t:|1769409697
|switch|p1a: Brute Bonnet|Brute Bonnet|100/100
|-activate|p1a: Brute Bonnet|ability: Protosynthesis
|-start|p1a: Brute Bonnet|protosynthesisatk
|turn|16
|
|t:|1769409704
|move|p1a: Brute Bonnet|Sucker Punch|p2a: Monochrome Copy
|-resisted|p2a: Monochrome Copy
|-damage|p2a: Monochrome Copy|13/100
|move|p2a: Monochrome Copy|Fiery Wrath|p1a: Brute Bonnet
|-resisted|p1a: Brute Bonnet
|-damage|p1a: Brute Bonnet|23/100
|
|-weather|SunnyDay|[upkeep]
|upkeep
|turn|17
|
|t:|1769409715
|switch|p2a: Sundial|Noivern, M|79/100
|move|p1a: Brute Bonnet|Sucker Punch||[still]
|-fail|p1a: Brute Bonnet
|
|-weather|SunnyDay|[upkeep]
|upkeep
|turn|18
|
|t:|1769409723
|-end|p1a: Brute Bonnet|Protosynthesis|[silent]
|switch|p1a: Alomomola|Alomomola, F|100/100
|move|p2a: Sundial|Draco Meteor|p1a: Alomomola
|-damage|p1a: Alomomola|46/100
|-unboost|p2a: Sundial|spa|2
|
|-weather|SunnyDay|[upkeep]
|upkeep
|turn|19
|
|t:|1769409730
|move|p2a: Sundial|Defog|p1a: Alomomola
|-unboost|p1a: Alomomola|evasion|1
|-sideend|p2: Wyvern fiend|Stealth Rock|[from] move: Defog|[of] p2a: Sundial
|move|p1a: Alomomola|Wish|p1a: Alomomola
|
|-weather|SunnyDay|[upkeep]
|upkeep
|turn|20
|
|t:|1769409736
|move|p2a: Sundial|Super Fang|p1a: Alomomola
|-damage|p1a: Alomomola|23/100
|-damage|p2a: Sundial|63/100|[from] item: Rocky Helmet|[of] p1a: Alomomola
|move|p1a: Alomomola|Flip Turn|p2a: Sundial
|-resisted|p2a: Sundial
|-damage|p2a: Sundial|59/100
|
|t:|1769409739
|switch|p1a: Brute Bonnet|Brute Bonnet|23/100|[from] Flip Turn
|-activate|p1a: Brute Bonnet|ability: Protosynthesis
|-start|p1a: Brute Bonnet|protosynthesisatk
|
|-weather|SunnyDay|[upkeep]
|-heal|p1a: Brute Bonnet|85/100|[from] move: Wish|[wisher] Alomomola
|upkeep
|turn|21
|
|t:|1769409750
|switch|p2a: Mt. Chiliad|Magnezone|89/100
|move|p1a: Brute Bonnet|Growth|p1a: Brute Bonnet
|-boost|p1a: Brute Bonnet|atk|2
|-boost|p1a: Brute Bonnet|spa|2
|
|-weather|SunnyDay|[upkeep]
|-heal|p2a: Mt. Chiliad|96/100|[from] item: Leftovers
|upkeep
|turn|22
|
|t:|1769409760
|move|p2a: Mt. Chiliad|Body Press|p1a: Brute Bonnet
|-supereffective|p1a: Brute Bonnet
|-damage|p1a: Brute Bonnet|47/100
|move|p1a: Brute Bonnet|Bullet Seed|p2a: Mt. Chiliad
|-resisted|p2a: Mt. Chiliad
|-damage|p2a: Mt. Chiliad|86/100
|-resisted|p2a: Mt. Chiliad
|-damage|p2a: Mt. Chiliad|76/100
|-resisted|p2a: Mt. Chiliad
|-damage|p2a: Mt. Chiliad|67/100
|-resisted|p2a: Mt. Chiliad
|-damage|p2a: Mt. Chiliad|56/100
|-resisted|p2a: Mt. Chiliad
|-damage|p2a: Mt. Chiliad|47/100
|-hitcount|p2a: Mt. Chiliad|5
|
|-weather|none
|-end|p1a: Brute Bonnet|Protosynthesis
|-heal|p2a: Mt. Chiliad|53/100|[from] item: Leftovers
|upkeep
|turn|23
|
|t:|1769409779
|move|p2a: Mt. Chiliad|Body Press|p1a: Brute Bonnet
|-supereffective|p1a: Brute Bonnet
|-damage|p1a: Brute Bonnet|6/100
|move|p1a: Brute Bonnet|Synthesis|p1a: Brute Bonnet
|-heal|p1a: Brute Bonnet|56/100
|
|-heal|p2a: Mt. Chiliad|59/100|[from] item: Leftovers
|upkeep
|turn|24
|
|t:|1769409792
|move|p2a: Mt. Chiliad|Flash Cannon|p1a: Brute Bonnet
|-damage|p1a: Brute Bonnet|32/100
|move|p1a: Brute Bonnet|Synthesis|p1a: Brute Bonnet
|-heal|p1a: Brute Bonnet|82/100
|
|-heal|p2a: Mt. Chiliad|65/100|[from] item: Leftovers
|upkeep
|turn|25
|
|t:|1769409798
|move|p2a: Mt. Chiliad|Body Press|p1a: Brute Bonnet
|-supereffective|p1a: Brute Bonnet
|-damage|p1a: Brute Bonnet|41/100
|move|p1a: Brute Bonnet|Synthesis|p1a: Brute Bonnet
|-heal|p1a: Brute Bonnet|91/100
|
|-heal|p2a: Mt. Chiliad|71/100|[from] item: Leftovers
|upkeep
|turn|26
|
|t:|1769409806
|switch|p2a: Frozen Fish|Ninetales-Alola, M|61/100
|-weather|Snowscape|[from] ability: Snow Warning|[of] p2a: Frozen Fish
|move|p1a: Brute Bonnet|Sucker Punch||[still]
|-fail|p1a: Brute Bonnet
|
|-weather|Snowscape|[upkeep]
|upkeep
|turn|27
|
|t:|1769409814
|move|p2a: Frozen Fish|Encore|p1a: Brute Bonnet
|-start|p1a: Brute Bonnet|Encore
|move|p1a: Brute Bonnet|Sucker Punch||[still]
|-fail|p1a: Brute Bonnet
|
|-weather|Snowscape|[upkeep]
|upkeep
|turn|28
|
|t:|1769409822
|-end|p1a: Brute Bonnet|Protosynthesis|[silent]
|switch|p1a: Great Tusk|Great Tusk|100/100
|move|p2a: Frozen Fish|Aurora Veil|p2a: Frozen Fish
|-sidestart|p2: Wyvern fiend|move: Aurora Veil
|
|-weather|Snowscape|[upkeep]
|upkeep
|turn|29
|
|t:|1769409832
|-end|p1a: Great Tusk|Protosynthesis|[silent]
|switch|p1a: Alomomola|Alomomola, F|56/100
|move|p2a: Frozen Fish|Freeze-Dry|p1a: Alomomola
|-supereffective|p1a: Alomomola
|-damage|p1a: Alomomola|6/100
|
|-weather|Snowscape|[upkeep]
|upkeep
|turn|30
|-message|Rubicouss forfeited.
|
|win|Wyvern fiend
|raw|Rubicouss's rating: 1268 &rarr; <strong>1246</strong><br />(-22 for losing)
|raw|Wyvern fiend's rating: 1316 &rarr; <strong>1333</strong><br />(+17 for winning)
|l|☆Rubicouss
|player|p1|
|l|☆Wyvern fiend
|player|p2|
