|j|☆medhat91
|j|☆bananahamockthe3rd
|t:|1769412047
|gametype|singles
|player|p1|medhat91|unknown|1273
|player|p2|bananahamockthe3rd|170|1353
|gen|9
|tier|[Gen 9] OU
|rated|
|rule|HP Percentage Mod: HP is shown in percentages
|rule|Endless Battle Clause: Forcing endless battles is banned
|rule|Species Clause: Limit one of each Pokémon
|rule|OHKO Clause: OHKO moves are banned
|rule|Evasion Items Clause: Evasion items are banned
|rule|Evasion Moves Clause: Evasion moves are banned
|rule|Evasion Abilities Clause: Evasion abilities are banned
|rule|Sleep Moves Clause: Sleep-inducing moves are banned
|clearpoke
|poke|p1|Iron Hands|
|poke|p1|Glimmora, F|
|poke|p1|Landorus-Therian, M|
|poke|p1|Dragapult, F|
|poke|p1|Primarina, F|
|poke|p1|Kingambit, M|
|poke|p2|Cetitan, F|
|poke|p2|Skeledirge, F|
|poke|p2|Swampert, M|
|poke|p2|Ceruledge, F|
|poke|p2|Moltres-Galar|
|poke|p2|Goodra-Hisui, M|
|teampreview
|inactive|Battle timer is ON: inactive players will automatically lose when time's up. (requested by medhat91)
|
|t:|1769412054
|teamsize|p1|6
|teamsize|p2|6
|start
|switch|p1a: Glimmora|Glimmora, F|100/100
|switch|p2a: Cetitan|Cetitan, F, shiny|100/100
|turn|1
|
|t:|1769412068
|switch|p1a: Iron Hands|Iron Hands|100/100
|-enditem|p1a: Iron Hands|Booster Energy
|-activate|p1a: Iron Hands|ability: Quark Drive|[fromitem]
|-start|p1a: Iron Hands|quarkdriveatk
|switch|p2a: Goodra|Goodra-Hisui, M|100/100
|
|upkeep
|turn|2
|
|t:|1769412077
|switch|p2a: Skeledirge|Skeledirge, F|100/100
|move|p1a: Iron Hands|Close Combat|p2a: Skeledirge
|-immune|p2a: Skeledirge
|
|upkeep
|turn|3
|
|t:|1769412083
|move|p2a: Skeledirge|Will-O-Wisp|p1a: Iron Hands
|-status|p1a: Iron Hands|brn
|move|p1a: Iron Hands|Earthquake|p2a: Skeledirge
|-supereffective|p2a: Skeledirge
|-damage|p2a: Skeledirge|70/100
|
|-heal|p2a: Skeledirge|76/100|[from] item: Leftovers
|-damage|p1a: Iron Hands|94/100 brn|[from] brn
|upkeep
|turn|4
|
|t:|1769412097
|switch|p2a: Moltres|Moltres-Galar|100/100
|move|p1a: Iron Hands|Earthquake|p2a: Moltres
|-immune|p2a: Moltres
|
|-damage|p1a: Iron Hands|88/100 brn|[from] brn
|upkeep
|turn|5
|
|t:|1769412107
|switch|p2a: Swampert|Swampert, M|100/100
|move|p1a: Iron Hands|Ice Punch|p2a: Swampert
|-damage|p2a: Swampert|84/100
|
|-heal|p2a: Swampert|90/100|[from] item: Leftovers
|-damage|p1a: Iron Hands|82/100 brn|[from] brn
|upkeep
|turn|6
|
|t:|1769412123
|-end|p1a: Iron Hands|Quark Drive|[silent]
|switch|p1a: Primarina|Primarina, F|100/100
|move|p2a: Swampert|Flip Turn|p1a: Primarina
|-resisted|p1a: Primarina
|-damage|p1a: Primarina|90/100
|
|t:|1769412133
|switch|p2a: Goodra|Goodra-Hisui, M|100/100|[from] Flip Turn
|
|upkeep
|turn|7
|
|t:|1769412142
|move|p1a: Primarina|Flip Turn|p2a: Goodra
|-resisted|p2a: Goodra
|-damage|p2a: Goodra|94/100
|
|t:|1769412150
|switch|p1a: Landorus|Landorus-Therian, M|100/100|[from] Flip Turn
|-ability|p1a: Landorus|Intimidate|boost
|-unboost|p2a: Goodra|atk|1
|move|p2a: Goodra|Thunderbolt|p1a: Landorus
|-immune|p1a: Landorus
|
|upkeep
|turn|8
|
|t:|1769412159
|switch|p2a: Moltres|Moltres-Galar|100/100
|move|p1a: Landorus|Stealth Rock|p2a: Moltres
|-sidestart|p2: bananahamockthe3rd|move: Stealth Rock
|
|upkeep
|turn|9
|
|t:|1769412167
|move|p2a: Moltres|Nasty Plot|p2a: Moltres
|-boost|p2a: Moltres|spa|2
|move|p1a: Landorus|Rock Tomb|p2a: Moltres
|-supereffective|p2a: Moltres
|-damage|p2a: Moltres|61/100
|-unboost|p2a: Moltres|spe|1
|
|upkeep
|turn|10
|
|t:|1769412176
|move|p1a: Landorus|Rock Tomb|p2a: Moltres
|-supereffective|p2a: Moltres
|-damage|p2a: Moltres|24/100
|-unboost|p2a: Moltres|spe|1
|-ability|p2a: Moltres|Berserk|boost
|-boost|p2a: Moltres|spa|1
|move|p2a: Moltres|Fiery Wrath|p1a: Landorus
|-damage|p1a: Landorus|0 fnt
|faint|p1a: Landorus
|-damage|p2a: Moltres|15/100|[from] item: Life Orb
|
|upkeep
|
|t:|1769412183
|switch|p1a: Dragapult|Dragapult, F|100/100
|turn|11
|
|t:|1769412191
|move|p1a: Dragapult|U-turn|p2a: Moltres
|-damage|p2a: Moltres|0 fnt
|faint|p2a: Moltres
|
|t:|1769412198
|switch|p1a: Glimmora|Glimmora, F|100/100|[from] U-turn
|
|upkeep
|
|t:|1769412203
|switch|p2a: Goodra|Goodra-Hisui, M|94/100
|-damage|p2a: Goodra|87/100|[from] Stealth Rock
|turn|12
|
|t:|1769412209
|move|p1a: Glimmora|Earth Power|p2a: Goodra
|-supereffective|p2a: Goodra
|-damage|p2a: Goodra|57/100
|move|p2a: Goodra|Flash Cannon|p1a: Glimmora
|-supereffective|p1a: Glimmora
|-damage|p1a: Glimmora|0 fnt
|faint|p1a: Glimmora
|
|upkeep
|
|t:|1769412219
|switch|p1a: Iron Hands|Iron Hands|82/100 brn
|turn|13
|
|t:|1769412223
|switch|p2a: Skeledirge|Skeledirge, F|76/100
|-damage|p2a: Skeledirge|51/100|[from] Stealth Rock
|move|p1a: Iron Hands|Earthquake|p2a: Skeledirge
|-supereffective|p2a: Skeledirge
|-damage|p2a: Skeledirge|26/100
|
|-heal|p2a: Skeledirge|32/100|[from] item: Leftovers
|-damage|p1a: Iron Hands|76/100 brn|[from] brn
|upkeep
|turn|14
|
|t:|1769412233
|move|p2a: Skeledirge|Slack Off|p2a: Skeledirge
|-heal|p2a: Skeledirge|82/100
|move|p1a: Iron Hands|Earthquake|p2a: Skeledirge
|-supereffective|p2a: Skeledirge
|-damage|p2a: Skeledirge|60/100
|
|-heal|p2a: Skeledirge|67/100|[from] item: Leftovers
|-damage|p1a: Iron Hands|70/100 brn|[from] brn
|upkeep
|turn|15
|
|t:|1769412245
|-end|p1a: Iron Hands|Quark Drive|[silent]
|switch|p1a: Primarina|Primarina, F|90/100
|move|p2a: Skeledirge|Slack Off|p2a: Skeledirge
|-heal|p2a: Skeledirge|100/100
|
|upkeep
|turn|16
|
|t:|1769412254
|switch|p2a: Cetitan|Cetitan, F, shiny|100/100
|-damage|p2a: Cetitan|76/100|[from] Stealth Rock
|move|p1a: Primarina|Psychic Noise|p2a: Cetitan
|-damage|p2a: Cetitan|53/100
|-start|p2a: Cetitan|move: Heal Block
|
|upkeep
|turn|17
|
|t:|1769412264
|move|p2a: Cetitan|Play Rough|p1a: Primarina
|-damage|p1a: Primarina|46/100
|move|p1a: Primarina|Moonblast|p2a: Cetitan
|-damage|p2a: Cetitan|24/100
|
|-end|p2a: Cetitan|move: Heal Block
|upkeep
|turn|18
|
|t:|1769412274
|move|p2a: Cetitan|Play Rough|p1a: Primarina
|-damage|p1a: Primarina|7/100
|move|p1a: Primarina|Moonblast|p2a: Cetitan
|-crit|p2a: Cetitan
|-damage|p2a: Cetitan|0 fnt
|faint|p2a: Cetitan
|
|upkeep
|
|t:|1769412288
|switch|p2a: Swampert|Swampert, M|90/100
|-damage|p2a: Swampert|84/100|[from] Stealth Rock
|turn|19
|
|t:|1769412297
|move|p1a: Primarina|Moonblast|p2a: Swampert
|-crit|p2a: Swampert
|-damage|p2a: Swampert|35/100
|move|p2a: Swampert|Stealth Rock|p1a: Primarina
|-sidestart|p1: medhat91|move: Stealth Rock
|
|-heal|p2a: Swampert|42/100|[from] item: Leftovers
|upkeep
|turn|20
|
|t:|1769412304
|move|p1a: Primarina|Moonblast|p2a: Swampert
|-damage|p2a: Swampert|10/100
|move|p2a: Swampert|Flip Turn|p1a: Primarina
|-resisted|p1a: Primarina
|-damage|p1a: Primarina|0 fnt
|faint|p1a: Primarina
|
|t:|1769412315
|switch|p2a: Goodra|Goodra-Hisui, M|57/100|[from] Flip Turn
|-damage|p2a: Goodra|51/100|[from] Stealth Rock
|
|upkeep
|
|t:|1769412323
|switch|p1a: Dragapult|Dragapult, F|100/100
|-damage|p1a: Dragapult|88/100|[from] Stealth Rock
|turn|21
|
|t:|1769412327
|-terastallize|p1a: Dragapult|Ghost
|move|p1a: Dragapult|Tera Blast|p2a: Goodra|[anim] Tera Blast Ghost
|-damage|p2a: Goodra|0 fnt
|faint|p2a: Goodra
|
|upkeep
|
|t:|1769412336
|switch|p2a: Skeledirge|Skeledirge, F|100/100
|-damage|p2a: Skeledirge|76/100|[from] Stealth Rock
|turn|22
|
|t:|1769412341
|-terastallize|p2a: Skeledirge|Water
|move|p1a: Dragapult|Tera Blast|p2a: Skeledirge|[anim] Tera Blast Ghost
|-damage|p2a: Skeledirge|25/100
|move|p2a: Skeledirge|Will-O-Wisp|p1a: Dragapult
|-status|p1a: Dragapult|brn
|
|-heal|p2a: Skeledirge|31/100|[from] item: Leftovers
|-damage|p1a: Dragapult|82/100 brn|[from] brn
|upkeep
|turn|23
|
|t:|1769412351
|move|p1a: Dragapult|Tera Blast|p2a: Skeledirge|[anim] Tera Blast Ghost
|-damage|p2a: Skeledirge|7/100
|move|p2a: Skeledirge|Slack Off|p2a: Skeledirge
|-heal|p2a: Skeledirge|57/100
|
|-heal|p2a: Skeledirge|63/100|[from] item: Leftovers
|-damage|p1a: Dragapult|76/100 brn|[from] brn
|upkeep
|turn|24
|c|☆medhat91|how can someone be such a loser
|
|t:|1769412370
|switch|p1a: Iron Hands|Iron Hands|70/100 brn
|-damage|p1a: Iron Hands|64/100 brn|[from] Stealth Rock
|move|p2a: Skeledirge|Slack Off|p2a: Skeledirge
|-heal|p2a: Skeledirge|100/100
|
|-damage|p1a: Iron Hands|58/100 brn|[from] brn
|upkeep
|turn|25
|
|t:|1769412379
|move|p2a: Skeledirge|Torch Song|p1a: Iron Hands
|-damage|p1a: Iron Hands|33/100 brn
|-boost|p2a: Skeledirge|spa|1
|move|p1a: Iron Hands|Close Combat|p2a: Skeledirge
|-damage|p2a: Skeledirge|81/100
|-unboost|p1a: Iron Hands|def|1
|-unboost|p1a: Iron Hands|spd|1
|
|-heal|p2a: Skeledirge|87/100|[from] item: Leftovers
|-damage|p1a: Iron Hands|27/100 brn|[from] brn
|upkeep
|turn|26
|
|t:|1769412390
|move|p2a: Skeledirge|Torch Song|p1a: Iron Hands
|-damage|p1a: Iron Hands|0 fnt
|-boost|p2a: Skeledirge|spa|1
|faint|p1a: Iron Hands
|-end|p1a: Iron Hands|Quark Drive|[silent]
|
|-heal|p2a: Skeledirge|93/100|[from] item: Leftovers
|upkeep
|-message|medhat91 forfeited.
|
|win|bananahamockthe3rd
|raw|medhat91's rating: 1273 &rarr; <strong>1254</strong><br />(-19 for losing)
|raw|bananahamockthe3rd's rating: 1353 &rarr; <strong>1368</strong><br />(+15 for winning)
|l|☆medhat91
|player|p1|
