|j|☆EJC Fire
|j|☆im at the office
|t:|1769300703
|gametype|singles
|player|p1|EJC Fire|101|1294
|player|p2|im at the office|ghetsis|1379
|gen|9
|tier|[Gen 9] OU
|rated|
|rule|HP Percentage Mod: HP is shown in percentages
|rule|Endless Battle Clause: Forcing endless battles is banned
|rule|Species Clause: Limit one of each Pokémon
|rule|OHKO Clause: OHKO moves are banned
|rule|Evasion Items Clause: Evasion items are banned
|rule|Evasion Moves Clause: Evasion moves are banned
|rule|Evasion Abilities Clause: Evasion abilities are banned
|rule|Sleep Moves Clause: Sleep-inducing moves are banned
|clearpoke
|poke|p1|Rillaboom, F|
|poke|p1|Great Tusk|
|poke|p1|Gholdengo|
|poke|p1|Glimmora, F|
|poke|p1|Zapdos|
|poke|p1|Blaziken, F|
|poke|p2|Pecharunt|
|poke|p2|Mabosstiff, F|
|poke|p2|Volcanion|
|poke|p2|Iron Valiant|
|poke|p2|Landorus-Therian, M|
|poke|p2|Deoxys-Speed|
|teampreview
|inactive|Battle timer is ON: inactive players will automatically lose when time's up. (requested by EJC Fire)
|
|t:|1769300714
|teamsize|p1|6
|teamsize|p2|6
|start
|switch|p1a: Rillaboom|Rillaboom, F|100/100
|switch|p2a: Deoxys|Deoxys-Speed|100/100
|-ability|p2a: Deoxys|Pressure
|-fieldstart|move: Grassy Terrain|[from] ability: Grassy Surge|[of] p1a: Rillaboom
|turn|1
|
|t:|1769300721
|move|p2a: Deoxys|Psycho Boost|p1a: Rillaboom
|-damage|p1a: Rillaboom|15/100
|-unboost|p2a: Deoxys|spa|2
|-enditem|p2a: Deoxys|Eject Pack
|
|t:|1769300726
|switch|p2a: Landorus|Landorus-Therian, M|100/100
|-ability|p2a: Landorus|Intimidate|boost
|-unboost|p1a: Rillaboom|atk|1
|move|p1a: Rillaboom|Knock Off|p2a: Landorus
|-damage|p2a: Landorus|76/100
|-damage|p1a: Rillaboom|0 fnt|[from] item: Rocky Helmet|[of] p2a: Landorus
|faint|p1a: Rillaboom
|
|upkeep
|
|t:|1769300732
|switch|p1a: Glimmora|Glimmora, F|100/100
|turn|2
|
|t:|1769300735
|move|p2a: Landorus|Taunt|p1a: Glimmora
|-start|p1a: Glimmora|move: Taunt
|move|p1a: Glimmora|Meteor Beam||[still]
|-prepare|p1a: Glimmora|Meteor Beam
|-boost|p1a: Glimmora|spa|1
|-enditem|p1a: Glimmora|Power Herb
|-anim|p1a: Glimmora|Meteor Beam|p2a: Landorus
|-damage|p2a: Landorus|0 fnt
|faint|p2a: Landorus
|
|upkeep
|
|t:|1769300760
|switch|p2a: Deoxys|Deoxys-Speed|100/100
|-ability|p2a: Deoxys|Pressure
|turn|3
|
|t:|1769300765
|move|p2a: Deoxys|Psycho Boost|p1a: Glimmora
|-supereffective|p1a: Glimmora
|-damage|p1a: Glimmora|0 fnt
|-unboost|p2a: Deoxys|spa|2
|faint|p1a: Glimmora
|
|upkeep
|
|t:|1769300769
|switch|p1a: Gholdengo|Gholdengo|100/100
|-enditem|p1a: Gholdengo|Grassy Seed
|-boost|p1a: Gholdengo|def|1|[from] item: Grassy Seed
|turn|4
|
|t:|1769300786
|move|p2a: Deoxys|Spikes|p1a: Gholdengo
|-sidestart|p1: EJC Fire|Spikes
|move|p1a: Gholdengo|Nasty Plot|p1a: Gholdengo
|-boost|p1a: Gholdengo|spa|2
|
|upkeep
|turn|5
|
|t:|1769300802
|move|p2a: Deoxys|Knock Off|p1a: Gholdengo
|-supereffective|p1a: Gholdengo
|-damage|p1a: Gholdengo|85/100
|move|p1a: Gholdengo|Shadow Ball|p2a: Deoxys
|-supereffective|p2a: Deoxys
|-damage|p2a: Deoxys|0 fnt
|faint|p2a: Deoxys
|
|-heal|p1a: Gholdengo|91/100|[from] Grassy Terrain
|upkeep
|
|t:|1769300815
|switch|p2a: Volcanion|Volcanion|100/100
|turn|6
|
|t:|1769300822
|move|p2a: Volcanion|Flamethrower|p1a: Gholdengo
|-supereffective|p1a: Gholdengo
|-damage|p1a: Gholdengo|8/100
|-status|p1a: Gholdengo|brn
|move|p1a: Gholdengo|Shadow Ball|p2a: Volcanion
|-damage|p2a: Volcanion|30/100
|
|-heal|p2a: Volcanion|36/100|[from] Grassy Terrain
|-heal|p2a: Volcanion|42/100|[from] item: Leftovers
|-heal|p1a: Gholdengo|14/100 brn|[from] Grassy Terrain
|-damage|p1a: Gholdengo|8/100 brn|[from] brn
|upkeep
|turn|7
|
|t:|1769300832
|move|p2a: Volcanion|Steam Eruption|p1a: Gholdengo
|-damage|p1a: Gholdengo|0 fnt
|faint|p1a: Gholdengo
|
|-heal|p2a: Volcanion|48/100|[from] Grassy Terrain
|-heal|p2a: Volcanion|54/100|[from] item: Leftovers
|upkeep
|
|t:|1769300834
|switch|p1a: Zapdos|Zapdos|100/100
|turn|8
|
|t:|1769300840
|move|p1a: Zapdos|Volt Switch|p2a: Volcanion
|-supereffective|p2a: Volcanion
|-damage|p2a: Volcanion|0 fnt
|faint|p2a: Volcanion
|
|t:|1769300846
|switch|p1a: Great Tusk|Great Tusk|100/100|[from] Volt Switch
|-damage|p1a: Great Tusk|88/100|[from] Spikes
|
|-heal|p1a: Great Tusk|94/100|[from] Grassy Terrain
|-heal|p1a: Great Tusk|100/100|[from] item: Leftovers
|-fieldend|move: Grassy Terrain
|upkeep
|
|t:|1769300856
|switch|p2a: Mabosstiff|Mabosstiff, F, shiny|100/100
|-ability|p2a: Mabosstiff|Intimidate|boost
|-unboost|p1a: Great Tusk|atk|1
|turn|9
|
|t:|1769300862
|-end|p1a: Great Tusk|Protosynthesis|[silent]
|switch|p1a: Zapdos|Zapdos|100/100
|-terastallize|p2a: Mabosstiff|Bug
|move|p2a: Mabosstiff|Jaw Lock|p1a: Zapdos
|-damage|p1a: Zapdos|53/100
|-activate|p2a: Mabosstiff|trapped
|-activate|p1a: Zapdos|trapped
|-status|p2a: Mabosstiff|par|[from] ability: Static|[of] p1a: Zapdos
|
|upkeep
|turn|10
|
|t:|1769300869
|move|p1a: Zapdos|Hurricane|p2a: Mabosstiff
|-supereffective|p2a: Mabosstiff
|-crit|p2a: Mabosstiff
|-damage|p2a: Mabosstiff|0 fnt
|faint|p2a: Mabosstiff
|
|upkeep
|
|t:|1769300874
|switch|p2a: Iron Valiant|Iron Valiant|100/100
|-enditem|p2a: Iron Valiant|Booster Energy
|-activate|p2a: Iron Valiant|ability: Quark Drive|[fromitem]
|-start|p2a: Iron Valiant|quarkdrivespe
|turn|11
|
|t:|1769300878
|move|p2a: Iron Valiant|Moonblast|p1a: Zapdos
|-damage|p1a: Zapdos|16/100
|move|p1a: Zapdos|Hurricane|p2a: Iron Valiant
|-supereffective|p2a: Iron Valiant
|-damage|p2a: Iron Valiant|0 fnt
|faint|p2a: Iron Valiant
|-end|p2a: Iron Valiant|Quark Drive|[silent]
|
|upkeep
|-message|im at the office forfeited.
|
|win|EJC Fire
|raw|EJC Fire's rating: 1294 &rarr; <strong>1325</strong><br />(+31 for winning)
|raw|im at the office's rating: 1379 &rarr; <strong>1354</strong><br />(-25 for losing)
|l|☆im at the office
|player|p2|
