|j|☆volcoabuser
|j|☆INTZ2902
|t:|1769409966
|gametype|singles
|player|p1|volcoabuser|102|1128
|player|p2|INTZ2902|youngster-gen4dp|1099
|gen|9
|tier|[Gen 9] OU
|rated|
|rule|HP Percentage Mod: HP is shown in percentages
|rule|Endless Battle Clause: Forcing endless battles is banned
|rule|Species Clause: Limit one of each Pokémon
|rule|OHKO Clause: OHKO moves are banned
|rule|Evasion Items Clause: Evasion items are banned
|rule|Evasion Moves Clause: Evasion moves are banned
|rule|Evasion Abilities Clause: Evasion abilities are banned
|rule|Sleep Moves Clause: Sleep-inducing moves are banned
|clearpoke
|poke|p1|Kommo-o, M|
|poke|p1|Lokix, F|
|poke|p1|Latios, M|
|poke|p1|Ceruledge, M|
|poke|p1|Lycanroc-Dusk, F|
|poke|p1|Primarina, F|
|poke|p2|Zapdos|
|poke|p2|Hatterene, F|
|poke|p2|Garchomp, F|
|poke|p2|Umbreon, F|
|poke|p2|Scizor, F|
|poke|p2|Arcanine, M|
|teampreview
|
|t:|1769409990
|teamsize|p1|6
|teamsize|p2|6
|start
|switch|p1a: Lycanroc|Lycanroc-Dusk, F|100/100
|switch|p2a: Garchomp|Garchomp, F|100/100
|turn|1
|
|t:|1769410001
|move|p1a: Lycanroc|Stealth Rock|p2a: Garchomp
|-sidestart|p2: INTZ2902|move: Stealth Rock
|move|p2a: Garchomp|Draco Meteor|p1a: Lycanroc
|-damage|p1a: Lycanroc|13/100
|-unboost|p2a: Garchomp|spa|2
|-enditem|p2a: Garchomp|Eject Pack
|
|t:|1769410013
|switch|p2a: Umbreon|Umbreon, F|100/100
|-damage|p2a: Umbreon|88/100|[from] Stealth Rock
|
|-heal|p2a: Umbreon|94/100|[from] item: Leftovers
|upkeep
|turn|2
|
|t:|1769410022
|move|p1a: Lycanroc|Close Combat|p2a: Umbreon
|-supereffective|p2a: Umbreon
|-damage|p2a: Umbreon|30/100
|-unboost|p1a: Lycanroc|def|1
|-unboost|p1a: Lycanroc|spd|1
|move|p2a: Umbreon|Foul Play|p1a: Lycanroc
|-crit|p1a: Lycanroc
|-damage|p1a: Lycanroc|0 fnt
|faint|p1a: Lycanroc
|
|-heal|p2a: Umbreon|36/100|[from] item: Leftovers
|upkeep
|
|t:|1769410033
|switch|p1a: Lokix|Lokix, F|100/100
|turn|3
|
|t:|1769410036
|move|p1a: Lokix|First Impression|p2a: Umbreon
|-supereffective|p2a: Umbreon
|-damage|p2a: Umbreon|0 fnt
|faint|p2a: Umbreon
|-damage|p1a: Lokix|91/100|[from] item: Life Orb
|
|upkeep
|
|t:|1769410044
|switch|p2a: Arcanine|Arcanine, M|100/100
|-ability|p2a: Arcanine|Intimidate|boost
|-unboost|p1a: Lokix|atk|1
|turn|4
|
|t:|1769410052
|switch|p1a: Ceruledge|Ceruledge, M|100/100
|move|p2a: Arcanine|Flare Blitz|p1a: Ceruledge
|-start|p1a: Ceruledge|ability: Flash Fire
|
|upkeep
|turn|5
|
|t:|1769410062
|move|p2a: Arcanine|Crunch|p1a: Ceruledge
|-supereffective|p1a: Ceruledge
|-damage|p1a: Ceruledge|38/100
|move|p1a: Ceruledge|Poltergeist|p2a: Arcanine
|-activate|p2a: Arcanine|move: Poltergeist|Heavy-Duty Boots
|-damage|p2a: Arcanine|28/100
|
|upkeep
|turn|6
|
|t:|1769410078
|-end|p1a: Ceruledge|ability: Flash Fire|[silent]
|switch|p1a: Primarina|Primarina, F|100/100
|move|p2a: Arcanine|Crunch|p1a: Primarina
|-resisted|p1a: Primarina
|-damage|p1a: Primarina|88/100
|-unboost|p1a: Primarina|def|1
|
|-heal|p1a: Primarina|94/100|[from] item: Leftovers
|upkeep
|turn|7
|
|t:|1769410090
|switch|p2a: Hatterene|Hatterene, F|100/100
|-damage|p2a: Hatterene|88/100|[from] Stealth Rock
|move|p1a: Primarina|Whirlpool|p2a: Hatterene
|-damage|p2a: Hatterene|74/100
|-activate|p2a: Hatterene|move: Whirlpool|[of] p1a: Primarina
|
|-heal|p1a: Primarina|99/100|[from] item: Leftovers
|-heal|p2a: Hatterene|80/100|[from] item: Leftovers
|-damage|p2a: Hatterene|68/100|[from] move: Whirlpool|[partiallytrapped]
|upkeep
|turn|8
|
|t:|1769410102
|move|p1a: Primarina|Psychic Noise|p2a: Hatterene
|-damage|p2a: Hatterene|34/100
|-start|p2a: Hatterene|move: Heal Block
|move|p2a: Hatterene|Calm Mind|p2a: Hatterene
|-boost|p2a: Hatterene|spa|1
|-boost|p2a: Hatterene|spd|1
|
|-heal|p1a: Primarina|100/100|[from] item: Leftovers
|-damage|p2a: Hatterene|22/100|[from] move: Whirlpool|[partiallytrapped]
|upkeep
|turn|9
|
|t:|1769410113
|move|p1a: Primarina|Draining Kiss|p2a: Hatterene
|-damage|p2a: Hatterene|7/100
|move|p2a: Hatterene|Mystical Fire|p1a: Primarina
|-resisted|p1a: Primarina
|-damage|p1a: Primarina|84/100
|-unboost|p1a: Primarina|spa|1
|
|-heal|p1a: Primarina|90/100|[from] item: Leftovers
|-damage|p2a: Hatterene|0 fnt|[from] move: Whirlpool|[partiallytrapped]
|faint|p2a: Hatterene
|upkeep
|
|t:|1769410126
|switch|p2a: Zapdos|Zapdos|100/100
|-damage|p2a: Zapdos|75/100|[from] Stealth Rock
|turn|10
|
|t:|1769410139
|-terastallize|p1a: Primarina|Ghost
|move|p2a: Zapdos|Thunder Wave|p1a: Primarina
|-status|p1a: Primarina|par
|move|p1a: Primarina|Whirlpool|p2a: Zapdos|[miss]
|-miss|p1a: Primarina|p2a: Zapdos
|
|-heal|p2a: Zapdos|82/100|[from] item: Leftovers
|-heal|p1a: Primarina|97/100 par|[from] item: Leftovers
|upkeep
|turn|11
|
|t:|1769410149
|move|p2a: Zapdos|Thunderbolt|p1a: Primarina
|-damage|p1a: Primarina|60/100 par
|move|p1a: Primarina|Whirlpool|p2a: Zapdos
|-damage|p2a: Zapdos|70/100
|-activate|p2a: Zapdos|move: Whirlpool|[of] p1a: Primarina
|
|-heal|p2a: Zapdos|76/100|[from] item: Leftovers
|-heal|p1a: Primarina|67/100 par|[from] item: Leftovers
|-damage|p2a: Zapdos|64/100|[from] move: Whirlpool|[partiallytrapped]
|upkeep
|turn|12
|
|t:|1769410161
|move|p2a: Zapdos|Roost|p2a: Zapdos
|-heal|p2a: Zapdos|100/100
|-singleturn|p2a: Zapdos|move: Roost
|cant|p1a: Primarina|par
|
|-heal|p1a: Primarina|73/100 par|[from] item: Leftovers
|-damage|p2a: Zapdos|88/100|[from] move: Whirlpool|[partiallytrapped]
|upkeep
|turn|13
|
|t:|1769410171
|move|p2a: Zapdos|Thunderbolt|p1a: Primarina
|-damage|p1a: Primarina|35/100 par
|move|p1a: Primarina|Psychic Noise|p2a: Zapdos
|-damage|p2a: Zapdos|63/100
|-start|p2a: Zapdos|move: Heal Block
|
|-heal|p1a: Primarina|41/100 par|[from] item: Leftovers
|-damage|p2a: Zapdos|50/100|[from] move: Whirlpool|[partiallytrapped]
|upkeep
|turn|14
|
|t:|1769410182
|move|p2a: Zapdos|Thunderbolt|p1a: Primarina
|-damage|p1a: Primarina|6/100 par
|move|p1a: Primarina|Draining Kiss|p2a: Zapdos
|-damage|p2a: Zapdos|33/100
|-heal|p1a: Primarina|22/100 par|[from] drain|[of] p2a: Zapdos
|
|-heal|p1a: Primarina|28/100 par|[from] item: Leftovers
|-damage|p2a: Zapdos|21/100|[from] move: Whirlpool|[partiallytrapped]
|-end|p2a: Zapdos|move: Heal Block
|upkeep
|turn|15
|
|t:|1769410195
|move|p2a: Zapdos|Roost|p2a: Zapdos
|-heal|p2a: Zapdos|71/100
|-singleturn|p2a: Zapdos|move: Roost
|move|p1a: Primarina|Psychic Noise|p2a: Zapdos
|-damage|p2a: Zapdos|46/100
|-start|p2a: Zapdos|move: Heal Block
|
|-heal|p1a: Primarina|34/100 par|[from] item: Leftovers
|-end|p2a: Zapdos|Whirlpool|[partiallytrapped]
|upkeep
|turn|16
|
|t:|1769410206
|move|p2a: Zapdos|Thunderbolt|p1a: Primarina
|-damage|p1a: Primarina|0 fnt
|faint|p1a: Primarina
|
|-end|p2a: Zapdos|move: Heal Block
|upkeep
|
|t:|1769410217
|switch|p1a: Lokix|Lokix, F|91/100
|turn|17
|
|t:|1769410234
|switch|p2a: Scizor|Scizor, F|100/100
|-damage|p2a: Scizor|88/100|[from] Stealth Rock
|move|p1a: Lokix|First Impression|p2a: Scizor
|-resisted|p2a: Scizor
|-damage|p2a: Scizor|35/100
|-damage|p1a: Lokix|81/100|[from] item: Life Orb
|
|upkeep
|turn|18
|
|t:|1769410244
|-terastallize|p2a: Scizor|Fire
|move|p1a: Lokix|U-turn|p2a: Scizor
|-resisted|p2a: Scizor
|-damage|p2a: Scizor|0 fnt
|faint|p2a: Scizor
|-damage|p1a: Lokix|71/100|[from] item: Life Orb
|
|t:|1769410259
|switch|p1a: Kommo-o|Kommo-o, M|100/100|[from] U-turn
|
|upkeep
|
|t:|1769410263
|switch|p2a: Garchomp|Garchomp, F|100/100
|-damage|p2a: Garchomp|94/100|[from] Stealth Rock
|turn|19
|
|t:|1769410270
|switch|p1a: Ceruledge|Ceruledge, M|38/100
|move|p2a: Garchomp|Draco Meteor|p1a: Ceruledge
|-damage|p1a: Ceruledge|0 fnt
|-unboost|p2a: Garchomp|spa|2
|faint|p1a: Ceruledge
|
|upkeep
|
|t:|1769410284
|switch|p1a: Lokix|Lokix, F|71/100
|turn|20
|
|t:|1769410290
|switch|p2a: Zapdos|Zapdos|46/100
|-damage|p2a: Zapdos|21/100|[from] Stealth Rock
|move|p1a: Lokix|First Impression|p2a: Zapdos
|-resisted|p2a: Zapdos
|-damage|p2a: Zapdos|0 fnt
|faint|p2a: Zapdos
|-damage|p1a: Lokix|61/100|[from] item: Life Orb
|
|upkeep
|
|t:|1769410299
|switch|p2a: Garchomp|Garchomp, F|94/100
|-damage|p2a: Garchomp|88/100|[from] Stealth Rock
|turn|21
|
|t:|1769410305
|move|p1a: Lokix|Protect|p1a: Lokix
|-singleturn|p1a: Lokix|Protect
|move|p2a: Garchomp|Flamethrower|p1a: Lokix
|-activate|p1a: Lokix|move: Protect
|
|upkeep
|turn|22
|
|t:|1769410316
|move|p1a: Lokix|Sucker Punch|p2a: Garchomp
|-damage|p2a: Garchomp|47/100
|-damage|p1a: Lokix|49/100|[from] ability: Rough Skin|[of] p2a: Garchomp
|-damage|p1a: Lokix|39/100|[from] item: Life Orb
|move|p2a: Garchomp|Flamethrower|p1a: Lokix
|-supereffective|p1a: Lokix
|-damage|p1a: Lokix|0 fnt
|faint|p1a: Lokix
|
|upkeep
|
|t:|1769410337
|switch|p1a: Latios|Latios, M|100/100
|turn|23
|
|t:|1769410342
|move|p1a: Latios|Luster Purge|p2a: Garchomp
|-damage|p2a: Garchomp|0 fnt
|faint|p2a: Garchomp
|
|upkeep
|-message|INTZ2902 forfeited.
|
|win|volcoabuser
|raw|volcoabuser's rating: 1128 &rarr; <strong>1151</strong><br />(+23 for winning)
|raw|INTZ2902's rating: 1099 &rarr; <strong>1076</strong><br />(-23 for losing)
|l|☆INTZ2902
|player|p2|
|l|☆volcoabuser
|player|p1|
