|j|☆Gengarissocute
|j|☆ksranyyds
|t:|1769414219
|gametype|singles
|player|p1|Gengarissocute|170|1300
|player|p2|ksranyyds|cynthia-gen4|1301
|gen|9
|tier|[Gen 9] OU
|rated|
|rule|HP Percentage Mod: HP is shown in percentages
|rule|Endless Battle Clause: Forcing endless battles is banned
|rule|Species Clause: Limit one of each Pokémon
|rule|OHKO Clause: OHKO moves are banned
|rule|Evasion Items Clause: Evasion items are banned
|rule|Evasion Moves Clause: Evasion moves are banned
|rule|Evasion Abilities Clause: Evasion abilities are banned
|rule|Sleep Moves Clause: Sleep-inducing moves are banned
|clearpoke
|poke|p1|Maushold|
|poke|p1|Kingambit, M|
|poke|p1|Ogerpon-Wellspring, F|
|poke|p1|Regidrago|
|poke|p1|Iron Valiant|
|poke|p1|Gliscor, M|
|poke|p2|Clefable, M|
|poke|p2|Ogerpon, F|
|poke|p2|Slowking-Galar, M|
|poke|p2|Avalugg, F|
|poke|p2|Kyurem|
|poke|p2|Iron Moth|
|teampreview
|inactive|Battle timer is ON: inactive players will automatically lose when time's up. (requested by Gengarissocute)
|j| Sachard'assault
|
|t:|1769414238
|teamsize|p1|6
|teamsize|p2|6
|start
|switch|p1a: Weird dragon|Regidrago, shiny|100/100
|switch|p2a: Kyurem|Kyurem|100/100
|-ability|p2a: Kyurem|Pressure
|turn|1
|
|t:|1769414252
|move|p1a: Weird dragon|Dragon Energy|p2a: Kyurem
|-supereffective|p2a: Kyurem
|-damage|p2a: Kyurem|0 fnt
|faint|p2a: Kyurem
|
|upkeep
|
|t:|1769414258
|switch|p2a: Clefable|Clefable, M|100/100
|turn|2
|
|t:|1769414262
|switch|p1a: Little guys|Maushold, shiny|100/100
|move|p2a: Clefable|Stealth Rock|p1a: Little guys
|-sidestart|p1: Gengarissocute|move: Stealth Rock
|
|upkeep
|turn|3
|
|t:|1769414268
|move|p1a: Little guys|Tidy Up|p1a: Little guys
|-sideend|p1: Gengarissocute|Stealth Rock
|-activate|p1a: Little guys|move: Tidy Up
|-boost|p1a: Little guys|atk|1
|-boost|p1a: Little guys|spe|1
|move|p2a: Clefable|Thunder Wave|p1a: Little guys
|-status|p1a: Little guys|par
|
|upkeep
|turn|4
|
|t:|1769414277
|move|p1a: Little guys|Tidy Up|p1a: Little guys
|-boost|p1a: Little guys|atk|1
|-boost|p1a: Little guys|spe|1
|move|p2a: Clefable|Moonblast|p1a: Little guys
|-damage|p1a: Little guys|53/100 par
|-unboost|p1a: Little guys|spa|1
|
|upkeep
|turn|5
|
|t:|1769414285
|move|p1a: Little guys|Population Bomb|p2a: Clefable
|-damage|p2a: Clefable|83/100
|-damage|p2a: Clefable|66/100
|-damage|p2a: Clefable|50/100
|-damage|p2a: Clefable|32/100
|-damage|p2a: Clefable|16/100
|-damage|p2a: Clefable|0 fnt
|faint|p2a: Clefable
|-hitcount|p2: Clefable|6
|
|upkeep
|
|t:|1769414296
|switch|p2a: Ogerpon|Ogerpon, F|100/100
|turn|6
|
|t:|1769414301
|-terastallize|p2a: Ogerpon|Grass
|detailschange|p2a: Ogerpon|Ogerpon-Teal-Tera, F, tera:Grass
|-ability|p2a: Ogerpon|Embody Aspect (Teal)|boost
|-boost|p2a: Ogerpon|spe|1
|move|p2a: Ogerpon|U-turn|p1a: Little guys
|-damage|p1a: Little guys|1/100 par
|
|t:|1769414310
|switch|p2a: Avalugg|Avalugg, F|100/100|[from] U-turn
|move|p1a: Little guys|Population Bomb|p2a: Avalugg
|-damage|p2a: Avalugg|92/100
|-damage|p2a: Avalugg|83/100
|-damage|p2a: Avalugg|74/100
|-damage|p2a: Avalugg|65/100
|-hitcount|p2a: Avalugg|4
|
|upkeep
|turn|7
|
|t:|1769414322
|move|p1a: Little guys|Population Bomb|p2a: Avalugg
|-damage|p2a: Avalugg|56/100
|-damage|p2a: Avalugg|47/100
|-damage|p2a: Avalugg|39/100
|-damage|p2a: Avalugg|30/100
|-damage|p2a: Avalugg|22/100
|-damage|p2a: Avalugg|13/100
|-damage|p2a: Avalugg|4/100
|-damage|p2a: Avalugg|0 fnt
|faint|p2a: Avalugg
|-hitcount|p2: Avalugg|8
|
|upkeep
|
|t:|1769414336
|switch|p2a: Ogerpon|Ogerpon-Teal-Tera, F, tera:Grass|100/100
|-ability|p2a: Ogerpon|Embody Aspect (Teal)|boost
|-boost|p2a: Ogerpon|spe|1
|turn|8
|
|t:|1769414340
|move|p2a: Ogerpon|U-turn|p1a: Little guys
|-damage|p1a: Little guys|0 fnt
|faint|p1a: Little guys
|
|t:|1769414345
|switch|p2a: Slowking|Slowking-Galar, M|100/100|[from] U-turn
|
|upkeep
|
|t:|1769414348
|switch|p1a: Weird dragon|Regidrago, shiny|100/100
|turn|9
|
|t:|1769414353
|move|p1a: Weird dragon|Dragon Energy|p2a: Slowking
|-damage|p2a: Slowking|48/100
|move|p2a: Slowking|Toxic|p1a: Weird dragon
|-status|p1a: Weird dragon|tox
|
|-damage|p1a: Weird dragon|94/100 tox|[from] psn
|upkeep
|turn|10
|
|t:|1769414368
|move|p1a: Weird dragon|Dragon Energy|p2a: Slowking
|-damage|p2a: Slowking|0 fnt
|faint|p2a: Slowking
|
|-damage|p1a: Weird dragon|82/100 tox|[from] psn
|upkeep
|
|t:|1769414375
|switch|p2a: Ogerpon|Ogerpon-Teal-Tera, F, tera:Grass|100/100
|-ability|p2a: Ogerpon|Embody Aspect (Teal)|boost
|-boost|p2a: Ogerpon|spe|1
|turn|11
|
|t:|1769414383
|move|p2a: Ogerpon|Rock Tomb|p1a: Weird dragon
|-damage|p1a: Weird dragon|52/100 tox
|-unboost|p1a: Weird dragon|spe|1
|move|p1a: Weird dragon|Dragon Energy|p2a: Ogerpon
|-damage|p2a: Ogerpon|41/100
|
|-damage|p1a: Weird dragon|34/100 tox|[from] psn
|upkeep
|turn|12
|
|t:|1769414393
|move|p2a: Ogerpon|Rock Tomb|p1a: Weird dragon
|-damage|p1a: Weird dragon|3/100 tox
|-unboost|p1a: Weird dragon|spe|1
|move|p1a: Weird dragon|Dragon Energy|p2a: Ogerpon
|-damage|p2a: Ogerpon|38/100
|
|-damage|p1a: Weird dragon|0 fnt|[from] psn
|faint|p1a: Weird dragon
|upkeep
|
|t:|1769414399
|switch|p1a: Fake Gallade|Iron Valiant, shiny|100/100
|-enditem|p1a: Fake Gallade|Booster Energy
|-activate|p1a: Fake Gallade|ability: Quark Drive|[fromitem]
|-start|p1a: Fake Gallade|quarkdrivespe
|turn|13
|
|t:|1769414408
|move|p1a: Fake Gallade|Moonblast|p2a: Ogerpon
|-damage|p2a: Ogerpon|0 fnt
|faint|p2a: Ogerpon
|detailschange|p2: Ogerpon|Ogerpon, F|[silent]
|
|upkeep
|
|t:|1769414415
|switch|p2a: Iron Moth|Iron Moth|100/100
|-enditem|p2a: Iron Moth|Booster Energy
|-activate|p2a: Iron Moth|ability: Quark Drive|[fromitem]
|-start|p2a: Iron Moth|quarkdrivespe
|turn|14
|
|t:|1769414422
|move|p1a: Fake Gallade|Psychic|p2a: Iron Moth
|-supereffective|p2a: Iron Moth
|-damage|p2a: Iron Moth|42/100
|move|p2a: Iron Moth|Sludge Wave|p1a: Fake Gallade
|-supereffective|p1a: Fake Gallade
|-damage|p1a: Fake Gallade|0 fnt
|faint|p1a: Fake Gallade
|-end|p1a: Fake Gallade|Quark Drive|[silent]
|
|upkeep
|
|t:|1769414429
|switch|p1a: Masky girl|Ogerpon-Wellspring, F|100/100
|turn|15
|
|t:|1769414434
|-terastallize|p1a: Masky girl|Water
|detailschange|p1a: Masky girl|Ogerpon-Wellspring-Tera, F, tera:Water
|-ability|p1a: Masky girl|Embody Aspect (Wellspring)|boost
|-boost|p1a: Masky girl|spd|1
|move|p2a: Iron Moth|Energy Ball|p1a: Masky girl
|-supereffective|p1a: Masky girl
|-damage|p1a: Masky girl|49/100
|-unboost|p1a: Masky girl|spd|1
|move|p1a: Masky girl|Ivy Cudgel|p2a: Iron Moth|[anim] Ivy Cudgel Water
|-supereffective|p2a: Iron Moth
|-damage|p2a: Iron Moth|0 fnt
|faint|p2a: Iron Moth
|-end|p2a: Iron Moth|Quark Drive|[silent]
|
|win|Gengarissocute
|raw|Gengarissocute's rating: 1300 &rarr; <strong>1325</strong><br />(+25 for winning)
|raw|ksranyyds's rating: 1301 &rarr; <strong>1281</strong><br />(-20 for losing)
|l|☆Gengarissocute
|player|p1|
|l|☆ksranyyds
|player|p2|
|l| Sachard'assault
