|j|☆Heroicsss
|j|☆IAmMaximus
|t:|1769403627
|gametype|singles
|player|p1|Heroicsss|2|1209
|player|p2|IAmMaximus|266|1132
|gen|9
|tier|[Gen 9] OU
|rated|
|rule|HP Percentage Mod: HP is shown in percentages
|rule|Endless Battle Clause: Forcing endless battles is banned
|rule|Species Clause: Limit one of each Pokémon
|rule|OHKO Clause: OHKO moves are banned
|rule|Evasion Items Clause: Evasion items are banned
|rule|Evasion Moves Clause: Evasion moves are banned
|rule|Evasion Abilities Clause: Evasion abilities are banned
|rule|Sleep Moves Clause: Sleep-inducing moves are banned
|clearpoke
|poke|p1|Gholdengo|
|poke|p1|Iron Treads|
|poke|p1|Moltres|
|poke|p1|Samurott-Hisui, F|
|poke|p1|Sinistcha|
|poke|p1|Ting-Lu|
|poke|p2|Yanmega, F|
|poke|p2|Quaquaval, M|
|poke|p2|Meowscarada, M|
|poke|p2|Garchomp, M|
|poke|p2|Hoopa-Unbound|
|poke|p2|Glimmora, M|
|teampreview
|inactive|Battle timer is ON: inactive players will automatically lose when time's up. (requested by IAmMaximus)
|l|☆Heroicsss
|inactive|Heroicsss disconnected and has a minute to reconnect!
|player|p1|
|j|☆Heroicsss
|inactive|Heroicsss reconnected and has 145 seconds left.
|player|p1|Heroicsss|2|
|
|t:|1769403650
|teamsize|p1|6
|teamsize|p2|6
|start
|switch|p1a: Samurott|Samurott-Hisui, F|100/100
|switch|p2a: El Paco|Quaquaval, M|100/100
|turn|1
|
|t:|1769403677
|switch|p1a: Sinistcha|Sinistcha|100/100
|move|p2a: El Paco|Aqua Step|p1a: Sinistcha
|-resisted|p1a: Sinistcha
|-damage|p1a: Sinistcha|87/100
|-boost|p2a: El Paco|spe|1
|
|upkeep
|turn|2
|inactive|Heroicsss has 120 seconds left.
|
|t:|1769403698
|switch|p2a: MegaYanmega|Yanmega, F|100/100
|move|p1a: Sinistcha|Matcha Gotcha|p2a: MegaYanmega
|-resisted|p2a: MegaYanmega
|-damage|p2a: MegaYanmega|86/100
|-heal|p1a: Sinistcha|93/100|[from] drain|[of] p2a: MegaYanmega
|
|upkeep
|turn|3
|inactive|Heroicsss has 120 seconds left.
|inactive|IAmMaximus has 120 seconds left.
|
|t:|1769403721
|switch|p1a: Moltres|Moltres|100/100
|move|p2a: MegaYanmega|Air Slash|p1a: Moltres
|-damage|p1a: Moltres|47/100
|
|upkeep
|turn|4
|inactive|Heroicsss has 120 seconds left.
|inactive|Heroicsss has 90 seconds left.
|
|t:|1769403775
|move|p2a: MegaYanmega|Air Slash|p1a: Moltres
|-damage|p1a: Moltres|0 fnt
|faint|p1a: Moltres
|
|upkeep
|
|t:|1769403790
|switch|p1a: Iron Treads|Iron Treads|100/100
|turn|5
|inactive|IAmMaximus has 120 seconds left.
|inactive|IAmMaximus has 90 seconds left.
|inactive|IAmMaximus has 60 seconds left.
|
|t:|1769403880
|switch|p2a: El Paco|Quaquaval, M|100/100
|move|p1a: Iron Treads|Ice Spinner|p2a: El Paco
|-resisted|p2a: El Paco
|-damage|p2a: El Paco|87/100
|
|-heal|p2a: El Paco|93/100|[from] item: Leftovers
|upkeep
|turn|6
|inactive|Heroicsss has 60 seconds left.
|
|t:|1769403907
|-end|p1a: Iron Treads|Quark Drive|[silent]
|switch|p1a: Sinistcha|Sinistcha|93/100
|move|p2a: El Paco|Aqua Step|p1a: Sinistcha
|-resisted|p1a: Sinistcha
|-damage|p1a: Sinistcha|79/100
|-boost|p2a: El Paco|spe|1
|
|-heal|p2a: El Paco|99/100|[from] item: Leftovers
|upkeep
|turn|7
|inactive|Heroicsss has 60 seconds left.
|inactive|IAmMaximus has 60 seconds left.
|l|☆Heroicsss
|inactive|Heroicsss disconnected and has a minute to reconnect!
|player|p1|
|
|t:|1769403940
|switch|p2a: MegaYanmega|Yanmega, F|86/100
|move|p1a: Sinistcha|Calm Mind|p1a: Sinistcha
|-boost|p1a: Sinistcha|spa|1
|-boost|p1a: Sinistcha|spd|1
|
|upkeep
|turn|8
|j|☆Heroicsss
|inactive|Heroicsss reconnected and has 60 seconds left.
|player|p1|Heroicsss|2|
|
|t:|1769403964
|move|p2a: MegaYanmega|Air Slash|p1a: Sinistcha
|-supereffective|p1a: Sinistcha
|-damage|p1a: Sinistcha|0 fnt
|faint|p1a: Sinistcha
|
|upkeep
|
|t:|1769403970
|switch|p1a: Iron Treads|Iron Treads|100/100
|turn|9
|
|t:|1769403978
|switch|p2a: El Paco|Quaquaval, M|99/100
|move|p1a: Iron Treads|Ice Spinner|p2a: El Paco
|-resisted|p2a: El Paco
|-crit|p2a: El Paco
|-damage|p2a: El Paco|79/100
|
|-heal|p2a: El Paco|85/100|[from] item: Leftovers
|upkeep
|turn|10
|
|t:|1769403990
|-end|p1a: Iron Treads|Quark Drive|[silent]
|switch|p1a: Samurott|Samurott-Hisui, F|100/100
|move|p2a: El Paco|Aqua Step|p1a: Samurott
|-resisted|p1a: Samurott
|-damage|p1a: Samurott|76/100
|-boost|p2a: El Paco|spe|1
|
|-heal|p2a: El Paco|91/100|[from] item: Leftovers
|upkeep
|turn|11
|
|t:|1769404001
|move|p2a: El Paco|Aqua Step|p1a: Samurott
|-resisted|p1a: Samurott
|-damage|p1a: Samurott|49/100
|-boost|p2a: El Paco|spe|1
|move|p1a: Samurott|Ceaseless Edge|p2a: El Paco
|-resisted|p2a: El Paco
|-damage|p2a: El Paco|61/100
|-sidestart|p2: IAmMaximus|Spikes
|
|-heal|p2a: El Paco|67/100|[from] item: Leftovers
|upkeep
|turn|12
|
|t:|1769404014
|move|p2a: El Paco|Close Combat|p1a: Samurott
|-supereffective|p1a: Samurott
|-damage|p1a: Samurott|0 fnt
|-unboost|p2a: El Paco|def|1
|-unboost|p2a: El Paco|spd|1
|faint|p1a: Samurott
|-ability|p2a: El Paco|Moxie|boost
|-boost|p2a: El Paco|atk|1
|
|-heal|p2a: El Paco|73/100|[from] item: Leftovers
|upkeep
|-message|Heroicsss forfeited.
|
|win|IAmMaximus
|raw|Heroicsss's rating: 1209 &rarr; <strong>1179</strong><br />(-30 for losing)
|raw|IAmMaximus's rating: 1132 &rarr; <strong>1162</strong><br />(+30 for winning)
|l|☆Heroicsss
|player|p1|
|l|☆IAmMaximus
|player|p2|
