|j|☆Yaoshi
|j|☆cospway
|t:|1769366927
|gametype|singles
|player|p1|Yaoshi|silver-masters|1564
|player|p2|cospway|iris-gen5bw2|1554
|gen|9
|tier|[Gen 9] OU
|rated|
|rule|HP Percentage Mod: HP is shown in percentages
|rule|Endless Battle Clause: Forcing endless battles is banned
|rule|Species Clause: Limit one of each Pokémon
|rule|OHKO Clause: OHKO moves are banned
|rule|Evasion Items Clause: Evasion items are banned
|rule|Evasion Moves Clause: Evasion moves are banned
|rule|Evasion Abilities Clause: Evasion abilities are banned
|rule|Sleep Moves Clause: Sleep-inducing moves are banned
|clearpoke
|poke|p1|Cinderace, F|
|poke|p1|Darkrai|
|poke|p1|Dragonite, M|
|poke|p1|Snorlax, F|
|poke|p1|Primarina, F|
|poke|p1|Skarmory, M|
|poke|p2|Cresselia, F|
|poke|p2|Mew|
|poke|p2|Kingambit, F|
|poke|p2|Gholdengo|
|poke|p2|Azumarill, M|
|poke|p2|Hoopa-Unbound|
|teampreview
|inactive|Battle timer is ON: inactive players will automatically lose when time's up. (requested by Yaoshi)
|
|t:|1769366944
|teamsize|p1|6
|teamsize|p2|6
|start
|switch|p1a: One Hit Wonder|Cinderace, F|100/100
|switch|p2a: Mew|Mew|100/100
|turn|1
|
|t:|1769366953
|move|p1a: One Hit Wonder|Pyro Ball|p2a: Mew
|-crit|p2a: Mew
|-damage|p2a: Mew|32/100
|move|p2a: Mew|Trick Room|p2a: Mew
|-fieldstart|move: Trick Room|[of] p2a: Mew
|
|upkeep
|turn|2
|
|t:|1769366957
|move|p2a: Mew|Stealth Rock|p1a: One Hit Wonder
|-sidestart|p1: Yaoshi|move: Stealth Rock
|move|p1a: One Hit Wonder|Pyro Ball|p2a: Mew|[miss]
|-miss|p1a: One Hit Wonder|p2a: Mew
|
|upkeep
|turn|3
|
|t:|1769366971
|move|p2a: Mew|Knock Off|p1a: One Hit Wonder
|-damage|p1a: One Hit Wonder|70/100
|-enditem|p1a: One Hit Wonder|Heavy-Duty Boots|[from] move: Knock Off|[of] p2a: Mew
|move|p1a: One Hit Wonder|Court Change|p1a: One Hit Wonder
|-start|p1a: One Hit Wonder|typechange|Normal|[from] ability: Libero
|-swapsideconditions
|-activate|p1a: One Hit Wonder|move: Court Change
|
|upkeep
|turn|4
|
|t:|1769366979
|move|p2a: Mew|Stealth Rock|p1a: One Hit Wonder
|-sidestart|p1: Yaoshi|move: Stealth Rock
|move|p1a: One Hit Wonder|Pyro Ball|p2a: Mew
|-damage|p2a: Mew|2/100
|
|upkeep
|turn|5
|
|t:|1769366986
|move|p1a: One Hit Wonder|Sucker Punch|p2a: Mew
|-supereffective|p2a: Mew
|-enditem|p2a: Mew|Colbur Berry|[eat]
|-enditem|p2a: Mew|Colbur Berry|[weaken]
|-damage|p2a: Mew|0 fnt
|faint|p2a: Mew
|
|-fieldend|move: Trick Room
|upkeep
|
|t:|1769367011
|switch|p2a: Azumarill|Azumarill, M|100/100
|-damage|p2a: Azumarill|88/100|[from] Stealth Rock
|turn|6
|
|t:|1769367020
|switch|p1a: Oz Smith|Skarmory, M, shiny|100/100
|-damage|p1a: Oz Smith|88/100|[from] Stealth Rock
|move|p2a: Azumarill|Liquidation|p1a: Oz Smith
|-damage|p1a: Oz Smith|38/100
|-damage|p2a: Azumarill|72/100|[from] item: Rocky Helmet|[of] p1a: Oz Smith
|
|upkeep
|turn|7
|
|t:|1769367030
|switch|p2a: Hoopa|Hoopa-Unbound|100/100
|-damage|p2a: Hoopa|88/100|[from] Stealth Rock
|move|p1a: Oz Smith|Roost|p1a: Oz Smith
|-heal|p1a: Oz Smith|88/100
|-singleturn|p1a: Oz Smith|move: Roost
|
|upkeep
|turn|8
|
|t:|1769367041
|move|p1a: Oz Smith|Body Press|p2a: Hoopa
|-damage|p2a: Hoopa|45/100
|move|p2a: Hoopa|Trick Room|p2a: Hoopa
|-fieldstart|move: Trick Room|[of] p2a: Hoopa
|-enditem|p2a: Hoopa|Room Service
|-unboost|p2a: Hoopa|spe|1|[from] item: Room Service
|
|upkeep
|turn|9
|
|t:|1769367049
|move|p2a: Hoopa|Hyperspace Fury|p1a: Oz Smith
|-damage|p1a: Oz Smith|44/100
|-unboost|p2a: Hoopa|def|1
|-item|p2a: Hoopa|Rocky Helmet|[from] ability: Magician|[of] p1a: Oz Smith
|move|p1a: Oz Smith|Roost|p1a: Oz Smith
|-heal|p1a: Oz Smith|94/100
|-singleturn|p1a: Oz Smith|move: Roost
|
|upkeep
|turn|10
|
|t:|1769367061
|move|p2a: Hoopa|Hyperspace Fury|p1a: Oz Smith
|-damage|p1a: Oz Smith|53/100
|-unboost|p2a: Hoopa|def|1
|move|p1a: Oz Smith|Roost|p1a: Oz Smith
|-heal|p1a: Oz Smith|100/100
|-singleturn|p1a: Oz Smith|move: Roost
|
|upkeep
|turn|11
|
|t:|1769367077
|move|p2a: Hoopa|Drain Punch|p1a: Oz Smith
|-damage|p1a: Oz Smith|79/100
|-heal|p2a: Hoopa|54/100|[from] drain|[of] p1a: Oz Smith
|move|p1a: Oz Smith|Body Press|p2a: Hoopa
|-damage|p2a: Hoopa|0 fnt
|-damage|p1a: Oz Smith|62/100|[from] item: Rocky Helmet|[of] p2a: Hoopa
|faint|p2a: Hoopa
|
|upkeep
|
|t:|1769367086
|switch|p2a: Gholdengo|Gholdengo|100/100
|-damage|p2a: Gholdengo|94/100|[from] Stealth Rock
|turn|12
|
|t:|1769367092
|move|p2a: Gholdengo|Thunderbolt|p1a: Oz Smith
|-supereffective|p1a: Oz Smith
|-damage|p1a: Oz Smith|0 fnt
|faint|p1a: Oz Smith
|
|-fieldend|move: Trick Room
|upkeep
|
|t:|1769367096
|switch|p1a: One Hit Wonder|Cinderace, F|70/100
|-damage|p1a: One Hit Wonder|45/100|[from] Stealth Rock
|turn|13
|
|t:|1769367104
|switch|p2a: Cresselia|Cresselia, F|100/100
|-damage|p2a: Cresselia|88/100|[from] Stealth Rock
|move|p1a: One Hit Wonder|Pyro Ball|p2a: Cresselia
|-damage|p2a: Cresselia|56/100
|
|upkeep
|turn|14
|
|t:|1769367121
|move|p1a: One Hit Wonder|Pyro Ball|p2a: Cresselia
|-damage|p2a: Cresselia|21/100
|-status|p2a: Cresselia|brn
|move|p2a: Cresselia|Trick Room|p2a: Cresselia
|-fieldstart|move: Trick Room|[of] p2a: Cresselia
|
|-damage|p2a: Cresselia|15/100 brn|[from] brn
|upkeep
|turn|15
|
|t:|1769367128
|move|p1a: One Hit Wonder|Sucker Punch||[still]
|-fail|p1a: One Hit Wonder
|move|p2a: Cresselia|Lunar Dance|p2a: Cresselia
|faint|p2a: Cresselia
|
|upkeep
|
|t:|1769367134
|switch|p2a: Kingambit|Kingambit, F|100/100
|-damage|p2a: Kingambit|94/100|[from] Stealth Rock
|-activate|p2a: Kingambit|ability: Supreme Overlord
|-start|p2a: Kingambit|fallen3|[silent]
|turn|16
|
|t:|1769367152
|-terastallize|p2a: Kingambit|Fairy
|move|p1a: One Hit Wonder|Sucker Punch||[still]
|-fail|p1a: One Hit Wonder
|move|p2a: Kingambit|Swords Dance|p2a: Kingambit
|-boost|p2a: Kingambit|atk|2
|
|-heal|p2a: Kingambit|100/100|[from] item: Leftovers
|upkeep
|turn|17
|
|t:|1769367160
|move|p2a: Kingambit|Kowtow Cleave|p1a: One Hit Wonder
|-damage|p1a: One Hit Wonder|0 fnt
|faint|p1a: One Hit Wonder
|
|upkeep
|
|t:|1769367165
|switch|p1a: Homerun|Snorlax, F, shiny|100/100
|-damage|p1a: Homerun|88/100|[from] Stealth Rock
|turn|18
|
|t:|1769367169
|move|p1a: Homerun|Body Slam|p2a: Kingambit
|-damage|p2a: Kingambit|74/100
|move|p2a: Kingambit|Tera Blast|p1a: Homerun|[anim] Tera Blast Fairy
|-damage|p1a: Homerun|0 fnt
|faint|p1a: Homerun
|
|-heal|p2a: Kingambit|80/100|[from] item: Leftovers
|-fieldend|move: Trick Room
|upkeep
|
|t:|1769367183
|switch|p1a: Babe Ruth|Darkrai, shiny|100/100
|-damage|p1a: Babe Ruth|88/100|[from] Stealth Rock
|turn|19
|
|t:|1769367187
|-terastallize|p1a: Babe Ruth|Poison
|move|p2a: Kingambit|Sucker Punch|p1a: Babe Ruth
|-damage|p1a: Babe Ruth|0 fnt
|faint|p1a: Babe Ruth
|
|-heal|p2a: Kingambit|87/100|[from] item: Leftovers
|upkeep
|
|t:|1769367197
|switch|p1a: Ayami Sato|Primarina, F, shiny|100/100
|-damage|p1a: Ayami Sato|88/100|[from] Stealth Rock
|turn|20
|
|t:|1769367201
|move|p1a: Ayami Sato|Psychic Noise|p2a: Kingambit
|-damage|p2a: Kingambit|57/100
|-start|p2a: Kingambit|move: Heal Block
|move|p2a: Kingambit|Tera Blast|p1a: Ayami Sato|[anim] Tera Blast Fairy
|-crit|p1a: Ayami Sato
|-damage|p1a: Ayami Sato|0 fnt
|faint|p1a: Ayami Sato
|
|upkeep
|
|t:|1769367205
|switch|p1a: Ohtani|Dragonite, M|100/100
|-damage|p1a: Ohtani|76/100|[from] Stealth Rock
|turn|21
|
|t:|1769367212
|move|p1a: Ohtani|Extreme Speed|p2a: Kingambit
|-damage|p2a: Kingambit|20/100
|move|p2a: Kingambit|Tera Blast|p1a: Ohtani|[anim] Tera Blast Fairy
|-supereffective|p1a: Ohtani
|-damage|p1a: Ohtani|0 fnt
|faint|p1a: Ohtani
|
|win|cospway
|raw|Yaoshi's rating: 1564 &rarr; <strong>1543</strong><br />(-21 for losing)
|raw|cospway's rating: 1554 &rarr; <strong>1575</strong><br />(+21 for winning)
|l|☆Yaoshi
|player|p1|
|l|☆cospway
|player|p2|
