|j|☆Drovelhin
|j|☆biggruse04
|t:|1769372593
|gametype|singles
|player|p1|Drovelhin|102|1110
|player|p2|biggruse04|lady-gen4|1142
|gen|9
|tier|[Gen 9] OU
|rated|
|rule|HP Percentage Mod: HP is shown in percentages
|rule|Endless Battle Clause: Forcing endless battles is banned
|rule|Species Clause: Limit one of each Pokémon
|rule|OHKO Clause: OHKO moves are banned
|rule|Evasion Items Clause: Evasion items are banned
|rule|Evasion Moves Clause: Evasion moves are banned
|rule|Evasion Abilities Clause: Evasion abilities are banned
|rule|Sleep Moves Clause: Sleep-inducing moves are banned
|clearpoke
|poke|p1|Gholdengo|
|poke|p1|Ceruledge, M|
|poke|p1|Samurott-Hisui, M|
|poke|p1|Rillaboom, F|
|poke|p1|Great Tusk|
|poke|p1|Dragapult, M|
|poke|p2|Zapdos-Galar|
|poke|p2|Ting-Lu|
|poke|p2|Iron Valiant|
|poke|p2|Cinderace, F|
|poke|p2|Quaquaval, F|
|poke|p2|Darkrai|
|teampreview
|
|t:|1769372605
|teamsize|p1|6
|teamsize|p2|6
|start
|switch|p1a: Rillaboom|Rillaboom, F|100/100
|switch|p2a: Quaquaval|Quaquaval, F, shiny|100/100
|-fieldstart|move: Grassy Terrain|[from] ability: Grassy Surge|[of] p1a: Rillaboom
|turn|1
|
|t:|1769372624
|move|p1a: Rillaboom|U-turn|p2a: Quaquaval
|-resisted|p2a: Quaquaval
|-damage|p2a: Quaquaval|79/100
|
|t:|1769372672
|switch|p1a: Gholdengo|Gholdengo|100/100|[from] U-turn
|-item|p1a: Gholdengo|Air Balloon
|move|p2a: Quaquaval|Triple Axel|p1a: Gholdengo
|-resisted|p1a: Gholdengo
|-damage|p1a: Gholdengo|97/100
|-enditem|p1a: Gholdengo|Air Balloon
|-resisted|p1a: Gholdengo
|-damage|p1a: Gholdengo|89/100
|-resisted|p1a: Gholdengo
|-damage|p1a: Gholdengo|76/100
|-hitcount|p1a: Gholdengo|3
|-damage|p2a: Quaquaval|69/100|[from] item: Life Orb
|
|-heal|p2a: Quaquaval|75/100|[from] Grassy Terrain
|-heal|p1a: Gholdengo|82/100|[from] Grassy Terrain
|upkeep
|turn|2
|
|t:|1769372703
|move|p2a: Quaquaval|Aqua Step|p1a: Gholdengo
|-damage|p1a: Gholdengo|30/100
|-boost|p2a: Quaquaval|spe|1
|-damage|p2a: Quaquaval|65/100|[from] item: Life Orb
|move|p1a: Gholdengo|Thunder Wave|p2a: Quaquaval
|-status|p2a: Quaquaval|par
|
|-heal|p2a: Quaquaval|71/100 par|[from] Grassy Terrain
|-heal|p1a: Gholdengo|36/100|[from] Grassy Terrain
|upkeep
|turn|3
|
|t:|1769372718
|move|p2a: Quaquaval|Aqua Step|p1a: Gholdengo
|-damage|p1a: Gholdengo|0 fnt
|-boost|p2a: Quaquaval|spe|1
|faint|p1a: Gholdengo
|-ability|p2a: Quaquaval|Moxie|boost
|-boost|p2a: Quaquaval|atk|1
|-damage|p2a: Quaquaval|61/100 par|[from] item: Life Orb
|
|-heal|p2a: Quaquaval|67/100 par|[from] Grassy Terrain
|upkeep
|
|t:|1769372739
|switch|p1a: Rillaboom|Rillaboom, F|100/100
|turn|4
|
|t:|1769372746
|move|p1a: Rillaboom|Grassy Glide|p2a: Quaquaval
|-supereffective|p2a: Quaquaval
|-damage|p2a: Quaquaval|0 fnt
|faint|p2a: Quaquaval
|
|upkeep
|
|t:|1769372751
|switch|p2a: Zapdos|Zapdos-Galar|100/100
|turn|5
|
|t:|1769372761
|switch|p1a: Great Tusk|Great Tusk|100/100
|-enditem|p1a: Great Tusk|Booster Energy
|-activate|p1a: Great Tusk|ability: Protosynthesis|[fromitem]
|-start|p1a: Great Tusk|protosynthesisatk
|move|p2a: Zapdos|Acrobatics|p1a: Great Tusk
|-supereffective|p1a: Great Tusk
|-damage|p1a: Great Tusk|58/100
|
|-heal|p1a: Great Tusk|65/100|[from] Grassy Terrain
|-fieldend|move: Grassy Terrain
|upkeep
|turn|6
|
|t:|1769372789
|-terastallize|p1a: Great Tusk|Dark
|move|p2a: Zapdos|Thunderous Kick|p1a: Great Tusk
|-supereffective|p1a: Great Tusk
|-damage|p1a: Great Tusk|0 fnt
|faint|p1a: Great Tusk
|-end|p1a: Great Tusk|Protosynthesis|[silent]
|
|upkeep
|
|t:|1769372821
|switch|p1a: Dragapult|Dragapult, M|100/100
|turn|7
|
|t:|1769372830
|move|p1a: Dragapult|Draco Meteor|p2a: Zapdos
|-damage|p2a: Zapdos|1/100
|-unboost|p1a: Dragapult|spa|2
|move|p2a: Zapdos|Acrobatics|p1a: Dragapult
|-damage|p1a: Dragapult|60/100
|
|upkeep
|turn|8
|
|t:|1769372838
|switch|p2a: Iron Valiant|Iron Valiant, shiny|100/100
|-enditem|p2a: Iron Valiant|Booster Energy
|-activate|p2a: Iron Valiant|ability: Quark Drive|[fromitem]
|-start|p2a: Iron Valiant|quarkdrivespe
|move|p1a: Dragapult|Draco Meteor|p2a: Iron Valiant
|-immune|p2a: Iron Valiant
|
|upkeep
|turn|9
|
|t:|1769372854
|switch|p1a: Rillaboom|Rillaboom, F|100/100
|-fieldstart|move: Grassy Terrain|[from] ability: Grassy Surge|[of] p1a: Rillaboom
|move|p2a: Iron Valiant|Moonblast|p1a: Rillaboom
|-damage|p1a: Rillaboom|42/100
|
|-heal|p1a: Rillaboom|49/100|[from] Grassy Terrain
|upkeep
|turn|10
|
|t:|1769372881
|switch|p1a: Samurott|Samurott-Hisui, M|100/100
|move|p2a: Iron Valiant|Calm Mind|p2a: Iron Valiant
|-boost|p2a: Iron Valiant|spa|1
|-boost|p2a: Iron Valiant|spd|1
|
|upkeep
|turn|11
|
|t:|1769372901
|move|p2a: Iron Valiant|Moonblast|p1a: Samurott
|-supereffective|p1a: Samurott
|-damage|p1a: Samurott|8/100
|move|p1a: Samurott|Razor Shell|p2a: Iron Valiant
|-damage|p2a: Iron Valiant|33/100
|
|-heal|p2a: Iron Valiant|39/100|[from] Grassy Terrain
|-heal|p1a: Samurott|14/100|[from] Grassy Terrain
|upkeep
|turn|12
|
|t:|1769372922
|move|p2a: Iron Valiant|Moonblast|p1a: Samurott
|-supereffective|p1a: Samurott
|-damage|p1a: Samurott|0 fnt
|faint|p1a: Samurott
|
|-heal|p2a: Iron Valiant|45/100|[from] Grassy Terrain
|upkeep
|
|t:|1769372935
|switch|p1a: Dragapult|Dragapult, M|60/100
|turn|13
|
|t:|1769372946
|move|p2a: Iron Valiant|Moonblast|p1a: Dragapult
|-supereffective|p1a: Dragapult
|-damage|p1a: Dragapult|0 fnt
|faint|p1a: Dragapult
|
|-heal|p2a: Iron Valiant|52/100|[from] Grassy Terrain
|-fieldend|move: Grassy Terrain
|upkeep
|
|t:|1769372953
|switch|p1a: Rillaboom|Rillaboom, F|49/100
|-fieldstart|move: Grassy Terrain|[from] ability: Grassy Surge|[of] p1a: Rillaboom
|turn|14
|
|t:|1769372957
|move|p1a: Rillaboom|Grassy Glide|p2a: Iron Valiant
|-damage|p2a: Iron Valiant|0 fnt
|faint|p2a: Iron Valiant
|-end|p2a: Iron Valiant|Quark Drive|[silent]
|
|-heal|p1a: Rillaboom|55/100|[from] Grassy Terrain
|upkeep
|
|t:|1769372966
|switch|p2a: Darkrai|Darkrai, shiny|100/100
|turn|15
|
|t:|1769372975
|move|p1a: Rillaboom|Grassy Glide|p2a: Darkrai
|-damage|p2a: Darkrai|32/100
|move|p2a: Darkrai|Dark Pulse|p1a: Rillaboom
|-damage|p1a: Rillaboom|1/100
|
|-heal|p2a: Darkrai|38/100|[from] Grassy Terrain
|-heal|p1a: Rillaboom|7/100|[from] Grassy Terrain
|upkeep
|turn|16
|
|t:|1769372984
|switch|p2a: Cinderace|Cinderace, F|100/100
|move|p1a: Rillaboom|Grassy Glide|p2a: Cinderace
|-resisted|p2a: Cinderace
|-damage|p2a: Cinderace|60/100
|
|-heal|p2a: Cinderace|66/100|[from] Grassy Terrain
|-heal|p1a: Rillaboom|13/100|[from] Grassy Terrain
|upkeep
|turn|17
|
|t:|1769372992
|switch|p1a: Ceruledge|Ceruledge, M|100/100
|move|p2a: Cinderace|Gunk Shot|p1a: Ceruledge
|-start|p2a: Cinderace|typechange|Poison|[from] ability: Libero
|-resisted|p1a: Ceruledge
|-damage|p1a: Ceruledge|35/100
|
|-heal|p2a: Cinderace|72/100|[from] Grassy Terrain
|-heal|p1a: Ceruledge|41/100|[from] Grassy Terrain
|upkeep
|turn|18
|
|t:|1769373011
|move|p2a: Cinderace|Gunk Shot|p1a: Ceruledge
|-resisted|p1a: Ceruledge
|-damage|p1a: Ceruledge|0 fnt
|faint|p1a: Ceruledge
|
|-heal|p2a: Cinderace|78/100|[from] Grassy Terrain
|-fieldend|move: Grassy Terrain
|upkeep
|
|t:|1769373017
|switch|p1a: Rillaboom|Rillaboom, F|13/100
|-fieldstart|move: Grassy Terrain|[from] ability: Grassy Surge|[of] p1a: Rillaboom
|turn|19
|-message|Drovelhin forfeited.
|
|win|biggruse04
|raw|Drovelhin's rating: 1110 &rarr; <strong>1087</strong><br />(-23 for losing)
|raw|biggruse04's rating: 1142 &rarr; <strong>1165</strong><br />(+23 for winning)
|l|☆Drovelhin
|player|p1|
