|j|☆Silver backGX
|j|☆Loccdawg
|t:|1769426168
|gametype|singles
|player|p1|Silver backGX|1|1188
|player|p2|Loccdawg|101|1149
|gen|9
|tier|[Gen 9] OU
|rated|
|rule|HP Percentage Mod: HP is shown in percentages
|rule|Endless Battle Clause: Forcing endless battles is banned
|rule|Species Clause: Limit one of each Pokémon
|rule|OHKO Clause: OHKO moves are banned
|rule|Evasion Items Clause: Evasion items are banned
|rule|Evasion Moves Clause: Evasion moves are banned
|rule|Evasion Abilities Clause: Evasion abilities are banned
|rule|Sleep Moves Clause: Sleep-inducing moves are banned
|clearpoke
|poke|p1|Great Tusk|
|poke|p1|Corviknight, F|
|poke|p1|Heatran, M|
|poke|p1|Dragapult, F|
|poke|p1|Glimmora, F|
|poke|p1|Rillaboom, M|
|poke|p2|Rillaboom, M|
|poke|p2|Dachsbun, M|
|poke|p2|Mabosstiff, M|
|poke|p2|Houndstone, M|
|poke|p2|Okidogi, M|
|poke|p2|Slowking-Galar, F|
|teampreview
|inactive|Battle timer is ON: inactive players will automatically lose when time's up. (requested by Silver backGX)
|
|t:|1769426173
|teamsize|p1|6
|teamsize|p2|6
|start
|switch|p1a: Glimmora|Glimmora, F|100/100
|switch|p2a: Rillaboom|Rillaboom, M|100/100
|-fieldstart|move: Grassy Terrain|[from] ability: Grassy Surge|[of] p2a: Rillaboom
|turn|1
|
|t:|1769426186
|move|p1a: Glimmora|Stealth Rock|p2a: Rillaboom
|-sidestart|p2: Loccdawg|move: Stealth Rock
|move|p2a: Rillaboom|U-turn|p1a: Glimmora
|-resisted|p1a: Glimmora
|-damage|p1a: Glimmora|88/100
|-activate|p1a: Glimmora|ability: Toxic Debris
|-sidestart|p2: Loccdawg|move: Toxic Spikes
|
|t:|1769426189
|switch|p2a: Slowking|Slowking-Galar, F|100/100|[from] U-turn
|-damage|p2a: Slowking|88/100|[from] Stealth Rock
|-sideend|p2: Loccdawg|move: Toxic Spikes|[of] p2a: Slowking
|-enditem|p2a: Slowking|Grassy Seed
|-boost|p2a: Slowking|def|1|[from] item: Grassy Seed
|
|-heal|p1a: Glimmora|94/100|[from] Grassy Terrain
|-heal|p2a: Slowking|94/100|[from] Grassy Terrain
|upkeep
|turn|2
|
|t:|1769426208
|switch|p1a: Heatran|Heatran, M|100/100
|move|p2a: Slowking|Calm Mind|p2a: Slowking
|-boost|p2a: Slowking|spa|1
|-boost|p2a: Slowking|spd|1
|
|-heal|p2a: Slowking|99/100|[from] Grassy Terrain
|upkeep
|turn|3
|
|t:|1769426229
|move|p1a: Heatran|Magma Storm|p2a: Slowking|[miss]
|-miss|p1a: Heatran|p2a: Slowking
|move|p2a: Slowking|Calm Mind|p2a: Slowking
|-boost|p2a: Slowking|spa|1
|-boost|p2a: Slowking|spd|1
|
|-heal|p2a: Slowking|100/100|[from] Grassy Terrain
|upkeep
|turn|4
|
|t:|1769426238
|move|p1a: Heatran|Taunt|p2a: Slowking
|-start|p2a: Slowking|move: Taunt
|cant|p2a: Slowking|move: Taunt|Calm Mind
|
|upkeep
|turn|5
|
|t:|1769426243
|move|p1a: Heatran|Magma Storm|p2a: Slowking
|-damage|p2a: Slowking|84/100
|-activate|p2a: Slowking|move: Magma Storm|[of] p1a: Heatran
|move|p2a: Slowking|Stored Power|p1a: Heatran
|-resisted|p1a: Heatran
|-damage|p1a: Heatran|71/100
|
|-heal|p1a: Heatran|78/100|[from] Grassy Terrain
|-heal|p1a: Heatran|84/100|[from] item: Leftovers
|-heal|p2a: Slowking|90/100|[from] Grassy Terrain
|-damage|p2a: Slowking|78/100|[from] move: Magma Storm|[partiallytrapped]
|upkeep
|turn|6
|
|t:|1769426257
|move|p1a: Heatran|Earth Power|p2a: Slowking
|-supereffective|p2a: Slowking
|-damage|p2a: Slowking|58/100
|move|p2a: Slowking|Flamethrower|p1a: Heatran
|-start|p1a: Heatran|ability: Flash Fire
|
|-heal|p1a: Heatran|90/100|[from] Grassy Terrain
|-heal|p1a: Heatran|96/100|[from] item: Leftovers
|-heal|p2a: Slowking|64/100|[from] Grassy Terrain
|-damage|p2a: Slowking|52/100|[from] move: Magma Storm|[partiallytrapped]
|-end|p2a: Slowking|move: Taunt
|upkeep
|turn|7
|
|t:|1769426279
|move|p1a: Heatran|Taunt|p2a: Slowking
|-start|p2a: Slowking|move: Taunt
|move|p2a: Slowking|Stored Power|p1a: Heatran
|-resisted|p1a: Heatran
|-damage|p1a: Heatran|68/100
|
|-heal|p1a: Heatran|74/100|[from] Grassy Terrain
|-heal|p1a: Heatran|80/100|[from] item: Leftovers
|-heal|p2a: Slowking|58/100|[from] Grassy Terrain
|-damage|p2a: Slowking|46/100|[from] move: Magma Storm|[partiallytrapped]
|upkeep
|turn|8
|
|t:|1769426291
|move|p1a: Heatran|Magma Storm|p2a: Slowking
|-damage|p2a: Slowking|21/100
|move|p2a: Slowking|Stored Power|p1a: Heatran
|-resisted|p1a: Heatran
|-damage|p1a: Heatran|54/100
|
|-heal|p1a: Heatran|60/100|[from] Grassy Terrain
|-heal|p1a: Heatran|66/100|[from] item: Leftovers
|-heal|p2a: Slowking|27/100|[from] Grassy Terrain
|-damage|p2a: Slowking|15/100|[from] move: Magma Storm|[partiallytrapped]
|-fieldend|move: Grassy Terrain
|upkeep
|turn|9
|
|t:|1769426304
|move|p1a: Heatran|Earth Power|p2a: Slowking
|-supereffective|p2a: Slowking
|-damage|p2a: Slowking|0 fnt
|faint|p2a: Slowking
|
|-heal|p1a: Heatran|72/100|[from] item: Leftovers
|upkeep
|
|t:|1769426317
|switch|p2a: Okidogi|Okidogi, M|100/100
|-damage|p2a: Okidogi|95/100|[from] Stealth Rock
|turn|10
|
|t:|1769426328
|-end|p1a: Heatran|ability: Flash Fire|[silent]
|switch|p1a: Corviknight|Corviknight, F|100/100
|move|p2a: Okidogi|Knock Off|p1a: Corviknight
|-damage|p1a: Corviknight|77/100
|-enditem|p1a: Corviknight|Leftovers|[from] move: Knock Off|[of] p2a: Okidogi
|
|upkeep
|turn|11
|
|t:|1769426336
|switch|p2a: Houndstone|Houndstone, M, shiny|100/100
|-damage|p2a: Houndstone|88/100|[from] Stealth Rock
|move|p1a: Corviknight|Brave Bird|p2a: Houndstone
|-damage|p2a: Houndstone|71/100
|-damage|p1a: Corviknight|61/100|[from] item: Rocky Helmet|[of] p2a: Houndstone
|-damage|p1a: Corviknight|56/100|[from] Recoil
|
|upkeep
|turn|12
|
|t:|1769426349
|move|p2a: Houndstone|Will-O-Wisp|p1a: Corviknight
|-status|p1a: Corviknight|brn
|move|p1a: Corviknight|Roost|p1a: Corviknight
|-heal|p1a: Corviknight|100/100 brn
|-singleturn|p1a: Corviknight|move: Roost
|
|-damage|p1a: Corviknight|94/100 brn|[from] brn
|upkeep
|turn|13
|inactive|Loccdawg has 120 seconds left.
|inactive|Loccdawg has 90 seconds left.
|
|t:|1769426416
|move|p1a: Corviknight|U-turn|p2a: Houndstone
|-resisted|p2a: Houndstone
|-damage|p2a: Houndstone|69/100
|-damage|p1a: Corviknight|78/100 brn|[from] item: Rocky Helmet|[of] p2a: Houndstone
|
|t:|1769426426
|switch|p1a: Glimmora|Glimmora, F|94/100|[from] U-turn
|move|p2a: Houndstone|Roar|p1a: Glimmora
|drag|p1a: Rillaboom|Rillaboom, M|100/100
|-fieldstart|move: Grassy Terrain|[from] ability: Grassy Surge|[of] p1a: Rillaboom
|
|-heal|p2a: Houndstone|75/100|[from] Grassy Terrain
|upkeep
|turn|14
|inactive|Loccdawg has 90 seconds left.
|
|t:|1769426449
|move|p1a: Rillaboom|Knock Off|p2a: Houndstone
|-supereffective|p2a: Houndstone
|-damage|p2a: Houndstone|27/100
|-damage|p1a: Rillaboom|84/100|[from] item: Rocky Helmet|[of] p2a: Houndstone
|-enditem|p2a: Houndstone|Rocky Helmet|[from] move: Knock Off|[of] p1a: Rillaboom
|move|p2a: Houndstone|Will-O-Wisp|p1a: Rillaboom
|-status|p1a: Rillaboom|brn
|
|-heal|p1a: Rillaboom|90/100 brn|[from] Grassy Terrain
|-heal|p2a: Houndstone|33/100|[from] Grassy Terrain
|-damage|p1a: Rillaboom|84/100 brn|[from] brn
|upkeep
|turn|15
|
|t:|1769426462
|move|p2a: Houndstone|Shadow Sneak|p1a: Rillaboom
|-damage|p1a: Rillaboom|68/100 brn
|move|p1a: Rillaboom|Knock Off|p2a: Houndstone
|-supereffective|p2a: Houndstone
|-damage|p2a: Houndstone|17/100
|
|-heal|p1a: Rillaboom|74/100 brn|[from] Grassy Terrain
|-heal|p2a: Houndstone|23/100|[from] Grassy Terrain
|-damage|p1a: Rillaboom|68/100 brn|[from] brn
|upkeep
|turn|16
|inactive|Loccdawg has 90 seconds left.
|
|t:|1769426486
|move|p1a: Rillaboom|Knock Off|p2a: Houndstone
|-supereffective|p2a: Houndstone
|-damage|p2a: Houndstone|6/100
|move|p2a: Houndstone|Pain Split|p1a: Rillaboom
|-sethp|p1a: Rillaboom|37/100 brn|[from] move: Pain Split|[silent]
|-sethp|p2a: Houndstone|36/100|[from] move: Pain Split
|
|-heal|p1a: Rillaboom|43/100 brn|[from] Grassy Terrain
|-heal|p2a: Houndstone|42/100|[from] Grassy Terrain
|-damage|p1a: Rillaboom|37/100 brn|[from] brn
|upkeep
|turn|17
|
|t:|1769426497
|switch|p1a: Heatran|Heatran, M|72/100
|move|p2a: Houndstone|Roar|p1a: Heatran
|drag|p1a: Great Tusk|Great Tusk|100/100
|-enditem|p1a: Great Tusk|Booster Energy
|-activate|p1a: Great Tusk|ability: Protosynthesis|[fromitem]
|-start|p1a: Great Tusk|protosynthesisatk
|
|-heal|p2a: Houndstone|48/100|[from] Grassy Terrain
|-fieldend|move: Grassy Terrain
|upkeep
|turn|18
|inactive|Loccdawg has 90 seconds left.
|
|t:|1769426515
|-end|p1a: Great Tusk|Protosynthesis|[silent]
|switch|p1a: Heatran|Heatran, M|72/100
|move|p2a: Houndstone|Will-O-Wisp|p1a: Heatran
|-start|p1a: Heatran|ability: Flash Fire
|
|-heal|p1a: Heatran|78/100|[from] item: Leftovers
|upkeep
|turn|19
|
|t:|1769426524
|switch|p2a: Dachsbun|Dachsbun, M|100/100
|-damage|p2a: Dachsbun|88/100|[from] Stealth Rock
|move|p1a: Heatran|Magma Storm|p2a: Dachsbun
|-ability|p2a: Dachsbun|Well-Baked Body|boost
|-boost|p2a: Dachsbun|def|2
|
|-heal|p1a: Heatran|85/100|[from] item: Leftovers
|upkeep
|turn|20
|inactive|Loccdawg has 90 seconds left.
|
|t:|1769426546
|move|p2a: Dachsbun|Trailblaze|p1a: Heatran
|-resisted|p1a: Heatran
|-damage|p1a: Heatran|83/100
|-boost|p2a: Dachsbun|spe|1
|move|p1a: Heatran|Earth Power|p2a: Dachsbun
|-damage|p2a: Dachsbun|48/100
|
|-heal|p1a: Heatran|89/100|[from] item: Leftovers
|upkeep
|turn|21
|
|t:|1769426570
|move|p2a: Dachsbun|Body Press|p1a: Heatran
|-supereffective|p1a: Heatran
|-damage|p1a: Heatran|0 fnt
|faint|p1a: Heatran
|
|upkeep
|
|t:|1769426579
|switch|p1a: Glimmora|Glimmora, F|94/100
|turn|22
|
|t:|1769426593
|move|p2a: Dachsbun|Body Press|p1a: Glimmora
|-damage|p1a: Glimmora|23/100
|-activate|p1a: Glimmora|ability: Toxic Debris
|-sidestart|p2: Loccdawg|move: Toxic Spikes
|move|p1a: Glimmora|Mortal Spin|p2a: Dachsbun
|-supereffective|p2a: Dachsbun
|-damage|p2a: Dachsbun|40/100
|-status|p2a: Dachsbun|psn
|
|-damage|p2a: Dachsbun|28/100 psn|[from] psn
|upkeep
|turn|23
|
|t:|1769426608
|move|p1a: Glimmora|Protect|p1a: Glimmora
|-singleturn|p1a: Glimmora|Protect
|move|p2a: Dachsbun|Body Press|p1a: Glimmora
|-activate|p1a: Glimmora|move: Protect
|
|-damage|p2a: Dachsbun|16/100 psn|[from] psn
|upkeep
|turn|24
|
|t:|1769426619
|move|p1a: Glimmora|Protect|p1a: Glimmora
|-singleturn|p1a: Glimmora|Protect
|move|p2a: Dachsbun|Psychic Fangs|p1a: Glimmora
|-activate|p1a: Glimmora|move: Protect
|
|-damage|p2a: Dachsbun|4/100 psn|[from] psn
|upkeep
|turn|25
|
|t:|1769426628
|move|p1a: Glimmora|Protect||[still]
|-fail|p1a: Glimmora
|move|p2a: Dachsbun|Psychic Fangs|p1a: Glimmora
|-supereffective|p1a: Glimmora
|-damage|p1a: Glimmora|0 fnt
|-activate|p1a: Glimmora|ability: Toxic Debris
|-sidestart|p2: Loccdawg|move: Toxic Spikes
|faint|p1a: Glimmora
|
|-damage|p2a: Dachsbun|0 fnt|[from] psn
|faint|p2a: Dachsbun
|upkeep
|
|t:|1769426650
|switch|p2a: Okidogi|Okidogi, M|95/100
|switch|p1a: Dragapult|Dragapult, F|100/100
|-damage|p2a: Okidogi|89/100|[from] Stealth Rock
|-sideend|p2: Loccdawg|move: Toxic Spikes|[of] p2a: Okidogi
|turn|26
|inactive|Loccdawg has 60 seconds left.
|
|t:|1769426670
|move|p2a: Okidogi|Knock Off|p1a: Dragapult
|-supereffective|p1a: Dragapult
|-damage|p1a: Dragapult|8/100
|-status|p1a: Dragapult|tox|[from] ability: Toxic Chain|[of] p2a: Okidogi
|-enditem|p1a: Dragapult|Choice Specs|[from] move: Knock Off|[of] p2a: Okidogi
|move|p1a: Dragapult|Shadow Ball|p2a: Okidogi
|-damage|p2a: Okidogi|45/100
|
|-damage|p1a: Dragapult|2/100 tox|[from] psn
|upkeep
|turn|27
|
|t:|1769426682
|move|p2a: Okidogi|Knock Off|p1a: Dragapult
|-supereffective|p1a: Dragapult
|-damage|p1a: Dragapult|0 fnt
|faint|p1a: Dragapult
|
|upkeep
|
|t:|1769426690
|switch|p1a: Great Tusk|Great Tusk|100/100
|turn|28
|
|t:|1769426698
|switch|p2a: Houndstone|Houndstone, M, shiny|48/100
|-damage|p2a: Houndstone|36/100|[from] Stealth Rock
|move|p1a: Great Tusk|Earthquake|p2a: Houndstone
|-damage|p2a: Houndstone|0 fnt
|faint|p2a: Houndstone
|
|upkeep
|
|t:|1769426704
|switch|p2a: Rillaboom|Rillaboom, M|100/100
|-damage|p2a: Rillaboom|88/100|[from] Stealth Rock
|-fieldstart|move: Grassy Terrain|[from] ability: Grassy Surge|[of] p2a: Rillaboom
|turn|29
|
|t:|1769426715
|-end|p1a: Great Tusk|Protosynthesis|[silent]
|switch|p1a: Corviknight|Corviknight, F|78/100 brn
|move|p2a: Rillaboom|U-turn|p1a: Corviknight
|-resisted|p1a: Corviknight
|-damage|p1a: Corviknight|75/100 brn
|inactive|Loccdawg has 60 seconds left.
|
|t:|1769426739
|switch|p2a: Mabosstiff|Mabosstiff, M, shiny|100/100|[from] U-turn
|-damage|p2a: Mabosstiff|88/100|[from] Stealth Rock
|-ability|p2a: Mabosstiff|Intimidate|boost
|-ability|p1a: Corviknight|Mirror Armor
|-unboost|p2a: Mabosstiff|atk|1
|
|-heal|p2a: Mabosstiff|94/100|[from] Grassy Terrain
|-damage|p1a: Corviknight|68/100 brn|[from] brn
|upkeep
|turn|30
|
|t:|1769426751
|move|p2a: Mabosstiff|Jaw Lock|p1a: Corviknight
|-damage|p1a: Corviknight|53/100 brn
|-activate|p2a: Mabosstiff|trapped
|-activate|p1a: Corviknight|trapped
|move|p1a: Corviknight|U-turn|p2a: Mabosstiff
|-supereffective|p2a: Mabosstiff
|-damage|p2a: Mabosstiff|79/100
|
|t:|1769426759
|switch|p1a: Great Tusk|Great Tusk|100/100|[from] U-turn
|
|-heal|p2a: Mabosstiff|85/100|[from] Grassy Terrain
|upkeep
|turn|31
|
|t:|1769426772
|-terastallize|p2a: Mabosstiff|Bug
|move|p1a: Great Tusk|Close Combat|p2a: Mabosstiff
|-resisted|p2a: Mabosstiff
|-damage|p2a: Mabosstiff|52/100
|-unboost|p1a: Great Tusk|def|1
|-unboost|p1a: Great Tusk|spd|1
|move|p2a: Mabosstiff|Jaw Lock|p1a: Great Tusk
|-resisted|p1a: Great Tusk
|-damage|p1a: Great Tusk|88/100
|-activate|p2a: Mabosstiff|trapped
|-activate|p1a: Great Tusk|trapped
|
|-heal|p1a: Great Tusk|94/100|[from] Grassy Terrain
|-heal|p2a: Mabosstiff|58/100|[from] Grassy Terrain
|upkeep
|turn|32
|
|t:|1769426790
|move|p1a: Great Tusk|Knock Off|p2a: Mabosstiff
|-damage|p2a: Mabosstiff|22/100
|-enditem|p2a: Mabosstiff|Chesto Berry|[from] move: Knock Off|[of] p1a: Great Tusk
|move|p2a: Mabosstiff|Trailblaze|p1a: Great Tusk
|-supereffective|p1a: Great Tusk
|-damage|p1a: Great Tusk|65/100
|-boost|p2a: Mabosstiff|spe|1
|
|-heal|p2a: Mabosstiff|28/100|[from] Grassy Terrain
|-heal|p1a: Great Tusk|71/100|[from] Grassy Terrain
|upkeep
|turn|33
|
|t:|1769426801
|move|p2a: Mabosstiff|Rest|p2a: Mabosstiff
|-status|p2a: Mabosstiff|slp|[from] move: Rest
|-heal|p2a: Mabosstiff|100/100 slp|[silent]
|move|p1a: Great Tusk|Knock Off|p2a: Mabosstiff
|-damage|p2a: Mabosstiff|75/100 slp
|
|-heal|p2a: Mabosstiff|82/100 slp|[from] Grassy Terrain
|-heal|p1a: Great Tusk|77/100|[from] Grassy Terrain
|upkeep
|turn|34
|
|t:|1769426817
|cant|p2a: Mabosstiff|slp
|move|p1a: Great Tusk|Knock Off|p2a: Mabosstiff
|-damage|p2a: Mabosstiff|57/100 slp
|
|-heal|p2a: Mabosstiff|63/100 slp|[from] Grassy Terrain
|-heal|p1a: Great Tusk|84/100|[from] Grassy Terrain
|upkeep
|turn|35
|
|t:|1769426826
|cant|p2a: Mabosstiff|slp
|move|p1a: Great Tusk|Knock Off|p2a: Mabosstiff
|-damage|p2a: Mabosstiff|40/100 slp
|
|-heal|p2a: Mabosstiff|46/100 slp|[from] Grassy Terrain
|-heal|p1a: Great Tusk|90/100|[from] Grassy Terrain
|upkeep
|turn|36
|
|t:|1769426833
|-curestatus|p2a: Mabosstiff|slp|[msg]
|move|p2a: Mabosstiff|Hone Claws|p2a: Mabosstiff
|-boost|p2a: Mabosstiff|atk|1
|-boost|p2a: Mabosstiff|accuracy|1
|move|p1a: Great Tusk|Knock Off|p2a: Mabosstiff
|-damage|p2a: Mabosstiff|24/100
|
|-heal|p2a: Mabosstiff|30/100|[from] Grassy Terrain
|-heal|p1a: Great Tusk|96/100|[from] Grassy Terrain
|-fieldend|move: Grassy Terrain
|upkeep
|turn|37
|inactive|Loccdawg has 90 seconds left.
|
|t:|1769426844
|move|p2a: Mabosstiff|Rest|p2a: Mabosstiff
|-status|p2a: Mabosstiff|slp|[from] move: Rest
|-heal|p2a: Mabosstiff|100/100 slp|[silent]
|move|p1a: Great Tusk|Earthquake|p2a: Mabosstiff
|-resisted|p2a: Mabosstiff
|-damage|p2a: Mabosstiff|74/100 slp
|
|upkeep
|turn|38
|
|t:|1769426852
|cant|p2a: Mabosstiff|slp
|move|p1a: Great Tusk|Earthquake|p2a: Mabosstiff
|-resisted|p2a: Mabosstiff
|-damage|p2a: Mabosstiff|46/100 slp
|
|upkeep
|turn|39
|
|t:|1769426863
|cant|p2a: Mabosstiff|slp
|move|p1a: Great Tusk|Earthquake|p2a: Mabosstiff
|-resisted|p2a: Mabosstiff
|-damage|p2a: Mabosstiff|18/100 slp
|
|upkeep
|turn|40
|
|t:|1769426870
|-curestatus|p2a: Mabosstiff|slp|[msg]
|move|p2a: Mabosstiff|Rest|p2a: Mabosstiff
|-status|p2a: Mabosstiff|slp|[from] move: Rest
|-heal|p2a: Mabosstiff|100/100 slp|[silent]
|move|p1a: Great Tusk|Earthquake|p2a: Mabosstiff
|-resisted|p2a: Mabosstiff
|-damage|p2a: Mabosstiff|74/100 slp
|
|upkeep
|turn|41
|
|t:|1769426880
|cant|p2a: Mabosstiff|slp
|move|p1a: Great Tusk|Earthquake|p2a: Mabosstiff
|-resisted|p2a: Mabosstiff
|-damage|p2a: Mabosstiff|47/100 slp
|
|upkeep
|turn|42
|
|t:|1769426886
|cant|p2a: Mabosstiff|slp
|move|p1a: Great Tusk|Earthquake|p2a: Mabosstiff
|-resisted|p2a: Mabosstiff
|-damage|p2a: Mabosstiff|20/100 slp
|
|upkeep
|turn|43
|
|t:|1769426891
|-curestatus|p2a: Mabosstiff|slp|[msg]
|move|p2a: Mabosstiff|Rest|p2a: Mabosstiff
|-status|p2a: Mabosstiff|slp|[from] move: Rest
|-heal|p2a: Mabosstiff|100/100 slp|[silent]
|move|p1a: Great Tusk|Earthquake|p2a: Mabosstiff
|-resisted|p2a: Mabosstiff
|-damage|p2a: Mabosstiff|72/100 slp
|
|upkeep
|turn|44
|
|t:|1769426902
|cant|p2a: Mabosstiff|slp
|move|p1a: Great Tusk|Rapid Spin|p2a: Mabosstiff
|-damage|p2a: Mabosstiff|54/100 slp
|-boost|p1a: Great Tusk|spe|1
|
|upkeep
|turn|45
|
|t:|1769426909
|move|p1a: Great Tusk|Knock Off|p2a: Mabosstiff
|-damage|p2a: Mabosstiff|32/100 slp
|cant|p2a: Mabosstiff|slp
|
|upkeep
|turn|46
|
|t:|1769426915
|move|p1a: Great Tusk|Knock Off|p2a: Mabosstiff
|-damage|p2a: Mabosstiff|9/100 slp
|-curestatus|p2a: Mabosstiff|slp|[msg]
|move|p2a: Mabosstiff|Trailblaze|p1a: Great Tusk
|-supereffective|p1a: Great Tusk
|-damage|p1a: Great Tusk|64/100
|-boost|p2a: Mabosstiff|spe|1
|
|upkeep
|turn|47
|
|t:|1769426925
|move|p2a: Mabosstiff|Rest|p2a: Mabosstiff
|-status|p2a: Mabosstiff|slp|[from] move: Rest
|-heal|p2a: Mabosstiff|100/100 slp|[silent]
|move|p1a: Great Tusk|Knock Off|p2a: Mabosstiff
|-damage|p2a: Mabosstiff|79/100 slp
|
|upkeep
|turn|48
|
|t:|1769426933
|cant|p2a: Mabosstiff|slp
|move|p1a: Great Tusk|Knock Off|p2a: Mabosstiff
|-damage|p2a: Mabosstiff|57/100 slp
|
|upkeep
|turn|49
|
|t:|1769426939
|cant|p2a: Mabosstiff|slp
|move|p1a: Great Tusk|Rapid Spin|p2a: Mabosstiff
|-damage|p2a: Mabosstiff|38/100 slp
|-boost|p1a: Great Tusk|spe|1
|
|upkeep
|turn|50
|
|t:|1769426952
|move|p1a: Great Tusk|Rapid Spin|p2a: Mabosstiff
|-damage|p2a: Mabosstiff|19/100 slp
|-boost|p1a: Great Tusk|spe|1
|-curestatus|p2a: Mabosstiff|slp|[msg]
|move|p2a: Mabosstiff|Rest|p2a: Mabosstiff
|-status|p2a: Mabosstiff|slp|[from] move: Rest
|-heal|p2a: Mabosstiff|100/100 slp|[silent]
|
|upkeep
|turn|51
|
|t:|1769426964
|move|p1a: Great Tusk|Knock Off|p2a: Mabosstiff
|-damage|p2a: Mabosstiff|78/100 slp
|cant|p2a: Mabosstiff|slp
|
|upkeep
|turn|52
|
|t:|1769426969
|move|p1a: Great Tusk|Knock Off|p2a: Mabosstiff
|-damage|p2a: Mabosstiff|54/100 slp
|cant|p2a: Mabosstiff|slp
|
|upkeep
|turn|53
|
|t:|1769426975
|move|p1a: Great Tusk|Earthquake|p2a: Mabosstiff
|-resisted|p2a: Mabosstiff
|-damage|p2a: Mabosstiff|29/100 slp
|-curestatus|p2a: Mabosstiff|slp|[msg]
|move|p2a: Mabosstiff|Trailblaze|p1a: Great Tusk
|-supereffective|p1a: Great Tusk
|-damage|p1a: Great Tusk|31/100
|-boost|p2a: Mabosstiff|spe|1
|
|upkeep
|turn|54
|
|t:|1769426984
|move|p1a: Great Tusk|Earthquake|p2a: Mabosstiff
|-resisted|p2a: Mabosstiff
|-damage|p2a: Mabosstiff|3/100
|move|p2a: Mabosstiff|Rest|p2a: Mabosstiff
|-status|p2a: Mabosstiff|slp|[from] move: Rest
|-heal|p2a: Mabosstiff|100/100 slp|[silent]
|
|upkeep
|turn|55
|
|t:|1769426992
|move|p1a: Great Tusk|Earthquake|p2a: Mabosstiff
|-resisted|p2a: Mabosstiff
|-damage|p2a: Mabosstiff|74/100 slp
|cant|p2a: Mabosstiff|slp
|
|upkeep
|turn|56
|
|t:|1769426998
|move|p1a: Great Tusk|Earthquake|p2a: Mabosstiff
|-resisted|p2a: Mabosstiff
|-damage|p2a: Mabosstiff|46/100 slp
|cant|p2a: Mabosstiff|slp
|
|upkeep
|turn|57
|
|t:|1769427004
|move|p1a: Great Tusk|Earthquake|p2a: Mabosstiff
|-resisted|p2a: Mabosstiff
|-damage|p2a: Mabosstiff|20/100 slp
|-curestatus|p2a: Mabosstiff|slp|[msg]
|move|p2a: Mabosstiff|Trailblaze|p1a: Great Tusk
|-supereffective|p1a: Great Tusk
|-damage|p1a: Great Tusk|0 fnt
|-boost|p2a: Mabosstiff|spe|1
|faint|p1a: Great Tusk
|-end|p1a: Great Tusk|Protosynthesis|[silent]
|
|upkeep
|
|t:|1769427018
|switch|p1a: Rillaboom|Rillaboom, M|37/100 brn
|-fieldstart|move: Grassy Terrain|[from] ability: Grassy Surge|[of] p1a: Rillaboom
|turn|58
|
|t:|1769427024
|move|p1a: Rillaboom|Grassy Glide|p2a: Mabosstiff
|-resisted|p2a: Mabosstiff
|-damage|p2a: Mabosstiff|6/100
|move|p2a: Mabosstiff|Jaw Lock|p1a: Rillaboom
|-damage|p1a: Rillaboom|0 fnt
|faint|p1a: Rillaboom
|
|-heal|p2a: Mabosstiff|12/100|[from] Grassy Terrain
|upkeep
|
|t:|1769427034
|switch|p1a: Corviknight|Corviknight, F|53/100 brn
|turn|59
|
|t:|1769427040
|move|p2a: Mabosstiff|Rest|p2a: Mabosstiff
|-status|p2a: Mabosstiff|slp|[from] move: Rest
|-heal|p2a: Mabosstiff|100/100 slp|[silent]
|move|p1a: Corviknight|Brave Bird|p2a: Mabosstiff
|-supereffective|p2a: Mabosstiff
|-damage|p2a: Mabosstiff|66/100 slp
|-damage|p1a: Corviknight|43/100 brn|[from] Recoil
|
|-heal|p2a: Mabosstiff|72/100 slp|[from] Grassy Terrain
|-damage|p1a: Corviknight|37/100 brn|[from] brn
|upkeep
|turn|60
|
|t:|1769427052
|cant|p2a: Mabosstiff|slp
|move|p1a: Corviknight|Roost|p1a: Corviknight
|-heal|p1a: Corviknight|87/100 brn
|-singleturn|p1a: Corviknight|move: Roost
|
|-heal|p2a: Mabosstiff|78/100 slp|[from] Grassy Terrain
|-heal|p1a: Corviknight|93/100 brn|[from] Grassy Terrain
|-damage|p1a: Corviknight|87/100 brn|[from] brn
|upkeep
|turn|61
|
|t:|1769427064
|cant|p2a: Mabosstiff|slp
|move|p1a: Corviknight|Brave Bird|p2a: Mabosstiff
|-supereffective|p2a: Mabosstiff
|-damage|p2a: Mabosstiff|40/100 slp
|-damage|p1a: Corviknight|75/100 brn|[from] Recoil
|
|-heal|p2a: Mabosstiff|46/100 slp|[from] Grassy Terrain
|-damage|p1a: Corviknight|69/100 brn|[from] brn
|upkeep
|turn|62
|
|t:|1769427075
|-curestatus|p2a: Mabosstiff|slp|[msg]
|move|p2a: Mabosstiff|Hone Claws|p2a: Mabosstiff
|-boost|p2a: Mabosstiff|atk|1
|-boost|p2a: Mabosstiff|accuracy|1
|move|p1a: Corviknight|Roost|p1a: Corviknight
|-heal|p1a: Corviknight|100/100 brn
|-singleturn|p1a: Corviknight|move: Roost
|
|-heal|p2a: Mabosstiff|52/100|[from] Grassy Terrain
|-damage|p1a: Corviknight|94/100 brn|[from] brn
|-fieldend|move: Grassy Terrain
|upkeep
|turn|63
|
|t:|1769427088
|move|p2a: Mabosstiff|Jaw Lock|p1a: Corviknight
|-damage|p1a: Corviknight|58/100 brn
|-activate|p2a: Mabosstiff|trapped
|-activate|p1a: Corviknight|trapped
|move|p1a: Corviknight|Brave Bird|p2a: Mabosstiff
|-supereffective|p2a: Mabosstiff
|-crit|p2a: Mabosstiff
|-damage|p2a: Mabosstiff|0 fnt
|faint|p2a: Mabosstiff
|-damage|p1a: Corviknight|42/100 brn|[from] Recoil
|
|-damage|p1a: Corviknight|36/100 brn|[from] brn
|upkeep
|
|t:|1769427096
|switch|p2a: Okidogi|Okidogi, M|45/100
|-damage|p2a: Okidogi|39/100|[from] Stealth Rock
|turn|64
|
|t:|1769427103
|move|p2a: Okidogi|Close Combat|p1a: Corviknight
|-damage|p1a: Corviknight|0 fnt
|-unboost|p2a: Okidogi|def|1
|-unboost|p2a: Okidogi|spd|1
|faint|p1a: Corviknight
|
|win|Loccdawg
|raw|Silver backGX's rating: 1188 &rarr; <strong>1162</strong><br />(-26 for losing)
|raw|Loccdawg's rating: 1177 &rarr; <strong>1203</strong><br />(+26 for winning)
|l|☆Silver backGX
|player|p1|
