|j|☆Narchica
|j|☆thri-keen
|t:|1769443157
|gametype|singles
|player|p1|Narchica|cynthia-gen4|1196
|player|p2|thri-keen|gambler|1198
|gen|9
|tier|[Gen 9] OU
|rated|
|rule|HP Percentage Mod: HP is shown in percentages
|rule|Endless Battle Clause: Forcing endless battles is banned
|rule|Species Clause: Limit one of each Pokémon
|rule|OHKO Clause: OHKO moves are banned
|rule|Evasion Items Clause: Evasion items are banned
|rule|Evasion Moves Clause: Evasion moves are banned
|rule|Evasion Abilities Clause: Evasion abilities are banned
|rule|Sleep Moves Clause: Sleep-inducing moves are banned
|clearpoke
|poke|p1|Drednaw, M|
|poke|p1|Pelipper, F|
|poke|p1|Indeedee, M|
|poke|p1|Hatterene, F|
|poke|p1|Barraskewda, F|
|poke|p1|Samurott-Hisui, F|
|poke|p2|Sceptile, M|
|poke|p2|Galvantula, M|
|poke|p2|Alcremie-Mint-Cream, F|
|poke|p2|Ceruledge, M|
|poke|p2|Forretress, M|
|poke|p2|Staraptor, M|
|teampreview
|
|t:|1769443173
|teamsize|p1|6
|teamsize|p2|6
|start
|switch|p1a: Samurott|Samurott-Hisui, F|100/100
|switch|p2a: Galvantula|Galvantula, M, shiny|100/100
|turn|1
|
|t:|1769443182
|move|p2a: Galvantula|Thunder|p1a: Samurott
|-supereffective|p1a: Samurott
|-enditem|p1a: Samurott|Focus Sash
|-damage|p1a: Samurott|1/100
|move|p1a: Samurott|Ceaseless Edge|p2a: Galvantula
|-damage|p2a: Galvantula|23/100
|-sidestart|p2: thri-keen|Spikes
|
|upkeep
|turn|2
|
|t:|1769443197
|switch|p1a: Hatterene|Hatterene, F|100/100
|move|p2a: Galvantula|Bug Buzz|p1a: Hatterene
|-damage|p1a: Hatterene|60/100
|-unboost|p1a: Hatterene|spd|1
|
|-heal|p1a: Hatterene|66/100|[from] item: Leftovers
|upkeep
|turn|3
|
|t:|1769443208
|move|p2a: Galvantula|Bug Buzz|p1a: Hatterene
|-damage|p1a: Hatterene|6/100
|move|p1a: Hatterene|Draining Kiss|p2a: Galvantula
|-damage|p2a: Galvantula|0 fnt
|-heal|p1a: Hatterene|21/100|[from] drain|[of] p2a: Galvantula
|faint|p2a: Galvantula
|
|-heal|p1a: Hatterene|27/100|[from] item: Leftovers
|upkeep
|
|t:|1769443234
|switch|p2a: Alcremie|Alcremie-Mint-Cream, F|100/100
|-damage|p2a: Alcremie|88/100|[from] Spikes
|turn|4
|
|t:|1769443240
|move|p2a: Alcremie|Acid Armor|p2a: Alcremie
|-boost|p2a: Alcremie|def|2
|move|p1a: Hatterene|Psyshock|p2a: Alcremie
|-damage|p2a: Alcremie|64/100
|
|-heal|p2a: Alcremie|70/100|[from] item: Leftovers
|-heal|p1a: Hatterene|33/100|[from] item: Leftovers
|upkeep
|turn|5
|
|t:|1769443255
|-terastallize|p2a: Alcremie|Steel
|move|p2a: Alcremie|Acid Armor|p2a: Alcremie
|-boost|p2a: Alcremie|def|2
|move|p1a: Hatterene|Draining Kiss|p2a: Alcremie
|-resisted|p2a: Alcremie
|-damage|p2a: Alcremie|60/100
|-heal|p1a: Hatterene|41/100|[from] drain|[of] p2a: Alcremie
|
|-heal|p2a: Alcremie|66/100|[from] item: Leftovers
|-heal|p1a: Hatterene|47/100|[from] item: Leftovers
|upkeep
|turn|6
|
|t:|1769443267
|move|p2a: Alcremie|Calm Mind|p2a: Alcremie
|-boost|p2a: Alcremie|spa|1
|-boost|p2a: Alcremie|spd|1
|move|p1a: Hatterene|Nuzzle|p2a: Alcremie
|-damage|p2a: Alcremie|64/100
|-status|p2a: Alcremie|par
|
|-heal|p1a: Hatterene|53/100|[from] item: Leftovers
|-heal|p2a: Alcremie|70/100 par|[from] item: Leftovers
|upkeep
|turn|7
|
|t:|1769443281
|switch|p1a: Pelipper|Pelipper, F|100/100
|-weather|RainDance|[from] ability: Drizzle|[of] p1a: Pelipper
|cant|p2a: Alcremie|par
|
|-weather|RainDance|[upkeep]
|-heal|p2a: Alcremie|76/100 par|[from] item: Leftovers
|upkeep
|turn|8
|
|t:|1769443296
|move|p1a: Pelipper|Weather Ball|p2a: Alcremie
|-damage|p2a: Alcremie|48/100 par
|move|p2a: Alcremie|Stored Power|p1a: Pelipper
|-damage|p1a: Pelipper|0 fnt
|faint|p1a: Pelipper
|
|-weather|RainDance|[upkeep]
|-heal|p2a: Alcremie|54/100 par|[from] item: Leftovers
|upkeep
|
|t:|1769443303
|switch|p1a: Barraskewda|Barraskewda, F|100/100
|turn|9
|
|t:|1769443313
|move|p1a: Barraskewda|Close Combat|p2a: Alcremie
|-supereffective|p2a: Alcremie
|-damage|p2a: Alcremie|0 fnt
|-unboost|p1a: Barraskewda|def|1
|-unboost|p1a: Barraskewda|spd|1
|faint|p2a: Alcremie
|
|-weather|RainDance|[upkeep]
|upkeep
|
|t:|1769443337
|switch|p2a: Forretress|Forretress, M|100/100
|-damage|p2a: Forretress|88/100|[from] Spikes
|turn|10
|
|t:|1769443352
|switch|p1a: Hatterene|Hatterene, F|53/100
|move|p2a: Forretress|Rapid Spin|p1a: Hatterene
|-damage|p1a: Hatterene|40/100
|-boost|p2a: Forretress|spe|1
|-sideend|p2: thri-keen|Spikes|[from] move: Rapid Spin|[of] p2a: Forretress
|
|-weather|RainDance|[upkeep]
|-heal|p1a: Hatterene|46/100|[from] item: Leftovers
|upkeep
|turn|11
|
|t:|1769443371
|move|p2a: Forretress|Explosion|p1a: Hatterene
|-damage|p1a: Hatterene|0 fnt
|faint|p2a: Forretress
|faint|p1a: Hatterene
|
|-weather|RainDance|[upkeep]
|upkeep
|
|t:|1769443398
|switch|p1a: Drednaw|Drednaw, M|100/100
|switch|p2a: Sceptile|Sceptile, M, shiny|100/100
|turn|12
|
|t:|1769443407
|-terastallize|p1a: Drednaw|Dark
|move|p1a: Drednaw|Shell Smash|p1a: Drednaw
|-unboost|p1a: Drednaw|def|1
|-unboost|p1a: Drednaw|spd|1
|-boost|p1a: Drednaw|atk|2
|-boost|p1a: Drednaw|spa|2
|-boost|p1a: Drednaw|spe|2
|-enditem|p1a: Drednaw|White Herb
|-clearnegativeboost|p1a: Drednaw|[silent]
|move|p2a: Sceptile|Roar|p1a: Drednaw
|-enditem|p2a: Sceptile|Throat Spray
|-boost|p2a: Sceptile|spa|1|[from] item: Throat Spray
|drag|p1a: Samurott|Samurott-Hisui, F|1/100
|
|-weather|RainDance|[upkeep]
|upkeep
|turn|13
|
|t:|1769443425
|move|p1a: Samurott|Aqua Jet|p2a: Sceptile
|-resisted|p2a: Sceptile
|-damage|p2a: Sceptile|78/100
|move|p2a: Sceptile|Energy Ball|p1a: Samurott
|-supereffective|p1a: Samurott
|-damage|p1a: Samurott|0 fnt
|faint|p1a: Samurott
|
|-weather|RainDance|[upkeep]
|upkeep
|
|t:|1769443433
|switch|p1a: Barraskewda|Barraskewda, F|100/100
|turn|14
|
|t:|1769443439
|move|p1a: Barraskewda|Liquidation|p2a: Sceptile
|-resisted|p2a: Sceptile
|-damage|p2a: Sceptile|0 fnt
|faint|p2a: Sceptile
|
|-weather|none
|upkeep
|
|t:|1769443459
|switch|p2a: Ceruledge|Ceruledge, M|100/100
|turn|15
|
|t:|1769443464
|move|p2a: Ceruledge|Endure|p2a: Ceruledge
|-singleturn|p2a: Ceruledge|move: Endure
|move|p1a: Barraskewda|Liquidation|p2a: Ceruledge
|-supereffective|p2a: Ceruledge
|-activate|p2a: Ceruledge|move: Endure
|-damage|p2a: Ceruledge|1/100
|-ability|p2a: Ceruledge|Weak Armor|boost
|-unboost|p2a: Ceruledge|def|1
|-boost|p2a: Ceruledge|spe|2
|-enditem|p2a: Ceruledge|Weakness Policy
|-boost|p2a: Ceruledge|atk|2|[from] item: Weakness Policy
|-boost|p2a: Ceruledge|spa|2|[from] item: Weakness Policy
|
|upkeep
|turn|16
|
|t:|1769443477
|switch|p1a: Indeedee|Indeedee, M|100/100
|-fieldstart|move: Psychic Terrain|[from] ability: Psychic Surge|[of] p1a: Indeedee
|move|p2a: Ceruledge|Shadow Claw|p1a: Indeedee
|-immune|p1a: Indeedee
|
|upkeep
|turn|17
|
|t:|1769443491
|move|p2a: Ceruledge|Bitter Blade|p1a: Indeedee
|-damage|p1a: Indeedee|0 fnt
|-heal|p2a: Ceruledge|46/100|[from] drain|[of] p1a: Indeedee
|faint|p1a: Indeedee
|
|upkeep
|
|t:|1769443503
|switch|p1a: Drednaw|Drednaw, M, tera:Dark|100/100
|turn|18
|
|t:|1769443512
|move|p2a: Ceruledge|Bitter Blade|p1a: Drednaw
|-damage|p1a: Drednaw|0 fnt
|-heal|p2a: Ceruledge|100/100|[from] drain|[of] p1a: Drednaw
|faint|p1a: Drednaw
|
|upkeep
|-message|Narchica forfeited.
|
|win|thri-keen
|raw|Narchica's rating: 1196 &rarr; <strong>1171</strong><br />(-25 for losing)
|raw|thri-keen's rating: 1198 &rarr; <strong>1223</strong><br />(+25 for winning)
|l|☆Narchica
|player|p1|
|l|☆thri-keen
|player|p2|
