|j|☆Loccdawg
|j|☆mlbb sun pro
|t:|1769428541
|gametype|singles
|player|p1|Loccdawg|101|1181
|player|p2|mlbb sun pro|unknownf|1269
|gen|9
|tier|[Gen 9] OU
|rated|
|rule|HP Percentage Mod: HP is shown in percentages
|rule|Endless Battle Clause: Forcing endless battles is banned
|rule|Species Clause: Limit one of each Pokémon
|rule|OHKO Clause: OHKO moves are banned
|rule|Evasion Items Clause: Evasion items are banned
|rule|Evasion Moves Clause: Evasion moves are banned
|rule|Evasion Abilities Clause: Evasion abilities are banned
|rule|Sleep Moves Clause: Sleep-inducing moves are banned
|clearpoke
|poke|p1|Rillaboom, M|
|poke|p1|Dachsbun, F|
|poke|p1|Mabosstiff, M|
|poke|p1|Houndstone, F|
|poke|p1|Okidogi, M|
|poke|p1|Deoxys-Speed|
|poke|p2|Glimmora, F|
|poke|p2|Great Tusk|
|poke|p2|Weezing-Galar, F|
|poke|p2|Rillaboom, M|
|poke|p2|Kingambit, F|
|poke|p2|Darkrai|
|teampreview
|inactive|Battle timer is ON: inactive players will automatically lose when time's up. (requested by mlbb sun pro)
|
|t:|1769428568
|teamsize|p1|6
|teamsize|p2|6
|start
|switch|p1a: Okidogi|Okidogi, M|100/100
|switch|p2a: Weezing|Weezing-Galar, F|100/100
|turn|1
|
|t:|1769428578
|move|p1a: Okidogi|Gunk Shot|p2a: Weezing
|-damage|p2a: Weezing|39/100
|move|p2a: Weezing|Substitute|p2a: Weezing
|-start|p2a: Weezing|Substitute
|-damage|p2a: Weezing|14/100
|
|-heal|p2a: Weezing|20/100|[from] item: Leftovers
|upkeep
|turn|2
|
|t:|1769428589
|move|p1a: Okidogi|Gunk Shot|p2a: Weezing
|-end|p2a: Weezing|Substitute
|move|p2a: Weezing|Strange Steam|p1a: Okidogi
|-crit|p1a: Okidogi
|-damage|p1a: Okidogi|36/100
|
|-heal|p2a: Weezing|26/100|[from] item: Leftovers
|upkeep
|turn|3
|
|t:|1769428598
|switch|p2a: Kingambit|Kingambit, F|100/100
|move|p1a: Okidogi|Gunk Shot|p2a: Kingambit
|-immune|p2a: Kingambit
|
|upkeep
|turn|4
|
|t:|1769428605
|switch|p1a: Rillaboom|Rillaboom, M|100/100
|-fieldstart|move: Grassy Terrain|[from] ability: Grassy Surge|[of] p1a: Rillaboom
|-end|p2a: Kingambit|fallenundefined|[silent]
|switch|p2a: Glimmora|Glimmora, F|100/100
|
|upkeep
|turn|5
|
|t:|1769428623
|move|p2a: Glimmora|Spikes|p1a: Rillaboom
|-sidestart|p1: Loccdawg|Spikes
|move|p1a: Rillaboom|Wood Hammer|p2a: Glimmora
|-damage|p2a: Glimmora|35/100
|-activate|p2a: Glimmora|ability: Toxic Debris
|-sidestart|p1: Loccdawg|move: Toxic Spikes
|-damage|p1a: Rillaboom|82/100|[from] Recoil
|
|-heal|p2a: Glimmora|41/100|[from] Grassy Terrain
|-heal|p1a: Rillaboom|88/100|[from] Grassy Terrain
|upkeep
|turn|6
|
|t:|1769428632
|move|p2a: Glimmora|Sludge Bomb|p1a: Rillaboom
|-supereffective|p1a: Rillaboom
|-damage|p1a: Rillaboom|22/100
|-status|p1a: Rillaboom|psn
|move|p1a: Rillaboom|U-turn|p2a: Glimmora
|-resisted|p2a: Glimmora
|-damage|p2a: Glimmora|31/100
|-activate|p2a: Glimmora|ability: Toxic Debris
|-sidestart|p1: Loccdawg|move: Toxic Spikes
|
|t:|1769428635
|switch|p1a: Okidogi|Okidogi, M|36/100|[from] U-turn
|-damage|p1a: Okidogi|24/100|[from] Spikes
|-sideend|p1: Loccdawg|move: Toxic Spikes|[of] p1a: Okidogi
|
|-heal|p1a: Okidogi|30/100|[from] Grassy Terrain
|-heal|p2a: Glimmora|37/100|[from] Grassy Terrain
|upkeep
|turn|7
|
|t:|1769428649
|move|p1a: Okidogi|Close Combat|p2a: Glimmora
|-damage|p2a: Glimmora|0 fnt
|-unboost|p1a: Okidogi|def|1
|-unboost|p1a: Okidogi|spd|1
|-activate|p2a: Glimmora|ability: Toxic Debris
|-sidestart|p1: Loccdawg|move: Toxic Spikes
|faint|p2a: Glimmora
|
|-heal|p1a: Okidogi|36/100|[from] Grassy Terrain
|upkeep
|
|t:|1769428662
|switch|p2a: Darkrai|Darkrai|100/100
|turn|8
|
|t:|1769428667
|move|p1a: Okidogi|Close Combat|p2a: Darkrai
|-supereffective|p2a: Darkrai
|-damage|p2a: Darkrai|0 fnt
|-unboost|p1a: Okidogi|def|1
|-unboost|p1a: Okidogi|spd|1
|faint|p2a: Darkrai
|
|-heal|p1a: Okidogi|42/100|[from] Grassy Terrain
|upkeep
|
|t:|1769428675
|switch|p2a: Great Tusk|Great Tusk|100/100
|-enditem|p2a: Great Tusk|Booster Energy
|-activate|p2a: Great Tusk|ability: Protosynthesis|[fromitem]
|-start|p2a: Great Tusk|protosynthesisatk
|turn|9
|
|t:|1769428681
|move|p1a: Okidogi|Close Combat|p2a: Great Tusk
|-damage|p2a: Great Tusk|57/100
|-unboost|p1a: Okidogi|def|1
|-unboost|p1a: Okidogi|spd|1
|move|p2a: Great Tusk|Rapid Spin|p1a: Okidogi
|-damage|p1a: Okidogi|0 fnt
|-boost|p2a: Great Tusk|spe|1
|faint|p1a: Okidogi
|
|-heal|p2a: Great Tusk|64/100|[from] Grassy Terrain
|upkeep
|
|t:|1769428692
|switch|p1a: Rillaboom|Rillaboom, M|22/100 psn
|-damage|p1a: Rillaboom|9/100 psn|[from] Spikes
|turn|10
|
|t:|1769428702
|-terastallize|p2a: Great Tusk|Steel
|move|p1a: Rillaboom|Grassy Glide|p2a: Great Tusk
|-resisted|p2a: Great Tusk
|-damage|p2a: Great Tusk|51/100
|move|p2a: Great Tusk|Rapid Spin|p1a: Rillaboom
|-damage|p1a: Rillaboom|0 fnt
|-boost|p2a: Great Tusk|spe|1
|faint|p1a: Rillaboom
|
|-heal|p2a: Great Tusk|58/100|[from] Grassy Terrain
|upkeep
|inactive|Loccdawg has 120 seconds left.
|
|t:|1769428727
|switch|p1a: Mabosstiff|Mabosstiff, M, shiny|100/100
|-damage|p1a: Mabosstiff|88/100|[from] Spikes
|-status|p1a: Mabosstiff|psn
|-ability|p1a: Mabosstiff|Intimidate|boost
|-unboost|p2a: Great Tusk|atk|1
|-enditem|p1a: Mabosstiff|Grassy Seed
|-boost|p1a: Mabosstiff|def|1|[from] item: Grassy Seed
|turn|11
|
|t:|1769428737
|-terastallize|p1a: Mabosstiff|Bug
|move|p2a: Great Tusk|Close Combat|p1a: Mabosstiff
|-resisted|p1a: Mabosstiff
|-damage|p1a: Mabosstiff|72/100 psn
|-unboost|p2a: Great Tusk|def|1
|-unboost|p2a: Great Tusk|spd|1
|move|p1a: Mabosstiff|Jaw Lock|p2a: Great Tusk
|-damage|p2a: Great Tusk|21/100
|-activate|p1a: Mabosstiff|trapped
|-activate|p2a: Great Tusk|trapped
|
|-heal|p2a: Great Tusk|27/100|[from] Grassy Terrain
|-heal|p1a: Mabosstiff|78/100 psn|[from] Grassy Terrain
|-damage|p1a: Mabosstiff|66/100 psn|[from] psn
|-fieldend|move: Grassy Terrain
|upkeep
|turn|12
|
|t:|1769428750
|move|p2a: Great Tusk|Supercell Slam|p1a: Mabosstiff
|-damage|p1a: Mabosstiff|50/100 psn
|move|p1a: Mabosstiff|Rest|p1a: Mabosstiff
|-status|p1a: Mabosstiff|slp|[from] move: Rest
|-heal|p1a: Mabosstiff|100/100 slp|[silent]
|
|upkeep
|turn|13
|
|t:|1769428759
|move|p2a: Great Tusk|Headlong Rush|p1a: Mabosstiff
|-resisted|p1a: Mabosstiff
|-damage|p1a: Mabosstiff|84/100 slp
|-unboost|p2a: Great Tusk|def|1
|-unboost|p2a: Great Tusk|spd|1
|cant|p1a: Mabosstiff|slp
|
|upkeep
|turn|14
|
|t:|1769428773
|move|p2a: Great Tusk|Headlong Rush|p1a: Mabosstiff
|-resisted|p1a: Mabosstiff
|-damage|p1a: Mabosstiff|68/100 slp
|-unboost|p2a: Great Tusk|def|1
|-unboost|p2a: Great Tusk|spd|1
|cant|p1a: Mabosstiff|slp
|
|upkeep
|turn|15
|
|t:|1769428778
|move|p2a: Great Tusk|Supercell Slam|p1a: Mabosstiff
|-damage|p1a: Mabosstiff|49/100 slp
|-curestatus|p1a: Mabosstiff|slp|[msg]
|move|p1a: Mabosstiff|Hone Claws|p1a: Mabosstiff
|-boost|p1a: Mabosstiff|atk|1
|-boost|p1a: Mabosstiff|accuracy|1
|
|upkeep
|turn|16
|
|t:|1769428796
|move|p2a: Great Tusk|Supercell Slam|p1a: Mabosstiff
|-damage|p1a: Mabosstiff|31/100
|move|p1a: Mabosstiff|Hone Claws|p1a: Mabosstiff
|-boost|p1a: Mabosstiff|atk|1
|-boost|p1a: Mabosstiff|accuracy|1
|
|upkeep
|turn|17
|
|t:|1769428808
|move|p2a: Great Tusk|Supercell Slam|p1a: Mabosstiff
|-damage|p1a: Mabosstiff|14/100
|move|p1a: Mabosstiff|Rest|p1a: Mabosstiff
|-status|p1a: Mabosstiff|slp|[from] move: Rest
|-heal|p1a: Mabosstiff|100/100 slp|[silent]
|
|upkeep
|turn|18
|
|t:|1769428820
|move|p2a: Great Tusk|Supercell Slam|p1a: Mabosstiff
|-crit|p1a: Mabosstiff
|-damage|p1a: Mabosstiff|41/100 slp
|cant|p1a: Mabosstiff|slp
|
|upkeep
|turn|19
|
|t:|1769428834
|move|p2a: Great Tusk|Supercell Slam|p1a: Mabosstiff
|-damage|p1a: Mabosstiff|24/100 slp
|cant|p1a: Mabosstiff|slp
|
|upkeep
|turn|20
|
|t:|1769428839
|move|p2a: Great Tusk|Supercell Slam|p1a: Mabosstiff
|-damage|p1a: Mabosstiff|6/100 slp
|-curestatus|p1a: Mabosstiff|slp|[msg]
|move|p1a: Mabosstiff|Rest|p1a: Mabosstiff
|-status|p1a: Mabosstiff|slp|[from] move: Rest
|-heal|p1a: Mabosstiff|100/100 slp|[silent]
|
|upkeep
|turn|21
|
|t:|1769428843
|move|p2a: Great Tusk|Supercell Slam|p1a: Mabosstiff
|-damage|p1a: Mabosstiff|82/100 slp
|cant|p1a: Mabosstiff|slp
|
|upkeep
|turn|22
|
|t:|1769428851
|move|p2a: Great Tusk|Supercell Slam|p1a: Mabosstiff
|-damage|p1a: Mabosstiff|65/100 slp
|cant|p1a: Mabosstiff|slp
|
|upkeep
|turn|23
|
|t:|1769428870
|move|p2a: Great Tusk|Supercell Slam|p1a: Mabosstiff
|-damage|p1a: Mabosstiff|47/100 slp
|-curestatus|p1a: Mabosstiff|slp|[msg]
|move|p1a: Mabosstiff|Trailblaze|p2a: Great Tusk
|-resisted|p2a: Great Tusk
|-damage|p2a: Great Tusk|3/100
|-boost|p1a: Mabosstiff|spe|1
|
|upkeep
|turn|24
|inactive|Loccdawg has 120 seconds left.
|
|t:|1769428898
|move|p2a: Great Tusk|Supercell Slam|p1a: Mabosstiff
|-damage|p1a: Mabosstiff|29/100
|move|p1a: Mabosstiff|Rest|p1a: Mabosstiff
|-status|p1a: Mabosstiff|slp|[from] move: Rest
|-heal|p1a: Mabosstiff|100/100 slp|[silent]
|
|upkeep
|turn|25
|
|t:|1769428909
|move|p2a: Great Tusk|Supercell Slam|p1a: Mabosstiff
|-crit|p1a: Mabosstiff
|-damage|p1a: Mabosstiff|38/100 slp
|cant|p1a: Mabosstiff|slp
|
|upkeep
|turn|26
|c|☆Loccdawg|Two crits no misses
|inactive|Loccdawg has 120 seconds left.
|
|t:|1769428929
|move|p2a: Great Tusk|Supercell Slam|p1a: Mabosstiff
|-damage|p1a: Mabosstiff|20/100 slp
|cant|p1a: Mabosstiff|slp
|
|upkeep
|turn|27
|
|t:|1769428934
|move|p2a: Great Tusk|Supercell Slam|p1a: Mabosstiff
|-damage|p1a: Mabosstiff|3/100 slp
|-curestatus|p1a: Mabosstiff|slp|[msg]
|move|p1a: Mabosstiff|Rest|p1a: Mabosstiff
|-status|p1a: Mabosstiff|slp|[from] move: Rest
|-heal|p1a: Mabosstiff|100/100 slp|[silent]
|
|upkeep
|turn|28
|
|t:|1769428940
|move|p2a: Great Tusk|Supercell Slam|p1a: Mabosstiff
|-damage|p1a: Mabosstiff|83/100 slp
|cant|p1a: Mabosstiff|slp
|
|upkeep
|turn|29
|c|☆mlbb sun pro|one miss pld
|c|☆mlbb sun pro|s
|
|t:|1769428951
|move|p2a: Great Tusk|Supercell Slam|p1a: Mabosstiff
|-damage|p1a: Mabosstiff|64/100 slp
|cant|p1a: Mabosstiff|slp
|
|upkeep
|turn|30
|
|t:|1769428954
|move|p2a: Great Tusk|Supercell Slam|p1a: Mabosstiff
|-damage|p1a: Mabosstiff|45/100 slp
|-curestatus|p1a: Mabosstiff|slp|[msg]
|move|p1a: Mabosstiff|Trailblaze|p2a: Great Tusk
|-resisted|p2a: Great Tusk
|-damage|p2a: Great Tusk|0 fnt
|-boost|p1a: Mabosstiff|spe|1
|faint|p2a: Great Tusk
|-end|p2a: Great Tusk|Protosynthesis|[silent]
|
|upkeep
|
|t:|1769428964
|switch|p2a: Rillaboom|Rillaboom, M|100/100
|-fieldstart|move: Grassy Terrain|[from] ability: Grassy Surge|[of] p2a: Rillaboom
|turn|31
|
|t:|1769428984
|move|p1a: Mabosstiff|Jaw Lock|p2a: Rillaboom
|-damage|p2a: Rillaboom|37/100
|-activate|p1a: Mabosstiff|trapped
|-activate|p2a: Rillaboom|trapped
|move|p2a: Rillaboom|Swords Dance|p2a: Rillaboom
|-boost|p2a: Rillaboom|atk|2
|
|-heal|p1a: Mabosstiff|51/100|[from] Grassy Terrain
|-heal|p2a: Rillaboom|43/100|[from] Grassy Terrain
|upkeep
|turn|32
|
|t:|1769428993
|move|p2a: Rillaboom|Grassy Glide|p1a: Mabosstiff
|-resisted|p1a: Mabosstiff
|-damage|p1a: Mabosstiff|30/100
|move|p1a: Mabosstiff|Jaw Lock|p2a: Rillaboom
|-damage|p2a: Rillaboom|0 fnt
|faint|p2a: Rillaboom
|
|-heal|p1a: Mabosstiff|36/100|[from] Grassy Terrain
|upkeep
|
|t:|1769428997
|switch|p2a: Kingambit|Kingambit, F|100/100
|-activate|p2a: Kingambit|ability: Supreme Overlord
|-start|p2a: Kingambit|fallen4|[silent]
|turn|33
|
|t:|1769429017
|move|p1a: Mabosstiff|Jaw Lock|p2a: Kingambit
|-resisted|p2a: Kingambit
|-damage|p2a: Kingambit|75/100
|-activate|p1a: Mabosstiff|trapped
|-activate|p2a: Kingambit|trapped
|move|p2a: Kingambit|Swords Dance|p2a: Kingambit
|-boost|p2a: Kingambit|atk|2
|
|-heal|p1a: Mabosstiff|42/100|[from] Grassy Terrain
|-heal|p2a: Kingambit|82/100|[from] Grassy Terrain
|upkeep
|turn|34
|
|t:|1769429026
|move|p1a: Mabosstiff|Jaw Lock|p2a: Kingambit
|-resisted|p2a: Kingambit
|-damage|p2a: Kingambit|57/100
|move|p2a: Kingambit|Swords Dance|p2a: Kingambit
|-boost|p2a: Kingambit|atk|2
|
|-heal|p1a: Mabosstiff|48/100|[from] Grassy Terrain
|-heal|p2a: Kingambit|64/100|[from] Grassy Terrain
|upkeep
|turn|35
|
|t:|1769429034
|move|p1a: Mabosstiff|Jaw Lock|p2a: Kingambit
|-resisted|p2a: Kingambit
|-damage|p2a: Kingambit|40/100
|move|p2a: Kingambit|Kowtow Cleave|p1a: Mabosstiff
|-damage|p1a: Mabosstiff|0 fnt
|faint|p1a: Mabosstiff
|
|-heal|p2a: Kingambit|46/100|[from] Grassy Terrain
|-fieldend|move: Grassy Terrain
|upkeep
|c|☆mlbb sun pro|uh oh
|
|t:|1769429054
|switch|p1a: Houndstone|Houndstone, F, shiny|100/100
|-damage|p1a: Houndstone|88/100|[from] Spikes
|-status|p1a: Houndstone|psn
|turn|36
|
|t:|1769429061
|move|p2a: Kingambit|Sucker Punch||[still]
|-fail|p2a: Kingambit
|move|p1a: Houndstone|Will-O-Wisp|p2a: Kingambit|[miss]
|-miss|p1a: Houndstone|p2a: Kingambit
|
|-damage|p1a: Houndstone|76/100 psn|[from] psn
|upkeep
|turn|37
|c|☆Loccdawg|Lol
|
|t:|1769429074
|move|p1a: Houndstone|Will-O-Wisp|p2a: Kingambit
|-status|p2a: Kingambit|brn
|move|p2a: Kingambit|Kowtow Cleave|p1a: Houndstone
|-supereffective|p1a: Houndstone
|-damage|p1a: Houndstone|0 fnt
|-damage|p2a: Kingambit|30/100 brn|[from] item: Rocky Helmet|[of] p1a: Houndstone
|faint|p1a: Houndstone
|
|-damage|p2a: Kingambit|23/100 brn|[from] brn
|upkeep
|
|t:|1769429078
|switch|p1a: Dachsbun|Dachsbun, F|100/100
|-damage|p1a: Dachsbun|88/100|[from] Spikes
|-status|p1a: Dachsbun|psn
|turn|38
|
|t:|1769429088
|move|p2a: Kingambit|Sucker Punch|p1a: Dachsbun
|-resisted|p1a: Dachsbun
|-crit|p1a: Dachsbun
|-damage|p1a: Dachsbun|26/100 psn
|move|p1a: Dachsbun|Body Press|p2a: Kingambit
|-supereffective|p2a: Kingambit
|-damage|p2a: Kingambit|0 fnt
|faint|p2a: Kingambit
|-end|p2a: Kingambit|fallen4|[silent]
|
|-damage|p1a: Dachsbun|14/100 psn|[from] psn
|upkeep
|
|t:|1769429094
|switch|p2a: Weezing|Weezing-Galar, F|26/100
|turn|39
|c|☆mlbb sun pro|p
|c|☆Loccdawg|Go play the lottery
|
|t:|1769429109
|move|p1a: Dachsbun|Psychic Fangs|p2a: Weezing
|-supereffective|p2a: Weezing
|-damage|p2a: Weezing|0 fnt
|faint|p2a: Weezing
|
|win|Loccdawg
|raw|Loccdawg's rating: 1181 &rarr; <strong>1212</strong><br />(+31 for winning)
|raw|mlbb sun pro's rating: 1269 &rarr; <strong>1238</strong><br />(-31 for losing)
|c|☆Loccdawg|You’ll win
|l|☆Loccdawg
|player|p1|
