|j|☆kindagoodish
|j|☆clouddaearth
|t:|1769332033
|gametype|singles
|player|p1|kindagoodish|2|1073
|player|p2|clouddaearth|170|1096
|gen|9
|tier|[Gen 9] OU
|rated|
|rule|HP Percentage Mod: HP is shown in percentages
|rule|Endless Battle Clause: Forcing endless battles is banned
|rule|Species Clause: Limit one of each Pokémon
|rule|OHKO Clause: OHKO moves are banned
|rule|Evasion Items Clause: Evasion items are banned
|rule|Evasion Moves Clause: Evasion moves are banned
|rule|Evasion Abilities Clause: Evasion abilities are banned
|rule|Sleep Moves Clause: Sleep-inducing moves are banned
|clearpoke
|poke|p1|Haxorus, M|
|poke|p1|Slowking-Galar, M|
|poke|p1|Great Tusk|
|poke|p1|Raging Bolt|
|poke|p1|Heatran, F|
|poke|p1|Ogerpon-Wellspring, F|
|poke|p2|Mabosstiff, M|
|poke|p2|Kommo-o, M|
|poke|p2|Donphan, F|
|poke|p2|Floatzel, M|
|poke|p2|Klefki, F|
|poke|p2|Rotom-Heat|
|teampreview
|inactive|Battle timer is ON: inactive players will automatically lose when time's up. (requested by clouddaearth)
|
|t:|1769332062
|teamsize|p1|6
|teamsize|p2|6
|start
|switch|p1a: Ogerpon|Ogerpon-Wellspring, F|100/100
|switch|p2a: Klefki|Klefki, F|100/100
|turn|1
|
|t:|1769332072
|switch|p1a: Heatran|Heatran, F|100/100
|move|p2a: Klefki|Spikes|p1a: Heatran
|-sidestart|p1: kindagoodish|Spikes
|
|upkeep
|turn|2
|
|t:|1769332080
|switch|p2a: Rotom|Rotom-Heat|100/100
|move|p1a: Heatran|Magma Storm|p2a: Rotom|[miss]
|-miss|p1a: Heatran|p2a: Rotom
|
|upkeep
|turn|3
|
|t:|1769332090
|move|p2a: Rotom|Trick|p1a: Heatran
|-activate|p2a: Rotom|move: Trick|[of] p1a: Heatran
|-item|p1a: Heatran|Choice Specs|[from] move: Trick
|-item|p2a: Rotom|Leftovers|[from] move: Trick
|move|p1a: Heatran|Stealth Rock|p2a: Rotom
|-sidestart|p2: clouddaearth|move: Stealth Rock
|
|upkeep
|turn|4
|
|t:|1769332099
|switch|p1a: Great Tusk|Great Tusk|100/100
|move|p2a: Rotom|Volt Switch|p1a: Great Tusk
|-immune|p1a: Great Tusk
|
|upkeep
|turn|5
|
|t:|1769332120
|move|p1a: Great Tusk|Rapid Spin|p2a: Rotom
|-damage|p2a: Rotom|78/100
|-boost|p1a: Great Tusk|spe|1
|-sideend|p1: kindagoodish|Spikes|[from] move: Rapid Spin|[of] p1a: Great Tusk
|move|p2a: Rotom|Will-O-Wisp|p1a: Great Tusk
|-status|p1a: Great Tusk|brn
|
|-heal|p2a: Rotom|84/100|[from] item: Leftovers
|-damage|p1a: Great Tusk|94/100 brn|[from] brn
|upkeep
|turn|6
|
|t:|1769332133
|-end|p1a: Great Tusk|Protosynthesis|[silent]
|switch|p1a: Ogerpon|Ogerpon-Wellspring, F|100/100
|move|p2a: Rotom|Overheat|p1a: Ogerpon
|-crit|p1a: Ogerpon
|-damage|p1a: Ogerpon|3/100
|-unboost|p2a: Rotom|spa|2
|
|-heal|p2a: Rotom|90/100|[from] item: Leftovers
|upkeep
|turn|7
|
|t:|1769332146
|switch|p2a: Klefki|Klefki, F|100/100
|-damage|p2a: Klefki|95/100|[from] Stealth Rock
|move|p1a: Ogerpon|Ivy Cudgel|p2a: Klefki|[anim] Ivy Cudgel Water
|-damage|p2a: Klefki|23/100
|
|upkeep
|turn|8
|
|t:|1769332156
|move|p2a: Klefki|Rain Dance|p2a: Klefki
|-weather|RainDance
|move|p1a: Ogerpon|Swords Dance|p1a: Ogerpon
|-boost|p1a: Ogerpon|atk|2
|
|-weather|RainDance|[upkeep]
|upkeep
|turn|9
|
|t:|1769332163
|move|p2a: Klefki|Spikes|p1a: Ogerpon
|-sidestart|p1: kindagoodish|Spikes
|move|p1a: Ogerpon|Power Whip|p2a: Klefki
|-resisted|p2a: Klefki
|-damage|p2a: Klefki|0 fnt
|faint|p2a: Klefki
|
|-weather|RainDance|[upkeep]
|upkeep
|
|t:|1769332170
|switch|p2a: Floatzel|Floatzel, M, shiny|100/100
|-damage|p2a: Floatzel|88/100|[from] Stealth Rock
|turn|10
|
|t:|1769332177
|switch|p1a: Slowking|Slowking-Galar, M|100/100
|move|p2a: Floatzel|Low Kick|p1a: Slowking
|-resisted|p1a: Slowking
|-damage|p1a: Slowking|91/100
|
|-weather|RainDance|[upkeep]
|upkeep
|turn|11
|
|t:|1769332184
|switch|p2a: Mabosstiff|Mabosstiff, M|100/100
|-damage|p2a: Mabosstiff|88/100|[from] Stealth Rock
|move|p1a: Slowking|Future Sight|p2a: Mabosstiff
|-start|p1a: Slowking|move: Future Sight
|
|-weather|RainDance|[upkeep]
|upkeep
|turn|12
|
|t:|1769332189
|switch|p2a: Floatzel|Floatzel, M, shiny|88/100
|-damage|p2a: Floatzel|76/100|[from] Stealth Rock
|move|p1a: Slowking|Thunder Wave|p2a: Floatzel
|-status|p2a: Floatzel|par
|
|-weather|RainDance|[upkeep]
|upkeep
|turn|13
|
|t:|1769332198
|switch|p1a: Ogerpon|Ogerpon-Wellspring, F|3/100
|-damage|p1a: Ogerpon|0 fnt|[from] Spikes
|faint|p1a: Ogerpon
|move|p2a: Floatzel|Wave Crash|p1: Ogerpon|[notarget]
|-fail|p2a: Floatzel
|
|-weather|RainDance|[upkeep]
|-end|p2a: Floatzel|move: Future Sight
|-damage|p2a: Floatzel|0 fnt
|faint|p2a: Floatzel
|upkeep
|
|t:|1769332221
|switch|p1a: Great Tusk|Great Tusk|94/100 brn
|switch|p2a: Kommo-o|Kommo-o, M|100/100
|-damage|p2a: Kommo-o|94/100|[from] Stealth Rock
|turn|14
|
|t:|1769332226
|move|p1a: Great Tusk|Rapid Spin|p2a: Kommo-o
|-damage|p2a: Kommo-o|86/100
|-boost|p1a: Great Tusk|spe|1
|-sideend|p1: kindagoodish|Spikes|[from] move: Rapid Spin|[of] p1a: Great Tusk
|move|p2a: Kommo-o|Dragon Dance|p2a: Kommo-o
|-boost|p2a: Kommo-o|atk|1
|-boost|p2a: Kommo-o|spe|1
|
|-weather|RainDance|[upkeep]
|-damage|p1a: Great Tusk|88/100 brn|[from] brn
|upkeep
|turn|15
|
|t:|1769332238
|move|p1a: Great Tusk|Ice Spinner|p2a: Kommo-o
|-supereffective|p2a: Kommo-o
|-damage|p2a: Kommo-o|56/100
|move|p2a: Kommo-o|Ice Punch|p1a: Great Tusk
|-supereffective|p1a: Great Tusk
|-damage|p1a: Great Tusk|30/100 brn
|
|-weather|none
|-damage|p1a: Great Tusk|24/100 brn|[from] brn
|upkeep
|turn|16
|
|t:|1769332249
|-terastallize|p2a: Kommo-o|Ice
|move|p1a: Great Tusk|Ice Spinner|p2a: Kommo-o
|-resisted|p2a: Kommo-o
|-damage|p2a: Kommo-o|49/100
|move|p2a: Kommo-o|Dragon Dance|p2a: Kommo-o
|-boost|p2a: Kommo-o|atk|1
|-boost|p2a: Kommo-o|spe|1
|
|-damage|p1a: Great Tusk|18/100 brn|[from] brn
|upkeep
|turn|17
|
|t:|1769332259
|move|p2a: Kommo-o|Ice Punch|p1a: Great Tusk
|-supereffective|p1a: Great Tusk
|-damage|p1a: Great Tusk|0 fnt
|faint|p1a: Great Tusk
|-end|p1a: Great Tusk|Protosynthesis|[silent]
|
|upkeep
|
|t:|1769332268
|switch|p1a: Heatran|Heatran, F|100/100
|turn|18
|
|t:|1769332272
|move|p2a: Kommo-o|Close Combat|p1a: Heatran
|-supereffective|p1a: Heatran
|-damage|p1a: Heatran|0 fnt
|-unboost|p2a: Kommo-o|def|1
|-unboost|p2a: Kommo-o|spd|1
|faint|p1a: Heatran
|
|upkeep
|
|t:|1769332292
|switch|p1a: Raging Bolt|Raging Bolt|100/100
|-enditem|p1a: Raging Bolt|Booster Energy
|-activate|p1a: Raging Bolt|ability: Protosynthesis|[fromitem]
|-start|p1a: Raging Bolt|protosynthesisspa
|turn|19
|
|t:|1769332299
|-terastallize|p1a: Raging Bolt|Fairy
|move|p2a: Kommo-o|Dragon Dance|p2a: Kommo-o
|-boost|p2a: Kommo-o|atk|1
|-boost|p2a: Kommo-o|spe|1
|move|p1a: Raging Bolt|Calm Mind|p1a: Raging Bolt
|-boost|p1a: Raging Bolt|spa|1
|-boost|p1a: Raging Bolt|spd|1
|
|upkeep
|turn|20
|
|t:|1769332308
|move|p1a: Raging Bolt|Thunderclap||[still]
|-fail|p1a: Raging Bolt
|move|p2a: Kommo-o|Dragon Dance|p2a: Kommo-o
|-boost|p2a: Kommo-o|atk|1
|-boost|p2a: Kommo-o|spe|1
|
|upkeep
|turn|21
|
|t:|1769332314
|move|p1a: Raging Bolt|Thunderclap||[still]
|-fail|p1a: Raging Bolt
|move|p2a: Kommo-o|Dragon Dance|p2a: Kommo-o
|-boost|p2a: Kommo-o|atk|1
|-boost|p2a: Kommo-o|spe|1
|
|upkeep
|turn|22
|
|t:|1769332321
|move|p2a: Kommo-o|Dragon Dance|p2a: Kommo-o
|-boost|p2a: Kommo-o|atk|1
|-boost|p2a: Kommo-o|spe|1
|move|p1a: Raging Bolt|Thunderbolt|p2a: Kommo-o
|-damage|p2a: Kommo-o|0 fnt
|faint|p2a: Kommo-o
|
|upkeep
|
|t:|1769332325
|switch|p2a: Donphan|Donphan, F|100/100
|-damage|p2a: Donphan|94/100|[from] Stealth Rock
|turn|23
|
|t:|1769332331
|move|p1a: Raging Bolt|Calm Mind|p1a: Raging Bolt
|-boost|p1a: Raging Bolt|spa|1
|-boost|p1a: Raging Bolt|spd|1
|move|p2a: Donphan|Rapid Spin|p1a: Raging Bolt
|-damage|p1a: Raging Bolt|82/100
|-boost|p2a: Donphan|spe|1
|-sideend|p2: clouddaearth|Stealth Rock|[from] move: Rapid Spin|[of] p2a: Donphan
|
|upkeep
|turn|24
|
|t:|1769332338
|move|p1a: Raging Bolt|Dragon Pulse|p2a: Donphan
|-damage|p2a: Donphan|0 fnt
|faint|p2a: Donphan
|
|upkeep
|
|t:|1769332343
|switch|p2a: Mabosstiff|Mabosstiff, M|88/100
|turn|25
|
|t:|1769332349
|move|p1a: Raging Bolt|Thunderclap|p2a: Mabosstiff
|-damage|p2a: Mabosstiff|0 fnt
|faint|p2a: Mabosstiff
|
|upkeep
|
|t:|1769332352
|switch|p2a: Rotom|Rotom-Heat|90/100
|turn|26
|
|t:|1769332359
|move|p2a: Rotom|Overheat|p1a: Raging Bolt
|-damage|p1a: Raging Bolt|53/100
|-unboost|p2a: Rotom|spa|2
|move|p1a: Raging Bolt|Dragon Pulse|p2a: Rotom
|-damage|p2a: Rotom|0 fnt
|faint|p2a: Rotom
|
|win|kindagoodish
|raw|kindagoodish's rating: 1073 &rarr; <strong>1104</strong><br />(+31 for winning)
|raw|clouddaearth's rating: 1096 &rarr; <strong>1070</strong><br />(-26 for losing)
|l|☆clouddaearth
|player|p2|
|l|☆kindagoodish
|player|p1|
