|j|☆hkbkhjghc
|j|☆whiper123
|t:|1769405151
|gametype|singles
|player|p1|hkbkhjghc|cynthia|1111
|player|p2|whiper123|pokekid|1099
|gen|9
|tier|[Gen 9] OU
|rated|
|rule|HP Percentage Mod: HP is shown in percentages
|rule|Endless Battle Clause: Forcing endless battles is banned
|rule|Species Clause: Limit one of each Pokémon
|rule|OHKO Clause: OHKO moves are banned
|rule|Evasion Items Clause: Evasion items are banned
|rule|Evasion Moves Clause: Evasion moves are banned
|rule|Evasion Abilities Clause: Evasion abilities are banned
|rule|Sleep Moves Clause: Sleep-inducing moves are banned
|clearpoke
|poke|p1|Gallade, M|
|poke|p1|Kingambit, M|
|poke|p1|Gliscor, M|
|poke|p1|Primarina, F|
|poke|p1|Amoonguss, M|
|poke|p1|Incineroar, M|
|poke|p2|Cinderace, F|
|poke|p2|Kingambit, F|
|poke|p2|Galvantula, M|
|poke|p2|Gholdengo|
|poke|p2|Ogerpon, F|
|poke|p2|Milotic, M|
|teampreview
|inactive|Battle timer is ON: inactive players will automatically lose when time's up. (requested by whiper123)
|
|t:|1769405155
|teamsize|p1|6
|teamsize|p2|6
|start
|switch|p1a: Incineroar|Incineroar, M, shiny|100/100
|switch|p2a: Galvantula|Galvantula, M|100/100
|-ability|p1a: Incineroar|Intimidate|boost
|-unboost|p2a: Galvantula|atk|1
|turn|1
|
|t:|1769405164
|move|p1a: Incineroar|Fake Out|p2a: Galvantula
|-damage|p2a: Galvantula|86/100
|cant|p2a: Galvantula|flinch
|
|upkeep
|turn|2
|
|t:|1769405171
|move|p2a: Galvantula|Sticky Web|p1a: Incineroar
|-sidestart|p1: hkbkhjghc|move: Sticky Web
|move|p1a: Incineroar|Flare Blitz|p2a: Galvantula
|-supereffective|p2a: Galvantula
|-damage|p2a: Galvantula|0 fnt
|faint|p2a: Galvantula
|-damage|p1a: Incineroar|76/100|[from] Recoil
|
|-heal|p1a: Incineroar|82/100|[from] item: Leftovers
|upkeep
|
|t:|1769405183
|switch|p2a: Cinderace|Cinderace, F|100/100
|-item|p2a: Cinderace|Air Balloon
|turn|3
|
|t:|1769405195
|switch|p1a: Primarina|Primarina, F, shiny|100/100
|-activate|p1a: Primarina|move: Sticky Web
|-unboost|p1a: Primarina|spe|1
|move|p2a: Cinderace|Court Change|p2a: Cinderace
|-start|p2a: Cinderace|typechange|Normal|[from] ability: Libero
|-swapsideconditions
|-activate|p2a: Cinderace|move: Court Change
|
|upkeep
|turn|4
|
|t:|1769405206
|switch|p2a: Ogerpon|Ogerpon, F|100/100
|-activate|p2a: Ogerpon|move: Sticky Web
|-unboost|p2a: Ogerpon|spe|1
|-ability|p2a: Ogerpon|Defiant|boost
|-boost|p2a: Ogerpon|atk|2
|-enditem|p2a: Ogerpon|White Herb
|-clearnegativeboost|p2a: Ogerpon|[silent]
|move|p1a: Primarina|Moonblast|p2a: Ogerpon
|-damage|p2a: Ogerpon|48/100
|
|upkeep
|turn|5
|
|t:|1769405224
|switch|p1a: Amoonguss|Amoonguss, M, shiny|100/100
|-terastallize|p2a: Ogerpon|Grass
|detailschange|p2a: Ogerpon|Ogerpon-Teal-Tera, F, tera:Grass
|-ability|p2a: Ogerpon|Embody Aspect (Teal)|boost
|-boost|p2a: Ogerpon|spe|1
|move|p2a: Ogerpon|Ivy Cudgel|p1a: Amoonguss
|-resisted|p1a: Amoonguss
|-crit|p1a: Amoonguss
|-damage|p1a: Amoonguss|61/100
|
|upkeep
|turn|6
|
|t:|1769405237
|move|p2a: Ogerpon|U-turn|p1a: Amoonguss
|-damage|p1a: Amoonguss|22/100
|-damage|p2a: Ogerpon|32/100|[from] item: Rocky Helmet|[of] p1a: Amoonguss
|
|t:|1769405242
|switch|p2a: Kingambit|Kingambit, F|100/100|[from] U-turn
|-activate|p2a: Kingambit|move: Sticky Web
|-unboost|p2a: Kingambit|spe|1
|-ability|p2a: Kingambit|Defiant|boost
|-boost|p2a: Kingambit|atk|2
|move|p1a: Amoonguss|Clear Smog|p2a: Kingambit
|-immune|p2a: Kingambit
|
|upkeep
|turn|7
|
|t:|1769405257
|switch|p1a: Gliscor|Gliscor, M|100/100
|move|p2a: Kingambit|Swords Dance|p2a: Kingambit
|-boost|p2a: Kingambit|atk|2
|
|-status|p1a: Gliscor|tox|[from] item: Toxic Orb
|upkeep
|turn|8
|
|t:|1769405277
|move|p2a: Kingambit|Sucker Punch|p1a: Gliscor
|-damage|p1a: Gliscor|26/100 tox
|move|p1a: Gliscor|Earthquake|p2a: Kingambit
|-supereffective|p2a: Kingambit
|-damage|p2a: Kingambit|51/100
|
|-heal|p1a: Gliscor|38/100 tox|[from] ability: Poison Heal
|upkeep
|turn|9
|
|t:|1769405288
|move|p1a: Gliscor|Stealth Rock|p2a: Kingambit
|-sidestart|p2: whiper123|move: Stealth Rock
|move|p2a: Kingambit|Kowtow Cleave|p1a: Gliscor
|-damage|p1a: Gliscor|0 fnt
|faint|p1a: Gliscor
|
|upkeep
|
|t:|1769405300
|switch|p1a: Primarina|Primarina, F, shiny|100/100
|turn|10
|
|t:|1769405307
|move|p2a: Kingambit|Sucker Punch|p1a: Primarina
|-resisted|p1a: Primarina
|-damage|p1a: Primarina|47/100
|move|p1a: Primarina|Moonblast|p2a: Kingambit
|-damage|p2a: Kingambit|9/100
|-unboost|p2a: Kingambit|spa|1
|-ability|p2a: Kingambit|Defiant|boost
|-boost|p2a: Kingambit|atk|2
|
|-heal|p1a: Primarina|54/100|[from] item: Leftovers
|upkeep
|turn|11
|
|t:|1769405319
|switch|p1a: Incineroar|Incineroar, M, shiny|82/100
|-ability|p1a: Incineroar|Intimidate|boost
|-unboost|p2a: Kingambit|atk|1
|-ability|p2a: Kingambit|Defiant|boost
|-boost|p2a: Kingambit|atk|1
|move|p2a: Kingambit|Sucker Punch||[still]
|-fail|p2a: Kingambit
|
|-heal|p1a: Incineroar|88/100|[from] item: Leftovers
|upkeep
|turn|12
|
|t:|1769405336
|move|p1a: Incineroar|Fake Out|p2a: Kingambit
|-resisted|p2a: Kingambit
|-damage|p2a: Kingambit|5/100
|cant|p2a: Kingambit|flinch
|
|-heal|p1a: Incineroar|94/100|[from] item: Leftovers
|upkeep
|turn|13
|
|t:|1769405345
|switch|p1a: Amoonguss|Amoonguss, M, shiny|56/100
|move|p2a: Kingambit|Sucker Punch||[still]
|-fail|p2a: Kingambit
|
|upkeep
|turn|14
|
|t:|1769405352
|move|p2a: Kingambit|Sucker Punch||[still]
|-fail|p2a: Kingambit
|move|p1a: Amoonguss|Synthesis|p1a: Amoonguss
|-heal|p1a: Amoonguss|100/100
|
|upkeep
|turn|15
|
|t:|1769405359
|move|p2a: Kingambit|Sucker Punch|p1a: Amoonguss
|-damage|p1a: Amoonguss|0 fnt
|-damage|p2a: Kingambit|0 fnt|[from] item: Rocky Helmet|[of] p1a: Amoonguss
|faint|p1a: Amoonguss
|faint|p2a: Kingambit
|
|upkeep
|
|t:|1769405373
|switch|p2a: Milotic|Milotic, M|100/100
|switch|p1a: Gallade|Gallade, M|100/100
|-activate|p2a: Milotic|move: Sticky Web
|-unboost|p2a: Milotic|spe|1
|-ability|p2a: Milotic|Competitive|boost
|-boost|p2a: Milotic|spa|2
|-damage|p2a: Milotic|88/100|[from] Stealth Rock
|turn|16
|
|t:|1769405387
|move|p1a: Gallade|Leaf Blade|p2a: Milotic
|-supereffective|p2a: Milotic
|-damage|p2a: Milotic|0 fnt
|faint|p2a: Milotic
|
|upkeep
|
|t:|1769405397
|switch|p2a: Gholdengo|Gholdengo|100/100
|-damage|p2a: Gholdengo|94/100|[from] Stealth Rock
|-item|p2a: Gholdengo|Air Balloon
|turn|17
|
|t:|1769405407
|switch|p1a: Incineroar|Incineroar, M, shiny|94/100
|-ability|p1a: Incineroar|Intimidate|boost
|-unboost|p2a: Gholdengo|atk|1
|move|p2a: Gholdengo|Psychic|p1a: Incineroar
|-immune|p1a: Incineroar
|
|-heal|p1a: Incineroar|99/100|[from] item: Leftovers
|upkeep
|turn|18
|
|t:|1769405422
|switch|p2a: Cinderace|Cinderace, F|100/100
|-damage|p2a: Cinderace|76/100|[from] Stealth Rock
|-item|p2a: Cinderace|Air Balloon
|move|p1a: Incineroar|Flare Blitz|p2a: Cinderace
|-resisted|p2a: Cinderace
|-damage|p2a: Cinderace|41/100
|-enditem|p2a: Cinderace|Air Balloon
|-damage|p1a: Incineroar|91/100|[from] Recoil
|
|-heal|p1a: Incineroar|97/100|[from] item: Leftovers
|upkeep
|turn|19
|
|t:|1769405436
|move|p2a: Cinderace|Acrobatics|p1a: Incineroar
|-start|p2a: Cinderace|typechange|Flying|[from] ability: Libero
|-damage|p1a: Incineroar|58/100
|move|p1a: Incineroar|Parting Shot|p2a: Cinderace
|-unboost|p2a: Cinderace|atk|1
|-unboost|p2a: Cinderace|spa|1
|
|t:|1769405448
|switch|p1a: Kingambit|Kingambit, M|100/100|[from] Parting Shot
|-activate|p1a: Kingambit|ability: Supreme Overlord
|-start|p1a: Kingambit|fallen2|[silent]
|
|upkeep
|turn|20
|
|t:|1769405465
|move|p1a: Kingambit|Sucker Punch||[still]
|-fail|p1a: Kingambit
|move|p2a: Cinderace|Court Change|p2a: Cinderace
|-swapsideconditions
|-activate|p2a: Cinderace|move: Court Change
|
|upkeep
|turn|21
|
|t:|1769405474
|move|p1a: Kingambit|Sucker Punch|p2a: Cinderace
|-damage|p2a: Cinderace|0 fnt
|faint|p2a: Cinderace
|
|upkeep
|
|t:|1769405483
|switch|p2a: Ogerpon|Ogerpon-Teal-Tera, F, tera:Grass|32/100
|-ability|p2a: Ogerpon|Embody Aspect (Teal)|boost
|-boost|p2a: Ogerpon|spe|1
|turn|22
|
|t:|1769405490
|-terastallize|p1a: Kingambit|Flying
|move|p2a: Ogerpon|Encore|p1a: Kingambit
|-start|p1a: Kingambit|Encore
|move|p1a: Kingambit|Sucker Punch||[still]
|-fail|p1a: Kingambit
|
|upkeep
|turn|23
|
|t:|1769405508
|switch|p2a: Gholdengo|Gholdengo|94/100
|-item|p2a: Gholdengo|Air Balloon
|-end|p1a: Kingambit|fallen2|[silent]
|switch|p1a: Incineroar|Incineroar, M, shiny|58/100
|-activate|p1a: Incineroar|move: Sticky Web
|-unboost|p1a: Incineroar|spe|1
|-damage|p1a: Incineroar|33/100|[from] Stealth Rock
|-ability|p1a: Incineroar|Intimidate|boost
|-unboost|p2a: Gholdengo|atk|1
|
|-heal|p1a: Incineroar|39/100|[from] item: Leftovers
|upkeep
|turn|24
|
|t:|1769405532
|move|p2a: Gholdengo|Make It Rain|p1a: Incineroar
|-resisted|p1a: Incineroar
|-damage|p1a: Incineroar|13/100
|-unboost|p2a: Gholdengo|spa|1
|move|p1a: Incineroar|Flare Blitz|p2a: Gholdengo
|-supereffective|p2a: Gholdengo
|-damage|p2a: Gholdengo|0 fnt
|-enditem|p2a: Gholdengo|Air Balloon
|faint|p2a: Gholdengo
|-damage|p1a: Incineroar|0 fnt|[from] Recoil
|faint|p1a: Incineroar
|
|upkeep
|inactive|whiper123 has 120 seconds left.
|
|t:|1769405546
|switch|p2a: Ogerpon|Ogerpon-Teal-Tera, F, tera:Grass|32/100
|switch|p1a: Kingambit|Kingambit, M, tera:Flying|100/100
|-ability|p2a: Ogerpon|Embody Aspect (Teal)|boost
|-boost|p2a: Ogerpon|spe|1
|-damage|p1a: Kingambit|75/100|[from] Stealth Rock
|-activate|p1a: Kingambit|ability: Supreme Overlord
|-start|p1a: Kingambit|fallen3|[silent]
|turn|25
|inactive|whiper123 has 120 seconds left.
|
|t:|1769405559
|move|p2a: Ogerpon|Encore||[still]
|-fail|p2a: Ogerpon
|move|p1a: Kingambit|Tera Blast|p2a: Ogerpon|[anim] Tera Blast Flying
|-supereffective|p2a: Ogerpon
|-damage|p2a: Ogerpon|0 fnt
|faint|p2a: Ogerpon
|detailschange|p2: Ogerpon|Ogerpon, F|[silent]
|
|win|hkbkhjghc
|raw|hkbkhjghc's rating: 1111 &rarr; <strong>1135</strong><br />(+24 for winning)
|raw|whiper123's rating: 1099 &rarr; <strong>1075</strong><br />(-24 for losing)
|l|☆whiper123
|player|p2|
|l|☆hkbkhjghc
|player|p1|
