|j|☆isabel44a
|j|☆Antimaverick1080
|t:|1769383002
|gametype|singles
|player|p1|isabel44a|roxie|1316
|player|p2|Antimaverick1080|eusine|1290
|gen|9
|tier|[Gen 9] OU
|rated|
|rule|HP Percentage Mod: HP is shown in percentages
|rule|Endless Battle Clause: Forcing endless battles is banned
|rule|Species Clause: Limit one of each Pokémon
|rule|OHKO Clause: OHKO moves are banned
|rule|Evasion Items Clause: Evasion items are banned
|rule|Evasion Moves Clause: Evasion moves are banned
|rule|Evasion Abilities Clause: Evasion abilities are banned
|rule|Sleep Moves Clause: Sleep-inducing moves are banned
|clearpoke
|poke|p1|Deoxys-Defense|
|poke|p1|Gliscor, F|
|poke|p1|Umbreon, F|
|poke|p1|Jolteon, M|
|poke|p1|Volcanion|
|poke|p1|Dragapult, F|
|poke|p2|Torkoal, F|
|poke|p2|Espeon, F|
|poke|p2|Great Tusk|
|poke|p2|Walking Wake|
|poke|p2|Zapdos-Galar|
|poke|p2|Houndoom, F|
|teampreview
|c|☆Antimaverick1080|glhf
|
|t:|1769383013
|teamsize|p1|6
|teamsize|p2|6
|start
|switch|p1a: Volcanion|Volcanion|100/100
|switch|p2a: Steam|Torkoal, F|100/100
|-item|p1a: Volcanion|Air Balloon
|-weather|SunnyDay|[from] ability: Drought|[of] p2a: Steam
|turn|1
|
|t:|1769383032
|move|p1a: Volcanion|Steam Eruption|p2a: Steam
|-supereffective|p2a: Steam
|-damage|p2a: Steam|15/100
|move|p2a: Steam|Stealth Rock|p1a: Volcanion
|-sidestart|p1: isabel44a|move: Stealth Rock
|
|-weather|SunnyDay|[upkeep]
|upkeep
|turn|2
|
|t:|1769383057
|switch|p2a: Brunnya|Walking Wake|100/100
|-activate|p2a: Brunnya|ability: Protosynthesis
|-start|p2a: Brunnya|protosynthesisspe
|move|p1a: Volcanion|Earthquake|p2a: Brunnya
|-damage|p2a: Brunnya|66/100
|
|-weather|SunnyDay|[upkeep]
|upkeep
|turn|3
|
|t:|1769383067
|move|p2a: Brunnya|Hydro Steam|p1a: Volcanion
|-immune|p1a: Volcanion|[from] ability: Water Absorb
|move|p1a: Volcanion|Earthquake|p2a: Brunnya
|-damage|p2a: Brunnya|34/100
|
|-weather|SunnyDay|[upkeep]
|upkeep
|turn|4
|
|t:|1769383077
|-end|p2a: Brunnya|Protosynthesis|[silent]
|switch|p2a: O. Ostrich|Zapdos-Galar|100/100
|move|p1a: Volcanion|Earthquake|p2a: O. Ostrich
|-immune|p2a: O. Ostrich
|
|-weather|SunnyDay|[upkeep]
|upkeep
|turn|5
|
|t:|1769383087
|move|p2a: O. Ostrich|Thunderous Kick|p1a: Volcanion
|-crit|p1a: Volcanion
|-damage|p1a: Volcanion|32/100
|-unboost|p1a: Volcanion|def|1
|-enditem|p1a: Volcanion|Air Balloon
|move|p1a: Volcanion|Flamethrower|p2a: O. Ostrich
|-damage|p2a: O. Ostrich|38/100
|
|-weather|SunnyDay|[upkeep]
|upkeep
|turn|6
|
|t:|1769383119
|move|p2a: O. Ostrich|Thunderous Kick|p1a: Volcanion
|-damage|p1a: Volcanion|0 fnt
|faint|p1a: Volcanion
|
|-weather|SunnyDay|[upkeep]
|upkeep
|
|t:|1769383122
|switch|p1a: Jolteon|Jolteon, M|100/100
|-damage|p1a: Jolteon|88/100|[from] Stealth Rock
|-item|p1a: Jolteon|Air Balloon
|turn|7
|
|t:|1769383130
|switch|p2a: Wii|Great Tusk|100/100
|-activate|p2a: Wii|ability: Protosynthesis
|-start|p2a: Wii|protosynthesisatk
|move|p1a: Jolteon|Shadow Ball|p2a: Wii
|-damage|p2a: Wii|65/100
|
|-weather|SunnyDay|[upkeep]
|upkeep
|turn|8
|
|t:|1769383139
|move|p1a: Jolteon|Shadow Ball|p2a: Wii
|-damage|p2a: Wii|25/100
|-unboost|p2a: Wii|spd|1
|move|p2a: Wii|Ice Spinner|p1a: Jolteon
|-damage|p1a: Jolteon|22/100
|-enditem|p1a: Jolteon|Air Balloon
|
|-weather|none
|-end|p2a: Wii|Protosynthesis
|upkeep
|turn|9
|
|t:|1769383146
|move|p1a: Jolteon|Shadow Ball|p2a: Wii
|-damage|p2a: Wii|0 fnt
|faint|p2a: Wii
|-end|p2a: Wii|Protosynthesis|[silent]
|
|upkeep
|
|t:|1769383150
|switch|p2a: Steam|Torkoal, F|15/100
|-weather|SunnyDay|[from] ability: Drought|[of] p2a: Steam
|turn|10
|
|t:|1769383167
|move|p1a: Jolteon|Thunderbolt|p2a: Steam
|-damage|p2a: Steam|0 fnt
|faint|p2a: Steam
|
|-weather|SunnyDay|[upkeep]
|upkeep
|
|t:|1769383169
|switch|p2a: O. Ostrich|Zapdos-Galar|38/100
|turn|11
|
|t:|1769383180
|switch|p2a: Blaze|Espeon, F|100/100
|move|p1a: Jolteon|Thunderbolt|p2a: Blaze
|-damage|p2a: Blaze|59/100
|
|-weather|SunnyDay|[upkeep]
|upkeep
|turn|12
|
|t:|1769383187
|move|p1a: Jolteon|Shadow Ball|p2a: Blaze
|-supereffective|p2a: Blaze
|-damage|p2a: Blaze|11/100
|move|p2a: Blaze|Weather Ball|p1a: Jolteon
|-damage|p1a: Jolteon|0 fnt
|faint|p1a: Jolteon
|
|-weather|SunnyDay|[upkeep]
|upkeep
|
|t:|1769383193
|switch|p1a: Dragapult|Dragapult, F|100/100
|turn|13
|inactive|Battle timer is ON: inactive players will automatically lose when time's up. (requested by isabel44a)
|
|t:|1769383200
|move|p1a: Dragapult|U-turn|p2a: Blaze
|-supereffective|p2a: Blaze
|-damage|p2a: Blaze|0 fnt
|-damage|p1a: Dragapult|84/100|[from] item: Rocky Helmet|[of] p2a: Blaze
|faint|p2a: Blaze
|
|t:|1769383206
|switch|p1a: Umbreon|Umbreon, F|100/100|[from] U-turn
|-damage|p1a: Umbreon|88/100|[from] Stealth Rock
|
|-weather|SunnyDay|[upkeep]
|-heal|p1a: Umbreon|94/100|[from] item: Leftovers
|upkeep
|
|t:|1769383213
|switch|p2a: O. Ostrich|Zapdos-Galar|38/100
|turn|14
|
|t:|1769383217
|move|p1a: Umbreon|Protect|p1a: Umbreon
|-singleturn|p1a: Umbreon|Protect
|move|p2a: O. Ostrich|Thunderous Kick|p1a: Umbreon
|-activate|p1a: Umbreon|move: Protect
|
|-weather|SunnyDay|[upkeep]
|-heal|p1a: Umbreon|99/100|[from] item: Leftovers
|upkeep
|turn|15
|
|t:|1769383226
|switch|p1a: Dragapult|Dragapult, F|84/100
|move|p2a: O. Ostrich|Knock Off|p1a: Dragapult
|-supereffective|p1a: Dragapult
|-damage|p1a: Dragapult|0 fnt
|-enditem|p1a: Dragapult|Heavy-Duty Boots|[from] move: Knock Off|[of] p2a: O. Ostrich
|faint|p1a: Dragapult
|
|-weather|SunnyDay|[upkeep]
|upkeep
|
|t:|1769383232
|switch|p1a: Umbreon|Umbreon, F|99/100
|-damage|p1a: Umbreon|88/100|[from] Stealth Rock
|turn|16
|
|t:|1769383237
|move|p1a: Umbreon|Protect|p1a: Umbreon
|-singleturn|p1a: Umbreon|Protect
|move|p2a: O. Ostrich|Knock Off|p1a: Umbreon
|-activate|p1a: Umbreon|move: Protect
|
|-weather|SunnyDay|[upkeep]
|-heal|p1a: Umbreon|94/100|[from] item: Leftovers
|upkeep
|turn|17
|
|t:|1769383244
|-terastallize|p1a: Umbreon|Fire
|move|p2a: O. Ostrich|Knock Off|p1a: Umbreon
|-damage|p1a: Umbreon|68/100
|-enditem|p1a: Umbreon|Leftovers|[from] move: Knock Off|[of] p2a: O. Ostrich
|move|p1a: Umbreon|Foul Play|p2a: O. Ostrich
|-resisted|p2a: O. Ostrich
|-damage|p2a: O. Ostrich|8/100
|
|-weather|none
|upkeep
|turn|18
|
|t:|1769383253
|move|p2a: O. Ostrich|Thunderous Kick|p1a: Umbreon
|-damage|p1a: Umbreon|35/100
|-unboost|p1a: Umbreon|def|1
|move|p1a: Umbreon|Toxic|p2a: O. Ostrich
|-status|p2a: O. Ostrich|tox
|
|-damage|p2a: O. Ostrich|2/100 tox|[from] psn
|upkeep
|turn|19
|
|t:|1769383260
|switch|p2a: Velguarder|Houndoom, F, shiny|100/100
|move|p1a: Umbreon|Protect||[still]
|-fail|p1a: Umbreon
|
|upkeep
|turn|20
|inactive|Antimaverick1080 has 120 seconds left.
|
|t:|1769383290
|move|p2a: Velguarder|Foul Play|p1a: Umbreon
|-damage|p1a: Umbreon|13/100
|move|p1a: Umbreon|Toxic|p2a: Velguarder
|-status|p2a: Velguarder|tox
|
|-damage|p2a: Velguarder|94/100 tox|[from] psn
|upkeep
|turn|21
|
|t:|1769383311
|move|p1a: Umbreon|Protect|p1a: Umbreon
|-singleturn|p1a: Umbreon|Protect
|move|p2a: Velguarder|Nasty Plot|p2a: Velguarder
|-boost|p2a: Velguarder|spa|2
|
|-damage|p2a: Velguarder|82/100 tox|[from] psn
|upkeep
|turn|22
|
|t:|1769383326
|move|p2a: Velguarder|Foul Play|p1a: Umbreon
|-damage|p1a: Umbreon|0 fnt
|faint|p1a: Umbreon
|
|-damage|p2a: Velguarder|63/100 tox|[from] psn
|upkeep
|
|t:|1769383333
|switch|p1a: osamabingliscor|Gliscor, F|100/100
|-damage|p1a: osamabingliscor|88/100|[from] Stealth Rock
|turn|23
|
|t:|1769383344
|move|p1a: osamabingliscor|Protect|p1a: osamabingliscor
|-singleturn|p1a: osamabingliscor|Protect
|move|p2a: Velguarder|Flamethrower|p1a: osamabingliscor
|-activate|p1a: osamabingliscor|move: Protect
|
|-damage|p2a: Velguarder|39/100 tox|[from] psn
|-status|p1a: osamabingliscor|tox|[from] item: Toxic Orb
|upkeep
|turn|24
|
|t:|1769383358
|move|p2a: Velguarder|Flamethrower|p1a: osamabingliscor
|-damage|p1a: osamabingliscor|0 fnt
|faint|p1a: osamabingliscor
|
|-damage|p2a: Velguarder|8/100 tox|[from] psn
|upkeep
|
|t:|1769383360
|switch|p1a: Deoxys|Deoxys-Defense|100/100
|-damage|p1a: Deoxys|88/100|[from] Stealth Rock
|-ability|p1a: Deoxys|Pressure
|turn|25
|
|t:|1769383367
|move|p2a: Velguarder|Foul Play|p1a: Deoxys
|-supereffective|p1a: Deoxys
|-damage|p1a: Deoxys|48/100
|move|p1a: Deoxys|Recover|p1a: Deoxys
|-heal|p1a: Deoxys|98/100
|
|-heal|p1a: Deoxys|100/100|[from] item: Leftovers
|-damage|p2a: Velguarder|0 fnt|[from] psn
|faint|p2a: Velguarder
|upkeep
|
|t:|1769383373
|switch|p2a: Brunnya|Walking Wake|34/100
|turn|26
|
|t:|1769383383
|-terastallize|p2a: Brunnya|Water
|move|p2a: Brunnya|Hydro Steam|p1a: Deoxys
|-damage|p1a: Deoxys|32/100
|move|p1a: Deoxys|Energy Ball|p2a: Brunnya
|-supereffective|p2a: Brunnya
|-damage|p2a: Brunnya|0 fnt
|faint|p2a: Brunnya
|-end|p2a: Brunnya|Protosynthesis|[silent]
|
|-heal|p1a: Deoxys|38/100|[from] item: Leftovers
|upkeep
|
|t:|1769383390
|switch|p2a: O. Ostrich|Zapdos-Galar|2/100 tox
|turn|27
|
|t:|1769383393
|move|p2a: O. Ostrich|Drill Peck|p1a: Deoxys
|-damage|p1a: Deoxys|0 fnt
|faint|p1a: Deoxys
|
|win|Antimaverick1080
|raw|isabel44a's rating: 1316 &rarr; <strong>1295</strong><br />(-21 for losing)
|raw|Antimaverick1080's rating: 1290 &rarr; <strong>1317</strong><br />(+27 for winning)
|l|☆isabel44a
|player|p1|
