|j|☆zonix14
|j|☆Leaboteabo
|t:|1769412162
|gametype|singles
|player|p1|zonix14|266|1262
|player|p2|Leaboteabo|266|1275
|gen|9
|tier|[Gen 9] OU
|rated|
|rule|HP Percentage Mod: HP is shown in percentages
|rule|Endless Battle Clause: Forcing endless battles is banned
|rule|Species Clause: Limit one of each Pokémon
|rule|OHKO Clause: OHKO moves are banned
|rule|Evasion Items Clause: Evasion items are banned
|rule|Evasion Moves Clause: Evasion moves are banned
|rule|Evasion Abilities Clause: Evasion abilities are banned
|rule|Sleep Moves Clause: Sleep-inducing moves are banned
|clearpoke
|poke|p1|Empoleon, M|
|poke|p1|Masquerain, F|
|poke|p1|Cinderace, F|
|poke|p1|Carbink|
|poke|p1|Serperior, F|
|poke|p1|Indeedee-F, F|
|poke|p2|Zamazenta-*|
|poke|p2|Serperior, M|
|poke|p2|Gastrodon, F|
|poke|p2|Leavanny, M|
|poke|p2|Hatterene, F|
|poke|p2|Glastrier|
|teampreview
|inactive|Battle timer is ON: inactive players will automatically lose when time's up. (requested by zonix14)
|
|t:|1769412167
|teamsize|p1|6
|teamsize|p2|6
|start
|switch|p1a: Masquerain|Masquerain, F|100/100
|switch|p2a: Zamazenta|Zamazenta|100/100
|-ability|p2a: Zamazenta|Dauntless Shield|boost
|-boost|p2a: Zamazenta|def|1
|-ability|p1a: Masquerain|Intimidate|boost
|-unboost|p2a: Zamazenta|atk|1
|turn|1
|
|t:|1769412176
|switch|p2a: Glastrier|Glastrier|100/100
|move|p1a: Masquerain|Sticky Web|p2a: Glastrier
|-sidestart|p2: Leaboteabo|move: Sticky Web
|
|upkeep
|turn|2
|
|t:|1769412189
|switch|p1a: Cinderace|Cinderace, F|100/100
|move|p2a: Glastrier|High Horsepower|p1a: Cinderace
|-supereffective|p1a: Cinderace
|-enditem|p1a: Cinderace|Focus Sash
|-damage|p1a: Cinderace|1/100
|
|upkeep
|turn|3
|
|t:|1769412198
|switch|p2a: Gastrodon|Gastrodon, F|100/100
|-activate|p2a: Gastrodon|move: Sticky Web
|-unboost|p2a: Gastrodon|spe|1
|move|p1a: Cinderace|Court Change|p1a: Cinderace
|-swapsideconditions
|-activate|p1a: Cinderace|move: Court Change
|
|upkeep
|turn|4
|
|t:|1769412208
|move|p1a: Cinderace|Pyro Ball|p2a: Gastrodon
|-resisted|p2a: Gastrodon
|-damage|p2a: Gastrodon|61/100
|-status|p2a: Gastrodon|brn
|move|p2a: Gastrodon|Spikes|p1a: Cinderace
|-sidestart|p1: zonix14|Spikes
|
|-damage|p2a: Gastrodon|55/100 brn|[from] brn
|upkeep
|turn|5
|
|t:|1769412217
|move|p1a: Cinderace|Pyro Ball|p2a: Gastrodon
|-resisted|p2a: Gastrodon
|-damage|p2a: Gastrodon|10/100 brn
|-enditem|p2a: Gastrodon|Sitrus Berry|[eat]
|-heal|p2a: Gastrodon|35/100 brn|[from] item: Sitrus Berry
|move|p2a: Gastrodon|Spikes|p1a: Cinderace
|-sidestart|p1: zonix14|Spikes
|
|-damage|p2a: Gastrodon|29/100 brn|[from] brn
|upkeep
|turn|6
|
|t:|1769412230
|switch|p2a: Zamazenta|Zamazenta|100/100
|move|p1a: Cinderace|Pyro Ball|p2a: Zamazenta
|-damage|p2a: Zamazenta|43/100
|
|-heal|p2a: Zamazenta|49/100|[from] item: Leftovers
|upkeep
|turn|7
|
|t:|1769412238
|move|p2a: Zamazenta|Body Press|p1a: Cinderace
|-damage|p1a: Cinderace|0 fnt
|faint|p1a: Cinderace
|
|-heal|p2a: Zamazenta|56/100|[from] item: Leftovers
|upkeep
|
|t:|1769412241
|switch|p1a: Serperior|Serperior, F|100/100
|-activate|p1a: Serperior|move: Sticky Web
|-boost|p1a: Serperior|spe|1
|-damage|p1a: Serperior|84/100|[from] Spikes
|turn|8
|
|t:|1769412249
|move|p1a: Serperior|Leaf Storm|p2a: Zamazenta
|-damage|p2a: Zamazenta|21/100
|-boost|p1a: Serperior|spa|2
|move|p2a: Zamazenta|Body Press|p1a: Serperior
|-damage|p1a: Serperior|45/100
|
|-heal|p2a: Zamazenta|27/100|[from] item: Leftovers
|upkeep
|turn|9
|
|t:|1769412259
|switch|p2a: Leavanny|Leavanny, M|100/100
|move|p1a: Serperior|Leaf Storm|p2a: Leavanny
|-resisted|p2a: Leavanny
|-damage|p2a: Leavanny|71/100
|-boost|p1a: Serperior|spa|2
|
|upkeep
|turn|10
|
|t:|1769412270
|move|p1a: Serperior|Dragon Pulse|p2a: Leavanny
|-damage|p2a: Leavanny|0 fnt
|faint|p2a: Leavanny
|
|upkeep
|
|t:|1769412277
|switch|p2a: Serperior|Serperior, M|100/100
|turn|11
|
|t:|1769412286
|move|p1a: Serperior|Leaf Storm|p2a: Serperior
|-resisted|p2a: Serperior
|-damage|p2a: Serperior|9/100
|-boost|p1a: Serperior|spa|2
|move|p2a: Serperior|Leaf Storm|p1a: Serperior
|-resisted|p1a: Serperior
|-damage|p1a: Serperior|17/100
|-boost|p2a: Serperior|spa|2
|
|upkeep
|turn|12
|
|t:|1769412296
|move|p1a: Serperior|Leaf Storm|p2a: Serperior
|-resisted|p2a: Serperior
|-damage|p2a: Serperior|0 fnt
|faint|p2a: Serperior
|
|upkeep
|-message|Leaboteabo forfeited.
|
|win|zonix14
|raw|zonix14's rating: 1262 &rarr; <strong>1288</strong><br />(+26 for winning)
|raw|Leaboteabo's rating: 1275 &rarr; <strong>1249</strong><br />(-26 for losing)
|l|☆Leaboteabo
|player|p2|
|l|☆zonix14
|player|p1|
