|j|☆wallopbros
|j|☆Radiodont
|t:|1769312305
|gametype|singles
|player|p1|wallopbros|hilbert|1292
|player|p2|Radiodont|ruinmaniac|1352
|gen|9
|tier|[Gen 9] OU
|rated|
|rule|HP Percentage Mod: HP is shown in percentages
|rule|Endless Battle Clause: Forcing endless battles is banned
|rule|Species Clause: Limit one of each Pokémon
|rule|OHKO Clause: OHKO moves are banned
|rule|Evasion Items Clause: Evasion items are banned
|rule|Evasion Moves Clause: Evasion moves are banned
|rule|Evasion Abilities Clause: Evasion abilities are banned
|rule|Sleep Moves Clause: Sleep-inducing moves are banned
|clearpoke
|poke|p1|Torkoal, F|
|poke|p1|Walking Wake|
|poke|p1|Enamorus, F|
|poke|p1|Dragonite, M|
|poke|p1|Great Tusk|
|poke|p1|Ogerpon-Cornerstone, F|
|poke|p2|Iron Thorns|
|poke|p2|Gallade, M|
|poke|p2|Yanmega, F|
|poke|p2|Slowking-Galar, M|
|poke|p2|Great Tusk|
|poke|p2|Glimmora, M|
|teampreview
|
|t:|1769312309
|teamsize|p1|6
|teamsize|p2|6
|start
|switch|p1a: Torkoal|Torkoal, F|100/100
|switch|p2a: Glimmora|Glimmora, M|100/100
|-weather|SunnyDay|[from] ability: Drought|[of] p1a: Torkoal
|turn|1
|
|t:|1769312312
|move|p2a: Glimmora|Meteor Beam||[still]
|-prepare|p2a: Glimmora|Meteor Beam
|-boost|p2a: Glimmora|spa|1
|-enditem|p2a: Glimmora|Power Herb
|-anim|p2a: Glimmora|Meteor Beam|p1a: Torkoal|[miss]
|-miss|p2a: Glimmora|p1a: Torkoal
|move|p1a: Torkoal|Stealth Rock|p2a: Glimmora
|-sidestart|p2: Radiodont|move: Stealth Rock
|
|-weather|SunnyDay|[upkeep]
|upkeep
|turn|2
|
|t:|1769312321
|move|p2a: Glimmora|Rock Polish|p2a: Glimmora
|-boost|p2a: Glimmora|spe|2
|move|p1a: Torkoal|Body Press|p2a: Glimmora
|-damage|p2a: Glimmora|70/100
|-activate|p2a: Glimmora|ability: Toxic Debris
|-sidestart|p1: wallopbros|move: Toxic Spikes
|
|-weather|SunnyDay|[upkeep]
|upkeep
|turn|3
|
|t:|1769312328
|move|p2a: Glimmora|Earth Power|p1a: Torkoal
|-supereffective|p1a: Torkoal
|-damage|p1a: Torkoal|0 fnt
|faint|p1a: Torkoal
|
|-weather|SunnyDay|[upkeep]
|upkeep
|inactive|Battle timer is ON: inactive players will automatically lose when time's up. (requested by Radiodont)
|
|t:|1769312355
|switch|p1a: Dragonite|Dragonite, M|100/100
|turn|4
|
|t:|1769312361
|-terastallize|p2a: Glimmora|Flying
|-terastallize|p1a: Dragonite|Normal
|move|p2a: Glimmora|Meteor Beam||[still]
|-prepare|p2a: Glimmora|Meteor Beam
|-boost|p2a: Glimmora|spa|1
|move|p1a: Dragonite|Earthquake|p2a: Glimmora
|-immune|p2a: Glimmora
|
|-weather|SunnyDay|[upkeep]
|upkeep
|turn|5
|
|t:|1769312368
|move|p1a: Dragonite|Extreme Speed|p2a: Glimmora
|-damage|p2a: Glimmora|28/100
|-activate|p2a: Glimmora|ability: Toxic Debris
|-sidestart|p1: wallopbros|move: Toxic Spikes
|move|p2a: Glimmora|Meteor Beam|p1a: Dragonite|[from] lockedmove
|-damage|p1a: Dragonite|27/100
|
|-weather|SunnyDay|[upkeep]
|-heal|p1a: Dragonite|33/100|[from] item: Leftovers
|upkeep
|turn|6
|
|t:|1769312376
|move|p1a: Dragonite|Extreme Speed|p2a: Glimmora
|-damage|p2a: Glimmora|0 fnt
|faint|p2a: Glimmora
|
|-weather|SunnyDay|[upkeep]
|-heal|p1a: Dragonite|40/100|[from] item: Leftovers
|upkeep
|
|t:|1769312378
|switch|p2a: Great Tusk|Great Tusk|100/100
|-activate|p2a: Great Tusk|ability: Protosynthesis
|-start|p2a: Great Tusk|protosynthesisatk
|turn|7
|
|t:|1769312384
|switch|p1a: Great Tusk|Great Tusk|100/100
|-status|p1a: Great Tusk|tox
|-activate|p1a: Great Tusk|ability: Protosynthesis
|-start|p1a: Great Tusk|protosynthesisspe
|move|p2a: Great Tusk|Rapid Spin|p1a: Great Tusk
|-damage|p1a: Great Tusk|87/100 tox
|-boost|p2a: Great Tusk|spe|1
|-sideend|p2: Radiodont|Stealth Rock|[from] move: Rapid Spin|[of] p2a: Great Tusk
|
|-weather|SunnyDay|[upkeep]
|-damage|p1a: Great Tusk|81/100 tox|[from] psn
|upkeep
|turn|8
|
|t:|1769312387
|move|p1a: Great Tusk|Rapid Spin|p2a: Great Tusk
|-damage|p2a: Great Tusk|91/100
|-boost|p1a: Great Tusk|spe|1
|-sideend|p1: wallopbros|Toxic Spikes|[from] move: Rapid Spin|[of] p1a: Great Tusk
|move|p2a: Great Tusk|Rapid Spin|p1a: Great Tusk
|-damage|p1a: Great Tusk|69/100 tox
|-boost|p2a: Great Tusk|spe|1
|
|-weather|none
|-end|p1a: Great Tusk|Protosynthesis
|-end|p2a: Great Tusk|Protosynthesis
|-damage|p1a: Great Tusk|56/100 tox|[from] psn
|upkeep
|-enditem|p1a: Great Tusk|Booster Energy
|-activate|p1a: Great Tusk|ability: Protosynthesis|[fromitem]
|-start|p1a: Great Tusk|protosynthesisspe
|turn|9
|
|t:|1769312392
|move|p1a: Great Tusk|Headlong Rush|p2a: Great Tusk
|-damage|p2a: Great Tusk|56/100
|-unboost|p1a: Great Tusk|def|1
|-unboost|p1a: Great Tusk|spd|1
|move|p2a: Great Tusk|Bulk Up|p2a: Great Tusk
|-boost|p2a: Great Tusk|atk|1
|-boost|p2a: Great Tusk|def|1
|
|-damage|p1a: Great Tusk|38/100 tox|[from] psn
|upkeep
|turn|10
|
|t:|1769312394
|move|p1a: Great Tusk|Headlong Rush|p2a: Great Tusk
|-damage|p2a: Great Tusk|33/100
|-unboost|p1a: Great Tusk|def|1
|-unboost|p1a: Great Tusk|spd|1
|move|p2a: Great Tusk|Bulk Up|p2a: Great Tusk
|-boost|p2a: Great Tusk|atk|1
|-boost|p2a: Great Tusk|def|1
|
|-damage|p1a: Great Tusk|13/100 tox|[from] psn
|upkeep
|turn|11
|
|t:|1769312396
|move|p1a: Great Tusk|Headlong Rush|p2a: Great Tusk
|-crit|p2a: Great Tusk
|-damage|p2a: Great Tusk|0 fnt
|-unboost|p1a: Great Tusk|def|1
|-unboost|p1a: Great Tusk|spd|1
|faint|p2a: Great Tusk
|-end|p2a: Great Tusk|Protosynthesis|[silent]
|
|-damage|p1a: Great Tusk|0 fnt|[from] psn
|faint|p1a: Great Tusk
|-end|p1a: Great Tusk|Protosynthesis|[silent]
|upkeep
|
|t:|1769312405
|switch|p1a: Dragonite|Dragonite, M, tera:Normal|40/100
|switch|p2a: Slowking|Slowking-Galar, M|100/100
|turn|12
|
|t:|1769312407
|move|p1a: Dragonite|Earthquake|p2a: Slowking
|-supereffective|p2a: Slowking
|-damage|p2a: Slowking|16/100
|move|p2a: Slowking|Future Sight|p1a: Dragonite
|-start|p2a: Slowking|move: Future Sight
|
|-heal|p1a: Dragonite|46/100|[from] item: Leftovers
|upkeep
|turn|13
|
|t:|1769312413
|switch|p2a: Yanmega|Yanmega, F|100/100
|move|p1a: Dragonite|Extreme Speed|p2a: Yanmega
|-damage|p2a: Yanmega|49/100
|
|-heal|p1a: Dragonite|52/100|[from] item: Leftovers
|upkeep
|turn|14
|
|t:|1769312428
|switch|p1a: Ogerpon|Ogerpon-Cornerstone, F|100/100
|switch|p2a: Slowking|Slowking-Galar, M|49/100
|
|-end|p1a: Ogerpon|move: Future Sight
|-damage|p1a: Ogerpon|30/100
|upkeep
|turn|15
|
|t:|1769312434
|move|p1a: Ogerpon|Ivy Cudgel|p2a: Slowking|[anim] Ivy Cudgel Rock
|-crit|p2a: Slowking
|-damage|p2a: Slowking|0 fnt
|faint|p2a: Slowking
|
|upkeep
|
|t:|1769312437
|switch|p2a: Gallade|Gallade, M|100/100
|turn|16
|
|t:|1769312441
|move|p1a: Ogerpon|Horn Leech|p2a: Gallade
|-damage|p2a: Gallade|31/100
|-heal|p1a: Ogerpon|65/100|[from] drain|[of] p2a: Gallade
|-enditem|p2a: Gallade|Sitrus Berry|[eat]
|-heal|p2a: Gallade|55/100|[from] item: Sitrus Berry
|move|p2a: Gallade|Agility|p2a: Gallade
|-boost|p2a: Gallade|spe|2
|
|upkeep
|turn|17
|
|t:|1769312445
|move|p2a: Gallade|Sacred Sword|p1a: Ogerpon
|-supereffective|p1a: Ogerpon
|-damage|p1a: Ogerpon|0 fnt
|faint|p1a: Ogerpon
|
|upkeep
|
|t:|1769312448
|switch|p1a: Enamorus|Enamorus, F|100/100
|turn|18
|
|t:|1769312451
|move|p1a: Enamorus|Moonblast|p2a: Gallade
|-supereffective|p2a: Gallade
|-damage|p2a: Gallade|0 fnt
|faint|p2a: Gallade
|
|upkeep
|
|t:|1769312454
|switch|p2a: Iron Thorns|Iron Thorns|100/100
|-enditem|p2a: Iron Thorns|Booster Energy
|-activate|p2a: Iron Thorns|ability: Quark Drive|[fromitem]
|-start|p2a: Iron Thorns|quarkdriveatk
|turn|19
|
|t:|1769312460
|move|p1a: Enamorus|Moonblast|p2a: Iron Thorns
|-damage|p2a: Iron Thorns|49/100
|move|p2a: Iron Thorns|Supercell Slam|p1a: Enamorus|[miss]
|-miss|p2a: Iron Thorns|p1a: Enamorus
|-damage|p2a: Iron Thorns|0 fnt|[from] supercellslam
|faint|p2a: Iron Thorns
|-end|p2a: Iron Thorns|Quark Drive|[silent]
|
|upkeep
|-message|Radiodont forfeited.
|
|win|wallopbros
|raw|wallopbros's rating: 1292 &rarr; <strong>1321</strong><br />(+29 for winning)
|raw|Radiodont's rating: 1352 &rarr; <strong>1329</strong><br />(-23 for losing)
|l|☆Radiodont
|player|p2|
|l|☆wallopbros
|player|p1|
