|j|☆kuraiyagare
|j|☆St. Saturn
|t:|1769358432
|gametype|singles
|player|p1|kuraiyagare|mars|1238
|player|p2|St. Saturn|lance|1296
|gen|9
|tier|[Gen 9] OU
|rated|
|rule|HP Percentage Mod: HP is shown in percentages
|rule|Endless Battle Clause: Forcing endless battles is banned
|rule|Species Clause: Limit one of each Pokémon
|rule|OHKO Clause: OHKO moves are banned
|rule|Evasion Items Clause: Evasion items are banned
|rule|Evasion Moves Clause: Evasion moves are banned
|rule|Evasion Abilities Clause: Evasion abilities are banned
|rule|Sleep Moves Clause: Sleep-inducing moves are banned
|clearpoke
|poke|p1|Bastiodon, F|
|poke|p1|Gardevoir, F|
|poke|p1|Talonflame, M|
|poke|p1|Drifblim, F|
|poke|p1|Gyarados, F|
|poke|p1|Houndoom, F|
|poke|p2|Meowscarada, F|
|poke|p2|Kingambit, M|
|poke|p2|Slowking-Galar, F|
|poke|p2|Moltres|
|poke|p2|Great Tusk|
|poke|p2|Dragapult, F|
|teampreview
|inactive|Battle timer is ON: inactive players will automatically lose when time's up. (requested by St. Saturn)
|
|t:|1769358451
|teamsize|p1|6
|teamsize|p2|6
|start
|switch|p1a: actually ubers|Houndoom, F|100/100
|switch|p2a: Meowscarada|Meowscarada, F|100/100
|turn|1
|
|t:|1769358456
|move|p2a: Meowscarada|U-turn|p1a: actually ubers
|-start|p2a: Meowscarada|typechange|Bug|[from] ability: Protean
|-damage|p1a: actually ubers|6/100
|
|t:|1769358461
|switch|p2a: Slowking|Slowking-Galar, F|100/100|[from] U-turn
|move|p1a: actually ubers|Counter|p2a: Slowking
|-damage|p2a: Slowking|0 fnt
|faint|p2a: Slowking
|
|upkeep
|
|t:|1769358468
|switch|p2a: Meowscarada|Meowscarada, F|100/100
|turn|2
|
|t:|1769358492
|move|p2a: Meowscarada|U-turn|p1a: actually ubers
|-start|p2a: Meowscarada|typechange|Bug|[from] ability: Protean
|-damage|p1a: actually ubers|0 fnt
|faint|p1a: actually ubers
|
|t:|1769358497
|switch|p2a: Dragapult|Dragapult, F|100/100|[from] U-turn
|
|upkeep
|inactive|kuraiyagare has 120 seconds left.
|
|t:|1769358527
|switch|p1a: Bastiodon|Bastiodon, F|100/100
|turn|3
|
|t:|1769358549
|move|p2a: Dragapult|Hydro Pump|p1a: Bastiodon
|-supereffective|p1a: Bastiodon
|-damage|p1a: Bastiodon|27/100
|move|p1a: Bastiodon|Stealth Rock|p2a: Dragapult
|-sidestart|p2: St. Saturn|move: Stealth Rock
|
|upkeep
|turn|4
|inactive|kuraiyagare has 120 seconds left.
|
|t:|1769358563
|move|p2a: Dragapult|Hydro Pump|p1a: Bastiodon
|-supereffective|p1a: Bastiodon
|-damage|p1a: Bastiodon|0 fnt
|faint|p1a: Bastiodon
|
|upkeep
|
|t:|1769358566
|switch|p1a: ue shita|Gyarados, F|100/100
|turn|5
|
|t:|1769358570
|switch|p2a: Meowscarada|Meowscarada, F|100/100
|-damage|p2a: Meowscarada|88/100|[from] Stealth Rock
|move|p1a: ue shita|Dragon Dance|p1a: ue shita
|-boost|p1a: ue shita|atk|1
|-boost|p1a: ue shita|spe|1
|
|upkeep
|turn|6
|inactive|kuraiyagare has 120 seconds left.
|inactive|kuraiyagare has 90 seconds left.
|
|t:|1769358635
|move|p2a: Meowscarada|Triple Axel|p1a: ue shita|[miss]
|-start|p2a: Meowscarada|typechange|Ice|[from] ability: Protean
|-miss|p2a: Meowscarada|p1a: ue shita
|move|p1a: ue shita|Ice Fang|p2a: Meowscarada
|-resisted|p2a: Meowscarada
|-damage|p2a: Meowscarada|59/100
|
|upkeep
|turn|7
|inactive|kuraiyagare has 90 seconds left.
|
|t:|1769358656
|move|p2a: Meowscarada|Triple Axel|p1a: ue shita
|-damage|p1a: ue shita|90/100
|-damage|p1a: ue shita|67/100
|-damage|p1a: ue shita|29/100
|-hitcount|p1a: ue shita|3
|move|p1a: ue shita|Dragon Dance|p1a: ue shita
|-boost|p1a: ue shita|atk|1
|-boost|p1a: ue shita|spe|1
|
|-heal|p1a: ue shita|35/100|[from] item: Leftovers
|upkeep
|turn|8
|inactive|kuraiyagare has 90 seconds left.
|
|t:|1769358666
|move|p2a: Meowscarada|Triple Axel|p1a: ue shita
|-damage|p1a: ue shita|23/100
|-damage|p1a: ue shita|0 fnt
|faint|p1a: ue shita
|-hitcount|p1: ue shita|2
|
|upkeep
|
|t:|1769358671
|switch|p1a: Gardenia|Gardevoir, F|100/100
|-ability|p1a: Gardenia|Protean|Trace|[from] ability: Trace|[of] p2a: Meowscarada
|turn|9
|
|t:|1769358681
|move|p1a: Gardenia|Vacuum Wave|p2a: Meowscarada
|-start|p1a: Gardenia|typechange|Fighting|[from] ability: Protean
|-supereffective|p2a: Meowscarada
|-damage|p2a: Meowscarada|0 fnt
|faint|p2a: Meowscarada
|
|upkeep
|
|t:|1769358694
|switch|p2a: Dragapult|Dragapult, F|100/100
|-damage|p2a: Dragapult|88/100|[from] Stealth Rock
|turn|10
|
|t:|1769358711
|move|p2a: Dragapult|Draco Meteor|p1a: Gardenia
|-damage|p1a: Gardenia|16/100
|-unboost|p2a: Dragapult|spa|2
|move|p1a: Gardenia|Moonblast|p2a: Dragapult
|-supereffective|p2a: Dragapult
|-damage|p2a: Dragapult|0 fnt
|faint|p2a: Dragapult
|
|upkeep
|
|t:|1769358719
|switch|p2a: Great Tusk|Great Tusk|100/100
|-damage|p2a: Great Tusk|98/100|[from] Stealth Rock
|-enditem|p2a: Great Tusk|Booster Energy
|-activate|p2a: Great Tusk|ability: Protosynthesis|[fromitem]
|-start|p2a: Great Tusk|protosynthesisatk
|turn|11
|inactive|kuraiyagare has 90 seconds left.
|
|t:|1769358747
|move|p1a: Gardenia|Vacuum Wave|p2a: Great Tusk
|-damage|p2a: Great Tusk|63/100
|move|p2a: Great Tusk|Ice Spinner|p1a: Gardenia
|-damage|p1a: Gardenia|0 fnt
|faint|p1a: Gardenia
|
|upkeep
|inactive|kuraiyagare has 90 seconds left.
|
|t:|1769358757
|switch|p1a: drifflim|Drifblim, F|100/100
|turn|12
|
|t:|1769358762
|move|p2a: Great Tusk|Ice Spinner|p1a: drifflim
|-supereffective|p1a: drifflim
|-damage|p1a: drifflim|10/100
|-enditem|p1a: drifflim|Weakness Policy
|-boost|p1a: drifflim|atk|2|[from] item: Weakness Policy
|-boost|p1a: drifflim|spa|2|[from] item: Weakness Policy
|move|p1a: drifflim|Strength Sap|p2a: Great Tusk
|-unboost|p2a: Great Tusk|atk|1
|-heal|p1a: drifflim|92/100
|
|upkeep
|turn|13
|inactive|kuraiyagare has 90 seconds left.
|
|t:|1769358790
|-end|p2a: Great Tusk|Protosynthesis|[silent]
|switch|p2a: Moltres|Moltres|100/100
|move|p1a: drifflim|Calm Mind|p1a: drifflim
|-boost|p1a: drifflim|spa|1
|-boost|p1a: drifflim|spd|1
|
|upkeep
|turn|14
|
|t:|1769358796
|move|p1a: drifflim|Thunderbolt|p2a: Moltres
|-supereffective|p2a: Moltres
|-damage|p2a: Moltres|0 fnt
|faint|p2a: Moltres
|
|upkeep
|
|t:|1769358805
|switch|p2a: Great Tusk|Great Tusk|63/100
|-damage|p2a: Great Tusk|60/100|[from] Stealth Rock
|turn|15
|
|t:|1769358817
|-terastallize|p2a: Great Tusk|Ice
|move|p1a: drifflim|Shadow Ball|p2a: Great Tusk
|-damage|p2a: Great Tusk|0 fnt
|faint|p2a: Great Tusk
|-end|p2a: Great Tusk|Protosynthesis|[silent]
|
|upkeep
|
|t:|1769358832
|switch|p2a: Kingambit|Kingambit, M, shiny|100/100
|-damage|p2a: Kingambit|94/100|[from] Stealth Rock
|-activate|p2a: Kingambit|ability: Supreme Overlord
|-start|p2a: Kingambit|fallen5|[silent]
|turn|16
|inactive|kuraiyagare has 90 seconds left.
|
|t:|1769358854
|-terastallize|p1a: drifflim|Fighting
|move|p1a: drifflim|Thunderbolt|p2a: Kingambit
|-damage|p2a: Kingambit|35/100
|move|p2a: Kingambit|Kowtow Cleave|p1a: drifflim
|-resisted|p1a: drifflim
|-damage|p1a: drifflim|40/100
|
|upkeep
|turn|17
|
|t:|1769358864
|move|p1a: drifflim|Strength Sap|p2a: Kingambit
|-unboost|p2a: Kingambit|atk|1
|-heal|p1a: drifflim|100/100
|move|p2a: Kingambit|Kowtow Cleave|p1a: drifflim
|-resisted|p1a: drifflim
|-damage|p1a: drifflim|61/100
|
|upkeep
|turn|18
|
|t:|1769358872
|move|p1a: drifflim|Thunderbolt|p2a: Kingambit
|-damage|p2a: Kingambit|0 fnt
|faint|p2a: Kingambit
|-end|p2a: Kingambit|fallen5|[silent]
|
|win|kuraiyagare
|raw|kuraiyagare's rating: 1238 &rarr; <strong>1267</strong><br />(+29 for winning)
|raw|St. Saturn's rating: 1296 &rarr; <strong>1267</strong><br />(-29 for losing)
|l|☆St. Saturn
|player|p2|
|l|☆kuraiyagare
|player|p1|
