|j|☆KenjiShiguma
|j|☆enderpop
|t:|1769350276
|gametype|singles
|player|p1|KenjiShiguma|pokemonbreeder-gen4|1086
|player|p2|enderpop|ethan|1120
|gen|9
|tier|[Gen 9] OU
|rated|
|rule|HP Percentage Mod: HP is shown in percentages
|rule|Endless Battle Clause: Forcing endless battles is banned
|rule|Species Clause: Limit one of each Pokémon
|rule|OHKO Clause: OHKO moves are banned
|rule|Evasion Items Clause: Evasion items are banned
|rule|Evasion Moves Clause: Evasion moves are banned
|rule|Evasion Abilities Clause: Evasion abilities are banned
|rule|Sleep Moves Clause: Sleep-inducing moves are banned
|clearpoke
|poke|p1|Cinccino, M|
|poke|p1|Ambipom, F|
|poke|p1|Greedent, F|
|poke|p1|Dusclops, F|
|poke|p1|Mismagius, F|
|poke|p1|Lucario, F|
|poke|p2|Chandelure, F|
|poke|p2|Ninetales-Alola, M|
|poke|p2|Iron Valiant|
|poke|p2|Weavile, F|
|poke|p2|Dragapult, M|
|poke|p2|Raichu-Alola, F|
|teampreview
|inactive|Battle timer is ON: inactive players will automatically lose when time's up. (requested by enderpop)
|
|t:|1769350285
|teamsize|p1|6
|teamsize|p2|6
|start
|switch|p1a: Ambipom|Ambipom, F|100/100
|switch|p2a: Raichu|Raichu-Alola, F|100/100
|turn|1
|
|t:|1769350291
|move|p1a: Ambipom|Fake Out|p2a: Raichu
|-damage|p2a: Raichu|23/100
|cant|p2a: Raichu|flinch
|
|upkeep
|turn|2
|
|t:|1769350300
|move|p1a: Ambipom|Last Resort|p2a: Raichu
|-damage|p2a: Raichu|0 fnt
|faint|p2a: Raichu
|
|upkeep
|
|t:|1769350303
|switch|p2a: Chandelure|Chandelure, F, shiny|100/100
|turn|3
|
|t:|1769350310
|switch|p1a: Dusclops|Dusclops, F|100/100
|-ability|p1a: Dusclops|Pressure
|move|p2a: Chandelure|Fire Blast|p1a: Dusclops
|-damage|p1a: Dusclops|58/100
|-status|p1a: Dusclops|brn
|
|-damage|p1a: Dusclops|52/100 brn|[from] brn
|upkeep
|turn|4
|
|t:|1769350323
|-terastallize|p2a: Chandelure|Grass
|-terastallize|p1a: Dusclops|Poison
|move|p2a: Chandelure|Shadow Ball|p1a: Dusclops
|-damage|p1a: Dusclops|24/100 brn
|-unboost|p1a: Dusclops|spd|1
|move|p1a: Dusclops|Pain Split|p2a: Chandelure
|-sethp|p2a: Chandelure|63/100|[from] move: Pain Split|[silent]
|-sethp|p1a: Dusclops|58/100 brn|[from] move: Pain Split
|
|-damage|p1a: Dusclops|52/100 brn|[from] brn
|upkeep
|turn|5
|
|t:|1769350344
|switch|p1a: Mismagius|Mismagius, F|100/100
|move|p2a: Chandelure|Fire Blast|p1a: Mismagius
|-damage|p1a: Mismagius|46/100
|
|upkeep
|turn|6
|
|t:|1769350352
|move|p1a: Mismagius|Mystical Fire|p2a: Chandelure
|-start|p2a: Chandelure|ability: Flash Fire
|move|p2a: Chandelure|Fire Blast|p1a: Mismagius
|-damage|p1a: Mismagius|0 fnt
|faint|p1a: Mismagius
|
|upkeep
|
|t:|1769350361
|switch|p1a: Ambipom|Ambipom, F|100/100
|turn|7
|
|t:|1769350366
|move|p1a: Ambipom|Fake Out|p2a: Chandelure
|-damage|p2a: Chandelure|17/100
|cant|p2a: Chandelure|flinch
|
|upkeep
|turn|8
|
|t:|1769350372
|move|p1a: Ambipom|Last Resort|p2a: Chandelure
|-damage|p2a: Chandelure|0 fnt
|faint|p2a: Chandelure
|
|upkeep
|
|t:|1769350374
|switch|p2a: Dragapult|Dragapult, M|100/100
|turn|9
|
|t:|1769350380
|switch|p1a: Cinccino|Cinccino, M|100/100
|move|p2a: Dragapult|Flamethrower|p1a: Cinccino
|-damage|p1a: Cinccino|63/100
|
|upkeep
|turn|10
|
|t:|1769350389
|move|p2a: Dragapult|Draco Meteor|p1a: Cinccino
|-damage|p1a: Cinccino|0 fnt
|-unboost|p2a: Dragapult|spa|2
|faint|p1a: Cinccino
|
|upkeep
|
|t:|1769350395
|switch|p1a: Lucario|Lucario, F|100/100
|turn|11
|
|t:|1769350404
|switch|p2a: Iron Valiant|Iron Valiant|100/100
|-enditem|p2a: Iron Valiant|Booster Energy
|-activate|p2a: Iron Valiant|ability: Quark Drive|[fromitem]
|-start|p2a: Iron Valiant|quarkdrivespe
|move|p1a: Lucario|Flash Cannon|p2a: Iron Valiant
|-supereffective|p2a: Iron Valiant
|-damage|p2a: Iron Valiant|0 fnt
|faint|p2a: Iron Valiant
|-end|p2a: Iron Valiant|Quark Drive|[silent]
|
|upkeep
|
|t:|1769350411
|switch|p2a: Ninetales|Ninetales-Alola, M|100/100
|-weather|Snowscape|[from] ability: Snow Warning|[of] p2a: Ninetales
|turn|12
|
|t:|1769350418
|move|p2a: Ninetales|Moonblast|p1a: Lucario
|-damage|p1a: Lucario|44/100
|move|p1a: Lucario|Flash Cannon|p2a: Ninetales
|-supereffective|p2a: Ninetales
|-damage|p2a: Ninetales|0 fnt
|faint|p2a: Ninetales
|
|-weather|Snowscape|[upkeep]
|upkeep
|
|t:|1769350426
|switch|p2a: Dragapult|Dragapult, M|100/100
|turn|13
|
|t:|1769350431
|switch|p1a: Greedent|Greedent, F|100/100
|move|p2a: Dragapult|Shadow Ball|p1a: Greedent
|-immune|p1a: Greedent
|
|-weather|Snowscape|[upkeep]
|upkeep
|turn|14
|
|t:|1769350440
|move|p2a: Dragapult|Draco Meteor|p1a: Greedent
|-damage|p1a: Greedent|42/100
|-unboost|p2a: Dragapult|spa|2
|-enditem|p1a: Greedent|Sitrus Berry|[eat]
|-heal|p1a: Greedent|67/100|[from] item: Sitrus Berry
|-heal|p1a: Greedent|99/100|[from] ability: Cheek Pouch
|move|p1a: Greedent|Last Resort||[still]
|-fail|p1a: Greedent
|
|-weather|Snowscape|[upkeep]
|upkeep
|turn|15
|
|t:|1769350454
|switch|p2a: Weavile|Weavile, F|100/100
|-ability|p2a: Weavile|Pressure
|switch|p1a: Dusclops|Dusclops, F, tera:Poison|52/100 brn
|-ability|p1a: Dusclops|Pressure
|
|-weather|Snowscape|[upkeep]
|-damage|p1a: Dusclops|46/100 brn|[from] brn
|upkeep
|turn|16
|
|t:|1769350465
|move|p2a: Weavile|Knock Off|p1a: Dusclops
|-damage|p1a: Dusclops|25/100 brn
|-enditem|p1a: Dusclops|Eviolite|[from] move: Knock Off|[of] p2a: Weavile
|move|p1a: Dusclops|Will-O-Wisp|p2a: Weavile
|-status|p2a: Weavile|brn
|
|-weather|none
|-damage|p2a: Weavile|94/100 brn|[from] brn
|-damage|p1a: Dusclops|19/100 brn|[from] brn
|upkeep
|turn|17
|
|t:|1769350475
|move|p2a: Weavile|Icicle Crash|p1a: Dusclops
|-damage|p1a: Dusclops|3/100 brn
|cant|p1a: Dusclops|flinch
|
|-damage|p2a: Weavile|88/100 brn|[from] brn
|-damage|p1a: Dusclops|0 fnt|[from] brn
|faint|p1a: Dusclops
|upkeep
|
|t:|1769350485
|switch|p1a: Lucario|Lucario, F|44/100
|turn|18
|
|t:|1769350492
|move|p2a: Weavile|Ice Shard|p1a: Lucario
|-resisted|p1a: Lucario
|-damage|p1a: Lucario|35/100
|move|p1a: Lucario|Flash Cannon|p2a: Weavile
|-supereffective|p2a: Weavile
|-damage|p2a: Weavile|0 fnt
|faint|p2a: Weavile
|
|upkeep
|
|t:|1769350496
|switch|p2a: Dragapult|Dragapult, M|100/100
|turn|19
|
|t:|1769350503
|switch|p1a: Greedent|Greedent, F|99/100
|move|p2a: Dragapult|Draco Meteor|p1a: Greedent
|-damage|p1a: Greedent|48/100
|-unboost|p2a: Dragapult|spa|2
|
|upkeep
|turn|20
|
|t:|1769350510
|move|p2a: Dragapult|Sucker Punch|p1a: Greedent
|-damage|p1a: Greedent|36/100
|move|p1a: Greedent|Last Resort||[still]
|-fail|p1a: Greedent
|
|upkeep
|turn|21
|
|t:|1769350516
|move|p2a: Dragapult|Sucker Punch|p1a: Greedent
|-damage|p1a: Greedent|22/100
|move|p1a: Greedent|Last Resort||[still]
|-fail|p1a: Greedent
|
|upkeep
|turn|22
|
|t:|1769350521
|move|p2a: Dragapult|Draco Meteor|p1a: Greedent
|-damage|p1a: Greedent|0 fnt
|-unboost|p2a: Dragapult|spa|2
|faint|p1a: Greedent
|
|upkeep
|
|t:|1769350528
|switch|p1a: Lucario|Lucario, F|35/100
|turn|23
|
|t:|1769350532
|move|p2a: Dragapult|Flamethrower|p1a: Lucario
|-supereffective|p1a: Lucario
|-damage|p1a: Lucario|8/100
|move|p1a: Lucario|Dragon Pulse|p2a: Dragapult
|-supereffective|p2a: Dragapult
|-damage|p2a: Dragapult|29/100
|
|upkeep
|turn|24
|
|t:|1769350541
|move|p2a: Dragapult|Flamethrower|p1a: Lucario
|-supereffective|p1a: Lucario
|-damage|p1a: Lucario|0 fnt
|faint|p1a: Lucario
|
|upkeep
|-message|KenjiShiguma forfeited.
|
|win|enderpop
|raw|KenjiShiguma's rating: 1086 &rarr; <strong>1065</strong><br />(-21 for losing)
|raw|enderpop's rating: 1120 &rarr; <strong>1143</strong><br />(+23 for winning)
|l|☆KenjiShiguma
|player|p1|
|l|☆enderpop
|player|p2|
