|j|☆scrappyflamigo
|j|☆WeRrsome
|t:|1769443298
|gametype|singles
|player|p1|scrappyflamigo|lusamine-nihilego|1618
|player|p2|WeRrsome|1|1646
|gen|9
|tier|[Gen 9] OU
|rated|
|rule|HP Percentage Mod: HP is shown in percentages
|rule|Endless Battle Clause: Forcing endless battles is banned
|rule|Species Clause: Limit one of each Pokémon
|rule|OHKO Clause: OHKO moves are banned
|rule|Evasion Items Clause: Evasion items are banned
|rule|Evasion Moves Clause: Evasion moves are banned
|rule|Evasion Abilities Clause: Evasion abilities are banned
|rule|Sleep Moves Clause: Sleep-inducing moves are banned
|clearpoke
|poke|p1|Great Tusk|
|poke|p1|Pecharunt|
|poke|p1|Iron Valiant|
|poke|p1|Iron Crown|
|poke|p1|Samurott-Hisui, M|
|poke|p1|Dragonite, M|
|poke|p2|Araquanid, F|
|poke|p2|Raging Bolt|
|poke|p2|Dragonite, F|
|poke|p2|Iron Treads|
|poke|p2|Landorus-Therian, M|
|poke|p2|Ogerpon, F|
|teampreview
|inactive|Battle timer is ON: inactive players will automatically lose when time's up. (requested by WeRrsome)
|inactive|scrappyflamigo has 120 seconds left.
|
|t:|1769443358
|teamsize|p1|6
|teamsize|p2|6
|start
|switch|p1a: Samurott|Samurott-Hisui, M, shiny|100/100
|switch|p2a: Landorus|Landorus-Therian, M|100/100
|-ability|p2a: Landorus|Intimidate|boost
|-unboost|p1a: Samurott|atk|1
|turn|1
|
|t:|1769443368
|switch|p1a: Pecharunt|Pecharunt|100/100
|move|p2a: Landorus|U-turn|p1a: Pecharunt
|-resisted|p1a: Pecharunt
|-damage|p1a: Pecharunt|98/100
|-damage|p2a: Landorus|84/100|[from] item: Rocky Helmet|[of] p1a: Pecharunt
|
|t:|1769443383
|switch|p2a: Iron Treads|Iron Treads|100/100|[from] U-turn
|
|upkeep
|turn|2
|
|t:|1769443392
|move|p2a: Iron Treads|Knock Off|p1a: Pecharunt
|-supereffective|p1a: Pecharunt
|-damage|p1a: Pecharunt|75/100
|-damage|p2a: Iron Treads|84/100|[from] item: Rocky Helmet|[of] p1a: Pecharunt
|-enditem|p1a: Pecharunt|Rocky Helmet|[from] move: Knock Off|[of] p2a: Iron Treads
|move|p1a: Pecharunt|Parting Shot|p2a: Iron Treads
|-unboost|p2a: Iron Treads|atk|1
|-unboost|p2a: Iron Treads|spa|1
|inactive|scrappyflamigo has 120 seconds left.
|
|t:|1769443445
|switch|p1a: Samurott|Samurott-Hisui, M, shiny|100/100|[from] Parting Shot
|
|upkeep
|turn|3
|
|t:|1769443456
|-end|p2a: Iron Treads|Quark Drive|[silent]
|switch|p2a: Dragonite|Dragonite, F|100/100
|move|p1a: Samurott|Ceaseless Edge|p2a: Dragonite
|-damage|p2a: Dragonite|81/100
|-damage|p1a: Samurott|84/100|[from] item: Rocky Helmet|[of] p2a: Dragonite
|-sidestart|p2: WeRrsome|Spikes
|
|upkeep
|turn|4
|
|t:|1769443462
|move|p1a: Samurott|Ceaseless Edge|p2a: Dragonite
|-damage|p2a: Dragonite|45/100
|-damage|p1a: Samurott|67/100|[from] item: Rocky Helmet|[of] p2a: Dragonite
|-sidestart|p2: WeRrsome|Spikes
|move|p2a: Dragonite|Thunder Wave|p1a: Samurott
|-status|p1a: Samurott|par
|
|upkeep
|turn|5
|inactive|scrappyflamigo has 120 seconds left.
|
|t:|1769443470
|move|p2a: Dragonite|Roost|p2a: Dragonite
|-heal|p2a: Dragonite|95/100
|-singleturn|p2a: Dragonite|move: Roost
|move|p1a: Samurott|Knock Off|p2a: Dragonite
|-damage|p2a: Dragonite|56/100
|-damage|p1a: Samurott|51/100 par|[from] item: Rocky Helmet|[of] p2a: Dragonite
|-enditem|p2a: Dragonite|Rocky Helmet|[from] move: Knock Off|[of] p1a: Samurott
|
|upkeep
|turn|6
|
|t:|1769443478
|move|p2a: Dragonite|Roost|p2a: Dragonite
|-heal|p2a: Dragonite|100/100
|-singleturn|p2a: Dragonite|move: Roost
|move|p1a: Samurott|Ceaseless Edge|p2a: Dragonite
|-damage|p2a: Dragonite|81/100
|-sidestart|p2: WeRrsome|Spikes
|
|upkeep
|turn|7
|
|t:|1769443485
|switch|p1a: Great Tusk|Great Tusk|100/100
|move|p2a: Dragonite|Dragon Tail|p1a: Great Tusk
|-damage|p1a: Great Tusk|83/100
|-end|p1a: Great Tusk|Protosynthesis|[silent]
|drag|p1a: Samurott|Samurott-Hisui, M, shiny|51/100 par
|
|upkeep
|turn|8
|
|t:|1769443493
|move|p1a: Samurott|Flip Turn|p2a: Dragonite
|-resisted|p2a: Dragonite
|-damage|p2a: Dragonite|70/100
|
|t:|1769443497
|switch|p1a: Iron Valiant|Iron Valiant, shiny|100/100|[from] Flip Turn
|move|p2a: Dragonite|Dragon Tail|p1a: Iron Valiant
|-immune|p1a: Iron Valiant
|
|upkeep
|turn|9
|
|t:|1769443511
|switch|p2a: Iron Treads|Iron Treads|84/100
|-damage|p2a: Iron Treads|59/100|[from] Spikes
|move|p1a: Iron Valiant|Moonblast|p2a: Iron Treads
|-resisted|p2a: Iron Treads
|-damage|p2a: Iron Treads|40/100
|-unboost|p2a: Iron Treads|spa|1
|
|upkeep
|turn|10
|
|t:|1769443520
|-end|p1a: Iron Valiant|Quark Drive|[silent]
|switch|p1a: Pecharunt|Pecharunt|75/100
|move|p2a: Iron Treads|Iron Head|p1a: Pecharunt
|-damage|p1a: Pecharunt|61/100
|
|upkeep
|turn|11
|
|t:|1769443526
|move|p2a: Iron Treads|Earthquake|p1a: Pecharunt
|-supereffective|p1a: Pecharunt
|-damage|p1a: Pecharunt|26/100
|move|p1a: Pecharunt|Recover|p1a: Pecharunt
|-heal|p1a: Pecharunt|76/100
|
|upkeep
|turn|12
|
|t:|1769443539
|-end|p2a: Iron Treads|Quark Drive|[silent]
|switch|p2a: Araquanid|Araquanid, F|100/100
|move|p1a: Pecharunt|Recover|p1a: Pecharunt
|-heal|p1a: Pecharunt|100/100
|
|upkeep
|turn|13
|
|t:|1769443545
|move|p1a: Pecharunt|Malignant Chain|p2a: Araquanid
|-damage|p2a: Araquanid|75/100
|-status|p2a: Araquanid|tox
|-start|p2a: Araquanid|confusion|[from] ability: Poison Puppeteer|[of] p1a: Pecharunt
|-activate|p2a: Araquanid|confusion
|-damage|p2a: Araquanid|63/100 tox|[from] confusion
|
|-damage|p2a: Araquanid|57/100 tox|[from] psn
|upkeep
|turn|14
|
|t:|1769443556
|move|p1a: Pecharunt|Parting Shot|p2a: Araquanid
|-unboost|p2a: Araquanid|atk|1
|-unboost|p2a: Araquanid|spa|1
|
|t:|1769443559
|switch|p1a: Samurott|Samurott-Hisui, M, shiny|51/100 par|[from] Parting Shot
|-activate|p2a: Araquanid|confusion
|move|p2a: Araquanid|Sticky Web|p1a: Samurott
|-sidestart|p1: scrappyflamigo|move: Sticky Web
|
|-damage|p2a: Araquanid|45/100 tox|[from] psn
|upkeep
|turn|15
|
|t:|1769443565
|move|p1a: Samurott|Ceaseless Edge|p2a: Araquanid
|-damage|p2a: Araquanid|0 fnt
|faint|p2a: Araquanid
|
|upkeep
|
|t:|1769443569
|switch|p2a: Landorus|Landorus-Therian, M|84/100
|-ability|p2a: Landorus|Intimidate|boost
|-unboost|p1a: Samurott|atk|1
|turn|16
|
|t:|1769443575
|move|p2a: Landorus|U-turn|p1a: Samurott
|-supereffective|p1a: Samurott
|-damage|p1a: Samurott|0 fnt
|faint|p1a: Samurott
|
|t:|1769443580
|switch|p2a: Ogerpon|Ogerpon, F|100/100|[from] U-turn
|-damage|p2a: Ogerpon|76/100|[from] Spikes
|
|upkeep
|
|t:|1769443598
|switch|p1a: Iron Crown|Iron Crown|100/100
|-activate|p1a: Iron Crown|move: Sticky Web
|-unboost|p1a: Iron Crown|spe|1
|turn|17
|
|t:|1769443607
|move|p2a: Ogerpon|U-turn|p1a: Iron Crown
|-damage|p1a: Iron Crown|65/100
|
|t:|1769443610
|switch|p2a: Iron Treads|Iron Treads|40/100|[from] U-turn
|-damage|p2a: Iron Treads|15/100|[from] Spikes
|move|p1a: Iron Crown|Volt Switch|p2a: Iron Treads
|-immune|p2a: Iron Treads
|
|upkeep
|turn|18
|
|t:|1769443616
|-end|p1a: Iron Crown|Quark Drive|[silent]
|switch|p1a: Pecharunt|Pecharunt|100/100
|-activate|p1a: Pecharunt|move: Sticky Web
|-unboost|p1a: Pecharunt|spe|1
|move|p2a: Iron Treads|Earthquake|p1a: Pecharunt
|-supereffective|p1a: Pecharunt
|-damage|p1a: Pecharunt|63/100
|
|upkeep
|turn|19
|
|t:|1769443627
|-end|p2a: Iron Treads|Quark Drive|[silent]
|switch|p2a: Landorus|Landorus-Therian, M|84/100
|-ability|p2a: Landorus|Intimidate|boost
|-unboost|p1a: Pecharunt|atk|1
|move|p1a: Pecharunt|Recover|p1a: Pecharunt
|-heal|p1a: Pecharunt|100/100
|
|upkeep
|turn|20
|
|t:|1769443638
|-terastallize|p1a: Pecharunt|Ghost
|move|p2a: Landorus|Earthquake|p1a: Pecharunt
|-damage|p1a: Pecharunt|75/100
|move|p1a: Pecharunt|Malignant Chain|p2a: Landorus
|-resisted|p2a: Landorus
|-damage|p2a: Landorus|63/100
|-status|p2a: Landorus|tox
|-start|p2a: Landorus|confusion|[from] ability: Poison Puppeteer|[of] p1a: Pecharunt
|
|-damage|p2a: Landorus|57/100 tox|[from] psn
|upkeep
|turn|21
|
|t:|1769443654
|switch|p2a: Dragonite|Dragonite, F|70/100
|move|p1a: Pecharunt|Parting Shot|p2a: Dragonite
|-unboost|p2a: Dragonite|atk|1
|-unboost|p2a: Dragonite|spa|1
|
|t:|1769443660
|switch|p1a: Great Tusk|Great Tusk|83/100|[from] Parting Shot
|
|upkeep
|turn|22
|
|t:|1769443665
|switch|p2a: Iron Treads|Iron Treads|15/100
|-damage|p2a: Iron Treads|0 fnt|[from] Spikes
|faint|p2a: Iron Treads
|-end|p2a: Iron Treads|Quark Drive|[silent]
|move|p1a: Great Tusk|Ice Spinner|p2: Iron Treads|[notarget]
|-fail|p1a: Great Tusk
|
|upkeep
|
|t:|1769443670
|switch|p2a: Ogerpon|Ogerpon, F|76/100
|-damage|p2a: Ogerpon|51/100|[from] Spikes
|turn|23
|
|t:|1769443678
|-end|p1a: Great Tusk|Protosynthesis|[silent]
|switch|p1a: Dragonite|Dragonite, M|100/100
|move|p2a: Ogerpon|Ivy Cudgel|p1a: Dragonite
|-resisted|p1a: Dragonite
|-crit|p1a: Dragonite
|-damage|p1a: Dragonite|86/100
|
|upkeep
|turn|24
|
|t:|1769443690
|switch|p2a: Dragonite|Dragonite, F|70/100
|move|p1a: Dragonite|Roost|p1a: Dragonite
|-heal|p1a: Dragonite|100/100
|-singleturn|p1a: Dragonite|move: Roost
|
|upkeep
|turn|25
|
|t:|1769443699
|switch|p1a: Iron Crown|Iron Crown|65/100
|-activate|p1a: Iron Crown|move: Sticky Web
|-unboost|p1a: Iron Crown|spe|1
|move|p2a: Dragonite|Ice Beam|p1a: Iron Crown
|-resisted|p1a: Iron Crown
|-damage|p1a: Iron Crown|58/100
|
|upkeep
|turn|26
|
|t:|1769443712
|move|p1a: Iron Crown|Tachyon Cutter|p2a: Dragonite
|-damage|p2a: Dragonite|50/100
|-damage|p2a: Dragonite|30/100
|-hitcount|p2a: Dragonite|2
|move|p2a: Dragonite|Thunder Wave|p1a: Iron Crown
|-status|p1a: Iron Crown|par
|
|upkeep
|turn|27
|
|t:|1769443719
|move|p2a: Dragonite|Roost|p2a: Dragonite
|-heal|p2a: Dragonite|80/100
|-singleturn|p2a: Dragonite|move: Roost
|cant|p1a: Iron Crown|par
|
|upkeep
|turn|28
|
|t:|1769443724
|move|p2a: Dragonite|Roost|p2a: Dragonite
|-heal|p2a: Dragonite|100/100
|-singleturn|p2a: Dragonite|move: Roost
|move|p1a: Iron Crown|Psychic Noise|p2a: Dragonite
|-damage|p2a: Dragonite|84/100
|-start|p2a: Dragonite|move: Heal Block
|
|upkeep
|turn|29
|
|t:|1769443732
|move|p1a: Iron Crown|Tachyon Cutter|p2a: Dragonite
|-damage|p2a: Dragonite|62/100
|-damage|p2a: Dragonite|38/100
|-hitcount|p2a: Dragonite|2
|move|p2a: Dragonite|Dragon Tail|p1a: Iron Crown
|-resisted|p1a: Iron Crown
|-damage|p1a: Iron Crown|46/100 par
|-end|p1a: Iron Crown|Quark Drive|[silent]
|drag|p1a: Iron Valiant|Iron Valiant, shiny|100/100
|-activate|p1a: Iron Valiant|move: Sticky Web
|-unboost|p1a: Iron Valiant|spe|1
|
|-end|p2a: Dragonite|move: Heal Block
|upkeep
|turn|30
|
|t:|1769443745
|move|p1a: Iron Valiant|Moonblast|p2a: Dragonite
|-supereffective|p2a: Dragonite
|-damage|p2a: Dragonite|0 fnt
|faint|p2a: Dragonite
|
|upkeep
|
|t:|1769443753
|switch|p2a: Ogerpon|Ogerpon, F|51/100
|-damage|p2a: Ogerpon|26/100|[from] Spikes
|turn|31
|
|t:|1769443763
|-end|p1a: Iron Valiant|Quark Drive|[silent]
|switch|p1a: Iron Crown|Iron Crown|46/100 par
|-activate|p1a: Iron Crown|move: Sticky Web
|-unboost|p1a: Iron Crown|spe|1
|move|p2a: Ogerpon|Rock Tomb|p1a: Iron Crown
|-resisted|p1a: Iron Crown
|-damage|p1a: Iron Crown|31/100 par
|-unboost|p1a: Iron Crown|spe|1
|
|upkeep
|turn|32
|
|t:|1769443777
|switch|p2a: Landorus|Landorus-Therian, M|57/100 tox
|-ability|p2a: Landorus|Intimidate|boost
|-unboost|p1a: Iron Crown|atk|1
|cant|p1a: Iron Crown|par
|
|-damage|p2a: Landorus|51/100 tox|[from] psn
|upkeep
|turn|33
|
|t:|1769443786
|move|p2a: Landorus|Stealth Rock|p1a: Iron Crown
|-sidestart|p1: scrappyflamigo|move: Stealth Rock
|move|p1a: Iron Crown|Psychic Noise|p2a: Landorus
|-damage|p2a: Landorus|5/100 tox
|-start|p2a: Landorus|move: Heal Block
|
|-damage|p2a: Landorus|0 fnt|[from] psn
|faint|p2a: Landorus
|upkeep
|
|t:|1769443793
|switch|p2a: Raging Bolt|Raging Bolt|100/100
|-damage|p2a: Raging Bolt|76/100|[from] Spikes
|turn|34
|
|t:|1769443799
|move|p2a: Raging Bolt|Thunderbolt|p1a: Iron Crown
|-damage|p1a: Iron Crown|0 fnt
|faint|p1a: Iron Crown
|-end|p1a: Iron Crown|Quark Drive|[silent]
|
|upkeep
|
|t:|1769443809
|switch|p1a: Great Tusk|Great Tusk|83/100
|turn|35
|
|t:|1769443813
|move|p1a: Great Tusk|Rapid Spin|p2a: Raging Bolt
|-damage|p2a: Raging Bolt|61/100
|-boost|p1a: Great Tusk|spe|1
|-sideend|p1: scrappyflamigo|Stealth Rock|[from] move: Rapid Spin|[of] p1a: Great Tusk
|-sideend|p1: scrappyflamigo|Sticky Web|[from] move: Rapid Spin|[of] p1a: Great Tusk
|move|p2a: Raging Bolt|Draco Meteor|p1a: Great Tusk
|-damage|p1a: Great Tusk|0 fnt
|-unboost|p2a: Raging Bolt|spa|2
|faint|p1a: Great Tusk
|-end|p1a: Great Tusk|Protosynthesis|[silent]
|
|upkeep
|
|t:|1769443823
|switch|p1a: Iron Valiant|Iron Valiant, shiny|100/100
|turn|36
|
|t:|1769443827
|-end|p2a: Raging Bolt|Protosynthesis|[silent]
|switch|p2a: Ogerpon|Ogerpon, F|26/100
|-damage|p2a: Ogerpon|1/100|[from] Spikes
|move|p1a: Iron Valiant|Moonblast|p2a: Ogerpon
|-damage|p2a: Ogerpon|0 fnt
|faint|p2a: Ogerpon
|
|upkeep
|c|☆scrappyflamigo|ggwp
|
|t:|1769443831
|switch|p2a: Raging Bolt|Raging Bolt|61/100
|-damage|p2a: Raging Bolt|36/100|[from] Spikes
|turn|37
|
|t:|1769443839
|move|p2a: Raging Bolt|Thunderclap|p1a: Iron Valiant
|-damage|p1a: Iron Valiant|12/100
|move|p1a: Iron Valiant|Moonblast|p2a: Raging Bolt
|-supereffective|p2a: Raging Bolt
|-damage|p2a: Raging Bolt|0 fnt
|faint|p2a: Raging Bolt
|-end|p2a: Raging Bolt|Protosynthesis|[silent]
|
|win|scrappyflamigo
|raw|scrappyflamigo's rating: 1618 &rarr; <strong>1640</strong><br />(+22 for winning)
|raw|WeRrsome's rating: 1646 &rarr; <strong>1624</strong><br />(-22 for losing)
