|j|☆Skayboy31
|j|☆Gornaldo
|t:|1769351432
|gametype|singles
|player|p1|Skayboy31|lucas|1074
|player|p2|Gornaldo|101|1120
|gen|9
|tier|[Gen 9] OU
|rated|
|rule|HP Percentage Mod: HP is shown in percentages
|rule|Endless Battle Clause: Forcing endless battles is banned
|rule|Species Clause: Limit one of each Pokémon
|rule|OHKO Clause: OHKO moves are banned
|rule|Evasion Items Clause: Evasion items are banned
|rule|Evasion Moves Clause: Evasion moves are banned
|rule|Evasion Abilities Clause: Evasion abilities are banned
|rule|Sleep Moves Clause: Sleep-inducing moves are banned
|clearpoke
|poke|p1|Walking Wake|
|poke|p1|Amoonguss, M|
|poke|p1|Hatterene, F|
|poke|p1|Torkoal, F|
|poke|p1|Kingambit, M|
|poke|p1|Seedot, M|
|poke|p2|Garganacl, F|
|poke|p2|Volcanion|
|poke|p2|Weezing-Galar, M|
|poke|p2|Samurott-Hisui, F|
|poke|p2|Deoxys-Speed|
|poke|p2|Enamorus, F|
|teampreview
|inactive|Battle timer is ON: inactive players will automatically lose when time's up. (requested by Skayboy31)
|
|t:|1769351442
|teamsize|p1|6
|teamsize|p2|6
|start
|switch|p1a: Seedot|Seedot, M|100/100
|switch|p2a: Deoxys|Deoxys-Speed|100/100
|-ability|p2a: Deoxys|Pressure
|turn|1
|
|t:|1769351456
|move|p2a: Deoxys|Taunt|p1a: Seedot
|-start|p1a: Seedot|move: Taunt
|move|p1a: Seedot|Endeavor|p2a: Deoxys
|-damage|p2a: Deoxys|93/100
|
|upkeep
|turn|2
|
|t:|1769351465
|move|p2a: Deoxys|Stealth Rock|p1a: Seedot
|-sidestart|p1: Skayboy31|move: Stealth Rock
|move|p1a: Seedot|Endeavor|p2a: Deoxys
|-immune|p2a: Deoxys
|
|upkeep
|turn|3
|
|t:|1769351475
|move|p2a: Deoxys|Knock Off|p1a: Seedot
|-damage|p1a: Seedot|46/100
|-enditem|p1a: Seedot|Focus Sash|[from] move: Knock Off|[of] p2a: Deoxys
|-enditem|p2a: Deoxys|Focus Sash|[silent]|[from] ability: Pickpocket|[of] p2a: Deoxys
|-item|p1a: Seedot|Focus Sash|[from] ability: Pickpocket|[of] p2a: Deoxys
|move|p1a: Seedot|Endeavor|p2a: Deoxys
|-damage|p2a: Deoxys|42/100
|
|-end|p1a: Seedot|move: Taunt
|upkeep
|turn|4
|
|t:|1769351493
|move|p1a: Seedot|Endure|p1a: Seedot
|-singleturn|p1a: Seedot|move: Endure
|move|p2a: Deoxys|Knock Off|p1a: Seedot
|-activate|p1a: Seedot|move: Endure
|-damage|p1a: Seedot|1/100
|-enditem|p1a: Seedot|Focus Sash|[from] move: Knock Off|[of] p2a: Deoxys
|
|upkeep
|turn|5
|
|t:|1769351518
|switch|p1a: Torkoal|Torkoal, F|100/100
|-damage|p1a: Torkoal|75/100|[from] Stealth Rock
|-weather|SunnyDay|[from] ability: Drought|[of] p1a: Torkoal
|move|p2a: Deoxys|Knock Off|p1a: Torkoal
|-crit|p1a: Torkoal
|-damage|p1a: Torkoal|59/100
|-enditem|p1a: Torkoal|Heat Rock|[from] move: Knock Off|[of] p2a: Deoxys
|
|-weather|SunnyDay|[upkeep]
|upkeep
|turn|6
|
|t:|1769351531
|move|p2a: Deoxys|Psycho Boost|p1a: Torkoal|[miss]
|-miss|p2a: Deoxys|p1a: Torkoal
|move|p1a: Torkoal|Rapid Spin|p2a: Deoxys
|-damage|p2a: Deoxys|26/100
|-boost|p1a: Torkoal|spe|1
|-sideend|p1: Skayboy31|Stealth Rock|[from] move: Rapid Spin|[of] p1a: Torkoal
|
|-weather|SunnyDay|[upkeep]
|upkeep
|turn|7
|
|t:|1769351542
|move|p2a: Deoxys|Psycho Boost|p1a: Torkoal
|-damage|p1a: Torkoal|0 fnt
|-unboost|p2a: Deoxys|spa|2
|faint|p1a: Torkoal
|
|-weather|SunnyDay|[upkeep]
|upkeep
|
|t:|1769351550
|switch|p1a: Hatterene|Hatterene, F|100/100
|turn|8
|
|t:|1769351555
|move|p2a: Deoxys|Knock Off|p1a: Hatterene
|-damage|p1a: Hatterene|84/100
|-enditem|p1a: Hatterene|Leftovers|[from] move: Knock Off|[of] p2a: Deoxys
|move|p1a: Hatterene|Trick Room|p1a: Hatterene
|-fieldstart|move: Trick Room|[of] p1a: Hatterene
|
|-weather|SunnyDay|[upkeep]
|upkeep
|turn|9
|
|t:|1769351567
|move|p1a: Hatterene|Draining Kiss|p2a: Deoxys
|-damage|p2a: Deoxys|0 fnt
|-heal|p1a: Hatterene|99/100|[from] drain|[of] p2a: Deoxys
|faint|p2a: Deoxys
|
|-weather|SunnyDay|[upkeep]
|upkeep
|
|t:|1769351590
|switch|p2a: Volcanion|Volcanion|100/100
|turn|10
|
|t:|1769351594
|switch|p1a: Amoonguss|Amoonguss, M|100/100
|move|p2a: Volcanion|Flamethrower|p1a: Amoonguss
|-supereffective|p1a: Amoonguss
|-damage|p1a: Amoonguss|0 fnt
|faint|p1a: Amoonguss
|
|-weather|SunnyDay|[upkeep]
|upkeep
|
|t:|1769351605
|switch|p1a: Seedot|Seedot, M|1/100
|turn|11
|
|t:|1769351617
|move|p1a: Seedot|Endeavor|p2a: Volcanion
|-damage|p2a: Volcanion|1/100
|move|p2a: Volcanion|Flamethrower|p1a: Seedot
|-supereffective|p1a: Seedot
|-damage|p1a: Seedot|0 fnt
|faint|p1a: Seedot
|
|-weather|SunnyDay|[upkeep]
|upkeep
|
|t:|1769351627
|switch|p1a: Walking Wake|Walking Wake|100/100
|-activate|p1a: Walking Wake|ability: Protosynthesis
|-start|p1a: Walking Wake|protosynthesisspe
|turn|12
|
|t:|1769351639
|move|p2a: Volcanion|Sludge Wave|p1a: Walking Wake
|-damage|p1a: Walking Wake|58/100
|move|p1a: Walking Wake|Hydro Steam|p2a: Volcanion
|-heal|p2a: Volcanion|26/100|[from] ability: Water Absorb|[of] p1a: Walking Wake
|
|-weather|none
|-end|p1a: Walking Wake|Protosynthesis
|-fieldend|move: Trick Room
|upkeep
|turn|13
|
|t:|1769351655
|-end|p1a: Walking Wake|Protosynthesis|[silent]
|switch|p1a: Hatterene|Hatterene, F|99/100
|move|p2a: Volcanion|Sludge Wave|p1a: Hatterene
|-supereffective|p1a: Hatterene
|-damage|p1a: Hatterene|22/100
|
|upkeep
|turn|14
|-message|Skayboy31 forfeited.
|
|win|Gornaldo
|raw|Skayboy31's rating: 1074 &rarr; <strong>1056</strong><br />(-18 for losing)
|raw|Gornaldo's rating: 1120 &rarr; <strong>1142</strong><br />(+22 for winning)
|l|☆Skayboy31
|player|p1|
|l|☆Gornaldo
|player|p2|
