|j|☆suprya
|j|☆qways
|t:|1769295720
|gametype|singles
|player|p1|suprya|wattson|1697
|player|p2|qways|265|1591
|gen|9
|tier|[Gen 9] OU
|rated|
|rule|HP Percentage Mod: HP is shown in percentages
|rule|Endless Battle Clause: Forcing endless battles is banned
|rule|Species Clause: Limit one of each Pokémon
|rule|OHKO Clause: OHKO moves are banned
|rule|Evasion Items Clause: Evasion items are banned
|rule|Evasion Moves Clause: Evasion moves are banned
|rule|Evasion Abilities Clause: Evasion abilities are banned
|rule|Sleep Moves Clause: Sleep-inducing moves are banned
|clearpoke
|poke|p1|Sandaconda, F|
|poke|p1|Excadrill, F|
|poke|p1|Heatran, F|
|poke|p1|Enamorus-Therian, F|
|poke|p1|Raging Bolt|
|poke|p1|Meowscarada, F|
|poke|p2|Kyurem|
|poke|p2|Ogerpon-Wellspring, F|
|poke|p2|Ting-Lu|
|poke|p2|Cinderace, M|
|poke|p2|Slowking-Galar, F|
|poke|p2|Scizor, F|
|teampreview
|inactive|Battle timer is ON: inactive players will automatically lose when time's up. (requested by suprya)
|
|t:|1769295731
|teamsize|p1|6
|teamsize|p2|6
|start
|switch|p1a: Meowscarada|Meowscarada, F|100/100
|switch|p2a: Slowking|Slowking-Galar, F|100/100
|turn|1
|
|t:|1769295735
|move|p1a: Meowscarada|Knock Off|p2a: Slowking
|-start|p1a: Meowscarada|typechange|Dark|[from] ability: Protean
|-supereffective|p2a: Slowking
|-damage|p2a: Slowking|0 fnt
|-enditem|p2a: Slowking|Heavy-Duty Boots|[from] move: Knock Off|[of] p1a: Meowscarada
|faint|p2a: Slowking
|
|upkeep
|
|t:|1769295742
|switch|p2a: Ogerpon|Ogerpon-Wellspring, F|100/100
|turn|2
|
|t:|1769295755
|switch|p1a: Raging Bolt|Raging Bolt|100/100
|move|p2a: Ogerpon|Swords Dance|p2a: Ogerpon
|-boost|p2a: Ogerpon|atk|2
|
|upkeep
|turn|3
|
|t:|1769295765
|move|p1a: Raging Bolt|Thunderclap|p2a: Ogerpon
|-damage|p2a: Ogerpon|51/100
|move|p2a: Ogerpon|Play Rough|p1a: Raging Bolt
|-supereffective|p1a: Raging Bolt
|-damage|p1a: Raging Bolt|0 fnt
|faint|p1a: Raging Bolt
|-end|p1a: Raging Bolt|Protosynthesis|[silent]
|
|upkeep
|
|t:|1769295770
|switch|p1a: Meowscarada|Meowscarada, F|100/100
|turn|4
|
|t:|1769295774
|switch|p2a: Scizor|Scizor, F|100/100
|move|p1a: Meowscarada|U-turn|p2a: Scizor
|-start|p1a: Meowscarada|typechange|Bug|[from] ability: Protean
|-resisted|p2a: Scizor
|-damage|p2a: Scizor|75/100
|
|t:|1769295780
|switch|p1a: Heatran|Heatran, F|100/100|[from] U-turn
|
|upkeep
|turn|5
|
|t:|1769295786
|switch|p2a: Ting-Lu|Ting-Lu|100/100
|-ability|p2a: Ting-Lu|Vessel of Ruin
|move|p1a: Heatran|Will-O-Wisp|p2a: Ting-Lu
|-status|p2a: Ting-Lu|brn
|
|-damage|p2a: Ting-Lu|94/100 brn|[from] brn
|upkeep
|turn|6
|
|t:|1769295792
|switch|p2a: Ogerpon|Ogerpon-Wellspring, F|51/100
|move|p1a: Heatran|Taunt|p2a: Ogerpon
|-start|p2a: Ogerpon|move: Taunt
|
|upkeep
|turn|7
|
|t:|1769295814
|-terastallize|p1a: Heatran|Ghost
|move|p2a: Ogerpon|Ivy Cudgel|p1a: Heatran|[anim] Ivy Cudgel Water
|-damage|p1a: Heatran|54/100
|move|p1a: Heatran|Will-O-Wisp|p2a: Ogerpon|[miss]
|-miss|p1a: Heatran|p2a: Ogerpon
|
|-heal|p1a: Heatran|61/100|[from] item: Leftovers
|upkeep
|turn|8
|
|t:|1769295826
|switch|p1a: Meowscarada|Meowscarada, F|100/100
|move|p2a: Ogerpon|Power Whip|p1a: Meowscarada
|-resisted|p1a: Meowscarada
|-damage|p1a: Meowscarada|48/100
|
|-end|p2a: Ogerpon|move: Taunt
|upkeep
|turn|9
|j| canaryguy451
|
|t:|1769295838
|switch|p2a: Scizor|Scizor, F|75/100
|move|p1a: Meowscarada|Knock Off|p2a: Scizor
|-start|p1a: Meowscarada|typechange|Dark|[from] ability: Protean
|-damage|p2a: Scizor|11/100
|-enditem|p2a: Scizor|Choice Band|[from] move: Knock Off|[of] p1a: Meowscarada
|
|upkeep
|turn|10
|
|t:|1769295848
|switch|p1a: Sandaconda|Sandaconda, F|100/100
|move|p2a: Scizor|Bullet Punch|p1a: Sandaconda
|-damage|p1a: Sandaconda|78/100
|-weather|Sandstorm|[from] ability: Sand Spit|[of] p1a: Sandaconda
|
|-weather|Sandstorm|[upkeep]
|upkeep
|turn|11
|
|t:|1769295852
|move|p1a: Sandaconda|Stealth Rock|p2a: Scizor
|-sidestart|p2: qways|move: Stealth Rock
|move|p2a: Scizor|U-turn|p1a: Sandaconda
|-damage|p1a: Sandaconda|52/100
|
|t:|1769295859
|switch|p2a: Cinderace|Cinderace, M|100/100|[from] U-turn
|
|-weather|Sandstorm|[upkeep]
|-damage|p2a: Cinderace|94/100|[from] Sandstorm
|upkeep
|turn|12
|
|t:|1769295867
|move|p2a: Cinderace|Will-O-Wisp|p1a: Sandaconda
|-status|p1a: Sandaconda|brn
|move|p1a: Sandaconda|Glare|p2a: Cinderace
|-status|p2a: Cinderace|par
|
|-weather|Sandstorm|[upkeep]
|-damage|p2a: Cinderace|88/100 par|[from] Sandstorm
|-damage|p1a: Sandaconda|46/100 brn|[from] brn
|upkeep
|turn|13
|
|t:|1769295873
|move|p1a: Sandaconda|Earthquake|p2a: Cinderace
|-supereffective|p2a: Cinderace
|-damage|p2a: Cinderace|42/100 par
|move|p2a: Cinderace|Court Change|p2a: Cinderace
|-swapsideconditions
|-activate|p2a: Cinderace|move: Court Change
|
|-weather|Sandstorm|[upkeep]
|-damage|p2a: Cinderace|36/100 par|[from] Sandstorm
|-damage|p1a: Sandaconda|40/100 brn|[from] brn
|upkeep
|turn|14
|
|t:|1769295878
|switch|p2a: Kyurem|Kyurem|100/100
|-ability|p2a: Kyurem|Pressure
|move|p1a: Sandaconda|Stealth Rock|p2a: Kyurem
|-sidestart|p2: qways|move: Stealth Rock
|
|-weather|Sandstorm|[upkeep]
|-damage|p2a: Kyurem|94/100|[from] Sandstorm
|-heal|p2a: Kyurem|100/100|[from] item: Leftovers
|-damage|p1a: Sandaconda|34/100 brn|[from] brn
|upkeep
|turn|15
|
|t:|1769295886
|switch|p1a: Excadrill|Excadrill, F|100/100
|-damage|p1a: Excadrill|97/100|[from] Stealth Rock
|move|p2a: Kyurem|Substitute|p2a: Kyurem
|-start|p2a: Kyurem|Substitute
|-damage|p2a: Kyurem|76/100
|
|-weather|Sandstorm|[upkeep]
|-damage|p2a: Kyurem|69/100|[from] Sandstorm
|-heal|p2a: Kyurem|76/100|[from] item: Leftovers
|upkeep
|turn|16
|
|t:|1769295897
|move|p2a: Kyurem|Protect|p2a: Kyurem
|-singleturn|p2a: Kyurem|Protect
|move|p1a: Excadrill|Iron Head|p2a: Kyurem
|-activate|p2a: Kyurem|move: Protect
|
|-weather|Sandstorm|[upkeep]
|-damage|p2a: Kyurem|69/100|[from] Sandstorm
|-heal|p2a: Kyurem|76/100|[from] item: Leftovers
|upkeep
|turn|17
|
|t:|1769295904
|move|p1a: Excadrill|Iron Head|p2a: Kyurem
|-supereffective|p2a: Kyurem
|-end|p2a: Kyurem|Substitute
|move|p2a: Kyurem|Earth Power|p1a: Excadrill
|-supereffective|p1a: Excadrill
|-damage|p1a: Excadrill|44/100
|
|-weather|none
|-heal|p2a: Kyurem|82/100|[from] item: Leftovers
|upkeep
|turn|18
|
|t:|1769295916
|move|p2a: Kyurem|Substitute|p2a: Kyurem
|-start|p2a: Kyurem|Substitute
|-damage|p2a: Kyurem|57/100
|move|p1a: Excadrill|Iron Head|p2a: Kyurem
|-supereffective|p2a: Kyurem
|-end|p2a: Kyurem|Substitute
|
|-heal|p2a: Kyurem|63/100|[from] item: Leftovers
|upkeep
|turn|19
|
|t:|1769295921
|move|p2a: Kyurem|Earth Power|p1a: Excadrill
|-supereffective|p1a: Excadrill
|-damage|p1a: Excadrill|0 fnt
|faint|p1a: Excadrill
|
|-heal|p2a: Kyurem|69/100|[from] item: Leftovers
|upkeep
|
|t:|1769295930
|switch|p1a: Meowscarada|Meowscarada, F|48/100
|-damage|p1a: Meowscarada|36/100|[from] Stealth Rock
|turn|20
|
|t:|1769295934
|move|p2a: Kyurem|Protect|p2a: Kyurem
|-singleturn|p2a: Kyurem|Protect
|move|p1a: Meowscarada|Knock Off|p2a: Kyurem
|-start|p1a: Meowscarada|typechange|Dark|[from] ability: Protean
|-activate|p2a: Kyurem|move: Protect
|
|-heal|p2a: Kyurem|75/100|[from] item: Leftovers
|upkeep
|turn|21
|
|t:|1769295947
|move|p1a: Meowscarada|Knock Off|p2a: Kyurem
|-damage|p2a: Kyurem|16/100
|-enditem|p2a: Kyurem|Leftovers|[from] move: Knock Off|[of] p1a: Meowscarada
|move|p2a: Kyurem|Freeze-Dry|p1a: Meowscarada
|-damage|p1a: Meowscarada|0 fnt
|faint|p1a: Meowscarada
|
|upkeep
|
|t:|1769295952
|switch|p1a: Heatran|Heatran, F, tera:Ghost|61/100
|-damage|p1a: Heatran|48/100|[from] Stealth Rock
|turn|22
|
|t:|1769295957
|move|p2a: Kyurem|Freeze-Dry|p1a: Heatran
|-damage|p1a: Heatran|27/100
|move|p1a: Heatran|Earth Power|p2a: Kyurem
|-damage|p2a: Kyurem|0 fnt
|faint|p2a: Kyurem
|
|-heal|p1a: Heatran|33/100|[from] item: Leftovers
|upkeep
|
|t:|1769295960
|switch|p2a: Ogerpon|Ogerpon-Wellspring, F|51/100
|-damage|p2a: Ogerpon|39/100|[from] Stealth Rock
|turn|23
|
|t:|1769295962
|switch|p1a: Sandaconda|Sandaconda, F|34/100 brn
|-damage|p1a: Sandaconda|28/100 brn|[from] Stealth Rock
|move|p2a: Ogerpon|Ivy Cudgel|p1a: Sandaconda|[anim] Ivy Cudgel Water
|-supereffective|p1a: Sandaconda
|-damage|p1a: Sandaconda|0 fnt
|-weather|Sandstorm|[from] ability: Sand Spit|[of] p1a: Sandaconda
|faint|p1a: Sandaconda
|
|-weather|Sandstorm|[upkeep]
|-damage|p2a: Ogerpon|33/100|[from] Sandstorm
|upkeep
|
|t:|1769295965
|switch|p1a: Enamorus|Enamorus-Therian, F|100/100
|turn|24
|l| canaryguy451
|
|t:|1769295990
|-terastallize|p2a: Ogerpon|Water
|detailschange|p2a: Ogerpon|Ogerpon-Wellspring-Tera, F, tera:Water
|-ability|p2a: Ogerpon|Embody Aspect (Wellspring)|boost
|-boost|p2a: Ogerpon|spd|1
|move|p2a: Ogerpon|Ivy Cudgel|p1a: Enamorus|[anim] Ivy Cudgel Water
|-damage|p1a: Enamorus|37/100
|move|p1a: Enamorus|Draining Kiss|p2a: Ogerpon
|-damage|p2a: Ogerpon|13/100
|-heal|p1a: Enamorus|50/100|[from] drain|[of] p2a: Ogerpon
|
|-weather|Sandstorm|[upkeep]
|-damage|p2a: Ogerpon|7/100|[from] Sandstorm
|upkeep
|turn|25
|
|t:|1769296005
|switch|p1a: Heatran|Heatran, F, tera:Ghost|33/100
|-damage|p1a: Heatran|21/100|[from] Stealth Rock
|move|p2a: Ogerpon|Ivy Cudgel|p1a: Heatran|[anim] Ivy Cudgel Water
|-damage|p1a: Heatran|0 fnt
|faint|p1a: Heatran
|
|-weather|Sandstorm|[upkeep]
|-damage|p2a: Ogerpon|1/100|[from] Sandstorm
|upkeep
|
|t:|1769296008
|switch|p1a: Enamorus|Enamorus-Therian, F|50/100
|turn|26
|-message|suprya forfeited.
|
|win|qways
|raw|suprya's rating: 1697 &rarr; <strong>1671</strong><br />(-26 for losing)
|raw|qways's rating: 1591 &rarr; <strong>1617</strong><br />(+26 for winning)
|l|☆suprya
|player|p1|
|l|☆qways
|player|p2|
