|j|☆suifenli
|j|☆fraaaxn
|t:|1769396881
|gametype|singles
|player|p1|suifenli|n|1529
|player|p2|fraaaxn|2|1557
|gen|9
|tier|[Gen 9] OU
|rated|
|rule|HP Percentage Mod: HP is shown in percentages
|rule|Endless Battle Clause: Forcing endless battles is banned
|rule|Species Clause: Limit one of each Pokémon
|rule|OHKO Clause: OHKO moves are banned
|rule|Evasion Items Clause: Evasion items are banned
|rule|Evasion Moves Clause: Evasion moves are banned
|rule|Evasion Abilities Clause: Evasion abilities are banned
|rule|Sleep Moves Clause: Sleep-inducing moves are banned
|clearpoke
|poke|p1|Zamazenta-*|
|poke|p1|Sableye, F|
|poke|p1|Enamorus, F|
|poke|p1|Bellossom, M|
|poke|p1|Garganacl, M|
|poke|p1|Latias, F|
|poke|p2|Tyranitar, M|
|poke|p2|Excadrill, M|
|poke|p2|Iron Valiant|
|poke|p2|Zapdos|
|poke|p2|Ogerpon, F|
|poke|p2|Toxapex, M|
|teampreview
|inactive|Battle timer is ON: inactive players will automatically lose when time's up. (requested by fraaaxn)
|inactive|suifenli also wants the timer to be on.
|
|t:|1769396899
|teamsize|p1|6
|teamsize|p2|6
|start
|switch|p1a: Bellossom|Bellossom, M|100/100
|switch|p2a: Excadrill|Excadrill, M|100/100
|turn|1
|
|t:|1769396915
|switch|p2a: Tyranitar|Tyranitar, M|100/100
|-weather|Sandstorm|[from] ability: Sand Stream|[of] p2a: Tyranitar
|move|p1a: Bellossom|Quiver Dance|p1a: Bellossom
|-boost|p1a: Bellossom|spa|1
|-boost|p1a: Bellossom|spd|1
|-boost|p1a: Bellossom|spe|1
|
|-weather|Sandstorm|[upkeep]
|-damage|p1a: Bellossom|94/100|[from] Sandstorm
|upkeep
|turn|2
|
|t:|1769396928
|switch|p2a: Toxapex|Toxapex, M|100/100
|move|p1a: Bellossom|Ingrain|p1a: Bellossom
|-start|p1a: Bellossom|move: Ingrain
|
|-weather|Sandstorm|[upkeep]
|-damage|p1a: Bellossom|88/100|[from] Sandstorm
|-damage|p2a: Toxapex|95/100|[from] Sandstorm
|-heal|p1a: Bellossom|94/100|[from] Ingrain
|upkeep
|turn|3
|
|t:|1769396934
|-terastallize|p1a: Bellossom|Steel
|move|p1a: Bellossom|Quiver Dance|p1a: Bellossom
|-boost|p1a: Bellossom|spa|1
|-boost|p1a: Bellossom|spd|1
|-boost|p1a: Bellossom|spe|1
|move|p2a: Toxapex|Toxic|p1a: Bellossom
|-immune|p1a: Bellossom
|
|-weather|Sandstorm|[upkeep]
|-damage|p2a: Toxapex|89/100|[from] Sandstorm
|-heal|p1a: Bellossom|100/100|[from] Ingrain
|upkeep
|turn|4
|
|t:|1769396937
|move|p1a: Bellossom|Quiver Dance|p1a: Bellossom
|-boost|p1a: Bellossom|spa|1
|-boost|p1a: Bellossom|spd|1
|-boost|p1a: Bellossom|spe|1
|move|p2a: Toxapex|Haze|p2a: Toxapex
|-clearallboost
|
|-weather|Sandstorm|[upkeep]
|-damage|p2a: Toxapex|83/100|[from] Sandstorm
|upkeep
|turn|5
|
|t:|1769396940
|move|p1a: Bellossom|Quiver Dance|p1a: Bellossom
|-boost|p1a: Bellossom|spa|1
|-boost|p1a: Bellossom|spd|1
|-boost|p1a: Bellossom|spe|1
|move|p2a: Toxapex|Toxic Spikes|p1a: Bellossom
|-sidestart|p1: suifenli|move: Toxic Spikes
|
|-weather|Sandstorm|[upkeep]
|-damage|p2a: Toxapex|77/100|[from] Sandstorm
|upkeep
|turn|6
|
|t:|1769396942
|move|p1a: Bellossom|Giga Drain|p2a: Toxapex
|-damage|p2a: Toxapex|53/100
|-enditem|p2a: Toxapex|Eject Button
|
|t:|1769396946
|switch|p2a: Excadrill|Excadrill, M|100/100
|
|-weather|Sandstorm|[upkeep]
|upkeep
|turn|7
|j| PlatiPlop
|
|t:|1769396948
|move|p2a: Excadrill|Earthquake|p1a: Bellossom
|-supereffective|p1a: Bellossom
|-damage|p1a: Bellossom|20/100
|-enditem|p1a: Bellossom|Kee Berry|[eat]
|-boost|p1a: Bellossom|def|1|[from] item: Kee Berry
|move|p1a: Bellossom|Quiver Dance|p1a: Bellossom
|-boost|p1a: Bellossom|spa|1
|-boost|p1a: Bellossom|spd|1
|-boost|p1a: Bellossom|spe|1
|
|-weather|Sandstorm|[upkeep]
|-heal|p1a: Bellossom|26/100|[from] Ingrain
|upkeep
|turn|8
|
|t:|1769396955
|move|p2a: Excadrill|Earthquake|p1a: Bellossom
|-supereffective|p1a: Bellossom
|-damage|p1a: Bellossom|0 fnt
|faint|p1a: Bellossom
|
|-weather|none
|upkeep
|
|t:|1769396975
|switch|p1a: Latias|Latias, F|100/100
|turn|9
|
|t:|1769396980
|switch|p2a: Tyranitar|Tyranitar, M|100/100
|-weather|Sandstorm|[from] ability: Sand Stream|[of] p2a: Tyranitar
|move|p1a: Latias|Calm Mind|p1a: Latias
|-boost|p1a: Latias|spa|1
|-boost|p1a: Latias|spd|1
|
|-weather|Sandstorm|[upkeep]
|-damage|p1a: Latias|94/100|[from] Sandstorm
|upkeep
|turn|10
|
|t:|1769396996
|switch|p2a: Ogerpon|Ogerpon, F|100/100
|move|p1a: Latias|Draining Kiss|p2a: Ogerpon
|-damage|p2a: Ogerpon|79/100
|-heal|p1a: Latias|100/100|[from] drain|[of] p2a: Ogerpon
|
|-weather|Sandstorm|[upkeep]
|-damage|p2a: Ogerpon|73/100|[from] Sandstorm
|-damage|p1a: Latias|94/100|[from] Sandstorm
|upkeep
|turn|11
|
|t:|1769397007
|move|p2a: Ogerpon|Knock Off|p1a: Latias
|-supereffective|p1a: Latias
|-damage|p1a: Latias|29/100
|-enditem|p1a: Latias|Kee Berry|[from] move: Knock Off|[of] p2a: Ogerpon
|move|p1a: Latias|Agility|p1a: Latias
|-boost|p1a: Latias|spe|2
|
|-weather|Sandstorm|[upkeep]
|-damage|p1a: Latias|22/100|[from] Sandstorm
|-damage|p2a: Ogerpon|67/100|[from] Sandstorm
|upkeep
|turn|12
|
|t:|1769397029
|switch|p2a: Excadrill|Excadrill, M|100/100
|move|p1a: Latias|Stored Power|p2a: Excadrill
|-resisted|p2a: Excadrill
|-damage|p2a: Excadrill|66/100
|
|-weather|Sandstorm|[upkeep]
|-damage|p1a: Latias|16/100|[from] Sandstorm
|-heal|p2a: Excadrill|72/100|[from] item: Leftovers
|upkeep
|turn|13
|
|t:|1769397036
|move|p2a: Excadrill|Rapid Spin|p1a: Latias
|-damage|p1a: Latias|2/100
|-boost|p2a: Excadrill|spe|1
|move|p1a: Latias|Stored Power|p2a: Excadrill
|-resisted|p2a: Excadrill
|-damage|p2a: Excadrill|32/100
|
|-weather|Sandstorm|[upkeep]
|-damage|p1a: Latias|0 fnt|[from] Sandstorm
|faint|p1a: Latias
|-heal|p2a: Excadrill|38/100|[from] item: Leftovers
|upkeep
|
|t:|1769397040
|switch|p1a: Sableye|Sableye, F|100/100
|-status|p1a: Sableye|psn
|turn|14
|
|t:|1769397048
|switch|p2a: Iron Valiant|Iron Valiant|100/100
|move|p1a: Sableye|Metal Burst||[still]
|-fail|p1a: Sableye
|
|-weather|Sandstorm|[upkeep]
|-damage|p2a: Iron Valiant|94/100|[from] Sandstorm
|-damage|p1a: Sableye|94/100 psn|[from] Sandstorm
|-damage|p1a: Sableye|82/100 psn|[from] psn
|upkeep
|turn|15
|
|t:|1769397051
|move|p1a: Sableye|Thunder Wave|p2a: Iron Valiant
|-status|p2a: Iron Valiant|par
|move|p2a: Iron Valiant|Moonblast|p1a: Sableye
|-supereffective|p1a: Sableye
|-damage|p1a: Sableye|0 fnt
|faint|p1a: Sableye
|
|-weather|Sandstorm|[upkeep]
|-damage|p2a: Iron Valiant|88/100 par|[from] Sandstorm
|upkeep
|
|t:|1769397057
|switch|p1a: Enamorus|Enamorus, F|100/100
|turn|16
|
|t:|1769397064
|-end|p2a: Iron Valiant|Quark Drive|[silent]
|switch|p2a: Toxapex|Toxapex, M|86/100
|move|p1a: Enamorus|Earth Power|p2a: Toxapex
|-supereffective|p2a: Toxapex
|-damage|p2a: Toxapex|44/100
|
|-weather|none
|upkeep
|turn|17
|
|t:|1769397076
|move|p1a: Enamorus|Earth Power|p2a: Toxapex
|-supereffective|p2a: Toxapex
|-damage|p2a: Toxapex|0 fnt
|faint|p2a: Toxapex
|
|upkeep
|
|t:|1769397080
|switch|p2a: Tyranitar|Tyranitar, M|100/100
|-weather|Sandstorm|[from] ability: Sand Stream|[of] p2a: Tyranitar
|turn|18
|
|t:|1769397084
|move|p1a: Enamorus|Earth Power|p2a: Tyranitar
|-supereffective|p2a: Tyranitar
|-damage|p2a: Tyranitar|70/100
|move|p2a: Tyranitar|Stealth Rock|p1a: Enamorus
|-sidestart|p1: suifenli|move: Stealth Rock
|
|-weather|Sandstorm|[upkeep]
|-damage|p1a: Enamorus|94/100|[from] Sandstorm
|upkeep
|turn|19
|
|t:|1769397092
|move|p1a: Enamorus|Earth Power|p2a: Tyranitar
|-supereffective|p2a: Tyranitar
|-damage|p2a: Tyranitar|38/100
|move|p2a: Tyranitar|Stone Edge|p1a: Enamorus
|-supereffective|p1a: Enamorus
|-damage|p1a: Enamorus|0 fnt
|faint|p1a: Enamorus
|
|-weather|Sandstorm|[upkeep]
|upkeep
|
|t:|1769397099
|switch|p1a: Zamazenta|Zamazenta|100/100
|-status|p1a: Zamazenta|psn
|-damage|p1a: Zamazenta|94/100 psn|[from] Stealth Rock
|-ability|p1a: Zamazenta|Dauntless Shield|boost
|-boost|p1a: Zamazenta|def|1
|turn|20
|
|t:|1769397102
|switch|p2a: Zapdos|Zapdos|100/100
|move|p1a: Zamazenta|Substitute|p1a: Zamazenta
|-start|p1a: Zamazenta|Substitute
|-damage|p1a: Zamazenta|69/100 psn
|
|-weather|Sandstorm|[upkeep]
|-damage|p2a: Zapdos|94/100|[from] Sandstorm
|-damage|p1a: Zamazenta|63/100 psn|[from] Sandstorm
|-heal|p1a: Zamazenta|69/100 psn|[from] item: Leftovers
|-damage|p1a: Zamazenta|57/100 psn|[from] psn
|upkeep
|turn|21
|
|t:|1769397107
|move|p2a: Zapdos|Heat Wave|p1a: Zamazenta
|-activate|p1a: Zamazenta|move: Substitute|[damage]
|move|p1a: Zamazenta|Iron Defense|p1a: Zamazenta
|-boost|p1a: Zamazenta|def|2
|
|-weather|Sandstorm|[upkeep]
|-damage|p2a: Zapdos|88/100|[from] Sandstorm
|-damage|p1a: Zamazenta|51/100 psn|[from] Sandstorm
|-heal|p1a: Zamazenta|57/100 psn|[from] item: Leftovers
|-damage|p1a: Zamazenta|45/100 psn|[from] psn
|upkeep
|turn|22
|
|t:|1769397118
|move|p2a: Zapdos|Heat Wave|p1a: Zamazenta
|-end|p1a: Zamazenta|Substitute
|move|p1a: Zamazenta|Substitute|p1a: Zamazenta
|-start|p1a: Zamazenta|Substitute
|-damage|p1a: Zamazenta|20/100 psn
|
|-weather|Sandstorm|[upkeep]
|-damage|p2a: Zapdos|82/100|[from] Sandstorm
|-damage|p1a: Zamazenta|14/100 psn|[from] Sandstorm
|-heal|p1a: Zamazenta|20/100 psn|[from] item: Leftovers
|-damage|p1a: Zamazenta|8/100 psn|[from] psn
|upkeep
|turn|23
|
|t:|1769397122
|move|p2a: Zapdos|Hurricane|p1a: Zamazenta
|-supereffective|p1a: Zamazenta
|-end|p1a: Zamazenta|Substitute
|move|p1a: Zamazenta|Body Press|p2a: Zapdos
|-resisted|p2a: Zapdos
|-damage|p2a: Zapdos|23/100
|
|-weather|Sandstorm|[upkeep]
|-damage|p2a: Zapdos|17/100|[from] Sandstorm
|-damage|p1a: Zamazenta|1/100 psn|[from] Sandstorm
|-heal|p1a: Zamazenta|8/100 psn|[from] item: Leftovers
|-damage|p1a: Zamazenta|0 fnt|[from] psn
|faint|p1a: Zamazenta
|upkeep
|
|t:|1769397126
|switch|p1a: Garganacl|Garganacl, M|100/100
|-damage|p1a: Garganacl|88/100|[from] Stealth Rock
|turn|24
|
|t:|1769397131
|move|p2a: Zapdos|Volt Switch|p1a: Garganacl
|-damage|p1a: Garganacl|73/100
|
|t:|1769397133
|switch|p2a: Ogerpon|Ogerpon, F|67/100|[from] Volt Switch
|move|p1a: Garganacl|Iron Defense|p1a: Garganacl
|-boost|p1a: Garganacl|def|2
|
|-weather|Sandstorm|[upkeep]
|-damage|p2a: Ogerpon|61/100|[from] Sandstorm
|upkeep
|turn|25
|
|t:|1769397139
|-terastallize|p2a: Ogerpon|Grass
|detailschange|p2a: Ogerpon|Ogerpon-Teal-Tera, F, tera:Grass
|-ability|p2a: Ogerpon|Embody Aspect (Teal)|boost
|-boost|p2a: Ogerpon|spe|1
|move|p2a: Ogerpon|Ivy Cudgel|p1a: Garganacl
|-supereffective|p1a: Garganacl
|-crit|p1a: Garganacl
|-damage|p1a: Garganacl|0 fnt
|faint|p1a: Garganacl
|
|win|fraaaxn
|raw|suifenli's rating: 1529 &rarr; <strong>1511</strong><br />(-18 for losing)
|raw|fraaaxn's rating: 1557 &rarr; <strong>1575</strong><br />(+18 for winning)
|l|☆suifenli
|player|p1|
|c|☆fraaaxn|gg
|l|☆fraaaxn
|player|p2|
|l| PlatiPlop
