|j|☆Spartior1
|j|☆Syph0n_78
|t:|1769320657
|gametype|singles
|player|p1|Spartior1|1|1356
|player|p2|Syph0n_78|cynthia-gen4|1362
|gen|9
|tier|[Gen 9] OU
|rated|
|rule|HP Percentage Mod: HP is shown in percentages
|rule|Endless Battle Clause: Forcing endless battles is banned
|rule|Species Clause: Limit one of each Pokémon
|rule|OHKO Clause: OHKO moves are banned
|rule|Evasion Items Clause: Evasion items are banned
|rule|Evasion Moves Clause: Evasion moves are banned
|rule|Evasion Abilities Clause: Evasion abilities are banned
|rule|Sleep Moves Clause: Sleep-inducing moves are banned
|clearpoke
|poke|p1|Indeedee, M|
|poke|p1|Hatterene, F|
|poke|p1|Ursaluna, M|
|poke|p1|Iron Hands|
|poke|p1|Hoopa-Unbound|
|poke|p1|Mimikyu, F|
|poke|p2|Latios, M|
|poke|p2|Primarina, F|
|poke|p2|Blaziken, M|
|poke|p2|Zapdos|
|poke|p2|Iron Treads|
|poke|p2|Meowscarada, M|
|teampreview
|inactive|Battle timer is ON: inactive players will automatically lose when time's up. (requested by Spartior1)
|
|t:|1769320663
|teamsize|p1|6
|teamsize|p2|6
|start
|switch|p1a: Indeedee|Indeedee, M|100/100
|switch|p2a: Meowscarada|Meowscarada, M|100/100
|-fieldstart|move: Psychic Terrain|[from] ability: Psychic Surge|[of] p1a: Indeedee
|turn|1
|
|t:|1769320675
|move|p2a: Meowscarada|Knock Off|p1a: Indeedee
|-start|p2a: Meowscarada|typechange|Dark|[from] ability: Protean
|-supereffective|p1a: Indeedee
|-damage|p1a: Indeedee|0 fnt
|-enditem|p1a: Indeedee|Terrain Extender|[from] move: Knock Off|[of] p2a: Meowscarada
|faint|p1a: Indeedee
|
|upkeep
|
|t:|1769320678
|switch|p1a: Hoopa|Hoopa-Unbound|100/100
|-enditem|p1a: Hoopa|Psychic Seed
|-boost|p1a: Hoopa|spd|1|[from] item: Psychic Seed
|turn|2
|inactive|Syph0n_78 has 120 seconds left.
|
|t:|1769320717
|switch|p2a: Primarina|Primarina, F|100/100
|move|p1a: Hoopa|Trick Room|p1a: Hoopa
|-fieldstart|move: Trick Room|[of] p1a: Hoopa
|
|upkeep
|turn|3
|inactive|Syph0n_78 has 120 seconds left.
|
|t:|1769320725
|move|p1a: Hoopa|Expanding Force|p2a: Primarina
|-damage|p2a: Primarina|46/100
|-item|p1a: Hoopa|Assault Vest|[from] ability: Magician|[of] p2a: Primarina
|move|p2a: Primarina|Moonblast|p1a: Hoopa
|-supereffective|p1a: Hoopa
|-damage|p1a: Hoopa|74/100
|
|upkeep
|turn|4
|
|t:|1769320742
|switch|p2a: Meowscarada|Meowscarada, M|100/100
|move|p1a: Hoopa|Expanding Force|p2a: Meowscarada
|-immune|p2a: Meowscarada
|
|upkeep
|turn|5
|
|t:|1769320746
|switch|p2a: Latios|Latios, M|100/100
|move|p1a: Hoopa|Focus Blast|p2a: Latios
|-resisted|p2a: Latios
|-damage|p2a: Latios|73/100
|
|upkeep
|turn|6
|
|t:|1769320749
|switch|p2a: Primarina|Primarina, F|46/100
|move|p1a: Hoopa|Hyperspace Fury|p2a: Primarina
|-resisted|p2a: Primarina
|-crit|p2a: Primarina
|-damage|p2a: Primarina|12/100
|-unboost|p1a: Hoopa|def|1
|
|-fieldend|move: Trick Room
|upkeep
|turn|7
|
|t:|1769320756
|move|p2a: Primarina|Flip Turn|p1a: Hoopa
|-damage|p1a: Hoopa|49/100
|
|t:|1769320769
|switch|p2a: Latios|Latios, M|73/100|[from] Flip Turn
|move|p1a: Hoopa|Expanding Force|p2a: Latios
|-resisted|p2a: Latios
|-damage|p2a: Latios|20/100
|
|upkeep
|turn|8
|
|t:|1769320782
|move|p2a: Latios|Draco Meteor|p1a: Hoopa
|-damage|p1a: Hoopa|20/100
|-unboost|p2a: Latios|spa|2
|move|p1a: Hoopa|Expanding Force|p2a: Latios
|-resisted|p2a: Latios
|-damage|p2a: Latios|0 fnt
|faint|p2a: Latios
|
|-fieldend|move: Psychic Terrain
|upkeep
|
|t:|1769320786
|switch|p2a: Meowscarada|Meowscarada, M|100/100
|turn|9
|
|t:|1769320800
|move|p2a: Meowscarada|U-turn|p1a: Hoopa
|-start|p2a: Meowscarada|typechange|Bug|[from] ability: Protean
|-supereffective|p1a: Hoopa
|-damage|p1a: Hoopa|0 fnt
|faint|p1a: Hoopa
|
|t:|1769320817
|switch|p2a: Zapdos|Zapdos|100/100|[from] U-turn
|
|upkeep
|
|t:|1769320842
|switch|p1a: Hatterene|Hatterene, F|100/100
|turn|10
|
|t:|1769320860
|move|p2a: Zapdos|Volt Switch|p1a: Hatterene
|-damage|p1a: Hatterene|61/100
|
|t:|1769320865
|switch|p2a: Iron Treads|Iron Treads|100/100|[from] Volt Switch
|move|p1a: Hatterene|Trick Room|p1a: Hatterene
|-fieldstart|move: Trick Room|[of] p1a: Hatterene
|
|upkeep
|turn|11
|
|t:|1769320867
|-terastallize|p1a: Hatterene|Stellar
|move|p1a: Hatterene|Mystical Fire|p2a: Iron Treads
|-supereffective|p2a: Iron Treads
|-damage|p2a: Iron Treads|12/100
|-unboost|p2a: Iron Treads|spa|1
|-damage|p1a: Hatterene|52/100|[from] item: Life Orb
|move|p2a: Iron Treads|Stealth Rock|p1a: Hatterene
|move|p1a: Hatterene|Stealth Rock|p2a: Iron Treads|[from] ability: Magic Bounce
|-sidestart|p2: Syph0n_78|move: Stealth Rock
|
|upkeep
|turn|12
|c|☆Syph0n_78|wafa[pk vefnytbvwuysbtfd9weou fnbaesy
|c|☆Syph0n_78|I CANCELED
|c|☆Syph0n_78|FUCK
|c|☆Syph0n_78|UGHEGU(FY BTENS OF
|
|t:|1769320886
|move|p1a: Hatterene|Mystical Fire|p2a: Iron Treads
|-supereffective|p2a: Iron Treads
|-damage|p2a: Iron Treads|0 fnt
|faint|p2a: Iron Treads
|-end|p2a: Iron Treads|Quark Drive|[silent]
|-damage|p1a: Hatterene|42/100|[from] item: Life Orb
|
|upkeep
|inactive|Syph0n_78 has 120 seconds left.
|
|t:|1769320921
|switch|p2a: Zapdos|Zapdos|100/100
|turn|13
|
|t:|1769320924
|move|p1a: Hatterene|Expanding Force|p2a: Zapdos
|-damage|p2a: Zapdos|17/100
|-damage|p1a: Hatterene|32/100|[from] item: Life Orb
|move|p2a: Zapdos|Hurricane|p1a: Hatterene|[miss]
|-miss|p2a: Zapdos|p1a: Hatterene
|
|upkeep
|turn|14
|
|t:|1769320931
|switch|p2a: Meowscarada|Meowscarada, M|100/100
|-damage|p2a: Meowscarada|88/100|[from] Stealth Rock
|move|p1a: Hatterene|Expanding Force|p2a: Meowscarada
|-immune|p2a: Meowscarada
|
|-fieldend|move: Trick Room
|upkeep
|turn|15
|
|t:|1769320942
|move|p2a: Meowscarada|Flower Trick|p1a: Hatterene
|-start|p2a: Meowscarada|typechange|Grass|[from] ability: Protean
|-crit|p1a: Hatterene
|-damage|p1a: Hatterene|0 fnt
|faint|p1a: Hatterene
|
|upkeep
|
|t:|1769320947
|switch|p1a: Mimikyu|Mimikyu, F|100/100
|turn|16
|
|t:|1769320948
|move|p2a: Meowscarada|Flower Trick|p1a: Mimikyu
|-activate|p1a: Mimikyu|ability: Disguise
|-damage|p1a: Mimikyu|100/100
|detailschange|p1a: Mimikyu|Mimikyu-Busted, F
|-damage|p1a: Mimikyu|88/100|[from] pokemon: Mimikyu-Busted
|-enditem|p1a: Mimikyu|Red Card|[of] p2a: Meowscarada
|drag|p2a: Zapdos|Zapdos|17/100
|move|p1a: Mimikyu|Trick Room|p1a: Mimikyu
|-fieldstart|move: Trick Room|[of] p1a: Mimikyu
|
|upkeep
|turn|17
|
|t:|1769320956
|move|p1a: Mimikyu|Curse|p2a: Zapdos
|-start|p2a: Zapdos|Curse|[of] p1a: Mimikyu
|-damage|p1a: Mimikyu|38/100
|move|p2a: Zapdos|Volt Switch|p1a: Mimikyu
|-damage|p1a: Mimikyu|3/100
|
|t:|1769320972
|switch|p2a: Blaziken|Blaziken, M|100/100|[from] Volt Switch
|-damage|p2a: Blaziken|88/100|[from] Stealth Rock
|
|upkeep
|turn|18
|
|t:|1769320978
|move|p1a: Mimikyu|Curse|p2a: Blaziken
|-start|p2a: Blaziken|Curse|[of] p1a: Mimikyu
|-damage|p1a: Mimikyu|0 fnt
|faint|p1a: Mimikyu
|move|p2a: Blaziken|Earthquake|p1: Mimikyu|[notarget]
|-fail|p2a: Blaziken
|
|-damage|p2a: Blaziken|63/100|[from] Curse
|-ability|p2a: Blaziken|Speed Boost|boost
|-boost|p2a: Blaziken|spe|1
|upkeep
|
|t:|1769320989
|switch|p1a: LEBRON|Iron Hands, shiny|100/100
|-enditem|p1a: LEBRON|Booster Energy
|-activate|p1a: LEBRON|ability: Quark Drive|[fromitem]
|-start|p1a: LEBRON|quarkdriveatk
|turn|19
|
|t:|1769320991
|move|p1a: LEBRON|Close Combat|p2a: Blaziken
|-damage|p2a: Blaziken|0 fnt
|-unboost|p1a: LEBRON|def|1
|-unboost|p1a: LEBRON|spd|1
|faint|p2a: Blaziken
|
|upkeep
|
|t:|1769320997
|switch|p2a: Primarina|Primarina, F|12/100
|-damage|p2a: Primarina|0 fnt|[from] Stealth Rock
|faint|p2a: Primarina
|
|t:|1769321008
|switch|p2a: Zapdos|Zapdos|17/100
|turn|20
|
|t:|1769321014
|move|p1a: LEBRON|Ice Punch|p2a: Zapdos
|-supereffective|p2a: Zapdos
|-damage|p2a: Zapdos|0 fnt
|faint|p2a: Zapdos
|
|-fieldend|move: Trick Room
|upkeep
|
|t:|1769321015
|switch|p2a: Meowscarada|Meowscarada, M|88/100
|-damage|p2a: Meowscarada|76/100|[from] Stealth Rock
|turn|21
|
|t:|1769321018
|-terastallize|p2a: Meowscarada|Grass
|move|p2a: Meowscarada|Flower Trick|p1a: LEBRON
|-crit|p1a: LEBRON
|-damage|p1a: LEBRON|0 fnt
|faint|p1a: LEBRON
|-end|p1a: LEBRON|Quark Drive|[silent]
|
|upkeep
|
|t:|1769321020
|switch|p1a: Ursaluna|Ursaluna, M|100/100
|turn|22
|
|t:|1769321024
|move|p2a: Meowscarada|Flower Trick|p1a: Ursaluna
|-supereffective|p1a: Ursaluna
|-crit|p1a: Ursaluna
|-damage|p1a: Ursaluna|0 fnt
|faint|p1a: Ursaluna
|
|win|Syph0n_78
|raw|Spartior1's rating: 1356 &rarr; <strong>1336</strong><br />(-20 for losing)
|raw|Syph0n_78's rating: 1362 &rarr; <strong>1382</strong><br />(+20 for winning)
|l|☆Spartior1
|player|p1|
