|j|☆dragonfandan
|j|☆llachiee
|t:|1769416136
|gametype|singles
|player|p1|dragonfandan|lance|1339
|player|p2|llachiee|170|1281
|gen|9
|tier|[Gen 9] OU
|rated|
|rule|HP Percentage Mod: HP is shown in percentages
|rule|Endless Battle Clause: Forcing endless battles is banned
|rule|Species Clause: Limit one of each Pokémon
|rule|OHKO Clause: OHKO moves are banned
|rule|Evasion Items Clause: Evasion items are banned
|rule|Evasion Moves Clause: Evasion moves are banned
|rule|Evasion Abilities Clause: Evasion abilities are banned
|rule|Sleep Moves Clause: Sleep-inducing moves are banned
|clearpoke
|poke|p1|Haxorus, F|
|poke|p1|Heatran, M|
|poke|p1|Sinistcha|
|poke|p1|Kingambit, M|
|poke|p1|Tornadus-Therian, M|
|poke|p1|Slowking, M|
|poke|p2|Slowking, M|
|poke|p2|Toxapex, M|
|poke|p2|Alomomola, F|
|poke|p2|Dondozo, F|
|poke|p2|Blissey, F|
|poke|p2|Great Tusk|
|teampreview
|inactive|Battle timer is ON: inactive players will automatically lose when time's up. (requested by dragonfandan)
|inactive|llachiee has 120 seconds left.
|
|t:|1769416186
|teamsize|p1|6
|teamsize|p2|6
|start
|switch|p1a: Nightshade|Sinistcha|100/100
|switch|p2a: Blissey|Blissey, F|100/100
|turn|1
|
|t:|1769416209
|switch|p1a: Gale Thief|Tornadus-Therian, M|100/100
|move|p2a: Blissey|Stealth Rock|p1a: Gale Thief
|-sidestart|p1: dragonfandan|move: Stealth Rock
|
|upkeep
|turn|2
|
|t:|1769416228
|switch|p2a: Slowking|Slowking, M|100/100
|move|p1a: Gale Thief|Knock Off|p2a: Slowking
|-supereffective|p2a: Slowking
|-damage|p2a: Slowking|37/100
|-enditem|p2a: Slowking|Heavy-Duty Boots|[from] move: Knock Off|[of] p1a: Gale Thief
|
|upkeep
|turn|3
|
|t:|1769416240
|switch|p2a: Alomomola|Alomomola, F|100/100
|move|p1a: Gale Thief|U-turn|p2a: Alomomola
|-damage|p2a: Alomomola|89/100
|
|t:|1769416246
|switch|p1a: Grand Tactician|Slowking, M, shiny|100/100|[from] U-turn
|
|upkeep
|turn|4
|
|t:|1769416252
|move|p2a: Alomomola|Whirlpool|p1a: Grand Tactician
|-resisted|p1a: Grand Tactician
|-damage|p1a: Grand Tactician|99/100
|-activate|p1a: Grand Tactician|move: Whirlpool|[of] p2a: Alomomola
|-prepare|p1a: Grand Tactician|Chilly Reception|[premajor]
|move|p1a: Grand Tactician|Chilly Reception|p1a: Grand Tactician
|-weather|Snowscape
|
|t:|1769416268
|switch|p1a: Gale Thief|Tornadus-Therian, M|100/100|[from] Chilly Reception
|-damage|p1a: Gale Thief|76/100|[from] Stealth Rock
|
|-weather|Snowscape|[upkeep]
|upkeep
|turn|5
|
|t:|1769416276
|move|p1a: Gale Thief|Knock Off|p2a: Alomomola
|-damage|p2a: Alomomola|74/100
|-enditem|p2a: Alomomola|Heavy-Duty Boots|[from] move: Knock Off|[of] p1a: Gale Thief
|move|p2a: Alomomola|Whirlpool|p1a: Gale Thief
|-damage|p1a: Gale Thief|69/100
|-activate|p1a: Gale Thief|move: Whirlpool|[of] p2a: Alomomola
|
|-weather|Snowscape|[upkeep]
|-damage|p1a: Gale Thief|56/100|[from] move: Whirlpool|[partiallytrapped]
|upkeep
|turn|6
|
|t:|1769416286
|move|p1a: Gale Thief|U-turn|p2a: Alomomola
|-damage|p2a: Alomomola|64/100
|
|t:|1769416293
|switch|p1a: Grand Tactician|Slowking, M, shiny|100/100|[from] U-turn
|move|p2a: Alomomola|Whirlpool|p1a: Grand Tactician
|-resisted|p1a: Grand Tactician
|-damage|p1a: Grand Tactician|99/100
|-activate|p1a: Grand Tactician|move: Whirlpool|[of] p2a: Alomomola
|
|-weather|Snowscape|[upkeep]
|-damage|p1a: Grand Tactician|87/100|[from] move: Whirlpool|[partiallytrapped]
|upkeep
|turn|7
|
|t:|1769416303
|move|p2a: Alomomola|Wish|p2a: Alomomola
|move|p1a: Grand Tactician|Thunder Wave|p2a: Alomomola
|-status|p2a: Alomomola|par
|
|-weather|Snowscape|[upkeep]
|-damage|p1a: Grand Tactician|74/100|[from] move: Whirlpool|[partiallytrapped]
|upkeep
|turn|8
|-message|llachiee forfeited.
|
|win|dragonfandan
|raw|dragonfandan's rating: 1339 &rarr; <strong>1356</strong><br />(+17 for winning)
|raw|llachiee's rating: 1281 &rarr; <strong>1260</strong><br />(-21 for losing)
|l|☆llachiee
|player|p2|
|l|☆dragonfandan
|player|p1|
