|j|☆chibi tanjiro
|j|☆CambridgeFoulPlay
|t:|1769319626
|gametype|singles
|player|p1|chibi tanjiro|170|1525
|player|p2|CambridgeFoulPlay|266|1586
|gen|9
|tier|[Gen 9] OU
|rated|
|rule|HP Percentage Mod: HP is shown in percentages
|rule|Endless Battle Clause: Forcing endless battles is banned
|rule|Species Clause: Limit one of each Pokémon
|rule|OHKO Clause: OHKO moves are banned
|rule|Evasion Items Clause: Evasion items are banned
|rule|Evasion Moves Clause: Evasion moves are banned
|rule|Evasion Abilities Clause: Evasion abilities are banned
|rule|Sleep Moves Clause: Sleep-inducing moves are banned
|clearpoke
|poke|p1|Zarude-Dada|
|poke|p1|Pecharunt|
|poke|p1|Great Tusk|
|poke|p1|Landorus-Therian, M|
|poke|p1|Latios, M|
|poke|p1|Magnezone|
|poke|p2|Hydrapple, M|
|poke|p2|Tyranitar, F|
|poke|p2|Moltres|
|poke|p2|Zamazenta-*|
|poke|p2|Slowking-Galar, M|
|poke|p2|Excadrill, F|
|teampreview
|c|☆CambridgeFoulPlay|hf
|inactive|Battle timer is ON: inactive players will automatically lose when time's up. (requested by CambridgeFoulPlay)
|
|t:|1769319642
|teamsize|p1|6
|teamsize|p2|6
|start
|switch|p1a: Zarude|Zarude-Dada|100/100
|switch|p2a: Slowking|Slowking-Galar, M|100/100
|turn|1
|
|t:|1769319645
|-terastallize|p1a: Zarude|Dark
|move|p1a: Zarude|Knock Off|p2a: Slowking
|-supereffective|p2a: Slowking
|-damage|p2a: Slowking|5/100
|-enditem|p2a: Slowking|Assault Vest|[from] move: Knock Off|[of] p1a: Zarude
|move|p2a: Slowking|Flamethrower|p1a: Zarude
|-damage|p1a: Zarude|79/100
|
|upkeep
|turn|2
|
|t:|1769319649
|switch|p2a: Hydrapple|Hydrapple, M|100/100
|move|p1a: Zarude|Knock Off|p2a: Hydrapple
|-damage|p2a: Hydrapple|63/100
|-enditem|p2a: Hydrapple|Heavy-Duty Boots|[from] move: Knock Off|[of] p1a: Zarude
|
|upkeep
|turn|3
|
|t:|1769319654
|switch|p1a: Pecharunt|Pecharunt|100/100
|move|p2a: Hydrapple|Fickle Beam|p1a: Pecharunt
|-damage|p1a: Pecharunt|62/100
|
|upkeep
|turn|4
|
|t:|1769319661
|switch|p2a: Tyranitar|Tyranitar, F|100/100
|-weather|Sandstorm|[from] ability: Sand Stream|[of] p2a: Tyranitar
|move|p1a: Pecharunt|Parting Shot|p2a: Tyranitar
|-unboost|p2a: Tyranitar|atk|1
|-unboost|p2a: Tyranitar|spa|1
|
|t:|1769319668
|switch|p1a: Landorus|Landorus-Therian, M|100/100|[from] Parting Shot
|-ability|p1a: Landorus|Intimidate|boost
|-unboost|p2a: Tyranitar|atk|1
|
|-weather|Sandstorm|[upkeep]
|upkeep
|turn|5
|
|t:|1769319671
|switch|p2a: Hydrapple|Hydrapple, M|96/100
|move|p1a: Landorus|Stealth Rock|p2a: Hydrapple
|-sidestart|p2: CambridgeFoulPlay|move: Stealth Rock
|
|-weather|Sandstorm|[upkeep]
|-damage|p2a: Hydrapple|90/100|[from] Sandstorm
|upkeep
|turn|6
|
|t:|1769319673
|move|p1a: Landorus|U-turn|p2a: Hydrapple
|-supereffective|p2a: Hydrapple
|-crit|p2a: Hydrapple
|-damage|p2a: Hydrapple|60/100
|
|t:|1769319684
|switch|p1a: Magnezone|Magnezone|100/100|[from] U-turn
|move|p2a: Hydrapple|Giga Drain|p1a: Magnezone
|-resisted|p1a: Magnezone
|-damage|p1a: Magnezone|80/100
|-heal|p2a: Hydrapple|67/100|[from] drain|[of] p1a: Magnezone
|
|-weather|Sandstorm|[upkeep]
|-damage|p2a: Hydrapple|60/100|[from] Sandstorm
|upkeep
|turn|7
|
|t:|1769319688
|switch|p2a: Excadrill|Excadrill, F|100/100
|-damage|p2a: Excadrill|97/100|[from] Stealth Rock
|-item|p2a: Excadrill|Air Balloon
|move|p1a: Magnezone|Volt Switch|p2a: Excadrill
|-immune|p2a: Excadrill
|
|-weather|Sandstorm|[upkeep]
|upkeep
|turn|8
|
|t:|1769319692
|switch|p1a: Landorus|Landorus-Therian, M|100/100
|-ability|p1a: Landorus|Intimidate|boost
|-unboost|p2a: Excadrill|atk|1
|move|p2a: Excadrill|Swords Dance|p2a: Excadrill
|-boost|p2a: Excadrill|atk|2
|
|-weather|Sandstorm|[upkeep]
|upkeep
|turn|9
|
|t:|1769319694
|move|p2a: Excadrill|Iron Head|p1a: Landorus
|-damage|p1a: Landorus|38/100
|-damage|p2a: Excadrill|81/100|[from] item: Rocky Helmet|[of] p1a: Landorus
|move|p1a: Landorus|U-turn|p2a: Excadrill
|-resisted|p2a: Excadrill
|-damage|p2a: Excadrill|68/100
|-enditem|p2a: Excadrill|Air Balloon
|
|t:|1769319698
|switch|p1a: Great Tusk|Great Tusk|100/100|[from] U-turn
|
|-weather|Sandstorm|[upkeep]
|upkeep
|turn|10
|
|t:|1769319701
|move|p2a: Excadrill|Iron Head|p1a: Great Tusk
|-damage|p1a: Great Tusk|50/100
|cant|p1a: Great Tusk|flinch
|
|-weather|Sandstorm|[upkeep]
|upkeep
|turn|11
|
|t:|1769319709
|-end|p1a: Great Tusk|Protosynthesis|[silent]
|switch|p1a: Landorus|Landorus-Therian, M|38/100
|-ability|p1a: Landorus|Intimidate|boost
|-unboost|p2a: Excadrill|atk|1
|move|p2a: Excadrill|Earthquake|p1a: Landorus
|-immune|p1a: Landorus
|
|-weather|none
|upkeep
|turn|12
|
|t:|1769319716
|switch|p2a: Moltres|Moltres|100/100
|move|p1a: Landorus|Earth Power|p2a: Moltres
|-immune|p2a: Moltres
|
|upkeep
|turn|13
|
|t:|1769319718
|move|p1a: Landorus|U-turn|p2a: Moltres
|-resisted|p2a: Moltres
|-damage|p2a: Moltres|97/100
|-status|p1a: Landorus|brn|[from] ability: Flame Body|[of] p2a: Moltres
|
|t:|1769319722
|switch|p1a: Latios|Latios, M|100/100|[from] U-turn
|move|p2a: Moltres|Flamethrower|p1a: Latios
|-resisted|p1a: Latios
|-damage|p1a: Latios|82/100
|
|upkeep
|turn|14
|
|t:|1769319733
|move|p1a: Latios|Trick|p2a: Moltres
|-activate|p1a: Latios|move: Trick|[of] p2a: Moltres
|-item|p2a: Moltres|Choice Scarf|[from] move: Trick
|-item|p1a: Latios|Heavy-Duty Boots|[from] move: Trick
|move|p2a: Moltres|U-turn|p1a: Latios
|-supereffective|p1a: Latios
|-damage|p1a: Latios|43/100
|
|t:|1769319735
|switch|p2a: Zamazenta|Zamazenta|100/100|[from] U-turn
|-damage|p2a: Zamazenta|94/100|[from] Stealth Rock
|-ability|p2a: Zamazenta|Dauntless Shield|boost
|-boost|p2a: Zamazenta|def|1
|
|-heal|p2a: Zamazenta|100/100|[from] item: Leftovers
|upkeep
|turn|15
|
|t:|1769319739
|switch|p1a: Landorus|Landorus-Therian, M|38/100 brn
|-ability|p1a: Landorus|Intimidate|boost
|-unboost|p2a: Zamazenta|atk|1
|move|p2a: Zamazenta|Crunch|p1a: Landorus
|-damage|p1a: Landorus|24/100 brn
|-damage|p2a: Zamazenta|84/100|[from] item: Rocky Helmet|[of] p1a: Landorus
|
|-heal|p2a: Zamazenta|90/100|[from] item: Leftovers
|-damage|p1a: Landorus|18/100 brn|[from] brn
|upkeep
|turn|16
|
|t:|1769319743
|switch|p2a: Hydrapple|Hydrapple, M|94/100
|-damage|p2a: Hydrapple|81/100|[from] Stealth Rock
|switch|p1a: Pecharunt|Pecharunt|62/100
|
|upkeep
|turn|17
|
|t:|1769319746
|switch|p2a: Excadrill|Excadrill, F|68/100
|-damage|p2a: Excadrill|64/100|[from] Stealth Rock
|move|p1a: Pecharunt|Parting Shot|p2a: Excadrill
|-unboost|p2a: Excadrill|atk|1
|-unboost|p2a: Excadrill|spa|1
|
|t:|1769319750
|switch|p1a: Zarude|Zarude-Dada, tera:Dark|79/100|[from] Parting Shot
|
|upkeep
|turn|18
|
|t:|1769319752
|switch|p2a: Hydrapple|Hydrapple, M|100/100
|-damage|p2a: Hydrapple|88/100|[from] Stealth Rock
|move|p1a: Zarude|Close Combat|p2a: Hydrapple
|-damage|p2a: Hydrapple|64/100
|-unboost|p1a: Zarude|def|1
|-unboost|p1a: Zarude|spd|1
|
|upkeep
|turn|19
|
|t:|1769319756
|switch|p1a: Magnezone|Magnezone|80/100
|move|p2a: Hydrapple|Fickle Beam|p1a: Magnezone
|-resisted|p1a: Magnezone
|-damage|p1a: Magnezone|59/100
|
|upkeep
|turn|20
|
|t:|1769319761
|switch|p2a: Excadrill|Excadrill, F|64/100
|-damage|p2a: Excadrill|61/100|[from] Stealth Rock
|move|p1a: Magnezone|Flash Cannon|p2a: Excadrill
|-resisted|p2a: Excadrill
|-damage|p2a: Excadrill|17/100
|
|upkeep
|turn|21
|
|t:|1769319765
|move|p2a: Excadrill|Rapid Spin|p1a: Magnezone
|-resisted|p1a: Magnezone
|-damage|p1a: Magnezone|50/100
|-boost|p2a: Excadrill|spe|1
|-sideend|p2: CambridgeFoulPlay|Stealth Rock|[from] move: Rapid Spin|[of] p2a: Excadrill
|move|p1a: Magnezone|Flash Cannon|p2a: Excadrill
|-resisted|p2a: Excadrill
|-damage|p2a: Excadrill|0 fnt
|faint|p2a: Excadrill
|
|upkeep
|
|t:|1769319768
|switch|p2a: Moltres|Moltres|97/100
|turn|22
|
|t:|1769319778
|move|p2a: Moltres|Flamethrower|p1a: Magnezone
|-supereffective|p1a: Magnezone
|-damage|p1a: Magnezone|0 fnt
|faint|p1a: Magnezone
|
|upkeep
|
|t:|1769319782
|switch|p1a: Latios|Latios, M|43/100
|turn|23
|
|t:|1769319785
|switch|p2a: Tyranitar|Tyranitar, F|100/100
|-weather|Sandstorm|[from] ability: Sand Stream|[of] p2a: Tyranitar
|move|p1a: Latios|Luster Purge|p2a: Tyranitar
|-immune|p2a: Tyranitar
|
|-weather|Sandstorm|[upkeep]
|-damage|p1a: Latios|37/100|[from] Sandstorm
|upkeep
|turn|24
|
|t:|1769319787
|move|p1a: Latios|Aura Sphere|p2a: Tyranitar
|-supereffective|p2a: Tyranitar
|-damage|p2a: Tyranitar|57/100
|move|p2a: Tyranitar|Ice Beam|p1a: Latios
|-supereffective|p1a: Latios
|-damage|p1a: Latios|0 fnt
|faint|p1a: Latios
|
|-weather|Sandstorm|[upkeep]
|upkeep
|
|t:|1769319795
|switch|p1a: Zarude|Zarude-Dada, tera:Dark|79/100
|turn|25
|
|t:|1769319803
|switch|p2a: Moltres|Moltres|97/100
|move|p1a: Zarude|U-turn|p2a: Moltres
|-resisted|p2a: Moltres
|-damage|p2a: Moltres|93/100
|-status|p1a: Zarude|brn|[from] ability: Flame Body|[of] p2a: Moltres
|
|t:|1769319806
|switch|p1a: Landorus|Landorus-Therian, M|18/100 brn|[from] U-turn
|-ability|p1a: Landorus|Intimidate|boost
|-unboost|p2a: Moltres|atk|1
|
|-weather|Sandstorm|[upkeep]
|-damage|p2a: Moltres|87/100|[from] Sandstorm
|-damage|p1a: Landorus|12/100 brn|[from] brn
|upkeep
|turn|26
|
|t:|1769319808
|move|p2a: Moltres|Flamethrower|p1a: Landorus
|-damage|p1a: Landorus|0 fnt
|faint|p1a: Landorus
|
|-weather|Sandstorm|[upkeep]
|-damage|p2a: Moltres|81/100|[from] Sandstorm
|upkeep
|
|t:|1769319811
|switch|p1a: Pecharunt|Pecharunt|62/100
|turn|27
|
|t:|1769319813
|move|p2a: Moltres|Flamethrower|p1a: Pecharunt
|-crit|p1a: Pecharunt
|-damage|p1a: Pecharunt|0 fnt
|faint|p1a: Pecharunt
|
|-weather|Sandstorm|[upkeep]
|-damage|p2a: Moltres|75/100|[from] Sandstorm
|upkeep
|-message|chibi tanjiro forfeited.
|
|win|CambridgeFoulPlay
|raw|chibi tanjiro's rating: 1525 &rarr; <strong>1508</strong><br />(-17 for losing)
|raw|CambridgeFoulPlay's rating: 1586 &rarr; <strong>1603</strong><br />(+17 for winning)
|c|☆CambridgeFoulPlay|gg
|l|☆chibi tanjiro
|player|p1|
|l|☆CambridgeFoulPlay
|player|p2|
