|j|☆besudo
|j|☆Unskilled2004
|t:|1769429417
|gametype|singles
|player|p1|besudo|dancer|1733
|player|p2|Unskilled2004|170|1615
|gen|9
|tier|[Gen 9] OU
|rated|
|rule|HP Percentage Mod: HP is shown in percentages
|rule|Endless Battle Clause: Forcing endless battles is banned
|rule|Species Clause: Limit one of each Pokémon
|rule|OHKO Clause: OHKO moves are banned
|rule|Evasion Items Clause: Evasion items are banned
|rule|Evasion Moves Clause: Evasion moves are banned
|rule|Evasion Abilities Clause: Evasion abilities are banned
|rule|Sleep Moves Clause: Sleep-inducing moves are banned
|clearpoke
|poke|p1|Regidrago|
|poke|p1|Hatterene, F|
|poke|p1|Corviknight, F|
|poke|p1|Okidogi, M|
|poke|p1|Ting-Lu|
|poke|p1|Ceruledge, F|
|poke|p2|Hydreigon, F|
|poke|p2|Great Tusk|
|poke|p2|Lokix, F|
|poke|p2|Dragapult, F|
|poke|p2|Pecharunt|
|poke|p2|Heatran, M|
|teampreview
|inactive|Battle timer is ON: inactive players will automatically lose when time's up. (requested by Unskilled2004)
|
|t:|1769429427
|teamsize|p1|6
|teamsize|p2|6
|start
|switch|p1a: Corviknight|Corviknight, F, shiny|100/100
|switch|p2a: Lokix|Lokix, F|100/100
|-ability|p1a: Corviknight|Pressure
|turn|1
|
|t:|1769429432
|move|p2a: Lokix|U-turn|p1a: Corviknight
|-resisted|p1a: Corviknight
|-damage|p1a: Corviknight|88/100
|
|t:|1769429437
|switch|p2a: Heatran|Heatran, M|100/100|[from] U-turn
|move|p1a: Corviknight|U-turn|p2a: Heatran
|-resisted|p2a: Heatran
|-damage|p2a: Heatran|98/100
|j| Leononroids
|
|t:|1769429445
|switch|p1a: Ting-Lu|Ting-Lu, shiny|100/100|[from] U-turn
|-ability|p1a: Ting-Lu|Vessel of Ruin
|
|-heal|p2a: Heatran|100/100|[from] item: Leftovers
|upkeep
|turn|2
|
|t:|1769429454
|move|p2a: Heatran|Magma Storm|p1a: Ting-Lu
|-damage|p1a: Ting-Lu|84/100
|-activate|p1a: Ting-Lu|move: Magma Storm|[of] p2a: Heatran
|move|p1a: Ting-Lu|Ruination|p2a: Heatran
|-damage|p2a: Heatran|50/100
|
|-heal|p2a: Heatran|57/100|[from] item: Leftovers
|-heal|p1a: Ting-Lu|90/100|[from] item: Leftovers
|-damage|p1a: Ting-Lu|78/100|[from] move: Magma Storm|[partiallytrapped]
|upkeep
|turn|3
|
|t:|1769429460
|switch|p2a: Hydreigon|Hydreigon, F|100/100
|move|p1a: Ting-Lu|Earthquake|p2a: Hydreigon
|-immune|p2a: Hydreigon|[from] ability: Levitate
|
|-heal|p1a: Ting-Lu|84/100|[from] item: Leftovers
|-end|p1a: Ting-Lu|Magma Storm|[partiallytrapped]|[silent]
|upkeep
|turn|4
|
|t:|1769429472
|move|p2a: Hydreigon|Draco Meteor|p1a: Ting-Lu
|-damage|p1a: Ting-Lu|44/100
|-unboost|p2a: Hydreigon|spa|2
|move|p1a: Ting-Lu|Stealth Rock|p2a: Hydreigon
|-sidestart|p2: Unskilled2004|move: Stealth Rock
|
|-heal|p1a: Ting-Lu|50/100|[from] item: Leftovers
|upkeep
|turn|5
|
|t:|1769429478
|switch|p2a: Great Tusk|Great Tusk|100/100
|move|p1a: Ting-Lu|Ruination|p2a: Great Tusk
|-damage|p2a: Great Tusk|51/100
|
|-heal|p1a: Ting-Lu|57/100|[from] item: Leftovers
|upkeep
|turn|6
|
|t:|1769429486
|switch|p1a: Corviknight|Corviknight, F, shiny|88/100
|-ability|p1a: Corviknight|Pressure
|move|p2a: Great Tusk|Stealth Rock|p1a: Corviknight
|-sidestart|p1: besudo|move: Stealth Rock
|
|-heal|p1a: Corviknight|94/100|[from] item: Leftovers
|upkeep
|turn|7
|
|t:|1769429491
|move|p2a: Great Tusk|Rapid Spin|p1a: Corviknight
|-resisted|p1a: Corviknight
|-crit|p1a: Corviknight
|-damage|p1a: Corviknight|85/100
|-boost|p2a: Great Tusk|spe|1
|-sideend|p2: Unskilled2004|Stealth Rock|[from] move: Rapid Spin|[of] p2a: Great Tusk
|move|p1a: Corviknight|Defog|p2a: Great Tusk
|-unboost|p2a: Great Tusk|evasion|1
|-sideend|p1: besudo|Stealth Rock|[from] move: Defog|[of] p1a: Corviknight
|
|-heal|p1a: Corviknight|92/100|[from] item: Leftovers
|upkeep
|turn|8
|
|t:|1769429494
|move|p2a: Great Tusk|Stealth Rock|p1a: Corviknight
|-sidestart|p1: besudo|move: Stealth Rock
|move|p1a: Corviknight|U-turn|p2a: Great Tusk
|-resisted|p2a: Great Tusk
|-damage|p2a: Great Tusk|46/100
|
|t:|1769429498
|switch|p1a: Okidogi|Okidogi, M|100/100|[from] U-turn
|-damage|p1a: Okidogi|94/100|[from] Stealth Rock
|
|-heal|p1a: Okidogi|100/100|[from] item: Leftovers
|upkeep
|turn|9
|
|t:|1769429502
|switch|p1a: Corviknight|Corviknight, F, shiny|92/100
|-damage|p1a: Corviknight|79/100|[from] Stealth Rock
|-ability|p1a: Corviknight|Pressure
|move|p2a: Great Tusk|Headlong Rush|p1a: Corviknight
|-immune|p1a: Corviknight
|
|-heal|p1a: Corviknight|85/100|[from] item: Leftovers
|upkeep
|turn|10
|
|t:|1769429507
|move|p2a: Great Tusk|Ice Spinner|p1a: Corviknight
|-damage|p1a: Corviknight|68/100
|move|p1a: Corviknight|Defog|p2a: Great Tusk
|-unboost|p2a: Great Tusk|evasion|1
|-sideend|p1: besudo|Stealth Rock|[from] move: Defog|[of] p1a: Corviknight
|
|-heal|p1a: Corviknight|74/100|[from] item: Leftovers
|upkeep
|turn|11
|
|t:|1769429510
|switch|p1a: Hatterene|Hatterene, F, shiny|100/100
|move|p2a: Great Tusk|Stealth Rock|p1a: Hatterene
|move|p1a: Hatterene|Stealth Rock|p2a: Great Tusk|[from] ability: Magic Bounce
|-sidestart|p2: Unskilled2004|move: Stealth Rock
|
|upkeep
|turn|12
|
|t:|1769429517
|-end|p2a: Great Tusk|Protosynthesis|[silent]
|switch|p2a: Heatran|Heatran, M|57/100
|-damage|p2a: Heatran|44/100|[from] Stealth Rock
|move|p1a: Hatterene|Dazzling Gleam|p2a: Heatran
|-resisted|p2a: Heatran
|-damage|p2a: Heatran|38/100
|
|-heal|p2a: Heatran|45/100|[from] item: Leftovers
|upkeep
|turn|13
|
|t:|1769429522
|switch|p1a: Ting-Lu|Ting-Lu, shiny|57/100
|-ability|p1a: Ting-Lu|Vessel of Ruin
|move|p2a: Heatran|Magma Storm|p1a: Ting-Lu
|-damage|p1a: Ting-Lu|38/100
|-activate|p1a: Ting-Lu|move: Magma Storm|[of] p2a: Heatran
|
|-heal|p2a: Heatran|51/100|[from] item: Leftovers
|-heal|p1a: Ting-Lu|45/100|[from] item: Leftovers
|-damage|p1a: Ting-Lu|32/100|[from] move: Magma Storm|[partiallytrapped]
|upkeep
|turn|14
|
|t:|1769429527
|move|p2a: Heatran|Protect|p2a: Heatran
|-singleturn|p2a: Heatran|Protect
|move|p1a: Ting-Lu|Earthquake|p2a: Heatran
|-activate|p2a: Heatran|move: Protect
|
|-heal|p2a: Heatran|57/100|[from] item: Leftovers
|-heal|p1a: Ting-Lu|38/100|[from] item: Leftovers
|-damage|p1a: Ting-Lu|26/100|[from] move: Magma Storm|[partiallytrapped]
|upkeep
|turn|15
|
|t:|1769429534
|switch|p2a: Hydreigon|Hydreigon, F|100/100
|-damage|p2a: Hydreigon|88/100|[from] Stealth Rock
|move|p1a: Ting-Lu|Ruination|p2a: Hydreigon
|-damage|p2a: Hydreigon|44/100
|
|-heal|p1a: Ting-Lu|32/100|[from] item: Leftovers
|-end|p1a: Ting-Lu|Magma Storm|[partiallytrapped]|[silent]
|upkeep
|turn|16
|
|t:|1769429539
|switch|p1a: Hatterene|Hatterene, F, shiny|100/100
|move|p2a: Hydreigon|Flash Cannon|p1a: Hatterene
|-supereffective|p1a: Hatterene
|-crit|p1a: Hatterene
|-damage|p1a: Hatterene|0 fnt
|faint|p1a: Hatterene
|
|upkeep
|
|t:|1769429544
|switch|p1a: Regidrago|Regidrago|100/100
|turn|17
|inactive|Unskilled2004 has 120 seconds left.
|
|t:|1769429574
|switch|p2a: Heatran|Heatran, M|57/100
|-damage|p2a: Heatran|45/100|[from] Stealth Rock
|move|p1a: Regidrago|Dragon Energy|p2a: Heatran
|-resisted|p2a: Heatran
|-damage|p2a: Heatran|14/100
|
|-heal|p2a: Heatran|20/100|[from] item: Leftovers
|upkeep
|turn|18
|
|t:|1769429581
|move|p2a: Heatran|Protect|p2a: Heatran
|-singleturn|p2a: Heatran|Protect
|move|p1a: Regidrago|Dragon Energy|p2a: Heatran
|-activate|p2a: Heatran|move: Protect
|
|-heal|p2a: Heatran|26/100|[from] item: Leftovers
|upkeep
|turn|19
|
|t:|1769429583
|move|p2a: Heatran|Protect|p2a: Heatran
|-singleturn|p2a: Heatran|Protect
|move|p1a: Regidrago|Dragon Energy|p2a: Heatran
|-activate|p2a: Heatran|move: Protect
|
|-heal|p2a: Heatran|32/100|[from] item: Leftovers
|upkeep
|turn|20
|
|t:|1769429587
|-terastallize|p1a: Regidrago|Dragon
|move|p1a: Regidrago|Dragon Energy|p2a: Heatran
|-resisted|p2a: Heatran
|-damage|p2a: Heatran|0 fnt
|faint|p2a: Heatran
|
|upkeep
|
|t:|1769429596
|switch|p2a: Lokix|Lokix, F|100/100
|-damage|p2a: Lokix|76/100|[from] Stealth Rock
|turn|21
|
|t:|1769429602
|switch|p1a: Corviknight|Corviknight, F, shiny|74/100
|-ability|p1a: Corviknight|Pressure
|move|p2a: Lokix|First Impression|p1a: Corviknight
|-resisted|p1a: Corviknight
|-damage|p1a: Corviknight|56/100
|
|-heal|p1a: Corviknight|63/100|[from] item: Leftovers
|upkeep
|turn|22
|
|t:|1769429616
|switch|p2a: Great Tusk|Great Tusk|46/100
|move|p1a: Corviknight|U-turn|p2a: Great Tusk
|-resisted|p2a: Great Tusk
|-damage|p2a: Great Tusk|41/100
|
|t:|1769429619
|switch|p1a: Regidrago|Regidrago, tera:Dragon|100/100|[from] U-turn
|
|upkeep
|turn|23
|
|t:|1769429626
|move|p1a: Regidrago|Dragon Energy|p2a: Great Tusk
|-damage|p2a: Great Tusk|0 fnt
|faint|p2a: Great Tusk
|-end|p2a: Great Tusk|Protosynthesis|[silent]
|
|upkeep
|
|t:|1769429633
|switch|p2a: Lokix|Lokix, F|76/100
|-damage|p2a: Lokix|51/100|[from] Stealth Rock
|turn|24
|
|t:|1769429638
|switch|p1a: Corviknight|Corviknight, F, shiny|63/100
|-ability|p1a: Corviknight|Pressure
|move|p2a: Lokix|U-turn|p1a: Corviknight
|-resisted|p1a: Corviknight
|-damage|p1a: Corviknight|50/100
|
|t:|1769429649
|switch|p2a: Hydreigon|Hydreigon, F|44/100|[from] U-turn
|-damage|p2a: Hydreigon|32/100|[from] Stealth Rock
|
|-heal|p1a: Corviknight|56/100|[from] item: Leftovers
|upkeep
|turn|25
|
|t:|1769429653
|switch|p1a: Ting-Lu|Ting-Lu, shiny|32/100
|-ability|p1a: Ting-Lu|Vessel of Ruin
|move|p2a: Hydreigon|Dark Pulse|p1a: Ting-Lu
|-resisted|p1a: Ting-Lu
|-damage|p1a: Ting-Lu|19/100
|
|-heal|p1a: Ting-Lu|26/100|[from] item: Leftovers
|upkeep
|turn|26
|
|t:|1769429663
|switch|p2a: Pecharunt|Pecharunt|100/100
|move|p1a: Ting-Lu|Whirlwind|p2a: Pecharunt
|drag|p2a: Lokix|Lokix, F|51/100
|-damage|p2a: Lokix|26/100|[from] Stealth Rock
|
|-heal|p1a: Ting-Lu|32/100|[from] item: Leftovers
|upkeep
|turn|27
|
|t:|1769429675
|switch|p1a: Okidogi|Okidogi, M|100/100
|move|p2a: Lokix|Knock Off|p1a: Okidogi
|-resisted|p1a: Okidogi
|-damage|p1a: Okidogi|60/100
|-enditem|p1a: Okidogi|Leftovers|[from] move: Knock Off|[of] p2a: Lokix
|
|upkeep
|turn|28
|
|t:|1769429682
|switch|p2a: Pecharunt|Pecharunt|100/100
|move|p1a: Okidogi|Drain Punch|p2a: Pecharunt
|-immune|p2a: Pecharunt
|
|upkeep
|turn|29
|
|t:|1769429688
|switch|p1a: Corviknight|Corviknight, F, shiny|56/100
|-ability|p1a: Corviknight|Pressure
|move|p2a: Pecharunt|Parting Shot|p1a: Corviknight
|-unboost|p1a: Corviknight|atk|1
|-unboost|p1a: Corviknight|spa|1
|
|t:|1769429697
|switch|p2a: Hydreigon|Hydreigon, F|32/100|[from] Parting Shot
|-damage|p2a: Hydreigon|20/100|[from] Stealth Rock
|
|-heal|p1a: Corviknight|63/100|[from] item: Leftovers
|upkeep
|turn|30
|
|t:|1769429710
|switch|p1a: Okidogi|Okidogi, M|60/100
|move|p2a: Hydreigon|Fire Blast|p1a: Okidogi
|-damage|p1a: Okidogi|4/100
|
|upkeep
|turn|31
|
|t:|1769429715
|move|p2a: Hydreigon|Fire Blast|p1a: Okidogi
|-damage|p1a: Okidogi|0 fnt
|faint|p1a: Okidogi
|
|upkeep
|
|t:|1769429717
|switch|p1a: Regidrago|Regidrago, tera:Dragon|100/100
|turn|32
|
|t:|1769429721
|move|p1a: Regidrago|Dragon Energy|p2a: Hydreigon
|-supereffective|p2a: Hydreigon
|-damage|p2a: Hydreigon|0 fnt
|faint|p2a: Hydreigon
|
|upkeep
|
|t:|1769429739
|switch|p2a: Pecharunt|Pecharunt|100/100
|turn|33
|
|t:|1769429742
|move|p1a: Regidrago|Dragon Energy|p2a: Pecharunt
|-damage|p2a: Pecharunt|0 fnt
|faint|p2a: Pecharunt
|
|upkeep
|
|t:|1769429744
|switch|p2a: Lokix|Lokix, F|26/100
|-damage|p2a: Lokix|2/100|[from] Stealth Rock
|turn|34
|
|t:|1769429750
|switch|p1a: Corviknight|Corviknight, F, shiny|63/100
|-ability|p1a: Corviknight|Pressure
|move|p2a: Lokix|Knock Off|p1a: Corviknight
|-damage|p1a: Corviknight|26/100
|-enditem|p1a: Corviknight|Leftovers|[from] move: Knock Off|[of] p2a: Lokix
|
|upkeep
|turn|35
|c|☆Unskilled2004|Gg well played
|
|t:|1769429758
|move|p2a: Lokix|Knock Off|p1a: Corviknight
|-damage|p1a: Corviknight|0 fnt
|faint|p1a: Corviknight
|
|upkeep
|
|t:|1769429769
|switch|p1a: Ceruledge|Ceruledge, F|100/100
|turn|36
|
|t:|1769429771
|move|p1a: Ceruledge|Shadow Sneak|p2a: Lokix
|-resisted|p2a: Lokix
|-damage|p2a: Lokix|0 fnt
|faint|p2a: Lokix
|-damage|p1a: Ceruledge|91/100|[from] item: Life Orb
|
|upkeep
|
|t:|1769429773
|switch|p2a: Dragapult|Dragapult, F|100/100
|-damage|p2a: Dragapult|88/100|[from] Stealth Rock
|turn|37
|
|t:|1769429775
|move|p1a: Ceruledge|Shadow Sneak|p2a: Dragapult
|-supereffective|p2a: Dragapult
|-damage|p2a: Dragapult|2/100
|-damage|p1a: Ceruledge|81/100|[from] item: Life Orb
|move|p2a: Dragapult|Shadow Ball|p1a: Ceruledge
|-supereffective|p1a: Ceruledge
|-damage|p1a: Ceruledge|0 fnt
|faint|p1a: Ceruledge
|
|upkeep
|
|t:|1769429778
|switch|p1a: Regidrago|Regidrago, tera:Dragon|100/100
|turn|38
|
|t:|1769429779
|move|p1a: Regidrago|Earth Power|p2a: Dragapult
|-damage|p2a: Dragapult|0 fnt
|faint|p2a: Dragapult
|
|win|besudo
|raw|besudo's rating: 1733 &rarr; <strong>1746</strong><br />(+13 for winning)
|raw|Unskilled2004's rating: 1615 &rarr; <strong>1602</strong><br />(-13 for losing)
|c|☆besudo|Gg
|l|☆Unskilled2004
|player|p2|
|l|☆besudo
|player|p1|
|l| Leononroids
