|j|☆chan990
|j|☆Big Shot Sableye
|t:|1769411899
|gametype|singles
|player|p1|chan990|170|1234
|player|p2|Big Shot Sableye|flannery|1209
|gen|9
|tier|[Gen 9] OU
|rated|
|rule|HP Percentage Mod: HP is shown in percentages
|rule|Endless Battle Clause: Forcing endless battles is banned
|rule|Species Clause: Limit one of each Pokémon
|rule|OHKO Clause: OHKO moves are banned
|rule|Evasion Items Clause: Evasion items are banned
|rule|Evasion Moves Clause: Evasion moves are banned
|rule|Evasion Abilities Clause: Evasion abilities are banned
|rule|Sleep Moves Clause: Sleep-inducing moves are banned
|clearpoke
|poke|p1|Cloyster, M|
|poke|p1|Gliscor, F|
|poke|p1|Dragapult, M|
|poke|p1|Skarmory, F|
|poke|p1|Primarina, M|
|poke|p1|Rotom-Heat|
|poke|p2|Decidueye-Hisui, F|
|poke|p2|Dragapult, F|
|poke|p2|Raging Bolt|
|poke|p2|Greninja-*, F|
|poke|p2|Grimmsnarl, M|
|poke|p2|Landorus-Therian, M|
|teampreview
|j| John Pork MMA
|
|t:|1769411902
|teamsize|p1|6
|teamsize|p2|6
|start
|switch|p1a: Skarmory|Skarmory, F|100/100
|switch|p2a: Landorus|Landorus-Therian, M, shiny|100/100
|-ability|p2a: Landorus|Intimidate|boost
|-unboost|p1a: Skarmory|atk|1
|turn|1
|
|t:|1769411907
|move|p2a: Landorus|Rock Slide|p1a: Skarmory
|-damage|p1a: Skarmory|77/100
|move|p1a: Skarmory|Taunt|p2a: Landorus
|-start|p2a: Landorus|move: Taunt
|
|upkeep
|turn|2
|
|t:|1769411915
|switch|p2a: Decidueye|Decidueye-Hisui, F, shiny|100/100
|move|p1a: Skarmory|Stealth Rock|p2a: Decidueye
|-sidestart|p2: Big Shot Sableye|move: Stealth Rock
|
|upkeep
|turn|3
|
|t:|1769411923
|move|p2a: Decidueye|Triple Arrows|p1a: Skarmory
|-damage|p1a: Skarmory|47/100
|move|p1a: Skarmory|Whirlwind|p2a: Decidueye
|drag|p2a: Raging Bolt|Raging Bolt|100/100
|-damage|p2a: Raging Bolt|88/100|[from] Stealth Rock
|-enditem|p2a: Raging Bolt|Booster Energy
|-activate|p2a: Raging Bolt|ability: Protosynthesis|[fromitem]
|-start|p2a: Raging Bolt|protosynthesisspa
|
|upkeep
|turn|4
|l| John Pork MMA
|
|t:|1769411932
|switch|p1a: Dragapult|Dragapult, M, shiny|100/100
|move|p2a: Raging Bolt|Calm Mind|p2a: Raging Bolt
|-boost|p2a: Raging Bolt|spa|1
|-boost|p2a: Raging Bolt|spd|1
|
|upkeep
|turn|5
|
|t:|1769411938
|move|p1a: Dragapult|Light Screen|p1a: Dragapult
|-sidestart|p1: chan990|move: Light Screen
|move|p2a: Raging Bolt|Dragon Pulse|p1a: Dragapult
|-supereffective|p1a: Dragapult
|-damage|p1a: Dragapult|0 fnt
|-start|p2a: Raging Bolt|Disable|Dragon Pulse|[from] ability: Cursed Body|[of] p1a: Dragapult
|faint|p1a: Dragapult
|
|upkeep
|
|t:|1769411943
|switch|p1a: Cloyster|Cloyster, M, shiny|100/100
|turn|6
|
|t:|1769411959
|-terastallize|p1a: Cloyster|Ground
|move|p1a: Cloyster|Shell Smash|p1a: Cloyster
|-unboost|p1a: Cloyster|def|1
|-unboost|p1a: Cloyster|spd|1
|-boost|p1a: Cloyster|atk|2
|-boost|p1a: Cloyster|spa|2
|-boost|p1a: Cloyster|spe|2
|move|p2a: Raging Bolt|Tera Blast|p1a: Cloyster
|-enditem|p1a: Cloyster|Focus Sash
|-damage|p1a: Cloyster|1/100
|
|upkeep
|turn|7
|
|t:|1769411972
|move|p1a: Cloyster|Icicle Spear|p2a: Raging Bolt
|-supereffective|p2a: Raging Bolt
|-damage|p2a: Raging Bolt|48/100
|-supereffective|p2a: Raging Bolt
|-damage|p2a: Raging Bolt|8/100
|-supereffective|p2a: Raging Bolt
|-damage|p2a: Raging Bolt|0 fnt
|faint|p2a: Raging Bolt
|-end|p2a: Raging Bolt|Protosynthesis|[silent]
|-hitcount|p2: Raging Bolt|3
|
|upkeep
|
|t:|1769411975
|switch|p2a: Grimmsnarl|Grimmsnarl, M, shiny|100/100
|-damage|p2a: Grimmsnarl|88/100|[from] Stealth Rock
|turn|8
|
|t:|1769411978
|move|p2a: Grimmsnarl|Reflect|p2a: Grimmsnarl
|-sidestart|p2: Big Shot Sableye|Reflect
|move|p1a: Cloyster|Icicle Spear|p2a: Grimmsnarl
|-damage|p2a: Grimmsnarl|76/100
|-damage|p2a: Grimmsnarl|64/100
|-damage|p2a: Grimmsnarl|52/100
|-damage|p2a: Grimmsnarl|41/100
|-damage|p2a: Grimmsnarl|30/100
|-hitcount|p2a: Grimmsnarl|5
|
|upkeep
|turn|9
|
|t:|1769411985
|move|p2a: Grimmsnarl|Parting Shot|p1a: Cloyster
|-unboost|p1a: Cloyster|atk|1
|-unboost|p1a: Cloyster|spa|1
|
|t:|1769411988
|switch|p2a: Greninja|Greninja, F, shiny|100/100|[from] Parting Shot
|-damage|p2a: Greninja|88/100|[from] Stealth Rock
|move|p1a: Cloyster|Icicle Spear|p2a: Greninja
|-resisted|p2a: Greninja
|-damage|p2a: Greninja|81/100
|-resisted|p2a: Greninja
|-damage|p2a: Greninja|74/100
|-resisted|p2a: Greninja
|-damage|p2a: Greninja|67/100
|-resisted|p2a: Greninja
|-damage|p2a: Greninja|60/100
|-resisted|p2a: Greninja
|-damage|p2a: Greninja|52/100
|-hitcount|p2a: Greninja|5
|
|upkeep
|turn|10
|
|t:|1769412000
|move|p1a: Cloyster|Drill Run|p2a: Greninja
|-damage|p2a: Greninja|5/100
|move|p2a: Greninja|Extrasensory|p1a: Cloyster
|-start|p2a: Greninja|typechange|Psychic|[from] ability: Protean
|-damage|p1a: Cloyster|0 fnt
|faint|p1a: Cloyster
|
|upkeep
|
|t:|1769412008
|switch|p1a: Primarina|Primarina, M|100/100
|turn|11
|
|t:|1769412014
|move|p2a: Greninja|Extrasensory|p1a: Primarina
|-damage|p1a: Primarina|85/100
|move|p1a: Primarina|Draining Kiss|p2a: Greninja
|-damage|p2a: Greninja|0 fnt
|-heal|p1a: Primarina|88/100|[from] drain|[of] p2a: Greninja
|faint|p2a: Greninja
|
|upkeep
|
|t:|1769412024
|switch|p2a: Landorus|Landorus-Therian, M, shiny|100/100
|-damage|p2a: Landorus|88/100|[from] Stealth Rock
|-ability|p2a: Landorus|Intimidate|boost
|-unboost|p1a: Primarina|atk|1
|turn|12
|
|t:|1769412029
|move|p2a: Landorus|U-turn|p1a: Primarina
|-resisted|p1a: Primarina
|-damage|p1a: Primarina|65/100
|
|t:|1769412032
|switch|p2a: Grimmsnarl|Grimmsnarl, M, shiny|30/100|[from] U-turn
|-damage|p2a: Grimmsnarl|17/100|[from] Stealth Rock
|move|p1a: Primarina|Psychic Noise|p2a: Grimmsnarl
|-damage|p2a: Grimmsnarl|0 fnt
|faint|p2a: Grimmsnarl
|
|-sideend|p1: chan990|move: Light Screen
|upkeep
|
|t:|1769412036
|switch|p2a: Dragapult|Dragapult, F, shiny|100/100
|-damage|p2a: Dragapult|88/100|[from] Stealth Rock
|turn|13
|
|t:|1769412039
|move|p2a: Dragapult|Phantom Force||[still]
|-prepare|p2a: Dragapult|Phantom Force
|move|p1a: Primarina|Draining Kiss|p2a: Dragapult|[miss]
|-miss|p1a: Primarina|p2a: Dragapult
|
|upkeep
|turn|14
|
|t:|1769412043
|move|p2a: Dragapult|Phantom Force|p1a: Primarina|[from] lockedmove
|-damage|p1a: Primarina|0 fnt
|faint|p1a: Primarina
|
|upkeep
|
|t:|1769412047
|switch|p1a: Skarmory|Skarmory, F|47/100
|turn|15
|
|t:|1769412049
|move|p2a: Dragapult|Phantom Force||[still]
|-prepare|p2a: Dragapult|Phantom Force
|move|p1a: Skarmory|Taunt|p2a: Dragapult|[miss]
|-miss|p1a: Skarmory|p2a: Dragapult
|
|-sideend|p2: Big Shot Sableye|Reflect
|upkeep
|turn|16
|
|t:|1769412054
|move|p2a: Dragapult|Phantom Force|p1a: Skarmory|[from] lockedmove
|-damage|p1a: Skarmory|7/100
|-damage|p2a: Dragapult|72/100|[from] item: Rocky Helmet|[of] p1a: Skarmory
|move|p1a: Skarmory|Whirlwind|p2a: Dragapult
|drag|p2a: Landorus|Landorus-Therian, M, shiny|88/100
|-damage|p2a: Landorus|75/100|[from] Stealth Rock
|-ability|p2a: Landorus|Intimidate|boost
|-unboost|p1a: Skarmory|atk|1
|
|upkeep
|turn|17
|
|t:|1769412065
|switch|p1a: Gliscor|Gliscor, F, shiny|100/100
|move|p2a: Landorus|U-turn|p1a: Gliscor
|-resisted|p1a: Gliscor
|-damage|p1a: Gliscor|88/100
|
|t:|1769412071
|switch|p2a: Dragapult|Dragapult, F, shiny|72/100|[from] U-turn
|-damage|p2a: Dragapult|59/100|[from] Stealth Rock
|
|-status|p1a: Gliscor|tox|[from] item: Toxic Orb
|upkeep
|turn|18
|
|t:|1769412078
|-terastallize|p2a: Dragapult|Dragon
|move|p2a: Dragapult|Dragon Darts|p1a: Gliscor
|-damage|p1a: Gliscor|56/100 tox
|-anim|p2a: Dragapult|Dragon Darts|p1a: Gliscor
|-damage|p1a: Gliscor|22/100 tox
|move|p1a: Gliscor|Substitute|p1a: Gliscor
|-fail|p1a: Gliscor|move: Substitute|[weak]
|
|-heal|p1a: Gliscor|35/100 tox|[from] ability: Poison Heal
|upkeep
|turn|19
|
|t:|1769412086
|move|p1a: Gliscor|Protect|p1a: Gliscor
|-singleturn|p1a: Gliscor|Protect
|move|p2a: Dragapult|Dragon Darts|p1a: Gliscor
|-activate|p1a: Gliscor|move: Protect
|
|-heal|p1a: Gliscor|47/100 tox|[from] ability: Poison Heal
|upkeep
|turn|20
|
|t:|1769412091
|switch|p1a: Skarmory|Skarmory, F|7/100
|move|p2a: Dragapult|Dragon Darts|p1a: Skarmory
|-resisted|p1a: Skarmory
|-damage|p1a: Skarmory|0 fnt
|faint|p1a: Skarmory
|
|upkeep
|
|t:|1769412097
|switch|p1a: Rotom|Rotom-Heat|100/100
|turn|21
|
|t:|1769412111
|move|p1a: Rotom|Will-O-Wisp|p2a: Dragapult
|-status|p2a: Dragapult|brn
|move|p2a: Dragapult|Dragon Darts|p1a: Rotom
|-damage|p1a: Rotom|69/100
|-anim|p2a: Dragapult|Dragon Darts|p1a: Rotom
|-damage|p1a: Rotom|38/100
|
|-damage|p2a: Dragapult|53/100 brn|[from] brn
|upkeep
|turn|22
|
|t:|1769412126
|switch|p1a: Gliscor|Gliscor, F, shiny|47/100 tox
|move|p2a: Dragapult|Dragon Darts|p1a: Gliscor
|-damage|p1a: Gliscor|32/100 tox
|-anim|p2a: Dragapult|Dragon Darts|p1a: Gliscor
|-damage|p1a: Gliscor|18/100 tox
|
|-heal|p1a: Gliscor|30/100 tox|[from] ability: Poison Heal
|-damage|p2a: Dragapult|47/100 brn|[from] brn
|upkeep
|turn|23
|
|t:|1769412132
|switch|p2a: Landorus|Landorus-Therian, M, shiny|75/100
|-damage|p2a: Landorus|63/100|[from] Stealth Rock
|-ability|p2a: Landorus|Intimidate|boost
|-unboost|p1a: Gliscor|atk|1
|move|p1a: Gliscor|Protect||[still]
|-fail|p1a: Gliscor
|
|-heal|p1a: Gliscor|43/100 tox|[from] ability: Poison Heal
|upkeep
|turn|24
|
|t:|1769412140
|move|p1a: Gliscor|Protect|p1a: Gliscor
|-singleturn|p1a: Gliscor|Protect
|move|p2a: Landorus|Rock Slide|p1a: Gliscor
|-activate|p1a: Gliscor|move: Protect
|
|-heal|p1a: Gliscor|55/100 tox|[from] ability: Poison Heal
|upkeep
|turn|25
|
|t:|1769412144
|move|p2a: Landorus|Rock Slide|p1a: Gliscor
|-damage|p1a: Gliscor|29/100 tox
|move|p1a: Gliscor|Toxic|p2a: Landorus
|-status|p2a: Landorus|tox
|
|-damage|p2a: Landorus|57/100 tox|[from] psn
|-heal|p1a: Gliscor|41/100 tox|[from] ability: Poison Heal
|upkeep
|turn|26
|
|t:|1769412150
|move|p2a: Landorus|Rock Slide|p1a: Gliscor
|-damage|p1a: Gliscor|16/100 tox
|move|p1a: Gliscor|Substitute|p1a: Gliscor
|-fail|p1a: Gliscor|move: Substitute|[weak]
|
|-damage|p2a: Landorus|44/100 tox|[from] psn
|-heal|p1a: Gliscor|28/100 tox|[from] ability: Poison Heal
|upkeep
|turn|27
|
|t:|1769412155
|move|p1a: Gliscor|Protect|p1a: Gliscor
|-singleturn|p1a: Gliscor|Protect
|move|p2a: Landorus|Rock Slide|p1a: Gliscor
|-activate|p1a: Gliscor|move: Protect
|
|-damage|p2a: Landorus|25/100 tox|[from] psn
|-heal|p1a: Gliscor|41/100 tox|[from] ability: Poison Heal
|upkeep
|turn|28
|
|t:|1769412162
|move|p2a: Landorus|Rock Slide|p1a: Gliscor
|-damage|p1a: Gliscor|17/100 tox
|move|p1a: Gliscor|Knock Off|p2a: Landorus
|-damage|p2a: Landorus|9/100 tox
|-enditem|p2a: Landorus|Choice Band|[from] move: Knock Off|[of] p1a: Gliscor
|
|-damage|p2a: Landorus|0 fnt|[from] psn
|faint|p2a: Landorus
|-heal|p1a: Gliscor|29/100 tox|[from] ability: Poison Heal
|upkeep
|
|t:|1769412170
|switch|p2a: Dragapult|Dragapult, F, shiny, tera:Dragon|47/100 brn
|-damage|p2a: Dragapult|35/100 brn|[from] Stealth Rock
|turn|29
|
|t:|1769412180
|move|p1a: Gliscor|Protect|p1a: Gliscor
|-singleturn|p1a: Gliscor|Protect
|move|p2a: Dragapult|Dragon Darts|p1a: Gliscor
|-activate|p1a: Gliscor|move: Protect
|
|-heal|p1a: Gliscor|41/100 tox|[from] ability: Poison Heal
|-damage|p2a: Dragapult|29/100 brn|[from] brn
|upkeep
|turn|30
|
|t:|1769412185
|switch|p1a: Rotom|Rotom-Heat|38/100
|move|p2a: Dragapult|Dragon Darts|p1a: Rotom
|-damage|p1a: Rotom|5/100
|-anim|p2a: Dragapult|Dragon Darts|p1a: Rotom
|-damage|p1a: Rotom|0 fnt
|faint|p1a: Rotom
|
|-damage|p2a: Dragapult|23/100 brn|[from] brn
|upkeep
|
|t:|1769412190
|switch|p1a: Gliscor|Gliscor, F, shiny|41/100 tox
|turn|31
|
|t:|1769412191
|move|p1a: Gliscor|Protect|p1a: Gliscor
|-singleturn|p1a: Gliscor|Protect
|move|p2a: Dragapult|Dragon Darts|p1a: Gliscor
|-activate|p1a: Gliscor|move: Protect
|
|-heal|p1a: Gliscor|54/100 tox|[from] ability: Poison Heal
|-damage|p2a: Dragapult|17/100 brn|[from] brn
|upkeep
|turn|32
|
|t:|1769412198
|move|p2a: Dragapult|Dragon Darts|p1a: Gliscor
|-crit|p1a: Gliscor
|-damage|p1a: Gliscor|30/100 tox
|-anim|p2a: Dragapult|Dragon Darts|p1a: Gliscor
|-damage|p1a: Gliscor|13/100 tox
|move|p1a: Gliscor|Knock Off|p2a: Dragapult
|-damage|p2a: Dragapult|0 fnt
|-enditem|p2a: Dragapult|Choice Band|[from] move: Knock Off|[of] p1a: Gliscor
|faint|p2a: Dragapult
|
|-heal|p1a: Gliscor|26/100 tox|[from] ability: Poison Heal
|upkeep
|
|t:|1769412205
|switch|p2a: Decidueye|Decidueye-Hisui, F, shiny|100/100
|-damage|p2a: Decidueye|95/100|[from] Stealth Rock
|turn|33
|
|t:|1769412208
|move|p1a: Gliscor|Protect|p1a: Gliscor
|-singleturn|p1a: Gliscor|Protect
|move|p2a: Decidueye|Bulk Up|p2a: Decidueye
|-boost|p2a: Decidueye|atk|1
|-boost|p2a: Decidueye|def|1
|
|-heal|p2a: Decidueye|100/100|[from] item: Leftovers
|-heal|p1a: Gliscor|38/100 tox|[from] ability: Poison Heal
|upkeep
|turn|34
|
|t:|1769412212
|move|p1a: Gliscor|Toxic|p2a: Decidueye
|-status|p2a: Decidueye|tox
|move|p2a: Decidueye|Triple Arrows|p1a: Gliscor
|-resisted|p1a: Gliscor
|-damage|p1a: Gliscor|18/100 tox
|
|-heal|p1a: Gliscor|30/100 tox|[from] ability: Poison Heal
|-damage|p2a: Decidueye|95/100 tox|[from] psn
|upkeep
|turn|35
|
|t:|1769412225
|move|p1a: Gliscor|Knock Off|p2a: Decidueye
|-resisted|p2a: Decidueye
|-damage|p2a: Decidueye|86/100 tox
|-enditem|p2a: Decidueye|Leftovers|[from] move: Knock Off|[of] p1a: Gliscor
|move|p2a: Decidueye|Leaf Blade|p1a: Gliscor
|-crit|p1a: Gliscor
|-damage|p1a: Gliscor|0 fnt
|faint|p1a: Gliscor
|
|win|Big Shot Sableye
|raw|chan990's rating: 1234 &rarr; <strong>1207</strong><br />(-27 for losing)
|raw|Big Shot Sableye's rating: 1209 &rarr; <strong>1236</strong><br />(+27 for winning)
|l|☆chan990
|player|p1|
|l|☆Big Shot Sableye
|player|p2|
