|j|☆Sergay_Is_Straight
|j|☆DANILR5TDWL
|t:|1769336919
|gametype|singles
|player|p1|Sergay_Is_Straight|170|1351
|player|p2|DANILR5TDWL|roxie|1413
|gen|9
|tier|[Gen 9] OU
|rated|
|rule|HP Percentage Mod: HP is shown in percentages
|rule|Endless Battle Clause: Forcing endless battles is banned
|rule|Species Clause: Limit one of each Pokémon
|rule|OHKO Clause: OHKO moves are banned
|rule|Evasion Items Clause: Evasion items are banned
|rule|Evasion Moves Clause: Evasion moves are banned
|rule|Evasion Abilities Clause: Evasion abilities are banned
|rule|Sleep Moves Clause: Sleep-inducing moves are banned
|clearpoke
|poke|p1|Glastrier|
|poke|p1|Grimmsnarl, M|
|poke|p1|Corviknight, M|
|poke|p1|Raging Bolt|
|poke|p1|Maushold|
|poke|p1|Ceruledge, F|
|poke|p2|Alomomola, F|
|poke|p2|Dragapult, F|
|poke|p2|Clodsire, M|
|poke|p2|Iron Valiant|
|poke|p2|Gholdengo|
|poke|p2|Corviknight, F|
|teampreview
|inactive|Battle timer is ON: inactive players will automatically lose when time's up. (requested by Sergay_Is_Straight)
|
|t:|1769336942
|teamsize|p1|6
|teamsize|p2|6
|start
|switch|p1a: Grimmothy|Grimmsnarl, M|100/100
|switch|p2a: Gholdengo|Gholdengo|100/100
|turn|1
|
|t:|1769336959
|switch|p1a: Raging Goat|Raging Bolt|100/100
|-enditem|p1a: Raging Goat|Booster Energy
|-activate|p1a: Raging Goat|ability: Protosynthesis|[fromitem]
|-start|p1a: Raging Goat|protosynthesisspa
|move|p2a: Gholdengo|Make It Rain|p1a: Raging Goat
|-resisted|p1a: Raging Goat
|-damage|p1a: Raging Goat|57/100
|-unboost|p2a: Gholdengo|spa|1
|
|upkeep
|turn|2
|
|t:|1769336978
|switch|p2a: Clodsire|Clodsire, M|100/100
|move|p1a: Raging Goat|Dragon Pulse|p2a: Clodsire
|-damage|p2a: Clodsire|63/100
|
|-heal|p2a: Clodsire|70/100|[from] item: Black Sludge
|upkeep
|turn|3
|
|t:|1769336985
|move|p1a: Raging Goat|Dragon Pulse|p2a: Clodsire
|-damage|p2a: Clodsire|35/100
|move|p2a: Clodsire|Toxic|p1a: Raging Goat
|-status|p1a: Raging Goat|tox
|
|-heal|p2a: Clodsire|42/100|[from] item: Black Sludge
|-damage|p1a: Raging Goat|50/100 tox|[from] psn
|upkeep
|turn|4
|
|t:|1769336996
|switch|p2a: Iron Valiant|Iron Valiant|100/100
|move|p1a: Raging Goat|Dragon Pulse|p2a: Iron Valiant
|-immune|p2a: Iron Valiant
|
|-damage|p1a: Raging Goat|38/100 tox|[from] psn
|upkeep
|turn|5
|
|t:|1769337004
|move|p1a: Raging Goat|Thunderclap||[still]
|-fail|p1a: Raging Goat
|move|p2a: Iron Valiant|Encore|p1a: Raging Goat
|-start|p1a: Raging Goat|Encore
|
|-damage|p1a: Raging Goat|20/100 tox|[from] psn
|upkeep
|turn|6
|
|t:|1769337014
|-end|p2a: Iron Valiant|Quark Drive|[silent]
|switch|p2a: Alomomola|Alomomola, F, shiny|100/100
|move|p1a: Raging Goat|Thunderclap||[still]
|-fail|p1a: Raging Goat
|
|-damage|p1a: Raging Goat|0 fnt|[from] psn
|faint|p1a: Raging Goat
|-end|p1a: Raging Goat|Protosynthesis|[silent]
|upkeep
|
|t:|1769337034
|switch|p1a: Mockey|Maushold|100/100
|turn|7
|
|t:|1769337042
|move|p1a: Mockey|Tidy Up|p1a: Mockey
|-boost|p1a: Mockey|atk|1
|-boost|p1a: Mockey|spe|1
|move|p2a: Alomomola|Whirlpool|p1a: Mockey|[miss]
|-miss|p2a: Alomomola|p1a: Mockey
|
|upkeep
|turn|8
|
|t:|1769337054
|move|p1a: Mockey|Encore|p2a: Alomomola
|-start|p2a: Alomomola|Encore
|move|p2a: Alomomola|Whirlpool|p1a: Mockey
|-damage|p1a: Mockey|92/100
|-activate|p1a: Mockey|move: Whirlpool|[of] p2a: Alomomola
|
|-damage|p1a: Mockey|79/100|[from] move: Whirlpool|[partiallytrapped]
|upkeep
|turn|9
|
|t:|1769337056
|switch|p2a: Corviknight|Corviknight, F|100/100
|-ability|p2a: Corviknight|Pressure
|move|p1a: Mockey|Tidy Up|p1a: Mockey
|-boost|p1a: Mockey|atk|1
|-boost|p1a: Mockey|spe|1
|
|-end|p1a: Mockey|Whirlpool|[partiallytrapped]|[silent]
|upkeep
|turn|10
|
|t:|1769337062
|move|p1a: Mockey|Population Bomb|p2a: Corviknight
|-resisted|p2a: Corviknight
|-crit|p2a: Corviknight
|-damage|p2a: Corviknight|90/100
|-damage|p1a: Mockey|63/100|[from] item: Rocky Helmet|[of] p2a: Corviknight
|-resisted|p2a: Corviknight
|-damage|p2a: Corviknight|84/100
|-damage|p1a: Mockey|46/100|[from] item: Rocky Helmet|[of] p2a: Corviknight
|-resisted|p2a: Corviknight
|-damage|p2a: Corviknight|78/100
|-damage|p1a: Mockey|30/100|[from] item: Rocky Helmet|[of] p2a: Corviknight
|-resisted|p2a: Corviknight
|-damage|p2a: Corviknight|71/100
|-damage|p1a: Mockey|13/100|[from] item: Rocky Helmet|[of] p2a: Corviknight
|-resisted|p2a: Corviknight
|-damage|p2a: Corviknight|65/100
|-damage|p1a: Mockey|0 fnt|[from] item: Rocky Helmet|[of] p2a: Corviknight
|faint|p1a: Mockey
|-hitcount|p2a: Corviknight|5
|move|p2a: Corviknight|U-turn|p1: Mockey|[notarget]
|-fail|p2a: Corviknight
|
|upkeep
|
|t:|1769337070
|switch|p1a: Grimmothy|Grimmsnarl, M|100/100
|turn|11
|
|t:|1769337076
|switch|p2a: Alomomola|Alomomola, F, shiny|100/100
|move|p1a: Grimmothy|Reflect|p1a: Grimmothy
|-sidestart|p1: Sergay_Is_Straight|Reflect
|
|upkeep
|turn|12
|
|t:|1769337079
|move|p1a: Grimmothy|Light Screen|p1a: Grimmothy
|-sidestart|p1: Sergay_Is_Straight|move: Light Screen
|move|p2a: Alomomola|Wish|p2a: Alomomola
|
|upkeep
|turn|13
|
|t:|1769337081
|move|p1a: Grimmothy|Parting Shot|p2a: Alomomola
|-unboost|p2a: Alomomola|atk|1
|-unboost|p2a: Alomomola|spa|1
|
|t:|1769337089
|switch|p1a: edging 24/7|Ceruledge, F|100/100|[from] Parting Shot
|move|p2a: Alomomola|Flip Turn|p1a: edging 24/7
|-supereffective|p1a: edging 24/7
|-crit|p1a: edging 24/7
|-damage|p1a: edging 24/7|28/100
|-ability|p1a: edging 24/7|Weak Armor|boost
|-unboost|p1a: edging 24/7|def|1
|-boost|p1a: edging 24/7|spe|2
|
|t:|1769337093
|switch|p2a: Clodsire|Clodsire, M|42/100|[from] Flip Turn
|
|-heal|p2a: Clodsire|99/100|[from] move: Wish|[wisher] Alomomola
|-heal|p2a: Clodsire|100/100|[from] item: Black Sludge
|upkeep
|turn|14
|c|☆Sergay_Is_Straight|why crit
|
|t:|1769337101
|move|p1a: edging 24/7|Bitter Blade|p2a: Clodsire
|-damage|p2a: Clodsire|39/100
|-heal|p1a: edging 24/7|77/100|[from] drain|[of] p2a: Clodsire
|-damage|p1a: edging 24/7|68/100|[from] item: Life Orb
|move|p2a: Clodsire|Earthquake|p1a: edging 24/7
|-supereffective|p1a: edging 24/7
|-damage|p1a: edging 24/7|29/100
|-ability|p1a: edging 24/7|Weak Armor|boost
|-unboost|p1a: edging 24/7|def|1
|-boost|p1a: edging 24/7|spe|2
|
|-heal|p2a: Clodsire|45/100|[from] item: Black Sludge
|upkeep
|turn|15
|
|t:|1769337112
|switch|p2a: Alomomola|Alomomola, F, shiny|100/100
|move|p1a: edging 24/7|Bitter Blade|p2a: Alomomola
|-resisted|p2a: Alomomola
|-damage|p2a: Alomomola|86/100
|-heal|p1a: edging 24/7|43/100|[from] drain|[of] p2a: Alomomola
|-damage|p1a: edging 24/7|33/100|[from] item: Life Orb
|
|-heal|p2a: Alomomola|92/100|[from] item: Leftovers
|upkeep
|turn|16
|
|t:|1769337119
|move|p1a: edging 24/7|Swords Dance|p1a: edging 24/7
|-boost|p1a: edging 24/7|atk|2
|move|p2a: Alomomola|Whirlpool|p1a: edging 24/7
|-supereffective|p1a: edging 24/7
|-damage|p1a: edging 24/7|25/100
|-activate|p1a: edging 24/7|move: Whirlpool|[of] p2a: Alomomola
|
|-heal|p2a: Alomomola|98/100|[from] item: Leftovers
|-damage|p1a: edging 24/7|13/100|[from] move: Whirlpool|[partiallytrapped]
|upkeep
|turn|17
|
|t:|1769337128
|move|p2a: Alomomola|Protect|p2a: Alomomola
|-singleturn|p2a: Alomomola|Protect
|move|p1a: edging 24/7|Bitter Blade|p2a: Alomomola
|-activate|p2a: Alomomola|move: Protect
|
|-heal|p2a: Alomomola|100/100|[from] item: Leftovers
|-damage|p1a: edging 24/7|0 fnt|[from] move: Whirlpool|[partiallytrapped]
|faint|p1a: edging 24/7
|upkeep
|
|t:|1769337134
|switch|p1a: Taxi shii|Corviknight, M|100/100
|-ability|p1a: Taxi shii|Pressure
|turn|18
|
|t:|1769337137
|move|p1a: Taxi shii|Agility|p1a: Taxi shii
|-boost|p1a: Taxi shii|spe|2
|move|p2a: Alomomola|Wish|p2a: Alomomola
|
|-sideend|p1: Sergay_Is_Straight|Reflect
|upkeep
|turn|19
|
|t:|1769337143
|move|p1a: Taxi shii|Bulk Up|p1a: Taxi shii
|-boost|p1a: Taxi shii|atk|1
|-boost|p1a: Taxi shii|def|1
|move|p2a: Alomomola|Flip Turn|p1a: Taxi shii
|-damage|p1a: Taxi shii|91/100
|
|t:|1769337145
|switch|p2a: Clodsire|Clodsire, M|45/100|[from] Flip Turn
|
|-heal|p2a: Clodsire|100/100|[from] move: Wish|[wisher] Alomomola
|-sideend|p1: Sergay_Is_Straight|move: Light Screen
|upkeep
|turn|20
|
|t:|1769337150
|move|p1a: Taxi shii|Bulk Up|p1a: Taxi shii
|-boost|p1a: Taxi shii|atk|1
|-boost|p1a: Taxi shii|def|1
|move|p2a: Clodsire|Haze|p2a: Clodsire
|-clearallboost
|
|upkeep
|turn|21
|-message|Sergay_Is_Straight forfeited.
|
|win|DANILR5TDWL
|raw|Sergay_Is_Straight's rating: 1351 &rarr; <strong>1335</strong><br />(-16 for losing)
|raw|DANILR5TDWL's rating: 1413 &rarr; <strong>1429</strong><br />(+16 for winning)
|l|☆Sergay_Is_Straight
|player|p1|
|l|☆DANILR5TDWL
|player|p2|
