|j|☆AliB_16
|j|☆DaddyPigIsThiqq
|t:|1769388885
|gametype|singles
|player|p1|AliB_16|2|1348
|player|p2|DaddyPigIsThiqq|101|1333
|gen|9
|tier|[Gen 9] OU
|rated|
|rule|HP Percentage Mod: HP is shown in percentages
|rule|Endless Battle Clause: Forcing endless battles is banned
|rule|Species Clause: Limit one of each Pokémon
|rule|OHKO Clause: OHKO moves are banned
|rule|Evasion Items Clause: Evasion items are banned
|rule|Evasion Moves Clause: Evasion moves are banned
|rule|Evasion Abilities Clause: Evasion abilities are banned
|rule|Sleep Moves Clause: Sleep-inducing moves are banned
|clearpoke
|poke|p1|Kingambit, F|
|poke|p1|Great Tusk|
|poke|p1|Rillaboom, F|
|poke|p1|Enamorus, F|
|poke|p1|Garganacl, M|
|poke|p1|Slowking-Galar, F|
|poke|p2|Primarina, M|
|poke|p2|Great Tusk|
|poke|p2|Kingambit, M|
|poke|p2|Slowking-Galar, M|
|poke|p2|Ogerpon, F|
|poke|p2|Enamorus, F|
|teampreview
|
|t:|1769388894
|teamsize|p1|6
|teamsize|p2|6
|start
|switch|p1a: Rillaboom|Rillaboom, F|100/100
|switch|p2a: Primarina|Primarina, M, shiny|100/100
|-fieldstart|move: Grassy Terrain|[from] ability: Grassy Surge|[of] p1a: Rillaboom
|turn|1
|
|t:|1769388905
|switch|p2a: Great Tusk|Great Tusk, shiny|100/100
|move|p1a: Rillaboom|U-turn|p2a: Great Tusk
|-resisted|p2a: Great Tusk
|-damage|p2a: Great Tusk|85/100
|-damage|p1a: Rillaboom|84/100|[from] item: Rocky Helmet|[of] p2a: Great Tusk
|
|t:|1769388911
|switch|p1a: Enamorus|Enamorus, F|100/100|[from] U-turn
|
|-heal|p2a: Great Tusk|92/100|[from] Grassy Terrain
|upkeep
|turn|2
|
|t:|1769388917
|switch|p1a: Great Tusk|Great Tusk|100/100
|-end|p2a: Great Tusk|Protosynthesis|[silent]
|switch|p2a: Slowking|Slowking-Galar, M, shiny|100/100
|
|upkeep
|turn|3
|inactive|Battle timer is ON: inactive players will automatically lose when time's up. (requested by DaddyPigIsThiqq)
|
|t:|1769388926
|switch|p2a: Enamorus|Enamorus, F, shiny|100/100
|move|p1a: Great Tusk|Knock Off|p2a: Enamorus
|-resisted|p2a: Enamorus
|-damage|p2a: Enamorus|73/100
|-enditem|p2a: Enamorus|Choice Scarf|[from] move: Knock Off|[of] p1a: Great Tusk
|
|upkeep
|turn|4
|
|t:|1769388935
|-end|p1a: Great Tusk|Protosynthesis|[silent]
|switch|p1a: Slowking|Slowking-Galar, F|100/100
|move|p2a: Enamorus|Earth Power|p1a: Slowking
|-supereffective|p1a: Slowking
|-damage|p1a: Slowking|65/100
|
|-heal|p1a: Slowking|72/100|[from] Grassy Terrain
|upkeep
|turn|5
|
|t:|1769388947
|switch|p2a: Slowking|Slowking-Galar, M, shiny|100/100
|move|p1a: Slowking|Sludge Bomb|p2a: Slowking
|-resisted|p2a: Slowking
|-damage|p2a: Slowking|90/100
|
|-heal|p1a: Slowking|78/100|[from] Grassy Terrain
|-heal|p2a: Slowking|96/100|[from] Grassy Terrain
|-fieldend|move: Grassy Terrain
|upkeep
|turn|6
|
|t:|1769388956
|switch|p1a: Garganacl|Garganacl, M|100/100
|move|p2a: Slowking|Psychic Noise|p1a: Garganacl
|-damage|p1a: Garganacl|82/100
|-start|p1a: Garganacl|move: Heal Block
|
|upkeep
|turn|7
|
|t:|1769388965
|move|p1a: Garganacl|Stealth Rock|p2a: Slowking
|-sidestart|p2: DaddyPigIsThiqq|move: Stealth Rock
|move|p2a: Slowking|Ice Beam|p1a: Garganacl
|-damage|p1a: Garganacl|67/100
|
|-end|p1a: Garganacl|move: Heal Block
|upkeep
|turn|8
|
|t:|1769388977
|switch|p1a: Rillaboom|Rillaboom, F|84/100
|-fieldstart|move: Grassy Terrain|[from] ability: Grassy Surge|[of] p1a: Rillaboom
|move|p2a: Slowking|Psychic Noise|p1a: Rillaboom
|-damage|p1a: Rillaboom|47/100
|-start|p1a: Rillaboom|move: Heal Block
|
|-heal|p2a: Slowking|100/100|[from] Grassy Terrain
|upkeep
|turn|9
|
|t:|1769388990
|switch|p2a: Great Tusk|Great Tusk, shiny|92/100
|-damage|p2a: Great Tusk|89/100|[from] Stealth Rock
|move|p1a: Rillaboom|Knock Off|p2a: Great Tusk
|-resisted|p2a: Great Tusk
|-damage|p2a: Great Tusk|70/100
|-damage|p1a: Rillaboom|31/100|[from] item: Rocky Helmet|[of] p2a: Great Tusk
|-enditem|p2a: Great Tusk|Rocky Helmet|[from] move: Knock Off|[of] p1a: Rillaboom
|
|-heal|p2a: Great Tusk|76/100|[from] Grassy Terrain
|-end|p1a: Rillaboom|move: Heal Block
|upkeep
|turn|10
|
|t:|1769388995
|switch|p1a: Enamorus|Enamorus, F|100/100
|move|p2a: Great Tusk|Rapid Spin|p1a: Enamorus
|-damage|p1a: Enamorus|72/100
|-boost|p2a: Great Tusk|spe|1
|-sideend|p2: DaddyPigIsThiqq|Stealth Rock|[from] move: Rapid Spin|[of] p2a: Great Tusk
|
|-heal|p2a: Great Tusk|82/100|[from] Grassy Terrain
|upkeep
|turn|11
|
|t:|1769389009
|switch|p1a: Great Tusk|Great Tusk|100/100
|-end|p2a: Great Tusk|Protosynthesis|[silent]
|switch|p2a: Slowking|Slowking-Galar, M, shiny|100/100
|
|upkeep
|turn|12
|
|t:|1769389024
|switch|p2a: Enamorus|Enamorus, F, shiny|73/100
|move|p1a: Great Tusk|Ice Spinner|p2a: Enamorus
|-supereffective|p2a: Enamorus
|-damage|p2a: Enamorus|0 fnt
|-fieldend|move: Grassy Terrain
|faint|p2a: Enamorus
|
|upkeep
|
|t:|1769389035
|switch|p2a: Great Tusk|Great Tusk, shiny|82/100
|turn|13
|
|t:|1769389059
|-end|p1a: Great Tusk|Protosynthesis|[silent]
|switch|p1a: Slowking|Slowking-Galar, F|100/100
|move|p2a: Great Tusk|Stealth Rock|p1a: Slowking
|-sidestart|p1: AliB_16|move: Stealth Rock
|
|upkeep
|turn|14
|
|t:|1769389074
|move|p2a: Great Tusk|Headlong Rush|p1a: Slowking
|-supereffective|p1a: Slowking
|-damage|p1a: Slowking|0 fnt
|-unboost|p2a: Great Tusk|def|1
|-unboost|p2a: Great Tusk|spd|1
|faint|p1a: Slowking
|
|upkeep
|
|t:|1769389079
|switch|p1a: Enamorus|Enamorus, F|72/100
|-damage|p1a: Enamorus|47/100|[from] Stealth Rock
|turn|15
|
|t:|1769389086
|switch|p1a: Great Tusk|Great Tusk|100/100
|-end|p2a: Great Tusk|Protosynthesis|[silent]
|switch|p2a: Primarina|Primarina, M, shiny|100/100
|
|upkeep
|turn|16
|
|t:|1769389098
|-end|p1a: Great Tusk|Protosynthesis|[silent]
|switch|p1a: Kingambit|Kingambit, F|100/100
|-damage|p1a: Kingambit|94/100|[from] Stealth Rock
|-activate|p1a: Kingambit|ability: Supreme Overlord
|-start|p1a: Kingambit|fallen1|[silent]
|move|p2a: Primarina|Whirlpool|p1a: Kingambit
|-damage|p1a: Kingambit|76/100
|-activate|p1a: Kingambit|move: Whirlpool|[of] p2a: Primarina
|
|-heal|p1a: Kingambit|82/100|[from] item: Leftovers
|-damage|p1a: Kingambit|70/100|[from] move: Whirlpool|[partiallytrapped]
|upkeep
|turn|17
|
|t:|1769389109
|move|p2a: Primarina|Substitute|p2a: Primarina
|-start|p2a: Primarina|Substitute
|-damage|p2a: Primarina|76/100
|move|p1a: Kingambit|Swords Dance|p1a: Kingambit
|-boost|p1a: Kingambit|atk|2
|
|-heal|p2a: Primarina|82/100|[from] item: Leftovers
|-heal|p1a: Kingambit|76/100|[from] item: Leftovers
|-damage|p1a: Kingambit|63/100|[from] move: Whirlpool|[partiallytrapped]
|upkeep
|turn|18
|
|t:|1769389118
|move|p2a: Primarina|Psychic Noise|p1a: Kingambit
|-damage|p1a: Kingambit|24/100
|-start|p1a: Kingambit|move: Heal Block
|move|p1a: Kingambit|Tera Blast|p2a: Primarina
|-activate|p2a: Primarina|move: Substitute|[damage]
|
|-heal|p2a: Primarina|88/100|[from] item: Leftovers
|-damage|p1a: Kingambit|12/100|[from] move: Whirlpool|[partiallytrapped]
|upkeep
|turn|19
|c|☆DaddyPigIsThiqq|??
|
|t:|1769389137
|move|p1a: Kingambit|Sucker Punch|p2a: Primarina
|-resisted|p2a: Primarina
|-end|p2a: Primarina|Substitute
|move|p2a: Primarina|Moonblast|p1a: Kingambit
|-damage|p1a: Kingambit|0 fnt
|faint|p1a: Kingambit
|-end|p1a: Kingambit|fallen1|[silent]
|
|-heal|p2a: Primarina|94/100|[from] item: Leftovers
|upkeep
|
|t:|1769389141
|switch|p1a: Rillaboom|Rillaboom, F|31/100
|-damage|p1a: Rillaboom|18/100|[from] Stealth Rock
|-fieldstart|move: Grassy Terrain|[from] ability: Grassy Surge|[of] p1a: Rillaboom
|turn|20
|
|t:|1769389151
|switch|p2a: Great Tusk|Great Tusk, shiny|82/100
|move|p1a: Rillaboom|Grassy Glide|p2a: Great Tusk
|-supereffective|p2a: Great Tusk
|-damage|p2a: Great Tusk|0 fnt
|faint|p2a: Great Tusk
|-end|p2a: Great Tusk|Protosynthesis|[silent]
|
|-heal|p1a: Rillaboom|25/100|[from] Grassy Terrain
|upkeep
|
|t:|1769389163
|switch|p2a: Ogerpon|Ogerpon, F|100/100
|turn|21
|
|t:|1769389178
|switch|p1a: Garganacl|Garganacl, M|67/100
|-damage|p1a: Garganacl|54/100|[from] Stealth Rock
|move|p2a: Ogerpon|U-turn|p1a: Garganacl
|-damage|p1a: Garganacl|34/100
|
|t:|1769389185
|switch|p2a: Primarina|Primarina, M, shiny|94/100|[from] U-turn
|
|-heal|p2a: Primarina|99/100|[from] Grassy Terrain
|-heal|p2a: Primarina|100/100|[from] item: Leftovers
|-heal|p1a: Garganacl|40/100|[from] Grassy Terrain
|-heal|p1a: Garganacl|46/100|[from] item: Leftovers
|upkeep
|turn|22
|
|t:|1769389192
|-terastallize|p1a: Garganacl|Flying
|move|p2a: Primarina|Substitute|p2a: Primarina
|-start|p2a: Primarina|Substitute
|-damage|p2a: Primarina|76/100
|move|p1a: Garganacl|Salt Cure|p2a: Primarina
|-activate|p2a: Primarina|move: Substitute|[damage]
|
|-heal|p2a: Primarina|82/100|[from] Grassy Terrain
|-heal|p2a: Primarina|88/100|[from] item: Leftovers
|-heal|p1a: Garganacl|52/100|[from] item: Leftovers
|upkeep
|turn|23
|
|t:|1769389200
|move|p2a: Primarina|Whirlpool|p1a: Garganacl|[miss]
|-miss|p2a: Primarina|p1a: Garganacl
|move|p1a: Garganacl|Stealth Rock|p2a: Primarina
|-sidestart|p2: DaddyPigIsThiqq|move: Stealth Rock
|
|-heal|p2a: Primarina|94/100|[from] Grassy Terrain
|-heal|p2a: Primarina|99/100|[from] item: Leftovers
|-heal|p1a: Garganacl|58/100|[from] item: Leftovers
|upkeep
|turn|24
|
|t:|1769389210
|switch|p1a: Enamorus|Enamorus, F|47/100
|-damage|p1a: Enamorus|22/100|[from] Stealth Rock
|move|p2a: Primarina|Whirlpool|p1a: Enamorus
|-damage|p1a: Enamorus|0 fnt
|faint|p1a: Enamorus
|
|-heal|p2a: Primarina|100/100|[from] Grassy Terrain
|-fieldend|move: Grassy Terrain
|upkeep
|
|t:|1769389214
|switch|p1a: Rillaboom|Rillaboom, F|25/100
|-damage|p1a: Rillaboom|12/100|[from] Stealth Rock
|-fieldstart|move: Grassy Terrain|[from] ability: Grassy Surge|[of] p1a: Rillaboom
|turn|25
|
|t:|1769389222
|move|p1a: Rillaboom|Grassy Glide|p2a: Primarina
|-supereffective|p2a: Primarina
|-end|p2a: Primarina|Substitute
|move|p2a: Primarina|Psychic Noise|p1a: Rillaboom
|-resisted|p1a: Rillaboom
|-damage|p1a: Rillaboom|0 fnt
|faint|p1a: Rillaboom
|
|upkeep
|-message|AliB_16 forfeited.
|
|win|DaddyPigIsThiqq
|raw|AliB_16's rating: 1348 &rarr; <strong>1327</strong><br />(-21 for losing)
|raw|DaddyPigIsThiqq's rating: 1333 &rarr; <strong>1354</strong><br />(+21 for winning)
|l|☆AliB_16
|player|p1|
|l|☆DaddyPigIsThiqq
|player|p2|
|j|☆AliB_16
|player|p1|AliB_16|2|
