|j|☆nakgy
|j|☆Jomiel
|t:|1769427005
|gametype|singles
|player|p1|nakgy|1|1216
|player|p2|Jomiel|clown|1209
|gen|9
|tier|[Gen 9] OU
|rated|
|rule|HP Percentage Mod: HP is shown in percentages
|rule|Endless Battle Clause: Forcing endless battles is banned
|rule|Species Clause: Limit one of each Pokémon
|rule|OHKO Clause: OHKO moves are banned
|rule|Evasion Items Clause: Evasion items are banned
|rule|Evasion Moves Clause: Evasion moves are banned
|rule|Evasion Abilities Clause: Evasion abilities are banned
|rule|Sleep Moves Clause: Sleep-inducing moves are banned
|clearpoke
|poke|p1|Ogerpon-Wellspring, F|
|poke|p1|Heatran, F|
|poke|p1|Mandibuzz, F|
|poke|p1|Wyrdeer, F|
|poke|p1|Gliscor, M|
|poke|p1|Mimikyu, F|
|poke|p2|Furret, M|
|poke|p2|Glimmora, M|
|poke|p2|Zamazenta-*|
|poke|p2|Scizor, F|
|poke|p2|Iron Valiant|
|poke|p2|Dragonite, M|
|teampreview
|inactive|Battle timer is ON: inactive players will automatically lose when time's up. (requested by nakgy)
|
|t:|1769427019
|teamsize|p1|6
|teamsize|p2|6
|start
|switch|p1a: Wyrdeer|Wyrdeer, F|100/100
|switch|p2a: Glimmora|Glimmora, M|100/100
|turn|1
|
|t:|1769427024
|move|p1a: Wyrdeer|Trick|p2a: Glimmora
|-activate|p1a: Wyrdeer|move: Trick|[of] p2a: Glimmora
|-item|p2a: Glimmora|Choice Scarf|[from] move: Trick
|-item|p1a: Wyrdeer|Red Card|[from] move: Trick
|move|p2a: Glimmora|Stealth Rock|p1a: Wyrdeer
|-sidestart|p1: nakgy|move: Stealth Rock
|
|upkeep
|turn|2
|
|t:|1769427041
|switch|p2a: Scizor|Scizor, F|100/100
|move|p1a: Wyrdeer|Trailblaze|p2a: Scizor
|-resisted|p2a: Scizor
|-damage|p2a: Scizor|97/100
|-boost|p1a: Wyrdeer|spe|1
|
|upkeep
|turn|3
|
|t:|1769427059
|switch|p1a: Mandibuzz|Mandibuzz, F|100/100
|-damage|p1a: Mandibuzz|76/100|[from] Stealth Rock
|move|p2a: Scizor|Swords Dance|p2a: Scizor
|-boost|p2a: Scizor|atk|2
|
|upkeep
|turn|4
|
|t:|1769427069
|move|p2a: Scizor|Bullet Punch|p1a: Mandibuzz
|-damage|p1a: Mandibuzz|27/100
|-damage|p2a: Scizor|80/100|[from] item: Rocky Helmet|[of] p1a: Mandibuzz
|-damage|p2a: Scizor|70/100|[from] item: Life Orb
|move|p1a: Mandibuzz|Foul Play|p2a: Scizor
|-damage|p2a: Scizor|0 fnt
|faint|p2a: Scizor
|
|upkeep
|
|t:|1769427087
|switch|p2a: Glimmora|Glimmora, M|100/100
|turn|5
|
|t:|1769427091
|move|p2a: Glimmora|Power Gem|p1a: Mandibuzz
|-supereffective|p1a: Mandibuzz
|-damage|p1a: Mandibuzz|0 fnt
|faint|p1a: Mandibuzz
|
|upkeep
|
|t:|1769427098
|switch|p1a: Heatran|Heatran, F|100/100
|-damage|p1a: Heatran|88/100|[from] Stealth Rock
|-item|p1a: Heatran|Air Balloon
|turn|6
|
|t:|1769427107
|switch|p2a: Zamazenta|Zamazenta|100/100
|-ability|p2a: Zamazenta|Dauntless Shield|boost
|-boost|p2a: Zamazenta|def|1
|move|p1a: Heatran|Stealth Rock|p2a: Zamazenta
|-sidestart|p2: Jomiel|move: Stealth Rock
|
|upkeep
|turn|7
|
|t:|1769427119
|switch|p1a: Mimikyu|Mimikyu, F|100/100
|-damage|p1a: Mimikyu|88/100|[from] Stealth Rock
|move|p2a: Zamazenta|Close Combat|p1a: Mimikyu
|-immune|p1a: Mimikyu
|
|upkeep
|turn|8
|
|t:|1769427130
|move|p2a: Zamazenta|Crunch|p1a: Mimikyu
|-activate|p1a: Mimikyu|ability: Disguise
|-damage|p1a: Mimikyu|88/100
|detailschange|p1a: Mimikyu|Mimikyu-Busted, F
|-damage|p1a: Mimikyu|76/100|[from] pokemon: Mimikyu-Busted
|move|p1a: Mimikyu|Swords Dance|p1a: Mimikyu
|-boost|p1a: Mimikyu|atk|2
|
|upkeep
|turn|9
|
|t:|1769427141
|move|p2a: Zamazenta|Crunch|p1a: Mimikyu
|-damage|p1a: Mimikyu|30/100
|move|p1a: Mimikyu|Play Rough|p2a: Zamazenta
|-supereffective|p2a: Zamazenta
|-damage|p2a: Zamazenta|0 fnt
|faint|p2a: Zamazenta
|-damage|p1a: Mimikyu|20/100|[from] item: Life Orb
|
|upkeep
|
|t:|1769427155
|switch|p2a: Glimmora|Glimmora, M|100/100
|-damage|p2a: Glimmora|88/100|[from] Stealth Rock
|turn|10
|
|t:|1769427163
|move|p2a: Glimmora|Power Gem|p1a: Mimikyu
|-crit|p1a: Mimikyu
|-damage|p1a: Mimikyu|0 fnt
|faint|p1a: Mimikyu
|
|upkeep
|
|t:|1769427169
|switch|p1a: Heatran|Heatran, F|88/100
|-damage|p1a: Heatran|76/100|[from] Stealth Rock
|-item|p1a: Heatran|Air Balloon
|turn|11
|
|t:|1769427178
|move|p2a: Glimmora|Power Gem|p1a: Heatran
|-damage|p1a: Heatran|46/100
|-enditem|p1a: Heatran|Air Balloon
|move|p1a: Heatran|Magma Storm|p2a: Glimmora|[miss]
|-miss|p1a: Heatran|p2a: Glimmora
|
|upkeep
|turn|12
|
|t:|1769427185
|move|p2a: Glimmora|Power Gem|p1a: Heatran
|-damage|p1a: Heatran|17/100
|move|p1a: Heatran|Magma Storm|p2a: Glimmora
|-resisted|p2a: Glimmora
|-damage|p2a: Glimmora|54/100
|-activate|p2a: Glimmora|move: Magma Storm|[of] p1a: Heatran
|
|-damage|p2a: Glimmora|41/100|[from] move: Magma Storm|[partiallytrapped]
|upkeep
|turn|13
|
|t:|1769427198
|move|p2a: Glimmora|Power Gem|p1a: Heatran
|-damage|p1a: Heatran|0 fnt
|faint|p1a: Heatran
|
|-end|p2a: Glimmora|Magma Storm|[partiallytrapped]|[silent]
|upkeep
|
|t:|1769427211
|switch|p1a: Gliscor|Gliscor, M|100/100
|-damage|p1a: Gliscor|88/100|[from] Stealth Rock
|turn|14
|
|t:|1769427214
|move|p1a: Gliscor|Protect|p1a: Gliscor
|-singleturn|p1a: Gliscor|Protect
|move|p2a: Glimmora|Power Gem|p1a: Gliscor
|-activate|p1a: Gliscor|move: Protect
|
|-status|p1a: Gliscor|tox|[from] item: Toxic Orb
|upkeep
|turn|15
|
|t:|1769427221
|move|p2a: Glimmora|Power Gem|p1a: Gliscor
|-damage|p1a: Gliscor|49/100 tox
|move|p1a: Gliscor|Earthquake|p2a: Glimmora
|-supereffective|p2a: Glimmora
|-damage|p2a: Glimmora|0 fnt
|-activate|p2a: Glimmora|ability: Toxic Debris
|-sidestart|p1: nakgy|move: Toxic Spikes
|faint|p2a: Glimmora
|
|-heal|p1a: Gliscor|62/100 tox|[from] ability: Poison Heal
|upkeep
|
|t:|1769427232
|switch|p2a: Dragonite|Dragonite, M|100/100
|turn|16
|
|t:|1769427241
|-terastallize|p1a: Gliscor|Water
|move|p2a: Dragonite|Encore|p1a: Gliscor
|-start|p1a: Gliscor|Encore
|move|p1a: Gliscor|Earthquake|p2a: Dragonite
|-immune|p2a: Dragonite
|
|-heal|p1a: Gliscor|74/100 tox|[from] ability: Poison Heal
|upkeep
|turn|17
|
|t:|1769427253
|switch|p1a: Wyrdeer|Wyrdeer, F|100/100
|-damage|p1a: Wyrdeer|88/100|[from] Stealth Rock
|-status|p1a: Wyrdeer|psn
|move|p2a: Dragonite|Dragon Dance|p2a: Dragonite
|-boost|p2a: Dragonite|atk|1
|-boost|p2a: Dragonite|spe|1
|
|-damage|p1a: Wyrdeer|76/100 psn|[from] psn
|upkeep
|turn|18
|
|t:|1769427271
|move|p2a: Dragonite|Earthquake|p1a: Wyrdeer
|-damage|p1a: Wyrdeer|3/100 psn
|-enditem|p1a: Wyrdeer|Red Card|[of] p2a: Dragonite
|drag|p2a: Furret|Furret, M|100/100
|-damage|p2a: Furret|88/100|[from] Stealth Rock
|move|p1a: Wyrdeer|Psyshield Bash|p2a: Furret
|-damage|p2a: Furret|40/100
|-boost|p1a: Wyrdeer|def|1
|
|-damage|p1a: Wyrdeer|0 fnt|[from] psn
|faint|p1a: Wyrdeer
|upkeep
|
|t:|1769427288
|switch|p1a: Gliscor|Gliscor, M, tera:Water|74/100 tox
|-damage|p1a: Gliscor|62/100 tox|[from] Stealth Rock
|turn|19
|
|t:|1769427297
|move|p1a: Gliscor|Protect|p1a: Gliscor
|-singleturn|p1a: Gliscor|Protect
|move|p2a: Furret|Tidy Up|p2a: Furret
|-sideend|p2: Jomiel|Stealth Rock
|-sideend|p1: nakgy|Toxic Spikes
|-sideend|p1: nakgy|Stealth Rock
|-activate|p2a: Furret|move: Tidy Up
|-boost|p2a: Furret|atk|1
|-boost|p2a: Furret|spe|1
|
|-heal|p1a: Gliscor|74/100 tox|[from] ability: Poison Heal
|upkeep
|turn|20
|
|t:|1769427305
|move|p2a: Furret|Last Resort|p1a: Gliscor
|-damage|p1a: Gliscor|6/100 tox
|-damage|p2a: Furret|30/100|[from] item: Life Orb
|move|p1a: Gliscor|Toxic|p2a: Furret
|-status|p2a: Furret|tox
|
|-damage|p2a: Furret|24/100 tox|[from] psn
|-heal|p1a: Gliscor|19/100 tox|[from] ability: Poison Heal
|upkeep
|turn|21
|
|t:|1769427316
|move|p1a: Gliscor|Protect|p1a: Gliscor
|-singleturn|p1a: Gliscor|Protect
|move|p2a: Furret|Tidy Up|p2a: Furret
|-boost|p2a: Furret|atk|1
|-boost|p2a: Furret|spe|1
|
|-damage|p2a: Furret|12/100 tox|[from] psn
|-heal|p1a: Gliscor|31/100 tox|[from] ability: Poison Heal
|upkeep
|turn|22
|
|t:|1769427329
|move|p1a: Gliscor|Protect|p1a: Gliscor
|-singleturn|p1a: Gliscor|Protect
|move|p2a: Furret|Last Resort|p1a: Gliscor
|-activate|p1a: Gliscor|move: Protect
|
|-damage|p2a: Furret|0 fnt|[from] psn
|faint|p2a: Furret
|-heal|p1a: Gliscor|44/100 tox|[from] ability: Poison Heal
|upkeep
|
|t:|1769427338
|switch|p2a: Dragonite|Dragonite, M|100/100
|turn|23
|
|t:|1769427343
|move|p2a: Dragonite|Dragon Dance|p2a: Dragonite
|-boost|p2a: Dragonite|atk|1
|-boost|p2a: Dragonite|spe|1
|move|p1a: Gliscor|Toxic|p2a: Dragonite
|-status|p2a: Dragonite|tox
|
|-damage|p2a: Dragonite|94/100 tox|[from] psn
|-heal|p1a: Gliscor|56/100 tox|[from] ability: Poison Heal
|upkeep
|turn|24
|
|t:|1769427353
|move|p2a: Dragonite|Encore|p1a: Gliscor
|-start|p1a: Gliscor|Encore
|move|p1a: Gliscor|Toxic|p2a: Dragonite
|-fail|p2a: Dragonite|tox
|
|-damage|p2a: Dragonite|82/100 tox|[from] psn
|-heal|p1a: Gliscor|69/100 tox|[from] ability: Poison Heal
|upkeep
|turn|25
|
|t:|1769427363
|switch|p1a: Ogerpon|Ogerpon-Wellspring, F|100/100
|move|p2a: Dragonite|Ice Spinner|p1a: Ogerpon
|-damage|p1a: Ogerpon|42/100
|
|-damage|p2a: Dragonite|63/100 tox|[from] psn
|upkeep
|turn|26
|
|t:|1769427371
|move|p2a: Dragonite|Ice Spinner|p1a: Ogerpon
|-damage|p1a: Ogerpon|0 fnt
|faint|p1a: Ogerpon
|
|-damage|p2a: Dragonite|39/100 tox|[from] psn
|upkeep
|
|t:|1769427375
|switch|p1a: Gliscor|Gliscor, M, tera:Water|69/100 tox
|turn|27
|
|t:|1769427382
|move|p2a: Dragonite|Dragon Dance|p2a: Dragonite
|-boost|p2a: Dragonite|atk|1
|-boost|p2a: Dragonite|spe|1
|move|p1a: Gliscor|Substitute|p1a: Gliscor
|-start|p1a: Gliscor|Substitute
|-damage|p1a: Gliscor|44/100 tox
|
|-damage|p2a: Dragonite|8/100 tox|[from] psn
|-heal|p1a: Gliscor|56/100 tox|[from] ability: Poison Heal
|upkeep
|turn|28
|
|t:|1769427394
|move|p1a: Gliscor|Protect|p1a: Gliscor
|-singleturn|p1a: Gliscor|Protect
|move|p2a: Dragonite|Earthquake|p1a: Gliscor
|-activate|p1a: Gliscor|move: Protect
|
|-damage|p2a: Dragonite|0 fnt|[from] psn
|faint|p2a: Dragonite
|-heal|p1a: Gliscor|69/100 tox|[from] ability: Poison Heal
|upkeep
|
|t:|1769427403
|switch|p2a: Iron Valiant|Iron Valiant|100/100
|-enditem|p2a: Iron Valiant|Booster Energy
|-activate|p2a: Iron Valiant|ability: Quark Drive|[fromitem]
|-start|p2a: Iron Valiant|quarkdrivespe
|turn|29
|
|t:|1769427411
|move|p2a: Iron Valiant|Encore|p1a: Gliscor
|-start|p1a: Gliscor|Encore
|move|p1a: Gliscor|Protect||[still]
|-fail|p1a: Gliscor
|
|-heal|p1a: Gliscor|81/100 tox|[from] ability: Poison Heal
|upkeep
|turn|30
|
|t:|1769427420
|move|p1a: Gliscor|Protect|p1a: Gliscor
|-singleturn|p1a: Gliscor|Protect
|move|p2a: Iron Valiant|Moonblast|p1a: Gliscor
|-activate|p1a: Gliscor|move: Protect
|
|-heal|p1a: Gliscor|93/100 tox|[from] ability: Poison Heal
|upkeep
|turn|31
|
|t:|1769427427
|move|p1a: Gliscor|Protect|p1a: Gliscor
|-singleturn|p1a: Gliscor|Protect
|move|p2a: Iron Valiant|Moonblast|p1a: Gliscor
|-activate|p1a: Gliscor|move: Protect
|
|-heal|p1a: Gliscor|100/100 tox|[from] ability: Poison Heal
|-end|p1a: Gliscor|Encore
|upkeep
|turn|32
|
|t:|1769427439
|move|p2a: Iron Valiant|Encore|p1a: Gliscor
|-start|p1a: Gliscor|Encore
|move|p1a: Gliscor|Protect||[still]
|-fail|p1a: Gliscor
|
|upkeep
|turn|33
|
|t:|1769427445
|move|p1a: Gliscor|Protect|p1a: Gliscor
|-singleturn|p1a: Gliscor|Protect
|move|p2a: Iron Valiant|Moonblast|p1a: Gliscor
|-activate|p1a: Gliscor|move: Protect
|
|upkeep
|turn|34
|
|t:|1769427451
|move|p1a: Gliscor|Protect||[still]
|-fail|p1a: Gliscor
|move|p2a: Iron Valiant|Moonblast|p1a: Gliscor
|-end|p1a: Gliscor|Substitute
|
|-end|p1a: Gliscor|Encore
|upkeep
|turn|35
|
|t:|1769427458
|move|p2a: Iron Valiant|Encore|p1a: Gliscor
|-start|p1a: Gliscor|Encore
|move|p1a: Gliscor|Protect||[still]
|-fail|p1a: Gliscor
|
|upkeep
|turn|36
|
|t:|1769427462
|move|p1a: Gliscor|Protect|p1a: Gliscor
|-singleturn|p1a: Gliscor|Protect
|move|p2a: Iron Valiant|Knock Off|p1a: Gliscor
|-activate|p1a: Gliscor|move: Protect
|
|upkeep
|turn|37
|
|t:|1769427469
|move|p1a: Gliscor|Protect||[still]
|-fail|p1a: Gliscor
|move|p2a: Iron Valiant|Moonblast|p1a: Gliscor
|-damage|p1a: Gliscor|42/100 tox
|-unboost|p1a: Gliscor|spa|1
|
|-heal|p1a: Gliscor|54/100 tox|[from] ability: Poison Heal
|-end|p1a: Gliscor|Encore
|upkeep
|turn|38
|
|t:|1769427477
|move|p2a: Iron Valiant|Encore|p1a: Gliscor
|-start|p1a: Gliscor|Encore
|move|p1a: Gliscor|Protect||[still]
|-fail|p1a: Gliscor
|
|-heal|p1a: Gliscor|67/100 tox|[from] ability: Poison Heal
|upkeep
|turn|39
|-message|nakgy forfeited.
|
|win|Jomiel
|raw|nakgy's rating: 1216 &rarr; <strong>1190</strong><br />(-26 for losing)
|raw|Jomiel's rating: 1209 &rarr; <strong>1235</strong><br />(+26 for winning)
|l|☆nakgy
|player|p1|
|l|☆Jomiel
|player|p2|
