|j|☆sigzul
|j|☆Brado3mini
|t:|1769301434
|gametype|singles
|player|p1|sigzul|youngster-gen4dp|
|player|p2|Brado3mini|2|
|gen|9
|tier|[Gen 9] OU
|rule|HP Percentage Mod: HP is shown in percentages
|rule|Endless Battle Clause: Forcing endless battles is banned
|rule|Species Clause: Limit one of each Pokémon
|rule|OHKO Clause: OHKO moves are banned
|rule|Evasion Items Clause: Evasion items are banned
|rule|Evasion Moves Clause: Evasion moves are banned
|rule|Evasion Abilities Clause: Evasion abilities are banned
|rule|Sleep Moves Clause: Sleep-inducing moves are banned
|clearpoke
|poke|p1|Gholdengo|
|poke|p1|Rillaboom, M|
|poke|p1|Incineroar, F|
|poke|p1|Charizard, M|
|poke|p1|Tyranitar, M|
|poke|p1|Ursaluna, F|
|poke|p2|Ting-Lu|
|poke|p2|Deoxys-Speed|
|poke|p2|Mienshao, M|
|poke|p2|Skarmory, F|
|poke|p2|Cinderace, F|
|poke|p2|Araquanid, F|
|teampreview
|
|t:|1769301445
|teamsize|p1|6
|teamsize|p2|6
|start
|switch|p1a: Charizard|Charizard, M, shiny|100/100
|switch|p2a: Araquanid|Araquanid, F|100/100
|turn|1
|
|t:|1769301465
|move|p1a: Charizard|Air Slash|p2a: Araquanid
|-supereffective|p2a: Araquanid
|-crit|p2a: Araquanid
|-damage|p2a: Araquanid|17/100
|move|p2a: Araquanid|Sticky Web|p1a: Charizard
|-sidestart|p1: sigzul|move: Sticky Web
|
|upkeep
|turn|2
|
|t:|1769301507
|switch|p2a: Ting-Lu|Ting-Lu|100/100
|-ability|p2a: Ting-Lu|Vessel of Ruin
|move|p1a: Charizard|Air Slash|p2a: Ting-Lu
|-damage|p2a: Ting-Lu|79/100
|
|-heal|p2a: Ting-Lu|86/100|[from] item: Leftovers
|upkeep
|turn|3
|
|t:|1769301520
|move|p1a: Charizard|Fire Blast|p2a: Ting-Lu|[miss]
|-miss|p1a: Charizard|p2a: Ting-Lu
|move|p2a: Ting-Lu|Ruination|p1a: Charizard
|-damage|p1a: Charizard|50/100
|
|-heal|p2a: Ting-Lu|92/100|[from] item: Leftovers
|upkeep
|turn|4
|
|t:|1769301539
|switch|p1a: Rillaboom|Rillaboom, M, shiny|100/100
|-fieldstart|move: Grassy Terrain|[from] ability: Grassy Surge|[of] p1a: Rillaboom
|move|p2a: Ting-Lu|Stealth Rock|p1a: Rillaboom
|-sidestart|p1: sigzul|move: Stealth Rock
|
|-heal|p2a: Ting-Lu|98/100|[from] Grassy Terrain
|-heal|p2a: Ting-Lu|100/100|[from] item: Leftovers
|upkeep
|turn|5
|
|t:|1769301567
|switch|p2a: Skarmory|Skarmory, F|100/100
|move|p1a: Rillaboom|Wood Hammer|p2a: Skarmory
|-resisted|p2a: Skarmory
|-damage|p2a: Skarmory|84/100
|-damage|p1a: Rillaboom|95/100|[from] Recoil
|
|-heal|p1a: Rillaboom|100/100|[from] Grassy Terrain
|-heal|p2a: Skarmory|90/100|[from] item: Leftovers
|upkeep
|turn|6
|
|t:|1769301587
|move|p1a: Rillaboom|U-turn|p2a: Skarmory
|-resisted|p2a: Skarmory
|-damage|p2a: Skarmory|85/100
|
|t:|1769301598
|switch|p1a: Gholdengo|Gholdengo|100/100|[from] U-turn
|-damage|p1a: Gholdengo|94/100|[from] Stealth Rock
|-item|p1a: Gholdengo|Air Balloon
|move|p2a: Skarmory|Iron Defense|p2a: Skarmory
|-boost|p2a: Skarmory|def|2
|
|-heal|p2a: Skarmory|91/100|[from] item: Leftovers
|upkeep
|turn|7
|
|t:|1769301626
|switch|p2a: Ting-Lu|Ting-Lu|100/100
|-ability|p2a: Ting-Lu|Vessel of Ruin
|move|p1a: Gholdengo|Make It Rain|p2a: Ting-Lu
|-damage|p2a: Ting-Lu|67/100
|-unboost|p1a: Gholdengo|spa|1
|
|-heal|p2a: Ting-Lu|73/100|[from] Grassy Terrain
|-heal|p2a: Ting-Lu|80/100|[from] item: Leftovers
|upkeep
|turn|8
|
|t:|1769301643
|switch|p1a: Rillaboom|Rillaboom, M, shiny|100/100
|move|p2a: Ting-Lu|Earthquake|p1a: Rillaboom
|-resisted|p1a: Rillaboom
|-damage|p1a: Rillaboom|90/100
|
|-heal|p1a: Rillaboom|96/100|[from] Grassy Terrain
|-heal|p2a: Ting-Lu|86/100|[from] Grassy Terrain
|-heal|p2a: Ting-Lu|92/100|[from] item: Leftovers
|-fieldend|move: Grassy Terrain
|upkeep
|turn|9
|
|t:|1769301654
|switch|p2a: Skarmory|Skarmory, F|91/100
|move|p1a: Rillaboom|Wood Hammer|p2a: Skarmory
|-resisted|p2a: Skarmory
|-damage|p2a: Skarmory|78/100
|-damage|p1a: Rillaboom|91/100|[from] Recoil
|
|-heal|p2a: Skarmory|84/100|[from] item: Leftovers
|upkeep
|turn|10
|
|t:|1769301666
|move|p1a: Rillaboom|Wood Hammer|p2a: Skarmory
|-resisted|p2a: Skarmory
|-damage|p2a: Skarmory|72/100
|-damage|p1a: Rillaboom|88/100|[from] Recoil
|move|p2a: Skarmory|Iron Head|p1a: Rillaboom
|-damage|p1a: Rillaboom|64/100
|
|-heal|p2a: Skarmory|78/100|[from] item: Leftovers
|upkeep
|turn|11
|
|t:|1769301686
|move|p1a: Rillaboom|Knock Off|p2a: Skarmory
|-crit|p2a: Skarmory
|-damage|p2a: Skarmory|40/100
|-enditem|p2a: Skarmory|Leftovers|[from] move: Knock Off|[of] p1a: Rillaboom
|move|p2a: Skarmory|Iron Head|p1a: Rillaboom
|-damage|p1a: Rillaboom|39/100
|
|upkeep
|turn|12
|
|t:|1769301695
|move|p1a: Rillaboom|Knock Off|p2a: Skarmory
|-damage|p2a: Skarmory|23/100
|move|p2a: Skarmory|Roost|p2a: Skarmory
|-heal|p2a: Skarmory|73/100
|-singleturn|p2a: Skarmory|move: Roost
|
|upkeep
|turn|13
|
|t:|1769301703
|move|p1a: Rillaboom|Grassy Glide|p2a: Skarmory
|-resisted|p2a: Skarmory
|-damage|p2a: Skarmory|67/100
|move|p2a: Skarmory|Iron Head|p1a: Rillaboom
|-damage|p1a: Rillaboom|15/100
|
|upkeep
|turn|14
|
|t:|1769301715
|switch|p1a: Gholdengo|Gholdengo|94/100
|-damage|p1a: Gholdengo|88/100|[from] Stealth Rock
|-item|p1a: Gholdengo|Air Balloon
|move|p2a: Skarmory|Iron Head|p1a: Gholdengo
|-resisted|p1a: Gholdengo
|-damage|p1a: Gholdengo|81/100
|-enditem|p1a: Gholdengo|Air Balloon
|
|upkeep
|turn|15
|
|t:|1769301725
|switch|p2a: Ting-Lu|Ting-Lu|92/100
|-ability|p2a: Ting-Lu|Vessel of Ruin
|move|p1a: Gholdengo|Make It Rain|p2a: Ting-Lu
|-damage|p2a: Ting-Lu|63/100
|-unboost|p1a: Gholdengo|spa|1
|
|-heal|p2a: Ting-Lu|69/100|[from] item: Leftovers
|upkeep
|turn|16
|
|t:|1769301741
|move|p1a: Gholdengo|Thunder Wave|p2a: Ting-Lu
|-immune|p2a: Ting-Lu
|move|p2a: Ting-Lu|Earthquake|p1a: Gholdengo
|-supereffective|p1a: Gholdengo
|-damage|p1a: Gholdengo|27/100
|
|-heal|p2a: Ting-Lu|75/100|[from] item: Leftovers
|upkeep
|turn|17
|
|t:|1769301757
|switch|p1a: Rillaboom|Rillaboom, M, shiny|15/100
|-fieldstart|move: Grassy Terrain|[from] ability: Grassy Surge|[of] p1a: Rillaboom
|move|p2a: Ting-Lu|Earthquake|p1a: Rillaboom
|-resisted|p1a: Rillaboom
|-damage|p1a: Rillaboom|3/100
|
|-heal|p1a: Rillaboom|10/100|[from] Grassy Terrain
|-heal|p2a: Ting-Lu|82/100|[from] Grassy Terrain
|-heal|p2a: Ting-Lu|88/100|[from] item: Leftovers
|upkeep
|turn|18
|
|t:|1769301769
|switch|p2a: Skarmory|Skarmory, F|67/100
|move|p1a: Rillaboom|Wood Hammer|p2a: Skarmory
|-resisted|p2a: Skarmory
|-damage|p2a: Skarmory|52/100
|-damage|p1a: Rillaboom|5/100|[from] Recoil
|
|-heal|p1a: Rillaboom|11/100|[from] Grassy Terrain
|upkeep
|turn|19
|
|t:|1769301781
|switch|p1a: Charizard|Charizard, M, shiny|50/100
|move|p2a: Skarmory|Roost|p2a: Skarmory
|-heal|p2a: Skarmory|100/100
|-singleturn|p2a: Skarmory|move: Roost
|
|upkeep
|turn|20
|
|t:|1769301803
|switch|p2a: Ting-Lu|Ting-Lu|88/100
|-ability|p2a: Ting-Lu|Vessel of Ruin
|move|p1a: Charizard|Air Slash|p2a: Ting-Lu
|-damage|p2a: Ting-Lu|67/100
|
|-heal|p2a: Ting-Lu|74/100|[from] Grassy Terrain
|-heal|p2a: Ting-Lu|80/100|[from] item: Leftovers
|upkeep
|turn|21
|
|t:|1769301834
|move|p1a: Charizard|Fire Blast|p2a: Ting-Lu
|-damage|p2a: Ting-Lu|52/100
|move|p2a: Ting-Lu|Ruination|p1a: Charizard
|-damage|p1a: Charizard|26/100
|
|-heal|p2a: Ting-Lu|58/100|[from] Grassy Terrain
|-heal|p2a: Ting-Lu|64/100|[from] item: Leftovers
|-fieldend|move: Grassy Terrain
|upkeep
|turn|22
|
|t:|1769301846
|move|p1a: Charizard|Focus Blast|p2a: Ting-Lu|[miss]
|-miss|p1a: Charizard|p2a: Ting-Lu
|move|p2a: Ting-Lu|Facade|p1a: Charizard
|-damage|p1a: Charizard|2/100
|
|-heal|p2a: Ting-Lu|71/100|[from] item: Leftovers
|upkeep
|turn|23
|
|t:|1769301859
|switch|p1a: Incineroar|Incineroar, F, shiny|100/100
|-activate|p1a: Incineroar|move: Sticky Web
|-unboost|p1a: Incineroar|spe|1
|-damage|p1a: Incineroar|76/100|[from] Stealth Rock
|-ability|p1a: Incineroar|Intimidate|boost
|-unboost|p2a: Ting-Lu|atk|1
|move|p2a: Ting-Lu|Facade|p1a: Incineroar
|-damage|p1a: Incineroar|65/100
|
|-heal|p2a: Ting-Lu|77/100|[from] item: Leftovers
|upkeep
|turn|24
|
|t:|1769301875
|move|p2a: Ting-Lu|Earthquake|p1a: Incineroar
|-supereffective|p1a: Incineroar
|-damage|p1a: Incineroar|24/100
|move|p1a: Incineroar|Overheat|p2a: Ting-Lu
|-damage|p2a: Ting-Lu|56/100
|-unboost|p1a: Incineroar|spa|2
|
|-heal|p2a: Ting-Lu|62/100|[from] item: Leftovers
|upkeep
|turn|25
|
|t:|1769301887
|move|p2a: Ting-Lu|Earthquake|p1a: Incineroar
|-supereffective|p1a: Incineroar
|-damage|p1a: Incineroar|0 fnt
|faint|p1a: Incineroar
|
|-heal|p2a: Ting-Lu|68/100|[from] item: Leftovers
|upkeep
|
|t:|1769301896
|switch|p1a: Tyranitar|Tyranitar, M, shiny|100/100
|-weather|Sandstorm|[from] ability: Sand Stream|[of] p1a: Tyranitar
|turn|26
|
|t:|1769301904
|move|p1a: Tyranitar|Stone Edge|p2a: Ting-Lu
|-resisted|p2a: Ting-Lu
|-damage|p2a: Ting-Lu|57/100
|move|p2a: Ting-Lu|Earthquake|p1a: Tyranitar
|-supereffective|p1a: Tyranitar
|-damage|p1a: Tyranitar|59/100
|
|-weather|Sandstorm|[upkeep]
|-heal|p2a: Ting-Lu|64/100|[from] item: Leftovers
|upkeep
|turn|27
|
|t:|1769301914
|move|p1a: Tyranitar|Ice Punch|p2a: Ting-Lu
|-supereffective|p2a: Ting-Lu
|-damage|p2a: Ting-Lu|42/100
|move|p2a: Ting-Lu|Earthquake|p1a: Tyranitar
|-supereffective|p1a: Tyranitar
|-damage|p1a: Tyranitar|12/100
|
|-weather|Sandstorm|[upkeep]
|-heal|p2a: Ting-Lu|48/100|[from] item: Leftovers
|upkeep
|turn|28
|
|t:|1769301924
|switch|p1a: Charizard|Charizard, M, shiny|2/100
|move|p2a: Ting-Lu|Earthquake|p1a: Charizard
|-immune|p1a: Charizard
|
|-weather|Sandstorm|[upkeep]
|-damage|p1a: Charizard|0 fnt|[from] Sandstorm
|faint|p1a: Charizard
|-heal|p2a: Ting-Lu|55/100|[from] item: Leftovers
|upkeep
|
|t:|1769301934
|switch|p1a: Rillaboom|Rillaboom, M, shiny|11/100
|-fieldstart|move: Grassy Terrain|[from] ability: Grassy Surge|[of] p1a: Rillaboom
|turn|29
|
|t:|1769301939
|switch|p2a: Skarmory|Skarmory, F|100/100
|move|p1a: Rillaboom|Wood Hammer|p2a: Skarmory
|-resisted|p2a: Skarmory
|-damage|p2a: Skarmory|83/100
|-damage|p1a: Rillaboom|5/100|[from] Recoil
|
|-weather|Sandstorm|[upkeep]
|-damage|p1a: Rillaboom|0 fnt|[from] Sandstorm
|faint|p1a: Rillaboom
|upkeep
|
|t:|1769301948
|switch|p1a: Tyranitar|Tyranitar, M, shiny|12/100
|turn|30
|
|t:|1769301955
|move|p1a: Tyranitar|Stone Edge|p2a: Skarmory
|-damage|p2a: Skarmory|45/100
|move|p2a: Skarmory|Body Press|p1a: Tyranitar
|-supereffective|p1a: Tyranitar
|-damage|p1a: Tyranitar|0 fnt
|faint|p1a: Tyranitar
|
|-weather|none
|upkeep
|
|t:|1769301963
|switch|p1a: Ursaluna|Ursaluna, F, shiny|100/100
|-activate|p1a: Ursaluna|move: Sticky Web
|-unboost|p1a: Ursaluna|spe|1
|-damage|p1a: Ursaluna|94/100|[from] Stealth Rock
|turn|31
|
|t:|1769301979
|move|p2a: Skarmory|Roost|p2a: Skarmory
|-heal|p2a: Skarmory|95/100
|-singleturn|p2a: Skarmory|move: Roost
|move|p1a: Ursaluna|Headlong Rush|p2a: Skarmory
|-supereffective|p2a: Skarmory
|-damage|p2a: Skarmory|0 fnt
|-unboost|p1a: Ursaluna|def|1
|-unboost|p1a: Ursaluna|spd|1
|faint|p2a: Skarmory
|
|-heal|p1a: Ursaluna|100/100|[from] Grassy Terrain
|-status|p1a: Ursaluna|brn|[from] item: Flame Orb
|upkeep
|
|t:|1769301992
|switch|p2a: Mienshao|Mienshao, M|100/100
|turn|32
|
|t:|1769301997
|move|p2a: Mienshao|Close Combat|p1a: Ursaluna
|-supereffective|p1a: Ursaluna
|-damage|p1a: Ursaluna|0 fnt
|-unboost|p2a: Mienshao|def|1
|-unboost|p2a: Mienshao|spd|1
|faint|p1a: Ursaluna
|-damage|p2a: Mienshao|91/100|[from] item: Life Orb
|
|-heal|p2a: Mienshao|96/100|[from] Grassy Terrain
|upkeep
|
|t:|1769302005
|switch|p1a: Gholdengo|Gholdengo|27/100
|-activate|p1a: Gholdengo|move: Sticky Web
|-unboost|p1a: Gholdengo|spe|1
|-damage|p1a: Gholdengo|21/100|[from] Stealth Rock
|turn|33
|
|t:|1769302014
|move|p2a: Mienshao|Knock Off|p1a: Gholdengo
|-supereffective|p1a: Gholdengo
|-damage|p1a: Gholdengo|0 fnt
|faint|p1a: Gholdengo
|-damage|p2a: Mienshao|86/100|[from] item: Life Orb
|
|win|Brado3mini
|c|☆sigzul|gg's
