|j|☆x-xj1x-x
|j|☆pigsiayers
|t:|1769317857
|gametype|singles
|player|p1|x-xj1x-x|ghetsis|1084
|player|p2|pigsiayers|veteran-gen4|1155
|gen|9
|tier|[Gen 9] OU
|rated|
|rule|HP Percentage Mod: HP is shown in percentages
|rule|Endless Battle Clause: Forcing endless battles is banned
|rule|Species Clause: Limit one of each Pokémon
|rule|OHKO Clause: OHKO moves are banned
|rule|Evasion Items Clause: Evasion items are banned
|rule|Evasion Moves Clause: Evasion moves are banned
|rule|Evasion Abilities Clause: Evasion abilities are banned
|rule|Sleep Moves Clause: Sleep-inducing moves are banned
|clearpoke
|poke|p1|Ludicolo, M|
|poke|p1|Politoed, M|
|poke|p1|Tentacruel, F|
|poke|p1|Landorus-Therian, M|
|poke|p1|Clefable, F|
|poke|p1|Goodra, M|
|poke|p2|Feraligatr, M|
|poke|p2|Muk-Alola, M|
|poke|p2|Grafaiai, M|
|poke|p2|Galvantula, F|
|poke|p2|Infernape, M|
|poke|p2|Landorus-Therian, M|
|teampreview
|inactive|Battle timer is ON: inactive players will automatically lose when time's up. (requested by x-xj1x-x)
|
|t:|1769317876
|teamsize|p1|6
|teamsize|p2|6
|start
|switch|p1a: Landorus|Landorus-Therian, M|100/100
|switch|p2a: Galvantula|Galvantula, F|100/100
|-ability|p1a: Landorus|Intimidate|boost
|-unboost|p2a: Galvantula|atk|1
|turn|1
|
|t:|1769317889
|switch|p2a: Landorus|Landorus-Therian, M|100/100
|-ability|p2a: Landorus|Intimidate|boost
|-unboost|p1a: Landorus|atk|1
|move|p1a: Landorus|Earthquake|p2a: Landorus
|-immune|p2a: Landorus
|
|upkeep
|turn|2
|
|t:|1769317895
|move|p2a: Landorus|Stealth Rock|p1a: Landorus
|-sidestart|p1: x-xj1x-x|move: Stealth Rock
|move|p1a: Landorus|U-turn|p2a: Landorus
|-resisted|p2a: Landorus
|-damage|p2a: Landorus|91/100
|-damage|p1a: Landorus|84/100|[from] item: Rocky Helmet|[of] p2a: Landorus
|
|t:|1769317905
|switch|p1a: Goodra|Goodra, M|100/100|[from] U-turn
|-damage|p1a: Goodra|88/100|[from] Stealth Rock
|
|upkeep
|turn|3
|
|t:|1769317912
|move|p2a: Landorus|U-turn|p1a: Goodra
|-damage|p1a: Goodra|67/100
|-damage|p2a: Landorus|75/100|[from] item: Rocky Helmet|[of] p1a: Goodra
|
|t:|1769317920
|switch|p2a: Muk|Muk-Alola, M|100/100|[from] U-turn
|move|p1a: Goodra|Curse|p1a: Goodra
|-unboost|p1a: Goodra|spe|1
|-boost|p1a: Goodra|atk|1
|-boost|p1a: Goodra|def|1
|
|upkeep
|turn|4
|
|t:|1769317929
|move|p2a: Muk|Knock Off|p1a: Goodra
|-damage|p1a: Goodra|32/100
|-damage|p2a: Muk|84/100|[from] item: Rocky Helmet|[of] p1a: Goodra
|-status|p1a: Goodra|psn|[from] ability: Poison Touch|[of] p2a: Muk
|-enditem|p1a: Goodra|Rocky Helmet|[from] move: Knock Off|[of] p2a: Muk
|move|p1a: Goodra|Dragon Tail|p2a: Muk
|-damage|p2a: Muk|52/100
|drag|p2a: Feraligatr|Feraligatr, M|100/100
|
|-damage|p1a: Goodra|20/100 psn|[from] psn
|upkeep
|turn|5
|
|t:|1769317947
|move|p2a: Feraligatr|Dragon Dance|p2a: Feraligatr
|-boost|p2a: Feraligatr|atk|1
|-boost|p2a: Feraligatr|spe|1
|move|p1a: Goodra|Power Whip|p2a: Feraligatr
|-supereffective|p2a: Feraligatr
|-damage|p2a: Feraligatr|12/100
|
|-damage|p1a: Goodra|7/100 psn|[from] psn
|upkeep
|turn|6
|
|t:|1769317958
|move|p2a: Feraligatr|Liquidation|p1a: Goodra
|-resisted|p1a: Goodra
|-damage|p1a: Goodra|0 fnt
|faint|p1a: Goodra
|
|upkeep
|
|t:|1769317975
|switch|p1a: Tentacruel|Tentacruel, F|100/100
|-damage|p1a: Tentacruel|88/100|[from] Stealth Rock
|turn|7
|
|t:|1769317988
|move|p2a: Feraligatr|Crunch|p1a: Tentacruel
|-damage|p1a: Tentacruel|17/100
|move|p1a: Tentacruel|Dazzling Gleam|p2a: Feraligatr
|-damage|p2a: Feraligatr|0 fnt
|faint|p2a: Feraligatr
|
|-heal|p1a: Tentacruel|23/100|[from] item: Black Sludge
|upkeep
|
|t:|1769317996
|switch|p2a: Galvantula|Galvantula, F|100/100
|turn|8
|
|t:|1769318010
|switch|p1a: Landorus|Landorus-Therian, M|84/100
|-ability|p1a: Landorus|Intimidate|boost
|-unboost|p2a: Galvantula|atk|1
|move|p2a: Galvantula|Sticky Web|p1a: Landorus
|-sidestart|p1: x-xj1x-x|move: Sticky Web
|
|upkeep
|turn|9
|
|t:|1769318031
|switch|p2a: Landorus|Landorus-Therian, M|75/100
|-ability|p2a: Landorus|Intimidate|boost
|-unboost|p1a: Landorus|atk|1
|move|p1a: Landorus|Stone Edge|p2a: Landorus
|-damage|p2a: Landorus|47/100
|
|upkeep
|turn|10
|
|t:|1769318044
|move|p2a: Landorus|U-turn|p1a: Landorus
|-resisted|p1a: Landorus
|-damage|p1a: Landorus|72/100
|
|t:|1769318049
|switch|p2a: Grafaiai|Grafaiai, M|100/100|[from] U-turn
|move|p1a: Landorus|U-turn|p2a: Grafaiai
|-resisted|p2a: Grafaiai
|-damage|p2a: Grafaiai|82/100
|
|t:|1769318055
|switch|p1a: Tentacruel|Tentacruel, F|23/100|[from] U-turn
|-damage|p1a: Tentacruel|10/100|[from] Stealth Rock
|-activate|p1a: Tentacruel|move: Sticky Web
|-unboost|p1a: Tentacruel|spe|1
|
|-heal|p1a: Tentacruel|17/100|[from] item: Black Sludge
|upkeep
|turn|11
|
|t:|1769318061
|move|p2a: Grafaiai|Copycat|p2a: Grafaiai
|move|p2a: Grafaiai|U-turn|p1a: Tentacruel|[from] move: Copycat
|-resisted|p1a: Tentacruel
|-damage|p1a: Tentacruel|6/100
|
|t:|1769318070
|switch|p2a: Landorus|Landorus-Therian, M|47/100|[from] U-turn
|-ability|p2a: Landorus|Intimidate|boost
|-unboost|p1a: Tentacruel|atk|1
|move|p1a: Tentacruel|Rapid Spin|p2a: Landorus
|-damage|p2a: Landorus|42/100
|-boost|p1a: Tentacruel|spe|1
|-damage|p1a: Tentacruel|0 fnt|[from] item: Rocky Helmet|[of] p2a: Landorus
|faint|p1a: Tentacruel
|
|upkeep
|-message|x-xj1x-x forfeited.
|
|win|pigsiayers
|raw|x-xj1x-x's rating: 1084 &rarr; <strong>1066</strong><br />(-18 for losing)
|raw|pigsiayers's rating: 1155 &rarr; <strong>1175</strong><br />(+20 for winning)
|l|☆x-xj1x-x
|player|p1|
|l|☆pigsiayers
|player|p2|
