|j|☆testingcharizandra
|j|☆urifloo777
|t:|1769397030
|gametype|singles
|player|p1|testingcharizandra|cynthia|1156
|player|p2|urifloo777|blue|1119
|gen|9
|tier|[Gen 9] OU
|rated|
|rule|HP Percentage Mod: HP is shown in percentages
|rule|Endless Battle Clause: Forcing endless battles is banned
|rule|Species Clause: Limit one of each Pokémon
|rule|OHKO Clause: OHKO moves are banned
|rule|Evasion Items Clause: Evasion items are banned
|rule|Evasion Moves Clause: Evasion moves are banned
|rule|Evasion Abilities Clause: Evasion abilities are banned
|rule|Sleep Moves Clause: Sleep-inducing moves are banned
|clearpoke
|poke|p1|Milotic, M|
|poke|p1|Mudsdale, M|
|poke|p1|Typhlosion-Hisui, F|
|poke|p1|Braviary-Hisui, M|
|poke|p1|Amoonguss, F|
|poke|p1|Tauros-Paldea-Blaze, M|
|poke|p2|Blastoise, F|
|poke|p2|Garchomp, F|
|poke|p2|Gengar, F|
|poke|p2|Florges-Blue, F|
|poke|p2|Kingambit, F|
|poke|p2|Frosmoth, F|
|teampreview
|inactive|Battle timer is ON: inactive players will automatically lose when time's up. (requested by testingcharizandra)
|
|t:|1769397045
|teamsize|p1|6
|teamsize|p2|6
|start
|switch|p1a: Milotic|Milotic, M|100/100
|switch|p2a: Gengar|Gengar, F|100/100
|turn|1
|
|t:|1769397054
|move|p2a: Gengar|Thunderbolt|p1a: Milotic
|-supereffective|p1a: Milotic
|-damage|p1a: Milotic|51/100
|move|p1a: Milotic|Scald|p2a: Gengar
|-damage|p2a: Gengar|55/100
|
|-status|p1a: Milotic|brn|[from] item: Flame Orb
|upkeep
|turn|2
|
|t:|1769397062
|switch|p1a: Amoonguss|Amoonguss, F|100/100
|move|p2a: Gengar|Thunderbolt|p1a: Amoonguss
|-resisted|p1a: Amoonguss
|-damage|p1a: Amoonguss|89/100
|
|-heal|p1a: Amoonguss|95/100|[from] item: Black Sludge
|upkeep
|turn|3
|
|t:|1769397075
|switch|p2a: Mothra|Frosmoth, F|100/100
|move|p1a: Amoonguss|Foul Play|p2a: Mothra
|-damage|p2a: Mothra|88/100
|
|-heal|p1a: Amoonguss|100/100|[from] item: Black Sludge
|upkeep
|turn|4
|
|t:|1769397083
|-terastallize|p2a: Mothra|Steel
|move|p2a: Mothra|Giga Drain|p1a: Amoonguss
|-resisted|p1a: Amoonguss
|-damage|p1a: Amoonguss|97/100
|-heal|p2a: Mothra|90/100|[from] drain|[of] p1a: Amoonguss
|move|p1a: Amoonguss|Clear Smog|p2a: Mothra
|-immune|p2a: Mothra
|
|-heal|p1a: Amoonguss|100/100|[from] item: Black Sludge
|upkeep
|turn|5
|
|t:|1769397097
|switch|p1a: Typhlosion|Typhlosion-Hisui, F|100/100
|move|p2a: Mothra|Ice Beam|p1a: Typhlosion
|-resisted|p1a: Typhlosion
|-damage|p1a: Typhlosion|73/100
|
|upkeep
|turn|6
|
|t:|1769397109
|switch|p2a: Gollira|Garchomp, F|100/100
|move|p1a: Typhlosion|Eruption|p2a: Gollira
|-resisted|p2a: Gollira
|-damage|p2a: Gollira|68/100
|
|upkeep
|turn|7
|
|t:|1769397118
|switch|p1a: Milotic|Milotic, M|51/100 brn
|move|p2a: Gollira|Swords Dance|p2a: Gollira
|-boost|p2a: Gollira|atk|2
|
|-damage|p1a: Milotic|45/100 brn|[from] brn
|upkeep
|turn|8
|
|t:|1769397126
|move|p2a: Gollira|Scale Shot|p1a: Milotic|[miss]
|-miss|p2a: Gollira|p1a: Milotic
|move|p1a: Milotic|Scald|p2a: Gollira
|-damage|p2a: Gollira|37/100
|-status|p2a: Gollira|brn
|
|-damage|p2a: Gollira|31/100 brn|[from] brn
|-damage|p1a: Milotic|39/100 brn|[from] brn
|upkeep
|turn|9
|
|t:|1769397135
|move|p2a: Gollira|Earthquake|p1a: Milotic
|-damage|p1a: Milotic|11/100 brn
|move|p1a: Milotic|Recover|p1a: Milotic
|-heal|p1a: Milotic|61/100 brn
|
|-damage|p2a: Gollira|25/100 brn|[from] brn
|-damage|p1a: Milotic|55/100 brn|[from] brn
|upkeep
|turn|10
|
|t:|1769397147
|move|p2a: Gollira|Scale Shot|p1a: Milotic|[miss]
|-miss|p2a: Gollira|p1a: Milotic
|move|p1a: Milotic|Recover|p1a: Milotic
|-heal|p1a: Milotic|100/100 brn
|
|-damage|p2a: Gollira|19/100 brn|[from] brn
|-damage|p1a: Milotic|94/100 brn|[from] brn
|upkeep
|turn|11
|
|t:|1769397157
|move|p2a: Gollira|Swords Dance|p2a: Gollira
|-boost|p2a: Gollira|atk|2
|move|p1a: Milotic|Ice Beam|p2a: Gollira
|-supereffective|p2a: Gollira
|-damage|p2a: Gollira|0 fnt
|faint|p2a: Gollira
|
|-damage|p1a: Milotic|88/100 brn|[from] brn
|upkeep
|
|t:|1769397168
|switch|p2a: Mothra|Frosmoth, F, tera:Steel|90/100
|turn|12
|
|t:|1769397174
|move|p2a: Mothra|Giga Drain|p1a: Milotic
|-supereffective|p1a: Milotic
|-crit|p1a: Milotic
|-damage|p1a: Milotic|50/100 brn
|-heal|p2a: Mothra|100/100|[from] drain|[of] p1a: Milotic
|move|p1a: Milotic|Dragon Tail|p2a: Mothra
|-resisted|p2a: Mothra
|-crit|p2a: Mothra
|-damage|p2a: Mothra|97/100
|drag|p2a: Kingambit|Kingambit, F|100/100
|-activate|p2a: Kingambit|ability: Supreme Overlord
|-start|p2a: Kingambit|fallen1|[silent]
|
|-damage|p1a: Milotic|44/100 brn|[from] brn
|upkeep
|turn|13
|
|t:|1769397188
|move|p2a: Kingambit|Sucker Punch|p1a: Milotic
|-damage|p1a: Milotic|22/100 brn
|move|p1a: Milotic|Scald|p2a: Kingambit
|-damage|p2a: Kingambit|69/100
|-status|p2a: Kingambit|brn
|
|-heal|p2a: Kingambit|75/100 brn|[from] item: Leftovers
|-damage|p1a: Milotic|15/100 brn|[from] brn
|-damage|p2a: Kingambit|69/100 brn|[from] brn
|upkeep
|turn|14
|
|t:|1769397199
|move|p1a: Milotic|Recover|p1a: Milotic
|-heal|p1a: Milotic|65/100 brn
|move|p2a: Kingambit|Iron Head|p1a: Milotic
|-resisted|p1a: Milotic
|-damage|p1a: Milotic|60/100 brn
|
|-heal|p2a: Kingambit|75/100 brn|[from] item: Leftovers
|-damage|p1a: Milotic|54/100 brn|[from] brn
|-damage|p2a: Kingambit|69/100 brn|[from] brn
|upkeep
|turn|15
|
|t:|1769397211
|-end|p2a: Kingambit|fallen1|[silent]
|switch|p2a: Florges|Florges-Blue, F|100/100
|move|p1a: Milotic|Recover|p1a: Milotic
|-heal|p1a: Milotic|100/100 brn
|
|-damage|p1a: Milotic|94/100 brn|[from] brn
|upkeep
|turn|16
|
|t:|1769397218
|switch|p1a: Amoonguss|Amoonguss, F|100/100
|move|p2a: Florges|Moonblast|p1a: Amoonguss
|-resisted|p1a: Amoonguss
|-damage|p1a: Amoonguss|89/100
|
|-heal|p1a: Amoonguss|95/100|[from] item: Black Sludge
|upkeep
|turn|17
|
|t:|1769397232
|switch|p2a: Kingambit|Kingambit, F|69/100 brn
|-activate|p2a: Kingambit|ability: Supreme Overlord
|-start|p2a: Kingambit|fallen1|[silent]
|move|p1a: Amoonguss|Clear Smog|p2a: Kingambit
|-immune|p2a: Kingambit
|
|-heal|p2a: Kingambit|75/100 brn|[from] item: Leftovers
|-heal|p1a: Amoonguss|100/100|[from] item: Black Sludge
|-damage|p2a: Kingambit|69/100 brn|[from] brn
|upkeep
|turn|18
|
|t:|1769397242
|switch|p1a: Tauros|Tauros-Paldea-Blaze, M|100/100
|-ability|p1a: Tauros|Intimidate|boost
|-unboost|p2a: Kingambit|atk|1
|move|p2a: Kingambit|Swords Dance|p2a: Kingambit
|-boost|p2a: Kingambit|atk|2
|
|-heal|p2a: Kingambit|75/100 brn|[from] item: Leftovers
|-damage|p2a: Kingambit|69/100 brn|[from] brn
|upkeep
|turn|19
|
|t:|1769397259
|move|p2a: Kingambit|Sucker Punch|p1a: Tauros
|-resisted|p1a: Tauros
|-damage|p1a: Tauros|84/100
|move|p1a: Tauros|Close Combat|p2a: Kingambit
|-supereffective|p2a: Kingambit
|-damage|p2a: Kingambit|0 fnt
|-unboost|p1a: Tauros|def|1
|-unboost|p1a: Tauros|spd|1
|faint|p2a: Kingambit
|-end|p2a: Kingambit|fallen1|[silent]
|-damage|p1a: Tauros|74/100|[from] item: Life Orb
|
|upkeep
|
|t:|1769397270
|switch|p2a: Trotuman|Blastoise, F|100/100
|turn|20
|
|t:|1769397274
|switch|p1a: Amoonguss|Amoonguss, F|100/100
|move|p2a: Trotuman|Shell Smash|p2a: Trotuman
|-unboost|p2a: Trotuman|def|1
|-unboost|p2a: Trotuman|spd|1
|-boost|p2a: Trotuman|atk|2
|-boost|p2a: Trotuman|spa|2
|-boost|p2a: Trotuman|spe|2
|-enditem|p2a: Trotuman|White Herb
|-clearnegativeboost|p2a: Trotuman|[silent]
|
|upkeep
|turn|21
|
|t:|1769397284
|switch|p2a: Mothra|Frosmoth, F, tera:Steel|97/100
|move|p1a: Amoonguss|Clear Smog|p2a: Mothra
|-immune|p2a: Mothra
|
|upkeep
|turn|22
|
|t:|1769397293
|switch|p1a: Tauros|Tauros-Paldea-Blaze, M|74/100
|-ability|p1a: Tauros|Intimidate|boost
|-unboost|p2a: Mothra|atk|1
|move|p2a: Mothra|U-turn|p1a: Tauros
|-resisted|p1a: Tauros
|-damage|p1a: Tauros|72/100
|
|t:|1769397305
|switch|p2a: Gengar|Gengar, F|55/100|[from] U-turn
|
|upkeep
|turn|23
|
|t:|1769397314
|switch|p1a: Milotic|Milotic, M|94/100 brn
|move|p2a: Gengar|Shadow Ball|p1a: Milotic
|-damage|p1a: Milotic|65/100 brn
|
|-damage|p1a: Milotic|59/100 brn|[from] brn
|upkeep
|turn|24
|
|t:|1769397323
|switch|p1a: Mudsdale|Mudsdale, M|100/100
|move|p2a: Gengar|Shadow Ball|p1a: Mudsdale
|-damage|p1a: Mudsdale|62/100
|-ability|p1a: Mudsdale|Stamina|boost
|-boost|p1a: Mudsdale|def|1
|
|upkeep
|turn|25
|
|t:|1769397332
|switch|p2a: Mothra|Frosmoth, F, tera:Steel|97/100
|move|p1a: Mudsdale|Earthquake|p2a: Mothra
|-supereffective|p2a: Mothra
|-damage|p2a: Mothra|0 fnt
|faint|p2a: Mothra
|
|upkeep
|
|t:|1769397339
|switch|p2a: Trotuman|Blastoise, F|100/100
|turn|26
|
|t:|1769397350
|switch|p2a: Gengar|Gengar, F|55/100
|switch|p1a: Amoonguss|Amoonguss, F|100/100
|
|upkeep
|turn|27
|
|t:|1769397361
|move|p2a: Gengar|Shadow Ball|p1a: Amoonguss
|-damage|p1a: Amoonguss|70/100
|-unboost|p1a: Amoonguss|spd|1
|move|p1a: Amoonguss|Foul Play|p2a: Gengar
|-supereffective|p2a: Gengar
|-damage|p2a: Gengar|11/100
|
|-heal|p1a: Amoonguss|76/100|[from] item: Black Sludge
|upkeep
|turn|28
|
|t:|1769397383
|switch|p2a: Florges|Florges-Blue, F|100/100
|move|p1a: Amoonguss|Synthesis|p1a: Amoonguss
|-heal|p1a: Amoonguss|100/100
|
|upkeep
|turn|29
|
|t:|1769397396
|move|p2a: Florges|Psychic Noise|p1a: Amoonguss
|-supereffective|p1a: Amoonguss
|-damage|p1a: Amoonguss|63/100
|-start|p1a: Amoonguss|move: Heal Block
|move|p1a: Amoonguss|Clear Smog|p2a: Florges
|-supereffective|p2a: Florges
|-damage|p2a: Florges|84/100
|-clearboost|p2a: Florges
|
|-heal|p2a: Florges|90/100|[from] item: Leftovers
|upkeep
|turn|30
|
|t:|1769397409
|switch|p1a: Typhlosion|Typhlosion-Hisui, F|73/100
|move|p2a: Florges|Psychic Noise|p1a: Typhlosion
|-damage|p1a: Typhlosion|46/100
|-start|p1a: Typhlosion|move: Heal Block
|
|-heal|p2a: Florges|96/100|[from] item: Leftovers
|upkeep
|turn|31
|
|t:|1769397418
|move|p1a: Typhlosion|Infernal Parade|p2a: Florges
|-damage|p2a: Florges|77/100
|-status|p2a: Florges|brn
|move|p2a: Florges|Moonblast|p1a: Typhlosion
|-resisted|p1a: Typhlosion
|-damage|p1a: Typhlosion|20/100
|
|-heal|p2a: Florges|84/100 brn|[from] item: Leftovers
|-damage|p2a: Florges|77/100 brn|[from] brn
|-end|p1a: Typhlosion|move: Heal Block
|upkeep
|turn|32
|
|t:|1769397431
|move|p1a: Typhlosion|Infernal Parade|p2a: Florges
|-damage|p2a: Florges|40/100 brn
|move|p2a: Florges|Psychic Noise|p1a: Typhlosion
|-damage|p1a: Typhlosion|0 fnt
|faint|p1a: Typhlosion
|
|-heal|p2a: Florges|46/100 brn|[from] item: Leftovers
|-damage|p2a: Florges|40/100 brn|[from] brn
|upkeep
|
|t:|1769397442
|switch|p1a: Braviary|Braviary-Hisui, M|100/100
|turn|33
|
|t:|1769397449
|switch|p2a: Trotuman|Blastoise, F|100/100
|move|p1a: Braviary|Esper Wing|p2a: Trotuman
|-crit|p2a: Trotuman
|-damage|p2a: Trotuman|50/100
|-boost|p1a: Braviary|spe|1
|
|upkeep
|turn|34
|
|t:|1769397457
|move|p2a: Trotuman|Surf|p1a: Braviary
|-damage|p1a: Braviary|70/100
|move|p1a: Braviary|Esper Wing|p2a: Trotuman
|-damage|p2a: Trotuman|17/100
|-boost|p1a: Braviary|spe|1
|
|upkeep
|turn|35
|
|t:|1769397470
|move|p2a: Trotuman|Aqua Jet|p1a: Braviary
|-damage|p1a: Braviary|55/100
|move|p1a: Braviary|Esper Wing|p2a: Trotuman
|-crit|p2a: Trotuman
|-damage|p2a: Trotuman|0 fnt
|-boost|p1a: Braviary|spe|1
|faint|p2a: Trotuman
|
|upkeep
|
|t:|1769397478
|switch|p2a: Gengar|Gengar, F|11/100
|turn|36
|
|t:|1769397483
|move|p2a: Gengar|Thunderbolt|p1a: Braviary
|-supereffective|p1a: Braviary
|-damage|p1a: Braviary|6/100
|move|p1a: Braviary|Esper Wing|p2a: Gengar
|-supereffective|p2a: Gengar
|-damage|p2a: Gengar|0 fnt
|-boost|p1a: Braviary|spe|1
|faint|p2a: Gengar
|
|upkeep
|
|t:|1769397493
|switch|p2a: Florges|Florges-Blue, F|40/100 brn
|turn|37
|
|t:|1769397497
|move|p1a: Braviary|Roost|p1a: Braviary
|-heal|p1a: Braviary|57/100
|-singleturn|p1a: Braviary|move: Roost
|move|p2a: Florges|Moonblast|p1a: Braviary
|-damage|p1a: Braviary|31/100
|-unboost|p1a: Braviary|spa|1
|
|-heal|p2a: Florges|46/100 brn|[from] item: Leftovers
|-damage|p2a: Florges|40/100 brn|[from] brn
|upkeep
|turn|38
|
|t:|1769397508
|move|p1a: Braviary|Esper Wing|p2a: Florges
|-damage|p2a: Florges|27/100 brn
|-boost|p1a: Braviary|spe|1
|move|p2a: Florges|Moonblast|p1a: Braviary
|-damage|p1a: Braviary|5/100
|
|-heal|p2a: Florges|33/100 brn|[from] item: Leftovers
|-damage|p2a: Florges|27/100 brn|[from] brn
|upkeep
|turn|39
|
|t:|1769397517
|move|p1a: Braviary|Esper Wing|p2a: Florges
|-damage|p2a: Florges|15/100 brn
|-boost|p1a: Braviary|spe|1
|move|p2a: Florges|Moonblast|p1a: Braviary
|-damage|p1a: Braviary|0 fnt
|faint|p1a: Braviary
|
|-heal|p2a: Florges|21/100 brn|[from] item: Leftovers
|-damage|p2a: Florges|15/100 brn|[from] brn
|upkeep
|
|t:|1769397524
|switch|p1a: Tauros|Tauros-Paldea-Blaze, M|72/100
|-ability|p1a: Tauros|Intimidate|boost
|-unboost|p2a: Florges|atk|1
|turn|40
|
|t:|1769397530
|move|p2a: Florges|Protect|p2a: Florges
|-singleturn|p2a: Florges|Protect
|move|p1a: Tauros|Raging Bull|p2a: Florges
|-activate|p2a: Florges|move: Protect
|
|-heal|p2a: Florges|21/100 brn|[from] item: Leftovers
|-damage|p2a: Florges|15/100 brn|[from] brn
|upkeep
|turn|41
|
|t:|1769397539
|move|p1a: Tauros|Raging Bull|p2a: Florges
|-damage|p2a: Florges|0 fnt
|faint|p2a: Florges
|-damage|p1a: Tauros|62/100|[from] item: Life Orb
|
|win|testingcharizandra
|raw|testingcharizandra's rating: 1156 &rarr; <strong>1178</strong><br />(+22 for winning)
|raw|urifloo777's rating: 1119 &rarr; <strong>1097</strong><br />(-22 for losing)
|l|☆urifloo777
|player|p2|
|l|☆testingcharizandra
|player|p1|
