|j|☆Zuja
|j|☆sado14
|t:|1769357624
|gametype|singles
|player|p1|Zuja|linebacker|1153
|player|p2|sado14|n|1171
|gen|9
|tier|[Gen 9] OU
|rated|
|rule|HP Percentage Mod: HP is shown in percentages
|rule|Endless Battle Clause: Forcing endless battles is banned
|rule|Species Clause: Limit one of each Pokémon
|rule|OHKO Clause: OHKO moves are banned
|rule|Evasion Items Clause: Evasion items are banned
|rule|Evasion Moves Clause: Evasion moves are banned
|rule|Evasion Abilities Clause: Evasion abilities are banned
|rule|Sleep Moves Clause: Sleep-inducing moves are banned
|clearpoke
|poke|p1|Poliwrath, F|
|poke|p1|Pelipper, F|
|poke|p1|Zapdos|
|poke|p1|Keldeo-Resolute|
|poke|p1|Landorus-Therian, M|
|poke|p1|Kyurem|
|poke|p2|Great Tusk|
|poke|p2|Cresselia, F|
|poke|p2|Dragapult, F|
|poke|p2|Glimmora, M|
|poke|p2|Ogerpon-Wellspring, F|
|poke|p2|Kingambit, M|
|teampreview
|inactive|Battle timer is ON: inactive players will automatically lose when time's up. (requested by sado14)
|
|t:|1769357638
|teamsize|p1|6
|teamsize|p2|6
|start
|switch|p1a: Big Bird|Zapdos|100/100
|switch|p2a: Glimmora|Glimmora, M|100/100
|turn|1
|
|t:|1769357648
|move|p1a: Big Bird|Hurricane|p2a: Glimmora
|-resisted|p2a: Glimmora
|-crit|p2a: Glimmora
|-damage|p2a: Glimmora|12/100
|-start|p2a: Glimmora|confusion
|-activate|p2a: Glimmora|confusion
|move|p2a: Glimmora|Stealth Rock|p1a: Big Bird
|-sidestart|p1: Zuja|move: Stealth Rock
|
|upkeep
|turn|2
|
|t:|1769357656
|move|p1a: Big Bird|Hurricane|p2a: Glimmora
|-resisted|p2a: Glimmora
|-damage|p2a: Glimmora|0 fnt
|faint|p2a: Glimmora
|
|upkeep
|
|t:|1769357671
|switch|p2a: Dragapult|Dragapult, F|100/100
|turn|3
|
|t:|1769357682
|switch|p1a: Dustin Hoffman|Pelipper, F|100/100
|-damage|p1a: Dustin Hoffman|76/100|[from] Stealth Rock
|-weather|RainDance|[from] ability: Drizzle|[of] p1a: Dustin Hoffman
|move|p2a: Dragapult|Draco Meteor|p1a: Dustin Hoffman
|-damage|p1a: Dustin Hoffman|0 fnt
|-unboost|p2a: Dragapult|spa|2
|faint|p1a: Dustin Hoffman
|
|-weather|RainDance|[upkeep]
|upkeep
|
|t:|1769357692
|switch|p1a: ZA WHIRLDO|Poliwrath, F|100/100
|-damage|p1a: ZA WHIRLDO|94/100|[from] Stealth Rock
|turn|4
|
|t:|1769357702
|switch|p2a: Cresselia|Cresselia, F|100/100
|move|p1a: ZA WHIRLDO|Belly Drum|p1a: ZA WHIRLDO
|-damage|p1a: ZA WHIRLDO|44/100
|-setboost|p1a: ZA WHIRLDO|atk|6|[from] move: Belly Drum
|-enditem|p1a: ZA WHIRLDO|Sitrus Berry|[eat]
|-heal|p1a: ZA WHIRLDO|69/100|[from] item: Sitrus Berry
|
|-weather|RainDance|[upkeep]
|upkeep
|turn|5
|
|t:|1769357713
|-terastallize|p2a: Cresselia|Fairy
|move|p1a: ZA WHIRLDO|Liquidation|p2a: Cresselia
|-damage|p2a: Cresselia|0 fnt
|faint|p2a: Cresselia
|
|-weather|RainDance|[upkeep]
|upkeep
|
|t:|1769357724
|switch|p2a: Ogerpon|Ogerpon-Wellspring, F|100/100
|turn|6
|
|t:|1769357734
|-terastallize|p1a: ZA WHIRLDO|Dark
|move|p1a: ZA WHIRLDO|Drain Punch|p2a: Ogerpon
|-damage|p2a: Ogerpon|0 fnt
|-heal|p1a: ZA WHIRLDO|100/100|[from] drain|[of] p2a: Ogerpon
|faint|p2a: Ogerpon
|
|-weather|RainDance|[upkeep]
|upkeep
|-message|sado14 forfeited.
|
|win|Zuja
|raw|Zuja's rating: 1153 &rarr; <strong>1179</strong><br />(+26 for winning)
|raw|sado14's rating: 1171 &rarr; <strong>1145</strong><br />(-26 for losing)
|l|☆sado14
|player|p2|
|l|☆Zuja
|player|p1|
