|j|☆iandc2008
|j|☆do bronx aarone
|t:|1769428392
|gametype|singles
|player|p1|iandc2008|266|1374
|player|p2|do bronx aarone|266|1409
|gen|9
|tier|[Gen 9] OU
|rated|
|rule|HP Percentage Mod: HP is shown in percentages
|rule|Endless Battle Clause: Forcing endless battles is banned
|rule|Species Clause: Limit one of each Pokémon
|rule|OHKO Clause: OHKO moves are banned
|rule|Evasion Items Clause: Evasion items are banned
|rule|Evasion Moves Clause: Evasion moves are banned
|rule|Evasion Abilities Clause: Evasion abilities are banned
|rule|Sleep Moves Clause: Sleep-inducing moves are banned
|clearpoke
|poke|p1|Indeedee-F, F|
|poke|p1|Ursaluna, M|
|poke|p1|Porygon2|
|poke|p1|Hoopa-Unbound|
|poke|p1|Iron Treads|
|poke|p1|Iron Hands|
|poke|p2|Raging Bolt|
|poke|p2|Great Tusk|
|poke|p2|Primarina, M|
|poke|p2|Ting-Lu|
|poke|p2|Slowking-Galar, M|
|poke|p2|Dragonite, F|
|teampreview
|
|t:|1769428413
|teamsize|p1|6
|teamsize|p2|6
|start
|switch|p1a: Iron Treads|Iron Treads|100/100
|switch|p2a: Slowking|Slowking-Galar, M|100/100
|turn|1
|
|t:|1769428421
|switch|p2a: Ting-Lu|Ting-Lu|100/100
|-ability|p2a: Ting-Lu|Vessel of Ruin
|move|p1a: Iron Treads|Stealth Rock|p2a: Ting-Lu
|-sidestart|p2: do bronx aarone|move: Stealth Rock
|
|upkeep
|turn|2
|
|t:|1769428428
|move|p1a: Iron Treads|Knock Off|p2a: Ting-Lu
|-resisted|p2a: Ting-Lu
|-damage|p2a: Ting-Lu|92/100
|-enditem|p2a: Ting-Lu|Leftovers|[from] move: Knock Off|[of] p1a: Iron Treads
|move|p2a: Ting-Lu|Stealth Rock|p1a: Iron Treads
|-sidestart|p1: iandc2008|move: Stealth Rock
|
|upkeep
|turn|3
|
|t:|1769428436
|move|p1a: Iron Treads|Rapid Spin|p2a: Ting-Lu
|-damage|p2a: Ting-Lu|83/100
|-boost|p1a: Iron Treads|spe|1
|-sideend|p1: iandc2008|Stealth Rock|[from] move: Rapid Spin|[of] p1a: Iron Treads
|move|p2a: Ting-Lu|Earthquake|p1a: Iron Treads
|-supereffective|p1a: Iron Treads
|-damage|p1a: Iron Treads|33/100
|
|-heal|p1a: Iron Treads|39/100|[from] item: Leftovers
|upkeep
|turn|4
|
|t:|1769428446
|move|p1a: Iron Treads|Earthquake|p2a: Ting-Lu
|-damage|p2a: Ting-Lu|55/100
|move|p2a: Ting-Lu|Earthquake|p1a: Iron Treads
|-supereffective|p1a: Iron Treads
|-damage|p1a: Iron Treads|0 fnt
|faint|p1a: Iron Treads
|-end|p1a: Iron Treads|Quark Drive|[silent]
|
|upkeep
|
|t:|1769428462
|switch|p1a: Porygon2|Porygon2|100/100
|-ability|p1a: Porygon2|Vessel of Ruin|Trace|[from] ability: Trace|[of] p2a: Ting-Lu
|-ability|p1a: Porygon2|Vessel of Ruin
|turn|5
|
|t:|1769428468
|move|p1a: Porygon2|Tri Attack|p2a: Ting-Lu
|-damage|p2a: Ting-Lu|37/100
|move|p2a: Ting-Lu|Stealth Rock|p1a: Porygon2
|-sidestart|p1: iandc2008|move: Stealth Rock
|
|upkeep
|turn|6
|
|t:|1769428475
|move|p1a: Porygon2|Tri Attack|p2a: Ting-Lu
|-damage|p2a: Ting-Lu|19/100
|move|p2a: Ting-Lu|Ruination|p1a: Porygon2
|-damage|p1a: Porygon2|50/100
|
|upkeep
|turn|7
|
|t:|1769428484
|move|p1a: Porygon2|Tri Attack|p2a: Ting-Lu
|-damage|p2a: Ting-Lu|3/100
|move|p2a: Ting-Lu|Earthquake|p1a: Porygon2
|-damage|p1a: Porygon2|25/100
|
|upkeep
|turn|8
|
|t:|1769428491
|move|p1a: Porygon2|Tri Attack|p2a: Ting-Lu
|-damage|p2a: Ting-Lu|0 fnt
|faint|p2a: Ting-Lu
|
|upkeep
|
|t:|1769428498
|switch|p2a: Primarina|Primarina, M|100/100
|-damage|p2a: Primarina|88/100|[from] Stealth Rock
|turn|9
|
|t:|1769428505
|move|p2a: Primarina|Moonblast|p1a: Porygon2
|-damage|p1a: Porygon2|0 fnt
|faint|p1a: Porygon2
|
|upkeep
|
|t:|1769428518
|switch|p1a: Indeedee|Indeedee-F, F|100/100
|-damage|p1a: Indeedee|88/100|[from] Stealth Rock
|-fieldstart|move: Psychic Terrain|[from] ability: Psychic Surge|[of] p1a: Indeedee
|turn|10
|
|t:|1769428523
|move|p2a: Primarina|Moonblast|p1a: Indeedee
|-damage|p1a: Indeedee|24/100
|move|p1a: Indeedee|Trick Room|p1a: Indeedee
|-fieldstart|move: Trick Room|[of] p1a: Indeedee
|
|upkeep
|turn|11
|
|t:|1769428531
|switch|p1a: Ursaluna|Ursaluna, M|100/100
|-damage|p1a: Ursaluna|94/100|[from] Stealth Rock
|move|p2a: Primarina|Moonblast|p1a: Ursaluna
|-damage|p1a: Ursaluna|25/100
|
|-status|p1a: Ursaluna|brn|[from] item: Flame Orb
|upkeep
|turn|12
|
|t:|1769428546
|switch|p2a: Great Tusk|Great Tusk|100/100
|-damage|p2a: Great Tusk|98/100|[from] Stealth Rock
|move|p1a: Ursaluna|Facade|p2a: Great Tusk
|-damage|p2a: Great Tusk|35/100
|-damage|p1a: Ursaluna|9/100 brn|[from] item: Rocky Helmet|[of] p2a: Great Tusk
|
|-damage|p1a: Ursaluna|3/100 brn|[from] brn
|upkeep
|turn|13
|
|t:|1769428558
|move|p1a: Ursaluna|Facade|p2a: Great Tusk
|-damage|p2a: Great Tusk|0 fnt
|-damage|p1a: Ursaluna|0 fnt|[from] item: Rocky Helmet|[of] p2a: Great Tusk
|faint|p2a: Great Tusk
|-end|p2a: Great Tusk|Protosynthesis|[silent]
|faint|p1a: Ursaluna
|
|upkeep
|
|t:|1769428567
|switch|p1a: Hoopa|Hoopa-Unbound|100/100
|switch|p2a: Slowking|Slowking-Galar, M|100/100
|-damage|p2a: Slowking|88/100|[from] Stealth Rock
|-damage|p1a: Hoopa|88/100|[from] Stealth Rock
|turn|14
|
|t:|1769428574
|move|p2a: Slowking|Toxic|p1a: Hoopa
|-status|p1a: Hoopa|tox
|move|p1a: Hoopa|Knock Off|p2a: Slowking
|-supereffective|p2a: Slowking
|-enditem|p2a: Slowking|Colbur Berry|[eat]
|-enditem|p2a: Slowking|Colbur Berry|[weaken]
|-damage|p2a: Slowking|34/100
|
|-damage|p1a: Hoopa|82/100 tox|[from] psn
|-fieldend|move: Trick Room
|upkeep
|turn|15
|
|t:|1769428589
|move|p1a: Hoopa|Knock Off|p2a: Slowking
|-supereffective|p2a: Slowking
|-damage|p2a: Slowking|0 fnt
|faint|p2a: Slowking
|
|-damage|p1a: Hoopa|70/100 tox|[from] psn
|upkeep
|
|t:|1769428596
|switch|p2a: Primarina|Primarina, M|88/100
|-damage|p2a: Primarina|76/100|[from] Stealth Rock
|turn|16
|
|t:|1769428614
|-terastallize|p1a: Hoopa|Fairy
|move|p1a: Hoopa|Expanding Force|p2a: Primarina
|-damage|p2a: Primarina|0 fnt
|faint|p2a: Primarina
|
|-damage|p1a: Hoopa|52/100 tox|[from] psn
|upkeep
|
|t:|1769428623
|switch|p2a: Raging Bolt|Raging Bolt|100/100
|-damage|p2a: Raging Bolt|88/100|[from] Stealth Rock
|turn|17
|
|t:|1769428637
|move|p2a: Raging Bolt|Thunderclap|p1a: Hoopa
|-activate|p1a: Hoopa|move: Psychic Terrain
|move|p1a: Hoopa|Expanding Force|p2a: Raging Bolt
|-damage|p2a: Raging Bolt|32/100
|
|-damage|p1a: Hoopa|28/100 tox|[from] psn
|-fieldend|move: Psychic Terrain
|upkeep
|turn|18
|
|t:|1769428647
|switch|p1a: Indeedee|Indeedee-F, F|24/100
|-damage|p1a: Indeedee|12/100|[from] Stealth Rock
|-fieldstart|move: Psychic Terrain|[from] ability: Psychic Surge|[of] p1a: Indeedee
|move|p2a: Raging Bolt|Thunderbolt|p1a: Indeedee
|-damage|p1a: Indeedee|0 fnt
|faint|p1a: Indeedee
|
|upkeep
|
|t:|1769428653
|switch|p1a: Iron Hands|Iron Hands|100/100
|-damage|p1a: Iron Hands|94/100|[from] Stealth Rock
|turn|19
|
|t:|1769428661
|move|p2a: Raging Bolt|Dragon Pulse|p1a: Iron Hands
|-damage|p1a: Iron Hands|55/100
|move|p1a: Iron Hands|Ice Punch|p2a: Raging Bolt
|-supereffective|p2a: Raging Bolt
|-damage|p2a: Raging Bolt|0 fnt
|faint|p2a: Raging Bolt
|-end|p2a: Raging Bolt|Protosynthesis|[silent]
|
|upkeep
|
|t:|1769428669
|switch|p2a: Dragonite|Dragonite, F|100/100
|turn|20
|
|t:|1769428673
|-terastallize|p2a: Dragonite|Ghost
|move|p2a: Dragonite|Dragon Dance|p2a: Dragonite
|-boost|p2a: Dragonite|atk|1
|-boost|p2a: Dragonite|spe|1
|move|p1a: Iron Hands|Ice Punch|p2a: Dragonite
|-damage|p2a: Dragonite|71/100
|
|upkeep
|turn|21
|
|t:|1769428683
|-end|p1a: Iron Hands|Quark Drive|[silent]
|switch|p1a: Hoopa|Hoopa-Unbound, tera:Fairy|28/100 tox
|-damage|p1a: Hoopa|15/100 tox|[from] Stealth Rock
|move|p2a: Dragonite|Tera Blast|p1a: Hoopa|[anim] Tera Blast Ghost
|-damage|p1a: Hoopa|0 fnt
|faint|p1a: Hoopa
|
|upkeep
|
|t:|1769428686
|switch|p1a: Iron Hands|Iron Hands|55/100
|-damage|p1a: Iron Hands|48/100|[from] Stealth Rock
|turn|22
|
|t:|1769428695
|move|p2a: Dragonite|Tera Blast|p1a: Iron Hands|[anim] Tera Blast Ghost
|-damage|p1a: Iron Hands|0 fnt
|faint|p1a: Iron Hands
|-end|p1a: Iron Hands|Quark Drive|[silent]
|
|win|do bronx aarone
|raw|iandc2008's rating: 1374 &rarr; <strong>1356</strong><br />(-18 for losing)
|raw|do bronx aarone's rating: 1409 &rarr; <strong>1427</strong><br />(+18 for winning)
|l|☆iandc2008
|player|p1|
|l|☆do bronx aarone
|player|p2|
