|j|☆amartianbecauseyes
|j|☆Cdsfvjjxxv
|t:|1769399248
|gametype|singles
|player|p1|amartianbecauseyes|lucas|1079
|player|p2|Cdsfvjjxxv|102|1120
|gen|9
|tier|[Gen 9] OU
|rated|
|rule|HP Percentage Mod: HP is shown in percentages
|rule|Endless Battle Clause: Forcing endless battles is banned
|rule|Species Clause: Limit one of each Pokémon
|rule|OHKO Clause: OHKO moves are banned
|rule|Evasion Items Clause: Evasion items are banned
|rule|Evasion Moves Clause: Evasion moves are banned
|rule|Evasion Abilities Clause: Evasion abilities are banned
|rule|Sleep Moves Clause: Sleep-inducing moves are banned
|clearpoke
|poke|p1|Umbreon, M|
|poke|p1|Gholdengo|
|poke|p1|Great Tusk|
|poke|p1|Samurott-Hisui, M|
|poke|p1|Raging Bolt|
|poke|p1|Alomomola, M|
|poke|p2|Pecharunt|
|poke|p2|Kingambit, F|
|poke|p2|Volcanion|
|poke|p2|Iron Valiant|
|poke|p2|Landorus-Therian, M|
|poke|p2|Deoxys-Speed|
|teampreview
|
|t:|1769399256
|teamsize|p1|6
|teamsize|p2|6
|start
|switch|p1a: Samurott|Samurott-Hisui, M|100/100
|switch|p2a: Deoxys|Deoxys-Speed|100/100
|-ability|p2a: Deoxys|Pressure
|turn|1
|
|t:|1769399267
|move|p2a: Deoxys|Superpower|p1a: Samurott
|-supereffective|p1a: Samurott
|-damage|p1a: Samurott|25/100
|-unboost|p2a: Deoxys|atk|1
|-unboost|p2a: Deoxys|def|1
|-enditem|p2a: Deoxys|Eject Pack
|
|t:|1769399270
|switch|p2a: Landorus|Landorus-Therian, M|100/100
|-ability|p2a: Landorus|Intimidate|boost
|-unboost|p1a: Samurott|atk|1
|move|p1a: Samurott|Ceaseless Edge|p2a: Landorus
|-damage|p2a: Landorus|72/100
|-damage|p1a: Samurott|9/100|[from] item: Rocky Helmet|[of] p2a: Landorus
|-sidestart|p2: Cdsfvjjxxv|Spikes
|
|upkeep
|turn|2
|
|t:|1769399297
|switch|p1a: Great Tusk|Great Tusk|100/100
|move|p2a: Landorus|U-turn|p1a: Great Tusk
|-resisted|p1a: Great Tusk
|-damage|p1a: Great Tusk|94/100
|-damage|p2a: Landorus|55/100|[from] item: Rocky Helmet|[of] p1a: Great Tusk
|
|t:|1769399299
|switch|p2a: Deoxys|Deoxys-Speed|100/100|[from] U-turn
|-damage|p2a: Deoxys|88/100|[from] Spikes
|-ability|p2a: Deoxys|Pressure
|
|upkeep
|turn|3
|
|t:|1769399315
|-end|p1a: Great Tusk|Protosynthesis|[silent]
|switch|p1a: Umbreon|Umbreon, M|100/100
|move|p2a: Deoxys|Spikes|p1a: Umbreon
|-sidestart|p1: amartianbecauseyes|Spikes
|
|upkeep
|turn|4
|
|t:|1769399320
|switch|p2a: Landorus|Landorus-Therian, M|55/100
|-ability|p2a: Landorus|Intimidate|boost
|-unboost|p1a: Umbreon|atk|1
|move|p1a: Umbreon|Foul Play|p2a: Landorus
|-damage|p2a: Landorus|13/100
|-damage|p1a: Umbreon|84/100|[from] item: Rocky Helmet|[of] p2a: Landorus
|
|-heal|p1a: Umbreon|90/100|[from] item: Leftovers
|upkeep
|turn|5
|
|t:|1769399335
|switch|p2a: Pecharunt|Pecharunt|100/100
|switch|p1a: Great Tusk|Great Tusk|94/100
|-damage|p1a: Great Tusk|81/100|[from] Spikes
|
|upkeep
|turn|6
|
|t:|1769399346
|move|p2a: Pecharunt|Nasty Plot|p2a: Pecharunt
|-boost|p2a: Pecharunt|spa|2
|move|p1a: Great Tusk|Headlong Rush|p2a: Pecharunt
|-supereffective|p2a: Pecharunt
|-damage|p2a: Pecharunt|26/100
|-unboost|p1a: Great Tusk|def|1
|-unboost|p1a: Great Tusk|spd|1
|
|upkeep
|turn|7
|
|t:|1769399370
|move|p2a: Pecharunt|Shadow Ball|p1a: Great Tusk
|-damage|p1a: Great Tusk|0 fnt
|faint|p1a: Great Tusk
|-end|p1a: Great Tusk|Protosynthesis|[silent]
|
|upkeep
|
|t:|1769399379
|switch|p1a: Umbreon|Umbreon, M|90/100
|-damage|p1a: Umbreon|78/100|[from] Spikes
|turn|8
|
|t:|1769399382
|move|p2a: Pecharunt|Recover|p2a: Pecharunt
|-heal|p2a: Pecharunt|76/100
|move|p1a: Umbreon|Foul Play|p2a: Pecharunt
|-supereffective|p2a: Pecharunt
|-damage|p2a: Pecharunt|44/100
|
|-heal|p1a: Umbreon|84/100|[from] item: Leftovers
|upkeep
|turn|9
|
|t:|1769399390
|move|p2a: Pecharunt|Recover|p2a: Pecharunt
|-heal|p2a: Pecharunt|94/100
|move|p1a: Umbreon|Foul Play|p2a: Pecharunt
|-supereffective|p2a: Pecharunt
|-damage|p2a: Pecharunt|65/100
|
|-heal|p1a: Umbreon|90/100|[from] item: Leftovers
|upkeep
|turn|10
|
|t:|1769399397
|move|p2a: Pecharunt|Malignant Chain|p1a: Umbreon
|-damage|p1a: Umbreon|56/100
|-status|p1a: Umbreon|tox
|-start|p1a: Umbreon|confusion|[from] ability: Poison Puppeteer|[of] p2a: Pecharunt
|-activate|p1a: Umbreon|ability: Synchronize
|-immune|p2a: Pecharunt
|-activate|p1a: Umbreon|confusion
|move|p1a: Umbreon|Foul Play|p2a: Pecharunt
|-supereffective|p2a: Pecharunt
|-damage|p2a: Pecharunt|36/100
|
|-heal|p1a: Umbreon|62/100 tox|[from] item: Leftovers
|-damage|p1a: Umbreon|56/100 tox|[from] psn
|upkeep
|turn|11
|
|t:|1769399417
|switch|p1a: Samurott|Samurott-Hisui, M|9/100
|-damage|p1a: Samurott|0 fnt|[from] Spikes
|faint|p1a: Samurott
|move|p2a: Pecharunt|Recover|p2a: Pecharunt
|-heal|p2a: Pecharunt|86/100
|
|upkeep
|
|t:|1769399434
|switch|p1a: Raging Bolt|Raging Bolt|100/100
|-damage|p1a: Raging Bolt|88/100|[from] Spikes
|-enditem|p1a: Raging Bolt|Booster Energy
|-activate|p1a: Raging Bolt|ability: Protosynthesis|[fromitem]
|-start|p1a: Raging Bolt|protosynthesisspa
|turn|12
|
|t:|1769399441
|move|p2a: Pecharunt|Malignant Chain|p1a: Raging Bolt
|-damage|p1a: Raging Bolt|30/100
|-status|p1a: Raging Bolt|tox
|-start|p1a: Raging Bolt|confusion|[from] ability: Poison Puppeteer|[of] p2a: Pecharunt
|-activate|p1a: Raging Bolt|confusion
|-damage|p1a: Raging Bolt|26/100 tox|[from] confusion
|
|-damage|p1a: Raging Bolt|20/100 tox|[from] psn
|upkeep
|turn|13
|
|t:|1769399450
|move|p2a: Pecharunt|Shadow Ball|p1a: Raging Bolt
|-damage|p1a: Raging Bolt|0 fnt
|faint|p1a: Raging Bolt
|-end|p1a: Raging Bolt|Protosynthesis|[silent]
|
|upkeep
|
|t:|1769399455
|switch|p1a: Umbreon|Umbreon, M|56/100 tox
|-damage|p1a: Umbreon|43/100 tox|[from] Spikes
|turn|14
|
|t:|1769399459
|move|p2a: Pecharunt|Malignant Chain|p1a: Umbreon
|-damage|p1a: Umbreon|4/100 tox
|move|p1a: Umbreon|Foul Play|p2a: Pecharunt
|-supereffective|p2a: Pecharunt
|-damage|p2a: Pecharunt|58/100
|
|-heal|p1a: Umbreon|10/100 tox|[from] item: Leftovers
|-damage|p1a: Umbreon|4/100 tox|[from] psn
|upkeep
|turn|15
|
|t:|1769399468
|move|p2a: Pecharunt|Recover|p2a: Pecharunt
|-heal|p2a: Pecharunt|100/100
|move|p1a: Umbreon|Moonlight|p1a: Umbreon
|-heal|p1a: Umbreon|54/100 tox
|
|-heal|p1a: Umbreon|60/100 tox|[from] item: Leftovers
|-damage|p1a: Umbreon|48/100 tox|[from] psn
|upkeep
|turn|16
|
|t:|1769399476
|move|p2a: Pecharunt|Nasty Plot|p2a: Pecharunt
|-boost|p2a: Pecharunt|spa|2
|move|p1a: Umbreon|Moonlight|p1a: Umbreon
|-heal|p1a: Umbreon|98/100 tox
|
|-heal|p1a: Umbreon|100/100 tox|[from] item: Leftovers
|-damage|p1a: Umbreon|82/100 tox|[from] psn
|upkeep
|turn|17
|
|t:|1769399485
|move|p2a: Pecharunt|Nasty Plot|p2a: Pecharunt
|-boost|p2a: Pecharunt|spa|2
|move|p1a: Umbreon|Roar|p2a: Pecharunt
|drag|p2a: Landorus|Landorus-Therian, M|13/100
|-ability|p2a: Landorus|Intimidate|boost
|-unboost|p1a: Umbreon|atk|1
|
|-heal|p1a: Umbreon|88/100 tox|[from] item: Leftovers
|-damage|p1a: Umbreon|64/100 tox|[from] psn
|upkeep
|turn|18
|
|t:|1769399497
|switch|p1a: Alomomola|Alomomola, M|100/100
|move|p2a: Landorus|U-turn|p1a: Alomomola
|-damage|p1a: Alomomola|88/100
|
|t:|1769399501
|switch|p2a: Pecharunt|Pecharunt|100/100|[from] U-turn
|
|upkeep
|turn|19
|
|t:|1769399515
|move|p2a: Pecharunt|Malignant Chain|p1a: Alomomola
|-damage|p1a: Alomomola|43/100
|-status|p1a: Alomomola|tox
|-start|p1a: Alomomola|confusion|[from] ability: Poison Puppeteer|[of] p2a: Pecharunt
|-activate|p1a: Alomomola|confusion
|move|p1a: Alomomola|Mirror Coat|p2a: Pecharunt
|-damage|p2a: Pecharunt|0 fnt
|faint|p2a: Pecharunt
|
|-damage|p1a: Alomomola|37/100 tox|[from] psn
|upkeep
|
|t:|1769399520
|switch|p2a: Iron Valiant|Iron Valiant, shiny|100/100
|-damage|p2a: Iron Valiant|88/100|[from] Spikes
|-enditem|p2a: Iron Valiant|Booster Energy
|-activate|p2a: Iron Valiant|ability: Quark Drive|[fromitem]
|-start|p2a: Iron Valiant|quarkdrivespe
|turn|20
|
|t:|1769399537
|move|p2a: Iron Valiant|Encore|p1a: Alomomola
|-start|p1a: Alomomola|Encore
|-end|p1a: Alomomola|confusion
|move|p1a: Alomomola|Mirror Coat||[still]
|-fail|p1a: Alomomola
|
|-damage|p1a: Alomomola|24/100 tox|[from] psn
|upkeep
|turn|21
|
|t:|1769399547
|move|p2a: Iron Valiant|Knock Off|p1a: Alomomola
|-damage|p1a: Alomomola|8/100 tox
|-enditem|p1a: Alomomola|Heavy-Duty Boots|[from] move: Knock Off|[of] p2a: Iron Valiant
|move|p1a: Alomomola|Mirror Coat||[still]
|-fail|p1a: Alomomola
|
|-damage|p1a: Alomomola|0 fnt|[from] psn
|faint|p1a: Alomomola
|upkeep
|inactive|Battle timer is ON: inactive players will automatically lose when time's up. (requested by Cdsfvjjxxv)
|
|t:|1769399560
|switch|p1a: Gholdengo|Gholdengo|100/100
|-damage|p1a: Gholdengo|88/100|[from] Spikes
|turn|22
|
|t:|1769399567
|-terastallize|p2a: Iron Valiant|Stellar
|-terastallize|p1a: Gholdengo|Fairy
|move|p2a: Iron Valiant|Knock Off|p1a: Gholdengo
|-resisted|p1a: Gholdengo
|-damage|p1a: Gholdengo|66/100
|-enditem|p1a: Gholdengo|Life Orb|[from] move: Knock Off|[of] p2a: Iron Valiant
|move|p1a: Gholdengo|Dazzling Gleam|p2a: Iron Valiant
|-supereffective|p2a: Iron Valiant
|-damage|p2a: Iron Valiant|0 fnt
|faint|p2a: Iron Valiant
|-end|p2a: Iron Valiant|Quark Drive|[silent]
|
|upkeep
|
|t:|1769399574
|switch|p2a: Landorus|Landorus-Therian, M|13/100
|-ability|p2a: Landorus|Intimidate|boost
|-unboost|p1a: Gholdengo|atk|1
|turn|23
|
|t:|1769399591
|move|p2a: Landorus|Earthquake|p1a: Gholdengo
|-damage|p1a: Gholdengo|13/100
|move|p1a: Gholdengo|Dazzling Gleam|p2a: Landorus
|-damage|p2a: Landorus|0 fnt
|faint|p2a: Landorus
|
|upkeep
|
|t:|1769399596
|switch|p2a: Deoxys|Deoxys-Speed|88/100
|-damage|p2a: Deoxys|76/100|[from] Spikes
|-ability|p2a: Deoxys|Pressure
|turn|24
|
|t:|1769399605
|switch|p1a: Umbreon|Umbreon, M|64/100 tox
|-damage|p1a: Umbreon|52/100 tox|[from] Spikes
|move|p2a: Deoxys|Psycho Boost|p1a: Umbreon
|-immune|p1a: Umbreon
|
|-heal|p1a: Umbreon|58/100 tox|[from] item: Leftovers
|-damage|p1a: Umbreon|52/100 tox|[from] psn
|upkeep
|turn|25
|
|t:|1769399614
|move|p2a: Deoxys|Superpower|p1a: Umbreon
|-supereffective|p1a: Umbreon
|-damage|p1a: Umbreon|3/100 tox
|-unboost|p2a: Deoxys|atk|1
|-unboost|p2a: Deoxys|def|1
|move|p1a: Umbreon|Foul Play|p2a: Deoxys
|-supereffective|p2a: Deoxys
|-damage|p2a: Deoxys|0 fnt
|faint|p2a: Deoxys
|
|-heal|p1a: Umbreon|9/100 tox|[from] item: Leftovers
|-damage|p1a: Umbreon|0 fnt|[from] psn
|faint|p1a: Umbreon
|upkeep
|
|t:|1769399627
|switch|p2a: Volcanion|Volcanion|100/100
|switch|p1a: Gholdengo|Gholdengo, tera:Fairy|13/100
|-damage|p1a: Gholdengo|0 fnt|[from] Spikes
|faint|p1a: Gholdengo
|
|win|Cdsfvjjxxv
|raw|amartianbecauseyes's rating: 1079 &rarr; <strong>1060</strong><br />(-19 for losing)
|raw|Cdsfvjjxxv's rating: 1120 &rarr; <strong>1142</strong><br />(+22 for winning)
