|j|☆Smingus69
|j|☆averagealt99
|t:|1769317613
|gametype|singles
|player|p1|Smingus69|janitor|1349
|player|p2|averagealt99|acetrainerf-gen4dp|1295
|gen|9
|tier|[Gen 9] OU
|rated|
|rule|HP Percentage Mod: HP is shown in percentages
|rule|Endless Battle Clause: Forcing endless battles is banned
|rule|Species Clause: Limit one of each Pokémon
|rule|OHKO Clause: OHKO moves are banned
|rule|Evasion Items Clause: Evasion items are banned
|rule|Evasion Moves Clause: Evasion moves are banned
|rule|Evasion Abilities Clause: Evasion abilities are banned
|rule|Sleep Moves Clause: Sleep-inducing moves are banned
|clearpoke
|poke|p1|Quaquaval, F|
|poke|p1|Zarude|
|poke|p1|Iron Moth|
|poke|p1|Corviknight, F|
|poke|p1|Ting-Lu|
|poke|p1|Uxie|
|poke|p2|Pelipper, F|
|poke|p2|Dragalge, F|
|poke|p2|Blastoise, M|
|poke|p2|Gholdengo|
|poke|p2|Ogerpon-Wellspring, F|
|poke|p2|Darkrai|
|teampreview
|inactive|Battle timer is ON: inactive players will automatically lose when time's up. (requested by Smingus69)
|
|t:|1769317623
|teamsize|p1|6
|teamsize|p2|6
|start
|switch|p1a: Uxie|Uxie|100/100
|switch|p2a: Pelipper|Pelipper, F|100/100
|-weather|RainDance|[from] ability: Drizzle|[of] p2a: Pelipper
|turn|1
|
|t:|1769317632
|move|p1a: Uxie|Future Sight|p2a: Pelipper
|-start|p1a: Uxie|move: Future Sight
|move|p2a: Pelipper|Knock Off|p1a: Uxie
|-supereffective|p1a: Uxie
|-damage|p1a: Uxie|80/100
|-enditem|p1a: Uxie|Leftovers|[from] move: Knock Off|[of] p2a: Pelipper
|
|-weather|RainDance|[upkeep]
|upkeep
|turn|2
|
|t:|1769317639
|move|p1a: Uxie|Thunder Wave|p2a: Pelipper
|-status|p2a: Pelipper|par
|cant|p2a: Pelipper|par
|
|-weather|RainDance|[upkeep]
|upkeep
|turn|3
|
|t:|1769317657
|switch|p1a: Quaquaval|Quaquaval, F|100/100
|move|p2a: Pelipper|U-turn|p1a: Quaquaval
|-resisted|p1a: Quaquaval
|-damage|p1a: Quaquaval|96/100
|
|t:|1769317661
|switch|p2a: Darkrai|Darkrai|100/100|[from] U-turn
|
|-weather|RainDance|[upkeep]
|-end|p2a: Darkrai|move: Future Sight
|-immune|p2a: Darkrai
|upkeep
|turn|4
|
|t:|1769317670
|move|p2a: Darkrai|Will-O-Wisp|p1a: Quaquaval
|-status|p1a: Quaquaval|brn
|-enditem|p1a: Quaquaval|Lum Berry|[eat]
|-curestatus|p1a: Quaquaval|brn|[msg]
|move|p1a: Quaquaval|Aqua Step|p2a: Darkrai
|-damage|p2a: Darkrai|19/100
|-boost|p1a: Quaquaval|spe|1
|
|-weather|RainDance|[upkeep]
|upkeep
|turn|5
|
|t:|1769317682
|switch|p2a: Pelipper|Pelipper, F|100/100 par
|move|p1a: Quaquaval|Aqua Step|p2a: Pelipper
|-resisted|p2a: Pelipper
|-damage|p2a: Pelipper|75/100 par
|-boost|p1a: Quaquaval|spe|1
|
|-weather|RainDance|[upkeep]
|upkeep
|turn|6
|
|t:|1769317693
|-terastallize|p1a: Quaquaval|Water
|-terastallize|p2a: Pelipper|Grass
|move|p1a: Quaquaval|Swords Dance|p1a: Quaquaval
|-boost|p1a: Quaquaval|atk|2
|move|p2a: Pelipper|U-turn|p1a: Quaquaval
|-damage|p1a: Quaquaval|86/100
|
|t:|1769317700
|switch|p2a: Dragalge|Dragalge, F, shiny|100/100|[from] U-turn
|
|-weather|RainDance|[upkeep]
|upkeep
|turn|7
|
|t:|1769317710
|move|p1a: Quaquaval|Wave Crash|p2a: Dragalge
|-resisted|p2a: Dragalge
|-damage|p2a: Dragalge|0 fnt
|faint|p2a: Dragalge
|-ability|p1a: Quaquaval|Moxie|boost
|-boost|p1a: Quaquaval|atk|1
|-damage|p1a: Quaquaval|57/100|[from] Recoil
|
|-weather|RainDance|[upkeep]
|upkeep
|
|t:|1769317717
|switch|p2a: Blastoise|Blastoise, M|100/100
|turn|8
|-message|averagealt99 forfeited.
|
|win|Smingus69
|raw|Smingus69's rating: 1349 &rarr; <strong>1366</strong><br />(+17 for winning)
|raw|averagealt99's rating: 1295 &rarr; <strong>1274</strong><br />(-21 for losing)
|l|☆averagealt99
|player|p2|
|l|☆Smingus69
|player|p1|
