|j|☆ibo90
|j|☆dalal099
|t:|1769327791
|gametype|singles
|player|p1|ibo90|266|1174
|player|p2|dalal099|101|1137
|gen|9
|tier|[Gen 9] OU
|rated|
|rule|HP Percentage Mod: HP is shown in percentages
|rule|Endless Battle Clause: Forcing endless battles is banned
|rule|Species Clause: Limit one of each Pokémon
|rule|OHKO Clause: OHKO moves are banned
|rule|Evasion Items Clause: Evasion items are banned
|rule|Evasion Moves Clause: Evasion moves are banned
|rule|Evasion Abilities Clause: Evasion abilities are banned
|rule|Sleep Moves Clause: Sleep-inducing moves are banned
|clearpoke
|poke|p1|Incineroar, F|
|poke|p1|Alomomola, F|
|poke|p1|Mandibuzz, F|
|poke|p1|Ambipom, F|
|poke|p1|Skeledirge, F|
|poke|p1|Rotom-Wash|
|poke|p2|Great Tusk|
|poke|p2|Gholdengo|
|poke|p2|Dragapult, M|
|poke|p2|Iron Valiant|
|poke|p2|Toxapex, M|
|poke|p2|Kingambit, F|
|teampreview
|inactive|Battle timer is ON: inactive players will automatically lose when time's up. (requested by dalal099)
|
|t:|1769327800
|teamsize|p1|6
|teamsize|p2|6
|start
|switch|p1a: Rotom|Rotom-Wash|100/100
|switch|p2a: Great Tusk|Great Tusk|100/100
|turn|1
|
|t:|1769327811
|move|p1a: Rotom|Hydro Pump|p2a: Great Tusk
|-supereffective|p2a: Great Tusk
|-damage|p2a: Great Tusk|0 fnt
|faint|p2a: Great Tusk
|-end|p2a: Great Tusk|Protosynthesis|[silent]
|
|upkeep
|
|t:|1769327827
|switch|p2a: Toxapex|Toxapex, M|100/100
|turn|2
|
|t:|1769327834
|switch|p1a: Incineroar|Incineroar, F|100/100
|-ability|p1a: Incineroar|Intimidate|boost
|-unboost|p2a: Toxapex|atk|1
|move|p2a: Toxapex|Toxic|p1a: Incineroar
|-status|p1a: Incineroar|tox
|
|-damage|p1a: Incineroar|94/100 tox|[from] psn
|upkeep
|turn|3
|
|t:|1769327845
|switch|p1a: Rotom|Rotom-Wash|100/100
|move|p2a: Toxapex|Surf|p1a: Rotom
|-resisted|p1a: Rotom
|-damage|p1a: Rotom|84/100
|
|upkeep
|turn|4
|
|t:|1769327852
|move|p1a: Rotom|Trick|p2a: Toxapex
|-activate|p1a: Rotom|move: Trick|[of] p2a: Toxapex
|-item|p2a: Toxapex|Choice Scarf|[from] move: Trick
|-item|p1a: Rotom|Black Sludge|[from] move: Trick
|move|p2a: Toxapex|Toxic|p1a: Rotom
|-status|p1a: Rotom|tox
|
|-damage|p1a: Rotom|72/100 tox|[from] item: Black Sludge
|-damage|p1a: Rotom|65/100 tox|[from] psn
|upkeep
|turn|5
|
|t:|1769327865
|move|p1a: Rotom|Thunderbolt|p2a: Toxapex
|-supereffective|p2a: Toxapex
|-damage|p2a: Toxapex|33/100
|move|p2a: Toxapex|Toxic|p1a: Rotom
|-fail|p1a: Rotom|tox
|
|-damage|p1a: Rotom|53/100 tox|[from] item: Black Sludge
|-damage|p1a: Rotom|41/100 tox|[from] psn
|upkeep
|turn|6
|
|t:|1769327886
|move|p1a: Rotom|Thunderbolt|p2a: Toxapex
|-supereffective|p2a: Toxapex
|-damage|p2a: Toxapex|0 fnt
|faint|p2a: Toxapex
|
|-damage|p1a: Rotom|28/100 tox|[from] item: Black Sludge
|-damage|p1a: Rotom|10/100 tox|[from] psn
|upkeep
|inactive|dalal099 has 120 seconds left.
|
|t:|1769327909
|switch|p2a: Dragapult|Dragapult, M|100/100
|turn|7
|
|t:|1769327913
|move|p2a: Dragapult|Dragon Darts|p1a: Rotom
|-damage|p1a: Rotom|0 fnt
|faint|p1a: Rotom
|
|upkeep
|
|t:|1769327920
|switch|p1a: Incineroar|Incineroar, F|94/100 tox
|-ability|p1a: Incineroar|Intimidate|boost
|-unboost|p2a: Dragapult|atk|1
|turn|8
|
|t:|1769327926
|move|p2a: Dragapult|Dragon Darts|p1a: Incineroar
|-damage|p1a: Incineroar|70/100 tox
|-anim|p2a: Dragapult|Dragon Darts|p1a: Incineroar
|-damage|p1a: Incineroar|46/100 tox
|move|p1a: Incineroar|Knock Off|p2a: Dragapult
|-supereffective|p2a: Dragapult
|-damage|p2a: Dragapult|0 fnt
|-enditem|p2a: Dragapult|Choice Band|[from] move: Knock Off|[of] p1a: Incineroar
|faint|p2a: Dragapult
|
|-damage|p1a: Incineroar|40/100 tox|[from] psn
|upkeep
|
|t:|1769327936
|switch|p2a: Iron Valiant|Iron Valiant|100/100
|-enditem|p2a: Iron Valiant|Booster Energy
|-activate|p2a: Iron Valiant|ability: Quark Drive|[fromitem]
|-start|p2a: Iron Valiant|quarkdrivespe
|turn|9
|
|t:|1769327946
|move|p2a: Iron Valiant|Moonblast|p1a: Incineroar
|-damage|p1a: Incineroar|13/100 tox
|move|p1a: Incineroar|Flare Blitz|p2a: Iron Valiant
|-damage|p2a: Iron Valiant|12/100
|-damage|p1a: Incineroar|0 fnt|[from] Recoil
|faint|p1a: Incineroar
|
|upkeep
|
|t:|1769327961
|switch|p1a: Ambipom|Ambipom, F|100/100
|turn|10
|
|t:|1769327968
|move|p1a: Ambipom|Fake Out|p2a: Iron Valiant
|-damage|p2a: Iron Valiant|0 fnt
|faint|p2a: Iron Valiant
|-end|p2a: Iron Valiant|Quark Drive|[silent]
|
|upkeep
|
|t:|1769327974
|switch|p2a: Gholdengo|Gholdengo|100/100
|turn|11
|
|t:|1769327982
|move|p1a: Ambipom|U-turn|p2a: Gholdengo
|-resisted|p2a: Gholdengo
|-damage|p2a: Gholdengo|95/100
|
|t:|1769327985
|switch|p1a: Skeledirge|Skeledirge, F|100/100|[from] U-turn
|move|p2a: Gholdengo|Focus Blast|p1a: Skeledirge
|-immune|p1a: Skeledirge
|
|upkeep
|turn|12
|
|t:|1769327999
|switch|p2a: Kingambit|Kingambit, F|100/100
|-activate|p2a: Kingambit|ability: Supreme Overlord
|-start|p2a: Kingambit|fallen4|[silent]
|switch|p1a: Ambipom|Ambipom, F|100/100
|
|upkeep
|turn|13
|
|t:|1769328007
|move|p1a: Ambipom|Fake Out|p2a: Kingambit
|-resisted|p2a: Kingambit
|-damage|p2a: Kingambit|88/100
|cant|p2a: Kingambit|flinch
|
|upkeep
|turn|14
|
|t:|1769328013
|switch|p1a: Alomomola|Alomomola, F|100/100
|move|p2a: Kingambit|Swords Dance|p2a: Kingambit
|-boost|p2a: Kingambit|atk|2
|
|upkeep
|turn|15
|
|t:|1769328021
|move|p2a: Kingambit|Sucker Punch|p1a: Alomomola
|-damage|p1a: Alomomola|27/100
|-damage|p2a: Kingambit|71/100|[from] item: Rocky Helmet|[of] p1a: Alomomola
|move|p1a: Alomomola|Scald|p2a: Kingambit
|-damage|p2a: Kingambit|60/100
|
|upkeep
|turn|16
|
|t:|1769328029
|move|p2a: Kingambit|Sucker Punch||[still]
|-fail|p2a: Kingambit
|move|p1a: Alomomola|Wish|p1a: Alomomola
|
|upkeep
|turn|17
|
|t:|1769328034
|move|p1a: Alomomola|Protect|p1a: Alomomola
|-singleturn|p1a: Alomomola|Protect
|move|p2a: Kingambit|Kowtow Cleave|p1a: Alomomola
|-activate|p1a: Alomomola|move: Protect
|
|-heal|p1a: Alomomola|77/100|[from] move: Wish|[wisher] Alomomola
|upkeep
|turn|18
|
|t:|1769328044
|move|p2a: Kingambit|Kowtow Cleave|p1a: Alomomola
|-crit|p1a: Alomomola
|-damage|p1a: Alomomola|0 fnt
|-damage|p2a: Kingambit|43/100|[from] item: Rocky Helmet|[of] p1a: Alomomola
|faint|p1a: Alomomola
|
|upkeep
|
|t:|1769328050
|switch|p1a: Mandibuzz|Mandibuzz, F|100/100
|turn|19
|l|☆dalal099
|inactive|dalal099 disconnected and has a minute to reconnect!
|player|p2|
|inactive|dalal099 has 30 seconds to reconnect!
|inactive|dalal099 has 20 seconds to reconnect!
|j|☆dalal099
|inactive|dalal099 reconnected and has 105 seconds left.
|player|p2|dalal099|101|
|
|t:|1769328108
|move|p1a: Mandibuzz|Foul Play|p2a: Kingambit
|-resisted|p2a: Kingambit
|-damage|p2a: Kingambit|0 fnt
|faint|p2a: Kingambit
|-end|p2a: Kingambit|fallen4|[silent]
|
|upkeep
|
|t:|1769328118
|switch|p2a: Gholdengo|Gholdengo|95/100
|turn|20
|
|t:|1769328128
|-terastallize|p2a: Gholdengo|Steel
|move|p2a: Gholdengo|Make It Rain|p1a: Mandibuzz
|-damage|p1a: Mandibuzz|0 fnt
|-unboost|p2a: Gholdengo|spa|1
|faint|p1a: Mandibuzz
|
|upkeep
|
|t:|1769328140
|switch|p1a: Skeledirge|Skeledirge, F|100/100
|turn|21
|
|t:|1769328146
|-terastallize|p1a: Skeledirge|Fire
|move|p2a: Gholdengo|Make It Rain|p1a: Skeledirge
|-resisted|p1a: Skeledirge
|-damage|p1a: Skeledirge|40/100
|-unboost|p2a: Gholdengo|spa|1
|move|p1a: Skeledirge|Torch Song|p2a: Gholdengo
|-supereffective|p2a: Gholdengo
|-damage|p2a: Gholdengo|11/100
|-boost|p1a: Skeledirge|spa|1
|
|-heal|p1a: Skeledirge|46/100|[from] item: Leftovers
|upkeep
|turn|22
|
|t:|1769328159
|move|p2a: Gholdengo|Make It Rain|p1a: Skeledirge
|-resisted|p1a: Skeledirge
|-damage|p1a: Skeledirge|0 fnt
|-unboost|p2a: Gholdengo|spa|1
|faint|p1a: Skeledirge
|
|upkeep
|
|t:|1769328166
|switch|p1a: Ambipom|Ambipom, F|100/100
|turn|23
|
|t:|1769328170
|move|p1a: Ambipom|Fake Out|p2a: Gholdengo
|-resisted|p2a: Gholdengo
|-damage|p2a: Gholdengo|0 fnt
|faint|p2a: Gholdengo
|
|win|ibo90
|raw|ibo90's rating: 1174 &rarr; <strong>1196</strong><br />(+22 for winning)
|raw|dalal099's rating: 1137 &rarr; <strong>1115</strong><br />(-22 for losing)
|l|☆ibo90
|player|p1|
|l|☆dalal099
|player|p2|
