|j|☆DLTVS kochu
|j|☆sparkelzlol
|t:|1769426452
|gametype|singles
|player|p1|DLTVS kochu|morty-masters2|
|player|p2|sparkelzlol|wallace|
|gen|9
|tier|[Gen 9] OU
|rule|HP Percentage Mod: HP is shown in percentages
|rule|Endless Battle Clause: Forcing endless battles is banned
|rule|Species Clause: Limit one of each Pokémon
|rule|OHKO Clause: OHKO moves are banned
|rule|Evasion Items Clause: Evasion items are banned
|rule|Evasion Moves Clause: Evasion moves are banned
|rule|Evasion Abilities Clause: Evasion abilities are banned
|rule|Sleep Moves Clause: Sleep-inducing moves are banned
|clearpoke
|poke|p1|Cinderace, M|
|poke|p1|Gliscor, F|
|poke|p1|Clefable, F|
|poke|p1|Dragapult, F|
|poke|p1|Garganacl, M|
|poke|p1|Zamazenta-*|
|poke|p2|Rillaboom, F|
|poke|p2|Serperior, M|
|poke|p2|Heatran, M|
|poke|p2|Gholdengo|
|poke|p2|Zamazenta-*|
|poke|p2|Great Tusk|
|teampreview
|inactive|Battle timer is ON: inactive players will automatically lose when time's up. (requested by sparkelzlol)
|inactive|DLTVS kochu also wants the timer to be on.
|
|t:|1769426466
|teamsize|p1|6
|teamsize|p2|6
|start
|switch|p1a: Dragapult|Dragapult, F|100/100
|switch|p2a: Great Tusk|Great Tusk|100/100
|-enditem|p2a: Great Tusk|Booster Energy
|-activate|p2a: Great Tusk|ability: Protosynthesis|[fromitem]
|-start|p2a: Great Tusk|protosynthesisspe
|turn|1
|
|t:|1769426491
|move|p2a: Great Tusk|Headlong Rush|p1a: Dragapult
|-damage|p1a: Dragapult|31/100
|-unboost|p2a: Great Tusk|def|1
|-unboost|p2a: Great Tusk|spd|1
|move|p1a: Dragapult|Draco Meteor|p2a: Great Tusk
|-damage|p2a: Great Tusk|0 fnt
|-unboost|p1a: Dragapult|spa|2
|faint|p2a: Great Tusk
|-end|p2a: Great Tusk|Protosynthesis|[silent]
|
|upkeep
|
|t:|1769426498
|switch|p2a: Rillaboom|Rillaboom, F|100/100
|-fieldstart|move: Grassy Terrain|[from] ability: Grassy Surge|[of] p2a: Rillaboom
|turn|2
|
|t:|1769426507
|switch|p1a: Cinderace|Cinderace, M|100/100
|move|p2a: Rillaboom|Grassy Glide|p1a: Cinderace
|-resisted|p1a: Cinderace
|-damage|p1a: Cinderace|62/100
|-damage|p2a: Rillaboom|91/100|[from] item: Life Orb
|
|-heal|p1a: Cinderace|68/100|[from] Grassy Terrain
|-heal|p2a: Rillaboom|97/100|[from] Grassy Terrain
|upkeep
|turn|3
|
|t:|1769426515
|switch|p2a: Heatran|Heatran, M|100/100
|-item|p2a: Heatran|Air Balloon
|move|p1a: Cinderace|U-turn|p2a: Heatran
|-start|p1a: Cinderace|typechange|Bug|[from] ability: Libero
|-resisted|p2a: Heatran
|-damage|p2a: Heatran|93/100
|-enditem|p2a: Heatran|Air Balloon
|
|t:|1769426531
|switch|p1a: Garganacl|Garganacl, M|100/100|[from] U-turn
|
|-heal|p2a: Heatran|99/100|[from] Grassy Terrain
|upkeep
|turn|4
|
|t:|1769426540
|switch|p2a: Serperior|Serperior, M|100/100
|-terastallize|p1a: Garganacl|Water
|move|p1a: Garganacl|Salt Cure|p2a: Serperior
|-damage|p2a: Serperior|82/100
|-start|p2a: Serperior|Salt Cure
|
|-heal|p2a: Serperior|88/100|[from] Grassy Terrain
|-damage|p2a: Serperior|76/100|[from] Salt Cure
|upkeep
|turn|5
|
|t:|1769426547
|switch|p1a: Clefable|Clefable, F|100/100
|move|p2a: Serperior|Leaf Storm|p1a: Clefable
|-damage|p1a: Clefable|38/100
|-boost|p2a: Serperior|spa|2
|
|-heal|p2a: Serperior|82/100|[from] Grassy Terrain
|-heal|p1a: Clefable|44/100|[from] Grassy Terrain
|-damage|p2a: Serperior|69/100|[from] Salt Cure
|upkeep
|turn|6
|
|t:|1769426561
|move|p2a: Serperior|Leaf Storm|p1a: Clefable
|-damage|p1a: Clefable|0 fnt
|-boost|p2a: Serperior|spa|2
|faint|p1a: Clefable
|
|-heal|p2a: Serperior|75/100|[from] Grassy Terrain
|-damage|p2a: Serperior|63/100|[from] Salt Cure
|-fieldend|move: Grassy Terrain
|upkeep
|
|t:|1769426570
|switch|p1a: Dragapult|Dragapult, F|31/100
|turn|7
|
|t:|1769426574
|move|p2a: Serperior|Leaf Storm|p1a: Dragapult
|-resisted|p1a: Dragapult
|-damage|p1a: Dragapult|0 fnt
|-boost|p2a: Serperior|spa|2
|faint|p1a: Dragapult
|
|-damage|p2a: Serperior|51/100|[from] Salt Cure
|upkeep
|
|t:|1769426586
|switch|p1a: Gliscor|Gliscor, F|100/100
|turn|8
|
|t:|1769426602
|move|p1a: Gliscor|Protect|p1a: Gliscor
|-singleturn|p1a: Gliscor|Protect
|move|p2a: Serperior|Leaf Storm|p1a: Gliscor
|-activate|p1a: Gliscor|move: Protect
|
|-damage|p2a: Serperior|38/100|[from] Salt Cure
|-status|p1a: Gliscor|tox|[from] item: Toxic Orb
|upkeep
|turn|9
|
|t:|1769426619
|move|p2a: Serperior|Leaf Storm|p1a: Gliscor
|-damage|p1a: Gliscor|0 fnt
|faint|p1a: Gliscor
|
|-damage|p2a: Serperior|26/100|[from] Salt Cure
|upkeep
|
|t:|1769426622
|switch|p1a: Cinderace|Cinderace, M|68/100
|turn|10
|
|t:|1769426625
|move|p1a: Cinderace|Sucker Punch|p2a: Serperior
|-start|p1a: Cinderace|typechange|Dark|[from] ability: Libero
|-damage|p2a: Serperior|0 fnt
|faint|p2a: Serperior
|
|upkeep
|
|t:|1769426633
|switch|p2a: Heatran|Heatran, M|99/100
|turn|11
|
|t:|1769426637
|move|p1a: Cinderace|Pyro Ball|p2a: Heatran
|-start|p2a: Heatran|ability: Flash Fire
|move|p2a: Heatran|Magma Storm|p1a: Cinderace
|-damage|p1a: Cinderace|0 fnt
|faint|p1a: Cinderace
|
|upkeep
|
|t:|1769426641
|switch|p1a: Garganacl|Garganacl, M, tera:Water|100/100
|turn|12
|
|t:|1769426652
|-end|p2a: Heatran|ability: Flash Fire|[silent]
|switch|p2a: Rillaboom|Rillaboom, F|97/100
|-fieldstart|move: Grassy Terrain|[from] ability: Grassy Surge|[of] p2a: Rillaboom
|move|p1a: Garganacl|Curse|p1a: Garganacl
|-unboost|p1a: Garganacl|spe|1
|-boost|p1a: Garganacl|atk|1
|-boost|p1a: Garganacl|def|1
|
|-heal|p2a: Rillaboom|100/100|[from] Grassy Terrain
|upkeep
|turn|13
|
|t:|1769426660
|move|p2a: Rillaboom|Grassy Glide|p1a: Garganacl
|-supereffective|p1a: Garganacl
|-damage|p1a: Garganacl|57/100
|-damage|p2a: Rillaboom|91/100|[from] item: Life Orb
|move|p1a: Garganacl|Salt Cure|p2a: Rillaboom
|-damage|p2a: Rillaboom|70/100
|-start|p2a: Rillaboom|Salt Cure
|
|-heal|p2a: Rillaboom|76/100|[from] Grassy Terrain
|-heal|p1a: Garganacl|64/100|[from] Grassy Terrain
|-heal|p1a: Garganacl|70/100|[from] item: Leftovers
|-damage|p2a: Rillaboom|63/100|[from] Salt Cure
|upkeep
|turn|14
|
|t:|1769426680
|move|p2a: Rillaboom|Swords Dance|p2a: Rillaboom
|-boost|p2a: Rillaboom|atk|2
|move|p1a: Garganacl|Recover|p1a: Garganacl
|-heal|p1a: Garganacl|100/100
|
|-heal|p2a: Rillaboom|70/100|[from] Grassy Terrain
|-damage|p2a: Rillaboom|57/100|[from] Salt Cure
|upkeep
|turn|15
|
|t:|1769426684
|switch|p1a: Zamazenta|Zamazenta|100/100
|-ability|p1a: Zamazenta|Dauntless Shield|boost
|-boost|p1a: Zamazenta|def|1
|move|p2a: Rillaboom|Grassy Glide|p1a: Zamazenta
|-damage|p1a: Zamazenta|49/100
|-damage|p2a: Rillaboom|48/100|[from] item: Life Orb
|
|-heal|p1a: Zamazenta|55/100|[from] Grassy Terrain
|-heal|p1a: Zamazenta|61/100|[from] item: Leftovers
|-heal|p2a: Rillaboom|54/100|[from] Grassy Terrain
|-damage|p2a: Rillaboom|41/100|[from] Salt Cure
|upkeep
|turn|16
|
|t:|1769426692
|move|p2a: Rillaboom|Grassy Glide|p1a: Zamazenta
|-damage|p1a: Zamazenta|10/100
|-damage|p2a: Rillaboom|32/100|[from] item: Life Orb
|move|p1a: Zamazenta|Iron Defense|p1a: Zamazenta
|-boost|p1a: Zamazenta|def|2
|
|-heal|p1a: Zamazenta|16/100|[from] Grassy Terrain
|-heal|p1a: Zamazenta|22/100|[from] item: Leftovers
|-heal|p2a: Rillaboom|38/100|[from] Grassy Terrain
|-damage|p2a: Rillaboom|26/100|[from] Salt Cure
|-fieldend|move: Grassy Terrain
|upkeep
|turn|17
|
|t:|1769426697
|move|p1a: Zamazenta|Body Press|p2a: Rillaboom
|-damage|p2a: Rillaboom|0 fnt
|faint|p2a: Rillaboom
|
|-heal|p1a: Zamazenta|29/100|[from] item: Leftovers
|upkeep
|
|t:|1769426701
|switch|p2a: Zamazenta|Zamazenta|100/100
|-ability|p2a: Zamazenta|Dauntless Shield|boost
|-boost|p2a: Zamazenta|def|1
|turn|18
|
|t:|1769426705
|move|p1a: Zamazenta|Iron Defense|p1a: Zamazenta
|-boost|p1a: Zamazenta|def|2
|move|p2a: Zamazenta|Psychic Fangs|p1a: Zamazenta
|-supereffective|p1a: Zamazenta
|-damage|p1a: Zamazenta|12/100
|-damage|p2a: Zamazenta|91/100|[from] item: Life Orb
|
|-heal|p1a: Zamazenta|18/100|[from] item: Leftovers
|upkeep
|turn|19
|
|t:|1769426711
|move|p1a: Zamazenta|Body Press|p2a: Zamazenta
|-damage|p2a: Zamazenta|17/100
|move|p2a: Zamazenta|Close Combat|p1a: Zamazenta
|-damage|p1a: Zamazenta|0 fnt
|-unboost|p2a: Zamazenta|def|1
|-unboost|p2a: Zamazenta|spd|1
|faint|p1a: Zamazenta
|-damage|p2a: Zamazenta|7/100|[from] item: Life Orb
|
|upkeep
|
|t:|1769426715
|switch|p1a: Garganacl|Garganacl, M, tera:Water|100/100
|turn|20
|
|t:|1769426729
|move|p2a: Zamazenta|Close Combat|p1a: Garganacl
|-crit|p1a: Garganacl
|-damage|p1a: Garganacl|17/100
|-unboost|p2a: Zamazenta|def|1
|-unboost|p2a: Zamazenta|spd|1
|-damage|p2a: Zamazenta|0 fnt|[from] item: Life Orb
|faint|p2a: Zamazenta
|move|p1a: Garganacl|Curse|p1a: Garganacl
|-unboost|p1a: Garganacl|spe|1
|-boost|p1a: Garganacl|atk|1
|-boost|p1a: Garganacl|def|1
|
|-heal|p1a: Garganacl|23/100|[from] item: Leftovers
|upkeep
|
|t:|1769426734
|switch|p2a: Gholdengo|Gholdengo|100/100
|turn|21
|c|☆DLTVS kochu|bruh
|c|☆sparkelzlol|:sob:
|
|t:|1769426746
|move|p2a: Gholdengo|Shadow Ball|p1a: Garganacl
|-damage|p1a: Garganacl|10/100
|move|p1a: Garganacl|Recover|p1a: Garganacl
|-heal|p1a: Garganacl|60/100
|
|-heal|p1a: Garganacl|66/100|[from] item: Leftovers
|upkeep
|turn|22
|c|☆sparkelzlol|no way
|
|t:|1769426753
|move|p2a: Gholdengo|Nasty Plot|p2a: Gholdengo
|-boost|p2a: Gholdengo|spa|2
|move|p1a: Garganacl|Salt Cure|p2a: Gholdengo
|-resisted|p2a: Gholdengo
|-damage|p2a: Gholdengo|90/100
|-start|p2a: Gholdengo|Salt Cure
|
|-heal|p1a: Garganacl|72/100|[from] item: Leftovers
|-damage|p2a: Gholdengo|65/100|[from] Salt Cure
|upkeep
|turn|23
|
|t:|1769426760
|move|p2a: Gholdengo|Nasty Plot|p2a: Gholdengo
|-boost|p2a: Gholdengo|spa|2
|move|p1a: Garganacl|Recover|p1a: Garganacl
|-heal|p1a: Garganacl|100/100
|
|-damage|p2a: Gholdengo|41/100|[from] Salt Cure
|upkeep
|turn|24
|
|t:|1769426772
|move|p2a: Gholdengo|Recover|p2a: Gholdengo
|-heal|p2a: Gholdengo|91/100
|move|p1a: Garganacl|Earthquake|p2a: Gholdengo
|-supereffective|p2a: Gholdengo
|-damage|p2a: Gholdengo|31/100
|
|-damage|p2a: Gholdengo|6/100|[from] Salt Cure
|upkeep
|turn|25
|
|t:|1769426779
|-terastallize|p2a: Gholdengo|Water
|move|p2a: Gholdengo|Recover|p2a: Gholdengo
|-heal|p2a: Gholdengo|56/100
|move|p1a: Garganacl|Recover||[still]
|-fail|p1a: Garganacl|heal
|
|-damage|p2a: Gholdengo|31/100|[from] Salt Cure
|upkeep
|turn|26
|
|t:|1769426788
|move|p2a: Gholdengo|Recover|p2a: Gholdengo
|-heal|p2a: Gholdengo|81/100
|move|p1a: Garganacl|Earthquake|p2a: Gholdengo
|-damage|p2a: Gholdengo|48/100
|
|-damage|p2a: Gholdengo|23/100|[from] Salt Cure
|upkeep
|turn|27
|
|t:|1769426794
|move|p2a: Gholdengo|Recover|p2a: Gholdengo
|-heal|p2a: Gholdengo|73/100
|move|p1a: Garganacl|Earthquake|p2a: Gholdengo
|-damage|p2a: Gholdengo|43/100
|
|-damage|p2a: Gholdengo|18/100|[from] Salt Cure
|upkeep
|turn|28
|
|t:|1769426800
|move|p2a: Gholdengo|Focus Blast|p1a: Garganacl
|-damage|p1a: Garganacl|22/100
|move|p1a: Garganacl|Earthquake|p2a: Gholdengo
|-damage|p2a: Gholdengo|0 fnt
|faint|p2a: Gholdengo
|
|-heal|p1a: Garganacl|28/100|[from] item: Leftovers
|upkeep
|
|t:|1769426803
|switch|p2a: Heatran|Heatran, M|99/100
|turn|29
|
|t:|1769426806
|move|p2a: Heatran|Magma Storm|p1a: Garganacl
|-resisted|p1a: Garganacl
|-damage|p1a: Garganacl|14/100
|-activate|p1a: Garganacl|move: Magma Storm|[of] p2a: Heatran
|move|p1a: Garganacl|Earthquake|p2a: Heatran
|-supereffective|p2a: Heatran
|-damage|p2a: Heatran|0 fnt
|faint|p2a: Heatran
|
|win|DLTVS kochu
|c|☆DLTVS kochu|ggs
|c|☆sparkelzlol|omggg
|c|☆sparkelzlol|biggest sell
|c|☆sparkelzlol|ever
|c|☆DLTVS kochu|lmao
|c|☆sparkelzlol|gg
|c|☆sparkelzlol|1-2 right?
|c|☆sparkelzlol|gg
|c|☆DLTVS kochu|yes
|c|☆sparkelzlol|gg
|c|☆sparkelzlol|wp
|c|☆DLTVS kochu|u2
