|j|☆pouill
|j|☆fluffycool
|t:|1769415731
|gametype|singles
|player|p1|pouill|1|1498
|player|p2|fluffycool|schoolboy-gen2|1504
|gen|9
|tier|[Gen 9] OU
|rated|
|rule|HP Percentage Mod: HP is shown in percentages
|rule|Endless Battle Clause: Forcing endless battles is banned
|rule|Species Clause: Limit one of each Pokémon
|rule|OHKO Clause: OHKO moves are banned
|rule|Evasion Items Clause: Evasion items are banned
|rule|Evasion Moves Clause: Evasion moves are banned
|rule|Evasion Abilities Clause: Evasion abilities are banned
|rule|Sleep Moves Clause: Sleep-inducing moves are banned
|clearpoke
|poke|p1|Iron Crown|
|poke|p1|Samurott-Hisui, F|
|poke|p1|Zapdos|
|poke|p1|Dragapult, M|
|poke|p1|Great Tusk|
|poke|p1|Iron Boulder|
|poke|p2|Latios, M|
|poke|p2|Kingambit, F|
|poke|p2|Gliscor, M|
|poke|p2|Clodsire, M|
|poke|p2|Slowking, F|
|poke|p2|Dragapult, M|
|teampreview
|inactive|Battle timer is ON: inactive players will automatically lose when time's up. (requested by fluffycool)
|
|t:|1769415758
|teamsize|p1|6
|teamsize|p2|6
|start
|switch|p1a: Everytime We Touch|Samurott-Hisui, F|100/100
|switch|p2a: Dragapult|Dragapult, M|100/100
|turn|1
|
|t:|1769415769
|switch|p2a: Gliscor|Gliscor, M|100/100
|move|p1a: Everytime We Touch|Ceaseless Edge|p2a: Gliscor
|-damage|p2a: Gliscor|73/100
|-sidestart|p2: fluffycool|Spikes
|
|-status|p2a: Gliscor|tox|[from] item: Toxic Orb
|upkeep
|turn|2
|
|t:|1769415778
|switch|p1a: Pump It|Great Tusk|100/100
|move|p2a: Gliscor|Protect||[still]
|-fail|p2a: Gliscor
|
|-heal|p2a: Gliscor|86/100 tox|[from] ability: Poison Heal
|upkeep
|turn|3
|
|t:|1769415787
|move|p2a: Gliscor|Protect|p2a: Gliscor
|-singleturn|p2a: Gliscor|Protect
|move|p1a: Pump It|Ice Spinner|p2a: Gliscor
|-activate|p2a: Gliscor|move: Protect
|
|-heal|p2a: Gliscor|98/100 tox|[from] ability: Poison Heal
|upkeep
|turn|4
|
|t:|1769415798
|move|p1a: Pump It|Ice Spinner|p2a: Gliscor
|-supereffective|p2a: Gliscor
|-damage|p2a: Gliscor|29/100 tox
|move|p2a: Gliscor|Spikes|p1a: Pump It
|-sidestart|p1: pouill|Spikes
|
|-heal|p2a: Gliscor|42/100 tox|[from] ability: Poison Heal
|upkeep
|turn|5
|
|t:|1769415803
|move|p2a: Gliscor|Protect|p2a: Gliscor
|-singleturn|p2a: Gliscor|Protect
|move|p1a: Pump It|Stealth Rock|p2a: Gliscor
|-sidestart|p2: fluffycool|move: Stealth Rock
|
|-heal|p2a: Gliscor|54/100 tox|[from] ability: Poison Heal
|upkeep
|turn|6
|
|t:|1769415808
|switch|p2a: Slowking|Slowking, F|100/100
|move|p1a: Pump It|Ice Spinner|p2a: Slowking
|-resisted|p2a: Slowking
|-damage|p2a: Slowking|87/100
|
|upkeep
|turn|7
|
|t:|1769415826
|-end|p1a: Pump It|Protosynthesis|[silent]
|switch|p1a: Everytime We Touch|Samurott-Hisui, F|100/100
|-damage|p1a: Everytime We Touch|88/100|[from] Spikes
|move|p2a: Slowking|Scald|p1a: Everytime We Touch
|-resisted|p1a: Everytime We Touch
|-damage|p1a: Everytime We Touch|67/100
|-status|p1a: Everytime We Touch|brn
|
|-damage|p1a: Everytime We Touch|61/100 brn|[from] brn
|upkeep
|turn|8
|
|t:|1769415833
|switch|p2a: Gliscor|Gliscor, M|54/100 tox
|-damage|p2a: Gliscor|42/100 tox|[from] Stealth Rock
|move|p1a: Everytime We Touch|Flip Turn|p2a: Gliscor
|-supereffective|p2a: Gliscor
|-damage|p2a: Gliscor|26/100 tox
|
|t:|1769415838
|switch|p1a: Pump It|Great Tusk|100/100|[from] Flip Turn
|
|-heal|p2a: Gliscor|39/100 tox|[from] ability: Poison Heal
|upkeep
|turn|9
|
|t:|1769415845
|move|p2a: Gliscor|Protect|p2a: Gliscor
|-singleturn|p2a: Gliscor|Protect
|move|p1a: Pump It|Ice Spinner|p2a: Gliscor
|-activate|p2a: Gliscor|move: Protect
|
|-heal|p2a: Gliscor|51/100 tox|[from] ability: Poison Heal
|upkeep
|turn|10
|
|t:|1769415850
|switch|p2a: Slowking|Slowking, F|100/100
|move|p1a: Pump It|Rapid Spin|p2a: Slowking
|-damage|p2a: Slowking|81/100
|-boost|p1a: Pump It|spe|1
|-sideend|p1: pouill|Spikes|[from] move: Rapid Spin|[of] p1a: Pump It
|
|upkeep
|turn|11
|
|t:|1769415860
|move|p1a: Pump It|Headlong Rush|p2a: Slowking
|-damage|p2a: Slowking|21/100
|-unboost|p1a: Pump It|def|1
|-unboost|p1a: Pump It|spd|1
|-prepare|p2a: Slowking|Chilly Reception|[premajor]
|move|p2a: Slowking|Chilly Reception|p2a: Slowking
|-weather|Snowscape
|
|t:|1769415879
|switch|p2a: Gliscor|Gliscor, M|51/100 tox|[from] Chilly Reception
|-damage|p2a: Gliscor|39/100 tox|[from] Stealth Rock
|
|-weather|Snowscape|[upkeep]
|-heal|p2a: Gliscor|51/100 tox|[from] ability: Poison Heal
|upkeep
|turn|12
|
|t:|1769415884
|move|p2a: Gliscor|Protect|p2a: Gliscor
|-singleturn|p2a: Gliscor|Protect
|move|p1a: Pump It|Ice Spinner|p2a: Gliscor
|-activate|p2a: Gliscor|move: Protect
|
|-weather|Snowscape|[upkeep]
|-heal|p2a: Gliscor|64/100 tox|[from] ability: Poison Heal
|upkeep
|turn|13
|
|t:|1769415898
|switch|p2a: Slowking|Slowking, F|54/100
|move|p1a: Pump It|Ice Spinner|p2a: Slowking
|-resisted|p2a: Slowking
|-damage|p2a: Slowking|38/100
|
|-weather|Snowscape|[upkeep]
|upkeep
|turn|14
|
|t:|1769415903
|switch|p2a: Gliscor|Gliscor, M|64/100 tox
|-damage|p2a: Gliscor|51/100 tox|[from] Stealth Rock
|move|p1a: Pump It|Ice Spinner|p2a: Gliscor
|-supereffective|p2a: Gliscor
|-damage|p2a: Gliscor|0 fnt
|faint|p2a: Gliscor
|
|-weather|Snowscape|[upkeep]
|upkeep
|
|t:|1769415911
|switch|p2a: Dragapult|Dragapult, M|100/100
|turn|15
|
|t:|1769415922
|-end|p1a: Pump It|Protosynthesis|[silent]
|switch|p1a: Everytime We Touch|Samurott-Hisui, F|61/100 brn
|move|p2a: Dragapult|Will-O-Wisp|p1a: Everytime We Touch
|-fail|p1a: Everytime We Touch|brn
|
|-weather|none
|-damage|p1a: Everytime We Touch|55/100 brn|[from] brn
|upkeep
|turn|16
|
|t:|1769415930
|move|p1a: Everytime We Touch|Ceaseless Edge|p2a: Dragapult
|-supereffective|p2a: Dragapult
|-damage|p2a: Dragapult|32/100
|-sidestart|p2: fluffycool|Spikes
|move|p2a: Dragapult|Dragon Darts|p1a: Everytime We Touch
|-damage|p1a: Everytime We Touch|28/100 brn
|-anim|p2a: Dragapult|Dragon Darts|p1a: Everytime We Touch
|-damage|p1a: Everytime We Touch|0 fnt
|faint|p1a: Everytime We Touch
|
|upkeep
|
|t:|1769415945
|switch|p1a: Hurikan|Zapdos|100/100
|turn|17
|
|t:|1769415949
|move|p2a: Dragapult|Will-O-Wisp|p1a: Hurikan
|-status|p1a: Hurikan|brn
|move|p1a: Hurikan|Hurricane|p2a: Dragapult|[miss]
|-miss|p1a: Hurikan|p2a: Dragapult
|
|-damage|p1a: Hurikan|94/100 brn|[from] brn
|upkeep
|turn|18
|
|t:|1769415954
|move|p2a: Dragapult|Hex|p1a: Hurikan
|-damage|p1a: Hurikan|39/100 brn
|move|p1a: Hurikan|Hurricane|p2a: Dragapult
|-damage|p2a: Dragapult|0 fnt
|faint|p2a: Dragapult
|
|-damage|p1a: Hurikan|33/100 brn|[from] brn
|upkeep
|
|t:|1769415960
|switch|p2a: Latios|Latios, M|100/100
|-damage|p2a: Latios|88/100|[from] Stealth Rock
|turn|19
|
|t:|1769415970
|move|p2a: Latios|Draco Meteor|p1a: Hurikan
|-damage|p1a: Hurikan|0 fnt
|-unboost|p2a: Latios|spa|2
|faint|p1a: Hurikan
|
|upkeep
|
|t:|1769415992
|switch|p1a: Parasite|Dragapult, M|100/100
|turn|20
|
|t:|1769415998
|switch|p2a: Clodsire|Clodsire, M|100/100
|move|p1a: Parasite|Dragon Darts|p2a: Clodsire
|-damage|p2a: Clodsire|56/100
|-anim|p1a: Parasite|Dragon Darts|p2a: Clodsire
|-damage|p2a: Clodsire|12/100
|
|upkeep
|turn|21
|
|t:|1769416005
|move|p1a: Parasite|Dragon Darts|p2a: Clodsire
|-damage|p2a: Clodsire|0 fnt
|faint|p2a: Clodsire
|
|upkeep
|
|t:|1769416010
|switch|p2a: Slowking|Slowking, F|71/100
|turn|22
|
|t:|1769416018
|-terastallize|p2a: Slowking|Fairy
|move|p1a: Parasite|Dragon Darts|p2a: Slowking
|-immune|p2a: Slowking
|move|p2a: Slowking|Thunder Wave|p1a: Parasite
|-status|p1a: Parasite|par
|
|upkeep
|turn|23
|
|t:|1769416023
|switch|p1a: Mindreader|Iron Crown|100/100
|-prepare|p2a: Slowking|Chilly Reception|[premajor]
|move|p2a: Slowking|Chilly Reception|p2a: Slowking
|-weather|Snowscape
|
|t:|1769416030
|switch|p2a: Latios|Latios, M|88/100|[from] Chilly Reception
|-damage|p2a: Latios|76/100|[from] Stealth Rock
|
|-weather|Snowscape|[upkeep]
|upkeep
|turn|24
|l|☆pouill
|inactive|pouill disconnected and has a minute to reconnect!
|player|p1|
|j|☆pouill
|inactive|pouill reconnected and has 105 seconds left.
|player|p1|pouill|1|
|
|t:|1769416079
|move|p2a: Latios|Calm Mind|p2a: Latios
|-boost|p2a: Latios|spa|1
|-boost|p2a: Latios|spd|1
|move|p1a: Mindreader|Tachyon Cutter|p2a: Latios
|-damage|p2a: Latios|51/100
|-damage|p2a: Latios|22/100
|-hitcount|p2a: Latios|2
|
|-weather|Snowscape|[upkeep]
|upkeep
|turn|25
|
|t:|1769416090
|move|p2a: Latios|Draco Meteor|p1a: Mindreader
|-resisted|p1a: Mindreader
|-damage|p1a: Mindreader|44/100
|-unboost|p2a: Latios|spa|2
|move|p1a: Mindreader|Tachyon Cutter|p2a: Latios
|-damage|p2a: Latios|0 fnt
|faint|p2a: Latios
|-hitcount|p2: Latios|1
|
|-weather|Snowscape|[upkeep]
|upkeep
|
|t:|1769416100
|switch|p2a: Kingambit|Kingambit, F|100/100
|-activate|p2a: Kingambit|ability: Supreme Overlord
|-start|p2a: Kingambit|fallen4|[silent]
|turn|26
|
|t:|1769416107
|-end|p1a: Mindreader|Quark Drive|[silent]
|switch|p1a: Pump It|Great Tusk|100/100
|move|p2a: Kingambit|Swords Dance|p2a: Kingambit
|-boost|p2a: Kingambit|atk|2
|
|-weather|Snowscape|[upkeep]
|upkeep
|turn|27
|
|t:|1769416111
|-end|p2a: Kingambit|fallen4|[silent]
|switch|p2a: Slowking|Slowking, F, tera:Fairy|100/100
|move|p1a: Pump It|Headlong Rush|p2a: Slowking
|-damage|p2a: Slowking|36/100
|-unboost|p1a: Pump It|def|1
|-unboost|p1a: Pump It|spd|1
|
|-weather|none
|upkeep
|turn|28
|
|t:|1769416117
|move|p1a: Pump It|Headlong Rush|p2a: Slowking
|-damage|p2a: Slowking|0 fnt
|-unboost|p1a: Pump It|def|1
|-unboost|p1a: Pump It|spd|1
|faint|p2a: Slowking
|
|upkeep
|
|t:|1769416120
|switch|p2a: Kingambit|Kingambit, F|100/100
|-activate|p2a: Kingambit|ability: Supreme Overlord
|-start|p2a: Kingambit|fallen5|[silent]
|turn|29
|
|t:|1769416132
|-end|p1a: Pump It|Protosynthesis|[silent]
|switch|p1a: Mindreader|Iron Crown|44/100
|move|p2a: Kingambit|Swords Dance|p2a: Kingambit
|-boost|p2a: Kingambit|atk|2
|
|upkeep
|turn|30
|
|t:|1769416137
|move|p2a: Kingambit|Sucker Punch|p1a: Mindreader
|-supereffective|p1a: Mindreader
|-damage|p1a: Mindreader|0 fnt
|faint|p1a: Mindreader
|-end|p1a: Mindreader|Quark Drive|[silent]
|
|upkeep
|
|t:|1769416140
|switch|p1a: Pump It|Great Tusk|100/100
|turn|31
|
|t:|1769416144
|move|p1a: Pump It|Headlong Rush|p2a: Kingambit
|-supereffective|p2a: Kingambit
|-damage|p2a: Kingambit|0 fnt
|-unboost|p1a: Pump It|def|1
|-unboost|p1a: Pump It|spd|1
|faint|p2a: Kingambit
|-end|p2a: Kingambit|fallen5|[silent]
|
|win|pouill
|raw|pouill's rating: 1498 &rarr; <strong>1518</strong><br />(+20 for winning)
|raw|fluffycool's rating: 1504 &rarr; <strong>1484</strong><br />(-20 for losing)
|l|☆pouill
|player|p1|
