|j|☆levraiprodewich
|j|☆kooopooolooo
|t:|1769443562
|gametype|singles
|player|p1|levraiprodewich|medium|1325
|player|p2|kooopooolooo|170|1361
|gen|9
|tier|[Gen 9] OU
|rated|
|rule|HP Percentage Mod: HP is shown in percentages
|rule|Endless Battle Clause: Forcing endless battles is banned
|rule|Species Clause: Limit one of each Pokémon
|rule|OHKO Clause: OHKO moves are banned
|rule|Evasion Items Clause: Evasion items are banned
|rule|Evasion Moves Clause: Evasion moves are banned
|rule|Evasion Abilities Clause: Evasion abilities are banned
|rule|Sleep Moves Clause: Sleep-inducing moves are banned
|clearpoke
|poke|p1|Landorus-Therian, M|
|poke|p1|Kingambit, F|
|poke|p1|Dragapult, F|
|poke|p1|Iron Valiant|
|poke|p1|Ogerpon-Wellspring, F|
|poke|p1|Iron Moth|
|poke|p2|Lokix, M|
|poke|p2|Alomomola, M|
|poke|p2|Excadrill, M|
|poke|p2|Tyranitar, M|
|poke|p2|Dragapult, M|
|poke|p2|Zapdos|
|teampreview
|inactive|Battle timer is ON: inactive players will automatically lose when time's up. (requested by levraiprodewich)
|
|t:|1769443572
|teamsize|p1|6
|teamsize|p2|6
|start
|switch|p1a: Ogerpon|Ogerpon-Wellspring, F|100/100
|switch|p2a: Alomomola|Alomomola, M|100/100
|turn|1
|
|t:|1769443590
|switch|p1a: Landorus|Landorus-Therian, M|100/100
|-ability|p1a: Landorus|Intimidate|boost
|-unboost|p2a: Alomomola|atk|1
|switch|p2a: Zapdos|Zapdos|100/100
|
|upkeep
|turn|2
|
|t:|1769443597
|move|p1a: Landorus|Stone Edge|p2a: Zapdos
|-supereffective|p2a: Zapdos
|-damage|p2a: Zapdos|31/100
|move|p2a: Zapdos|U-turn|p1a: Landorus
|-resisted|p1a: Landorus
|-damage|p1a: Landorus|93/100
|-damage|p2a: Zapdos|15/100|[from] item: Rocky Helmet|[of] p1a: Landorus
|
|t:|1769443604
|switch|p2a: Alomomola|Alomomola, M|100/100|[from] U-turn
|
|upkeep
|turn|3
|
|t:|1769443609
|switch|p2a: Lokix|Lokix, M|100/100
|move|p1a: Landorus|U-turn|p2a: Lokix
|-supereffective|p2a: Lokix
|-damage|p2a: Lokix|16/100
|
|t:|1769443613
|switch|p1a: Kingambit|Kingambit, F, shiny|100/100|[from] U-turn
|
|upkeep
|turn|4
|
|t:|1769443618
|move|p2a: Lokix|U-turn|p1a: Kingambit
|-damage|p1a: Kingambit|68/100
|
|t:|1769443621
|switch|p2a: Alomomola|Alomomola, M|100/100|[from] U-turn
|move|p1a: Kingambit|Iron Head|p2a: Alomomola
|-resisted|p2a: Alomomola
|-damage|p2a: Alomomola|87/100
|
|upkeep
|turn|5
|
|t:|1769443625
|-end|p1a: Kingambit|fallenundefined|[silent]
|switch|p1a: Ogerpon|Ogerpon-Wellspring, F|100/100
|move|p2a: Alomomola|Wish|p2a: Alomomola
|
|upkeep
|turn|6
|
|t:|1769443630
|switch|p2a: Dragapult|Dragapult, M|100/100
|move|p1a: Ogerpon|Power Whip|p2a: Dragapult
|-resisted|p2a: Dragapult
|-damage|p2a: Dragapult|54/100
|
|-heal|p2a: Dragapult|100/100|[from] move: Wish|[wisher] Alomomola
|upkeep
|turn|7
|
|t:|1769443641
|switch|p1a: Kingambit|Kingambit, F, shiny|68/100
|move|p2a: Dragapult|Shadow Ball|p1a: Kingambit
|-resisted|p1a: Kingambit
|-damage|p1a: Kingambit|38/100
|
|upkeep
|turn|8
|
|t:|1769443659
|switch|p2a: Alomomola|Alomomola, M|100/100
|move|p1a: Kingambit|Kowtow Cleave|p2a: Alomomola
|-damage|p2a: Alomomola|68/100
|
|upkeep
|turn|9
|
|t:|1769443673
|-end|p1a: Kingambit|fallenundefined|[silent]
|switch|p1a: Ogerpon|Ogerpon-Wellspring, F|100/100
|switch|p2a: Zapdos|Zapdos|15/100
|
|upkeep
|turn|10
|
|t:|1769443680
|move|p1a: Ogerpon|Ivy Cudgel|p2a: Zapdos|[anim] Ivy Cudgel Water
|-damage|p2a: Zapdos|0 fnt
|faint|p2a: Zapdos
|
|upkeep
|
|t:|1769443684
|switch|p2a: Lokix|Lokix, M|16/100
|turn|11
|
|t:|1769443690
|switch|p1a: Landorus|Landorus-Therian, M|93/100
|-ability|p1a: Landorus|Intimidate|boost
|-unboost|p2a: Lokix|atk|1
|switch|p2a: Dragapult|Dragapult, M|100/100
|
|upkeep
|turn|12
|
|t:|1769443696
|move|p2a: Dragapult|Shadow Ball|p1a: Landorus
|-damage|p1a: Landorus|26/100
|move|p1a: Landorus|U-turn|p2a: Dragapult
|-resisted|p2a: Dragapult
|-damage|p2a: Dragapult|82/100
|
|t:|1769443702
|switch|p1a: Kingambit|Kingambit, F, shiny|38/100|[from] U-turn
|
|upkeep
|turn|13
|
|t:|1769443706
|switch|p2a: Alomomola|Alomomola, M|100/100
|-end|p1a: Kingambit|fallenundefined|[silent]
|switch|p1a: Ogerpon|Ogerpon-Wellspring, F|100/100
|
|upkeep
|turn|14
|
|t:|1769443714
|move|p2a: Alomomola|Protect|p2a: Alomomola
|-singleturn|p2a: Alomomola|Protect
|move|p1a: Ogerpon|Power Whip|p2a: Alomomola
|-activate|p2a: Alomomola|move: Protect
|
|upkeep
|turn|15
|
|t:|1769443721
|switch|p2a: Dragapult|Dragapult, M|82/100
|move|p1a: Ogerpon|Power Whip|p2a: Dragapult
|-resisted|p2a: Dragapult
|-damage|p2a: Dragapult|34/100
|
|upkeep
|turn|16
|
|t:|1769443731
|-terastallize|p1a: Ogerpon|Water
|detailschange|p1a: Ogerpon|Ogerpon-Wellspring-Tera, F, tera:Water
|-ability|p1a: Ogerpon|Embody Aspect (Wellspring)|boost
|-boost|p1a: Ogerpon|spd|1
|move|p2a: Dragapult|U-turn|p1a: Ogerpon
|-damage|p1a: Ogerpon|79/100
|
|t:|1769443739
|switch|p2a: Alomomola|Alomomola, M|100/100|[from] U-turn
|move|p1a: Ogerpon|Play Rough|p2a: Alomomola
|-damage|p2a: Alomomola|81/100
|
|upkeep
|turn|17
|
|t:|1769443747
|move|p1a: Ogerpon|Swords Dance|p1a: Ogerpon
|-boost|p1a: Ogerpon|atk|2
|move|p2a: Alomomola|Wish|p2a: Alomomola
|
|upkeep
|turn|18
|
|t:|1769443752
|move|p1a: Ogerpon|Power Whip|p2a: Alomomola
|-supereffective|p2a: Alomomola
|-damage|p2a: Alomomola|0 fnt
|faint|p2a: Alomomola
|
|upkeep
|
|t:|1769443755
|switch|p2a: Lokix|Lokix, M|16/100
|turn|19
|
|t:|1769443764
|switch|p1a: Landorus|Landorus-Therian, M|26/100
|-ability|p1a: Landorus|Intimidate|boost
|-unboost|p2a: Lokix|atk|1
|move|p2a: Lokix|First Impression|p1a: Landorus
|-resisted|p1a: Landorus
|-damage|p1a: Landorus|0 fnt
|-damage|p2a: Lokix|0 fnt|[from] item: Rocky Helmet|[of] p1a: Landorus
|faint|p1a: Landorus
|faint|p2a: Lokix
|
|upkeep
|
|t:|1769443774
|switch|p1a: Iron Valiant|Iron Valiant|100/100
|switch|p2a: Tyranitar|Tyranitar, M|100/100
|-weather|Sandstorm|[from] ability: Sand Stream|[of] p2a: Tyranitar
|-enditem|p1a: Iron Valiant|Booster Energy
|-activate|p1a: Iron Valiant|ability: Quark Drive|[fromitem]
|-start|p1a: Iron Valiant|quarkdrivespe
|turn|20
|
|t:|1769443787
|switch|p2a: Dragapult|Dragapult, M|34/100
|move|p1a: Iron Valiant|Knock Off|p2a: Dragapult
|-supereffective|p2a: Dragapult
|-damage|p2a: Dragapult|0 fnt
|-enditem|p2a: Dragapult|Choice Specs|[from] move: Knock Off|[of] p1a: Iron Valiant
|faint|p2a: Dragapult
|
|-weather|Sandstorm|[upkeep]
|-damage|p1a: Iron Valiant|94/100|[from] Sandstorm
|upkeep
|
|t:|1769443793
|switch|p2a: Excadrill|Excadrill, M|100/100
|turn|21
|
|t:|1769443796
|move|p2a: Excadrill|Iron Head|p1a: Iron Valiant
|-supereffective|p1a: Iron Valiant
|-damage|p1a: Iron Valiant|5/100
|cant|p1a: Iron Valiant|flinch
|
|-weather|Sandstorm|[upkeep]
|-damage|p1a: Iron Valiant|0 fnt|[from] Sandstorm
|faint|p1a: Iron Valiant
|-end|p1a: Iron Valiant|Quark Drive|[silent]
|upkeep
|
|t:|1769443803
|switch|p1a: Kingambit|Kingambit, F, shiny|38/100
|-activate|p1a: Kingambit|ability: Supreme Overlord
|-start|p1a: Kingambit|fallen2|[silent]
|turn|22
|
|t:|1769443807
|move|p1a: Kingambit|Sucker Punch|p2a: Excadrill
|-damage|p2a: Excadrill|18/100
|move|p2a: Excadrill|High Horsepower|p1a: Kingambit
|-supereffective|p1a: Kingambit
|-damage|p1a: Kingambit|0 fnt
|faint|p1a: Kingambit
|-end|p1a: Kingambit|fallen2|[silent]
|
|-weather|Sandstorm|[upkeep]
|upkeep
|
|t:|1769443813
|switch|p1a: Dragapult|Dragapult, F|100/100
|turn|23
|
|t:|1769443816
|switch|p2a: Tyranitar|Tyranitar, M|100/100
|move|p1a: Dragapult|Flamethrower|p2a: Tyranitar
|-resisted|p2a: Tyranitar
|-damage|p2a: Tyranitar|87/100
|
|-weather|Sandstorm|[upkeep]
|-damage|p1a: Dragapult|95/100|[from] Sandstorm
|-heal|p2a: Tyranitar|93/100|[from] item: Leftovers
|upkeep
|turn|24
|
|t:|1769443823
|switch|p1a: Iron Moth|Iron Moth|100/100
|-enditem|p1a: Iron Moth|Booster Energy
|-activate|p1a: Iron Moth|ability: Quark Drive|[fromitem]
|-start|p1a: Iron Moth|quarkdrivespe
|move|p2a: Tyranitar|Stone Edge|p1a: Iron Moth
|-supereffective|p1a: Iron Moth
|-damage|p1a: Iron Moth|0 fnt
|faint|p1a: Iron Moth
|-end|p1a: Iron Moth|Quark Drive|[silent]
|
|-weather|none
|-heal|p2a: Tyranitar|99/100|[from] item: Leftovers
|upkeep
|
|t:|1769443826
|switch|p1a: Ogerpon|Ogerpon-Wellspring-Tera, F, tera:Water|79/100
|-ability|p1a: Ogerpon|Embody Aspect (Wellspring)|boost
|-boost|p1a: Ogerpon|spd|1
|turn|25
|
|t:|1769443835
|-terastallize|p2a: Tyranitar|Water
|move|p1a: Ogerpon|Ivy Cudgel|p2a: Tyranitar|[anim] Ivy Cudgel Water
|-resisted|p2a: Tyranitar
|-crit|p2a: Tyranitar
|-damage|p2a: Tyranitar|38/100
|move|p2a: Tyranitar|Stone Edge|p1a: Ogerpon
|-damage|p1a: Ogerpon|0 fnt
|faint|p1a: Ogerpon
|detailschange|p1: Ogerpon|Ogerpon-Wellspring, F|[silent]
|
|-heal|p2a: Tyranitar|44/100|[from] item: Leftovers
|upkeep
|
|t:|1769443837
|switch|p1a: Dragapult|Dragapult, F|95/100
|turn|26
|
|t:|1769443850
|switch|p2a: Excadrill|Excadrill, M|18/100
|move|p1a: Dragapult|Draco Meteor|p2a: Excadrill
|-resisted|p2a: Excadrill
|-damage|p2a: Excadrill|0 fnt
|-unboost|p1a: Dragapult|spa|2
|faint|p2a: Excadrill
|
|upkeep
|
|t:|1769443853
|switch|p2a: Tyranitar|Tyranitar, M, tera:Water|44/100
|-weather|Sandstorm|[from] ability: Sand Stream|[of] p2a: Tyranitar
|turn|27
|
|t:|1769443855
|move|p1a: Dragapult|Draco Meteor|p2a: Tyranitar
|-damage|p2a: Tyranitar|3/100
|-unboost|p1a: Dragapult|spa|2
|move|p2a: Tyranitar|Knock Off|p1a: Dragapult
|-supereffective|p1a: Dragapult
|-damage|p1a: Dragapult|0 fnt
|-enditem|p1a: Dragapult|Choice Specs|[from] move: Knock Off|[of] p2a: Tyranitar
|faint|p1a: Dragapult
|
|win|kooopooolooo
|raw|levraiprodewich's rating: 1325 &rarr; <strong>1307</strong><br />(-18 for losing)
|raw|kooopooolooo's rating: 1361 &rarr; <strong>1379</strong><br />(+18 for winning)
