|j|☆charizardsglock
|j|☆trash alts
|t:|1769297180
|gametype|singles
|player|p1|charizardsglock|clerk-boss|1000
|player|p2|trash alts|koga-gen1rb|1000
|gen|9
|tier|[Gen 9] OU
|rated|
|rule|HP Percentage Mod: HP is shown in percentages
|rule|Endless Battle Clause: Forcing endless battles is banned
|rule|Species Clause: Limit one of each Pokémon
|rule|OHKO Clause: OHKO moves are banned
|rule|Evasion Items Clause: Evasion items are banned
|rule|Evasion Moves Clause: Evasion moves are banned
|rule|Evasion Abilities Clause: Evasion abilities are banned
|rule|Sleep Moves Clause: Sleep-inducing moves are banned
|clearpoke
|poke|p1|Skeledirge, M|
|poke|p1|Ting-Lu|
|poke|p1|Zamazenta-*|
|poke|p1|Enamorus-Therian, F|
|poke|p1|Pecharunt|
|poke|p1|Dondozo, F|
|poke|p2|Ogerpon-Wellspring, F|
|poke|p2|Kingambit, F|
|poke|p2|Landorus-Therian, M|
|poke|p2|Glimmora, M|
|poke|p2|Dragapult, F|
|poke|p2|Iron Valiant|
|teampreview
|inactive|Battle timer is ON: inactive players will automatically lose when time's up. (requested by trash alts)
|
|t:|1769297190
|teamsize|p1|6
|teamsize|p2|6
|start
|switch|p1a: Ting-Lu|Ting-Lu|100/100
|switch|p2a: Landorus|Landorus-Therian, M|100/100
|-ability|p2a: Landorus|Intimidate|boost
|-unboost|p1a: Ting-Lu|atk|1
|-ability|p1a: Ting-Lu|Vessel of Ruin
|turn|1
|
|t:|1769297194
|move|p2a: Landorus|Taunt|p1a: Ting-Lu
|-start|p1a: Ting-Lu|move: Taunt
|move|p1a: Ting-Lu|Ruination|p2a: Landorus
|-damage|p2a: Landorus|51/100
|
|upkeep
|turn|2
|
|t:|1769297199
|move|p2a: Landorus|Stealth Rock|p1a: Ting-Lu
|-sidestart|p1: charizardsglock|move: Stealth Rock
|move|p1a: Ting-Lu|Ruination|p2a: Landorus
|-damage|p2a: Landorus|26/100
|
|upkeep
|turn|3
|
|t:|1769297204
|move|p2a: Landorus|Earthquake|p1a: Ting-Lu
|-damage|p1a: Ting-Lu|77/100
|move|p1a: Ting-Lu|Ruination|p2a: Landorus
|-damage|p2a: Landorus|13/100
|
|-end|p1a: Ting-Lu|move: Taunt
|upkeep
|turn|4
|
|t:|1769297211
|move|p2a: Landorus|Taunt|p1a: Ting-Lu
|-start|p1a: Ting-Lu|move: Taunt
|move|p1a: Ting-Lu|Heavy Slam|p2a: Landorus
|-damage|p2a: Landorus|0 fnt
|-damage|p1a: Ting-Lu|60/100|[from] item: Rocky Helmet|[of] p2a: Landorus
|faint|p2a: Landorus
|
|upkeep
|
|t:|1769297221
|switch|p2a: Ogerpon|Ogerpon-Wellspring, F|100/100
|turn|5
|
|t:|1769297229
|switch|p1a: Enamorus|Enamorus-Therian, F|100/100
|-damage|p1a: Enamorus|76/100|[from] Stealth Rock
|move|p2a: Ogerpon|U-turn|p1a: Enamorus
|-resisted|p1a: Enamorus
|-damage|p1a: Enamorus|69/100
|
|t:|1769297234
|switch|p2a: Glimmora|Glimmora, M|100/100|[from] U-turn
|
|-heal|p1a: Enamorus|75/100|[from] item: Leftovers
|upkeep
|turn|6
|
|t:|1769297242
|switch|p1a: Ting-Lu|Ting-Lu|60/100
|-damage|p1a: Ting-Lu|54/100|[from] Stealth Rock
|-ability|p1a: Ting-Lu|Vessel of Ruin
|move|p2a: Glimmora|Meteor Beam||[still]
|-prepare|p2a: Glimmora|Meteor Beam
|-boost|p2a: Glimmora|spa|1
|-enditem|p2a: Glimmora|Power Herb
|-anim|p2a: Glimmora|Meteor Beam|p1a: Ting-Lu
|-resisted|p1a: Ting-Lu
|-crit|p1a: Ting-Lu
|-damage|p1a: Ting-Lu|23/100
|
|upkeep
|turn|7
|
|t:|1769297248
|move|p2a: Glimmora|Spikes|p1a: Ting-Lu
|-sidestart|p1: charizardsglock|Spikes
|move|p1a: Ting-Lu|Earthquake|p2a: Glimmora
|-supereffective|p2a: Glimmora
|-damage|p2a: Glimmora|0 fnt
|-activate|p2a: Glimmora|ability: Toxic Debris
|-sidestart|p1: charizardsglock|move: Toxic Spikes
|faint|p2a: Glimmora
|
|upkeep
|
|t:|1769297255
|switch|p2a: Ogerpon|Ogerpon-Wellspring, F|100/100
|turn|8
|
|t:|1769297262
|move|p2a: Ogerpon|Horn Leech|p1a: Ting-Lu
|-supereffective|p1a: Ting-Lu
|-damage|p1a: Ting-Lu|0 fnt
|faint|p1a: Ting-Lu
|
|upkeep
|
|t:|1769297267
|switch|p1a: Enamorus|Enamorus-Therian, F|75/100
|-damage|p1a: Enamorus|51/100|[from] Stealth Rock
|turn|9
|
|t:|1769297275
|move|p2a: Ogerpon|Ivy Cudgel|p1a: Enamorus|[anim] Ivy Cudgel Water
|-damage|p1a: Enamorus|0 fnt
|faint|p1a: Enamorus
|
|upkeep
|
|t:|1769297280
|switch|p1a: Pecharunt|Pecharunt|100/100
|-damage|p1a: Pecharunt|88/100|[from] Stealth Rock
|-damage|p1a: Pecharunt|76/100|[from] Spikes
|-sideend|p1: charizardsglock|move: Toxic Spikes|[of] p1a: Pecharunt
|turn|10
|
|t:|1769297286
|move|p2a: Ogerpon|U-turn|p1a: Pecharunt
|-resisted|p1a: Pecharunt
|-damage|p1a: Pecharunt|71/100
|
|t:|1769297289
|switch|p2a: Kingambit|Kingambit, F|100/100|[from] U-turn
|-activate|p2a: Kingambit|ability: Supreme Overlord
|-start|p2a: Kingambit|fallen2|[silent]
|move|p1a: Pecharunt|Malignant Chain|p2a: Kingambit
|-immune|p2a: Kingambit
|
|-heal|p1a: Pecharunt|77/100|[from] item: Leftovers
|upkeep
|turn|11
|
|t:|1769297295
|move|p1a: Pecharunt|Parting Shot|p2a: Kingambit
|-unboost|p2a: Kingambit|atk|1
|-unboost|p2a: Kingambit|spa|1
|
|t:|1769297298
|switch|p1a: Zamazenta|Zamazenta|100/100|[from] Parting Shot
|-damage|p1a: Zamazenta|94/100|[from] Stealth Rock
|-damage|p1a: Zamazenta|82/100|[from] Spikes
|-ability|p1a: Zamazenta|Dauntless Shield|boost
|-boost|p1a: Zamazenta|def|1
|move|p2a: Kingambit|Kowtow Cleave|p1a: Zamazenta
|-resisted|p1a: Zamazenta
|-damage|p1a: Zamazenta|71/100
|
|-heal|p1a: Zamazenta|77/100|[from] item: Leftovers
|upkeep
|turn|12
|
|t:|1769297301
|-end|p2a: Kingambit|fallen2|[silent]
|switch|p2a: Iron Valiant|Iron Valiant|100/100
|-enditem|p2a: Iron Valiant|Booster Energy
|-activate|p2a: Iron Valiant|ability: Quark Drive|[fromitem]
|-start|p2a: Iron Valiant|quarkdrivespe
|move|p1a: Zamazenta|Iron Defense|p1a: Zamazenta
|-boost|p1a: Zamazenta|def|2
|
|-heal|p1a: Zamazenta|83/100|[from] item: Leftovers
|upkeep
|turn|13
|
|t:|1769297307
|-terastallize|p1a: Zamazenta|Steel
|move|p2a: Iron Valiant|Encore|p1a: Zamazenta
|-start|p1a: Zamazenta|Encore
|move|p1a: Zamazenta|Iron Defense|p1a: Zamazenta
|-boost|p1a: Zamazenta|def|2
|
|-heal|p1a: Zamazenta|90/100|[from] item: Leftovers
|upkeep
|turn|14
|
|t:|1769297312
|-end|p2a: Iron Valiant|Quark Drive|[silent]
|switch|p2a: Dragapult|Dragapult, F|100/100
|move|p1a: Zamazenta|Iron Defense|p1a: Zamazenta
|-boost|p1a: Zamazenta|def|1
|
|-heal|p1a: Zamazenta|96/100|[from] item: Leftovers
|upkeep
|turn|15
|
|t:|1769297315
|move|p2a: Dragapult|Flamethrower|p1a: Zamazenta
|-supereffective|p1a: Zamazenta
|-damage|p1a: Zamazenta|31/100
|move|p1a: Zamazenta|Iron Defense|p1a: Zamazenta
|-boost|p1a: Zamazenta|def|0
|
|-heal|p1a: Zamazenta|38/100|[from] item: Leftovers
|-end|p1a: Zamazenta|Encore
|upkeep
|turn|16
|
|t:|1769297320
|move|p2a: Dragapult|Flamethrower|p1a: Zamazenta
|-supereffective|p1a: Zamazenta
|-damage|p1a: Zamazenta|0 fnt
|faint|p1a: Zamazenta
|
|upkeep
|-message|charizardsglock forfeited.
|
|win|trash alts
|raw|charizardsglock's rating: 1000 &rarr; <strong>1000</strong><br />(+0 for losing)
|raw|trash alts's rating: 1000 &rarr; <strong>1040</strong><br />(+40 for winning)
|l|☆charizardsglock
|player|p1|
