|j|☆Goofy time67
|j|☆kiryukyosuke923
|t:|1769338819
|gametype|singles
|player|p1|Goofy time67|1|1173
|player|p2|kiryukyosuke923|marlon|1164
|gen|9
|tier|[Gen 9] OU
|rated|
|rule|HP Percentage Mod: HP is shown in percentages
|rule|Endless Battle Clause: Forcing endless battles is banned
|rule|Species Clause: Limit one of each Pokémon
|rule|OHKO Clause: OHKO moves are banned
|rule|Evasion Items Clause: Evasion items are banned
|rule|Evasion Moves Clause: Evasion moves are banned
|rule|Evasion Abilities Clause: Evasion abilities are banned
|rule|Sleep Moves Clause: Sleep-inducing moves are banned
|clearpoke
|poke|p1|Skarmory, F|
|poke|p1|Slowking-Galar, F|
|poke|p1|Kyurem|
|poke|p1|Great Tusk|
|poke|p1|Tornadus-Therian, M|
|poke|p1|Regigigas|
|poke|p2|Blissey, F|
|poke|p2|Dondozo, F|
|poke|p2|Gliscor, M|
|poke|p2|Toxapex, M|
|poke|p2|Clefable, M|
|poke|p2|Clodsire, M|
|teampreview
|inactive|Battle timer is ON: inactive players will automatically lose when time's up. (requested by Goofy time67)
|
|t:|1769338842
|teamsize|p1|6
|teamsize|p2|6
|start
|switch|p1a: Tornadus|Tornadus-Therian, M|100/100
|switch|p2a: Blissey|Blissey, F|100/100
|turn|1
|
|t:|1769338847
|move|p1a: Tornadus|Knock Off|p2a: Blissey
|-damage|p2a: Blissey|74/100
|-enditem|p2a: Blissey|Heavy-Duty Boots|[from] move: Knock Off|[of] p1a: Tornadus
|-damage|p1a: Tornadus|90/100|[from] item: Life Orb
|move|p2a: Blissey|Stealth Rock|p1a: Tornadus
|-sidestart|p1: Goofy time67|move: Stealth Rock
|
|upkeep
|turn|2
|c|☆Goofy time67|Oh great such skill
|
|t:|1769338876
|move|p1a: Tornadus|Hurricane|p2a: Blissey
|-damage|p2a: Blissey|57/100
|-damage|p1a: Tornadus|80/100|[from] item: Life Orb
|move|p2a: Blissey|Soft-Boiled|p2a: Blissey
|-heal|p2a: Blissey|100/100
|
|upkeep
|turn|3
|
|t:|1769338882
|move|p1a: Tornadus|Knock Off|p2a: Blissey
|-damage|p2a: Blissey|82/100
|-damage|p1a: Tornadus|70/100|[from] item: Life Orb
|move|p2a: Blissey|Shadow Ball|p1a: Tornadus
|-damage|p1a: Tornadus|54/100
|
|upkeep
|turn|4
|
|t:|1769338890
|move|p1a: Tornadus|U-turn|p2a: Blissey
|-damage|p2a: Blissey|62/100
|-damage|p1a: Tornadus|44/100|[from] item: Life Orb
|
|t:|1769338896
|switch|p1a: Skarmory|Skarmory, F|100/100|[from] U-turn
|-damage|p1a: Skarmory|88/100|[from] Stealth Rock
|move|p2a: Blissey|Shadow Ball|p1a: Skarmory
|-damage|p1a: Skarmory|74/100
|
|upkeep
|turn|5
|
|t:|1769338902
|move|p1a: Skarmory|Spikes|p2a: Blissey
|-sidestart|p2: kiryukyosuke923|Spikes
|move|p2a: Blissey|Soft-Boiled|p2a: Blissey
|-heal|p2a: Blissey|100/100
|
|upkeep
|turn|6
|
|t:|1769338918
|move|p1a: Skarmory|Spikes|p2a: Blissey
|-sidestart|p2: kiryukyosuke923|Spikes
|move|p2a: Blissey|Shadow Ball|p1a: Skarmory
|-damage|p1a: Skarmory|62/100
|
|upkeep
|turn|7
|
|t:|1769338921
|move|p1a: Skarmory|Spikes|p2a: Blissey
|-sidestart|p2: kiryukyosuke923|Spikes
|move|p2a: Blissey|Shadow Ball|p1a: Skarmory
|-damage|p1a: Skarmory|47/100
|
|upkeep
|turn|8
|
|t:|1769338926
|move|p1a: Skarmory|Roost|p1a: Skarmory
|-heal|p1a: Skarmory|97/100
|-singleturn|p1a: Skarmory|move: Roost
|move|p2a: Blissey|Shadow Ball|p1a: Skarmory
|-damage|p1a: Skarmory|83/100
|
|upkeep
|turn|9
|
|t:|1769338943
|move|p1a: Skarmory|Body Press|p2a: Blissey
|-supereffective|p2a: Blissey
|-damage|p2a: Blissey|46/100
|move|p2a: Blissey|Calm Mind|p2a: Blissey
|-boost|p2a: Blissey|spa|1
|-boost|p2a: Blissey|spd|1
|
|upkeep
|turn|10
|
|t:|1769338952
|switch|p2a: Clefable|Clefable, M|100/100
|move|p1a: Skarmory|Whirlwind|p2a: Clefable
|drag|p2a: Blissey|Blissey, F|46/100
|-damage|p2a: Blissey|21/100|[from] Spikes
|
|upkeep
|turn|11
|
|t:|1769338963
|switch|p1a: Tornadus|Tornadus-Therian, M|77/100
|-damage|p1a: Tornadus|52/100|[from] Stealth Rock
|move|p2a: Blissey|Soft-Boiled|p2a: Blissey
|-heal|p2a: Blissey|71/100
|
|upkeep
|turn|12
|
|t:|1769338969
|move|p1a: Tornadus|Knock Off|p2a: Blissey
|-damage|p2a: Blissey|53/100
|-damage|p1a: Tornadus|42/100|[from] item: Life Orb
|move|p2a: Blissey|Stealth Rock||[still]
|-fail|p2a: Blissey
|
|upkeep
|turn|13
|
|t:|1769338976
|move|p1a: Tornadus|U-turn|p2a: Blissey
|-damage|p2a: Blissey|33/100
|-damage|p1a: Tornadus|32/100|[from] item: Life Orb
|
|t:|1769338983
|switch|p1a: Skarmory|Skarmory, F|83/100|[from] U-turn
|-damage|p1a: Skarmory|71/100|[from] Stealth Rock
|move|p2a: Blissey|Soft-Boiled|p2a: Blissey
|-heal|p2a: Blissey|83/100
|
|upkeep
|turn|14
|
|t:|1769338991
|switch|p2a: Clodsire|Clodsire, M|100/100
|move|p1a: Skarmory|Whirlwind|p2a: Clodsire
|drag|p2a: Clefable|Clefable, M|100/100
|
|upkeep
|turn|15
|
|t:|1769339000
|switch|p1a: the king|Regigigas, shiny|100/100
|-damage|p1a: the king|88/100|[from] Stealth Rock
|-start|p1a: the king|ability: Slow Start
|move|p2a: Clefable|Knock Off|p1a: the king
|-damage|p1a: the king|77/100
|-enditem|p1a: the king|Leftovers|[from] move: Knock Off|[of] p2a: Clefable
|
|upkeep
|turn|16
|
|t:|1769339014
|move|p2a: Clefable|Moonblast|p1a: the king
|-damage|p1a: the king|53/100
|-unboost|p1a: the king|spa|1
|move|p1a: the king|Knock Off|p2a: Clefable
|-resisted|p2a: Clefable
|-damage|p2a: Clefable|93/100
|
|-damage|p1a: the king|40/100|[from] item: Sticky Barb
|upkeep
|turn|17
|
|t:|1769339026
|switch|p1a: Slowking|Slowking-Galar, F|100/100
|-damage|p1a: Slowking|88/100|[from] Stealth Rock
|move|p2a: Clefable|Calm Mind|p2a: Clefable
|-boost|p2a: Clefable|spa|1
|-boost|p2a: Clefable|spd|1
|
|-heal|p1a: Slowking|94/100|[from] item: Black Sludge
|upkeep
|turn|18
|
|t:|1769339031
|move|p2a: Clefable|Moonblast|p1a: Slowking
|-resisted|p1a: Slowking
|-damage|p1a: Slowking|78/100
|move|p1a: Slowking|Sludge Bomb|p2a: Clefable
|-supereffective|p2a: Clefable
|-damage|p2a: Clefable|48/100
|
|-heal|p1a: Slowking|84/100|[from] item: Black Sludge
|upkeep
|turn|19
|
|t:|1769339038
|move|p2a: Clefable|Moonlight|p2a: Clefable
|-heal|p2a: Clefable|98/100
|move|p1a: Slowking|Toxic Spikes|p2a: Clefable
|-sidestart|p2: kiryukyosuke923|move: Toxic Spikes
|
|-heal|p1a: Slowking|90/100|[from] item: Black Sludge
|upkeep
|turn|20
|
|t:|1769339045
|switch|p2a: Toxapex|Toxapex, M|100/100
|-sideend|p2: kiryukyosuke923|move: Toxic Spikes|[of] p2a: Toxapex
|move|p1a: Slowking|Future Sight|p2a: Toxapex
|-start|p1a: Slowking|move: Future Sight
|
|-heal|p1a: Slowking|96/100|[from] item: Black Sludge
|upkeep
|turn|21
|
|t:|1769339056
|switch|p1a: the king|Regigigas, shiny|40/100
|-damage|p1a: the king|28/100|[from] Stealth Rock
|-start|p1a: the king|ability: Slow Start
|move|p2a: Toxapex|Toxic Spikes|p1a: the king
|-sidestart|p1: Goofy time67|move: Toxic Spikes
|
|-damage|p1a: the king|16/100|[from] item: Sticky Barb
|upkeep
|turn|22
|
|t:|1769339072
|switch|p2a: Blissey|Blissey, F|83/100
|-damage|p2a: Blissey|58/100|[from] Spikes
|move|p1a: the king|Knock Off|p2a: Blissey
|-damage|p2a: Blissey|44/100
|
|-end|p2a: Blissey|move: Future Sight
|-damage|p2a: Blissey|27/100
|-damage|p1a: the king|3/100|[from] item: Sticky Barb
|upkeep
|turn|23
|
|t:|1769339078
|move|p1a: the king|Drain Punch|p2a: Blissey
|-supereffective|p2a: Blissey
|-crit|p2a: Blissey
|-damage|p2a: Blissey|0 fnt
|-heal|p1a: the king|25/100|[from] drain|[of] p2a: Blissey
|faint|p2a: Blissey
|
|-damage|p1a: the king|13/100|[from] item: Sticky Barb
|upkeep
|
|t:|1769339088
|switch|p2a: Gliscor|Gliscor, M|100/100
|turn|24
|
|t:|1769339098
|move|p2a: Gliscor|Swords Dance|p2a: Gliscor
|-boost|p2a: Gliscor|atk|2
|move|p1a: the king|Body Slam|p2a: Gliscor
|-damage|p2a: Gliscor|86/100
|-status|p2a: Gliscor|par
|
|-damage|p1a: the king|0 fnt|[from] item: Sticky Barb
|faint|p1a: the king
|upkeep
|
|t:|1769339107
|switch|p1a: Skarmory|Skarmory, F|71/100
|-damage|p1a: Skarmory|59/100|[from] Stealth Rock
|turn|25
|c|☆Goofy time67|Lol
|
|t:|1769339114
|move|p2a: Gliscor|Knock Off|p1a: Skarmory
|-damage|p1a: Skarmory|24/100
|-damage|p2a: Gliscor|69/100 par|[from] item: Rocky Helmet|[of] p1a: Skarmory
|-enditem|p1a: Skarmory|Rocky Helmet|[from] move: Knock Off|[of] p2a: Gliscor
|move|p1a: Skarmory|Whirlwind|p2a: Gliscor
|drag|p2a: Toxapex|Toxapex, M|100/100
|
|upkeep
|turn|26
|
|t:|1769339123
|move|p2a: Toxapex|Baneful Bunker|p2a: Toxapex
|-singleturn|p2a: Toxapex|move: Protect
|move|p1a: Skarmory|Roost|p1a: Skarmory
|-heal|p1a: Skarmory|74/100
|-singleturn|p1a: Skarmory|move: Roost
|
|upkeep
|turn|27
|
|t:|1769339133
|switch|p2a: Dondozo|Dondozo, F|100/100
|move|p1a: Skarmory|Whirlwind|p2a: Dondozo
|drag|p2a: Gliscor|Gliscor, M|69/100 par
|
|upkeep
|turn|28
|
|t:|1769339140
|move|p2a: Gliscor|Knock Off|p1a: Skarmory
|-damage|p1a: Skarmory|63/100
|move|p1a: Skarmory|Whirlwind|p2a: Gliscor
|drag|p2a: Clefable|Clefable, M|98/100
|
|upkeep
|turn|29
|
|t:|1769339149
|switch|p1a: Slowking|Slowking-Galar, F|100/100
|-damage|p1a: Slowking|88/100|[from] Stealth Rock
|-sideend|p1: Goofy time67|move: Toxic Spikes|[of] p1a: Slowking
|move|p2a: Clefable|Knock Off|p1a: Slowking
|-supereffective|p1a: Slowking
|-damage|p1a: Slowking|57/100
|-enditem|p1a: Slowking|Black Sludge|[from] move: Knock Off|[of] p2a: Clefable
|
|upkeep
|turn|30
|
|t:|1769339164
|switch|p2a: Gliscor|Gliscor, M|69/100 par
|move|p1a: Slowking|Future Sight|p2a: Gliscor
|-start|p1a: Slowking|move: Future Sight
|
|upkeep
|turn|31
|
|t:|1769339176
|switch|p1a: Skarmory|Skarmory, F|63/100
|-damage|p1a: Skarmory|50/100|[from] Stealth Rock
|move|p2a: Gliscor|Earthquake|p1a: Skarmory
|-immune|p1a: Skarmory
|
|upkeep
|turn|32
|
|t:|1769339193
|switch|p1a: Kyurem|Kyurem|100/100
|-ability|p1a: Kyurem|Pressure
|cant|p2a: Gliscor|par
|
|-end|p2a: Gliscor|move: Future Sight
|-damage|p2a: Gliscor|7/100 par
|upkeep
|turn|33
|
|t:|1769339201
|move|p1a: Kyurem|Freeze-Dry|p2a: Gliscor
|-supereffective|p2a: Gliscor
|-damage|p2a: Gliscor|0 fnt
|faint|p2a: Gliscor
|
|upkeep
|
|t:|1769339206
|switch|p2a: Clefable|Clefable, M|98/100
|turn|34
|
|t:|1769339213
|switch|p1a: Slowking|Slowking-Galar, F|90/100
|-damage|p1a: Slowking|77/100|[from] Stealth Rock
|move|p2a: Clefable|Moonblast|p1a: Slowking
|-resisted|p1a: Slowking
|-damage|p1a: Slowking|65/100
|
|upkeep
|turn|35
|
|t:|1769339228
|switch|p2a: Dondozo|Dondozo, F|100/100
|move|p1a: Slowking|Future Sight|p2a: Dondozo
|-start|p1a: Slowking|move: Future Sight
|
|upkeep
|turn|36
|
|t:|1769339237
|switch|p1a: Tornadus|Tornadus-Therian, M|65/100
|-damage|p1a: Tornadus|40/100|[from] Stealth Rock
|move|p2a: Dondozo|Curse|p2a: Dondozo
|-unboost|p2a: Dondozo|spe|1
|-boost|p2a: Dondozo|atk|1
|-boost|p2a: Dondozo|def|1
|
|upkeep
|turn|37
|
|t:|1769339243
|move|p1a: Tornadus|Grass Knot|p2a: Dondozo
|-supereffective|p2a: Dondozo
|-damage|p2a: Dondozo|24/100
|-damage|p1a: Tornadus|30/100|[from] item: Life Orb
|move|p2a: Dondozo|Waterfall|p1a: Tornadus
|-damage|p1a: Tornadus|0 fnt
|faint|p1a: Tornadus
|
|-end|p2a: Dondozo|move: Future Sight
|-damage|p2a: Dondozo|0 fnt
|faint|p2a: Dondozo
|upkeep
|
|t:|1769339266
|switch|p1a: Kyurem|Kyurem|100/100
|switch|p2a: Clodsire|Clodsire, M|100/100
|-ability|p1a: Kyurem|Pressure
|turn|38
|
|t:|1769339273
|move|p1a: Kyurem|Earth Power|p2a: Clodsire
|-supereffective|p2a: Clodsire
|-crit|p2a: Clodsire
|-damage|p2a: Clodsire|53/100
|move|p2a: Clodsire|Poison Jab|p1a: Kyurem
|-damage|p1a: Kyurem|80/100
|
|upkeep
|turn|39
|
|t:|1769339279
|move|p1a: Kyurem|Earth Power|p2a: Clodsire
|-supereffective|p2a: Clodsire
|-damage|p2a: Clodsire|20/100
|move|p2a: Clodsire|Recover|p2a: Clodsire
|-heal|p2a: Clodsire|70/100
|
|upkeep
|turn|40
|
|t:|1769339287
|switch|p1a: Great Tusk|Great Tusk|100/100
|-damage|p1a: Great Tusk|98/100|[from] Stealth Rock
|move|p2a: Clodsire|Recover|p2a: Clodsire
|-heal|p2a: Clodsire|100/100
|
|-heal|p1a: Great Tusk|100/100|[from] item: Leftovers
|upkeep
|turn|41
|
|t:|1769339293
|switch|p2a: Clefable|Clefable, M|98/100
|move|p1a: Great Tusk|Earthquake|p2a: Clefable
|-damage|p2a: Clefable|65/100
|
|upkeep
|turn|42
|
|t:|1769339302
|-terastallize|p1a: Great Tusk|Steel
|move|p1a: Great Tusk|Earthquake|p2a: Clefable
|-damage|p2a: Clefable|30/100
|move|p2a: Clefable|Moonlight|p2a: Clefable
|-heal|p2a: Clefable|80/100
|
|upkeep
|turn|43
|
|t:|1769339331
|move|p1a: Great Tusk|Earthquake|p2a: Clefable
|-damage|p2a: Clefable|49/100
|move|p2a: Clefable|Knock Off|p1a: Great Tusk
|-damage|p1a: Great Tusk|92/100
|-enditem|p1a: Great Tusk|Leftovers|[from] move: Knock Off|[of] p2a: Clefable
|
|upkeep
|turn|44
|
|t:|1769339337
|-end|p1a: Great Tusk|Protosynthesis|[silent]
|switch|p1a: Slowking|Slowking-Galar, F|98/100
|-damage|p1a: Slowking|86/100|[from] Stealth Rock
|move|p2a: Clefable|Moonlight|p2a: Clefable
|-heal|p2a: Clefable|99/100
|
|upkeep
|turn|45
|
|t:|1769339349
|switch|p2a: Toxapex|Toxapex, M|100/100
|move|p1a: Slowking|Future Sight|p2a: Toxapex
|-start|p1a: Slowking|move: Future Sight
|
|upkeep
|turn|46
|
|t:|1769339358
|switch|p1a: Great Tusk|Great Tusk, tera:Steel|92/100
|-damage|p1a: Great Tusk|86/100|[from] Stealth Rock
|move|p2a: Toxapex|Poison Jab|p1a: Great Tusk
|-immune|p1a: Great Tusk
|
|upkeep
|turn|47
|-message|kiryukyosuke923 forfeited.
|
|win|Goofy time67
|raw|Goofy time67's rating: 1173 &rarr; <strong>1197</strong><br />(+24 for winning)
|raw|kiryukyosuke923's rating: 1164 &rarr; <strong>1140</strong><br />(-24 for losing)
|l|☆kiryukyosuke923
|player|p2|
|l|☆Goofy time67
|player|p1|
