|j|☆caosheA
|j|☆thebugkid
|t:|1769319984
|gametype|singles
|player|p1|caosheA|n|1379
|player|p2|thebugkid|bugsy-gen2|1401
|gen|9
|tier|[Gen 9] OU
|rated|
|rule|HP Percentage Mod: HP is shown in percentages
|rule|Endless Battle Clause: Forcing endless battles is banned
|rule|Species Clause: Limit one of each Pokémon
|rule|OHKO Clause: OHKO moves are banned
|rule|Evasion Items Clause: Evasion items are banned
|rule|Evasion Moves Clause: Evasion moves are banned
|rule|Evasion Abilities Clause: Evasion abilities are banned
|rule|Sleep Moves Clause: Sleep-inducing moves are banned
|clearpoke
|poke|p1|Pelipper, F|
|poke|p1|Tornadus-Therian, M|
|poke|p1|Iron Treads|
|poke|p1|Dragapult, F|
|poke|p1|Keldeo-Resolute|
|poke|p1|Raging Bolt|
|poke|p2|Great Tusk|
|poke|p2|Venusaur, M|
|poke|p2|Kingambit, M|
|poke|p2|Walking Wake|
|poke|p2|Ninetales, M|
|poke|p2|Raging Bolt|
|teampreview
|inactive|Battle timer is ON: inactive players will automatically lose when time's up. (requested by caosheA)
|
|t:|1769319995
|teamsize|p1|6
|teamsize|p2|6
|start
|switch|p1a: 泥头车|Iron Treads|100/100
|switch|p2a: buddy|Walking Wake|100/100
|turn|1
|inactive|thebugkid has 120 seconds left.
|
|t:|1769320036
|-end|p1a: 泥头车|Quark Drive|[silent]
|switch|p1a: 骑拉帝纳|Dragapult, F|100/100
|move|p2a: buddy|Flip Turn|p1a: 骑拉帝纳
|-resisted|p1a: 骑拉帝纳
|-damage|p1a: 骑拉帝纳|89/100
|inactive|thebugkid has 90 seconds left.
|
|t:|1769320066
|-end|p2a: buddy|Protosynthesis|[silent]
|switch|p2a: an|Kingambit, M, shiny|100/100|[from] Flip Turn
|-item|p2a: an|Air Balloon
|
|upkeep
|turn|2
|j| matiass892
|
|t:|1769320081
|-end|p2a: an|fallenundefined|[silent]
|switch|p2a: the|Ninetales, M, shiny|100/100
|-weather|SunnyDay|[from] ability: Drought|[of] p2a: the
|move|p1a: 骑拉帝纳|U-turn|p2a: the
|-resisted|p2a: the
|-damage|p2a: the|81/100
|
|t:|1769320088
|switch|p1a: 盖鸥卡|Pelipper, F|100/100|[from] U-turn
|-weather|RainDance|[from] ability: Drizzle|[of] p1a: 盖鸥卡
|
|-weather|RainDance|[upkeep]
|upkeep
|turn|3
|inactive|thebugkid has 90 seconds left.
|
|t:|1769320109
|switch|p2a: buddy|Walking Wake|100/100
|move|p1a: 盖鸥卡|Hurricane|p2a: buddy
|-damage|p2a: buddy|59/100
|-start|p2a: buddy|confusion
|
|-weather|RainDance|[upkeep]
|upkeep
|turn|4
|
|t:|1769320121
|-activate|p2a: buddy|confusion
|move|p2a: buddy|Draco Meteor|p1a: 盖鸥卡
|-damage|p1a: 盖鸥卡|0 fnt
|-unboost|p2a: buddy|spa|2
|faint|p1a: 盖鸥卡
|
|-weather|RainDance|[upkeep]
|upkeep
|
|t:|1769320141
|switch|p1a: 赛马娘|Keldeo-Resolute|100/100
|turn|5
|
|t:|1769320153
|-end|p2a: buddy|Protosynthesis|[silent]
|switch|p2a: the|Ninetales, M, shiny|81/100
|-weather|SunnyDay|[from] ability: Drought|[of] p2a: the
|move|p1a: 赛马娘|Secret Sword|p2a: the
|-damage|p2a: the|1/100
|
|-weather|SunnyDay|[upkeep]
|upkeep
|turn|6
|
|t:|1769320163
|switch|p2a: idiot|Venusaur, M, shiny|100/100
|move|p1a: 赛马娘|Secret Sword|p2a: idiot
|-resisted|p2a: idiot
|-damage|p2a: idiot|60/100
|
|-weather|SunnyDay|[upkeep]
|upkeep
|turn|7
|
|t:|1769320171
|switch|p1a: 骑拉帝纳|Dragapult, F|89/100
|move|p2a: idiot|Growth|p2a: idiot
|-boost|p2a: idiot|atk|2
|-boost|p2a: idiot|spa|2
|
|-weather|SunnyDay|[upkeep]
|upkeep
|turn|8
|
|t:|1769320179
|move|p2a: idiot|Weather Ball|p1a: 骑拉帝纳
|-resisted|p1a: 骑拉帝纳
|-damage|p1a: 骑拉帝纳|14/100
|-damage|p2a: idiot|50/100|[from] item: Life Orb
|move|p1a: 骑拉帝纳|Dragon Darts|p2a: idiot
|-damage|p2a: idiot|0 fnt
|faint|p2a: idiot
|
|-weather|SunnyDay|[upkeep]
|upkeep
|
|t:|1769320193
|switch|p2a: buddy|Walking Wake|59/100
|-activate|p2a: buddy|ability: Protosynthesis
|-start|p2a: buddy|protosynthesisspe
|turn|9
|
|t:|1769320206
|move|p2a: buddy|Hydro Steam|p1a: 骑拉帝纳
|-resisted|p1a: 骑拉帝纳
|-damage|p1a: 骑拉帝纳|0 fnt
|faint|p1a: 骑拉帝纳
|
|-weather|SunnyDay|[upkeep]
|upkeep
|
|t:|1769320212
|switch|p1a: 梦之泪伤|Raging Bolt|100/100
|-activate|p1a: 梦之泪伤|ability: Protosynthesis
|-start|p1a: 梦之泪伤|protosynthesisspa
|turn|10
|inactive|thebugkid has 120 seconds left.
|
|t:|1769320237
|-end|p2a: buddy|Protosynthesis|[silent]
|switch|p2a: ?|Great Tusk, shiny|100/100
|-activate|p2a: ?|ability: Protosynthesis
|-start|p2a: ?|protosynthesisatk
|move|p1a: 梦之泪伤|Thunderclap||[still]
|-fail|p1a: 梦之泪伤
|
|-weather|SunnyDay|[upkeep]
|upkeep
|turn|11
|inactive|thebugkid has 120 seconds left.
|
|t:|1769320251
|-end|p1a: 梦之泪伤|Protosynthesis|[silent]
|switch|p1a: 紫尾|Tornadus-Therian, M|100/100
|move|p2a: ?|Ice Spinner|p1a: 紫尾
|-supereffective|p1a: 紫尾
|-damage|p1a: 紫尾|6/100
|
|-weather|SunnyDay|[upkeep]
|upkeep
|turn|12
|inactive|thebugkid has 120 seconds left.
|
|t:|1769320270
|-terastallize|p2a: ?|Water
|move|p1a: 紫尾|Hurricane|p2a: ?
|-damage|p2a: ?|55/100
|move|p2a: ?|Rapid Spin|p1a: 紫尾
|-damage|p1a: 紫尾|0 fnt
|-boost|p2a: ?|spe|1
|faint|p1a: 紫尾
|
|-weather|none
|-end|p2a: ?|Protosynthesis
|upkeep
|
|t:|1769320288
|switch|p1a: 梦之泪伤|Raging Bolt|100/100
|-enditem|p1a: 梦之泪伤|Booster Energy
|-activate|p1a: 梦之泪伤|ability: Protosynthesis|[fromitem]
|-start|p1a: 梦之泪伤|protosynthesisspa
|turn|13
|inactive|thebugkid has 120 seconds left.
|
|t:|1769320306
|-end|p2a: ?|Protosynthesis|[silent]
|switch|p2a: the|Ninetales, M, shiny|1/100
|-weather|SunnyDay|[from] ability: Drought|[of] p2a: the
|move|p1a: 梦之泪伤|Thunderclap||[still]
|-fail|p1a: 梦之泪伤
|
|-weather|SunnyDay|[upkeep]
|upkeep
|turn|14
|inactive|thebugkid has 120 seconds left.
|
|t:|1769320313
|move|p2a: the|Encore|p1a: 梦之泪伤
|-start|p1a: 梦之泪伤|Encore
|move|p1a: 梦之泪伤|Thunderclap||[still]
|-fail|p1a: 梦之泪伤
|
|-weather|SunnyDay|[upkeep]
|upkeep
|turn|15
|
|t:|1769320320
|-end|p1a: 梦之泪伤|Protosynthesis|[silent]
|switch|p1a: 赛马娘|Keldeo-Resolute|100/100
|move|p2a: the|Healing Wish|p2a: the
|faint|p2a: the
|
|-weather|SunnyDay|[upkeep]
|upkeep
|inactive|thebugkid has 120 seconds left.
|
|t:|1769320338
|switch|p2a: why|Raging Bolt|100/100
|-activate|p2a: why|ability: Protosynthesis
|-start|p2a: why|protosynthesisspa
|turn|16
|inactive|thebugkid has 120 seconds left.
|
|t:|1769320348
|switch|p1a: 泥头车|Iron Treads|100/100
|move|p2a: why|Dragon Pulse|p1a: 泥头车
|-resisted|p1a: 泥头车
|-crit|p1a: 泥头车
|-damage|p1a: 泥头车|61/100
|
|-weather|SunnyDay|[upkeep]
|-heal|p1a: 泥头车|67/100|[from] item: Leftovers
|upkeep
|turn|17
|inactive|thebugkid has 120 seconds left.
|
|t:|1769320365
|-end|p2a: why|Protosynthesis|[silent]
|switch|p2a: ?|Great Tusk, shiny, tera:Water|55/100
|-heal|p2a: ?|100/100|[from] move: Healing Wish
|-activate|p2a: ?|ability: Protosynthesis
|-start|p2a: ?|protosynthesisatk
|move|p1a: 泥头车|Knock Off|p2a: ?
|-damage|p2a: ?|83/100
|-enditem|p2a: ?|Assault Vest|[from] move: Knock Off|[of] p1a: 泥头车
|
|-weather|SunnyDay|[upkeep]
|-heal|p1a: 泥头车|73/100|[from] item: Leftovers
|upkeep
|turn|18
|inactive|thebugkid has 120 seconds left.
|
|t:|1769320383
|move|p2a: ?|Headlong Rush|p1a: 泥头车
|-supereffective|p1a: 泥头车
|-damage|p1a: 泥头车|0 fnt
|-unboost|p2a: ?|def|1
|-unboost|p2a: ?|spd|1
|faint|p1a: 泥头车
|-end|p1a: 泥头车|Quark Drive|[silent]
|
|-weather|SunnyDay|[upkeep]
|upkeep
|
|t:|1769320389
|switch|p1a: 梦之泪伤|Raging Bolt|100/100
|-activate|p1a: 梦之泪伤|ability: Protosynthesis
|-start|p1a: 梦之泪伤|protosynthesisspa
|turn|19
|inactive|thebugkid has 120 seconds left.
|inactive|thebugkid has 90 seconds left.
|
|t:|1769320453
|-terastallize|p1a: 梦之泪伤|Bug
|move|p2a: ?|Headlong Rush|p1a: 梦之泪伤
|-resisted|p1a: 梦之泪伤
|-damage|p1a: 梦之泪伤|65/100
|-unboost|p2a: ?|def|1
|-unboost|p2a: ?|spd|1
|move|p1a: 梦之泪伤|Dragon Pulse|p2a: ?
|-damage|p2a: ?|0 fnt
|faint|p2a: ?
|-end|p2a: ?|Protosynthesis|[silent]
|
|-weather|SunnyDay|[upkeep]
|upkeep
|
|t:|1769320461
|switch|p2a: buddy|Walking Wake|59/100
|-activate|p2a: buddy|ability: Protosynthesis
|-start|p2a: buddy|protosynthesisspe
|turn|20
|
|t:|1769320466
|move|p1a: 梦之泪伤|Thunderclap|p2a: buddy
|-damage|p2a: buddy|0 fnt
|faint|p2a: buddy
|-end|p2a: buddy|Protosynthesis|[silent]
|
|-weather|none
|-end|p1a: 梦之泪伤|Protosynthesis
|upkeep
|
|t:|1769320470
|switch|p2a: why|Raging Bolt|100/100
|turn|21
|
|t:|1769320476
|move|p2a: why|Calm Mind|p2a: why
|-boost|p2a: why|spa|1
|-boost|p2a: why|spd|1
|move|p1a: 梦之泪伤|Dragon Pulse|p2a: why
|-supereffective|p2a: why
|-damage|p2a: why|37/100
|
|-heal|p2a: why|43/100|[from] item: Leftovers
|upkeep
|turn|22
|
|t:|1769320483
|move|p2a: why|Thunderclap|p1a: 梦之泪伤
|-damage|p1a: 梦之泪伤|11/100
|move|p1a: 梦之泪伤|Dragon Pulse|p2a: why
|-supereffective|p2a: why
|-damage|p2a: why|0 fnt
|faint|p2a: why
|-end|p2a: why|Protosynthesis|[silent]
|
|upkeep
|
|t:|1769320487
|switch|p2a: an|Kingambit, M, shiny|100/100
|-activate|p2a: an|ability: Supreme Overlord
|-start|p2a: an|fallen5|[silent]
|-item|p2a: an|Air Balloon
|turn|23
|
|t:|1769320494
|move|p1a: 梦之泪伤|Thunderclap||[still]
|-fail|p1a: 梦之泪伤
|move|p2a: an|Swords Dance|p2a: an
|-boost|p2a: an|atk|2
|
|upkeep
|turn|24
|
|t:|1769320500
|move|p2a: an|Sucker Punch|p1a: 梦之泪伤
|-damage|p1a: 梦之泪伤|0 fnt
|faint|p1a: 梦之泪伤
|-end|p1a: 梦之泪伤|Protosynthesis|[silent]
|
|upkeep
|
|t:|1769320502
|switch|p1a: 赛马娘|Keldeo-Resolute|100/100
|turn|25
|inactive|thebugkid has 120 seconds left.
|
|t:|1769320509
|move|p1a: 赛马娘|Vacuum Wave|p2a: an
|-supereffective|p2a: an
|-damage|p2a: an|0 fnt
|-enditem|p2a: an|Air Balloon
|faint|p2a: an
|-end|p2a: an|fallen5|[silent]
|
|win|caosheA
|raw|caosheA's rating: 1379 &rarr; <strong>1400</strong><br />(+21 for winning)
|raw|thebugkid's rating: 1401 &rarr; <strong>1380</strong><br />(-21 for losing)
|l| matiass892
|l|☆thebugkid
|player|p2|
|l|☆caosheA
|player|p1|
