|j|☆wenchaojiayang
|j|☆Obsidian Blue
|t:|1769346230
|gametype|singles
|player|p1|wenchaojiayang|169|1326
|player|p2|Obsidian Blue|alder|1347
|gen|9
|tier|[Gen 9] OU
|rated|
|rule|HP Percentage Mod: HP is shown in percentages
|rule|Endless Battle Clause: Forcing endless battles is banned
|rule|Species Clause: Limit one of each Pokémon
|rule|OHKO Clause: OHKO moves are banned
|rule|Evasion Items Clause: Evasion items are banned
|rule|Evasion Moves Clause: Evasion moves are banned
|rule|Evasion Abilities Clause: Evasion abilities are banned
|rule|Sleep Moves Clause: Sleep-inducing moves are banned
|clearpoke
|poke|p1|Clefable, M|
|poke|p1|Okidogi, M|
|poke|p1|Mew|
|poke|p1|Corviknight, F|
|poke|p1|Heatran, M|
|poke|p1|Indeedee-F, F|
|poke|p2|Great Tusk|
|poke|p2|Pecharunt|
|poke|p2|Iron Valiant|
|poke|p2|Iron Crown|
|poke|p2|Samurott-Hisui, M|
|poke|p2|Dragonite, M|
|teampreview
|inactive|Battle timer is ON: inactive players will automatically lose when time's up. (requested by Obsidian Blue)
|
|t:|1769346240
|teamsize|p1|6
|teamsize|p2|6
|start
|switch|p1a: Indeedee|Indeedee-F, F|100/100
|switch|p2a: Iron Crown|Iron Crown|100/100
|-fieldstart|move: Psychic Terrain|[from] ability: Psychic Surge|[of] p1a: Indeedee
|turn|1
|
|t:|1769346247
|move|p1a: Indeedee|Trick|p2a: Iron Crown
|-activate|p1a: Indeedee|move: Trick|[of] p2a: Iron Crown
|-item|p2a: Iron Crown|Choice Scarf|[from] move: Trick
|-item|p1a: Indeedee|Assault Vest|[from] move: Trick
|move|p2a: Iron Crown|Tachyon Cutter|p1a: Indeedee
|-damage|p1a: Indeedee|85/100
|-damage|p1a: Indeedee|70/100
|-hitcount|p1a: Indeedee|2
|
|upkeep
|turn|2
|
|t:|1769346265
|switch|p1a: Mew|Mew|100/100
|move|p2a: Iron Crown|Tachyon Cutter|p1a: Mew
|-damage|p1a: Mew|77/100
|-damage|p1a: Mew|53/100
|-hitcount|p1a: Mew|2
|
|upkeep
|turn|3
|
|t:|1769346281
|switch|p1a: Heatran|Heatran, M|100/100
|move|p2a: Iron Crown|Tachyon Cutter|p1a: Heatran
|-resisted|p1a: Heatran
|-damage|p1a: Heatran|97/100
|-resisted|p1a: Heatran
|-damage|p1a: Heatran|93/100
|-hitcount|p1a: Heatran|2
|
|-heal|p1a: Heatran|99/100|[from] item: Leftovers
|upkeep
|turn|4
|
|t:|1769346293
|-end|p2a: Iron Crown|Quark Drive|[silent]
|switch|p2a: Dragonite|Dragonite, M, shiny|100/100
|move|p1a: Heatran|Iron Defense|p1a: Heatran
|-boost|p1a: Heatran|def|2
|
|-heal|p1a: Heatran|100/100|[from] item: Leftovers
|upkeep
|turn|5
|
|t:|1769346302
|move|p2a: Dragonite|Earthquake|p1a: Heatran
|-supereffective|p1a: Heatran
|-damage|p1a: Heatran|38/100
|move|p1a: Heatran|Iron Defense|p1a: Heatran
|-boost|p1a: Heatran|def|2
|
|-heal|p1a: Heatran|44/100|[from] item: Leftovers
|-fieldend|move: Psychic Terrain
|upkeep
|turn|6
|
|t:|1769346317
|-terastallize|p1a: Heatran|Normal
|move|p2a: Dragonite|Earthquake|p1a: Heatran
|-damage|p1a: Heatran|34/100
|move|p1a: Heatran|Lava Plume|p2a: Dragonite
|-resisted|p2a: Dragonite
|-damage|p2a: Dragonite|92/100
|
|-heal|p1a: Heatran|40/100|[from] item: Leftovers
|upkeep
|turn|7
|
|t:|1769346338
|switch|p2a: Iron Valiant|Iron Valiant, shiny|100/100
|move|p1a: Heatran|Body Press|p2a: Iron Valiant
|-resisted|p2a: Iron Valiant
|-damage|p2a: Iron Valiant|66/100
|
|-heal|p1a: Heatran|46/100|[from] item: Leftovers
|upkeep
|turn|8
|
|t:|1769346347
|move|p2a: Iron Valiant|Moonblast|p1a: Heatran
|-damage|p1a: Heatran|0 fnt
|faint|p1a: Heatran
|
|upkeep
|
|t:|1769346358
|switch|p1a: Mew|Mew|53/100
|turn|9
|
|t:|1769346369
|move|p2a: Iron Valiant|Moonblast|p1a: Mew
|-damage|p1a: Mew|0 fnt
|faint|p1a: Mew
|
|upkeep
|
|t:|1769346377
|switch|p1a: Corviknight|Corviknight, F|100/100
|-ability|p1a: Corviknight|Pressure
|turn|10
|
|t:|1769346383
|-end|p2a: Iron Valiant|Quark Drive|[silent]
|switch|p2a: Dragonite|Dragonite, M, shiny|92/100
|move|p1a: Corviknight|Bulk Up|p1a: Corviknight
|-boost|p1a: Corviknight|atk|1
|-boost|p1a: Corviknight|def|1
|
|upkeep
|turn|11
|
|t:|1769346391
|move|p2a: Dragonite|Roost|p2a: Dragonite
|-heal|p2a: Dragonite|100/100
|-singleturn|p2a: Dragonite|move: Roost
|move|p1a: Corviknight|Bulk Up|p1a: Corviknight
|-boost|p1a: Corviknight|atk|1
|-boost|p1a: Corviknight|def|1
|
|upkeep
|turn|12
|
|t:|1769346402
|switch|p2a: Iron Crown|Iron Crown|100/100
|move|p1a: Corviknight|Agility|p1a: Corviknight
|-boost|p1a: Corviknight|spe|2
|
|upkeep
|turn|13
|
|t:|1769346413
|move|p2a: Iron Crown|Psychic Noise|p1a: Corviknight
|-resisted|p1a: Corviknight
|-damage|p1a: Corviknight|87/100
|-start|p1a: Corviknight|move: Heal Block
|move|p1a: Corviknight|Power Trip|p2a: Iron Crown
|-supereffective|p2a: Iron Crown
|-damage|p2a: Iron Crown|0 fnt
|faint|p2a: Iron Crown
|-end|p2a: Iron Crown|Quark Drive|[silent]
|
|upkeep
|
|t:|1769346421
|switch|p2a: Iron Valiant|Iron Valiant, shiny|66/100
|turn|14
|
|t:|1769346427
|move|p2a: Iron Valiant|Thunderbolt|p1a: Corviknight
|-supereffective|p1a: Corviknight
|-damage|p1a: Corviknight|21/100
|move|p1a: Corviknight|Power Trip|p2a: Iron Valiant
|-resisted|p2a: Iron Valiant
|-damage|p2a: Iron Valiant|46/100
|
|-end|p1a: Corviknight|move: Heal Block
|upkeep
|turn|15
|
|t:|1769346440
|switch|p1a: Clefable|Clefable, M|100/100
|move|p2a: Iron Valiant|Thunderbolt|p1a: Clefable
|-damage|p1a: Clefable|61/100
|
|-heal|p1a: Clefable|67/100|[from] item: Leftovers
|upkeep
|turn|16
|
|t:|1769346448
|-end|p2a: Iron Valiant|Quark Drive|[silent]
|switch|p2a: Pecharunt|Pecharunt|100/100
|move|p1a: Clefable|Calm Mind|p1a: Clefable
|-boost|p1a: Clefable|spa|1
|-boost|p1a: Clefable|spd|1
|
|-heal|p1a: Clefable|73/100|[from] item: Leftovers
|upkeep
|turn|17
|
|t:|1769346456
|move|p2a: Pecharunt|Malignant Chain|p1a: Clefable
|-supereffective|p1a: Clefable
|-crit|p1a: Clefable
|-damage|p1a: Clefable|0 fnt
|faint|p1a: Clefable
|
|upkeep
|
|t:|1769346464
|switch|p1a: Okidogi|Okidogi, M|100/100
|turn|18
|
|t:|1769346472
|move|p2a: Pecharunt|Parting Shot|p1a: Okidogi
|-unboost|p1a: Okidogi|atk|1
|-unboost|p1a: Okidogi|spa|1
|
|t:|1769346480
|switch|p2a: Great Tusk|Great Tusk, shiny|100/100|[from] Parting Shot
|move|p1a: Okidogi|Bulk Up|p1a: Okidogi
|-boost|p1a: Okidogi|atk|1
|-boost|p1a: Okidogi|def|1
|
|upkeep
|turn|19
|
|t:|1769346488
|move|p2a: Great Tusk|Headlong Rush|p1a: Okidogi
|-supereffective|p1a: Okidogi
|-damage|p1a: Okidogi|29/100
|-unboost|p2a: Great Tusk|def|1
|-unboost|p2a: Great Tusk|spd|1
|move|p1a: Okidogi|Bulk Up|p1a: Okidogi
|-boost|p1a: Okidogi|atk|1
|-boost|p1a: Okidogi|def|1
|
|-heal|p1a: Okidogi|35/100|[from] item: Leftovers
|upkeep
|turn|20
|
|t:|1769346501
|move|p2a: Great Tusk|Headlong Rush|p1a: Okidogi
|-supereffective|p1a: Okidogi
|-damage|p1a: Okidogi|0 fnt
|-unboost|p2a: Great Tusk|def|1
|-unboost|p2a: Great Tusk|spd|1
|faint|p1a: Okidogi
|
|upkeep
|
|t:|1769346507
|switch|p1a: Corviknight|Corviknight, F|21/100
|-ability|p1a: Corviknight|Pressure
|turn|21
|
|t:|1769346511
|-end|p2a: Great Tusk|Protosynthesis|[silent]
|switch|p2a: Iron Valiant|Iron Valiant, shiny|46/100
|move|p1a: Corviknight|Roost|p1a: Corviknight
|-heal|p1a: Corviknight|71/100
|-singleturn|p1a: Corviknight|move: Roost
|
|-heal|p1a: Corviknight|77/100|[from] item: Leftovers
|upkeep
|turn|22
|
|t:|1769346529
|switch|p1a: Indeedee|Indeedee-F, F|70/100
|-fieldstart|move: Psychic Terrain|[from] ability: Psychic Surge|[of] p1a: Indeedee
|move|p2a: Iron Valiant|Thunderbolt|p1a: Indeedee
|-damage|p1a: Indeedee|40/100
|
|upkeep
|turn|23
|
|t:|1769346537
|-end|p2a: Iron Valiant|Quark Drive|[silent]
|switch|p2a: Samurott|Samurott-Hisui, M, shiny|100/100
|move|p1a: Indeedee|Tera Blast|p2a: Samurott
|-damage|p2a: Samurott|63/100
|
|upkeep
|turn|24
|
|t:|1769346547
|move|p2a: Samurott|Ceaseless Edge|p1a: Indeedee
|-supereffective|p1a: Indeedee
|-damage|p1a: Indeedee|0 fnt
|-sidestart|p1: wenchaojiayang|Spikes
|faint|p1a: Indeedee
|
|upkeep
|
|t:|1769346553
|switch|p1a: Corviknight|Corviknight, F|77/100
|-ability|p1a: Corviknight|Pressure
|turn|25
|
|t:|1769346558
|move|p2a: Samurott|Knock Off|p1a: Corviknight
|-damage|p1a: Corviknight|28/100
|-enditem|p1a: Corviknight|Leftovers|[from] move: Knock Off|[of] p2a: Samurott
|move|p1a: Corviknight|Bulk Up|p1a: Corviknight
|-boost|p1a: Corviknight|atk|1
|-boost|p1a: Corviknight|def|1
|
|upkeep
|turn|26
|
|t:|1769346580
|move|p2a: Samurott|Ceaseless Edge|p1a: Corviknight|[miss]
|-miss|p2a: Samurott|p1a: Corviknight
|move|p1a: Corviknight|Roost|p1a: Corviknight
|-heal|p1a: Corviknight|78/100
|-singleturn|p1a: Corviknight|move: Roost
|
|-fieldend|move: Psychic Terrain
|upkeep
|turn|27
|
|t:|1769346593
|switch|p2a: Pecharunt|Pecharunt|100/100
|move|p1a: Corviknight|Bulk Up|p1a: Corviknight
|-boost|p1a: Corviknight|atk|1
|-boost|p1a: Corviknight|def|1
|
|upkeep
|turn|28
|
|t:|1769346602
|move|p2a: Pecharunt|Parting Shot|p1a: Corviknight
|-unboost|p1a: Corviknight|atk|1
|-unboost|p1a: Corviknight|spa|1
|
|t:|1769346605
|switch|p2a: Iron Valiant|Iron Valiant, shiny|46/100|[from] Parting Shot
|move|p1a: Corviknight|Agility|p1a: Corviknight
|-boost|p1a: Corviknight|spe|2
|
|upkeep
|turn|29
|
|t:|1769346613
|move|p2a: Iron Valiant|Thunderbolt|p1a: Corviknight
|-supereffective|p1a: Corviknight
|-damage|p1a: Corviknight|16/100
|move|p1a: Corviknight|Power Trip|p2a: Iron Valiant
|-resisted|p2a: Iron Valiant
|-damage|p2a: Iron Valiant|35/100
|
|upkeep
|turn|30
|
|t:|1769346629
|move|p2a: Iron Valiant|Thunderbolt|p1a: Corviknight
|-supereffective|p1a: Corviknight
|-damage|p1a: Corviknight|0 fnt
|faint|p1a: Corviknight
|
|win|Obsidian Blue
|raw|wenchaojiayang's rating: 1326 &rarr; <strong>1307</strong><br />(-19 for losing)
|raw|Obsidian Blue's rating: 1347 &rarr; <strong>1366</strong><br />(+19 for winning)
|l|☆Obsidian Blue
|player|p2|
|l|☆wenchaojiayang
|player|p1|
