|j|☆aaacccsss
|j|☆Yuppytree
|t:|1769405198
|gametype|singles
|player|p1|aaacccsss|2|1118
|player|p2|Yuppytree|pokemaniac|1118
|gen|9
|tier|[Gen 9] OU
|rated|
|rule|HP Percentage Mod: HP is shown in percentages
|rule|Endless Battle Clause: Forcing endless battles is banned
|rule|Species Clause: Limit one of each Pokémon
|rule|OHKO Clause: OHKO moves are banned
|rule|Evasion Items Clause: Evasion items are banned
|rule|Evasion Moves Clause: Evasion moves are banned
|rule|Evasion Abilities Clause: Evasion abilities are banned
|rule|Sleep Moves Clause: Sleep-inducing moves are banned
|clearpoke
|poke|p1|Dragonite, F|
|poke|p1|Ninetales-Alola, F|
|poke|p1|Polteageist|
|poke|p1|Ogerpon-Wellspring, F|
|poke|p1|Iron Treads|
|poke|p1|Kyurem|
|poke|p2|Galvantula, M|
|poke|p2|Scyther, F|
|poke|p2|Arcanine-Hisui, F|
|poke|p2|Glimmora, F|
|poke|p2|Dragonite, F|
|poke|p2|Ditto|
|teampreview
|inactive|Battle timer is ON: inactive players will automatically lose when time's up. (requested by Yuppytree)
|inactive|aaacccsss also wants the timer to be on.
|
|t:|1769405215
|teamsize|p1|6
|teamsize|p2|6
|start
|switch|p1a: Iron Treads|Iron Treads, shiny|100/100
|switch|p2a: Scyther|Scyther, F|100/100
|-enditem|p1a: Iron Treads|Booster Energy
|-activate|p1a: Iron Treads|ability: Quark Drive|[fromitem]
|-start|p1a: Iron Treads|quarkdrivespe
|turn|1
|
|t:|1769405224
|move|p1a: Iron Treads|Stealth Rock|p2a: Scyther
|-sidestart|p2: Yuppytree|move: Stealth Rock
|move|p2a: Scyther|Trailblaze|p1a: Iron Treads
|-damage|p1a: Iron Treads|83/100
|-boost|p2a: Scyther|spe|1
|
|upkeep
|turn|2
|
|t:|1769405232
|-end|p1a: Iron Treads|Quark Drive|[silent]
|switch|p1a: Ninetales|Ninetales-Alola, F, shiny|100/100
|-weather|Snowscape|[from] ability: Snow Warning|[of] p1a: Ninetales
|move|p2a: Scyther|Trailblaze|p1a: Ninetales
|-damage|p1a: Ninetales|83/100
|-boost|p2a: Scyther|spe|1
|
|-weather|Snowscape|[upkeep]
|upkeep
|turn|3
|
|t:|1769405244
|move|p2a: Scyther|Defog|p1a: Ninetales
|-unboost|p1a: Ninetales|evasion|1
|-sideend|p2: Yuppytree|Stealth Rock|[from] move: Defog|[of] p2a: Scyther
|move|p1a: Ninetales|Encore|p2a: Scyther
|-start|p2a: Scyther|Encore
|
|-weather|Snowscape|[upkeep]
|upkeep
|turn|4
|
|t:|1769405267
|switch|p2a: Glimmora|Glimmora, F|100/100
|move|p1a: Ninetales|Aurora Veil|p1a: Ninetales
|-sidestart|p1: aaacccsss|move: Aurora Veil
|
|-weather|Snowscape|[upkeep]
|upkeep
|turn|5
|
|t:|1769405276
|switch|p1a: Iron Treads|Iron Treads, shiny|83/100
|move|p2a: Glimmora|Mortal Spin|p1a: Iron Treads
|-immune|p1a: Iron Treads
|
|-weather|Snowscape|[upkeep]
|upkeep
|turn|6
|
|t:|1769405285
|move|p1a: Iron Treads|Earth Power|p2a: Glimmora
|-supereffective|p2a: Glimmora
|-crit|p2a: Glimmora
|-enditem|p2a: Glimmora|Focus Sash
|-damage|p2a: Glimmora|1/100
|move|p2a: Glimmora|Stealth Rock|p1a: Iron Treads
|-sidestart|p1: aaacccsss|move: Stealth Rock
|
|-weather|none
|upkeep
|turn|7
|
|t:|1769405297
|move|p1a: Iron Treads|Stealth Rock|p2a: Glimmora
|-sidestart|p2: Yuppytree|move: Stealth Rock
|move|p2a: Glimmora|Spikes|p1a: Iron Treads
|-sidestart|p1: aaacccsss|Spikes
|
|upkeep
|turn|8
|
|t:|1769405317
|move|p1a: Iron Treads|Rapid Spin|p2a: Glimmora
|-resisted|p2a: Glimmora
|-damage|p2a: Glimmora|0 fnt
|-boost|p1a: Iron Treads|spe|1
|-activate|p2a: Glimmora|ability: Toxic Debris
|-sidestart|p1: aaacccsss|move: Toxic Spikes
|-sideend|p1: aaacccsss|Spikes|[from] move: Rapid Spin|[of] p1a: Iron Treads
|-sideend|p1: aaacccsss|Toxic Spikes|[from] move: Rapid Spin|[of] p1a: Iron Treads
|-sideend|p1: aaacccsss|Stealth Rock|[from] move: Rapid Spin|[of] p1a: Iron Treads
|faint|p2a: Glimmora
|
|upkeep
|inactive|Yuppytree has 120 seconds left.
|
|t:|1769405340
|switch|p2a: Galvantula|Galvantula, M|100/100
|-damage|p2a: Galvantula|76/100|[from] Stealth Rock
|turn|9
|
|t:|1769405362
|-end|p1a: Iron Treads|Quark Drive|[silent]
|switch|p1a: Kyurem|Kyurem, shiny|100/100
|-ability|p1a: Kyurem|Pressure
|move|p2a: Galvantula|Energy Ball|p1a: Kyurem
|-resisted|p1a: Kyurem
|-damage|p1a: Kyurem|92/100
|-damage|p2a: Galvantula|66/100|[from] item: Life Orb
|
|upkeep
|turn|10
|
|t:|1769405376
|move|p2a: Galvantula|Bug Buzz|p1a: Kyurem
|-damage|p1a: Kyurem|69/100
|-damage|p2a: Galvantula|56/100|[from] item: Life Orb
|move|p1a: Kyurem|Dragon Dance|p1a: Kyurem
|-boost|p1a: Kyurem|atk|1
|-boost|p1a: Kyurem|spe|1
|
|upkeep
|turn|11
|
|t:|1769405387
|move|p1a: Kyurem|Dragon Dance|p1a: Kyurem
|-boost|p1a: Kyurem|atk|1
|-boost|p1a: Kyurem|spe|1
|move|p2a: Galvantula|Bug Buzz|p1a: Kyurem
|-damage|p1a: Kyurem|47/100
|-damage|p2a: Galvantula|46/100|[from] item: Life Orb
|
|-sideend|p1: aaacccsss|move: Aurora Veil
|upkeep
|turn|12
|
|t:|1769405397
|move|p1a: Kyurem|Icicle Spear|p2a: Galvantula
|-damage|p2a: Galvantula|2/100
|-damage|p2a: Galvantula|0 fnt
|faint|p2a: Galvantula
|-hitcount|p2: Galvantula|2
|
|upkeep
|
|t:|1769405403
|switch|p2a: Ditto|Ditto|100/100
|-damage|p2a: Ditto|88/100|[from] Stealth Rock
|-transform|p2a: Ditto|p1a: Kyurem|[from] ability: Imposter
|-ability|p2a: Ditto|Pressure
|turn|13
|
|t:|1769405425
|move|p2a: Ditto|Freeze-Dry|p1a: Kyurem
|-damage|p1a: Kyurem|14/100
|move|p1a: Kyurem|Icicle Spear|p2a: Ditto
|-damage|p2a: Ditto|55/100
|-damage|p2a: Ditto|17/100
|-hitcount|p2a: Ditto|2
|
|upkeep
|turn|14
|
|t:|1769405433
|move|p2a: Ditto|Freeze-Dry|p1a: Kyurem
|-damage|p1a: Kyurem|0 fnt
|faint|p1a: Kyurem
|
|upkeep
|
|t:|1769405440
|switch|p1a: Dragonite|Dragonite, F|100/100
|turn|15
|
|t:|1769405443
|move|p1a: Dragonite|Extreme Speed|p2a: Ditto
|-damage|p2a: Ditto|0 fnt
|faint|p2a: Ditto
|
|upkeep
|
|t:|1769405452
|switch|p2a: Scyther|Scyther, F|100/100
|-damage|p2a: Scyther|50/100|[from] Stealth Rock
|turn|16
|
|t:|1769405465
|move|p1a: Dragonite|Ice Spinner|p2a: Scyther
|-supereffective|p2a: Scyther
|-damage|p2a: Scyther|6/100
|move|p2a: Scyther|Defog|p1a: Dragonite
|-unboost|p1a: Dragonite|evasion|1
|-sideend|p2: Yuppytree|Stealth Rock|[from] move: Defog|[of] p2a: Scyther
|
|upkeep
|turn|17
|
|t:|1769405474
|move|p1a: Dragonite|Ice Spinner|p2a: Scyther
|-supereffective|p2a: Scyther
|-damage|p2a: Scyther|0 fnt
|faint|p2a: Scyther
|
|upkeep
|
|t:|1769405478
|switch|p2a: Arcanine|Arcanine-Hisui, F|100/100
|turn|18
|
|t:|1769405483
|move|p1a: Dragonite|Earthquake|p2a: Arcanine
|-supereffective|p2a: Arcanine
|-damage|p2a: Arcanine|0 fnt
|faint|p2a: Arcanine
|
|upkeep
|
|t:|1769405487
|switch|p2a: Dragonite|Dragonite, F|100/100
|turn|19
|
|t:|1769405498
|-terastallize|p2a: Dragonite|Steel
|move|p1a: Dragonite|Ice Spinner|p2a: Dragonite
|-resisted|p2a: Dragonite
|-damage|p2a: Dragonite|93/100
|move|p2a: Dragonite|Dragon Dance|p2a: Dragonite
|-boost|p2a: Dragonite|atk|1
|-boost|p2a: Dragonite|spe|1
|
|-heal|p2a: Dragonite|99/100|[from] item: Leftovers
|upkeep
|turn|20
|
|t:|1769405510
|-terastallize|p1a: Dragonite|Normal
|move|p2a: Dragonite|Iron Head|p1a: Dragonite
|-damage|p1a: Dragonite|61/100
|move|p1a: Dragonite|Earthquake|p2a: Dragonite
|-supereffective|p2a: Dragonite
|-damage|p2a: Dragonite|23/100
|
|-heal|p2a: Dragonite|29/100|[from] item: Leftovers
|upkeep
|turn|21
|
|t:|1769405520
|move|p2a: Dragonite|Iron Head|p1a: Dragonite
|-damage|p1a: Dragonite|0 fnt
|faint|p1a: Dragonite
|
|-heal|p2a: Dragonite|35/100|[from] item: Leftovers
|upkeep
|
|t:|1769405527
|switch|p1a: Polteageist|Polteageist, shiny|100/100
|turn|22
|
|t:|1769405534
|move|p2a: Dragonite|Iron Head|p1a: Polteageist
|-damage|p1a: Polteageist|12/100
|move|p1a: Polteageist|Shadow Ball|p2a: Dragonite
|-damage|p2a: Dragonite|1/100
|
|-heal|p2a: Dragonite|8/100|[from] item: Leftovers
|upkeep
|turn|23
|
|t:|1769405544
|move|p2a: Dragonite|Iron Head|p1a: Polteageist
|-crit|p1a: Polteageist
|-damage|p1a: Polteageist|0 fnt
|-start|p2a: Dragonite|Disable|Iron Head|[from] ability: Cursed Body|[of] p1a: Polteageist
|faint|p1a: Polteageist
|
|-heal|p2a: Dragonite|14/100|[from] item: Leftovers
|upkeep
|
|t:|1769405553
|switch|p1a: Ogerpon|Ogerpon-Wellspring, F|100/100
|turn|24
|
|t:|1769405559
|move|p2a: Dragonite|Extreme Speed|p1a: Ogerpon
|-damage|p1a: Ogerpon|35/100
|move|p1a: Ogerpon|Ivy Cudgel|p2a: Dragonite|[anim] Ivy Cudgel Water
|-damage|p2a: Dragonite|0 fnt
|faint|p2a: Dragonite
|
|win|aaacccsss
|raw|aaacccsss's rating: 1118 &rarr; <strong>1143</strong><br />(+25 for winning)
|raw|Yuppytree's rating: 1118 &rarr; <strong>1093</strong><br />(-25 for losing)
|l|☆Yuppytree
|player|p2|
|l|☆aaacccsss
|player|p1|
