|j|☆Virgulito
|j|☆Dragonzord6
|t:|1769428020
|gametype|singles
|player|p1|Virgulito|266|1466
|player|p2|Dragonzord6|lance|1455
|gen|9
|tier|[Gen 9] OU
|rated|
|rule|HP Percentage Mod: HP is shown in percentages
|rule|Endless Battle Clause: Forcing endless battles is banned
|rule|Species Clause: Limit one of each Pokémon
|rule|OHKO Clause: OHKO moves are banned
|rule|Evasion Items Clause: Evasion items are banned
|rule|Evasion Moves Clause: Evasion moves are banned
|rule|Evasion Abilities Clause: Evasion abilities are banned
|rule|Sleep Moves Clause: Sleep-inducing moves are banned
|clearpoke
|poke|p1|Great Tusk|
|poke|p1|Dragapult, F|
|poke|p1|Kingambit, M|
|poke|p1|Corviknight, F|
|poke|p1|Rillaboom, F|
|poke|p1|Keldeo-Resolute|
|poke|p2|Pelipper, M|
|poke|p2|Kingdra, F|
|poke|p2|Barraskewda, M|
|poke|p2|Raging Bolt|
|poke|p2|Kyurem|
|poke|p2|Zamazenta-*|
|teampreview
|
|t:|1769428030
|teamsize|p1|6
|teamsize|p2|6
|start
|switch|p1a: Dragapult|Dragapult, F|100/100
|switch|p2a: Messenger|Pelipper, M, shiny|100/100
|-weather|RainDance|[from] ability: Drizzle|[of] p2a: Messenger
|turn|1
|inactive|Battle timer is ON: inactive players will automatically lose when time's up. (requested by Dragonzord6)
|
|t:|1769428048
|switch|p2a: Zamazenta|Zamazenta, shiny|100/100
|-ability|p2a: Zamazenta|Dauntless Shield|boost
|-boost|p2a: Zamazenta|def|1
|move|p1a: Dragapult|Draco Meteor|p2a: Zamazenta
|-damage|p2a: Zamazenta|32/100
|-unboost|p1a: Dragapult|spa|2
|-damage|p1a: Dragapult|91/100|[from] item: Life Orb
|
|-weather|RainDance|[upkeep]
|-heal|p2a: Zamazenta|38/100|[from] item: Leftovers
|upkeep
|turn|2
|
|t:|1769428071
|switch|p1a: Corviknight|Corviknight, F|100/100
|-ability|p1a: Corviknight|Pressure
|move|p2a: Zamazenta|Crunch|p1a: Corviknight
|-damage|p1a: Corviknight|86/100
|
|-weather|RainDance|[upkeep]
|-heal|p2a: Zamazenta|44/100|[from] item: Leftovers
|-heal|p1a: Corviknight|92/100|[from] item: Leftovers
|upkeep
|turn|3
|
|t:|1769428083
|move|p2a: Zamazenta|Iron Defense|p2a: Zamazenta
|-boost|p2a: Zamazenta|def|2
|move|p1a: Corviknight|U-turn|p2a: Zamazenta
|-resisted|p2a: Zamazenta
|-damage|p2a: Zamazenta|42/100
|
|t:|1769428088
|switch|p1a: Dragapult|Dragapult, F|91/100|[from] U-turn
|
|-weather|RainDance|[upkeep]
|-heal|p2a: Zamazenta|48/100|[from] item: Leftovers
|upkeep
|turn|4
|inactive|Virgulito has 120 seconds left.
|
|t:|1769428144
|move|p1a: Dragapult|Draco Meteor|p2a: Zamazenta
|-damage|p2a: Zamazenta|0 fnt
|-unboost|p1a: Dragapult|spa|2
|faint|p2a: Zamazenta
|-damage|p1a: Dragapult|81/100|[from] item: Life Orb
|
|-weather|RainDance|[upkeep]
|upkeep
|
|t:|1769428153
|switch|p2a: Kingdra|Kingdra, F, shiny|100/100
|turn|5
|
|t:|1769428162
|switch|p1a: Keldeo|Keldeo-Resolute|100/100
|-terastallize|p2a: Kingdra|Water
|move|p2a: Kingdra|Weather Ball|p1a: Keldeo
|-resisted|p1a: Keldeo
|-damage|p1a: Keldeo|59/100
|
|-weather|RainDance|[upkeep]
|upkeep
|turn|6
|
|t:|1769428173
|-terastallize|p1a: Keldeo|Water
|move|p2a: Kingdra|Weather Ball|p1a: Keldeo
|-resisted|p1a: Keldeo
|-damage|p1a: Keldeo|19/100
|move|p1a: Keldeo|Flip Turn|p2a: Kingdra
|-resisted|p2a: Kingdra
|-damage|p2a: Kingdra|84/100
|
|t:|1769428179
|switch|p1a: Rillaboom|Rillaboom, F|100/100|[from] Flip Turn
|-fieldstart|move: Grassy Terrain|[from] ability: Grassy Surge|[of] p1a: Rillaboom
|
|-weather|RainDance|[upkeep]
|-heal|p2a: Kingdra|90/100|[from] Grassy Terrain
|upkeep
|turn|7
|
|t:|1769428188
|switch|p2a: Kyurem|Kyurem, shiny|100/100
|-ability|p2a: Kyurem|Pressure
|move|p1a: Rillaboom|U-turn|p2a: Kyurem
|-damage|p2a: Kyurem|66/100
|
|t:|1769428193
|switch|p1a: Keldeo|Keldeo-Resolute, tera:Water|19/100|[from] U-turn
|
|-weather|RainDance|[upkeep]
|-heal|p1a: Keldeo|25/100|[from] Grassy Terrain
|-heal|p2a: Kyurem|72/100|[from] Grassy Terrain
|upkeep
|turn|8
|
|t:|1769428204
|switch|p2a: Raging Bolt|Raging Bolt|100/100
|-enditem|p2a: Raging Bolt|Booster Energy
|-activate|p2a: Raging Bolt|ability: Protosynthesis|[fromitem]
|-start|p2a: Raging Bolt|protosynthesisspa
|move|p1a: Keldeo|Secret Sword|p2a: Raging Bolt
|-damage|p2a: Raging Bolt|72/100
|
|-weather|none
|-heal|p1a: Keldeo|32/100|[from] Grassy Terrain
|-heal|p2a: Raging Bolt|78/100|[from] Grassy Terrain
|upkeep
|turn|9
|
|t:|1769428219
|switch|p1a: Great Tusk|Great Tusk|100/100
|move|p2a: Raging Bolt|Thunder|p1a: Great Tusk
|-immune|p1a: Great Tusk
|
|-heal|p2a: Raging Bolt|84/100|[from] Grassy Terrain
|upkeep
|turn|10
|
|t:|1769428228
|-end|p2a: Raging Bolt|Protosynthesis|[silent]
|switch|p2a: Messenger|Pelipper, M, shiny|100/100
|-weather|RainDance|[from] ability: Drizzle|[of] p2a: Messenger
|move|p1a: Great Tusk|Stealth Rock|p2a: Messenger
|-sidestart|p2: Dragonzord6|move: Stealth Rock
|
|-weather|RainDance|[upkeep]
|-fieldend|move: Grassy Terrain
|upkeep
|turn|11
|
|t:|1769428247
|-end|p1a: Great Tusk|Protosynthesis|[silent]
|switch|p1a: Keldeo|Keldeo-Resolute, tera:Water|32/100
|move|p2a: Messenger|Weather Ball|p1a: Keldeo
|-resisted|p1a: Keldeo
|-damage|p1a: Keldeo|11/100
|
|-weather|RainDance|[upkeep]
|upkeep
|turn|12
|inactiveoff|Battle timer is now OFF.
|
|t:|1769428257
|move|p1a: Keldeo|Surf|p2a: Messenger
|-resisted|p2a: Messenger
|-damage|p2a: Messenger|49/100
|move|p2a: Messenger|Hurricane|p1a: Keldeo
|-damage|p1a: Keldeo|0 fnt
|faint|p1a: Keldeo
|
|-weather|RainDance|[upkeep]
|upkeep
|
|t:|1769428263
|switch|p1a: Rillaboom|Rillaboom, F|100/100
|-fieldstart|move: Grassy Terrain|[from] ability: Grassy Surge|[of] p1a: Rillaboom
|turn|13
|
|t:|1769428278
|switch|p2a: Kyurem|Kyurem, shiny|72/100
|-damage|p2a: Kyurem|48/100|[from] Stealth Rock
|-ability|p2a: Kyurem|Pressure
|move|p1a: Rillaboom|Grassy Glide|p2a: Kyurem
|-resisted|p2a: Kyurem
|-damage|p2a: Kyurem|18/100
|
|-weather|RainDance|[upkeep]
|-heal|p2a: Kyurem|25/100|[from] Grassy Terrain
|upkeep
|turn|14
|
|t:|1769428290
|move|p1a: Rillaboom|Grassy Glide|p2a: Kyurem
|-resisted|p2a: Kyurem
|-damage|p2a: Kyurem|0 fnt
|faint|p2a: Kyurem
|
|-weather|RainDance|[upkeep]
|upkeep
|
|t:|1769428299
|switch|p2a: Raging Bolt|Raging Bolt|84/100
|-damage|p2a: Raging Bolt|72/100|[from] Stealth Rock
|turn|15
|
|t:|1769428304
|move|p1a: Rillaboom|Grassy Glide|p2a: Raging Bolt
|-resisted|p2a: Raging Bolt
|-damage|p2a: Raging Bolt|47/100
|move|p2a: Raging Bolt|Thunder|p1a: Rillaboom
|-resisted|p1a: Rillaboom
|-damage|p1a: Rillaboom|55/100
|
|-weather|RainDance|[upkeep]
|-heal|p1a: Rillaboom|61/100|[from] Grassy Terrain
|-heal|p2a: Raging Bolt|53/100|[from] Grassy Terrain
|upkeep
|turn|16
|
|t:|1769428315
|switch|p1a: Great Tusk|Great Tusk|100/100
|move|p2a: Raging Bolt|Thunder|p1a: Great Tusk
|-immune|p1a: Great Tusk
|
|-weather|RainDance|[upkeep]
|-heal|p2a: Raging Bolt|59/100|[from] Grassy Terrain
|upkeep
|turn|17
|
|t:|1769428326
|move|p1a: Great Tusk|Ice Spinner|p2a: Raging Bolt
|-supereffective|p2a: Raging Bolt
|-damage|p2a: Raging Bolt|22/100
|-fieldend|move: Grassy Terrain
|move|p2a: Raging Bolt|Weather Ball|p1a: Great Tusk
|-supereffective|p1a: Great Tusk
|-damage|p1a: Great Tusk|0 fnt
|faint|p1a: Great Tusk
|-end|p1a: Great Tusk|Protosynthesis|[silent]
|
|-weather|none
|upkeep
|
|t:|1769428334
|switch|p1a: Rillaboom|Rillaboom, F|61/100
|-fieldstart|move: Grassy Terrain|[from] ability: Grassy Surge|[of] p1a: Rillaboom
|turn|18
|
|t:|1769428344
|move|p1a: Rillaboom|Grassy Glide|p2a: Raging Bolt
|-resisted|p2a: Raging Bolt
|-damage|p2a: Raging Bolt|0 fnt
|faint|p2a: Raging Bolt
|-end|p2a: Raging Bolt|Protosynthesis|[silent]
|
|-heal|p1a: Rillaboom|67/100|[from] Grassy Terrain
|upkeep
|
|t:|1769428354
|switch|p2a: Messenger|Pelipper, M, shiny|49/100
|-damage|p2a: Messenger|24/100|[from] Stealth Rock
|-weather|RainDance|[from] ability: Drizzle|[of] p2a: Messenger
|turn|19
|
|t:|1769428360
|move|p1a: Rillaboom|Grassy Glide|p2a: Messenger
|-damage|p2a: Messenger|0 fnt
|faint|p2a: Messenger
|
|-weather|RainDance|[upkeep]
|-heal|p1a: Rillaboom|73/100|[from] Grassy Terrain
|upkeep
|
|t:|1769428369
|switch|p2a: Kingdra|Kingdra, F, shiny, tera:Water|90/100
|-damage|p2a: Kingdra|77/100|[from] Stealth Rock
|turn|20
|
|t:|1769428385
|move|p1a: Rillaboom|Grassy Glide|p2a: Kingdra
|-supereffective|p2a: Kingdra
|-damage|p2a: Kingdra|0 fnt
|faint|p2a: Kingdra
|
|-weather|RainDance|[upkeep]
|-heal|p1a: Rillaboom|79/100|[from] Grassy Terrain
|upkeep
|
|t:|1769428393
|switch|p2a: Barraskewda|Barraskewda, M, shiny|100/100
|-damage|p2a: Barraskewda|88/100|[from] Stealth Rock
|turn|21
|
|t:|1769428398
|move|p2a: Barraskewda|Aqua Jet|p1a: Rillaboom
|-resisted|p1a: Rillaboom
|-damage|p1a: Rillaboom|51/100
|move|p1a: Rillaboom|Grassy Glide|p2a: Barraskewda
|-supereffective|p2a: Barraskewda
|-damage|p2a: Barraskewda|0 fnt
|faint|p2a: Barraskewda
|
|win|Virgulito
|raw|Virgulito's rating: 1466 &rarr; <strong>1485</strong><br />(+19 for winning)
|raw|Dragonzord6's rating: 1455 &rarr; <strong>1436</strong><br />(-19 for losing)
|l|☆Virgulito
|player|p1|
|l|☆Dragonzord6
|player|p2|
