|j|☆elpets
|j|☆Kanha Greninja
|t:|1769429534
|gametype|singles
|player|p1|elpets|infielder|1697
|player|p2|Kanha Greninja|#rbtt7teamgiratinao|1531
|gen|9
|tier|[Gen 9] OU
|rated|
|rule|HP Percentage Mod: HP is shown in percentages
|rule|Endless Battle Clause: Forcing endless battles is banned
|rule|Species Clause: Limit one of each Pokémon
|rule|OHKO Clause: OHKO moves are banned
|rule|Evasion Items Clause: Evasion items are banned
|rule|Evasion Moves Clause: Evasion moves are banned
|rule|Evasion Abilities Clause: Evasion abilities are banned
|rule|Sleep Moves Clause: Sleep-inducing moves are banned
|clearpoke
|poke|p1|Hatterene, F|
|poke|p1|Dragonite, F|
|poke|p1|Breloom, F|
|poke|p1|Azumarill, F|
|poke|p1|Great Tusk|
|poke|p1|Skeledirge, F|
|poke|p2|Enamorus, F|
|poke|p2|Araquanid, F|
|poke|p2|Cinderace, M|
|poke|p2|Kingambit, F|
|poke|p2|Serperior, F|
|poke|p2|Ceruledge, F|
|teampreview
|inactive|Battle timer is ON: inactive players will automatically lose when time's up. (requested by elpets)
|
|t:|1769429560
|teamsize|p1|6
|teamsize|p2|6
|start
|switch|p1a: Azumarill|Azumarill, F|100/100
|switch|p2a: Araquanid|Araquanid, F|100/100
|turn|1
|
|t:|1769429567
|move|p1a: Azumarill|Knock Off|p2a: Araquanid
|-damage|p2a: Araquanid|55/100
|-enditem|p2a: Araquanid|Custap Berry|[from] move: Knock Off|[of] p1a: Azumarill
|move|p2a: Araquanid|Sticky Web|p1a: Azumarill
|-sidestart|p1: elpets|move: Sticky Web
|
|upkeep
|turn|2
|j| NShF
|
|t:|1769429576
|move|p1a: Azumarill|Play Rough|p2a: Araquanid
|-damage|p2a: Araquanid|0 fnt
|faint|p2a: Araquanid
|
|upkeep
|
|t:|1769429581
|switch|p2a: Serperior|Serperior, F|100/100
|turn|3
|
|t:|1769429586
|switch|p1a: Skeledirge|Skeledirge, F|100/100
|-activate|p1a: Skeledirge|move: Sticky Web
|-unboost|p1a: Skeledirge|spe|1
|move|p2a: Serperior|Leaf Storm|p1a: Skeledirge
|-resisted|p1a: Skeledirge
|-damage|p1a: Skeledirge|77/100
|-boost|p2a: Serperior|spa|2
|
|upkeep
|turn|4
|
|t:|1769429601
|switch|p2a: Enamorus|Enamorus, F|100/100
|move|p1a: Skeledirge|Torch Song|p2a: Enamorus
|-damage|p2a: Enamorus|61/100
|-boost|p1a: Skeledirge|spa|1
|
|upkeep
|turn|5
|
|t:|1769429612
|switch|p1a: Azumarill|Azumarill, F|100/100
|-activate|p1a: Azumarill|move: Sticky Web
|-unboost|p1a: Azumarill|spe|1
|move|p2a: Enamorus|Earth Power|p1a: Azumarill
|-damage|p1a: Azumarill|63/100
|-unboost|p1a: Azumarill|spd|1
|
|upkeep
|turn|6
|
|t:|1769429615
|move|p2a: Enamorus|Earth Power|p1a: Azumarill
|-damage|p1a: Azumarill|13/100
|move|p1a: Azumarill|Play Rough|p2a: Enamorus
|-damage|p2a: Enamorus|0 fnt
|faint|p2a: Enamorus
|
|upkeep
|
|t:|1769429629
|switch|p2a: Kingambit|Kingambit, F|100/100
|turn|7
|
|t:|1769429634
|move|p1a: Azumarill|Aqua Jet|p2a: Kingambit
|-damage|p2a: Kingambit|81/100
|move|p2a: Kingambit|Kowtow Cleave|p1a: Azumarill
|-resisted|p1a: Azumarill
|-damage|p1a: Azumarill|0 fnt
|faint|p1a: Azumarill
|
|-heal|p2a: Kingambit|87/100|[from] item: Leftovers
|upkeep
|
|t:|1769429640
|switch|p1a: Great Tusk|Great Tusk|100/100
|-activate|p1a: Great Tusk|move: Sticky Web
|-unboost|p1a: Great Tusk|spe|1
|-enditem|p1a: Great Tusk|Booster Energy
|-activate|p1a: Great Tusk|ability: Protosynthesis|[fromitem]
|-start|p1a: Great Tusk|protosynthesisatk
|turn|8
|
|t:|1769429648
|switch|p2a: Serperior|Serperior, F|100/100
|move|p1a: Great Tusk|Headlong Rush|p2a: Serperior
|-resisted|p2a: Serperior
|-damage|p2a: Serperior|50/100
|-unboost|p1a: Great Tusk|def|1
|-unboost|p1a: Great Tusk|spd|1
|
|-heal|p2a: Serperior|57/100|[from] item: Leftovers
|upkeep
|turn|9
|inactive|Kanha Greninja has 120 seconds left.
|inactive|Kanha Greninja has 90 seconds left.
|
|t:|1769429726
|-end|p1a: Great Tusk|Protosynthesis|[silent]
|switch|p1a: Skeledirge|Skeledirge, F|77/100
|-activate|p1a: Skeledirge|move: Sticky Web
|-unboost|p1a: Skeledirge|spe|1
|move|p2a: Serperior|Leaf Storm|p1a: Skeledirge
|-resisted|p1a: Skeledirge
|-damage|p1a: Skeledirge|54/100
|-boost|p2a: Serperior|spa|2
|
|-heal|p2a: Serperior|63/100|[from] item: Leftovers
|upkeep
|turn|10
|
|t:|1769429734
|move|p2a: Serperior|Glare|p1a: Skeledirge
|-status|p1a: Skeledirge|par
|cant|p1a: Skeledirge|par
|
|-heal|p2a: Serperior|69/100|[from] item: Leftovers
|upkeep
|turn|11
|
|t:|1769429738
|switch|p2a: Ceruledge|Ceruledge, F|100/100
|cant|p1a: Skeledirge|par
|
|upkeep
|turn|12
|
|t:|1769429748
|move|p2a: Ceruledge|Shadow Sneak|p1a: Skeledirge
|-supereffective|p1a: Skeledirge
|-damage|p1a: Skeledirge|29/100 par
|move|p1a: Skeledirge|Shadow Ball|p2a: Ceruledge
|-supereffective|p2a: Ceruledge
|-damage|p2a: Ceruledge|28/100
|
|upkeep
|turn|13
|
|t:|1769429754
|move|p2a: Ceruledge|Shadow Sneak|p1a: Skeledirge
|-supereffective|p1a: Skeledirge
|-damage|p1a: Skeledirge|2/100 par
|move|p1a: Skeledirge|Slack Off|p1a: Skeledirge
|-heal|p1a: Skeledirge|52/100 par
|
|upkeep
|turn|14
|
|t:|1769429759
|move|p2a: Ceruledge|Shadow Sneak|p1a: Skeledirge
|-supereffective|p1a: Skeledirge
|-damage|p1a: Skeledirge|27/100 par
|cant|p1a: Skeledirge|par
|
|upkeep
|turn|15
|
|t:|1769429762
|move|p2a: Ceruledge|Shadow Sneak|p1a: Skeledirge
|-supereffective|p1a: Skeledirge
|-damage|p1a: Skeledirge|2/100 par
|move|p1a: Skeledirge|Shadow Ball|p2a: Ceruledge
|-supereffective|p2a: Ceruledge
|-damage|p2a: Ceruledge|0 fnt
|faint|p2a: Ceruledge
|
|upkeep
|inactive|Kanha Greninja has 120 seconds left.
|
|t:|1769429768
|switch|p2a: Serperior|Serperior, F|69/100
|turn|16
|
|t:|1769429773
|move|p2a: Serperior|Leaf Storm|p1a: Skeledirge
|-resisted|p1a: Skeledirge
|-damage|p1a: Skeledirge|0 fnt
|-boost|p2a: Serperior|spa|2
|faint|p1a: Skeledirge
|
|-heal|p2a: Serperior|75/100|[from] item: Leftovers
|upkeep
|
|t:|1769429776
|switch|p1a: Ippo|Breloom, F|100/100
|-activate|p1a: Ippo|move: Sticky Web
|-unboost|p1a: Ippo|spe|1
|turn|17
|
|t:|1769429783
|move|p2a: Serperior|Leaf Storm|p1a: Ippo
|-resisted|p1a: Ippo
|-damage|p1a: Ippo|13/100
|-boost|p2a: Serperior|spa|2
|move|p1a: Ippo|Bullet Seed|p2a: Serperior
|-resisted|p2a: Serperior
|-damage|p2a: Serperior|61/100
|-resisted|p2a: Serperior
|-damage|p2a: Serperior|49/100
|-hitcount|p2a: Serperior|2
|
|-heal|p2a: Serperior|55/100|[from] item: Leftovers
|upkeep
|turn|18
|
|t:|1769429789
|move|p1a: Ippo|Mach Punch|p2a: Serperior
|-damage|p2a: Serperior|17/100
|move|p2a: Serperior|Leaf Storm|p1a: Ippo
|-resisted|p1a: Ippo
|-damage|p1a: Ippo|0 fnt
|-boost|p2a: Serperior|spa|2
|faint|p1a: Ippo
|
|-heal|p2a: Serperior|23/100|[from] item: Leftovers
|upkeep
|
|t:|1769429791
|switch|p1a: Dragonite|Dragonite, F|100/100
|turn|19
|
|t:|1769429797
|move|p1a: Dragonite|Extreme Speed|p2a: Serperior
|-damage|p2a: Serperior|0 fnt
|faint|p2a: Serperior
|
|upkeep
|
|t:|1769429807
|switch|p2a: Cinderace|Cinderace, M|100/100
|turn|20
|
|t:|1769429810
|move|p2a: Cinderace|Court Change|p2a: Cinderace
|-start|p2a: Cinderace|typechange|Normal|[from] ability: Libero
|-swapsideconditions
|-activate|p2a: Cinderace|move: Court Change
|move|p1a: Dragonite|Dragon Dance|p1a: Dragonite
|-boost|p1a: Dragonite|atk|1
|-boost|p1a: Dragonite|spe|1
|
|upkeep
|turn|21
|
|t:|1769429826
|move|p1a: Dragonite|Extreme Speed|p2a: Cinderace
|-damage|p2a: Cinderace|38/100
|move|p2a: Cinderace|Pyro Ball|p1a: Dragonite
|-resisted|p1a: Dragonite
|-damage|p1a: Dragonite|90/100
|
|upkeep
|turn|22
|
|t:|1769429831
|move|p1a: Dragonite|Extreme Speed|p2a: Cinderace
|-damage|p2a: Cinderace|0 fnt
|faint|p2a: Cinderace
|
|upkeep
|
|t:|1769429833
|switch|p2a: Kingambit|Kingambit, F|87/100
|-activate|p2a: Kingambit|move: Sticky Web
|-unboost|p2a: Kingambit|spe|1
|-ability|p2a: Kingambit|Defiant|boost
|-boost|p2a: Kingambit|atk|2
|turn|23
|
|t:|1769429839
|-terastallize|p1a: Dragonite|Fire
|-terastallize|p2a: Kingambit|Ghost
|move|p1a: Dragonite|Fire Punch|p2a: Kingambit
|-damage|p2a: Kingambit|41/100
|move|p2a: Kingambit|Kowtow Cleave|p1a: Dragonite
|-damage|p1a: Dragonite|0 fnt
|faint|p1a: Dragonite
|
|-heal|p2a: Kingambit|47/100|[from] item: Leftovers
|upkeep
|
|t:|1769429848
|switch|p1a: Great Tusk|Great Tusk|100/100
|turn|24
|
|t:|1769429868
|move|p1a: Great Tusk|Headlong Rush|p2a: Kingambit
|-damage|p2a: Kingambit|4/100
|-unboost|p1a: Great Tusk|def|1
|-unboost|p1a: Great Tusk|spd|1
|move|p2a: Kingambit|Swords Dance|p2a: Kingambit
|-boost|p2a: Kingambit|atk|2
|
|-heal|p2a: Kingambit|10/100|[from] item: Leftovers
|upkeep
|turn|25
|
|t:|1769429873
|move|p2a: Kingambit|Sucker Punch|p1a: Great Tusk
|-resisted|p1a: Great Tusk
|-crit|p1a: Great Tusk
|-damage|p1a: Great Tusk|0 fnt
|faint|p1a: Great Tusk
|-end|p1a: Great Tusk|Protosynthesis|[silent]
|
|-heal|p2a: Kingambit|16/100|[from] item: Leftovers
|upkeep
|
|t:|1769429876
|switch|p1a: Hatterene|Hatterene, F|100/100
|turn|26
|
|t:|1769429879
|move|p2a: Kingambit|Sucker Punch|p1a: Hatterene
|-damage|p1a: Hatterene|0 fnt
|faint|p1a: Hatterene
|
|win|Kanha Greninja
|raw|elpets's rating: 1697 &rarr; <strong>1668</strong><br />(-29 for losing)
|raw|Kanha Greninja's rating: 1531 &rarr; <strong>1560</strong><br />(+29 for winning)
|l|☆Kanha Greninja
|player|p2|
|l|☆elpets
|player|p1|
|l| NShF
