|j|☆Leap Call
|j|☆valiums
|t:|1769438689
|gametype|singles
|player|p1|Leap Call|265|1472
|player|p2|valiums|iono-masters2|1441
|gen|9
|tier|[Gen 9] OU
|rated|
|rule|HP Percentage Mod: HP is shown in percentages
|rule|Endless Battle Clause: Forcing endless battles is banned
|rule|Species Clause: Limit one of each Pokémon
|rule|OHKO Clause: OHKO moves are banned
|rule|Evasion Items Clause: Evasion items are banned
|rule|Evasion Moves Clause: Evasion moves are banned
|rule|Evasion Abilities Clause: Evasion abilities are banned
|rule|Sleep Moves Clause: Sleep-inducing moves are banned
|clearpoke
|poke|p1|Cinderace, F|
|poke|p1|Lokix, M|
|poke|p1|Corviknight, M|
|poke|p1|Garganacl, F|
|poke|p1|Dragapult, M|
|poke|p1|Empoleon, F|
|poke|p2|Pecharunt|
|poke|p2|Hatterene, F|
|poke|p2|Rillaboom, F|
|poke|p2|Ceruledge, F|
|poke|p2|Iron Treads|
|poke|p2|Araquanid, F|
|teampreview
|
|t:|1769438697
|teamsize|p1|6
|teamsize|p2|6
|start
|switch|p1a: Empoleon|Empoleon, F|100/100
|switch|p2a: Ceruledge|Ceruledge, F, shiny|100/100
|turn|1
|
|t:|1769438705
|move|p2a: Ceruledge|Close Combat|p1a: Empoleon
|-supereffective|p1a: Empoleon
|-damage|p1a: Empoleon|21/100
|-unboost|p2a: Ceruledge|def|1
|-unboost|p2a: Ceruledge|spd|1
|move|p1a: Empoleon|Surf|p2a: Ceruledge
|-supereffective|p2a: Ceruledge
|-enditem|p2a: Ceruledge|Focus Sash
|-damage|p2a: Ceruledge|1/100
|
|-heal|p1a: Empoleon|27/100|[from] item: Leftovers
|upkeep
|turn|2
|
|t:|1769438720
|switch|p1a: Gargle|Garganacl, F|100/100
|move|p2a: Ceruledge|Bitter Blade|p1a: Gargle
|-resisted|p1a: Gargle
|-damage|p1a: Gargle|86/100
|-heal|p2a: Ceruledge|11/100|[from] drain|[of] p1a: Gargle
|
|-heal|p1a: Gargle|92/100|[from] item: Leftovers
|upkeep
|turn|3
|
|t:|1769438727
|switch|p2a: Araquanid|Araquanid, F, shiny|100/100
|move|p1a: Gargle|Salt Cure|p2a: Araquanid
|-supereffective|p2a: Araquanid
|-damage|p2a: Araquanid|74/100
|-start|p2a: Araquanid|Salt Cure
|
|-heal|p1a: Gargle|99/100|[from] item: Leftovers
|-damage|p2a: Araquanid|49/100|[from] Salt Cure
|upkeep
|turn|4
|
|t:|1769438771
|switch|p1a: Empoleon|Empoleon, F|27/100
|move|p2a: Araquanid|Surf|p1a: Empoleon
|-resisted|p1a: Empoleon
|-damage|p1a: Empoleon|9/100
|
|-heal|p1a: Empoleon|16/100|[from] item: Leftovers
|-damage|p2a: Araquanid|24/100|[from] Salt Cure
|upkeep
|turn|5
|-enditem|p2a: Araquanid|Custap Berry|[eat]
|-activate|p2a: Araquanid|item: Custap Berry|[consumed]
|
|t:|1769438776
|move|p2a: Araquanid|Sticky Web|p1a: Empoleon
|-sidestart|p1: Leap Call|move: Sticky Web
|move|p1a: Empoleon|Stealth Rock|p2a: Araquanid
|-sidestart|p2: valiums|move: Stealth Rock
|
|-heal|p1a: Empoleon|22/100|[from] item: Leftovers
|-damage|p2a: Araquanid|0 fnt|[from] Salt Cure
|faint|p2a: Araquanid
|upkeep
|
|t:|1769438785
|switch|p2a: Rillaboom|Rillaboom, F, shiny|100/100
|-damage|p2a: Rillaboom|88/100|[from] Stealth Rock
|-fieldstart|move: Grassy Terrain|[from] ability: Grassy Surge|[of] p2a: Rillaboom
|turn|6
|
|t:|1769438788
|move|p2a: Rillaboom|Knock Off|p1a: Empoleon
|-damage|p1a: Empoleon|0 fnt
|-enditem|p1a: Empoleon|Leftovers|[from] move: Knock Off|[of] p2a: Rillaboom
|faint|p1a: Empoleon
|
|-heal|p2a: Rillaboom|94/100|[from] Grassy Terrain
|upkeep
|
|t:|1769438801
|switch|p1a: Low Kicks|Lokix, M, shiny|100/100
|-activate|p1a: Low Kicks|move: Sticky Web
|-unboost|p1a: Low Kicks|spe|1
|turn|7
|
|t:|1769438817
|switch|p2a: Pecharunt|Pecharunt|100/100
|move|p1a: Low Kicks|U-turn|p2a: Pecharunt
|-resisted|p2a: Pecharunt
|-damage|p2a: Pecharunt|86/100
|
|t:|1769438822
|switch|p1a: Ejac|Dragapult, M, shiny|100/100|[from] U-turn
|-activate|p1a: Ejac|move: Sticky Web
|-fail|p1a: Ejac|unboost|[from] ability: Clear Body|[of] p1a: Ejac
|
|-heal|p2a: Pecharunt|92/100|[from] Grassy Terrain
|upkeep
|turn|8
|
|t:|1769438829
|-terastallize|p2a: Pecharunt|Water
|move|p1a: Ejac|Will-O-Wisp|p2a: Pecharunt
|-status|p2a: Pecharunt|brn
|move|p2a: Pecharunt|Malignant Chain|p1a: Ejac
|-resisted|p1a: Ejac
|-damage|p1a: Ejac|78/100
|
|-heal|p1a: Ejac|84/100|[from] Grassy Terrain
|-heal|p2a: Pecharunt|98/100 brn|[from] Grassy Terrain
|-damage|p2a: Pecharunt|92/100 brn|[from] brn
|upkeep
|turn|9
|
|t:|1769438855
|move|p1a: Ejac|Hex|p2a: Pecharunt
|-damage|p2a: Pecharunt|13/100 brn
|-damage|p1a: Ejac|74/100|[from] item: Life Orb
|move|p2a: Pecharunt|Parting Shot|p1a: Ejac
|-fail|p1a: Ejac|unboost|[from] ability: Clear Body|[of] p1a: Ejac
|
|-heal|p1a: Ejac|80/100|[from] Grassy Terrain
|-heal|p2a: Pecharunt|19/100 brn|[from] Grassy Terrain
|-damage|p2a: Pecharunt|13/100 brn|[from] brn
|upkeep
|turn|10
|c|☆Leap Call|sorry man
|c|☆Leap Call|im still getting used to this gen's whack mechanics
|c|☆Leap Call|too
|
|t:|1769438911
|move|p1a: Ejac|Hex|p2a: Pecharunt
|-damage|p2a: Pecharunt|0 fnt
|faint|p2a: Pecharunt
|-damage|p1a: Ejac|70/100|[from] item: Life Orb
|
|-heal|p1a: Ejac|76/100|[from] Grassy Terrain
|-fieldend|move: Grassy Terrain
|upkeep
|
|t:|1769438913
|switch|p2a: Iron Treads|Iron Treads|100/100
|-damage|p2a: Iron Treads|97/100|[from] Stealth Rock
|-enditem|p2a: Iron Treads|Booster Energy
|-activate|p2a: Iron Treads|ability: Quark Drive|[fromitem]
|-start|p2a: Iron Treads|quarkdrivespe
|turn|11
|
|t:|1769438922
|move|p2a: Iron Treads|Ice Spinner|p1a: Ejac
|-supereffective|p1a: Ejac
|-damage|p1a: Ejac|6/100
|move|p1a: Ejac|Will-O-Wisp|p2a: Iron Treads
|-status|p2a: Iron Treads|brn
|
|-damage|p2a: Iron Treads|91/100 brn|[from] brn
|upkeep
|turn|12
|inactive|Battle timer is ON: inactive players will automatically lose when time's up. (requested by Leap Call)
|
|t:|1769438958
|switch|p1a: Kniggit|Corviknight, M|100/100
|-ability|p1a: Kniggit|Pressure
|move|p2a: Iron Treads|Rapid Spin|p1a: Kniggit
|-resisted|p1a: Kniggit
|-damage|p1a: Kniggit|98/100
|-boost|p2a: Iron Treads|spe|1
|-damage|p2a: Iron Treads|75/100 brn|[from] item: Rocky Helmet|[of] p1a: Kniggit
|-sideend|p2: valiums|Stealth Rock|[from] move: Rapid Spin|[of] p2a: Iron Treads
|
|-damage|p2a: Iron Treads|68/100 brn|[from] brn
|upkeep
|turn|13
|
|t:|1769438966
|-end|p2a: Iron Treads|Quark Drive|[silent]
|switch|p2a: Rillaboom|Rillaboom, F, shiny|94/100
|-fieldstart|move: Grassy Terrain|[from] ability: Grassy Surge|[of] p2a: Rillaboom
|move|p1a: Kniggit|U-turn|p2a: Rillaboom
|-supereffective|p2a: Rillaboom
|-damage|p2a: Rillaboom|65/100
|
|t:|1769438968
|switch|p1a: Low Kicks|Lokix, M, shiny|100/100|[from] U-turn
|-activate|p1a: Low Kicks|move: Sticky Web
|-unboost|p1a: Low Kicks|spe|1
|
|-heal|p2a: Rillaboom|71/100|[from] Grassy Terrain
|upkeep
|turn|14
|
|t:|1769438987
|switch|p2a: Iron Treads|Iron Treads|68/100 brn
|-terastallize|p1a: Low Kicks|Bug
|move|p1a: Low Kicks|First Impression|p2a: Iron Treads
|-resisted|p2a: Iron Treads
|-damage|p2a: Iron Treads|0 fnt
|faint|p2a: Iron Treads
|-end|p2a: Iron Treads|Quark Drive|[silent]
|
|upkeep
|inactive|valiums has 120 seconds left.
|
|t:|1769439022
|switch|p2a: Hatterene|Hatterene, F, shiny|100/100
|-enditem|p2a: Hatterene|Grassy Seed
|-boost|p2a: Hatterene|def|1|[from] item: Grassy Seed
|turn|15
|inactive|Leap Call has 120 seconds left.
|
|t:|1769439059
|switch|p1a: Ejac|Dragapult, M, shiny|6/100
|-activate|p1a: Ejac|move: Sticky Web
|-fail|p1a: Ejac|unboost|[from] ability: Clear Body|[of] p1a: Ejac
|move|p2a: Hatterene|Calm Mind|p2a: Hatterene
|-boost|p2a: Hatterene|spa|1
|-boost|p2a: Hatterene|spd|1
|
|-heal|p1a: Ejac|12/100|[from] Grassy Terrain
|upkeep
|turn|16
|inactive|Leap Call has 120 seconds left.
|inactive|valiums has 120 seconds left.
|
|t:|1769439074
|switch|p1a: Soul of Cinder|Cinderace, F|100/100
|move|p2a: Hatterene|Calm Mind|p2a: Hatterene
|-boost|p2a: Hatterene|spa|1
|-boost|p2a: Hatterene|spd|1
|
|upkeep
|turn|17
|inactive|Leap Call has 120 seconds left.
|inactive|valiums has 120 seconds left.
|
|t:|1769439080
|move|p1a: Soul of Cinder|Gunk Shot|p2a: Hatterene
|-start|p1a: Soul of Cinder|typechange|Poison|[from] ability: Libero
|-supereffective|p2a: Hatterene
|-damage|p2a: Hatterene|38/100
|move|p2a: Hatterene|Stored Power|p1a: Soul of Cinder
|-supereffective|p1a: Soul of Cinder
|-damage|p1a: Soul of Cinder|0 fnt
|faint|p1a: Soul of Cinder
|
|-heal|p2a: Hatterene|44/100|[from] Grassy Terrain
|-fieldend|move: Grassy Terrain
|upkeep
|inactive|Leap Call has 120 seconds left.
|
|t:|1769439086
|switch|p1a: Low Kicks|Lokix, M, shiny, tera:Bug|100/100
|-activate|p1a: Low Kicks|move: Sticky Web
|-unboost|p1a: Low Kicks|spe|1
|turn|18
|
|t:|1769439100
|move|p1a: Low Kicks|First Impression|p2a: Hatterene
|-damage|p2a: Hatterene|3/100
|move|p2a: Hatterene|Healing Wish|p2a: Hatterene
|faint|p2a: Hatterene
|
|upkeep
|
|t:|1769439107
|switch|p2a: Ceruledge|Ceruledge, F, shiny|11/100
|-heal|p2a: Ceruledge|100/100|[from] move: Healing Wish
|turn|19
|inactive|valiums has 120 seconds left.
|
|t:|1769439130
|switch|p1a: Gargle|Garganacl, F|99/100
|-activate|p1a: Gargle|move: Sticky Web
|-unboost|p1a: Gargle|spe|1
|move|p2a: Ceruledge|Close Combat|p1a: Gargle
|-supereffective|p1a: Gargle
|-damage|p1a: Gargle|48/100
|-unboost|p2a: Ceruledge|def|1
|-unboost|p2a: Ceruledge|spd|1
|
|-heal|p1a: Gargle|54/100|[from] item: Leftovers
|upkeep
|turn|20
|inactive|valiums has 120 seconds left.
|
|t:|1769439141
|switch|p2a: Rillaboom|Rillaboom, F, shiny|71/100
|-fieldstart|move: Grassy Terrain|[from] ability: Grassy Surge|[of] p2a: Rillaboom
|move|p1a: Gargle|Salt Cure|p2a: Rillaboom
|-damage|p2a: Rillaboom|59/100
|-start|p2a: Rillaboom|Salt Cure
|
|-heal|p2a: Rillaboom|65/100|[from] Grassy Terrain
|-heal|p1a: Gargle|60/100|[from] Grassy Terrain
|-heal|p1a: Gargle|66/100|[from] item: Leftovers
|-damage|p2a: Rillaboom|53/100|[from] Salt Cure
|upkeep
|turn|21
|
|t:|1769439151
|switch|p1a: Kniggit|Corviknight, M|98/100
|-ability|p1a: Kniggit|Pressure
|move|p2a: Rillaboom|Knock Off|p1a: Kniggit
|-damage|p1a: Kniggit|78/100
|-damage|p2a: Rillaboom|36/100|[from] item: Rocky Helmet|[of] p1a: Kniggit
|-enditem|p1a: Kniggit|Rocky Helmet|[from] move: Knock Off|[of] p2a: Rillaboom
|
|-heal|p2a: Rillaboom|42/100|[from] Grassy Terrain
|-damage|p2a: Rillaboom|30/100|[from] Salt Cure
|upkeep
|turn|22
|
|t:|1769439155
|move|p2a: Rillaboom|U-turn|p1a: Kniggit
|-resisted|p1a: Kniggit
|-damage|p1a: Kniggit|75/100
|
|t:|1769439158
|switch|p2a: Ceruledge|Ceruledge, F, shiny|100/100|[from] U-turn
|move|p1a: Kniggit|U-turn|p2a: Ceruledge
|-resisted|p2a: Ceruledge
|-damage|p2a: Ceruledge|96/100
|-ability|p2a: Ceruledge|Weak Armor|boost
|-unboost|p2a: Ceruledge|def|1
|-boost|p2a: Ceruledge|spe|2
|
|t:|1769439163
|switch|p1a: Gargle|Garganacl, F|66/100|[from] U-turn
|-activate|p1a: Gargle|move: Sticky Web
|-unboost|p1a: Gargle|spe|1
|
|-heal|p2a: Ceruledge|100/100|[from] Grassy Terrain
|-heal|p1a: Gargle|72/100|[from] Grassy Terrain
|-heal|p1a: Gargle|78/100|[from] item: Leftovers
|upkeep
|turn|23
|
|t:|1769439169
|move|p2a: Ceruledge|Close Combat|p1a: Gargle
|-supereffective|p1a: Gargle
|-damage|p1a: Gargle|22/100
|-unboost|p2a: Ceruledge|def|1
|-unboost|p2a: Ceruledge|spd|1
|move|p1a: Gargle|Salt Cure|p2a: Ceruledge
|-supereffective|p2a: Ceruledge
|-damage|p2a: Ceruledge|34/100
|-start|p2a: Ceruledge|Salt Cure
|-ability|p2a: Ceruledge|Weak Armor|boost
|-unboost|p2a: Ceruledge|def|1
|-boost|p2a: Ceruledge|spe|2
|
|-heal|p2a: Ceruledge|40/100|[from] Grassy Terrain
|-heal|p1a: Gargle|28/100|[from] Grassy Terrain
|-heal|p1a: Gargle|34/100|[from] item: Leftovers
|-damage|p2a: Ceruledge|28/100|[from] Salt Cure
|upkeep
|turn|24
|
|t:|1769439177
|move|p2a: Ceruledge|Close Combat|p1a: Gargle
|-supereffective|p1a: Gargle
|-damage|p1a: Gargle|0 fnt
|-unboost|p2a: Ceruledge|def|1
|-unboost|p2a: Ceruledge|spd|1
|faint|p1a: Gargle
|
|-heal|p2a: Ceruledge|34/100|[from] Grassy Terrain
|-damage|p2a: Ceruledge|21/100|[from] Salt Cure
|-fieldend|move: Grassy Terrain
|upkeep
|
|t:|1769439182
|switch|p1a: Low Kicks|Lokix, M, shiny, tera:Bug|100/100
|-activate|p1a: Low Kicks|move: Sticky Web
|-unboost|p1a: Low Kicks|spe|1
|turn|25
|c|☆Leap Call|gg
|
|t:|1769439187
|switch|p2a: Rillaboom|Rillaboom, F, shiny|30/100
|-fieldstart|move: Grassy Terrain|[from] ability: Grassy Surge|[of] p2a: Rillaboom
|move|p1a: Low Kicks|First Impression|p2a: Rillaboom
|-supereffective|p2a: Rillaboom
|-damage|p2a: Rillaboom|0 fnt
|faint|p2a: Rillaboom
|
|upkeep
|
|t:|1769439190
|switch|p2a: Ceruledge|Ceruledge, F, shiny|21/100
|turn|26
|
|t:|1769439193
|switch|p1a: Ejac|Dragapult, M, shiny|12/100
|-activate|p1a: Ejac|move: Sticky Web
|-fail|p1a: Ejac|unboost|[from] ability: Clear Body|[of] p1a: Ejac
|move|p2a: Ceruledge|Bitter Blade|p1a: Ejac
|-resisted|p1a: Ejac
|-crit|p1a: Ejac
|-damage|p1a: Ejac|0 fnt
|-heal|p2a: Ceruledge|28/100|[from] drain|[of] p1a: Ejac
|faint|p1a: Ejac
|
|-heal|p2a: Ceruledge|34/100|[from] Grassy Terrain
|upkeep
|
|t:|1769439195
|switch|p1a: Low Kicks|Lokix, M, shiny, tera:Bug|100/100
|-activate|p1a: Low Kicks|move: Sticky Web
|-unboost|p1a: Low Kicks|spe|1
|turn|27
|
|t:|1769439200
|move|p1a: Low Kicks|First Impression|p2a: Ceruledge
|-resisted|p2a: Ceruledge
|-damage|p2a: Ceruledge|0 fnt
|faint|p2a: Ceruledge
|
|win|Leap Call
|raw|Leap Call's rating: 1472 &rarr; <strong>1491</strong><br />(+19 for winning)
|raw|valiums's rating: 1459 &rarr; <strong>1440</strong><br />(-19 for losing)
|l|☆valiums
|player|p2|
