|j|☆bvbjonas98
|j|☆Dark-J-K_78
|t:|1769338054
|gametype|singles
|player|p1|bvbjonas98|wattson|1576
|player|p2|Dark-J-K_78|n|1567
|gen|9
|tier|[Gen 9] OU
|rated|
|rule|HP Percentage Mod: HP is shown in percentages
|rule|Endless Battle Clause: Forcing endless battles is banned
|rule|Species Clause: Limit one of each Pokémon
|rule|OHKO Clause: OHKO moves are banned
|rule|Evasion Items Clause: Evasion items are banned
|rule|Evasion Moves Clause: Evasion moves are banned
|rule|Evasion Abilities Clause: Evasion abilities are banned
|rule|Sleep Moves Clause: Sleep-inducing moves are banned
|clearpoke
|poke|p1|Ceruledge, F|
|poke|p1|Clefable, F|
|poke|p1|Corviknight, M|
|poke|p1|Rotom-Wash|
|poke|p1|Clodsire, F|
|poke|p1|Meowscarada, M|
|poke|p2|Samurott-Hisui, M|
|poke|p2|Iron Valiant|
|poke|p2|Goodra-Hisui, F|
|poke|p2|Mimikyu, F|
|poke|p2|Iron Treads|
|poke|p2|Zapdos|
|teampreview
|
|t:|1769338066
|teamsize|p1|6
|teamsize|p2|6
|start
|switch|p1a: Meowscarada|Meowscarada, M|100/100
|switch|p2a: Goodra|Goodra-Hisui, F|100/100
|turn|1
|inactive|Battle timer is ON: inactive players will automatically lose when time's up. (requested by bvbjonas98)
|
|t:|1769338090
|move|p1a: Meowscarada|Knock Off|p2a: Goodra
|-start|p1a: Meowscarada|typechange|Dark|[from] ability: Protean
|-damage|p2a: Goodra|60/100
|-enditem|p2a: Goodra|Assault Vest|[from] move: Knock Off|[of] p1a: Meowscarada
|move|p2a: Goodra|Flash Cannon|p1a: Meowscarada
|-damage|p1a: Meowscarada|35/100
|
|upkeep
|turn|2
|
|t:|1769338103
|switch|p2a: Zapdos|Zapdos|100/100
|move|p1a: Meowscarada|U-turn|p2a: Zapdos
|-resisted|p2a: Zapdos
|-damage|p2a: Zapdos|92/100
|
|t:|1769338112
|switch|p1a: Clodsire|Clodsire, F|100/100|[from] U-turn
|
|upkeep
|turn|3
|
|t:|1769338118
|switch|p2a: Iron Treads|Iron Treads|100/100
|move|p1a: Clodsire|Earthquake|p2a: Iron Treads
|-supereffective|p2a: Iron Treads
|-damage|p2a: Iron Treads|58/100
|
|-heal|p2a: Iron Treads|65/100|[from] item: Leftovers
|upkeep
|turn|4
|
|t:|1769338126
|switch|p1a: Corviknight|Corviknight, M|100/100
|move|p2a: Iron Treads|Earthquake|p1a: Corviknight
|-immune|p1a: Corviknight
|
|-heal|p2a: Iron Treads|71/100|[from] item: Leftovers
|upkeep
|turn|5
|
|t:|1769338133
|move|p2a: Iron Treads|Stealth Rock|p1a: Corviknight
|-sidestart|p1: bvbjonas98|move: Stealth Rock
|move|p1a: Corviknight|U-turn|p2a: Iron Treads
|-resisted|p2a: Iron Treads
|-damage|p2a: Iron Treads|66/100
|
|t:|1769338139
|switch|p1a: Rotom|Rotom-Wash|100/100|[from] U-turn
|-damage|p1a: Rotom|88/100|[from] Stealth Rock
|
|-heal|p2a: Iron Treads|72/100|[from] item: Leftovers
|upkeep
|turn|6
|
|t:|1769338146
|-end|p2a: Iron Treads|Quark Drive|[silent]
|switch|p2a: Goodra|Goodra-Hisui, F|60/100
|move|p1a: Rotom|Volt Switch|p2a: Goodra
|-resisted|p2a: Goodra
|-damage|p2a: Goodra|49/100
|
|t:|1769338152
|switch|p1a: Clodsire|Clodsire, F|100/100|[from] Volt Switch
|-damage|p1a: Clodsire|94/100|[from] Stealth Rock
|
|-heal|p1a: Clodsire|100/100|[from] item: Black Sludge
|upkeep
|turn|7
|
|t:|1769338169
|switch|p2a: Zapdos|Zapdos|92/100
|move|p1a: Clodsire|Earthquake|p2a: Zapdos
|-immune|p2a: Zapdos
|
|upkeep
|turn|8
|
|t:|1769338177
|switch|p2a: Iron Treads|Iron Treads|72/100
|move|p1a: Clodsire|Earthquake|p2a: Iron Treads
|-supereffective|p2a: Iron Treads
|-damage|p2a: Iron Treads|31/100
|
|-heal|p2a: Iron Treads|37/100|[from] item: Leftovers
|upkeep
|turn|9
|
|t:|1769338185
|switch|p1a: Corviknight|Corviknight, M|100/100
|-damage|p1a: Corviknight|88/100|[from] Stealth Rock
|move|p2a: Iron Treads|Earthquake|p1a: Corviknight
|-immune|p1a: Corviknight
|
|-heal|p2a: Iron Treads|44/100|[from] item: Leftovers
|upkeep
|turn|10
|
|t:|1769338193
|move|p2a: Iron Treads|Volt Switch|p1a: Corviknight
|-supereffective|p1a: Corviknight
|-damage|p1a: Corviknight|67/100
|
|t:|1769338197
|-end|p2a: Iron Treads|Quark Drive|[silent]
|switch|p2a: Iron Valiant|Iron Valiant|100/100|[from] Volt Switch
|move|p1a: Corviknight|Defog|p2a: Iron Valiant
|-unboost|p2a: Iron Valiant|evasion|1
|-sideend|p1: bvbjonas98|Stealth Rock|[from] move: Defog|[of] p1a: Corviknight
|
|upkeep
|turn|11
|
|t:|1769338204
|move|p2a: Iron Valiant|Trick|p1a: Corviknight
|-activate|p2a: Iron Valiant|move: Trick|[of] p1a: Corviknight
|-item|p1a: Corviknight|Choice Scarf|[from] move: Trick
|-item|p2a: Iron Valiant|Rocky Helmet|[from] move: Trick
|move|p1a: Corviknight|Roost|p1a: Corviknight
|-heal|p1a: Corviknight|100/100
|-singleturn|p1a: Corviknight|move: Roost
|
|upkeep
|turn|12
|
|t:|1769338213
|-end|p2a: Iron Valiant|Quark Drive|[silent]
|switch|p2a: Iron Treads|Iron Treads|44/100
|switch|p1a: Clodsire|Clodsire, F|100/100
|
|-heal|p2a: Iron Treads|50/100|[from] item: Leftovers
|upkeep
|turn|13
|
|t:|1769338228
|switch|p1a: Corviknight|Corviknight, M|100/100
|move|p2a: Iron Treads|Earthquake|p1a: Corviknight
|-immune|p1a: Corviknight
|
|-heal|p2a: Iron Treads|56/100|[from] item: Leftovers
|upkeep
|turn|14
|
|t:|1769338235
|-end|p2a: Iron Treads|Quark Drive|[silent]
|switch|p2a: Zapdos|Zapdos|92/100
|move|p1a: Corviknight|Body Press|p2a: Zapdos
|-resisted|p2a: Zapdos
|-damage|p2a: Zapdos|82/100
|
|upkeep
|turn|15
|
|t:|1769338244
|switch|p1a: Clodsire|Clodsire, F|100/100
|switch|p2a: Mimikyu|Mimikyu, F|100/100
|
|upkeep
|turn|16
|
|t:|1769338252
|move|p2a: Mimikyu|Shadow Claw|p1a: Clodsire
|-damage|p1a: Clodsire|60/100
|-damage|p2a: Mimikyu|91/100|[from] item: Life Orb
|move|p1a: Clodsire|Toxic|p2a: Mimikyu
|-status|p2a: Mimikyu|tox
|
|-heal|p1a: Clodsire|66/100|[from] item: Black Sludge
|-damage|p2a: Mimikyu|85/100 tox|[from] psn
|upkeep
|turn|17
|
|t:|1769338264
|switch|p2a: Iron Treads|Iron Treads|56/100
|move|p1a: Clodsire|Recover|p1a: Clodsire
|-heal|p1a: Clodsire|100/100
|
|-heal|p2a: Iron Treads|62/100|[from] item: Leftovers
|upkeep
|turn|18
|
|t:|1769338272
|switch|p1a: Corviknight|Corviknight, M|100/100
|move|p2a: Iron Treads|Stealth Rock|p1a: Corviknight
|-sidestart|p1: bvbjonas98|move: Stealth Rock
|
|-heal|p2a: Iron Treads|69/100|[from] item: Leftovers
|upkeep
|turn|19
|
|t:|1769338279
|move|p2a: Iron Treads|Volt Switch|p1a: Corviknight
|-supereffective|p1a: Corviknight
|-damage|p1a: Corviknight|80/100
|
|t:|1769338283
|-end|p2a: Iron Treads|Quark Drive|[silent]
|switch|p2a: Samurott|Samurott-Hisui, M|100/100|[from] Volt Switch
|move|p1a: Corviknight|Defog|p2a: Samurott
|-unboost|p2a: Samurott|evasion|1
|-sideend|p1: bvbjonas98|Stealth Rock|[from] move: Defog|[of] p1a: Corviknight
|
|upkeep
|turn|20
|
|t:|1769338293
|switch|p1a: Clefable|Clefable, F|100/100
|move|p2a: Samurott|Aqua Cutter|p1a: Clefable
|-damage|p1a: Clefable|64/100
|
|upkeep
|turn|21
|
|t:|1769338306
|switch|p2a: Goodra|Goodra-Hisui, F|49/100
|move|p1a: Clefable|Moonlight|p1a: Clefable
|-heal|p1a: Clefable|100/100
|
|upkeep
|turn|22
|
|t:|1769338316
|switch|p1a: Ceruledge|Ceruledge, F, shiny|100/100
|move|p2a: Goodra|Ice Beam|p1a: Ceruledge
|-resisted|p1a: Ceruledge
|-damage|p1a: Ceruledge|89/100
|
|-heal|p1a: Ceruledge|95/100|[from] item: Leftovers
|upkeep
|turn|23
|
|t:|1769338324
|switch|p2a: Zapdos|Zapdos|82/100
|move|p1a: Ceruledge|Bulk Up|p1a: Ceruledge
|-boost|p1a: Ceruledge|atk|1
|-boost|p1a: Ceruledge|def|1
|
|-heal|p1a: Ceruledge|100/100|[from] item: Leftovers
|upkeep
|turn|24
|l|☆bvbjonas98
|inactive|bvbjonas98 disconnected and has a minute to reconnect!
|player|p1|
|j|☆bvbjonas98
|inactive|bvbjonas98 reconnected and has 125 seconds left.
|player|p1|bvbjonas98|wattson|
|
|t:|1769338353
|move|p2a: Zapdos|Thunder Wave|p1a: Ceruledge
|-status|p1a: Ceruledge|par
|move|p1a: Ceruledge|Bitter Blade|p2a: Zapdos
|-damage|p2a: Zapdos|43/100
|
|upkeep
|turn|25
|
|t:|1769338360
|move|p2a: Zapdos|Hurricane|p1a: Ceruledge
|-damage|p1a: Ceruledge|64/100 par
|-start|p1a: Ceruledge|confusion
|-activate|p1a: Ceruledge|confusion
|move|p1a: Ceruledge|Bitter Blade|p2a: Zapdos
|-damage|p2a: Zapdos|2/100
|-heal|p1a: Ceruledge|86/100 par|[from] drain|[of] p2a: Zapdos
|
|-heal|p1a: Ceruledge|93/100 par|[from] item: Leftovers
|upkeep
|turn|26
|
|t:|1769338371
|-end|p1a: Ceruledge|confusion
|move|p1a: Ceruledge|Shadow Sneak|p2a: Zapdos
|-damage|p2a: Zapdos|0 fnt
|faint|p2a: Zapdos
|
|-heal|p1a: Ceruledge|99/100 par|[from] item: Leftovers
|upkeep
|
|t:|1769338378
|switch|p2a: Mimikyu|Mimikyu, F|85/100 tox
|turn|27
|
|t:|1769338382
|switch|p1a: Corviknight|Corviknight, M|80/100
|move|p2a: Mimikyu|Swords Dance|p2a: Mimikyu
|-boost|p2a: Mimikyu|atk|2
|
|-damage|p2a: Mimikyu|79/100 tox|[from] psn
|upkeep
|turn|28
|
|t:|1769338390
|move|p2a: Mimikyu|Swords Dance|p2a: Mimikyu
|-boost|p2a: Mimikyu|atk|2
|move|p1a: Corviknight|U-turn|p2a: Mimikyu
|-activate|p2a: Mimikyu|ability: Disguise
|-damage|p2a: Mimikyu|79/100 tox
|detailschange|p2a: Mimikyu|Mimikyu-Busted, F
|-damage|p2a: Mimikyu|66/100 tox|[from] pokemon: Mimikyu-Busted
|
|t:|1769338398
|switch|p1a: Clefable|Clefable, F|100/100|[from] U-turn
|
|-damage|p2a: Mimikyu|54/100 tox|[from] psn
|upkeep
|turn|29
|
|t:|1769338407
|move|p2a: Mimikyu|Play Rough|p1a: Clefable
|-damage|p1a: Clefable|66/100
|-damage|p2a: Mimikyu|44/100 tox|[from] item: Life Orb
|move|p1a: Clefable|Calm Mind|p1a: Clefable
|-boost|p1a: Clefable|spa|1
|-boost|p1a: Clefable|spd|1
|
|-damage|p2a: Mimikyu|26/100 tox|[from] psn
|upkeep
|turn|30
|
|t:|1769338417
|switch|p2a: Goodra|Goodra-Hisui, F|49/100
|move|p1a: Clefable|Moonlight|p1a: Clefable
|-heal|p1a: Clefable|100/100
|
|upkeep
|turn|31
|
|t:|1769338424
|switch|p1a: Ceruledge|Ceruledge, F, shiny|99/100 par
|move|p2a: Goodra|Flash Cannon|p1a: Ceruledge
|-resisted|p1a: Ceruledge
|-damage|p1a: Ceruledge|82/100 par
|
|-heal|p1a: Ceruledge|88/100 par|[from] item: Leftovers
|upkeep
|turn|32
|
|t:|1769338432
|switch|p2a: Samurott|Samurott-Hisui, M|100/100
|move|p1a: Ceruledge|Bitter Blade|p2a: Samurott
|-resisted|p2a: Samurott
|-damage|p2a: Samurott|77/100
|-heal|p1a: Ceruledge|99/100 par|[from] drain|[of] p2a: Samurott
|
|-heal|p1a: Ceruledge|100/100 par|[from] item: Leftovers
|upkeep
|turn|33
|
|t:|1769338446
|switch|p1a: Clefable|Clefable, F|100/100
|move|p2a: Samurott|Ceaseless Edge|p1a: Clefable
|-resisted|p1a: Clefable
|-damage|p1a: Clefable|83/100
|-sidestart|p1: bvbjonas98|Spikes
|
|upkeep
|turn|34
|
|t:|1769338454
|switch|p2a: Iron Treads|Iron Treads|69/100
|move|p1a: Clefable|Moonblast|p2a: Iron Treads
|-resisted|p2a: Iron Treads
|-damage|p2a: Iron Treads|50/100
|
|-heal|p2a: Iron Treads|57/100|[from] item: Leftovers
|upkeep
|turn|35
|
|t:|1769338462
|move|p2a: Iron Treads|Volt Switch|p1a: Clefable
|-damage|p1a: Clefable|73/100
|
|t:|1769338466
|-end|p2a: Iron Treads|Quark Drive|[silent]
|switch|p2a: Goodra|Goodra-Hisui, F|49/100|[from] Volt Switch
|move|p1a: Clefable|Flamethrower|p2a: Goodra
|-damage|p2a: Goodra|37/100
|
|upkeep
|turn|36
|
|t:|1769338484
|switch|p1a: Ceruledge|Ceruledge, F, shiny|100/100 par
|-damage|p1a: Ceruledge|88/100 par|[from] Spikes
|move|p2a: Goodra|Earthquake|p1a: Ceruledge
|-supereffective|p1a: Ceruledge
|-damage|p1a: Ceruledge|42/100 par
|
|-heal|p1a: Ceruledge|48/100 par|[from] item: Leftovers
|upkeep
|turn|37
|
|t:|1769338494
|switch|p2a: Samurott|Samurott-Hisui, M|77/100
|move|p1a: Ceruledge|Bitter Blade|p2a: Samurott
|-resisted|p2a: Samurott
|-damage|p2a: Samurott|51/100
|-heal|p1a: Ceruledge|59/100 par|[from] drain|[of] p2a: Samurott
|
|-heal|p1a: Ceruledge|66/100 par|[from] item: Leftovers
|upkeep
|turn|38
|
|t:|1769338504
|switch|p1a: Corviknight|Corviknight, M|80/100
|move|p2a: Samurott|Knock Off|p1a: Corviknight
|-damage|p1a: Corviknight|56/100
|-enditem|p1a: Corviknight|Choice Scarf|[from] move: Knock Off|[of] p2a: Samurott
|
|upkeep
|turn|39
|
|t:|1769338516
|-terastallize|p2a: Samurott|Water
|move|p2a: Samurott|Aqua Cutter|p1a: Corviknight
|-damage|p1a: Corviknight|19/100
|move|p1a: Corviknight|Body Press|p2a: Samurott
|-damage|p2a: Samurott|17/100
|
|upkeep
|turn|40
|
|t:|1769338525
|move|p2a: Samurott|Ceaseless Edge|p1a: Corviknight
|-crit|p1a: Corviknight
|-damage|p1a: Corviknight|0 fnt
|-sidestart|p1: bvbjonas98|Spikes
|faint|p1a: Corviknight
|
|upkeep
|
|t:|1769338538
|switch|p1a: Meowscarada|Meowscarada, M|35/100
|turn|41
|
|t:|1769338543
|switch|p2a: Mimikyu|Mimikyu-Busted, F|26/100 tox
|move|p1a: Meowscarada|U-turn|p2a: Mimikyu
|-start|p1a: Meowscarada|typechange|Bug|[from] ability: Protean
|-resisted|p2a: Mimikyu
|-damage|p2a: Mimikyu|14/100 tox
|
|t:|1769338551
|switch|p1a: Clefable|Clefable, F|73/100|[from] U-turn
|
|-damage|p2a: Mimikyu|8/100 tox|[from] psn
|upkeep
|turn|42
|
|t:|1769338560
|switch|p2a: Goodra|Goodra-Hisui, F|37/100
|move|p1a: Clefable|Moonlight|p1a: Clefable
|-heal|p1a: Clefable|100/100
|
|upkeep
|turn|43
|
|t:|1769338570
|switch|p1a: Clodsire|Clodsire, F|100/100
|-damage|p1a: Clodsire|84/100|[from] Spikes
|move|p2a: Goodra|Ice Beam|p1a: Clodsire
|-supereffective|p1a: Clodsire
|-damage|p1a: Clodsire|51/100
|
|-heal|p1a: Clodsire|57/100|[from] item: Black Sludge
|upkeep
|turn|44
|
|t:|1769338579
|switch|p2a: Iron Treads|Iron Treads|57/100
|move|p1a: Clodsire|Earthquake|p2a: Iron Treads
|-supereffective|p2a: Iron Treads
|-damage|p2a: Iron Treads|13/100
|
|-heal|p2a: Iron Treads|19/100|[from] item: Leftovers
|-heal|p1a: Clodsire|63/100|[from] item: Black Sludge
|upkeep
|turn|45
|
|t:|1769338588
|switch|p1a: Rotom|Rotom-Wash|88/100
|move|p2a: Iron Treads|Stealth Rock|p1a: Rotom
|-sidestart|p1: bvbjonas98|move: Stealth Rock
|
|-heal|p2a: Iron Treads|25/100|[from] item: Leftovers
|upkeep
|turn|46
|
|t:|1769338595
|-end|p2a: Iron Treads|Quark Drive|[silent]
|switch|p2a: Mimikyu|Mimikyu-Busted, F|8/100 tox
|move|p1a: Rotom|Trick|p2a: Mimikyu
|-activate|p1a: Rotom|move: Trick|[of] p2a: Mimikyu
|-item|p2a: Mimikyu|Choice Scarf|[from] move: Trick
|-item|p1a: Rotom|Life Orb|[from] move: Trick
|
|-damage|p2a: Mimikyu|2/100 tox|[from] psn
|upkeep
|turn|47
|
|t:|1769338608
|switch|p1a: Clefable|Clefable, F|100/100
|move|p2a: Mimikyu|Shadow Claw|p1a: Clefable
|-damage|p1a: Clefable|80/100
|
|-damage|p2a: Mimikyu|0 fnt|[from] psn
|faint|p2a: Mimikyu
|upkeep
|
|t:|1769338617
|switch|p2a: Goodra|Goodra-Hisui, F|37/100
|turn|48
|
|t:|1769338628
|switch|p1a: Ceruledge|Ceruledge, F, shiny|66/100 par
|-damage|p1a: Ceruledge|49/100 par|[from] Spikes
|-damage|p1a: Ceruledge|24/100 par|[from] Stealth Rock
|move|p2a: Goodra|Flash Cannon|p1a: Ceruledge
|-resisted|p1a: Ceruledge
|-damage|p1a: Ceruledge|10/100 par
|
|-heal|p1a: Ceruledge|16/100 par|[from] item: Leftovers
|upkeep
|turn|49
|
|t:|1769338649
|cant|p1a: Ceruledge|par
|move|p2a: Goodra|Earthquake|p1a: Ceruledge
|-supereffective|p1a: Ceruledge
|-damage|p1a: Ceruledge|0 fnt
|faint|p1a: Ceruledge
|
|upkeep
|
|t:|1769338656
|switch|p1a: Meowscarada|Meowscarada, M|35/100
|turn|50
|
|t:|1769338670
|switch|p2a: Samurott|Samurott-Hisui, M, tera:Water|17/100
|move|p1a: Meowscarada|Knock Off|p2a: Samurott
|-start|p1a: Meowscarada|typechange|Dark|[from] ability: Protean
|-damage|p2a: Samurott|0 fnt
|-enditem|p2a: Samurott|Protective Pads|[from] move: Knock Off|[of] p1a: Meowscarada
|faint|p2a: Samurott
|
|upkeep
|
|t:|1769338675
|switch|p2a: Iron Valiant|Iron Valiant|100/100
|turn|51
|
|t:|1769338699
|switch|p1a: Clodsire|Clodsire, F|63/100
|-damage|p1a: Clodsire|47/100|[from] Spikes
|-damage|p1a: Clodsire|40/100|[from] Stealth Rock
|move|p2a: Iron Valiant|Close Combat|p1a: Clodsire
|-resisted|p1a: Clodsire
|-damage|p1a: Clodsire|11/100
|-unboost|p2a: Iron Valiant|def|1
|-unboost|p2a: Iron Valiant|spd|1
|
|-heal|p1a: Clodsire|17/100|[from] item: Black Sludge
|upkeep
|turn|52
|
|t:|1769338714
|move|p2a: Iron Valiant|Close Combat|p1a: Clodsire
|-resisted|p1a: Clodsire
|-damage|p1a: Clodsire|0 fnt
|-unboost|p2a: Iron Valiant|def|1
|-unboost|p2a: Iron Valiant|spd|1
|faint|p1a: Clodsire
|
|upkeep
|
|t:|1769338720
|switch|p1a: Rotom|Rotom-Wash|88/100
|-damage|p1a: Rotom|76/100|[from] Stealth Rock
|turn|53
|
|t:|1769338726
|-end|p2a: Iron Valiant|Quark Drive|[silent]
|switch|p2a: Iron Treads|Iron Treads|25/100
|move|p1a: Rotom|Hydro Pump|p2a: Iron Treads
|-supereffective|p2a: Iron Treads
|-damage|p2a: Iron Treads|0 fnt
|faint|p2a: Iron Treads
|-end|p2a: Iron Treads|Quark Drive|[silent]
|-damage|p1a: Rotom|66/100|[from] item: Life Orb
|
|upkeep
|
|t:|1769338732
|switch|p2a: Goodra|Goodra-Hisui, F|37/100
|turn|54
|
|t:|1769338740
|move|p1a: Rotom|Hydro Pump|p2a: Goodra
|-resisted|p2a: Goodra
|-damage|p2a: Goodra|14/100
|-damage|p1a: Rotom|56/100|[from] item: Life Orb
|move|p2a: Goodra|Flash Cannon|p1a: Rotom
|-resisted|p1a: Rotom
|-damage|p1a: Rotom|42/100
|
|upkeep
|turn|55
|
|t:|1769338749
|move|p1a: Rotom|Volt Switch|p2a: Goodra
|-resisted|p2a: Goodra
|-damage|p2a: Goodra|2/100
|-damage|p1a: Rotom|32/100|[from] item: Life Orb
|
|t:|1769338759
|switch|p1a: Meowscarada|Meowscarada, M|35/100|[from] Volt Switch
|move|p2a: Goodra|Flash Cannon|p1a: Meowscarada
|-damage|p1a: Meowscarada|0 fnt
|faint|p1a: Meowscarada
|
|upkeep
|
|t:|1769338765
|switch|p1a: Rotom|Rotom-Wash|32/100
|-damage|p1a: Rotom|20/100|[from] Stealth Rock
|turn|56
|
|t:|1769338770
|switch|p2a: Iron Valiant|Iron Valiant|100/100
|move|p1a: Rotom|Volt Switch|p2a: Iron Valiant
|-damage|p2a: Iron Valiant|22/100
|-damage|p1a: Rotom|10/100|[from] item: Life Orb
|
|t:|1769338776
|switch|p1a: Clefable|Clefable, F|80/100|[from] Volt Switch
|
|upkeep
|turn|57
|
|t:|1769338783
|move|p2a: Iron Valiant|Moonblast|p1a: Clefable
|-damage|p1a: Clefable|38/100
|move|p1a: Clefable|Moonlight|p1a: Clefable
|-heal|p1a: Clefable|88/100
|
|upkeep
|turn|58
|
|t:|1769338790
|move|p2a: Iron Valiant|Moonblast|p1a: Clefable
|-damage|p1a: Clefable|39/100
|-unboost|p1a: Clefable|spa|1
|move|p1a: Clefable|Moonblast|p2a: Iron Valiant
|-supereffective|p2a: Iron Valiant
|-damage|p2a: Iron Valiant|0 fnt
|faint|p2a: Iron Valiant
|-end|p2a: Iron Valiant|Quark Drive|[silent]
|
|upkeep
|
|t:|1769338793
|switch|p2a: Goodra|Goodra-Hisui, F|2/100
|turn|59
|
|t:|1769338802
|-terastallize|p1a: Clefable|Poison
|move|p1a: Clefable|Moonblast|p2a: Goodra
|-damage|p2a: Goodra|0 fnt
|faint|p2a: Goodra
|
|win|bvbjonas98
|raw|bvbjonas98's rating: 1576 &rarr; <strong>1595</strong><br />(+19 for winning)
|raw|Dark-J-K_78's rating: 1567 &rarr; <strong>1548</strong><br />(-19 for losing)
|c|☆Dark-J-K_78|gg
|c|☆bvbjonas98|gg
|l|☆Dark-J-K_78
|player|p2|
|l|☆bvbjonas98
|player|p1|
