|j|☆opthebestkkj
|j|☆rogerrc93
|t:|1769439965
|gametype|singles
|player|p1|opthebestkkj|schoolkidf|1466
|player|p2|rogerrc93|picnicker|1474
|gen|9
|tier|[Gen 9] OU
|rated|
|rule|HP Percentage Mod: HP is shown in percentages
|rule|Endless Battle Clause: Forcing endless battles is banned
|rule|Species Clause: Limit one of each Pokémon
|rule|OHKO Clause: OHKO moves are banned
|rule|Evasion Items Clause: Evasion items are banned
|rule|Evasion Moves Clause: Evasion moves are banned
|rule|Evasion Abilities Clause: Evasion abilities are banned
|rule|Sleep Moves Clause: Sleep-inducing moves are banned
|clearpoke
|poke|p1|Suicune|
|poke|p1|Great Tusk|
|poke|p1|Heatran, F|
|poke|p1|Rillaboom, F|
|poke|p1|Gholdengo|
|poke|p1|Glimmora, F|
|poke|p2|Meowscarada, M|
|poke|p2|Volcanion|
|poke|p2|Iron Moth|
|poke|p2|Corviknight, F|
|poke|p2|Clodsire, F|
|poke|p2|Maushold-Four|
|teampreview
|inactive|Battle timer is ON: inactive players will automatically lose when time's up. (requested by opthebestkkj)
|j| EIscube875
|
|t:|1769439992
|teamsize|p1|6
|teamsize|p2|6
|start
|switch|p1a: Great Tusk|Great Tusk|100/100
|switch|p2a: Clodsire|Clodsire, F|100/100
|turn|1
|
|t:|1769440001
|move|p1a: Great Tusk|Knock Off|p2a: Clodsire
|-damage|p2a: Clodsire|70/100
|-enditem|p2a: Clodsire|Leftovers|[from] move: Knock Off|[of] p1a: Great Tusk
|move|p2a: Clodsire|Toxic|p1a: Great Tusk
|-status|p1a: Great Tusk|tox
|
|-damage|p1a: Great Tusk|94/100 tox|[from] psn
|upkeep
|turn|2
|
|t:|1769440021
|-end|p1a: Great Tusk|Protosynthesis|[silent]
|switch|p1a: Rillaboom|Rillaboom, F|100/100
|-fieldstart|move: Grassy Terrain|[from] ability: Grassy Surge|[of] p1a: Rillaboom
|switch|p2a: Corviknight|Corviknight, F, shiny|100/100
|-ability|p2a: Corviknight|Pressure
|
|upkeep
|turn|3
|
|t:|1769440032
|switch|p1a: Heatran-Hisui|Heatran, F, shiny|100/100
|move|p2a: Corviknight|Brave Bird|p1a: Heatran-Hisui
|-resisted|p1a: Heatran-Hisui
|-damage|p1a: Heatran-Hisui|85/100
|-damage|p2a: Corviknight|95/100|[from] Recoil
|
|-heal|p1a: Heatran-Hisui|91/100|[from] Grassy Terrain
|-heal|p1a: Heatran-Hisui|97/100|[from] item: Leftovers
|upkeep
|turn|4
|
|t:|1769440042
|switch|p2a: Volcanion|Volcanion|100/100
|move|p1a: Heatran-Hisui|Magma Storm|p2a: Volcanion
|-resisted|p2a: Volcanion
|-damage|p2a: Volcanion|93/100
|-activate|p2a: Volcanion|move: Magma Storm|[of] p1a: Heatran-Hisui
|
|-heal|p1a: Heatran-Hisui|100/100|[from] Grassy Terrain
|-heal|p2a: Volcanion|99/100|[from] Grassy Terrain
|-damage|p2a: Volcanion|86/100|[from] move: Magma Storm|[partiallytrapped]
|upkeep
|turn|5
|
|t:|1769440053
|move|p1a: Heatran-Hisui|Protect|p1a: Heatran-Hisui
|-singleturn|p1a: Heatran-Hisui|Protect
|move|p2a: Volcanion|Earth Power|p1a: Heatran-Hisui
|-activate|p1a: Heatran-Hisui|move: Protect
|
|-heal|p2a: Volcanion|92/100|[from] Grassy Terrain
|-damage|p2a: Volcanion|80/100|[from] move: Magma Storm|[partiallytrapped]
|upkeep
|turn|6
|
|t:|1769440060
|switch|p1a: Rillaboom|Rillaboom, F|100/100
|move|p2a: Volcanion|Steam Eruption|p1a: Rillaboom
|-resisted|p1a: Rillaboom
|-damage|p1a: Rillaboom|60/100
|
|-heal|p1a: Rillaboom|66/100|[from] Grassy Terrain
|-heal|p2a: Volcanion|86/100|[from] Grassy Terrain
|-end|p2a: Volcanion|Magma Storm|[partiallytrapped]|[silent]
|-fieldend|move: Grassy Terrain
|upkeep
|turn|7
|
|t:|1769440073
|move|p1a: Rillaboom|U-turn|p2a: Volcanion
|-resisted|p2a: Volcanion
|-damage|p2a: Volcanion|70/100
|inactive|opthebestkkj has 120 seconds left.
|
|t:|1769440101
|switch|p1a: Gholdengo|Gholdengo|100/100|[from] U-turn
|move|p2a: Volcanion|Steam Eruption|p1a: Gholdengo
|-damage|p1a: Gholdengo|20/100
|
|upkeep
|turn|8
|inactive|opthebestkkj has 120 seconds left.
|
|t:|1769440129
|switch|p2a: Meowscarada|Meowscarada, M|100/100
|move|p1a: Gholdengo|Shadow Ball|p2a: Meowscarada
|-resisted|p2a: Meowscarada
|-damage|p2a: Meowscarada|66/100
|
|upkeep
|turn|9
|
|t:|1769440137
|switch|p1a: Heatran-Hisui|Heatran, F, shiny|100/100
|move|p2a: Meowscarada|Knock Off|p1a: Heatran-Hisui
|-start|p2a: Meowscarada|typechange|Dark|[from] ability: Protean
|-damage|p1a: Heatran-Hisui|62/100
|-enditem|p1a: Heatran-Hisui|Leftovers|[from] move: Knock Off|[of] p2a: Meowscarada
|
|upkeep
|turn|10
|
|t:|1769440149
|switch|p2a: Volcanion|Volcanion|70/100
|move|p1a: Heatran-Hisui|Magma Storm|p2a: Volcanion
|-resisted|p2a: Volcanion
|-damage|p2a: Volcanion|63/100
|-activate|p2a: Volcanion|move: Magma Storm|[of] p1a: Heatran-Hisui
|
|-damage|p2a: Volcanion|51/100|[from] move: Magma Storm|[partiallytrapped]
|upkeep
|turn|11
|
|t:|1769440164
|switch|p1a: Rillaboom|Rillaboom, F|66/100
|-fieldstart|move: Grassy Terrain|[from] ability: Grassy Surge|[of] p1a: Rillaboom
|move|p2a: Volcanion|Earth Power|p1a: Rillaboom
|-resisted|p1a: Rillaboom
|-damage|p1a: Rillaboom|42/100
|
|-heal|p1a: Rillaboom|49/100|[from] Grassy Terrain
|-heal|p2a: Volcanion|57/100|[from] Grassy Terrain
|-end|p2a: Volcanion|Magma Storm|[partiallytrapped]|[silent]
|upkeep
|turn|12
|
|t:|1769440172
|switch|p2a: Corviknight|Corviknight, F, shiny|95/100
|-ability|p2a: Corviknight|Pressure
|move|p1a: Rillaboom|Wood Hammer|p2a: Corviknight
|-resisted|p2a: Corviknight
|-damage|p2a: Corviknight|76/100
|-damage|p1a: Rillaboom|32/100|[from] item: Rocky Helmet|[of] p2a: Corviknight
|-damage|p1a: Rillaboom|25/100|[from] Recoil
|
|-heal|p1a: Rillaboom|31/100|[from] Grassy Terrain
|upkeep
|turn|13
|
|t:|1769440195
|switch|p1a: Great Tusk|Great Tusk|94/100 tox
|move|p2a: Corviknight|Brave Bird|p1a: Great Tusk
|-supereffective|p1a: Great Tusk
|-damage|p1a: Great Tusk|58/100 tox
|-damage|p2a: Corviknight|63/100|[from] Recoil
|
|-heal|p1a: Great Tusk|65/100 tox|[from] Grassy Terrain
|-damage|p1a: Great Tusk|58/100 tox|[from] psn
|upkeep
|turn|14
|
|t:|1769440202
|move|p1a: Great Tusk|Stealth Rock|p2a: Corviknight
|-sidestart|p2: rogerrc93|move: Stealth Rock
|move|p2a: Corviknight|Roost|p2a: Corviknight
|-heal|p2a: Corviknight|100/100
|-singleturn|p2a: Corviknight|move: Roost
|
|-heal|p1a: Great Tusk|65/100 tox|[from] Grassy Terrain
|-damage|p1a: Great Tusk|52/100 tox|[from] psn
|upkeep
|turn|15
|
|t:|1769440209
|-end|p1a: Great Tusk|Protosynthesis|[silent]
|switch|p1a: Glimmora|Glimmora, F|100/100
|move|p2a: Corviknight|Brave Bird|p1a: Glimmora
|-resisted|p1a: Glimmora
|-damage|p1a: Glimmora|79/100
|-activate|p1a: Glimmora|ability: Toxic Debris
|-sidestart|p2: rogerrc93|move: Toxic Spikes
|-damage|p2a: Corviknight|95/100|[from] Recoil
|
|-heal|p1a: Glimmora|85/100|[from] Grassy Terrain
|-fieldend|move: Grassy Terrain
|upkeep
|turn|16
|
|t:|1769440217
|switch|p2a: Clodsire|Clodsire, F|70/100
|-damage|p2a: Clodsire|64/100|[from] Stealth Rock
|-sideend|p2: rogerrc93|move: Toxic Spikes|[of] p2a: Clodsire
|move|p1a: Glimmora|Spikes|p2a: Clodsire
|-sidestart|p2: rogerrc93|Spikes
|
|upkeep
|turn|17
|inactive|opthebestkkj has 120 seconds left.
|
|t:|1769440230
|switch|p1a: Great Tusk|Great Tusk|52/100 tox
|move|p2a: Clodsire|Earthquake|p1a: Great Tusk
|-damage|p1a: Great Tusk|38/100 tox
|
|-damage|p1a: Great Tusk|32/100 tox|[from] psn
|upkeep
|turn|18
|
|t:|1769440240
|switch|p2a: Corviknight|Corviknight, F, shiny|95/100
|-damage|p2a: Corviknight|83/100|[from] Stealth Rock
|-ability|p2a: Corviknight|Pressure
|move|p1a: Great Tusk|Knock Off|p2a: Corviknight
|-damage|p2a: Corviknight|63/100
|-damage|p1a: Great Tusk|15/100 tox|[from] item: Rocky Helmet|[of] p2a: Corviknight
|-enditem|p2a: Corviknight|Rocky Helmet|[from] move: Knock Off|[of] p1a: Great Tusk
|
|-damage|p1a: Great Tusk|3/100 tox|[from] psn
|upkeep
|turn|19
|
|t:|1769440255
|-end|p1a: Great Tusk|Protosynthesis|[silent]
|switch|p1a: Gholdengo|Gholdengo|20/100
|move|p2a: Corviknight|Roost|p2a: Corviknight
|-heal|p2a: Corviknight|100/100
|-singleturn|p2a: Corviknight|move: Roost
|
|upkeep
|turn|20
|
|t:|1769440262
|switch|p2a: Clodsire|Clodsire, F|64/100
|-damage|p2a: Clodsire|57/100|[from] Stealth Rock
|-damage|p2a: Clodsire|45/100|[from] Spikes
|move|p1a: Gholdengo|Trick|p2a: Clodsire
|-activate|p1a: Gholdengo|move: Trick|[of] p2a: Clodsire
|-item|p2a: Clodsire|Choice Scarf|[from] move: Trick
|-enditem|p1a: Gholdengo|Choice Scarf|[silent]|[from] move: Trick
|
|upkeep
|turn|21
|
|t:|1769440281
|switch|p1a: Rillaboom|Rillaboom, F|31/100
|-fieldstart|move: Grassy Terrain|[from] ability: Grassy Surge|[of] p1a: Rillaboom
|move|p2a: Clodsire|Stealth Rock|p1a: Rillaboom
|-sidestart|p1: opthebestkkj|move: Stealth Rock
|
|-heal|p1a: Rillaboom|37/100|[from] Grassy Terrain
|-heal|p2a: Clodsire|51/100|[from] Grassy Terrain
|upkeep
|turn|22
|
|t:|1769440290
|switch|p2a: Corviknight|Corviknight, F, shiny|100/100
|-damage|p2a: Corviknight|88/100|[from] Stealth Rock
|-ability|p2a: Corviknight|Pressure
|move|p1a: Rillaboom|U-turn|p2a: Corviknight
|-resisted|p2a: Corviknight
|-damage|p2a: Corviknight|83/100
|
|t:|1769440297
|switch|p1a: Heatran-Hisui|Heatran, F, shiny|62/100|[from] U-turn
|-damage|p1a: Heatran-Hisui|50/100|[from] Stealth Rock
|
|-heal|p1a: Heatran-Hisui|56/100|[from] Grassy Terrain
|upkeep
|turn|23
|
|t:|1769440303
|move|p1a: Heatran-Hisui|Magma Storm|p2a: Corviknight|[miss]
|-miss|p1a: Heatran-Hisui|p2a: Corviknight
|move|p2a: Corviknight|Brave Bird|p1a: Heatran-Hisui
|-resisted|p1a: Heatran-Hisui
|-damage|p1a: Heatran-Hisui|39/100
|-damage|p2a: Corviknight|77/100|[from] Recoil
|
|-heal|p1a: Heatran-Hisui|45/100|[from] Grassy Terrain
|upkeep
|turn|24
|
|t:|1769440314
|switch|p2a: Clodsire|Clodsire, F|51/100
|-damage|p2a: Clodsire|45/100|[from] Stealth Rock
|-damage|p2a: Clodsire|32/100|[from] Spikes
|move|p1a: Heatran-Hisui|Magma Storm|p2a: Clodsire|[miss]
|-miss|p1a: Heatran-Hisui|p2a: Clodsire
|
|-heal|p1a: Heatran-Hisui|51/100|[from] Grassy Terrain
|-heal|p2a: Clodsire|39/100|[from] Grassy Terrain
|upkeep
|turn|25
|
|t:|1769440324
|move|p1a: Heatran-Hisui|Taunt|p2a: Clodsire
|-start|p2a: Clodsire|move: Taunt
|cant|p2a: Clodsire|move: Taunt|Toxic
|
|-heal|p1a: Heatran-Hisui|57/100|[from] Grassy Terrain
|-heal|p2a: Clodsire|45/100|[from] Grassy Terrain
|-fieldend|move: Grassy Terrain
|upkeep
|turn|26
|
|t:|1769440330
|move|p1a: Heatran-Hisui|Earth Power|p2a: Clodsire
|-supereffective|p2a: Clodsire
|-damage|p2a: Clodsire|15/100
|move|p2a: Clodsire|Earthquake|p1a: Heatran-Hisui
|-supereffective|p1a: Heatran-Hisui
|-damage|p1a: Heatran-Hisui|0 fnt
|faint|p1a: Heatran-Hisui
|
|upkeep
|
|t:|1769440347
|switch|p1a: Great Tusk|Great Tusk|3/100 tox
|turn|27
|
|t:|1769440353
|move|p1a: Great Tusk|Rapid Spin|p2a: Clodsire
|-damage|p2a: Clodsire|0 fnt
|-boost|p1a: Great Tusk|spe|1
|-sideend|p1: opthebestkkj|Stealth Rock|[from] move: Rapid Spin|[of] p1a: Great Tusk
|faint|p2a: Clodsire
|
|-damage|p1a: Great Tusk|0 fnt|[from] psn
|faint|p1a: Great Tusk
|-end|p1a: Great Tusk|Protosynthesis|[silent]
|upkeep
|
|t:|1769440373
|switch|p1a: Gholdengo|Gholdengo|20/100
|switch|p2a: Meowscarada|Meowscarada, M|66/100
|-damage|p2a: Meowscarada|53/100|[from] Stealth Rock
|-damage|p2a: Meowscarada|41/100|[from] Spikes
|turn|28
|
|t:|1769440382
|move|p2a: Meowscarada|Knock Off|p1a: Gholdengo
|-start|p2a: Meowscarada|typechange|Dark|[from] ability: Protean
|-supereffective|p1a: Gholdengo
|-damage|p1a: Gholdengo|0 fnt
|faint|p1a: Gholdengo
|
|upkeep
|
|t:|1769440388
|switch|p1a: Rillaboom|Rillaboom, F|37/100
|-fieldstart|move: Grassy Terrain|[from] ability: Grassy Surge|[of] p1a: Rillaboom
|turn|29
|
|t:|1769440393
|move|p1a: Rillaboom|Grassy Glide|p2a: Meowscarada
|-damage|p2a: Meowscarada|0 fnt
|faint|p2a: Meowscarada
|
|-heal|p1a: Rillaboom|43/100|[from] Grassy Terrain
|upkeep
|
|t:|1769440396
|switch|p2a: Corviknight|Corviknight, F, shiny|77/100
|-damage|p2a: Corviknight|65/100|[from] Stealth Rock
|-ability|p2a: Corviknight|Pressure
|turn|30
|
|t:|1769440410
|switch|p1a: Glimmora|Glimmora, F|85/100
|move|p2a: Corviknight|Defog|p1a: Glimmora
|-unboost|p1a: Glimmora|evasion|1
|-sideend|p2: rogerrc93|Spikes|[from] move: Defog|[of] p2a: Corviknight
|-sideend|p2: rogerrc93|Stealth Rock|[from] move: Defog|[of] p2a: Corviknight
|-fieldend|move: Grassy Terrain
|
|upkeep
|turn|31
|
|t:|1769440414
|switch|p2a: Maushold|Maushold-Four|100/100
|move|p1a: Glimmora|Stealth Rock|p2a: Maushold
|-sidestart|p2: rogerrc93|move: Stealth Rock
|
|upkeep
|turn|32
|
|t:|1769440421
|move|p2a: Maushold|Encore|p1a: Glimmora
|-start|p1a: Glimmora|Encore
|move|p1a: Glimmora|Stealth Rock||[still]
|-fail|p1a: Glimmora
|
|upkeep
|turn|33
|
|t:|1769440426
|-terastallize|p2a: Maushold|Normal
|move|p2a: Maushold|Population Bomb|p1a: Glimmora
|-resisted|p1a: Glimmora
|-damage|p1a: Glimmora|76/100
|-activate|p1a: Glimmora|ability: Toxic Debris
|-sidestart|p2: rogerrc93|move: Toxic Spikes
|-resisted|p1a: Glimmora
|-damage|p1a: Glimmora|67/100
|-activate|p1a: Glimmora|ability: Toxic Debris
|-sidestart|p2: rogerrc93|move: Toxic Spikes
|-resisted|p1a: Glimmora
|-damage|p1a: Glimmora|58/100
|-resisted|p1a: Glimmora
|-damage|p1a: Glimmora|49/100
|-resisted|p1a: Glimmora
|-damage|p1a: Glimmora|39/100
|-resisted|p1a: Glimmora
|-damage|p1a: Glimmora|29/100
|-resisted|p1a: Glimmora
|-damage|p1a: Glimmora|20/100
|-resisted|p1a: Glimmora
|-damage|p1a: Glimmora|12/100
|-resisted|p1a: Glimmora
|-damage|p1a: Glimmora|2/100
|-resisted|p1a: Glimmora
|-damage|p1a: Glimmora|0 fnt
|faint|p1a: Glimmora
|-hitcount|p1: Glimmora|10
|
|upkeep
|
|t:|1769440441
|switch|p1a: Rillaboom|Rillaboom, F|43/100
|-fieldstart|move: Grassy Terrain|[from] ability: Grassy Surge|[of] p1a: Rillaboom
|turn|34
|
|t:|1769440453
|switch|p2a: Corviknight|Corviknight, F, shiny|65/100
|-damage|p2a: Corviknight|53/100|[from] Stealth Rock
|-ability|p2a: Corviknight|Pressure
|move|p1a: Rillaboom|U-turn|p2a: Corviknight
|-resisted|p2a: Corviknight
|-damage|p2a: Corviknight|48/100
|
|t:|1769440456
|switch|p1a: ★|Suicune, shiny|100/100|[from] U-turn
|-ability|p1a: ★|Pressure
|
|upkeep
|turn|35
|
|t:|1769440462
|move|p1a: ★|Substitute|p1a: ★
|-start|p1a: ★|Substitute
|-damage|p1a: ★|75/100
|move|p2a: Corviknight|Defog|p1a: ★
|-sideend|p2: rogerrc93|Toxic Spikes|[from] move: Defog|[of] p2a: Corviknight
|-sideend|p2: rogerrc93|Stealth Rock|[from] move: Defog|[of] p2a: Corviknight
|-fieldend|move: Grassy Terrain
|
|-heal|p1a: ★|82/100|[from] item: Leftovers
|upkeep
|turn|36
|
|t:|1769440468
|switch|p2a: Maushold|Maushold-Four, tera:Normal|100/100
|move|p1a: ★|Calm Mind|p1a: ★
|-boost|p1a: ★|spa|1
|-boost|p1a: ★|spd|1
|
|-heal|p1a: ★|88/100|[from] item: Leftovers
|upkeep
|turn|37
|
|t:|1769440475
|move|p1a: ★|Protect|p1a: ★
|-singleturn|p1a: ★|Protect
|move|p2a: Maushold|Encore|p1a: ★
|-activate|p1a: ★|move: Protect
|
|-heal|p1a: ★|94/100|[from] item: Leftovers
|upkeep
|turn|38
|
|t:|1769440483
|switch|p1a: Rillaboom|Rillaboom, F|43/100
|-fieldstart|move: Grassy Terrain|[from] ability: Grassy Surge|[of] p1a: Rillaboom
|move|p2a: Maushold|Tidy Up|p2a: Maushold
|-boost|p2a: Maushold|atk|1
|-boost|p2a: Maushold|spe|1
|
|-heal|p1a: Rillaboom|49/100|[from] Grassy Terrain
|upkeep
|turn|39
|
|t:|1769440491
|switch|p2a: Iron Moth|Iron Moth|100/100
|-enditem|p2a: Iron Moth|Booster Energy
|-activate|p2a: Iron Moth|ability: Quark Drive|[fromitem]
|-start|p2a: Iron Moth|quarkdrivespe
|move|p1a: Rillaboom|Grassy Glide|p2a: Iron Moth
|-resisted|p2a: Iron Moth
|-damage|p2a: Iron Moth|77/100
|
|-heal|p2a: Iron Moth|83/100|[from] Grassy Terrain
|-heal|p1a: Rillaboom|55/100|[from] Grassy Terrain
|upkeep
|turn|40
|
|t:|1769440498
|move|p1a: Rillaboom|Grassy Glide|p2a: Iron Moth
|-resisted|p2a: Iron Moth
|-crit|p2a: Iron Moth
|-damage|p2a: Iron Moth|46/100
|move|p2a: Iron Moth|Sludge Wave|p1a: Rillaboom
|-supereffective|p1a: Rillaboom
|-damage|p1a: Rillaboom|0 fnt
|faint|p1a: Rillaboom
|
|-heal|p2a: Iron Moth|52/100|[from] Grassy Terrain
|upkeep
|
|t:|1769440502
|switch|p1a: ★|Suicune, shiny|94/100
|-ability|p1a: ★|Pressure
|turn|41
|
|t:|1769440506
|move|p1a: ★|Protect|p1a: ★
|-singleturn|p1a: ★|Protect
|move|p2a: Iron Moth|Sludge Wave|p1a: ★
|-activate|p1a: ★|move: Protect
|
|-heal|p2a: Iron Moth|58/100|[from] Grassy Terrain
|-heal|p1a: ★|99/100|[from] Grassy Terrain
|-heal|p1a: ★|100/100|[from] item: Leftovers
|upkeep
|turn|42
|
|t:|1769440524
|move|p2a: Iron Moth|Discharge|p1a: ★
|-supereffective|p1a: ★
|-damage|p1a: ★|60/100
|-status|p1a: ★|par
|move|p1a: ★|Substitute|p1a: ★
|-start|p1a: ★|Substitute
|-damage|p1a: ★|35/100 par
|
|-heal|p2a: Iron Moth|64/100|[from] Grassy Terrain
|-heal|p1a: ★|41/100 par|[from] Grassy Terrain
|-heal|p1a: ★|47/100 par|[from] item: Leftovers
|-fieldend|move: Grassy Terrain
|upkeep
|turn|43
|c|☆rogerrc93|You lost
|
|t:|1769440533
|move|p1a: ★|Protect|p1a: ★
|-singleturn|p1a: ★|Protect
|move|p2a: Iron Moth|Discharge|p1a: ★
|-activate|p1a: ★|move: Protect
|
|-heal|p1a: ★|53/100 par|[from] item: Leftovers
|upkeep
|turn|44
|
|t:|1769440543
|move|p2a: Iron Moth|Discharge|p1a: ★
|-supereffective|p1a: ★
|-end|p1a: ★|Substitute
|move|p1a: ★|Scald|p2a: Iron Moth
|-supereffective|p2a: Iron Moth
|-damage|p2a: Iron Moth|10/100
|
|-heal|p1a: ★|60/100 par|[from] item: Leftovers
|upkeep
|turn|45
|
|t:|1769440550
|cant|p1a: ★|par
|move|p2a: Iron Moth|Discharge|p1a: ★
|-supereffective|p1a: ★
|-damage|p1a: ★|17/100 par
|
|-heal|p1a: ★|23/100 par|[from] item: Leftovers
|upkeep
|turn|46
|
|t:|1769440555
|cant|p1a: ★|par
|move|p2a: Iron Moth|Discharge|p1a: ★
|-supereffective|p1a: ★
|-damage|p1a: ★|0 fnt
|faint|p1a: ★
|
|win|rogerrc93
|raw|opthebestkkj's rating: 1466 &rarr; <strong>1446</strong><br />(-20 for losing)
|raw|rogerrc93's rating: 1474 &rarr; <strong>1494</strong><br />(+20 for winning)
|l|☆opthebestkkj
|player|p1|
|l|☆rogerrc93
|player|p2|
|j|☆rogerrc93
|player|p2|rogerrc93|picnicker|
|l|☆rogerrc93
|player|p2|
