|j|☆funtimecharliekirk
|j|☆PKKevin6777
|t:|1769399172
|gametype|singles
|player|p1|funtimecharliekirk|hiker-gen4|1480
|player|p2|PKKevin6777|102|1493
|gen|9
|tier|[Gen 9] OU
|rated|
|rule|HP Percentage Mod: HP is shown in percentages
|rule|Endless Battle Clause: Forcing endless battles is banned
|rule|Species Clause: Limit one of each Pokémon
|rule|OHKO Clause: OHKO moves are banned
|rule|Evasion Items Clause: Evasion items are banned
|rule|Evasion Moves Clause: Evasion moves are banned
|rule|Evasion Abilities Clause: Evasion abilities are banned
|rule|Sleep Moves Clause: Sleep-inducing moves are banned
|clearpoke
|poke|p1|Dondozo, M|
|poke|p1|Blissey, F|
|poke|p1|Toxapex, F|
|poke|p1|Slaking, F|
|poke|p1|Gliscor, M|
|poke|p1|Corviknight, M|
|poke|p2|Excadrill, M|
|poke|p2|Tyranitar, F|
|poke|p2|Gholdengo|
|poke|p2|Tornadus-Therian, M|
|poke|p2|Ogerpon-Wellspring, F|
|poke|p2|Toxapex, F|
|teampreview
|
|t:|1769399193
|teamsize|p1|6
|teamsize|p2|6
|start
|switch|p1a: Slaking|Slaking, F|100/100
|switch|p2a: Ogerpon|Ogerpon-Wellspring, F|100/100
|turn|1
|inactive|Battle timer is ON: inactive players will automatically lose when time's up. (requested by PKKevin6777)
|
|t:|1769399199
|switch|p1a: Toxapex|Toxapex, F|100/100
|move|p2a: Ogerpon|U-turn|p1a: Toxapex
|-resisted|p1a: Toxapex
|-damage|p1a: Toxapex|90/100
|
|t:|1769399211
|switch|p2a: Gholdengo|Gholdengo|100/100|[from] U-turn
|
|upkeep
|turn|2
|
|t:|1769399229
|switch|p2a: Ogerpon|Ogerpon-Wellspring, F|100/100
|switch|p1a: Blissey|Blissey, F|100/100
|
|upkeep
|turn|3
|
|t:|1769399234
|switch|p1a: Toxapex|Toxapex, F|100/100
|move|p2a: Ogerpon|Taunt|p1a: Toxapex
|-start|p1a: Toxapex|move: Taunt
|
|upkeep
|turn|4
|
|t:|1769399242
|switch|p2a: Tyranitar|Tyranitar, F|100/100
|-weather|Sandstorm|[from] ability: Sand Stream|[of] p2a: Tyranitar
|switch|p1a: Dondozo|Dondozo, M|100/100
|
|-weather|Sandstorm|[upkeep]
|-damage|p1a: Dondozo|94/100|[from] Sandstorm
|-heal|p1a: Dondozo|100/100|[from] item: Leftovers
|upkeep
|turn|5
|
|t:|1769399256
|switch|p2a: Gholdengo|Gholdengo|100/100
|switch|p1a: Toxapex|Toxapex, F|100/100
|
|-weather|Sandstorm|[upkeep]
|-damage|p1a: Toxapex|95/100|[from] Sandstorm
|upkeep
|turn|6
|
|t:|1769399264
|switch|p1a: Blissey|Blissey, F|100/100
|move|p2a: Gholdengo|Shadow Ball|p1a: Blissey
|-immune|p1a: Blissey
|
|-weather|Sandstorm|[upkeep]
|-damage|p1a: Blissey|94/100|[from] Sandstorm
|-heal|p1a: Blissey|100/100|[from] item: Leftovers
|upkeep
|turn|7
|
|t:|1769399274
|switch|p2a: Tyranitar|Tyranitar, F|100/100
|move|p1a: Blissey|Stealth Rock|p2a: Tyranitar
|-sidestart|p2: PKKevin6777|move: Stealth Rock
|
|-weather|Sandstorm|[upkeep]
|-damage|p1a: Blissey|94/100|[from] Sandstorm
|-heal|p1a: Blissey|100/100|[from] item: Leftovers
|upkeep
|turn|8
|
|t:|1769399282
|switch|p1a: Dondozo|Dondozo, M|100/100
|move|p2a: Tyranitar|Stealth Rock|p1a: Dondozo
|-sidestart|p1: funtimecharliekirk|move: Stealth Rock
|
|-weather|Sandstorm|[upkeep]
|-damage|p1a: Dondozo|94/100|[from] Sandstorm
|-heal|p1a: Dondozo|100/100|[from] item: Leftovers
|upkeep
|turn|9
|
|t:|1769399289
|switch|p2a: Toxapex|Toxapex, F|100/100
|-damage|p2a: Toxapex|88/100|[from] Stealth Rock
|move|p1a: Dondozo|Curse|p1a: Dondozo
|-unboost|p1a: Dondozo|spe|1
|-boost|p1a: Dondozo|atk|1
|-boost|p1a: Dondozo|def|1
|
|-weather|Sandstorm|[upkeep]
|-damage|p2a: Toxapex|82/100|[from] Sandstorm
|-damage|p1a: Dondozo|94/100|[from] Sandstorm
|-heal|p1a: Dondozo|100/100|[from] item: Leftovers
|upkeep
|turn|10
|
|t:|1769399301
|switch|p1a: Toxapex|Toxapex, F|100/100
|move|p2a: Toxapex|Toxic Spikes|p1a: Toxapex
|-sidestart|p1: funtimecharliekirk|move: Toxic Spikes
|
|-weather|Sandstorm|[upkeep]
|-damage|p2a: Toxapex|76/100|[from] Sandstorm
|-damage|p1a: Toxapex|95/100|[from] Sandstorm
|upkeep
|turn|11
|
|t:|1769399308
|move|p1a: Toxapex|Toxic Spikes|p2a: Toxapex
|-sidestart|p2: PKKevin6777|move: Toxic Spikes
|move|p2a: Toxapex|Toxic Spikes|p1a: Toxapex
|-sidestart|p1: funtimecharliekirk|move: Toxic Spikes
|
|-weather|none
|upkeep
|turn|12
|
|t:|1769399313
|switch|p2a: Excadrill|Excadrill, M|100/100
|-damage|p2a: Excadrill|97/100|[from] Stealth Rock
|move|p1a: Toxapex|Toxic Spikes|p2a: Excadrill
|-sidestart|p2: PKKevin6777|move: Toxic Spikes
|
|-heal|p2a: Excadrill|100/100|[from] item: Leftovers
|upkeep
|turn|13
|
|t:|1769399320
|switch|p1a: Gliscor|Gliscor, M|100/100
|-damage|p1a: Gliscor|88/100|[from] Stealth Rock
|move|p2a: Excadrill|Rapid Spin|p1a: Gliscor
|-damage|p1a: Gliscor|73/100
|-boost|p2a: Excadrill|spe|1
|-sideend|p2: PKKevin6777|Toxic Spikes|[from] move: Rapid Spin|[of] p2a: Excadrill
|-sideend|p2: PKKevin6777|Stealth Rock|[from] move: Rapid Spin|[of] p2a: Excadrill
|
|-status|p1a: Gliscor|tox|[from] item: Toxic Orb
|upkeep
|turn|14
|
|t:|1769399332
|switch|p2a: Gholdengo|Gholdengo|100/100
|move|p1a: Gliscor|Spikes|p2a: Gholdengo
|-sidestart|p2: PKKevin6777|Spikes
|
|-heal|p1a: Gliscor|86/100 tox|[from] ability: Poison Heal
|upkeep
|turn|15
|
|t:|1769399340
|switch|p2a: Excadrill|Excadrill, M|100/100
|-damage|p2a: Excadrill|88/100|[from] Spikes
|move|p1a: Gliscor|Protect||[still]
|-fail|p1a: Gliscor
|
|-heal|p2a: Excadrill|94/100|[from] item: Leftovers
|-heal|p1a: Gliscor|98/100 tox|[from] ability: Poison Heal
|upkeep
|turn|16
|
|t:|1769399349
|move|p2a: Excadrill|Rapid Spin|p1a: Gliscor
|-damage|p1a: Gliscor|83/100 tox
|-boost|p2a: Excadrill|spe|1
|-sideend|p2: PKKevin6777|Spikes|[from] move: Rapid Spin|[of] p2a: Excadrill
|move|p1a: Gliscor|Spikes|p2a: Excadrill
|-sidestart|p2: PKKevin6777|Spikes
|
|-heal|p2a: Excadrill|99/100|[from] item: Leftovers
|-heal|p1a: Gliscor|95/100 tox|[from] ability: Poison Heal
|upkeep
|turn|17
|
|t:|1769399359
|move|p2a: Excadrill|Rapid Spin|p1a: Gliscor
|-damage|p1a: Gliscor|80/100 tox
|-boost|p2a: Excadrill|spe|1
|-sideend|p2: PKKevin6777|Spikes|[from] move: Rapid Spin|[of] p2a: Excadrill
|move|p1a: Gliscor|Earthquake|p2a: Excadrill
|-supereffective|p2a: Excadrill
|-damage|p2a: Excadrill|8/100
|
|-heal|p2a: Excadrill|14/100|[from] item: Leftovers
|-heal|p1a: Gliscor|92/100 tox|[from] ability: Poison Heal
|upkeep
|turn|18
|
|t:|1769399370
|switch|p2a: Ogerpon|Ogerpon-Wellspring, F|100/100
|move|p1a: Gliscor|Knock Off|p2a: Ogerpon
|-damage|p2a: Ogerpon|82/100
|
|-heal|p1a: Gliscor|100/100 tox|[from] ability: Poison Heal
|upkeep
|turn|19
|
|t:|1769399377
|switch|p1a: Toxapex|Toxapex, F|100/100
|-sideend|p1: funtimecharliekirk|move: Toxic Spikes|[of] p1a: Toxapex
|move|p2a: Ogerpon|Taunt|p1a: Toxapex
|-start|p1a: Toxapex|move: Taunt
|
|upkeep
|turn|20
|
|t:|1769399385
|switch|p1a: Corviknight|Corviknight, M|100/100
|-damage|p1a: Corviknight|88/100|[from] Stealth Rock
|-ability|p1a: Corviknight|Pressure
|move|p2a: Ogerpon|U-turn|p1a: Corviknight
|-resisted|p1a: Corviknight
|-damage|p1a: Corviknight|84/100
|-damage|p2a: Ogerpon|66/100|[from] item: Rocky Helmet|[of] p1a: Corviknight
|
|t:|1769399394
|switch|p2a: Tornadus|Tornadus-Therian, M|100/100|[from] U-turn
|
|upkeep
|turn|21
|
|t:|1769399400
|switch|p1a: Toxapex|Toxapex, F|100/100
|move|p2a: Tornadus|U-turn|p1a: Toxapex
|-resisted|p1a: Toxapex
|-damage|p1a: Toxapex|95/100
|
|t:|1769399406
|switch|p2a: Tyranitar|Tyranitar, F|100/100|[from] U-turn
|-weather|Sandstorm|[from] ability: Sand Stream|[of] p2a: Tyranitar
|
|-weather|Sandstorm|[upkeep]
|-damage|p1a: Toxapex|89/100|[from] Sandstorm
|upkeep
|turn|22
|
|t:|1769399418
|switch|p1a: Corviknight|Corviknight, M|84/100
|-damage|p1a: Corviknight|72/100|[from] Stealth Rock
|-ability|p1a: Corviknight|Pressure
|move|p2a: Tyranitar|Knock Off|p1a: Corviknight
|-damage|p1a: Corviknight|39/100
|-damage|p2a: Tyranitar|84/100|[from] item: Rocky Helmet|[of] p1a: Corviknight
|-enditem|p1a: Corviknight|Rocky Helmet|[from] move: Knock Off|[of] p2a: Tyranitar
|
|-weather|Sandstorm|[upkeep]
|upkeep
|turn|23
|
|t:|1769399430
|switch|p2a: Tornadus|Tornadus-Therian, M|100/100
|move|p1a: Corviknight|Roost|p1a: Corviknight
|-heal|p1a: Corviknight|89/100
|-singleturn|p1a: Corviknight|move: Roost
|
|-weather|Sandstorm|[upkeep]
|-damage|p2a: Tornadus|94/100|[from] Sandstorm
|upkeep
|turn|24
|
|t:|1769399439
|switch|p1a: Toxapex|Toxapex, F|100/100
|move|p2a: Tornadus|Heat Wave|p1a: Toxapex
|-resisted|p1a: Toxapex
|-damage|p1a: Toxapex|86/100
|
|-weather|Sandstorm|[upkeep]
|-damage|p2a: Tornadus|88/100|[from] Sandstorm
|-damage|p1a: Toxapex|80/100|[from] Sandstorm
|upkeep
|turn|25
|
|t:|1769399448
|switch|p2a: Excadrill|Excadrill, M|14/100
|move|p1a: Toxapex|Toxic Spikes|p2a: Excadrill
|-sidestart|p2: PKKevin6777|move: Toxic Spikes
|
|-weather|Sandstorm|[upkeep]
|-damage|p1a: Toxapex|74/100|[from] Sandstorm
|-heal|p2a: Excadrill|20/100|[from] item: Leftovers
|upkeep
|turn|26
|
|t:|1769399456
|switch|p1a: Corviknight|Corviknight, M|89/100
|-damage|p1a: Corviknight|76/100|[from] Stealth Rock
|-ability|p1a: Corviknight|Pressure
|move|p2a: Excadrill|Rapid Spin|p1a: Corviknight
|-resisted|p1a: Corviknight
|-damage|p1a: Corviknight|70/100
|-boost|p2a: Excadrill|spe|1
|-sideend|p2: PKKevin6777|Toxic Spikes|[from] move: Rapid Spin|[of] p2a: Excadrill
|
|-weather|Sandstorm|[upkeep]
|-heal|p2a: Excadrill|27/100|[from] item: Leftovers
|upkeep
|turn|27
|
|t:|1769399470
|switch|p2a: Gholdengo|Gholdengo|100/100
|switch|p1a: Slaking|Slaking, F|100/100
|-damage|p1a: Slaking|88/100|[from] Stealth Rock
|
|-weather|Sandstorm|[upkeep]
|-damage|p1a: Slaking|82/100|[from] Sandstorm
|upkeep
|turn|28
|
|t:|1769399480
|switch|p1a: Blissey|Blissey, F|100/100
|-damage|p1a: Blissey|88/100|[from] Stealth Rock
|move|p2a: Gholdengo|Dazzling Gleam|p1a: Blissey
|-crit|p1a: Blissey
|-damage|p1a: Blissey|77/100
|
|-weather|none
|-heal|p1a: Blissey|83/100|[from] item: Leftovers
|upkeep
|turn|29
|
|t:|1769399489
|switch|p2a: Excadrill|Excadrill, M|27/100
|move|p1a: Blissey|Seismic Toss|p2a: Excadrill
|-damage|p2a: Excadrill|0 fnt
|faint|p2a: Excadrill
|
|-heal|p1a: Blissey|89/100|[from] item: Leftovers
|upkeep
|-message|PKKevin6777 forfeited.
|
|win|funtimecharliekirk
|raw|funtimecharliekirk's rating: 1480 &rarr; <strong>1501</strong><br />(+21 for winning)
|raw|PKKevin6777's rating: 1493 &rarr; <strong>1472</strong><br />(-21 for losing)
|l|☆PKKevin6777
|player|p2|
