|j|☆pogchimp970314
|j|☆thigonometry
|t:|1769403895
|gametype|singles
|player|p1|pogchimp970314|elesa-masters|1326
|player|p2|thigonometry|blaine|1361
|gen|9
|tier|[Gen 9] OU
|rated|
|rule|HP Percentage Mod: HP is shown in percentages
|rule|Endless Battle Clause: Forcing endless battles is banned
|rule|Species Clause: Limit one of each Pokémon
|rule|OHKO Clause: OHKO moves are banned
|rule|Evasion Items Clause: Evasion items are banned
|rule|Evasion Moves Clause: Evasion moves are banned
|rule|Evasion Abilities Clause: Evasion abilities are banned
|rule|Sleep Moves Clause: Sleep-inducing moves are banned
|clearpoke
|poke|p1|Iron Valiant|
|poke|p1|Ribombee, F|
|poke|p1|Alomomola, M|
|poke|p1|Zoroark-Hisui, M|
|poke|p1|Weavile, F|
|poke|p1|Landorus-Therian, M|
|poke|p2|Primarina, M|
|poke|p2|Great Tusk|
|poke|p2|Kingambit, M|
|poke|p2|Slowking-Galar, M|
|poke|p2|Ogerpon, F|
|poke|p2|Enamorus, F|
|teampreview
|inactive|Battle timer is ON: inactive players will automatically lose when time's up. (requested by pogchimp970314)
|j| qianxiao7274
|
|t:|1769403922
|teamsize|p1|6
|teamsize|p2|6
|start
|switch|p1a: Miku|Ribombee, F|100/100
|switch|p2a: Primarina|Primarina, M, shiny|100/100
|turn|1
|
|t:|1769403939
|move|p1a: Miku|Switcheroo|p2a: Primarina
|-activate|p1a: Miku|move: Trick|[of] p2a: Primarina
|-item|p2a: Primarina|Choice Scarf|[from] move: Switcheroo
|-item|p1a: Miku|Leftovers|[from] move: Switcheroo
|move|p2a: Primarina|Moonblast|p1a: Miku
|-damage|p1a: Miku|14/100
|
|-heal|p1a: Miku|20/100|[from] item: Leftovers
|upkeep
|turn|2
|
|t:|1769403947
|switch|p1a: Luka|Alomomola, M|100/100
|move|p2a: Primarina|Moonblast|p1a: Luka
|-damage|p1a: Luka|72/100
|
|upkeep
|turn|3
|
|t:|1769403952
|switch|p2a: Ogerpon|Ogerpon, F|100/100
|move|p1a: Luka|Mirror Coat||[still]
|-fail|p1a: Luka
|
|upkeep
|turn|4
|
|t:|1769403960
|move|p2a: Ogerpon|Ivy Cudgel|p1a: Luka
|-supereffective|p1a: Luka
|-damage|p1a: Luka|0 fnt
|faint|p1a: Luka
|
|upkeep
|
|t:|1769403966
|switch|p1a: Rin|Weavile, F|100/100
|turn|5
|l| qianxiao7274
|
|t:|1769403995
|-terastallize|p2a: Ogerpon|Grass
|detailschange|p2a: Ogerpon|Ogerpon-Teal-Tera, F, tera:Grass
|-ability|p2a: Ogerpon|Embody Aspect (Teal)|boost
|-boost|p2a: Ogerpon|spe|1
|move|p2a: Ogerpon|Ivy Cudgel|p1a: Rin
|-damage|p1a: Rin|0 fnt
|replace|p1a: Ado|Zoroark-Hisui, M
|-end|p1a: Ado|Illusion
|faint|p1a: Ado
|
|upkeep
|
|t:|1769404005
|switch|p1a: Iron Valiant|Iron Valiant|100/100
|-enditem|p1a: Iron Valiant|Booster Energy
|-activate|p1a: Iron Valiant|ability: Quark Drive|[fromitem]
|-start|p1a: Iron Valiant|quarkdrivespe
|turn|6
|
|t:|1769404010
|move|p1a: Iron Valiant|Destiny Bond|p1a: Iron Valiant
|-singlemove|p1a: Iron Valiant|Destiny Bond
|move|p2a: Ogerpon|Ivy Cudgel|p1a: Iron Valiant
|-damage|p1a: Iron Valiant|0 fnt
|faint|p1a: Iron Valiant
|-activate|p1a: Iron Valiant|move: Destiny Bond
|-end|p1a: Iron Valiant|Quark Drive|[silent]
|faint|p2a: Ogerpon
|detailschange|p2: Ogerpon|Ogerpon, F|[silent]
|
|upkeep
|j| qianxiao7274
|
|t:|1769404021
|switch|p1a: Rin|Weavile, F|100/100
|switch|p2a: Primarina|Primarina, M, shiny|100/100
|-ability|p1a: Rin|Pressure
|turn|7
|
|t:|1769404029
|move|p1a: Rin|Swords Dance|p1a: Rin
|-boost|p1a: Rin|atk|2
|move|p2a: Primarina|Moonblast|p1a: Rin
|-supereffective|p1a: Rin
|-enditem|p1a: Rin|Focus Sash
|-damage|p1a: Rin|1/100
|-unboost|p1a: Rin|spa|1
|
|upkeep
|turn|8
|
|t:|1769404038
|move|p1a: Rin|Triple Axel|p2a: Primarina
|-resisted|p2a: Primarina
|-damage|p2a: Primarina|86/100
|-resisted|p2a: Primarina
|-damage|p2a: Primarina|55/100
|-resisted|p2a: Primarina
|-damage|p2a: Primarina|16/100
|-hitcount|p2a: Primarina|3
|move|p2a: Primarina|Moonblast|p1a: Rin
|-supereffective|p1a: Rin
|-damage|p1a: Rin|0 fnt
|faint|p1a: Rin
|
|upkeep
|
|t:|1769404044
|switch|p1a: Miku|Ribombee, F|20/100
|turn|9
|
|t:|1769404048
|move|p1a: Miku|Moonblast|p2a: Primarina
|-damage|p2a: Primarina|0 fnt
|faint|p2a: Primarina
|
|-heal|p1a: Miku|26/100|[from] item: Leftovers
|upkeep
|
|t:|1769404055
|switch|p2a: Enamorus|Enamorus, F, shiny|100/100
|turn|10
|
|t:|1769404063
|move|p2a: Enamorus|Moonblast|p1a: Miku
|-damage|p1a: Miku|0 fnt
|faint|p1a: Miku
|
|upkeep
|
|t:|1769404066
|switch|p1a: Len|Landorus-Therian, M|100/100
|-ability|p1a: Len|Intimidate|boost
|-boost|p2a: Enamorus|atk|1
|turn|11
|
|t:|1769404070
|move|p2a: Enamorus|Moonblast|p1a: Len
|-damage|p1a: Len|15/100
|-unboost|p1a: Len|spa|1
|move|p1a: Len|Stone Edge|p2a: Enamorus
|-supereffective|p2a: Enamorus
|-damage|p2a: Enamorus|0 fnt
|faint|p2a: Enamorus
|
|upkeep
|
|t:|1769404077
|switch|p2a: Great Tusk|Great Tusk, shiny|100/100
|turn|12
|
|t:|1769404080
|-terastallize|p1a: Len|Ground
|move|p1a: Len|Stone Edge|p2a: Great Tusk
|-resisted|p2a: Great Tusk
|-crit|p2a: Great Tusk
|-damage|p2a: Great Tusk|91/100
|move|p2a: Great Tusk|Ice Spinner|p1a: Len
|-supereffective|p1a: Len
|-damage|p1a: Len|0 fnt
|faint|p1a: Len
|
|win|thigonometry
|raw|pogchimp970314's rating: 1326 &rarr; <strong>1308</strong><br />(-18 for losing)
|raw|thigonometry's rating: 1361 &rarr; <strong>1379</strong><br />(+18 for winning)
|l|☆pogchimp970314
|player|p1|
|l|☆thigonometry
|player|p2|
|l| qianxiao7274
