|j|☆otto114
|j|☆sinn6r
|t:|1769406512
|gametype|singles
|player|p1|otto114|102|1080
|player|p2|sinn6r|psychic-gen4|1091
|gen|9
|tier|[Gen 9] OU
|rated|
|rule|HP Percentage Mod: HP is shown in percentages
|rule|Endless Battle Clause: Forcing endless battles is banned
|rule|Species Clause: Limit one of each Pokémon
|rule|OHKO Clause: OHKO moves are banned
|rule|Evasion Items Clause: Evasion items are banned
|rule|Evasion Moves Clause: Evasion moves are banned
|rule|Evasion Abilities Clause: Evasion abilities are banned
|rule|Sleep Moves Clause: Sleep-inducing moves are banned
|clearpoke
|poke|p1|Overqwil, F|
|poke|p1|Pelipper, F|
|poke|p1|Qwilfish, F|
|poke|p1|Iron Treads|
|poke|p1|Orthworm, M|
|poke|p1|Araquanid, F|
|poke|p2|Alomomola, F|
|poke|p2|Iron Valiant|
|poke|p2|Kingambit, F|
|poke|p2|Glimmora, F|
|poke|p2|Great Tusk|
|poke|p2|Zamazenta-*|
|teampreview
|inactive|Battle timer is ON: inactive players will automatically lose when time's up. (requested by sinn6r)
|
|t:|1769406521
|teamsize|p1|6
|teamsize|p2|6
|start
|switch|p1a: Iron Treads|Iron Treads|100/100
|switch|p2a: Glimmora|Glimmora, F|100/100
|-enditem|p1a: Iron Treads|Booster Energy
|-activate|p1a: Iron Treads|ability: Quark Drive|[fromitem]
|-start|p1a: Iron Treads|quarkdriveatk
|turn|1
|
|t:|1769406526
|move|p1a: Iron Treads|Rapid Spin|p2a: Glimmora
|-resisted|p2a: Glimmora
|-damage|p2a: Glimmora|86/100
|-boost|p1a: Iron Treads|spe|1
|-activate|p2a: Glimmora|ability: Toxic Debris
|-sidestart|p1: otto114|move: Toxic Spikes
|-sideend|p1: otto114|Toxic Spikes|[from] move: Rapid Spin|[of] p1a: Iron Treads
|move|p2a: Glimmora|Earth Power|p1a: Iron Treads
|-supereffective|p1a: Iron Treads
|-damage|p1a: Iron Treads|9/100
|
|upkeep
|turn|2
|
|t:|1769406535
|switch|p2a: Alomomola|Alomomola, F|100/100
|move|p1a: Iron Treads|Earthquake|p2a: Alomomola
|-damage|p2a: Alomomola|63/100
|
|upkeep
|turn|3
|
|t:|1769406543
|-end|p1a: Iron Treads|Quark Drive|[silent]
|switch|p1a: Pelipper|Pelipper, F|100/100
|-weather|RainDance|[from] ability: Drizzle|[of] p1a: Pelipper
|move|p2a: Alomomola|Flip Turn|p1a: Pelipper
|-resisted|p1a: Pelipper
|-damage|p1a: Pelipper|88/100
|
|t:|1769406551
|switch|p2a: Iron Valiant|Iron Valiant|100/100|[from] Flip Turn
|
|-weather|RainDance|[upkeep]
|upkeep
|turn|4
|
|t:|1769406557
|move|p2a: Iron Valiant|Thunderbolt|p1a: Pelipper
|-supereffective|p1a: Pelipper
|-damage|p1a: Pelipper|0 fnt
|faint|p1a: Pelipper
|
|-weather|RainDance|[upkeep]
|upkeep
|
|t:|1769406561
|switch|p1a: Qwilfish|Qwilfish, F|100/100
|turn|5
|
|t:|1769406564
|move|p1a: Qwilfish|Destiny Bond|p1a: Qwilfish
|-singlemove|p1a: Qwilfish|Destiny Bond
|move|p2a: Iron Valiant|Thunderbolt|p1a: Qwilfish
|-supereffective|p1a: Qwilfish
|-damage|p1a: Qwilfish|0 fnt
|faint|p1a: Qwilfish
|-activate|p1a: Qwilfish|move: Destiny Bond
|faint|p2a: Iron Valiant
|-end|p2a: Iron Valiant|Quark Drive|[silent]
|
|-weather|RainDance|[upkeep]
|upkeep
|c|☆sinn6r|oh
|
|t:|1769406576
|switch|p2a: Great Tusk|Great Tusk|100/100
|switch|p1a: Araquanid|Araquanid, F|100/100
|turn|6
|
|t:|1769406587
|-end|p2a: Great Tusk|Protosynthesis|[silent]
|switch|p2a: Zamazenta|Zamazenta|100/100
|-ability|p2a: Zamazenta|Dauntless Shield|boost
|-boost|p2a: Zamazenta|def|1
|move|p1a: Araquanid|Sticky Web|p2a: Zamazenta
|-sidestart|p2: sinn6r|move: Sticky Web
|
|-weather|RainDance|[upkeep]
|upkeep
|turn|7
|
|t:|1769406593
|move|p2a: Zamazenta|Play Rough|p1a: Araquanid
|-damage|p1a: Araquanid|75/100
|-unboost|p1a: Araquanid|atk|1
|move|p1a: Araquanid|Aqua Ring|p1a: Araquanid
|-start|p1a: Araquanid|Aqua Ring
|
|-weather|RainDance|[upkeep]
|-heal|p1a: Araquanid|82/100|[from] item: Leftovers
|-heal|p1a: Araquanid|88/100|[from] Aqua Ring
|upkeep
|turn|8
|
|t:|1769406609
|switch|p2a: Alomomola|Alomomola, F|97/100
|-activate|p2a: Alomomola|move: Sticky Web
|-unboost|p2a: Alomomola|spe|1
|move|p1a: Araquanid|Poison Jab|p2a: Alomomola
|-damage|p2a: Alomomola|92/100
|-status|p2a: Alomomola|psn
|-damage|p1a: Araquanid|71/100|[from] item: Rocky Helmet|[of] p2a: Alomomola
|
|-weather|RainDance|[upkeep]
|-heal|p1a: Araquanid|78/100|[from] item: Leftovers
|-heal|p1a: Araquanid|84/100|[from] Aqua Ring
|-damage|p2a: Alomomola|79/100 psn|[from] psn
|upkeep
|turn|9
|
|t:|1769406619
|move|p1a: Araquanid|Poison Jab|p2a: Alomomola
|-damage|p2a: Alomomola|74/100 psn
|-damage|p1a: Araquanid|67/100|[from] item: Rocky Helmet|[of] p2a: Alomomola
|move|p2a: Alomomola|Wish|p2a: Alomomola
|
|-weather|RainDance|[upkeep]
|-heal|p1a: Araquanid|73/100|[from] item: Leftovers
|-heal|p1a: Araquanid|80/100|[from] Aqua Ring
|-damage|p2a: Alomomola|62/100 psn|[from] psn
|upkeep
|turn|10
|
|t:|1769406624
|move|p1a: Araquanid|Leech Life|p2a: Alomomola
|-damage|p2a: Alomomola|55/100 psn
|-heal|p1a: Araquanid|85/100|[from] drain|[of] p2a: Alomomola
|-damage|p1a: Araquanid|69/100|[from] item: Rocky Helmet|[of] p2a: Alomomola
|move|p2a: Alomomola|Flip Turn|p1a: Araquanid
|-resisted|p1a: Araquanid
|-damage|p1a: Araquanid|58/100
|
|t:|1769406629
|switch|p2a: Glimmora|Glimmora, F|86/100|[from] Flip Turn
|-activate|p2a: Glimmora|move: Sticky Web
|-unboost|p2a: Glimmora|spe|1
|
|-weather|none
|-heal|p2a: Glimmora|100/100|[from] move: Wish|[wisher] Alomomola
|-heal|p1a: Araquanid|64/100|[from] item: Leftovers
|-heal|p1a: Araquanid|70/100|[from] Aqua Ring
|upkeep
|turn|11
|-message|otto114 forfeited.
|
|win|sinn6r
|raw|otto114's rating: 1080 &rarr; <strong>1059</strong><br />(-21 for losing)
|raw|sinn6r's rating: 1091 &rarr; <strong>1117</strong><br />(+26 for winning)
|l|☆otto114
|player|p1|
|l|☆sinn6r
|player|p2|
