|j|☆rblt ryo
|j|☆phlar-navi
|t:|1769356408
|gametype|singles
|player|p1|rblt ryo|dawn|1662
|player|p2|phlar-navi|buck|1652
|gen|9
|tier|[Gen 9] OU
|rated|
|rule|HP Percentage Mod: HP is shown in percentages
|rule|Endless Battle Clause: Forcing endless battles is banned
|rule|Species Clause: Limit one of each Pokémon
|rule|OHKO Clause: OHKO moves are banned
|rule|Evasion Items Clause: Evasion items are banned
|rule|Evasion Moves Clause: Evasion moves are banned
|rule|Evasion Abilities Clause: Evasion abilities are banned
|rule|Sleep Moves Clause: Sleep-inducing moves are banned
|clearpoke
|poke|p1|Volcanion|
|poke|p1|Slowking-Galar, M|
|poke|p1|Zamazenta-*|
|poke|p1|Corviknight, F|
|poke|p1|Hatterene, F|
|poke|p1|Ting-Lu|
|poke|p2|Samurott-Hisui, F|
|poke|p2|Corviknight, M|
|poke|p2|Great Tusk|
|poke|p2|Darkrai|
|poke|p2|Ursaluna, M|
|poke|p2|Hatterene, F|
|teampreview
|
|t:|1769356427
|teamsize|p1|6
|teamsize|p2|6
|start
|switch|p1a: Hatterene|Hatterene, F|100/100
|switch|p2a: Hatterene|Hatterene, F|100/100
|turn|1
|
|t:|1769356438
|switch|p1a: Ting-Lu|Ting-Lu|100/100
|-ability|p1a: Ting-Lu|Vessel of Ruin
|switch|p2a: Ursaluna|Ursaluna, M|100/100
|
|-status|p2a: Ursaluna|brn|[from] item: Flame Orb
|upkeep
|turn|2
|
|t:|1769356452
|move|p2a: Ursaluna|Facade|p1a: Ting-Lu
|-damage|p1a: Ting-Lu|36/100
|move|p1a: Ting-Lu|Earthquake|p2a: Ursaluna
|-crit|p2a: Ursaluna
|-damage|p2a: Ursaluna|56/100 brn
|
|-heal|p1a: Ting-Lu|42/100|[from] item: Leftovers
|-damage|p2a: Ursaluna|50/100 brn|[from] brn
|upkeep
|turn|3
|
|t:|1769356460
|switch|p1a: Corviknight|Corviknight, F, shiny|100/100
|-ability|p1a: Corviknight|Pressure
|move|p2a: Ursaluna|Facade|p1a: Corviknight
|-resisted|p1a: Corviknight
|-damage|p1a: Corviknight|66/100
|-damage|p2a: Ursaluna|34/100 brn|[from] item: Rocky Helmet|[of] p1a: Corviknight
|
|-damage|p2a: Ursaluna|28/100 brn|[from] brn
|upkeep
|turn|4
|
|t:|1769356469
|move|p1a: Corviknight|Body Press|p2a: Ursaluna
|-supereffective|p2a: Ursaluna
|-damage|p2a: Ursaluna|0 fnt
|faint|p2a: Ursaluna
|
|upkeep
|
|t:|1769356474
|switch|p2a: Darkrai|Darkrai|100/100
|turn|5
|
|t:|1769356485
|move|p2a: Darkrai|Dark Pulse|p1a: Corviknight
|-damage|p1a: Corviknight|0 fnt
|faint|p1a: Corviknight
|
|upkeep
|
|t:|1769356499
|switch|p1a: Zamazenta|Zamazenta|100/100
|-ability|p1a: Zamazenta|Dauntless Shield|boost
|-boost|p1a: Zamazenta|def|1
|turn|6
|
|t:|1769356503
|switch|p2a: Hatterene|Hatterene, F|100/100
|move|p1a: Zamazenta|Heavy Slam|p2a: Hatterene
|-supereffective|p2a: Hatterene
|-crit|p2a: Hatterene
|-damage|p2a: Hatterene|0 fnt
|faint|p2a: Hatterene
|
|upkeep
|
|t:|1769356510
|switch|p2a: Corviknight|Corviknight, M|100/100
|turn|7
|
|t:|1769356514
|switch|p1a: Volcanion|Volcanion|100/100
|move|p2a: Corviknight|Iron Defense|p2a: Corviknight
|-boost|p2a: Corviknight|def|2
|
|upkeep
|turn|8
|
|t:|1769356524
|switch|p2a: Samurott|Samurott-Hisui, F|100/100
|move|p1a: Volcanion|Steam Eruption|p2a: Samurott|[miss]
|-miss|p1a: Volcanion|p2a: Samurott
|
|upkeep
|turn|9
|
|t:|1769356534
|switch|p1a: Zamazenta|Zamazenta|100/100
|move|p2a: Samurott|Ceaseless Edge|p1a: Zamazenta
|-resisted|p1a: Zamazenta
|-damage|p1a: Zamazenta|73/100
|-sidestart|p1: rblt ryo|Spikes
|-damage|p2a: Samurott|91/100|[from] item: Life Orb
|
|upkeep
|turn|10
|
|t:|1769356542
|switch|p2a: Corviknight|Corviknight, M|100/100
|move|p1a: Zamazenta|Close Combat|p2a: Corviknight
|-damage|p2a: Corviknight|29/100
|-unboost|p1a: Zamazenta|def|1
|-unboost|p1a: Zamazenta|spd|1
|-damage|p1a: Zamazenta|57/100|[from] item: Rocky Helmet|[of] p2a: Corviknight
|
|upkeep
|turn|11
|
|t:|1769356551
|move|p1a: Zamazenta|Close Combat|p2a: Corviknight
|-damage|p2a: Corviknight|0 fnt
|-unboost|p1a: Zamazenta|def|1
|-unboost|p1a: Zamazenta|spd|1
|-damage|p1a: Zamazenta|40/100|[from] item: Rocky Helmet|[of] p2a: Corviknight
|faint|p2a: Corviknight
|
|upkeep
|
|t:|1769356606
|switch|p2a: Great Tusk|Great Tusk|100/100
|turn|12
|
|t:|1769356611
|switch|p1a: Slowking|Slowking-Galar, M, shiny|100/100
|-damage|p1a: Slowking|88/100|[from] Spikes
|move|p2a: Great Tusk|Headlong Rush|p1a: Slowking
|-supereffective|p1a: Slowking
|-damage|p1a: Slowking|0 fnt
|-unboost|p2a: Great Tusk|def|1
|-unboost|p2a: Great Tusk|spd|1
|faint|p1a: Slowking
|
|upkeep
|
|t:|1769356619
|switch|p1a: Hatterene|Hatterene, F|100/100
|-damage|p1a: Hatterene|88/100|[from] Spikes
|turn|13
|
|t:|1769356661
|move|p2a: Great Tusk|Ice Spinner|p1a: Hatterene
|-damage|p1a: Hatterene|62/100
|-damage|p2a: Great Tusk|84/100|[from] item: Rocky Helmet|[of] p1a: Hatterene
|move|p1a: Hatterene|Draining Kiss|p2a: Great Tusk
|-supereffective|p2a: Great Tusk
|-damage|p2a: Great Tusk|33/100
|-heal|p1a: Hatterene|100/100|[from] drain|[of] p2a: Great Tusk
|
|upkeep
|turn|14
|
|t:|1769356670
|move|p2a: Great Tusk|Headlong Rush|p1a: Hatterene
|-damage|p1a: Hatterene|41/100
|-unboost|p2a: Great Tusk|def|1
|-unboost|p2a: Great Tusk|spd|1
|-damage|p2a: Great Tusk|17/100|[from] item: Rocky Helmet|[of] p1a: Hatterene
|move|p1a: Hatterene|Draining Kiss|p2a: Great Tusk
|-supereffective|p2a: Great Tusk
|-damage|p2a: Great Tusk|0 fnt
|-heal|p1a: Hatterene|56/100|[from] drain|[of] p2a: Great Tusk
|faint|p2a: Great Tusk
|-end|p2a: Great Tusk|Protosynthesis|[silent]
|
|upkeep
|
|t:|1769356692
|switch|p2a: Darkrai|Darkrai|100/100
|turn|15
|
|t:|1769356714
|-terastallize|p2a: Darkrai|Poison
|move|p2a: Darkrai|Sludge Bomb|p1a: Hatterene
|-supereffective|p1a: Hatterene
|-damage|p1a: Hatterene|0 fnt
|faint|p1a: Hatterene
|
|upkeep
|
|t:|1769356745
|switch|p1a: Volcanion|Volcanion|100/100
|-damage|p1a: Volcanion|88/100|[from] Spikes
|turn|16
|
|t:|1769356768
|switch|p2a: Samurott|Samurott-Hisui, F|91/100
|-terastallize|p1a: Volcanion|Ground
|move|p1a: Volcanion|Earth Power|p2a: Samurott
|-damage|p2a: Samurott|0 fnt
|faint|p2a: Samurott
|
|upkeep
|
|t:|1769356775
|switch|p2a: Darkrai|Darkrai, tera:Poison|100/100
|turn|17
|
|t:|1769356781
|move|p2a: Darkrai|Dark Pulse|p1a: Volcanion
|-damage|p1a: Volcanion|11/100
|move|p1a: Volcanion|Earth Power|p2a: Darkrai
|-supereffective|p2a: Darkrai
|-damage|p2a: Darkrai|0 fnt
|faint|p2a: Darkrai
|
|win|rblt ryo
|raw|rblt ryo's rating: 1662 &rarr; <strong>1681</strong><br />(+19 for winning)
|raw|phlar-navi's rating: 1652 &rarr; <strong>1633</strong><br />(-19 for losing)
|l|☆phlar-navi
|player|p2|
