|j|☆almostnamedone
|j|☆Bug on my buzz
|t:|1769306705
|gametype|singles
|player|p1|almostnamedone|265|1232
|player|p2|Bug on my buzz|kieran|1207
|gen|9
|tier|[Gen 9] OU
|rated|
|rule|HP Percentage Mod: HP is shown in percentages
|rule|Endless Battle Clause: Forcing endless battles is banned
|rule|Species Clause: Limit one of each Pokémon
|rule|OHKO Clause: OHKO moves are banned
|rule|Evasion Items Clause: Evasion items are banned
|rule|Evasion Moves Clause: Evasion moves are banned
|rule|Evasion Abilities Clause: Evasion abilities are banned
|rule|Sleep Moves Clause: Sleep-inducing moves are banned
|clearpoke
|poke|p1|Deoxys-Speed|
|poke|p1|Clodsire, M|
|poke|p1|Corviknight, M|
|poke|p1|Clefable, M|
|poke|p1|Gliscor, M|
|poke|p1|Alomomola, F|
|poke|p2|Venomoth, M|
|poke|p2|Heatran, M|
|poke|p2|Dragapult, M|
|poke|p2|Great Tusk|
|poke|p2|Weezing-Galar, M|
|poke|p2|Alomomola, M|
|teampreview
|
|t:|1769306741
|teamsize|p1|6
|teamsize|p2|6
|start
|switch|p1a: Deoxys|Deoxys-Speed|100/100
|switch|p2a: Heatran|Heatran, M, shiny|100/100
|-ability|p1a: Deoxys|Pressure
|turn|1
|
|t:|1769306747
|move|p1a: Deoxys|Thunder Wave|p2a: Heatran
|-status|p2a: Heatran|par
|cant|p2a: Heatran|par
|
|upkeep
|turn|2
|
|t:|1769306752
|move|p1a: Deoxys|Stealth Rock|p2a: Heatran
|-sidestart|p2: Bug on my buzz|move: Stealth Rock
|move|p2a: Heatran|Magma Storm|p1a: Deoxys
|-damage|p1a: Deoxys|40/100
|-activate|p1a: Deoxys|move: Magma Storm|[of] p2a: Heatran
|
|-damage|p1a: Deoxys|28/100|[from] move: Magma Storm|[partiallytrapped]
|upkeep
|turn|3
|
|t:|1769306763
|move|p1a: Deoxys|Knock Off|p2a: Heatran
|-damage|p2a: Heatran|84/100 par
|-enditem|p2a: Heatran|Leftovers|[from] move: Knock Off|[of] p1a: Deoxys
|cant|p2a: Heatran|par
|
|-damage|p1a: Deoxys|15/100|[from] move: Magma Storm|[partiallytrapped]
|upkeep
|turn|4
|
|t:|1769306766
|move|p1a: Deoxys|Spikes|p2a: Heatran
|-sidestart|p2: Bug on my buzz|Spikes
|move|p2a: Heatran|Stealth Rock|p1a: Deoxys
|-sidestart|p1: almostnamedone|move: Stealth Rock
|
|-damage|p1a: Deoxys|3/100|[from] move: Magma Storm|[partiallytrapped]
|upkeep
|turn|5
|
|t:|1769306772
|move|p1a: Deoxys|Spikes|p2a: Heatran
|-sidestart|p2: Bug on my buzz|Spikes
|cant|p2a: Heatran|par
|
|-damage|p1a: Deoxys|0 fnt|[from] move: Magma Storm|[partiallytrapped]
|faint|p1a: Deoxys
|upkeep
|
|t:|1769306780
|switch|p1a: Clodsire|Clodsire, M, shiny|100/100
|-damage|p1a: Clodsire|94/100|[from] Stealth Rock
|turn|6
|
|t:|1769306792
|switch|p2a: Great Tusk|Great Tusk, shiny|100/100
|move|p1a: Clodsire|Earthquake|p2a: Great Tusk
|-damage|p2a: Great Tusk|81/100
|
|-heal|p1a: Clodsire|100/100|[from] item: Leftovers
|upkeep
|turn|7
|
|t:|1769306800
|move|p2a: Great Tusk|Smack Down|p1a: Clodsire
|-resisted|p1a: Clodsire
|-damage|p1a: Clodsire|90/100
|move|p1a: Clodsire|Toxic|p2a: Great Tusk
|-status|p2a: Great Tusk|tox
|
|-heal|p1a: Clodsire|96/100|[from] item: Leftovers
|-damage|p2a: Great Tusk|75/100 tox|[from] psn
|upkeep
|turn|8
|
|t:|1769306805
|move|p1a: Clodsire|Protect|p1a: Clodsire
|-singleturn|p1a: Clodsire|Protect
|move|p2a: Great Tusk|Headlong Rush|p1a: Clodsire
|-activate|p1a: Clodsire|move: Protect
|
|-heal|p1a: Clodsire|100/100|[from] item: Leftovers
|-damage|p2a: Great Tusk|62/100 tox|[from] psn
|upkeep
|turn|9
|
|t:|1769306808
|switch|p1a: Corviknight|Corviknight, M, shiny|100/100
|-damage|p1a: Corviknight|88/100|[from] Stealth Rock
|move|p2a: Great Tusk|Rapid Spin|p1a: Corviknight
|-resisted|p1a: Corviknight
|-damage|p1a: Corviknight|83/100
|-boost|p2a: Great Tusk|spe|1
|-damage|p2a: Great Tusk|46/100 tox|[from] item: Rocky Helmet|[of] p1a: Corviknight
|-sideend|p2: Bug on my buzz|Spikes|[from] move: Rapid Spin|[of] p2a: Great Tusk
|-sideend|p2: Bug on my buzz|Stealth Rock|[from] move: Rapid Spin|[of] p2a: Great Tusk
|
|-damage|p2a: Great Tusk|27/100 tox|[from] psn
|upkeep
|turn|10
|
|t:|1769306813
|move|p2a: Great Tusk|Smack Down|p1a: Corviknight
|-crit|p1a: Corviknight
|-damage|p1a: Corviknight|67/100
|-start|p1a: Corviknight|Smack Down
|move|p1a: Corviknight|Defog|p2a: Great Tusk
|-unboost|p2a: Great Tusk|evasion|1
|-sideend|p1: almostnamedone|Stealth Rock|[from] move: Defog|[of] p1a: Corviknight
|
|-damage|p2a: Great Tusk|2/100 tox|[from] psn
|upkeep
|turn|11
|
|t:|1769306818
|switch|p1a: Gliscor|Gliscor, M, shiny|100/100
|move|p2a: Great Tusk|Headlong Rush|p1a: Gliscor
|-immune|p1a: Gliscor
|
|-damage|p2a: Great Tusk|0 fnt|[from] psn
|faint|p2a: Great Tusk
|-end|p2a: Great Tusk|Protosynthesis|[silent]
|-status|p1a: Gliscor|tox|[from] item: Toxic Orb
|upkeep
|
|t:|1769306851
|switch|p2a: Dragapult|Dragapult, M, shiny|100/100
|turn|12
|
|t:|1769306856
|move|p2a: Dragapult|Substitute|p2a: Dragapult
|-start|p2a: Dragapult|Substitute
|-damage|p2a: Dragapult|75/100
|move|p1a: Gliscor|Toxic||[still]
|-fail|p1a: Gliscor
|
|-heal|p2a: Dragapult|82/100|[from] item: Leftovers
|upkeep
|turn|13
|
|t:|1769306860
|move|p2a: Dragapult|Hex|p1a: Gliscor
|-damage|p1a: Gliscor|43/100 tox
|move|p1a: Gliscor|Knock Off|p2a: Dragapult
|-supereffective|p2a: Dragapult
|-end|p2a: Dragapult|Substitute
|
|-heal|p2a: Dragapult|88/100|[from] item: Leftovers
|-heal|p1a: Gliscor|56/100 tox|[from] ability: Poison Heal
|upkeep
|turn|14
|
|t:|1769306865
|move|p1a: Gliscor|Protect|p1a: Gliscor
|-singleturn|p1a: Gliscor|Protect
|move|p2a: Dragapult|Substitute|p2a: Dragapult
|-start|p2a: Dragapult|Substitute
|-damage|p2a: Dragapult|63/100
|
|-heal|p2a: Dragapult|69/100|[from] item: Leftovers
|-heal|p1a: Gliscor|68/100 tox|[from] ability: Poison Heal
|upkeep
|turn|15
|
|t:|1769306873
|move|p2a: Dragapult|Hex|p1a: Gliscor
|-damage|p1a: Gliscor|7/100 tox
|move|p1a: Gliscor|Knock Off|p2a: Dragapult
|-supereffective|p2a: Dragapult
|-end|p2a: Dragapult|Substitute
|
|-heal|p2a: Dragapult|75/100|[from] item: Leftovers
|-heal|p1a: Gliscor|19/100 tox|[from] ability: Poison Heal
|upkeep
|turn|16
|
|t:|1769306880
|move|p1a: Gliscor|Protect|p1a: Gliscor
|-singleturn|p1a: Gliscor|Protect
|move|p2a: Dragapult|Hex|p1a: Gliscor
|-activate|p1a: Gliscor|move: Protect
|
|-heal|p2a: Dragapult|81/100|[from] item: Leftovers
|-heal|p1a: Gliscor|32/100 tox|[from] ability: Poison Heal
|upkeep
|turn|17
|
|t:|1769306887
|switch|p1a: Clefable|Clefable, M, shiny|100/100
|move|p2a: Dragapult|Hex|p1a: Clefable
|-damage|p1a: Clefable|85/100
|
|-heal|p2a: Dragapult|87/100|[from] item: Leftovers
|-heal|p1a: Clefable|91/100|[from] item: Leftovers
|upkeep
|turn|18
|
|t:|1769306893
|switch|p2a: Venomoth|Venomoth, M, shiny|100/100
|move|p1a: Clefable|Wish|p1a: Clefable
|
|-heal|p1a: Clefable|97/100|[from] item: Leftovers
|upkeep
|turn|19
|
|t:|1769306898
|switch|p1a: Gliscor|Gliscor, M, shiny|32/100 tox
|move|p2a: Venomoth|Quiver Dance|p2a: Venomoth
|-boost|p2a: Venomoth|spa|1
|-boost|p2a: Venomoth|spd|1
|-boost|p2a: Venomoth|spe|1
|
|-heal|p1a: Gliscor|88/100 tox|[from] move: Wish|[wisher] Clefable
|-heal|p1a: Gliscor|99/100 tox|[from] ability: Poison Heal
|upkeep
|turn|20
|
|t:|1769306906
|move|p2a: Venomoth|Sludge Wave|p1a: Gliscor
|-resisted|p1a: Gliscor
|-damage|p1a: Gliscor|0 fnt
|faint|p1a: Gliscor
|-damage|p2a: Venomoth|91/100|[from] item: Life Orb
|
|upkeep
|
|t:|1769306918
|switch|p1a: Corviknight|Corviknight, M, shiny|67/100
|turn|21
|
|t:|1769306928
|-terastallize|p2a: Venomoth|Electric
|move|p2a: Venomoth|Tera Blast|p1a: Corviknight|[anim] Tera Blast Electric
|-supereffective|p1a: Corviknight
|-damage|p1a: Corviknight|0 fnt
|faint|p1a: Corviknight
|-damage|p2a: Venomoth|81/100|[from] item: Life Orb
|
|upkeep
|
|t:|1769306935
|switch|p1a: Clodsire|Clodsire, M, shiny|100/100
|turn|22
|
|t:|1769306942
|move|p2a: Venomoth|Sludge Wave|p1a: Clodsire
|-resisted|p1a: Clodsire
|-damage|p1a: Clodsire|80/100
|-damage|p2a: Venomoth|71/100|[from] item: Life Orb
|move|p1a: Clodsire|Toxic|p2a: Venomoth
|-status|p2a: Venomoth|tox
|
|-heal|p1a: Clodsire|86/100|[from] item: Leftovers
|-damage|p2a: Venomoth|65/100 tox|[from] psn
|upkeep
|turn|23
|
|t:|1769306950
|move|p2a: Venomoth|Sludge Wave|p1a: Clodsire
|-resisted|p1a: Clodsire
|-damage|p1a: Clodsire|66/100
|-damage|p2a: Venomoth|55/100 tox|[from] item: Life Orb
|move|p1a: Clodsire|Earthquake|p2a: Venomoth
|-supereffective|p2a: Venomoth
|-damage|p2a: Venomoth|0 fnt
|faint|p2a: Venomoth
|
|-heal|p1a: Clodsire|72/100|[from] item: Leftovers
|upkeep
|
|t:|1769306956
|switch|p2a: Weezing|Weezing-Galar, M, shiny|100/100
|-ability|p2a: Weezing|Neutralizing Gas
|-item|p2a: Weezing|Air Balloon
|turn|24
|
|t:|1769306968
|move|p2a: Weezing|Will-O-Wisp|p1a: Clodsire
|-status|p1a: Clodsire|brn
|move|p1a: Clodsire|Recover|p1a: Clodsire
|-heal|p1a: Clodsire|100/100 brn
|
|-damage|p1a: Clodsire|94/100 brn|[from] brn
|upkeep
|turn|25
|
|t:|1769306976
|-end|p2a: Weezing|ability: Neutralizing Gas
|switch|p2a: Heatran|Heatran, M, shiny|84/100 par
|switch|p1a: Alomomola|Alomomola, F, shiny|100/100
|
|upkeep
|turn|26
|
|t:|1769306988
|move|p1a: Alomomola|Surf|p2a: Heatran
|-supereffective|p2a: Heatran
|-damage|p2a: Heatran|61/100 par
|cant|p2a: Heatran|par
|
|upkeep
|turn|27
|
|t:|1769306992
|move|p1a: Alomomola|Wish|p1a: Alomomola
|move|p2a: Heatran|Stealth Rock|p1a: Alomomola
|-sidestart|p1: almostnamedone|move: Stealth Rock
|
|upkeep
|turn|28
|
|t:|1769307002
|move|p1a: Alomomola|Surf|p2a: Heatran
|-supereffective|p2a: Heatran
|-damage|p2a: Heatran|34/100 par
|cant|p2a: Heatran|par
|
|upkeep
|turn|29
|
|t:|1769307006
|switch|p2a: Alomomola|Alomomola, M, shiny|100/100
|move|p1a: Alomomola|Wish|p1a: Alomomola
|
|upkeep
|turn|30
|
|t:|1769307015
|move|p1a: Alomomola|Flip Turn|p2a: Alomomola
|-resisted|p2a: Alomomola
|-damage|p2a: Alomomola|95/100
|
|t:|1769307028
|switch|p1a: Clodsire|Clodsire, M, shiny|94/100 brn|[from] Flip Turn
|-damage|p1a: Clodsire|88/100 brn|[from] Stealth Rock
|move|p2a: Alomomola|Mirror Coat||[still]
|-fail|p2a: Alomomola
|
|-heal|p1a: Clodsire|100/100 brn|[from] move: Wish|[wisher] Alomomola
|-heal|p2a: Alomomola|100/100|[from] item: Leftovers
|-damage|p1a: Clodsire|94/100 brn|[from] brn
|upkeep
|turn|31
|
|t:|1769307035
|switch|p2a: Heatran|Heatran, M, shiny|34/100 par
|move|p1a: Clodsire|Toxic||[still]
|-fail|p1a: Clodsire
|
|-heal|p1a: Clodsire|100/100 brn|[from] item: Leftovers
|-damage|p1a: Clodsire|94/100 brn|[from] brn
|upkeep
|turn|32
|
|t:|1769307039
|move|p2a: Heatran|Taunt|p1a: Clodsire
|-start|p1a: Clodsire|move: Taunt
|move|p1a: Clodsire|Earthquake|p2a: Heatran
|-supereffective|p2a: Heatran
|-damage|p2a: Heatran|0 fnt
|faint|p2a: Heatran
|
|-heal|p1a: Clodsire|100/100 brn|[from] item: Leftovers
|-damage|p1a: Clodsire|94/100 brn|[from] brn
|upkeep
|
|t:|1769307040
|switch|p2a: Dragapult|Dragapult, M, shiny|87/100
|turn|33
|
|t:|1769307045
|switch|p1a: Clefable|Clefable, M, shiny|97/100
|move|p2a: Dragapult|Substitute|p2a: Dragapult
|-start|p2a: Dragapult|Substitute
|-damage|p2a: Dragapult|62/100
|
|-heal|p2a: Dragapult|68/100|[from] item: Leftovers
|-heal|p1a: Clefable|100/100|[from] item: Leftovers
|upkeep
|turn|34
|
|t:|1769307055
|move|p2a: Dragapult|Will-O-Wisp|p1a: Clefable|[miss]
|-miss|p2a: Dragapult|p1a: Clefable
|move|p1a: Clefable|Knock Off|p2a: Dragapult
|-supereffective|p2a: Dragapult
|-end|p2a: Dragapult|Substitute
|
|-heal|p2a: Dragapult|74/100|[from] item: Leftovers
|upkeep
|turn|35
|
|t:|1769307070
|switch|p2a: Alomomola|Alomomola, M, shiny|100/100
|move|p1a: Clefable|Moonblast|p2a: Alomomola
|-damage|p2a: Alomomola|77/100
|-unboost|p2a: Alomomola|spa|1
|
|-heal|p2a: Alomomola|83/100|[from] item: Leftovers
|upkeep
|turn|36
|
|t:|1769307074
|move|p1a: Clefable|Knock Off|p2a: Alomomola
|-damage|p2a: Alomomola|69/100
|-enditem|p2a: Alomomola|Leftovers|[from] move: Knock Off|[of] p1a: Clefable
|move|p2a: Alomomola|Wish|p2a: Alomomola
|
|upkeep
|turn|37
|
|t:|1769307078
|move|p1a: Clefable|Moonblast|p2a: Alomomola
|-damage|p2a: Alomomola|46/100
|move|p2a: Alomomola|Flip Turn|p1a: Clefable
|-damage|p1a: Clefable|81/100
|
|t:|1769307083
|switch|p2a: Dragapult|Dragapult, M, shiny|74/100|[from] Flip Turn
|
|-heal|p2a: Dragapult|100/100|[from] move: Wish|[wisher] Alomomola
|-heal|p1a: Clefable|87/100|[from] item: Leftovers
|upkeep
|turn|38
|
|t:|1769307098
|switch|p2a: Alomomola|Alomomola, M, shiny|79/100
|move|p1a: Clefable|Moonblast|p2a: Alomomola
|-damage|p2a: Alomomola|55/100
|
|-heal|p1a: Clefable|93/100|[from] item: Leftovers
|upkeep
|turn|39
|
|t:|1769307104
|move|p1a: Clefable|Wish|p1a: Clefable
|move|p2a: Alomomola|Wish|p2a: Alomomola
|
|-heal|p1a: Clefable|99/100|[from] item: Leftovers
|upkeep
|turn|40
|
|t:|1769307118
|move|p1a: Clefable|Moonblast|p2a: Alomomola
|-damage|p2a: Alomomola|32/100
|move|p2a: Alomomola|Mirror Coat|p1a: Clefable
|-damage|p1a: Clefable|38/100
|
|-heal|p1a: Clefable|88/100|[from] move: Wish|[wisher] Clefable
|-heal|p2a: Alomomola|82/100|[from] move: Wish|[wisher] Alomomola
|-heal|p1a: Clefable|94/100|[from] item: Leftovers
|upkeep
|turn|41
|
|t:|1769307126
|move|p1a: Clefable|Wish|p1a: Clefable
|move|p2a: Alomomola|Wish|p2a: Alomomola
|
|-heal|p1a: Clefable|99/100|[from] item: Leftovers
|upkeep
|turn|42
|
|t:|1769307129
|move|p1a: Clefable|Knock Off|p2a: Alomomola
|-damage|p2a: Alomomola|74/100
|move|p2a: Alomomola|Mirror Coat||[still]
|-fail|p2a: Alomomola
|
|-heal|p1a: Clefable|100/100|[from] move: Wish|[wisher] Clefable
|-heal|p2a: Alomomola|100/100|[from] move: Wish|[wisher] Alomomola
|upkeep
|turn|43
|
|t:|1769307134
|move|p1a: Clefable|Moonblast|p2a: Alomomola
|-damage|p2a: Alomomola|79/100
|-unboost|p2a: Alomomola|spa|1
|move|p2a: Alomomola|Flip Turn|p1a: Clefable
|-damage|p1a: Clefable|83/100
|
|t:|1769307140
|switch|p2a: Weezing|Weezing-Galar, M, shiny|100/100|[from] Flip Turn
|-ability|p2a: Weezing|Neutralizing Gas
|-item|p2a: Weezing|Air Balloon
|
|-heal|p1a: Clefable|89/100|[from] item: Leftovers
|upkeep
|turn|44
|
|t:|1769307152
|move|p2a: Weezing|Will-O-Wisp|p1a: Clefable
|-status|p1a: Clefable|brn
|move|p1a: Clefable|Knock Off|p2a: Weezing
|-resisted|p2a: Weezing
|-damage|p2a: Weezing|98/100
|-enditem|p2a: Weezing|Air Balloon
|
|-heal|p1a: Clefable|95/100 brn|[from] item: Leftovers
|-damage|p1a: Clefable|89/100 brn|[from] brn
|upkeep
|turn|45
|
|t:|1769307168
|switch|p1a: Clodsire|Clodsire, M, shiny|94/100 brn
|-damage|p1a: Clodsire|88/100 brn|[from] Stealth Rock
|move|p2a: Weezing|Strange Steam|p1a: Clodsire
|-resisted|p1a: Clodsire
|-damage|p1a: Clodsire|81/100 brn
|
|-heal|p1a: Clodsire|87/100 brn|[from] item: Leftovers
|-damage|p1a: Clodsire|81/100 brn|[from] brn
|upkeep
|turn|46
|
|t:|1769307176
|move|p2a: Weezing|Strange Steam|p1a: Clodsire
|-resisted|p1a: Clodsire
|-damage|p1a: Clodsire|73/100 brn
|-start|p1a: Clodsire|confusion
|-activate|p1a: Clodsire|confusion
|move|p1a: Clodsire|Earthquake|p2a: Weezing
|-supereffective|p2a: Weezing
|-damage|p2a: Weezing|81/100
|
|-heal|p1a: Clodsire|79/100 brn|[from] item: Leftovers
|-damage|p1a: Clodsire|73/100 brn|[from] brn
|upkeep
|turn|47
|
|t:|1769307186
|move|p2a: Weezing|Strange Steam|p1a: Clodsire
|-resisted|p1a: Clodsire
|-damage|p1a: Clodsire|67/100 brn
|-end|p1a: Clodsire|confusion
|move|p1a: Clodsire|Earthquake|p2a: Weezing
|-supereffective|p2a: Weezing
|-damage|p2a: Weezing|63/100
|
|-heal|p1a: Clodsire|73/100 brn|[from] item: Leftovers
|-damage|p1a: Clodsire|67/100 brn|[from] brn
|upkeep
|turn|48
|
|t:|1769307193
|move|p2a: Weezing|Strange Steam|p1a: Clodsire|[miss]
|-miss|p2a: Weezing|p1a: Clodsire
|move|p1a: Clodsire|Earthquake|p2a: Weezing
|-supereffective|p2a: Weezing
|-damage|p2a: Weezing|45/100
|
|-heal|p1a: Clodsire|73/100 brn|[from] item: Leftovers
|-damage|p1a: Clodsire|67/100 brn|[from] brn
|upkeep
|turn|49
|
|t:|1769307197
|move|p2a: Weezing|Strange Steam|p1a: Clodsire
|-resisted|p1a: Clodsire
|-damage|p1a: Clodsire|59/100 brn
|move|p1a: Clodsire|Earthquake|p2a: Weezing
|-supereffective|p2a: Weezing
|-damage|p2a: Weezing|28/100
|
|-heal|p1a: Clodsire|65/100 brn|[from] item: Leftovers
|-damage|p1a: Clodsire|59/100 brn|[from] brn
|upkeep
|turn|50
|
|t:|1769307200
|move|p2a: Weezing|Pain Split|p1a: Clodsire
|-sethp|p1a: Clodsire|40/100 brn|[from] move: Pain Split|[silent]
|-sethp|p2a: Weezing|55/100|[from] move: Pain Split
|move|p1a: Clodsire|Earthquake|p2a: Weezing
|-supereffective|p2a: Weezing
|-damage|p2a: Weezing|36/100
|
|-heal|p1a: Clodsire|46/100 brn|[from] item: Leftovers
|-damage|p1a: Clodsire|40/100 brn|[from] brn
|upkeep
|turn|51
|
|t:|1769307204
|move|p2a: Weezing|Pain Split|p1a: Clodsire
|-sethp|p1a: Clodsire|33/100 brn|[from] move: Pain Split|[silent]
|-sethp|p2a: Weezing|45/100|[from] move: Pain Split
|move|p1a: Clodsire|Recover|p1a: Clodsire
|-heal|p1a: Clodsire|83/100 brn
|
|-heal|p1a: Clodsire|89/100 brn|[from] item: Leftovers
|-damage|p1a: Clodsire|83/100 brn|[from] brn
|upkeep
|turn|52
|
|t:|1769307209
|move|p2a: Weezing|Pain Split|p1a: Clodsire
|-sethp|p1a: Clodsire|58/100 brn|[from] move: Pain Split|[silent]
|-sethp|p2a: Weezing|80/100|[from] move: Pain Split
|move|p1a: Clodsire|Earthquake|p2a: Weezing
|-supereffective|p2a: Weezing
|-damage|p2a: Weezing|62/100
|
|-heal|p1a: Clodsire|64/100 brn|[from] item: Leftovers
|-damage|p1a: Clodsire|58/100 brn|[from] brn
|upkeep
|turn|53
|
|t:|1769307213
|move|p2a: Weezing|Strange Steam|p1a: Clodsire
|-resisted|p1a: Clodsire
|-damage|p1a: Clodsire|50/100 brn
|move|p1a: Clodsire|Earthquake|p2a: Weezing
|-supereffective|p2a: Weezing
|-damage|p2a: Weezing|44/100
|
|-heal|p1a: Clodsire|57/100 brn|[from] item: Leftovers
|-damage|p1a: Clodsire|50/100 brn|[from] brn
|upkeep
|turn|54
|
|t:|1769307216
|move|p2a: Weezing|Pain Split|p1a: Clodsire
|-sethp|p1a: Clodsire|41/100 brn|[from] move: Pain Split|[silent]
|-sethp|p2a: Weezing|57/100|[from] move: Pain Split
|move|p1a: Clodsire|Earthquake|p2a: Weezing
|-supereffective|p2a: Weezing
|-damage|p2a: Weezing|38/100
|
|-heal|p1a: Clodsire|47/100 brn|[from] item: Leftovers
|-damage|p1a: Clodsire|41/100 brn|[from] brn
|upkeep
|turn|55
|
|t:|1769307222
|move|p2a: Weezing|Strange Steam|p1a: Clodsire
|-resisted|p1a: Clodsire
|-damage|p1a: Clodsire|33/100 brn
|-start|p1a: Clodsire|confusion
|-activate|p1a: Clodsire|confusion
|move|p1a: Clodsire|Earthquake|p2a: Weezing
|-supereffective|p2a: Weezing
|-damage|p2a: Weezing|20/100
|
|-heal|p1a: Clodsire|40/100 brn|[from] item: Leftovers
|-damage|p1a: Clodsire|33/100 brn|[from] brn
|upkeep
|turn|56
|
|t:|1769307230
|move|p2a: Weezing|Pain Split|p1a: Clodsire
|-sethp|p1a: Clodsire|24/100 brn|[from] move: Pain Split|[silent]
|-sethp|p2a: Weezing|33/100|[from] move: Pain Split
|-activate|p1a: Clodsire|confusion
|-damage|p1a: Clodsire|16/100 brn|[from] confusion
|
|-heal|p1a: Clodsire|22/100 brn|[from] item: Leftovers
|-damage|p1a: Clodsire|16/100 brn|[from] brn
|upkeep
|turn|57
|
|t:|1769307235
|move|p2a: Weezing|Strange Steam|p1a: Clodsire
|-resisted|p1a: Clodsire
|-damage|p1a: Clodsire|8/100 brn
|-activate|p1a: Clodsire|confusion
|move|p1a: Clodsire|Recover|p1a: Clodsire
|-heal|p1a: Clodsire|58/100 brn
|
|-heal|p1a: Clodsire|65/100 brn|[from] item: Leftovers
|-damage|p1a: Clodsire|58/100 brn|[from] brn
|upkeep
|turn|58
|
|t:|1769307240
|move|p2a: Weezing|Pain Split|p1a: Clodsire
|-sethp|p1a: Clodsire|41/100 brn|[from] move: Pain Split|[silent]
|-sethp|p2a: Weezing|57/100|[from] move: Pain Split
|-activate|p1a: Clodsire|confusion
|move|p1a: Clodsire|Earthquake|p2a: Weezing
|-supereffective|p2a: Weezing
|-crit|p2a: Weezing
|-damage|p2a: Weezing|30/100
|
|-heal|p1a: Clodsire|47/100 brn|[from] item: Leftovers
|-damage|p1a: Clodsire|41/100 brn|[from] brn
|upkeep
|turn|59
|
|t:|1769307249
|move|p2a: Weezing|Pain Split|p1a: Clodsire
|-sethp|p1a: Clodsire|31/100 brn|[from] move: Pain Split|[silent]
|-sethp|p2a: Weezing|43/100|[from] move: Pain Split
|-end|p1a: Clodsire|confusion
|move|p1a: Clodsire|Earthquake|p2a: Weezing
|-supereffective|p2a: Weezing
|-damage|p2a: Weezing|27/100
|
|-heal|p1a: Clodsire|38/100 brn|[from] item: Leftovers
|-damage|p1a: Clodsire|31/100 brn|[from] brn
|upkeep
|turn|60
|
|t:|1769307260
|move|p2a: Weezing|Strange Steam|p1a: Clodsire
|-resisted|p1a: Clodsire
|-damage|p1a: Clodsire|25/100 brn
|-start|p1a: Clodsire|confusion
|-activate|p1a: Clodsire|confusion
|move|p1a: Clodsire|Earthquake|p2a: Weezing
|-supereffective|p2a: Weezing
|-damage|p2a: Weezing|9/100
|
|-heal|p1a: Clodsire|31/100 brn|[from] item: Leftovers
|-damage|p1a: Clodsire|25/100 brn|[from] brn
|upkeep
|turn|61
|
|t:|1769307264
|move|p2a: Weezing|Pain Split|p1a: Clodsire
|-sethp|p1a: Clodsire|16/100 brn|[from] move: Pain Split|[silent]
|-sethp|p2a: Weezing|21/100|[from] move: Pain Split
|-activate|p1a: Clodsire|confusion
|-damage|p1a: Clodsire|7/100 brn|[from] confusion
|
|-heal|p1a: Clodsire|13/100 brn|[from] item: Leftovers
|-damage|p1a: Clodsire|7/100 brn|[from] brn
|upkeep
|turn|62
|
|t:|1769307276
|-activate|p1a: Clodsire|confusion
|move|p1a: Clodsire|Protect|p1a: Clodsire
|-singleturn|p1a: Clodsire|Protect
|move|p2a: Weezing|Strange Steam|p1a: Clodsire
|-activate|p1a: Clodsire|move: Protect
|
|-heal|p1a: Clodsire|13/100 brn|[from] item: Leftovers
|-damage|p1a: Clodsire|7/100 brn|[from] brn
|upkeep
|turn|63
|
|t:|1769307287
|move|p2a: Weezing|Strange Steam|p1a: Clodsire
|-resisted|p1a: Clodsire
|-damage|p1a: Clodsire|0 fnt
|faint|p1a: Clodsire
|
|upkeep
|
|t:|1769307291
|switch|p1a: Alomomola|Alomomola, F, shiny|100/100
|-damage|p1a: Alomomola|88/100|[from] Stealth Rock
|turn|64
|
|t:|1769307300
|move|p1a: Alomomola|Surf|p2a: Weezing
|-damage|p2a: Weezing|0 fnt
|faint|p2a: Weezing
|-end|p2a: Weezing|ability: Neutralizing Gas
|
|-heal|p1a: Alomomola|94/100|[from] item: Leftovers
|upkeep
|
|t:|1769307305
|switch|p2a: Dragapult|Dragapult, M, shiny|100/100
|turn|65
|
|t:|1769307309
|move|p2a: Dragapult|Substitute|p2a: Dragapult
|-start|p2a: Dragapult|Substitute
|-damage|p2a: Dragapult|75/100
|move|p1a: Alomomola|Flip Turn|p2a: Dragapult
|-resisted|p2a: Dragapult
|-activate|p2a: Dragapult|move: Substitute|[damage]
|
|t:|1769307312
|switch|p1a: Clefable|Clefable, M, shiny|89/100 brn|[from] Flip Turn
|
|-heal|p2a: Dragapult|82/100|[from] item: Leftovers
|-heal|p1a: Clefable|95/100 brn|[from] item: Leftovers
|upkeep
|turn|66
|
|t:|1769307317
|move|p2a: Dragapult|Hex|p1a: Clefable
|-crit|p1a: Clefable
|-damage|p1a: Clefable|45/100 brn
|move|p1a: Clefable|Moonblast|p2a: Dragapult
|-supereffective|p2a: Dragapult
|-crit|p2a: Dragapult
|-end|p2a: Dragapult|Substitute
|
|-heal|p2a: Dragapult|88/100|[from] item: Leftovers
|-heal|p1a: Clefable|51/100 brn|[from] item: Leftovers
|upkeep
|turn|67
|
|t:|1769307320
|switch|p2a: Alomomola|Alomomola, M, shiny|100/100
|move|p1a: Clefable|Wish|p1a: Clefable
|
|-heal|p1a: Clefable|57/100 brn|[from] item: Leftovers
|upkeep
|turn|68
|
|t:|1769307330
|move|p1a: Clefable|Knock Off|p2a: Alomomola
|-damage|p2a: Alomomola|96/100
|move|p2a: Alomomola|Mirror Coat||[still]
|-fail|p2a: Alomomola
|
|-heal|p1a: Clefable|100/100 brn|[from] move: Wish|[wisher] Clefable
|upkeep
|turn|69
|
|t:|1769307333
|move|p1a: Clefable|Encore|p2a: Alomomola
|-start|p2a: Alomomola|Encore
|move|p2a: Alomomola|Mirror Coat||[still]
|-fail|p2a: Alomomola
|
|upkeep
|turn|70
|
|t:|1769307354
|move|p1a: Clefable|Knock Off|p2a: Alomomola
|-damage|p2a: Alomomola|92/100
|move|p2a: Alomomola|Mirror Coat||[still]
|-fail|p2a: Alomomola
|
|upkeep
|turn|71
|
|t:|1769307371
|move|p1a: Clefable|Knock Off|p2a: Alomomola
|-damage|p2a: Alomomola|88/100
|move|p2a: Alomomola|Mirror Coat||[still]
|-fail|p2a: Alomomola
|
|-end|p2a: Alomomola|Encore
|upkeep
|turn|72
|
|t:|1769307376
|move|p2a: Alomomola|Protect|p2a: Alomomola
|-singleturn|p2a: Alomomola|Protect
|move|p1a: Clefable|Moonblast|p2a: Alomomola
|-activate|p2a: Alomomola|move: Protect
|
|upkeep
|turn|73
|
|t:|1769307384
|move|p1a: Clefable|Encore|p2a: Alomomola
|-start|p2a: Alomomola|Encore
|move|p2a: Alomomola|Protect||[still]
|-fail|p2a: Alomomola
|
|upkeep
|turn|74
|
|t:|1769307388
|move|p2a: Alomomola|Protect|p2a: Alomomola
|-singleturn|p2a: Alomomola|Protect
|move|p1a: Clefable|Moonblast|p2a: Alomomola
|-activate|p2a: Alomomola|move: Protect
|
|upkeep
|turn|75
|
|t:|1769307390
|move|p2a: Alomomola|Protect||[still]
|-fail|p2a: Alomomola
|move|p1a: Clefable|Moonblast|p2a: Alomomola
|-damage|p2a: Alomomola|66/100
|-unboost|p2a: Alomomola|spa|1
|
|-end|p2a: Alomomola|Encore
|upkeep
|turn|76
|
|t:|1769307393
|move|p1a: Clefable|Moonblast|p2a: Alomomola
|-damage|p2a: Alomomola|41/100
|-unboost|p2a: Alomomola|spa|1
|move|p2a: Alomomola|Wish|p2a: Alomomola
|
|upkeep
|turn|77
|
|t:|1769307395
|move|p2a: Alomomola|Protect|p2a: Alomomola
|-singleturn|p2a: Alomomola|Protect
|move|p1a: Clefable|Moonblast|p2a: Alomomola
|-activate|p2a: Alomomola|move: Protect
|
|-heal|p2a: Alomomola|91/100|[from] move: Wish|[wisher] Alomomola
|upkeep
|turn|78
|
|t:|1769307399
|move|p1a: Clefable|Encore|p2a: Alomomola
|-start|p2a: Alomomola|Encore
|move|p2a: Alomomola|Protect||[still]
|-fail|p2a: Alomomola
|
|upkeep
|turn|79
|
|t:|1769307401
|move|p2a: Alomomola|Protect|p2a: Alomomola
|-singleturn|p2a: Alomomola|Protect
|move|p1a: Clefable|Moonblast|p2a: Alomomola
|-activate|p2a: Alomomola|move: Protect
|
|upkeep
|turn|80
|
|t:|1769307404
|move|p2a: Alomomola|Protect||[still]
|-fail|p2a: Alomomola
|move|p1a: Clefable|Moonblast|p2a: Alomomola
|-damage|p2a: Alomomola|70/100
|
|-end|p2a: Alomomola|Encore
|upkeep
|turn|81
|
|t:|1769307409
|move|p1a: Clefable|Encore|p2a: Alomomola
|-start|p2a: Alomomola|Encore
|move|p2a: Alomomola|Protect||[still]
|-fail|p2a: Alomomola
|
|upkeep
|turn|82
|
|t:|1769307411
|move|p2a: Alomomola|Protect|p2a: Alomomola
|-singleturn|p2a: Alomomola|Protect
|move|p1a: Clefable|Moonblast|p2a: Alomomola
|-activate|p2a: Alomomola|move: Protect
|
|upkeep
|turn|83
|
|t:|1769307415
|move|p2a: Alomomola|Protect||[still]
|-fail|p2a: Alomomola
|move|p1a: Clefable|Moonblast|p2a: Alomomola
|-damage|p2a: Alomomola|45/100
|-unboost|p2a: Alomomola|spa|1
|
|-end|p2a: Alomomola|Encore
|upkeep
|turn|84
|
|t:|1769307418
|move|p1a: Clefable|Encore|p2a: Alomomola
|-start|p2a: Alomomola|Encore
|move|p2a: Alomomola|Protect||[still]
|-fail|p2a: Alomomola
|
|upkeep
|turn|85
|
|t:|1769307421
|move|p2a: Alomomola|Protect|p2a: Alomomola
|-singleturn|p2a: Alomomola|Protect
|move|p1a: Clefable|Moonblast|p2a: Alomomola
|-activate|p2a: Alomomola|move: Protect
|
|upkeep
|turn|86
|
|t:|1769307423
|move|p2a: Alomomola|Protect|p2a: Alomomola
|-singleturn|p2a: Alomomola|Protect
|move|p1a: Clefable|Moonblast|p2a: Alomomola
|-activate|p2a: Alomomola|move: Protect
|
|-end|p2a: Alomomola|Encore
|upkeep
|turn|87
|
|t:|1769307427
|move|p1a: Clefable|Encore|p2a: Alomomola
|-start|p2a: Alomomola|Encore
|move|p2a: Alomomola|Protect||[still]
|-fail|p2a: Alomomola
|
|upkeep
|turn|88
|
|t:|1769307429
|move|p2a: Alomomola|Protect|p2a: Alomomola
|-singleturn|p2a: Alomomola|Protect
|move|p1a: Clefable|Moonblast|p2a: Alomomola
|-activate|p2a: Alomomola|move: Protect
|
|-end|p2a: Alomomola|Encore
|upkeep
|turn|89
|
|t:|1769307437
|move|p1a: Clefable|Encore||[still]
|-fail|p1a: Clefable
|move|p2a: Alomomola|Wish|p2a: Alomomola
|
|upkeep
|turn|90
|
|t:|1769307467
|move|p1a: Clefable|Wish|p1a: Clefable
|move|p2a: Alomomola|Mirror Coat||[still]
|-fail|p2a: Alomomola
|
|-heal|p2a: Alomomola|95/100|[from] move: Wish|[wisher] Alomomola
|upkeep
|turn|91
|
|t:|1769307489
|move|p1a: Clefable|Knock Off|p2a: Alomomola
|-damage|p2a: Alomomola|91/100
|move|p2a: Alomomola|Mirror Coat||[still]
|-fail|p2a: Alomomola
|
|upkeep
|turn|92
|
|t:|1769307517
|move|p1a: Clefable|Encore|p2a: Alomomola
|-start|p2a: Alomomola|Encore
|move|p2a: Alomomola|Mirror Coat||[still]
|-fail|p2a: Alomomola
|
|upkeep
|turn|93
|
|t:|1769307522
|move|p1a: Clefable|Knock Off|p2a: Alomomola
|-damage|p2a: Alomomola|87/100
|move|p2a: Alomomola|Mirror Coat||[still]
|-fail|p2a: Alomomola
|
|upkeep
|turn|94
|
|t:|1769307524
|move|p1a: Clefable|Knock Off|p2a: Alomomola
|-damage|p2a: Alomomola|83/100
|move|p2a: Alomomola|Mirror Coat||[still]
|-fail|p2a: Alomomola
|
|-end|p2a: Alomomola|Encore
|upkeep
|turn|95
|
|t:|1769307544
|switch|p1a: Alomomola|Alomomola, F, shiny|100/100
|-damage|p1a: Alomomola|88/100|[from] Stealth Rock
|move|p2a: Alomomola|Wish|p2a: Alomomola
|
|-heal|p1a: Alomomola|94/100|[from] item: Leftovers
|upkeep
|turn|96
|
|t:|1769307552
|move|p1a: Alomomola|Surf|p2a: Alomomola
|-resisted|p2a: Alomomola
|-damage|p2a: Alomomola|77/100
|move|p2a: Alomomola|Flip Turn|p1a: Alomomola
|-resisted|p1a: Alomomola
|-damage|p1a: Alomomola|90/100
|inactive|Battle timer is ON: inactive players will automatically lose when time's up. (requested by almostnamedone)
|
|t:|1769307568
|switch|p2a: Dragapult|Dragapult, M, shiny|88/100|[from] Flip Turn
|
|-heal|p2a: Dragapult|100/100|[from] move: Wish|[wisher] Alomomola
|-heal|p1a: Alomomola|96/100|[from] item: Leftovers
|upkeep
|turn|97
|
|t:|1769307580
|move|p2a: Dragapult|Substitute|p2a: Dragapult
|-start|p2a: Dragapult|Substitute
|-damage|p2a: Dragapult|75/100
|move|p1a: Alomomola|Flip Turn|p2a: Dragapult
|-resisted|p2a: Dragapult
|-activate|p2a: Dragapult|move: Substitute|[damage]
|
|t:|1769307582
|switch|p1a: Clefable|Clefable, M, shiny|100/100 brn|[from] Flip Turn
|
|-heal|p2a: Dragapult|82/100|[from] item: Leftovers
|upkeep
|turn|98
|
|t:|1769307589
|move|p2a: Dragapult|Hex|p1a: Clefable
|-damage|p1a: Clefable|69/100 brn
|move|p1a: Clefable|Knock Off|p2a: Dragapult
|-supereffective|p2a: Dragapult
|-end|p2a: Dragapult|Substitute
|
|-heal|p2a: Dragapult|88/100|[from] item: Leftovers
|-heal|p1a: Clefable|75/100 brn|[from] item: Leftovers
|upkeep
|turn|99
|
|t:|1769307605
|move|p2a: Dragapult|Substitute|p2a: Dragapult
|-start|p2a: Dragapult|Substitute
|-damage|p2a: Dragapult|63/100
|move|p1a: Clefable|Moonblast|p2a: Dragapult
|-supereffective|p2a: Dragapult
|-end|p2a: Dragapult|Substitute
|
|-heal|p2a: Dragapult|69/100|[from] item: Leftovers
|-heal|p1a: Clefable|81/100 brn|[from] item: Leftovers
|upkeep
|turn|100
|
|t:|1769307611
|move|p2a: Dragapult|Substitute|p2a: Dragapult
|-start|p2a: Dragapult|Substitute
|-damage|p2a: Dragapult|44/100
|move|p1a: Clefable|Knock Off|p2a: Dragapult
|-supereffective|p2a: Dragapult
|-crit|p2a: Dragapult
|-end|p2a: Dragapult|Substitute
|
|-heal|p2a: Dragapult|50/100|[from] item: Leftovers
|-heal|p1a: Clefable|87/100 brn|[from] item: Leftovers
|upkeep
|turn|101
|
|t:|1769307622
|switch|p2a: Alomomola|Alomomola, M, shiny|100/100
|move|p1a: Clefable|Knock Off|p2a: Alomomola
|-damage|p2a: Alomomola|96/100
|
|-heal|p1a: Clefable|93/100 brn|[from] item: Leftovers
|upkeep
|turn|102
|
|t:|1769307626
|move|p1a: Clefable|Wish|p1a: Clefable
|move|p2a: Alomomola|Wish|p2a: Alomomola
|
|-heal|p1a: Clefable|99/100 brn|[from] item: Leftovers
|upkeep
|turn|103
|
|t:|1769307638
|switch|p1a: Alomomola|Alomomola, F, shiny|100/100
|-damage|p1a: Alomomola|88/100|[from] Stealth Rock
|move|p2a: Alomomola|Flip Turn|p1a: Alomomola
|-resisted|p1a: Alomomola
|-damage|p1a: Alomomola|84/100
|
|t:|1769307642
|switch|p2a: Dragapult|Dragapult, M, shiny|50/100|[from] Flip Turn
|
|-heal|p2a: Dragapult|100/100|[from] move: Wish|[wisher] Alomomola
|-heal|p1a: Alomomola|100/100|[from] move: Wish|[wisher] Clefable
|upkeep
|turn|104
|
|t:|1769307648
|move|p2a: Dragapult|Substitute|p2a: Dragapult
|-start|p2a: Dragapult|Substitute
|-damage|p2a: Dragapult|75/100
|move|p1a: Alomomola|Flip Turn|p2a: Dragapult
|-resisted|p2a: Dragapult
|-activate|p2a: Dragapult|move: Substitute|[damage]
|
|t:|1769307650
|switch|p1a: Clefable|Clefable, M, shiny|99/100 brn|[from] Flip Turn
|
|-heal|p2a: Dragapult|82/100|[from] item: Leftovers
|-heal|p1a: Clefable|100/100 brn|[from] item: Leftovers
|upkeep
|turn|105
|
|t:|1769307655
|move|p2a: Dragapult|Hex|p1a: Clefable
|-damage|p1a: Clefable|68/100 brn
|move|p1a: Clefable|Knock Off|p2a: Dragapult
|-supereffective|p2a: Dragapult
|-end|p2a: Dragapult|Substitute
|
|-heal|p2a: Dragapult|88/100|[from] item: Leftovers
|-heal|p1a: Clefable|74/100 brn|[from] item: Leftovers
|upkeep
|turn|106
|
|t:|1769307659
|move|p2a: Dragapult|Substitute|p2a: Dragapult
|-start|p2a: Dragapult|Substitute
|-damage|p2a: Dragapult|63/100
|move|p1a: Clefable|Knock Off|p2a: Dragapult
|-supereffective|p2a: Dragapult
|-activate|p2a: Dragapult|move: Substitute|[damage]
|
|-heal|p2a: Dragapult|69/100|[from] item: Leftovers
|-heal|p1a: Clefable|80/100 brn|[from] item: Leftovers
|upkeep
|turn|107
|
|t:|1769307663
|move|p2a: Dragapult|Hex|p1a: Clefable
|-damage|p1a: Clefable|45/100 brn
|move|p1a: Clefable|Knock Off|p2a: Dragapult
|-supereffective|p2a: Dragapult
|-end|p2a: Dragapult|Substitute
|
|-heal|p2a: Dragapult|75/100|[from] item: Leftovers
|-heal|p1a: Clefable|51/100 brn|[from] item: Leftovers
|upkeep
|turn|108
|
|t:|1769307666
|move|p2a: Dragapult|Substitute|p2a: Dragapult
|-start|p2a: Dragapult|Substitute
|-damage|p2a: Dragapult|50/100
|move|p1a: Clefable|Knock Off|p2a: Dragapult
|-supereffective|p2a: Dragapult
|-activate|p2a: Dragapult|move: Substitute|[damage]
|
|-heal|p2a: Dragapult|56/100|[from] item: Leftovers
|-heal|p1a: Clefable|57/100 brn|[from] item: Leftovers
|upkeep
|turn|109
|
|t:|1769307671
|move|p2a: Dragapult|Hex|p1a: Clefable
|-damage|p1a: Clefable|27/100 brn
|move|p1a: Clefable|Knock Off|p2a: Dragapult
|-supereffective|p2a: Dragapult
|-end|p2a: Dragapult|Substitute
|
|-heal|p2a: Dragapult|62/100|[from] item: Leftovers
|-heal|p1a: Clefable|33/100 brn|[from] item: Leftovers
|upkeep
|turn|110
|
|t:|1769307679
|move|p2a: Dragapult|Hex|p1a: Clefable
|-damage|p1a: Clefable|0 fnt
|faint|p1a: Clefable
|
|-heal|p2a: Dragapult|68/100|[from] item: Leftovers
|upkeep
|
|t:|1769307684
|switch|p1a: Alomomola|Alomomola, F, shiny|100/100
|-damage|p1a: Alomomola|88/100|[from] Stealth Rock
|turn|111
|-message|almostnamedone forfeited.
|
|win|Bug on my buzz
|raw|almostnamedone's rating: 1232 &rarr; <strong>1205</strong><br />(-27 for losing)
|raw|Bug on my buzz's rating: 1207 &rarr; <strong>1234</strong><br />(+27 for winning)
|l|☆almostnamedone
|player|p1|
