|badge|p1|bronze|gen9ou|100-8
|uhtml|medal-msg|<div class="broadcast-blue">Curious what those medals under the avatar are? PS now has Ladder Seasons! For more information, check out the <a href="https://www.smogon.com/forums/threads/3740067/">thread on Smogon.</a></div>
|j|☆Eel56
|j|☆Auburn Hills
|t:|1769368835
|gametype|singles
|player|p1|Eel56|265|1793
|player|p2|Auburn Hills|alder|1791
|gen|9
|tier|[Gen 9] OU
|rated|
|rule|HP Percentage Mod: HP is shown in percentages
|rule|Endless Battle Clause: Forcing endless battles is banned
|rule|Species Clause: Limit one of each Pokémon
|rule|OHKO Clause: OHKO moves are banned
|rule|Evasion Items Clause: Evasion items are banned
|rule|Evasion Moves Clause: Evasion moves are banned
|rule|Evasion Abilities Clause: Evasion abilities are banned
|rule|Sleep Moves Clause: Sleep-inducing moves are banned
|clearpoke
|poke|p1|Great Tusk|
|poke|p1|Pecharunt|
|poke|p1|Iron Valiant|
|poke|p1|Iron Crown|
|poke|p1|Samurott-Hisui, M|
|poke|p1|Dragonite, M|
|poke|p2|Iron Moth|
|poke|p2|Umbreon, M|
|poke|p2|Garchomp, F|
|poke|p2|Glimmora, F|
|poke|p2|Gholdengo|
|poke|p2|Dragonite, M|
|teampreview
|
|t:|1769368852
|teamsize|p1|6
|teamsize|p2|6
|start
|switch|p1a: Iron Crown|Iron Crown|100/100
|switch|p2a: Rat Tally|Garchomp, F|100/100
|turn|1
|
|t:|1769368871
|-end|p1a: Iron Crown|Quark Drive|[silent]
|switch|p1a: Great Tusk|Great Tusk, shiny|100/100
|move|p2a: Rat Tally|Earthquake|p1a: Great Tusk
|-damage|p1a: Great Tusk|62/100
|
|upkeep
|turn|2
|
|t:|1769368879
|switch|p2a: Smino|Gholdengo|100/100
|move|p1a: Great Tusk|Stealth Rock|p2a: Smino
|-sidestart|p2: Auburn Hills|move: Stealth Rock
|
|upkeep
|turn|3
|
|t:|1769368894
|-end|p1a: Great Tusk|Protosynthesis|[silent]
|switch|p1a: Samurott|Samurott-Hisui, M, shiny|100/100
|move|p2a: Smino|Make It Rain|p1a: Samurott
|-resisted|p1a: Samurott
|-damage|p1a: Samurott|55/100
|-unboost|p2a: Smino|spa|1
|
|upkeep
|turn|4
|
|t:|1769368902
|switch|p2a: Alvvays|Umbreon, M|100/100
|-damage|p2a: Alvvays|88/100|[from] Stealth Rock
|move|p1a: Samurott|Ceaseless Edge|p2a: Alvvays
|-resisted|p2a: Alvvays
|-damage|p2a: Alvvays|65/100
|-sidestart|p2: Auburn Hills|Spikes
|
|-heal|p2a: Alvvays|71/100|[from] item: Leftovers
|upkeep
|turn|5
|
|t:|1769368907
|move|p1a: Samurott|Knock Off|p2a: Alvvays
|-resisted|p2a: Alvvays
|-damage|p2a: Alvvays|48/100
|-enditem|p2a: Alvvays|Leftovers|[from] move: Knock Off|[of] p1a: Samurott
|move|p2a: Alvvays|Thunder Wave|p1a: Samurott|[miss]
|-miss|p2a: Alvvays|p1a: Samurott
|
|upkeep
|turn|6
|
|t:|1769368914
|move|p1a: Samurott|Flip Turn|p2a: Alvvays
|-damage|p2a: Alvvays|22/100
|
|t:|1769368922
|switch|p1a: Great Tusk|Great Tusk, shiny|62/100|[from] Flip Turn
|move|p2a: Alvvays|Wish|p2a: Alvvays
|
|upkeep
|turn|7
|
|t:|1769368945
|move|p2a: Alvvays|Protect|p2a: Alvvays
|-singleturn|p2a: Alvvays|Protect
|move|p1a: Great Tusk|Headlong Rush|p2a: Alvvays
|-activate|p2a: Alvvays|move: Protect
|
|-heal|p2a: Alvvays|72/100|[from] move: Wish|[wisher] Alvvays
|upkeep
|turn|8
|
|t:|1769368949
|move|p1a: Great Tusk|Headlong Rush|p2a: Alvvays
|-damage|p2a: Alvvays|18/100
|-unboost|p1a: Great Tusk|def|1
|-unboost|p1a: Great Tusk|spd|1
|move|p2a: Alvvays|Wish|p2a: Alvvays
|
|upkeep
|turn|9
|
|t:|1769368956
|move|p2a: Alvvays|Protect|p2a: Alvvays
|-singleturn|p2a: Alvvays|Protect
|move|p1a: Great Tusk|Ice Spinner|p2a: Alvvays
|-activate|p2a: Alvvays|move: Protect
|
|-heal|p2a: Alvvays|68/100|[from] move: Wish|[wisher] Alvvays
|upkeep
|turn|10
|
|t:|1769368958
|move|p1a: Great Tusk|Headlong Rush|p2a: Alvvays
|-damage|p2a: Alvvays|17/100
|-unboost|p1a: Great Tusk|def|1
|-unboost|p1a: Great Tusk|spd|1
|move|p2a: Alvvays|Wish|p2a: Alvvays
|
|upkeep
|turn|11
|j| komegayu
|
|t:|1769368965
|move|p2a: Alvvays|Protect|p2a: Alvvays
|-singleturn|p2a: Alvvays|Protect
|move|p1a: Great Tusk|Ice Spinner|p2a: Alvvays
|-activate|p2a: Alvvays|move: Protect
|
|-heal|p2a: Alvvays|67/100|[from] move: Wish|[wisher] Alvvays
|upkeep
|turn|12
|inactive|Battle timer is ON: inactive players will automatically lose when time's up. (requested by Auburn Hills)
|
|t:|1769368979
|move|p1a: Great Tusk|Headlong Rush|p2a: Alvvays
|-damage|p2a: Alvvays|15/100
|-unboost|p1a: Great Tusk|def|1
|-unboost|p1a: Great Tusk|spd|1
|move|p2a: Alvvays|Wish|p2a: Alvvays
|
|upkeep
|turn|13
|
|t:|1769368984
|move|p2a: Alvvays|Protect|p2a: Alvvays
|-singleturn|p2a: Alvvays|Protect
|move|p1a: Great Tusk|Ice Spinner|p2a: Alvvays
|-activate|p2a: Alvvays|move: Protect
|
|-heal|p2a: Alvvays|65/100|[from] move: Wish|[wisher] Alvvays
|upkeep
|turn|14
|
|t:|1769368991
|move|p1a: Great Tusk|Headlong Rush|p2a: Alvvays
|-damage|p2a: Alvvays|11/100
|-unboost|p1a: Great Tusk|def|1
|-unboost|p1a: Great Tusk|spd|1
|move|p2a: Alvvays|Wish|p2a: Alvvays
|
|upkeep
|turn|15
|
|t:|1769368995
|move|p2a: Alvvays|Protect|p2a: Alvvays
|-singleturn|p2a: Alvvays|Protect
|move|p1a: Great Tusk|Ice Spinner|p2a: Alvvays
|-activate|p2a: Alvvays|move: Protect
|
|-heal|p2a: Alvvays|61/100|[from] move: Wish|[wisher] Alvvays
|upkeep
|turn|16
|
|t:|1769369000
|switch|p2a: Elucid|Dragonite, M|100/100
|move|p1a: Great Tusk|Headlong Rush|p2a: Elucid
|-immune|p2a: Elucid
|
|upkeep
|turn|17
|
|t:|1769369006
|-end|p1a: Great Tusk|Protosynthesis|[silent]
|switch|p1a: Pecharunt|Pecharunt|100/100
|move|p2a: Elucid|Dragon Dance|p2a: Elucid
|-boost|p2a: Elucid|atk|1
|-boost|p2a: Elucid|spe|1
|
|upkeep
|turn|18
|j| tuntunpak
|
|t:|1769369023
|-terastallize|p1a: Pecharunt|Ghost
|move|p2a: Elucid|Earthquake|p1a: Pecharunt
|-damage|p1a: Pecharunt|74/100
|move|p1a: Pecharunt|Malignant Chain|p2a: Elucid
|-crit|p2a: Elucid
|-damage|p2a: Elucid|75/100
|-status|p2a: Elucid|tox
|-start|p2a: Elucid|confusion|[from] ability: Poison Puppeteer|[of] p1a: Pecharunt
|
|-damage|p2a: Elucid|69/100 tox|[from] psn
|upkeep
|turn|19
|
|t:|1769369043
|switch|p2a: Smino|Gholdengo|100/100
|-damage|p2a: Smino|94/100|[from] Stealth Rock
|-damage|p2a: Smino|82/100|[from] Spikes
|move|p1a: Pecharunt|Recover|p1a: Pecharunt
|-heal|p1a: Pecharunt|100/100
|
|upkeep
|turn|20
|j| JDStriker1
|
|t:|1769369057
|switch|p1a: Samurott|Samurott-Hisui, M, shiny|55/100
|move|p2a: Smino|Trick|p1a: Samurott
|-activate|p2a: Smino|move: Trick|[of] p1a: Samurott
|-item|p1a: Samurott|Choice Scarf|[from] move: Trick
|-item|p2a: Smino|Black Glasses|[from] move: Trick
|
|upkeep
|turn|21
|
|t:|1769369067
|switch|p2a: Elucid|Dragonite, M|69/100 tox
|move|p1a: Samurott|Ceaseless Edge|p2a: Elucid|[miss]
|-miss|p1a: Samurott|p2a: Elucid
|
|-damage|p2a: Elucid|63/100 tox|[from] psn
|upkeep
|turn|22
|
|t:|1769369073
|switch|p1a: Pecharunt|Pecharunt, tera:Ghost|100/100
|move|p2a: Elucid|Earthquake|p1a: Pecharunt
|-damage|p1a: Pecharunt|82/100
|
|-damage|p2a: Elucid|51/100 tox|[from] psn
|upkeep
|turn|23
|
|t:|1769369079
|move|p2a: Elucid|Dragon Dance|p2a: Elucid
|-boost|p2a: Elucid|atk|1
|-boost|p2a: Elucid|spe|1
|move|p1a: Pecharunt|Shadow Ball|p2a: Elucid
|-damage|p2a: Elucid|18/100 tox
|
|-damage|p2a: Elucid|0 fnt|[from] psn
|faint|p2a: Elucid
|upkeep
|
|t:|1769369083
|switch|p2a: Alvvays|Umbreon, M|61/100
|-damage|p2a: Alvvays|49/100|[from] Stealth Rock
|-damage|p2a: Alvvays|36/100|[from] Spikes
|turn|24
|inactive|Eel56 has 120 seconds left.
|j| 70to90gxe
|
|t:|1769369138
|move|p1a: Pecharunt|Malignant Chain|p2a: Alvvays
|-damage|p2a: Alvvays|21/100
|-status|p2a: Alvvays|tox
|-start|p2a: Alvvays|confusion|[from] ability: Poison Puppeteer|[of] p1a: Pecharunt
|-activate|p2a: Alvvays|confusion
|move|p2a: Alvvays|Wish|p2a: Alvvays
|
|-damage|p2a: Alvvays|14/100 tox|[from] psn
|upkeep
|turn|25
|c|☆Eel56|Why are you inner focus?
|inactive|Eel56 has 90 seconds left.
|c|☆Auburn Hills|iron head flinches
|c|☆Eel56|Valid lol
|c|☆Auburn Hills|bad in this matchup tho
|inactive|Eel56 has 60 seconds left.
|
|t:|1769369188
|switch|p1a: Great Tusk|Great Tusk, shiny|62/100
|-activate|p2a: Alvvays|confusion
|move|p2a: Alvvays|Protect||[still]
|-fail|p2a: Alvvays
|
|-heal|p2a: Alvvays|64/100 tox|[from] move: Wish|[wisher] Alvvays
|-damage|p2a: Alvvays|52/100 tox|[from] psn
|upkeep
|turn|26
|inactive|Eel56 has 60 seconds left.
|c|☆Eel56|Yea, I kinda had to risk it
|
|t:|1769369217
|-activate|p2a: Alvvays|confusion
|move|p2a: Alvvays|Protect|p2a: Alvvays
|-singleturn|p2a: Alvvays|Protect
|move|p1a: Great Tusk|Headlong Rush|p2a: Alvvays
|-activate|p2a: Alvvays|move: Protect
|
|-damage|p2a: Alvvays|34/100 tox|[from] psn
|upkeep
|turn|27
|inactive|Auburn Hills has 120 seconds left.
|
|t:|1769369248
|move|p1a: Great Tusk|Ice Spinner|p2a: Alvvays
|-damage|p2a: Alvvays|11/100 tox
|-end|p2a: Alvvays|confusion
|move|p2a: Alvvays|Wish|p2a: Alvvays
|
|-damage|p2a: Alvvays|0 fnt|[from] psn
|faint|p2a: Alvvays
|upkeep
|
|t:|1769369258
|switch|p2a: Julia Jacklin|Glimmora, F|100/100
|-damage|p2a: Julia Jacklin|88/100|[from] Stealth Rock
|-damage|p2a: Julia Jacklin|76/100|[from] Spikes
|turn|28
|j| thing maker
|
|t:|1769369264
|-end|p1a: Great Tusk|Protosynthesis|[silent]
|switch|p1a: Iron Crown|Iron Crown|100/100
|move|p2a: Julia Jacklin|Stealth Rock|p1a: Iron Crown
|-sidestart|p1: Eel56|move: Stealth Rock
|
|-heal|p2a: Julia Jacklin|100/100|[from] move: Wish|[wisher] Alvvays
|upkeep
|turn|29
|
|t:|1769369268
|move|p1a: Iron Crown|Tachyon Cutter|p2a: Julia Jacklin
|-supereffective|p2a: Julia Jacklin
|-damage|p2a: Julia Jacklin|38/100
|-supereffective|p2a: Julia Jacklin
|-damage|p2a: Julia Jacklin|0 fnt
|faint|p2a: Julia Jacklin
|-hitcount|p2: Julia Jacklin|2
|
|upkeep
|
|t:|1769369273
|switch|p2a: Rat Tally|Garchomp, F|100/100
|-damage|p2a: Rat Tally|94/100|[from] Stealth Rock
|-damage|p2a: Rat Tally|82/100|[from] Spikes
|turn|30
|
|t:|1769369291
|move|p2a: Rat Tally|Earthquake|p1a: Iron Crown
|-supereffective|p1a: Iron Crown
|-damage|p1a: Iron Crown|0 fnt
|faint|p1a: Iron Crown
|-end|p1a: Iron Crown|Quark Drive|[silent]
|
|upkeep
|
|t:|1769369300
|switch|p1a: Great Tusk|Great Tusk, shiny|62/100
|turn|31
|
|t:|1769369306
|-terastallize|p2a: Rat Tally|Electric
|move|p2a: Rat Tally|Scale Shot|p1a: Great Tusk
|-damage|p1a: Great Tusk|52/100
|-damage|p1a: Great Tusk|43/100
|-damage|p1a: Great Tusk|33/100
|-damage|p1a: Great Tusk|22/100
|-damage|p1a: Great Tusk|12/100
|-hitcount|p1a: Great Tusk|5
|-unboost|p2a: Rat Tally|def|1
|-boost|p2a: Rat Tally|spe|1
|move|p1a: Great Tusk|Headlong Rush|p2a: Rat Tally
|-supereffective|p2a: Rat Tally
|-damage|p2a: Rat Tally|0 fnt
|-unboost|p1a: Great Tusk|def|1
|-unboost|p1a: Great Tusk|spd|1
|-damage|p1a: Great Tusk|0 fnt|[from] ability: Rough Skin|[of] p2a: Rat Tally
|faint|p2a: Rat Tally
|faint|p1a: Great Tusk
|-end|p1a: Great Tusk|Protosynthesis|[silent]
|
|upkeep
|l| JDStriker1
|
|t:|1769369323
|switch|p2a: Carly Rae|Iron Moth|100/100
|switch|p1a: Iron Valiant|Iron Valiant, shiny|100/100
|-damage|p1a: Iron Valiant|94/100|[from] Stealth Rock
|-damage|p2a: Carly Rae|76/100|[from] Stealth Rock
|-damage|p2a: Carly Rae|63/100|[from] Spikes
|-enditem|p2a: Carly Rae|Booster Energy
|-activate|p2a: Carly Rae|ability: Quark Drive|[fromitem]
|-start|p2a: Carly Rae|quarkdrivespe
|turn|32
|
|t:|1769369339
|-end|p1a: Iron Valiant|Quark Drive|[silent]
|switch|p1a: Pecharunt|Pecharunt, tera:Ghost|82/100
|-damage|p1a: Pecharunt|70/100|[from] Stealth Rock
|move|p2a: Carly Rae|Dazzling Gleam|p1a: Pecharunt
|-damage|p1a: Pecharunt|42/100
|
|upkeep
|turn|33
|
|t:|1769369346
|move|p2a: Carly Rae|Fiery Dance|p1a: Pecharunt
|-damage|p1a: Pecharunt|0 fnt
|faint|p1a: Pecharunt
|
|upkeep
|
|t:|1769369351
|switch|p1a: Dragonite|Dragonite, M, shiny|100/100
|turn|34
|
|t:|1769369353
|move|p2a: Carly Rae|Discharge|p1a: Dragonite
|-damage|p1a: Dragonite|87/100
|move|p1a: Dragonite|Earthquake|p2a: Carly Rae
|-supereffective|p2a: Carly Rae
|-damage|p2a: Carly Rae|0 fnt
|faint|p2a: Carly Rae
|-end|p2a: Carly Rae|Quark Drive|[silent]
|
|upkeep
|-message|Auburn Hills forfeited.
|
|win|Eel56
|raw|Eel56's rating: 1793 &rarr; <strong>1813</strong><br />(+20 for winning)
|raw|Auburn Hills's rating: 1791 &rarr; <strong>1771</strong><br />(-20 for losing)
|l|☆Auburn Hills
|player|p2|
|l|☆Eel56
|player|p1|
|l| 70to90gxe
|l| thing maker
