|j|☆arcanezy
|j|☆tuyaux m
|t:|1769409063
|gametype|singles
|player|p1|arcanezy|169|1053
|player|p2|tuyaux m|psychic|1031
|gen|9
|tier|[Gen 9] OU
|rated|
|rule|HP Percentage Mod: HP is shown in percentages
|rule|Endless Battle Clause: Forcing endless battles is banned
|rule|Species Clause: Limit one of each Pokémon
|rule|OHKO Clause: OHKO moves are banned
|rule|Evasion Items Clause: Evasion items are banned
|rule|Evasion Moves Clause: Evasion moves are banned
|rule|Evasion Abilities Clause: Evasion abilities are banned
|rule|Sleep Moves Clause: Sleep-inducing moves are banned
|clearpoke
|poke|p1|Kingambit, M|
|poke|p1|Iron Valiant|
|poke|p1|Zapdos|
|poke|p1|Great Tusk|
|poke|p1|Dragapult, F|
|poke|p1|Slowking-Galar, F|
|poke|p2|Weezing-Galar, M|
|poke|p2|Oricorio-Sensu, M|
|poke|p2|Araquanid, M|
|poke|p2|Slowbro, M|
|poke|p2|Bellibolt, M|
|poke|p2|Mamoswine, F|
|teampreview
|inactive|Battle timer is ON: inactive players will automatically lose when time's up. (requested by arcanezy)
|
|t:|1769409072
|teamsize|p1|6
|teamsize|p2|6
|start
|switch|p1a: Rock Boi|Great Tusk|100/100
|switch|p2a: Slowbro|Slowbro, M|100/100
|turn|1
|
|t:|1769409087
|move|p1a: Rock Boi|Stealth Rock|p2a: Slowbro
|-sidestart|p2: tuyaux m|move: Stealth Rock
|move|p2a: Slowbro|Psychic Noise|p1a: Rock Boi
|-supereffective|p1a: Rock Boi
|-damage|p1a: Rock Boi|0 fnt
|faint|p1a: Rock Boi
|-end|p1a: Rock Boi|Protosynthesis|[silent]
|
|upkeep
|
|t:|1769409098
|switch|p1a: ICBM|Dragapult, F|100/100
|turn|2
|
|t:|1769409105
|switch|p2a: Weezing|Weezing-Galar, M|100/100
|-damage|p2a: Weezing|88/100|[from] Stealth Rock
|move|p1a: ICBM|Shadow Ball|p2a: Weezing
|-damage|p2a: Weezing|3/100
|
|upkeep
|turn|3
|
|t:|1769409114
|move|p1a: ICBM|Shadow Ball|p2a: Weezing
|-damage|p2a: Weezing|0 fnt
|faint|p2a: Weezing
|
|upkeep
|
|t:|1769409119
|switch|p2a: Bellibolt|Bellibolt, M|100/100
|-damage|p2a: Bellibolt|88/100|[from] Stealth Rock
|turn|4
|
|t:|1769409126
|move|p1a: ICBM|Shadow Ball|p2a: Bellibolt
|-damage|p2a: Bellibolt|42/100
|-start|p2a: Bellibolt|Charge|Shadow Ball|[from] ability: Electromorphosis
|move|p2a: Bellibolt|Acid Spray|p1a: ICBM
|-resisted|p1a: ICBM
|-damage|p1a: ICBM|91/100
|-unboost|p1a: ICBM|spd|2
|
|upkeep
|turn|5
|
|t:|1769409135
|move|p1a: ICBM|Shadow Ball|p2a: Bellibolt
|-damage|p2a: Bellibolt|0 fnt
|faint|p2a: Bellibolt
|
|upkeep
|
|t:|1769409140
|switch|p2a: Araquanid|Araquanid, M|100/100
|-damage|p2a: Araquanid|76/100|[from] Stealth Rock
|turn|6
|
|t:|1769409145
|move|p1a: ICBM|Shadow Ball|p2a: Araquanid
|-damage|p2a: Araquanid|29/100
|move|p2a: Araquanid|Liquidation|p1a: ICBM
|-resisted|p1a: ICBM
|-damage|p1a: ICBM|29/100
|
|upkeep
|turn|7
|
|t:|1769409152
|move|p1a: ICBM|Shadow Ball|p2a: Araquanid
|-damage|p2a: Araquanid|0 fnt
|faint|p2a: Araquanid
|
|upkeep
|
|t:|1769409156
|switch|p2a: Oricorio|Oricorio-Sensu, M, shiny|100/100
|-damage|p2a: Oricorio|76/100|[from] Stealth Rock
|turn|8
|
|t:|1769409162
|-terastallize|p2a: Oricorio|Dark
|move|p1a: ICBM|Shadow Ball|p2a: Oricorio
|-resisted|p2a: Oricorio
|-damage|p2a: Oricorio|42/100
|-unboost|p2a: Oricorio|spd|1
|move|p2a: Oricorio|Quiver Dance|p2a: Oricorio
|-boost|p2a: Oricorio|spa|1
|-boost|p2a: Oricorio|spd|1
|-boost|p2a: Oricorio|spe|1
|
|upkeep
|turn|9
|
|t:|1769409178
|move|p1a: ICBM|Shadow Ball|p2a: Oricorio
|-resisted|p2a: Oricorio
|-damage|p2a: Oricorio|7/100
|-unboost|p2a: Oricorio|spd|1
|move|p2a: Oricorio|Quiver Dance|p2a: Oricorio
|-boost|p2a: Oricorio|spa|1
|-boost|p2a: Oricorio|spd|1
|-boost|p2a: Oricorio|spe|1
|
|upkeep
|turn|10
|
|t:|1769409186
|move|p2a: Oricorio|Roost|p2a: Oricorio
|-heal|p2a: Oricorio|57/100
|move|p1a: ICBM|Shadow Ball|p2a: Oricorio
|-resisted|p2a: Oricorio
|-damage|p2a: Oricorio|23/100
|
|upkeep
|turn|11
|
|t:|1769409192
|move|p2a: Oricorio|Revelation Dance|p1a: ICBM
|-supereffective|p1a: ICBM
|-damage|p1a: ICBM|0 fnt
|faint|p1a: ICBM
|
|upkeep
|
|t:|1769409199
|switch|p1a: AI|Iron Valiant|100/100
|-enditem|p1a: AI|Booster Energy
|-activate|p1a: AI|ability: Quark Drive|[fromitem]
|-start|p1a: AI|quarkdrivespe
|turn|12
|
|t:|1769409206
|move|p1a: AI|Moonblast|p2a: Oricorio
|-supereffective|p2a: Oricorio
|-damage|p2a: Oricorio|0 fnt
|faint|p2a: Oricorio
|
|upkeep
|
|t:|1769409210
|switch|p2a: Slowbro|Slowbro, M|100/100
|-damage|p2a: Slowbro|88/100|[from] Stealth Rock
|turn|13
|
|t:|1769409221
|-terastallize|p1a: AI|Steel
|move|p1a: AI|Moonblast|p2a: Slowbro
|-damage|p2a: Slowbro|25/100
|move|p2a: Slowbro|Psychic Noise|p1a: AI
|-resisted|p1a: AI
|-damage|p1a: AI|66/100
|-start|p1a: AI|move: Heal Block
|
|upkeep
|turn|14
|
|t:|1769409230
|move|p1a: AI|Moonblast|p2a: Slowbro
|-damage|p2a: Slowbro|0 fnt
|faint|p2a: Slowbro
|
|-end|p1a: AI|move: Heal Block
|upkeep
|
|t:|1769409232
|switch|p2a: Mamoswine|Mamoswine, F|100/100
|-damage|p2a: Mamoswine|88/100|[from] Stealth Rock
|turn|15
|
|t:|1769409239
|move|p1a: AI|Close Combat|p2a: Mamoswine
|-supereffective|p2a: Mamoswine
|-damage|p2a: Mamoswine|0 fnt
|-unboost|p1a: AI|def|1
|-unboost|p1a: AI|spd|1
|faint|p2a: Mamoswine
|
|win|arcanezy
|raw|arcanezy's rating: 1053 &rarr; <strong>1083</strong><br />(+30 for winning)
|raw|tuyaux m's rating: 1031 &rarr; <strong>1017</strong><br />(-14 for losing)
|l|☆tuyaux m
|player|p2|
