|j|☆DirkDiggler420
|j|☆1colour
|t:|1769381992
|gametype|singles
|player|p1|DirkDiggler420|linebacker|1640
|player|p2|1colour|parasollady|1660
|gen|9
|tier|[Gen 9] OU
|rated|
|rule|HP Percentage Mod: HP is shown in percentages
|rule|Endless Battle Clause: Forcing endless battles is banned
|rule|Species Clause: Limit one of each Pokémon
|rule|OHKO Clause: OHKO moves are banned
|rule|Evasion Items Clause: Evasion items are banned
|rule|Evasion Moves Clause: Evasion moves are banned
|rule|Evasion Abilities Clause: Evasion abilities are banned
|rule|Sleep Moves Clause: Sleep-inducing moves are banned
|clearpoke
|poke|p1|Primarina, M|
|poke|p1|Ceruledge, F|
|poke|p1|Great Tusk|
|poke|p1|Darkrai|
|poke|p1|Zapdos|
|poke|p1|Ogerpon-Cornerstone, F|
|poke|p2|Cinderace, F|
|poke|p2|Rillaboom, F|
|poke|p2|Jirachi|
|poke|p2|Regidrago|
|poke|p2|Glimmora, F|
|poke|p2|Mimikyu, F|
|teampreview
|inactive|Battle timer is ON: inactive players will automatically lose when time's up. (requested by DirkDiggler420)
|
|t:|1769382005
|teamsize|p1|6
|teamsize|p2|6
|start
|switch|p1a: Darkrai|Darkrai|100/100
|switch|p2a: Cinderace|Cinderace, F|100/100
|turn|1
|
|t:|1769382009
|move|p1a: Darkrai|Dark Pulse|p2a: Cinderace
|-damage|p2a: Cinderace|33/100
|move|p2a: Cinderace|U-turn|p1a: Darkrai
|-start|p2a: Cinderace|typechange|Bug|[from] ability: Libero
|-supereffective|p1a: Darkrai
|-damage|p1a: Darkrai|4/100
|
|t:|1769382020
|switch|p2a: Rillaboom|Rillaboom, F|100/100|[from] U-turn
|-fieldstart|move: Grassy Terrain|[from] ability: Grassy Surge|[of] p2a: Rillaboom
|
|-heal|p1a: Darkrai|10/100|[from] Grassy Terrain
|upkeep
|turn|2
|
|t:|1769382029
|switch|p1a: Ceruledge|Ceruledge, F|100/100
|move|p2a: Rillaboom|Knock Off|p1a: Ceruledge
|-supereffective|p1a: Ceruledge
|-enditem|p1a: Ceruledge|Focus Sash
|-damage|p1a: Ceruledge|1/100
|-ability|p1a: Ceruledge|Weak Armor|boost
|-unboost|p1a: Ceruledge|def|1
|-boost|p1a: Ceruledge|spe|2
|
|-heal|p1a: Ceruledge|7/100|[from] Grassy Terrain
|upkeep
|turn|3
|
|t:|1769382036
|switch|p2a: Glimmora|Glimmora, F, shiny|100/100
|move|p1a: Ceruledge|Shadow Sneak|p2a: Glimmora
|-damage|p2a: Glimmora|83/100
|-damage|p1a: Ceruledge|0 fnt|[from] item: Rocky Helmet|[of] p2a: Glimmora
|-activate|p2a: Glimmora|ability: Toxic Debris
|-sidestart|p1: DirkDiggler420|move: Toxic Spikes
|faint|p1a: Ceruledge
|
|-heal|p2a: Glimmora|89/100|[from] Grassy Terrain
|upkeep
|
|t:|1769382047
|switch|p1a: Darkrai|Darkrai|10/100
|-status|p1a: Darkrai|psn
|turn|4
|
|t:|1769382054
|move|p1a: Darkrai|Dark Pulse|p2a: Glimmora
|-damage|p2a: Glimmora|24/100
|cant|p2a: Glimmora|flinch
|
|-heal|p1a: Darkrai|17/100 psn|[from] Grassy Terrain
|-heal|p2a: Glimmora|30/100|[from] Grassy Terrain
|-damage|p1a: Darkrai|4/100 psn|[from] psn
|upkeep
|turn|5
|
|t:|1769382082
|switch|p2a: Jirachi|Jirachi|100/100
|move|p1a: Darkrai|Dark Pulse|p2a: Jirachi
|-supereffective|p2a: Jirachi
|-damage|p2a: Jirachi|41/100
|
|-heal|p1a: Darkrai|10/100 psn|[from] Grassy Terrain
|-heal|p2a: Jirachi|47/100|[from] Grassy Terrain
|-heal|p2a: Jirachi|53/100|[from] item: Leftovers
|-damage|p1a: Darkrai|0 fnt|[from] psn
|faint|p1a: Darkrai
|-fieldend|move: Grassy Terrain
|upkeep
|
|t:|1769382098
|switch|p1a: Great Tusk|Great Tusk|100/100
|-status|p1a: Great Tusk|psn
|-enditem|p1a: Great Tusk|Booster Energy
|-activate|p1a: Great Tusk|ability: Protosynthesis|[fromitem]
|-start|p1a: Great Tusk|protosynthesisatk
|turn|6
|
|t:|1769382102
|move|p2a: Jirachi|Protect|p2a: Jirachi
|-singleturn|p2a: Jirachi|Protect
|move|p1a: Great Tusk|Rapid Spin|p2a: Jirachi
|-activate|p2a: Jirachi|move: Protect
|
|-heal|p2a: Jirachi|59/100|[from] item: Leftovers
|-damage|p1a: Great Tusk|88/100 psn|[from] psn
|upkeep
|turn|7
|
|t:|1769382110
|switch|p2a: Mimikyu|Mimikyu, F, shiny|100/100
|move|p1a: Great Tusk|Headlong Rush|p2a: Mimikyu
|-activate|p2a: Mimikyu|ability: Disguise
|-damage|p2a: Mimikyu|100/100
|-unboost|p1a: Great Tusk|def|1
|-unboost|p1a: Great Tusk|spd|1
|detailschange|p2a: Mimikyu|Mimikyu-Busted, F, shiny
|-damage|p2a: Mimikyu|88/100|[from] pokemon: Mimikyu-Busted
|-enditem|p2a: Mimikyu|Red Card|[of] p1a: Great Tusk
|-end|p1a: Great Tusk|Protosynthesis|[silent]
|drag|p1a: Primarina|Primarina, M|100/100
|-status|p1a: Primarina|psn
|
|-damage|p1a: Primarina|88/100 psn|[from] psn
|upkeep
|turn|8
|
|t:|1769382120
|switch|p2a: Jirachi|Jirachi|59/100
|move|p1a: Primarina|Calm Mind|p1a: Primarina
|-boost|p1a: Primarina|spa|1
|-boost|p1a: Primarina|spd|1
|
|-heal|p2a: Jirachi|65/100|[from] item: Leftovers
|-heal|p1a: Primarina|94/100 psn|[from] item: Leftovers
|-damage|p1a: Primarina|82/100 psn|[from] psn
|upkeep
|turn|9
|
|t:|1769382123
|move|p2a: Jirachi|Doom Desire|p1a: Primarina
|-start|p2a: Jirachi|Doom Desire
|move|p1a: Primarina|Psychic Noise|p2a: Jirachi
|-damage|p2a: Jirachi|37/100
|-start|p2a: Jirachi|move: Heal Block
|
|-heal|p1a: Primarina|88/100 psn|[from] item: Leftovers
|-damage|p1a: Primarina|76/100 psn|[from] psn
|upkeep
|turn|10
|
|t:|1769382129
|move|p2a: Jirachi|Psychic Noise|p1a: Primarina
|-damage|p1a: Primarina|60/100 psn
|-start|p1a: Primarina|move: Heal Block
|move|p1a: Primarina|Encore|p2a: Jirachi
|-start|p2a: Jirachi|Encore
|
|-damage|p1a: Primarina|48/100 psn|[from] psn
|-end|p2a: Jirachi|move: Heal Block
|upkeep
|turn|11
|
|t:|1769382135
|move|p2a: Jirachi|Psychic Noise|p1a: Primarina
|-damage|p1a: Primarina|30/100 psn
|move|p1a: Primarina|Psychic Noise|p2a: Jirachi
|-damage|p2a: Jirachi|9/100
|-start|p2a: Jirachi|move: Heal Block
|
|-end|p1a: Primarina|move: Doom Desire
|-damage|p1a: Primarina|0 fnt
|faint|p1a: Primarina
|upkeep
|
|t:|1769382142
|switch|p1a: Great Tusk|Great Tusk|88/100 psn
|turn|12
|
|t:|1769382148
|move|p1a: Great Tusk|Rapid Spin|p2a: Jirachi
|-resisted|p2a: Jirachi
|-damage|p2a: Jirachi|1/100
|-boost|p1a: Great Tusk|spe|1
|-sideend|p1: DirkDiggler420|Toxic Spikes|[from] move: Rapid Spin|[of] p1a: Great Tusk
|move|p2a: Jirachi|Psychic Noise|p1a: Great Tusk
|-supereffective|p1a: Great Tusk
|-damage|p1a: Great Tusk|4/100 psn
|-start|p1a: Great Tusk|move: Heal Block
|
|-damage|p1a: Great Tusk|0 fnt|[from] psn
|faint|p1a: Great Tusk
|-end|p1a: Great Tusk|Protosynthesis|[silent]
|-end|p2a: Jirachi|move: Heal Block
|upkeep
|
|t:|1769382153
|switch|p1a: Ogerpon|Ogerpon-Cornerstone, F|100/100
|turn|13
|
|t:|1769382156
|switch|p2a: Glimmora|Glimmora, F, shiny|30/100
|move|p1a: Ogerpon|Ivy Cudgel|p2a: Glimmora|[anim] Ivy Cudgel Rock
|-damage|p2a: Glimmora|0 fnt
|-activate|p2a: Glimmora|ability: Toxic Debris
|-sidestart|p1: DirkDiggler420|move: Toxic Spikes
|faint|p2a: Glimmora
|
|upkeep
|
|t:|1769382181
|switch|p2a: Rillaboom|Rillaboom, F|100/100
|-fieldstart|move: Grassy Terrain|[from] ability: Grassy Surge|[of] p2a: Rillaboom
|turn|14
|
|t:|1769382188
|move|p1a: Ogerpon|Ivy Cudgel|p2a: Rillaboom|[anim] Ivy Cudgel Rock
|-damage|p2a: Rillaboom|42/100
|move|p2a: Rillaboom|U-turn|p1a: Ogerpon
|-supereffective|p1a: Ogerpon
|-ability|p1a: Ogerpon|Sturdy
|-damage|p1a: Ogerpon|1/100
|
|t:|1769382195
|switch|p2a: Mimikyu|Mimikyu-Busted, F, shiny|88/100|[from] U-turn
|
|-heal|p1a: Ogerpon|7/100|[from] Grassy Terrain
|-heal|p2a: Mimikyu|94/100|[from] Grassy Terrain
|upkeep
|turn|15
|
|t:|1769382199
|move|p2a: Mimikyu|Shadow Sneak|p1a: Ogerpon
|-damage|p1a: Ogerpon|0 fnt
|faint|p1a: Ogerpon
|
|-heal|p2a: Mimikyu|99/100|[from] Grassy Terrain
|upkeep
|
|t:|1769382200
|switch|p1a: Zapdos|Zapdos|100/100
|turn|16
|c|☆1colour|gg
|
|t:|1769382214
|switch|p2a: Jirachi|Jirachi|1/100
|move|p1a: Zapdos|Hurricane|p2a: Jirachi
|-resisted|p2a: Jirachi
|-damage|p2a: Jirachi|0 fnt
|faint|p2a: Jirachi
|
|upkeep
|
|t:|1769382217
|switch|p2a: Regidrago|Regidrago|100/100
|turn|17
|
|t:|1769382224
|-terastallize|p2a: Regidrago|Dragon
|move|p2a: Regidrago|Dragon Energy|p1a: Zapdos
|-damage|p1a: Zapdos|0 fnt
|faint|p1a: Zapdos
|
|win|1colour
|raw|DirkDiggler420's rating: 1640 &rarr; <strong>1621</strong><br />(-19 for losing)
|raw|1colour's rating: 1660 &rarr; <strong>1679</strong><br />(+19 for winning)
|l|☆DirkDiggler420
|player|p1|
|l|☆1colour
|player|p2|
