|j|☆niall639
|j|☆Land Sea Air
|t:|1769335886
|gametype|singles
|player|p1|niall639|102|1263
|player|p2|Land Sea Air|blue|1202
|gen|9
|tier|[Gen 9] OU
|rated|
|rule|HP Percentage Mod: HP is shown in percentages
|rule|Endless Battle Clause: Forcing endless battles is banned
|rule|Species Clause: Limit one of each Pokémon
|rule|OHKO Clause: OHKO moves are banned
|rule|Evasion Items Clause: Evasion items are banned
|rule|Evasion Moves Clause: Evasion moves are banned
|rule|Evasion Abilities Clause: Evasion abilities are banned
|rule|Sleep Moves Clause: Sleep-inducing moves are banned
|clearpoke
|poke|p1|Iron Valiant|
|poke|p1|Excadrill, M|
|poke|p1|Tyranitar, M|
|poke|p1|Tornadus-Therian, M|
|poke|p1|Ogerpon-Cornerstone, F|
|poke|p1|Toxapex, M|
|poke|p2|Moltres-Galar|
|poke|p2|Gliscor, F|
|poke|p2|Volcanion|
|poke|p2|Forretress, M|
|poke|p2|Haxorus, M|
|poke|p2|Flygon, F|
|teampreview
|inactive|Battle timer is ON: inactive players will automatically lose when time's up. (requested by Land Sea Air)
|
|t:|1769335912
|teamsize|p1|6
|teamsize|p2|6
|start
|switch|p1a: Tyranitar|Tyranitar, M, shiny|100/100
|switch|p2a: Avatar Kyoshi|Flygon, F, shiny|100/100
|-weather|Sandstorm|[from] ability: Sand Stream|[of] p1a: Tyranitar
|turn|1
|
|t:|1769335920
|move|p2a: Avatar Kyoshi|Earthquake|p1a: Tyranitar
|-supereffective|p1a: Tyranitar
|-damage|p1a: Tyranitar|20/100
|move|p1a: Tyranitar|Ice Punch|p2a: Avatar Kyoshi
|-supereffective|p2a: Avatar Kyoshi
|-damage|p2a: Avatar Kyoshi|0 fnt
|faint|p2a: Avatar Kyoshi
|
|-weather|Sandstorm|[upkeep]
|upkeep
|
|t:|1769335931
|switch|p2a: Dai Funka|Volcanion|100/100
|turn|2
|
|t:|1769335940
|switch|p1a: Toxapex|Toxapex, M, shiny|100/100
|move|p2a: Dai Funka|Earth Power|p1a: Toxapex
|-supereffective|p1a: Toxapex
|-damage|p1a: Toxapex|52/100
|-enditem|p1a: Toxapex|Eject Button
|
|t:|1769335945
|switch|p1a: Excadrill|Excadrill, M, shiny|100/100
|
|-weather|Sandstorm|[upkeep]
|-damage|p2a: Dai Funka|94/100|[from] Sandstorm
|upkeep
|turn|3
|
|t:|1769335952
|switch|p2a: Cao Ren|Forretress, M, shiny|100/100
|move|p1a: Excadrill|Substitute|p1a: Excadrill
|-start|p1a: Excadrill|Substitute
|-damage|p1a: Excadrill|76/100
|
|-weather|Sandstorm|[upkeep]
|-heal|p1a: Excadrill|82/100|[from] item: Leftovers
|upkeep
|turn|4
|
|t:|1769335963
|move|p1a: Excadrill|Earthquake|p2a: Cao Ren
|-damage|p2a: Cao Ren|65/100
|move|p2a: Cao Ren|Spikes|p1a: Excadrill
|-sidestart|p1: niall639|Spikes
|
|-weather|Sandstorm|[upkeep]
|-heal|p1a: Excadrill|88/100|[from] item: Leftovers
|upkeep
|turn|5
|
|t:|1769335971
|move|p1a: Excadrill|Earthquake|p2a: Cao Ren
|-damage|p2a: Cao Ren|31/100
|move|p2a: Cao Ren|Body Press|p1a: Excadrill
|-supereffective|p1a: Excadrill
|-end|p1a: Excadrill|Substitute
|
|-weather|Sandstorm|[upkeep]
|-heal|p1a: Excadrill|94/100|[from] item: Leftovers
|upkeep
|turn|6
|
|t:|1769335980
|move|p1a: Excadrill|Earthquake|p2a: Cao Ren
|-damage|p2a: Cao Ren|0 fnt
|faint|p2a: Cao Ren
|
|-weather|Sandstorm|[upkeep]
|-heal|p1a: Excadrill|99/100|[from] item: Leftovers
|upkeep
|
|t:|1769335988
|switch|p2a: Scornful Susie|Gliscor, F|100/100
|turn|7
|
|t:|1769335995
|move|p1a: Excadrill|Substitute|p1a: Excadrill
|-start|p1a: Excadrill|Substitute
|-damage|p1a: Excadrill|75/100
|move|p2a: Scornful Susie|Earthquake|p1a: Excadrill
|-supereffective|p1a: Excadrill
|-end|p1a: Excadrill|Substitute
|
|-weather|Sandstorm|[upkeep]
|-heal|p1a: Excadrill|81/100|[from] item: Leftovers
|-status|p2a: Scornful Susie|tox|[from] item: Toxic Orb
|upkeep
|turn|8
|
|t:|1769336005
|switch|p1a: Tornadus|Tornadus-Therian, M, shiny|100/100
|move|p2a: Scornful Susie|Stealth Rock|p1a: Tornadus
|-sidestart|p1: niall639|move: Stealth Rock
|
|-weather|none
|upkeep
|turn|9
|
|t:|1769336015
|switch|p2a: Dai Funka|Volcanion|94/100
|move|p1a: Tornadus|Bleakwind Storm|p2a: Dai Funka|[miss]
|-miss|p1a: Tornadus|p2a: Dai Funka
|
|upkeep
|turn|10
|
|t:|1769336023
|switch|p1a: Tyranitar|Tyranitar, M, shiny|20/100
|-damage|p1a: Tyranitar|7/100|[from] Spikes
|-damage|p1a: Tyranitar|0 fnt|[from] Stealth Rock
|faint|p1a: Tyranitar
|move|p2a: Dai Funka|Steam Eruption|p1: Tyranitar|[notarget]
|-fail|p2a: Dai Funka
|
|upkeep
|
|t:|1769336025
|switch|p1a: Excadrill|Excadrill, M, shiny|81/100
|-damage|p1a: Excadrill|69/100|[from] Spikes
|-damage|p1a: Excadrill|66/100|[from] Stealth Rock
|turn|11
|
|t:|1769336037
|switch|p2a: Scornful Susie|Gliscor, F|100/100 tox
|move|p1a: Excadrill|Rapid Spin|p2a: Scornful Susie
|-damage|p2a: Scornful Susie|81/100 tox
|-boost|p1a: Excadrill|spe|1
|-sideend|p1: niall639|Spikes|[from] move: Rapid Spin|[of] p1a: Excadrill
|-sideend|p1: niall639|Stealth Rock|[from] move: Rapid Spin|[of] p1a: Excadrill
|
|-heal|p1a: Excadrill|72/100|[from] item: Leftovers
|-heal|p2a: Scornful Susie|93/100 tox|[from] ability: Poison Heal
|upkeep
|turn|12
|
|t:|1769336047
|switch|p1a: Tornadus|Tornadus-Therian, M, shiny|100/100
|move|p2a: Scornful Susie|Earthquake|p1a: Tornadus
|-immune|p1a: Tornadus
|
|-heal|p2a: Scornful Susie|100/100 tox|[from] ability: Poison Heal
|upkeep
|turn|13
|
|t:|1769336058
|move|p1a: Tornadus|Bleakwind Storm|p2a: Scornful Susie|[miss]
|-miss|p1a: Tornadus|p2a: Scornful Susie
|move|p2a: Scornful Susie|Knock Off|p1a: Tornadus
|-damage|p1a: Tornadus|63/100
|-enditem|p1a: Tornadus|Choice Specs|[from] move: Knock Off|[of] p2a: Scornful Susie
|
|upkeep
|turn|14
|
|t:|1769336067
|move|p1a: Tornadus|Bleakwind Storm|p2a: Scornful Susie|[miss]
|-miss|p1a: Tornadus|p2a: Scornful Susie
|move|p2a: Scornful Susie|Stealth Rock|p1a: Tornadus
|-sidestart|p1: niall639|move: Stealth Rock
|
|upkeep
|turn|15
|
|t:|1769336079
|move|p1a: Tornadus|Bleakwind Storm|p2a: Scornful Susie
|-damage|p2a: Scornful Susie|31/100 tox
|-unboost|p2a: Scornful Susie|spe|1
|move|p2a: Scornful Susie|U-turn|p1a: Tornadus
|-resisted|p1a: Tornadus
|-damage|p1a: Tornadus|51/100
|
|t:|1769336088
|switch|p2a: Death-Rite Bird|Moltres-Galar|100/100|[from] U-turn
|
|upkeep
|turn|16
|
|t:|1769336115
|switch|p1a: Toxapex|Toxapex, M, shiny|85/100
|-damage|p1a: Toxapex|73/100|[from] Stealth Rock
|move|p2a: Death-Rite Bird|Agility|p2a: Death-Rite Bird
|-boost|p2a: Death-Rite Bird|spe|2
|
|upkeep
|turn|17
|
|t:|1769336134
|move|p2a: Death-Rite Bird|Fiery Wrath|p1a: Toxapex
|-damage|p1a: Toxapex|42/100
|move|p1a: Toxapex|Toxic|p2a: Death-Rite Bird
|-status|p2a: Death-Rite Bird|tox
|
|-damage|p2a: Death-Rite Bird|94/100 tox|[from] psn
|upkeep
|turn|18
|
|t:|1769336146
|move|p2a: Death-Rite Bird|Air Slash|p1a: Toxapex
|-damage|p1a: Toxapex|18/100
|move|p1a: Toxapex|Recover|p1a: Toxapex
|-heal|p1a: Toxapex|68/100
|
|-damage|p2a: Death-Rite Bird|82/100 tox|[from] psn
|upkeep
|turn|19
|
|t:|1769336154
|move|p2a: Death-Rite Bird|Fiery Wrath|p1a: Toxapex
|-damage|p1a: Toxapex|37/100
|move|p1a: Toxapex|Haze|p1a: Toxapex
|-clearallboost
|
|-damage|p2a: Death-Rite Bird|63/100 tox|[from] psn
|upkeep
|turn|20
|
|t:|1769336163
|switch|p2a: Scornful Susie|Gliscor, F|31/100 tox
|move|p1a: Toxapex|Recover|p1a: Toxapex
|-heal|p1a: Toxapex|88/100
|
|-heal|p2a: Scornful Susie|44/100 tox|[from] ability: Poison Heal
|upkeep
|turn|21
|
|t:|1769336181
|switch|p1a: Tornadus|Tornadus-Therian, M, shiny|84/100
|-damage|p1a: Tornadus|59/100|[from] Stealth Rock
|move|p2a: Scornful Susie|Earthquake|p1a: Tornadus
|-immune|p1a: Tornadus
|
|-heal|p2a: Scornful Susie|56/100 tox|[from] ability: Poison Heal
|upkeep
|turn|22
|
|t:|1769336193
|switch|p2a: Dai Funka|Volcanion|94/100
|move|p1a: Tornadus|Bleakwind Storm|p2a: Dai Funka|[miss]
|-miss|p1a: Tornadus|p2a: Dai Funka
|
|upkeep
|turn|23
|
|t:|1769336208
|move|p1a: Tornadus|Bleakwind Storm|p2a: Dai Funka
|-damage|p2a: Dai Funka|50/100
|move|p2a: Dai Funka|Steam Eruption|p1a: Tornadus
|-damage|p1a: Tornadus|0 fnt
|faint|p1a: Tornadus
|
|upkeep
|
|t:|1769336212
|switch|p1a: Ogerpon|Ogerpon-Cornerstone, F|100/100
|-damage|p1a: Ogerpon|88/100|[from] Stealth Rock
|turn|24
|
|t:|1769336232
|-terastallize|p1a: Ogerpon|Rock
|detailschange|p1a: Ogerpon|Ogerpon-Cornerstone-Tera, F, tera:Rock
|-ability|p1a: Ogerpon|Embody Aspect (Cornerstone)|boost
|-boost|p1a: Ogerpon|def|1
|-terastallize|p2a: Dai Funka|Fighting
|move|p1a: Ogerpon|Ivy Cudgel|p2a: Dai Funka|[anim] Ivy Cudgel Rock
|-resisted|p2a: Dai Funka
|-damage|p2a: Dai Funka|18/100
|move|p2a: Dai Funka|Focus Blast|p1a: Ogerpon
|-supereffective|p1a: Ogerpon
|-damage|p1a: Ogerpon|0 fnt
|faint|p1a: Ogerpon
|detailschange|p1: Ogerpon|Ogerpon-Cornerstone, F|[silent]
|
|upkeep
|
|t:|1769336242
|switch|p1a: Iron Valiant|Iron Valiant, shiny|100/100
|-damage|p1a: Iron Valiant|94/100|[from] Stealth Rock
|turn|25
|c|☆Land Sea Air|i'm really like that
|inactive|Land Sea Air has 120 seconds left.
|
|t:|1769336278
|move|p1a: Iron Valiant|Moonblast|p2a: Dai Funka
|-supereffective|p2a: Dai Funka
|-damage|p2a: Dai Funka|0 fnt
|faint|p2a: Dai Funka
|
|upkeep
|
|t:|1769336288
|switch|p2a: Scornful Susie|Gliscor, F|56/100 tox
|turn|26
|inactive|Land Sea Air has 120 seconds left.
|
|t:|1769336302
|move|p1a: Iron Valiant|Moonblast|p2a: Scornful Susie
|-damage|p2a: Scornful Susie|0 fnt
|faint|p2a: Scornful Susie
|
|upkeep
|
|t:|1769336315
|switch|p2a: Inverse Scale|Haxorus, M, shiny|100/100
|-ability|p2a: Inverse Scale|Mold Breaker
|turn|27
|
|t:|1769336323
|move|p1a: Iron Valiant|Moonblast|p2a: Inverse Scale
|-supereffective|p2a: Inverse Scale
|-damage|p2a: Inverse Scale|0 fnt
|faint|p2a: Inverse Scale
|
|upkeep
|
|t:|1769336328
|switch|p2a: Death-Rite Bird|Moltres-Galar|63/100 tox
|turn|28
|
|t:|1769336333
|move|p1a: Iron Valiant|Moonblast|p2a: Death-Rite Bird
|-supereffective|p2a: Death-Rite Bird
|-damage|p2a: Death-Rite Bird|0 fnt
|faint|p2a: Death-Rite Bird
|
|win|niall639
|raw|niall639's rating: 1263 &rarr; <strong>1284</strong><br />(+21 for winning)
|raw|Land Sea Air's rating: 1202 &rarr; <strong>1181</strong><br />(-21 for losing)
|l|☆Land Sea Air
|player|p2|
|l|☆niall639
|player|p1|
