|j|☆shadowofroserade04
|j|☆jessies boyfriend
|t:|1769356322
|gametype|singles
|player|p1|shadowofroserade04|266|1465
|player|p2|jessies boyfriend|brock|1403
|gen|9
|tier|[Gen 9] OU
|rated|
|rule|HP Percentage Mod: HP is shown in percentages
|rule|Endless Battle Clause: Forcing endless battles is banned
|rule|Species Clause: Limit one of each Pokémon
|rule|OHKO Clause: OHKO moves are banned
|rule|Evasion Items Clause: Evasion items are banned
|rule|Evasion Moves Clause: Evasion moves are banned
|rule|Evasion Abilities Clause: Evasion abilities are banned
|rule|Sleep Moves Clause: Sleep-inducing moves are banned
|clearpoke
|poke|p1|Pecharunt|
|poke|p1|Mabosstiff, F|
|poke|p1|Volcanion|
|poke|p1|Iron Valiant|
|poke|p1|Landorus-Therian, M|
|poke|p1|Deoxys-Speed|
|poke|p2|Rillaboom, M|
|poke|p2|Ninetales, F|
|poke|p2|Great Tusk|
|poke|p2|Typhlosion-Hisui, M|
|poke|p2|Ribombee, M|
|poke|p2|Keldeo-Resolute|
|teampreview
|inactive|Battle timer is ON: inactive players will automatically lose when time's up. (requested by jessies boyfriend)
|inactive|shadowofroserade04 has 120 seconds left.
|
|t:|1769356375
|teamsize|p1|6
|teamsize|p2|6
|start
|switch|p1a: Volcanion|Volcanion|100/100
|switch|p2a: Ribombee|Ribombee, M|100/100
|turn|1
|
|t:|1769356392
|move|p2a: Ribombee|Sticky Web|p1a: Volcanion
|-sidestart|p1: shadowofroserade04|move: Sticky Web
|move|p1a: Volcanion|Taunt|p2a: Ribombee
|-start|p2a: Ribombee|move: Taunt
|
|upkeep
|turn|2
|
|t:|1769356394
|move|p2a: Ribombee|U-turn|p1a: Volcanion
|-resisted|p1a: Volcanion
|-damage|p1a: Volcanion|95/100
|
|t:|1769356399
|switch|p2a: Ninetales|Ninetales, F, shiny|100/100|[from] U-turn
|-weather|SunnyDay|[from] ability: Drought|[of] p2a: Ninetales
|move|p1a: Volcanion|Flamethrower|p2a: Ninetales
|-resisted|p2a: Ninetales
|-damage|p2a: Ninetales|61/100
|
|-weather|SunnyDay|[upkeep]
|-heal|p1a: Volcanion|100/100|[from] item: Leftovers
|upkeep
|turn|3
|
|t:|1769356412
|switch|p2a: Rillaboom|Rillaboom, M|100/100
|-fieldstart|move: Grassy Terrain|[from] ability: Grassy Surge|[of] p2a: Rillaboom
|move|p1a: Volcanion|Steam Eruption|p2a: Rillaboom
|-resisted|p2a: Rillaboom
|-damage|p2a: Rillaboom|89/100
|
|-weather|SunnyDay|[upkeep]
|-heal|p2a: Rillaboom|96/100|[from] Grassy Terrain
|upkeep
|turn|4
|
|t:|1769356424
|switch|p1a: Pecharunt|Pecharunt|100/100
|move|p2a: Rillaboom|Leech Seed|p1a: Pecharunt
|-start|p1a: Pecharunt|move: Leech Seed
|
|-weather|SunnyDay|[upkeep]
|-heal|p2a: Rillaboom|100/100|[from] Grassy Terrain
|-damage|p1a: Pecharunt|88/100|[from] Leech Seed|[of] p2a: Rillaboom
|upkeep
|turn|5
|
|t:|1769356432
|move|p1a: Pecharunt|Malignant Chain|p2a: Rillaboom
|-supereffective|p2a: Rillaboom
|-damage|p2a: Rillaboom|34/100
|move|p2a: Rillaboom|U-turn|p1a: Pecharunt
|-resisted|p1a: Pecharunt
|-damage|p1a: Pecharunt|85/100
|
|t:|1769356438
|switch|p2a: Typhlosion|Typhlosion-Hisui, M|100/100|[from] U-turn
|
|-weather|SunnyDay|[upkeep]
|-heal|p1a: Pecharunt|91/100|[from] Grassy Terrain
|-damage|p1a: Pecharunt|79/100|[from] Leech Seed|[of] p2a: Typhlosion
|upkeep
|turn|6
|
|t:|1769356446
|switch|p1a: Volcanion|Volcanion|100/100
|-activate|p1a: Volcanion|move: Sticky Web
|-unboost|p1a: Volcanion|spe|1
|move|p2a: Typhlosion|Substitute|p2a: Typhlosion
|-start|p2a: Typhlosion|Substitute
|-damage|p2a: Typhlosion|76/100
|
|-weather|SunnyDay|[upkeep]
|-heal|p2a: Typhlosion|82/100|[from] Grassy Terrain
|-heal|p2a: Typhlosion|88/100|[from] item: Leftovers
|upkeep
|turn|7
|
|t:|1769356452
|move|p2a: Typhlosion|Calm Mind|p2a: Typhlosion
|-boost|p2a: Typhlosion|spa|1
|-boost|p2a: Typhlosion|spd|1
|move|p1a: Volcanion|Flamethrower|p2a: Typhlosion
|-resisted|p2a: Typhlosion
|-end|p2a: Typhlosion|Substitute
|
|-weather|SunnyDay|[upkeep]
|-heal|p2a: Typhlosion|94/100|[from] Grassy Terrain
|-heal|p2a: Typhlosion|99/100|[from] item: Leftovers
|upkeep
|turn|8
|
|t:|1769356458
|move|p2a: Typhlosion|Substitute|p2a: Typhlosion
|-start|p2a: Typhlosion|Substitute
|-damage|p2a: Typhlosion|75/100
|move|p1a: Volcanion|Taunt|p2a: Typhlosion
|-start|p2a: Typhlosion|move: Taunt
|
|-weather|SunnyDay|[upkeep]
|-heal|p2a: Typhlosion|81/100|[from] Grassy Terrain
|-heal|p2a: Typhlosion|87/100|[from] item: Leftovers
|upkeep
|turn|9
|
|t:|1769356464
|move|p2a: Typhlosion|Infernal Parade|p1a: Volcanion
|-damage|p1a: Volcanion|53/100
|move|p1a: Volcanion|Flamethrower|p2a: Typhlosion
|-resisted|p2a: Typhlosion
|-end|p2a: Typhlosion|Substitute
|
|-weather|none
|-heal|p2a: Typhlosion|92/100|[from] Grassy Terrain
|-heal|p2a: Typhlosion|98/100|[from] item: Leftovers
|-heal|p1a: Volcanion|59/100|[from] Grassy Terrain
|-heal|p1a: Volcanion|66/100|[from] item: Leftovers
|upkeep
|turn|10
|
|t:|1769356472
|move|p2a: Typhlosion|Infernal Parade|p1a: Volcanion
|-damage|p1a: Volcanion|18/100
|move|p1a: Volcanion|Steam Eruption|p2a: Typhlosion
|-supereffective|p2a: Typhlosion
|-damage|p2a: Typhlosion|0 fnt
|faint|p2a: Typhlosion
|
|-heal|p1a: Volcanion|24/100|[from] Grassy Terrain
|-heal|p1a: Volcanion|30/100|[from] item: Leftovers
|-fieldend|move: Grassy Terrain
|upkeep
|-message|jessies boyfriend forfeited.
|
|win|shadowofroserade04
|raw|shadowofroserade04's rating: 1465 &rarr; <strong>1481</strong><br />(+16 for winning)
|raw|jessies boyfriend's rating: 1403 &rarr; <strong>1387</strong><br />(-16 for losing)
|l|☆jessies boyfriend
|player|p2|
|l|☆shadowofroserade04
|player|p1|
