|j|☆Rak3n
|j|☆dorda
|t:|1769323626
|gametype|singles
|player|p1|Rak3n|1|1233
|player|p2|dorda|brycenman|1188
|gen|9
|tier|[Gen 9] OU
|rated|
|rule|HP Percentage Mod: HP is shown in percentages
|rule|Endless Battle Clause: Forcing endless battles is banned
|rule|Species Clause: Limit one of each Pokémon
|rule|OHKO Clause: OHKO moves are banned
|rule|Evasion Items Clause: Evasion items are banned
|rule|Evasion Moves Clause: Evasion moves are banned
|rule|Evasion Abilities Clause: Evasion abilities are banned
|rule|Sleep Moves Clause: Sleep-inducing moves are banned
|clearpoke
|poke|p1|Thundurus-Therian, M|
|poke|p1|Gholdengo|
|poke|p1|Cinderace, M|
|poke|p1|Snorlax, F|
|poke|p1|Salamence, M|
|poke|p1|Iron Treads|
|poke|p2|Hoopa-Unbound|
|poke|p2|Slowking-Galar, F|
|poke|p2|Alomomola, F|
|poke|p2|Zamazenta-*|
|poke|p2|Great Tusk|
|poke|p2|Kingambit, F|
|teampreview
|inactive|Battle timer is ON: inactive players will automatically lose when time's up. (requested by Rak3n)
|
|t:|1769323655
|teamsize|p1|6
|teamsize|p2|6
|start
|switch|p1a: Salamence|Salamence, M, shiny|100/100
|switch|p2a: Great Tusk|Great Tusk|100/100
|-ability|p1a: Salamence|Intimidate|boost
|-unboost|p2a: Great Tusk|atk|1
|turn|1
|
|t:|1769323666
|-end|p2a: Great Tusk|Protosynthesis|[silent]
|switch|p2a: Alomomola|Alomomola, F|100/100
|move|p1a: Salamence|Hydro Pump|p2a: Alomomola
|-resisted|p2a: Alomomola
|-damage|p2a: Alomomola|86/100
|
|upkeep
|turn|2
|
|t:|1769323673
|move|p1a: Salamence|Hurricane|p2a: Alomomola
|-damage|p2a: Alomomola|41/100
|-start|p2a: Alomomola|confusion
|-activate|p2a: Alomomola|confusion
|-damage|p2a: Alomomola|37/100|[from] confusion
|
|upkeep
|turn|3
|
|t:|1769323685
|switch|p1a: Iron Treads|Iron Treads|100/100
|switch|p2a: Slowking|Slowking-Galar, F|100/100
|
|upkeep
|turn|4
|
|t:|1769323695
|switch|p2a: Great Tusk|Great Tusk|100/100
|move|p1a: Iron Treads|Knock Off|p2a: Great Tusk
|-resisted|p2a: Great Tusk
|-damage|p2a: Great Tusk|89/100
|-enditem|p2a: Great Tusk|Heavy-Duty Boots|[from] move: Knock Off|[of] p1a: Iron Treads
|
|upkeep
|turn|5
|
|t:|1769323709
|-end|p1a: Iron Treads|Quark Drive|[silent]
|switch|p1a: Salamence|Salamence, M, shiny|100/100
|-ability|p1a: Salamence|Intimidate|boost
|-unboost|p2a: Great Tusk|atk|1
|move|p2a: Great Tusk|Headlong Rush|p1a: Salamence
|-immune|p1a: Salamence
|
|upkeep
|turn|6
|
|t:|1769323721
|-end|p2a: Great Tusk|Protosynthesis|[silent]
|switch|p2a: Slowking|Slowking-Galar, F|100/100
|move|p1a: Salamence|Dragon Tail|p2a: Slowking
|-damage|p2a: Slowking|71/100
|drag|p2a: Great Tusk|Great Tusk|89/100
|
|upkeep
|turn|7
|
|t:|1769323732
|-end|p2a: Great Tusk|Protosynthesis|[silent]
|switch|p2a: Slowking|Slowking-Galar, F|100/100
|move|p1a: Salamence|Hydro Pump|p2a: Slowking
|-damage|p2a: Slowking|80/100
|
|upkeep
|turn|8
|
|t:|1769323739
|move|p2a: Slowking|Ice Beam|p1a: Salamence
|-supereffective|p1a: Salamence
|-damage|p1a: Salamence|35/100
|move|p1a: Salamence|Dragon Tail|p2a: Slowking
|-damage|p2a: Slowking|52/100
|drag|p2a: Alomomola|Alomomola, F|70/100
|
|upkeep
|turn|9
|
|t:|1769323748
|switch|p1a: Iron Treads|Iron Treads|100/100
|move|p2a: Alomomola|Wish|p2a: Alomomola
|
|upkeep
|turn|10
|
|t:|1769323753
|move|p1a: Iron Treads|Stealth Rock|p2a: Alomomola
|-sidestart|p2: dorda|move: Stealth Rock
|move|p2a: Alomomola|Flip Turn|p1a: Iron Treads
|-supereffective|p1a: Iron Treads
|-damage|p1a: Iron Treads|67/100
|
|t:|1769323758
|switch|p2a: Great Tusk|Great Tusk|89/100|[from] Flip Turn
|-damage|p2a: Great Tusk|86/100|[from] Stealth Rock
|
|-heal|p2a: Great Tusk|100/100|[from] move: Wish|[wisher] Alomomola
|upkeep
|turn|11
|
|t:|1769323780
|-end|p1a: Iron Treads|Quark Drive|[silent]
|switch|p1a: Salamence|Salamence, M, shiny|35/100
|-ability|p1a: Salamence|Intimidate|boost
|-unboost|p2a: Great Tusk|atk|1
|move|p2a: Great Tusk|Rapid Spin|p1a: Salamence
|-crit|p1a: Salamence
|-damage|p1a: Salamence|9/100
|-boost|p2a: Great Tusk|spe|1
|-sideend|p2: dorda|Stealth Rock|[from] move: Rapid Spin|[of] p2a: Great Tusk
|
|upkeep
|turn|12
|
|t:|1769323790
|move|p2a: Great Tusk|Ice Spinner|p1a: Salamence
|-supereffective|p1a: Salamence
|-damage|p1a: Salamence|0 fnt
|faint|p1a: Salamence
|
|upkeep
|
|t:|1769323797
|switch|p1a: Thundurus|Thundurus-Therian, M|100/100
|turn|13
|
|t:|1769323810
|-end|p2a: Great Tusk|Protosynthesis|[silent]
|switch|p2a: Slowking|Slowking-Galar, F|86/100
|-terastallize|p1a: Thundurus|Electric
|move|p1a: Thundurus|Grass Knot|p2a: Slowking
|-resisted|p2a: Slowking
|-damage|p2a: Slowking|78/100
|
|upkeep
|turn|14
|
|t:|1769323820
|move|p1a: Thundurus|Volt Switch|p2a: Slowking
|-damage|p2a: Slowking|44/100
|
|t:|1769323823
|switch|p1a: Iron Treads|Iron Treads|67/100|[from] Volt Switch
|-prepare|p2a: Slowking|Chilly Reception|[premajor]
|move|p2a: Slowking|Chilly Reception|p2a: Slowking
|-weather|Snowscape
|
|t:|1769323830
|switch|p2a: Great Tusk|Great Tusk|100/100|[from] Chilly Reception
|
|-weather|Snowscape|[upkeep]
|upkeep
|turn|15
|
|t:|1769323834
|-end|p1a: Iron Treads|Quark Drive|[silent]
|switch|p1a: Thundurus|Thundurus-Therian, M, tera:Electric|100/100
|move|p2a: Great Tusk|Headlong Rush|p1a: Thundurus
|-supereffective|p1a: Thundurus
|-crit|p1a: Thundurus
|-damage|p1a: Thundurus|0 fnt
|-unboost|p2a: Great Tusk|def|1
|-unboost|p2a: Great Tusk|spd|1
|faint|p1a: Thundurus
|
|-weather|Snowscape|[upkeep]
|upkeep
|
|t:|1769323849
|switch|p1a: Cinderace|Cinderace, M|100/100
|turn|16
|
|t:|1769323860
|move|p1a: Cinderace|Pyro Ball|p2a: Great Tusk
|-crit|p2a: Great Tusk
|-damage|p2a: Great Tusk|0 fnt
|faint|p2a: Great Tusk
|-end|p2a: Great Tusk|Protosynthesis|[silent]
|-damage|p1a: Cinderace|91/100|[from] item: Life Orb
|
|-weather|Snowscape|[upkeep]
|upkeep
|
|t:|1769323867
|switch|p2a: Alomomola|Alomomola, F|100/100
|turn|17
|
|t:|1769323871
|move|p1a: Cinderace|U-turn|p2a: Alomomola
|-start|p1a: Cinderace|typechange|Bug|[from] ability: Libero
|-damage|p2a: Alomomola|72/100
|-damage|p1a: Cinderace|81/100|[from] item: Life Orb
|
|t:|1769323881
|switch|p1a: Gholdengo|Gholdengo|100/100|[from] U-turn
|move|p2a: Alomomola|Flip Turn|p1a: Gholdengo
|-damage|p1a: Gholdengo|83/100
|
|t:|1769323887
|switch|p2a: Hoopa|Hoopa-Unbound|100/100|[from] Flip Turn
|
|-weather|Snowscape|[upkeep]
|upkeep
|turn|18
|
|t:|1769323903
|switch|p1a: Iron Treads|Iron Treads|67/100
|move|p2a: Hoopa|Hyperspace Fury|p1a: Iron Treads
|-damage|p1a: Iron Treads|0 fnt
|-unboost|p2a: Hoopa|def|1
|faint|p1a: Iron Treads
|-end|p1a: Iron Treads|Quark Drive|[silent]
|
|-weather|none
|upkeep
|
|t:|1769323910
|switch|p1a: Cinderace|Cinderace, M|81/100
|turn|19
|
|t:|1769323915
|switch|p2a: Alomomola|Alomomola, F|100/100
|move|p1a: Cinderace|U-turn|p2a: Alomomola
|-start|p1a: Cinderace|typechange|Bug|[from] ability: Libero
|-damage|p2a: Alomomola|74/100
|-damage|p1a: Cinderace|71/100|[from] item: Life Orb
|
|t:|1769323924
|switch|p1a: Snorlax|Snorlax, F|100/100|[from] U-turn
|
|upkeep
|turn|20
|
|t:|1769323929
|move|p2a: Alomomola|Tickle|p1a: Snorlax
|-unboost|p1a: Snorlax|atk|1
|-unboost|p1a: Snorlax|def|1
|move|p1a: Snorlax|Curse|p1a: Snorlax
|-unboost|p1a: Snorlax|spe|1
|-boost|p1a: Snorlax|atk|1
|-boost|p1a: Snorlax|def|1
|
|upkeep
|turn|21
|
|t:|1769323933
|move|p2a: Alomomola|Tickle|p1a: Snorlax
|-unboost|p1a: Snorlax|atk|1
|-unboost|p1a: Snorlax|def|1
|move|p1a: Snorlax|Curse|p1a: Snorlax
|-unboost|p1a: Snorlax|spe|1
|-boost|p1a: Snorlax|atk|1
|-boost|p1a: Snorlax|def|1
|
|upkeep
|turn|22
|
|t:|1769323942
|move|p2a: Alomomola|Tickle|p1a: Snorlax
|-unboost|p1a: Snorlax|atk|1
|-unboost|p1a: Snorlax|def|1
|move|p1a: Snorlax|Body Slam|p2a: Alomomola
|-damage|p2a: Alomomola|61/100
|-status|p2a: Alomomola|par
|
|upkeep
|turn|23
|
|t:|1769323946
|move|p2a: Alomomola|Flip Turn|p1a: Snorlax
|-damage|p1a: Snorlax|76/100
|
|t:|1769323949
|switch|p2a: Hoopa|Hoopa-Unbound|100/100|[from] Flip Turn
|move|p1a: Snorlax|Curse|p1a: Snorlax
|-unboost|p1a: Snorlax|spe|1
|-boost|p1a: Snorlax|atk|1
|-boost|p1a: Snorlax|def|1
|
|-heal|p1a: Snorlax|82/100|[from] item: Leftovers
|upkeep
|turn|24
|
|t:|1769323958
|-terastallize|p2a: Hoopa|Dark
|move|p2a: Hoopa|Hyperspace Fury|p1a: Snorlax
|-damage|p1a: Snorlax|0 fnt
|-unboost|p2a: Hoopa|def|1
|faint|p1a: Snorlax
|
|upkeep
|
|t:|1769323962
|switch|p1a: Cinderace|Cinderace, M|71/100
|turn|25
|
|t:|1769323970
|switch|p2a: Alomomola|Alomomola, F|94/100 par
|move|p1a: Cinderace|U-turn|p2a: Alomomola
|-start|p1a: Cinderace|typechange|Bug|[from] ability: Libero
|-damage|p2a: Alomomola|67/100 par
|-damage|p1a: Cinderace|61/100|[from] item: Life Orb
|
|t:|1769323976
|switch|p1a: Gholdengo|Gholdengo|83/100|[from] U-turn
|
|upkeep
|turn|26
|
|t:|1769323993
|move|p1a: Gholdengo|Trick|p2a: Alomomola
|-activate|p1a: Gholdengo|move: Trick|[of] p2a: Alomomola
|-item|p2a: Alomomola|Choice Scarf|[from] move: Trick
|-item|p1a: Gholdengo|Heavy-Duty Boots|[from] move: Trick
|cant|p2a: Alomomola|par
|
|upkeep
|turn|27
|
|t:|1769324005
|move|p1a: Gholdengo|Nasty Plot|p1a: Gholdengo
|-boost|p1a: Gholdengo|spa|2
|move|p2a: Alomomola|Flip Turn|p1a: Gholdengo
|-damage|p1a: Gholdengo|66/100
|inactive|dorda has 120 seconds left.
|
|t:|1769324035
|switch|p2a: Kingambit|Kingambit, F|100/100|[from] Flip Turn
|-activate|p2a: Kingambit|ability: Supreme Overlord
|-start|p2a: Kingambit|fallen1|[silent]
|
|upkeep
|turn|28
|
|t:|1769324047
|move|p1a: Gholdengo|Nasty Plot|p1a: Gholdengo
|-boost|p1a: Gholdengo|spa|2
|move|p2a: Kingambit|Kowtow Cleave|p1a: Gholdengo
|-supereffective|p1a: Gholdengo
|-damage|p1a: Gholdengo|0 fnt
|faint|p1a: Gholdengo
|
|upkeep
|
|t:|1769324052
|switch|p1a: Cinderace|Cinderace, M|61/100
|turn|29
|
|t:|1769324069
|move|p2a: Kingambit|Sucker Punch|p1a: Cinderace
|-damage|p1a: Cinderace|0 fnt
|faint|p1a: Cinderace
|
|win|dorda
|raw|Rak3n's rating: 1233 &rarr; <strong>1205</strong><br />(-28 for losing)
|raw|dorda's rating: 1188 &rarr; <strong>1216</strong><br />(+28 for winning)
|c|☆dorda|gg
|l|☆Rak3n
|player|p1|
|l|☆dorda
|player|p2|
