|j|☆chicken_buddha
|j|☆epixblas
|t:|1769420686
|gametype|singles
|player|p1|chicken_buddha|102|1222
|player|p2|epixblas|backers|1236
|gen|9
|tier|[Gen 9] OU
|rated|
|rule|HP Percentage Mod: HP is shown in percentages
|rule|Endless Battle Clause: Forcing endless battles is banned
|rule|Species Clause: Limit one of each Pokémon
|rule|OHKO Clause: OHKO moves are banned
|rule|Evasion Items Clause: Evasion items are banned
|rule|Evasion Moves Clause: Evasion moves are banned
|rule|Evasion Abilities Clause: Evasion abilities are banned
|rule|Sleep Moves Clause: Sleep-inducing moves are banned
|clearpoke
|poke|p1|Corviknight, F|
|poke|p1|Kingambit, F|
|poke|p1|Ursaluna, M|
|poke|p1|Iron Moth|
|poke|p1|Blissey, F|
|poke|p1|Lokix, M|
|poke|p2|Zamazenta-*|
|poke|p2|Ogerpon-Wellspring, F|
|poke|p2|Slowking-Galar, F|
|poke|p2|Great Tusk|
|poke|p2|Kingambit, M|
|poke|p2|Zapdos|
|teampreview
|
|t:|1769420713
|teamsize|p1|6
|teamsize|p2|6
|start
|switch|p1a: Corviknight|Corviknight, F, shiny|100/100
|switch|p2a: Great Tusk|Great Tusk, shiny|100/100
|turn|1
|inactive|Battle timer is ON: inactive players will automatically lose when time's up. (requested by chicken_buddha)
|
|t:|1769420725
|-end|p2a: Great Tusk|Protosynthesis|[silent]
|switch|p2a: Zapdos|Zapdos|100/100
|move|p1a: Corviknight|Brave Bird|p2a: Zapdos
|-resisted|p2a: Zapdos
|-damage|p2a: Zapdos|86/100
|-status|p1a: Corviknight|par|[from] ability: Static|[of] p2a: Zapdos
|-damage|p1a: Corviknight|96/100 par|[from] Recoil
|
|upkeep
|turn|2
|
|t:|1769420750
|switch|p1a: Blissey|Blissey, F|100/100
|move|p2a: Zapdos|Hurricane|p1a: Blissey
|-damage|p1a: Blissey|88/100
|
|upkeep
|turn|3
|
|t:|1769420762
|move|p2a: Zapdos|Volt Switch|p1a: Blissey
|-damage|p1a: Blissey|79/100
|
|t:|1769420773
|switch|p2a: Slowking|Slowking-Galar, F|100/100|[from] Volt Switch
|move|p1a: Blissey|Stealth Rock|p2a: Slowking
|-sidestart|p2: epixblas|move: Stealth Rock
|
|upkeep
|turn|4
|
|t:|1769420788
|move|p1a: Blissey|Thunder Wave|p2a: Slowking
|-status|p2a: Slowking|par
|cant|p2a: Slowking|par
|
|upkeep
|turn|5
|
|t:|1769420796
|move|p1a: Blissey|Seismic Toss|p2a: Slowking
|-damage|p2a: Slowking|74/100 par
|cant|p2a: Slowking|par
|
|upkeep
|turn|6
|
|t:|1769420802
|move|p1a: Blissey|Seismic Toss|p2a: Slowking
|-damage|p2a: Slowking|48/100 par
|move|p2a: Slowking|Psyshock|p1a: Blissey
|-damage|p1a: Blissey|0 fnt
|faint|p1a: Blissey
|
|upkeep
|
|t:|1769420823
|switch|p1a: Ursaluna|Ursaluna, M|100/100
|turn|7
|inactive|epixblas has 120 seconds left.
|
|t:|1769420862
|switch|p2a: Great Tusk|Great Tusk, shiny|100/100
|move|p1a: Ursaluna|Trailblaze|p2a: Great Tusk
|-supereffective|p2a: Great Tusk
|-damage|p2a: Great Tusk|70/100
|-boost|p1a: Ursaluna|spe|1
|
|-status|p1a: Ursaluna|brn|[from] item: Flame Orb
|upkeep
|turn|8
|inactive|epixblas has 120 seconds left.
|
|t:|1769420886
|switch|p1a: Corviknight|Corviknight, F, shiny|96/100 par
|move|p2a: Great Tusk|Rapid Spin|p1a: Corviknight
|-resisted|p1a: Corviknight
|-damage|p1a: Corviknight|91/100 par
|-boost|p2a: Great Tusk|spe|1
|-damage|p2a: Great Tusk|53/100|[from] item: Rocky Helmet|[of] p1a: Corviknight
|-sideend|p2: epixblas|Stealth Rock|[from] move: Rapid Spin|[of] p2a: Great Tusk
|
|upkeep
|turn|9
|inactive|epixblas has 120 seconds left.
|inactive|epixblas has 90 seconds left.
|
|t:|1769420925
|-end|p2a: Great Tusk|Protosynthesis|[silent]
|switch|p2a: Zapdos|Zapdos|86/100
|move|p1a: Corviknight|Brave Bird|p2a: Zapdos
|-resisted|p2a: Zapdos
|-damage|p2a: Zapdos|73/100
|-damage|p1a: Corviknight|87/100 par|[from] Recoil
|
|upkeep
|turn|10
|inactive|epixblas has 90 seconds left.
|
|t:|1769420942
|switch|p1a: Ursaluna|Ursaluna, M|100/100 brn
|move|p2a: Zapdos|Roost|p2a: Zapdos
|-heal|p2a: Zapdos|100/100
|-singleturn|p2a: Zapdos|move: Roost
|
|-damage|p1a: Ursaluna|94/100 brn|[from] brn
|upkeep
|turn|11
|inactive|epixblas has 90 seconds left.
|
|t:|1769420956
|switch|p2a: Zamazenta|Zamazenta|100/100
|-ability|p2a: Zamazenta|Dauntless Shield|boost
|-boost|p2a: Zamazenta|def|1
|move|p1a: Ursaluna|Facade|p2a: Zamazenta
|-damage|p2a: Zamazenta|24/100
|
|-damage|p1a: Ursaluna|88/100 brn|[from] brn
|upkeep
|turn|12
|
|t:|1769420966
|switch|p1a: Corviknight|Corviknight, F, shiny|87/100 par
|move|p2a: Zamazenta|Close Combat|p1a: Corviknight
|-damage|p1a: Corviknight|53/100 par
|-unboost|p2a: Zamazenta|def|1
|-unboost|p2a: Zamazenta|spd|1
|-damage|p2a: Zamazenta|7/100|[from] item: Rocky Helmet|[of] p1a: Corviknight
|
|upkeep
|turn|13
|inactive|epixblas has 90 seconds left.
|
|t:|1769420986
|switch|p2a: Zapdos|Zapdos|100/100
|move|p1a: Corviknight|Roost|p1a: Corviknight
|-heal|p1a: Corviknight|100/100 par
|-singleturn|p1a: Corviknight|move: Roost
|
|upkeep
|turn|14
|inactive|chicken_buddha has 120 seconds left.
|
|t:|1769421002
|switch|p1a: Ursaluna|Ursaluna, M|88/100 brn
|move|p2a: Zapdos|Hurricane|p1a: Ursaluna
|-damage|p1a: Ursaluna|43/100 brn
|
|-damage|p1a: Ursaluna|37/100 brn|[from] brn
|upkeep
|turn|15
|inactive|chicken_buddha has 120 seconds left.
|
|t:|1769421014
|move|p2a: Zapdos|Hurricane|p1a: Ursaluna
|-damage|p1a: Ursaluna|0 fnt
|faint|p1a: Ursaluna
|
|upkeep
|inactive|chicken_buddha has 120 seconds left.
|
|t:|1769421035
|switch|p1a: Iron Moth|Iron Moth|100/100
|-enditem|p1a: Iron Moth|Booster Energy
|-activate|p1a: Iron Moth|ability: Quark Drive|[fromitem]
|-start|p1a: Iron Moth|quarkdrivespa
|turn|16
|
|t:|1769421058
|move|p1a: Iron Moth|Fiery Dance|p2a: Zapdos
|-damage|p2a: Zapdos|44/100
|-boost|p1a: Iron Moth|spa|1
|move|p2a: Zapdos|Thunder Wave|p1a: Iron Moth
|-status|p1a: Iron Moth|par
|
|upkeep
|turn|17
|
|t:|1769421069
|move|p2a: Zapdos|Roost|p2a: Zapdos
|-heal|p2a: Zapdos|94/100
|-singleturn|p2a: Zapdos|move: Roost
|move|p1a: Iron Moth|Sludge Wave|p2a: Zapdos
|-damage|p2a: Zapdos|0 fnt
|faint|p2a: Zapdos
|
|upkeep
|inactive|epixblas has 90 seconds left.
|
|t:|1769421089
|switch|p2a: Ogerpon|Ogerpon-Wellspring, F|100/100
|turn|18
|inactive|chicken_buddha has 120 seconds left.
|
|t:|1769421094
|-end|p1a: Iron Moth|Quark Drive|[silent]
|switch|p1a: Corviknight|Corviknight, F, shiny|100/100 par
|move|p2a: Ogerpon|Knock Off|p1a: Corviknight
|-damage|p1a: Corviknight|79/100 par
|-damage|p2a: Ogerpon|84/100|[from] item: Rocky Helmet|[of] p1a: Corviknight
|-enditem|p1a: Corviknight|Rocky Helmet|[from] move: Knock Off|[of] p2a: Ogerpon
|
|upkeep
|turn|19
|inactive|chicken_buddha has 120 seconds left.
|inactive|epixblas has 90 seconds left.
|
|t:|1769421121
|move|p2a: Ogerpon|U-turn|p1a: Corviknight
|-resisted|p1a: Corviknight
|-damage|p1a: Corviknight|75/100 par
|
|t:|1769421124
|switch|p2a: Kingambit|Kingambit, M|100/100|[from] U-turn
|-activate|p2a: Kingambit|ability: Supreme Overlord
|-start|p2a: Kingambit|fallen1|[silent]
|move|p1a: Corviknight|Brave Bird|p2a: Kingambit
|-resisted|p2a: Kingambit
|-damage|p2a: Kingambit|87/100
|-damage|p1a: Corviknight|71/100 par|[from] Recoil
|
|-heal|p2a: Kingambit|94/100|[from] item: Leftovers
|upkeep
|turn|20
|inactive|chicken_buddha has 120 seconds left.
|
|t:|1769421137
|move|p2a: Kingambit|Kowtow Cleave|p1a: Corviknight
|-damage|p1a: Corviknight|35/100 par
|move|p1a: Corviknight|Iron Defense|p1a: Corviknight
|-boost|p1a: Corviknight|def|2
|
|-heal|p2a: Kingambit|99/100|[from] item: Leftovers
|upkeep
|turn|21
|
|t:|1769421146
|move|p2a: Kingambit|Swords Dance|p2a: Kingambit
|-boost|p2a: Kingambit|atk|2
|move|p1a: Corviknight|Roost|p1a: Corviknight
|-heal|p1a: Corviknight|85/100 par
|-singleturn|p1a: Corviknight|move: Roost
|
|-heal|p2a: Kingambit|100/100|[from] item: Leftovers
|upkeep
|turn|22
|
|t:|1769421158
|move|p2a: Kingambit|Kowtow Cleave|p1a: Corviknight
|-damage|p1a: Corviknight|49/100 par
|move|p1a: Corviknight|Body Press|p2a: Kingambit
|-supereffective|p2a: Kingambit
|-damage|p2a: Kingambit|0 fnt
|faint|p2a: Kingambit
|-end|p2a: Kingambit|fallen1|[silent]
|
|upkeep
|
|t:|1769421162
|switch|p2a: Slowking|Slowking-Galar, F|81/100 par
|turn|23
|
|t:|1769421175
|move|p1a: Corviknight|Roost|p1a: Corviknight
|-heal|p1a: Corviknight|99/100 par
|-singleturn|p1a: Corviknight|move: Roost
|move|p2a: Slowking|Flamethrower|p1a: Corviknight
|-supereffective|p1a: Corviknight
|-damage|p1a: Corviknight|38/100 par
|
|upkeep
|turn|24
|
|t:|1769421185
|switch|p1a: Iron Moth|Iron Moth|100/100 par
|move|p2a: Slowking|Flamethrower|p1a: Iron Moth
|-resisted|p1a: Iron Moth
|-crit|p1a: Iron Moth
|-damage|p1a: Iron Moth|78/100 par
|
|upkeep
|turn|25
|
|t:|1769421199
|move|p1a: Iron Moth|U-turn|p2a: Slowking
|-damage|p2a: Slowking|69/100 par
|
|t:|1769421203
|-end|p1a: Iron Moth|Quark Drive|[silent]
|switch|p1a: Lokix|Lokix, M|100/100|[from] U-turn
|move|p2a: Slowking|Psyshock|p1a: Lokix
|-immune|p1a: Lokix
|
|upkeep
|turn|26
|
|t:|1769421220
|move|p1a: Lokix|Knock Off|p2a: Slowking
|-supereffective|p2a: Slowking
|-damage|p2a: Slowking|0 fnt
|-enditem|p2a: Slowking|Assault Vest|[from] move: Knock Off|[of] p1a: Lokix
|faint|p2a: Slowking
|
|upkeep
|
|t:|1769421231
|switch|p2a: Ogerpon|Ogerpon-Wellspring, F|84/100
|turn|27
|
|t:|1769421240
|switch|p1a: Corviknight|Corviknight, F, shiny|38/100 par
|move|p2a: Ogerpon|Ivy Cudgel|p1a: Corviknight|[anim] Ivy Cudgel Water
|-damage|p1a: Corviknight|2/100 par
|
|upkeep
|turn|28
|
|t:|1769421251
|move|p2a: Ogerpon|Ivy Cudgel|p1a: Corviknight|[anim] Ivy Cudgel Water
|-damage|p1a: Corviknight|0 fnt
|faint|p1a: Corviknight
|
|upkeep
|
|t:|1769421257
|switch|p1a: Lokix|Lokix, M|100/100
|turn|29
|
|t:|1769421261
|-terastallize|p2a: Ogerpon|Water
|detailschange|p2a: Ogerpon|Ogerpon-Wellspring-Tera, F, tera:Water
|-ability|p2a: Ogerpon|Embody Aspect (Wellspring)|boost
|-boost|p2a: Ogerpon|spd|1
|move|p1a: Lokix|First Impression|p2a: Ogerpon
|-damage|p2a: Ogerpon|28/100
|move|p2a: Ogerpon|Ivy Cudgel|p1a: Lokix|[anim] Ivy Cudgel Water
|-damage|p1a: Lokix|0 fnt
|faint|p1a: Lokix
|
|upkeep
|
|t:|1769421278
|switch|p1a: Kingambit|Kingambit, F|100/100
|-activate|p1a: Kingambit|ability: Supreme Overlord
|-start|p1a: Kingambit|fallen4|[silent]
|turn|30
|
|t:|1769421285
|move|p1a: Kingambit|Sucker Punch|p2a: Ogerpon
|-damage|p2a: Ogerpon|0 fnt
|faint|p2a: Ogerpon
|detailschange|p2: Ogerpon|Ogerpon-Wellspring, F|[silent]
|
|upkeep
|
|t:|1769421290
|switch|p2a: Great Tusk|Great Tusk, shiny|53/100
|turn|31
|
|t:|1769421306
|-terastallize|p1a: Kingambit|Dark
|move|p2a: Great Tusk|Headlong Rush|p1a: Kingambit
|-damage|p1a: Kingambit|54/100
|-unboost|p2a: Great Tusk|def|1
|-unboost|p2a: Great Tusk|spd|1
|move|p1a: Kingambit|Iron Head|p2a: Great Tusk
|-crit|p2a: Great Tusk
|-damage|p2a: Great Tusk|0 fnt
|faint|p2a: Great Tusk
|-end|p2a: Great Tusk|Protosynthesis|[silent]
|
|upkeep
|c|☆epixblas|gg
|
|t:|1769421313
|switch|p2a: Zamazenta|Zamazenta|7/100
|turn|32
|
|t:|1769421319
|move|p1a: Kingambit|Sucker Punch|p2a: Zamazenta
|-resisted|p2a: Zamazenta
|-damage|p2a: Zamazenta|0 fnt
|faint|p2a: Zamazenta
|
|win|chicken_buddha
|raw|chicken_buddha's rating: 1222 &rarr; <strong>1248</strong><br />(+26 for winning)
|raw|epixblas's rating: 1236 &rarr; <strong>1210</strong><br />(-26 for losing)
