|j|☆fiftyferalhogs
|j|☆CHAR is the GOAT
|t:|1769399922
|gametype|singles
|player|p1|fiftyferalhogs|pokemonbreederf-gen4|1380
|player|p2|CHAR is the GOAT|marshal|1326
|gen|9
|tier|[Gen 9] OU
|rated|
|rule|HP Percentage Mod: HP is shown in percentages
|rule|Endless Battle Clause: Forcing endless battles is banned
|rule|Species Clause: Limit one of each Pokémon
|rule|OHKO Clause: OHKO moves are banned
|rule|Evasion Items Clause: Evasion items are banned
|rule|Evasion Moves Clause: Evasion moves are banned
|rule|Evasion Abilities Clause: Evasion abilities are banned
|rule|Sleep Moves Clause: Sleep-inducing moves are banned
|clearpoke
|poke|p1|Great Tusk|
|poke|p1|Mabosstiff, M|
|poke|p1|Slowking-Galar, F|
|poke|p1|Dragapult, M|
|poke|p1|Iron Valiant|
|poke|p1|Alomomola, F|
|poke|p2|Ninetales, M|
|poke|p2|Charizard, M|
|poke|p2|Corviknight, F|
|poke|p2|Walking Wake|
|poke|p2|Cinderace, M|
|poke|p2|Slither Wing|
|teampreview
|
|t:|1769399941
|teamsize|p1|6
|teamsize|p2|6
|start
|switch|p1a: Brilliant Behemoth|Great Tusk|100/100
|switch|p2a: Ninetales|Ninetales, M|100/100
|-weather|SunnyDay|[from] ability: Drought|[of] p2a: Ninetales
|-activate|p1a: Brilliant Behemoth|ability: Protosynthesis
|-start|p1a: Brilliant Behemoth|protosynthesisspe
|turn|1
|c|☆fiftyferalhogs|i know a guy who looks like charizard irl tbh
|c|☆CHAR is the GOAT|who
|
|t:|1769399964
|-end|p1a: Brilliant Behemoth|Protosynthesis|[silent]
|switch|p1a: gnikwols|Slowking-Galar, F|100/100
|switch|p2a: Corviknight|Corviknight, F|100/100
|-ability|p2a: Corviknight|Pressure
|
|-weather|SunnyDay|[upkeep]
|upkeep
|turn|2
|
|t:|1769399972
|move|p2a: Corviknight|U-turn|p1a: gnikwols
|-damage|p1a: gnikwols|86/100
|c|☆fiftyferalhogs|his names charles zachardy
|
|t:|1769399988
|switch|p2a: Cinderace|Cinderace, M|100/100|[from] U-turn
|-prepare|p1a: gnikwols|Chilly Reception|[premajor]
|move|p1a: gnikwols|Chilly Reception|p1a: gnikwols
|-weather|Snowscape
|
|t:|1769399995
|switch|p1a: KeepinMaBossStiffy|Mabosstiff, M, shiny|100/100|[from] Chilly Reception
|
|-weather|Snowscape|[upkeep]
|upkeep
|turn|3
|
|t:|1769400034
|move|p2a: Cinderace|U-turn|p1a: KeepinMaBossStiffy
|-start|p2a: Cinderace|typechange|Bug|[from] ability: Libero
|-supereffective|p1a: KeepinMaBossStiffy
|-damage|p1a: KeepinMaBossStiffy|16/100
|c|☆CHAR is the GOAT|ok
|
|t:|1769400043
|switch|p2a: Corviknight|Corviknight, F|100/100|[from] U-turn
|-ability|p2a: Corviknight|Pressure
|move|p1a: KeepinMaBossStiffy|Crunch|p2a: Corviknight
|-damage|p2a: Corviknight|17/100
|
|-weather|Snowscape|[upkeep]
|upkeep
|turn|4
|
|t:|1769400062
|move|p1a: KeepinMaBossStiffy|Crunch|p2a: Corviknight
|-damage|p2a: Corviknight|0 fnt
|faint|p2a: Corviknight
|
|-weather|Snowscape|[upkeep]
|upkeep
|
|t:|1769400066
|switch|p2a: Cinderace|Cinderace, M|100/100
|turn|5
|
|t:|1769400076
|switch|p1a: Reginald|Alomomola, F|100/100
|move|p2a: Cinderace|U-turn|p1a: Reginald
|-start|p2a: Cinderace|typechange|Bug|[from] ability: Libero
|-crit|p1a: Reginald
|-damage|p1a: Reginald|68/100
|
|t:|1769400080
|switch|p2a: Ninetales|Ninetales, M|100/100|[from] U-turn
|-weather|SunnyDay|[from] ability: Drought|[of] p2a: Ninetales
|
|-weather|SunnyDay|[upkeep]
|upkeep
|turn|6
|
|t:|1769400089
|switch|p2a: Walking Wake|Walking Wake|100/100
|-activate|p2a: Walking Wake|ability: Protosynthesis
|-start|p2a: Walking Wake|protosynthesisspe
|move|p1a: Reginald|Flip Turn|p2a: Walking Wake
|-resisted|p2a: Walking Wake
|-damage|p2a: Walking Wake|98/100
|
|t:|1769400092
|switch|p1a: gnikwols|Slowking-Galar, F|100/100|[from] Flip Turn
|
|-weather|SunnyDay|[upkeep]
|upkeep
|turn|7
|
|t:|1769400099
|move|p2a: Walking Wake|Draco Meteor|p1a: gnikwols|[miss]
|-miss|p2a: Walking Wake|p1a: gnikwols
|move|p1a: gnikwols|Thunder Wave|p2a: Walking Wake
|-status|p2a: Walking Wake|par
|
|-weather|SunnyDay|[upkeep]
|upkeep
|turn|8
|
|t:|1769400107
|move|p2a: Walking Wake|Hydro Steam|p1a: gnikwols
|-damage|p1a: gnikwols|64/100
|-prepare|p1a: gnikwols|Chilly Reception|[premajor]
|move|p1a: gnikwols|Chilly Reception|p1a: gnikwols
|-weather|Snowscape
|-end|p2a: Walking Wake|Protosynthesis
|
|t:|1769400117
|switch|p1a: 400MM AIRBUSS|Dragapult, M|100/100|[from] Chilly Reception
|
|-weather|Snowscape|[upkeep]
|upkeep
|turn|9
|
|t:|1769400122
|-end|p2a: Walking Wake|Protosynthesis|[silent]
|switch|p2a: Ninetales|Ninetales, M|100/100
|-weather|SunnyDay|[from] ability: Drought|[of] p2a: Ninetales
|move|p1a: 400MM AIRBUSS|Draco Meteor|p2a: Ninetales
|-damage|p2a: Ninetales|16/100
|-unboost|p1a: 400MM AIRBUSS|spa|2
|
|-weather|SunnyDay|[upkeep]
|upkeep
|turn|10
|
|t:|1769400131
|switch|p2a: Charizard|Charizard, M|100/100
|move|p1a: 400MM AIRBUSS|Draco Meteor|p2a: Charizard
|-damage|p2a: Charizard|48/100
|-unboost|p1a: 400MM AIRBUSS|spa|2
|
|-weather|SunnyDay|[upkeep]
|-damage|p2a: Charizard|35/100|[from] ability: Solar Power|[of] p2a: Charizard
|upkeep
|turn|11
|
|t:|1769400136
|move|p1a: 400MM AIRBUSS|Draco Meteor|p2a: Charizard
|-damage|p2a: Charizard|0 fnt
|-unboost|p1a: 400MM AIRBUSS|spa|2
|faint|p2a: Charizard
|
|-weather|SunnyDay|[upkeep]
|upkeep
|
|t:|1769400145
|switch|p2a: Walking Wake|Walking Wake|98/100 par
|-activate|p2a: Walking Wake|ability: Protosynthesis
|-start|p2a: Walking Wake|protosynthesisspe
|turn|12
|
|t:|1769400151
|switch|p1a: Reginald|Alomomola, F|100/100
|move|p2a: Walking Wake|Draco Meteor|p1a: Reginald
|-damage|p1a: Reginald|68/100
|-unboost|p2a: Walking Wake|spa|2
|-enditem|p2a: Walking Wake|Eject Pack
|
|t:|1769400155
|-end|p2a: Walking Wake|Protosynthesis|[silent]
|switch|p2a: Slither Wing|Slither Wing|100/100
|-activate|p2a: Slither Wing|ability: Protosynthesis
|-start|p2a: Slither Wing|protosynthesisatk
|
|-weather|SunnyDay|[upkeep]
|upkeep
|turn|13
|
|t:|1769400167
|move|p2a: Slither Wing|Close Combat|p1a: Reginald
|-damage|p1a: Reginald|0 fnt
|-unboost|p2a: Slither Wing|def|1
|-unboost|p2a: Slither Wing|spd|1
|faint|p1a: Reginald
|
|-weather|SunnyDay|[upkeep]
|upkeep
|
|t:|1769400174
|switch|p1a: KeepinMaBossStiffy|Mabosstiff, M, shiny|16/100
|turn|14
|
|t:|1769400190
|-end|p2a: Slither Wing|Protosynthesis|[silent]
|switch|p2a: Cinderace|Cinderace, M|100/100
|move|p1a: KeepinMaBossStiffy|Play Rough|p2a: Cinderace
|-resisted|p2a: Cinderace
|-damage|p2a: Cinderace|34/100
|
|-weather|SunnyDay|[upkeep]
|upkeep
|turn|15
|
|t:|1769400203
|switch|p1a: Brilliant Behemoth|Great Tusk|100/100
|-activate|p1a: Brilliant Behemoth|ability: Protosynthesis
|-start|p1a: Brilliant Behemoth|protosynthesisspe
|move|p2a: Cinderace|U-turn|p1a: Brilliant Behemoth
|-start|p2a: Cinderace|typechange|Bug|[from] ability: Libero
|-resisted|p1a: Brilliant Behemoth
|-damage|p1a: Brilliant Behemoth|90/100
|
|t:|1769400219
|switch|p2a: Walking Wake|Walking Wake|98/100 par|[from] U-turn
|-activate|p2a: Walking Wake|ability: Protosynthesis
|-start|p2a: Walking Wake|protosynthesisspe
|
|-weather|SunnyDay|[upkeep]
|upkeep
|turn|16
|inactive|Battle timer is ON: inactive players will automatically lose when time's up. (requested by fiftyferalhogs)
|
|t:|1769400233
|-end|p1a: Brilliant Behemoth|Protosynthesis|[silent]
|switch|p1a: gnikwols|Slowking-Galar, F|97/100
|move|p2a: Walking Wake|Hydro Steam|p1a: gnikwols
|-damage|p1a: gnikwols|63/100
|
|-weather|none
|-end|p2a: Walking Wake|Protosynthesis
|upkeep
|turn|17
|
|t:|1769400244
|move|p2a: Walking Wake|Substitute|p2a: Walking Wake
|-start|p2a: Walking Wake|Substitute
|-damage|p2a: Walking Wake|74/100 par
|move|p1a: gnikwols|Future Sight|p2a: Walking Wake
|-start|p1a: gnikwols|move: Future Sight
|
|upkeep
|turn|18
|
|t:|1769400254
|move|p2a: Walking Wake|Hydro Steam|p1a: gnikwols
|-damage|p1a: gnikwols|39/100
|move|p1a: gnikwols|Sludge Bomb|p2a: Walking Wake
|-end|p2a: Walking Wake|Substitute
|
|upkeep
|turn|19
|
|t:|1769400268
|move|p2a: Walking Wake|Draco Meteor|p1a: gnikwols
|-damage|p1a: gnikwols|3/100
|-unboost|p2a: Walking Wake|spa|2
|-prepare|p1a: gnikwols|Chilly Reception|[premajor]
|move|p1a: gnikwols|Chilly Reception|p1a: gnikwols
|-weather|Snowscape
|
|t:|1769400275
|switch|p1a: Killer Queen|Iron Valiant, shiny|100/100|[from] Chilly Reception
|-enditem|p1a: Killer Queen|Booster Energy
|-activate|p1a: Killer Queen|ability: Quark Drive|[fromitem]
|-start|p1a: Killer Queen|quarkdrivespe
|
|-weather|Snowscape|[upkeep]
|-end|p2a: Walking Wake|move: Future Sight
|-damage|p2a: Walking Wake|26/100 par
|upkeep
|turn|20
|
|t:|1769400281
|-end|p2a: Walking Wake|Protosynthesis|[silent]
|switch|p2a: Ninetales|Ninetales, M|16/100
|-weather|SunnyDay|[from] ability: Drought|[of] p2a: Ninetales
|move|p1a: Killer Queen|Moonblast|p2a: Ninetales
|-resisted|p2a: Ninetales
|-damage|p2a: Ninetales|0 fnt
|faint|p2a: Ninetales
|
|-weather|SunnyDay|[upkeep]
|upkeep
|
|t:|1769400310
|switch|p2a: Slither Wing|Slither Wing|100/100
|-activate|p2a: Slither Wing|ability: Protosynthesis
|-start|p2a: Slither Wing|protosynthesisatk
|turn|21
|
|t:|1769400328
|-end|p1a: Killer Queen|Quark Drive|[silent]
|switch|p1a: KeepinMaBossStiffy|Mabosstiff, M, shiny|16/100
|-terastallize|p2a: Slither Wing|Bug
|move|p2a: Slither Wing|Flare Blitz|p1a: KeepinMaBossStiffy
|-damage|p1a: KeepinMaBossStiffy|0 fnt
|faint|p1a: KeepinMaBossStiffy
|-damage|p2a: Slither Wing|95/100|[from] Recoil
|
|-weather|SunnyDay|[upkeep]
|upkeep
|
|t:|1769400337
|switch|p1a: 400MM AIRBUSS|Dragapult, M|100/100
|turn|22
|
|t:|1769400342
|-end|p2a: Slither Wing|Protosynthesis|[silent]
|switch|p2a: Walking Wake|Walking Wake|26/100 par
|-activate|p2a: Walking Wake|ability: Protosynthesis
|-start|p2a: Walking Wake|protosynthesisspe
|move|p1a: 400MM AIRBUSS|Flamethrower|p2a: Walking Wake
|-resisted|p2a: Walking Wake
|-damage|p2a: Walking Wake|8/100 par
|
|-weather|SunnyDay|[upkeep]
|upkeep
|turn|23
|
|t:|1769400350
|-end|p2a: Walking Wake|Protosynthesis|[silent]
|switch|p2a: Cinderace|Cinderace, M|34/100
|move|p1a: 400MM AIRBUSS|Flamethrower|p2a: Cinderace
|-resisted|p2a: Cinderace
|-damage|p2a: Cinderace|0 fnt
|faint|p2a: Cinderace
|
|-weather|SunnyDay|[upkeep]
|upkeep
|inactive|CHAR is the GOAT has 120 seconds left.
|inactive|CHAR is the GOAT has 90 seconds left.
|c|☆fiftyferalhogs|i got all day
|
|t:|1769400427
|switch|p2a: Slither Wing|Slither Wing, tera:Bug|95/100
|-activate|p2a: Slither Wing|ability: Protosynthesis
|-start|p2a: Slither Wing|protosynthesisatk
|turn|24
|c|☆CHAR is the GOAT|gg
|-message|CHAR is the GOAT forfeited.
|
|win|fiftyferalhogs
|raw|fiftyferalhogs's rating: 1380 &rarr; <strong>1397</strong><br />(+17 for winning)
|raw|CHAR is the GOAT's rating: 1326 &rarr; <strong>1309</strong><br />(-17 for losing)
|l|☆CHAR is the GOAT
|player|p2|
|c|☆fiftyferalhogs|gg
