|j|☆chessontop
|j|☆R. Caroline
|t:|1769358564
|gametype|singles
|player|p1|chessontop|skierf-gen4dp|1546
|player|p2|R. Caroline|rocketgruntf|1488
|gen|9
|tier|[Gen 9] OU
|rated|
|rule|HP Percentage Mod: HP is shown in percentages
|rule|Endless Battle Clause: Forcing endless battles is banned
|rule|Species Clause: Limit one of each Pokémon
|rule|OHKO Clause: OHKO moves are banned
|rule|Evasion Items Clause: Evasion items are banned
|rule|Evasion Moves Clause: Evasion moves are banned
|rule|Evasion Abilities Clause: Evasion abilities are banned
|rule|Sleep Moves Clause: Sleep-inducing moves are banned
|clearpoke
|poke|p1|Alomomola, M|
|poke|p1|Slowking-Galar, M|
|poke|p1|Tornadus-Therian, M|
|poke|p1|Gholdengo|
|poke|p1|Ting-Lu|
|poke|p1|Cinderace, M|
|poke|p2|Hydreigon, F|
|poke|p2|Ursaluna, M|
|poke|p2|Scyther, M|
|poke|p2|Blastoise, M|
|poke|p2|Umbreon, F|
|poke|p2|Mew|
|teampreview
|inactive|Battle timer is ON: inactive players will automatically lose when time's up. (requested by chessontop)
|
|t:|1769358584
|teamsize|p1|6
|teamsize|p2|6
|start
|switch|p1a: Cinderace|Cinderace, M|100/100
|switch|p2a: Boston Brand|Mew, shiny|100/100
|turn|1
|
|t:|1769358593
|-terastallize|p2a: Boston Brand|Ground
|move|p2a: Boston Brand|Earth Power|p1a: Cinderace
|-supereffective|p1a: Cinderace
|-damage|p1a: Cinderace|0 fnt
|faint|p1a: Cinderace
|
|upkeep
|
|t:|1769358604
|switch|p1a: Tornadus|Tornadus-Therian, M|100/100
|turn|2
|
|t:|1769358610
|switch|p2a: Dinah Laurel Lance|Umbreon, F|100/100
|move|p1a: Tornadus|U-turn|p2a: Dinah Laurel Lance
|-supereffective|p2a: Dinah Laurel Lance
|-damage|p2a: Dinah Laurel Lance|82/100
|-damage|p1a: Tornadus|84/100|[from] item: Rocky Helmet|[of] p2a: Dinah Laurel Lance
|
|t:|1769358624
|switch|p1a: Gholdengo|Gholdengo|100/100|[from] U-turn
|
|upkeep
|turn|3
|
|t:|1769358636
|switch|p2a: Etrigan|Ursaluna, M, shiny|100/100
|move|p1a: Gholdengo|Trick|p2a: Etrigan
|-activate|p1a: Gholdengo|move: Trick|[of] p2a: Etrigan
|-item|p2a: Etrigan|Choice Specs|[from] move: Trick
|-item|p1a: Gholdengo|Assault Vest|[from] move: Trick
|
|upkeep
|turn|4
|
|t:|1769358646
|switch|p1a: Tornadus|Tornadus-Therian, M|100/100
|move|p2a: Etrigan|Double-Edge|p1a: Tornadus
|-damage|p1a: Tornadus|16/100
|-damage|p2a: Etrigan|78/100|[from] Recoil
|
|upkeep
|turn|5
|
|t:|1769358655
|switch|p2a: Dinah Laurel Lance|Umbreon, F|82/100
|move|p1a: Tornadus|U-turn|p2a: Dinah Laurel Lance
|-supereffective|p2a: Dinah Laurel Lance
|-damage|p2a: Dinah Laurel Lance|64/100
|-damage|p1a: Tornadus|0 fnt|[from] item: Rocky Helmet|[of] p2a: Dinah Laurel Lance
|faint|p1a: Tornadus
|
|upkeep
|-message|chessontop forfeited.
|
|win|R. Caroline
|raw|chessontop's rating: 1546 &rarr; <strong>1523</strong><br />(-23 for losing)
|raw|R. Caroline's rating: 1488 &rarr; <strong>1511</strong><br />(+23 for winning)
|l|☆chessontop
|player|p1|
|l|☆R. Caroline
|player|p2|
