|j|☆ric martel
|j|☆Furiousjulian
|t:|1769296660
|gametype|singles
|player|p1|ric martel|backpacker|1480
|player|p2|Furiousjulian|blackbelt|1464
|gen|9
|tier|[Gen 9] OU
|rated|
|rule|HP Percentage Mod: HP is shown in percentages
|rule|Endless Battle Clause: Forcing endless battles is banned
|rule|Species Clause: Limit one of each Pokémon
|rule|OHKO Clause: OHKO moves are banned
|rule|Evasion Items Clause: Evasion items are banned
|rule|Evasion Moves Clause: Evasion moves are banned
|rule|Evasion Abilities Clause: Evasion abilities are banned
|rule|Sleep Moves Clause: Sleep-inducing moves are banned
|clearpoke
|poke|p1|Dragonite, F|
|poke|p1|Hatterene, F|
|poke|p1|Zamazenta-*|
|poke|p1|Iron Treads|
|poke|p1|Dragapult, F|
|poke|p1|Samurott-Hisui, F|
|poke|p2|Rillaboom, M|
|poke|p2|Kleavor, M|
|poke|p2|Hawlucha, M|
|poke|p2|Clefable, M|
|poke|p2|Skeledirge, M|
|poke|p2|Goodra-Hisui, F|
|teampreview
|
|t:|1769296672
|teamsize|p1|6
|teamsize|p2|6
|start
|switch|p1a: Iron Treads|Iron Treads|100/100
|switch|p2a: Hidan|Kleavor, M|100/100
|turn|1
|
|t:|1769296691
|move|p2a: Hidan|Stone Axe|p1a: Iron Treads
|-resisted|p1a: Iron Treads
|-damage|p1a: Iron Treads|90/100
|-sidestart|p1: ric martel|move: Stealth Rock
|move|p1a: Iron Treads|Stealth Rock|p2a: Hidan
|-sidestart|p2: Furiousjulian|move: Stealth Rock
|
|upkeep
|turn|2
|
|t:|1769296701
|switch|p2a: Monkey King:Enma|Rillaboom, M|100/100
|-damage|p2a: Monkey King:Enma|88/100|[from] Stealth Rock
|-fieldstart|move: Grassy Terrain|[from] ability: Grassy Surge|[of] p2a: Monkey King:Enma
|move|p1a: Iron Treads|Earthquake|p2a: Monkey King:Enma
|-resisted|p2a: Monkey King:Enma
|-damage|p2a: Monkey King:Enma|80/100
|
|-heal|p1a: Iron Treads|97/100|[from] Grassy Terrain
|-heal|p2a: Monkey King:Enma|86/100|[from] Grassy Terrain
|upkeep
|turn|3
|
|t:|1769296720
|move|p1a: Iron Treads|Rapid Spin|p2a: Monkey King:Enma
|-damage|p2a: Monkey King:Enma|73/100
|-boost|p1a: Iron Treads|spe|1
|-sideend|p1: ric martel|Stealth Rock|[from] move: Rapid Spin|[of] p1a: Iron Treads
|move|p2a: Monkey King:Enma|Knock Off|p1a: Iron Treads
|-damage|p1a: Iron Treads|54/100
|-enditem|p1a: Iron Treads|Heavy-Duty Boots|[from] move: Knock Off|[of] p2a: Monkey King:Enma
|
|-heal|p1a: Iron Treads|61/100|[from] Grassy Terrain
|-heal|p2a: Monkey King:Enma|79/100|[from] Grassy Terrain
|upkeep
|turn|4
|
|t:|1769296731
|-end|p1a: Iron Treads|Quark Drive|[silent]
|switch|p1a: Dragonite|Dragonite, F|100/100
|switch|p2a: Sanshouo|Skeledirge, M|100/100
|
|upkeep
|turn|5
|
|t:|1769296739
|switch|p1a: Samurott|Samurott-Hisui, F|100/100
|move|p2a: Sanshouo|Will-O-Wisp|p1a: Samurott
|-status|p1a: Samurott|brn
|
|-damage|p1a: Samurott|94/100 brn|[from] brn
|upkeep
|turn|6
|
|t:|1769296751
|-terastallize|p2a: Sanshouo|Grass
|move|p1a: Samurott|Knock Off|p2a: Sanshouo
|-damage|p2a: Sanshouo|87/100
|-enditem|p2a: Sanshouo|Heavy-Duty Boots|[from] move: Knock Off|[of] p1a: Samurott
|move|p2a: Sanshouo|Torch Song|p1a: Samurott
|-resisted|p1a: Samurott
|-damage|p1a: Samurott|81/100 brn
|-boost|p2a: Sanshouo|spa|1
|
|-heal|p1a: Samurott|87/100 brn|[from] Grassy Terrain
|-heal|p2a: Sanshouo|93/100|[from] Grassy Terrain
|-damage|p1a: Samurott|81/100 brn|[from] brn
|-fieldend|move: Grassy Terrain
|upkeep
|turn|7
|
|t:|1769296764
|move|p1a: Samurott|Ceaseless Edge|p2a: Sanshouo
|-damage|p2a: Sanshouo|79/100
|-sidestart|p2: Furiousjulian|Spikes
|move|p2a: Sanshouo|Torch Song|p1a: Samurott
|-resisted|p1a: Samurott
|-damage|p1a: Samurott|60/100 brn
|-boost|p2a: Sanshouo|spa|1
|
|-damage|p1a: Samurott|54/100 brn|[from] brn
|upkeep
|turn|8
|
|t:|1769296776
|move|p1a: Samurott|Ceaseless Edge|p2a: Sanshouo
|-damage|p2a: Sanshouo|66/100
|-sidestart|p2: Furiousjulian|Spikes
|move|p2a: Sanshouo|Torch Song|p1a: Samurott
|-resisted|p1a: Samurott
|-damage|p1a: Samurott|29/100 brn
|-boost|p2a: Sanshouo|spa|1
|
|-damage|p1a: Samurott|23/100 brn|[from] brn
|upkeep
|turn|9
|
|t:|1769296785
|move|p1a: Samurott|Ceaseless Edge|p2a: Sanshouo
|-damage|p2a: Sanshouo|53/100
|-sidestart|p2: Furiousjulian|Spikes
|move|p2a: Sanshouo|Slack Off|p2a: Sanshouo
|-heal|p2a: Sanshouo|100/100
|
|-damage|p1a: Samurott|17/100 brn|[from] brn
|upkeep
|turn|10
|
|t:|1769296795
|move|p1a: Samurott|Ceaseless Edge|p2a: Sanshouo
|-damage|p2a: Sanshouo|86/100
|move|p2a: Sanshouo|Slack Off|p2a: Sanshouo
|-heal|p2a: Sanshouo|100/100
|
|-damage|p1a: Samurott|11/100 brn|[from] brn
|upkeep
|turn|11
|
|t:|1769296803
|switch|p1a: Hatterene|Hatterene, F|100/100
|move|p2a: Sanshouo|Torch Song|p1a: Hatterene
|-damage|p1a: Hatterene|25/100
|-boost|p2a: Sanshouo|spa|1
|
|upkeep
|turn|12
|
|t:|1769296814
|move|p2a: Sanshouo|Torch Song|p1a: Hatterene
|-damage|p1a: Hatterene|0 fnt
|-boost|p2a: Sanshouo|spa|1
|faint|p1a: Hatterene
|
|upkeep
|
|t:|1769296822
|switch|p1a: Dragapult|Dragapult, F|100/100
|turn|13
|
|t:|1769296829
|move|p1a: Dragapult|U-turn|p2a: Sanshouo
|-supereffective|p2a: Sanshouo
|-damage|p2a: Sanshouo|81/100
|
|t:|1769296832
|switch|p1a: Samurott|Samurott-Hisui, F|11/100 brn|[from] U-turn
|move|p2a: Sanshouo|Hex|p1a: Samurott
|-resisted|p1a: Samurott
|-damage|p1a: Samurott|0 fnt
|faint|p1a: Samurott
|
|upkeep
|
|t:|1769296850
|switch|p1a: Dragapult|Dragapult, F|100/100
|turn|14
|
|t:|1769296853
|move|p1a: Dragapult|Draco Meteor|p2a: Sanshouo
|-damage|p2a: Sanshouo|0 fnt
|-unboost|p1a: Dragapult|spa|2
|faint|p2a: Sanshouo
|
|upkeep
|
|t:|1769296882
|switch|p2a: Monkey King:Enma|Rillaboom, M|79/100
|-damage|p2a: Monkey King:Enma|67/100|[from] Stealth Rock
|-damage|p2a: Monkey King:Enma|42/100|[from] Spikes
|-fieldstart|move: Grassy Terrain|[from] ability: Grassy Surge|[of] p2a: Monkey King:Enma
|turn|15
|
|t:|1769296891
|move|p1a: Dragapult|Draco Meteor|p2a: Monkey King:Enma
|-damage|p2a: Monkey King:Enma|0 fnt
|-unboost|p1a: Dragapult|spa|2
|faint|p2a: Monkey King:Enma
|
|upkeep
|
|t:|1769296899
|switch|p2a: Deidara's c3|Hawlucha, M|100/100
|-damage|p2a: Deidara's c3|88/100|[from] Stealth Rock
|-enditem|p2a: Deidara's c3|Grassy Seed
|-boost|p2a: Deidara's c3|def|1|[from] item: Grassy Seed
|turn|16
|
|t:|1769296909
|switch|p1a: Dragonite|Dragonite, F|100/100
|move|p2a: Deidara's c3|Bulk Up|p2a: Deidara's c3
|-boost|p2a: Deidara's c3|atk|1
|-boost|p2a: Deidara's c3|def|1
|
|upkeep
|turn|17
|
|t:|1769296917
|move|p2a: Deidara's c3|Acrobatics|p1a: Dragonite
|-damage|p1a: Dragonite|59/100
|move|p1a: Dragonite|Dragon Dance|p1a: Dragonite
|-boost|p1a: Dragonite|atk|1
|-boost|p1a: Dragonite|spe|1
|
|-heal|p1a: Dragonite|65/100|[from] item: Leftovers
|upkeep
|turn|18
|
|t:|1769296927
|move|p2a: Deidara's c3|Acrobatics|p1a: Dragonite
|-damage|p1a: Dragonite|0 fnt
|faint|p1a: Dragonite
|
|upkeep
|-message|ric martel forfeited.
|
|win|Furiousjulian
|raw|ric martel's rating: 1480 &rarr; <strong>1459</strong><br />(-21 for losing)
|raw|Furiousjulian's rating: 1464 &rarr; <strong>1485</strong><br />(+21 for winning)
|l|☆ric martel
|player|p1|
