|j|☆vacineee
|j|☆holo-lyte
|t:|1769396050
|gametype|singles
|player|p1|vacineee|parasollady-gen4|1384
|player|p2|holo-lyte|clerk|1364
|gen|9
|tier|[Gen 9] OU
|rated|
|rule|HP Percentage Mod: HP is shown in percentages
|rule|Endless Battle Clause: Forcing endless battles is banned
|rule|Species Clause: Limit one of each Pokémon
|rule|OHKO Clause: OHKO moves are banned
|rule|Evasion Items Clause: Evasion items are banned
|rule|Evasion Moves Clause: Evasion moves are banned
|rule|Evasion Abilities Clause: Evasion abilities are banned
|rule|Sleep Moves Clause: Sleep-inducing moves are banned
|clearpoke
|poke|p1|Hoopa-Unbound|
|poke|p1|Rillaboom, M|
|poke|p1|Iron Hands|
|poke|p1|Clodsire, M|
|poke|p1|Toxapex, M|
|poke|p1|Heatran, M|
|poke|p2|Iron Jugulis|
|poke|p2|Iron Boulder|
|poke|p2|Zapdos-Galar|
|poke|p2|Articuno-Galar|
|poke|p2|Ceruledge, M|
|poke|p2|Glastrier|
|teampreview
|
|t:|1769396059
|teamsize|p1|6
|teamsize|p2|6
|start
|switch|p1a: Rillaboom|Rillaboom, M|100/100
|switch|p2a: ground hornbill|Zapdos-Galar|100/100
|-fieldstart|move: Grassy Terrain|[from] ability: Grassy Surge|[of] p1a: Rillaboom
|turn|1
|inactive|Battle timer is ON: inactive players will automatically lose when time's up. (requested by holo-lyte)
|
|t:|1769396063
|switch|p1a: Clodsire|Clodsire, M|100/100
|move|p2a: ground hornbill|Brave Bird|p1a: Clodsire
|-damage|p1a: Clodsire|53/100
|-damage|p2a: ground hornbill|79/100|[from] Recoil
|
|-heal|p1a: Clodsire|59/100|[from] Grassy Terrain
|-heal|p1a: Clodsire|65/100|[from] item: Leftovers
|upkeep
|turn|2
|
|t:|1769396070
|switch|p2a: ribbon|Articuno-Galar|100/100
|move|p1a: Clodsire|Toxic|p2a: ribbon
|-status|p2a: ribbon|tox
|
|-heal|p1a: Clodsire|71/100|[from] Grassy Terrain
|-heal|p1a: Clodsire|78/100|[from] item: Leftovers
|-damage|p2a: ribbon|94/100 tox|[from] psn
|upkeep
|turn|3
|
|t:|1769396075
|switch|p1a: Hoopa|Hoopa-Unbound|100/100
|-enditem|p1a: Hoopa|Grassy Seed
|-boost|p1a: Hoopa|def|1|[from] item: Grassy Seed
|move|p2a: ribbon|Agility|p2a: ribbon
|-boost|p2a: ribbon|spe|2
|
|-damage|p2a: ribbon|82/100 tox|[from] psn
|upkeep
|turn|4
|
|t:|1769396082
|-terastallize|p2a: ribbon|Dark
|move|p2a: ribbon|Calm Mind|p2a: ribbon
|-boost|p2a: ribbon|spa|1
|-boost|p2a: ribbon|spd|1
|move|p1a: Hoopa|Dark Pulse|p2a: ribbon
|-resisted|p2a: ribbon
|-damage|p2a: ribbon|65/100 tox
|-item|p1a: Hoopa|Life Orb|[from] ability: Magician|[of] p2a: ribbon
|
|-heal|p2a: ribbon|71/100 tox|[from] Grassy Terrain
|-damage|p2a: ribbon|53/100 tox|[from] psn
|upkeep
|turn|5
|
|t:|1769396090
|move|p2a: ribbon|Air Slash|p1a: Hoopa
|-damage|p1a: Hoopa|48/100
|move|p1a: Hoopa|Drain Punch|p2a: ribbon
|-supereffective|p2a: ribbon
|-damage|p2a: ribbon|0 fnt
|-heal|p1a: Hoopa|79/100|[from] drain|[of] p2a: ribbon
|faint|p2a: ribbon
|-damage|p1a: Hoopa|69/100|[from] item: Life Orb
|
|-heal|p1a: Hoopa|75/100|[from] Grassy Terrain
|upkeep
|
|t:|1769396105
|switch|p2a: tin oesophagus|Iron Jugulis|100/100
|turn|6
|
|t:|1769396110
|move|p2a: tin oesophagus|Hurricane|p1a: Hoopa
|-damage|p1a: Hoopa|25/100
|move|p1a: Hoopa|Thunderbolt|p2a: tin oesophagus
|-supereffective|p2a: tin oesophagus
|-damage|p2a: tin oesophagus|0 fnt
|faint|p2a: tin oesophagus
|-end|p2a: tin oesophagus|Quark Drive|[silent]
|-damage|p1a: Hoopa|15/100|[from] item: Life Orb
|
|-heal|p1a: Hoopa|21/100|[from] Grassy Terrain
|upkeep
|
|t:|1769396114
|switch|p2a: Scalivur|Ceruledge, M|100/100
|turn|7
|
|t:|1769396123
|switch|p1a: Clodsire|Clodsire, M|78/100
|move|p2a: Scalivur|Bitter Blade|p1a: Clodsire
|-damage|p1a: Clodsire|46/100
|
|-heal|p1a: Clodsire|52/100|[from] Grassy Terrain
|-heal|p1a: Clodsire|58/100|[from] item: Leftovers
|upkeep
|turn|8
|inactive|holo-lyte has 120 seconds left.
|
|t:|1769396154
|switch|p2a: ground hornbill|Zapdos-Galar|79/100
|move|p1a: Clodsire|Toxic|p2a: ground hornbill
|-status|p2a: ground hornbill|tox
|
|-heal|p1a: Clodsire|65/100|[from] Grassy Terrain
|-heal|p1a: Clodsire|71/100|[from] item: Leftovers
|-damage|p2a: ground hornbill|72/100 tox|[from] psn
|-fieldend|move: Grassy Terrain
|upkeep
|turn|9
|
|t:|1769396159
|move|p2a: ground hornbill|Knock Off|p1a: Clodsire
|-damage|p1a: Clodsire|46/100
|-enditem|p1a: Clodsire|Leftovers|[from] move: Knock Off|[of] p2a: ground hornbill
|move|p1a: Clodsire|Counter|p2a: ground hornbill
|-damage|p2a: ground hornbill|1/100 tox
|
|-damage|p2a: ground hornbill|0 fnt|[from] psn
|faint|p2a: ground hornbill
|upkeep
|
|t:|1769396166
|switch|p2a: on my alt|Iron Boulder|100/100
|-enditem|p2a: on my alt|Booster Energy
|-activate|p2a: on my alt|ability: Quark Drive|[fromitem]
|-start|p2a: on my alt|quarkdrivespe
|turn|10
|
|t:|1769396170
|move|p2a: on my alt|Earthquake|p1a: Clodsire
|-supereffective|p1a: Clodsire
|-damage|p1a: Clodsire|0 fnt
|faint|p1a: Clodsire
|
|upkeep
|
|t:|1769396174
|switch|p1a: Rillaboom|Rillaboom, M|100/100
|-fieldstart|move: Grassy Terrain|[from] ability: Grassy Surge|[of] p1a: Rillaboom
|turn|11
|
|t:|1769396179
|-end|p2a: on my alt|Quark Drive|[silent]
|switch|p2a: yurem away|Glastrier|100/100
|move|p1a: Rillaboom|Knock Off|p2a: yurem away
|-damage|p2a: yurem away|76/100
|-enditem|p2a: yurem away|Heavy-Duty Boots|[from] move: Knock Off|[of] p1a: Rillaboom
|
|-heal|p2a: yurem away|82/100|[from] Grassy Terrain
|upkeep
|turn|12
|
|t:|1769396186
|switch|p1a: Iron Hands|Iron Hands, shiny|100/100
|move|p2a: yurem away|Avalanche|p1a: Iron Hands
|-damage|p1a: Iron Hands|73/100
|
|-heal|p1a: Iron Hands|79/100|[from] Grassy Terrain
|-heal|p2a: yurem away|89/100|[from] Grassy Terrain
|upkeep
|turn|13
|
|t:|1769396194
|switch|p2a: on my alt|Iron Boulder|100/100
|move|p1a: Iron Hands|Swords Dance|p1a: Iron Hands
|-boost|p1a: Iron Hands|atk|2
|
|-heal|p1a: Iron Hands|85/100|[from] Grassy Terrain
|upkeep
|turn|14
|
|t:|1769396201
|move|p2a: on my alt|Earthquake|p1a: Iron Hands
|-supereffective|p1a: Iron Hands
|-damage|p1a: Iron Hands|61/100
|move|p1a: Iron Hands|Drain Punch|p2a: on my alt
|-damage|p2a: on my alt|0 fnt
|-heal|p1a: Iron Hands|99/100|[from] drain|[of] p2a: on my alt
|faint|p2a: on my alt
|-end|p2a: on my alt|Quark Drive|[silent]
|
|-heal|p1a: Iron Hands|100/100|[from] Grassy Terrain
|upkeep
|
|t:|1769396205
|switch|p2a: Scalivur|Ceruledge, M|100/100
|turn|15
|
|t:|1769396208
|move|p2a: Scalivur|Bitter Blade|p1a: Iron Hands
|-damage|p1a: Iron Hands|70/100
|move|p1a: Iron Hands|Wild Charge|p2a: Scalivur
|-enditem|p2a: Scalivur|Focus Sash
|-damage|p2a: Scalivur|1/100
|-ability|p2a: Scalivur|Weak Armor|boost
|-unboost|p2a: Scalivur|def|1
|-boost|p2a: Scalivur|spe|2
|-damage|p1a: Iron Hands|54/100|[from] Recoil
|
|-heal|p2a: Scalivur|7/100|[from] Grassy Terrain
|-heal|p1a: Iron Hands|60/100|[from] Grassy Terrain
|upkeep
|turn|16
|
|t:|1769396213
|move|p2a: Scalivur|Destiny Bond|p2a: Scalivur
|-singlemove|p2a: Scalivur|Destiny Bond
|move|p1a: Iron Hands|Wild Charge|p2a: Scalivur
|-damage|p2a: Scalivur|0 fnt
|faint|p2a: Scalivur
|-activate|p2a: Scalivur|move: Destiny Bond
|faint|p1a: Iron Hands
|-end|p1a: Iron Hands|Quark Drive|[silent]
|
|upkeep
|
|t:|1769396216
|switch|p2a: yurem away|Glastrier|89/100
|switch|p1a: Heatran|Heatran, M|100/100
|-item|p1a: Heatran|Air Balloon
|turn|17
|
|t:|1769396219
|move|p1a: Heatran|Magma Storm|p2a: yurem away
|-supereffective|p2a: yurem away
|-damage|p2a: yurem away|25/100
|-activate|p2a: yurem away|move: Magma Storm|[of] p1a: Heatran
|move|p2a: yurem away|Close Combat|p1a: Heatran
|-supereffective|p1a: Heatran
|-damage|p1a: Heatran|23/100
|-unboost|p2a: yurem away|def|1
|-unboost|p2a: yurem away|spd|1
|-enditem|p1a: Heatran|Air Balloon
|
|-heal|p1a: Heatran|30/100|[from] Grassy Terrain
|-heal|p2a: yurem away|31/100|[from] Grassy Terrain
|-damage|p2a: yurem away|19/100|[from] move: Magma Storm|[partiallytrapped]
|upkeep
|turn|18
|
|t:|1769396222
|move|p1a: Heatran|Earth Power|p2a: yurem away
|-damage|p2a: yurem away|0 fnt
|faint|p2a: yurem away
|
|win|vacineee
|raw|vacineee's rating: 1384 &rarr; <strong>1403</strong><br />(+19 for winning)
|raw|holo-lyte's rating: 1364 &rarr; <strong>1345</strong><br />(-19 for losing)
|l|☆holo-lyte
|player|p2|
|l|☆vacineee
|player|p1|
