|j|☆CambridgeFoulPlay
|j|☆OP Sand
|t:|1769332250
|gametype|singles
|player|p1|CambridgeFoulPlay|266|1683
|player|p2|OP Sand|giovanni-masters|1744
|gen|9
|tier|[Gen 9] OU
|rated|
|rule|HP Percentage Mod: HP is shown in percentages
|rule|Endless Battle Clause: Forcing endless battles is banned
|rule|Species Clause: Limit one of each Pokémon
|rule|OHKO Clause: OHKO moves are banned
|rule|Evasion Items Clause: Evasion items are banned
|rule|Evasion Moves Clause: Evasion moves are banned
|rule|Evasion Abilities Clause: Evasion abilities are banned
|rule|Sleep Moves Clause: Sleep-inducing moves are banned
|clearpoke
|poke|p1|Hydrapple, M|
|poke|p1|Tyranitar, F|
|poke|p1|Moltres|
|poke|p1|Zamazenta-*|
|poke|p1|Slowking-Galar, M|
|poke|p1|Excadrill, F|
|poke|p2|Excadrill, F|
|poke|p2|Tyranitar, F|
|poke|p2|Kyurem|
|poke|p2|Hawlucha, F|
|poke|p2|Pawmot, M|
|poke|p2|Greninja-*, F|
|teampreview
|inactive|Battle timer is ON: inactive players will automatically lose when time's up. (requested by OP Sand)
|c|☆CambridgeFoulPlay|hf
|inactive|CambridgeFoulPlay also wants the timer to be on.
|inactive|OP Sand has 120 seconds left.
|l|☆OP Sand
|inactive|OP Sand disconnected and has a minute to reconnect!
|player|p2|
|j|☆OP Sand
|inactive|OP Sand reconnected and has 115 seconds left.
|player|p2|OP Sand|giovanni-masters|
|inactive|OP Sand has 90 seconds left.
|j| Tb_cccc15
|j| gdhdrgsdrg
|j| thekevinator64
|inactive|OP Sand has 60 seconds left.
|
|t:|1769332347
|teamsize|p1|6
|teamsize|p2|6
|start
|switch|p1a: Zamazenta|Zamazenta|100/100
|switch|p2a: OP|Excadrill, F|100/100
|-ability|p1a: Zamazenta|Dauntless Shield|boost
|-boost|p1a: Zamazenta|def|1
|turn|1
|inactive|OP Sand has 120 seconds left.
|
|t:|1769332357
|switch|p2a: Itachi|Hawlucha, F, shiny|100/100
|-ability|p2a: Itachi|Mold Breaker
|move|p1a: Zamazenta|Body Press|p2a: Itachi
|-resisted|p2a: Itachi
|-damage|p2a: Itachi|58/100
|-enditem|p2a: Itachi|Red Card|[of] p1a: Zamazenta
|drag|p1a: Tyranitar|Tyranitar, F|100/100
|-weather|Sandstorm|[from] ability: Sand Stream|[of] p1a: Tyranitar
|
|-weather|Sandstorm|[upkeep]
|-damage|p2a: Itachi|52/100|[from] Sandstorm
|upkeep
|turn|2
|
|t:|1769332363
|switch|p1a: Zamazenta|Zamazenta|100/100
|move|p2a: Itachi|Swords Dance|p2a: Itachi
|-boost|p2a: Itachi|atk|2
|
|-weather|Sandstorm|[upkeep]
|-damage|p1a: Zamazenta|94/100|[from] Sandstorm
|-damage|p2a: Itachi|46/100|[from] Sandstorm
|-heal|p1a: Zamazenta|100/100|[from] item: Leftovers
|upkeep
|turn|3
|
|t:|1769332365
|move|p1a: Zamazenta|Iron Defense|p1a: Zamazenta
|-boost|p1a: Zamazenta|def|2
|move|p2a: Itachi|Brave Bird|p1a: Zamazenta
|-supereffective|p1a: Zamazenta
|-damage|p1a: Zamazenta|24/100
|-damage|p2a: Itachi|18/100|[from] Recoil
|
|-weather|Sandstorm|[upkeep]
|-damage|p1a: Zamazenta|18/100|[from] Sandstorm
|-damage|p2a: Itachi|12/100|[from] Sandstorm
|-heal|p1a: Zamazenta|24/100|[from] item: Leftovers
|upkeep
|turn|4
|
|t:|1769332373
|move|p1a: Zamazenta|Body Press|p2a: Itachi
|-resisted|p2a: Itachi
|-damage|p2a: Itachi|0 fnt
|faint|p2a: Itachi
|
|-weather|Sandstorm|[upkeep]
|-damage|p1a: Zamazenta|18/100|[from] Sandstorm
|-heal|p1a: Zamazenta|24/100|[from] item: Leftovers
|upkeep
|
|t:|1769332375
|switch|p2a: OP|Excadrill, F|100/100
|turn|5
|
|t:|1769332380
|move|p2a: OP|Earthquake|p1a: Zamazenta
|-damage|p1a: Zamazenta|0 fnt
|faint|p1a: Zamazenta
|
|-weather|Sandstorm|[upkeep]
|upkeep
|
|t:|1769332383
|switch|p1a: Excadrill|Excadrill, F|100/100
|-item|p1a: Excadrill|Air Balloon
|turn|6
|inactive|OP Sand has 120 seconds left.
|j| nitroLazer120
|
|t:|1769332431
|switch|p2a: Shukaku|Tyranitar, F, shiny|100/100
|move|p1a: Excadrill|Earthquake|p2a: Shukaku
|-supereffective|p2a: Shukaku
|-damage|p2a: Shukaku|33/100
|
|-weather|Sandstorm|[upkeep]
|upkeep
|turn|7
|
|t:|1769332453
|move|p1a: Excadrill|Earthquake|p2a: Shukaku
|-supereffective|p2a: Shukaku
|-damage|p2a: Shukaku|0 fnt
|faint|p2a: Shukaku
|
|-weather|Sandstorm|[upkeep]
|upkeep
|
|t:|1769332459
|switch|p2a: Greninja|Greninja, F|100/100
|turn|8
|
|t:|1769332461
|-terastallize|p2a: Greninja|Water
|move|p2a: Greninja|Water Shuriken|p1a: Excadrill
|-supereffective|p1a: Excadrill
|-damage|p1a: Excadrill|63/100
|-enditem|p1a: Excadrill|Air Balloon
|-supereffective|p1a: Excadrill
|-damage|p1a: Excadrill|27/100
|-supereffective|p1a: Excadrill
|-damage|p1a: Excadrill|0 fnt
|faint|p1a: Excadrill
|-hitcount|p1: Excadrill|3
|
|-weather|none
|upkeep
|
|t:|1769332465
|switch|p1a: Tyranitar|Tyranitar, F|100/100
|-weather|Sandstorm|[from] ability: Sand Stream|[of] p1a: Tyranitar
|turn|9
|
|t:|1769332479
|switch|p2a: Frieza|Kyurem, shiny|100/100
|-ability|p2a: Frieza|Pressure
|move|p1a: Tyranitar|Knock Off|p2a: Frieza
|-damage|p2a: Frieza|59/100
|-enditem|p2a: Frieza|Expert Belt|[from] move: Knock Off|[of] p1a: Tyranitar
|
|-weather|Sandstorm|[upkeep]
|-damage|p2a: Frieza|52/100|[from] Sandstorm
|upkeep
|turn|10
|
|t:|1769332489
|move|p2a: Frieza|Earth Power|p1a: Tyranitar
|-supereffective|p1a: Tyranitar
|-damage|p1a: Tyranitar|70/100
|move|p1a: Tyranitar|Knock Off|p2a: Frieza
|-damage|p2a: Frieza|23/100
|
|-weather|Sandstorm|[upkeep]
|-damage|p2a: Frieza|17/100|[from] Sandstorm
|upkeep
|turn|11
|
|t:|1769332495
|move|p2a: Frieza|Endeavor|p1a: Tyranitar
|-damage|p1a: Tyranitar|17/100
|move|p1a: Tyranitar|Knock Off|p2a: Frieza
|-damage|p2a: Frieza|0 fnt
|faint|p2a: Frieza
|
|-weather|Sandstorm|[upkeep]
|upkeep
|inactive|OP Sand has 90 seconds left.
|
|t:|1769332526
|switch|p2a: Porunga|Pawmot, M|100/100
|turn|12
|
|t:|1769332529
|move|p2a: Porunga|Revival Blessing|p2a: Porunga
|-enditem|p2a: Porunga|Leppa Berry|[eat]
|-activate|p2a: Porunga|item: Leppa Berry|Revival Blessing|[consumed]
|
|t:|1769332532
|-heal|p2: Frieza|50/100|[from] move: Revival Blessing
|move|p1a: Tyranitar|Knock Off|p2a: Porunga
|-resisted|p2a: Porunga
|-damage|p2a: Porunga|80/100
|
|-weather|Sandstorm|[upkeep]
|-damage|p2a: Porunga|74/100|[from] Sandstorm
|upkeep
|turn|13
|
|t:|1769332535
|move|p2a: Porunga|Revival Blessing|p2a: Porunga
|
|t:|1769332541
|-heal|p2: Itachi|50/100|[from] move: Revival Blessing
|move|p1a: Tyranitar|Stealth Rock|p2a: Porunga
|-sidestart|p2: OP Sand|move: Stealth Rock
|
|-weather|Sandstorm|[upkeep]
|-damage|p2a: Porunga|68/100|[from] Sandstorm
|upkeep
|turn|14
|
|t:|1769332544
|switch|p1a: Slowking|Slowking-Galar, M|100/100
|move|p2a: Porunga|Metronome|p2a: Porunga
|move|p2a: Porunga|Moonblast|p1a: Slowking|[from] move: Metronome
|-resisted|p1a: Slowking
|-crit|p1a: Slowking
|-damage|p1a: Slowking|95/100
|
|-weather|Sandstorm|[upkeep]
|-damage|p2a: Porunga|62/100|[from] Sandstorm
|-damage|p1a: Slowking|89/100|[from] Sandstorm
|upkeep
|turn|15
|inactive|OP Sand has 120 seconds left.
|
|t:|1769332569
|switch|p2a: OP|Excadrill, F|100/100
|-damage|p2a: OP|97/100|[from] Stealth Rock
|move|p1a: Slowking|Flamethrower|p2a: OP
|-supereffective|p2a: OP
|-damage|p2a: OP|36/100
|
|-weather|Sandstorm|[upkeep]
|-damage|p1a: Slowking|83/100|[from] Sandstorm
|upkeep
|turn|16
|
|t:|1769332580
|switch|p2a: Itachi|Hawlucha, F, shiny|50/100
|-damage|p2a: Itachi|38/100|[from] Stealth Rock
|-ability|p2a: Itachi|Mold Breaker
|switch|p1a: Hydrapple|Hydrapple, M|100/100
|
|-weather|none
|upkeep
|turn|17
|
|t:|1769332584
|switch|p1a: Moltres|Moltres|100/100
|move|p2a: Itachi|Defog|p1a: Moltres
|-unboost|p1a: Moltres|evasion|1
|-sideend|p2: OP Sand|Stealth Rock|[from] move: Defog|[of] p2a: Itachi
|
|upkeep
|turn|18
|
|t:|1769332590
|move|p2a: Itachi|Brave Bird|p1a: Moltres
|-damage|p1a: Moltres|65/100
|-damage|p2a: Itachi|23/100|[from] Recoil
|move|p1a: Moltres|Flamethrower|p2a: Itachi
|-damage|p2a: Itachi|0 fnt
|faint|p2a: Itachi
|
|upkeep
|
|t:|1769332598
|switch|p2a: Frieza|Kyurem, shiny|50/100
|-ability|p2a: Frieza|Pressure
|turn|19
|
|t:|1769332600
|move|p2a: Frieza|Freeze-Dry|p1a: Moltres
|-damage|p1a: Moltres|27/100
|-status|p1a: Moltres|frz
|cant|p1a: Moltres|frz
|
|upkeep
|turn|20
|
|t:|1769332603
|switch|p1a: Slowking|Slowking-Galar, M|100/100
|move|p2a: Frieza|Freeze-Dry|p1a: Slowking
|-damage|p1a: Slowking|81/100
|
|upkeep
|turn|21
|l| gdhdrgsdrg
|
|t:|1769332616
|move|p2a: Frieza|Earth Power|p1a: Slowking
|-supereffective|p1a: Slowking
|-damage|p1a: Slowking|46/100
|move|p1a: Slowking|Sludge Bomb|p2a: Frieza
|-damage|p2a: Frieza|18/100
|
|upkeep
|turn|22
|
|t:|1769332627
|switch|p2a: Greninja|Greninja, F, tera:Water|100/100
|move|p1a: Slowking|Sludge Bomb|p2a: Greninja
|-damage|p2a: Greninja|43/100
|
|upkeep
|turn|23
|
|t:|1769332632
|switch|p1a: Moltres|Moltres|27/100 frz
|move|p2a: Greninja|Surf|p1a: Moltres
|-supereffective|p1a: Moltres
|-damage|p1a: Moltres|0 fnt
|faint|p1a: Moltres
|
|upkeep
|
|t:|1769332634
|switch|p1a: Slowking|Slowking-Galar, M|79/100
|turn|24
|
|t:|1769332645
|switch|p2a: Frieza|Kyurem, shiny|18/100
|-ability|p2a: Frieza|Pressure
|switch|p1a: Hydrapple|Hydrapple, M|100/100
|
|upkeep
|turn|25
|
|t:|1769332653
|switch|p1a: Tyranitar|Tyranitar, F|17/100
|-weather|Sandstorm|[from] ability: Sand Stream|[of] p1a: Tyranitar
|move|p2a: Frieza|Endeavor|p1a: Tyranitar
|-immune|p1a: Tyranitar
|
|-weather|Sandstorm|[upkeep]
|-damage|p2a: Frieza|11/100|[from] Sandstorm
|upkeep
|turn|26
|
|t:|1769332656
|switch|p1a: Slowking|Slowking-Galar, M|100/100
|move|p2a: Frieza|Earth Power|p1a: Slowking
|-supereffective|p1a: Slowking
|-damage|p1a: Slowking|65/100
|
|-weather|Sandstorm|[upkeep]
|-damage|p2a: Frieza|5/100|[from] Sandstorm
|-damage|p1a: Slowking|59/100|[from] Sandstorm
|upkeep
|turn|27
|
|t:|1769332663
|switch|p1a: Tyranitar|Tyranitar, F|17/100
|move|p2a: Frieza|Earth Power|p1a: Tyranitar
|-supereffective|p1a: Tyranitar
|-damage|p1a: Tyranitar|0 fnt
|faint|p1a: Tyranitar
|
|-weather|Sandstorm|[upkeep]
|-damage|p2a: Frieza|0 fnt|[from] Sandstorm
|faint|p2a: Frieza
|upkeep
|
|t:|1769332686
|switch|p2a: OP|Excadrill, F|36/100
|switch|p1a: Slowking|Slowking-Galar, M|93/100
|turn|28
|
|t:|1769332693
|-terastallize|p1a: Slowking|Grass
|move|p2a: OP|Iron Head|p1a: Slowking
|-damage|p1a: Slowking|43/100
|move|p1a: Slowking|Flamethrower|p2a: OP
|-supereffective|p2a: OP
|-damage|p2a: OP|0 fnt
|faint|p2a: OP
|
|-weather|Sandstorm|[upkeep]
|-damage|p1a: Slowking|37/100|[from] Sandstorm
|upkeep
|
|t:|1769332705
|switch|p2a: Greninja|Greninja, F, tera:Water|43/100
|turn|29
|
|t:|1769332707
|switch|p1a: Hydrapple|Hydrapple, M|100/100
|move|p2a: Greninja|Sludge Wave|p1a: Hydrapple
|-supereffective|p1a: Hydrapple
|-damage|p1a: Hydrapple|21/100
|
|-weather|Sandstorm|[upkeep]
|-damage|p2a: Greninja|37/100|[from] Sandstorm
|-damage|p1a: Hydrapple|15/100|[from] Sandstorm
|upkeep
|turn|30
|
|t:|1769332709
|move|p2a: Greninja|Sludge Wave|p1a: Hydrapple
|-supereffective|p1a: Hydrapple
|-damage|p1a: Hydrapple|0 fnt
|faint|p1a: Hydrapple
|
|-weather|Sandstorm|[upkeep]
|-damage|p2a: Greninja|31/100|[from] Sandstorm
|upkeep
|
|t:|1769332711
|switch|p1a: Slowking|Slowking-Galar, M, tera:Grass|70/100
|turn|31
|
|t:|1769332713
|move|p2a: Greninja|Sludge Wave|p1a: Slowking
|-supereffective|p1a: Slowking
|-damage|p1a: Slowking|22/100
|move|p1a: Slowking|Psyshock|p2a: Greninja
|-damage|p2a: Greninja|0 fnt
|faint|p2a: Greninja
|
|-weather|Sandstorm|[upkeep]
|-damage|p1a: Slowking|16/100|[from] Sandstorm
|upkeep
|
|t:|1769332718
|switch|p2a: Porunga|Pawmot, M|62/100
|turn|32
|inactive|OP Sand has 120 seconds left.
|inactive|OP Sand has 90 seconds left.
|
|t:|1769332783
|move|p2a: Porunga|Metronome|p2a: Porunga
|move|p2a: Porunga|Flamethrower|p1a: Slowking|[from] move: Metronome
|-supereffective|p1a: Slowking
|-damage|p1a: Slowking|1/100
|move|p1a: Slowking|Psyshock|p2a: Porunga
|-supereffective|p2a: Porunga
|-damage|p2a: Porunga|0 fnt
|faint|p2a: Porunga
|
|win|CambridgeFoulPlay
|raw|CambridgeFoulPlay's rating: 1683 &rarr; <strong>1706</strong><br />(+23 for winning)
|raw|OP Sand's rating: 1744 &rarr; <strong>1721</strong><br />(-23 for losing)
|c|☆CambridgeFoulPlay|gg
|l|☆CambridgeFoulPlay
|player|p1|
|c|☆OP Sand|HOW
|c|☆OP Sand|HOW
|l| thekevinator64
|l| nitroLazer120
