|j|☆Noraa J Simpson
|j|☆7t 7tce
|t:|1769324334
|gametype|singles
|player|p1|Noraa J Simpson|silver|1163
|player|p2|7t 7tce|firebreather|1156
|gen|9
|tier|[Gen 9] OU
|rated|
|rule|HP Percentage Mod: HP is shown in percentages
|rule|Endless Battle Clause: Forcing endless battles is banned
|rule|Species Clause: Limit one of each Pokémon
|rule|OHKO Clause: OHKO moves are banned
|rule|Evasion Items Clause: Evasion items are banned
|rule|Evasion Moves Clause: Evasion moves are banned
|rule|Evasion Abilities Clause: Evasion abilities are banned
|rule|Sleep Moves Clause: Sleep-inducing moves are banned
|clearpoke
|poke|p1|Iron Valiant|
|poke|p1|Scizor, F|
|poke|p1|Quagsire, F|
|poke|p1|Porygon2|
|poke|p1|Kingdra, M|
|poke|p1|Pelipper, F|
|poke|p2|Ambipom, F|
|poke|p2|Skeledirge, F|
|poke|p2|Gliscor, M|
|poke|p2|Alomomola, M|
|poke|p2|Ceruledge, M|
|poke|p2|Great Tusk|
|teampreview
|inactive|Battle timer is ON: inactive players will automatically lose when time's up. (requested by 7t 7tce)
|
|t:|1769324341
|teamsize|p1|6
|teamsize|p2|6
|start
|switch|p1a: Prince|Pelipper, F, shiny|100/100
|switch|p2a: Alomomola|Alomomola, M|100/100
|-weather|RainDance|[from] ability: Drizzle|[of] p1a: Prince
|turn|1
|
|t:|1769324347
|move|p1a: Prince|U-turn|p2a: Alomomola
|-damage|p2a: Alomomola|96/100
|
|t:|1769324351
|switch|p1a: Chapopote|Quagsire, F|100/100|[from] U-turn
|move|p2a: Alomomola|Scald|p1a: Chapopote
|-crit|p1a: Chapopote
|-damage|p1a: Chapopote|64/100
|
|-weather|RainDance|[upkeep]
|-heal|p2a: Alomomola|100/100|[from] item: Leftovers
|-heal|p1a: Chapopote|70/100|[from] item: Leftovers
|upkeep
|turn|2
|
|t:|1769324359
|move|p2a: Alomomola|Flip Turn|p1a: Chapopote
|-damage|p1a: Chapopote|53/100
|
|t:|1769324370
|switch|p2a: Great Tusk|Great Tusk|100/100|[from] Flip Turn
|move|p1a: Chapopote|Stealth Rock|p2a: Great Tusk
|-sidestart|p2: 7t 7tce|move: Stealth Rock
|
|-weather|RainDance|[upkeep]
|-heal|p1a: Chapopote|59/100|[from] item: Leftovers
|upkeep
|turn|3
|
|t:|1769324378
|move|p2a: Great Tusk|Ice Spinner|p1a: Chapopote
|-damage|p1a: Chapopote|38/100
|move|p1a: Chapopote|Recover|p1a: Chapopote
|-heal|p1a: Chapopote|88/100
|
|-weather|RainDance|[upkeep]
|-heal|p1a: Chapopote|94/100|[from] item: Leftovers
|upkeep
|turn|4
|
|t:|1769324393
|switch|p1a: Prince|Pelipper, F, shiny|100/100
|move|p2a: Great Tusk|Rapid Spin|p1a: Prince
|-damage|p1a: Prince|86/100
|-boost|p2a: Great Tusk|spe|1
|-sideend|p2: 7t 7tce|Stealth Rock|[from] move: Rapid Spin|[of] p2a: Great Tusk
|
|-weather|RainDance|[upkeep]
|upkeep
|turn|5
|
|t:|1769324401
|-end|p2a: Great Tusk|Protosynthesis|[silent]
|switch|p2a: Alomomola|Alomomola, M|100/100
|move|p1a: Prince|U-turn|p2a: Alomomola
|-damage|p2a: Alomomola|96/100
|
|t:|1769324406
|switch|p1a: Duckstation|Porygon2, shiny|100/100|[from] U-turn
|
|-weather|RainDance|[upkeep]
|-heal|p2a: Alomomola|100/100|[from] item: Leftovers
|upkeep
|turn|6
|
|t:|1769324412
|move|p2a: Alomomola|Flip Turn|p1a: Duckstation
|-damage|p1a: Duckstation|83/100
|
|t:|1769324419
|switch|p2a: Skeledirge|Skeledirge, F|100/100|[from] Flip Turn
|move|p1a: Duckstation|Thunder|p2a: Skeledirge
|-damage|p2a: Skeledirge|49/100
|-status|p2a: Skeledirge|par
|
|-weather|RainDance|[upkeep]
|-heal|p2a: Skeledirge|55/100 par|[from] item: Leftovers
|upkeep
|turn|7
|
|t:|1769324426
|move|p1a: Duckstation|Thunder|p2a: Skeledirge
|-damage|p2a: Skeledirge|19/100 par
|cant|p2a: Skeledirge|par
|
|-weather|RainDance|[upkeep]
|-heal|p2a: Skeledirge|25/100 par|[from] item: Leftovers
|upkeep
|turn|8
|
|t:|1769324433
|move|p1a: Duckstation|Thunder|p2a: Skeledirge
|-damage|p2a: Skeledirge|0 fnt
|faint|p2a: Skeledirge
|
|-weather|none
|upkeep
|
|t:|1769324439
|switch|p2a: Gliscor|Gliscor, M|100/100
|turn|9
|
|t:|1769324442
|move|p2a: Gliscor|Toxic|p1a: Duckstation
|-status|p1a: Duckstation|tox
|move|p1a: Duckstation|Ice Beam|p2a: Gliscor
|-supereffective|p2a: Gliscor
|-damage|p2a: Gliscor|0 fnt
|faint|p2a: Gliscor
|
|-damage|p1a: Duckstation|76/100 tox|[from] psn
|upkeep
|
|t:|1769324453
|switch|p2a: Ambipom|Ambipom, F|100/100
|turn|10
|
|t:|1769324458
|move|p2a: Ambipom|Fake Out|p1a: Duckstation
|-damage|p1a: Duckstation|56/100 tox
|-damage|p2a: Ambipom|91/100|[from] item: Life Orb
|cant|p1a: Duckstation|flinch
|
|-damage|p1a: Duckstation|43/100 tox|[from] psn
|upkeep
|turn|11
|
|t:|1769324464
|move|p2a: Ambipom|Low Kick|p1a: Duckstation
|-supereffective|p1a: Duckstation
|-damage|p1a: Duckstation|0 fnt
|faint|p1a: Duckstation
|-damage|p2a: Ambipom|81/100|[from] item: Life Orb
|
|upkeep
|
|t:|1769324478
|switch|p1a: Prince|Pelipper, F, shiny|86/100
|-weather|RainDance|[from] ability: Drizzle|[of] p1a: Prince
|turn|12
|
|t:|1769324483
|switch|p2a: Alomomola|Alomomola, M|100/100
|move|p1a: Prince|U-turn|p2a: Alomomola
|-damage|p2a: Alomomola|95/100
|
|t:|1769324492
|switch|p1a: Tenazas|Scizor, F|100/100|[from] U-turn
|
|-weather|RainDance|[upkeep]
|-heal|p2a: Alomomola|100/100|[from] item: Leftovers
|upkeep
|turn|13
|
|t:|1769324511
|move|p1a: Tenazas|Knock Off|p2a: Alomomola
|-damage|p2a: Alomomola|80/100
|-enditem|p2a: Alomomola|Leftovers|[from] move: Knock Off|[of] p1a: Tenazas
|move|p2a: Alomomola|Scald|p1a: Tenazas
|-damage|p1a: Tenazas|83/100
|
|-weather|RainDance|[upkeep]
|upkeep
|turn|14
|
|t:|1769324520
|move|p1a: Tenazas|U-turn|p2a: Alomomola
|-damage|p2a: Alomomola|59/100
|
|t:|1769324523
|switch|p1a: Purple rain|Kingdra, M, shiny|100/100|[from] U-turn
|move|p2a: Alomomola|Scald|p1a: Purple rain
|-resisted|p1a: Purple rain
|-damage|p1a: Purple rain|95/100
|
|-weather|RainDance|[upkeep]
|upkeep
|turn|15
|
|t:|1769324530
|move|p1a: Purple rain|Draco Meteor|p2a: Alomomola
|-damage|p2a: Alomomola|0 fnt
|-unboost|p1a: Purple rain|spa|2
|faint|p2a: Alomomola
|-damage|p1a: Purple rain|85/100|[from] item: Life Orb
|
|-weather|RainDance|[upkeep]
|upkeep
|
|t:|1769324534
|switch|p2a: Ceruledge|Ceruledge, M|100/100
|turn|16
|
|t:|1769324539
|move|p1a: Purple rain|Scald|p2a: Ceruledge
|-supereffective|p2a: Ceruledge
|-damage|p2a: Ceruledge|9/100
|-damage|p1a: Purple rain|75/100|[from] item: Life Orb
|move|p2a: Ceruledge|Swords Dance|p2a: Ceruledge
|-boost|p2a: Ceruledge|atk|2
|
|-weather|RainDance|[upkeep]
|upkeep
|turn|17
|
|t:|1769324548
|move|p2a: Ceruledge|Shadow Sneak|p1a: Purple rain
|-damage|p1a: Purple rain|24/100
|move|p1a: Purple rain|Hurricane|p2a: Ceruledge
|-damage|p2a: Ceruledge|0 fnt
|faint|p2a: Ceruledge
|-damage|p1a: Purple rain|14/100|[from] item: Life Orb
|
|-weather|RainDance|[upkeep]
|upkeep
|-message|7t 7tce forfeited.
|
|win|Noraa J Simpson
|raw|Noraa J Simpson's rating: 1163 &rarr; <strong>1187</strong><br />(+24 for winning)
|raw|7t 7tce's rating: 1156 &rarr; <strong>1132</strong><br />(-24 for losing)
|l|☆7t 7tce
|player|p2|
|l|☆Noraa J Simpson
|player|p1|
