|j|☆Bug on my buzz
|j|☆be んout of
|t:|1769305849
|gametype|singles
|player|p1|Bug on my buzz|kieran|1205
|player|p2|be んout of|flint|1231
|gen|9
|tier|[Gen 9] OU
|rated|
|rule|HP Percentage Mod: HP is shown in percentages
|rule|Endless Battle Clause: Forcing endless battles is banned
|rule|Species Clause: Limit one of each Pokémon
|rule|OHKO Clause: OHKO moves are banned
|rule|Evasion Items Clause: Evasion items are banned
|rule|Evasion Moves Clause: Evasion moves are banned
|rule|Evasion Abilities Clause: Evasion abilities are banned
|rule|Sleep Moves Clause: Sleep-inducing moves are banned
|clearpoke
|poke|p1|Venomoth, M|
|poke|p1|Heatran, M|
|poke|p1|Dragapult, M|
|poke|p1|Great Tusk|
|poke|p1|Weezing-Galar, M|
|poke|p1|Alomomola, M|
|poke|p2|Glimmora, F|
|poke|p2|Kingambit, M|
|poke|p2|Darkrai|
|poke|p2|Iron Valiant|
|poke|p2|Gholdengo|
|poke|p2|Ogerpon-Wellspring, F|
|teampreview
|inactive|Battle timer is ON: inactive players will automatically lose when time's up. (requested by be んout of)
|
|t:|1769305858
|teamsize|p1|6
|teamsize|p2|6
|start
|switch|p1a: Heatran|Heatran, M, shiny|100/100
|switch|p2a: Ogerpon|Ogerpon-Wellspring, F|100/100
|turn|1
|
|t:|1769305864
|switch|p1a: Dragapult|Dragapult, M, shiny|100/100
|move|p2a: Ogerpon|Ivy Cudgel|p1a: Dragapult|[anim] Ivy Cudgel Water
|-resisted|p1a: Dragapult
|-damage|p1a: Dragapult|70/100
|
|-heal|p1a: Dragapult|76/100|[from] item: Leftovers
|upkeep
|turn|2
|
|t:|1769305868
|move|p2a: Ogerpon|Spiky Shield|p2a: Ogerpon
|-singleturn|p2a: Ogerpon|move: Protect
|move|p1a: Dragapult|Will-O-Wisp|p2a: Ogerpon
|-activate|p2a: Ogerpon|move: Protect
|
|-heal|p1a: Dragapult|82/100|[from] item: Leftovers
|upkeep
|turn|3
|
|t:|1769305876
|move|p1a: Dragapult|Thunderbolt|p2a: Ogerpon
|-damage|p2a: Ogerpon|80/100
|move|p2a: Ogerpon|Encore|p1a: Dragapult
|-start|p1a: Dragapult|Encore
|
|-heal|p1a: Dragapult|88/100|[from] item: Leftovers
|upkeep
|turn|4
|
|t:|1769305881
|switch|p2a: Gholdengo|Gholdengo|100/100
|-item|p2a: Gholdengo|Air Balloon
|move|p1a: Dragapult|Thunderbolt|p2a: Gholdengo
|-damage|p2a: Gholdengo|73/100
|-enditem|p2a: Gholdengo|Air Balloon
|
|-heal|p1a: Dragapult|94/100|[from] item: Leftovers
|upkeep
|turn|5
|
|t:|1769305888
|switch|p1a: Alomomola|Alomomola, M, shiny|100/100
|move|p2a: Gholdengo|Shadow Ball|p1a: Alomomola
|-damage|p1a: Alomomola|66/100
|
|-heal|p1a: Alomomola|72/100|[from] item: Leftovers
|upkeep
|turn|6
|
|t:|1769305895
|move|p2a: Gholdengo|Recover|p2a: Gholdengo
|-heal|p2a: Gholdengo|100/100
|move|p1a: Alomomola|Flip Turn|p2a: Gholdengo
|-damage|p2a: Gholdengo|79/100
|
|t:|1769305906
|switch|p1a: Heatran|Heatran, M, shiny|100/100|[from] Flip Turn
|
|upkeep
|turn|7
|
|t:|1769305913
|move|p2a: Gholdengo|Shadow Ball|p1a: Heatran
|-damage|p1a: Heatran|61/100
|move|p1a: Heatran|Earth Power|p2a: Gholdengo
|-supereffective|p2a: Gholdengo
|-damage|p2a: Gholdengo|11/100
|
|-heal|p1a: Heatran|67/100|[from] item: Leftovers
|upkeep
|turn|8
|
|t:|1769305920
|move|p2a: Gholdengo|Shadow Ball|p1a: Heatran
|-damage|p1a: Heatran|30/100
|-unboost|p1a: Heatran|spd|1
|move|p1a: Heatran|Magma Storm|p2a: Gholdengo
|-supereffective|p2a: Gholdengo
|-damage|p2a: Gholdengo|0 fnt
|faint|p2a: Gholdengo
|
|-heal|p1a: Heatran|36/100|[from] item: Leftovers
|upkeep
|
|t:|1769305927
|switch|p2a: Glimmora|Glimmora, F|100/100
|turn|9
|
|t:|1769305930
|move|p2a: Glimmora|Earth Power|p1a: Heatran
|-supereffective|p1a: Heatran
|-damage|p1a: Heatran|0 fnt
|faint|p1a: Heatran
|
|upkeep
|
|t:|1769305932
|switch|p1a: Great Tusk|Great Tusk, shiny|100/100
|turn|10
|
|t:|1769305939
|move|p1a: Great Tusk|Headlong Rush|p2a: Glimmora
|-supereffective|p2a: Glimmora
|-enditem|p2a: Glimmora|Focus Sash
|-damage|p2a: Glimmora|1/100
|-unboost|p1a: Great Tusk|def|1
|-unboost|p1a: Great Tusk|spd|1
|-activate|p2a: Glimmora|ability: Toxic Debris
|-sidestart|p1: Bug on my buzz|move: Toxic Spikes
|move|p2a: Glimmora|Stealth Rock|p1a: Great Tusk
|-sidestart|p1: Bug on my buzz|move: Stealth Rock
|
|upkeep
|turn|11
|
|t:|1769305948
|-terastallize|p2a: Glimmora|Ghost
|move|p1a: Great Tusk|Rapid Spin|p2a: Glimmora
|-immune|p2a: Glimmora
|move|p2a: Glimmora|Power Gem|p1a: Great Tusk
|-resisted|p1a: Great Tusk
|-damage|p1a: Great Tusk|78/100
|
|upkeep
|turn|12
|
|t:|1769305956
|move|p1a: Great Tusk|Ice Spinner|p2a: Glimmora
|-damage|p2a: Glimmora|0 fnt
|-activate|p2a: Glimmora|ability: Toxic Debris
|-sidestart|p1: Bug on my buzz|move: Toxic Spikes
|faint|p2a: Glimmora
|
|upkeep
|
|t:|1769305962
|switch|p2a: Iron Valiant|Iron Valiant|100/100
|-enditem|p2a: Iron Valiant|Booster Energy
|-activate|p2a: Iron Valiant|ability: Quark Drive|[fromitem]
|-start|p2a: Iron Valiant|quarkdrivespe
|turn|13
|
|t:|1769305967
|move|p2a: Iron Valiant|Moonblast|p1a: Great Tusk
|-supereffective|p1a: Great Tusk
|-damage|p1a: Great Tusk|0 fnt
|faint|p1a: Great Tusk
|-end|p1a: Great Tusk|Protosynthesis|[silent]
|
|upkeep
|
|t:|1769305972
|switch|p1a: Weezing|Weezing-Galar, M, shiny|100/100
|-ability|p1a: Weezing|Neutralizing Gas
|-damage|p1a: Weezing|88/100|[from] Stealth Rock
|-item|p1a: Weezing|Air Balloon
|turn|14
|
|t:|1769305978
|move|p2a: Iron Valiant|Shadow Ball|p1a: Weezing
|-damage|p1a: Weezing|49/100
|-unboost|p1a: Weezing|spd|1
|-enditem|p1a: Weezing|Air Balloon
|move|p1a: Weezing|Defog|p2a: Iron Valiant
|-unboost|p2a: Iron Valiant|evasion|1
|-sideend|p1: Bug on my buzz|Toxic Spikes|[from] move: Defog|[of] p1a: Weezing
|-sideend|p1: Bug on my buzz|Stealth Rock|[from] move: Defog|[of] p1a: Weezing
|
|upkeep
|turn|15
|
|t:|1769305987
|-end|p1a: Weezing|ability: Neutralizing Gas
|switch|p1a: Alomomola|Alomomola, M, shiny|100/100
|move|p2a: Iron Valiant|Shadow Ball|p1a: Alomomola
|-damage|p1a: Alomomola|81/100
|
|-heal|p1a: Alomomola|87/100|[from] item: Leftovers
|upkeep
|turn|16
|
|t:|1769305991
|move|p2a: Iron Valiant|Calm Mind|p2a: Iron Valiant
|-boost|p2a: Iron Valiant|spa|1
|-boost|p2a: Iron Valiant|spd|1
|move|p1a: Alomomola|Mirror Coat||[still]
|-fail|p1a: Alomomola
|
|-heal|p1a: Alomomola|94/100|[from] item: Leftovers
|upkeep
|turn|17
|
|t:|1769306010
|switch|p1a: Venomoth|Venomoth, M, shiny|100/100
|move|p2a: Iron Valiant|Vacuum Wave|p1a: Venomoth
|-resisted|p1a: Venomoth
|-damage|p1a: Venomoth|88/100
|
|upkeep
|turn|18
|
|t:|1769306017
|move|p2a: Iron Valiant|Shadow Ball|p1a: Venomoth
|-damage|p1a: Venomoth|32/100
|move|p1a: Venomoth|Sludge Wave|p2a: Iron Valiant
|-supereffective|p2a: Iron Valiant
|-damage|p2a: Iron Valiant|0 fnt
|faint|p2a: Iron Valiant
|-end|p2a: Iron Valiant|Quark Drive|[silent]
|-damage|p1a: Venomoth|22/100|[from] item: Life Orb
|
|upkeep
|
|t:|1769306024
|switch|p2a: Kingambit|Kingambit, M|100/100
|-activate|p2a: Kingambit|ability: Supreme Overlord
|-start|p2a: Kingambit|fallen3|[silent]
|turn|19
|
|t:|1769306031
|switch|p1a: Weezing|Weezing-Galar, M, shiny|49/100
|-ability|p1a: Weezing|Neutralizing Gas
|move|p2a: Kingambit|Swords Dance|p2a: Kingambit
|-boost|p2a: Kingambit|atk|2
|
|upkeep
|turn|20
|
|t:|1769306038
|move|p2a: Kingambit|Sucker Punch||[still]
|-fail|p2a: Kingambit
|move|p1a: Weezing|Will-O-Wisp|p2a: Kingambit
|-status|p2a: Kingambit|brn
|
|-damage|p2a: Kingambit|94/100 brn|[from] brn
|upkeep
|turn|21
|
|t:|1769306043
|move|p2a: Kingambit|Swords Dance|p2a: Kingambit
|-boost|p2a: Kingambit|atk|2
|move|p1a: Weezing|Pain Split|p2a: Kingambit
|-sethp|p2a: Kingambit|71/100 brn|[from] move: Pain Split|[silent]
|-sethp|p1a: Weezing|73/100|[from] move: Pain Split
|
|-damage|p2a: Kingambit|65/100 brn|[from] brn
|upkeep
|turn|22
|
|t:|1769306050
|move|p2a: Kingambit|Iron Head|p1a: Weezing
|-supereffective|p1a: Weezing
|-damage|p1a: Weezing|0 fnt
|faint|p1a: Weezing
|-end|p1a: Weezing|ability: Neutralizing Gas
|-activate|p2a: Kingambit|ability: Supreme Overlord
|-start|p2a: Kingambit|fallen3|[silent]
|
|-damage|p2a: Kingambit|59/100 brn|[from] brn
|upkeep
|
|t:|1769306055
|switch|p1a: Venomoth|Venomoth, M, shiny|22/100
|turn|23
|
|t:|1769306061
|move|p2a: Kingambit|Sucker Punch||[still]
|-fail|p2a: Kingambit
|move|p1a: Venomoth|Quiver Dance|p1a: Venomoth
|-boost|p1a: Venomoth|spa|1
|-boost|p1a: Venomoth|spd|1
|-boost|p1a: Venomoth|spe|1
|
|-damage|p2a: Kingambit|53/100 brn|[from] brn
|upkeep
|turn|24
|
|t:|1769306066
|move|p1a: Venomoth|Quiver Dance|p1a: Venomoth
|-boost|p1a: Venomoth|spa|1
|-boost|p1a: Venomoth|spd|1
|-boost|p1a: Venomoth|spe|1
|move|p2a: Kingambit|Kowtow Cleave|p1a: Venomoth
|-crit|p1a: Venomoth
|-damage|p1a: Venomoth|0 fnt
|faint|p1a: Venomoth
|
|-damage|p2a: Kingambit|47/100 brn|[from] brn
|upkeep
|
|t:|1769306069
|switch|p1a: Dragapult|Dragapult, M, shiny|94/100
|turn|25
|
|t:|1769306075
|move|p2a: Kingambit|Sucker Punch||[still]
|-fail|p2a: Kingambit
|move|p1a: Dragapult|Substitute|p1a: Dragapult
|-start|p1a: Dragapult|Substitute
|-damage|p1a: Dragapult|69/100
|
|-heal|p1a: Dragapult|75/100|[from] item: Leftovers
|-damage|p2a: Kingambit|40/100 brn|[from] brn
|upkeep
|turn|26
|
|t:|1769306078
|move|p1a: Dragapult|Hex|p2a: Kingambit
|-resisted|p2a: Kingambit
|-damage|p2a: Kingambit|12/100 brn
|move|p2a: Kingambit|Kowtow Cleave|p1a: Dragapult
|-supereffective|p1a: Dragapult
|-end|p1a: Dragapult|Substitute
|
|-heal|p1a: Dragapult|81/100|[from] item: Leftovers
|-damage|p2a: Kingambit|5/100 brn|[from] brn
|upkeep
|turn|27
|
|t:|1769306084
|move|p1a: Dragapult|Substitute|p1a: Dragapult
|-start|p1a: Dragapult|Substitute
|-damage|p1a: Dragapult|56/100
|move|p2a: Kingambit|Kowtow Cleave|p1a: Dragapult
|-supereffective|p1a: Dragapult
|-end|p1a: Dragapult|Substitute
|
|-heal|p1a: Dragapult|62/100|[from] item: Leftovers
|-damage|p2a: Kingambit|0 fnt|[from] brn
|faint|p2a: Kingambit
|-end|p2a: Kingambit|fallen3|[silent]
|upkeep
|
|t:|1769306087
|switch|p2a: Darkrai|Darkrai|100/100
|turn|28
|
|t:|1769306092
|-terastallize|p1a: Dragapult|Fairy
|move|p2a: Darkrai|Dark Pulse|p1a: Dragapult
|-resisted|p1a: Dragapult
|-damage|p1a: Dragapult|38/100
|cant|p1a: Dragapult|flinch
|
|-heal|p1a: Dragapult|44/100|[from] item: Leftovers
|upkeep
|turn|29
|
|t:|1769306100
|move|p2a: Darkrai|Dark Pulse|p1a: Dragapult
|-resisted|p1a: Dragapult
|-damage|p1a: Dragapult|18/100
|move|p1a: Dragapult|Thunderbolt|p2a: Darkrai
|-damage|p2a: Darkrai|71/100
|
|-heal|p1a: Dragapult|24/100|[from] item: Leftovers
|upkeep
|turn|30
|
|t:|1769306110
|switch|p1a: Alomomola|Alomomola, M, shiny|100/100
|move|p2a: Darkrai|Dark Pulse|p1a: Alomomola
|-damage|p1a: Alomomola|70/100
|
|-heal|p1a: Alomomola|76/100|[from] item: Leftovers
|upkeep
|turn|31
|
|t:|1769306122
|move|p2a: Darkrai|Dark Pulse|p1a: Alomomola
|-damage|p1a: Alomomola|45/100
|cant|p1a: Alomomola|flinch
|
|-heal|p1a: Alomomola|51/100|[from] item: Leftovers
|upkeep
|turn|32
|
|t:|1769306127
|move|p2a: Darkrai|Dark Pulse|p1a: Alomomola
|-damage|p1a: Alomomola|20/100
|move|p1a: Alomomola|Wish|p1a: Alomomola
|
|-heal|p1a: Alomomola|26/100|[from] item: Leftovers
|upkeep
|turn|33
|
|t:|1769306138
|switch|p2a: Ogerpon|Ogerpon-Wellspring, F|80/100
|move|p1a: Alomomola|Protect||[still]
|-fail|p1a: Alomomola
|
|-heal|p1a: Alomomola|76/100|[from] move: Wish|[wisher] Alomomola
|-heal|p1a: Alomomola|82/100|[from] item: Leftovers
|upkeep
|turn|34
|
|t:|1769306143
|switch|p1a: Dragapult|Dragapult, M, shiny, tera:Fairy|24/100
|move|p2a: Ogerpon|Horn Leech|p1a: Dragapult
|-damage|p1a: Dragapult|0 fnt
|-heal|p2a: Ogerpon|92/100|[from] drain|[of] p1a: Dragapult
|faint|p1a: Dragapult
|
|upkeep
|
|t:|1769306145
|switch|p1a: Alomomola|Alomomola, M, shiny|100/100
|turn|35
|
|t:|1769306153
|move|p2a: Ogerpon|Horn Leech|p1a: Alomomola
|-supereffective|p1a: Alomomola
|-damage|p1a: Alomomola|48/100
|-heal|p2a: Ogerpon|100/100|[from] drain|[of] p1a: Alomomola
|move|p1a: Alomomola|Wish|p1a: Alomomola
|
|-heal|p1a: Alomomola|54/100|[from] item: Leftovers
|upkeep
|turn|36
|
|t:|1769306160
|move|p2a: Ogerpon|Spiky Shield|p2a: Ogerpon
|-singleturn|p2a: Ogerpon|move: Protect
|move|p1a: Alomomola|Wish||[still]
|-fail|p1a: Alomomola
|
|-heal|p1a: Alomomola|100/100|[from] move: Wish|[wisher] Alomomola
|upkeep
|turn|37
|
|t:|1769306168
|move|p2a: Ogerpon|Encore|p1a: Alomomola
|-start|p1a: Alomomola|Encore
|move|p1a: Alomomola|Wish|p1a: Alomomola
|
|upkeep
|turn|38
|
|t:|1769306172
|move|p2a: Ogerpon|Spiky Shield|p2a: Ogerpon
|-singleturn|p2a: Ogerpon|move: Protect
|move|p1a: Alomomola|Wish||[still]
|-fail|p1a: Alomomola
|
|upkeep
|turn|39
|
|t:|1769306178
|move|p2a: Ogerpon|Ivy Cudgel|p1a: Alomomola|[anim] Ivy Cudgel Water
|-resisted|p1a: Alomomola
|-damage|p1a: Alomomola|82/100
|move|p1a: Alomomola|Wish|p1a: Alomomola
|
|-heal|p1a: Alomomola|88/100|[from] item: Leftovers
|-end|p1a: Alomomola|Encore
|upkeep
|turn|40
|
|t:|1769306182
|move|p2a: Ogerpon|Encore|p1a: Alomomola
|-start|p1a: Alomomola|Encore
|move|p1a: Alomomola|Wish||[still]
|-fail|p1a: Alomomola
|
|-heal|p1a: Alomomola|100/100|[from] move: Wish|[wisher] Alomomola
|upkeep
|turn|41
|
|t:|1769306190
|move|p2a: Ogerpon|Spiky Shield|p2a: Ogerpon
|-singleturn|p2a: Ogerpon|move: Protect
|move|p1a: Alomomola|Wish|p1a: Alomomola
|
|upkeep
|turn|42
|
|t:|1769306196
|move|p2a: Ogerpon|Ivy Cudgel|p1a: Alomomola|[anim] Ivy Cudgel Water
|-resisted|p1a: Alomomola
|-crit|p1a: Alomomola
|-damage|p1a: Alomomola|72/100
|move|p1a: Alomomola|Wish||[still]
|-fail|p1a: Alomomola
|
|-heal|p1a: Alomomola|100/100|[from] move: Wish|[wisher] Alomomola
|-end|p1a: Alomomola|Encore
|upkeep
|turn|43
|
|t:|1769306198
|move|p2a: Ogerpon|Encore|p1a: Alomomola
|-start|p1a: Alomomola|Encore
|move|p1a: Alomomola|Wish|p1a: Alomomola
|
|upkeep
|turn|44
|
|t:|1769306202
|move|p2a: Ogerpon|Spiky Shield|p2a: Ogerpon
|-singleturn|p2a: Ogerpon|move: Protect
|move|p1a: Alomomola|Wish||[still]
|-fail|p1a: Alomomola
|
|upkeep
|turn|45
|
|t:|1769306206
|move|p2a: Ogerpon|Spiky Shield||[still]
|-fail|p2a: Ogerpon
|move|p1a: Alomomola|Wish|p1a: Alomomola
|
|-end|p1a: Alomomola|Encore
|upkeep
|turn|46
|
|t:|1769306210
|move|p2a: Ogerpon|Encore|p1a: Alomomola
|-start|p1a: Alomomola|Encore
|move|p1a: Alomomola|Wish||[still]
|-fail|p1a: Alomomola
|
|upkeep
|turn|47
|c|☆be んout of|sad end game lol
|
|t:|1769306221
|move|p2a: Ogerpon|Spiky Shield|p2a: Ogerpon
|-singleturn|p2a: Ogerpon|move: Protect
|move|p1a: Alomomola|Wish|p1a: Alomomola
|
|upkeep
|turn|48
|
|t:|1769306228
|move|p2a: Ogerpon|Spiky Shield||[still]
|-fail|p2a: Ogerpon
|move|p1a: Alomomola|Wish||[still]
|-fail|p1a: Alomomola
|
|-end|p1a: Alomomola|Encore
|upkeep
|turn|49
|
|t:|1769306231
|move|p1a: Alomomola|Protect|p1a: Alomomola
|-singleturn|p1a: Alomomola|Protect
|move|p2a: Ogerpon|Encore|p1a: Alomomola
|-activate|p1a: Alomomola|move: Protect
|
|upkeep
|turn|50
|
|t:|1769306237
|move|p2a: Ogerpon|Encore|p1a: Alomomola
|-start|p1a: Alomomola|Encore
|move|p1a: Alomomola|Protect||[still]
|-fail|p1a: Alomomola
|
|upkeep
|turn|51
|
|t:|1769306243
|move|p1a: Alomomola|Protect|p1a: Alomomola
|-singleturn|p1a: Alomomola|Protect
|move|p2a: Ogerpon|Horn Leech|p1a: Alomomola
|-activate|p1a: Alomomola|move: Protect
|
|upkeep
|turn|52
|
|t:|1769306247
|move|p1a: Alomomola|Protect|p1a: Alomomola
|-singleturn|p1a: Alomomola|Protect
|move|p2a: Ogerpon|Horn Leech|p1a: Alomomola
|-activate|p1a: Alomomola|move: Protect
|
|-end|p1a: Alomomola|Encore
|upkeep
|turn|53
|
|t:|1769306252
|move|p2a: Ogerpon|Horn Leech|p1a: Alomomola
|-supereffective|p1a: Alomomola
|-damage|p1a: Alomomola|48/100
|move|p1a: Alomomola|Wish|p1a: Alomomola
|
|-heal|p1a: Alomomola|54/100|[from] item: Leftovers
|upkeep
|turn|54
|
|t:|1769306259
|move|p2a: Ogerpon|Spiky Shield|p2a: Ogerpon
|-singleturn|p2a: Ogerpon|move: Protect
|move|p1a: Alomomola|Protect||[still]
|-fail|p1a: Alomomola
|
|-heal|p1a: Alomomola|100/100|[from] move: Wish|[wisher] Alomomola
|upkeep
|turn|55
|
|t:|1769306264
|move|p2a: Ogerpon|Horn Leech|p1a: Alomomola
|-supereffective|p1a: Alomomola
|-damage|p1a: Alomomola|48/100
|move|p1a: Alomomola|Mirror Coat||[still]
|-fail|p1a: Alomomola
|
|-heal|p1a: Alomomola|54/100|[from] item: Leftovers
|upkeep
|turn|56
|
|t:|1769306267
|move|p2a: Ogerpon|Horn Leech|p1a: Alomomola
|-supereffective|p1a: Alomomola
|-damage|p1a: Alomomola|1/100
|move|p1a: Alomomola|Mirror Coat||[still]
|-fail|p1a: Alomomola
|
|-heal|p1a: Alomomola|7/100|[from] item: Leftovers
|upkeep
|turn|57
|c|☆be んout of|gg
|
|t:|1769306281
|switch|p2a: Darkrai|Darkrai|71/100
|move|p1a: Alomomola|Mirror Coat||[still]
|-fail|p1a: Alomomola
|
|-heal|p1a: Alomomola|13/100|[from] item: Leftovers
|upkeep
|turn|58
|
|t:|1769306288
|move|p1a: Alomomola|Protect|p1a: Alomomola
|-singleturn|p1a: Alomomola|Protect
|move|p2a: Darkrai|Dark Pulse|p1a: Alomomola
|-activate|p1a: Alomomola|move: Protect
|
|-heal|p1a: Alomomola|19/100|[from] item: Leftovers
|upkeep
|turn|59
|
|t:|1769306292
|move|p1a: Alomomola|Protect||[still]
|-fail|p1a: Alomomola
|move|p2a: Darkrai|Dark Pulse|p1a: Alomomola
|-damage|p1a: Alomomola|0 fnt
|faint|p1a: Alomomola
|
|win|be んout of
|raw|Bug on my buzz's rating: 1205 &rarr; <strong>1182</strong><br />(-23 for losing)
|raw|be んout of's rating: 1231 &rarr; <strong>1254</strong><br />(+23 for winning)
|l|☆be んout of
|player|p2|
|l|☆Bug on my buzz
|player|p1|
