|j|☆Loccdawg
|j|☆ydkim
|t:|1769426308
|gametype|singles
|player|p1|Loccdawg|101|1149
|player|p2|ydkim|266|1193
|gen|9
|tier|[Gen 9] OU
|rated|
|rule|HP Percentage Mod: HP is shown in percentages
|rule|Endless Battle Clause: Forcing endless battles is banned
|rule|Species Clause: Limit one of each Pokémon
|rule|OHKO Clause: OHKO moves are banned
|rule|Evasion Items Clause: Evasion items are banned
|rule|Evasion Moves Clause: Evasion moves are banned
|rule|Evasion Abilities Clause: Evasion abilities are banned
|rule|Sleep Moves Clause: Sleep-inducing moves are banned
|clearpoke
|poke|p1|Rillaboom, F|
|poke|p1|Dachsbun, M|
|poke|p1|Mabosstiff, M|
|poke|p1|Houndstone, F|
|poke|p1|Okidogi, M|
|poke|p1|Slowking-Galar, M|
|poke|p2|Comfey, F|
|poke|p2|Whimsicott, F|
|poke|p2|Iron Moth|
|poke|p2|Walking Wake|
|poke|p2|Great Tusk|
|poke|p2|Ninetales, M|
|teampreview
|
|t:|1769426324
|teamsize|p1|6
|teamsize|p2|6
|start
|switch|p1a: Rillaboom|Rillaboom, F|100/100
|switch|p2a: Ninetales|Ninetales, M|100/100
|-weather|SunnyDay|[from] ability: Drought|[of] p2a: Ninetales
|-fieldstart|move: Grassy Terrain|[from] ability: Grassy Surge|[of] p1a: Rillaboom
|turn|1
|
|t:|1769426333
|switch|p1a: Dachsbun|Dachsbun, M|100/100
|-enditem|p1a: Dachsbun|Grassy Seed
|-boost|p1a: Dachsbun|def|1|[from] item: Grassy Seed
|move|p2a: Ninetales|Will-O-Wisp|p1a: Dachsbun
|-ability|p1a: Dachsbun|Well-Baked Body|boost
|-boost|p1a: Dachsbun|def|2
|
|-weather|SunnyDay|[upkeep]
|upkeep
|turn|2
|
|t:|1769426355
|switch|p2a: Iron Moth|Iron Moth|100/100
|-enditem|p2a: Iron Moth|Booster Energy
|-activate|p2a: Iron Moth|ability: Quark Drive|[fromitem]
|-start|p2a: Iron Moth|quarkdrivespa
|move|p1a: Dachsbun|Trailblaze|p2a: Iron Moth
|-resisted|p2a: Iron Moth
|-damage|p2a: Iron Moth|96/100
|-boost|p1a: Dachsbun|spe|1
|
|-weather|SunnyDay|[upkeep]
|-heal|p2a: Iron Moth|100/100|[from] Grassy Terrain
|upkeep
|turn|3
|
|t:|1769426397
|move|p1a: Dachsbun|Psychic Fangs|p2a: Iron Moth
|-supereffective|p2a: Iron Moth
|-damage|p2a: Iron Moth|49/100
|move|p2a: Iron Moth|Fiery Dance|p1a: Dachsbun
|-ability|p1a: Dachsbun|Well-Baked Body|boost
|-boost|p1a: Dachsbun|def|2
|
|-weather|SunnyDay|[upkeep]
|-heal|p2a: Iron Moth|55/100|[from] Grassy Terrain
|upkeep
|turn|4
|
|t:|1769426405
|move|p1a: Dachsbun|Psychic Fangs|p2a: Iron Moth
|-supereffective|p2a: Iron Moth
|-damage|p2a: Iron Moth|0 fnt
|faint|p2a: Iron Moth
|-end|p2a: Iron Moth|Quark Drive|[silent]
|
|-weather|SunnyDay|[upkeep]
|upkeep
|
|t:|1769426420
|switch|p2a: Comfey|Comfey, F|100/100
|turn|5
|
|t:|1769426434
|move|p1a: Dachsbun|Body Press|p2a: Comfey
|-resisted|p2a: Comfey
|-damage|p2a: Comfey|39/100
|move|p2a: Comfey|Growth|p2a: Comfey
|-boost|p2a: Comfey|atk|2
|-boost|p2a: Comfey|spa|2
|
|-weather|SunnyDay|[upkeep]
|-heal|p2a: Comfey|45/100|[from] Grassy Terrain
|upkeep
|turn|6
|
|t:|1769426448
|move|p2a: Comfey|Draining Kiss|p1a: Dachsbun
|-damage|p1a: Dachsbun|18/100
|-heal|p2a: Comfey|97/100|[from] drain|[of] p1a: Dachsbun
|-damage|p2a: Comfey|87/100|[from] item: Life Orb
|move|p1a: Dachsbun|Body Press|p2a: Comfey
|-resisted|p2a: Comfey
|-damage|p2a: Comfey|23/100
|
|-weather|SunnyDay|[upkeep]
|-heal|p1a: Dachsbun|24/100|[from] Grassy Terrain
|-heal|p2a: Comfey|30/100|[from] Grassy Terrain
|upkeep
|turn|7
|
|t:|1769426462
|move|p2a: Comfey|Draining Kiss|p1a: Dachsbun
|-damage|p1a: Dachsbun|0 fnt
|-heal|p2a: Comfey|44/100|[from] drain|[of] p1a: Dachsbun
|faint|p1a: Dachsbun
|-damage|p2a: Comfey|34/100|[from] item: Life Orb
|
|-weather|SunnyDay|[upkeep]
|-heal|p2a: Comfey|40/100|[from] Grassy Terrain
|upkeep
|
|t:|1769426471
|switch|p1a: Slowking|Slowking-Galar, M|100/100
|-enditem|p1a: Slowking|Grassy Seed
|-boost|p1a: Slowking|def|1|[from] item: Grassy Seed
|turn|8
|
|t:|1769426487
|move|p2a: Comfey|Synthesis|p2a: Comfey
|-heal|p2a: Comfey|100/100
|move|p1a: Slowking|Sludge Wave|p2a: Comfey
|-supereffective|p2a: Comfey
|-damage|p2a: Comfey|33/100
|-status|p2a: Comfey|psn
|
|-weather|none
|-heal|p2a: Comfey|39/100 psn|[from] Grassy Terrain
|-damage|p2a: Comfey|27/100 psn|[from] psn
|-fieldend|move: Grassy Terrain
|upkeep
|turn|9
|
|t:|1769426501
|switch|p2a: Ninetales|Ninetales, M|100/100
|-weather|SunnyDay|[from] ability: Drought|[of] p2a: Ninetales
|move|p1a: Slowking|Sludge Wave|p2a: Ninetales
|-damage|p2a: Ninetales|65/100
|
|-weather|SunnyDay|[upkeep]
|upkeep
|turn|10
|
|t:|1769426519
|switch|p2a: Great Tusk|Great Tusk|100/100
|-activate|p2a: Great Tusk|ability: Protosynthesis
|-start|p2a: Great Tusk|protosynthesisspe
|move|p1a: Slowking|Sludge Wave|p2a: Great Tusk
|-resisted|p2a: Great Tusk
|-damage|p2a: Great Tusk|79/100
|
|-weather|SunnyDay|[upkeep]
|upkeep
|turn|11
|
|t:|1769426530
|move|p2a: Great Tusk|Headlong Rush|p1a: Slowking
|-supereffective|p1a: Slowking
|-damage|p1a: Slowking|43/100
|-unboost|p2a: Great Tusk|def|1
|-unboost|p2a: Great Tusk|spd|1
|move|p1a: Slowking|Sludge Wave|p2a: Great Tusk
|-resisted|p2a: Great Tusk
|-damage|p2a: Great Tusk|46/100
|
|-weather|SunnyDay|[upkeep]
|upkeep
|turn|12
|
|t:|1769426538
|move|p2a: Great Tusk|Headlong Rush|p1a: Slowking
|-supereffective|p1a: Slowking
|-damage|p1a: Slowking|0 fnt
|-unboost|p2a: Great Tusk|def|1
|-unboost|p2a: Great Tusk|spd|1
|faint|p1a: Slowking
|
|-weather|SunnyDay|[upkeep]
|upkeep
|
|t:|1769426583
|switch|p1a: Rillaboom|Rillaboom, F|100/100
|-fieldstart|move: Grassy Terrain|[from] ability: Grassy Surge|[of] p1a: Rillaboom
|turn|13
|
|t:|1769426594
|-end|p2a: Great Tusk|Protosynthesis|[silent]
|switch|p2a: Ninetales|Ninetales, M|65/100
|move|p1a: Rillaboom|U-turn|p2a: Ninetales
|-resisted|p2a: Ninetales
|-damage|p2a: Ninetales|53/100
|
|t:|1769426611
|switch|p1a: Okidogi|Okidogi, M|100/100|[from] U-turn
|
|-weather|SunnyDay|[upkeep]
|-heal|p2a: Ninetales|59/100|[from] Grassy Terrain
|upkeep
|turn|14
|
|t:|1769426639
|move|p1a: Okidogi|Gunk Shot|p2a: Ninetales
|-damage|p2a: Ninetales|0 fnt
|faint|p2a: Ninetales
|
|-weather|SunnyDay|[upkeep]
|upkeep
|
|t:|1769426645
|switch|p2a: Walking Wake|Walking Wake|100/100
|-activate|p2a: Walking Wake|ability: Protosynthesis
|-start|p2a: Walking Wake|protosynthesisspe
|turn|15
|
|t:|1769426683
|switch|p1a: Rillaboom|Rillaboom, F|100/100
|move|p2a: Walking Wake|Hydro Steam|p1a: Rillaboom
|-resisted|p1a: Rillaboom
|-damage|p1a: Rillaboom|81/100
|
|-weather|SunnyDay|[upkeep]
|-heal|p1a: Rillaboom|87/100|[from] Grassy Terrain
|upkeep
|turn|16
|
|t:|1769426696
|move|p2a: Walking Wake|Knock Off|p1a: Rillaboom
|-damage|p1a: Rillaboom|70/100
|-enditem|p1a: Rillaboom|Terrain Extender|[from] move: Knock Off|[of] p2a: Walking Wake
|move|p1a: Rillaboom|Wood Hammer|p2a: Walking Wake
|-damage|p2a: Walking Wake|40/100
|-damage|p1a: Rillaboom|51/100|[from] Recoil
|
|-weather|none
|-end|p2a: Walking Wake|Protosynthesis
|-heal|p2a: Walking Wake|46/100|[from] Grassy Terrain
|-heal|p1a: Rillaboom|57/100|[from] Grassy Terrain
|upkeep
|turn|17
|
|t:|1769426722
|move|p2a: Walking Wake|Draco Meteor|p1a: Rillaboom
|-damage|p1a: Rillaboom|14/100
|-unboost|p2a: Walking Wake|spa|2
|move|p1a: Rillaboom|Wood Hammer|p2a: Walking Wake
|-damage|p2a: Walking Wake|0 fnt
|faint|p2a: Walking Wake
|-end|p2a: Walking Wake|Protosynthesis|[silent]
|-damage|p1a: Rillaboom|0 fnt|[from] Recoil
|faint|p1a: Rillaboom
|
|upkeep
|-message|ydkim forfeited.
|
|win|Loccdawg
|raw|Loccdawg's rating: 1149 &rarr; <strong>1177</strong><br />(+28 for winning)
|raw|ydkim's rating: 1193 &rarr; <strong>1165</strong><br />(-28 for losing)
|l|☆ydkim
|player|p2|
