|j|☆unilens
|j|☆151htyrneh
|t:|1769424765
|gametype|singles
|player|p1|unilens|backersf|1590
|player|p2|151htyrneh|wallace|1699
|gen|9
|tier|[Gen 9] OU
|rated|
|rule|HP Percentage Mod: HP is shown in percentages
|rule|Endless Battle Clause: Forcing endless battles is banned
|rule|Species Clause: Limit one of each Pokémon
|rule|OHKO Clause: OHKO moves are banned
|rule|Evasion Items Clause: Evasion items are banned
|rule|Evasion Moves Clause: Evasion moves are banned
|rule|Evasion Abilities Clause: Evasion abilities are banned
|rule|Sleep Moves Clause: Sleep-inducing moves are banned
|clearpoke
|poke|p1|Great Tusk|
|poke|p1|Zamazenta-*|
|poke|p1|Alomomola, M|
|poke|p1|Lokix, M|
|poke|p1|Dragapult, M|
|poke|p1|Corviknight, F|
|poke|p2|Walking Wake|
|poke|p2|Ceruledge, F|
|poke|p2|Whimsicott, F|
|poke|p2|Great Tusk|
|poke|p2|Ninetales, M|
|poke|p2|Raging Bolt|
|teampreview
|inactive|Battle timer is ON: inactive players will automatically lose when time's up. (requested by unilens)
|
|t:|1769424772
|teamsize|p1|6
|teamsize|p2|6
|start
|switch|p1a: Fishy|Alomomola, M|100/100
|switch|p2a: Ninetales|Ninetales, M|100/100
|-weather|SunnyDay|[from] ability: Drought|[of] p2a: Ninetales
|turn|1
|
|t:|1769424778
|switch|p2a: Raging Bolt|Raging Bolt|100/100
|-activate|p2a: Raging Bolt|ability: Protosynthesis
|-start|p2a: Raging Bolt|protosynthesisspa
|move|p1a: Fishy|Flip Turn|p2a: Raging Bolt
|-resisted|p2a: Raging Bolt
|-damage|p2a: Raging Bolt|97/100
|
|t:|1769424789
|switch|p1a: Dancing Lion|Dragapult, M|100/100|[from] Flip Turn
|
|-weather|SunnyDay|[upkeep]
|upkeep
|turn|2
|
|t:|1769424793
|-end|p2a: Raging Bolt|Protosynthesis|[silent]
|switch|p2a: Whimsicott|Whimsicott, F|100/100
|move|p1a: Dancing Lion|U-turn|p2a: Whimsicott
|-damage|p2a: Whimsicott|76/100
|
|t:|1769424797
|switch|p1a: Peakaboo|Lokix, M|100/100|[from] U-turn
|
|-weather|SunnyDay|[upkeep]
|upkeep
|turn|3
|
|t:|1769424800
|-terastallize|p1a: Peakaboo|Bug
|move|p1a: Peakaboo|First Impression|p2a: Whimsicott
|-damage|p2a: Whimsicott|0 fnt
|faint|p2a: Whimsicott
|
|-weather|SunnyDay|[upkeep]
|upkeep
|
|t:|1769424803
|switch|p2a: Raging Bolt|Raging Bolt|97/100
|-activate|p2a: Raging Bolt|ability: Protosynthesis
|-start|p2a: Raging Bolt|protosynthesisspa
|turn|4
|
|t:|1769424810
|switch|p1a: Fishy|Alomomola, M|100/100
|move|p2a: Raging Bolt|Thunderbolt|p1a: Fishy
|-supereffective|p1a: Fishy
|-damage|p1a: Fishy|30/100
|
|-weather|SunnyDay|[upkeep]
|upkeep
|turn|5
|
|t:|1769424817
|switch|p1a: Not so great|Great Tusk, shiny|100/100
|-activate|p1a: Not so great|ability: Protosynthesis
|-start|p1a: Not so great|protosynthesisatk
|move|p2a: Raging Bolt|Weather Ball|p1a: Not so great
|-damage|p1a: Not so great|0 fnt
|faint|p1a: Not so great
|-end|p1a: Not so great|Protosynthesis|[silent]
|
|-weather|SunnyDay|[upkeep]
|upkeep
|
|t:|1769424822
|switch|p1a: Dancing Lion|Dragapult, M|100/100
|turn|6
|
|t:|1769424827
|move|p1a: Dancing Lion|Shadow Ball|p2a: Raging Bolt
|-damage|p2a: Raging Bolt|51/100
|-unboost|p2a: Raging Bolt|spd|1
|move|p2a: Raging Bolt|Draco Meteor|p1a: Dancing Lion
|-supereffective|p1a: Dancing Lion
|-damage|p1a: Dancing Lion|0 fnt
|-unboost|p2a: Raging Bolt|spa|2
|faint|p1a: Dancing Lion
|
|-weather|SunnyDay|[upkeep]
|upkeep
|
|t:|1769424831
|switch|p1a: Peakaboo|Lokix, M, tera:Bug|100/100
|turn|7
|
|t:|1769424834
|-end|p2a: Raging Bolt|Protosynthesis|[silent]
|switch|p2a: Great Tusk|Great Tusk|100/100
|-activate|p2a: Great Tusk|ability: Protosynthesis
|-start|p2a: Great Tusk|protosynthesisspe
|move|p1a: Peakaboo|First Impression|p2a: Great Tusk
|-resisted|p2a: Great Tusk
|-damage|p2a: Great Tusk|45/100
|
|-weather|SunnyDay|[upkeep]
|upkeep
|turn|8
|
|t:|1769424837
|-end|p2a: Great Tusk|Protosynthesis|[silent]
|switch|p2a: Raging Bolt|Raging Bolt|51/100
|-activate|p2a: Raging Bolt|ability: Protosynthesis
|-start|p2a: Raging Bolt|protosynthesisspa
|switch|p1a: PP Killer|Corviknight, F|100/100
|-ability|p1a: PP Killer|Pressure
|
|-weather|none
|-end|p2a: Raging Bolt|Protosynthesis
|upkeep
|turn|9
|
|t:|1769424842
|switch|p1a: Good boi|Zamazenta|100/100
|-ability|p1a: Good boi|Dauntless Shield|boost
|-boost|p1a: Good boi|def|1
|move|p2a: Raging Bolt|Thunderbolt|p1a: Good boi
|-damage|p1a: Good boi|61/100
|
|-heal|p1a: Good boi|67/100|[from] item: Leftovers
|upkeep
|turn|10
|
|t:|1769424846
|move|p1a: Good boi|Body Press|p2a: Raging Bolt
|-damage|p2a: Raging Bolt|11/100
|move|p2a: Raging Bolt|Draco Meteor|p1a: Good boi
|-damage|p1a: Good boi|5/100
|-unboost|p2a: Raging Bolt|spa|2
|
|-heal|p1a: Good boi|11/100|[from] item: Leftovers
|upkeep
|turn|11
|
|t:|1769424856
|move|p1a: Good boi|Iron Defense|p1a: Good boi
|-boost|p1a: Good boi|def|2
|move|p2a: Raging Bolt|Thunderbolt|p1a: Good boi
|-damage|p1a: Good boi|0 fnt
|faint|p1a: Good boi
|
|upkeep
|
|t:|1769424859
|switch|p1a: Peakaboo|Lokix, M, tera:Bug|100/100
|turn|12
|
|t:|1769424864
|-end|p2a: Raging Bolt|Protosynthesis|[silent]
|switch|p2a: Great Tusk|Great Tusk|45/100
|move|p1a: Peakaboo|U-turn|p2a: Great Tusk
|-resisted|p2a: Great Tusk
|-damage|p2a: Great Tusk|3/100
|
|t:|1769424867
|switch|p1a: PP Killer|Corviknight, F|100/100|[from] U-turn
|-ability|p1a: PP Killer|Pressure
|
|upkeep
|turn|13
|
|t:|1769424871
|move|p2a: Great Tusk|Stealth Rock|p1a: PP Killer
|-sidestart|p1: unilens|move: Stealth Rock
|move|p1a: PP Killer|U-turn|p2a: Great Tusk
|-resisted|p2a: Great Tusk
|-damage|p2a: Great Tusk|0 fnt
|faint|p2a: Great Tusk
|-end|p2a: Great Tusk|Protosynthesis|[silent]
|
|t:|1769424873
|switch|p1a: Fishy|Alomomola, M|63/100|[from] U-turn
|-damage|p1a: Fishy|51/100|[from] Stealth Rock
|
|upkeep
|
|t:|1769424877
|switch|p2a: Raging Bolt|Raging Bolt|11/100
|turn|14
|
|t:|1769424883
|move|p2a: Raging Bolt|Thunderbolt|p1a: Fishy
|-supereffective|p1a: Fishy
|-damage|p1a: Fishy|0 fnt
|faint|p1a: Fishy
|
|upkeep
|-message|unilens forfeited.
|
|win|151htyrneh
|raw|unilens's rating: 1590 &rarr; <strong>1576</strong><br />(-14 for losing)
|raw|151htyrneh's rating: 1699 &rarr; <strong>1713</strong><br />(+14 for winning)
|l|☆unilens
|player|p1|
|l|☆151htyrneh
|player|p2|
