|j|☆ridlostar
|j|☆Audio Peel
|t:|1769303862
|gametype|singles
|player|p1|ridlostar|hilbert|1788
|player|p2|Audio Peel|fisherman-gen4|1778
|gen|9
|tier|[Gen 9] OU
|rated|
|rule|HP Percentage Mod: HP is shown in percentages
|rule|Endless Battle Clause: Forcing endless battles is banned
|rule|Species Clause: Limit one of each Pokémon
|rule|OHKO Clause: OHKO moves are banned
|rule|Evasion Items Clause: Evasion items are banned
|rule|Evasion Moves Clause: Evasion moves are banned
|rule|Evasion Abilities Clause: Evasion abilities are banned
|rule|Sleep Moves Clause: Sleep-inducing moves are banned
|clearpoke
|poke|p1|Toedscruel, M|
|poke|p1|Darkrai|
|poke|p1|Cresselia, F|
|poke|p1|Clodsire, M|
|poke|p1|Dragonite, M|
|poke|p1|Alomomola, F|
|poke|p2|Kyurem|
|poke|p2|Cinderace, M|
|poke|p2|Tornadus-Therian, M|
|poke|p2|Hatterene, F|
|poke|p2|Great Tusk|
|poke|p2|Kingambit, F|
|teampreview
|inactive|Battle timer is ON: inactive players will automatically lose when time's up. (requested by Audio Peel)
|
|t:|1769303872
|teamsize|p1|6
|teamsize|p2|6
|start
|switch|p1a: why|Cresselia, F, shiny|100/100
|switch|p2a: Tornadus|Tornadus-Therian, M|100/100
|turn|1
|
|t:|1769303876
|move|p2a: Tornadus|Knock Off|p1a: why
|-supereffective|p1a: why
|-damage|p1a: why|81/100
|-enditem|p1a: why|Leftovers|[from] move: Knock Off|[of] p2a: Tornadus
|move|p1a: why|Calm Mind|p1a: why
|-boost|p1a: why|spa|1
|-boost|p1a: why|spd|1
|
|upkeep
|turn|2
|
|t:|1769303881
|move|p2a: Tornadus|U-turn|p1a: why
|-supereffective|p1a: why
|-damage|p1a: why|66/100
|
|t:|1769303884
|switch|p2a: Hatterene|Hatterene, F|100/100|[from] U-turn
|move|p1a: why|Calm Mind|p1a: why
|-boost|p1a: why|spa|1
|-boost|p1a: why|spd|1
|
|upkeep
|turn|3
|
|t:|1769303888
|move|p1a: why|Calm Mind|p1a: why
|-boost|p1a: why|spa|1
|-boost|p1a: why|spd|1
|move|p2a: Hatterene|Nuzzle|p1a: why
|-damage|p1a: why|64/100
|-status|p1a: why|par
|
|upkeep
|turn|4
|
|t:|1769303892
|move|p2a: Hatterene|Psychic Noise|p1a: why
|-resisted|p1a: why
|-damage|p1a: why|59/100 par
|-start|p1a: why|move: Heal Block
|move|p1a: why|Calm Mind|p1a: why
|-boost|p1a: why|spa|1
|-boost|p1a: why|spd|1
|
|upkeep
|turn|5
|
|t:|1769303898
|move|p2a: Hatterene|Draining Kiss|p1a: why
|-damage|p1a: why|54/100 par
|move|p1a: why|Calm Mind|p1a: why
|-boost|p1a: why|spa|1
|-boost|p1a: why|spd|1
|
|-end|p1a: why|move: Heal Block
|upkeep
|turn|6
|
|t:|1769303904
|move|p2a: Hatterene|Psychic Noise|p1a: why
|-resisted|p1a: why
|-damage|p1a: why|51/100 par
|-start|p1a: why|move: Heal Block
|move|p1a: why|Moonblast|p2a: Hatterene
|-damage|p2a: Hatterene|42/100
|
|-heal|p2a: Hatterene|48/100|[from] item: Leftovers
|upkeep
|turn|7
|
|t:|1769303910
|move|p2a: Hatterene|Pain Split|p1a: why
|-sethp|p1a: why|42/100 par|[from] move: Pain Split|[silent]
|-sethp|p2a: Hatterene|59/100|[from] move: Pain Split
|move|p1a: why|Moonblast|p2a: Hatterene
|-damage|p2a: Hatterene|0 fnt
|faint|p2a: Hatterene
|
|-end|p1a: why|move: Heal Block
|upkeep
|
|t:|1769303919
|switch|p2a: Kingambit|Kingambit, F|100/100
|-activate|p2a: Kingambit|ability: Supreme Overlord
|-start|p2a: Kingambit|fallen1|[silent]
|turn|8
|
|t:|1769303923
|-terastallize|p1a: why|Poison
|move|p2a: Kingambit|Kowtow Cleave|p1a: why
|-damage|p1a: why|13/100 par
|move|p1a: why|Moonblast|p2a: Kingambit
|-damage|p2a: Kingambit|41/100
|
|-heal|p2a: Kingambit|48/100|[from] item: Leftovers
|upkeep
|turn|9
|
|t:|1769303934
|switch|p1a: Keanu Reeves|Darkrai|100/100
|move|p2a: Kingambit|Kowtow Cleave|p1a: Keanu Reeves
|-resisted|p1a: Keanu Reeves
|-damage|p1a: Keanu Reeves|60/100
|
|-heal|p2a: Kingambit|54/100|[from] item: Leftovers
|upkeep
|turn|10
|
|t:|1769303944
|-end|p2a: Kingambit|fallen1|[silent]
|switch|p2a: Tornadus|Tornadus-Therian, M|100/100
|move|p1a: Keanu Reeves|Knock Off|p2a: Tornadus
|-damage|p2a: Tornadus|57/100
|-enditem|p2a: Tornadus|Assault Vest|[from] move: Knock Off|[of] p1a: Keanu Reeves
|
|upkeep
|turn|11
|
|t:|1769303952
|move|p1a: Keanu Reeves|Ice Beam|p2a: Tornadus
|-supereffective|p2a: Tornadus
|-damage|p2a: Tornadus|1/100
|move|p2a: Tornadus|U-turn|p1a: Keanu Reeves
|-supereffective|p1a: Keanu Reeves
|-enditem|p1a: Keanu Reeves|Tanga Berry|[eat]
|-enditem|p1a: Keanu Reeves|Tanga Berry|[weaken]
|-damage|p1a: Keanu Reeves|38/100
|
|t:|1769303956
|switch|p2a: Kyurem|Kyurem|100/100|[from] U-turn
|-ability|p2a: Kyurem|Pressure
|
|upkeep
|turn|12
|
|t:|1769303959
|move|p1a: Keanu Reeves|Knock Off|p2a: Kyurem
|-damage|p2a: Kyurem|64/100
|-enditem|p2a: Kyurem|Choice Specs|[from] move: Knock Off|[of] p1a: Keanu Reeves
|move|p2a: Kyurem|Freeze-Dry|p1a: Keanu Reeves
|-damage|p1a: Keanu Reeves|0 fnt
|faint|p1a: Keanu Reeves
|
|upkeep
|
|t:|1769303972
|switch|p1a: Big Man|Clodsire, M|100/100
|turn|13
|
|t:|1769303988
|move|p2a: Kyurem|Ice Beam|p1a: Big Man
|-supereffective|p1a: Big Man
|-damage|p1a: Big Man|30/100
|move|p1a: Big Man|Toxic|p2a: Kyurem
|-status|p2a: Kyurem|tox
|
|-heal|p1a: Big Man|36/100|[from] item: Leftovers
|-damage|p2a: Kyurem|58/100 tox|[from] psn
|upkeep
|turn|14
|
|t:|1769303997
|switch|p1a: Squidward?|Toedscruel, M|100/100
|move|p2a: Kyurem|Freeze-Dry|p1a: Squidward?
|-supereffective|p1a: Squidward?
|-damage|p1a: Squidward?|0 fnt
|faint|p1a: Squidward?
|
|-damage|p2a: Kyurem|46/100 tox|[from] psn
|upkeep
|
|t:|1769304001
|switch|p1a: Fair and Balanced|Alomomola, F|100/100
|turn|15
|
|t:|1769304019
|move|p2a: Kyurem|Freeze-Dry|p1a: Fair and Balanced
|-supereffective|p1a: Fair and Balanced
|-damage|p1a: Fair and Balanced|50/100
|move|p1a: Fair and Balanced|Flip Turn|p2a: Kyurem
|-resisted|p2a: Kyurem
|-damage|p2a: Kyurem|38/100 tox
|
|t:|1769304025
|switch|p1a: him|Dragonite, M|100/100|[from] Flip Turn
|
|-damage|p2a: Kyurem|20/100 tox|[from] psn
|upkeep
|turn|16
|
|t:|1769304039
|move|p2a: Kyurem|Freeze-Dry|p1a: him
|-supereffective|p1a: him
|-damage|p1a: him|21/100
|move|p1a: him|Dragon Dance|p1a: him
|-boost|p1a: him|atk|1
|-boost|p1a: him|spe|1
|
|-heal|p1a: him|27/100|[from] item: Leftovers
|-damage|p2a: Kyurem|0 fnt|[from] psn
|faint|p2a: Kyurem
|upkeep
|
|t:|1769304041
|switch|p2a: Great Tusk|Great Tusk|100/100
|turn|17
|
|t:|1769304048
|move|p1a: him|Roost|p1a: him
|-heal|p1a: him|77/100
|-singleturn|p1a: him|move: Roost
|move|p2a: Great Tusk|Ice Spinner|p1a: him
|-supereffective|p1a: him
|-damage|p1a: him|22/100
|
|-heal|p1a: him|28/100|[from] item: Leftovers
|upkeep
|turn|18
|
|t:|1769304065
|move|p1a: him|Roost|p1a: him
|-heal|p1a: him|78/100
|-singleturn|p1a: him|move: Roost
|move|p2a: Great Tusk|Ice Spinner|p1a: him
|-supereffective|p1a: him
|-damage|p1a: him|29/100
|
|-heal|p1a: him|35/100|[from] item: Leftovers
|upkeep
|turn|19
|
|t:|1769304075
|move|p1a: him|Roost|p1a: him
|-heal|p1a: him|85/100
|-singleturn|p1a: him|move: Roost
|move|p2a: Great Tusk|Ice Spinner|p1a: him
|-supereffective|p1a: him
|-damage|p1a: him|34/100
|
|-heal|p1a: him|40/100|[from] item: Leftovers
|upkeep
|turn|20
|
|t:|1769304081
|move|p1a: him|Roost|p1a: him
|-heal|p1a: him|90/100
|-singleturn|p1a: him|move: Roost
|move|p2a: Great Tusk|Rapid Spin|p1a: him
|-damage|p1a: him|73/100
|-boost|p2a: Great Tusk|spe|1
|
|-heal|p1a: him|79/100|[from] item: Leftovers
|upkeep
|turn|21
|
|t:|1769304087
|switch|p1a: Fair and Balanced|Alomomola, F|83/100
|move|p2a: Great Tusk|Ice Spinner|p1a: Fair and Balanced
|-resisted|p1a: Fair and Balanced
|-damage|p1a: Fair and Balanced|74/100
|
|upkeep
|turn|22
|
|t:|1769304093
|move|p2a: Great Tusk|Stealth Rock|p1a: Fair and Balanced
|-sidestart|p1: ridlostar|move: Stealth Rock
|move|p1a: Fair and Balanced|Wish|p1a: Fair and Balanced
|
|upkeep
|turn|23
|
|t:|1769304100
|-end|p2a: Great Tusk|Protosynthesis|[silent]
|switch|p2a: Cinderace|Cinderace, M|100/100
|move|p1a: Fair and Balanced|Flip Turn|p2a: Cinderace
|-supereffective|p2a: Cinderace
|-damage|p2a: Cinderace|57/100
|
|t:|1769304103
|switch|p1a: Big Man|Clodsire, M|36/100|[from] Flip Turn
|-damage|p1a: Big Man|30/100|[from] Stealth Rock
|
|-heal|p1a: Big Man|88/100|[from] move: Wish|[wisher] Fair and Balanced
|-heal|p1a: Big Man|94/100|[from] item: Leftovers
|upkeep
|turn|24
|
|t:|1769304118
|move|p2a: Cinderace|Will-O-Wisp|p1a: Big Man
|-status|p1a: Big Man|brn
|move|p1a: Big Man|Stockpile|p1a: Big Man
|-start|p1a: Big Man|stockpile1
|-boost|p1a: Big Man|def|1
|-boost|p1a: Big Man|spd|1
|
|-heal|p1a: Big Man|99/100 brn|[from] item: Leftovers
|-damage|p1a: Big Man|94/100 brn|[from] brn
|upkeep
|turn|25
|
|t:|1769304126
|move|p2a: Cinderace|U-turn|p1a: Big Man
|-start|p2a: Cinderace|typechange|Bug|[from] ability: Libero
|-resisted|p1a: Big Man
|-damage|p1a: Big Man|86/100 brn
|
|t:|1769304151
|switch|p2a: Tornadus|Tornadus-Therian, M|34/100|[from] U-turn
|move|p1a: Big Man|Toxic|p2a: Tornadus
|-status|p2a: Tornadus|tox
|
|-heal|p1a: Big Man|92/100 brn|[from] item: Leftovers
|-damage|p2a: Tornadus|28/100 tox|[from] psn
|-damage|p1a: Big Man|86/100 brn|[from] brn
|upkeep
|turn|26
|
|t:|1769304154
|move|p2a: Tornadus|Knock Off|p1a: Big Man
|-damage|p1a: Big Man|76/100 brn
|-enditem|p1a: Big Man|Leftovers|[from] move: Knock Off|[of] p2a: Tornadus
|move|p1a: Big Man|Stockpile|p1a: Big Man
|-start|p1a: Big Man|stockpile2
|-boost|p1a: Big Man|def|1
|-boost|p1a: Big Man|spd|1
|
|-damage|p2a: Tornadus|16/100 tox|[from] psn
|-damage|p1a: Big Man|70/100 brn|[from] brn
|upkeep
|turn|27
|
|t:|1769304163
|move|p2a: Tornadus|U-turn|p1a: Big Man
|-resisted|p1a: Big Man
|-damage|p1a: Big Man|67/100 brn
|
|t:|1769304165
|switch|p2a: Great Tusk|Great Tusk|100/100|[from] U-turn
|move|p1a: Big Man|Recover|p1a: Big Man
|-heal|p1a: Big Man|100/100 brn
|
|-damage|p1a: Big Man|94/100 brn|[from] brn
|upkeep
|turn|28
|
|t:|1769304167
|move|p2a: Great Tusk|Headlong Rush|p1a: Big Man
|-supereffective|p1a: Big Man
|-damage|p1a: Big Man|59/100 brn
|-unboost|p2a: Great Tusk|def|1
|-unboost|p2a: Great Tusk|spd|1
|move|p1a: Big Man|Toxic|p2a: Great Tusk
|-status|p2a: Great Tusk|tox
|
|-damage|p2a: Great Tusk|94/100 tox|[from] psn
|-damage|p1a: Big Man|53/100 brn|[from] brn
|upkeep
|turn|29
|
|t:|1769304172
|-end|p2a: Great Tusk|Protosynthesis|[silent]
|switch|p2a: Kingambit|Kingambit, F|54/100
|-activate|p2a: Kingambit|ability: Supreme Overlord
|-start|p2a: Kingambit|fallen2|[silent]
|move|p1a: Big Man|Recover|p1a: Big Man
|-heal|p1a: Big Man|100/100 brn
|
|-heal|p2a: Kingambit|60/100|[from] item: Leftovers
|-damage|p1a: Big Man|94/100 brn|[from] brn
|upkeep
|turn|30
|
|t:|1769304175
|-end|p2a: Kingambit|fallen2|[silent]
|switch|p2a: Tornadus|Tornadus-Therian, M|49/100 tox
|move|p1a: Big Man|Earthquake|p2a: Tornadus
|-immune|p2a: Tornadus
|
|-damage|p2a: Tornadus|43/100 tox|[from] psn
|-damage|p1a: Big Man|88/100 brn|[from] brn
|upkeep
|turn|31
|
|t:|1769304181
|move|p2a: Tornadus|U-turn|p1a: Big Man
|-resisted|p1a: Big Man
|-damage|p1a: Big Man|85/100 brn
|
|t:|1769304182
|switch|p2a: Great Tusk|Great Tusk|94/100 tox|[from] U-turn
|move|p1a: Big Man|Stockpile|p1a: Big Man
|-start|p1a: Big Man|stockpile3
|-boost|p1a: Big Man|def|1
|-boost|p1a: Big Man|spd|1
|
|-damage|p2a: Great Tusk|88/100 tox|[from] psn
|-damage|p1a: Big Man|79/100 brn|[from] brn
|upkeep
|turn|32
|
|t:|1769304186
|move|p2a: Great Tusk|Headlong Rush|p1a: Big Man
|-supereffective|p1a: Big Man
|-damage|p1a: Big Man|50/100 brn
|-unboost|p2a: Great Tusk|def|1
|-unboost|p2a: Great Tusk|spd|1
|move|p1a: Big Man|Recover|p1a: Big Man
|-heal|p1a: Big Man|99/100 brn
|
|-damage|p2a: Great Tusk|76/100 tox|[from] psn
|-damage|p1a: Big Man|94/100 brn|[from] brn
|upkeep
|turn|33
|
|t:|1769304191
|move|p2a: Great Tusk|Headlong Rush|p1a: Big Man
|-supereffective|p1a: Big Man
|-damage|p1a: Big Man|65/100 brn
|-unboost|p2a: Great Tusk|def|1
|-unboost|p2a: Great Tusk|spd|1
|move|p1a: Big Man|Stockpile||[still]
|-fail|p1a: Big Man
|
|-damage|p2a: Great Tusk|57/100 tox|[from] psn
|-damage|p1a: Big Man|59/100 brn|[from] brn
|upkeep
|turn|34
|
|t:|1769304194
|move|p2a: Great Tusk|Headlong Rush|p1a: Big Man
|-supereffective|p1a: Big Man
|-damage|p1a: Big Man|30/100 brn
|-unboost|p2a: Great Tusk|def|1
|-unboost|p2a: Great Tusk|spd|1
|move|p1a: Big Man|Recover|p1a: Big Man
|-heal|p1a: Big Man|80/100 brn
|
|-damage|p2a: Great Tusk|32/100 tox|[from] psn
|-damage|p1a: Big Man|74/100 brn|[from] brn
|upkeep
|turn|35
|
|t:|1769304198
|move|p2a: Great Tusk|Headlong Rush|p1a: Big Man
|-supereffective|p1a: Big Man
|-damage|p1a: Big Man|46/100 brn
|-unboost|p2a: Great Tusk|def|1
|-unboost|p2a: Great Tusk|spd|1
|move|p1a: Big Man|Recover|p1a: Big Man
|-heal|p1a: Big Man|96/100 brn
|
|-damage|p2a: Great Tusk|1/100 tox|[from] psn
|-damage|p1a: Big Man|89/100 brn|[from] brn
|upkeep
|turn|36
|
|t:|1769304202
|move|p2a: Great Tusk|Headlong Rush|p1a: Big Man
|-supereffective|p1a: Big Man
|-damage|p1a: Big Man|58/100 brn
|-unboost|p2a: Great Tusk|def|1
|-unboost|p2a: Great Tusk|spd|1
|move|p1a: Big Man|Earthquake|p2a: Great Tusk
|-damage|p2a: Great Tusk|0 fnt
|faint|p2a: Great Tusk
|-end|p2a: Great Tusk|Protosynthesis|[silent]
|
|-damage|p1a: Big Man|52/100 brn|[from] brn
|upkeep
|
|t:|1769304206
|switch|p2a: Kingambit|Kingambit, F|60/100
|-activate|p2a: Kingambit|ability: Supreme Overlord
|-start|p2a: Kingambit|fallen3|[silent]
|turn|37
|
|t:|1769304212
|-terastallize|p2a: Kingambit|Fairy
|move|p2a: Kingambit|Kowtow Cleave|p1a: Big Man
|-damage|p1a: Big Man|33/100 brn
|move|p1a: Big Man|Recover|p1a: Big Man
|-heal|p1a: Big Man|83/100 brn
|
|-heal|p2a: Kingambit|66/100|[from] item: Leftovers
|-damage|p1a: Big Man|77/100 brn|[from] brn
|upkeep
|turn|38
|
|t:|1769304220
|-end|p2a: Kingambit|fallen3|[silent]
|switch|p2a: Tornadus|Tornadus-Therian, M|76/100 tox
|move|p1a: Big Man|Earthquake|p2a: Tornadus
|-immune|p2a: Tornadus
|
|-damage|p2a: Tornadus|70/100 tox|[from] psn
|-damage|p1a: Big Man|71/100 brn|[from] brn
|upkeep
|turn|39
|
|t:|1769304224
|move|p2a: Tornadus|Bleakwind Storm|p1a: Big Man
|-damage|p1a: Big Man|58/100 brn
|move|p1a: Big Man|Toxic|p2a: Tornadus
|-fail|p2a: Tornadus|tox
|
|-damage|p2a: Tornadus|58/100 tox|[from] psn
|-damage|p1a: Big Man|52/100 brn|[from] brn
|upkeep
|turn|40
|
|t:|1769304226
|move|p2a: Tornadus|U-turn|p1a: Big Man
|-resisted|p1a: Big Man
|-damage|p1a: Big Man|50/100 brn
|
|t:|1769304227
|switch|p2a: Cinderace|Cinderace, M|57/100|[from] U-turn
|move|p1a: Big Man|Recover|p1a: Big Man
|-heal|p1a: Big Man|99/100 brn
|
|-damage|p1a: Big Man|94/100 brn|[from] brn
|upkeep
|turn|41
|
|t:|1769304232
|move|p2a: Cinderace|U-turn|p1a: Big Man
|-start|p2a: Cinderace|typechange|Bug|[from] ability: Libero
|-resisted|p1a: Big Man
|-damage|p1a: Big Man|88/100 brn
|
|t:|1769304234
|switch|p2a: Tornadus|Tornadus-Therian, M|91/100 tox|[from] U-turn
|move|p1a: Big Man|Toxic|p2a: Tornadus
|-fail|p2a: Tornadus|tox
|
|-damage|p2a: Tornadus|85/100 tox|[from] psn
|-damage|p1a: Big Man|82/100 brn|[from] brn
|upkeep
|turn|42
|
|t:|1769304237
|move|p2a: Tornadus|Bleakwind Storm|p1a: Big Man|[miss]
|-miss|p2a: Tornadus|p1a: Big Man
|move|p1a: Big Man|Toxic|p2a: Tornadus
|-fail|p2a: Tornadus|tox
|
|-damage|p2a: Tornadus|73/100 tox|[from] psn
|-damage|p1a: Big Man|76/100 brn|[from] brn
|upkeep
|turn|43
|
|t:|1769304241
|move|p2a: Tornadus|Bleakwind Storm|p1a: Big Man|[miss]
|-miss|p2a: Tornadus|p1a: Big Man
|move|p1a: Big Man|Toxic|p2a: Tornadus
|-fail|p2a: Tornadus|tox
|
|-damage|p2a: Tornadus|54/100 tox|[from] psn
|-damage|p1a: Big Man|70/100 brn|[from] brn
|upkeep
|turn|44
|
|t:|1769304243
|move|p2a: Tornadus|Bleakwind Storm|p1a: Big Man
|-damage|p1a: Big Man|58/100 brn
|-unboost|p1a: Big Man|spe|1
|move|p1a: Big Man|Toxic|p2a: Tornadus
|-fail|p2a: Tornadus|tox
|
|-damage|p2a: Tornadus|30/100 tox|[from] psn
|-damage|p1a: Big Man|52/100 brn|[from] brn
|upkeep
|turn|45
|
|t:|1769304248
|move|p2a: Tornadus|U-turn|p1a: Big Man
|-resisted|p1a: Big Man
|-damage|p1a: Big Man|50/100 brn
|j| St.Peewee
|
|t:|1769304249
|switch|p2a: Cinderace|Cinderace, M|57/100|[from] U-turn
|move|p1a: Big Man|Toxic|p2a: Cinderace
|-status|p2a: Cinderace|tox
|
|-damage|p2a: Cinderace|51/100 tox|[from] psn
|-damage|p1a: Big Man|44/100 brn|[from] brn
|upkeep
|turn|46
|
|t:|1769304255
|move|p2a: Cinderace|U-turn|p1a: Big Man
|-start|p2a: Cinderace|typechange|Bug|[from] ability: Libero
|-resisted|p1a: Big Man
|-damage|p1a: Big Man|39/100 brn
|
|t:|1769304256
|switch|p2a: Tornadus|Tornadus-Therian, M|63/100 tox|[from] U-turn
|move|p1a: Big Man|Recover|p1a: Big Man
|-heal|p1a: Big Man|89/100 brn
|
|-damage|p2a: Tornadus|57/100 tox|[from] psn
|-damage|p1a: Big Man|83/100 brn|[from] brn
|upkeep
|turn|47
|
|t:|1769304262
|move|p2a: Tornadus|U-turn|p1a: Big Man
|-resisted|p1a: Big Man
|-damage|p1a: Big Man|81/100 brn
|
|t:|1769304263
|switch|p2a: Cinderace|Cinderace, M|51/100 tox|[from] U-turn
|move|p1a: Big Man|Earthquake|p2a: Cinderace
|-supereffective|p2a: Cinderace
|-crit|p2a: Cinderace
|-damage|p2a: Cinderace|0 fnt
|faint|p2a: Cinderace
|
|-damage|p1a: Big Man|75/100 brn|[from] brn
|upkeep
|
|t:|1769304264
|switch|p2a: Tornadus|Tornadus-Therian, M|90/100 tox
|turn|48
|
|t:|1769304267
|move|p2a: Tornadus|Bleakwind Storm|p1a: Big Man
|-damage|p1a: Big Man|64/100 brn
|-unboost|p1a: Big Man|spe|1
|move|p1a: Big Man|Stockpile||[still]
|-fail|p1a: Big Man
|
|-damage|p2a: Tornadus|84/100 tox|[from] psn
|-damage|p1a: Big Man|57/100 brn|[from] brn
|upkeep
|turn|49
|
|t:|1769304271
|move|p2a: Tornadus|Bleakwind Storm|p1a: Big Man
|-damage|p1a: Big Man|47/100 brn
|move|p1a: Big Man|Toxic|p2a: Tornadus
|-fail|p2a: Tornadus|tox
|
|-damage|p2a: Tornadus|72/100 tox|[from] psn
|-damage|p1a: Big Man|41/100 brn|[from] brn
|upkeep
|turn|50
|
|t:|1769304276
|move|p2a: Tornadus|Bleakwind Storm|p1a: Big Man
|-damage|p1a: Big Man|29/100 brn
|move|p1a: Big Man|Toxic|p2a: Tornadus
|-fail|p2a: Tornadus|tox
|
|-damage|p2a: Tornadus|53/100 tox|[from] psn
|-damage|p1a: Big Man|23/100 brn|[from] brn
|upkeep
|turn|51
|
|t:|1769304281
|move|p2a: Tornadus|Bleakwind Storm|p1a: Big Man
|-damage|p1a: Big Man|11/100 brn
|move|p1a: Big Man|Toxic|p2a: Tornadus
|-fail|p2a: Tornadus|tox
|
|-damage|p2a: Tornadus|29/100 tox|[from] psn
|-damage|p1a: Big Man|5/100 brn|[from] brn
|upkeep
|turn|52
|
|t:|1769304285
|move|p2a: Tornadus|Bleakwind Storm|p1a: Big Man
|-damage|p1a: Big Man|0 fnt
|faint|p1a: Big Man
|
|-damage|p2a: Tornadus|0 fnt|[from] psn
|faint|p2a: Tornadus
|upkeep
|
|t:|1769304291
|switch|p2a: Kingambit|Kingambit, F, tera:Fairy|66/100
|switch|p1a: Fair and Balanced|Alomomola, F|100/100
|-activate|p2a: Kingambit|ability: Supreme Overlord
|-start|p2a: Kingambit|fallen5|[silent]
|turn|53
|
|t:|1769304296
|move|p2a: Kingambit|Kowtow Cleave|p1a: Fair and Balanced
|-damage|p1a: Fair and Balanced|46/100
|move|p1a: Fair and Balanced|Scald|p2a: Kingambit
|-damage|p2a: Kingambit|54/100
|
|-heal|p2a: Kingambit|60/100|[from] item: Leftovers
|upkeep
|turn|54
|
|t:|1769304306
|move|p2a: Kingambit|Kowtow Cleave|p1a: Fair and Balanced
|-damage|p1a: Fair and Balanced|0 fnt
|faint|p1a: Fair and Balanced
|
|-heal|p2a: Kingambit|66/100|[from] item: Leftovers
|upkeep
|
|t:|1769304308
|switch|p1a: him|Dragonite, M|79/100
|-damage|p1a: him|54/100|[from] Stealth Rock
|turn|55
|
|t:|1769304316
|move|p1a: him|Roost|p1a: him
|-heal|p1a: him|100/100
|-singleturn|p1a: him|move: Roost
|move|p2a: Kingambit|Tera Blast|p1a: him|[anim] Tera Blast Fairy
|-supereffective|p1a: him
|-damage|p1a: him|18/100
|
|-heal|p1a: him|24/100|[from] item: Leftovers
|-heal|p2a: Kingambit|72/100|[from] item: Leftovers
|upkeep
|turn|56
|
|t:|1769304319
|move|p1a: him|Iron Head|p2a: Kingambit
|-supereffective|p2a: Kingambit
|-damage|p2a: Kingambit|32/100
|move|p2a: Kingambit|Tera Blast|p1a: him|[anim] Tera Blast Fairy
|-supereffective|p1a: him
|-damage|p1a: him|0 fnt
|faint|p1a: him
|
|-heal|p2a: Kingambit|39/100|[from] item: Leftovers
|upkeep
|
|t:|1769304323
|switch|p1a: why|Cresselia, F, shiny, tera:Poison|13/100 par
|-damage|p1a: why|0 fnt|[from] Stealth Rock
|faint|p1a: why
|
|win|Audio Peel
|raw|ridlostar's rating: 1788 &rarr; <strong>1766</strong><br />(-22 for losing)
|raw|Audio Peel's rating: 1759 &rarr; <strong>1781</strong><br />(+22 for winning)
|l|☆ridlostar
|player|p1|
|l|☆Audio Peel
|player|p2|
|l| St.Peewee
