|j|☆WeHateDrewClark
|j|☆RedBlueGree
|t:|1769329827
|gametype|singles
|player|p1|WeHateDrewClark|swimmerf|1293
|player|p2|RedBlueGree|skier|1235
|gen|9
|tier|[Gen 9] OU
|rated|
|rule|HP Percentage Mod: HP is shown in percentages
|rule|Endless Battle Clause: Forcing endless battles is banned
|rule|Species Clause: Limit one of each Pokémon
|rule|OHKO Clause: OHKO moves are banned
|rule|Evasion Items Clause: Evasion items are banned
|rule|Evasion Moves Clause: Evasion moves are banned
|rule|Evasion Abilities Clause: Evasion abilities are banned
|rule|Sleep Moves Clause: Sleep-inducing moves are banned
|clearpoke
|poke|p1|Tyranitar, M|
|poke|p1|Excadrill, M|
|poke|p1|Iron Valiant|
|poke|p1|Zapdos|
|poke|p1|Ogerpon, F|
|poke|p1|Toxapex, M|
|poke|p2|Kingambit, F|
|poke|p2|Glimmora, F|
|poke|p2|Gholdengo|
|poke|p2|Maushold|
|poke|p2|Lokix, F|
|poke|p2|Pecharunt|
|teampreview
|inactive|Battle timer is ON: inactive players will automatically lose when time's up. (requested by RedBlueGree)
|
|t:|1769329854
|teamsize|p1|6
|teamsize|p2|6
|start
|switch|p1a: Tyranitar|Tyranitar, M, shiny|100/100
|switch|p2a: Lokix|Lokix, F|100/100
|-weather|Sandstorm|[from] ability: Sand Stream|[of] p1a: Tyranitar
|turn|1
|
|t:|1769329860
|switch|p1a: Zapdos|Zapdos, shiny|100/100
|move|p2a: Lokix|U-turn|p1a: Zapdos
|-resisted|p1a: Zapdos
|-damage|p1a: Zapdos|39/100
|-status|p2a: Lokix|par|[from] ability: Static|[of] p1a: Zapdos
|
|t:|1769329868
|switch|p2a: Glimmora|Glimmora, F|100/100|[from] U-turn
|
|-weather|Sandstorm|[upkeep]
|-damage|p1a: Zapdos|33/100|[from] Sandstorm
|upkeep
|turn|2
|
|t:|1769329879
|move|p1a: Zapdos|Volt Switch|p2a: Glimmora
|-damage|p2a: Glimmora|65/100
|
|t:|1769329884
|switch|p1a: Excadrill|Excadrill, M, shiny|100/100|[from] Volt Switch
|move|p2a: Glimmora|Power Gem|p1a: Excadrill
|-resisted|p1a: Excadrill
|-damage|p1a: Excadrill|84/100
|
|-weather|Sandstorm|[upkeep]
|-heal|p1a: Excadrill|90/100|[from] item: Leftovers
|upkeep
|turn|3
|
|t:|1769329904
|switch|p2a: Lokix|Lokix, F|100/100 par
|move|p1a: Excadrill|Substitute|p1a: Excadrill
|-start|p1a: Excadrill|Substitute
|-damage|p1a: Excadrill|65/100
|
|-weather|Sandstorm|[upkeep]
|-damage|p2a: Lokix|94/100 par|[from] Sandstorm
|-heal|p1a: Excadrill|71/100|[from] item: Leftovers
|upkeep
|turn|4
|
|t:|1769329907
|move|p1a: Excadrill|Earthquake|p2a: Lokix
|-resisted|p2a: Lokix
|-crit|p2a: Lokix
|-damage|p2a: Lokix|34/100 par
|cant|p2a: Lokix|par
|
|-weather|Sandstorm|[upkeep]
|-damage|p2a: Lokix|28/100 par|[from] Sandstorm
|-heal|p1a: Excadrill|78/100|[from] item: Leftovers
|upkeep
|turn|5
|
|t:|1769329913
|cant|p2a: Lokix|par
|move|p1a: Excadrill|Earthquake|p2a: Lokix
|-resisted|p2a: Lokix
|-damage|p2a: Lokix|0 fnt
|faint|p2a: Lokix
|
|-weather|Sandstorm|[upkeep]
|-heal|p1a: Excadrill|84/100|[from] item: Leftovers
|upkeep
|
|t:|1769329919
|switch|p2a: Gholdengo|Gholdengo|100/100
|turn|6
|
|t:|1769329922
|-terastallize|p2a: Gholdengo|Flying
|move|p1a: Excadrill|Earthquake|p2a: Gholdengo
|-immune|p2a: Gholdengo
|move|p2a: Gholdengo|Shadow Ball|p1a: Excadrill
|-end|p1a: Excadrill|Substitute
|
|-weather|Sandstorm|[upkeep]
|-damage|p2a: Gholdengo|94/100|[from] Sandstorm
|-heal|p1a: Excadrill|90/100|[from] item: Leftovers
|upkeep
|turn|7
|
|t:|1769329926
|move|p1a: Excadrill|Rock Slide|p2a: Gholdengo
|-supereffective|p2a: Gholdengo
|-damage|p2a: Gholdengo|34/100
|move|p2a: Gholdengo|Shadow Ball|p1a: Excadrill
|-damage|p1a: Excadrill|29/100
|
|-weather|Sandstorm|[upkeep]
|-damage|p2a: Gholdengo|27/100|[from] Sandstorm
|-heal|p1a: Excadrill|35/100|[from] item: Leftovers
|upkeep
|turn|8
|
|t:|1769329932
|move|p1a: Excadrill|Rock Slide|p2a: Gholdengo
|-supereffective|p2a: Gholdengo
|-damage|p2a: Gholdengo|0 fnt
|faint|p2a: Gholdengo
|
|-weather|none
|-heal|p1a: Excadrill|41/100|[from] item: Leftovers
|upkeep
|
|t:|1769329942
|switch|p2a: Glimmora|Glimmora, F|65/100
|turn|9
|
|t:|1769329947
|switch|p1a: Zapdos|Zapdos, shiny|33/100
|move|p2a: Glimmora|Earth Power|p1a: Zapdos
|-immune|p1a: Zapdos
|
|upkeep
|turn|10
|
|t:|1769329950
|move|p1a: Zapdos|Volt Switch|p2a: Glimmora
|-damage|p2a: Glimmora|14/100
|
|t:|1769329952
|switch|p1a: Tyranitar|Tyranitar, M, shiny|100/100|[from] Volt Switch
|-weather|Sandstorm|[from] ability: Sand Stream|[of] p1a: Tyranitar
|move|p2a: Glimmora|Stealth Rock|p1a: Tyranitar
|-sidestart|p1: WeHateDrewClark|move: Stealth Rock
|
|-weather|Sandstorm|[upkeep]
|upkeep
|turn|11
|
|t:|1769329957
|move|p2a: Glimmora|Mortal Spin|p1a: Tyranitar
|-resisted|p1a: Tyranitar
|-damage|p1a: Tyranitar|98/100
|-status|p1a: Tyranitar|psn
|move|p1a: Tyranitar|Stealth Rock|p2a: Glimmora
|-sidestart|p2: RedBlueGree|move: Stealth Rock
|
|-weather|Sandstorm|[upkeep]
|-damage|p1a: Tyranitar|85/100 psn|[from] psn
|upkeep
|turn|12
|
|t:|1769329961
|move|p2a: Glimmora|Mortal Spin|p1a: Tyranitar
|-resisted|p1a: Tyranitar
|-damage|p1a: Tyranitar|83/100 psn
|-sideend|p2: RedBlueGree|Stealth Rock|[from] move: Mortal Spin|[of] p2a: Glimmora
|move|p1a: Tyranitar|Knock Off|p2a: Glimmora
|-damage|p2a: Glimmora|0 fnt
|-activate|p2a: Glimmora|ability: Toxic Debris
|-sidestart|p1: WeHateDrewClark|move: Toxic Spikes
|-enditem|p2a: Glimmora|Focus Sash|[from] move: Knock Off|[of] p1a: Tyranitar
|faint|p2a: Glimmora
|
|-weather|Sandstorm|[upkeep]
|-damage|p1a: Tyranitar|70/100 psn|[from] psn
|upkeep
|
|t:|1769329973
|switch|p2a: Maushold|Maushold|100/100
|turn|13
|
|t:|1769329978
|move|p2a: Maushold|Population Bomb|p1a: Tyranitar
|-resisted|p1a: Tyranitar
|-damage|p1a: Tyranitar|65/100 psn
|-resisted|p1a: Tyranitar
|-crit|p1a: Tyranitar
|-damage|p1a: Tyranitar|58/100 psn
|-resisted|p1a: Tyranitar
|-damage|p1a: Tyranitar|53/100 psn
|-resisted|p1a: Tyranitar
|-damage|p1a: Tyranitar|48/100 psn
|-resisted|p1a: Tyranitar
|-damage|p1a: Tyranitar|43/100 psn
|-resisted|p1a: Tyranitar
|-damage|p1a: Tyranitar|38/100 psn
|-resisted|p1a: Tyranitar
|-damage|p1a: Tyranitar|33/100 psn
|-resisted|p1a: Tyranitar
|-damage|p1a: Tyranitar|28/100 psn
|-resisted|p1a: Tyranitar
|-damage|p1a: Tyranitar|23/100 psn
|-resisted|p1a: Tyranitar
|-damage|p1a: Tyranitar|18/100 psn
|-hitcount|p1a: Tyranitar|10
|move|p1a: Tyranitar|Knock Off|p2a: Maushold
|-damage|p2a: Maushold|15/100
|-enditem|p2a: Maushold|Wide Lens|[from] move: Knock Off|[of] p1a: Tyranitar
|
|-weather|Sandstorm|[upkeep]
|-damage|p2a: Maushold|9/100|[from] Sandstorm
|-damage|p1a: Tyranitar|6/100 psn|[from] psn
|upkeep
|turn|14
|
|t:|1769329999
|move|p2a: Maushold|Seed Bomb|p1a: Tyranitar
|-supereffective|p1a: Tyranitar
|-damage|p1a: Tyranitar|0 fnt
|faint|p1a: Tyranitar
|
|-weather|Sandstorm|[upkeep]
|-damage|p2a: Maushold|3/100|[from] Sandstorm
|upkeep
|
|t:|1769330005
|switch|p1a: Excadrill|Excadrill, M, shiny|41/100
|-damage|p1a: Excadrill|38/100|[from] Stealth Rock
|turn|15
|
|t:|1769330008
|move|p1a: Excadrill|Rapid Spin|p2a: Maushold
|-damage|p2a: Maushold|0 fnt
|-boost|p1a: Excadrill|spe|1
|-sideend|p1: WeHateDrewClark|Toxic Spikes|[from] move: Rapid Spin|[of] p1a: Excadrill
|-sideend|p1: WeHateDrewClark|Stealth Rock|[from] move: Rapid Spin|[of] p1a: Excadrill
|faint|p2a: Maushold
|
|-weather|Sandstorm|[upkeep]
|-heal|p1a: Excadrill|44/100|[from] item: Leftovers
|upkeep
|
|t:|1769330010
|switch|p2a: Pecharunt|Pecharunt|100/100
|turn|16
|
|t:|1769330015
|-terastallize|p1a: Excadrill|Ground
|move|p1a: Excadrill|Earthquake|p2a: Pecharunt
|-supereffective|p2a: Pecharunt
|-damage|p2a: Pecharunt|6/100
|move|p2a: Pecharunt|Hex|p1a: Excadrill
|-damage|p1a: Excadrill|7/100
|
|-weather|Sandstorm|[upkeep]
|-damage|p2a: Pecharunt|0 fnt|[from] Sandstorm
|faint|p2a: Pecharunt
|-heal|p1a: Excadrill|13/100|[from] item: Leftovers
|upkeep
|
|t:|1769330018
|switch|p2a: Kingambit|Kingambit, F|100/100
|-activate|p2a: Kingambit|ability: Supreme Overlord
|-start|p2a: Kingambit|fallen5|[silent]
|turn|17
|
|t:|1769330022
|move|p2a: Kingambit|Sucker Punch||[still]
|-fail|p2a: Kingambit
|move|p1a: Excadrill|Substitute|p1a: Excadrill
|-fail|p1a: Excadrill|move: Substitute|[weak]
|
|-weather|none
|-heal|p1a: Excadrill|19/100|[from] item: Leftovers
|upkeep
|turn|18
|
|t:|1769330028
|move|p1a: Excadrill|Earthquake|p2a: Kingambit
|-supereffective|p2a: Kingambit
|-damage|p2a: Kingambit|0 fnt
|faint|p2a: Kingambit
|-end|p2a: Kingambit|fallen5|[silent]
|
|win|WeHateDrewClark
|raw|WeHateDrewClark's rating: 1293 &rarr; <strong>1314</strong><br />(+21 for winning)
|raw|RedBlueGree's rating: 1235 &rarr; <strong>1214</strong><br />(-21 for losing)
|l|☆WeHateDrewClark
|player|p1|
|l|☆RedBlueGree
|player|p2|
