|j|‽qiyange
|j|☆Bu88le
|t:|1769404970
|gametype|singles
|player|p1|qiyange|2|1127
|player|p2|Bu88le|psychicf|1125
|gen|9
|tier|[Gen 9] OU
|rated|
|rule|HP Percentage Mod: HP is shown in percentages
|rule|Endless Battle Clause: Forcing endless battles is banned
|rule|Species Clause: Limit one of each Pokémon
|rule|OHKO Clause: OHKO moves are banned
|rule|Evasion Items Clause: Evasion items are banned
|rule|Evasion Moves Clause: Evasion moves are banned
|rule|Evasion Abilities Clause: Evasion abilities are banned
|rule|Sleep Moves Clause: Sleep-inducing moves are banned
|clearpoke
|poke|p1|Corviknight, F|
|poke|p1|Ting-Lu|
|poke|p1|Hatterene, F|
|poke|p1|Zamazenta-*|
|poke|p1|Latias, F|
|poke|p1|Heatran, F|
|poke|p2|Gallade, M|
|poke|p2|Mudsdale, F|
|poke|p2|Emboar, M|
|poke|p2|Diancie|
|poke|p2|Mismagius, F|
|poke|p2|Zarude|
|teampreview
|
|t:|1769404976
|teamsize|p1|6
|teamsize|p2|6
|start
|switch|p1a: Zamazenta|Zamazenta|100/100
|switch|p2a: Midna|Mismagius, F|100/100
|-ability|p1a: Zamazenta|Dauntless Shield|boost
|-boost|p1a: Zamazenta|def|1
|turn|1
|
|t:|1769404983
|move|p1a: Zamazenta|Light Screen|p1a: Zamazenta
|-sidestart|p1: qiyange|move: Light Screen
|move|p2a: Midna|Trick|p1a: Zamazenta
|-activate|p2a: Midna|move: Trick|[of] p1a: Zamazenta
|-item|p1a: Zamazenta|Black Sludge|[from] move: Trick
|-item|p2a: Midna|Light Clay|[from] move: Trick
|
|-damage|p1a: Zamazenta|88/100|[from] item: Black Sludge
|upkeep
|turn|2
|
|t:|1769404990
|move|p1a: Zamazenta|Reflect|p1a: Zamazenta
|-sidestart|p1: qiyange|Reflect
|move|p2a: Midna|Dazzling Gleam|p1a: Zamazenta
|-supereffective|p1a: Zamazenta
|-damage|p1a: Zamazenta|70/100
|
|-damage|p1a: Zamazenta|57/100|[from] item: Black Sludge
|upkeep
|turn|3
|
|t:|1769405004
|switch|p1a: Corviknight|Corviknight, F|100/100
|-ability|p1a: Corviknight|Pressure
|move|p2a: Midna|Dazzling Gleam|p1a: Corviknight
|-resisted|p1a: Corviknight
|-damage|p1a: Corviknight|95/100
|
|-heal|p1a: Corviknight|100/100|[from] item: Leftovers
|upkeep
|turn|4
|
|t:|1769405013
|move|p2a: Midna|Trick|p1a: Corviknight
|-activate|p2a: Midna|move: Trick|[of] p1a: Corviknight
|-item|p1a: Corviknight|Light Clay|[from] move: Trick
|-item|p2a: Midna|Leftovers|[from] move: Trick
|move|p1a: Corviknight|Agility|p1a: Corviknight
|-boost|p1a: Corviknight|spe|2
|
|upkeep
|turn|5
|
|t:|1769405020
|move|p1a: Corviknight|Bulk Up|p1a: Corviknight
|-boost|p1a: Corviknight|atk|1
|-boost|p1a: Corviknight|def|1
|move|p2a: Midna|Thunderbolt|p1a: Corviknight
|-supereffective|p1a: Corviknight
|-damage|p1a: Corviknight|74/100
|
|upkeep
|turn|6
|
|t:|1769405026
|move|p1a: Corviknight|Power Trip|p2a: Midna
|-supereffective|p2a: Midna
|-damage|p2a: Midna|0 fnt
|faint|p2a: Midna
|
|-sideend|p1: qiyange|Reflect
|upkeep
|
|t:|1769405049
|switch|p2a: Ganondorf|Emboar, M|100/100
|turn|7
|
|t:|1769405061
|move|p1a: Corviknight|Bulk Up|p1a: Corviknight
|-boost|p1a: Corviknight|atk|1
|-boost|p1a: Corviknight|def|1
|move|p2a: Ganondorf|Flare Blitz|p1a: Corviknight
|-supereffective|p1a: Corviknight
|-damage|p1a: Corviknight|6/100
|-damage|p2a: Ganondorf|79/100|[from] Recoil
|
|-heal|p2a: Ganondorf|85/100|[from] item: Leftovers
|upkeep
|turn|8
|
|t:|1769405070
|-terastallize|p1a: Corviknight|Flying
|move|p1a: Corviknight|Roost|p1a: Corviknight
|-heal|p1a: Corviknight|56/100
|-hint|If a Terastallized Pokemon uses Roost, it remains Flying-type.
|move|p2a: Ganondorf|Drain Punch|p1a: Corviknight
|-resisted|p1a: Corviknight
|-damage|p1a: Corviknight|48/100
|-heal|p2a: Ganondorf|89/100|[from] drain|[of] p1a: Corviknight
|
|-heal|p2a: Ganondorf|96/100|[from] item: Leftovers
|-sideend|p1: qiyange|move: Light Screen
|upkeep
|turn|9
|
|t:|1769405081
|move|p1a: Corviknight|Power Trip|p2a: Ganondorf
|-resisted|p2a: Ganondorf
|-damage|p2a: Ganondorf|62/100
|move|p2a: Ganondorf|Flare Blitz|p1a: Corviknight
|-damage|p1a: Corviknight|17/100
|-damage|p2a: Ganondorf|53/100|[from] Recoil
|
|-heal|p2a: Ganondorf|59/100|[from] item: Leftovers
|upkeep
|turn|10
|
|t:|1769405090
|move|p1a: Corviknight|Roost|p1a: Corviknight
|-heal|p1a: Corviknight|67/100
|-hint|If a Terastallized Pokemon uses Roost, it remains Flying-type.
|move|p2a: Ganondorf|Drain Punch|p1a: Corviknight
|-resisted|p1a: Corviknight
|-damage|p1a: Corviknight|58/100
|-heal|p2a: Ganondorf|63/100|[from] drain|[of] p1a: Corviknight
|
|-heal|p2a: Ganondorf|69/100|[from] item: Leftovers
|upkeep
|turn|11
|
|t:|1769405102
|move|p1a: Corviknight|Power Trip|p2a: Ganondorf
|-resisted|p2a: Ganondorf
|-damage|p2a: Ganondorf|35/100
|move|p2a: Ganondorf|Flare Blitz|p1a: Corviknight
|-damage|p1a: Corviknight|25/100
|-damage|p2a: Ganondorf|25/100|[from] Recoil
|
|-heal|p2a: Ganondorf|31/100|[from] item: Leftovers
|upkeep
|turn|12
|
|t:|1769405111
|switch|p2a: Epona|Mudsdale, F|100/100
|move|p1a: Corviknight|Power Trip|p2a: Epona
|-damage|p2a: Epona|49/100
|-ability|p2a: Epona|Stamina|boost
|-boost|p2a: Epona|def|1
|
|upkeep
|turn|13
|
|t:|1769405119
|move|p1a: Corviknight|Roost|p1a: Corviknight
|-heal|p1a: Corviknight|75/100
|-hint|If a Terastallized Pokemon uses Roost, it remains Flying-type.
|move|p2a: Epona|Rest|p2a: Epona
|-status|p2a: Epona|slp|[from] move: Rest
|-heal|p2a: Epona|100/100 slp|[silent]
|-enditem|p2a: Epona|Chesto Berry|[eat]
|-curestatus|p2a: Epona|slp|[msg]
|
|upkeep
|turn|14
|
|t:|1769405128
|move|p1a: Corviknight|Bulk Up|p1a: Corviknight
|-boost|p1a: Corviknight|atk|1
|-boost|p1a: Corviknight|def|1
|move|p2a: Epona|Body Press|p1a: Corviknight
|-resisted|p1a: Corviknight
|-damage|p1a: Corviknight|70/100
|
|upkeep
|turn|15
|
|t:|1769405135
|move|p1a: Corviknight|Power Trip|p2a: Epona
|-damage|p2a: Epona|47/100
|-ability|p2a: Epona|Stamina|boost
|-boost|p2a: Epona|def|1
|move|p2a: Epona|Heavy Slam|p1a: Corviknight
|-crit|p1a: Corviknight
|-damage|p1a: Corviknight|19/100
|
|upkeep
|turn|16
|
|t:|1769405144
|move|p1a: Corviknight|Power Trip|p2a: Epona
|-damage|p2a: Epona|10/100
|-ability|p2a: Epona|Stamina|boost
|-boost|p2a: Epona|def|1
|move|p2a: Epona|Earthquake|p1a: Corviknight
|-immune|p1a: Corviknight
|
|upkeep
|turn|17
|
|t:|1769405156
|move|p1a: Corviknight|Power Trip|p2a: Epona
|-damage|p2a: Epona|0 fnt
|faint|p2a: Epona
|
|upkeep
|
|t:|1769405164
|switch|p2a: Link|Gallade, M|100/100
|turn|18
|
|t:|1769405172
|move|p1a: Corviknight|Roost|p1a: Corviknight
|-heal|p1a: Corviknight|69/100
|-hint|If a Terastallized Pokemon uses Roost, it remains Flying-type.
|move|p2a: Link|Agility|p2a: Link
|-boost|p2a: Link|spe|2
|
|upkeep
|turn|19
|
|t:|1769405178
|move|p2a: Link|Sacred Sword|p1a: Corviknight
|-resisted|p1a: Corviknight
|-crit|p1a: Corviknight
|-damage|p1a: Corviknight|26/100
|move|p1a: Corviknight|Power Trip|p2a: Link
|-damage|p2a: Link|0 fnt
|faint|p2a: Link
|
|upkeep
|
|t:|1769405184
|switch|p2a: Skull Kid|Zarude|100/100
|turn|20
|
|t:|1769405189
|move|p1a: Corviknight|Power Trip|p2a: Skull Kid
|-resisted|p2a: Skull Kid
|-damage|p2a: Skull Kid|55/100
|move|p2a: Skull Kid|Knock Off|p1a: Corviknight
|-damage|p1a: Corviknight|10/100
|-enditem|p1a: Corviknight|Light Clay|[from] move: Knock Off|[of] p2a: Skull Kid
|
|upkeep
|turn|21
|
|t:|1769405196
|move|p1a: Corviknight|Roost|p1a: Corviknight
|-heal|p1a: Corviknight|60/100
|-hint|If a Terastallized Pokemon uses Roost, it remains Flying-type.
|move|p2a: Skull Kid|Jungle Healing|p2a: Skull Kid
|-heal|p2a: Skull Kid|80/100
|
|upkeep
|turn|22
|
|t:|1769405203
|move|p1a: Corviknight|Bulk Up|p1a: Corviknight
|-boost|p1a: Corviknight|atk|1
|-boost|p1a: Corviknight|def|1
|move|p2a: Skull Kid|Jungle Healing|p2a: Skull Kid
|-heal|p2a: Skull Kid|100/100
|
|upkeep
|turn|23
|
|t:|1769405210
|move|p1a: Corviknight|Power Trip|p2a: Skull Kid
|-resisted|p2a: Skull Kid
|-damage|p2a: Skull Kid|33/100
|move|p2a: Skull Kid|Seed Bomb|p1a: Corviknight
|-resisted|p1a: Corviknight
|-damage|p1a: Corviknight|55/100
|
|upkeep
|turn|24
|
|t:|1769405217
|move|p1a: Corviknight|Power Trip|p2a: Skull Kid
|-resisted|p2a: Skull Kid
|-damage|p2a: Skull Kid|0 fnt
|faint|p2a: Skull Kid
|
|upkeep
|
|t:|1769405220
|switch|p2a: Zelda|Diancie|100/100
|turn|25
|
|t:|1769405224
|move|p1a: Corviknight|Power Trip|p2a: Zelda
|-resisted|p2a: Zelda
|-damage|p2a: Zelda|46/100
|move|p2a: Zelda|Diamond Storm|p1a: Corviknight|[miss]
|-miss|p2a: Zelda|p1a: Corviknight
|
|-heal|p2a: Zelda|52/100|[from] item: Leftovers
|upkeep
|turn|26
|-message|Bu88le forfeited.
|
|win|qiyange
|raw|qiyange's rating: 1127 &rarr; <strong>1152</strong><br />(+25 for winning)
|raw|Bu88le's rating: 1125 &rarr; <strong>1100</strong><br />(-25 for losing)
|l|☆Bu88le
|player|p2|
|l|‽qiyange
|player|p1|
