|j|☆Libraries
|j|☆kfkzzl
|t:|1769317638
|gametype|singles
|player|p1|Libraries|skierf|1381
|player|p2|kfkzzl|265|1423
|gen|9
|tier|[Gen 9] OU
|rated|
|rule|HP Percentage Mod: HP is shown in percentages
|rule|Endless Battle Clause: Forcing endless battles is banned
|rule|Species Clause: Limit one of each Pokémon
|rule|OHKO Clause: OHKO moves are banned
|rule|Evasion Items Clause: Evasion items are banned
|rule|Evasion Moves Clause: Evasion moves are banned
|rule|Evasion Abilities Clause: Evasion abilities are banned
|rule|Sleep Moves Clause: Sleep-inducing moves are banned
|clearpoke
|poke|p1|Hydrapple, M|
|poke|p1|Gliscor, M|
|poke|p1|Slowking-Galar, M|
|poke|p1|Cinderace, M|
|poke|p1|Kingambit, M|
|poke|p1|Iron Valiant|
|poke|p2|Sandy Shocks|
|poke|p2|Scizor, F|
|poke|p2|Manaphy|
|poke|p2|Latios, M|
|poke|p2|Ogerpon, F|
|poke|p2|Iron Jugulis|
|teampreview
|inactive|Battle timer is ON: inactive players will automatically lose when time's up. (requested by Libraries)
|
|t:|1769317652
|teamsize|p1|6
|teamsize|p2|6
|start
|switch|p1a: Hydrapple|Hydrapple, M, shiny|100/100
|switch|p2a: Manaphy|Manaphy|100/100
|turn|1
|
|t:|1769317671
|-terastallize|p2a: Manaphy|Grass
|move|p2a: Manaphy|Tail Glow|p2a: Manaphy
|-boost|p2a: Manaphy|spa|3
|move|p1a: Hydrapple|Giga Drain|p2a: Manaphy
|-resisted|p2a: Manaphy
|-damage|p2a: Manaphy|72/100
|-damage|p1a: Hydrapple|91/100|[from] item: Life Orb
|
|upkeep
|turn|2
|
|t:|1769317675
|move|p2a: Manaphy|Ice Beam|p1a: Hydrapple
|-supereffective|p1a: Hydrapple
|-damage|p1a: Hydrapple|0 fnt
|faint|p1a: Hydrapple
|
|upkeep
|
|t:|1769317679
|switch|p1a: Cinderace|Cinderace, M, shiny|100/100
|turn|3
|
|t:|1769317707
|switch|p2a: Sandy Shocks|Sandy Shocks|100/100
|-enditem|p2a: Sandy Shocks|Booster Energy
|-activate|p2a: Sandy Shocks|ability: Protosynthesis|[fromitem]
|-start|p2a: Sandy Shocks|protosynthesisspe
|move|p1a: Cinderace|U-turn|p2a: Sandy Shocks
|-start|p1a: Cinderace|typechange|Bug|[from] ability: Libero
|-damage|p2a: Sandy Shocks|62/100
|
|t:|1769317715
|switch|p1a: Gliscor|Gliscor, M, shiny|100/100|[from] U-turn
|
|-status|p1a: Gliscor|tox|[from] item: Toxic Orb
|upkeep
|turn|4
|
|t:|1769317722
|move|p2a: Sandy Shocks|Stealth Rock|p1a: Gliscor
|-sidestart|p1: Libraries|move: Stealth Rock
|move|p1a: Gliscor|Swords Dance|p1a: Gliscor
|-boost|p1a: Gliscor|atk|2
|
|upkeep
|turn|5
|
|t:|1769317733
|move|p2a: Sandy Shocks|Flash Cannon|p1a: Gliscor
|-damage|p1a: Gliscor|60/100 tox
|move|p1a: Gliscor|Earthquake|p2a: Sandy Shocks
|-supereffective|p2a: Sandy Shocks
|-damage|p2a: Sandy Shocks|0 fnt
|faint|p2a: Sandy Shocks
|-end|p2a: Sandy Shocks|Protosynthesis|[silent]
|
|-heal|p1a: Gliscor|72/100 tox|[from] ability: Poison Heal
|upkeep
|
|t:|1769317738
|switch|p2a: Manaphy|Manaphy, tera:Grass|72/100
|turn|6
|inactive|kfkzzl has 120 seconds left.
|
|t:|1769317781
|-terastallize|p1a: Gliscor|Fairy
|move|p2a: Manaphy|Energy Ball|p1a: Gliscor
|-damage|p1a: Gliscor|13/100 tox
|move|p1a: Gliscor|Swords Dance|p1a: Gliscor
|-boost|p1a: Gliscor|atk|2
|
|-heal|p1a: Gliscor|26/100 tox|[from] ability: Poison Heal
|upkeep
|turn|7
|
|t:|1769317796
|move|p1a: Gliscor|Protect|p1a: Gliscor
|-singleturn|p1a: Gliscor|Protect
|move|p2a: Manaphy|Surf|p1a: Gliscor
|-activate|p1a: Gliscor|move: Protect
|
|-heal|p1a: Gliscor|38/100 tox|[from] ability: Poison Heal
|upkeep
|turn|8
|inactive|kfkzzl has 120 seconds left.
|
|t:|1769317818
|switch|p1a: Slowking|Slowking-Galar, M, shiny|100/100
|-damage|p1a: Slowking|88/100|[from] Stealth Rock
|move|p2a: Manaphy|Surf|p1a: Slowking
|-damage|p1a: Slowking|66/100
|
|upkeep
|turn|9
|inactive|kfkzzl has 120 seconds left.
|
|t:|1769317829
|switch|p2a: Scizor|Scizor, F|100/100
|move|p1a: Slowking|Sludge Bomb|p2a: Scizor
|-immune|p2a: Scizor
|
|upkeep
|turn|10
|
|t:|1769317836
|move|p2a: Scizor|Swords Dance|p2a: Scizor
|-boost|p2a: Scizor|atk|2
|move|p1a: Slowking|Flamethrower|p2a: Scizor
|-supereffective|p2a: Scizor
|-damage|p2a: Scizor|0 fnt
|faint|p2a: Scizor
|
|upkeep
|inactive|kfkzzl has 120 seconds left.
|
|t:|1769317851
|switch|p2a: Latios|Latios, M|100/100
|turn|11
|
|t:|1769317859
|move|p2a: Latios|Agility|p2a: Latios
|-boost|p2a: Latios|spe|2
|move|p1a: Slowking|Sludge Bomb|p2a: Latios
|-damage|p2a: Latios|73/100
|-status|p2a: Latios|psn
|
|-damage|p2a: Latios|61/100 psn|[from] psn
|upkeep
|turn|12
|inactive|kfkzzl has 120 seconds left.
|
|t:|1769317882
|move|p2a: Latios|Calm Mind|p2a: Latios
|-boost|p2a: Latios|spa|1
|-boost|p2a: Latios|spd|1
|move|p1a: Slowking|Sludge Bomb|p2a: Latios
|-damage|p2a: Latios|41/100 psn
|
|-damage|p2a: Latios|29/100 psn|[from] psn
|upkeep
|turn|13
|
|t:|1769317890
|move|p2a: Latios|Stored Power|p1a: Slowking
|-damage|p1a: Slowking|28/100
|move|p1a: Slowking|Psychic Noise|p2a: Latios
|-resisted|p2a: Latios
|-damage|p2a: Latios|21/100 psn
|-start|p2a: Latios|move: Heal Block
|
|-damage|p2a: Latios|9/100 psn|[from] psn
|upkeep
|turn|14
|
|t:|1769317894
|switch|p1a: Kingambit|Kingambit, M, shiny|100/100
|-damage|p1a: Kingambit|94/100|[from] Stealth Rock
|-activate|p1a: Kingambit|ability: Supreme Overlord
|-start|p1a: Kingambit|fallen1|[silent]
|-item|p1a: Kingambit|Air Balloon
|move|p2a: Latios|Stored Power|p1a: Kingambit
|-immune|p1a: Kingambit
|
|-damage|p2a: Latios|0 fnt|[from] psn
|faint|p2a: Latios
|upkeep
|
|t:|1769317900
|switch|p2a: Iron Jugulis|Iron Jugulis|100/100
|-enditem|p2a: Iron Jugulis|Booster Energy
|-activate|p2a: Iron Jugulis|ability: Quark Drive|[fromitem]
|-start|p2a: Iron Jugulis|quarkdrivespe
|turn|15
|
|t:|1769317909
|-end|p1a: Kingambit|fallen1|[silent]
|switch|p1a: Gliscor|Gliscor, M, shiny, tera:Fairy|38/100 tox
|-damage|p1a: Gliscor|26/100 tox|[from] Stealth Rock
|move|p2a: Iron Jugulis|Hurricane|p1a: Gliscor|[miss]
|-miss|p2a: Iron Jugulis|p1a: Gliscor
|
|-heal|p1a: Gliscor|38/100 tox|[from] ability: Poison Heal
|upkeep
|turn|16
|
|t:|1769317916
|move|p1a: Gliscor|Protect|p1a: Gliscor
|-singleturn|p1a: Gliscor|Protect
|move|p2a: Iron Jugulis|Hurricane|p1a: Gliscor
|-activate|p1a: Gliscor|move: Protect
|
|-heal|p1a: Gliscor|50/100 tox|[from] ability: Poison Heal
|upkeep
|turn|17
|
|t:|1769317920
|switch|p1a: Slowking|Slowking-Galar, M, shiny|61/100
|-damage|p1a: Slowking|49/100|[from] Stealth Rock
|move|p2a: Iron Jugulis|Hurricane|p1a: Slowking
|-damage|p1a: Slowking|21/100
|-start|p1a: Slowking|confusion
|
|upkeep
|turn|18
|
|t:|1769317931
|switch|p1a: Kingambit|Kingambit, M, shiny|94/100
|-damage|p1a: Kingambit|88/100|[from] Stealth Rock
|-activate|p1a: Kingambit|ability: Supreme Overlord
|-start|p1a: Kingambit|fallen1|[silent]
|-item|p1a: Kingambit|Air Balloon
|move|p2a: Iron Jugulis|Dark Pulse|p1a: Kingambit
|-resisted|p1a: Kingambit
|-damage|p1a: Kingambit|64/100
|-enditem|p1a: Kingambit|Air Balloon
|
|upkeep
|turn|19
|
|t:|1769317937
|move|p2a: Iron Jugulis|Earth Power|p1a: Kingambit
|-supereffective|p1a: Kingambit
|-damage|p1a: Kingambit|0 fnt
|faint|p1a: Kingambit
|-end|p1a: Kingambit|fallen1|[silent]
|
|upkeep
|
|t:|1769317943
|switch|p1a: Iron Valiant|Iron Valiant, shiny|100/100
|-damage|p1a: Iron Valiant|94/100|[from] Stealth Rock
|-enditem|p1a: Iron Valiant|Booster Energy
|-activate|p1a: Iron Valiant|ability: Quark Drive|[fromitem]
|-start|p1a: Iron Valiant|quarkdrivespe
|turn|20
|
|t:|1769317949
|move|p1a: Iron Valiant|Moonblast|p2a: Iron Jugulis
|-supereffective|p2a: Iron Jugulis
|-damage|p2a: Iron Jugulis|0 fnt
|faint|p2a: Iron Jugulis
|-end|p2a: Iron Jugulis|Quark Drive|[silent]
|
|upkeep
|
|t:|1769317953
|switch|p2a: Ogerpon|Ogerpon, F|100/100
|turn|21
|
|t:|1769317960
|move|p1a: Iron Valiant|Moonblast|p2a: Ogerpon
|-damage|p2a: Ogerpon|48/100
|move|p2a: Ogerpon|Rock Tomb|p1a: Iron Valiant
|-resisted|p1a: Iron Valiant
|-damage|p1a: Iron Valiant|79/100
|-unboost|p1a: Iron Valiant|spe|1
|-damage|p2a: Ogerpon|38/100|[from] item: Life Orb
|
|upkeep
|turn|22
|
|t:|1769317967
|move|p1a: Iron Valiant|Moonblast|p2a: Ogerpon
|-damage|p2a: Ogerpon|0 fnt
|faint|p2a: Ogerpon
|
|upkeep
|
|t:|1769317970
|switch|p2a: Manaphy|Manaphy, tera:Grass|72/100
|turn|23
|
|t:|1769317974
|move|p1a: Iron Valiant|Moonblast|p2a: Manaphy
|-damage|p2a: Manaphy|27/100
|-enditem|p2a: Manaphy|Sitrus Berry|[eat]
|-heal|p2a: Manaphy|51/100|[from] item: Sitrus Berry
|move|p2a: Manaphy|Tail Glow|p2a: Manaphy
|-boost|p2a: Manaphy|spa|3
|
|upkeep
|turn|24
|
|t:|1769317977
|move|p1a: Iron Valiant|Encore|p2a: Manaphy
|-start|p2a: Manaphy|Encore
|move|p2a: Manaphy|Tail Glow|p2a: Manaphy
|-boost|p2a: Manaphy|spa|3
|
|upkeep
|turn|25
|-message|kfkzzl forfeited.
|
|win|Libraries
|raw|Libraries's rating: 1381 &rarr; <strong>1403</strong><br />(+22 for winning)
|raw|kfkzzl's rating: 1423 &rarr; <strong>1401</strong><br />(-22 for losing)
|l|☆Libraries
|player|p1|
|l|☆kfkzzl
|player|p2|
