|j|☆Jc3_123abc
|j|‽Roboute
|t:|1769405307
|gametype|singles
|player|p1|Jc3_123abc|policeman-gen4|1377
|player|p2|Roboute|170|1428
|gen|9
|tier|[Gen 9] OU
|rated|
|rule|HP Percentage Mod: HP is shown in percentages
|rule|Endless Battle Clause: Forcing endless battles is banned
|rule|Species Clause: Limit one of each Pokémon
|rule|OHKO Clause: OHKO moves are banned
|rule|Evasion Items Clause: Evasion items are banned
|rule|Evasion Moves Clause: Evasion moves are banned
|rule|Evasion Abilities Clause: Evasion abilities are banned
|rule|Sleep Moves Clause: Sleep-inducing moves are banned
|clearpoke
|poke|p1|Volcanion|
|poke|p1|Heatran, F|
|poke|p1|Cinccino, F|
|poke|p1|Dragonite, M|
|poke|p1|Rotom-Wash|
|poke|p1|Great Tusk|
|poke|p2|Hatterene, F|
|poke|p2|Ursaluna, M|
|poke|p2|Porygon2|
|poke|p2|Cresselia, F|
|poke|p2|Iron Hands|
|poke|p2|Volcanion|
|teampreview
|inactive|Battle timer is ON: inactive players will automatically lose when time's up. (requested by Roboute)
|
|t:|1769405327
|teamsize|p1|6
|teamsize|p2|6
|start
|switch|p1a: Heatran|Heatran, F|100/100
|switch|p2a: Cresselia|Cresselia, F, shiny|100/100
|turn|1
|
|t:|1769405334
|switch|p1a: Volcanion|Volcanion|100/100
|move|p2a: Cresselia|Trick Room|p2a: Cresselia
|-fieldstart|move: Trick Room|[of] p2a: Cresselia
|
|upkeep
|turn|2
|
|t:|1769405343
|switch|p2a: Volcanion|Volcanion|100/100
|move|p1a: Volcanion|Earth Power|p2a: Volcanion
|-supereffective|p2a: Volcanion
|-damage|p2a: Volcanion|0 fnt
|faint|p2a: Volcanion
|
|upkeep
|
|t:|1769405353
|switch|p2a: Ursaluna|Ursaluna, M|100/100
|turn|3
|
|t:|1769405378
|switch|p1a: Dragonite|Dragonite, M|100/100
|move|p2a: Ursaluna|Protect||[still]
|-fail|p2a: Ursaluna
|
|-status|p2a: Ursaluna|brn|[from] item: Flame Orb
|upkeep
|turn|4
|
|t:|1769405384
|move|p1a: Dragonite|Extreme Speed|p2a: Ursaluna
|-damage|p2a: Ursaluna|81/100 brn
|move|p2a: Ursaluna|Facade|p1a: Dragonite
|-damage|p1a: Dragonite|52/100
|-damage|p2a: Ursaluna|64/100 brn|[from] item: Rocky Helmet|[of] p1a: Dragonite
|
|-damage|p2a: Ursaluna|58/100 brn|[from] brn
|upkeep
|turn|5
|
|t:|1769405397
|move|p1a: Dragonite|Extreme Speed|p2a: Ursaluna
|-damage|p2a: Ursaluna|37/100 brn
|move|p2a: Ursaluna|Headlong Rush|p1a: Dragonite
|-immune|p1a: Dragonite
|
|-damage|p2a: Ursaluna|31/100 brn|[from] brn
|-fieldend|move: Trick Room
|upkeep
|turn|6
|
|t:|1769405402
|switch|p2a: Cresselia|Cresselia, F, shiny|100/100
|move|p1a: Dragonite|Extreme Speed|p2a: Cresselia
|-damage|p2a: Cresselia|84/100
|
|upkeep
|turn|7
|
|t:|1769405408
|move|p1a: Dragonite|Roost|p1a: Dragonite
|-heal|p1a: Dragonite|100/100
|-singleturn|p1a: Dragonite|move: Roost
|move|p2a: Cresselia|Trick Room|p2a: Cresselia
|-fieldstart|move: Trick Room|[of] p2a: Cresselia
|
|upkeep
|turn|8
|
|t:|1769405417
|move|p2a: Cresselia|Moonblast|p1a: Dragonite
|-supereffective|p1a: Dragonite
|-crit|p1a: Dragonite
|-damage|p1a: Dragonite|77/100
|move|p1a: Dragonite|Dragon Tail|p2a: Cresselia|[miss]
|-miss|p1a: Dragonite|p2a: Cresselia
|
|upkeep
|turn|9
|
|t:|1769405426
|switch|p1a: Rotom|Rotom-Wash|100/100
|move|p2a: Cresselia|Lunar Dance|p2a: Cresselia
|faint|p2a: Cresselia
|
|upkeep
|
|t:|1769405430
|switch|p2a: Ursaluna|Ursaluna, M|31/100 brn
|-heal|p2a: Ursaluna|100/100|[from] move: Lunar Dance
|turn|10
|
|t:|1769405438
|-terastallize|p1a: Rotom|Steel
|move|p2a: Ursaluna|Protect|p2a: Ursaluna
|-singleturn|p2a: Ursaluna|Protect
|move|p1a: Rotom|Hydro Pump|p2a: Ursaluna
|-activate|p2a: Ursaluna|move: Protect
|
|-status|p2a: Ursaluna|brn|[from] item: Flame Orb
|upkeep
|turn|11
|
|t:|1769405449
|move|p2a: Ursaluna|Fire Punch|p1a: Rotom
|-supereffective|p1a: Rotom
|-damage|p1a: Rotom|14/100
|move|p1a: Rotom|Hydro Pump|p2a: Ursaluna
|-supereffective|p2a: Ursaluna
|-damage|p2a: Ursaluna|10/100 brn
|
|-heal|p1a: Rotom|20/100|[from] item: Leftovers
|-damage|p2a: Ursaluna|4/100 brn|[from] brn
|-fieldend|move: Trick Room
|upkeep
|turn|12
|
|t:|1769405458
|switch|p1a: Dragonite|Dragonite, M|77/100
|move|p2a: Ursaluna|Fire Punch|p1a: Dragonite
|-resisted|p1a: Dragonite
|-damage|p1a: Dragonite|61/100
|-damage|p2a: Ursaluna|0 fnt|[from] item: Rocky Helmet|[of] p1a: Dragonite
|faint|p2a: Ursaluna
|
|upkeep
|
|t:|1769405462
|switch|p2a: Porygon2|Porygon2|100/100
|-ability|p2a: Porygon2|Download|boost
|-boost|p2a: Porygon2|spa|1
|turn|13
|
|t:|1769405468
|switch|p1a: Rotom|Rotom-Wash, tera:Steel|20/100
|move|p2a: Porygon2|Trick Room|p2a: Porygon2
|-fieldstart|move: Trick Room|[of] p2a: Porygon2
|
|-heal|p1a: Rotom|26/100|[from] item: Leftovers
|upkeep
|turn|14
|
|t:|1769405482
|move|p2a: Porygon2|Tera Blast|p1a: Rotom
|-resisted|p1a: Rotom
|-damage|p1a: Rotom|0 fnt
|faint|p1a: Rotom
|
|upkeep
|
|t:|1769405486
|switch|p1a: Heatran|Heatran, F|100/100
|turn|15
|
|t:|1769405490
|-terastallize|p2a: Porygon2|Ground
|move|p2a: Porygon2|Tera Blast|p1a: Heatran|[anim] Tera Blast Ground
|-supereffective|p1a: Heatran
|-damage|p1a: Heatran|0 fnt
|faint|p1a: Heatran
|
|upkeep
|
|t:|1769405508
|switch|p1a: Volcanion|Volcanion|100/100
|turn|16
|
|t:|1769405514
|switch|p1a: Dragonite|Dragonite, M|61/100
|move|p2a: Porygon2|Tera Blast|p1a: Dragonite|[anim] Tera Blast Ground
|-immune|p1a: Dragonite
|
|upkeep
|turn|17
|
|t:|1769405523
|move|p2a: Porygon2|Ice Beam|p1a: Dragonite
|-supereffective|p1a: Dragonite
|-damage|p1a: Dragonite|0 fnt
|faint|p1a: Dragonite
|
|-fieldend|move: Trick Room
|upkeep
|
|t:|1769405526
|switch|p1a: Volcanion|Volcanion|100/100
|turn|18
|
|t:|1769405554
|switch|p2a: Hatterene|Hatterene, F, shiny|100/100
|move|p1a: Volcanion|Steam Eruption|p2a: Hatterene
|-damage|p2a: Hatterene|8/100
|-status|p2a: Hatterene|brn
|
|-damage|p2a: Hatterene|2/100 brn|[from] brn
|upkeep
|turn|19
|
|t:|1769405558
|move|p1a: Volcanion|Steam Eruption|p2a: Hatterene
|-damage|p2a: Hatterene|0 fnt
|faint|p2a: Hatterene
|
|upkeep
|
|t:|1769405562
|switch|p2a: Iron Hands|Iron Hands|100/100
|-enditem|p2a: Iron Hands|Booster Energy
|-activate|p2a: Iron Hands|ability: Quark Drive|[fromitem]
|-start|p2a: Iron Hands|quarkdriveatk
|turn|20
|
|t:|1769405567
|switch|p1a: Dragon slayer|Cinccino, F|100/100
|move|p2a: Iron Hands|Drain Punch|p1a: Dragon slayer
|-supereffective|p1a: Dragon slayer
|-damage|p1a: Dragon slayer|0 fnt
|faint|p1a: Dragon slayer
|
|upkeep
|
|t:|1769405568
|switch|p1a: Great Tusk|Great Tusk|100/100
|turn|21
|
|t:|1769405579
|move|p1a: Great Tusk|Headlong Rush|p2a: Iron Hands
|-supereffective|p2a: Iron Hands
|-damage|p2a: Iron Hands|34/100
|-unboost|p1a: Great Tusk|def|1
|-unboost|p1a: Great Tusk|spd|1
|move|p2a: Iron Hands|Ice Punch|p1a: Great Tusk
|-supereffective|p1a: Great Tusk
|-damage|p1a: Great Tusk|43/100
|
|upkeep
|turn|22
|
|t:|1769405584
|move|p1a: Great Tusk|Headlong Rush|p2a: Iron Hands
|-supereffective|p2a: Iron Hands
|-damage|p2a: Iron Hands|0 fnt
|-unboost|p1a: Great Tusk|def|1
|-unboost|p1a: Great Tusk|spd|1
|faint|p2a: Iron Hands
|-end|p2a: Iron Hands|Quark Drive|[silent]
|
|upkeep
|
|t:|1769405586
|switch|p2a: Porygon2|Porygon2, tera:Ground|100/100
|-ability|p2a: Porygon2|Download|boost
|-boost|p2a: Porygon2|spa|1
|turn|23
|
|t:|1769405591
|move|p1a: Great Tusk|Ice Spinner|p2a: Porygon2
|-supereffective|p2a: Porygon2
|-damage|p2a: Porygon2|72/100
|move|p2a: Porygon2|Trick Room|p2a: Porygon2
|-fieldstart|move: Trick Room|[of] p2a: Porygon2
|
|upkeep
|turn|24
|
|t:|1769405596
|move|p2a: Porygon2|Tera Blast|p1a: Great Tusk|[anim] Tera Blast Ground
|-damage|p1a: Great Tusk|0 fnt
|faint|p1a: Great Tusk
|-end|p1a: Great Tusk|Protosynthesis|[silent]
|
|upkeep
|
|t:|1769405598
|switch|p1a: Volcanion|Volcanion|100/100
|turn|25
|
|t:|1769405602
|move|p2a: Porygon2|Tera Blast|p1a: Volcanion|[anim] Tera Blast Ground
|-supereffective|p1a: Volcanion
|-damage|p1a: Volcanion|0 fnt
|faint|p1a: Volcanion
|
|win|Roboute
|raw|Jc3_123abc's rating: 1377 &rarr; <strong>1360</strong><br />(-17 for losing)
|raw|Roboute's rating: 1428 &rarr; <strong>1445</strong><br />(+17 for winning)
|l|‽Roboute
|player|p2|
|l|☆Jc3_123abc
|player|p1|
