|j|☆soulesstm303
|j|☆Downtownclown
|t:|1769377051
|gametype|singles
|player|p1|soulesstm303|dawn|1347
|player|p2|Downtownclown|101|1402
|gen|9
|tier|[Gen 9] OU
|rated|
|rule|HP Percentage Mod: HP is shown in percentages
|rule|Endless Battle Clause: Forcing endless battles is banned
|rule|Species Clause: Limit one of each Pokémon
|rule|OHKO Clause: OHKO moves are banned
|rule|Evasion Items Clause: Evasion items are banned
|rule|Evasion Moves Clause: Evasion moves are banned
|rule|Evasion Abilities Clause: Evasion abilities are banned
|rule|Sleep Moves Clause: Sleep-inducing moves are banned
|clearpoke
|poke|p1|Meowscarada, F|
|poke|p1|Chandelure, M|
|poke|p1|Araquanid, M|
|poke|p1|Ninetales-Alola, F|
|poke|p1|Primeape, M|
|poke|p1|Metagross|
|poke|p2|Blastoise, M|
|poke|p2|Quaquaval, M|
|poke|p2|Lycanroc-Dusk, F|
|poke|p2|Iron Crown|
|poke|p2|Darkrai|
|poke|p2|Enamorus, F|
|teampreview
|inactive|Battle timer is ON: inactive players will automatically lose when time's up. (requested by Downtownclown)
|
|t:|1769377072
|teamsize|p1|6
|teamsize|p2|6
|start
|switch|p1a: Macross|Metagross|100/100
|switch|p2a: Lycanroc|Lycanroc-Dusk, F|100/100
|turn|1
|
|t:|1769377079
|move|p2a: Lycanroc|Stealth Rock|p1a: Macross
|-sidestart|p1: soulesstm303|move: Stealth Rock
|move|p1a: Macross|Knock Off|p2a: Lycanroc
|-damage|p2a: Lycanroc|39/100
|-enditem|p2a: Lycanroc|Focus Sash|[from] move: Knock Off|[of] p1a: Macross
|
|upkeep
|turn|2
|
|t:|1769377090
|move|p2a: Lycanroc|Close Combat|p1a: Macross
|-damage|p1a: Macross|56/100
|-unboost|p2a: Lycanroc|def|1
|-unboost|p2a: Lycanroc|spd|1
|move|p1a: Macross|Agility|p1a: Macross
|-boost|p1a: Macross|spe|2
|
|upkeep
|turn|3
|
|t:|1769377100
|move|p2a: Lycanroc|Accelerock|p1a: Macross
|-resisted|p1a: Macross
|-damage|p1a: Macross|46/100
|move|p1a: Macross|Meteor Mash|p2a: Lycanroc
|-supereffective|p2a: Lycanroc
|-damage|p2a: Lycanroc|0 fnt
|faint|p2a: Lycanroc
|
|upkeep
|
|t:|1769377110
|switch|p2a: Darkrai|Darkrai|100/100
|turn|4
|
|t:|1769377114
|move|p1a: Macross|Meteor Mash|p2a: Darkrai
|-damage|p2a: Darkrai|33/100
|move|p2a: Darkrai|Dark Pulse|p1a: Macross
|-supereffective|p1a: Macross
|-damage|p1a: Macross|0 fnt
|faint|p1a: Macross
|
|upkeep
|
|t:|1769377123
|switch|p1a: Strider|Araquanid, M|100/100
|-damage|p1a: Strider|76/100|[from] Stealth Rock
|turn|5
|
|t:|1769377127
|move|p2a: Darkrai|Dark Pulse|p1a: Strider
|-damage|p1a: Strider|24/100
|cant|p1a: Strider|flinch
|
|upkeep
|turn|6
|-enditem|p1a: Strider|Custap Berry|[eat]
|-activate|p1a: Strider|item: Custap Berry|[consumed]
|
|t:|1769377133
|move|p1a: Strider|Sticky Web|p2a: Darkrai
|-sidestart|p2: Downtownclown|move: Sticky Web
|move|p2a: Darkrai|Dark Pulse|p1a: Strider
|-damage|p1a: Strider|0 fnt
|faint|p1a: Strider
|
|upkeep
|
|t:|1769377141
|switch|p1a: Rath|Primeape, M|100/100
|-damage|p1a: Rath|95/100|[from] Stealth Rock
|turn|7
|
|t:|1769377146
|move|p2a: Darkrai|Dark Pulse|p1a: Rath
|-resisted|p1a: Rath
|-damage|p1a: Rath|63/100
|move|p1a: Rath|Drain Punch|p2a: Darkrai
|-supereffective|p2a: Darkrai
|-damage|p2a: Darkrai|0 fnt
|-heal|p1a: Rath|77/100|[from] drain|[of] p2a: Darkrai
|faint|p2a: Darkrai
|
|upkeep
|
|t:|1769377155
|switch|p2a: Quaquaval|Quaquaval, M|100/100
|turn|8
|
|t:|1769377164
|-terastallize|p1a: Rath|Ghost
|move|p2a: Quaquaval|Aqua Step|p1a: Rath
|-damage|p1a: Rath|39/100
|-boost|p2a: Quaquaval|spe|1
|move|p1a: Rath|Bulk Up|p1a: Rath
|-boost|p1a: Rath|atk|1
|-boost|p1a: Rath|def|1
|
|upkeep
|turn|9
|
|t:|1769377174
|move|p2a: Quaquaval|Aqua Step|p1a: Rath
|-damage|p1a: Rath|10/100
|-boost|p2a: Quaquaval|spe|1
|move|p1a: Rath|Drain Punch|p2a: Quaquaval
|-damage|p2a: Quaquaval|24/100
|-heal|p1a: Rath|46/100|[from] drain|[of] p2a: Quaquaval
|
|upkeep
|turn|10
|
|t:|1769377189
|move|p2a: Quaquaval|Aqua Step|p1a: Rath
|-damage|p1a: Rath|21/100
|-boost|p2a: Quaquaval|spe|1
|move|p1a: Rath|Drain Punch|p2a: Quaquaval
|-crit|p2a: Quaquaval
|-damage|p2a: Quaquaval|0 fnt
|-heal|p1a: Rath|32/100|[from] drain|[of] p2a: Quaquaval
|faint|p2a: Quaquaval
|
|upkeep
|
|t:|1769377199
|switch|p2a: Enamorus|Enamorus, F|100/100
|turn|11
|
|t:|1769377203
|move|p2a: Enamorus|Moonblast|p1a: Rath
|-damage|p1a: Rath|0 fnt
|faint|p1a: Rath
|-damage|p2a: Enamorus|91/100|[from] item: Life Orb
|
|upkeep
|
|t:|1769377209
|switch|p1a: Kyuki|Ninetales-Alola, F|100/100
|-damage|p1a: Kyuki|76/100|[from] Stealth Rock
|-weather|Snowscape|[from] ability: Snow Warning|[of] p1a: Kyuki
|turn|12
|
|t:|1769377215
|move|p1a: Kyuki|Blizzard|p2a: Enamorus
|-supereffective|p2a: Enamorus
|-damage|p2a: Enamorus|0 fnt
|faint|p2a: Enamorus
|-damage|p1a: Kyuki|66/100|[from] item: Life Orb
|
|-weather|Snowscape|[upkeep]
|upkeep
|
|t:|1769377226
|switch|p2a: Iron Crown|Iron Crown|100/100
|-activate|p2a: Iron Crown|move: Sticky Web
|-unboost|p2a: Iron Crown|spe|1
|-enditem|p2a: Iron Crown|Booster Energy
|-activate|p2a: Iron Crown|ability: Quark Drive|[fromitem]
|-start|p2a: Iron Crown|quarkdrivespa
|turn|13
|
|t:|1769377238
|switch|p1a: Chandelure|Chandelure, M|100/100
|-damage|p1a: Chandelure|76/100|[from] Stealth Rock
|-item|p1a: Chandelure|Air Balloon
|move|p2a: Iron Crown|Calm Mind|p2a: Iron Crown
|-boost|p2a: Iron Crown|spa|1
|-boost|p2a: Iron Crown|spd|1
|
|-weather|Snowscape|[upkeep]
|upkeep
|turn|14
|
|t:|1769377249
|-terastallize|p2a: Iron Crown|Flying
|move|p1a: Chandelure|Flamethrower|p2a: Iron Crown
|-damage|p2a: Iron Crown|70/100
|move|p2a: Iron Crown|Calm Mind|p2a: Iron Crown
|-boost|p2a: Iron Crown|spa|1
|-boost|p2a: Iron Crown|spd|1
|
|-weather|Snowscape|[upkeep]
|upkeep
|turn|15
|
|t:|1769377259
|move|p1a: Chandelure|Shadow Ball|p2a: Iron Crown
|-damage|p2a: Iron Crown|47/100
|move|p2a: Iron Crown|Stored Power|p1a: Chandelure
|-damage|p1a: Chandelure|0 fnt
|-enditem|p1a: Chandelure|Air Balloon
|faint|p1a: Chandelure
|
|-weather|Snowscape|[upkeep]
|upkeep
|
|t:|1769377271
|switch|p1a: Kyuki|Ninetales-Alola, F|66/100
|-damage|p1a: Kyuki|41/100|[from] Stealth Rock
|turn|16
|
|t:|1769377275
|move|p1a: Kyuki|Blizzard|p2a: Iron Crown
|-supereffective|p2a: Iron Crown
|-damage|p2a: Iron Crown|0 fnt
|faint|p2a: Iron Crown
|-end|p2a: Iron Crown|Quark Drive|[silent]
|-damage|p1a: Kyuki|32/100|[from] item: Life Orb
|
|-weather|none
|upkeep
|
|t:|1769377281
|switch|p2a: Blastoise|Blastoise, M|100/100
|-activate|p2a: Blastoise|move: Sticky Web
|-unboost|p2a: Blastoise|spe|1
|-enditem|p2a: Blastoise|White Herb
|-clearnegativeboost|p2a: Blastoise|[silent]
|turn|17
|
|t:|1769377289
|move|p1a: Kyuki|Freeze-Dry|p2a: Blastoise
|-supereffective|p2a: Blastoise
|-damage|p2a: Blastoise|17/100
|-damage|p1a: Kyuki|22/100|[from] item: Life Orb
|move|p2a: Blastoise|Shell Smash|p2a: Blastoise
|-unboost|p2a: Blastoise|def|1
|-unboost|p2a: Blastoise|spd|1
|-boost|p2a: Blastoise|atk|2
|-boost|p2a: Blastoise|spa|2
|-boost|p2a: Blastoise|spe|2
|
|upkeep
|turn|18
|
|t:|1769377300
|move|p2a: Blastoise|Surf|p1a: Kyuki
|-damage|p1a: Kyuki|0 fnt
|faint|p1a: Kyuki
|
|upkeep
|
|t:|1769377305
|switch|p1a: Meowscarada|Meowscarada, F|100/100
|-damage|p1a: Meowscarada|88/100|[from] Stealth Rock
|turn|19
|
|t:|1769377311
|move|p2a: Blastoise|Aura Sphere|p1a: Meowscarada
|-supereffective|p1a: Meowscarada
|-damage|p1a: Meowscarada|0 fnt
|faint|p1a: Meowscarada
|
|win|Downtownclown
|raw|soulesstm303's rating: 1347 &rarr; <strong>1330</strong><br />(-17 for losing)
|raw|Downtownclown's rating: 1402 &rarr; <strong>1419</strong><br />(+17 for winning)
|l|☆soulesstm303
|player|p1|
|l|☆Downtownclown
|player|p2|
