|j|☆Ksjdhbe<^=
|j|☆jsk69
|t:|1769360667
|gametype|singles
|player|p1|Ksjdhbe<^=|266|1387
|player|p2|jsk69|cynthia-gen4|1364
|gen|9
|tier|[Gen 9] OU
|rated|
|rule|HP Percentage Mod: HP is shown in percentages
|rule|Endless Battle Clause: Forcing endless battles is banned
|rule|Species Clause: Limit one of each Pokémon
|rule|OHKO Clause: OHKO moves are banned
|rule|Evasion Items Clause: Evasion items are banned
|rule|Evasion Moves Clause: Evasion moves are banned
|rule|Evasion Abilities Clause: Evasion abilities are banned
|rule|Sleep Moves Clause: Sleep-inducing moves are banned
|clearpoke
|poke|p1|Ogerpon-Wellspring, F|
|poke|p1|Deoxys-Speed|
|poke|p1|Zamazenta-*|
|poke|p1|Darkrai|
|poke|p1|Kingambit, M|
|poke|p1|Glimmora, F|
|poke|p2|Iron Boulder|
|poke|p2|Lokix, F|
|poke|p2|Ribombee, F|
|poke|p2|Noivern, F|
|poke|p2|Ogerpon, F|
|poke|p2|Quaquaval, F|
|teampreview
|inactive|Battle timer is ON: inactive players will automatically lose when time's up. (requested by jsk69)
|inactive|jsk69 has 120 seconds left.
|
|t:|1769360710
|teamsize|p1|6
|teamsize|p2|6
|start
|switch|p1a: Glimmora|Glimmora, F|100/100
|switch|p2a: Quaquaval|Quaquaval, F|100/100
|turn|1
|
|t:|1769360720
|switch|p1a: Ogerpon|Ogerpon-Wellspring, F|100/100
|move|p2a: Quaquaval|Aqua Step|p1a: Ogerpon
|-immune|p1a: Ogerpon|[from] ability: Water Absorb
|
|upkeep
|turn|2
|
|t:|1769360730
|switch|p2a: Noivern|Noivern, F|100/100
|move|p1a: Ogerpon|Play Rough|p2a: Noivern
|-supereffective|p2a: Noivern
|-damage|p2a: Noivern|0 fnt
|faint|p2a: Noivern
|
|upkeep
|
|t:|1769360738
|switch|p2a: Lokix|Lokix, F|100/100
|turn|3
|
|t:|1769360745
|switch|p1a: Zamazenta|Zamazenta|100/100
|-ability|p1a: Zamazenta|Dauntless Shield|boost
|-boost|p1a: Zamazenta|def|1
|move|p2a: Lokix|First Impression|p1a: Zamazenta
|-resisted|p1a: Zamazenta
|-damage|p1a: Zamazenta|78/100
|
|-heal|p1a: Zamazenta|84/100|[from] item: Leftovers
|upkeep
|turn|4
|
|t:|1769360756
|switch|p2a: Ribombee|Ribombee, F|100/100
|move|p1a: Zamazenta|Roar|p2a: Ribombee
|drag|p2a: Quaquaval|Quaquaval, F|100/100
|
|-heal|p1a: Zamazenta|90/100|[from] item: Leftovers
|upkeep
|turn|5
|
|t:|1769360771
|switch|p1a: Deoxys|Deoxys-Speed|100/100
|-ability|p1a: Deoxys|Pressure
|move|p2a: Quaquaval|Aqua Step|p1a: Deoxys
|-damage|p1a: Deoxys|33/100
|-boost|p2a: Quaquaval|spe|1
|
|upkeep
|turn|6
|
|t:|1769360784
|switch|p1a: Ogerpon|Ogerpon-Wellspring, F|100/100
|move|p2a: Quaquaval|Ice Spinner|p1a: Ogerpon
|-damage|p1a: Ogerpon|60/100
|
|upkeep
|turn|7
|
|t:|1769360791
|move|p2a: Quaquaval|Close Combat|p1a: Ogerpon
|-damage|p1a: Ogerpon|0 fnt
|-unboost|p2a: Quaquaval|def|1
|-unboost|p2a: Quaquaval|spd|1
|faint|p1a: Ogerpon
|-ability|p2a: Quaquaval|Moxie|boost
|-boost|p2a: Quaquaval|atk|1
|
|upkeep
|
|t:|1769360798
|switch|p1a: Zamazenta|Zamazenta|90/100
|turn|8
|
|t:|1769360807
|move|p2a: Quaquaval|Close Combat|p1a: Zamazenta
|-damage|p1a: Zamazenta|11/100
|-unboost|p2a: Quaquaval|def|1
|-unboost|p2a: Quaquaval|spd|1
|move|p1a: Zamazenta|Body Press|p2a: Quaquaval
|-damage|p2a: Quaquaval|7/100
|
|-heal|p1a: Zamazenta|17/100|[from] item: Leftovers
|upkeep
|turn|9
|
|t:|1769360817
|move|p2a: Quaquaval|Aqua Step|p1a: Zamazenta
|-damage|p1a: Zamazenta|0 fnt
|-boost|p2a: Quaquaval|spe|1
|faint|p1a: Zamazenta
|-ability|p2a: Quaquaval|Moxie|boost
|-boost|p2a: Quaquaval|atk|1
|
|upkeep
|
|t:|1769360821
|switch|p1a: Kingambit|Kingambit, M|100/100
|-activate|p1a: Kingambit|ability: Supreme Overlord
|-start|p1a: Kingambit|fallen2|[silent]
|turn|10
|
|t:|1769360826
|move|p2a: Quaquaval|Upper Hand|p1a: Kingambit
|-supereffective|p1a: Kingambit
|-damage|p1a: Kingambit|0 fnt
|faint|p1a: Kingambit
|-end|p1a: Kingambit|fallen2|[silent]
|-ability|p2a: Quaquaval|Moxie|boost
|-boost|p2a: Quaquaval|atk|1
|
|upkeep
|-message|Ksjdhbe<^= forfeited.
|
|win|jsk69
|raw|Ksjdhbe&lt;^='s rating: 1387 &rarr; <strong>1366</strong><br />(-21 for losing)
|raw|jsk69's rating: 1364 &rarr; <strong>1385</strong><br />(+21 for winning)
|l|☆Ksjdhbe<^=
|player|p1|
