|j|‽INTZ2902
|j|☆NO1Griefer
|t:|1769403365
|gametype|singles
|player|p1|INTZ2902|266|1144
|player|p2|NO1Griefer|cameraman|1089
|gen|9
|tier|[Gen 9] OU
|rated|
|rule|HP Percentage Mod: HP is shown in percentages
|rule|Endless Battle Clause: Forcing endless battles is banned
|rule|Species Clause: Limit one of each Pokémon
|rule|OHKO Clause: OHKO moves are banned
|rule|Evasion Items Clause: Evasion items are banned
|rule|Evasion Moves Clause: Evasion moves are banned
|rule|Evasion Abilities Clause: Evasion abilities are banned
|rule|Sleep Moves Clause: Sleep-inducing moves are banned
|clearpoke
|poke|p1|Zapdos|
|poke|p1|Hatterene, F|
|poke|p1|Garchomp, F|
|poke|p1|Umbreon, M|
|poke|p1|Scizor, M|
|poke|p1|Zoroark-Hisui, M|
|poke|p2|Grimmsnarl, M|
|poke|p2|Dragonite, F|
|poke|p2|Golem-Alola, M|
|poke|p2|Azelf|
|poke|p2|Metagross|
|poke|p2|Overqwil, F|
|teampreview
|
|t:|1769403392
|teamsize|p1|6
|teamsize|p2|6
|start
|switch|p1a: Scizor|Scizor, M|100/100
|switch|p2a: Grimmsnarl|Grimmsnarl, M, shiny|100/100
|turn|1
|
|t:|1769403403
|move|p2a: Grimmsnarl|Reflect|p2a: Grimmsnarl
|-sidestart|p2: NO1Griefer|Reflect
|move|p1a: Scizor|Swords Dance|p1a: Scizor
|-boost|p1a: Scizor|atk|2
|
|upkeep
|turn|2
|
|t:|1769403411
|-terastallize|p1a: Scizor|Fire
|move|p2a: Grimmsnarl|Parting Shot|p1a: Scizor
|-unboost|p1a: Scizor|atk|1
|-unboost|p1a: Scizor|spa|1
|
|t:|1769403422
|switch|p2a: Golem|Golem-Alola, M, shiny|100/100|[from] Parting Shot
|move|p1a: Scizor|Tera Blast|p2a: Golem|[anim] Tera Blast Fire
|-resisted|p2a: Golem
|-damage|p2a: Golem|87/100
|
|upkeep
|turn|3
|
|t:|1769403436
|switch|p1a: Garchomp|Garchomp, F|100/100
|move|p2a: Golem|Explosion|p1a: Garchomp
|-immune|p1a: Garchomp
|faint|p2a: Golem
|
|upkeep
|
|t:|1769403441
|switch|p2a: Grimmsnarl|Grimmsnarl, M, shiny|100/100
|turn|4
|
|t:|1769403454
|switch|p1a: Umbreon|Umbreon, M|100/100
|move|p2a: Grimmsnarl|Light Screen|p2a: Grimmsnarl
|-sidestart|p2: NO1Griefer|move: Light Screen
|
|upkeep
|turn|5
|
|t:|1769403464
|move|p2a: Grimmsnarl|Parting Shot|p1a: Umbreon
|-hint|Since gen 7, Dark is immune to Prankster moves.
|-immune|p1a: Umbreon
|move|p1a: Umbreon|Thunder Wave|p2a: Grimmsnarl
|-status|p2a: Grimmsnarl|par
|
|upkeep
|turn|6
|
|t:|1769403477
|switch|p2a: Overqwil|Overqwil, F|100/100
|move|p1a: Umbreon|Foul Play|p2a: Overqwil
|-resisted|p2a: Overqwil
|-damage|p2a: Overqwil|89/100
|
|upkeep
|turn|7
|
|t:|1769403489
|switch|p1a: Hatterene|Hatterene, F|100/100
|move|p2a: Overqwil|Crunch|p1a: Hatterene
|-damage|p1a: Hatterene|36/100
|
|-heal|p1a: Hatterene|42/100|[from] item: Leftovers
|upkeep
|turn|8
|
|t:|1769403504
|switch|p1a: Scizor|Scizor, M, tera:Fire|100/100
|move|p2a: Overqwil|Crunch|p1a: Scizor
|-damage|p1a: Scizor|39/100
|
|-sideend|p2: NO1Griefer|Reflect
|upkeep
|turn|9
|
|t:|1769403515
|switch|p1a: Garchomp|Garchomp, F|100/100
|move|p2a: Overqwil|Crunch|p1a: Garchomp
|-crit|p1a: Garchomp
|-damage|p1a: Garchomp|11/100
|-damage|p2a: Overqwil|77/100|[from] ability: Rough Skin|[of] p1a: Garchomp
|
|upkeep
|turn|10
|
|t:|1769403529
|switch|p2a: Grimmsnarl|Grimmsnarl, M, shiny|100/100 par
|move|p1a: Garchomp|Draco Meteor|p2a: Grimmsnarl
|-immune|p2a: Grimmsnarl
|
|upkeep
|turn|11
|
|t:|1769403538
|switch|p1a: Umbreon|Umbreon, M|100/100
|move|p2a: Grimmsnarl|Reflect|p2a: Grimmsnarl
|-sidestart|p2: NO1Griefer|Reflect
|
|-sideend|p2: NO1Griefer|move: Light Screen
|upkeep
|turn|12
|
|t:|1769403544
|move|p2a: Grimmsnarl|Light Screen|p2a: Grimmsnarl
|-sidestart|p2: NO1Griefer|move: Light Screen
|move|p1a: Umbreon|Wish|p1a: Umbreon
|
|upkeep
|turn|13
|
|t:|1769403554
|switch|p1a: Scizor|Scizor, M, tera:Fire|39/100
|switch|p2a: Metagross|Metagross, shiny|100/100
|
|-heal|p1a: Scizor|100/100|[from] move: Wish|[wisher] Umbreon
|upkeep
|turn|14
|
|t:|1769403562
|move|p2a: Metagross|Explosion|p1a: Scizor
|-enditem|p1a: Scizor|Focus Sash
|-damage|p1a: Scizor|1/100
|faint|p2a: Metagross
|move|p1a: Scizor|Swords Dance|p1a: Scizor
|-boost|p1a: Scizor|atk|2
|
|upkeep
|
|t:|1769403571
|switch|p2a: Azelf|Azelf, shiny|100/100
|turn|15
|
|t:|1769403588
|switch|p1a: Hatterene|Hatterene, F|42/100
|move|p2a: Azelf|U-turn|p1a: Hatterene
|-damage|p1a: Hatterene|6/100
|
|t:|1769403597
|switch|p2a: Overqwil|Overqwil, F|77/100|[from] U-turn
|
|-heal|p1a: Hatterene|12/100|[from] item: Leftovers
|upkeep
|turn|16
|
|t:|1769403606
|move|p2a: Overqwil|Crunch|p1a: Hatterene
|-damage|p1a: Hatterene|0 fnt
|faint|p1a: Hatterene
|
|upkeep
|
|t:|1769403612
|switch|p1a: Umbreon|Umbreon, M|100/100
|turn|17
|
|t:|1769403619
|switch|p2a: Azelf|Azelf, shiny|100/100
|move|p1a: Umbreon|Thunder Wave|p2a: Azelf
|-status|p2a: Azelf|par
|
|upkeep
|turn|18
|
|t:|1769403634
|move|p2a: Azelf|Explosion|p1a: Umbreon
|-damage|p1a: Umbreon|23/100
|faint|p2a: Azelf
|move|p1a: Umbreon|Wish|p1a: Umbreon
|
|-heal|p1a: Umbreon|29/100|[from] item: Leftovers
|-sideend|p2: NO1Griefer|Reflect
|upkeep
|
|t:|1769403651
|switch|p2a: Overqwil|Overqwil, F|77/100
|turn|19
|
|t:|1769403663
|switch|p2a: Grimmsnarl|Grimmsnarl, M, shiny|100/100 par
|move|p1a: Umbreon|Thunder Wave|p2a: Grimmsnarl
|-fail|p2a: Grimmsnarl|par
|
|-heal|p1a: Umbreon|79/100|[from] move: Wish|[wisher] Umbreon
|-heal|p1a: Umbreon|85/100|[from] item: Leftovers
|-sideend|p2: NO1Griefer|move: Light Screen
|upkeep
|turn|20
|
|t:|1769403671
|move|p2a: Grimmsnarl|Reflect|p2a: Grimmsnarl
|-sidestart|p2: NO1Griefer|Reflect
|move|p1a: Umbreon|Wish|p1a: Umbreon
|
|-heal|p1a: Umbreon|91/100|[from] item: Leftovers
|upkeep
|turn|21
|
|t:|1769403679
|switch|p1a: Garchomp|Garchomp, F|11/100
|move|p2a: Grimmsnarl|Spirit Break|p1a: Garchomp
|-supereffective|p1a: Garchomp
|-damage|p1a: Garchomp|0 fnt
|-damage|p2a: Grimmsnarl|88/100 par|[from] ability: Rough Skin|[of] p1a: Garchomp
|faint|p1a: Garchomp
|
|upkeep
|
|t:|1769403694
|switch|p1a: Umbreon|Umbreon, M|91/100
|turn|22
|
|t:|1769403697
|move|p2a: Grimmsnarl|Light Screen|p2a: Grimmsnarl
|-sidestart|p2: NO1Griefer|move: Light Screen
|move|p1a: Umbreon|Foul Play|p2a: Grimmsnarl
|-resisted|p2a: Grimmsnarl
|-damage|p2a: Grimmsnarl|83/100 par
|
|-heal|p1a: Umbreon|97/100|[from] item: Leftovers
|upkeep
|turn|23
|
|t:|1769403711
|move|p1a: Umbreon|Wish|p1a: Umbreon
|cant|p2a: Grimmsnarl|par
|
|-heal|p1a: Umbreon|100/100|[from] item: Leftovers
|upkeep
|turn|24
|
|t:|1769403722
|switch|p1a: Zapdos|Zapdos|100/100
|move|p2a: Grimmsnarl|Spirit Break|p1a: Zapdos
|-damage|p1a: Zapdos|38/100
|-unboost|p1a: Zapdos|spa|1
|replace|p1a: Zoroark|Zoroark-Hisui, M
|-end|p1a: Zoroark|Illusion
|
|-heal|p1a: Zoroark|100/100|[from] move: Wish|[wisher] Umbreon
|upkeep
|turn|25
|
|t:|1769403735
|move|p2a: Grimmsnarl|Parting Shot|p1a: Zoroark
|-unboost|p1a: Zoroark|atk|1
|-unboost|p1a: Zoroark|spa|1
|
|t:|1769403740
|switch|p2a: Overqwil|Overqwil, F|77/100|[from] Parting Shot
|move|p1a: Zoroark|Knock Off|p2a: Overqwil
|-resisted|p2a: Overqwil
|-damage|p2a: Overqwil|72/100
|-status|p1a: Zoroark|psn|[from] ability: Poison Point|[of] p2a: Overqwil
|-enditem|p2a: Overqwil|Choice Band|[from] move: Knock Off|[of] p1a: Zoroark
|
|-damage|p1a: Zoroark|88/100 psn|[from] psn
|upkeep
|turn|26
|
|t:|1769403770
|switch|p1a: Umbreon|Umbreon, M|100/100
|move|p2a: Overqwil|Poison Jab|p1a: Umbreon
|-damage|p1a: Umbreon|76/100
|
|-heal|p1a: Umbreon|82/100|[from] item: Leftovers
|upkeep
|turn|27
|
|t:|1769403779
|switch|p2a: Grimmsnarl|Grimmsnarl, M, shiny|83/100 par
|move|p1a: Umbreon|Thunder Wave|p2a: Grimmsnarl
|-fail|p2a: Grimmsnarl|par
|
|-heal|p1a: Umbreon|88/100|[from] item: Leftovers
|-sideend|p2: NO1Griefer|Reflect
|upkeep
|turn|28
|
|t:|1769403791
|move|p2a: Grimmsnarl|Reflect|p2a: Grimmsnarl
|-sidestart|p2: NO1Griefer|Reflect
|move|p1a: Umbreon|Wish|p1a: Umbreon
|
|-heal|p1a: Umbreon|94/100|[from] item: Leftovers
|upkeep
|turn|29
|
|t:|1769403802
|switch|p1a: Zapdos|Zapdos|100/100
|move|p2a: Grimmsnarl|Spirit Break|p1a: Zapdos
|-damage|p1a: Zapdos|75/100
|-unboost|p1a: Zapdos|spa|1
|
|-heal|p1a: Zapdos|100/100|[from] move: Wish|[wisher] Umbreon
|-sideend|p2: NO1Griefer|move: Light Screen
|upkeep
|turn|30
|
|t:|1769403812
|cant|p2a: Grimmsnarl|par
|move|p1a: Zapdos|Heat Wave|p2a: Grimmsnarl
|-damage|p2a: Grimmsnarl|62/100 par
|
|upkeep
|turn|31
|
|t:|1769403817
|cant|p2a: Grimmsnarl|par
|move|p1a: Zapdos|Heat Wave|p2a: Grimmsnarl
|-damage|p2a: Grimmsnarl|40/100 par
|
|upkeep
|turn|32
|
|t:|1769403822
|move|p2a: Grimmsnarl|Light Screen|p2a: Grimmsnarl
|-sidestart|p2: NO1Griefer|move: Light Screen
|move|p1a: Zapdos|Heat Wave|p2a: Grimmsnarl|[miss]
|-miss|p1a: Zapdos|p2a: Grimmsnarl
|
|upkeep
|turn|33
|
|t:|1769403827
|switch|p1a: Umbreon|Umbreon, M|94/100
|move|p2a: Grimmsnarl|Parting Shot|p1a: Umbreon
|-hint|Since gen 7, Dark is immune to Prankster moves.
|-immune|p1a: Umbreon
|
|-heal|p1a: Umbreon|99/100|[from] item: Leftovers
|upkeep
|turn|34
|
|t:|1769403835
|switch|p2a: Overqwil|Overqwil, F|72/100
|move|p1a: Umbreon|Wish|p1a: Umbreon
|
|-heal|p1a: Umbreon|100/100|[from] item: Leftovers
|upkeep
|turn|35
|
|t:|1769403847
|switch|p1a: Zapdos|Zapdos|100/100
|move|p2a: Overqwil|Poison Jab|p1a: Zapdos
|-damage|p1a: Zapdos|69/100
|
|-heal|p1a: Zapdos|100/100|[from] move: Wish|[wisher] Umbreon
|-sideend|p2: NO1Griefer|Reflect
|upkeep
|turn|36
|
|t:|1769403864
|move|p1a: Zapdos|Thunderbolt|p2a: Overqwil
|-damage|p2a: Overqwil|45/100
|move|p2a: Overqwil|Self-Destruct|p1a: Zapdos
|-damage|p1a: Zapdos|48/100
|faint|p2a: Overqwil
|
|-heal|p1a: Zapdos|54/100|[from] item: Leftovers
|upkeep
|
|t:|1769403870
|switch|p2a: Dragonite|Dragonite, F, shiny|100/100
|turn|37
|
|t:|1769403877
|switch|p1a: Umbreon|Umbreon, M|100/100
|move|p2a: Dragonite|Dragon Dance|p2a: Dragonite
|-boost|p2a: Dragonite|atk|1
|-boost|p2a: Dragonite|spe|1
|
|upkeep
|turn|38
|
|t:|1769403893
|move|p2a: Dragonite|Dragon Dance|p2a: Dragonite
|-boost|p2a: Dragonite|atk|1
|-boost|p2a: Dragonite|spe|1
|move|p1a: Umbreon|Thunder Wave|p2a: Dragonite
|-status|p2a: Dragonite|par
|
|upkeep
|turn|39
|
|t:|1769403899
|cant|p2a: Dragonite|par
|move|p1a: Umbreon|Foul Play|p2a: Dragonite
|-damage|p2a: Dragonite|54/100 par
|
|-sideend|p2: NO1Griefer|move: Light Screen
|upkeep
|turn|40
|
|t:|1769403909
|move|p2a: Dragonite|Dragon Dance|p2a: Dragonite
|-boost|p2a: Dragonite|atk|1
|-boost|p2a: Dragonite|spe|1
|move|p1a: Umbreon|Foul Play|p2a: Dragonite
|-damage|p2a: Dragonite|0 fnt
|faint|p2a: Dragonite
|
|upkeep
|
|t:|1769403912
|switch|p2a: Grimmsnarl|Grimmsnarl, M, shiny|40/100 par
|turn|41
|-message|NO1Griefer forfeited.
|
|win|INTZ2902
|raw|INTZ2902's rating: 1144 &rarr; <strong>1165</strong><br />(+21 for winning)
|raw|NO1Griefer's rating: 1089 &rarr; <strong>1069</strong><br />(-20 for losing)
|l|☆NO1Griefer
|player|p2|
