|j|☆mvpsjs
|j|☆bai9527
|t:|1769326063
|gametype|singles
|player|p1|mvpsjs|266|1092
|player|p2|bai9527|266|1149
|gen|9
|tier|[Gen 9] OU
|rated|
|rule|HP Percentage Mod: HP is shown in percentages
|rule|Endless Battle Clause: Forcing endless battles is banned
|rule|Species Clause: Limit one of each Pokémon
|rule|OHKO Clause: OHKO moves are banned
|rule|Evasion Items Clause: Evasion items are banned
|rule|Evasion Moves Clause: Evasion moves are banned
|rule|Evasion Abilities Clause: Evasion abilities are banned
|rule|Sleep Moves Clause: Sleep-inducing moves are banned
|clearpoke
|poke|p1|Garganacl, F|
|poke|p1|Slowking-Galar, F|
|poke|p1|Enamorus, F|
|poke|p1|Walking Wake|
|poke|p1|Zapdos|
|poke|p1|Latias, F|
|poke|p2|Greninja-*, M|
|poke|p2|Gholdengo|
|poke|p2|Slowking-Galar, F|
|poke|p2|Ribombee, F|
|poke|p2|Porygon-Z|
|poke|p2|Hitmontop, M|
|teampreview
|
|t:|1769326068
|teamsize|p1|6
|teamsize|p2|6
|start
|switch|p1a: Garganacl|Garganacl, F|100/100
|switch|p2a: Greninja|Greninja, M|100/100
|turn|1
|
|t:|1769326078
|move|p2a: Greninja|Surf|p1a: Garganacl
|-start|p2a: Greninja|typechange|Water|[from] ability: Protean
|-supereffective|p1a: Garganacl
|-damage|p1a: Garganacl|21/100
|-damage|p2a: Greninja|91/100|[from] item: Life Orb
|move|p1a: Garganacl|Stealth Rock|p2a: Greninja
|-sidestart|p2: bai9527|move: Stealth Rock
|
|-heal|p1a: Garganacl|27/100|[from] item: Leftovers
|upkeep
|turn|2
|
|t:|1769326095
|switch|p1a: Latias|Latias, F|100/100
|move|p2a: Greninja|Ice Beam|p1a: Latias
|-supereffective|p1a: Latias
|-damage|p1a: Latias|51/100
|-damage|p2a: Greninja|81/100|[from] item: Life Orb
|
|upkeep
|turn|3
|
|t:|1769326105
|move|p2a: Greninja|Ice Beam|p1a: Latias
|-supereffective|p1a: Latias
|-crit|p1a: Latias
|-damage|p1a: Latias|0 fnt
|faint|p1a: Latias
|-damage|p2a: Greninja|71/100|[from] item: Life Orb
|
|upkeep
|
|t:|1769326113
|switch|p1a: Walking Wake|Walking Wake|100/100
|turn|4
|
|t:|1769326118
|move|p2a: Greninja|Ice Beam|p1a: Walking Wake
|-damage|p1a: Walking Wake|62/100
|-damage|p2a: Greninja|61/100|[from] item: Life Orb
|move|p1a: Walking Wake|Rain Dance|p1a: Walking Wake
|-weather|RainDance
|
|-weather|RainDance|[upkeep]
|upkeep
|turn|5
|
|t:|1769326128
|move|p2a: Greninja|Surf|p1a: Walking Wake
|-resisted|p1a: Walking Wake
|-damage|p1a: Walking Wake|38/100
|-damage|p2a: Greninja|52/100|[from] item: Life Orb
|move|p1a: Walking Wake|Hurricane|p2a: Greninja
|-damage|p2a: Greninja|0 fnt
|faint|p2a: Greninja
|
|-weather|RainDance|[upkeep]
|upkeep
|
|t:|1769326139
|switch|p2a: Hitmontop|Hitmontop, M|100/100
|-damage|p2a: Hitmontop|94/100|[from] Stealth Rock
|turn|6
|
|t:|1769326146
|-end|p1a: Walking Wake|Protosynthesis|[silent]
|switch|p1a: Zapdos|Zapdos|100/100
|move|p2a: Hitmontop|Triple Axel|p1a: Zapdos
|-supereffective|p1a: Zapdos
|-damage|p1a: Zapdos|85/100
|-hitcount|p1a: Zapdos|1
|
|-weather|RainDance|[upkeep]
|-heal|p2a: Hitmontop|100/100|[from] item: Leftovers
|upkeep
|turn|7
|
|t:|1769326157
|move|p1a: Zapdos|Hurricane|p2a: Hitmontop
|-supereffective|p2a: Hitmontop
|-crit|p2a: Hitmontop
|-damage|p2a: Hitmontop|0 fnt
|faint|p2a: Hitmontop
|
|-weather|RainDance|[upkeep]
|upkeep
|
|t:|1769326168
|switch|p2a: Ribombee|Ribombee, F|100/100
|-damage|p2a: Ribombee|76/100|[from] Stealth Rock
|turn|8
|
|t:|1769326172
|move|p2a: Ribombee|Sticky Web|p1a: Zapdos
|-sidestart|p1: mvpsjs|move: Sticky Web
|move|p1a: Zapdos|Hurricane|p2a: Ribombee
|-supereffective|p2a: Ribombee
|-damage|p2a: Ribombee|0 fnt
|faint|p2a: Ribombee
|
|-weather|RainDance|[upkeep]
|upkeep
|
|t:|1769326179
|switch|p2a: Porygon-Z|Porygon-Z|100/100
|-damage|p2a: Porygon-Z|88/100|[from] Stealth Rock
|turn|9
|
|t:|1769326190
|move|p2a: Porygon-Z|Tri Attack|p1a: Zapdos
|-damage|p1a: Zapdos|16/100
|-damage|p2a: Porygon-Z|78/100|[from] item: Life Orb
|move|p1a: Zapdos|Weather Ball|p2a: Porygon-Z
|-damage|p2a: Porygon-Z|8/100
|
|-weather|RainDance|[upkeep]
|upkeep
|turn|10
|-message|bai9527 forfeited.
|
|win|mvpsjs
|raw|mvpsjs's rating: 1092 &rarr; <strong>1122</strong><br />(+30 for winning)
|raw|bai9527's rating: 1149 &rarr; <strong>1120</strong><br />(-29 for losing)
|l|☆bai9527
|player|p2|
|l|☆mvpsjs
|player|p1|
