|badge|p2|bronze|gen9ou|100-8
|uhtml|medal-msg|<div class="broadcast-blue">Curious what those medals under the avatar are? PS now has Ladder Seasons! For more information, check out the <a href="https://www.smogon.com/forums/threads/3740067/">thread on Smogon.</a></div>
|j|☆poopseydoopsey
|j|☆Iznamakin
|t:|1769401212
|gametype|singles
|player|p1|poopseydoopsey|hiker-gen6|1794
|player|p2|Iznamakin|chase|1791
|gen|9
|tier|[Gen 9] OU
|rated|
|rule|HP Percentage Mod: HP is shown in percentages
|rule|Endless Battle Clause: Forcing endless battles is banned
|rule|Species Clause: Limit one of each Pokémon
|rule|OHKO Clause: OHKO moves are banned
|rule|Evasion Items Clause: Evasion items are banned
|rule|Evasion Moves Clause: Evasion moves are banned
|rule|Evasion Abilities Clause: Evasion abilities are banned
|rule|Sleep Moves Clause: Sleep-inducing moves are banned
|clearpoke
|poke|p1|Dragapult, M|
|poke|p1|Samurott-Hisui, F|
|poke|p1|Dragonite, M|
|poke|p1|Great Tusk|
|poke|p1|Rillaboom, F|
|poke|p1|Heatran, M|
|poke|p2|Iron Valiant|
|poke|p2|Greninja-*, M|
|poke|p2|Glimmora, F|
|poke|p2|Kingambit, F|
|poke|p2|Iron Jugulis|
|poke|p2|Iron Moth|
|teampreview
|inactive|Battle timer is ON: inactive players will automatically lose when time's up. (requested by poopseydoopsey)
|
|t:|1769401236
|teamsize|p1|6
|teamsize|p2|6
|start
|switch|p1a: chudtopia|Samurott-Hisui, F|100/100
|switch|p2a: Glimmora|Glimmora, F|100/100
|turn|1
|
|t:|1769401242
|move|p2a: Glimmora|Sludge Wave|p1a: chudtopia
|-damage|p1a: chudtopia|57/100
|move|p1a: chudtopia|Ceaseless Edge|p2a: Glimmora
|-damage|p2a: Glimmora|42/100
|-activate|p2a: Glimmora|ability: Toxic Debris
|-sidestart|p1: poopseydoopsey|move: Toxic Spikes
|-sidestart|p2: Iznamakin|Spikes
|
|upkeep
|turn|2
|
|t:|1769401247
|move|p2a: Glimmora|Mortal Spin|p1a: chudtopia
|-damage|p1a: chudtopia|51/100
|-status|p1a: chudtopia|psn
|-sideend|p2: Iznamakin|Spikes|[from] move: Mortal Spin|[of] p2a: Glimmora
|move|p1a: chudtopia|Ceaseless Edge|p2a: Glimmora
|-damage|p2a: Glimmora|0 fnt
|-activate|p2a: Glimmora|ability: Toxic Debris
|-sidestart|p1: poopseydoopsey|move: Toxic Spikes
|-sidestart|p2: Iznamakin|Spikes
|faint|p2a: Glimmora
|
|-damage|p1a: chudtopia|38/100 psn|[from] psn
|upkeep
|
|t:|1769401250
|switch|p2a: Iron Jugulis|Iron Jugulis|100/100
|-enditem|p2a: Iron Jugulis|Booster Energy
|-activate|p2a: Iron Jugulis|ability: Quark Drive|[fromitem]
|-start|p2a: Iron Jugulis|quarkdrivespe
|turn|3
|
|t:|1769401253
|move|p2a: Iron Jugulis|Hurricane|p1a: chudtopia|[miss]
|-miss|p2a: Iron Jugulis|p1a: chudtopia
|move|p1a: chudtopia|Razor Shell|p2a: Iron Jugulis
|-damage|p2a: Iron Jugulis|33/100
|
|-damage|p1a: chudtopia|26/100 psn|[from] psn
|upkeep
|turn|4
|
|t:|1769401269
|move|p1a: chudtopia|Sucker Punch|p2a: Iron Jugulis
|-resisted|p2a: Iron Jugulis
|-damage|p2a: Iron Jugulis|13/100
|move|p2a: Iron Jugulis|Hurricane|p1a: chudtopia
|-damage|p1a: chudtopia|0 fnt
|faint|p1a: chudtopia
|
|upkeep
|
|t:|1769401273
|switch|p1a: truecel rage|Rillaboom, F|100/100
|-status|p1a: truecel rage|tox
|-fieldstart|move: Grassy Terrain|[from] ability: Grassy Surge|[of] p1a: truecel rage
|turn|5
|
|t:|1769401279
|move|p1a: truecel rage|Grassy Glide|p2a: Iron Jugulis
|-resisted|p2a: Iron Jugulis
|-damage|p2a: Iron Jugulis|0 fnt
|faint|p2a: Iron Jugulis
|-end|p2a: Iron Jugulis|Quark Drive|[silent]
|
|-damage|p1a: truecel rage|94/100 tox|[from] psn
|upkeep
|
|t:|1769401281
|switch|p2a: Iron Moth|Iron Moth|100/100
|-damage|p2a: Iron Moth|88/100|[from] Spikes
|-enditem|p2a: Iron Moth|Booster Energy
|-activate|p2a: Iron Moth|ability: Quark Drive|[fromitem]
|-start|p2a: Iron Moth|quarkdrivespe
|turn|6
|
|t:|1769401283
|-end|p2a: Iron Moth|Quark Drive|[silent]
|switch|p2a: Greninja|Greninja, M|100/100
|-damage|p2a: Greninja|88/100|[from] Spikes
|switch|p1a: IDF war machine|Heatran, M|100/100
|
|-heal|p2a: Greninja|94/100|[from] Grassy Terrain
|upkeep
|turn|7
|
|t:|1769401290
|switch|p1a: truecel rage|Rillaboom, F|94/100 tox
|move|p2a: Greninja|Dark Pulse|p1a: truecel rage
|-damage|p1a: truecel rage|29/100 tox
|-damage|p2a: Greninja|84/100|[from] item: Life Orb
|
|-heal|p2a: Greninja|90/100|[from] Grassy Terrain
|-heal|p1a: truecel rage|35/100 tox|[from] Grassy Terrain
|-damage|p1a: truecel rage|29/100 tox|[from] psn
|upkeep
|turn|8
|
|t:|1769401295
|switch|p2a: Iron Moth|Iron Moth|88/100
|-damage|p2a: Iron Moth|76/100|[from] Spikes
|move|p1a: truecel rage|U-turn|p2a: Iron Moth
|-resisted|p2a: Iron Moth
|-damage|p2a: Iron Moth|62/100
|
|t:|1769401299
|switch|p1a: IDF war machine|Heatran, M|100/100|[from] U-turn
|
|-heal|p2a: Iron Moth|68/100|[from] Grassy Terrain
|upkeep
|turn|9
|
|t:|1769401303
|-terastallize|p2a: Iron Moth|Ground
|move|p2a: Iron Moth|Tera Blast|p1a: IDF war machine|[anim] Tera Blast Ground
|-supereffective|p1a: IDF war machine
|-damage|p1a: IDF war machine|0 fnt
|faint|p1a: IDF war machine
|
|-heal|p2a: Iron Moth|74/100|[from] Grassy Terrain
|-fieldend|move: Grassy Terrain
|upkeep
|
|t:|1769401312
|switch|p1a: truecel rage|Rillaboom, F|29/100 tox
|-fieldstart|move: Grassy Terrain|[from] ability: Grassy Surge|[of] p1a: truecel rage
|turn|10
|
|t:|1769401317
|-end|p2a: Iron Moth|Quark Drive|[silent]
|switch|p2a: Kingambit|Kingambit, F|100/100
|-damage|p2a: Kingambit|88/100|[from] Spikes
|-activate|p2a: Kingambit|ability: Supreme Overlord
|-start|p2a: Kingambit|fallen2|[silent]
|move|p1a: truecel rage|U-turn|p2a: Kingambit
|-damage|p2a: Kingambit|56/100
|
|t:|1769401327
|switch|p1a: goy destroyer|Great Tusk|100/100|[from] U-turn
|-status|p1a: goy destroyer|tox
|-enditem|p1a: goy destroyer|Booster Energy
|-activate|p1a: goy destroyer|ability: Protosynthesis|[fromitem]
|-start|p1a: goy destroyer|protosynthesisatk
|
|-heal|p2a: Kingambit|62/100|[from] Grassy Terrain
|-heal|p2a: Kingambit|68/100|[from] item: Leftovers
|-damage|p1a: goy destroyer|94/100 tox|[from] psn
|upkeep
|turn|11
|j| Mono BH
|
|t:|1769401340
|-end|p2a: Kingambit|fallen2|[silent]
|switch|p2a: Iron Moth|Iron Moth, tera:Ground|74/100
|-damage|p2a: Iron Moth|61/100|[from] Spikes
|move|p1a: goy destroyer|Rapid Spin|p2a: Iron Moth
|-damage|p2a: Iron Moth|31/100
|-boost|p1a: goy destroyer|spe|1
|-sideend|p1: poopseydoopsey|Toxic Spikes|[from] move: Rapid Spin|[of] p1a: goy destroyer
|
|-heal|p1a: goy destroyer|100/100 tox|[from] Grassy Terrain
|-heal|p2a: Iron Moth|37/100|[from] Grassy Terrain
|-damage|p1a: goy destroyer|88/100 tox|[from] psn
|upkeep
|turn|12
|
|t:|1769401343
|move|p1a: goy destroyer|Rapid Spin|p2a: Iron Moth
|-damage|p2a: Iron Moth|4/100
|-boost|p1a: goy destroyer|spe|1
|move|p2a: Iron Moth|Fiery Dance|p1a: goy destroyer
|-damage|p1a: goy destroyer|32/100 tox
|
|-heal|p1a: goy destroyer|38/100 tox|[from] Grassy Terrain
|-heal|p2a: Iron Moth|10/100|[from] Grassy Terrain
|-damage|p1a: goy destroyer|20/100 tox|[from] psn
|upkeep
|turn|13
|
|t:|1769401346
|move|p1a: goy destroyer|Rapid Spin|p2a: Iron Moth
|-damage|p2a: Iron Moth|0 fnt
|-boost|p1a: goy destroyer|spe|1
|faint|p2a: Iron Moth
|-end|p2a: Iron Moth|Quark Drive|[silent]
|
|-heal|p1a: goy destroyer|26/100 tox|[from] Grassy Terrain
|-damage|p1a: goy destroyer|2/100 tox|[from] psn
|upkeep
|
|t:|1769401348
|switch|p2a: Greninja|Greninja, M|90/100
|-damage|p2a: Greninja|78/100|[from] Spikes
|turn|14
|
|t:|1769401353
|-end|p1a: goy destroyer|Protosynthesis|[silent]
|switch|p1a: foid annihilator|Dragapult, M|100/100
|move|p2a: Greninja|Water Shuriken|p1a: foid annihilator
|-resisted|p1a: foid annihilator
|-crit|p1a: foid annihilator
|-damage|p1a: foid annihilator|90/100
|-resisted|p1a: foid annihilator
|-damage|p1a: foid annihilator|83/100
|-resisted|p1a: foid annihilator
|-damage|p1a: foid annihilator|76/100
|-resisted|p1a: foid annihilator
|-damage|p1a: foid annihilator|69/100
|-resisted|p1a: foid annihilator
|-damage|p1a: foid annihilator|62/100
|-hitcount|p1a: foid annihilator|5
|-damage|p2a: Greninja|68/100|[from] item: Life Orb
|
|-heal|p1a: foid annihilator|68/100|[from] Grassy Terrain
|-heal|p2a: Greninja|74/100|[from] Grassy Terrain
|-fieldend|move: Grassy Terrain
|upkeep
|turn|15
|
|t:|1769401357
|move|p1a: foid annihilator|Dragon Darts|p2a: Greninja
|-damage|p2a: Greninja|29/100
|-anim|p1a: foid annihilator|Dragon Darts|p2a: Greninja
|-damage|p2a: Greninja|0 fnt
|faint|p2a: Greninja
|-damage|p1a: foid annihilator|58/100|[from] item: Life Orb
|
|upkeep
|
|t:|1769401360
|switch|p2a: Iron Valiant|Iron Valiant|100/100
|-damage|p2a: Iron Valiant|88/100|[from] Spikes
|-enditem|p2a: Iron Valiant|Booster Energy
|-activate|p2a: Iron Valiant|ability: Quark Drive|[fromitem]
|-start|p2a: Iron Valiant|quarkdrivespe
|turn|16
|
|t:|1769401365
|switch|p1a: goy destroyer|Great Tusk|2/100 tox
|move|p2a: Iron Valiant|Spirit Break|p1a: goy destroyer
|-supereffective|p1a: goy destroyer
|-damage|p1a: goy destroyer|0 fnt
|faint|p1a: goy destroyer
|-end|p1a: goy destroyer|Protosynthesis|[silent]
|
|upkeep
|
|t:|1769401368
|switch|p1a: truecel rage|Rillaboom, F|29/100 tox
|-fieldstart|move: Grassy Terrain|[from] ability: Grassy Surge|[of] p1a: truecel rage
|turn|17
|
|t:|1769401372
|-terastallize|p1a: truecel rage|Grass
|move|p1a: truecel rage|Grassy Glide|p2a: Iron Valiant
|-damage|p2a: Iron Valiant|0 fnt
|faint|p2a: Iron Valiant
|-end|p2a: Iron Valiant|Quark Drive|[silent]
|
|-heal|p1a: truecel rage|35/100 tox|[from] Grassy Terrain
|-damage|p1a: truecel rage|29/100 tox|[from] psn
|upkeep
|
|t:|1769401374
|switch|p2a: Kingambit|Kingambit, F|68/100
|-damage|p2a: Kingambit|56/100|[from] Spikes
|-activate|p2a: Kingambit|ability: Supreme Overlord
|-start|p2a: Kingambit|fallen5|[silent]
|turn|18
|
|t:|1769401377
|switch|p1a: benjamin netanyahu|Dragonite, M|100/100
|move|p2a: Kingambit|Swords Dance|p2a: Kingambit
|-boost|p2a: Kingambit|atk|2
|
|-heal|p2a: Kingambit|62/100|[from] Grassy Terrain
|-heal|p2a: Kingambit|68/100|[from] item: Leftovers
|upkeep
|turn|19
|
|t:|1769401379
|move|p1a: benjamin netanyahu|Encore|p2a: Kingambit
|-start|p2a: Kingambit|Encore
|move|p2a: Kingambit|Swords Dance|p2a: Kingambit
|-boost|p2a: Kingambit|atk|2
|
|-heal|p2a: Kingambit|74/100|[from] Grassy Terrain
|-heal|p2a: Kingambit|81/100|[from] item: Leftovers
|upkeep
|turn|20
|-message|Iznamakin forfeited.
|
|win|poopseydoopsey
|raw|poopseydoopsey's rating: 1794 &rarr; <strong>1814</strong><br />(+20 for winning)
|raw|Iznamakin's rating: 1791 &rarr; <strong>1771</strong><br />(-20 for losing)
|l|☆Iznamakin
|player|p2|
|l| Mono BH
|l|☆poopseydoopsey
|player|p1|
