|j|☆fallenbok
|j|☆Breezy55
|t:|1769413453
|gametype|singles
|player|p1|fallenbok|102|1171
|player|p2|Breezy55|265|1152
|gen|9
|tier|[Gen 9] OU
|rated|
|rule|HP Percentage Mod: HP is shown in percentages
|rule|Endless Battle Clause: Forcing endless battles is banned
|rule|Species Clause: Limit one of each Pokémon
|rule|OHKO Clause: OHKO moves are banned
|rule|Evasion Items Clause: Evasion items are banned
|rule|Evasion Moves Clause: Evasion moves are banned
|rule|Evasion Abilities Clause: Evasion abilities are banned
|rule|Sleep Moves Clause: Sleep-inducing moves are banned
|clearpoke
|poke|p1|Great Tusk|
|poke|p1|Iron Valiant|
|poke|p1|Toxapex, F|
|poke|p1|Heatran, M|
|poke|p1|Kingambit, F|
|poke|p1|Serperior, F|
|poke|p2|Hitmonchan, M|
|poke|p2|Jirachi|
|poke|p2|Slowbro, M|
|poke|p2|Mienshao, F|
|poke|p2|Dragonite, F|
|poke|p2|Kyurem|
|teampreview
|
|t:|1769413456
|teamsize|p1|6
|teamsize|p2|6
|start
|switch|p1a: Трава-Мурава|Serperior, F, shiny|100/100
|switch|p2a: Slowbro|Slowbro, M|100/100
|turn|1
|
|t:|1769413465
|move|p1a: Трава-Мурава|Leaf Storm|p2a: Slowbro
|-supereffective|p2a: Slowbro
|-damage|p2a: Slowbro|0 fnt
|-boost|p1a: Трава-Мурава|spa|2
|faint|p2a: Slowbro
|
|upkeep
|
|t:|1769413470
|switch|p2a: Kyurem|Kyurem|100/100
|-ability|p2a: Kyurem|Pressure
|turn|2
|
|t:|1769413476
|-terastallize|p1a: Трава-Мурава|Dragon
|move|p1a: Трава-Мурава|Leaf Storm|p2a: Kyurem|[miss]
|-miss|p1a: Трава-Мурава|p2a: Kyurem
|move|p2a: Kyurem|Ice Beam|p1a: Трава-Мурава
|-supereffective|p1a: Трава-Мурава
|-crit|p1a: Трава-Мурава
|-damage|p1a: Трава-Мурава|0 fnt
|faint|p1a: Трава-Мурава
|
|upkeep
|
|t:|1769413492
|switch|p1a: КАБАН 80lvl|Great Tusk, shiny|100/100
|turn|3
|
|t:|1769413496
|move|p2a: Kyurem|Ice Beam|p1a: КАБАН 80lvl
|-supereffective|p1a: КАБАН 80lvl
|-damage|p1a: КАБАН 80lvl|0 fnt
|faint|p1a: КАБАН 80lvl
|-end|p1a: КАБАН 80lvl|Protosynthesis|[silent]
|
|upkeep
|
|t:|1769413502
|switch|p1a: ЛаваЧел|Heatran, M|100/100
|-item|p1a: ЛаваЧел|Air Balloon
|turn|4
|
|t:|1769413508
|switch|p2a: Hitmonchan|Hitmonchan, M|100/100
|move|p1a: ЛаваЧел|Body Press|p2a: Hitmonchan
|-damage|p2a: Hitmonchan|72/100
|
|upkeep
|turn|5
|
|t:|1769413519
|switch|p1a: Колючка|Toxapex, F, shiny|100/100
|move|p2a: Hitmonchan|Drain Punch|p1a: Колючка
|-resisted|p1a: Колючка
|-damage|p1a: Колючка|87/100
|-heal|p2a: Hitmonchan|79/100|[from] drain|[of] p1a: Колючка
|
|-heal|p1a: Колючка|93/100|[from] item: Black Sludge
|upkeep
|turn|6
|
|t:|1769413528
|move|p2a: Hitmonchan|Knock Off|p1a: Колючка
|-damage|p1a: Колючка|74/100
|-enditem|p1a: Колючка|Black Sludge|[from] move: Knock Off|[of] p2a: Hitmonchan
|move|p1a: Колючка|Sludge Bomb|p2a: Hitmonchan
|-damage|p2a: Hitmonchan|65/100
|
|upkeep
|turn|7
|
|t:|1769413535
|switch|p2a: Jirachi|Jirachi|100/100
|move|p1a: Колючка|Sludge Bomb|p2a: Jirachi
|-immune|p2a: Jirachi
|
|upkeep
|turn|8
|
|t:|1769413541
|switch|p1a: ЛаваЧел|Heatran, M|100/100
|-item|p1a: ЛаваЧел|Air Balloon
|move|p2a: Jirachi|Stealth Rock|p1a: ЛаваЧел
|-sidestart|p1: fallenbok|move: Stealth Rock
|
|upkeep
|turn|9
|
|t:|1769413548
|move|p2a: Jirachi|Iron Head|p1a: ЛаваЧел
|-resisted|p1a: ЛаваЧел
|-damage|p1a: ЛаваЧел|91/100
|-enditem|p1a: ЛаваЧел|Air Balloon
|cant|p1a: ЛаваЧел|flinch
|
|upkeep
|turn|10
|
|t:|1769413555
|move|p2a: Jirachi|U-turn|p1a: ЛаваЧел
|-resisted|p1a: ЛаваЧел
|-damage|p1a: ЛаваЧел|86/100
|
|t:|1769413557
|switch|p2a: Hitmonchan|Hitmonchan, M|65/100|[from] U-turn
|move|p1a: ЛаваЧел|Magma Storm|p2a: Hitmonchan
|-damage|p2a: Hitmonchan|35/100
|-activate|p2a: Hitmonchan|move: Magma Storm|[of] p1a: ЛаваЧел
|
|-damage|p2a: Hitmonchan|23/100|[from] move: Magma Storm|[partiallytrapped]
|upkeep
|turn|11
|
|t:|1769413565
|switch|p1a: Колючка|Toxapex, F, shiny|100/100
|-damage|p1a: Колючка|88/100|[from] Stealth Rock
|move|p2a: Hitmonchan|Mach Punch|p1a: Колючка
|-resisted|p1a: Колючка
|-damage|p1a: Колючка|80/100
|
|-end|p2a: Hitmonchan|Magma Storm|[partiallytrapped]|[silent]
|upkeep
|turn|12
|
|t:|1769413572
|switch|p2a: Kyurem|Kyurem|100/100
|-ability|p2a: Kyurem|Pressure
|move|p1a: Колючка|Sludge Bomb|p2a: Kyurem
|-crit|p2a: Kyurem
|-damage|p2a: Kyurem|75/100
|
|upkeep
|turn|13
|
|t:|1769413584
|move|p2a: Kyurem|Earth Power|p1a: Колючка
|-supereffective|p1a: Колючка
|-damage|p1a: Колючка|0 fnt
|faint|p1a: Колючка
|
|upkeep
|
|t:|1769413591
|switch|p1a: УбийцаКрови|Iron Valiant, shiny|100/100
|-damage|p1a: УбийцаКрови|94/100|[from] Stealth Rock
|turn|14
|
|t:|1769413595
|switch|p2a: Jirachi|Jirachi|100/100
|move|p1a: УбийцаКрови|Moonblast|p2a: Jirachi
|-resisted|p2a: Jirachi
|-damage|p2a: Jirachi|64/100
|-unboost|p2a: Jirachi|spa|1
|
|-heal|p2a: Jirachi|70/100|[from] item: Leftovers
|upkeep
|turn|15
|
|t:|1769413604
|-end|p1a: УбийцаКрови|Quark Drive|[silent]
|switch|p1a: ЛаваЧел|Heatran, M|86/100
|-damage|p1a: ЛаваЧел|74/100|[from] Stealth Rock
|move|p2a: Jirachi|Iron Head|p1a: ЛаваЧел
|-resisted|p1a: ЛаваЧел
|-damage|p1a: ЛаваЧел|66/100
|
|-heal|p2a: Jirachi|76/100|[from] item: Leftovers
|upkeep
|turn|16
|
|t:|1769413614
|move|p2a: Jirachi|Iron Head|p1a: ЛаваЧел
|-resisted|p1a: ЛаваЧел
|-damage|p1a: ЛаваЧел|57/100
|cant|p1a: ЛаваЧел|flinch
|
|-heal|p2a: Jirachi|83/100|[from] item: Leftovers
|upkeep
|turn|17
|
|t:|1769413620
|move|p2a: Jirachi|Iron Head|p1a: ЛаваЧел
|-resisted|p1a: ЛаваЧел
|-damage|p1a: ЛаваЧел|47/100
|cant|p1a: ЛаваЧел|flinch
|
|-heal|p2a: Jirachi|89/100|[from] item: Leftovers
|upkeep
|turn|18
|
|t:|1769413627
|move|p2a: Jirachi|Iron Head|p1a: ЛаваЧел
|-resisted|p1a: ЛаваЧел
|-damage|p1a: ЛаваЧел|39/100
|cant|p1a: ЛаваЧел|flinch
|
|-heal|p2a: Jirachi|95/100|[from] item: Leftovers
|upkeep
|turn|19
|
|t:|1769413635
|switch|p1a: УбийцаКрови|Iron Valiant, shiny|94/100
|-damage|p1a: УбийцаКрови|88/100|[from] Stealth Rock
|move|p2a: Jirachi|Iron Head|p1a: УбийцаКрови
|-supereffective|p1a: УбийцаКрови
|-damage|p1a: УбийцаКрови|3/100
|
|-heal|p2a: Jirachi|100/100|[from] item: Leftovers
|upkeep
|turn|20
|
|t:|1769413650
|move|p1a: УбийцаКрови|Aura Sphere|p2a: Jirachi
|-damage|p2a: Jirachi|45/100
|move|p2a: Jirachi|Iron Head|p1a: УбийцаКрови
|-supereffective|p1a: УбийцаКрови
|-damage|p1a: УбийцаКрови|0 fnt
|faint|p1a: УбийцаКрови
|-end|p1a: УбийцаКрови|Quark Drive|[silent]
|
|-heal|p2a: Jirachi|51/100|[from] item: Leftovers
|upkeep
|
|t:|1769413655
|switch|p1a: Самурай|Kingambit, F|100/100
|-damage|p1a: Самурай|94/100|[from] Stealth Rock
|-activate|p1a: Самурай|ability: Supreme Overlord
|-start|p1a: Самурай|fallen4|[silent]
|turn|21
|
|t:|1769413663
|move|p2a: Jirachi|U-turn|p1a: Самурай
|-damage|p1a: Самурай|79/100
|
|t:|1769413668
|switch|p2a: Hitmonchan|Hitmonchan, M|23/100|[from] U-turn
|move|p1a: Самурай|Kowtow Cleave|p2a: Hitmonchan
|-resisted|p2a: Hitmonchan
|-damage|p2a: Hitmonchan|0 fnt
|faint|p2a: Hitmonchan
|
|upkeep
|
|t:|1769413679
|switch|p2a: Dragonite|Dragonite, F|100/100
|turn|22
|
|t:|1769413684
|-end|p1a: Самурай|fallen4|[silent]
|switch|p1a: ЛаваЧел|Heatran, M|39/100
|-damage|p1a: ЛаваЧел|27/100|[from] Stealth Rock
|move|p2a: Dragonite|Earthquake|p1a: ЛаваЧел
|-supereffective|p1a: ЛаваЧел
|-damage|p1a: ЛаваЧел|0 fnt
|faint|p1a: ЛаваЧел
|
|upkeep
|
|t:|1769413691
|switch|p1a: Самурай|Kingambit, F|79/100
|-damage|p1a: Самурай|73/100|[from] Stealth Rock
|-activate|p1a: Самурай|ability: Supreme Overlord
|-start|p1a: Самурай|fallen5|[silent]
|turn|23
|
|t:|1769413696
|move|p1a: Самурай|Sucker Punch|p2a: Dragonite
|-damage|p2a: Dragonite|63/100
|move|p2a: Dragonite|Earthquake|p1a: Самурай
|-supereffective|p1a: Самурай
|-damage|p1a: Самурай|11/100
|
|upkeep
|turn|24
|
|t:|1769413702
|move|p2a: Dragonite|Earthquake|p1a: Самурай
|-supereffective|p1a: Самурай
|-damage|p1a: Самурай|0 fnt
|faint|p1a: Самурай
|-end|p1a: Самурай|fallen5|[silent]
|
|win|Breezy55
|raw|fallenbok's rating: 1171 &rarr; <strong>1145</strong><br />(-26 for losing)
|raw|Breezy55's rating: 1152 &rarr; <strong>1178</strong><br />(+26 for winning)
|l|☆fallenbok
|player|p1|
