|j|☆justraffe
|j|☆GreninjaMyFav
|t:|1769319735
|gametype|singles
|player|p1|justraffe|elesa-masters3|1577
|player|p2|GreninjaMyFav|170|1577
|gen|9
|tier|[Gen 9] OU
|rated|
|rule|HP Percentage Mod: HP is shown in percentages
|rule|Endless Battle Clause: Forcing endless battles is banned
|rule|Species Clause: Limit one of each Pokémon
|rule|OHKO Clause: OHKO moves are banned
|rule|Evasion Items Clause: Evasion items are banned
|rule|Evasion Moves Clause: Evasion moves are banned
|rule|Evasion Abilities Clause: Evasion abilities are banned
|rule|Sleep Moves Clause: Sleep-inducing moves are banned
|clearpoke
|poke|p1|Gliscor, F|
|poke|p1|Gholdengo|
|poke|p1|Ogerpon-Cornerstone, F|
|poke|p1|Dondozo, F|
|poke|p1|Cresselia, F|
|poke|p1|Cinderace, F|
|poke|p2|Rillaboom, F|
|poke|p2|Gholdengo|
|poke|p2|Greninja-*, M|
|poke|p2|Heatran, F|
|poke|p2|Great Tusk|
|poke|p2|Ogerpon, F|
|teampreview
|inactive|Battle timer is ON: inactive players will automatically lose when time's up. (requested by justraffe)
|inactive|justraffe has 120 seconds left.
|
|t:|1769319772
|teamsize|p1|6
|teamsize|p2|6
|start
|switch|p1a: Ogerpon|Ogerpon-Cornerstone, F|100/100
|switch|p2a: Greninja|Greninja, M|100/100
|turn|1
|
|t:|1769319777
|switch|p1a: Dondozo|Dondozo, F|100/100
|switch|p2a: Gholdengo|Gholdengo|100/100
|-item|p2a: Gholdengo|Air Balloon
|
|upkeep
|turn|2
|
|t:|1769319791
|switch|p2a: Greninja|Greninja, M|100/100
|switch|p1a: Cinderace|Cinderace, F|100/100
|
|upkeep
|turn|3
|
|t:|1769319800
|switch|p1a: Gliscor|Gliscor, F, shiny|100/100
|switch|p2a: Heatran|Heatran, F|100/100
|
|-status|p1a: Gliscor|tox|[from] item: Toxic Orb
|upkeep
|turn|4
|
|t:|1769319806
|move|p1a: Gliscor|U-turn|p2a: Heatran
|-resisted|p2a: Heatran
|-damage|p2a: Heatran|97/100
|
|t:|1769319821
|switch|p1a: Cresselia|Cresselia, F|100/100|[from] U-turn
|move|p2a: Heatran|Stealth Rock|p1a: Cresselia
|-sidestart|p1: justraffe|move: Stealth Rock
|
|-heal|p2a: Heatran|100/100|[from] item: Leftovers
|upkeep
|turn|5
|
|t:|1769319825
|move|p1a: Cresselia|Calm Mind|p1a: Cresselia
|-boost|p1a: Cresselia|spa|1
|-boost|p1a: Cresselia|spd|1
|move|p2a: Heatran|Taunt|p1a: Cresselia
|-start|p1a: Cresselia|move: Taunt
|
|upkeep
|turn|6
|
|t:|1769319836
|move|p1a: Cresselia|Moonblast|p2a: Heatran
|-resisted|p2a: Heatran
|-damage|p2a: Heatran|96/100
|move|p2a: Heatran|Lava Plume|p1a: Cresselia
|-damage|p1a: Cresselia|90/100
|
|-heal|p1a: Cresselia|96/100|[from] item: Leftovers
|-heal|p2a: Heatran|100/100|[from] item: Leftovers
|upkeep
|turn|7
|
|t:|1769319842
|switch|p1a: Gliscor|Gliscor, F, shiny|100/100 tox
|-damage|p1a: Gliscor|88/100 tox|[from] Stealth Rock
|switch|p2a: Rillaboom|Rillaboom, F|100/100
|-fieldstart|move: Grassy Terrain|[from] ability: Grassy Surge|[of] p2a: Rillaboom
|
|-heal|p1a: Gliscor|100/100 tox|[from] ability: Poison Heal
|upkeep
|turn|8
|
|t:|1769319847
|-terastallize|p2a: Rillaboom|Grass
|move|p1a: Gliscor|Protect|p1a: Gliscor
|-singleturn|p1a: Gliscor|Protect
|move|p2a: Rillaboom|Wood Hammer|p1a: Gliscor
|-activate|p1a: Gliscor|move: Protect
|
|upkeep
|turn|9
|
|t:|1769319867
|move|p2a: Rillaboom|Wood Hammer|p1a: Gliscor
|-damage|p1a: Gliscor|0 fnt
|faint|p1a: Gliscor
|-damage|p2a: Rillaboom|66/100|[from] Recoil
|
|-heal|p2a: Rillaboom|72/100|[from] Grassy Terrain
|upkeep
|
|t:|1769319875
|switch|p1a: Cinderace|Cinderace, F|100/100
|turn|10
|
|t:|1769319879
|switch|p2a: Heatran|Heatran, F|100/100
|move|p1a: Cinderace|U-turn|p2a: Heatran
|-start|p1a: Cinderace|typechange|Bug|[from] ability: Libero
|-resisted|p2a: Heatran
|-damage|p2a: Heatran|94/100
|
|t:|1769319890
|switch|p1a: Ogerpon|Ogerpon-Cornerstone, F|100/100|[from] U-turn
|-damage|p1a: Ogerpon|88/100|[from] Stealth Rock
|
|-heal|p1a: Ogerpon|94/100|[from] Grassy Terrain
|-heal|p2a: Heatran|99/100|[from] Grassy Terrain
|-heal|p2a: Heatran|100/100|[from] item: Leftovers
|upkeep
|turn|11
|
|t:|1769319896
|move|p1a: Ogerpon|Low Kick|p2a: Heatran
|-supereffective|p2a: Heatran
|-damage|p2a: Heatran|27/100
|move|p2a: Heatran|Lava Plume|p1a: Ogerpon
|-damage|p1a: Ogerpon|55/100
|-status|p1a: Ogerpon|brn
|
|-heal|p1a: Ogerpon|61/100 brn|[from] Grassy Terrain
|-heal|p2a: Heatran|34/100|[from] Grassy Terrain
|-heal|p2a: Heatran|40/100|[from] item: Leftovers
|-damage|p1a: Ogerpon|55/100 brn|[from] brn
|-fieldend|move: Grassy Terrain
|upkeep
|turn|12
|
|t:|1769319903
|switch|p2a: Gholdengo|Gholdengo|100/100
|-item|p2a: Gholdengo|Air Balloon
|move|p1a: Ogerpon|Swords Dance|p1a: Ogerpon
|-boost|p1a: Ogerpon|atk|2
|
|-damage|p1a: Ogerpon|49/100 brn|[from] brn
|upkeep
|turn|13
|
|t:|1769319916
|move|p1a: Ogerpon|Ivy Cudgel|p2a: Gholdengo|[anim] Ivy Cudgel Rock
|-resisted|p2a: Gholdengo
|-damage|p2a: Gholdengo|79/100
|-enditem|p2a: Gholdengo|Air Balloon
|move|p2a: Gholdengo|Hex|p1a: Ogerpon
|-damage|p1a: Ogerpon|0 fnt
|faint|p1a: Ogerpon
|
|upkeep
|
|t:|1769319919
|switch|p1a: Cresselia|Cresselia, F|96/100
|-damage|p1a: Cresselia|84/100|[from] Stealth Rock
|turn|14
|
|t:|1769319925
|move|p2a: Gholdengo|Thunder Wave|p1a: Cresselia
|-status|p1a: Cresselia|par
|move|p1a: Cresselia|Calm Mind|p1a: Cresselia
|-boost|p1a: Cresselia|spa|1
|-boost|p1a: Cresselia|spd|1
|
|-heal|p1a: Cresselia|90/100 par|[from] item: Leftovers
|upkeep
|turn|15
|
|t:|1769319931
|-terastallize|p1a: Cresselia|Poison
|move|p2a: Gholdengo|Hex|p1a: Cresselia
|-damage|p1a: Cresselia|71/100 par
|move|p1a: Cresselia|Calm Mind|p1a: Cresselia
|-boost|p1a: Cresselia|spa|1
|-boost|p1a: Cresselia|spd|1
|
|-heal|p1a: Cresselia|77/100 par|[from] item: Leftovers
|upkeep
|turn|16
|
|t:|1769319934
|switch|p2a: Rillaboom|Rillaboom, F, tera:Grass|72/100
|-fieldstart|move: Grassy Terrain|[from] ability: Grassy Surge|[of] p2a: Rillaboom
|cant|p1a: Cresselia|par
|
|-heal|p2a: Rillaboom|79/100|[from] Grassy Terrain
|-heal|p1a: Cresselia|83/100 par|[from] item: Leftovers
|upkeep
|turn|17
|
|t:|1769319938
|move|p2a: Rillaboom|Wood Hammer|p1a: Cresselia
|-resisted|p1a: Cresselia
|-damage|p1a: Cresselia|26/100 par
|-damage|p2a: Rillaboom|54/100|[from] Recoil
|cant|p1a: Cresselia|par
|
|-heal|p2a: Rillaboom|60/100|[from] Grassy Terrain
|-heal|p1a: Cresselia|32/100 par|[from] item: Leftovers
|upkeep
|turn|18
|-message|justraffe forfeited.
|
|win|GreninjaMyFav
|raw|justraffe's rating: 1577 &rarr; <strong>1557</strong><br />(-20 for losing)
|raw|GreninjaMyFav's rating: 1577 &rarr; <strong>1597</strong><br />(+20 for winning)
|l|☆justraffe
|player|p1|
|l|☆GreninjaMyFav
|player|p2|
