|j|☆valentinokingreact
|j|☆HCaldwell333
|t:|1769443109
|gametype|singles
|player|p1|valentinokingreact|marlon|1361
|player|p2|HCaldwell333|102|1381
|gen|9
|tier|[Gen 9] OU
|rated|
|rule|HP Percentage Mod: HP is shown in percentages
|rule|Endless Battle Clause: Forcing endless battles is banned
|rule|Species Clause: Limit one of each Pokémon
|rule|OHKO Clause: OHKO moves are banned
|rule|Evasion Items Clause: Evasion items are banned
|rule|Evasion Moves Clause: Evasion moves are banned
|rule|Evasion Abilities Clause: Evasion abilities are banned
|rule|Sleep Moves Clause: Sleep-inducing moves are banned
|clearpoke
|poke|p1|Ribombee, F|
|poke|p1|Torkoal, F|
|poke|p1|Great Tusk|
|poke|p1|Walking Wake|
|poke|p1|Pecharunt|
|poke|p1|Lilligant, F|
|poke|p2|Iron Valiant|
|poke|p2|Excadrill, M|
|poke|p2|Tyranitar, M|
|poke|p2|Tornadus-Therian, M|
|poke|p2|Ogerpon-Cornerstone, F|
|poke|p2|Toxapex, M|
|teampreview
|
|t:|1769443125
|teamsize|p1|6
|teamsize|p2|6
|start
|switch|p1a: Ribombee|Ribombee, F|100/100
|switch|p2a: Tyranitar|Tyranitar, M, shiny|100/100
|-weather|Sandstorm|[from] ability: Sand Stream|[of] p2a: Tyranitar
|turn|1
|
|t:|1769443132
|move|p1a: Ribombee|Reflect|p1a: Ribombee
|-sidestart|p1: valentinokingreact|Reflect
|move|p2a: Tyranitar|Stealth Rock|p1a: Ribombee
|-sidestart|p1: valentinokingreact|move: Stealth Rock
|
|-weather|Sandstorm|[upkeep]
|-damage|p1a: Ribombee|94/100|[from] Sandstorm
|upkeep
|turn|2
|
|t:|1769443138
|switch|p2a: Tornadus|Tornadus-Therian, M, shiny|100/100
|move|p1a: Ribombee|Sticky Web|p2a: Tornadus
|-sidestart|p2: HCaldwell333|move: Sticky Web
|
|-weather|Sandstorm|[upkeep]
|-damage|p1a: Ribombee|88/100|[from] Sandstorm
|-damage|p2a: Tornadus|94/100|[from] Sandstorm
|upkeep
|turn|3
|
|t:|1769443152
|move|p1a: Ribombee|Light Screen|p1a: Ribombee
|-sidestart|p1: valentinokingreact|move: Light Screen
|move|p2a: Tornadus|Bleakwind Storm|p1a: Ribombee
|-supereffective|p1a: Ribombee
|-damage|p1a: Ribombee|0 fnt
|faint|p1a: Ribombee
|
|-weather|Sandstorm|[upkeep]
|-damage|p2a: Tornadus|88/100|[from] Sandstorm
|upkeep
|
|t:|1769443159
|switch|p1a: Torkoal|Torkoal, F|100/100
|-damage|p1a: Torkoal|76/100|[from] Stealth Rock
|-weather|SunnyDay|[from] ability: Drought|[of] p1a: Torkoal
|turn|4
|
|t:|1769443168
|move|p2a: Tornadus|Bleakwind Storm|p1a: Torkoal
|-damage|p1a: Torkoal|45/100
|move|p1a: Torkoal|Rapid Spin|p2a: Tornadus
|-damage|p2a: Tornadus|77/100
|-boost|p1a: Torkoal|spe|1
|-sideend|p1: valentinokingreact|Stealth Rock|[from] move: Rapid Spin|[of] p1a: Torkoal
|
|-weather|SunnyDay|[upkeep]
|upkeep
|turn|5
|
|t:|1769443178
|move|p2a: Tornadus|Bleakwind Storm|p1a: Torkoal|[miss]
|-miss|p2a: Tornadus|p1a: Torkoal
|move|p1a: Torkoal|Overheat|p2a: Tornadus
|-damage|p2a: Tornadus|5/100
|-unboost|p1a: Torkoal|spa|2
|
|-weather|SunnyDay|[upkeep]
|upkeep
|turn|6
|
|t:|1769443188
|switch|p2a: Toxapex|Toxapex, M, shiny|100/100
|-activate|p2a: Toxapex|move: Sticky Web
|-unboost|p2a: Toxapex|spe|1
|move|p1a: Torkoal|Stealth Rock|p2a: Toxapex
|-sidestart|p2: HCaldwell333|move: Stealth Rock
|
|-weather|SunnyDay|[upkeep]
|upkeep
|turn|7
|inactive|Battle timer is ON: inactive players will automatically lose when time's up. (requested by HCaldwell333)
|
|t:|1769443213
|switch|p1a: Walking Wake|Walking Wake|100/100
|-activate|p1a: Walking Wake|ability: Protosynthesis
|-start|p1a: Walking Wake|protosynthesisspa
|move|p2a: Toxapex|Toxic|p1a: Walking Wake
|-status|p1a: Walking Wake|tox
|
|-weather|SunnyDay|[upkeep]
|-damage|p1a: Walking Wake|94/100 tox|[from] psn
|upkeep
|turn|8
|
|t:|1769443221
|move|p1a: Walking Wake|Draco Meteor|p2a: Toxapex
|-damage|p2a: Toxapex|0 fnt
|-unboost|p1a: Walking Wake|spa|2
|faint|p2a: Toxapex
|
|-weather|SunnyDay|[upkeep]
|-damage|p1a: Walking Wake|82/100 tox|[from] psn
|-sideend|p1: valentinokingreact|Reflect
|upkeep
|
|t:|1769443229
|switch|p2a: Tyranitar|Tyranitar, M, shiny|100/100
|-activate|p2a: Tyranitar|move: Sticky Web
|-unboost|p2a: Tyranitar|spe|1
|-damage|p2a: Tyranitar|88/100|[from] Stealth Rock
|-weather|Sandstorm|[from] ability: Sand Stream|[of] p2a: Tyranitar
|-end|p1a: Walking Wake|Protosynthesis
|turn|9
|
|t:|1769443240
|-end|p1a: Walking Wake|Protosynthesis|[silent]
|switch|p1a: Torkoal|Torkoal, F|45/100
|-weather|SunnyDay|[from] ability: Drought|[of] p1a: Torkoal
|switch|p2a: Excadrill|Excadrill, M, shiny|100/100
|-activate|p2a: Excadrill|move: Sticky Web
|-unboost|p2a: Excadrill|spe|1
|-damage|p2a: Excadrill|97/100|[from] Stealth Rock
|
|-weather|SunnyDay|[upkeep]
|-heal|p2a: Excadrill|100/100|[from] item: Leftovers
|upkeep
|turn|10
|
|t:|1769443253
|switch|p1a: Pecharunt|Pecharunt|100/100
|-item|p1a: Pecharunt|Air Balloon
|move|p2a: Excadrill|Earthquake|p1a: Pecharunt
|-immune|p1a: Pecharunt
|
|-weather|SunnyDay|[upkeep]
|-sideend|p1: valentinokingreact|move: Light Screen
|upkeep
|turn|11
|
|t:|1769443262
|switch|p2a: Tyranitar|Tyranitar, M, shiny|88/100
|-activate|p2a: Tyranitar|move: Sticky Web
|-unboost|p2a: Tyranitar|spe|1
|-damage|p2a: Tyranitar|76/100|[from] Stealth Rock
|-weather|Sandstorm|[from] ability: Sand Stream|[of] p2a: Tyranitar
|move|p1a: Pecharunt|Nasty Plot|p1a: Pecharunt
|-boost|p1a: Pecharunt|spa|2
|
|-weather|Sandstorm|[upkeep]
|-damage|p1a: Pecharunt|94/100|[from] Sandstorm
|upkeep
|turn|12
|
|t:|1769443268
|move|p1a: Pecharunt|Malignant Chain|p2a: Tyranitar
|-resisted|p2a: Tyranitar
|-damage|p2a: Tyranitar|47/100
|move|p2a: Tyranitar|Knock Off|p1a: Pecharunt
|-supereffective|p1a: Pecharunt
|-damage|p1a: Pecharunt|25/100
|-enditem|p1a: Pecharunt|Air Balloon
|
|-weather|Sandstorm|[upkeep]
|-damage|p1a: Pecharunt|19/100|[from] Sandstorm
|upkeep
|turn|13
|
|t:|1769443275
|switch|p2a: Excadrill|Excadrill, M, shiny|100/100
|-activate|p2a: Excadrill|move: Sticky Web
|-unboost|p2a: Excadrill|spe|1
|-damage|p2a: Excadrill|97/100|[from] Stealth Rock
|-terastallize|p1a: Pecharunt|Dark
|move|p1a: Pecharunt|Recover|p1a: Pecharunt
|-heal|p1a: Pecharunt|69/100
|
|-weather|Sandstorm|[upkeep]
|-damage|p1a: Pecharunt|63/100|[from] Sandstorm
|-heal|p2a: Excadrill|100/100|[from] item: Leftovers
|upkeep
|turn|14
|
|t:|1769443292
|-terastallize|p2a: Excadrill|Ground
|move|p2a: Excadrill|Earthquake|p1a: Pecharunt
|-damage|p1a: Pecharunt|17/100
|move|p1a: Pecharunt|Recover|p1a: Pecharunt
|-heal|p1a: Pecharunt|67/100
|
|-weather|Sandstorm|[upkeep]
|-damage|p1a: Pecharunt|61/100|[from] Sandstorm
|upkeep
|turn|15
|
|t:|1769443308
|move|p2a: Excadrill|Rapid Spin|p1a: Pecharunt
|-damage|p1a: Pecharunt|48/100
|-boost|p2a: Excadrill|spe|1
|-sideend|p2: HCaldwell333|Stealth Rock|[from] move: Rapid Spin|[of] p2a: Excadrill
|-sideend|p2: HCaldwell333|Sticky Web|[from] move: Rapid Spin|[of] p2a: Excadrill
|move|p1a: Pecharunt|Shadow Ball|p2a: Excadrill
|-damage|p2a: Excadrill|7/100
|
|-weather|Sandstorm|[upkeep]
|-damage|p1a: Pecharunt|42/100|[from] Sandstorm
|-heal|p2a: Excadrill|13/100|[from] item: Leftovers
|upkeep
|turn|16
|
|t:|1769443314
|switch|p1a: Great Tusk|Great Tusk|100/100
|move|p2a: Excadrill|Earthquake|p1a: Great Tusk
|-damage|p1a: Great Tusk|49/100
|
|-weather|Sandstorm|[upkeep]
|-heal|p2a: Excadrill|19/100|[from] item: Leftovers
|upkeep
|turn|17
|
|t:|1769443320
|move|p2a: Excadrill|Earthquake|p1a: Great Tusk
|-damage|p1a: Great Tusk|0 fnt
|faint|p1a: Great Tusk
|-end|p1a: Great Tusk|Protosynthesis|[silent]
|
|-weather|Sandstorm|[upkeep]
|-heal|p2a: Excadrill|25/100|[from] item: Leftovers
|upkeep
|
|t:|1769443323
|switch|p1a: Torkoal|Torkoal, F|45/100
|-weather|SunnyDay|[from] ability: Drought|[of] p1a: Torkoal
|turn|18
|
|t:|1769443327
|switch|p1a: Pecharunt|Pecharunt, tera:Dark|42/100
|move|p2a: Excadrill|Earthquake|p1a: Pecharunt
|-crit|p1a: Pecharunt
|-damage|p1a: Pecharunt|0 fnt
|faint|p1a: Pecharunt
|
|-weather|SunnyDay|[upkeep]
|-heal|p2a: Excadrill|32/100|[from] item: Leftovers
|upkeep
|
|t:|1769443332
|switch|p1a: Lilligant|Lilligant, F|100/100
|turn|19
|
|t:|1769443338
|switch|p2a: Tornadus|Tornadus-Therian, M, shiny|38/100
|move|p1a: Lilligant|Quiver Dance|p1a: Lilligant
|-boost|p1a: Lilligant|spa|1
|-boost|p1a: Lilligant|spd|1
|-boost|p1a: Lilligant|spe|1
|
|-weather|SunnyDay|[upkeep]
|upkeep
|turn|20
|
|t:|1769443354
|move|p1a: Lilligant|Weather Ball|p2a: Tornadus
|-damage|p2a: Tornadus|0 fnt
|faint|p2a: Tornadus
|-damage|p1a: Lilligant|91/100|[from] item: Life Orb
|
|-weather|SunnyDay|[upkeep]
|upkeep
|
|t:|1769443367
|switch|p2a: Tyranitar|Tyranitar, M, shiny|47/100
|-weather|Sandstorm|[from] ability: Sand Stream|[of] p2a: Tyranitar
|turn|21
|
|t:|1769443375
|move|p1a: Lilligant|Giga Drain|p2a: Tyranitar
|-supereffective|p2a: Tyranitar
|-damage|p2a: Tyranitar|0 fnt
|-heal|p1a: Lilligant|100/100|[from] drain|[of] p2a: Tyranitar
|faint|p2a: Tyranitar
|-damage|p1a: Lilligant|91/100|[from] item: Life Orb
|
|-weather|Sandstorm|[upkeep]
|-damage|p1a: Lilligant|84/100|[from] Sandstorm
|upkeep
|
|t:|1769443378
|switch|p2a: Ogerpon|Ogerpon-Cornerstone, F|100/100
|turn|22
|
|t:|1769443389
|move|p1a: Lilligant|Giga Drain|p2a: Ogerpon
|-damage|p2a: Ogerpon|40/100
|-heal|p1a: Lilligant|100/100|[from] drain|[of] p2a: Ogerpon
|-damage|p1a: Lilligant|91/100|[from] item: Life Orb
|move|p2a: Ogerpon|Ivy Cudgel|p1a: Lilligant|[anim] Ivy Cudgel Rock
|-damage|p1a: Lilligant|2/100
|
|-weather|Sandstorm|[upkeep]
|-damage|p1a: Lilligant|0 fnt|[from] Sandstorm
|faint|p1a: Lilligant
|upkeep
|
|t:|1769443394
|switch|p1a: Torkoal|Torkoal, F|45/100
|-weather|SunnyDay|[from] ability: Drought|[of] p1a: Torkoal
|turn|23
|
|t:|1769443401
|move|p2a: Ogerpon|Ivy Cudgel|p1a: Torkoal|[anim] Ivy Cudgel Rock
|-supereffective|p1a: Torkoal
|-crit|p1a: Torkoal
|-damage|p1a: Torkoal|0 fnt
|faint|p1a: Torkoal
|
|-weather|SunnyDay|[upkeep]
|upkeep
|
|t:|1769443403
|switch|p1a: Walking Wake|Walking Wake|82/100 tox
|-activate|p1a: Walking Wake|ability: Protosynthesis
|-start|p1a: Walking Wake|protosynthesisspa
|turn|24
|
|t:|1769443407
|move|p2a: Ogerpon|Ivy Cudgel|p1a: Walking Wake|[anim] Ivy Cudgel Rock
|-damage|p1a: Walking Wake|21/100 tox
|move|p1a: Walking Wake|Hydro Steam|p2a: Ogerpon
|-damage|p2a: Ogerpon|0 fnt
|faint|p2a: Ogerpon
|
|-weather|SunnyDay|[upkeep]
|-damage|p1a: Walking Wake|15/100 tox|[from] psn
|upkeep
|
|t:|1769443415
|switch|p2a: Excadrill|Excadrill, M, shiny, tera:Ground|32/100
|turn|25
|
|t:|1769443421
|move|p1a: Walking Wake|Hydro Steam|p2a: Excadrill
|-supereffective|p2a: Excadrill
|-damage|p2a: Excadrill|0 fnt
|faint|p2a: Excadrill
|
|-weather|SunnyDay|[upkeep]
|-damage|p1a: Walking Wake|3/100 tox|[from] psn
|upkeep
|
|t:|1769443423
|switch|p2a: Iron Valiant|Iron Valiant, shiny|100/100
|turn|26
|
|t:|1769443427
|move|p2a: Iron Valiant|Vacuum Wave|p1a: Walking Wake
|-damage|p1a: Walking Wake|0 fnt
|faint|p1a: Walking Wake
|-end|p1a: Walking Wake|Protosynthesis|[silent]
|
|win|HCaldwell333
|raw|valentinokingreact's rating: 1361 &rarr; <strong>1342</strong><br />(-19 for losing)
|raw|HCaldwell333's rating: 1381 &rarr; <strong>1400</strong><br />(+19 for winning)
|l|☆valentinokingreact
|player|p1|
|l|☆HCaldwell333
|player|p2|
