|j|☆quehahah
|j|☆cycyrobotv
|t:|1769332044
|gametype|singles
|player|p1|quehahah|102|1112
|player|p2|cycyrobotv|265|1090
|gen|9
|tier|[Gen 9] OU
|rated|
|rule|HP Percentage Mod: HP is shown in percentages
|rule|Endless Battle Clause: Forcing endless battles is banned
|rule|Species Clause: Limit one of each Pokémon
|rule|OHKO Clause: OHKO moves are banned
|rule|Evasion Items Clause: Evasion items are banned
|rule|Evasion Moves Clause: Evasion moves are banned
|rule|Evasion Abilities Clause: Evasion abilities are banned
|rule|Sleep Moves Clause: Sleep-inducing moves are banned
|clearpoke
|poke|p1|Araquanid, M|
|poke|p1|Alomomola, M|
|poke|p1|Slowking-Galar, M|
|poke|p1|Magnezone|
|poke|p1|Regidrago|
|poke|p1|Dondozo, F|
|poke|p2|Yanmega, F|
|poke|p2|Moltres|
|poke|p2|Hawlucha, F|
|poke|p2|Great Tusk|
|poke|p2|Raging Bolt|
|poke|p2|Lokix, M|
|teampreview
|
|t:|1769332096
|teamsize|p1|6
|teamsize|p2|6
|start
|switch|p1a: Araquanid|Araquanid, M|100/100
|switch|p2a: ishmeal|Great Tusk|100/100
|turn|1
|
|t:|1769332110
|move|p2a: ishmeal|Stealth Rock|p1a: Araquanid
|-sidestart|p1: quehahah|move: Stealth Rock
|move|p1a: Araquanid|Liquidation|p2a: ishmeal
|-supereffective|p2a: ishmeal
|-damage|p2a: ishmeal|0 fnt
|faint|p2a: ishmeal
|-end|p2a: ishmeal|Protosynthesis|[silent]
|
|upkeep
|
|t:|1769332117
|switch|p2a: new guy|Hawlucha, F|100/100
|turn|2
|
|t:|1769332126
|move|p2a: new guy|Brave Bird|p1a: Araquanid
|-supereffective|p1a: Araquanid
|-damage|p1a: Araquanid|0 fnt
|faint|p1a: Araquanid
|-damage|p2a: new guy|64/100|[from] Recoil
|
|upkeep
|
|t:|1769332135
|switch|p1a: Alomomola|Alomomola, M|100/100
|-damage|p1a: Alomomola|88/100|[from] Stealth Rock
|turn|3
|
|t:|1769332169
|switch|p2a: call it|Raging Bolt|100/100
|-enditem|p2a: call it|Booster Energy
|-activate|p2a: call it|ability: Protosynthesis|[fromitem]
|-start|p2a: call it|protosynthesisspa
|move|p1a: Alomomola|Flip Turn|p2a: call it
|-resisted|p2a: call it
|-damage|p2a: call it|95/100
|
|t:|1769332191
|switch|p1a: Regidrago|Regidrago|100/100|[from] Flip Turn
|-damage|p1a: Regidrago|88/100|[from] Stealth Rock
|
|upkeep
|turn|4
|inactive|Battle timer is ON: inactive players will automatically lose when time's up. (requested by cycyrobotv)
|
|t:|1769332243
|-terastallize|p2a: call it|Fairy
|move|p1a: Regidrago|Dragon Energy|p2a: call it
|-immune|p2a: call it
|move|p2a: call it|Dragon Pulse|p1a: Regidrago
|-supereffective|p1a: Regidrago
|-damage|p1a: Regidrago|0 fnt
|faint|p1a: Regidrago
|
|upkeep
|
|t:|1769332246
|switch|p1a: Magnezone|Magnezone|100/100
|-damage|p1a: Magnezone|95/100|[from] Stealth Rock
|turn|5
|inactive|cycyrobotv has 120 seconds left.
|
|t:|1769332291
|-end|p2a: call it|Protosynthesis|[silent]
|switch|p2a: flamin wings|Moltres|100/100
|move|p1a: Magnezone|Flash Cannon|p2a: flamin wings
|-resisted|p2a: flamin wings
|-damage|p2a: flamin wings|60/100
|
|upkeep
|turn|6
|inactive|cycyrobotv has 90 seconds left.
|
|t:|1769332328
|switch|p1a: Slowking|Slowking-Galar, M|100/100
|move|p2a: flamin wings|Flamethrower|p1a: Slowking
|-damage|p1a: Slowking|74/100
|-status|p1a: Slowking|brn
|
|-damage|p1a: Slowking|67/100 brn|[from] brn
|upkeep
|turn|7
|
|t:|1769332336
|move|p2a: flamin wings|U-turn|p1a: Slowking
|-damage|p1a: Slowking|53/100 brn
|
|t:|1769332340
|switch|p2a: the GOAT|Yanmega, F, shiny|100/100|[from] U-turn
|move|p1a: Slowking|Future Sight|p2a: the GOAT
|-start|p1a: Slowking|move: Future Sight
|
|-damage|p1a: Slowking|47/100 brn|[from] brn
|upkeep
|turn|8
|
|t:|1769332348
|move|p2a: the GOAT|Bug Buzz|p1a: Slowking
|-damage|p1a: Slowking|10/100 brn
|-damage|p2a: the GOAT|91/100|[from] item: Life Orb
|-prepare|p1a: Slowking|Chilly Reception|[premajor]
|move|p1a: Slowking|Chilly Reception|p1a: Slowking
|-weather|Snowscape
|
|t:|1769332354
|switch|p1a: Magnezone|Magnezone|95/100|[from] Chilly Reception
|-damage|p1a: Magnezone|89/100|[from] Stealth Rock
|
|-weather|Snowscape|[upkeep]
|-ability|p2a: the GOAT|Speed Boost|boost
|-boost|p2a: the GOAT|spe|1
|upkeep
|turn|9
|inactive|cycyrobotv has 120 seconds left.
|
|t:|1769332372
|move|p2a: the GOAT|Air Slash|p1a: Magnezone
|-resisted|p1a: Magnezone
|-damage|p1a: Magnezone|73/100
|-damage|p2a: the GOAT|81/100|[from] item: Life Orb
|move|p1a: Magnezone|Flash Cannon|p2a: the GOAT
|-damage|p2a: the GOAT|0 fnt
|faint|p2a: the GOAT
|
|-weather|Snowscape|[upkeep]
|-hint|Future Sight did not hit because the target is fainted.
|upkeep
|
|t:|1769332374
|switch|p2a: new guy|Hawlucha, F|64/100
|turn|10
|
|t:|1769332383
|switch|p1a: Alomomola|Alomomola, M|100/100
|-damage|p1a: Alomomola|88/100|[from] Stealth Rock
|move|p2a: new guy|Close Combat|p1a: Alomomola
|-damage|p1a: Alomomola|60/100
|-unboost|p2a: new guy|def|1
|-unboost|p2a: new guy|spd|1
|-damage|p2a: new guy|48/100|[from] item: Rocky Helmet|[of] p1a: Alomomola
|-enditem|p2a: new guy|White Herb
|-clearnegativeboost|p2a: new guy|[silent]
|
|-weather|Snowscape|[upkeep]
|upkeep
|turn|11
|
|t:|1769332397
|switch|p2a: call it|Raging Bolt, tera:Fairy|95/100
|move|p1a: Alomomola|Wish|p1a: Alomomola
|
|-weather|Snowscape|[upkeep]
|upkeep
|turn|12
|
|t:|1769332402
|switch|p1a: Magnezone|Magnezone|73/100
|-damage|p1a: Magnezone|67/100|[from] Stealth Rock
|move|p2a: call it|Calm Mind|p2a: call it
|-boost|p2a: call it|spa|1
|-boost|p2a: call it|spd|1
|
|-weather|none
|-heal|p1a: Magnezone|100/100|[from] move: Wish|[wisher] Alomomola
|upkeep
|turn|13
|
|t:|1769332412
|move|p2a: call it|Thunderclap|p1a: Magnezone
|-resisted|p1a: Magnezone
|-damage|p1a: Magnezone|63/100
|move|p1a: Magnezone|Flash Cannon|p2a: call it
|-supereffective|p2a: call it
|-damage|p2a: call it|0 fnt
|faint|p2a: call it
|-end|p2a: call it|Protosynthesis|[silent]
|
|upkeep
|
|t:|1769332415
|switch|p2a: new guy|Hawlucha, F|48/100
|turn|14
|
|t:|1769332426
|-terastallize|p1a: Magnezone|Flying
|move|p2a: new guy|Swords Dance|p2a: new guy
|-boost|p2a: new guy|atk|2
|move|p1a: Magnezone|Flash Cannon|p2a: new guy
|-damage|p2a: new guy|0 fnt
|faint|p2a: new guy
|
|upkeep
|
|t:|1769332433
|switch|p2a: flamin wings|Moltres|60/100
|turn|15
|
|t:|1769332437
|switch|p1a: Slowking|Slowking-Galar, M|44/100 brn
|move|p2a: flamin wings|Flamethrower|p1a: Slowking
|-crit|p1a: Slowking
|-damage|p1a: Slowking|1/100 brn
|
|-damage|p1a: Slowking|0 fnt|[from] brn
|faint|p1a: Slowking
|upkeep
|
|t:|1769332443
|switch|p1a: Alomomola|Alomomola, M|93/100
|-damage|p1a: Alomomola|81/100|[from] Stealth Rock
|turn|16
|inactive|cycyrobotv has 120 seconds left.
|
|t:|1769332480
|move|p2a: flamin wings|U-turn|p1a: Alomomola
|-damage|p1a: Alomomola|73/100
|-damage|p2a: flamin wings|43/100|[from] item: Rocky Helmet|[of] p1a: Alomomola
|inactive|cycyrobotv has 90 seconds left.
|inactive|cycyrobotv has 60 seconds left.
|
|t:|1769332553
|switch|p2a: the dark knight|Lokix, M|100/100|[from] U-turn
|move|p1a: Alomomola|Wish|p1a: Alomomola
|
|upkeep
|turn|17
|
|t:|1769332566
|move|p2a: the dark knight|Knock Off|p1a: Alomomola
|-damage|p1a: Alomomola|43/100
|-damage|p2a: the dark knight|84/100|[from] item: Rocky Helmet|[of] p1a: Alomomola
|-enditem|p1a: Alomomola|Rocky Helmet|[from] move: Knock Off|[of] p2a: the dark knight
|-damage|p2a: the dark knight|74/100|[from] item: Life Orb
|move|p1a: Alomomola|Flip Turn|p2a: the dark knight
|-damage|p2a: the dark knight|51/100
|
|t:|1769332580
|switch|p1a: Magnezone|Magnezone, tera:Flying|63/100|[from] Flip Turn
|-damage|p1a: Magnezone|38/100|[from] Stealth Rock
|
|-heal|p1a: Magnezone|100/100|[from] move: Wish|[wisher] Alomomola
|upkeep
|turn|18
|
|t:|1769332587
|move|p2a: the dark knight|Knock Off|p1a: Magnezone
|-damage|p1a: Magnezone|54/100
|-enditem|p1a: Magnezone|Choice Specs|[from] move: Knock Off|[of] p2a: the dark knight
|-damage|p2a: the dark knight|41/100|[from] item: Life Orb
|move|p1a: Magnezone|Volt Switch|p2a: the dark knight
|-damage|p2a: the dark knight|0 fnt
|faint|p2a: the dark knight
|
|t:|1769332597
|switch|p1a: Alomomola|Alomomola, M|76/100|[from] Volt Switch
|-damage|p1a: Alomomola|64/100|[from] Stealth Rock
|
|upkeep
|
|t:|1769332599
|switch|p2a: flamin wings|Moltres|43/100
|turn|19
|inactive|cycyrobotv has 90 seconds left.
|
|t:|1769332605
|move|p2a: flamin wings|Hurricane|p1a: Alomomola
|-damage|p1a: Alomomola|0 fnt
|faint|p1a: Alomomola
|
|upkeep
|
|t:|1769332610
|switch|p1a: Dondozo|Dondozo, F|100/100
|-damage|p1a: Dondozo|88/100|[from] Stealth Rock
|turn|20
|
|t:|1769332612
|move|p2a: flamin wings|Roost|p2a: flamin wings
|-heal|p2a: flamin wings|93/100
|-singleturn|p2a: flamin wings|move: Roost
|move|p1a: Dondozo|Liquidation|p2a: flamin wings
|-supereffective|p2a: flamin wings
|-damage|p2a: flamin wings|41/100
|
|-heal|p1a: Dondozo|94/100|[from] item: Leftovers
|upkeep
|turn|21
|
|t:|1769332619
|move|p2a: flamin wings|Roost|p2a: flamin wings
|-heal|p2a: flamin wings|91/100
|-singleturn|p2a: flamin wings|move: Roost
|move|p1a: Dondozo|Liquidation|p2a: flamin wings
|-supereffective|p2a: flamin wings
|-damage|p2a: flamin wings|42/100
|
|-heal|p1a: Dondozo|99/100|[from] item: Leftovers
|upkeep
|turn|22
|inactive|cycyrobotv has 120 seconds left.
|
|t:|1769332633
|move|p2a: flamin wings|Roost|p2a: flamin wings
|-heal|p2a: flamin wings|92/100
|-singleturn|p2a: flamin wings|move: Roost
|move|p1a: Dondozo|Liquidation|p2a: flamin wings
|-supereffective|p2a: flamin wings
|-damage|p2a: flamin wings|42/100
|
|-heal|p1a: Dondozo|100/100|[from] item: Leftovers
|upkeep
|turn|23
|
|t:|1769332636
|move|p2a: flamin wings|Hurricane|p1a: Dondozo|[miss]
|-miss|p2a: flamin wings|p1a: Dondozo
|move|p1a: Dondozo|Liquidation|p2a: flamin wings
|-supereffective|p2a: flamin wings
|-damage|p2a: flamin wings|0 fnt
|faint|p2a: flamin wings
|
|win|quehahah
|raw|quehahah's rating: 1112 &rarr; <strong>1135</strong><br />(+23 for winning)
|raw|cycyrobotv's rating: 1090 &rarr; <strong>1068</strong><br />(-22 for losing)
|l|☆cycyrobotv
|player|p2|
|l|☆quehahah
|player|p1|
