|j|☆rishab99
|j|☆okbuddychingling
|t:|1769318563
|gametype|singles
|player|p1|rishab99|plasmagrunt|1505
|player|p2|okbuddychingling|gambler|1515
|gen|9
|tier|[Gen 9] OU
|rated|
|rule|HP Percentage Mod: HP is shown in percentages
|rule|Endless Battle Clause: Forcing endless battles is banned
|rule|Species Clause: Limit one of each Pokémon
|rule|OHKO Clause: OHKO moves are banned
|rule|Evasion Items Clause: Evasion items are banned
|rule|Evasion Moves Clause: Evasion moves are banned
|rule|Evasion Abilities Clause: Evasion abilities are banned
|rule|Sleep Moves Clause: Sleep-inducing moves are banned
|clearpoke
|poke|p1|Garchomp, M|
|poke|p1|Darkrai|
|poke|p1|Gholdengo|
|poke|p1|Ogerpon-Wellspring, F|
|poke|p1|Iron Valiant|
|poke|p1|Iron Treads|
|poke|p2|Iron Crown|
|poke|p2|Zamazenta-*|
|poke|p2|Great Tusk|
|poke|p2|Kingambit, F|
|poke|p2|Enamorus, F|
|poke|p2|Ogerpon-Wellspring, F|
|teampreview
|inactive|Battle timer is ON: inactive players will automatically lose when time's up. (requested by rishab99)
|
|t:|1769318574
|teamsize|p1|6
|teamsize|p2|6
|start
|switch|p1a: Garchomp|Garchomp, M|100/100
|switch|p2a: Madusa|Enamorus, F|100/100
|turn|1
|
|t:|1769318587
|move|p2a: Madusa|Moonblast|p1a: Garchomp
|-supereffective|p1a: Garchomp
|-damage|p1a: Garchomp|0 fnt
|faint|p1a: Garchomp
|
|upkeep
|
|t:|1769318590
|switch|p1a: Darkrai|Darkrai|100/100
|turn|2
|
|t:|1769318601
|switch|p2a: Queengambit|Kingambit, F|100/100
|move|p1a: Darkrai|Sludge Bomb|p2a: Queengambit
|-immune|p2a: Queengambit
|
|upkeep
|turn|3
|
|t:|1769318620
|move|p1a: Darkrai|Knock Off|p2a: Queengambit
|-resisted|p2a: Queengambit
|-damage|p2a: Queengambit|86/100
|-enditem|p2a: Queengambit|Black Glasses|[from] move: Knock Off|[of] p1a: Darkrai
|move|p2a: Queengambit|Iron Head|p1a: Darkrai
|-damage|p1a: Darkrai|41/100
|
|upkeep
|turn|4
|
|t:|1769318629
|move|p1a: Darkrai|Dark Pulse|p2a: Queengambit
|-resisted|p2a: Queengambit
|-damage|p2a: Queengambit|63/100
|move|p2a: Queengambit|Swords Dance|p2a: Queengambit
|-boost|p2a: Queengambit|atk|2
|
|upkeep
|turn|5
|
|t:|1769318633
|move|p1a: Darkrai|Dark Pulse|p2a: Queengambit
|-resisted|p2a: Queengambit
|-damage|p2a: Queengambit|38/100
|move|p2a: Queengambit|Iron Head|p1a: Darkrai
|-damage|p1a: Darkrai|0 fnt
|faint|p1a: Darkrai
|
|upkeep
|
|t:|1769318639
|switch|p1a: Iron Treads|Iron Treads|100/100
|turn|6
|j| sixlegoat
|
|t:|1769318644
|move|p2a: Queengambit|Sucker Punch|p1a: Iron Treads
|-damage|p1a: Iron Treads|28/100
|move|p1a: Iron Treads|Earthquake|p2a: Queengambit
|-supereffective|p2a: Queengambit
|-damage|p2a: Queengambit|0 fnt
|faint|p2a: Queengambit
|-end|p2a: Queengambit|fallenundefined|[silent]
|
|-heal|p1a: Iron Treads|34/100|[from] item: Leftovers
|upkeep
|
|t:|1769318656
|switch|p2a: Lord of the Flies|Zamazenta|100/100
|-ability|p2a: Lord of the Flies|Dauntless Shield|boost
|-boost|p2a: Lord of the Flies|def|1
|turn|7
|l| sixlegoat
|
|t:|1769318663
|move|p2a: Lord of the Flies|Body Press|p1a: Iron Treads
|-supereffective|p1a: Iron Treads
|-damage|p1a: Iron Treads|0 fnt
|faint|p1a: Iron Treads
|-end|p1a: Iron Treads|Quark Drive|[silent]
|
|upkeep
|
|t:|1769318666
|switch|p1a: Gholdengo|Gholdengo|100/100
|-item|p1a: Gholdengo|Air Balloon
|turn|8
|
|t:|1769318669
|move|p2a: Lord of the Flies|Light Screen|p2a: Lord of the Flies
|-sidestart|p2: okbuddychingling|move: Light Screen
|move|p1a: Gholdengo|Thunder Wave|p2a: Lord of the Flies
|-status|p2a: Lord of the Flies|par
|
|upkeep
|turn|9
|
|t:|1769318683
|move|p1a: Gholdengo|Hex|p2a: Lord of the Flies
|-damage|p2a: Lord of the Flies|72/100 par
|move|p2a: Lord of the Flies|Reflect|p2a: Lord of the Flies
|-sidestart|p2: okbuddychingling|Reflect
|
|upkeep
|turn|10
|
|t:|1769318689
|move|p1a: Gholdengo|Hex|p2a: Lord of the Flies
|-crit|p2a: Lord of the Flies
|-damage|p2a: Lord of the Flies|0 fnt
|faint|p2a: Lord of the Flies
|
|upkeep
|
|t:|1769318694
|switch|p2a: Curb Stomp|Great Tusk|100/100
|-enditem|p2a: Curb Stomp|Booster Energy
|-activate|p2a: Curb Stomp|ability: Protosynthesis|[fromitem]
|-start|p2a: Curb Stomp|protosynthesisatk
|turn|11
|
|t:|1769318702
|move|p2a: Curb Stomp|Ice Spinner|p1a: Gholdengo
|-resisted|p1a: Gholdengo
|-damage|p1a: Gholdengo|89/100
|-enditem|p1a: Gholdengo|Air Balloon
|move|p1a: Gholdengo|Hex|p2a: Curb Stomp
|-damage|p2a: Curb Stomp|79/100
|
|upkeep
|turn|12
|
|t:|1769318706
|move|p2a: Curb Stomp|Bulk Up|p2a: Curb Stomp
|-boost|p2a: Curb Stomp|atk|1
|-boost|p2a: Curb Stomp|def|1
|move|p1a: Gholdengo|Hex|p2a: Curb Stomp
|-damage|p2a: Curb Stomp|58/100
|
|upkeep
|turn|13
|
|t:|1769318711
|move|p2a: Curb Stomp|Earthquake|p1a: Gholdengo
|-supereffective|p1a: Gholdengo
|-damage|p1a: Gholdengo|0 fnt
|faint|p1a: Gholdengo
|
|upkeep
|
|t:|1769318718
|switch|p1a: Iron Valiant|Iron Valiant|100/100
|-enditem|p1a: Iron Valiant|Booster Energy
|-activate|p1a: Iron Valiant|ability: Quark Drive|[fromitem]
|-start|p1a: Iron Valiant|quarkdrivespe
|turn|14
|
|t:|1769318726
|move|p1a: Iron Valiant|Moonblast|p2a: Curb Stomp
|-supereffective|p2a: Curb Stomp
|-damage|p2a: Curb Stomp|0 fnt
|faint|p2a: Curb Stomp
|-end|p2a: Curb Stomp|Protosynthesis|[silent]
|
|upkeep
|
|t:|1769318734
|switch|p2a: Goldwing|Iron Crown|100/100
|-enditem|p2a: Goldwing|Booster Energy
|-activate|p2a: Goldwing|ability: Quark Drive|[fromitem]
|-start|p2a: Goldwing|quarkdrivespa
|turn|15
|
|t:|1769318754
|move|p1a: Iron Valiant|Thunderbolt|p2a: Goldwing
|-damage|p2a: Goldwing|88/100
|move|p2a: Goldwing|Agility|p2a: Goldwing
|-boost|p2a: Goldwing|spe|2
|
|-sideend|p2: okbuddychingling|move: Light Screen
|upkeep
|turn|16
|
|t:|1769318764
|move|p1a: Iron Valiant|Encore|p2a: Goldwing
|-start|p2a: Goldwing|Encore
|move|p2a: Goldwing|Agility|p2a: Goldwing
|-boost|p2a: Goldwing|spe|2
|
|-sideend|p2: okbuddychingling|Reflect
|upkeep
|turn|17
|
|t:|1769318768
|move|p2a: Goldwing|Agility|p2a: Goldwing
|-boost|p2a: Goldwing|spe|2
|move|p1a: Iron Valiant|Calm Mind|p1a: Iron Valiant
|-boost|p1a: Iron Valiant|spa|1
|-boost|p1a: Iron Valiant|spd|1
|
|upkeep
|turn|18
|
|t:|1769318772
|move|p2a: Goldwing|Agility|p2a: Goldwing
|-boost|p2a: Goldwing|spe|0
|move|p1a: Iron Valiant|Thunderbolt|p2a: Goldwing
|-damage|p2a: Goldwing|47/100
|
|-end|p2a: Goldwing|Encore
|upkeep
|turn|19
|
|t:|1769318782
|-terastallize|p1a: Iron Valiant|Electric
|move|p2a: Goldwing|Tachyon Cutter|p1a: Iron Valiant
|-resisted|p1a: Iron Valiant
|-damage|p1a: Iron Valiant|81/100
|-resisted|p1a: Iron Valiant
|-damage|p1a: Iron Valiant|61/100
|-hitcount|p1a: Iron Valiant|2
|move|p1a: Iron Valiant|Thunderbolt|p2a: Goldwing
|-damage|p2a: Goldwing|0 fnt
|faint|p2a: Goldwing
|-end|p2a: Goldwing|Quark Drive|[silent]
|
|upkeep
|
|t:|1769318786
|switch|p2a: The Haunted Mask|Ogerpon-Wellspring, F|100/100
|turn|20
|
|t:|1769318793
|move|p1a: Iron Valiant|Thunderbolt|p2a: The Haunted Mask
|-damage|p2a: The Haunted Mask|22/100
|move|p2a: The Haunted Mask|Ivy Cudgel|p1a: Iron Valiant|[anim] Ivy Cudgel Water
|-damage|p1a: Iron Valiant|0 fnt
|faint|p1a: Iron Valiant
|-end|p1a: Iron Valiant|Quark Drive|[silent]
|
|upkeep
|
|t:|1769318797
|switch|p1a: Ogerpon|Ogerpon-Wellspring, F|100/100
|turn|21
|
|t:|1769318800
|move|p1a: Ogerpon|Trailblaze|p2a: The Haunted Mask
|-damage|p2a: The Haunted Mask|0 fnt
|-boost|p1a: Ogerpon|spe|1
|faint|p2a: The Haunted Mask
|
|upkeep
|
|t:|1769318803
|switch|p2a: Madusa|Enamorus, F|100/100
|turn|22
|
|t:|1769318810
|-terastallize|p2a: Madusa|Fairy
|move|p1a: Ogerpon|Ivy Cudgel|p2a: Madusa|[anim] Ivy Cudgel Water
|-crit|p2a: Madusa
|-damage|p2a: Madusa|0 fnt
|faint|p2a: Madusa
|
|win|rishab99
|raw|rishab99's rating: 1523 &rarr; <strong>1543</strong><br />(+20 for winning)
|raw|okbuddychingling's rating: 1515 &rarr; <strong>1495</strong><br />(-20 for losing)
|l|☆okbuddychingling
|player|p2|
|l|☆rishab99
|player|p1|
