|j|☆Gentai_Kiajo
|j|☆adrian098
|t:|1769411867
|gametype|singles
|player|p1|Gentai_Kiajo|steven|1085
|player|p2|adrian098|lucas|1144
|gen|9
|tier|[Gen 9] OU
|rated|
|rule|HP Percentage Mod: HP is shown in percentages
|rule|Endless Battle Clause: Forcing endless battles is banned
|rule|Species Clause: Limit one of each Pokémon
|rule|OHKO Clause: OHKO moves are banned
|rule|Evasion Items Clause: Evasion items are banned
|rule|Evasion Moves Clause: Evasion moves are banned
|rule|Evasion Abilities Clause: Evasion abilities are banned
|rule|Sleep Moves Clause: Sleep-inducing moves are banned
|clearpoke
|poke|p1|Golurk|
|poke|p1|Pyroar, F|
|poke|p1|Rillaboom, F|
|poke|p1|Garganacl, M|
|poke|p1|Goodra, M|
|poke|p1|Samurott-Hisui, F|
|poke|p2|Great Tusk|
|poke|p2|Alomomola, F|
|poke|p2|Tyranitar, M|
|poke|p2|Rillaboom, M|
|poke|p2|Dragapult, F|
|poke|p2|Gholdengo|
|teampreview
|inactive|Battle timer is ON: inactive players will automatically lose when time's up. (requested by Gentai_Kiajo)
|
|t:|1769411888
|teamsize|p1|6
|teamsize|p2|6
|start
|switch|p1a: Pyroar|Pyroar, F|100/100
|switch|p2a: Great Tusk|Great Tusk|100/100
|turn|1
|
|t:|1769411894
|switch|p1a: Rillaboom|Rillaboom, F|100/100
|move|p2a: Great Tusk|Stealth Rock|p1a: Rillaboom
|-sidestart|p1: Gentai_Kiajo|move: Stealth Rock
|
|upkeep
|turn|2
|
|t:|1769411907
|-end|p2a: Great Tusk|Protosynthesis|[silent]
|switch|p2a: Dragapult|Dragapult, F|100/100
|move|p1a: Rillaboom|Wood Hammer|p2a: Dragapult
|-resisted|p2a: Dragapult
|-damage|p2a: Dragapult|42/100
|-damage|p1a: Rillaboom|83/100|[from] Recoil
|
|upkeep
|turn|3
|
|t:|1769411913
|move|p2a: Dragapult|Flamethrower|p1a: Rillaboom
|-supereffective|p1a: Rillaboom
|-damage|p1a: Rillaboom|0 fnt
|faint|p1a: Rillaboom
|
|upkeep
|
|t:|1769411936
|switch|p1a: Goodra|Goodra, M|100/100
|-damage|p1a: Goodra|88/100|[from] Stealth Rock
|turn|4
|
|t:|1769411940
|switch|p2a: Alomomola|Alomomola, F|100/100
|move|p1a: Goodra|Knock Off|p2a: Alomomola
|-damage|p2a: Alomomola|87/100
|-enditem|p2a: Alomomola|Leftovers|[from] move: Knock Off|[of] p1a: Goodra
|
|upkeep
|turn|5
|
|t:|1769411950
|switch|p1a: Samurott|Samurott-Hisui, F|100/100
|-damage|p1a: Samurott|88/100|[from] Stealth Rock
|move|p2a: Alomomola|Flip Turn|p1a: Samurott
|-resisted|p1a: Samurott
|-damage|p1a: Samurott|79/100
|
|t:|1769411966
|switch|p2a: Rillaboom|Rillaboom, M|100/100|[from] Flip Turn
|-fieldstart|move: Grassy Terrain|[from] ability: Grassy Surge|[of] p2a: Rillaboom
|
|-heal|p1a: Samurott|86/100|[from] Grassy Terrain
|upkeep
|turn|6
|
|t:|1769411978
|-terastallize|p1a: Samurott|Dark
|move|p1a: Samurott|Ceaseless Edge|p2a: Rillaboom|[miss]
|-miss|p1a: Samurott|p2a: Rillaboom
|move|p2a: Rillaboom|Drain Punch|p1a: Samurott
|-supereffective|p1a: Samurott
|-damage|p1a: Samurott|0 fnt
|faint|p1a: Samurott
|
|upkeep
|
|t:|1769411986
|switch|p1a: Pyroar|Pyroar, F|100/100
|-damage|p1a: Pyroar|76/100|[from] Stealth Rock
|turn|7
|
|t:|1769411989
|switch|p2a: Alomomola|Alomomola, F|100/100
|move|p1a: Pyroar|Flamethrower|p2a: Alomomola
|-resisted|p2a: Alomomola
|-damage|p2a: Alomomola|62/100
|
|-heal|p1a: Pyroar|82/100|[from] Grassy Terrain
|-heal|p2a: Alomomola|68/100|[from] Grassy Terrain
|upkeep
|turn|8
|
|t:|1769412000
|switch|p1a: Goodra|Goodra, M|88/100
|-damage|p1a: Goodra|76/100|[from] Stealth Rock
|move|p2a: Alomomola|Wish|p2a: Alomomola
|
|-heal|p1a: Goodra|82/100|[from] Grassy Terrain
|-heal|p2a: Alomomola|74/100|[from] Grassy Terrain
|upkeep
|turn|9
|
|t:|1769412003
|move|p1a: Goodra|Sludge Wave|p2a: Alomomola
|-damage|p2a: Alomomola|41/100
|move|p2a: Alomomola|Flip Turn|p1a: Goodra
|-resisted|p1a: Goodra
|-damage|p1a: Goodra|71/100
|
|t:|1769412005
|switch|p2a: Dragapult|Dragapult, F|42/100|[from] Flip Turn
|
|-heal|p2a: Dragapult|100/100|[from] move: Wish|[wisher] Alomomola
|-heal|p1a: Goodra|77/100|[from] Grassy Terrain
|-fieldend|move: Grassy Terrain
|upkeep
|turn|10
|
|t:|1769412008
|move|p2a: Dragapult|U-turn|p1a: Goodra
|-damage|p1a: Goodra|56/100
|
|t:|1769412010
|switch|p2a: Tyranitar|Tyranitar, M|100/100|[from] U-turn
|-weather|Sandstorm|[from] ability: Sand Stream|[of] p2a: Tyranitar
|move|p1a: Goodra|Draco Meteor|p2a: Tyranitar
|-damage|p2a: Tyranitar|78/100
|-unboost|p1a: Goodra|spa|2
|
|-weather|Sandstorm|[upkeep]
|-damage|p1a: Goodra|50/100|[from] Sandstorm
|upkeep
|turn|11
|
|t:|1769412019
|switch|p1a: Golurk|Golurk|100/100
|-damage|p1a: Golurk|95/100|[from] Stealth Rock
|move|p2a: Tyranitar|Knock Off|p1a: Golurk
|-supereffective|p1a: Golurk
|-crit|p1a: Golurk
|-damage|p1a: Golurk|0 fnt
|-enditem|p1a: Golurk|Blunder Policy|[from] move: Knock Off|[of] p2a: Tyranitar
|faint|p1a: Golurk
|
|-weather|Sandstorm|[upkeep]
|upkeep
|
|t:|1769412025
|switch|p1a: Garganacl|Garganacl, M|100/100
|-damage|p1a: Garganacl|88/100|[from] Stealth Rock
|turn|12
|
|t:|1769412035
|switch|p2a: Rillaboom|Rillaboom, M|100/100
|-fieldstart|move: Grassy Terrain|[from] ability: Grassy Surge|[of] p2a: Rillaboom
|move|p1a: Garganacl|Iron Defense|p1a: Garganacl
|-boost|p1a: Garganacl|def|2
|
|-weather|Sandstorm|[upkeep]
|-damage|p2a: Rillaboom|94/100|[from] Sandstorm
|-heal|p2a: Rillaboom|100/100|[from] Grassy Terrain
|-heal|p1a: Garganacl|94/100|[from] Grassy Terrain
|-heal|p1a: Garganacl|100/100|[from] item: Leftovers
|upkeep
|turn|13
|
|t:|1769412043
|switch|p2a: Gholdengo|Gholdengo|100/100
|move|p1a: Garganacl|Body Press|p2a: Gholdengo
|-immune|p2a: Gholdengo
|
|-weather|Sandstorm|[upkeep]
|upkeep
|turn|14
|
|t:|1769412047
|move|p2a: Gholdengo|Trick|p1a: Garganacl
|-activate|p2a: Gholdengo|move: Trick|[of] p1a: Garganacl
|-item|p1a: Garganacl|Choice Scarf|[from] move: Trick
|-item|p2a: Gholdengo|Leftovers|[from] move: Trick
|move|p1a: Garganacl|Salt Cure|p2a: Gholdengo
|-resisted|p2a: Gholdengo
|-damage|p2a: Gholdengo|92/100
|-start|p2a: Gholdengo|Salt Cure
|
|-weather|none
|-heal|p2a: Gholdengo|98/100|[from] Grassy Terrain
|-heal|p2a: Gholdengo|100/100|[from] item: Leftovers
|-damage|p2a: Gholdengo|76/100|[from] Salt Cure
|upkeep
|turn|15
|
|t:|1769412057
|switch|p2a: Alomomola|Alomomola, F|74/100
|switch|p1a: Goodra|Goodra, M|50/100
|-damage|p1a: Goodra|38/100|[from] Stealth Rock
|
|-heal|p1a: Goodra|44/100|[from] Grassy Terrain
|-heal|p2a: Alomomola|80/100|[from] Grassy Terrain
|upkeep
|turn|16
|
|t:|1769412063
|move|p1a: Goodra|Knock Off|p2a: Alomomola
|-damage|p2a: Alomomola|71/100
|move|p2a: Alomomola|Flip Turn|p1a: Goodra
|-resisted|p1a: Goodra
|-damage|p1a: Goodra|34/100
|
|t:|1769412067
|switch|p2a: Tyranitar|Tyranitar, M|78/100|[from] Flip Turn
|-weather|Sandstorm|[from] ability: Sand Stream|[of] p2a: Tyranitar
|
|-weather|Sandstorm|[upkeep]
|-damage|p1a: Goodra|28/100|[from] Sandstorm
|-heal|p1a: Goodra|34/100|[from] Grassy Terrain
|-heal|p2a: Tyranitar|84/100|[from] Grassy Terrain
|-fieldend|move: Grassy Terrain
|upkeep
|turn|17
|
|t:|1769412075
|move|p1a: Goodra|Knock Off|p2a: Tyranitar
|-resisted|p2a: Tyranitar
|-damage|p2a: Tyranitar|75/100
|-enditem|p2a: Tyranitar|Assault Vest|[from] move: Knock Off|[of] p1a: Goodra
|move|p2a: Tyranitar|Ice Punch|p1a: Goodra
|-supereffective|p1a: Goodra
|-damage|p1a: Goodra|0 fnt
|faint|p1a: Goodra
|
|-weather|Sandstorm|[upkeep]
|upkeep
|
|t:|1769412080
|switch|p1a: Garganacl|Garganacl, M|100/100
|-damage|p1a: Garganacl|88/100|[from] Stealth Rock
|turn|18
|
|t:|1769412087
|switch|p2a: Alomomola|Alomomola, F|100/100
|move|p1a: Garganacl|Body Press|p2a: Alomomola
|-damage|p2a: Alomomola|82/100
|
|-weather|Sandstorm|[upkeep]
|-damage|p2a: Alomomola|76/100|[from] Sandstorm
|upkeep
|turn|19
|
|t:|1769412092
|move|p2a: Alomomola|Flip Turn|p1a: Garganacl
|-supereffective|p1a: Garganacl
|-damage|p1a: Garganacl|73/100
|
|t:|1769412096
|switch|p2a: Gholdengo|Gholdengo|76/100|[from] Flip Turn
|move|p1a: Garganacl|Body Press|p2a: Gholdengo
|-immune|p2a: Gholdengo
|
|-weather|Sandstorm|[upkeep]
|-heal|p2a: Gholdengo|82/100|[from] item: Leftovers
|upkeep
|turn|20
|
|t:|1769412116
|switch|p1a: Pyroar|Pyroar, F|82/100
|-damage|p1a: Pyroar|57/100|[from] Stealth Rock
|move|p2a: Gholdengo|Make It Rain|p1a: Pyroar
|-resisted|p1a: Pyroar
|-damage|p1a: Pyroar|8/100
|-unboost|p2a: Gholdengo|spa|1
|
|-weather|none
|-heal|p2a: Gholdengo|88/100|[from] item: Leftovers
|upkeep
|turn|21
|
|t:|1769412123
|switch|p2a: Alomomola|Alomomola, F|100/100
|move|p1a: Pyroar|Flamethrower|p2a: Alomomola
|-resisted|p2a: Alomomola
|-damage|p2a: Alomomola|63/100
|
|upkeep
|turn|22
|-message|Gentai_Kiajo forfeited.
|
|win|adrian098
|raw|Gentai_Kiajo's rating: 1085 &rarr; <strong>1065</strong><br />(-20 for losing)
|raw|adrian098's rating: 1121 &rarr; <strong>1143</strong><br />(+22 for winning)
|l|☆Gentai_Kiajo
|player|p1|
|l|☆adrian098
|player|p2|
