|j|☆ohko_charjabug
|j|☆Gengarissocute
|t:|1769321775
|gametype|singles
|player|p1|ohko_charjabug|sophocles|1309
|player|p2|Gengarissocute|2|1252
|gen|9
|tier|[Gen 9] OU
|rated|
|rule|HP Percentage Mod: HP is shown in percentages
|rule|Endless Battle Clause: Forcing endless battles is banned
|rule|Species Clause: Limit one of each Pokémon
|rule|OHKO Clause: OHKO moves are banned
|rule|Evasion Items Clause: Evasion items are banned
|rule|Evasion Moves Clause: Evasion moves are banned
|rule|Evasion Abilities Clause: Evasion abilities are banned
|rule|Sleep Moves Clause: Sleep-inducing moves are banned
|clearpoke
|poke|p1|Enamorus, F|
|poke|p1|Cinderace, F|
|poke|p1|Ogerpon-Wellspring, F|
|poke|p1|Zapdos|
|poke|p1|Slowking-Galar, M|
|poke|p1|Rillaboom, F|
|poke|p2|Maushold|
|poke|p2|Kingambit, F|
|poke|p2|Ogerpon-Wellspring, F|
|poke|p2|Regidrago|
|poke|p2|Iron Valiant|
|poke|p2|Gliscor, M|
|teampreview
|inactive|Battle timer is ON: inactive players will automatically lose when time's up. (requested by Gengarissocute)
|
|t:|1769321781
|teamsize|p1|6
|teamsize|p2|6
|start
|switch|p1a: Monke|Rillaboom, F|100/100
|switch|p2a: Little guys|Maushold, shiny|100/100
|turn|1
|
|t:|1769321790
|move|p2a: Little guys|Population Bomb|p1a: Monke
|-damage|p1a: Monke|89/100
|-damage|p1a: Monke|76/100
|-damage|p1a: Monke|64/100
|-damage|p1a: Monke|51/100
|-damage|p1a: Monke|39/100
|-crit|p1a: Monke
|-damage|p1a: Monke|21/100
|-damage|p1a: Monke|9/100
|-damage|p1a: Monke|0 fnt
|faint|p1a: Monke
|-hitcount|p1: Monke|8
|
|upkeep
|
|t:|1769321796
|switch|p1a: Hi-Score|Cinderace, F, shiny|100/100
|turn|2
|
|t:|1769321799
|move|p1a: Hi-Score|Will-O-Wisp|p2a: Little guys
|-status|p2a: Little guys|brn
|move|p2a: Little guys|Population Bomb|p1a: Hi-Score
|-damage|p1a: Hi-Score|94/100
|-damage|p1a: Hi-Score|88/100
|-damage|p1a: Hi-Score|81/100
|-damage|p1a: Hi-Score|74/100
|-damage|p1a: Hi-Score|67/100
|-damage|p1a: Hi-Score|60/100
|-damage|p1a: Hi-Score|54/100
|-damage|p1a: Hi-Score|47/100
|-damage|p1a: Hi-Score|41/100
|-damage|p1a: Hi-Score|34/100
|-hitcount|p1a: Hi-Score|10
|
|-damage|p2a: Little guys|94/100 brn|[from] brn
|upkeep
|turn|3
|
|t:|1769321802
|move|p1a: Hi-Score|Pyro Ball|p2a: Little guys
|-damage|p2a: Little guys|22/100 brn
|move|p2a: Little guys|Population Bomb|p1a: Hi-Score
|-damage|p1a: Hi-Score|28/100
|-damage|p1a: Hi-Score|22/100
|-damage|p1a: Hi-Score|15/100
|-damage|p1a: Hi-Score|9/100
|-damage|p1a: Hi-Score|2/100
|-damage|p1a: Hi-Score|0 fnt
|faint|p1a: Hi-Score
|-hitcount|p1: Hi-Score|6
|
|-damage|p2a: Little guys|15/100 brn|[from] brn
|upkeep
|
|t:|1769321808
|switch|p1a: Dirty Jokes|Slowking-Galar, M|100/100
|turn|4
|
|t:|1769321810
|move|p2a: Little guys|Population Bomb|p1a: Dirty Jokes
|-damage|p1a: Dirty Jokes|96/100
|-damage|p1a: Dirty Jokes|92/100
|-damage|p1a: Dirty Jokes|88/100
|-damage|p1a: Dirty Jokes|84/100
|-damage|p1a: Dirty Jokes|81/100
|-damage|p1a: Dirty Jokes|77/100
|-damage|p1a: Dirty Jokes|72/100
|-damage|p1a: Dirty Jokes|68/100
|-damage|p1a: Dirty Jokes|64/100
|-damage|p1a: Dirty Jokes|60/100
|-hitcount|p1a: Dirty Jokes|10
|-prepare|p1a: Dirty Jokes|Chilly Reception|[premajor]
|move|p1a: Dirty Jokes|Chilly Reception|p1a: Dirty Jokes
|-weather|Snowscape
|
|t:|1769321829
|switch|p1a: Hummingbird|Zapdos|100/100|[from] Chilly Reception
|
|-weather|Snowscape|[upkeep]
|-damage|p2a: Little guys|9/100 brn|[from] brn
|upkeep
|turn|5
|
|t:|1769321833
|move|p2a: Little guys|Population Bomb|p1a: Hummingbird
|-damage|p1a: Hummingbird|94/100
|-damage|p1a: Hummingbird|88/100
|-damage|p1a: Hummingbird|82/100
|-damage|p1a: Hummingbird|75/100
|-damage|p1a: Hummingbird|69/100
|-damage|p1a: Hummingbird|62/100
|-damage|p1a: Hummingbird|56/100
|-damage|p1a: Hummingbird|49/100
|-damage|p1a: Hummingbird|42/100
|-damage|p1a: Hummingbird|35/100
|-hitcount|p1a: Hummingbird|10
|move|p1a: Hummingbird|Volt Switch|p2a: Little guys
|-damage|p2a: Little guys|0 fnt
|faint|p2a: Little guys
|
|t:|1769321837
|switch|p1a: Stinky Perfume|Enamorus, F|100/100|[from] Volt Switch
|
|-weather|Snowscape|[upkeep]
|upkeep
|
|t:|1769321843
|switch|p2a: Cleaning up|Kingambit, F, shiny|100/100
|-activate|p2a: Cleaning up|ability: Supreme Overlord
|-start|p2a: Cleaning up|fallen1|[silent]
|turn|6
|
|t:|1769321848
|move|p1a: Stinky Perfume|Superpower|p2a: Cleaning up
|-supereffective|p2a: Cleaning up
|-damage|p2a: Cleaning up|15/100
|-boost|p1a: Stinky Perfume|atk|1
|-boost|p1a: Stinky Perfume|def|1
|move|p2a: Cleaning up|Iron Head|p1a: Stinky Perfume
|-supereffective|p1a: Stinky Perfume
|-damage|p1a: Stinky Perfume|0 fnt
|faint|p1a: Stinky Perfume
|
|-weather|Snowscape|[upkeep]
|upkeep
|-message|ohko_charjabug forfeited.
|
|win|Gengarissocute
|raw|ohko_charjabug's rating: 1309 &rarr; <strong>1286</strong><br />(-23 for losing)
|raw|Gengarissocute's rating: 1252 &rarr; <strong>1281</strong><br />(+29 for winning)
|l|☆ohko_charjabug
|player|p1|
|l|☆Gengarissocute
|player|p2|
