|j|☆MfxxkingReal
|j|☆victory_sakik
|t:|1769434280
|gametype|singles
|player|p1|MfxxkingReal|2|1394
|player|p2|victory_sakik|170|1421
|gen|9
|tier|[Gen 9] OU
|rated|
|rule|HP Percentage Mod: HP is shown in percentages
|rule|Endless Battle Clause: Forcing endless battles is banned
|rule|Species Clause: Limit one of each Pokémon
|rule|OHKO Clause: OHKO moves are banned
|rule|Evasion Items Clause: Evasion items are banned
|rule|Evasion Moves Clause: Evasion moves are banned
|rule|Evasion Abilities Clause: Evasion abilities are banned
|rule|Sleep Moves Clause: Sleep-inducing moves are banned
|clearpoke
|poke|p1|Tyranitar, M|
|poke|p1|Excadrill, M|
|poke|p1|Iron Valiant|
|poke|p1|Tornadus-Therian, M|
|poke|p1|Ogerpon-Cornerstone, F|
|poke|p1|Toxapex, F|
|poke|p2|Enamorus-Therian, F|
|poke|p2|Ogerpon, F|
|poke|p2|Greninja-*, F|
|poke|p2|Maushold-Four|
|poke|p2|Iron Valiant|
|poke|p2|Hatterene, F|
|teampreview
|
|t:|1769434296
|teamsize|p1|6
|teamsize|p2|6
|start
|switch|p1a: Tyranitar|Tyranitar, M|100/100
|switch|p2a: Greninja|Greninja, F|100/100
|-weather|Sandstorm|[from] ability: Sand Stream|[of] p1a: Tyranitar
|turn|1
|
|t:|1769434314
|move|p2a: Greninja|U-turn|p1a: Tyranitar
|-start|p2a: Greninja|typechange|Bug|[from] ability: Protean
|-supereffective|p1a: Tyranitar
|-damage|p1a: Tyranitar|63/100
|
|t:|1769434327
|switch|p2a: gargamel|Hatterene, F|100/100|[from] U-turn
|move|p1a: Tyranitar|Rock Slide|p2a: gargamel
|-damage|p2a: gargamel|61/100
|
|-weather|Sandstorm|[upkeep]
|-damage|p2a: gargamel|55/100|[from] Sandstorm
|-heal|p2a: gargamel|61/100|[from] item: Leftovers
|upkeep
|turn|2
|
|t:|1769434343
|move|p1a: Tyranitar|Knock Off|p2a: gargamel
|-damage|p2a: gargamel|9/100
|-enditem|p2a: gargamel|Leftovers|[from] move: Knock Off|[of] p1a: Tyranitar
|move|p2a: gargamel|Nuzzle|p1a: Tyranitar
|-damage|p1a: Tyranitar|59/100
|-status|p1a: Tyranitar|par
|
|-weather|Sandstorm|[upkeep]
|-damage|p2a: gargamel|3/100|[from] Sandstorm
|upkeep
|turn|3
|
|t:|1769434351
|move|p2a: gargamel|Future Sight|p1a: Tyranitar
|-start|p2a: gargamel|move: Future Sight
|cant|p1a: Tyranitar|par
|
|-weather|Sandstorm|[upkeep]
|-damage|p2a: gargamel|0 fnt|[from] Sandstorm
|faint|p2a: gargamel
|upkeep
|
|t:|1769434363
|switch|p2a: sherkan|Enamorus-Therian, F|100/100
|turn|4
|
|t:|1769434370
|move|p2a: sherkan|Moonblast|p1a: Tyranitar
|-supereffective|p1a: Tyranitar
|-damage|p1a: Tyranitar|0 fnt
|faint|p1a: Tyranitar
|
|-weather|Sandstorm|[upkeep]
|upkeep
|
|t:|1769434374
|switch|p1a: Excadrill|Excadrill, M|100/100
|turn|5
|
|t:|1769434429
|switch|p2a: Greninja|Greninja, F|100/100
|move|p1a: Excadrill|Swords Dance|p1a: Excadrill
|-boost|p1a: Excadrill|atk|2
|
|-weather|Sandstorm|[upkeep]
|-damage|p2a: Greninja|95/100|[from] Sandstorm
|-end|p1a: Excadrill|move: Future Sight
|-resisted|p1a: Excadrill
|-damage|p1a: Excadrill|64/100
|-heal|p1a: Excadrill|70/100|[from] item: Leftovers
|upkeep
|turn|6
|
|t:|1769434445
|switch|p2a: sherkan|Enamorus-Therian, F|100/100
|move|p1a: Excadrill|Earthquake|p2a: sherkan
|-immune|p2a: sherkan
|
|-weather|Sandstorm|[upkeep]
|-heal|p1a: Excadrill|76/100|[from] item: Leftovers
|upkeep
|turn|7
|
|t:|1769434450
|switch|p2a: Greninja|Greninja, F|95/100
|-terastallize|p1a: Excadrill|Steel
|move|p1a: Excadrill|Iron Head|p2a: Greninja
|-resisted|p2a: Greninja
|-crit|p2a: Greninja
|-damage|p2a: Greninja|0 fnt
|faint|p2a: Greninja
|
|-weather|Sandstorm|[upkeep]
|-heal|p1a: Excadrill|82/100|[from] item: Leftovers
|upkeep
|
|t:|1769434463
|switch|p2a: diddykong|Ogerpon, F|100/100
|turn|8
|
|t:|1769434466
|switch|p2a: sherkan|Enamorus-Therian, F|100/100
|move|p1a: Excadrill|Iron Head|p2a: sherkan
|-supereffective|p2a: sherkan
|-damage|p2a: sherkan|0 fnt
|faint|p2a: sherkan
|
|-weather|none
|-heal|p1a: Excadrill|89/100|[from] item: Leftovers
|upkeep
|inactive|Battle timer is ON: inactive players will automatically lose when time's up. (requested by MfxxkingReal)
|
|t:|1769434521
|switch|p2a: nonbinarygoesbrrrr|Iron Valiant|100/100
|-enditem|p2a: nonbinarygoesbrrrr|Booster Energy
|-activate|p2a: nonbinarygoesbrrrr|ability: Quark Drive|[fromitem]
|-start|p2a: nonbinarygoesbrrrr|quarkdrivespe
|turn|9
|inactive|victory_sakik has 120 seconds left.
|
|t:|1769434554
|move|p2a: nonbinarygoesbrrrr|Close Combat|p1a: Excadrill
|-supereffective|p1a: Excadrill
|-damage|p1a: Excadrill|0 fnt
|-unboost|p2a: nonbinarygoesbrrrr|def|1
|-unboost|p2a: nonbinarygoesbrrrr|spd|1
|faint|p1a: Excadrill
|
|upkeep
|
|t:|1769434563
|switch|p1a: Tornadus|Tornadus-Therian, M|100/100
|turn|10
|inactive|victory_sakik has 120 seconds left.
|inactive|victory_sakik has 90 seconds left.
|
|t:|1769434618
|move|p2a: nonbinarygoesbrrrr|Moonblast|p1a: Tornadus
|-damage|p1a: Tornadus|53/100
|move|p1a: Tornadus|Bleakwind Storm|p2a: nonbinarygoesbrrrr
|-supereffective|p2a: nonbinarygoesbrrrr
|-damage|p2a: nonbinarygoesbrrrr|0 fnt
|faint|p2a: nonbinarygoesbrrrr
|-end|p2a: nonbinarygoesbrrrr|Quark Drive|[silent]
|
|upkeep
|
|t:|1769434623
|switch|p2a: four jerry|Maushold-Four|100/100
|turn|11
|
|t:|1769434626
|move|p1a: Tornadus|Bleakwind Storm|p2a: four jerry
|-damage|p2a: four jerry|0 fnt
|faint|p2a: four jerry
|
|upkeep
|
|t:|1769434630
|switch|p2a: diddykong|Ogerpon, F|100/100
|turn|12
|
|t:|1769434634
|move|p1a: Tornadus|Bleakwind Storm|p2a: diddykong
|-supereffective|p2a: diddykong
|-damage|p2a: diddykong|0 fnt
|faint|p2a: diddykong
|
|win|MfxxkingReal
|raw|MfxxkingReal's rating: 1394 &rarr; <strong>1416</strong><br />(+22 for winning)
|raw|victory_sakik's rating: 1421 &rarr; <strong>1399</strong><br />(-22 for losing)
|l|☆victory_sakik
|player|p2|
|l|☆MfxxkingReal
|player|p1|
