|j|☆chrisnwobu
|j|☆Turtwig9001
|t:|1769313700
|gametype|singles
|player|p1|chrisnwobu|2|1264
|player|p2|Turtwig9001|169|1266
|gen|9
|tier|[Gen 9] OU
|rated|
|rule|HP Percentage Mod: HP is shown in percentages
|rule|Endless Battle Clause: Forcing endless battles is banned
|rule|Species Clause: Limit one of each Pokémon
|rule|OHKO Clause: OHKO moves are banned
|rule|Evasion Items Clause: Evasion items are banned
|rule|Evasion Moves Clause: Evasion moves are banned
|rule|Evasion Abilities Clause: Evasion abilities are banned
|rule|Sleep Moves Clause: Sleep-inducing moves are banned
|clearpoke
|poke|p1|Alomomola, F|
|poke|p1|Corviknight, M|
|poke|p1|Hawlucha, F|
|poke|p1|Indeedee, M|
|poke|p1|Iron Valiant|
|poke|p1|Ceruledge, F|
|poke|p2|Great Tusk|
|poke|p2|Entei|
|poke|p2|Gholdengo|
|poke|p2|Hydreigon, M|
|poke|p2|Deoxys-Speed|
|poke|p2|Kyurem|
|teampreview
|inactive|Battle timer is ON: inactive players will automatically lose when time's up. (requested by Turtwig9001)
|inactive|chrisnwobu has 120 seconds left.
|l|☆Turtwig9001
|inactive|Turtwig9001 disconnected and has a minute to reconnect!
|player|p2|
|
|t:|1769313749
|teamsize|p1|6
|teamsize|p2|6
|start
|switch|p1a: Indeedee|Indeedee, M|100/100
|switch|p2a: Deoxys|Deoxys-Speed|100/100
|-ability|p2a: Deoxys|Pressure
|-fieldstart|move: Psychic Terrain|[from] ability: Psychic Surge|[of] p1a: Indeedee
|turn|1
|j|☆Turtwig9001
|inactive|Turtwig9001 reconnected and has 150 seconds left.
|player|p2|Turtwig9001|169|
|
|t:|1769313767
|move|p1a: Indeedee|Expanding Force|p2a: Deoxys
|-resisted|p2a: Deoxys
|-damage|p2a: Deoxys|57/100
|move|p2a: Deoxys|Mirror Coat|p1a: Indeedee
|-damage|p1a: Indeedee|0 fnt
|faint|p1a: Indeedee
|
|upkeep
|
|t:|1769313781
|switch|p1a: Hawlucha|Hawlucha, F|100/100
|-enditem|p1a: Hawlucha|Psychic Seed
|-boost|p1a: Hawlucha|spd|1|[from] item: Psychic Seed
|turn|2
|
|t:|1769313786
|move|p1a: Hawlucha|Encore|p2a: Deoxys
|-start|p2a: Deoxys|Encore
|move|p2a: Deoxys|Mirror Coat||[still]
|-fail|p2a: Deoxys
|
|upkeep
|turn|3
|
|t:|1769313806
|switch|p2a: Entei|Entei|100/100
|move|p1a: Hawlucha|Swords Dance|p1a: Hawlucha
|-boost|p1a: Hawlucha|atk|2
|
|upkeep
|turn|4
|
|t:|1769313818
|-terastallize|p1a: Hawlucha|Flying
|-terastallize|p2a: Entei|Ghost
|move|p1a: Hawlucha|Acrobatics|p2a: Entei
|-damage|p2a: Entei|0 fnt
|faint|p2a: Entei
|
|upkeep
|
|t:|1769313826
|switch|p2a: Gholdengo|Gholdengo|100/100
|turn|5
|
|t:|1769313831
|move|p1a: Hawlucha|Acrobatics|p2a: Gholdengo
|-resisted|p2a: Gholdengo
|-damage|p2a: Gholdengo|35/100
|move|p2a: Gholdengo|Thunder Wave|p1a: Hawlucha
|-status|p1a: Hawlucha|par
|
|-heal|p2a: Gholdengo|41/100|[from] item: Leftovers
|upkeep
|turn|6
|
|t:|1769313838
|move|p1a: Hawlucha|Acrobatics|p2a: Gholdengo
|-resisted|p2a: Gholdengo
|-damage|p2a: Gholdengo|0 fnt
|faint|p2a: Gholdengo
|
|upkeep
|
|t:|1769313841
|switch|p2a: Deoxys|Deoxys-Speed|57/100
|-ability|p2a: Deoxys|Pressure
|turn|7
|
|t:|1769313853
|move|p2a: Deoxys|Stealth Rock|p1a: Hawlucha
|-sidestart|p1: chrisnwobu|move: Stealth Rock
|move|p1a: Hawlucha|Acrobatics|p2a: Deoxys
|-damage|p2a: Deoxys|0 fnt
|faint|p2a: Deoxys
|
|upkeep
|
|t:|1769313858
|switch|p2a: Kyurem|Kyurem|100/100
|-ability|p2a: Kyurem|Pressure
|turn|8
|
|t:|1769313867
|move|p1a: Hawlucha|Close Combat|p2a: Kyurem
|-supereffective|p2a: Kyurem
|-crit|p2a: Kyurem
|-damage|p2a: Kyurem|0 fnt
|-unboost|p1a: Hawlucha|def|1
|-unboost|p1a: Hawlucha|spd|1
|faint|p2a: Kyurem
|
|-fieldend|move: Psychic Terrain
|upkeep
|
|t:|1769313872
|switch|p2a: Hydreigon|Hydreigon, M|100/100
|turn|9
|
|t:|1769313880
|move|p1a: Hawlucha|Close Combat|p2a: Hydreigon
|-supereffective|p2a: Hydreigon
|-damage|p2a: Hydreigon|0 fnt
|-unboost|p1a: Hawlucha|def|1
|-unboost|p1a: Hawlucha|spd|1
|faint|p2a: Hydreigon
|
|upkeep
|
|t:|1769313883
|switch|p2a: Great Tusk|Great Tusk|100/100
|-enditem|p2a: Great Tusk|Booster Energy
|-activate|p2a: Great Tusk|ability: Protosynthesis|[fromitem]
|-start|p2a: Great Tusk|protosynthesisatk
|turn|10
|
|t:|1769313889
|move|p1a: Hawlucha|Acrobatics|p2a: Great Tusk
|-supereffective|p2a: Great Tusk
|-damage|p2a: Great Tusk|0 fnt
|faint|p2a: Great Tusk
|-end|p2a: Great Tusk|Protosynthesis|[silent]
|
|win|chrisnwobu
|raw|chrisnwobu's rating: 1264 &rarr; <strong>1289</strong><br />(+25 for winning)
|raw|Turtwig9001's rating: 1266 &rarr; <strong>1241</strong><br />(-25 for losing)
|l|☆Turtwig9001
|player|p2|
