|j|☆JuanZeta
|j|☆aceboladoxx
|t:|1769360073
|gametype|singles
|player|p1|JuanZeta|burglar|1090
|player|p2|aceboladoxx|n|1084
|gen|9
|tier|[Gen 9] OU
|rated|
|rule|HP Percentage Mod: HP is shown in percentages
|rule|Endless Battle Clause: Forcing endless battles is banned
|rule|Species Clause: Limit one of each Pokémon
|rule|OHKO Clause: OHKO moves are banned
|rule|Evasion Items Clause: Evasion items are banned
|rule|Evasion Moves Clause: Evasion moves are banned
|rule|Evasion Abilities Clause: Evasion abilities are banned
|rule|Sleep Moves Clause: Sleep-inducing moves are banned
|clearpoke
|poke|p1|Dragonite, F|
|poke|p1|Garchomp, M|
|poke|p1|Pelipper, M|
|poke|p1|Zapdos|
|poke|p1|Weavile, F|
|poke|p1|Metagross|
|poke|p2|Garganacl, M|
|poke|p2|Ceruledge, M|
|poke|p2|Venusaur, M|
|poke|p2|Grimmsnarl, M|
|poke|p2|Milotic, F|
|poke|p2|Dragonite, M|
|teampreview
|inactive|Battle timer is ON: inactive players will automatically lose when time's up. (requested by aceboladoxx)
|
|t:|1769360083
|teamsize|p1|6
|teamsize|p2|6
|start
|switch|p1a: Pelipper|Pelipper, M|100/100
|switch|p2a: Garganacl|Garganacl, M, shiny|100/100
|-weather|RainDance|[from] ability: Drizzle|[of] p1a: Pelipper
|turn|1
|
|t:|1769360093
|move|p1a: Pelipper|Surf|p2a: Garganacl
|-supereffective|p2a: Garganacl
|-damage|p2a: Garganacl|19/100
|move|p2a: Garganacl|Salt Cure|p1a: Pelipper
|-supereffective|p1a: Pelipper
|-damage|p1a: Pelipper|78/100
|-start|p1a: Pelipper|Salt Cure
|
|-weather|RainDance|[upkeep]
|-heal|p2a: Garganacl|25/100|[from] item: Leftovers
|-damage|p1a: Pelipper|53/100|[from] Salt Cure
|upkeep
|turn|2
|
|t:|1769360106
|move|p2a: Garganacl|Protect|p2a: Garganacl
|-singleturn|p2a: Garganacl|Protect
|move|p1a: Pelipper|Surf|p2a: Garganacl
|-activate|p2a: Garganacl|move: Protect
|
|-weather|RainDance|[upkeep]
|-heal|p2a: Garganacl|31/100|[from] item: Leftovers
|-damage|p1a: Pelipper|28/100|[from] Salt Cure
|upkeep
|turn|3
|
|t:|1769360123
|switch|p2a: Venusaur|Venusaur, M, shiny|100/100
|move|p1a: Pelipper|Roost|p1a: Pelipper
|-heal|p1a: Pelipper|78/100
|-singleturn|p1a: Pelipper|move: Roost
|
|-weather|RainDance|[upkeep]
|-damage|p1a: Pelipper|53/100|[from] Salt Cure
|upkeep
|turn|4
|
|t:|1769360141
|switch|p1a: Metagross|Metagross, shiny|100/100
|move|p2a: Venusaur|Leech Seed|p1a: Metagross
|-start|p1a: Metagross|move: Leech Seed
|
|-weather|RainDance|[upkeep]
|-damage|p1a: Metagross|88/100|[from] Leech Seed|[of] p2a: Venusaur
|upkeep
|turn|5
|
|t:|1769360155
|switch|p2a: Ceruledge|Ceruledge, M|100/100
|move|p1a: Metagross|Zen Headbutt|p2a: Ceruledge|[miss]
|-miss|p1a: Metagross|p2a: Ceruledge
|
|-weather|RainDance|[upkeep]
|-damage|p1a: Metagross|76/100|[from] Leech Seed|[of] p2a: Ceruledge
|upkeep
|turn|6
|
|t:|1769360177
|switch|p1a: Pelipper|Pelipper, M|53/100
|move|p2a: Ceruledge|Swords Dance|p2a: Ceruledge
|-boost|p2a: Ceruledge|atk|2
|
|-weather|RainDance|[upkeep]
|upkeep
|turn|7
|
|t:|1769360186
|move|p2a: Ceruledge|Poltergeist|p1a: Pelipper
|-activate|p1a: Pelipper|move: Poltergeist|Damp Rock
|-damage|p1a: Pelipper|0 fnt
|faint|p1a: Pelipper
|
|-weather|RainDance|[upkeep]
|upkeep
|
|t:|1769360200
|switch|p1a: Weavile|Weavile, F, shiny|100/100
|-ability|p1a: Weavile|Pressure
|turn|8
|
|t:|1769360209
|move|p1a: Weavile|Ice Shard|p2a: Ceruledge
|-resisted|p2a: Ceruledge
|-damage|p2a: Ceruledge|81/100
|-ability|p2a: Ceruledge|Weak Armor|boost
|-unboost|p2a: Ceruledge|def|1
|-boost|p2a: Ceruledge|spe|2
|move|p2a: Ceruledge|Bitter Blade|p1a: Weavile
|-supereffective|p1a: Weavile
|-damage|p1a: Weavile|0 fnt
|-heal|p2a: Ceruledge|100/100|[from] drain|[of] p1a: Weavile
|faint|p1a: Weavile
|
|-weather|none
|upkeep
|
|t:|1769360220
|switch|p1a: Dragonite|Dragonite, F, shiny|100/100
|turn|9
|
|t:|1769360226
|move|p2a: Ceruledge|Psycho Cut|p1a: Dragonite
|-damage|p1a: Dragonite|71/100
|move|p1a: Dragonite|Earthquake|p2a: Ceruledge
|-supereffective|p2a: Ceruledge
|-damage|p2a: Ceruledge|0 fnt
|faint|p2a: Ceruledge
|
|upkeep
|
|t:|1769360240
|switch|p2a: Dragonite|Dragonite, M|100/100
|turn|10
|
|t:|1769360245
|move|p1a: Dragonite|Roost|p1a: Dragonite
|-heal|p1a: Dragonite|100/100
|-singleturn|p1a: Dragonite|move: Roost
|move|p2a: Dragonite|Dragon Dance|p2a: Dragonite
|-boost|p2a: Dragonite|atk|1
|-boost|p2a: Dragonite|spe|1
|
|upkeep
|turn|11
|
|t:|1769360253
|move|p2a: Dragonite|Dragon Dance|p2a: Dragonite
|-boost|p2a: Dragonite|atk|1
|-boost|p2a: Dragonite|spe|1
|move|p1a: Dragonite|Dragon Dance|p1a: Dragonite
|-boost|p1a: Dragonite|atk|1
|-boost|p1a: Dragonite|spe|1
|
|upkeep
|turn|12
|
|t:|1769360262
|move|p1a: Dragonite|Extreme Speed|p2a: Dragonite
|-damage|p2a: Dragonite|74/100
|move|p2a: Dragonite|Dragon Claw|p1a: Dragonite
|-supereffective|p1a: Dragonite
|-damage|p1a: Dragonite|0 fnt
|faint|p1a: Dragonite
|
|upkeep
|
|t:|1769360275
|switch|p1a: Zapdos|Zapdos|100/100
|turn|13
|
|t:|1769360281
|move|p2a: Dragonite|Dragon Claw|p1a: Zapdos
|-damage|p1a: Zapdos|12/100
|move|p1a: Zapdos|Volt Switch|p2a: Dragonite
|-damage|p2a: Dragonite|33/100
|
|t:|1769360289
|switch|p1a: Metagross|Metagross, shiny|76/100|[from] Volt Switch
|
|upkeep
|turn|14
|
|t:|1769360294
|move|p1a: Metagross|Bullet Punch|p2a: Dragonite
|-damage|p2a: Dragonite|6/100
|move|p2a: Dragonite|Earthquake|p1a: Metagross
|-supereffective|p1a: Metagross
|-damage|p1a: Metagross|0 fnt
|faint|p1a: Metagross
|
|upkeep
|
|t:|1769360301
|switch|p1a: Garchomp|Garchomp, M|100/100
|turn|15
|
|t:|1769360305
|move|p2a: Dragonite|Dragon Claw|p1a: Garchomp
|-supereffective|p1a: Garchomp
|-damage|p1a: Garchomp|0 fnt
|-damage|p2a: Dragonite|0 fnt|[from] ability: Rough Skin|[of] p1a: Garchomp
|faint|p1a: Garchomp
|faint|p2a: Dragonite
|
|upkeep
|
|t:|1769360315
|switch|p1a: Zapdos|Zapdos|12/100
|switch|p2a: Garganacl|Garganacl, M, shiny|31/100
|turn|16
|
|t:|1769360320
|move|p1a: Zapdos|Roost|p1a: Zapdos
|-heal|p1a: Zapdos|62/100
|-singleturn|p1a: Zapdos|move: Roost
|move|p2a: Garganacl|Salt Cure|p1a: Zapdos
|-damage|p1a: Zapdos|47/100
|-start|p1a: Zapdos|Salt Cure
|
|-heal|p2a: Garganacl|37/100|[from] item: Leftovers
|-damage|p1a: Zapdos|35/100|[from] Salt Cure
|upkeep
|turn|17
|
|t:|1769360333
|move|p2a: Garganacl|Protect|p2a: Garganacl
|-singleturn|p2a: Garganacl|Protect
|move|p1a: Zapdos|Roost|p1a: Zapdos
|-heal|p1a: Zapdos|85/100
|-singleturn|p1a: Zapdos|move: Roost
|
|-heal|p2a: Garganacl|44/100|[from] item: Leftovers
|-damage|p1a: Zapdos|73/100|[from] Salt Cure
|upkeep
|turn|18
|
|t:|1769360353
|-terastallize|p1a: Zapdos|Steel
|move|p1a: Zapdos|Hurricane|p2a: Garganacl
|-resisted|p2a: Garganacl
|-damage|p2a: Garganacl|18/100
|move|p2a: Garganacl|Iron Defense|p2a: Garganacl
|-boost|p2a: Garganacl|def|2
|
|-heal|p2a: Garganacl|24/100|[from] item: Leftovers
|-damage|p1a: Zapdos|48/100|[from] Salt Cure
|upkeep
|turn|19
|
|t:|1769360365
|move|p2a: Garganacl|Protect|p2a: Garganacl
|-singleturn|p2a: Garganacl|Protect
|move|p1a: Zapdos|Roost|p1a: Zapdos
|-heal|p1a: Zapdos|98/100
|
|-heal|p2a: Garganacl|30/100|[from] item: Leftovers
|-damage|p1a: Zapdos|73/100|[from] Salt Cure
|upkeep
|turn|20
|
|t:|1769360377
|move|p1a: Zapdos|Heat Wave|p2a: Garganacl|[miss]
|-miss|p1a: Zapdos|p2a: Garganacl
|move|p2a: Garganacl|Iron Defense|p2a: Garganacl
|-boost|p2a: Garganacl|def|2
|
|-heal|p2a: Garganacl|36/100|[from] item: Leftovers
|-damage|p1a: Zapdos|48/100|[from] Salt Cure
|upkeep
|turn|21
|
|t:|1769360387
|move|p1a: Zapdos|Roost|p1a: Zapdos
|-heal|p1a: Zapdos|98/100
|move|p2a: Garganacl|Body Press|p1a: Zapdos
|-supereffective|p1a: Zapdos
|-damage|p1a: Zapdos|0 fnt
|faint|p1a: Zapdos
|
|win|aceboladoxx
|raw|JuanZeta's rating: 1090 &rarr; <strong>1066</strong><br />(-24 for losing)
|raw|aceboladoxx's rating: 1084 &rarr; <strong>1112</strong><br />(+28 for winning)
|l|☆JuanZeta
|player|p1|
