|j|☆loliloliravioli
|j|☆Joker555J
|t:|1769318633
|gametype|singles
|player|p1|loliloliravioli|schoolkidf|1156
|player|p2|Joker555J|acetrainer-gen4dp|1179
|gen|9
|tier|[Gen 9] OU
|rated|
|rule|HP Percentage Mod: HP is shown in percentages
|rule|Endless Battle Clause: Forcing endless battles is banned
|rule|Species Clause: Limit one of each Pokémon
|rule|OHKO Clause: OHKO moves are banned
|rule|Evasion Items Clause: Evasion items are banned
|rule|Evasion Moves Clause: Evasion moves are banned
|rule|Evasion Abilities Clause: Evasion abilities are banned
|rule|Sleep Moves Clause: Sleep-inducing moves are banned
|clearpoke
|poke|p1|Blaziken, M|
|poke|p1|Garchomp, M|
|poke|p1|Tsareena, F|
|poke|p1|Slaking, F|
|poke|p1|Latios, M|
|poke|p1|Grimmsnarl, M|
|poke|p2|Serperior, F|
|poke|p2|Samurott-Hisui, M|
|poke|p2|Chandelure, M|
|poke|p2|Garchomp, M|
|poke|p2|Conkeldurr, M|
|poke|p2|Vikavolt, M|
|teampreview
|inactive|Battle timer is ON: inactive players will automatically lose when time's up. (requested by Joker555J)
|
|t:|1769318650
|teamsize|p1|6
|teamsize|p2|6
|start
|switch|p1a: Garchomp|Garchomp, M|100/100
|switch|p2a: Vikavolt|Vikavolt, M|100/100
|turn|1
|
|t:|1769318655
|move|p1a: Garchomp|Swords Dance|p1a: Garchomp
|-boost|p1a: Garchomp|atk|2
|move|p2a: Vikavolt|Sticky Web|p1a: Garchomp
|-sidestart|p1: loliloliravioli|move: Sticky Web
|
|upkeep
|turn|2
|
|t:|1769318660
|move|p1a: Garchomp|Scale Shot|p2a: Vikavolt
|-damage|p2a: Vikavolt|72/100
|-damage|p2a: Vikavolt|44/100
|-damage|p2a: Vikavolt|17/100
|-damage|p2a: Vikavolt|0 fnt
|faint|p2a: Vikavolt
|-hitcount|p2: Vikavolt|4
|-unboost|p1a: Garchomp|def|1
|-boost|p1a: Garchomp|spe|1
|
|upkeep
|
|t:|1769318665
|switch|p2a: Conkeldurr|Conkeldurr, M|100/100
|turn|3
|
|t:|1769318670
|move|p1a: Garchomp|Scale Shot|p2a: Conkeldurr
|-damage|p2a: Conkeldurr|79/100
|-crit|p2a: Conkeldurr
|-damage|p2a: Conkeldurr|44/100
|-damage|p2a: Conkeldurr|23/100
|-damage|p2a: Conkeldurr|2/100
|-hitcount|p2a: Conkeldurr|4
|-unboost|p1a: Garchomp|def|1
|-boost|p1a: Garchomp|spe|1
|move|p2a: Conkeldurr|Ice Punch|p1a: Garchomp
|-supereffective|p1a: Garchomp
|-damage|p1a: Garchomp|0 fnt
|-damage|p2a: Conkeldurr|0 fnt|[from] ability: Rough Skin|[of] p1a: Garchomp
|faint|p1a: Garchomp
|faint|p2a: Conkeldurr
|
|upkeep
|
|t:|1769318686
|switch|p1a: Tsareena|Tsareena, F|100/100
|switch|p2a: Samurott|Samurott-Hisui, M|100/100
|turn|4
|
|t:|1769318691
|move|p2a: Samurott|Ceaseless Edge|p1a: Tsareena
|-damage|p1a: Tsareena|46/100
|-sidestart|p1: loliloliravioli|Spikes
|move|p1a: Tsareena|Rapid Spin|p2a: Samurott
|-damage|p2a: Samurott|79/100
|-boost|p1a: Tsareena|spe|1
|-sideend|p1: loliloliravioli|Spikes|[from] move: Rapid Spin|[of] p1a: Tsareena
|-sideend|p1: loliloliravioli|Sticky Web|[from] move: Rapid Spin|[of] p1a: Tsareena
|
|upkeep
|turn|5
|
|t:|1769318698
|move|p2a: Samurott|Sucker Punch||[still]
|cant|p1a: Tsareena|ability: Queenly Majesty|Sucker Punch|[of] p2a: Samurott
|move|p1a: Tsareena|Trop Kick|p2a: Samurott
|-supereffective|p2a: Samurott
|-damage|p2a: Samurott|0 fnt
|faint|p2a: Samurott
|
|upkeep
|
|t:|1769318705
|switch|p2a: Garchomp|Garchomp, M|100/100
|turn|6
|
|t:|1769318707
|move|p1a: Tsareena|Triple Axel|p2a: Garchomp
|-supereffective|p2a: Garchomp
|-damage|p2a: Garchomp|75/100
|-damage|p1a: Tsareena|34/100|[from] ability: Rough Skin|[of] p2a: Garchomp
|-damage|p1a: Tsareena|18/100|[from] item: Rocky Helmet|[of] p2a: Garchomp
|-supereffective|p2a: Garchomp
|-damage|p2a: Garchomp|25/100
|-damage|p1a: Tsareena|5/100|[from] ability: Rough Skin|[of] p2a: Garchomp
|-damage|p1a: Tsareena|0 fnt|[from] item: Rocky Helmet|[of] p2a: Garchomp
|faint|p1a: Tsareena
|-hitcount|p2a: Garchomp|2
|move|p2a: Garchomp|Stealth Rock|p1: Tsareena
|-sidestart|p1: loliloliravioli|move: Stealth Rock
|
|upkeep
|
|t:|1769318727
|switch|p1a: Blaziken|Blaziken, M|100/100
|-damage|p1a: Blaziken|88/100|[from] Stealth Rock
|turn|7
|
|t:|1769318735
|move|p1a: Blaziken|Protect|p1a: Blaziken
|-singleturn|p1a: Blaziken|Protect
|move|p2a: Garchomp|Earthquake|p1a: Blaziken
|-activate|p1a: Blaziken|move: Protect
|
|-ability|p1a: Blaziken|Speed Boost|boost
|-boost|p1a: Blaziken|spe|1
|upkeep
|turn|8
|
|t:|1769318743
|move|p1a: Blaziken|Close Combat|p2a: Garchomp
|-damage|p2a: Garchomp|0 fnt
|-unboost|p1a: Blaziken|def|1
|-unboost|p1a: Blaziken|spd|1
|-damage|p1a: Blaziken|76/100|[from] ability: Rough Skin|[of] p2a: Garchomp
|-damage|p1a: Blaziken|59/100|[from] item: Rocky Helmet|[of] p2a: Garchomp
|faint|p2a: Garchomp
|-damage|p1a: Blaziken|49/100|[from] item: Life Orb
|
|-ability|p1a: Blaziken|Speed Boost|boost
|-boost|p1a: Blaziken|spe|1
|upkeep
|
|t:|1769318750
|switch|p2a: Chandelure|Chandelure, M|100/100
|turn|9
|
|t:|1769318754
|move|p1a: Blaziken|Knock Off|p2a: Chandelure
|-supereffective|p2a: Chandelure
|-damage|p2a: Chandelure|0 fnt
|-enditem|p2a: Chandelure|Choice Scarf|[from] move: Knock Off|[of] p1a: Blaziken
|faint|p2a: Chandelure
|-damage|p1a: Blaziken|39/100|[from] item: Life Orb
|
|-ability|p1a: Blaziken|Speed Boost|boost
|-boost|p1a: Blaziken|spe|1
|upkeep
|
|t:|1769318757
|switch|p2a: Serperior|Serperior, F|100/100
|turn|10
|
|t:|1769318760
|move|p1a: Blaziken|Blaze Kick|p2a: Serperior
|-supereffective|p2a: Serperior
|-crit|p2a: Serperior
|-damage|p2a: Serperior|0 fnt
|faint|p2a: Serperior
|-damage|p1a: Blaziken|29/100|[from] item: Life Orb
|
|win|loliloliravioli
|raw|loliloliravioli's rating: 1156 &rarr; <strong>1183</strong><br />(+27 for winning)
|raw|Joker555J's rating: 1179 &rarr; <strong>1152</strong><br />(-27 for losing)
|l|☆Joker555J
|player|p2|
|l|☆loliloliravioli
|player|p1|
