|j|☆Sirgeust
|j|☆pokemastersteven5
|t:|1769325485
|gametype|singles
|player|p1|Sirgeust|lusamine-nihilego|1362
|player|p2|pokemastersteven5|riley|1361
|gen|9
|tier|[Gen 9] OU
|rated|
|rule|HP Percentage Mod: HP is shown in percentages
|rule|Endless Battle Clause: Forcing endless battles is banned
|rule|Species Clause: Limit one of each Pokémon
|rule|OHKO Clause: OHKO moves are banned
|rule|Evasion Items Clause: Evasion items are banned
|rule|Evasion Moves Clause: Evasion moves are banned
|rule|Evasion Abilities Clause: Evasion abilities are banned
|rule|Sleep Moves Clause: Sleep-inducing moves are banned
|clearpoke
|poke|p1|Zoroark-Hisui, F|
|poke|p1|Ogerpon-Wellspring, F|
|poke|p1|Samurott-Hisui, M|
|poke|p1|Corviknight, M|
|poke|p1|Pecharunt|
|poke|p1|Slowking-Galar, M|
|poke|p2|Iron Crown|
|poke|p2|Kyurem|
|poke|p2|Raging Bolt|
|poke|p2|Landorus-Therian, M|
|poke|p2|Enamorus, F|
|poke|p2|Arcanine-Hisui, M|
|teampreview
|inactive|Battle timer is ON: inactive players will automatically lose when time's up. (requested by pokemastersteven5)
|inactive|Sirgeust has 120 seconds left.
|
|t:|1769325520
|teamsize|p1|6
|teamsize|p2|6
|start
|switch|p1a: Ogerpon|Ogerpon-Wellspring, F|100/100
|switch|p2a: Landorus|Landorus-Therian, M, shiny|100/100
|-ability|p2a: Landorus|Intimidate|boost
|-unboost|p1a: Ogerpon|atk|1
|turn|1
|
|t:|1769325527
|move|p2a: Landorus|U-turn|p1a: Ogerpon
|-supereffective|p1a: Ogerpon
|-damage|p1a: Ogerpon|33/100
|
|t:|1769325533
|switch|p2a: Raging Bolt|Raging Bolt|100/100|[from] U-turn
|move|p1a: Ogerpon|Ivy Cudgel|p2a: Raging Bolt|[anim] Ivy Cudgel Water
|-resisted|p2a: Raging Bolt
|-damage|p2a: Raging Bolt|84/100
|
|upkeep
|turn|2
|
|t:|1769325538
|switch|p1a: Slowking|Slowking-Galar, M|100/100
|move|p2a: Raging Bolt|Volt Switch|p1a: Slowking
|-damage|p1a: Slowking|75/100
|
|t:|1769325547
|-end|p2a: Raging Bolt|Protosynthesis|[silent]
|switch|p2a: Kyurem|Kyurem, shiny|100/100|[from] Volt Switch
|-ability|p2a: Kyurem|Pressure
|
|upkeep
|turn|3
|
|t:|1769325552
|move|p2a: Kyurem|Scale Shot|p1a: Slowking
|-damage|p1a: Slowking|60/100
|-damage|p1a: Slowking|46/100
|-damage|p1a: Slowking|31/100
|-damage|p1a: Slowking|17/100
|-damage|p1a: Slowking|4/100
|-hitcount|p1a: Slowking|5
|-unboost|p2a: Kyurem|def|1
|-boost|p2a: Kyurem|spe|1
|move|p1a: Slowking|Thunder Wave|p2a: Kyurem
|-status|p2a: Kyurem|par
|
|upkeep
|turn|4
|
|t:|1769325564
|switch|p1a: Corviknight|Corviknight, M|100/100
|-ability|p1a: Corviknight|Pressure
|move|p2a: Kyurem|Scale Shot|p1a: Corviknight
|-resisted|p1a: Corviknight
|-damage|p1a: Corviknight|96/100
|-resisted|p1a: Corviknight
|-damage|p1a: Corviknight|92/100
|-resisted|p1a: Corviknight
|-damage|p1a: Corviknight|88/100
|-resisted|p1a: Corviknight
|-damage|p1a: Corviknight|83/100
|-hitcount|p1a: Corviknight|4
|-unboost|p2a: Kyurem|def|1
|-boost|p2a: Kyurem|spe|1
|
|upkeep
|turn|5
|
|t:|1769325575
|switch|p2a: Landorus|Landorus-Therian, M, shiny|100/100
|-ability|p2a: Landorus|Intimidate|boost
|-unboost|p1a: Corviknight|atk|1
|move|p1a: Corviknight|U-turn|p2a: Landorus
|-resisted|p2a: Landorus
|-damage|p2a: Landorus|95/100
|
|t:|1769325592
|switch|p1a: Samurott|Samurott-Hisui, M|100/100|[from] U-turn
|
|upkeep
|turn|6
|
|t:|1769325596
|move|p2a: Landorus|U-turn|p1a: Samurott
|-supereffective|p1a: Samurott
|-damage|p1a: Samurott|47/100
|
|t:|1769325601
|switch|p2a: Enamorus|Enamorus, F, shiny|100/100|[from] U-turn
|move|p1a: Samurott|Ceaseless Edge|p2a: Enamorus
|-resisted|p2a: Enamorus
|-damage|p2a: Enamorus|66/100
|-sidestart|p2: pokemastersteven5|Spikes
|
|upkeep
|turn|7
|
|t:|1769325609
|switch|p1a: Corviknight|Corviknight, M|83/100
|-ability|p1a: Corviknight|Pressure
|move|p2a: Enamorus|Moonblast|p1a: Corviknight
|-resisted|p1a: Corviknight
|-damage|p1a: Corviknight|58/100
|
|upkeep
|turn|8
|
|t:|1769325614
|switch|p2a: Landorus|Landorus-Therian, M, shiny|95/100
|-ability|p2a: Landorus|Intimidate|boost
|-unboost|p1a: Corviknight|atk|1
|move|p1a: Corviknight|Roost|p1a: Corviknight
|-heal|p1a: Corviknight|100/100
|-singleturn|p1a: Corviknight|move: Roost
|
|upkeep
|turn|9
|
|t:|1769325618
|move|p2a: Landorus|U-turn|p1a: Corviknight
|-resisted|p1a: Corviknight
|-damage|p1a: Corviknight|97/100
|-damage|p2a: Landorus|78/100|[from] item: Rocky Helmet|[of] p1a: Corviknight
|
|t:|1769325621
|switch|p2a: Arcanine|Arcanine-Hisui, M|100/100|[from] U-turn
|-damage|p2a: Arcanine|88/100|[from] Spikes
|move|p1a: Corviknight|U-turn|p2a: Arcanine
|-resisted|p2a: Arcanine
|-crit|p2a: Arcanine
|-damage|p2a: Arcanine|74/100
|
|t:|1769325629
|switch|p1a: Pecharunt|Pecharunt|100/100|[from] U-turn
|
|upkeep
|turn|10
|
|t:|1769325637
|move|p2a: Arcanine|Head Smash|p1a: Pecharunt|[miss]
|-miss|p2a: Arcanine|p1a: Pecharunt
|move|p1a: Pecharunt|Malignant Chain|p2a: Arcanine
|-resisted|p2a: Arcanine
|-damage|p2a: Arcanine|48/100
|
|upkeep
|turn|11
|
|t:|1769325651
|move|p2a: Arcanine|Head Smash|p1a: Pecharunt
|-damage|p1a: Pecharunt|19/100
|move|p1a: Pecharunt|Shadow Ball|p2a: Arcanine
|-damage|p2a: Arcanine|11/100
|
|upkeep
|turn|12
|
|t:|1769325658
|move|p2a: Arcanine|Head Smash|p1a: Pecharunt|[miss]
|-miss|p2a: Arcanine|p1a: Pecharunt
|move|p1a: Pecharunt|Recover|p1a: Pecharunt
|-heal|p1a: Pecharunt|69/100
|
|upkeep
|turn|13
|
|t:|1769325668
|move|p2a: Arcanine|Head Smash|p1a: Pecharunt|[miss]
|-miss|p2a: Arcanine|p1a: Pecharunt
|move|p1a: Pecharunt|Recover|p1a: Pecharunt
|-heal|p1a: Pecharunt|100/100
|
|upkeep
|turn|14
|
|t:|1769325671
|move|p2a: Arcanine|Head Smash|p1a: Pecharunt
|-damage|p1a: Pecharunt|23/100
|move|p1a: Pecharunt|Recover|p1a: Pecharunt
|-heal|p1a: Pecharunt|73/100
|
|upkeep
|turn|15
|
|t:|1769325682
|move|p2a: Arcanine|Head Smash|p1a: Pecharunt
|-damage|p1a: Pecharunt|0 fnt
|faint|p1a: Pecharunt
|
|upkeep
|
|t:|1769325690
|switch|p1a: Ogerpon|Ogerpon-Wellspring, F|100/100
|turn|16
|
|t:|1769325695
|move|p1a: Ogerpon|Shadow Ball|p2a: Arcanine
|-damage|p2a: Arcanine|0 fnt
|faint|p2a: Arcanine
|
|upkeep
|
|t:|1769325701
|switch|p2a: Enamorus|Enamorus, F, shiny|66/100
|turn|17
|
|t:|1769325710
|-terastallize|p2a: Enamorus|Stellar
|move|p2a: Enamorus|Tera Blast|p1a: Ogerpon|[anim] Tera Blast Stellar
|-damage|p1a: Ogerpon|16/100
|-boost|p2a: Enamorus|atk|1
|-boost|p2a: Enamorus|spa|1
|replace|p1a: Zoroark|Zoroark-Hisui, F
|-end|p1a: Zoroark|Illusion
|move|p1a: Zoroark|Shadow Ball|p2a: Enamorus
|-damage|p2a: Enamorus|0 fnt
|faint|p2a: Enamorus
|
|upkeep
|
|t:|1769325723
|switch|p2a: Raging Bolt|Raging Bolt|84/100
|-damage|p2a: Raging Bolt|71/100|[from] Spikes
|turn|18
|
|t:|1769325728
|switch|p1a: Ogerpon|Ogerpon-Wellspring, F|33/100
|move|p2a: Raging Bolt|Volt Switch|p1a: Ogerpon
|-damage|p1a: Ogerpon|0 fnt
|faint|p1a: Ogerpon
|
|t:|1769325735
|-end|p2a: Raging Bolt|Protosynthesis|[silent]
|switch|p2a: Kyurem|Kyurem, shiny|100/100 par|[from] Volt Switch
|-damage|p2a: Kyurem|88/100 par|[from] Spikes
|-ability|p2a: Kyurem|Pressure
|
|upkeep
|
|t:|1769325746
|switch|p1a: Samurott|Samurott-Hisui, M|47/100
|turn|19
|
|t:|1769325749
|move|p1a: Samurott|Sacred Sword|p2a: Kyurem
|-supereffective|p2a: Kyurem
|-damage|p2a: Kyurem|9/100 par
|move|p2a: Kyurem|Scale Shot|p1a: Samurott|[miss]
|-miss|p2a: Kyurem|p1a: Samurott
|
|upkeep
|turn|20
|
|t:|1769325756
|move|p1a: Samurott|Ceaseless Edge|p2a: Kyurem
|-damage|p2a: Kyurem|0 fnt
|-sidestart|p2: pokemastersteven5|Spikes
|faint|p2a: Kyurem
|
|upkeep
|
|t:|1769325759
|switch|p2a: Raging Bolt|Raging Bolt|71/100
|-damage|p2a: Raging Bolt|55/100|[from] Spikes
|turn|21
|
|t:|1769325764
|move|p1a: Samurott|Sucker Punch|p2a: Raging Bolt
|-damage|p2a: Raging Bolt|29/100
|move|p2a: Raging Bolt|Thunderbolt|p1a: Samurott
|-supereffective|p1a: Samurott
|-damage|p1a: Samurott|0 fnt
|faint|p1a: Samurott
|
|upkeep
|
|t:|1769325769
|switch|p1a: Slowking|Slowking-Galar, M|37/100
|turn|22
|
|t:|1769325777
|-terastallize|p1a: Slowking|Ground
|move|p2a: Raging Bolt|Thunderbolt|p1a: Slowking
|-immune|p1a: Slowking
|-prepare|p1a: Slowking|Chilly Reception|[premajor]
|move|p1a: Slowking|Chilly Reception|p1a: Slowking
|-weather|Snowscape
|
|t:|1769325785
|switch|p1a: Slowking|Slowking-Galar, M|16/100|[from] Chilly Reception
|
|-weather|Snowscape|[upkeep]
|upkeep
|-start|p1a: Slowking|typechange|Ground|[silent]
|turn|23
|
|t:|1769325790
|move|p2a: Raging Bolt|Thunderclap||[still]
|-fail|p2a: Raging Bolt
|move|p1a: Slowking|Trick|p2a: Raging Bolt
|-activate|p1a: Slowking|move: Trick|[of] p2a: Raging Bolt
|-item|p2a: Raging Bolt|Choice Specs|[from] move: Trick
|-item|p1a: Slowking|Assault Vest|[from] move: Trick
|
|-weather|Snowscape|[upkeep]
|upkeep
|turn|24
|
|t:|1769325803
|switch|p1a: Slowking|Slowking-Galar, M, tera:Ground|70/100
|move|p2a: Raging Bolt|Thunderclap||[still]
|-fail|p2a: Raging Bolt
|
|-weather|Snowscape|[upkeep]
|upkeep
|turn|25
|
|t:|1769325812
|-end|p2a: Raging Bolt|Protosynthesis|[silent]
|switch|p2a: Iron Crown|Iron Crown|100/100
|-damage|p2a: Iron Crown|84/100|[from] Spikes
|-enditem|p2a: Iron Crown|Booster Energy
|-activate|p2a: Iron Crown|ability: Quark Drive|[fromitem]
|-start|p2a: Iron Crown|quarkdrivespe
|move|p1a: Slowking|Psychic Noise|p2a: Iron Crown
|-resisted|p2a: Iron Crown
|-damage|p2a: Iron Crown|77/100
|-start|p2a: Iron Crown|move: Heal Block
|
|-weather|Snowscape|[upkeep]
|upkeep
|turn|26
|
|t:|1769325816
|move|p2a: Iron Crown|Psychic|p1a: Slowking
|-damage|p1a: Slowking|45/100
|move|p1a: Slowking|Thunder Wave|p2a: Iron Crown
|-status|p2a: Iron Crown|par
|
|-weather|none
|-end|p2a: Iron Crown|move: Heal Block
|upkeep
|turn|27
|
|t:|1769325822
|move|p2a: Iron Crown|Psychic|p1a: Slowking
|-damage|p1a: Slowking|19/100
|-prepare|p1a: Slowking|Chilly Reception|[premajor]
|move|p1a: Slowking|Chilly Reception|p1a: Slowking
|-weather|Snowscape
|
|t:|1769325824
|switch|p1a: Slowking|Slowking-Galar, M|16/100|[from] Chilly Reception
|
|-weather|Snowscape|[upkeep]
|upkeep
|-start|p1a: Slowking|typechange|Ground|[silent]
|turn|28
|
|t:|1769325828
|move|p1a: Slowking|Shadow Ball|p2a: Iron Crown
|-supereffective|p2a: Iron Crown
|-damage|p2a: Iron Crown|0 fnt
|faint|p2a: Iron Crown
|-end|p2a: Iron Crown|Quark Drive|[silent]
|
|-weather|Snowscape|[upkeep]
|upkeep
|
|t:|1769325834
|switch|p2a: Landorus|Landorus-Therian, M, shiny|78/100
|-ability|p2a: Landorus|Intimidate|boost
|-unboost|p1a: Slowking|atk|1
|turn|29
|
|t:|1769325837
|switch|p1a: Corviknight|Corviknight, M|97/100
|-ability|p1a: Corviknight|Pressure
|move|p2a: Landorus|U-turn|p1a: Corviknight
|-resisted|p1a: Corviknight
|-crit|p1a: Corviknight
|-damage|p1a: Corviknight|91/100
|-damage|p2a: Landorus|61/100|[from] item: Rocky Helmet|[of] p1a: Corviknight
|
|t:|1769325840
|switch|p2a: Raging Bolt|Raging Bolt|29/100|[from] U-turn
|-damage|p2a: Raging Bolt|12/100|[from] Spikes
|
|-weather|Snowscape|[upkeep]
|upkeep
|turn|30
|
|t:|1769325847
|move|p2a: Raging Bolt|Thunderbolt|p1a: Corviknight
|-supereffective|p1a: Corviknight
|-damage|p1a: Corviknight|0 fnt
|faint|p1a: Corviknight
|
|-weather|Snowscape|[upkeep]
|upkeep
|
|t:|1769325858
|switch|p1a: Slowking|Slowking-Galar, M, tera:Ground|52/100
|turn|31
|
|t:|1769325862
|move|p2a: Raging Bolt|Thunderbolt|p1a: Slowking
|-immune|p1a: Slowking
|-prepare|p1a: Slowking|Chilly Reception|[premajor]
|move|p1a: Slowking|Chilly Reception|p1a: Slowking
|
|t:|1769325865
|switch|p1a: Slowking|Slowking-Galar, M|16/100|[from] Chilly Reception
|
|-weather|none
|upkeep
|-start|p1a: Slowking|typechange|Ground|[silent]
|turn|32
|
|t:|1769325867
|switch|p1a: Slowking|Slowking-Galar, M, tera:Ground|85/100
|move|p2a: Raging Bolt|Thunderbolt|p1a: Slowking
|-immune|p1a: Slowking
|
|upkeep
|turn|33
|
|t:|1769325877
|move|p2a: Raging Bolt|Thunderbolt|p1a: Slowking
|-immune|p1a: Slowking
|-prepare|p1a: Slowking|Chilly Reception|[premajor]
|move|p1a: Slowking|Chilly Reception|p1a: Slowking
|-weather|Snowscape
|
|t:|1769325880
|switch|p1a: Slowking|Slowking-Galar, M|16/100|[from] Chilly Reception
|
|-weather|Snowscape|[upkeep]
|upkeep
|-start|p1a: Slowking|typechange|Ground|[silent]
|turn|34
|
|t:|1769325885
|move|p1a: Slowking|Shadow Ball|p2a: Raging Bolt
|-damage|p2a: Raging Bolt|0 fnt
|faint|p2a: Raging Bolt
|-end|p2a: Raging Bolt|Protosynthesis|[silent]
|
|-weather|Snowscape|[upkeep]
|upkeep
|
|t:|1769325888
|switch|p2a: Landorus|Landorus-Therian, M, shiny|61/100
|-ability|p2a: Landorus|Intimidate|boost
|-unboost|p1a: Slowking|atk|1
|turn|35
|
|t:|1769325889
|move|p2a: Landorus|Earthquake|p1a: Slowking
|-damage|p1a: Slowking|0 fnt
|replace|p1a: Zoroark|Zoroark-Hisui, F
|-end|p1a: Zoroark|Illusion
|faint|p1a: Zoroark
|
|-weather|Snowscape|[upkeep]
|upkeep
|
|t:|1769325892
|switch|p1a: Slowking|Slowking-Galar, M, tera:Ground|100/100
|turn|36
|
|t:|1769325895
|move|p2a: Landorus|Earthquake|p1a: Slowking
|-damage|p1a: Slowking|43/100
|move|p1a: Slowking|Psychic Noise|p2a: Landorus
|-damage|p2a: Landorus|22/100
|-start|p2a: Landorus|move: Heal Block
|
|-weather|Snowscape|[upkeep]
|upkeep
|turn|37
|
|t:|1769325899
|move|p2a: Landorus|Earthquake|p1a: Slowking
|-damage|p1a: Slowking|0 fnt
|faint|p1a: Slowking
|
|win|pokemastersteven5
|raw|Sirgeust's rating: 1362 &rarr; <strong>1342</strong><br />(-20 for losing)
|raw|pokemastersteven5's rating: 1361 &rarr; <strong>1381</strong><br />(+20 for winning)
|l|☆pokemastersteven5
|player|p2|
|l|☆Sirgeust
|player|p1|
