|j|☆WeaklinWeezin'
|j|☆DcBaker
|t:|1769356946
|gametype|singles
|player|p1|WeaklinWeezin'|guzma|1231
|player|p2|DcBaker|pokemonrangerf|1232
|gen|9
|tier|[Gen 9] OU
|rated|
|rule|HP Percentage Mod: HP is shown in percentages
|rule|Endless Battle Clause: Forcing endless battles is banned
|rule|Species Clause: Limit one of each Pokémon
|rule|OHKO Clause: OHKO moves are banned
|rule|Evasion Items Clause: Evasion items are banned
|rule|Evasion Moves Clause: Evasion moves are banned
|rule|Evasion Abilities Clause: Evasion abilities are banned
|rule|Sleep Moves Clause: Sleep-inducing moves are banned
|clearpoke
|poke|p1|Scizor, F|
|poke|p1|Walking Wake|
|poke|p1|Deoxys-Speed|
|poke|p1|Torkoal, M|
|poke|p1|Raging Bolt|
|poke|p1|Glimmora, M|
|poke|p2|Deoxys-Speed|
|poke|p2|Ceruledge, F|
|poke|p2|Zamazenta-*|
|poke|p2|Ogerpon-Wellspring, F|
|poke|p2|Glimmora, M|
|poke|p2|Moltres-Galar|
|teampreview
|inactive|Battle timer is ON: inactive players will automatically lose when time's up. (requested by WeaklinWeezin')
|
|t:|1769356963
|teamsize|p1|6
|teamsize|p2|6
|start
|switch|p1a: Torkoal|Torkoal, M|100/100
|switch|p2a: gimmie|Glimmora, M|100/100
|-weather|SunnyDay|[from] ability: Drought|[of] p1a: Torkoal
|turn|1
|
|t:|1769356972
|move|p2a: gimmie|Earth Power|p1a: Torkoal
|-supereffective|p1a: Torkoal
|-damage|p1a: Torkoal|20/100
|move|p1a: Torkoal|Stealth Rock|p2a: gimmie
|-sidestart|p2: DcBaker|move: Stealth Rock
|
|-weather|SunnyDay|[upkeep]
|upkeep
|turn|2
|
|t:|1769356986
|switch|p1a: Scizor|Scizor, F|100/100
|move|p2a: gimmie|Mortal Spin|p1a: Scizor
|-immune|p1a: Scizor
|
|-weather|SunnyDay|[upkeep]
|upkeep
|turn|3
|
|t:|1769356994
|move|p1a: Scizor|Bullet Punch|p2a: gimmie
|-supereffective|p2a: gimmie
|-damage|p2a: gimmie|0 fnt
|-activate|p2a: gimmie|ability: Toxic Debris
|-sidestart|p1: WeaklinWeezin'|move: Toxic Spikes
|faint|p2a: gimmie
|
|-weather|SunnyDay|[upkeep]
|upkeep
|
|t:|1769356999
|switch|p2a: Sara|Ceruledge, F|100/100
|-damage|p2a: Sara|76/100|[from] Stealth Rock
|turn|4
|
|t:|1769357009
|switch|p1a: Walking Wake|Walking Wake|100/100
|-status|p1a: Walking Wake|psn
|-activate|p1a: Walking Wake|ability: Protosynthesis
|-start|p1a: Walking Wake|protosynthesisspa
|move|p2a: Sara|Bitter Blade|p1a: Walking Wake
|-resisted|p1a: Walking Wake
|-crit|p1a: Walking Wake
|-damage|p1a: Walking Wake|60/100 psn
|-heal|p2a: Sara|98/100|[from] drain|[of] p1a: Walking Wake
|-damage|p2a: Sara|88/100|[from] item: Life Orb
|
|-weather|SunnyDay|[upkeep]
|-damage|p1a: Walking Wake|48/100 psn|[from] psn
|upkeep
|turn|5
|
|t:|1769357021
|move|p1a: Walking Wake|Hydro Steam|p2a: Sara
|-supereffective|p2a: Sara
|-damage|p2a: Sara|0 fnt
|faint|p2a: Sara
|
|-weather|none
|-end|p1a: Walking Wake|Protosynthesis
|-damage|p1a: Walking Wake|36/100 psn|[from] psn
|upkeep
|
|t:|1769357028
|switch|p2a: DEO|Deoxys-Speed|100/100
|-damage|p2a: DEO|88/100|[from] Stealth Rock
|-ability|p2a: DEO|Pressure
|turn|6
|
|t:|1769357032
|move|p2a: DEO|Psycho Boost|p1a: Walking Wake
|-damage|p1a: Walking Wake|0 fnt
|-unboost|p2a: DEO|spa|2
|faint|p1a: Walking Wake
|-end|p1a: Walking Wake|Protosynthesis|[silent]
|
|upkeep
|
|t:|1769357037
|switch|p1a: Torkoal|Torkoal, M|20/100
|-status|p1a: Torkoal|psn
|-weather|SunnyDay|[from] ability: Drought|[of] p1a: Torkoal
|turn|7
|-enditem|p1a: Torkoal|Custap Berry|[eat]
|-activate|p1a: Torkoal|item: Custap Berry|[consumed]
|
|t:|1769357053
|move|p1a: Torkoal|Rapid Spin|p2a: DEO
|-damage|p2a: DEO|75/100
|-boost|p1a: Torkoal|spe|1
|-sideend|p1: WeaklinWeezin'|Toxic Spikes|[from] move: Rapid Spin|[of] p1a: Torkoal
|move|p2a: DEO|Light Screen|p2a: DEO
|-sidestart|p2: DcBaker|move: Light Screen
|
|-weather|SunnyDay|[upkeep]
|-damage|p1a: Torkoal|7/100 psn|[from] psn
|upkeep
|turn|8
|
|t:|1769357063
|move|p2a: DEO|Reflect|p2a: DEO
|-sidestart|p2: DcBaker|Reflect
|move|p1a: Torkoal|Burning Jealousy|p2a: DEO
|-damage|p2a: DEO|54/100
|
|-weather|SunnyDay|[upkeep]
|-damage|p1a: Torkoal|0 fnt|[from] psn
|faint|p1a: Torkoal
|upkeep
|
|t:|1769357069
|switch|p1a: Scizor|Scizor, F|100/100
|turn|9
|
|t:|1769357077
|switch|p2a: mo|Moltres-Galar|100/100
|-damage|p2a: mo|75/100|[from] Stealth Rock
|move|p1a: Scizor|Brick Break|p2a: mo
|-sideend|p2: DcBaker|Reflect
|-sideend|p2: DcBaker|move: Light Screen
|-damage|p2a: mo|25/100
|-ability|p2a: mo|Berserk|boost
|-boost|p2a: mo|spa|1
|-enditem|p2a: mo|Sitrus Berry|[eat]
|-heal|p2a: mo|50/100|[from] item: Sitrus Berry
|
|-weather|SunnyDay|[upkeep]
|upkeep
|turn|10
|inactive|DcBaker has 120 seconds left.
|
|t:|1769357109
|move|p2a: mo|Fiery Wrath|p1a: Scizor
|-damage|p1a: Scizor|22/100
|move|p1a: Scizor|Brick Break|p2a: mo
|-damage|p2a: mo|0 fnt
|faint|p2a: mo
|
|-weather|SunnyDay|[upkeep]
|upkeep
|inactive|DcBaker has 120 seconds left.
|
|t:|1769357115
|switch|p2a: DEO|Deoxys-Speed|54/100
|-damage|p2a: DEO|42/100|[from] Stealth Rock
|-ability|p2a: DEO|Pressure
|turn|11
|
|t:|1769357119
|switch|p1a: Raging Bolt|Raging Bolt|100/100
|-activate|p1a: Raging Bolt|ability: Protosynthesis
|-start|p1a: Raging Bolt|protosynthesisspa
|move|p2a: DEO|Psycho Boost|p1a: Raging Bolt
|-damage|p1a: Raging Bolt|73/100
|-unboost|p2a: DEO|spa|2
|
|-weather|none
|-end|p1a: Raging Bolt|Protosynthesis
|upkeep
|turn|12
|
|t:|1769357129
|switch|p2a: ZAHM|Zamazenta|100/100
|-damage|p2a: ZAHM|94/100|[from] Stealth Rock
|-ability|p2a: ZAHM|Dauntless Shield|boost
|-boost|p2a: ZAHM|def|1
|move|p1a: Raging Bolt|Calm Mind|p1a: Raging Bolt
|-boost|p1a: Raging Bolt|spa|1
|-boost|p1a: Raging Bolt|spd|1
|
|-heal|p2a: ZAHM|100/100|[from] item: Leftovers
|upkeep
|turn|13
|
|t:|1769357139
|move|p1a: Raging Bolt|Calm Mind|p1a: Raging Bolt
|-boost|p1a: Raging Bolt|spa|1
|-boost|p1a: Raging Bolt|spd|1
|move|p2a: ZAHM|Roar|p1a: Raging Bolt
|-end|p1a: Raging Bolt|Protosynthesis|[silent]
|drag|p1a: Deoxys|Deoxys-Speed|100/100
|-ability|p1a: Deoxys|Pressure
|
|upkeep
|turn|14
|
|t:|1769357148
|-terastallize|p2a: ZAHM|Electric
|move|p1a: Deoxys|Psycho Boost|p2a: ZAHM
|-damage|p2a: ZAHM|43/100
|-unboost|p1a: Deoxys|spa|2
|move|p2a: ZAHM|Iron Defense|p2a: ZAHM
|-boost|p2a: ZAHM|def|2
|
|-heal|p2a: ZAHM|49/100|[from] item: Leftovers
|upkeep
|turn|15
|
|t:|1769357162
|move|p1a: Deoxys|Meteor Beam||[still]
|-prepare|p1a: Deoxys|Meteor Beam
|-boost|p1a: Deoxys|spa|1
|-enditem|p1a: Deoxys|Power Herb
|-anim|p1a: Deoxys|Meteor Beam|p2a: ZAHM
|-damage|p2a: ZAHM|26/100
|move|p2a: ZAHM|Body Press|p1a: Deoxys
|-resisted|p1a: Deoxys
|-damage|p1a: Deoxys|31/100
|
|-heal|p2a: ZAHM|32/100|[from] item: Leftovers
|upkeep
|turn|16
|
|t:|1769357171
|move|p1a: Deoxys|Psycho Boost|p2a: ZAHM
|-damage|p2a: ZAHM|0 fnt
|-unboost|p1a: Deoxys|spa|2
|faint|p2a: ZAHM
|
|upkeep
|
|t:|1769357175
|switch|p2a: 1/151|Ogerpon-Wellspring, F|100/100
|-damage|p2a: 1/151|88/100|[from] Stealth Rock
|turn|17
|
|t:|1769357180
|switch|p1a: Raging Bolt|Raging Bolt|73/100
|move|p2a: 1/151|Horn Leech|p1a: Raging Bolt
|-resisted|p1a: Raging Bolt
|-damage|p1a: Raging Bolt|54/100
|-heal|p2a: 1/151|100/100|[from] drain|[of] p1a: Raging Bolt
|
|upkeep
|turn|18
|
|t:|1769357186
|move|p2a: 1/151|Play Rough|p1a: Raging Bolt
|-supereffective|p1a: Raging Bolt
|-damage|p1a: Raging Bolt|0 fnt
|faint|p1a: Raging Bolt
|-end|p1a: Raging Bolt|Protosynthesis|[silent]
|
|upkeep
|
|t:|1769357188
|switch|p1a: Scizor|Scizor, F|22/100
|turn|19
|
|t:|1769357197
|-terastallize|p1a: Scizor|Steel
|move|p1a: Scizor|Bullet Punch|p2a: 1/151
|-resisted|p2a: 1/151
|-damage|p2a: 1/151|54/100
|move|p2a: 1/151|Ivy Cudgel|p1a: Scizor|[anim] Ivy Cudgel Water
|-damage|p1a: Scizor|0 fnt
|faint|p1a: Scizor
|
|upkeep
|
|t:|1769357200
|switch|p1a: Glimmora|Glimmora, M|100/100
|-item|p1a: Glimmora|Air Balloon
|turn|20
|
|t:|1769357203
|move|p2a: 1/151|Ivy Cudgel|p1a: Glimmora|[anim] Ivy Cudgel Water
|-supereffective|p1a: Glimmora
|-damage|p1a: Glimmora|0 fnt
|-activate|p1a: Glimmora|ability: Toxic Debris
|-sidestart|p2: DcBaker|move: Toxic Spikes
|-enditem|p1a: Glimmora|Air Balloon
|faint|p1a: Glimmora
|
|upkeep
|-message|WeaklinWeezin' forfeited.
|
|win|DcBaker
|raw|WeaklinWeezin&apos;'s rating: 1231 &rarr; <strong>1206</strong><br />(-25 for losing)
|raw|DcBaker's rating: 1232 &rarr; <strong>1257</strong><br />(+25 for winning)
