|j|☆AAD520
|j|☆hj7
|t:|1769423563
|gametype|singles
|player|p1|AAD520|101|1310
|player|p2|hj7|1|1344
|gen|9
|tier|[Gen 9] OU
|rated|
|rule|HP Percentage Mod: HP is shown in percentages
|rule|Endless Battle Clause: Forcing endless battles is banned
|rule|Species Clause: Limit one of each Pokémon
|rule|OHKO Clause: OHKO moves are banned
|rule|Evasion Items Clause: Evasion items are banned
|rule|Evasion Moves Clause: Evasion moves are banned
|rule|Evasion Abilities Clause: Evasion abilities are banned
|rule|Sleep Moves Clause: Sleep-inducing moves are banned
|clearpoke
|poke|p1|Diancie|
|poke|p1|Eelektross, M|
|poke|p1|Kleavor, M|
|poke|p1|Samurott-Hisui, M|
|poke|p1|Mudsdale, M|
|poke|p1|Milotic, M|
|poke|p2|Dragapult, M|
|poke|p2|Samurott-Hisui, F|
|poke|p2|Landorus-Therian, M|
|poke|p2|Ribombee, M|
|poke|p2|Iron Crown|
|poke|p2|Heatran, F|
|teampreview
|inactive|Battle timer is ON: inactive players will automatically lose when time's up. (requested by hj7)
|
|t:|1769423574
|teamsize|p1|6
|teamsize|p2|6
|start
|switch|p1a: Kleavor|Kleavor, M|100/100
|switch|p2a: Ribombee|Ribombee, M|100/100
|turn|1
|
|t:|1769423580
|move|p1a: Kleavor|Stone Axe|p2a: Ribombee
|-supereffective|p2a: Ribombee
|-damage|p2a: Ribombee|0 fnt
|-sidestart|p2: hj7|move: Stealth Rock
|faint|p2a: Ribombee
|
|upkeep
|
|t:|1769423594
|switch|p2a: Iron Crown|Iron Crown|100/100
|-damage|p2a: Iron Crown|94/100|[from] Stealth Rock
|turn|2
|
|t:|1769423601
|switch|p1a: Milotic|Milotic, M|100/100
|move|p2a: Iron Crown|Tachyon Cutter|p1a: Milotic
|-resisted|p1a: Milotic
|-damage|p1a: Milotic|93/100
|-resisted|p1a: Milotic
|-damage|p1a: Milotic|87/100
|-hitcount|p1a: Milotic|2
|
|-heal|p1a: Milotic|93/100|[from] item: Leftovers
|upkeep
|turn|3
|
|t:|1769423611
|move|p2a: Iron Crown|Psyshock|p1a: Milotic
|-damage|p1a: Milotic|54/100
|move|p1a: Milotic|Whirlpool|p2a: Iron Crown
|-damage|p2a: Iron Crown|86/100
|-activate|p2a: Iron Crown|move: Whirlpool|[of] p1a: Milotic
|
|-heal|p1a: Milotic|60/100|[from] item: Leftovers
|-damage|p2a: Iron Crown|74/100|[from] move: Whirlpool|[partiallytrapped]
|upkeep
|turn|4
|
|t:|1769423620
|move|p2a: Iron Crown|Psyshock|p1a: Milotic
|-crit|p1a: Milotic
|-damage|p1a: Milotic|1/100
|move|p1a: Milotic|Scald|p2a: Iron Crown
|-damage|p2a: Iron Crown|57/100
|
|-heal|p1a: Milotic|7/100|[from] item: Leftovers
|-damage|p2a: Iron Crown|45/100|[from] move: Whirlpool|[partiallytrapped]
|upkeep
|turn|5
|
|t:|1769423629
|switch|p1a: Samurott|Samurott-Hisui, M|100/100
|move|p2a: Iron Crown|Volt Switch|p1a: Samurott
|-supereffective|p1a: Samurott
|-damage|p1a: Samurott|29/100
|
|t:|1769423636
|-end|p2a: Iron Crown|Quark Drive|[silent]
|switch|p2a: Samurott|Samurott-Hisui, F|100/100|[from] Volt Switch
|-damage|p2a: Samurott|88/100|[from] Stealth Rock
|
|-heal|p2a: Samurott|94/100|[from] item: Leftovers
|upkeep
|turn|6
|
|t:|1769423644
|move|p2a: Samurott|Sacred Sword|p1a: Samurott
|-supereffective|p1a: Samurott
|-damage|p1a: Samurott|0 fnt
|faint|p1a: Samurott
|
|-heal|p2a: Samurott|100/100|[from] item: Leftovers
|upkeep
|
|t:|1769423654
|switch|p1a: Kleavor|Kleavor, M|100/100
|turn|7
|
|t:|1769423658
|switch|p2a: Landorus|Landorus-Therian, M|100/100
|-damage|p2a: Landorus|88/100|[from] Stealth Rock
|-ability|p2a: Landorus|Intimidate|boost
|-unboost|p1a: Kleavor|atk|1
|move|p1a: Kleavor|U-turn|p2a: Landorus
|-resisted|p2a: Landorus
|-damage|p2a: Landorus|71/100
|-damage|p1a: Kleavor|84/100|[from] item: Rocky Helmet|[of] p2a: Landorus
|
|t:|1769423675
|switch|p1a: Milotic|Milotic, M|7/100|[from] U-turn
|
|-heal|p1a: Milotic|13/100|[from] item: Leftovers
|upkeep
|turn|8
|
|t:|1769423685
|switch|p2a: Iron Crown|Iron Crown|45/100
|-damage|p2a: Iron Crown|39/100|[from] Stealth Rock
|switch|p1a: Mudsdale|Mudsdale, M|100/100
|
|upkeep
|turn|9
|
|t:|1769423695
|-end|p2a: Iron Crown|Quark Drive|[silent]
|switch|p2a: Landorus|Landorus-Therian, M|71/100
|-damage|p2a: Landorus|59/100|[from] Stealth Rock
|-ability|p2a: Landorus|Intimidate|boost
|-unboost|p1a: Mudsdale|atk|1
|move|p1a: Mudsdale|Earthquake|p2a: Landorus
|-immune|p2a: Landorus
|
|upkeep
|turn|10
|
|t:|1769423724
|move|p2a: Landorus|Stealth Rock|p1a: Mudsdale
|-sidestart|p1: AAD520|move: Stealth Rock
|move|p1a: Mudsdale|Body Press|p2a: Landorus
|-resisted|p2a: Landorus
|-damage|p2a: Landorus|45/100
|-damage|p1a: Mudsdale|84/100|[from] item: Rocky Helmet|[of] p2a: Landorus
|
|upkeep
|turn|11
|
|t:|1769423736
|move|p2a: Landorus|Earthquake|p1a: Mudsdale
|-damage|p1a: Mudsdale|44/100
|-ability|p1a: Mudsdale|Stamina|boost
|-boost|p1a: Mudsdale|def|1
|move|p1a: Mudsdale|Body Press|p2a: Landorus
|-resisted|p2a: Landorus
|-damage|p2a: Landorus|25/100
|-damage|p1a: Mudsdale|28/100|[from] item: Rocky Helmet|[of] p2a: Landorus
|
|upkeep
|turn|12
|
|t:|1769423745
|move|p2a: Landorus|Earthquake|p1a: Mudsdale
|-damage|p1a: Mudsdale|2/100
|-ability|p1a: Mudsdale|Stamina|boost
|-boost|p1a: Mudsdale|def|1
|move|p1a: Mudsdale|Rest|p1a: Mudsdale
|-status|p1a: Mudsdale|slp|[from] move: Rest
|-heal|p1a: Mudsdale|100/100 slp|[silent]
|
|upkeep
|turn|13
|
|t:|1769423759
|move|p2a: Landorus|Earthquake|p1a: Mudsdale
|-crit|p1a: Mudsdale
|-damage|p1a: Mudsdale|46/100 slp
|-ability|p1a: Mudsdale|Stamina|boost
|-boost|p1a: Mudsdale|def|1
|cant|p1a: Mudsdale|slp
|move|p1a: Mudsdale|Sleep Talk|p1a: Mudsdale
|move|p1a: Mudsdale|Earthquake|p2a: Landorus|[from] move: Sleep Talk
|-immune|p2a: Landorus
|
|upkeep
|turn|14
|
|t:|1769423769
|move|p2a: Landorus|Earthquake|p1a: Mudsdale
|-damage|p1a: Mudsdale|31/100 slp
|-ability|p1a: Mudsdale|Stamina|boost
|-boost|p1a: Mudsdale|def|1
|cant|p1a: Mudsdale|slp
|move|p1a: Mudsdale|Sleep Talk|p1a: Mudsdale
|move|p1a: Mudsdale|Earthquake|p2a: Landorus|[from] move: Sleep Talk
|-immune|p2a: Landorus
|
|upkeep
|turn|15
|
|t:|1769423778
|move|p2a: Landorus|Earthquake|p1a: Mudsdale
|-damage|p1a: Mudsdale|17/100 slp
|-ability|p1a: Mudsdale|Stamina|boost
|-boost|p1a: Mudsdale|def|1
|-curestatus|p1a: Mudsdale|slp|[msg]
|move|p1a: Mudsdale|Rest|p1a: Mudsdale
|-status|p1a: Mudsdale|slp|[from] move: Rest
|-heal|p1a: Mudsdale|100/100 slp|[silent]
|
|upkeep
|turn|16
|
|t:|1769423786
|move|p2a: Landorus|U-turn|p1a: Mudsdale
|-damage|p1a: Mudsdale|96/100 slp
|-damage|p2a: Landorus|8/100|[from] item: Rocky Helmet|[of] p1a: Mudsdale
|-ability|p1a: Mudsdale|Stamina|boost
|-boost|p1a: Mudsdale|def|1
|
|t:|1769423793
|switch|p2a: Heatran|Heatran, F|100/100|[from] U-turn
|-damage|p2a: Heatran|88/100|[from] Stealth Rock
|cant|p1a: Mudsdale|slp
|move|p1a: Mudsdale|Sleep Talk|p1a: Mudsdale
|move|p1a: Mudsdale|Body Press|p2a: Heatran|[from] move: Sleep Talk
|-supereffective|p2a: Heatran
|-damage|p2a: Heatran|0 fnt
|faint|p2a: Heatran
|
|upkeep
|
|t:|1769423805
|switch|p2a: Dragapult|Dragapult, M|100/100
|-damage|p2a: Dragapult|88/100|[from] Stealth Rock
|turn|17
|
|t:|1769423809
|-terastallize|p2a: Dragapult|Ghost
|move|p2a: Dragapult|Shadow Ball|p1a: Mudsdale
|-damage|p1a: Mudsdale|30/100 slp
|cant|p1a: Mudsdale|slp
|move|p1a: Mudsdale|Sleep Talk|p1a: Mudsdale
|move|p1a: Mudsdale|Earthquake|p2a: Dragapult|[from] move: Sleep Talk
|-damage|p2a: Dragapult|50/100
|
|upkeep
|turn|18
|
|t:|1769423821
|move|p2a: Dragapult|Shadow Ball|p1a: Mudsdale
|-damage|p1a: Mudsdale|0 fnt
|faint|p1a: Mudsdale
|
|upkeep
|
|t:|1769423835
|switch|p1a: Diancie|Diancie|100/100
|-damage|p1a: Diancie|88/100|[from] Stealth Rock
|turn|19
|
|t:|1769423841
|switch|p2a: Landorus|Landorus-Therian, M|8/100
|-damage|p2a: Landorus|0 fnt|[from] Stealth Rock
|faint|p2a: Landorus
|move|p1a: Diancie|Diamond Storm|p2: Landorus|[notarget]
|-fail|p1a: Diancie
|
|-heal|p1a: Diancie|94/100|[from] item: Leftovers
|upkeep
|
|t:|1769423850
|switch|p2a: Samurott|Samurott-Hisui, F|100/100
|-damage|p2a: Samurott|88/100|[from] Stealth Rock
|turn|20
|
|t:|1769423867
|switch|p1a: Milotic|Milotic, M|13/100
|-damage|p1a: Milotic|1/100|[from] Stealth Rock
|move|p2a: Samurott|Ceaseless Edge|p1a: Milotic|[miss]
|-miss|p2a: Samurott|p1a: Milotic
|
|-heal|p2a: Samurott|94/100|[from] item: Leftovers
|-heal|p1a: Milotic|7/100|[from] item: Leftovers
|upkeep
|turn|21
|
|t:|1769423888
|move|p2a: Samurott|Ceaseless Edge|p1a: Milotic
|-damage|p1a: Milotic|0 fnt
|-sidestart|p1: AAD520|Spikes
|faint|p1a: Milotic
|
|-heal|p2a: Samurott|100/100|[from] item: Leftovers
|upkeep
|
|t:|1769423895
|switch|p1a: Eelektross|Eelektross, M|100/100
|-damage|p1a: Eelektross|88/100|[from] Stealth Rock
|turn|22
|
|t:|1769423901
|move|p2a: Samurott|Ceaseless Edge|p1a: Eelektross
|-damage|p1a: Eelektross|45/100
|-sidestart|p1: AAD520|Spikes
|move|p1a: Eelektross|Giga Drain|p2a: Samurott
|-supereffective|p2a: Samurott
|-damage|p2a: Samurott|32/100
|-heal|p1a: Eelektross|76/100|[from] drain|[of] p2a: Samurott
|
|-heal|p2a: Samurott|38/100|[from] item: Leftovers
|-heal|p1a: Eelektross|83/100|[from] item: Leftovers
|upkeep
|turn|23
|
|t:|1769423914
|move|p2a: Samurott|Razor Shell|p1a: Eelektross
|-damage|p1a: Eelektross|32/100
|-unboost|p1a: Eelektross|def|1
|move|p1a: Eelektross|Giga Drain|p2a: Samurott
|-supereffective|p2a: Samurott
|-damage|p2a: Samurott|0 fnt
|-heal|p1a: Eelektross|49/100|[from] drain|[of] p2a: Samurott
|faint|p2a: Samurott
|
|-heal|p1a: Eelektross|56/100|[from] item: Leftovers
|upkeep
|
|t:|1769423929
|switch|p2a: Dragapult|Dragapult, M, tera:Ghost|50/100
|-damage|p2a: Dragapult|38/100|[from] Stealth Rock
|turn|24
|
|t:|1769423935
|move|p2a: Dragapult|Shadow Ball|p1a: Eelektross
|-damage|p1a: Eelektross|0 fnt
|faint|p1a: Eelektross
|
|upkeep
|
|t:|1769423949
|switch|p1a: Diancie|Diancie|94/100
|-damage|p1a: Diancie|82/100|[from] Stealth Rock
|-damage|p1a: Diancie|65/100|[from] Spikes
|turn|25
|
|t:|1769423968
|move|p2a: Dragapult|Shadow Ball|p1a: Diancie
|-damage|p1a: Diancie|21/100
|move|p1a: Diancie|Diamond Storm|p2a: Dragapult
|-damage|p2a: Dragapult|0 fnt
|-boost|p1a: Diancie|def|2
|faint|p2a: Dragapult
|
|-heal|p1a: Diancie|27/100|[from] item: Leftovers
|upkeep
|
|t:|1769423977
|switch|p2a: Iron Crown|Iron Crown|39/100
|-damage|p2a: Iron Crown|32/100|[from] Stealth Rock
|turn|26
|
|t:|1769423987
|move|p2a: Iron Crown|Tachyon Cutter|p1a: Diancie
|-supereffective|p1a: Diancie
|-damage|p1a: Diancie|0 fnt
|faint|p1a: Diancie
|-hitcount|p1: Diancie|1
|
|upkeep
|
|t:|1769423990
|switch|p1a: Kleavor|Kleavor, M|84/100
|-damage|p1a: Kleavor|59/100|[from] Stealth Rock
|-damage|p1a: Kleavor|42/100|[from] Spikes
|turn|27
|
|t:|1769424011
|-terastallize|p1a: Kleavor|Bug
|move|p1a: Kleavor|U-turn|p2a: Iron Crown
|-damage|p2a: Iron Crown|0 fnt
|faint|p2a: Iron Crown
|-end|p2a: Iron Crown|Quark Drive|[silent]
|
|win|AAD520
|raw|AAD520's rating: 1310 &rarr; <strong>1332</strong><br />(+22 for winning)
|raw|hj7's rating: 1344 &rarr; <strong>1322</strong><br />(-22 for losing)
|l|☆hj7
|player|p2|
|l|☆AAD520
|player|p1|
