|j|☆hamandegg
|j|☆Noxie65
|t:|1769329430
|gametype|singles
|player|p1|hamandegg|265|1134
|player|p2|Noxie65|pokemaniac|1222
|gen|9
|tier|[Gen 9] OU
|rated|
|rule|HP Percentage Mod: HP is shown in percentages
|rule|Endless Battle Clause: Forcing endless battles is banned
|rule|Species Clause: Limit one of each Pokémon
|rule|OHKO Clause: OHKO moves are banned
|rule|Evasion Items Clause: Evasion items are banned
|rule|Evasion Moves Clause: Evasion moves are banned
|rule|Evasion Abilities Clause: Evasion abilities are banned
|rule|Sleep Moves Clause: Sleep-inducing moves are banned
|clearpoke
|poke|p1|Cloyster, M|
|poke|p1|Toxapex, M|
|poke|p1|Quaquaval, F|
|poke|p1|Gastrodon, M|
|poke|p1|Azumarill, F|
|poke|p1|Primarina, M|
|poke|p2|Inteleon, F|
|poke|p2|Pelipper, M|
|poke|p2|Raging Bolt|
|poke|p2|Weezing-Galar, M|
|poke|p2|Quaquaval, M|
|poke|p2|Basculegion-F, F|
|teampreview
|inactive|Battle timer is ON: inactive players will automatically lose when time's up. (requested by hamandegg)
|
|t:|1769329444
|teamsize|p1|6
|teamsize|p2|6
|start
|switch|p1a: Toxapex|Toxapex, M|100/100
|switch|p2a: Pelipper|Pelipper, M|100/100
|-weather|RainDance|[from] ability: Drizzle|[of] p2a: Pelipper
|turn|1
|
|t:|1769329453
|move|p2a: Pelipper|U-turn|p1a: Toxapex
|-resisted|p1a: Toxapex
|-damage|p1a: Toxapex|98/100
|
|t:|1769329456
|switch|p2a: Weezing|Weezing-Galar, M|100/100|[from] U-turn
|-ability|p2a: Weezing|Neutralizing Gas
|move|p1a: Toxapex|Toxic|p2a: Weezing
|-immune|p2a: Weezing
|
|-weather|RainDance|[upkeep]
|-heal|p1a: Toxapex|100/100|[from] item: Black Sludge
|upkeep
|turn|2
|
|t:|1769329468
|-end|p2a: Weezing|ability: Neutralizing Gas
|switch|p2a: Raging Bolt|Raging Bolt|100/100
|-enditem|p2a: Raging Bolt|Booster Energy
|-activate|p2a: Raging Bolt|ability: Protosynthesis|[fromitem]
|-start|p2a: Raging Bolt|protosynthesisspa
|move|p1a: Toxapex|Hex|p2a: Raging Bolt
|-damage|p2a: Raging Bolt|91/100
|
|-weather|RainDance|[upkeep]
|upkeep
|turn|3
|
|t:|1769329480
|switch|p1a: Gastrodon|Gastrodon, M|100/100
|move|p2a: Raging Bolt|Thunder|p1a: Gastrodon
|-immune|p1a: Gastrodon
|
|-weather|RainDance|[upkeep]
|upkeep
|turn|4
|l|☆hamandegg
|inactive|hamandegg disconnected and has a minute to reconnect!
|player|p1|
|j|☆hamandegg
|inactive|hamandegg reconnected and has 125 seconds left.
|player|p1|hamandegg|265|
|inactive|hamandegg has 120 seconds left.
|
|t:|1769329510
|-terastallize|p2a: Raging Bolt|Water
|move|p2a: Raging Bolt|Tera Blast|p1a: Gastrodon|[anim] Tera Blast Water
|-ability|p1a: Gastrodon|Storm Drain|boost
|-boost|p1a: Gastrodon|spa|1
|move|p1a: Gastrodon|Earth Power|p2a: Raging Bolt
|-damage|p2a: Raging Bolt|31/100
|-unboost|p2a: Raging Bolt|spd|1
|
|-weather|RainDance|[upkeep]
|upkeep
|turn|5
|inactive|hamandegg has 120 seconds left.
|
|t:|1769329523
|move|p2a: Raging Bolt|Dragon Pulse|p1a: Gastrodon
|-damage|p1a: Gastrodon|48/100
|move|p1a: Gastrodon|Sludge Wave|p2a: Raging Bolt
|-crit|p2a: Raging Bolt
|-damage|p2a: Raging Bolt|0 fnt
|faint|p2a: Raging Bolt
|-end|p2a: Raging Bolt|Protosynthesis|[silent]
|
|-weather|RainDance|[upkeep]
|-heal|p1a: Gastrodon|54/100|[from] item: Leftovers
|upkeep
|
|t:|1769329540
|switch|p2a: Basculegion|Basculegion-F, F|100/100
|turn|6
|
|t:|1769329548
|switch|p1a: Primarina|Primarina, M|100/100
|move|p2a: Basculegion|Shadow Ball|p1a: Primarina
|-damage|p1a: Primarina|72/100
|-damage|p2a: Basculegion|91/100|[from] item: Life Orb
|
|-weather|RainDance|[upkeep]
|upkeep
|turn|7
|
|t:|1769329556
|move|p2a: Basculegion|Flip Turn|p1a: Primarina
|-resisted|p1a: Primarina
|-damage|p1a: Primarina|51/100
|-damage|p2a: Basculegion|81/100|[from] item: Life Orb
|
|t:|1769329561
|switch|p2a: Quaquaval|Quaquaval, M|100/100|[from] Flip Turn
|move|p1a: Primarina|Energy Ball|p2a: Quaquaval
|-supereffective|p2a: Quaquaval
|-damage|p2a: Quaquaval|0 fnt
|faint|p2a: Quaquaval
|
|-weather|RainDance|[upkeep]
|upkeep
|
|t:|1769329569
|switch|p2a: Pelipper|Pelipper, M|100/100
|turn|8
|
|t:|1769329579
|move|p2a: Pelipper|Tailwind|p2a: Pelipper
|-sidestart|p2: Noxie65|move: Tailwind
|move|p1a: Primarina|Moonblast|p2a: Pelipper
|-damage|p2a: Pelipper|42/100
|
|-weather|none
|upkeep
|turn|9
|
|t:|1769329589
|move|p2a: Pelipper|U-turn|p1a: Primarina
|-resisted|p1a: Primarina
|-damage|p1a: Primarina|47/100
|
|t:|1769329592
|switch|p2a: Weezing|Weezing-Galar, M|100/100|[from] U-turn
|-ability|p2a: Weezing|Neutralizing Gas
|move|p1a: Primarina|Hydro Pump|p2a: Weezing
|-damage|p2a: Weezing|55/100
|
|upkeep
|turn|10
|
|t:|1769329614
|move|p2a: Weezing|Clear Smog|p1a: Primarina
|-supereffective|p1a: Primarina
|-damage|p1a: Primarina|30/100
|-clearboost|p1a: Primarina
|move|p1a: Primarina|Hydro Pump|p2a: Weezing|[miss]
|-miss|p1a: Primarina|p2a: Weezing
|
|upkeep
|turn|11
|
|t:|1769329623
|move|p2a: Weezing|Clear Smog|p1a: Primarina
|-supereffective|p1a: Primarina
|-damage|p1a: Primarina|14/100
|-clearboost|p1a: Primarina
|move|p1a: Primarina|Hydro Pump|p2a: Weezing|[miss]
|-miss|p1a: Primarina|p2a: Weezing
|
|-sideend|p2: Noxie65|move: Tailwind
|upkeep
|turn|12
|
|t:|1769329635
|switch|p1a: Toxapex|Toxapex, M|100/100
|move|p2a: Weezing|Clear Smog|p1a: Toxapex
|-resisted|p1a: Toxapex
|-damage|p1a: Toxapex|95/100
|-clearboost|p1a: Toxapex
|
|-heal|p1a: Toxapex|100/100|[from] item: Black Sludge
|upkeep
|turn|13
|
|t:|1769329647
|-end|p2a: Weezing|ability: Neutralizing Gas
|switch|p2a: Pelipper|Pelipper, M|42/100
|-weather|RainDance|[from] ability: Drizzle|[of] p2a: Pelipper
|move|p1a: Toxapex|Hex|p2a: Pelipper
|-damage|p2a: Pelipper|32/100
|
|-weather|RainDance|[upkeep]
|upkeep
|turn|14
|
|t:|1769329658
|move|p2a: Pelipper|U-turn|p1a: Toxapex
|-resisted|p1a: Toxapex
|-crit|p1a: Toxapex
|-damage|p1a: Toxapex|96/100
|
|t:|1769329665
|switch|p2a: Inteleon|Inteleon, F|100/100|[from] U-turn
|move|p1a: Toxapex|Toxic|p2a: Inteleon
|-status|p2a: Inteleon|tox
|
|-weather|RainDance|[upkeep]
|-heal|p1a: Toxapex|100/100|[from] item: Black Sludge
|-damage|p2a: Inteleon|94/100 tox|[from] psn
|upkeep
|turn|15
|
|t:|1769329678
|move|p2a: Inteleon|Dark Pulse|p1a: Toxapex
|-damage|p1a: Toxapex|69/100
|move|p1a: Toxapex|Hex|p2a: Inteleon
|-damage|p2a: Inteleon|61/100 tox
|
|-weather|RainDance|[upkeep]
|-heal|p1a: Toxapex|75/100|[from] item: Black Sludge
|-damage|p2a: Inteleon|49/100 tox|[from] psn
|upkeep
|turn|16
|
|t:|1769329689
|move|p2a: Inteleon|Dark Pulse|p1a: Toxapex
|-damage|p1a: Toxapex|40/100
|move|p1a: Toxapex|Recover|p1a: Toxapex
|-heal|p1a: Toxapex|90/100
|
|-weather|RainDance|[upkeep]
|-heal|p1a: Toxapex|96/100|[from] item: Black Sludge
|-damage|p2a: Inteleon|31/100 tox|[from] psn
|upkeep
|turn|17
|
|t:|1769329700
|move|p2a: Inteleon|Dark Pulse|p1a: Toxapex
|-damage|p1a: Toxapex|60/100
|move|p1a: Toxapex|Hex|p2a: Inteleon
|-damage|p2a: Inteleon|0 fnt
|faint|p2a: Inteleon
|
|-weather|RainDance|[upkeep]
|-heal|p1a: Toxapex|67/100|[from] item: Black Sludge
|upkeep
|
|t:|1769329705
|switch|p2a: Basculegion|Basculegion-F, F|81/100
|turn|18
|
|t:|1769329715
|move|p2a: Basculegion|Shadow Ball|p1a: Toxapex
|-damage|p1a: Toxapex|28/100
|-damage|p2a: Basculegion|71/100|[from] item: Life Orb
|move|p1a: Toxapex|Recover|p1a: Toxapex
|-heal|p1a: Toxapex|78/100
|
|-weather|RainDance|[upkeep]
|-heal|p1a: Toxapex|84/100|[from] item: Black Sludge
|upkeep
|turn|19
|
|t:|1769329725
|move|p2a: Basculegion|Shadow Ball|p1a: Toxapex
|-damage|p1a: Toxapex|44/100
|-unboost|p1a: Toxapex|spd|1
|-damage|p2a: Basculegion|61/100|[from] item: Life Orb
|move|p1a: Toxapex|Hex|p2a: Basculegion
|-supereffective|p2a: Basculegion
|-damage|p2a: Basculegion|41/100
|
|-weather|RainDance|[upkeep]
|-heal|p1a: Toxapex|50/100|[from] item: Black Sludge
|upkeep
|turn|20
|
|t:|1769329741
|switch|p1a: Gastrodon|Gastrodon, M|54/100
|move|p2a: Basculegion|Shadow Ball|p1a: Gastrodon
|-damage|p1a: Gastrodon|4/100
|-damage|p2a: Basculegion|31/100|[from] item: Life Orb
|
|-weather|none
|-heal|p1a: Gastrodon|10/100|[from] item: Leftovers
|upkeep
|turn|21
|
|t:|1769329754
|move|p2a: Basculegion|Shadow Ball|p1a: Gastrodon
|-damage|p1a: Gastrodon|0 fnt
|faint|p1a: Gastrodon
|-damage|p2a: Basculegion|21/100|[from] item: Life Orb
|
|upkeep
|-message|Noxie65 forfeited.
|
|win|hamandegg
|raw|hamandegg's rating: 1134 &rarr; <strong>1165</strong><br />(+31 for winning)
|raw|Noxie65's rating: 1222 &rarr; <strong>1191</strong><br />(-31 for losing)
|l|☆Noxie65
|player|p2|
|l|☆hamandegg
|player|p1|
