|j|☆Npc-6934
|j|☆darcxzczxx
|t:|1769364803
|gametype|singles
|player|p1|Npc-6934|janitor|1161
|player|p2|darcxzczxx|2|1101
|gen|9
|tier|[Gen 9] OU
|rated|
|rule|HP Percentage Mod: HP is shown in percentages
|rule|Endless Battle Clause: Forcing endless battles is banned
|rule|Species Clause: Limit one of each Pokémon
|rule|OHKO Clause: OHKO moves are banned
|rule|Evasion Items Clause: Evasion items are banned
|rule|Evasion Moves Clause: Evasion moves are banned
|rule|Evasion Abilities Clause: Evasion abilities are banned
|rule|Sleep Moves Clause: Sleep-inducing moves are banned
|clearpoke
|poke|p1|Great Tusk|
|poke|p1|Cinderace, F|
|poke|p1|Galvantula, M|
|poke|p1|Garganacl, M|
|poke|p1|Ogerpon-Wellspring, F|
|poke|p1|Raging Bolt|
|poke|p2|Magmar, M|
|poke|p2|Electabuzz, F|
|poke|p2|Bisharp, M|
|poke|p2|Gliscor, F|
|poke|p2|Dragapult, F|
|poke|p2|Garganacl, F|
|teampreview
|inactive|Battle timer is ON: inactive players will automatically lose when time's up. (requested by Npc-6934)
|
|t:|1769364817
|teamsize|p1|6
|teamsize|p2|6
|start
|switch|p1a: Galvantula|Galvantula, M|100/100
|switch|p2a: Bisharp|Bisharp, M, shiny|100/100
|turn|1
|
|t:|1769364826
|move|p1a: Galvantula|Sticky Web|p2a: Bisharp
|-sidestart|p2: darcxzczxx|move: Sticky Web
|move|p2a: Bisharp|Swords Dance|p2a: Bisharp
|-boost|p2a: Bisharp|atk|2
|
|upkeep
|turn|2
|
|t:|1769364838
|move|p1a: Galvantula|Thunder|p2a: Bisharp
|-damage|p2a: Bisharp|54/100
|move|p2a: Bisharp|Swords Dance|p2a: Bisharp
|-boost|p2a: Bisharp|atk|2
|
|upkeep
|turn|3
|
|t:|1769364843
|move|p2a: Bisharp|Sucker Punch|p1a: Galvantula
|-enditem|p1a: Galvantula|Focus Sash
|-damage|p1a: Galvantula|1/100
|move|p1a: Galvantula|Thunder|p2a: Bisharp
|-damage|p2a: Bisharp|14/100
|-status|p2a: Bisharp|par
|
|upkeep
|turn|4
|
|t:|1769364854
|move|p2a: Bisharp|Sucker Punch|p1a: Galvantula
|-damage|p1a: Galvantula|0 fnt
|faint|p1a: Galvantula
|
|upkeep
|
|t:|1769364877
|switch|p1a: Great Tusk|Great Tusk|100/100
|-enditem|p1a: Great Tusk|Booster Energy
|-activate|p1a: Great Tusk|ability: Protosynthesis|[fromitem]
|-start|p1a: Great Tusk|protosynthesisatk
|turn|5
|
|t:|1769364883
|move|p2a: Bisharp|Sucker Punch|p1a: Great Tusk
|-resisted|p1a: Great Tusk
|-damage|p1a: Great Tusk|56/100
|move|p1a: Great Tusk|Headlong Rush|p2a: Bisharp
|-supereffective|p2a: Bisharp
|-damage|p2a: Bisharp|0 fnt
|-unboost|p1a: Great Tusk|def|1
|-unboost|p1a: Great Tusk|spd|1
|faint|p2a: Bisharp
|
|upkeep
|
|t:|1769364891
|switch|p2a: Gliscor|Gliscor, F|100/100
|turn|6
|
|t:|1769364894
|move|p2a: Gliscor|Substitute|p2a: Gliscor
|-start|p2a: Gliscor|Substitute
|-damage|p2a: Gliscor|76/100
|move|p1a: Great Tusk|Ice Spinner|p2a: Gliscor
|-supereffective|p2a: Gliscor
|-end|p2a: Gliscor|Substitute
|
|-status|p2a: Gliscor|tox|[from] item: Toxic Orb
|upkeep
|turn|7
|
|t:|1769364901
|move|p2a: Gliscor|Protect|p2a: Gliscor
|-singleturn|p2a: Gliscor|Protect
|move|p1a: Great Tusk|Ice Spinner|p2a: Gliscor
|-activate|p2a: Gliscor|move: Protect
|
|-heal|p2a: Gliscor|88/100 tox|[from] ability: Poison Heal
|upkeep
|turn|8
|
|t:|1769364906
|move|p2a: Gliscor|Dual Wingbeat|p1a: Great Tusk
|-supereffective|p1a: Great Tusk
|-damage|p1a: Great Tusk|17/100
|-supereffective|p1a: Great Tusk
|-crit|p1a: Great Tusk
|-damage|p1a: Great Tusk|0 fnt
|faint|p1a: Great Tusk
|-end|p1a: Great Tusk|Protosynthesis|[silent]
|-hitcount|p1: Great Tusk|2
|
|-heal|p2a: Gliscor|100/100 tox|[from] ability: Poison Heal
|upkeep
|inactive|Npc-6934 has 120 seconds left.
|
|t:|1769364942
|switch|p1a: Garganacl|Garganacl, M|100/100
|turn|9
|
|t:|1769364948
|move|p2a: Gliscor|Substitute|p2a: Gliscor
|-start|p2a: Gliscor|Substitute
|-damage|p2a: Gliscor|76/100 tox
|move|p1a: Garganacl|Iron Defense|p1a: Garganacl
|-boost|p1a: Garganacl|def|2
|
|-heal|p2a: Gliscor|88/100 tox|[from] ability: Poison Heal
|upkeep
|turn|10
|
|t:|1769364952
|move|p2a: Gliscor|Earthquake|p1a: Garganacl
|-supereffective|p1a: Garganacl
|-damage|p1a: Garganacl|74/100
|move|p1a: Garganacl|Body Press|p2a: Gliscor
|-resisted|p2a: Gliscor
|-activate|p2a: Gliscor|move: Substitute|[damage]
|
|-heal|p1a: Garganacl|80/100|[from] item: Leftovers
|-heal|p2a: Gliscor|100/100 tox|[from] ability: Poison Heal
|upkeep
|turn|11
|
|t:|1769364963
|move|p2a: Gliscor|Earthquake|p1a: Garganacl
|-supereffective|p1a: Garganacl
|-damage|p1a: Garganacl|53/100
|move|p1a: Garganacl|Body Press|p2a: Gliscor
|-resisted|p2a: Gliscor
|-end|p2a: Gliscor|Substitute
|
|-heal|p1a: Garganacl|59/100|[from] item: Leftovers
|upkeep
|turn|12
|
|t:|1769364979
|switch|p2a: Magmar|Magmar, M, shiny|100/100
|-activate|p2a: Magmar|move: Sticky Web
|-unboost|p2a: Magmar|spe|1
|move|p1a: Garganacl|Salt Cure|p2a: Magmar
|-supereffective|p2a: Magmar
|-damage|p2a: Magmar|64/100
|-start|p2a: Magmar|Salt Cure
|
|-heal|p1a: Garganacl|66/100|[from] item: Leftovers
|-damage|p2a: Magmar|52/100|[from] Salt Cure
|upkeep
|turn|13
|
|t:|1769364984
|move|p2a: Magmar|Scorching Sands|p1a: Garganacl
|-supereffective|p1a: Garganacl
|-damage|p1a: Garganacl|40/100
|move|p1a: Garganacl|Recover|p1a: Garganacl
|-heal|p1a: Garganacl|90/100
|
|-heal|p1a: Garganacl|97/100|[from] item: Leftovers
|-damage|p2a: Magmar|40/100|[from] Salt Cure
|upkeep
|turn|14
|
|t:|1769364996
|move|p2a: Magmar|Focus Blast|p1a: Garganacl|[miss]
|-miss|p2a: Magmar|p1a: Garganacl
|move|p1a: Garganacl|Iron Defense|p1a: Garganacl
|-boost|p1a: Garganacl|def|2
|
|-heal|p1a: Garganacl|100/100|[from] item: Leftovers
|-damage|p2a: Magmar|28/100|[from] Salt Cure
|upkeep
|turn|15
|
|t:|1769365002
|move|p2a: Magmar|Scorching Sands|p1a: Garganacl
|-supereffective|p1a: Garganacl
|-damage|p1a: Garganacl|72/100
|move|p1a: Garganacl|Body Press|p2a: Magmar
|-damage|p2a: Magmar|0 fnt
|faint|p2a: Magmar
|
|-heal|p1a: Garganacl|78/100|[from] item: Leftovers
|upkeep
|
|t:|1769365008
|switch|p2a: Garganacl|Garganacl, F|100/100
|-activate|p2a: Garganacl|move: Sticky Web
|-unboost|p2a: Garganacl|spe|1
|turn|16
|
|t:|1769365012
|move|p1a: Garganacl|Body Press|p2a: Garganacl
|-supereffective|p2a: Garganacl
|-damage|p2a: Garganacl|34/100
|move|p2a: Garganacl|Salt Cure|p1a: Garganacl
|-damage|p1a: Garganacl|75/100
|-start|p1a: Garganacl|Salt Cure
|
|-heal|p1a: Garganacl|81/100|[from] item: Leftovers
|-heal|p2a: Garganacl|40/100|[from] item: Leftovers
|-damage|p1a: Garganacl|69/100|[from] Salt Cure
|upkeep
|turn|17
|
|t:|1769365022
|move|p2a: Garganacl|Protect|p2a: Garganacl
|-singleturn|p2a: Garganacl|Protect
|move|p1a: Garganacl|Body Press|p2a: Garganacl
|-activate|p2a: Garganacl|move: Protect
|
|-heal|p1a: Garganacl|75/100|[from] item: Leftovers
|-heal|p2a: Garganacl|47/100|[from] item: Leftovers
|-damage|p1a: Garganacl|63/100|[from] Salt Cure
|upkeep
|turn|18
|
|t:|1769365035
|switch|p2a: Dragapult|Dragapult, F|100/100
|-activate|p2a: Dragapult|move: Sticky Web
|-fail|p2a: Dragapult|unboost|[from] ability: Clear Body|[of] p2a: Dragapult
|move|p1a: Garganacl|Body Press|p2a: Dragapult
|-immune|p2a: Dragapult
|
|-heal|p1a: Garganacl|69/100|[from] item: Leftovers
|-damage|p1a: Garganacl|56/100|[from] Salt Cure
|upkeep
|turn|19
|
|t:|1769365048
|move|p2a: Dragapult|Dragon Dance|p2a: Dragapult
|-boost|p2a: Dragapult|atk|1
|-boost|p2a: Dragapult|spe|1
|move|p1a: Garganacl|Recover|p1a: Garganacl
|-heal|p1a: Garganacl|100/100
|
|-damage|p1a: Garganacl|88/100|[from] Salt Cure
|upkeep
|turn|20
|
|t:|1769365055
|move|p2a: Dragapult|Dragon Dance|p2a: Dragapult
|-boost|p2a: Dragapult|atk|1
|-boost|p2a: Dragapult|spe|1
|move|p1a: Garganacl|Salt Cure|p2a: Dragapult
|-damage|p2a: Dragapult|82/100
|-start|p2a: Dragapult|Salt Cure
|
|-heal|p1a: Garganacl|94/100|[from] item: Leftovers
|-damage|p2a: Dragapult|69/100|[from] Salt Cure
|-damage|p1a: Garganacl|82/100|[from] Salt Cure
|upkeep
|turn|21
|
|t:|1769365062
|move|p2a: Dragapult|Dragon Darts|p1a: Garganacl
|-damage|p1a: Garganacl|67/100
|-anim|p2a: Dragapult|Dragon Darts|p1a: Garganacl
|-damage|p1a: Garganacl|52/100
|-damage|p2a: Dragapult|59/100|[from] item: Life Orb
|move|p1a: Garganacl|Iron Defense|p1a: Garganacl
|-boost|p1a: Garganacl|def|2
|
|-heal|p1a: Garganacl|58/100|[from] item: Leftovers
|-damage|p2a: Dragapult|47/100|[from] Salt Cure
|-damage|p1a: Garganacl|46/100|[from] Salt Cure
|upkeep
|turn|22
|
|t:|1769365070
|move|p2a: Dragapult|Dragon Darts|p1a: Garganacl
|-damage|p1a: Garganacl|34/100
|-anim|p2a: Dragapult|Dragon Darts|p1a: Garganacl
|-damage|p1a: Garganacl|21/100
|-damage|p2a: Dragapult|37/100|[from] item: Life Orb
|move|p1a: Garganacl|Recover|p1a: Garganacl
|-heal|p1a: Garganacl|71/100
|
|-heal|p1a: Garganacl|77/100|[from] item: Leftovers
|-damage|p2a: Dragapult|25/100|[from] Salt Cure
|-damage|p1a: Garganacl|65/100|[from] Salt Cure
|upkeep
|turn|23
|
|t:|1769365077
|move|p2a: Dragapult|Dragon Darts|p1a: Garganacl
|-damage|p1a: Garganacl|52/100
|-anim|p2a: Dragapult|Dragon Darts|p1a: Garganacl
|-damage|p1a: Garganacl|40/100
|-damage|p2a: Dragapult|15/100|[from] item: Life Orb
|move|p1a: Garganacl|Recover|p1a: Garganacl
|-heal|p1a: Garganacl|90/100
|
|-heal|p1a: Garganacl|97/100|[from] item: Leftovers
|-damage|p2a: Dragapult|3/100|[from] Salt Cure
|-damage|p1a: Garganacl|84/100|[from] Salt Cure
|upkeep
|turn|24
|
|t:|1769365084
|move|p2a: Dragapult|Dragon Darts|p1a: Garganacl
|-damage|p1a: Garganacl|73/100
|-anim|p2a: Dragapult|Dragon Darts|p1a: Garganacl
|-damage|p1a: Garganacl|61/100
|-damage|p2a: Dragapult|0 fnt|[from] item: Life Orb
|faint|p2a: Dragapult
|move|p1a: Garganacl|Recover|p1a: Garganacl
|-heal|p1a: Garganacl|100/100
|
|-damage|p1a: Garganacl|88/100|[from] Salt Cure
|upkeep
|c|☆darcxzczxx|i NEED A CRIT
|
|t:|1769365096
|switch|p2a: Electabuzz|Electabuzz, F, shiny|100/100
|-activate|p2a: Electabuzz|move: Sticky Web
|-unboost|p2a: Electabuzz|spe|1
|turn|25
|
|t:|1769365104
|move|p2a: Electabuzz|Knock Off|p1a: Garganacl
|-damage|p1a: Garganacl|84/100
|-enditem|p1a: Garganacl|Leftovers|[from] move: Knock Off|[of] p2a: Electabuzz
|move|p1a: Garganacl|Body Press|p2a: Electabuzz
|-damage|p2a: Electabuzz|0 fnt
|faint|p2a: Electabuzz
|
|-damage|p1a: Garganacl|71/100|[from] Salt Cure
|upkeep
|
|t:|1769365110
|switch|p2a: Gliscor|Gliscor, F|100/100 tox
|turn|26
|
|t:|1769365114
|move|p2a: Gliscor|Earthquake|p1a: Garganacl
|-supereffective|p1a: Garganacl
|-damage|p1a: Garganacl|56/100
|move|p1a: Garganacl|Salt Cure|p2a: Gliscor
|-damage|p2a: Gliscor|87/100 tox
|-start|p2a: Gliscor|Salt Cure
|
|-heal|p2a: Gliscor|99/100 tox|[from] ability: Poison Heal
|-damage|p2a: Gliscor|87/100 tox|[from] Salt Cure
|-damage|p1a: Garganacl|44/100|[from] Salt Cure
|upkeep
|turn|27
|
|t:|1769365118
|move|p2a: Gliscor|Earthquake|p1a: Garganacl
|-supereffective|p1a: Garganacl
|-damage|p1a: Garganacl|29/100
|move|p1a: Garganacl|Recover|p1a: Garganacl
|-heal|p1a: Garganacl|79/100
|
|-heal|p2a: Gliscor|99/100 tox|[from] ability: Poison Heal
|-damage|p2a: Gliscor|87/100 tox|[from] Salt Cure
|-damage|p1a: Garganacl|66/100|[from] Salt Cure
|upkeep
|turn|28
|c|☆darcxzczxx|pleasee GUIVE A CRIT
|
|t:|1769365127
|move|p2a: Gliscor|Earthquake|p1a: Garganacl
|-supereffective|p1a: Garganacl
|-damage|p1a: Garganacl|51/100
|move|p1a: Garganacl|Body Press|p2a: Gliscor
|-resisted|p2a: Gliscor
|-damage|p2a: Gliscor|40/100 tox
|
|-heal|p2a: Gliscor|52/100 tox|[from] ability: Poison Heal
|-damage|p2a: Gliscor|40/100 tox|[from] Salt Cure
|-damage|p1a: Garganacl|39/100|[from] Salt Cure
|upkeep
|turn|29
|
|t:|1769365132
|move|p2a: Gliscor|Earthquake|p1a: Garganacl
|-supereffective|p1a: Garganacl
|-damage|p1a: Garganacl|24/100
|move|p1a: Garganacl|Recover|p1a: Garganacl
|-heal|p1a: Garganacl|74/100
|
|-heal|p2a: Gliscor|52/100 tox|[from] ability: Poison Heal
|-damage|p2a: Gliscor|40/100 tox|[from] Salt Cure
|-damage|p1a: Garganacl|61/100|[from] Salt Cure
|upkeep
|turn|30
|
|t:|1769365137
|move|p2a: Gliscor|Earthquake|p1a: Garganacl
|-supereffective|p1a: Garganacl
|-damage|p1a: Garganacl|46/100
|move|p1a: Garganacl|Body Press|p2a: Gliscor
|-resisted|p2a: Gliscor
|-damage|p2a: Gliscor|0 fnt
|faint|p2a: Gliscor
|
|-damage|p1a: Garganacl|34/100|[from] Salt Cure
|upkeep
|
|t:|1769365140
|switch|p2a: Garganacl|Garganacl, F|47/100
|-activate|p2a: Garganacl|move: Sticky Web
|-unboost|p2a: Garganacl|spe|1
|turn|31
|
|t:|1769365142
|move|p1a: Garganacl|Body Press|p2a: Garganacl
|-supereffective|p2a: Garganacl
|-damage|p2a: Garganacl|0 fnt
|faint|p2a: Garganacl
|
|win|Npc-6934
|raw|Npc-6934's rating: 1161 &rarr; <strong>1182</strong><br />(+21 for winning)
|raw|darcxzczxx's rating: 1101 &rarr; <strong>1080</strong><br />(-21 for losing)
|l|☆darcxzczxx
|player|p2|
|l|☆Npc-6934
|player|p1|
