|j|☆gggggyyyyy
|j|☆leidianjiangjun123
|t:|1769320515
|gametype|singles
|player|p1|gggggyyyyy|cynthia-gen4|
|player|p2|leidianjiangjun123|1|
|gen|9
|tier|[Gen 9] OU
|rule|HP Percentage Mod: HP is shown in percentages
|rule|Endless Battle Clause: Forcing endless battles is banned
|rule|Species Clause: Limit one of each Pokémon
|rule|OHKO Clause: OHKO moves are banned
|rule|Evasion Items Clause: Evasion items are banned
|rule|Evasion Moves Clause: Evasion moves are banned
|rule|Evasion Abilities Clause: Evasion abilities are banned
|rule|Sleep Moves Clause: Sleep-inducing moves are banned
|clearpoke
|poke|p1|Zarude|
|poke|p1|Pecharunt|
|poke|p1|Clodsire, F|
|poke|p1|Gholdengo|
|poke|p1|Grimmsnarl, M|
|poke|p1|Alomomola, F|
|poke|p2|Latias, F|
|poke|p2|Gliscor, F|
|poke|p2|Garchomp, M|
|poke|p2|Fezandipiti, M|
|poke|p2|Garganacl, M|
|poke|p2|Gholdengo|
|teampreview
|
|t:|1769320524
|teamsize|p1|6
|teamsize|p2|6
|start
|switch|p1a: Gholdengo|Gholdengo|100/100
|switch|p2a: 高伟杰|Garchomp, M, shiny|100/100
|turn|1
|
|t:|1769320539
|switch|p1a: Grimmsnarl|Grimmsnarl, M|100/100
|move|p2a: 高伟杰|Stealth Rock|p1a: Grimmsnarl
|-sidestart|p1: gggggyyyyy|move: Stealth Rock
|
|upkeep
|turn|2
|
|t:|1769320548
|move|p1a: Grimmsnarl|Bulk Up|p1a: Grimmsnarl
|-boost|p1a: Grimmsnarl|atk|1
|-boost|p1a: Grimmsnarl|def|1
|move|p2a: 高伟杰|Dragon Tail|p1a: Grimmsnarl
|-immune|p1a: Grimmsnarl
|
|upkeep
|turn|3
|
|t:|1769320570
|switch|p2a: 江政蛆|Fezandipiti, M|100/100
|switch|p1a: Alomomola|Alomomola, F|100/100
|-damage|p1a: Alomomola|88/100|[from] Stealth Rock
|
|-heal|p1a: Alomomola|94/100|[from] item: Leftovers
|upkeep
|turn|4
|
|t:|1769320585
|switch|p2a: 追风老头|Latias, F|100/100
|move|p1a: Alomomola|Protect||[still]
|-fail|p1a: Alomomola
|
|-heal|p1a: Alomomola|100/100|[from] item: Leftovers
|upkeep
|turn|5
|
|t:|1769320594
|switch|p1a: Grimmsnarl|Grimmsnarl, M|100/100
|-damage|p1a: Grimmsnarl|88/100|[from] Stealth Rock
|move|p2a: 追风老头|Tailwind|p2a: 追风老头
|-sidestart|p2: leidianjiangjun123|move: Tailwind
|
|upkeep
|turn|6
|
|t:|1769320603
|switch|p2a: 江政蛆|Fezandipiti, M|100/100
|move|p1a: Grimmsnarl|Trick|p2a: 江政蛆
|-activate|p1a: Grimmsnarl|move: Trick|[of] p2a: 江政蛆
|-item|p2a: 江政蛆|Choice Scarf|[from] move: Trick
|-item|p1a: Grimmsnarl|Leftovers|[from] move: Trick
|
|-heal|p1a: Grimmsnarl|94/100|[from] item: Leftovers
|upkeep
|turn|7
|
|t:|1769320612
|move|p1a: Grimmsnarl|Bulk Up|p1a: Grimmsnarl
|-boost|p1a: Grimmsnarl|atk|1
|-boost|p1a: Grimmsnarl|def|1
|move|p2a: 江政蛆|Taunt|p1a: Grimmsnarl
|-start|p1a: Grimmsnarl|move: Taunt
|
|-heal|p1a: Grimmsnarl|99/100|[from] item: Leftovers
|upkeep
|turn|8
|
|t:|1769320626
|switch|p2a: ex|Gholdengo, shiny|100/100
|move|p1a: Grimmsnarl|Spirit Break|p2a: ex
|-resisted|p2a: ex
|-damage|p2a: ex|77/100
|-unboost|p2a: ex|spa|1
|
|-heal|p1a: Grimmsnarl|100/100|[from] item: Leftovers
|-sideend|p2: leidianjiangjun123|move: Tailwind
|upkeep
|turn|9
|
|t:|1769320637
|-terastallize|p1a: Grimmsnarl|Dark
|move|p1a: Grimmsnarl|Sucker Punch|p2a: ex
|-supereffective|p2a: ex
|-damage|p2a: ex|0 fnt
|faint|p2a: ex
|
|upkeep
|
|t:|1769320644
|switch|p2a: 杰哥|Gliscor, F, shiny|100/100
|turn|10
|
|t:|1769320650
|move|p2a: 杰哥|Toxic|p1a: Grimmsnarl
|-status|p1a: Grimmsnarl|tox
|move|p1a: Grimmsnarl|Spirit Break|p2a: 杰哥
|-damage|p2a: 杰哥|71/100
|-unboost|p2a: 杰哥|spa|1
|
|-damage|p1a: Grimmsnarl|94/100 tox|[from] psn
|-end|p1a: Grimmsnarl|move: Taunt
|-status|p2a: 杰哥|tox|[from] item: Toxic Orb
|upkeep
|turn|11
|
|t:|1769320663
|switch|p2a: 江政蛆|Fezandipiti, M|100/100
|move|p1a: Grimmsnarl|Bulk Up|p1a: Grimmsnarl
|-boost|p1a: Grimmsnarl|atk|1
|-boost|p1a: Grimmsnarl|def|1
|
|-heal|p1a: Grimmsnarl|100/100 tox|[from] item: Leftovers
|-damage|p1a: Grimmsnarl|88/100 tox|[from] psn
|upkeep
|turn|12
|
|t:|1769320680
|move|p2a: 江政蛆|Taunt|p1a: Grimmsnarl
|-start|p1a: Grimmsnarl|move: Taunt
|move|p1a: Grimmsnarl|Spirit Break|p2a: 江政蛆
|-resisted|p2a: 江政蛆
|-damage|p2a: 江政蛆|76/100
|-unboost|p2a: 江政蛆|spa|1
|
|-heal|p1a: Grimmsnarl|94/100 tox|[from] item: Leftovers
|-damage|p1a: Grimmsnarl|76/100 tox|[from] psn
|upkeep
|turn|13
|
|t:|1769320701
|switch|p2a: 杰哥|Gliscor, F, shiny|71/100 tox
|switch|p1a: Pecharunt|Pecharunt|100/100
|-damage|p1a: Pecharunt|88/100|[from] Stealth Rock
|
|-heal|p2a: 杰哥|83/100 tox|[from] ability: Poison Heal
|upkeep
|turn|14
|
|t:|1769320720
|switch|p1a: Zarude|Zarude|100/100
|-damage|p1a: Zarude|88/100|[from] Stealth Rock
|move|p2a: 杰哥|Earthquake|p1a: Zarude
|-resisted|p1a: Zarude
|-damage|p1a: Zarude|73/100
|
|-heal|p2a: 杰哥|96/100 tox|[from] ability: Poison Heal
|upkeep
|turn|15
|
|t:|1769320731
|move|p1a: Zarude|Bulk Up|p1a: Zarude
|-boost|p1a: Zarude|atk|1
|-boost|p1a: Zarude|def|1
|move|p2a: 杰哥|Toxic|p1a: Zarude
|-status|p1a: Zarude|tox
|
|-damage|p1a: Zarude|67/100 tox|[from] psn
|-heal|p2a: 杰哥|100/100 tox|[from] ability: Poison Heal
|upkeep
|turn|16
|
|t:|1769320747
|switch|p2a: 高伟杰|Garchomp, M, shiny|100/100
|move|p1a: Zarude|Bulk Up|p1a: Zarude
|-boost|p1a: Zarude|atk|1
|-boost|p1a: Zarude|def|1
|
|-damage|p1a: Zarude|55/100 tox|[from] psn
|upkeep
|turn|17
|
|t:|1769320761
|move|p1a: Zarude|Knock Off|p2a: 高伟杰
|-damage|p2a: 高伟杰|15/100
|-damage|p1a: Zarude|43/100 tox|[from] ability: Rough Skin|[of] p2a: 高伟杰
|-damage|p1a: Zarude|27/100 tox|[from] item: Rocky Helmet|[of] p2a: 高伟杰
|-enditem|p2a: 高伟杰|Rocky Helmet|[from] move: Knock Off|[of] p1a: Zarude
|-damage|p1a: Zarude|17/100 tox|[from] item: Life Orb
|move|p2a: 高伟杰|Dragon Tail|p1a: Zarude
|-damage|p1a: Zarude|2/100 tox
|drag|p1a: Alomomola|Alomomola, F|100/100
|-damage|p1a: Alomomola|88/100|[from] Stealth Rock
|
|-heal|p1a: Alomomola|94/100|[from] item: Leftovers
|upkeep
|turn|18
|
|t:|1769320779
|switch|p2a: 追风老头|Latias, F|100/100
|move|p1a: Alomomola|Ice Beam|p2a: 追风老头
|-supereffective|p2a: 追风老头
|-damage|p2a: 追风老头|85/100
|
|-heal|p1a: Alomomola|100/100|[from] item: Leftovers
|upkeep
|turn|19
|
|t:|1769320793
|switch|p1a: Gholdengo|Gholdengo|100/100
|-damage|p1a: Gholdengo|94/100|[from] Stealth Rock
|move|p2a: 追风老头|Mist Ball|p1a: Gholdengo
|-resisted|p1a: Gholdengo
|-damage|p1a: Gholdengo|80/100
|
|upkeep
|turn|20
|
|t:|1769320818
|switch|p2a: 蔡辰|Garganacl, M|100/100
|move|p1a: Gholdengo|Trick|p2a: 蔡辰
|-activate|p1a: Gholdengo|move: Trick|[of] p2a: 蔡辰
|-item|p2a: 蔡辰|Choice Scarf|[from] move: Trick
|-item|p1a: Gholdengo|Leftovers|[from] move: Trick
|
|-heal|p1a: Gholdengo|86/100|[from] item: Leftovers
|upkeep
|turn|21
|
|t:|1769320828
|move|p1a: Gholdengo|Nasty Plot|p1a: Gholdengo
|-boost|p1a: Gholdengo|spa|2
|move|p2a: 蔡辰|Salt Cure|p1a: Gholdengo
|-resisted|p1a: Gholdengo
|-damage|p1a: Gholdengo|79/100
|-start|p1a: Gholdengo|Salt Cure
|
|-heal|p1a: Gholdengo|85/100|[from] item: Leftovers
|-damage|p1a: Gholdengo|60/100|[from] Salt Cure
|upkeep
|turn|22
|
|t:|1769320840
|switch|p2a: 江政蛆|Fezandipiti, M|76/100
|move|p1a: Gholdengo|Nasty Plot|p1a: Gholdengo
|-boost|p1a: Gholdengo|spa|2
|
|-heal|p1a: Gholdengo|66/100|[from] item: Leftovers
|-damage|p1a: Gholdengo|42/100|[from] Salt Cure
|upkeep
|turn|23
|
|t:|1769320851
|move|p2a: 江政蛆|Poison Jab|p1a: Gholdengo
|-immune|p1a: Gholdengo
|move|p1a: Gholdengo|Make It Rain|p2a: 江政蛆
|-supereffective|p2a: 江政蛆
|-damage|p2a: 江政蛆|0 fnt
|-unboost|p1a: Gholdengo|spa|1
|faint|p2a: 江政蛆
|
|-heal|p1a: Gholdengo|48/100|[from] item: Leftovers
|-damage|p1a: Gholdengo|23/100|[from] Salt Cure
|upkeep
|
|t:|1769320864
|switch|p2a: 杰哥|Gliscor, F, shiny|100/100 tox
|turn|24
|
|t:|1769320870
|switch|p1a: Alomomola|Alomomola, F|100/100
|-damage|p1a: Alomomola|88/100|[from] Stealth Rock
|move|p2a: 杰哥|Protect||[still]
|-fail|p2a: 杰哥
|
|-heal|p1a: Alomomola|94/100|[from] item: Leftovers
|upkeep
|turn|25
|
|t:|1769320880
|move|p2a: 杰哥|Toxic|p1a: Alomomola
|-status|p1a: Alomomola|tox
|move|p1a: Alomomola|Wish|p1a: Alomomola
|
|-heal|p1a: Alomomola|100/100 tox|[from] item: Leftovers
|-damage|p1a: Alomomola|94/100 tox|[from] psn
|upkeep
|turn|26
|
|t:|1769320889
|switch|p2a: 追风老头|Latias, F|85/100
|switch|p1a: Gholdengo|Gholdengo|23/100
|-damage|p1a: Gholdengo|17/100|[from] Stealth Rock
|
|-heal|p1a: Gholdengo|87/100|[from] move: Wish|[wisher] Alomomola
|-heal|p1a: Gholdengo|93/100|[from] item: Leftovers
|upkeep
|turn|27
|
|t:|1769320902
|switch|p2a: 蔡辰|Garganacl, M|100/100
|move|p1a: Gholdengo|Nasty Plot|p1a: Gholdengo
|-boost|p1a: Gholdengo|spa|2
|
|-heal|p1a: Gholdengo|99/100|[from] item: Leftovers
|upkeep
|turn|28
|
|t:|1769320910
|move|p1a: Gholdengo|Nasty Plot|p1a: Gholdengo
|-boost|p1a: Gholdengo|spa|2
|move|p2a: 蔡辰|Salt Cure|p1a: Gholdengo
|-resisted|p1a: Gholdengo
|-damage|p1a: Gholdengo|92/100
|-start|p1a: Gholdengo|Salt Cure
|
|-heal|p1a: Gholdengo|98/100|[from] item: Leftovers
|-damage|p1a: Gholdengo|73/100|[from] Salt Cure
|upkeep
|turn|29
|
|t:|1769320926
|switch|p2a: 杰哥|Gliscor, F, shiny|100/100 tox
|move|p1a: Gholdengo|Make It Rain|p2a: 杰哥
|-damage|p2a: 杰哥|0 fnt
|-unboost|p1a: Gholdengo|spa|1
|faint|p2a: 杰哥
|
|-heal|p1a: Gholdengo|79/100|[from] item: Leftovers
|-damage|p1a: Gholdengo|54/100|[from] Salt Cure
|upkeep
|
|t:|1769320938
|switch|p2a: 蔡辰|Garganacl, M|100/100
|turn|30
|
|t:|1769320960
|switch|p1a: Alomomola|Alomomola, F|94/100 tox
|-damage|p1a: Alomomola|82/100 tox|[from] Stealth Rock
|move|p2a: 蔡辰|Protect||[still]
|-fail|p2a: 蔡辰
|
|-heal|p1a: Alomomola|88/100 tox|[from] item: Leftovers
|-damage|p1a: Alomomola|82/100 tox|[from] psn
|upkeep
|turn|31
|
|t:|1769320972
|switch|p2a: 追风老头|Latias, F|85/100
|move|p1a: Alomomola|Wish|p1a: Alomomola
|
|-heal|p1a: Alomomola|88/100 tox|[from] item: Leftovers
|-damage|p1a: Alomomola|76/100 tox|[from] psn
|upkeep
|turn|32
|
|t:|1769320980
|switch|p2a: 蔡辰|Garganacl, M|100/100
|move|p1a: Alomomola|Flip Turn|p2a: 蔡辰
|-supereffective|p2a: 蔡辰
|-damage|p2a: 蔡辰|74/100
|
|t:|1769320989
|switch|p1a: Gholdengo|Gholdengo|54/100|[from] Flip Turn
|-damage|p1a: Gholdengo|48/100|[from] Stealth Rock
|
|-heal|p1a: Gholdengo|100/100|[from] move: Wish|[wisher] Alomomola
|upkeep
|turn|33
|
|t:|1769320997
|move|p1a: Gholdengo|Nasty Plot|p1a: Gholdengo
|-boost|p1a: Gholdengo|spa|2
|move|p2a: 蔡辰|Salt Cure|p1a: Gholdengo
|-resisted|p1a: Gholdengo
|-damage|p1a: Gholdengo|93/100
|-start|p1a: Gholdengo|Salt Cure
|
|-heal|p1a: Gholdengo|99/100|[from] item: Leftovers
|-damage|p1a: Gholdengo|74/100|[from] Salt Cure
|upkeep
|turn|34
|
|t:|1769321007
|move|p1a: Gholdengo|Nasty Plot|p1a: Gholdengo
|-boost|p1a: Gholdengo|spa|2
|move|p2a: 蔡辰|Salt Cure|p1a: Gholdengo
|-resisted|p1a: Gholdengo
|-damage|p1a: Gholdengo|67/100
|
|-heal|p1a: Gholdengo|73/100|[from] item: Leftovers
|-damage|p1a: Gholdengo|48/100|[from] Salt Cure
|upkeep
|turn|35
|
|t:|1769321018
|move|p1a: Gholdengo|Make It Rain|p2a: 蔡辰
|-supereffective|p2a: 蔡辰
|-damage|p2a: 蔡辰|0 fnt
|-unboost|p1a: Gholdengo|spa|1
|faint|p2a: 蔡辰
|
|-heal|p1a: Gholdengo|54/100|[from] item: Leftovers
|-damage|p1a: Gholdengo|30/100|[from] Salt Cure
|upkeep
|
|t:|1769321028
|switch|p2a: 追风老头|Latias, F|85/100
|turn|36
|
|t:|1769321033
|move|p2a: 追风老头|Mist Ball|p1a: Gholdengo
|-resisted|p1a: Gholdengo
|-damage|p1a: Gholdengo|15/100
|move|p1a: Gholdengo|Recover|p1a: Gholdengo
|-heal|p1a: Gholdengo|65/100
|
|-heal|p1a: Gholdengo|71/100|[from] item: Leftovers
|-damage|p1a: Gholdengo|46/100|[from] Salt Cure
|upkeep
|turn|37
|
|t:|1769321043
|move|p2a: 追风老头|Ice Beam|p1a: Gholdengo
|-resisted|p1a: Gholdengo
|-damage|p1a: Gholdengo|36/100
|move|p1a: Gholdengo|Make It Rain|p2a: 追风老头
|-damage|p2a: 追风老头|4/100
|-unboost|p1a: Gholdengo|spa|1
|
|-heal|p1a: Gholdengo|43/100|[from] item: Leftovers
|-damage|p1a: Gholdengo|18/100|[from] Salt Cure
|upkeep
|turn|38
|
|t:|1769321054
|move|p2a: 追风老头|Mist Ball|p1a: Gholdengo
|-resisted|p1a: Gholdengo
|-damage|p1a: Gholdengo|2/100
|move|p1a: Gholdengo|Make It Rain|p2a: 追风老头
|-damage|p2a: 追风老头|0 fnt
|-unboost|p1a: Gholdengo|spa|1
|faint|p2a: 追风老头
|
|-heal|p1a: Gholdengo|8/100|[from] item: Leftovers
|-damage|p1a: Gholdengo|0 fnt|[from] Salt Cure
|faint|p1a: Gholdengo
|upkeep
|
|t:|1769321072
|switch|p2a: 高伟杰|Garchomp, M, shiny|15/100
|switch|p1a: Clodsire|Clodsire, F|100/100
|-damage|p1a: Clodsire|94/100|[from] Stealth Rock
|turn|39
|
|t:|1769321081
|move|p1a: Clodsire|Toxic|p2a: 高伟杰
|-status|p2a: 高伟杰|tox
|move|p2a: 高伟杰|Dragon Tail|p1a: Clodsire
|-damage|p1a: Clodsire|70/100
|drag|p1a: Zarude|Zarude|2/100 tox
|-damage|p1a: Zarude|0 fnt|[from] Stealth Rock
|faint|p1a: Zarude
|
|-damage|p2a: 高伟杰|9/100 tox|[from] psn
|upkeep
|
|t:|1769321093
|switch|p1a: Clodsire|Clodsire, F|70/100
|-damage|p1a: Clodsire|64/100|[from] Stealth Rock
|turn|40
|
|t:|1769321099
|move|p1a: Clodsire|Protect|p1a: Clodsire
|-singleturn|p1a: Clodsire|Protect
|move|p2a: 高伟杰|Dragon Tail|p1a: Clodsire
|-activate|p1a: Clodsire|move: Protect
|
|-heal|p1a: Clodsire|70/100|[from] item: Leftovers
|-damage|p2a: 高伟杰|0 fnt|[from] psn
|faint|p2a: 高伟杰
|
|win|gggggyyyyy
