|j|☆treeshhhh
|j|☆LocoTrell
|t:|1769311352
|gametype|singles
|player|p1|treeshhhh|102|1413
|player|p2|LocoTrell|wallace|1426
|gen|9
|tier|[Gen 9] OU
|rated|
|rule|HP Percentage Mod: HP is shown in percentages
|rule|Endless Battle Clause: Forcing endless battles is banned
|rule|Species Clause: Limit one of each Pokémon
|rule|OHKO Clause: OHKO moves are banned
|rule|Evasion Items Clause: Evasion items are banned
|rule|Evasion Moves Clause: Evasion moves are banned
|rule|Evasion Abilities Clause: Evasion abilities are banned
|rule|Sleep Moves Clause: Sleep-inducing moves are banned
|clearpoke
|poke|p1|Hydrapple, M|
|poke|p1|Slowking, M|
|poke|p1|Great Tusk|
|poke|p1|Moltres|
|poke|p1|Zamazenta-*|
|poke|p1|Kingambit, F|
|poke|p2|Iron Valiant|
|poke|p2|Great Tusk|
|poke|p2|Dragonite, F|
|poke|p2|Deoxys-Speed|
|poke|p2|Glimmora, M|
|poke|p2|Kingambit, F|
|teampreview
|inactive|Battle timer is ON: inactive players will automatically lose when time's up. (requested by LocoTrell)
|
|t:|1769311372
|teamsize|p1|6
|teamsize|p2|6
|start
|switch|p1a: Slowking|Slowking, M|100/100
|switch|p2a: Glimmora|Glimmora, M|100/100
|turn|1
|
|t:|1769311379
|move|p2a: Glimmora|Mortal Spin|p1a: Slowking
|-damage|p1a: Slowking|95/100
|-status|p1a: Slowking|psn
|move|p1a: Slowking|Scald|p2a: Glimmora
|-supereffective|p2a: Glimmora
|-damage|p2a: Glimmora|26/100
|
|-damage|p1a: Slowking|82/100 psn|[from] psn
|upkeep
|turn|2
|
|t:|1769311385
|move|p2a: Glimmora|Stealth Rock|p1a: Slowking
|-sidestart|p1: treeshhhh|move: Stealth Rock
|move|p1a: Slowking|Scald|p2a: Glimmora
|-supereffective|p2a: Glimmora
|-damage|p2a: Glimmora|0 fnt
|faint|p2a: Glimmora
|
|-damage|p1a: Slowking|70/100 psn|[from] psn
|upkeep
|
|t:|1769311394
|switch|p2a: Deoxys|Deoxys-Speed|100/100
|-ability|p2a: Deoxys|Pressure
|turn|3
|
|t:|1769311398
|move|p2a: Deoxys|Taunt|p1a: Slowking
|-start|p1a: Slowking|move: Taunt
|cant|p1a: Slowking|move: Taunt|Thunder Wave
|
|-damage|p1a: Slowking|58/100 psn|[from] psn
|upkeep
|turn|4
|
|t:|1769311404
|move|p2a: Deoxys|Light Screen|p2a: Deoxys
|-sidestart|p2: LocoTrell|move: Light Screen
|move|p1a: Slowking|Scald|p2a: Deoxys
|-damage|p2a: Deoxys|85/100
|-status|p2a: Deoxys|brn
|
|-damage|p1a: Slowking|45/100 psn|[from] psn
|-damage|p2a: Deoxys|79/100 brn|[from] brn
|upkeep
|turn|5
|
|t:|1769311413
|switch|p1a: Moltres|Moltres|100/100
|move|p2a: Deoxys|Reflect|p2a: Deoxys
|-sidestart|p2: LocoTrell|Reflect
|
|-damage|p2a: Deoxys|73/100 brn|[from] brn
|upkeep
|turn|6
|
|t:|1769311418
|switch|p1a: Slowking|Slowking, M|78/100 psn
|move|p2a: Deoxys|Psycho Boost|p1a: Slowking|[miss]
|-miss|p2a: Deoxys|p1a: Slowking
|
|-damage|p1a: Slowking|66/100 psn|[from] psn
|-damage|p2a: Deoxys|67/100 brn|[from] brn
|upkeep
|turn|7
|
|t:|1769311423
|move|p2a: Deoxys|Taunt|p1a: Slowking
|-start|p1a: Slowking|move: Taunt
|move|p1a: Slowking|Scald|p2a: Deoxys
|-damage|p2a: Deoxys|51/100 brn
|
|-damage|p1a: Slowking|54/100 psn|[from] psn
|-damage|p2a: Deoxys|45/100 brn|[from] brn
|upkeep
|turn|8
|
|t:|1769311430
|switch|p2a: Dragonite|Dragonite, F|100/100
|move|p1a: Slowking|Scald|p2a: Dragonite
|-resisted|p2a: Dragonite
|-damage|p2a: Dragonite|97/100
|
|-heal|p2a: Dragonite|100/100|[from] item: Leftovers
|-damage|p1a: Slowking|41/100 psn|[from] psn
|upkeep
|turn|9
|
|t:|1769311445
|switch|p1a: Moltres|Moltres|100/100
|move|p2a: Dragonite|Dragon Dance|p2a: Dragonite
|-boost|p2a: Dragonite|atk|1
|-boost|p2a: Dragonite|spe|1
|
|upkeep
|turn|10
|
|t:|1769311450
|move|p2a: Dragonite|Substitute|p2a: Dragonite
|-start|p2a: Dragonite|Substitute
|-damage|p2a: Dragonite|76/100
|move|p1a: Moltres|Roar|p2a: Dragonite
|drag|p2a: Iron Valiant|Iron Valiant|100/100
|-enditem|p2a: Iron Valiant|Booster Energy
|-activate|p2a: Iron Valiant|ability: Quark Drive|[fromitem]
|-start|p2a: Iron Valiant|quarkdrivespe
|
|upkeep
|turn|11
|
|t:|1769311465
|move|p2a: Iron Valiant|Knock Off|p1a: Moltres
|-damage|p1a: Moltres|80/100
|-enditem|p1a: Moltres|Heavy-Duty Boots|[from] move: Knock Off|[of] p2a: Iron Valiant
|move|p1a: Moltres|Roar|p2a: Iron Valiant
|-end|p2a: Iron Valiant|Quark Drive|[silent]
|drag|p2a: Great Tusk|Great Tusk|100/100
|-enditem|p2a: Great Tusk|Booster Energy
|-activate|p2a: Great Tusk|ability: Protosynthesis|[fromitem]
|-start|p2a: Great Tusk|protosynthesisspe
|
|-sideend|p2: LocoTrell|move: Light Screen
|upkeep
|turn|12
|
|t:|1769311471
|move|p2a: Great Tusk|Head Smash|p1a: Moltres
|-supereffective|p1a: Moltres
|-damage|p1a: Moltres|0 fnt
|faint|p1a: Moltres
|-damage|p2a: Great Tusk|65/100|[from] Recoil
|
|-sideend|p2: LocoTrell|Reflect
|upkeep
|
|t:|1769311480
|switch|p1a: Great Tusk|Great Tusk|100/100
|turn|13
|
|t:|1769311485
|move|p2a: Great Tusk|Bulk Up|p2a: Great Tusk
|-boost|p2a: Great Tusk|atk|1
|-boost|p2a: Great Tusk|def|1
|move|p1a: Great Tusk|Rapid Spin|p2a: Great Tusk
|-damage|p2a: Great Tusk|58/100
|-boost|p1a: Great Tusk|spe|1
|-sideend|p1: treeshhhh|Stealth Rock|[from] move: Rapid Spin|[of] p1a: Great Tusk
|
|upkeep
|turn|14
|
|t:|1769311493
|move|p1a: Great Tusk|Ice Spinner|p2a: Great Tusk
|-supereffective|p2a: Great Tusk
|-crit|p2a: Great Tusk
|-damage|p2a: Great Tusk|9/100
|move|p2a: Great Tusk|Headlong Rush|p1a: Great Tusk
|-damage|p1a: Great Tusk|46/100
|-unboost|p2a: Great Tusk|def|1
|-unboost|p2a: Great Tusk|spd|1
|
|upkeep
|turn|15
|inactive|LocoTrell has 120 seconds left.
|
|t:|1769311537
|move|p1a: Great Tusk|Rapid Spin|p2a: Great Tusk
|-damage|p2a: Great Tusk|0 fnt
|-boost|p1a: Great Tusk|spe|1
|faint|p2a: Great Tusk
|-end|p2a: Great Tusk|Protosynthesis|[silent]
|
|upkeep
|
|t:|1769311549
|switch|p2a: Iron Valiant|Iron Valiant|100/100
|turn|16
|
|t:|1769311560
|move|p1a: Great Tusk|Headlong Rush|p2a: Iron Valiant
|-damage|p2a: Iron Valiant|20/100
|-unboost|p1a: Great Tusk|def|1
|-unboost|p1a: Great Tusk|spd|1
|move|p2a: Iron Valiant|Moonblast|p1a: Great Tusk
|-supereffective|p1a: Great Tusk
|-damage|p1a: Great Tusk|0 fnt
|faint|p1a: Great Tusk
|-end|p1a: Great Tusk|Protosynthesis|[silent]
|
|upkeep
|
|t:|1769311575
|switch|p1a: Zamazenta|Zamazenta|100/100
|-ability|p1a: Zamazenta|Dauntless Shield|boost
|-boost|p1a: Zamazenta|def|1
|turn|17
|
|t:|1769311580
|move|p1a: Zamazenta|Ice Fang|p2a: Iron Valiant
|-damage|p2a: Iron Valiant|0 fnt
|faint|p2a: Iron Valiant
|-end|p2a: Iron Valiant|Quark Drive|[silent]
|
|upkeep
|
|t:|1769311586
|switch|p2a: Deoxys|Deoxys-Speed|45/100 brn
|-ability|p2a: Deoxys|Pressure
|turn|18
|
|t:|1769311602
|switch|p1a: Kingambit|Kingambit, F|100/100
|-activate|p1a: Kingambit|ability: Supreme Overlord
|-start|p1a: Kingambit|fallen2|[silent]
|move|p2a: Deoxys|Taunt|p1a: Kingambit
|-start|p1a: Kingambit|move: Taunt
|
|-damage|p2a: Deoxys|39/100 brn|[from] brn
|upkeep
|turn|19
|
|t:|1769311608
|move|p2a: Deoxys|Reflect|p2a: Deoxys
|-sidestart|p2: LocoTrell|Reflect
|move|p1a: Kingambit|Kowtow Cleave|p2a: Deoxys
|-supereffective|p2a: Deoxys
|-damage|p2a: Deoxys|0 fnt
|faint|p2a: Deoxys
|
|upkeep
|
|t:|1769311623
|switch|p2a: Kingambit|Kingambit, F|100/100
|-activate|p2a: Kingambit|ability: Supreme Overlord
|-start|p2a: Kingambit|fallen4|[silent]
|turn|20
|
|t:|1769311629
|-end|p1a: Kingambit|fallen2|[silent]
|switch|p1a: Zamazenta|Zamazenta|100/100
|move|p2a: Kingambit|Low Kick|p1a: Zamazenta
|-damage|p1a: Zamazenta|47/100
|
|upkeep
|turn|21
|
|t:|1769311641
|-terastallize|p2a: Kingambit|Fighting
|move|p1a: Zamazenta|Close Combat|p2a: Kingambit
|-damage|p2a: Kingambit|66/100
|-unboost|p1a: Zamazenta|def|1
|-unboost|p1a: Zamazenta|spd|1
|move|p2a: Kingambit|Swords Dance|p2a: Kingambit
|-boost|p2a: Kingambit|atk|2
|
|upkeep
|turn|22
|
|t:|1769311664
|switch|p1a: Kingambit|Kingambit, F|100/100
|-activate|p1a: Kingambit|ability: Supreme Overlord
|-start|p1a: Kingambit|fallen2|[silent]
|move|p2a: Kingambit|Low Kick|p1a: Kingambit
|-supereffective|p1a: Kingambit
|-damage|p1a: Kingambit|0 fnt
|faint|p1a: Kingambit
|-end|p1a: Kingambit|fallen2|[silent]
|
|upkeep
|inactive|treeshhhh has 120 seconds left.
|
|t:|1769311687
|switch|p1a: Hydrapple|Hydrapple, M|100/100
|turn|23
|inactive|treeshhhh has 120 seconds left.
|inactive|treeshhhh has 90 seconds left.
|
|t:|1769311739
|move|p2a: Kingambit|Sucker Punch|p1a: Hydrapple
|-damage|p1a: Hydrapple|13/100
|move|p1a: Hydrapple|Leaf Storm|p2a: Kingambit
|-damage|p2a: Kingambit|0 fnt
|-unboost|p1a: Hydrapple|spa|2
|faint|p2a: Kingambit
|-end|p2a: Kingambit|fallen4|[silent]
|-damage|p1a: Hydrapple|3/100|[from] item: Life Orb
|
|upkeep
|
|t:|1769311746
|switch|p2a: Dragonite|Dragonite, F|76/100
|turn|24
|
|t:|1769311759
|switch|p1a: Slowking|Slowking, M|74/100 psn
|move|p2a: Dragonite|Dragon Dance|p2a: Dragonite
|-boost|p2a: Dragonite|atk|1
|-boost|p2a: Dragonite|spe|1
|
|-heal|p2a: Dragonite|82/100|[from] item: Leftovers
|-damage|p1a: Slowking|62/100 psn|[from] psn
|upkeep
|turn|25
|inactive|treeshhhh has 90 seconds left.
|
|t:|1769311776
|move|p2a: Dragonite|Substitute|p2a: Dragonite
|-start|p2a: Dragonite|Substitute
|-damage|p2a: Dragonite|57/100
|move|p1a: Slowking|Future Sight|p2a: Dragonite
|-start|p1a: Slowking|move: Future Sight
|
|-heal|p2a: Dragonite|63/100|[from] item: Leftovers
|-damage|p1a: Slowking|49/100 psn|[from] psn
|upkeep
|turn|26
|inactive|treeshhhh has 90 seconds left.
|
|t:|1769311787
|switch|p1a: Zamazenta|Zamazenta|47/100
|move|p2a: Dragonite|Earthquake|p1a: Zamazenta
|-damage|p1a: Zamazenta|0 fnt
|faint|p1a: Zamazenta
|
|-heal|p2a: Dragonite|70/100|[from] item: Leftovers
|-sideend|p2: LocoTrell|Reflect
|upkeep
|
|t:|1769311791
|switch|p1a: Hydrapple|Hydrapple, M|37/100
|turn|27
|inactive|LocoTrell has 120 seconds left.
|inactive|LocoTrell has 90 seconds left.
|
|t:|1769311851
|switch|p1a: Slowking|Slowking, M|83/100 psn
|move|p2a: Dragonite|Dragon Dance|p2a: Dragonite
|-boost|p2a: Dragonite|atk|1
|-boost|p2a: Dragonite|spe|1
|
|-end|p2a: Dragonite|move: Future Sight
|-end|p2a: Dragonite|Substitute
|-heal|p2a: Dragonite|76/100|[from] item: Leftovers
|-damage|p1a: Slowking|70/100 psn|[from] psn
|upkeep
|turn|28
|
|t:|1769311866
|move|p2a: Dragonite|Earthquake|p1a: Slowking
|-damage|p1a: Slowking|0 fnt
|faint|p1a: Slowking
|
|-heal|p2a: Dragonite|82/100|[from] item: Leftovers
|upkeep
|
|t:|1769311869
|switch|p1a: Hydrapple|Hydrapple, M|70/100
|turn|29
|
|t:|1769311883
|move|p2a: Dragonite|Substitute|p2a: Dragonite
|-start|p2a: Dragonite|Substitute
|-damage|p2a: Dragonite|57/100
|move|p1a: Hydrapple|Fickle Beam|p2a: Dragonite
|-supereffective|p2a: Dragonite
|-end|p2a: Dragonite|Substitute
|-damage|p1a: Hydrapple|60/100|[from] item: Life Orb
|
|-heal|p2a: Dragonite|63/100|[from] item: Leftovers
|upkeep
|turn|30
|inactive|LocoTrell has 90 seconds left.
|c|☆LocoTrell|gg
|c|☆LocoTrell|i lost
|
|t:|1769311917
|move|p2a: Dragonite|Earthquake|p1a: Hydrapple
|-resisted|p1a: Hydrapple
|-damage|p1a: Hydrapple|31/100
|move|p1a: Hydrapple|Fickle Beam|p2a: Dragonite
|-supereffective|p2a: Dragonite
|-damage|p2a: Dragonite|0 fnt
|faint|p2a: Dragonite
|-damage|p1a: Hydrapple|21/100|[from] item: Life Orb
|
|win|treeshhhh
|raw|treeshhhh's rating: 1413 &rarr; <strong>1434</strong><br />(+21 for winning)
|raw|LocoTrell's rating: 1426 &rarr; <strong>1405</strong><br />(-21 for losing)
|c|☆treeshhhh|u could have kept subbing
|c|☆treeshhhh|i would have died to lorb
|c|☆treeshhhh|if ur last move was espeed
|c|☆LocoTrell|maybr
|c|☆LocoTrell|no
|c|☆LocoTrell|tera
|l|☆LocoTrell
|player|p2|
|c|☆treeshhhh|oh shoot then ye
