|j|☆Simisears#1fan
|j|☆LunaBlast
|t:|1769350726
|gametype|singles
|player|p1|Simisears#1fan|1|1482
|player|p2|LunaBlast|2|1625
|gen|9
|tier|[Gen 9] OU
|rated|
|rule|HP Percentage Mod: HP is shown in percentages
|rule|Endless Battle Clause: Forcing endless battles is banned
|rule|Species Clause: Limit one of each Pokémon
|rule|OHKO Clause: OHKO moves are banned
|rule|Evasion Items Clause: Evasion items are banned
|rule|Evasion Moves Clause: Evasion moves are banned
|rule|Evasion Abilities Clause: Evasion abilities are banned
|rule|Sleep Moves Clause: Sleep-inducing moves are banned
|clearpoke
|poke|p1|Thundurus, M|
|poke|p1|Araquanid, F|
|poke|p1|Gholdengo|
|poke|p1|Serperior, F|
|poke|p1|Garchomp, M|
|poke|p1|Slowbro-Galar, M|
|poke|p2|Ribombee, F|
|poke|p2|Gholdengo|
|poke|p2|Glimmora, M|
|poke|p2|Enamorus, F|
|poke|p2|Iron Moth|
|poke|p2|Iron Hands|
|teampreview
|inactive|Battle timer is ON: inactive players will automatically lose when time's up. (requested by LunaBlast)
|
|t:|1769350750
|teamsize|p1|6
|teamsize|p2|6
|start
|switch|p1a: Araquanid|Araquanid, F|100/100
|switch|p2a: Iron Hands|Iron Hands, shiny|100/100
|-enditem|p2a: Iron Hands|Booster Energy
|-activate|p2a: Iron Hands|ability: Quark Drive|[fromitem]
|-start|p2a: Iron Hands|quarkdriveatk
|turn|1
|
|t:|1769350756
|switch|p1a: Garchomp|Garchomp, M|100/100
|move|p2a: Iron Hands|Supercell Slam|p1a: Garchomp
|-immune|p1a: Garchomp
|-damage|p2a: Iron Hands|50/100|[from] supercellslam
|
|upkeep
|turn|2
|
|t:|1769350761
|move|p1a: Garchomp|Earthquake|p2a: Iron Hands
|-supereffective|p2a: Iron Hands
|-damage|p2a: Iron Hands|0 fnt
|faint|p2a: Iron Hands
|-end|p2a: Iron Hands|Quark Drive|[silent]
|-damage|p1a: Garchomp|91/100|[from] item: Life Orb
|
|upkeep
|
|t:|1769350764
|switch|p2a: Enamorus|Enamorus, F|100/100
|turn|3
|
|t:|1769350770
|switch|p1a: Araquanid|Araquanid, F|100/100
|move|p2a: Enamorus|Moonblast|p1a: Araquanid
|-damage|p1a: Araquanid|40/100
|
|upkeep
|turn|4
|
|t:|1769350777
|switch|p2a: Glimmora|Glimmora, M, shiny|100/100
|switch|p1a: Slowbro|Slowbro-Galar, M|100/100
|
|upkeep
|turn|5
|-activate|p1a: Slowbro|ability: Quick Draw
|
|t:|1769350785
|move|p1a: Slowbro|Earthquake|p2a: Glimmora
|-supereffective|p2a: Glimmora
|-damage|p2a: Glimmora|0 fnt
|-activate|p2a: Glimmora|ability: Toxic Debris
|-sidestart|p1: Simisears#1fan|move: Toxic Spikes
|faint|p2a: Glimmora
|
|upkeep
|
|t:|1769350792
|switch|p2a: Gholdengo|Gholdengo|100/100
|-item|p2a: Gholdengo|Air Balloon
|turn|6
|
|t:|1769350797
|switch|p1a: Araquanid|Araquanid, F|40/100
|-status|p1a: Araquanid|psn
|move|p2a: Gholdengo|Nasty Plot|p2a: Gholdengo
|-boost|p2a: Gholdengo|spa|2
|
|-damage|p1a: Araquanid|27/100 psn|[from] psn
|upkeep
|turn|7
|
|t:|1769350806
|move|p2a: Gholdengo|Nasty Plot|p2a: Gholdengo
|-boost|p2a: Gholdengo|spa|2
|move|p1a: Araquanid|Sticky Web|p2a: Gholdengo
|-sidestart|p2: LunaBlast|move: Sticky Web
|
|-damage|p1a: Araquanid|15/100 psn|[from] psn
|upkeep
|turn|8
|-enditem|p1a: Araquanid|Custap Berry|[eat]
|-activate|p1a: Araquanid|item: Custap Berry|[consumed]
|
|t:|1769350811
|move|p1a: Araquanid|Surf|p2a: Gholdengo
|-damage|p2a: Gholdengo|49/100
|-enditem|p2a: Gholdengo|Air Balloon
|move|p2a: Gholdengo|Shadow Ball|p1a: Araquanid
|-damage|p1a: Araquanid|0 fnt
|faint|p1a: Araquanid
|
|upkeep
|
|t:|1769350822
|switch|p1a: Slowbro|Slowbro-Galar, M|100/100
|-sideend|p1: Simisears#1fan|move: Toxic Spikes|[of] p1a: Slowbro
|turn|9
|
|t:|1769350827
|move|p2a: Gholdengo|Shadow Ball|p1a: Slowbro
|-supereffective|p1a: Slowbro
|-damage|p1a: Slowbro|0 fnt
|faint|p1a: Slowbro
|
|upkeep
|inactive|Simisears#1fan has 120 seconds left.
|
|t:|1769350864
|switch|p1a: Garchomp|Garchomp, M|91/100
|turn|10
|inactive|LunaBlast has 120 seconds left.
|
|t:|1769350919
|move|p1a: Garchomp|Earthquake|p2a: Gholdengo
|-supereffective|p2a: Gholdengo
|-damage|p2a: Gholdengo|0 fnt
|faint|p2a: Gholdengo
|-damage|p1a: Garchomp|81/100|[from] item: Life Orb
|
|upkeep
|
|t:|1769350921
|switch|p2a: Enamorus|Enamorus, F|100/100
|turn|11
|
|t:|1769350936
|switch|p1a: Gholdengo|Gholdengo|100/100
|-item|p1a: Gholdengo|Air Balloon
|-terastallize|p2a: Enamorus|Fairy
|move|p2a: Enamorus|Moonblast|p1a: Gholdengo
|-resisted|p1a: Gholdengo
|-damage|p1a: Gholdengo|43/100
|-unboost|p1a: Gholdengo|spa|1
|-enditem|p1a: Gholdengo|Air Balloon
|
|upkeep
|turn|12
|
|t:|1769350940
|move|p2a: Enamorus|Moonblast|p1a: Gholdengo
|-resisted|p1a: Gholdengo
|-damage|p1a: Gholdengo|0 fnt
|faint|p1a: Gholdengo
|
|upkeep
|
|t:|1769350941
|switch|p1a: Serperior|Serperior, F|100/100
|turn|13
|
|t:|1769350944
|switch|p2a: Iron Moth|Iron Moth|100/100
|-activate|p2a: Iron Moth|move: Sticky Web
|-unboost|p2a: Iron Moth|spe|1
|-enditem|p2a: Iron Moth|Booster Energy
|-activate|p2a: Iron Moth|ability: Quark Drive|[fromitem]
|-start|p2a: Iron Moth|quarkdrivespa
|-terastallize|p1a: Serperior|Fire
|move|p1a: Serperior|Leaf Storm|p2a: Iron Moth
|-resisted|p2a: Iron Moth
|-damage|p2a: Iron Moth|89/100
|-boost|p1a: Serperior|spa|2
|
|upkeep
|turn|14
|
|t:|1769350954
|switch|p1a: Garchomp|Garchomp, M|81/100
|move|p2a: Iron Moth|Sludge Wave|p1a: Garchomp
|-resisted|p1a: Garchomp
|-damage|p1a: Garchomp|40/100
|
|upkeep
|turn|15
|
|t:|1769350974
|move|p1a: Garchomp|Earthquake|p2a: Iron Moth
|-supereffective|p2a: Iron Moth
|-damage|p2a: Iron Moth|0 fnt
|faint|p2a: Iron Moth
|-end|p2a: Iron Moth|Quark Drive|[silent]
|-damage|p1a: Garchomp|30/100|[from] item: Life Orb
|
|upkeep
|
|t:|1769350976
|switch|p2a: Enamorus|Enamorus, F, tera:Fairy|100/100
|-activate|p2a: Enamorus|move: Sticky Web
|-boost|p2a: Enamorus|spe|1
|turn|16
|
|t:|1769350979
|move|p2a: Enamorus|Moonblast|p1a: Garchomp
|-supereffective|p1a: Garchomp
|-damage|p1a: Garchomp|0 fnt
|faint|p1a: Garchomp
|
|upkeep
|
|t:|1769350981
|switch|p1a: Serperior|Serperior, F, tera:Fire|100/100
|turn|17
|
|t:|1769350982
|move|p2a: Enamorus|Moonblast|p1a: Serperior
|-resisted|p1a: Serperior
|-damage|p1a: Serperior|34/100
|move|p1a: Serperior|Leaf Storm|p2a: Enamorus|[miss]
|-miss|p1a: Serperior|p2a: Enamorus
|
|-heal|p1a: Serperior|40/100|[from] item: Leftovers
|upkeep
|turn|18
|-message|Simisears#1fan forfeited.
|
|win|LunaBlast
|raw|Simisears#1fan's rating: 1482 &rarr; <strong>1470</strong><br />(-12 for losing)
|raw|LunaBlast's rating: 1625 &rarr; <strong>1637</strong><br />(+12 for winning)
|l|☆Simisears#1fan
|player|p1|
|l|☆LunaBlast
|player|p2|
