|j|☆Nevellen L
|j|☆Stealthalo
|t:|1769349278
|gametype|singles
|player|p1|Nevellen L|skier|1373
|player|p2|Stealthalo|170|1422
|gen|9
|tier|[Gen 9] OU
|rated|
|rule|HP Percentage Mod: HP is shown in percentages
|rule|Endless Battle Clause: Forcing endless battles is banned
|rule|Species Clause: Limit one of each Pokémon
|rule|OHKO Clause: OHKO moves are banned
|rule|Evasion Items Clause: Evasion items are banned
|rule|Evasion Moves Clause: Evasion moves are banned
|rule|Evasion Abilities Clause: Evasion abilities are banned
|rule|Sleep Moves Clause: Sleep-inducing moves are banned
|clearpoke
|poke|p1|Skeledirge, M|
|poke|p1|Ogerpon-Wellspring, F|
|poke|p1|Dragapult, F|
|poke|p1|Ting-Lu|
|poke|p1|Corviknight, M|
|poke|p1|Dragonite, M|
|poke|p2|Landorus-Therian, M|
|poke|p2|Heatran, F|
|poke|p2|Rotom-Wash|
|poke|p2|Darkrai|
|poke|p2|Iron Valiant|
|poke|p2|Decidueye, M|
|teampreview
|
|t:|1769349285
|teamsize|p1|6
|teamsize|p2|6
|start
|switch|p1a: Dragapult|Dragapult, F|100/100
|switch|p2a: Darkrai|Darkrai|100/100
|turn|1
|
|t:|1769349300
|switch|p1a: Ting-Lu|Ting-Lu, shiny|100/100
|-ability|p1a: Ting-Lu|Vessel of Ruin
|move|p2a: Darkrai|Ice Beam|p1a: Ting-Lu
|-supereffective|p1a: Ting-Lu
|-damage|p1a: Ting-Lu|68/100
|
|-heal|p1a: Ting-Lu|74/100|[from] item: Leftovers
|upkeep
|turn|2
|
|t:|1769349310
|move|p2a: Darkrai|Ice Beam|p1a: Ting-Lu
|-supereffective|p1a: Ting-Lu
|-damage|p1a: Ting-Lu|39/100
|move|p1a: Ting-Lu|Stealth Rock|p2a: Darkrai
|-sidestart|p2: Stealthalo|move: Stealth Rock
|
|-heal|p1a: Ting-Lu|46/100|[from] item: Leftovers
|upkeep
|turn|3
|
|t:|1769349318
|switch|p1a: Skeledirge|Skeledirge, M|100/100
|move|p2a: Darkrai|Ice Beam|p1a: Skeledirge
|-resisted|p1a: Skeledirge
|-damage|p1a: Skeledirge|88/100
|
|upkeep
|turn|4
|inactive|Battle timer is ON: inactive players will automatically lose when time's up. (requested by Nevellen L)
|
|t:|1769349336
|switch|p2a: Rotom|Rotom-Wash|100/100
|-damage|p2a: Rotom|88/100|[from] Stealth Rock
|move|p1a: Skeledirge|Will-O-Wisp|p2a: Rotom
|-status|p2a: Rotom|brn
|
|-heal|p2a: Rotom|94/100 brn|[from] item: Leftovers
|-damage|p2a: Rotom|88/100 brn|[from] brn
|upkeep
|turn|5
|
|t:|1769349350
|move|p2a: Rotom|Volt Switch|p1a: Skeledirge
|-damage|p1a: Skeledirge|69/100
|
|t:|1769349353
|switch|p2a: Landorus|Landorus-Therian, M|100/100|[from] Volt Switch
|-damage|p2a: Landorus|88/100|[from] Stealth Rock
|-ability|p2a: Landorus|Intimidate|boost
|-unboost|p1a: Skeledirge|atk|1
|move|p1a: Skeledirge|Torch Song|p2a: Landorus
|-damage|p2a: Landorus|56/100
|-boost|p1a: Skeledirge|spa|1
|
|-heal|p2a: Landorus|62/100|[from] item: Leftovers
|upkeep
|turn|6
|
|t:|1769349376
|switch|p1a: Corviknight|Corviknight, M|100/100
|-ability|p1a: Corviknight|Pressure
|move|p2a: Landorus|Earthquake|p1a: Corviknight
|-immune|p1a: Corviknight
|
|-heal|p2a: Landorus|68/100|[from] item: Leftovers
|upkeep
|turn|7
|
|t:|1769349386
|move|p2a: Landorus|Stealth Rock|p1a: Corviknight
|-sidestart|p1: Nevellen L|move: Stealth Rock
|move|p1a: Corviknight|U-turn|p2a: Landorus
|-resisted|p2a: Landorus
|-damage|p2a: Landorus|63/100
|
|t:|1769349390
|switch|p1a: Dragapult|Dragapult, F|100/100|[from] U-turn
|-damage|p1a: Dragapult|88/100|[from] Stealth Rock
|
|-heal|p2a: Landorus|69/100|[from] item: Leftovers
|upkeep
|turn|8
|
|t:|1769349402
|switch|p2a: Heatran|Heatran, F|100/100
|-damage|p2a: Heatran|88/100|[from] Stealth Rock
|move|p1a: Dragapult|Shadow Ball|p2a: Heatran
|-damage|p2a: Heatran|57/100
|
|-heal|p2a: Heatran|63/100|[from] item: Leftovers
|upkeep
|turn|9
|
|t:|1769349415
|switch|p1a: Ting-Lu|Ting-Lu, shiny|46/100
|-damage|p1a: Ting-Lu|39/100|[from] Stealth Rock
|-ability|p1a: Ting-Lu|Vessel of Ruin
|move|p2a: Heatran|Flash Cannon|p1a: Ting-Lu
|-damage|p1a: Ting-Lu|25/100
|
|-heal|p2a: Heatran|69/100|[from] item: Leftovers
|-heal|p1a: Ting-Lu|31/100|[from] item: Leftovers
|upkeep
|turn|10
|
|t:|1769349426
|switch|p2a: Landorus|Landorus-Therian, M|69/100
|-damage|p2a: Landorus|57/100|[from] Stealth Rock
|-ability|p2a: Landorus|Intimidate|boost
|-unboost|p1a: Ting-Lu|atk|1
|move|p1a: Ting-Lu|Throat Chop|p2a: Landorus
|-damage|p2a: Landorus|44/100
|-start|p2a: Landorus|Throat Chop|[silent]
|
|-heal|p2a: Landorus|50/100|[from] item: Leftovers
|-heal|p1a: Ting-Lu|38/100|[from] item: Leftovers
|upkeep
|turn|11
|
|t:|1769349437
|switch|p1a: Corviknight|Corviknight, M|100/100
|-damage|p1a: Corviknight|88/100|[from] Stealth Rock
|-ability|p1a: Corviknight|Pressure
|move|p2a: Landorus|U-turn|p1a: Corviknight
|-resisted|p1a: Corviknight
|-damage|p1a: Corviknight|85/100
|-damage|p2a: Landorus|34/100|[from] item: Rocky Helmet|[of] p1a: Corviknight
|
|t:|1769349446
|switch|p2a: Rotom|Rotom-Wash|88/100 brn|[from] U-turn
|-damage|p2a: Rotom|75/100 brn|[from] Stealth Rock
|
|-heal|p2a: Rotom|82/100 brn|[from] item: Leftovers
|-damage|p2a: Rotom|75/100 brn|[from] brn
|upkeep
|turn|12
|inactive|Nevellen L has 120 seconds left.
|
|t:|1769349483
|move|p2a: Rotom|Hydro Pump|p1a: Corviknight
|-damage|p1a: Corviknight|45/100
|move|p1a: Corviknight|U-turn|p2a: Rotom
|-damage|p2a: Rotom|64/100 brn
|
|t:|1769349488
|switch|p1a: Dragapult|Dragapult, F|88/100|[from] U-turn
|-damage|p1a: Dragapult|76/100|[from] Stealth Rock
|
|-heal|p2a: Rotom|70/100 brn|[from] item: Leftovers
|-damage|p2a: Rotom|64/100 brn|[from] brn
|upkeep
|turn|13
|
|t:|1769349497
|switch|p2a: Darkrai|Darkrai|100/100
|-damage|p2a: Darkrai|88/100|[from] Stealth Rock
|move|p1a: Dragapult|Draco Meteor|p2a: Darkrai
|-damage|p2a: Darkrai|0 fnt
|-unboost|p1a: Dragapult|spa|2
|faint|p2a: Darkrai
|
|upkeep
|
|t:|1769349506
|switch|p2a: Iron Valiant|Iron Valiant|100/100
|-damage|p2a: Iron Valiant|94/100|[from] Stealth Rock
|-enditem|p2a: Iron Valiant|Booster Energy
|-activate|p2a: Iron Valiant|ability: Quark Drive|[fromitem]
|-start|p2a: Iron Valiant|quarkdrivespe
|turn|14
|
|t:|1769349521
|switch|p1a: Corviknight|Corviknight, M|45/100
|-damage|p1a: Corviknight|32/100|[from] Stealth Rock
|-ability|p1a: Corviknight|Pressure
|move|p2a: Iron Valiant|Swords Dance|p2a: Iron Valiant
|-boost|p2a: Iron Valiant|atk|2
|
|upkeep
|turn|15
|
|t:|1769349530
|move|p2a: Iron Valiant|Knock Off|p1a: Corviknight
|-damage|p1a: Corviknight|0 fnt
|-damage|p2a: Iron Valiant|78/100|[from] item: Rocky Helmet|[of] p1a: Corviknight
|-enditem|p1a: Corviknight|Rocky Helmet|[from] move: Knock Off|[of] p2a: Iron Valiant
|faint|p1a: Corviknight
|
|upkeep
|
|t:|1769349534
|switch|p1a: Skeledirge|Skeledirge, M|69/100
|turn|16
|
|t:|1769349541
|-terastallize|p2a: Iron Valiant|Fairy
|move|p2a: Iron Valiant|Spirit Break|p1a: Skeledirge
|-resisted|p1a: Skeledirge
|-damage|p1a: Skeledirge|48/100
|-unboost|p1a: Skeledirge|spa|1
|move|p1a: Skeledirge|Torch Song|p2a: Iron Valiant
|-damage|p2a: Iron Valiant|43/100
|-boost|p1a: Skeledirge|spa|1
|
|upkeep
|turn|17
|
|t:|1769349552
|move|p2a: Iron Valiant|Knock Off|p1a: Skeledirge
|-supereffective|p1a: Skeledirge
|-crit|p1a: Skeledirge
|-damage|p1a: Skeledirge|0 fnt
|-enditem|p1a: Skeledirge|Heavy-Duty Boots|[from] move: Knock Off|[of] p2a: Iron Valiant
|faint|p1a: Skeledirge
|
|upkeep
|
|t:|1769349562
|switch|p1a: Dragonite|Dragonite, M|100/100
|turn|18
|
|t:|1769349566
|-end|p2a: Iron Valiant|Quark Drive|[silent]
|switch|p2a: Decidueye|Decidueye, M|100/100
|-damage|p2a: Decidueye|88/100|[from] Stealth Rock
|move|p1a: Dragonite|Extreme Speed|p2a: Decidueye
|-immune|p2a: Decidueye
|
|-heal|p2a: Decidueye|94/100|[from] item: Leftovers
|upkeep
|turn|19
|
|t:|1769349580
|switch|p2a: Landorus|Landorus-Therian, M|34/100
|-damage|p2a: Landorus|21/100|[from] Stealth Rock
|-ability|p2a: Landorus|Intimidate|boost
|-unboost|p1a: Dragonite|atk|1
|-terastallize|p1a: Dragonite|Normal
|move|p1a: Dragonite|Dragon Dance|p1a: Dragonite
|-boost|p1a: Dragonite|atk|1
|-boost|p1a: Dragonite|spe|1
|
|-heal|p2a: Landorus|27/100|[from] item: Leftovers
|upkeep
|turn|20
|
|t:|1769349593
|move|p1a: Dragonite|Dragon Dance|p1a: Dragonite
|-boost|p1a: Dragonite|atk|1
|-boost|p1a: Dragonite|spe|1
|move|p2a: Landorus|Earthquake|p1a: Dragonite
|-damage|p1a: Dragonite|73/100
|
|-heal|p2a: Landorus|33/100|[from] item: Leftovers
|upkeep
|turn|21
|
|t:|1769349604
|switch|p2a: Decidueye|Decidueye, M|94/100
|-damage|p2a: Decidueye|82/100|[from] Stealth Rock
|move|p1a: Dragonite|Ice Spinner|p2a: Decidueye
|-supereffective|p2a: Decidueye
|-damage|p2a: Decidueye|7/100
|
|-heal|p2a: Decidueye|13/100|[from] item: Leftovers
|upkeep
|turn|22
|
|t:|1769349614
|move|p1a: Dragonite|Ice Spinner|p2a: Decidueye
|-supereffective|p2a: Decidueye
|-damage|p2a: Decidueye|0 fnt
|faint|p2a: Decidueye
|
|upkeep
|
|t:|1769349624
|switch|p2a: Landorus|Landorus-Therian, M|33/100
|-damage|p2a: Landorus|21/100|[from] Stealth Rock
|-ability|p2a: Landorus|Intimidate|boost
|-unboost|p1a: Dragonite|atk|1
|turn|23
|
|t:|1769349633
|move|p1a: Dragonite|Dragon Dance|p1a: Dragonite
|-boost|p1a: Dragonite|atk|1
|-boost|p1a: Dragonite|spe|1
|move|p2a: Landorus|Earthquake|p1a: Dragonite
|-damage|p1a: Dragonite|23/100
|
|-heal|p2a: Landorus|27/100|[from] item: Leftovers
|upkeep
|turn|24
|
|t:|1769349643
|move|p1a: Dragonite|Ice Spinner|p2a: Landorus
|-supereffective|p2a: Landorus
|-damage|p2a: Landorus|0 fnt
|faint|p2a: Landorus
|
|upkeep
|
|t:|1769349648
|switch|p2a: Rotom|Rotom-Wash|64/100 brn
|-damage|p2a: Rotom|51/100 brn|[from] Stealth Rock
|turn|25
|
|t:|1769349653
|move|p1a: Dragonite|Extreme Speed|p2a: Rotom
|-damage|p2a: Rotom|0 fnt
|faint|p2a: Rotom
|
|upkeep
|l|☆Stealthalo
|inactive|Stealthalo disconnected and has a minute to reconnect!
|player|p2|
|inactive|Stealthalo has 30 seconds to reconnect!
|inactive|Stealthalo has 20 seconds to reconnect!
|inactive|Stealthalo has 15 seconds to reconnect!
|inactive|Stealthalo has 10 seconds to reconnect!
|inactive|Stealthalo has 5 seconds to reconnect!
|-message|Stealthalo lost due to inactivity.
|
|win|Nevellen L
|raw|Nevellen L's rating: 1373 &rarr; <strong>1396</strong><br />(+23 for winning)
|raw|Stealthalo's rating: 1422 &rarr; <strong>1399</strong><br />(-23 for losing)
|l|☆Nevellen L
|player|p1|
