|j|☆Xmas Arc
|j|☆pokeplup7
|t:|1769389792
|gametype|singles
|player|p1|Xmas Arc|blue|1178
|player|p2|pokeplup7|iris-gen5bw2|1217
|gen|9
|tier|[Gen 9] OU
|rated|
|rule|HP Percentage Mod: HP is shown in percentages
|rule|Endless Battle Clause: Forcing endless battles is banned
|rule|Species Clause: Limit one of each Pokémon
|rule|OHKO Clause: OHKO moves are banned
|rule|Evasion Items Clause: Evasion items are banned
|rule|Evasion Moves Clause: Evasion moves are banned
|rule|Evasion Abilities Clause: Evasion abilities are banned
|rule|Sleep Moves Clause: Sleep-inducing moves are banned
|clearpoke
|poke|p1|Dragonite, M|
|poke|p1|Corviknight, M|
|poke|p1|Darkrai|
|poke|p1|Blaziken, F|
|poke|p1|Ogerpon-Wellspring, F|
|poke|p1|Weezing-Galar, F|
|poke|p2|Ogerpon, F|
|poke|p2|Samurott-Hisui, M|
|poke|p2|Gholdengo|
|poke|p2|Ting-Lu|
|poke|p2|Great Tusk|
|poke|p2|Dragonite, M|
|teampreview
|
|t:|1769389816
|teamsize|p1|6
|teamsize|p2|6
|start
|switch|p1a: Dragonite|Dragonite, M|100/100
|switch|p2a: Ogerpon|Ogerpon, F|100/100
|turn|1
|inactive|Battle timer is ON: inactive players will automatically lose when time's up. (requested by pokeplup7)
|
|t:|1769389827
|move|p2a: Ogerpon|U-turn|p1a: Dragonite
|-resisted|p1a: Dragonite
|-damage|p1a: Dragonite|90/100
|
|t:|1769389834
|switch|p2a: Samurott|Samurott-Hisui, M|100/100|[from] U-turn
|move|p1a: Dragonite|Dragon Dance|p1a: Dragonite
|-boost|p1a: Dragonite|atk|1
|-boost|p1a: Dragonite|spe|1
|
|upkeep
|turn|2
|inactive|Xmas Arc has 120 seconds left.
|
|t:|1769389879
|move|p1a: Dragonite|Earthquake|p2a: Samurott
|-damage|p2a: Samurott|38/100
|move|p2a: Samurott|Ceaseless Edge|p1a: Dragonite
|-damage|p1a: Dragonite|41/100
|-sidestart|p1: Xmas Arc|Spikes
|
|upkeep
|turn|3
|inactive|pokeplup7 has 120 seconds left.
|
|t:|1769389922
|move|p1a: Dragonite|Extreme Speed|p2a: Samurott
|-damage|p2a: Samurott|0 fnt
|faint|p2a: Samurott
|
|upkeep
|inactive|pokeplup7 has 90 seconds left.
|inactive|pokeplup7 has 60 seconds left.
|
|t:|1769389978
|switch|p2a: Dragonite|Dragonite, M|100/100
|turn|4
|
|t:|1769389983
|move|p1a: Dragonite|Ice Spinner|p2a: Dragonite
|-supereffective|p2a: Dragonite
|-damage|p2a: Dragonite|5/100
|move|p2a: Dragonite|Scale Shot|p1a: Dragonite
|-supereffective|p1a: Dragonite
|-damage|p1a: Dragonite|5/100
|-supereffective|p1a: Dragonite
|-damage|p1a: Dragonite|0 fnt
|faint|p1a: Dragonite
|-hitcount|p1: Dragonite|2
|-unboost|p2a: Dragonite|def|1
|-boost|p2a: Dragonite|spe|1
|
|upkeep
|
|t:|1769390000
|switch|p1a: ELLO|Weezing-Galar, F|100/100
|-ability|p1a: ELLO|Neutralizing Gas
|turn|5
|
|t:|1769390020
|move|p2a: Dragonite|Earthquake|p1a: ELLO
|-supereffective|p1a: ELLO
|-damage|p1a: ELLO|48/100
|move|p1a: ELLO|Strange Steam|p2a: Dragonite
|-supereffective|p2a: Dragonite
|-crit|p2a: Dragonite
|-damage|p2a: Dragonite|0 fnt
|faint|p2a: Dragonite
|
|upkeep
|
|t:|1769390028
|switch|p2a: Ting-Lu|Ting-Lu|100/100
|turn|6
|inactive|Xmas Arc has 120 seconds left.
|
|t:|1769390037
|-terastallize|p1a: ELLO|Flying
|move|p1a: ELLO|Pain Split|p2a: Ting-Lu
|-sethp|p2a: Ting-Lu|66/100|[from] move: Pain Split|[silent]
|-sethp|p1a: ELLO|100/100|[from] move: Pain Split
|move|p2a: Ting-Lu|Earthquake|p1a: ELLO
|-immune|p1a: ELLO
|
|-heal|p2a: Ting-Lu|72/100|[from] item: Leftovers
|upkeep
|turn|7
|
|t:|1769390060
|move|p1a: ELLO|Will-O-Wisp|p2a: Ting-Lu
|-status|p2a: Ting-Lu|brn
|move|p2a: Ting-Lu|Ruination|p1a: ELLO
|-damage|p1a: ELLO|50/100
|
|-heal|p2a: Ting-Lu|78/100 brn|[from] item: Leftovers
|-damage|p2a: Ting-Lu|72/100 brn|[from] brn
|upkeep
|turn|8
|
|t:|1769390068
|move|p1a: ELLO|Defog|p2a: Ting-Lu
|-unboost|p2a: Ting-Lu|evasion|1
|-sideend|p1: Xmas Arc|Spikes|[from] move: Defog|[of] p1a: ELLO
|move|p2a: Ting-Lu|Stealth Rock|p1a: ELLO
|-sidestart|p1: Xmas Arc|move: Stealth Rock
|
|-heal|p2a: Ting-Lu|78/100 brn|[from] item: Leftovers
|-damage|p2a: Ting-Lu|72/100 brn|[from] brn
|upkeep
|turn|9
|
|t:|1769390085
|switch|p2a: Gholdengo|Gholdengo|100/100
|-item|p2a: Gholdengo|Air Balloon
|move|p1a: ELLO|Defog|p2a: Gholdengo
|-unboost|p2a: Gholdengo|evasion|1
|-sideend|p1: Xmas Arc|Stealth Rock|[from] move: Defog|[of] p1a: ELLO
|
|upkeep
|turn|10
|inactive|Xmas Arc has 120 seconds left.
|
|t:|1769390117
|-end|p1a: ELLO|ability: Neutralizing Gas
|switch|p1a: MEGA ULTRA CHICKEN|Blaziken, F, shiny|100/100
|-item|p1a: MEGA ULTRA CHICKEN|Air Balloon
|move|p2a: Gholdengo|Nasty Plot|p2a: Gholdengo
|-boost|p2a: Gholdengo|spa|2
|
|upkeep
|turn|11
|inactive|Xmas Arc has 120 seconds left.
|
|t:|1769390129
|-terastallize|p2a: Gholdengo|Fairy
|move|p1a: MEGA ULTRA CHICKEN|Protect|p1a: MEGA ULTRA CHICKEN
|-singleturn|p1a: MEGA ULTRA CHICKEN|Protect
|move|p2a: Gholdengo|Shadow Ball|p1a: MEGA ULTRA CHICKEN
|-activate|p1a: MEGA ULTRA CHICKEN|move: Protect
|
|-ability|p1a: MEGA ULTRA CHICKEN|Speed Boost|boost
|-boost|p1a: MEGA ULTRA CHICKEN|spe|1
|upkeep
|turn|12
|inactive|Xmas Arc has 120 seconds left.
|
|t:|1769390162
|move|p1a: MEGA ULTRA CHICKEN|Flare Blitz|p2a: Gholdengo
|-damage|p2a: Gholdengo|53/100
|-enditem|p2a: Gholdengo|Air Balloon
|-damage|p1a: MEGA ULTRA CHICKEN|81/100|[from] Recoil
|move|p2a: Gholdengo|Shadow Ball|p1a: MEGA ULTRA CHICKEN
|-damage|p1a: MEGA ULTRA CHICKEN|0 fnt
|-enditem|p1a: MEGA ULTRA CHICKEN|Air Balloon
|faint|p1a: MEGA ULTRA CHICKEN
|
|upkeep
|
|t:|1769390172
|switch|p1a: Zeta|Darkrai|100/100
|turn|13
|inactive|pokeplup7 has 90 seconds left.
|
|t:|1769390184
|move|p1a: Zeta|Sludge Bomb|p2a: Gholdengo
|-supereffective|p2a: Gholdengo
|-damage|p2a: Gholdengo|0 fnt
|faint|p2a: Gholdengo
|-damage|p1a: Zeta|91/100|[from] item: Life Orb
|
|upkeep
|
|t:|1769390206
|switch|p2a: Ogerpon|Ogerpon, F|100/100
|turn|14
|inactive|Xmas Arc has 120 seconds left.
|
|t:|1769390216
|switch|p1a: Raven Beak|Corviknight, M, shiny|100/100
|-ability|p1a: Raven Beak|Pressure
|move|p2a: Ogerpon|Ivy Cudgel|p1a: Raven Beak
|-resisted|p1a: Raven Beak
|-damage|p1a: Raven Beak|90/100
|
|-heal|p1a: Raven Beak|96/100|[from] item: Leftovers
|upkeep
|turn|15
|
|t:|1769390224
|switch|p2a: Ting-Lu|Ting-Lu|72/100 brn
|-ability|p2a: Ting-Lu|Vessel of Ruin
|move|p1a: Raven Beak|Iron Defense|p1a: Raven Beak
|-boost|p1a: Raven Beak|def|2
|
|-heal|p1a: Raven Beak|100/100|[from] item: Leftovers
|-heal|p2a: Ting-Lu|78/100 brn|[from] item: Leftovers
|-damage|p2a: Ting-Lu|72/100 brn|[from] brn
|upkeep
|turn|16
|
|t:|1769390233
|move|p1a: Raven Beak|Iron Defense|p1a: Raven Beak
|-boost|p1a: Raven Beak|def|2
|move|p2a: Ting-Lu|Whirlwind|p1a: Raven Beak
|drag|p1a: Zeta|Darkrai|91/100
|
|-heal|p2a: Ting-Lu|78/100 brn|[from] item: Leftovers
|-damage|p2a: Ting-Lu|72/100 brn|[from] brn
|upkeep
|turn|17
|
|t:|1769390244
|switch|p1a: Raven Beak|Corviknight, M, shiny|100/100
|-ability|p1a: Raven Beak|Pressure
|move|p2a: Ting-Lu|Stealth Rock|p1a: Raven Beak
|-sidestart|p1: Xmas Arc|move: Stealth Rock
|
|-heal|p2a: Ting-Lu|78/100 brn|[from] item: Leftovers
|-damage|p2a: Ting-Lu|72/100 brn|[from] brn
|upkeep
|turn|18
|
|t:|1769390255
|move|p1a: Raven Beak|Body Press|p2a: Ting-Lu
|-supereffective|p2a: Ting-Lu
|-damage|p2a: Ting-Lu|43/100 brn
|move|p2a: Ting-Lu|Ruination|p1a: Raven Beak
|-damage|p1a: Raven Beak|51/100
|
|-heal|p1a: Raven Beak|57/100|[from] item: Leftovers
|-heal|p2a: Ting-Lu|50/100 brn|[from] item: Leftovers
|-damage|p2a: Ting-Lu|43/100 brn|[from] brn
|upkeep
|turn|19
|
|t:|1769390271
|move|p1a: Raven Beak|Body Press|p2a: Ting-Lu
|-supereffective|p2a: Ting-Lu
|-damage|p2a: Ting-Lu|16/100 brn
|move|p2a: Ting-Lu|Ruination|p1a: Raven Beak
|-damage|p1a: Raven Beak|29/100
|
|-heal|p1a: Raven Beak|35/100|[from] item: Leftovers
|-heal|p2a: Ting-Lu|22/100 brn|[from] item: Leftovers
|-damage|p2a: Ting-Lu|16/100 brn|[from] brn
|upkeep
|turn|20
|
|t:|1769390288
|move|p1a: Raven Beak|Roost|p1a: Raven Beak
|-heal|p1a: Raven Beak|85/100
|-singleturn|p1a: Raven Beak|move: Roost
|move|p2a: Ting-Lu|Whirlwind|p1a: Raven Beak
|drag|p1a: Zeta|Darkrai|91/100
|-damage|p1a: Zeta|78/100|[from] Stealth Rock
|
|-heal|p2a: Ting-Lu|22/100 brn|[from] item: Leftovers
|-damage|p2a: Ting-Lu|16/100 brn|[from] brn
|upkeep
|turn|21
|inactive|pokeplup7 has 120 seconds left.
|-message|pokeplup7 forfeited.
|
|win|Xmas Arc
|raw|Xmas Arc's rating: 1178 &rarr; <strong>1206</strong><br />(+28 for winning)
|raw|pokeplup7's rating: 1217 &rarr; <strong>1189</strong><br />(-28 for losing)
|l|☆pokeplup7
|player|p2|
