|j|☆SDLU
|j|☆nimjaisugly
|t:|1769318695
|gametype|singles
|player|p1|SDLU|265|1408
|player|p2|nimjaisugly|clavell-s|1465
|gen|9
|tier|[Gen 9] OU
|rated|
|rule|HP Percentage Mod: HP is shown in percentages
|rule|Endless Battle Clause: Forcing endless battles is banned
|rule|Species Clause: Limit one of each Pokémon
|rule|OHKO Clause: OHKO moves are banned
|rule|Evasion Items Clause: Evasion items are banned
|rule|Evasion Moves Clause: Evasion moves are banned
|rule|Evasion Abilities Clause: Evasion abilities are banned
|rule|Sleep Moves Clause: Sleep-inducing moves are banned
|clearpoke
|poke|p1|Dragapult, M|
|poke|p1|Rotom-Wash|
|poke|p1|Skeledirge, M|
|poke|p1|Garganacl, M|
|poke|p1|Corviknight, F|
|poke|p1|Ogerpon, F|
|poke|p2|Porygon-Z|
|poke|p2|Kingambit, F|
|poke|p2|Dragapult, F|
|poke|p2|Alomomola, M|
|poke|p2|Pecharunt|
|poke|p2|Iron Treads|
|teampreview
|inactive|Battle timer is ON: inactive players will automatically lose when time's up. (requested by nimjaisugly)
|inactive|SDLU also wants the timer to be on.
|
|t:|1769318702
|teamsize|p1|6
|teamsize|p2|6
|start
|switch|p1a: Dragapult|Dragapult, M|100/100
|switch|p2a: Porygon-Z|Porygon-Z|100/100
|-ability|p2a: Porygon-Z|Download|boost
|-boost|p2a: Porygon-Z|spa|1
|turn|1
|
|t:|1769318710
|move|p1a: Dragapult|U-turn|p2a: Porygon-Z
|-damage|p2a: Porygon-Z|52/100
|
|t:|1769318713
|switch|p1a: Garganacl|Garganacl, M|100/100|[from] U-turn
|move|p2a: Porygon-Z|Dark Pulse|p1a: Garganacl
|-damage|p1a: Garganacl|55/100
|
|-heal|p1a: Garganacl|61/100|[from] item: Leftovers
|upkeep
|turn|2
|
|t:|1769318721
|move|p1a: Garganacl|Protect|p1a: Garganacl
|-singleturn|p1a: Garganacl|Protect
|move|p2a: Porygon-Z|Dark Pulse|p1a: Garganacl
|-activate|p1a: Garganacl|move: Protect
|
|-heal|p1a: Garganacl|67/100|[from] item: Leftovers
|upkeep
|turn|3
|inactive|SDLU has 120 seconds left.
|
|t:|1769318752
|move|p2a: Porygon-Z|Dark Pulse|p1a: Garganacl
|-damage|p1a: Garganacl|25/100
|move|p1a: Garganacl|Salt Cure|p2a: Porygon-Z
|-damage|p2a: Porygon-Z|30/100
|-start|p2a: Porygon-Z|Salt Cure
|
|-heal|p1a: Garganacl|31/100|[from] item: Leftovers
|-damage|p2a: Porygon-Z|18/100|[from] Salt Cure
|upkeep
|turn|4
|
|t:|1769318761
|switch|p2a: Iron Treads|Iron Treads|100/100
|-item|p2a: Iron Treads|Air Balloon
|move|p1a: Garganacl|Protect||[still]
|-fail|p1a: Garganacl
|
|-heal|p1a: Garganacl|37/100|[from] item: Leftovers
|upkeep
|turn|5
|
|t:|1769318772
|switch|p1a: Rotom|Rotom-Wash|100/100
|move|p2a: Iron Treads|Stealth Rock|p1a: Rotom
|-sidestart|p1: SDLU|move: Stealth Rock
|
|upkeep
|turn|6
|
|t:|1769318782
|-end|p2a: Iron Treads|Quark Drive|[silent]
|switch|p2a: Alomomola|Alomomola, M|100/100
|move|p1a: Rotom|Hydro Pump|p2a: Alomomola
|-resisted|p2a: Alomomola
|-damage|p2a: Alomomola|78/100
|
|upkeep
|turn|7
|
|t:|1769318789
|move|p1a: Rotom|Hydro Pump|p2a: Alomomola
|-resisted|p2a: Alomomola
|-damage|p2a: Alomomola|58/100
|move|p2a: Alomomola|Mirror Coat|p1a: Rotom
|-damage|p1a: Rotom|36/100
|
|upkeep
|turn|8
|
|t:|1769318799
|switch|p1a: Ogerpon|Ogerpon, F|100/100
|-damage|p1a: Ogerpon|88/100|[from] Stealth Rock
|move|p2a: Alomomola|Flip Turn|p1a: Ogerpon
|-resisted|p1a: Ogerpon
|-damage|p1a: Ogerpon|77/100
|
|t:|1769318806
|switch|p2a: Dragapult|Dragapult, F|100/100|[from] Flip Turn
|
|upkeep
|turn|9
|
|t:|1769318809
|switch|p2a: Pecharunt|Pecharunt|100/100
|-terastallize|p1a: Ogerpon|Grass
|detailschange|p1a: Ogerpon|Ogerpon-Teal-Tera, F, tera:Grass
|-ability|p1a: Ogerpon|Embody Aspect (Teal)|boost
|-boost|p1a: Ogerpon|spe|1
|move|p1a: Ogerpon|Knock Off|p2a: Pecharunt
|-supereffective|p2a: Pecharunt
|-damage|p2a: Pecharunt|72/100
|-enditem|p2a: Pecharunt|Heavy-Duty Boots|[from] move: Knock Off|[of] p1a: Ogerpon
|
|upkeep
|turn|10
|
|t:|1769318828
|switch|p1a: Corviknight|Corviknight, F|100/100
|-damage|p1a: Corviknight|88/100|[from] Stealth Rock
|move|p2a: Pecharunt|Parting Shot|p1a: Corviknight
|-ability|p1a: Corviknight|Mirror Armor
|-unboost|p2a: Pecharunt|atk|1
|-ability|p1a: Corviknight|Mirror Armor
|-unboost|p2a: Pecharunt|spa|1
|
|t:|1769318832
|switch|p2a: Porygon-Z|Porygon-Z|18/100|[from] Parting Shot
|-ability|p2a: Porygon-Z|Download|boost
|-boost|p2a: Porygon-Z|atk|1
|
|-heal|p1a: Corviknight|94/100|[from] item: Leftovers
|upkeep
|turn|11
|
|t:|1769318836
|move|p2a: Porygon-Z|Thunderbolt|p1a: Corviknight
|-supereffective|p1a: Corviknight
|-damage|p1a: Corviknight|31/100
|move|p1a: Corviknight|Body Press|p2a: Porygon-Z
|-supereffective|p2a: Porygon-Z
|-damage|p2a: Porygon-Z|0 fnt
|faint|p2a: Porygon-Z
|
|-heal|p1a: Corviknight|37/100|[from] item: Leftovers
|upkeep
|
|t:|1769318842
|switch|p2a: Dragapult|Dragapult, F|100/100
|turn|12
|
|t:|1769318861
|switch|p1a: Garganacl|Garganacl, M|37/100
|-damage|p1a: Garganacl|25/100|[from] Stealth Rock
|move|p2a: Dragapult|U-turn|p1a: Garganacl
|-damage|p1a: Garganacl|11/100
|
|t:|1769318870
|switch|p2a: Pecharunt|Pecharunt|72/100|[from] U-turn
|
|-heal|p1a: Garganacl|18/100|[from] item: Leftovers
|upkeep
|turn|13
|
|t:|1769318878
|move|p2a: Pecharunt|Shadow Ball|p1a: Garganacl
|-damage|p1a: Garganacl|9/100
|move|p1a: Garganacl|Recover|p1a: Garganacl
|-heal|p1a: Garganacl|59/100
|
|-heal|p1a: Garganacl|65/100|[from] item: Leftovers
|upkeep
|turn|14
|
|t:|1769318883
|move|p2a: Pecharunt|Parting Shot|p1a: Garganacl
|-unboost|p1a: Garganacl|atk|1
|-unboost|p1a: Garganacl|spa|1
|-message|nimjaisugly forfeited.
|
|win|SDLU
|raw|SDLU's rating: 1408 &rarr; <strong>1431</strong><br />(+23 for winning)
|raw|nimjaisugly's rating: 1465 &rarr; <strong>1442</strong><br />(-23 for losing)
|l|☆nimjaisugly
|player|p2|
|l|☆SDLU
|player|p1|
