|j|☆LordFueg
|j|☆soulesstm303
|t:|1769374787
|gametype|singles
|player|p1|LordFueg|102|1358
|player|p2|soulesstm303|dawn|1325
|gen|9
|tier|[Gen 9] OU
|rated|
|rule|HP Percentage Mod: HP is shown in percentages
|rule|Endless Battle Clause: Forcing endless battles is banned
|rule|Species Clause: Limit one of each Pokémon
|rule|OHKO Clause: OHKO moves are banned
|rule|Evasion Items Clause: Evasion items are banned
|rule|Evasion Moves Clause: Evasion moves are banned
|rule|Evasion Abilities Clause: Evasion abilities are banned
|rule|Sleep Moves Clause: Sleep-inducing moves are banned
|clearpoke
|poke|p1|Ninetales, F|
|poke|p1|Hatterene, F|
|poke|p1|Comfey, M|
|poke|p1|Whimsicott, F|
|poke|p1|Walking Wake|
|poke|p1|Great Tusk|
|poke|p2|Meowscarada, F|
|poke|p2|Chandelure, M|
|poke|p2|Araquanid, M|
|poke|p2|Ninetales-Alola, F|
|poke|p2|Primeape, M|
|poke|p2|Metagross|
|teampreview
|inactive|Battle timer is ON: inactive players will automatically lose when time's up. (requested by LordFueg)
|inactive|LordFueg has 120 seconds left.
|
|t:|1769374820
|teamsize|p1|6
|teamsize|p2|6
|start
|switch|p1a: Ninetales|Ninetales, F|100/100
|switch|p2a: Strider|Araquanid, M|100/100
|-weather|SunnyDay|[from] ability: Drought|[of] p1a: Ninetales
|turn|1
|
|t:|1769374828
|switch|p1a: Hatterene|Hatterene, F|100/100
|move|p2a: Strider|Liquidation|p1a: Hatterene
|-damage|p1a: Hatterene|75/100
|-enditem|p1a: Hatterene|Eject Button
|inactive|LordFueg has 120 seconds left.
|
|t:|1769374864
|switch|p1a: Whimsicott|Whimsicott, F|100/100
|
|-weather|SunnyDay|[upkeep]
|upkeep
|turn|2
|inactive|LordFueg has 120 seconds left.
|
|t:|1769374878
|move|p1a: Whimsicott|Growth|p1a: Whimsicott
|-boost|p1a: Whimsicott|atk|2
|-boost|p1a: Whimsicott|spa|2
|move|p2a: Strider|Sticky Web|p1a: Whimsicott
|-sidestart|p1: LordFueg|move: Sticky Web
|
|-weather|SunnyDay|[upkeep]
|upkeep
|turn|3
|
|t:|1769374888
|switch|p2a: Kyuki|Ninetales-Alola, F|100/100
|-weather|Snowscape|[from] ability: Snow Warning|[of] p2a: Kyuki
|move|p1a: Whimsicott|Moonblast|p2a: Kyuki
|-crit|p2a: Kyuki
|-damage|p2a: Kyuki|0 fnt
|faint|p2a: Kyuki
|-damage|p1a: Whimsicott|91/100|[from] item: Life Orb
|
|-weather|Snowscape|[upkeep]
|upkeep
|
|t:|1769374899
|switch|p2a: Macross|Metagross|100/100
|turn|4
|
|t:|1769374912
|-terastallize|p1a: Whimsicott|Ghost
|move|p1a: Whimsicott|Shadow Ball|p2a: Macross
|-supereffective|p2a: Macross
|-damage|p2a: Macross|0 fnt
|faint|p2a: Macross
|-damage|p1a: Whimsicott|81/100|[from] item: Life Orb
|
|-weather|Snowscape|[upkeep]
|upkeep
|
|t:|1769374922
|switch|p2a: Meowscarada|Meowscarada, F|100/100
|turn|5
|
|t:|1769374946
|switch|p1a: Hatterene|Hatterene, F|75/100
|-activate|p1a: Hatterene|move: Sticky Web
|-unboost|p1a: Hatterene|spe|1
|move|p2a: Meowscarada|Knock Off|p1a: Hatterene
|-damage|p1a: Hatterene|36/100
|
|-weather|Snowscape|[upkeep]
|upkeep
|turn|6
|
|t:|1769374955
|switch|p2a: Chandelure|Chandelure, M|100/100
|-item|p2a: Chandelure|Air Balloon
|move|p1a: Hatterene|Nuzzle|p2a: Chandelure
|-damage|p2a: Chandelure|94/100
|-status|p2a: Chandelure|par
|-enditem|p2a: Chandelure|Air Balloon
|
|-weather|Snowscape|[upkeep]
|upkeep
|turn|7
|
|t:|1769374967
|cant|p2a: Chandelure|par
|move|p1a: Hatterene|Psyshock|p2a: Chandelure
|-damage|p2a: Chandelure|40/100 par
|
|-weather|none
|upkeep
|turn|8
|
|t:|1769374974
|move|p2a: Chandelure|Shadow Ball|p1a: Hatterene
|-supereffective|p1a: Hatterene
|-damage|p1a: Hatterene|0 fnt
|faint|p1a: Hatterene
|
|upkeep
|inactive|LordFueg has 120 seconds left.
|
|t:|1769375016
|switch|p1a: Great Tusk|Great Tusk|100/100
|-activate|p1a: Great Tusk|move: Sticky Web
|-unboost|p1a: Great Tusk|spe|1
|turn|9
|
|t:|1769375027
|move|p1a: Great Tusk|Rapid Spin|p2a: Chandelure
|-immune|p2a: Chandelure
|move|p2a: Chandelure|Psychic|p1a: Great Tusk
|-supereffective|p1a: Great Tusk
|-damage|p1a: Great Tusk|4/100
|
|upkeep
|turn|10
|
|t:|1769375034
|move|p1a: Great Tusk|Headlong Rush|p2a: Chandelure
|-supereffective|p2a: Chandelure
|-damage|p2a: Chandelure|0 fnt
|-unboost|p1a: Great Tusk|def|1
|-unboost|p1a: Great Tusk|spd|1
|faint|p2a: Chandelure
|
|upkeep
|
|t:|1769375057
|switch|p2a: Meowscarada|Meowscarada, F|100/100
|turn|11
|inactive|LordFueg has 120 seconds left.
|inactive|LordFueg has 90 seconds left.
|
|t:|1769375102
|move|p2a: Meowscarada|Knock Off|p1a: Great Tusk
|-resisted|p1a: Great Tusk
|-damage|p1a: Great Tusk|0 fnt
|-damage|p2a: Meowscarada|84/100|[from] item: Rocky Helmet|[of] p1a: Great Tusk
|-enditem|p1a: Great Tusk|Rocky Helmet|[from] move: Knock Off|[of] p2a: Meowscarada
|faint|p1a: Great Tusk
|-end|p1a: Great Tusk|Protosynthesis|[silent]
|
|upkeep
|
|t:|1769375105
|switch|p1a: Ninetales|Ninetales, F|100/100
|-activate|p1a: Ninetales|move: Sticky Web
|-unboost|p1a: Ninetales|spe|1
|-weather|SunnyDay|[from] ability: Drought|[of] p1a: Ninetales
|turn|12
|
|t:|1769375125
|switch|p2a: Strider|Araquanid, M|100/100
|move|p1a: Ninetales|Weather Ball|p2a: Strider
|-damage|p2a: Strider|84/100
|
|-weather|SunnyDay|[upkeep]
|upkeep
|turn|13
|inactive|LordFueg has 90 seconds left.
|inactive|LordFueg has 60 seconds left.
|
|t:|1769375190
|switch|p1a: Whimsicott|Whimsicott, F, tera:Ghost|81/100
|-activate|p1a: Whimsicott|move: Sticky Web
|-unboost|p1a: Whimsicott|spe|1
|move|p2a: Strider|Liquidation|p1a: Whimsicott
|-damage|p1a: Whimsicott|42/100
|
|-weather|SunnyDay|[upkeep]
|upkeep
|turn|14
|inactive|soulesstm303 has 120 seconds left.
|
|t:|1769375232
|move|p1a: Whimsicott|Moonblast|p2a: Strider
|-damage|p2a: Strider|43/100
|-unboost|p2a: Strider|spa|1
|-damage|p1a: Whimsicott|32/100|[from] item: Life Orb
|move|p2a: Strider|Liquidation|p1a: Whimsicott
|-damage|p1a: Whimsicott|0 fnt
|faint|p1a: Whimsicott
|
|-weather|SunnyDay|[upkeep]
|upkeep
|inactive|LordFueg has 30 seconds left.
|
|t:|1769375259
|switch|p1a: Comfey|Comfey, M|100/100
|-activate|p1a: Comfey|move: Sticky Web
|-unboost|p1a: Comfey|spe|1
|turn|15
|
|t:|1769375265
|move|p1a: Comfey|Growth|p1a: Comfey
|-boost|p1a: Comfey|atk|2
|-boost|p1a: Comfey|spa|2
|move|p2a: Strider|Endeavor|p1a: Comfey
|-damage|p1a: Comfey|48/100
|
|-weather|SunnyDay|[upkeep]
|upkeep
|turn|16
|
|t:|1769375277
|move|p1a: Comfey|Growth|p1a: Comfey
|-boost|p1a: Comfey|atk|2
|-boost|p1a: Comfey|spa|2
|move|p2a: Strider|Liquidation|p1a: Comfey
|-damage|p1a: Comfey|9/100
|
|-weather|SunnyDay|[upkeep]
|upkeep
|turn|17
|
|t:|1769375285
|move|p1a: Comfey|Draining Kiss|p2a: Strider
|-damage|p2a: Strider|0 fnt
|-heal|p1a: Comfey|45/100|[from] drain|[of] p2a: Strider
|faint|p2a: Strider
|-damage|p1a: Comfey|35/100|[from] item: Life Orb
|
|-weather|SunnyDay|[upkeep]
|upkeep
|
|t:|1769375293
|switch|p2a: Meowscarada|Meowscarada, F|84/100
|turn|18
|inactive|soulesstm303 has 120 seconds left.
|
|t:|1769375299
|-terastallize|p2a: Meowscarada|Fire
|move|p1a: Comfey|Draining Kiss|p2a: Meowscarada
|-resisted|p2a: Meowscarada
|-damage|p2a: Meowscarada|24/100
|-heal|p1a: Comfey|78/100|[from] drain|[of] p2a: Meowscarada
|-damage|p1a: Comfey|68/100|[from] item: Life Orb
|move|p2a: Meowscarada|Flower Trick|p1a: Comfey
|-crit|p1a: Comfey
|-damage|p1a: Comfey|0 fnt
|faint|p1a: Comfey
|
|-weather|SunnyDay|[upkeep]
|upkeep
|inactive|LordFueg has 60 seconds left.
|
|t:|1769375311
|switch|p1a: Walking Wake|Walking Wake|100/100
|-activate|p1a: Walking Wake|move: Sticky Web
|-unboost|p1a: Walking Wake|spe|1
|-activate|p1a: Walking Wake|ability: Protosynthesis
|-start|p1a: Walking Wake|protosynthesisspa
|turn|19
|inactive|soulesstm303 has 120 seconds left.
|
|t:|1769375332
|move|p2a: Meowscarada|Flower Trick|p1a: Walking Wake
|-crit|p1a: Walking Wake
|-damage|p1a: Walking Wake|0 fnt
|faint|p1a: Walking Wake
|-end|p1a: Walking Wake|Protosynthesis|[silent]
|
|-weather|none
|upkeep
|inactive|LordFueg has 60 seconds left.
|
|t:|1769375367
|switch|p1a: Ninetales|Ninetales, F|100/100
|-activate|p1a: Ninetales|move: Sticky Web
|-unboost|p1a: Ninetales|spe|1
|-weather|SunnyDay|[from] ability: Drought|[of] p1a: Ninetales
|turn|20
|
|t:|1769375373
|move|p2a: Meowscarada|Flower Trick|p1a: Ninetales
|-resisted|p1a: Ninetales
|-crit|p1a: Ninetales
|-damage|p1a: Ninetales|25/100
|move|p1a: Ninetales|Weather Ball|p2a: Meowscarada
|-resisted|p2a: Meowscarada
|-damage|p2a: Meowscarada|0 fnt
|faint|p2a: Meowscarada
|
|-weather|SunnyDay|[upkeep]
|upkeep
|inactive|soulesstm303 has 120 seconds left.
|
|t:|1769375383
|switch|p2a: Rath|Primeape, M|100/100
|turn|21
|
|t:|1769375390
|move|p2a: Rath|Drain Punch|p1a: Ninetales
|-damage|p1a: Ninetales|0 fnt
|faint|p1a: Ninetales
|
|win|soulesstm303
|raw|LordFueg's rating: 1358 &rarr; <strong>1336</strong><br />(-22 for losing)
|raw|soulesstm303's rating: 1325 &rarr; <strong>1347</strong><br />(+22 for winning)
|l|☆LordFueg
|player|p1|
|l|☆soulesstm303
|player|p2|
