|j|☆slival
|j|☆chibi tanjiro
|t:|1769309345
|gametype|singles
|player|p1|slival|jupiter|1550
|player|p2|chibi tanjiro|170|1632
|gen|9
|tier|[Gen 9] OU
|rated|
|rule|HP Percentage Mod: HP is shown in percentages
|rule|Endless Battle Clause: Forcing endless battles is banned
|rule|Species Clause: Limit one of each Pokémon
|rule|OHKO Clause: OHKO moves are banned
|rule|Evasion Items Clause: Evasion items are banned
|rule|Evasion Moves Clause: Evasion moves are banned
|rule|Evasion Abilities Clause: Evasion abilities are banned
|rule|Sleep Moves Clause: Sleep-inducing moves are banned
|clearpoke
|poke|p1|Iron Valiant|
|poke|p1|Primarina, M|
|poke|p1|Darkrai|
|poke|p1|Dragonite, M|
|poke|p1|Great Tusk|
|poke|p1|Kingambit, F|
|poke|p2|Zarude-Dada|
|poke|p2|Pecharunt|
|poke|p2|Great Tusk|
|poke|p2|Alomomola, M|
|poke|p2|Landorus-Therian, M|
|poke|p2|Raging Bolt|
|teampreview
|inactive|Battle timer is ON: inactive players will automatically lose when time's up. (requested by slival)
|
|t:|1769309364
|teamsize|p1|6
|teamsize|p2|6
|start
|switch|p1a: Primarina|Primarina, M|100/100
|switch|p2a: Zarude|Zarude-Dada|100/100
|turn|1
|j| firecharmander004
|
|t:|1769309374
|move|p2a: Zarude|Power Whip|p1a: Primarina
|-supereffective|p1a: Primarina
|-damage|p1a: Primarina|0 fnt
|faint|p1a: Primarina
|
|upkeep
|
|t:|1769309399
|switch|p1a: Dragonite|Dragonite, M|100/100
|turn|2
|
|t:|1769309409
|switch|p2a: Pecharunt|Pecharunt|100/100
|move|p1a: Dragonite|Dragon Dance|p1a: Dragonite
|-boost|p1a: Dragonite|atk|1
|-boost|p1a: Dragonite|spe|1
|
|upkeep
|turn|3
|
|t:|1769309421
|move|p1a: Dragonite|Earthquake|p2a: Pecharunt
|-supereffective|p2a: Pecharunt
|-damage|p2a: Pecharunt|44/100
|move|p2a: Pecharunt|Malignant Chain|p1a: Dragonite
|-damage|p1a: Dragonite|83/100
|-status|p1a: Dragonite|tox
|-start|p1a: Dragonite|confusion|[from] ability: Poison Puppeteer|[of] p2a: Pecharunt
|
|-damage|p1a: Dragonite|77/100 tox|[from] psn
|upkeep
|turn|4
|
|t:|1769309434
|switch|p2a: Landorus|Landorus-Therian, M|100/100
|-ability|p2a: Landorus|Intimidate|boost
|-unboost|p1a: Dragonite|atk|1
|-activate|p1a: Dragonite|confusion
|move|p1a: Dragonite|Earthquake|p2a: Landorus
|-immune|p2a: Landorus
|
|-damage|p1a: Dragonite|65/100 tox|[from] psn
|upkeep
|turn|5
|
|t:|1769309439
|-end|p1a: Dragonite|confusion
|move|p1a: Dragonite|Ice Spinner|p2a: Landorus
|-supereffective|p2a: Landorus
|-damage|p2a: Landorus|0 fnt
|-damage|p1a: Dragonite|48/100 tox|[from] item: Rocky Helmet|[of] p2a: Landorus
|faint|p2a: Landorus
|
|-damage|p1a: Dragonite|30/100 tox|[from] psn
|upkeep
|
|t:|1769309445
|switch|p2a: Zarude|Zarude-Dada|100/100
|turn|6
|
|t:|1769309450
|move|p2a: Zarude|Knock Off|p1a: Dragonite
|-damage|p1a: Dragonite|0 fnt
|-enditem|p1a: Dragonite|Heavy-Duty Boots|[from] move: Knock Off|[of] p2a: Zarude
|faint|p1a: Dragonite
|
|upkeep
|
|t:|1769309453
|switch|p1a: Iron Valiant|Iron Valiant|100/100
|-enditem|p1a: Iron Valiant|Booster Energy
|-activate|p1a: Iron Valiant|ability: Quark Drive|[fromitem]
|-start|p1a: Iron Valiant|quarkdrivespe
|turn|7
|
|t:|1769309456
|switch|p2a: Alomomola|Alomomola, M|100/100
|move|p1a: Iron Valiant|Calm Mind|p1a: Iron Valiant
|-boost|p1a: Iron Valiant|spa|1
|-boost|p1a: Iron Valiant|spd|1
|
|upkeep
|turn|8
|
|t:|1769309462
|move|p1a: Iron Valiant|Calm Mind|p1a: Iron Valiant
|-boost|p1a: Iron Valiant|spa|1
|-boost|p1a: Iron Valiant|spd|1
|move|p2a: Alomomola|Mirror Coat||[still]
|-fail|p2a: Alomomola
|
|upkeep
|turn|9
|
|t:|1769309466
|move|p1a: Iron Valiant|Calm Mind|p1a: Iron Valiant
|-boost|p1a: Iron Valiant|spa|1
|-boost|p1a: Iron Valiant|spd|1
|move|p2a: Alomomola|Alluring Voice|p1a: Iron Valiant
|-supereffective|p1a: Iron Valiant
|-damage|p1a: Iron Valiant|85/100
|-start|p1a: Iron Valiant|confusion
|
|upkeep
|turn|10
|
|t:|1769309471
|-activate|p1a: Iron Valiant|confusion
|move|p1a: Iron Valiant|Moonblast|p2a: Alomomola
|-damage|p2a: Alomomola|41/100
|-unboost|p2a: Alomomola|spa|1
|move|p2a: Alomomola|Scald|p1a: Iron Valiant
|-damage|p1a: Iron Valiant|77/100
|
|upkeep
|turn|11
|
|t:|1769309479
|switch|p2a: Pecharunt|Pecharunt|44/100
|-activate|p1a: Iron Valiant|confusion
|move|p1a: Iron Valiant|Moonblast|p2a: Pecharunt
|-resisted|p2a: Pecharunt
|-damage|p2a: Pecharunt|0 fnt
|faint|p2a: Pecharunt
|
|upkeep
|
|t:|1769309481
|switch|p2a: Alomomola|Alomomola, M|75/100
|turn|12
|
|t:|1769309488
|-activate|p1a: Iron Valiant|confusion
|move|p1a: Iron Valiant|Knock Off|p2a: Alomomola
|-damage|p2a: Alomomola|52/100
|-enditem|p2a: Alomomola|Assault Vest|[from] move: Knock Off|[of] p1a: Iron Valiant
|move|p2a: Alomomola|Scald|p1a: Iron Valiant
|-damage|p1a: Iron Valiant|67/100
|-status|p1a: Iron Valiant|brn
|
|-damage|p1a: Iron Valiant|60/100 brn|[from] brn
|upkeep
|turn|13
|
|t:|1769309497
|-end|p1a: Iron Valiant|confusion
|move|p1a: Iron Valiant|Calm Mind|p1a: Iron Valiant
|-boost|p1a: Iron Valiant|spa|1
|-boost|p1a: Iron Valiant|spd|1
|move|p2a: Alomomola|Mirror Coat||[still]
|-fail|p2a: Alomomola
|
|-damage|p1a: Iron Valiant|54/100 brn|[from] brn
|upkeep
|turn|14
|
|t:|1769309508
|switch|p2a: Great Tusk|Great Tusk|100/100
|move|p1a: Iron Valiant|Moonblast|p2a: Great Tusk
|-supereffective|p2a: Great Tusk
|-damage|p2a: Great Tusk|0 fnt
|faint|p2a: Great Tusk
|-end|p2a: Great Tusk|Protosynthesis|[silent]
|
|-damage|p1a: Iron Valiant|48/100 brn|[from] brn
|upkeep
|
|t:|1769309516
|switch|p2a: Alomomola|Alomomola, M|85/100
|turn|15
|
|t:|1769309526
|move|p1a: Iron Valiant|Close Combat|p2a: Alomomola
|-damage|p2a: Alomomola|67/100
|-unboost|p1a: Iron Valiant|def|1
|-unboost|p1a: Iron Valiant|spd|1
|move|p2a: Alomomola|Mirror Coat||[still]
|-fail|p2a: Alomomola
|
|-damage|p1a: Iron Valiant|42/100 brn|[from] brn
|upkeep
|turn|16
|
|t:|1769309532
|move|p1a: Iron Valiant|Moonblast|p2a: Alomomola
|-damage|p2a: Alomomola|0 fnt
|faint|p2a: Alomomola
|
|-damage|p1a: Iron Valiant|35/100 brn|[from] brn
|upkeep
|
|t:|1769309534
|switch|p2a: Raging Bolt|Raging Bolt|100/100
|-item|p2a: Raging Bolt|Air Balloon
|turn|17
|
|t:|1769309544
|-terastallize|p2a: Raging Bolt|Bug
|move|p2a: Raging Bolt|Thunderclap|p1a: Iron Valiant
|-damage|p1a: Iron Valiant|4/100 brn
|move|p1a: Iron Valiant|Moonblast|p2a: Raging Bolt
|-damage|p2a: Raging Bolt|0 fnt
|-enditem|p2a: Raging Bolt|Air Balloon
|faint|p2a: Raging Bolt
|-end|p2a: Raging Bolt|Protosynthesis|[silent]
|
|-damage|p1a: Iron Valiant|0 fnt|[from] brn
|faint|p1a: Iron Valiant
|-end|p1a: Iron Valiant|Quark Drive|[silent]
|upkeep
|
|t:|1769309553
|switch|p1a: Darkrai|Darkrai|100/100
|switch|p2a: Zarude|Zarude-Dada|100/100
|turn|18
|
|t:|1769309555
|-terastallize|p1a: Darkrai|Poison
|move|p2a: Zarude|Power Whip|p1a: Darkrai
|-resisted|p1a: Darkrai
|-damage|p1a: Darkrai|59/100
|move|p1a: Darkrai|Sludge Bomb|p2a: Zarude
|-supereffective|p2a: Zarude
|-damage|p2a: Zarude|7/100
|
|-heal|p1a: Darkrai|65/100|[from] item: Leftovers
|upkeep
|turn|19
|
|t:|1769309563
|move|p2a: Zarude|Power Whip|p1a: Darkrai
|-resisted|p1a: Darkrai
|-damage|p1a: Darkrai|29/100
|move|p1a: Darkrai|Sludge Bomb|p2a: Zarude
|-supereffective|p2a: Zarude
|-damage|p2a: Zarude|0 fnt
|faint|p2a: Zarude
|
|win|slival
|raw|slival's rating: 1550 &rarr; <strong>1575</strong><br />(+25 for winning)
|raw|chibi tanjiro's rating: 1632 &rarr; <strong>1607</strong><br />(-25 for losing)
|l|☆chibi tanjiro
|player|p2|
|l|☆slival
|player|p1|
