|j|☆D3grad3 m3
|j|☆Invxrt69
|t:|1769323808
|gametype|singles
|player|p1|D3grad3 m3|preschoolerf|1199
|player|p2|Invxrt69|swimmer-gen4dp|1150
|gen|9
|tier|[Gen 9] OU
|rated|
|rule|HP Percentage Mod: HP is shown in percentages
|rule|Endless Battle Clause: Forcing endless battles is banned
|rule|Species Clause: Limit one of each Pokémon
|rule|OHKO Clause: OHKO moves are banned
|rule|Evasion Items Clause: Evasion items are banned
|rule|Evasion Moves Clause: Evasion moves are banned
|rule|Evasion Abilities Clause: Evasion abilities are banned
|rule|Sleep Moves Clause: Sleep-inducing moves are banned
|clearpoke
|poke|p1|Meowscarada, F|
|poke|p1|Zapdos|
|poke|p1|Keldeo-Resolute|
|poke|p1|Garganacl, M|
|poke|p1|Dragapult, M|
|poke|p1|Slowking-Galar, F|
|poke|p2|Garganacl, M|
|poke|p2|Kingambit, M|
|poke|p2|Toxapex, F|
|poke|p2|Corviknight, F|
|poke|p2|Iron Moth|
|poke|p2|Dragonite, M|
|teampreview
|inactive|Battle timer is ON: inactive players will automatically lose when time's up. (requested by D3grad3 m3)
|l|☆Invxrt69
|inactive|Invxrt69 disconnected and has a minute to reconnect!
|player|p2|
|j|☆Invxrt69
|inactive|Invxrt69 reconnected and has 145 seconds left.
|player|p2|Invxrt69|swimmer-gen4dp|
|
|t:|1769323818
|teamsize|p1|6
|teamsize|p2|6
|start
|switch|p1a: stargazing|Keldeo-Resolute|100/100
|switch|p2a: Garganacl|Garganacl, M|100/100
|turn|1
|
|t:|1769323833
|move|p1a: stargazing|Calm Mind|p1a: stargazing
|-boost|p1a: stargazing|spa|1
|-boost|p1a: stargazing|spd|1
|move|p2a: Garganacl|Salt Cure|p1a: stargazing
|-resisted|p1a: stargazing
|-damage|p1a: stargazing|93/100
|-start|p1a: stargazing|Salt Cure
|
|-damage|p1a: stargazing|68/100|[from] Salt Cure
|upkeep
|turn|2
|
|t:|1769323838
|move|p2a: Garganacl|Protect|p2a: Garganacl
|-singleturn|p2a: Garganacl|Protect
|move|p1a: stargazing|Surf|p2a: Garganacl
|-activate|p2a: Garganacl|move: Protect
|
|-damage|p1a: stargazing|44/100|[from] Salt Cure
|upkeep
|turn|3
|
|t:|1769323843
|move|p1a: stargazing|Surf|p2a: Garganacl
|-supereffective|p2a: Garganacl
|-damage|p2a: Garganacl|1/100
|move|p2a: Garganacl|Recover|p2a: Garganacl
|-heal|p2a: Garganacl|51/100
|
|-heal|p2a: Garganacl|57/100|[from] item: Leftovers
|-damage|p1a: stargazing|19/100|[from] Salt Cure
|upkeep
|turn|4
|j| Galactic Exodus
|
|t:|1769323848
|switch|p1a: STARLIGHT|Dragapult, M|100/100
|move|p2a: Garganacl|Protect||[still]
|-fail|p2a: Garganacl
|
|-heal|p2a: Garganacl|63/100|[from] item: Leftovers
|upkeep
|turn|5
|
|t:|1769323853
|move|p1a: STARLIGHT|U-turn|p2a: Garganacl
|-damage|p2a: Garganacl|39/100
|
|t:|1769323855
|switch|p1a: stargazing|Keldeo-Resolute|19/100|[from] U-turn
|move|p2a: Garganacl|Salt Cure|p1a: stargazing
|-resisted|p1a: stargazing
|-damage|p1a: stargazing|10/100
|-start|p1a: stargazing|Salt Cure
|
|-heal|p2a: Garganacl|45/100|[from] item: Leftovers
|-damage|p1a: stargazing|0 fnt|[from] Salt Cure
|faint|p1a: stargazing
|upkeep
|
|t:|1769323857
|switch|p1a: Meowthsynth|Meowscarada, F|100/100
|turn|6
|l| Galactic Exodus
|
|t:|1769323868
|move|p1a: Meowthsynth|Knock Off|p2a: Garganacl
|-start|p1a: Meowthsynth|typechange|Dark|[from] ability: Protean
|-damage|p2a: Garganacl|0 fnt
|-enditem|p2a: Garganacl|Leftovers|[from] move: Knock Off|[of] p1a: Meowthsynth
|faint|p2a: Garganacl
|
|upkeep
|
|t:|1769323876
|switch|p2a: Toxapex|Toxapex, F|100/100
|turn|7
|
|t:|1769323885
|switch|p1a: Another End|Slowking-Galar, F|100/100
|move|p2a: Toxapex|Toxic|p1a: Another End
|-immune|p1a: Another End
|
|upkeep
|turn|8
|
|t:|1769323893
|switch|p2a: Kingambit|Kingambit, M|100/100
|-activate|p2a: Kingambit|ability: Supreme Overlord
|-start|p2a: Kingambit|fallen1|[silent]
|move|p1a: Another End|Thunder Wave|p2a: Kingambit
|-status|p2a: Kingambit|par
|
|upkeep
|turn|9
|
|t:|1769323898
|cant|p2a: Kingambit|par
|-prepare|p1a: Another End|Chilly Reception|[premajor]
|move|p1a: Another End|Chilly Reception|p1a: Another End
|-weather|Snowscape
|
|t:|1769323900
|switch|p1a: Two Ballades|Zapdos|100/100|[from] Chilly Reception
|
|-weather|Snowscape|[upkeep]
|upkeep
|turn|10
|
|t:|1769323904
|move|p1a: Two Ballades|Volt Switch|p2a: Kingambit
|-damage|p2a: Kingambit|74/100 par
|
|t:|1769323906
|switch|p1a: Clarity|Garganacl, M|100/100|[from] Volt Switch
|move|p2a: Kingambit|Swords Dance|p2a: Kingambit
|-boost|p2a: Kingambit|atk|2
|
|-weather|Snowscape|[upkeep]
|upkeep
|turn|11
|
|t:|1769323911
|move|p1a: Clarity|Salt Cure|p2a: Kingambit
|-resisted|p2a: Kingambit
|-damage|p2a: Kingambit|69/100 par
|-start|p2a: Kingambit|Salt Cure
|cant|p2a: Kingambit|par
|
|-weather|Snowscape|[upkeep]
|-damage|p2a: Kingambit|44/100 par|[from] Salt Cure
|upkeep
|turn|12
|
|t:|1769323917
|move|p1a: Clarity|Protect|p1a: Clarity
|-singleturn|p1a: Clarity|Protect
|move|p2a: Kingambit|Kowtow Cleave|p1a: Clarity
|-activate|p1a: Clarity|move: Protect
|
|-weather|Snowscape|[upkeep]
|-damage|p2a: Kingambit|19/100 par|[from] Salt Cure
|upkeep
|turn|13
|
|t:|1769323924
|move|p1a: Clarity|Recover||[still]
|-fail|p1a: Clarity|heal
|move|p2a: Kingambit|Kowtow Cleave|p1a: Clarity
|-damage|p1a: Clarity|19/100
|
|-weather|none
|-heal|p1a: Clarity|25/100|[from] item: Leftovers
|-damage|p2a: Kingambit|0 fnt|[from] Salt Cure
|faint|p2a: Kingambit
|-end|p2a: Kingambit|fallen1|[silent]
|upkeep
|
|t:|1769323932
|switch|p2a: Dragonite|Dragonite, M|100/100
|turn|14
|
|t:|1769323938
|move|p2a: Dragonite|Extreme Speed|p1a: Clarity
|-resisted|p1a: Clarity
|-damage|p1a: Clarity|14/100
|move|p1a: Clarity|Salt Cure|p2a: Dragonite
|-supereffective|p2a: Dragonite
|-damage|p2a: Dragonite|85/100
|-start|p2a: Dragonite|Salt Cure
|
|-heal|p1a: Clarity|20/100|[from] item: Leftovers
|-damage|p2a: Dragonite|73/100|[from] Salt Cure
|upkeep
|turn|15
|
|t:|1769323943
|move|p1a: Clarity|Protect|p1a: Clarity
|-singleturn|p1a: Clarity|Protect
|move|p2a: Dragonite|Dragon Dance|p2a: Dragonite
|-boost|p2a: Dragonite|atk|1
|-boost|p2a: Dragonite|spe|1
|
|-heal|p1a: Clarity|26/100|[from] item: Leftovers
|-damage|p2a: Dragonite|61/100|[from] Salt Cure
|upkeep
|turn|16
|
|t:|1769323947
|move|p2a: Dragonite|Earthquake|p1a: Clarity
|-supereffective|p1a: Clarity
|-damage|p1a: Clarity|0 fnt
|faint|p1a: Clarity
|
|-damage|p2a: Dragonite|48/100|[from] Salt Cure
|upkeep
|
|t:|1769323954
|switch|p1a: STARLIGHT|Dragapult, M|100/100
|turn|17
|
|t:|1769323958
|switch|p2a: Toxapex|Toxapex, F|100/100
|move|p1a: STARLIGHT|Dragon Darts|p2a: Toxapex
|-damage|p2a: Toxapex|77/100
|-anim|p1a: STARLIGHT|Dragon Darts|p2a: Toxapex
|-damage|p2a: Toxapex|56/100
|
|-heal|p2a: Toxapex|63/100|[from] item: Black Sludge
|upkeep
|turn|18
|
|t:|1769323962
|switch|p1a: Another End|Slowking-Galar, F|100/100
|move|p2a: Toxapex|Toxic|p1a: Another End
|-immune|p1a: Another End
|
|-heal|p2a: Toxapex|69/100|[from] item: Black Sludge
|upkeep
|turn|19
|
|t:|1769323972
|switch|p2a: Corviknight|Corviknight, F|100/100
|-ability|p2a: Corviknight|Pressure
|move|p1a: Another End|Future Sight|p2a: Corviknight
|-start|p1a: Another End|move: Future Sight
|
|upkeep
|turn|20
|
|t:|1769323975
|move|p2a: Corviknight|Brave Bird|p1a: Another End
|-damage|p1a: Another End|61/100
|-damage|p2a: Corviknight|88/100|[from] Recoil
|move|p1a: Another End|Thunder Wave|p2a: Corviknight
|-status|p2a: Corviknight|par
|
|-heal|p2a: Corviknight|94/100 par|[from] item: Leftovers
|upkeep
|turn|21
|
|t:|1769323980
|move|p2a: Corviknight|Brave Bird|p1a: Another End
|-damage|p1a: Another End|26/100
|-damage|p2a: Corviknight|83/100 par|[from] Recoil
|-prepare|p1a: Another End|Chilly Reception|[premajor]
|move|p1a: Another End|Chilly Reception|p1a: Another End
|-weather|Snowscape
|l|☆Invxrt69
|inactive|Invxrt69 disconnected and has a minute to reconnect!
|player|p2|
|
|t:|1769323986
|switch|p1a: Two Ballades|Zapdos|100/100|[from] Chilly Reception
|
|-weather|Snowscape|[upkeep]
|-end|p2a: Corviknight|move: Future Sight
|-resisted|p2a: Corviknight
|-damage|p2a: Corviknight|62/100 par
|-heal|p2a: Corviknight|68/100 par|[from] item: Leftovers
|upkeep
|turn|22
|j|☆Invxrt69
|inactive|Invxrt69 reconnected and has 140 seconds left.
|player|p2|Invxrt69|swimmer-gen4dp|
|
|t:|1769323998
|move|p1a: Two Ballades|Volt Switch|p2a: Corviknight
|-supereffective|p2a: Corviknight
|-damage|p2a: Corviknight|17/100 par
|
|t:|1769324002
|switch|p1a: Another End|Slowking-Galar, F|60/100|[from] Volt Switch
|move|p2a: Corviknight|Brave Bird|p1a: Another End
|-damage|p1a: Another End|19/100
|-damage|p2a: Corviknight|4/100 par|[from] Recoil
|
|-weather|Snowscape|[upkeep]
|-heal|p2a: Corviknight|10/100 par|[from] item: Leftovers
|upkeep
|turn|23
|
|t:|1769324005
|move|p2a: Corviknight|Brave Bird|p1a: Another End
|-damage|p1a: Another End|0 fnt
|faint|p1a: Another End
|-damage|p2a: Corviknight|4/100 par|[from] Recoil
|
|-weather|Snowscape|[upkeep]
|-heal|p2a: Corviknight|10/100 par|[from] item: Leftovers
|upkeep
|
|t:|1769324020
|switch|p1a: Meowthsynth|Meowscarada, F|100/100
|turn|24
|
|t:|1769324026
|move|p1a: Meowthsynth|Knock Off|p2a: Corviknight
|-start|p1a: Meowthsynth|typechange|Dark|[from] ability: Protean
|-damage|p2a: Corviknight|0 fnt
|-enditem|p2a: Corviknight|Leftovers|[from] move: Knock Off|[of] p1a: Meowthsynth
|faint|p2a: Corviknight
|
|-weather|Snowscape|[upkeep]
|upkeep
|
|t:|1769324032
|switch|p2a: Iron Moth|Iron Moth|100/100
|turn|25
|
|t:|1769324047
|move|p1a: Meowthsynth|Knock Off|p2a: Iron Moth
|-damage|p2a: Iron Moth|0 fnt
|-enditem|p2a: Iron Moth|Heavy-Duty Boots|[from] move: Knock Off|[of] p1a: Meowthsynth
|faint|p2a: Iron Moth
|-end|p2a: Iron Moth|Quark Drive|[silent]
|
|-weather|none
|upkeep
|
|t:|1769324052
|switch|p2a: Toxapex|Toxapex, F|100/100
|turn|26
|
|t:|1769324056
|move|p1a: Meowthsynth|Knock Off|p2a: Toxapex
|-damage|p2a: Toxapex|59/100
|-enditem|p2a: Toxapex|Black Sludge|[from] move: Knock Off|[of] p1a: Meowthsynth
|move|p2a: Toxapex|Toxic|p1a: Meowthsynth
|-status|p1a: Meowthsynth|tox
|
|-damage|p1a: Meowthsynth|94/100 tox|[from] psn
|upkeep
|turn|27
|
|t:|1769324060
|switch|p1a: Two Ballades|Zapdos|100/100
|move|p2a: Toxapex|Recover|p2a: Toxapex
|-heal|p2a: Toxapex|100/100
|
|upkeep
|turn|28
|
|t:|1769324064
|switch|p2a: Dragonite|Dragonite, M|48/100
|move|p1a: Two Ballades|Thunder Wave|p2a: Dragonite|[miss]
|-miss|p1a: Two Ballades|p2a: Dragonite
|
|upkeep
|turn|29
|
|t:|1769324068
|move|p2a: Dragonite|Dragon Dance|p2a: Dragonite
|-boost|p2a: Dragonite|atk|1
|-boost|p2a: Dragonite|spe|1
|move|p1a: Two Ballades|Hurricane|p2a: Dragonite|[miss]
|-miss|p1a: Two Ballades|p2a: Dragonite
|
|upkeep
|turn|30
|
|t:|1769324070
|move|p2a: Dragonite|Dragon Dance|p2a: Dragonite
|-boost|p2a: Dragonite|atk|1
|-boost|p2a: Dragonite|spe|1
|move|p1a: Two Ballades|Hurricane|p2a: Dragonite
|-crit|p2a: Dragonite
|-damage|p2a: Dragonite|0 fnt
|faint|p2a: Dragonite
|
|upkeep
|
|t:|1769324072
|switch|p2a: Toxapex|Toxapex, F|100/100
|turn|31
|
|t:|1769324075
|move|p1a: Two Ballades|Thunder Wave|p2a: Toxapex
|-status|p2a: Toxapex|par
|move|p2a: Toxapex|Toxic|p1a: Two Ballades
|-status|p1a: Two Ballades|tox
|
|-damage|p1a: Two Ballades|94/100 tox|[from] psn
|upkeep
|turn|32
|
|t:|1769324080
|move|p2a: Toxapex|Protect|p2a: Toxapex
|-singleturn|p2a: Toxapex|Protect
|move|p1a: Two Ballades|Hurricane|p2a: Toxapex
|-activate|p2a: Toxapex|move: Protect
|
|-damage|p1a: Two Ballades|82/100 tox|[from] psn
|upkeep
|turn|33
|
|t:|1769324086
|move|p1a: Two Ballades|Hurricane|p2a: Toxapex|[miss]
|-miss|p1a: Two Ballades|p2a: Toxapex
|move|p2a: Toxapex|Recover||[still]
|-fail|p2a: Toxapex|heal
|
|-damage|p1a: Two Ballades|64/100 tox|[from] psn
|upkeep
|turn|34
|
|t:|1769324091
|cant|p2a: Toxapex|par
|move|p1a: Two Ballades|Volt Switch|p2a: Toxapex
|-supereffective|p2a: Toxapex
|-damage|p2a: Toxapex|54/100 par
|
|t:|1769324093
|switch|p1a: Meowthsynth|Meowscarada, F|94/100 tox|[from] Volt Switch
|
|-damage|p1a: Meowthsynth|88/100 tox|[from] psn
|upkeep
|turn|35
|
|t:|1769324096
|-terastallize|p1a: Meowthsynth|Grass
|move|p2a: Toxapex|Protect|p2a: Toxapex
|-singleturn|p2a: Toxapex|Protect
|move|p1a: Meowthsynth|Flower Trick|p2a: Toxapex
|-activate|p2a: Toxapex|move: Protect
|
|-damage|p1a: Meowthsynth|76/100 tox|[from] psn
|upkeep
|turn|36
|
|t:|1769324102
|move|p1a: Meowthsynth|Flower Trick|p2a: Toxapex
|-crit|p2a: Toxapex
|-damage|p2a: Toxapex|0 fnt
|faint|p2a: Toxapex
|
|win|D3grad3 m3
|raw|D3grad3 m3's rating: 1199 &rarr; <strong>1220</strong><br />(+21 for winning)
|raw|Invxrt69's rating: 1150 &rarr; <strong>1129</strong><br />(-21 for losing)
|c|☆D3grad3 m3|gg
|l|☆Invxrt69
|player|p2|
