|j|☆abGodc
|j|☆rblt ryo
|t:|1769366179
|gametype|singles
|player|p1|abGodc|iris-gen5bw2|1688
|player|p2|rblt ryo|dawn|1774
|gen|9
|tier|[Gen 9] OU
|rated|
|rule|HP Percentage Mod: HP is shown in percentages
|rule|Endless Battle Clause: Forcing endless battles is banned
|rule|Species Clause: Limit one of each Pokémon
|rule|OHKO Clause: OHKO moves are banned
|rule|Evasion Items Clause: Evasion items are banned
|rule|Evasion Moves Clause: Evasion moves are banned
|rule|Evasion Abilities Clause: Evasion abilities are banned
|rule|Sleep Moves Clause: Sleep-inducing moves are banned
|clearpoke
|poke|p1|Raging Bolt|
|poke|p1|Iron Treads|
|poke|p1|Ting-Lu|
|poke|p1|Gholdengo|
|poke|p1|Zamazenta-*|
|poke|p1|Tornadus-Therian, M|
|poke|p2|Metagross|
|poke|p2|Keldeo-Resolute|
|poke|p2|Ting-Lu|
|poke|p2|Pecharunt|
|poke|p2|Dragapult, F|
|poke|p2|Zapdos|
|teampreview
|inactive|Battle timer is ON: inactive players will automatically lose when time's up. (requested by abGodc)
|
|t:|1769366204
|teamsize|p1|6
|teamsize|p2|6
|start
|switch|p1a: Ting-Lu|Ting-Lu|100/100
|switch|p2a: Keldeo|Keldeo-Resolute, shiny|100/100
|-ability|p1a: Ting-Lu|Vessel of Ruin
|turn|1
|
|t:|1769366216
|-terastallize|p2a: Keldeo|Water
|move|p2a: Keldeo|Surf|p1a: Ting-Lu
|-supereffective|p1a: Ting-Lu
|-damage|p1a: Ting-Lu|0 fnt
|faint|p1a: Ting-Lu
|
|upkeep
|
|t:|1769366221
|switch|p1a: Raging Bolt|Raging Bolt|100/100
|-enditem|p1a: Raging Bolt|Booster Energy
|-activate|p1a: Raging Bolt|ability: Protosynthesis|[fromitem]
|-start|p1a: Raging Bolt|protosynthesisspa
|turn|2
|
|t:|1769366232
|switch|p2a: Metagross|Metagross, shiny|100/100
|move|p1a: Raging Bolt|Calm Mind|p1a: Raging Bolt
|-boost|p1a: Raging Bolt|spa|1
|-boost|p1a: Raging Bolt|spd|1
|
|upkeep
|turn|3
|
|t:|1769366240
|move|p1a: Raging Bolt|Thunderbolt|p2a: Metagross
|-damage|p2a: Metagross|33/100
|move|p2a: Metagross|Zen Headbutt|p1a: Raging Bolt
|-crit|p1a: Raging Bolt
|-damage|p1a: Raging Bolt|46/100
|
|upkeep
|turn|4
|
|t:|1769366250
|move|p2a: Metagross|Bullet Punch|p1a: Raging Bolt
|-resisted|p1a: Raging Bolt
|-damage|p1a: Raging Bolt|36/100
|move|p1a: Raging Bolt|Dragon Pulse|p2a: Metagross
|-resisted|p2a: Metagross
|-damage|p2a: Metagross|2/100
|
|upkeep
|turn|5
|
|t:|1769366257
|move|p1a: Raging Bolt|Thunderclap|p2a: Metagross
|-damage|p2a: Metagross|0 fnt
|faint|p2a: Metagross
|
|upkeep
|
|t:|1769366271
|switch|p2a: Ting-Lu|Ting-Lu|100/100
|-ability|p2a: Ting-Lu|Vessel of Ruin
|turn|6
|
|t:|1769366274
|move|p1a: Raging Bolt|Dragon Pulse|p2a: Ting-Lu
|-damage|p2a: Ting-Lu|62/100
|move|p2a: Ting-Lu|Earthquake|p1a: Raging Bolt
|-supereffective|p1a: Raging Bolt
|-damage|p1a: Raging Bolt|0 fnt
|faint|p1a: Raging Bolt
|-end|p1a: Raging Bolt|Protosynthesis|[silent]
|
|-heal|p2a: Ting-Lu|68/100|[from] item: Leftovers
|upkeep
|
|t:|1769366284
|switch|p1a: Tornadus|Tornadus-Therian, M|100/100
|turn|7
|
|t:|1769366309
|move|p1a: Tornadus|Nasty Plot|p1a: Tornadus
|-boost|p1a: Tornadus|spa|2
|move|p2a: Ting-Lu|Ruination|p1a: Tornadus
|-damage|p1a: Tornadus|51/100
|
|-heal|p2a: Ting-Lu|74/100|[from] item: Leftovers
|upkeep
|turn|8
|inactive|rblt ryo has 120 seconds left.
|
|t:|1769366331
|switch|p2a: Dragapult|Dragapult, F|100/100
|move|p1a: Tornadus|Focus Blast|p2a: Dragapult
|-immune|p2a: Dragapult
|
|upkeep
|turn|9
|
|t:|1769366338
|switch|p1a: Iron Treads|Iron Treads|100/100
|-enditem|p1a: Iron Treads|Booster Energy
|-activate|p1a: Iron Treads|ability: Quark Drive|[fromitem]
|-start|p1a: Iron Treads|quarkdrivespe
|move|p2a: Dragapult|Draco Meteor|p1a: Iron Treads
|-resisted|p1a: Iron Treads
|-damage|p1a: Iron Treads|61/100
|-unboost|p2a: Dragapult|spa|2
|
|upkeep
|turn|10
|
|t:|1769366345
|switch|p2a: Ting-Lu|Ting-Lu|74/100
|-ability|p2a: Ting-Lu|Vessel of Ruin
|-end|p1a: Iron Treads|Quark Drive|[silent]
|switch|p1a: Tornadus|Tornadus-Therian, M|84/100
|
|-heal|p2a: Ting-Lu|80/100|[from] item: Leftovers
|upkeep
|turn|11
|
|t:|1769366356
|move|p1a: Tornadus|Nasty Plot|p1a: Tornadus
|-boost|p1a: Tornadus|spa|2
|move|p2a: Ting-Lu|Stealth Rock|p1a: Tornadus
|-sidestart|p1: abGodc|move: Stealth Rock
|
|-heal|p2a: Ting-Lu|87/100|[from] item: Leftovers
|upkeep
|turn|12
|
|t:|1769366360
|move|p1a: Tornadus|Focus Blast|p2a: Ting-Lu|[miss]
|-miss|p1a: Tornadus|p2a: Ting-Lu
|move|p2a: Ting-Lu|Whirlwind|p1a: Tornadus
|drag|p1a: Zamazenta|Zamazenta|100/100
|-damage|p1a: Zamazenta|94/100|[from] Stealth Rock
|-ability|p1a: Zamazenta|Dauntless Shield|boost
|-boost|p1a: Zamazenta|def|1
|
|-heal|p1a: Zamazenta|100/100|[from] item: Leftovers
|-heal|p2a: Ting-Lu|93/100|[from] item: Leftovers
|upkeep
|turn|13
|
|t:|1769366366
|switch|p2a: Pecharunt|Pecharunt|100/100
|move|p1a: Zamazenta|Roar|p2a: Pecharunt
|drag|p2a: Keldeo|Keldeo-Resolute, shiny, tera:Water|100/100
|
|upkeep
|turn|14
|
|t:|1769366380
|switch|p2a: Pecharunt|Pecharunt|100/100
|move|p1a: Zamazenta|Body Press|p2a: Pecharunt
|-immune|p2a: Pecharunt
|
|upkeep
|turn|15
|-message|abGodc forfeited.
|
|win|rblt ryo
|raw|abGodc's rating: 1688 &rarr; <strong>1673</strong><br />(-15 for losing)
|raw|rblt ryo's rating: 1774 &rarr; <strong>1789</strong><br />(+15 for winning)
|l|☆abGodc
|player|p1|
