|j|☆ZaWarudo123
|j|☆YumeKasumi76
|t:|1769426919
|gametype|singles
|player|p1|ZaWarudo123|101|1168
|player|p2|YumeKasumi76|266|1157
|gen|9
|tier|[Gen 9] OU
|rated|
|rule|HP Percentage Mod: HP is shown in percentages
|rule|Endless Battle Clause: Forcing endless battles is banned
|rule|Species Clause: Limit one of each Pokémon
|rule|OHKO Clause: OHKO moves are banned
|rule|Evasion Items Clause: Evasion items are banned
|rule|Evasion Moves Clause: Evasion moves are banned
|rule|Evasion Abilities Clause: Evasion abilities are banned
|rule|Sleep Moves Clause: Sleep-inducing moves are banned
|clearpoke
|poke|p1|Alomomola, M|
|poke|p1|Blissey, F|
|poke|p1|Garganacl, M|
|poke|p1|Slowking-Galar, F|
|poke|p1|Gliscor, F|
|poke|p1|Weezing-Galar, M|
|poke|p2|Dragapult, M|
|poke|p2|Bisharp, F|
|poke|p2|Glimmora, F|
|poke|p2|Entei|
|poke|p2|Veluza, F|
|poke|p2|Braviary-Hisui, M|
|teampreview
|inactive|Battle timer is ON: inactive players will automatically lose when time's up. (requested by YumeKasumi76)
|
|t:|1769426936
|teamsize|p1|6
|teamsize|p2|6
|start
|switch|p1a: Forgive Me|Gliscor, F|100/100
|switch|p2a: Hikari|Glimmora, F|100/100
|turn|1
|
|t:|1769426955
|switch|p1a: So Sorry|Blissey, F|100/100
|move|p2a: Hikari|Mortal Spin|p1a: So Sorry
|-damage|p1a: So Sorry|88/100
|-status|p1a: So Sorry|psn
|
|-damage|p1a: So Sorry|75/100 psn|[from] psn
|upkeep
|turn|2
|
|t:|1769426970
|switch|p2a: Bellator|Bisharp, F, shiny|100/100
|-curestatus|p1a: So Sorry|psn|[from] ability: Natural Cure
|switch|p1a: My Bad|Weezing-Galar, M|100/100
|-ability|p1a: My Bad|Neutralizing Gas
|-item|p1a: My Bad|Air Balloon
|
|upkeep
|turn|3
|
|t:|1769426977
|switch|p2a: Hikari|Glimmora, F|100/100
|move|p1a: My Bad|Flamethrower|p2a: Hikari
|-resisted|p2a: Hikari
|-damage|p2a: Hikari|87/100
|-status|p2a: Hikari|brn
|
|-damage|p2a: Hikari|81/100 brn|[from] brn
|upkeep
|turn|4
|
|t:|1769426984
|-end|p1a: My Bad|ability: Neutralizing Gas
|switch|p1a: So Sorry|Blissey, F|75/100
|move|p2a: Hikari|Mortal Spin|p1a: So Sorry
|-damage|p1a: So Sorry|70/100
|-status|p1a: So Sorry|psn
|
|-damage|p1a: So Sorry|57/100 psn|[from] psn
|-damage|p2a: Hikari|75/100 brn|[from] brn
|upkeep
|turn|5
|
|t:|1769426990
|switch|p2a: Bellator|Bisharp, F, shiny|100/100
|move|p1a: So Sorry|Soft-Boiled|p1a: So Sorry
|-heal|p1a: So Sorry|100/100 psn
|
|-damage|p1a: So Sorry|88/100 psn|[from] psn
|upkeep
|turn|6
|
|t:|1769426997
|-curestatus|p1a: So Sorry|psn|[from] ability: Natural Cure
|switch|p1a: Sorry|Alomomola, M|100/100
|move|p2a: Bellator|Stealth Rock|p1a: Sorry
|-sidestart|p1: ZaWarudo123|move: Stealth Rock
|
|upkeep
|turn|7
|
|t:|1769427006
|move|p2a: Bellator|Swords Dance|p2a: Bellator
|-boost|p2a: Bellator|atk|2
|move|p1a: Sorry|Wish|p1a: Sorry
|
|upkeep
|turn|8
|
|t:|1769427010
|move|p2a: Bellator|Swords Dance|p2a: Bellator
|-boost|p2a: Bellator|atk|2
|move|p1a: Sorry|Flip Turn|p2a: Bellator
|-damage|p2a: Bellator|88/100
|
|t:|1769427012
|switch|p1a: Forgive Me|Gliscor, F|100/100|[from] Flip Turn
|-damage|p1a: Forgive Me|88/100|[from] Stealth Rock
|
|-heal|p1a: Forgive Me|100/100|[from] move: Wish|[wisher] Sorry
|-status|p1a: Forgive Me|tox|[from] item: Toxic Orb
|upkeep
|turn|9
|
|t:|1769427020
|-terastallize|p1a: Forgive Me|Fairy
|move|p2a: Bellator|Iron Head|p1a: Forgive Me
|-supereffective|p1a: Forgive Me
|-damage|p1a: Forgive Me|0 fnt
|faint|p1a: Forgive Me
|
|upkeep
|c|☆YumeKasumi76|Lmao what
|c|☆ZaWarudo123|whoops
|c|☆ZaWarudo123|assumed like
|c|☆ZaWarudo123|sucker punch
|c|☆ZaWarudo123|erm
|c|☆ZaWarudo123|now i have no counterplay
|inactive|ZaWarudo123 has 120 seconds left.
|c|☆ZaWarudo123|steel types with rampup are my weakness
|c|☆YumeKasumi76|Who the fuck sucker punches when full hp bulk invested bisharp
|c|☆YumeKasumi76|at plus 4
|inactive|ZaWarudo123 has 90 seconds left.
|c|☆YumeKasumi76|I mean I know this is low ladder but damn son
|c|☆ZaWarudo123|idk
|c|☆ZaWarudo123|you?
|
|t:|1769427099
|switch|p1a: Really Sorry|Garganacl, M|100/100
|-damage|p1a: Really Sorry|88/100|[from] Stealth Rock
|-item|p1a: Really Sorry|Air Balloon
|turn|10
|
|t:|1769427105
|move|p2a: Bellator|Iron Head|p1a: Really Sorry
|-supereffective|p1a: Really Sorry
|-damage|p1a: Really Sorry|0 fnt
|-enditem|p1a: Really Sorry|Air Balloon
|faint|p1a: Really Sorry
|
|upkeep
|
|t:|1769427110
|switch|p1a: Sorry|Alomomola, M|100/100
|turn|11
|
|t:|1769427113
|move|p2a: Bellator|Swords Dance|p2a: Bellator
|-boost|p2a: Bellator|atk|2
|move|p1a: Sorry|Flip Turn|p2a: Bellator
|-damage|p2a: Bellator|78/100
|
|t:|1769427117
|switch|p1a: My Bad|Weezing-Galar, M|100/100|[from] Flip Turn
|-ability|p1a: My Bad|Neutralizing Gas
|-damage|p1a: My Bad|88/100|[from] Stealth Rock
|-item|p1a: My Bad|Air Balloon
|
|upkeep
|turn|12
|
|t:|1769427120
|move|p2a: Bellator|Iron Head|p1a: My Bad
|-supereffective|p1a: My Bad
|-damage|p1a: My Bad|0 fnt
|-enditem|p1a: My Bad|Air Balloon
|faint|p1a: My Bad
|-end|p1a: My Bad|ability: Neutralizing Gas
|
|upkeep
|
|t:|1769427141
|switch|p1a: Apologies|Slowking-Galar, F|100/100
|turn|13
|
|t:|1769427145
|move|p2a: Bellator|Iron Head|p1a: Apologies
|-damage|p1a: Apologies|0 fnt
|faint|p1a: Apologies
|
|upkeep
|
|t:|1769427148
|switch|p1a: Sorry|Alomomola, M|100/100
|turn|14
|
|t:|1769427154
|move|p2a: Bellator|Iron Head|p1a: Sorry
|-resisted|p1a: Sorry
|-damage|p1a: Sorry|48/100
|move|p1a: Sorry|Flip Turn|p2a: Bellator
|-damage|p2a: Bellator|67/100
|
|t:|1769427156
|switch|p1a: So Sorry|Blissey, F|88/100|[from] Flip Turn
|
|upkeep
|turn|15
|
|t:|1769427159
|switch|p1a: Sorry|Alomomola, M|81/100
|move|p2a: Bellator|Iron Head|p1a: Sorry
|-resisted|p1a: Sorry
|-damage|p1a: Sorry|27/100
|
|upkeep
|turn|16
|
|t:|1769427163
|switch|p1a: So Sorry|Blissey, F|88/100
|move|p2a: Bellator|Iron Head|p1a: So Sorry
|-damage|p1a: So Sorry|0 fnt
|faint|p1a: So Sorry
|
|upkeep
|
|t:|1769427166
|switch|p1a: Sorry|Alomomola, M|61/100
|turn|17
|inactive|ZaWarudo123 has 120 seconds left.
|inactive|ZaWarudo123 has 90 seconds left.
|inactive|ZaWarudo123 has 60 seconds left.
|
|t:|1769427274
|switch|p2a: Railgun|Dragapult, M|100/100
|move|p1a: Sorry|Protect||[still]
|-fail|p1a: Sorry
|
|upkeep
|turn|18
|
|t:|1769427290
|move|p2a: Railgun|Curse|p1a: Sorry
|-start|p1a: Sorry|Curse|[of] p2a: Railgun
|-damage|p2a: Railgun|51/100
|move|p1a: Sorry|Wish|p1a: Sorry
|
|-damage|p1a: Sorry|36/100|[from] Curse
|upkeep
|turn|19
|c|☆ZaWarudo123|you're cruel aren't you
|c|☆YumeKasumi76|you could have just forfeited
|
|t:|1769427305
|switch|p2a: Riamare|Veluza, F, shiny|100/100
|move|p1a: Sorry|Protect||[still]
|-fail|p1a: Sorry
|
|-heal|p1a: Sorry|86/100|[from] move: Wish|[wisher] Sorry
|-damage|p1a: Sorry|61/100|[from] Curse
|upkeep
|turn|20
|c|☆YumeKasumi76|besides, no mercy for stall
|
|t:|1769427316
|move|p1a: Sorry|Protect|p1a: Sorry
|-singleturn|p1a: Sorry|Protect
|move|p2a: Riamare|Fillet Away|p2a: Riamare
|-boost|p2a: Riamare|atk|2
|-boost|p2a: Riamare|spa|2
|-boost|p2a: Riamare|spe|2
|-damage|p2a: Riamare|50/100
|-enditem|p2a: Riamare|Sitrus Berry|[eat]
|-heal|p2a: Riamare|75/100|[from] item: Sitrus Berry
|
|-damage|p1a: Sorry|36/100|[from] Curse
|upkeep
|turn|21
|inactive|ZaWarudo123 has 60 seconds left.
|c|☆ZaWarudo123|I say sorry
|c|☆ZaWarudo123|a lot
|c|☆ZaWarudo123|it's not like your team is a shining ray of nice mons
|inactive|ZaWarudo123 has 30 seconds left.
|c|☆ZaWarudo123|you use glimmora and dragapult
|
|t:|1769427358
|move|p1a: Sorry|Protect|p1a: Sorry
|-singleturn|p1a: Sorry|Protect
|move|p2a: Riamare|Stored Power|p1a: Sorry
|-activate|p1a: Sorry|move: Protect
|
|-damage|p1a: Sorry|11/100|[from] Curse
|upkeep
|turn|22
|inactive|ZaWarudo123 has 30 seconds left.
|c|☆ZaWarudo123|i don't like you
|inactive|ZaWarudo123 has 20 seconds left.
|c|☆ZaWarudo123|just know that
|
|t:|1769427377
|move|p2a: Riamare|Stored Power|p1a: Sorry
|-damage|p1a: Sorry|0 fnt
|faint|p1a: Sorry
|
|win|YumeKasumi76
