|j|‽testingolem
|j|☆pzz123456
|t:|1769323415
|gametype|singles
|player|p1|testingolem|scientist-gen4dp|1391
|player|p2|pzz123456|linebacker|1380
|gen|9
|tier|[Gen 9] OU
|rated|
|rule|HP Percentage Mod: HP is shown in percentages
|rule|Endless Battle Clause: Forcing endless battles is banned
|rule|Species Clause: Limit one of each Pokémon
|rule|OHKO Clause: OHKO moves are banned
|rule|Evasion Items Clause: Evasion items are banned
|rule|Evasion Moves Clause: Evasion moves are banned
|rule|Evasion Abilities Clause: Evasion abilities are banned
|rule|Sleep Moves Clause: Sleep-inducing moves are banned
|clearpoke
|poke|p1|Golem-Alola, F|
|poke|p1|Gliscor, M|
|poke|p1|Heatran, F|
|poke|p1|Tornadus-Therian, M|
|poke|p1|Kyurem|
|poke|p1|Quaquaval, F|
|poke|p2|Sandy Shocks|
|poke|p2|Scizor, M|
|poke|p2|Manaphy|
|poke|p2|Latios, M|
|poke|p2|Ogerpon, F|
|poke|p2|Iron Jugulis|
|teampreview
|
|t:|1769323429
|teamsize|p1|6
|teamsize|p2|6
|start
|switch|p1a: Gliscor|Gliscor, M|100/100
|switch|p2a: Sandy Shocks|Sandy Shocks|100/100
|-enditem|p2a: Sandy Shocks|Booster Energy
|-activate|p2a: Sandy Shocks|ability: Protosynthesis|[fromitem]
|-start|p2a: Sandy Shocks|protosynthesisspe
|turn|1
|inactive|Battle timer is ON: inactive players will automatically lose when time's up. (requested by pzz123456)
|
|t:|1769323497
|switch|p1a: Tornadus|Tornadus-Therian, M|100/100
|move|p2a: Sandy Shocks|Stealth Rock|p1a: Tornadus
|-sidestart|p1: testingolem|move: Stealth Rock
|
|upkeep
|turn|2
|
|t:|1769323525
|switch|p1a: Gliscor|Gliscor, M|100/100
|-damage|p1a: Gliscor|88/100|[from] Stealth Rock
|move|p2a: Sandy Shocks|Discharge|p1a: Gliscor
|-immune|p1a: Gliscor
|
|-status|p1a: Gliscor|tox|[from] item: Toxic Orb
|upkeep
|turn|3
|
|t:|1769323534
|move|p1a: Gliscor|Protect|p1a: Gliscor
|-singleturn|p1a: Gliscor|Protect
|move|p2a: Sandy Shocks|Spikes|p1a: Gliscor
|-sidestart|p1: testingolem|Spikes
|
|-heal|p1a: Gliscor|100/100 tox|[from] ability: Poison Heal
|upkeep
|turn|4
|
|t:|1769323539
|move|p2a: Sandy Shocks|Spikes|p1a: Gliscor
|-sidestart|p1: testingolem|Spikes
|move|p1a: Gliscor|Spikes|p2a: Sandy Shocks
|-sidestart|p2: pzz123456|Spikes
|
|upkeep
|turn|5
|
|t:|1769323544
|move|p2a: Sandy Shocks|Spikes|p1a: Gliscor
|-sidestart|p1: testingolem|Spikes
|move|p1a: Gliscor|Spikes|p2a: Sandy Shocks
|-sidestart|p2: pzz123456|Spikes
|
|upkeep
|turn|6
|
|t:|1769323552
|-end|p2a: Sandy Shocks|Protosynthesis|[silent]
|switch|p2a: Iron Jugulis|Iron Jugulis|100/100
|-enditem|p2a: Iron Jugulis|Booster Energy
|-activate|p2a: Iron Jugulis|ability: Quark Drive|[fromitem]
|-start|p2a: Iron Jugulis|quarkdrivespe
|move|p1a: Gliscor|Spikes|p2a: Iron Jugulis
|-sidestart|p2: pzz123456|Spikes
|
|upkeep
|turn|7
|
|t:|1769323556
|move|p2a: Iron Jugulis|Taunt|p1a: Gliscor
|-start|p1a: Gliscor|move: Taunt
|move|p1a: Gliscor|U-turn|p2a: Iron Jugulis
|-damage|p2a: Iron Jugulis|82/100
|
|t:|1769323563
|switch|p1a: Quaquaval|Quaquaval, F|100/100|[from] U-turn
|
|upkeep
|turn|8
|
|t:|1769323568
|-terastallize|p1a: Quaquaval|Water
|move|p2a: Iron Jugulis|Hurricane|p1a: Quaquaval
|-damage|p1a: Quaquaval|27/100
|move|p1a: Quaquaval|Rapid Spin|p2a: Iron Jugulis
|-damage|p2a: Iron Jugulis|62/100
|-boost|p1a: Quaquaval|spe|1
|-sideend|p1: testingolem|Spikes|[from] move: Rapid Spin|[of] p1a: Quaquaval
|-sideend|p1: testingolem|Stealth Rock|[from] move: Rapid Spin|[of] p1a: Quaquaval
|
|upkeep
|turn|9
|
|t:|1769323581
|switch|p1a: Heatran|Heatran, F|100/100
|move|p2a: Iron Jugulis|Earth Power|p1a: Heatran
|-supereffective|p1a: Heatran
|-damage|p1a: Heatran|3/100
|-unboost|p1a: Heatran|spd|1
|
|-heal|p1a: Heatran|9/100|[from] item: Leftovers
|upkeep
|turn|10
|
|t:|1769323585
|switch|p1a: Tornadus|Tornadus-Therian, M|100/100
|move|p2a: Iron Jugulis|Dark Pulse|p1a: Tornadus
|-damage|p1a: Tornadus|54/100
|
|upkeep
|turn|11
|
|t:|1769323592
|move|p2a: Iron Jugulis|Hurricane|p1a: Tornadus|[miss]
|-miss|p2a: Iron Jugulis|p1a: Tornadus
|move|p1a: Tornadus|U-turn|p2a: Iron Jugulis
|-damage|p2a: Iron Jugulis|46/100
|
|t:|1769323597
|switch|p1a: Gliscor|Gliscor, M|100/100 tox|[from] U-turn
|
|upkeep
|turn|12
|
|t:|1769323606
|move|p2a: Iron Jugulis|Dark Pulse|p1a: Gliscor
|-damage|p1a: Gliscor|67/100 tox
|move|p1a: Gliscor|U-turn|p2a: Iron Jugulis
|-damage|p2a: Iron Jugulis|29/100
|
|t:|1769323614
|switch|p1a: Heatran|Heatran, F|9/100|[from] U-turn
|
|-heal|p1a: Heatran|16/100|[from] item: Leftovers
|upkeep
|turn|13
|
|t:|1769323618
|move|p1a: Heatran|Protect|p1a: Heatran
|-singleturn|p1a: Heatran|Protect
|move|p2a: Iron Jugulis|Dark Pulse|p1a: Heatran
|-activate|p1a: Heatran|move: Protect
|
|-heal|p1a: Heatran|22/100|[from] item: Leftovers
|upkeep
|turn|14
|
|t:|1769323622
|switch|p1a: Gliscor|Gliscor, M|67/100 tox
|move|p2a: Iron Jugulis|Dark Pulse|p1a: Gliscor
|-damage|p1a: Gliscor|32/100 tox
|
|-heal|p1a: Gliscor|45/100 tox|[from] ability: Poison Heal
|upkeep
|turn|15
|
|t:|1769323625
|move|p1a: Gliscor|Protect|p1a: Gliscor
|-singleturn|p1a: Gliscor|Protect
|move|p2a: Iron Jugulis|Dark Pulse|p1a: Gliscor
|-activate|p1a: Gliscor|move: Protect
|
|-heal|p1a: Gliscor|57/100 tox|[from] ability: Poison Heal
|upkeep
|turn|16
|
|t:|1769323628
|move|p2a: Iron Jugulis|Hurricane|p1a: Gliscor|[miss]
|-miss|p2a: Iron Jugulis|p1a: Gliscor
|move|p1a: Gliscor|U-turn|p2a: Iron Jugulis
|-damage|p2a: Iron Jugulis|11/100
|
|t:|1769323632
|switch|p1a: Quaquaval|Quaquaval, F, tera:Water|27/100|[from] U-turn
|
|upkeep
|turn|17
|
|t:|1769323638
|move|p1a: Quaquaval|Aqua Jet|p2a: Iron Jugulis
|-damage|p2a: Iron Jugulis|0 fnt
|faint|p2a: Iron Jugulis
|-end|p2a: Iron Jugulis|Quark Drive|[silent]
|-ability|p1a: Quaquaval|Moxie|boost
|-boost|p1a: Quaquaval|atk|1
|
|upkeep
|
|t:|1769323649
|switch|p2a: Sandy Shocks|Sandy Shocks|100/100
|-damage|p2a: Sandy Shocks|76/100|[from] Spikes
|turn|18
|
|t:|1769323657
|move|p1a: Quaquaval|Aqua Jet|p2a: Sandy Shocks
|-supereffective|p2a: Sandy Shocks
|-damage|p2a: Sandy Shocks|0 fnt
|faint|p2a: Sandy Shocks
|-end|p2a: Sandy Shocks|Protosynthesis|[silent]
|-ability|p1a: Quaquaval|Moxie|boost
|-boost|p1a: Quaquaval|atk|1
|
|upkeep
|
|t:|1769323662
|switch|p2a: Ogerpon|Ogerpon, F|100/100
|-damage|p2a: Ogerpon|76/100|[from] Spikes
|turn|19
|
|t:|1769323666
|move|p2a: Ogerpon|Ivy Cudgel|p1a: Quaquaval
|-supereffective|p1a: Quaquaval
|-damage|p1a: Quaquaval|0 fnt
|faint|p1a: Quaquaval
|
|upkeep
|
|t:|1769323668
|switch|p1a: Tornadus|Tornadus-Therian, M|87/100
|turn|20
|
|t:|1769323682
|switch|p2a: Scizor|Scizor, M|100/100
|-damage|p2a: Scizor|76/100|[from] Spikes
|move|p1a: Tornadus|Bleakwind Storm|p2a: Scizor
|-damage|p2a: Scizor|22/100
|-unboost|p2a: Scizor|spe|1
|-enditem|p2a: Scizor|Sitrus Berry|[eat]
|-heal|p2a: Scizor|47/100|[from] item: Sitrus Berry
|
|upkeep
|turn|21
|
|t:|1769323690
|move|p2a: Scizor|Bullet Punch|p1a: Tornadus
|-damage|p1a: Tornadus|39/100
|move|p1a: Tornadus|Bleakwind Storm|p2a: Scizor
|-damage|p2a: Scizor|0 fnt
|faint|p2a: Scizor
|
|upkeep
|
|t:|1769323695
|switch|p2a: Latios|Latios, M|100/100
|turn|22
|
|t:|1769323698
|move|p1a: Tornadus|U-turn|p2a: Latios
|-supereffective|p2a: Latios
|-damage|p2a: Latios|74/100
|-enditem|p2a: Latios|Weakness Policy
|-boost|p2a: Latios|atk|2|[from] item: Weakness Policy
|-boost|p2a: Latios|spa|2|[from] item: Weakness Policy
|
|t:|1769323700
|switch|p1a: Heatran|Heatran, F|22/100|[from] U-turn
|move|p2a: Latios|Agility|p2a: Latios
|-boost|p2a: Latios|spe|2
|
|-heal|p1a: Heatran|28/100|[from] item: Leftovers
|upkeep
|turn|23
|
|t:|1769323707
|move|p2a: Latios|Stored Power|p1a: Heatran
|-resisted|p1a: Heatran
|-damage|p1a: Heatran|0 fnt
|faint|p1a: Heatran
|
|upkeep
|
|t:|1769323713
|switch|p1a: Golem|Golem-Alola, F|100/100
|turn|24
|
|t:|1769323717
|move|p2a: Latios|Stored Power|p1a: Golem
|-damage|p1a: Golem|0 fnt
|faint|p1a: Golem
|
|upkeep
|
|t:|1769323720
|switch|p1a: Kyurem|Kyurem|100/100
|-ability|p1a: Kyurem|Pressure
|turn|25
|
|t:|1769323727
|-terastallize|p2a: Latios|Fighting
|move|p2a: Latios|Aura Sphere|p1a: Kyurem
|-supereffective|p1a: Kyurem
|-damage|p1a: Kyurem|0 fnt
|faint|p1a: Kyurem
|
|upkeep
|
|t:|1769323732
|switch|p1a: Tornadus|Tornadus-Therian, M|72/100
|turn|26
|
|t:|1769323736
|switch|p1a: Gliscor|Gliscor, M|57/100 tox
|move|p2a: Latios|Stored Power|p1a: Gliscor
|-damage|p1a: Gliscor|0 fnt
|faint|p1a: Gliscor
|
|upkeep
|
|t:|1769323737
|switch|p1a: Tornadus|Tornadus-Therian, M|100/100
|turn|27
|
|t:|1769323741
|move|p2a: Latios|Stored Power|p1a: Tornadus
|-damage|p1a: Tornadus|0 fnt
|faint|p1a: Tornadus
|
|win|pzz123456
|raw|testingolem's rating: 1391 &rarr; <strong>1370</strong><br />(-21 for losing)
|raw|pzz123456's rating: 1380 &rarr; <strong>1401</strong><br />(+21 for winning)
|l|‽testingolem
|player|p1|
|l|☆pzz123456
|player|p2|
