|j|☆goated_araquanid
|j|☆czar625
|t:|1769364113
|gametype|singles
|player|p1|goated_araquanid|266|1347
|player|p2|czar625|candice|1360
|gen|9
|tier|[Gen 9] OU
|rated|
|rule|HP Percentage Mod: HP is shown in percentages
|rule|Endless Battle Clause: Forcing endless battles is banned
|rule|Species Clause: Limit one of each Pokémon
|rule|OHKO Clause: OHKO moves are banned
|rule|Evasion Items Clause: Evasion items are banned
|rule|Evasion Moves Clause: Evasion moves are banned
|rule|Evasion Abilities Clause: Evasion abilities are banned
|rule|Sleep Moves Clause: Sleep-inducing moves are banned
|clearpoke
|poke|p1|Regirock|
|poke|p1|Ninetales-Alola, M|
|poke|p1|Enamorus, F|
|poke|p1|Okidogi, M|
|poke|p1|Hatterene, F|
|poke|p1|Scizor, M|
|poke|p2|Charizard, M|
|poke|p2|Torkoal, M|
|poke|p2|Leafeon, F|
|poke|p2|Sandy Shocks|
|poke|p2|Gengar, F|
|poke|p2|Avalugg, M|
|teampreview
|inactive|Battle timer is ON: inactive players will automatically lose when time's up. (requested by goated_araquanid)
|
|t:|1769364121
|teamsize|p1|6
|teamsize|p2|6
|start
|switch|p1a: Hatterene|Hatterene, F|100/100
|switch|p2a: Torkoal|Torkoal, M|100/100
|-weather|SunnyDay|[from] ability: Drought|[of] p2a: Torkoal
|turn|1
|
|t:|1769364125
|switch|p2a: Sandy Shocks|Sandy Shocks|100/100
|-activate|p2a: Sandy Shocks|ability: Protosynthesis
|-start|p2a: Sandy Shocks|protosynthesisspe
|move|p1a: Hatterene|Nuzzle|p2a: Sandy Shocks
|-immune|p2a: Sandy Shocks
|
|-weather|SunnyDay|[upkeep]
|upkeep
|turn|2
|
|t:|1769364129
|move|p2a: Sandy Shocks|Volt Switch|p1a: Hatterene
|-damage|p1a: Hatterene|47/100
|-enditem|p1a: Hatterene|Eject Button
|
|t:|1769364133
|switch|p1a: Ninetales|Ninetales-Alola, M|100/100
|-weather|Snowscape|[from] ability: Snow Warning|[of] p1a: Ninetales
|-end|p2a: Sandy Shocks|Protosynthesis
|
|-weather|Snowscape|[upkeep]
|upkeep
|turn|3
|
|t:|1769364142
|-end|p2a: Sandy Shocks|Protosynthesis|[silent]
|switch|p2a: Torkoal|Torkoal, M|100/100
|-weather|SunnyDay|[from] ability: Drought|[of] p2a: Torkoal
|move|p1a: Ninetales|Aurora Veil||[still]
|-fail|p1a: Ninetales
|
|-weather|SunnyDay|[upkeep]
|upkeep
|turn|4
|
|t:|1769364146
|switch|p1a: Hatterene|Hatterene, F|47/100
|move|p2a: Torkoal|Lava Plume|p1a: Hatterene
|-damage|p1a: Hatterene|9/100
|-status|p1a: Hatterene|brn
|
|-weather|SunnyDay|[upkeep]
|-damage|p1a: Hatterene|3/100 brn|[from] brn
|upkeep
|turn|5
|
|t:|1769364152
|move|p1a: Hatterene|Nuzzle|p2a: Torkoal
|-damage|p2a: Torkoal|99/100
|-status|p2a: Torkoal|par
|move|p2a: Torkoal|Lava Plume|p1a: Hatterene
|-damage|p1a: Hatterene|0 fnt
|faint|p1a: Hatterene
|
|-weather|SunnyDay|[upkeep]
|upkeep
|
|t:|1769364154
|switch|p1a: Ninetales|Ninetales-Alola, M|100/100
|-weather|Snowscape|[from] ability: Snow Warning|[of] p1a: Ninetales
|turn|6
|
|t:|1769364159
|move|p1a: Ninetales|Aurora Veil|p1a: Ninetales
|-sidestart|p1: goated_araquanid|move: Aurora Veil
|move|p2a: Torkoal|Stealth Rock|p1a: Ninetales
|-sidestart|p1: goated_araquanid|move: Stealth Rock
|
|-weather|Snowscape|[upkeep]
|upkeep
|turn|7
|
|t:|1769364166
|switch|p2a: Avalugg|Avalugg, M|100/100
|move|p1a: Ninetales|Encore||[still]
|-fail|p1a: Ninetales
|
|-weather|Snowscape|[upkeep]
|upkeep
|turn|8
|
|t:|1769364170
|switch|p1a: Regirock|Regirock|100/100
|-damage|p1a: Regirock|88/100|[from] Stealth Rock
|move|p2a: Avalugg|Body Press|p1a: Regirock
|-supereffective|p1a: Regirock
|-damage|p1a: Regirock|68/100
|
|-weather|Snowscape|[upkeep]
|upkeep
|turn|9
|
|t:|1769364175
|move|p1a: Regirock|Curse|p1a: Regirock
|-unboost|p1a: Regirock|spe|1
|-boost|p1a: Regirock|atk|1
|-boost|p1a: Regirock|def|1
|move|p2a: Avalugg|Body Press|p1a: Regirock
|-supereffective|p1a: Regirock
|-damage|p1a: Regirock|55/100
|
|-weather|Snowscape|[upkeep]
|upkeep
|turn|10
|
|t:|1769364179
|switch|p2a: Sandy Shocks|Sandy Shocks|100/100
|move|p1a: Regirock|Body Press|p2a: Sandy Shocks
|-damage|p2a: Sandy Shocks|42/100
|
|-weather|none
|upkeep
|turn|11
|
|t:|1769364184
|move|p2a: Sandy Shocks|Earth Power|p1a: Regirock
|-supereffective|p1a: Regirock
|-damage|p1a: Regirock|7/100
|-enditem|p1a: Regirock|Maranga Berry|[eat]
|-boost|p1a: Regirock|spd|1|[from] item: Maranga Berry
|move|p1a: Regirock|Body Press|p2a: Sandy Shocks
|-damage|p2a: Sandy Shocks|0 fnt
|faint|p2a: Sandy Shocks
|-end|p2a: Sandy Shocks|Protosynthesis|[silent]
|
|upkeep
|
|t:|1769364199
|switch|p2a: Leafeon|Leafeon, F|100/100
|turn|12
|
|t:|1769364203
|move|p2a: Leafeon|Leaf Blade|p1a: Regirock
|-supereffective|p1a: Regirock
|-damage|p1a: Regirock|0 fnt
|faint|p1a: Regirock
|
|upkeep
|
|t:|1769364208
|switch|p1a: Okidogi|Okidogi, M|100/100
|-damage|p1a: Okidogi|95/100|[from] Stealth Rock
|turn|13
|
|t:|1769364212
|switch|p2a: Torkoal|Torkoal, M|99/100 par
|-weather|SunnyDay|[from] ability: Drought|[of] p2a: Torkoal
|move|p1a: Okidogi|Gunk Shot|p2a: Torkoal
|-damage|p2a: Torkoal|60/100 par
|
|-weather|SunnyDay|[upkeep]
|-sideend|p1: goated_araquanid|move: Aurora Veil
|upkeep
|turn|14
|
|t:|1769364218
|move|p1a: Okidogi|Gunk Shot|p2a: Torkoal
|-damage|p2a: Torkoal|23/100 par
|move|p2a: Torkoal|Lava Plume|p1a: Okidogi
|-damage|p1a: Okidogi|53/100
|
|-weather|SunnyDay|[upkeep]
|upkeep
|turn|15
|
|t:|1769364224
|switch|p2a: Avalugg|Avalugg, M|100/100
|move|p1a: Okidogi|Drain Punch|p2a: Avalugg
|-supereffective|p2a: Avalugg
|-crit|p2a: Avalugg
|-damage|p2a: Avalugg|46/100
|-heal|p1a: Okidogi|88/100|[from] drain|[of] p2a: Avalugg
|-damage|p1a: Okidogi|71/100|[from] item: Rocky Helmet|[of] p2a: Avalugg
|
|-weather|SunnyDay|[upkeep]
|upkeep
|turn|16
|
|t:|1769364229
|move|p1a: Okidogi|Drain Punch|p2a: Avalugg
|-supereffective|p2a: Avalugg
|-damage|p2a: Avalugg|9/100
|-heal|p1a: Okidogi|94/100|[from] drain|[of] p2a: Avalugg
|-damage|p1a: Okidogi|78/100|[from] item: Rocky Helmet|[of] p2a: Avalugg
|move|p2a: Avalugg|Recover|p2a: Avalugg
|-heal|p2a: Avalugg|59/100
|
|-weather|SunnyDay|[upkeep]
|upkeep
|turn|17
|
|t:|1769364237
|switch|p2a: Gengar|Gengar, F|100/100
|move|p1a: Okidogi|Bulk Up|p1a: Okidogi
|-boost|p1a: Okidogi|atk|1
|-boost|p1a: Okidogi|def|1
|
|-weather|SunnyDay|[upkeep]
|upkeep
|turn|18
|
|t:|1769364240
|move|p2a: Gengar|Psychic Noise|p1a: Okidogi
|-supereffective|p1a: Okidogi
|-damage|p1a: Okidogi|0 fnt
|faint|p1a: Okidogi
|
|-weather|SunnyDay|[upkeep]
|upkeep
|
|t:|1769364243
|switch|p1a: Ninetales|Ninetales-Alola, M|100/100
|-damage|p1a: Ninetales|76/100|[from] Stealth Rock
|-weather|Snowscape|[from] ability: Snow Warning|[of] p1a: Ninetales
|turn|19
|
|t:|1769364247
|switch|p2a: Torkoal|Torkoal, M|23/100 par
|-weather|SunnyDay|[from] ability: Drought|[of] p2a: Torkoal
|switch|p1a: Scizor|Scizor, M|100/100
|-damage|p1a: Scizor|88/100|[from] Stealth Rock
|
|-weather|SunnyDay|[upkeep]
|-heal|p1a: Scizor|94/100|[from] item: Leftovers
|upkeep
|turn|20
|
|t:|1769364254
|switch|p2a: Avalugg|Avalugg, M|59/100
|move|p1a: Scizor|Knock Off|p2a: Avalugg
|-damage|p2a: Avalugg|44/100
|-damage|p1a: Scizor|78/100|[from] item: Rocky Helmet|[of] p2a: Avalugg
|-enditem|p2a: Avalugg|Rocky Helmet|[from] move: Knock Off|[of] p1a: Scizor
|
|-weather|SunnyDay|[upkeep]
|-heal|p1a: Scizor|84/100|[from] item: Leftovers
|upkeep
|turn|21
|
|t:|1769364257
|move|p1a: Scizor|Swords Dance|p1a: Scizor
|-boost|p1a: Scizor|atk|2
|move|p2a: Avalugg|Body Press|p1a: Scizor
|-damage|p1a: Scizor|33/100
|
|-weather|SunnyDay|[upkeep]
|-heal|p1a: Scizor|39/100|[from] item: Leftovers
|upkeep
|turn|22
|
|t:|1769364262
|move|p1a: Scizor|Bullet Punch|p2a: Avalugg
|-supereffective|p2a: Avalugg
|-damage|p2a: Avalugg|0 fnt
|faint|p2a: Avalugg
|
|-weather|SunnyDay|[upkeep]
|-heal|p1a: Scizor|45/100|[from] item: Leftovers
|upkeep
|
|t:|1769364268
|switch|p2a: Charizard|Charizard, M|100/100
|turn|23
|
|t:|1769364271
|move|p1a: Scizor|Bullet Punch|p2a: Charizard
|-resisted|p2a: Charizard
|-damage|p2a: Charizard|54/100
|move|p2a: Charizard|Flamethrower|p1a: Scizor
|-supereffective|p1a: Scizor
|-damage|p1a: Scizor|0 fnt
|faint|p1a: Scizor
|
|-weather|SunnyDay|[upkeep]
|-damage|p2a: Charizard|42/100|[from] ability: Solar Power|[of] p2a: Charizard
|upkeep
|
|t:|1769364275
|switch|p1a: Ninetales|Ninetales-Alola, M|76/100
|-damage|p1a: Ninetales|51/100|[from] Stealth Rock
|-weather|Snowscape|[from] ability: Snow Warning|[of] p1a: Ninetales
|turn|24
|
|t:|1769364280
|switch|p1a: Enamorus|Enamorus, F|100/100
|-damage|p1a: Enamorus|76/100|[from] Stealth Rock
|move|p2a: Charizard|Flamethrower|p1a: Enamorus
|-damage|p1a: Enamorus|9/100
|
|-weather|Snowscape|[upkeep]
|-heal|p1a: Enamorus|15/100|[from] item: Leftovers
|upkeep
|turn|25
|
|t:|1769364292
|move|p1a: Enamorus|Protect|p1a: Enamorus
|-singleturn|p1a: Enamorus|Protect
|move|p2a: Charizard|Flamethrower|p1a: Enamorus
|-activate|p1a: Enamorus|move: Protect
|
|-weather|Snowscape|[upkeep]
|-heal|p1a: Enamorus|22/100|[from] item: Leftovers
|upkeep
|turn|26
|
|t:|1769364296
|move|p2a: Charizard|Flamethrower|p1a: Enamorus
|-damage|p1a: Enamorus|0 fnt
|faint|p1a: Enamorus
|
|-weather|Snowscape|[upkeep]
|upkeep
|-message|goated_araquanid forfeited.
|
|win|czar625
|raw|goated_araquanid's rating: 1347 &rarr; <strong>1328</strong><br />(-19 for losing)
|raw|czar625's rating: 1360 &rarr; <strong>1379</strong><br />(+19 for winning)
|l|☆goated_araquanid
|player|p1|
|l|☆czar625
|player|p2|
