|j|☆SDLU
|j|☆Rubicouss
|t:|1769409974
|gametype|singles
|player|p1|SDLU|1|1301
|player|p2|Rubicouss|gambler|1246
|gen|9
|tier|[Gen 9] OU
|rated|
|rule|HP Percentage Mod: HP is shown in percentages
|rule|Endless Battle Clause: Forcing endless battles is banned
|rule|Species Clause: Limit one of each Pokémon
|rule|OHKO Clause: OHKO moves are banned
|rule|Evasion Items Clause: Evasion items are banned
|rule|Evasion Moves Clause: Evasion moves are banned
|rule|Evasion Abilities Clause: Evasion abilities are banned
|rule|Sleep Moves Clause: Sleep-inducing moves are banned
|clearpoke
|poke|p1|Dragapult, F|
|poke|p1|Gastrodon, F|
|poke|p1|Skeledirge, M|
|poke|p1|Garganacl, F|
|poke|p1|Clefable, M|
|poke|p1|Moltres|
|poke|p2|Torkoal, F|
|poke|p2|Brute Bonnet|
|poke|p2|Alomomola, F|
|poke|p2|Blissey, F|
|poke|p2|Great Tusk|
|poke|p2|Gholdengo|
|teampreview
|inactive|Battle timer is ON: inactive players will automatically lose when time's up. (requested by SDLU)
|
|t:|1769409986
|teamsize|p1|6
|teamsize|p2|6
|start
|switch|p1a: Garganacl|Garganacl, F|100/100
|switch|p2a: Torkoal|Torkoal, F|100/100
|-weather|SunnyDay|[from] ability: Drought|[of] p2a: Torkoal
|turn|1
|
|t:|1769409994
|move|p1a: Garganacl|Stealth Rock|p2a: Torkoal
|-sidestart|p2: Rubicouss|move: Stealth Rock
|move|p2a: Torkoal|Stealth Rock|p1a: Garganacl
|-sidestart|p1: SDLU|move: Stealth Rock
|
|-weather|SunnyDay|[upkeep]
|upkeep
|turn|2
|
|t:|1769409998
|move|p1a: Garganacl|Salt Cure|p2a: Torkoal
|-supereffective|p2a: Torkoal
|-damage|p2a: Torkoal|81/100
|-start|p2a: Torkoal|Salt Cure
|move|p2a: Torkoal|Rapid Spin|p1a: Garganacl
|-resisted|p1a: Garganacl
|-crit|p1a: Garganacl
|-damage|p1a: Garganacl|96/100
|-boost|p2a: Torkoal|spe|1
|-sideend|p2: Rubicouss|Stealth Rock|[from] move: Rapid Spin|[of] p2a: Torkoal
|
|-weather|SunnyDay|[upkeep]
|-heal|p1a: Garganacl|100/100|[from] item: Leftovers
|-damage|p2a: Torkoal|68/100|[from] Salt Cure
|upkeep
|turn|3
|
|t:|1769410009
|switch|p2a: Brute Bonnet|Brute Bonnet|100/100
|-activate|p2a: Brute Bonnet|ability: Protosynthesis
|-start|p2a: Brute Bonnet|protosynthesisatk
|move|p1a: Garganacl|Stealth Rock|p2a: Brute Bonnet
|-sidestart|p2: Rubicouss|move: Stealth Rock
|
|-weather|SunnyDay|[upkeep]
|upkeep
|turn|4
|
|t:|1769410018
|move|p1a: Garganacl|Protect|p1a: Garganacl
|-singleturn|p1a: Garganacl|Protect
|move|p2a: Brute Bonnet|Bullet Seed|p1a: Garganacl
|-activate|p1a: Garganacl|move: Protect
|
|-weather|SunnyDay|[upkeep]
|upkeep
|turn|5
|
|t:|1769410028
|switch|p1a: Skeledirge|Skeledirge, M|100/100
|move|p2a: Brute Bonnet|Growth|p2a: Brute Bonnet
|-boost|p2a: Brute Bonnet|atk|2
|-boost|p2a: Brute Bonnet|spa|2
|
|-weather|SunnyDay|[upkeep]
|upkeep
|turn|6
|
|t:|1769410035
|-end|p2a: Brute Bonnet|Protosynthesis|[silent]
|switch|p2a: Gholdengo|Gholdengo|100/100
|-damage|p2a: Gholdengo|94/100|[from] Stealth Rock
|-item|p2a: Gholdengo|Air Balloon
|move|p1a: Skeledirge|Will-O-Wisp|p2a: Gholdengo
|-immune|p2a: Gholdengo|[from] ability: Good as Gold
|
|-weather|SunnyDay|[upkeep]
|upkeep
|turn|7
|
|t:|1769410044
|switch|p1a: Moltres|Moltres|100/100
|move|p2a: Gholdengo|Shadow Ball|p1a: Moltres
|-damage|p1a: Moltres|68/100
|
|-weather|SunnyDay|[upkeep]
|upkeep
|turn|8
|
|t:|1769410058
|switch|p2a: Blissey|Blissey, F|100/100
|-damage|p2a: Blissey|88/100|[from] Stealth Rock
|move|p1a: Moltres|Flamethrower|p2a: Blissey
|-damage|p2a: Blissey|68/100
|-status|p2a: Blissey|brn
|
|-weather|none
|-heal|p2a: Blissey|74/100 brn|[from] item: Leftovers
|-damage|p2a: Blissey|68/100 brn|[from] brn
|upkeep
|turn|9
|
|t:|1769410071
|switch|p1a: Garganacl|Garganacl, F|100/100
|-damage|p1a: Garganacl|88/100|[from] Stealth Rock
|move|p2a: Blissey|Seismic Toss|p1a: Garganacl
|-damage|p1a: Garganacl|63/100
|
|-heal|p2a: Blissey|74/100 brn|[from] item: Leftovers
|-heal|p1a: Garganacl|70/100|[from] item: Leftovers
|-damage|p2a: Blissey|68/100 brn|[from] brn
|upkeep
|turn|10
|
|t:|1769410077
|-curestatus|p2a: Blissey|brn|[from] ability: Natural Cure
|switch|p2a: Alomomola|Alomomola, F|100/100
|-damage|p2a: Alomomola|88/100|[from] Stealth Rock
|move|p1a: Garganacl|Salt Cure|p2a: Alomomola
|-damage|p2a: Alomomola|81/100
|-start|p2a: Alomomola|Salt Cure
|
|-heal|p1a: Garganacl|76/100|[from] item: Leftovers
|-damage|p2a: Alomomola|56/100|[from] Salt Cure
|upkeep
|turn|11
|
|t:|1769410088
|move|p1a: Garganacl|Protect|p1a: Garganacl
|-singleturn|p1a: Garganacl|Protect
|move|p2a: Alomomola|Flip Turn|p1a: Garganacl
|-activate|p1a: Garganacl|move: Protect
|
|-heal|p1a: Garganacl|82/100|[from] item: Leftovers
|-damage|p2a: Alomomola|31/100|[from] Salt Cure
|upkeep
|turn|12
|
|t:|1769410104
|switch|p1a: Gastrodon|Gastrodon, F|100/100
|-damage|p1a: Gastrodon|94/100|[from] Stealth Rock
|move|p2a: Alomomola|Wish|p2a: Alomomola
|
|-damage|p2a: Alomomola|6/100|[from] Salt Cure
|upkeep
|turn|13
|
|t:|1769410117
|switch|p2a: Torkoal|Torkoal, F|68/100
|-damage|p2a: Torkoal|44/100|[from] Stealth Rock
|-weather|SunnyDay|[from] ability: Drought|[of] p2a: Torkoal
|move|p1a: Gastrodon|Spikes|p2a: Torkoal
|-sidestart|p2: Rubicouss|Spikes
|
|-weather|SunnyDay|[upkeep]
|-heal|p2a: Torkoal|100/100|[from] move: Wish|[wisher] Alomomola
|upkeep
|turn|14
|
|t:|1769410128
|switch|p1a: Skeledirge|Skeledirge, M|100/100
|move|p2a: Torkoal|Rapid Spin|p1a: Skeledirge
|-immune|p1a: Skeledirge
|
|-weather|SunnyDay|[upkeep]
|upkeep
|turn|15
|
|t:|1769410140
|switch|p2a: Alomomola|Alomomola, F|39/100
|-damage|p2a: Alomomola|27/100|[from] Stealth Rock
|-damage|p2a: Alomomola|15/100|[from] Spikes
|move|p1a: Skeledirge|Torch Song|p2a: Alomomola
|-resisted|p2a: Alomomola
|-damage|p2a: Alomomola|0 fnt
|-boost|p1a: Skeledirge|spa|1
|faint|p2a: Alomomola
|
|-weather|SunnyDay|[upkeep]
|upkeep
|
|t:|1769410161
|switch|p2a: Great Tusk|Great Tusk|100/100
|-activate|p2a: Great Tusk|ability: Protosynthesis
|-start|p2a: Great Tusk|protosynthesisatk
|turn|16
|
|t:|1769410167
|move|p2a: Great Tusk|Headlong Rush|p1a: Skeledirge
|-supereffective|p1a: Skeledirge
|-crit|p1a: Skeledirge
|-damage|p1a: Skeledirge|0 fnt
|-unboost|p2a: Great Tusk|def|1
|-unboost|p2a: Great Tusk|spd|1
|faint|p1a: Skeledirge
|
|-weather|SunnyDay|[upkeep]
|upkeep
|
|t:|1769410178
|switch|p1a: Dragapult|Dragapult, F|100/100
|turn|17
|
|t:|1769410183
|-end|p2a: Great Tusk|Protosynthesis|[silent]
|switch|p2a: Blissey|Blissey, F|68/100
|-damage|p2a: Blissey|55/100|[from] Stealth Rock
|-damage|p2a: Blissey|43/100|[from] Spikes
|move|p1a: Dragapult|Dragon Dance|p1a: Dragapult
|-boost|p1a: Dragapult|atk|1
|-boost|p1a: Dragapult|spe|1
|
|-weather|SunnyDay|[upkeep]
|-heal|p2a: Blissey|49/100|[from] item: Leftovers
|upkeep
|turn|18
|
|t:|1769410202
|move|p1a: Dragapult|Dragon Darts|p2a: Blissey
|-damage|p2a: Blissey|19/100
|-anim|p1a: Dragapult|Dragon Darts|p2a: Blissey
|-damage|p2a: Blissey|0 fnt
|faint|p2a: Blissey
|
|-weather|SunnyDay|[upkeep]
|upkeep
|inactive|Rubicouss has 120 seconds left.
|
|t:|1769410222
|switch|p2a: Brute Bonnet|Brute Bonnet|100/100
|-damage|p2a: Brute Bonnet|88/100|[from] Stealth Rock
|-damage|p2a: Brute Bonnet|76/100|[from] Spikes
|-activate|p2a: Brute Bonnet|ability: Protosynthesis
|-start|p2a: Brute Bonnet|protosynthesisatk
|turn|19
|inactive|Rubicouss has 120 seconds left.
|
|t:|1769410237
|switch|p1a: Moltres|Moltres|68/100
|move|p2a: Brute Bonnet|Sucker Punch||[still]
|-fail|p2a: Brute Bonnet
|
|-weather|SunnyDay|[upkeep]
|upkeep
|turn|20
|inactive|Rubicouss has 120 seconds left.
|l|☆Rubicouss
|inactive|Rubicouss disconnected and has a minute to reconnect!
|player|p2|
|inactive|Rubicouss has 30 seconds to reconnect!
|inactive|Rubicouss has 20 seconds to reconnect!
|inactive|Rubicouss has 15 seconds to reconnect!
|inactive|Rubicouss has 10 seconds to reconnect!
|inactive|Rubicouss has 5 seconds to reconnect!
|-message|Rubicouss lost due to inactivity.
|
|win|SDLU
|raw|SDLU's rating: 1301 &rarr; <strong>1318</strong><br />(+17 for winning)
|raw|Rubicouss's rating: 1246 &rarr; <strong>1225</strong><br />(-21 for losing)
|l|☆SDLU
|player|p1|
