|j|☆RipDarkHam
|j|☆right ear of trump
|t:|1769319696
|gametype|singles
|player|p1|RipDarkHam|lana|1415
|player|p2|right ear of trump|erika-gen2|1572
|gen|9
|tier|[Gen 9] OU
|rated|
|rule|HP Percentage Mod: HP is shown in percentages
|rule|Endless Battle Clause: Forcing endless battles is banned
|rule|Species Clause: Limit one of each Pokémon
|rule|OHKO Clause: OHKO moves are banned
|rule|Evasion Items Clause: Evasion items are banned
|rule|Evasion Moves Clause: Evasion moves are banned
|rule|Evasion Abilities Clause: Evasion abilities are banned
|rule|Sleep Moves Clause: Sleep-inducing moves are banned
|clearpoke
|poke|p1|Pecharunt|
|poke|p1|Mabosstiff, M|
|poke|p1|Volcanion|
|poke|p1|Iron Valiant|
|poke|p1|Landorus-Therian, M|
|poke|p1|Deoxys-Speed|
|poke|p2|Kingambit, F|
|poke|p2|Iron Crown|
|poke|p2|Darkrai|
|poke|p2|Great Tusk|
|poke|p2|Ogerpon-Wellspring, F|
|poke|p2|Zapdos|
|teampreview
|inactive|Battle timer is ON: inactive players will automatically lose when time's up. (requested by right ear of trump)
|inactive|RipDarkHam also wants the timer to be on.
|j| matiass892
|
|t:|1769319710
|teamsize|p1|6
|teamsize|p2|6
|start
|switch|p1a: Deoxys|Deoxys-Speed|100/100
|switch|p2a: Darkrai|Darkrai|100/100
|-ability|p1a: Deoxys|Pressure
|turn|1
|
|t:|1769319719
|switch|p2a: Iron Crown|Iron Crown|100/100
|move|p1a: Deoxys|Superpower|p2a: Iron Crown
|-damage|p2a: Iron Crown|67/100
|-unboost|p1a: Deoxys|atk|1
|-unboost|p1a: Deoxys|def|1
|-enditem|p1a: Deoxys|Eject Pack
|
|t:|1769319726
|switch|p1a: Landorus|Landorus-Therian, M|100/100
|-ability|p1a: Landorus|Intimidate|boost
|-unboost|p2a: Iron Crown|atk|1
|
|upkeep
|turn|2
|
|t:|1769319729
|-end|p2a: Iron Crown|Quark Drive|[silent]
|switch|p2a: Ogerpon|Ogerpon-Wellspring, F|100/100
|move|p1a: Landorus|Stealth Rock|p2a: Ogerpon
|-sidestart|p2: right ear of trump|move: Stealth Rock
|
|upkeep
|turn|3
|
|t:|1769319732
|move|p2a: Ogerpon|Spikes|p1a: Landorus
|-sidestart|p1: RipDarkHam|Spikes
|move|p1a: Landorus|U-turn|p2a: Ogerpon
|-supereffective|p2a: Ogerpon
|-damage|p2a: Ogerpon|41/100
|
|t:|1769319736
|switch|p1a: Volcanion|Volcanion|100/100|[from] U-turn
|-damage|p1a: Volcanion|88/100|[from] Spikes
|
|-heal|p1a: Volcanion|94/100|[from] item: Leftovers
|upkeep
|turn|4
|
|t:|1769319741
|move|p2a: Ogerpon|Knock Off|p1a: Volcanion
|-damage|p1a: Volcanion|66/100
|-enditem|p1a: Volcanion|Leftovers|[from] move: Knock Off|[of] p2a: Ogerpon
|move|p1a: Volcanion|Will-O-Wisp|p2a: Ogerpon
|-status|p2a: Ogerpon|brn
|
|-damage|p2a: Ogerpon|35/100 brn|[from] brn
|upkeep
|turn|5
|
|t:|1769319744
|move|p2a: Ogerpon|Spikes|p1a: Volcanion
|-sidestart|p1: RipDarkHam|Spikes
|move|p1a: Volcanion|Flamethrower|p2a: Ogerpon
|-damage|p2a: Ogerpon|0 fnt
|faint|p2a: Ogerpon
|
|upkeep
|
|t:|1769319749
|switch|p2a: Zapdos|Zapdos|100/100
|turn|6
|
|t:|1769319754
|move|p2a: Zapdos|Volt Switch|p1a: Volcanion
|-supereffective|p1a: Volcanion
|-damage|p1a: Volcanion|0 fnt
|faint|p1a: Volcanion
|
|t:|1769319764
|switch|p2a: Iron Crown|Iron Crown|67/100|[from] Volt Switch
|-damage|p2a: Iron Crown|61/100|[from] Stealth Rock
|
|upkeep
|
|t:|1769319772
|switch|p1a: Iron Valiant|Iron Valiant|100/100
|-damage|p1a: Iron Valiant|84/100|[from] Spikes
|-enditem|p1a: Iron Valiant|Booster Energy
|-activate|p1a: Iron Valiant|ability: Quark Drive|[fromitem]
|-start|p1a: Iron Valiant|quarkdrivespe
|turn|7
|
|t:|1769319776
|move|p1a: Iron Valiant|Knock Off|p2a: Iron Crown
|-supereffective|p2a: Iron Crown
|-damage|p2a: Iron Crown|0 fnt
|-enditem|p2a: Iron Crown|Assault Vest|[from] move: Knock Off|[of] p1a: Iron Valiant
|faint|p2a: Iron Crown
|-end|p2a: Iron Crown|Quark Drive|[silent]
|
|upkeep
|
|t:|1769319779
|switch|p2a: Zapdos|Zapdos|100/100
|turn|8
|
|t:|1769319790
|move|p1a: Iron Valiant|Knock Off|p2a: Zapdos
|-damage|p2a: Zapdos|59/100
|-enditem|p2a: Zapdos|Heavy-Duty Boots|[from] move: Knock Off|[of] p1a: Iron Valiant
|move|p2a: Zapdos|Hurricane|p1a: Iron Valiant
|-supereffective|p1a: Iron Valiant
|-damage|p1a: Iron Valiant|0 fnt
|faint|p1a: Iron Valiant
|-end|p1a: Iron Valiant|Quark Drive|[silent]
|
|upkeep
|
|t:|1769319797
|switch|p1a: Deoxys|Deoxys-Speed|100/100
|-damage|p1a: Deoxys|84/100|[from] Spikes
|-ability|p1a: Deoxys|Pressure
|turn|9
|
|t:|1769319813
|move|p1a: Deoxys|Superpower|p2a: Zapdos
|-resisted|p2a: Zapdos
|-damage|p2a: Zapdos|40/100
|-unboost|p1a: Deoxys|atk|1
|-unboost|p1a: Deoxys|def|1
|move|p2a: Zapdos|Roost|p2a: Zapdos
|-heal|p2a: Zapdos|90/100
|-singleturn|p2a: Zapdos|move: Roost
|
|upkeep
|turn|10
|
|t:|1769319818
|switch|p2a: Darkrai|Darkrai|100/100
|-damage|p2a: Darkrai|88/100|[from] Stealth Rock
|move|p1a: Deoxys|Psycho Boost|p2a: Darkrai
|-immune|p2a: Darkrai
|
|upkeep
|turn|11
|
|t:|1769319822
|move|p1a: Deoxys|Knock Off|p2a: Darkrai
|-resisted|p2a: Darkrai
|-damage|p2a: Darkrai|77/100
|-enditem|p2a: Darkrai|Choice Specs|[from] move: Knock Off|[of] p1a: Deoxys
|move|p2a: Darkrai|Dark Pulse|p1a: Deoxys
|-supereffective|p1a: Deoxys
|-damage|p1a: Deoxys|0 fnt
|faint|p1a: Deoxys
|
|upkeep
|
|t:|1769319836
|switch|p1a: Landorus|Landorus-Therian, M|100/100
|-ability|p1a: Landorus|Intimidate|boost
|-unboost|p2a: Darkrai|atk|1
|turn|12
|
|t:|1769319840
|move|p2a: Darkrai|Ice Beam|p1a: Landorus
|-supereffective|p1a: Landorus
|-damage|p1a: Landorus|0 fnt
|faint|p1a: Landorus
|
|upkeep
|
|t:|1769319843
|switch|p1a: Pecharunt|Pecharunt|100/100
|turn|13
|
|t:|1769319851
|move|p2a: Darkrai|Dark Pulse|p1a: Pecharunt
|-supereffective|p1a: Pecharunt
|-damage|p1a: Pecharunt|0 fnt
|faint|p1a: Pecharunt
|
|upkeep
|
|t:|1769319854
|switch|p1a: Mr Goob|Mabosstiff, M, shiny|100/100
|-damage|p1a: Mr Goob|84/100|[from] Spikes
|-ability|p1a: Mr Goob|Intimidate|boost
|-unboost|p2a: Darkrai|atk|1
|turn|14
|
|t:|1769319869
|move|p2a: Darkrai|Focus Blast|p1a: Mr Goob|[miss]
|-miss|p2a: Darkrai|p1a: Mr Goob
|move|p1a: Mr Goob|Trailblaze|p2a: Darkrai
|-damage|p2a: Darkrai|59/100
|-boost|p1a: Mr Goob|spe|1
|
|upkeep
|turn|15
|
|t:|1769319876
|-terastallize|p1a: Mr Goob|Bug
|move|p2a: Darkrai|Focus Blast|p1a: Mr Goob|[miss]
|-miss|p2a: Darkrai|p1a: Mr Goob
|move|p1a: Mr Goob|Trailblaze|p2a: Darkrai
|-damage|p2a: Darkrai|42/100
|-boost|p1a: Mr Goob|spe|1
|
|upkeep
|turn|16
|
|t:|1769319882
|move|p1a: Mr Goob|Jaw Lock|p2a: Darkrai
|-resisted|p2a: Darkrai
|-damage|p2a: Darkrai|21/100
|-activate|p1a: Mr Goob|trapped
|-activate|p2a: Darkrai|trapped
|move|p2a: Darkrai|Dark Pulse|p1a: Mr Goob
|-damage|p1a: Mr Goob|47/100
|
|upkeep
|turn|17
|
|t:|1769319888
|move|p1a: Mr Goob|Jaw Lock|p2a: Darkrai
|-resisted|p2a: Darkrai
|-damage|p2a: Darkrai|0 fnt
|faint|p2a: Darkrai
|
|upkeep
|
|t:|1769319890
|switch|p2a: Zapdos|Zapdos|90/100
|-damage|p2a: Zapdos|65/100|[from] Stealth Rock
|turn|18
|
|t:|1769319895
|move|p1a: Mr Goob|Rest|p1a: Mr Goob
|-status|p1a: Mr Goob|slp|[from] move: Rest
|-heal|p1a: Mr Goob|100/100 slp|[silent]
|move|p2a: Zapdos|Heat Wave|p1a: Mr Goob
|-supereffective|p1a: Mr Goob
|-damage|p1a: Mr Goob|46/100 slp
|
|upkeep
|turn|19
|
|t:|1769319898
|cant|p1a: Mr Goob|slp
|move|p2a: Zapdos|Heat Wave|p1a: Mr Goob
|-supereffective|p1a: Mr Goob
|-damage|p1a: Mr Goob|0 fnt
|faint|p1a: Mr Goob
|
|win|right ear of trump
|raw|RipDarkHam's rating: 1415 &rarr; <strong>1403</strong><br />(-12 for losing)
|raw|right ear of trump's rating: 1572 &rarr; <strong>1584</strong><br />(+12 for winning)
|l|☆right ear of trump
|player|p2|
|l|☆RipDarkHam
|player|p1|
