|j|☆G1 Forever
|j|☆Steeloz
|t:|1769338639
|gametype|singles
|player|p1|G1 Forever|unknown|1578
|player|p2|Steeloz|266|1631
|gen|9
|tier|[Gen 9] OU
|rated|
|rule|HP Percentage Mod: HP is shown in percentages
|rule|Endless Battle Clause: Forcing endless battles is banned
|rule|Species Clause: Limit one of each Pokémon
|rule|OHKO Clause: OHKO moves are banned
|rule|Evasion Items Clause: Evasion items are banned
|rule|Evasion Moves Clause: Evasion moves are banned
|rule|Evasion Abilities Clause: Evasion abilities are banned
|rule|Sleep Moves Clause: Sleep-inducing moves are banned
|clearpoke
|poke|p1|Raging Bolt|
|poke|p1|Ogerpon-Wellspring, F|
|poke|p1|Glimmora, M|
|poke|p1|Gliscor, F|
|poke|p1|Moltres|
|poke|p1|Hatterene, F|
|poke|p2|Dragapult, M|
|poke|p2|Iron Crown|
|poke|p2|Primarina, M|
|poke|p2|Samurott-Hisui, F|
|poke|p2|Kingambit, F|
|poke|p2|Landorus-Therian, M|
|teampreview
|inactive|Battle timer is ON: inactive players will automatically lose when time's up. (requested by Steeloz)
|
|t:|1769338679
|teamsize|p1|6
|teamsize|p2|6
|start
|switch|p1a: Ogerpon|Ogerpon-Wellspring, F|100/100
|switch|p2a: Samurott|Samurott-Hisui, F|100/100
|turn|1
|
|t:|1769338694
|move|p1a: Ogerpon|Horn Leech|p2a: Samurott
|-supereffective|p2a: Samurott
|-enditem|p2a: Samurott|Focus Sash
|-damage|p2a: Samurott|1/100
|move|p2a: Samurott|Ceaseless Edge|p1a: Ogerpon
|-damage|p1a: Ogerpon|38/100
|-sidestart|p1: G1 Forever|Spikes
|
|upkeep
|turn|2
|
|t:|1769338704
|switch|p1a: Moltres|Moltres|100/100
|move|p2a: Samurott|Ceaseless Edge|p1a: Moltres
|-damage|p1a: Moltres|71/100
|-status|p2a: Samurott|brn|[from] ability: Flame Body|[of] p1a: Moltres
|-sidestart|p1: G1 Forever|Spikes
|
|-damage|p2a: Samurott|0 fnt|[from] brn
|faint|p2a: Samurott
|upkeep
|
|t:|1769338720
|switch|p2a: Primarina|Primarina, M|100/100
|turn|3
|
|t:|1769338727
|move|p1a: Moltres|U-turn|p2a: Primarina
|-resisted|p2a: Primarina
|-damage|p2a: Primarina|92/100
|
|t:|1769338735
|switch|p1a: Glimmora|Glimmora, M|100/100|[from] U-turn
|-damage|p1a: Glimmora|84/100|[from] Spikes
|move|p2a: Primarina|Calm Mind|p2a: Primarina
|-boost|p2a: Primarina|spa|1
|-boost|p2a: Primarina|spd|1
|
|upkeep
|turn|4
|
|t:|1769338742
|switch|p2a: Iron Crown|Iron Crown|100/100
|move|p1a: Glimmora|Mortal Spin|p2a: Iron Crown
|-immune|p2a: Iron Crown
|
|upkeep
|turn|5
|
|t:|1769338750
|switch|p1a: Gliscor|Gliscor, F|100/100
|move|p2a: Iron Crown|Tachyon Cutter|p1a: Gliscor
|-damage|p1a: Gliscor|77/100
|-damage|p1a: Gliscor|55/100
|-hitcount|p1a: Gliscor|2
|
|-status|p1a: Gliscor|tox|[from] item: Toxic Orb
|upkeep
|turn|6
|
|t:|1769338762
|-end|p2a: Iron Crown|Quark Drive|[silent]
|switch|p2a: Landorus|Landorus-Therian, M|100/100
|-ability|p2a: Landorus|Intimidate|boost
|-unboost|p1a: Gliscor|atk|1
|move|p1a: Gliscor|Spikes|p2a: Landorus
|-sidestart|p2: Steeloz|Spikes
|
|-heal|p1a: Gliscor|68/100 tox|[from] ability: Poison Heal
|upkeep
|turn|7
|
|t:|1769338771
|move|p1a: Gliscor|Toxic|p2a: Landorus
|-status|p2a: Landorus|tox
|move|p2a: Landorus|U-turn|p1a: Gliscor
|-resisted|p1a: Gliscor
|-damage|p1a: Gliscor|60/100 tox
|
|t:|1769338777
|switch|p2a: Primarina|Primarina, M|92/100|[from] U-turn
|
|-heal|p1a: Gliscor|72/100 tox|[from] ability: Poison Heal
|upkeep
|turn|8
|
|t:|1769338787
|move|p1a: Gliscor|Toxic|p2a: Primarina
|-status|p2a: Primarina|tox
|move|p2a: Primarina|Psychic Noise|p1a: Gliscor
|-supereffective|p1a: Gliscor
|-damage|p1a: Gliscor|4/100 tox
|-start|p1a: Gliscor|move: Heal Block
|
|-damage|p2a: Primarina|86/100 tox|[from] psn
|upkeep
|turn|9
|
|t:|1769338797
|move|p1a: Gliscor|Spikes|p2a: Primarina
|-sidestart|p2: Steeloz|Spikes
|move|p2a: Primarina|Draining Kiss|p1a: Gliscor
|-damage|p1a: Gliscor|0 fnt
|-heal|p2a: Primarina|88/100 tox|[from] drain|[of] p1a: Gliscor
|faint|p1a: Gliscor
|
|-damage|p2a: Primarina|76/100 tox|[from] psn
|upkeep
|
|t:|1769338807
|switch|p1a: Glimmora|Glimmora, M|84/100
|-damage|p1a: Glimmora|67/100|[from] Spikes
|turn|10
|
|t:|1769338817
|move|p1a: Glimmora|Stealth Rock|p2a: Primarina
|-sidestart|p2: Steeloz|move: Stealth Rock
|move|p2a: Primarina|Psychic Noise|p1a: Glimmora
|-supereffective|p1a: Glimmora
|-damage|p1a: Glimmora|0 fnt
|faint|p1a: Glimmora
|
|-damage|p2a: Primarina|58/100 tox|[from] psn
|upkeep
|
|t:|1769338827
|switch|p1a: Ogerpon|Ogerpon-Wellspring, F|38/100
|-damage|p1a: Ogerpon|22/100|[from] Spikes
|turn|11
|
|t:|1769338833
|move|p1a: Ogerpon|Horn Leech|p2a: Primarina
|-supereffective|p2a: Primarina
|-damage|p2a: Primarina|0 fnt
|-heal|p1a: Ogerpon|56/100|[from] drain|[of] p2a: Primarina
|faint|p2a: Primarina
|
|upkeep
|
|t:|1769338840
|switch|p2a: Dragapult|Dragapult, M|100/100
|-damage|p2a: Dragapult|84/100|[from] Spikes
|-damage|p2a: Dragapult|72/100|[from] Stealth Rock
|turn|12
|
|t:|1769338848
|-terastallize|p2a: Dragapult|Ghost
|-terastallize|p1a: Ogerpon|Water
|detailschange|p1a: Ogerpon|Ogerpon-Wellspring-Tera, F, tera:Water
|-ability|p1a: Ogerpon|Embody Aspect (Wellspring)|boost
|-boost|p1a: Ogerpon|spd|1
|move|p2a: Dragapult|Tera Blast|p1a: Ogerpon|[anim] Tera Blast Ghost
|-damage|p1a: Ogerpon|0 fnt
|faint|p1a: Ogerpon
|detailschange|p1: Ogerpon|Ogerpon-Wellspring, F|[silent]
|
|upkeep
|
|t:|1769338857
|switch|p1a: Moltres|Moltres|71/100
|turn|13
|
|t:|1769338868
|move|p2a: Dragapult|Tera Blast|p1a: Moltres|[anim] Tera Blast Ghost
|-damage|p1a: Moltres|13/100
|move|p1a: Moltres|Will-O-Wisp|p2a: Dragapult
|-status|p2a: Dragapult|brn
|
|-damage|p2a: Dragapult|66/100 brn|[from] brn
|upkeep
|turn|14
|
|t:|1769338876
|switch|p1a: Hatterene|Hatterene, F|100/100
|-damage|p1a: Hatterene|84/100|[from] Spikes
|move|p2a: Dragapult|Tera Blast|p1a: Hatterene|[anim] Tera Blast Ghost
|-supereffective|p1a: Hatterene
|-damage|p1a: Hatterene|0 fnt
|faint|p1a: Hatterene
|
|-damage|p2a: Dragapult|60/100 brn|[from] brn
|upkeep
|
|t:|1769338885
|switch|p1a: Raging Bolt|Raging Bolt|100/100
|-damage|p1a: Raging Bolt|84/100|[from] Spikes
|-enditem|p1a: Raging Bolt|Booster Energy
|-activate|p1a: Raging Bolt|ability: Protosynthesis|[fromitem]
|-start|p1a: Raging Bolt|protosynthesisspa
|turn|15
|
|t:|1769338892
|move|p1a: Raging Bolt|Thunderclap|p2a: Dragapult
|-damage|p2a: Dragapult|0 fnt
|faint|p2a: Dragapult
|
|upkeep
|
|t:|1769338911
|switch|p2a: Landorus|Landorus-Therian, M|100/100 tox
|-damage|p2a: Landorus|88/100 tox|[from] Stealth Rock
|-ability|p2a: Landorus|Intimidate|boost
|-unboost|p1a: Raging Bolt|atk|1
|turn|16
|
|t:|1769338916
|move|p1a: Raging Bolt|Dragon Pulse|p2a: Landorus
|-damage|p2a: Landorus|12/100 tox
|move|p2a: Landorus|Earth Power|p1a: Raging Bolt
|-supereffective|p1a: Raging Bolt
|-damage|p1a: Raging Bolt|25/100
|
|-damage|p2a: Landorus|6/100 tox|[from] psn
|upkeep
|turn|17
|
|t:|1769338926
|move|p1a: Raging Bolt|Dragon Pulse|p2a: Landorus
|-damage|p2a: Landorus|0 fnt
|faint|p2a: Landorus
|
|upkeep
|
|t:|1769338929
|switch|p2a: Iron Crown|Iron Crown|100/100
|-damage|p2a: Iron Crown|84/100|[from] Spikes
|-damage|p2a: Iron Crown|78/100|[from] Stealth Rock
|turn|18
|
|t:|1769338939
|move|p1a: Raging Bolt|Thunderclap|p2a: Iron Crown
|-damage|p2a: Iron Crown|42/100
|move|p2a: Iron Crown|Focus Blast|p1a: Raging Bolt
|-damage|p1a: Raging Bolt|0 fnt
|faint|p1a: Raging Bolt
|-end|p1a: Raging Bolt|Protosynthesis|[silent]
|
|upkeep
|
|t:|1769338945
|switch|p1a: Moltres|Moltres|13/100
|turn|19
|
|t:|1769338948
|move|p2a: Iron Crown|Volt Switch|p1a: Moltres
|-supereffective|p1a: Moltres
|-damage|p1a: Moltres|0 fnt
|faint|p1a: Moltres
|
|win|Steeloz
|raw|G1 Forever's rating: 1578 &rarr; <strong>1561</strong><br />(-17 for losing)
|raw|Steeloz's rating: 1631 &rarr; <strong>1648</strong><br />(+17 for winning)
|l|☆G1 Forever
|player|p1|
|l|☆Steeloz
|player|p2|
