|j|☆Katze 632
|j|☆jungle and savage
|t:|1769413744
|gametype|singles
|player|p1|Katze 632|101|1105
|player|p2|jungle and savage|lucas|1102
|gen|9
|tier|[Gen 9] OU
|rated|
|rule|HP Percentage Mod: HP is shown in percentages
|rule|Endless Battle Clause: Forcing endless battles is banned
|rule|Species Clause: Limit one of each Pokémon
|rule|OHKO Clause: OHKO moves are banned
|rule|Evasion Items Clause: Evasion items are banned
|rule|Evasion Moves Clause: Evasion moves are banned
|rule|Evasion Abilities Clause: Evasion abilities are banned
|rule|Sleep Moves Clause: Sleep-inducing moves are banned
|clearpoke
|poke|p1|Samurott-Hisui, F|
|poke|p1|Iron Crown|
|poke|p1|Great Tusk|
|poke|p1|Pecharunt|
|poke|p1|Cinderace, F|
|poke|p1|Rillaboom, M|
|poke|p2|Ariados, F|
|poke|p2|Flygon, F|
|poke|p2|Sandaconda, M|
|poke|p2|Overqwil, F|
|poke|p2|Heracross, M|
|poke|p2|Zarude|
|teampreview
|inactive|Battle timer is ON: inactive players will automatically lose when time's up. (requested by jungle and savage)
|inactive|Katze 632 has 120 seconds left.
|
|t:|1769413794
|teamsize|p1|6
|teamsize|p2|6
|start
|switch|p1a: Samurott|Samurott-Hisui, F|100/100
|switch|p2a: Ariados|Ariados, F|100/100
|turn|1
|
|t:|1769413818
|move|p1a: Samurott|Ceaseless Edge|p2a: Ariados|[miss]
|-miss|p1a: Samurott|p2a: Ariados
|move|p2a: Ariados|Sticky Web|p1a: Samurott
|-sidestart|p1: Katze 632|move: Sticky Web
|
|upkeep
|turn|2
|
|t:|1769413824
|move|p1a: Samurott|Ceaseless Edge|p2a: Ariados
|-damage|p2a: Ariados|41/100
|-sidestart|p2: jungle and savage|Spikes
|move|p2a: Ariados|Toxic|p1a: Samurott
|-status|p1a: Samurott|tox
|
|-damage|p1a: Samurott|94/100 tox|[from] psn
|upkeep
|turn|3
|
|t:|1769413833
|move|p2a: Ariados|Sucker Punch|p1a: Samurott
|-resisted|p1a: Samurott
|-damage|p1a: Samurott|86/100 tox
|move|p1a: Samurott|Ceaseless Edge|p2a: Ariados
|-damage|p2a: Ariados|0 fnt
|-sidestart|p2: jungle and savage|Spikes
|faint|p2a: Ariados
|
|-damage|p1a: Samurott|74/100 tox|[from] psn
|upkeep
|
|t:|1769413843
|switch|p2a: Flygon|Flygon, F|100/100
|turn|4
|
|t:|1769413847
|move|p2a: Flygon|Dragon Dance|p2a: Flygon
|-boost|p2a: Flygon|atk|1
|-boost|p2a: Flygon|spe|1
|move|p1a: Samurott|Flip Turn|p2a: Flygon
|-damage|p2a: Flygon|61/100
|
|t:|1769413859
|switch|p1a: Great Tusk|Great Tusk|100/100|[from] Flip Turn
|-activate|p1a: Great Tusk|move: Sticky Web
|-unboost|p1a: Great Tusk|spe|1
|
|upkeep
|turn|5
|
|t:|1769413868
|move|p2a: Flygon|Outrage|p1a: Great Tusk
|-damage|p1a: Great Tusk|36/100
|-damage|p2a: Flygon|45/100|[from] item: Rocky Helmet|[of] p1a: Great Tusk
|-damage|p2a: Flygon|35/100|[from] item: Life Orb
|move|p1a: Great Tusk|Ice Spinner|p2a: Flygon
|-supereffective|p2a: Flygon
|-damage|p2a: Flygon|0 fnt
|faint|p2a: Flygon
|
|upkeep
|
|t:|1769413878
|switch|p2a: Zarude|Zarude|100/100
|-damage|p2a: Zarude|84/100|[from] Spikes
|turn|6
|
|t:|1769413892
|move|p2a: Zarude|Power Whip|p1a: Great Tusk
|-supereffective|p1a: Great Tusk
|-damage|p1a: Great Tusk|0 fnt
|-damage|p2a: Zarude|67/100|[from] item: Rocky Helmet|[of] p1a: Great Tusk
|faint|p1a: Great Tusk
|-end|p1a: Great Tusk|Protosynthesis|[silent]
|
|upkeep
|
|t:|1769413902
|switch|p1a: Cinderace|Cinderace, F|100/100
|turn|7
|
|t:|1769413909
|switch|p2a: Overqwil|Overqwil, F|100/100
|-damage|p2a: Overqwil|84/100|[from] Spikes
|-ability|p2a: Overqwil|Intimidate|boost
|-unboost|p1a: Cinderace|atk|1
|move|p1a: Cinderace|Court Change|p1a: Cinderace
|-swapsideconditions
|-activate|p1a: Cinderace|move: Court Change
|
|-heal|p2a: Overqwil|90/100|[from] item: Black Sludge
|upkeep
|turn|8
|
|t:|1769413930
|move|p1a: Cinderace|U-turn|p2a: Overqwil
|-damage|p2a: Overqwil|75/100
|
|t:|1769413936
|switch|p1a: Pecharunt|Pecharunt|100/100|[from] U-turn
|move|p2a: Overqwil|Crunch|p1a: Pecharunt
|-supereffective|p1a: Pecharunt
|-damage|p1a: Pecharunt|64/100
|
|-heal|p2a: Overqwil|81/100|[from] item: Black Sludge
|upkeep
|turn|9
|
|t:|1769413949
|move|p2a: Overqwil|Crunch|p1a: Pecharunt
|-supereffective|p1a: Pecharunt
|-damage|p1a: Pecharunt|26/100
|-unboost|p1a: Pecharunt|def|1
|move|p1a: Pecharunt|Parting Shot|p2a: Overqwil
|-unboost|p2a: Overqwil|atk|1
|-unboost|p2a: Overqwil|spa|1
|
|t:|1769413963
|switch|p1a: Iron Crown|Iron Crown|100/100|[from] Parting Shot
|-damage|p1a: Iron Crown|84/100|[from] Spikes
|
|-heal|p2a: Overqwil|87/100|[from] item: Black Sludge
|upkeep
|turn|10
|
|t:|1769413971
|move|p1a: Iron Crown|Tachyon Cutter|p2a: Overqwil
|-damage|p2a: Overqwil|50/100
|-damage|p2a: Overqwil|12/100
|-hitcount|p2a: Overqwil|2
|move|p2a: Overqwil|Crunch|p1a: Iron Crown
|-supereffective|p1a: Iron Crown
|-damage|p1a: Iron Crown|33/100
|
|-heal|p2a: Overqwil|18/100|[from] item: Black Sludge
|upkeep
|turn|11
|
|t:|1769413984
|move|p2a: Overqwil|Aqua Jet|p1a: Iron Crown
|-damage|p1a: Iron Crown|23/100
|move|p1a: Iron Crown|Volt Switch|p2a: Overqwil
|-damage|p2a: Overqwil|0 fnt
|faint|p2a: Overqwil
|
|t:|1769413993
|-end|p1a: Iron Crown|Quark Drive|[silent]
|switch|p1a: Pecharunt|Pecharunt|26/100|[from] Volt Switch
|
|upkeep
|
|t:|1769414000
|switch|p2a: Sandaconda|Sandaconda, M|100/100
|-activate|p2a: Sandaconda|move: Sticky Web
|-unboost|p2a: Sandaconda|spe|1
|turn|12
|
|t:|1769414008
|move|p1a: Pecharunt|Recover|p1a: Pecharunt
|-heal|p1a: Pecharunt|76/100
|move|p2a: Sandaconda|Glare|p1a: Pecharunt
|-status|p1a: Pecharunt|par
|
|upkeep
|turn|13
|
|t:|1769414017
|cant|p1a: Pecharunt|par
|move|p2a: Sandaconda|Stealth Rock|p1a: Pecharunt
|-sidestart|p1: Katze 632|move: Stealth Rock
|
|upkeep
|turn|14
|
|t:|1769414023
|move|p1a: Pecharunt|Parting Shot|p2a: Sandaconda
|-unboost|p2a: Sandaconda|atk|1
|-unboost|p2a: Sandaconda|spa|1
|
|t:|1769414034
|switch|p1a: Cinderace|Cinderace, F|100/100|[from] Parting Shot
|move|p2a: Sandaconda|Earthquake|p1a: Cinderace
|-supereffective|p1a: Cinderace
|-damage|p1a: Cinderace|39/100
|
|upkeep
|turn|15
|
|t:|1769414045
|move|p1a: Cinderace|Court Change|p1a: Cinderace
|-swapsideconditions
|-activate|p1a: Cinderace|move: Court Change
|move|p2a: Sandaconda|Earthquake|p1a: Cinderace
|-supereffective|p1a: Cinderace
|-damage|p1a: Cinderace|0 fnt
|faint|p1a: Cinderace
|
|upkeep
|
|t:|1769414052
|switch|p1a: Rillaboom|Rillaboom, M|100/100
|-activate|p1a: Rillaboom|move: Sticky Web
|-unboost|p1a: Rillaboom|spe|1
|-fieldstart|move: Grassy Terrain|[from] ability: Grassy Surge|[of] p1a: Rillaboom
|turn|16
|
|t:|1769414063
|-terastallize|p2a: Sandaconda|Dragon
|move|p1a: Rillaboom|Wood Hammer|p2a: Sandaconda
|-resisted|p2a: Sandaconda
|-damage|p2a: Sandaconda|63/100
|-damage|p1a: Rillaboom|88/100|[from] Recoil
|move|p2a: Sandaconda|Glare|p1a: Rillaboom
|-status|p1a: Rillaboom|par
|
|-heal|p2a: Sandaconda|69/100|[from] Grassy Terrain
|-heal|p2a: Sandaconda|75/100|[from] item: Leftovers
|-heal|p1a: Rillaboom|94/100 par|[from] Grassy Terrain
|upkeep
|turn|17
|
|t:|1769414077
|-terastallize|p1a: Rillaboom|Grass
|move|p2a: Sandaconda|Body Press|p1a: Rillaboom
|-damage|p1a: Rillaboom|59/100 par
|cant|p1a: Rillaboom|par
|
|-heal|p2a: Sandaconda|82/100|[from] Grassy Terrain
|-heal|p2a: Sandaconda|88/100|[from] item: Leftovers
|-heal|p1a: Rillaboom|66/100 par|[from] Grassy Terrain
|upkeep
|turn|18
|
|t:|1769414088
|switch|p1a: Pecharunt|Pecharunt|76/100 par
|move|p2a: Sandaconda|Body Press|p1a: Pecharunt
|-immune|p1a: Pecharunt
|
|-heal|p1a: Pecharunt|82/100 par|[from] Grassy Terrain
|-heal|p2a: Sandaconda|94/100|[from] Grassy Terrain
|-heal|p2a: Sandaconda|99/100|[from] item: Leftovers
|upkeep
|turn|19
|
|t:|1769414102
|switch|p2a: Zarude|Zarude|67/100
|-damage|p2a: Zarude|51/100|[from] Spikes
|-damage|p2a: Zarude|39/100|[from] Stealth Rock
|cant|p1a: Pecharunt|par
|
|-heal|p2a: Zarude|45/100|[from] Grassy Terrain
|-heal|p1a: Pecharunt|88/100 par|[from] Grassy Terrain
|upkeep
|turn|20
|c|☆Katze 632|I HATE PARA UGHHH
|
|t:|1769414124
|move|p2a: Zarude|Knock Off|p1a: Pecharunt
|-supereffective|p1a: Pecharunt
|-damage|p1a: Pecharunt|39/100 par
|-enditem|p1a: Pecharunt|Heavy-Duty Boots|[from] move: Knock Off|[of] p2a: Zarude
|move|p1a: Pecharunt|Parting Shot|p2a: Zarude
|-unboost|p2a: Zarude|atk|1
|-unboost|p2a: Zarude|spa|1
|inactive|Katze 632 has 120 seconds left.
|
|t:|1769414152
|switch|p1a: Rillaboom|Rillaboom, M, tera:Grass|66/100 par|[from] Parting Shot
|-activate|p1a: Rillaboom|move: Sticky Web
|-unboost|p1a: Rillaboom|spe|1
|
|-heal|p2a: Zarude|51/100|[from] Grassy Terrain
|-heal|p1a: Rillaboom|72/100 par|[from] Grassy Terrain
|-fieldend|move: Grassy Terrain
|upkeep
|turn|21
|
|t:|1769414160
|move|p2a: Zarude|Knock Off|p1a: Rillaboom
|-damage|p1a: Rillaboom|39/100 par
|-enditem|p1a: Rillaboom|Choice Band|[from] move: Knock Off|[of] p2a: Zarude
|move|p1a: Rillaboom|U-turn|p2a: Zarude
|-supereffective|p2a: Zarude
|-damage|p2a: Zarude|0 fnt
|faint|p2a: Zarude
|
|t:|1769414176
|switch|p1a: Iron Crown|Iron Crown|23/100|[from] U-turn
|-activate|p1a: Iron Crown|move: Sticky Web
|-unboost|p1a: Iron Crown|spe|1
|
|upkeep
|
|t:|1769414185
|switch|p2a: Heracross|Heracross, M|100/100
|-damage|p2a: Heracross|84/100|[from] Spikes
|-damage|p2a: Heracross|72/100|[from] Stealth Rock
|turn|22
|
|t:|1769414193
|move|p2a: Heracross|Earthquake|p1a: Iron Crown
|-supereffective|p1a: Iron Crown
|-damage|p1a: Iron Crown|0 fnt
|faint|p1a: Iron Crown
|-end|p1a: Iron Crown|Quark Drive|[silent]
|
|-status|p2a: Heracross|brn|[from] item: Flame Orb
|upkeep
|
|t:|1769414215
|switch|p1a: Pecharunt|Pecharunt|39/100 par
|-activate|p1a: Pecharunt|move: Sticky Web
|-unboost|p1a: Pecharunt|spe|1
|turn|23
|
|t:|1769414221
|move|p2a: Heracross|Earthquake|p1a: Pecharunt
|-supereffective|p1a: Pecharunt
|-damage|p1a: Pecharunt|0 fnt
|faint|p1a: Pecharunt
|
|-damage|p2a: Heracross|66/100 brn|[from] brn
|upkeep
|
|t:|1769414228
|switch|p1a: Samurott|Samurott-Hisui, F|74/100 tox
|-activate|p1a: Samurott|move: Sticky Web
|-unboost|p1a: Samurott|spe|1
|turn|24
|
|t:|1769414235
|move|p1a: Samurott|Sucker Punch|p2a: Heracross
|-resisted|p2a: Heracross
|-damage|p2a: Heracross|43/100 brn
|move|p2a: Heracross|Megahorn|p1a: Samurott
|-supereffective|p1a: Samurott
|-damage|p1a: Samurott|0 fnt
|faint|p1a: Samurott
|
|-damage|p2a: Heracross|37/100 brn|[from] brn
|upkeep
|
|t:|1769414237
|switch|p1a: Rillaboom|Rillaboom, M, tera:Grass|39/100 par
|-activate|p1a: Rillaboom|move: Sticky Web
|-unboost|p1a: Rillaboom|spe|1
|-fieldstart|move: Grassy Terrain|[from] ability: Grassy Surge|[of] p1a: Rillaboom
|turn|25
|inactive|Katze 632 has 120 seconds left.
|
|t:|1769414250
|move|p1a: Rillaboom|Grassy Glide|p2a: Heracross
|-resisted|p2a: Heracross
|-damage|p2a: Heracross|2/100 brn
|move|p2a: Heracross|Close Combat|p1a: Rillaboom
|-damage|p1a: Rillaboom|0 fnt
|-unboost|p2a: Heracross|def|1
|-unboost|p2a: Heracross|spd|1
|faint|p1a: Rillaboom
|
|win|jungle and savage
|raw|Katze 632's rating: 1105 &rarr; <strong>1080</strong><br />(-25 for losing)
|raw|jungle and savage's rating: 1102 &rarr; <strong>1127</strong><br />(+25 for winning)
|c|☆Katze 632|Gg
|l|☆Katze 632
|player|p1|
|l|☆jungle and savage
|player|p2|
