|j|☆GMJohnny
|j|☆DivaDia
|t:|1769443532
|gametype|singles
|player|p1|GMJohnny|1|1382
|player|p2|DivaDia|parasollady|1355
|gen|9
|tier|[Gen 9] OU
|rated|
|rule|HP Percentage Mod: HP is shown in percentages
|rule|Endless Battle Clause: Forcing endless battles is banned
|rule|Species Clause: Limit one of each Pokémon
|rule|OHKO Clause: OHKO moves are banned
|rule|Evasion Items Clause: Evasion items are banned
|rule|Evasion Moves Clause: Evasion moves are banned
|rule|Evasion Abilities Clause: Evasion abilities are banned
|rule|Sleep Moves Clause: Sleep-inducing moves are banned
|clearpoke
|poke|p1|Ceruledge, M|
|poke|p1|Quaquaval, F|
|poke|p1|Azelf|
|poke|p1|Dragonite, F|
|poke|p1|Iron Moth|
|poke|p1|Darkrai|
|poke|p2|Frosmoth, M|
|poke|p2|Tornadus-Therian, M|
|poke|p2|Iron Treads|
|poke|p2|Zamazenta-*|
|poke|p2|Ceruledge, M|
|poke|p2|Ogerpon-Wellspring, F|
|teampreview
|inactive|Battle timer is ON: inactive players will automatically lose when time's up. (requested by GMJohnny)
|
|t:|1769443566
|teamsize|p1|6
|teamsize|p2|6
|start
|switch|p1a: Azelf|Azelf|100/100
|switch|p2a: Ceruledge|Ceruledge, M|100/100
|turn|1
|
|t:|1769443577
|move|p1a: Azelf|Taunt|p2a: Ceruledge
|-start|p2a: Ceruledge|move: Taunt
|cant|p2a: Ceruledge|move: Taunt|Taunt
|
|upkeep
|turn|2
|
|t:|1769443582
|move|p1a: Azelf|Stealth Rock|p2a: Ceruledge
|-sidestart|p2: DivaDia|move: Stealth Rock
|move|p2a: Ceruledge|Bitter Blade|p1a: Azelf
|-damage|p1a: Azelf|42/100
|
|upkeep
|turn|3
|
|t:|1769443587
|move|p2a: Ceruledge|Shadow Sneak|p1a: Azelf
|-supereffective|p1a: Azelf
|-damage|p1a: Azelf|0 fnt
|faint|p1a: Azelf
|
|-end|p2a: Ceruledge|move: Taunt
|upkeep
|
|t:|1769443590
|switch|p1a: Quaquaval|Quaquaval, F|100/100
|turn|4
|
|t:|1769443595
|-terastallize|p2a: Ceruledge|Bug
|move|p1a: Quaquaval|Aqua Step|p2a: Ceruledge
|-damage|p2a: Ceruledge|59/100
|-boost|p1a: Quaquaval|spe|1
|move|p2a: Ceruledge|Bulk Up|p2a: Ceruledge
|-boost|p2a: Ceruledge|atk|1
|-boost|p2a: Ceruledge|def|1
|
|upkeep
|turn|5
|
|t:|1769443601
|move|p1a: Quaquaval|Ice Spinner|p2a: Ceruledge
|-damage|p2a: Ceruledge|39/100
|move|p2a: Ceruledge|Bitter Blade|p1a: Quaquaval
|-resisted|p1a: Quaquaval
|-damage|p1a: Quaquaval|62/100
|-heal|p2a: Ceruledge|56/100|[from] drain|[of] p1a: Quaquaval
|
|upkeep
|turn|6
|
|t:|1769443605
|move|p1a: Quaquaval|Aqua Step|p2a: Ceruledge
|-damage|p2a: Ceruledge|26/100
|-boost|p1a: Quaquaval|spe|1
|move|p2a: Ceruledge|Bitter Blade|p1a: Quaquaval
|-resisted|p1a: Quaquaval
|-damage|p1a: Quaquaval|24/100
|-heal|p2a: Ceruledge|43/100|[from] drain|[of] p1a: Quaquaval
|
|upkeep
|turn|7
|
|t:|1769443610
|move|p2a: Ceruledge|Shadow Sneak|p1a: Quaquaval
|-damage|p1a: Quaquaval|0 fnt
|faint|p1a: Quaquaval
|
|upkeep
|
|t:|1769443619
|switch|p1a: Dragonite|Dragonite, F|100/100
|turn|8
|
|t:|1769443626
|move|p1a: Dragonite|Dragon Dance|p1a: Dragonite
|-boost|p1a: Dragonite|atk|1
|-boost|p1a: Dragonite|spe|1
|move|p2a: Ceruledge|Bitter Blade|p1a: Dragonite
|-resisted|p1a: Dragonite
|-damage|p1a: Dragonite|84/100
|-heal|p2a: Ceruledge|51/100|[from] drain|[of] p1a: Dragonite
|
|upkeep
|turn|9
|
|t:|1769443630
|move|p1a: Dragonite|Dragon Dance|p1a: Dragonite
|-boost|p1a: Dragonite|atk|1
|-boost|p1a: Dragonite|spe|1
|move|p2a: Ceruledge|Bitter Blade|p1a: Dragonite
|-resisted|p1a: Dragonite
|-damage|p1a: Dragonite|51/100
|-heal|p2a: Ceruledge|66/100|[from] drain|[of] p1a: Dragonite
|
|upkeep
|turn|10
|
|t:|1769443636
|-terastallize|p1a: Dragonite|Normal
|move|p1a: Dragonite|Extreme Speed|p2a: Ceruledge
|-damage|p2a: Ceruledge|0 fnt
|faint|p2a: Ceruledge
|
|upkeep
|
|t:|1769443642
|switch|p2a: Zamazenta|Zamazenta|100/100
|-damage|p2a: Zamazenta|94/100|[from] Stealth Rock
|-ability|p2a: Zamazenta|Dauntless Shield|boost
|-boost|p2a: Zamazenta|def|1
|turn|11
|
|t:|1769443645
|move|p1a: Dragonite|Extreme Speed|p2a: Zamazenta
|-damage|p2a: Zamazenta|52/100
|move|p2a: Zamazenta|Reflect|p2a: Zamazenta
|-sidestart|p2: DivaDia|Reflect
|
|upkeep
|turn|12
|
|t:|1769443649
|move|p1a: Dragonite|Extreme Speed|p2a: Zamazenta
|-damage|p2a: Zamazenta|30/100
|move|p2a: Zamazenta|Light Screen|p2a: Zamazenta
|-sidestart|p2: DivaDia|move: Light Screen
|
|upkeep
|turn|13
|
|t:|1769443652
|move|p1a: Dragonite|Extreme Speed|p2a: Zamazenta
|-damage|p2a: Zamazenta|9/100
|move|p2a: Zamazenta|Close Combat|p1a: Dragonite
|-supereffective|p1a: Dragonite
|-damage|p1a: Dragonite|0 fnt
|-unboost|p2a: Zamazenta|def|1
|-unboost|p2a: Zamazenta|spd|1
|faint|p1a: Dragonite
|
|upkeep
|
|t:|1769443665
|switch|p1a: Ceruledge|Ceruledge, M|100/100
|turn|14
|
|t:|1769443668
|move|p1a: Ceruledge|Swords Dance|p1a: Ceruledge
|-boost|p1a: Ceruledge|atk|2
|move|p2a: Zamazenta|Roar|p1a: Ceruledge
|drag|p1a: Darkrai|Darkrai|100/100
|
|upkeep
|turn|15
|
|t:|1769443687
|switch|p2a: Iron Treads|Iron Treads|100/100
|-damage|p2a: Iron Treads|97/100|[from] Stealth Rock
|-item|p2a: Iron Treads|Air Balloon
|move|p1a: Darkrai|Nasty Plot|p1a: Darkrai
|-boost|p1a: Darkrai|spa|2
|
|upkeep
|turn|16
|
|t:|1769443694
|move|p1a: Darkrai|Dark Pulse|p2a: Iron Treads
|-damage|p2a: Iron Treads|36/100
|-enditem|p2a: Iron Treads|Air Balloon
|cant|p2a: Iron Treads|flinch
|
|upkeep
|turn|17
|
|t:|1769443698
|move|p1a: Darkrai|Dark Pulse|p2a: Iron Treads
|-damage|p2a: Iron Treads|0 fnt
|faint|p2a: Iron Treads
|-end|p2a: Iron Treads|Quark Drive|[silent]
|
|upkeep
|
|t:|1769443701
|switch|p2a: Frosmoth|Frosmoth, M|100/100
|turn|18
|
|t:|1769443726
|move|p1a: Darkrai|Dark Pulse|p2a: Frosmoth
|-damage|p2a: Frosmoth|71/100
|move|p2a: Frosmoth|Quiver Dance|p2a: Frosmoth
|-boost|p2a: Frosmoth|spa|1
|-boost|p2a: Frosmoth|spd|1
|-boost|p2a: Frosmoth|spe|1
|
|-sideend|p2: DivaDia|Reflect
|upkeep
|turn|19
|
|t:|1769443732
|move|p1a: Darkrai|Dark Pulse|p2a: Frosmoth
|-crit|p2a: Frosmoth
|-damage|p2a: Frosmoth|0 fnt
|faint|p2a: Frosmoth
|
|-sideend|p2: DivaDia|move: Light Screen
|upkeep
|-message|DivaDia forfeited.
|
|win|GMJohnny
|raw|GMJohnny's rating: 1382 &rarr; <strong>1400</strong><br />(+18 for winning)
|raw|DivaDia's rating: 1355 &rarr; <strong>1337</strong><br />(-18 for losing)
|l|☆DivaDia
|player|p2|
|l|☆GMJohnny
|player|p1|
