|j|‽munty12
|j|☆Captain Brusin'
|t:|1769371032
|gametype|singles
|player|p1|munty12|101|1398
|player|p2|Captain Brusin'|harlequin|1392
|gen|9
|tier|[Gen 9] OU
|rated|
|rule|HP Percentage Mod: HP is shown in percentages
|rule|Endless Battle Clause: Forcing endless battles is banned
|rule|Species Clause: Limit one of each Pokémon
|rule|OHKO Clause: OHKO moves are banned
|rule|Evasion Items Clause: Evasion items are banned
|rule|Evasion Moves Clause: Evasion moves are banned
|rule|Evasion Abilities Clause: Evasion abilities are banned
|rule|Sleep Moves Clause: Sleep-inducing moves are banned
|clearpoke
|poke|p1|Gallade, M|
|poke|p1|Rotom-Wash|
|poke|p1|Empoleon, F|
|poke|p1|Breloom, F|
|poke|p1|Palossand, F|
|poke|p1|Scizor, M|
|poke|p2|Rillaboom, F|
|poke|p2|Heatran, M|
|poke|p2|Alomomola, F|
|poke|p2|Hydreigon, M|
|poke|p2|Tornadus-Therian, M|
|poke|p2|Cinderace, M|
|teampreview
|
|t:|1769371051
|teamsize|p1|6
|teamsize|p2|6
|start
|switch|p1a: Rotom|Rotom-Wash|100/100
|switch|p2a: Rillaboom|Rillaboom, F, shiny|100/100
|-fieldstart|move: Grassy Terrain|[from] ability: Grassy Surge|[of] p2a: Rillaboom
|turn|1
|
|t:|1769371065
|switch|p1a: Scizor|Scizor, M|100/100
|move|p2a: Rillaboom|Grassy Glide|p1a: Scizor
|-resisted|p1a: Scizor
|-damage|p1a: Scizor|88/100
|-damage|p2a: Rillaboom|91/100|[from] item: Life Orb
|
|-heal|p2a: Rillaboom|97/100|[from] Grassy Terrain
|-heal|p1a: Scizor|94/100|[from] Grassy Terrain
|-heal|p1a: Scizor|100/100|[from] item: Leftovers
|upkeep
|turn|2
|
|t:|1769371071
|switch|p2a: Alomomola|Alomomola, F, shiny|100/100
|move|p1a: Scizor|Knock Off|p2a: Alomomola
|-damage|p2a: Alomomola|79/100
|-enditem|p2a: Alomomola|Heavy-Duty Boots|[from] move: Knock Off|[of] p1a: Scizor
|
|-heal|p2a: Alomomola|85/100|[from] Grassy Terrain
|upkeep
|turn|3
|
|t:|1769371096
|move|p1a: Scizor|U-turn|p2a: Alomomola
|-damage|p2a: Alomomola|59/100
|
|t:|1769371099
|switch|p1a: Rotom|Rotom-Wash|100/100|[from] U-turn
|move|p2a: Alomomola|Flip Turn|p1a: Rotom
|-resisted|p1a: Rotom
|-damage|p1a: Rotom|89/100
|
|t:|1769371107
|switch|p2a: Rillaboom|Rillaboom, F, shiny|97/100|[from] Flip Turn
|
|-heal|p2a: Rillaboom|100/100|[from] Grassy Terrain
|upkeep
|turn|4
|
|t:|1769371110
|move|p1a: Rotom|Volt Switch|p2a: Rillaboom
|-resisted|p2a: Rillaboom
|-damage|p2a: Rillaboom|68/100
|
|t:|1769371115
|switch|p1a: Scizor|Scizor, M|100/100|[from] Volt Switch
|move|p2a: Rillaboom|Swords Dance|p2a: Rillaboom
|-boost|p2a: Rillaboom|atk|2
|
|-heal|p2a: Rillaboom|74/100|[from] Grassy Terrain
|upkeep
|turn|5
|
|t:|1769371156
|move|p2a: Rillaboom|Low Kick|p1a: Scizor
|-damage|p1a: Scizor|16/100
|-damage|p2a: Rillaboom|64/100|[from] item: Life Orb
|move|p1a: Scizor|U-turn|p2a: Rillaboom
|-supereffective|p2a: Rillaboom
|-damage|p2a: Rillaboom|0 fnt
|faint|p2a: Rillaboom
|
|t:|1769371165
|switch|p1a: Rotom|Rotom-Wash|89/100|[from] U-turn
|
|-fieldend|move: Grassy Terrain
|upkeep
|
|t:|1769371169
|switch|p2a: Hydreigon|Hydreigon, M, shiny|100/100
|turn|6
|
|t:|1769371175
|switch|p1a: Empoleon|Empoleon, F|100/100
|move|p2a: Hydreigon|Dark Pulse|p1a: Empoleon
|-damage|p1a: Empoleon|67/100
|
|upkeep
|turn|7
|
|t:|1769371184
|switch|p2a: Tornadus|Tornadus-Therian, M, shiny|100/100
|move|p1a: Empoleon|Ice Beam|p2a: Tornadus
|-supereffective|p2a: Tornadus
|-damage|p2a: Tornadus|59/100
|
|upkeep
|turn|8
|
|t:|1769371191
|move|p2a: Tornadus|Knock Off|p1a: Empoleon
|-crit|p1a: Empoleon
|-damage|p1a: Empoleon|30/100
|-enditem|p1a: Empoleon|Assault Vest|[from] move: Knock Off|[of] p2a: Tornadus
|move|p1a: Empoleon|Ice Beam|p2a: Tornadus
|-supereffective|p2a: Tornadus
|-damage|p2a: Tornadus|19/100
|
|upkeep
|turn|9
|
|t:|1769371198
|move|p2a: Tornadus|U-turn|p1a: Empoleon
|-resisted|p1a: Empoleon
|-damage|p1a: Empoleon|20/100
|
|t:|1769371201
|switch|p2a: Alomomola|Alomomola, F, shiny|92/100|[from] U-turn
|move|p1a: Empoleon|Ice Beam|p2a: Alomomola
|-resisted|p2a: Alomomola
|-damage|p2a: Alomomola|80/100
|
|upkeep
|turn|10
|
|t:|1769371211
|move|p1a: Empoleon|Flash Cannon|p2a: Alomomola
|-resisted|p2a: Alomomola
|-damage|p2a: Alomomola|62/100
|move|p2a: Alomomola|Flip Turn|p1a: Empoleon
|-resisted|p1a: Empoleon
|-damage|p1a: Empoleon|10/100
|
|t:|1769371220
|switch|p2a: Tornadus|Tornadus-Therian, M, shiny|52/100|[from] Flip Turn
|
|upkeep
|turn|11
|
|t:|1769371223
|move|p2a: Tornadus|Heat Wave|p1a: Empoleon
|-damage|p1a: Empoleon|0 fnt
|faint|p1a: Empoleon
|
|upkeep
|
|t:|1769371232
|switch|p1a: Gallade|Gallade, M, shiny|100/100
|turn|12
|
|t:|1769371238
|move|p1a: Gallade|Psycho Cut|p2a: Tornadus
|-crit|p2a: Tornadus
|-damage|p2a: Tornadus|0 fnt
|faint|p2a: Tornadus
|
|upkeep
|
|t:|1769371242
|switch|p2a: Hydreigon|Hydreigon, M, shiny|100/100
|turn|13
|
|t:|1769371250
|switch|p1a: Scizor|Scizor, M|16/100
|move|p2a: Hydreigon|Dark Pulse|p1a: Scizor
|-damage|p1a: Scizor|0 fnt
|faint|p1a: Scizor
|
|upkeep
|
|t:|1769371257
|switch|p1a: Gallade|Gallade, M, shiny|100/100
|turn|14
|
|t:|1769371266
|switch|p2a: Alomomola|Alomomola, F, shiny|95/100
|move|p1a: Gallade|Sacred Sword|p2a: Alomomola
|-damage|p2a: Alomomola|47/100
|
|upkeep
|turn|15
|
|t:|1769371276
|move|p1a: Gallade|Sacred Sword|p2a: Alomomola
|-damage|p2a: Alomomola|2/100
|move|p2a: Alomomola|Flip Turn|p1a: Gallade
|-damage|p1a: Gallade|71/100
|
|t:|1769371280
|switch|p2a: Cinderace|Cinderace, M|100/100|[from] Flip Turn
|
|upkeep
|turn|16
|
|t:|1769371288
|switch|p1a: Rotom|Rotom-Wash|89/100
|move|p2a: Cinderace|U-turn|p1a: Rotom
|-start|p2a: Cinderace|typechange|Bug|[from] ability: Libero
|-damage|p1a: Rotom|47/100
|
|t:|1769371293
|switch|p2a: Hydreigon|Hydreigon, M, shiny|100/100|[from] U-turn
|
|upkeep
|turn|17
|
|t:|1769371300
|move|p2a: Hydreigon|Dark Pulse|p1a: Rotom
|-damage|p1a: Rotom|0 fnt
|faint|p1a: Rotom
|
|upkeep
|
|t:|1769371302
|switch|p1a: Gallade|Gallade, M, shiny|71/100
|turn|18
|
|t:|1769371310
|switch|p2a: Cinderace|Cinderace, M|100/100
|move|p1a: Gallade|Sacred Sword|p2a: Cinderace
|-damage|p2a: Cinderace|0 fnt
|faint|p2a: Cinderace
|
|upkeep
|
|t:|1769371318
|switch|p2a: Alomomola|Alomomola, F, shiny|35/100
|turn|19
|
|t:|1769371324
|-terastallize|p2a: Alomomola|Ghost
|move|p1a: Gallade|Sacred Sword|p2a: Alomomola
|-immune|p2a: Alomomola
|move|p2a: Alomomola|Flip Turn|p1a: Gallade
|-damage|p1a: Gallade|43/100
|
|t:|1769371328
|switch|p2a: Hydreigon|Hydreigon, M, shiny|100/100|[from] Flip Turn
|
|upkeep
|turn|20
|
|t:|1769371335
|switch|p1a: Palossand|Palossand, F|100/100
|switch|p2a: Alomomola|Alomomola, F, shiny, tera:Ghost|69/100
|
|upkeep
|turn|21
|
|t:|1769371346
|move|p2a: Alomomola|Flip Turn|p1a: Palossand
|-supereffective|p1a: Palossand
|-damage|p1a: Palossand|75/100
|-ability|p1a: Palossand|Water Compaction|boost
|-boost|p1a: Palossand|def|2
|
|t:|1769371349
|switch|p2a: Hydreigon|Hydreigon, M, shiny|100/100|[from] Flip Turn
|move|p1a: Palossand|Shadow Ball|p2a: Hydreigon
|-resisted|p2a: Hydreigon
|-damage|p2a: Hydreigon|82/100
|
|-heal|p1a: Palossand|82/100|[from] item: Leftovers
|upkeep
|turn|22
|
|t:|1769371355
|move|p2a: Hydreigon|Dark Pulse|p1a: Palossand
|-supereffective|p1a: Palossand
|-damage|p1a: Palossand|0 fnt
|faint|p1a: Palossand
|
|upkeep
|
|t:|1769371362
|switch|p1a: Breloom|Breloom, F|100/100
|turn|23
|
|t:|1769371367
|switch|p2a: Alomomola|Alomomola, F, shiny, tera:Ghost|100/100
|move|p1a: Breloom|Bullet Seed|p2a: Alomomola
|-damage|p2a: Alomomola|80/100
|-damage|p2a: Alomomola|60/100
|-damage|p2a: Alomomola|40/100
|-hitcount|p2a: Alomomola|3
|
|upkeep
|turn|24
|
|t:|1769371377
|switch|p2a: Heatran|Heatran, M, shiny|100/100
|move|p1a: Breloom|Bullet Seed|p2a: Heatran
|-resisted|p2a: Heatran
|-damage|p2a: Heatran|93/100
|-resisted|p2a: Heatran
|-damage|p2a: Heatran|87/100
|-resisted|p2a: Heatran
|-damage|p2a: Heatran|80/100
|-hitcount|p2a: Heatran|3
|
|-heal|p2a: Heatran|87/100|[from] item: Leftovers
|upkeep
|turn|25
|
|t:|1769371386
|switch|p1a: Gallade|Gallade, M, shiny|43/100
|move|p2a: Heatran|Magma Storm|p1a: Gallade
|-damage|p1a: Gallade|0 fnt
|faint|p1a: Gallade
|
|-heal|p2a: Heatran|93/100|[from] item: Leftovers
|upkeep
|
|t:|1769371389
|switch|p1a: Breloom|Breloom, F|100/100
|turn|26
|
|t:|1769371393
|-terastallize|p1a: Breloom|Fighting
|move|p2a: Heatran|Protect|p2a: Heatran
|-singleturn|p2a: Heatran|Protect
|move|p1a: Breloom|Rock Tomb|p2a: Heatran
|-activate|p2a: Heatran|move: Protect
|
|-heal|p2a: Heatran|99/100|[from] item: Leftovers
|upkeep
|turn|27
|
|t:|1769371401
|move|p1a: Breloom|Rock Tomb|p2a: Heatran
|-damage|p2a: Heatran|55/100
|-unboost|p2a: Heatran|spe|1
|move|p2a: Heatran|Magma Storm|p1a: Breloom
|-damage|p1a: Breloom|11/100
|-activate|p1a: Breloom|move: Magma Storm|[of] p2a: Heatran
|
|-heal|p2a: Heatran|61/100|[from] item: Leftovers
|-damage|p1a: Breloom|0 fnt|[from] move: Magma Storm|[partiallytrapped]
|faint|p1a: Breloom
|
|win|Captain Brusin'
|raw|munty12's rating: 1398 &rarr; <strong>1378</strong><br />(-20 for losing)
|raw|Captain Brusin&apos;'s rating: 1392 &rarr; <strong>1412</strong><br />(+20 for winning)
|l|☆Captain Brusin'
|player|p2|
|l|‽munty12
|player|p1|
