|j|☆steveurkle
|j|☆ferrydiscs
|t:|1769367850
|gametype|singles
|player|p1|steveurkle|170|1478
|player|p2|ferrydiscs|will|1542
|gen|9
|tier|[Gen 9] OU
|rated|
|rule|HP Percentage Mod: HP is shown in percentages
|rule|Endless Battle Clause: Forcing endless battles is banned
|rule|Species Clause: Limit one of each Pokémon
|rule|OHKO Clause: OHKO moves are banned
|rule|Evasion Items Clause: Evasion items are banned
|rule|Evasion Moves Clause: Evasion moves are banned
|rule|Evasion Abilities Clause: Evasion abilities are banned
|rule|Sleep Moves Clause: Sleep-inducing moves are banned
|clearpoke
|poke|p1|Dragapult, F|
|poke|p1|Weezing-Galar, F|
|poke|p1|Slowking, M|
|poke|p1|Iron Boulder|
|poke|p1|Ting-Lu|
|poke|p1|Pelipper, M|
|poke|p2|Tyranitar, M|
|poke|p2|Excadrill, M|
|poke|p2|Tornadus-Therian, M|
|poke|p2|Tinkaton, F|
|poke|p2|Sinistcha|
|poke|p2|Toxapex, M|
|teampreview
|inactive|Battle timer is ON: inactive players will automatically lose when time's up. (requested by steveurkle)
|
|t:|1769367861
|teamsize|p1|6
|teamsize|p2|6
|start
|switch|p1a: Dragapult|Dragapult, F|100/100
|switch|p2a: Tinkaton|Tinkaton, F, shiny|100/100
|-item|p2a: Tinkaton|Air Balloon
|turn|1
|
|t:|1769367868
|move|p1a: Dragapult|U-turn|p2a: Tinkaton
|-resisted|p2a: Tinkaton
|-damage|p2a: Tinkaton|89/100
|-enditem|p2a: Tinkaton|Air Balloon
|-enditem|p1a: Dragapult|Choice Band|[silent]|[from] ability: Pickpocket|[of] p1a: Dragapult
|-item|p2a: Tinkaton|Choice Band|[from] ability: Pickpocket|[of] p1a: Dragapult
|
|t:|1769367883
|switch|p1a: Slowking|Slowking, M|100/100|[from] U-turn
|move|p2a: Tinkaton|Stealth Rock|p1a: Slowking
|-sidestart|p1: steveurkle|move: Stealth Rock
|
|upkeep
|turn|2
|
|t:|1769367890
|switch|p2a: Toxapex|Toxapex, M, shiny|100/100
|move|p1a: Slowking|Scald|p2a: Toxapex
|-resisted|p2a: Toxapex
|-damage|p2a: Toxapex|92/100
|-status|p2a: Toxapex|brn
|-enditem|p2a: Toxapex|Eject Button
|
|t:|1769367893
|switch|p2a: Tyranitar|Tyranitar, M, shiny|100/100
|-weather|Sandstorm|[from] ability: Sand Stream|[of] p2a: Tyranitar
|
|-weather|Sandstorm|[upkeep]
|-damage|p1a: Slowking|94/100|[from] Sandstorm
|upkeep
|turn|3
|
|t:|1769367905
|move|p2a: Tyranitar|Knock Off|p1a: Slowking
|-supereffective|p1a: Slowking
|-crit|p1a: Slowking
|-enditem|p1a: Slowking|Colbur Berry|[eat]
|-enditem|p1a: Slowking|Colbur Berry|[weaken]
|-damage|p1a: Slowking|0 fnt
|faint|p1a: Slowking
|
|-weather|Sandstorm|[upkeep]
|upkeep
|c|☆ferrydiscs|sry
|c|☆steveurkle|Bruh lmao
|inactive|steveurkle has 120 seconds left.
|
|t:|1769367932
|switch|p1a: Dragapult|Dragapult, F|100/100
|-damage|p1a: Dragapult|88/100|[from] Stealth Rock
|turn|4
|
|t:|1769367938
|switch|p2a: Toxapex|Toxapex, M, shiny|100/100 brn
|move|p1a: Dragapult|U-turn|p2a: Toxapex
|-resisted|p2a: Toxapex
|-damage|p2a: Toxapex|93/100 brn
|
|t:|1769367945
|switch|p1a: Weezing|Weezing-Galar, F|100/100|[from] U-turn
|-ability|p1a: Weezing|Neutralizing Gas
|-damage|p1a: Weezing|88/100|[from] Stealth Rock
|
|-weather|Sandstorm|[upkeep]
|-damage|p1a: Weezing|82/100|[from] Sandstorm
|-damage|p2a: Toxapex|87/100 brn|[from] Sandstorm
|-damage|p2a: Toxapex|81/100 brn|[from] brn
|upkeep
|turn|5
|
|t:|1769367961
|switch|p2a: Tornadus|Tornadus-Therian, M, shiny|100/100
|move|p1a: Weezing|Defog|p2a: Tornadus
|-unboost|p2a: Tornadus|evasion|1
|-sideend|p1: steveurkle|Stealth Rock|[from] move: Defog|[of] p1a: Weezing
|
|-weather|Sandstorm|[upkeep]
|-damage|p2a: Tornadus|94/100|[from] Sandstorm
|-damage|p1a: Weezing|76/100|[from] Sandstorm
|upkeep
|turn|6
|
|t:|1769367971
|move|p2a: Tornadus|Grass Knot|p1a: Weezing
|-resisted|p1a: Weezing
|-damage|p1a: Weezing|63/100
|-damage|p2a: Tornadus|78/100|[from] item: Rocky Helmet|[of] p1a: Weezing
|move|p1a: Weezing|Sludge Bomb|p2a: Tornadus
|-crit|p2a: Tornadus
|-damage|p2a: Tornadus|26/100
|
|-weather|none
|upkeep
|turn|7
|
|t:|1769367980
|switch|p2a: Excadrill|Excadrill, M, shiny|100/100
|move|p1a: Weezing|Sludge Bomb|p2a: Excadrill
|-immune|p2a: Excadrill
|
|upkeep
|turn|8
|
|t:|1769367989
|-end|p1a: Weezing|ability: Neutralizing Gas
|switch|p1a: Pelipper|Pelipper, M|100/100
|-weather|RainDance|[from] ability: Drizzle|[of] p1a: Pelipper
|move|p2a: Excadrill|Earthquake|p1a: Pelipper
|-immune|p1a: Pelipper
|
|-weather|RainDance|[upkeep]
|upkeep
|turn|9
|
|t:|1769368004
|move|p2a: Excadrill|Substitute|p2a: Excadrill
|-start|p2a: Excadrill|Substitute
|-damage|p2a: Excadrill|76/100
|move|p1a: Pelipper|Hurricane|p2a: Excadrill
|-resisted|p2a: Excadrill
|-end|p2a: Excadrill|Substitute
|
|-weather|RainDance|[upkeep]
|-heal|p2a: Excadrill|82/100|[from] item: Leftovers
|upkeep
|turn|10
|
|t:|1769368023
|switch|p2a: Tyranitar|Tyranitar, M, shiny|100/100
|-weather|Sandstorm|[from] ability: Sand Stream|[of] p2a: Tyranitar
|switch|p1a: Dragapult|Dragapult, F|88/100
|
|-weather|Sandstorm|[upkeep]
|-damage|p1a: Dragapult|82/100|[from] Sandstorm
|upkeep
|turn|11
|
|t:|1769368034
|move|p1a: Dragapult|U-turn|p2a: Tyranitar
|-supereffective|p2a: Tyranitar
|-damage|p2a: Tyranitar|57/100
|
|t:|1769368040
|switch|p1a: Pelipper|Pelipper, M|100/100|[from] U-turn
|-weather|RainDance|[from] ability: Drizzle|[of] p1a: Pelipper
|move|p2a: Tyranitar|Knock Off|p1a: Pelipper
|-damage|p1a: Pelipper|16/100
|-enditem|p1a: Pelipper|Choice Specs|[from] move: Knock Off|[of] p2a: Tyranitar
|
|-weather|RainDance|[upkeep]
|upkeep
|turn|12
|
|t:|1769368055
|switch|p2a: Toxapex|Toxapex, M, shiny|81/100 brn
|move|p1a: Pelipper|Hydro Pump|p2a: Toxapex
|-resisted|p2a: Toxapex
|-damage|p2a: Toxapex|54/100 brn
|
|-weather|RainDance|[upkeep]
|-damage|p2a: Toxapex|48/100 brn|[from] brn
|upkeep
|turn|13
|
|t:|1769368069
|switch|p2a: Excadrill|Excadrill, M, shiny|82/100
|move|p1a: Pelipper|Hydro Pump|p2a: Excadrill
|-supereffective|p2a: Excadrill
|-damage|p2a: Excadrill|0 fnt
|faint|p2a: Excadrill
|
|-weather|RainDance|[upkeep]
|upkeep
|
|t:|1769368074
|switch|p2a: Tornadus|Tornadus-Therian, M, shiny|26/100
|turn|14
|
|t:|1769368081
|switch|p1a: Ting-Lu|Ting-Lu|100/100
|-ability|p1a: Ting-Lu|Vessel of Ruin
|move|p2a: Tornadus|Weather Ball|p1a: Ting-Lu
|-supereffective|p1a: Ting-Lu
|-damage|p1a: Ting-Lu|43/100
|
|-weather|RainDance|[upkeep]
|-heal|p1a: Ting-Lu|49/100|[from] item: Leftovers
|upkeep
|turn|15
|
|t:|1769368099
|switch|p1a: Dragapult|Dragapult, F|82/100
|move|p2a: Tornadus|Weather Ball|p1a: Dragapult
|-resisted|p1a: Dragapult
|-damage|p1a: Dragapult|33/100
|
|-weather|none
|upkeep
|turn|16
|
|t:|1769368108
|switch|p2a: Tinkaton|Tinkaton, F, shiny|89/100
|move|p1a: Dragapult|U-turn|p2a: Tinkaton
|-resisted|p2a: Tinkaton
|-crit|p2a: Tinkaton
|-damage|p2a: Tinkaton|78/100
|
|t:|1769368120
|switch|p1a: Pelipper|Pelipper, M|16/100|[from] U-turn
|-weather|RainDance|[from] ability: Drizzle|[of] p1a: Pelipper
|
|-weather|RainDance|[upkeep]
|upkeep
|turn|17
|
|t:|1769368137
|switch|p1a: Ting-Lu|Ting-Lu|49/100
|-ability|p1a: Ting-Lu|Vessel of Ruin
|move|p2a: Tinkaton|Gigaton Hammer|p1a: Ting-Lu
|-damage|p1a: Ting-Lu|3/100
|
|-weather|RainDance|[upkeep]
|-heal|p1a: Ting-Lu|9/100|[from] item: Leftovers
|upkeep
|turn|18
|
|t:|1769368147
|switch|p2a: Tornadus|Tornadus-Therian, M, shiny|59/100
|move|p1a: Ting-Lu|Stealth Rock|p2a: Tornadus
|-sidestart|p2: ferrydiscs|move: Stealth Rock
|
|-weather|RainDance|[upkeep]
|-heal|p1a: Ting-Lu|15/100|[from] item: Leftovers
|upkeep
|turn|19
|
|t:|1769368157
|move|p2a: Tornadus|Weather Ball|p1a: Ting-Lu
|-supereffective|p1a: Ting-Lu
|-damage|p1a: Ting-Lu|0 fnt
|faint|p1a: Ting-Lu
|
|-weather|RainDance|[upkeep]
|upkeep
|inactive|steveurkle has 120 seconds left.
|
|t:|1769368177
|switch|p1a: Dragapult|Dragapult, F|33/100
|turn|20
|
|t:|1769368182
|move|p1a: Dragapult|U-turn|p2a: Tornadus
|-resisted|p2a: Tornadus
|-damage|p2a: Tornadus|44/100
|
|t:|1769368188
|switch|p1a: Iron Boulder|Iron Boulder|100/100|[from] U-turn
|-enditem|p1a: Iron Boulder|Booster Energy
|-activate|p1a: Iron Boulder|ability: Quark Drive|[fromitem]
|-start|p1a: Iron Boulder|quarkdrivespe
|move|p2a: Tornadus|Weather Ball|p1a: Iron Boulder
|-supereffective|p1a: Iron Boulder
|-damage|p1a: Iron Boulder|0 fnt
|faint|p1a: Iron Boulder
|-end|p1a: Iron Boulder|Quark Drive|[silent]
|
|-weather|none
|upkeep
|
|t:|1769368201
|switch|p1a: Dragapult|Dragapult, F|33/100
|turn|21
|
|t:|1769368207
|switch|p2a: Tinkaton|Tinkaton, F, shiny|78/100
|-damage|p2a: Tinkaton|72/100|[from] Stealth Rock
|move|p1a: Dragapult|U-turn|p2a: Tinkaton
|-resisted|p2a: Tinkaton
|-damage|p2a: Tinkaton|64/100
|inactive|steveurkle has 120 seconds left.
|
|t:|1769368222
|switch|p1a: Weezing|Weezing-Galar, F|63/100|[from] U-turn
|-ability|p1a: Weezing|Neutralizing Gas
|
|upkeep
|turn|22
|
|t:|1769368232
|move|p2a: Tinkaton|Gigaton Hammer|p1a: Weezing
|-supereffective|p1a: Weezing
|-damage|p1a: Weezing|0 fnt
|faint|p1a: Weezing
|-end|p1a: Weezing|ability: Neutralizing Gas
|
|upkeep
|
|t:|1769368240
|switch|p1a: Pelipper|Pelipper, M|16/100
|-weather|RainDance|[from] ability: Drizzle|[of] p1a: Pelipper
|turn|23
|
|t:|1769368251
|switch|p2a: Sinistcha|Sinistcha, shiny|100/100
|-damage|p2a: Sinistcha|88/100|[from] Stealth Rock
|move|p1a: Pelipper|U-turn|p2a: Sinistcha
|-damage|p2a: Sinistcha|83/100
|
|t:|1769368257
|switch|p1a: Dragapult|Dragapult, F|33/100|[from] U-turn
|
|-weather|RainDance|[upkeep]
|-heal|p2a: Sinistcha|89/100|[from] item: Leftovers
|upkeep
|turn|24
|
|t:|1769368274
|move|p1a: Dragapult|Phantom Force||[still]
|-prepare|p1a: Dragapult|Phantom Force
|move|p2a: Sinistcha|Shadow Ball|p1a: Dragapult|[miss]
|-miss|p2a: Sinistcha|p1a: Dragapult
|
|-weather|RainDance|[upkeep]
|-heal|p2a: Sinistcha|95/100|[from] item: Leftovers
|upkeep
|turn|25
|
|t:|1769368281
|move|p1a: Dragapult|Phantom Force|p2a: Sinistcha|[from] lockedmove
|-supereffective|p2a: Sinistcha
|-damage|p2a: Sinistcha|38/100
|move|p2a: Sinistcha|Shadow Ball|p1a: Dragapult
|-supereffective|p1a: Dragapult
|-damage|p1a: Dragapult|0 fnt
|faint|p1a: Dragapult
|
|-weather|RainDance|[upkeep]
|-heal|p2a: Sinistcha|44/100|[from] item: Leftovers
|upkeep
|-message|steveurkle forfeited.
|
|win|ferrydiscs
|raw|steveurkle's rating: 1478 &rarr; <strong>1462</strong><br />(-16 for losing)
|raw|ferrydiscs's rating: 1542 &rarr; <strong>1558</strong><br />(+16 for winning)
|l|☆steveurkle
|player|p1|
