|j|☆slave of society
|j|☆Fatty Mama
|t:|1769382003
|gametype|singles
|player|p1|slave of society|shadowtriad|1467
|player|p2|Fatty Mama|touristf2|1429
|gen|9
|tier|[Gen 9] OU
|rated|
|rule|HP Percentage Mod: HP is shown in percentages
|rule|Endless Battle Clause: Forcing endless battles is banned
|rule|Species Clause: Limit one of each Pokémon
|rule|OHKO Clause: OHKO moves are banned
|rule|Evasion Items Clause: Evasion items are banned
|rule|Evasion Moves Clause: Evasion moves are banned
|rule|Evasion Abilities Clause: Evasion abilities are banned
|rule|Sleep Moves Clause: Sleep-inducing moves are banned
|clearpoke
|poke|p1|Ceruledge, F|
|poke|p1|Hatterene, F|
|poke|p1|Ninetales-Alola, F|
|poke|p1|Darkrai|
|poke|p1|Zamazenta-*|
|poke|p1|Kyurem|
|poke|p2|Slowking-Galar, M|
|poke|p2|Kyurem|
|poke|p2|Pecharunt|
|poke|p2|Cinderace, F|
|poke|p2|Samurott-Hisui, M|
|poke|p2|Landorus-Therian, M|
|teampreview
|inactive|Battle timer is ON: inactive players will automatically lose when time's up. (requested by Fatty Mama)
|inactive|slave of society has 120 seconds left.
|
|t:|1769382037
|teamsize|p1|6
|teamsize|p2|6
|start
|switch|p1a: Hatterene|Hatterene, F|100/100
|switch|p2a: Cinderace|Cinderace, F|100/100
|turn|1
|
|t:|1769382052
|move|p2a: Cinderace|Pyro Ball|p1a: Hatterene|[miss]
|-miss|p2a: Cinderace|p1a: Hatterene
|move|p1a: Hatterene|Psyshock|p2a: Cinderace
|-damage|p2a: Cinderace|50/100
|
|upkeep
|turn|2
|
|t:|1769382069
|move|p2a: Cinderace|U-turn|p1a: Hatterene
|-start|p2a: Cinderace|typechange|Bug|[from] ability: Libero
|-damage|p1a: Hatterene|72/100
|inactive|Fatty Mama has 120 seconds left.
|
|t:|1769382085
|switch|p2a: Slowking|Slowking-Galar, M|100/100|[from] U-turn
|move|p1a: Hatterene|Psyshock|p2a: Slowking
|-damage|p2a: Slowking|60/100
|
|-heal|p1a: Hatterene|78/100|[from] item: Leftovers
|upkeep
|turn|3
|inactive|Fatty Mama has 120 seconds left.
|
|t:|1769382101
|switch|p1a: Darkrai|Darkrai|100/100
|move|p2a: Slowking|Sludge Bomb|p1a: Darkrai
|-damage|p1a: Darkrai|59/100
|
|-heal|p1a: Darkrai|65/100|[from] item: Leftovers
|upkeep
|turn|4
|inactive|Fatty Mama has 120 seconds left.
|
|t:|1769382125
|switch|p2a: Samurott|Samurott-Hisui, M|100/100
|move|p1a: Darkrai|Dark Pulse|p2a: Samurott
|-resisted|p2a: Samurott
|-damage|p2a: Samurott|65/100
|
|-heal|p1a: Darkrai|71/100|[from] item: Leftovers
|upkeep
|turn|5
|
|t:|1769382142
|switch|p1a: Ninetales|Ninetales-Alola, F|100/100
|-weather|Snowscape|[from] ability: Snow Warning|[of] p1a: Ninetales
|move|p2a: Samurott|Ceaseless Edge|p1a: Ninetales
|-resisted|p1a: Ninetales
|-damage|p1a: Ninetales|82/100
|-sidestart|p1: slave of society|Spikes
|
|-weather|Snowscape|[upkeep]
|upkeep
|turn|6
|inactive|slave of society has 120 seconds left.
|
|t:|1769382173
|switch|p1a: Zamazenta|Zamazenta|100/100
|-damage|p1a: Zamazenta|88/100|[from] Spikes
|-ability|p1a: Zamazenta|Dauntless Shield|boost
|-boost|p1a: Zamazenta|def|1
|move|p2a: Samurott|Ceaseless Edge|p1a: Zamazenta
|-resisted|p1a: Zamazenta
|-damage|p1a: Zamazenta|78/100
|-sidestart|p1: slave of society|Spikes
|
|-weather|Snowscape|[upkeep]
|upkeep
|turn|7
|
|t:|1769382189
|switch|p1a: Darkrai|Darkrai|71/100
|-damage|p1a: Darkrai|54/100|[from] Spikes
|move|p2a: Samurott|Ceaseless Edge|p1a: Darkrai
|-resisted|p1a: Darkrai
|-damage|p1a: Darkrai|24/100
|-sidestart|p1: slave of society|Spikes
|
|-weather|Snowscape|[upkeep]
|-heal|p1a: Darkrai|30/100|[from] item: Leftovers
|upkeep
|turn|8
|inactive|Fatty Mama has 90 seconds left.
|
|t:|1769382204
|move|p2a: Samurott|Ceaseless Edge|p1a: Darkrai
|-resisted|p1a: Darkrai
|-damage|p1a: Darkrai|3/100
|move|p1a: Darkrai|Focus Blast|p2a: Samurott
|-supereffective|p2a: Samurott
|-damage|p2a: Samurott|0 fnt
|faint|p2a: Samurott
|
|-weather|Snowscape|[upkeep]
|-heal|p1a: Darkrai|9/100|[from] item: Leftovers
|upkeep
|inactive|Fatty Mama has 90 seconds left.
|
|t:|1769382220
|switch|p2a: Cinderace|Cinderace, F|50/100
|turn|9
|
|t:|1769382235
|move|p2a: Cinderace|Sucker Punch|p1a: Darkrai
|-start|p2a: Cinderace|typechange|Dark|[from] ability: Libero
|-resisted|p1a: Darkrai
|-damage|p1a: Darkrai|0 fnt
|faint|p1a: Darkrai
|
|-weather|none
|upkeep
|inactive|slave of society has 120 seconds left.
|
|t:|1769382258
|switch|p1a: Zamazenta|Zamazenta|78/100
|-damage|p1a: Zamazenta|53/100|[from] Spikes
|turn|10
|
|t:|1769382273
|switch|p2a: Landorus|Landorus-Therian, M|100/100
|-ability|p2a: Landorus|Intimidate|boost
|-unboost|p1a: Zamazenta|atk|1
|move|p1a: Zamazenta|Body Press|p2a: Landorus
|-resisted|p2a: Landorus
|-damage|p2a: Landorus|82/100
|-damage|p1a: Zamazenta|37/100|[from] item: Rocky Helmet|[of] p2a: Landorus
|
|upkeep
|turn|11
|
|t:|1769382289
|move|p1a: Zamazenta|Rest|p1a: Zamazenta
|-status|p1a: Zamazenta|slp|[from] move: Rest
|-heal|p1a: Zamazenta|100/100 slp|[silent]
|-enditem|p1a: Zamazenta|Chesto Berry|[eat]
|-curestatus|p1a: Zamazenta|slp|[msg]
|move|p2a: Landorus|Stealth Rock|p1a: Zamazenta
|-sidestart|p1: slave of society|move: Stealth Rock
|
|upkeep
|turn|12
|inactive|slave of society has 120 seconds left.
|
|t:|1769382316
|switch|p1a: Hatterene|Hatterene, F|78/100
|-damage|p1a: Hatterene|53/100|[from] Spikes
|-damage|p1a: Hatterene|41/100|[from] Stealth Rock
|move|p2a: Landorus|Earthquake|p1a: Hatterene
|-damage|p1a: Hatterene|0 fnt
|faint|p1a: Hatterene
|
|upkeep
|
|t:|1769382321
|switch|p1a: Kyurem|Kyurem|100/100
|-damage|p1a: Kyurem|76/100|[from] Spikes
|-damage|p1a: Kyurem|51/100|[from] Stealth Rock
|-ability|p1a: Kyurem|Pressure
|turn|13
|inactive|slave of society has 120 seconds left.
|
|t:|1769382336
|move|p2a: Landorus|Earthquake|p1a: Kyurem
|-damage|p1a: Kyurem|0 fnt
|faint|p1a: Kyurem
|
|upkeep
|inactive|slave of society has 120 seconds left.
|
|t:|1769382343
|switch|p1a: Ninetales|Ninetales-Alola, F|82/100
|-damage|p1a: Ninetales|57/100|[from] Spikes
|-damage|p1a: Ninetales|33/100|[from] Stealth Rock
|-weather|Snowscape|[from] ability: Snow Warning|[of] p1a: Ninetales
|turn|14
|
|t:|1769382358
|switch|p2a: Cinderace|Cinderace, F|50/100
|move|p1a: Ninetales|Aurora Veil|p1a: Ninetales
|-sidestart|p1: slave of society|move: Aurora Veil
|
|-weather|Snowscape|[upkeep]
|upkeep
|turn|15
|inactive|Fatty Mama has 60 seconds left.
|
|t:|1769382373
|move|p2a: Cinderace|Pyro Ball|p1a: Ninetales
|-supereffective|p1a: Ninetales
|-damage|p1a: Ninetales|0 fnt
|faint|p1a: Ninetales
|
|-weather|Snowscape|[upkeep]
|upkeep
|
|t:|1769382377
|switch|p1a: Ceruledge|Ceruledge, F|100/100
|-damage|p1a: Ceruledge|76/100|[from] Spikes
|-damage|p1a: Ceruledge|51/100|[from] Stealth Rock
|turn|16
|inactive|Fatty Mama has 60 seconds left.
|
|t:|1769382392
|move|p2a: Cinderace|U-turn|p1a: Ceruledge
|-start|p2a: Cinderace|typechange|Bug|[from] ability: Libero
|-resisted|p1a: Ceruledge
|-damage|p1a: Ceruledge|46/100
|-ability|p1a: Ceruledge|Weak Armor|boost
|-unboost|p1a: Ceruledge|def|1
|-boost|p1a: Ceruledge|spe|2
|inactive|Fatty Mama has 60 seconds left.
|
|t:|1769382408
|switch|p2a: Pecharunt|Pecharunt|100/100|[from] U-turn
|move|p1a: Ceruledge|Swords Dance|p1a: Ceruledge
|-boost|p1a: Ceruledge|atk|2
|
|-weather|Snowscape|[upkeep]
|upkeep
|turn|17
|
|t:|1769382423
|-terastallize|p2a: Pecharunt|Dark
|move|p1a: Ceruledge|Close Combat|p2a: Pecharunt
|-supereffective|p2a: Pecharunt
|-crit|p2a: Pecharunt
|-damage|p2a: Pecharunt|0 fnt
|-unboost|p1a: Ceruledge|def|1
|-unboost|p1a: Ceruledge|spd|1
|faint|p2a: Pecharunt
|
|-weather|Snowscape|[upkeep]
|upkeep
|
|t:|1769382432
|switch|p2a: Landorus|Landorus-Therian, M|82/100
|-ability|p2a: Landorus|Intimidate|boost
|-unboost|p1a: Ceruledge|atk|1
|turn|18
|
|t:|1769382440
|switch|p2a: Cinderace|Cinderace, F|50/100
|-terastallize|p1a: Ceruledge|Ghost
|move|p1a: Ceruledge|Poltergeist|p2a: Cinderace
|-activate|p2a: Cinderace|move: Poltergeist|Heavy-Duty Boots
|-damage|p2a: Cinderace|0 fnt
|faint|p2a: Cinderace
|
|-weather|none
|upkeep
|
|t:|1769382449
|switch|p2a: Landorus|Landorus-Therian, M|82/100
|-ability|p2a: Landorus|Intimidate|boost
|-unboost|p1a: Ceruledge|atk|1
|turn|19
|
|t:|1769382478
|move|p1a: Ceruledge|Poltergeist|p2a: Landorus
|-activate|p2a: Landorus|move: Poltergeist|Rocky Helmet
|-damage|p2a: Landorus|0 fnt
|faint|p2a: Landorus
|
|upkeep
|
|t:|1769382486
|switch|p2a: Kyurem|Kyurem|100/100
|-ability|p2a: Kyurem|Pressure
|turn|20
|inactive|Fatty Mama has 60 seconds left.
|
|t:|1769382498
|move|p1a: Ceruledge|Close Combat|p2a: Kyurem
|-supereffective|p2a: Kyurem
|-damage|p2a: Kyurem|22/100
|-unboost|p1a: Ceruledge|def|1
|-unboost|p1a: Ceruledge|spd|1
|move|p2a: Kyurem|Draco Meteor|p1a: Ceruledge
|-damage|p1a: Ceruledge|0 fnt
|-unboost|p2a: Kyurem|spa|2
|faint|p1a: Ceruledge
|
|upkeep
|
|t:|1769382502
|switch|p1a: Zamazenta|Zamazenta|100/100
|-damage|p1a: Zamazenta|75/100|[from] Spikes
|-damage|p1a: Zamazenta|69/100|[from] Stealth Rock
|turn|21
|
|t:|1769382522
|move|p1a: Zamazenta|Body Press|p2a: Kyurem
|-supereffective|p2a: Kyurem
|-damage|p2a: Kyurem|0 fnt
|faint|p2a: Kyurem
|
|-sideend|p1: slave of society|move: Aurora Veil
|upkeep
|inactive|Fatty Mama has 60 seconds left.
|
|t:|1769382536
|switch|p2a: Slowking|Slowking-Galar, M|93/100
|turn|22
|inactive|Fatty Mama has 60 seconds left.
|
|t:|1769382548
|move|p1a: Zamazenta|Crunch|p2a: Slowking
|-supereffective|p2a: Slowking
|-damage|p2a: Slowking|46/100
|move|p2a: Slowking|Sludge Bomb|p1a: Zamazenta
|-damage|p1a: Zamazenta|44/100
|-status|p1a: Zamazenta|psn
|
|-damage|p1a: Zamazenta|32/100 psn|[from] psn
|upkeep
|turn|23
|
|t:|1769382555
|move|p1a: Zamazenta|Crunch|p2a: Slowking
|-supereffective|p2a: Slowking
|-damage|p2a: Slowking|0 fnt
|faint|p2a: Slowking
|
|win|slave of society
|raw|slave of society's rating: 1467 &rarr; <strong>1485</strong><br />(+18 for winning)
|raw|Fatty Mama's rating: 1429 &rarr; <strong>1411</strong><br />(-18 for losing)
