|j|☆mongwong
|j|☆Igoodnamename
|t:|1769414643
|gametype|singles
|player|p1|mongwong|silver-gen2|1567
|player|p2|Igoodnamename|266|1577
|gen|9
|tier|[Gen 9] OU
|rated|
|rule|HP Percentage Mod: HP is shown in percentages
|rule|Endless Battle Clause: Forcing endless battles is banned
|rule|Species Clause: Limit one of each Pokémon
|rule|OHKO Clause: OHKO moves are banned
|rule|Evasion Items Clause: Evasion items are banned
|rule|Evasion Moves Clause: Evasion moves are banned
|rule|Evasion Abilities Clause: Evasion abilities are banned
|rule|Sleep Moves Clause: Sleep-inducing moves are banned
|clearpoke
|poke|p1|Pelipper, M|
|poke|p1|Barraskewda, F|
|poke|p1|Jolteon, F|
|poke|p1|Toxicroak, M|
|poke|p1|Sinistcha-Masterpiece|
|poke|p1|Scizor, M|
|poke|p2|Serperior, M|
|poke|p2|Ting-Lu|
|poke|p2|Gholdengo|
|poke|p2|Weavile, M|
|poke|p2|Zamazenta-*|
|poke|p2|Skeledirge, F|
|teampreview
|
|t:|1769414663
|teamsize|p1|6
|teamsize|p2|6
|start
|switch|p1a: Scizor|Scizor, M|100/100
|switch|p2a: Ting-Lu|Ting-Lu, shiny|100/100
|-ability|p2a: Ting-Lu|Vessel of Ruin
|turn|1
|
|t:|1769414668
|move|p1a: Scizor|Knock Off|p2a: Ting-Lu
|-resisted|p2a: Ting-Lu
|-damage|p2a: Ting-Lu|93/100
|-enditem|p2a: Ting-Lu|Leftovers|[from] move: Knock Off|[of] p1a: Scizor
|move|p2a: Ting-Lu|Stealth Rock|p1a: Scizor
|-sidestart|p1: mongwong|move: Stealth Rock
|
|upkeep
|turn|2
|
|t:|1769414683
|move|p1a: Scizor|Defog|p2a: Ting-Lu
|-unboost|p2a: Ting-Lu|evasion|1
|-sideend|p1: mongwong|Stealth Rock|[from] move: Defog|[of] p1a: Scizor
|move|p2a: Ting-Lu|Ruination|p1a: Scizor
|-damage|p1a: Scizor|50/100
|
|-heal|p1a: Scizor|57/100|[from] item: Leftovers
|upkeep
|turn|3
|
|t:|1769414688
|switch|p2a: Skeledirge|Skeledirge, F, shiny|100/100
|move|p1a: Scizor|U-turn|p2a: Skeledirge
|-resisted|p2a: Skeledirge
|-damage|p2a: Skeledirge|95/100
|
|t:|1769414693
|switch|p1a: Pelipper|Pelipper, M|100/100|[from] U-turn
|-weather|RainDance|[from] ability: Drizzle|[of] p1a: Pelipper
|
|-weather|RainDance|[upkeep]
|upkeep
|turn|4
|
|t:|1769414703
|switch|p2a: Serperior|Serperior, M|100/100
|move|p1a: Pelipper|U-turn|p2a: Serperior
|-supereffective|p2a: Serperior
|-damage|p2a: Serperior|82/100
|
|t:|1769414723
|switch|p1a: Toxicroak|Toxicroak, M|100/100|[from] U-turn
|
|-weather|RainDance|[upkeep]
|upkeep
|turn|5
|
|t:|1769414727
|move|p2a: Serperior|Glare|p1a: Toxicroak
|-status|p1a: Toxicroak|par
|move|p1a: Toxicroak|Sludge Bomb|p2a: Serperior
|-supereffective|p2a: Serperior
|-damage|p2a: Serperior|0 fnt
|faint|p2a: Serperior
|
|-weather|RainDance|[upkeep]
|upkeep
|j| Hybbridd
|
|t:|1769414732
|switch|p2a: Ting-Lu|Ting-Lu, shiny|93/100
|-ability|p2a: Ting-Lu|Vessel of Ruin
|turn|6
|
|t:|1769414735
|switch|p1a: Scizor|Scizor, M|57/100
|move|p2a: Ting-Lu|Stealth Rock|p1a: Scizor
|-sidestart|p1: mongwong|move: Stealth Rock
|
|-weather|RainDance|[upkeep]
|-heal|p1a: Scizor|63/100|[from] item: Leftovers
|upkeep
|turn|7
|
|t:|1769414739
|switch|p2a: Gholdengo|Gholdengo|100/100
|-item|p2a: Gholdengo|Air Balloon
|move|p1a: Scizor|Knock Off|p2a: Gholdengo
|-supereffective|p2a: Gholdengo
|-damage|p2a: Gholdengo|59/100
|-enditem|p2a: Gholdengo|Air Balloon
|
|-weather|RainDance|[upkeep]
|-heal|p1a: Scizor|69/100|[from] item: Leftovers
|upkeep
|turn|8
|
|t:|1769414746
|move|p2a: Gholdengo|Recover|p2a: Gholdengo
|-heal|p2a: Gholdengo|100/100
|move|p1a: Scizor|U-turn|p2a: Gholdengo
|-resisted|p2a: Gholdengo
|-damage|p2a: Gholdengo|95/100
|
|t:|1769414748
|switch|p1a: Toxicroak|Toxicroak, M|100/100 par|[from] U-turn
|-damage|p1a: Toxicroak|94/100 par|[from] Stealth Rock
|
|-weather|RainDance|[upkeep]
|-heal|p1a: Toxicroak|100/100 par|[from] ability: Dry Skin
|upkeep
|turn|9
|
|t:|1769414753
|move|p2a: Gholdengo|Nasty Plot|p2a: Gholdengo
|-boost|p2a: Gholdengo|spa|2
|move|p1a: Toxicroak|Dark Pulse|p2a: Gholdengo
|-supereffective|p2a: Gholdengo
|-damage|p2a: Gholdengo|34/100
|
|-weather|RainDance|[upkeep]
|upkeep
|turn|10
|
|t:|1769414760
|move|p2a: Gholdengo|Recover|p2a: Gholdengo
|-heal|p2a: Gholdengo|84/100
|move|p1a: Toxicroak|Dark Pulse|p2a: Gholdengo
|-supereffective|p2a: Gholdengo
|-damage|p2a: Gholdengo|25/100
|
|-weather|none
|upkeep
|turn|11
|
|t:|1769414765
|move|p2a: Gholdengo|Recover|p2a: Gholdengo
|-heal|p2a: Gholdengo|75/100
|move|p1a: Toxicroak|Dark Pulse|p2a: Gholdengo
|-supereffective|p2a: Gholdengo
|-damage|p2a: Gholdengo|10/100
|
|upkeep
|turn|12
|
|t:|1769414770
|move|p2a: Gholdengo|Recover|p2a: Gholdengo
|-heal|p2a: Gholdengo|60/100
|cant|p1a: Toxicroak|par
|
|upkeep
|turn|13
|
|t:|1769414775
|move|p2a: Gholdengo|Make It Rain|p1a: Toxicroak
|-damage|p1a: Toxicroak|0 fnt
|-unboost|p2a: Gholdengo|spa|1
|faint|p1a: Toxicroak
|
|upkeep
|
|t:|1769414780
|switch|p1a: Barraskewda|Barraskewda, F|100/100
|-damage|p1a: Barraskewda|88/100|[from] Stealth Rock
|turn|14
|
|t:|1769414805
|move|p1a: Barraskewda|Flip Turn|p2a: Gholdengo
|-damage|p2a: Gholdengo|28/100
|
|t:|1769414810
|switch|p1a: Pelipper|Pelipper, M|100/100|[from] Flip Turn
|-damage|p1a: Pelipper|76/100|[from] Stealth Rock
|-weather|RainDance|[from] ability: Drizzle|[of] p1a: Pelipper
|move|p2a: Gholdengo|Shadow Ball|p1a: Pelipper
|-damage|p1a: Pelipper|7/100
|
|-weather|RainDance|[upkeep]
|upkeep
|turn|15
|
|t:|1769414823
|move|p2a: Gholdengo|Recover|p2a: Gholdengo
|-heal|p2a: Gholdengo|78/100
|move|p1a: Pelipper|U-turn|p2a: Gholdengo
|-resisted|p2a: Gholdengo
|-damage|p2a: Gholdengo|76/100
|
|t:|1769414824
|switch|p1a: Barraskewda|Barraskewda, F|88/100|[from] U-turn
|-damage|p1a: Barraskewda|76/100|[from] Stealth Rock
|
|-weather|RainDance|[upkeep]
|upkeep
|turn|16
|
|t:|1769414828
|move|p1a: Barraskewda|Liquidation|p2a: Gholdengo
|-damage|p2a: Gholdengo|0 fnt
|faint|p2a: Gholdengo
|
|-weather|RainDance|[upkeep]
|upkeep
|
|t:|1769414835
|switch|p2a: Zamazenta|Zamazenta|100/100
|-ability|p2a: Zamazenta|Dauntless Shield|boost
|-boost|p2a: Zamazenta|def|1
|turn|17
|
|t:|1769414842
|switch|p1a: Sinistcha|Sinistcha-Masterpiece|100/100
|-damage|p1a: Sinistcha|88/100|[from] Stealth Rock
|move|p2a: Zamazenta|Crunch|p1a: Sinistcha
|-supereffective|p1a: Sinistcha
|-damage|p1a: Sinistcha|50/100
|
|-weather|RainDance|[upkeep]
|-heal|p1a: Sinistcha|56/100|[from] item: Leftovers
|upkeep
|turn|18
|
|t:|1769414849
|switch|p2a: Skeledirge|Skeledirge, F, shiny|95/100
|move|p1a: Sinistcha|Strength Sap|p2a: Skeledirge
|-unboost|p2a: Skeledirge|atk|1
|-heal|p1a: Sinistcha|96/100
|
|-weather|RainDance|[upkeep]
|-heal|p1a: Sinistcha|100/100|[from] item: Leftovers
|upkeep
|turn|19
|
|t:|1769414852
|move|p1a: Sinistcha|Shadow Ball|p2a: Skeledirge
|-supereffective|p2a: Skeledirge
|-damage|p2a: Skeledirge|43/100
|move|p2a: Skeledirge|Torch Song|p1a: Sinistcha
|-supereffective|p1a: Sinistcha
|-damage|p1a: Sinistcha|84/100
|-boost|p2a: Skeledirge|spa|1
|
|-weather|RainDance|[upkeep]
|-heal|p1a: Sinistcha|90/100|[from] item: Leftovers
|upkeep
|turn|20
|
|t:|1769414859
|switch|p2a: Ting-Lu|Ting-Lu, shiny|93/100
|-ability|p2a: Ting-Lu|Vessel of Ruin
|move|p1a: Sinistcha|Shadow Ball|p2a: Ting-Lu
|-resisted|p2a: Ting-Lu
|-damage|p2a: Ting-Lu|86/100
|
|-weather|RainDance|[upkeep]
|-heal|p1a: Sinistcha|96/100|[from] item: Leftovers
|upkeep
|turn|21
|
|t:|1769414868
|move|p1a: Sinistcha|Matcha Gotcha|p2a: Ting-Lu
|-supereffective|p2a: Ting-Lu
|-damage|p2a: Ting-Lu|55/100
|-heal|p1a: Sinistcha|100/100|[from] drain|[of] p2a: Ting-Lu
|move|p2a: Ting-Lu|Ruination|p1a: Sinistcha|[miss]
|-miss|p2a: Ting-Lu|p1a: Sinistcha
|
|-weather|none
|upkeep
|turn|22
|
|t:|1769414873
|move|p1a: Sinistcha|Calm Mind|p1a: Sinistcha
|-boost|p1a: Sinistcha|spa|1
|-boost|p1a: Sinistcha|spd|1
|move|p2a: Ting-Lu|Ruination|p1a: Sinistcha
|-damage|p1a: Sinistcha|50/100
|
|-heal|p1a: Sinistcha|57/100|[from] item: Leftovers
|upkeep
|turn|23
|
|t:|1769414877
|move|p1a: Sinistcha|Matcha Gotcha|p2a: Ting-Lu|[miss]
|-miss|p1a: Sinistcha|p2a: Ting-Lu
|move|p2a: Ting-Lu|Whirlwind|p1a: Sinistcha
|drag|p1a: Scizor|Scizor, M|69/100
|-damage|p1a: Scizor|56/100|[from] Stealth Rock
|
|-heal|p1a: Scizor|62/100|[from] item: Leftovers
|upkeep
|turn|24
|
|t:|1769414881
|switch|p2a: Skeledirge|Skeledirge, F, shiny|43/100
|move|p1a: Scizor|Defog|p2a: Skeledirge
|-unboost|p2a: Skeledirge|evasion|1
|-sideend|p1: mongwong|Stealth Rock|[from] move: Defog|[of] p1a: Scizor
|
|-heal|p1a: Scizor|69/100|[from] item: Leftovers
|upkeep
|turn|25
|
|t:|1769414889
|switch|p1a: Pelipper|Pelipper, M|7/100
|-weather|RainDance|[from] ability: Drizzle|[of] p1a: Pelipper
|-terastallize|p2a: Skeledirge|Fairy
|move|p2a: Skeledirge|Slack Off|p2a: Skeledirge
|-heal|p2a: Skeledirge|93/100
|
|-weather|RainDance|[upkeep]
|upkeep
|turn|26
|
|t:|1769414899
|switch|p1a: Jolteon|Jolteon, F|100/100
|move|p2a: Skeledirge|Torch Song|p1a: Jolteon
|-damage|p1a: Jolteon|81/100
|-boost|p2a: Skeledirge|spa|1
|
|-weather|RainDance|[upkeep]
|upkeep
|turn|27
|
|t:|1769414907
|move|p1a: Jolteon|Thunder|p2a: Skeledirge
|-damage|p2a: Skeledirge|56/100
|move|p2a: Skeledirge|Hex|p1a: Jolteon
|-damage|p1a: Jolteon|29/100
|
|-weather|RainDance|[upkeep]
|upkeep
|turn|28
|
|t:|1769414913
|move|p1a: Jolteon|Thunder|p2a: Skeledirge
|-damage|p2a: Skeledirge|16/100
|-status|p2a: Skeledirge|par
|cant|p2a: Skeledirge|par
|
|-weather|RainDance|[upkeep]
|upkeep
|turn|29
|
|t:|1769414918
|move|p1a: Jolteon|Weather Ball|p2a: Skeledirge
|-damage|p2a: Skeledirge|0 fnt
|faint|p2a: Skeledirge
|
|-weather|RainDance|[upkeep]
|upkeep
|
|t:|1769414928
|switch|p2a: Zamazenta|Zamazenta|100/100
|turn|30
|
|t:|1769414932
|move|p2a: Zamazenta|Crunch|p1a: Jolteon
|-damage|p1a: Jolteon|0 fnt
|faint|p1a: Jolteon
|
|-weather|RainDance|[upkeep]
|upkeep
|
|t:|1769414936
|switch|p1a: Barraskewda|Barraskewda, F|76/100
|turn|31
|
|t:|1769414939
|-terastallize|p1a: Barraskewda|Water
|move|p1a: Barraskewda|Liquidation|p2a: Zamazenta
|-damage|p2a: Zamazenta|0 fnt
|faint|p2a: Zamazenta
|
|-weather|RainDance|[upkeep]
|upkeep
|
|t:|1769414944
|switch|p2a: Ting-Lu|Ting-Lu, shiny|55/100
|-ability|p2a: Ting-Lu|Vessel of Ruin
|turn|32
|
|t:|1769414949
|move|p1a: Barraskewda|Liquidation|p2a: Ting-Lu
|-supereffective|p2a: Ting-Lu
|-damage|p2a: Ting-Lu|0 fnt
|faint|p2a: Ting-Lu
|
|-weather|none
|upkeep
|
|t:|1769414952
|switch|p2a: Weavile|Weavile, M|100/100
|-ability|p2a: Weavile|Pressure
|turn|33
|
|t:|1769414956
|switch|p1a: Pelipper|Pelipper, M|7/100
|-weather|RainDance|[from] ability: Drizzle|[of] p1a: Pelipper
|move|p2a: Weavile|Knock Off|p1a: Pelipper
|-damage|p1a: Pelipper|0 fnt
|-enditem|p1a: Pelipper|Damp Rock|[from] move: Knock Off|[of] p2a: Weavile
|faint|p1a: Pelipper
|
|-weather|RainDance|[upkeep]
|upkeep
|
|t:|1769414960
|switch|p1a: Scizor|Scizor, M|69/100
|turn|34
|
|t:|1769414963
|move|p1a: Scizor|Bullet Punch|p2a: Weavile
|-supereffective|p2a: Weavile
|-damage|p2a: Weavile|17/100
|move|p2a: Weavile|Knock Off|p1a: Scizor
|-damage|p1a: Scizor|21/100
|-enditem|p1a: Scizor|Leftovers|[from] move: Knock Off|[of] p2a: Weavile
|
|-weather|RainDance|[upkeep]
|upkeep
|turn|35
|
|t:|1769414970
|move|p2a: Weavile|Ice Shard|p1a: Scizor
|-resisted|p1a: Scizor
|-damage|p1a: Scizor|12/100
|move|p1a: Scizor|Bullet Punch|p2a: Weavile
|-supereffective|p2a: Weavile
|-damage|p2a: Weavile|0 fnt
|faint|p2a: Weavile
|
|win|mongwong
|raw|mongwong's rating: 1567 &rarr; <strong>1588</strong><br />(+21 for winning)
|raw|Igoodnamename's rating: 1577 &rarr; <strong>1556</strong><br />(-21 for losing)
|c|☆Igoodnamename|ggs
|l|☆mongwong
|player|p1|
|l| Hybbridd
|l|☆Igoodnamename
|player|p2|
