|j|☆Phillip Blevin
|j|☆vacineee
|t:|1769413635
|gametype|singles
|player|p1|Phillip Blevin|265|1467
|player|p2|vacineee|parasollady-gen4|1477
|gen|9
|tier|[Gen 9] OU
|rated|
|rule|HP Percentage Mod: HP is shown in percentages
|rule|Endless Battle Clause: Forcing endless battles is banned
|rule|Species Clause: Limit one of each Pokémon
|rule|OHKO Clause: OHKO moves are banned
|rule|Evasion Items Clause: Evasion items are banned
|rule|Evasion Moves Clause: Evasion moves are banned
|rule|Evasion Abilities Clause: Evasion abilities are banned
|rule|Sleep Moves Clause: Sleep-inducing moves are banned
|clearpoke
|poke|p1|Iron Hands|
|poke|p1|Mandibuzz, F|
|poke|p1|Garganacl, F|
|poke|p1|Landorus-Therian, M|
|poke|p1|Alomomola, M|
|poke|p1|Dragapult, F|
|poke|p2|Hoopa-Unbound|
|poke|p2|Rillaboom, F|
|poke|p2|Iron Hands|
|poke|p2|Slowking-Galar, M|
|poke|p2|Great Tusk|
|poke|p2|Heatran, F|
|teampreview
|inactive|Battle timer is ON: inactive players will automatically lose when time's up. (requested by Phillip Blevin)
|
|t:|1769413658
|teamsize|p1|6
|teamsize|p2|6
|start
|switch|p1a: Dragapult|Dragapult, F|100/100
|switch|p2a: Great Tusk|Great Tusk|100/100
|-enditem|p2a: Great Tusk|Booster Energy
|-activate|p2a: Great Tusk|ability: Protosynthesis|[fromitem]
|-start|p2a: Great Tusk|protosynthesisspe
|turn|1
|
|t:|1769413662
|switch|p1a: Mandibuzz|Mandibuzz, F|100/100
|move|p2a: Great Tusk|Bulk Up|p2a: Great Tusk
|-boost|p2a: Great Tusk|atk|1
|-boost|p2a: Great Tusk|def|1
|
|upkeep
|turn|2
|
|t:|1769413665
|move|p2a: Great Tusk|Close Combat|p1a: Mandibuzz
|-damage|p1a: Mandibuzz|58/100
|-unboost|p2a: Great Tusk|def|1
|-unboost|p2a: Great Tusk|spd|1
|move|p1a: Mandibuzz|Whirlwind|p2a: Great Tusk
|-end|p2a: Great Tusk|Protosynthesis|[silent]
|drag|p2a: Slowking|Slowking-Galar, M|100/100
|
|upkeep
|turn|3
|
|t:|1769413673
|move|p1a: Mandibuzz|Roost|p1a: Mandibuzz
|-heal|p1a: Mandibuzz|100/100
|-singleturn|p1a: Mandibuzz|move: Roost
|move|p2a: Slowking|Sludge Bomb|p1a: Mandibuzz
|-damage|p1a: Mandibuzz|70/100
|
|upkeep
|turn|4
|
|t:|1769413677
|switch|p1a: Garganacl|Garganacl, F|100/100
|move|p2a: Slowking|Sludge Bomb|p1a: Garganacl
|-resisted|p1a: Garganacl
|-crit|p1a: Garganacl
|-damage|p1a: Garganacl|84/100
|
|-heal|p1a: Garganacl|90/100|[from] item: Leftovers
|upkeep
|turn|5
|
|t:|1769413681
|move|p1a: Garganacl|Salt Cure|p2a: Slowking
|-damage|p2a: Slowking|87/100
|-start|p2a: Slowking|Salt Cure
|move|p2a: Slowking|Future Sight|p1a: Garganacl
|-start|p2a: Slowking|move: Future Sight
|
|-heal|p1a: Garganacl|97/100|[from] item: Leftovers
|-damage|p2a: Slowking|75/100|[from] Salt Cure
|upkeep
|turn|6
|
|t:|1769413694
|switch|p1a: Landorus|Landorus-Therian, M|100/100
|-ability|p1a: Landorus|Intimidate|boost
|-unboost|p2a: Slowking|atk|1
|-prepare|p2a: Slowking|Chilly Reception|[premajor]
|move|p2a: Slowking|Chilly Reception|p2a: Slowking
|-weather|Snowscape
|
|t:|1769413704
|switch|p2a: Great Tusk|Great Tusk|100/100|[from] Chilly Reception
|
|-weather|Snowscape|[upkeep]
|upkeep
|turn|7
|
|t:|1769413709
|move|p1a: Landorus|U-turn|p2a: Great Tusk
|-resisted|p2a: Great Tusk
|-damage|p2a: Great Tusk|92/100
|
|t:|1769413710
|switch|p1a: Mandibuzz|Mandibuzz, F|70/100|[from] U-turn
|move|p2a: Great Tusk|Bulk Up|p2a: Great Tusk
|-boost|p2a: Great Tusk|atk|1
|-boost|p2a: Great Tusk|def|1
|
|-weather|Snowscape|[upkeep]
|-end|p1a: Mandibuzz|move: Future Sight
|-immune|p1a: Mandibuzz
|upkeep
|turn|8
|
|t:|1769413714
|move|p2a: Great Tusk|Close Combat|p1a: Mandibuzz
|-damage|p1a: Mandibuzz|26/100
|-unboost|p2a: Great Tusk|def|1
|-unboost|p2a: Great Tusk|spd|1
|move|p1a: Mandibuzz|Roost|p1a: Mandibuzz
|-heal|p1a: Mandibuzz|76/100
|-singleturn|p1a: Mandibuzz|move: Roost
|
|-weather|Snowscape|[upkeep]
|upkeep
|turn|9
|
|t:|1769413719
|move|p2a: Great Tusk|Close Combat|p1a: Mandibuzz
|-damage|p1a: Mandibuzz|31/100
|-unboost|p2a: Great Tusk|def|1
|-unboost|p2a: Great Tusk|spd|1
|move|p1a: Mandibuzz|Whirlwind|p2a: Great Tusk
|-end|p2a: Great Tusk|Protosynthesis|[silent]
|drag|p2a: Hoopa|Hoopa-Unbound|100/100
|
|-weather|Snowscape|[upkeep]
|upkeep
|turn|10
|
|t:|1769413731
|switch|p2a: Slowking|Slowking-Galar, M|100/100
|move|p1a: Mandibuzz|Roost|p1a: Mandibuzz
|-heal|p1a: Mandibuzz|81/100
|-singleturn|p1a: Mandibuzz|move: Roost
|
|-weather|none
|upkeep
|turn|11
|
|t:|1769413738
|switch|p1a: Landorus|Landorus-Therian, M|100/100
|-ability|p1a: Landorus|Intimidate|boost
|-unboost|p2a: Slowking|atk|1
|move|p2a: Slowking|Sludge Bomb|p1a: Landorus
|-resisted|p1a: Landorus
|-damage|p1a: Landorus|75/100
|
|upkeep
|turn|12
|
|t:|1769413747
|move|p1a: Landorus|Stealth Rock|p2a: Slowking
|-sidestart|p2: vacineee|move: Stealth Rock
|-prepare|p2a: Slowking|Chilly Reception|[premajor]
|move|p2a: Slowking|Chilly Reception|p2a: Slowking
|-weather|Snowscape
|
|t:|1769413755
|switch|p2a: Rillaboom|Rillaboom, F|100/100|[from] Chilly Reception
|-damage|p2a: Rillaboom|88/100|[from] Stealth Rock
|-fieldstart|move: Grassy Terrain|[from] ability: Grassy Surge|[of] p2a: Rillaboom
|
|-weather|Snowscape|[upkeep]
|-heal|p2a: Rillaboom|94/100|[from] Grassy Terrain
|upkeep
|turn|13
|
|t:|1769413759
|switch|p1a: Mandibuzz|Mandibuzz, F|81/100
|move|p2a: Rillaboom|U-turn|p1a: Mandibuzz
|-damage|p1a: Mandibuzz|59/100
|
|t:|1769413766
|switch|p2a: Iron Hands|Iron Hands, shiny|100/100|[from] U-turn
|-damage|p2a: Iron Hands|94/100|[from] Stealth Rock
|
|-weather|Snowscape|[upkeep]
|-heal|p2a: Iron Hands|100/100|[from] Grassy Terrain
|upkeep
|turn|14
|
|t:|1769413773
|switch|p1a: Iron Hands|Iron Hands|100/100
|move|p2a: Iron Hands|Swords Dance|p2a: Iron Hands
|-boost|p2a: Iron Hands|atk|2
|
|-weather|Snowscape|[upkeep]
|upkeep
|turn|15
|
|t:|1769413781
|move|p2a: Iron Hands|Swords Dance|p2a: Iron Hands
|-boost|p2a: Iron Hands|atk|2
|move|p1a: Iron Hands|Drain Punch|p2a: Iron Hands
|-damage|p2a: Iron Hands|70/100
|
|-weather|Snowscape|[upkeep]
|-heal|p2a: Iron Hands|76/100|[from] Grassy Terrain
|upkeep
|turn|16
|
|t:|1769413787
|move|p2a: Iron Hands|Drain Punch|p1a: Iron Hands
|-damage|p1a: Iron Hands|2/100
|-heal|p2a: Iron Hands|100/100|[from] drain|[of] p1a: Iron Hands
|move|p1a: Iron Hands|Drain Punch|p2a: Iron Hands
|-damage|p2a: Iron Hands|67/100
|-heal|p1a: Iron Hands|19/100|[from] drain|[of] p2a: Iron Hands
|
|-weather|none
|-heal|p2a: Iron Hands|73/100|[from] Grassy Terrain
|-heal|p1a: Iron Hands|25/100|[from] Grassy Terrain
|-fieldend|move: Grassy Terrain
|upkeep
|turn|17
|
|t:|1769413792
|move|p2a: Iron Hands|Drain Punch|p1a: Iron Hands
|-damage|p1a: Iron Hands|0 fnt
|-heal|p2a: Iron Hands|86/100|[from] drain|[of] p1a: Iron Hands
|faint|p1a: Iron Hands
|-end|p1a: Iron Hands|Quark Drive|[silent]
|
|upkeep
|
|t:|1769413795
|switch|p1a: Landorus|Landorus-Therian, M|75/100
|-ability|p1a: Landorus|Intimidate|boost
|-unboost|p2a: Iron Hands|atk|1
|turn|18
|
|t:|1769413801
|-terastallize|p2a: Iron Hands|Flying
|move|p1a: Landorus|Earthquake|p2a: Iron Hands
|-immune|p2a: Iron Hands
|move|p2a: Iron Hands|Ice Punch|p1a: Landorus
|-supereffective|p1a: Landorus
|-damage|p1a: Landorus|0 fnt
|faint|p1a: Landorus
|
|upkeep
|
|t:|1769413812
|switch|p1a: Dragapult|Dragapult, F|100/100
|turn|19
|
|t:|1769413819
|move|p1a: Dragapult|U-turn|p2a: Iron Hands
|-resisted|p2a: Iron Hands
|-damage|p2a: Iron Hands|73/100
|
|t:|1769413821
|switch|p1a: Mandibuzz|Mandibuzz, F|59/100|[from] U-turn
|move|p2a: Iron Hands|Ice Punch|p1a: Mandibuzz
|-supereffective|p1a: Mandibuzz
|-damage|p1a: Mandibuzz|0 fnt
|faint|p1a: Mandibuzz
|
|upkeep
|
|t:|1769413829
|switch|p1a: Dragapult|Dragapult, F|100/100
|turn|20
|
|t:|1769413836
|move|p1a: Dragapult|U-turn|p2a: Iron Hands
|-resisted|p2a: Iron Hands
|-crit|p2a: Iron Hands
|-damage|p2a: Iron Hands|56/100
|
|t:|1769413837
|switch|p1a: Garganacl|Garganacl, F|97/100|[from] U-turn
|move|p2a: Iron Hands|Ice Punch|p1a: Garganacl
|-damage|p1a: Garganacl|48/100
|
|-heal|p1a: Garganacl|54/100|[from] item: Leftovers
|upkeep
|turn|21
|
|t:|1769413839
|switch|p1a: Dragapult|Dragapult, F|100/100
|move|p2a: Iron Hands|Drain Punch|p1a: Dragapult
|-immune|p1a: Dragapult
|
|upkeep
|turn|22
|
|t:|1769413842
|-terastallize|p1a: Dragapult|Ghost
|move|p1a: Dragapult|Tera Blast|p2a: Iron Hands|[anim] Tera Blast Ghost
|-damage|p2a: Iron Hands|0 fnt
|faint|p2a: Iron Hands
|-end|p2a: Iron Hands|Quark Drive|[silent]
|
|upkeep
|
|t:|1769413847
|switch|p2a: Rillaboom|Rillaboom, F|94/100
|-damage|p2a: Rillaboom|82/100|[from] Stealth Rock
|-fieldstart|move: Grassy Terrain|[from] ability: Grassy Surge|[of] p2a: Rillaboom
|turn|23
|
|t:|1769413849
|move|p2a: Rillaboom|Grassy Glide|p1a: Dragapult
|-damage|p1a: Dragapult|25/100
|move|p1a: Dragapult|Tera Blast|p2a: Rillaboom|[anim] Tera Blast Ghost
|-damage|p2a: Rillaboom|0 fnt
|faint|p2a: Rillaboom
|
|-heal|p1a: Dragapult|31/100|[from] Grassy Terrain
|upkeep
|
|t:|1769413854
|switch|p2a: Hoopa|Hoopa-Unbound|100/100
|-damage|p2a: Hoopa|88/100|[from] Stealth Rock
|-enditem|p2a: Hoopa|Grassy Seed
|-boost|p2a: Hoopa|def|1|[from] item: Grassy Seed
|turn|24
|
|t:|1769413858
|switch|p1a: Alomomola|Alomomola, M|100/100
|move|p2a: Hoopa|Dark Pulse|p1a: Alomomola
|-damage|p1a: Alomomola|34/100
|-item|p2a: Hoopa|Heavy-Duty Boots|[from] ability: Magician|[of] p1a: Alomomola
|
|-heal|p2a: Hoopa|94/100|[from] Grassy Terrain
|-heal|p1a: Alomomola|40/100|[from] Grassy Terrain
|upkeep
|turn|25
|
|t:|1769413871
|move|p2a: Hoopa|Dark Pulse|p1a: Alomomola
|-damage|p1a: Alomomola|0 fnt
|faint|p1a: Alomomola
|
|-heal|p2a: Hoopa|99/100|[from] Grassy Terrain
|upkeep
|
|t:|1769413873
|switch|p1a: Dragapult|Dragapult, F, tera:Ghost|31/100
|turn|26
|
|t:|1769413879
|switch|p2a: Slowking|Slowking-Galar, M|100/100
|move|p1a: Dragapult|U-turn|p2a: Slowking
|-damage|p2a: Slowking|65/100
|
|t:|1769413881
|switch|p1a: Garganacl|Garganacl, F|54/100|[from] U-turn
|
|-heal|p1a: Garganacl|60/100|[from] Grassy Terrain
|-heal|p1a: Garganacl|66/100|[from] item: Leftovers
|-heal|p2a: Slowking|71/100|[from] Grassy Terrain
|upkeep
|turn|27
|
|t:|1769413886
|move|p1a: Garganacl|Iron Defense|p1a: Garganacl
|-boost|p1a: Garganacl|def|2
|-prepare|p2a: Slowking|Chilly Reception|[premajor]
|move|p2a: Slowking|Chilly Reception|p2a: Slowking
|-weather|Snowscape
|
|t:|1769413891
|switch|p2a: Hoopa|Hoopa-Unbound|99/100|[from] Chilly Reception
|
|-weather|Snowscape|[upkeep]
|-heal|p2a: Hoopa|100/100|[from] Grassy Terrain
|-heal|p1a: Garganacl|73/100|[from] Grassy Terrain
|-heal|p1a: Garganacl|79/100|[from] item: Leftovers
|-fieldend|move: Grassy Terrain
|upkeep
|turn|28
|
|t:|1769413893
|move|p2a: Hoopa|Dark Pulse|p1a: Garganacl
|-damage|p1a: Garganacl|40/100
|move|p1a: Garganacl|Body Press|p2a: Hoopa
|-damage|p2a: Hoopa|39/100
|
|-weather|Snowscape|[upkeep]
|-heal|p1a: Garganacl|46/100|[from] item: Leftovers
|upkeep
|turn|29
|
|t:|1769413898
|move|p2a: Hoopa|Psychic Noise|p1a: Garganacl
|-damage|p1a: Garganacl|9/100
|-start|p1a: Garganacl|move: Heal Block
|move|p1a: Garganacl|Body Press|p2a: Hoopa
|-damage|p2a: Hoopa|0 fnt
|faint|p2a: Hoopa
|
|-weather|Snowscape|[upkeep]
|upkeep
|
|t:|1769413903
|switch|p2a: Great Tusk|Great Tusk|92/100
|-damage|p2a: Great Tusk|89/100|[from] Stealth Rock
|turn|30
|
|t:|1769413907
|move|p2a: Great Tusk|Rapid Spin|p1a: Garganacl
|-resisted|p1a: Garganacl
|-damage|p1a: Garganacl|6/100
|-boost|p2a: Great Tusk|spe|1
|-sideend|p2: vacineee|Stealth Rock|[from] move: Rapid Spin|[of] p2a: Great Tusk
|move|p1a: Garganacl|Body Press|p2a: Great Tusk
|-damage|p2a: Great Tusk|62/100
|
|-weather|Snowscape|[upkeep]
|-end|p1a: Garganacl|move: Heal Block
|upkeep
|turn|31
|
|t:|1769413909
|move|p2a: Great Tusk|Headlong Rush|p1a: Garganacl
|-supereffective|p1a: Garganacl
|-damage|p1a: Garganacl|0 fnt
|-unboost|p2a: Great Tusk|def|1
|-unboost|p2a: Great Tusk|spd|1
|faint|p1a: Garganacl
|
|-weather|none
|upkeep
|
|t:|1769413911
|switch|p1a: Dragapult|Dragapult, F, tera:Ghost|31/100
|turn|32
|
|t:|1769413913
|move|p2a: Great Tusk|Headlong Rush|p1a: Dragapult
|-damage|p1a: Dragapult|0 fnt
|-unboost|p2a: Great Tusk|def|1
|-unboost|p2a: Great Tusk|spd|1
|faint|p1a: Dragapult
|
|win|vacineee
|raw|Phillip Blevin's rating: 1467 &rarr; <strong>1448</strong><br />(-19 for losing)
|raw|vacineee's rating: 1477 &rarr; <strong>1496</strong><br />(+19 for winning)
