|j|☆Kanto's Finest
|j|☆Saxymarsh
|t:|1769384600
|gametype|singles
|player|p1|Kanto's Finest|acetrainer-gen1rb|1262
|player|p2|Saxymarsh|norman|1260
|gen|9
|tier|[Gen 9] OU
|rated|
|rule|HP Percentage Mod: HP is shown in percentages
|rule|Endless Battle Clause: Forcing endless battles is banned
|rule|Species Clause: Limit one of each Pokémon
|rule|OHKO Clause: OHKO moves are banned
|rule|Evasion Items Clause: Evasion items are banned
|rule|Evasion Moves Clause: Evasion moves are banned
|rule|Evasion Abilities Clause: Evasion abilities are banned
|rule|Sleep Moves Clause: Sleep-inducing moves are banned
|clearpoke
|poke|p1|Pikachu, M|
|poke|p1|Hitmonlee, M|
|poke|p1|Exeggutor, F|
|poke|p1|Rhydon, M|
|poke|p1|Gengar, M|
|poke|p1|Gyarados, F|
|poke|p2|Landorus-Therian, M|
|poke|p2|Glimmora, F|
|poke|p2|Cinderace, F|
|poke|p2|Ogerpon-Wellspring, F|
|poke|p2|Pecharunt|
|poke|p2|Meowscarada, F|
|teampreview
|inactive|Battle timer is ON: inactive players will automatically lose when time's up. (requested by Saxymarsh)
|
|t:|1769384608
|teamsize|p1|6
|teamsize|p2|6
|start
|switch|p1a: Gengar|Gengar, M|100/100
|switch|p2a: Glimmora|Glimmora, F|100/100
|turn|1
|
|t:|1769384627
|move|p1a: Gengar|Shadow Ball|p2a: Glimmora
|-damage|p2a: Glimmora|49/100
|move|p2a: Glimmora|Meteor Beam||[still]
|-prepare|p2a: Glimmora|Meteor Beam
|-boost|p2a: Glimmora|spa|1
|-enditem|p2a: Glimmora|Power Herb
|-anim|p2a: Glimmora|Meteor Beam|p1a: Gengar
|-enditem|p1a: Gengar|Focus Sash
|-damage|p1a: Gengar|1/100
|-start|p2a: Glimmora|Disable|Meteor Beam|[from] ability: Cursed Body|[of] p1a: Gengar
|
|upkeep
|turn|2
|
|t:|1769384644
|move|p1a: Gengar|Shadow Ball|p2a: Glimmora
|-crit|p2a: Glimmora
|-damage|p2a: Glimmora|0 fnt
|faint|p2a: Glimmora
|
|upkeep
|
|t:|1769384654
|switch|p2a: Meowscarada|Meowscarada, F|100/100
|turn|3
|
|t:|1769384668
|move|p2a: Meowscarada|Flower Trick|p1a: Gengar
|-start|p2a: Meowscarada|typechange|Grass|[from] ability: Protean
|-resisted|p1a: Gengar
|-crit|p1a: Gengar
|-damage|p1a: Gengar|0 fnt
|faint|p1a: Gengar
|
|upkeep
|
|t:|1769384677
|switch|p1a: Rhydon|Rhydon, M, shiny|100/100
|turn|4
|
|t:|1769384682
|-terastallize|p1a: Rhydon|Flying
|move|p2a: Meowscarada|Flower Trick|p1a: Rhydon
|-resisted|p1a: Rhydon
|-crit|p1a: Rhydon
|-damage|p1a: Rhydon|89/100
|move|p1a: Rhydon|Megahorn|p2a: Meowscarada
|-supereffective|p2a: Meowscarada
|-damage|p2a: Meowscarada|0 fnt
|faint|p2a: Meowscarada
|
|upkeep
|inactive|Saxymarsh has 120 seconds left.
|
|t:|1769384721
|switch|p2a: Pecharunt|Pecharunt|100/100
|turn|5
|
|t:|1769384727
|move|p2a: Pecharunt|Malignant Chain|p1a: Rhydon
|-damage|p1a: Rhydon|58/100
|-status|p1a: Rhydon|tox
|-start|p1a: Rhydon|confusion|[from] ability: Poison Puppeteer|[of] p2a: Pecharunt
|-activate|p1a: Rhydon|confusion
|move|p1a: Rhydon|Earthquake|p2a: Pecharunt
|-supereffective|p2a: Pecharunt
|-crit|p2a: Pecharunt
|-damage|p2a: Pecharunt|22/100
|
|-damage|p1a: Rhydon|52/100 tox|[from] psn
|upkeep
|turn|6
|inactive|Saxymarsh has 120 seconds left.
|
|t:|1769384743
|switch|p1a: Pikachu|Pikachu, M|100/100
|move|p2a: Pecharunt|Recover|p2a: Pecharunt
|-heal|p2a: Pecharunt|72/100
|
|upkeep
|turn|7
|inactive|Saxymarsh has 120 seconds left.
|
|t:|1769384749
|switch|p2a: Landorus|Landorus-Therian, M|100/100
|-ability|p2a: Landorus|Intimidate|boost
|-unboost|p1a: Pikachu|atk|1
|move|p1a: Pikachu|Volt Tackle|p2a: Landorus
|-immune|p2a: Landorus
|
|upkeep
|turn|8
|inactive|Saxymarsh has 120 seconds left.
|
|t:|1769384761
|switch|p1a: Rhydon|Rhydon, M, shiny, tera:Flying|52/100 tox
|move|p2a: Landorus|Stealth Rock|p1a: Rhydon
|-sidestart|p1: Kanto's Finest|move: Stealth Rock
|
|-damage|p1a: Rhydon|46/100 tox|[from] psn
|upkeep
|turn|9
|inactive|Saxymarsh has 120 seconds left.
|
|t:|1769384773
|switch|p2a: Pecharunt|Pecharunt|72/100
|move|p1a: Rhydon|Stealth Rock|p2a: Pecharunt
|-sidestart|p2: Saxymarsh|move: Stealth Rock
|
|-damage|p1a: Rhydon|34/100 tox|[from] psn
|upkeep
|turn|10
|
|t:|1769384780
|move|p2a: Pecharunt|Hex|p1a: Rhydon
|-damage|p1a: Rhydon|0 fnt
|faint|p1a: Rhydon
|
|upkeep
|
|t:|1769384788
|switch|p1a: Pikachu|Pikachu, M|100/100
|-damage|p1a: Pikachu|88/100|[from] Stealth Rock
|turn|11
|
|t:|1769384793
|switch|p2a: Landorus|Landorus-Therian, M|100/100
|-damage|p2a: Landorus|88/100|[from] Stealth Rock
|-ability|p2a: Landorus|Intimidate|boost
|-unboost|p1a: Pikachu|atk|1
|move|p1a: Pikachu|Trailblaze|p2a: Landorus
|-damage|p2a: Landorus|75/100
|-boost|p1a: Pikachu|spe|1
|-damage|p1a: Pikachu|72/100|[from] item: Rocky Helmet|[of] p2a: Landorus
|
|upkeep
|turn|12
|
|t:|1769384804
|switch|p1a: Exeggutor|Exeggutor, F|100/100
|-damage|p1a: Exeggutor|88/100|[from] Stealth Rock
|move|p2a: Landorus|Earth Power|p1a: Exeggutor
|-resisted|p1a: Exeggutor
|-damage|p1a: Exeggutor|71/100
|
|upkeep
|turn|13
|
|t:|1769384812
|move|p2a: Landorus|Taunt|p1a: Exeggutor
|-start|p1a: Exeggutor|move: Taunt
|cant|p1a: Exeggutor|move: Taunt|Substitute
|
|upkeep
|turn|14
|
|t:|1769384818
|move|p2a: Landorus|U-turn|p1a: Exeggutor
|-supereffective|p1a: Exeggutor
|-damage|p1a: Exeggutor|12/100
|-enditem|p1a: Exeggutor|Sitrus Berry|[eat]
|-heal|p1a: Exeggutor|37/100|[from] item: Sitrus Berry
|
|t:|1769384829
|switch|p2a: Cinderace|Cinderace, F|100/100|[from] U-turn
|move|p1a: Exeggutor|Psychic Noise|p2a: Cinderace
|-damage|p2a: Cinderace|54/100
|-start|p2a: Cinderace|move: Heal Block
|
|-item|p1a: Exeggutor|Sitrus Berry|[from] ability: Harvest
|upkeep
|-enditem|p1a: Exeggutor|Sitrus Berry|[eat]
|-heal|p1a: Exeggutor|62/100|[from] item: Sitrus Berry
|turn|15
|
|t:|1769384844
|switch|p1a: Pikachu|Pikachu, M|72/100
|-damage|p1a: Pikachu|59/100|[from] Stealth Rock
|move|p2a: Cinderace|U-turn|p1a: Pikachu
|-start|p2a: Cinderace|typechange|Bug|[from] ability: Libero
|-damage|p1a: Pikachu|0 fnt
|-status|p2a: Cinderace|par|[from] ability: Static|[of] p1a: Pikachu
|faint|p1a: Pikachu
|
|t:|1769384858
|switch|p2a: Ogerpon|Ogerpon-Wellspring, F|100/100|[from] U-turn
|-damage|p2a: Ogerpon|88/100|[from] Stealth Rock
|
|upkeep
|
|t:|1769384861
|switch|p1a: Hitmonlee|Hitmonlee, M|100/100
|-damage|p1a: Hitmonlee|94/100|[from] Stealth Rock
|turn|16
|
|t:|1769384873
|move|p1a: Hitmonlee|Fake Out|p2a: Ogerpon
|-enditem|p1a: Hitmonlee|Normal Gem|[from] gem
|-damage|p2a: Ogerpon|64/100
|cant|p2a: Ogerpon|flinch
|
|upkeep
|turn|17
|
|t:|1769384880
|move|p1a: Hitmonlee|Rapid Spin|p2a: Ogerpon
|-damage|p2a: Ogerpon|42/100
|-boost|p1a: Hitmonlee|spe|1
|-sideend|p1: Kanto's Finest|Stealth Rock|[from] move: Rapid Spin|[of] p1a: Hitmonlee
|move|p2a: Ogerpon|Play Rough|p1a: Hitmonlee
|-supereffective|p1a: Hitmonlee
|-damage|p1a: Hitmonlee|0 fnt
|faint|p1a: Hitmonlee
|
|upkeep
|
|t:|1769384890
|switch|p1a: Exeggutor|Exeggutor, F|62/100
|turn|18
|
|t:|1769384915
|move|p2a: Ogerpon|Swords Dance|p2a: Ogerpon
|-boost|p2a: Ogerpon|atk|2
|move|p1a: Exeggutor|Substitute|p1a: Exeggutor
|-start|p1a: Exeggutor|Substitute
|-damage|p1a: Exeggutor|37/100
|
|-item|p1a: Exeggutor|Sitrus Berry|[from] ability: Harvest
|upkeep
|-enditem|p1a: Exeggutor|Sitrus Berry|[eat]
|-heal|p1a: Exeggutor|62/100|[from] item: Sitrus Berry
|turn|19
|
|t:|1769384928
|move|p2a: Ogerpon|Ivy Cudgel|p1a: Exeggutor|[anim] Ivy Cudgel Water
|-resisted|p1a: Exeggutor
|-end|p1a: Exeggutor|Substitute
|move|p1a: Exeggutor|Giga Drain|p2a: Ogerpon
|-damage|p2a: Ogerpon|6/100
|-heal|p1a: Exeggutor|76/100|[from] drain|[of] p2a: Ogerpon
|
|-item|p1a: Exeggutor|Sitrus Berry|[from] ability: Harvest
|upkeep
|turn|20
|inactive|Saxymarsh has 120 seconds left.
|
|t:|1769384945
|move|p2a: Ogerpon|Play Rough|p1a: Exeggutor
|-damage|p1a: Exeggutor|25/100
|-unboost|p1a: Exeggutor|atk|1
|-enditem|p1a: Exeggutor|Sitrus Berry|[eat]
|-heal|p1a: Exeggutor|50/100|[from] item: Sitrus Berry
|move|p1a: Exeggutor|Psychic Noise|p2a: Ogerpon
|-crit|p2a: Ogerpon
|-damage|p2a: Ogerpon|0 fnt
|faint|p2a: Ogerpon
|
|upkeep
|inactive|Saxymarsh has 120 seconds left.
|
|t:|1769384963
|switch|p2a: Cinderace|Cinderace, F|54/100 par
|turn|21
|
|t:|1769384967
|move|p2a: Cinderace|Pyro Ball|p1a: Exeggutor
|-supereffective|p1a: Exeggutor
|-damage|p1a: Exeggutor|0 fnt
|faint|p1a: Exeggutor
|
|upkeep
|
|t:|1769384969
|switch|p1a: Gyarados|Gyarados, F|100/100
|turn|22
|
|t:|1769384980
|move|p1a: Gyarados|Dragon Dance|p1a: Gyarados
|-boost|p1a: Gyarados|atk|1
|-boost|p1a: Gyarados|spe|1
|cant|p2a: Cinderace|par
|
|upkeep
|turn|23
|
|t:|1769384986
|move|p1a: Gyarados|Waterfall|p2a: Cinderace
|-supereffective|p2a: Cinderace
|-damage|p2a: Cinderace|0 fnt
|faint|p2a: Cinderace
|-ability|p1a: Gyarados|Moxie|boost
|-boost|p1a: Gyarados|atk|1
|
|upkeep
|
|t:|1769384993
|switch|p2a: Landorus|Landorus-Therian, M|75/100
|-damage|p2a: Landorus|63/100|[from] Stealth Rock
|-ability|p2a: Landorus|Intimidate|boost
|-unboost|p1a: Gyarados|atk|1
|turn|24
|
|t:|1769384999
|switch|p2a: Pecharunt|Pecharunt|72/100
|-damage|p2a: Pecharunt|59/100|[from] Stealth Rock
|move|p1a: Gyarados|Waterfall|p2a: Pecharunt
|-damage|p2a: Pecharunt|30/100
|-damage|p1a: Gyarados|84/100|[from] item: Rocky Helmet|[of] p2a: Pecharunt
|
|upkeep
|turn|25
|
|t:|1769385016
|move|p1a: Gyarados|Scale Shot|p2a: Pecharunt
|-damage|p2a: Pecharunt|22/100
|-damage|p2a: Pecharunt|16/100
|-crit|p2a: Pecharunt
|-damage|p2a: Pecharunt|6/100
|-damage|p2a: Pecharunt|0 fnt
|faint|p2a: Pecharunt
|-ability|p1a: Gyarados|Moxie|boost
|-boost|p1a: Gyarados|atk|1
|-hitcount|p2: Pecharunt|4
|-unboost|p1a: Gyarados|def|1
|-boost|p1a: Gyarados|spe|1
|
|upkeep
|
|t:|1769385028
|switch|p2a: Landorus|Landorus-Therian, M|63/100
|-damage|p2a: Landorus|51/100|[from] Stealth Rock
|-ability|p2a: Landorus|Intimidate|boost
|-unboost|p1a: Gyarados|atk|1
|turn|26
|
|t:|1769385040
|-terastallize|p2a: Landorus|Water
|move|p1a: Gyarados|Waterfall|p2a: Landorus
|-resisted|p2a: Landorus
|-damage|p2a: Landorus|16/100
|-damage|p1a: Gyarados|67/100|[from] item: Rocky Helmet|[of] p2a: Landorus
|cant|p2a: Landorus|flinch
|
|upkeep
|turn|27
|
|t:|1769385048
|move|p1a: Gyarados|Waterfall|p2a: Landorus
|-resisted|p2a: Landorus
|-damage|p2a: Landorus|0 fnt
|-damage|p1a: Gyarados|51/100|[from] item: Rocky Helmet|[of] p2a: Landorus
|faint|p2a: Landorus
|
|win|Kanto's Finest
|raw|Kanto&apos;s Finest's rating: 1262 &rarr; <strong>1287</strong><br />(+25 for winning)
|raw|Saxymarsh's rating: 1260 &rarr; <strong>1235</strong><br />(-25 for losing)
|l|☆Kanto's Finest
|player|p1|
|l|☆Saxymarsh
|player|p2|
