|j|☆Schrosch
|j|☆borbler
|t:|1769312697
|gametype|singles
|player|p1|Schrosch|169|1141
|player|p2|borbler|cyclistf-gen4|1207
|gen|9
|tier|[Gen 9] OU
|rated|
|rule|HP Percentage Mod: HP is shown in percentages
|rule|Endless Battle Clause: Forcing endless battles is banned
|rule|Species Clause: Limit one of each Pokémon
|rule|OHKO Clause: OHKO moves are banned
|rule|Evasion Items Clause: Evasion items are banned
|rule|Evasion Moves Clause: Evasion moves are banned
|rule|Evasion Abilities Clause: Evasion abilities are banned
|rule|Sleep Moves Clause: Sleep-inducing moves are banned
|clearpoke
|poke|p1|Porygon-Z|
|poke|p1|Gardevoir, F|
|poke|p1|Probopass, M|
|poke|p1|Great Tusk|
|poke|p1|Corviknight, M|
|poke|p1|Serperior, M|
|poke|p2|Pecharunt|
|poke|p2|Mabosstiff, M|
|poke|p2|Volcanion|
|poke|p2|Iron Valiant|
|poke|p2|Landorus-Therian, M|
|poke|p2|Deoxys-Speed|
|teampreview
|
|t:|1769312717
|teamsize|p1|6
|teamsize|p2|6
|start
|switch|p1a: Serperior|Serperior, M|100/100
|switch|p2a: Landorus|Landorus-Therian, M|100/100
|-ability|p2a: Landorus|Intimidate|boost
|-boost|p1a: Serperior|atk|1
|turn|1
|inactive|Battle timer is ON: inactive players will automatically lose when time's up. (requested by Schrosch)
|
|t:|1769312724
|move|p1a: Serperior|Leaf Storm|p2a: Landorus
|-damage|p2a: Landorus|44/100
|-boost|p1a: Serperior|spa|2
|move|p2a: Landorus|U-turn|p1a: Serperior
|-supereffective|p1a: Serperior
|-damage|p1a: Serperior|48/100
|
|t:|1769312732
|switch|p2a: Iron Valiant|Iron Valiant|100/100|[from] U-turn
|-enditem|p2a: Iron Valiant|Booster Energy
|-activate|p2a: Iron Valiant|ability: Quark Drive|[fromitem]
|-start|p2a: Iron Valiant|quarkdrivespe
|
|upkeep
|turn|2
|
|t:|1769312740
|move|p2a: Iron Valiant|Moonblast|p1a: Serperior
|-damage|p1a: Serperior|1/100
|move|p1a: Serperior|Glare|p2a: Iron Valiant
|-status|p2a: Iron Valiant|par
|
|upkeep
|turn|3
|
|t:|1769312752
|move|p1a: Serperior|Leaf Storm|p2a: Iron Valiant
|-damage|p2a: Iron Valiant|0 fnt
|-boost|p1a: Serperior|spa|2
|faint|p2a: Iron Valiant
|-end|p2a: Iron Valiant|Quark Drive|[silent]
|
|upkeep
|
|t:|1769312756
|switch|p2a: Deoxys|Deoxys-Speed|100/100
|-ability|p2a: Deoxys|Pressure
|turn|4
|
|t:|1769312761
|move|p2a: Deoxys|Knock Off|p1a: Serperior
|-damage|p1a: Serperior|0 fnt
|-enditem|p1a: Serperior|Miracle Seed|[from] move: Knock Off|[of] p2a: Deoxys
|faint|p1a: Serperior
|
|upkeep
|
|t:|1769312773
|switch|p1a: Corviknight|Corviknight, M|100/100
|-ability|p1a: Corviknight|Pressure
|turn|5
|
|t:|1769312780
|move|p2a: Deoxys|Superpower|p1a: Corviknight
|-damage|p1a: Corviknight|80/100
|-unboost|p2a: Deoxys|atk|1
|-unboost|p2a: Deoxys|def|1
|-damage|p2a: Deoxys|84/100|[from] item: Rocky Helmet|[of] p1a: Corviknight
|-enditem|p2a: Deoxys|Eject Pack
|
|t:|1769312790
|switch|p2a: Volcanion|Volcanion|100/100
|move|p1a: Corviknight|Brave Bird|p2a: Volcanion
|-damage|p2a: Volcanion|74/100
|-damage|p1a: Corviknight|72/100|[from] Recoil
|
|-heal|p2a: Volcanion|80/100|[from] item: Leftovers
|upkeep
|turn|6
|
|t:|1769312812
|switch|p1a: Probopass|Probopass, M|100/100
|move|p2a: Volcanion|Flamethrower|p1a: Probopass
|-damage|p1a: Probopass|68/100
|
|-heal|p2a: Volcanion|86/100|[from] item: Leftovers
|upkeep
|turn|7
|
|t:|1769312821
|switch|p1a: Gardevoir|Gardevoir, F|100/100
|-ability|p1a: Gardevoir|Water Absorb|Trace|[from] ability: Trace|[of] p2a: Volcanion
|move|p2a: Volcanion|Steam Eruption|p1a: Gardevoir
|-immune|p1a: Gardevoir|[from] ability: Water Absorb
|
|-heal|p2a: Volcanion|92/100|[from] item: Leftovers
|upkeep
|turn|8
|inactive|Schrosch has 120 seconds left.
|
|t:|1769312852
|move|p1a: Gardevoir|Substitute|p1a: Gardevoir
|-start|p1a: Gardevoir|Substitute
|-damage|p1a: Gardevoir|76/100
|move|p2a: Volcanion|Flamethrower|p1a: Gardevoir
|-end|p1a: Gardevoir|Substitute
|
|-heal|p2a: Volcanion|98/100|[from] item: Leftovers
|upkeep
|turn|9
|inactive|Schrosch has 120 seconds left.
|
|t:|1769312862
|switch|p1a: Porygon-Z|Porygon-Z|100/100
|move|p2a: Volcanion|Flamethrower|p1a: Porygon-Z
|-damage|p1a: Porygon-Z|43/100
|-status|p1a: Porygon-Z|brn
|
|-heal|p2a: Volcanion|100/100|[from] item: Leftovers
|-damage|p1a: Porygon-Z|37/100 brn|[from] brn
|upkeep
|turn|10
|inactive|Schrosch has 120 seconds left.
|
|t:|1769312872
|switch|p2a: Pecharunt|Pecharunt|100/100
|move|p1a: Porygon-Z|Tera Blast|p2a: Pecharunt
|-immune|p2a: Pecharunt
|
|-damage|p1a: Porygon-Z|31/100 brn|[from] brn
|upkeep
|turn|11
|inactive|Schrosch has 120 seconds left.
|
|t:|1769312896
|-terastallize|p1a: Porygon-Z|Dark
|move|p1a: Porygon-Z|Tera Blast|p2a: Pecharunt|[anim] Tera Blast Dark
|-supereffective|p2a: Pecharunt
|-damage|p2a: Pecharunt|0 fnt
|faint|p2a: Pecharunt
|
|-damage|p1a: Porygon-Z|25/100 brn|[from] brn
|upkeep
|inactive|borbler has 120 seconds left.
|
|t:|1769312933
|switch|p2a: Mabosstiff|Mabosstiff, M, shiny|100/100
|-ability|p2a: Mabosstiff|Intimidate|boost
|-unboost|p1a: Porygon-Z|atk|1
|turn|12
|inactive|Schrosch has 120 seconds left.
|inactive|borbler has 120 seconds left.
|
|t:|1769312954
|switch|p1a: Probopass|Probopass, M|68/100
|move|p2a: Mabosstiff|Hone Claws|p2a: Mabosstiff
|-boost|p2a: Mabosstiff|atk|1
|-boost|p2a: Mabosstiff|accuracy|1
|
|upkeep
|turn|13
|
|t:|1769312963
|-terastallize|p2a: Mabosstiff|Bug
|move|p2a: Mabosstiff|Trailblaze|p1a: Probopass
|-damage|p1a: Probopass|50/100
|-boost|p2a: Mabosstiff|spe|1
|move|p1a: Probopass|Iron Defense|p1a: Probopass
|-boost|p1a: Probopass|def|2
|
|upkeep
|turn|14
|
|t:|1769312973
|move|p2a: Mabosstiff|Jaw Lock|p1a: Probopass
|-damage|p1a: Probopass|29/100
|-activate|p2a: Mabosstiff|trapped
|-activate|p1a: Probopass|trapped
|move|p1a: Probopass|Iron Defense|p1a: Probopass
|-boost|p1a: Probopass|def|2
|
|upkeep
|turn|15
|
|t:|1769312979
|move|p2a: Mabosstiff|Hone Claws|p2a: Mabosstiff
|-boost|p2a: Mabosstiff|atk|1
|-boost|p2a: Mabosstiff|accuracy|1
|move|p1a: Probopass|Pain Split|p2a: Mabosstiff
|-sethp|p2a: Mabosstiff|64/100|[from] move: Pain Split|[silent]
|-sethp|p1a: Probopass|69/100|[from] move: Pain Split
|
|upkeep
|turn|16
|
|t:|1769312986
|move|p2a: Mabosstiff|Hone Claws|p2a: Mabosstiff
|-boost|p2a: Mabosstiff|atk|1
|-boost|p2a: Mabosstiff|accuracy|1
|move|p1a: Probopass|Power Gem|p2a: Mabosstiff
|-supereffective|p2a: Mabosstiff
|-damage|p2a: Mabosstiff|10/100
|
|upkeep
|turn|17
|
|t:|1769312992
|move|p2a: Mabosstiff|Jaw Lock|p1a: Probopass
|-damage|p1a: Probopass|47/100
|move|p1a: Probopass|Power Gem|p2a: Mabosstiff
|-supereffective|p2a: Mabosstiff
|-damage|p2a: Mabosstiff|0 fnt
|faint|p2a: Mabosstiff
|
|upkeep
|-message|borbler forfeited.
|
|win|Schrosch
|raw|Schrosch's rating: 1141 &rarr; <strong>1171</strong><br />(+30 for winning)
|raw|borbler's rating: 1207 &rarr; <strong>1177</strong><br />(-30 for losing)
|l|☆borbler
|player|p2|
|l|☆Schrosch
|player|p1|
