|j|☆Linnotoooo
|j|☆3anna
|t:|1769403659
|gametype|singles
|player|p1|Linnotoooo|dancer|1226
|player|p2|3anna|acerola-masters|1246
|gen|9
|tier|[Gen 9] OU
|rated|
|rule|HP Percentage Mod: HP is shown in percentages
|rule|Endless Battle Clause: Forcing endless battles is banned
|rule|Species Clause: Limit one of each Pokémon
|rule|OHKO Clause: OHKO moves are banned
|rule|Evasion Items Clause: Evasion items are banned
|rule|Evasion Moves Clause: Evasion moves are banned
|rule|Evasion Abilities Clause: Evasion abilities are banned
|rule|Sleep Moves Clause: Sleep-inducing moves are banned
|clearpoke
|poke|p1|Zoroark-Hisui, F|
|poke|p1|Ceruledge, M|
|poke|p1|Primarina, M|
|poke|p1|Great Tusk|
|poke|p1|Kingambit, M|
|poke|p1|Moltres|
|poke|p2|Cinccino, F|
|poke|p2|Garganacl, M|
|poke|p2|Pelipper, F|
|poke|p2|Rillaboom, F|
|poke|p2|Ogerpon-Wellspring, F|
|poke|p2|Walking Wake|
|teampreview
|
|t:|1769403676
|teamsize|p1|6
|teamsize|p2|6
|start
|switch|p1a: Primarina|Primarina, M|100/100
|switch|p2a: Ogerpon|Ogerpon-Wellspring, F|100/100
|turn|1
|inactive|Battle timer is ON: inactive players will automatically lose when time's up. (requested by 3anna)
|
|t:|1769403688
|move|p2a: Ogerpon|Horn Leech|p1a: Primarina
|-supereffective|p1a: Primarina
|-crit|p1a: Primarina
|-damage|p1a: Primarina|0 fnt
|faint|p1a: Primarina
|
|upkeep
|
|t:|1769403696
|switch|p1a: Moltres|Moltres|100/100
|turn|2
|
|t:|1769403719
|move|p2a: Ogerpon|Ivy Cudgel|p1a: Moltres|[anim] Ivy Cudgel Water
|-supereffective|p1a: Moltres
|-damage|p1a: Moltres|1/100
|move|p1a: Moltres|Hurricane|p2a: Ogerpon
|-supereffective|p2a: Ogerpon
|-damage|p2a: Ogerpon|0 fnt
|faint|p2a: Ogerpon
|
|upkeep
|
|t:|1769403730
|switch|p2a: Garganacl|Garganacl, M|100/100
|turn|3
|
|t:|1769403736
|move|p1a: Moltres|Roost|p1a: Moltres
|-heal|p1a: Moltres|51/100
|-singleturn|p1a: Moltres|move: Roost
|move|p2a: Garganacl|Stealth Rock|p1a: Moltres
|-sidestart|p1: Linnotoooo|move: Stealth Rock
|
|upkeep
|turn|4
|
|t:|1769403746
|move|p1a: Moltres|Scorching Sands|p2a: Garganacl
|-supereffective|p2a: Garganacl
|-damage|p2a: Garganacl|65/100
|move|p2a: Garganacl|Salt Cure|p1a: Moltres
|-supereffective|p1a: Moltres
|-damage|p1a: Moltres|0 fnt
|faint|p1a: Moltres
|
|-heal|p2a: Garganacl|71/100|[from] item: Leftovers
|upkeep
|
|t:|1769403757
|switch|p1a: Great Tusk|Great Tusk|100/100
|-damage|p1a: Great Tusk|98/100|[from] Stealth Rock
|turn|5
|
|t:|1769403781
|-terastallize|p2a: Garganacl|Ghost
|move|p1a: Great Tusk|Rapid Spin|p2a: Garganacl
|-immune|p2a: Garganacl
|move|p2a: Garganacl|Salt Cure|p1a: Great Tusk
|-resisted|p1a: Great Tusk
|-damage|p1a: Great Tusk|95/100
|-start|p1a: Great Tusk|Salt Cure
|
|-heal|p2a: Garganacl|77/100|[from] item: Leftovers
|-damage|p1a: Great Tusk|83/100|[from] Salt Cure
|upkeep
|turn|6
|
|t:|1769403792
|-end|p1a: Great Tusk|Protosynthesis|[silent]
|switch|p1a: Kingambit|Kingambit, M|100/100
|-damage|p1a: Kingambit|94/100|[from] Stealth Rock
|-activate|p1a: Kingambit|ability: Supreme Overlord
|-start|p1a: Kingambit|fallen2|[silent]
|move|p2a: Garganacl|Recover|p2a: Garganacl
|-heal|p2a: Garganacl|100/100
|
|upkeep
|turn|7
|
|t:|1769403801
|move|p1a: Kingambit|Kowtow Cleave|p2a: Garganacl
|-supereffective|p2a: Garganacl
|-damage|p2a: Garganacl|36/100
|move|p2a: Garganacl|Salt Cure|p1a: Kingambit
|-resisted|p1a: Kingambit
|-damage|p1a: Kingambit|88/100
|-start|p1a: Kingambit|Salt Cure
|
|-heal|p2a: Garganacl|42/100|[from] item: Leftovers
|-damage|p1a: Kingambit|63/100|[from] Salt Cure
|upkeep
|turn|8
|
|t:|1769403813
|switch|p2a: Rillaboom|Rillaboom, F|100/100
|-fieldstart|move: Grassy Terrain|[from] ability: Grassy Surge|[of] p2a: Rillaboom
|move|p1a: Kingambit|Kowtow Cleave|p2a: Rillaboom
|-damage|p2a: Rillaboom|36/100
|
|-heal|p2a: Rillaboom|42/100|[from] Grassy Terrain
|-heal|p1a: Kingambit|69/100|[from] Grassy Terrain
|-damage|p1a: Kingambit|44/100|[from] Salt Cure
|upkeep
|turn|9
|
|t:|1769403824
|move|p1a: Kingambit|Sucker Punch|p2a: Rillaboom
|-damage|p2a: Rillaboom|0 fnt
|faint|p2a: Rillaboom
|
|-heal|p1a: Kingambit|51/100|[from] Grassy Terrain
|-damage|p1a: Kingambit|26/100|[from] Salt Cure
|upkeep
|
|t:|1769403842
|switch|p2a: Pelipper|Pelipper, F|100/100
|-weather|RainDance|[from] ability: Drizzle|[of] p2a: Pelipper
|turn|10
|
|t:|1769403857
|move|p1a: Kingambit|Sucker Punch|p2a: Pelipper
|-damage|p2a: Pelipper|45/100
|move|p2a: Pelipper|Hydro Pump|p1a: Kingambit|[miss]
|-miss|p2a: Pelipper|p1a: Kingambit
|
|-weather|RainDance|[upkeep]
|-heal|p1a: Kingambit|32/100|[from] Grassy Terrain
|-damage|p1a: Kingambit|7/100|[from] Salt Cure
|upkeep
|turn|11
|
|t:|1769403876
|move|p1a: Kingambit|Kowtow Cleave|p2a: Pelipper
|-damage|p2a: Pelipper|0 fnt
|faint|p2a: Pelipper
|
|-weather|RainDance|[upkeep]
|-heal|p1a: Kingambit|13/100|[from] Grassy Terrain
|-damage|p1a: Kingambit|0 fnt|[from] Salt Cure
|faint|p1a: Kingambit
|-end|p1a: Kingambit|fallen2|[silent]
|upkeep
|inactive|3anna has 120 seconds left.
|
|t:|1769403901
|switch|p1a: Great Tusk|Great Tusk|83/100
|switch|p2a: Walking Wake|Walking Wake|100/100
|-damage|p1a: Great Tusk|80/100|[from] Stealth Rock
|turn|12
|
|t:|1769403907
|move|p2a: Walking Wake|Hydro Steam|p1a: Great Tusk
|-supereffective|p1a: Great Tusk
|-damage|p1a: Great Tusk|0 fnt
|faint|p1a: Great Tusk
|-end|p1a: Great Tusk|Protosynthesis|[silent]
|
|-weather|RainDance|[upkeep]
|-fieldend|move: Grassy Terrain
|upkeep
|
|t:|1769403913
|switch|p1a: Ceruledge|Ceruledge, M|100/100
|-damage|p1a: Ceruledge|88/100|[from] Stealth Rock
|turn|13
|
|t:|1769403919
|-terastallize|p1a: Ceruledge|Ghost
|move|p1a: Ceruledge|Shadow Ball|p2a: Walking Wake
|-damage|p2a: Walking Wake|34/100
|move|p2a: Walking Wake|Hydro Steam|p1a: Ceruledge
|-damage|p1a: Ceruledge|0 fnt
|replace|p1a: Zoroark|Zoroark-Hisui, F
|-end|p1a: Zoroark|Illusion
|faint|p1a: Zoroark
|
|-weather|RainDance|[upkeep]
|upkeep
|
|t:|1769403927
|switch|p1a: Ceruledge|Ceruledge, M|100/100
|-damage|p1a: Ceruledge|76/100|[from] Stealth Rock
|turn|14
|
|t:|1769403933
|move|p1a: Ceruledge|Poltergeist|p2a: Walking Wake
|-activate|p2a: Walking Wake|move: Poltergeist|Choice Specs
|-damage|p2a: Walking Wake|0 fnt
|faint|p2a: Walking Wake
|-end|p2a: Walking Wake|Protosynthesis|[silent]
|
|-weather|none
|upkeep
|
|t:|1769403938
|switch|p2a: Cinccino|Cinccino, F|100/100
|turn|15
|-message|Linnotoooo forfeited.
|
|win|3anna
|raw|Linnotoooo's rating: 1226 &rarr; <strong>1202</strong><br />(-24 for losing)
|raw|3anna's rating: 1246 &rarr; <strong>1270</strong><br />(+24 for winning)
|l|☆Linnotoooo
|player|p1|
|l|☆3anna
|player|p2|
