|j|☆Igoodnamename
|j|☆ridlostar
|t:|1769298404
|gametype|singles
|player|p1|Igoodnamename|266|1751
|player|p2|ridlostar|hilbert|1753
|gen|9
|tier|[Gen 9] OU
|rated|
|rule|HP Percentage Mod: HP is shown in percentages
|rule|Endless Battle Clause: Forcing endless battles is banned
|rule|Species Clause: Limit one of each Pokémon
|rule|OHKO Clause: OHKO moves are banned
|rule|Evasion Items Clause: Evasion items are banned
|rule|Evasion Moves Clause: Evasion moves are banned
|rule|Evasion Abilities Clause: Evasion abilities are banned
|rule|Sleep Moves Clause: Sleep-inducing moves are banned
|clearpoke
|poke|p1|Hydrapple, M|
|poke|p1|Alomomola, M|
|poke|p1|Weezing-Galar, F|
|poke|p1|Darkrai|
|poke|p1|Heatran, M|
|poke|p1|Zamazenta-*|
|poke|p2|Toedscruel, M|
|poke|p2|Darkrai|
|poke|p2|Cresselia, F|
|poke|p2|Clodsire, M|
|poke|p2|Dragonite, M|
|poke|p2|Alomomola, F|
|teampreview
|inactive|Battle timer is ON: inactive players will automatically lose when time's up. (requested by ridlostar)
|
|t:|1769298416
|teamsize|p1|6
|teamsize|p2|6
|start
|switch|p1a: Heatran|Heatran, M|100/100
|switch|p2a: Keanu Reeves|Darkrai|100/100
|turn|1
|
|t:|1769298423
|move|p2a: Keanu Reeves|Knock Off|p1a: Heatran
|-damage|p1a: Heatran|61/100
|-enditem|p1a: Heatran|Leftovers|[from] move: Knock Off|[of] p2a: Keanu Reeves
|move|p1a: Heatran|Magma Storm|p2a: Keanu Reeves|[miss]
|-miss|p1a: Heatran|p2a: Keanu Reeves
|
|upkeep
|turn|2
|
|t:|1769298429
|switch|p2a: Fair and Balanced|Alomomola, F|100/100
|move|p1a: Heatran|Stealth Rock|p2a: Fair and Balanced
|-sidestart|p2: ridlostar|move: Stealth Rock
|
|upkeep
|turn|3
|
|t:|1769298437
|switch|p1a: Hydrapple|Hydrapple, M|100/100
|move|p2a: Fair and Balanced|Flip Turn|p1a: Hydrapple
|-resisted|p1a: Hydrapple
|-damage|p1a: Hydrapple|98/100
|
|t:|1769298443
|switch|p2a: Squidward?|Toedscruel, M|100/100|[from] Flip Turn
|
|upkeep
|turn|4
|
|t:|1769298448
|move|p2a: Squidward?|Rapid Spin|p1a: Hydrapple
|-damage|p1a: Hydrapple|94/100
|-boost|p2a: Squidward?|spe|1
|-sideend|p2: ridlostar|Stealth Rock|[from] move: Rapid Spin|[of] p2a: Squidward?
|move|p1a: Hydrapple|Nasty Plot|p1a: Hydrapple
|-boost|p1a: Hydrapple|spa|2
|
|upkeep
|turn|5
|
|t:|1769298455
|switch|p2a: Big Man|Clodsire, M|100/100
|move|p1a: Hydrapple|Fickle Beam|p2a: Big Man|[anim] Fickle Beam All Out
|-activate|p1a: Hydrapple|move: Fickle Beam
|-damage|p2a: Big Man|50/100
|
|-heal|p2a: Big Man|57/100|[from] item: Leftovers
|upkeep
|turn|6
|
|t:|1769298479
|switch|p1a: Weezing|Weezing-Galar, F|100/100
|-ability|p1a: Weezing|Neutralizing Gas
|move|p2a: Big Man|Recover|p2a: Big Man
|-heal|p2a: Big Man|100/100
|
|upkeep
|turn|7
|
|t:|1769298488
|switch|p2a: Squidward?|Toedscruel, M|100/100
|move|p1a: Weezing|Will-O-Wisp|p2a: Squidward?
|-status|p2a: Squidward?|brn
|
|-damage|p2a: Squidward?|95/100 brn|[from] brn
|upkeep
|turn|8
|
|t:|1769298509
|-end|p1a: Weezing|ability: Neutralizing Gas
|switch|p1a: Alomomola|Alomomola, M|100/100
|move|p2a: Squidward?|Earth Power|p1a: Alomomola
|-damage|p1a: Alomomola|81/100
|
|-damage|p2a: Squidward?|89/100 brn|[from] brn
|upkeep
|turn|9
|
|t:|1769298524
|switch|p2a: Fair and Balanced|Alomomola, F|100/100
|move|p1a: Alomomola|Flip Turn|p2a: Fair and Balanced
|-resisted|p2a: Fair and Balanced
|-damage|p2a: Fair and Balanced|95/100
|
|t:|1769298531
|switch|p1a: Darkrai|Darkrai|100/100|[from] Flip Turn
|
|upkeep
|turn|10
|
|t:|1769298535
|move|p1a: Darkrai|Dark Pulse|p2a: Fair and Balanced
|-damage|p2a: Fair and Balanced|49/100
|move|p2a: Fair and Balanced|Flip Turn|p1a: Darkrai
|-damage|p1a: Darkrai|79/100
|
|t:|1769298540
|switch|p2a: Big Man|Clodsire, M|100/100|[from] Flip Turn
|
|upkeep
|turn|11
|
|t:|1769298548
|switch|p1a: Alomomola|Alomomola, M|100/100
|move|p2a: Big Man|Toxic|p1a: Alomomola
|-status|p1a: Alomomola|tox
|
|-damage|p1a: Alomomola|94/100 tox|[from] psn
|upkeep
|turn|12
|
|t:|1769298553
|move|p1a: Alomomola|Scald|p2a: Big Man
|-supereffective|p2a: Big Man
|-damage|p2a: Big Man|82/100
|move|p2a: Big Man|Earthquake|p1a: Alomomola
|-damage|p1a: Alomomola|76/100 tox
|
|-heal|p2a: Big Man|88/100|[from] item: Leftovers
|-damage|p1a: Alomomola|64/100 tox|[from] psn
|upkeep
|turn|13
|
|t:|1769298556
|switch|p2a: Fair and Balanced|Alomomola, F|82/100
|move|p1a: Alomomola|Flip Turn|p2a: Fair and Balanced
|-resisted|p2a: Fair and Balanced
|-damage|p2a: Fair and Balanced|75/100
|
|t:|1769298559
|switch|p1a: Darkrai|Darkrai|79/100|[from] Flip Turn
|
|upkeep
|turn|14
|
|t:|1769298564
|move|p1a: Darkrai|Dark Pulse|p2a: Fair and Balanced
|-damage|p2a: Fair and Balanced|28/100
|move|p2a: Fair and Balanced|Flip Turn|p1a: Darkrai
|-damage|p1a: Darkrai|58/100
|
|t:|1769298567
|switch|p2a: Big Man|Clodsire, M|88/100|[from] Flip Turn
|
|-heal|p2a: Big Man|94/100|[from] item: Leftovers
|upkeep
|turn|15
|
|t:|1769298577
|switch|p1a: Alomomola|Alomomola, M|97/100 tox
|switch|p2a: Keanu Reeves|Darkrai|100/100
|
|-damage|p1a: Alomomola|91/100 tox|[from] psn
|upkeep
|turn|16
|
|t:|1769298581
|move|p2a: Keanu Reeves|Knock Off|p1a: Alomomola
|-damage|p1a: Alomomola|67/100 tox
|-enditem|p1a: Alomomola|Assault Vest|[from] move: Knock Off|[of] p2a: Keanu Reeves
|move|p1a: Alomomola|Flip Turn|p2a: Keanu Reeves
|-damage|p2a: Keanu Reeves|77/100
|
|t:|1769298587
|switch|p1a: Heatran|Heatran, M|61/100|[from] Flip Turn
|
|upkeep
|turn|17
|
|t:|1769298596
|move|p2a: Keanu Reeves|Drain Punch|p1a: Heatran
|-supereffective|p1a: Heatran
|-damage|p1a: Heatran|23/100
|-heal|p2a: Keanu Reeves|98/100|[from] drain|[of] p1a: Heatran
|move|p1a: Heatran|Stealth Rock|p2a: Keanu Reeves
|-sidestart|p2: ridlostar|move: Stealth Rock
|
|upkeep
|turn|18
|
|t:|1769298610
|switch|p1a: Zamazenta|Zamazenta|100/100
|-ability|p1a: Zamazenta|Dauntless Shield|boost
|-boost|p1a: Zamazenta|def|1
|move|p2a: Keanu Reeves|Drain Punch|p1a: Zamazenta
|-damage|p1a: Zamazenta|88/100
|-heal|p2a: Keanu Reeves|100/100|[from] drain|[of] p1a: Zamazenta
|
|upkeep
|turn|19
|
|t:|1769298614
|switch|p2a: Big Man|Clodsire, M|94/100
|-damage|p2a: Big Man|88/100|[from] Stealth Rock
|move|p1a: Zamazenta|Close Combat|p2a: Big Man
|-resisted|p2a: Big Man
|-crit|p2a: Big Man
|-damage|p2a: Big Man|57/100
|-unboost|p1a: Zamazenta|def|1
|-unboost|p1a: Zamazenta|spd|1
|
|-heal|p2a: Big Man|63/100|[from] item: Leftovers
|upkeep
|turn|20
|
|t:|1769298621
|switch|p1a: Alomomola|Alomomola, M|99/100 tox
|move|p2a: Big Man|Earthquake|p1a: Alomomola
|-damage|p1a: Alomomola|81/100 tox
|
|-heal|p2a: Big Man|69/100|[from] item: Leftovers
|-damage|p1a: Alomomola|75/100 tox|[from] psn
|upkeep
|turn|21
|
|t:|1769298626
|switch|p2a: Fair and Balanced|Alomomola, F|61/100
|move|p1a: Alomomola|Scald|p2a: Fair and Balanced
|-resisted|p2a: Fair and Balanced
|-damage|p2a: Fair and Balanced|56/100
|
|-damage|p1a: Alomomola|63/100 tox|[from] psn
|upkeep
|turn|22
|
|t:|1769298636
|move|p2a: Fair and Balanced|Wish|p2a: Fair and Balanced
|move|p1a: Alomomola|Flip Turn|p2a: Fair and Balanced
|-resisted|p2a: Fair and Balanced
|-crit|p2a: Fair and Balanced
|-damage|p2a: Fair and Balanced|47/100
|
|t:|1769298640
|switch|p1a: Weezing|Weezing-Galar, F|100/100|[from] Flip Turn
|-ability|p1a: Weezing|Neutralizing Gas
|
|upkeep
|turn|23
|
|t:|1769298647
|move|p1a: Weezing|Will-O-Wisp|p2a: Fair and Balanced
|-status|p2a: Fair and Balanced|brn
|move|p2a: Fair and Balanced|Flip Turn|p1a: Weezing
|-damage|p1a: Weezing|95/100
|
|t:|1769298663
|switch|p2a: why|Cresselia, F, shiny|100/100|[from] Flip Turn
|-damage|p2a: why|88/100|[from] Stealth Rock
|
|-heal|p2a: why|100/100|[from] move: Wish|[wisher] Fair and Balanced
|upkeep
|turn|24
|
|t:|1769298671
|-end|p1a: Weezing|ability: Neutralizing Gas
|switch|p1a: Darkrai|Darkrai|58/100
|move|p2a: why|Calm Mind|p2a: why
|-boost|p2a: why|spa|1
|-boost|p2a: why|spd|1
|
|upkeep
|turn|25
|
|t:|1769298682
|switch|p2a: Keanu Reeves|Darkrai|100/100
|-damage|p2a: Keanu Reeves|88/100|[from] Stealth Rock
|-terastallize|p1a: Darkrai|Dark
|move|p1a: Darkrai|Dark Pulse|p2a: Keanu Reeves
|-resisted|p2a: Keanu Reeves
|-damage|p2a: Keanu Reeves|28/100
|
|upkeep
|turn|26
|j| pacdan111
|
|t:|1769298688
|switch|p1a: Alomomola|Alomomola, M|96/100 tox
|move|p2a: Keanu Reeves|Drain Punch|p1a: Alomomola
|-damage|p1a: Alomomola|84/100 tox
|-heal|p2a: Keanu Reeves|39/100|[from] drain|[of] p1a: Alomomola
|
|-damage|p1a: Alomomola|78/100 tox|[from] psn
|upkeep
|turn|27
|
|t:|1769298693
|move|p2a: Keanu Reeves|Drain Punch|p1a: Alomomola
|-damage|p1a: Alomomola|65/100 tox
|-heal|p2a: Keanu Reeves|50/100|[from] drain|[of] p1a: Alomomola
|move|p1a: Alomomola|Flip Turn|p2a: Keanu Reeves
|-damage|p2a: Keanu Reeves|24/100
|
|t:|1769298697
|switch|p1a: Zamazenta|Zamazenta|88/100|[from] Flip Turn
|
|upkeep
|turn|28
|
|t:|1769298706
|switch|p2a: Big Man|Clodsire, M|69/100
|-damage|p2a: Big Man|63/100|[from] Stealth Rock
|move|p1a: Zamazenta|Close Combat|p2a: Big Man
|-resisted|p2a: Big Man
|-damage|p2a: Big Man|42/100
|-unboost|p1a: Zamazenta|def|1
|-unboost|p1a: Zamazenta|spd|1
|
|-heal|p2a: Big Man|49/100|[from] item: Leftovers
|upkeep
|turn|29
|
|t:|1769298718
|switch|p1a: Alomomola|Alomomola, M|98/100 tox
|move|p2a: Big Man|Recover|p2a: Big Man
|-heal|p2a: Big Man|99/100
|
|-heal|p2a: Big Man|100/100|[from] item: Leftovers
|-damage|p1a: Alomomola|92/100 tox|[from] psn
|upkeep
|turn|30
|
|t:|1769298728
|switch|p2a: why|Cresselia, F, shiny|100/100
|-damage|p2a: why|88/100|[from] Stealth Rock
|move|p1a: Alomomola|Flip Turn|p2a: why
|-crit|p2a: why
|-damage|p2a: why|75/100
|
|t:|1769298735
|switch|p1a: Darkrai|Darkrai, tera:Dark|58/100|[from] Flip Turn
|
|-heal|p2a: why|81/100|[from] item: Leftovers
|upkeep
|turn|31
|
|t:|1769298751
|switch|p2a: Keanu Reeves|Darkrai|24/100
|-damage|p2a: Keanu Reeves|12/100|[from] Stealth Rock
|move|p1a: Darkrai|Dark Pulse|p2a: Keanu Reeves
|-resisted|p2a: Keanu Reeves
|-damage|p2a: Keanu Reeves|0 fnt
|faint|p2a: Keanu Reeves
|
|upkeep
|
|t:|1769298754
|switch|p2a: why|Cresselia, F, shiny|81/100
|-damage|p2a: why|69/100|[from] Stealth Rock
|turn|32
|
|t:|1769298759
|-terastallize|p2a: why|Poison
|move|p1a: Darkrai|Dark Pulse|p2a: why
|-damage|p2a: why|10/100
|move|p2a: why|Moonblast|p1a: Darkrai
|-supereffective|p1a: Darkrai
|-damage|p1a: Darkrai|12/100
|
|-heal|p2a: why|16/100|[from] item: Leftovers
|upkeep
|turn|33
|
|t:|1769298770
|switch|p2a: him|Dragonite, M|100/100
|-damage|p2a: him|76/100|[from] Stealth Rock
|move|p1a: Darkrai|Dark Pulse|p2a: him
|-damage|p2a: him|0 fnt
|faint|p2a: him
|
|upkeep
|
|t:|1769298774
|switch|p2a: Fair and Balanced|Alomomola, F|47/100 brn
|turn|34
|
|t:|1769298781
|switch|p2a: Squidward?|Toedscruel, M|89/100 brn
|move|p1a: Darkrai|Dark Pulse|p2a: Squidward?
|-damage|p2a: Squidward?|16/100 brn
|
|-damage|p2a: Squidward?|10/100 brn|[from] brn
|upkeep
|turn|35
|
|t:|1769298801
|move|p1a: Darkrai|Dark Pulse|p2a: Squidward?
|-damage|p2a: Squidward?|0 fnt
|faint|p2a: Squidward?
|
|upkeep
|
|t:|1769298807
|switch|p2a: Fair and Balanced|Alomomola, F|80/100 brn
|turn|36
|
|t:|1769298813
|switch|p1a: Hydrapple|Hydrapple, M|100/100
|move|p2a: Fair and Balanced|Healing Wish|p2a: Fair and Balanced
|faint|p2a: Fair and Balanced
|
|upkeep
|
|t:|1769298824
|switch|p2a: why|Cresselia, F, shiny, tera:Poison|16/100
|-heal|p2a: why|100/100|[from] move: Healing Wish
|-damage|p2a: why|88/100|[from] Stealth Rock
|turn|37
|
|t:|1769298833
|move|p2a: why|Calm Mind|p2a: why
|-boost|p2a: why|spa|1
|-boost|p2a: why|spd|1
|move|p1a: Hydrapple|Nasty Plot|p1a: Hydrapple
|-boost|p1a: Hydrapple|spa|2
|
|-heal|p2a: why|94/100|[from] item: Leftovers
|upkeep
|turn|38
|
|t:|1769298836
|move|p2a: why|Calm Mind|p2a: why
|-boost|p2a: why|spa|1
|-boost|p2a: why|spd|1
|move|p1a: Hydrapple|Fickle Beam|p2a: why
|-damage|p2a: why|73/100
|
|-heal|p2a: why|79/100|[from] item: Leftovers
|upkeep
|turn|39
|
|t:|1769298843
|move|p2a: why|Moonblast|p1a: Hydrapple
|-supereffective|p1a: Hydrapple
|-damage|p1a: Hydrapple|30/100
|move|p1a: Hydrapple|Nasty Plot|p1a: Hydrapple
|-boost|p1a: Hydrapple|spa|2
|
|-heal|p2a: why|85/100|[from] item: Leftovers
|upkeep
|turn|40
|
|t:|1769298852
|move|p2a: why|Calm Mind|p2a: why
|-boost|p2a: why|spa|1
|-boost|p2a: why|spd|1
|move|p1a: Hydrapple|Fickle Beam|p2a: why|[anim] Fickle Beam All Out
|-activate|p1a: Hydrapple|move: Fickle Beam
|-damage|p2a: why|32/100
|
|-heal|p2a: why|38/100|[from] item: Leftovers
|upkeep
|turn|41
|j| Obling
|
|t:|1769298857
|move|p2a: why|Moonlight|p2a: why
|-heal|p2a: why|88/100
|move|p1a: Hydrapple|Fickle Beam|p2a: why|[anim] Fickle Beam All Out
|-activate|p1a: Hydrapple|move: Fickle Beam
|-damage|p2a: why|38/100
|
|-heal|p2a: why|44/100|[from] item: Leftovers
|upkeep
|turn|42
|
|t:|1769298863
|move|p2a: why|Moonlight|p2a: why
|-heal|p2a: why|94/100
|move|p1a: Hydrapple|Fickle Beam|p2a: why|[anim] Fickle Beam All Out
|-activate|p1a: Hydrapple|move: Fickle Beam
|-damage|p2a: why|44/100
|
|-heal|p2a: why|50/100|[from] item: Leftovers
|upkeep
|turn|43
|
|t:|1769298873
|move|p2a: why|Moonlight|p2a: why
|-heal|p2a: why|99/100
|move|p1a: Hydrapple|Fickle Beam|p2a: why|[anim] Fickle Beam All Out
|-activate|p1a: Hydrapple|move: Fickle Beam
|-damage|p2a: why|49/100
|
|-heal|p2a: why|55/100|[from] item: Leftovers
|upkeep
|turn|44
|
|t:|1769298876
|move|p2a: why|Moonlight|p2a: why
|-heal|p2a: why|100/100
|move|p1a: Hydrapple|Nasty Plot|p1a: Hydrapple
|-boost|p1a: Hydrapple|spa|2
|
|upkeep
|turn|45
|
|t:|1769298889
|move|p2a: why|Moonblast|p1a: Hydrapple
|-supereffective|p1a: Hydrapple
|-damage|p1a: Hydrapple|0 fnt
|faint|p1a: Hydrapple
|
|upkeep
|
|t:|1769298893
|switch|p1a: Heatran|Heatran, M|23/100
|turn|46
|
|t:|1769298906
|move|p1a: Heatran|Taunt|p2a: why
|-start|p2a: why|move: Taunt
|cant|p2a: why|move: Taunt|Calm Mind
|
|upkeep
|turn|47
|
|t:|1769298910
|move|p1a: Heatran|Magma Storm|p2a: why
|-damage|p2a: why|87/100
|-activate|p2a: why|move: Magma Storm|[of] p1a: Heatran
|move|p2a: why|Stored Power|p1a: Heatran
|-resisted|p1a: Heatran
|-damage|p1a: Heatran|0 fnt
|faint|p1a: Heatran
|
|-heal|p2a: why|93/100|[from] item: Leftovers
|-end|p2a: why|Magma Storm|[partiallytrapped]|[silent]
|upkeep
|l| Obling
|
|t:|1769298921
|switch|p1a: Darkrai|Darkrai, tera:Dark|12/100
|turn|48
|
|t:|1769298924
|move|p1a: Darkrai|Dark Pulse|p2a: why
|-damage|p2a: why|70/100
|move|p2a: why|Moonblast|p1a: Darkrai
|-supereffective|p1a: Darkrai
|-damage|p1a: Darkrai|0 fnt
|faint|p1a: Darkrai
|
|-heal|p2a: why|76/100|[from] item: Leftovers
|-end|p2a: why|move: Taunt
|upkeep
|
|t:|1769298934
|switch|p1a: Alomomola|Alomomola, M|100/100 tox
|turn|49
|
|t:|1769298937
|move|p2a: why|Calm Mind|p2a: why
|-boost|p2a: why|spa|1
|-boost|p2a: why|spd|1
|move|p1a: Alomomola|Body Slam|p2a: why
|-damage|p2a: why|67/100
|
|-heal|p2a: why|73/100|[from] item: Leftovers
|-damage|p1a: Alomomola|94/100 tox|[from] psn
|upkeep
|turn|50
|
|t:|1769298942
|move|p2a: why|Stored Power|p1a: Alomomola
|-damage|p1a: Alomomola|0 fnt
|faint|p1a: Alomomola
|
|-heal|p2a: why|79/100|[from] item: Leftovers
|upkeep
|j| deno_nemesis
|c|☆Igoodnamename|ggs
|c|☆ridlostar|gg
|-message|Igoodnamename forfeited.
|
|win|ridlostar
|raw|Igoodnamename's rating: 1751 &rarr; <strong>1731</strong><br />(-20 for losing)
|raw|ridlostar's rating: 1753 &rarr; <strong>1773</strong><br />(+20 for winning)
|l|☆Igoodnamename
|player|p1|
|l|☆ridlostar
|player|p2|
|l| deno_nemesis
|l| pacdan111
