|j|☆shootneedle
|j|‽BentoBo
|t:|1769329170
|gametype|singles
|player|p1|shootneedle|170|1076
|player|p2|BentoBo|burglar|1066
|gen|9
|tier|[Gen 9] OU
|rated|
|rule|HP Percentage Mod: HP is shown in percentages
|rule|Endless Battle Clause: Forcing endless battles is banned
|rule|Species Clause: Limit one of each Pokémon
|rule|OHKO Clause: OHKO moves are banned
|rule|Evasion Items Clause: Evasion items are banned
|rule|Evasion Moves Clause: Evasion moves are banned
|rule|Evasion Abilities Clause: Evasion abilities are banned
|rule|Sleep Moves Clause: Sleep-inducing moves are banned
|clearpoke
|poke|p1|Metagross|
|poke|p1|Thundurus-Therian, M|
|poke|p1|Serperior, M|
|poke|p1|Porygon2|
|poke|p1|Drednaw, M|
|poke|p1|Latias, F|
|poke|p2|Arcanine, F|
|poke|p2|Luxray, M|
|poke|p2|Torkoal, M|
|poke|p2|Ninetales, M|
|poke|p2|Pincurchin, F|
|poke|p2|Raichu-Alola, F|
|teampreview
|inactive|Battle timer is ON: inactive players will automatically lose when time's up. (requested by BentoBo)
|
|t:|1769329197
|teamsize|p1|6
|teamsize|p2|6
|start
|switch|p1a: Drednaw|Drednaw, M|100/100
|switch|p2a: Ninetales|Ninetales, M|100/100
|-weather|SunnyDay|[from] ability: Drought|[of] p2a: Ninetales
|turn|1
|
|t:|1769329210
|move|p2a: Ninetales|Solar Beam||[still]
|-prepare|p2a: Ninetales|Solar Beam
|-anim|p2a: Ninetales|Solar Beam|p1a: Drednaw
|-supereffective|p1a: Drednaw
|-crit|p1a: Drednaw
|-damage|p1a: Drednaw|0 fnt
|faint|p1a: Drednaw
|
|-weather|SunnyDay|[upkeep]
|upkeep
|
|t:|1769329237
|switch|p1a: Latias|Latias, F|100/100
|turn|2
|
|t:|1769329251
|switch|p2a: Arcanine|Arcanine, F|100/100
|-ability|p2a: Arcanine|Intimidate|boost
|-unboost|p1a: Latias|atk|1
|-item|p2a: Arcanine|Air Balloon
|move|p1a: Latias|Calm Mind|p1a: Latias
|-boost|p1a: Latias|spa|1
|-boost|p1a: Latias|spd|1
|
|-weather|SunnyDay|[upkeep]
|upkeep
|turn|3
|inactive|shootneedle has 120 seconds left.
|
|t:|1769329279
|switch|p2a: Luxray|Luxray, M|100/100
|move|p1a: Latias|Draco Meteor|p2a: Luxray
|-crit|p2a: Luxray
|-damage|p2a: Luxray|0 fnt
|-unboost|p1a: Latias|spa|2
|faint|p2a: Luxray
|
|-weather|SunnyDay|[upkeep]
|upkeep
|
|t:|1769329284
|switch|p2a: Torkoal|Torkoal, M|100/100
|turn|4
|inactive|shootneedle has 120 seconds left.
|
|t:|1769329299
|move|p1a: Latias|Calm Mind|p1a: Latias
|-boost|p1a: Latias|spa|1
|-boost|p1a: Latias|spd|1
|move|p2a: Torkoal|Stealth Rock|p1a: Latias
|-sidestart|p1: shootneedle|move: Stealth Rock
|
|-weather|SunnyDay|[upkeep]
|upkeep
|turn|5
|
|t:|1769329306
|move|p1a: Latias|Calm Mind|p1a: Latias
|-boost|p1a: Latias|spa|1
|-boost|p1a: Latias|spd|1
|move|p2a: Torkoal|Clear Smog|p1a: Latias
|-damage|p1a: Latias|98/100
|-clearboost|p1a: Latias
|
|-weather|none
|-heal|p1a: Latias|100/100|[from] item: Leftovers
|upkeep
|turn|6
|
|t:|1769329322
|switch|p2a: Pincurchin|Pincurchin, F|100/100
|-fieldstart|move: Electric Terrain|[from] ability: Electric Surge|[of] p2a: Pincurchin
|move|p1a: Latias|Mist Ball|p2a: Pincurchin
|-damage|p2a: Pincurchin|50/100
|
|upkeep
|turn|7
|
|t:|1769329332
|move|p1a: Latias|Mist Ball|p2a: Pincurchin
|-damage|p2a: Pincurchin|2/100
|-unboost|p2a: Pincurchin|spa|1
|move|p2a: Pincurchin|Thunder Wave|p1a: Latias
|-status|p1a: Latias|par
|
|upkeep
|turn|8
|
|t:|1769329341
|move|p1a: Latias|Mist Ball|p2a: Pincurchin
|-damage|p2a: Pincurchin|0 fnt
|faint|p2a: Pincurchin
|
|upkeep
|
|t:|1769329355
|switch|p2a: Raichu|Raichu-Alola, F|100/100
|turn|9
|
|t:|1769329364
|move|p2a: Raichu|Discharge|p1a: Latias
|-resisted|p1a: Latias
|-damage|p1a: Latias|84/100 par
|cant|p1a: Latias|par
|
|-heal|p1a: Latias|90/100 par|[from] item: Leftovers
|upkeep
|turn|10
|
|t:|1769329375
|move|p2a: Raichu|Draining Kiss|p1a: Latias
|-supereffective|p1a: Latias
|-damage|p1a: Latias|67/100 par
|move|p1a: Latias|Calm Mind|p1a: Latias
|-boost|p1a: Latias|spa|1
|-boost|p1a: Latias|spd|1
|
|-heal|p1a: Latias|73/100 par|[from] item: Leftovers
|upkeep
|turn|11
|
|t:|1769329385
|switch|p2a: Torkoal|Torkoal, M|100/100
|-weather|SunnyDay|[from] ability: Drought|[of] p2a: Torkoal
|move|p1a: Latias|Draco Meteor|p2a: Torkoal
|-damage|p2a: Torkoal|36/100
|-unboost|p1a: Latias|spa|2
|
|-weather|SunnyDay|[upkeep]
|-heal|p1a: Latias|79/100 par|[from] item: Leftovers
|upkeep
|turn|12
|
|t:|1769329401
|move|p1a: Latias|Calm Mind|p1a: Latias
|-boost|p1a: Latias|spa|1
|-boost|p1a: Latias|spd|1
|move|p2a: Torkoal|Clear Smog|p1a: Latias
|-damage|p1a: Latias|75/100 par
|-clearboost|p1a: Latias
|
|-weather|SunnyDay|[upkeep]
|-heal|p1a: Latias|81/100 par|[from] item: Leftovers
|upkeep
|turn|13
|
|t:|1769329413
|switch|p2a: Raichu|Raichu-Alola, F|100/100
|move|p1a: Latias|Calm Mind|p1a: Latias
|-boost|p1a: Latias|spa|1
|-boost|p1a: Latias|spd|1
|
|-weather|SunnyDay|[upkeep]
|-heal|p1a: Latias|87/100 par|[from] item: Leftovers
|-fieldend|move: Electric Terrain
|upkeep
|turn|14
|
|t:|1769329422
|move|p2a: Raichu|Draining Kiss|p1a: Latias
|-supereffective|p1a: Latias
|-damage|p1a: Latias|73/100 par
|move|p1a: Latias|Draco Meteor|p2a: Raichu
|-damage|p2a: Raichu|16/100
|-unboost|p1a: Latias|spa|2
|
|-weather|SunnyDay|[upkeep]
|-heal|p1a: Latias|79/100 par|[from] item: Leftovers
|upkeep
|turn|15
|
|t:|1769329433
|move|p2a: Raichu|Volt Switch|p1a: Latias
|-resisted|p1a: Latias
|-damage|p1a: Latias|71/100 par
|
|t:|1769329438
|switch|p2a: Arcanine|Arcanine, F|100/100|[from] Volt Switch
|-ability|p2a: Arcanine|Intimidate|boost
|-unboost|p1a: Latias|atk|1
|-item|p2a: Arcanine|Air Balloon
|cant|p1a: Latias|par
|
|-weather|SunnyDay|[upkeep]
|-heal|p1a: Latias|77/100 par|[from] item: Leftovers
|upkeep
|turn|16
|
|t:|1769329452
|move|p2a: Arcanine|Dragon Pulse|p1a: Latias
|-supereffective|p1a: Latias
|-damage|p1a: Latias|52/100 par
|move|p1a: Latias|Calm Mind|p1a: Latias
|-boost|p1a: Latias|spa|1
|-boost|p1a: Latias|spd|1
|
|-weather|SunnyDay|[upkeep]
|-heal|p1a: Latias|58/100 par|[from] item: Leftovers
|upkeep
|turn|17
|
|t:|1769329464
|move|p2a: Arcanine|Dragon Pulse|p1a: Latias
|-supereffective|p1a: Latias
|-damage|p1a: Latias|38/100 par
|move|p1a: Latias|Calm Mind|p1a: Latias
|-boost|p1a: Latias|spa|1
|-boost|p1a: Latias|spd|1
|
|-weather|SunnyDay|[upkeep]
|-heal|p1a: Latias|44/100 par|[from] item: Leftovers
|upkeep
|turn|18
|
|t:|1769329480
|switch|p2a: Torkoal|Torkoal, M|36/100
|cant|p1a: Latias|par
|
|-weather|none
|-heal|p1a: Latias|50/100 par|[from] item: Leftovers
|upkeep
|turn|19
|
|t:|1769329490
|move|p1a: Latias|Mist Ball|p2a: Torkoal
|-damage|p2a: Torkoal|0 fnt
|faint|p2a: Torkoal
|
|-heal|p1a: Latias|56/100 par|[from] item: Leftovers
|upkeep
|
|t:|1769329497
|switch|p2a: Ninetales|Ninetales, M|100/100
|-weather|SunnyDay|[from] ability: Drought|[of] p2a: Ninetales
|turn|20
|
|t:|1769329503
|move|p2a: Ninetales|Psyshock|p1a: Latias
|-resisted|p1a: Latias
|-damage|p1a: Latias|47/100 par
|move|p1a: Latias|Draco Meteor|p2a: Ninetales
|-damage|p2a: Ninetales|40/100
|-unboost|p1a: Latias|spa|2
|
|-weather|SunnyDay|[upkeep]
|-heal|p1a: Latias|53/100 par|[from] item: Leftovers
|upkeep
|turn|21
|
|t:|1769329520
|move|p2a: Ninetales|Psyshock|p1a: Latias
|-resisted|p1a: Latias
|-damage|p1a: Latias|43/100 par
|move|p1a: Latias|Calm Mind|p1a: Latias
|-boost|p1a: Latias|spa|1
|-boost|p1a: Latias|spd|1
|
|-weather|SunnyDay|[upkeep]
|-heal|p1a: Latias|49/100 par|[from] item: Leftovers
|upkeep
|turn|22
|-message|BentoBo forfeited.
|
|win|shootneedle
|raw|shootneedle's rating: 1076 &rarr; <strong>1104</strong><br />(+28 for winning)
|raw|BentoBo's rating: 1066 &rarr; <strong>1047</strong><br />(-19 for losing)
|l|‽BentoBo
|player|p2|
|l|☆shootneedle
|player|p1|
