|j|☆2QWIL
|j|☆nicodrifblim
|t:|1769296491
|gametype|singles
|player|p1|2QWIL|brycen|1167
|player|p2|nicodrifblim|morty|1158
|gen|9
|tier|[Gen 9] OU
|rated|
|rule|HP Percentage Mod: HP is shown in percentages
|rule|Endless Battle Clause: Forcing endless battles is banned
|rule|Species Clause: Limit one of each Pokémon
|rule|OHKO Clause: OHKO moves are banned
|rule|Evasion Items Clause: Evasion items are banned
|rule|Evasion Moves Clause: Evasion moves are banned
|rule|Evasion Abilities Clause: Evasion abilities are banned
|rule|Sleep Moves Clause: Sleep-inducing moves are banned
|clearpoke
|poke|p1|Klefki, M|
|poke|p1|Qwilfish, M|
|poke|p1|Uxie|
|poke|p1|Kingdra, F|
|poke|p1|Kilowattrel, F|
|poke|p1|Overqwil, F|
|poke|p2|Drifblim, F|
|poke|p2|Bronzong|
|poke|p2|Yanmega, M|
|poke|p2|Chandelure, M|
|poke|p2|Reuniclus, F|
|poke|p2|Cryogonal|
|teampreview
|inactive|Battle timer is ON: inactive players will automatically lose when time's up. (requested by 2QWIL)
|
|t:|1769296502
|teamsize|p1|6
|teamsize|p2|6
|start
|switch|p1a: Qwilfish|Qwilfish, M, shiny|100/100
|switch|p2a: Yanmega|Yanmega, M|100/100
|turn|1
|
|t:|1769296509
|move|p2a: Yanmega|Bug Buzz|p1a: Qwilfish
|-resisted|p1a: Qwilfish
|-damage|p1a: Qwilfish|58/100
|-enditem|p2a: Yanmega|Throat Spray
|-boost|p2a: Yanmega|spa|1|[from] item: Throat Spray
|move|p1a: Qwilfish|Spikes|p2a: Yanmega
|-sidestart|p2: nicodrifblim|Spikes
|
|-ability|p2a: Yanmega|Speed Boost|boost
|-boost|p2a: Yanmega|spe|1
|upkeep
|turn|2
|inactive|nicodrifblim has 120 seconds left.
|
|t:|1769296544
|move|p2a: Yanmega|Air Slash|p1a: Qwilfish|[miss]
|-miss|p2a: Yanmega|p1a: Qwilfish
|move|p1a: Qwilfish|Spikes|p2a: Yanmega
|-sidestart|p2: nicodrifblim|Spikes
|
|-ability|p2a: Yanmega|Speed Boost|boost
|-boost|p2a: Yanmega|spe|1
|upkeep
|turn|3
|
|t:|1769296548
|move|p2a: Yanmega|Air Slash|p1a: Qwilfish
|-damage|p1a: Qwilfish|0 fnt
|faint|p1a: Qwilfish
|
|-ability|p2a: Yanmega|Speed Boost|boost
|-boost|p2a: Yanmega|spe|1
|upkeep
|
|t:|1769296550
|switch|p1a: Klefki|Klefki, M|100/100
|turn|4
|
|t:|1769296555
|move|p1a: Klefki|Thunder Wave|p2a: Yanmega
|-status|p2a: Yanmega|par
|cant|p2a: Yanmega|par
|
|-ability|p2a: Yanmega|Speed Boost|boost
|-boost|p2a: Yanmega|spe|1
|upkeep
|turn|5
|
|t:|1769296558
|move|p1a: Klefki|Rain Dance|p1a: Klefki
|-weather|RainDance
|cant|p2a: Yanmega|par
|
|-weather|RainDance|[upkeep]
|-ability|p2a: Yanmega|Speed Boost|boost
|-boost|p2a: Yanmega|spe|1
|upkeep
|turn|6
|
|t:|1769296568
|move|p2a: Yanmega|Air Slash|p1a: Klefki
|-resisted|p1a: Klefki
|-damage|p1a: Klefki|78/100
|cant|p1a: Klefki|flinch
|
|-weather|RainDance|[upkeep]
|-ability|p2a: Yanmega|Speed Boost|boost
|-boost|p2a: Yanmega|spe|1
|upkeep
|turn|7
|
|t:|1769296575
|switch|p1a: Kilowattrel|Kilowattrel, F|100/100
|move|p2a: Yanmega|Air Slash|p1a: Kilowattrel
|-resisted|p1a: Kilowattrel
|-damage|p1a: Kilowattrel|49/100
|
|-weather|RainDance|[upkeep]
|upkeep
|turn|8
|
|t:|1769296585
|move|p2a: Yanmega|Air Slash|p1a: Kilowattrel
|-resisted|p1a: Kilowattrel
|-damage|p1a: Kilowattrel|0 fnt
|faint|p1a: Kilowattrel
|
|-weather|RainDance|[upkeep]
|upkeep
|
|t:|1769296595
|switch|p1a: Kingdra|Kingdra, F|100/100
|turn|9
|
|t:|1769296608
|cant|p2a: Yanmega|par
|move|p1a: Kingdra|Surf|p2a: Yanmega
|-damage|p2a: Yanmega|0 fnt
|faint|p2a: Yanmega
|
|-weather|RainDance|[upkeep]
|upkeep
|
|t:|1769296624
|switch|p2a: Cryogonal|Cryogonal|100/100
|turn|10
|
|t:|1769296629
|-terastallize|p1a: Kingdra|Water
|move|p1a: Kingdra|Surf|p2a: Cryogonal
|-enditem|p2a: Cryogonal|Focus Sash
|-damage|p2a: Cryogonal|1/100
|move|p2a: Cryogonal|Freeze-Dry|p1a: Kingdra
|-supereffective|p1a: Kingdra
|-damage|p1a: Kingdra|30/100
|
|-weather|RainDance|[upkeep]
|upkeep
|turn|11
|
|t:|1769296642
|move|p1a: Kingdra|Surf|p2a: Cryogonal
|-damage|p2a: Cryogonal|0 fnt
|faint|p2a: Cryogonal
|
|-weather|RainDance|[upkeep]
|upkeep
|
|t:|1769296648
|switch|p2a: Bronzong|Bronzong|100/100
|turn|12
|
|t:|1769296650
|move|p1a: Kingdra|Surf|p2a: Bronzong
|-damage|p2a: Bronzong|0 fnt
|faint|p2a: Bronzong
|
|-weather|none
|upkeep
|
|t:|1769296657
|switch|p2a: Chandelure|Chandelure, M|100/100
|-damage|p2a: Chandelure|84/100|[from] Spikes
|turn|13
|
|t:|1769296661
|switch|p1a: Uxie|Uxie|100/100
|move|p2a: Chandelure|Shadow Ball|p1a: Uxie
|-supereffective|p1a: Uxie
|-damage|p1a: Uxie|30/100
|-unboost|p1a: Uxie|spd|1
|
|upkeep
|turn|14
|
|t:|1769296668
|move|p2a: Chandelure|Shadow Ball|p1a: Uxie
|-supereffective|p1a: Uxie
|-damage|p1a: Uxie|0 fnt
|faint|p1a: Uxie
|
|upkeep
|
|t:|1769296670
|switch|p1a: Klefki|Klefki, M|78/100
|turn|15
|
|t:|1769296673
|move|p1a: Klefki|Rain Dance|p1a: Klefki
|-weather|RainDance
|move|p2a: Chandelure|Shadow Ball|p1a: Klefki
|-damage|p1a: Klefki|38/100
|
|-weather|RainDance|[upkeep]
|upkeep
|turn|16
|
|t:|1769296676
|move|p1a: Klefki|Thunder Wave|p2a: Chandelure|[miss]
|-miss|p1a: Klefki|p2a: Chandelure
|move|p2a: Chandelure|Shadow Ball|p1a: Klefki
|-damage|p1a: Klefki|0 fnt
|faint|p1a: Klefki
|
|-weather|RainDance|[upkeep]
|upkeep
|
|t:|1769296679
|switch|p1a: Kingdra|Kingdra, F, tera:Water|30/100
|turn|17
|
|t:|1769296685
|move|p1a: Kingdra|Surf|p2a: Chandelure
|-supereffective|p2a: Chandelure
|-crit|p2a: Chandelure
|-damage|p2a: Chandelure|0 fnt
|faint|p2a: Chandelure
|
|-weather|RainDance|[upkeep]
|upkeep
|
|t:|1769296687
|switch|p2a: Reuniclus|Reuniclus, F|100/100
|turn|18
|
|t:|1769296690
|move|p1a: Kingdra|Surf|p2a: Reuniclus
|-damage|p2a: Reuniclus|0 fnt
|faint|p2a: Reuniclus
|
|-weather|RainDance|[upkeep]
|upkeep
|
|t:|1769296692
|switch|p2a: Drifblim|Drifblim, F|100/100
|turn|19
|
|t:|1769296695
|move|p1a: Kingdra|Surf|p2a: Drifblim
|-damage|p2a: Drifblim|0 fnt
|faint|p2a: Drifblim
|
|win|2QWIL
|raw|2QWIL's rating: 1167 &rarr; <strong>1191</strong><br />(+24 for winning)
|raw|nicodrifblim's rating: 1158 &rarr; <strong>1134</strong><br />(-24 for losing)
|l|☆nicodrifblim
|player|p2|
|l|☆2QWIL
|player|p1|
