|j|☆Trueking06
|j|☆el_dakka
|t:|1769437880
|gametype|singles
|player|p1|Trueking06|aromalady|1277
|player|p2|el_dakka|hilda|1314
|gen|9
|tier|[Gen 9] OU
|rated|
|rule|HP Percentage Mod: HP is shown in percentages
|rule|Endless Battle Clause: Forcing endless battles is banned
|rule|Species Clause: Limit one of each Pokémon
|rule|OHKO Clause: OHKO moves are banned
|rule|Evasion Items Clause: Evasion items are banned
|rule|Evasion Moves Clause: Evasion moves are banned
|rule|Evasion Abilities Clause: Evasion abilities are banned
|rule|Sleep Moves Clause: Sleep-inducing moves are banned
|clearpoke
|poke|p1|Ogerpon, F|
|poke|p1|Glimmora, F|
|poke|p1|Tornadus-Therian, M|
|poke|p1|Great Tusk|
|poke|p1|Gholdengo|
|poke|p1|Cinderace, M|
|poke|p2|Ribombee, F|
|poke|p2|Cinderace, M|
|poke|p2|Serperior, M|
|poke|p2|Mimikyu, F|
|poke|p2|Dragapult, M|
|poke|p2|Bisharp, F|
|teampreview
|inactive|Battle timer is ON: inactive players will automatically lose when time's up. (requested by el_dakka)
|
|t:|1769437887
|teamsize|p1|6
|teamsize|p2|6
|start
|switch|p1a: Tornadus|Tornadus-Therian, M|100/100
|switch|p2a: Ribombee|Ribombee, F|100/100
|turn|1
|
|t:|1769437893
|move|p2a: Ribombee|Stun Spore|p1a: Tornadus|[miss]
|-miss|p2a: Ribombee|p1a: Tornadus
|move|p1a: Tornadus|Bleakwind Storm|p2a: Ribombee|[miss]
|-miss|p1a: Tornadus|p2a: Ribombee
|
|upkeep
|turn|2
|
|t:|1769437900
|switch|p1a: Gholdengo|Gholdengo|100/100
|-item|p1a: Gholdengo|Air Balloon
|move|p2a: Ribombee|Stun Spore|p1a: Gholdengo
|-immune|p1a: Gholdengo|[from] ability: Good as Gold
|
|upkeep
|turn|3
|
|t:|1769437907
|move|p2a: Ribombee|Sticky Web|p1a: Gholdengo
|-sidestart|p1: Trueking06|move: Sticky Web
|move|p1a: Gholdengo|Shadow Ball|p2a: Ribombee
|-damage|p2a: Ribombee|24/100
|
|upkeep
|turn|4
|
|t:|1769437916
|switch|p2a: Bisharp|Bisharp, F|100/100
|move|p1a: Gholdengo|Shadow Ball|p2a: Bisharp
|-resisted|p2a: Bisharp
|-damage|p2a: Bisharp|81/100
|
|upkeep
|turn|5
|
|t:|1769437931
|switch|p1a: Great Tusk|Great Tusk|100/100
|-activate|p1a: Great Tusk|move: Sticky Web
|-unboost|p1a: Great Tusk|spe|1
|-enditem|p1a: Great Tusk|Eject Pack
|
|t:|1769437938
|-end|p1a: Great Tusk|Protosynthesis|[silent]
|switch|p1a: Glimmora|Glimmora, F|100/100
|-activate|p1a: Glimmora|move: Sticky Web
|-unboost|p1a: Glimmora|spe|1
|move|p2a: Bisharp|Throat Chop|p1a: Glimmora
|-damage|p1a: Glimmora|46/100
|-start|p1a: Glimmora|Throat Chop|[silent]
|-activate|p1a: Glimmora|ability: Toxic Debris
|-sidestart|p2: el_dakka|move: Toxic Spikes
|
|upkeep
|turn|6
|
|t:|1769437948
|move|p2a: Bisharp|Throat Chop|p1a: Glimmora
|-damage|p1a: Glimmora|0 fnt
|-activate|p1a: Glimmora|ability: Toxic Debris
|-sidestart|p2: el_dakka|move: Toxic Spikes
|faint|p1a: Glimmora
|
|upkeep
|
|t:|1769437951
|switch|p1a: Great Tusk|Great Tusk|100/100
|-activate|p1a: Great Tusk|move: Sticky Web
|-unboost|p1a: Great Tusk|spe|1
|turn|7
|
|t:|1769437960
|switch|p2a: Dragapult|Dragapult, M|100/100
|-status|p2a: Dragapult|tox
|move|p1a: Great Tusk|Rapid Spin|p2a: Dragapult
|-immune|p2a: Dragapult
|
|-damage|p2a: Dragapult|95/100 tox|[from] psn
|upkeep
|turn|8
|
|t:|1769437987
|-end|p1a: Great Tusk|Protosynthesis|[silent]
|switch|p1a: Tornadus|Tornadus-Therian, M|100/100
|move|p2a: Dragapult|Hydro Pump|p1a: Tornadus
|-damage|p1a: Tornadus|48/100
|-damage|p2a: Dragapult|85/100 tox|[from] item: Life Orb
|
|-damage|p2a: Dragapult|73/100 tox|[from] psn
|upkeep
|turn|9
|
|t:|1769437996
|move|p2a: Dragapult|Thunderbolt|p1a: Tornadus
|-supereffective|p1a: Tornadus
|-damage|p1a: Tornadus|0 fnt
|faint|p1a: Tornadus
|-damage|p2a: Dragapult|63/100 tox|[from] item: Life Orb
|
|-damage|p2a: Dragapult|45/100 tox|[from] psn
|upkeep
|
|t:|1769438001
|switch|p1a: Ogerpon|Ogerpon, F|100/100
|-activate|p1a: Ogerpon|move: Sticky Web
|-unboost|p1a: Ogerpon|spe|1
|-ability|p1a: Ogerpon|Defiant|boost
|-boost|p1a: Ogerpon|atk|2
|turn|10
|
|t:|1769438010
|switch|p2a: Mimikyu|Mimikyu, F|100/100
|-status|p2a: Mimikyu|tox
|switch|p1a: Cinderace|Cinderace, M|100/100
|
|-damage|p2a: Mimikyu|95/100 tox|[from] psn
|upkeep
|turn|11
|
|t:|1769438024
|move|p1a: Cinderace|U-turn|p2a: Mimikyu
|-activate|p2a: Mimikyu|ability: Disguise
|-damage|p2a: Mimikyu|95/100 tox
|detailschange|p2a: Mimikyu|Mimikyu-Busted, F
|-damage|p2a: Mimikyu|82/100 tox|[from] pokemon: Mimikyu-Busted
|-enditem|p2a: Mimikyu|Red Card|[of] p1a: Cinderace
|drag|p1a: Ogerpon|Ogerpon, F|100/100
|-activate|p1a: Ogerpon|move: Sticky Web
|-unboost|p1a: Ogerpon|spe|1
|-ability|p1a: Ogerpon|Defiant|boost
|-boost|p1a: Ogerpon|atk|2
|move|p2a: Mimikyu|Shadow Claw|p1a: Ogerpon
|-damage|p1a: Ogerpon|64/100
|
|-damage|p2a: Mimikyu|70/100 tox|[from] psn
|upkeep
|turn|12
|
|t:|1769438040
|move|p2a: Mimikyu|Destiny Bond|p2a: Mimikyu
|-singlemove|p2a: Mimikyu|Destiny Bond
|move|p1a: Ogerpon|Ivy Cudgel|p2a: Mimikyu
|-damage|p2a: Mimikyu|0 fnt
|faint|p2a: Mimikyu
|-activate|p2a: Mimikyu|move: Destiny Bond
|faint|p1a: Ogerpon
|
|upkeep
|
|t:|1769438051
|switch|p1a: Gholdengo|Gholdengo|100/100
|switch|p2a: Cinderace|Cinderace, M|100/100
|-item|p1a: Gholdengo|Air Balloon
|turn|13
|
|t:|1769438065
|move|p2a: Cinderace|Court Change|p2a: Cinderace
|-swapsideconditions
|-activate|p2a: Cinderace|move: Court Change
|move|p1a: Gholdengo|Shadow Ball|p2a: Cinderace
|-damage|p2a: Cinderace|40/100
|
|upkeep
|turn|14
|
|t:|1769438086
|move|p2a: Cinderace|Pyro Ball|p1a: Gholdengo
|-supereffective|p1a: Gholdengo
|-damage|p1a: Gholdengo|0 fnt
|-enditem|p1a: Gholdengo|Air Balloon
|faint|p1a: Gholdengo
|
|upkeep
|
|t:|1769438093
|switch|p1a: Cinderace|Cinderace, M|100/100
|turn|15
|
|t:|1769438101
|move|p2a: Cinderace|Pyro Ball|p1a: Cinderace
|-resisted|p1a: Cinderace
|-damage|p1a: Cinderace|66/100
|move|p1a: Cinderace|Pyro Ball|p2a: Cinderace
|-resisted|p2a: Cinderace
|-damage|p2a: Cinderace|6/100
|
|upkeep
|turn|16
|
|t:|1769438109
|move|p1a: Cinderace|Pyro Ball|p2a: Cinderace
|-resisted|p2a: Cinderace
|-damage|p2a: Cinderace|0 fnt
|faint|p2a: Cinderace
|
|upkeep
|
|t:|1769438115
|switch|p2a: Dragapult|Dragapult, M|45/100 tox
|-activate|p2a: Dragapult|move: Sticky Web
|-fail|p2a: Dragapult|unboost|[from] ability: Clear Body|[of] p2a: Dragapult
|turn|17
|
|t:|1769438120
|switch|p1a: Great Tusk|Great Tusk|100/100
|-status|p1a: Great Tusk|tox
|move|p2a: Dragapult|Hydro Pump|p1a: Great Tusk
|-supereffective|p1a: Great Tusk
|-damage|p1a: Great Tusk|0 fnt
|faint|p1a: Great Tusk
|-end|p1a: Great Tusk|Protosynthesis|[silent]
|-damage|p2a: Dragapult|35/100 tox|[from] item: Life Orb
|
|-damage|p2a: Dragapult|29/100 tox|[from] psn
|upkeep
|
|t:|1769438122
|switch|p1a: Cinderace|Cinderace, M|66/100
|turn|18
|
|t:|1769438134
|move|p2a: Dragapult|Hydro Pump|p1a: Cinderace
|-supereffective|p1a: Cinderace
|-damage|p1a: Cinderace|0 fnt
|faint|p1a: Cinderace
|-damage|p2a: Dragapult|19/100 tox|[from] item: Life Orb
|
|win|el_dakka
|raw|Trueking06's rating: 1277 &rarr; <strong>1255</strong><br />(-22 for losing)
|raw|el_dakka's rating: 1314 &rarr; <strong>1332</strong><br />(+18 for winning)
|l|☆el_dakka
|player|p2|
|l|☆Trueking06
|player|p1|
