|j|☆CheakyMofo
|j|☆InfinityPokeRang3r
|t:|1769308300
|gametype|singles
|player|p1|CheakyMofo|steven|1450
|player|p2|InfinityPokeRang3r|ingo|1482
|gen|9
|tier|[Gen 9] OU
|rated|
|rule|HP Percentage Mod: HP is shown in percentages
|rule|Endless Battle Clause: Forcing endless battles is banned
|rule|Species Clause: Limit one of each Pokémon
|rule|OHKO Clause: OHKO moves are banned
|rule|Evasion Items Clause: Evasion items are banned
|rule|Evasion Moves Clause: Evasion moves are banned
|rule|Evasion Abilities Clause: Evasion abilities are banned
|rule|Sleep Moves Clause: Sleep-inducing moves are banned
|clearpoke
|poke|p1|Walking Wake|
|poke|p1|Typhlosion-Hisui, M|
|poke|p1|Torkoal, M|
|poke|p1|Rillaboom, F|
|poke|p1|Iron Moth|
|poke|p1|Great Tusk|
|poke|p2|Dragapult, M|
|poke|p2|Araquanid, M|
|poke|p2|Iron Valiant|
|poke|p2|Rotom-Heat|
|poke|p2|Iron Treads|
|poke|p2|Skarmory, F|
|teampreview
|
|t:|1769308307
|teamsize|p1|6
|teamsize|p2|6
|start
|switch|p1a: Walking Wake|Walking Wake|100/100
|switch|p2a: Araquanid|Araquanid, M, shiny|100/100
|turn|1
|
|t:|1769308315
|move|p1a: Walking Wake|Draco Meteor|p2a: Araquanid
|-damage|p2a: Araquanid|17/100
|-unboost|p1a: Walking Wake|spa|2
|move|p2a: Araquanid|Sticky Web|p1a: Walking Wake
|-sidestart|p1: CheakyMofo|move: Sticky Web
|
|upkeep
|turn|2
|
|t:|1769308331
|-end|p1a: Walking Wake|Protosynthesis|[silent]
|switch|p1a: Torkoal|Torkoal, M|100/100
|-activate|p1a: Torkoal|move: Sticky Web
|-unboost|p1a: Torkoal|spe|1
|-weather|SunnyDay|[from] ability: Drought|[of] p1a: Torkoal
|switch|p2a: Skarmory|Skarmory, F|100/100
|
|-weather|SunnyDay|[upkeep]
|upkeep
|turn|3
|
|t:|1769308339
|move|p2a: Skarmory|Body Press|p1a: Torkoal
|-damage|p1a: Torkoal|82/100
|move|p1a: Torkoal|Stealth Rock|p2a: Skarmory
|-sidestart|p2: InfinityPokeRang3r|move: Stealth Rock
|
|-weather|SunnyDay|[upkeep]
|upkeep
|turn|4
|
|t:|1769308345
|move|p1a: Torkoal|Rapid Spin|p2a: Skarmory
|-resisted|p2a: Skarmory
|-damage|p2a: Skarmory|97/100
|-boost|p1a: Torkoal|spe|1
|-damage|p1a: Torkoal|66/100|[from] item: Rocky Helmet|[of] p2a: Skarmory
|-sideend|p1: CheakyMofo|Sticky Web|[from] move: Rapid Spin|[of] p1a: Torkoal
|move|p2a: Skarmory|Whirlwind|p1a: Torkoal
|drag|p1a: Walking Wake|Walking Wake|100/100
|-activate|p1a: Walking Wake|ability: Protosynthesis
|-start|p1a: Walking Wake|protosynthesisspe
|
|-weather|SunnyDay|[upkeep]
|upkeep
|turn|5
|
|t:|1769308354
|move|p1a: Walking Wake|Weather Ball|p2a: Skarmory
|-supereffective|p2a: Skarmory
|-damage|p2a: Skarmory|0 fnt
|faint|p2a: Skarmory
|
|-weather|SunnyDay|[upkeep]
|upkeep
|
|t:|1769308371
|switch|p2a: Iron Valiant|Iron Valiant|100/100
|-damage|p2a: Iron Valiant|94/100|[from] Stealth Rock
|-enditem|p2a: Iron Valiant|Booster Energy
|-activate|p2a: Iron Valiant|ability: Quark Drive|[fromitem]
|-start|p2a: Iron Valiant|quarkdrivespe
|turn|6
|
|t:|1769308376
|-terastallize|p1a: Walking Wake|Fairy
|move|p2a: Iron Valiant|Moonblast|p1a: Walking Wake
|-damage|p1a: Walking Wake|44/100
|move|p1a: Walking Wake|Weather Ball|p2a: Iron Valiant
|-damage|p2a: Iron Valiant|0 fnt
|faint|p2a: Iron Valiant
|-end|p2a: Iron Valiant|Quark Drive|[silent]
|
|-weather|SunnyDay|[upkeep]
|upkeep
|
|t:|1769308384
|switch|p2a: Rotom|Rotom-Heat|100/100
|-damage|p2a: Rotom|76/100|[from] Stealth Rock
|turn|7
|
|t:|1769308391
|-end|p1a: Walking Wake|Protosynthesis|[silent]
|switch|p1a: Iron Moth|Iron Moth|100/100
|-enditem|p1a: Iron Moth|Booster Energy
|-activate|p1a: Iron Moth|ability: Quark Drive|[fromitem]
|-start|p1a: Iron Moth|quarkdrivespe
|move|p2a: Rotom|Discharge|p1a: Iron Moth
|-damage|p1a: Iron Moth|48/100
|
|-weather|SunnyDay|[upkeep]
|upkeep
|turn|8
|
|t:|1769308405
|move|p1a: Iron Moth|Sludge Wave|p2a: Rotom
|-damage|p2a: Rotom|8/100
|move|p2a: Rotom|Discharge|p1a: Iron Moth
|-damage|p1a: Iron Moth|0 fnt
|faint|p1a: Iron Moth
|-end|p1a: Iron Moth|Quark Drive|[silent]
|
|-weather|SunnyDay|[upkeep]
|upkeep
|
|t:|1769308415
|switch|p1a: Rillaboom|Rillaboom, F|100/100
|-fieldstart|move: Grassy Terrain|[from] ability: Grassy Surge|[of] p1a: Rillaboom
|turn|9
|
|t:|1769308432
|move|p1a: Rillaboom|Fake Out|p2a: Rotom
|-damage|p2a: Rotom|0 fnt
|faint|p2a: Rotom
|-damage|p1a: Rillaboom|91/100|[from] item: Life Orb
|
|-weather|none
|-heal|p1a: Rillaboom|97/100|[from] Grassy Terrain
|upkeep
|
|t:|1769308453
|switch|p2a: Iron Treads|Iron Treads|100/100
|-damage|p2a: Iron Treads|97/100|[from] Stealth Rock
|turn|10
|
|t:|1769308475
|switch|p1a: THE SAUCE|Typhlosion-Hisui, M, shiny|100/100
|-item|p2a: Iron Treads|Assault Vest|[from] ability: Frisk|[of] p1a: THE SAUCE
|move|p2a: Iron Treads|Knock Off|p1a: THE SAUCE
|-supereffective|p1a: THE SAUCE
|-damage|p1a: THE SAUCE|2/100
|-enditem|p1a: THE SAUCE|Choice Scarf|[from] move: Knock Off|[of] p2a: Iron Treads
|
|-heal|p1a: THE SAUCE|8/100|[from] Grassy Terrain
|-heal|p2a: Iron Treads|100/100|[from] Grassy Terrain
|upkeep
|turn|11
|
|t:|1769308488
|switch|p1a: Torkoal|Torkoal, M|66/100
|-weather|SunnyDay|[from] ability: Drought|[of] p1a: Torkoal
|move|p2a: Iron Treads|Earthquake|p1a: Torkoal
|-supereffective|p1a: Torkoal
|-damage|p1a: Torkoal|27/100
|
|-weather|SunnyDay|[upkeep]
|-heal|p1a: Torkoal|33/100|[from] Grassy Terrain
|upkeep
|turn|12
|
|t:|1769308495
|move|p2a: Iron Treads|Earthquake|p1a: Torkoal
|-supereffective|p1a: Torkoal
|-damage|p1a: Torkoal|0 fnt
|faint|p1a: Torkoal
|
|-weather|SunnyDay|[upkeep]
|upkeep
|
|t:|1769308502
|switch|p1a: Great Tusk|Great Tusk|100/100
|-activate|p1a: Great Tusk|ability: Protosynthesis
|-start|p1a: Great Tusk|protosynthesisatk
|turn|13
|
|t:|1769308510
|move|p2a: Iron Treads|Rapid Spin|p1a: Great Tusk
|-damage|p1a: Great Tusk|89/100
|-boost|p2a: Iron Treads|spe|1
|-sideend|p2: InfinityPokeRang3r|Stealth Rock|[from] move: Rapid Spin|[of] p2a: Iron Treads
|move|p1a: Great Tusk|Earthquake|p2a: Iron Treads
|-supereffective|p2a: Iron Treads
|-damage|p2a: Iron Treads|35/100
|
|-weather|SunnyDay|[upkeep]
|-heal|p2a: Iron Treads|41/100|[from] Grassy Terrain
|-heal|p1a: Great Tusk|95/100|[from] Grassy Terrain
|-fieldend|move: Grassy Terrain
|upkeep
|turn|14
|
|t:|1769308518
|move|p2a: Iron Treads|Knock Off|p1a: Great Tusk
|-resisted|p1a: Great Tusk
|-damage|p1a: Great Tusk|84/100
|-enditem|p1a: Great Tusk|Heavy-Duty Boots|[from] move: Knock Off|[of] p2a: Iron Treads
|move|p1a: Great Tusk|Earthquake|p2a: Iron Treads
|-supereffective|p2a: Iron Treads
|-damage|p2a: Iron Treads|0 fnt
|faint|p2a: Iron Treads
|-end|p2a: Iron Treads|Quark Drive|[silent]
|
|-weather|SunnyDay|[upkeep]
|upkeep
|
|t:|1769308526
|switch|p2a: Araquanid|Araquanid, M, shiny|17/100
|turn|15
|
|t:|1769308532
|move|p1a: Great Tusk|Rapid Spin|p2a: Araquanid
|-damage|p2a: Araquanid|0 fnt
|-boost|p1a: Great Tusk|spe|1
|faint|p2a: Araquanid
|
|-weather|SunnyDay|[upkeep]
|upkeep
|
|t:|1769308535
|switch|p2a: Dragapult|Dragapult, M|100/100
|turn|16
|
|t:|1769308546
|move|p1a: Great Tusk|Ice Spinner|p2a: Dragapult
|-supereffective|p2a: Dragapult
|-damage|p2a: Dragapult|7/100
|move|p2a: Dragapult|Substitute|p2a: Dragapult
|-fail|p2a: Dragapult|move: Substitute|[weak]
|
|-weather|SunnyDay|[upkeep]
|-heal|p2a: Dragapult|13/100|[from] item: Leftovers
|upkeep
|turn|17
|
|t:|1769308556
|move|p1a: Great Tusk|Earthquake|p2a: Dragapult
|-damage|p2a: Dragapult|0 fnt
|faint|p2a: Dragapult
|
|win|CheakyMofo
|raw|CheakyMofo's rating: 1450 &rarr; <strong>1472</strong><br />(+22 for winning)
|raw|InfinityPokeRang3r's rating: 1482 &rarr; <strong>1460</strong><br />(-22 for losing)
|l|☆InfinityPokeRang3r
|player|p2|
|c|☆CheakyMofo|Gg
|l|☆CheakyMofo
|player|p1|
