|j|☆TKODATRUTH
|j|☆Syph0n_78
|t:|1769319648
|gametype|singles
|player|p1|TKODATRUTH|lance|1419
|player|p2|Syph0n_78|cynthia-gen4|1355
|gen|9
|tier|[Gen 9] OU
|rated|
|rule|HP Percentage Mod: HP is shown in percentages
|rule|Endless Battle Clause: Forcing endless battles is banned
|rule|Species Clause: Limit one of each Pokémon
|rule|OHKO Clause: OHKO moves are banned
|rule|Evasion Items Clause: Evasion items are banned
|rule|Evasion Moves Clause: Evasion moves are banned
|rule|Evasion Abilities Clause: Evasion abilities are banned
|rule|Sleep Moves Clause: Sleep-inducing moves are banned
|clearpoke
|poke|p1|Pelipper, M|
|poke|p1|Kingdra, M|
|poke|p1|Zapdos|
|poke|p1|Iron Crown|
|poke|p1|Iron Hands|
|poke|p1|Barraskewda, M|
|poke|p2|Latios, M|
|poke|p2|Primarina, M|
|poke|p2|Blaziken, M|
|poke|p2|Zapdos|
|poke|p2|Iron Treads|
|poke|p2|Meowscarada, F|
|teampreview
|c|☆Syph0n_78|another?
|c|☆Syph0n_78|i just fought a rain team lmao
|
|t:|1769319692
|teamsize|p1|6
|teamsize|p2|6
|start
|switch|p1a: Pelipper|Pelipper, M, shiny|100/100
|switch|p2a: Zapdos|Zapdos|100/100
|-weather|RainDance|[from] ability: Drizzle|[of] p1a: Pelipper
|turn|1
|
|t:|1769319735
|switch|p1a: Zapdos|Zapdos, shiny|100/100
|move|p2a: Zapdos|Volt Switch|p1a: Zapdos
|-damage|p1a: Zapdos|67/100
|
|t:|1769319754
|switch|p2a: Latios|Latios, M|100/100|[from] Volt Switch
|
|-weather|RainDance|[upkeep]
|upkeep
|turn|2
|
|t:|1769319816
|move|p2a: Latios|Luster Purge|p1a: Zapdos
|-damage|p1a: Zapdos|8/100
|-unboost|p1a: Zapdos|spd|1
|move|p1a: Zapdos|Volt Switch|p2a: Latios
|-resisted|p2a: Latios
|-damage|p2a: Latios|85/100
|
|t:|1769319835
|switch|p1a: Kingdra|Kingdra, M, shiny|100/100|[from] Volt Switch
|
|-weather|RainDance|[upkeep]
|upkeep
|turn|3
|
|t:|1769319855
|switch|p2a: Primarina|Primarina, M|100/100
|move|p1a: Kingdra|Focus Energy|p1a: Kingdra
|-start|p1a: Kingdra|move: Focus Energy
|
|-weather|RainDance|[upkeep]
|upkeep
|turn|4
|
|t:|1769319875
|move|p1a: Kingdra|Hurricane|p2a: Primarina
|-crit|p2a: Primarina
|-damage|p2a: Primarina|61/100
|-start|p2a: Primarina|confusion
|-damage|p1a: Kingdra|91/100|[from] item: Life Orb
|-activate|p2a: Primarina|confusion
|move|p2a: Primarina|Moonblast|p1a: Kingdra
|-supereffective|p1a: Kingdra
|-damage|p1a: Kingdra|1/100
|
|-weather|RainDance|[upkeep]
|upkeep
|turn|5
|
|t:|1769319917
|move|p1a: Kingdra|Hurricane|p2a: Primarina
|-damage|p2a: Primarina|39/100
|-damage|p1a: Kingdra|0 fnt|[from] item: Life Orb
|faint|p1a: Kingdra
|-end|p2a: Primarina|confusion
|move|p2a: Primarina|Flip Turn|p1: Kingdra|[notarget]
|-fail|p2a: Primarina
|
|-weather|RainDance|[upkeep]
|upkeep
|
|t:|1769319941
|switch|p1a: Zapdos|Zapdos, shiny|8/100
|turn|6
|
|t:|1769319974
|switch|p1a: Barraskewda|Barraskewda, M, shiny|100/100
|switch|p2a: Iron Treads|Iron Treads|100/100
|
|-weather|RainDance|[upkeep]
|upkeep
|turn|7
|
|t:|1769319989
|-terastallize|p2a: Iron Treads|Water
|move|p1a: Barraskewda|Flip Turn|p2a: Iron Treads
|-resisted|p2a: Iron Treads
|-damage|p2a: Iron Treads|72/100
|
|t:|1769319999
|switch|p1a: Zapdos|Zapdos, shiny|8/100|[from] Flip Turn
|move|p2a: Iron Treads|Volt Switch|p1a: Zapdos
|-damage|p1a: Zapdos|0 fnt
|faint|p1a: Zapdos
|
|t:|1769320008
|-end|p2a: Iron Treads|Quark Drive|[silent]
|switch|p2a: Zapdos|Zapdos|100/100|[from] Volt Switch
|
|-weather|RainDance|[upkeep]
|upkeep
|
|t:|1769320025
|switch|p1a: Barraskewda|Barraskewda, M, shiny|100/100
|turn|8
|
|t:|1769320042
|-terastallize|p1a: Barraskewda|Water
|move|p1a: Barraskewda|Liquidation|p2a: Zapdos
|-damage|p2a: Zapdos|0 fnt
|faint|p2a: Zapdos
|
|-weather|none
|upkeep
|
|t:|1769320057
|switch|p2a: Meowscarada|Meowscarada, F|100/100
|turn|9
|
|t:|1769320076
|switch|p1a: Iron Crown|Iron Crown|100/100
|move|p2a: Meowscarada|Knock Off|p1a: Iron Crown
|-start|p2a: Meowscarada|typechange|Dark|[from] ability: Protean
|-supereffective|p1a: Iron Crown
|-damage|p1a: Iron Crown|0 fnt
|-enditem|p1a: Iron Crown|Electric Seed|[from] move: Knock Off|[of] p2a: Meowscarada
|faint|p1a: Iron Crown
|-end|p1a: Iron Crown|Quark Drive|[silent]
|
|upkeep
|
|t:|1769320089
|switch|p1a: Pelipper|Pelipper, M, shiny|100/100
|-weather|RainDance|[from] ability: Drizzle|[of] p1a: Pelipper
|turn|10
|
|t:|1769320123
|switch|p2a: Primarina|Primarina, M|39/100
|switch|p1a: Iron Hands|Iron Hands, shiny|100/100
|
|-weather|RainDance|[upkeep]
|upkeep
|turn|11
|
|t:|1769320162
|move|p2a: Primarina|Moonblast|p1a: Iron Hands
|-supereffective|p1a: Iron Hands
|-damage|p1a: Iron Hands|49/100
|-unboost|p1a: Iron Hands|spa|1
|move|p1a: Iron Hands|Supercell Slam|p2a: Primarina
|-supereffective|p2a: Primarina
|-damage|p2a: Primarina|0 fnt
|faint|p2a: Primarina
|
|-weather|RainDance|[upkeep]
|upkeep
|
|t:|1769320183
|switch|p2a: Latios|Latios, M|85/100
|turn|12
|
|t:|1769320195
|move|p2a: Latios|Luster Purge|p1a: Iron Hands
|-supereffective|p1a: Iron Hands
|-damage|p1a: Iron Hands|0 fnt
|faint|p1a: Iron Hands
|-end|p1a: Iron Hands|Quark Drive|[silent]
|
|-weather|RainDance|[upkeep]
|upkeep
|
|t:|1769320212
|switch|p1a: Pelipper|Pelipper, M, shiny|100/100
|turn|13
|
|t:|1769320227
|move|p2a: Latios|Draco Meteor|p1a: Pelipper
|-damage|p1a: Pelipper|0 fnt
|-unboost|p2a: Latios|spa|2
|faint|p1a: Pelipper
|
|-weather|RainDance|[upkeep]
|upkeep
|
|t:|1769320236
|switch|p1a: Barraskewda|Barraskewda, M, shiny, tera:Water|100/100
|turn|14
|
|t:|1769320245
|move|p1a: Barraskewda|Liquidation|p2a: Latios
|-resisted|p2a: Latios
|-damage|p2a: Latios|0 fnt
|faint|p2a: Latios
|
|-weather|RainDance|[upkeep]
|upkeep
|
|t:|1769320248
|switch|p2a: Iron Treads|Iron Treads, tera:Water|72/100
|turn|15
|
|t:|1769320269
|move|p1a: Barraskewda|Liquidation|p2a: Iron Treads
|-resisted|p2a: Iron Treads
|-damage|p2a: Iron Treads|19/100
|move|p2a: Iron Treads|Earthquake|p1a: Barraskewda
|-damage|p1a: Barraskewda|24/100
|
|-weather|RainDance|[upkeep]
|upkeep
|turn|16
|
|t:|1769320277
|-end|p2a: Iron Treads|Quark Drive|[silent]
|switch|p2a: Blaziken|Blaziken, M|100/100
|move|p1a: Barraskewda|Liquidation|p2a: Blaziken
|-supereffective|p2a: Blaziken
|-damage|p2a: Blaziken|0 fnt
|faint|p2a: Blaziken
|
|-weather|RainDance|[upkeep]
|upkeep
|
|t:|1769320279
|switch|p2a: Iron Treads|Iron Treads, tera:Water|19/100
|turn|17
|
|t:|1769320287
|move|p1a: Barraskewda|Liquidation|p2a: Iron Treads
|-resisted|p2a: Iron Treads
|-damage|p2a: Iron Treads|0 fnt
|faint|p2a: Iron Treads
|-end|p2a: Iron Treads|Quark Drive|[silent]
|
|-weather|none
|upkeep
|
|t:|1769320289
|switch|p2a: Meowscarada|Meowscarada, F|100/100
|turn|18
|
|t:|1769320299
|move|p2a: Meowscarada|Flower Trick|p1a: Barraskewda
|-start|p2a: Meowscarada|typechange|Grass|[from] ability: Protean
|-supereffective|p1a: Barraskewda
|-crit|p1a: Barraskewda
|-damage|p1a: Barraskewda|0 fnt
|faint|p1a: Barraskewda
|
|win|Syph0n_78
|raw|TKODATRUTH's rating: 1419 &rarr; <strong>1395</strong><br />(-24 for losing)
|raw|Syph0n_78's rating: 1355 &rarr; <strong>1379</strong><br />(+24 for winning)
|l|☆TKODATRUTH
|player|p1|
|c|☆Syph0n_78|gg
