|j|☆fluffycool
|j|☆swl_kitkat
|t:|1769341284
|gametype|singles
|player|p1|fluffycool|schoolboy-gen2|1413
|player|p2|swl_kitkat|pokemonbreederf-gen4|1470
|gen|9
|tier|[Gen 9] OU
|rated|
|rule|HP Percentage Mod: HP is shown in percentages
|rule|Endless Battle Clause: Forcing endless battles is banned
|rule|Species Clause: Limit one of each Pokémon
|rule|OHKO Clause: OHKO moves are banned
|rule|Evasion Items Clause: Evasion items are banned
|rule|Evasion Moves Clause: Evasion moves are banned
|rule|Evasion Abilities Clause: Evasion abilities are banned
|rule|Sleep Moves Clause: Sleep-inducing moves are banned
|clearpoke
|poke|p1|Latios, M|
|poke|p1|Gliscor, M|
|poke|p1|Kingambit, M|
|poke|p1|Clodsire, F|
|poke|p1|Slowking, M|
|poke|p1|Dragapult, M|
|poke|p2|Polteageist|
|poke|p2|Great Tusk|
|poke|p2|Zapdos|
|poke|p2|Cinderace, M|
|poke|p2|Iron Valiant|
|poke|p2|Tyranitar, M|
|teampreview
|inactive|Battle timer is ON: inactive players will automatically lose when time's up. (requested by fluffycool)
|inactive|swl_kitkat has 120 seconds left.
|inactive|swl_kitkat has 90 seconds left.
|inactive|swl_kitkat has 60 seconds left.
|
|t:|1769341378
|teamsize|p1|6
|teamsize|p2|6
|start
|switch|p1a: Dragapult|Dragapult, M|100/100
|switch|p2a: Polteabag|Polteageist|100/100
|turn|1
|
|t:|1769341386
|switch|p2a: Tyranitar|Tyranitar, M|100/100
|-weather|Sandstorm|[from] ability: Sand Stream|[of] p2a: Tyranitar
|move|p1a: Dragapult|U-turn|p2a: Tyranitar
|-supereffective|p2a: Tyranitar
|-damage|p2a: Tyranitar|65/100
|
|t:|1769341389
|switch|p1a: Gliscor|Gliscor, M|100/100|[from] U-turn
|
|-weather|Sandstorm|[upkeep]
|-status|p1a: Gliscor|tox|[from] item: Toxic Orb
|upkeep
|turn|2
|
|t:|1769341393
|move|p1a: Gliscor|Protect|p1a: Gliscor
|-singleturn|p1a: Gliscor|Protect
|move|p2a: Tyranitar|Ice Punch|p1a: Gliscor
|-activate|p1a: Gliscor|move: Protect
|
|-weather|Sandstorm|[upkeep]
|upkeep
|turn|3
|
|t:|1769341399
|switch|p2a: Polteabag|Polteageist|100/100
|move|p1a: Gliscor|Earthquake|p2a: Polteabag
|-damage|p2a: Polteabag|37/100
|-ability|p2a: Polteabag|Weak Armor|boost
|-unboost|p2a: Polteabag|def|1
|-boost|p2a: Polteabag|spe|2
|-enditem|p2a: Polteabag|White Herb
|-clearnegativeboost|p2a: Polteabag|[silent]
|
|-weather|Sandstorm|[upkeep]
|-damage|p2a: Polteabag|31/100|[from] Sandstorm
|upkeep
|turn|4
|
|t:|1769341407
|move|p2a: Polteabag|Shadow Ball|p1a: Gliscor
|-damage|p1a: Gliscor|46/100 tox
|move|p1a: Gliscor|Knock Off|p2a: Polteabag
|-supereffective|p2a: Polteabag
|-damage|p2a: Polteabag|0 fnt
|faint|p2a: Polteabag
|
|-weather|Sandstorm|[upkeep]
|-heal|p1a: Gliscor|58/100 tox|[from] ability: Poison Heal
|upkeep
|
|t:|1769341412
|switch|p2a: Zapdos|Zapdos|100/100
|turn|5
|
|t:|1769341416
|move|p1a: Gliscor|Protect|p1a: Gliscor
|-singleturn|p1a: Gliscor|Protect
|move|p2a: Zapdos|Hurricane|p1a: Gliscor
|-activate|p1a: Gliscor|move: Protect
|
|-weather|none
|-heal|p1a: Gliscor|71/100 tox|[from] ability: Poison Heal
|upkeep
|turn|6
|
|t:|1769341421
|switch|p1a: Slowking|Slowking, M|100/100
|move|p2a: Zapdos|Hurricane|p1a: Slowking
|-damage|p1a: Slowking|65/100
|-start|p1a: Slowking|confusion
|
|upkeep
|turn|7
|
|t:|1769341429
|switch|p2a: Tyranitar|Tyranitar, M|65/100
|-weather|Sandstorm|[from] ability: Sand Stream|[of] p2a: Tyranitar
|-prepare|p1a: Slowking|Chilly Reception|[premajor]
|-activate|p1a: Slowking|confusion
|move|p1a: Slowking|Chilly Reception|p1a: Slowking
|-weather|Snowscape
|
|t:|1769341441
|switch|p1a: Dragapult|Dragapult, M|100/100|[from] Chilly Reception
|
|-weather|Snowscape|[upkeep]
|upkeep
|turn|8
|
|t:|1769341447
|move|p1a: Dragapult|Will-O-Wisp|p2a: Tyranitar
|-status|p2a: Tyranitar|brn
|move|p2a: Tyranitar|Knock Off|p1a: Dragapult
|-supereffective|p1a: Dragapult
|-damage|p1a: Dragapult|0 fnt
|-enditem|p1a: Dragapult|Heavy-Duty Boots|[from] move: Knock Off|[of] p2a: Tyranitar
|faint|p1a: Dragapult
|
|-weather|Snowscape|[upkeep]
|-damage|p2a: Tyranitar|59/100 brn|[from] brn
|upkeep
|
|t:|1769341455
|switch|p1a: Gliscor|Gliscor, M|71/100 tox
|turn|9
|
|t:|1769341459
|move|p1a: Gliscor|Protect|p1a: Gliscor
|-singleturn|p1a: Gliscor|Protect
|move|p2a: Tyranitar|Knock Off|p1a: Gliscor
|-activate|p1a: Gliscor|move: Protect
|
|-weather|Snowscape|[upkeep]
|-heal|p1a: Gliscor|83/100 tox|[from] ability: Poison Heal
|-damage|p2a: Tyranitar|53/100 brn|[from] brn
|upkeep
|turn|10
|
|t:|1769341463
|move|p1a: Gliscor|Earthquake|p2a: Tyranitar
|-supereffective|p2a: Tyranitar
|-damage|p2a: Tyranitar|0 fnt
|faint|p2a: Tyranitar
|
|-weather|Snowscape|[upkeep]
|-heal|p1a: Gliscor|96/100 tox|[from] ability: Poison Heal
|upkeep
|
|t:|1769341467
|switch|p2a: Tusk|Great Tusk|100/100
|turn|11
|
|t:|1769341471
|move|p1a: Gliscor|Knock Off|p2a: Tusk
|-resisted|p2a: Tusk
|-damage|p2a: Tusk|95/100
|-enditem|p2a: Tusk|Leftovers|[from] move: Knock Off|[of] p1a: Gliscor
|move|p2a: Tusk|Rapid Spin|p1a: Gliscor
|-damage|p1a: Gliscor|86/100 tox
|-boost|p2a: Tusk|spe|1
|
|-weather|none
|-heal|p1a: Gliscor|99/100 tox|[from] ability: Poison Heal
|upkeep
|turn|12
|
|t:|1769341481
|move|p1a: Gliscor|Protect|p1a: Gliscor
|-singleturn|p1a: Gliscor|Protect
|move|p2a: Tusk|Ice Spinner|p1a: Gliscor
|-activate|p1a: Gliscor|move: Protect
|
|-heal|p1a: Gliscor|100/100 tox|[from] ability: Poison Heal
|upkeep
|turn|13
|
|t:|1769341484
|switch|p1a: Slowking|Slowking, M|98/100
|move|p2a: Tusk|Ice Spinner|p1a: Slowking
|-resisted|p1a: Slowking
|-damage|p1a: Slowking|85/100
|
|upkeep
|turn|14
|
|t:|1769341489
|move|p2a: Tusk|Earthquake|p1a: Slowking
|-damage|p1a: Slowking|33/100
|move|p1a: Slowking|Psychic Noise|p2a: Tusk
|-supereffective|p2a: Tusk
|-damage|p2a: Tusk|22/100
|-start|p2a: Tusk|move: Heal Block
|
|upkeep
|turn|15
|
|t:|1769341495
|switch|p1a: Gliscor|Gliscor, M|100/100 tox
|move|p2a: Tusk|Body Press|p1a: Gliscor
|-resisted|p1a: Gliscor
|-damage|p1a: Gliscor|88/100 tox
|
|-heal|p1a: Gliscor|99/100 tox|[from] ability: Poison Heal
|-end|p2a: Tusk|move: Heal Block
|upkeep
|turn|16
|
|t:|1769341501
|move|p2a: Tusk|Ice Spinner|p1a: Gliscor
|-supereffective|p1a: Gliscor
|-damage|p1a: Gliscor|35/100 tox
|move|p1a: Gliscor|Earthquake|p2a: Tusk
|-damage|p2a: Tusk|7/100
|
|-heal|p1a: Gliscor|47/100 tox|[from] ability: Poison Heal
|upkeep
|turn|17
|
|t:|1769341506
|move|p1a: Gliscor|Protect|p1a: Gliscor
|-singleturn|p1a: Gliscor|Protect
|move|p2a: Tusk|Ice Spinner|p1a: Gliscor
|-activate|p1a: Gliscor|move: Protect
|
|-heal|p1a: Gliscor|60/100 tox|[from] ability: Poison Heal
|upkeep
|turn|18
|
|t:|1769341510
|switch|p1a: Slowking|Slowking, M|66/100
|move|p2a: Tusk|Earthquake|p1a: Slowking
|-damage|p1a: Slowking|16/100
|
|upkeep
|turn|19
|
|t:|1769341521
|move|p2a: Tusk|Ice Spinner|p1a: Slowking
|-resisted|p1a: Slowking
|-damage|p1a: Slowking|2/100
|move|p1a: Slowking|Psychic Noise|p2a: Tusk
|-supereffective|p2a: Tusk
|-crit|p2a: Tusk
|-damage|p2a: Tusk|0 fnt
|faint|p2a: Tusk
|-end|p2a: Tusk|Protosynthesis|[silent]
|
|upkeep
|
|t:|1769341527
|switch|p2a: Zapdos|Zapdos|100/100
|turn|20
|
|t:|1769341530
|switch|p1a: Clodsire|Clodsire, F|100/100
|move|p2a: Zapdos|Hurricane|p1a: Clodsire
|-damage|p1a: Clodsire|67/100
|-start|p1a: Clodsire|confusion
|
|upkeep
|turn|21
|
|t:|1769341536
|switch|p2a: Iron Valiant|Iron Valiant|100/100
|-enditem|p2a: Iron Valiant|Booster Energy
|-activate|p2a: Iron Valiant|ability: Quark Drive|[fromitem]
|-start|p2a: Iron Valiant|quarkdrivespe
|-activate|p1a: Clodsire|confusion
|move|p1a: Clodsire|Recover|p1a: Clodsire
|-heal|p1a: Clodsire|100/100
|
|upkeep
|turn|22
|
|t:|1769341540
|move|p2a: Iron Valiant|Calm Mind|p2a: Iron Valiant
|-boost|p2a: Iron Valiant|spa|1
|-boost|p2a: Iron Valiant|spd|1
|-activate|p1a: Clodsire|confusion
|-damage|p1a: Clodsire|92/100|[from] confusion
|
|upkeep
|turn|23
|
|t:|1769341545
|-terastallize|p2a: Iron Valiant|Psychic
|move|p2a: Iron Valiant|Psyshock|p1a: Clodsire
|-supereffective|p1a: Clodsire
|-damage|p1a: Clodsire|9/100
|-end|p1a: Clodsire|confusion
|move|p1a: Clodsire|Toxic|p2a: Iron Valiant
|-status|p2a: Iron Valiant|tox
|
|-damage|p2a: Iron Valiant|94/100 tox|[from] psn
|upkeep
|turn|24
|
|t:|1769341553
|-terastallize|p1a: Clodsire|Dark
|move|p2a: Iron Valiant|Moonblast|p1a: Clodsire
|-supereffective|p1a: Clodsire
|-crit|p1a: Clodsire
|-damage|p1a: Clodsire|0 fnt
|faint|p1a: Clodsire
|
|-damage|p2a: Iron Valiant|82/100 tox|[from] psn
|upkeep
|
|t:|1769341559
|switch|p1a: Kingambit|Kingambit, M|100/100
|-activate|p1a: Kingambit|ability: Supreme Overlord
|-start|p1a: Kingambit|fallen2|[silent]
|turn|25
|
|t:|1769341561
|-end|p2a: Iron Valiant|Quark Drive|[silent]
|switch|p2a: Cinderace|Cinderace, M|100/100
|move|p1a: Kingambit|Kowtow Cleave|p2a: Cinderace
|-damage|p2a: Cinderace|18/100
|
|upkeep
|turn|26
|
|t:|1769341565
|move|p1a: Kingambit|Sucker Punch|p2a: Cinderace
|-damage|p2a: Cinderace|0 fnt
|faint|p2a: Cinderace
|
|upkeep
|
|t:|1769341568
|switch|p2a: Zapdos|Zapdos|100/100
|turn|27
|
|t:|1769341572
|-end|p1a: Kingambit|fallen2|[silent]
|switch|p1a: Slowking|Slowking, M|35/100
|move|p2a: Zapdos|Heat Wave|p1a: Slowking
|-resisted|p1a: Slowking
|-damage|p1a: Slowking|25/100
|
|upkeep
|turn|28
|
|t:|1769341577
|move|p2a: Zapdos|Hurricane|p1a: Slowking|[miss]
|-miss|p2a: Zapdos|p1a: Slowking
|move|p1a: Slowking|Psychic Noise|p2a: Zapdos
|-damage|p2a: Zapdos|77/100
|-start|p2a: Zapdos|move: Heal Block
|
|upkeep
|turn|29
|
|t:|1769341580
|move|p2a: Zapdos|Hurricane|p1a: Slowking|[miss]
|-miss|p2a: Zapdos|p1a: Slowking
|move|p1a: Slowking|Scald|p2a: Zapdos
|-damage|p2a: Zapdos|48/100
|
|-end|p2a: Zapdos|move: Heal Block
|upkeep
|turn|30
|-message|swl_kitkat forfeited.
|
|win|fluffycool
|raw|fluffycool's rating: 1413 &rarr; <strong>1436</strong><br />(+23 for winning)
|raw|swl_kitkat's rating: 1470 &rarr; <strong>1447</strong><br />(-23 for losing)
|l|☆swl_kitkat
|player|p2|
