|j|☆Octogecko
|j|☆PSQL49
|t:|1769350555
|gametype|singles
|player|p1|Octogecko|169|1356
|player|p2|PSQL49|cynthia-gen4|1390
|gen|9
|tier|[Gen 9] OU
|rated|
|rule|HP Percentage Mod: HP is shown in percentages
|rule|Endless Battle Clause: Forcing endless battles is banned
|rule|Species Clause: Limit one of each Pokémon
|rule|OHKO Clause: OHKO moves are banned
|rule|Evasion Items Clause: Evasion items are banned
|rule|Evasion Moves Clause: Evasion moves are banned
|rule|Evasion Abilities Clause: Evasion abilities are banned
|rule|Sleep Moves Clause: Sleep-inducing moves are banned
|clearpoke
|poke|p1|Meowscarada, F|
|poke|p1|Dragapult, M|
|poke|p1|Corviknight, M|
|poke|p1|Primarina, M|
|poke|p1|Glimmora, M|
|poke|p1|Cinderace, M|
|poke|p2|Infernape, M|
|poke|p2|Empoleon, M|
|poke|p2|Torterra, M|
|poke|p2|Darkrai|
|poke|p2|Gliscor, F|
|poke|p2|Rotom-Wash|
|teampreview
|inactive|Battle timer is ON: inactive players will automatically lose when time's up. (requested by Octogecko)
|
|t:|1769350567
|teamsize|p1|6
|teamsize|p2|6
|start
|switch|p1a: Glimmora|Glimmora, M|100/100
|switch|p2a: Infernape|Infernape, M|100/100
|turn|1
|
|t:|1769350584
|switch|p2a: Empoleon|Empoleon, M|100/100
|move|p1a: Glimmora|Earth Power|p2a: Empoleon
|-supereffective|p2a: Empoleon
|-damage|p2a: Empoleon|60/100
|
|-heal|p2a: Empoleon|66/100|[from] item: Leftovers
|upkeep
|turn|2
|
|t:|1769350590
|move|p1a: Glimmora|Stealth Rock|p2a: Empoleon
|-sidestart|p2: PSQL49|move: Stealth Rock
|move|p2a: Empoleon|Surf|p1a: Glimmora
|-supereffective|p1a: Glimmora
|-damage|p1a: Glimmora|14/100
|
|-heal|p2a: Empoleon|72/100|[from] item: Leftovers
|upkeep
|turn|3
|
|t:|1769350598
|switch|p1a: Dragapult|Dragapult, M|100/100
|move|p2a: Empoleon|Stealth Rock|p1a: Dragapult
|-sidestart|p1: Octogecko|move: Stealth Rock
|
|-heal|p2a: Empoleon|78/100|[from] item: Leftovers
|upkeep
|turn|4
|
|t:|1769350601
|move|p1a: Dragapult|Thunderbolt|p2a: Empoleon
|-supereffective|p2a: Empoleon
|-damage|p2a: Empoleon|22/100
|move|p2a: Empoleon|Roar|p1a: Dragapult
|drag|p1a: Primarina|Primarina, M|100/100
|-damage|p1a: Primarina|88/100|[from] Stealth Rock
|
|-heal|p2a: Empoleon|28/100|[from] item: Leftovers
|upkeep
|turn|5
|
|t:|1769350607
|move|p1a: Primarina|Surf|p2a: Empoleon
|-resisted|p2a: Empoleon
|-damage|p2a: Empoleon|12/100
|move|p2a: Empoleon|Roost|p2a: Empoleon
|-heal|p2a: Empoleon|62/100
|-singleturn|p2a: Empoleon|move: Roost
|
|-heal|p2a: Empoleon|69/100|[from] item: Leftovers
|upkeep
|turn|6
|
|t:|1769350612
|move|p1a: Primarina|Flip Turn|p2a: Empoleon
|-resisted|p2a: Empoleon
|-damage|p2a: Empoleon|60/100
|
|t:|1769350614
|switch|p1a: Lupin|Meowscarada, F, shiny|100/100|[from] Flip Turn
|-damage|p1a: Lupin|88/100|[from] Stealth Rock
|move|p2a: Empoleon|Roar|p1a: Lupin
|drag|p1a: Glimmora|Glimmora, M|14/100
|-damage|p1a: Glimmora|1/100|[from] Stealth Rock
|
|-heal|p2a: Empoleon|67/100|[from] item: Leftovers
|upkeep
|turn|7
|
|t:|1769350619
|move|p1a: Glimmora|Earth Power|p2a: Empoleon
|-supereffective|p2a: Empoleon
|-damage|p2a: Empoleon|29/100
|move|p2a: Empoleon|Surf|p1a: Glimmora
|-supereffective|p1a: Glimmora
|-damage|p1a: Glimmora|0 fnt
|faint|p1a: Glimmora
|
|-heal|p2a: Empoleon|35/100|[from] item: Leftovers
|upkeep
|
|t:|1769350624
|switch|p1a: Lupin|Meowscarada, F, shiny|88/100
|-damage|p1a: Lupin|76/100|[from] Stealth Rock
|turn|8
|
|t:|1769350632
|move|p1a: Lupin|Triple Axel|p2a: Empoleon
|-start|p1a: Lupin|typechange|Ice|[from] ability: Protean
|-resisted|p2a: Empoleon
|-damage|p2a: Empoleon|33/100
|-resisted|p2a: Empoleon
|-damage|p2a: Empoleon|28/100
|-resisted|p2a: Empoleon
|-damage|p2a: Empoleon|21/100
|-hitcount|p2a: Empoleon|3
|move|p2a: Empoleon|Roost|p2a: Empoleon
|-heal|p2a: Empoleon|71/100
|-singleturn|p2a: Empoleon|move: Roost
|
|-heal|p2a: Empoleon|78/100|[from] item: Leftovers
|upkeep
|turn|9
|
|t:|1769350638
|switch|p1a: Corviknight|Corviknight, M|100/100
|-damage|p1a: Corviknight|88/100|[from] Stealth Rock
|-ability|p1a: Corviknight|Pressure
|move|p2a: Empoleon|Roar|p1a: Corviknight
|drag|p1a: Cinderace|Cinderace, M|100/100
|
|-heal|p2a: Empoleon|84/100|[from] item: Leftovers
|upkeep
|turn|10
|
|t:|1769350645
|move|p1a: Cinderace|U-turn|p2a: Empoleon
|-start|p1a: Cinderace|typechange|Bug|[from] ability: Libero
|-resisted|p2a: Empoleon
|-damage|p2a: Empoleon|68/100
|
|t:|1769350646
|switch|p1a: Corviknight|Corviknight, M|88/100|[from] U-turn
|-damage|p1a: Corviknight|76/100|[from] Stealth Rock
|-ability|p1a: Corviknight|Pressure
|move|p2a: Empoleon|Surf|p1a: Corviknight
|-damage|p1a: Corviknight|44/100
|
|-heal|p2a: Empoleon|74/100|[from] item: Leftovers
|upkeep
|turn|11
|
|t:|1769350649
|move|p1a: Corviknight|Roost|p1a: Corviknight
|-heal|p1a: Corviknight|94/100
|-singleturn|p1a: Corviknight|move: Roost
|move|p2a: Empoleon|Surf|p1a: Corviknight
|-crit|p1a: Corviknight
|-damage|p1a: Corviknight|48/100
|
|-heal|p2a: Empoleon|80/100|[from] item: Leftovers
|upkeep
|turn|12
|
|t:|1769350652
|move|p1a: Corviknight|Roost|p1a: Corviknight
|-heal|p1a: Corviknight|98/100
|-singleturn|p1a: Corviknight|move: Roost
|move|p2a: Empoleon|Surf|p1a: Corviknight
|-damage|p1a: Corviknight|64/100
|
|-heal|p2a: Empoleon|86/100|[from] item: Leftovers
|upkeep
|turn|13
|
|t:|1769350655
|move|p1a: Corviknight|Body Press|p2a: Empoleon
|-supereffective|p2a: Empoleon
|-damage|p2a: Empoleon|30/100
|move|p2a: Empoleon|Surf|p1a: Corviknight
|-damage|p1a: Corviknight|31/100
|
|-heal|p2a: Empoleon|37/100|[from] item: Leftovers
|upkeep
|turn|14
|
|t:|1769350658
|move|p1a: Corviknight|Roost|p1a: Corviknight
|-heal|p1a: Corviknight|81/100
|-singleturn|p1a: Corviknight|move: Roost
|move|p2a: Empoleon|Roar|p1a: Corviknight
|drag|p1a: Cinderace|Cinderace, M|100/100
|
|-heal|p2a: Empoleon|43/100|[from] item: Leftovers
|upkeep
|turn|15
|
|t:|1769350662
|move|p1a: Cinderace|Pyro Ball|p2a: Empoleon
|-damage|p2a: Empoleon|0 fnt
|faint|p2a: Empoleon
|
|upkeep
|
|t:|1769350670
|switch|p2a: Darkrai|Darkrai|100/100
|turn|16
|
|t:|1769350675
|move|p2a: Darkrai|Dark Pulse|p1a: Cinderace
|-damage|p1a: Cinderace|43/100
|move|p1a: Cinderace|U-turn|p2a: Darkrai
|-start|p1a: Cinderace|typechange|Bug|[from] ability: Libero
|-supereffective|p2a: Darkrai
|-damage|p2a: Darkrai|13/100
|
|t:|1769350681
|switch|p1a: Lupin|Meowscarada, F, shiny|76/100|[from] U-turn
|-damage|p1a: Lupin|64/100|[from] Stealth Rock
|
|upkeep
|turn|17
|
|t:|1769350688
|move|p1a: Lupin|Knock Off|p2a: Darkrai
|-start|p1a: Lupin|typechange|Dark|[from] ability: Protean
|-resisted|p2a: Darkrai
|-damage|p2a: Darkrai|0 fnt
|-enditem|p2a: Darkrai|Heavy-Duty Boots|[from] move: Knock Off|[of] p1a: Lupin
|faint|p2a: Darkrai
|
|upkeep
|
|t:|1769350692
|switch|p2a: Gliscor|Gliscor, F, shiny|100/100
|-damage|p2a: Gliscor|88/100|[from] Stealth Rock
|turn|18
|
|t:|1769350696
|switch|p1a: Primarina|Primarina, M|88/100
|-damage|p1a: Primarina|75/100|[from] Stealth Rock
|move|p2a: Gliscor|Protect||[still]
|-fail|p2a: Gliscor
|
|-status|p2a: Gliscor|tox|[from] item: Toxic Orb
|upkeep
|turn|19
|
|t:|1769350702
|switch|p2a: Rotom|Rotom-Wash|100/100
|-damage|p2a: Rotom|88/100|[from] Stealth Rock
|move|p1a: Primarina|Surf|p2a: Rotom
|-resisted|p2a: Rotom
|-damage|p2a: Rotom|69/100
|
|upkeep
|turn|20
|
|t:|1769350709
|switch|p1a: Dragapult|Dragapult, M|100/100
|-damage|p1a: Dragapult|88/100|[from] Stealth Rock
|move|p2a: Rotom|Volt Switch|p1a: Dragapult
|-resisted|p1a: Dragapult
|-damage|p1a: Dragapult|70/100
|
|t:|1769350713
|switch|p2a: Gliscor|Gliscor, F, shiny|88/100 tox|[from] Volt Switch
|-damage|p2a: Gliscor|76/100 tox|[from] Stealth Rock
|
|-heal|p2a: Gliscor|88/100 tox|[from] ability: Poison Heal
|upkeep
|turn|21
|
|t:|1769350718
|move|p1a: Dragapult|Draco Meteor|p2a: Gliscor
|-damage|p2a: Gliscor|0 fnt
|-unboost|p1a: Dragapult|spa|2
|faint|p2a: Gliscor
|
|upkeep
|
|t:|1769350722
|switch|p2a: Torterra|Torterra, M|100/100
|-damage|p2a: Torterra|94/100|[from] Stealth Rock
|turn|22
|
|t:|1769350729
|switch|p1a: Primarina|Primarina, M|75/100
|-damage|p1a: Primarina|63/100|[from] Stealth Rock
|move|p2a: Torterra|Shell Smash|p2a: Torterra
|-unboost|p2a: Torterra|def|1
|-unboost|p2a: Torterra|spd|1
|-boost|p2a: Torterra|atk|2
|-boost|p2a: Torterra|spa|2
|-boost|p2a: Torterra|spe|2
|
|upkeep
|turn|23
|
|t:|1769350732
|move|p2a: Torterra|Bullet Seed|p1a: Primarina
|-supereffective|p1a: Primarina
|-damage|p1a: Primarina|0 fnt
|faint|p1a: Primarina
|-hitcount|p1: Primarina|1
|
|upkeep
|
|t:|1769350734
|switch|p1a: Lupin|Meowscarada, F, shiny|64/100
|-damage|p1a: Lupin|52/100|[from] Stealth Rock
|turn|24
|
|t:|1769350736
|switch|p2a: Infernape|Infernape, M|100/100
|-damage|p2a: Infernape|88/100|[from] Stealth Rock
|move|p1a: Lupin|Triple Axel|p2a: Infernape
|-start|p1a: Lupin|typechange|Ice|[from] ability: Protean
|-resisted|p2a: Infernape
|-damage|p2a: Infernape|81/100
|-resisted|p2a: Infernape
|-damage|p2a: Infernape|68/100
|-resisted|p2a: Infernape
|-damage|p2a: Infernape|45/100
|-hitcount|p2a: Infernape|3
|
|upkeep
|turn|25
|
|t:|1769350748
|switch|p1a: Corviknight|Corviknight, M|81/100
|-damage|p1a: Corviknight|68/100|[from] Stealth Rock
|-ability|p1a: Corviknight|Pressure
|move|p2a: Infernape|Overheat|p1a: Corviknight
|-supereffective|p1a: Corviknight
|-damage|p1a: Corviknight|0 fnt
|-unboost|p2a: Infernape|spa|2
|faint|p1a: Corviknight
|-damage|p2a: Infernape|35/100|[from] item: Life Orb
|
|upkeep
|
|t:|1769350755
|switch|p1a: Dragapult|Dragapult, M|70/100
|-damage|p1a: Dragapult|58/100|[from] Stealth Rock
|turn|26
|
|t:|1769350757
|move|p1a: Dragapult|Shadow Ball|p2a: Infernape
|-damage|p2a: Infernape|0 fnt
|faint|p2a: Infernape
|
|upkeep
|
|t:|1769350759
|switch|p2a: Rotom|Rotom-Wash|69/100
|-damage|p2a: Rotom|57/100|[from] Stealth Rock
|turn|27
|
|t:|1769350762
|move|p1a: Dragapult|Shadow Ball|p2a: Rotom
|-damage|p2a: Rotom|15/100
|move|p2a: Rotom|Reflect|p2a: Rotom
|-sidestart|p2: PSQL49|Reflect
|
|upkeep
|turn|28
|
|t:|1769350765
|move|p1a: Dragapult|Shadow Ball|p2a: Rotom
|-damage|p2a: Rotom|0 fnt
|faint|p2a: Rotom
|
|upkeep
|
|t:|1769350766
|switch|p2a: Torterra|Torterra, M|94/100
|-damage|p2a: Torterra|88/100|[from] Stealth Rock
|turn|29
|
|t:|1769350771
|move|p1a: Dragapult|Shadow Ball|p2a: Torterra
|-damage|p2a: Torterra|26/100
|move|p2a: Torterra|Shell Smash|p2a: Torterra
|-unboost|p2a: Torterra|def|1
|-unboost|p2a: Torterra|spd|1
|-boost|p2a: Torterra|atk|2
|-boost|p2a: Torterra|spa|2
|-boost|p2a: Torterra|spe|2
|
|upkeep
|turn|30
|
|t:|1769350775
|move|p2a: Torterra|Bullet Seed|p1a: Dragapult
|-resisted|p1a: Dragapult
|-damage|p1a: Dragapult|40/100
|-resisted|p1a: Dragapult
|-damage|p1a: Dragapult|22/100
|-resisted|p1a: Dragapult
|-damage|p1a: Dragapult|4/100
|-resisted|p1a: Dragapult
|-damage|p1a: Dragapult|0 fnt
|faint|p1a: Dragapult
|-hitcount|p1: Dragapult|4
|
|upkeep
|
|t:|1769350778
|switch|p1a: Lupin|Meowscarada, F, shiny|52/100
|-damage|p1a: Lupin|39/100|[from] Stealth Rock
|turn|31
|
|t:|1769350782
|-terastallize|p2a: Torterra|Rock
|move|p1a: Lupin|Triple Axel|p2a: Torterra
|-start|p1a: Lupin|typechange|Ice|[from] ability: Protean
|-damage|p2a: Torterra|19/100
|-damage|p2a: Torterra|5/100
|-damage|p2a: Torterra|0 fnt
|faint|p2a: Torterra
|-hitcount|p2: Torterra|3
|
|win|Octogecko
|raw|Octogecko's rating: 1356 &rarr; <strong>1378</strong><br />(+22 for winning)
|raw|PSQL49's rating: 1390 &rarr; <strong>1368</strong><br />(-22 for losing)
|l|☆PSQL49
|player|p2|
|l|☆Octogecko
|player|p1|
