|j|☆CazadorJM
|j|☆smpark22
|t:|1769446635
|gametype|singles
|player|p1|CazadorJM|170|1553
|player|p2|smpark22|1|1451
|gen|9
|tier|[Gen 9] OU
|rated|
|rule|HP Percentage Mod: HP is shown in percentages
|rule|Endless Battle Clause: Forcing endless battles is banned
|rule|Species Clause: Limit one of each Pokémon
|rule|OHKO Clause: OHKO moves are banned
|rule|Evasion Items Clause: Evasion items are banned
|rule|Evasion Moves Clause: Evasion moves are banned
|rule|Evasion Abilities Clause: Evasion abilities are banned
|rule|Sleep Moves Clause: Sleep-inducing moves are banned
|clearpoke
|poke|p1|Garganacl, F|
|poke|p1|Weezing-Galar, F|
|poke|p1|Zamazenta-*|
|poke|p1|Scizor, M|
|poke|p1|Dragapult, M|
|poke|p1|Latias, F|
|poke|p2|Cinderace, M|
|poke|p2|Rillaboom, F|
|poke|p2|Inteleon, F|
|poke|p2|Sandaconda, F|
|poke|p2|Dragapult, F|
|poke|p2|Weezing-Galar, M|
|teampreview
|c|☆smpark22|glhf
|
|t:|1769446680
|teamsize|p1|6
|teamsize|p2|6
|start
|switch|p1a: Dragapult|Dragapult, M|100/100
|switch|p2a: Inteleon|Inteleon, F|100/100
|turn|1
|
|t:|1769446694
|move|p1a: Dragapult|Dragon Darts|p2a: Inteleon
|-damage|p2a: Inteleon|61/100
|-anim|p1a: Dragapult|Dragon Darts|p2a: Inteleon
|-damage|p2a: Inteleon|23/100
|move|p2a: Inteleon|Ice Beam|p1a: Dragapult
|-supereffective|p1a: Dragapult
|-damage|p1a: Dragapult|3/100
|
|upkeep
|turn|2
|inactive|Battle timer is ON: inactive players will automatically lose when time's up. (requested by CazadorJM)
|
|t:|1769446709
|switch|p2a: Weezing|Weezing-Galar, M|100/100
|move|p1a: Dragapult|Hex|p2a: Weezing
|-damage|p2a: Weezing|71/100
|
|-heal|p2a: Weezing|77/100|[from] item: Leftovers
|upkeep
|turn|3
|
|t:|1769446718
|move|p1a: Dragapult|U-turn|p2a: Weezing
|-resisted|p2a: Weezing
|-crit|p2a: Weezing
|-damage|p2a: Weezing|71/100
|
|t:|1769446723
|switch|p1a: Weezing|Weezing-Galar, F|100/100|[from] U-turn
|-ability|p1a: Weezing|Neutralizing Gas
|move|p2a: Weezing|Strange Steam|p1a: Weezing
|-resisted|p1a: Weezing
|-damage|p1a: Weezing|80/100
|
|-heal|p2a: Weezing|77/100|[from] item: Leftovers
|upkeep
|turn|4
|
|t:|1769446735
|move|p1a: Weezing|Will-O-Wisp|p2a: Weezing
|-status|p2a: Weezing|brn
|move|p2a: Weezing|Sludge Bomb|p1a: Weezing
|-damage|p1a: Weezing|37/100
|
|-heal|p2a: Weezing|83/100 brn|[from] item: Leftovers
|-damage|p2a: Weezing|77/100 brn|[from] brn
|upkeep
|turn|5
|
|t:|1769446747
|switch|p2a: Inteleon|Inteleon, F|23/100
|move|p1a: Weezing|Sludge Bomb|p2a: Inteleon
|-damage|p2a: Inteleon|0 fnt
|faint|p2a: Inteleon
|
|upkeep
|
|t:|1769446757
|switch|p2a: Sandaconda|Sandaconda, F|100/100
|turn|6
|
|t:|1769446770
|move|p2a: Sandaconda|High Horsepower|p1a: Weezing
|-supereffective|p1a: Weezing
|-damage|p1a: Weezing|0 fnt
|faint|p1a: Weezing
|-end|p1a: Weezing|ability: Neutralizing Gas
|
|upkeep
|
|t:|1769446779
|switch|p1a: Latias|Latias, F|100/100
|turn|7
|
|t:|1769446787
|switch|p2a: Rillaboom|Rillaboom, F|100/100
|-fieldstart|move: Grassy Terrain|[from] ability: Grassy Surge|[of] p2a: Rillaboom
|move|p1a: Latias|Calm Mind|p1a: Latias
|-boost|p1a: Latias|spa|1
|-boost|p1a: Latias|spd|1
|
|upkeep
|turn|8
|
|t:|1769446801
|move|p1a: Latias|Recover||[still]
|-fail|p1a: Latias|heal
|move|p2a: Rillaboom|U-turn|p1a: Latias
|-supereffective|p1a: Latias
|-damage|p1a: Latias|56/100
|-enditem|p1a: Latias|Weakness Policy
|-boost|p1a: Latias|atk|2|[from] item: Weakness Policy
|-boost|p1a: Latias|spa|2|[from] item: Weakness Policy
|
|t:|1769446807
|switch|p2a: Dragapult|Dragapult, F|100/100|[from] U-turn
|
|upkeep
|turn|9
|
|t:|1769446816
|-terastallize|p1a: Latias|Poison
|move|p2a: Dragapult|Dragon Darts|p1a: Latias
|-damage|p1a: Latias|21/100
|-anim|p2a: Dragapult|Dragon Darts|p1a: Latias
|-damage|p1a: Latias|0 fnt
|faint|p1a: Latias
|
|upkeep
|
|t:|1769446829
|switch|p1a: Scizor|Scizor, M|100/100
|turn|10
|
|t:|1769446835
|switch|p2a: Sandaconda|Sandaconda, F|100/100
|move|p1a: Scizor|Knock Off|p2a: Sandaconda
|-damage|p2a: Sandaconda|61/100
|-enditem|p2a: Sandaconda|Chesto Berry|[from] move: Knock Off|[of] p1a: Scizor
|
|-heal|p2a: Sandaconda|67/100|[from] Grassy Terrain
|upkeep
|turn|11
|
|t:|1769446844
|switch|p1a: Garganacl|Garganacl, F|100/100
|move|p2a: Sandaconda|Glare|p1a: Garganacl
|-immune|p1a: Garganacl|[from] ability: Purifying Salt
|
|-heal|p2a: Sandaconda|73/100|[from] Grassy Terrain
|-fieldend|move: Grassy Terrain
|upkeep
|turn|12
|
|t:|1769446851
|move|p2a: Sandaconda|High Horsepower|p1a: Garganacl
|-supereffective|p1a: Garganacl
|-crit|p1a: Garganacl
|-damage|p1a: Garganacl|32/100
|move|p1a: Garganacl|Salt Cure|p2a: Sandaconda
|-resisted|p2a: Sandaconda
|-damage|p2a: Sandaconda|68/100
|-start|p2a: Sandaconda|Salt Cure
|
|-heal|p1a: Garganacl|38/100|[from] item: Leftovers
|-damage|p2a: Sandaconda|55/100|[from] Salt Cure
|upkeep
|turn|13
|
|t:|1769446863
|switch|p2a: Rillaboom|Rillaboom, F|100/100
|-fieldstart|move: Grassy Terrain|[from] ability: Grassy Surge|[of] p2a: Rillaboom
|move|p1a: Garganacl|Protect||[still]
|-fail|p1a: Garganacl
|
|-heal|p1a: Garganacl|45/100|[from] Grassy Terrain
|-heal|p1a: Garganacl|51/100|[from] item: Leftovers
|upkeep
|turn|14
|
|t:|1769446872
|move|p1a: Garganacl|Protect|p1a: Garganacl
|-singleturn|p1a: Garganacl|Protect
|move|p2a: Rillaboom|Drum Beating|p1a: Garganacl
|-activate|p1a: Garganacl|move: Protect
|
|-heal|p1a: Garganacl|57/100|[from] Grassy Terrain
|-heal|p1a: Garganacl|63/100|[from] item: Leftovers
|upkeep
|turn|15
|
|t:|1769446880
|move|p2a: Rillaboom|Drum Beating|p1a: Garganacl
|-supereffective|p1a: Garganacl
|-damage|p1a: Garganacl|0 fnt
|faint|p1a: Garganacl
|
|upkeep
|
|t:|1769446904
|switch|p1a: Zamazenta|Zamazenta, shiny|100/100
|-ability|p1a: Zamazenta|Dauntless Shield|boost
|-boost|p1a: Zamazenta|def|1
|turn|16
|
|t:|1769446911
|switch|p2a: Weezing|Weezing-Galar, M|77/100 brn
|move|p1a: Zamazenta|Iron Defense|p1a: Zamazenta
|-boost|p1a: Zamazenta|def|2
|
|-heal|p2a: Weezing|83/100 brn|[from] item: Leftovers
|-damage|p2a: Weezing|77/100 brn|[from] brn
|upkeep
|turn|17
|
|t:|1769446919
|move|p1a: Zamazenta|Substitute|p1a: Zamazenta
|-start|p1a: Zamazenta|Substitute
|-damage|p1a: Zamazenta|75/100
|move|p2a: Weezing|Strange Steam|p1a: Zamazenta
|-supereffective|p1a: Zamazenta
|-end|p1a: Zamazenta|Substitute
|
|-heal|p1a: Zamazenta|82/100|[from] Grassy Terrain
|-heal|p1a: Zamazenta|88/100|[from] item: Leftovers
|-heal|p2a: Weezing|83/100 brn|[from] item: Leftovers
|-damage|p2a: Weezing|77/100 brn|[from] brn
|-fieldend|move: Grassy Terrain
|upkeep
|turn|18
|
|t:|1769446929
|switch|p1a: Scizor|Scizor, M|100/100
|move|p2a: Weezing|Strange Steam|p1a: Scizor
|-resisted|p1a: Scizor
|-damage|p1a: Scizor|82/100
|-start|p1a: Scizor|confusion
|
|-heal|p2a: Weezing|83/100 brn|[from] item: Leftovers
|-damage|p2a: Weezing|77/100 brn|[from] brn
|upkeep
|turn|19
|
|t:|1769446942
|switch|p2a: Cinderace|Cinderace, M|100/100
|-activate|p1a: Scizor|confusion
|move|p1a: Scizor|U-turn|p2a: Cinderace
|-resisted|p2a: Cinderace
|-damage|p2a: Cinderace|55/100
|
|t:|1769446947
|switch|p1a: Zamazenta|Zamazenta, shiny|88/100|[from] U-turn
|
|-heal|p1a: Zamazenta|94/100|[from] item: Leftovers
|upkeep
|turn|20
|
|t:|1769446965
|switch|p2a: Weezing|Weezing-Galar, M|77/100 brn
|move|p1a: Zamazenta|Iron Defense|p1a: Zamazenta
|-boost|p1a: Zamazenta|def|2
|
|-heal|p1a: Zamazenta|99/100|[from] item: Leftovers
|-heal|p2a: Weezing|83/100 brn|[from] item: Leftovers
|-damage|p2a: Weezing|77/100 brn|[from] brn
|upkeep
|turn|21
|
|t:|1769446976
|switch|p1a: Scizor|Scizor, M|82/100
|move|p2a: Weezing|Strange Steam|p1a: Scizor
|-resisted|p1a: Scizor
|-damage|p1a: Scizor|64/100
|
|-heal|p2a: Weezing|83/100 brn|[from] item: Leftovers
|-damage|p2a: Weezing|77/100 brn|[from] brn
|upkeep
|turn|22
|
|t:|1769446998
|switch|p2a: Sandaconda|Sandaconda, F|55/100
|move|p1a: Scizor|Bullet Punch|p2a: Sandaconda
|-damage|p2a: Sandaconda|22/100
|
|upkeep
|turn|23
|
|t:|1769447024
|move|p1a: Scizor|Bullet Punch|p2a: Sandaconda
|-damage|p2a: Sandaconda|0 fnt
|faint|p2a: Sandaconda
|
|upkeep
|
|t:|1769447028
|switch|p2a: Cinderace|Cinderace, M|55/100
|turn|24
|
|t:|1769447032
|move|p1a: Scizor|Bullet Punch|p2a: Cinderace
|-resisted|p2a: Cinderace
|-damage|p2a: Cinderace|18/100
|move|p2a: Cinderace|Pyro Ball|p1a: Scizor
|-supereffective|p1a: Scizor
|-damage|p1a: Scizor|0 fnt
|faint|p1a: Scizor
|
|upkeep
|
|t:|1769447037
|switch|p1a: Dragapult|Dragapult, M|3/100
|turn|25
|
|t:|1769447041
|move|p1a: Dragapult|Dragon Darts|p2a: Cinderace
|-damage|p2a: Cinderace|0 fnt
|faint|p2a: Cinderace
|
|upkeep
|
|t:|1769447046
|switch|p2a: Rillaboom|Rillaboom, F|100/100
|-fieldstart|move: Grassy Terrain|[from] ability: Grassy Surge|[of] p2a: Rillaboom
|turn|26
|
|t:|1769447055
|move|p2a: Rillaboom|Grassy Glide|p1a: Dragapult
|-resisted|p1a: Dragapult
|-damage|p1a: Dragapult|0 fnt
|faint|p1a: Dragapult
|
|upkeep
|
|t:|1769447057
|switch|p1a: Zamazenta|Zamazenta, shiny|99/100
|turn|27
|
|t:|1769447079
|move|p1a: Zamazenta|Iron Defense|p1a: Zamazenta
|-boost|p1a: Zamazenta|def|2
|move|p2a: Rillaboom|U-turn|p1a: Zamazenta
|-resisted|p1a: Zamazenta
|-damage|p1a: Zamazenta|95/100
|
|t:|1769447083
|switch|p2a: Weezing|Weezing-Galar, M|77/100 brn|[from] U-turn
|
|-heal|p1a: Zamazenta|100/100|[from] Grassy Terrain
|-heal|p2a: Weezing|83/100 brn|[from] item: Leftovers
|-damage|p2a: Weezing|77/100 brn|[from] brn
|upkeep
|turn|28
|
|t:|1769447090
|move|p1a: Zamazenta|Substitute|p1a: Zamazenta
|-start|p1a: Zamazenta|Substitute
|-damage|p1a: Zamazenta|75/100
|move|p2a: Weezing|Strange Steam|p1a: Zamazenta
|-supereffective|p1a: Zamazenta
|-end|p1a: Zamazenta|Substitute
|
|-heal|p1a: Zamazenta|82/100|[from] Grassy Terrain
|-heal|p1a: Zamazenta|88/100|[from] item: Leftovers
|-heal|p2a: Weezing|83/100 brn|[from] item: Leftovers
|-damage|p2a: Weezing|77/100 brn|[from] brn
|upkeep
|turn|29
|
|t:|1769447100
|move|p1a: Zamazenta|Iron Defense|p1a: Zamazenta
|-boost|p1a: Zamazenta|def|2
|move|p2a: Weezing|Strange Steam|p1a: Zamazenta
|-supereffective|p1a: Zamazenta
|-damage|p1a: Zamazenta|43/100
|
|-heal|p1a: Zamazenta|49/100|[from] Grassy Terrain
|-heal|p1a: Zamazenta|55/100|[from] item: Leftovers
|-heal|p2a: Weezing|83/100 brn|[from] item: Leftovers
|-damage|p2a: Weezing|77/100 brn|[from] brn
|upkeep
|turn|30
|
|t:|1769447110
|move|p1a: Zamazenta|Body Press|p2a: Weezing
|-resisted|p2a: Weezing
|-damage|p2a: Weezing|56/100 brn
|move|p2a: Weezing|Strange Steam|p1a: Zamazenta
|-supereffective|p1a: Zamazenta
|-damage|p1a: Zamazenta|6/100
|
|-heal|p1a: Zamazenta|12/100|[from] Grassy Terrain
|-heal|p1a: Zamazenta|18/100|[from] item: Leftovers
|-heal|p2a: Weezing|62/100 brn|[from] item: Leftovers
|-damage|p2a: Weezing|56/100 brn|[from] brn
|-fieldend|move: Grassy Terrain
|upkeep
|turn|31
|
|t:|1769447120
|move|p1a: Zamazenta|Body Press|p2a: Weezing
|-resisted|p2a: Weezing
|-damage|p2a: Weezing|34/100 brn
|move|p2a: Weezing|Strange Steam|p1a: Zamazenta
|-supereffective|p1a: Zamazenta
|-damage|p1a: Zamazenta|0 fnt
|faint|p1a: Zamazenta
|
|win|smpark22
|raw|CazadorJM's rating: 1553 &rarr; <strong>1527</strong><br />(-26 for losing)
|raw|smpark22's rating: 1451 &rarr; <strong>1477</strong><br />(+26 for winning)
|l|☆CazadorJM
|player|p1|
|c|☆smpark22|gg
|l|☆smpark22
|player|p2|
