|j|☆DoublesIsForLames
|j|☆Pearl Loose
|t:|1769367995
|gametype|singles
|player|p1|DoublesIsForLames|benga|1270
|player|p2|Pearl Loose|picnicker|1222
|gen|9
|tier|[Gen 9] OU
|rated|
|rule|HP Percentage Mod: HP is shown in percentages
|rule|Endless Battle Clause: Forcing endless battles is banned
|rule|Species Clause: Limit one of each Pokémon
|rule|OHKO Clause: OHKO moves are banned
|rule|Evasion Items Clause: Evasion items are banned
|rule|Evasion Moves Clause: Evasion moves are banned
|rule|Evasion Abilities Clause: Evasion abilities are banned
|rule|Sleep Moves Clause: Sleep-inducing moves are banned
|clearpoke
|poke|p1|Venusaur, M|
|poke|p1|Charizard, M|
|poke|p1|Blastoise, M|
|poke|p1|Clefable, F|
|poke|p1|Muk, M|
|poke|p1|Dragonite, M|
|poke|p2|Ninetales-Alola, M|
|poke|p2|Blaziken, F|
|poke|p2|Hydrapple, F|
|poke|p2|Maushold-Four|
|poke|p2|Corviknight, F|
|poke|p2|Ursaluna, F|
|teampreview
|
|t:|1769368016
|teamsize|p1|6
|teamsize|p2|6
|start
|switch|p1a: Charizard|Charizard, M, shiny|100/100
|switch|p2a: Corviknight|Corviknight, F|100/100
|-ability|p2a: Corviknight|Pressure
|turn|1
|
|t:|1769368030
|move|p1a: Charizard|Fire Blast|p2a: Corviknight
|-supereffective|p2a: Corviknight
|-damage|p2a: Corviknight|34/100
|move|p2a: Corviknight|Light Screen|p2a: Corviknight
|-sidestart|p2: Pearl Loose|move: Light Screen
|
|upkeep
|turn|2
|
|t:|1769368041
|switch|p2a: Ursaluna|Ursaluna, F|100/100
|move|p1a: Charizard|Fire Blast|p2a: Ursaluna
|-damage|p2a: Ursaluna|79/100
|
|-status|p2a: Ursaluna|brn|[from] item: Flame Orb
|upkeep
|turn|3
|
|t:|1769368050
|move|p2a: Ursaluna|Facade|p1a: Charizard
|-damage|p1a: Charizard|0 fnt
|faint|p1a: Charizard
|
|-damage|p2a: Ursaluna|73/100 brn|[from] brn
|upkeep
|
|t:|1769368054
|switch|p1a: Clefable|Clefable, F, shiny|100/100
|turn|4
|
|t:|1769368067
|move|p1a: Clefable|Moonblast|p2a: Ursaluna
|-damage|p2a: Ursaluna|59/100 brn
|-unboost|p2a: Ursaluna|spa|1
|move|p2a: Ursaluna|Facade|p1a: Clefable
|-damage|p1a: Clefable|3/100
|
|-heal|p1a: Clefable|9/100|[from] item: Leftovers
|-damage|p2a: Ursaluna|53/100 brn|[from] brn
|upkeep
|turn|5
|
|t:|1769368078
|move|p1a: Clefable|Stealth Rock|p2a: Ursaluna
|-sidestart|p2: Pearl Loose|move: Stealth Rock
|move|p2a: Ursaluna|Facade|p1a: Clefable
|-damage|p1a: Clefable|0 fnt
|faint|p1a: Clefable
|
|-damage|p2a: Ursaluna|47/100 brn|[from] brn
|upkeep
|
|t:|1769368091
|switch|p1a: Blastoise|Blastoise, M|100/100
|turn|6
|
|t:|1769368096
|move|p1a: Blastoise|Wave Crash|p2a: Ursaluna
|-supereffective|p2a: Ursaluna
|-damage|p2a: Ursaluna|0 fnt
|faint|p2a: Ursaluna
|-damage|p1a: Blastoise|78/100|[from] Recoil
|
|upkeep
|
|t:|1769368103
|switch|p2a: Ninetales|Ninetales-Alola, M|100/100
|-damage|p2a: Ninetales|76/100|[from] Stealth Rock
|-weather|Snowscape|[from] ability: Snow Warning|[of] p2a: Ninetales
|turn|7
|
|t:|1769368109
|switch|p1a: Muk|Muk, M|100/100
|move|p2a: Ninetales|Aurora Veil|p2a: Ninetales
|-sidestart|p2: Pearl Loose|move: Aurora Veil
|
|-weather|Snowscape|[upkeep]
|upkeep
|turn|8
|
|t:|1769368119
|switch|p2a: Corviknight|Corviknight, F|34/100
|-damage|p2a: Corviknight|22/100|[from] Stealth Rock
|-ability|p2a: Corviknight|Pressure
|move|p1a: Muk|Knock Off|p2a: Corviknight
|-damage|p2a: Corviknight|11/100
|-enditem|p2a: Corviknight|Light Clay|[from] move: Knock Off|[of] p1a: Muk
|
|-weather|Snowscape|[upkeep]
|-sideend|p2: Pearl Loose|move: Light Screen
|upkeep
|turn|9
|
|t:|1769368134
|move|p2a: Corviknight|Roost|p2a: Corviknight
|-heal|p2a: Corviknight|61/100
|-singleturn|p2a: Corviknight|move: Roost
|move|p1a: Muk|Fire Punch|p2a: Corviknight
|-supereffective|p2a: Corviknight
|-damage|p2a: Corviknight|44/100
|
|-weather|Snowscape|[upkeep]
|upkeep
|turn|10
|
|t:|1769368157
|switch|p1a: Blastoise|Blastoise, M|78/100
|move|p2a: Corviknight|U-turn|p1a: Blastoise
|-damage|p1a: Blastoise|64/100
|
|t:|1769368168
|switch|p2a: Hydrapple|Hydrapple, F|100/100|[from] U-turn
|-damage|p2a: Hydrapple|88/100|[from] Stealth Rock
|
|-weather|Snowscape|[upkeep]
|-heal|p2a: Hydrapple|94/100|[from] item: Leftovers
|upkeep
|turn|11
|
|t:|1769368177
|switch|p1a: Venusaur|Venusaur, M|100/100
|-terastallize|p2a: Hydrapple|Grass
|move|p2a: Hydrapple|Giga Drain|p1a: Venusaur
|-resisted|p1a: Venusaur
|-damage|p1a: Venusaur|85/100
|-heal|p2a: Hydrapple|99/100|[from] drain|[of] p1a: Venusaur
|
|-weather|none
|-heal|p2a: Hydrapple|100/100|[from] item: Leftovers
|upkeep
|turn|12
|
|t:|1769368189
|move|p1a: Venusaur|Sludge Bomb|p2a: Hydrapple
|-supereffective|p2a: Hydrapple
|-damage|p2a: Hydrapple|57/100
|-damage|p1a: Venusaur|75/100|[from] item: Life Orb
|move|p2a: Hydrapple|Nasty Plot|p2a: Hydrapple
|-boost|p2a: Hydrapple|spa|2
|
|-heal|p2a: Hydrapple|64/100|[from] item: Leftovers
|upkeep
|turn|13
|
|t:|1769368199
|move|p1a: Venusaur|Sludge Bomb|p2a: Hydrapple
|-supereffective|p2a: Hydrapple
|-damage|p2a: Hydrapple|17/100
|-damage|p1a: Venusaur|65/100|[from] item: Life Orb
|move|p2a: Hydrapple|Fickle Beam|p1a: Venusaur
|-damage|p1a: Venusaur|0 fnt
|faint|p1a: Venusaur
|
|-heal|p2a: Hydrapple|23/100|[from] item: Leftovers
|upkeep
|
|t:|1769368215
|switch|p1a: Dragonite|Dragonite, M|100/100
|turn|14
|
|t:|1769368227
|switch|p2a: Maushold|Maushold-Four|100/100
|-terastallize|p1a: Dragonite|Normal
|move|p1a: Dragonite|Dragon Dance|p1a: Dragonite
|-boost|p1a: Dragonite|atk|1
|-boost|p1a: Dragonite|spe|1
|
|-sideend|p2: Pearl Loose|move: Aurora Veil
|upkeep
|turn|15
|
|t:|1769368237
|move|p1a: Dragonite|Extreme Speed|p2a: Maushold
|-damage|p2a: Maushold|22/100
|move|p2a: Maushold|Tidy Up|p2a: Maushold
|-sideend|p2: Pearl Loose|Stealth Rock
|-activate|p2a: Maushold|move: Tidy Up
|-boost|p2a: Maushold|atk|1
|-boost|p2a: Maushold|spe|1
|
|upkeep
|turn|16
|
|t:|1769368245
|move|p1a: Dragonite|Extreme Speed|p2a: Maushold
|-damage|p2a: Maushold|0 fnt
|faint|p2a: Maushold
|
|upkeep
|
|t:|1769368251
|switch|p2a: Ninetales|Ninetales-Alola, M|76/100
|-weather|Snowscape|[from] ability: Snow Warning|[of] p2a: Ninetales
|turn|17
|
|t:|1769368255
|move|p1a: Dragonite|Extreme Speed|p2a: Ninetales
|-damage|p2a: Ninetales|22/100
|move|p2a: Ninetales|Aurora Veil|p2a: Ninetales
|-sidestart|p2: Pearl Loose|move: Aurora Veil
|
|-weather|Snowscape|[upkeep]
|upkeep
|turn|18
|
|t:|1769368264
|move|p1a: Dragonite|Dragon Dance|p1a: Dragonite
|-boost|p1a: Dragonite|atk|1
|-boost|p1a: Dragonite|spe|1
|move|p2a: Ninetales|Freeze-Dry|p1a: Dragonite
|-damage|p1a: Dragonite|90/100
|
|-weather|Snowscape|[upkeep]
|upkeep
|turn|19
|
|t:|1769368272
|move|p1a: Dragonite|Earthquake|p2a: Ninetales
|-damage|p2a: Ninetales|0 fnt
|faint|p2a: Ninetales
|
|-weather|Snowscape|[upkeep]
|upkeep
|
|t:|1769368279
|switch|p2a: Hydrapple|Hydrapple, F, tera:Grass|56/100
|turn|20
|
|t:|1769368290
|move|p1a: Dragonite|Outrage|p2a: Hydrapple
|-damage|p2a: Hydrapple|0 fnt
|faint|p2a: Hydrapple
|
|-weather|Snowscape|[upkeep]
|upkeep
|
|t:|1769368298
|switch|p2a: Corviknight|Corviknight, F|44/100
|-ability|p2a: Corviknight|Pressure
|turn|21
|
|t:|1769368302
|move|p1a: Dragonite|Outrage|p2a: Corviknight|[from] lockedmove
|-resisted|p2a: Corviknight
|-damage|p2a: Corviknight|17/100
|-start|p1a: Dragonite|confusion|[fatigue]
|move|p2a: Corviknight|Roost|p2a: Corviknight
|-heal|p2a: Corviknight|67/100
|-singleturn|p2a: Corviknight|move: Roost
|
|-weather|none
|upkeep
|turn|22
|
|t:|1769368313
|switch|p1a: Muk|Muk, M|100/100
|move|p2a: Corviknight|Reflect|p2a: Corviknight
|-sidestart|p2: Pearl Loose|Reflect
|
|upkeep
|turn|23
|
|t:|1769368340
|move|p2a: Corviknight|U-turn|p1a: Muk
|-resisted|p1a: Muk
|-damage|p1a: Muk|94/100
|
|t:|1769368345
|switch|p2a: Blaziken|Blaziken, F|100/100|[from] U-turn
|move|p1a: Muk|Fire Punch|p2a: Blaziken
|-resisted|p2a: Blaziken
|-damage|p2a: Blaziken|94/100
|-status|p2a: Blaziken|psn|[from] ability: Poison Touch|[of] p1a: Muk
|
|-heal|p2a: Blaziken|99/100 psn|[from] item: Leftovers
|-damage|p2a: Blaziken|88/100 psn|[from] psn
|upkeep
|turn|24
|
|t:|1769368359
|move|p2a: Blaziken|Swords Dance|p2a: Blaziken
|-boost|p2a: Blaziken|atk|2
|move|p1a: Muk|Knock Off|p2a: Blaziken
|-resisted|p2a: Blaziken
|-damage|p2a: Blaziken|78/100 psn
|-enditem|p2a: Blaziken|Leftovers|[from] move: Knock Off|[of] p1a: Muk
|
|-damage|p2a: Blaziken|66/100 psn|[from] psn
|-sideend|p2: Pearl Loose|move: Aurora Veil
|-ability|p2a: Blaziken|Speed Boost|boost
|-boost|p2a: Blaziken|spe|1
|upkeep
|turn|25
|
|t:|1769368371
|move|p2a: Blaziken|Flare Blitz|p1a: Muk
|-damage|p1a: Muk|0 fnt
|faint|p1a: Muk
|-damage|p2a: Blaziken|32/100 psn|[from] Recoil
|
|-damage|p2a: Blaziken|19/100 psn|[from] psn
|-ability|p2a: Blaziken|Speed Boost|boost
|-boost|p2a: Blaziken|spe|1
|upkeep
|-message|Pearl Loose forfeited.
|
|win|DoublesIsForLames
|raw|DoublesIsForLames's rating: 1270 &rarr; <strong>1292</strong><br />(+22 for winning)
|raw|Pearl Loose's rating: 1222 &rarr; <strong>1200</strong><br />(-22 for losing)
|l|☆Pearl Loose
|player|p2|
|l|☆DoublesIsForLames
|player|p1|
