|j|☆Nithhoggr
|j|☆susanoo-no-okami
|t:|1769320237
|gametype|singles
|player|p1|Nithhoggr|red|1294
|player|p2|susanoo-no-okami|lenora|1249
|gen|9
|tier|[Gen 9] OU
|rated|
|rule|HP Percentage Mod: HP is shown in percentages
|rule|Endless Battle Clause: Forcing endless battles is banned
|rule|Species Clause: Limit one of each Pokémon
|rule|OHKO Clause: OHKO moves are banned
|rule|Evasion Items Clause: Evasion items are banned
|rule|Evasion Moves Clause: Evasion moves are banned
|rule|Evasion Abilities Clause: Evasion abilities are banned
|rule|Sleep Moves Clause: Sleep-inducing moves are banned
|clearpoke
|poke|p1|Greninja-*, M|
|poke|p1|Muk-Alola, M|
|poke|p1|Garchomp, M|
|poke|p1|Ogerpon-Wellspring, F|
|poke|p1|Moltres|
|poke|p1|Weezing-Galar, M|
|poke|p2|Bellossom, M|
|poke|p2|Ninetales, F|
|poke|p2|Great Tusk|
|poke|p2|Walking Wake|
|poke|p2|Hatterene, F|
|poke|p2|Slither Wing|
|teampreview
|inactive|Battle timer is ON: inactive players will automatically lose when time's up. (requested by susanoo-no-okami)
|
|t:|1769320250
|teamsize|p1|6
|teamsize|p2|6
|start
|switch|p1a: Muk|Muk-Alola, M|100/100
|switch|p2a: Hatterene|Hatterene, F|100/100
|turn|1
|
|t:|1769320258
|move|p1a: Muk|Knock Off|p2a: Hatterene
|-damage|p2a: Hatterene|71/100
|-status|p2a: Hatterene|psn|[from] ability: Poison Touch|[of] p1a: Muk
|-enditem|p2a: Hatterene|Eject Button|[from] move: Knock Off|[of] p1a: Muk
|move|p2a: Hatterene|Nuzzle|p1a: Muk
|-damage|p1a: Muk|96/100
|-status|p1a: Muk|par
|
|-damage|p2a: Hatterene|59/100 psn|[from] psn
|upkeep
|turn|2
|
|t:|1769320270
|switch|p2a: Ninetales|Ninetales, F|100/100
|-weather|SunnyDay|[from] ability: Drought|[of] p2a: Ninetales
|cant|p1a: Muk|par
|
|-weather|SunnyDay|[upkeep]
|upkeep
|turn|3
|
|t:|1769320282
|move|p2a: Ninetales|Overheat|p1a: Muk
|-damage|p1a: Muk|68/100 par
|-unboost|p2a: Ninetales|spa|2
|move|p1a: Muk|Knock Off|p2a: Ninetales
|-damage|p2a: Ninetales|52/100
|-enditem|p2a: Ninetales|Heat Rock|[from] move: Knock Off|[of] p1a: Muk
|
|-weather|SunnyDay|[upkeep]
|upkeep
|turn|4
|
|t:|1769320294
|switch|p2a: Great Tusk|Great Tusk|100/100
|-activate|p2a: Great Tusk|ability: Protosynthesis
|-start|p2a: Great Tusk|protosynthesisspe
|cant|p1a: Muk|par
|
|-weather|SunnyDay|[upkeep]
|upkeep
|turn|5
|
|t:|1769320302
|switch|p1a: Weezing|Weezing-Galar, M|100/100
|move|p2a: Great Tusk|Headlong Rush|p1a: Weezing
|-immune|p1a: Weezing|[from] ability: Levitate
|
|-weather|SunnyDay|[upkeep]
|upkeep
|turn|6
|
|t:|1769320315
|-end|p2a: Great Tusk|Protosynthesis|[silent]
|switch|p2a: Bellossom|Bellossom, M|100/100
|move|p1a: Weezing|Strange Steam|p2a: Bellossom
|-damage|p2a: Bellossom|73/100
|
|-weather|SunnyDay|[upkeep]
|-heal|p2a: Bellossom|79/100|[from] item: Leftovers
|upkeep
|turn|7
|
|t:|1769320327
|switch|p2a: Slither Wing|Slither Wing|100/100
|-activate|p2a: Slither Wing|ability: Protosynthesis
|-start|p2a: Slither Wing|protosynthesisatk
|switch|p1a: Muk|Muk-Alola, M|68/100 par
|
|-weather|SunnyDay|[upkeep]
|upkeep
|turn|8
|
|t:|1769320332
|switch|p1a: Weezing|Weezing-Galar, M|100/100
|move|p2a: Slither Wing|Flare Blitz|p1a: Weezing
|-damage|p1a: Weezing|43/100
|-damage|p2a: Slither Wing|83/100|[from] Recoil
|
|-weather|SunnyDay|[upkeep]
|-heal|p1a: Weezing|49/100|[from] item: Black Sludge
|upkeep
|turn|9
|
|t:|1769320337
|move|p1a: Weezing|Protect|p1a: Weezing
|-singleturn|p1a: Weezing|Protect
|move|p2a: Slither Wing|Flare Blitz|p1a: Weezing
|-activate|p1a: Weezing|move: Protect
|
|-weather|none
|-end|p2a: Slither Wing|Protosynthesis
|-heal|p1a: Weezing|55/100|[from] item: Black Sludge
|upkeep
|turn|10
|
|t:|1769320343
|move|p2a: Slither Wing|U-turn|p1a: Weezing
|-resisted|p1a: Weezing
|-damage|p1a: Weezing|48/100
|
|t:|1769320346
|-end|p2a: Slither Wing|Protosynthesis|[silent]
|switch|p2a: Walking Wake|Walking Wake|100/100|[from] U-turn
|move|p1a: Weezing|Strange Steam|p2a: Walking Wake|[miss]
|-miss|p1a: Weezing|p2a: Walking Wake
|
|-heal|p1a: Weezing|54/100|[from] item: Black Sludge
|upkeep
|turn|11
|
|t:|1769320353
|-end|p2a: Walking Wake|Protosynthesis|[silent]
|switch|p2a: Hatterene|Hatterene, F|59/100 psn
|move|p1a: Weezing|Protect||[still]
|-fail|p1a: Weezing
|
|-heal|p1a: Weezing|60/100|[from] item: Black Sludge
|-damage|p2a: Hatterene|46/100 psn|[from] psn
|upkeep
|turn|12
|
|t:|1769320362
|switch|p1a: Muk|Muk-Alola, M|68/100 par
|move|p2a: Hatterene|Nuzzle|p1a: Muk
|-damage|p1a: Muk|64/100 par
|
|-damage|p2a: Hatterene|34/100 psn|[from] psn
|upkeep
|turn|13
|
|t:|1769320366
|switch|p2a: Ninetales|Ninetales, F|52/100
|-weather|SunnyDay|[from] ability: Drought|[of] p2a: Ninetales
|move|p1a: Muk|Knock Off|p2a: Ninetales
|-damage|p2a: Ninetales|18/100
|
|-weather|SunnyDay|[upkeep]
|upkeep
|turn|14
|
|t:|1769320371
|switch|p2a: Slither Wing|Slither Wing|83/100
|-activate|p2a: Slither Wing|ability: Protosynthesis
|-start|p2a: Slither Wing|protosynthesisatk
|move|p1a: Muk|Poison Jab|p2a: Slither Wing
|-damage|p2a: Slither Wing|49/100
|
|-weather|SunnyDay|[upkeep]
|upkeep
|turn|15
|
|t:|1769320376
|switch|p1a: Moltres|Moltres|100/100
|move|p2a: Slither Wing|Flare Blitz|p1a: Moltres
|-resisted|p1a: Moltres
|-damage|p1a: Moltres|49/100
|-status|p2a: Slither Wing|brn|[from] ability: Flame Body|[of] p1a: Moltres
|-damage|p2a: Slither Wing|33/100 brn|[from] Recoil
|
|-weather|SunnyDay|[upkeep]
|-damage|p2a: Slither Wing|27/100 brn|[from] brn
|upkeep
|turn|16
|
|t:|1769320386
|move|p1a: Moltres|Hurricane|p2a: Slither Wing|[miss]
|-miss|p1a: Moltres|p2a: Slither Wing
|move|p2a: Slither Wing|U-turn|p1a: Moltres
|-resisted|p1a: Moltres
|-damage|p1a: Moltres|41/100
|
|t:|1769320389
|-end|p2a: Slither Wing|Protosynthesis|[silent]
|switch|p2a: Walking Wake|Walking Wake|100/100|[from] U-turn
|-activate|p2a: Walking Wake|ability: Protosynthesis
|-start|p2a: Walking Wake|protosynthesisspa
|
|-weather|SunnyDay|[upkeep]
|upkeep
|turn|17
|
|t:|1769320398
|switch|p1a: Muk|Muk-Alola, M|64/100 par
|move|p2a: Walking Wake|Flamethrower|p1a: Muk
|-damage|p1a: Muk|27/100 par
|
|-weather|none
|-end|p2a: Walking Wake|Protosynthesis
|upkeep
|turn|18
|
|t:|1769320414
|-end|p2a: Walking Wake|Protosynthesis|[silent]
|switch|p2a: Ninetales|Ninetales, F|18/100
|-weather|SunnyDay|[from] ability: Drought|[of] p2a: Ninetales
|move|p1a: Muk|Knock Off|p2a: Ninetales
|-damage|p2a: Ninetales|0 fnt
|faint|p2a: Ninetales
|
|-weather|SunnyDay|[upkeep]
|upkeep
|
|t:|1769320417
|switch|p2a: Walking Wake|Walking Wake|100/100
|-activate|p2a: Walking Wake|ability: Protosynthesis
|-start|p2a: Walking Wake|protosynthesisspa
|turn|19
|
|t:|1769320429
|move|p2a: Walking Wake|Flamethrower|p1a: Muk
|-damage|p1a: Muk|0 fnt
|faint|p1a: Muk
|
|-weather|SunnyDay|[upkeep]
|upkeep
|
|t:|1769320435
|switch|p1a: Ogerpon|Ogerpon-Wellspring, F|100/100
|turn|20
|
|t:|1769320444
|-end|p2a: Walking Wake|Protosynthesis|[silent]
|switch|p2a: Bellossom|Bellossom, M|79/100
|move|p1a: Ogerpon|Horn Leech|p2a: Bellossom
|-resisted|p2a: Bellossom
|-damage|p2a: Bellossom|61/100
|
|-weather|SunnyDay|[upkeep]
|-heal|p2a: Bellossom|67/100|[from] item: Leftovers
|upkeep
|turn|21
|
|t:|1769320452
|move|p2a: Bellossom|Quiver Dance|p2a: Bellossom
|-boost|p2a: Bellossom|spa|1
|-boost|p2a: Bellossom|spd|1
|-boost|p2a: Bellossom|spe|1
|move|p1a: Ogerpon|U-turn|p2a: Bellossom
|-supereffective|p2a: Bellossom
|-damage|p2a: Bellossom|23/100
|
|t:|1769320459
|switch|p1a: Moltres|Moltres|41/100|[from] U-turn
|
|-weather|SunnyDay|[upkeep]
|-heal|p2a: Bellossom|29/100|[from] item: Leftovers
|upkeep
|turn|22
|
|t:|1769320468
|-terastallize|p2a: Bellossom|Fire
|move|p2a: Bellossom|Strength Sap|p1a: Moltres
|-unboost|p1a: Moltres|atk|1
|-heal|p2a: Bellossom|96/100
|move|p1a: Moltres|U-turn|p2a: Bellossom
|-resisted|p2a: Bellossom
|-crit|p2a: Bellossom
|-damage|p2a: Bellossom|87/100
|
|t:|1769320474
|switch|p1a: Ogerpon|Ogerpon-Wellspring, F|100/100|[from] U-turn
|
|-weather|none
|-heal|p2a: Bellossom|93/100|[from] item: Leftovers
|upkeep
|turn|23
|
|t:|1769320483
|move|p1a: Ogerpon|Ivy Cudgel|p2a: Bellossom|[anim] Ivy Cudgel Water
|-supereffective|p2a: Bellossom
|-damage|p2a: Bellossom|0 fnt
|faint|p2a: Bellossom
|
|upkeep
|
|t:|1769320488
|switch|p2a: Slither Wing|Slither Wing|27/100 brn
|turn|24
|
|t:|1769320504
|move|p2a: Slither Wing|First Impression|p1a: Ogerpon
|-supereffective|p1a: Ogerpon
|-damage|p1a: Ogerpon|27/100
|move|p1a: Ogerpon|Ivy Cudgel|p2a: Slither Wing|[anim] Ivy Cudgel Water
|-damage|p2a: Slither Wing|0 fnt
|faint|p2a: Slither Wing
|-end|p2a: Slither Wing|Protosynthesis|[silent]
|
|upkeep
|
|t:|1769320508
|switch|p2a: Great Tusk|Great Tusk|100/100
|turn|25
|
|t:|1769320512
|move|p1a: Ogerpon|Horn Leech|p2a: Great Tusk
|-supereffective|p2a: Great Tusk
|-damage|p2a: Great Tusk|48/100
|-heal|p1a: Ogerpon|65/100|[from] drain|[of] p2a: Great Tusk
|-damage|p1a: Ogerpon|48/100|[from] item: Rocky Helmet|[of] p2a: Great Tusk
|move|p2a: Great Tusk|Rapid Spin|p1a: Ogerpon
|-damage|p1a: Ogerpon|29/100
|-boost|p2a: Great Tusk|spe|1
|
|upkeep
|turn|26
|
|t:|1769320522
|move|p2a: Great Tusk|Ice Spinner|p1a: Ogerpon
|-crit|p1a: Ogerpon
|-damage|p1a: Ogerpon|0 fnt
|faint|p1a: Ogerpon
|
|upkeep
|
|t:|1769320524
|switch|p1a: Greninja|Greninja, M|100/100
|turn|27
|
|t:|1769320532
|move|p1a: Greninja|Water Shuriken|p2a: Great Tusk
|-supereffective|p2a: Great Tusk
|-damage|p2a: Great Tusk|28/100
|-supereffective|p2a: Great Tusk
|-damage|p2a: Great Tusk|10/100
|-supereffective|p2a: Great Tusk
|-damage|p2a: Great Tusk|0 fnt
|faint|p2a: Great Tusk
|-end|p2a: Great Tusk|Protosynthesis|[silent]
|-ability|p1a: Greninja|Battle Bond|boost
|-boost|p1a: Greninja|atk|1
|-boost|p1a: Greninja|spa|1
|-boost|p1a: Greninja|spe|1
|-activate|p1a: Greninja|ability: Battle Bond
|-hitcount|p2: Great Tusk|3
|
|upkeep
|
|t:|1769320536
|switch|p2a: Walking Wake|Walking Wake|100/100
|turn|28
|
|t:|1769320543
|move|p1a: Greninja|Dark Pulse|p2a: Walking Wake
|-damage|p2a: Walking Wake|29/100
|move|p2a: Walking Wake|Draco Meteor|p1a: Greninja|[miss]
|-miss|p2a: Walking Wake|p1a: Greninja
|
|upkeep
|turn|29
|-message|susanoo-no-okami forfeited.
|
|win|Nithhoggr
|raw|Nithhoggr's rating: 1294 &rarr; <strong>1316</strong><br />(+22 for winning)
|raw|susanoo-no-okami's rating: 1249 &rarr; <strong>1227</strong><br />(-22 for losing)
|l|☆susanoo-no-okami
|player|p2|
|l|☆Nithhoggr
|player|p1|
