|j|☆labeys
|j|☆suprya
|t:|1769368130
|gametype|singles
|player|p1|labeys|sordward|1678
|player|p2|suprya|wattson|1682
|gen|9
|tier|[Gen 9] OU
|rated|
|rule|HP Percentage Mod: HP is shown in percentages
|rule|Endless Battle Clause: Forcing endless battles is banned
|rule|Species Clause: Limit one of each Pokémon
|rule|OHKO Clause: OHKO moves are banned
|rule|Evasion Items Clause: Evasion items are banned
|rule|Evasion Moves Clause: Evasion moves are banned
|rule|Evasion Abilities Clause: Evasion abilities are banned
|rule|Sleep Moves Clause: Sleep-inducing moves are banned
|clearpoke
|poke|p1|Samurott-Hisui, F|
|poke|p1|Iron Treads|
|poke|p1|Iron Valiant|
|poke|p1|Zapdos|
|poke|p1|Iron Moth|
|poke|p1|Skeledirge, F|
|poke|p2|Pawmot, F|
|poke|p2|Dragonite, M|
|poke|p2|Corviknight, F|
|poke|p2|Ting-Lu|
|poke|p2|Dragapult, M|
|poke|p2|Clefable, M|
|teampreview
|inactive|Battle timer is ON: inactive players will automatically lose when time's up. (requested by suprya)
|inactive|labeys also wants the timer to be on.
|
|t:|1769368142
|teamsize|p1|6
|teamsize|p2|6
|start
|switch|p1a: Iron Moth|Iron Moth|100/100
|switch|p2a: Clefable|Clefable, M|100/100
|turn|1
|
|t:|1769368146
|-end|p1a: Iron Moth|Quark Drive|[silent]
|switch|p1a: Samurott|Samurott-Hisui, F|100/100
|switch|p2a: Ting-Lu|Ting-Lu|100/100
|-ability|p2a: Ting-Lu|Vessel of Ruin
|
|upkeep
|turn|2
|
|t:|1769368153
|move|p1a: Samurott|Razor Shell|p2a: Ting-Lu
|-supereffective|p2a: Ting-Lu
|-damage|p2a: Ting-Lu|18/100
|-unboost|p2a: Ting-Lu|def|1
|move|p2a: Ting-Lu|Earthquake|p1a: Samurott
|-damage|p1a: Samurott|50/100
|
|-heal|p2a: Ting-Lu|25/100|[from] item: Leftovers
|upkeep
|turn|3
|
|t:|1769368161
|switch|p2a: Corviknight|Corviknight, F, shiny|100/100
|-ability|p2a: Corviknight|Pressure
|move|p1a: Samurott|Razor Shell|p2a: Corviknight
|-crit|p2a: Corviknight
|-damage|p2a: Corviknight|33/100
|-unboost|p2a: Corviknight|def|1
|-damage|p1a: Samurott|34/100|[from] item: Rocky Helmet|[of] p2a: Corviknight
|
|upkeep
|turn|4
|
|t:|1769368164
|switch|p2a: Dragapult|Dragapult, M|100/100
|move|p1a: Samurott|Razor Shell|p2a: Dragapult
|-resisted|p2a: Dragapult
|-damage|p2a: Dragapult|51/100
|-unboost|p2a: Dragapult|def|1
|
|upkeep
|turn|5
|
|t:|1769368168
|switch|p1a: Zapdos|Zapdos|100/100
|move|p2a: Dragapult|U-turn|p1a: Zapdos
|-resisted|p1a: Zapdos
|-damage|p1a: Zapdos|94/100
|
|t:|1769368183
|switch|p2a: Ting-Lu|Ting-Lu|25/100|[from] U-turn
|-ability|p2a: Ting-Lu|Vessel of Ruin
|
|-heal|p2a: Ting-Lu|31/100|[from] item: Leftovers
|upkeep
|turn|6
|
|t:|1769368185
|switch|p1a: Iron Valiant|Iron Valiant|100/100
|move|p2a: Ting-Lu|Spikes|p1a: Iron Valiant
|-sidestart|p1: labeys|Spikes
|
|-heal|p2a: Ting-Lu|37/100|[from] item: Leftovers
|upkeep
|turn|7
|
|t:|1769368194
|switch|p2a: Clefable|Clefable, M|100/100
|move|p1a: Iron Valiant|Moonblast|p2a: Clefable
|-damage|p2a: Clefable|55/100
|-damage|p1a: Iron Valiant|91/100|[from] item: Life Orb
|
|-heal|p2a: Clefable|61/100|[from] item: Leftovers
|upkeep
|turn|8
|
|t:|1769368211
|-end|p1a: Iron Valiant|Quark Drive|[silent]
|switch|p1a: Iron Moth|Iron Moth|100/100
|-damage|p1a: Iron Moth|88/100|[from] Spikes
|switch|p2a: Ting-Lu|Ting-Lu|37/100
|-ability|p2a: Ting-Lu|Vessel of Ruin
|
|-heal|p2a: Ting-Lu|43/100|[from] item: Leftovers
|upkeep
|turn|9
|
|t:|1769368223
|move|p1a: Iron Moth|Dazzling Gleam|p2a: Ting-Lu
|-supereffective|p2a: Ting-Lu
|-damage|p2a: Ting-Lu|8/100
|move|p2a: Ting-Lu|Earthquake|p1a: Iron Moth
|-supereffective|p1a: Iron Moth
|-damage|p1a: Iron Moth|0 fnt
|faint|p1a: Iron Moth
|-end|p1a: Iron Moth|Quark Drive|[silent]
|
|-heal|p2a: Ting-Lu|15/100|[from] item: Leftovers
|upkeep
|
|t:|1769368228
|switch|p1a: Samurott|Samurott-Hisui, F|34/100
|-damage|p1a: Samurott|21/100|[from] Spikes
|turn|10
|
|t:|1769368238
|switch|p2a: Dragonite|Dragonite, M|100/100
|move|p1a: Samurott|Ceaseless Edge|p2a: Dragonite
|-damage|p2a: Dragonite|75/100
|-sidestart|p2: suprya|Spikes
|
|upkeep
|turn|11
|
|t:|1769368242
|switch|p1a: Skeledirge|Skeledirge, F|100/100
|-damage|p1a: Skeledirge|88/100|[from] Spikes
|move|p2a: Dragonite|Extreme Speed|p1a: Skeledirge
|-immune|p1a: Skeledirge
|
|-heal|p1a: Skeledirge|94/100|[from] item: Leftovers
|upkeep
|turn|12
|
|t:|1769368257
|move|p2a: Dragonite|Earthquake|p1a: Skeledirge
|-supereffective|p1a: Skeledirge
|-damage|p1a: Skeledirge|52/100
|move|p1a: Skeledirge|Will-O-Wisp|p2a: Dragonite
|-status|p2a: Dragonite|brn
|
|-heal|p1a: Skeledirge|58/100|[from] item: Leftovers
|-damage|p2a: Dragonite|69/100 brn|[from] brn
|upkeep
|turn|13
|
|t:|1769368266
|switch|p2a: Pawmot|Pawmot, F, shiny|100/100
|move|p1a: Skeledirge|Torch Song|p2a: Pawmot
|-damage|p2a: Pawmot|42/100
|-boost|p1a: Skeledirge|spa|1
|
|-heal|p1a: Skeledirge|64/100|[from] item: Leftovers
|upkeep
|turn|14
|j| unrated tilt
|j| 54 insane rats
|
|t:|1769368272
|-terastallize|p2a: Pawmot|Electric
|move|p2a: Pawmot|Double Shock|p1a: Skeledirge
|-damage|p1a: Skeledirge|19/100
|-start|p2a: Pawmot|typechange|Electric|[from] move: Double Shock
|move|p1a: Skeledirge|Torch Song|p2a: Pawmot
|-damage|p2a: Pawmot|0 fnt
|-boost|p1a: Skeledirge|spa|1
|faint|p2a: Pawmot
|
|-heal|p1a: Skeledirge|25/100|[from] item: Leftovers
|upkeep
|
|t:|1769368278
|switch|p2a: Dragapult|Dragapult, M|51/100
|turn|15
|l| 54 insane rats
|
|t:|1769368295
|switch|p1a: Iron Treads|Iron Treads|100/100
|move|p2a: Dragapult|Hex|p1a: Iron Treads
|-damage|p1a: Iron Treads|67/100
|
|upkeep
|turn|16
|
|t:|1769368301
|-end|p1a: Iron Treads|Quark Drive|[silent]
|switch|p1a: Zapdos|Zapdos|94/100
|move|p2a: Dragapult|Will-O-Wisp|p1a: Zapdos
|-status|p1a: Zapdos|brn
|
|-damage|p1a: Zapdos|88/100 brn|[from] brn
|upkeep
|turn|17
|
|t:|1769368314
|switch|p2a: Ting-Lu|Ting-Lu|15/100
|-damage|p2a: Ting-Lu|2/100|[from] Spikes
|-ability|p2a: Ting-Lu|Vessel of Ruin
|move|p1a: Zapdos|Hurricane|p2a: Ting-Lu|[miss]
|-miss|p1a: Zapdos|p2a: Ting-Lu
|
|-heal|p2a: Ting-Lu|8/100|[from] item: Leftovers
|-damage|p1a: Zapdos|82/100 brn|[from] brn
|upkeep
|turn|18
|
|t:|1769368320
|move|p1a: Zapdos|Hurricane|p2a: Ting-Lu
|-damage|p2a: Ting-Lu|0 fnt
|faint|p2a: Ting-Lu
|
|-damage|p1a: Zapdos|75/100 brn|[from] brn
|upkeep
|
|t:|1769368323
|switch|p2a: Clefable|Clefable, M|61/100
|turn|19
|
|t:|1769368327
|move|p1a: Zapdos|Volt Switch|p2a: Clefable
|-damage|p2a: Clefable|33/100
|
|t:|1769368329
|switch|p1a: Iron Treads|Iron Treads|67/100|[from] Volt Switch
|move|p2a: Clefable|Moonlight|p2a: Clefable
|-heal|p2a: Clefable|83/100
|
|-heal|p2a: Clefable|90/100|[from] item: Leftovers
|upkeep
|turn|20
|j| yadonenjoyer
|
|t:|1769368334
|-end|p1a: Iron Treads|Quark Drive|[silent]
|switch|p1a: Zapdos|Zapdos|75/100 brn
|move|p2a: Clefable|Moonblast|p1a: Zapdos
|-damage|p1a: Zapdos|44/100 brn
|-unboost|p1a: Zapdos|spa|1
|
|-heal|p2a: Clefable|96/100|[from] item: Leftovers
|-damage|p1a: Zapdos|38/100 brn|[from] brn
|upkeep
|turn|21
|
|t:|1769368339
|move|p1a: Zapdos|Hurricane|p2a: Clefable|[miss]
|-miss|p1a: Zapdos|p2a: Clefable
|move|p2a: Clefable|Stealth Rock|p1a: Zapdos
|-sidestart|p1: labeys|move: Stealth Rock
|
|-heal|p2a: Clefable|100/100|[from] item: Leftovers
|-damage|p1a: Zapdos|32/100 brn|[from] brn
|upkeep
|turn|22
|
|t:|1769368342
|move|p1a: Zapdos|Hurricane|p2a: Clefable
|-damage|p2a: Clefable|74/100
|move|p2a: Clefable|Moonblast|p1a: Zapdos
|-damage|p1a: Zapdos|0 fnt
|faint|p1a: Zapdos
|
|-heal|p2a: Clefable|80/100|[from] item: Leftovers
|upkeep
|
|t:|1769368345
|switch|p1a: Iron Treads|Iron Treads|67/100
|turn|23
|
|t:|1769368349
|move|p1a: Iron Treads|Knock Off|p2a: Clefable
|-resisted|p2a: Clefable
|-damage|p2a: Clefable|70/100
|-enditem|p2a: Clefable|Leftovers|[from] move: Knock Off|[of] p1a: Iron Treads
|move|p2a: Clefable|Moonblast|p1a: Iron Treads
|-resisted|p1a: Iron Treads
|-damage|p1a: Iron Treads|47/100
|-unboost|p1a: Iron Treads|spa|1
|
|upkeep
|turn|24
|
|t:|1769368354
|move|p1a: Iron Treads|Knock Off|p2a: Clefable
|-resisted|p2a: Clefable
|-damage|p2a: Clefable|63/100
|move|p2a: Clefable|Moonblast|p1a: Iron Treads
|-resisted|p1a: Iron Treads
|-damage|p1a: Iron Treads|28/100
|-unboost|p1a: Iron Treads|spa|1
|
|upkeep
|turn|25
|
|t:|1769368362
|switch|p2a: Dragapult|Dragapult, M|51/100
|move|p1a: Iron Treads|Knock Off|p2a: Dragapult
|-supereffective|p2a: Dragapult
|-damage|p2a: Dragapult|0 fnt
|-enditem|p2a: Dragapult|Heavy-Duty Boots|[from] move: Knock Off|[of] p1a: Iron Treads
|faint|p2a: Dragapult
|
|upkeep
|-message|suprya forfeited.
|
|win|labeys
|raw|labeys's rating: 1678 &rarr; <strong>1698</strong><br />(+20 for winning)
|raw|suprya's rating: 1682 &rarr; <strong>1662</strong><br />(-20 for losing)
|l|☆suprya
|player|p2|
|l| yadonenjoyer
|l|☆labeys
|player|p1|
|l| unrated tilt
