|j|☆Obling
|j|☆CambridgeFoulPlay
|t:|1769340148
|gametype|singles
|player|p1|Obling|player-go|1733
|player|p2|CambridgeFoulPlay|266|1690
|gen|9
|tier|[Gen 9] OU
|rated|
|rule|HP Percentage Mod: HP is shown in percentages
|rule|Endless Battle Clause: Forcing endless battles is banned
|rule|Species Clause: Limit one of each Pokémon
|rule|OHKO Clause: OHKO moves are banned
|rule|Evasion Items Clause: Evasion items are banned
|rule|Evasion Moves Clause: Evasion moves are banned
|rule|Evasion Abilities Clause: Evasion abilities are banned
|rule|Sleep Moves Clause: Sleep-inducing moves are banned
|clearpoke
|poke|p1|Deoxys-Speed|
|poke|p1|Dragonite, F|
|poke|p1|Iron Valiant|
|poke|p1|Kingambit, F|
|poke|p1|Cresselia, F|
|poke|p1|Walking Wake|
|poke|p2|Hydrapple, M|
|poke|p2|Tyranitar, F|
|poke|p2|Moltres|
|poke|p2|Zamazenta-*|
|poke|p2|Slowking-Galar, F|
|poke|p2|Excadrill, F|
|teampreview
|c|☆CambridgeFoulPlay|hf
|inactive|Battle timer is ON: inactive players will automatically lose when time's up. (requested by CambridgeFoulPlay)
|
|t:|1769340165
|teamsize|p1|6
|teamsize|p2|6
|start
|switch|p1a: Deoxys|Deoxys-Speed|100/100
|switch|p2a: Tyranitar|Tyranitar, F|100/100
|-ability|p1a: Deoxys|Pressure
|-weather|Sandstorm|[from] ability: Sand Stream|[of] p2a: Tyranitar
|turn|1
|
|t:|1769340167
|move|p1a: Deoxys|Stealth Rock|p2a: Tyranitar
|-sidestart|p2: CambridgeFoulPlay|move: Stealth Rock
|move|p2a: Tyranitar|Stealth Rock|p1a: Deoxys
|-sidestart|p1: Obling|move: Stealth Rock
|
|-weather|Sandstorm|[upkeep]
|-damage|p1a: Deoxys|94/100|[from] Sandstorm
|upkeep
|turn|2
|
|t:|1769340173
|move|p1a: Deoxys|Spikes|p2a: Tyranitar
|-sidestart|p2: CambridgeFoulPlay|Spikes
|move|p2a: Tyranitar|Knock Off|p1a: Deoxys
|-supereffective|p1a: Deoxys
|-damage|p1a: Deoxys|17/100
|-damage|p2a: Tyranitar|84/100|[from] item: Rocky Helmet|[of] p1a: Deoxys
|-enditem|p1a: Deoxys|Rocky Helmet|[from] move: Knock Off|[of] p2a: Tyranitar
|
|-weather|Sandstorm|[upkeep]
|-damage|p1a: Deoxys|10/100|[from] Sandstorm
|upkeep
|turn|3
|
|t:|1769340176
|switch|p2a: Excadrill|Excadrill, F|100/100
|-damage|p2a: Excadrill|97/100|[from] Stealth Rock
|-item|p2a: Excadrill|Air Balloon
|move|p1a: Deoxys|Spikes|p2a: Excadrill
|-sidestart|p2: CambridgeFoulPlay|Spikes
|
|-weather|Sandstorm|[upkeep]
|-damage|p1a: Deoxys|4/100|[from] Sandstorm
|upkeep
|turn|4
|
|t:|1769340180
|move|p2a: Excadrill|Rapid Spin|p1a: Deoxys
|-damage|p1a: Deoxys|0 fnt
|-boost|p2a: Excadrill|spe|1
|-sideend|p2: CambridgeFoulPlay|Spikes|[from] move: Rapid Spin|[of] p2a: Excadrill
|-sideend|p2: CambridgeFoulPlay|Stealth Rock|[from] move: Rapid Spin|[of] p2a: Excadrill
|faint|p1a: Deoxys
|
|-weather|Sandstorm|[upkeep]
|upkeep
|
|t:|1769340184
|switch|p1a: Walking Wake|Walking Wake|100/100
|-damage|p1a: Walking Wake|88/100|[from] Stealth Rock
|-enditem|p1a: Walking Wake|Booster Energy
|-activate|p1a: Walking Wake|ability: Protosynthesis|[fromitem]
|-start|p1a: Walking Wake|protosynthesisspa
|turn|5
|
|t:|1769340186
|move|p2a: Excadrill|Earthquake|p1a: Walking Wake
|-damage|p1a: Walking Wake|34/100
|move|p1a: Walking Wake|Surf|p2a: Excadrill
|-supereffective|p2a: Excadrill
|-damage|p2a: Excadrill|0 fnt
|-enditem|p2a: Excadrill|Air Balloon
|faint|p2a: Excadrill
|
|-weather|Sandstorm|[upkeep]
|-damage|p1a: Walking Wake|28/100|[from] Sandstorm
|upkeep
|
|t:|1769340189
|switch|p2a: Zamazenta|Zamazenta|100/100
|-ability|p2a: Zamazenta|Dauntless Shield|boost
|-boost|p2a: Zamazenta|def|1
|turn|6
|
|t:|1769340191
|move|p2a: Zamazenta|Body Press|p1a: Walking Wake
|-damage|p1a: Walking Wake|0 fnt
|faint|p1a: Walking Wake
|-end|p1a: Walking Wake|Protosynthesis|[silent]
|
|-weather|Sandstorm|[upkeep]
|-damage|p2a: Zamazenta|94/100|[from] Sandstorm
|-heal|p2a: Zamazenta|100/100|[from] item: Leftovers
|upkeep
|
|t:|1769340202
|switch|p1a: Cresselia|Cresselia, F|100/100
|-damage|p1a: Cresselia|88/100|[from] Stealth Rock
|turn|7
|j| Muk Sawk
|
|t:|1769340205
|move|p2a: Zamazenta|Crunch|p1a: Cresselia
|-supereffective|p1a: Cresselia
|-damage|p1a: Cresselia|66/100
|move|p1a: Cresselia|Moonblast|p2a: Zamazenta
|-supereffective|p2a: Zamazenta
|-damage|p2a: Zamazenta|69/100
|
|-weather|Sandstorm|[upkeep]
|-damage|p2a: Zamazenta|63/100|[from] Sandstorm
|-damage|p1a: Cresselia|60/100|[from] Sandstorm
|-heal|p2a: Zamazenta|69/100|[from] item: Leftovers
|-heal|p1a: Cresselia|66/100|[from] item: Leftovers
|upkeep
|turn|8
|
|t:|1769340208
|move|p1a: Cresselia|Moonblast|p2a: Zamazenta
|-supereffective|p2a: Zamazenta
|-damage|p2a: Zamazenta|36/100
|move|p2a: Zamazenta|Roar|p1a: Cresselia
|drag|p1a: Kingambit|Kingambit, F|100/100
|-damage|p1a: Kingambit|94/100|[from] Stealth Rock
|-activate|p1a: Kingambit|ability: Supreme Overlord
|-start|p1a: Kingambit|fallen2|[silent]
|
|-weather|none
|-heal|p2a: Zamazenta|42/100|[from] item: Leftovers
|upkeep
|turn|9
|j| Narwhale37
|
|t:|1769340213
|move|p1a: Kingambit|Iron Head|p2a: Zamazenta
|-damage|p2a: Zamazenta|11/100
|cant|p2a: Zamazenta|flinch
|
|-heal|p2a: Zamazenta|17/100|[from] item: Leftovers
|upkeep
|turn|10
|
|t:|1769340218
|-end|p1a: Kingambit|fallen2|[silent]
|switch|p1a: Cresselia|Cresselia, F|66/100
|-damage|p1a: Cresselia|53/100|[from] Stealth Rock
|move|p2a: Zamazenta|Body Press|p1a: Cresselia
|-resisted|p1a: Cresselia
|-crit|p1a: Cresselia
|-damage|p1a: Cresselia|32/100
|
|-heal|p2a: Zamazenta|23/100|[from] item: Leftovers
|-heal|p1a: Cresselia|38/100|[from] item: Leftovers
|upkeep
|turn|11
|
|t:|1769340220
|switch|p2a: Tyranitar|Tyranitar, F|84/100
|-weather|Sandstorm|[from] ability: Sand Stream|[of] p2a: Tyranitar
|move|p1a: Cresselia|Moonlight|p1a: Cresselia
|-heal|p1a: Cresselia|63/100
|
|-weather|Sandstorm|[upkeep]
|-damage|p1a: Cresselia|57/100|[from] Sandstorm
|-heal|p1a: Cresselia|63/100|[from] item: Leftovers
|upkeep
|turn|12
|
|t:|1769340225
|switch|p1a: Iron Valiant|Iron Valiant|100/100
|-damage|p1a: Iron Valiant|94/100|[from] Stealth Rock
|-enditem|p1a: Iron Valiant|Booster Energy
|-activate|p1a: Iron Valiant|ability: Quark Drive|[fromitem]
|-start|p1a: Iron Valiant|quarkdrivespe
|move|p2a: Tyranitar|Knock Off|p1a: Iron Valiant
|-resisted|p1a: Iron Valiant
|-damage|p1a: Iron Valiant|86/100
|
|-weather|Sandstorm|[upkeep]
|-damage|p1a: Iron Valiant|79/100|[from] Sandstorm
|upkeep
|turn|13
|
|t:|1769340230
|switch|p2a: Moltres|Moltres|100/100
|move|p1a: Iron Valiant|Swords Dance|p1a: Iron Valiant
|-boost|p1a: Iron Valiant|atk|2
|
|-weather|Sandstorm|[upkeep]
|-damage|p1a: Iron Valiant|73/100|[from] Sandstorm
|-damage|p2a: Moltres|94/100|[from] Sandstorm
|upkeep
|turn|14
|
|t:|1769340232
|move|p1a: Iron Valiant|Knock Off|p2a: Moltres
|-damage|p2a: Moltres|47/100
|-enditem|p2a: Moltres|Heavy-Duty Boots|[from] move: Knock Off|[of] p1a: Iron Valiant
|move|p2a: Moltres|Flamethrower|p1a: Iron Valiant
|-damage|p1a: Iron Valiant|4/100
|
|-weather|Sandstorm|[upkeep]
|-damage|p1a: Iron Valiant|0 fnt|[from] Sandstorm
|-damage|p2a: Moltres|41/100|[from] Sandstorm
|faint|p1a: Iron Valiant
|-end|p1a: Iron Valiant|Quark Drive|[silent]
|upkeep
|
|t:|1769340239
|switch|p1a: Dragonite|Dragonite, F|100/100
|turn|15
|
|t:|1769340241
|move|p1a: Dragonite|Dragon Dance|p1a: Dragonite
|-boost|p1a: Dragonite|atk|1
|-boost|p1a: Dragonite|spe|1
|move|p2a: Moltres|Roost|p2a: Moltres
|-heal|p2a: Moltres|91/100
|-singleturn|p2a: Moltres|move: Roost
|
|-weather|Sandstorm|[upkeep]
|-damage|p1a: Dragonite|94/100|[from] Sandstorm
|-damage|p2a: Moltres|85/100|[from] Sandstorm
|upkeep
|turn|16
|
|t:|1769340244
|move|p1a: Dragonite|Ice Spinner|p2a: Moltres
|-damage|p2a: Moltres|56/100
|-status|p1a: Dragonite|brn|[from] ability: Flame Body|[of] p2a: Moltres
|move|p2a: Moltres|Roar|p1a: Dragonite
|drag|p1a: Cresselia|Cresselia, F|63/100
|-damage|p1a: Cresselia|51/100|[from] Stealth Rock
|
|-weather|Sandstorm|[upkeep]
|-damage|p2a: Moltres|50/100|[from] Sandstorm
|-damage|p1a: Cresselia|45/100|[from] Sandstorm
|-heal|p1a: Cresselia|51/100|[from] item: Leftovers
|upkeep
|turn|17
|
|t:|1769340248
|switch|p1a: Dragonite|Dragonite, F|94/100 brn
|move|p2a: Moltres|Roost|p2a: Moltres
|-heal|p2a: Moltres|99/100
|-singleturn|p2a: Moltres|move: Roost
|
|-weather|Sandstorm|[upkeep]
|-damage|p1a: Dragonite|88/100 brn|[from] Sandstorm
|-damage|p2a: Moltres|94/100|[from] Sandstorm
|-damage|p1a: Dragonite|82/100 brn|[from] brn
|upkeep
|turn|18
|
|t:|1769340250
|move|p1a: Dragonite|Dragon Dance|p1a: Dragonite
|-boost|p1a: Dragonite|atk|1
|-boost|p1a: Dragonite|spe|1
|move|p2a: Moltres|Flamethrower|p1a: Dragonite
|-resisted|p1a: Dragonite
|-damage|p1a: Dragonite|62/100 brn
|
|-weather|none
|-damage|p1a: Dragonite|56/100 brn|[from] brn
|upkeep
|turn|19
|
|t:|1769340253
|move|p1a: Dragonite|Ice Spinner|p2a: Moltres
|-damage|p2a: Moltres|79/100
|move|p2a: Moltres|Flamethrower|p1a: Dragonite
|-resisted|p1a: Dragonite
|-damage|p1a: Dragonite|35/100 brn
|
|-damage|p1a: Dragonite|29/100 brn|[from] brn
|upkeep
|turn|20
|
|t:|1769340257
|move|p1a: Dragonite|Ice Spinner|p2a: Moltres
|-damage|p2a: Moltres|62/100
|move|p2a: Moltres|Flamethrower|p1a: Dragonite
|-resisted|p1a: Dragonite
|-damage|p1a: Dragonite|8/100 brn
|
|-damage|p1a: Dragonite|2/100 brn|[from] brn
|upkeep
|turn|21
|
|t:|1769340260
|move|p1a: Dragonite|Ice Spinner|p2a: Moltres
|-damage|p2a: Moltres|47/100
|move|p2a: Moltres|Roost|p2a: Moltres
|-heal|p2a: Moltres|97/100
|-singleturn|p2a: Moltres|move: Roost
|
|-damage|p1a: Dragonite|0 fnt|[from] brn
|faint|p1a: Dragonite
|upkeep
|
|t:|1769340264
|switch|p1a: Kingambit|Kingambit, F|94/100
|-damage|p1a: Kingambit|88/100|[from] Stealth Rock
|-activate|p1a: Kingambit|ability: Supreme Overlord
|-start|p1a: Kingambit|fallen4|[silent]
|turn|22
|
|t:|1769340267
|move|p2a: Moltres|Flamethrower|p1a: Kingambit
|-supereffective|p1a: Kingambit
|-damage|p1a: Kingambit|21/100
|move|p1a: Kingambit|Kowtow Cleave|p2a: Moltres
|-damage|p2a: Moltres|41/100
|
|upkeep
|turn|23
|
|t:|1769340271
|move|p2a: Moltres|Roost|p2a: Moltres
|-heal|p2a: Moltres|91/100
|-singleturn|p2a: Moltres|move: Roost
|move|p1a: Kingambit|Swords Dance|p1a: Kingambit
|-boost|p1a: Kingambit|atk|2
|
|upkeep
|turn|24
|
|t:|1769340273
|-terastallize|p2a: Moltres|Fairy
|move|p1a: Kingambit|Sucker Punch|p2a: Moltres
|-resisted|p2a: Moltres
|-damage|p2a: Moltres|40/100
|move|p2a: Moltres|Flamethrower|p1a: Kingambit
|-supereffective|p1a: Kingambit
|-damage|p1a: Kingambit|0 fnt
|faint|p1a: Kingambit
|-end|p1a: Kingambit|fallen4|[silent]
|
|upkeep
|
|t:|1769340277
|switch|p1a: Cresselia|Cresselia, F|51/100
|-damage|p1a: Cresselia|38/100|[from] Stealth Rock
|turn|25
|
|t:|1769340279
|move|p2a: Moltres|U-turn|p1a: Cresselia
|-supereffective|p1a: Cresselia
|-damage|p1a: Cresselia|24/100
|
|t:|1769340282
|switch|p2a: Tyranitar|Tyranitar, F|84/100|[from] U-turn
|-weather|Sandstorm|[from] ability: Sand Stream|[of] p2a: Tyranitar
|move|p1a: Cresselia|Moonlight|p1a: Cresselia
|-heal|p1a: Cresselia|49/100
|
|-weather|Sandstorm|[upkeep]
|-damage|p1a: Cresselia|43/100|[from] Sandstorm
|-heal|p1a: Cresselia|49/100|[from] item: Leftovers
|upkeep
|turn|26
|
|t:|1769340285
|-terastallize|p1a: Cresselia|Poison
|move|p1a: Cresselia|Moonlight|p1a: Cresselia
|-heal|p1a: Cresselia|74/100
|move|p2a: Tyranitar|Knock Off|p1a: Cresselia
|-damage|p1a: Cresselia|53/100
|-enditem|p1a: Cresselia|Leftovers|[from] move: Knock Off|[of] p2a: Tyranitar
|
|-weather|Sandstorm|[upkeep]
|-damage|p1a: Cresselia|47/100|[from] Sandstorm
|upkeep
|turn|27
|
|t:|1769340292
|switch|p2a: Slowking|Slowking-Galar, F|100/100
|move|p1a: Cresselia|Moonlight|p1a: Cresselia
|-heal|p1a: Cresselia|72/100
|
|-weather|Sandstorm|[upkeep]
|-damage|p1a: Cresselia|66/100|[from] Sandstorm
|-damage|p2a: Slowking|94/100|[from] Sandstorm
|upkeep
|turn|28
|
|t:|1769340294
|move|p1a: Cresselia|Calm Mind|p1a: Cresselia
|-boost|p1a: Cresselia|spa|1
|-boost|p1a: Cresselia|spd|1
|move|p2a: Slowking|Psyshock|p1a: Cresselia
|-supereffective|p1a: Cresselia
|-damage|p1a: Cresselia|33/100
|
|-weather|Sandstorm|[upkeep]
|-damage|p1a: Cresselia|27/100|[from] Sandstorm
|-damage|p2a: Slowking|88/100|[from] Sandstorm
|upkeep
|turn|29
|
|t:|1769340297
|move|p1a: Cresselia|Moonlight|p1a: Cresselia
|-heal|p1a: Cresselia|52/100
|move|p2a: Slowking|Psyshock|p1a: Cresselia
|-supereffective|p1a: Cresselia
|-damage|p1a: Cresselia|22/100
|
|-weather|Sandstorm|[upkeep]
|-damage|p1a: Cresselia|16/100|[from] Sandstorm
|-damage|p2a: Slowking|82/100|[from] Sandstorm
|upkeep
|turn|30
|
|t:|1769340300
|move|p1a: Cresselia|Moonlight|p1a: Cresselia
|-heal|p1a: Cresselia|41/100
|move|p2a: Slowking|Psyshock|p1a: Cresselia
|-supereffective|p1a: Cresselia
|-damage|p1a: Cresselia|10/100
|
|-weather|Sandstorm|[upkeep]
|-damage|p1a: Cresselia|4/100|[from] Sandstorm
|-damage|p2a: Slowking|76/100|[from] Sandstorm
|upkeep
|turn|31
|-message|Obling forfeited.
|
|win|CambridgeFoulPlay
|raw|Obling's rating: 1733 &rarr; <strong>1711</strong><br />(-22 for losing)
|raw|CambridgeFoulPlay's rating: 1690 &rarr; <strong>1712</strong><br />(+22 for winning)
|c|☆CambridgeFoulPlay|gg
|l|☆Obling
|player|p1|
|l|☆CambridgeFoulPlay
|player|p2|
|l| Narwhale37
