|j|☆Clair117
|j|☆LaportaPotty
|t:|1769325230
|gametype|singles
|player|p1|Clair117|courtney|1526
|player|p2|LaportaPotty|169|1406
|gen|9
|tier|[Gen 9] OU
|rated|
|rule|HP Percentage Mod: HP is shown in percentages
|rule|Endless Battle Clause: Forcing endless battles is banned
|rule|Species Clause: Limit one of each Pokémon
|rule|OHKO Clause: OHKO moves are banned
|rule|Evasion Items Clause: Evasion items are banned
|rule|Evasion Moves Clause: Evasion moves are banned
|rule|Evasion Abilities Clause: Evasion abilities are banned
|rule|Sleep Moves Clause: Sleep-inducing moves are banned
|clearpoke
|poke|p1|Polteageist|
|poke|p1|Indeedee, M|
|poke|p1|Great Tusk|
|poke|p1|Ogerpon-Wellspring, F|
|poke|p1|Skarmory, F|
|poke|p1|Muk-Alola, F|
|poke|p2|Okidogi, M|
|poke|p2|Raging Bolt|
|poke|p2|Moltres|
|poke|p2|Sinistcha|
|poke|p2|Iron Treads|
|poke|p2|Darkrai|
|teampreview
|
|t:|1769325237
|teamsize|p1|6
|teamsize|p2|6
|start
|switch|p1a: Muk Monday|Muk-Alola, F|100/100
|switch|p2a: Darkrai|Darkrai|100/100
|turn|1
|
|t:|1769325242
|switch|p2a: Iron Treads|Iron Treads|100/100
|-singleturn|p1a: Muk Monday|move: Focus Punch
|move|p1a: Muk Monday|Focus Punch|p2a: Iron Treads
|-supereffective|p2a: Iron Treads
|-damage|p2a: Iron Treads|18/100
|
|upkeep
|turn|2
|
|t:|1769325250
|switch|p1a: Skarmory|Skarmory, F|100/100
|move|p2a: Iron Treads|Stealth Rock|p1a: Skarmory
|-sidestart|p1: Clair117|move: Stealth Rock
|
|upkeep
|turn|3
|
|t:|1769325255
|-end|p2a: Iron Treads|Quark Drive|[silent]
|switch|p2a: Moltres|Moltres|100/100
|move|p1a: Skarmory|Spikes|p2a: Moltres
|-sidestart|p2: LaportaPotty|Spikes
|
|upkeep
|turn|4
|
|t:|1769325262
|move|p2a: Moltres|Will-O-Wisp|p1a: Skarmory|[miss]
|-miss|p2a: Moltres|p1a: Skarmory
|move|p1a: Skarmory|Whirlwind|p2a: Moltres
|drag|p2a: Okidogi|Okidogi, M|100/100
|-damage|p2a: Okidogi|88/100|[from] Spikes
|
|upkeep
|turn|5
|
|t:|1769325267
|switch|p2a: Moltres|Moltres|100/100
|move|p1a: Skarmory|Brave Bird|p2a: Moltres
|-damage|p2a: Moltres|78/100
|-damage|p1a: Skarmory|92/100|[from] Recoil
|
|upkeep
|turn|6
|
|t:|1769325274
|move|p2a: Moltres|Flamethrower|p1a: Skarmory
|-supereffective|p1a: Skarmory
|-damage|p1a: Skarmory|0 fnt
|faint|p1a: Skarmory
|
|upkeep
|
|t:|1769325279
|switch|p1a: Ogerpon|Ogerpon-Wellspring, F|100/100
|-damage|p1a: Ogerpon|88/100|[from] Stealth Rock
|turn|7
|
|t:|1769325283
|-terastallize|p2a: Moltres|Steel
|move|p1a: Ogerpon|Ivy Cudgel|p2a: Moltres|[anim] Ivy Cudgel Water
|-damage|p2a: Moltres|36/100
|move|p2a: Moltres|Will-O-Wisp|p1a: Ogerpon|[miss]
|-miss|p2a: Moltres|p1a: Ogerpon
|
|upkeep
|turn|8
|
|t:|1769325290
|move|p1a: Ogerpon|Ivy Cudgel|p2a: Moltres|[anim] Ivy Cudgel Water
|-damage|p2a: Moltres|0 fnt
|faint|p2a: Moltres
|
|upkeep
|
|t:|1769325293
|switch|p2a: Sinistcha|Sinistcha|100/100
|turn|9
|
|t:|1769325296
|move|p1a: Ogerpon|Knock Off|p2a: Sinistcha
|-supereffective|p2a: Sinistcha
|-damage|p2a: Sinistcha|52/100
|-enditem|p2a: Sinistcha|Heavy-Duty Boots|[from] move: Knock Off|[of] p1a: Ogerpon
|move|p2a: Sinistcha|Matcha Gotcha|p1a: Ogerpon
|-damage|p1a: Ogerpon|49/100
|-heal|p2a: Sinistcha|69/100|[from] drain|[of] p1a: Ogerpon
|
|upkeep
|turn|10
|
|t:|1769325304
|move|p1a: Ogerpon|Knock Off|p2a: Sinistcha
|-supereffective|p2a: Sinistcha
|-damage|p2a: Sinistcha|37/100
|move|p2a: Sinistcha|Matcha Gotcha|p1a: Ogerpon
|-damage|p1a: Ogerpon|13/100
|-heal|p2a: Sinistcha|53/100|[from] drain|[of] p1a: Ogerpon
|
|upkeep
|turn|11
|
|t:|1769325307
|move|p1a: Ogerpon|Knock Off|p2a: Sinistcha
|-supereffective|p2a: Sinistcha
|-crit|p2a: Sinistcha
|-damage|p2a: Sinistcha|0 fnt
|faint|p2a: Sinistcha
|
|upkeep
|
|t:|1769325309
|switch|p2a: Darkrai|Darkrai|100/100
|turn|12
|
|t:|1769325311
|move|p2a: Darkrai|Dark Pulse|p1a: Ogerpon
|-damage|p1a: Ogerpon|0 fnt
|faint|p1a: Ogerpon
|
|upkeep
|
|t:|1769325317
|switch|p1a: Muk Monday|Muk-Alola, F|100/100
|-damage|p1a: Muk Monday|88/100|[from] Stealth Rock
|turn|13
|
|t:|1769325321
|switch|p2a: Iron Treads|Iron Treads|18/100
|move|p1a: Muk Monday|Ice Punch|p2a: Iron Treads
|-damage|p2a: Iron Treads|0 fnt
|faint|p2a: Iron Treads
|-end|p2a: Iron Treads|Quark Drive|[silent]
|
|upkeep
|
|t:|1769325325
|switch|p2a: Okidogi|Okidogi, M|88/100
|-damage|p2a: Okidogi|76/100|[from] Spikes
|turn|14
|
|t:|1769325328
|move|p2a: Okidogi|Drain Punch|p1a: Muk Monday
|-damage|p1a: Muk Monday|47/100
|-heal|p2a: Okidogi|98/100|[from] drain|[of] p1a: Muk Monday
|move|p1a: Muk Monday|Knock Off|p2a: Okidogi
|-resisted|p2a: Okidogi
|-damage|p2a: Okidogi|81/100
|-enditem|p2a: Okidogi|Assault Vest|[from] move: Knock Off|[of] p1a: Muk Monday
|
|upkeep
|turn|15
|
|t:|1769325338
|move|p2a: Okidogi|Knock Off|p1a: Muk Monday
|-resisted|p1a: Muk Monday
|-damage|p1a: Muk Monday|30/100
|-enditem|p1a: Muk Monday|Assault Vest|[from] move: Knock Off|[of] p2a: Okidogi
|move|p1a: Muk Monday|Gunk Shot|p2a: Okidogi
|-resisted|p2a: Okidogi
|-damage|p2a: Okidogi|57/100
|
|upkeep
|turn|16
|
|t:|1769325342
|move|p2a: Okidogi|Drain Punch|p1a: Muk Monday
|-damage|p1a: Muk Monday|0 fnt
|-heal|p2a: Okidogi|73/100|[from] drain|[of] p1a: Muk Monday
|faint|p1a: Muk Monday
|
|upkeep
|
|t:|1769325344
|switch|p1a: Great Tusk|Great Tusk|100/100
|-damage|p1a: Great Tusk|98/100|[from] Stealth Rock
|turn|17
|
|t:|1769325349
|move|p1a: Great Tusk|Rapid Spin|p2a: Okidogi
|-damage|p2a: Okidogi|62/100
|-boost|p1a: Great Tusk|spe|1
|-sideend|p1: Clair117|Stealth Rock|[from] move: Rapid Spin|[of] p1a: Great Tusk
|move|p2a: Okidogi|Ice Punch|p1a: Great Tusk
|-supereffective|p1a: Great Tusk
|-damage|p1a: Great Tusk|63/100
|-damage|p2a: Okidogi|45/100|[from] item: Rocky Helmet|[of] p1a: Great Tusk
|
|upkeep
|turn|18
|
|t:|1769325356
|-end|p1a: Great Tusk|Protosynthesis|[silent]
|switch|p1a: HonestMidsMichael|Indeedee, M|100/100
|-fieldstart|move: Psychic Terrain|[from] ability: Psychic Surge|[of] p1a: HonestMidsMichael
|move|p2a: Okidogi|Ice Punch|p1a: HonestMidsMichael
|-damage|p1a: HonestMidsMichael|36/100
|
|upkeep
|turn|19
|
|t:|1769325363
|switch|p2a: Darkrai|Darkrai|100/100
|move|p1a: HonestMidsMichael|Healing Wish|p1a: HonestMidsMichael
|faint|p1a: HonestMidsMichael
|
|upkeep
|
|t:|1769325365
|switch|p1a: 22+ Frames|Polteageist|100/100
|turn|20
|
|t:|1769325369
|move|p2a: Darkrai|Knock Off|p1a: 22+ Frames
|-supereffective|p1a: 22+ Frames
|-enditem|p1a: 22+ Frames|Focus Sash
|-damage|p1a: 22+ Frames|1/100
|-ability|p1a: 22+ Frames|Weak Armor|boost
|-unboost|p1a: 22+ Frames|def|1
|-boost|p1a: 22+ Frames|spe|2
|move|p1a: 22+ Frames|Shell Smash|p1a: 22+ Frames
|-unboost|p1a: 22+ Frames|def|1
|-unboost|p1a: 22+ Frames|spd|1
|-boost|p1a: 22+ Frames|atk|2
|-boost|p1a: 22+ Frames|spa|2
|-boost|p1a: 22+ Frames|spe|2
|
|upkeep
|turn|21
|
|t:|1769325374
|switch|p2a: Okidogi|Okidogi, M|45/100
|-damage|p2a: Okidogi|33/100|[from] Spikes
|-terastallize|p1a: 22+ Frames|Fighting
|move|p1a: 22+ Frames|Tera Blast|p2a: Okidogi|[anim] Tera Blast Fighting
|-resisted|p2a: Okidogi
|-damage|p2a: Okidogi|0 fnt
|faint|p2a: Okidogi
|
|upkeep
|
|t:|1769325379
|switch|p2a: Darkrai|Darkrai|100/100
|turn|22
|
|t:|1769325383
|move|p1a: 22+ Frames|Tera Blast|p2a: Darkrai|[anim] Tera Blast Fighting
|-supereffective|p2a: Darkrai
|-damage|p2a: Darkrai|0 fnt
|faint|p2a: Darkrai
|
|upkeep
|
|t:|1769325385
|switch|p2a: Raging Bolt|Raging Bolt|100/100
|-damage|p2a: Raging Bolt|88/100|[from] Spikes
|-enditem|p2a: Raging Bolt|Booster Energy
|-activate|p2a: Raging Bolt|ability: Protosynthesis|[fromitem]
|-start|p2a: Raging Bolt|protosynthesisspa
|turn|23
|
|t:|1769325388
|move|p1a: 22+ Frames|Tera Blast|p2a: Raging Bolt|[anim] Tera Blast Fighting
|-damage|p2a: Raging Bolt|2/100
|move|p2a: Raging Bolt|Thunderbolt|p1a: 22+ Frames
|-damage|p1a: 22+ Frames|0 fnt
|faint|p1a: 22+ Frames
|
|upkeep
|
|t:|1769325390
|switch|p1a: Great Tusk|Great Tusk|63/100
|-heal|p1a: Great Tusk|100/100|[from] move: Healing Wish
|turn|24
|
|t:|1769325392
|move|p1a: Great Tusk|Ice Spinner|p2a: Raging Bolt
|-supereffective|p2a: Raging Bolt
|-damage|p2a: Raging Bolt|0 fnt
|-fieldend|move: Psychic Terrain
|faint|p2a: Raging Bolt
|-end|p2a: Raging Bolt|Protosynthesis|[silent]
|
|win|Clair117
|raw|Clair117's rating: 1526 &rarr; <strong>1539</strong><br />(+13 for winning)
|raw|LaportaPotty's rating: 1406 &rarr; <strong>1393</strong><br />(-13 for losing)
|l|☆LaportaPotty
|player|p2|
|l|☆Clair117
|player|p1|
|j|☆Clair117
|player|p1|Clair117|courtney|
|l|☆Clair117
|player|p1|
