|j|☆Rubicouss
|j|☆AliImtiaz
|t:|1769408305
|gametype|singles
|player|p1|Rubicouss|gambler|1251
|player|p2|AliImtiaz|red|1216
|gen|9
|tier|[Gen 9] OU
|rated|
|rule|HP Percentage Mod: HP is shown in percentages
|rule|Endless Battle Clause: Forcing endless battles is banned
|rule|Species Clause: Limit one of each Pokémon
|rule|OHKO Clause: OHKO moves are banned
|rule|Evasion Items Clause: Evasion items are banned
|rule|Evasion Moves Clause: Evasion moves are banned
|rule|Evasion Abilities Clause: Evasion abilities are banned
|rule|Sleep Moves Clause: Sleep-inducing moves are banned
|clearpoke
|poke|p1|Torkoal, M|
|poke|p1|Brute Bonnet|
|poke|p1|Alomomola, F|
|poke|p1|Blissey, F|
|poke|p1|Great Tusk|
|poke|p1|Gholdengo|
|poke|p2|Zoroark-Hisui, F|
|poke|p2|Iron Treads|
|poke|p2|Zapdos|
|poke|p2|Dragonite, M|
|poke|p2|Pecharunt|
|poke|p2|Infernape, M|
|teampreview
|
|t:|1769408331
|teamsize|p1|6
|teamsize|p2|6
|start
|switch|p1a: Torkoal|Torkoal, M|100/100
|switch|p2a: Pecharunt|Pecharunt|100/100
|-weather|SunnyDay|[from] ability: Drought|[of] p1a: Torkoal
|turn|1
|
|t:|1769408339
|move|p2a: Pecharunt|Malignant Chain|p1a: Torkoal
|-damage|p1a: Torkoal|62/100
|move|p1a: Torkoal|Stealth Rock|p2a: Pecharunt
|-sidestart|p2: AliImtiaz|move: Stealth Rock
|
|-weather|SunnyDay|[upkeep]
|upkeep
|turn|2
|
|t:|1769408353
|switch|p1a: Blissey|Blissey, F|100/100
|move|p2a: Pecharunt|Malignant Chain|p1a: Blissey
|-damage|p1a: Blissey|85/100
|-status|p1a: Blissey|tox
|-start|p1a: Blissey|confusion|[from] ability: Poison Puppeteer|[of] p2a: Pecharunt
|
|-weather|SunnyDay|[upkeep]
|-heal|p1a: Blissey|91/100 tox|[from] item: Leftovers
|-damage|p1a: Blissey|85/100 tox|[from] psn
|upkeep
|turn|3
|
|t:|1769408364
|switch|p2a: Iron Treads|Iron Treads|100/100
|-damage|p2a: Iron Treads|97/100|[from] Stealth Rock
|-enditem|p2a: Iron Treads|Booster Energy
|-activate|p2a: Iron Treads|ability: Quark Drive|[fromitem]
|-start|p2a: Iron Treads|quarkdrivespe
|-curestatus|p1a: Blissey|tox|[from] ability: Natural Cure
|switch|p1a: Alomomola|Alomomola, F|100/100
|
|-weather|SunnyDay|[upkeep]
|upkeep
|turn|4
|
|t:|1769408384
|move|p2a: Iron Treads|Rapid Spin|p1a: Alomomola
|-damage|p1a: Alomomola|93/100
|-boost|p2a: Iron Treads|spe|1
|-damage|p2a: Iron Treads|81/100|[from] item: Rocky Helmet|[of] p1a: Alomomola
|-sideend|p2: AliImtiaz|Stealth Rock|[from] move: Rapid Spin|[of] p2a: Iron Treads
|move|p1a: Alomomola|Flip Turn|p2a: Iron Treads
|-supereffective|p2a: Iron Treads
|-damage|p2a: Iron Treads|66/100
|
|t:|1769408423
|switch|p1a: Brute Bonnet|Brute Bonnet|100/100|[from] Flip Turn
|-activate|p1a: Brute Bonnet|ability: Protosynthesis
|-start|p1a: Brute Bonnet|protosynthesisatk
|
|-weather|SunnyDay|[upkeep]
|upkeep
|turn|5
|
|t:|1769408440
|move|p2a: Iron Treads|Ice Spinner|p1a: Brute Bonnet
|-supereffective|p1a: Brute Bonnet
|-damage|p1a: Brute Bonnet|67/100
|move|p1a: Brute Bonnet|Bullet Seed|p2a: Iron Treads
|-damage|p2a: Iron Treads|52/100
|-damage|p2a: Iron Treads|37/100
|-damage|p2a: Iron Treads|23/100
|-damage|p2a: Iron Treads|8/100
|-damage|p2a: Iron Treads|0 fnt
|faint|p2a: Iron Treads
|-end|p2a: Iron Treads|Quark Drive|[silent]
|-hitcount|p2: Iron Treads|5
|
|-weather|SunnyDay|[upkeep]
|upkeep
|
|t:|1769408446
|switch|p2a: Infernape|Infernape, M|100/100
|turn|6
|
|t:|1769408453
|-end|p1a: Brute Bonnet|Protosynthesis|[silent]
|switch|p1a: Alomomola|Alomomola, F|100/100
|move|p2a: Infernape|Fire Punch|p1a: Alomomola
|-resisted|p1a: Alomomola
|-damage|p1a: Alomomola|84/100
|-damage|p2a: Infernape|84/100|[from] item: Rocky Helmet|[of] p1a: Alomomola
|
|-weather|SunnyDay|[upkeep]
|upkeep
|turn|7
|
|t:|1769408459
|switch|p2a: Zapdos|Zapdos|100/100
|move|p1a: Alomomola|Flip Turn|p2a: Zapdos
|-damage|p2a: Zapdos|91/100
|-status|p1a: Alomomola|par|[from] ability: Static|[of] p2a: Zapdos
|
|t:|1769408475
|switch|p1a: Blissey|Blissey, F|85/100|[from] Flip Turn
|
|-weather|SunnyDay|[upkeep]
|-heal|p1a: Blissey|91/100|[from] item: Leftovers
|upkeep
|turn|8
|
|t:|1769408479
|move|p2a: Zapdos|Volt Switch|p1a: Blissey
|-damage|p1a: Blissey|79/100
|
|t:|1769408483
|switch|p2a: Pecharunt|Pecharunt|100/100|[from] Volt Switch
|move|p1a: Blissey|Heal Bell|p1a: Blissey
|-activate|p1a: Blissey|move: Heal Bell
|-curestatus|p1: Alomomola|par|[msg]
|
|-weather|none
|-heal|p1a: Blissey|85/100|[from] item: Leftovers
|upkeep
|turn|9
|
|t:|1769408493
|switch|p1a: Gholdengo|Gholdengo|100/100
|-item|p1a: Gholdengo|Air Balloon
|move|p2a: Pecharunt|Malignant Chain|p1a: Gholdengo
|-immune|p1a: Gholdengo
|
|upkeep
|turn|10
|
|t:|1769408499
|move|p1a: Gholdengo|Shadow Ball|p2a: Pecharunt
|-supereffective|p2a: Pecharunt
|-damage|p2a: Pecharunt|19/100
|move|p2a: Pecharunt|Destiny Bond|p2a: Pecharunt
|-singlemove|p2a: Pecharunt|Destiny Bond
|
|-heal|p2a: Pecharunt|25/100|[from] item: Black Sludge
|upkeep
|turn|11
|
|t:|1769408513
|switch|p1a: Blissey|Blissey, F|85/100
|move|p2a: Pecharunt|Shadow Ball|p1a: Blissey
|-immune|p1a: Blissey
|
|-heal|p2a: Pecharunt|31/100|[from] item: Black Sludge
|-heal|p1a: Blissey|91/100|[from] item: Leftovers
|upkeep
|turn|12
|
|t:|1769408526
|switch|p1a: Torkoal|Torkoal, M|62/100
|-weather|SunnyDay|[from] ability: Drought|[of] p1a: Torkoal
|move|p2a: Pecharunt|Recover|p2a: Pecharunt
|-heal|p2a: Pecharunt|81/100
|
|-weather|SunnyDay|[upkeep]
|-heal|p2a: Pecharunt|87/100|[from] item: Black Sludge
|upkeep
|turn|13
|
|t:|1769408535
|switch|p1a: Gholdengo|Gholdengo|100/100
|-item|p1a: Gholdengo|Air Balloon
|move|p2a: Pecharunt|Malignant Chain|p1a: Gholdengo
|-immune|p1a: Gholdengo
|
|-weather|SunnyDay|[upkeep]
|-heal|p2a: Pecharunt|93/100|[from] item: Black Sludge
|upkeep
|turn|14
|
|t:|1769408542
|move|p1a: Gholdengo|Shadow Ball|p2a: Pecharunt
|-supereffective|p2a: Pecharunt
|-damage|p2a: Pecharunt|19/100
|move|p2a: Pecharunt|Destiny Bond|p2a: Pecharunt
|-singlemove|p2a: Pecharunt|Destiny Bond
|
|-weather|SunnyDay|[upkeep]
|-heal|p2a: Pecharunt|25/100|[from] item: Black Sludge
|upkeep
|turn|15
|
|t:|1769408551
|switch|p1a: Brute Bonnet|Brute Bonnet|67/100
|-activate|p1a: Brute Bonnet|ability: Protosynthesis
|-start|p1a: Brute Bonnet|protosynthesisatk
|move|p2a: Pecharunt|Malignant Chain|p1a: Brute Bonnet
|-supereffective|p1a: Brute Bonnet
|-damage|p1a: Brute Bonnet|6/100
|
|-weather|SunnyDay|[upkeep]
|-heal|p2a: Pecharunt|31/100|[from] item: Black Sludge
|upkeep
|turn|16
|
|t:|1769408563
|-end|p1a: Brute Bonnet|Protosynthesis|[silent]
|switch|p1a: Gholdengo|Gholdengo|100/100
|-item|p1a: Gholdengo|Air Balloon
|move|p2a: Pecharunt|Recover|p2a: Pecharunt
|-heal|p2a: Pecharunt|81/100
|
|-weather|SunnyDay|[upkeep]
|-heal|p2a: Pecharunt|87/100|[from] item: Black Sludge
|upkeep
|turn|17
|
|t:|1769408569
|move|p1a: Gholdengo|Shadow Ball|p2a: Pecharunt
|-supereffective|p2a: Pecharunt
|-damage|p2a: Pecharunt|7/100
|-unboost|p2a: Pecharunt|spd|1
|move|p2a: Pecharunt|Shadow Ball|p1a: Gholdengo
|-supereffective|p1a: Gholdengo
|-damage|p1a: Gholdengo|15/100
|-enditem|p1a: Gholdengo|Air Balloon
|
|-weather|SunnyDay|[upkeep]
|-heal|p2a: Pecharunt|13/100|[from] item: Black Sludge
|upkeep
|turn|18
|
|t:|1769408578
|move|p1a: Gholdengo|Shadow Ball|p2a: Pecharunt
|-supereffective|p2a: Pecharunt
|-damage|p2a: Pecharunt|0 fnt
|faint|p2a: Pecharunt
|
|-weather|SunnyDay|[upkeep]
|upkeep
|
|t:|1769408581
|switch|p2a: Dragonite|Dragonite, M|100/100
|turn|19
|
|t:|1769408585
|move|p2a: Dragonite|Shadow Ball|p1a: Gholdengo
|-supereffective|p1a: Gholdengo
|-damage|p1a: Gholdengo|0 fnt
|faint|p1a: Gholdengo
|
|-weather|none
|upkeep
|
|t:|1769408603
|switch|p1a: Torkoal|Torkoal, M|62/100
|-weather|SunnyDay|[from] ability: Drought|[of] p1a: Torkoal
|turn|20
|
|t:|1769408608
|switch|p2a: Infernape|Infernape, M|84/100
|switch|p1a: Blissey|Blissey, F|91/100
|
|-weather|SunnyDay|[upkeep]
|-heal|p1a: Blissey|98/100|[from] item: Leftovers
|upkeep
|turn|21
|
|t:|1769408613
|switch|p1a: Alomomola|Alomomola, F|100/100
|move|p2a: Infernape|Drain Punch|p1a: Alomomola
|-damage|p1a: Alomomola|77/100
|-heal|p2a: Infernape|100/100|[from] drain|[of] p1a: Alomomola
|-damage|p2a: Infernape|84/100|[from] item: Rocky Helmet|[of] p1a: Alomomola
|
|-weather|SunnyDay|[upkeep]
|upkeep
|turn|22
|
|t:|1769408618
|move|p2a: Infernape|Drain Punch|p1a: Alomomola
|-damage|p1a: Alomomola|56/100
|-heal|p2a: Infernape|100/100|[from] drain|[of] p1a: Alomomola
|-damage|p2a: Infernape|84/100|[from] item: Rocky Helmet|[of] p1a: Alomomola
|move|p1a: Alomomola|Wish|p1a: Alomomola
|
|-weather|SunnyDay|[upkeep]
|upkeep
|turn|23
|
|t:|1769408622
|move|p2a: Infernape|Drain Punch|p1a: Alomomola
|-damage|p1a: Alomomola|36/100
|-heal|p2a: Infernape|100/100|[from] drain|[of] p1a: Alomomola
|-damage|p2a: Infernape|84/100|[from] item: Rocky Helmet|[of] p1a: Alomomola
|move|p1a: Alomomola|Flip Turn|p2a: Infernape
|-supereffective|p2a: Infernape
|-damage|p2a: Infernape|57/100
|
|t:|1769408625
|switch|p1a: Brute Bonnet|Brute Bonnet|6/100|[from] Flip Turn
|-activate|p1a: Brute Bonnet|ability: Protosynthesis
|-start|p1a: Brute Bonnet|protosynthesisatk
|
|-weather|SunnyDay|[upkeep]
|-heal|p1a: Brute Bonnet|68/100|[from] move: Wish|[wisher] Alomomola
|upkeep
|turn|24
|
|t:|1769408634
|-end|p1a: Brute Bonnet|Protosynthesis|[silent]
|switch|p1a: Alomomola|Alomomola, F|70/100
|move|p2a: Infernape|Fire Punch|p1a: Alomomola
|-resisted|p1a: Alomomola
|-damage|p1a: Alomomola|54/100
|-damage|p2a: Infernape|41/100|[from] item: Rocky Helmet|[of] p1a: Alomomola
|
|-weather|SunnyDay|[upkeep]
|upkeep
|turn|25
|
|t:|1769408648
|move|p2a: Infernape|Drain Punch|p1a: Alomomola
|-damage|p1a: Alomomola|32/100
|-heal|p2a: Infernape|61/100|[from] drain|[of] p1a: Alomomola
|-damage|p2a: Infernape|45/100|[from] item: Rocky Helmet|[of] p1a: Alomomola
|move|p1a: Alomomola|Flip Turn|p2a: Infernape
|-supereffective|p2a: Infernape
|-damage|p2a: Infernape|22/100
|
|t:|1769408652
|switch|p1a: Great Tusk|Great Tusk|100/100|[from] Flip Turn
|-activate|p1a: Great Tusk|ability: Protosynthesis
|-start|p1a: Great Tusk|protosynthesisatk
|
|-weather|SunnyDay|[upkeep]
|upkeep
|turn|26
|
|t:|1769408656
|move|p2a: Infernape|Drain Punch|p1a: Great Tusk
|-damage|p1a: Great Tusk|73/100
|-heal|p2a: Infernape|40/100|[from] drain|[of] p1a: Great Tusk
|move|p1a: Great Tusk|Rapid Spin|p2a: Infernape
|-damage|p2a: Infernape|2/100
|-boost|p1a: Great Tusk|spe|1
|
|-weather|SunnyDay|[upkeep]
|upkeep
|turn|27
|
|t:|1769408660
|move|p1a: Great Tusk|Rapid Spin|p2a: Infernape
|-damage|p2a: Infernape|0 fnt
|-boost|p1a: Great Tusk|spe|1
|faint|p2a: Infernape
|
|-weather|none
|-end|p1a: Great Tusk|Protosynthesis
|upkeep
|
|t:|1769408665
|switch|p2a: Zapdos|Zapdos|91/100
|turn|28
|
|t:|1769408675
|-end|p1a: Great Tusk|Protosynthesis|[silent]
|switch|p1a: Blissey|Blissey, F|98/100
|move|p2a: Zapdos|Hurricane|p1a: Blissey|[miss]
|-miss|p2a: Zapdos|p1a: Blissey
|
|-heal|p1a: Blissey|100/100|[from] item: Leftovers
|upkeep
|turn|29
|
|t:|1769408687
|move|p2a: Zapdos|Volt Switch|p1a: Blissey
|-damage|p1a: Blissey|87/100
|
|t:|1769408690
|switch|p2a: Dragonite|Dragonite, M|100/100|[from] Volt Switch
|move|p1a: Blissey|Seismic Toss|p2a: Dragonite
|-immune|p2a: Dragonite
|
|-heal|p1a: Blissey|93/100|[from] item: Leftovers
|upkeep
|turn|30
|
|t:|1769408706
|switch|p1a: Torkoal|Torkoal, M|62/100
|-weather|SunnyDay|[from] ability: Drought|[of] p1a: Torkoal
|-terastallize|p2a: Dragonite|Normal
|move|p2a: Dragonite|Hyper Voice|p1a: Torkoal
|-damage|p1a: Torkoal|0 fnt
|faint|p1a: Torkoal
|
|-weather|SunnyDay|[upkeep]
|upkeep
|
|t:|1769408731
|switch|p1a: Great Tusk|Great Tusk|73/100
|-activate|p1a: Great Tusk|ability: Protosynthesis
|-start|p1a: Great Tusk|protosynthesisatk
|turn|31
|
|t:|1769408735
|-terastallize|p1a: Great Tusk|Steel
|move|p2a: Dragonite|Hyper Voice|p1a: Great Tusk
|-resisted|p1a: Great Tusk
|-damage|p1a: Great Tusk|6/100
|move|p1a: Great Tusk|Close Combat|p2a: Dragonite
|-supereffective|p2a: Dragonite
|-damage|p2a: Dragonite|0 fnt
|-unboost|p1a: Great Tusk|def|1
|-unboost|p1a: Great Tusk|spd|1
|replace|p2a: Zoroark|Zoroark-Hisui, F
|-end|p2a: Zoroark|Illusion
|faint|p2a: Zoroark
|
|-weather|SunnyDay|[upkeep]
|upkeep
|
|t:|1769408741
|switch|p2a: Dragonite|Dragonite, M|100/100
|turn|32
|
|t:|1769408749
|-end|p1a: Great Tusk|Protosynthesis|[silent]
|switch|p1a: Alomomola|Alomomola, F|65/100
|move|p2a: Dragonite|Dragon Dance|p2a: Dragonite
|-boost|p2a: Dragonite|atk|1
|-boost|p2a: Dragonite|spe|1
|
|-weather|SunnyDay|[upkeep]
|upkeep
|turn|33
|
|t:|1769408755
|move|p2a: Dragonite|Scale Shot|p1a: Alomomola
|-damage|p1a: Alomomola|54/100
|-damage|p1a: Alomomola|43/100
|-damage|p1a: Alomomola|32/100
|-hitcount|p1a: Alomomola|3
|-unboost|p2a: Dragonite|def|1
|-boost|p2a: Dragonite|spe|1
|move|p1a: Alomomola|Flip Turn|p2a: Dragonite
|-resisted|p2a: Dragonite
|-damage|p2a: Dragonite|97/100
|
|t:|1769408764
|switch|p1a: Blissey|Blissey, F|93/100|[from] Flip Turn
|
|-weather|SunnyDay|[upkeep]
|-heal|p1a: Blissey|99/100|[from] item: Leftovers
|upkeep
|turn|34
|
|t:|1769408770
|move|p2a: Dragonite|Earthquake|p1a: Blissey
|-damage|p1a: Blissey|49/100
|move|p1a: Blissey|Healing Wish|p1a: Blissey
|faint|p1a: Blissey
|
|-weather|SunnyDay|[upkeep]
|upkeep
|
|t:|1769408794
|switch|p1a: Great Tusk|Great Tusk, tera:Steel|6/100
|-heal|p1a: Great Tusk|100/100|[from] move: Healing Wish
|-activate|p1a: Great Tusk|ability: Protosynthesis
|-start|p1a: Great Tusk|protosynthesisatk
|turn|35
|
|t:|1769408797
|-end|p1a: Great Tusk|Protosynthesis|[silent]
|switch|p1a: Alomomola|Alomomola, F|65/100
|move|p2a: Dragonite|Earthquake|p1a: Alomomola
|-damage|p1a: Alomomola|34/100
|
|-weather|SunnyDay|[upkeep]
|upkeep
|turn|36
|
|t:|1769408803
|move|p2a: Dragonite|Dragon Dance|p2a: Dragonite
|-boost|p2a: Dragonite|atk|1
|-boost|p2a: Dragonite|spe|1
|move|p1a: Alomomola|Flip Turn|p2a: Dragonite
|-resisted|p2a: Dragonite
|-crit|p2a: Dragonite
|-damage|p2a: Dragonite|87/100
|
|t:|1769408806
|switch|p1a: Brute Bonnet|Brute Bonnet|68/100|[from] Flip Turn
|-activate|p1a: Brute Bonnet|ability: Protosynthesis
|-start|p1a: Brute Bonnet|protosynthesisatk
|
|-weather|SunnyDay|[upkeep]
|upkeep
|turn|37
|
|t:|1769408813
|move|p2a: Dragonite|Extreme Speed|p1a: Brute Bonnet
|-damage|p1a: Brute Bonnet|26/100
|move|p1a: Brute Bonnet|Growth|p1a: Brute Bonnet
|-boost|p1a: Brute Bonnet|atk|2
|-boost|p1a: Brute Bonnet|spa|2
|
|-weather|none
|-end|p1a: Brute Bonnet|Protosynthesis
|upkeep
|turn|38
|
|t:|1769408831
|move|p2a: Dragonite|Extreme Speed|p1a: Brute Bonnet
|-damage|p1a: Brute Bonnet|0 fnt
|faint|p1a: Brute Bonnet
|-end|p1a: Brute Bonnet|Protosynthesis|[silent]
|
|upkeep
|
|t:|1769408834
|switch|p1a: Great Tusk|Great Tusk, tera:Steel|100/100
|turn|39
|-message|Rubicouss forfeited.
|
|win|AliImtiaz
|raw|Rubicouss's rating: 1251 &rarr; <strong>1223</strong><br />(-28 for losing)
|raw|AliImtiaz's rating: 1216 &rarr; <strong>1244</strong><br />(+28 for winning)
|l|☆Rubicouss
|player|p1|
|l|☆AliImtiaz
|player|p2|
