|j|☆InahaFrost
|j|☆taywimz
|t:|1769312023
|gametype|singles
|player|p1|InahaFrost|n|1393
|player|p2|taywimz|roxie|1439
|gen|9
|tier|[Gen 9] OU
|rated|
|rule|HP Percentage Mod: HP is shown in percentages
|rule|Endless Battle Clause: Forcing endless battles is banned
|rule|Species Clause: Limit one of each Pokémon
|rule|OHKO Clause: OHKO moves are banned
|rule|Evasion Items Clause: Evasion items are banned
|rule|Evasion Moves Clause: Evasion moves are banned
|rule|Evasion Abilities Clause: Evasion abilities are banned
|rule|Sleep Moves Clause: Sleep-inducing moves are banned
|clearpoke
|poke|p1|Tyranitar, M|
|poke|p1|Minior-Indigo|
|poke|p1|Garganacl, M|
|poke|p1|Ogerpon-Cornerstone, F|
|poke|p1|Iron Boulder|
|poke|p1|Kleavor, M|
|poke|p2|Iron Valiant|
|poke|p2|Excadrill, M|
|poke|p2|Tyranitar, M|
|poke|p2|Tornadus, M|
|poke|p2|Ogerpon-Cornerstone, F|
|poke|p2|Toxapex, M|
|teampreview
|
|t:|1769312075
|teamsize|p1|6
|teamsize|p2|6
|start
|switch|p1a: Kleavor|Kleavor, M|100/100
|switch|p2a: Toxapex|Toxapex, M, shiny|100/100
|turn|1
|
|t:|1769312089
|move|p1a: Kleavor|Stone Axe|p2a: Toxapex
|-damage|p2a: Toxapex|47/100
|-sidestart|p2: taywimz|move: Stealth Rock
|-enditem|p2a: Toxapex|Eject Button
|
|t:|1769312126
|switch|p2a: Excadrill|Excadrill, M, shiny|100/100
|-damage|p2a: Excadrill|97/100|[from] Stealth Rock
|
|-heal|p2a: Excadrill|100/100|[from] item: Leftovers
|upkeep
|turn|2
|
|t:|1769312147
|switch|p1a: Ogerpon|Ogerpon-Cornerstone, F|100/100
|switch|p2a: Toxapex|Toxapex, M, shiny|80/100
|-damage|p2a: Toxapex|68/100|[from] Stealth Rock
|
|upkeep
|turn|3
|
|t:|1769312164
|move|p1a: Ogerpon|Ivy Cudgel|p2a: Toxapex|[anim] Ivy Cudgel Rock
|-damage|p2a: Toxapex|27/100
|move|p2a: Toxapex|Infestation|p1a: Ogerpon
|-supereffective|p1a: Ogerpon
|-damage|p1a: Ogerpon|93/100
|-activate|p1a: Ogerpon|move: Infestation|[of] p2a: Toxapex
|
|-damage|p1a: Ogerpon|80/100|[from] move: Infestation|[partiallytrapped]
|upkeep
|turn|4
|
|t:|1769312181
|move|p1a: Ogerpon|Horn Leech|p2a: Toxapex
|-damage|p2a: Toxapex|0 fnt
|-heal|p1a: Ogerpon|94/100|[from] drain|[of] p2a: Toxapex
|faint|p2a: Toxapex
|
|-end|p1a: Ogerpon|Infestation|[partiallytrapped]|[silent]
|upkeep
|
|t:|1769312220
|switch|p2a: Iron Valiant|Iron Valiant, shiny|100/100
|-damage|p2a: Iron Valiant|94/100|[from] Stealth Rock
|turn|5
|
|t:|1769312225
|move|p2a: Iron Valiant|Vacuum Wave|p1a: Ogerpon
|-supereffective|p1a: Ogerpon
|-damage|p1a: Ogerpon|27/100
|move|p1a: Ogerpon|Encore|p2a: Iron Valiant
|-start|p2a: Iron Valiant|Encore
|
|upkeep
|turn|6
|
|t:|1769312234
|switch|p1a: Minior|Minior-Indigo|100/100
|-formechange|p1a: Minior|Minior-Meteor||[from] ability: Shields Down
|move|p2a: Iron Valiant|Vacuum Wave|p1a: Minior
|-damage|p1a: Minior|63/100
|
|upkeep
|turn|7
|
|t:|1769312251
|move|p2a: Iron Valiant|Vacuum Wave|p1a: Minior
|-crit|p1a: Minior
|-damage|p1a: Minior|2/100
|move|p1a: Minior|Shell Smash|p1a: Minior
|-unboost|p1a: Minior|def|1
|-unboost|p1a: Minior|spd|1
|-boost|p1a: Minior|atk|2
|-boost|p1a: Minior|spa|2
|-boost|p1a: Minior|spe|2
|-enditem|p1a: Minior|White Herb
|-clearnegativeboost|p1a: Minior|[silent]
|
|-formechange|p1a: Minior|Minior-Indigo||[from] ability: Shields Down
|upkeep
|turn|8
|c|☆InahaFrost|Oof crit
|
|t:|1769312272
|move|p2a: Iron Valiant|Vacuum Wave|p1a: Minior
|-damage|p1a: Minior|0 fnt
|faint|p1a: Minior
|
|-end|p2a: Iron Valiant|Encore
|upkeep
|
|t:|1769312284
|switch|p1a: Tyranitar|Tyranitar, M|100/100
|-weather|Sandstorm|[from] ability: Sand Stream|[of] p1a: Tyranitar
|turn|9
|
|t:|1769312341
|-end|p2a: Iron Valiant|Quark Drive|[silent]
|switch|p2a: Tyranitar|Tyranitar, M, shiny|100/100
|-damage|p2a: Tyranitar|88/100|[from] Stealth Rock
|-terastallize|p1a: Tyranitar|Ghost
|move|p1a: Tyranitar|Dragon Dance|p1a: Tyranitar
|-boost|p1a: Tyranitar|atk|1
|-boost|p1a: Tyranitar|spe|1
|
|-weather|Sandstorm|[upkeep]
|-damage|p1a: Tyranitar|94/100|[from] Sandstorm
|upkeep
|turn|10
|
|t:|1769312366
|-terastallize|p2a: Tyranitar|Bug
|move|p1a: Tyranitar|Earthquake|p2a: Tyranitar
|-resisted|p2a: Tyranitar
|-damage|p2a: Tyranitar|63/100
|move|p2a: Tyranitar|Knock Off|p1a: Tyranitar
|-supereffective|p1a: Tyranitar
|-damage|p1a: Tyranitar|0 fnt
|-enditem|p1a: Tyranitar|Smooth Rock|[from] move: Knock Off|[of] p2a: Tyranitar
|faint|p1a: Tyranitar
|
|-weather|Sandstorm|[upkeep]
|-damage|p2a: Tyranitar|57/100|[from] Sandstorm
|upkeep
|
|t:|1769312390
|switch|p1a: Ogerpon|Ogerpon-Cornerstone, F|27/100
|turn|11
|
|t:|1769312415
|switch|p2a: Excadrill|Excadrill, M, shiny|100/100
|-damage|p2a: Excadrill|97/100|[from] Stealth Rock
|move|p1a: Ogerpon|Ivy Cudgel|p2a: Excadrill|[anim] Ivy Cudgel Rock
|-resisted|p2a: Excadrill
|-damage|p2a: Excadrill|76/100
|
|-weather|Sandstorm|[upkeep]
|-heal|p2a: Excadrill|82/100|[from] item: Leftovers
|upkeep
|turn|12
|
|t:|1769312429
|move|p2a: Excadrill|Rapid Spin|p1a: Ogerpon
|-resisted|p1a: Ogerpon
|-damage|p1a: Ogerpon|14/100
|-boost|p2a: Excadrill|spe|1
|-sideend|p2: taywimz|Stealth Rock|[from] move: Rapid Spin|[of] p2a: Excadrill
|move|p1a: Ogerpon|Horn Leech|p2a: Excadrill
|-damage|p2a: Excadrill|18/100
|-heal|p1a: Ogerpon|53/100|[from] drain|[of] p2a: Excadrill
|
|-weather|Sandstorm|[upkeep]
|-heal|p2a: Excadrill|24/100|[from] item: Leftovers
|upkeep
|turn|13
|
|t:|1769312445
|move|p2a: Excadrill|Earthquake|p1a: Ogerpon
|-damage|p1a: Ogerpon|0 fnt
|faint|p1a: Ogerpon
|
|-weather|Sandstorm|[upkeep]
|-heal|p2a: Excadrill|30/100|[from] item: Leftovers
|upkeep
|
|t:|1769312454
|switch|p1a: Garganacl|Garganacl, M|100/100
|turn|14
|
|t:|1769312475
|move|p2a: Excadrill|Earthquake|p1a: Garganacl
|-supereffective|p1a: Garganacl
|-damage|p1a: Garganacl|20/100
|move|p1a: Garganacl|Body Press|p2a: Excadrill
|-supereffective|p2a: Excadrill
|-damage|p2a: Excadrill|0 fnt
|faint|p2a: Excadrill
|
|-weather|Sandstorm|[upkeep]
|-heal|p1a: Garganacl|26/100|[from] item: Leftovers
|upkeep
|c|☆InahaFrost|900 speed exca
|c|☆InahaFrost|Lmao
|
|t:|1769312493
|switch|p2a: Tyranitar|Tyranitar, M, shiny, tera:Bug|57/100
|turn|15
|
|t:|1769312498
|move|p2a: Tyranitar|Stealth Rock|p1a: Garganacl
|-sidestart|p1: InahaFrost|move: Stealth Rock
|move|p1a: Garganacl|Salt Cure|p2a: Tyranitar
|-supereffective|p2a: Tyranitar
|-damage|p2a: Tyranitar|32/100
|-start|p2a: Tyranitar|Salt Cure
|
|-weather|Sandstorm|[upkeep]
|-damage|p2a: Tyranitar|26/100|[from] Sandstorm
|-heal|p1a: Garganacl|32/100|[from] item: Leftovers
|-damage|p2a: Tyranitar|14/100|[from] Salt Cure
|upkeep
|turn|16
|
|t:|1769312512
|move|p2a: Tyranitar|Low Kick|p1a: Garganacl
|-supereffective|p1a: Garganacl
|-damage|p1a: Garganacl|0 fnt
|faint|p1a: Garganacl
|
|-weather|none
|-damage|p2a: Tyranitar|1/100|[from] Salt Cure
|upkeep
|
|t:|1769312523
|switch|p1a: Kleavor|Kleavor, M|100/100
|-damage|p1a: Kleavor|76/100|[from] Stealth Rock
|turn|17
|
|t:|1769312534
|switch|p2a: Ogerpon|Ogerpon-Cornerstone, F|100/100
|move|p1a: Kleavor|Stone Axe|p2a: Ogerpon
|-crit|p2a: Ogerpon
|-ability|p2a: Ogerpon|Sturdy
|-damage|p2a: Ogerpon|1/100
|-sidestart|p2: taywimz|move: Stealth Rock
|
|upkeep
|turn|18
|
|t:|1769312546
|move|p2a: Ogerpon|Ivy Cudgel|p1a: Kleavor|[anim] Ivy Cudgel Rock
|-supereffective|p1a: Kleavor
|-damage|p1a: Kleavor|0 fnt
|faint|p1a: Kleavor
|
|upkeep
|
|t:|1769312549
|switch|p1a: Iron Boulder|Iron Boulder|100/100
|-damage|p1a: Iron Boulder|88/100|[from] Stealth Rock
|-enditem|p1a: Iron Boulder|Booster Energy
|-activate|p1a: Iron Boulder|ability: Quark Drive|[fromitem]
|-start|p1a: Iron Boulder|quarkdrivespe
|turn|19
|
|t:|1769312565
|move|p1a: Iron Boulder|Mighty Cleave|p2a: Ogerpon
|-damage|p2a: Ogerpon|0 fnt
|faint|p2a: Ogerpon
|
|upkeep
|
|t:|1769312591
|switch|p2a: Tornadus|Tornadus, M, shiny|100/100
|-damage|p2a: Tornadus|76/100|[from] Stealth Rock
|turn|20
|
|t:|1769312598
|move|p2a: Tornadus|Swagger|p1a: Iron Boulder
|-boost|p1a: Iron Boulder|atk|2
|-start|p1a: Iron Boulder|confusion
|-enditem|p2a: Tornadus|Mirror Herb
|-boost|p2a: Tornadus|atk|2|[from] item: Mirror Herb
|-activate|p1a: Iron Boulder|confusion
|move|p1a: Iron Boulder|Swords Dance|p1a: Iron Boulder
|-boost|p1a: Iron Boulder|atk|2
|
|upkeep
|turn|21
|
|t:|1769312610
|-activate|p1a: Iron Boulder|confusion
|move|p1a: Iron Boulder|Mighty Cleave|p2a: Tornadus
|-supereffective|p2a: Tornadus
|-damage|p2a: Tornadus|0 fnt
|faint|p2a: Tornadus
|
|upkeep
|
|t:|1769312622
|switch|p2a: Iron Valiant|Iron Valiant, shiny|94/100
|-damage|p2a: Iron Valiant|88/100|[from] Stealth Rock
|turn|22
|c|☆InahaFrost|Confusion gambling
|c|☆InahaFrost|One confuse and GG
|
|t:|1769312645
|-activate|p1a: Iron Boulder|confusion
|move|p1a: Iron Boulder|Zen Headbutt|p2a: Iron Valiant
|-supereffective|p2a: Iron Valiant
|-damage|p2a: Iron Valiant|0 fnt
|faint|p2a: Iron Valiant
|-end|p2a: Iron Valiant|Quark Drive|[silent]
|
|upkeep
|
|t:|1769312651
|switch|p2a: Tyranitar|Tyranitar, M, shiny, tera:Bug|1/100
|-damage|p2a: Tyranitar|0 fnt|[from] Stealth Rock
|faint|p2a: Tyranitar
|
|win|InahaFrost
|raw|InahaFrost's rating: 1393 &rarr; <strong>1416</strong><br />(+23 for winning)
|raw|taywimz's rating: 1439 &rarr; <strong>1416</strong><br />(-23 for losing)
|c|☆taywimz|Gg
|c|☆InahaFrost|GG
|l|☆InahaFrost
|player|p1|
|l|☆taywimz
|player|p2|
