|j|☆Unscripted testing
|j|☆CambridgeFoulPlay
|t:|1769361040
|gametype|singles
|player|p1|Unscripted testing|caitlin-masters|1737
|player|p2|CambridgeFoulPlay|266|1833
|gen|9
|tier|[Gen 9] OU
|rated|
|rule|HP Percentage Mod: HP is shown in percentages
|rule|Endless Battle Clause: Forcing endless battles is banned
|rule|Species Clause: Limit one of each Pokémon
|rule|OHKO Clause: OHKO moves are banned
|rule|Evasion Items Clause: Evasion items are banned
|rule|Evasion Moves Clause: Evasion moves are banned
|rule|Evasion Abilities Clause: Evasion abilities are banned
|rule|Sleep Moves Clause: Sleep-inducing moves are banned
|clearpoke
|poke|p1|Tinkaton, F|
|poke|p1|Ogerpon, F|
|poke|p1|Great Tusk|
|poke|p1|Pecharunt|
|poke|p1|Alomomola, M|
|poke|p1|Hydreigon, M|
|poke|p2|Hydrapple, M|
|poke|p2|Tyranitar, F|
|poke|p2|Moltres|
|poke|p2|Zamazenta-*|
|poke|p2|Slowking-Galar, M|
|poke|p2|Excadrill, F|
|teampreview
|c|☆CambridgeFoulPlay|hf
|inactive|Battle timer is ON: inactive players will automatically lose when time's up. (requested by CambridgeFoulPlay)
|
|t:|1769361054
|teamsize|p1|6
|teamsize|p2|6
|start
|switch|p1a: Hybrid|Hydreigon, M, shiny|100/100
|switch|p2a: Tyranitar|Tyranitar, F|100/100
|-weather|Sandstorm|[from] ability: Sand Stream|[of] p2a: Tyranitar
|turn|1
|
|t:|1769361056
|switch|p1a: Behemoth|Great Tusk, shiny|100/100
|move|p2a: Tyranitar|Ice Beam|p1a: Behemoth
|-supereffective|p1a: Behemoth
|-damage|p1a: Behemoth|43/100
|
|-weather|Sandstorm|[upkeep]
|upkeep
|turn|2
|
|t:|1769361061
|-end|p1a: Behemoth|Protosynthesis|[silent]
|switch|p1a: Hybrid|Hydreigon, M, shiny|100/100
|switch|p2a: Moltres|Moltres|100/100
|
|-weather|Sandstorm|[upkeep]
|-damage|p1a: Hybrid|94/100|[from] Sandstorm
|-damage|p2a: Moltres|94/100|[from] Sandstorm
|upkeep
|turn|3
|
|t:|1769361063
|switch|p2a: Tyranitar|Tyranitar, F|100/100
|move|p1a: Hybrid|Draco Meteor|p2a: Tyranitar
|-crit|p2a: Tyranitar
|-damage|p2a: Tyranitar|33/100
|-unboost|p1a: Hybrid|spa|2
|
|-weather|Sandstorm|[upkeep]
|-damage|p1a: Hybrid|88/100|[from] Sandstorm
|upkeep
|turn|4
|
|t:|1769361067
|switch|p1a: Pisces|Alomomola, M, shiny|100/100
|move|p2a: Tyranitar|Stealth Rock|p1a: Pisces
|-sidestart|p1: Unscripted testing|move: Stealth Rock
|
|-weather|Sandstorm|[upkeep]
|-damage|p1a: Pisces|94/100|[from] Sandstorm
|upkeep
|turn|5
|
|t:|1769361070
|switch|p2a: Hydrapple|Hydrapple, M|100/100
|switch|p1a: Behemoth|Great Tusk, shiny|43/100
|
|-weather|Sandstorm|[upkeep]
|-damage|p2a: Hydrapple|94/100|[from] Sandstorm
|upkeep
|turn|6
|
|t:|1769361072
|move|p1a: Behemoth|Rapid Spin|p2a: Hydrapple
|-damage|p2a: Hydrapple|84/100
|-boost|p1a: Behemoth|spe|1
|-sideend|p1: Unscripted testing|Stealth Rock|[from] move: Rapid Spin|[of] p1a: Behemoth
|move|p2a: Hydrapple|Giga Drain|p1a: Behemoth
|-supereffective|p1a: Behemoth
|-damage|p1a: Behemoth|0 fnt
|-heal|p2a: Hydrapple|100/100|[from] drain|[of] p1a: Behemoth
|faint|p1a: Behemoth
|-end|p1a: Behemoth|Protosynthesis|[silent]
|
|-weather|Sandstorm|[upkeep]
|-damage|p2a: Hydrapple|94/100|[from] Sandstorm
|upkeep
|
|t:|1769361075
|switch|p1a: Hybrid|Hydreigon, M, shiny|88/100
|turn|7
|
|t:|1769361078
|switch|p2a: Slowking|Slowking-Galar, M|100/100
|move|p1a: Hybrid|Dark Pulse|p2a: Slowking
|-supereffective|p2a: Slowking
|-damage|p2a: Slowking|34/100
|
|-weather|Sandstorm|[upkeep]
|-damage|p1a: Hybrid|82/100|[from] Sandstorm
|-damage|p2a: Slowking|28/100|[from] Sandstorm
|upkeep
|turn|8
|
|t:|1769361082
|switch|p2a: Zamazenta|Zamazenta|100/100
|-ability|p2a: Zamazenta|Dauntless Shield|boost
|-boost|p2a: Zamazenta|def|1
|move|p1a: Hybrid|Dark Pulse|p2a: Zamazenta
|-resisted|p2a: Zamazenta
|-damage|p2a: Zamazenta|74/100
|
|-weather|none
|-heal|p2a: Zamazenta|80/100|[from] item: Leftovers
|upkeep
|turn|9
|
|t:|1769361089
|switch|p1a: Overseer|Pecharunt|100/100
|move|p2a: Zamazenta|Crunch|p1a: Overseer
|-supereffective|p1a: Overseer
|-damage|p1a: Overseer|82/100
|-damage|p2a: Zamazenta|64/100|[from] item: Rocky Helmet|[of] p1a: Overseer
|
|-heal|p2a: Zamazenta|70/100|[from] item: Leftovers
|upkeep
|turn|10
|
|t:|1769361092
|switch|p2a: Slowking|Slowking-Galar, M|62/100
|move|p1a: Overseer|Parting Shot|p2a: Slowking
|-unboost|p2a: Slowking|atk|1
|-unboost|p2a: Slowking|spa|1
|
|t:|1769361094
|switch|p1a: Hybrid|Hydreigon, M, shiny|82/100|[from] Parting Shot
|
|upkeep
|turn|11
|
|t:|1769361096
|switch|p2a: Tyranitar|Tyranitar, F|33/100
|-weather|Sandstorm|[from] ability: Sand Stream|[of] p2a: Tyranitar
|move|p1a: Hybrid|Dark Pulse|p2a: Tyranitar
|-resisted|p2a: Tyranitar
|-damage|p2a: Tyranitar|20/100
|
|-weather|Sandstorm|[upkeep]
|-damage|p1a: Hybrid|76/100|[from] Sandstorm
|upkeep
|turn|12
|
|t:|1769361100
|switch|p1a: Smile.exe|Tinkaton, F, shiny|100/100
|-item|p1a: Smile.exe|Air Balloon
|move|p2a: Tyranitar|Stealth Rock|p1a: Smile.exe
|-sidestart|p1: Unscripted testing|move: Stealth Rock
|
|-weather|Sandstorm|[upkeep]
|upkeep
|turn|13
|
|t:|1769361103
|switch|p2a: Excadrill|Excadrill, F|100/100
|-item|p2a: Excadrill|Air Balloon
|move|p1a: Smile.exe|Stealth Rock|p2a: Excadrill
|-sidestart|p2: CambridgeFoulPlay|move: Stealth Rock
|
|-weather|Sandstorm|[upkeep]
|upkeep
|turn|14
|
|t:|1769361105
|move|p2a: Excadrill|Iron Head|p1a: Smile.exe
|-damage|p1a: Smile.exe|46/100
|-enditem|p1a: Smile.exe|Air Balloon
|-item|p1a: Smile.exe|Air Balloon
|-enditem|p2a: Excadrill|Air Balloon|[silent]|[from] ability: Pickpocket|[of] p2a: Excadrill
|-item|p1a: Smile.exe|Air Balloon|[from] ability: Pickpocket|[of] p2a: Excadrill
|move|p1a: Smile.exe|Encore|p2a: Excadrill
|-start|p2a: Excadrill|Encore
|
|-weather|Sandstorm|[upkeep]
|upkeep
|turn|15
|
|t:|1769361109
|switch|p2a: Hydrapple|Hydrapple, M|100/100
|switch|p1a: Pisces|Alomomola, M, shiny|100/100
|-damage|p1a: Pisces|88/100|[from] Stealth Rock
|
|-weather|Sandstorm|[upkeep]
|-damage|p2a: Hydrapple|94/100|[from] Sandstorm
|-damage|p1a: Pisces|82/100|[from] Sandstorm
|upkeep
|turn|16
|
|t:|1769361111
|move|p2a: Hydrapple|Fickle Beam|p1a: Pisces
|-damage|p1a: Pisces|65/100
|move|p1a: Pisces|Mirror Coat|p2a: Hydrapple
|-damage|p2a: Hydrapple|50/100
|
|-weather|Sandstorm|[upkeep]
|-damage|p2a: Hydrapple|44/100|[from] Sandstorm
|-damage|p1a: Pisces|59/100|[from] Sandstorm
|upkeep
|turn|17
|
|t:|1769361114
|move|p2a: Hydrapple|Fickle Beam|p1a: Pisces
|-damage|p1a: Pisces|43/100
|move|p1a: Pisces|Flip Turn|p2a: Hydrapple
|-resisted|p2a: Hydrapple
|-damage|p2a: Hydrapple|41/100
|
|t:|1769361115
|switch|p1a: Hybrid|Hydreigon, M, shiny|76/100|[from] Flip Turn
|-damage|p1a: Hybrid|64/100|[from] Stealth Rock
|
|-weather|Sandstorm|[upkeep]
|-damage|p1a: Hybrid|57/100|[from] Sandstorm
|-damage|p2a: Hydrapple|35/100|[from] Sandstorm
|upkeep
|turn|18
|
|t:|1769361118
|switch|p2a: Slowking|Slowking-Galar, M|95/100
|-damage|p2a: Slowking|82/100|[from] Stealth Rock
|move|p1a: Hybrid|Dark Pulse|p2a: Slowking
|-supereffective|p2a: Slowking
|-damage|p2a: Slowking|13/100
|
|-weather|none
|upkeep
|turn|19
|
|t:|1769361121
|switch|p2a: Zamazenta|Zamazenta|70/100
|-damage|p2a: Zamazenta|64/100|[from] Stealth Rock
|move|p1a: Hybrid|Dark Pulse|p2a: Zamazenta
|-resisted|p2a: Zamazenta
|-damage|p2a: Zamazenta|37/100
|
|-heal|p2a: Zamazenta|43/100|[from] item: Leftovers
|upkeep
|turn|20
|
|t:|1769361123
|switch|p1a: Overseer|Pecharunt|82/100
|-damage|p1a: Overseer|69/100|[from] Stealth Rock
|move|p2a: Zamazenta|Body Press|p1a: Overseer
|-immune|p1a: Overseer
|
|-heal|p2a: Zamazenta|49/100|[from] item: Leftovers
|upkeep
|turn|21
|
|t:|1769361126
|move|p1a: Overseer|Recover|p1a: Overseer
|-heal|p1a: Overseer|100/100
|move|p2a: Zamazenta|Roar|p1a: Overseer
|drag|p1a: Pisces|Alomomola, M, shiny|76/100
|-damage|p1a: Pisces|63/100|[from] Stealth Rock
|
|-heal|p2a: Zamazenta|56/100|[from] item: Leftovers
|upkeep
|turn|22
|
|t:|1769361128
|switch|p2a: Hydrapple|Hydrapple, M|69/100
|move|p1a: Pisces|Flip Turn|p2a: Hydrapple
|-resisted|p2a: Hydrapple
|-damage|p2a: Hydrapple|66/100
|
|t:|1769361130
|switch|p1a: Hybrid|Hydreigon, M, shiny|57/100|[from] Flip Turn
|-damage|p1a: Hybrid|45/100|[from] Stealth Rock
|
|upkeep
|turn|23
|
|t:|1769361133
|switch|p2a: Tyranitar|Tyranitar, F|20/100
|-damage|p2a: Tyranitar|7/100|[from] Stealth Rock
|-weather|Sandstorm|[from] ability: Sand Stream|[of] p2a: Tyranitar
|move|p1a: Hybrid|Dark Pulse|p2a: Tyranitar
|-resisted|p2a: Tyranitar
|-damage|p2a: Tyranitar|0 fnt
|faint|p2a: Tyranitar
|
|-weather|Sandstorm|[upkeep]
|-damage|p1a: Hybrid|39/100|[from] Sandstorm
|upkeep
|
|t:|1769361136
|switch|p2a: Excadrill|Excadrill, F|100/100
|-damage|p2a: Excadrill|97/100|[from] Stealth Rock
|turn|24
|
|t:|1769361138
|switch|p1a: Smile.exe|Tinkaton, F, shiny|46/100
|-damage|p1a: Smile.exe|40/100|[from] Stealth Rock
|-item|p1a: Smile.exe|Air Balloon
|move|p2a: Excadrill|Swords Dance|p2a: Excadrill
|-boost|p2a: Excadrill|atk|2
|
|-weather|Sandstorm|[upkeep]
|upkeep
|turn|25
|
|t:|1769361141
|move|p2a: Excadrill|Iron Head|p1a: Smile.exe
|-damage|p1a: Smile.exe|0 fnt
|-enditem|p1a: Smile.exe|Air Balloon
|faint|p1a: Smile.exe
|
|-weather|Sandstorm|[upkeep]
|upkeep
|
|t:|1769361145
|switch|p1a: Pisces|Alomomola, M, shiny|97/100
|-damage|p1a: Pisces|84/100|[from] Stealth Rock
|turn|26
|
|t:|1769361147
|move|p2a: Excadrill|Earthquake|p1a: Pisces
|-damage|p1a: Pisces|0 fnt
|faint|p1a: Pisces
|
|-weather|Sandstorm|[upkeep]
|upkeep
|
|t:|1769361151
|switch|p1a: Overseer|Pecharunt|100/100
|-damage|p1a: Overseer|88/100|[from] Stealth Rock
|turn|27
|
|t:|1769361153
|switch|p1a: Hybrid|Hydreigon, M, shiny|39/100
|-damage|p1a: Hybrid|27/100|[from] Stealth Rock
|move|p2a: Excadrill|Earthquake|p1a: Hybrid
|-immune|p1a: Hybrid|[from] ability: Levitate
|
|-weather|Sandstorm|[upkeep]
|-damage|p1a: Hybrid|20/100|[from] Sandstorm
|upkeep
|turn|28
|
|t:|1769361155
|move|p2a: Excadrill|Iron Head|p1a: Hybrid
|-damage|p1a: Hybrid|0 fnt
|faint|p1a: Hybrid
|
|-weather|Sandstorm|[upkeep]
|upkeep
|j| faronaan
|
|t:|1769361157
|switch|p1a: Anonymous|Ogerpon, F|100/100
|-damage|p1a: Anonymous|88/100|[from] Stealth Rock
|turn|29
|
|t:|1769361159
|-terastallize|p1a: Anonymous|Grass
|detailschange|p1a: Anonymous|Ogerpon-Teal-Tera, F, tera:Grass
|-ability|p1a: Anonymous|Embody Aspect (Teal)|boost
|-boost|p1a: Anonymous|spe|1
|move|p2a: Excadrill|Iron Head|p1a: Anonymous
|-damage|p1a: Anonymous|0 fnt
|faint|p1a: Anonymous
|detailschange|p1: Anonymous|Ogerpon, F|[silent]
|
|-weather|Sandstorm|[upkeep]
|upkeep
|-message|Unscripted testing forfeited.
|
|win|CambridgeFoulPlay
|raw|Unscripted testing's rating: 1737 &rarr; <strong>1722</strong><br />(-15 for losing)
|raw|CambridgeFoulPlay's rating: 1833 &rarr; <strong>1848</strong><br />(+15 for winning)
|c|☆CambridgeFoulPlay|gg
|l|☆Unscripted testing
|player|p1|
|l|☆CambridgeFoulPlay
|player|p2|
