|j|☆Cotowol
|j|☆Vega_M2
|t:|1769354885
|gametype|singles
|player|p1|Cotowol|acetrainer-gen4dp|1292
|player|p2|Vega_M2|byron|1342
|gen|9
|tier|[Gen 9] OU
|rated|
|rule|HP Percentage Mod: HP is shown in percentages
|rule|Endless Battle Clause: Forcing endless battles is banned
|rule|Species Clause: Limit one of each Pokémon
|rule|OHKO Clause: OHKO moves are banned
|rule|Evasion Items Clause: Evasion items are banned
|rule|Evasion Moves Clause: Evasion moves are banned
|rule|Evasion Abilities Clause: Evasion abilities are banned
|rule|Sleep Moves Clause: Sleep-inducing moves are banned
|clearpoke
|poke|p1|Tornadus-Therian, M|
|poke|p1|Dragonite, F|
|poke|p1|Samurott-Hisui, M|
|poke|p1|Great Tusk|
|poke|p1|Gholdengo|
|poke|p1|Ogerpon-Wellspring, F|
|poke|p2|Pelipper, F|
|poke|p2|Ogerpon-Wellspring, F|
|poke|p2|Basculegion-F, F|
|poke|p2|Rillaboom, M|
|poke|p2|Kingambit, F|
|poke|p2|Zapdos|
|teampreview
|inactive|Battle timer is ON: inactive players will automatically lose when time's up. (requested by Vega_M2)
|
|t:|1769354905
|teamsize|p1|6
|teamsize|p2|6
|start
|switch|p1a: Samurott|Samurott-Hisui, M|100/100
|switch|p2a: Rillaboom|Rillaboom, M|100/100
|-fieldstart|move: Grassy Terrain|[from] ability: Grassy Surge|[of] p2a: Rillaboom
|turn|1
|
|t:|1769354915
|move|p2a: Rillaboom|Grassy Glide|p1a: Samurott
|-supereffective|p1a: Samurott
|-damage|p1a: Samurott|21/100
|move|p1a: Samurott|Sucker Punch||[still]
|-fail|p1a: Samurott
|
|-heal|p1a: Samurott|27/100|[from] Grassy Terrain
|upkeep
|turn|2
|
|t:|1769354926
|switch|p1a: Tornadus|Tornadus-Therian, M|100/100
|move|p2a: Rillaboom|Grassy Glide|p1a: Tornadus
|-resisted|p1a: Tornadus
|-damage|p1a: Tornadus|81/100
|
|upkeep
|turn|3
|
|t:|1769354935
|switch|p2a: Pelipper|Pelipper, F|100/100
|-weather|RainDance|[from] ability: Drizzle|[of] p2a: Pelipper
|move|p1a: Tornadus|U-turn|p2a: Pelipper
|-resisted|p2a: Pelipper
|-damage|p2a: Pelipper|95/100
|
|t:|1769354942
|switch|p1a: Samurott|Samurott-Hisui, M|27/100|[from] U-turn
|
|-weather|RainDance|[upkeep]
|-heal|p1a: Samurott|33/100|[from] Grassy Terrain
|upkeep
|turn|4
|
|t:|1769354950
|move|p1a: Samurott|Ceaseless Edge|p2a: Pelipper
|-damage|p2a: Pelipper|63/100
|-sidestart|p2: Vega_M2|Spikes
|move|p2a: Pelipper|U-turn|p1a: Samurott
|-supereffective|p1a: Samurott
|-damage|p1a: Samurott|11/100
|
|t:|1769354957
|switch|p2a: Ogerpon|Ogerpon-Wellspring, F|100/100|[from] U-turn
|-damage|p2a: Ogerpon|88/100|[from] Spikes
|
|-weather|RainDance|[upkeep]
|-heal|p2a: Ogerpon|94/100|[from] Grassy Terrain
|-heal|p1a: Samurott|17/100|[from] Grassy Terrain
|upkeep
|turn|5
|
|t:|1769354964
|move|p2a: Ogerpon|Grassy Glide|p1a: Samurott
|-supereffective|p1a: Samurott
|-damage|p1a: Samurott|0 fnt
|faint|p1a: Samurott
|
|-weather|RainDance|[upkeep]
|-heal|p2a: Ogerpon|99/100|[from] Grassy Terrain
|upkeep
|
|t:|1769354973
|switch|p1a: Tornadus|Tornadus-Therian, M|100/100
|turn|6
|
|t:|1769354981
|-terastallize|p2a: Ogerpon|Water
|detailschange|p2a: Ogerpon|Ogerpon-Wellspring-Tera, F, tera:Water
|-ability|p2a: Ogerpon|Embody Aspect (Wellspring)|boost
|-boost|p2a: Ogerpon|spd|1
|move|p1a: Tornadus|Bleakwind Storm|p2a: Ogerpon
|-damage|p2a: Ogerpon|70/100
|move|p2a: Ogerpon|Swords Dance|p2a: Ogerpon
|-boost|p2a: Ogerpon|atk|2
|
|-weather|RainDance|[upkeep]
|-heal|p2a: Ogerpon|76/100|[from] Grassy Terrain
|upkeep
|turn|7
|
|t:|1769354995
|move|p2a: Ogerpon|Grassy Glide|p1a: Tornadus
|-resisted|p1a: Tornadus
|-damage|p1a: Tornadus|53/100
|move|p1a: Tornadus|U-turn|p2a: Ogerpon
|-damage|p2a: Ogerpon|56/100
|
|t:|1769355001
|switch|p1a: Ogerpon|Ogerpon-Wellspring, F|100/100|[from] U-turn
|
|-weather|RainDance|[upkeep]
|-heal|p2a: Ogerpon|62/100|[from] Grassy Terrain
|upkeep
|turn|8
|
|t:|1769355014
|move|p2a: Ogerpon|Grassy Glide|p1a: Ogerpon
|-damage|p1a: Ogerpon|0 fnt
|faint|p1a: Ogerpon
|
|-weather|RainDance|[upkeep]
|-heal|p2a: Ogerpon|68/100|[from] Grassy Terrain
|-fieldend|move: Grassy Terrain
|upkeep
|
|t:|1769355024
|switch|p1a: Tornadus|Tornadus-Therian, M|86/100
|turn|9
|
|t:|1769355032
|move|p1a: Tornadus|Knock Off|p2a: Ogerpon
|-damage|p2a: Ogerpon|51/100
|move|p2a: Ogerpon|Ivy Cudgel|p1a: Tornadus|[anim] Ivy Cudgel Water
|-damage|p1a: Tornadus|0 fnt
|faint|p1a: Tornadus
|
|-weather|RainDance|[upkeep]
|upkeep
|
|t:|1769355041
|switch|p1a: Dragonite|Dragonite, F|100/100
|turn|10
|
|t:|1769355047
|move|p2a: Ogerpon|Play Rough|p1a: Dragonite
|-supereffective|p1a: Dragonite
|-damage|p1a: Dragonite|17/100
|move|p1a: Dragonite|Dragon Dance|p1a: Dragonite
|-boost|p1a: Dragonite|atk|1
|-boost|p1a: Dragonite|spe|1
|
|-weather|none
|upkeep
|turn|11
|
|t:|1769355059
|move|p1a: Dragonite|Extreme Speed|p2a: Ogerpon
|-damage|p2a: Ogerpon|0 fnt
|faint|p2a: Ogerpon
|detailschange|p2: Ogerpon|Ogerpon-Wellspring, F|[silent]
|
|upkeep
|
|t:|1769355064
|switch|p2a: Rillaboom|Rillaboom, M|100/100
|-damage|p2a: Rillaboom|88/100|[from] Spikes
|-fieldstart|move: Grassy Terrain|[from] ability: Grassy Surge|[of] p2a: Rillaboom
|turn|12
|
|t:|1769355070
|move|p1a: Dragonite|Roost|p1a: Dragonite
|-heal|p1a: Dragonite|67/100
|-singleturn|p1a: Dragonite|move: Roost
|move|p2a: Rillaboom|U-turn|p1a: Dragonite
|-damage|p1a: Dragonite|40/100
|
|t:|1769355083
|switch|p2a: Pelipper|Pelipper, F|63/100|[from] U-turn
|-weather|RainDance|[from] ability: Drizzle|[of] p2a: Pelipper
|
|-weather|RainDance|[upkeep]
|-heal|p1a: Dragonite|46/100|[from] Grassy Terrain
|upkeep
|turn|13
|
|t:|1769355090
|move|p1a: Dragonite|Roost|p1a: Dragonite
|-heal|p1a: Dragonite|96/100
|-singleturn|p1a: Dragonite|move: Roost
|move|p2a: Pelipper|U-turn|p1a: Dragonite
|-damage|p1a: Dragonite|85/100
|
|t:|1769355095
|switch|p2a: Basculegion|Basculegion-F, F|100/100|[from] U-turn
|-damage|p2a: Basculegion|88/100|[from] Spikes
|
|-weather|RainDance|[upkeep]
|-heal|p2a: Basculegion|94/100|[from] Grassy Terrain
|-heal|p1a: Dragonite|92/100|[from] Grassy Terrain
|upkeep
|turn|14
|
|t:|1769355105
|move|p2a: Basculegion|Ice Beam|p1a: Dragonite
|-supereffective|p1a: Dragonite
|-damage|p1a: Dragonite|0 fnt
|faint|p1a: Dragonite
|
|-weather|RainDance|[upkeep]
|-heal|p2a: Basculegion|99/100|[from] Grassy Terrain
|upkeep
|
|t:|1769355113
|switch|p1a: Gholdengo|Gholdengo|100/100
|-item|p1a: Gholdengo|Air Balloon
|turn|15
|
|t:|1769355122
|switch|p2a: Kingambit|Kingambit, F|100/100
|-damage|p2a: Kingambit|88/100|[from] Spikes
|-activate|p2a: Kingambit|ability: Supreme Overlord
|-start|p2a: Kingambit|fallen1|[silent]
|-terastallize|p1a: Gholdengo|Fairy
|move|p1a: Gholdengo|Shadow Ball|p2a: Kingambit
|-resisted|p2a: Kingambit
|-damage|p2a: Kingambit|69/100
|
|-weather|RainDance|[upkeep]
|-heal|p2a: Kingambit|75/100|[from] Grassy Terrain
|upkeep
|turn|16
|
|t:|1769355134
|move|p1a: Gholdengo|Focus Blast|p2a: Kingambit
|-supereffective|p2a: Kingambit
|-damage|p2a: Kingambit|0 fnt
|faint|p2a: Kingambit
|-end|p2a: Kingambit|fallen1|[silent]
|
|-weather|RainDance|[upkeep]
|upkeep
|
|t:|1769355141
|switch|p2a: Basculegion|Basculegion-F, F|99/100
|-damage|p2a: Basculegion|88/100|[from] Spikes
|turn|17
|
|t:|1769355146
|move|p2a: Basculegion|Surf|p1a: Gholdengo
|-damage|p1a: Gholdengo|0 fnt
|-enditem|p1a: Gholdengo|Air Balloon
|faint|p1a: Gholdengo
|
|-weather|RainDance|[upkeep]
|-heal|p2a: Basculegion|94/100|[from] Grassy Terrain
|upkeep
|
|t:|1769355153
|switch|p1a: Great Tusk|Great Tusk|100/100
|turn|18
|
|t:|1769355157
|move|p2a: Basculegion|Surf|p1a: Great Tusk
|-supereffective|p1a: Great Tusk
|-damage|p1a: Great Tusk|0 fnt
|faint|p1a: Great Tusk
|-end|p1a: Great Tusk|Protosynthesis|[silent]
|
|win|Vega_M2
|raw|Cotowol's rating: 1292 &rarr; <strong>1271</strong><br />(-21 for losing)
|raw|Vega_M2's rating: 1342 &rarr; <strong>1359</strong><br />(+17 for winning)
|l|☆Cotowol
|player|p1|
|l|☆Vega_M2
|player|p2|
