|j|☆Carchac
|j|☆N0AH__123__
|t:|1769435153
|gametype|singles
|player|p1|Carchac|benga|1327
|player|p2|N0AH__123__|boarder|1359
|gen|9
|tier|[Gen 9] OU
|rated|
|rule|HP Percentage Mod: HP is shown in percentages
|rule|Endless Battle Clause: Forcing endless battles is banned
|rule|Species Clause: Limit one of each Pokémon
|rule|OHKO Clause: OHKO moves are banned
|rule|Evasion Items Clause: Evasion items are banned
|rule|Evasion Moves Clause: Evasion moves are banned
|rule|Evasion Abilities Clause: Evasion abilities are banned
|rule|Sleep Moves Clause: Sleep-inducing moves are banned
|clearpoke
|poke|p1|Scrafty, M|
|poke|p1|Gholdengo|
|poke|p1|Garchomp, F|
|poke|p1|Moltres|
|poke|p1|Raging Bolt|
|poke|p1|Ogerpon-Wellspring, F|
|poke|p2|Gliscor, F|
|poke|p2|Latios, M|
|poke|p2|Mimikyu, F|
|poke|p2|Cinderace, M|
|poke|p2|Hatterene, F|
|poke|p2|Iron Moth|
|teampreview
|inactive|Battle timer is ON: inactive players will automatically lose when time's up. (requested by Carchac)
|
|t:|1769435158
|teamsize|p1|6
|teamsize|p2|6
|start
|switch|p1a: Moltres|Moltres|100/100
|switch|p2a: Iron Moth|Iron Moth|100/100
|-enditem|p2a: Iron Moth|Booster Energy
|-activate|p2a: Iron Moth|ability: Quark Drive|[fromitem]
|-start|p2a: Iron Moth|quarkdrivespe
|turn|1
|
|t:|1769435167
|move|p2a: Iron Moth|Fiery Dance|p1a: Moltres
|-resisted|p1a: Moltres
|-damage|p1a: Moltres|81/100
|-boost|p2a: Iron Moth|spa|1
|move|p1a: Moltres|Roar|p2a: Iron Moth
|-end|p2a: Iron Moth|Quark Drive|[silent]
|drag|p2a: Mimikyu|Mimikyu, F|100/100
|
|upkeep
|turn|2
|
|t:|1769435176
|switch|p2a: Iron Moth|Iron Moth|100/100
|move|p1a: Moltres|Flamethrower|p2a: Iron Moth
|-resisted|p2a: Iron Moth
|-damage|p2a: Iron Moth|82/100
|
|upkeep
|turn|3
|
|t:|1769435184
|move|p2a: Iron Moth|Discharge|p1a: Moltres
|-supereffective|p1a: Moltres
|-damage|p1a: Moltres|30/100
|move|p1a: Moltres|Roost|p1a: Moltres
|-heal|p1a: Moltres|80/100
|-singleturn|p1a: Moltres|move: Roost
|
|upkeep
|turn|4
|
|t:|1769435192
|switch|p1a: Garchomp|Garchomp, F|100/100
|move|p2a: Iron Moth|Discharge|p1a: Garchomp
|-immune|p1a: Garchomp
|
|upkeep
|turn|5
|
|t:|1769435199
|-end|p2a: Iron Moth|Quark Drive|[silent]
|switch|p2a: Gliscor|Gliscor, F|100/100
|move|p1a: Garchomp|Dragon Tail|p2a: Gliscor
|-damage|p2a: Gliscor|79/100
|drag|p2a: Iron Moth|Iron Moth|82/100
|
|upkeep
|turn|6
|
|t:|1769435206
|-end|p2a: Iron Moth|Quark Drive|[silent]
|switch|p2a: Hatterene|Hatterene, F|100/100
|move|p1a: Garchomp|Dragon Tail|p2a: Hatterene
|-immune|p2a: Hatterene
|
|upkeep
|turn|7
|
|t:|1769435212
|switch|p2a: Gliscor|Gliscor, F|79/100
|move|p1a: Garchomp|Spikes|p2a: Gliscor
|-sidestart|p2: N0AH__123__|Spikes
|
|-status|p2a: Gliscor|tox|[from] item: Toxic Orb
|upkeep
|turn|8
|
|t:|1769435220
|move|p2a: Gliscor|Swords Dance|p2a: Gliscor
|-boost|p2a: Gliscor|atk|2
|move|p1a: Garchomp|Spikes|p2a: Gliscor
|-sidestart|p2: N0AH__123__|Spikes
|
|-heal|p2a: Gliscor|92/100 tox|[from] ability: Poison Heal
|upkeep
|turn|9
|
|t:|1769435227
|-terastallize|p1a: Garchomp|Steel
|move|p2a: Gliscor|Ice Fang|p1a: Garchomp
|-resisted|p1a: Garchomp
|-damage|p1a: Garchomp|91/100
|-damage|p2a: Gliscor|79/100 tox|[from] ability: Rough Skin|[of] p1a: Garchomp
|-damage|p2a: Gliscor|63/100 tox|[from] item: Rocky Helmet|[of] p1a: Garchomp
|move|p1a: Garchomp|Dragon Tail|p2a: Gliscor
|-damage|p2a: Gliscor|43/100 tox
|drag|p2a: Mimikyu|Mimikyu, F|100/100
|-damage|p2a: Mimikyu|84/100|[from] Spikes
|
|upkeep
|turn|10
|
|t:|1769435240
|switch|p2a: Cinderace|Cinderace, M|100/100
|move|p1a: Garchomp|Earthquake|p2a: Cinderace
|-supereffective|p2a: Cinderace
|-damage|p2a: Cinderace|0 fnt
|faint|p2a: Cinderace
|
|upkeep
|
|t:|1769435247
|switch|p2a: Iron Moth|Iron Moth|82/100
|-damage|p2a: Iron Moth|65/100|[from] Spikes
|turn|11
|
|t:|1769435254
|switch|p1a: Raging Bolt|Raging Bolt|100/100
|move|p2a: Iron Moth|Fiery Dance|p1a: Raging Bolt
|-resisted|p1a: Raging Bolt
|-damage|p1a: Raging Bolt|81/100
|
|upkeep
|turn|12
|
|t:|1769435263
|move|p2a: Iron Moth|Sludge Wave|p1a: Raging Bolt
|-damage|p1a: Raging Bolt|35/100
|move|p1a: Raging Bolt|Volt Switch|p2a: Iron Moth
|-damage|p2a: Iron Moth|4/100
|
|t:|1769435276
|-end|p1a: Raging Bolt|Protosynthesis|[silent]
|switch|p1a: Ogerpon|Ogerpon-Wellspring, F|100/100|[from] Volt Switch
|
|upkeep
|turn|13
|
|t:|1769435282
|move|p2a: Iron Moth|Sludge Wave|p1a: Ogerpon
|-supereffective|p1a: Ogerpon
|-damage|p1a: Ogerpon|0 fnt
|faint|p1a: Ogerpon
|
|upkeep
|
|t:|1769435288
|switch|p1a: Moltres|Moltres|80/100
|turn|14
|
|t:|1769435291
|move|p2a: Iron Moth|Discharge|p1a: Moltres
|-supereffective|p1a: Moltres
|-damage|p1a: Moltres|22/100
|move|p1a: Moltres|Flamethrower|p2a: Iron Moth
|-resisted|p2a: Iron Moth
|-damage|p2a: Iron Moth|0 fnt
|faint|p2a: Iron Moth
|-end|p2a: Iron Moth|Quark Drive|[silent]
|
|upkeep
|
|t:|1769435308
|switch|p2a: Gliscor|Gliscor, F|43/100 tox
|turn|15
|
|t:|1769435312
|move|p2a: Gliscor|Ice Fang|p1a: Moltres
|-damage|p1a: Moltres|11/100
|move|p1a: Moltres|Roost|p1a: Moltres
|-heal|p1a: Moltres|61/100
|-singleturn|p1a: Moltres|move: Roost
|
|-heal|p2a: Gliscor|55/100 tox|[from] ability: Poison Heal
|upkeep
|turn|16
|
|t:|1769435320
|move|p2a: Gliscor|Swords Dance|p2a: Gliscor
|-boost|p2a: Gliscor|atk|2
|move|p1a: Moltres|Roost|p1a: Moltres
|-heal|p1a: Moltres|100/100
|-singleturn|p1a: Moltres|move: Roost
|
|-heal|p2a: Gliscor|68/100 tox|[from] ability: Poison Heal
|upkeep
|turn|17
|
|t:|1769435331
|move|p2a: Gliscor|Ice Fang|p1a: Moltres
|-damage|p1a: Moltres|81/100
|cant|p1a: Moltres|flinch
|
|-heal|p2a: Gliscor|80/100 tox|[from] ability: Poison Heal
|upkeep
|turn|18
|
|t:|1769435338
|move|p2a: Gliscor|Ice Fang|p1a: Moltres
|-damage|p1a: Moltres|60/100
|move|p1a: Moltres|Roar|p2a: Gliscor
|drag|p2a: Latios|Latios, M|100/100
|
|upkeep
|turn|19
|
|t:|1769435346
|move|p2a: Latios|Calm Mind|p2a: Latios
|-boost|p2a: Latios|spa|1
|-boost|p2a: Latios|spd|1
|move|p1a: Moltres|Flamethrower|p2a: Latios
|-resisted|p2a: Latios
|-damage|p2a: Latios|87/100
|
|-heal|p2a: Latios|93/100|[from] item: Leftovers
|upkeep
|turn|20
|
|t:|1769435354
|switch|p1a: Garchomp|Garchomp, F, tera:Steel|91/100
|move|p2a: Latios|Calm Mind|p2a: Latios
|-boost|p2a: Latios|spa|1
|-boost|p2a: Latios|spd|1
|
|-heal|p2a: Latios|99/100|[from] item: Leftovers
|upkeep
|turn|21
|
|t:|1769435360
|move|p2a: Latios|Aura Sphere|p1a: Garchomp
|-supereffective|p1a: Garchomp
|-damage|p1a: Garchomp|0 fnt
|faint|p1a: Garchomp
|
|-heal|p2a: Latios|100/100|[from] item: Leftovers
|upkeep
|
|t:|1769435367
|switch|p1a: Gholdengo|Gholdengo|100/100
|-item|p1a: Gholdengo|Air Balloon
|turn|22
|
|t:|1769435371
|move|p2a: Latios|Stored Power|p1a: Gholdengo
|-resisted|p1a: Gholdengo
|-damage|p1a: Gholdengo|35/100
|-enditem|p1a: Gholdengo|Air Balloon
|move|p1a: Gholdengo|Shadow Ball|p2a: Latios
|-supereffective|p2a: Latios
|-damage|p2a: Latios|57/100
|
|-heal|p2a: Latios|63/100|[from] item: Leftovers
|upkeep
|turn|23
|
|t:|1769435380
|move|p2a: Latios|Stored Power|p1a: Gholdengo
|-resisted|p1a: Gholdengo
|-damage|p1a: Gholdengo|0 fnt
|faint|p1a: Gholdengo
|
|-heal|p2a: Latios|69/100|[from] item: Leftovers
|upkeep
|
|t:|1769435386
|switch|p1a: Scrafty|Scrafty, M|100/100
|turn|24
|
|t:|1769435393
|move|p2a: Latios|Aura Sphere|p1a: Scrafty
|-supereffective|p1a: Scrafty
|-damage|p1a: Scrafty|0 fnt
|faint|p1a: Scrafty
|
|-heal|p2a: Latios|75/100|[from] item: Leftovers
|upkeep
|-message|Carchac forfeited.
|
|win|N0AH__123__
|raw|Carchac's rating: 1327 &rarr; <strong>1309</strong><br />(-18 for losing)
|raw|N0AH__123__'s rating: 1359 &rarr; <strong>1377</strong><br />(+18 for winning)
|l|☆Carchac
|player|p1|
|l|☆N0AH__123__
|player|p2|
