|j|☆lewishe03
|j|☆leonel2001
|t:|1769436137
|gametype|singles
|player|p1|lewishe03|blue|1130
|player|p2|leonel2001|dragontamer|1122
|gen|9
|tier|[Gen 9] OU
|rated|
|rule|HP Percentage Mod: HP is shown in percentages
|rule|Endless Battle Clause: Forcing endless battles is banned
|rule|Species Clause: Limit one of each Pokémon
|rule|OHKO Clause: OHKO moves are banned
|rule|Evasion Items Clause: Evasion items are banned
|rule|Evasion Moves Clause: Evasion moves are banned
|rule|Evasion Abilities Clause: Evasion abilities are banned
|rule|Sleep Moves Clause: Sleep-inducing moves are banned
|clearpoke
|poke|p1|Feraligatr, M|
|poke|p1|Dragapult, F|
|poke|p1|Glimmora, F|
|poke|p1|Raikou|
|poke|p1|Scizor, M|
|poke|p1|Gliscor, F|
|poke|p2|Landorus-Therian, M|
|poke|p2|Heatran, M|
|poke|p2|Alomomola, F|
|poke|p2|Gholdengo|
|poke|p2|Kommo-o, M|
|poke|p2|Hydrapple, F|
|teampreview
|
|t:|1769436154
|teamsize|p1|6
|teamsize|p2|6
|start
|switch|p1a: Glimmora|Glimmora, F|100/100
|switch|p2a: Heatran|Heatran, M|100/100
|turn|1
|
|t:|1769436161
|move|p1a: Glimmora|Stealth Rock|p2a: Heatran
|-sidestart|p2: leonel2001|move: Stealth Rock
|move|p2a: Heatran|Magma Storm|p1a: Glimmora
|-resisted|p1a: Glimmora
|-damage|p1a: Glimmora|79/100
|-activate|p1a: Glimmora|move: Magma Storm|[of] p2a: Heatran
|
|-damage|p1a: Glimmora|66/100|[from] move: Magma Storm|[partiallytrapped]
|upkeep
|turn|2
|
|t:|1769436170
|move|p1a: Glimmora|Spikes|p2a: Heatran
|-sidestart|p2: leonel2001|Spikes
|move|p2a: Heatran|Earth Power|p1a: Glimmora
|-supereffective|p1a: Glimmora
|-damage|p1a: Glimmora|0 fnt
|faint|p1a: Glimmora
|
|upkeep
|inactive|Battle timer is ON: inactive players will automatically lose when time's up. (requested by leonel2001)
|
|t:|1769436180
|switch|p1a: Lou|Feraligatr, M|100/100
|turn|3
|
|t:|1769436189
|move|p2a: Heatran|Protect|p2a: Heatran
|-singleturn|p2a: Heatran|Protect
|move|p1a: Lou|Dragon Dance|p1a: Lou
|-boost|p1a: Lou|atk|1
|-boost|p1a: Lou|spe|1
|
|upkeep
|turn|4
|
|t:|1769436196
|move|p1a: Lou|Liquidation|p2a: Heatran
|-supereffective|p2a: Heatran
|-damage|p2a: Heatran|0 fnt
|faint|p2a: Heatran
|
|upkeep
|
|t:|1769436218
|switch|p2a: Gholdengo|Gholdengo|100/100
|-damage|p2a: Gholdengo|94/100|[from] Stealth Rock
|-damage|p2a: Gholdengo|82/100|[from] Spikes
|turn|5
|j| iamveer
|
|t:|1769436223
|move|p1a: Lou|Crunch|p2a: Gholdengo
|-supereffective|p2a: Gholdengo
|-damage|p2a: Gholdengo|0 fnt
|faint|p2a: Gholdengo
|
|upkeep
|
|t:|1769436229
|switch|p2a: Landorus|Landorus-Therian, M, shiny|100/100
|-damage|p2a: Landorus|88/100|[from] Stealth Rock
|-ability|p2a: Landorus|Intimidate|boost
|-unboost|p1a: Lou|atk|1
|turn|6
|
|t:|1769436244
|switch|p2a: Hydrapple|Hydrapple, F|100/100
|-damage|p2a: Hydrapple|88/100|[from] Stealth Rock
|-damage|p2a: Hydrapple|75/100|[from] Spikes
|move|p1a: Lou|Dragon Dance|p1a: Lou
|-boost|p1a: Lou|atk|1
|-boost|p1a: Lou|spe|1
|
|-heal|p2a: Hydrapple|82/100|[from] item: Leftovers
|upkeep
|turn|7
|
|t:|1769436255
|-terastallize|p2a: Hydrapple|Water
|move|p1a: Lou|Dragon Dance|p1a: Lou
|-boost|p1a: Lou|atk|1
|-boost|p1a: Lou|spe|1
|move|p2a: Hydrapple|Nasty Plot|p2a: Hydrapple
|-boost|p2a: Hydrapple|spa|2
|
|-heal|p2a: Hydrapple|88/100|[from] item: Leftovers
|upkeep
|turn|8
|
|t:|1769436266
|-terastallize|p1a: Lou|Ice
|move|p1a: Lou|Crunch|p2a: Hydrapple
|-damage|p2a: Hydrapple|41/100
|move|p2a: Hydrapple|Giga Drain|p1a: Lou
|-damage|p1a: Lou|19/100
|-heal|p2a: Hydrapple|72/100|[from] drain|[of] p1a: Lou
|
|-heal|p2a: Hydrapple|78/100|[from] item: Leftovers
|upkeep
|turn|9
|
|t:|1769436280
|move|p1a: Lou|Crunch|p2a: Hydrapple
|-damage|p2a: Hydrapple|28/100
|move|p2a: Hydrapple|Fickle Beam|p1a: Lou
|-damage|p1a: Lou|0 fnt
|faint|p1a: Lou
|
|-heal|p2a: Hydrapple|34/100|[from] item: Leftovers
|upkeep
|
|t:|1769436290
|switch|p1a: Madra|Raikou|100/100
|-item|p1a: Madra|Air Balloon
|turn|10
|
|t:|1769436294
|move|p1a: Madra|Thunderbolt|p2a: Hydrapple
|-supereffective|p2a: Hydrapple
|-damage|p2a: Hydrapple|0 fnt
|faint|p2a: Hydrapple
|
|upkeep
|
|t:|1769436302
|switch|p2a: Landorus|Landorus-Therian, M, shiny|88/100
|-damage|p2a: Landorus|76/100|[from] Stealth Rock
|-ability|p2a: Landorus|Intimidate|boost
|-fail|p1a: Madra|unboost|Attack|[from] ability: Inner Focus|[of] p1a: Madra
|turn|11
|
|t:|1769436308
|move|p1a: Madra|Calm Mind|p1a: Madra
|-boost|p1a: Madra|spa|1
|-boost|p1a: Madra|spd|1
|move|p2a: Landorus|Crunch|p1a: Madra
|-damage|p1a: Madra|60/100
|-enditem|p1a: Madra|Air Balloon
|
|upkeep
|turn|12
|
|t:|1769436317
|move|p1a: Madra|Scald|p2a: Landorus
|-supereffective|p2a: Landorus
|-damage|p2a: Landorus|0 fnt
|faint|p2a: Landorus
|
|upkeep
|
|t:|1769436323
|switch|p2a: Kommo-o|Kommo-o, M|100/100
|-damage|p2a: Kommo-o|94/100|[from] Stealth Rock
|-damage|p2a: Kommo-o|82/100|[from] Spikes
|turn|13
|
|t:|1769436330
|move|p1a: Madra|Extrasensory|p2a: Kommo-o
|-supereffective|p2a: Kommo-o
|-damage|p2a: Kommo-o|13/100
|move|p2a: Kommo-o|Clangorous Soul||[still]
|-fail|p2a: Kommo-o
|
|-heal|p2a: Kommo-o|19/100|[from] item: Leftovers
|upkeep
|turn|14
|-message|leonel2001 forfeited.
|
|win|lewishe03
|raw|lewishe03's rating: 1130 &rarr; <strong>1154</strong><br />(+24 for winning)
|raw|leonel2001's rating: 1122 &rarr; <strong>1098</strong><br />(-24 for losing)
|l|☆leonel2001
|player|p2|
|l| iamveer
