|j|☆kill blitzkrieg
|j|☆scrappyflamigo
|t:|1769348392
|gametype|singles
|player|p1|kill blitzkrieg|gambler|1507
|player|p2|scrappyflamigo|diantha|1557
|gen|9
|tier|[Gen 9] OU
|rated|
|rule|HP Percentage Mod: HP is shown in percentages
|rule|Endless Battle Clause: Forcing endless battles is banned
|rule|Species Clause: Limit one of each Pokémon
|rule|OHKO Clause: OHKO moves are banned
|rule|Evasion Items Clause: Evasion items are banned
|rule|Evasion Moves Clause: Evasion moves are banned
|rule|Evasion Abilities Clause: Evasion abilities are banned
|rule|Sleep Moves Clause: Sleep-inducing moves are banned
|clearpoke
|poke|p1|Ceruledge, M|
|poke|p1|Rillaboom, M|
|poke|p1|Great Tusk|
|poke|p1|Raging Bolt|
|poke|p1|Samurott-Hisui, M|
|poke|p1|Slowking-Galar, M|
|poke|p2|Great Tusk|
|poke|p2|Pecharunt|
|poke|p2|Iron Valiant|
|poke|p2|Iron Crown|
|poke|p2|Samurott-Hisui, M|
|poke|p2|Dragonite, M|
|teampreview
|inactive|Battle timer is ON: inactive players will automatically lose when time's up. (requested by scrappyflamigo)
|
|t:|1769348413
|teamsize|p1|6
|teamsize|p2|6
|start
|switch|p1a: Rillaboom|Rillaboom, M, shiny|100/100
|switch|p2a: Pecharunt|Pecharunt|100/100
|-fieldstart|move: Grassy Terrain|[from] ability: Grassy Surge|[of] p1a: Rillaboom
|turn|1
|
|t:|1769348424
|switch|p1a: Samurott|Samurott-Hisui, M|100/100
|move|p2a: Pecharunt|Malignant Chain|p1a: Samurott
|-damage|p1a: Samurott|79/100
|-status|p1a: Samurott|tox
|-start|p1a: Samurott|confusion|[from] ability: Poison Puppeteer|[of] p2a: Pecharunt
|
|-heal|p1a: Samurott|85/100 tox|[from] Grassy Terrain
|-damage|p1a: Samurott|79/100 tox|[from] psn
|upkeep
|turn|2
|
|t:|1769348441
|-activate|p1a: Samurott|confusion
|-damage|p1a: Samurott|67/100 tox|[from] confusion
|move|p2a: Pecharunt|Parting Shot|p1a: Samurott
|-unboost|p1a: Samurott|atk|1
|-unboost|p1a: Samurott|spa|1
|
|t:|1769348449
|switch|p2a: Iron Valiant|Iron Valiant, shiny|100/100|[from] Parting Shot
|
|-heal|p1a: Samurott|73/100 tox|[from] Grassy Terrain
|-damage|p1a: Samurott|61/100 tox|[from] psn
|upkeep
|turn|3
|
|t:|1769348455
|switch|p1a: Slowking|Slowking-Galar, M, shiny|100/100
|move|p2a: Iron Valiant|Shadow Ball|p1a: Slowking
|-supereffective|p1a: Slowking
|-damage|p1a: Slowking|56/100
|
|-heal|p1a: Slowking|62/100|[from] Grassy Terrain
|upkeep
|turn|4
|
|t:|1769348463
|-end|p2a: Iron Valiant|Quark Drive|[silent]
|switch|p2a: Iron Crown|Iron Crown|100/100
|move|p1a: Slowking|Thunder Wave|p2a: Iron Crown
|-status|p2a: Iron Crown|par
|
|-heal|p1a: Slowking|68/100|[from] Grassy Terrain
|upkeep
|turn|5
|
|t:|1769348471
|-end|p2a: Iron Crown|Quark Drive|[silent]
|switch|p2a: Samurott|Samurott-Hisui, M, shiny|100/100
|move|p1a: Slowking|Future Sight|p2a: Samurott
|-start|p1a: Slowking|move: Future Sight
|
|-heal|p1a: Slowking|74/100|[from] Grassy Terrain
|-fieldend|move: Grassy Terrain
|upkeep
|turn|6
|
|t:|1769348485
|switch|p1a: Samurott|Samurott-Hisui, M|61/100 tox
|move|p2a: Samurott|Ceaseless Edge|p1a: Samurott
|-resisted|p1a: Samurott
|-crit|p1a: Samurott
|-damage|p1a: Samurott|13/100 tox
|-sidestart|p1: kill blitzkrieg|Spikes
|
|-damage|p1a: Samurott|7/100 tox|[from] psn
|upkeep
|turn|7
|
|t:|1769348494
|move|p2a: Samurott|Flip Turn|p1a: Samurott
|-resisted|p1a: Samurott
|-damage|p1a: Samurott|0 fnt
|faint|p1a: Samurott
|inactive|scrappyflamigo has 120 seconds left.
|
|t:|1769348524
|switch|p2a: Iron Valiant|Iron Valiant, shiny|100/100|[from] Flip Turn
|
|-end|p2a: Iron Valiant|move: Future Sight
|-supereffective|p2a: Iron Valiant
|-damage|p2a: Iron Valiant|0 fnt
|faint|p2a: Iron Valiant
|-end|p2a: Iron Valiant|Quark Drive|[silent]
|upkeep
|inactive|scrappyflamigo has 120 seconds left.
|
|t:|1769348546
|switch|p2a: Pecharunt|Pecharunt|100/100
|switch|p1a: Great Tusk|Great Tusk|100/100
|-damage|p1a: Great Tusk|88/100|[from] Spikes
|turn|8
|
|t:|1769348554
|-terastallize|p2a: Pecharunt|Ghost
|move|p2a: Pecharunt|Malignant Chain|p1a: Great Tusk
|-resisted|p1a: Great Tusk
|-damage|p1a: Great Tusk|66/100
|move|p1a: Great Tusk|Headlong Rush|p2a: Pecharunt
|-damage|p2a: Pecharunt|76/100
|-unboost|p1a: Great Tusk|def|1
|-unboost|p1a: Great Tusk|spd|1
|-damage|p1a: Great Tusk|50/100|[from] item: Rocky Helmet|[of] p2a: Pecharunt
|
|upkeep
|turn|9
|inactive|scrappyflamigo has 120 seconds left.
|
|t:|1769348563
|-end|p1a: Great Tusk|Protosynthesis|[silent]
|switch|p1a: Slowking|Slowking-Galar, M, shiny|100/100
|move|p2a: Pecharunt|Malignant Chain|p1a: Slowking
|-resisted|p1a: Slowking
|-damage|p1a: Slowking|92/100
|
|upkeep
|turn|10
|
|t:|1769348569
|move|p2a: Pecharunt|Shadow Ball|p1a: Slowking
|-supereffective|p1a: Slowking
|-damage|p1a: Slowking|51/100
|-unboost|p1a: Slowking|spd|1
|-prepare|p1a: Slowking|Chilly Reception|[premajor]
|move|p1a: Slowking|Chilly Reception|p1a: Slowking
|-weather|Snowscape
|
|t:|1769348578
|switch|p1a: Raging Bolt|Raging Bolt|100/100|[from] Chilly Reception
|-damage|p1a: Raging Bolt|88/100|[from] Spikes
|
|-weather|Snowscape|[upkeep]
|-heal|p1a: Raging Bolt|94/100|[from] item: Leftovers
|upkeep
|turn|11
|
|t:|1769348585
|move|p1a: Raging Bolt|Calm Mind|p1a: Raging Bolt
|-boost|p1a: Raging Bolt|spa|1
|-boost|p1a: Raging Bolt|spd|1
|move|p2a: Pecharunt|Parting Shot|p1a: Raging Bolt
|-unboost|p1a: Raging Bolt|atk|1
|-unboost|p1a: Raging Bolt|spa|1
|
|t:|1769348591
|switch|p2a: Great Tusk|Great Tusk|100/100|[from] Parting Shot
|
|-weather|Snowscape|[upkeep]
|-heal|p1a: Raging Bolt|100/100|[from] item: Leftovers
|upkeep
|turn|12
|
|t:|1769348604
|-end|p1a: Raging Bolt|Protosynthesis|[silent]
|switch|p1a: Great Tusk|Great Tusk|50/100
|-damage|p1a: Great Tusk|37/100|[from] Spikes
|move|p2a: Great Tusk|Headlong Rush|p1a: Great Tusk
|-damage|p1a: Great Tusk|5/100
|-unboost|p2a: Great Tusk|def|1
|-unboost|p2a: Great Tusk|spd|1
|-damage|p2a: Great Tusk|84/100|[from] item: Rocky Helmet|[of] p1a: Great Tusk
|
|-weather|Snowscape|[upkeep]
|upkeep
|turn|13
|
|t:|1769348611
|move|p2a: Great Tusk|Rapid Spin|p1a: Great Tusk
|-damage|p1a: Great Tusk|0 fnt
|-boost|p2a: Great Tusk|spe|1
|-damage|p2a: Great Tusk|68/100|[from] item: Rocky Helmet|[of] p1a: Great Tusk
|faint|p1a: Great Tusk
|-end|p1a: Great Tusk|Protosynthesis|[silent]
|
|-weather|Snowscape|[upkeep]
|upkeep
|
|t:|1769348614
|switch|p1a: Rillaboom|Rillaboom, M, shiny|100/100
|-damage|p1a: Rillaboom|88/100|[from] Spikes
|-fieldstart|move: Grassy Terrain|[from] ability: Grassy Surge|[of] p1a: Rillaboom
|turn|14
|
|t:|1769348622
|move|p2a: Great Tusk|Ice Spinner|p1a: Rillaboom
|-supereffective|p1a: Rillaboom
|-damage|p1a: Rillaboom|25/100
|-fieldend|move: Grassy Terrain
|move|p1a: Rillaboom|Knock Off|p2a: Great Tusk
|-resisted|p2a: Great Tusk
|-damage|p2a: Great Tusk|40/100
|-enditem|p2a: Great Tusk|Heavy-Duty Boots|[from] move: Knock Off|[of] p1a: Rillaboom
|
|-weather|none
|upkeep
|turn|15
|
|t:|1769348629
|switch|p1a: Slowking|Slowking-Galar, M, shiny|84/100
|move|p2a: Great Tusk|Headlong Rush|p1a: Slowking
|-supereffective|p1a: Slowking
|-damage|p1a: Slowking|0 fnt
|-unboost|p2a: Great Tusk|def|1
|-unboost|p2a: Great Tusk|spd|1
|faint|p1a: Slowking
|
|upkeep
|-message|kill blitzkrieg forfeited.
|
|win|scrappyflamigo
|raw|kill blitzkrieg's rating: 1507 &rarr; <strong>1490</strong><br />(-17 for losing)
|raw|scrappyflamigo's rating: 1557 &rarr; <strong>1574</strong><br />(+17 for winning)
|l|☆kill blitzkrieg
|player|p1|
