|j|☆apple_tonks
|j|‽zeep vs zoop
|t:|1769295289
|gametype|singles
|player|p1|apple_tonks|ethan|1752
|player|p2|zeep vs zoop|iris-gen5bw2|1771
|gen|9
|tier|[Gen 9] OU
|rated|
|rule|HP Percentage Mod: HP is shown in percentages
|rule|Endless Battle Clause: Forcing endless battles is banned
|rule|Species Clause: Limit one of each Pokémon
|rule|OHKO Clause: OHKO moves are banned
|rule|Evasion Items Clause: Evasion items are banned
|rule|Evasion Moves Clause: Evasion moves are banned
|rule|Evasion Abilities Clause: Evasion abilities are banned
|rule|Sleep Moves Clause: Sleep-inducing moves are banned
|clearpoke
|poke|p1|Gholdengo|
|poke|p1|Zamazenta-*|
|poke|p1|Glimmora, M|
|poke|p1|Ogerpon-Wellspring, F|
|poke|p1|Iron Valiant|
|poke|p1|Greninja-*, M|
|poke|p2|Dragapult, F|
|poke|p2|Iron Crown|
|poke|p2|Ogerpon-Wellspring, F|
|poke|p2|Corviknight, F|
|poke|p2|Iron Valiant|
|poke|p2|Ting-Lu|
|teampreview
|inactive|Battle timer is ON: inactive players will automatically lose when time's up. (requested by zeep vs zoop)
|
|t:|1769295312
|teamsize|p1|6
|teamsize|p2|6
|start
|switch|p1a: Glimmora|Glimmora, M|100/100
|switch|p2a: Dragapult|Dragapult, F|100/100
|turn|1
|
|t:|1769295320
|switch|p2a: Iron Crown|Iron Crown|100/100
|move|p1a: Glimmora|Stealth Rock|p2a: Iron Crown
|-sidestart|p2: zeep vs zoop|move: Stealth Rock
|
|upkeep
|turn|2
|
|t:|1769295334
|switch|p1a: Zamazenta|Zamazenta|100/100
|-ability|p1a: Zamazenta|Dauntless Shield|boost
|-boost|p1a: Zamazenta|def|1
|move|p2a: Iron Crown|Volt Switch|p1a: Zamazenta
|-damage|p1a: Zamazenta|82/100
|
|t:|1769295336
|-end|p2a: Iron Crown|Quark Drive|[silent]
|switch|p2a: Corviknight|Corviknight, F|100/100|[from] Volt Switch
|-damage|p2a: Corviknight|88/100|[from] Stealth Rock
|-ability|p2a: Corviknight|Pressure
|
|-heal|p1a: Zamazenta|88/100|[from] item: Leftovers
|upkeep
|turn|3
|j| Nikator98
|l| Nikator98
|
|t:|1769295359
|switch|p1a: Gholdengo|Gholdengo|100/100
|-item|p1a: Gholdengo|Air Balloon
|move|p2a: Corviknight|Defog|p1a: Gholdengo
|-immune|p1a: Gholdengo|[from] ability: Good as Gold
|
|upkeep
|turn|4
|
|t:|1769295365
|switch|p1a: Glimmora|Glimmora, M|100/100
|move|p2a: Corviknight|U-turn|p1a: Glimmora
|-resisted|p1a: Glimmora
|-crit|p1a: Glimmora
|-damage|p1a: Glimmora|89/100
|-activate|p1a: Glimmora|ability: Toxic Debris
|-sidestart|p2: zeep vs zoop|move: Toxic Spikes
|
|t:|1769295367
|switch|p2a: Iron Crown|Iron Crown|100/100|[from] U-turn
|-damage|p2a: Iron Crown|94/100|[from] Stealth Rock
|
|upkeep
|turn|5
|
|t:|1769295376
|switch|p1a: Gholdengo|Gholdengo|100/100
|-item|p1a: Gholdengo|Air Balloon
|move|p2a: Iron Crown|Tachyon Cutter|p1a: Gholdengo
|-resisted|p1a: Gholdengo
|-damage|p1a: Gholdengo|86/100
|-enditem|p1a: Gholdengo|Air Balloon
|-resisted|p1a: Gholdengo
|-damage|p1a: Gholdengo|72/100
|-hitcount|p1a: Gholdengo|2
|
|upkeep
|turn|6
|j| FaronAan
|l| FaronAan
|
|t:|1769295386
|move|p2a: Iron Crown|Volt Switch|p1a: Gholdengo
|-damage|p1a: Gholdengo|46/100
|
|t:|1769295388
|-end|p2a: Iron Crown|Quark Drive|[silent]
|switch|p2a: Ting-Lu|Ting-Lu|100/100|[from] Volt Switch
|-damage|p2a: Ting-Lu|94/100|[from] Stealth Rock
|-status|p2a: Ting-Lu|psn
|-ability|p2a: Ting-Lu|Vessel of Ruin
|move|p1a: Gholdengo|Make It Rain|p2a: Ting-Lu
|-damage|p2a: Ting-Lu|64/100 psn
|-unboost|p1a: Gholdengo|spa|1
|
|-damage|p2a: Ting-Lu|52/100 psn|[from] psn
|upkeep
|turn|7
|
|t:|1769295393
|switch|p1a: Ogerpon|Ogerpon-Wellspring, F|100/100
|move|p2a: Ting-Lu|Stealth Rock|p1a: Ogerpon
|-sidestart|p1: apple_tonks|move: Stealth Rock
|
|-damage|p2a: Ting-Lu|39/100 psn|[from] psn
|upkeep
|turn|8
|
|t:|1769295396
|move|p1a: Ogerpon|Ivy Cudgel|p2a: Ting-Lu|[anim] Ivy Cudgel Water
|-supereffective|p2a: Ting-Lu
|-damage|p2a: Ting-Lu|0 fnt
|faint|p2a: Ting-Lu
|
|upkeep
|
|t:|1769295398
|switch|p2a: Dragapult|Dragapult, F|100/100
|-damage|p2a: Dragapult|88/100|[from] Stealth Rock
|-status|p2a: Dragapult|psn
|turn|9
|
|t:|1769295410
|switch|p1a: Glimmora|Glimmora, M|89/100
|-damage|p1a: Glimmora|77/100|[from] Stealth Rock
|move|p2a: Dragapult|U-turn|p1a: Glimmora
|-resisted|p1a: Glimmora
|-damage|p1a: Glimmora|56/100
|-activate|p1a: Glimmora|ability: Toxic Debris
|-sidestart|p2: zeep vs zoop|move: Toxic Spikes
|
|t:|1769295413
|switch|p2a: Iron Crown|Iron Crown|94/100|[from] U-turn
|-damage|p2a: Iron Crown|88/100|[from] Stealth Rock
|
|upkeep
|turn|10
|
|t:|1769295416
|move|p2a: Iron Crown|Tachyon Cutter|p1a: Glimmora
|-supereffective|p1a: Glimmora
|-damage|p1a: Glimmora|0 fnt
|faint|p1a: Glimmora
|-hitcount|p1: Glimmora|1
|
|upkeep
|
|t:|1769295418
|switch|p1a: Greninja|Greninja, M|100/100
|-damage|p1a: Greninja|88/100|[from] Stealth Rock
|turn|11
|
|t:|1769295436
|-terastallize|p2a: Iron Crown|Fairy
|move|p1a: Greninja|Dark Pulse|p2a: Iron Crown
|-resisted|p2a: Iron Crown
|-damage|p2a: Iron Crown|72/100
|-damage|p1a: Greninja|78/100|[from] item: Life Orb
|move|p2a: Iron Crown|Volt Switch|p1a: Greninja
|-supereffective|p1a: Greninja
|-damage|p1a: Greninja|2/100
|
|t:|1769295441
|-end|p2a: Iron Crown|Quark Drive|[silent]
|switch|p2a: Dragapult|Dragapult, F|88/100 psn|[from] Volt Switch
|-damage|p2a: Dragapult|76/100 psn|[from] Stealth Rock
|
|-damage|p2a: Dragapult|64/100 psn|[from] psn
|upkeep
|turn|12
|
|t:|1769295446
|move|p2a: Dragapult|U-turn|p1a: Greninja
|-supereffective|p1a: Greninja
|-damage|p1a: Greninja|0 fnt
|faint|p1a: Greninja
|
|t:|1769295454
|switch|p2a: Ogerpon|Ogerpon-Wellspring, F|100/100|[from] U-turn
|-damage|p2a: Ogerpon|88/100|[from] Stealth Rock
|-status|p2a: Ogerpon|tox
|
|-damage|p2a: Ogerpon|82/100 tox|[from] psn
|upkeep
|
|t:|1769295469
|switch|p1a: Ogerpon|Ogerpon-Wellspring, F|100/100
|-damage|p1a: Ogerpon|88/100|[from] Stealth Rock
|turn|13
|
|t:|1769295472
|move|p2a: Ogerpon|Horn Leech|p1a: Ogerpon
|-damage|p1a: Ogerpon|29/100
|-heal|p2a: Ogerpon|100/100 tox|[from] drain|[of] p1a: Ogerpon
|move|p1a: Ogerpon|Power Whip|p2a: Ogerpon
|-damage|p2a: Ogerpon|6/100 tox
|
|-damage|p2a: Ogerpon|0 fnt|[from] psn
|faint|p2a: Ogerpon
|upkeep
|
|t:|1769295479
|switch|p2a: Dragapult|Dragapult, F|64/100 psn
|-damage|p2a: Dragapult|52/100 psn|[from] Stealth Rock
|turn|14
|
|t:|1769295488
|move|p2a: Dragapult|U-turn|p1a: Ogerpon
|-supereffective|p1a: Ogerpon
|-damage|p1a: Ogerpon|0 fnt
|faint|p1a: Ogerpon
|
|t:|1769295490
|switch|p2a: Iron Crown|Iron Crown, tera:Fairy|72/100|[from] U-turn
|-damage|p2a: Iron Crown|59/100|[from] Stealth Rock
|-status|p2a: Iron Crown|tox
|
|-damage|p2a: Iron Crown|53/100 tox|[from] psn
|upkeep
|
|t:|1769295492
|switch|p1a: Gholdengo|Gholdengo|46/100
|-damage|p1a: Gholdengo|40/100|[from] Stealth Rock
|turn|15
|inactive|zeep vs zoop has 120 seconds left.
|
|t:|1769295529
|move|p2a: Iron Crown|Psychic Noise|p1a: Gholdengo
|-resisted|p1a: Gholdengo
|-damage|p1a: Gholdengo|19/100
|-start|p1a: Gholdengo|move: Heal Block
|move|p1a: Gholdengo|Shadow Ball|p2a: Iron Crown
|-damage|p2a: Iron Crown|22/100 tox
|
|-damage|p2a: Iron Crown|10/100 tox|[from] psn
|upkeep
|turn|16
|inactive|zeep vs zoop has 120 seconds left.
|
|t:|1769295538
|move|p2a: Iron Crown|Tachyon Cutter|p1a: Gholdengo
|-resisted|p1a: Gholdengo
|-damage|p1a: Gholdengo|4/100
|-resisted|p1a: Gholdengo
|-damage|p1a: Gholdengo|0 fnt
|faint|p1a: Gholdengo
|-hitcount|p1: Gholdengo|2
|
|-damage|p2a: Iron Crown|0 fnt|[from] psn
|faint|p2a: Iron Crown
|-end|p2a: Iron Crown|Quark Drive|[silent]
|upkeep
|
|t:|1769295545
|switch|p2a: Corviknight|Corviknight, F|88/100
|switch|p1a: Iron Valiant|Iron Valiant|100/100
|-damage|p1a: Iron Valiant|94/100|[from] Stealth Rock
|-damage|p2a: Corviknight|76/100|[from] Stealth Rock
|-ability|p2a: Corviknight|Pressure
|-enditem|p1a: Iron Valiant|Booster Energy
|-activate|p1a: Iron Valiant|ability: Quark Drive|[fromitem]
|-start|p1a: Iron Valiant|quarkdrivespe
|turn|17
|
|t:|1769295555
|move|p1a: Iron Valiant|Close Combat|p2a: Corviknight
|-damage|p2a: Corviknight|44/100
|-unboost|p1a: Iron Valiant|def|1
|-unboost|p1a: Iron Valiant|spd|1
|-damage|p1a: Iron Valiant|78/100|[from] item: Rocky Helmet|[of] p2a: Corviknight
|move|p2a: Corviknight|Defog|p1a: Iron Valiant
|-unboost|p1a: Iron Valiant|evasion|1
|-sideend|p1: apple_tonks|Stealth Rock|[from] move: Defog|[of] p2a: Corviknight
|-sideend|p2: zeep vs zoop|Toxic Spikes|[from] move: Defog|[of] p2a: Corviknight
|-sideend|p2: zeep vs zoop|Stealth Rock|[from] move: Defog|[of] p2a: Corviknight
|
|upkeep
|turn|18
|
|t:|1769295563
|switch|p2a: Iron Valiant|Iron Valiant|100/100
|-enditem|p2a: Iron Valiant|Booster Energy
|-activate|p2a: Iron Valiant|ability: Quark Drive|[fromitem]
|-start|p2a: Iron Valiant|quarkdrivespe
|move|p1a: Iron Valiant|Knock Off|p2a: Iron Valiant
|-resisted|p2a: Iron Valiant
|-damage|p2a: Iron Valiant|95/100
|
|upkeep
|turn|19
|
|t:|1769295565
|move|p1a: Iron Valiant|Moonblast|p2a: Iron Valiant
|-supereffective|p2a: Iron Valiant
|-damage|p2a: Iron Valiant|0 fnt
|faint|p2a: Iron Valiant
|-end|p2a: Iron Valiant|Quark Drive|[silent]
|
|upkeep
|
|t:|1769295568
|switch|p2a: Corviknight|Corviknight, F|44/100
|-ability|p2a: Corviknight|Pressure
|turn|20
|
|t:|1769295576
|move|p1a: Iron Valiant|Close Combat|p2a: Corviknight
|-damage|p2a: Corviknight|15/100
|-unboost|p1a: Iron Valiant|def|1
|-unboost|p1a: Iron Valiant|spd|1
|-damage|p1a: Iron Valiant|61/100|[from] item: Rocky Helmet|[of] p2a: Corviknight
|move|p2a: Corviknight|Roost|p2a: Corviknight
|-heal|p2a: Corviknight|65/100
|-singleturn|p2a: Corviknight|move: Roost
|
|upkeep
|turn|21
|
|t:|1769295585
|move|p1a: Iron Valiant|Knock Off|p2a: Corviknight
|-damage|p2a: Corviknight|47/100
|-damage|p1a: Iron Valiant|44/100|[from] item: Rocky Helmet|[of] p2a: Corviknight
|-enditem|p2a: Corviknight|Rocky Helmet|[from] move: Knock Off|[of] p1a: Iron Valiant
|move|p2a: Corviknight|Roost|p2a: Corviknight
|-heal|p2a: Corviknight|97/100
|-singleturn|p2a: Corviknight|move: Roost
|
|upkeep
|turn|22
|
|t:|1769295589
|move|p1a: Iron Valiant|Destiny Bond|p1a: Iron Valiant
|-singlemove|p1a: Iron Valiant|Destiny Bond
|move|p2a: Corviknight|Body Press|p1a: Iron Valiant
|-resisted|p1a: Iron Valiant
|-damage|p1a: Iron Valiant|13/100
|
|upkeep
|turn|23
|
|t:|1769295595
|move|p1a: Iron Valiant|Moonblast|p2a: Corviknight
|-resisted|p2a: Corviknight
|-damage|p2a: Corviknight|76/100
|move|p2a: Corviknight|U-turn|p1a: Iron Valiant
|-resisted|p1a: Iron Valiant
|-damage|p1a: Iron Valiant|5/100
|
|t:|1769295597
|switch|p2a: Dragapult|Dragapult, F|52/100 psn|[from] U-turn
|
|-damage|p2a: Dragapult|39/100 psn|[from] psn
|upkeep
|turn|24
|
|t:|1769295601
|switch|p2a: Corviknight|Corviknight, F|76/100
|-ability|p2a: Corviknight|Pressure
|move|p1a: Iron Valiant|Moonblast|p2a: Corviknight
|-resisted|p2a: Corviknight
|-damage|p2a: Corviknight|52/100
|
|upkeep
|turn|25
|
|t:|1769295606
|move|p1a: Iron Valiant|Moonblast|p2a: Corviknight
|-resisted|p2a: Corviknight
|-damage|p2a: Corviknight|29/100
|move|p2a: Corviknight|Roost|p2a: Corviknight
|-heal|p2a: Corviknight|79/100
|-singleturn|p2a: Corviknight|move: Roost
|
|upkeep
|turn|26
|
|t:|1769295610
|move|p1a: Iron Valiant|Knock Off|p2a: Corviknight
|-damage|p2a: Corviknight|67/100
|move|p2a: Corviknight|Roost|p2a: Corviknight
|-heal|p2a: Corviknight|100/100
|-singleturn|p2a: Corviknight|move: Roost
|
|upkeep
|turn|27
|
|t:|1769295612
|move|p1a: Iron Valiant|Destiny Bond|p1a: Iron Valiant
|-singlemove|p1a: Iron Valiant|Destiny Bond
|move|p2a: Corviknight|Defog|p1a: Iron Valiant
|-unboost|p1a: Iron Valiant|evasion|1
|
|upkeep
|turn|28
|
|t:|1769295614
|move|p1a: Iron Valiant|Moonblast|p2a: Corviknight
|-resisted|p2a: Corviknight
|-damage|p2a: Corviknight|76/100
|-unboost|p2a: Corviknight|spa|1
|move|p2a: Corviknight|U-turn|p1a: Iron Valiant
|-resisted|p1a: Iron Valiant
|-damage|p1a: Iron Valiant|0 fnt
|faint|p1a: Iron Valiant
|-end|p1a: Iron Valiant|Quark Drive|[silent]
|
|t:|1769295616
|switch|p2a: Dragapult|Dragapult, F|39/100 psn|[from] U-turn
|
|-damage|p2a: Dragapult|27/100 psn|[from] psn
|upkeep
|
|t:|1769295618
|switch|p1a: Zamazenta|Zamazenta|88/100
|turn|29
|
|t:|1769295625
|-terastallize|p1a: Zamazenta|Fire
|move|p2a: Dragapult|Dragon Darts|p1a: Zamazenta
|-damage|p1a: Zamazenta|60/100
|-anim|p2a: Dragapult|Dragon Darts|p1a: Zamazenta
|-damage|p1a: Zamazenta|36/100
|move|p1a: Zamazenta|Crunch|p2a: Dragapult
|-supereffective|p2a: Dragapult
|-damage|p2a: Dragapult|0 fnt
|faint|p2a: Dragapult
|
|-heal|p1a: Zamazenta|42/100|[from] item: Leftovers
|upkeep
|
|t:|1769295629
|switch|p2a: Corviknight|Corviknight, F|76/100
|-ability|p2a: Corviknight|Pressure
|turn|30
|
|t:|1769295630
|move|p1a: Zamazenta|Iron Defense|p1a: Zamazenta
|-boost|p1a: Zamazenta|def|2
|move|p2a: Corviknight|Body Press|p1a: Zamazenta
|-damage|p1a: Zamazenta|31/100
|
|-heal|p1a: Zamazenta|37/100|[from] item: Leftovers
|upkeep
|turn|31
|
|t:|1769295637
|move|p1a: Zamazenta|Substitute|p1a: Zamazenta
|-start|p1a: Zamazenta|Substitute
|-damage|p1a: Zamazenta|12/100
|move|p2a: Corviknight|Body Press|p1a: Zamazenta
|-activate|p1a: Zamazenta|move: Substitute|[damage]
|
|-heal|p1a: Zamazenta|19/100|[from] item: Leftovers
|upkeep
|turn|32
|
|t:|1769295641
|move|p1a: Zamazenta|Iron Defense|p1a: Zamazenta
|-boost|p1a: Zamazenta|def|2
|move|p2a: Corviknight|Body Press|p1a: Zamazenta
|-activate|p1a: Zamazenta|move: Substitute|[damage]
|
|-heal|p1a: Zamazenta|25/100|[from] item: Leftovers
|upkeep
|turn|33
|
|t:|1769295643
|move|p1a: Zamazenta|Iron Defense|p1a: Zamazenta
|-boost|p1a: Zamazenta|def|2
|move|p2a: Corviknight|Body Press|p1a: Zamazenta
|-activate|p1a: Zamazenta|move: Substitute|[damage]
|
|-heal|p1a: Zamazenta|31/100|[from] item: Leftovers
|upkeep
|turn|34
|
|t:|1769295645
|move|p1a: Zamazenta|Body Press|p2a: Corviknight
|-damage|p2a: Corviknight|0 fnt
|faint|p2a: Corviknight
|
|win|apple_tonks
|raw|apple_tonks's rating: 1752 &rarr; <strong>1773</strong><br />(+21 for winning)
|raw|zeep vs zoop's rating: 1771 &rarr; <strong>1750</strong><br />(-21 for losing)
|l|‽zeep vs zoop
|player|p2|
|l|☆apple_tonks
|player|p1|
