|j|☆IVN CRDZ
|j|☆ja hoi
|t:|1769426376
|gametype|singles
|player|p1|IVN CRDZ|lass-gen4|1664
|player|p2|ja hoi|169|1554
|gen|9
|tier|[Gen 9] OU
|rated|
|rule|HP Percentage Mod: HP is shown in percentages
|rule|Endless Battle Clause: Forcing endless battles is banned
|rule|Species Clause: Limit one of each Pokémon
|rule|OHKO Clause: OHKO moves are banned
|rule|Evasion Items Clause: Evasion items are banned
|rule|Evasion Moves Clause: Evasion moves are banned
|rule|Evasion Abilities Clause: Evasion abilities are banned
|rule|Sleep Moves Clause: Sleep-inducing moves are banned
|clearpoke
|poke|p1|Pincurchin, M|
|poke|p1|Iron Valiant|
|poke|p1|Raging Bolt|
|poke|p1|Iron Treads|
|poke|p1|Hawlucha, M|
|poke|p1|Pecharunt|
|poke|p2|Quaquaval, M|
|poke|p2|Iron Moth|
|poke|p2|Dragapult, F|
|poke|p2|Corviknight, M|
|poke|p2|Grimmsnarl, M|
|poke|p2|Garganacl, F|
|teampreview
|inactive|Battle timer is ON: inactive players will automatically lose when time's up. (requested by ja hoi)
|
|t:|1769426398
|teamsize|p1|6
|teamsize|p2|6
|start
|switch|p1a: Pincurchin|Pincurchin, M, shiny|100/100
|switch|p2a: Grimmsnarl|Grimmsnarl, M|100/100
|-fieldstart|move: Electric Terrain|[from] ability: Electric Surge|[of] p1a: Pincurchin
|turn|1
|
|t:|1769426413
|move|p2a: Grimmsnarl|Taunt|p1a: Pincurchin
|-start|p1a: Pincurchin|move: Taunt
|move|p1a: Pincurchin|Discharge|p2a: Grimmsnarl
|-damage|p2a: Grimmsnarl|75/100
|
|upkeep
|turn|2
|
|t:|1769426420
|move|p2a: Grimmsnarl|Parting Shot|p1a: Pincurchin
|-unboost|p1a: Pincurchin|atk|1
|-unboost|p1a: Pincurchin|spa|1
|
|t:|1769426432
|switch|p2a: Garganacl|Garganacl, F|100/100|[from] Parting Shot
|move|p1a: Pincurchin|Discharge|p2a: Garganacl
|-damage|p2a: Garganacl|85/100
|
|-heal|p2a: Garganacl|91/100|[from] item: Leftovers
|upkeep
|turn|3
|
|t:|1769426442
|move|p2a: Garganacl|Salt Cure|p1a: Pincurchin
|-damage|p1a: Pincurchin|82/100
|-start|p1a: Pincurchin|Salt Cure
|move|p1a: Pincurchin|Discharge|p2a: Garganacl
|-damage|p2a: Garganacl|75/100
|
|-heal|p2a: Garganacl|81/100|[from] item: Leftovers
|-damage|p1a: Pincurchin|70/100|[from] Salt Cure
|-end|p1a: Pincurchin|move: Taunt
|upkeep
|turn|4
|
|t:|1769426464
|move|p2a: Garganacl|Body Press|p1a: Pincurchin
|-damage|p1a: Pincurchin|41/100
|move|p1a: Pincurchin|Spikes|p2a: Garganacl
|-sidestart|p2: ja hoi|Spikes
|
|-heal|p2a: Garganacl|88/100|[from] item: Leftovers
|-damage|p1a: Pincurchin|29/100|[from] Salt Cure
|upkeep
|turn|5
|
|t:|1769426474
|switch|p1a: Pecharunt|Pecharunt|100/100
|move|p2a: Garganacl|Salt Cure|p1a: Pecharunt
|-damage|p1a: Pecharunt|94/100
|-start|p1a: Pecharunt|Salt Cure
|
|-heal|p2a: Garganacl|94/100|[from] item: Leftovers
|-damage|p1a: Pecharunt|82/100|[from] Salt Cure
|upkeep
|turn|6
|
|t:|1769426483
|switch|p2a: Corviknight|Corviknight, M|100/100
|-ability|p2a: Corviknight|Pressure
|move|p1a: Pecharunt|Parting Shot|p2a: Corviknight
|-unboost|p2a: Corviknight|atk|1
|-unboost|p2a: Corviknight|spa|1
|
|t:|1769426487
|switch|p1a: Raging Bolt|Raging Bolt|100/100|[from] Parting Shot
|
|upkeep
|turn|7
|
|t:|1769426496
|switch|p2a: Grimmsnarl|Grimmsnarl, M|75/100
|-damage|p2a: Grimmsnarl|63/100|[from] Spikes
|move|p1a: Raging Bolt|Rising Voltage|p2a: Grimmsnarl
|-hint|Rising Voltage's BP doubled on grounded target.
|-damage|p2a: Grimmsnarl|0 fnt
|faint|p2a: Grimmsnarl
|
|upkeep
|
|t:|1769426513
|switch|p2a: Garganacl|Garganacl, F|94/100
|-damage|p2a: Garganacl|81/100|[from] Spikes
|turn|8
|
|t:|1769426518
|move|p1a: Raging Bolt|Rising Voltage|p2a: Garganacl
|-hint|Rising Voltage's BP doubled on grounded target.
|-damage|p2a: Garganacl|0 fnt
|faint|p2a: Garganacl
|
|-fieldend|move: Electric Terrain
|upkeep
|
|t:|1769426527
|switch|p2a: Iron Moth|Iron Moth|100/100
|-damage|p2a: Iron Moth|88/100|[from] Spikes
|-enditem|p2a: Iron Moth|Booster Energy
|-activate|p2a: Iron Moth|ability: Quark Drive|[fromitem]
|-start|p2a: Iron Moth|quarkdrivespa
|turn|9
|
|t:|1769426543
|move|p2a: Iron Moth|Sludge Wave|p1a: Raging Bolt
|-damage|p1a: Raging Bolt|26/100
|move|p1a: Raging Bolt|Rising Voltage|p2a: Iron Moth
|-damage|p2a: Iron Moth|22/100
|
|upkeep
|turn|10
|
|t:|1769426555
|-end|p1a: Raging Bolt|Protosynthesis|[silent]
|switch|p1a: Pincurchin|Pincurchin, M, shiny|29/100
|-fieldstart|move: Electric Terrain|[from] ability: Electric Surge|[of] p1a: Pincurchin
|move|p2a: Iron Moth|Agility|p2a: Iron Moth
|-boost|p2a: Iron Moth|spe|2
|
|upkeep
|turn|11
|
|t:|1769426567
|move|p2a: Iron Moth|Fiery Dance|p1a: Pincurchin
|-damage|p1a: Pincurchin|0 fnt
|-boost|p2a: Iron Moth|spa|1
|faint|p1a: Pincurchin
|
|upkeep
|
|t:|1769426575
|switch|p1a: Raging Bolt|Raging Bolt|26/100
|turn|12
|
|t:|1769426578
|move|p1a: Raging Bolt|Thunderclap||[still]
|-fail|p1a: Raging Bolt
|move|p2a: Iron Moth|Agility|p2a: Iron Moth
|-boost|p2a: Iron Moth|spe|2
|
|upkeep
|turn|13
|
|t:|1769426584
|move|p1a: Raging Bolt|Thunderclap||[still]
|-fail|p1a: Raging Bolt
|move|p2a: Iron Moth|Agility|p2a: Iron Moth
|-boost|p2a: Iron Moth|spe|2
|
|upkeep
|turn|14
|
|t:|1769426590
|-end|p1a: Raging Bolt|Protosynthesis|[silent]
|switch|p1a: Pecharunt|Pecharunt|82/100
|move|p2a: Iron Moth|Agility|p2a: Iron Moth
|-boost|p2a: Iron Moth|spe|0
|
|upkeep
|turn|15
|
|t:|1769426600
|-terastallize|p2a: Iron Moth|Fire
|move|p2a: Iron Moth|Fiery Dance|p1a: Pecharunt
|-damage|p1a: Pecharunt|0 fnt
|faint|p1a: Pecharunt
|
|upkeep
|
|t:|1769426604
|switch|p1a: Raging Bolt|Raging Bolt|26/100
|turn|16
|
|t:|1769426607
|move|p1a: Raging Bolt|Thunderclap||[still]
|-fail|p1a: Raging Bolt
|move|p2a: Iron Moth|Agility|p2a: Iron Moth
|-boost|p2a: Iron Moth|spe|0
|
|upkeep
|turn|17
|
|t:|1769426613
|-end|p1a: Raging Bolt|Protosynthesis|[silent]
|switch|p1a: Iron Treads|Iron Treads|100/100
|-item|p1a: Iron Treads|Air Balloon
|-activate|p1a: Iron Treads|ability: Quark Drive
|-start|p1a: Iron Treads|quarkdrivespe
|move|p2a: Iron Moth|Agility|p2a: Iron Moth
|-boost|p2a: Iron Moth|spe|0
|
|-fieldend|move: Electric Terrain
|-end|p1a: Iron Treads|Quark Drive
|upkeep
|turn|18
|
|t:|1769426639
|-end|p1a: Iron Treads|Quark Drive|[silent]
|switch|p1a: Hawlucha|Hawlucha, M|100/100
|move|p2a: Iron Moth|Energy Ball|p1a: Hawlucha
|-resisted|p1a: Hawlucha
|-damage|p1a: Hawlucha|49/100
|-unboost|p1a: Hawlucha|spd|1
|
|upkeep
|turn|19
|
|t:|1769426646
|move|p2a: Iron Moth|Fiery Dance|p1a: Hawlucha
|-damage|p1a: Hawlucha|0 fnt
|-boost|p2a: Iron Moth|spa|1
|faint|p1a: Hawlucha
|
|upkeep
|
|t:|1769426652
|switch|p1a: Raging Bolt|Raging Bolt|26/100
|turn|20
|
|t:|1769426655
|move|p1a: Raging Bolt|Thunderclap||[still]
|-fail|p1a: Raging Bolt
|move|p2a: Iron Moth|Agility|p2a: Iron Moth
|-boost|p2a: Iron Moth|spe|0
|
|upkeep
|turn|21
|
|t:|1769426666
|-end|p1a: Raging Bolt|Protosynthesis|[silent]
|switch|p1a: Iron Treads|Iron Treads|100/100
|-item|p1a: Iron Treads|Air Balloon
|move|p2a: Iron Moth|Agility|p2a: Iron Moth
|-boost|p2a: Iron Moth|spe|0
|
|upkeep
|turn|22
|
|t:|1769426676
|move|p2a: Iron Moth|Energy Ball|p1a: Iron Treads
|-damage|p1a: Iron Treads|0 fnt
|-enditem|p1a: Iron Treads|Air Balloon
|faint|p1a: Iron Treads
|-end|p1a: Iron Treads|Quark Drive|[silent]
|
|upkeep
|
|t:|1769426678
|switch|p1a: Raging Bolt|Raging Bolt|26/100
|turn|23
|
|t:|1769426684
|move|p2a: Iron Moth|Agility|p2a: Iron Moth
|-boost|p2a: Iron Moth|spe|0
|move|p1a: Raging Bolt|Volt Switch|p2a: Iron Moth
|-damage|p2a: Iron Moth|0 fnt
|faint|p2a: Iron Moth
|-end|p2a: Iron Moth|Quark Drive|[silent]
|
|t:|1769426686
|-end|p1a: Raging Bolt|Protosynthesis|[silent]
|switch|p1a: Iron Valiant|Iron Valiant|100/100|[from] Volt Switch
|
|upkeep
|c|☆ja hoi|haha gj
|
|t:|1769426693
|switch|p2a: Corviknight|Corviknight, M|100/100
|-ability|p2a: Corviknight|Pressure
|turn|24
|
|t:|1769426702
|-end|p1a: Iron Valiant|Quark Drive|[silent]
|switch|p1a: Raging Bolt|Raging Bolt|26/100
|move|p2a: Corviknight|Brave Bird|p1a: Raging Bolt
|-resisted|p1a: Raging Bolt
|-damage|p1a: Raging Bolt|3/100
|-damage|p2a: Corviknight|93/100|[from] Recoil
|
|upkeep
|turn|25
|
|t:|1769426710
|switch|p2a: Dragapult|Dragapult, F|100/100
|-damage|p2a: Dragapult|88/100|[from] Spikes
|move|p1a: Raging Bolt|Volt Switch|p2a: Dragapult
|-resisted|p2a: Dragapult
|-crit|p2a: Dragapult
|-damage|p2a: Dragapult|27/100
|
|t:|1769426712
|-end|p1a: Raging Bolt|Protosynthesis|[silent]
|switch|p1a: Iron Valiant|Iron Valiant|100/100|[from] Volt Switch
|
|-heal|p2a: Dragapult|33/100|[from] item: Leftovers
|upkeep
|turn|26
|
|t:|1769426724
|move|p2a: Dragapult|Tera Blast|p1a: Iron Valiant
|-damage|p1a: Iron Valiant|62/100
|move|p1a: Iron Valiant|Moonblast|p2a: Dragapult
|-supereffective|p2a: Dragapult
|-damage|p2a: Dragapult|0 fnt
|faint|p2a: Dragapult
|-damage|p1a: Iron Valiant|52/100|[from] item: Life Orb
|
|upkeep
|
|t:|1769426733
|switch|p2a: Corviknight|Corviknight, M|93/100
|-ability|p2a: Corviknight|Pressure
|turn|27
|
|t:|1769426750
|move|p1a: Iron Valiant|Close Combat|p2a: Corviknight
|-damage|p2a: Corviknight|33/100
|-unboost|p1a: Iron Valiant|def|1
|-unboost|p1a: Iron Valiant|spd|1
|-damage|p1a: Iron Valiant|35/100|[from] item: Rocky Helmet|[of] p2a: Corviknight
|-damage|p1a: Iron Valiant|26/100|[from] item: Life Orb
|move|p2a: Corviknight|Brave Bird|p1a: Iron Valiant
|-supereffective|p1a: Iron Valiant
|-damage|p1a: Iron Valiant|0 fnt
|faint|p1a: Iron Valiant
|-end|p1a: Iron Valiant|Quark Drive|[silent]
|-damage|p2a: Corviknight|27/100|[from] Recoil
|
|upkeep
|
|t:|1769426752
|switch|p1a: Raging Bolt|Raging Bolt|3/100
|turn|28
|c|☆ja hoi|gg
|
|t:|1769426764
|move|p1a: Raging Bolt|Thunderclap|p2a: Corviknight
|-supereffective|p2a: Corviknight
|-damage|p2a: Corviknight|0 fnt
|faint|p2a: Corviknight
|
|upkeep
|
|t:|1769426768
|switch|p2a: Quaquaval|Quaquaval, M|100/100
|-damage|p2a: Quaquaval|88/100|[from] Spikes
|turn|29
|c|☆ja hoi|assuming its specs and not scarf
|
|t:|1769426782
|move|p2a: Quaquaval|Aqua Jet|p1a: Raging Bolt
|-resisted|p1a: Raging Bolt
|-damage|p1a: Raging Bolt|0 fnt
|faint|p1a: Raging Bolt
|-end|p1a: Raging Bolt|Protosynthesis|[silent]
|
|win|ja hoi
|raw|IVN CRDZ's rating: 1664 &rarr; <strong>1638</strong><br />(-26 for losing)
|raw|ja hoi's rating: 1554 &rarr; <strong>1580</strong><br />(+26 for winning)
|c|☆ja hoi|gg
|l|☆ja hoi
|player|p2|
|l|☆IVN CRDZ
|player|p1|
