|j|☆ildiobo
|j|☆youseeme20226
|t:|1769408339
|gametype|singles
|player|p1|ildiobo|steven|1269
|player|p2|youseeme20226|170|1219
|gen|9
|tier|[Gen 9] OU
|rated|
|rule|HP Percentage Mod: HP is shown in percentages
|rule|Endless Battle Clause: Forcing endless battles is banned
|rule|Species Clause: Limit one of each Pokémon
|rule|OHKO Clause: OHKO moves are banned
|rule|Evasion Items Clause: Evasion items are banned
|rule|Evasion Moves Clause: Evasion moves are banned
|rule|Evasion Abilities Clause: Evasion abilities are banned
|rule|Sleep Moves Clause: Sleep-inducing moves are banned
|clearpoke
|poke|p1|Hydrapple, M|
|poke|p1|Tyranitar, F|
|poke|p1|Moltres|
|poke|p1|Zamazenta-*|
|poke|p1|Slowking-Galar, M|
|poke|p1|Excadrill, F|
|poke|p2|Dodrio, M|
|poke|p2|Latios, M|
|poke|p2|Glastrier|
|poke|p2|Honchkrow, M|
|poke|p2|Bastiodon, M|
|poke|p2|Victreebel, M|
|teampreview
|inactive|Battle timer is ON: inactive players will automatically lose when time's up. (requested by ildiobo)
|
|t:|1769408349
|teamsize|p1|6
|teamsize|p2|6
|start
|switch|p1a: Tyranitar|Tyranitar, F|100/100
|switch|p2a: Bastiodon|Bastiodon, M|100/100
|-weather|Sandstorm|[from] ability: Sand Stream|[of] p1a: Tyranitar
|turn|1
|
|t:|1769408360
|move|p1a: Tyranitar|Stealth Rock|p2a: Bastiodon
|-sidestart|p2: youseeme20226|move: Stealth Rock
|move|p2a: Bastiodon|Stealth Rock|p1a: Tyranitar
|-sidestart|p1: ildiobo|move: Stealth Rock
|
|-weather|Sandstorm|[upkeep]
|upkeep
|turn|2
|
|t:|1769408369
|move|p1a: Tyranitar|Knock Off|p2a: Bastiodon
|-damage|p2a: Bastiodon|70/100
|-enditem|p2a: Bastiodon|Power Herb|[from] move: Knock Off|[of] p1a: Tyranitar
|move|p2a: Bastiodon|Meteor Beam||[still]
|-prepare|p2a: Bastiodon|Meteor Beam
|-boost|p2a: Bastiodon|spa|1
|
|-weather|Sandstorm|[upkeep]
|upkeep
|turn|3
|
|t:|1769408380
|move|p1a: Tyranitar|Thunder Wave|p2a: Bastiodon
|-status|p2a: Bastiodon|par
|move|p2a: Bastiodon|Meteor Beam|p1a: Tyranitar|[from] lockedmove
|-damage|p1a: Tyranitar|75/100
|
|-weather|Sandstorm|[upkeep]
|upkeep
|turn|4
|
|t:|1769408399
|switch|p1a: Excadrill|Excadrill, F|100/100
|-damage|p1a: Excadrill|97/100|[from] Stealth Rock
|-item|p1a: Excadrill|Air Balloon
|move|p2a: Bastiodon|Metal Burst||[still]
|-fail|p2a: Bastiodon
|
|-weather|Sandstorm|[upkeep]
|upkeep
|turn|5
|
|t:|1769408414
|move|p1a: Excadrill|Swords Dance|p1a: Excadrill
|-boost|p1a: Excadrill|atk|2
|move|p2a: Bastiodon|Metal Burst||[still]
|-fail|p2a: Bastiodon
|
|-weather|Sandstorm|[upkeep]
|upkeep
|turn|6
|-message|youseeme20226 forfeited.
|
|win|ildiobo
|raw|ildiobo's rating: 1269 &rarr; <strong>1290</strong><br />(+21 for winning)
|raw|youseeme20226's rating: 1219 &rarr; <strong>1198</strong><br />(-21 for losing)
|l|☆youseeme20226
|player|p2|
|l|☆ildiobo
|player|p1|
