|j|☆youllthinkofyee
|j|☆Anwabuk
|t:|1769443118
|gametype|singles
|player|p1|youllthinkofyee|101|1252
|player|p2|Anwabuk|2|1231
|gen|9
|tier|[Gen 9] OU
|rated|
|rule|HP Percentage Mod: HP is shown in percentages
|rule|Endless Battle Clause: Forcing endless battles is banned
|rule|Species Clause: Limit one of each Pokémon
|rule|OHKO Clause: OHKO moves are banned
|rule|Evasion Items Clause: Evasion items are banned
|rule|Evasion Moves Clause: Evasion moves are banned
|rule|Evasion Abilities Clause: Evasion abilities are banned
|rule|Sleep Moves Clause: Sleep-inducing moves are banned
|clearpoke
|poke|p1|Quaquaval, F|
|poke|p1|Pelipper, M|
|poke|p1|Zapdos|
|poke|p1|Meowscarada, F|
|poke|p1|Iron Moth|
|poke|p1|Rotom-Wash|
|poke|p2|Gliscor, F|
|poke|p2|Florges, F|
|poke|p2|Dragonite, F|
|poke|p2|Rillaboom, F|
|poke|p2|Iron Valiant|
|poke|p2|Kyurem|
|teampreview
|inactive|Battle timer is ON: inactive players will automatically lose when time's up. (requested by youllthinkofyee)
|
|t:|1769443128
|teamsize|p1|6
|teamsize|p2|6
|start
|switch|p1a: Meowscarada|Meowscarada, F|100/100
|switch|p2a: Rillaboom|Rillaboom, F, shiny|100/100
|-fieldstart|move: Grassy Terrain|[from] ability: Grassy Surge|[of] p2a: Rillaboom
|turn|1
|
|t:|1769443143
|switch|p2a: Kyurem|Kyurem, shiny|100/100
|-ability|p2a: Kyurem|Pressure
|move|p1a: Meowscarada|U-turn|p2a: Kyurem
|-start|p1a: Meowscarada|typechange|Bug|[from] ability: Protean
|-damage|p2a: Kyurem|62/100
|-damage|p1a: Meowscarada|91/100|[from] item: Life Orb
|
|t:|1769443157
|switch|p1a: Quaquaval|Quaquaval, F|100/100|[from] U-turn
|
|-heal|p2a: Kyurem|69/100|[from] Grassy Terrain
|upkeep
|turn|2
|
|t:|1769443169
|move|p2a: Kyurem|Draco Meteor|p1a: Quaquaval
|-damage|p1a: Quaquaval|36/100
|-unboost|p2a: Kyurem|spa|2
|move|p1a: Quaquaval|Rapid Spin|p2a: Kyurem
|-damage|p2a: Kyurem|53/100
|-boost|p1a: Quaquaval|spe|1
|
|-heal|p2a: Kyurem|59/100|[from] Grassy Terrain
|-heal|p1a: Quaquaval|42/100|[from] Grassy Terrain
|upkeep
|turn|3
|
|t:|1769443179
|move|p2a: Kyurem|Draco Meteor|p1a: Quaquaval
|-damage|p1a: Quaquaval|13/100
|-unboost|p2a: Kyurem|spa|2
|move|p1a: Quaquaval|Close Combat|p2a: Kyurem
|-supereffective|p2a: Kyurem
|-damage|p2a: Kyurem|0 fnt
|-unboost|p1a: Quaquaval|def|1
|-unboost|p1a: Quaquaval|spd|1
|faint|p2a: Kyurem
|-ability|p1a: Quaquaval|Moxie|boost
|-boost|p1a: Quaquaval|atk|1
|
|-heal|p1a: Quaquaval|19/100|[from] Grassy Terrain
|upkeep
|
|t:|1769443194
|switch|p2a: Gliscor|Gliscor, F, shiny|100/100
|turn|4
|
|t:|1769443204
|move|p2a: Gliscor|Protect|p2a: Gliscor
|-singleturn|p2a: Gliscor|Protect
|move|p1a: Quaquaval|Ice Spinner|p2a: Gliscor
|-activate|p2a: Gliscor|move: Protect
|
|-heal|p1a: Quaquaval|25/100|[from] Grassy Terrain
|-status|p2a: Gliscor|tox|[from] item: Toxic Orb
|upkeep
|turn|5
|
|t:|1769443219
|switch|p2a: Iron Valiant|Iron Valiant, shiny|100/100
|-enditem|p2a: Iron Valiant|Booster Energy
|-activate|p2a: Iron Valiant|ability: Quark Drive|[fromitem]
|-start|p2a: Iron Valiant|quarkdrivespe
|move|p1a: Quaquaval|Ice Spinner|p2a: Iron Valiant
|-damage|p2a: Iron Valiant|46/100
|-fieldend|move: Grassy Terrain
|
|upkeep
|turn|6
|
|t:|1769443228
|move|p2a: Iron Valiant|Thunderbolt|p1a: Quaquaval
|-supereffective|p1a: Quaquaval
|-crit|p1a: Quaquaval
|-damage|p1a: Quaquaval|0 fnt
|faint|p1a: Quaquaval
|
|upkeep
|
|t:|1769443237
|switch|p1a: Zapdos|Zapdos|100/100
|-ability|p1a: Zapdos|Pressure
|turn|7
|
|t:|1769443242
|move|p2a: Iron Valiant|Moonblast|p1a: Zapdos
|-damage|p1a: Zapdos|64/100
|move|p1a: Zapdos|Hurricane|p2a: Iron Valiant|[miss]
|-miss|p1a: Zapdos|p2a: Iron Valiant
|
|upkeep
|turn|8
|
|t:|1769443245
|move|p2a: Iron Valiant|Moonblast|p1a: Zapdos
|-damage|p1a: Zapdos|29/100
|move|p1a: Zapdos|Hurricane|p2a: Iron Valiant
|-supereffective|p2a: Iron Valiant
|-damage|p2a: Iron Valiant|0 fnt
|faint|p2a: Iron Valiant
|-end|p2a: Iron Valiant|Quark Drive|[silent]
|
|upkeep
|
|t:|1769443253
|switch|p2a: Gliscor|Gliscor, F, shiny|100/100 tox
|turn|9
|
|t:|1769443257
|switch|p1a: Pelipper|Pelipper, M|100/100
|-weather|RainDance|[from] ability: Drizzle|[of] p1a: Pelipper
|move|p2a: Gliscor|Stealth Rock|p1a: Pelipper
|-sidestart|p1: youllthinkofyee|move: Stealth Rock
|
|-weather|RainDance|[upkeep]
|upkeep
|turn|10
|
|t:|1769443266
|move|p2a: Gliscor|Toxic|p1a: Pelipper
|-status|p1a: Pelipper|tox
|move|p1a: Pelipper|Ice Beam|p2a: Gliscor
|-supereffective|p2a: Gliscor
|-crit|p2a: Gliscor
|-damage|p2a: Gliscor|0 fnt
|faint|p2a: Gliscor
|
|-weather|RainDance|[upkeep]
|-damage|p1a: Pelipper|94/100 tox|[from] psn
|upkeep
|
|t:|1769443273
|switch|p2a: Florges|Florges, F, shiny|100/100
|turn|11
|
|t:|1769443282
|move|p2a: Florges|Calm Mind|p2a: Florges
|-boost|p2a: Florges|spa|1
|-boost|p2a: Florges|spd|1
|move|p1a: Pelipper|U-turn|p2a: Florges
|-resisted|p2a: Florges
|-damage|p2a: Florges|95/100
|
|t:|1769443297
|switch|p1a: Iron Moth|Iron Moth|100/100|[from] U-turn
|-damage|p1a: Iron Moth|76/100|[from] Stealth Rock
|-enditem|p1a: Iron Moth|Booster Energy
|-activate|p1a: Iron Moth|ability: Quark Drive|[fromitem]
|-start|p1a: Iron Moth|quarkdrivespa
|
|-weather|RainDance|[upkeep]
|-heal|p2a: Florges|100/100|[from] item: Leftovers
|upkeep
|turn|12
|
|t:|1769443310
|-terastallize|p2a: Florges|Psychic
|move|p1a: Iron Moth|Sludge Wave|p2a: Florges
|-damage|p2a: Florges|79/100
|move|p2a: Florges|Psychic Noise|p1a: Iron Moth
|-supereffective|p1a: Iron Moth
|-damage|p1a: Iron Moth|0 fnt
|faint|p1a: Iron Moth
|-end|p1a: Iron Moth|Quark Drive|[silent]
|
|-weather|RainDance|[upkeep]
|-heal|p2a: Florges|85/100|[from] item: Leftovers
|upkeep
|
|t:|1769443317
|switch|p1a: Meowscarada|Meowscarada, F|91/100
|-damage|p1a: Meowscarada|78/100|[from] Stealth Rock
|turn|13
|
|t:|1769443322
|move|p1a: Meowscarada|Knock Off|p2a: Florges
|-start|p1a: Meowscarada|typechange|Dark|[from] ability: Protean
|-supereffective|p2a: Florges
|-damage|p2a: Florges|0 fnt
|-enditem|p2a: Florges|Leftovers|[from] move: Knock Off|[of] p1a: Meowscarada
|faint|p2a: Florges
|-damage|p1a: Meowscarada|68/100|[from] item: Life Orb
|
|-weather|RainDance|[upkeep]
|upkeep
|
|t:|1769443327
|switch|p2a: Dragonite|Dragonite, F, shiny|100/100
|turn|14
|
|t:|1769443334
|move|p1a: Meowscarada|Play Rough|p2a: Dragonite
|-supereffective|p2a: Dragonite
|-damage|p2a: Dragonite|60/100
|-damage|p1a: Meowscarada|59/100|[from] item: Life Orb
|move|p2a: Dragonite|Dragon Dance|p2a: Dragonite
|-boost|p2a: Dragonite|atk|1
|-boost|p2a: Dragonite|spe|1
|
|-weather|RainDance|[upkeep]
|upkeep
|turn|15
|
|t:|1769443347
|move|p2a: Dragonite|Extreme Speed|p1a: Meowscarada
|-damage|p1a: Meowscarada|0 fnt
|faint|p1a: Meowscarada
|
|-weather|RainDance|[upkeep]
|upkeep
|
|t:|1769443353
|switch|p1a: Pelipper|Pelipper, M|94/100 tox
|-damage|p1a: Pelipper|70/100 tox|[from] Stealth Rock
|turn|16
|
|t:|1769443360
|move|p2a: Dragonite|Extreme Speed|p1a: Pelipper
|-damage|p1a: Pelipper|27/100 tox
|move|p1a: Pelipper|Ice Beam|p2a: Dragonite
|-supereffective|p2a: Dragonite
|-damage|p2a: Dragonite|0 fnt
|faint|p2a: Dragonite
|
|-weather|none
|-damage|p1a: Pelipper|20/100 tox|[from] psn
|upkeep
|
|t:|1769443364
|switch|p2a: Rillaboom|Rillaboom, F, shiny|100/100
|-fieldstart|move: Grassy Terrain|[from] ability: Grassy Surge|[of] p2a: Rillaboom
|turn|17
|
|t:|1769443376
|move|p2a: Rillaboom|Swords Dance|p2a: Rillaboom
|-boost|p2a: Rillaboom|atk|2
|move|p1a: Pelipper|Ice Beam|p2a: Rillaboom
|-supereffective|p2a: Rillaboom
|-damage|p2a: Rillaboom|24/100
|
|-heal|p2a: Rillaboom|30/100|[from] Grassy Terrain
|-heal|p2a: Rillaboom|37/100|[from] item: Leftovers
|-damage|p1a: Pelipper|8/100 tox|[from] psn
|upkeep
|turn|18
|
|t:|1769443380
|move|p2a: Rillaboom|Grassy Glide|p1a: Pelipper
|-damage|p1a: Pelipper|0 fnt
|faint|p1a: Pelipper
|
|-heal|p2a: Rillaboom|43/100|[from] Grassy Terrain
|-heal|p2a: Rillaboom|49/100|[from] item: Leftovers
|upkeep
|
|t:|1769443385
|switch|p1a: Rotom|Rotom-Wash|100/100
|-damage|p1a: Rotom|88/100|[from] Stealth Rock
|turn|19
|
|t:|1769443391
|-terastallize|p1a: Rotom|Ghost
|move|p2a: Rillaboom|Grassy Glide|p1a: Rotom
|-damage|p1a: Rotom|0 fnt
|faint|p1a: Rotom
|
|-heal|p2a: Rillaboom|55/100|[from] Grassy Terrain
|-heal|p2a: Rillaboom|61/100|[from] item: Leftovers
|upkeep
|
|t:|1769443396
|switch|p1a: Zapdos|Zapdos|29/100
|-damage|p1a: Zapdos|4/100|[from] Stealth Rock
|-ability|p1a: Zapdos|Pressure
|turn|20
|
|t:|1769443402
|move|p2a: Rillaboom|Grassy Glide|p1a: Zapdos
|-resisted|p1a: Zapdos
|-damage|p1a: Zapdos|0 fnt
|faint|p1a: Zapdos
|
|win|Anwabuk
|raw|youllthinkofyee's rating: 1252 &rarr; <strong>1225</strong><br />(-27 for losing)
|raw|Anwabuk's rating: 1231 &rarr; <strong>1258</strong><br />(+27 for winning)
|l|☆youllthinkofyee
|player|p1|
|l|☆Anwabuk
|player|p2|
