|j|☆morakki
|j|☆FearHater
|t:|1769371101
|gametype|singles
|player|p1|morakki|2|1283
|player|p2|FearHater|cynthia|1375
|gen|9
|tier|[Gen 9] OU
|rated|
|rule|HP Percentage Mod: HP is shown in percentages
|rule|Endless Battle Clause: Forcing endless battles is banned
|rule|Species Clause: Limit one of each Pokémon
|rule|OHKO Clause: OHKO moves are banned
|rule|Evasion Items Clause: Evasion items are banned
|rule|Evasion Moves Clause: Evasion moves are banned
|rule|Evasion Abilities Clause: Evasion abilities are banned
|rule|Sleep Moves Clause: Sleep-inducing moves are banned
|clearpoke
|poke|p1|Vivillon-Pokeball, F|
|poke|p1|Pelipper, M|
|poke|p1|Raging Bolt|
|poke|p1|Ogerpon-Wellspring, F|
|poke|p1|Quaquaval, M|
|poke|p1|Chansey, F|
|poke|p2|Deoxys-Speed|
|poke|p2|Great Tusk|
|poke|p2|Pecharunt|
|poke|p2|Kommo-o, M|
|poke|p2|Kingambit, M|
|poke|p2|Dragonite, M|
|teampreview
|inactive|Battle timer is ON: inactive players will automatically lose when time's up. (requested by morakki)
|
|t:|1769371110
|teamsize|p1|6
|teamsize|p2|6
|start
|switch|p1a: Pelipper|Pelipper, M|100/100
|switch|p2a: IT WAS ME BARRY|Deoxys-Speed, shiny|100/100
|-ability|p2a: IT WAS ME BARRY|Pressure
|-weather|RainDance|[from] ability: Drizzle|[of] p1a: Pelipper
|turn|1
|
|t:|1769371122
|move|p2a: IT WAS ME BARRY|Reflect|p2a: IT WAS ME BARRY
|-sidestart|p2: FearHater|Reflect
|move|p1a: Pelipper|U-turn|p2a: IT WAS ME BARRY
|-supereffective|p2a: IT WAS ME BARRY
|-damage|p2a: IT WAS ME BARRY|90/100
|
|t:|1769371131
|switch|p1a: Vivillon|Vivillon-Pokeball, F|100/100|[from] U-turn
|
|-weather|RainDance|[upkeep]
|upkeep
|turn|2
|
|t:|1769371134
|move|p2a: IT WAS ME BARRY|Light Screen|p2a: IT WAS ME BARRY
|-sidestart|p2: FearHater|move: Light Screen
|move|p1a: Vivillon|Quiver Dance|p1a: Vivillon
|-boost|p1a: Vivillon|spa|1
|-boost|p1a: Vivillon|spd|1
|-boost|p1a: Vivillon|spe|1
|
|-weather|RainDance|[upkeep]
|upkeep
|turn|3
|
|t:|1769371141
|move|p2a: IT WAS ME BARRY|Taunt|p1a: Vivillon
|-start|p1a: Vivillon|move: Taunt
|cant|p1a: Vivillon|move: Taunt|Quiver Dance
|
|-weather|RainDance|[upkeep]
|upkeep
|turn|4
|
|t:|1769371145
|move|p2a: IT WAS ME BARRY|Psycho Boost|p1a: Vivillon
|-damage|p1a: Vivillon|45/100
|-unboost|p2a: IT WAS ME BARRY|spa|2
|move|p1a: Vivillon|Bug Buzz|p2a: IT WAS ME BARRY
|-supereffective|p2a: IT WAS ME BARRY
|-damage|p2a: IT WAS ME BARRY|33/100
|
|-weather|RainDance|[upkeep]
|upkeep
|turn|5
|
|t:|1769371150
|move|p2a: IT WAS ME BARRY|Psycho Boost|p1a: Vivillon
|-damage|p1a: Vivillon|15/100
|-unboost|p2a: IT WAS ME BARRY|spa|2
|move|p1a: Vivillon|Bug Buzz|p2a: IT WAS ME BARRY
|-supereffective|p2a: IT WAS ME BARRY
|-damage|p2a: IT WAS ME BARRY|0 fnt
|faint|p2a: IT WAS ME BARRY
|
|-weather|none
|-end|p1a: Vivillon|move: Taunt
|upkeep
|
|t:|1769371156
|switch|p2a: Gojira|Kommo-o, M|100/100
|turn|6
|
|t:|1769371159
|-terastallize|p2a: Gojira|Normal
|move|p1a: Vivillon|Hurricane|p2a: Gojira
|-damage|p2a: Gojira|68/100
|move|p2a: Gojira|Clangorous Soul|p2a: Gojira
|-boost|p2a: Gojira|atk|1
|-boost|p2a: Gojira|def|1
|-boost|p2a: Gojira|spa|1
|-boost|p2a: Gojira|spd|1
|-boost|p2a: Gojira|spe|1
|-damage|p2a: Gojira|35/100
|-enditem|p2a: Gojira|Throat Spray
|-boost|p2a: Gojira|spa|1|[from] item: Throat Spray
|
|upkeep
|turn|7
|
|t:|1769371163
|move|p1a: Vivillon|Hurricane|p2a: Gojira
|-damage|p2a: Gojira|14/100
|-start|p2a: Gojira|confusion
|-activate|p2a: Gojira|confusion
|move|p2a: Gojira|Boomburst|p1a: Vivillon
|-damage|p1a: Vivillon|0 fnt
|faint|p1a: Vivillon
|
|upkeep
|
|t:|1769371169
|switch|p1a: Pelipper|Pelipper, M|100/100
|-weather|RainDance|[from] ability: Drizzle|[of] p1a: Pelipper
|turn|8
|
|t:|1769371174
|-activate|p2a: Gojira|confusion
|move|p2a: Gojira|Boomburst|p1a: Pelipper
|-damage|p1a: Pelipper|0 fnt
|faint|p1a: Pelipper
|
|-weather|RainDance|[upkeep]
|-sideend|p2: FearHater|Reflect
|upkeep
|
|t:|1769371181
|switch|p1a: Ogerpon|Ogerpon-Wellspring, F|100/100
|turn|9
|
|t:|1769371185
|-activate|p2a: Gojira|confusion
|-damage|p2a: Gojira|6/100|[from] confusion
|move|p1a: Ogerpon|Ivy Cudgel|p2a: Gojira|[anim] Ivy Cudgel Water
|-damage|p2a: Gojira|0 fnt
|faint|p2a: Gojira
|
|-weather|RainDance|[upkeep]
|-sideend|p2: FearHater|move: Light Screen
|upkeep
|
|t:|1769371191
|switch|p2a: Dokutaro|Pecharunt|100/100
|turn|10
|
|t:|1769371200
|move|p1a: Ogerpon|Ivy Cudgel|p2a: Dokutaro|[anim] Ivy Cudgel Water
|-damage|p2a: Dokutaro|56/100
|move|p2a: Dokutaro|Malignant Chain|p1a: Ogerpon
|-supereffective|p1a: Ogerpon
|-damage|p1a: Ogerpon|27/100
|-status|p1a: Ogerpon|tox
|-start|p1a: Ogerpon|confusion|[from] ability: Poison Puppeteer|[of] p2a: Dokutaro
|
|-weather|RainDance|[upkeep]
|-damage|p1a: Ogerpon|21/100 tox|[from] psn
|upkeep
|turn|11
|
|t:|1769371206
|-activate|p1a: Ogerpon|confusion
|move|p1a: Ogerpon|Ivy Cudgel|p2a: Dokutaro|[anim] Ivy Cudgel Water
|-damage|p2a: Dokutaro|17/100
|move|p2a: Dokutaro|Recover|p2a: Dokutaro
|-heal|p2a: Dokutaro|67/100
|
|-weather|RainDance|[upkeep]
|-damage|p1a: Ogerpon|9/100 tox|[from] psn
|upkeep
|turn|12
|
|t:|1769371210
|-activate|p1a: Ogerpon|confusion
|move|p1a: Ogerpon|Ivy Cudgel|p2a: Dokutaro|[anim] Ivy Cudgel Water
|-damage|p2a: Dokutaro|22/100
|move|p2a: Dokutaro|Recover|p2a: Dokutaro
|-heal|p2a: Dokutaro|72/100
|
|-weather|none
|-damage|p1a: Ogerpon|0 fnt|[from] psn
|faint|p1a: Ogerpon
|upkeep
|
|t:|1769371223
|switch|p1a: Chansey|Chansey, F|100/100
|turn|13
|
|t:|1769371228
|move|p2a: Dokutaro|Malignant Chain|p1a: Chansey
|-damage|p1a: Chansey|94/100
|move|p1a: Chansey|Thunder Wave|p2a: Dokutaro
|-status|p2a: Dokutaro|par
|
|upkeep
|turn|14
|
|t:|1769371233
|move|p1a: Chansey|Stealth Rock|p2a: Dokutaro
|-sidestart|p2: FearHater|move: Stealth Rock
|cant|p2a: Dokutaro|par
|
|upkeep
|turn|15
|
|t:|1769371241
|move|p1a: Chansey|Seismic Toss|p2a: Dokutaro
|-immune|p2a: Dokutaro
|move|p2a: Dokutaro|Malignant Chain|p1a: Chansey
|-damage|p1a: Chansey|87/100
|-status|p1a: Chansey|tox
|-start|p1a: Chansey|confusion|[from] ability: Poison Puppeteer|[of] p2a: Dokutaro
|
|-damage|p1a: Chansey|80/100 tox|[from] psn
|upkeep
|turn|16
|
|t:|1769371246
|-curestatus|p1a: Chansey|tox|[from] ability: Natural Cure
|switch|p1a: Raging Bolt|Raging Bolt|100/100
|-enditem|p1a: Raging Bolt|Booster Energy
|-activate|p1a: Raging Bolt|ability: Protosynthesis|[fromitem]
|-start|p1a: Raging Bolt|protosynthesisspa
|move|p2a: Dokutaro|Parting Shot|p1a: Raging Bolt
|-unboost|p1a: Raging Bolt|atk|1
|-unboost|p1a: Raging Bolt|spa|1
|
|t:|1769371251
|switch|p2a: Green Giant|Dragonite, M, shiny|100/100|[from] Parting Shot
|
|upkeep
|turn|17
|
|t:|1769371258
|move|p2a: Green Giant|Earthquake|p1a: Raging Bolt
|-supereffective|p1a: Raging Bolt
|-damage|p1a: Raging Bolt|30/100
|move|p1a: Raging Bolt|Calm Mind|p1a: Raging Bolt
|-boost|p1a: Raging Bolt|spa|1
|-boost|p1a: Raging Bolt|spd|1
|
|upkeep
|turn|18
|
|t:|1769371264
|move|p1a: Raging Bolt|Thunderclap|p2a: Green Giant
|-damage|p2a: Green Giant|72/100
|move|p2a: Green Giant|Earthquake|p1a: Raging Bolt
|-supereffective|p1a: Raging Bolt
|-damage|p1a: Raging Bolt|0 fnt
|faint|p1a: Raging Bolt
|-end|p1a: Raging Bolt|Protosynthesis|[silent]
|
|upkeep
|
|t:|1769371266
|switch|p1a: Chansey|Chansey, F|80/100
|turn|19
|
|t:|1769371269
|move|p2a: Green Giant|Dragon Dance|p2a: Green Giant
|-boost|p2a: Green Giant|atk|1
|-boost|p2a: Green Giant|spe|1
|move|p1a: Chansey|Thunder Wave|p2a: Green Giant
|-status|p2a: Green Giant|par
|
|upkeep
|turn|20
|
|t:|1769371272
|cant|p2a: Green Giant|par
|move|p1a: Chansey|Seismic Toss|p2a: Green Giant
|-damage|p2a: Green Giant|41/100 par
|
|upkeep
|turn|21
|
|t:|1769371274
|cant|p2a: Green Giant|par
|move|p1a: Chansey|Seismic Toss|p2a: Green Giant
|-damage|p2a: Green Giant|10/100 par
|
|upkeep
|turn|22
|
|t:|1769371276
|move|p2a: Green Giant|Earthquake|p1a: Chansey
|-damage|p1a: Chansey|0 fnt
|faint|p1a: Chansey
|
|upkeep
|
|t:|1769371278
|switch|p1a: Quaquaval|Quaquaval, M|100/100
|turn|23
|
|t:|1769371284
|move|p2a: Green Giant|Extreme Speed|p1a: Quaquaval
|-damage|p1a: Quaquaval|38/100
|move|p1a: Quaquaval|Aqua Step|p2a: Green Giant
|-resisted|p2a: Green Giant
|-damage|p2a: Green Giant|0 fnt
|-boost|p1a: Quaquaval|spe|1
|faint|p2a: Green Giant
|-ability|p1a: Quaquaval|Moxie|boost
|-boost|p1a: Quaquaval|atk|1
|
|upkeep
|
|t:|1769371288
|switch|p2a: Dokutaro|Pecharunt|72/100 par
|turn|24
|
|t:|1769371292
|-terastallize|p1a: Quaquaval|Water
|move|p1a: Quaquaval|Aqua Step|p2a: Dokutaro
|-damage|p2a: Dokutaro|36/100 par
|-boost|p1a: Quaquaval|spe|1
|move|p2a: Dokutaro|Malignant Chain|p1a: Quaquaval
|-damage|p1a: Quaquaval|0 fnt
|faint|p1a: Quaquaval
|
|win|FearHater
|raw|morakki's rating: 1283 &rarr; <strong>1264</strong><br />(-19 for losing)
|raw|FearHater's rating: 1375 &rarr; <strong>1390</strong><br />(+15 for winning)
|l|☆FearHater
|player|p2|
|l|☆morakki
|player|p1|
