|j|☆CHANGANG
|j|☆bipom PU abuser
|t:|1769444284
|gametype|singles
|player|p1|CHANGANG|clay|1502
|player|p2|bipom PU abuser|kunoichi2-conquest|1463
|gen|9
|tier|[Gen 9] OU
|rated|
|rule|HP Percentage Mod: HP is shown in percentages
|rule|Endless Battle Clause: Forcing endless battles is banned
|rule|Species Clause: Limit one of each Pokémon
|rule|OHKO Clause: OHKO moves are banned
|rule|Evasion Items Clause: Evasion items are banned
|rule|Evasion Moves Clause: Evasion moves are banned
|rule|Evasion Abilities Clause: Evasion abilities are banned
|rule|Sleep Moves Clause: Sleep-inducing moves are banned
|clearpoke
|poke|p1|Kyurem|
|poke|p1|Hatterene, F|
|poke|p1|Great Tusk|
|poke|p1|Slowking-Galar, M|
|poke|p1|Rillaboom, F|
|poke|p1|Dragapult, M|
|poke|p2|Azumarill, M|
|poke|p2|Ambipom, M|
|poke|p2|Corviknight, M|
|poke|p2|Dragapult, M|
|poke|p2|Garganacl, F|
|poke|p2|Clodsire, F|
|teampreview
|
|t:|1769444294
|teamsize|p1|6
|teamsize|p2|6
|start
|switch|p1a: FEDORA RON|Hatterene, F|100/100
|switch|p2a: Ambipom|Ambipom, M|100/100
|turn|1
|
|t:|1769444297
|move|p2a: Ambipom|Fake Out|p1a: FEDORA RON
|-damage|p1a: FEDORA RON|69/100
|-damage|p2a: Ambipom|84/100|[from] item: Rocky Helmet|[of] p1a: FEDORA RON
|cant|p1a: FEDORA RON|flinch
|
|upkeep
|turn|2
|
|t:|1769444302
|move|p2a: Ambipom|U-turn|p1a: FEDORA RON
|-damage|p1a: FEDORA RON|51/100
|-damage|p2a: Ambipom|68/100|[from] item: Rocky Helmet|[of] p1a: FEDORA RON
|
|t:|1769444304
|switch|p2a: Corviknight|Corviknight, M|100/100|[from] U-turn
|move|p1a: FEDORA RON|Nuzzle|p2a: Corviknight
|-supereffective|p2a: Corviknight
|-damage|p2a: Corviknight|95/100
|-status|p2a: Corviknight|par
|-damage|p1a: FEDORA RON|35/100|[from] item: Rocky Helmet|[of] p2a: Corviknight
|
|upkeep
|turn|3
|
|t:|1769444327
|switch|p1a: GODSPEED|Dragapult, M|100/100
|move|p2a: Corviknight|U-turn|p1a: GODSPEED
|-resisted|p1a: GODSPEED
|-damage|p1a: GODSPEED|90/100
|
|t:|1769444333
|switch|p2a: Azumarill|Azumarill, M|100/100|[from] U-turn
|
|upkeep
|turn|4
|
|t:|1769444336
|move|p1a: GODSPEED|U-turn|p2a: Azumarill
|-resisted|p2a: Azumarill
|-damage|p2a: Azumarill|84/100
|
|t:|1769444343
|switch|p1a: BRAIN FREEZE|Slowking-Galar, M|100/100|[from] U-turn
|move|p2a: Azumarill|Knock Off|p1a: BRAIN FREEZE
|-supereffective|p1a: BRAIN FREEZE
|-damage|p1a: BRAIN FREEZE|16/100
|-enditem|p1a: BRAIN FREEZE|Heavy-Duty Boots|[from] move: Knock Off|[of] p2a: Azumarill
|
|upkeep
|turn|5
|
|t:|1769444352
|switch|p1a: THE GRAPE APE|Rillaboom, F|100/100
|-fieldstart|move: Grassy Terrain|[from] ability: Grassy Surge|[of] p1a: THE GRAPE APE
|move|p2a: Azumarill|Knock Off|p1a: THE GRAPE APE
|-damage|p1a: THE GRAPE APE|65/100
|-enditem|p1a: THE GRAPE APE|Life Orb|[from] move: Knock Off|[of] p2a: Azumarill
|
|-heal|p1a: THE GRAPE APE|71/100|[from] Grassy Terrain
|-heal|p2a: Azumarill|90/100|[from] Grassy Terrain
|upkeep
|turn|6
|
|t:|1769444360
|switch|p2a: Corviknight|Corviknight, M|95/100 par
|move|p1a: THE GRAPE APE|Knock Off|p2a: Corviknight
|-damage|p2a: Corviknight|79/100 par
|-damage|p1a: THE GRAPE APE|54/100|[from] item: Rocky Helmet|[of] p2a: Corviknight
|-enditem|p2a: Corviknight|Rocky Helmet|[from] move: Knock Off|[of] p1a: THE GRAPE APE
|
|-heal|p1a: THE GRAPE APE|61/100|[from] Grassy Terrain
|upkeep
|turn|7
|
|t:|1769444365
|switch|p1a: BRAIN FREEZE|Slowking-Galar, M|49/100
|cant|p2a: Corviknight|par
|
|-heal|p1a: BRAIN FREEZE|55/100|[from] Grassy Terrain
|upkeep
|turn|8
|
|t:|1769444369
|cant|p2a: Corviknight|par
|-prepare|p1a: BRAIN FREEZE|Chilly Reception|[premajor]
|move|p1a: BRAIN FREEZE|Chilly Reception|p1a: BRAIN FREEZE
|-weather|Snowscape
|
|t:|1769444372
|switch|p1a: CRUEL WINTER|Kyurem, shiny|100/100|[from] Chilly Reception
|-ability|p1a: CRUEL WINTER|Pressure
|
|-weather|Snowscape|[upkeep]
|upkeep
|turn|9
|
|t:|1769444375
|move|p1a: CRUEL WINTER|Blizzard|p2a: Corviknight
|-damage|p2a: Corviknight|2/100 par
|-damage|p1a: CRUEL WINTER|91/100|[from] item: Life Orb
|move|p2a: Corviknight|U-turn|p1a: CRUEL WINTER
|-damage|p1a: CRUEL WINTER|81/100
|
|t:|1769444385
|switch|p2a: Azumarill|Azumarill, M|90/100|[from] U-turn
|
|-weather|Snowscape|[upkeep]
|-heal|p1a: CRUEL WINTER|87/100|[from] Grassy Terrain
|-heal|p2a: Azumarill|96/100|[from] Grassy Terrain
|-fieldend|move: Grassy Terrain
|upkeep
|turn|10
|
|t:|1769444389
|-terastallize|p1a: CRUEL WINTER|Ice
|move|p1a: CRUEL WINTER|Freeze-Dry|p2a: Azumarill
|-supereffective|p2a: Azumarill
|-damage|p2a: Azumarill|17/100
|-damage|p1a: CRUEL WINTER|77/100|[from] item: Life Orb
|move|p2a: Azumarill|Play Rough|p1a: CRUEL WINTER
|-damage|p1a: CRUEL WINTER|40/100
|
|-weather|Snowscape|[upkeep]
|upkeep
|turn|11
|
|t:|1769444397
|move|p2a: Azumarill|Aqua Jet|p1a: CRUEL WINTER
|-damage|p1a: CRUEL WINTER|26/100
|move|p1a: CRUEL WINTER|Freeze-Dry|p2a: Azumarill
|-supereffective|p2a: Azumarill
|-damage|p2a: Azumarill|0 fnt
|faint|p2a: Azumarill
|-damage|p1a: CRUEL WINTER|16/100|[from] item: Life Orb
|
|-weather|Snowscape|[upkeep]
|upkeep
|
|t:|1769444400
|switch|p2a: Dragapult|Dragapult, M|100/100
|turn|12
|
|t:|1769444414
|switch|p1a: BRAIN FREEZE|Slowking-Galar, M|88/100
|move|p2a: Dragapult|Shadow Ball|p1a: BRAIN FREEZE
|-supereffective|p1a: BRAIN FREEZE
|-damage|p1a: BRAIN FREEZE|29/100
|-unboost|p1a: BRAIN FREEZE|spd|1
|
|-weather|none
|upkeep
|turn|13
|
|t:|1769444432
|move|p2a: Dragapult|Shadow Ball|p1a: BRAIN FREEZE
|-supereffective|p1a: BRAIN FREEZE
|-damage|p1a: BRAIN FREEZE|0 fnt
|faint|p1a: BRAIN FREEZE
|
|upkeep
|
|t:|1769444435
|switch|p1a: LUH TUSKA|Great Tusk|100/100
|turn|14
|
|t:|1769444442
|-terastallize|p2a: Dragapult|Fire
|move|p2a: Dragapult|Shadow Ball|p1a: LUH TUSKA
|-damage|p1a: LUH TUSKA|27/100
|move|p1a: LUH TUSKA|Ice Spinner|p2a: Dragapult
|-resisted|p2a: Dragapult
|-damage|p2a: Dragapult|82/100
|
|upkeep
|turn|15
|
|t:|1769444447
|move|p2a: Dragapult|Shadow Ball|p1a: LUH TUSKA
|-damage|p1a: LUH TUSKA|0 fnt
|faint|p1a: LUH TUSKA
|-end|p1a: LUH TUSKA|Protosynthesis|[silent]
|
|upkeep
|
|t:|1769444452
|switch|p1a: GODSPEED|Dragapult, M|90/100
|turn|16
|
|t:|1769444469
|move|p1a: GODSPEED|Dragon Darts|p2a: Dragapult
|-damage|p2a: Dragapult|30/100
|-anim|p1a: GODSPEED|Dragon Darts|p2a: Dragapult
|-damage|p2a: Dragapult|0 fnt
|faint|p2a: Dragapult
|
|upkeep
|
|t:|1769444476
|switch|p2a: Garganacl|Garganacl, F|100/100
|turn|17
|
|t:|1769444480
|switch|p1a: FEDORA RON|Hatterene, F|35/100
|move|p2a: Garganacl|Salt Cure|p1a: FEDORA RON
|-damage|p1a: FEDORA RON|23/100
|-start|p1a: FEDORA RON|Salt Cure
|
|-damage|p1a: FEDORA RON|10/100|[from] Salt Cure
|upkeep
|turn|18
|
|t:|1769444485
|switch|p2a: Corviknight|Corviknight, M|2/100 par
|move|p1a: FEDORA RON|Psychic Noise|p2a: Corviknight
|-resisted|p2a: Corviknight
|-damage|p2a: Corviknight|0 fnt
|faint|p2a: Corviknight
|
|-damage|p1a: FEDORA RON|0 fnt|[from] Salt Cure
|faint|p1a: FEDORA RON
|upkeep
|
|t:|1769444492
|switch|p2a: Ambipom|Ambipom, M|68/100
|switch|p1a: GODSPEED|Dragapult, M|90/100
|turn|19
|
|t:|1769444495
|move|p1a: GODSPEED|Dragon Darts|p2a: Ambipom
|-crit|p2a: Ambipom
|-damage|p2a: Ambipom|0 fnt
|faint|p2a: Ambipom
|
|upkeep
|
|t:|1769444496
|switch|p2a: Garganacl|Garganacl, F|100/100
|turn|20
|
|t:|1769444499
|move|p1a: GODSPEED|Dragon Darts|p2a: Garganacl
|-damage|p2a: Garganacl|81/100
|-anim|p1a: GODSPEED|Dragon Darts|p2a: Garganacl
|-damage|p2a: Garganacl|63/100
|move|p2a: Garganacl|Stealth Rock|p1a: GODSPEED
|-sidestart|p1: CHANGANG|move: Stealth Rock
|
|-heal|p2a: Garganacl|69/100|[from] item: Leftovers
|upkeep
|turn|21
|
|t:|1769444509
|switch|p1a: CRUEL WINTER|Kyurem, shiny, tera:Ice|16/100
|-damage|p1a: CRUEL WINTER|0 fnt|[from] Stealth Rock
|faint|p1a: CRUEL WINTER
|move|p2a: Garganacl|Recover|p2a: Garganacl
|-heal|p2a: Garganacl|100/100
|
|upkeep
|
|t:|1769444511
|switch|p1a: THE GRAPE APE|Rillaboom, F|61/100
|-damage|p1a: THE GRAPE APE|48/100|[from] Stealth Rock
|-fieldstart|move: Grassy Terrain|[from] ability: Grassy Surge|[of] p1a: THE GRAPE APE
|turn|22
|
|t:|1769444514
|move|p1a: THE GRAPE APE|Swords Dance|p1a: THE GRAPE APE
|-boost|p1a: THE GRAPE APE|atk|2
|move|p2a: Garganacl|Avalanche|p1a: THE GRAPE APE
|-supereffective|p1a: THE GRAPE APE
|-damage|p1a: THE GRAPE APE|24/100
|
|-heal|p1a: THE GRAPE APE|30/100|[from] Grassy Terrain
|upkeep
|turn|23
|
|t:|1769444520
|switch|p2a: Clodsire|Clodsire, F|100/100
|move|p1a: THE GRAPE APE|Grassy Glide|p2a: Clodsire
|-damage|p2a: Clodsire|32/100
|
|-heal|p1a: THE GRAPE APE|36/100|[from] Grassy Terrain
|-heal|p2a: Clodsire|38/100|[from] Grassy Terrain
|-heal|p2a: Clodsire|44/100|[from] item: Leftovers
|upkeep
|turn|24
|-message|bipom PU abuser forfeited.
|
|win|CHANGANG
|raw|CHANGANG's rating: 1502 &rarr; <strong>1520</strong><br />(+18 for winning)
|raw|bipom PU abuser's rating: 1463 &rarr; <strong>1445</strong><br />(-18 for losing)
|l|☆bipom PU abuser
|player|p2|
|l|☆CHANGANG
|player|p1|
