|j|☆squirtlesquad1999
|j|☆kshuaib734
|t:|1769372593
|gametype|singles
|player|p1|squirtlesquad1999|170|1416
|player|p2|kshuaib734|steven|1500
|gen|9
|tier|[Gen 9] OU
|rated|
|rule|HP Percentage Mod: HP is shown in percentages
|rule|Endless Battle Clause: Forcing endless battles is banned
|rule|Species Clause: Limit one of each Pokémon
|rule|OHKO Clause: OHKO moves are banned
|rule|Evasion Items Clause: Evasion items are banned
|rule|Evasion Moves Clause: Evasion moves are banned
|rule|Evasion Abilities Clause: Evasion abilities are banned
|rule|Sleep Moves Clause: Sleep-inducing moves are banned
|clearpoke
|poke|p1|Ting-Lu|
|poke|p1|Kyurem|
|poke|p1|Primarina, F|
|poke|p1|Jirachi|
|poke|p1|Zapdos|
|poke|p1|Pecharunt|
|poke|p2|Tyranitar, M|
|poke|p2|Thundurus, M|
|poke|p2|Pelipper, M|
|poke|p2|Quaquaval, F|
|poke|p2|Kingdra, M|
|poke|p2|Excadrill, F|
|teampreview
|inactive|Battle timer is ON: inactive players will automatically lose when time's up. (requested by kshuaib734)
|
|t:|1769372600
|teamsize|p1|6
|teamsize|p2|6
|start
|switch|p1a: Max|Primarina, F|100/100
|switch|p2a: King Tyrant|Tyranitar, M|100/100
|-weather|Sandstorm|[from] ability: Sand Stream|[of] p2a: King Tyrant
|turn|1
|
|t:|1769372610
|move|p1a: Max|Moonblast|p2a: King Tyrant
|-supereffective|p2a: King Tyrant
|-damage|p2a: King Tyrant|15/100
|-enditem|p2a: King Tyrant|Weakness Policy
|-boost|p2a: King Tyrant|atk|2|[from] item: Weakness Policy
|-boost|p2a: King Tyrant|spa|2|[from] item: Weakness Policy
|move|p2a: King Tyrant|Stealth Rock|p1a: Max
|-sidestart|p1: squirtlesquad1999|move: Stealth Rock
|
|-weather|Sandstorm|[upkeep]
|-damage|p1a: Max|94/100|[from] Sandstorm
|upkeep
|turn|2
|
|t:|1769372619
|move|p1a: Max|Moonblast|p2a: King Tyrant
|-supereffective|p2a: King Tyrant
|-damage|p2a: King Tyrant|0 fnt
|faint|p2a: King Tyrant
|
|-weather|Sandstorm|[upkeep]
|-damage|p1a: Max|88/100|[from] Sandstorm
|upkeep
|
|t:|1769372628
|switch|p2a: Tyrant's Legacy|Excadrill, F|100/100
|turn|3
|
|t:|1769372632
|switch|p1a: Ozanax|Zapdos|100/100
|move|p2a: Tyrant's Legacy|Earthquake|p1a: Ozanax
|-immune|p1a: Ozanax
|
|-weather|Sandstorm|[upkeep]
|-damage|p1a: Ozanax|94/100|[from] Sandstorm
|upkeep
|turn|4
|
|t:|1769372640
|switch|p2a: Tyrant's Enforcer|Thundurus, M|100/100
|move|p1a: Ozanax|U-turn|p2a: Tyrant's Enforcer
|-resisted|p2a: Tyrant's Enforcer
|-damage|p2a: Tyrant's Enforcer|91/100
|-enditem|p2a: Tyrant's Enforcer|Red Card|[of] p1a: Ozanax
|drag|p1a: Pecharunt|Pecharunt|100/100
|-damage|p1a: Pecharunt|88/100|[from] Stealth Rock
|
|-weather|Sandstorm|[upkeep]
|-damage|p2a: Tyrant's Enforcer|85/100|[from] Sandstorm
|-damage|p1a: Pecharunt|82/100|[from] Sandstorm
|upkeep
|turn|5
|
|t:|1769372650
|switch|p1a: Ani|Ting-Lu|100/100
|-damage|p1a: Ani|94/100|[from] Stealth Rock
|-ability|p1a: Ani|Vessel of Ruin
|move|p2a: Tyrant's Enforcer|Volt Switch|p1a: Ani
|-immune|p1a: Ani
|
|-weather|none
|-heal|p1a: Ani|100/100|[from] item: Leftovers
|upkeep
|turn|6
|
|t:|1769372671
|switch|p2a: Tyrant's Downpour|Pelipper, M|100/100
|-weather|RainDance|[from] ability: Drizzle|[of] p2a: Tyrant's Downpour
|move|p1a: Ani|Stealth Rock|p2a: Tyrant's Downpour
|-sidestart|p2: kshuaib734|move: Stealth Rock
|
|-weather|RainDance|[upkeep]
|upkeep
|turn|7
|
|t:|1769372684
|move|p2a: Tyrant's Downpour|Knock Off|p1a: Ani
|-resisted|p1a: Ani
|-damage|p1a: Ani|97/100
|-enditem|p1a: Ani|Leftovers|[from] move: Knock Off|[of] p2a: Tyrant's Downpour
|move|p1a: Ani|Whirlwind|p2a: Tyrant's Downpour
|drag|p2a: Tyrant's Endgame|Quaquaval, F|100/100
|-damage|p2a: Tyrant's Endgame|94/100|[from] Stealth Rock
|
|-weather|RainDance|[upkeep]
|upkeep
|turn|8
|
|t:|1769372695
|switch|p1a: Ozanax|Zapdos|94/100
|move|p2a: Tyrant's Endgame|Wave Crash|p1a: Ozanax
|-damage|p1a: Ozanax|0 fnt
|-status|p2a: Tyrant's Endgame|par|[from] ability: Static|[of] p1a: Ozanax
|faint|p1a: Ozanax
|-damage|p2a: Tyrant's Endgame|56/100 par|[from] Recoil
|
|-weather|RainDance|[upkeep]
|upkeep
|
|t:|1769372706
|switch|p1a: Ardicky|Kyurem, shiny|100/100
|-ability|p1a: Ardicky|Pressure
|turn|9
|
|t:|1769372713
|move|p1a: Ardicky|Freeze-Dry|p2a: Tyrant's Endgame
|-supereffective|p2a: Tyrant's Endgame
|-damage|p2a: Tyrant's Endgame|0 fnt
|faint|p2a: Tyrant's Endgame
|
|-weather|RainDance|[upkeep]
|upkeep
|
|t:|1769372720
|switch|p2a: Tyrant's Enforcer|Thundurus, M|85/100
|-damage|p2a: Tyrant's Enforcer|60/100|[from] Stealth Rock
|turn|10
|
|t:|1769372728
|move|p2a: Tyrant's Enforcer|Acrobatics|p1a: Ardicky
|-crit|p1a: Ardicky
|-damage|p1a: Ardicky|35/100
|move|p1a: Ardicky|Freeze-Dry|p2a: Tyrant's Enforcer
|-supereffective|p2a: Tyrant's Enforcer
|-damage|p2a: Tyrant's Enforcer|0 fnt
|faint|p2a: Tyrant's Enforcer
|
|-weather|RainDance|[upkeep]
|upkeep
|
|t:|1769372737
|switch|p2a: Tyrant's Vengeance|Kingdra, M|100/100
|-damage|p2a: Tyrant's Vengeance|88/100|[from] Stealth Rock
|turn|11
|
|t:|1769372745
|-terastallize|p2a: Tyrant's Vengeance|Water
|move|p2a: Tyrant's Vengeance|Weather Ball|p1a: Ardicky
|-resisted|p1a: Ardicky
|-crit|p1a: Ardicky
|-damage|p1a: Ardicky|0 fnt
|faint|p1a: Ardicky
|-damage|p2a: Tyrant's Vengeance|78/100|[from] item: Life Orb
|
|-weather|RainDance|[upkeep]
|upkeep
|
|t:|1769372750
|switch|p1a: ENig|Jirachi|100/100
|-damage|p1a: ENig|94/100|[from] Stealth Rock
|turn|12
|
|t:|1769372755
|move|p1a: ENig|Protect|p1a: ENig
|-singleturn|p1a: ENig|Protect
|move|p2a: Tyrant's Vengeance|Weather Ball|p1a: ENig
|-activate|p1a: ENig|move: Protect
|
|-weather|RainDance|[upkeep]
|-heal|p1a: ENig|100/100|[from] item: Leftovers
|upkeep
|turn|13
|
|t:|1769372764
|move|p2a: Tyrant's Vengeance|Weather Ball|p1a: ENig
|-damage|p1a: ENig|0 fnt
|faint|p1a: ENig
|-damage|p2a: Tyrant's Vengeance|68/100|[from] item: Life Orb
|
|-weather|none
|upkeep
|
|t:|1769372784
|switch|p1a: Max|Primarina, F|88/100
|-damage|p1a: Max|76/100|[from] Stealth Rock
|turn|14
|
|t:|1769372791
|move|p2a: Tyrant's Vengeance|Scald|p1a: Max
|-resisted|p1a: Max
|-damage|p1a: Max|51/100
|-damage|p2a: Tyrant's Vengeance|58/100|[from] item: Life Orb
|move|p1a: Max|Moonblast|p2a: Tyrant's Vengeance
|-damage|p2a: Tyrant's Vengeance|0 fnt
|faint|p2a: Tyrant's Vengeance
|
|upkeep
|
|t:|1769372800
|switch|p2a: Tyrant's Legacy|Excadrill, F|100/100
|-damage|p2a: Tyrant's Legacy|97/100|[from] Stealth Rock
|turn|15
|
|t:|1769372805
|switch|p1a: Ani|Ting-Lu|97/100
|-damage|p1a: Ani|91/100|[from] Stealth Rock
|-ability|p1a: Ani|Vessel of Ruin
|move|p2a: Tyrant's Legacy|Earthquake|p1a: Ani
|-damage|p1a: Ani|49/100
|-damage|p2a: Tyrant's Legacy|88/100|[from] item: Life Orb
|
|upkeep
|turn|16
|
|t:|1769372814
|switch|p2a: Tyrant's Downpour|Pelipper, M|100/100
|-damage|p2a: Tyrant's Downpour|75/100|[from] Stealth Rock
|-weather|RainDance|[from] ability: Drizzle|[of] p2a: Tyrant's Downpour
|move|p1a: Ani|Earthquake|p2a: Tyrant's Downpour
|-immune|p2a: Tyrant's Downpour
|
|-weather|RainDance|[upkeep]
|upkeep
|turn|17
|
|t:|1769372827
|switch|p1a: Max|Primarina, F|51/100
|-damage|p1a: Max|39/100|[from] Stealth Rock
|move|p2a: Tyrant's Downpour|Weather Ball|p1a: Max
|-resisted|p1a: Max
|-damage|p1a: Max|17/100
|
|-weather|RainDance|[upkeep]
|upkeep
|turn|18
|
|t:|1769372838
|move|p1a: Max|Moonblast|p2a: Tyrant's Downpour
|-damage|p2a: Tyrant's Downpour|0 fnt
|faint|p2a: Tyrant's Downpour
|
|-weather|RainDance|[upkeep]
|upkeep
|
|t:|1769372847
|switch|p2a: Tyrant's Legacy|Excadrill, F|88/100
|-damage|p2a: Tyrant's Legacy|84/100|[from] Stealth Rock
|turn|19
|
|t:|1769372851
|move|p2a: Tyrant's Legacy|Earthquake|p1a: Max
|-damage|p1a: Max|0 fnt
|faint|p1a: Max
|-damage|p2a: Tyrant's Legacy|75/100|[from] item: Life Orb
|
|-weather|RainDance|[upkeep]
|upkeep
|
|t:|1769372854
|switch|p1a: Pecharunt|Pecharunt|82/100
|-damage|p1a: Pecharunt|70/100|[from] Stealth Rock
|turn|20
|
|t:|1769372865
|-terastallize|p1a: Pecharunt|Dark
|move|p2a: Tyrant's Legacy|Earthquake|p1a: Pecharunt
|-damage|p1a: Pecharunt|35/100
|-damage|p2a: Tyrant's Legacy|65/100|[from] item: Life Orb
|move|p1a: Pecharunt|Recover|p1a: Pecharunt
|-heal|p1a: Pecharunt|85/100
|
|-weather|RainDance|[upkeep]
|upkeep
|turn|21
|
|t:|1769372874
|move|p2a: Tyrant's Legacy|Iron Head|p1a: Pecharunt
|-damage|p1a: Pecharunt|55/100
|-damage|p2a: Tyrant's Legacy|55/100|[from] item: Life Orb
|move|p1a: Pecharunt|Nasty Plot|p1a: Pecharunt
|-boost|p1a: Pecharunt|spa|2
|
|-weather|RainDance|[upkeep]
|upkeep
|turn|22
|
|t:|1769372882
|move|p2a: Tyrant's Legacy|Iron Head|p1a: Pecharunt
|-damage|p1a: Pecharunt|26/100
|-damage|p2a: Tyrant's Legacy|45/100|[from] item: Life Orb
|move|p1a: Pecharunt|Recover|p1a: Pecharunt
|-heal|p1a: Pecharunt|76/100
|
|-weather|RainDance|[upkeep]
|upkeep
|turn|23
|
|t:|1769372889
|move|p2a: Tyrant's Legacy|Iron Head|p1a: Pecharunt
|-damage|p1a: Pecharunt|47/100
|-damage|p2a: Tyrant's Legacy|35/100|[from] item: Life Orb
|move|p1a: Pecharunt|Shadow Ball|p2a: Tyrant's Legacy
|-damage|p2a: Tyrant's Legacy|0 fnt
|faint|p2a: Tyrant's Legacy
|
|win|squirtlesquad1999
|raw|squirtlesquad1999's rating: 1416 &rarr; <strong>1441</strong><br />(+25 for winning)
|raw|kshuaib734's rating: 1500 &rarr; <strong>1475</strong><br />(-25 for losing)
|l|☆kshuaib734
|player|p2|
|c|☆squirtlesquad1999|ccloakington
