|j|☆Terabyte_HH
|j|☆ThiefYT
|t:|1769304403
|gametype|singles
|player|p1|Terabyte_HH|2|1397
|player|p2|ThiefYT|dawn|1357
|gen|9
|tier|[Gen 9] OU
|rated|
|rule|HP Percentage Mod: HP is shown in percentages
|rule|Endless Battle Clause: Forcing endless battles is banned
|rule|Species Clause: Limit one of each Pokémon
|rule|OHKO Clause: OHKO moves are banned
|rule|Evasion Items Clause: Evasion items are banned
|rule|Evasion Moves Clause: Evasion moves are banned
|rule|Evasion Abilities Clause: Evasion abilities are banned
|rule|Sleep Moves Clause: Sleep-inducing moves are banned
|clearpoke
|poke|p1|Iron Crown|
|poke|p1|Meowscarada, M|
|poke|p1|Great Tusk|
|poke|p1|Pecharunt|
|poke|p1|Ting-Lu|
|poke|p1|Iron Valiant|
|poke|p2|Great Tusk|
|poke|p2|Pecharunt|
|poke|p2|Iron Valiant|
|poke|p2|Iron Crown|
|poke|p2|Samurott-Hisui, F|
|poke|p2|Gyarados, F|
|teampreview
|
|t:|1769304411
|teamsize|p1|6
|teamsize|p2|6
|start
|switch|p1a: Iron Crown|Iron Crown|100/100
|switch|p2a: Iron Crown|Iron Crown|100/100
|turn|1
|
|t:|1769304417
|move|p1a: Iron Crown|Volt Switch|p2a: Iron Crown
|-damage|p2a: Iron Crown|77/100
|inactive|Battle timer is ON: inactive players will automatically lose when time's up. (requested by Terabyte_HH)
|
|t:|1769304421
|-end|p1a: Iron Crown|Quark Drive|[silent]
|switch|p1a: Ting-Lu|Ting-Lu|100/100|[from] Volt Switch
|-ability|p1a: Ting-Lu|Vessel of Ruin
|move|p2a: Iron Crown|Future Sight|p1a: Ting-Lu
|-start|p2a: Iron Crown|move: Future Sight
|
|upkeep
|turn|2
|
|t:|1769304443
|-end|p2a: Iron Crown|Quark Drive|[silent]
|switch|p2a: Samurott|Samurott-Hisui, F|100/100
|move|p1a: Ting-Lu|Stealth Rock|p2a: Samurott
|-sidestart|p2: ThiefYT|move: Stealth Rock
|
|upkeep
|turn|3
|
|t:|1769304452
|switch|p1a: Meowscarada|Meowscarada, M|100/100
|move|p2a: Samurott|Ceaseless Edge|p1a: Meowscarada
|-resisted|p1a: Meowscarada
|-damage|p1a: Meowscarada|55/100
|-sidestart|p1: Terabyte_HH|Spikes
|
|-end|p1a: Meowscarada|move: Future Sight
|-immune|p1a: Meowscarada
|upkeep
|turn|4
|
|t:|1769304463
|switch|p2a: Pecharunt|Pecharunt|100/100
|-damage|p2a: Pecharunt|88/100|[from] Stealth Rock
|move|p1a: Meowscarada|U-turn|p2a: Pecharunt
|-start|p1a: Meowscarada|typechange|Bug|[from] ability: Protean
|-resisted|p2a: Pecharunt
|-damage|p2a: Pecharunt|82/100
|-damage|p1a: Meowscarada|38/100|[from] item: Rocky Helmet|[of] p2a: Pecharunt
|
|t:|1769304481
|switch|p1a: Ting-Lu|Ting-Lu|100/100|[from] U-turn
|-damage|p1a: Ting-Lu|88/100|[from] Spikes
|-ability|p1a: Ting-Lu|Vessel of Ruin
|
|-heal|p1a: Ting-Lu|94/100|[from] item: Leftovers
|upkeep
|turn|5
|
|t:|1769304490
|move|p2a: Pecharunt|Parting Shot|p1a: Ting-Lu
|-unboost|p1a: Ting-Lu|atk|1
|-unboost|p1a: Ting-Lu|spa|1
|
|t:|1769304495
|switch|p2a: Samurott|Samurott-Hisui, F|100/100|[from] Parting Shot
|-damage|p2a: Samurott|88/100|[from] Stealth Rock
|move|p1a: Ting-Lu|Ruination|p2a: Samurott
|-damage|p2a: Samurott|44/100
|
|-heal|p1a: Ting-Lu|100/100|[from] item: Leftovers
|upkeep
|turn|6
|
|t:|1769304508
|move|p2a: Samurott|Flip Turn|p1a: Ting-Lu
|-supereffective|p1a: Ting-Lu
|-damage|p1a: Ting-Lu|69/100
|inactive|ThiefYT has 120 seconds left.
|
|t:|1769304545
|switch|p2a: Iron Valiant|Iron Valiant|100/100|[from] Flip Turn
|-damage|p2a: Iron Valiant|94/100|[from] Stealth Rock
|move|p1a: Ting-Lu|Whirlwind|p2a: Iron Valiant
|-end|p2a: Iron Valiant|Quark Drive|[silent]
|drag|p2a: Samurott|Samurott-Hisui, F|44/100
|-damage|p2a: Samurott|32/100|[from] Stealth Rock
|
|-heal|p1a: Ting-Lu|75/100|[from] item: Leftovers
|upkeep
|turn|7
|
|t:|1769304567
|switch|p1a: Pecharunt|Pecharunt|100/100
|move|p2a: Samurott|Knock Off|p1a: Pecharunt
|-supereffective|p1a: Pecharunt
|-damage|p1a: Pecharunt|48/100
|-enditem|p1a: Pecharunt|Heavy-Duty Boots|[from] move: Knock Off|[of] p2a: Samurott
|
|upkeep
|turn|8
|inactive|ThiefYT has 90 seconds left.
|
|t:|1769304600
|move|p2a: Samurott|Ceaseless Edge|p1a: Pecharunt
|-supereffective|p1a: Pecharunt
|-damage|p1a: Pecharunt|0 fnt
|-sidestart|p1: Terabyte_HH|Spikes
|faint|p1a: Pecharunt
|
|upkeep
|
|t:|1769304612
|switch|p1a: Meowscarada|Meowscarada, M|38/100
|-damage|p1a: Meowscarada|22/100|[from] Spikes
|turn|9
|inactive|ThiefYT has 90 seconds left.
|
|t:|1769304634
|move|p2a: Samurott|Sucker Punch|p1a: Meowscarada
|-resisted|p1a: Meowscarada
|-damage|p1a: Meowscarada|0 fnt
|faint|p1a: Meowscarada
|
|upkeep
|
|t:|1769304645
|switch|p1a: Great Tusk|Great Tusk|100/100
|-damage|p1a: Great Tusk|84/100|[from] Spikes
|turn|10
|inactive|ThiefYT has 90 seconds left.
|
|t:|1769304659
|switch|p2a: Gyarados|Gyarados, F|100/100
|move|p1a: Great Tusk|Rapid Spin|p2a: Gyarados
|-damage|p2a: Gyarados|84/100
|-boost|p1a: Great Tusk|spe|1
|-sideend|p1: Terabyte_HH|Spikes|[from] move: Rapid Spin|[of] p1a: Great Tusk
|
|-heal|p1a: Great Tusk|90/100|[from] item: Leftovers
|upkeep
|turn|11
|
|t:|1769304668
|move|p1a: Great Tusk|Bulk Up|p1a: Great Tusk
|-boost|p1a: Great Tusk|atk|1
|-boost|p1a: Great Tusk|def|1
|move|p2a: Gyarados|Dragon Dance|p2a: Gyarados
|-boost|p2a: Gyarados|atk|1
|-boost|p2a: Gyarados|spe|1
|
|-heal|p1a: Great Tusk|96/100|[from] item: Leftovers
|upkeep
|turn|12
|
|t:|1769304677
|move|p1a: Great Tusk|Ice Spinner|p2a: Gyarados
|-damage|p2a: Gyarados|42/100
|move|p2a: Gyarados|Dragon Dance|p2a: Gyarados
|-boost|p2a: Gyarados|atk|1
|-boost|p2a: Gyarados|spe|1
|
|-heal|p1a: Great Tusk|100/100|[from] item: Leftovers
|upkeep
|turn|13
|
|t:|1769304686
|move|p2a: Gyarados|Waterfall|p1a: Great Tusk
|-supereffective|p1a: Great Tusk
|-damage|p1a: Great Tusk|38/100
|move|p1a: Great Tusk|Rapid Spin|p2a: Gyarados
|-damage|p2a: Gyarados|14/100
|-boost|p1a: Great Tusk|spe|1
|
|-heal|p1a: Great Tusk|45/100|[from] item: Leftovers
|upkeep
|turn|14
|
|t:|1769304708
|move|p1a: Great Tusk|Ice Spinner|p2a: Gyarados
|-damage|p2a: Gyarados|0 fnt
|faint|p2a: Gyarados
|
|-heal|p1a: Great Tusk|51/100|[from] item: Leftovers
|upkeep
|inactive|ThiefYT has 90 seconds left.
|
|t:|1769304739
|switch|p2a: Iron Valiant|Iron Valiant|94/100
|-damage|p2a: Iron Valiant|88/100|[from] Stealth Rock
|turn|15
|
|t:|1769304743
|move|p2a: Iron Valiant|Vacuum Wave|p1a: Great Tusk
|-damage|p1a: Great Tusk|14/100
|move|p1a: Great Tusk|Headlong Rush|p2a: Iron Valiant
|-crit|p2a: Iron Valiant
|-damage|p2a: Iron Valiant|0 fnt
|-unboost|p1a: Great Tusk|def|1
|-unboost|p1a: Great Tusk|spd|1
|faint|p2a: Iron Valiant
|-end|p2a: Iron Valiant|Quark Drive|[silent]
|
|-heal|p1a: Great Tusk|20/100|[from] item: Leftovers
|upkeep
|
|t:|1769304759
|switch|p2a: Samurott|Samurott-Hisui, F|32/100
|-damage|p2a: Samurott|20/100|[from] Stealth Rock
|turn|16
|
|t:|1769304764
|-terastallize|p2a: Samurott|Dark
|move|p2a: Samurott|Sucker Punch|p1a: Great Tusk
|-resisted|p1a: Great Tusk
|-damage|p1a: Great Tusk|4/100
|move|p1a: Great Tusk|Rapid Spin|p2a: Samurott
|-damage|p2a: Samurott|0 fnt
|-boost|p1a: Great Tusk|spe|1
|faint|p2a: Samurott
|
|-heal|p1a: Great Tusk|10/100|[from] item: Leftovers
|upkeep
|
|t:|1769304778
|switch|p2a: Great Tusk|Great Tusk, shiny|100/100
|turn|17
|
|t:|1769304781
|move|p1a: Great Tusk|Ice Spinner|p2a: Great Tusk
|-supereffective|p2a: Great Tusk
|-damage|p2a: Great Tusk|51/100
|move|p2a: Great Tusk|Rapid Spin|p1a: Great Tusk
|-damage|p1a: Great Tusk|0 fnt
|-boost|p2a: Great Tusk|spe|1
|-sideend|p2: ThiefYT|Stealth Rock|[from] move: Rapid Spin|[of] p2a: Great Tusk
|faint|p1a: Great Tusk
|-end|p1a: Great Tusk|Protosynthesis|[silent]
|
|upkeep
|
|t:|1769304797
|switch|p1a: Iron Valiant|Iron Valiant|100/100
|-enditem|p1a: Iron Valiant|Booster Energy
|-activate|p1a: Iron Valiant|ability: Quark Drive|[fromitem]
|-start|p1a: Iron Valiant|quarkdrivespe
|turn|18
|
|t:|1769304802
|-end|p2a: Great Tusk|Protosynthesis|[silent]
|switch|p2a: Iron Crown|Iron Crown|77/100
|move|p1a: Iron Valiant|Moonblast|p2a: Iron Crown
|-resisted|p2a: Iron Crown
|-damage|p2a: Iron Crown|62/100
|
|upkeep
|turn|19
|inactive|ThiefYT has 90 seconds left.
|
|t:|1769304817
|move|p1a: Iron Valiant|Knock Off|p2a: Iron Crown
|-supereffective|p2a: Iron Crown
|-damage|p2a: Iron Crown|5/100
|-enditem|p2a: Iron Crown|Assault Vest|[from] move: Knock Off|[of] p1a: Iron Valiant
|move|p2a: Iron Crown|Psychic Noise|p1a: Iron Valiant
|-supereffective|p1a: Iron Valiant
|-damage|p1a: Iron Valiant|0 fnt
|faint|p1a: Iron Valiant
|-end|p1a: Iron Valiant|Quark Drive|[silent]
|
|upkeep
|
|t:|1769304826
|switch|p1a: Ting-Lu|Ting-Lu|75/100
|-ability|p1a: Ting-Lu|Vessel of Ruin
|turn|20
|
|t:|1769304840
|-end|p2a: Iron Crown|Quark Drive|[silent]
|switch|p2a: Great Tusk|Great Tusk, shiny|51/100
|move|p1a: Ting-Lu|Earthquake|p2a: Great Tusk
|-damage|p2a: Great Tusk|23/100
|
|-heal|p1a: Ting-Lu|81/100|[from] item: Leftovers
|upkeep
|turn|21
|
|t:|1769304849
|move|p2a: Great Tusk|Ice Spinner|p1a: Ting-Lu
|-supereffective|p1a: Ting-Lu
|-damage|p1a: Ting-Lu|50/100
|move|p1a: Ting-Lu|Earthquake|p2a: Great Tusk
|-damage|p2a: Great Tusk|0 fnt
|faint|p2a: Great Tusk
|-end|p2a: Great Tusk|Protosynthesis|[silent]
|
|-heal|p1a: Ting-Lu|56/100|[from] item: Leftovers
|upkeep
|
|t:|1769304868
|switch|p2a: Pecharunt|Pecharunt|82/100
|turn|22
|
|t:|1769304873
|move|p2a: Pecharunt|Malignant Chain|p1a: Ting-Lu
|-resisted|p1a: Ting-Lu
|-damage|p1a: Ting-Lu|50/100
|-status|p1a: Ting-Lu|tox
|-start|p1a: Ting-Lu|confusion|[from] ability: Poison Puppeteer|[of] p2a: Pecharunt
|-activate|p1a: Ting-Lu|confusion
|-damage|p1a: Ting-Lu|43/100 tox|[from] confusion
|
|-heal|p1a: Ting-Lu|50/100 tox|[from] item: Leftovers
|-damage|p1a: Ting-Lu|43/100 tox|[from] psn
|upkeep
|turn|23
|
|t:|1769304889
|move|p2a: Pecharunt|Recover|p2a: Pecharunt
|-heal|p2a: Pecharunt|100/100
|-end|p1a: Ting-Lu|confusion
|move|p1a: Ting-Lu|Stealth Rock|p2a: Pecharunt
|-sidestart|p2: ThiefYT|move: Stealth Rock
|
|-heal|p1a: Ting-Lu|50/100 tox|[from] item: Leftovers
|-damage|p1a: Ting-Lu|37/100 tox|[from] psn
|upkeep
|turn|24
|
|t:|1769304906
|move|p2a: Pecharunt|Malignant Chain|p1a: Ting-Lu
|-resisted|p1a: Ting-Lu
|-damage|p1a: Ting-Lu|31/100 tox
|move|p1a: Ting-Lu|Whirlwind|p2a: Pecharunt
|drag|p2a: Iron Crown|Iron Crown|5/100
|-damage|p2a: Iron Crown|0 fnt|[from] Stealth Rock
|faint|p2a: Iron Crown
|-end|p2a: Iron Crown|Quark Drive|[silent]
|
|-heal|p1a: Ting-Lu|37/100 tox|[from] item: Leftovers
|-damage|p1a: Ting-Lu|18/100 tox|[from] psn
|upkeep
|inactive|ThiefYT has 90 seconds left.
|
|t:|1769304919
|switch|p2a: Pecharunt|Pecharunt|100/100
|-damage|p2a: Pecharunt|88/100|[from] Stealth Rock
|turn|25
|
|t:|1769304925
|move|p2a: Pecharunt|Recover|p2a: Pecharunt
|-heal|p2a: Pecharunt|100/100
|move|p1a: Ting-Lu|Ruination|p2a: Pecharunt
|-damage|p2a: Pecharunt|51/100
|
|-heal|p1a: Ting-Lu|25/100 tox|[from] item: Leftovers
|-damage|p1a: Ting-Lu|0 fnt|[from] psn
|faint|p1a: Ting-Lu
|upkeep
|
|t:|1769304928
|switch|p1a: Iron Crown|Iron Crown|100/100
|turn|26
|
|t:|1769304937
|-terastallize|p1a: Iron Crown|Steel
|move|p1a: Iron Crown|Psychic Noise|p2a: Pecharunt
|-supereffective|p2a: Pecharunt
|-damage|p2a: Pecharunt|0 fnt
|faint|p2a: Pecharunt
|
|win|Terabyte_HH
|raw|Terabyte_HH's rating: 1397 &rarr; <strong>1415</strong><br />(+18 for winning)
|raw|ThiefYT's rating: 1357 &rarr; <strong>1339</strong><br />(-18 for losing)
|l|☆ThiefYT
|player|p2|
|l|☆Terabyte_HH
|player|p1|
