|j|☆AlexanderLC20
|j|☆zonix14
|t:|1769411136
|gametype|singles
|player|p1|AlexanderLC20|gambler|1245
|player|p2|zonix14|266|1320
|gen|9
|tier|[Gen 9] OU
|rated|
|rule|HP Percentage Mod: HP is shown in percentages
|rule|Endless Battle Clause: Forcing endless battles is banned
|rule|Species Clause: Limit one of each Pokémon
|rule|OHKO Clause: OHKO moves are banned
|rule|Evasion Items Clause: Evasion items are banned
|rule|Evasion Moves Clause: Evasion moves are banned
|rule|Evasion Abilities Clause: Evasion abilities are banned
|rule|Sleep Moves Clause: Sleep-inducing moves are banned
|clearpoke
|poke|p1|Lycanroc, F|
|poke|p1|Corviknight, F|
|poke|p1|Ogerpon-Wellspring, F|
|poke|p1|Dragapult, M|
|poke|p1|Rillaboom, F|
|poke|p1|Tyranitar, M|
|poke|p2|Empoleon, F|
|poke|p2|Masquerain, F|
|poke|p2|Cinderace, F|
|poke|p2|Carbink|
|poke|p2|Serperior, M|
|poke|p2|Indeedee-F, F|
|teampreview
|inactive|Battle timer is ON: inactive players will automatically lose when time's up. (requested by zonix14)
|
|t:|1769411154
|teamsize|p1|6
|teamsize|p2|6
|start
|switch|p1a: Ogerpon|Ogerpon-Wellspring, F|100/100
|switch|p2a: Masquerain|Masquerain, F|100/100
|-ability|p2a: Masquerain|Intimidate|boost
|-unboost|p1a: Ogerpon|atk|1
|turn|1
|
|t:|1769411160
|move|p1a: Ogerpon|Spikes|p2a: Masquerain
|-sidestart|p2: zonix14|Spikes
|move|p2a: Masquerain|Sticky Web|p1a: Ogerpon
|-sidestart|p1: AlexanderLC20|move: Sticky Web
|
|upkeep
|turn|2
|
|t:|1769411168
|switch|p1a: Corviknight|Corviknight, F|100/100
|-ability|p1a: Corviknight|Pressure
|switch|p2a: Cinderace|Cinderace, F|100/100
|-damage|p2a: Cinderace|88/100|[from] Spikes
|
|upkeep
|turn|3
|
|t:|1769411170
|move|p2a: Cinderace|Pyro Ball|p1a: Corviknight
|-supereffective|p1a: Corviknight
|-damage|p1a: Corviknight|37/100
|-status|p1a: Corviknight|brn
|move|p1a: Corviknight|Defog|p2a: Cinderace
|-unboost|p2a: Cinderace|evasion|1
|-sideend|p2: zonix14|Spikes|[from] move: Defog|[of] p1a: Corviknight
|-sideend|p1: AlexanderLC20|Sticky Web|[from] move: Defog|[of] p1a: Corviknight
|
|-damage|p1a: Corviknight|31/100 brn|[from] brn
|upkeep
|turn|4
|c|☆zonix14|Why you have spikes setter and defog user at the same time lol
|c|☆zonix14|That is crazy
|inactive|zonix14 has 120 seconds left.
|
|t:|1769411205
|switch|p1a: Tyranitar|Tyranitar, M|100/100
|-weather|Sandstorm|[from] ability: Sand Stream|[of] p1a: Tyranitar
|move|p2a: Cinderace|Pyro Ball|p1a: Tyranitar
|-resisted|p1a: Tyranitar
|-damage|p1a: Tyranitar|77/100
|
|-weather|Sandstorm|[upkeep]
|-damage|p2a: Cinderace|82/100|[from] Sandstorm
|-heal|p1a: Tyranitar|83/100|[from] item: Leftovers
|upkeep
|turn|5
|
|t:|1769411213
|-terastallize|p1a: Tyranitar|Flying
|move|p2a: Cinderace|High Jump Kick|p1a: Tyranitar
|-resisted|p1a: Tyranitar
|-damage|p1a: Tyranitar|67/100
|move|p1a: Tyranitar|Dragon Dance|p1a: Tyranitar
|-boost|p1a: Tyranitar|atk|1
|-boost|p1a: Tyranitar|spe|1
|
|-weather|Sandstorm|[upkeep]
|-damage|p2a: Cinderace|76/100|[from] Sandstorm
|-damage|p1a: Tyranitar|61/100|[from] Sandstorm
|-heal|p1a: Tyranitar|67/100|[from] item: Leftovers
|upkeep
|turn|6
|
|t:|1769411225
|move|p2a: Cinderace|Will-O-Wisp|p1a: Tyranitar|[miss]
|-miss|p2a: Cinderace|p1a: Tyranitar
|move|p1a: Tyranitar|Dragon Dance|p1a: Tyranitar
|-boost|p1a: Tyranitar|atk|1
|-boost|p1a: Tyranitar|spe|1
|
|-weather|Sandstorm|[upkeep]
|-damage|p2a: Cinderace|70/100|[from] Sandstorm
|-damage|p1a: Tyranitar|61/100|[from] Sandstorm
|-heal|p1a: Tyranitar|67/100|[from] item: Leftovers
|upkeep
|turn|7
|c|☆AlexanderLC20|only way to balance the team
|
|t:|1769411234
|switch|p2a: Serperior|Serperior, M|100/100
|move|p1a: Tyranitar|Stone Edge|p2a: Serperior
|-damage|p2a: Serperior|0 fnt
|faint|p2a: Serperior
|
|-weather|Sandstorm|[upkeep]
|-damage|p1a: Tyranitar|61/100|[from] Sandstorm
|-heal|p1a: Tyranitar|67/100|[from] item: Leftovers
|upkeep
|
|t:|1769411238
|switch|p2a: Masquerain|Masquerain, F|100/100
|-ability|p2a: Masquerain|Intimidate|boost
|-unboost|p1a: Tyranitar|atk|1
|turn|8
|
|t:|1769411246
|move|p1a: Tyranitar|Stone Edge|p2a: Masquerain
|-supereffective|p2a: Masquerain
|-enditem|p2a: Masquerain|Focus Sash
|-damage|p2a: Masquerain|1/100
|move|p2a: Masquerain|Sticky Web|p1a: Tyranitar
|-sidestart|p1: AlexanderLC20|move: Sticky Web
|
|-weather|none
|-heal|p1a: Tyranitar|73/100|[from] item: Leftovers
|upkeep
|turn|9
|
|t:|1769411257
|move|p1a: Tyranitar|Dragon Dance|p1a: Tyranitar
|-boost|p1a: Tyranitar|atk|1
|-boost|p1a: Tyranitar|spe|1
|move|p2a: Masquerain|Ice Beam|p1a: Tyranitar
|-supereffective|p1a: Tyranitar
|-damage|p1a: Tyranitar|38/100
|
|-heal|p1a: Tyranitar|45/100|[from] item: Leftovers
|upkeep
|turn|10
|
|t:|1769411263
|move|p1a: Tyranitar|Crunch|p2a: Masquerain
|-damage|p2a: Masquerain|0 fnt
|faint|p2a: Masquerain
|
|-heal|p1a: Tyranitar|51/100|[from] item: Leftovers
|upkeep
|
|t:|1769411264
|switch|p2a: Empoleon|Empoleon, F|100/100
|turn|11
|
|t:|1769411276
|switch|p2a: Carbink|Carbink|100/100
|move|p1a: Tyranitar|Crunch|p2a: Carbink
|-resisted|p2a: Carbink
|-damage|p2a: Carbink|72/100
|
|-heal|p1a: Tyranitar|57/100|[from] item: Leftovers
|upkeep
|turn|12
|
|t:|1769411285
|move|p1a: Tyranitar|Stone Edge|p2a: Carbink|[miss]
|-miss|p1a: Tyranitar|p2a: Carbink
|move|p2a: Carbink|Trick Room|p2a: Carbink
|-fieldstart|move: Trick Room|[of] p2a: Carbink
|
|-heal|p1a: Tyranitar|63/100|[from] item: Leftovers
|upkeep
|turn|13
|
|t:|1769411289
|move|p2a: Carbink|Misty Explosion|p1a: Tyranitar
|-damage|p1a: Tyranitar|50/100
|faint|p2a: Carbink
|move|p1a: Tyranitar|Stone Edge|p2: Carbink|[notarget]
|-fail|p1a: Tyranitar
|
|-heal|p1a: Tyranitar|57/100|[from] item: Leftovers
|upkeep
|
|t:|1769411292
|switch|p2a: Empoleon|Empoleon, F|100/100
|turn|14
|
|t:|1769411297
|-terastallize|p2a: Empoleon|Electric
|move|p2a: Empoleon|Tera Blast|p1a: Tyranitar|[anim] Tera Blast Electric
|-supereffective|p1a: Tyranitar
|-damage|p1a: Tyranitar|4/100
|move|p1a: Tyranitar|Crunch|p2a: Empoleon
|-crit|p2a: Empoleon
|-damage|p2a: Empoleon|0 fnt
|faint|p2a: Empoleon
|
|-heal|p1a: Tyranitar|10/100|[from] item: Leftovers
|upkeep
|-message|zonix14 forfeited.
|
|win|AlexanderLC20
|raw|AlexanderLC20's rating: 1245 &rarr; <strong>1275</strong><br />(+30 for winning)
|raw|zonix14's rating: 1320 &rarr; <strong>1296</strong><br />(-24 for losing)
|l|☆zonix14
|player|p2|
|l|☆AlexanderLC20
|player|p1|
