|j|☆amigodomobilete67
|j|☆Shinoanoiz
|t:|1769309827
|gametype|singles
|player|p1|amigodomobilete67|lucas|1000
|player|p2|Shinoanoiz|cynthia|1033
|gen|9
|tier|[Gen 9] OU
|rated|
|rule|HP Percentage Mod: HP is shown in percentages
|rule|Endless Battle Clause: Forcing endless battles is banned
|rule|Species Clause: Limit one of each Pokémon
|rule|OHKO Clause: OHKO moves are banned
|rule|Evasion Items Clause: Evasion items are banned
|rule|Evasion Moves Clause: Evasion moves are banned
|rule|Evasion Abilities Clause: Evasion abilities are banned
|rule|Sleep Moves Clause: Sleep-inducing moves are banned
|clearpoke
|poke|p1|Blaziken, M|
|poke|p1|Magnezone|
|poke|p1|Klefki, M|
|poke|p1|Blissey, F|
|poke|p1|Toxapex, F|
|poke|p1|Zapdos|
|poke|p2|Haxorus, F|
|poke|p2|Jirachi|
|poke|p2|Slowking, F|
|poke|p2|Murkrow, M|
|poke|p2|Empoleon, M|
|poke|p2|Clodsire, F|
|teampreview
|
|t:|1769309839
|teamsize|p1|6
|teamsize|p2|6
|start
|switch|p1a: Klefki|Klefki, M|100/100
|switch|p2a: Haxorus|Haxorus, F|100/100
|-ability|p2a: Haxorus|Mold Breaker
|turn|1
|
|t:|1769309857
|move|p2a: Haxorus|Earthquake|p1a: Klefki
|-supereffective|p1a: Klefki
|-damage|p1a: Klefki|11/100
|move|p1a: Klefki|Play Rough|p2a: Haxorus
|-supereffective|p2a: Haxorus
|-damage|p2a: Haxorus|47/100
|
|upkeep
|turn|2
|
|t:|1769309866
|move|p1a: Klefki|Protect|p1a: Klefki
|-singleturn|p1a: Klefki|Protect
|move|p2a: Haxorus|Iron Head|p1a: Klefki
|-activate|p1a: Klefki|move: Protect
|
|upkeep
|turn|3
|
|t:|1769309873
|move|p1a: Klefki|Sunny Day|p1a: Klefki
|-weather|SunnyDay
|move|p2a: Haxorus|Earthquake|p1a: Klefki
|-supereffective|p1a: Klefki
|-damage|p1a: Klefki|0 fnt
|faint|p1a: Klefki
|
|-weather|SunnyDay|[upkeep]
|upkeep
|
|t:|1769309882
|switch|p1a: Blaziken|Blaziken, M|100/100
|turn|4
|
|t:|1769309895
|move|p2a: Haxorus|Earthquake|p1a: Blaziken
|-supereffective|p1a: Blaziken
|-damage|p1a: Blaziken|0 fnt
|faint|p1a: Blaziken
|
|-weather|SunnyDay|[upkeep]
|upkeep
|
|t:|1769309906
|switch|p1a: Magnezone|Magnezone|100/100
|turn|5
|
|t:|1769309911
|move|p2a: Haxorus|Earthquake|p1a: Magnezone
|-supereffective|p1a: Magnezone
|-damage|p1a: Magnezone|0 fnt
|faint|p1a: Magnezone
|
|-weather|SunnyDay|[upkeep]
|upkeep
|
|t:|1769309920
|switch|p1a: Toxapex|Toxapex, F|100/100
|turn|6
|inactive|Battle timer is ON: inactive players will automatically lose when time's up. (requested by Shinoanoiz)
|
|t:|1769309933
|move|p2a: Haxorus|Earthquake|p1a: Toxapex
|-supereffective|p1a: Toxapex
|-damage|p1a: Toxapex|49/100
|move|p1a: Toxapex|Surf|p2a: Haxorus
|-resisted|p2a: Haxorus
|-damage|p2a: Haxorus|40/100
|
|-weather|SunnyDay|[upkeep]
|-heal|p1a: Toxapex|55/100|[from] item: Leftovers
|upkeep
|turn|7
|
|t:|1769309945
|move|p2a: Haxorus|Earthquake|p1a: Toxapex
|-supereffective|p1a: Toxapex
|-damage|p1a: Toxapex|1/100
|move|p1a: Toxapex|Sludge Wave|p2a: Haxorus
|-damage|p2a: Haxorus|8/100
|
|-weather|none
|-heal|p1a: Toxapex|7/100|[from] item: Leftovers
|upkeep
|turn|8
|
|t:|1769309956
|switch|p1a: Zapdos|Zapdos|100/100
|move|p2a: Haxorus|Scale Shot|p1a: Zapdos|[miss]
|-miss|p2a: Haxorus|p1a: Zapdos
|
|upkeep
|turn|9
|
|t:|1769309967
|move|p2a: Haxorus|Scale Shot|p1a: Zapdos
|-damage|p1a: Zapdos|84/100
|-damage|p1a: Zapdos|67/100
|-damage|p1a: Zapdos|49/100
|-damage|p1a: Zapdos|31/100
|-damage|p1a: Zapdos|12/100
|-hitcount|p1a: Zapdos|5
|-unboost|p2a: Haxorus|def|1
|-boost|p2a: Haxorus|spe|1
|move|p1a: Zapdos|Fly||[still]
|-prepare|p1a: Zapdos|Fly
|
|-heal|p1a: Zapdos|18/100|[from] item: Leftovers
|upkeep
|turn|10
|
|t:|1769309985
|switch|p2a: Jirachi|Jirachi, shiny|100/100
|move|p1a: Zapdos|Fly|p2a: Jirachi|[from] lockedmove
|-resisted|p2a: Jirachi
|-damage|p2a: Jirachi|88/100
|
|-heal|p1a: Zapdos|24/100|[from] item: Leftovers
|-heal|p2a: Jirachi|94/100|[from] item: Leftovers
|upkeep
|turn|11
|
|t:|1769310003
|switch|p1a: Blissey|Blissey, F|100/100
|move|p2a: Jirachi|Wish|p2a: Jirachi
|
|-heal|p2a: Jirachi|99/100|[from] item: Leftovers
|upkeep
|turn|12
|
|t:|1769310019
|move|p2a: Jirachi|Iron Defense|p2a: Jirachi
|-boost|p2a: Jirachi|def|2
|move|p1a: Blissey|Healing Wish|p1a: Blissey
|faint|p1a: Blissey
|
|-heal|p2a: Jirachi|100/100|[from] move: Wish|[wisher] Jirachi
|upkeep
|inactive|amigodomobilete67 has 120 seconds left.
|
|t:|1769310034
|switch|p1a: Toxapex|Toxapex, F|40/100
|-heal|p1a: Toxapex|100/100|[from] move: Healing Wish
|turn|13
|inactive|amigodomobilete67 has 120 seconds left.
|-message|amigodomobilete67 forfeited.
|
|win|Shinoanoiz
|raw|amigodomobilete67's rating: 1000 &rarr; <strong>1000</strong><br />(+0 for losing)
|raw|Shinoanoiz's rating: 1033 &rarr; <strong>1065</strong><br />(+32 for winning)
|l|☆amigodomobilete67
|player|p1|
