|j|☆sephy69
|j|☆Router_z
|t:|1769407424
|gametype|singles
|player|p1|sephy69|will|1129
|player|p2|Router_z|rood|1123
|gen|9
|tier|[Gen 9] OU
|rated|
|rule|HP Percentage Mod: HP is shown in percentages
|rule|Endless Battle Clause: Forcing endless battles is banned
|rule|Species Clause: Limit one of each Pokémon
|rule|OHKO Clause: OHKO moves are banned
|rule|Evasion Items Clause: Evasion items are banned
|rule|Evasion Moves Clause: Evasion moves are banned
|rule|Evasion Abilities Clause: Evasion abilities are banned
|rule|Sleep Moves Clause: Sleep-inducing moves are banned
|clearpoke
|poke|p1|Dragapult, M|
|poke|p1|Zapdos-Galar|
|poke|p1|Slowking, M|
|poke|p1|Weezing-Galar, M|
|poke|p1|Meowscarada, M|
|poke|p1|Scizor, M|
|poke|p2|Iron Valiant|
|poke|p2|Excadrill, M|
|poke|p2|Tyranitar, M|
|poke|p2|Tornadus-Therian, M|
|poke|p2|Ogerpon-Cornerstone, F|
|poke|p2|Toxapex, F|
|teampreview
|inactive|Battle timer is ON: inactive players will automatically lose when time's up. (requested by Router_z)
|
|t:|1769407434
|teamsize|p1|6
|teamsize|p2|6
|start
|switch|p1a: Zapdos|Zapdos-Galar|100/100
|switch|p2a: Tyranitar|Tyranitar, M|100/100
|-weather|Sandstorm|[from] ability: Sand Stream|[of] p2a: Tyranitar
|turn|1
|
|t:|1769407442
|switch|p2a: Toxapex|Toxapex, F, shiny|100/100
|move|p1a: Zapdos|Knock Off|p2a: Toxapex
|-damage|p2a: Toxapex|77/100
|-enditem|p2a: Toxapex|Eject Button|[from] move: Knock Off|[of] p1a: Zapdos
|
|-weather|Sandstorm|[upkeep]
|-damage|p1a: Zapdos|94/100|[from] Sandstorm
|-damage|p2a: Toxapex|71/100|[from] Sandstorm
|upkeep
|turn|2
|
|t:|1769407454
|move|p1a: Zapdos|U-turn|p2a: Toxapex
|-resisted|p2a: Toxapex
|-damage|p2a: Toxapex|63/100
|
|t:|1769407458
|switch|p1a: Slowking|Slowking, M|100/100|[from] U-turn
|move|p2a: Toxapex|Toxic Spikes|p1a: Slowking
|-sidestart|p1: sephy69|move: Toxic Spikes
|
|-weather|Sandstorm|[upkeep]
|-damage|p2a: Toxapex|57/100|[from] Sandstorm
|-damage|p1a: Slowking|94/100|[from] Sandstorm
|-heal|p1a: Slowking|100/100|[from] item: Leftovers
|upkeep
|turn|3
|
|t:|1769407473
|switch|p2a: Tyranitar|Tyranitar, M|100/100
|move|p1a: Slowking|Psychic Noise|p2a: Tyranitar
|-immune|p2a: Tyranitar
|
|-weather|Sandstorm|[upkeep]
|-damage|p1a: Slowking|94/100|[from] Sandstorm
|-heal|p1a: Slowking|100/100|[from] item: Leftovers
|upkeep
|turn|4
|
|t:|1769407484
|switch|p1a: Zapdos|Zapdos-Galar|94/100
|move|p2a: Tyranitar|Knock Off|p1a: Zapdos
|-resisted|p1a: Zapdos
|-damage|p1a: Zapdos|60/100
|-enditem|p1a: Zapdos|Covert Cloak|[from] move: Knock Off|[of] p2a: Tyranitar
|
|-weather|Sandstorm|[upkeep]
|-damage|p1a: Zapdos|53/100|[from] Sandstorm
|upkeep
|turn|5
|
|t:|1769407494
|switch|p2a: Toxapex|Toxapex, F, shiny|91/100
|move|p1a: Zapdos|Thunderous Kick|p2a: Toxapex
|-resisted|p2a: Toxapex
|-damage|p2a: Toxapex|74/100
|-unboost|p2a: Toxapex|def|1
|
|-weather|Sandstorm|[upkeep]
|-damage|p1a: Zapdos|47/100|[from] Sandstorm
|-damage|p2a: Toxapex|68/100|[from] Sandstorm
|upkeep
|turn|6
|
|t:|1769407507
|-terastallize|p1a: Zapdos|Steel
|move|p1a: Zapdos|Thunderous Kick|p2a: Toxapex
|-resisted|p2a: Toxapex
|-damage|p2a: Toxapex|46/100
|-unboost|p2a: Toxapex|def|1
|move|p2a: Toxapex|Toxic Spikes|p1a: Zapdos
|-sidestart|p1: sephy69|move: Toxic Spikes
|
|-weather|Sandstorm|[upkeep]
|-damage|p2a: Toxapex|40/100|[from] Sandstorm
|upkeep
|turn|7
|
|t:|1769407520
|switch|p2a: Excadrill|Excadrill, M|100/100
|move|p1a: Zapdos|Brave Bird|p2a: Excadrill
|-resisted|p2a: Excadrill
|-damage|p2a: Excadrill|56/100
|-damage|p1a: Zapdos|31/100|[from] Recoil
|
|-weather|Sandstorm|[upkeep]
|-heal|p2a: Excadrill|63/100|[from] item: Leftovers
|upkeep
|turn|8
|
|t:|1769407532
|switch|p1a: Weezing|Weezing-Galar, M|100/100
|move|p2a: Excadrill|Earthquake|p1a: Weezing
|-immune|p1a: Weezing|[from] ability: Levitate
|
|-weather|none
|-heal|p2a: Excadrill|69/100|[from] item: Leftovers
|upkeep
|turn|9
|
|t:|1769407543
|switch|p2a: Tyranitar|Tyranitar, M|100/100
|-weather|Sandstorm|[from] ability: Sand Stream|[of] p2a: Tyranitar
|move|p1a: Weezing|Will-O-Wisp|p2a: Tyranitar
|-status|p2a: Tyranitar|brn
|
|-weather|Sandstorm|[upkeep]
|-damage|p1a: Weezing|95/100|[from] Sandstorm
|-damage|p2a: Tyranitar|94/100 brn|[from] brn
|upkeep
|turn|10
|
|t:|1769407555
|move|p2a: Tyranitar|Stealth Rock|p1a: Weezing
|-sidestart|p1: sephy69|move: Stealth Rock
|move|p1a: Weezing|Defog|p2a: Tyranitar
|-unboost|p2a: Tyranitar|evasion|1
|-sideend|p1: sephy69|Toxic Spikes|[from] move: Defog|[of] p1a: Weezing
|-sideend|p1: sephy69|Stealth Rock|[from] move: Defog|[of] p1a: Weezing
|
|-weather|Sandstorm|[upkeep]
|-damage|p1a: Weezing|89/100|[from] Sandstorm
|-damage|p2a: Tyranitar|88/100 brn|[from] brn
|upkeep
|turn|11
|
|t:|1769407573
|switch|p2a: Ogerpon|Ogerpon-Cornerstone, F|100/100
|switch|p1a: Zapdos|Zapdos-Galar, tera:Steel|31/100
|
|-weather|Sandstorm|[upkeep]
|upkeep
|turn|12
|
|t:|1769407582
|move|p2a: Ogerpon|Low Kick|p1a: Zapdos
|-supereffective|p1a: Zapdos
|-damage|p1a: Zapdos|0 fnt
|faint|p1a: Zapdos
|
|-weather|Sandstorm|[upkeep]
|upkeep
|
|t:|1769407587
|switch|p1a: Scizor|Scizor, M|100/100
|turn|13
|
|t:|1769407592
|switch|p2a: Toxapex|Toxapex, F, shiny|73/100
|move|p1a: Scizor|Swords Dance|p1a: Scizor
|-boost|p1a: Scizor|atk|2
|
|-weather|Sandstorm|[upkeep]
|-damage|p2a: Toxapex|67/100|[from] Sandstorm
|upkeep
|turn|14
|
|t:|1769407602
|move|p1a: Scizor|Dual Wingbeat|p2a: Toxapex
|-damage|p2a: Toxapex|38/100
|-damage|p2a: Toxapex|9/100
|-hitcount|p2a: Toxapex|2
|move|p2a: Toxapex|Haze|p2a: Toxapex
|-clearallboost
|
|-weather|Sandstorm|[upkeep]
|-damage|p2a: Toxapex|3/100|[from] Sandstorm
|upkeep
|turn|15
|
|t:|1769407613
|switch|p2a: Tornadus|Tornadus-Therian, M, shiny|100/100
|move|p1a: Scizor|Swords Dance|p1a: Scizor
|-boost|p1a: Scizor|atk|2
|
|-weather|Sandstorm|[upkeep]
|-damage|p2a: Tornadus|94/100|[from] Sandstorm
|upkeep
|turn|16
|
|t:|1769407622
|move|p2a: Tornadus|Heat Wave|p1a: Scizor
|-supereffective|p1a: Scizor
|-damage|p1a: Scizor|0 fnt
|faint|p1a: Scizor
|
|-weather|none
|upkeep
|
|t:|1769407628
|switch|p1a: Dragapult|Dragapult, M|100/100
|turn|17
|
|t:|1769407633
|switch|p2a: Tyranitar|Tyranitar, M|88/100 brn
|-weather|Sandstorm|[from] ability: Sand Stream|[of] p2a: Tyranitar
|move|p1a: Dragapult|Draco Meteor|p2a: Tyranitar
|-damage|p2a: Tyranitar|33/100 brn
|-unboost|p1a: Dragapult|spa|2
|
|-weather|Sandstorm|[upkeep]
|-damage|p1a: Dragapult|95/100|[from] Sandstorm
|-damage|p2a: Tyranitar|27/100 brn|[from] brn
|upkeep
|turn|18
|
|t:|1769407650
|switch|p1a: Meowscarada|Meowscarada, M|100/100
|switch|p2a: Iron Valiant|Iron Valiant, shiny|100/100
|
|-weather|Sandstorm|[upkeep]
|-damage|p1a: Meowscarada|94/100|[from] Sandstorm
|-damage|p2a: Iron Valiant|94/100|[from] Sandstorm
|upkeep
|turn|19
|
|t:|1769407662
|switch|p1a: Weezing|Weezing-Galar, M|89/100
|move|p2a: Iron Valiant|Moonblast|p1a: Weezing
|-resisted|p1a: Weezing
|-damage|p1a: Weezing|52/100
|-unboost|p1a: Weezing|spa|1
|
|-weather|Sandstorm|[upkeep]
|-damage|p2a: Iron Valiant|88/100|[from] Sandstorm
|-damage|p1a: Weezing|46/100|[from] Sandstorm
|upkeep
|turn|20
|
|t:|1769407675
|-end|p2a: Iron Valiant|Quark Drive|[silent]
|switch|p2a: Ogerpon|Ogerpon-Cornerstone, F|100/100
|move|p1a: Weezing|Will-O-Wisp|p2a: Ogerpon|[miss]
|-miss|p1a: Weezing|p2a: Ogerpon
|
|-weather|Sandstorm|[upkeep]
|-damage|p1a: Weezing|40/100|[from] Sandstorm
|upkeep
|turn|21
|
|t:|1769407684
|move|p2a: Ogerpon|Ivy Cudgel|p1a: Weezing|[anim] Ivy Cudgel Rock
|-damage|p1a: Weezing|0 fnt
|faint|p1a: Weezing
|
|-weather|Sandstorm|[upkeep]
|upkeep
|
|t:|1769407691
|switch|p1a: Meowscarada|Meowscarada, M|94/100
|turn|22
|
|t:|1769407694
|switch|p2a: Tornadus|Tornadus-Therian, M, shiny|100/100
|move|p1a: Meowscarada|Flower Trick|p2a: Tornadus
|-start|p1a: Meowscarada|typechange|Grass|[from] ability: Protean
|-resisted|p2a: Tornadus
|-crit|p2a: Tornadus
|-damage|p2a: Tornadus|65/100
|
|-weather|Sandstorm|[upkeep]
|-damage|p1a: Meowscarada|88/100|[from] Sandstorm
|-damage|p2a: Tornadus|59/100|[from] Sandstorm
|upkeep
|turn|23
|
|t:|1769407709
|move|p1a: Meowscarada|U-turn|p2a: Tornadus
|-resisted|p2a: Tornadus
|-damage|p2a: Tornadus|44/100
|
|t:|1769407713
|switch|p1a: Slowking|Slowking, M|100/100|[from] U-turn
|move|p2a: Tornadus|Bleakwind Storm|p1a: Slowking
|-crit|p1a: Slowking
|-damage|p1a: Slowking|26/100
|
|-weather|Sandstorm|[upkeep]
|-damage|p2a: Tornadus|38/100|[from] Sandstorm
|-damage|p1a: Slowking|20/100|[from] Sandstorm
|-heal|p1a: Slowking|26/100|[from] item: Leftovers
|upkeep
|turn|24
|
|t:|1769407724
|move|p2a: Tornadus|Bleakwind Storm|p1a: Slowking
|-damage|p1a: Slowking|0 fnt
|faint|p1a: Slowking
|
|-weather|none
|upkeep
|
|t:|1769407730
|switch|p1a: Meowscarada|Meowscarada, M|88/100
|turn|25
|
|t:|1769407734
|switch|p2a: Tyranitar|Tyranitar, M|27/100 brn
|-weather|Sandstorm|[from] ability: Sand Stream|[of] p2a: Tyranitar
|move|p1a: Meowscarada|Play Rough|p2a: Tyranitar
|-start|p1a: Meowscarada|typechange|Fairy|[from] ability: Protean
|-supereffective|p2a: Tyranitar
|-damage|p2a: Tyranitar|0 fnt
|faint|p2a: Tyranitar
|
|-weather|Sandstorm|[upkeep]
|-damage|p1a: Meowscarada|82/100|[from] Sandstorm
|upkeep
|
|t:|1769407749
|switch|p2a: Excadrill|Excadrill, M|69/100
|turn|26
|
|t:|1769407755
|switch|p1a: Dragapult|Dragapult, M|95/100
|move|p2a: Excadrill|Substitute|p2a: Excadrill
|-start|p2a: Excadrill|Substitute
|-damage|p2a: Excadrill|44/100
|
|-weather|Sandstorm|[upkeep]
|-damage|p1a: Dragapult|89/100|[from] Sandstorm
|-heal|p2a: Excadrill|50/100|[from] item: Leftovers
|upkeep
|turn|27
|
|t:|1769407768
|move|p2a: Excadrill|Earthquake|p1a: Dragapult
|-damage|p1a: Dragapult|9/100
|move|p1a: Dragapult|Flamethrower|p2a: Excadrill
|-supereffective|p2a: Excadrill
|-damage|p2a: Excadrill|0 fnt
|faint|p2a: Excadrill
|
|-weather|Sandstorm|[upkeep]
|-damage|p1a: Dragapult|3/100|[from] Sandstorm
|upkeep
|
|t:|1769407780
|switch|p2a: Iron Valiant|Iron Valiant, shiny|88/100
|turn|28
|
|t:|1769407783
|move|p2a: Iron Valiant|Vacuum Wave|p1a: Dragapult
|-immune|p1a: Dragapult
|move|p1a: Dragapult|Flamethrower|p2a: Iron Valiant
|-damage|p2a: Iron Valiant|17/100
|
|-weather|Sandstorm|[upkeep]
|-damage|p1a: Dragapult|0 fnt|[from] Sandstorm
|-damage|p2a: Iron Valiant|11/100|[from] Sandstorm
|faint|p1a: Dragapult
|upkeep
|
|t:|1769407790
|switch|p1a: Meowscarada|Meowscarada, M|82/100
|turn|29
|
|t:|1769407795
|move|p2a: Iron Valiant|Vacuum Wave|p1a: Meowscarada
|-supereffective|p1a: Meowscarada
|-damage|p1a: Meowscarada|0 fnt
|faint|p1a: Meowscarada
|
|win|Router_z
|raw|sephy69's rating: 1129 &rarr; <strong>1104</strong><br />(-25 for losing)
|raw|Router_z's rating: 1123 &rarr; <strong>1148</strong><br />(+25 for winning)
|l|☆sephy69
|player|p1|
|l|☆Router_z
|player|p2|
