|j|☆lbdrinkingpower
|j|☆AndreBenito
|t:|1769389573
|gametype|singles
|player|p1|lbdrinkingpower|rocketgrunt|1366
|player|p2|AndreBenito|265|1358
|gen|9
|tier|[Gen 9] OU
|rated|
|rule|HP Percentage Mod: HP is shown in percentages
|rule|Endless Battle Clause: Forcing endless battles is banned
|rule|Species Clause: Limit one of each Pokémon
|rule|OHKO Clause: OHKO moves are banned
|rule|Evasion Items Clause: Evasion items are banned
|rule|Evasion Moves Clause: Evasion moves are banned
|rule|Evasion Abilities Clause: Evasion abilities are banned
|rule|Sleep Moves Clause: Sleep-inducing moves are banned
|clearpoke
|poke|p1|Kyurem|
|poke|p1|Hatterene, F|
|poke|p1|Landorus-Therian, M|
|poke|p1|Kingambit, F|
|poke|p1|Zamazenta-*|
|poke|p1|Iron Moth|
|poke|p2|Blissey, F|
|poke|p2|Hoopa-Unbound|
|poke|p2|Quagsire, F|
|poke|p2|Alomomola, F|
|poke|p2|Corviknight, F|
|poke|p2|Weezing-Galar, M|
|teampreview
|inactive|Battle timer is ON: inactive players will automatically lose when time's up. (requested by lbdrinkingpower)
|
|t:|1769389600
|teamsize|p1|6
|teamsize|p2|6
|start
|switch|p1a: Landorus|Landorus-Therian, M|100/100
|switch|p2a: BlobThatIsPink|Alomomola, F|100/100
|-ability|p1a: Landorus|Intimidate|boost
|-unboost|p2a: BlobThatIsPink|atk|1
|turn|1
|
|t:|1769389607
|move|p1a: Landorus|Stealth Rock|p2a: BlobThatIsPink
|-sidestart|p2: AndreBenito|move: Stealth Rock
|move|p2a: BlobThatIsPink|Flip Turn|p1a: Landorus
|-supereffective|p1a: Landorus
|-crit|p1a: Landorus
|-damage|p1a: Landorus|50/100
|-damage|p2a: BlobThatIsPink|84/100|[from] item: Rocky Helmet|[of] p1a: Landorus
|
|t:|1769389618
|switch|p2a: NoFeet|Weezing-Galar, M|100/100|[from] Flip Turn
|-ability|p2a: NoFeet|Neutralizing Gas
|
|upkeep
|turn|2
|
|t:|1769389622
|move|p1a: Landorus|Earthquake|p2a: NoFeet
|-supereffective|p2a: NoFeet
|-damage|p2a: NoFeet|32/100
|move|p2a: NoFeet|Will-O-Wisp|p1a: Landorus
|-status|p1a: Landorus|brn
|
|-damage|p1a: Landorus|44/100 brn|[from] brn
|upkeep
|turn|3
|
|t:|1769389633
|-end|p2a: NoFeet|ability: Neutralizing Gas
|-ability|p1a: Landorus|Intimidate|boost
|-unboost|p2a: NoFeet|atk|1
|switch|p2a: Corv|Corviknight, F|100/100
|-damage|p2a: Corv|88/100|[from] Stealth Rock
|-ability|p2a: Corv|Pressure
|move|p1a: Landorus|Earthquake|p2a: Corv
|-immune|p2a: Corv
|
|-heal|p2a: Corv|94/100|[from] item: Leftovers
|-damage|p1a: Landorus|38/100 brn|[from] brn
|upkeep
|turn|4
|
|t:|1769389639
|switch|p1a: Hatterene|Hatterene, F|100/100
|move|p2a: Corv|Defog|p1a: Hatterene
|move|p1a: Hatterene|Defog|p2a: Corv|[from] ability: Magic Bounce
|-unboost|p2a: Corv|evasion|1
|-sideend|p2: AndreBenito|Stealth Rock|[from] move: Defog|[of] p1a: Hatterene
|
|-heal|p2a: Corv|100/100|[from] item: Leftovers
|upkeep
|turn|5
|
|t:|1769389644
|switch|p2a: BlobThatIsPink|Alomomola, F|100/100
|move|p1a: Hatterene|Mystical Fire|p2a: BlobThatIsPink
|-resisted|p2a: BlobThatIsPink
|-damage|p2a: BlobThatIsPink|89/100
|-unboost|p2a: BlobThatIsPink|spa|1
|
|upkeep
|turn|6
|
|t:|1769389650
|switch|p1a: Landorus|Landorus-Therian, M|38/100 brn
|-ability|p1a: Landorus|Intimidate|boost
|-unboost|p2a: BlobThatIsPink|atk|1
|move|p2a: BlobThatIsPink|Wish|p2a: BlobThatIsPink
|
|-damage|p1a: Landorus|31/100 brn|[from] brn
|upkeep
|turn|7
|
|t:|1769389654
|move|p1a: Landorus|Stealth Rock|p2a: BlobThatIsPink
|-sidestart|p2: AndreBenito|move: Stealth Rock
|move|p2a: BlobThatIsPink|Flip Turn|p1a: Landorus
|-supereffective|p1a: Landorus
|-damage|p1a: Landorus|11/100 brn
|-damage|p2a: BlobThatIsPink|73/100|[from] item: Rocky Helmet|[of] p1a: Landorus
|
|t:|1769389656
|switch|p2a: NoFeet|Weezing-Galar, M|32/100|[from] Flip Turn
|-ability|p2a: NoFeet|Neutralizing Gas
|
|-heal|p2a: NoFeet|100/100|[from] move: Wish|[wisher] BlobThatIsPink
|-damage|p1a: Landorus|5/100 brn|[from] brn
|upkeep
|turn|8
|
|t:|1769389661
|move|p1a: Landorus|U-turn|p2a: NoFeet
|-resisted|p2a: NoFeet
|-damage|p2a: NoFeet|99/100
|
|t:|1769389663
|switch|p1a: Hatterene|Hatterene, F|100/100|[from] U-turn
|move|p2a: NoFeet|Defog|p1a: Hatterene
|-unboost|p1a: Hatterene|evasion|1
|-sideend|p2: AndreBenito|Stealth Rock|[from] move: Defog|[of] p2a: NoFeet
|
|upkeep
|turn|9
|
|t:|1769389674
|move|p2a: NoFeet|Will-O-Wisp|p1a: Hatterene
|-status|p1a: Hatterene|brn
|move|p1a: Hatterene|Psychic Noise|p2a: NoFeet
|-supereffective|p2a: NoFeet
|-damage|p2a: NoFeet|0 fnt
|faint|p2a: NoFeet
|-end|p2a: NoFeet|ability: Neutralizing Gas
|
|-damage|p1a: Hatterene|95/100 brn|[from] brn
|upkeep
|
|t:|1769389686
|switch|p2a: PinkestBlob|Hoopa-Unbound|100/100
|turn|10
|
|t:|1769389699
|move|p2a: PinkestBlob|Knock Off|p1a: Hatterene
|-damage|p1a: Hatterene|34/100 brn
|-enditem|p1a: Hatterene|Assault Vest|[from] move: Knock Off|[of] p2a: PinkestBlob
|move|p1a: Hatterene|Draining Kiss|p2a: PinkestBlob
|-supereffective|p2a: PinkestBlob
|-damage|p2a: PinkestBlob|74/100
|-heal|p1a: Hatterene|57/100 brn|[from] drain|[of] p2a: PinkestBlob
|
|-damage|p1a: Hatterene|51/100 brn|[from] brn
|upkeep
|turn|11
|
|t:|1769389708
|switch|p1a: Landorus|Landorus-Therian, M|5/100 brn
|-ability|p1a: Landorus|Intimidate|boost
|-unboost|p2a: PinkestBlob|atk|1
|move|p2a: PinkestBlob|Psychic Noise|p1a: Landorus
|-damage|p1a: Landorus|0 fnt
|faint|p1a: Landorus
|
|upkeep
|
|t:|1769389722
|switch|p1a: Hatterene|Hatterene, F|51/100 brn
|turn|12
|
|t:|1769389729
|move|p2a: PinkestBlob|Psychic Noise|p1a: Hatterene
|-resisted|p1a: Hatterene
|-damage|p1a: Hatterene|28/100 brn
|-start|p1a: Hatterene|move: Heal Block
|cant|p1a: Hatterene|move: Heal Block|Draining Kiss
|
|-damage|p1a: Hatterene|22/100 brn|[from] brn
|upkeep
|turn|13
|
|t:|1769389742
|move|p2a: PinkestBlob|Knock Off|p1a: Hatterene
|-damage|p1a: Hatterene|0 fnt
|faint|p1a: Hatterene
|
|upkeep
|
|t:|1769389755
|switch|p1a: Kingambit|Kingambit, F|100/100
|-activate|p1a: Kingambit|ability: Supreme Overlord
|-start|p1a: Kingambit|fallen2|[silent]
|turn|14
|
|t:|1769389771
|move|p2a: PinkestBlob|Drain Punch|p1a: Kingambit
|-supereffective|p1a: Kingambit
|-damage|p1a: Kingambit|52/100
|-heal|p2a: PinkestBlob|100/100|[from] drain|[of] p1a: Kingambit
|move|p1a: Kingambit|Kowtow Cleave|p2a: PinkestBlob
|-damage|p2a: PinkestBlob|32/100
|
|-heal|p1a: Kingambit|58/100|[from] item: Leftovers
|upkeep
|turn|15
|inactive|lbdrinkingpower has 120 seconds left.
|
|t:|1769389819
|switch|p2a: BlobThatIsPink|Alomomola, F|100/100
|move|p1a: Kingambit|Sucker Punch||[still]
|-fail|p1a: Kingambit
|
|-heal|p1a: Kingambit|64/100|[from] item: Leftovers
|upkeep
|turn|16
|
|t:|1769389824
|move|p1a: Kingambit|Kowtow Cleave|p2a: BlobThatIsPink
|-crit|p2a: BlobThatIsPink
|-damage|p2a: BlobThatIsPink|50/100
|-damage|p1a: Kingambit|48/100|[from] item: Rocky Helmet|[of] p2a: BlobThatIsPink
|move|p2a: BlobThatIsPink|Wish|p2a: BlobThatIsPink
|
|-heal|p1a: Kingambit|54/100|[from] item: Leftovers
|upkeep
|turn|17
|inactive|lbdrinkingpower has 120 seconds left.
|inactive|lbdrinkingpower has 90 seconds left.
|
|t:|1769389871
|move|p1a: Kingambit|Kowtow Cleave|p2a: BlobThatIsPink
|-damage|p2a: BlobThatIsPink|17/100
|-damage|p1a: Kingambit|37/100|[from] item: Rocky Helmet|[of] p2a: BlobThatIsPink
|move|p2a: BlobThatIsPink|Flip Turn|p1a: Kingambit
|-damage|p1a: Kingambit|25/100
|inactive|AndreBenito has 120 seconds left.
|
|t:|1769389920
|switch|p2a: PinkestBlob|Hoopa-Unbound|32/100|[from] Flip Turn
|
|-heal|p2a: PinkestBlob|97/100|[from] move: Wish|[wisher] BlobThatIsPink
|-heal|p1a: Kingambit|31/100|[from] item: Leftovers
|upkeep
|turn|18
|inactive|lbdrinkingpower has 90 seconds left.
|
|t:|1769389928
|switch|p2a: Corv|Corviknight, F|100/100
|-ability|p2a: Corv|Pressure
|move|p1a: Kingambit|Kowtow Cleave|p2a: Corv
|-damage|p2a: Corv|63/100
|
|-heal|p2a: Corv|69/100|[from] item: Leftovers
|-heal|p1a: Kingambit|37/100|[from] item: Leftovers
|upkeep
|turn|19
|inactive|lbdrinkingpower has 90 seconds left.
|
|t:|1769389938
|move|p2a: Corv|Body Press|p1a: Kingambit
|-supereffective|p1a: Kingambit
|-damage|p1a: Kingambit|0 fnt
|faint|p1a: Kingambit
|-end|p1a: Kingambit|fallen2|[silent]
|
|-heal|p2a: Corv|75/100|[from] item: Leftovers
|upkeep
|
|t:|1769389940
|switch|p1a: Iron Moth|Iron Moth|100/100
|-enditem|p1a: Iron Moth|Booster Energy
|-activate|p1a: Iron Moth|ability: Quark Drive|[fromitem]
|-start|p1a: Iron Moth|quarkdrivespe
|turn|20
|
|t:|1769389944
|switch|p2a: PinkBlob|Blissey, F|100/100
|move|p1a: Iron Moth|Fiery Dance|p2a: PinkBlob
|-damage|p2a: PinkBlob|89/100
|
|-heal|p2a: PinkBlob|95/100|[from] item: Leftovers
|upkeep
|turn|21
|
|t:|1769389951
|-end|p1a: Iron Moth|Quark Drive|[silent]
|switch|p1a: Zamazenta|Zamazenta|100/100
|-ability|p1a: Zamazenta|Dauntless Shield|boost
|-boost|p1a: Zamazenta|def|1
|move|p2a: PinkBlob|Stealth Rock|p1a: Zamazenta
|-sidestart|p1: lbdrinkingpower|move: Stealth Rock
|
|-heal|p2a: PinkBlob|100/100|[from] item: Leftovers
|upkeep
|turn|22
|
|t:|1769389963
|switch|p2a: HandsomeKing|Quagsire, F|100/100
|move|p1a: Zamazenta|Iron Defense|p1a: Zamazenta
|-boost|p1a: Zamazenta|def|2
|
|upkeep
|turn|23
|
|t:|1769389968
|switch|p1a: Iron Moth|Iron Moth|100/100
|-damage|p1a: Iron Moth|76/100|[from] Stealth Rock
|move|p2a: HandsomeKing|Toxic|p1a: Iron Moth
|-immune|p1a: Iron Moth
|
|upkeep
|turn|24
|
|t:|1769389971
|move|p1a: Iron Moth|Toxic Spikes|p2a: HandsomeKing
|-sidestart|p2: AndreBenito|move: Toxic Spikes
|move|p2a: HandsomeKing|Earthquake|p1a: Iron Moth
|-supereffective|p1a: Iron Moth
|-damage|p1a: Iron Moth|0 fnt
|faint|p1a: Iron Moth
|-end|p1a: Iron Moth|Quark Drive|[silent]
|
|upkeep
|
|t:|1769389977
|switch|p1a: Zamazenta|Zamazenta|100/100
|-damage|p1a: Zamazenta|94/100|[from] Stealth Rock
|turn|25
|
|t:|1769389979
|move|p1a: Zamazenta|Body Press|p2a: HandsomeKing
|-damage|p2a: HandsomeKing|73/100
|move|p2a: HandsomeKing|Toxic|p1a: Zamazenta
|-status|p1a: Zamazenta|tox
|
|-heal|p1a: Zamazenta|100/100 tox|[from] item: Leftovers
|-heal|p2a: HandsomeKing|79/100|[from] item: Leftovers
|-damage|p1a: Zamazenta|94/100 tox|[from] psn
|upkeep
|turn|26
|-message|lbdrinkingpower forfeited.
|
|win|AndreBenito
|raw|lbdrinkingpower's rating: 1366 &rarr; <strong>1346</strong><br />(-20 for losing)
|raw|AndreBenito's rating: 1358 &rarr; <strong>1378</strong><br />(+20 for winning)
|l|☆lbdrinkingpower
|player|p1|
|l|☆AndreBenito
|player|p2|
