|j|☆pinkwalll
|j|☆no_dupes
|t:|1769410134
|gametype|singles
|player|p1|pinkwalll|battlegirl|1455
|player|p2|no_dupes|brock-gen2|1449
|gen|9
|tier|[Gen 9] OU
|rated|
|rule|HP Percentage Mod: HP is shown in percentages
|rule|Endless Battle Clause: Forcing endless battles is banned
|rule|Species Clause: Limit one of each Pokémon
|rule|OHKO Clause: OHKO moves are banned
|rule|Evasion Items Clause: Evasion items are banned
|rule|Evasion Moves Clause: Evasion moves are banned
|rule|Evasion Abilities Clause: Evasion abilities are banned
|rule|Sleep Moves Clause: Sleep-inducing moves are banned
|clearpoke
|poke|p1|Torkoal, F|
|poke|p1|Scovillain, F|
|poke|p1|Walking Wake|
|poke|p1|Hatterene, F|
|poke|p1|Great Tusk|
|poke|p1|Ceruledge, F|
|poke|p2|Great Tusk|
|poke|p2|Hatterene, F|
|poke|p2|Charizard, M|
|poke|p2|Walking Wake|
|poke|p2|Torkoal, F|
|poke|p2|Fezandipiti, M|
|teampreview
|inactive|Battle timer is ON: inactive players will automatically lose when time's up. (requested by pinkwalll)
|j| nitroLazer120
|
|t:|1769410173
|teamsize|p1|6
|teamsize|p2|6
|start
|switch|p1a: Torkoal|Torkoal, F|100/100
|switch|p2a: Walking Wake|Walking Wake|100/100
|-weather|SunnyDay|[from] ability: Drought|[of] p1a: Torkoal
|-activate|p2a: Walking Wake|ability: Protosynthesis
|-start|p2a: Walking Wake|protosynthesisspe
|turn|1
|
|t:|1769410178
|switch|p1a: Walking Wake|Walking Wake|100/100
|-activate|p1a: Walking Wake|ability: Protosynthesis
|-start|p1a: Walking Wake|protosynthesisspa
|move|p2a: Walking Wake|Hydro Steam|p1a: Walking Wake
|-resisted|p1a: Walking Wake
|-damage|p1a: Walking Wake|82/100
|
|-weather|SunnyDay|[upkeep]
|upkeep
|turn|2
|
|t:|1769410186
|-end|p2a: Walking Wake|Protosynthesis|[silent]
|switch|p2a: Fez And Ipiti|Fezandipiti, M|100/100
|-end|p1a: Walking Wake|Protosynthesis|[silent]
|switch|p1a: Hatterene|Hatterene, F, shiny|100/100
|
|-weather|SunnyDay|[upkeep]
|upkeep
|turn|3
|
|t:|1769410191
|move|p2a: Fez And Ipiti|Play Rough|p1a: Hatterene
|-damage|p1a: Hatterene|76/100
|-enditem|p1a: Hatterene|Eject Button
|
|t:|1769410204
|switch|p1a: Scovillain|Scovillain, F|100/100
|
|-weather|SunnyDay|[upkeep]
|upkeep
|turn|4
|
|t:|1769410209
|switch|p2a: Walking Wake|Walking Wake|100/100
|-activate|p2a: Walking Wake|ability: Protosynthesis
|-start|p2a: Walking Wake|protosynthesisspe
|move|p1a: Scovillain|Growth|p1a: Scovillain
|-boost|p1a: Scovillain|atk|2
|-boost|p1a: Scovillain|spa|2
|
|-weather|SunnyDay|[upkeep]
|upkeep
|turn|5
|
|t:|1769410213
|move|p1a: Scovillain|Giga Drain|p2a: Walking Wake
|-damage|p2a: Walking Wake|4/100
|-damage|p1a: Scovillain|91/100|[from] item: Life Orb
|move|p2a: Walking Wake|Hydro Steam|p1a: Scovillain
|-damage|p1a: Scovillain|0 fnt
|faint|p1a: Scovillain
|
|-weather|SunnyDay|[upkeep]
|upkeep
|
|t:|1769410217
|switch|p1a: Ceruledge|Ceruledge, F|100/100
|turn|6
|
|t:|1769410220
|-end|p2a: Walking Wake|Protosynthesis|[silent]
|switch|p2a: Great Tusk|Great Tusk|100/100
|-activate|p2a: Great Tusk|ability: Protosynthesis
|-start|p2a: Great Tusk|protosynthesisdef
|move|p1a: Ceruledge|Shadow Sneak|p2a: Great Tusk
|-crit|p2a: Great Tusk
|-damage|p2a: Great Tusk|88/100
|
|-weather|SunnyDay|[upkeep]
|-heal|p2a: Great Tusk|94/100|[from] item: Leftovers
|upkeep
|turn|7
|
|t:|1769410225
|move|p1a: Ceruledge|Swords Dance|p1a: Ceruledge
|-boost|p1a: Ceruledge|atk|2
|move|p2a: Great Tusk|Headlong Rush|p1a: Ceruledge
|-supereffective|p1a: Ceruledge
|-enditem|p1a: Ceruledge|Focus Sash
|-damage|p1a: Ceruledge|1/100
|-unboost|p2a: Great Tusk|def|1
|-unboost|p2a: Great Tusk|spd|1
|-ability|p1a: Ceruledge|Weak Armor|boost
|-unboost|p1a: Ceruledge|def|1
|-boost|p1a: Ceruledge|spe|2
|
|-weather|SunnyDay|[upkeep]
|-heal|p2a: Great Tusk|99/100|[from] item: Leftovers
|upkeep
|turn|8
|
|t:|1769410230
|move|p1a: Ceruledge|Solar Blade||[still]
|-prepare|p1a: Ceruledge|Solar Blade
|-anim|p1a: Ceruledge|Solar Blade|p2a: Great Tusk
|-supereffective|p2a: Great Tusk
|-damage|p2a: Great Tusk|0 fnt
|faint|p2a: Great Tusk
|-end|p2a: Great Tusk|Protosynthesis|[silent]
|
|-weather|none
|upkeep
|
|t:|1769410240
|switch|p2a: Torkoal|Torkoal, F|100/100
|-weather|SunnyDay|[from] ability: Drought|[of] p2a: Torkoal
|turn|9
|
|t:|1769410245
|move|p1a: Ceruledge|Bitter Blade|p2a: Torkoal
|-resisted|p2a: Torkoal
|-damage|p2a: Torkoal|56/100
|-heal|p1a: Ceruledge|27/100|[from] drain|[of] p2a: Torkoal
|move|p2a: Torkoal|Lava Plume|p1a: Ceruledge
|-resisted|p1a: Ceruledge
|-damage|p1a: Ceruledge|5/100
|
|-weather|SunnyDay|[upkeep]
|upkeep
|turn|10
|
|t:|1769410257
|move|p1a: Ceruledge|Bitter Blade|p2a: Torkoal
|-resisted|p2a: Torkoal
|-damage|p2a: Torkoal|13/100
|-heal|p1a: Ceruledge|31/100|[from] drain|[of] p2a: Torkoal
|move|p2a: Torkoal|Lava Plume|p1a: Ceruledge
|-resisted|p1a: Ceruledge
|-damage|p1a: Ceruledge|11/100
|
|-weather|SunnyDay|[upkeep]
|upkeep
|turn|11
|
|t:|1769410261
|switch|p2a: Walking Wake|Walking Wake|4/100
|-activate|p2a: Walking Wake|ability: Protosynthesis
|-start|p2a: Walking Wake|protosynthesisspe
|move|p1a: Ceruledge|Bitter Blade|p2a: Walking Wake
|-resisted|p2a: Walking Wake
|-damage|p2a: Walking Wake|0 fnt
|-heal|p1a: Ceruledge|14/100|[from] drain|[of] p2a: Walking Wake
|faint|p2a: Walking Wake
|-end|p2a: Walking Wake|Protosynthesis|[silent]
|
|-weather|SunnyDay|[upkeep]
|upkeep
|
|t:|1769410264
|switch|p2a: Fez And Ipiti|Fezandipiti, M|100/100
|turn|12
|
|t:|1769410268
|-terastallize|p2a: Fez And Ipiti|Water
|move|p1a: Ceruledge|Bitter Blade|p2a: Fez And Ipiti
|-resisted|p2a: Fez And Ipiti
|-damage|p2a: Fez And Ipiti|21/100
|-heal|p1a: Ceruledge|66/100|[from] drain|[of] p2a: Fez And Ipiti
|move|p2a: Fez And Ipiti|Play Rough|p1a: Ceruledge|[miss]
|-miss|p2a: Fez And Ipiti|p1a: Ceruledge
|
|-weather|SunnyDay|[upkeep]
|upkeep
|turn|13
|-message|no_dupes forfeited.
|
|win|pinkwalll
|raw|pinkwalll's rating: 1455 &rarr; <strong>1475</strong><br />(+20 for winning)
|raw|no_dupes's rating: 1449 &rarr; <strong>1429</strong><br />(-20 for losing)
|c|☆pinkwalll|tuff
|l| nitroLazer120
|l|☆pinkwalll
|player|p1|
