|j|☆GODKUD
|j|☆smithwick1
|t:|1769353787
|gametype|singles
|player|p1|GODKUD|ghetsis|1727
|player|p2|smithwick1|1|1718
|gen|9
|tier|[Gen 9] OU
|rated|
|rule|HP Percentage Mod: HP is shown in percentages
|rule|Endless Battle Clause: Forcing endless battles is banned
|rule|Species Clause: Limit one of each Pokémon
|rule|OHKO Clause: OHKO moves are banned
|rule|Evasion Items Clause: Evasion items are banned
|rule|Evasion Moves Clause: Evasion moves are banned
|rule|Evasion Abilities Clause: Evasion abilities are banned
|rule|Sleep Moves Clause: Sleep-inducing moves are banned
|clearpoke
|poke|p1|Ceruledge, M|
|poke|p1|Corviknight, M|
|poke|p1|Slowking-Galar, F|
|poke|p1|Great Tusk|
|poke|p1|Hydreigon, M|
|poke|p1|Primarina, M|
|poke|p2|Kyurem|
|poke|p2|Rillaboom, M|
|poke|p2|Garganacl, M|
|poke|p2|Pecharunt|
|poke|p2|Iron Treads|
|poke|p2|Zamazenta-*|
|teampreview
|inactive|Battle timer is ON: inactive players will automatically lose when time's up. (requested by GODKUD)
|
|t:|1769353820
|teamsize|p1|6
|teamsize|p2|6
|start
|switch|p1a: Hydreigon|Hydreigon, M|100/100
|switch|p2a: Iron Treads|Iron Treads|100/100
|turn|1
|
|t:|1769353825
|move|p2a: Iron Treads|Knock Off|p1a: Hydreigon
|-resisted|p1a: Hydreigon
|-damage|p1a: Hydreigon|82/100
|-enditem|p1a: Hydreigon|Choice Specs|[from] move: Knock Off|[of] p2a: Iron Treads
|move|p1a: Hydreigon|Earth Power|p2a: Iron Treads
|-supereffective|p2a: Iron Treads
|-damage|p2a: Iron Treads|42/100
|
|upkeep
|turn|2
|
|t:|1769353836
|move|p2a: Iron Treads|Ice Spinner|p1a: Hydreigon
|-supereffective|p1a: Hydreigon
|-damage|p1a: Hydreigon|28/100
|move|p1a: Hydreigon|Earth Power|p2a: Iron Treads
|-supereffective|p2a: Iron Treads
|-damage|p2a: Iron Treads|0 fnt
|faint|p2a: Iron Treads
|-end|p2a: Iron Treads|Quark Drive|[silent]
|
|upkeep
|
|t:|1769353848
|switch|p2a: Garganacl|Garganacl, M|100/100
|turn|3
|
|t:|1769353852
|switch|p1a: Slowking|Slowking-Galar, F|100/100
|move|p2a: Garganacl|Salt Cure|p1a: Slowking
|-damage|p1a: Slowking|87/100
|-start|p1a: Slowking|Salt Cure
|
|-damage|p1a: Slowking|74/100|[from] Salt Cure
|upkeep
|turn|4
|
|t:|1769353857
|move|p2a: Garganacl|Stealth Rock|p1a: Slowking
|-sidestart|p1: GODKUD|move: Stealth Rock
|move|p1a: Slowking|Future Sight|p2a: Garganacl
|-start|p1a: Slowking|move: Future Sight
|
|-damage|p1a: Slowking|62/100|[from] Salt Cure
|upkeep
|turn|5
|
|t:|1769353861
|move|p2a: Garganacl|Salt Cure|p1a: Slowking
|-damage|p1a: Slowking|47/100
|-prepare|p1a: Slowking|Chilly Reception|[premajor]
|move|p1a: Slowking|Chilly Reception|p1a: Slowking
|-weather|Snowscape
|
|t:|1769353866
|switch|p1a: Great Tusk|Great Tusk|100/100|[from] Chilly Reception
|-damage|p1a: Great Tusk|98/100|[from] Stealth Rock
|-enditem|p1a: Great Tusk|Booster Energy
|-activate|p1a: Great Tusk|ability: Protosynthesis|[fromitem]
|-start|p1a: Great Tusk|protosynthesisatk
|
|-weather|Snowscape|[upkeep]
|upkeep
|turn|6
|
|t:|1769353871
|move|p2a: Garganacl|Protect|p2a: Garganacl
|-singleturn|p2a: Garganacl|Protect
|move|p1a: Great Tusk|Headlong Rush|p2a: Garganacl
|-activate|p2a: Garganacl|move: Protect
|
|-weather|Snowscape|[upkeep]
|-end|p2a: Garganacl|move: Future Sight
|-damage|p2a: Garganacl|71/100
|-heal|p2a: Garganacl|77/100|[from] item: Leftovers
|upkeep
|turn|7
|
|t:|1769353877
|switch|p2a: Rillaboom|Rillaboom, M|100/100
|-fieldstart|move: Grassy Terrain|[from] ability: Grassy Surge|[of] p2a: Rillaboom
|move|p1a: Great Tusk|Rapid Spin|p2a: Rillaboom
|-damage|p2a: Rillaboom|75/100
|-boost|p1a: Great Tusk|spe|1
|-sideend|p1: GODKUD|Stealth Rock|[from] move: Rapid Spin|[of] p1a: Great Tusk
|
|-weather|Snowscape|[upkeep]
|-heal|p1a: Great Tusk|100/100|[from] Grassy Terrain
|-heal|p2a: Rillaboom|81/100|[from] Grassy Terrain
|upkeep
|turn|8
|
|t:|1769353881
|-terastallize|p1a: Great Tusk|Ice
|move|p2a: Rillaboom|Grassy Glide|p1a: Great Tusk
|-crit|p1a: Great Tusk
|-damage|p1a: Great Tusk|58/100
|move|p1a: Great Tusk|Ice Spinner|p2a: Rillaboom
|-supereffective|p2a: Rillaboom
|-damage|p2a: Rillaboom|0 fnt
|-fieldend|move: Grassy Terrain
|faint|p2a: Rillaboom
|
|-weather|Snowscape|[upkeep]
|upkeep
|
|t:|1769353892
|switch|p2a: Zamazenta|Zamazenta|100/100
|-ability|p2a: Zamazenta|Dauntless Shield|boost
|-boost|p2a: Zamazenta|def|1
|turn|9
|
|t:|1769353895
|-end|p1a: Great Tusk|Protosynthesis|[silent]
|switch|p1a: Slowking|Slowking-Galar, F|81/100
|move|p2a: Zamazenta|Body Press|p1a: Slowking
|-resisted|p1a: Slowking
|-damage|p1a: Slowking|67/100
|
|-weather|none
|upkeep
|turn|10
|
|t:|1769353902
|move|p2a: Zamazenta|Crunch|p1a: Slowking
|-supereffective|p1a: Slowking
|-damage|p1a: Slowking|22/100
|move|p1a: Slowking|Toxic|p2a: Zamazenta
|-status|p2a: Zamazenta|tox
|
|-damage|p2a: Zamazenta|94/100 tox|[from] psn
|upkeep
|turn|11
|
|t:|1769353908
|switch|p1a: Corviknight|Corviknight, M|100/100
|-ability|p1a: Corviknight|Pressure
|move|p2a: Zamazenta|Body Press|p1a: Corviknight
|-damage|p1a: Corviknight|69/100
|-damage|p2a: Zamazenta|78/100 tox|[from] item: Rocky Helmet|[of] p1a: Corviknight
|
|-heal|p2a: Zamazenta|84/100 tox|[from] item: Leftovers
|-damage|p2a: Zamazenta|72/100 tox|[from] psn
|upkeep
|turn|12
|
|t:|1769353914
|switch|p2a: Garganacl|Garganacl, M|77/100
|move|p1a: Corviknight|U-turn|p2a: Garganacl
|-damage|p2a: Garganacl|67/100
|
|t:|1769353920
|switch|p1a: Slowking|Slowking-Galar, F|56/100|[from] U-turn
|
|-heal|p2a: Garganacl|73/100|[from] item: Leftovers
|upkeep
|turn|13
|
|t:|1769353925
|move|p2a: Garganacl|Salt Cure|p1a: Slowking
|-damage|p1a: Slowking|42/100
|-start|p1a: Slowking|Salt Cure
|move|p1a: Slowking|Future Sight|p2a: Garganacl
|-start|p1a: Slowking|move: Future Sight
|
|-heal|p2a: Garganacl|79/100|[from] item: Leftovers
|-damage|p1a: Slowking|29/100|[from] Salt Cure
|upkeep
|turn|14
|
|t:|1769353930
|move|p2a: Garganacl|Stealth Rock|p1a: Slowking
|-sidestart|p1: GODKUD|move: Stealth Rock
|-prepare|p1a: Slowking|Chilly Reception|[premajor]
|move|p1a: Slowking|Chilly Reception|p1a: Slowking
|-weather|Snowscape
|
|t:|1769353932
|switch|p1a: Primarina|Primarina, M|100/100|[from] Chilly Reception
|-damage|p1a: Primarina|88/100|[from] Stealth Rock
|
|-weather|Snowscape|[upkeep]
|-heal|p1a: Primarina|94/100|[from] item: Leftovers
|-heal|p2a: Garganacl|86/100|[from] item: Leftovers
|upkeep
|turn|15
|
|t:|1769353939
|switch|p2a: Zamazenta|Zamazenta|72/100 tox
|move|p1a: Primarina|Encore||[still]
|-fail|p1a: Primarina
|
|-weather|Snowscape|[upkeep]
|-end|p2a: Zamazenta|move: Future Sight
|-supereffective|p2a: Zamazenta
|-damage|p2a: Zamazenta|0 fnt
|faint|p2a: Zamazenta
|-heal|p1a: Primarina|99/100|[from] item: Leftovers
|upkeep
|
|t:|1769353946
|switch|p2a: Garganacl|Garganacl, M|86/100
|turn|16
|
|t:|1769353950
|switch|p1a: Slowking|Slowking-Galar, F|63/100
|move|p2a: Garganacl|Salt Cure|p1a: Slowking
|-damage|p1a: Slowking|48/100
|-start|p1a: Slowking|Salt Cure
|
|-weather|Snowscape|[upkeep]
|-heal|p2a: Garganacl|92/100|[from] item: Leftovers
|-damage|p1a: Slowking|36/100|[from] Salt Cure
|upkeep
|turn|17
|
|t:|1769353958
|move|p2a: Garganacl|Salt Cure|p1a: Slowking
|-damage|p1a: Slowking|21/100
|-prepare|p1a: Slowking|Chilly Reception|[premajor]
|move|p1a: Slowking|Chilly Reception|p1a: Slowking
|
|t:|1769353964
|switch|p1a: Corviknight|Corviknight, M|69/100|[from] Chilly Reception
|-damage|p1a: Corviknight|56/100|[from] Stealth Rock
|-ability|p1a: Corviknight|Pressure
|
|-weather|Snowscape|[upkeep]
|-heal|p2a: Garganacl|98/100|[from] item: Leftovers
|upkeep
|turn|18
|
|t:|1769353967
|move|p1a: Corviknight|Defog|p2a: Garganacl
|-unboost|p2a: Garganacl|evasion|1
|-sideend|p1: GODKUD|Stealth Rock|[from] move: Defog|[of] p1a: Corviknight
|move|p2a: Garganacl|Salt Cure|p1a: Corviknight
|-damage|p1a: Corviknight|48/100
|-start|p1a: Corviknight|Salt Cure
|
|-weather|none
|-heal|p2a: Garganacl|100/100|[from] item: Leftovers
|-damage|p1a: Corviknight|23/100|[from] Salt Cure
|upkeep
|turn|19
|
|t:|1769353970
|move|p1a: Corviknight|Roost|p1a: Corviknight
|-heal|p1a: Corviknight|73/100
|-singleturn|p1a: Corviknight|move: Roost
|move|p2a: Garganacl|Stealth Rock|p1a: Corviknight
|-sidestart|p1: GODKUD|move: Stealth Rock
|
|-damage|p1a: Corviknight|49/100|[from] Salt Cure
|upkeep
|turn|20
|
|t:|1769353978
|switch|p1a: Slowking|Slowking-Galar, F|55/100
|move|p2a: Garganacl|Salt Cure|p1a: Slowking
|-damage|p1a: Slowking|39/100
|-start|p1a: Slowking|Salt Cure
|
|-damage|p1a: Slowking|27/100|[from] Salt Cure
|upkeep
|turn|21
|
|t:|1769353984
|move|p2a: Garganacl|Salt Cure|p1a: Slowking
|-damage|p1a: Slowking|12/100
|-prepare|p1a: Slowking|Chilly Reception|[premajor]
|move|p1a: Slowking|Chilly Reception|p1a: Slowking
|-weather|Snowscape
|
|t:|1769353988
|switch|p1a: Great Tusk|Great Tusk, tera:Ice|58/100|[from] Chilly Reception
|-damage|p1a: Great Tusk|33/100|[from] Stealth Rock
|
|-weather|Snowscape|[upkeep]
|upkeep
|turn|22
|
|t:|1769353990
|move|p1a: Great Tusk|Headlong Rush|p2a: Garganacl
|-supereffective|p2a: Garganacl
|-damage|p2a: Garganacl|20/100
|-unboost|p1a: Great Tusk|def|1
|-unboost|p1a: Great Tusk|spd|1
|move|p2a: Garganacl|Salt Cure|p1a: Great Tusk
|-supereffective|p1a: Great Tusk
|-damage|p1a: Great Tusk|12/100
|-start|p1a: Great Tusk|Salt Cure
|
|-weather|Snowscape|[upkeep]
|-heal|p2a: Garganacl|26/100|[from] item: Leftovers
|-damage|p1a: Great Tusk|0 fnt|[from] Salt Cure
|faint|p1a: Great Tusk
|-end|p1a: Great Tusk|Protosynthesis|[silent]
|upkeep
|
|t:|1769353995
|switch|p1a: Hydreigon|Hydreigon, M|28/100
|-damage|p1a: Hydreigon|16/100|[from] Stealth Rock
|turn|23
|
|t:|1769354000
|move|p2a: Garganacl|Protect|p2a: Garganacl
|-singleturn|p2a: Garganacl|Protect
|move|p1a: Hydreigon|Dark Pulse|p2a: Garganacl
|-activate|p2a: Garganacl|move: Protect
|
|-weather|Snowscape|[upkeep]
|-heal|p2a: Garganacl|32/100|[from] item: Leftovers
|upkeep
|turn|24
|
|t:|1769354003
|switch|p2a: Kyurem|Kyurem|100/100
|-ability|p2a: Kyurem|Pressure
|move|p1a: Hydreigon|Draco Meteor|p2a: Kyurem
|-supereffective|p2a: Kyurem
|-damage|p2a: Kyurem|0 fnt
|-unboost|p1a: Hydreigon|spa|2
|faint|p2a: Kyurem
|
|-weather|Snowscape|[upkeep]
|upkeep
|
|t:|1769354006
|switch|p2a: Garganacl|Garganacl, M|32/100
|turn|25
|
|t:|1769354013
|switch|p1a: Primarina|Primarina, M|99/100
|-damage|p1a: Primarina|88/100|[from] Stealth Rock
|move|p2a: Garganacl|Recover|p2a: Garganacl
|-heal|p2a: Garganacl|82/100
|
|-weather|none
|-heal|p1a: Primarina|94/100|[from] item: Leftovers
|-heal|p2a: Garganacl|88/100|[from] item: Leftovers
|upkeep
|turn|26
|
|t:|1769354019
|-terastallize|p2a: Garganacl|Water
|move|p1a: Primarina|Encore|p2a: Garganacl
|-start|p2a: Garganacl|Encore
|move|p2a: Garganacl|Recover|p2a: Garganacl
|-heal|p2a: Garganacl|100/100
|
|-heal|p1a: Primarina|99/100|[from] item: Leftovers
|upkeep
|turn|27
|
|t:|1769354023
|switch|p2a: Pecharunt|Pecharunt|100/100
|move|p1a: Primarina|Calm Mind|p1a: Primarina
|-boost|p1a: Primarina|spa|1
|-boost|p1a: Primarina|spd|1
|
|-heal|p1a: Primarina|100/100|[from] item: Leftovers
|upkeep
|turn|28
|
|t:|1769354031
|switch|p1a: Corviknight|Corviknight, M|49/100
|-damage|p1a: Corviknight|36/100|[from] Stealth Rock
|-ability|p1a: Corviknight|Pressure
|move|p2a: Pecharunt|Malignant Chain|p1a: Corviknight
|-immune|p1a: Corviknight
|
|upkeep
|turn|29
|
|t:|1769354040
|move|p2a: Pecharunt|Parting Shot|p1a: Corviknight
|-unboost|p1a: Corviknight|atk|1
|-unboost|p1a: Corviknight|spa|1
|
|t:|1769354041
|switch|p2a: Garganacl|Garganacl, M, tera:Water|100/100|[from] Parting Shot
|move|p1a: Corviknight|Roost|p1a: Corviknight
|-heal|p1a: Corviknight|86/100
|-singleturn|p1a: Corviknight|move: Roost
|
|upkeep
|turn|30
|
|t:|1769354050
|switch|p1a: Slowking|Slowking-Galar, F|45/100
|move|p2a: Garganacl|Stealth Rock||[still]
|-fail|p2a: Garganacl
|
|upkeep
|turn|31
|
|t:|1769354057
|move|p2a: Garganacl|Salt Cure|p1a: Slowking
|-damage|p1a: Slowking|31/100
|-start|p1a: Slowking|Salt Cure
|move|p1a: Slowking|Future Sight|p2a: Garganacl
|-start|p1a: Slowking|move: Future Sight
|
|-damage|p1a: Slowking|18/100|[from] Salt Cure
|upkeep
|turn|32
|
|t:|1769354064
|move|p2a: Garganacl|Salt Cure|p1a: Slowking
|-damage|p1a: Slowking|3/100
|-prepare|p1a: Slowking|Chilly Reception|[premajor]
|move|p1a: Slowking|Chilly Reception|p1a: Slowking
|-weather|Snowscape
|
|t:|1769354067
|switch|p1a: Corviknight|Corviknight, M|86/100|[from] Chilly Reception
|-damage|p1a: Corviknight|74/100|[from] Stealth Rock
|-ability|p1a: Corviknight|Pressure
|
|-weather|Snowscape|[upkeep]
|upkeep
|turn|33
|
|t:|1769354071
|move|p1a: Corviknight|Defog|p2a: Garganacl
|-unboost|p2a: Garganacl|evasion|1
|-sideend|p1: GODKUD|Stealth Rock|[from] move: Defog|[of] p1a: Corviknight
|move|p2a: Garganacl|Salt Cure|p1a: Corviknight
|-damage|p1a: Corviknight|66/100
|-start|p1a: Corviknight|Salt Cure
|
|-weather|Snowscape|[upkeep]
|-end|p2a: Garganacl|move: Future Sight
|-damage|p2a: Garganacl|70/100
|-heal|p2a: Garganacl|76/100|[from] item: Leftovers
|-damage|p1a: Corviknight|41/100|[from] Salt Cure
|upkeep
|turn|34
|
|t:|1769354080
|move|p1a: Corviknight|Roost|p1a: Corviknight
|-heal|p1a: Corviknight|91/100
|-singleturn|p1a: Corviknight|move: Roost
|move|p2a: Garganacl|Stealth Rock|p1a: Corviknight
|-sidestart|p1: GODKUD|move: Stealth Rock
|
|-weather|Snowscape|[upkeep]
|-heal|p2a: Garganacl|82/100|[from] item: Leftovers
|-damage|p1a: Corviknight|66/100|[from] Salt Cure
|upkeep
|turn|35
|j| omoqaqqwq
|l| omoqaqqwq
|
|t:|1769354108
|switch|p1a: Slowking|Slowking-Galar, F|36/100
|move|p2a: Garganacl|Stealth Rock||[still]
|-fail|p2a: Garganacl
|
|-weather|Snowscape|[upkeep]
|-heal|p2a: Garganacl|88/100|[from] item: Leftovers
|upkeep
|turn|36
|
|t:|1769354114
|move|p2a: Garganacl|Salt Cure|p1a: Slowking
|-damage|p1a: Slowking|22/100
|-start|p1a: Slowking|Salt Cure
|-prepare|p1a: Slowking|Chilly Reception|[premajor]
|move|p1a: Slowking|Chilly Reception|p1a: Slowking
|
|t:|1769354118
|switch|p1a: Corviknight|Corviknight, M|66/100|[from] Chilly Reception
|-damage|p1a: Corviknight|54/100|[from] Stealth Rock
|-ability|p1a: Corviknight|Pressure
|
|-weather|none
|-heal|p2a: Garganacl|95/100|[from] item: Leftovers
|upkeep
|turn|37
|
|t:|1769354128
|move|p1a: Corviknight|Defog|p2a: Garganacl
|-unboost|p2a: Garganacl|evasion|1
|-sideend|p1: GODKUD|Stealth Rock|[from] move: Defog|[of] p1a: Corviknight
|move|p2a: Garganacl|Salt Cure|p1a: Corviknight
|-damage|p1a: Corviknight|46/100
|-start|p1a: Corviknight|Salt Cure
|
|-heal|p2a: Garganacl|100/100|[from] item: Leftovers
|-damage|p1a: Corviknight|21/100|[from] Salt Cure
|upkeep
|turn|38
|
|t:|1769354132
|switch|p1a: Primarina|Primarina, M|100/100
|switch|p2a: Pecharunt|Pecharunt|100/100
|
|upkeep
|turn|39
|
|t:|1769354154
|switch|p1a: Slowking|Slowking-Galar, F|55/100
|move|p2a: Pecharunt|Malignant Chain|p1a: Slowking
|-resisted|p1a: Slowking
|-damage|p1a: Slowking|46/100
|
|upkeep
|turn|40
|
|t:|1769354159
|move|p2a: Pecharunt|Shadow Ball|p1a: Slowking
|-supereffective|p1a: Slowking
|-damage|p1a: Slowking|18/100
|-prepare|p1a: Slowking|Chilly Reception|[premajor]
|move|p1a: Slowking|Chilly Reception|p1a: Slowking
|-weather|Snowscape
|
|t:|1769354162
|switch|p1a: Hydreigon|Hydreigon, M|16/100|[from] Chilly Reception
|
|-weather|Snowscape|[upkeep]
|upkeep
|turn|41
|
|t:|1769354175
|switch|p2a: Garganacl|Garganacl, M, tera:Water|100/100
|move|p1a: Hydreigon|Dark Pulse|p2a: Garganacl
|-damage|p2a: Garganacl|74/100
|
|-weather|Snowscape|[upkeep]
|-heal|p2a: Garganacl|80/100|[from] item: Leftovers
|upkeep
|turn|42
|
|t:|1769354179
|switch|p1a: Primarina|Primarina, M|100/100
|move|p2a: Garganacl|Stealth Rock|p1a: Primarina
|-sidestart|p1: GODKUD|move: Stealth Rock
|
|-weather|Snowscape|[upkeep]
|-heal|p2a: Garganacl|86/100|[from] item: Leftovers
|upkeep
|turn|43
|
|t:|1769354184
|move|p1a: Primarina|Psychic Noise|p2a: Garganacl
|-resisted|p2a: Garganacl
|-damage|p2a: Garganacl|75/100
|-start|p2a: Garganacl|move: Heal Block
|move|p2a: Garganacl|Salt Cure|p1a: Primarina
|-damage|p1a: Primarina|90/100
|-start|p1a: Primarina|Salt Cure
|
|-weather|Snowscape|[upkeep]
|-heal|p1a: Primarina|96/100|[from] item: Leftovers
|-damage|p1a: Primarina|71/100|[from] Salt Cure
|upkeep
|turn|44
|
|t:|1769354191
|switch|p1a: Slowking|Slowking-Galar, F|52/100
|move|p2a: Garganacl|Salt Cure|p1a: Slowking
|-damage|p1a: Slowking|38/100
|-start|p1a: Slowking|Salt Cure
|
|-weather|none
|-damage|p1a: Slowking|25/100|[from] Salt Cure
|-end|p2a: Garganacl|move: Heal Block
|upkeep
|turn|45
|
|t:|1769354195
|switch|p2a: Pecharunt|Pecharunt|100/100
|-prepare|p1a: Slowking|Chilly Reception|[premajor]
|move|p1a: Slowking|Chilly Reception|p1a: Slowking
|-weather|Snowscape
|
|t:|1769354202
|switch|p1a: Corviknight|Corviknight, M|21/100|[from] Chilly Reception
|-damage|p1a: Corviknight|9/100|[from] Stealth Rock
|-ability|p1a: Corviknight|Pressure
|
|-weather|Snowscape|[upkeep]
|upkeep
|turn|46
|
|t:|1769354208
|move|p2a: Pecharunt|Shadow Ball|p1a: Corviknight
|-damage|p1a: Corviknight|0 fnt
|faint|p1a: Corviknight
|
|-weather|Snowscape|[upkeep]
|upkeep
|
|t:|1769354210
|switch|p1a: Hydreigon|Hydreigon, M|16/100
|-damage|p1a: Hydreigon|4/100|[from] Stealth Rock
|turn|47
|
|t:|1769354216
|switch|p2a: Garganacl|Garganacl, M, tera:Water|75/100
|move|p1a: Hydreigon|Dark Pulse|p2a: Garganacl
|-damage|p2a: Garganacl|47/100
|
|-weather|Snowscape|[upkeep]
|-heal|p2a: Garganacl|53/100|[from] item: Leftovers
|upkeep
|turn|48
|
|t:|1769354222
|move|p1a: Hydreigon|Draco Meteor|p2a: Garganacl
|-damage|p2a: Garganacl|6/100
|-unboost|p1a: Hydreigon|spa|2
|move|p2a: Garganacl|Recover|p2a: Garganacl
|-heal|p2a: Garganacl|56/100
|
|-weather|Snowscape|[upkeep]
|-heal|p2a: Garganacl|62/100|[from] item: Leftovers
|upkeep
|turn|49
|
|t:|1769354226
|switch|p1a: Slowking|Slowking-Galar, F|58/100
|move|p2a: Garganacl|Recover|p2a: Garganacl
|-heal|p2a: Garganacl|100/100
|
|-weather|none
|upkeep
|turn|50
|
|t:|1769354231
|move|p2a: Garganacl|Salt Cure|p1a: Slowking
|-damage|p1a: Slowking|45/100
|-start|p1a: Slowking|Salt Cure
|move|p1a: Slowking|Future Sight|p2a: Garganacl
|-start|p1a: Slowking|move: Future Sight
|
|-damage|p1a: Slowking|33/100|[from] Salt Cure
|upkeep
|turn|51
|
|t:|1769354237
|move|p2a: Garganacl|Stealth Rock||[still]
|-fail|p2a: Garganacl
|-prepare|p1a: Slowking|Chilly Reception|[premajor]
|move|p1a: Slowking|Chilly Reception|p1a: Slowking
|-weather|Snowscape
|
|t:|1769354243
|switch|p1a: Primarina|Primarina, M|71/100|[from] Chilly Reception
|-damage|p1a: Primarina|58/100|[from] Stealth Rock
|
|-weather|Snowscape|[upkeep]
|-heal|p1a: Primarina|65/100|[from] item: Leftovers
|upkeep
|turn|52
|
|t:|1769354246
|switch|p2a: Pecharunt|Pecharunt|100/100
|move|p1a: Primarina|Encore||[still]
|-fail|p1a: Primarina
|
|-weather|Snowscape|[upkeep]
|-end|p2a: Pecharunt|move: Future Sight
|-supereffective|p2a: Pecharunt
|-crit|p2a: Pecharunt
|-damage|p2a: Pecharunt|0 fnt
|faint|p2a: Pecharunt
|-heal|p1a: Primarina|71/100|[from] item: Leftovers
|upkeep
|
|t:|1769354250
|switch|p2a: Garganacl|Garganacl, M, tera:Water|100/100
|turn|53
|c|☆GODKUD|gg
|
|t:|1769354257
|switch|p1a: Slowking|Slowking-Galar, F|66/100
|move|p2a: Garganacl|Salt Cure|p1a: Slowking
|-damage|p1a: Slowking|51/100
|-start|p1a: Slowking|Salt Cure
|
|-weather|Snowscape|[upkeep]
|-damage|p1a: Slowking|38/100|[from] Salt Cure
|upkeep
|turn|54
|
|t:|1769354262
|move|p2a: Garganacl|Salt Cure|p1a: Slowking
|-damage|p1a: Slowking|24/100
|-prepare|p1a: Slowking|Chilly Reception|[premajor]
|move|p1a: Slowking|Chilly Reception|p1a: Slowking
|
|t:|1769354266
|switch|p1a: Hydreigon|Hydreigon, M|4/100|[from] Chilly Reception
|-damage|p1a: Hydreigon|0 fnt|[from] Stealth Rock
|faint|p1a: Hydreigon
|
|-weather|Snowscape|[upkeep]
|upkeep
|
|t:|1769354270
|switch|p1a: Slowking|Slowking-Galar, F|57/100
|turn|55
|
|t:|1769354278
|move|p2a: Garganacl|Salt Cure|p1a: Slowking
|-damage|p1a: Slowking|43/100
|-start|p1a: Slowking|Salt Cure
|move|p1a: Slowking|Future Sight|p2a: Garganacl
|-start|p1a: Slowking|move: Future Sight
|
|-weather|none
|-damage|p1a: Slowking|31/100|[from] Salt Cure
|upkeep
|turn|56
|
|t:|1769354282
|move|p2a: Garganacl|Salt Cure|p1a: Slowking
|-damage|p1a: Slowking|16/100
|-prepare|p1a: Slowking|Chilly Reception|[premajor]
|move|p1a: Slowking|Chilly Reception|p1a: Slowking
|-weather|Snowscape
|
|t:|1769354286
|switch|p1a: Primarina|Primarina, M|71/100|[from] Chilly Reception
|-damage|p1a: Primarina|58/100|[from] Stealth Rock
|
|-weather|Snowscape|[upkeep]
|-heal|p1a: Primarina|64/100|[from] item: Leftovers
|upkeep
|turn|57
|-message|smithwick1 forfeited.
|
|win|GODKUD
|raw|GODKUD's rating: 1727 &rarr; <strong>1746</strong><br />(+19 for winning)
|raw|smithwick1's rating: 1718 &rarr; <strong>1699</strong><br />(-19 for losing)
|l|☆smithwick1
|player|p2|
|l|☆GODKUD
|player|p1|
