|inactive|Battle timer is ON: inactive players will automatically lose when time's up.
|t:|1769356215
|gametype|singles
|player|p1|xyldaz|archer|
|player|p2|SammyCe123|#sammyce123|
|gen|9
|tier|[Gen 9] OU
|rule|HP Percentage Mod: HP is shown in percentages
|rule|Endless Battle Clause: Forcing endless battles is banned
|rule|Species Clause: Limit one of each Pokémon
|rule|OHKO Clause: OHKO moves are banned
|rule|Evasion Items Clause: Evasion items are banned
|rule|Evasion Moves Clause: Evasion moves are banned
|rule|Evasion Abilities Clause: Evasion abilities are banned
|rule|Sleep Moves Clause: Sleep-inducing moves are banned
|clearpoke
|poke|p1|Kingambit, F|
|poke|p1|Latias, F|
|poke|p1|Slowking-Galar, M|
|poke|p1|Skarmory, F|
|poke|p1|Samurott-Hisui, M|
|poke|p1|Dragapult, M|
|poke|p2|Ogerpon-Wellspring, F|
|poke|p2|Ting-Lu|
|poke|p2|Great Tusk|
|poke|p2|Zamazenta-*|
|poke|p2|Dragonite, F|
|poke|p2|Pecharunt|
|teampreview
|c|☆xyldaz|gl
|c|☆SammyCe123|u2
|inactive|SammyCe123 has 270 seconds left.
|
|t:|1769356249
|teamsize|p1|6
|teamsize|p2|6
|start
|switch|p1a: Dragapult|Dragapult, M|100/100
|switch|p2a: Ogerpon|Ogerpon-Wellspring, F|100/100
|turn|1
|
|t:|1769356252
|switch|p2a: Ting-Lu|Ting-Lu|100/100
|-ability|p2a: Ting-Lu|Vessel of Ruin
|move|p1a: Dragapult|Will-O-Wisp|p2a: Ting-Lu
|-status|p2a: Ting-Lu|brn
|
|-damage|p2a: Ting-Lu|94/100 brn|[from] brn
|upkeep
|turn|2
|
|t:|1769356261
|switch|p1a: Skarmory|Skarmory, F|100/100
|move|p2a: Ting-Lu|Spikes|p1a: Skarmory
|-sidestart|p1: xyldaz|Spikes
|
|-heal|p2a: Ting-Lu|100/100 brn|[from] item: Leftovers
|-damage|p2a: Ting-Lu|94/100 brn|[from] brn
|upkeep
|turn|3
|
|t:|1769356270
|switch|p2a: Pecharunt|Pecharunt|100/100
|move|p1a: Skarmory|Stealth Rock|p2a: Pecharunt
|-sidestart|p2: SammyCe123|move: Stealth Rock
|
|upkeep
|turn|4
|
|t:|1769356275
|switch|p1a: Samurott|Samurott-Hisui, M|100/100
|move|p2a: Pecharunt|Nasty Plot|p2a: Pecharunt
|-boost|p2a: Pecharunt|spa|2
|
|upkeep
|turn|5
|
|t:|1769356281
|move|p2a: Pecharunt|Malignant Chain|p1a: Samurott
|-damage|p1a: Samurott|4/100
|move|p1a: Samurott|Ceaseless Edge|p2a: Pecharunt|[miss]
|-miss|p1a: Samurott|p2a: Pecharunt
|
|upkeep
|turn|6
|c|☆SammyCe123|mb
|
|t:|1769356289
|switch|p1a: Kingambit|Kingambit, F|100/100
|-damage|p1a: Kingambit|88/100|[from] Spikes
|move|p2a: Pecharunt|Shadow Ball|p1a: Kingambit
|-resisted|p1a: Kingambit
|-damage|p1a: Kingambit|62/100
|
|-heal|p1a: Kingambit|69/100|[from] item: Leftovers
|upkeep
|turn|7
|
|t:|1769356294
|switch|p2a: Great Tusk|Great Tusk|100/100
|-damage|p2a: Great Tusk|98/100|[from] Stealth Rock
|move|p1a: Kingambit|Kowtow Cleave|p2a: Great Tusk
|-resisted|p2a: Great Tusk
|-damage|p2a: Great Tusk|78/100
|-damage|p1a: Kingambit|52/100|[from] item: Rocky Helmet|[of] p2a: Great Tusk
|
|-heal|p1a: Kingambit|58/100|[from] item: Leftovers
|upkeep
|turn|8
|
|t:|1769356302
|-end|p1a: Kingambit|fallenundefined|[silent]
|switch|p1a: Dragapult|Dragapult, M|100/100
|move|p2a: Great Tusk|Stealth Rock|p1a: Dragapult
|-sidestart|p1: xyldaz|move: Stealth Rock
|
|upkeep
|turn|9
|
|t:|1769356312
|-end|p2a: Great Tusk|Protosynthesis|[silent]
|switch|p2a: Ting-Lu|Ting-Lu|94/100 brn
|-damage|p2a: Ting-Lu|88/100 brn|[from] Stealth Rock
|-ability|p2a: Ting-Lu|Vessel of Ruin
|move|p1a: Dragapult|Dragon Darts|p2a: Ting-Lu
|-damage|p2a: Ting-Lu|75/100 brn
|-anim|p1a: Dragapult|Dragon Darts|p2a: Ting-Lu
|-damage|p2a: Ting-Lu|62/100 brn
|
|-heal|p2a: Ting-Lu|68/100 brn|[from] item: Leftovers
|-damage|p2a: Ting-Lu|62/100 brn|[from] brn
|upkeep
|turn|10
|
|t:|1769356319
|move|p1a: Dragapult|Dragon Darts|p2a: Ting-Lu
|-damage|p2a: Ting-Lu|50/100 brn
|-anim|p1a: Dragapult|Dragon Darts|p2a: Ting-Lu
|-damage|p2a: Ting-Lu|38/100 brn
|move|p2a: Ting-Lu|Ruination|p1a: Dragapult
|-damage|p1a: Dragapult|51/100
|
|-heal|p2a: Ting-Lu|45/100 brn|[from] item: Leftovers
|-damage|p2a: Ting-Lu|38/100 brn|[from] brn
|upkeep
|turn|11
|
|t:|1769356331
|move|p1a: Dragapult|Dragon Darts|p2a: Ting-Lu
|-damage|p2a: Ting-Lu|27/100 brn
|-anim|p1a: Dragapult|Dragon Darts|p2a: Ting-Lu
|-damage|p2a: Ting-Lu|16/100 brn
|move|p2a: Ting-Lu|Ruination|p1a: Dragapult
|-damage|p1a: Dragapult|26/100
|
|-heal|p2a: Ting-Lu|22/100 brn|[from] item: Leftovers
|-damage|p2a: Ting-Lu|16/100 brn|[from] brn
|upkeep
|turn|12
|
|t:|1769356336
|move|p1a: Dragapult|Dragon Darts|p2a: Ting-Lu
|-damage|p2a: Ting-Lu|4/100 brn
|-anim|p1a: Dragapult|Dragon Darts|p2a: Ting-Lu
|-damage|p2a: Ting-Lu|0 fnt
|faint|p2a: Ting-Lu
|
|upkeep
|inactive|SammyCe123 has 270 seconds left.
|
|t:|1769356373
|switch|p2a: Pecharunt|Pecharunt|100/100
|turn|13
|
|t:|1769356380
|switch|p1a: Kingambit|Kingambit, F|58/100
|-damage|p1a: Kingambit|46/100|[from] Spikes
|-damage|p1a: Kingambit|40/100|[from] Stealth Rock
|move|p2a: Pecharunt|Shadow Ball|p1a: Kingambit
|-resisted|p1a: Kingambit
|-damage|p1a: Kingambit|27/100
|
|-heal|p1a: Kingambit|33/100|[from] item: Leftovers
|upkeep
|turn|14
|
|t:|1769356392
|switch|p2a: Great Tusk|Great Tusk|78/100
|-damage|p2a: Great Tusk|75/100|[from] Stealth Rock
|move|p1a: Kingambit|Iron Head|p2a: Great Tusk
|-damage|p2a: Great Tusk|39/100
|-damage|p1a: Kingambit|16/100|[from] item: Rocky Helmet|[of] p2a: Great Tusk
|
|-heal|p1a: Kingambit|23/100|[from] item: Leftovers
|upkeep
|turn|15
|
|t:|1769356399
|-end|p1a: Kingambit|fallenundefined|[silent]
|switch|p1a: Skarmory|Skarmory, F|100/100
|-damage|p1a: Skarmory|88/100|[from] Stealth Rock
|move|p2a: Great Tusk|Ice Spinner|p1a: Skarmory
|-damage|p1a: Skarmory|70/100
|-damage|p2a: Great Tusk|23/100|[from] item: Rocky Helmet|[of] p1a: Skarmory
|
|upkeep
|turn|16
|
|t:|1769356409
|-end|p2a: Great Tusk|Protosynthesis|[silent]
|switch|p2a: Pecharunt|Pecharunt|100/100
|switch|p1a: Samurott|Samurott-Hisui, M|4/100
|
|upkeep
|turn|17
|
|t:|1769356424
|move|p2a: Pecharunt|Shadow Ball|p1a: Samurott
|-resisted|p1a: Samurott
|-damage|p1a: Samurott|0 fnt
|faint|p1a: Samurott
|
|upkeep
|
|t:|1769356431
|switch|p1a: Latias|Latias, F|100/100
|-damage|p1a: Latias|88/100|[from] Stealth Rock
|turn|18
|
|t:|1769356452
|switch|p2a: Ogerpon|Ogerpon-Wellspring, F|100/100
|-damage|p2a: Ogerpon|88/100|[from] Stealth Rock
|-terastallize|p1a: Latias|Poison
|move|p1a: Latias|Calm Mind|p1a: Latias
|-boost|p1a: Latias|spa|1
|-boost|p1a: Latias|spd|1
|
|-heal|p1a: Latias|94/100|[from] item: Leftovers
|upkeep
|turn|19
|
|t:|1769356468
|switch|p1a: Kingambit|Kingambit, F|23/100
|-damage|p1a: Kingambit|10/100|[from] Spikes
|-damage|p1a: Kingambit|4/100|[from] Stealth Rock
|-activate|p1a: Kingambit|ability: Supreme Overlord
|-start|p1a: Kingambit|fallen1|[silent]
|move|p2a: Ogerpon|Ivy Cudgel|p1a: Kingambit|[anim] Ivy Cudgel Water
|-damage|p1a: Kingambit|0 fnt
|faint|p1a: Kingambit
|-end|p1a: Kingambit|fallen1|[silent]
|
|upkeep
|
|t:|1769356473
|switch|p1a: Dragapult|Dragapult, M|26/100
|turn|20
|
|t:|1769356486
|switch|p2a: Great Tusk|Great Tusk|23/100
|-damage|p2a: Great Tusk|20/100|[from] Stealth Rock
|move|p1a: Dragapult|Will-O-Wisp|p2a: Great Tusk
|-status|p2a: Great Tusk|brn
|
|-damage|p2a: Great Tusk|14/100 brn|[from] brn
|upkeep
|turn|21
|
|t:|1769356491
|move|p1a: Dragapult|Hex|p2a: Great Tusk
|-damage|p2a: Great Tusk|0 fnt
|faint|p2a: Great Tusk
|-end|p2a: Great Tusk|Protosynthesis|[silent]
|
|upkeep
|inactive|SammyCe123 has 270 seconds left.
|
|t:|1769356516
|switch|p2a: Pecharunt|Pecharunt|100/100
|turn|22
|inactive|SammyCe123 has 270 seconds left.
|
|t:|1769356534
|switch|p1a: Latias|Latias, F, tera:Poison|94/100
|-damage|p1a: Latias|82/100|[from] Stealth Rock
|move|p2a: Pecharunt|Shadow Ball|p1a: Latias
|-damage|p1a: Latias|63/100
|
|-heal|p1a: Latias|69/100|[from] item: Leftovers
|upkeep
|turn|23
|
|t:|1769356540
|switch|p2a: Ogerpon|Ogerpon-Wellspring, F|88/100
|-damage|p2a: Ogerpon|76/100|[from] Stealth Rock
|move|p1a: Latias|Recover|p1a: Latias
|-heal|p1a: Latias|100/100
|
|upkeep
|turn|24
|
|t:|1769356546
|switch|p1a: Slowking|Slowking-Galar, M|100/100
|move|p2a: Ogerpon|Ivy Cudgel|p1a: Slowking|[anim] Ivy Cudgel Water
|-crit|p1a: Slowking
|-damage|p1a: Slowking|14/100
|
|upkeep
|turn|25
|
|t:|1769356548
|move|p2a: Ogerpon|Ivy Cudgel|p1a: Slowking|[anim] Ivy Cudgel Water
|-damage|p1a: Slowking|0 fnt
|faint|p1a: Slowking
|
|upkeep
|
|t:|1769356550
|switch|p1a: Dragapult|Dragapult, M|26/100
|turn|26
|
|t:|1769356558
|switch|p2a: Zamazenta|Zamazenta|100/100
|-damage|p2a: Zamazenta|94/100|[from] Stealth Rock
|-ability|p2a: Zamazenta|Dauntless Shield|boost
|-boost|p2a: Zamazenta|def|1
|move|p1a: Dragapult|Will-O-Wisp|p2a: Zamazenta
|-status|p2a: Zamazenta|brn
|
|-heal|p2a: Zamazenta|100/100 brn|[from] item: Leftovers
|-damage|p2a: Zamazenta|94/100 brn|[from] brn
|upkeep
|turn|27
|
|t:|1769356582
|switch|p1a: Skarmory|Skarmory, F|70/100
|-damage|p1a: Skarmory|57/100|[from] Stealth Rock
|move|p2a: Zamazenta|Crunch|p1a: Skarmory
|-damage|p1a: Skarmory|51/100
|-damage|p2a: Zamazenta|78/100 brn|[from] item: Rocky Helmet|[of] p1a: Skarmory
|
|-heal|p2a: Zamazenta|84/100 brn|[from] item: Leftovers
|-damage|p2a: Zamazenta|78/100 brn|[from] brn
|upkeep
|turn|28
|
|t:|1769356587
|switch|p2a: Pecharunt|Pecharunt|100/100
|switch|p1a: Dragapult|Dragapult, M|26/100
|
|upkeep
|turn|29
|
|t:|1769356592
|switch|p1a: Latias|Latias, F, tera:Poison|100/100
|-damage|p1a: Latias|88/100|[from] Stealth Rock
|move|p2a: Pecharunt|Shadow Ball|p1a: Latias
|-damage|p1a: Latias|70/100
|
|-heal|p1a: Latias|76/100|[from] item: Leftovers
|upkeep
|turn|30
|
|t:|1769356597
|switch|p2a: Dragonite|Dragonite, F|100/100
|move|p1a: Latias|Calm Mind|p1a: Latias
|-boost|p1a: Latias|spa|1
|-boost|p1a: Latias|spd|1
|
|-heal|p1a: Latias|82/100|[from] item: Leftovers
|upkeep
|turn|31
|
|t:|1769356605
|move|p1a: Latias|Stored Power|p2a: Dragonite
|-damage|p2a: Dragonite|86/100
|move|p2a: Dragonite|Dragon Dance|p2a: Dragonite
|-boost|p2a: Dragonite|atk|1
|-boost|p2a: Dragonite|spe|1
|
|-heal|p1a: Latias|88/100|[from] item: Leftovers
|upkeep
|turn|32
|
|t:|1769356632
|switch|p1a: Skarmory|Skarmory, F|51/100
|-damage|p1a: Skarmory|39/100|[from] Stealth Rock
|move|p2a: Dragonite|Dragon Dance|p2a: Dragonite
|-boost|p2a: Dragonite|atk|1
|-boost|p2a: Dragonite|spe|1
|
|upkeep
|turn|33
|
|t:|1769356640
|switch|p2a: Pecharunt|Pecharunt|100/100
|move|p1a: Skarmory|Roost|p1a: Skarmory
|-heal|p1a: Skarmory|89/100
|-singleturn|p1a: Skarmory|move: Roost
|
|upkeep
|turn|34
|
|t:|1769356644
|switch|p1a: Latias|Latias, F, tera:Poison|88/100
|-damage|p1a: Latias|75/100|[from] Stealth Rock
|move|p2a: Pecharunt|Nasty Plot|p2a: Pecharunt
|-boost|p2a: Pecharunt|spa|2
|
|-heal|p1a: Latias|82/100|[from] item: Leftovers
|upkeep
|turn|35
|
|t:|1769356647
|-terastallize|p2a: Pecharunt|Ghost
|move|p2a: Pecharunt|Nasty Plot|p2a: Pecharunt
|-boost|p2a: Pecharunt|spa|2
|move|p1a: Latias|Calm Mind|p1a: Latias
|-boost|p1a: Latias|spa|1
|-boost|p1a: Latias|spd|1
|
|-heal|p1a: Latias|88/100|[from] item: Leftovers
|upkeep
|turn|36
|
|t:|1769356652
|move|p2a: Pecharunt|Shadow Ball|p1a: Latias
|-damage|p1a: Latias|35/100
|move|p1a: Latias|Calm Mind|p1a: Latias
|-boost|p1a: Latias|spa|1
|-boost|p1a: Latias|spd|1
|
|-heal|p1a: Latias|41/100|[from] item: Leftovers
|upkeep
|turn|37
|
|t:|1769356655
|move|p2a: Pecharunt|Shadow Ball|p1a: Latias
|-damage|p1a: Latias|5/100
|move|p1a: Latias|Recover|p1a: Latias
|-heal|p1a: Latias|55/100
|
|-heal|p1a: Latias|61/100|[from] item: Leftovers
|upkeep
|turn|38
|
|t:|1769356660
|move|p2a: Pecharunt|Nasty Plot|p2a: Pecharunt
|-boost|p2a: Pecharunt|spa|2
|move|p1a: Latias|Recover|p1a: Latias
|-heal|p1a: Latias|100/100
|
|upkeep
|turn|39
|
|t:|1769356661
|move|p2a: Pecharunt|Shadow Ball|p1a: Latias
|-damage|p1a: Latias|50/100
|move|p1a: Latias|Calm Mind|p1a: Latias
|-boost|p1a: Latias|spa|1
|-boost|p1a: Latias|spd|1
|
|-heal|p1a: Latias|57/100|[from] item: Leftovers
|upkeep
|turn|40
|
|t:|1769356665
|move|p2a: Pecharunt|Shadow Ball|p1a: Latias
|-damage|p1a: Latias|15/100
|move|p1a: Latias|Recover|p1a: Latias
|-heal|p1a: Latias|65/100
|
|-heal|p1a: Latias|71/100|[from] item: Leftovers
|upkeep
|turn|41
|
|t:|1769356688
|move|p2a: Pecharunt|Shadow Ball|p1a: Latias
|-damage|p1a: Latias|30/100
|move|p1a: Latias|Recover|p1a: Latias
|-heal|p1a: Latias|80/100
|
|-heal|p1a: Latias|86/100|[from] item: Leftovers
|upkeep
|turn|42
|inactive|xyldaz has 270 seconds left.
|inactive|SammyCe123 has 270 seconds left.
|
|t:|1769356724
|switch|p2a: Zamazenta|Zamazenta|78/100 brn
|-damage|p2a: Zamazenta|72/100 brn|[from] Stealth Rock
|move|p1a: Latias|Stored Power|p2a: Zamazenta
|-supereffective|p2a: Zamazenta
|-damage|p2a: Zamazenta|0 fnt
|faint|p2a: Zamazenta
|
|-heal|p1a: Latias|92/100|[from] item: Leftovers
|upkeep
|inactive|SammyCe123 has 270 seconds left.
|
|t:|1769356730
|switch|p2a: Ogerpon|Ogerpon-Wellspring, F|76/100
|-damage|p2a: Ogerpon|64/100|[from] Stealth Rock
|turn|43
|
|t:|1769356732
|move|p2a: Ogerpon|Ivy Cudgel|p1a: Latias|[anim] Ivy Cudgel Water
|-damage|p1a: Latias|49/100
|move|p1a: Latias|Stored Power|p2a: Ogerpon
|-damage|p2a: Ogerpon|0 fnt
|faint|p2a: Ogerpon
|
|-heal|p1a: Latias|55/100|[from] item: Leftovers
|upkeep
|
|t:|1769356738
|switch|p2a: Dragonite|Dragonite, F|86/100
|turn|44
|
|t:|1769356741
|move|p2a: Dragonite|Extreme Speed|p1a: Latias
|-damage|p1a: Latias|30/100
|move|p1a: Latias|Stored Power|p2a: Dragonite
|-damage|p2a: Dragonite|0 fnt
|faint|p2a: Dragonite
|
|-heal|p1a: Latias|36/100|[from] item: Leftovers
|upkeep
|
|t:|1769356744
|switch|p2a: Pecharunt|Pecharunt, tera:Ghost|100/100
|turn|45
|
|t:|1769356746
|move|p2a: Pecharunt|Shadow Ball|p1a: Latias
|-damage|p1a: Latias|25/100
|move|p1a: Latias|Stored Power|p2a: Pecharunt
|-damage|p2a: Pecharunt|0 fnt
|faint|p2a: Pecharunt
|
|win|xyldaz
|c|☆xyldaz|gg
|c|☆SammyCe123|gg
