|j|☆freezentic
|j|☆Dragonzord6
|t:|1769418432
|gametype|singles
|player|p1|freezentic|kimonogirl|1381
|player|p2|Dragonzord6|lance|1303
|gen|9
|tier|[Gen 9] OU
|rated|
|rule|HP Percentage Mod: HP is shown in percentages
|rule|Endless Battle Clause: Forcing endless battles is banned
|rule|Species Clause: Limit one of each Pokémon
|rule|OHKO Clause: OHKO moves are banned
|rule|Evasion Items Clause: Evasion items are banned
|rule|Evasion Moves Clause: Evasion moves are banned
|rule|Evasion Abilities Clause: Evasion abilities are banned
|rule|Sleep Moves Clause: Sleep-inducing moves are banned
|clearpoke
|poke|p1|Ribombee, F|
|poke|p1|Great Tusk|
|poke|p1|Gholdengo|
|poke|p1|Manaphy|
|poke|p1|Kingambit, F|
|poke|p1|Iron Moth|
|poke|p2|Pelipper, M|
|poke|p2|Kingdra, F|
|poke|p2|Barraskewda, F|
|poke|p2|Raging Bolt|
|poke|p2|Kyurem|
|poke|p2|Overqwil, F|
|teampreview
|inactive|Battle timer is ON: inactive players will automatically lose when time's up. (requested by freezentic)
|
|t:|1769418436
|teamsize|p1|6
|teamsize|p2|6
|start
|switch|p1a: Ribombee|Ribombee, F|100/100
|switch|p2a: Messenger|Pelipper, M, shiny|100/100
|-weather|RainDance|[from] ability: Drizzle|[of] p2a: Messenger
|turn|1
|
|t:|1769418444
|switch|p2a: Overqwil|Overqwil, F, shiny|100/100
|move|p1a: Ribombee|Sticky Web|p2a: Overqwil
|-sidestart|p2: Dragonzord6|move: Sticky Web
|
|-weather|RainDance|[upkeep]
|upkeep
|turn|2
|
|t:|1769418452
|move|p2a: Overqwil|Swords Dance|p2a: Overqwil
|-boost|p2a: Overqwil|atk|2
|move|p1a: Ribombee|Moonblast|p2a: Overqwil
|-damage|p2a: Overqwil|37/100
|
|-weather|RainDance|[upkeep]
|upkeep
|turn|3
|
|t:|1769418460
|move|p2a: Overqwil|Gunk Shot|p1a: Ribombee|[miss]
|-miss|p2a: Overqwil|p1a: Ribombee
|move|p1a: Ribombee|Moonblast|p2a: Overqwil
|-damage|p2a: Overqwil|0 fnt
|faint|p2a: Overqwil
|
|-weather|RainDance|[upkeep]
|upkeep
|
|t:|1769418473
|switch|p2a: Barraskewda|Barraskewda, F, shiny|100/100
|-activate|p2a: Barraskewda|move: Sticky Web
|-unboost|p2a: Barraskewda|spe|1
|turn|4
|
|t:|1769418478
|move|p2a: Barraskewda|Liquidation|p1a: Ribombee
|-enditem|p1a: Ribombee|Focus Sash
|-damage|p1a: Ribombee|1/100
|move|p1a: Ribombee|Moonblast|p2a: Barraskewda
|-damage|p2a: Barraskewda|13/100
|
|-weather|RainDance|[upkeep]
|upkeep
|turn|5
|
|t:|1769418487
|move|p2a: Barraskewda|Liquidation|p1a: Ribombee
|-crit|p1a: Ribombee
|-damage|p1a: Ribombee|0 fnt
|faint|p1a: Ribombee
|
|-weather|RainDance|[upkeep]
|upkeep
|
|t:|1769418490
|switch|p1a: Kingambit|Kingambit, F|100/100
|-activate|p1a: Kingambit|ability: Supreme Overlord
|-start|p1a: Kingambit|fallen1|[silent]
|turn|6
|
|t:|1769418498
|switch|p2a: Kingdra|Kingdra, F, shiny|100/100
|-activate|p2a: Kingdra|move: Sticky Web
|-unboost|p2a: Kingdra|spe|1
|move|p1a: Kingambit|Sucker Punch||[still]
|-fail|p1a: Kingambit
|
|-weather|RainDance|[upkeep]
|upkeep
|turn|7
|
|t:|1769418507
|-terastallize|p2a: Kingdra|Water
|-terastallize|p1a: Kingambit|Flying
|move|p2a: Kingdra|Weather Ball|p1a: Kingambit
|-damage|p1a: Kingambit|0 fnt
|faint|p1a: Kingambit
|-end|p1a: Kingambit|fallen1|[silent]
|
|-weather|RainDance|[upkeep]
|upkeep
|
|t:|1769418516
|switch|p1a: Manaphy|Manaphy|100/100
|turn|8
|
|t:|1769418519
|move|p2a: Kingdra|Weather Ball|p1a: Manaphy
|-resisted|p1a: Manaphy
|-damage|p1a: Manaphy|38/100
|move|p1a: Manaphy|Take Heart|p1a: Manaphy
|-boost|p1a: Manaphy|spa|1
|-boost|p1a: Manaphy|spd|1
|
|-weather|none
|-heal|p1a: Manaphy|44/100|[from] item: Leftovers
|upkeep
|turn|9
|
|t:|1769418530
|switch|p2a: Messenger|Pelipper, M, shiny|100/100
|-weather|RainDance|[from] ability: Drizzle|[of] p2a: Messenger
|move|p1a: Manaphy|Take Heart|p1a: Manaphy
|-boost|p1a: Manaphy|spa|1
|-boost|p1a: Manaphy|spd|1
|
|-weather|RainDance|[upkeep]
|-heal|p1a: Manaphy|50/100|[from] item: Leftovers
|upkeep
|turn|10
|
|t:|1769418542
|move|p1a: Manaphy|Acid Armor|p1a: Manaphy
|-boost|p1a: Manaphy|def|2
|move|p2a: Messenger|U-turn|p1a: Manaphy
|-damage|p1a: Manaphy|46/100
|
|t:|1769418547
|switch|p2a: Raging Bolt|Raging Bolt|100/100|[from] U-turn
|-activate|p2a: Raging Bolt|move: Sticky Web
|-unboost|p2a: Raging Bolt|spe|1
|-enditem|p2a: Raging Bolt|Booster Energy
|-activate|p2a: Raging Bolt|ability: Protosynthesis|[fromitem]
|-start|p2a: Raging Bolt|protosynthesisspa
|
|-weather|RainDance|[upkeep]
|-heal|p1a: Manaphy|52/100|[from] item: Leftovers
|upkeep
|turn|11
|
|t:|1769418557
|move|p2a: Raging Bolt|Thunderclap|p1a: Manaphy
|-supereffective|p1a: Manaphy
|-crit|p1a: Manaphy
|-damage|p1a: Manaphy|0 fnt
|faint|p1a: Manaphy
|
|-weather|RainDance|[upkeep]
|upkeep
|
|t:|1769418581
|switch|p1a: Great Tusk|Great Tusk|100/100
|turn|12
|
|t:|1769418587
|move|p1a: Great Tusk|Earthquake|p2a: Raging Bolt
|-supereffective|p2a: Raging Bolt
|-damage|p2a: Raging Bolt|10/100
|move|p2a: Raging Bolt|Weather Ball|p1a: Great Tusk
|-supereffective|p1a: Great Tusk
|-damage|p1a: Great Tusk|0 fnt
|faint|p1a: Great Tusk
|-end|p1a: Great Tusk|Protosynthesis|[silent]
|
|-weather|RainDance|[upkeep]
|upkeep
|
|t:|1769418597
|switch|p1a: Iron Moth|Iron Moth|100/100
|-enditem|p1a: Iron Moth|Booster Energy
|-activate|p1a: Iron Moth|ability: Quark Drive|[fromitem]
|-start|p1a: Iron Moth|quarkdrivespe
|turn|13
|
|t:|1769418602
|move|p1a: Iron Moth|Sludge Wave|p2a: Raging Bolt
|-damage|p2a: Raging Bolt|0 fnt
|faint|p2a: Raging Bolt
|-end|p2a: Raging Bolt|Protosynthesis|[silent]
|
|-weather|RainDance|[upkeep]
|upkeep
|
|t:|1769418608
|switch|p2a: Kingdra|Kingdra, F, shiny, tera:Water|100/100
|-activate|p2a: Kingdra|move: Sticky Web
|-unboost|p2a: Kingdra|spe|1
|turn|14
|
|t:|1769418616
|move|p1a: Iron Moth|Energy Ball|p2a: Kingdra
|-supereffective|p2a: Kingdra
|-damage|p2a: Kingdra|27/100
|move|p2a: Kingdra|Weather Ball|p1a: Iron Moth
|-supereffective|p1a: Iron Moth
|-damage|p1a: Iron Moth|0 fnt
|faint|p1a: Iron Moth
|-end|p1a: Iron Moth|Quark Drive|[silent]
|
|-weather|RainDance|[upkeep]
|upkeep
|
|t:|1769418623
|switch|p1a: Gholdengo|Gholdengo|100/100
|-item|p1a: Gholdengo|Air Balloon
|turn|15
|
|t:|1769418630
|move|p2a: Kingdra|Weather Ball|p1a: Gholdengo
|-damage|p1a: Gholdengo|0 fnt
|-enditem|p1a: Gholdengo|Air Balloon
|faint|p1a: Gholdengo
|
|win|Dragonzord6
|raw|freezentic's rating: 1381 &rarr; <strong>1357</strong><br />(-24 for losing)
|raw|Dragonzord6's rating: 1303 &rarr; <strong>1327</strong><br />(+24 for winning)
|l|☆Dragonzord6
|player|p2|
|l|☆freezentic
|player|p1|
|j|☆freezentic
|player|p1|freezentic|kimonogirl|
