|j|‽LT_Alt1
|j|☆Air Glider
|t:|1769315280
|gametype|singles
|player|p1|LT_Alt1|101|1610
|player|p2|Air Glider|170|1556
|gen|9
|tier|[Gen 9] OU
|rated|
|rule|HP Percentage Mod: HP is shown in percentages
|rule|Endless Battle Clause: Forcing endless battles is banned
|rule|Species Clause: Limit one of each Pokémon
|rule|OHKO Clause: OHKO moves are banned
|rule|Evasion Items Clause: Evasion items are banned
|rule|Evasion Moves Clause: Evasion moves are banned
|rule|Evasion Abilities Clause: Evasion abilities are banned
|rule|Sleep Moves Clause: Sleep-inducing moves are banned
|clearpoke
|poke|p1|Darkrai|
|poke|p1|Slowking-Galar, M|
|poke|p1|Gholdengo|
|poke|p1|Iron Treads|
|poke|p1|Raging Bolt|
|poke|p1|Gliscor, F|
|poke|p2|Pelipper, F|
|poke|p2|Iron Treads|
|poke|p2|Samurott-Hisui, M|
|poke|p2|Basculegion, M|
|poke|p2|Toxicroak, F|
|poke|p2|Dragapult, F|
|teampreview
|
|t:|1769315320
|teamsize|p1|6
|teamsize|p2|6
|start
|switch|p1a: Darkrai|Darkrai|100/100
|switch|p2a: Samurott|Samurott-Hisui, M|100/100
|turn|1
|
|t:|1769315327
|move|p1a: Darkrai|Dark Pulse|p2a: Samurott
|-resisted|p2a: Samurott
|-damage|p2a: Samurott|69/100
|move|p2a: Samurott|Ceaseless Edge|p1a: Darkrai
|-resisted|p1a: Darkrai
|-damage|p1a: Darkrai|61/100
|-sidestart|p1: LT_Alt1|Spikes
|
|-heal|p1a: Darkrai|67/100|[from] item: Leftovers
|upkeep
|turn|2
|
|t:|1769315339
|move|p1a: Darkrai|Dark Pulse|p2a: Samurott
|-resisted|p2a: Samurott
|-damage|p2a: Samurott|39/100
|move|p2a: Samurott|Ceaseless Edge|p1a: Darkrai
|-resisted|p1a: Darkrai
|-damage|p1a: Darkrai|24/100
|-sidestart|p1: LT_Alt1|Spikes
|
|-heal|p1a: Darkrai|30/100|[from] item: Leftovers
|upkeep
|turn|3
|
|t:|1769315363
|switch|p2a: Toxicroak|Toxicroak, F|100/100
|move|p1a: Darkrai|Focus Blast|p2a: Toxicroak|[miss]
|-miss|p1a: Darkrai|p2a: Toxicroak
|
|-heal|p1a: Darkrai|36/100|[from] item: Leftovers
|upkeep
|turn|4
|
|t:|1769315373
|move|p1a: Darkrai|Ice Beam|p2a: Toxicroak
|-damage|p2a: Toxicroak|62/100
|move|p2a: Toxicroak|Knock Off|p1a: Darkrai
|-resisted|p1a: Darkrai
|-damage|p1a: Darkrai|21/100
|-enditem|p1a: Darkrai|Leftovers|[from] move: Knock Off|[of] p2a: Toxicroak
|
|upkeep
|turn|5
|
|t:|1769315387
|move|p1a: Darkrai|Nasty Plot|p1a: Darkrai
|-boost|p1a: Darkrai|spa|2
|move|p2a: Toxicroak|Drain Punch|p1a: Darkrai
|-supereffective|p1a: Darkrai
|-damage|p1a: Darkrai|0 fnt
|-heal|p2a: Toxicroak|70/100|[from] drain|[of] p1a: Darkrai
|faint|p1a: Darkrai
|
|upkeep
|c|☆Air Glider|The disrespect for croak
|
|t:|1769315403
|switch|p1a: Gholdengo|Gholdengo|100/100
|-damage|p1a: Gholdengo|84/100|[from] Spikes
|turn|6
|
|t:|1769315408
|move|p1a: Gholdengo|Shadow Ball|p2a: Toxicroak
|-damage|p2a: Toxicroak|19/100
|move|p2a: Toxicroak|Knock Off|p1a: Gholdengo
|-supereffective|p1a: Gholdengo
|-crit|p1a: Gholdengo
|-damage|p1a: Gholdengo|2/100
|-enditem|p1a: Gholdengo|Choice Scarf|[from] move: Knock Off|[of] p2a: Toxicroak
|
|upkeep
|turn|7
|-message|LT_Alt1 forfeited.
|
|win|Air Glider
|raw|LT_Alt1's rating: 1610 &rarr; <strong>1587</strong><br />(-23 for losing)
|raw|Air Glider's rating: 1556 &rarr; <strong>1579</strong><br />(+23 for winning)
|l|‽LT_Alt1
|player|p1|
