|j|☆driderwebs
|j|☆Cotounet
|t:|1769350979
|gametype|singles
|player|p1|driderwebs|170|1553
|player|p2|Cotounet|pokekid|1590
|gen|9
|tier|[Gen 9] OU
|rated|
|rule|HP Percentage Mod: HP is shown in percentages
|rule|Endless Battle Clause: Forcing endless battles is banned
|rule|Species Clause: Limit one of each Pokémon
|rule|OHKO Clause: OHKO moves are banned
|rule|Evasion Items Clause: Evasion items are banned
|rule|Evasion Moves Clause: Evasion moves are banned
|rule|Evasion Abilities Clause: Evasion abilities are banned
|rule|Sleep Moves Clause: Sleep-inducing moves are banned
|clearpoke
|poke|p1|Iron Valiant|
|poke|p1|Garganacl, F|
|poke|p1|Moltres|
|poke|p1|Iron Treads|
|poke|p1|Meowscarada, M|
|poke|p1|Araquanid, F|
|poke|p2|Iron Crown|
|poke|p2|Samurott-Hisui, F|
|poke|p2|Zapdos|
|poke|p2|Dragapult, M|
|poke|p2|Great Tusk|
|poke|p2|Iron Boulder|
|teampreview
|
|t:|1769350990
|teamsize|p1|6
|teamsize|p2|6
|start
|switch|p1a: Meowscarada|Meowscarada, M|100/100
|switch|p2a: Hurikan|Zapdos|100/100
|turn|1
|
|t:|1769350993
|move|p1a: Meowscarada|Triple Axel|p2a: Hurikan
|-start|p1a: Meowscarada|typechange|Ice|[from] ability: Protean
|-supereffective|p2a: Hurikan
|-damage|p2a: Hurikan|79/100
|-status|p1a: Meowscarada|par|[from] ability: Static|[of] p2a: Hurikan
|-supereffective|p2a: Hurikan
|-damage|p2a: Hurikan|35/100
|-supereffective|p2a: Hurikan
|-damage|p2a: Hurikan|0 fnt
|faint|p2a: Hurikan
|-hitcount|p2: Hurikan|3
|
|upkeep
|
|t:|1769351005
|switch|p2a: Mindreader|Iron Crown|100/100
|turn|2
|
|t:|1769351009
|switch|p1a: Araquanid|Araquanid, F|100/100
|move|p2a: Mindreader|Tachyon Cutter|p1a: Araquanid
|-resisted|p1a: Araquanid
|-damage|p1a: Araquanid|91/100
|-resisted|p1a: Araquanid
|-damage|p1a: Araquanid|81/100
|-hitcount|p1a: Araquanid|2
|
|upkeep
|turn|3
|
|t:|1769351024
|-end|p2a: Mindreader|Quark Drive|[silent]
|switch|p2a: Parasite|Dragapult, M|100/100
|move|p1a: Araquanid|Liquidation|p2a: Parasite
|-resisted|p2a: Parasite
|-damage|p2a: Parasite|55/100
|
|upkeep
|turn|4
|
|t:|1769351031
|move|p2a: Parasite|Dragon Darts|p1a: Araquanid
|-damage|p1a: Araquanid|39/100
|-anim|p2a: Parasite|Dragon Darts|p1a: Araquanid
|-damage|p1a: Araquanid|0 fnt
|faint|p1a: Araquanid
|
|upkeep
|
|t:|1769351041
|switch|p1a: Iron Valiant|Iron Valiant|100/100
|-enditem|p1a: Iron Valiant|Booster Energy
|-activate|p1a: Iron Valiant|ability: Quark Drive|[fromitem]
|-start|p1a: Iron Valiant|quarkdrivespe
|turn|5
|
|t:|1769351044
|switch|p2a: Mindreader|Iron Crown|100/100
|move|p1a: Iron Valiant|Moonblast|p2a: Mindreader
|-resisted|p2a: Mindreader
|-crit|p2a: Mindreader
|-damage|p2a: Mindreader|65/100
|-unboost|p2a: Mindreader|spa|1
|
|upkeep
|turn|6
|
|t:|1769351054
|-terastallize|p1a: Iron Valiant|Steel
|move|p1a: Iron Valiant|Aura Sphere|p2a: Mindreader
|-damage|p2a: Mindreader|28/100
|move|p2a: Mindreader|Tachyon Cutter|p1a: Iron Valiant
|-resisted|p1a: Iron Valiant
|-damage|p1a: Iron Valiant|77/100
|-resisted|p1a: Iron Valiant
|-damage|p1a: Iron Valiant|57/100
|-hitcount|p1a: Iron Valiant|2
|
|upkeep
|turn|7
|
|t:|1769351064
|-end|p2a: Mindreader|Quark Drive|[silent]
|switch|p2a: Parasite|Dragapult, M|55/100
|move|p1a: Iron Valiant|Aura Sphere|p2a: Parasite
|-immune|p2a: Parasite
|
|upkeep
|turn|8
|
|t:|1769351074
|move|p2a: Parasite|Sucker Punch|p1a: Iron Valiant
|-damage|p1a: Iron Valiant|10/100
|move|p1a: Iron Valiant|Moonblast|p2a: Parasite
|-supereffective|p2a: Parasite
|-damage|p2a: Parasite|0 fnt
|faint|p2a: Parasite
|
|upkeep
|
|t:|1769351079
|switch|p2a: Revery|Iron Boulder|100/100
|-enditem|p2a: Revery|Booster Energy
|-activate|p2a: Revery|ability: Quark Drive|[fromitem]
|-start|p2a: Revery|quarkdrivespe
|turn|9
|
|t:|1769351085
|move|p2a: Revery|Mighty Cleave|p1a: Iron Valiant
|-resisted|p1a: Iron Valiant
|-damage|p1a: Iron Valiant|0 fnt
|faint|p1a: Iron Valiant
|-end|p1a: Iron Valiant|Quark Drive|[silent]
|
|upkeep
|
|t:|1769351087
|switch|p1a: Garganacl|Garganacl, F|100/100
|turn|10
|
|t:|1769351094
|move|p2a: Revery|Swords Dance|p2a: Revery
|-boost|p2a: Revery|atk|2
|move|p1a: Garganacl|Salt Cure|p2a: Revery
|-damage|p2a: Revery|84/100
|-start|p2a: Revery|Salt Cure
|
|-damage|p2a: Revery|72/100|[from] Salt Cure
|upkeep
|turn|11
|
|t:|1769351100
|move|p2a: Revery|Swords Dance|p2a: Revery
|-boost|p2a: Revery|atk|2
|move|p1a: Garganacl|Body Press|p2a: Revery
|-crit|p2a: Revery
|-damage|p2a: Revery|18/100
|
|-damage|p2a: Revery|5/100|[from] Salt Cure
|upkeep
|turn|12
|
|t:|1769351102
|move|p1a: Garganacl|Protect|p1a: Garganacl
|-singleturn|p1a: Garganacl|Protect
|move|p2a: Revery|Close Combat|p1a: Garganacl
|-activate|p1a: Garganacl|move: Protect
|
|-damage|p2a: Revery|0 fnt|[from] Salt Cure
|faint|p2a: Revery
|-end|p2a: Revery|Quark Drive|[silent]
|upkeep
|
|t:|1769351105
|switch|p2a: Mindreader|Iron Crown|28/100
|turn|13
|
|t:|1769351113
|switch|p1a: Moltres|Moltres|100/100
|move|p2a: Mindreader|Volt Switch|p1a: Moltres
|-supereffective|p1a: Moltres
|-damage|p1a: Moltres|28/100
|
|t:|1769351115
|-end|p2a: Mindreader|Quark Drive|[silent]
|switch|p2a: Everytime We Touch|Samurott-Hisui, F|100/100|[from] Volt Switch
|
|upkeep
|turn|14
|
|t:|1769351125
|move|p2a: Everytime We Touch|Flip Turn|p1a: Moltres
|-supereffective|p1a: Moltres
|-damage|p1a: Moltres|0 fnt
|faint|p1a: Moltres
|
|t:|1769351130
|switch|p2a: Pump It|Great Tusk|100/100|[from] Flip Turn
|
|upkeep
|
|t:|1769351135
|switch|p1a: Meowscarada|Meowscarada, M|100/100 par
|turn|15
|
|t:|1769351142
|move|p2a: Pump It|Rapid Spin|p1a: Meowscarada
|-damage|p1a: Meowscarada|73/100 par
|-boost|p2a: Pump It|spe|1
|cant|p1a: Meowscarada|par
|
|upkeep
|turn|16
|
|t:|1769351147
|move|p2a: Pump It|Ice Spinner|p1a: Meowscarada
|-supereffective|p1a: Meowscarada
|-crit|p1a: Meowscarada
|-damage|p1a: Meowscarada|0 fnt
|faint|p1a: Meowscarada
|
|upkeep
|
|t:|1769351149
|switch|p1a: Garganacl|Garganacl, F|100/100
|turn|17
|
|t:|1769351153
|move|p2a: Pump It|Headlong Rush|p1a: Garganacl
|-supereffective|p1a: Garganacl
|-damage|p1a: Garganacl|35/100
|-unboost|p2a: Pump It|def|1
|-unboost|p2a: Pump It|spd|1
|move|p1a: Garganacl|Salt Cure|p2a: Pump It
|-resisted|p2a: Pump It
|-damage|p2a: Pump It|97/100
|-start|p2a: Pump It|Salt Cure
|
|-heal|p1a: Garganacl|41/100|[from] item: Leftovers
|-damage|p2a: Pump It|84/100|[from] Salt Cure
|upkeep
|turn|18
|
|t:|1769351159
|move|p2a: Pump It|Headlong Rush|p1a: Garganacl
|-supereffective|p1a: Garganacl
|-damage|p1a: Garganacl|0 fnt
|-unboost|p2a: Pump It|def|1
|-unboost|p2a: Pump It|spd|1
|faint|p1a: Garganacl
|
|-damage|p2a: Pump It|72/100|[from] Salt Cure
|upkeep
|
|t:|1769351161
|switch|p1a: Iron Treads|Iron Treads|100/100
|turn|19
|
|t:|1769351163
|move|p2a: Pump It|Headlong Rush|p1a: Iron Treads
|-supereffective|p1a: Iron Treads
|-damage|p1a: Iron Treads|0 fnt
|-unboost|p2a: Pump It|def|1
|-unboost|p2a: Pump It|spd|1
|faint|p1a: Iron Treads
|-end|p1a: Iron Treads|Quark Drive|[silent]
|
|win|Cotounet
|raw|driderwebs's rating: 1553 &rarr; <strong>1535</strong><br />(-18 for losing)
|raw|Cotounet's rating: 1590 &rarr; <strong>1608</strong><br />(+18 for winning)
|l|☆driderwebs
|player|p1|
|l|☆Cotounet
|player|p2|
