|j|☆ghost9922
|j|☆sieniastrayer
|t:|1769365574
|gametype|singles
|player|p1|ghost9922|1|1112
|player|p2|sieniastrayer|winona|1147
|gen|9
|tier|[Gen 9] OU
|rated|
|rule|HP Percentage Mod: HP is shown in percentages
|rule|Endless Battle Clause: Forcing endless battles is banned
|rule|Species Clause: Limit one of each Pokémon
|rule|OHKO Clause: OHKO moves are banned
|rule|Evasion Items Clause: Evasion items are banned
|rule|Evasion Moves Clause: Evasion moves are banned
|rule|Evasion Abilities Clause: Evasion abilities are banned
|rule|Sleep Moves Clause: Sleep-inducing moves are banned
|clearpoke
|poke|p1|Great Tusk|
|poke|p1|Kingambit, F|
|poke|p1|Heatran, M|
|poke|p1|Pelipper, F|
|poke|p1|Barraskewda, M|
|poke|p1|Zapdos|
|poke|p2|Iron Valiant|
|poke|p2|Scizor, F|
|poke|p2|Dragonite, F|
|poke|p2|Meowscarada, F|
|poke|p2|Great Tusk|
|poke|p2|Primarina, F|
|teampreview
|
|t:|1769365609
|teamsize|p1|6
|teamsize|p2|6
|start
|switch|p1a: Pelipper|Pelipper, F|100/100
|switch|p2a: Iron Gender|Iron Valiant|100/100
|-weather|RainDance|[from] ability: Drizzle|[of] p1a: Pelipper
|turn|1
|
|t:|1769365618
|move|p2a: Iron Gender|Thunderbolt|p1a: Pelipper
|-supereffective|p1a: Pelipper
|-damage|p1a: Pelipper|0 fnt
|faint|p1a: Pelipper
|
|-weather|RainDance|[upkeep]
|upkeep
|
|t:|1769365627
|switch|p1a: Barraskewda|Barraskewda, M|100/100
|turn|2
|
|t:|1769365643
|-end|p2a: Iron Gender|Quark Drive|[silent]
|switch|p2a: hear a sirens song|Primarina, F|100/100
|move|p1a: Barraskewda|Waterfall|p2a: hear a sirens song
|-resisted|p2a: hear a sirens song
|-damage|p2a: hear a sirens song|44/100
|-damage|p1a: Barraskewda|91/100|[from] item: Life Orb
|
|-weather|RainDance|[upkeep]
|upkeep
|turn|3
|
|t:|1769365673
|move|p1a: Barraskewda|Waterfall|p2a: hear a sirens song
|-resisted|p2a: hear a sirens song
|-damage|p2a: hear a sirens song|0 fnt
|faint|p2a: hear a sirens song
|-damage|p1a: Barraskewda|81/100|[from] item: Life Orb
|
|-weather|RainDance|[upkeep]
|upkeep
|
|t:|1769365689
|switch|p2a: deceptive physique|Dragonite, F|100/100
|turn|4
|
|t:|1769365697
|-terastallize|p2a: deceptive physique|Normal
|move|p1a: Barraskewda|Ice Fang|p2a: deceptive physique|[miss]
|-miss|p1a: Barraskewda|p2a: deceptive physique
|move|p2a: deceptive physique|Earthquake|p1a: Barraskewda
|-damage|p1a: Barraskewda|2/100
|
|-weather|RainDance|[upkeep]
|upkeep
|turn|5
|
|t:|1769365709
|move|p2a: deceptive physique|Extreme Speed|p1a: Barraskewda
|-damage|p1a: Barraskewda|0 fnt
|faint|p1a: Barraskewda
|
|-weather|RainDance|[upkeep]
|upkeep
|
|t:|1769365722
|switch|p1a: Zapdos|Zapdos|100/100
|turn|6
|
|t:|1769365732
|move|p2a: deceptive physique|Dragon Dance|p2a: deceptive physique
|-boost|p2a: deceptive physique|atk|1
|-boost|p2a: deceptive physique|spe|1
|move|p1a: Zapdos|Hurricane|p2a: deceptive physique
|-damage|p2a: deceptive physique|77/100
|
|-weather|RainDance|[upkeep]
|upkeep
|turn|7
|
|t:|1769365744
|move|p2a: deceptive physique|Ice Spinner|p1a: Zapdos
|-supereffective|p1a: Zapdos
|-damage|p1a: Zapdos|32/100
|-status|p2a: deceptive physique|par|[from] ability: Static|[of] p1a: Zapdos
|move|p1a: Zapdos|Discharge|p2a: deceptive physique
|-damage|p2a: deceptive physique|44/100 par
|
|-weather|RainDance|[upkeep]
|-heal|p1a: Zapdos|38/100|[from] item: Leftovers
|upkeep
|turn|8
|
|t:|1769365756
|move|p1a: Zapdos|Hurricane|p2a: deceptive physique
|-damage|p2a: deceptive physique|0 fnt
|faint|p2a: deceptive physique
|
|-weather|none
|-heal|p1a: Zapdos|44/100|[from] item: Leftovers
|upkeep
|
|t:|1769365769
|switch|p2a: Iron Gender|Iron Valiant|100/100
|turn|9
|
|t:|1769365779
|move|p2a: Iron Gender|Shadow Ball|p1a: Zapdos
|-damage|p1a: Zapdos|6/100
|move|p1a: Zapdos|Roost|p1a: Zapdos
|-heal|p1a: Zapdos|56/100
|-singleturn|p1a: Zapdos|move: Roost
|
|-heal|p1a: Zapdos|62/100|[from] item: Leftovers
|upkeep
|turn|10
|
|t:|1769365799
|-end|p2a: Iron Gender|Quark Drive|[silent]
|switch|p2a: Iron Beetle|Scizor, F|100/100
|move|p1a: Zapdos|U-turn|p2a: Iron Beetle
|-resisted|p2a: Iron Beetle
|-damage|p2a: Iron Beetle|93/100
|
|t:|1769365812
|switch|p1a: Great Tusk|Great Tusk|100/100|[from] U-turn
|-enditem|p1a: Great Tusk|Booster Energy
|-activate|p1a: Great Tusk|ability: Protosynthesis|[fromitem]
|-start|p1a: Great Tusk|protosynthesisatk
|
|upkeep
|turn|11
|
|t:|1769365854
|move|p1a: Great Tusk|Fire Fang|p2a: Iron Beetle
|-supereffective|p2a: Iron Beetle
|-damage|p2a: Iron Beetle|0 fnt
|faint|p2a: Iron Beetle
|
|upkeep
|
|t:|1769365868
|switch|p2a: Iron Gender|Iron Valiant|100/100
|turn|12
|
|t:|1769365874
|move|p2a: Iron Gender|Moonblast|p1a: Great Tusk
|-supereffective|p1a: Great Tusk
|-damage|p1a: Great Tusk|0 fnt
|faint|p1a: Great Tusk
|-end|p1a: Great Tusk|Protosynthesis|[silent]
|
|upkeep
|
|t:|1769365889
|switch|p1a: Heatran|Heatran, M|100/100
|-item|p1a: Heatran|Air Balloon
|turn|13
|
|t:|1769365899
|-end|p2a: Iron Gender|Quark Drive|[silent]
|switch|p2a: ancient elephant|Great Tusk|100/100
|-terastallize|p1a: Heatran|Flying
|move|p1a: Heatran|Tera Blast|p2a: ancient elephant|[anim] Tera Blast Flying
|-supereffective|p2a: ancient elephant
|-damage|p2a: ancient elephant|0 fnt
|faint|p2a: ancient elephant
|-end|p2a: ancient elephant|Protosynthesis|[silent]
|
|upkeep
|
|t:|1769365913
|switch|p2a: Iron Gender|Iron Valiant|100/100
|turn|14
|
|t:|1769365918
|move|p2a: Iron Gender|Thunderbolt|p1a: Heatran
|-supereffective|p1a: Heatran
|-damage|p1a: Heatran|29/100
|-enditem|p1a: Heatran|Air Balloon
|move|p1a: Heatran|Tera Blast|p2a: Iron Gender|[anim] Tera Blast Flying
|-supereffective|p2a: Iron Gender
|-damage|p2a: Iron Gender|0 fnt
|faint|p2a: Iron Gender
|-end|p2a: Iron Gender|Quark Drive|[silent]
|
|upkeep
|
|t:|1769365926
|switch|p2a: :3|Meowscarada, F|100/100
|turn|15
|
|t:|1769365938
|move|p2a: :3|Triple Axel|p1a: Heatran|[miss]
|-start|p2a: :3|typechange|Ice|[from] ability: Protean
|-miss|p2a: :3|p1a: Heatran
|move|p1a: Heatran|Tera Blast|p2a: :3|[anim] Tera Blast Flying
|-damage|p2a: :3|36/100
|
|upkeep
|turn|16
|c|☆sieniastrayer|gg
|c|☆sieniastrayer|oh
|c|☆sieniastrayer|i didnt lose yet
|-message|sieniastrayer forfeited.
|
|win|ghost9922
|raw|ghost9922's rating: 1112 &rarr; <strong>1140</strong><br />(+28 for winning)
|raw|sieniastrayer's rating: 1147 &rarr; <strong>1119</strong><br />(-28 for losing)
|c|☆sieniastrayer|gg
|l|☆sieniastrayer
|player|p2|
