|j|☆its called
|j|☆mra1990
|t:|1769376950
|gametype|singles
|player|p1|its called|blue|1179
|player|p2|mra1990|swimmer|1193
|gen|9
|tier|[Gen 9] OU
|rated|
|rule|HP Percentage Mod: HP is shown in percentages
|rule|Endless Battle Clause: Forcing endless battles is banned
|rule|Species Clause: Limit one of each Pokémon
|rule|OHKO Clause: OHKO moves are banned
|rule|Evasion Items Clause: Evasion items are banned
|rule|Evasion Moves Clause: Evasion moves are banned
|rule|Evasion Abilities Clause: Evasion abilities are banned
|rule|Sleep Moves Clause: Sleep-inducing moves are banned
|clearpoke
|poke|p1|Alomomola, F|
|poke|p1|Blissey, F|
|poke|p1|Clodsire, M|
|poke|p1|Gliscor, F|
|poke|p1|Dondozo, F|
|poke|p1|Muk, F|
|poke|p2|Pincurchin, M|
|poke|p2|Raichu-Alola, M|
|poke|p2|Iron Valiant|
|poke|p2|Iron Hands|
|poke|p2|Ogerpon-Wellspring, F|
|poke|p2|Talonflame, F|
|teampreview
|inactive|Battle timer is ON: inactive players will automatically lose when time's up. (requested by mra1990)
|
|t:|1769376969
|teamsize|p1|6
|teamsize|p2|6
|start
|switch|p1a: Gliscor|Gliscor, F|100/100
|switch|p2a: Pincurchin|Pincurchin, M|100/100
|-fieldstart|move: Electric Terrain|[from] ability: Electric Surge|[of] p2a: Pincurchin
|turn|1
|
|t:|1769376977
|move|p1a: Gliscor|Spikes|p2a: Pincurchin
|-sidestart|p2: mra1990|Spikes
|move|p2a: Pincurchin|Scald|p1a: Gliscor
|-supereffective|p1a: Gliscor
|-damage|p1a: Gliscor|60/100
|
|-status|p1a: Gliscor|tox|[from] item: Toxic Orb
|upkeep
|turn|2
|
|t:|1769376988
|move|p1a: Gliscor|Protect|p1a: Gliscor
|-singleturn|p1a: Gliscor|Protect
|move|p2a: Pincurchin|Spikes|p1a: Gliscor
|-sidestart|p1: its called|Spikes
|
|-heal|p1a: Gliscor|73/100 tox|[from] ability: Poison Heal
|upkeep
|turn|3
|
|t:|1769376997
|switch|p1a: Blissey|Blissey, F|100/100
|move|p2a: Pincurchin|Spikes|p1a: Blissey
|-sidestart|p1: its called|Spikes
|
|upkeep
|turn|4
|
|t:|1769377003
|move|p1a: Blissey|Stealth Rock|p2a: Pincurchin
|-sidestart|p2: mra1990|move: Stealth Rock
|move|p2a: Pincurchin|Discharge|p1a: Blissey
|-damage|p1a: Blissey|90/100
|
|upkeep
|turn|5
|
|t:|1769377009
|move|p1a: Blissey|Seismic Toss|p2a: Pincurchin
|-damage|p2a: Pincurchin|67/100
|move|p2a: Pincurchin|Discharge|p1a: Blissey
|-crit|p1a: Blissey
|-damage|p1a: Blissey|73/100
|
|upkeep
|turn|6
|
|t:|1769377016
|move|p1a: Blissey|Seismic Toss|p2a: Pincurchin
|-damage|p2a: Pincurchin|34/100
|move|p2a: Pincurchin|Spikes|p1a: Blissey
|-sidestart|p1: its called|Spikes
|
|upkeep
|turn|7
|
|t:|1769377022
|move|p1a: Blissey|Seismic Toss|p2a: Pincurchin
|-damage|p2a: Pincurchin|0 fnt
|faint|p2a: Pincurchin
|
|upkeep
|
|t:|1769377029
|switch|p2a: Raichu|Raichu-Alola, M, shiny|100/100
|-damage|p2a: Raichu|88/100|[from] Spikes
|-damage|p2a: Raichu|76/100|[from] Stealth Rock
|-enditem|p2a: Raichu|Electric Seed
|-boost|p2a: Raichu|def|1|[from] item: Electric Seed
|turn|8
|
|t:|1769377036
|move|p2a: Raichu|Nasty Plot|p2a: Raichu
|-boost|p2a: Raichu|spa|2
|move|p1a: Blissey|Seismic Toss|p2a: Raichu
|-damage|p2a: Raichu|38/100
|
|-fieldend|move: Electric Terrain
|upkeep
|turn|9
|
|t:|1769377046
|move|p2a: Raichu|Psyshock|p1a: Blissey
|-damage|p1a: Blissey|0 fnt
|faint|p1a: Blissey
|
|upkeep
|-message|its called forfeited.
|
|win|mra1990
|raw|its called's rating: 1179 &rarr; <strong>1155</strong><br />(-24 for losing)
|raw|mra1990's rating: 1193 &rarr; <strong>1217</strong><br />(+24 for winning)
|l|☆its called
|player|p1|
|l|☆mra1990
|player|p2|
