|j|☆Ols69
|j|☆UR FUKN RAPlST3828
|t:|1769348356
|gametype|singles
|player|p1|Ols69|fisherman|1169
|player|p2|UR FUKN RAPlST3828|170|1148
|gen|9
|tier|[Gen 9] OU
|rated|
|rule|HP Percentage Mod: HP is shown in percentages
|rule|Endless Battle Clause: Forcing endless battles is banned
|rule|Species Clause: Limit one of each Pokémon
|rule|OHKO Clause: OHKO moves are banned
|rule|Evasion Items Clause: Evasion items are banned
|rule|Evasion Moves Clause: Evasion moves are banned
|rule|Evasion Abilities Clause: Evasion abilities are banned
|rule|Sleep Moves Clause: Sleep-inducing moves are banned
|clearpoke
|poke|p1|Dragonite, M|
|poke|p1|Samurott-Hisui, F|
|poke|p1|Clefable, M|
|poke|p1|Gliscor, F|
|poke|p1|Gholdengo|
|poke|p1|Zamazenta-*|
|poke|p2|Barraskewda, M|
|poke|p2|Iron Treads|
|poke|p2|Hatterene, F|
|poke|p2|Zapdos|
|poke|p2|Pelipper, F|
|poke|p2|Toxicroak, F|
|teampreview
|inactive|Battle timer is ON: inactive players will automatically lose when time's up. (requested by Ols69)
|
|t:|1769348364
|teamsize|p1|6
|teamsize|p2|6
|start
|switch|p1a: Clefable|Clefable, M|100/100
|switch|p2a: Pelipper|Pelipper, F, shiny|100/100
|-weather|RainDance|[from] ability: Drizzle|[of] p2a: Pelipper
|turn|1
|
|t:|1769348373
|move|p2a: Pelipper|Knock Off|p1a: Clefable
|-resisted|p1a: Clefable
|-damage|p1a: Clefable|93/100
|-damage|p2a: Pelipper|84/100|[from] item: Rocky Helmet|[of] p1a: Clefable
|-enditem|p1a: Clefable|Rocky Helmet|[from] move: Knock Off|[of] p2a: Pelipper
|move|p1a: Clefable|Stealth Rock|p2a: Pelipper
|-sidestart|p2: UR FUKN RAPlST3828|move: Stealth Rock
|
|-weather|RainDance|[upkeep]
|upkeep
|turn|2
|
|t:|1769348383
|move|p2a: Pelipper|U-turn|p1a: Clefable
|-resisted|p1a: Clefable
|-damage|p1a: Clefable|88/100
|
|t:|1769348388
|switch|p2a: Iron Treads|Iron Treads, shiny|100/100|[from] U-turn
|-damage|p2a: Iron Treads|97/100|[from] Stealth Rock
|move|p1a: Clefable|Knock Off|p2a: Iron Treads
|-damage|p2a: Iron Treads|85/100
|-enditem|p2a: Iron Treads|Leftovers|[from] move: Knock Off|[of] p1a: Clefable
|
|-weather|RainDance|[upkeep]
|upkeep
|turn|3
|
|t:|1769348405
|switch|p1a: Samurott|Samurott-Hisui, F|100/100
|move|p2a: Iron Treads|Stealth Rock|p1a: Samurott
|-sidestart|p1: Ols69|move: Stealth Rock
|
|-weather|RainDance|[upkeep]
|upkeep
|turn|4
|
|t:|1769348412
|-end|p2a: Iron Treads|Quark Drive|[silent]
|switch|p2a: Toxicroak|Toxicroak, F, shiny|100/100
|-damage|p2a: Toxicroak|94/100|[from] Stealth Rock
|move|p1a: Samurott|Razor Shell|p2a: Toxicroak
|-heal|p2a: Toxicroak|100/100|[from] ability: Dry Skin|[of] p1a: Samurott
|
|-weather|RainDance|[upkeep]
|upkeep
|turn|5
|
|t:|1769348416
|move|p1a: Samurott|Ceaseless Edge|p2a: Toxicroak
|-resisted|p2a: Toxicroak
|-damage|p2a: Toxicroak|82/100
|-damage|p1a: Samurott|84/100|[from] item: Rocky Helmet|[of] p2a: Toxicroak
|-sidestart|p2: UR FUKN RAPlST3828|Spikes
|move|p2a: Toxicroak|Knock Off|p1a: Samurott
|-resisted|p1a: Samurott
|-damage|p1a: Samurott|70/100
|-enditem|p1a: Samurott|Assault Vest|[from] move: Knock Off|[of] p2a: Toxicroak
|
|-weather|RainDance|[upkeep]
|-heal|p2a: Toxicroak|94/100|[from] ability: Dry Skin
|upkeep
|turn|6
|
|t:|1769348423
|move|p1a: Samurott|Ceaseless Edge|p2a: Toxicroak|[miss]
|-miss|p1a: Samurott|p2a: Toxicroak
|move|p2a: Toxicroak|Knock Off|p1a: Samurott
|-resisted|p1a: Samurott
|-crit|p1a: Samurott
|-damage|p1a: Samurott|53/100
|
|-weather|RainDance|[upkeep]
|-heal|p2a: Toxicroak|100/100|[from] ability: Dry Skin
|upkeep
|turn|7
|
|t:|1769348427
|move|p1a: Samurott|Ceaseless Edge|p2a: Toxicroak
|-resisted|p2a: Toxicroak
|-damage|p2a: Toxicroak|80/100
|-damage|p1a: Samurott|37/100|[from] item: Rocky Helmet|[of] p2a: Toxicroak
|-sidestart|p2: UR FUKN RAPlST3828|Spikes
|move|p2a: Toxicroak|Drain Punch|p1a: Samurott
|-supereffective|p1a: Samurott
|-damage|p1a: Samurott|0 fnt
|-heal|p2a: Toxicroak|96/100|[from] drain|[of] p1a: Samurott
|faint|p1a: Samurott
|
|-weather|RainDance|[upkeep]
|-heal|p2a: Toxicroak|100/100|[from] ability: Dry Skin
|upkeep
|l|☆Ols69
|inactive|Ols69 disconnected and has a minute to reconnect!
|player|p1|
|inactive|Ols69 has 30 seconds to reconnect!
|inactive|Ols69 has 20 seconds to reconnect!
|inactive|Ols69 has 15 seconds to reconnect!
|inactive|Ols69 has 10 seconds to reconnect!
|inactive|Ols69 has 5 seconds to reconnect!
|-message|Ols69 lost due to inactivity.
|
|win|UR FUKN RAPlST3828
|raw|Ols69's rating: 1169 &rarr; <strong>1145</strong><br />(-24 for losing)
|raw|UR FUKN RAPlST3828's rating: 1177 &rarr; <strong>1201</strong><br />(+24 for winning)
