|j|☆Leadedpaint
|j|☆Dunescorpion
|t:|1769436897
|gametype|singles
|player|p1|Leadedpaint|clair|1128
|player|p2|Dunescorpion|aetherfoundation2|1234
|gen|9
|tier|[Gen 9] OU
|rated|
|rule|HP Percentage Mod: HP is shown in percentages
|rule|Endless Battle Clause: Forcing endless battles is banned
|rule|Species Clause: Limit one of each Pokémon
|rule|OHKO Clause: OHKO moves are banned
|rule|Evasion Items Clause: Evasion items are banned
|rule|Evasion Moves Clause: Evasion moves are banned
|rule|Evasion Abilities Clause: Evasion abilities are banned
|rule|Sleep Moves Clause: Sleep-inducing moves are banned
|clearpoke
|poke|p1|Great Tusk|
|poke|p1|Pecharunt|
|poke|p1|Iron Valiant|
|poke|p1|Iron Crown|
|poke|p1|Samurott-Hisui, M|
|poke|p1|Dragonite, M|
|poke|p2|Araquanid, M|
|poke|p2|Raging Bolt|
|poke|p2|Iron Moth|
|poke|p2|Great Tusk|
|poke|p2|Gholdengo|
|poke|p2|Kingambit, M|
|teampreview
|
|t:|1769436911
|teamsize|p1|6
|teamsize|p2|6
|start
|switch|p1a: Arby's|Great Tusk, shiny|100/100
|switch|p2a: Araquanid|Araquanid, M|100/100
|turn|1
|inactive|Battle timer is ON: inactive players will automatically lose when time's up. (requested by Dunescorpion)
|
|t:|1769436933
|-end|p1a: Arby's|Protosynthesis|[silent]
|switch|p1a: Carl's Jr.|Iron Valiant, shiny|100/100
|move|p2a: Araquanid|Liquidation|p1a: Carl's Jr.
|-damage|p1a: Carl's Jr.|48/100
|
|upkeep
|turn|2
|
|t:|1769436945
|-terastallize|p1a: Carl's Jr.|Fairy
|move|p1a: Carl's Jr.|Moonblast|p2a: Araquanid
|-damage|p2a: Araquanid|35/100
|move|p2a: Araquanid|Liquidation|p1a: Carl's Jr.
|-damage|p1a: Carl's Jr.|0 fnt
|faint|p1a: Carl's Jr.
|-end|p1a: Carl's Jr.|Quark Drive|[silent]
|
|upkeep
|
|t:|1769436954
|switch|p1a: Jack In the Box|Pecharunt|100/100
|turn|3
|
|t:|1769436961
|move|p1a: Jack In the Box|Malignant Chain|p2a: Araquanid
|-damage|p2a: Araquanid|14/100
|-status|p2a: Araquanid|tox
|-start|p2a: Araquanid|confusion|[from] ability: Poison Puppeteer|[of] p1a: Jack In the Box
|-activate|p2a: Araquanid|confusion
|move|p2a: Araquanid|Sticky Web|p1a: Jack In the Box
|-sidestart|p1: Leadedpaint|move: Sticky Web
|
|-damage|p2a: Araquanid|8/100 tox|[from] psn
|upkeep
|turn|4
|-enditem|p2a: Araquanid|Custap Berry|[eat]
|-activate|p2a: Araquanid|item: Custap Berry|[consumed]
|
|t:|1769436982
|-activate|p2a: Araquanid|confusion
|-damage|p2a: Araquanid|1/100 tox|[from] confusion
|move|p1a: Jack In the Box|Shadow Ball|p2a: Araquanid
|-damage|p2a: Araquanid|0 fnt
|faint|p2a: Araquanid
|
|upkeep
|
|t:|1769436996
|switch|p2a: Iron Moth|Iron Moth|100/100
|-enditem|p2a: Iron Moth|Booster Energy
|-activate|p2a: Iron Moth|ability: Quark Drive|[fromitem]
|-start|p2a: Iron Moth|quarkdrivespa
|turn|5
|
|t:|1769437012
|move|p2a: Iron Moth|Psychic|p1a: Jack In the Box
|-supereffective|p1a: Jack In the Box
|-damage|p1a: Jack In the Box|13/100
|move|p1a: Jack In the Box|Shadow Ball|p2a: Iron Moth
|-damage|p2a: Iron Moth|74/100
|
|upkeep
|turn|6
|
|t:|1769437027
|switch|p1a: Arby's|Great Tusk, shiny|100/100
|move|p2a: Iron Moth|Fiery Dance|p1a: Arby's
|-damage|p1a: Arby's|20/100
|-boost|p2a: Iron Moth|spa|1
|
|upkeep
|turn|7
|
|t:|1769437038
|move|p2a: Iron Moth|Fiery Dance|p1a: Arby's
|-damage|p1a: Arby's|0 fnt
|-boost|p2a: Iron Moth|spa|1
|faint|p1a: Arby's
|-end|p1a: Arby's|Protosynthesis|[silent]
|
|upkeep
|-message|Leadedpaint forfeited.
|
|win|Dunescorpion
|raw|Leadedpaint's rating: 1128 &rarr; <strong>1110</strong><br />(-18 for losing)
|raw|Dunescorpion's rating: 1234 &rarr; <strong>1252</strong><br />(+18 for winning)
|l|☆Leadedpaint
|player|p1|
