|j|☆agent pod
|j|☆summerenaissance
|t:|1769307669
|gametype|singles
|player|p1|agent pod|rancher|1498
|player|p2|summerenaissance|blaine|1458
|gen|9
|tier|[Gen 9] OU
|rated|
|rule|HP Percentage Mod: HP is shown in percentages
|rule|Endless Battle Clause: Forcing endless battles is banned
|rule|Species Clause: Limit one of each Pokémon
|rule|OHKO Clause: OHKO moves are banned
|rule|Evasion Items Clause: Evasion items are banned
|rule|Evasion Moves Clause: Evasion moves are banned
|rule|Evasion Abilities Clause: Evasion abilities are banned
|rule|Sleep Moves Clause: Sleep-inducing moves are banned
|clearpoke
|poke|p1|Great Tusk|
|poke|p1|Slither Wing|
|poke|p1|Toxapex, M|
|poke|p1|Necrozma|
|poke|p1|Cloyster, M|
|poke|p1|Ogerpon-Cornerstone, F|
|poke|p2|Goodra-Hisui, M|
|poke|p2|Alomomola, M|
|poke|p2|Hatterene, F|
|poke|p2|Rillaboom, M|
|poke|p2|Iron Moth|
|poke|p2|Great Tusk|
|teampreview
|l|☆summerenaissance
|player|p2|
|inactive|Battle timer is ON: inactive players will automatically lose when time's up. (requested by agent pod)
|j|☆summerenaissance
|inactive|summerenaissance reconnected and has 125 seconds left.
|player|p2|summerenaissance|blaine|
|inactive|summerenaissance has 120 seconds left.
|
|t:|1769307728
|teamsize|p1|6
|teamsize|p2|6
|start
|switch|p1a: Slither Wing|Slither Wing|100/100
|switch|p2a: Goodra|Goodra-Hisui, M|100/100
|turn|1
|l|☆summerenaissance
|inactive|summerenaissance disconnected and has a minute to reconnect!
|player|p2|
|j|☆summerenaissance
|inactive|summerenaissance reconnected and has 145 seconds left.
|player|p2|summerenaissance|blaine|
|
|t:|1769307742
|switch|p2a: Alomomola|Alomomola, M|100/100
|move|p1a: Slither Wing|U-turn|p2a: Alomomola
|-crit|p2a: Alomomola
|-damage|p2a: Alomomola|68/100
|
|t:|1769307758
|-end|p1a: Slither Wing|Protosynthesis|[silent]
|switch|p1a: Toxapex|Toxapex, M|100/100|[from] U-turn
|
|upkeep
|turn|2
|
|t:|1769307762
|switch|p2a: Hatterene|Hatterene, F|100/100
|move|p1a: Toxapex|Sludge Bomb|p2a: Hatterene
|-supereffective|p2a: Hatterene
|-damage|p2a: Hatterene|61/100
|
|upkeep
|turn|3
|
|t:|1769307771
|switch|p1a: Necrozma|Necrozma|100/100
|move|p2a: Hatterene|Nuzzle|p1a: Necrozma
|-damage|p1a: Necrozma|97/100
|-status|p1a: Necrozma|par
|
|upkeep
|turn|4
|
|t:|1769307784
|switch|p2a: Goodra|Goodra-Hisui, M|100/100
|move|p1a: Necrozma|Earth Power|p2a: Goodra
|-supereffective|p2a: Goodra
|-damage|p2a: Goodra|70/100
|
|upkeep
|turn|5
|
|t:|1769307792
|switch|p1a: Toxapex|Toxapex, M|100/100
|move|p2a: Goodra|Knock Off|p1a: Toxapex
|-damage|p1a: Toxapex|85/100
|-enditem|p1a: Toxapex|Assault Vest|[from] move: Knock Off|[of] p2a: Goodra
|
|upkeep
|turn|6
|
|t:|1769307798
|move|p2a: Goodra|Draco Meteor|p1a: Toxapex
|-damage|p1a: Toxapex|26/100
|-unboost|p2a: Goodra|spa|2
|move|p1a: Toxapex|Infestation|p2a: Goodra
|-resisted|p2a: Goodra
|-damage|p2a: Goodra|69/100
|-activate|p2a: Goodra|move: Infestation|[of] p1a: Toxapex
|
|-damage|p2a: Goodra|57/100|[from] move: Infestation|[partiallytrapped]
|upkeep
|turn|7
|
|t:|1769307809
|switch|p1a: Slither Wing|Slither Wing|100/100
|move|p2a: Goodra|Draco Meteor|p1a: Slither Wing|[miss]
|-miss|p2a: Goodra|p1a: Slither Wing
|
|-end|p2a: Goodra|Infestation|[partiallytrapped]|[silent]
|upkeep
|turn|8
|
|t:|1769307816
|switch|p2a: Alomomola|Alomomola, M|100/100
|move|p1a: Slither Wing|Close Combat|p2a: Alomomola
|-damage|p2a: Alomomola|65/100
|-unboost|p1a: Slither Wing|def|1
|-unboost|p1a: Slither Wing|spd|1
|
|upkeep
|turn|9
|
|t:|1769307822
|move|p1a: Slither Wing|U-turn|p2a: Alomomola
|-damage|p2a: Alomomola|45/100
|
|t:|1769307836
|-end|p1a: Slither Wing|Protosynthesis|[silent]
|switch|p1a: Toxapex|Toxapex, M|59/100|[from] U-turn
|move|p2a: Alomomola|Flip Turn|p1a: Toxapex
|-resisted|p1a: Toxapex
|-damage|p1a: Toxapex|52/100
|
|t:|1769307846
|switch|p2a: Rillaboom|Rillaboom, M|100/100|[from] Flip Turn
|-fieldstart|move: Grassy Terrain|[from] ability: Grassy Surge|[of] p2a: Rillaboom
|
|-heal|p1a: Toxapex|58/100|[from] Grassy Terrain
|upkeep
|turn|10
|
|t:|1769307866
|move|p2a: Rillaboom|U-turn|p1a: Toxapex
|-resisted|p1a: Toxapex
|-damage|p1a: Toxapex|49/100
|
|t:|1769307871
|switch|p2a: Goodra|Goodra-Hisui, M|57/100|[from] U-turn
|move|p1a: Toxapex|Sludge Bomb|p2a: Goodra
|-immune|p2a: Goodra
|
|-heal|p2a: Goodra|63/100|[from] Grassy Terrain
|-heal|p1a: Toxapex|55/100|[from] Grassy Terrain
|upkeep
|turn|11
|
|t:|1769307878
|switch|p1a: Slither Wing|Slither Wing|100/100
|move|p2a: Goodra|Draco Meteor|p1a: Slither Wing|[miss]
|-miss|p2a: Goodra|p1a: Slither Wing
|
|-heal|p2a: Goodra|69/100|[from] Grassy Terrain
|upkeep
|turn|12
|
|t:|1769307884
|switch|p2a: Alomomola|Alomomola, M|78/100
|move|p1a: Slither Wing|U-turn|p2a: Alomomola
|-damage|p2a: Alomomola|57/100
|
|t:|1769307887
|-end|p1a: Slither Wing|Protosynthesis|[silent]
|switch|p1a: Cloyster|Cloyster, M|100/100|[from] U-turn
|
|-heal|p2a: Alomomola|64/100|[from] Grassy Terrain
|upkeep
|turn|13
|
|t:|1769307889
|move|p1a: Cloyster|Shell Smash|p1a: Cloyster
|-unboost|p1a: Cloyster|def|1
|-unboost|p1a: Cloyster|spd|1
|-boost|p1a: Cloyster|atk|2
|-boost|p1a: Cloyster|spa|2
|-boost|p1a: Cloyster|spe|2
|move|p2a: Alomomola|Scald|p1a: Cloyster
|-resisted|p1a: Cloyster
|-damage|p1a: Cloyster|76/100
|
|-heal|p1a: Cloyster|82/100|[from] Grassy Terrain
|-heal|p2a: Alomomola|70/100|[from] Grassy Terrain
|upkeep
|turn|14
|
|t:|1769307894
|move|p1a: Cloyster|Shell Smash|p1a: Cloyster
|-unboost|p1a: Cloyster|def|1
|-unboost|p1a: Cloyster|spd|1
|-boost|p1a: Cloyster|atk|2
|-boost|p1a: Cloyster|spa|2
|-boost|p1a: Cloyster|spe|2
|move|p2a: Alomomola|Flip Turn|p1a: Cloyster
|-resisted|p1a: Cloyster
|-damage|p1a: Cloyster|69/100
|
|t:|1769307896
|switch|p2a: Rillaboom|Rillaboom, M|100/100|[from] Flip Turn
|
|-heal|p1a: Cloyster|75/100|[from] Grassy Terrain
|upkeep
|turn|15
|
|t:|1769307899
|move|p1a: Cloyster|Ice Shard|p2a: Rillaboom
|-supereffective|p2a: Rillaboom
|-damage|p2a: Rillaboom|0 fnt
|faint|p2a: Rillaboom
|
|-heal|p1a: Cloyster|81/100|[from] Grassy Terrain
|upkeep
|-message|summerenaissance forfeited.
|
|win|agent pod
|raw|agent pod's rating: 1498 &rarr; <strong>1516</strong><br />(+18 for winning)
|raw|summerenaissance's rating: 1458 &rarr; <strong>1440</strong><br />(-18 for losing)
|l|☆summerenaissance
|player|p2|
|l|☆agent pod
|player|p1|
