|j|☆m709lkjo
|j|☆velcrostuck
|t:|1769439463
|gametype|singles
|player|p1|m709lkjo|170|1378
|player|p2|velcrostuck|marlon|1379
|gen|9
|tier|[Gen 9] OU
|rated|
|rule|HP Percentage Mod: HP is shown in percentages
|rule|Endless Battle Clause: Forcing endless battles is banned
|rule|Species Clause: Limit one of each Pokémon
|rule|OHKO Clause: OHKO moves are banned
|rule|Evasion Items Clause: Evasion items are banned
|rule|Evasion Moves Clause: Evasion moves are banned
|rule|Evasion Abilities Clause: Evasion abilities are banned
|rule|Sleep Moves Clause: Sleep-inducing moves are banned
|clearpoke
|poke|p1|Arcanine-Hisui, F|
|poke|p1|Kleavor, F|
|poke|p1|Scyther, F|
|poke|p1|Hariyama, F|
|poke|p1|Drifblim, M|
|poke|p1|Cottonee, M|
|poke|p2|Lokix, F|
|poke|p2|Ting-Lu|
|poke|p2|Latios, M|
|poke|p2|Gliscor, F|
|poke|p2|Iron Moth|
|poke|p2|Garganacl, F|
|teampreview
|inactive|Battle timer is ON: inactive players will automatically lose when time's up. (requested by velcrostuck)
|c|☆m709lkjo|gl hf
|
|t:|1769439482
|teamsize|p1|6
|teamsize|p2|6
|start
|switch|p1a: PU|Hariyama, F|100/100
|switch|p2a: Iron Moth|Iron Moth|100/100
|-enditem|p2a: Iron Moth|Booster Energy
|-activate|p2a: Iron Moth|ability: Quark Drive|[fromitem]
|-start|p2a: Iron Moth|quarkdrivespa
|turn|1
|
|t:|1769439497
|move|p2a: Iron Moth|Toxic Spikes|p1a: PU
|-sidestart|p1: m709lkjo|move: Toxic Spikes
|move|p1a: PU|Headlong Rush|p2a: Iron Moth
|-supereffective|p2a: Iron Moth
|-damage|p2a: Iron Moth|0 fnt
|-unboost|p1a: PU|def|1
|-unboost|p1a: PU|spd|1
|faint|p2a: Iron Moth
|-end|p2a: Iron Moth|Quark Drive|[silent]
|
|upkeep
|
|t:|1769439506
|switch|p2a: Latios|Latios, M|100/100
|turn|2
|
|t:|1769439526
|switch|p1a: LC|Cottonee, M|100/100
|-status|p1a: LC|psn
|move|p2a: Latios|Psychic Noise|p1a: LC
|-crit|p1a: LC
|-damage|p1a: LC|28/100 psn
|-start|p1a: LC|move: Heal Block
|
|-damage|p1a: LC|16/100 psn|[from] psn
|upkeep
|turn|3
|inactive|m709lkjo has 120 seconds left.
|
|t:|1769439555
|move|p1a: LC|Encore|p2a: Latios
|-start|p2a: Latios|Encore
|move|p2a: Latios|Psychic Noise|p1a: LC
|-damage|p1a: LC|0 fnt
|faint|p1a: LC
|
|upkeep
|
|t:|1769439559
|switch|p1a: RU|Kleavor, F|100/100
|-status|p1a: RU|psn
|turn|4
|inactive|m709lkjo has 120 seconds left.
|
|t:|1769439580
|switch|p2a: Gliscor|Gliscor, F|100/100
|move|p1a: RU|U-turn|p2a: Gliscor
|-resisted|p2a: Gliscor
|-damage|p2a: Gliscor|86/100
|
|t:|1769439585
|switch|p1a: ZU|Drifblim, M|100/100|[from] U-turn
|
|-status|p2a: Gliscor|tox|[from] item: Toxic Orb
|upkeep
|turn|5
|
|t:|1769439602
|move|p2a: Gliscor|Spikes|p1a: ZU
|-sidestart|p1: m709lkjo|Spikes
|move|p1a: ZU|Defog|p2a: Gliscor
|-unboost|p2a: Gliscor|evasion|1
|-sideend|p1: m709lkjo|Spikes|[from] move: Defog|[of] p1a: ZU
|-sideend|p1: m709lkjo|Toxic Spikes|[from] move: Defog|[of] p1a: ZU
|
|-heal|p2a: Gliscor|98/100 tox|[from] ability: Poison Heal
|upkeep
|turn|6
|
|t:|1769439614
|move|p2a: Gliscor|Toxic|p1a: ZU
|-status|p1a: ZU|tox
|move|p1a: ZU|Knock Off|p2a: Gliscor
|-damage|p2a: Gliscor|84/100 tox
|-enditem|p2a: Gliscor|Toxic Orb|[from] move: Knock Off|[of] p1a: ZU
|
|-heal|p2a: Gliscor|96/100 tox|[from] ability: Poison Heal
|-damage|p1a: ZU|94/100 tox|[from] psn
|upkeep
|turn|7
|inactive|m709lkjo has 120 seconds left.
|inactive|m709lkjo has 90 seconds left.
|
|t:|1769439666
|switch|p1a: NU|Scyther, F|100/100
|move|p2a: Gliscor|Knock Off|p1a: NU
|-crit|p1a: NU
|-damage|p1a: NU|71/100
|-enditem|p1a: NU|Eviolite|[from] move: Knock Off|[of] p2a: Gliscor
|
|-heal|p2a: Gliscor|100/100 tox|[from] ability: Poison Heal
|upkeep
|turn|8
|inactive|m709lkjo has 90 seconds left.
|inactive|velcrostuck has 120 seconds left.
|
|t:|1769439722
|move|p1a: NU|Swords Dance|p1a: NU
|-boost|p1a: NU|atk|2
|move|p2a: Gliscor|Toxic|p1a: NU
|-status|p1a: NU|tox
|
|-damage|p1a: NU|65/100 tox|[from] psn
|upkeep
|turn|9
|inactive|m709lkjo has 90 seconds left.
|
|t:|1769439738
|move|p1a: NU|Trailblaze|p2a: Gliscor
|-damage|p2a: Gliscor|59/100 tox
|-boost|p1a: NU|spe|1
|move|p2a: Gliscor|Knock Off|p1a: NU
|-damage|p1a: NU|44/100 tox
|
|-damage|p1a: NU|32/100 tox|[from] psn
|-heal|p2a: Gliscor|71/100 tox|[from] ability: Poison Heal
|upkeep
|turn|10
|inactive|velcrostuck has 90 seconds left.
|inactive|velcrostuck has 60 seconds left.
|
|t:|1769439794
|move|p1a: NU|Dual Wingbeat|p2a: Gliscor
|-damage|p2a: Gliscor|26/100 tox
|-crit|p2a: Gliscor
|-damage|p2a: Gliscor|0 fnt
|faint|p2a: Gliscor
|-hitcount|p2: Gliscor|2
|
|-damage|p1a: NU|14/100 tox|[from] psn
|upkeep
|
|t:|1769439802
|switch|p2a: Lokix|Lokix, F|100/100
|turn|11
|
|t:|1769439809
|switch|p1a: ZU|Drifblim, M|94/100 tox
|move|p2a: Lokix|First Impression|p1a: ZU
|-resisted|p1a: ZU
|-damage|p1a: ZU|76/100 tox
|
|-damage|p1a: ZU|70/100 tox|[from] psn
|upkeep
|turn|12
|inactive|velcrostuck has 60 seconds left.
|
|t:|1769439830
|switch|p2a: Ting-Lu|Ting-Lu|100/100
|-ability|p2a: Ting-Lu|Vessel of Ruin
|move|p1a: ZU|Will-O-Wisp|p2a: Ting-Lu
|-status|p2a: Ting-Lu|brn
|
|-damage|p1a: ZU|58/100 tox|[from] psn
|-damage|p2a: Ting-Lu|94/100 brn|[from] brn
|upkeep
|turn|13
|inactive|velcrostuck has 60 seconds left.
|
|t:|1769439839
|move|p1a: ZU|Knock Off|p2a: Ting-Lu
|-resisted|p2a: Ting-Lu
|-damage|p2a: Ting-Lu|89/100 brn
|-enditem|p2a: Ting-Lu|Leftovers|[from] move: Knock Off|[of] p1a: ZU
|move|p2a: Ting-Lu|Ruination|p1a: ZU
|-damage|p1a: ZU|29/100 tox
|
|-damage|p1a: ZU|11/100 tox|[from] psn
|-damage|p2a: Ting-Lu|83/100 brn|[from] brn
|upkeep
|turn|14
|
|t:|1769439848
|move|p1a: ZU|Strength Sap|p2a: Ting-Lu
|-unboost|p2a: Ting-Lu|atk|1
|-heal|p1a: ZU|61/100 tox
|move|p2a: Ting-Lu|Stealth Rock|p1a: ZU
|-sidestart|p1: m709lkjo|move: Stealth Rock
|
|-damage|p1a: ZU|37/100 tox|[from] psn
|-damage|p2a: Ting-Lu|77/100 brn|[from] brn
|upkeep
|turn|15
|inactive|m709lkjo has 120 seconds left.
|
|t:|1769439865
|move|p1a: ZU|Defog|p2a: Ting-Lu
|-unboost|p2a: Ting-Lu|evasion|1
|-sideend|p1: m709lkjo|Stealth Rock|[from] move: Defog|[of] p1a: ZU
|move|p2a: Ting-Lu|Ruination|p1a: ZU
|-damage|p1a: ZU|19/100 tox
|
|-damage|p1a: ZU|0 fnt|[from] psn
|faint|p1a: ZU
|-damage|p2a: Ting-Lu|71/100 brn|[from] brn
|upkeep
|inactive|m709lkjo has 120 seconds left.
|
|t:|1769439897
|switch|p1a: PU|Hariyama, F|100/100
|turn|16
|inactive|m709lkjo has 90 seconds left.
|
|t:|1769439917
|switch|p1a: NU|Scyther, F|14/100 tox
|move|p2a: Ting-Lu|Stealth Rock|p1a: NU
|-sidestart|p1: m709lkjo|move: Stealth Rock
|
|-damage|p1a: NU|8/100 tox|[from] psn
|-damage|p2a: Ting-Lu|64/100 brn|[from] brn
|upkeep
|turn|17
|
|t:|1769439925
|move|p1a: NU|Close Combat|p2a: Ting-Lu
|-supereffective|p2a: Ting-Lu
|-damage|p2a: Ting-Lu|23/100 brn
|-unboost|p1a: NU|def|1
|-unboost|p1a: NU|spd|1
|move|p2a: Ting-Lu|Ruination|p1a: NU
|-damage|p1a: NU|4/100 tox
|
|-damage|p1a: NU|0 fnt|[from] psn
|faint|p1a: NU
|-damage|p2a: Ting-Lu|16/100 brn|[from] brn
|upkeep
|inactive|m709lkjo has 90 seconds left.
|
|t:|1769439939
|switch|p1a: RU|Kleavor, F|100/100 psn
|-damage|p1a: RU|76/100 psn|[from] Stealth Rock
|turn|18
|
|t:|1769439948
|move|p1a: RU|Stone Axe|p2a: Ting-Lu
|-resisted|p2a: Ting-Lu
|-crit|p2a: Ting-Lu
|-damage|p2a: Ting-Lu|0 fnt
|-sidestart|p2: velcrostuck|move: Stealth Rock
|faint|p2a: Ting-Lu
|
|-damage|p1a: RU|63/100 psn|[from] psn
|upkeep
|
|t:|1769439955
|switch|p2a: Garganacl|Garganacl, F, shiny|100/100
|-damage|p2a: Garganacl|88/100|[from] Stealth Rock
|turn|19
|
|t:|1769439961
|switch|p1a: PU|Hariyama, F|100/100
|-damage|p1a: PU|94/100|[from] Stealth Rock
|move|p2a: Garganacl|Salt Cure|p1a: PU
|-resisted|p1a: PU
|-damage|p1a: PU|86/100
|-start|p1a: PU|Salt Cure
|
|-heal|p2a: Garganacl|94/100|[from] item: Leftovers
|-damage|p1a: PU|73/100|[from] Salt Cure
|upkeep
|turn|20
|inactive|velcrostuck has 90 seconds left.
|inactive|velcrostuck has 60 seconds left.
|
|t:|1769440019
|move|p2a: Garganacl|Protect|p2a: Garganacl
|-singleturn|p2a: Garganacl|Protect
|move|p1a: PU|Knock Off|p2a: Garganacl
|-activate|p2a: Garganacl|move: Protect
|
|-heal|p2a: Garganacl|100/100|[from] item: Leftovers
|-damage|p1a: PU|61/100|[from] Salt Cure
|upkeep
|turn|21
|
|t:|1769440027
|move|p1a: PU|Close Combat|p2a: Garganacl
|-supereffective|p2a: Garganacl
|-damage|p2a: Garganacl|14/100
|-unboost|p1a: PU|def|1
|-unboost|p1a: PU|spd|1
|move|p2a: Garganacl|Iron Defense|p2a: Garganacl
|-boost|p2a: Garganacl|def|2
|
|-heal|p2a: Garganacl|20/100|[from] item: Leftovers
|-damage|p1a: PU|49/100|[from] Salt Cure
|upkeep
|turn|22
|inactive|velcrostuck has 60 seconds left.
|inactive|m709lkjo has 120 seconds left.
|
|t:|1769440044
|switch|p1a: UU|Arcanine-Hisui, F|100/100
|move|p2a: Garganacl|Protect||[still]
|-fail|p2a: Garganacl
|
|-heal|p2a: Garganacl|26/100|[from] item: Leftovers
|upkeep
|turn|23
|inactive|m709lkjo has 120 seconds left.
|
|t:|1769440052
|move|p1a: UU|Head Smash|p2a: Garganacl
|-damage|p2a: Garganacl|0 fnt
|faint|p2a: Garganacl
|
|upkeep
|
|t:|1769440056
|switch|p2a: Latios|Latios, M|100/100
|-damage|p2a: Latios|88/100|[from] Stealth Rock
|turn|24
|
|t:|1769440061
|move|p2a: Latios|Surf|p1a: UU
|-supereffective|p1a: UU
|-damage|p1a: UU|0 fnt
|faint|p1a: UU
|
|upkeep
|
|t:|1769440066
|switch|p1a: RU|Kleavor, F|63/100 psn
|-damage|p1a: RU|39/100 psn|[from] Stealth Rock
|turn|25
|
|t:|1769440071
|move|p1a: RU|U-turn|p2a: Latios
|-supereffective|p2a: Latios
|-damage|p2a: Latios|0 fnt
|faint|p2a: Latios
|
|t:|1769440075
|switch|p1a: PU|Hariyama, F|49/100|[from] U-turn
|-damage|p1a: PU|43/100|[from] Stealth Rock
|
|upkeep
|
|t:|1769440079
|switch|p2a: Lokix|Lokix, F|100/100
|turn|26
|
|t:|1769440085
|-terastallize|p2a: Lokix|Bug
|move|p2a: Lokix|First Impression|p1a: PU
|-resisted|p1a: PU
|-damage|p1a: PU|0 fnt
|faint|p1a: PU
|
|upkeep
|
|t:|1769440089
|switch|p1a: RU|Kleavor, F|39/100 psn
|-damage|p1a: RU|14/100 psn|[from] Stealth Rock
|turn|27
|
|t:|1769440094
|move|p2a: Lokix|Sucker Punch|p1a: RU
|-damage|p1a: RU|0 fnt
|faint|p1a: RU
|
|win|velcrostuck
|raw|m709lkjo's rating: 1378 &rarr; <strong>1358</strong><br />(-20 for losing)
|raw|velcrostuck's rating: 1379 &rarr; <strong>1399</strong><br />(+20 for winning)
|c|☆m709lkjo|gg
|l|☆m709lkjo
|player|p1|
|l|☆velcrostuck
|player|p2|
