|j|☆Galarapio
|j|☆atharva9947
|t:|1769323658
|gametype|singles
|player|p1|Galarapio|265|1281
|player|p2|atharva9947|n|1286
|gen|9
|tier|[Gen 9] OU
|rated|
|rule|HP Percentage Mod: HP is shown in percentages
|rule|Endless Battle Clause: Forcing endless battles is banned
|rule|Species Clause: Limit one of each Pokémon
|rule|OHKO Clause: OHKO moves are banned
|rule|Evasion Items Clause: Evasion items are banned
|rule|Evasion Moves Clause: Evasion moves are banned
|rule|Evasion Abilities Clause: Evasion abilities are banned
|rule|Sleep Moves Clause: Sleep-inducing moves are banned
|clearpoke
|poke|p1|Indeedee, M|
|poke|p1|Armarouge, M|
|poke|p1|Hawlucha, M|
|poke|p1|Chansey, F|
|poke|p1|Corviknight, M|
|poke|p1|Clodsire, F|
|poke|p2|Great Tusk|
|poke|p2|Gholdengo|
|poke|p2|Pecharunt|
|poke|p2|Alomomola, M|
|poke|p2|Samurott-Hisui, F|
|poke|p2|Moltres|
|teampreview
|
|t:|1769323663
|teamsize|p1|6
|teamsize|p2|6
|start
|switch|p1a: Indeedee|Indeedee, M|100/100
|switch|p2a: Great Tusk|Great Tusk|100/100
|-fieldstart|move: Psychic Terrain|[from] ability: Psychic Surge|[of] p1a: Indeedee
|turn|1
|
|t:|1769323670
|-end|p2a: Great Tusk|Protosynthesis|[silent]
|switch|p2a: Samurott|Samurott-Hisui, F|100/100
|move|p1a: Indeedee|Expanding Force|p2a: Samurott
|-immune|p2a: Samurott
|
|upkeep
|turn|2
|
|t:|1769323674
|switch|p1a: Hawlucha|Hawlucha, M|100/100
|-enditem|p1a: Hawlucha|Psychic Seed
|-boost|p1a: Hawlucha|spd|1|[from] item: Psychic Seed
|move|p2a: Samurott|Ceaseless Edge|p1a: Hawlucha
|-resisted|p1a: Hawlucha
|-damage|p1a: Hawlucha|59/100
|-sidestart|p1: Galarapio|Spikes
|
|upkeep
|turn|3
|
|t:|1769323688
|switch|p2a: Pecharunt|Pecharunt|100/100
|move|p1a: Hawlucha|Close Combat|p2a: Pecharunt
|-immune|p2a: Pecharunt
|
|upkeep
|turn|4
|
|t:|1769323703
|switch|p1a: Chansey|Chansey, F|100/100
|-damage|p1a: Chansey|88/100|[from] Spikes
|move|p2a: Pecharunt|Shadow Ball|p1a: Chansey
|-immune|p1a: Chansey
|
|upkeep
|turn|5
|
|t:|1769323709
|move|p2a: Pecharunt|Parting Shot|p1a: Chansey
|-unboost|p1a: Chansey|atk|1
|-unboost|p1a: Chansey|spa|1
|
|t:|1769323719
|switch|p2a: Great Tusk|Great Tusk|100/100|[from] Parting Shot
|move|p1a: Chansey|Thunder Wave|p2a: Great Tusk
|-immune|p2a: Great Tusk
|
|upkeep
|turn|6
|
|t:|1769323728
|switch|p1a: Corviknight|Corviknight, M|100/100
|move|p2a: Great Tusk|Stealth Rock|p1a: Corviknight
|-sidestart|p1: Galarapio|move: Stealth Rock
|
|upkeep
|turn|7
|
|t:|1769323733
|-end|p2a: Great Tusk|Protosynthesis|[silent]
|switch|p2a: Moltres|Moltres|100/100
|move|p1a: Corviknight|Defog|p2a: Moltres
|-unboost|p2a: Moltres|evasion|1
|-sideend|p1: Galarapio|Spikes|[from] move: Defog|[of] p1a: Corviknight
|-sideend|p1: Galarapio|Stealth Rock|[from] move: Defog|[of] p1a: Corviknight
|-fieldend|move: Psychic Terrain
|
|upkeep
|turn|8
|
|t:|1769323742
|switch|p2a: Samurott|Samurott-Hisui, F|100/100
|switch|p1a: Chansey|Chansey, F|88/100
|
|upkeep
|turn|9
|
|t:|1769323748
|switch|p1a: Corviknight|Corviknight, M|100/100
|move|p2a: Samurott|Ceaseless Edge|p1a: Corviknight
|-damage|p1a: Corviknight|65/100
|-damage|p2a: Samurott|84/100|[from] item: Rocky Helmet|[of] p1a: Corviknight
|-sidestart|p1: Galarapio|Spikes
|
|upkeep
|turn|10
|
|t:|1769323756
|switch|p2a: Gholdengo|Gholdengo|100/100
|move|p1a: Corviknight|Roost|p1a: Corviknight
|-heal|p1a: Corviknight|100/100
|-singleturn|p1a: Corviknight|move: Roost
|
|upkeep
|turn|11
|
|t:|1769323765
|switch|p1a: Hawlucha|Hawlucha, M|59/100
|move|p2a: Gholdengo|Nasty Plot|p2a: Gholdengo
|-boost|p2a: Gholdengo|spa|2
|
|upkeep
|turn|12
|
|t:|1769323768
|move|p1a: Hawlucha|Throat Chop|p2a: Gholdengo
|-supereffective|p2a: Gholdengo
|-damage|p2a: Gholdengo|59/100
|-start|p2a: Gholdengo|Throat Chop|[silent]
|move|p2a: Gholdengo|Shadow Ball|p1a: Hawlucha
|-damage|p1a: Hawlucha|0 fnt
|faint|p1a: Hawlucha
|
|-heal|p2a: Gholdengo|65/100|[from] item: Leftovers
|upkeep
|
|t:|1769323808
|switch|p1a: Armarouge|Armarouge, M|100/100
|-damage|p1a: Armarouge|88/100|[from] Spikes
|turn|13
|
|t:|1769323815
|switch|p2a: Samurott|Samurott-Hisui, F|84/100
|move|p1a: Armarouge|Armor Cannon|p2a: Samurott
|-resisted|p2a: Samurott
|-damage|p2a: Samurott|37/100
|-unboost|p1a: Armarouge|def|1
|-unboost|p1a: Armarouge|spd|1
|
|upkeep
|turn|14
|
|t:|1769323828
|move|p1a: Armarouge|Endure|p1a: Armarouge
|-singleturn|p1a: Armarouge|move: Endure
|move|p2a: Samurott|Ceaseless Edge|p1a: Armarouge
|-supereffective|p1a: Armarouge
|-activate|p1a: Armarouge|move: Endure
|-damage|p1a: Armarouge|1/100
|-ability|p1a: Armarouge|Weak Armor|boost
|-unboost|p1a: Armarouge|def|1
|-boost|p1a: Armarouge|spe|2
|-enditem|p1a: Armarouge|Weakness Policy
|-boost|p1a: Armarouge|atk|2|[from] item: Weakness Policy
|-boost|p1a: Armarouge|spa|2|[from] item: Weakness Policy
|-sidestart|p1: Galarapio|Spikes
|
|upkeep
|turn|15
|
|t:|1769323840
|move|p2a: Samurott|Sucker Punch|p1a: Armarouge
|-supereffective|p1a: Armarouge
|-damage|p1a: Armarouge|0 fnt
|faint|p1a: Armarouge
|
|upkeep
|-message|Galarapio forfeited.
|
|win|atharva9947
|raw|Galarapio's rating: 1281 &rarr; <strong>1256</strong><br />(-25 for losing)
|raw|atharva9947's rating: 1286 &rarr; <strong>1311</strong><br />(+25 for winning)
|l|☆Galarapio
|player|p1|
|l|☆atharva9947
|player|p2|
