|j|☆pepinoloko
|j|☆mother3part2
|t:|1769438432
|gametype|singles
|player|p1|pepinoloko|byron|1584
|player|p2|mother3part2|102|1568
|gen|9
|tier|[Gen 9] OU
|rated|
|rule|HP Percentage Mod: HP is shown in percentages
|rule|Endless Battle Clause: Forcing endless battles is banned
|rule|Species Clause: Limit one of each Pokémon
|rule|OHKO Clause: OHKO moves are banned
|rule|Evasion Items Clause: Evasion items are banned
|rule|Evasion Moves Clause: Evasion moves are banned
|rule|Evasion Abilities Clause: Evasion abilities are banned
|rule|Sleep Moves Clause: Sleep-inducing moves are banned
|clearpoke
|poke|p1|Cinderace, M|
|poke|p1|Landorus-Therian, M|
|poke|p1|Conkeldurr, F|
|poke|p1|Toxapex, M|
|poke|p1|Zapdos|
|poke|p1|Grimmsnarl, M|
|poke|p2|Slowking-Galar, F|
|poke|p2|Tornadus-Therian, M|
|poke|p2|Cinderace, M|
|poke|p2|Lokix, F|
|poke|p2|Hydrapple, M|
|poke|p2|Great Tusk|
|teampreview
|j| RNGFallen
|inactive|Battle timer is ON: inactive players will automatically lose when time's up. (requested by pepinoloko)
|
|t:|1769438462
|teamsize|p1|6
|teamsize|p2|6
|start
|switch|p1a: Love has a name|Grimmsnarl, M|100/100
|switch|p2a: Great Tusk|Great Tusk|100/100
|turn|1
|
|t:|1769438478
|move|p1a: Love has a name|Trick|p2a: Great Tusk
|-activate|p1a: Love has a name|move: Trick|[of] p2a: Great Tusk
|-item|p2a: Great Tusk|Choice Scarf|[from] move: Trick
|-item|p1a: Love has a name|Rocky Helmet|[from] move: Trick
|move|p2a: Great Tusk|Stealth Rock|p1a: Love has a name
|-sidestart|p1: pepinoloko|move: Stealth Rock
|
|upkeep
|turn|2
|
|t:|1769438493
|-end|p2a: Great Tusk|Protosynthesis|[silent]
|switch|p2a: Cinderace|Cinderace, M|100/100
|move|p1a: Love has a name|Thunder Wave|p2a: Cinderace
|-status|p2a: Cinderace|par
|
|upkeep
|turn|3
|
|t:|1769438503
|move|p1a: Love has a name|Trick|p2a: Cinderace
|-activate|p1a: Love has a name|move: Trick|[of] p2a: Cinderace
|-item|p2a: Cinderace|Rocky Helmet|[from] move: Trick
|-item|p1a: Love has a name|Heavy-Duty Boots|[from] move: Trick
|move|p2a: Cinderace|Pyro Ball|p1a: Love has a name
|-damage|p1a: Love has a name|54/100
|
|upkeep
|turn|4
|
|t:|1769438509
|move|p1a: Love has a name|Parting Shot|p2a: Cinderace
|-unboost|p2a: Cinderace|atk|1
|-unboost|p2a: Cinderace|spa|1
|
|t:|1769438511
|switch|p1a: Quiet Desperation|Toxapex, M, shiny|100/100|[from] Parting Shot
|-damage|p1a: Quiet Desperation|88/100|[from] Stealth Rock
|move|p2a: Cinderace|Pyro Ball|p1a: Quiet Desperation
|-resisted|p1a: Quiet Desperation
|-damage|p1a: Quiet Desperation|76/100
|
|-heal|p1a: Quiet Desperation|82/100|[from] item: Leftovers
|upkeep
|turn|5
|
|t:|1769438517
|move|p2a: Cinderace|U-turn|p1a: Quiet Desperation
|-resisted|p1a: Quiet Desperation
|-damage|p1a: Quiet Desperation|77/100
|
|t:|1769438526
|switch|p2a: Slowking|Slowking-Galar, F|100/100|[from] U-turn
|move|p1a: Quiet Desperation|Infestation|p2a: Slowking
|-damage|p2a: Slowking|98/100
|-activate|p2a: Slowking|move: Infestation|[of] p1a: Quiet Desperation
|
|-heal|p1a: Quiet Desperation|84/100|[from] item: Leftovers
|-damage|p2a: Slowking|85/100|[from] move: Infestation|[partiallytrapped]
|upkeep
|turn|6
|
|t:|1769438533
|switch|p1a: U-Turn from sin|Cinderace, M|100/100
|-prepare|p2a: Slowking|Chilly Reception|[premajor]
|move|p2a: Slowking|Chilly Reception|p2a: Slowking
|-weather|Snowscape
|
|t:|1769438541
|switch|p2a: Great Tusk|Great Tusk|100/100|[from] Chilly Reception
|
|-weather|Snowscape|[upkeep]
|upkeep
|turn|7
|
|t:|1769438544
|switch|p1a: return to Him|Zapdos|100/100
|move|p2a: Great Tusk|Earthquake|p1a: return to Him
|-immune|p1a: return to Him
|
|-weather|Snowscape|[upkeep]
|upkeep
|turn|8
|
|t:|1769438559
|-end|p2a: Great Tusk|Protosynthesis|[silent]
|switch|p2a: Slowking|Slowking-Galar, F|100/100
|move|p1a: return to Him|U-turn|p2a: Slowking
|-damage|p2a: Slowking|90/100
|
|t:|1769438561
|switch|p1a: U-Turn from sin|Cinderace, M|100/100|[from] U-turn
|
|-weather|Snowscape|[upkeep]
|upkeep
|turn|9
|
|t:|1769438569
|move|p1a: U-Turn from sin|Pyro Ball|p2a: Slowking|[miss]
|-miss|p1a: U-Turn from sin|p2a: Slowking
|move|p2a: Slowking|Sludge Bomb|p1a: U-Turn from sin
|-damage|p1a: U-Turn from sin|50/100
|-status|p1a: U-Turn from sin|psn
|
|-weather|Snowscape|[upkeep]
|-damage|p1a: U-Turn from sin|38/100 psn|[from] psn
|upkeep
|turn|10
|
|t:|1769438572
|move|p1a: U-Turn from sin|Court Change|p1a: U-Turn from sin
|-start|p1a: U-Turn from sin|typechange|Normal|[from] ability: Libero
|-swapsideconditions
|-activate|p1a: U-Turn from sin|move: Court Change
|-prepare|p2a: Slowking|Chilly Reception|[premajor]
|move|p2a: Slowking|Chilly Reception|p2a: Slowking
|
|t:|1769438577
|switch|p2a: Great Tusk|Great Tusk|100/100|[from] Chilly Reception
|-damage|p2a: Great Tusk|97/100|[from] Stealth Rock
|
|-weather|none
|-damage|p1a: U-Turn from sin|26/100 psn|[from] psn
|upkeep
|turn|11
|
|t:|1769438581
|switch|p1a: Be free|Conkeldurr, F, shiny|100/100
|move|p2a: Great Tusk|Rapid Spin|p1a: Be free
|-damage|p1a: Be free|86/100
|-boost|p2a: Great Tusk|spe|1
|-sideend|p2: mother3part2|Stealth Rock|[from] move: Rapid Spin|[of] p2a: Great Tusk
|
|-status|p1a: Be free|brn|[from] item: Flame Orb
|upkeep
|turn|12
|
|t:|1769438599
|-end|p2a: Great Tusk|Protosynthesis|[silent]
|switch|p2a: Cinderace|Cinderace, M|100/100 par
|-terastallize|p1a: Be free|Fighting
|move|p1a: Be free|Close Combat|p2a: Cinderace
|-damage|p2a: Cinderace|0 fnt
|-unboost|p1a: Be free|def|1
|-unboost|p1a: Be free|spd|1
|-damage|p1a: Be free|70/100 brn|[from] item: Rocky Helmet|[of] p2a: Cinderace
|faint|p2a: Cinderace
|
|-damage|p1a: Be free|64/100 brn|[from] brn
|upkeep
|
|t:|1769438606
|switch|p2a: Lokix|Lokix, F|100/100
|turn|13
|
|t:|1769438609
|switch|p1a: return to Him|Zapdos|100/100
|move|p2a: Lokix|U-turn|p1a: return to Him
|-resisted|p1a: return to Him
|-damage|p1a: return to Him|63/100
|-status|p2a: Lokix|par|[from] ability: Static|[of] p1a: return to Him
|
|t:|1769438626
|switch|p2a: Slowking|Slowking-Galar, F|100/100|[from] U-turn
|
|upkeep
|turn|14
|
|t:|1769438634
|move|p1a: return to Him|U-turn|p2a: Slowking
|-damage|p2a: Slowking|91/100
|
|t:|1769438639
|switch|p1a: Quiet Desperation|Toxapex, M, shiny|100/100|[from] U-turn
|move|p2a: Slowking|Sludge Bomb|p1a: Quiet Desperation
|-resisted|p1a: Quiet Desperation
|-damage|p1a: Quiet Desperation|89/100
|
|-heal|p1a: Quiet Desperation|95/100|[from] item: Leftovers
|upkeep
|turn|15
|
|t:|1769438645
|switch|p1a: Be free|Conkeldurr, F, shiny, tera:Fighting|64/100 brn
|move|p2a: Slowking|Psychic Noise|p1a: Be free
|-supereffective|p1a: Be free
|-damage|p1a: Be free|0 fnt
|faint|p1a: Be free
|
|upkeep
|
|t:|1769438649
|switch|p1a: God is always good|Landorus-Therian, M|100/100
|-ability|p1a: God is always good|Intimidate|boost
|-unboost|p2a: Slowking|atk|1
|turn|16
|
|t:|1769438654
|move|p1a: God is always good|Stone Edge|p2a: Slowking
|-damage|p2a: Slowking|64/100
|-prepare|p2a: Slowking|Chilly Reception|[premajor]
|move|p2a: Slowking|Chilly Reception|p2a: Slowking
|-weather|Snowscape
|-message|pepinoloko forfeited.
|
|win|mother3part2
|raw|pepinoloko's rating: 1584 &rarr; <strong>1563</strong><br />(-21 for losing)
|raw|mother3part2's rating: 1568 &rarr; <strong>1589</strong><br />(+21 for winning)
|l|☆pepinoloko
|player|p1|
|l|☆mother3part2
|player|p2|
