|j|☆bearfirst8
|j|☆kyuremhardwin
|t:|1769414664
|gametype|singles
|player|p1|bearfirst8|1|1410
|player|p2|kyuremhardwin|265|1380
|gen|9
|tier|[Gen 9] OU
|rated|
|rule|HP Percentage Mod: HP is shown in percentages
|rule|Endless Battle Clause: Forcing endless battles is banned
|rule|Species Clause: Limit one of each Pokémon
|rule|OHKO Clause: OHKO moves are banned
|rule|Evasion Items Clause: Evasion items are banned
|rule|Evasion Moves Clause: Evasion moves are banned
|rule|Evasion Abilities Clause: Evasion abilities are banned
|rule|Sleep Moves Clause: Sleep-inducing moves are banned
|clearpoke
|poke|p1|Torkoal, M|
|poke|p1|Walking Wake|
|poke|p1|Great Tusk|
|poke|p1|Cresselia, F|
|poke|p1|Slither Wing|
|poke|p1|Kingambit, M|
|poke|p2|Kyurem|
|poke|p2|Blissey, F|
|poke|p2|Corviknight, M|
|poke|p2|Weezing-Galar, M|
|poke|p2|Alomomola, F|
|poke|p2|Cresselia, F|
|teampreview
|inactive|Battle timer is ON: inactive players will automatically lose when time's up. (requested by bearfirst8)
|
|t:|1769414690
|teamsize|p1|6
|teamsize|p2|6
|start
|switch|p1a: Torkoal|Torkoal, M|100/100
|switch|p2a: Cresselia|Cresselia, F|100/100
|-weather|SunnyDay|[from] ability: Drought|[of] p1a: Torkoal
|turn|1
|
|t:|1769414699
|move|p2a: Cresselia|Trick|p1a: Torkoal
|-activate|p2a: Cresselia|move: Trick|[of] p1a: Torkoal
|-item|p1a: Torkoal|Choice Scarf|[from] move: Trick
|-item|p2a: Cresselia|Heat Rock|[from] move: Trick
|move|p1a: Torkoal|Stealth Rock|p2a: Cresselia
|-sidestart|p2: kyuremhardwin|move: Stealth Rock
|
|-weather|SunnyDay|[upkeep]
|upkeep
|turn|2
|
|t:|1769414723
|switch|p1a: Slither Wing|Slither Wing, shiny|100/100
|-activate|p1a: Slither Wing|ability: Protosynthesis
|-start|p1a: Slither Wing|protosynthesisatk
|move|p2a: Cresselia|Thunder Wave|p1a: Slither Wing
|-status|p1a: Slither Wing|par
|
|-weather|SunnyDay|[upkeep]
|upkeep
|turn|3
|
|t:|1769414733
|switch|p2a: Corviknight|Corviknight, M|100/100
|-damage|p2a: Corviknight|88/100|[from] Stealth Rock
|-ability|p2a: Corviknight|Pressure
|move|p1a: Slither Wing|U-turn|p2a: Corviknight
|-resisted|p2a: Corviknight
|-damage|p2a: Corviknight|75/100
|
|t:|1769414741
|-end|p1a: Slither Wing|Protosynthesis|[silent]
|switch|p1a: Walking Wake|Walking Wake|100/100|[from] U-turn
|-activate|p1a: Walking Wake|ability: Protosynthesis
|-start|p1a: Walking Wake|protosynthesisspe
|
|-weather|SunnyDay|[upkeep]
|-heal|p2a: Corviknight|82/100|[from] item: Leftovers
|upkeep
|turn|4
|
|t:|1769414754
|switch|p2a: Alomomola|Alomomola, F|100/100
|-damage|p2a: Alomomola|88/100|[from] Stealth Rock
|move|p1a: Walking Wake|Flamethrower|p2a: Alomomola
|-resisted|p2a: Alomomola
|-damage|p2a: Alomomola|62/100
|
|-weather|SunnyDay|[upkeep]
|upkeep
|turn|5
|
|t:|1769414767
|-end|p1a: Walking Wake|Protosynthesis|[silent]
|switch|p1a: Cresselia|Cresselia, F|100/100
|move|p2a: Alomomola|Protect||[still]
|-fail|p2a: Alomomola
|
|-weather|SunnyDay|[upkeep]
|upkeep
|turn|6
|inactive|bearfirst8 has 120 seconds left.
|
|t:|1769414805
|move|p1a: Cresselia|Psychic|p2a: Alomomola
|-damage|p2a: Alomomola|42/100
|move|p2a: Alomomola|Flip Turn|p1a: Cresselia
|-damage|p1a: Cresselia|96/100
|
|t:|1769414810
|switch|p2a: Corviknight|Corviknight, M|82/100|[from] Flip Turn
|-damage|p2a: Corviknight|69/100|[from] Stealth Rock
|-ability|p2a: Corviknight|Pressure
|
|-weather|SunnyDay|[upkeep]
|-heal|p1a: Cresselia|100/100|[from] item: Leftovers
|-heal|p2a: Corviknight|75/100|[from] item: Leftovers
|upkeep
|turn|7
|inactive|bearfirst8 has 120 seconds left.
|
|t:|1769414823
|switch|p1a: Walking Wake|Walking Wake|100/100
|-activate|p1a: Walking Wake|ability: Protosynthesis
|-start|p1a: Walking Wake|protosynthesisspe
|move|p2a: Corviknight|Defog|p1a: Walking Wake
|-unboost|p1a: Walking Wake|evasion|1
|-sideend|p2: kyuremhardwin|Stealth Rock|[from] move: Defog|[of] p2a: Corviknight
|
|-weather|SunnyDay|[upkeep]
|-heal|p2a: Corviknight|82/100|[from] item: Leftovers
|upkeep
|turn|8
|
|t:|1769414831
|switch|p2a: Blissey|Blissey, F|100/100
|move|p1a: Walking Wake|Draco Meteor|p2a: Blissey
|-damage|p2a: Blissey|66/100
|-unboost|p1a: Walking Wake|spa|2
|
|-weather|none
|-end|p1a: Walking Wake|Protosynthesis
|-heal|p2a: Blissey|72/100|[from] item: Leftovers
|upkeep
|turn|9
|
|t:|1769414843
|-end|p1a: Walking Wake|Protosynthesis|[silent]
|switch|p1a: Slither Wing|Slither Wing, shiny|100/100 par
|switch|p2a: Kyurem|Kyurem|100/100
|-ability|p2a: Kyurem|Pressure
|
|upkeep
|turn|10
|
|t:|1769414850
|move|p2a: Kyurem|Substitute|p2a: Kyurem
|-start|p2a: Kyurem|Substitute
|-damage|p2a: Kyurem|75/100
|move|p1a: Slither Wing|U-turn|p2a: Kyurem
|-end|p2a: Kyurem|Substitute
|inactive|bearfirst8 has 120 seconds left.
|
|t:|1769414874
|-end|p1a: Slither Wing|Protosynthesis|[silent]
|switch|p1a: Walking Wake|Walking Wake|100/100|[from] U-turn
|
|-heal|p2a: Kyurem|82/100|[from] item: Leftovers
|upkeep
|turn|11
|inactive|bearfirst8 has 120 seconds left.
|
|t:|1769414884
|-end|p1a: Walking Wake|Protosynthesis|[silent]
|switch|p1a: Slither Wing|Slither Wing, shiny|100/100 par
|move|p2a: Kyurem|Protect||[still]
|-fail|p2a: Kyurem
|
|-heal|p2a: Kyurem|88/100|[from] item: Leftovers
|upkeep
|turn|12
|
|t:|1769414891
|move|p2a: Kyurem|Protect|p2a: Kyurem
|-singleturn|p2a: Kyurem|Protect
|cant|p1a: Slither Wing|par
|
|-heal|p2a: Kyurem|94/100|[from] item: Leftovers
|upkeep
|turn|13
|
|t:|1769414896
|move|p2a: Kyurem|Substitute|p2a: Kyurem
|-start|p2a: Kyurem|Substitute
|-damage|p2a: Kyurem|69/100
|move|p1a: Slither Wing|U-turn|p2a: Kyurem
|-end|p2a: Kyurem|Substitute
|inactive|bearfirst8 has 120 seconds left.
|
|t:|1769414934
|-end|p1a: Slither Wing|Protosynthesis|[silent]
|switch|p1a: Walking Wake|Walking Wake|100/100|[from] U-turn
|
|-heal|p2a: Kyurem|75/100|[from] item: Leftovers
|upkeep
|turn|14
|
|t:|1769414939
|move|p2a: Kyurem|Protect|p2a: Kyurem
|-singleturn|p2a: Kyurem|Protect
|move|p1a: Walking Wake|Draco Meteor|p2a: Kyurem
|-activate|p2a: Kyurem|move: Protect
|
|-heal|p2a: Kyurem|81/100|[from] item: Leftovers
|upkeep
|turn|15
|inactive|bearfirst8 has 120 seconds left.
|inactive|kyuremhardwin has 120 seconds left.
|
|t:|1769414977
|-end|p1a: Walking Wake|Protosynthesis|[silent]
|switch|p1a: Slither Wing|Slither Wing, shiny|100/100 par
|switch|p2a: Blissey|Blissey, F|72/100
|
|-heal|p2a: Blissey|78/100|[from] item: Leftovers
|upkeep
|turn|16
|
|t:|1769414981
|switch|p2a: Alomomola|Alomomola, F|76/100
|move|p1a: Slither Wing|U-turn|p2a: Alomomola
|-damage|p2a: Alomomola|34/100
|-damage|p1a: Slither Wing|84/100 par|[from] item: Rocky Helmet|[of] p2a: Alomomola
|inactive|bearfirst8 has 120 seconds left.
|inactive|bearfirst8 has 90 seconds left.
|
|t:|1769415025
|-end|p1a: Slither Wing|Protosynthesis|[silent]
|switch|p1a: Walking Wake|Walking Wake|100/100|[from] U-turn
|
|upkeep
|turn|17
|
|t:|1769415028
|move|p2a: Alomomola|Protect|p2a: Alomomola
|-singleturn|p2a: Alomomola|Protect
|move|p1a: Walking Wake|Dragon Pulse|p2a: Alomomola
|-activate|p2a: Alomomola|move: Protect
|
|upkeep
|turn|18
|
|t:|1769415034
|switch|p2a: Weezing|Weezing-Galar, M|100/100
|-ability|p2a: Weezing|Neutralizing Gas
|move|p1a: Walking Wake|Dragon Pulse|p2a: Weezing
|-immune|p2a: Weezing
|
|upkeep
|turn|19
|
|t:|1769415039
|-end|p1a: Walking Wake|Protosynthesis|[silent]
|switch|p1a: Torkoal|Torkoal, M|100/100
|-end|p2a: Weezing|ability: Neutralizing Gas
|-weather|SunnyDay|[from] ability: Drought|[of] p1a: Torkoal
|switch|p2a: Blissey|Blissey, F|78/100
|
|-weather|SunnyDay|[upkeep]
|-heal|p2a: Blissey|84/100|[from] item: Leftovers
|upkeep
|turn|20
|inactive|bearfirst8 has 120 seconds left.
|
|t:|1769415072
|switch|p2a: Weezing|Weezing-Galar, M|100/100
|-ability|p2a: Weezing|Neutralizing Gas
|move|p1a: Torkoal|Stealth Rock|p2a: Weezing
|-sidestart|p2: kyuremhardwin|move: Stealth Rock
|
|-weather|SunnyDay|[upkeep]
|upkeep
|turn|21
|
|t:|1769415082
|move|p2a: Weezing|Defog|p1a: Torkoal
|-unboost|p1a: Torkoal|evasion|1
|-sideend|p2: kyuremhardwin|Stealth Rock|[from] move: Defog|[of] p2a: Weezing
|move|p1a: Torkoal|Stealth Rock|p2a: Weezing
|-sidestart|p2: kyuremhardwin|move: Stealth Rock
|
|-weather|SunnyDay|[upkeep]
|upkeep
|turn|22
|
|t:|1769415089
|switch|p1a: Walking Wake|Walking Wake|100/100
|move|p2a: Weezing|Defog|p1a: Walking Wake
|-unboost|p1a: Walking Wake|evasion|1
|-sideend|p2: kyuremhardwin|Stealth Rock|[from] move: Defog|[of] p2a: Weezing
|
|-weather|SunnyDay|[upkeep]
|upkeep
|turn|23
|
|t:|1769415095
|-end|p2a: Weezing|ability: Neutralizing Gas
|-activate|p1a: Walking Wake|ability: Protosynthesis
|-start|p1a: Walking Wake|protosynthesisspe
|switch|p2a: Blissey|Blissey, F|84/100
|move|p1a: Walking Wake|Hydro Steam|p2a: Blissey
|-damage|p2a: Blissey|56/100
|
|-weather|none
|-end|p1a: Walking Wake|Protosynthesis
|-heal|p2a: Blissey|62/100|[from] item: Leftovers
|upkeep
|turn|24
|inactive|bearfirst8 has 120 seconds left.
|
|t:|1769415121
|-end|p1a: Walking Wake|Protosynthesis|[silent]
|switch|p1a: Torkoal|Torkoal, M|100/100
|-weather|SunnyDay|[from] ability: Drought|[of] p1a: Torkoal
|move|p2a: Blissey|Shadow Ball|p1a: Torkoal
|-damage|p1a: Torkoal|87/100
|
|-weather|SunnyDay|[upkeep]
|-heal|p2a: Blissey|68/100|[from] item: Leftovers
|upkeep
|turn|25
|
|t:|1769415131
|switch|p2a: Corviknight|Corviknight, M|82/100
|-ability|p2a: Corviknight|Pressure
|move|p1a: Torkoal|Earthquake|p2a: Corviknight
|-immune|p2a: Corviknight
|
|-weather|SunnyDay|[upkeep]
|-heal|p2a: Corviknight|88/100|[from] item: Leftovers
|upkeep
|turn|26
|
|t:|1769415139
|move|p2a: Corviknight|U-turn|p1a: Torkoal
|-resisted|p1a: Torkoal
|-damage|p1a: Torkoal|82/100
|
|t:|1769415143
|switch|p2a: Cresselia|Cresselia, F|100/100|[from] U-turn
|move|p1a: Torkoal|Earthquake|p2a: Cresselia
|-immune|p2a: Cresselia|[from] ability: Levitate
|
|-weather|SunnyDay|[upkeep]
|upkeep
|turn|27
|
|t:|1769415150
|switch|p1a: Cresselia|Cresselia, F|100/100
|move|p2a: Cresselia|Thunder Wave|p1a: Cresselia|[miss]
|-miss|p2a: Cresselia|p1a: Cresselia
|
|-weather|SunnyDay|[upkeep]
|upkeep
|turn|28
|inactive|bearfirst8 has 120 seconds left.
|
|t:|1769415160
|switch|p1a: Torkoal|Torkoal, M|82/100
|move|p2a: Cresselia|Trick|p1a: Torkoal
|-activate|p2a: Cresselia|move: Trick|[of] p1a: Torkoal
|-item|p1a: Torkoal|Heat Rock|[from] move: Trick
|-item|p2a: Cresselia|Choice Scarf|[from] move: Trick
|
|-weather|none
|upkeep
|turn|29
|inactive|bearfirst8 has 120 seconds left.
|inactive|bearfirst8 has 90 seconds left.
|
|t:|1769415207
|move|p2a: Cresselia|Thunder Wave|p1a: Torkoal
|-status|p1a: Torkoal|par
|move|p1a: Torkoal|Lava Plume|p2a: Cresselia
|-damage|p2a: Cresselia|84/100
|
|upkeep
|turn|30
|inactive|bearfirst8 has 90 seconds left.
|
|t:|1769415216
|switch|p2a: Alomomola|Alomomola, F|67/100
|move|p1a: Torkoal|Lava Plume|p2a: Alomomola
|-resisted|p2a: Alomomola
|-damage|p2a: Alomomola|56/100
|
|upkeep
|turn|31
|
|t:|1769415224
|switch|p1a: Cresselia|Cresselia, F|100/100
|move|p2a: Alomomola|Flip Turn|p1a: Cresselia
|-damage|p1a: Cresselia|92/100
|
|t:|1769415230
|switch|p2a: Cresselia|Cresselia, F|84/100|[from] Flip Turn
|
|-heal|p1a: Cresselia|98/100|[from] item: Leftovers
|upkeep
|turn|32
|
|t:|1769415236
|switch|p1a: Torkoal|Torkoal, M|82/100 par
|-weather|SunnyDay|[from] ability: Drought|[of] p1a: Torkoal
|move|p2a: Cresselia|Trick|p1a: Torkoal
|-activate|p2a: Cresselia|move: Trick|[of] p1a: Torkoal
|-item|p1a: Torkoal|Choice Scarf|[from] move: Trick
|-item|p2a: Cresselia|Heat Rock|[from] move: Trick
|
|-weather|SunnyDay|[upkeep]
|upkeep
|turn|33
|
|t:|1769415251
|switch|p2a: Weezing|Weezing-Galar, M|100/100
|-ability|p2a: Weezing|Neutralizing Gas
|cant|p1a: Torkoal|par
|
|-weather|SunnyDay|[upkeep]
|upkeep
|turn|34
|
|t:|1769415262
|-end|p2a: Weezing|ability: Neutralizing Gas
|switch|p2a: Kyurem|Kyurem|81/100
|-ability|p2a: Kyurem|Pressure
|cant|p1a: Torkoal|par
|
|-weather|SunnyDay|[upkeep]
|-heal|p2a: Kyurem|88/100|[from] item: Leftovers
|upkeep
|turn|35
|
|t:|1769415277
|move|p2a: Kyurem|Substitute|p2a: Kyurem
|-start|p2a: Kyurem|Substitute
|-damage|p2a: Kyurem|63/100
|move|p1a: Torkoal|Lava Plume|p2a: Kyurem
|-end|p2a: Kyurem|Substitute
|
|-weather|SunnyDay|[upkeep]
|-heal|p2a: Kyurem|69/100|[from] item: Leftovers
|upkeep
|turn|36
|
|t:|1769415283
|move|p2a: Kyurem|Protect|p2a: Kyurem
|-singleturn|p2a: Kyurem|Protect
|cant|p1a: Torkoal|par
|
|-weather|SunnyDay|[upkeep]
|-heal|p2a: Kyurem|75/100|[from] item: Leftovers
|upkeep
|turn|37
|
|t:|1769415288
|move|p2a: Kyurem|Substitute|p2a: Kyurem
|-start|p2a: Kyurem|Substitute
|-damage|p2a: Kyurem|50/100
|move|p1a: Torkoal|Lava Plume|p2a: Kyurem
|-end|p2a: Kyurem|Substitute
|
|-weather|SunnyDay|[upkeep]
|-heal|p2a: Kyurem|56/100|[from] item: Leftovers
|upkeep
|turn|38
|
|t:|1769415295
|move|p2a: Kyurem|Protect|p2a: Kyurem
|-singleturn|p2a: Kyurem|Protect
|move|p1a: Torkoal|Lava Plume|p2a: Kyurem
|-activate|p2a: Kyurem|move: Protect
|
|-weather|SunnyDay|[upkeep]
|-heal|p2a: Kyurem|62/100|[from] item: Leftovers
|upkeep
|turn|39
|
|t:|1769415298
|move|p2a: Kyurem|Substitute|p2a: Kyurem
|-start|p2a: Kyurem|Substitute
|-damage|p2a: Kyurem|37/100
|move|p1a: Torkoal|Lava Plume|p2a: Kyurem
|-end|p2a: Kyurem|Substitute
|
|-weather|none
|-heal|p2a: Kyurem|44/100|[from] item: Leftovers
|upkeep
|turn|40
|
|t:|1769415314
|switch|p1a: Slither Wing|Slither Wing, shiny|84/100 par
|move|p2a: Kyurem|Protect||[still]
|-fail|p2a: Kyurem
|
|-heal|p2a: Kyurem|50/100|[from] item: Leftovers
|upkeep
|turn|41
|
|t:|1769415318
|move|p2a: Kyurem|Protect|p2a: Kyurem
|-singleturn|p2a: Kyurem|Protect
|move|p1a: Slither Wing|First Impression|p2a: Kyurem
|-activate|p2a: Kyurem|move: Protect
|
|-heal|p2a: Kyurem|56/100|[from] item: Leftovers
|upkeep
|turn|42
|
|t:|1769415338
|-end|p1a: Slither Wing|Protosynthesis|[silent]
|switch|p1a: Cresselia|Cresselia, F|98/100
|move|p2a: Kyurem|Substitute|p2a: Kyurem
|-start|p2a: Kyurem|Substitute
|-damage|p2a: Kyurem|31/100
|
|-heal|p2a: Kyurem|37/100|[from] item: Leftovers
|-heal|p1a: Cresselia|100/100|[from] item: Leftovers
|upkeep
|turn|43
|
|t:|1769415344
|move|p2a: Kyurem|Protect|p2a: Kyurem
|-singleturn|p2a: Kyurem|Protect
|move|p1a: Cresselia|Psychic|p2a: Kyurem
|-activate|p2a: Kyurem|move: Protect
|
|-heal|p2a: Kyurem|43/100|[from] item: Leftovers
|upkeep
|turn|44
|
|t:|1769415350
|move|p2a: Kyurem|Freeze-Dry|p1a: Cresselia
|-damage|p1a: Cresselia|79/100
|move|p1a: Cresselia|Psychic|p2a: Kyurem
|-activate|p2a: Kyurem|move: Substitute|[damage]
|
|-heal|p2a: Kyurem|50/100|[from] item: Leftovers
|-heal|p1a: Cresselia|85/100|[from] item: Leftovers
|upkeep
|turn|45
|
|t:|1769415363
|switch|p1a: Great Tusk|Great Tusk|100/100
|move|p2a: Kyurem|Protect||[still]
|-fail|p2a: Kyurem
|
|-heal|p2a: Kyurem|56/100|[from] item: Leftovers
|upkeep
|turn|46
|
|t:|1769415369
|move|p2a: Kyurem|Protect|p2a: Kyurem
|-singleturn|p2a: Kyurem|Protect
|move|p1a: Great Tusk|Ice Spinner|p2a: Kyurem
|-activate|p2a: Kyurem|move: Protect
|
|-heal|p2a: Kyurem|62/100|[from] item: Leftovers
|upkeep
|turn|47
|
|t:|1769415374
|move|p2a: Kyurem|Freeze-Dry|p1a: Great Tusk
|-supereffective|p1a: Great Tusk
|-damage|p1a: Great Tusk|11/100
|move|p1a: Great Tusk|Ice Spinner|p2a: Kyurem
|-end|p2a: Kyurem|Substitute
|
|-heal|p2a: Kyurem|68/100|[from] item: Leftovers
|upkeep
|turn|48
|
|t:|1769415380
|move|p2a: Kyurem|Protect|p2a: Kyurem
|-singleturn|p2a: Kyurem|Protect
|move|p1a: Great Tusk|Stealth Rock|p2a: Kyurem
|-sidestart|p2: kyuremhardwin|move: Stealth Rock
|
|-heal|p2a: Kyurem|74/100|[from] item: Leftovers
|upkeep
|turn|49
|
|t:|1769415390
|move|p2a: Kyurem|Freeze-Dry|p1a: Great Tusk
|-supereffective|p1a: Great Tusk
|-damage|p1a: Great Tusk|0 fnt
|faint|p1a: Great Tusk
|-end|p1a: Great Tusk|Protosynthesis|[silent]
|
|-heal|p2a: Kyurem|80/100|[from] item: Leftovers
|upkeep
|
|t:|1769415393
|switch|p1a: Slither Wing|Slither Wing, shiny|84/100 par
|turn|50
|
|t:|1769415396
|move|p2a: Kyurem|Protect|p2a: Kyurem
|-singleturn|p2a: Kyurem|Protect
|move|p1a: Slither Wing|U-turn|p2a: Kyurem
|-activate|p2a: Kyurem|move: Protect
|
|-heal|p2a: Kyurem|87/100|[from] item: Leftovers
|upkeep
|turn|51
|
|t:|1769415401
|move|p2a: Kyurem|Substitute|p2a: Kyurem
|-start|p2a: Kyurem|Substitute
|-damage|p2a: Kyurem|62/100
|move|p1a: Slither Wing|U-turn|p2a: Kyurem
|-end|p2a: Kyurem|Substitute
|
|t:|1769415409
|-end|p1a: Slither Wing|Protosynthesis|[silent]
|switch|p1a: Kingambit|Kingambit, M|100/100|[from] U-turn
|-activate|p1a: Kingambit|ability: Supreme Overlord
|-start|p1a: Kingambit|fallen1|[silent]
|
|-heal|p2a: Kyurem|68/100|[from] item: Leftovers
|upkeep
|turn|52
|
|t:|1769415417
|-terastallize|p2a: Kyurem|Ground
|move|p2a: Kyurem|Earth Power|p1a: Kingambit
|-supereffective|p1a: Kingambit
|-damage|p1a: Kingambit|0 fnt
|faint|p1a: Kingambit
|-end|p1a: Kingambit|fallen1|[silent]
|
|-heal|p2a: Kyurem|74/100|[from] item: Leftovers
|upkeep
|
|t:|1769415424
|switch|p1a: Torkoal|Torkoal, M|82/100 par
|-weather|SunnyDay|[from] ability: Drought|[of] p1a: Torkoal
|turn|53
|
|t:|1769415436
|move|p2a: Kyurem|Substitute|p2a: Kyurem
|-start|p2a: Kyurem|Substitute
|-damage|p2a: Kyurem|49/100
|cant|p1a: Torkoal|par
|
|-weather|SunnyDay|[upkeep]
|-heal|p2a: Kyurem|55/100|[from] item: Leftovers
|upkeep
|turn|54
|
|t:|1769415441
|move|p2a: Kyurem|Protect|p2a: Kyurem
|-singleturn|p2a: Kyurem|Protect
|move|p1a: Torkoal|Lava Plume|p2a: Kyurem
|-activate|p2a: Kyurem|move: Protect
|
|-weather|SunnyDay|[upkeep]
|-heal|p2a: Kyurem|61/100|[from] item: Leftovers
|upkeep
|turn|55
|
|t:|1769415446
|move|p2a: Kyurem|Earth Power|p1a: Torkoal
|-supereffective|p1a: Torkoal
|-damage|p1a: Torkoal|4/100 par
|cant|p1a: Torkoal|par
|
|-weather|SunnyDay|[upkeep]
|-heal|p2a: Kyurem|68/100|[from] item: Leftovers
|upkeep
|turn|56
|
|t:|1769415452
|move|p2a: Kyurem|Freeze-Dry|p1a: Torkoal
|-resisted|p1a: Torkoal
|-damage|p1a: Torkoal|0 fnt
|faint|p1a: Torkoal
|
|-weather|SunnyDay|[upkeep]
|-heal|p2a: Kyurem|74/100|[from] item: Leftovers
|upkeep
|-message|bearfirst8 forfeited.
|
|win|kyuremhardwin
|raw|bearfirst8's rating: 1410 &rarr; <strong>1388</strong><br />(-22 for losing)
|raw|kyuremhardwin's rating: 1380 &rarr; <strong>1402</strong><br />(+22 for winning)
|l|☆bearfirst8
|player|p1|
|l|☆kyuremhardwin
|player|p2|
