|j|☆NoobishTrainerJoe
|j|☆JoltStrike966
|t:|1769293735
|gametype|singles
|player|p1|NoobishTrainerJoe|kurt|
|player|p2|JoltStrike966|blue|
|gen|9
|tier|[Gen 9] OU
|rule|HP Percentage Mod: HP is shown in percentages
|rule|Endless Battle Clause: Forcing endless battles is banned
|rule|Species Clause: Limit one of each Pokémon
|rule|OHKO Clause: OHKO moves are banned
|rule|Evasion Items Clause: Evasion items are banned
|rule|Evasion Moves Clause: Evasion moves are banned
|rule|Evasion Abilities Clause: Evasion abilities are banned
|rule|Sleep Moves Clause: Sleep-inducing moves are banned
|clearpoke
|poke|p1|Iron Valiant|
|poke|p1|Excadrill, M|
|poke|p1|Tyranitar, M|
|poke|p1|Tornadus-Therian, M|
|poke|p1|Ogerpon-Cornerstone, F|
|poke|p1|Toxapex, M|
|poke|p2|Glimmora, F|
|poke|p2|Cinderace, M|
|poke|p2|Ogerpon-Wellspring, F|
|poke|p2|Gliscor, F|
|poke|p2|Corviknight, M|
|poke|p2|Dragonite, F|
|teampreview
|inactive|Battle timer is ON: inactive players will automatically lose when time's up. (requested by JoltStrike966)
|c|☆NoobishTrainerJoe|gl hf
|c|☆JoltStrike966|you too
|inactive|NoobishTrainerJoe has 270 seconds left.
|inactive|NoobishTrainerJoe has 240 seconds left.
|
|t:|1769293817
|teamsize|p1|6
|teamsize|p2|6
|start
|switch|p1a: Tyranitar|Tyranitar, M, shiny|100/100
|switch|p2a: Glimmora|Glimmora, F|100/100
|-weather|Sandstorm|[from] ability: Sand Stream|[of] p1a: Tyranitar
|turn|1
|inactive|NoobishTrainerJoe has 270 seconds left.
|
|t:|1769293841
|switch|p1a: Toxapex|Toxapex, M, shiny|100/100
|move|p2a: Glimmora|Stealth Rock|p1a: Toxapex
|-sidestart|p1: NoobishTrainerJoe|move: Stealth Rock
|
|-weather|Sandstorm|[upkeep]
|-damage|p1a: Toxapex|95/100|[from] Sandstorm
|upkeep
|turn|2
|
|t:|1769293854
|switch|p2a: Gliscor|Gliscor, F|100/100
|move|p1a: Toxapex|Toxic Spikes|p2a: Gliscor
|-sidestart|p2: JoltStrike966|move: Toxic Spikes
|
|-weather|Sandstorm|[upkeep]
|-damage|p1a: Toxapex|89/100|[from] Sandstorm
|-status|p2a: Gliscor|tox|[from] item: Toxic Orb
|upkeep
|turn|3
|inactive|NoobishTrainerJoe has 270 seconds left.
|
|t:|1769293883
|switch|p1a: Iron Valiant|Iron Valiant, shiny|100/100
|-damage|p1a: Iron Valiant|94/100|[from] Stealth Rock
|move|p2a: Gliscor|Earthquake|p1a: Iron Valiant
|-damage|p1a: Iron Valiant|50/100
|
|-weather|Sandstorm|[upkeep]
|-damage|p1a: Iron Valiant|43/100|[from] Sandstorm
|upkeep
|turn|4
|
|t:|1769293901
|move|p1a: Iron Valiant|Moonblast|p2a: Gliscor
|-damage|p2a: Gliscor|16/100 tox
|move|p2a: Gliscor|Earthquake|p1a: Iron Valiant
|-damage|p1a: Iron Valiant|0 fnt
|faint|p1a: Iron Valiant
|-end|p1a: Iron Valiant|Quark Drive|[silent]
|
|-weather|Sandstorm|[upkeep]
|-heal|p2a: Gliscor|29/100 tox|[from] ability: Poison Heal
|upkeep
|
|t:|1769293914
|switch|p1a: Tyranitar|Tyranitar, M, shiny|100/100
|-damage|p1a: Tyranitar|88/100|[from] Stealth Rock
|turn|5
|
|t:|1769293922
|move|p2a: Gliscor|U-turn|p1a: Tyranitar
|-supereffective|p1a: Tyranitar
|-damage|p1a: Tyranitar|59/100
|
|t:|1769293925
|switch|p2a: Glimmora|Glimmora, F|100/100|[from] U-turn
|-sideend|p2: JoltStrike966|move: Toxic Spikes|[of] p2a: Glimmora
|move|p1a: Tyranitar|Stealth Rock|p2a: Glimmora
|-sidestart|p2: JoltStrike966|move: Stealth Rock
|
|-weather|Sandstorm|[upkeep]
|upkeep
|turn|6
|inactive|NoobishTrainerJoe has 270 seconds left.
|
|t:|1769293936
|switch|p1a: Excadrill|Excadrill, M, shiny|100/100
|-damage|p1a: Excadrill|97/100|[from] Stealth Rock
|move|p2a: Glimmora|Mortal Spin|p1a: Excadrill
|-immune|p1a: Excadrill
|
|-weather|Sandstorm|[upkeep]
|-heal|p1a: Excadrill|100/100|[from] item: Leftovers
|upkeep
|turn|7
|inactive|NoobishTrainerJoe has 270 seconds left.
|
|t:|1769293946
|move|p1a: Excadrill|Substitute|p1a: Excadrill
|-start|p1a: Excadrill|Substitute
|-damage|p1a: Excadrill|76/100
|move|p2a: Glimmora|Earth Power|p1a: Excadrill
|-supereffective|p1a: Excadrill
|-end|p1a: Excadrill|Substitute
|
|-weather|Sandstorm|[upkeep]
|-heal|p1a: Excadrill|82/100|[from] item: Leftovers
|upkeep
|turn|8
|inactive|NoobishTrainerJoe has 270 seconds left.
|
|t:|1769293967
|-terastallize|p1a: Excadrill|Ground
|move|p1a: Excadrill|Rapid Spin|p2a: Glimmora
|-resisted|p2a: Glimmora
|-damage|p2a: Glimmora|88/100
|-boost|p1a: Excadrill|spe|1
|-activate|p2a: Glimmora|ability: Toxic Debris
|-sidestart|p1: NoobishTrainerJoe|move: Toxic Spikes
|-sideend|p1: NoobishTrainerJoe|Toxic Spikes|[from] move: Rapid Spin|[of] p1a: Excadrill
|-sideend|p1: NoobishTrainerJoe|Stealth Rock|[from] move: Rapid Spin|[of] p1a: Excadrill
|move|p2a: Glimmora|Earth Power|p1a: Excadrill
|-crit|p1a: Excadrill
|-damage|p1a: Excadrill|21/100
|
|-weather|none
|-heal|p1a: Excadrill|27/100|[from] item: Leftovers
|upkeep
|turn|9
|
|t:|1769293988
|move|p1a: Excadrill|Rock Slide|p2a: Glimmora
|-damage|p2a: Glimmora|52/100
|-activate|p2a: Glimmora|ability: Toxic Debris
|-sidestart|p1: NoobishTrainerJoe|move: Toxic Spikes
|move|p2a: Glimmora|Mortal Spin|p1a: Excadrill
|-resisted|p1a: Excadrill
|-damage|p1a: Excadrill|23/100
|-status|p1a: Excadrill|psn
|-sideend|p2: JoltStrike966|Stealth Rock|[from] move: Mortal Spin|[of] p2a: Glimmora
|
|-heal|p1a: Excadrill|29/100 psn|[from] item: Leftovers
|-damage|p1a: Excadrill|17/100 psn|[from] psn
|upkeep
|turn|10
|
|t:|1769294004
|-terastallize|p2a: Glimmora|Ghost
|move|p1a: Excadrill|Rapid Spin|p2a: Glimmora
|-immune|p2a: Glimmora
|move|p2a: Glimmora|Stealth Rock|p1a: Excadrill
|-sidestart|p1: NoobishTrainerJoe|move: Stealth Rock
|
|-heal|p1a: Excadrill|23/100 psn|[from] item: Leftovers
|-damage|p1a: Excadrill|10/100 psn|[from] psn
|upkeep
|turn|11
|
|t:|1769294010
|move|p1a: Excadrill|Earthquake|p2a: Glimmora
|-damage|p2a: Glimmora|0 fnt
|-activate|p2a: Glimmora|ability: Toxic Debris
|-sidestart|p1: NoobishTrainerJoe|move: Toxic Spikes
|faint|p2a: Glimmora
|
|-heal|p1a: Excadrill|17/100 psn|[from] item: Leftovers
|-damage|p1a: Excadrill|4/100 psn|[from] psn
|upkeep
|
|t:|1769294016
|switch|p2a: Cinderace|Cinderace, M|100/100
|turn|12
|
|t:|1769294022
|move|p1a: Excadrill|Rapid Spin|p2a: Cinderace
|-damage|p2a: Cinderace|71/100
|-boost|p1a: Excadrill|spe|1
|-sideend|p1: NoobishTrainerJoe|Toxic Spikes|[from] move: Rapid Spin|[of] p1a: Excadrill
|-sideend|p1: NoobishTrainerJoe|Stealth Rock|[from] move: Rapid Spin|[of] p1a: Excadrill
|move|p2a: Cinderace|High Jump Kick|p1a: Excadrill
|-start|p2a: Cinderace|typechange|Fighting|[from] ability: Libero
|-damage|p1a: Excadrill|0 fnt
|faint|p1a: Excadrill
|
|upkeep
|
|t:|1769294031
|switch|p1a: Tornadus|Tornadus-Therian, M, shiny|100/100
|turn|13
|inactive|NoobishTrainerJoe has 270 seconds left.
|
|t:|1769294056
|switch|p2a: Corviknight|Corviknight, M|100/100
|-ability|p2a: Corviknight|Pressure
|move|p1a: Tornadus|Bleakwind Storm|p2a: Corviknight
|-resisted|p2a: Corviknight
|-damage|p2a: Corviknight|65/100
|-unboost|p2a: Corviknight|spe|1
|
|upkeep
|turn|14
|
|t:|1769294071
|switch|p1a: Tyranitar|Tyranitar, M, shiny|59/100
|-weather|Sandstorm|[from] ability: Sand Stream|[of] p1a: Tyranitar
|switch|p2a: Dragonite|Dragonite, F|100/100
|
|-weather|Sandstorm|[upkeep]
|-damage|p2a: Dragonite|94/100|[from] Sandstorm
|upkeep
|turn|15
|
|t:|1769294079
|move|p2a: Dragonite|Dragon Dance|p2a: Dragonite
|-boost|p2a: Dragonite|atk|1
|-boost|p2a: Dragonite|spe|1
|move|p1a: Tyranitar|Ice Punch|p2a: Dragonite
|-supereffective|p2a: Dragonite
|-damage|p2a: Dragonite|0 fnt
|faint|p2a: Dragonite
|
|-weather|Sandstorm|[upkeep]
|upkeep
|
|t:|1769294084
|switch|p2a: Cinderace|Cinderace, M|71/100
|turn|16
|
|t:|1769294087
|switch|p1a: Toxapex|Toxapex, M, shiny|100/100
|move|p2a: Cinderace|High Jump Kick|p1a: Toxapex
|-start|p2a: Cinderace|typechange|Fighting|[from] ability: Libero
|-resisted|p1a: Toxapex
|-crit|p1a: Toxapex
|-damage|p1a: Toxapex|67/100
|-enditem|p1a: Toxapex|Eject Button
|
|t:|1769294093
|switch|p1a: Tornadus|Tornadus-Therian, M, shiny|100/100
|
|-weather|Sandstorm|[upkeep]
|-damage|p1a: Tornadus|94/100|[from] Sandstorm
|-damage|p2a: Cinderace|65/100|[from] Sandstorm
|upkeep
|turn|17
|
|t:|1769294104
|switch|p2a: Corviknight|Corviknight, M|65/100
|-ability|p2a: Corviknight|Pressure
|move|p1a: Tornadus|Heat Wave|p2a: Corviknight
|-supereffective|p2a: Corviknight
|-damage|p2a: Corviknight|0 fnt
|faint|p2a: Corviknight
|
|-weather|Sandstorm|[upkeep]
|-damage|p1a: Tornadus|88/100|[from] Sandstorm
|upkeep
|
|t:|1769294107
|switch|p2a: Gliscor|Gliscor, F|29/100 tox
|turn|18
|
|t:|1769294112
|move|p2a: Gliscor|Protect|p2a: Gliscor
|-singleturn|p2a: Gliscor|Protect
|move|p1a: Tornadus|Heat Wave|p2a: Gliscor
|-activate|p2a: Gliscor|move: Protect
|
|-weather|Sandstorm|[upkeep]
|-damage|p1a: Tornadus|82/100|[from] Sandstorm
|-heal|p2a: Gliscor|41/100 tox|[from] ability: Poison Heal
|upkeep
|turn|19
|
|t:|1769294131
|switch|p1a: Toxapex|Toxapex, M, shiny|100/100
|move|p2a: Gliscor|Toxic|p1a: Toxapex
|-immune|p1a: Toxapex
|
|-weather|Sandstorm|[upkeep]
|-damage|p1a: Toxapex|95/100|[from] Sandstorm
|-heal|p2a: Gliscor|54/100 tox|[from] ability: Poison Heal
|upkeep
|turn|20
|
|t:|1769294143
|switch|p1a: Tornadus|Tornadus-Therian, M, shiny|100/100
|move|p2a: Gliscor|Earthquake|p1a: Tornadus
|-immune|p1a: Tornadus
|
|-weather|Sandstorm|[upkeep]
|-damage|p1a: Tornadus|94/100|[from] Sandstorm
|-heal|p2a: Gliscor|66/100 tox|[from] ability: Poison Heal
|upkeep
|turn|21
|
|t:|1769294149
|move|p1a: Tornadus|Bleakwind Storm|p2a: Gliscor
|-damage|p2a: Gliscor|0 fnt
|faint|p2a: Gliscor
|
|-weather|none
|upkeep
|
|t:|1769294153
|switch|p2a: Ogerpon|Ogerpon-Wellspring, F|100/100
|turn|22
|
|t:|1769294159
|move|p1a: Tornadus|Bleakwind Storm|p2a: Ogerpon|[miss]
|-miss|p1a: Tornadus|p2a: Ogerpon
|move|p2a: Ogerpon|Ivy Cudgel|p1a: Tornadus|[anim] Ivy Cudgel Water
|-damage|p1a: Tornadus|17/100
|
|upkeep
|turn|23
|
|t:|1769294163
|switch|p1a: Toxapex|Toxapex, M, shiny|100/100
|move|p2a: Ogerpon|Ivy Cudgel|p1a: Toxapex|[anim] Ivy Cudgel Water
|-resisted|p1a: Toxapex
|-crit|p1a: Toxapex
|-damage|p1a: Toxapex|71/100
|
|upkeep
|turn|24
|
|t:|1769294169
|move|p2a: Ogerpon|Power Whip|p1a: Toxapex
|-damage|p1a: Toxapex|20/100
|move|p1a: Toxapex|Toxic|p2a: Ogerpon
|-status|p2a: Ogerpon|tox
|
|-damage|p2a: Ogerpon|95/100 tox|[from] psn
|upkeep
|turn|25
|
|t:|1769294182
|switch|p1a: Tyranitar|Tyranitar, M, shiny|59/100
|-weather|Sandstorm|[from] ability: Sand Stream|[of] p1a: Tyranitar
|move|p2a: Ogerpon|Ivy Cudgel|p1a: Tyranitar|[anim] Ivy Cudgel Water
|-supereffective|p1a: Tyranitar
|-damage|p1a: Tyranitar|0 fnt
|faint|p1a: Tyranitar
|
|-weather|Sandstorm|[upkeep]
|-damage|p2a: Ogerpon|89/100 tox|[from] Sandstorm
|-damage|p2a: Ogerpon|77/100 tox|[from] psn
|upkeep
|
|t:|1769294194
|switch|p1a: Tornadus|Tornadus-Therian, M, shiny|50/100
|turn|26
|
|t:|1769294197
|move|p1a: Tornadus|Bleakwind Storm|p2a: Ogerpon
|-supereffective|p2a: Ogerpon
|-damage|p2a: Ogerpon|0 fnt
|faint|p2a: Ogerpon
|
|-weather|Sandstorm|[upkeep]
|-damage|p1a: Tornadus|44/100|[from] Sandstorm
|upkeep
|
|t:|1769294201
|switch|p2a: Cinderace|Cinderace, M|65/100
|turn|27
|
|t:|1769294205
|switch|p1a: Toxapex|Toxapex, M, shiny|53/100
|move|p2a: Cinderace|Pyro Ball|p1a: Toxapex
|-resisted|p1a: Toxapex
|-damage|p1a: Toxapex|32/100
|
|-weather|Sandstorm|[upkeep]
|-damage|p2a: Cinderace|59/100|[from] Sandstorm
|-damage|p1a: Toxapex|26/100|[from] Sandstorm
|upkeep
|turn|28
|
|t:|1769294212
|move|p2a: Cinderace|U-turn|p1a: Toxapex
|-start|p2a: Cinderace|typechange|Bug|[from] ability: Libero
|-resisted|p1a: Toxapex
|-damage|p1a: Toxapex|14/100
|move|p1a: Toxapex|Toxic|p2a: Cinderace
|-status|p2a: Cinderace|tox
|
|-weather|Sandstorm|[upkeep]
|-damage|p2a: Cinderace|53/100 tox|[from] Sandstorm
|-damage|p1a: Toxapex|8/100|[from] Sandstorm
|-damage|p2a: Cinderace|47/100 tox|[from] psn
|upkeep
|turn|29
|
|t:|1769294216
|move|p2a: Cinderace|Pyro Ball|p1a: Toxapex
|-resisted|p1a: Toxapex
|-damage|p1a: Toxapex|0 fnt
|faint|p1a: Toxapex
|
|-weather|Sandstorm|[upkeep]
|-damage|p2a: Cinderace|41/100 tox|[from] Sandstorm
|-damage|p2a: Cinderace|29/100 tox|[from] psn
|upkeep
|
|t:|1769294220
|switch|p1a: Tornadus|Tornadus-Therian, M, shiny|77/100
|turn|30
|
|t:|1769294223
|move|p1a: Tornadus|Weather Ball|p2a: Cinderace
|-supereffective|p2a: Cinderace
|-damage|p2a: Cinderace|0 fnt
|faint|p2a: Cinderace
|
|win|NoobishTrainerJoe
|c|☆NoobishTrainerJoe|gg
|c|☆JoltStrike966|gg
|l|☆JoltStrike966
|player|p2|
