|j|☆lewishe03
|j|☆s/o Sob3k
|t:|1769423429
|gametype|singles
|player|p1|lewishe03|blue|1153
|player|p2|s/o Sob3k|ghetsis|1181
|gen|9
|tier|[Gen 9] OU
|rated|
|rule|HP Percentage Mod: HP is shown in percentages
|rule|Endless Battle Clause: Forcing endless battles is banned
|rule|Species Clause: Limit one of each Pokémon
|rule|OHKO Clause: OHKO moves are banned
|rule|Evasion Items Clause: Evasion items are banned
|rule|Evasion Moves Clause: Evasion moves are banned
|rule|Evasion Abilities Clause: Evasion abilities are banned
|rule|Sleep Moves Clause: Sleep-inducing moves are banned
|clearpoke
|poke|p1|Feraligatr, M|
|poke|p1|Dragapult, F|
|poke|p1|Glimmora, M|
|poke|p1|Raikou|
|poke|p1|Scizor, M|
|poke|p1|Gliscor, F|
|poke|p2|Deoxys-Speed|
|poke|p2|Gholdengo|
|poke|p2|Dragonite, M|
|poke|p2|Iron Treads|
|poke|p2|Iron Moth|
|poke|p2|Samurott-Hisui, F|
|teampreview
|
|t:|1769423436
|teamsize|p1|6
|teamsize|p2|6
|start
|switch|p1a: Madra|Raikou|100/100
|switch|p2a: ubain solt|Deoxys-Speed|100/100
|-ability|p2a: ubain solt|Pressure
|-item|p1a: Madra|Air Balloon
|turn|1
|inactive|Battle timer is ON: inactive players will automatically lose when time's up. (requested by s/o Sob3k)
|
|t:|1769423448
|move|p2a: ubain solt|Knock Off|p1a: Madra
|-damage|p1a: Madra|64/100
|-enditem|p1a: Madra|Air Balloon
|-damage|p2a: ubain solt|91/100|[from] item: Life Orb
|move|p1a: Madra|Calm Mind|p1a: Madra
|-boost|p1a: Madra|spa|1
|-boost|p1a: Madra|spd|1
|
|upkeep
|turn|2
|
|t:|1769423458
|-terastallize|p2a: ubain solt|Fighting
|move|p2a: ubain solt|Superpower|p1a: Madra
|-damage|p1a: Madra|0 fnt
|-unboost|p2a: ubain solt|atk|1
|-unboost|p2a: ubain solt|def|1
|faint|p1a: Madra
|-damage|p2a: ubain solt|81/100|[from] item: Life Orb
|
|upkeep
|
|t:|1769423467
|switch|p1a: Scizor|Scizor, M|100/100
|turn|3
|
|t:|1769423472
|switch|p2a: Sacré Bête|Iron Moth|100/100
|-enditem|p2a: Sacré Bête|Booster Energy
|-activate|p2a: Sacré Bête|ability: Quark Drive|[fromitem]
|-start|p2a: Sacré Bête|quarkdrivespe
|-terastallize|p1a: Scizor|Flying
|move|p1a: Scizor|Acrobatics|p2a: Sacré Bête
|-damage|p2a: Sacré Bête|29/100
|
|upkeep
|turn|4
|
|t:|1769423482
|move|p1a: Scizor|Bullet Punch|p2a: Sacré Bête
|-resisted|p2a: Sacré Bête
|-damage|p2a: Sacré Bête|3/100
|move|p2a: Sacré Bête|Sludge Wave|p1a: Scizor
|-damage|p1a: Scizor|48/100
|
|-heal|p1a: Scizor|54/100|[from] item: Leftovers
|upkeep
|turn|5
|
|t:|1769423490
|move|p1a: Scizor|Bullet Punch|p2a: Sacré Bête
|-resisted|p2a: Sacré Bête
|-damage|p2a: Sacré Bête|0 fnt
|faint|p2a: Sacré Bête
|-end|p2a: Sacré Bête|Quark Drive|[silent]
|
|-heal|p1a: Scizor|60/100|[from] item: Leftovers
|upkeep
|
|t:|1769423493
|switch|p2a: ubain solt|Deoxys-Speed, tera:Fighting|81/100
|-ability|p2a: ubain solt|Pressure
|turn|6
|
|t:|1769423502
|move|p2a: ubain solt|Ice Beam|p1a: Scizor
|-supereffective|p1a: Scizor
|-damage|p1a: Scizor|0 fnt
|faint|p1a: Scizor
|-damage|p2a: ubain solt|71/100|[from] item: Life Orb
|
|upkeep
|
|t:|1769423511
|switch|p1a: Glimmora|Glimmora, M|100/100
|turn|7
|
|t:|1769423516
|move|p2a: ubain solt|Psycho Boost|p1a: Glimmora
|-supereffective|p1a: Glimmora
|-enditem|p1a: Glimmora|Focus Sash
|-damage|p1a: Glimmora|1/100
|-unboost|p2a: ubain solt|spa|2
|-damage|p2a: ubain solt|61/100|[from] item: Life Orb
|move|p1a: Glimmora|Stealth Rock|p2a: ubain solt
|-sidestart|p2: s/o Sob3k|move: Stealth Rock
|
|upkeep
|turn|8
|
|t:|1769423527
|switch|p2a: vroum vroum|Iron Treads|100/100
|-damage|p2a: vroum vroum|97/100|[from] Stealth Rock
|-enditem|p2a: vroum vroum|Booster Energy
|-activate|p2a: vroum vroum|ability: Quark Drive|[fromitem]
|-start|p2a: vroum vroum|quarkdrivespe
|move|p1a: Glimmora|Spikes|p2a: vroum vroum
|-sidestart|p2: s/o Sob3k|Spikes
|
|upkeep
|turn|9
|-message|lewishe03 forfeited.
|
|win|s/o Sob3k
|raw|lewishe03's rating: 1153 &rarr; <strong>1130</strong><br />(-23 for losing)
|raw|s&#x2f;o Sob3k's rating: 1181 &rarr; <strong>1204</strong><br />(+23 for winning)
|l|☆lewishe03
|player|p1|
|l|☆s/o Sob3k
|player|p2|
