|j|☆glass99
|j|☆haitianprinc3
|t:|1769294852
|gametype|singles
|player|p1|glass99|2|1320
|player|p2|haitianprinc3|marshal|1323
|gen|9
|tier|[Gen 9] OU
|rated|
|rule|HP Percentage Mod: HP is shown in percentages
|rule|Endless Battle Clause: Forcing endless battles is banned
|rule|Species Clause: Limit one of each Pokémon
|rule|OHKO Clause: OHKO moves are banned
|rule|Evasion Items Clause: Evasion items are banned
|rule|Evasion Moves Clause: Evasion moves are banned
|rule|Evasion Abilities Clause: Evasion abilities are banned
|rule|Sleep Moves Clause: Sleep-inducing moves are banned
|clearpoke
|poke|p1|Slowking-Galar, F|
|poke|p1|Zapdos|
|poke|p1|Great Tusk|
|poke|p1|Ogerpon-Wellspring, F|
|poke|p1|Kingambit, M|
|poke|p1|Dondozo, M|
|poke|p2|Politoed, M|
|poke|p2|Landorus-Therian, M|
|poke|p2|Goodra, M|
|poke|p2|Floatzel, M|
|poke|p2|Azumarill, M|
|poke|p2|Zapdos|
|teampreview
|inactive|Battle timer is ON: inactive players will automatically lose when time's up. (requested by glass99)
|
|t:|1769294859
|teamsize|p1|6
|teamsize|p2|6
|start
|switch|p1a: Zapdos|Zapdos|100/100
|switch|p2a: Politoed|Politoed, M|100/100
|-weather|RainDance|[from] ability: Drizzle|[of] p2a: Politoed
|turn|1
|
|t:|1769294877
|switch|p2a: Landorus|Landorus-Therian, M|100/100
|-ability|p2a: Landorus|Intimidate|boost
|-unboost|p1a: Zapdos|atk|1
|move|p1a: Zapdos|Hurricane|p2a: Landorus
|-damage|p2a: Landorus|37/100
|
|-weather|RainDance|[upkeep]
|upkeep
|turn|2
|
|t:|1769294884
|move|p2a: Landorus|Stone Edge|p1a: Zapdos
|-supereffective|p1a: Zapdos
|-damage|p1a: Zapdos|42/100
|move|p1a: Zapdos|Hurricane|p2a: Landorus
|-damage|p2a: Landorus|0 fnt
|faint|p2a: Landorus
|
|-weather|RainDance|[upkeep]
|upkeep
|
|t:|1769294897
|switch|p2a: Zapdos|Zapdos|100/100
|turn|3
|
|t:|1769294902
|switch|p1a: Slowking|Slowking-Galar, F|100/100
|move|p2a: Zapdos|Thunder|p1a: Slowking
|-damage|p1a: Slowking|73/100
|
|-weather|RainDance|[upkeep]
|upkeep
|turn|4
|
|t:|1769294914
|move|p2a: Zapdos|Hurricane|p1a: Slowking
|-damage|p1a: Slowking|45/100
|-start|p1a: Slowking|confusion
|-activate|p1a: Slowking|confusion
|move|p1a: Slowking|Sludge Bomb|p2a: Zapdos
|-damage|p2a: Zapdos|62/100
|
|-weather|RainDance|[upkeep]
|upkeep
|turn|5
|
|t:|1769294923
|switch|p1a: Zapdos|Zapdos|42/100
|move|p2a: Zapdos|Thunder|p1a: Zapdos
|-damage|p1a: Zapdos|0 fnt
|faint|p1a: Zapdos
|
|-weather|RainDance|[upkeep]
|upkeep
|
|t:|1769294926
|switch|p1a: Slowking|Slowking-Galar, F|78/100
|turn|6
|
|t:|1769294931
|move|p2a: Zapdos|Weather Ball|p1a: Slowking
|-damage|p1a: Slowking|50/100
|move|p1a: Slowking|Ice Beam|p2a: Zapdos
|-supereffective|p2a: Zapdos
|-damage|p2a: Zapdos|4/100
|
|-weather|RainDance|[upkeep]
|upkeep
|turn|7
|
|t:|1769294949
|switch|p2a: Goodra|Goodra, M|100/100
|move|p1a: Slowking|Psychic Noise|p2a: Goodra
|-damage|p2a: Goodra|75/100
|-start|p2a: Goodra|move: Heal Block
|
|-weather|RainDance|[upkeep]
|upkeep
|turn|8
|
|t:|1769294963
|switch|p1a: Great Tusk|Great Tusk|100/100
|move|p2a: Goodra|Draco Meteor|p1a: Great Tusk
|-damage|p1a: Great Tusk|0 fnt
|-unboost|p2a: Goodra|spa|2
|faint|p1a: Great Tusk
|-end|p1a: Great Tusk|Protosynthesis|[silent]
|
|-weather|none
|-end|p2a: Goodra|move: Heal Block
|upkeep
|
|t:|1769294970
|switch|p1a: Ogerpon|Ogerpon-Wellspring, F|100/100
|turn|9
|
|t:|1769294977
|switch|p2a: Politoed|Politoed, M|100/100
|-weather|RainDance|[from] ability: Drizzle|[of] p2a: Politoed
|move|p1a: Ogerpon|Swords Dance|p1a: Ogerpon
|-boost|p1a: Ogerpon|atk|2
|
|-weather|RainDance|[upkeep]
|upkeep
|turn|10
|
|t:|1769294989
|move|p1a: Ogerpon|Power Whip|p2a: Politoed
|-supereffective|p2a: Politoed
|-damage|p2a: Politoed|0 fnt
|faint|p2a: Politoed
|
|-weather|RainDance|[upkeep]
|upkeep
|
|t:|1769294993
|switch|p2a: Goodra|Goodra, M|75/100
|turn|11
|
|t:|1769294999
|-terastallize|p1a: Ogerpon|Water
|detailschange|p1a: Ogerpon|Ogerpon-Wellspring-Tera, F, tera:Water
|-ability|p1a: Ogerpon|Embody Aspect (Wellspring)|boost
|-boost|p1a: Ogerpon|spd|1
|move|p1a: Ogerpon|Ivy Cudgel|p2a: Goodra|[anim] Ivy Cudgel Water
|-resisted|p2a: Goodra
|-damage|p2a: Goodra|0 fnt
|faint|p2a: Goodra
|
|-weather|RainDance|[upkeep]
|upkeep
|
|t:|1769295012
|switch|p2a: Zapdos|Zapdos|4/100
|turn|12
|
|t:|1769295015
|move|p1a: Ogerpon|Ivy Cudgel|p2a: Zapdos|[anim] Ivy Cudgel Water
|-damage|p2a: Zapdos|0 fnt
|faint|p2a: Zapdos
|
|-weather|RainDance|[upkeep]
|upkeep
|
|t:|1769295019
|switch|p2a: Floatzel|Floatzel, M|100/100
|turn|13
|
|t:|1769295027
|-terastallize|p2a: Floatzel|Water
|move|p2a: Floatzel|Wave Crash|p1a: Ogerpon
|-resisted|p1a: Ogerpon
|-damage|p1a: Ogerpon|0 fnt
|faint|p1a: Ogerpon
|detailschange|p1: Ogerpon|Ogerpon-Wellspring, F|[silent]
|-damage|p2a: Floatzel|69/100|[from] Recoil
|
|-weather|RainDance|[upkeep]
|upkeep
|
|t:|1769295032
|switch|p1a: Dondozo|Dondozo, M|100/100
|turn|14
|
|t:|1769295036
|move|p2a: Floatzel|Wave Crash|p1a: Dondozo
|-resisted|p1a: Dondozo
|-damage|p1a: Dondozo|49/100
|-damage|p2a: Floatzel|41/100|[from] Recoil
|move|p1a: Dondozo|Curse|p1a: Dondozo
|-unboost|p1a: Dondozo|spe|1
|-boost|p1a: Dondozo|atk|1
|-boost|p1a: Dondozo|def|1
|
|-weather|RainDance|[upkeep]
|-heal|p1a: Dondozo|55/100|[from] item: Leftovers
|upkeep
|turn|15
|
|t:|1769295040
|move|p2a: Floatzel|Wave Crash|p1a: Dondozo
|-resisted|p1a: Dondozo
|-damage|p1a: Dondozo|17/100
|-damage|p2a: Floatzel|21/100|[from] Recoil
|move|p1a: Dondozo|Sleep Talk||[still]
|-fail|p1a: Dondozo
|
|-weather|RainDance|[upkeep]
|-heal|p1a: Dondozo|23/100|[from] item: Leftovers
|upkeep
|turn|16
|
|t:|1769295047
|move|p2a: Floatzel|Wave Crash|p1a: Dondozo
|-resisted|p1a: Dondozo
|-damage|p1a: Dondozo|0 fnt
|faint|p1a: Dondozo
|-damage|p2a: Floatzel|9/100|[from] Recoil
|
|-weather|none
|upkeep
|
|t:|1769295050
|switch|p1a: Kingambit|Kingambit, M, shiny|100/100
|-activate|p1a: Kingambit|ability: Supreme Overlord
|-start|p1a: Kingambit|fallen4|[silent]
|turn|17
|
|t:|1769295059
|move|p1a: Kingambit|Sucker Punch|p2a: Floatzel
|-damage|p2a: Floatzel|0 fnt
|faint|p2a: Floatzel
|
|upkeep
|
|t:|1769295061
|switch|p2a: Azumarill|Azumarill, M|100/100
|turn|18
|
|t:|1769295065
|move|p1a: Kingambit|Kowtow Cleave|p2a: Azumarill
|-resisted|p2a: Azumarill
|-damage|p2a: Azumarill|67/100
|move|p2a: Azumarill|Play Rough|p1a: Kingambit
|-damage|p1a: Kingambit|49/100
|
|-heal|p1a: Kingambit|55/100|[from] item: Leftovers
|upkeep
|turn|19
|
|t:|1769295075
|move|p1a: Kingambit|Kowtow Cleave|p2a: Azumarill
|-resisted|p2a: Azumarill
|-damage|p2a: Azumarill|32/100
|move|p2a: Azumarill|Liquidation|p1a: Kingambit
|-damage|p1a: Kingambit|11/100
|-unboost|p1a: Kingambit|def|1
|
|-heal|p1a: Kingambit|18/100|[from] item: Leftovers
|upkeep
|turn|20
|
|t:|1769295081
|move|p2a: Azumarill|Aqua Jet|p1a: Kingambit
|-damage|p1a: Kingambit|0 fnt
|faint|p1a: Kingambit
|-end|p1a: Kingambit|fallen4|[silent]
|
|upkeep
|
|t:|1769295083
|switch|p1a: Slowking|Slowking-Galar, F|83/100
|turn|21
|
|t:|1769295086
|move|p2a: Azumarill|Knock Off|p1a: Slowking
|-supereffective|p1a: Slowking
|-damage|p1a: Slowking|0 fnt
|-enditem|p1a: Slowking|Assault Vest|[from] move: Knock Off|[of] p2a: Azumarill
|faint|p1a: Slowking
|
|win|haitianprinc3
|raw|glass99's rating: 1320 &rarr; <strong>1300</strong><br />(-20 for losing)
|raw|haitianprinc3's rating: 1323 &rarr; <strong>1343</strong><br />(+20 for winning)
|l|☆glass99
|player|p1|
|l|☆haitianprinc3
|player|p2|
