|j|☆kiryukyosuke923
|j|☆Wifegonefishplenty
|t:|1769427920
|gametype|singles
|player|p1|kiryukyosuke923|marlon|1162
|player|p2|Wifegonefishplenty|fisherman|1126
|gen|9
|tier|[Gen 9] OU
|rated|
|rule|HP Percentage Mod: HP is shown in percentages
|rule|Endless Battle Clause: Forcing endless battles is banned
|rule|Species Clause: Limit one of each Pokémon
|rule|OHKO Clause: OHKO moves are banned
|rule|Evasion Items Clause: Evasion items are banned
|rule|Evasion Moves Clause: Evasion moves are banned
|rule|Evasion Abilities Clause: Evasion abilities are banned
|rule|Sleep Moves Clause: Sleep-inducing moves are banned
|clearpoke
|poke|p1|Blissey, F|
|poke|p1|Dondozo, M|
|poke|p1|Gliscor, M|
|poke|p1|Toxapex, M|
|poke|p1|Clefable, F|
|poke|p1|Clodsire, M|
|poke|p2|Yanmega, M|
|poke|p2|Kommo-o, M|
|poke|p2|Gengar, M|
|poke|p2|Basculin-Blue-Striped, M|
|poke|p2|Thundurus, M|
|poke|p2|Drednaw, F|
|teampreview
|inactive|Battle timer is ON: inactive players will automatically lose when time's up. (requested by Wifegonefishplenty)
|
|t:|1769427929
|teamsize|p1|6
|teamsize|p2|6
|start
|switch|p1a: Blissey|Blissey, F|100/100
|switch|p2a: Honoured fish|Basculin-Blue-Striped, M|100/100
|turn|1
|
|t:|1769427937
|move|p2a: Honoured fish|Wave Crash|p1a: Blissey
|-damage|p1a: Blissey|37/100
|-damage|p2a: Honoured fish|91/100|[from] item: Life Orb
|move|p1a: Blissey|Stealth Rock|p2a: Honoured fish
|-sidestart|p2: Wifegonefishplenty|move: Stealth Rock
|
|upkeep
|turn|2
|
|t:|1769427943
|switch|p1a: Dondozo|Dondozo, M|100/100
|move|p2a: Honoured fish|Wave Crash|p1a: Dondozo
|-resisted|p1a: Dondozo
|-damage|p1a: Dondozo|87/100
|-damage|p2a: Honoured fish|81/100|[from] item: Life Orb
|
|upkeep
|turn|3
|
|t:|1769427952
|move|p2a: Honoured fish|Head Smash|p1a: Dondozo
|-damage|p1a: Dondozo|63/100
|-damage|p2a: Honoured fish|71/100|[from] item: Life Orb
|move|p1a: Dondozo|Curse|p1a: Dondozo
|-unboost|p1a: Dondozo|spe|1
|-boost|p1a: Dondozo|atk|1
|-boost|p1a: Dondozo|def|1
|
|upkeep
|turn|4
|
|t:|1769427960
|move|p2a: Honoured fish|Head Smash|p1a: Dondozo
|-damage|p1a: Dondozo|46/100
|-damage|p2a: Honoured fish|61/100|[from] item: Life Orb
|move|p1a: Dondozo|Curse|p1a: Dondozo
|-unboost|p1a: Dondozo|spe|1
|-boost|p1a: Dondozo|atk|1
|-boost|p1a: Dondozo|def|1
|
|upkeep
|turn|5
|
|t:|1769427965
|move|p2a: Honoured fish|Head Smash|p1a: Dondozo
|-damage|p1a: Dondozo|34/100
|-damage|p2a: Honoured fish|51/100|[from] item: Life Orb
|move|p1a: Dondozo|Rest|p1a: Dondozo
|-status|p1a: Dondozo|slp|[from] move: Rest
|-heal|p1a: Dondozo|100/100 slp|[silent]
|
|upkeep
|turn|6
|
|t:|1769427968
|move|p2a: Honoured fish|Rain Dance|p2a: Honoured fish
|-weather|RainDance
|cant|p1a: Dondozo|slp
|move|p1a: Dondozo|Sleep Talk|p1a: Dondozo
|move|p1a: Dondozo|Waterfall|p2a: Honoured fish|[from] move: Sleep Talk
|-resisted|p2a: Honoured fish
|-damage|p2a: Honoured fish|0 fnt
|faint|p2a: Honoured fish
|
|-weather|RainDance|[upkeep]
|upkeep
|
|t:|1769427970
|switch|p2a: Big man upstairs|Thundurus, M|100/100
|turn|7
|
|t:|1769427979
|switch|p1a: Clodsire|Clodsire, M|100/100
|move|p2a: Big man upstairs|Thunder|p1a: Clodsire
|-immune|p1a: Clodsire
|
|-weather|RainDance|[upkeep]
|upkeep
|turn|8
|
|t:|1769427985
|move|p2a: Big man upstairs|Nasty Plot|p2a: Big man upstairs
|-boost|p2a: Big man upstairs|spa|2
|move|p1a: Clodsire|Poison Jab|p2a: Big man upstairs
|-damage|p2a: Big man upstairs|66/100
|
|-weather|RainDance|[upkeep]
|upkeep
|turn|9
|
|t:|1769427990
|move|p2a: Big man upstairs|Nasty Plot|p2a: Big man upstairs
|-boost|p2a: Big man upstairs|spa|2
|move|p1a: Clodsire|Poison Jab|p2a: Big man upstairs
|-damage|p2a: Big man upstairs|35/100
|
|-weather|RainDance|[upkeep]
|upkeep
|turn|10
|
|t:|1769427994
|move|p2a: Big man upstairs|Grass Knot|p1a: Clodsire
|-damage|p1a: Clodsire|79/100
|move|p1a: Clodsire|Poison Jab|p2a: Big man upstairs
|-damage|p2a: Big man upstairs|2/100
|
|-weather|none
|upkeep
|turn|11
|
|t:|1769428001
|move|p2a: Big man upstairs|Grass Knot|p1a: Clodsire
|-damage|p1a: Clodsire|56/100
|move|p1a: Clodsire|Recover|p1a: Clodsire
|-heal|p1a: Clodsire|100/100
|
|upkeep
|turn|12
|
|t:|1769428004
|move|p2a: Big man upstairs|Grass Knot|p1a: Clodsire
|-damage|p1a: Clodsire|79/100
|move|p1a: Clodsire|Poison Jab|p2a: Big man upstairs
|-damage|p2a: Big man upstairs|0 fnt
|faint|p2a: Big man upstairs
|
|upkeep
|
|t:|1769428008
|switch|p2a: My lawd|Drednaw, F|100/100
|-damage|p2a: My lawd|88/100|[from] Stealth Rock
|turn|13
|
|t:|1769428014
|switch|p1a: Dondozo|Dondozo, M|100/100 slp
|move|p2a: My lawd|Shell Smash|p2a: My lawd
|-unboost|p2a: My lawd|def|1
|-unboost|p2a: My lawd|spd|1
|-boost|p2a: My lawd|atk|2
|-boost|p2a: My lawd|spa|2
|-boost|p2a: My lawd|spe|2
|-enditem|p2a: My lawd|White Herb
|-clearnegativeboost|p2a: My lawd|[silent]
|
|upkeep
|turn|14
|
|t:|1769428023
|move|p2a: My lawd|Ice Spinner|p1a: Dondozo
|-resisted|p1a: Dondozo
|-damage|p1a: Dondozo|94/100 slp
|cant|p1a: Dondozo|slp
|move|p1a: Dondozo|Sleep Talk|p1a: Dondozo
|move|p1a: Dondozo|Waterfall|p2a: My lawd|[from] move: Sleep Talk
|-damage|p2a: My lawd|57/100
|
|upkeep
|turn|15
|
|t:|1769428029
|move|p2a: My lawd|Crunch|p1a: Dondozo
|-damage|p1a: Dondozo|77/100 slp
|-curestatus|p1a: Dondozo|slp|[msg]
|move|p1a: Dondozo|Curse|p1a: Dondozo
|-unboost|p1a: Dondozo|spe|1
|-boost|p1a: Dondozo|atk|1
|-boost|p1a: Dondozo|def|1
|
|upkeep
|turn|16
|
|t:|1769428035
|move|p2a: My lawd|Ice Fang|p1a: Dondozo
|-resisted|p1a: Dondozo
|-damage|p1a: Dondozo|72/100
|-status|p1a: Dondozo|frz
|cant|p1a: Dondozo|frz
|
|upkeep
|turn|17
|
|t:|1769428044
|move|p2a: My lawd|Ice Spinner|p1a: Dondozo
|-resisted|p1a: Dondozo
|-damage|p1a: Dondozo|68/100 frz
|cant|p1a: Dondozo|frz
|
|upkeep
|turn|18
|
|t:|1769428051
|move|p2a: My lawd|Crunch|p1a: Dondozo
|-damage|p1a: Dondozo|56/100 frz
|cant|p1a: Dondozo|frz
|
|upkeep
|turn|19
|
|t:|1769428057
|move|p2a: My lawd|Crunch|p1a: Dondozo
|-damage|p1a: Dondozo|44/100 frz
|cant|p1a: Dondozo|frz
|
|upkeep
|turn|20
|
|t:|1769428061
|move|p2a: My lawd|Crunch|p1a: Dondozo
|-damage|p1a: Dondozo|32/100 frz
|cant|p1a: Dondozo|frz
|
|upkeep
|turn|21
|
|t:|1769428065
|move|p2a: My lawd|Crunch|p1a: Dondozo
|-damage|p1a: Dondozo|20/100 frz
|-unboost|p1a: Dondozo|def|1
|cant|p1a: Dondozo|frz
|
|upkeep
|turn|22
|
|t:|1769428073
|move|p2a: My lawd|Crunch|p1a: Dondozo
|-damage|p1a: Dondozo|1/100 frz
|cant|p1a: Dondozo|frz
|
|upkeep
|turn|23
|
|t:|1769428078
|move|p2a: My lawd|Crunch|p1a: Dondozo
|-damage|p1a: Dondozo|0 fnt
|faint|p1a: Dondozo
|
|upkeep
|
|t:|1769428082
|switch|p1a: Clodsire|Clodsire, M|79/100
|turn|24
|
|t:|1769428087
|move|p2a: My lawd|Ice Fang|p1a: Clodsire
|-supereffective|p1a: Clodsire
|-damage|p1a: Clodsire|0 fnt
|faint|p1a: Clodsire
|
|upkeep
|
|t:|1769428090
|switch|p1a: Toxapex|Toxapex, M|100/100
|turn|25
|
|t:|1769428093
|move|p1a: Toxapex|Baneful Bunker|p1a: Toxapex
|-singleturn|p1a: Toxapex|move: Protect
|move|p2a: My lawd|Shell Smash|p2a: My lawd
|-unboost|p2a: My lawd|def|1
|-unboost|p2a: My lawd|spd|1
|-boost|p2a: My lawd|atk|2
|-boost|p2a: My lawd|spa|2
|-boost|p2a: My lawd|spe|2
|
|upkeep
|turn|26
|
|t:|1769428103
|move|p2a: My lawd|Ice Fang|p1a: Toxapex
|-resisted|p1a: Toxapex
|-damage|p1a: Toxapex|70/100
|move|p1a: Toxapex|Toxic|p2a: My lawd
|-status|p2a: My lawd|tox
|
|-damage|p2a: My lawd|51/100 tox|[from] psn
|upkeep
|turn|27
|
|t:|1769428109
|move|p1a: Toxapex|Baneful Bunker|p1a: Toxapex
|-singleturn|p1a: Toxapex|move: Protect
|move|p2a: My lawd|Crunch|p1a: Toxapex
|-activate|p1a: Toxapex|move: Protect
|
|-damage|p2a: My lawd|38/100 tox|[from] psn
|upkeep
|turn|28
|
|t:|1769428116
|move|p2a: My lawd|Ice Fang|p1a: Toxapex
|-resisted|p1a: Toxapex
|-damage|p1a: Toxapex|41/100
|move|p1a: Toxapex|Toxic Spikes|p2a: My lawd
|-sidestart|p2: Wifegonefishplenty|move: Toxic Spikes
|
|-damage|p2a: My lawd|20/100 tox|[from] psn
|upkeep
|turn|29
|
|t:|1769428121
|move|p1a: Toxapex|Baneful Bunker|p1a: Toxapex
|-singleturn|p1a: Toxapex|move: Protect
|move|p2a: My lawd|Crunch|p1a: Toxapex
|-activate|p1a: Toxapex|move: Protect
|
|-damage|p2a: My lawd|0 fnt|[from] psn
|faint|p2a: My lawd
|upkeep
|
|t:|1769428124
|switch|p2a: Jet engine|Yanmega, M|100/100
|-damage|p2a: Jet engine|51/100|[from] Stealth Rock
|turn|30
|
|t:|1769428135
|switch|p1a: Gliscor|Gliscor, M|100/100
|move|p2a: Jet engine|Protect||[still]
|-fail|p2a: Jet engine
|
|-ability|p2a: Jet engine|Speed Boost|boost
|-boost|p2a: Jet engine|spe|1
|-status|p1a: Gliscor|tox|[from] item: Toxic Orb
|upkeep
|turn|31
|
|t:|1769428142
|move|p2a: Jet engine|Giga Drain|p1a: Gliscor
|-damage|p1a: Gliscor|56/100 tox
|-heal|p2a: Jet engine|76/100|[from] drain|[of] p1a: Gliscor
|-damage|p2a: Jet engine|66/100|[from] item: Life Orb
|move|p1a: Gliscor|Knock Off|p2a: Jet engine
|-damage|p2a: Jet engine|37/100
|-enditem|p2a: Jet engine|Life Orb|[from] move: Knock Off|[of] p1a: Gliscor
|
|-heal|p1a: Gliscor|69/100 tox|[from] ability: Poison Heal
|-ability|p2a: Jet engine|Speed Boost|boost
|-boost|p2a: Jet engine|spe|1
|upkeep
|turn|32
|
|t:|1769428148
|move|p1a: Gliscor|Protect|p1a: Gliscor
|-singleturn|p1a: Gliscor|Protect
|move|p2a: Jet engine|Giga Drain|p1a: Gliscor
|-activate|p1a: Gliscor|move: Protect
|
|-heal|p1a: Gliscor|81/100 tox|[from] ability: Poison Heal
|-ability|p2a: Jet engine|Speed Boost|boost
|-boost|p2a: Jet engine|spe|1
|upkeep
|turn|33
|
|t:|1769428153
|switch|p1a: Blissey|Blissey, F|37/100
|move|p2a: Jet engine|Giga Drain|p1a: Blissey
|-damage|p1a: Blissey|29/100
|-heal|p2a: Jet engine|46/100|[from] drain|[of] p1a: Blissey
|
|-ability|p2a: Jet engine|Speed Boost|boost
|-boost|p2a: Jet engine|spe|1
|upkeep
|turn|34
|
|t:|1769428158
|move|p2a: Jet engine|Bug Buzz|p1a: Blissey
|-damage|p1a: Blissey|14/100
|move|p1a: Blissey|Soft-Boiled|p1a: Blissey
|-heal|p1a: Blissey|64/100
|
|-ability|p2a: Jet engine|Speed Boost|boost
|-boost|p2a: Jet engine|spe|1
|upkeep
|turn|35
|
|t:|1769428162
|move|p2a: Jet engine|Air Slash|p1a: Blissey
|-damage|p1a: Blissey|52/100
|cant|p1a: Blissey|flinch
|
|-ability|p2a: Jet engine|Speed Boost|boost
|-boost|p2a: Jet engine|spe|1
|upkeep
|turn|36
|
|t:|1769428164
|move|p2a: Jet engine|Air Slash|p1a: Blissey
|-damage|p1a: Blissey|41/100
|cant|p1a: Blissey|flinch
|
|upkeep
|turn|37
|
|t:|1769428166
|move|p2a: Jet engine|Air Slash|p1a: Blissey
|-damage|p1a: Blissey|27/100
|cant|p1a: Blissey|flinch
|
|upkeep
|turn|38
|
|t:|1769428170
|move|p2a: Jet engine|Giga Drain|p1a: Blissey
|-damage|p1a: Blissey|19/100
|-heal|p2a: Jet engine|55/100|[from] drain|[of] p1a: Blissey
|move|p1a: Blissey|Soft-Boiled|p1a: Blissey
|-heal|p1a: Blissey|69/100
|
|upkeep
|turn|39
|
|t:|1769428176
|move|p2a: Jet engine|Air Slash|p1a: Blissey
|-damage|p1a: Blissey|57/100
|move|p1a: Blissey|Soft-Boiled|p1a: Blissey
|-heal|p1a: Blissey|100/100
|
|upkeep
|turn|40
|
|t:|1769428183
|move|p2a: Jet engine|Bug Buzz|p1a: Blissey
|-damage|p1a: Blissey|87/100
|move|p1a: Blissey|Shadow Ball|p2a: Jet engine
|-damage|p2a: Jet engine|30/100
|
|upkeep
|turn|41
|
|t:|1769428191
|move|p2a: Jet engine|Giga Drain|p1a: Blissey
|-damage|p1a: Blissey|79/100
|-heal|p2a: Jet engine|38/100|[from] drain|[of] p1a: Blissey
|move|p1a: Blissey|Shadow Ball|p2a: Jet engine
|-damage|p2a: Jet engine|12/100
|
|upkeep
|turn|42
|
|t:|1769428194
|move|p2a: Jet engine|Air Slash|p1a: Blissey
|-crit|p1a: Blissey
|-damage|p1a: Blissey|61/100
|move|p1a: Blissey|Shadow Ball|p2a: Jet engine
|-damage|p2a: Jet engine|0 fnt
|faint|p2a: Jet engine
|
|upkeep
|
|t:|1769428202
|switch|p2a: Thing|Gengar, M|100/100
|-damage|p2a: Thing|88/100|[from] Stealth Rock
|-item|p2a: Thing|Air Balloon
|turn|43
|
|t:|1769428208
|move|p2a: Thing|Sludge Wave|p1a: Blissey
|-crit|p1a: Blissey
|-damage|p1a: Blissey|38/100
|move|p1a: Blissey|Soft-Boiled|p1a: Blissey
|-heal|p1a: Blissey|88/100
|
|upkeep
|turn|44
|
|t:|1769428210
|move|p2a: Thing|Sludge Wave|p1a: Blissey
|-damage|p1a: Blissey|74/100
|move|p1a: Blissey|Shadow Ball|p2a: Thing
|-supereffective|p2a: Thing
|-damage|p2a: Thing|36/100
|-enditem|p2a: Thing|Air Balloon
|
|upkeep
|turn|45
|
|t:|1769428216
|move|p2a: Thing|Sludge Wave|p1a: Blissey
|-damage|p1a: Blissey|58/100
|move|p1a: Blissey|Shadow Ball|p2a: Thing
|-supereffective|p2a: Thing
|-damage|p2a: Thing|0 fnt
|faint|p2a: Thing
|
|upkeep
|
|t:|1769428219
|switch|p2a: Best dragon|Kommo-o, M|100/100
|-damage|p2a: Best dragon|94/100|[from] Stealth Rock
|-status|p2a: Best dragon|psn
|turn|46
|
|t:|1769428225
|switch|p1a: Clefable|Clefable, F|100/100
|move|p2a: Best dragon|Drain Punch|p1a: Clefable
|-resisted|p1a: Clefable
|-damage|p1a: Clefable|89/100
|-heal|p2a: Best dragon|100/100 psn|[from] drain|[of] p1a: Clefable
|
|-damage|p2a: Best dragon|88/100 psn|[from] psn
|upkeep
|turn|47
|
|t:|1769428230
|-terastallize|p2a: Best dragon|Fairy
|move|p2a: Best dragon|Clangorous Soul|p2a: Best dragon
|-boost|p2a: Best dragon|atk|1
|-boost|p2a: Best dragon|def|1
|-boost|p2a: Best dragon|spa|1
|-boost|p2a: Best dragon|spd|1
|-boost|p2a: Best dragon|spe|1
|-damage|p2a: Best dragon|55/100 psn
|move|p1a: Clefable|Moonblast|p2a: Best dragon
|-damage|p2a: Best dragon|27/100 psn
|-unboost|p2a: Best dragon|spa|1
|
|-heal|p2a: Best dragon|33/100 psn|[from] item: Leftovers
|-damage|p2a: Best dragon|21/100 psn|[from] psn
|upkeep
|turn|48
|
|t:|1769428247
|move|p2a: Best dragon|Boomburst|p1a: Clefable
|-damage|p1a: Clefable|53/100
|move|p1a: Clefable|Knock Off|p2a: Best dragon
|-resisted|p2a: Best dragon
|-damage|p2a: Best dragon|16/100 psn
|-enditem|p2a: Best dragon|Leftovers|[from] move: Knock Off|[of] p1a: Clefable
|
|-damage|p2a: Best dragon|4/100 psn|[from] psn
|upkeep
|turn|49
|
|t:|1769428253
|switch|p1a: Gliscor|Gliscor, M|81/100 tox
|move|p2a: Best dragon|Boomburst|p1a: Gliscor
|-damage|p1a: Gliscor|29/100 tox
|
|-damage|p2a: Best dragon|0 fnt|[from] psn
|faint|p2a: Best dragon
|
|win|kiryukyosuke923
|raw|kiryukyosuke923's rating: 1162 &rarr; <strong>1184</strong><br />(+22 for winning)
|raw|Wifegonefishplenty's rating: 1126 &rarr; <strong>1104</strong><br />(-22 for losing)
|l|☆Wifegonefishplenty
|player|p2|
|l|☆kiryukyosuke923
|player|p1|
