|j|☆maneki uwu
|j|☆SpDy Test
|t:|1769413524
|gametype|singles
|player|p1|maneki uwu|serena-masters2|1174
|player|p2|SpDy Test|unknown|1159
|gen|9
|tier|[Gen 9] OU
|rated|
|rule|HP Percentage Mod: HP is shown in percentages
|rule|Endless Battle Clause: Forcing endless battles is banned
|rule|Species Clause: Limit one of each Pokémon
|rule|OHKO Clause: OHKO moves are banned
|rule|Evasion Items Clause: Evasion items are banned
|rule|Evasion Moves Clause: Evasion moves are banned
|rule|Evasion Abilities Clause: Evasion abilities are banned
|rule|Sleep Moves Clause: Sleep-inducing moves are banned
|clearpoke
|poke|p1|Serperior, M|
|poke|p1|Sylveon, F|
|poke|p1|Gliscor, M|
|poke|p1|Bisharp, M|
|poke|p1|Espeon, M|
|poke|p1|Ditto|
|poke|p2|Gholdengo|
|poke|p2|Cyclizar, M|
|poke|p2|Slowking-Galar, F|
|poke|p2|Dragonite, F|
|poke|p2|Alomomola, M|
|poke|p2|Clefable, M|
|teampreview
|inactive|Battle timer is ON: inactive players will automatically lose when time's up. (requested by SpDy Test)
|
|t:|1769413530
|teamsize|p1|6
|teamsize|p2|6
|start
|switch|p1a: QI DE 143|Espeon, M|100/100
|switch|p2a: Clefable|Clefable, M|100/100
|turn|1
|
|t:|1769413536
|move|p1a: QI DE 143|Light Screen|p1a: QI DE 143
|-sidestart|p1: maneki uwu|move: Light Screen
|move|p2a: Clefable|Trick|p1a: QI DE 143
|-activate|p2a: Clefable|move: Trick|[of] p1a: QI DE 143
|-item|p1a: QI DE 143|Choice Scarf|[from] move: Trick
|-item|p2a: Clefable|Light Clay|[from] move: Trick
|
|upkeep
|turn|2
|
|t:|1769413554
|switch|p1a: soleil levant|Bisharp, M|100/100
|move|p2a: Clefable|Encore||[still]
|-fail|p2a: Clefable
|
|upkeep
|turn|3
|
|t:|1769413563
|switch|p2a: Alomomola|Alomomola, M|100/100
|move|p1a: soleil levant|Iron Head|p2a: Alomomola
|-resisted|p2a: Alomomola
|-damage|p2a: Alomomola|89/100
|
|upkeep
|turn|4
|
|t:|1769413569
|switch|p1a: Cobrassassin|Serperior, M|100/100
|move|p2a: Alomomola|Flip Turn|p1a: Cobrassassin
|-resisted|p1a: Cobrassassin
|-damage|p1a: Cobrassassin|91/100
|
|t:|1769413584
|switch|p2a: Clefable|Clefable, M|100/100|[from] Flip Turn
|
|-heal|p1a: Cobrassassin|97/100|[from] item: Leftovers
|upkeep
|turn|5
|
|t:|1769413593
|move|p1a: Cobrassassin|Leaf Storm|p2a: Clefable
|-damage|p2a: Clefable|66/100
|-boost|p1a: Cobrassassin|spa|2
|move|p2a: Clefable|Stealth Rock|p1a: Cobrassassin
|-sidestart|p1: maneki uwu|move: Stealth Rock
|
|-heal|p1a: Cobrassassin|100/100|[from] item: Leftovers
|upkeep
|turn|6
|
|t:|1769413598
|move|p1a: Cobrassassin|Leaf Storm|p2a: Clefable
|-damage|p2a: Clefable|27/100
|-boost|p1a: Cobrassassin|spa|2
|move|p2a: Clefable|Moonlight|p2a: Clefable
|-heal|p2a: Clefable|77/100
|
|upkeep
|turn|7
|
|t:|1769413604
|move|p1a: Cobrassassin|Glare|p2a: Clefable
|-status|p2a: Clefable|par
|cant|p2a: Clefable|par
|
|upkeep
|turn|8
|
|t:|1769413609
|move|p1a: Cobrassassin|Leaf Storm|p2a: Clefable
|-damage|p2a: Clefable|42/100 par
|-boost|p1a: Cobrassassin|spa|2
|move|p2a: Clefable|Encore|p1a: Cobrassassin
|-start|p1a: Cobrassassin|Encore
|
|-sideend|p1: maneki uwu|move: Light Screen
|upkeep
|turn|9
|
|t:|1769413619
|move|p1a: Cobrassassin|Leaf Storm|p2a: Clefable
|-damage|p2a: Clefable|4/100 par
|move|p2a: Clefable|Moonlight|p2a: Clefable
|-heal|p2a: Clefable|53/100 par
|
|upkeep
|turn|10
|
|t:|1769413633
|switch|p2a: Dragonite|Dragonite, F|100/100
|move|p1a: Cobrassassin|Leaf Storm|p2a: Dragonite|[miss]
|-miss|p1a: Cobrassassin|p2a: Dragonite
|
|upkeep
|turn|11
|inactive|maneki uwu has 120 seconds left.
|
|t:|1769413665
|move|p1a: Cobrassassin|Leaf Storm|p2a: Dragonite
|-resisted|p2a: Dragonite
|-damage|p2a: Dragonite|74/100
|move|p2a: Dragonite|Iron Head|p1a: Cobrassassin
|-damage|p1a: Cobrassassin|62/100
|
|-heal|p1a: Cobrassassin|68/100|[from] item: Leftovers
|-end|p1a: Cobrassassin|Encore
|upkeep
|turn|12
|
|t:|1769413684
|move|p1a: Cobrassassin|Dragon Pulse|p2a: Dragonite
|-supereffective|p2a: Dragonite
|-damage|p2a: Dragonite|0 fnt
|faint|p2a: Dragonite
|
|-heal|p1a: Cobrassassin|74/100|[from] item: Leftovers
|upkeep
|
|t:|1769413693
|switch|p2a: Clefable|Clefable, M|53/100 par
|turn|13
|
|t:|1769413698
|move|p1a: Cobrassassin|Leaf Storm|p2a: Clefable
|-damage|p2a: Clefable|17/100 par
|cant|p2a: Clefable|par
|
|-heal|p1a: Cobrassassin|80/100|[from] item: Leftovers
|upkeep
|turn|14
|
|t:|1769413712
|switch|p2a: Gholdengo|Gholdengo|100/100
|move|p1a: Cobrassassin|Leaf Storm|p2a: Gholdengo
|-resisted|p2a: Gholdengo
|-damage|p2a: Gholdengo|0 fnt
|faint|p2a: Gholdengo
|
|-heal|p1a: Cobrassassin|86/100|[from] item: Leftovers
|upkeep
|
|t:|1769413716
|switch|p2a: Cyclizar|Cyclizar, M|100/100
|turn|15
|
|t:|1769413723
|move|p2a: Cyclizar|Endeavor|p1a: Cobrassassin
|-immune|p1a: Cobrassassin
|move|p1a: Cobrassassin|Dragon Pulse|p2a: Cyclizar
|-supereffective|p2a: Cyclizar
|-enditem|p2a: Cyclizar|Focus Sash
|-damage|p2a: Cyclizar|1/100
|
|-heal|p1a: Cobrassassin|93/100|[from] item: Leftovers
|upkeep
|turn|16
|
|t:|1769413737
|move|p2a: Cyclizar|Endeavor|p1a: Cobrassassin
|-damage|p1a: Cobrassassin|1/100
|move|p1a: Cobrassassin|Dragon Pulse|p2a: Cyclizar
|-supereffective|p2a: Cyclizar
|-damage|p2a: Cyclizar|0 fnt
|faint|p2a: Cyclizar
|
|-heal|p1a: Cobrassassin|7/100|[from] item: Leftovers
|upkeep
|-message|SpDy Test forfeited.
|
|win|maneki uwu
|raw|maneki uwu's rating: 1174 &rarr; <strong>1198</strong><br />(+24 for winning)
|raw|SpDy Test's rating: 1159 &rarr; <strong>1135</strong><br />(-24 for losing)
|l|☆SpDy Test
|player|p2|
|l|☆maneki uwu
|player|p1|
