|j|☆khalisunique
|j|☆OPL-ww
|t:|1769387478
|gametype|singles
|player|p1|khalisunique|102|1143
|player|p2|OPL-ww|misty-lgpe|1108
|gen|9
|tier|[Gen 9] OU
|rated|
|rule|HP Percentage Mod: HP is shown in percentages
|rule|Endless Battle Clause: Forcing endless battles is banned
|rule|Species Clause: Limit one of each Pokémon
|rule|OHKO Clause: OHKO moves are banned
|rule|Evasion Items Clause: Evasion items are banned
|rule|Evasion Moves Clause: Evasion moves are banned
|rule|Evasion Abilities Clause: Evasion abilities are banned
|rule|Sleep Moves Clause: Sleep-inducing moves are banned
|clearpoke
|poke|p1|Great Tusk|
|poke|p1|Gholdengo|
|poke|p1|Dragapult, M|
|poke|p1|Kingambit, M|
|poke|p1|Heatran, F|
|poke|p1|Amoonguss, F|
|poke|p2|Slowking-Galar, F|
|poke|p2|Bisharp, F|
|poke|p2|Mismagius, F|
|poke|p2|Great Tusk|
|poke|p2|Primarina, F|
|poke|p2|Zapdos|
|teampreview
|inactive|Battle timer is ON: inactive players will automatically lose when time's up. (requested by khalisunique)
|
|t:|1769387483
|teamsize|p1|6
|teamsize|p2|6
|start
|switch|p1a: Great Tusk|Great Tusk|100/100
|switch|p2a: Slowking|Slowking-Galar, F|100/100
|turn|1
|
|t:|1769387499
|move|p1a: Great Tusk|Knock Off|p2a: Slowking
|-supereffective|p2a: Slowking
|-damage|p2a: Slowking|39/100
|-enditem|p2a: Slowking|Black Sludge|[from] move: Knock Off|[of] p1a: Great Tusk
|move|p2a: Slowking|Psychic Noise|p1a: Great Tusk
|-supereffective|p1a: Great Tusk
|-damage|p1a: Great Tusk|22/100
|-start|p1a: Great Tusk|move: Heal Block
|
|upkeep
|turn|2
|
|t:|1769387510
|move|p1a: Great Tusk|Knock Off|p2a: Slowking
|-supereffective|p2a: Slowking
|-damage|p2a: Slowking|0 fnt
|faint|p2a: Slowking
|
|-end|p1a: Great Tusk|move: Heal Block
|upkeep
|
|t:|1769387518
|switch|p2a: Mismagius|Mismagius, F|100/100
|turn|3
|
|t:|1769387537
|move|p2a: Mismagius|Grass Knot|p1a: Great Tusk
|-supereffective|p1a: Great Tusk
|-damage|p1a: Great Tusk|0 fnt
|faint|p1a: Great Tusk
|-end|p1a: Great Tusk|Protosynthesis|[silent]
|
|upkeep
|
|t:|1769387544
|switch|p1a: Dragapult|Dragapult, M|100/100
|turn|4
|
|t:|1769387549
|move|p1a: Dragapult|Shadow Ball|p2a: Mismagius
|-supereffective|p2a: Mismagius
|-damage|p2a: Mismagius|29/100
|-unboost|p2a: Mismagius|spd|1
|move|p2a: Mismagius|Shadow Ball|p1a: Dragapult
|-supereffective|p1a: Dragapult
|-damage|p1a: Dragapult|0 fnt
|faint|p1a: Dragapult
|
|upkeep
|
|t:|1769387555
|switch|p1a: Kingambit|Kingambit, M|100/100
|-activate|p1a: Kingambit|ability: Supreme Overlord
|-start|p1a: Kingambit|fallen2|[silent]
|turn|5
|
|t:|1769387560
|move|p1a: Kingambit|Sucker Punch|p2a: Mismagius
|-supereffective|p2a: Mismagius
|-crit|p2a: Mismagius
|-damage|p2a: Mismagius|0 fnt
|faint|p2a: Mismagius
|
|upkeep
|
|t:|1769387564
|switch|p2a: Great Tusk|Great Tusk|100/100
|-enditem|p2a: Great Tusk|Booster Energy
|-activate|p2a: Great Tusk|ability: Protosynthesis|[fromitem]
|-start|p2a: Great Tusk|protosynthesisatk
|turn|6
|
|t:|1769387578
|-end|p1a: Kingambit|fallen2|[silent]
|switch|p1a: Amoonguss|Amoonguss, F|100/100
|move|p2a: Great Tusk|Headlong Rush|p1a: Amoonguss
|-damage|p1a: Amoonguss|35/100
|-unboost|p2a: Great Tusk|def|1
|-unboost|p2a: Great Tusk|spd|1
|-damage|p2a: Great Tusk|84/100|[from] item: Rocky Helmet|[of] p1a: Amoonguss
|
|upkeep
|turn|7
|
|t:|1769387587
|move|p2a: Great Tusk|Headlong Rush|p1a: Amoonguss
|-damage|p1a: Amoonguss|0 fnt
|-unboost|p2a: Great Tusk|def|1
|-unboost|p2a: Great Tusk|spd|1
|-damage|p2a: Great Tusk|68/100|[from] item: Rocky Helmet|[of] p1a: Amoonguss
|faint|p1a: Amoonguss
|
|upkeep
|
|t:|1769387600
|switch|p1a: Gholdengo|Gholdengo|100/100
|turn|8
|
|t:|1769387604
|move|p2a: Great Tusk|Headlong Rush|p1a: Gholdengo
|-supereffective|p1a: Gholdengo
|-damage|p1a: Gholdengo|0 fnt
|-unboost|p2a: Great Tusk|def|1
|-unboost|p2a: Great Tusk|spd|1
|faint|p1a: Gholdengo
|
|upkeep
|
|t:|1769387608
|switch|p1a: Kingambit|Kingambit, M|100/100
|-activate|p1a: Kingambit|ability: Supreme Overlord
|-start|p1a: Kingambit|fallen4|[silent]
|turn|9
|
|t:|1769387613
|-end|p2a: Great Tusk|Protosynthesis|[silent]
|switch|p2a: Zapdos|Zapdos|100/100
|move|p1a: Kingambit|Sucker Punch||[still]
|-fail|p1a: Kingambit
|
|upkeep
|turn|10
|
|t:|1769387620
|move|p2a: Zapdos|Volt Switch|p1a: Kingambit
|-damage|p1a: Kingambit|66/100
|
|t:|1769387624
|switch|p2a: Bisharp|Bisharp, F|100/100|[from] Volt Switch
|move|p1a: Kingambit|Swords Dance|p1a: Kingambit
|-boost|p1a: Kingambit|atk|2
|
|upkeep
|turn|11
|
|t:|1769387636
|move|p1a: Kingambit|Sucker Punch||[still]
|-fail|p1a: Kingambit
|move|p2a: Bisharp|Swords Dance|p2a: Bisharp
|-boost|p2a: Bisharp|atk|2
|
|upkeep
|turn|12
|inactive|khalisunique has 120 seconds left.
|
|t:|1769387669
|move|p1a: Kingambit|Sucker Punch|p2a: Bisharp
|-resisted|p2a: Bisharp
|-damage|p2a: Bisharp|56/100
|move|p2a: Bisharp|Iron Head|p1a: Kingambit
|-resisted|p1a: Kingambit
|-damage|p1a: Kingambit|33/100
|
|upkeep
|turn|13
|
|t:|1769387675
|move|p2a: Bisharp|Iron Head|p1a: Kingambit
|-resisted|p1a: Kingambit
|-damage|p1a: Kingambit|0 fnt
|faint|p1a: Kingambit
|-end|p1a: Kingambit|fallen4|[silent]
|
|upkeep
|-message|khalisunique forfeited.
|
|win|OPL-ww
|raw|khalisunique's rating: 1143 &rarr; <strong>1115</strong><br />(-28 for losing)
|raw|OPL-ww's rating: 1108 &rarr; <strong>1136</strong><br />(+28 for winning)
|l|☆khalisunique
|player|p1|
|l|☆OPL-ww
|player|p2|
