|j|☆Cerberus 17
|j|☆pugburro
|t:|1769352266
|gametype|singles
|player|p1|Cerberus 17|cynthia-gen4|1488
|player|p2|pugburro|clair|1515
|gen|9
|tier|[Gen 9] OU
|rated|
|rule|HP Percentage Mod: HP is shown in percentages
|rule|Endless Battle Clause: Forcing endless battles is banned
|rule|Species Clause: Limit one of each Pokémon
|rule|OHKO Clause: OHKO moves are banned
|rule|Evasion Items Clause: Evasion items are banned
|rule|Evasion Moves Clause: Evasion moves are banned
|rule|Evasion Abilities Clause: Evasion abilities are banned
|rule|Sleep Moves Clause: Sleep-inducing moves are banned
|clearpoke
|poke|p1|Tyranitar, F|
|poke|p1|Excadrill, F|
|poke|p1|Moltres|
|poke|p1|Pecharunt|
|poke|p1|Great Tusk|
|poke|p1|Sinistcha-Masterpiece|
|poke|p2|Great Tusk|
|poke|p2|Pecharunt|
|poke|p2|Iron Valiant|
|poke|p2|Iron Crown|
|poke|p2|Samurott-Hisui, M|
|poke|p2|Dragonite, M|
|teampreview
|inactive|Battle timer is ON: inactive players will automatically lose when time's up. (requested by Cerberus 17)
|inactive|pugburro has 120 seconds left.
|
|t:|1769352304
|teamsize|p1|6
|teamsize|p2|6
|start
|switch|p1a: Great Tusk|Great Tusk|100/100
|switch|p2a: Iron Valiant|Iron Valiant, shiny|100/100
|turn|1
|
|t:|1769352313
|-end|p1a: Great Tusk|Protosynthesis|[silent]
|switch|p1a: Moltres|Moltres|100/100
|-terastallize|p2a: Iron Valiant|Fairy
|move|p2a: Iron Valiant|Moonblast|p1a: Moltres
|-resisted|p1a: Moltres
|-damage|p1a: Moltres|53/100
|-unboost|p1a: Moltres|spa|1
|
|upkeep
|turn|2
|
|t:|1769352328
|move|p2a: Iron Valiant|Moonblast|p1a: Moltres
|-resisted|p1a: Moltres
|-damage|p1a: Moltres|9/100
|-unboost|p1a: Moltres|spa|1
|move|p1a: Moltres|U-turn|p2a: Iron Valiant
|-resisted|p2a: Iron Valiant
|-damage|p2a: Iron Valiant|92/100
|inactive|Cerberus 17 has 120 seconds left.
|
|t:|1769352353
|switch|p1a: Excadrill|Excadrill, F|100/100|[from] U-turn
|
|upkeep
|turn|3
|
|t:|1769352364
|-end|p2a: Iron Valiant|Quark Drive|[silent]
|switch|p2a: Samurott|Samurott-Hisui, M, shiny|100/100
|move|p1a: Excadrill|Earthquake|p2a: Samurott
|-damage|p2a: Samurott|0 fnt
|faint|p2a: Samurott
|
|upkeep
|
|t:|1769352375
|switch|p2a: Dragonite|Dragonite, M, shiny|100/100
|turn|4
|
|t:|1769352382
|switch|p1a: Tyranitar|Tyranitar, F|100/100
|-weather|Sandstorm|[from] ability: Sand Stream|[of] p1a: Tyranitar
|move|p2a: Dragonite|Dragon Dance|p2a: Dragonite
|-boost|p2a: Dragonite|atk|1
|-boost|p2a: Dragonite|spe|1
|
|-weather|Sandstorm|[upkeep]
|-damage|p2a: Dragonite|94/100|[from] Sandstorm
|upkeep
|turn|5
|
|t:|1769352386
|move|p2a: Dragonite|Earthquake|p1a: Tyranitar
|-supereffective|p1a: Tyranitar
|-damage|p1a: Tyranitar|14/100
|move|p1a: Tyranitar|Stone Edge|p2a: Dragonite
|-supereffective|p2a: Dragonite
|-damage|p2a: Dragonite|0 fnt
|faint|p2a: Dragonite
|
|-weather|Sandstorm|[upkeep]
|upkeep
|
|t:|1769352394
|switch|p2a: Great Tusk|Great Tusk, shiny|100/100
|turn|6
|
|t:|1769352398
|switch|p1a: Moltres|Moltres|9/100
|move|p2a: Great Tusk|Rapid Spin|p1a: Moltres
|-damage|p1a: Moltres|0 fnt
|-boost|p2a: Great Tusk|spe|1
|faint|p1a: Moltres
|
|-weather|Sandstorm|[upkeep]
|upkeep
|
|t:|1769352406
|switch|p1a: Sinistcha|Sinistcha-Masterpiece|100/100
|turn|7
|
|t:|1769352413
|move|p2a: Great Tusk|Stealth Rock|p1a: Sinistcha
|-sidestart|p1: Cerberus 17|move: Stealth Rock
|move|p1a: Sinistcha|Matcha Gotcha|p2a: Great Tusk|[miss]
|-miss|p1a: Sinistcha|p2a: Great Tusk
|
|-weather|Sandstorm|[upkeep]
|-damage|p1a: Sinistcha|94/100|[from] Sandstorm
|-heal|p1a: Sinistcha|100/100|[from] item: Leftovers
|upkeep
|turn|8
|
|t:|1769352423
|move|p2a: Great Tusk|Ice Spinner|p1a: Sinistcha
|-supereffective|p1a: Sinistcha
|-damage|p1a: Sinistcha|54/100
|move|p1a: Sinistcha|Matcha Gotcha|p2a: Great Tusk
|-supereffective|p2a: Great Tusk
|-damage|p2a: Great Tusk|1/100
|-heal|p1a: Sinistcha|100/100|[from] drain|[of] p2a: Great Tusk
|
|-weather|Sandstorm|[upkeep]
|-damage|p1a: Sinistcha|94/100|[from] Sandstorm
|-heal|p1a: Sinistcha|100/100|[from] item: Leftovers
|upkeep
|turn|9
|
|t:|1769352435
|move|p2a: Great Tusk|Ice Spinner|p1a: Sinistcha
|-supereffective|p1a: Sinistcha
|-damage|p1a: Sinistcha|61/100
|move|p1a: Sinistcha|Strength Sap|p2a: Great Tusk
|-unboost|p2a: Great Tusk|atk|1
|-heal|p1a: Sinistcha|100/100
|
|-weather|Sandstorm|[upkeep]
|-damage|p1a: Sinistcha|94/100|[from] Sandstorm
|-heal|p1a: Sinistcha|100/100|[from] item: Leftovers
|upkeep
|turn|10
|
|t:|1769352447
|move|p2a: Great Tusk|Ice Spinner|p1a: Sinistcha
|-supereffective|p1a: Sinistcha
|-damage|p1a: Sinistcha|73/100
|move|p1a: Sinistcha|Calm Mind|p1a: Sinistcha
|-boost|p1a: Sinistcha|spa|1
|-boost|p1a: Sinistcha|spd|1
|
|-weather|Sandstorm|[upkeep]
|-damage|p1a: Sinistcha|67/100|[from] Sandstorm
|-heal|p1a: Sinistcha|73/100|[from] item: Leftovers
|upkeep
|turn|11
|
|t:|1769352453
|-end|p2a: Great Tusk|Protosynthesis|[silent]
|switch|p2a: Pecharunt|Pecharunt|100/100
|move|p1a: Sinistcha|Calm Mind|p1a: Sinistcha
|-boost|p1a: Sinistcha|spa|1
|-boost|p1a: Sinistcha|spd|1
|
|-weather|none
|-heal|p1a: Sinistcha|79/100|[from] item: Leftovers
|upkeep
|turn|12
|
|t:|1769352463
|move|p2a: Pecharunt|Malignant Chain|p1a: Sinistcha
|-damage|p1a: Sinistcha|62/100
|-status|p1a: Sinistcha|tox
|-start|p1a: Sinistcha|confusion|[from] ability: Poison Puppeteer|[of] p2a: Pecharunt
|-activate|p1a: Sinistcha|confusion
|-damage|p1a: Sinistcha|58/100 tox|[from] confusion
|
|-heal|p1a: Sinistcha|64/100 tox|[from] item: Leftovers
|-damage|p1a: Sinistcha|58/100 tox|[from] psn
|upkeep
|turn|13
|
|t:|1769352471
|move|p2a: Pecharunt|Parting Shot|p1a: Sinistcha
|-unboost|p1a: Sinistcha|atk|1
|-unboost|p1a: Sinistcha|spa|1
|
|t:|1769352472
|switch|p2a: Great Tusk|Great Tusk, shiny|1/100|[from] Parting Shot
|-activate|p1a: Sinistcha|confusion
|move|p1a: Sinistcha|Shadow Ball|p2a: Great Tusk
|-damage|p2a: Great Tusk|0 fnt
|faint|p2a: Great Tusk
|-end|p2a: Great Tusk|Protosynthesis|[silent]
|
|-heal|p1a: Sinistcha|64/100 tox|[from] item: Leftovers
|-damage|p1a: Sinistcha|52/100 tox|[from] psn
|upkeep
|
|t:|1769352482
|switch|p2a: Pecharunt|Pecharunt|100/100
|turn|14
|
|t:|1769352485
|switch|p1a: Tyranitar|Tyranitar, F|14/100
|-damage|p1a: Tyranitar|1/100|[from] Stealth Rock
|-weather|Sandstorm|[from] ability: Sand Stream|[of] p1a: Tyranitar
|move|p2a: Pecharunt|Parting Shot|p1a: Tyranitar
|-unboost|p1a: Tyranitar|atk|1
|-unboost|p1a: Tyranitar|spa|1
|
|t:|1769352493
|switch|p2a: Iron Crown|Iron Crown|100/100|[from] Parting Shot
|
|-weather|Sandstorm|[upkeep]
|upkeep
|turn|15
|
|t:|1769352497
|move|p2a: Iron Crown|Tachyon Cutter|p1a: Tyranitar
|-supereffective|p1a: Tyranitar
|-damage|p1a: Tyranitar|0 fnt
|faint|p1a: Tyranitar
|-hitcount|p1: Tyranitar|1
|
|-weather|Sandstorm|[upkeep]
|upkeep
|
|t:|1769352500
|switch|p1a: Excadrill|Excadrill, F|100/100
|-damage|p1a: Excadrill|97/100|[from] Stealth Rock
|turn|16
|
|t:|1769352507
|move|p1a: Excadrill|Earthquake|p2a: Iron Crown
|-supereffective|p2a: Iron Crown
|-damage|p2a: Iron Crown|0 fnt
|faint|p2a: Iron Crown
|-end|p2a: Iron Crown|Quark Drive|[silent]
|
|-weather|Sandstorm|[upkeep]
|upkeep
|
|t:|1769352509
|switch|p2a: Iron Valiant|Iron Valiant, shiny, tera:Fairy|92/100
|turn|17
|
|t:|1769352511
|move|p2a: Iron Valiant|Vacuum Wave|p1a: Excadrill
|-supereffective|p1a: Excadrill
|-damage|p1a: Excadrill|11/100
|move|p1a: Excadrill|Earthquake|p2a: Iron Valiant
|-damage|p2a: Iron Valiant|0 fnt
|faint|p2a: Iron Valiant
|-end|p2a: Iron Valiant|Quark Drive|[silent]
|
|-weather|Sandstorm|[upkeep]
|upkeep
|
|t:|1769352513
|switch|p2a: Pecharunt|Pecharunt|100/100
|turn|18
|
|t:|1769352517
|move|p1a: Excadrill|Earthquake|p2a: Pecharunt
|-supereffective|p2a: Pecharunt
|-damage|p2a: Pecharunt|23/100
|move|p2a: Pecharunt|Shadow Ball|p1a: Excadrill
|-damage|p1a: Excadrill|0 fnt
|faint|p1a: Excadrill
|
|-weather|Sandstorm|[upkeep]
|-damage|p2a: Pecharunt|17/100|[from] Sandstorm
|upkeep
|
|t:|1769352523
|switch|p1a: Great Tusk|Great Tusk|100/100
|turn|19
|
|t:|1769352525
|move|p1a: Great Tusk|Headlong Rush|p2a: Pecharunt
|-supereffective|p2a: Pecharunt
|-damage|p2a: Pecharunt|0 fnt
|-unboost|p1a: Great Tusk|def|1
|-unboost|p1a: Great Tusk|spd|1
|-damage|p1a: Great Tusk|84/100|[from] item: Rocky Helmet|[of] p2a: Pecharunt
|faint|p2a: Pecharunt
|
|win|Cerberus 17
|raw|Cerberus 17's rating: 1488 &rarr; <strong>1510</strong><br />(+22 for winning)
|raw|pugburro's rating: 1515 &rarr; <strong>1493</strong><br />(-22 for losing)
|l|☆pugburro
|player|p2|
|l|☆Cerberus 17
|player|p1|
