|j|☆samub
|j|☆industriedutabac
|t:|1769348029
|gametype|singles
|player|p1|samub|juggler|1412
|player|p2|industriedutabac|101|1548
|gen|9
|tier|[Gen 9] OU
|rated|
|rule|HP Percentage Mod: HP is shown in percentages
|rule|Endless Battle Clause: Forcing endless battles is banned
|rule|Species Clause: Limit one of each Pokémon
|rule|OHKO Clause: OHKO moves are banned
|rule|Evasion Items Clause: Evasion items are banned
|rule|Evasion Moves Clause: Evasion moves are banned
|rule|Evasion Abilities Clause: Evasion abilities are banned
|rule|Sleep Moves Clause: Sleep-inducing moves are banned
|clearpoke
|poke|p1|Farigiraf, F|
|poke|p1|Pecharunt|
|poke|p1|Garganacl, F|
|poke|p1|Mandibuzz, F|
|poke|p1|Samurott-Hisui, F|
|poke|p1|Iron Valiant|
|poke|p2|Weavile, F|
|poke|p2|Ogerpon-Wellspring, F|
|poke|p2|Magnezone|
|poke|p2|Gliscor, F|
|poke|p2|Tyranitar, M|
|poke|p2|Excadrill, F|
|teampreview
|inactive|Battle timer is ON: inactive players will automatically lose when time's up. (requested by samub)
|
|t:|1769348048
|teamsize|p1|6
|teamsize|p2|6
|start
|switch|p1a: Garganacl|Garganacl, F|100/100
|switch|p2a: Weavile|Weavile, F|100/100
|-ability|p2a: Weavile|Pressure
|turn|1
|
|t:|1769348053
|switch|p2a: Gliscor|Gliscor, F|100/100
|move|p1a: Garganacl|Stealth Rock|p2a: Gliscor
|-sidestart|p2: industriedutabac|move: Stealth Rock
|
|-status|p2a: Gliscor|tox|[from] item: Toxic Orb
|upkeep
|turn|2
|
|t:|1769348066
|switch|p1a: Samurott|Samurott-Hisui, F|100/100
|move|p2a: Gliscor|Substitute|p2a: Gliscor
|-start|p2a: Gliscor|Substitute
|-damage|p2a: Gliscor|76/100 tox
|
|-heal|p2a: Gliscor|88/100 tox|[from] ability: Poison Heal
|upkeep
|turn|3
|
|t:|1769348071
|move|p2a: Gliscor|Toxic|p1a: Samurott
|-status|p1a: Samurott|tox
|move|p1a: Samurott|Ceaseless Edge|p2a: Gliscor
|-end|p2a: Gliscor|Substitute
|-sidestart|p2: industriedutabac|Spikes
|
|-heal|p2a: Gliscor|100/100 tox|[from] ability: Poison Heal
|-damage|p1a: Samurott|94/100 tox|[from] psn
|upkeep
|turn|4
|
|t:|1769348075
|move|p2a: Gliscor|Substitute|p2a: Gliscor
|-start|p2a: Gliscor|Substitute
|-damage|p2a: Gliscor|76/100 tox
|move|p1a: Samurott|Swords Dance|p1a: Samurott
|-boost|p1a: Samurott|atk|2
|
|-heal|p2a: Gliscor|88/100 tox|[from] ability: Poison Heal
|-damage|p1a: Samurott|82/100 tox|[from] psn
|upkeep
|turn|5
|
|t:|1769348080
|move|p2a: Gliscor|Protect|p2a: Gliscor
|-singleturn|p2a: Gliscor|Protect
|move|p1a: Samurott|Ceaseless Edge|p2a: Gliscor
|-activate|p2a: Gliscor|move: Protect
|
|-heal|p2a: Gliscor|100/100 tox|[from] ability: Poison Heal
|-damage|p1a: Samurott|63/100 tox|[from] psn
|upkeep
|turn|6
|
|t:|1769348087
|move|p2a: Gliscor|Earthquake|p1a: Samurott
|-damage|p1a: Samurott|18/100 tox
|move|p1a: Samurott|Ceaseless Edge|p2a: Gliscor|[miss]
|-miss|p1a: Samurott|p2a: Gliscor
|
|-damage|p1a: Samurott|0 fnt|[from] psn
|faint|p1a: Samurott
|upkeep
|inactive|samub has 120 seconds left.
|
|t:|1769348119
|switch|p1a: Iron Valiant|Iron Valiant|100/100
|-enditem|p1a: Iron Valiant|Booster Energy
|-activate|p1a: Iron Valiant|ability: Quark Drive|[fromitem]
|-start|p1a: Iron Valiant|quarkdrivespe
|turn|7
|
|t:|1769348124
|move|p1a: Iron Valiant|Moonblast|p2a: Gliscor
|-end|p2a: Gliscor|Substitute
|move|p2a: Gliscor|Toxic|p1a: Iron Valiant
|-status|p1a: Iron Valiant|tox
|
|-damage|p1a: Iron Valiant|94/100 tox|[from] psn
|upkeep
|turn|8
|
|t:|1769348130
|move|p1a: Iron Valiant|Encore|p2a: Gliscor
|-start|p2a: Gliscor|Encore
|move|p2a: Gliscor|Toxic|p1a: Iron Valiant
|-fail|p1a: Iron Valiant|tox
|
|-damage|p1a: Iron Valiant|82/100 tox|[from] psn
|upkeep
|turn|9
|inactive|industriedutabac has 120 seconds left.
|
|t:|1769348165
|switch|p2a: Ogerpon|Ogerpon-Wellspring, F|100/100
|-damage|p2a: Ogerpon|88/100|[from] Stealth Rock
|-damage|p2a: Ogerpon|76/100|[from] Spikes
|move|p1a: Iron Valiant|Calm Mind|p1a: Iron Valiant
|-boost|p1a: Iron Valiant|spa|1
|-boost|p1a: Iron Valiant|spd|1
|
|-damage|p1a: Iron Valiant|63/100 tox|[from] psn
|upkeep
|turn|10
|
|t:|1769348176
|-terastallize|p2a: Ogerpon|Water
|detailschange|p2a: Ogerpon|Ogerpon-Wellspring-Tera, F, tera:Water
|-ability|p2a: Ogerpon|Embody Aspect (Wellspring)|boost
|-boost|p2a: Ogerpon|spd|1
|move|p1a: Iron Valiant|Moonblast|p2a: Ogerpon
|-damage|p2a: Ogerpon|24/100
|move|p2a: Ogerpon|Ivy Cudgel|p1a: Iron Valiant|[anim] Ivy Cudgel Water
|-damage|p1a: Iron Valiant|0 fnt
|faint|p1a: Iron Valiant
|-end|p1a: Iron Valiant|Quark Drive|[silent]
|
|upkeep
|
|t:|1769348196
|switch|p1a: Mandibuzz|Mandibuzz, F|100/100
|turn|11
|
|t:|1769348199
|move|p2a: Ogerpon|Play Rough|p1a: Mandibuzz
|-supereffective|p1a: Mandibuzz
|-damage|p1a: Mandibuzz|47/100
|move|p1a: Mandibuzz|Foul Play|p2a: Ogerpon
|-damage|p2a: Ogerpon|0 fnt
|faint|p2a: Ogerpon
|detailschange|p2: Ogerpon|Ogerpon-Wellspring, F|[silent]
|
|upkeep
|
|t:|1769348207
|switch|p2a: Excadrill|Excadrill, F|100/100
|-damage|p2a: Excadrill|97/100|[from] Stealth Rock
|-item|p2a: Excadrill|Air Balloon
|turn|12
|
|t:|1769348209
|move|p2a: Excadrill|Rock Slide|p1a: Mandibuzz
|-supereffective|p1a: Mandibuzz
|-damage|p1a: Mandibuzz|6/100
|cant|p1a: Mandibuzz|flinch
|
|upkeep
|turn|13
|
|t:|1769348222
|switch|p1a: Pecharunt|Pecharunt|100/100
|move|p2a: Excadrill|Rapid Spin|p1a: Pecharunt
|-immune|p1a: Pecharunt
|
|upkeep
|turn|14
|
|t:|1769348228
|move|p1a: Pecharunt|Shadow Ball|p2a: Excadrill
|-damage|p2a: Excadrill|36/100
|-unboost|p2a: Excadrill|spd|1
|-enditem|p2a: Excadrill|Air Balloon
|move|p2a: Excadrill|Earthquake|p1a: Pecharunt
|-supereffective|p1a: Pecharunt
|-damage|p1a: Pecharunt|17/100
|
|upkeep
|turn|15
|
|t:|1769348235
|move|p2a: Excadrill|Earthquake|p1a: Pecharunt
|-supereffective|p1a: Pecharunt
|-damage|p1a: Pecharunt|0 fnt
|faint|p1a: Pecharunt
|
|upkeep
|
|t:|1769348242
|switch|p1a: Farigiraf|Farigiraf, F|100/100
|turn|16
|
|t:|1769348248
|move|p1a: Farigiraf|Low Kick|p2a: Excadrill
|-supereffective|p2a: Excadrill
|-damage|p2a: Excadrill|0 fnt
|faint|p2a: Excadrill
|
|upkeep
|
|t:|1769348253
|switch|p2a: Gliscor|Gliscor, F|100/100 tox
|-damage|p2a: Gliscor|88/100 tox|[from] Stealth Rock
|turn|17
|
|t:|1769348262
|switch|p1a: Garganacl|Garganacl, F|100/100
|switch|p2a: Magnezone|Magnezone|100/100
|-damage|p2a: Magnezone|94/100|[from] Stealth Rock
|-damage|p2a: Magnezone|82/100|[from] Spikes
|
|upkeep
|turn|18
|
|t:|1769348268
|move|p2a: Magnezone|Flash Cannon|p1a: Garganacl
|-supereffective|p1a: Garganacl
|-damage|p1a: Garganacl|35/100
|move|p1a: Garganacl|Body Press|p2a: Magnezone
|-supereffective|p2a: Magnezone
|-damage|p2a: Magnezone|35/100
|-damage|p1a: Garganacl|19/100|[from] item: Rocky Helmet|[of] p2a: Magnezone
|
|-heal|p1a: Garganacl|25/100|[from] item: Leftovers
|upkeep
|turn|19
|inactive|samub has 120 seconds left.
|
|t:|1769348301
|-terastallize|p1a: Garganacl|Water
|move|p2a: Magnezone|Flash Cannon|p1a: Garganacl
|-resisted|p1a: Garganacl
|-damage|p1a: Garganacl|11/100
|-unboost|p1a: Garganacl|spd|1
|move|p1a: Garganacl|Recover|p1a: Garganacl
|-heal|p1a: Garganacl|61/100
|
|-heal|p1a: Garganacl|67/100|[from] item: Leftovers
|upkeep
|turn|20
|
|t:|1769348309
|switch|p1a: Mandibuzz|Mandibuzz, F|6/100
|move|p2a: Magnezone|Thunderbolt|p1a: Mandibuzz
|-supereffective|p1a: Mandibuzz
|-damage|p1a: Mandibuzz|0 fnt
|faint|p1a: Mandibuzz
|
|upkeep
|
|t:|1769348314
|switch|p1a: Farigiraf|Farigiraf, F|100/100
|turn|21
|
|t:|1769348317
|switch|p2a: Gliscor|Gliscor, F|88/100 tox
|-damage|p2a: Gliscor|76/100 tox|[from] Stealth Rock
|move|p1a: Farigiraf|Low Kick|p2a: Gliscor
|-resisted|p2a: Gliscor
|-damage|p2a: Gliscor|69/100 tox
|
|-heal|p2a: Gliscor|81/100 tox|[from] ability: Poison Heal
|upkeep
|turn|22
|
|t:|1769348325
|switch|p1a: Garganacl|Garganacl, F, tera:Water|67/100
|switch|p2a: Magnezone|Magnezone|35/100
|-damage|p2a: Magnezone|29/100|[from] Stealth Rock
|-damage|p2a: Magnezone|16/100|[from] Spikes
|
|-heal|p1a: Garganacl|73/100|[from] item: Leftovers
|upkeep
|turn|23
|
|t:|1769348332
|move|p2a: Magnezone|Thunderbolt|p1a: Garganacl
|-supereffective|p1a: Garganacl
|-damage|p1a: Garganacl|2/100
|move|p1a: Garganacl|Body Press|p2a: Magnezone
|-supereffective|p2a: Magnezone
|-damage|p2a: Magnezone|0 fnt
|-damage|p1a: Garganacl|0 fnt|[from] item: Rocky Helmet|[of] p2a: Magnezone
|faint|p2a: Magnezone
|faint|p1a: Garganacl
|
|upkeep
|
|t:|1769348337
|switch|p2a: Gliscor|Gliscor, F|81/100 tox
|switch|p1a: Farigiraf|Farigiraf, F|100/100
|-damage|p2a: Gliscor|69/100 tox|[from] Stealth Rock
|turn|24
|
|t:|1769348340
|move|p2a: Gliscor|Protect|p2a: Gliscor
|-singleturn|p2a: Gliscor|Protect
|move|p1a: Farigiraf|Trick|p2a: Gliscor
|-activate|p2a: Gliscor|move: Protect
|
|-heal|p2a: Gliscor|81/100 tox|[from] ability: Poison Heal
|upkeep
|turn|25
|
|t:|1769348346
|switch|p2a: Weavile|Weavile, F|100/100
|-damage|p2a: Weavile|76/100|[from] Stealth Rock
|-damage|p2a: Weavile|63/100|[from] Spikes
|-ability|p2a: Weavile|Pressure
|move|p1a: Farigiraf|Trick|p2a: Weavile
|-activate|p1a: Farigiraf|move: Trick|[of] p2a: Weavile
|-item|p2a: Weavile|Choice Scarf|[from] move: Trick
|-item|p1a: Farigiraf|Choice Band|[from] move: Trick
|
|upkeep
|turn|26
|
|t:|1769348365
|move|p2a: Weavile|Triple Axel|p1a: Farigiraf
|-damage|p1a: Farigiraf|89/100
|-damage|p1a: Farigiraf|63/100
|-damage|p1a: Farigiraf|27/100
|-hitcount|p1a: Farigiraf|3
|move|p1a: Farigiraf|Low Kick|p2a: Weavile
|-supereffective|p2a: Weavile
|-damage|p2a: Weavile|0 fnt
|faint|p2a: Weavile
|
|upkeep
|
|t:|1769348373
|switch|p2a: Gliscor|Gliscor, F|81/100 tox
|-damage|p2a: Gliscor|69/100 tox|[from] Stealth Rock
|turn|27
|
|t:|1769348376
|move|p2a: Gliscor|Substitute|p2a: Gliscor
|-start|p2a: Gliscor|Substitute
|-damage|p2a: Gliscor|44/100 tox
|move|p1a: Farigiraf|Low Kick|p2a: Gliscor
|-resisted|p2a: Gliscor
|-activate|p2a: Gliscor|move: Substitute|[damage]
|
|-heal|p2a: Gliscor|56/100 tox|[from] ability: Poison Heal
|upkeep
|turn|28
|
|t:|1769348380
|move|p2a: Gliscor|Toxic|p1a: Farigiraf
|-status|p1a: Farigiraf|tox
|move|p1a: Farigiraf|Low Kick|p2a: Gliscor
|-resisted|p2a: Gliscor
|-activate|p2a: Gliscor|move: Substitute|[damage]
|
|-heal|p2a: Gliscor|69/100 tox|[from] ability: Poison Heal
|-damage|p1a: Farigiraf|21/100 tox|[from] psn
|upkeep
|turn|29
|-message|samub forfeited.
|
|win|industriedutabac
|raw|samub's rating: 1412 &rarr; <strong>1399</strong><br />(-13 for losing)
|raw|industriedutabac's rating: 1548 &rarr; <strong>1561</strong><br />(+13 for winning)
|l|☆samub
|player|p1|
|l|☆industriedutabac
|player|p2|
