|j|☆sephy69
|j|☆kiiiah
|t:|1769406353
|gametype|singles
|player|p1|sephy69|will|1127
|player|p2|kiiiah|265|1105
|gen|9
|tier|[Gen 9] OU
|rated|
|rule|HP Percentage Mod: HP is shown in percentages
|rule|Endless Battle Clause: Forcing endless battles is banned
|rule|Species Clause: Limit one of each Pokémon
|rule|OHKO Clause: OHKO moves are banned
|rule|Evasion Items Clause: Evasion items are banned
|rule|Evasion Moves Clause: Evasion moves are banned
|rule|Evasion Abilities Clause: Evasion abilities are banned
|rule|Sleep Moves Clause: Sleep-inducing moves are banned
|clearpoke
|poke|p1|Dragapult, M|
|poke|p1|Zapdos-Galar|
|poke|p1|Slowking, M|
|poke|p1|Glimmora, M|
|poke|p1|Weezing-Galar, F|
|poke|p1|Meowscarada, M|
|poke|p2|Scizor, M|
|poke|p2|Pecharunt|
|poke|p2|Garganacl, M|
|poke|p2|Moltres|
|poke|p2|Raging Bolt|
|poke|p2|Ogerpon-Wellspring, F|
|teampreview
|
|t:|1769406363
|teamsize|p1|6
|teamsize|p2|6
|start
|switch|p1a: Zapdos|Zapdos-Galar|100/100
|switch|p2a: Scizor|Scizor, M|100/100
|turn|1
|
|t:|1769406370
|move|p1a: Zapdos|Knock Off|p2a: Scizor
|-damage|p2a: Scizor|69/100
|-enditem|p2a: Scizor|Choice Band|[from] move: Knock Off|[of] p1a: Zapdos
|move|p2a: Scizor|Dual Wingbeat|p1a: Zapdos
|-supereffective|p1a: Zapdos
|-crit|p1a: Zapdos
|-damage|p1a: Zapdos|16/100
|-supereffective|p1a: Zapdos
|-damage|p1a: Zapdos|0 fnt
|faint|p1a: Zapdos
|-hitcount|p1: Zapdos|2
|
|upkeep
|
|t:|1769406380
|switch|p1a: Dragapult|Dragapult, M|100/100
|turn|2
|
|t:|1769406386
|move|p1a: Dragapult|Flamethrower|p2a: Scizor
|-supereffective|p2a: Scizor
|-damage|p2a: Scizor|0 fnt
|faint|p2a: Scizor
|
|upkeep
|
|t:|1769406394
|switch|p2a: Garganacl|Garganacl, M|100/100
|turn|3
|
|t:|1769406399
|switch|p1a: Glimmora|Glimmora, M|100/100
|move|p2a: Garganacl|Iron Defense|p2a: Garganacl
|-boost|p2a: Garganacl|def|2
|
|upkeep
|turn|4
|
|t:|1769406406
|move|p1a: Glimmora|Mortal Spin|p2a: Garganacl
|-resisted|p2a: Garganacl
|-damage|p2a: Garganacl|99/100
|move|p2a: Garganacl|Iron Defense|p2a: Garganacl
|-boost|p2a: Garganacl|def|2
|
|-heal|p2a: Garganacl|100/100|[from] item: Leftovers
|upkeep
|turn|5
|
|t:|1769406415
|move|p1a: Glimmora|Stealth Rock|p2a: Garganacl
|-sidestart|p2: kiiiah|move: Stealth Rock
|move|p2a: Garganacl|Iron Defense|p2a: Garganacl
|-boost|p2a: Garganacl|def|2
|
|upkeep
|turn|6
|
|t:|1769406422
|move|p1a: Glimmora|Power Gem|p2a: Garganacl
|-damage|p2a: Garganacl|76/100
|move|p2a: Garganacl|Body Press|p1a: Glimmora
|-damage|p1a: Glimmora|16/100
|-activate|p1a: Glimmora|ability: Toxic Debris
|-sidestart|p2: kiiiah|move: Toxic Spikes
|
|-heal|p1a: Glimmora|22/100|[from] item: Black Sludge
|-heal|p2a: Garganacl|82/100|[from] item: Leftovers
|upkeep
|turn|7
|
|t:|1769406432
|move|p1a: Glimmora|Spiky Shield|p1a: Glimmora
|-singleturn|p1a: Glimmora|move: Protect
|move|p2a: Garganacl|Body Press|p1a: Glimmora
|-activate|p1a: Glimmora|move: Protect
|-damage|p2a: Garganacl|70/100|[from] Spiky Shield|[of] p1a: Glimmora
|
|-heal|p1a: Glimmora|28/100|[from] item: Black Sludge
|-heal|p2a: Garganacl|76/100|[from] item: Leftovers
|upkeep
|turn|8
|
|t:|1769406443
|switch|p1a: Dragapult|Dragapult, M|100/100
|move|p2a: Garganacl|Body Press|p1a: Dragapult
|-immune|p1a: Dragapult
|
|-heal|p2a: Garganacl|82/100|[from] item: Leftovers
|upkeep
|turn|9
|
|t:|1769406452
|move|p1a: Dragapult|Draco Meteor|p2a: Garganacl
|-damage|p2a: Garganacl|31/100
|-unboost|p1a: Dragapult|spa|2
|move|p2a: Garganacl|Recover|p2a: Garganacl
|-heal|p2a: Garganacl|81/100
|
|-heal|p2a: Garganacl|87/100|[from] item: Leftovers
|upkeep
|turn|10
|
|t:|1769406463
|switch|p1a: Glimmora|Glimmora, M|28/100
|move|p2a: Garganacl|Salt Cure|p1a: Glimmora
|-damage|p1a: Glimmora|15/100
|-start|p1a: Glimmora|Salt Cure
|-activate|p1a: Glimmora|ability: Toxic Debris
|-sidestart|p2: kiiiah|move: Toxic Spikes
|
|-heal|p1a: Glimmora|21/100|[from] item: Black Sludge
|-heal|p2a: Garganacl|93/100|[from] item: Leftovers
|-damage|p1a: Glimmora|8/100|[from] Salt Cure
|upkeep
|turn|11
|
|t:|1769406475
|move|p1a: Glimmora|Power Gem|p2a: Garganacl
|-damage|p2a: Garganacl|70/100
|move|p2a: Garganacl|Salt Cure|p1a: Glimmora
|-damage|p1a: Glimmora|0 fnt
|faint|p1a: Glimmora
|
|-heal|p2a: Garganacl|76/100|[from] item: Leftovers
|upkeep
|
|t:|1769406486
|switch|p1a: Slowking|Slowking, M|100/100
|turn|12
|
|t:|1769406496
|move|p2a: Garganacl|Salt Cure|p1a: Slowking
|-damage|p1a: Slowking|88/100
|-start|p1a: Slowking|Salt Cure
|move|p1a: Slowking|Scald|p2a: Garganacl
|-supereffective|p2a: Garganacl
|-damage|p2a: Garganacl|38/100
|
|-heal|p2a: Garganacl|45/100|[from] item: Leftovers
|-heal|p1a: Slowking|94/100|[from] item: Leftovers
|-damage|p1a: Slowking|69/100|[from] Salt Cure
|upkeep
|turn|13
|
|t:|1769406506
|move|p2a: Garganacl|Body Press|p1a: Slowking
|-resisted|p1a: Slowking
|-damage|p1a: Slowking|30/100
|move|p1a: Slowking|Psychic Noise|p2a: Garganacl
|-damage|p2a: Garganacl|27/100
|-start|p2a: Garganacl|move: Heal Block
|
|-heal|p1a: Slowking|36/100|[from] item: Leftovers
|-damage|p1a: Slowking|11/100|[from] Salt Cure
|upkeep
|turn|14
|
|t:|1769406518
|switch|p1a: Dragapult|Dragapult, M|100/100
|move|p2a: Garganacl|Body Press|p1a: Dragapult
|-immune|p1a: Dragapult
|
|-end|p2a: Garganacl|move: Heal Block
|upkeep
|turn|15
|
|t:|1769406525
|move|p1a: Dragapult|Draco Meteor|p2a: Garganacl
|-damage|p2a: Garganacl|0 fnt
|-unboost|p1a: Dragapult|spa|2
|faint|p2a: Garganacl
|
|upkeep
|
|t:|1769406547
|switch|p2a: Ogerpon|Ogerpon-Wellspring, F|100/100
|-damage|p2a: Ogerpon|88/100|[from] Stealth Rock
|-status|p2a: Ogerpon|tox
|turn|16
|
|t:|1769406557
|move|p1a: Dragapult|Draco Meteor|p2a: Ogerpon
|-damage|p2a: Ogerpon|42/100 tox
|-unboost|p1a: Dragapult|spa|2
|move|p2a: Ogerpon|Knock Off|p1a: Dragapult
|-supereffective|p1a: Dragapult
|-damage|p1a: Dragapult|0 fnt
|-enditem|p1a: Dragapult|Choice Specs|[from] move: Knock Off|[of] p2a: Ogerpon
|faint|p1a: Dragapult
|
|-damage|p2a: Ogerpon|36/100 tox|[from] psn
|upkeep
|
|t:|1769406566
|switch|p1a: Meowscarada|Meowscarada, M|100/100
|turn|17
|
|t:|1769406571
|switch|p2a: Moltres|Moltres|100/100
|move|p1a: Meowscarada|Flower Trick|p2a: Moltres
|-start|p1a: Meowscarada|typechange|Grass|[from] ability: Protean
|-resisted|p2a: Moltres
|-crit|p2a: Moltres
|-damage|p2a: Moltres|92/100
|
|upkeep
|turn|18
|
|t:|1769406585
|switch|p1a: Slowking|Slowking, M|44/100
|move|p2a: Moltres|U-turn|p1a: Slowking
|-supereffective|p1a: Slowking
|-damage|p1a: Slowking|21/100
|
|t:|1769406589
|switch|p2a: Pecharunt|Pecharunt|100/100|[from] U-turn
|-damage|p2a: Pecharunt|88/100|[from] Stealth Rock
|-sideend|p2: kiiiah|move: Toxic Spikes|[of] p2a: Pecharunt
|
|-heal|p2a: Pecharunt|94/100|[from] item: Leftovers
|-heal|p1a: Slowking|27/100|[from] item: Leftovers
|upkeep
|turn|19
|
|t:|1769406596
|move|p2a: Pecharunt|Nasty Plot|p2a: Pecharunt
|-boost|p2a: Pecharunt|spa|2
|move|p1a: Slowking|Slack Off|p1a: Slowking
|-heal|p1a: Slowking|77/100
|
|-heal|p2a: Pecharunt|99/100|[from] item: Leftovers
|-heal|p1a: Slowking|83/100|[from] item: Leftovers
|upkeep
|turn|20
|
|t:|1769406604
|move|p2a: Pecharunt|Shadow Ball|p1a: Slowking
|-supereffective|p1a: Slowking
|-damage|p1a: Slowking|0 fnt
|faint|p1a: Slowking
|
|-heal|p2a: Pecharunt|100/100|[from] item: Leftovers
|upkeep
|
|t:|1769406610
|switch|p1a: Meowscarada|Meowscarada, M|100/100
|turn|21
|
|t:|1769406614
|move|p1a: Meowscarada|Knock Off|p2a: Pecharunt
|-start|p1a: Meowscarada|typechange|Dark|[from] ability: Protean
|-supereffective|p2a: Pecharunt
|-damage|p2a: Pecharunt|30/100
|-enditem|p2a: Pecharunt|Leftovers|[from] move: Knock Off|[of] p1a: Meowscarada
|move|p2a: Pecharunt|Malignant Chain|p1a: Meowscarada
|-enditem|p1a: Meowscarada|Focus Sash
|-damage|p1a: Meowscarada|1/100
|
|upkeep
|turn|22
|
|t:|1769406626
|move|p1a: Meowscarada|Knock Off|p2a: Pecharunt
|-supereffective|p2a: Pecharunt
|-damage|p2a: Pecharunt|0 fnt
|faint|p2a: Pecharunt
|
|upkeep
|
|t:|1769406629
|switch|p2a: Moltres|Moltres|92/100
|turn|23
|
|t:|1769406635
|move|p1a: Meowscarada|Knock Off|p2a: Moltres
|-damage|p2a: Moltres|63/100
|-enditem|p2a: Moltres|Heavy-Duty Boots|[from] move: Knock Off|[of] p1a: Meowscarada
|move|p2a: Moltres|Flamethrower|p1a: Meowscarada
|-damage|p1a: Meowscarada|0 fnt
|faint|p1a: Meowscarada
|
|upkeep
|
|t:|1769406643
|switch|p1a: Weezing|Weezing-Galar, F|100/100
|turn|24
|
|t:|1769406648
|move|p2a: Moltres|Flamethrower|p1a: Weezing
|-crit|p1a: Weezing
|-damage|p1a: Weezing|43/100
|move|p1a: Weezing|Strange Steam|p2a: Moltres
|-resisted|p2a: Moltres
|-damage|p2a: Moltres|48/100
|
|upkeep
|turn|25
|
|t:|1769406656
|move|p2a: Moltres|Flamethrower|p1a: Weezing
|-crit|p1a: Weezing
|-damage|p1a: Weezing|0 fnt
|faint|p1a: Weezing
|
|win|kiiiah
|raw|sephy69's rating: 1127 &rarr; <strong>1100</strong><br />(-27 for losing)
|raw|kiiiah's rating: 1105 &rarr; <strong>1132</strong><br />(+27 for winning)
|l|☆sephy69
|player|p1|
