|j|☆antzinmypantz
|j|☆jarm2532
|t:|1769387064
|gametype|singles
|player|p1|antzinmypantz|101|1353
|player|p2|jarm2532|266|1351
|gen|9
|tier|[Gen 9] OU
|rated|
|rule|HP Percentage Mod: HP is shown in percentages
|rule|Endless Battle Clause: Forcing endless battles is banned
|rule|Species Clause: Limit one of each Pokémon
|rule|OHKO Clause: OHKO moves are banned
|rule|Evasion Items Clause: Evasion items are banned
|rule|Evasion Moves Clause: Evasion moves are banned
|rule|Evasion Abilities Clause: Evasion abilities are banned
|rule|Sleep Moves Clause: Sleep-inducing moves are banned
|clearpoke
|poke|p1|Sandslash-Alola, F|
|poke|p1|Primarina, F|
|poke|p1|Heracross, M|
|poke|p1|Uxie|
|poke|p1|Ceruledge, M|
|poke|p1|Meowscarada, F|
|poke|p2|Tyranitar, M|
|poke|p2|Excadrill, M|
|poke|p2|Empoleon, M|
|poke|p2|Tornadus-Therian, M|
|poke|p2|Zamazenta-*|
|poke|p2|Great Tusk|
|teampreview
|inactive|Battle timer is ON: inactive players will automatically lose when time's up. (requested by jarm2532)
|
|t:|1769387086
|teamsize|p1|6
|teamsize|p2|6
|start
|switch|p1a: Uxie|Uxie|100/100
|switch|p2a: Tornadus|Tornadus-Therian, M, shiny|100/100
|turn|1
|
|t:|1769387092
|move|p2a: Tornadus|Nasty Plot|p2a: Tornadus
|-boost|p2a: Tornadus|spa|2
|move|p1a: Uxie|Stealth Rock|p2a: Tornadus
|-sidestart|p2: jarm2532|move: Stealth Rock
|
|upkeep
|turn|2
|
|t:|1769387097
|move|p2a: Tornadus|Hurricane|p1a: Uxie
|-damage|p1a: Uxie|26/100
|move|p1a: Uxie|Light Screen|p1a: Uxie
|-sidestart|p1: antzinmypantz|move: Light Screen
|
|upkeep
|turn|3
|
|t:|1769387103
|move|p2a: Tornadus|Hurricane|p1a: Uxie|[miss]
|-miss|p2a: Tornadus|p1a: Uxie
|move|p1a: Uxie|Memento|p2a: Tornadus
|-unboost|p2a: Tornadus|atk|2
|-unboost|p2a: Tornadus|spa|2
|faint|p1a: Uxie
|
|upkeep
|
|t:|1769387115
|switch|p1a: Ceruledge|Ceruledge, M|100/100
|turn|4
|
|t:|1769387130
|switch|p2a: Empoleon|Empoleon, M|100/100
|-damage|p2a: Empoleon|94/100|[from] Stealth Rock
|move|p1a: Ceruledge|Bitter Blade|p2a: Empoleon
|-damage|p2a: Empoleon|49/100
|
|-heal|p2a: Empoleon|55/100|[from] item: Leftovers
|upkeep
|turn|5
|
|t:|1769387142
|move|p1a: Ceruledge|Close Combat|p2a: Empoleon
|-supereffective|p2a: Empoleon
|-crit|p2a: Empoleon
|-damage|p2a: Empoleon|0 fnt
|-unboost|p1a: Ceruledge|def|1
|-unboost|p1a: Ceruledge|spd|1
|faint|p2a: Empoleon
|
|upkeep
|
|t:|1769387149
|switch|p2a: Great Tusk|Great Tusk, shiny|100/100
|-damage|p2a: Great Tusk|98/100|[from] Stealth Rock
|turn|6
|
|t:|1769387160
|move|p1a: Ceruledge|Bitter Blade|p2a: Great Tusk
|-damage|p2a: Great Tusk|74/100
|move|p2a: Great Tusk|Rapid Spin|p1a: Ceruledge
|-immune|p1a: Ceruledge
|
|-heal|p2a: Great Tusk|81/100|[from] item: Leftovers
|upkeep
|turn|7
|
|t:|1769387170
|switch|p1a: Sandslash|Sandslash-Alola, F|100/100
|-item|p1a: Sandslash|Air Balloon
|move|p2a: Great Tusk|Headlong Rush|p1a: Sandslash
|-immune|p1a: Sandslash
|
|-heal|p2a: Great Tusk|87/100|[from] item: Leftovers
|upkeep
|turn|8
|
|t:|1769387178
|move|p1a: Sandslash|Icicle Crash|p2a: Great Tusk
|-supereffective|p2a: Great Tusk
|-damage|p2a: Great Tusk|48/100
|move|p2a: Great Tusk|Rapid Spin|p1a: Sandslash
|-resisted|p1a: Sandslash
|-damage|p1a: Sandslash|93/100
|-boost|p2a: Great Tusk|spe|1
|-enditem|p1a: Sandslash|Air Balloon
|-sideend|p2: jarm2532|Stealth Rock|[from] move: Rapid Spin|[of] p2a: Great Tusk
|
|-heal|p2a: Great Tusk|54/100|[from] item: Leftovers
|upkeep
|turn|9
|
|t:|1769387198
|-end|p2a: Great Tusk|Protosynthesis|[silent]
|switch|p2a: Zamazenta|Zamazenta|100/100
|-ability|p2a: Zamazenta|Dauntless Shield|boost
|-boost|p2a: Zamazenta|def|1
|move|p1a: Sandslash|Icicle Crash|p2a: Zamazenta|[miss]
|-miss|p1a: Sandslash|p2a: Zamazenta
|
|-sideend|p1: antzinmypantz|move: Light Screen
|upkeep
|turn|10
|
|t:|1769387207
|switch|p1a: Primarina|Primarina, F|100/100
|move|p2a: Zamazenta|Stone Edge|p1a: Primarina
|-damage|p1a: Primarina|33/100
|
|upkeep
|turn|11
|
|t:|1769387213
|move|p2a: Zamazenta|Stone Edge|p1a: Primarina
|-damage|p1a: Primarina|0 fnt
|faint|p1a: Primarina
|
|upkeep
|
|t:|1769387223
|switch|p1a: Meowscarada|Meowscarada, F|100/100
|turn|12
|
|t:|1769387230
|move|p1a: Meowscarada|Flower Trick|p2a: Zamazenta
|-start|p1a: Meowscarada|typechange|Grass|[from] ability: Protean
|-crit|p2a: Zamazenta
|-damage|p2a: Zamazenta|56/100
|move|p2a: Zamazenta|Stone Edge|p1a: Meowscarada|[miss]
|-miss|p2a: Zamazenta|p1a: Meowscarada
|
|upkeep
|turn|13
|
|t:|1769387239
|switch|p2a: Tornadus|Tornadus-Therian, M, shiny|100/100
|move|p1a: Meowscarada|Flower Trick|p2a: Tornadus
|-resisted|p2a: Tornadus
|-crit|p2a: Tornadus
|-damage|p2a: Tornadus|69/100
|
|upkeep
|turn|14
|
|t:|1769387247
|switch|p1a: Sandslash|Sandslash-Alola, F|93/100
|move|p2a: Tornadus|Nasty Plot|p2a: Tornadus
|-boost|p2a: Tornadus|spa|2
|
|upkeep
|turn|15
|
|t:|1769387254
|move|p2a: Tornadus|Heat Wave|p1a: Sandslash|[miss]
|-miss|p2a: Tornadus|p1a: Sandslash
|move|p1a: Sandslash|Icicle Crash|p2a: Tornadus
|-supereffective|p2a: Tornadus
|-damage|p2a: Tornadus|0 fnt
|faint|p2a: Tornadus
|
|upkeep
|
|t:|1769387274
|switch|p2a: Zamazenta|Zamazenta|56/100
|turn|16
|
|t:|1769387281
|move|p2a: Zamazenta|Stone Edge|p1a: Sandslash
|-damage|p1a: Sandslash|38/100
|move|p1a: Sandslash|Icicle Crash|p2a: Zamazenta
|-damage|p2a: Zamazenta|17/100
|
|upkeep
|turn|17
|
|t:|1769387289
|switch|p2a: Excadrill|Excadrill, M, shiny|100/100
|move|p1a: Sandslash|Iron Head|p2a: Excadrill
|-resisted|p2a: Excadrill
|-damage|p2a: Excadrill|77/100
|
|-heal|p2a: Excadrill|83/100|[from] item: Leftovers
|upkeep
|turn|18
|-message|jarm2532 forfeited.
|
|win|antzinmypantz
|raw|antzinmypantz's rating: 1353 &rarr; <strong>1373</strong><br />(+20 for winning)
|raw|jarm2532's rating: 1351 &rarr; <strong>1331</strong><br />(-20 for losing)
|l|☆jarm2532
|player|p2|
|l|☆antzinmypantz
|player|p1|
