|j|☆pinguitc
|j|☆JoseWolf22
|t:|1769388057
|gametype|singles
|player|p1|pinguitc|twins-gen4|
|player|p2|JoseWolf22|ghetsis|
|gen|9
|tier|[Gen 9] OU
|rule|HP Percentage Mod: HP is shown in percentages
|rule|Endless Battle Clause: Forcing endless battles is banned
|rule|Species Clause: Limit one of each Pokémon
|rule|OHKO Clause: OHKO moves are banned
|rule|Evasion Items Clause: Evasion items are banned
|rule|Evasion Moves Clause: Evasion moves are banned
|rule|Evasion Abilities Clause: Evasion abilities are banned
|rule|Sleep Moves Clause: Sleep-inducing moves are banned
|clearpoke
|poke|p1|Deoxys-Speed|
|poke|p1|Ceruledge, F|
|poke|p1|Zamazenta-*|
|poke|p1|Ogerpon-Wellspring, F|
|poke|p1|Glimmora, F|
|poke|p1|Moltres-Galar|
|poke|p2|Zamazenta-*|
|poke|p2|Ogerpon-Wellspring, F|
|poke|p2|Slowking-Galar, M|
|poke|p2|Great Tusk|
|poke|p2|Kingambit, M|
|poke|p2|Moltres|
|teampreview
|c|☆JoseWolf22|Ese team lo usan todos o qué? XD
|
|t:|1769388083
|teamsize|p1|6
|teamsize|p2|6
|start
|switch|p1a: Deoxys|Deoxys-Speed|100/100
|switch|p2a: Slowking|Slowking-Galar, M|100/100
|-ability|p1a: Deoxys|Pressure
|turn|1
|inactive|Battle timer is ON: inactive players will automatically lose when time's up. (requested by pinguitc)
|c|☆pinguitc|pa la final
|
|t:|1769388101
|move|p1a: Deoxys|Light Screen|p1a: Deoxys
|-sidestart|p1: pinguitc|move: Light Screen
|move|p2a: Slowking|Sludge Bomb|p1a: Deoxys
|-damage|p1a: Deoxys|72/100
|
|upkeep
|turn|2
|
|t:|1769388113
|switch|p1a: Glimmora|Glimmora, F|100/100
|move|p2a: Slowking|Sludge Bomb|p1a: Glimmora
|-resisted|p1a: Glimmora
|-damage|p1a: Glimmora|93/100
|
|upkeep
|turn|3
|
|t:|1769388121
|move|p1a: Glimmora|Meteor Beam||[still]
|-prepare|p1a: Glimmora|Meteor Beam
|-boost|p1a: Glimmora|spa|1
|-enditem|p1a: Glimmora|Power Herb
|-anim|p1a: Glimmora|Meteor Beam|p2a: Slowking
|-damage|p2a: Slowking|56/100
|move|p2a: Slowking|Psychic Noise|p1a: Glimmora
|-supereffective|p1a: Glimmora
|-damage|p1a: Glimmora|41/100
|-start|p1a: Glimmora|move: Heal Block
|
|upkeep
|turn|4
|
|t:|1769388143
|move|p1a: Glimmora|Earth Power|p2a: Slowking
|-supereffective|p2a: Slowking
|-damage|p2a: Slowking|9/100
|move|p2a: Slowking|Psychic Noise|p1a: Glimmora
|-supereffective|p1a: Glimmora
|-damage|p1a: Glimmora|0 fnt
|faint|p1a: Glimmora
|
|upkeep
|inactive|pinguitc has 270 seconds left.
|
|t:|1769388200
|switch|p1a: Ogerpon|Ogerpon-Wellspring, F|100/100
|turn|5
|inactive|pinguitc has 240 seconds left.
|
|t:|1769388221
|switch|p2a: Ogerpon|Ogerpon-Wellspring, F|100/100
|move|p1a: Ogerpon|Swords Dance|p1a: Ogerpon
|-boost|p1a: Ogerpon|atk|2
|
|upkeep
|turn|6
|
|t:|1769388230
|switch|p2a: Moltres|Moltres|100/100
|move|p1a: Ogerpon|Horn Leech|p2a: Moltres
|-resisted|p2a: Moltres
|-damage|p2a: Moltres|85/100
|
|upkeep
|turn|7
|
|t:|1769388238
|switch|p2a: Ogerpon|Ogerpon-Wellspring, F|100/100
|move|p1a: Ogerpon|Play Rough|p2a: Ogerpon
|-damage|p2a: Ogerpon|10/100
|
|upkeep
|turn|8
|
|t:|1769388250
|move|p2a: Ogerpon|U-turn|p1a: Ogerpon
|-supereffective|p1a: Ogerpon
|-damage|p1a: Ogerpon|27/100
|
|t:|1769388253
|switch|p2a: Moltres|Moltres|85/100|[from] U-turn
|move|p1a: Ogerpon|Horn Leech|p2a: Moltres
|-resisted|p2a: Moltres
|-damage|p2a: Moltres|69/100
|-heal|p1a: Ogerpon|37/100|[from] drain|[of] p2a: Moltres
|
|-sideend|p1: pinguitc|move: Light Screen
|upkeep
|turn|9
|
|t:|1769388267
|move|p1a: Ogerpon|Play Rough|p2a: Moltres
|-resisted|p2a: Moltres
|-damage|p2a: Moltres|47/100
|-status|p1a: Ogerpon|brn|[from] ability: Flame Body|[of] p2a: Moltres
|move|p2a: Moltres|U-turn|p1a: Ogerpon
|-supereffective|p1a: Ogerpon
|-damage|p1a: Ogerpon|0 fnt
|faint|p1a: Ogerpon
|
|t:|1769388287
|switch|p2a: Ogerpon|Ogerpon-Wellspring, F|10/100|[from] U-turn
|
|upkeep
|
|t:|1769388309
|switch|p1a: Deoxys|Deoxys-Speed|72/100
|-ability|p1a: Deoxys|Pressure
|turn|10
|
|t:|1769388316
|move|p1a: Deoxys|Psycho Boost|p2a: Ogerpon
|-damage|p2a: Ogerpon|0 fnt
|-unboost|p1a: Deoxys|spa|2
|faint|p2a: Ogerpon
|
|upkeep
|
|t:|1769388323
|switch|p2a: Slowking|Slowking-Galar, M|43/100
|turn|11
|
|t:|1769388335
|switch|p2a: Moltres|Moltres|47/100
|move|p1a: Deoxys|Light Screen|p1a: Deoxys
|-sidestart|p1: pinguitc|move: Light Screen
|
|upkeep
|turn|12
|inactive|pinguitc has 270 seconds left.
|
|t:|1769388353
|move|p1a: Deoxys|Taunt|p2a: Moltres
|-start|p2a: Moltres|move: Taunt
|cant|p2a: Moltres|move: Taunt|Roost
|
|upkeep
|turn|13
|
|t:|1769388374
|move|p1a: Deoxys|Reflect|p1a: Deoxys
|-sidestart|p1: pinguitc|Reflect
|move|p2a: Moltres|U-turn|p1a: Deoxys
|-supereffective|p1a: Deoxys
|-damage|p1a: Deoxys|52/100
|
|t:|1769388383
|switch|p2a: Kingambit|Kingambit, M|100/100|[from] U-turn
|-activate|p2a: Kingambit|ability: Supreme Overlord
|-start|p2a: Kingambit|fallen1|[silent]
|
|upkeep
|turn|14
|
|t:|1769388393
|switch|p1a: Zamazenta|Zamazenta|100/100
|-ability|p1a: Zamazenta|Dauntless Shield|boost
|-boost|p1a: Zamazenta|def|1
|-end|p2a: Kingambit|fallen1|[silent]
|switch|p2a: Slowking|Slowking-Galar, M|76/100
|
|upkeep
|turn|15
|
|t:|1769388403
|switch|p1a: Moltres|Moltres-Galar|100/100
|move|p2a: Slowking|Psychic Noise|p1a: Moltres
|-immune|p1a: Moltres
|
|upkeep
|turn|16
|inactive|pinguitc has 270 seconds left.
|
|t:|1769388428
|switch|p1a: Ceruledge|Ceruledge, F|100/100
|move|p2a: Slowking|Sludge Bomb|p1a: Ceruledge
|-resisted|p1a: Ceruledge
|-damage|p1a: Ceruledge|87/100
|-status|p1a: Ceruledge|psn
|
|-damage|p1a: Ceruledge|75/100 psn|[from] psn
|upkeep
|turn|17
|
|t:|1769388442
|switch|p2a: Great Tusk|Great Tusk|100/100
|move|p1a: Ceruledge|Bitter Blade|p2a: Great Tusk
|-damage|p2a: Great Tusk|65/100
|-heal|p1a: Ceruledge|97/100 psn|[from] drain|[of] p2a: Great Tusk
|-damage|p1a: Ceruledge|81/100 psn|[from] item: Rocky Helmet|[of] p2a: Great Tusk
|
|-damage|p1a: Ceruledge|68/100 psn|[from] psn
|upkeep
|turn|18
|
|t:|1769388453
|switch|p1a: Moltres|Moltres-Galar|100/100
|move|p2a: Great Tusk|Stealth Rock|p1a: Moltres
|-sidestart|p1: pinguitc|move: Stealth Rock
|
|-sideend|p1: pinguitc|move: Light Screen
|upkeep
|turn|19
|
|t:|1769388465
|move|p2a: Great Tusk|Ice Spinner|p1a: Moltres
|-supereffective|p1a: Moltres
|-damage|p1a: Moltres|80/100
|-enditem|p1a: Moltres|Weakness Policy
|-boost|p1a: Moltres|atk|2|[from] item: Weakness Policy
|-boost|p1a: Moltres|spa|2|[from] item: Weakness Policy
|move|p1a: Moltres|Agility|p1a: Moltres
|-boost|p1a: Moltres|spe|2
|
|upkeep
|turn|20
|inactive|pinguitc has 270 seconds left.
|
|t:|1769388484
|-end|p2a: Great Tusk|Protosynthesis|[silent]
|switch|p2a: Kingambit|Kingambit, M|100/100
|-activate|p2a: Kingambit|ability: Supreme Overlord
|-start|p2a: Kingambit|fallen1|[silent]
|move|p1a: Moltres|Hurricane|p2a: Kingambit
|-resisted|p2a: Kingambit
|-damage|p2a: Kingambit|64/100
|
|-heal|p2a: Kingambit|71/100|[from] item: Leftovers
|-sideend|p1: pinguitc|Reflect
|upkeep
|turn|21
|inactive|pinguitc has 270 seconds left.
|
|t:|1769388499
|move|p1a: Moltres|Fiery Wrath|p2a: Kingambit
|-resisted|p2a: Kingambit
|-damage|p2a: Kingambit|41/100
|move|p2a: Kingambit|Iron Head|p1a: Moltres
|-damage|p1a: Moltres|42/100
|-ability|p1a: Moltres|Berserk|boost
|-boost|p1a: Moltres|spa|1
|
|-heal|p2a: Kingambit|48/100|[from] item: Leftovers
|upkeep
|turn|22
|inactive|pinguitc has 270 seconds left.
|
|t:|1769388517
|-terastallize|p1a: Moltres|Fairy
|move|p2a: Kingambit|Sucker Punch|p1a: Moltres
|-resisted|p1a: Moltres
|-damage|p1a: Moltres|27/100
|move|p1a: Moltres|Tera Blast|p2a: Kingambit|[anim] Tera Blast Fairy
|-damage|p2a: Kingambit|0 fnt
|faint|p2a: Kingambit
|-end|p2a: Kingambit|fallen1|[silent]
|
|upkeep
|
|t:|1769388528
|switch|p2a: Slowking|Slowking-Galar, M|100/100
|turn|23
|inactive|pinguitc has 270 seconds left.
|
|t:|1769388534
|-terastallize|p2a: Slowking|Fairy
|move|p1a: Moltres|Fiery Wrath|p2a: Slowking
|-resisted|p2a: Slowking
|-damage|p2a: Slowking|81/100
|cant|p2a: Slowking|flinch
|
|upkeep
|turn|24
|inactive|pinguitc has 270 seconds left.
|
|t:|1769388546
|move|p1a: Moltres|Hurricane|p2a: Slowking
|-damage|p2a: Slowking|30/100
|move|p2a: Slowking|Sludge Bomb|p1a: Moltres
|-supereffective|p1a: Moltres
|-damage|p1a: Moltres|0 fnt
|faint|p1a: Moltres
|
|upkeep
|inactive|pinguitc has 270 seconds left.
|
|t:|1769388563
|switch|p1a: Ceruledge|Ceruledge, F|68/100 psn
|-damage|p1a: Ceruledge|43/100 psn|[from] Stealth Rock
|turn|25
|
|t:|1769388572
|switch|p2a: Moltres|Moltres|47/100
|move|p1a: Ceruledge|Poltergeist|p2a: Moltres
|-activate|p2a: Moltres|move: Poltergeist|Heavy-Duty Boots
|-damage|p2a: Moltres|3/100
|
|-damage|p1a: Ceruledge|31/100 psn|[from] psn
|upkeep
|turn|26
|inactive|pinguitc has 270 seconds left.
|
|t:|1769388595
|move|p1a: Ceruledge|Shadow Sneak|p2a: Moltres
|-damage|p2a: Moltres|0 fnt
|faint|p2a: Moltres
|
|-damage|p1a: Ceruledge|19/100 psn|[from] psn
|upkeep
|
|t:|1769388606
|switch|p2a: Great Tusk|Great Tusk|65/100
|turn|27
|inactive|pinguitc has 270 seconds left.
|
|t:|1769388634
|move|p2a: Great Tusk|Ice Spinner|p1a: Ceruledge
|-resisted|p1a: Ceruledge
|-crit|p1a: Ceruledge
|-damage|p1a: Ceruledge|0 fnt
|faint|p1a: Ceruledge
|
|upkeep
|inactive|pinguitc has 240 seconds left.
|inactive|pinguitc has 210 seconds left.
|
|t:|1769388685
|switch|p1a: Deoxys|Deoxys-Speed|52/100
|-damage|p1a: Deoxys|40/100|[from] Stealth Rock
|-ability|p1a: Deoxys|Pressure
|turn|28
|inactive|pinguitc has 210 seconds left.
|inactive|JoseWolf22 has 270 seconds left.
|
|t:|1769388711
|-end|p2a: Great Tusk|Protosynthesis|[silent]
|switch|p2a: Slowking|Slowking-Galar, M, tera:Fairy|63/100
|move|p1a: Deoxys|Psycho Boost|p2a: Slowking
|-damage|p2a: Slowking|39/100
|-unboost|p1a: Deoxys|spa|2
|
|upkeep
|turn|29
|inactive|pinguitc has 210 seconds left.
|
|t:|1769388720
|move|p1a: Deoxys|Light Screen|p1a: Deoxys
|-sidestart|p1: pinguitc|move: Light Screen
|move|p2a: Slowking|Sludge Bomb|p1a: Deoxys
|-damage|p1a: Deoxys|10/100
|
|upkeep
|turn|30
|inactive|pinguitc has 210 seconds left.
|
|t:|1769388736
|move|p1a: Deoxys|Reflect|p1a: Deoxys
|-sidestart|p1: pinguitc|Reflect
|move|p2a: Slowking|Sludge Bomb|p1a: Deoxys
|-damage|p1a: Deoxys|0 fnt
|faint|p1a: Deoxys
|
|upkeep
|
|t:|1769388738
|switch|p1a: Zamazenta|Zamazenta|100/100
|-damage|p1a: Zamazenta|94/100|[from] Stealth Rock
|turn|31
|inactive|pinguitc has 210 seconds left.
|
|t:|1769388751
|move|p1a: Zamazenta|Iron Defense|p1a: Zamazenta
|-boost|p1a: Zamazenta|def|2
|move|p2a: Slowking|Psychic Noise|p1a: Zamazenta
|-supereffective|p1a: Zamazenta
|-damage|p1a: Zamazenta|58/100
|-start|p1a: Zamazenta|move: Heal Block
|
|upkeep
|turn|32
|inactive|pinguitc has 210 seconds left.
|
|t:|1769388772
|move|p1a: Zamazenta|Body Press|p2a: Slowking
|-resisted|p2a: Slowking
|-damage|p2a: Slowking|0 fnt
|faint|p2a: Slowking
|
|-end|p1a: Zamazenta|move: Heal Block
|upkeep
|
|t:|1769388779
|switch|p2a: Great Tusk|Great Tusk|65/100
|turn|33
|
|t:|1769388790
|move|p1a: Zamazenta|Iron Defense|p1a: Zamazenta
|-boost|p1a: Zamazenta|def|2
|move|p2a: Great Tusk|Rapid Spin|p1a: Zamazenta
|-damage|p1a: Zamazenta|56/100
|-boost|p2a: Great Tusk|spe|1
|
|-heal|p1a: Zamazenta|62/100|[from] item: Leftovers
|upkeep
|turn|34
|
|t:|1769388800
|move|p2a: Great Tusk|Headlong Rush|p1a: Zamazenta
|-damage|p1a: Zamazenta|54/100
|-unboost|p2a: Great Tusk|def|1
|-unboost|p2a: Great Tusk|spd|1
|move|p1a: Zamazenta|Iron Defense|p1a: Zamazenta
|-boost|p1a: Zamazenta|def|2
|
|-heal|p1a: Zamazenta|60/100|[from] item: Leftovers
|upkeep
|turn|35
|
|t:|1769388816
|move|p2a: Great Tusk|Headlong Rush|p1a: Zamazenta
|-damage|p1a: Zamazenta|55/100
|-unboost|p2a: Great Tusk|def|1
|-unboost|p2a: Great Tusk|spd|1
|move|p1a: Zamazenta|Body Press|p2a: Great Tusk
|-damage|p2a: Great Tusk|0 fnt
|-damage|p1a: Zamazenta|38/100|[from] item: Rocky Helmet|[of] p2a: Great Tusk
|faint|p2a: Great Tusk
|-end|p2a: Great Tusk|Protosynthesis|[silent]
|
|-heal|p1a: Zamazenta|44/100|[from] item: Leftovers
|upkeep
|
|t:|1769388830
|switch|p2a: Zamazenta|Zamazenta|100/100
|-ability|p2a: Zamazenta|Dauntless Shield|boost
|-boost|p2a: Zamazenta|def|1
|turn|36
|
|t:|1769388838
|move|p2a: Zamazenta|Close Combat|p1a: Zamazenta
|-damage|p1a: Zamazenta|39/100
|-unboost|p2a: Zamazenta|def|1
|-unboost|p2a: Zamazenta|spd|1
|move|p1a: Zamazenta|Body Press|p2a: Zamazenta
|-damage|p2a: Zamazenta|0 fnt
|faint|p2a: Zamazenta
|
|win|pinguitc
|l|☆JoseWolf22
|player|p2|
