|j|☆madleying
|j|☆yiiiih
|t:|1769393656
|gametype|singles
|player|p1|madleying|jasmine|1346
|player|p2|yiiiih|bellelba|1438
|gen|9
|tier|[Gen 9] OU
|rated|
|rule|HP Percentage Mod: HP is shown in percentages
|rule|Endless Battle Clause: Forcing endless battles is banned
|rule|Species Clause: Limit one of each Pokémon
|rule|OHKO Clause: OHKO moves are banned
|rule|Evasion Items Clause: Evasion items are banned
|rule|Evasion Moves Clause: Evasion moves are banned
|rule|Evasion Abilities Clause: Evasion abilities are banned
|rule|Sleep Moves Clause: Sleep-inducing moves are banned
|clearpoke
|poke|p1|Gholdengo|
|poke|p1|Darkrai|
|poke|p1|Clefable, F|
|poke|p1|Ting-Lu|
|poke|p1|Dragonite, F|
|poke|p1|Pecharunt|
|poke|p2|Deoxys-Speed|
|poke|p2|Araquanid, F|
|poke|p2|Great Tusk|
|poke|p2|Gholdengo|
|poke|p2|Enamorus, F|
|poke|p2|Iron Moth|
|teampreview
|inactive|Battle timer is ON: inactive players will automatically lose when time's up. (requested by yiiiih)
|
|t:|1769393671
|teamsize|p1|6
|teamsize|p2|6
|start
|switch|p1a: Pecharunt|Pecharunt|100/100
|switch|p2a: Chemin d'or|Araquanid, F|100/100
|turn|1
|
|t:|1769393678
|move|p1a: Pecharunt|Nasty Plot|p1a: Pecharunt
|-boost|p1a: Pecharunt|spa|2
|move|p2a: Chemin d'or|Sticky Web|p1a: Pecharunt
|-sidestart|p1: madleying|move: Sticky Web
|
|upkeep
|turn|2
|
|t:|1769393685
|move|p1a: Pecharunt|Malignant Chain|p2a: Chemin d'or
|-damage|p2a: Chemin d'or|51/100
|-enditem|p2a: Chemin d'or|Red Card|[of] p1a: Pecharunt
|drag|p1a: Dragonite|Dragonite, F|100/100
|move|p2a: Chemin d'or|Surf|p1a: Dragonite
|-resisted|p1a: Dragonite
|-damage|p1a: Dragonite|87/100
|
|upkeep
|turn|3
|
|t:|1769393706
|switch|p2a: Millionaire|Gholdengo|100/100
|-item|p2a: Millionaire|Air Balloon
|move|p1a: Dragonite|Dragon Dance|p1a: Dragonite
|-boost|p1a: Dragonite|atk|1
|-boost|p1a: Dragonite|spe|1
|
|upkeep
|turn|4
|
|t:|1769393714
|switch|p1a: Ting-Lu|Ting-Lu|100/100
|-activate|p1a: Ting-Lu|move: Sticky Web
|-unboost|p1a: Ting-Lu|spe|1
|-ability|p1a: Ting-Lu|Vessel of Ruin
|move|p2a: Millionaire|Make It Rain|p1a: Ting-Lu
|-damage|p1a: Ting-Lu|73/100
|-unboost|p2a: Millionaire|spa|1
|-enditem|p1a: Ting-Lu|Red Card|[of] p2a: Millionaire
|drag|p2a: Laboratoire|Deoxys-Speed|100/100
|-ability|p2a: Laboratoire|Pressure
|
|upkeep
|turn|5
|
|t:|1769393720
|move|p2a: Laboratoire|Focus Blast|p1a: Ting-Lu
|-supereffective|p1a: Ting-Lu
|-damage|p1a: Ting-Lu|27/100
|-damage|p2a: Laboratoire|91/100|[from] item: Life Orb
|move|p1a: Ting-Lu|Stealth Rock|p2a: Laboratoire
|-sidestart|p2: yiiiih|move: Stealth Rock
|
|upkeep
|turn|6
|
|t:|1769393730
|switch|p1a: Gholdengo|Gholdengo|100/100
|-activate|p1a: Gholdengo|move: Sticky Web
|-unboost|p1a: Gholdengo|spe|1
|move|p2a: Laboratoire|Focus Blast|p1a: Gholdengo
|-immune|p1a: Gholdengo
|
|upkeep
|turn|7
|
|t:|1769393737
|move|p2a: Laboratoire|Dark Pulse|p1a: Gholdengo
|-supereffective|p1a: Gholdengo
|-damage|p1a: Gholdengo|19/100
|-damage|p2a: Laboratoire|81/100|[from] item: Life Orb
|move|p1a: Gholdengo|Shadow Ball|p2a: Laboratoire
|-supereffective|p2a: Laboratoire
|-damage|p2a: Laboratoire|0 fnt
|faint|p2a: Laboratoire
|
|upkeep
|
|t:|1769393752
|switch|p2a: Chemin d'or|Araquanid, F|51/100
|-damage|p2a: Chemin d'or|26/100|[from] Stealth Rock
|turn|8
|
|t:|1769393755
|move|p1a: Gholdengo|Shadow Ball|p2a: Chemin d'or
|-damage|p2a: Chemin d'or|0 fnt
|faint|p2a: Chemin d'or
|
|upkeep
|
|t:|1769393758
|switch|p2a: Ciao|Iron Moth|100/100
|-damage|p2a: Ciao|76/100|[from] Stealth Rock
|-enditem|p2a: Ciao|Booster Energy
|-activate|p2a: Ciao|ability: Quark Drive|[fromitem]
|-start|p2a: Ciao|quarkdrivespa
|turn|9
|
|t:|1769393760
|move|p2a: Ciao|Fiery Dance|p1a: Gholdengo
|-supereffective|p1a: Gholdengo
|-damage|p1a: Gholdengo|0 fnt
|-boost|p2a: Ciao|spa|1
|faint|p1a: Gholdengo
|
|upkeep
|
|t:|1769393764
|switch|p1a: Dragonite|Dragonite, F|87/100
|turn|10
|
|t:|1769393770
|-terastallize|p2a: Ciao|Grass
|move|p2a: Ciao|Dazzling Gleam|p1a: Dragonite
|-supereffective|p1a: Dragonite
|-damage|p1a: Dragonite|0 fnt
|faint|p1a: Dragonite
|
|upkeep
|
|t:|1769393773
|switch|p1a: Darkrai|Darkrai|100/100
|turn|11
|
|t:|1769393778
|-terastallize|p1a: Darkrai|Ghost
|move|p1a: Darkrai|Ice Beam|p2a: Ciao
|-supereffective|p2a: Ciao
|-damage|p2a: Ciao|6/100
|move|p2a: Ciao|Dazzling Gleam|p1a: Darkrai
|-damage|p1a: Darkrai|15/100
|
|upkeep
|turn|12
|
|t:|1769393788
|switch|p1a: Ting-Lu|Ting-Lu|27/100
|-activate|p1a: Ting-Lu|move: Sticky Web
|-unboost|p1a: Ting-Lu|spe|1
|-ability|p1a: Ting-Lu|Vessel of Ruin
|move|p2a: Ciao|Fiery Dance|p1a: Ting-Lu
|-damage|p1a: Ting-Lu|0 fnt
|faint|p1a: Ting-Lu
|
|upkeep
|
|t:|1769393791
|switch|p1a: Clefable|Clefable, F|100/100
|-activate|p1a: Clefable|move: Sticky Web
|-unboost|p1a: Clefable|spe|1
|turn|13
|
|t:|1769393797
|move|p2a: Ciao|Sludge Wave|p1a: Clefable
|-supereffective|p1a: Clefable
|-crit|p1a: Clefable
|-damage|p1a: Clefable|0 fnt
|faint|p1a: Clefable
|
|upkeep
|
|t:|1769393799
|switch|p1a: Pecharunt|Pecharunt|100/100
|turn|14
|
|t:|1769393804
|move|p2a: Ciao|Fiery Dance|p1a: Pecharunt
|-damage|p1a: Pecharunt|10/100
|move|p1a: Pecharunt|Shadow Ball|p2a: Ciao
|-damage|p2a: Ciao|0 fnt
|faint|p2a: Ciao
|-end|p2a: Ciao|Quark Drive|[silent]
|
|upkeep
|
|t:|1769393811
|switch|p2a: Escorte|Enamorus, F|100/100
|-damage|p2a: Escorte|76/100|[from] Stealth Rock
|turn|15
|
|t:|1769393821
|move|p2a: Escorte|Earth Power|p1a: Pecharunt
|-supereffective|p1a: Pecharunt
|-damage|p1a: Pecharunt|0 fnt
|faint|p1a: Pecharunt
|-damage|p2a: Escorte|66/100|[from] item: Life Orb
|
|upkeep
|
|t:|1769393824
|switch|p1a: Darkrai|Darkrai, tera:Ghost|15/100
|turn|16
|
|t:|1769393827
|move|p1a: Darkrai|Ice Beam|p2a: Escorte
|-supereffective|p2a: Escorte
|-damage|p2a: Escorte|0 fnt
|faint|p2a: Escorte
|
|upkeep
|
|t:|1769393830
|switch|p2a: Millionaire|Gholdengo|100/100
|-damage|p2a: Millionaire|94/100|[from] Stealth Rock
|-item|p2a: Millionaire|Air Balloon
|turn|17
|
|t:|1769393835
|move|p1a: Darkrai|Dark Pulse|p2a: Millionaire
|-supereffective|p2a: Millionaire
|-damage|p2a: Millionaire|0 fnt
|-enditem|p2a: Millionaire|Air Balloon
|faint|p2a: Millionaire
|
|upkeep
|
|t:|1769393837
|switch|p2a: Rude Boy|Great Tusk|100/100
|-damage|p2a: Rude Boy|97/100|[from] Stealth Rock
|-enditem|p2a: Rude Boy|Booster Energy
|-activate|p2a: Rude Boy|ability: Protosynthesis|[fromitem]
|-start|p2a: Rude Boy|protosynthesisatk
|turn|18
|
|t:|1769393843
|move|p1a: Darkrai|Dark Pulse|p2a: Rude Boy
|-resisted|p2a: Rude Boy
|-damage|p2a: Rude Boy|66/100
|move|p2a: Rude Boy|Ice Spinner|p1a: Darkrai
|-damage|p1a: Darkrai|0 fnt
|faint|p1a: Darkrai
|
|win|yiiiih
|raw|madleying's rating: 1346 &rarr; <strong>1331</strong><br />(-15 for losing)
|raw|yiiiih's rating: 1438 &rarr; <strong>1453</strong><br />(+15 for winning)
