|j|☆Chorley Cakes
|j|☆henryagainfrfr
|t:|1769356461
|gametype|singles
|player|p1|Chorley Cakes|waiter-gen4|1611
|player|p2|henryagainfrfr|wallace|1631
|gen|9
|tier|[Gen 9] OU
|rated|
|rule|HP Percentage Mod: HP is shown in percentages
|rule|Endless Battle Clause: Forcing endless battles is banned
|rule|Species Clause: Limit one of each Pokémon
|rule|OHKO Clause: OHKO moves are banned
|rule|Evasion Items Clause: Evasion items are banned
|rule|Evasion Moves Clause: Evasion moves are banned
|rule|Evasion Abilities Clause: Evasion abilities are banned
|rule|Sleep Moves Clause: Sleep-inducing moves are banned
|clearpoke
|poke|p1|Pelipper, F|
|poke|p1|Barraskewda, M|
|poke|p1|Tornadus-Therian, M|
|poke|p1|Toxicroak, M|
|poke|p1|Iron Treads|
|poke|p1|Dragapult, F|
|poke|p2|Glimmora, F|
|poke|p2|Landorus-Therian, M|
|poke|p2|Kyurem|
|poke|p2|Kingambit, F|
|poke|p2|Iron Valiant|
|poke|p2|Cinderace, M|
|teampreview
|inactive|Battle timer is ON: inactive players will automatically lose when time's up. (requested by Chorley Cakes)
|j| Samurajen
|c|☆Chorley Cakes|good lord does anyone in 1600 ladder have enough imagination to run something other than glimmora
|inactive|Chorley Cakes has 120 seconds left.
|c|☆Chorley Cakes|w/e hf
|
|t:|1769356506
|teamsize|p1|6
|teamsize|p2|6
|start
|switch|p1a: Pelipper|Pelipper, F|100/100
|switch|p2a: Glimmora|Glimmora, F|100/100
|-weather|RainDance|[from] ability: Drizzle|[of] p1a: Pelipper
|turn|1
|
|t:|1769356511
|switch|p1a: Iron Treads|Iron Treads|100/100
|move|p2a: Glimmora|Earth Power|p1a: Iron Treads
|-supereffective|p1a: Iron Treads
|-damage|p1a: Iron Treads|48/100
|
|-weather|RainDance|[upkeep]
|-heal|p1a: Iron Treads|54/100|[from] item: Leftovers
|upkeep
|turn|2
|
|t:|1769356518
|move|p2a: Glimmora|Earth Power|p1a: Iron Treads
|-supereffective|p1a: Iron Treads
|-damage|p1a: Iron Treads|6/100
|move|p1a: Iron Treads|Rapid Spin|p2a: Glimmora
|-resisted|p2a: Glimmora
|-damage|p2a: Glimmora|93/100
|-boost|p1a: Iron Treads|spe|1
|-activate|p2a: Glimmora|ability: Toxic Debris
|-sidestart|p1: Chorley Cakes|move: Toxic Spikes
|-sideend|p1: Chorley Cakes|Toxic Spikes|[from] move: Rapid Spin|[of] p1a: Iron Treads
|
|-weather|RainDance|[upkeep]
|-heal|p1a: Iron Treads|12/100|[from] item: Leftovers
|upkeep
|turn|3
|
|t:|1769356526
|switch|p2a: Landorus|Landorus-Therian, M|100/100
|-ability|p2a: Landorus|Intimidate|boost
|-unboost|p1a: Iron Treads|atk|1
|move|p1a: Iron Treads|Stealth Rock|p2a: Landorus
|-sidestart|p2: henryagainfrfr|move: Stealth Rock
|
|-weather|RainDance|[upkeep]
|-heal|p1a: Iron Treads|18/100|[from] item: Leftovers
|upkeep
|turn|4
|
|t:|1769356531
|-end|p1a: Iron Treads|Quark Drive|[silent]
|switch|p1a: Tornadus|Tornadus-Therian, M|100/100
|move|p2a: Landorus|Stealth Rock|p1a: Tornadus
|-sidestart|p1: Chorley Cakes|move: Stealth Rock
|
|-weather|RainDance|[upkeep]
|upkeep
|turn|5
|
|t:|1769356538
|move|p1a: Tornadus|Weather Ball|p2a: Landorus
|-supereffective|p2a: Landorus
|-damage|p2a: Landorus|0 fnt
|faint|p2a: Landorus
|-damage|p1a: Tornadus|91/100|[from] item: Life Orb
|
|-weather|RainDance|[upkeep]
|upkeep
|
|t:|1769356542
|switch|p2a: Kyurem|Kyurem|100/100
|-damage|p2a: Kyurem|76/100|[from] Stealth Rock
|-ability|p2a: Kyurem|Pressure
|turn|6
|
|t:|1769356547
|-terastallize|p1a: Tornadus|Flying
|move|p1a: Tornadus|Hurricane|p2a: Kyurem
|-damage|p2a: Kyurem|26/100
|-damage|p1a: Tornadus|81/100|[from] item: Life Orb
|move|p2a: Kyurem|Ice Beam|p1a: Tornadus
|-supereffective|p1a: Tornadus
|-damage|p1a: Tornadus|0 fnt
|faint|p1a: Tornadus
|
|-weather|RainDance|[upkeep]
|upkeep
|c|☆Chorley Cakes|ffaaaaaaaaaaaaat
|
|t:|1769356565
|switch|p1a: Dragapult|Dragapult, F|100/100
|turn|7
|
|t:|1769356573
|move|p1a: Dragapult|Dragon Darts|p2a: Kyurem
|-supereffective|p2a: Kyurem
|-damage|p2a: Kyurem|0 fnt
|faint|p2a: Kyurem
|
|-weather|RainDance|[upkeep]
|upkeep
|
|t:|1769356576
|switch|p2a: Iron Valiant|Iron Valiant|100/100
|-damage|p2a: Iron Valiant|94/100|[from] Stealth Rock
|-enditem|p2a: Iron Valiant|Booster Energy
|-activate|p2a: Iron Valiant|ability: Quark Drive|[fromitem]
|-start|p2a: Iron Valiant|quarkdrivespe
|turn|8
|
|t:|1769356584
|switch|p1a: Toxicroak|Toxicroak, M|100/100
|-damage|p1a: Toxicroak|94/100|[from] Stealth Rock
|move|p2a: Iron Valiant|Moonblast|p1a: Toxicroak
|-damage|p1a: Toxicroak|36/100
|
|-weather|none
|upkeep
|turn|9
|
|t:|1769356594
|switch|p1a: Iron Treads|Iron Treads|18/100
|-damage|p1a: Iron Treads|15/100|[from] Stealth Rock
|move|p2a: Iron Valiant|Moonblast|p1a: Iron Treads
|-resisted|p1a: Iron Treads
|-damage|p1a: Iron Treads|0 fnt
|faint|p1a: Iron Treads
|-end|p1a: Iron Treads|Quark Drive|[silent]
|
|upkeep
|
|t:|1769356596
|switch|p1a: Pelipper|Pelipper, F|100/100
|-damage|p1a: Pelipper|76/100|[from] Stealth Rock
|-weather|RainDance|[from] ability: Drizzle|[of] p1a: Pelipper
|turn|10
|
|t:|1769356598
|move|p2a: Iron Valiant|Moonblast|p1a: Pelipper
|-crit|p1a: Pelipper
|-damage|p1a: Pelipper|0 fnt
|faint|p1a: Pelipper
|
|-weather|RainDance|[upkeep]
|upkeep
|
|t:|1769356600
|switch|p1a: Barraskewda|Barraskewda, M|100/100
|-damage|p1a: Barraskewda|88/100|[from] Stealth Rock
|turn|11
|
|t:|1769356601
|move|p1a: Barraskewda|Liquidation|p2a: Iron Valiant
|-damage|p2a: Iron Valiant|0 fnt
|faint|p2a: Iron Valiant
|-end|p2a: Iron Valiant|Quark Drive|[silent]
|
|-weather|RainDance|[upkeep]
|upkeep
|
|t:|1769356607
|switch|p2a: Kingambit|Kingambit, F|100/100
|-damage|p2a: Kingambit|94/100|[from] Stealth Rock
|-activate|p2a: Kingambit|ability: Supreme Overlord
|-start|p2a: Kingambit|fallen3|[silent]
|turn|12
|
|t:|1769356611
|switch|p1a: Dragapult|Dragapult, F|100/100
|move|p2a: Kingambit|Sucker Punch||[still]
|-fail|p2a: Kingambit
|
|-weather|RainDance|[upkeep]
|upkeep
|turn|13
|
|t:|1769356615
|-end|p2a: Kingambit|fallen3|[silent]
|switch|p2a: Cinderace|Cinderace, M, shiny|100/100
|move|p1a: Dragapult|Will-O-Wisp|p2a: Cinderace
|-immune|p2a: Cinderace
|
|-weather|RainDance|[upkeep]
|upkeep
|turn|14
|
|t:|1769356620
|move|p2a: Cinderace|Sucker Punch|p1a: Dragapult
|-start|p2a: Cinderace|typechange|Dark|[from] ability: Libero
|-supereffective|p1a: Dragapult
|-damage|p1a: Dragapult|15/100
|move|p1a: Dragapult|Dragon Darts|p2a: Cinderace
|-damage|p2a: Cinderace|65/100
|-anim|p1a: Dragapult|Dragon Darts|p2a: Cinderace
|-damage|p2a: Cinderace|32/100
|
|-weather|RainDance|[upkeep]
|upkeep
|turn|15
|
|t:|1769356626
|move|p1a: Dragapult|Will-O-Wisp|p2a: Cinderace|[miss]
|-miss|p1a: Dragapult|p2a: Cinderace
|move|p2a: Cinderace|Pyro Ball|p1a: Dragapult
|-resisted|p1a: Dragapult
|-damage|p1a: Dragapult|3/100
|
|-weather|RainDance|[upkeep]
|upkeep
|turn|16
|
|t:|1769356629
|move|p1a: Dragapult|Will-O-Wisp|p2a: Cinderace
|-status|p2a: Cinderace|brn
|move|p2a: Cinderace|U-turn|p1a: Dragapult
|-resisted|p1a: Dragapult
|-damage|p1a: Dragapult|0 fnt
|faint|p1a: Dragapult
|
|t:|1769356631
|switch|p2a: Glimmora|Glimmora, F|93/100|[from] U-turn
|-damage|p2a: Glimmora|80/100|[from] Stealth Rock
|
|-weather|RainDance|[upkeep]
|upkeep
|
|t:|1769356634
|switch|p1a: Barraskewda|Barraskewda, M|88/100
|-damage|p1a: Barraskewda|76/100|[from] Stealth Rock
|turn|17
|
|t:|1769356636
|switch|p2a: Cinderace|Cinderace, M, shiny|32/100 brn
|move|p1a: Barraskewda|Liquidation|p2a: Cinderace
|-supereffective|p2a: Cinderace
|-damage|p2a: Cinderace|0 fnt
|faint|p2a: Cinderace
|
|-weather|none
|upkeep
|
|t:|1769356638
|switch|p2a: Glimmora|Glimmora, F|80/100
|-damage|p2a: Glimmora|68/100|[from] Stealth Rock
|turn|18
|
|t:|1769356641
|move|p2a: Glimmora|Sludge Wave|p1a: Barraskewda
|-damage|p1a: Barraskewda|0 fnt
|faint|p1a: Barraskewda
|
|upkeep
|j| LOTRsucks
|l| LOTRsucks
|c|☆Chorley Cakes|scarf???? well i guess thats a small level of creativity. its not good but sure why not
|
|t:|1769356666
|switch|p1a: Toxicroak|Toxicroak, M|36/100
|-damage|p1a: Toxicroak|30/100|[from] Stealth Rock
|turn|19
|c|☆henryagainfrfr|Stop yapping nerd
|
|t:|1769356676
|move|p2a: Glimmora|Sludge Wave|p1a: Toxicroak
|-resisted|p1a: Toxicroak
|-damage|p1a: Toxicroak|0 fnt
|faint|p1a: Toxicroak
|
|win|henryagainfrfr
|raw|Chorley Cakes's rating: 1611 &rarr; <strong>1592</strong><br />(-19 for losing)
|raw|henryagainfrfr's rating: 1631 &rarr; <strong>1650</strong><br />(+19 for winning)
|c|☆Chorley Cakes|no
|c|☆henryagainfrfr|Good
|c|☆Chorley Cakes|because cheese is never ending
|c|☆henryagainfrfr|Never listen
|c|☆henryagainfrfr|To people who tell u
|c|☆Chorley Cakes|and you reek of it
|c|☆henryagainfrfr|To shut up
|l|☆Chorley Cakes
|player|p1|
|c|☆henryagainfrfr|U passed the test
