|j|☆zhangyan88
|j|☆Metal belico
|t:|1769438206
|gametype|singles
|player|p1|zhangyan88|266|1184
|player|p2|Metal belico|volkner|1201
|gen|9
|tier|[Gen 9] OU
|rated|
|rule|HP Percentage Mod: HP is shown in percentages
|rule|Endless Battle Clause: Forcing endless battles is banned
|rule|Species Clause: Limit one of each Pokémon
|rule|OHKO Clause: OHKO moves are banned
|rule|Evasion Items Clause: Evasion items are banned
|rule|Evasion Moves Clause: Evasion moves are banned
|rule|Evasion Abilities Clause: Evasion abilities are banned
|rule|Sleep Moves Clause: Sleep-inducing moves are banned
|clearpoke
|poke|p1|Tyranitar, M|
|poke|p1|Excadrill, M|
|poke|p1|Garganacl, M|
|poke|p1|Toxapex, M|
|poke|p1|Zamazenta-*|
|poke|p1|Zapdos|
|poke|p2|Jolteon, F|
|poke|p2|Ninetales, F|
|poke|p2|Blastoise, F|
|poke|p2|Arcanine, F|
|poke|p2|Venusaur, F|
|poke|p2|Golem, M|
|teampreview
|
|t:|1769438213
|teamsize|p1|6
|teamsize|p2|6
|start
|switch|p1a: Tyranitar|Tyranitar, M|100/100
|switch|p2a: Golem|Golem, M|100/100
|-weather|Sandstorm|[from] ability: Sand Stream|[of] p1a: Tyranitar
|turn|1
|
|t:|1769438221
|move|p2a: Golem|Earthquake|p1a: Tyranitar
|-supereffective|p1a: Tyranitar
|-damage|p1a: Tyranitar|20/100
|move|p1a: Tyranitar|Knock Off|p2a: Golem
|-damage|p2a: Golem|62/100
|-enditem|p2a: Golem|Custap Berry|[from] move: Knock Off|[of] p1a: Tyranitar
|
|-weather|Sandstorm|[upkeep]
|upkeep
|turn|2
|
|t:|1769438231
|switch|p1a: Zapdos|Zapdos|100/100
|-ability|p1a: Zapdos|Pressure
|move|p2a: Golem|Smack Down|p1a: Zapdos
|-supereffective|p1a: Zapdos
|-damage|p1a: Zapdos|58/100
|-start|p1a: Zapdos|Smack Down
|
|-weather|Sandstorm|[upkeep]
|-damage|p1a: Zapdos|52/100|[from] Sandstorm
|upkeep
|turn|3
|
|t:|1769438244
|move|p1a: Zapdos|Substitute|p1a: Zapdos
|-start|p1a: Zapdos|Substitute
|-damage|p1a: Zapdos|27/100
|move|p2a: Golem|Earthquake|p1a: Zapdos
|-supereffective|p1a: Zapdos
|-end|p1a: Zapdos|Substitute
|
|-weather|Sandstorm|[upkeep]
|-damage|p1a: Zapdos|20/100|[from] Sandstorm
|upkeep
|turn|4
|
|t:|1769438257
|switch|p1a: Toxapex|Toxapex, M|100/100
|move|p2a: Golem|Earthquake|p1a: Toxapex
|-supereffective|p1a: Toxapex
|-damage|p1a: Toxapex|31/100
|
|-weather|Sandstorm|[upkeep]
|-damage|p1a: Toxapex|25/100|[from] Sandstorm
|upkeep
|turn|5
|
|t:|1769438267
|move|p1a: Toxapex|Baneful Bunker|p1a: Toxapex
|-singleturn|p1a: Toxapex|move: Protect
|move|p2a: Golem|Smack Down|p1a: Toxapex
|-activate|p1a: Toxapex|move: Protect
|
|-weather|Sandstorm|[upkeep]
|-damage|p1a: Toxapex|19/100|[from] Sandstorm
|upkeep
|turn|6
|
|t:|1769438276
|switch|p1a: Zapdos|Zapdos|20/100
|-ability|p1a: Zapdos|Pressure
|move|p2a: Golem|Smack Down|p1a: Zapdos
|-supereffective|p1a: Zapdos
|-damage|p1a: Zapdos|0 fnt
|faint|p1a: Zapdos
|
|-weather|Sandstorm|[upkeep]
|upkeep
|
|t:|1769438287
|switch|p1a: Excadrill|Excadrill, M|100/100
|turn|7
|
|t:|1769438292
|move|p1a: Excadrill|Earthquake|p2a: Golem
|-supereffective|p2a: Golem
|-damage|p2a: Golem|0 fnt
|faint|p2a: Golem
|-damage|p1a: Excadrill|91/100|[from] item: Life Orb
|
|-weather|Sandstorm|[upkeep]
|upkeep
|
|t:|1769438295
|switch|p2a: Ninetales|Ninetales, F|100/100
|-weather|SunnyDay|[from] ability: Drought|[of] p2a: Ninetales
|turn|8
|
|t:|1769438305
|switch|p1a: Tyranitar|Tyranitar, M|20/100
|-weather|Sandstorm|[from] ability: Sand Stream|[of] p1a: Tyranitar
|move|p2a: Ninetales|Fire Spin|p1a: Tyranitar
|-resisted|p1a: Tyranitar
|-damage|p1a: Tyranitar|18/100
|-activate|p1a: Tyranitar|move: Fire Spin|[of] p2a: Ninetales
|
|-weather|Sandstorm|[upkeep]
|-damage|p2a: Ninetales|94/100|[from] Sandstorm
|-damage|p1a: Tyranitar|5/100|[from] move: Fire Spin|[partiallytrapped]
|upkeep
|turn|9
|
|t:|1769438320
|move|p2a: Ninetales|Protect|p2a: Ninetales
|-singleturn|p2a: Ninetales|Protect
|move|p1a: Tyranitar|Knock Off|p2a: Ninetales
|-activate|p2a: Ninetales|move: Protect
|
|-weather|Sandstorm|[upkeep]
|-damage|p2a: Ninetales|88/100|[from] Sandstorm
|-damage|p1a: Tyranitar|0 fnt|[from] move: Fire Spin|[partiallytrapped]
|faint|p1a: Tyranitar
|upkeep
|
|t:|1769438331
|switch|p1a: Excadrill|Excadrill, M|91/100
|turn|10
|
|t:|1769438341
|switch|p2a: Arcanine|Arcanine, F|100/100
|move|p1a: Excadrill|Earthquake|p2a: Arcanine
|-supereffective|p2a: Arcanine
|-damage|p2a: Arcanine|0 fnt
|faint|p2a: Arcanine
|-damage|p1a: Excadrill|81/100|[from] item: Life Orb
|
|-weather|Sandstorm|[upkeep]
|upkeep
|
|t:|1769438342
|switch|p2a: Ninetales|Ninetales, F|88/100
|-weather|SunnyDay|[from] ability: Drought|[of] p2a: Ninetales
|turn|11
|
|t:|1769438354
|move|p2a: Ninetales|Disable|p1a: Excadrill
|-start|p1a: Excadrill|Disable|Earthquake
|cant|p1a: Excadrill|Disable|Earthquake
|
|-weather|SunnyDay|[upkeep]
|upkeep
|turn|12
|
|t:|1769438361
|move|p2a: Ninetales|Fire Spin|p1a: Excadrill
|-supereffective|p1a: Excadrill
|-damage|p1a: Excadrill|42/100
|-activate|p1a: Excadrill|move: Fire Spin|[of] p2a: Ninetales
|move|p1a: Excadrill|Iron Head|p2a: Ninetales
|-resisted|p2a: Ninetales
|-damage|p2a: Ninetales|53/100
|-damage|p1a: Excadrill|33/100|[from] item: Life Orb
|
|-weather|SunnyDay|[upkeep]
|-damage|p1a: Excadrill|20/100|[from] move: Fire Spin|[partiallytrapped]
|upkeep
|turn|13
|
|t:|1769438372
|move|p2a: Ninetales|Protect|p2a: Ninetales
|-singleturn|p2a: Ninetales|Protect
|move|p1a: Excadrill|Rock Slide|p2a: Ninetales
|-activate|p2a: Ninetales|move: Protect
|
|-weather|SunnyDay|[upkeep]
|-damage|p1a: Excadrill|8/100|[from] move: Fire Spin|[partiallytrapped]
|upkeep
|turn|14
|
|t:|1769438381
|move|p2a: Ninetales|Fire Spin|p1a: Excadrill|[miss]
|-miss|p2a: Ninetales|p1a: Excadrill
|move|p1a: Excadrill|Rock Slide|p2a: Ninetales
|-supereffective|p2a: Ninetales
|-damage|p2a: Ninetales|0 fnt
|faint|p2a: Ninetales
|-damage|p1a: Excadrill|0 fnt|[from] item: Life Orb
|faint|p1a: Excadrill
|
|-weather|SunnyDay|[upkeep]
|upkeep
|
|t:|1769438397
|switch|p2a: Venusaur|Venusaur, F|100/100
|switch|p1a: Toxapex|Toxapex, M|52/100
|turn|15
|
|t:|1769438402
|move|p1a: Toxapex|Baneful Bunker|p1a: Toxapex
|-singleturn|p1a: Toxapex|move: Protect
|move|p2a: Venusaur|Growth|p2a: Venusaur
|-boost|p2a: Venusaur|atk|2
|-boost|p2a: Venusaur|spa|2
|
|-weather|SunnyDay|[upkeep]
|upkeep
|turn|16
|
|t:|1769438410
|move|p2a: Venusaur|Solar Beam||[still]
|-prepare|p2a: Venusaur|Solar Beam
|-anim|p2a: Venusaur|Solar Beam|p1a: Toxapex
|-damage|p1a: Toxapex|0 fnt
|faint|p1a: Toxapex
|
|-weather|SunnyDay|[upkeep]
|upkeep
|inactive|Battle timer is ON: inactive players will automatically lose when time's up. (requested by Metal belico)
|
|t:|1769438418
|switch|p1a: Garganacl|Garganacl, M|100/100
|turn|17
|
|t:|1769438422
|move|p1a: Garganacl|Protect|p1a: Garganacl
|-singleturn|p1a: Garganacl|Protect
|move|p2a: Venusaur|Solar Beam||[still]
|-prepare|p2a: Venusaur|Solar Beam
|-anim|p2a: Venusaur|Solar Beam|p1a: Garganacl
|-activate|p1a: Garganacl|move: Protect
|
|-weather|SunnyDay|[upkeep]
|upkeep
|turn|18
|
|t:|1769438431
|move|p2a: Venusaur|Solar Beam||[still]
|-prepare|p2a: Venusaur|Solar Beam
|-anim|p2a: Venusaur|Solar Beam|p1a: Garganacl
|-supereffective|p1a: Garganacl
|-damage|p1a: Garganacl|0 fnt
|faint|p1a: Garganacl
|
|-weather|none
|upkeep
|
|t:|1769438439
|switch|p1a: Zamazenta|Zamazenta|100/100
|-ability|p1a: Zamazenta|Dauntless Shield|boost
|-boost|p1a: Zamazenta|def|1
|turn|19
|
|t:|1769438444
|move|p1a: Zamazenta|Body Press|p2a: Venusaur
|-resisted|p2a: Venusaur
|-damage|p2a: Venusaur|62/100
|move|p2a: Venusaur|Earth Power|p1a: Zamazenta
|-damage|p1a: Zamazenta|56/100
|
|-heal|p1a: Zamazenta|62/100|[from] item: Leftovers
|-heal|p2a: Venusaur|68/100|[from] item: Black Sludge
|upkeep
|turn|20
|
|t:|1769438457
|move|p1a: Zamazenta|Heavy Slam|p2a: Venusaur
|-damage|p2a: Venusaur|48/100
|move|p2a: Venusaur|Earth Power|p1a: Zamazenta
|-damage|p1a: Zamazenta|18/100
|
|-heal|p1a: Zamazenta|24/100|[from] item: Leftovers
|-heal|p2a: Venusaur|54/100|[from] item: Black Sludge
|upkeep
|turn|21
|
|t:|1769438467
|move|p1a: Zamazenta|Protect|p1a: Zamazenta
|-singleturn|p1a: Zamazenta|Protect
|move|p2a: Venusaur|Earth Power|p1a: Zamazenta
|-activate|p1a: Zamazenta|move: Protect
|
|-heal|p1a: Zamazenta|31/100|[from] item: Leftovers
|-heal|p2a: Venusaur|60/100|[from] item: Black Sludge
|upkeep
|turn|22
|
|t:|1769438476
|move|p1a: Zamazenta|Body Press|p2a: Venusaur
|-resisted|p2a: Venusaur
|-damage|p2a: Venusaur|19/100
|move|p2a: Venusaur|Earth Power|p1a: Zamazenta
|-damage|p1a: Zamazenta|0 fnt
|faint|p1a: Zamazenta
|
|win|Metal belico
|raw|zhangyan88's rating: 1184 &rarr; <strong>1160</strong><br />(-24 for losing)
|raw|Metal belico's rating: 1201 &rarr; <strong>1225</strong><br />(+24 for winning)
|l|☆Metal belico
|player|p2|
|l|☆zhangyan88
|player|p1|
