|j|☆biggestdachsbunfan
|j|‽pzzatime
|t:|1769381621
|gametype|singles
|player|p1|biggestdachsbunfan|falkner|1443
|player|p2|pzzatime|170|1423
|gen|9
|tier|[Gen 9] OU
|rated|
|rule|HP Percentage Mod: HP is shown in percentages
|rule|Endless Battle Clause: Forcing endless battles is banned
|rule|Species Clause: Limit one of each Pokémon
|rule|OHKO Clause: OHKO moves are banned
|rule|Evasion Items Clause: Evasion items are banned
|rule|Evasion Moves Clause: Evasion moves are banned
|rule|Evasion Abilities Clause: Evasion abilities are banned
|rule|Sleep Moves Clause: Sleep-inducing moves are banned
|clearpoke
|poke|p1|Dachsbun, F|
|poke|p1|Meowscarada, F|
|poke|p1|Cinderace, M|
|poke|p1|Glimmora, M|
|poke|p1|Primarina, F|
|poke|p1|Zapdos|
|poke|p2|Tinkaton, F|
|poke|p2|Great Tusk|
|poke|p2|Pecharunt|
|poke|p2|Alomomola, M|
|poke|p2|Hydreigon, M|
|poke|p2|Meowscarada, M|
|teampreview
|inactive|Battle timer is ON: inactive players will automatically lose when time's up. (requested by biggestdachsbunfan)
|
|t:|1769381627
|teamsize|p1|6
|teamsize|p2|6
|start
|switch|p1a: Laura|Meowscarada, F|100/100
|switch|p2a: Hydreigon|Hydreigon, M, shiny|100/100
|turn|1
|
|t:|1769381632
|switch|p2a: Pecharunt|Pecharunt|100/100
|move|p1a: Laura|U-turn|p2a: Pecharunt
|-start|p1a: Laura|typechange|Bug|[from] ability: Protean
|-resisted|p2a: Pecharunt
|-damage|p2a: Pecharunt|95/100
|-damage|p1a: Laura|84/100|[from] item: Rocky Helmet|[of] p2a: Pecharunt
|inactive|biggestdachsbunfan has 120 seconds left.
|
|t:|1769381662
|switch|p1a: Fontaine|Primarina, F|100/100|[from] U-turn
|
|upkeep
|turn|2
|
|t:|1769381670
|-terastallize|p1a: Fontaine|Poison
|move|p2a: Pecharunt|Malignant Chain|p1a: Fontaine
|-resisted|p1a: Fontaine
|-damage|p1a: Fontaine|91/100
|move|p1a: Fontaine|Psychic Noise|p2a: Pecharunt
|-supereffective|p2a: Pecharunt
|-damage|p2a: Pecharunt|37/100
|-start|p2a: Pecharunt|move: Heal Block
|
|upkeep
|turn|3
|
|t:|1769381677
|move|p2a: Pecharunt|Parting Shot|p1a: Fontaine
|-unboost|p1a: Fontaine|atk|1
|-unboost|p1a: Fontaine|spa|1
|
|t:|1769381682
|switch|p2a: Alomomola|Alomomola, M, shiny|100/100|[from] Parting Shot
|move|p1a: Fontaine|Surf|p2a: Alomomola
|-resisted|p2a: Alomomola
|-damage|p2a: Alomomola|92/100
|
|upkeep
|turn|4
|
|t:|1769381686
|move|p1a: Fontaine|Flip Turn|p2a: Alomomola
|-resisted|p2a: Alomomola
|-damage|p2a: Alomomola|88/100
|
|t:|1769381691
|switch|p1a: Sprinkles|Zapdos|100/100|[from] Flip Turn
|move|p2a: Alomomola|Flip Turn|p1a: Sprinkles
|-damage|p1a: Sprinkles|88/100
|-damage|p2a: Alomomola|72/100|[from] item: Rocky Helmet|[of] p1a: Sprinkles
|-status|p2a: Alomomola|par|[from] ability: Static|[of] p1a: Sprinkles
|
|t:|1769381698
|switch|p2a: Hydreigon|Hydreigon, M, shiny|100/100|[from] Flip Turn
|
|upkeep
|turn|5
|
|t:|1769381702
|move|p2a: Hydreigon|Dark Pulse|p1a: Sprinkles
|-damage|p1a: Sprinkles|36/100
|-damage|p2a: Hydreigon|91/100|[from] item: Life Orb
|cant|p1a: Sprinkles|flinch
|
|upkeep
|turn|6
|
|t:|1769381710
|switch|p1a: Jalebi|Dachsbun, F|100/100
|move|p2a: Hydreigon|Dark Pulse|p1a: Jalebi
|-resisted|p1a: Jalebi
|-damage|p1a: Jalebi|69/100
|-damage|p2a: Hydreigon|81/100|[from] item: Life Orb
|
|-heal|p1a: Jalebi|75/100|[from] item: Leftovers
|upkeep
|turn|7
|
|t:|1769381723
|switch|p2a: Tinkaton|Tinkaton, F, shiny|100/100
|-item|p2a: Tinkaton|Air Balloon
|switch|p1a: Mbappé|Cinderace, M|100/100
|
|upkeep
|turn|8
|
|t:|1769381731
|switch|p2a: Pecharunt|Pecharunt|37/100
|move|p1a: Mbappé|Will-O-Wisp|p2a: Pecharunt
|-status|p2a: Pecharunt|brn
|
|-damage|p2a: Pecharunt|31/100 brn|[from] brn
|upkeep
|turn|9
|
|t:|1769381736
|move|p1a: Mbappé|Iron Head|p2a: Pecharunt
|-start|p1a: Mbappé|typechange|Steel|[from] ability: Libero
|-damage|p2a: Pecharunt|17/100 brn
|-damage|p1a: Mbappé|84/100|[from] item: Rocky Helmet|[of] p2a: Pecharunt
|move|p2a: Pecharunt|Recover|p2a: Pecharunt
|-heal|p2a: Pecharunt|67/100 brn
|
|-damage|p2a: Pecharunt|61/100 brn|[from] brn
|upkeep
|turn|10
|
|t:|1769381743
|switch|p1a: Fontaine|Primarina, F, tera:Poison|91/100
|move|p2a: Pecharunt|Parting Shot|p1a: Fontaine
|-unboost|p1a: Fontaine|atk|1
|-unboost|p1a: Fontaine|spa|1
|
|t:|1769381761
|switch|p2a: Tinkaton|Tinkaton, F, shiny|100/100|[from] Parting Shot
|-item|p2a: Tinkaton|Air Balloon
|
|upkeep
|turn|11
|
|t:|1769381770
|switch|p1a: Mbappé|Cinderace, M|84/100
|move|p2a: Tinkaton|Stealth Rock|p1a: Mbappé
|-sidestart|p1: biggestdachsbunfan|move: Stealth Rock
|
|upkeep
|turn|12
|
|t:|1769381778
|move|p1a: Mbappé|Iron Head|p2a: Tinkaton
|-start|p1a: Mbappé|typechange|Steel|[from] ability: Libero
|-crit|p2a: Tinkaton
|-damage|p2a: Tinkaton|39/100
|-enditem|p2a: Tinkaton|Air Balloon
|-enditem|p1a: Mbappé|Heavy-Duty Boots|[silent]|[from] ability: Pickpocket|[of] p1a: Mbappé
|-item|p2a: Tinkaton|Heavy-Duty Boots|[from] ability: Pickpocket|[of] p1a: Mbappé
|move|p2a: Tinkaton|Encore|p1a: Mbappé
|-start|p1a: Mbappé|Encore
|
|upkeep
|turn|13
|
|t:|1769381783
|switch|p2a: Pecharunt|Pecharunt|61/100 brn
|move|p1a: Mbappé|Iron Head|p2a: Pecharunt
|-damage|p2a: Pecharunt|46/100 brn
|-damage|p1a: Mbappé|67/100|[from] item: Rocky Helmet|[of] p2a: Pecharunt
|
|-damage|p2a: Pecharunt|40/100 brn|[from] brn
|upkeep
|turn|14
|
|t:|1769381788
|move|p1a: Mbappé|Iron Head|p2a: Pecharunt
|-damage|p2a: Pecharunt|24/100 brn
|-damage|p1a: Mbappé|51/100|[from] item: Rocky Helmet|[of] p2a: Pecharunt
|move|p2a: Pecharunt|Parting Shot|p1a: Mbappé
|-unboost|p1a: Mbappé|atk|1
|-unboost|p1a: Mbappé|spa|1
|
|t:|1769381795
|switch|p2a: Great Tusk|Great Tusk, shiny|100/100|[from] Parting Shot
|
|upkeep
|turn|15
|
|t:|1769381801
|switch|p1a: Jalebi|Dachsbun, F|75/100
|-damage|p1a: Jalebi|63/100|[from] Stealth Rock
|move|p2a: Great Tusk|Rapid Spin|p1a: Jalebi
|-damage|p1a: Jalebi|50/100
|-boost|p2a: Great Tusk|spe|1
|
|-heal|p1a: Jalebi|56/100|[from] item: Leftovers
|upkeep
|turn|16
|
|t:|1769381813
|-end|p2a: Great Tusk|Protosynthesis|[silent]
|switch|p2a: Pecharunt|Pecharunt|24/100 brn
|move|p1a: Jalebi|Wish|p1a: Jalebi
|
|-heal|p1a: Jalebi|62/100|[from] item: Leftovers
|-damage|p2a: Pecharunt|18/100 brn|[from] brn
|upkeep
|turn|17
|
|t:|1769381820
|move|p1a: Jalebi|Crunch|p2a: Pecharunt
|-supereffective|p2a: Pecharunt
|-damage|p2a: Pecharunt|2/100 brn
|-damage|p1a: Jalebi|46/100|[from] item: Rocky Helmet|[of] p2a: Pecharunt
|move|p2a: Pecharunt|Recover|p2a: Pecharunt
|-heal|p2a: Pecharunt|52/100 brn
|
|-heal|p1a: Jalebi|96/100|[from] move: Wish|[wisher] Jalebi
|-heal|p1a: Jalebi|100/100|[from] item: Leftovers
|-damage|p2a: Pecharunt|46/100 brn|[from] brn
|upkeep
|turn|18
|-message|biggestdachsbunfan forfeited.
|
|win|pzzatime
|raw|biggestdachsbunfan's rating: 1443 &rarr; <strong>1422</strong><br />(-21 for losing)
|raw|pzzatime's rating: 1423 &rarr; <strong>1444</strong><br />(+21 for winning)
|l|☆biggestdachsbunfan
|player|p1|
|l|‽pzzatime
|player|p2|
