|j|☆isk2
|j|☆36hpdc
|t:|1769414463
|gametype|singles
|player|p1|isk2|cyrus|1277
|player|p2|36hpdc|101|1230
|gen|9
|tier|[Gen 9] OU
|rated|
|rule|HP Percentage Mod: HP is shown in percentages
|rule|Endless Battle Clause: Forcing endless battles is banned
|rule|Species Clause: Limit one of each Pokémon
|rule|OHKO Clause: OHKO moves are banned
|rule|Evasion Items Clause: Evasion items are banned
|rule|Evasion Moves Clause: Evasion moves are banned
|rule|Evasion Abilities Clause: Evasion abilities are banned
|rule|Sleep Moves Clause: Sleep-inducing moves are banned
|clearpoke
|poke|p1|Mew|
|poke|p1|Ceruledge, F|
|poke|p1|Great Tusk|
|poke|p1|Ting-Lu|
|poke|p1|Alomomola, M|
|poke|p1|Gholdengo|
|poke|p2|Dusclops, M|
|poke|p2|Klefki, M|
|poke|p2|Conkeldurr, M|
|poke|p2|Ursaluna, M|
|poke|p2|Kingdra, M|
|poke|p2|Politoed, M|
|teampreview
|inactive|Battle timer is ON: inactive players will automatically lose when time's up. (requested by isk2)
|
|t:|1769414475
|teamsize|p1|6
|teamsize|p2|6
|start
|switch|p1a: Ting-Lu|Ting-Lu|100/100
|switch|p2a: Klefki|Klefki, M|100/100
|-ability|p1a: Ting-Lu|Vessel of Ruin
|turn|1
|
|t:|1769414485
|move|p2a: Klefki|Spikes|p1a: Ting-Lu
|-sidestart|p1: isk2|Spikes
|move|p1a: Ting-Lu|Stealth Rock|p2a: Klefki
|-sidestart|p2: 36hpdc|move: Stealth Rock
|
|upkeep
|turn|2
|
|t:|1769414491
|move|p2a: Klefki|Spikes|p1a: Ting-Lu
|-sidestart|p1: isk2|Spikes
|move|p1a: Ting-Lu|Ruination|p2a: Klefki
|-damage|p2a: Klefki|50/100
|
|upkeep
|turn|3
|
|t:|1769414497
|move|p2a: Klefki|Spikes|p1a: Ting-Lu
|-sidestart|p1: isk2|Spikes
|move|p1a: Ting-Lu|Earthquake|p2a: Klefki
|-supereffective|p2a: Klefki
|-damage|p2a: Klefki|0 fnt
|faint|p2a: Klefki
|
|upkeep
|
|t:|1769414511
|switch|p2a: Conkeldurr|Conkeldurr, M|100/100
|-damage|p2a: Conkeldurr|94/100|[from] Stealth Rock
|turn|4
|
|t:|1769414516
|switch|p1a: Gholdengo|Gholdengo|100/100
|-damage|p1a: Gholdengo|76/100|[from] Spikes
|move|p2a: Conkeldurr|Knock Off|p1a: Gholdengo
|-supereffective|p1a: Gholdengo
|-damage|p1a: Gholdengo|0 fnt
|-enditem|p1a: Gholdengo|Choice Scarf|[from] move: Knock Off|[of] p2a: Conkeldurr
|faint|p1a: Gholdengo
|
|-status|p2a: Conkeldurr|brn|[from] item: Flame Orb
|upkeep
|
|t:|1769414520
|switch|p1a: Great Tusk|Great Tusk|100/100
|-damage|p1a: Great Tusk|75/100|[from] Spikes
|-enditem|p1a: Great Tusk|Booster Energy
|-activate|p1a: Great Tusk|ability: Protosynthesis|[fromitem]
|-start|p1a: Great Tusk|protosynthesisatk
|turn|5
|
|t:|1769414532
|switch|p2a: Dusclops|Dusclops, M|100/100
|-damage|p2a: Dusclops|88/100|[from] Stealth Rock
|move|p1a: Great Tusk|Rapid Spin|p2a: Dusclops
|-immune|p2a: Dusclops
|
|upkeep
|turn|6
|
|t:|1769414539
|move|p1a: Great Tusk|Earthquake|p2a: Dusclops
|-damage|p2a: Dusclops|51/100
|move|p2a: Dusclops|Trick Room|p2a: Dusclops
|-fieldstart|move: Trick Room|[of] p2a: Dusclops
|
|upkeep
|turn|7
|
|t:|1769414546
|-end|p1a: Great Tusk|Protosynthesis|[silent]
|switch|p1a: Ting-Lu|Ting-Lu|100/100
|-damage|p1a: Ting-Lu|76/100|[from] Spikes
|-ability|p1a: Ting-Lu|Vessel of Ruin
|move|p2a: Dusclops|Pain Split|p1a: Ting-Lu
|-sethp|p1a: Ting-Lu|52/100|[from] move: Pain Split|[silent]
|-sethp|p2a: Dusclops|94/100|[from] move: Pain Split
|
|-heal|p1a: Ting-Lu|58/100|[from] item: Leftovers
|upkeep
|turn|8
|
|t:|1769414564
|move|p2a: Dusclops|Curse|p1a: Ting-Lu
|-start|p1a: Ting-Lu|Curse|[of] p2a: Dusclops
|-damage|p2a: Dusclops|44/100
|move|p1a: Ting-Lu|Whirlwind|p2a: Dusclops
|drag|p2a: Conkeldurr|Conkeldurr, M|94/100 brn
|-damage|p2a: Conkeldurr|88/100 brn|[from] Stealth Rock
|
|-heal|p1a: Ting-Lu|65/100|[from] item: Leftovers
|-damage|p2a: Conkeldurr|82/100 brn|[from] brn
|-damage|p1a: Ting-Lu|40/100|[from] Curse
|upkeep
|turn|9
|
|t:|1769414581
|move|p1a: Ting-Lu|Ruination|p2a: Conkeldurr
|-damage|p2a: Conkeldurr|41/100 brn
|move|p2a: Conkeldurr|Knock Off|p1a: Ting-Lu
|-resisted|p1a: Ting-Lu
|-damage|p1a: Ting-Lu|28/100
|-enditem|p1a: Ting-Lu|Leftovers|[from] move: Knock Off|[of] p2a: Conkeldurr
|
|-damage|p2a: Conkeldurr|35/100 brn|[from] brn
|-damage|p1a: Ting-Lu|3/100|[from] Curse
|upkeep
|turn|10
|
|t:|1769414593
|move|p2a: Conkeldurr|Knock Off|p1a: Ting-Lu
|-resisted|p1a: Ting-Lu
|-damage|p1a: Ting-Lu|0 fnt
|faint|p1a: Ting-Lu
|
|-damage|p2a: Conkeldurr|29/100 brn|[from] brn
|-fieldend|move: Trick Room
|upkeep
|
|t:|1769414598
|switch|p1a: Ceruledge|Ceruledge, F, shiny|100/100
|-damage|p1a: Ceruledge|75/100|[from] Spikes
|turn|11
|
|t:|1769414605
|move|p1a: Ceruledge|Bitter Blade|p2a: Conkeldurr
|-damage|p2a: Conkeldurr|0 fnt
|-heal|p1a: Ceruledge|95/100|[from] drain|[of] p2a: Conkeldurr
|faint|p2a: Conkeldurr
|
|upkeep
|
|t:|1769414615
|switch|p2a: Politoed|Politoed, M|100/100
|-damage|p2a: Politoed|88/100|[from] Stealth Rock
|-weather|RainDance|[from] ability: Drizzle|[of] p2a: Politoed
|turn|12
|
|t:|1769414621
|switch|p2a: Ursaluna|Ursaluna, M|100/100
|-damage|p2a: Ursaluna|94/100|[from] Stealth Rock
|move|p1a: Ceruledge|Poltergeist|p2a: Ursaluna
|-immune|p2a: Ursaluna
|
|-weather|RainDance|[upkeep]
|-status|p2a: Ursaluna|brn|[from] item: Flame Orb
|upkeep
|turn|13
|
|t:|1769414631
|move|p1a: Ceruledge|Bitter Blade|p2a: Ursaluna
|-damage|p2a: Ursaluna|77/100 brn
|-heal|p1a: Ceruledge|100/100|[from] drain|[of] p2a: Ursaluna
|move|p2a: Ursaluna|Earthquake|p1a: Ceruledge
|-supereffective|p1a: Ceruledge
|-enditem|p1a: Ceruledge|Focus Sash
|-damage|p1a: Ceruledge|1/100
|-ability|p1a: Ceruledge|Weak Armor|boost
|-unboost|p1a: Ceruledge|def|1
|-boost|p1a: Ceruledge|spe|2
|
|-weather|RainDance|[upkeep]
|-damage|p2a: Ursaluna|70/100 brn|[from] brn
|upkeep
|turn|14
|
|t:|1769414646
|move|p1a: Ceruledge|Bitter Blade|p2a: Ursaluna
|-damage|p2a: Ursaluna|53/100 brn
|-heal|p1a: Ceruledge|14/100|[from] drain|[of] p2a: Ursaluna
|move|p2a: Ursaluna|Earthquake|p1a: Ceruledge
|-supereffective|p1a: Ceruledge
|-damage|p1a: Ceruledge|0 fnt
|faint|p1a: Ceruledge
|
|-weather|RainDance|[upkeep]
|-damage|p2a: Ursaluna|47/100 brn|[from] brn
|upkeep
|
|t:|1769414652
|switch|p1a: Great Tusk|Great Tusk|75/100
|-damage|p1a: Great Tusk|50/100|[from] Spikes
|turn|15
|
|t:|1769414666
|switch|p2a: Dusclops|Dusclops, M|44/100
|-damage|p2a: Dusclops|31/100|[from] Stealth Rock
|move|p1a: Great Tusk|Earthquake|p2a: Dusclops
|-damage|p2a: Dusclops|2/100
|
|-weather|RainDance|[upkeep]
|upkeep
|turn|16
|
|t:|1769414675
|move|p1a: Great Tusk|Earthquake|p2a: Dusclops
|-damage|p2a: Dusclops|0 fnt
|faint|p2a: Dusclops
|
|-weather|RainDance|[upkeep]
|upkeep
|
|t:|1769414681
|switch|p2a: Kingdra|Kingdra, M|100/100
|-damage|p2a: Kingdra|88/100|[from] Stealth Rock
|turn|17
|
|t:|1769414685
|move|p2a: Kingdra|Weather Ball|p1a: Great Tusk
|-supereffective|p1a: Great Tusk
|-damage|p1a: Great Tusk|0 fnt
|faint|p1a: Great Tusk
|-end|p1a: Great Tusk|Protosynthesis|[silent]
|-damage|p2a: Kingdra|78/100|[from] item: Life Orb
|
|-weather|RainDance|[upkeep]
|upkeep
|
|t:|1769414688
|switch|p1a: Alomomola|Alomomola, M|100/100
|-damage|p1a: Alomomola|76/100|[from] Spikes
|turn|18
|
|t:|1769414707
|move|p2a: Kingdra|Weather Ball|p1a: Alomomola
|-resisted|p1a: Alomomola
|-damage|p1a: Alomomola|26/100
|-damage|p2a: Kingdra|68/100|[from] item: Life Orb
|move|p1a: Alomomola|Mirror Coat|p2a: Kingdra
|-damage|p2a: Kingdra|0 fnt
|faint|p2a: Kingdra
|
|-weather|RainDance|[upkeep]
|upkeep
|
|t:|1769414717
|switch|p2a: Ursaluna|Ursaluna, M|47/100 brn
|-damage|p2a: Ursaluna|41/100 brn|[from] Stealth Rock
|turn|19
|
|t:|1769414723
|-terastallize|p2a: Ursaluna|Normal
|move|p1a: Alomomola|Scald|p2a: Ursaluna
|-damage|p2a: Ursaluna|23/100 brn
|move|p2a: Ursaluna|Facade|p1a: Alomomola
|-damage|p1a: Alomomola|0 fnt
|-damage|p2a: Ursaluna|7/100 brn|[from] item: Rocky Helmet|[of] p1a: Alomomola
|faint|p1a: Alomomola
|
|-weather|none
|-damage|p2a: Ursaluna|0 fnt|[from] brn
|faint|p2a: Ursaluna
|upkeep
|
|t:|1769414737
|switch|p1a: Mew|Mew, shiny|100/100
|switch|p2a: Politoed|Politoed, M|88/100
|-damage|p1a: Mew|75/100|[from] Spikes
|-damage|p2a: Politoed|75/100|[from] Stealth Rock
|-weather|RainDance|[from] ability: Drizzle|[of] p2a: Politoed
|turn|20
|
|t:|1769414750
|move|p1a: Mew|Imprison|p1a: Mew
|-start|p1a: Mew|move: Imprison
|move|p2a: Politoed|Perish Song|p2a: Politoed
|-start|p1a: Mew|perish3|[silent]
|-start|p2a: Politoed|perish3|[silent]
|-fieldactivate|move: Perish Song
|
|-weather|RainDance|[upkeep]
|-start|p1a: Mew|perish3
|-start|p2a: Politoed|perish3
|upkeep
|turn|21
|
|t:|1769414765
|move|p1a: Mew|Transform|p2a: Politoed
|-transform|p1a: Mew|p2a: Politoed
|cant|p2a: Politoed|move: Imprison|Weather Ball
|
|-weather|RainDance|[upkeep]
|-start|p2a: Politoed|perish2
|-start|p1a: Mew|perish2
|upkeep
|turn|22
|
|t:|1769414774
|-activate|p2a: Politoed|move: Struggle
|move|p2a: Politoed|Struggle|p1a: Mew
|-damage|p1a: Mew|68/100
|-damage|p2a: Politoed|50/100|[from] recoil
|move|p1a: Mew|Weather Ball|p2a: Politoed
|-resisted|p2a: Politoed
|-damage|p2a: Politoed|30/100
|
|-weather|RainDance|[upkeep]
|-start|p1a: Mew|perish1
|-start|p2a: Politoed|perish1
|upkeep
|turn|23
|
|t:|1769414788
|move|p1a: Mew|Weather Ball|p2a: Politoed
|-resisted|p2a: Politoed
|-damage|p2a: Politoed|10/100
|-activate|p2a: Politoed|move: Struggle
|move|p2a: Politoed|Struggle|p1a: Mew
|-damage|p1a: Mew|60/100
|-damage|p2a: Politoed|0 fnt|[from] recoil
|faint|p2a: Politoed
|
|win|isk2
|raw|isk2's rating: 1277 &rarr; <strong>1299</strong><br />(+22 for winning)
|raw|36hpdc's rating: 1230 &rarr; <strong>1208</strong><br />(-22 for losing)
|l|☆isk2
|player|p1|
|l|☆36hpdc
|player|p2|
