|j|☆ChronosVeros
|j|☆24iomxx
|t:|1769339487
|gametype|singles
|player|p1|ChronosVeros|pokemonranger-gen4|1250
|player|p2|24iomxx|hilbert-masters|1221
|gen|9
|tier|[Gen 9] OU
|rated|
|rule|HP Percentage Mod: HP is shown in percentages
|rule|Endless Battle Clause: Forcing endless battles is banned
|rule|Species Clause: Limit one of each Pokémon
|rule|OHKO Clause: OHKO moves are banned
|rule|Evasion Items Clause: Evasion items are banned
|rule|Evasion Moves Clause: Evasion moves are banned
|rule|Evasion Abilities Clause: Evasion abilities are banned
|rule|Sleep Moves Clause: Sleep-inducing moves are banned
|clearpoke
|poke|p1|Magnezone|
|poke|p1|Cresselia, F|
|poke|p1|Iron Valiant|
|poke|p1|Basculegion, M|
|poke|p1|Hydrapple, F|
|poke|p1|Great Tusk|
|poke|p2|Hydreigon, F|
|poke|p2|Excadrill, F|
|poke|p2|Galvantula, M|
|poke|p2|Chandelure, M|
|poke|p2|Amoonguss, F|
|poke|p2|Braviary, M|
|teampreview
|
|t:|1769339552
|teamsize|p1|6
|teamsize|p2|6
|start
|switch|p1a: Great Tusk|Great Tusk|100/100
|switch|p2a: Galvantula|Galvantula, M|100/100
|turn|1
|inactive|Battle timer is ON: inactive players will automatically lose when time's up. (requested by 24iomxx)
|
|t:|1769339560
|move|p2a: Galvantula|Sticky Web|p1a: Great Tusk
|-sidestart|p1: ChronosVeros|move: Sticky Web
|move|p1a: Great Tusk|Stealth Rock|p2a: Galvantula
|-sidestart|p2: 24iomxx|move: Stealth Rock
|
|upkeep
|turn|2
|
|t:|1769339575
|switch|p2a: Chandelure|Chandelure, M|100/100
|-damage|p2a: Chandelure|76/100|[from] Stealth Rock
|move|p1a: Great Tusk|Rapid Spin|p2a: Chandelure
|-immune|p2a: Chandelure
|
|upkeep
|turn|3
|inactive|ChronosVeros has 120 seconds left.
|
|t:|1769339604
|switch|p2a: Braviary|Braviary, M|100/100
|-damage|p2a: Braviary|76/100|[from] Stealth Rock
|-end|p1a: Great Tusk|Protosynthesis|[silent]
|switch|p1a: Iron Valiant|Iron Valiant|100/100
|-activate|p1a: Iron Valiant|move: Sticky Web
|-unboost|p1a: Iron Valiant|spe|1
|
|upkeep
|turn|4
|inactive|ChronosVeros has 120 seconds left.
|
|t:|1769339618
|-end|p1a: Iron Valiant|Quark Drive|[silent]
|switch|p1a: Magnezone|Magnezone|100/100
|-activate|p1a: Magnezone|move: Sticky Web
|-unboost|p1a: Magnezone|spe|1
|move|p2a: Braviary|Sky Attack||[still]
|-prepare|p2a: Braviary|Sky Attack
|-enditem|p2a: Braviary|Power Herb
|-anim|p2a: Braviary|Sky Attack|p1a: Magnezone|[miss]
|-miss|p2a: Braviary|p1a: Magnezone
|
|upkeep
|turn|5
|inactive|ChronosVeros has 120 seconds left.
|
|t:|1769339643
|switch|p1a: Hydrapple|Hydrapple, F|100/100
|-activate|p1a: Hydrapple|move: Sticky Web
|-unboost|p1a: Hydrapple|spe|1
|move|p2a: Braviary|Close Combat|p1a: Hydrapple
|-damage|p1a: Hydrapple|67/100
|-unboost|p2a: Braviary|def|1
|-unboost|p2a: Braviary|spd|1
|
|upkeep
|turn|6
|
|t:|1769339654
|move|p2a: Braviary|Acrobatics|p1a: Hydrapple
|-supereffective|p1a: Hydrapple
|-damage|p1a: Hydrapple|0 fnt
|faint|p1a: Hydrapple
|
|upkeep
|
|t:|1769339676
|switch|p1a: Great Tusk|Great Tusk|100/100
|-activate|p1a: Great Tusk|move: Sticky Web
|-unboost|p1a: Great Tusk|spe|1
|turn|7
|inactive|ChronosVeros has 90 seconds left.
|
|t:|1769339692
|move|p2a: Braviary|Acrobatics|p1a: Great Tusk
|-supereffective|p1a: Great Tusk
|-damage|p1a: Great Tusk|23/100
|-damage|p2a: Braviary|59/100|[from] item: Rocky Helmet|[of] p1a: Great Tusk
|move|p1a: Great Tusk|Ice Spinner|p2a: Braviary
|-supereffective|p2a: Braviary
|-damage|p2a: Braviary|0 fnt
|faint|p2a: Braviary
|
|upkeep
|
|t:|1769339700
|switch|p2a: Excadrill|Excadrill, F|100/100
|-damage|p2a: Excadrill|97/100|[from] Stealth Rock
|-ability|p2a: Excadrill|Mold Breaker
|-item|p2a: Excadrill|Air Balloon
|turn|8
|
|t:|1769339707
|-end|p1a: Great Tusk|Protosynthesis|[silent]
|switch|p1a: Cresselia|Cresselia, F|100/100
|move|p2a: Excadrill|Rapid Spin|p1a: Cresselia
|-damage|p1a: Cresselia|91/100
|-boost|p2a: Excadrill|spe|1
|-sideend|p2: 24iomxx|Stealth Rock|[from] move: Rapid Spin|[of] p2a: Excadrill
|
|upkeep
|turn|9
|
|t:|1769339713
|move|p2a: Excadrill|Earthquake|p1a: Cresselia
|-damage|p1a: Cresselia|63/100
|move|p1a: Cresselia|Reflect|p1a: Cresselia
|-sidestart|p1: ChronosVeros|Reflect
|
|upkeep
|turn|10
|inactive|ChronosVeros has 90 seconds left.
|
|t:|1769339738
|move|p2a: Excadrill|Swords Dance|p2a: Excadrill
|-boost|p2a: Excadrill|atk|2
|move|p1a: Cresselia|Lunar Dance|p1a: Cresselia
|faint|p1a: Cresselia
|
|upkeep
|inactive|ChronosVeros has 90 seconds left.
|
|t:|1769339744
|switch|p1a: Great Tusk|Great Tusk|23/100
|-heal|p1a: Great Tusk|100/100|[from] move: Lunar Dance
|-activate|p1a: Great Tusk|move: Sticky Web
|-unboost|p1a: Great Tusk|spe|1
|turn|11
|
|t:|1769339750
|move|p2a: Excadrill|Earthquake|p1a: Great Tusk
|-damage|p1a: Great Tusk|68/100
|move|p1a: Great Tusk|Rapid Spin|p2a: Excadrill
|-resisted|p2a: Excadrill
|-damage|p2a: Excadrill|86/100
|-boost|p1a: Great Tusk|spe|1
|-enditem|p2a: Excadrill|Air Balloon
|-sideend|p1: ChronosVeros|Sticky Web|[from] move: Rapid Spin|[of] p1a: Great Tusk
|
|upkeep
|turn|12
|
|t:|1769339762
|move|p2a: Excadrill|Iron Head|p1a: Great Tusk
|-damage|p1a: Great Tusk|41/100
|-damage|p2a: Excadrill|69/100|[from] item: Rocky Helmet|[of] p1a: Great Tusk
|move|p1a: Great Tusk|Headlong Rush|p2a: Excadrill
|-supereffective|p2a: Excadrill
|-damage|p2a: Excadrill|0 fnt
|-unboost|p1a: Great Tusk|def|1
|-unboost|p1a: Great Tusk|spd|1
|faint|p2a: Excadrill
|
|upkeep
|
|t:|1769339769
|switch|p2a: Galvantula|Galvantula, M|100/100
|turn|13
|
|t:|1769339777
|move|p2a: Galvantula|Bug Buzz|p1a: Great Tusk
|-resisted|p1a: Great Tusk
|-damage|p1a: Great Tusk|5/100
|move|p1a: Great Tusk|Headlong Rush|p2a: Galvantula
|-enditem|p2a: Galvantula|Focus Sash
|-damage|p2a: Galvantula|1/100
|-unboost|p1a: Great Tusk|def|1
|-unboost|p1a: Great Tusk|spd|1
|
|-sideend|p1: ChronosVeros|Reflect
|upkeep
|turn|14
|
|t:|1769339795
|move|p2a: Galvantula|Sticky Web|p1a: Great Tusk
|-sidestart|p1: ChronosVeros|move: Sticky Web
|move|p1a: Great Tusk|Rapid Spin|p2a: Galvantula
|-damage|p2a: Galvantula|0 fnt
|-boost|p1a: Great Tusk|spe|1
|-sideend|p1: ChronosVeros|Sticky Web|[from] move: Rapid Spin|[of] p1a: Great Tusk
|faint|p2a: Galvantula
|
|upkeep
|
|t:|1769339809
|switch|p2a: Chandelure|Chandelure, M|76/100
|turn|15
|
|t:|1769339823
|move|p2a: Chandelure|Energy Ball|p1a: Great Tusk
|-supereffective|p1a: Great Tusk
|-damage|p1a: Great Tusk|0 fnt
|faint|p1a: Great Tusk
|-end|p1a: Great Tusk|Protosynthesis|[silent]
|
|upkeep
|inactive|ChronosVeros has 90 seconds left.
|
|t:|1769339851
|switch|p1a: Magnezone|Magnezone|100/100
|turn|16
|inactive|ChronosVeros has 90 seconds left.
|inactive|24iomxx has 120 seconds left.
|
|t:|1769339901
|switch|p2a: Hydreigon|Hydreigon, F|100/100
|move|p1a: Magnezone|Thunderbolt|p2a: Hydreigon
|-resisted|p2a: Hydreigon
|-damage|p2a: Hydreigon|64/100
|
|-heal|p2a: Hydreigon|70/100|[from] item: Leftovers
|upkeep
|turn|17
|inactive|ChronosVeros has 90 seconds left.
|
|t:|1769339931
|switch|p2a: Amoonguss|Amoonguss, F|100/100
|move|p1a: Magnezone|Thunderbolt|p2a: Amoonguss
|-resisted|p2a: Amoonguss
|-damage|p2a: Amoonguss|71/100
|
|-heal|p2a: Amoonguss|78/100|[from] item: Leftovers
|upkeep
|turn|18
|inactive|24iomxx has 120 seconds left.
|inactive|ChronosVeros has 60 seconds left.
|
|t:|1769339953
|switch|p2a: Chandelure|Chandelure, M|76/100
|move|p1a: Magnezone|Flash Cannon|p2a: Chandelure
|-resisted|p2a: Chandelure
|-damage|p2a: Chandelure|33/100
|
|upkeep
|turn|19
|inactive|ChronosVeros has 60 seconds left.
|
|t:|1769339969
|switch|p1a: Basculegion|Basculegion, M|100/100
|move|p2a: Chandelure|Shadow Ball|p1a: Basculegion
|-supereffective|p1a: Basculegion
|-damage|p1a: Basculegion|0 fnt
|faint|p1a: Basculegion
|
|upkeep
|
|t:|1769339981
|switch|p1a: Magnezone|Magnezone|100/100
|turn|20
|
|t:|1769339989
|move|p2a: Chandelure|Shadow Ball|p1a: Magnezone
|-damage|p1a: Magnezone|66/100
|-unboost|p1a: Magnezone|spd|1
|move|p1a: Magnezone|Volt Switch|p2a: Chandelure
|-damage|p2a: Chandelure|0 fnt
|faint|p2a: Chandelure
|
|t:|1769339996
|switch|p1a: Iron Valiant|Iron Valiant|100/100|[from] Volt Switch
|
|upkeep
|
|t:|1769339999
|switch|p2a: Amoonguss|Amoonguss, F|100/100
|turn|21
|inactive|ChronosVeros has 60 seconds left.
|
|t:|1769340018
|-terastallize|p1a: Iron Valiant|Dark
|move|p1a: Iron Valiant|Shadow Ball|p2a: Amoonguss
|-damage|p2a: Amoonguss|63/100
|-unboost|p2a: Amoonguss|spd|1
|-damage|p1a: Iron Valiant|91/100|[from] item: Life Orb
|move|p2a: Amoonguss|Sludge Bomb|p1a: Iron Valiant
|-damage|p1a: Iron Valiant|46/100
|
|-heal|p2a: Amoonguss|69/100|[from] item: Leftovers
|upkeep
|turn|22
|inactive|ChronosVeros has 60 seconds left.
|
|t:|1769340039
|move|p1a: Iron Valiant|Moonblast|p2a: Amoonguss
|-resisted|p2a: Amoonguss
|-damage|p2a: Amoonguss|20/100
|-damage|p1a: Iron Valiant|36/100|[from] item: Life Orb
|move|p2a: Amoonguss|Sludge Bomb|p1a: Iron Valiant
|-damage|p1a: Iron Valiant|0 fnt
|faint|p1a: Iron Valiant
|-end|p1a: Iron Valiant|Quark Drive|[silent]
|
|-heal|p2a: Amoonguss|26/100|[from] item: Leftovers
|upkeep
|
|t:|1769340048
|switch|p1a: Magnezone|Magnezone|66/100
|turn|23
|
|t:|1769340052
|move|p1a: Magnezone|Thunderbolt|p2a: Amoonguss
|-resisted|p2a: Amoonguss
|-damage|p2a: Amoonguss|0 fnt
|faint|p2a: Amoonguss
|
|upkeep
|
|t:|1769340054
|switch|p2a: Hydreigon|Hydreigon, F|70/100
|turn|24
|
|t:|1769340060
|move|p2a: Hydreigon|Substitute|p2a: Hydreigon
|-start|p2a: Hydreigon|Substitute
|-damage|p2a: Hydreigon|45/100
|move|p1a: Magnezone|Flash Cannon|p2a: Hydreigon
|-end|p2a: Hydreigon|Substitute
|
|-heal|p2a: Hydreigon|51/100|[from] item: Leftovers
|upkeep
|turn|25
|
|t:|1769340067
|-terastallize|p2a: Hydreigon|Steel
|move|p2a: Hydreigon|Nasty Plot|p2a: Hydreigon
|-boost|p2a: Hydreigon|spa|2
|move|p1a: Magnezone|Flash Cannon|p2a: Hydreigon
|-resisted|p2a: Hydreigon
|-damage|p2a: Hydreigon|19/100
|
|-heal|p2a: Hydreigon|25/100|[from] item: Leftovers
|upkeep
|turn|26
|
|t:|1769340085
|move|p2a: Hydreigon|Draco Meteor|p1a: Magnezone
|-resisted|p1a: Magnezone
|-damage|p1a: Magnezone|18/100
|-unboost|p2a: Hydreigon|spa|2
|move|p1a: Magnezone|Thunderbolt|p2a: Hydreigon
|-damage|p2a: Hydreigon|0 fnt
|faint|p2a: Hydreigon
|
|win|ChronosVeros
|raw|ChronosVeros's rating: 1250 &rarr; <strong>1273</strong><br />(+23 for winning)
|raw|24iomxx's rating: 1221 &rarr; <strong>1198</strong><br />(-23 for losing)
|l|☆24iomxx
|player|p2|
|l|☆ChronosVeros
|player|p1|
