|j|☆hydroflaskbeater
|j|☆OctoDum312
|t:|1769443315
|gametype|singles
|player|p1|hydroflaskbeater|teamrocket|1199
|player|p2|OctoDum312|cynthia|1180
|gen|9
|tier|[Gen 9] OU
|rated|
|rule|HP Percentage Mod: HP is shown in percentages
|rule|Endless Battle Clause: Forcing endless battles is banned
|rule|Species Clause: Limit one of each Pokémon
|rule|OHKO Clause: OHKO moves are banned
|rule|Evasion Items Clause: Evasion items are banned
|rule|Evasion Moves Clause: Evasion moves are banned
|rule|Evasion Abilities Clause: Evasion abilities are banned
|rule|Sleep Moves Clause: Sleep-inducing moves are banned
|clearpoke
|poke|p1|Ribombee, F|
|poke|p1|Noivern, F|
|poke|p1|Mimikyu, M|
|poke|p1|Cinccino, M|
|poke|p1|Torterra, F|
|poke|p1|Jolteon, M|
|poke|p2|Corviknight, F|
|poke|p2|Dragapult, F|
|poke|p2|Maushold-Four|
|poke|p2|Gholdengo|
|poke|p2|Clodsire, M|
|poke|p2|Heatran, M|
|teampreview
|inactive|Battle timer is ON: inactive players will automatically lose when time's up. (requested by hydroflaskbeater)
|
|t:|1769443319
|teamsize|p1|6
|teamsize|p2|6
|start
|switch|p1a: Barry|Ribombee, F|100/100
|switch|p2a: Dragapult|Dragapult, F|100/100
|turn|1
|
|t:|1769443328
|switch|p2a: Corviknight|Corviknight, F|100/100
|move|p1a: Barry|Sticky Web|p2a: Corviknight
|-sidestart|p2: OctoDum312|move: Sticky Web
|
|upkeep
|turn|2
|
|t:|1769443332
|move|p1a: Barry|Reflect|p1a: Barry
|-sidestart|p1: hydroflaskbeater|Reflect
|move|p2a: Corviknight|Defog|p1a: Barry
|-unboost|p1a: Barry|evasion|1
|-sideend|p1: hydroflaskbeater|Reflect
|-sideend|p2: OctoDum312|Sticky Web|[from] move: Defog|[of] p2a: Corviknight
|
|upkeep
|turn|3
|
|t:|1769443336
|move|p1a: Barry|Sticky Web|p2a: Corviknight
|-sidestart|p2: OctoDum312|move: Sticky Web
|move|p2a: Corviknight|Brave Bird|p1a: Barry
|-supereffective|p1a: Barry
|-damage|p1a: Barry|0 fnt
|faint|p1a: Barry
|-damage|p2a: Corviknight|74/100|[from] Recoil
|
|upkeep
|
|t:|1769443349
|switch|p1a: Tha jolt|Jolteon, M|100/100
|turn|4
|
|t:|1769443355
|-terastallize|p2a: Corviknight|Ground
|move|p1a: Tha jolt|Calm Mind|p1a: Tha jolt
|-boost|p1a: Tha jolt|spa|1
|-boost|p1a: Tha jolt|spd|1
|move|p2a: Corviknight|Defog|p1a: Tha jolt
|-unboost|p1a: Tha jolt|evasion|1
|-sideend|p2: OctoDum312|Sticky Web|[from] move: Defog|[of] p2a: Corviknight
|
|-status|p1a: Tha jolt|brn|[from] item: Flame Orb
|upkeep
|turn|5
|
|t:|1769443367
|move|p1a: Tha jolt|Calm Mind|p1a: Tha jolt
|-boost|p1a: Tha jolt|spa|1
|-boost|p1a: Tha jolt|spd|1
|move|p2a: Corviknight|U-turn|p1a: Tha jolt
|-damage|p1a: Tha jolt|74/100 brn
|
|t:|1769443371
|switch|p2a: Maushold|Maushold-Four|100/100|[from] U-turn
|
|-damage|p1a: Tha jolt|68/100 brn|[from] brn
|upkeep
|turn|6
|
|t:|1769443380
|switch|p2a: Clodsire|Clodsire, M|100/100
|move|p1a: Tha jolt|Thunderbolt|p2a: Clodsire
|-immune|p2a: Clodsire
|
|-damage|p1a: Tha jolt|62/100 brn|[from] brn
|upkeep
|turn|7
|
|t:|1769443387
|move|p1a: Tha jolt|Wish|p1a: Tha jolt
|move|p2a: Clodsire|Earthquake|p1a: Tha jolt
|-supereffective|p1a: Tha jolt
|-damage|p1a: Tha jolt|0 fnt
|faint|p1a: Tha jolt
|
|upkeep
|
|t:|1769443396
|switch|p1a: Torta|Torterra, F|100/100
|turn|8
|
|t:|1769443408
|switch|p2a: Maushold|Maushold-Four|100/100
|move|p1a: Torta|Shell Smash|p1a: Torta
|-unboost|p1a: Torta|def|1
|-unboost|p1a: Torta|spd|1
|-boost|p1a: Torta|atk|2
|-boost|p1a: Torta|spa|2
|-boost|p1a: Torta|spe|2
|-enditem|p1a: Torta|White Herb
|-clearnegativeboost|p1a: Torta|[silent]
|
|upkeep
|turn|9
|
|t:|1769443417
|move|p1a: Torta|Earthquake|p2a: Maushold
|-damage|p2a: Maushold|0 fnt
|faint|p2a: Maushold
|
|upkeep
|
|t:|1769443429
|switch|p2a: Corviknight|Corviknight, F, tera:Ground|74/100
|turn|10
|
|t:|1769443433
|move|p1a: Torta|Seed Bomb|p2a: Corviknight
|-supereffective|p2a: Corviknight
|-damage|p2a: Corviknight|0 fnt
|faint|p2a: Corviknight
|
|upkeep
|
|t:|1769443439
|switch|p2a: Gholdengo|Gholdengo|100/100
|-item|p2a: Gholdengo|Air Balloon
|turn|11
|
|t:|1769443446
|move|p1a: Torta|Seed Bomb|p2a: Gholdengo
|-resisted|p2a: Gholdengo
|-damage|p2a: Gholdengo|61/100
|-enditem|p2a: Gholdengo|Air Balloon
|move|p2a: Gholdengo|Make It Rain|p1a: Torta
|-damage|p1a: Torta|42/100
|-unboost|p2a: Gholdengo|spa|1
|
|upkeep
|turn|12
|
|t:|1769443455
|switch|p2a: Heatran|Heatran, M|100/100
|move|p1a: Torta|Earthquake|p2a: Heatran
|-supereffective|p2a: Heatran
|-damage|p2a: Heatran|0 fnt
|faint|p2a: Heatran
|
|upkeep
|
|t:|1769443465
|switch|p2a: Dragapult|Dragapult, F|100/100
|turn|13
|
|t:|1769443478
|move|p2a: Dragapult|Sucker Punch|p1a: Torta
|-damage|p1a: Torta|2/100
|move|p1a: Torta|Earthquake|p2a: Dragapult
|-damage|p2a: Dragapult|0 fnt
|faint|p2a: Dragapult
|
|upkeep
|
|t:|1769443481
|switch|p2a: Gholdengo|Gholdengo|61/100
|turn|14
|
|t:|1769443484
|move|p1a: Torta|Earthquake|p2a: Gholdengo
|-supereffective|p2a: Gholdengo
|-damage|p2a: Gholdengo|0 fnt
|faint|p2a: Gholdengo
|
|upkeep
|-message|OctoDum312 forfeited.
|
|win|hydroflaskbeater
|raw|hydroflaskbeater's rating: 1199 &rarr; <strong>1223</strong><br />(+24 for winning)
|raw|OctoDum312's rating: 1180 &rarr; <strong>1156</strong><br />(-24 for losing)
|l|☆OctoDum312
|player|p2|
