|j|☆Asktsk
|j|☆mpruftkvql
|t:|1769302019
|gametype|singles
|player|p1|Asktsk|102|1807
|player|p2|mpruftkvql|acetrainer-gen6|1764
|gen|9
|tier|[Gen 9] OU
|rated|
|rule|HP Percentage Mod: HP is shown in percentages
|rule|Endless Battle Clause: Forcing endless battles is banned
|rule|Species Clause: Limit one of each Pokémon
|rule|OHKO Clause: OHKO moves are banned
|rule|Evasion Items Clause: Evasion items are banned
|rule|Evasion Moves Clause: Evasion moves are banned
|rule|Evasion Abilities Clause: Evasion abilities are banned
|rule|Sleep Moves Clause: Sleep-inducing moves are banned
|clearpoke
|poke|p1|Tyranitar, F|
|poke|p1|Iron Valiant|
|poke|p1|Toxapex, F|
|poke|p1|Excadrill, F|
|poke|p1|Corviknight, F|
|poke|p1|Gliscor, F|
|poke|p2|Samurott-Hisui, M|
|poke|p2|Zamazenta-*|
|poke|p2|Dragonite, F|
|poke|p2|Gholdengo|
|poke|p2|Iron Treads|
|poke|p2|Pecharunt|
|teampreview
|j| Easontom
|l| Easontom
|c|☆mpruftkvql|hf
|inactive|Battle timer is ON: inactive players will automatically lose when time's up. (requested by mpruftkvql)
|
|t:|1769302038
|teamsize|p1|6
|teamsize|p2|6
|start
|switch|p1a: Iron Valiant|Iron Valiant|100/100
|switch|p2a: Samurott|Samurott-Hisui, M|100/100
|turn|1
|
|t:|1769302052
|-terastallize|p2a: Samurott|Fire
|move|p1a: Iron Valiant|Moonblast|p2a: Samurott
|-resisted|p2a: Samurott
|-damage|p2a: Samurott|74/100
|move|p2a: Samurott|Razor Shell|p1a: Iron Valiant
|-damage|p1a: Iron Valiant|37/100
|-unboost|p1a: Iron Valiant|def|1
|
|upkeep
|turn|2
|
|t:|1769302066
|-end|p1a: Iron Valiant|Quark Drive|[silent]
|switch|p1a: Corviknight|Corviknight, F|100/100
|-ability|p1a: Corviknight|Pressure
|move|p2a: Samurott|Ceaseless Edge|p1a: Corviknight
|-damage|p1a: Corviknight|73/100
|-damage|p2a: Samurott|58/100|[from] item: Rocky Helmet|[of] p1a: Corviknight
|-sidestart|p1: Asktsk|Spikes
|
|upkeep
|turn|3
|
|t:|1769302081
|switch|p2a: Gholdengo|Gholdengo|100/100
|move|p1a: Corviknight|U-turn|p2a: Gholdengo
|-resisted|p2a: Gholdengo
|-damage|p2a: Gholdengo|97/100
|j| caltech13
|
|t:|1769302089
|switch|p1a: Tyranitar|Tyranitar, F|100/100|[from] U-turn
|-damage|p1a: Tyranitar|88/100|[from] Spikes
|-weather|Sandstorm|[from] ability: Sand Stream|[of] p1a: Tyranitar
|
|-weather|Sandstorm|[upkeep]
|upkeep
|turn|4
|
|t:|1769302103
|move|p1a: Tyranitar|Knock Off|p2a: Gholdengo
|-supereffective|p2a: Gholdengo
|-damage|p2a: Gholdengo|0 fnt
|-enditem|p2a: Gholdengo|Metal Coat|[from] move: Knock Off|[of] p1a: Tyranitar
|faint|p2a: Gholdengo
|
|-weather|Sandstorm|[upkeep]
|upkeep
|
|t:|1769302117
|switch|p2a: Iron Treads|Iron Treads|100/100
|turn|5
|
|t:|1769302131
|move|p2a: Iron Treads|Earthquake|p1a: Tyranitar
|-supereffective|p1a: Tyranitar
|-damage|p1a: Tyranitar|21/100
|move|p1a: Tyranitar|Knock Off|p2a: Iron Treads
|-damage|p2a: Iron Treads|39/100
|-enditem|p2a: Iron Treads|Leftovers|[from] move: Knock Off|[of] p1a: Tyranitar
|
|-weather|Sandstorm|[upkeep]
|upkeep
|turn|6
|j| Nikator98
|l| Nikator98
|
|t:|1769302145
|-end|p2a: Iron Treads|Quark Drive|[silent]
|switch|p2a: Zamazenta|Zamazenta|100/100
|-ability|p2a: Zamazenta|Dauntless Shield|boost
|-boost|p2a: Zamazenta|def|1
|switch|p1a: Corviknight|Corviknight, F|73/100
|-ability|p1a: Corviknight|Pressure
|
|-weather|Sandstorm|[upkeep]
|-damage|p2a: Zamazenta|94/100|[from] Sandstorm
|-heal|p2a: Zamazenta|100/100|[from] item: Leftovers
|upkeep
|turn|7
|
|t:|1769302159
|move|p2a: Zamazenta|Iron Defense|p2a: Zamazenta
|-boost|p2a: Zamazenta|def|2
|move|p1a: Corviknight|Roost|p1a: Corviknight
|-heal|p1a: Corviknight|100/100
|-singleturn|p1a: Corviknight|move: Roost
|
|-weather|none
|upkeep
|turn|8
|
|t:|1769302173
|switch|p1a: Toxapex|Toxapex, F|100/100
|-damage|p1a: Toxapex|88/100|[from] Spikes
|move|p2a: Zamazenta|Body Press|p1a: Toxapex
|-resisted|p1a: Toxapex
|-damage|p1a: Toxapex|61/100
|
|upkeep
|turn|9
|
|t:|1769302187
|switch|p2a: Iron Treads|Iron Treads|39/100
|move|p1a: Toxapex|Haze|p1a: Toxapex
|-clearallboost
|
|upkeep
|turn|10
|
|t:|1769302201
|switch|p1a: Corviknight|Corviknight, F|100/100
|-ability|p1a: Corviknight|Pressure
|move|p2a: Iron Treads|Knock Off|p1a: Corviknight
|-damage|p1a: Corviknight|85/100
|-damage|p2a: Iron Treads|22/100|[from] item: Rocky Helmet|[of] p1a: Corviknight
|-enditem|p1a: Corviknight|Rocky Helmet|[from] move: Knock Off|[of] p2a: Iron Treads
|
|upkeep
|turn|11
|
|t:|1769302215
|move|p2a: Iron Treads|Stealth Rock|p1a: Corviknight
|-sidestart|p1: Asktsk|move: Stealth Rock
|move|p1a: Corviknight|U-turn|p2a: Iron Treads
|-resisted|p2a: Iron Treads
|-damage|p2a: Iron Treads|17/100
|
|t:|1769302220
|switch|p1a: Gliscor|Gliscor, F|100/100|[from] U-turn
|-damage|p1a: Gliscor|88/100|[from] Stealth Rock
|
|-status|p1a: Gliscor|tox|[from] item: Toxic Orb
|upkeep
|turn|12
|
|t:|1769302234
|-end|p2a: Iron Treads|Quark Drive|[silent]
|switch|p2a: Samurott|Samurott-Hisui, M, tera:Fire|58/100
|move|p1a: Gliscor|Stealth Rock|p2a: Samurott
|-sidestart|p2: mpruftkvql|move: Stealth Rock
|
|-heal|p1a: Gliscor|100/100 tox|[from] ability: Poison Heal
|upkeep
|turn|13
|inactive|Asktsk has 120 seconds left.
|
|t:|1769302269
|-terastallize|p1a: Gliscor|Water
|move|p1a: Gliscor|Earthquake|p2a: Samurott
|-supereffective|p2a: Samurott
|-damage|p2a: Samurott|0 fnt
|faint|p2a: Samurott
|
|upkeep
|
|t:|1769302283
|switch|p2a: Zamazenta|Zamazenta|100/100
|-damage|p2a: Zamazenta|94/100|[from] Stealth Rock
|turn|14
|
|t:|1769302297
|switch|p2a: Dragonite|Dragonite, F|100/100
|move|p1a: Gliscor|U-turn|p2a: Dragonite
|-resisted|p2a: Dragonite
|-damage|p2a: Dragonite|97/100
|inactive|Asktsk has 120 seconds left.
|
|t:|1769302319
|switch|p1a: Toxapex|Toxapex, F|95/100|[from] U-turn
|-damage|p1a: Toxapex|82/100|[from] Spikes
|-damage|p1a: Toxapex|70/100|[from] Stealth Rock
|
|upkeep
|turn|15
|inactive|Asktsk has 120 seconds left.
|j| LarpinLysander
|
|t:|1769302333
|move|p2a: Dragonite|Earthquake|p1a: Toxapex
|-supereffective|p1a: Toxapex
|-enditem|p1a: Toxapex|Shuca Berry|[eat]
|-enditem|p1a: Toxapex|Shuca Berry|[weaken]
|-damage|p1a: Toxapex|45/100
|move|p1a: Toxapex|Toxic|p2a: Dragonite
|-status|p2a: Dragonite|tox
|
|-damage|p2a: Dragonite|91/100 tox|[from] psn
|upkeep
|turn|16
|inactive|Asktsk has 120 seconds left.
|
|t:|1769302350
|switch|p1a: Gliscor|Gliscor, F, tera:Water|100/100 tox
|-damage|p1a: Gliscor|88/100 tox|[from] Spikes
|-damage|p1a: Gliscor|75/100 tox|[from] Stealth Rock
|move|p2a: Dragonite|Dragon Tail|p1a: Gliscor
|-damage|p1a: Gliscor|48/100 tox
|drag|p1a: Tyranitar|Tyranitar, F|21/100
|-damage|p1a: Tyranitar|9/100|[from] Spikes
|-damage|p1a: Tyranitar|0 fnt|[from] Stealth Rock
|faint|p1a: Tyranitar
|
|-damage|p2a: Dragonite|78/100 tox|[from] psn
|upkeep
|
|t:|1769302360
|switch|p1a: Excadrill|Excadrill, F|100/100
|-damage|p1a: Excadrill|88/100|[from] Spikes
|-damage|p1a: Excadrill|85/100|[from] Stealth Rock
|turn|17
|
|t:|1769302374
|move|p1a: Excadrill|Rapid Spin|p2a: Dragonite
|-damage|p2a: Dragonite|60/100 tox
|-boost|p1a: Excadrill|spe|1
|-sideend|p1: Asktsk|Spikes|[from] move: Rapid Spin|[of] p1a: Excadrill
|-sideend|p1: Asktsk|Stealth Rock|[from] move: Rapid Spin|[of] p1a: Excadrill
|move|p2a: Dragonite|Earthquake|p1a: Excadrill
|-supereffective|p1a: Excadrill
|-damage|p1a: Excadrill|0 fnt
|faint|p1a: Excadrill
|
|-damage|p2a: Dragonite|41/100 tox|[from] psn
|upkeep
|
|t:|1769302383
|switch|p1a: Iron Valiant|Iron Valiant|37/100
|turn|18
|l| caltech13
|
|t:|1769302397
|-end|p1a: Iron Valiant|Quark Drive|[silent]
|switch|p1a: Corviknight|Corviknight, F|85/100
|-ability|p1a: Corviknight|Pressure
|move|p2a: Dragonite|Extreme Speed|p1a: Corviknight
|-resisted|p1a: Corviknight
|-damage|p1a: Corviknight|75/100
|
|-damage|p2a: Dragonite|16/100 tox|[from] psn
|upkeep
|turn|19
|
|t:|1769302411
|switch|p2a: Zamazenta|Zamazenta|94/100
|-damage|p2a: Zamazenta|88/100|[from] Stealth Rock
|move|p1a: Corviknight|U-turn|p2a: Zamazenta
|-resisted|p2a: Zamazenta
|-damage|p2a: Zamazenta|83/100
|
|t:|1769302416
|switch|p1a: Gliscor|Gliscor, F, tera:Water|48/100 tox|[from] U-turn
|
|-heal|p2a: Zamazenta|89/100|[from] item: Leftovers
|-heal|p1a: Gliscor|61/100 tox|[from] ability: Poison Heal
|upkeep
|turn|20
|j| Cursed16
|
|t:|1769302423
|switch|p1a: Toxapex|Toxapex, F|78/100
|move|p2a: Zamazenta|Body Press|p1a: Toxapex
|-resisted|p1a: Toxapex
|-damage|p1a: Toxapex|67/100
|
|-heal|p2a: Zamazenta|95/100|[from] item: Leftovers
|upkeep
|turn|21
|l| Cursed16
|
|t:|1769302437
|switch|p2a: Iron Treads|Iron Treads|17/100
|-damage|p2a: Iron Treads|14/100|[from] Stealth Rock
|switch|p1a: Gliscor|Gliscor, F, tera:Water|61/100 tox
|
|-heal|p1a: Gliscor|73/100 tox|[from] ability: Poison Heal
|upkeep
|turn|22
|
|t:|1769302444
|move|p2a: Iron Treads|Stealth Rock|p1a: Gliscor
|-sidestart|p1: Asktsk|move: Stealth Rock
|move|p1a: Gliscor|Earthquake|p2a: Iron Treads
|-supereffective|p2a: Iron Treads
|-damage|p2a: Iron Treads|0 fnt
|faint|p2a: Iron Treads
|-end|p2a: Iron Treads|Quark Drive|[silent]
|
|-heal|p1a: Gliscor|86/100 tox|[from] ability: Poison Heal
|upkeep
|
|t:|1769302452
|switch|p2a: Dragonite|Dragonite, F|16/100 tox
|turn|23
|
|t:|1769302459
|move|p1a: Gliscor|U-turn|p2a: Dragonite
|-resisted|p2a: Dragonite
|-damage|p2a: Dragonite|9/100 tox
|
|t:|1769302463
|switch|p1a: Corviknight|Corviknight, F|75/100|[from] U-turn
|-damage|p1a: Corviknight|63/100|[from] Stealth Rock
|-ability|p1a: Corviknight|Pressure
|move|p2a: Dragonite|Roost|p2a: Dragonite
|-heal|p2a: Dragonite|59/100 tox
|-singleturn|p2a: Dragonite|move: Roost
|
|-damage|p2a: Dragonite|52/100 tox|[from] psn
|upkeep
|turn|24
|
|t:|1769302477
|move|p2a: Dragonite|Roost|p2a: Dragonite
|-heal|p2a: Dragonite|100/100 tox
|-singleturn|p2a: Dragonite|move: Roost
|move|p1a: Corviknight|U-turn|p2a: Dragonite
|-damage|p2a: Dragonite|94/100 tox
|
|t:|1769302481
|switch|p1a: Gliscor|Gliscor, F, tera:Water|86/100 tox|[from] U-turn
|-damage|p1a: Gliscor|73/100 tox|[from] Stealth Rock
|
|-heal|p1a: Gliscor|86/100 tox|[from] ability: Poison Heal
|-damage|p2a: Dragonite|81/100 tox|[from] psn
|upkeep
|turn|25
|
|t:|1769302490
|switch|p2a: Zamazenta|Zamazenta|95/100
|-damage|p2a: Zamazenta|89/100|[from] Stealth Rock
|move|p1a: Gliscor|Protect||[still]
|-fail|p1a: Gliscor
|
|-heal|p2a: Zamazenta|95/100|[from] item: Leftovers
|-heal|p1a: Gliscor|98/100 tox|[from] ability: Poison Heal
|upkeep
|turn|26
|
|t:|1769302497
|switch|p1a: Toxapex|Toxapex, F|100/100
|-damage|p1a: Toxapex|88/100|[from] Stealth Rock
|move|p2a: Zamazenta|Crunch|p1a: Toxapex
|-damage|p1a: Toxapex|75/100
|
|-heal|p2a: Zamazenta|100/100|[from] item: Leftovers
|upkeep
|turn|27
|
|t:|1769302511
|switch|p2a: Pecharunt|Pecharunt|100/100
|-damage|p2a: Pecharunt|88/100|[from] Stealth Rock
|-item|p2a: Pecharunt|Air Balloon
|move|p1a: Toxapex|Toxic Spikes|p2a: Pecharunt
|-sidestart|p2: mpruftkvql|move: Toxic Spikes
|
|upkeep
|turn|28
|
|t:|1769302520
|switch|p1a: Gliscor|Gliscor, F, tera:Water|98/100 tox
|-damage|p1a: Gliscor|86/100 tox|[from] Stealth Rock
|move|p2a: Pecharunt|Shadow Ball|p1a: Gliscor
|-damage|p1a: Gliscor|63/100 tox
|
|-heal|p1a: Gliscor|76/100 tox|[from] ability: Poison Heal
|upkeep
|turn|29
|
|t:|1769302531
|move|p2a: Pecharunt|Malignant Chain|p1a: Gliscor
|-damage|p1a: Gliscor|47/100 tox
|move|p1a: Gliscor|U-turn|p2a: Pecharunt
|-resisted|p2a: Pecharunt
|-damage|p2a: Pecharunt|86/100
|-enditem|p2a: Pecharunt|Air Balloon
|
|t:|1769302539
|switch|p1a: Toxapex|Toxapex, F|100/100|[from] U-turn
|-damage|p1a: Toxapex|88/100|[from] Stealth Rock
|
|upkeep
|turn|30
|
|t:|1769302546
|move|p2a: Pecharunt|Recover|p2a: Pecharunt
|-heal|p2a: Pecharunt|100/100
|move|p1a: Toxapex|Toxic Spikes|p2a: Pecharunt
|-sidestart|p2: mpruftkvql|move: Toxic Spikes
|
|upkeep
|turn|31
|
|t:|1769302553
|move|p2a: Pecharunt|Shadow Ball|p1a: Toxapex
|-damage|p1a: Toxapex|68/100
|move|p1a: Toxapex|Haze|p1a: Toxapex
|-clearallboost
|
|upkeep
|turn|32
|
|t:|1769302560
|move|p2a: Pecharunt|Shadow Ball|p1a: Toxapex
|-damage|p1a: Toxapex|48/100
|-unboost|p1a: Toxapex|spd|1
|move|p1a: Toxapex|Haze|p1a: Toxapex
|-clearallboost
|
|upkeep
|turn|33
|
|t:|1769302568
|move|p2a: Pecharunt|Shadow Ball|p1a: Toxapex
|-damage|p1a: Toxapex|27/100
|move|p1a: Toxapex|Recover|p1a: Toxapex
|-heal|p1a: Toxapex|77/100
|
|upkeep
|turn|34
|
|t:|1769302575
|move|p2a: Pecharunt|Shadow Ball|p1a: Toxapex
|-damage|p1a: Toxapex|58/100
|move|p1a: Toxapex|Haze|p1a: Toxapex
|-clearallboost
|
|upkeep
|turn|35
|
|t:|1769302582
|move|p2a: Pecharunt|Shadow Ball|p1a: Toxapex
|-damage|p1a: Toxapex|38/100
|move|p1a: Toxapex|Recover|p1a: Toxapex
|-heal|p1a: Toxapex|88/100
|
|upkeep
|turn|36
|
|t:|1769302594
|move|p2a: Pecharunt|Shadow Ball|p1a: Toxapex
|-damage|p1a: Toxapex|67/100
|move|p1a: Toxapex|Haze|p1a: Toxapex
|-clearallboost
|
|upkeep
|turn|37
|
|t:|1769302602
|move|p2a: Pecharunt|Shadow Ball|p1a: Toxapex
|-damage|p1a: Toxapex|48/100
|move|p1a: Toxapex|Haze|p1a: Toxapex
|-clearallboost
|
|upkeep
|turn|38
|
|t:|1769302609
|move|p2a: Pecharunt|Shadow Ball|p1a: Toxapex
|-damage|p1a: Toxapex|29/100
|move|p1a: Toxapex|Recover|p1a: Toxapex
|-heal|p1a: Toxapex|79/100
|
|upkeep
|turn|39
|
|t:|1769302618
|move|p2a: Pecharunt|Shadow Ball|p1a: Toxapex
|-damage|p1a: Toxapex|58/100
|move|p1a: Toxapex|Haze|p1a: Toxapex
|-clearallboost
|
|upkeep
|turn|40
|
|t:|1769302631
|move|p2a: Pecharunt|Shadow Ball|p1a: Toxapex
|-damage|p1a: Toxapex|37/100
|move|p1a: Toxapex|Recover|p1a: Toxapex
|-heal|p1a: Toxapex|88/100
|
|upkeep
|turn|41
|
|t:|1769302642
|move|p2a: Pecharunt|Shadow Ball|p1a: Toxapex
|-damage|p1a: Toxapex|66/100
|move|p1a: Toxapex|Haze|p1a: Toxapex
|-clearallboost
|
|upkeep
|turn|42
|
|t:|1769302651
|switch|p1a: Corviknight|Corviknight, F|63/100
|-damage|p1a: Corviknight|51/100|[from] Stealth Rock
|-ability|p1a: Corviknight|Pressure
|move|p2a: Pecharunt|Shadow Ball|p1a: Corviknight
|-damage|p1a: Corviknight|23/100
|-unboost|p1a: Corviknight|spd|1
|
|upkeep
|turn|43
|
|t:|1769302670
|move|p2a: Pecharunt|Shadow Ball|p1a: Corviknight
|-damage|p1a: Corviknight|0 fnt
|faint|p1a: Corviknight
|
|upkeep
|
|t:|1769302674
|switch|p1a: Gliscor|Gliscor, F, tera:Water|47/100 tox
|-damage|p1a: Gliscor|35/100 tox|[from] Stealth Rock
|turn|44
|
|t:|1769302683
|move|p2a: Pecharunt|Parting Shot|p1a: Gliscor
|-unboost|p1a: Gliscor|atk|1
|-unboost|p1a: Gliscor|spa|1
|
|t:|1769302690
|switch|p2a: Dragonite|Dragonite, F|81/100 tox|[from] Parting Shot
|move|p1a: Gliscor|Earthquake|p2a: Dragonite
|-immune|p2a: Dragonite
|
|-heal|p1a: Gliscor|47/100 tox|[from] ability: Poison Heal
|-damage|p2a: Dragonite|75/100 tox|[from] psn
|upkeep
|turn|45
|
|t:|1769302697
|move|p1a: Gliscor|Protect|p1a: Gliscor
|-singleturn|p1a: Gliscor|Protect
|move|p2a: Dragonite|Roost|p2a: Dragonite
|-heal|p2a: Dragonite|100/100 tox
|-singleturn|p2a: Dragonite|move: Roost
|
|-heal|p1a: Gliscor|60/100 tox|[from] ability: Poison Heal
|-damage|p2a: Dragonite|88/100 tox|[from] psn
|upkeep
|turn|46
|
|t:|1769302704
|switch|p2a: Pecharunt|Pecharunt|100/100
|-damage|p2a: Pecharunt|88/100|[from] Stealth Rock
|-sideend|p2: mpruftkvql|move: Toxic Spikes|[of] p2a: Pecharunt
|move|p1a: Gliscor|U-turn|p2a: Pecharunt
|-resisted|p2a: Pecharunt
|-damage|p2a: Pecharunt|87/100
|
|t:|1769302715
|switch|p1a: Toxapex|Toxapex, F|99/100|[from] U-turn
|-damage|p1a: Toxapex|87/100|[from] Stealth Rock
|
|upkeep
|turn|47
|
|t:|1769302722
|switch|p1a: Gliscor|Gliscor, F, tera:Water|60/100 tox
|-damage|p1a: Gliscor|47/100 tox|[from] Stealth Rock
|move|p2a: Pecharunt|Recover|p2a: Pecharunt
|-heal|p2a: Pecharunt|100/100
|
|-heal|p1a: Gliscor|60/100 tox|[from] ability: Poison Heal
|upkeep
|turn|48
|
|t:|1769302729
|move|p1a: Gliscor|Protect|p1a: Gliscor
|-singleturn|p1a: Gliscor|Protect
|move|p2a: Pecharunt|Parting Shot|p1a: Gliscor
|-activate|p1a: Gliscor|move: Protect
|
|-heal|p1a: Gliscor|72/100 tox|[from] ability: Poison Heal
|upkeep
|turn|49
|
|t:|1769302736
|move|p2a: Pecharunt|Parting Shot|p1a: Gliscor
|-unboost|p1a: Gliscor|atk|1
|-unboost|p1a: Gliscor|spa|1
|
|t:|1769302744
|switch|p2a: Zamazenta|Zamazenta|100/100|[from] Parting Shot
|-damage|p2a: Zamazenta|94/100|[from] Stealth Rock
|move|p1a: Gliscor|U-turn|p2a: Zamazenta
|-resisted|p2a: Zamazenta
|-damage|p2a: Zamazenta|90/100
|
|t:|1769302747
|switch|p1a: Iron Valiant|Iron Valiant|37/100|[from] U-turn
|-damage|p1a: Iron Valiant|31/100|[from] Stealth Rock
|
|-heal|p2a: Zamazenta|97/100|[from] item: Leftovers
|upkeep
|turn|50
|
|t:|1769302762
|move|p2a: Zamazenta|Crunch|p1a: Iron Valiant
|-resisted|p1a: Iron Valiant
|-damage|p1a: Iron Valiant|24/100
|move|p1a: Iron Valiant|Psyshock|p2a: Zamazenta
|-supereffective|p2a: Zamazenta
|-damage|p2a: Zamazenta|39/100
|
|-heal|p2a: Zamazenta|46/100|[from] item: Leftovers
|upkeep
|turn|51
|
|t:|1769302777
|-end|p1a: Iron Valiant|Quark Drive|[silent]
|switch|p1a: Toxapex|Toxapex, F|100/100
|-damage|p1a: Toxapex|88/100|[from] Stealth Rock
|move|p2a: Zamazenta|Crunch|p1a: Toxapex
|-damage|p1a: Toxapex|74/100
|
|-heal|p2a: Zamazenta|52/100|[from] item: Leftovers
|upkeep
|turn|52
|
|t:|1769302788
|switch|p2a: Pecharunt|Pecharunt|100/100
|-damage|p2a: Pecharunt|88/100|[from] Stealth Rock
|move|p1a: Toxapex|Toxic|p2a: Pecharunt
|-immune|p2a: Pecharunt
|
|upkeep
|turn|53
|
|t:|1769302795
|move|p2a: Pecharunt|Parting Shot|p1a: Toxapex
|-unboost|p1a: Toxapex|atk|1
|-unboost|p1a: Toxapex|spa|1
|
|t:|1769302802
|switch|p2a: Dragonite|Dragonite, F|88/100 tox|[from] Parting Shot
|move|p1a: Toxapex|Toxic Spikes|p2a: Dragonite
|-sidestart|p2: mpruftkvql|move: Toxic Spikes
|
|-damage|p2a: Dragonite|82/100 tox|[from] psn
|upkeep
|turn|54
|
|t:|1769302809
|switch|p2a: Pecharunt|Pecharunt|88/100
|-damage|p2a: Pecharunt|76/100|[from] Stealth Rock
|-sideend|p2: mpruftkvql|move: Toxic Spikes|[of] p2a: Pecharunt
|move|p1a: Toxapex|Recover|p1a: Toxapex
|-heal|p1a: Toxapex|100/100
|
|upkeep
|turn|55
|
|t:|1769302816
|switch|p1a: Gliscor|Gliscor, F, tera:Water|72/100 tox
|-damage|p1a: Gliscor|60/100 tox|[from] Stealth Rock
|move|p2a: Pecharunt|Recover|p2a: Pecharunt
|-heal|p2a: Pecharunt|100/100
|
|-heal|p1a: Gliscor|72/100 tox|[from] ability: Poison Heal
|upkeep
|turn|56
|
|t:|1769302823
|move|p1a: Gliscor|Protect|p1a: Gliscor
|-singleturn|p1a: Gliscor|Protect
|move|p2a: Pecharunt|Parting Shot|p1a: Gliscor
|-activate|p1a: Gliscor|move: Protect
|
|-heal|p1a: Gliscor|85/100 tox|[from] ability: Poison Heal
|upkeep
|turn|57
|
|t:|1769302830
|move|p2a: Pecharunt|Parting Shot|p1a: Gliscor
|-unboost|p1a: Gliscor|atk|1
|-unboost|p1a: Gliscor|spa|1
|
|t:|1769302837
|switch|p2a: Dragonite|Dragonite, F|82/100 tox|[from] Parting Shot
|move|p1a: Gliscor|U-turn|p2a: Dragonite
|-resisted|p2a: Dragonite
|-damage|p2a: Dragonite|77/100 tox
|
|t:|1769302844
|switch|p1a: Iron Valiant|Iron Valiant|24/100|[from] U-turn
|-damage|p1a: Iron Valiant|18/100|[from] Stealth Rock
|
|-damage|p2a: Dragonite|71/100 tox|[from] psn
|upkeep
|turn|58
|
|t:|1769302858
|-end|p1a: Iron Valiant|Quark Drive|[silent]
|switch|p1a: Toxapex|Toxapex, F|100/100
|-damage|p1a: Toxapex|88/100|[from] Stealth Rock
|move|p2a: Dragonite|Extreme Speed|p1a: Toxapex
|-damage|p1a: Toxapex|68/100
|
|-damage|p2a: Dragonite|58/100 tox|[from] psn
|upkeep
|turn|59
|
|t:|1769302865
|switch|p1a: Gliscor|Gliscor, F, tera:Water|85/100 tox
|-damage|p1a: Gliscor|72/100 tox|[from] Stealth Rock
|move|p2a: Dragonite|Roost|p2a: Dragonite
|-heal|p2a: Dragonite|100/100 tox
|-singleturn|p2a: Dragonite|move: Roost
|
|-heal|p1a: Gliscor|85/100 tox|[from] ability: Poison Heal
|-damage|p2a: Dragonite|82/100 tox|[from] psn
|upkeep
|turn|60
|
|t:|1769302872
|switch|p2a: Zamazenta|Zamazenta|52/100
|-damage|p2a: Zamazenta|46/100|[from] Stealth Rock
|move|p1a: Gliscor|Earthquake|p2a: Zamazenta
|-damage|p2a: Zamazenta|24/100
|
|-heal|p2a: Zamazenta|30/100|[from] item: Leftovers
|-heal|p1a: Gliscor|97/100 tox|[from] ability: Poison Heal
|upkeep
|turn|61
|
|t:|1769302882
|switch|p2a: Dragonite|Dragonite, F|82/100 tox
|move|p1a: Gliscor|Earthquake|p2a: Dragonite
|-immune|p2a: Dragonite
|
|-heal|p1a: Gliscor|100/100 tox|[from] ability: Poison Heal
|-damage|p2a: Dragonite|76/100 tox|[from] psn
|upkeep
|turn|62
|
|t:|1769302891
|move|p1a: Gliscor|Earthquake|p2a: Dragonite
|-immune|p2a: Dragonite
|move|p2a: Dragonite|Roost|p2a: Dragonite
|-heal|p2a: Dragonite|100/100 tox
|-singleturn|p2a: Dragonite|move: Roost
|
|-damage|p2a: Dragonite|88/100 tox|[from] psn
|upkeep
|turn|63
|
|t:|1769302898
|switch|p2a: Zamazenta|Zamazenta|30/100
|-damage|p2a: Zamazenta|24/100|[from] Stealth Rock
|move|p1a: Gliscor|Protect||[still]
|-fail|p1a: Gliscor
|
|-heal|p2a: Zamazenta|30/100|[from] item: Leftovers
|upkeep
|turn|64
|
|t:|1769302905
|move|p2a: Zamazenta|Iron Defense|p2a: Zamazenta
|-boost|p2a: Zamazenta|def|2
|move|p1a: Gliscor|Earthquake|p2a: Zamazenta
|-damage|p2a: Zamazenta|18/100
|
|-heal|p2a: Zamazenta|24/100|[from] item: Leftovers
|upkeep
|turn|65
|
|t:|1769302912
|switch|p1a: Toxapex|Toxapex, F|100/100
|-damage|p1a: Toxapex|88/100|[from] Stealth Rock
|move|p2a: Zamazenta|Body Press|p1a: Toxapex
|-resisted|p1a: Toxapex
|-damage|p1a: Toxapex|66/100
|
|-heal|p2a: Zamazenta|30/100|[from] item: Leftovers
|upkeep
|turn|66
|
|t:|1769302919
|switch|p2a: Pecharunt|Pecharunt|100/100
|-damage|p2a: Pecharunt|88/100|[from] Stealth Rock
|move|p1a: Toxapex|Toxic|p2a: Pecharunt
|-immune|p2a: Pecharunt
|
|upkeep
|turn|67
|
|t:|1769302926
|move|p2a: Pecharunt|Parting Shot|p1a: Toxapex
|-unboost|p1a: Toxapex|atk|1
|-unboost|p1a: Toxapex|spa|1
|
|t:|1769302933
|switch|p2a: Dragonite|Dragonite, F|88/100 tox|[from] Parting Shot
|move|p1a: Toxapex|Toxic Spikes|p2a: Dragonite
|-sidestart|p2: mpruftkvql|move: Toxic Spikes
|
|-damage|p2a: Dragonite|82/100 tox|[from] psn
|upkeep
|turn|68
|
|t:|1769302940
|switch|p2a: Pecharunt|Pecharunt|88/100
|-damage|p2a: Pecharunt|76/100|[from] Stealth Rock
|-sideend|p2: mpruftkvql|move: Toxic Spikes|[of] p2a: Pecharunt
|switch|p1a: Gliscor|Gliscor, F, tera:Water|100/100 tox
|-damage|p1a: Gliscor|88/100 tox|[from] Stealth Rock
|
|-heal|p1a: Gliscor|100/100 tox|[from] ability: Poison Heal
|upkeep
|turn|69
|
|t:|1769302948
|move|p2a: Pecharunt|Parting Shot|p1a: Gliscor
|-unboost|p1a: Gliscor|atk|1
|-unboost|p1a: Gliscor|spa|1
|
|t:|1769302956
|switch|p2a: Zamazenta|Zamazenta|30/100|[from] Parting Shot
|-damage|p2a: Zamazenta|24/100|[from] Stealth Rock
|move|p1a: Gliscor|U-turn|p2a: Zamazenta
|-resisted|p2a: Zamazenta
|-damage|p2a: Zamazenta|20/100
|
|t:|1769302958
|switch|p1a: Iron Valiant|Iron Valiant|18/100|[from] U-turn
|-damage|p1a: Iron Valiant|12/100|[from] Stealth Rock
|
|-heal|p2a: Zamazenta|26/100|[from] item: Leftovers
|upkeep
|turn|70
|j| Ctannn
|
|t:|1769302972
|move|p1a: Iron Valiant|Vacuum Wave|p2a: Zamazenta
|-damage|p2a: Zamazenta|1/100
|move|p2a: Zamazenta|Body Press|p1a: Iron Valiant
|-resisted|p1a: Iron Valiant
|-damage|p1a: Iron Valiant|0 fnt
|faint|p1a: Iron Valiant
|-end|p1a: Iron Valiant|Quark Drive|[silent]
|
|-heal|p2a: Zamazenta|7/100|[from] item: Leftovers
|upkeep
|
|t:|1769302983
|switch|p1a: Gliscor|Gliscor, F, tera:Water|100/100 tox
|-damage|p1a: Gliscor|88/100 tox|[from] Stealth Rock
|turn|71
|
|t:|1769302990
|switch|p2a: Dragonite|Dragonite, F|82/100 tox
|move|p1a: Gliscor|Earthquake|p2a: Dragonite
|-immune|p2a: Dragonite
|
|-heal|p1a: Gliscor|100/100 tox|[from] ability: Poison Heal
|-damage|p2a: Dragonite|76/100 tox|[from] psn
|upkeep
|turn|72
|
|t:|1769302997
|move|p1a: Gliscor|Stealth Rock||[still]
|-fail|p1a: Gliscor
|move|p2a: Dragonite|Roost|p2a: Dragonite
|-heal|p2a: Dragonite|100/100 tox
|-singleturn|p2a: Dragonite|move: Roost
|
|-damage|p2a: Dragonite|88/100 tox|[from] psn
|upkeep
|turn|73
|
|t:|1769303005
|switch|p2a: Pecharunt|Pecharunt|76/100
|-damage|p2a: Pecharunt|63/100|[from] Stealth Rock
|move|p1a: Gliscor|Stealth Rock||[still]
|-fail|p1a: Gliscor
|
|upkeep
|turn|74
|
|t:|1769303012
|move|p2a: Pecharunt|Parting Shot|p1a: Gliscor
|-unboost|p1a: Gliscor|atk|1
|-unboost|p1a: Gliscor|spa|1
|
|t:|1769303018
|switch|p2a: Dragonite|Dragonite, F|88/100 tox|[from] Parting Shot
|move|p1a: Gliscor|Earthquake|p2a: Dragonite
|-immune|p2a: Dragonite
|
|-damage|p2a: Dragonite|82/100 tox|[from] psn
|upkeep
|turn|75
|
|t:|1769303026
|switch|p2a: Pecharunt|Pecharunt|63/100
|-damage|p2a: Pecharunt|51/100|[from] Stealth Rock
|move|p1a: Gliscor|Stealth Rock||[still]
|-fail|p1a: Gliscor
|
|upkeep
|turn|76
|
|t:|1769303034
|move|p2a: Pecharunt|Recover|p2a: Pecharunt
|-heal|p2a: Pecharunt|100/100
|move|p1a: Gliscor|Stealth Rock||[still]
|-fail|p1a: Gliscor
|
|upkeep
|turn|77
|
|t:|1769303041
|move|p2a: Pecharunt|Shadow Ball|p1a: Gliscor
|-damage|p1a: Gliscor|76/100 tox
|move|p1a: Gliscor|U-turn|p2a: Pecharunt
|-resisted|p2a: Pecharunt
|-damage|p2a: Pecharunt|99/100
|
|t:|1769303044
|switch|p1a: Toxapex|Toxapex, F|99/100|[from] U-turn
|-damage|p1a: Toxapex|87/100|[from] Stealth Rock
|
|upkeep
|turn|78
|l| LarpinLysander
|
|t:|1769303051
|switch|p1a: Gliscor|Gliscor, F, tera:Water|76/100 tox
|-damage|p1a: Gliscor|63/100 tox|[from] Stealth Rock
|move|p2a: Pecharunt|Shadow Ball|p1a: Gliscor
|-damage|p1a: Gliscor|42/100 tox
|-unboost|p1a: Gliscor|spd|1
|
|-heal|p1a: Gliscor|54/100 tox|[from] ability: Poison Heal
|upkeep
|turn|79
|
|t:|1769303058
|move|p1a: Gliscor|Protect|p1a: Gliscor
|-singleturn|p1a: Gliscor|Protect
|move|p2a: Pecharunt|Recover|p2a: Pecharunt
|-heal|p2a: Pecharunt|100/100
|
|-heal|p1a: Gliscor|67/100 tox|[from] ability: Poison Heal
|upkeep
|turn|80
|
|t:|1769303065
|switch|p1a: Toxapex|Toxapex, F|100/100
|-damage|p1a: Toxapex|88/100|[from] Stealth Rock
|move|p2a: Pecharunt|Shadow Ball|p1a: Toxapex
|-damage|p1a: Toxapex|68/100
|
|upkeep
|turn|81
|
|t:|1769303075
|move|p2a: Pecharunt|Shadow Ball|p1a: Toxapex
|-damage|p1a: Toxapex|47/100
|move|p1a: Toxapex|Toxic|p2a: Pecharunt
|-immune|p2a: Pecharunt
|
|upkeep
|turn|82
|j| caltech13
|
|t:|1769303083
|move|p2a: Pecharunt|Shadow Ball|p1a: Toxapex
|-damage|p1a: Toxapex|27/100
|move|p1a: Toxapex|Recover|p1a: Toxapex
|-heal|p1a: Toxapex|77/100
|
|upkeep
|turn|83
|l| caltech13
|
|t:|1769303092
|move|p2a: Pecharunt|Parting Shot|p1a: Toxapex
|-unboost|p1a: Toxapex|atk|1
|-unboost|p1a: Toxapex|spa|1
|
|t:|1769303099
|switch|p2a: Dragonite|Dragonite, F|82/100 tox|[from] Parting Shot
|move|p1a: Toxapex|Toxic Spikes|p2a: Dragonite
|-sidestart|p2: mpruftkvql|move: Toxic Spikes
|
|-damage|p2a: Dragonite|76/100 tox|[from] psn
|upkeep
|turn|84
|
|t:|1769303112
|move|p2a: Dragonite|Roost|p2a: Dragonite
|-heal|p2a: Dragonite|100/100 tox
|-singleturn|p2a: Dragonite|move: Roost
|move|p1a: Toxapex|Haze|p1a: Toxapex
|-clearallboost
|
|-damage|p2a: Dragonite|88/100 tox|[from] psn
|upkeep
|turn|85
|
|t:|1769303122
|switch|p2a: Pecharunt|Pecharunt|100/100
|-damage|p2a: Pecharunt|88/100|[from] Stealth Rock
|-sideend|p2: mpruftkvql|move: Toxic Spikes|[of] p2a: Pecharunt
|move|p1a: Toxapex|Toxic Spikes|p2a: Pecharunt
|-sidestart|p2: mpruftkvql|move: Toxic Spikes
|
|upkeep
|turn|86
|
|t:|1769303129
|switch|p1a: Gliscor|Gliscor, F, tera:Water|67/100 tox
|-damage|p1a: Gliscor|54/100 tox|[from] Stealth Rock
|move|p2a: Pecharunt|Shadow Ball|p1a: Gliscor
|-crit|p1a: Gliscor
|-damage|p1a: Gliscor|23/100 tox
|-unboost|p1a: Gliscor|spd|1
|
|-heal|p1a: Gliscor|35/100 tox|[from] ability: Poison Heal
|upkeep
|turn|87
|
|t:|1769303136
|move|p1a: Gliscor|Protect|p1a: Gliscor
|-singleturn|p1a: Gliscor|Protect
|move|p2a: Pecharunt|Recover|p2a: Pecharunt
|-heal|p2a: Pecharunt|100/100
|
|-heal|p1a: Gliscor|48/100 tox|[from] ability: Poison Heal
|upkeep
|turn|88
|
|t:|1769303144
|switch|p1a: Toxapex|Toxapex, F|100/100
|-damage|p1a: Toxapex|88/100|[from] Stealth Rock
|move|p2a: Pecharunt|Recover||[still]
|-fail|p2a: Pecharunt|heal
|
|upkeep
|turn|89
|
|t:|1769303155
|switch|p1a: Gliscor|Gliscor, F, tera:Water|48/100 tox
|-damage|p1a: Gliscor|35/100 tox|[from] Stealth Rock
|move|p2a: Pecharunt|Malignant Chain|p1a: Gliscor
|-damage|p1a: Gliscor|6/100 tox
|
|-heal|p1a: Gliscor|18/100 tox|[from] ability: Poison Heal
|upkeep
|turn|90
|
|t:|1769303162
|move|p1a: Gliscor|Protect|p1a: Gliscor
|-singleturn|p1a: Gliscor|Protect
|move|p2a: Pecharunt|Malignant Chain|p1a: Gliscor
|-activate|p1a: Gliscor|move: Protect
|
|-heal|p1a: Gliscor|31/100 tox|[from] ability: Poison Heal
|upkeep
|turn|91
|
|t:|1769303170
|move|p2a: Pecharunt|Malignant Chain|p1a: Gliscor
|-damage|p1a: Gliscor|3/100 tox
|move|p1a: Gliscor|Earthquake|p2a: Pecharunt
|-supereffective|p2a: Pecharunt
|-damage|p2a: Pecharunt|61/100
|
|-heal|p1a: Gliscor|16/100 tox|[from] ability: Poison Heal
|upkeep
|turn|92
|
|t:|1769303177
|move|p1a: Gliscor|Protect|p1a: Gliscor
|-singleturn|p1a: Gliscor|Protect
|move|p2a: Pecharunt|Recover|p2a: Pecharunt
|-heal|p2a: Pecharunt|100/100
|
|-heal|p1a: Gliscor|28/100 tox|[from] ability: Poison Heal
|upkeep
|turn|93
|
|t:|1769303184
|switch|p1a: Toxapex|Toxapex, F|100/100
|-damage|p1a: Toxapex|88/100|[from] Stealth Rock
|move|p2a: Pecharunt|Malignant Chain|p1a: Toxapex
|-resisted|p1a: Toxapex
|-damage|p1a: Toxapex|74/100
|
|upkeep
|turn|94
|j| Nikator98
|l| Nikator98
|
|t:|1769303191
|move|p2a: Pecharunt|Malignant Chain|p1a: Toxapex
|-resisted|p1a: Toxapex
|-damage|p1a: Toxapex|62/100
|move|p1a: Toxapex|Toxic Spikes|p2a: Pecharunt
|-sidestart|p2: mpruftkvql|move: Toxic Spikes
|
|upkeep
|turn|95
|
|t:|1769303198
|switch|p1a: Gliscor|Gliscor, F, tera:Water|28/100 tox
|-damage|p1a: Gliscor|16/100 tox|[from] Stealth Rock
|move|p2a: Pecharunt|Shadow Ball|p1a: Gliscor
|-damage|p1a: Gliscor|0 fnt
|faint|p1a: Gliscor
|
|upkeep
|
|t:|1769303204
|switch|p1a: Toxapex|Toxapex, F|95/100
|-damage|p1a: Toxapex|83/100|[from] Stealth Rock
|turn|96
|
|t:|1769303211
|move|p2a: Pecharunt|Parting Shot|p1a: Toxapex
|-unboost|p1a: Toxapex|atk|1
|-unboost|p1a: Toxapex|spa|1
|
|t:|1769303216
|switch|p2a: Dragonite|Dragonite, F|88/100 tox|[from] Parting Shot
|move|p1a: Toxapex|Toxic Spikes||[still]
|-fail|p1a: Toxapex
|
|-damage|p2a: Dragonite|82/100 tox|[from] psn
|upkeep
|turn|97
|
|t:|1769303219
|move|p2a: Dragonite|Earthquake|p1a: Toxapex
|-supereffective|p1a: Toxapex
|-damage|p1a: Toxapex|36/100
|move|p1a: Toxapex|Recover|p1a: Toxapex
|-heal|p1a: Toxapex|87/100
|
|-damage|p2a: Dragonite|69/100 tox|[from] psn
|upkeep
|turn|98
|
|t:|1769303223
|move|p2a: Dragonite|Earthquake|p1a: Toxapex
|-supereffective|p1a: Toxapex
|-damage|p1a: Toxapex|43/100
|move|p1a: Toxapex|Recover|p1a: Toxapex
|-heal|p1a: Toxapex|93/100
|
|-damage|p2a: Dragonite|51/100 tox|[from] psn
|upkeep
|turn|99
|
|t:|1769303227
|move|p2a: Dragonite|Earthquake|p1a: Toxapex
|-supereffective|p1a: Toxapex
|-damage|p1a: Toxapex|48/100
|move|p1a: Toxapex|Haze|p1a: Toxapex
|-clearallboost
|
|-damage|p2a: Dragonite|26/100 tox|[from] psn
|upkeep
|turn|100
|
|t:|1769303231
|move|p2a: Dragonite|Earthquake|p1a: Toxapex
|-supereffective|p1a: Toxapex
|-damage|p1a: Toxapex|0 fnt
|faint|p1a: Toxapex
|
|win|mpruftkvql
|raw|Asktsk's rating: 1807 &rarr; <strong>1785</strong><br />(-22 for losing)
|raw|mpruftkvql's rating: 1764 &rarr; <strong>1786</strong><br />(+22 for winning)
|c|☆mpruftkvql|gg
|l|☆mpruftkvql
|player|p2|
|l|☆Asktsk
|player|p1|
|j| St.Peewee
