|j|☆LYHtyt
|j|☆W.D Champion
|t:|1769342010
|gametype|singles
|player|p1|LYHtyt|hilbert|1057
|player|p2|W.D Champion|steven|1000
|gen|9
|tier|[Gen 9] OU
|rated|
|rule|HP Percentage Mod: HP is shown in percentages
|rule|Endless Battle Clause: Forcing endless battles is banned
|rule|Species Clause: Limit one of each Pokémon
|rule|OHKO Clause: OHKO moves are banned
|rule|Evasion Items Clause: Evasion items are banned
|rule|Evasion Moves Clause: Evasion moves are banned
|rule|Evasion Abilities Clause: Evasion abilities are banned
|rule|Sleep Moves Clause: Sleep-inducing moves are banned
|clearpoke
|poke|p1|Samurott-Hisui, F|
|poke|p1|Dragonite, F|
|poke|p1|Iron Valiant|
|poke|p1|Scizor, F|
|poke|p1|Garchomp, F|
|poke|p1|Tyranitar, M|
|poke|p2|Ivysaur, M|
|poke|p2|Dragapult, M|
|poke|p2|Vikavolt, M|
|poke|p2|Chandelure, M|
|poke|p2|Falinks|
|poke|p2|Araquanid, M|
|teampreview
|
|t:|1769342026
|teamsize|p1|6
|teamsize|p2|6
|start
|switch|p1a: Scizor|Scizor, F|100/100
|switch|p2a: Eclipse|Ivysaur, M|100/100
|turn|1
|
|t:|1769342035
|move|p2a: Eclipse|Power Whip|p1a: Scizor
|-resisted|p1a: Scizor
|-damage|p1a: Scizor|92/100
|move|p1a: Scizor|Dual Wingbeat|p2a: Eclipse
|-supereffective|p2a: Eclipse
|-damage|p2a: Eclipse|0 fnt
|faint|p2a: Eclipse
|-hitcount|p2: Eclipse|1
|
|upkeep
|
|t:|1769342045
|switch|p2a: Creepy Lightbulb|Chandelure, M|100/100
|turn|2
|
|t:|1769342056
|switch|p1a: Garchomp|Garchomp, F|100/100
|move|p2a: Creepy Lightbulb|Psychic|p1a: Garchomp
|-damage|p1a: Garchomp|71/100
|
|upkeep
|turn|3
|
|t:|1769342069
|move|p1a: Garchomp|Earthquake|p2a: Creepy Lightbulb
|-supereffective|p2a: Creepy Lightbulb
|-damage|p2a: Creepy Lightbulb|0 fnt
|faint|p2a: Creepy Lightbulb
|
|upkeep
|
|t:|1769342076
|switch|p2a: Duskly|Dragapult, M|100/100
|turn|4
|
|t:|1769342087
|-terastallize|p2a: Duskly|Dragon
|move|p1a: Garchomp|Earthquake|p2a: Duskly
|-damage|p2a: Duskly|43/100
|-start|p1a: Garchomp|Disable|Earthquake|[from] ability: Cursed Body|[of] p2a: Duskly
|move|p2a: Duskly|Phantom Force||[still]
|-prepare|p2a: Duskly|Phantom Force
|
|upkeep
|turn|5
|
|t:|1769342097
|switch|p1a: Iron Valiant|Iron Valiant|100/100
|-enditem|p1a: Iron Valiant|Booster Energy
|-activate|p1a: Iron Valiant|ability: Quark Drive|[fromitem]
|-start|p1a: Iron Valiant|quarkdrivespe
|move|p2a: Duskly|Phantom Force|p1a: Iron Valiant|[from] lockedmove
|-damage|p1a: Iron Valiant|46/100
|
|upkeep
|turn|6
|
|t:|1769342105
|move|p1a: Iron Valiant|Moonblast|p2a: Duskly
|-supereffective|p2a: Duskly
|-crit|p2a: Duskly
|-damage|p2a: Duskly|0 fnt
|faint|p2a: Duskly
|
|upkeep
|
|t:|1769342111
|switch|p2a: 5 Knights|Falinks|100/100
|turn|7
|
|t:|1769342116
|move|p1a: Iron Valiant|Moonblast|p2a: 5 Knights
|-supereffective|p2a: 5 Knights
|-damage|p2a: 5 Knights|0 fnt
|faint|p2a: 5 Knights
|
|upkeep
|inactive|Battle timer is ON: inactive players will automatically lose when time's up. (requested by W.D Champion)
|
|t:|1769342127
|switch|p2a: Bubblboi|Araquanid, M|100/100
|turn|8
|
|t:|1769342139
|move|p1a: Iron Valiant|Destiny Bond|p1a: Iron Valiant
|-singlemove|p1a: Iron Valiant|Destiny Bond
|move|p2a: Bubblboi|Blizzard|p1a: Iron Valiant|[miss]
|-miss|p2a: Bubblboi|p1a: Iron Valiant
|
|upkeep
|turn|9
|
|t:|1769342146
|move|p1a: Iron Valiant|Destiny Bond||[still]
|-fail|p1a: Iron Valiant
|move|p2a: Bubblboi|Blizzard|p1a: Iron Valiant|[miss]
|-miss|p2a: Bubblboi|p1a: Iron Valiant
|
|upkeep
|turn|10
|
|t:|1769342153
|move|p1a: Iron Valiant|Moonblast|p2a: Bubblboi
|-damage|p2a: Bubblboi|63/100
|move|p2a: Bubblboi|Crunch|p1a: Iron Valiant
|-resisted|p1a: Iron Valiant
|-damage|p1a: Iron Valiant|41/100
|-unboost|p1a: Iron Valiant|def|1
|
|upkeep
|turn|11
|
|t:|1769342161
|move|p1a: Iron Valiant|Destiny Bond|p1a: Iron Valiant
|-singlemove|p1a: Iron Valiant|Destiny Bond
|move|p2a: Bubblboi|Blizzard|p1a: Iron Valiant
|-damage|p1a: Iron Valiant|14/100
|
|upkeep
|turn|12
|
|t:|1769342168
|move|p1a: Iron Valiant|Psyshock|p2a: Bubblboi
|-damage|p2a: Bubblboi|37/100
|move|p2a: Bubblboi|Blizzard|p1a: Iron Valiant
|-damage|p1a: Iron Valiant|0 fnt
|faint|p1a: Iron Valiant
|-end|p1a: Iron Valiant|Quark Drive|[silent]
|
|upkeep
|
|t:|1769342174
|switch|p1a: Dragonite|Dragonite, F|100/100
|turn|13
|
|t:|1769342178
|-terastallize|p1a: Dragonite|Normal
|move|p1a: Dragonite|Extreme Speed|p2a: Bubblboi
|-damage|p2a: Bubblboi|0 fnt
|faint|p2a: Bubblboi
|
|upkeep
|
|t:|1769342184
|switch|p2a: Plasmacrunch|Vikavolt, M|100/100
|turn|14
|
|t:|1769342193
|move|p1a: Dragonite|Extreme Speed|p2a: Plasmacrunch
|-damage|p2a: Plasmacrunch|31/100
|move|p2a: Plasmacrunch|Thunder|p1a: Dragonite
|-damage|p1a: Dragonite|79/100
|
|upkeep
|turn|15
|
|t:|1769342200
|move|p1a: Dragonite|Extreme Speed|p2a: Plasmacrunch
|-damage|p2a: Plasmacrunch|0 fnt
|faint|p2a: Plasmacrunch
|
|win|LYHtyt
|raw|LYHtyt's rating: 1057 &rarr; <strong>1083</strong><br />(+26 for winning)
|raw|W.D Champion's rating: 1000 &rarr; <strong>1000</strong><br />(+0 for losing)
