|j|☆magikarp soup
|j|☆reversetracebaxks
|t:|1769425900
|gametype|singles
|player|p1|magikarp soup|medium|
|player|p2|reversetracebaxks|170|
|gen|9
|tier|[Gen 9] OU
|rule|HP Percentage Mod: HP is shown in percentages
|rule|Endless Battle Clause: Forcing endless battles is banned
|rule|Species Clause: Limit one of each Pokémon
|rule|OHKO Clause: OHKO moves are banned
|rule|Evasion Items Clause: Evasion items are banned
|rule|Evasion Moves Clause: Evasion moves are banned
|rule|Evasion Abilities Clause: Evasion abilities are banned
|rule|Sleep Moves Clause: Sleep-inducing moves are banned
|clearpoke
|poke|p1|Dudunsparce-*, M|
|poke|p1|Gliscor, M|
|poke|p1|Clefable, F|
|poke|p1|Zamazenta-*|
|poke|p1|Moltres|
|poke|p1|Kingambit, F|
|poke|p2|Darkrai|
|poke|p2|Gholdengo|
|poke|p2|Great Tusk|
|poke|p2|Skarmory, F|
|poke|p2|Slowking-Galar, F|
|poke|p2|Dragonite, M|
|teampreview
|c|☆magikarp soup|glhf
|
|t:|1769425918
|teamsize|p1|6
|teamsize|p2|6
|start
|switch|p1a: Clefable|Clefable, F|100/100
|switch|p2a: Great Wall|Great Tusk|100/100
|turn|1
|
|t:|1769425922
|-end|p2a: Great Wall|Protosynthesis|[silent]
|switch|p2a: Glowrious King|Slowking-Galar, F|100/100
|move|p1a: Clefable|Moonblast|p2a: Glowrious King
|-resisted|p2a: Glowrious King
|-damage|p2a: Glowrious King|93/100
|
|upkeep
|turn|2
|
|t:|1769425926
|move|p1a: Clefable|Stealth Rock|p2a: Glowrious King
|-sidestart|p2: reversetracebaxks|move: Stealth Rock
|move|p2a: Glowrious King|Flamethrower|p1a: Clefable
|-damage|p1a: Clefable|76/100
|
|-heal|p1a: Clefable|82/100|[from] item: Leftovers
|upkeep
|turn|3
|
|t:|1769425936
|switch|p1a: Gliscor|Gliscor, M|100/100
|move|p2a: Glowrious King|Flamethrower|p1a: Gliscor
|-damage|p1a: Gliscor|73/100
|
|-status|p1a: Gliscor|tox|[from] item: Toxic Orb
|upkeep
|turn|4
|
|t:|1769425939
|move|p1a: Gliscor|Protect|p1a: Gliscor
|-singleturn|p1a: Gliscor|Protect
|move|p2a: Glowrious King|Ice Beam|p1a: Gliscor
|-activate|p1a: Gliscor|move: Protect
|
|-heal|p1a: Gliscor|85/100 tox|[from] ability: Poison Heal
|upkeep
|turn|5
|
|t:|1769425953
|-terastallize|p1a: Gliscor|Water
|move|p1a: Gliscor|Swords Dance|p1a: Gliscor
|-boost|p1a: Gliscor|atk|2
|move|p2a: Glowrious King|Flamethrower|p1a: Gliscor
|-resisted|p1a: Gliscor
|-damage|p1a: Gliscor|73/100 tox
|
|-heal|p1a: Gliscor|85/100 tox|[from] ability: Poison Heal
|upkeep
|turn|6
|
|t:|1769425959
|switch|p2a: Skarmface|Skarmory, F|100/100
|-damage|p2a: Skarmface|88/100|[from] Stealth Rock
|move|p1a: Gliscor|Knock Off|p2a: Skarmface
|-damage|p2a: Skarmface|62/100
|-damage|p1a: Gliscor|69/100 tox|[from] item: Rocky Helmet|[of] p2a: Skarmface
|-enditem|p2a: Skarmface|Rocky Helmet|[from] move: Knock Off|[of] p1a: Gliscor
|
|-heal|p1a: Gliscor|81/100 tox|[from] ability: Poison Heal
|upkeep
|turn|7
|
|t:|1769425963
|switch|p1a: Moltres|Moltres|100/100
|move|p2a: Skarmface|Roost|p2a: Skarmface
|-heal|p2a: Skarmface|100/100
|-singleturn|p2a: Skarmface|move: Roost
|
|upkeep
|turn|8
|
|t:|1769425968
|switch|p1a: Gliscor|Gliscor, M, tera:Water|81/100 tox
|switch|p2a: Glowrious King|Slowking-Galar, F|100/100
|-damage|p2a: Glowrious King|88/100|[from] Stealth Rock
|
|-heal|p1a: Gliscor|93/100 tox|[from] ability: Poison Heal
|upkeep
|turn|9
|
|t:|1769425974
|switch|p2a: Skarmface|Skarmory, F|100/100
|-damage|p2a: Skarmface|88/100|[from] Stealth Rock
|move|p1a: Gliscor|Swords Dance|p1a: Gliscor
|-boost|p1a: Gliscor|atk|2
|
|-heal|p1a: Gliscor|100/100 tox|[from] ability: Poison Heal
|upkeep
|turn|10
|
|t:|1769425976
|move|p1a: Gliscor|Knock Off|p2a: Skarmface
|-damage|p2a: Skarmface|71/100
|move|p2a: Skarmface|Iron Defense|p2a: Skarmface
|-boost|p2a: Skarmface|def|2
|
|upkeep
|turn|11
|
|t:|1769425981
|switch|p1a: Clefable|Clefable, F|82/100
|move|p2a: Skarmface|Roost|p2a: Skarmface
|-heal|p2a: Skarmface|100/100
|-singleturn|p2a: Skarmface|move: Roost
|
|-heal|p1a: Clefable|88/100|[from] item: Leftovers
|upkeep
|turn|12
|
|t:|1769425985
|switch|p2a: Glowrious King|Slowking-Galar, F|100/100
|-damage|p2a: Glowrious King|88/100|[from] Stealth Rock
|move|p1a: Clefable|Encore||[still]
|-fail|p1a: Clefable
|
|-heal|p1a: Clefable|94/100|[from] item: Leftovers
|upkeep
|turn|13
|
|t:|1769425993
|switch|p1a: Gliscor|Gliscor, M, tera:Water|100/100 tox
|switch|p2a: Great Wall|Great Tusk|100/100
|
|upkeep
|turn|14
|
|t:|1769425997
|move|p2a: Great Wall|Stealth Rock|p1a: Gliscor
|-sidestart|p1: magikarp soup|move: Stealth Rock
|move|p1a: Gliscor|Knock Off|p2a: Great Wall
|-resisted|p2a: Great Wall
|-damage|p2a: Great Wall|93/100
|-enditem|p2a: Great Wall|Heavy-Duty Boots|[from] move: Knock Off|[of] p1a: Gliscor
|
|upkeep
|turn|15
|
|t:|1769426002
|move|p2a: Great Wall|Rapid Spin|p1a: Gliscor
|-damage|p1a: Gliscor|86/100 tox
|-boost|p2a: Great Wall|spe|1
|-sideend|p2: reversetracebaxks|Stealth Rock|[from] move: Rapid Spin|[of] p2a: Great Wall
|move|p1a: Gliscor|Swords Dance|p1a: Gliscor
|-boost|p1a: Gliscor|atk|2
|
|-heal|p1a: Gliscor|99/100 tox|[from] ability: Poison Heal
|upkeep
|turn|16
|
|t:|1769426006
|-end|p2a: Great Wall|Protosynthesis|[silent]
|switch|p2a: Skarmface|Skarmory, F|100/100
|move|p1a: Gliscor|Swords Dance|p1a: Gliscor
|-boost|p1a: Gliscor|atk|2
|
|-heal|p1a: Gliscor|100/100 tox|[from] ability: Poison Heal
|upkeep
|turn|17
|
|t:|1769426010
|move|p1a: Gliscor|Knock Off|p2a: Skarmface
|-damage|p2a: Skarmface|75/100
|move|p2a: Skarmface|Iron Defense|p2a: Skarmface
|-boost|p2a: Skarmface|def|2
|
|upkeep
|turn|18
|
|t:|1769426016
|switch|p1a: Moltres|Moltres|100/100
|move|p2a: Skarmface|Spikes|p1a: Moltres
|-sidestart|p1: magikarp soup|Spikes
|
|upkeep
|turn|19
|
|t:|1769426022
|switch|p2a: Glowrious King|Slowking-Galar, F|100/100
|move|p1a: Moltres|Flamethrower|p2a: Glowrious King
|-damage|p2a: Glowrious King|81/100
|
|upkeep
|turn|20
|
|t:|1769426029
|move|p1a: Moltres|Hurricane|p2a: Glowrious King
|-damage|p2a: Glowrious King|59/100
|-start|p2a: Glowrious King|confusion
|-activate|p2a: Glowrious King|confusion
|move|p2a: Glowrious King|Flamethrower|p1a: Moltres
|-resisted|p1a: Moltres
|-damage|p1a: Moltres|86/100
|
|upkeep
|turn|21
|
|t:|1769426035
|switch|p1a: Gliscor|Gliscor, M, tera:Water|100/100 tox
|-damage|p1a: Gliscor|88/100 tox|[from] Stealth Rock
|-damage|p1a: Gliscor|76/100 tox|[from] Spikes
|-activate|p2a: Glowrious King|confusion
|-damage|p2a: Glowrious King|55/100|[from] confusion
|
|-heal|p1a: Gliscor|88/100 tox|[from] ability: Poison Heal
|upkeep
|turn|22
|
|t:|1769426047
|switch|p1a: Dudunsparce|Dudunsparce, M|100/100
|switch|p2a: Skarmface|Skarmory, F|75/100
|
|upkeep
|turn|23
|
|t:|1769426053
|switch|p2a: Gholden Gates|Gholdengo|100/100
|move|p1a: Dudunsparce|Calm Mind|p1a: Dudunsparce
|-boost|p1a: Dudunsparce|spa|1
|-boost|p1a: Dudunsparce|spd|1
|
|upkeep
|turn|24
|
|t:|1769426059
|move|p2a: Gholden Gates|Nasty Plot|p2a: Gholden Gates
|-boost|p2a: Gholden Gates|spa|2
|move|p1a: Dudunsparce|Calm Mind|p1a: Dudunsparce
|-boost|p1a: Dudunsparce|spa|1
|-boost|p1a: Dudunsparce|spd|1
|
|upkeep
|turn|25
|
|t:|1769426062
|move|p2a: Gholden Gates|Make It Rain|p1a: Dudunsparce
|-damage|p1a: Dudunsparce|54/100
|-unboost|p2a: Gholden Gates|spa|1
|move|p1a: Dudunsparce|Earth Power|p2a: Gholden Gates
|-supereffective|p2a: Gholden Gates
|-damage|p2a: Gholden Gates|15/100
|
|upkeep
|turn|26
|
|t:|1769426070
|switch|p2a: Imagine Dragonite|Dragonite, M|100/100
|move|p1a: Dudunsparce|Roost|p1a: Dudunsparce
|-heal|p1a: Dudunsparce|100/100
|-singleturn|p1a: Dudunsparce|move: Roost
|
|upkeep
|turn|27
|
|t:|1769426072
|move|p1a: Dudunsparce|Boomburst|p2a: Imagine Dragonite
|-damage|p2a: Imagine Dragonite|56/100
|move|p2a: Imagine Dragonite|Dragon Tail|p1a: Dudunsparce
|-damage|p1a: Dudunsparce|74/100
|drag|p1a: Gliscor|Gliscor, M, tera:Water|88/100 tox
|-damage|p1a: Gliscor|76/100 tox|[from] Stealth Rock
|-damage|p1a: Gliscor|63/100 tox|[from] Spikes
|
|-heal|p1a: Gliscor|76/100 tox|[from] ability: Poison Heal
|upkeep
|turn|28
|
|t:|1769426081
|move|p1a: Gliscor|Knock Off|p2a: Imagine Dragonite
|-damage|p2a: Imagine Dragonite|36/100
|-enditem|p2a: Imagine Dragonite|Heavy-Duty Boots|[from] move: Knock Off|[of] p1a: Gliscor
|move|p2a: Imagine Dragonite|Roost|p2a: Imagine Dragonite
|-heal|p2a: Imagine Dragonite|86/100
|-singleturn|p2a: Imagine Dragonite|move: Roost
|
|-heal|p1a: Gliscor|88/100 tox|[from] ability: Poison Heal
|upkeep
|turn|29
|
|t:|1769426086
|switch|p1a: Clefable|Clefable, F|94/100
|move|p2a: Imagine Dragonite|Dragon Tail|p1a: Clefable
|-immune|p1a: Clefable
|
|-heal|p1a: Clefable|99/100|[from] item: Leftovers
|upkeep
|turn|30
|
|t:|1769426093
|switch|p2a: Glowrious King|Slowking-Galar, F|88/100
|move|p1a: Clefable|Stealth Rock|p2a: Glowrious King
|-sidestart|p2: reversetracebaxks|move: Stealth Rock
|
|-heal|p1a: Clefable|100/100|[from] item: Leftovers
|upkeep
|turn|31
|
|t:|1769426118
|switch|p1a: Gliscor|Gliscor, M, tera:Water|88/100 tox
|-damage|p1a: Gliscor|76/100 tox|[from] Stealth Rock
|-damage|p1a: Gliscor|63/100 tox|[from] Spikes
|move|p2a: Glowrious King|Flamethrower|p1a: Gliscor
|-resisted|p1a: Gliscor
|-damage|p1a: Gliscor|50/100 tox
|
|-heal|p1a: Gliscor|62/100 tox|[from] ability: Poison Heal
|upkeep
|turn|32
|
|t:|1769426124
|switch|p2a: Great Wall|Great Tusk|93/100
|-damage|p2a: Great Wall|90/100|[from] Stealth Rock
|move|p1a: Gliscor|Knock Off|p2a: Great Wall
|-resisted|p2a: Great Wall
|-damage|p2a: Great Wall|85/100
|
|-heal|p1a: Gliscor|75/100 tox|[from] ability: Poison Heal
|upkeep
|turn|33
|
|t:|1769426127
|move|p1a: Gliscor|Protect|p1a: Gliscor
|-singleturn|p1a: Gliscor|Protect
|move|p2a: Great Wall|Rapid Spin|p1a: Gliscor
|-activate|p1a: Gliscor|move: Protect
|
|-heal|p1a: Gliscor|87/100 tox|[from] ability: Poison Heal
|upkeep
|turn|34
|
|t:|1769426130
|move|p2a: Great Wall|Rapid Spin|p1a: Gliscor
|-damage|p1a: Gliscor|72/100 tox
|-boost|p2a: Great Wall|spe|1
|-sideend|p2: reversetracebaxks|Stealth Rock|[from] move: Rapid Spin|[of] p2a: Great Wall
|move|p1a: Gliscor|Swords Dance|p1a: Gliscor
|-boost|p1a: Gliscor|atk|2
|
|-heal|p1a: Gliscor|85/100 tox|[from] ability: Poison Heal
|upkeep
|turn|35
|
|t:|1769426138
|-end|p2a: Great Wall|Protosynthesis|[silent]
|switch|p2a: Skarmface|Skarmory, F|75/100
|move|p1a: Gliscor|Knock Off|p2a: Skarmface
|-damage|p2a: Skarmface|57/100
|
|-heal|p1a: Gliscor|97/100 tox|[from] ability: Poison Heal
|upkeep
|turn|36
|
|t:|1769426142
|switch|p1a: Clefable|Clefable, F|100/100
|move|p2a: Skarmface|Roost|p2a: Skarmface
|-heal|p2a: Skarmface|100/100
|-singleturn|p2a: Skarmface|move: Roost
|
|upkeep
|turn|37
|
|t:|1769426147
|switch|p2a: Glowrious King|Slowking-Galar, F|100/100
|move|p1a: Clefable|Stealth Rock|p2a: Glowrious King
|-sidestart|p2: reversetracebaxks|move: Stealth Rock
|
|upkeep
|turn|38
|
|t:|1769426151
|switch|p1a: Gliscor|Gliscor, M, tera:Water|97/100 tox
|-damage|p1a: Gliscor|85/100 tox|[from] Stealth Rock
|-damage|p1a: Gliscor|72/100 tox|[from] Spikes
|move|p2a: Glowrious King|Sludge Bomb|p1a: Gliscor
|-damage|p1a: Gliscor|32/100 tox
|
|-heal|p1a: Gliscor|45/100 tox|[from] ability: Poison Heal
|upkeep
|turn|39
|
|t:|1769426180
|switch|p2a: Great Wall|Great Tusk|85/100
|-damage|p2a: Great Wall|82/100|[from] Stealth Rock
|move|p1a: Gliscor|Knock Off|p2a: Great Wall
|-resisted|p2a: Great Wall
|-damage|p2a: Great Wall|77/100
|
|-heal|p1a: Gliscor|57/100 tox|[from] ability: Poison Heal
|upkeep
|turn|40
|
|t:|1769426184
|switch|p1a: Zamazenta|Zamazenta|100/100
|-damage|p1a: Zamazenta|94/100|[from] Stealth Rock
|-damage|p1a: Zamazenta|82/100|[from] Spikes
|-ability|p1a: Zamazenta|Dauntless Shield|boost
|-boost|p1a: Zamazenta|def|1
|move|p2a: Great Wall|Rapid Spin|p1a: Zamazenta
|-damage|p1a: Zamazenta|74/100
|-boost|p2a: Great Wall|spe|1
|-sideend|p2: reversetracebaxks|Stealth Rock|[from] move: Rapid Spin|[of] p2a: Great Wall
|
|upkeep
|turn|41
|
|t:|1769426189
|-end|p2a: Great Wall|Protosynthesis|[silent]
|switch|p2a: Glowrious King|Slowking-Galar, F|100/100
|move|p1a: Zamazenta|Iron Defense|p1a: Zamazenta
|-boost|p1a: Zamazenta|def|2
|
|upkeep
|turn|42
|
|t:|1769426192
|move|p1a: Zamazenta|Crunch|p2a: Glowrious King
|-supereffective|p2a: Glowrious King
|-damage|p2a: Glowrious King|60/100
|move|p2a: Glowrious King|Sludge Bomb|p1a: Zamazenta
|-damage|p1a: Zamazenta|43/100
|
|upkeep
|turn|43
|
|t:|1769426199
|move|p1a: Zamazenta|Crunch|p2a: Glowrious King
|-supereffective|p2a: Glowrious King
|-damage|p2a: Glowrious King|18/100
|move|p2a: Glowrious King|Sludge Bomb|p1a: Zamazenta
|-damage|p1a: Zamazenta|7/100
|
|upkeep
|turn|44
|
|t:|1769426207
|switch|p2a: Imagine Dragonite|Dragonite, M|86/100
|move|p1a: Zamazenta|Rest|p1a: Zamazenta
|-status|p1a: Zamazenta|slp|[from] move: Rest
|-heal|p1a: Zamazenta|100/100 slp|[silent]
|-enditem|p1a: Zamazenta|Chesto Berry|[eat]
|-curestatus|p1a: Zamazenta|slp|[msg]
|
|upkeep
|turn|45
|
|t:|1769426211
|move|p1a: Zamazenta|Body Press|p2a: Imagine Dragonite
|-resisted|p2a: Imagine Dragonite
|-damage|p2a: Imagine Dragonite|51/100
|move|p2a: Imagine Dragonite|Dragon Tail|p1a: Zamazenta
|-damage|p1a: Zamazenta|90/100
|drag|p1a: Kingambit|Kingambit, F|100/100
|-damage|p1a: Kingambit|94/100|[from] Stealth Rock
|-damage|p1a: Kingambit|82/100|[from] Spikes
|
|-heal|p1a: Kingambit|88/100|[from] item: Leftovers
|upkeep
|turn|46
|
|t:|1769426220
|move|p2a: Imagine Dragonite|Roost|p2a: Imagine Dragonite
|-heal|p2a: Imagine Dragonite|100/100
|-singleturn|p2a: Imagine Dragonite|move: Roost
|move|p1a: Kingambit|Kowtow Cleave|p2a: Imagine Dragonite
|-damage|p2a: Imagine Dragonite|77/100
|
|-heal|p1a: Kingambit|94/100|[from] item: Leftovers
|upkeep
|turn|47
|
|t:|1769426224
|move|p2a: Imagine Dragonite|Earthquake|p1a: Kingambit
|-supereffective|p1a: Kingambit
|-damage|p1a: Kingambit|43/100
|move|p1a: Kingambit|Swords Dance|p1a: Kingambit
|-boost|p1a: Kingambit|atk|2
|
|-heal|p1a: Kingambit|49/100|[from] item: Leftovers
|upkeep
|turn|48
|
|t:|1769426231
|move|p2a: Imagine Dragonite|Roost|p2a: Imagine Dragonite
|-heal|p2a: Imagine Dragonite|100/100
|-singleturn|p2a: Imagine Dragonite|move: Roost
|move|p1a: Kingambit|Kowtow Cleave|p2a: Imagine Dragonite
|-damage|p2a: Imagine Dragonite|58/100
|
|-heal|p1a: Kingambit|55/100|[from] item: Leftovers
|upkeep
|turn|49
|
|t:|1769426238
|move|p1a: Kingambit|Sucker Punch||[still]
|-fail|p1a: Kingambit
|move|p2a: Imagine Dragonite|Roost|p2a: Imagine Dragonite
|-heal|p2a: Imagine Dragonite|100/100
|-singleturn|p2a: Imagine Dragonite|move: Roost
|
|-heal|p1a: Kingambit|61/100|[from] item: Leftovers
|upkeep
|turn|50
|
|t:|1769426245
|-end|p1a: Kingambit|fallenundefined|[silent]
|switch|p1a: Clefable|Clefable, F|100/100
|move|p2a: Imagine Dragonite|Earthquake|p1a: Clefable
|-damage|p1a: Clefable|70/100
|
|-heal|p1a: Clefable|76/100|[from] item: Leftovers
|upkeep
|turn|51
|
|t:|1769426251
|switch|p2a: Gholden Gates|Gholdengo|15/100
|move|p1a: Clefable|Stealth Rock|p2a: Gholden Gates
|-sidestart|p2: reversetracebaxks|move: Stealth Rock
|
|-heal|p1a: Clefable|82/100|[from] item: Leftovers
|upkeep
|turn|52
|
|t:|1769426268
|switch|p1a: Kingambit|Kingambit, F|61/100
|-damage|p1a: Kingambit|55/100|[from] Stealth Rock
|-damage|p1a: Kingambit|43/100|[from] Spikes
|move|p2a: Gholden Gates|Recover|p2a: Gholden Gates
|-heal|p2a: Gholden Gates|65/100
|
|-heal|p1a: Kingambit|49/100|[from] item: Leftovers
|upkeep
|turn|53
|
|t:|1769426272
|switch|p2a: Great Wall|Great Tusk|77/100
|-damage|p2a: Great Wall|74/100|[from] Stealth Rock
|move|p1a: Kingambit|Swords Dance|p1a: Kingambit
|-boost|p1a: Kingambit|atk|2
|
|-heal|p1a: Kingambit|55/100|[from] item: Leftovers
|upkeep
|turn|54
|
|t:|1769426275
|-end|p1a: Kingambit|fallenundefined|[silent]
|switch|p1a: Moltres|Moltres|86/100
|move|p2a: Great Wall|Headlong Rush|p1a: Moltres
|-immune|p1a: Moltres
|
|upkeep
|turn|55
|
|t:|1769426284
|-end|p2a: Great Wall|Protosynthesis|[silent]
|switch|p2a: Glowrious King|Slowking-Galar, F|51/100
|-damage|p2a: Glowrious King|39/100|[from] Stealth Rock
|move|p1a: Moltres|Hurricane|p2a: Glowrious King
|-damage|p2a: Glowrious King|18/100
|
|upkeep
|turn|56
|
|t:|1769426291
|switch|p2a: Skarmface|Skarmory, F|100/100
|-damage|p2a: Skarmface|88/100|[from] Stealth Rock
|move|p1a: Moltres|Flamethrower|p2a: Skarmface
|-supereffective|p2a: Skarmface
|-damage|p2a: Skarmface|0 fnt
|faint|p2a: Skarmface
|
|upkeep
|
|t:|1769426296
|switch|p2a: Darkwing|Darkrai|100/100
|-damage|p2a: Darkwing|88/100|[from] Stealth Rock
|turn|57
|
|t:|1769426321
|switch|p1a: Zamazenta|Zamazenta|90/100
|-damage|p1a: Zamazenta|84/100|[from] Stealth Rock
|-damage|p1a: Zamazenta|72/100|[from] Spikes
|move|p2a: Darkwing|Knock Off|p1a: Zamazenta
|-resisted|p1a: Zamazenta
|-damage|p1a: Zamazenta|61/100
|
|upkeep
|turn|58
|
|t:|1769426328
|switch|p2a: Gholden Gates|Gholdengo|65/100
|-damage|p2a: Gholden Gates|59/100|[from] Stealth Rock
|move|p1a: Zamazenta|Body Press|p2a: Gholden Gates
|-immune|p2a: Gholden Gates
|
|upkeep
|turn|59
|
|t:|1769426331
|move|p1a: Zamazenta|Crunch|p2a: Gholden Gates
|-supereffective|p2a: Gholden Gates
|-damage|p2a: Gholden Gates|26/100
|move|p2a: Gholden Gates|Recover|p2a: Gholden Gates
|-heal|p2a: Gholden Gates|76/100
|
|upkeep
|turn|60
|
|t:|1769426343
|switch|p1a: Kingambit|Kingambit, F|55/100
|-damage|p1a: Kingambit|49/100|[from] Stealth Rock
|-damage|p1a: Kingambit|37/100|[from] Spikes
|move|p2a: Gholden Gates|Recover|p2a: Gholden Gates
|-heal|p2a: Gholden Gates|100/100
|
|-heal|p1a: Kingambit|43/100|[from] item: Leftovers
|upkeep
|turn|61
|
|t:|1769426347
|switch|p2a: Great Wall|Great Tusk|74/100
|-damage|p2a: Great Wall|71/100|[from] Stealth Rock
|move|p1a: Kingambit|Kowtow Cleave|p2a: Great Wall
|-resisted|p2a: Great Wall
|-damage|p2a: Great Wall|52/100
|
|-heal|p1a: Kingambit|49/100|[from] item: Leftovers
|upkeep
|turn|62
|
|t:|1769426351
|-end|p1a: Kingambit|fallenundefined|[silent]
|switch|p1a: Moltres|Moltres|86/100
|move|p2a: Great Wall|Rapid Spin|p1a: Moltres
|-damage|p1a: Moltres|73/100
|-boost|p2a: Great Wall|spe|1
|-sideend|p2: reversetracebaxks|Stealth Rock|[from] move: Rapid Spin|[of] p2a: Great Wall
|
|upkeep
|turn|63
|
|t:|1769426357
|-end|p2a: Great Wall|Protosynthesis|[silent]
|switch|p2a: Glowrious King|Slowking-Galar, F|51/100
|move|p1a: Moltres|Hurricane|p2a: Glowrious King|[miss]
|-miss|p1a: Moltres|p2a: Glowrious King
|
|upkeep
|turn|64
|
|t:|1769426364
|move|p1a: Moltres|Hurricane|p2a: Glowrious King|[miss]
|-miss|p1a: Moltres|p2a: Glowrious King
|move|p2a: Glowrious King|Sludge Bomb|p1a: Moltres
|-damage|p1a: Moltres|29/100
|
|upkeep
|turn|65
|
|t:|1769426367
|move|p1a: Moltres|Roost|p1a: Moltres
|-heal|p1a: Moltres|79/100
|-singleturn|p1a: Moltres|move: Roost
|move|p2a: Glowrious King|Sludge Bomb|p1a: Moltres
|-damage|p1a: Moltres|36/100
|
|upkeep
|turn|66
|
|t:|1769426371
|switch|p1a: Gliscor|Gliscor, M, tera:Water|57/100 tox
|-damage|p1a: Gliscor|45/100 tox|[from] Stealth Rock
|-damage|p1a: Gliscor|32/100 tox|[from] Spikes
|move|p2a: Glowrious King|Sludge Bomb|p1a: Gliscor
|-damage|p1a: Gliscor|0 fnt
|faint|p1a: Gliscor
|
|upkeep
|
|t:|1769426374
|switch|p1a: Kingambit|Kingambit, F|49/100
|-damage|p1a: Kingambit|43/100|[from] Stealth Rock
|-damage|p1a: Kingambit|30/100|[from] Spikes
|-activate|p1a: Kingambit|ability: Supreme Overlord
|-start|p1a: Kingambit|fallen1|[silent]
|turn|67
|
|t:|1769426382
|switch|p2a: Great Wall|Great Tusk|52/100
|move|p1a: Kingambit|Iron Head|p2a: Great Wall
|-damage|p2a: Great Wall|13/100
|
|-heal|p1a: Kingambit|37/100|[from] item: Leftovers
|upkeep
|turn|68
|
|t:|1769426389
|-end|p2a: Great Wall|Protosynthesis|[silent]
|switch|p2a: Imagine Dragonite|Dragonite, M|100/100
|move|p1a: Kingambit|Sucker Punch||[still]
|-fail|p1a: Kingambit
|
|-heal|p1a: Kingambit|43/100|[from] item: Leftovers
|upkeep
|turn|69
|
|t:|1769426402
|switch|p2a: Great Wall|Great Tusk|13/100
|-end|p1a: Kingambit|fallen1|[silent]
|switch|p1a: Moltres|Moltres|36/100
|
|upkeep
|turn|70
|
|t:|1769426408
|-end|p2a: Great Wall|Protosynthesis|[silent]
|switch|p2a: Darkwing|Darkrai|88/100
|move|p1a: Moltres|Roost|p1a: Moltres
|-heal|p1a: Moltres|86/100
|-singleturn|p1a: Moltres|move: Roost
|
|upkeep
|turn|71
|
|t:|1769426416
|move|p2a: Darkwing|Knock Off|p1a: Moltres
|-damage|p1a: Moltres|60/100
|-enditem|p1a: Moltres|Heavy-Duty Boots|[from] move: Knock Off|[of] p2a: Darkwing
|move|p1a: Moltres|Hurricane|p2a: Darkwing
|-damage|p2a: Darkwing|26/100
|
|upkeep
|turn|72
|
|t:|1769426423
|switch|p2a: Glowrious King|Slowking-Galar, F|85/100
|move|p1a: Moltres|Roost|p1a: Moltres
|-heal|p1a: Moltres|100/100
|-singleturn|p1a: Moltres|move: Roost
|
|upkeep
|turn|73
|
|t:|1769426429
|move|p2a: Glowrious King|Flamethrower|p1a: Moltres
|-resisted|p1a: Moltres
|-damage|p1a: Moltres|87/100
|move|p1a: Moltres|Roar|p2a: Glowrious King
|drag|p2a: Great Wall|Great Tusk|13/100
|
|upkeep
|turn|74
|
|t:|1769426432
|-end|p2a: Great Wall|Protosynthesis|[silent]
|switch|p2a: Glowrious King|Slowking-Galar, F|100/100
|move|p1a: Moltres|Hurricane|p2a: Glowrious King|[miss]
|-miss|p1a: Moltres|p2a: Glowrious King
|
|upkeep
|turn|75
|
|t:|1769426437
|switch|p1a: Kingambit|Kingambit, F|43/100
|-damage|p1a: Kingambit|37/100|[from] Stealth Rock
|-damage|p1a: Kingambit|24/100|[from] Spikes
|-activate|p1a: Kingambit|ability: Supreme Overlord
|-start|p1a: Kingambit|fallen1|[silent]
|move|p2a: Glowrious King|Flamethrower|p1a: Kingambit
|-supereffective|p1a: Kingambit
|-damage|p1a: Kingambit|0 fnt
|faint|p1a: Kingambit
|-end|p1a: Kingambit|fallen1|[silent]
|
|upkeep
|
|t:|1769426441
|switch|p1a: Dudunsparce|Dudunsparce, M|74/100
|turn|76
|
|t:|1769426444
|move|p1a: Dudunsparce|Calm Mind|p1a: Dudunsparce
|-boost|p1a: Dudunsparce|spa|1
|-boost|p1a: Dudunsparce|spd|1
|move|p2a: Glowrious King|Sludge Bomb|p1a: Dudunsparce
|-damage|p1a: Dudunsparce|48/100
|-status|p1a: Dudunsparce|psn
|
|-damage|p1a: Dudunsparce|35/100 psn|[from] psn
|upkeep
|turn|77
|
|t:|1769426447
|move|p1a: Dudunsparce|Roost|p1a: Dudunsparce
|-heal|p1a: Dudunsparce|85/100 psn
|-singleturn|p1a: Dudunsparce|move: Roost
|move|p2a: Glowrious King|Sludge Bomb|p1a: Dudunsparce
|-damage|p1a: Dudunsparce|60/100 psn
|
|-damage|p1a: Dudunsparce|48/100 psn|[from] psn
|upkeep
|turn|78
|
|t:|1769426450
|move|p1a: Dudunsparce|Calm Mind|p1a: Dudunsparce
|-boost|p1a: Dudunsparce|spa|1
|-boost|p1a: Dudunsparce|spd|1
|move|p2a: Glowrious King|Psyshock|p1a: Dudunsparce
|-damage|p1a: Dudunsparce|18/100 psn
|
|-damage|p1a: Dudunsparce|6/100 psn|[from] psn
|upkeep
|turn|79
|
|t:|1769426456
|switch|p2a: Great Wall|Great Tusk|13/100
|move|p1a: Dudunsparce|Roost|p1a: Dudunsparce
|-heal|p1a: Dudunsparce|56/100 psn
|-singleturn|p1a: Dudunsparce|move: Roost
|
|-damage|p1a: Dudunsparce|43/100 psn|[from] psn
|upkeep
|turn|80
|
|t:|1769426460
|move|p2a: Great Wall|Headlong Rush|p1a: Dudunsparce
|-damage|p1a: Dudunsparce|0 fnt
|-unboost|p2a: Great Wall|def|1
|-unboost|p2a: Great Wall|spd|1
|faint|p1a: Dudunsparce
|
|upkeep
|
|t:|1769426463
|switch|p1a: Zamazenta|Zamazenta|61/100
|-damage|p1a: Zamazenta|55/100|[from] Stealth Rock
|-damage|p1a: Zamazenta|43/100|[from] Spikes
|turn|81
|
|t:|1769426471
|-end|p2a: Great Wall|Protosynthesis|[silent]
|switch|p2a: Glowrious King|Slowking-Galar, F|100/100
|move|p1a: Zamazenta|Crunch|p2a: Glowrious King
|-supereffective|p2a: Glowrious King
|-damage|p2a: Glowrious King|60/100
|
|upkeep
|turn|82
|
|t:|1769426475
|move|p1a: Zamazenta|Crunch|p2a: Glowrious King
|-supereffective|p2a: Glowrious King
|-damage|p2a: Glowrious King|18/100
|move|p2a: Glowrious King|Sludge Bomb|p1a: Zamazenta
|-damage|p1a: Zamazenta|11/100
|-status|p1a: Zamazenta|psn
|
|-damage|p1a: Zamazenta|0 fnt|[from] psn
|faint|p1a: Zamazenta
|upkeep
|
|t:|1769426477
|switch|p1a: Clefable|Clefable, F|82/100
|turn|83
|-message|magikarp soup forfeited.
|
|win|reversetracebaxks
|l|☆magikarp soup
|player|p1|
