|j|☆ikun ngm
|j|☆xiaogulu
|t:|1769443422
|gametype|singles
|player|p1|ikun ngm|swimmer-gen4|1339
|player|p2|xiaogulu|hilda-wonderlauncher|1393
|gen|9
|tier|[Gen 9] OU
|rated|
|rule|HP Percentage Mod: HP is shown in percentages
|rule|Endless Battle Clause: Forcing endless battles is banned
|rule|Species Clause: Limit one of each Pokémon
|rule|OHKO Clause: OHKO moves are banned
|rule|Evasion Items Clause: Evasion items are banned
|rule|Evasion Moves Clause: Evasion moves are banned
|rule|Evasion Abilities Clause: Evasion abilities are banned
|rule|Sleep Moves Clause: Sleep-inducing moves are banned
|clearpoke
|poke|p1|Alomomola, M|
|poke|p1|Thundurus-Therian, M|
|poke|p1|Blaziken, M|
|poke|p1|Slowking-Galar, F|
|poke|p1|Dragonite, M|
|poke|p1|Kricketune, F|
|poke|p2|Tyranitar, M|
|poke|p2|Excadrill, M|
|poke|p2|Walking Wake|
|poke|p2|Ninetales, M|
|poke|p2|Pelipper, F|
|poke|p2|Breloom, F|
|teampreview
|inactive|Battle timer is ON: inactive players will automatically lose when time's up. (requested by ikun ngm)
|l|☆xiaogulu
|inactive|xiaogulu disconnected and has a minute to reconnect!
|player|p2|
|inactive|xiaogulu has 30 seconds to reconnect!
|j|☆xiaogulu
|inactive|xiaogulu reconnected and has 110 seconds left.
|player|p2|xiaogulu|hilda-wonderlauncher|
|
|t:|1769443525
|teamsize|p1|6
|teamsize|p2|6
|start
|switch|p1a: 曼波！|Alomomola, M|100/100
|switch|p2a: Tyranitar|Tyranitar, M|100/100
|-weather|Sandstorm|[from] ability: Sand Stream|[of] p2a: Tyranitar
|turn|1
|
|t:|1769443535
|move|p1a: 曼波！|Flip Turn|p2a: Tyranitar
|-supereffective|p2a: Tyranitar
|-damage|p2a: Tyranitar|76/100
|
|t:|1769443541
|switch|p1a: 叮咚鸡！|Blaziken, M|100/100|[from] Flip Turn
|move|p2a: Tyranitar|Stealth Rock|p1a: 叮咚鸡！
|-sidestart|p1: ikun ngm|move: Stealth Rock
|
|-weather|Sandstorm|[upkeep]
|-damage|p1a: 叮咚鸡！|95/100|[from] Sandstorm
|upkeep
|turn|2
|
|t:|1769443550
|switch|p2a: Pelipper|Pelipper, F|100/100
|-weather|RainDance|[from] ability: Drizzle|[of] p2a: Pelipper
|move|p1a: 叮咚鸡！|Swords Dance|p1a: 叮咚鸡！
|-boost|p1a: 叮咚鸡！|atk|2
|
|-weather|RainDance|[upkeep]
|-ability|p1a: 叮咚鸡！|Speed Boost|boost
|-boost|p1a: 叮咚鸡！|spe|1
|upkeep
|turn|3
|
|t:|1769443559
|switch|p1a: 胖宝宝！|Slowking-Galar, F|100/100
|move|p2a: Pelipper|Surf|p1a: 胖宝宝！
|-damage|p1a: 胖宝宝！|41/100
|
|-weather|RainDance|[upkeep]
|upkeep
|turn|4
|
|t:|1769443565
|switch|p1a: 曼波！|Alomomola, M|100/100
|-damage|p1a: 曼波！|88/100|[from] Stealth Rock
|move|p2a: Pelipper|Surf|p1a: 曼波！
|-resisted|p1a: 曼波！
|-damage|p1a: 曼波！|44/100
|
|-weather|RainDance|[upkeep]
|upkeep
|turn|5
|
|t:|1769443573
|move|p2a: Pelipper|Surf|p1a: 曼波！
|-resisted|p1a: 曼波！
|-damage|p1a: 曼波！|2/100
|move|p1a: 曼波！|Flip Turn|p2a: Pelipper
|-resisted|p2a: Pelipper
|-damage|p2a: Pelipper|88/100
|
|t:|1769443583
|switch|p1a: 奶龙！|Dragonite, M|100/100|[from] Flip Turn
|
|-weather|RainDance|[upkeep]
|upkeep
|turn|6
|
|t:|1769443587
|switch|p2a: Tyranitar|Tyranitar, M|76/100
|-weather|Sandstorm|[from] ability: Sand Stream|[of] p2a: Tyranitar
|move|p1a: 奶龙！|Dragon Dance|p1a: 奶龙！
|-boost|p1a: 奶龙！|atk|1
|-boost|p1a: 奶龙！|spe|1
|
|-weather|Sandstorm|[upkeep]
|-damage|p1a: 奶龙！|94/100|[from] Sandstorm
|upkeep
|turn|7
|
|t:|1769443594
|move|p1a: 奶龙！|Earthquake|p2a: Tyranitar
|-supereffective|p2a: Tyranitar
|-enditem|p2a: Tyranitar|Shuca Berry|[eat]
|-enditem|p2a: Tyranitar|Shuca Berry|[weaken]
|-damage|p2a: Tyranitar|37/100
|move|p2a: Tyranitar|Ice Beam|p1a: 奶龙！
|-supereffective|p1a: 奶龙！
|-damage|p1a: 奶龙！|0 fnt
|faint|p1a: 奶龙！
|
|-weather|Sandstorm|[upkeep]
|upkeep
|
|t:|1769443603
|switch|p1a: 音箱蟀侠！|Kricketune, F|100/100
|-damage|p1a: 音箱蟀侠！|76/100|[from] Stealth Rock
|turn|8
|
|t:|1769443614
|move|p1a: 音箱蟀侠！|Sticky Web|p2a: Tyranitar
|-sidestart|p2: xiaogulu|move: Sticky Web
|move|p2a: Tyranitar|Knock Off|p1a: 音箱蟀侠！
|-damage|p1a: 音箱蟀侠！|0 fnt
|-enditem|p1a: 音箱蟀侠！|Focus Sash|[from] move: Knock Off|[of] p2a: Tyranitar
|faint|p1a: 音箱蟀侠！
|
|-weather|Sandstorm|[upkeep]
|upkeep
|
|t:|1769443626
|switch|p1a: 曼波！|Alomomola, M|36/100
|-damage|p1a: 曼波！|23/100|[from] Stealth Rock
|turn|9
|
|t:|1769443634
|move|p1a: 曼波！|Wish|p1a: 曼波！
|move|p2a: Tyranitar|Knock Off|p1a: 曼波！
|-damage|p1a: 曼波！|0 fnt
|-damage|p2a: Tyranitar|21/100|[from] item: Rocky Helmet|[of] p1a: 曼波！
|-enditem|p1a: 曼波！|Rocky Helmet|[from] move: Knock Off|[of] p2a: Tyranitar
|faint|p1a: 曼波！
|
|-weather|Sandstorm|[upkeep]
|upkeep
|
|t:|1769443638
|switch|p1a: 小白手套！|Thundurus-Therian, M|100/100
|turn|10
|
|t:|1769443648
|switch|p2a: Ninetales|Ninetales, M|100/100
|-activate|p2a: Ninetales|move: Sticky Web
|-unboost|p2a: Ninetales|spe|1
|-weather|SunnyDay|[from] ability: Drought|[of] p2a: Ninetales
|move|p1a: 小白手套！|Grass Knot|p2a: Ninetales
|-resisted|p2a: Ninetales
|-damage|p2a: Ninetales|94/100
|
|-weather|SunnyDay|[upkeep]
|upkeep
|turn|11
|
|t:|1769443653
|switch|p2a: Tyranitar|Tyranitar, M|21/100
|-activate|p2a: Tyranitar|move: Sticky Web
|-unboost|p2a: Tyranitar|spe|1
|-weather|Sandstorm|[from] ability: Sand Stream|[of] p2a: Tyranitar
|move|p1a: 小白手套！|Nasty Plot|p1a: 小白手套！
|-boost|p1a: 小白手套！|spa|2
|
|-weather|Sandstorm|[upkeep]
|-damage|p1a: 小白手套！|94/100|[from] Sandstorm
|upkeep
|turn|12
|
|t:|1769443658
|move|p1a: 小白手套！|Thunderbolt|p2a: Tyranitar
|-damage|p2a: Tyranitar|0 fnt
|faint|p2a: Tyranitar
|
|-weather|Sandstorm|[upkeep]
|-damage|p1a: 小白手套！|88/100|[from] Sandstorm
|upkeep
|
|t:|1769443660
|switch|p2a: Excadrill|Excadrill, M|100/100
|-item|p2a: Excadrill|Air Balloon
|turn|13
|
|t:|1769443667
|move|p2a: Excadrill|Rapid Spin|p1a: 小白手套！
|-damage|p1a: 小白手套！|61/100
|-boost|p2a: Excadrill|spe|1
|-sideend|p2: xiaogulu|Sticky Web|[from] move: Rapid Spin|[of] p2a: Excadrill
|move|p1a: 小白手套！|Grass Knot|p2a: Excadrill
|-damage|p2a: Excadrill|41/100
|-enditem|p2a: Excadrill|Air Balloon
|
|-weather|Sandstorm|[upkeep]
|-damage|p1a: 小白手套！|55/100|[from] Sandstorm
|upkeep
|turn|14
|
|t:|1769443678
|move|p2a: Excadrill|Iron Head|p1a: 小白手套！
|-resisted|p1a: 小白手套！
|-damage|p1a: 小白手套！|20/100
|move|p1a: 小白手套！|Grass Knot|p2a: Excadrill
|-damage|p2a: Excadrill|0 fnt
|faint|p2a: Excadrill
|
|-weather|Sandstorm|[upkeep]
|-damage|p1a: 小白手套！|14/100|[from] Sandstorm
|upkeep
|
|t:|1769443682
|switch|p2a: Breloom|Breloom, F|100/100
|turn|15
|
|t:|1769443685
|move|p2a: Breloom|Mach Punch|p1a: 小白手套！
|-resisted|p1a: 小白手套！
|-damage|p1a: 小白手套！|0 fnt
|faint|p1a: 小白手套！
|
|-weather|none
|upkeep
|
|t:|1769443688
|switch|p1a: 叮咚鸡！|Blaziken, M|95/100
|-damage|p1a: 叮咚鸡！|82/100|[from] Stealth Rock
|turn|16
|
|t:|1769443694
|switch|p1a: 胖宝宝！|Slowking-Galar, F|74/100
|move|p2a: Breloom|Stone Edge|p1a: 胖宝宝！
|-damage|p1a: 胖宝宝！|39/100
|
|upkeep
|turn|17
|
|t:|1769443707
|move|p2a: Breloom|Stone Edge|p1a: 胖宝宝！
|-damage|p1a: 胖宝宝！|5/100
|move|p1a: 胖宝宝！|Future Sight|p2a: Breloom
|-start|p1a: 胖宝宝！|move: Future Sight
|
|upkeep
|turn|18
|
|t:|1769443711
|move|p2a: Breloom|Stone Edge|p1a: 胖宝宝！
|-damage|p1a: 胖宝宝！|0 fnt
|faint|p1a: 胖宝宝！
|
|upkeep
|
|t:|1769443713
|switch|p1a: 叮咚鸡！|Blaziken, M|82/100
|-damage|p1a: 叮咚鸡！|70/100|[from] Stealth Rock
|turn|19
|
|t:|1769443716
|move|p2a: Breloom|Stone Edge|p1a: 叮咚鸡！
|-damage|p1a: 叮咚鸡！|18/100
|move|p1a: 叮咚鸡！|Swords Dance|p1a: 叮咚鸡！
|-boost|p1a: 叮咚鸡！|atk|2
|
|-end|p2a: Breloom|move: Future Sight
|-supereffective|p2a: Breloom
|-damage|p2a: Breloom|0 fnt
|faint|p2a: Breloom
|-ability|p1a: 叮咚鸡！|Speed Boost|boost
|-boost|p1a: 叮咚鸡！|spe|1
|upkeep
|
|t:|1769443720
|switch|p2a: Ninetales|Ninetales, M|94/100
|-weather|SunnyDay|[from] ability: Drought|[of] p2a: Ninetales
|turn|20
|
|t:|1769443723
|move|p1a: 叮咚鸡！|Earthquake|p2a: Ninetales
|-supereffective|p2a: Ninetales
|-damage|p2a: Ninetales|0 fnt
|faint|p2a: Ninetales
|
|-weather|SunnyDay|[upkeep]
|-ability|p1a: 叮咚鸡！|Speed Boost|boost
|-boost|p1a: 叮咚鸡！|spe|1
|upkeep
|
|t:|1769443725
|switch|p2a: Walking Wake|Walking Wake|100/100
|-activate|p2a: Walking Wake|ability: Protosynthesis
|-start|p2a: Walking Wake|protosynthesisspe
|turn|21
|
|t:|1769443728
|move|p2a: Walking Wake|Hydro Steam|p1a: 叮咚鸡！
|-supereffective|p1a: 叮咚鸡！
|-damage|p1a: 叮咚鸡！|0 fnt
|faint|p1a: 叮咚鸡！
|
|win|xiaogulu
|raw|ikun ngm's rating: 1339 &rarr; <strong>1322</strong><br />(-17 for losing)
|raw|xiaogulu's rating: 1393 &rarr; <strong>1410</strong><br />(+17 for winning)
|l|☆ikun ngm
|player|p1|
|l|☆xiaogulu
|player|p2|
