|j|☆BigCheesePlate
|j|☆mother3part2
|t:|1769446700
|gametype|singles
|player|p1|BigCheesePlate|169|1455
|player|p2|mother3part2|102|1505
|gen|9
|tier|[Gen 9] OU
|rated|
|rule|HP Percentage Mod: HP is shown in percentages
|rule|Endless Battle Clause: Forcing endless battles is banned
|rule|Species Clause: Limit one of each Pokémon
|rule|OHKO Clause: OHKO moves are banned
|rule|Evasion Items Clause: Evasion items are banned
|rule|Evasion Moves Clause: Evasion moves are banned
|rule|Evasion Abilities Clause: Evasion abilities are banned
|rule|Sleep Moves Clause: Sleep-inducing moves are banned
|clearpoke
|poke|p1|Dragapult, F|
|poke|p1|Alomomola, F|
|poke|p1|Ting-Lu|
|poke|p1|Kyurem|
|poke|p1|Weezing-Galar, F|
|poke|p1|Corviknight, F|
|poke|p2|Landorus-Therian, M|
|poke|p2|Samurott-Hisui, M|
|poke|p2|Gholdengo|
|poke|p2|Thundurus-Therian, M|
|poke|p2|Scizor, M|
|poke|p2|Zamazenta-*|
|teampreview
|
|t:|1769446716
|teamsize|p1|6
|teamsize|p2|6
|start
|switch|p1a: Ting-Lu|Ting-Lu|100/100
|switch|p2a: Joe le Taxi|Scizor, M|100/100
|-ability|p1a: Ting-Lu|Vessel of Ruin
|turn|1
|
|t:|1769446719
|move|p2a: Joe le Taxi|U-turn|p1a: Ting-Lu
|-supereffective|p1a: Ting-Lu
|-damage|p1a: Ting-Lu|54/100
|
|t:|1769446725
|switch|p2a: Space Lion|Landorus-Therian, M|100/100|[from] U-turn
|-ability|p2a: Space Lion|Intimidate|boost
|-unboost|p1a: Ting-Lu|atk|1
|move|p1a: Ting-Lu|Stealth Rock|p2a: Space Lion
|-sidestart|p2: mother3part2|move: Stealth Rock
|
|-heal|p1a: Ting-Lu|60/100|[from] item: Leftovers
|upkeep
|turn|2
|
|t:|1769446731
|move|p2a: Space Lion|Stealth Rock|p1a: Ting-Lu
|-sidestart|p1: BigCheesePlate|move: Stealth Rock
|move|p1a: Ting-Lu|Ruination|p2a: Space Lion
|-damage|p2a: Space Lion|51/100
|
|-heal|p1a: Ting-Lu|66/100|[from] item: Leftovers
|upkeep
|turn|3
|
|t:|1769446739
|switch|p1a: Corviknight|Corviknight, F|100/100
|-damage|p1a: Corviknight|88/100|[from] Stealth Rock
|-ability|p1a: Corviknight|Pressure
|move|p2a: Space Lion|U-turn|p1a: Corviknight
|-resisted|p1a: Corviknight
|-damage|p1a: Corviknight|84/100
|
|t:|1769446742
|switch|p2a: Material Girl|Gholdengo|100/100|[from] U-turn
|-damage|p2a: Material Girl|94/100|[from] Stealth Rock
|
|-heal|p1a: Corviknight|90/100|[from] item: Leftovers
|upkeep
|turn|4
|
|t:|1769446747
|switch|p1a: Ting-Lu|Ting-Lu|66/100
|-damage|p1a: Ting-Lu|60/100|[from] Stealth Rock
|-ability|p1a: Ting-Lu|Vessel of Ruin
|move|p2a: Material Girl|Shadow Ball|p1a: Ting-Lu
|-resisted|p1a: Ting-Lu
|-damage|p1a: Ting-Lu|52/100
|
|-heal|p1a: Ting-Lu|58/100|[from] item: Leftovers
|upkeep
|turn|5
|j| nitroLazer120
|
|t:|1769446754
|switch|p2a: Space Lion|Landorus-Therian, M|51/100
|-damage|p2a: Space Lion|38/100|[from] Stealth Rock
|-ability|p2a: Space Lion|Intimidate|boost
|-unboost|p1a: Ting-Lu|atk|1
|move|p1a: Ting-Lu|Earthquake|p2a: Space Lion
|-immune|p2a: Space Lion
|
|-heal|p1a: Ting-Lu|64/100|[from] item: Leftovers
|upkeep
|turn|6
|
|t:|1769446761
|switch|p1a: Fogbound Lake|Alomomola, F|100/100
|-damage|p1a: Fogbound Lake|88/100|[from] Stealth Rock
|move|p2a: Space Lion|U-turn|p1a: Fogbound Lake
|-damage|p1a: Fogbound Lake|75/100
|-damage|p2a: Space Lion|22/100|[from] item: Rocky Helmet|[of] p1a: Fogbound Lake
|
|t:|1769446764
|switch|p2a: Real Folks Blues|Samurott-Hisui, M|100/100|[from] U-turn
|
|upkeep
|turn|7
|
|t:|1769446770
|move|p2a: Real Folks Blues|Ceaseless Edge|p1a: Fogbound Lake
|-damage|p1a: Fogbound Lake|48/100
|-damage|p2a: Real Folks Blues|84/100|[from] item: Rocky Helmet|[of] p1a: Fogbound Lake
|-sidestart|p1: BigCheesePlate|Spikes
|move|p1a: Fogbound Lake|Flip Turn|p2a: Real Folks Blues
|-resisted|p2a: Real Folks Blues
|-damage|p2a: Real Folks Blues|74/100
|
|t:|1769446774
|switch|p1a: Weezing|Weezing-Galar, F|100/100|[from] Flip Turn
|-ability|p1a: Weezing|Neutralizing Gas
|-damage|p1a: Weezing|88/100|[from] Stealth Rock
|-damage|p1a: Weezing|76/100|[from] Spikes
|
|-heal|p1a: Weezing|82/100|[from] item: Leftovers
|upkeep
|turn|8
|
|t:|1769446781
|move|p2a: Real Folks Blues|Razor Shell|p1a: Weezing
|-damage|p1a: Weezing|53/100
|move|p1a: Weezing|Defog|p2a: Real Folks Blues
|-unboost|p2a: Real Folks Blues|evasion|1
|-sideend|p2: mother3part2|Stealth Rock|[from] move: Defog|[of] p1a: Weezing
|-sideend|p1: BigCheesePlate|Spikes|[from] move: Defog|[of] p1a: Weezing
|-sideend|p1: BigCheesePlate|Stealth Rock|[from] move: Defog|[of] p1a: Weezing
|
|-heal|p1a: Weezing|59/100|[from] item: Leftovers
|upkeep
|turn|9
|
|t:|1769446787
|switch|p2a: Material Girl|Gholdengo|94/100
|move|p1a: Weezing|Will-O-Wisp|p2a: Material Girl
|-status|p2a: Material Girl|brn
|
|-heal|p1a: Weezing|65/100|[from] item: Leftovers
|-damage|p2a: Material Girl|88/100 brn|[from] brn
|upkeep
|turn|10
|l| nitroLazer120
|
|t:|1769446795
|move|p1a: Weezing|Protect|p1a: Weezing
|-singleturn|p1a: Weezing|Protect
|move|p2a: Material Girl|Make It Rain|p1a: Weezing
|-activate|p1a: Weezing|move: Protect
|
|-heal|p1a: Weezing|71/100|[from] item: Leftovers
|-damage|p2a: Material Girl|82/100 brn|[from] brn
|upkeep
|turn|11
|
|t:|1769446800
|-end|p1a: Weezing|ability: Neutralizing Gas
|switch|p1a: Corviknight|Corviknight, F|90/100
|-ability|p1a: Corviknight|Pressure
|move|p2a: Material Girl|Make It Rain|p1a: Corviknight
|-resisted|p1a: Corviknight
|-damage|p1a: Corviknight|68/100
|-unboost|p2a: Material Girl|spa|1
|
|-heal|p1a: Corviknight|74/100|[from] item: Leftovers
|-damage|p2a: Material Girl|76/100 brn|[from] brn
|upkeep
|turn|12
|
|t:|1769446807
|switch|p2a: I Float Alone|Thundurus-Therian, M|100/100
|move|p1a: Corviknight|U-turn|p2a: I Float Alone
|-resisted|p2a: I Float Alone
|-damage|p2a: I Float Alone|89/100
|
|t:|1769446815
|switch|p1a: Moody Blues|Dragapult, F|100/100|[from] U-turn
|
|upkeep
|turn|13
|
|t:|1769446820
|switch|p2a: Joe le Taxi|Scizor, M|100/100
|move|p1a: Moody Blues|Dragon Darts|p2a: Joe le Taxi
|-resisted|p2a: Joe le Taxi
|-damage|p2a: Joe le Taxi|76/100
|-anim|p1a: Moody Blues|Dragon Darts|p2a: Joe le Taxi
|-resisted|p2a: Joe le Taxi
|-damage|p2a: Joe le Taxi|52/100
|
|upkeep
|turn|14
|
|t:|1769446827
|switch|p1a: Fogbound Lake|Alomomola, F|81/100
|move|p2a: Joe le Taxi|Knock Off|p1a: Fogbound Lake
|-crit|p1a: Fogbound Lake
|-damage|p1a: Fogbound Lake|50/100
|-damage|p2a: Joe le Taxi|36/100|[from] item: Rocky Helmet|[of] p1a: Fogbound Lake
|-enditem|p1a: Fogbound Lake|Rocky Helmet|[from] move: Knock Off|[of] p2a: Joe le Taxi
|
|upkeep
|turn|15
|
|t:|1769446834
|move|p2a: Joe le Taxi|Swords Dance|p2a: Joe le Taxi
|-boost|p2a: Joe le Taxi|atk|2
|move|p1a: Fogbound Lake|Flip Turn|p2a: Joe le Taxi
|-damage|p2a: Joe le Taxi|17/100
|
|t:|1769446846
|switch|p1a: Weezing|Weezing-Galar, F|71/100|[from] Flip Turn
|-ability|p1a: Weezing|Neutralizing Gas
|
|-heal|p1a: Weezing|77/100|[from] item: Leftovers
|upkeep
|turn|16
|
|t:|1769446849
|-end|p1a: Weezing|ability: Neutralizing Gas
|switch|p1a: Fogbound Lake|Alomomola, F|84/100
|move|p2a: Joe le Taxi|Bullet Punch|p1a: Fogbound Lake
|-resisted|p1a: Fogbound Lake
|-damage|p1a: Fogbound Lake|67/100
|
|upkeep
|turn|17
|
|t:|1769446854
|move|p2a: Joe le Taxi|U-turn|p1a: Fogbound Lake
|-damage|p1a: Fogbound Lake|22/100
|
|t:|1769446858
|switch|p2a: Real Folks Blues|Samurott-Hisui, M|74/100|[from] U-turn
|move|p1a: Fogbound Lake|Flip Turn|p2a: Real Folks Blues
|-resisted|p2a: Real Folks Blues
|-damage|p2a: Real Folks Blues|64/100
|
|t:|1769446866
|switch|p1a: Tiffany BlueStones|Kyurem, shiny|100/100|[from] Flip Turn
|-ability|p1a: Tiffany BlueStones|Pressure
|
|upkeep
|turn|18
|
|t:|1769446871
|switch|p2a: Joe le Taxi|Scizor, M|17/100
|move|p1a: Tiffany BlueStones|Freeze-Dry|p2a: Joe le Taxi
|-resisted|p2a: Joe le Taxi
|-damage|p2a: Joe le Taxi|0 fnt
|faint|p2a: Joe le Taxi
|
|upkeep
|
|t:|1769446874
|switch|p2a: No Children|Zamazenta|100/100
|-ability|p2a: No Children|Dauntless Shield|boost
|-boost|p2a: No Children|def|1
|turn|19
|
|t:|1769446878
|switch|p1a: Fogbound Lake|Alomomola, F|55/100
|move|p2a: No Children|Body Press|p1a: Fogbound Lake
|-damage|p1a: Fogbound Lake|22/100
|
|upkeep
|turn|20
|
|t:|1769446882
|switch|p1a: Weezing|Weezing-Galar, F|77/100
|-ability|p1a: Weezing|Neutralizing Gas
|move|p2a: No Children|Body Press|p1a: Weezing
|-resisted|p1a: Weezing
|-damage|p1a: Weezing|66/100
|
|-heal|p1a: Weezing|72/100|[from] item: Leftovers
|upkeep
|turn|21
|
|t:|1769446887
|switch|p2a: Material Girl|Gholdengo|76/100 brn
|move|p1a: Weezing|Toxic||[still]
|-fail|p1a: Weezing
|
|-heal|p1a: Weezing|78/100|[from] item: Leftovers
|-damage|p2a: Material Girl|70/100 brn|[from] brn
|upkeep
|turn|22
|
|t:|1769446893
|-end|p1a: Weezing|ability: Neutralizing Gas
|switch|p1a: Fogbound Lake|Alomomola, F|56/100
|move|p2a: Material Girl|Shadow Ball|p1a: Fogbound Lake
|-damage|p1a: Fogbound Lake|10/100
|
|-damage|p2a: Material Girl|64/100 brn|[from] brn
|upkeep
|turn|23
|
|t:|1769446903
|switch|p2a: Real Folks Blues|Samurott-Hisui, M|64/100
|switch|p1a: Corviknight|Corviknight, F|74/100
|-ability|p1a: Corviknight|Pressure
|
|-heal|p1a: Corviknight|80/100|[from] item: Leftovers
|upkeep
|turn|24
|
|t:|1769446909
|move|p2a: Real Folks Blues|Ceaseless Edge|p1a: Corviknight
|-damage|p1a: Corviknight|43/100
|-sidestart|p1: BigCheesePlate|Spikes
|move|p1a: Corviknight|U-turn|p2a: Real Folks Blues
|-supereffective|p2a: Real Folks Blues
|-damage|p2a: Real Folks Blues|28/100
|
|t:|1769446918
|switch|p1a: Weezing|Weezing-Galar, F|78/100|[from] U-turn
|-ability|p1a: Weezing|Neutralizing Gas
|-damage|p1a: Weezing|66/100|[from] Spikes
|
|-heal|p1a: Weezing|72/100|[from] item: Leftovers
|upkeep
|turn|25
|
|t:|1769446923
|move|p2a: Real Folks Blues|Razor Shell|p1a: Weezing
|-damage|p1a: Weezing|44/100
|-unboost|p1a: Weezing|def|1
|move|p1a: Weezing|Toxic|p2a: Real Folks Blues
|-status|p2a: Real Folks Blues|tox
|
|-heal|p1a: Weezing|50/100|[from] item: Leftovers
|-damage|p2a: Real Folks Blues|21/100 tox|[from] psn
|upkeep
|turn|26
|
|t:|1769446929
|move|p2a: Real Folks Blues|Razor Shell|p1a: Weezing
|-damage|p1a: Weezing|12/100
|-unboost|p1a: Weezing|def|1
|move|p1a: Weezing|Defog|p2a: Real Folks Blues
|-unboost|p2a: Real Folks Blues|evasion|1
|-sideend|p1: BigCheesePlate|Spikes|[from] move: Defog|[of] p1a: Weezing
|
|-heal|p1a: Weezing|18/100|[from] item: Leftovers
|-damage|p2a: Real Folks Blues|9/100 tox|[from] psn
|upkeep
|turn|27
|
|t:|1769446932
|move|p1a: Weezing|Protect|p1a: Weezing
|-singleturn|p1a: Weezing|Protect
|move|p2a: Real Folks Blues|Razor Shell|p1a: Weezing
|-activate|p1a: Weezing|move: Protect
|
|-heal|p1a: Weezing|24/100|[from] item: Leftovers
|-damage|p2a: Real Folks Blues|0 fnt|[from] psn
|faint|p2a: Real Folks Blues
|upkeep
|
|t:|1769446938
|switch|p2a: Space Lion|Landorus-Therian, M|22/100
|turn|28
|
|t:|1769446946
|-end|p1a: Weezing|ability: Neutralizing Gas
|-ability|p2a: Space Lion|Intimidate|boost
|-unboost|p1a: Weezing|atk|1
|switch|p1a: Fogbound Lake|Alomomola, F|43/100
|move|p2a: Space Lion|Stealth Rock|p1a: Fogbound Lake
|-sidestart|p1: BigCheesePlate|move: Stealth Rock
|
|upkeep
|turn|29
|
|t:|1769446954
|move|p2a: Space Lion|Earthquake|p1a: Fogbound Lake
|-crit|p1a: Fogbound Lake
|-damage|p1a: Fogbound Lake|2/100
|move|p1a: Fogbound Lake|Wish|p1a: Fogbound Lake
|
|upkeep
|turn|30
|
|t:|1769446959
|move|p1a: Fogbound Lake|Protect|p1a: Fogbound Lake
|-singleturn|p1a: Fogbound Lake|Protect
|move|p2a: Space Lion|U-turn|p1a: Fogbound Lake
|-activate|p1a: Fogbound Lake|move: Protect
|
|-heal|p1a: Fogbound Lake|52/100|[from] move: Wish|[wisher] Fogbound Lake
|upkeep
|turn|31
|
|t:|1769446964
|move|p2a: Space Lion|U-turn|p1a: Fogbound Lake
|-damage|p1a: Fogbound Lake|41/100
|
|t:|1769446966
|switch|p2a: I Float Alone|Thundurus-Therian, M|89/100|[from] U-turn
|move|p1a: Fogbound Lake|Wish|p1a: Fogbound Lake
|
|upkeep
|turn|32
|
|t:|1769446977
|switch|p2a: No Children|Zamazenta|100/100
|switch|p1a: Ting-Lu|Ting-Lu|64/100
|-damage|p1a: Ting-Lu|58/100|[from] Stealth Rock
|-ability|p1a: Ting-Lu|Vessel of Ruin
|
|-heal|p1a: Ting-Lu|100/100|[from] move: Wish|[wisher] Fogbound Lake
|upkeep
|turn|33
|
|t:|1769446981
|move|p2a: No Children|Body Press|p1a: Ting-Lu
|-supereffective|p1a: Ting-Lu
|-damage|p1a: Ting-Lu|62/100
|move|p1a: Ting-Lu|Ruination|p2a: No Children
|-damage|p2a: No Children|50/100
|
|-heal|p2a: No Children|57/100|[from] item: Leftovers
|-heal|p1a: Ting-Lu|68/100|[from] item: Leftovers
|upkeep
|turn|34
|
|t:|1769446985
|switch|p1a: Weezing|Weezing-Galar, F|24/100
|-ability|p1a: Weezing|Neutralizing Gas
|-damage|p1a: Weezing|11/100|[from] Stealth Rock
|move|p2a: No Children|Body Press|p1a: Weezing
|-resisted|p1a: Weezing
|-damage|p1a: Weezing|4/100
|
|-heal|p2a: No Children|63/100|[from] item: Leftovers
|-heal|p1a: Weezing|10/100|[from] item: Leftovers
|upkeep
|turn|35
|
|t:|1769446992
|move|p1a: Weezing|Protect|p1a: Weezing
|-singleturn|p1a: Weezing|Protect
|move|p2a: No Children|Roar|p1a: Weezing
|-end|p1a: Weezing|ability: Neutralizing Gas
|drag|p1a: Tiffany BlueStones|Kyurem, shiny|100/100
|-damage|p1a: Tiffany BlueStones|76/100|[from] Stealth Rock
|-ability|p1a: Tiffany BlueStones|Pressure
|
|-heal|p2a: No Children|69/100|[from] item: Leftovers
|-heal|p1a: Tiffany BlueStones|82/100|[from] item: Leftovers
|upkeep
|turn|36
|
|t:|1769447003
|switch|p1a: Fogbound Lake|Alomomola, F|75/100
|-damage|p1a: Fogbound Lake|62/100|[from] Stealth Rock
|move|p2a: No Children|Body Press|p1a: Fogbound Lake
|-crit|p1a: Fogbound Lake
|-damage|p1a: Fogbound Lake|31/100
|
|-heal|p2a: No Children|75/100|[from] item: Leftovers
|upkeep
|turn|37
|
|t:|1769447006
|move|p2a: No Children|Iron Defense|p2a: No Children
|-boost|p2a: No Children|def|2
|move|p1a: Fogbound Lake|Wish|p1a: Fogbound Lake
|
|-heal|p2a: No Children|81/100|[from] item: Leftovers
|upkeep
|turn|38
|
|t:|1769447012
|move|p1a: Fogbound Lake|Protect|p1a: Fogbound Lake
|-singleturn|p1a: Fogbound Lake|Protect
|move|p2a: No Children|Body Press|p1a: Fogbound Lake
|-activate|p1a: Fogbound Lake|move: Protect
|
|-heal|p1a: Fogbound Lake|81/100|[from] move: Wish|[wisher] Fogbound Lake
|-heal|p2a: No Children|87/100|[from] item: Leftovers
|upkeep
|turn|39
|
|t:|1769447016
|move|p2a: No Children|Body Press|p1a: Fogbound Lake
|-damage|p1a: Fogbound Lake|38/100
|move|p1a: Fogbound Lake|Flip Turn|p2a: No Children
|-damage|p2a: No Children|81/100
|
|t:|1769447033
|switch|p1a: Corviknight|Corviknight, F|43/100|[from] Flip Turn
|-damage|p1a: Corviknight|31/100|[from] Stealth Rock
|-ability|p1a: Corviknight|Pressure
|
|-heal|p2a: No Children|87/100|[from] item: Leftovers
|-heal|p1a: Corviknight|37/100|[from] item: Leftovers
|upkeep
|turn|40
|
|t:|1769447037
|move|p2a: No Children|Body Press|p1a: Corviknight
|-damage|p1a: Corviknight|0 fnt
|faint|p1a: Corviknight
|
|-heal|p2a: No Children|93/100|[from] item: Leftovers
|upkeep
|
|t:|1769447044
|switch|p1a: Fogbound Lake|Alomomola, F|71/100
|-damage|p1a: Fogbound Lake|59/100|[from] Stealth Rock
|turn|41
|
|t:|1769447050
|move|p2a: No Children|Body Press|p1a: Fogbound Lake
|-damage|p1a: Fogbound Lake|16/100
|move|p1a: Fogbound Lake|Wish|p1a: Fogbound Lake
|
|-heal|p2a: No Children|99/100|[from] item: Leftovers
|upkeep
|turn|42
|
|t:|1769447056
|move|p1a: Fogbound Lake|Protect|p1a: Fogbound Lake
|-singleturn|p1a: Fogbound Lake|Protect
|move|p2a: No Children|Iron Defense|p2a: No Children
|-boost|p2a: No Children|def|2
|
|-heal|p1a: Fogbound Lake|66/100|[from] move: Wish|[wisher] Fogbound Lake
|-heal|p2a: No Children|100/100|[from] item: Leftovers
|upkeep
|turn|43
|
|t:|1769447059
|move|p2a: No Children|Body Press|p1a: Fogbound Lake
|-damage|p1a: Fogbound Lake|2/100
|move|p1a: Fogbound Lake|Wish|p1a: Fogbound Lake
|
|upkeep
|turn|44
|
|t:|1769447065
|switch|p1a: Moody Blues|Dragapult, F|100/100
|-damage|p1a: Moody Blues|88/100|[from] Stealth Rock
|move|p2a: No Children|Roar|p1a: Moody Blues
|drag|p1a: Weezing|Weezing-Galar, F|10/100
|-ability|p1a: Weezing|Neutralizing Gas
|-damage|p1a: Weezing|0 fnt|[from] Stealth Rock
|faint|p1a: Weezing
|-end|p1a: Weezing|ability: Neutralizing Gas
|
|upkeep
|
|t:|1769447070
|switch|p1a: Moody Blues|Dragapult, F|88/100
|-damage|p1a: Moody Blues|76/100|[from] Stealth Rock
|turn|45
|
|t:|1769447075
|move|p1a: Moody Blues|Will-O-Wisp|p2a: No Children|[miss]
|-miss|p1a: Moody Blues|p2a: No Children
|move|p2a: No Children|Crunch|p1a: Moody Blues
|-supereffective|p1a: Moody Blues
|-damage|p1a: Moody Blues|15/100
|
|upkeep
|turn|46
|
|t:|1769447077
|move|p1a: Moody Blues|Will-O-Wisp|p2a: No Children
|-status|p2a: No Children|brn
|move|p2a: No Children|Crunch|p1a: Moody Blues
|-supereffective|p1a: Moody Blues
|-damage|p1a: Moody Blues|0 fnt
|faint|p1a: Moody Blues
|
|-damage|p2a: No Children|94/100 brn|[from] brn
|upkeep
|
|t:|1769447079
|switch|p1a: Fogbound Lake|Alomomola, F|35/100
|-damage|p1a: Fogbound Lake|23/100|[from] Stealth Rock
|turn|47
|
|t:|1769447082
|move|p2a: No Children|Body Press|p1a: Fogbound Lake
|-damage|p1a: Fogbound Lake|0 fnt
|faint|p1a: Fogbound Lake
|
|-heal|p2a: No Children|100/100 brn|[from] item: Leftovers
|-damage|p2a: No Children|94/100 brn|[from] brn
|upkeep
|
|t:|1769447087
|switch|p1a: Tiffany BlueStones|Kyurem, shiny|82/100
|-damage|p1a: Tiffany BlueStones|57/100|[from] Stealth Rock
|-ability|p1a: Tiffany BlueStones|Pressure
|turn|48
|
|t:|1769447089
|move|p2a: No Children|Body Press|p1a: Tiffany BlueStones
|-supereffective|p1a: Tiffany BlueStones
|-damage|p1a: Tiffany BlueStones|0 fnt
|faint|p1a: Tiffany BlueStones
|
|-heal|p2a: No Children|100/100 brn|[from] item: Leftovers
|-damage|p2a: No Children|94/100 brn|[from] brn
|upkeep
|-message|BigCheesePlate forfeited.
|
|win|mother3part2
|raw|BigCheesePlate's rating: 1455 &rarr; <strong>1438</strong><br />(-17 for losing)
|raw|mother3part2's rating: 1505 &rarr; <strong>1522</strong><br />(+17 for winning)
|l|☆BigCheesePlate
|player|p1|
|l|☆mother3part2
|player|p2|
