|j|☆Anondree
|j|☆dragaloek2
|t:|1769346759
|gametype|singles
|player|p1|Anondree|169|1254
|player|p2|dragaloek2|102|1276
|gen|9
|tier|[Gen 9] OU
|rated|
|rule|HP Percentage Mod: HP is shown in percentages
|rule|Endless Battle Clause: Forcing endless battles is banned
|rule|Species Clause: Limit one of each Pokémon
|rule|OHKO Clause: OHKO moves are banned
|rule|Evasion Items Clause: Evasion items are banned
|rule|Evasion Moves Clause: Evasion moves are banned
|rule|Evasion Abilities Clause: Evasion abilities are banned
|rule|Sleep Moves Clause: Sleep-inducing moves are banned
|clearpoke
|poke|p1|Darkrai|
|poke|p1|Forretress, M|
|poke|p1|Dragapult, M|
|poke|p1|Enamorus, F|
|poke|p1|Iron Moth|
|poke|p1|Walking Wake|
|poke|p2|Great Tusk|
|poke|p2|Enamorus, F|
|poke|p2|Slowking-Galar, M|
|poke|p2|Ogerpon, F|
|poke|p2|Primarina, M|
|poke|p2|Iron Moth|
|teampreview
|inactive|Battle timer is ON: inactive players will automatically lose when time's up. (requested by dragaloek2)
|
|t:|1769346785
|teamsize|p1|6
|teamsize|p2|6
|start
|switch|p1a: hits you|Darkrai|100/100
|switch|p2a: Ogerpon|Ogerpon, F|100/100
|turn|1
|
|t:|1769346792
|-terastallize|p2a: Ogerpon|Grass
|detailschange|p2a: Ogerpon|Ogerpon-Teal-Tera, F, tera:Grass
|-ability|p2a: Ogerpon|Embody Aspect (Teal)|boost
|-boost|p2a: Ogerpon|spe|1
|move|p2a: Ogerpon|U-turn|p1a: hits you
|-supereffective|p1a: hits you
|-damage|p1a: hits you|14/100
|
|t:|1769346799
|switch|p2a: Primarina|Primarina, M|100/100|[from] U-turn
|move|p1a: hits you|Will-O-Wisp|p2a: Primarina
|-status|p2a: Primarina|brn
|
|-damage|p2a: Primarina|95/100 brn|[from] brn
|upkeep
|turn|2
|
|t:|1769346805
|move|p1a: hits you|Sludge Bomb|p2a: Primarina
|-supereffective|p2a: Primarina
|-crit|p2a: Primarina
|-damage|p2a: Primarina|0 fnt
|faint|p2a: Primarina
|-damage|p1a: hits you|4/100|[from] item: Life Orb
|
|upkeep
|
|t:|1769346809
|switch|p2a: Ogerpon|Ogerpon-Teal-Tera, F, tera:Grass|100/100
|-ability|p2a: Ogerpon|Embody Aspect (Teal)|boost
|-boost|p2a: Ogerpon|spe|1
|turn|3
|
|t:|1769346816
|switch|p1a: screwyourhazards|Forretress, M, shiny|100/100
|move|p2a: Ogerpon|U-turn|p1a: screwyourhazards
|-resisted|p1a: screwyourhazards
|-damage|p1a: screwyourhazards|91/100
|
|t:|1769346821
|switch|p2a: Iron Moth|Iron Moth|100/100|[from] U-turn
|
|upkeep
|turn|4
|
|t:|1769346827
|switch|p1a: hits you|Darkrai|4/100
|move|p2a: Iron Moth|Fiery Dance|p1a: hits you
|-damage|p1a: hits you|0 fnt
|-boost|p2a: Iron Moth|spa|1
|faint|p1a: hits you
|
|upkeep
|
|t:|1769346829
|switch|p1a: ban this thing|Walking Wake|100/100
|turn|5
|
|t:|1769346843
|-end|p2a: Iron Moth|Quark Drive|[silent]
|switch|p2a: Slowking|Slowking-Galar, M, shiny|100/100
|move|p1a: ban this thing|Hydro Steam|p2a: Slowking
|-damage|p2a: Slowking|73/100
|-damage|p1a: ban this thing|91/100|[from] item: Life Orb
|
|upkeep
|turn|6
|
|t:|1769346852
|move|p1a: ban this thing|Draco Meteor|p2a: Slowking|[miss]
|-miss|p1a: ban this thing|p2a: Slowking
|move|p2a: Slowking|Ice Beam|p1a: ban this thing
|-damage|p1a: ban this thing|66/100
|
|upkeep
|turn|7
|
|t:|1769346859
|move|p1a: ban this thing|Hurricane|p2a: Slowking
|-damage|p2a: Slowking|50/100
|-start|p2a: Slowking|confusion
|-damage|p1a: ban this thing|56/100|[from] item: Life Orb
|-activate|p2a: Slowking|confusion
|move|p2a: Slowking|Sludge Bomb|p1a: ban this thing
|-damage|p1a: ban this thing|19/100
|
|upkeep
|turn|8
|
|t:|1769346873
|switch|p2a: Enamorus|Enamorus, F, shiny|100/100
|move|p1a: ban this thing|Draco Meteor|p2a: Enamorus
|-immune|p2a: Enamorus
|
|upkeep
|turn|9
|
|t:|1769346883
|move|p2a: Enamorus|Moonblast|p1a: ban this thing
|-supereffective|p1a: ban this thing
|-damage|p1a: ban this thing|0 fnt
|faint|p1a: ban this thing
|-end|p1a: ban this thing|Protosynthesis|[silent]
|
|upkeep
|
|t:|1769346885
|switch|p1a: fake bug|Iron Moth|100/100
|-enditem|p1a: fake bug|Booster Energy
|-activate|p1a: fake bug|ability: Quark Drive|[fromitem]
|-start|p1a: fake bug|quarkdrivespe
|turn|10
|
|t:|1769346891
|switch|p2a: Slowking|Slowking-Galar, M, shiny|83/100
|move|p1a: fake bug|Fiery Dance|p2a: Slowking
|-damage|p2a: Slowking|62/100
|
|upkeep
|turn|11
|
|t:|1769346897
|-terastallize|p1a: fake bug|Ground
|move|p1a: fake bug|Tera Blast|p2a: Slowking|[anim] Tera Blast Ground
|-supereffective|p2a: Slowking
|-damage|p2a: Slowking|19/100
|move|p2a: Slowking|Psychic Noise|p1a: fake bug
|-damage|p1a: fake bug|75/100
|-start|p1a: fake bug|move: Heal Block
|
|upkeep
|turn|12
|
|t:|1769346909
|switch|p2a: Enamorus|Enamorus, F, shiny|100/100
|move|p1a: fake bug|Fiery Dance|p2a: Enamorus
|-damage|p2a: Enamorus|40/100
|
|-end|p1a: fake bug|move: Heal Block
|upkeep
|turn|13
|
|t:|1769346923
|move|p1a: fake bug|Fiery Dance|p2a: Enamorus
|-damage|p2a: Enamorus|0 fnt
|-boost|p1a: fake bug|spa|1
|faint|p2a: Enamorus
|
|upkeep
|
|t:|1769346926
|switch|p2a: Ogerpon|Ogerpon-Teal-Tera, F, tera:Grass|100/100
|-ability|p2a: Ogerpon|Embody Aspect (Teal)|boost
|-boost|p2a: Ogerpon|spe|1
|turn|14
|
|t:|1769346931
|move|p2a: Ogerpon|Ivy Cudgel|p1a: fake bug
|-supereffective|p1a: fake bug
|-damage|p1a: fake bug|0 fnt
|faint|p1a: fake bug
|-end|p1a: fake bug|Quark Drive|[silent]
|
|upkeep
|
|t:|1769346936
|switch|p1a: screwyourhazards|Forretress, M, shiny|91/100
|turn|15
|
|t:|1769346944
|switch|p2a: Slowking|Slowking-Galar, M, shiny|52/100
|move|p1a: screwyourhazards|Thunder Wave|p2a: Slowking
|-status|p2a: Slowking|par
|
|upkeep
|turn|16
|
|t:|1769346950
|switch|p2a: Iron Moth|Iron Moth|100/100
|move|p1a: screwyourhazards|Toxic Spikes|p2a: Iron Moth
|-sidestart|p2: dragaloek2|move: Toxic Spikes
|
|upkeep
|turn|17
|
|t:|1769346959
|switch|p1a: whoosh|Dragapult, M|100/100
|move|p2a: Iron Moth|Fiery Dance|p1a: whoosh
|-resisted|p1a: whoosh
|-damage|p1a: whoosh|58/100
|
|-heal|p1a: whoosh|64/100|[from] item: Leftovers
|upkeep
|turn|18
|
|t:|1769346970
|-end|p2a: Iron Moth|Quark Drive|[silent]
|switch|p2a: Great Tusk|Great Tusk, shiny|100/100
|-status|p2a: Great Tusk|psn
|move|p1a: whoosh|Dragon Darts|p2a: Great Tusk
|-damage|p2a: Great Tusk|82/100 psn
|-anim|p1a: whoosh|Dragon Darts|p2a: Great Tusk
|-damage|p2a: Great Tusk|63/100 psn
|
|-heal|p1a: whoosh|70/100|[from] item: Leftovers
|-damage|p2a: Great Tusk|51/100 psn|[from] psn
|upkeep
|turn|19
|
|t:|1769346981
|switch|p1a: screwyourhazards|Forretress, M, shiny|91/100
|move|p2a: Great Tusk|Headlong Rush|p1a: screwyourhazards
|-damage|p1a: screwyourhazards|52/100
|-unboost|p2a: Great Tusk|def|1
|-unboost|p2a: Great Tusk|spd|1
|
|-damage|p2a: Great Tusk|38/100 psn|[from] psn
|upkeep
|turn|20
|
|t:|1769346988
|switch|p1a: whoosh|Dragapult, M|70/100
|move|p2a: Great Tusk|Stealth Rock|p1a: whoosh
|-sidestart|p1: Anondree|move: Stealth Rock
|
|-heal|p1a: whoosh|76/100|[from] item: Leftovers
|-damage|p2a: Great Tusk|26/100 psn|[from] psn
|upkeep
|turn|21
|
|t:|1769347001
|move|p1a: whoosh|Phantom Force||[still]
|-prepare|p1a: whoosh|Phantom Force
|move|p2a: Great Tusk|Ice Spinner|p1a: whoosh|[miss]
|-miss|p2a: Great Tusk|p1a: whoosh
|
|-heal|p1a: whoosh|82/100|[from] item: Leftovers
|-damage|p2a: Great Tusk|13/100 psn|[from] psn
|upkeep
|turn|22
|
|t:|1769347007
|move|p1a: whoosh|Phantom Force|p2a: Great Tusk|[from] lockedmove
|-damage|p2a: Great Tusk|0 fnt
|-damage|p1a: whoosh|65/100|[from] item: Rocky Helmet|[of] p2a: Great Tusk
|faint|p2a: Great Tusk
|-end|p2a: Great Tusk|Protosynthesis|[silent]
|
|-heal|p1a: whoosh|71/100|[from] item: Leftovers
|upkeep
|
|t:|1769347010
|switch|p2a: Slowking|Slowking-Galar, M, shiny|85/100 par
|-sideend|p2: dragaloek2|move: Toxic Spikes|[of] p2a: Slowking
|turn|23
|
|t:|1769347024
|move|p1a: whoosh|Phantom Force||[still]
|-prepare|p1a: whoosh|Phantom Force
|move|p2a: Slowking|Ice Beam|p1a: whoosh|[miss]
|-miss|p2a: Slowking|p1a: whoosh
|
|-heal|p1a: whoosh|77/100|[from] item: Leftovers
|upkeep
|turn|24
|
|t:|1769347026
|move|p1a: whoosh|Phantom Force|p2a: Slowking|[from] lockedmove
|-supereffective|p2a: Slowking
|-damage|p2a: Slowking|21/100 par
|cant|p2a: Slowking|par
|
|-heal|p1a: whoosh|83/100|[from] item: Leftovers
|upkeep
|turn|25
|
|t:|1769347036
|move|p1a: whoosh|Dragon Darts|p2a: Slowking
|-damage|p2a: Slowking|3/100 par
|-anim|p1a: whoosh|Dragon Darts|p2a: Slowking
|-damage|p2a: Slowking|0 fnt
|faint|p2a: Slowking
|
|-heal|p1a: whoosh|89/100|[from] item: Leftovers
|upkeep
|
|t:|1769347038
|switch|p2a: Ogerpon|Ogerpon-Teal-Tera, F, tera:Grass|100/100
|-ability|p2a: Ogerpon|Embody Aspect (Teal)|boost
|-boost|p2a: Ogerpon|spe|1
|turn|26
|
|t:|1769347046
|move|p2a: Ogerpon|Knock Off|p1a: whoosh
|-supereffective|p1a: whoosh
|-damage|p1a: whoosh|0 fnt
|-enditem|p1a: whoosh|Leftovers|[from] move: Knock Off|[of] p2a: Ogerpon
|faint|p1a: whoosh
|
|upkeep
|
|t:|1769347049
|switch|p1a: screwyourhazards|Forretress, M, shiny|52/100
|turn|27
|
|t:|1769347076
|switch|p2a: Iron Moth|Iron Moth|100/100
|move|p1a: screwyourhazards|Explosion|p2a: Iron Moth
|-damage|p2a: Iron Moth|7/100
|faint|p1a: screwyourhazards
|
|upkeep
|
|t:|1769347078
|switch|p1a: slappa|Enamorus, F|100/100
|-damage|p1a: slappa|76/100|[from] Stealth Rock
|turn|28
|
|t:|1769347085
|move|p2a: Iron Moth|Sludge Wave|p1a: slappa
|-supereffective|p1a: slappa
|-damage|p1a: slappa|0 fnt
|faint|p1a: slappa
|
|win|dragaloek2
|raw|Anondree's rating: 1254 &rarr; <strong>1231</strong><br />(-23 for losing)
|raw|dragaloek2's rating: 1276 &rarr; <strong>1299</strong><br />(+23 for winning)
|l|☆Anondree
|player|p1|
|l|☆dragaloek2
|player|p2|
