|j|☆Cesar2702
|j|☆dorda
|t:|1769322267
|gametype|singles
|player|p1|Cesar2702|palmer|1149
|player|p2|dorda|brycenman|1109
|gen|9
|tier|[Gen 9] OU
|rated|
|rule|HP Percentage Mod: HP is shown in percentages
|rule|Endless Battle Clause: Forcing endless battles is banned
|rule|Species Clause: Limit one of each Pokémon
|rule|OHKO Clause: OHKO moves are banned
|rule|Evasion Items Clause: Evasion items are banned
|rule|Evasion Moves Clause: Evasion moves are banned
|rule|Evasion Abilities Clause: Evasion abilities are banned
|rule|Sleep Moves Clause: Sleep-inducing moves are banned
|clearpoke
|poke|p1|Revavroom, F|
|poke|p1|Ceruledge, M|
|poke|p1|Volcanion|
|poke|p1|Rotom-Wash|
|poke|p1|Frosmoth, M|
|poke|p1|Ursaring, M|
|poke|p2|Hoopa-Unbound|
|poke|p2|Slowking-Galar, F|
|poke|p2|Alomomola, F|
|poke|p2|Zamazenta-*|
|poke|p2|Great Tusk|
|poke|p2|Kingambit, F|
|teampreview
|inactive|Battle timer is ON: inactive players will automatically lose when time's up. (requested by Cesar2702)
|
|t:|1769322283
|teamsize|p1|6
|teamsize|p2|6
|start
|switch|p1a: Rotom|Rotom-Wash|100/100
|switch|p2a: Great Tusk|Great Tusk|100/100
|turn|1
|
|t:|1769322288
|-end|p2a: Great Tusk|Protosynthesis|[silent]
|switch|p2a: Slowking|Slowking-Galar, F|100/100
|move|p1a: Rotom|Hydro Pump|p2a: Slowking|[miss]
|-miss|p1a: Rotom|p2a: Slowking
|
|upkeep
|turn|2
|inactive|dorda has 120 seconds left.
|inactive|dorda has 90 seconds left.
|
|t:|1769322364
|move|p1a: Rotom|Hydro Pump|p2a: Slowking
|-damage|p2a: Slowking|58/100
|move|p2a: Slowking|Future Sight|p1a: Rotom
|-start|p2a: Slowking|move: Future Sight
|
|upkeep
|turn|3
|
|t:|1769322381
|switch|p1a: Ceruledge|Ceruledge, M, shiny|100/100
|-prepare|p2a: Slowking|Chilly Reception|[premajor]
|move|p2a: Slowking|Chilly Reception|p2a: Slowking
|-weather|Snowscape
|
|t:|1769322391
|switch|p2a: Great Tusk|Great Tusk|100/100|[from] Chilly Reception
|
|-weather|Snowscape|[upkeep]
|upkeep
|turn|4
|
|t:|1769322396
|-terastallize|p1a: Ceruledge|Grass
|move|p2a: Great Tusk|Stealth Rock|p1a: Ceruledge
|-sidestart|p1: Cesar2702|move: Stealth Rock
|move|p1a: Ceruledge|Bulk Up|p1a: Ceruledge
|-boost|p1a: Ceruledge|atk|1
|-boost|p1a: Ceruledge|def|1
|
|-weather|Snowscape|[upkeep]
|-end|p1a: Ceruledge|move: Future Sight
|-damage|p1a: Ceruledge|44/100
|upkeep
|turn|5
|
|t:|1769322407
|move|p2a: Great Tusk|Ice Spinner|p1a: Ceruledge
|-supereffective|p1a: Ceruledge
|-damage|p1a: Ceruledge|9/100
|move|p1a: Ceruledge|Bitter Blade|p2a: Great Tusk
|-damage|p2a: Great Tusk|50/100
|-heal|p1a: Ceruledge|41/100|[from] drain|[of] p2a: Great Tusk
|
|-weather|Snowscape|[upkeep]
|upkeep
|turn|6
|
|t:|1769322435
|-end|p2a: Great Tusk|Protosynthesis|[silent]
|switch|p2a: Zamazenta|Zamazenta|100/100
|-ability|p2a: Zamazenta|Dauntless Shield|boost
|-boost|p2a: Zamazenta|def|1
|move|p1a: Ceruledge|Bitter Blade|p2a: Zamazenta
|-damage|p2a: Zamazenta|67/100
|-heal|p1a: Ceruledge|61/100|[from] drain|[of] p2a: Zamazenta
|
|-weather|Snowscape|[upkeep]
|-heal|p2a: Zamazenta|73/100|[from] item: Leftovers
|upkeep
|turn|7
|
|t:|1769322445
|move|p2a: Zamazenta|Iron Defense|p2a: Zamazenta
|-boost|p2a: Zamazenta|def|2
|move|p1a: Ceruledge|Bulk Up|p1a: Ceruledge
|-boost|p1a: Ceruledge|atk|1
|-boost|p1a: Ceruledge|def|1
|
|-weather|none
|-heal|p2a: Zamazenta|79/100|[from] item: Leftovers
|upkeep
|turn|8
|
|t:|1769322463
|move|p2a: Zamazenta|Body Press|p1a: Ceruledge
|-damage|p1a: Ceruledge|17/100
|move|p1a: Ceruledge|Bitter Blade|p2a: Zamazenta
|-damage|p2a: Zamazenta|54/100
|-heal|p1a: Ceruledge|32/100|[from] drain|[of] p2a: Zamazenta
|
|-heal|p2a: Zamazenta|60/100|[from] item: Leftovers
|upkeep
|turn|9
|
|t:|1769322484
|move|p1a: Ceruledge|Shadow Sneak|p2a: Zamazenta
|-damage|p2a: Zamazenta|51/100
|move|p2a: Zamazenta|Body Press|p1a: Ceruledge
|-damage|p1a: Ceruledge|0 fnt
|faint|p1a: Ceruledge
|
|-heal|p2a: Zamazenta|57/100|[from] item: Leftovers
|upkeep
|
|t:|1769322489
|switch|p1a: Ursaring|Ursaring, M, shiny|100/100
|-damage|p1a: Ursaring|88/100|[from] Stealth Rock
|turn|10
|inactive|dorda has 60 seconds left.
|
|t:|1769322548
|move|p2a: Zamazenta|Body Press|p1a: Ursaring
|-supereffective|p1a: Ursaring
|-damage|p1a: Ursaring|0 fnt
|faint|p1a: Ursaring
|
|-heal|p2a: Zamazenta|63/100|[from] item: Leftovers
|upkeep
|
|t:|1769322555
|switch|p1a: Volcanion|Volcanion|100/100
|-damage|p1a: Volcanion|76/100|[from] Stealth Rock
|turn|11
|inactive|dorda has 30 seconds left.
|
|t:|1769322583
|move|p2a: Zamazenta|Body Press|p1a: Volcanion
|-damage|p1a: Volcanion|0 fnt
|faint|p1a: Volcanion
|
|-heal|p2a: Zamazenta|69/100|[from] item: Leftovers
|upkeep
|
|t:|1769322587
|switch|p1a: Rotom|Rotom-Wash|100/100
|-damage|p1a: Rotom|88/100|[from] Stealth Rock
|turn|12
|inactive|dorda has 30 seconds left.
|
|t:|1769322603
|switch|p2a: Slowking|Slowking-Galar, F|92/100
|move|p1a: Rotom|Discharge|p2a: Slowking
|-damage|p2a: Slowking|62/100
|
|upkeep
|turn|13
|
|t:|1769322606
|move|p1a: Rotom|Discharge|p2a: Slowking
|-damage|p2a: Slowking|29/100
|move|p2a: Slowking|Future Sight|p1a: Rotom
|-start|p2a: Slowking|move: Future Sight
|
|upkeep
|turn|14
|
|t:|1769322613
|switch|p2a: Great Tusk|Great Tusk|50/100
|move|p1a: Rotom|Discharge|p2a: Great Tusk
|-immune|p2a: Great Tusk
|
|upkeep
|turn|15
|
|t:|1769322618
|-end|p2a: Great Tusk|Protosynthesis|[silent]
|switch|p2a: Slowking|Slowking-Galar, F|62/100
|switch|p1a: Frosmoth|Frosmoth, M|100/100
|
|-end|p1a: Frosmoth|move: Future Sight
|-damage|p1a: Frosmoth|71/100
|upkeep
|turn|16
|
|t:|1769322627
|move|p1a: Frosmoth|Quiver Dance|p1a: Frosmoth
|-boost|p1a: Frosmoth|spa|1
|-boost|p1a: Frosmoth|spd|1
|-boost|p1a: Frosmoth|spe|1
|-prepare|p2a: Slowking|Chilly Reception|[premajor]
|move|p2a: Slowking|Chilly Reception|p2a: Slowking
|-weather|Snowscape
|
|t:|1769322635
|switch|p2a: Zamazenta|Zamazenta|69/100|[from] Chilly Reception
|
|-weather|Snowscape|[upkeep]
|-heal|p2a: Zamazenta|75/100|[from] item: Leftovers
|upkeep
|turn|17
|
|t:|1769322642
|move|p1a: Frosmoth|Bug Buzz|p2a: Zamazenta
|-resisted|p2a: Zamazenta
|-damage|p2a: Zamazenta|45/100
|move|p2a: Zamazenta|Roar|p1a: Frosmoth
|drag|p1a: Rotom|Rotom-Wash|88/100
|-damage|p1a: Rotom|76/100|[from] Stealth Rock
|
|-weather|Snowscape|[upkeep]
|-heal|p2a: Zamazenta|52/100|[from] item: Leftovers
|upkeep
|turn|18
|inactive|dorda has 60 seconds left.
|inactive|dorda has 30 seconds left.
|inactive|dorda has 20 seconds left.
|
|t:|1769322693
|switch|p2a: Slowking|Slowking-Galar, F|95/100
|move|p1a: Rotom|Hydro Pump|p2a: Slowking
|-damage|p2a: Slowking|55/100
|
|-weather|Snowscape|[upkeep]
|upkeep
|turn|19
|inactive|dorda has 30 seconds left this turn.
|
|t:|1769322702
|move|p1a: Rotom|Hydro Pump|p2a: Slowking
|-damage|p2a: Slowking|8/100
|move|p2a: Slowking|Future Sight|p1a: Rotom
|-start|p2a: Slowking|move: Future Sight
|
|-weather|Snowscape|[upkeep]
|upkeep
|turn|20
|
|t:|1769322708
|switch|p2a: Alomomola|Alomomola, F|100/100
|move|p1a: Rotom|Hydro Pump|p2a: Alomomola|[miss]
|-miss|p1a: Rotom|p2a: Alomomola
|
|-weather|none
|upkeep
|turn|21
|
|t:|1769322721
|switch|p1a: Frosmoth|Frosmoth, M|71/100
|move|p2a: Alomomola|Wish|p2a: Alomomola
|
|-end|p1a: Frosmoth|move: Future Sight
|-damage|p1a: Frosmoth|42/100
|upkeep
|turn|22
|
|t:|1769322727
|switch|p2a: Slowking|Slowking-Galar, F|41/100
|move|p1a: Frosmoth|Quiver Dance|p1a: Frosmoth
|-boost|p1a: Frosmoth|spa|1
|-boost|p1a: Frosmoth|spd|1
|-boost|p1a: Frosmoth|spe|1
|
|-heal|p2a: Slowking|100/100|[from] move: Wish|[wisher] Alomomola
|upkeep
|turn|23
|
|t:|1769322735
|move|p1a: Frosmoth|Bug Buzz|p2a: Slowking
|-damage|p2a: Slowking|62/100
|-prepare|p2a: Slowking|Chilly Reception|[premajor]
|move|p2a: Slowking|Chilly Reception|p2a: Slowking
|-weather|Snowscape
|
|t:|1769322738
|switch|p2a: Zamazenta|Zamazenta|52/100|[from] Chilly Reception
|
|-weather|Snowscape|[upkeep]
|-heal|p2a: Zamazenta|58/100|[from] item: Leftovers
|upkeep
|turn|24
|
|t:|1769322746
|move|p1a: Frosmoth|Quiver Dance|p1a: Frosmoth
|-boost|p1a: Frosmoth|spa|1
|-boost|p1a: Frosmoth|spd|1
|-boost|p1a: Frosmoth|spe|1
|move|p2a: Zamazenta|Roar|p1a: Frosmoth
|drag|p1a: Rotom|Rotom-Wash|76/100
|-damage|p1a: Rotom|63/100|[from] Stealth Rock
|
|-weather|Snowscape|[upkeep]
|-heal|p2a: Zamazenta|64/100|[from] item: Leftovers
|upkeep
|turn|25
|
|t:|1769322752
|switch|p2a: Slowking|Slowking-Galar, F|96/100
|move|p1a: Rotom|Trick|p2a: Slowking
|-activate|p1a: Rotom|move: Trick|[of] p2a: Slowking
|-item|p2a: Slowking|Choice Specs|[from] move: Trick
|-item|p1a: Rotom|Heavy-Duty Boots|[from] move: Trick
|
|-weather|Snowscape|[upkeep]
|upkeep
|turn|26
|
|t:|1769322770
|move|p1a: Rotom|Pain Split|p2a: Slowking
|-sethp|p2a: Slowking|67/100|[from] move: Pain Split|[silent]
|-sethp|p1a: Rotom|100/100|[from] move: Pain Split
|move|p2a: Slowking|Future Sight|p1a: Rotom
|-start|p2a: Slowking|move: Future Sight
|
|-weather|Snowscape|[upkeep]
|upkeep
|turn|27
|
|t:|1769322778
|switch|p2a: Alomomola|Alomomola, F|100/100
|move|p1a: Rotom|Hydro Pump|p2a: Alomomola
|-resisted|p2a: Alomomola
|-damage|p2a: Alomomola|79/100
|
|-weather|none
|upkeep
|turn|28
|
|t:|1769322786
|move|p1a: Rotom|Discharge|p2a: Alomomola
|-supereffective|p2a: Alomomola
|-crit|p2a: Alomomola
|-damage|p2a: Alomomola|0 fnt
|faint|p2a: Alomomola
|
|-end|p1a: Rotom|move: Future Sight
|-damage|p1a: Rotom|42/100
|upkeep
|
|t:|1769322791
|switch|p2a: Zamazenta|Zamazenta|64/100
|turn|29
|
|t:|1769322797
|move|p2a: Zamazenta|Iron Defense|p2a: Zamazenta
|-boost|p2a: Zamazenta|def|2
|move|p1a: Rotom|Pain Split|p2a: Zamazenta
|-sethp|p2a: Zamazenta|46/100|[from] move: Pain Split|[silent]
|-sethp|p1a: Rotom|67/100|[from] move: Pain Split
|
|-heal|p2a: Zamazenta|52/100|[from] item: Leftovers
|upkeep
|turn|30
|
|t:|1769322800
|move|p2a: Zamazenta|Iron Defense|p2a: Zamazenta
|-boost|p2a: Zamazenta|def|2
|move|p1a: Rotom|Discharge|p2a: Zamazenta
|-damage|p2a: Zamazenta|21/100
|-status|p2a: Zamazenta|par
|
|-heal|p2a: Zamazenta|27/100 par|[from] item: Leftovers
|upkeep
|turn|31
|
|t:|1769322804
|move|p1a: Rotom|Discharge|p2a: Zamazenta
|-damage|p2a: Zamazenta|0 fnt
|faint|p2a: Zamazenta
|
|upkeep
|
|t:|1769322809
|switch|p2a: Hoopa|Hoopa-Unbound|100/100
|turn|32
|
|t:|1769322814
|move|p1a: Rotom|Pain Split|p2a: Hoopa
|-sethp|p2a: Hoopa|77/100|[from] move: Pain Split|[silent]
|-sethp|p1a: Rotom|96/100|[from] move: Pain Split
|move|p2a: Hoopa|Hyperspace Fury|p1a: Rotom
|-damage|p1a: Rotom|0 fnt
|-unboost|p2a: Hoopa|def|1
|faint|p1a: Rotom
|
|upkeep
|
|t:|1769322838
|switch|p1a: Frosmoth|Frosmoth, M|42/100
|turn|33
|
|t:|1769322845
|move|p2a: Hoopa|Hyperspace Fury|p1a: Frosmoth
|-damage|p1a: Frosmoth|0 fnt
|-unboost|p2a: Hoopa|def|1
|faint|p1a: Frosmoth
|
|upkeep
|
|t:|1769322848
|switch|p1a: Revavroom|Revavroom, F, shiny|100/100
|-damage|p1a: Revavroom|95/100|[from] Stealth Rock
|-item|p1a: Revavroom|Air Balloon
|turn|34
|
|t:|1769322852
|-terastallize|p2a: Hoopa|Dark
|move|p2a: Hoopa|Hyperspace Fury|p1a: Revavroom
|-damage|p1a: Revavroom|0 fnt
|-unboost|p2a: Hoopa|def|1
|-enditem|p1a: Revavroom|Air Balloon
|faint|p1a: Revavroom
|
|win|dorda
|raw|Cesar2702's rating: 1149 &rarr; <strong>1121</strong><br />(-28 for losing)
|raw|dorda's rating: 1109 &rarr; <strong>1137</strong><br />(+28 for winning)
|c|☆dorda|gg
|l|☆Cesar2702
|player|p1|
|l|☆dorda
|player|p2|
