|j|☆SlimeyT9
|j|☆Itshmdicom
|t:|1769404197
|gametype|singles
|player|p1|SlimeyT9|shadowtriad|1286
|player|p2|Itshmdicom|170|1331
|gen|9
|tier|[Gen 9] OU
|rated|
|rule|HP Percentage Mod: HP is shown in percentages
|rule|Endless Battle Clause: Forcing endless battles is banned
|rule|Species Clause: Limit one of each Pokémon
|rule|OHKO Clause: OHKO moves are banned
|rule|Evasion Items Clause: Evasion items are banned
|rule|Evasion Moves Clause: Evasion moves are banned
|rule|Evasion Abilities Clause: Evasion abilities are banned
|rule|Sleep Moves Clause: Sleep-inducing moves are banned
|clearpoke
|poke|p1|Glimmora, F|
|poke|p1|Garganacl, M|
|poke|p1|Ceruledge, M|
|poke|p1|Samurott-Hisui, M|
|poke|p1|Brambleghast, F|
|poke|p1|Scream Tail|
|poke|p2|Dondozo, M|
|poke|p2|Latias, F|
|poke|p2|Corviknight, F|
|poke|p2|Rotom-Wash|
|poke|p2|Heatran, M|
|poke|p2|Meowscarada, F|
|teampreview
|inactive|Battle timer is ON: inactive players will automatically lose when time's up. (requested by SlimeyT9)
|inactive|Itshmdicom has 120 seconds left.
|
|t:|1769404240
|teamsize|p1|6
|teamsize|p2|6
|start
|switch|p1a: Saltwater|Samurott-Hisui, M, shiny|100/100
|switch|p2a: Rotom|Rotom-Wash|100/100
|turn|1
|
|t:|1769404268
|move|p1a: Saltwater|Flip Turn|p2a: Rotom
|-resisted|p2a: Rotom
|-damage|p2a: Rotom|86/100
|
|t:|1769404272
|switch|p1a: Brambles!?|Brambleghast, F, shiny|100/100|[from] Flip Turn
|move|p2a: Rotom|Will-O-Wisp|p1a: Brambles!?
|-status|p1a: Brambles!?|brn
|
|-heal|p2a: Rotom|93/100|[from] item: Leftovers
|-damage|p1a: Brambles!?|95/100 brn|[from] brn
|upkeep
|turn|2
|
|t:|1769404289
|switch|p2a: Heatran|Heatran, M|100/100
|move|p1a: Brambles!?|Power Whip|p2a: Heatran
|-resisted|p2a: Heatran
|-damage|p2a: Heatran|95/100
|
|-damage|p1a: Brambles!?|89/100 brn|[from] brn
|upkeep
|turn|3
|
|t:|1769404293
|move|p1a: Brambles!?|Poltergeist|p2a: Heatran
|-activate|p2a: Heatran|move: Poltergeist|Heavy-Duty Boots
|-damage|p2a: Heatran|71/100
|move|p2a: Heatran|Stealth Rock|p1a: Brambles!?
|-sidestart|p1: SlimeyT9|move: Stealth Rock
|
|-damage|p1a: Brambles!?|83/100 brn|[from] brn
|upkeep
|turn|4
|
|t:|1769404309
|move|p1a: Brambles!?|Rapid Spin|p2a: Heatran
|-resisted|p2a: Heatran
|-damage|p2a: Heatran|67/100
|-boost|p1a: Brambles!?|spe|1
|-sideend|p1: SlimeyT9|Stealth Rock|[from] move: Rapid Spin|[of] p1a: Brambles!?
|move|p2a: Heatran|Earth Power|p1a: Brambles!?
|-resisted|p1a: Brambles!?
|-damage|p1a: Brambles!?|51/100 brn
|
|-damage|p1a: Brambles!?|45/100 brn|[from] brn
|upkeep
|turn|5
|
|t:|1769404318
|move|p1a: Brambles!?|Poltergeist|p2a: Heatran
|-activate|p2a: Heatran|move: Poltergeist|Heavy-Duty Boots
|-damage|p2a: Heatran|45/100
|move|p2a: Heatran|Stealth Rock|p1a: Brambles!?
|-sidestart|p1: SlimeyT9|move: Stealth Rock
|
|-damage|p1a: Brambles!?|39/100 brn|[from] brn
|upkeep
|turn|6
|
|t:|1769404325
|move|p1a: Brambles!?|Rapid Spin|p2a: Heatran
|-resisted|p2a: Heatran
|-damage|p2a: Heatran|42/100
|-boost|p1a: Brambles!?|spe|1
|-sideend|p1: SlimeyT9|Stealth Rock|[from] move: Rapid Spin|[of] p1a: Brambles!?
|move|p2a: Heatran|Lava Plume|p1a: Brambles!?
|-supereffective|p1a: Brambles!?
|-damage|p1a: Brambles!?|0 fnt
|faint|p1a: Brambles!?
|
|upkeep
|
|t:|1769404334
|switch|p1a: Onigiri|Garganacl, M|100/100
|turn|7
|
|t:|1769404343
|-terastallize|p1a: Onigiri|Ghost
|move|p2a: Heatran|Stealth Rock|p1a: Onigiri
|-sidestart|p1: SlimeyT9|move: Stealth Rock
|move|p1a: Onigiri|Salt Cure|p2a: Heatran
|-damage|p2a: Heatran|30/100
|-start|p2a: Heatran|Salt Cure
|
|-damage|p2a: Heatran|5/100|[from] Salt Cure
|upkeep
|turn|8
|
|t:|1769404359
|move|p2a: Heatran|Lava Plume|p1a: Onigiri
|-damage|p1a: Onigiri|68/100
|move|p1a: Onigiri|Iron Defense|p1a: Onigiri
|-boost|p1a: Onigiri|def|2
|
|-heal|p1a: Onigiri|74/100|[from] item: Leftovers
|-damage|p2a: Heatran|0 fnt|[from] Salt Cure
|faint|p2a: Heatran
|upkeep
|
|t:|1769404374
|switch|p2a: Meowscarada|Meowscarada, F|100/100
|turn|9
|inactive|Itshmdicom has 120 seconds left.
|inactive|Itshmdicom has 90 seconds left.
|
|t:|1769404451
|switch|p1a: Flur|Glimmora, F, shiny|100/100
|-damage|p1a: Flur|88/100|[from] Stealth Rock
|move|p2a: Meowscarada|U-turn|p1a: Flur
|-start|p2a: Meowscarada|typechange|Bug|[from] ability: Protean
|-resisted|p1a: Flur
|-damage|p1a: Flur|58/100
|-activate|p1a: Flur|ability: Toxic Debris
|-sidestart|p2: Itshmdicom|move: Toxic Spikes
|
|t:|1769404463
|switch|p2a: Corviknight|Corviknight, F|100/100|[from] U-turn
|
|upkeep
|turn|10
|
|t:|1769404476
|switch|p1a: Onigiri|Garganacl, M, tera:Ghost|74/100
|-damage|p1a: Onigiri|62/100|[from] Stealth Rock
|move|p2a: Corviknight|Body Press|p1a: Onigiri
|-immune|p1a: Onigiri
|
|-heal|p1a: Onigiri|68/100|[from] item: Leftovers
|upkeep
|turn|11
|
|t:|1769404493
|-terastallize|p2a: Corviknight|Fighting
|move|p2a: Corviknight|Bulk Up|p2a: Corviknight
|-boost|p2a: Corviknight|atk|1
|-boost|p2a: Corviknight|def|1
|move|p1a: Onigiri|Iron Defense|p1a: Onigiri
|-boost|p1a: Onigiri|def|2
|
|-heal|p1a: Onigiri|74/100|[from] item: Leftovers
|upkeep
|turn|12
|
|t:|1769404499
|move|p2a: Corviknight|Brave Bird|p1a: Onigiri
|-damage|p1a: Onigiri|55/100
|-damage|p2a: Corviknight|94/100|[from] Recoil
|move|p1a: Onigiri|Salt Cure|p2a: Corviknight
|-resisted|p2a: Corviknight
|-damage|p2a: Corviknight|91/100
|-start|p2a: Corviknight|Salt Cure
|
|-heal|p2a: Corviknight|97/100|[from] item: Leftovers
|-heal|p1a: Onigiri|61/100|[from] item: Leftovers
|-damage|p2a: Corviknight|85/100|[from] Salt Cure
|upkeep
|turn|13
|
|t:|1769404503
|move|p2a: Corviknight|Bulk Up|p2a: Corviknight
|-boost|p2a: Corviknight|atk|1
|-boost|p2a: Corviknight|def|1
|move|p1a: Onigiri|Recover|p1a: Onigiri
|-heal|p1a: Onigiri|100/100
|
|-heal|p2a: Corviknight|91/100|[from] item: Leftovers
|-damage|p2a: Corviknight|79/100|[from] Salt Cure
|upkeep
|turn|14
|
|t:|1769404506
|move|p2a: Corviknight|Brave Bird|p1a: Onigiri
|-damage|p1a: Onigiri|75/100
|-damage|p2a: Corviknight|70/100|[from] Recoil
|move|p1a: Onigiri|Iron Defense|p1a: Onigiri
|-boost|p1a: Onigiri|def|2
|
|-heal|p2a: Corviknight|76/100|[from] item: Leftovers
|-heal|p1a: Onigiri|81/100|[from] item: Leftovers
|-damage|p2a: Corviknight|64/100|[from] Salt Cure
|upkeep
|turn|15
|
|t:|1769404509
|move|p2a: Corviknight|Brave Bird|p1a: Onigiri
|-damage|p1a: Onigiri|63/100
|-damage|p2a: Corviknight|58/100|[from] Recoil
|move|p1a: Onigiri|Iron Defense|p1a: Onigiri
|-boost|p1a: Onigiri|def|2
|
|-heal|p2a: Corviknight|64/100|[from] item: Leftovers
|-heal|p1a: Onigiri|69/100|[from] item: Leftovers
|-damage|p2a: Corviknight|51/100|[from] Salt Cure
|upkeep
|turn|16
|
|t:|1769404512
|move|p2a: Corviknight|Roost|p2a: Corviknight
|-heal|p2a: Corviknight|100/100
|move|p1a: Onigiri|Recover|p1a: Onigiri
|-heal|p1a: Onigiri|100/100
|
|-damage|p2a: Corviknight|88/100|[from] Salt Cure
|upkeep
|turn|17
|
|t:|1769404518
|switch|p2a: Rotom|Rotom-Wash|93/100
|move|p1a: Onigiri|Body Press|p2a: Rotom
|-damage|p2a: Rotom|0 fnt
|faint|p2a: Rotom
|
|upkeep
|
|t:|1769404527
|switch|p2a: Dondozo|Dondozo, M|100/100
|-status|p2a: Dondozo|psn
|turn|18
|
|t:|1769404530
|move|p2a: Dondozo|Curse|p2a: Dondozo
|-unboost|p2a: Dondozo|spe|1
|-boost|p2a: Dondozo|atk|1
|-boost|p2a: Dondozo|def|1
|move|p1a: Onigiri|Salt Cure|p2a: Dondozo
|-damage|p2a: Dondozo|95/100 psn
|-start|p2a: Dondozo|Salt Cure
|
|-heal|p2a: Dondozo|100/100 psn|[from] item: Leftovers
|-damage|p2a: Dondozo|88/100 psn|[from] psn
|-damage|p2a: Dondozo|63/100 psn|[from] Salt Cure
|upkeep
|turn|19
|-message|Itshmdicom forfeited.
|
|win|SlimeyT9
|raw|SlimeyT9's rating: 1286 &rarr; <strong>1314</strong><br />(+28 for winning)
|raw|Itshmdicom's rating: 1331 &rarr; <strong>1308</strong><br />(-23 for losing)
|l|☆Itshmdicom
|player|p2|
|l|☆SlimeyT9
|player|p1|
