|j|☆Oofthisisbad
|j|☆happy timmy
|t:|1769411155
|gametype|singles
|player|p1|Oofthisisbad|170|1108
|player|p2|happy timmy|pokekid|1174
|gen|9
|tier|[Gen 9] OU
|rated|
|rule|HP Percentage Mod: HP is shown in percentages
|rule|Endless Battle Clause: Forcing endless battles is banned
|rule|Species Clause: Limit one of each Pokémon
|rule|OHKO Clause: OHKO moves are banned
|rule|Evasion Items Clause: Evasion items are banned
|rule|Evasion Moves Clause: Evasion moves are banned
|rule|Evasion Abilities Clause: Evasion abilities are banned
|rule|Sleep Moves Clause: Sleep-inducing moves are banned
|clearpoke
|poke|p1|Fezandipiti, M|
|poke|p1|Comfey, F|
|poke|p1|Toxtricity, M|
|poke|p1|Mimikyu, M|
|poke|p1|Gallade, M|
|poke|p1|Magnezone|
|poke|p2|Cinderace, F|
|poke|p2|Dragapult, M|
|poke|p2|Great Tusk|
|poke|p2|Gliscor, M|
|poke|p2|Greninja-*, M|
|poke|p2|Rotom-Wash|
|teampreview
|inactive|Battle timer is ON: inactive players will automatically lose when time's up. (requested by happy timmy)
|
|t:|1769411175
|teamsize|p1|6
|teamsize|p2|6
|start
|switch|p1a: three bars of hp|Mimikyu, M|100/100
|switch|p2a: Cinderace|Cinderace, F|100/100
|turn|1
|
|t:|1769411180
|move|p2a: Cinderace|Trailblaze|p1a: three bars of hp
|-start|p2a: Cinderace|typechange|Grass|[from] ability: Libero
|-activate|p1a: three bars of hp|ability: Disguise
|-damage|p1a: three bars of hp|100/100
|-boost|p2a: Cinderace|spe|1
|detailschange|p1a: three bars of hp|Mimikyu-Busted, M
|-damage|p1a: three bars of hp|88/100|[from] pokemon: Mimikyu-Busted
|move|p1a: three bars of hp|Substitute|p1a: three bars of hp
|-start|p1a: three bars of hp|Substitute
|-damage|p1a: three bars of hp|63/100
|
|-heal|p1a: three bars of hp|69/100|[from] item: Leftovers
|upkeep
|turn|2
|
|t:|1769411184
|move|p2a: Cinderace|Trailblaze|p1a: three bars of hp
|-end|p1a: three bars of hp|Substitute
|-boost|p2a: Cinderace|spe|1
|move|p1a: three bars of hp|Play Rough|p2a: Cinderace
|-damage|p2a: Cinderace|48/100
|
|-heal|p2a: Cinderace|54/100|[from] item: Leftovers
|-heal|p1a: three bars of hp|75/100|[from] item: Leftovers
|upkeep
|turn|3
|
|t:|1769411189
|move|p2a: Cinderace|Pyro Ball|p1a: three bars of hp
|-damage|p1a: three bars of hp|10/100
|move|p1a: three bars of hp|Play Rough|p2a: Cinderace
|-damage|p2a: Cinderace|2/100
|
|-heal|p2a: Cinderace|8/100|[from] item: Leftovers
|-heal|p1a: three bars of hp|16/100|[from] item: Leftovers
|upkeep
|turn|4
|
|t:|1769411197
|move|p1a: three bars of hp|Shadow Sneak|p2a: Cinderace
|-damage|p2a: Cinderace|0 fnt
|faint|p2a: Cinderace
|
|-heal|p1a: three bars of hp|22/100|[from] item: Leftovers
|upkeep
|
|t:|1769411201
|switch|p2a: Dragapult|Dragapult, M|100/100
|turn|5
|
|t:|1769411204
|move|p2a: Dragapult|Sucker Punch|p1a: three bars of hp
|-damage|p1a: three bars of hp|0 fnt
|faint|p1a: three bars of hp
|
|upkeep
|
|t:|1769411213
|switch|p1a: heul|Comfey, F|100/100
|turn|6
|
|t:|1769411222
|move|p2a: Dragapult|U-turn|p1a: heul
|-resisted|p1a: heul
|-damage|p1a: heul|84/100
|
|t:|1769411224
|switch|p2a: Rotom|Rotom-Wash|100/100|[from] U-turn
|move|p1a: heul|Calm Mind|p1a: heul
|-boost|p1a: heul|spa|1
|-boost|p1a: heul|spd|1
|
|upkeep
|turn|7
|
|t:|1769411229
|-terastallize|p2a: Rotom|Steel
|move|p1a: heul|Calm Mind|p1a: heul
|-boost|p1a: heul|spa|1
|-boost|p1a: heul|spd|1
|move|p2a: Rotom|Hydro Pump|p1a: heul
|-damage|p1a: heul|48/100
|
|upkeep
|turn|8
|
|t:|1769411239
|move|p1a: heul|Calm Mind|p1a: heul
|-boost|p1a: heul|spa|1
|-boost|p1a: heul|spd|1
|move|p2a: Rotom|Hydro Pump|p1a: heul
|-damage|p1a: heul|19/100
|
|upkeep
|turn|9
|
|t:|1769411244
|move|p1a: heul|Synthesis|p1a: heul
|-heal|p1a: heul|69/100
|move|p2a: Rotom|Hydro Pump|p1a: heul
|-damage|p1a: heul|42/100
|
|upkeep
|turn|10
|
|t:|1769411252
|move|p1a: heul|Calm Mind|p1a: heul
|-boost|p1a: heul|spa|1
|-boost|p1a: heul|spd|1
|move|p2a: Rotom|Hydro Pump|p1a: heul
|-damage|p1a: heul|18/100
|
|upkeep
|turn|11
|
|t:|1769411255
|move|p1a: heul|Synthesis|p1a: heul
|-heal|p1a: heul|68/100
|move|p2a: Rotom|Hydro Pump|p1a: heul
|-damage|p1a: heul|45/100
|
|upkeep
|turn|12
|
|t:|1769411260
|move|p1a: heul|Synthesis|p1a: heul
|-heal|p1a: heul|95/100
|move|p2a: Rotom|Hydro Pump|p1a: heul
|-crit|p1a: heul
|-damage|p1a: heul|0 fnt
|faint|p1a: heul
|
|upkeep
|
|t:|1769411266
|switch|p1a: sheeng sheeng|Gallade, M|100/100
|turn|13
|
|t:|1769411275
|switch|p1a: git poisoned nerd|Fezandipiti, M|100/100
|move|p2a: Rotom|Hydro Pump|p1a: git poisoned nerd
|-crit|p1a: git poisoned nerd
|-damage|p1a: git poisoned nerd|40/100
|
|upkeep
|turn|14
|
|t:|1769411283
|move|p1a: git poisoned nerd|Beat Up|p2a: Rotom
|-damage|p2a: Rotom|94/100
|-damage|p2a: Rotom|88/100
|-damage|p2a: Rotom|81/100
|-damage|p2a: Rotom|76/100
|-hitcount|p2a: Rotom|4
|move|p2a: Rotom|Hydro Pump|p1a: git poisoned nerd
|-crit|p1a: git poisoned nerd
|-damage|p1a: git poisoned nerd|0 fnt
|faint|p1a: git poisoned nerd
|
|-heal|p2a: Rotom|82/100|[from] item: Leftovers
|upkeep
|
|t:|1769411290
|switch|p1a: sheeng sheeng|Gallade, M|100/100
|turn|15
|
|t:|1769411300
|move|p1a: sheeng sheeng|Sacred Sword|p2a: Rotom
|-supereffective|p2a: Rotom
|-damage|p2a: Rotom|0 fnt
|faint|p2a: Rotom
|
|upkeep
|
|t:|1769411317
|switch|p2a: Greninja|Greninja, M|100/100
|turn|16
|
|t:|1769411320
|move|p1a: sheeng sheeng|Sacred Sword|p2a: Greninja
|-supereffective|p2a: Greninja
|-enditem|p2a: Greninja|Focus Sash
|-damage|p2a: Greninja|1/100
|move|p2a: Greninja|Hydro Pump|p1a: sheeng sheeng
|-start|p2a: Greninja|typechange|Water|[from] ability: Protean
|-damage|p1a: sheeng sheeng|45/100
|
|upkeep
|turn|17
|
|t:|1769411343
|switch|p1a: boom|Toxtricity, M|100/100
|move|p2a: Greninja|Hydro Pump|p1a: boom
|-damage|p1a: boom|42/100
|
|upkeep
|turn|18
|
|t:|1769411348
|move|p2a: Greninja|Hydro Pump|p1a: boom
|-damage|p1a: boom|0 fnt
|faint|p1a: boom
|
|upkeep
|-message|Oofthisisbad forfeited.
|
|win|happy timmy
|raw|Oofthisisbad's rating: 1108 &rarr; <strong>1088</strong><br />(-20 for losing)
|raw|happy timmy's rating: 1174 &rarr; <strong>1194</strong><br />(+20 for winning)
|l|☆Oofthisisbad
|player|p1|
|l|☆happy timmy
|player|p2|
