|j|☆Box Scammer
|j|☆llachiee
|t:|1769415322
|gametype|singles
|player|p1|Box Scammer|gentleman-gen4dp|1268
|player|p2|llachiee|170|1198
|gen|9
|tier|[Gen 9] OU
|rated|
|rule|HP Percentage Mod: HP is shown in percentages
|rule|Endless Battle Clause: Forcing endless battles is banned
|rule|Species Clause: Limit one of each Pokémon
|rule|OHKO Clause: OHKO moves are banned
|rule|Evasion Items Clause: Evasion items are banned
|rule|Evasion Moves Clause: Evasion moves are banned
|rule|Evasion Abilities Clause: Evasion abilities are banned
|rule|Sleep Moves Clause: Sleep-inducing moves are banned
|clearpoke
|poke|p1|Slowking-Galar, M|
|poke|p1|Scizor, M|
|poke|p1|Moltres|
|poke|p1|Meowscarada, M|
|poke|p1|Raging Bolt|
|poke|p1|Great Tusk|
|poke|p2|Clodsire, F|
|poke|p2|Dondozo, F|
|poke|p2|Gliscor, F|
|poke|p2|Alomomola, L99, F|
|poke|p2|Corviknight, F|
|poke|p2|Pecharunt|
|teampreview
|inactive|Battle timer is ON: inactive players will automatically lose when time's up. (requested by Box Scammer)
|c|☆Box Scammer|Hf
|
|t:|1769415365
|teamsize|p1|6
|teamsize|p2|6
|start
|switch|p1a: Meowscarada|Meowscarada, M|100/100
|switch|p2a: Bashō|Gliscor, F|100/100
|turn|1
|
|t:|1769415380
|switch|p1a: Great Tusk|Great Tusk|100/100
|move|p2a: Bashō|Protect||[still]
|-fail|p2a: Bashō
|
|-status|p2a: Bashō|tox|[from] item: Toxic Orb
|upkeep
|turn|2
|
|t:|1769415390
|move|p1a: Great Tusk|Ice Spinner|p2a: Bashō
|-supereffective|p2a: Bashō
|-damage|p2a: Bashō|27/100 tox
|move|p2a: Bashō|Toxic|p1a: Great Tusk
|-status|p1a: Great Tusk|tox
|
|-damage|p1a: Great Tusk|94/100 tox|[from] psn
|-heal|p2a: Bashō|39/100 tox|[from] ability: Poison Heal
|upkeep
|turn|3
|inactive|llachiee has 120 seconds left.
|
|t:|1769415423
|-end|p1a: Great Tusk|Protosynthesis|[silent]
|switch|p1a: Meowscarada|Meowscarada, M|100/100
|move|p2a: Bashō|Protect||[still]
|-fail|p2a: Bashō
|
|-heal|p2a: Bashō|52/100 tox|[from] ability: Poison Heal
|upkeep
|turn|4
|
|t:|1769415433
|move|p2a: Bashō|Protect|p2a: Bashō
|-singleturn|p2a: Bashō|Protect
|move|p1a: Meowscarada|U-turn|p2a: Bashō
|-start|p1a: Meowscarada|typechange|Bug|[from] ability: Protean
|-activate|p2a: Bashō|move: Protect
|
|-heal|p2a: Bashō|64/100 tox|[from] ability: Poison Heal
|upkeep
|turn|5
|
|t:|1769415442
|move|p1a: Meowscarada|U-turn|p2a: Bashō
|-resisted|p2a: Bashō
|-damage|p2a: Bashō|54/100 tox
|
|t:|1769415445
|switch|p1a: Slowking|Slowking-Galar, M|100/100|[from] U-turn
|move|p2a: Bashō|Stealth Rock|p1a: Slowking
|-sidestart|p1: Box Scammer|move: Stealth Rock
|
|-heal|p2a: Bashō|66/100 tox|[from] ability: Poison Heal
|upkeep
|turn|6
|
|t:|1769415457
|switch|p2a: Tagore|Alomomola, L99, F, shiny|100/100
|move|p1a: Slowking|Ice Beam|p2a: Tagore
|-resisted|p2a: Tagore
|-damage|p2a: Tagore|92/100
|
|upkeep
|turn|7
|
|t:|1769415462
|move|p2a: Tagore|Flip Turn|p1a: Slowking
|-damage|p1a: Slowking|83/100
|
|t:|1769415478
|switch|p2a: Baudelaire|Corviknight, F, shiny|100/100|[from] Flip Turn
|-ability|p2a: Baudelaire|Pressure
|move|p1a: Slowking|Future Sight|p2a: Baudelaire
|-start|p1a: Slowking|move: Future Sight
|
|upkeep
|turn|8
|
|t:|1769415484
|move|p2a: Baudelaire|Iron Head|p1a: Slowking
|-damage|p1a: Slowking|56/100
|-prepare|p1a: Slowking|Chilly Reception|[premajor]
|move|p1a: Slowking|Chilly Reception|p1a: Slowking
|-weather|Snowscape
|
|t:|1769415489
|switch|p1a: Moltres|Moltres|100/100|[from] Chilly Reception
|
|-weather|Snowscape|[upkeep]
|upkeep
|turn|9
|inactive|llachiee has 120 seconds left.
|
|t:|1769415522
|move|p2a: Baudelaire|Protect|p2a: Baudelaire
|-singleturn|p2a: Baudelaire|Protect
|move|p1a: Moltres|Will-O-Wisp|p2a: Baudelaire
|-activate|p2a: Baudelaire|move: Protect
|
|-weather|Snowscape|[upkeep]
|-end|p2a: Baudelaire|move: Future Sight
|-resisted|p2a: Baudelaire
|-damage|p2a: Baudelaire|85/100
|-heal|p2a: Baudelaire|92/100|[from] item: Leftovers
|upkeep
|turn|10
|
|t:|1769415537
|switch|p2a: Tagore|Alomomola, L99, F, shiny|100/100
|move|p1a: Moltres|Will-O-Wisp|p2a: Tagore|[miss]
|-miss|p1a: Moltres|p2a: Tagore
|
|-weather|Snowscape|[upkeep]
|upkeep
|turn|11
|
|t:|1769415549
|move|p1a: Moltres|U-turn|p2a: Tagore
|-damage|p2a: Tagore|89/100
|
|t:|1769415552
|switch|p1a: Slowking|Slowking-Galar, M|89/100|[from] U-turn
|move|p2a: Tagore|Flip Turn|p1a: Slowking
|-damage|p1a: Slowking|74/100
|inactive|llachiee has 120 seconds left.
|
|t:|1769415568
|switch|p2a: Keats|Pecharunt|100/100|[from] Flip Turn
|
|-weather|Snowscape|[upkeep]
|upkeep
|turn|12
|inactive|llachiee has 120 seconds left.
|
|t:|1769415583
|switch|p2a: Rimbaud|Clodsire, F|100/100
|-terastallize|p1a: Slowking|Water
|-prepare|p1a: Slowking|Chilly Reception|[premajor]
|move|p1a: Slowking|Chilly Reception|p1a: Slowking
|
|t:|1769415592
|switch|p1a: Raging Bolt|Raging Bolt|100/100|[from] Chilly Reception
|-damage|p1a: Raging Bolt|88/100|[from] Stealth Rock
|
|-weather|none
|upkeep
|turn|13
|
|t:|1769415599
|move|p1a: Raging Bolt|Dragon Pulse|p2a: Rimbaud
|-damage|p2a: Rimbaud|60/100
|move|p2a: Rimbaud|Toxic|p1a: Raging Bolt
|-status|p1a: Raging Bolt|tox
|
|-damage|p1a: Raging Bolt|82/100 tox|[from] psn
|upkeep
|turn|14
|
|t:|1769415603
|move|p1a: Raging Bolt|Dragon Pulse|p2a: Rimbaud
|-damage|p2a: Rimbaud|19/100
|move|p2a: Rimbaud|Recover|p2a: Rimbaud
|-heal|p2a: Rimbaud|69/100
|
|-damage|p1a: Raging Bolt|70/100 tox|[from] psn
|upkeep
|turn|15
|
|t:|1769415607
|move|p1a: Raging Bolt|Dragon Pulse|p2a: Rimbaud
|-damage|p2a: Rimbaud|27/100
|move|p2a: Rimbaud|Recover|p2a: Rimbaud
|-heal|p2a: Rimbaud|77/100
|
|-damage|p1a: Raging Bolt|51/100 tox|[from] psn
|upkeep
|turn|16
|
|t:|1769415617
|-end|p1a: Raging Bolt|Protosynthesis|[silent]
|switch|p1a: Meowscarada|Meowscarada, M|100/100
|-damage|p1a: Meowscarada|88/100|[from] Stealth Rock
|move|p2a: Rimbaud|Recover|p2a: Rimbaud
|-heal|p2a: Rimbaud|100/100
|
|upkeep
|turn|17
|
|t:|1769415628
|switch|p2a: Baudelaire|Corviknight, F, shiny|92/100
|-ability|p2a: Baudelaire|Pressure
|move|p1a: Meowscarada|Triple Axel|p2a: Baudelaire|[miss]
|-start|p1a: Meowscarada|typechange|Ice|[from] ability: Protean
|-miss|p1a: Meowscarada|p2a: Baudelaire
|
|-heal|p2a: Baudelaire|98/100|[from] item: Leftovers
|upkeep
|turn|18
|
|t:|1769415642
|switch|p1a: Great Tusk|Great Tusk|94/100 tox
|move|p2a: Baudelaire|Iron Head|p1a: Great Tusk
|-damage|p1a: Great Tusk|75/100 tox
|
|-heal|p2a: Baudelaire|100/100|[from] item: Leftovers
|-damage|p1a: Great Tusk|69/100 tox|[from] psn
|upkeep
|turn|19
|
|t:|1769415650
|-end|p1a: Great Tusk|Protosynthesis|[silent]
|switch|p1a: Raging Bolt|Raging Bolt|51/100 tox
|-damage|p1a: Raging Bolt|39/100 tox|[from] Stealth Rock
|move|p2a: Baudelaire|Iron Head|p1a: Raging Bolt
|-resisted|p1a: Raging Bolt
|-damage|p1a: Raging Bolt|26/100 tox
|
|-damage|p1a: Raging Bolt|19/100 tox|[from] psn
|upkeep
|turn|20
|
|t:|1769415658
|move|p2a: Baudelaire|Protect|p2a: Baudelaire
|-singleturn|p2a: Baudelaire|Protect
|move|p1a: Raging Bolt|Draco Meteor|p2a: Baudelaire
|-activate|p2a: Baudelaire|move: Protect
|
|-damage|p1a: Raging Bolt|7/100 tox|[from] psn
|upkeep
|turn|21
|-message|Box Scammer forfeited.
|
|win|llachiee
|raw|Box Scammer's rating: 1268 &rarr; <strong>1238</strong><br />(-30 for losing)
|raw|llachiee's rating: 1198 &rarr; <strong>1228</strong><br />(+30 for winning)
|l|☆Box Scammer
|player|p1|
