|j|☆jsnsddk
|j|☆ari5509
|t:|1769321689
|gametype|singles
|player|p1|jsnsddk|2|1605
|player|p2|ari5509|ingo|1689
|gen|9
|tier|[Gen 9] OU
|rated|
|rule|HP Percentage Mod: HP is shown in percentages
|rule|Endless Battle Clause: Forcing endless battles is banned
|rule|Species Clause: Limit one of each Pokémon
|rule|OHKO Clause: OHKO moves are banned
|rule|Evasion Items Clause: Evasion items are banned
|rule|Evasion Moves Clause: Evasion moves are banned
|rule|Evasion Abilities Clause: Evasion abilities are banned
|rule|Sleep Moves Clause: Sleep-inducing moves are banned
|clearpoke
|poke|p1|Dragonite, F|
|poke|p1|Hatterene, F|
|poke|p1|Kingambit, M|
|poke|p1|Iron Crown|
|poke|p1|Crawdaunt, M|
|poke|p1|Manaphy|
|poke|p2|Dragapult, F|
|poke|p2|Alomomola, F|
|poke|p2|Ting-Lu|
|poke|p2|Kyurem|
|poke|p2|Weezing-Galar, F|
|poke|p2|Corviknight, F|
|teampreview
|inactive|Battle timer is ON: inactive players will automatically lose when time's up. (requested by ari5509)
|inactive|jsnsddk also wants the timer to be on.
|
|t:|1769321699
|teamsize|p1|6
|teamsize|p2|6
|start
|switch|p1a: Hatterene|Hatterene, F|100/100
|switch|p2a: Moody Blues|Dragapult, F|100/100
|turn|1
|
|t:|1769321701
|move|p2a: Moody Blues|U-turn|p1a: Hatterene
|-damage|p1a: Hatterene|59/100
|
|t:|1769321705
|switch|p2a: Ting-Lu|Ting-Lu|100/100|[from] U-turn
|-ability|p2a: Ting-Lu|Vessel of Ruin
|move|p1a: Hatterene|Trick Room|p1a: Hatterene
|-fieldstart|move: Trick Room|[of] p1a: Hatterene
|
|upkeep
|turn|2
|
|t:|1769321721
|move|p1a: Hatterene|Dazzling Gleam|p2a: Ting-Lu
|-supereffective|p2a: Ting-Lu
|-damage|p2a: Ting-Lu|64/100
|move|p2a: Ting-Lu|Earthquake|p1a: Hatterene
|-damage|p1a: Hatterene|21/100
|
|-heal|p2a: Ting-Lu|71/100|[from] item: Leftovers
|upkeep
|turn|3
|
|t:|1769321729
|move|p1a: Hatterene|Dazzling Gleam|p2a: Ting-Lu
|-supereffective|p2a: Ting-Lu
|-damage|p2a: Ting-Lu|31/100
|move|p2a: Ting-Lu|Earthquake|p1a: Hatterene
|-damage|p1a: Hatterene|0 fnt
|faint|p1a: Hatterene
|
|-heal|p2a: Ting-Lu|37/100|[from] item: Leftovers
|upkeep
|
|t:|1769321732
|switch|p1a: Crawdaunt|Crawdaunt, M|100/100
|turn|4
|
|t:|1769321740
|switch|p2a: Weezing|Weezing-Galar, F|100/100
|-ability|p2a: Weezing|Neutralizing Gas
|move|p1a: Crawdaunt|Crabhammer|p2a: Weezing
|-damage|p2a: Weezing|49/100
|-damage|p1a: Crawdaunt|90/100|[from] item: Life Orb
|
|-heal|p2a: Weezing|55/100|[from] item: Leftovers
|upkeep
|turn|5
|
|t:|1769321747
|move|p2a: Weezing|Protect|p2a: Weezing
|-singleturn|p2a: Weezing|Protect
|move|p1a: Crawdaunt|Crabhammer|p2a: Weezing
|-activate|p2a: Weezing|move: Protect
|
|-heal|p2a: Weezing|61/100|[from] item: Leftovers
|-fieldend|move: Trick Room
|upkeep
|turn|6
|
|t:|1769321753
|switch|p1a: Iron Crown|Iron Crown|100/100
|move|p2a: Weezing|Will-O-Wisp|p1a: Iron Crown|[miss]
|-miss|p2a: Weezing|p1a: Iron Crown
|
|-heal|p2a: Weezing|67/100|[from] item: Leftovers
|upkeep
|turn|7
|
|t:|1769321762
|-end|p2a: Weezing|ability: Neutralizing Gas
|switch|p2a: Corviknight|Corviknight, F|100/100
|-enditem|p1a: Iron Crown|Booster Energy
|-activate|p1a: Iron Crown|ability: Quark Drive|[fromitem]
|-start|p1a: Iron Crown|quarkdrivespe
|-ability|p2a: Corviknight|Pressure
|move|p1a: Iron Crown|Calm Mind|p1a: Iron Crown
|-boost|p1a: Iron Crown|spa|1
|-boost|p1a: Iron Crown|spd|1
|
|upkeep
|turn|8
|
|t:|1769321769
|move|p1a: Iron Crown|Calm Mind|p1a: Iron Crown
|-boost|p1a: Iron Crown|spa|1
|-boost|p1a: Iron Crown|spd|1
|move|p2a: Corviknight|U-turn|p1a: Iron Crown
|-damage|p1a: Iron Crown|87/100
|
|t:|1769321788
|switch|p2a: Ting-Lu|Ting-Lu|37/100|[from] U-turn
|-ability|p2a: Ting-Lu|Vessel of Ruin
|
|-heal|p2a: Ting-Lu|43/100|[from] item: Leftovers
|upkeep
|turn|9
|
|t:|1769321793
|move|p1a: Iron Crown|Tachyon Cutter|p2a: Ting-Lu
|-damage|p2a: Ting-Lu|25/100
|-damage|p2a: Ting-Lu|5/100
|-hitcount|p2a: Ting-Lu|2
|move|p2a: Ting-Lu|Earthquake|p1a: Iron Crown
|-supereffective|p1a: Iron Crown
|-damage|p1a: Iron Crown|9/100
|
|-heal|p2a: Ting-Lu|11/100|[from] item: Leftovers
|upkeep
|turn|10
|
|t:|1769321803
|move|p1a: Iron Crown|Tachyon Cutter|p2a: Ting-Lu
|-damage|p2a: Ting-Lu|0 fnt
|faint|p2a: Ting-Lu
|-hitcount|p2: Ting-Lu|1
|
|upkeep
|
|t:|1769321811
|switch|p2a: Corviknight|Corviknight, F|100/100
|-ability|p2a: Corviknight|Pressure
|turn|11
|
|t:|1769321815
|-terastallize|p1a: Iron Crown|Fighting
|move|p1a: Iron Crown|Focus Blast|p2a: Corviknight|[miss]
|-miss|p1a: Iron Crown|p2a: Corviknight
|move|p2a: Corviknight|U-turn|p1a: Iron Crown
|-resisted|p1a: Iron Crown
|-damage|p1a: Iron Crown|3/100
|
|t:|1769321821
|switch|p2a: Fogbound Lake|Alomomola, F|100/100|[from] U-turn
|
|upkeep
|turn|12
|
|t:|1769321827
|move|p1a: Iron Crown|Focus Blast|p2a: Fogbound Lake
|-damage|p2a: Fogbound Lake|0 fnt
|faint|p2a: Fogbound Lake
|
|upkeep
|
|t:|1769321833
|switch|p2a: Corviknight|Corviknight, F|100/100
|-ability|p2a: Corviknight|Pressure
|turn|13
|
|t:|1769321836
|move|p1a: Iron Crown|Focus Blast|p2a: Corviknight
|-damage|p2a: Corviknight|21/100
|move|p2a: Corviknight|U-turn|p1a: Iron Crown
|-resisted|p1a: Iron Crown
|-damage|p1a: Iron Crown|0 fnt
|faint|p1a: Iron Crown
|-end|p1a: Iron Crown|Quark Drive|[silent]
|
|t:|1769321843
|switch|p2a: Tiffany BlueStones|Kyurem, shiny|100/100|[from] U-turn
|-ability|p2a: Tiffany BlueStones|Pressure
|
|upkeep
|
|t:|1769321853
|switch|p1a: Kingambit|Kingambit, M|100/100
|-activate|p1a: Kingambit|ability: Supreme Overlord
|-start|p1a: Kingambit|fallen2|[silent]
|turn|14
|
|t:|1769321859
|switch|p2a: Corviknight|Corviknight, F|21/100
|-ability|p2a: Corviknight|Pressure
|move|p1a: Kingambit|Kowtow Cleave|p2a: Corviknight
|-damage|p2a: Corviknight|0 fnt
|faint|p2a: Corviknight
|
|upkeep
|
|t:|1769321861
|switch|p2a: Weezing|Weezing-Galar, F|67/100
|-ability|p2a: Weezing|Neutralizing Gas
|turn|15
|
|t:|1769321864
|-end|p1a: Kingambit|fallen2|[silent]
|switch|p1a: Crawdaunt|Crawdaunt, M|90/100
|move|p2a: Weezing|Will-O-Wisp|p1a: Crawdaunt
|-status|p1a: Crawdaunt|brn
|
|-heal|p2a: Weezing|73/100|[from] item: Leftovers
|-damage|p1a: Crawdaunt|84/100 brn|[from] brn
|upkeep
|turn|16
|
|t:|1769321868
|move|p2a: Weezing|Protect|p2a: Weezing
|-singleturn|p2a: Weezing|Protect
|move|p1a: Crawdaunt|Knock Off|p2a: Weezing
|-activate|p2a: Weezing|move: Protect
|
|-heal|p2a: Weezing|79/100|[from] item: Leftovers
|-damage|p1a: Crawdaunt|78/100 brn|[from] brn
|upkeep
|turn|17
|
|t:|1769321874
|move|p2a: Weezing|Will-O-Wisp|p1a: Crawdaunt
|-fail|p1a: Crawdaunt|brn
|move|p1a: Crawdaunt|Knock Off|p2a: Weezing
|-resisted|p2a: Weezing
|-damage|p2a: Weezing|66/100
|-enditem|p2a: Weezing|Leftovers|[from] move: Knock Off|[of] p1a: Crawdaunt
|-damage|p1a: Crawdaunt|68/100 brn|[from] item: Life Orb
|
|-damage|p1a: Crawdaunt|62/100 brn|[from] brn
|upkeep
|turn|18
|
|t:|1769321878
|move|p2a: Weezing|Protect|p2a: Weezing
|-singleturn|p2a: Weezing|Protect
|move|p1a: Crawdaunt|Crabhammer|p2a: Weezing
|-activate|p2a: Weezing|move: Protect
|
|-damage|p1a: Crawdaunt|56/100 brn|[from] brn
|upkeep
|turn|19
|
|t:|1769321882
|move|p2a: Weezing|Toxic||[still]
|-fail|p2a: Weezing
|move|p1a: Crawdaunt|Crabhammer|p2a: Weezing
|-damage|p2a: Weezing|41/100
|-damage|p1a: Crawdaunt|46/100 brn|[from] item: Life Orb
|
|-damage|p1a: Crawdaunt|40/100 brn|[from] brn
|upkeep
|turn|20
|
|t:|1769321889
|-end|p2a: Weezing|ability: Neutralizing Gas
|switch|p2a: Tiffany BlueStones|Kyurem, shiny|100/100
|-ability|p2a: Tiffany BlueStones|Pressure
|move|p1a: Crawdaunt|Knock Off|p2a: Tiffany BlueStones
|-damage|p2a: Tiffany BlueStones|57/100
|-enditem|p2a: Tiffany BlueStones|Leftovers|[from] move: Knock Off|[of] p1a: Crawdaunt
|-damage|p1a: Crawdaunt|30/100 brn|[from] item: Life Orb
|
|-damage|p1a: Crawdaunt|24/100 brn|[from] brn
|upkeep
|turn|21
|
|t:|1769321897
|move|p2a: Tiffany BlueStones|Freeze-Dry|p1a: Crawdaunt
|-supereffective|p1a: Crawdaunt
|-damage|p1a: Crawdaunt|0 fnt
|faint|p1a: Crawdaunt
|
|upkeep
|
|t:|1769321901
|switch|p1a: Kingambit|Kingambit, M|100/100
|-activate|p1a: Kingambit|ability: Supreme Overlord
|-start|p1a: Kingambit|fallen3|[silent]
|turn|22
|
|t:|1769321904
|move|p2a: Tiffany BlueStones|Earth Power|p1a: Kingambit
|-supereffective|p1a: Kingambit
|-crit|p1a: Kingambit
|-damage|p1a: Kingambit|2/100
|move|p1a: Kingambit|Kowtow Cleave|p2a: Tiffany BlueStones
|-damage|p2a: Tiffany BlueStones|0 fnt
|faint|p2a: Tiffany BlueStones
|
|upkeep
|
|t:|1769321910
|switch|p2a: Moody Blues|Dragapult, F|100/100
|turn|23
|
|t:|1769321912
|move|p1a: Kingambit|Sucker Punch||[still]
|-fail|p1a: Kingambit
|move|p2a: Moody Blues|Will-O-Wisp|p1a: Kingambit
|-status|p1a: Kingambit|brn
|
|-damage|p1a: Kingambit|0 fnt|[from] brn
|faint|p1a: Kingambit
|-end|p1a: Kingambit|fallen3|[silent]
|upkeep
|
|t:|1769321920
|switch|p1a: Manaphy|Manaphy|100/100
|turn|24
|
|t:|1769321932
|switch|p2a: Weezing|Weezing-Galar, F|41/100
|-ability|p2a: Weezing|Neutralizing Gas
|move|p1a: Manaphy|Acid Armor|p1a: Manaphy
|-boost|p1a: Manaphy|def|2
|
|upkeep
|turn|25
|
|t:|1769321938
|move|p1a: Manaphy|Take Heart|p1a: Manaphy
|-boost|p1a: Manaphy|spa|1
|-boost|p1a: Manaphy|spd|1
|move|p2a: Weezing|Toxic|p1a: Manaphy
|-status|p1a: Manaphy|tox
|
|-damage|p1a: Manaphy|94/100 tox|[from] psn
|upkeep
|turn|26
|
|t:|1769321941
|move|p1a: Manaphy|Take Heart|p1a: Manaphy
|-boost|p1a: Manaphy|spa|1
|-boost|p1a: Manaphy|spd|1
|-curestatus|p1a: Manaphy|tox|[msg]
|move|p2a: Weezing|Defog|p1a: Manaphy
|-unboost|p1a: Manaphy|evasion|1
|
|-heal|p1a: Manaphy|100/100|[from] item: Leftovers
|upkeep
|turn|27
|
|t:|1769321944
|move|p1a: Manaphy|Scald|p2a: Weezing
|-damage|p2a: Weezing|0 fnt
|faint|p2a: Weezing
|-end|p2a: Weezing|ability: Neutralizing Gas
|
|upkeep
|
|t:|1769321946
|switch|p2a: Moody Blues|Dragapult, F|100/100
|turn|28
|
|t:|1769321949
|move|p2a: Moody Blues|Dragon Darts|p1a: Manaphy
|-crit|p1a: Manaphy
|-damage|p1a: Manaphy|58/100
|-anim|p2a: Moody Blues|Dragon Darts|p1a: Manaphy
|-damage|p1a: Manaphy|41/100
|move|p1a: Manaphy|Stored Power|p2a: Moody Blues
|-damage|p2a: Moody Blues|0 fnt
|faint|p2a: Moody Blues
|
|win|jsnsddk
|raw|jsnsddk's rating: 1605 &rarr; <strong>1630</strong><br />(+25 for winning)
|raw|ari5509's rating: 1689 &rarr; <strong>1664</strong><br />(-25 for losing)
|l|☆ari5509
|player|p2|
|l|☆jsnsddk
|player|p1|
