|j|☆SAURHEAD and PAIN
|j|☆quoge gaming
|t:|1769295578
|gametype|singles
|player|p1|SAURHEAD and PAIN|byron|1500
|player|p2|quoge gaming|clay|1511
|gen|9
|tier|[Gen 9] OU
|rated|
|rule|HP Percentage Mod: HP is shown in percentages
|rule|Endless Battle Clause: Forcing endless battles is banned
|rule|Species Clause: Limit one of each Pokémon
|rule|OHKO Clause: OHKO moves are banned
|rule|Evasion Items Clause: Evasion items are banned
|rule|Evasion Moves Clause: Evasion moves are banned
|rule|Evasion Abilities Clause: Evasion abilities are banned
|rule|Sleep Moves Clause: Sleep-inducing moves are banned
|clearpoke
|poke|p1|Rillaboom, M|
|poke|p1|Magnezone|
|poke|p1|Hawlucha, F|
|poke|p1|Dragapult, F|
|poke|p1|Keldeo-Resolute|
|poke|p1|Iron Treads|
|poke|p2|Primarina, M|
|poke|p2|Great Tusk|
|poke|p2|Kingambit, M|
|poke|p2|Slowking-Galar, M|
|poke|p2|Ogerpon, F|
|poke|p2|Enamorus, F|
|teampreview
|inactive|Battle timer is ON: inactive players will automatically lose when time's up. (requested by SAURHEAD and PAIN)
|j| Nikator98
|
|t:|1769295599
|teamsize|p1|6
|teamsize|p2|6
|start
|switch|p1a: Rillaboom|Rillaboom, M|100/100
|switch|p2a: Great Tusk|Great Tusk, shiny|100/100
|-fieldstart|move: Grassy Terrain|[from] ability: Grassy Surge|[of] p1a: Rillaboom
|turn|1
|
|t:|1769295612
|-end|p2a: Great Tusk|Protosynthesis|[silent]
|switch|p2a: Slowking|Slowking-Galar, M, shiny|100/100
|move|p1a: Rillaboom|Wood Hammer|p2a: Slowking
|-resisted|p2a: Slowking
|-damage|p2a: Slowking|51/100
|-damage|p1a: Rillaboom|82/100|[from] Recoil
|
|-heal|p1a: Rillaboom|88/100|[from] Grassy Terrain
|-heal|p2a: Slowking|57/100|[from] Grassy Terrain
|upkeep
|turn|2
|
|t:|1769295628
|switch|p1a: Iron Treads|Iron Treads|100/100
|move|p2a: Slowking|Sludge Bomb|p1a: Iron Treads
|-immune|p1a: Iron Treads
|
|-heal|p2a: Slowking|63/100|[from] Grassy Terrain
|upkeep
|turn|3
|
|t:|1769295633
|switch|p2a: Great Tusk|Great Tusk, shiny|100/100
|move|p1a: Iron Treads|Knock Off|p2a: Great Tusk
|-resisted|p2a: Great Tusk
|-damage|p2a: Great Tusk|91/100
|-damage|p1a: Iron Treads|84/100|[from] item: Rocky Helmet|[of] p2a: Great Tusk
|-enditem|p2a: Great Tusk|Rocky Helmet|[from] move: Knock Off|[of] p1a: Iron Treads
|
|-heal|p1a: Iron Treads|90/100|[from] Grassy Terrain
|-heal|p1a: Iron Treads|96/100|[from] item: Leftovers
|-heal|p2a: Great Tusk|97/100|[from] Grassy Terrain
|upkeep
|turn|4
|
|t:|1769295641
|-end|p1a: Iron Treads|Quark Drive|[silent]
|switch|p1a: Keldeo|Keldeo-Resolute|100/100
|move|p2a: Great Tusk|Stealth Rock|p1a: Keldeo
|-sidestart|p1: SAURHEAD and PAIN|move: Stealth Rock
|
|-heal|p2a: Great Tusk|100/100|[from] Grassy Terrain
|upkeep
|turn|5
|
|t:|1769295651
|-end|p2a: Great Tusk|Protosynthesis|[silent]
|switch|p2a: Primarina|Primarina, M, shiny|100/100
|move|p1a: Keldeo|Flip Turn|p2a: Primarina
|-resisted|p2a: Primarina
|-damage|p2a: Primarina|90/100
|
|t:|1769295654
|switch|p1a: Rillaboom|Rillaboom, M|88/100|[from] Flip Turn
|-damage|p1a: Rillaboom|76/100|[from] Stealth Rock
|
|-heal|p1a: Rillaboom|82/100|[from] Grassy Terrain
|-heal|p2a: Primarina|96/100|[from] Grassy Terrain
|-heal|p2a: Primarina|100/100|[from] item: Leftovers
|-fieldend|move: Grassy Terrain
|upkeep
|turn|6
|
|t:|1769295672
|switch|p2a: Slowking|Slowking-Galar, M, shiny|96/100
|move|p1a: Rillaboom|Knock Off|p2a: Slowking
|-supereffective|p2a: Slowking
|-damage|p2a: Slowking|20/100
|-enditem|p2a: Slowking|Assault Vest|[from] move: Knock Off|[of] p1a: Rillaboom
|
|upkeep
|turn|7
|
|t:|1769295681
|switch|p1a: Keldeo|Keldeo-Resolute|100/100
|switch|p2a: Great Tusk|Great Tusk, shiny|100/100
|
|upkeep
|turn|8
|
|t:|1769295688
|-end|p2a: Great Tusk|Protosynthesis|[silent]
|switch|p2a: Primarina|Primarina, M, shiny|100/100
|move|p1a: Keldeo|Hydro Pump|p2a: Primarina
|-resisted|p2a: Primarina
|-damage|p2a: Primarina|74/100
|
|-heal|p2a: Primarina|80/100|[from] item: Leftovers
|upkeep
|turn|9
|
|t:|1769295693
|move|p1a: Keldeo|Flip Turn|p2a: Primarina
|-resisted|p2a: Primarina
|-damage|p2a: Primarina|70/100
|
|t:|1769295694
|switch|p1a: Magnezone|Magnezone|100/100|[from] Flip Turn
|-damage|p1a: Magnezone|94/100|[from] Stealth Rock
|move|p2a: Primarina|Substitute|p2a: Primarina
|-start|p2a: Primarina|Substitute
|-damage|p2a: Primarina|45/100
|
|-heal|p2a: Primarina|51/100|[from] item: Leftovers
|upkeep
|turn|10
|
|t:|1769295699
|move|p2a: Primarina|Psychic Noise|p1a: Magnezone
|-damage|p1a: Magnezone|60/100
|-start|p1a: Magnezone|move: Heal Block
|move|p1a: Magnezone|Thunderbolt|p2a: Primarina
|-supereffective|p2a: Primarina
|-end|p2a: Primarina|Substitute
|
|-heal|p2a: Primarina|57/100|[from] item: Leftovers
|upkeep
|turn|11
|
|t:|1769295708
|move|p2a: Primarina|Substitute|p2a: Primarina
|-start|p2a: Primarina|Substitute
|-damage|p2a: Primarina|32/100
|move|p1a: Magnezone|Flash Cannon|p2a: Primarina
|-end|p2a: Primarina|Substitute
|
|-heal|p2a: Primarina|38/100|[from] item: Leftovers
|-end|p1a: Magnezone|move: Heal Block
|upkeep
|turn|12
|
|t:|1769295717
|switch|p2a: Slowking|Slowking-Galar, M, shiny|53/100
|move|p1a: Magnezone|Flash Cannon|p2a: Slowking
|-damage|p2a: Slowking|19/100
|
|upkeep
|turn|13
|
|t:|1769295723
|switch|p2a: Primarina|Primarina, M, shiny|38/100
|move|p1a: Magnezone|Flash Cannon|p2a: Primarina
|-damage|p2a: Primarina|0 fnt
|faint|p2a: Primarina
|
|upkeep
|
|t:|1769295742
|switch|p2a: Enamorus|Enamorus, F, shiny|100/100
|turn|14
|
|t:|1769295764
|switch|p1a: Iron Treads|Iron Treads|96/100
|-damage|p1a: Iron Treads|93/100|[from] Stealth Rock
|move|p2a: Enamorus|Mystical Fire|p1a: Iron Treads
|-supereffective|p1a: Iron Treads
|-damage|p1a: Iron Treads|29/100
|-unboost|p1a: Iron Treads|spa|1
|
|-heal|p1a: Iron Treads|35/100|[from] item: Leftovers
|upkeep
|turn|15
|
|t:|1769295774
|-end|p1a: Iron Treads|Quark Drive|[silent]
|switch|p1a: Dragapult|Dragapult, F|100/100
|move|p2a: Enamorus|Mystical Fire|p1a: Dragapult
|-resisted|p1a: Dragapult
|-damage|p1a: Dragapult|80/100
|-unboost|p1a: Dragapult|spa|1
|
|upkeep
|turn|16
|
|t:|1769295778
|switch|p2a: Slowking|Slowking-Galar, M, shiny|52/100
|move|p1a: Dragapult|Will-O-Wisp|p2a: Slowking
|-status|p2a: Slowking|brn
|
|-damage|p2a: Slowking|46/100 brn|[from] brn
|upkeep
|turn|17
|
|t:|1769295785
|switch|p2a: Enamorus|Enamorus, F, shiny|100/100
|move|p1a: Dragapult|Hex|p2a: Enamorus
|-damage|p2a: Enamorus|76/100
|
|upkeep
|turn|18
|
|t:|1769295790
|switch|p1a: Iron Treads|Iron Treads|35/100
|-damage|p1a: Iron Treads|32/100|[from] Stealth Rock
|move|p2a: Enamorus|Moonblast|p1a: Iron Treads
|-resisted|p1a: Iron Treads
|-damage|p1a: Iron Treads|0 fnt
|faint|p1a: Iron Treads
|-end|p1a: Iron Treads|Quark Drive|[silent]
|
|upkeep
|
|t:|1769295793
|switch|p1a: Magnezone|Magnezone|60/100
|-damage|p1a: Magnezone|54/100|[from] Stealth Rock
|turn|19
|
|t:|1769295799
|switch|p2a: Slowking|Slowking-Galar, M, shiny|80/100 brn
|move|p1a: Magnezone|Flash Cannon|p2a: Slowking
|-crit|p2a: Slowking
|-damage|p2a: Slowking|27/100 brn
|
|-damage|p2a: Slowking|21/100 brn|[from] brn
|upkeep
|turn|20
|c|☆SAURHEAD and PAIN|sorry
|
|t:|1769295806
|move|p1a: Magnezone|Flash Cannon|p2a: Slowking
|-damage|p2a: Slowking|0 fnt
|faint|p2a: Slowking
|
|upkeep
|
|t:|1769295829
|switch|p2a: Enamorus|Enamorus, F, shiny|76/100
|turn|21
|
|t:|1769295842
|move|p2a: Enamorus|Mystical Fire|p1a: Magnezone
|-supereffective|p1a: Magnezone
|-damage|p1a: Magnezone|9/100
|-unboost|p1a: Magnezone|spa|1
|move|p1a: Magnezone|Flash Cannon|p2a: Enamorus
|-supereffective|p2a: Enamorus
|-damage|p2a: Enamorus|0 fnt
|faint|p2a: Enamorus
|
|upkeep
|
|t:|1769295848
|switch|p2a: Ogerpon|Ogerpon, F|100/100
|turn|22
|
|t:|1769295864
|move|p2a: Ogerpon|U-turn|p1a: Magnezone
|-resisted|p1a: Magnezone
|-damage|p1a: Magnezone|0 fnt
|faint|p1a: Magnezone
|
|t:|1769295867
|switch|p2a: Great Tusk|Great Tusk, shiny|100/100|[from] U-turn
|
|upkeep
|
|t:|1769295870
|switch|p1a: Rillaboom|Rillaboom, M|82/100
|-damage|p1a: Rillaboom|69/100|[from] Stealth Rock
|-fieldstart|move: Grassy Terrain|[from] ability: Grassy Surge|[of] p1a: Rillaboom
|turn|23
|
|t:|1769295874
|move|p2a: Great Tusk|Ice Spinner|p1a: Rillaboom
|-supereffective|p1a: Rillaboom
|-damage|p1a: Rillaboom|11/100
|-fieldend|move: Grassy Terrain
|move|p1a: Rillaboom|Drain Punch|p2a: Great Tusk
|-damage|p2a: Great Tusk|71/100
|-heal|p1a: Rillaboom|27/100|[from] drain|[of] p2a: Great Tusk
|
|upkeep
|turn|24
|
|t:|1769295881
|switch|p1a: Keldeo|Keldeo-Resolute|100/100
|move|p2a: Great Tusk|Ice Spinner|p1a: Keldeo
|-resisted|p1a: Keldeo
|-damage|p1a: Keldeo|85/100
|
|upkeep
|turn|25
|l| Nikator98
|j| Nikator98
|
|t:|1769295890
|move|p1a: Keldeo|Secret Sword|p2a: Great Tusk
|-damage|p2a: Great Tusk|37/100
|move|p2a: Great Tusk|Headlong Rush|p1a: Keldeo
|-damage|p1a: Keldeo|16/100
|-unboost|p2a: Great Tusk|def|1
|-unboost|p2a: Great Tusk|spd|1
|
|upkeep
|turn|26
|
|t:|1769295893
|move|p1a: Keldeo|Secret Sword|p2a: Great Tusk
|-damage|p2a: Great Tusk|0 fnt
|faint|p2a: Great Tusk
|-end|p2a: Great Tusk|Protosynthesis|[silent]
|
|upkeep
|
|t:|1769295900
|switch|p2a: Ogerpon|Ogerpon, F|100/100
|turn|27
|
|t:|1769295907
|move|p1a: Keldeo|Vacuum Wave|p2a: Ogerpon
|-damage|p2a: Ogerpon|76/100
|move|p2a: Ogerpon|Rock Tomb|p1a: Keldeo
|-resisted|p1a: Keldeo
|-damage|p1a: Keldeo|1/100
|-unboost|p1a: Keldeo|spe|1
|
|upkeep
|turn|28
|
|t:|1769295910
|move|p1a: Keldeo|Vacuum Wave|p2a: Ogerpon
|-damage|p2a: Ogerpon|49/100
|move|p2a: Ogerpon|Rock Tomb|p1a: Keldeo
|-resisted|p1a: Keldeo
|-damage|p1a: Keldeo|0 fnt
|faint|p1a: Keldeo
|
|upkeep
|
|t:|1769295914
|switch|p1a: Rillaboom|Rillaboom, M|27/100
|-damage|p1a: Rillaboom|15/100|[from] Stealth Rock
|-fieldstart|move: Grassy Terrain|[from] ability: Grassy Surge|[of] p1a: Rillaboom
|turn|29
|
|t:|1769295938
|switch|p1a: Dragapult|Dragapult, F|80/100
|move|p2a: Ogerpon|Rock Tomb|p1a: Dragapult
|-damage|p1a: Dragapult|40/100
|-unboost|p1a: Dragapult|spe|1
|
|-heal|p2a: Ogerpon|55/100|[from] Grassy Terrain
|-heal|p1a: Dragapult|46/100|[from] Grassy Terrain
|upkeep
|turn|30
|
|t:|1769295947
|move|p2a: Ogerpon|Rock Tomb|p1a: Dragapult
|-damage|p1a: Dragapult|6/100
|-unboost|p1a: Dragapult|spe|1
|move|p1a: Dragapult|Will-O-Wisp|p2a: Ogerpon
|-status|p2a: Ogerpon|brn
|
|-heal|p2a: Ogerpon|61/100 brn|[from] Grassy Terrain
|-heal|p1a: Dragapult|12/100|[from] Grassy Terrain
|-damage|p2a: Ogerpon|55/100 brn|[from] brn
|upkeep
|turn|31
|
|t:|1769295956
|move|p2a: Ogerpon|Rock Tomb|p1a: Dragapult
|-damage|p1a: Dragapult|0 fnt
|faint|p1a: Dragapult
|
|-heal|p2a: Ogerpon|61/100 brn|[from] Grassy Terrain
|-damage|p2a: Ogerpon|55/100 brn|[from] brn
|upkeep
|
|t:|1769295957
|switch|p1a: Hawlucha|Hawlucha, F|100/100
|-damage|p1a: Hawlucha|88/100|[from] Stealth Rock
|-enditem|p1a: Hawlucha|Grassy Seed
|-boost|p1a: Hawlucha|def|1|[from] item: Grassy Seed
|turn|32
|
|t:|1769295964
|move|p1a: Hawlucha|Swords Dance|p1a: Hawlucha
|-boost|p1a: Hawlucha|atk|2
|move|p2a: Ogerpon|Rock Tomb|p1a: Hawlucha
|-damage|p1a: Hawlucha|74/100
|-unboost|p1a: Hawlucha|spe|1
|
|-heal|p2a: Ogerpon|61/100 brn|[from] Grassy Terrain
|-damage|p2a: Ogerpon|55/100 brn|[from] brn
|upkeep
|turn|33
|
|t:|1769295969
|move|p1a: Hawlucha|Swords Dance|p1a: Hawlucha
|-boost|p1a: Hawlucha|atk|2
|move|p2a: Ogerpon|Rock Tomb|p1a: Hawlucha
|-damage|p1a: Hawlucha|60/100
|-unboost|p1a: Hawlucha|spe|1
|
|-heal|p2a: Ogerpon|61/100 brn|[from] Grassy Terrain
|-damage|p2a: Ogerpon|55/100 brn|[from] brn
|-fieldend|move: Grassy Terrain
|upkeep
|turn|34
|
|t:|1769295973
|move|p2a: Ogerpon|Rock Tomb|p1a: Hawlucha
|-damage|p1a: Hawlucha|46/100
|-unboost|p1a: Hawlucha|spe|1
|move|p1a: Hawlucha|Acrobatics|p2a: Ogerpon
|-supereffective|p2a: Ogerpon
|-damage|p2a: Ogerpon|0 fnt
|faint|p2a: Ogerpon
|
|upkeep
|
|t:|1769295980
|switch|p2a: Kingambit|Kingambit, M, shiny|100/100
|-activate|p2a: Kingambit|ability: Supreme Overlord
|-start|p2a: Kingambit|fallen5|[silent]
|turn|35
|
|t:|1769295989
|-terastallize|p1a: Hawlucha|Flying
|-terastallize|p2a: Kingambit|Ghost
|move|p1a: Hawlucha|Acrobatics|p2a: Kingambit
|-damage|p2a: Kingambit|0 fnt
|faint|p2a: Kingambit
|-end|p2a: Kingambit|fallen5|[silent]
|
|win|SAURHEAD and PAIN
|raw|SAURHEAD and PAIN's rating: 1500 &rarr; <strong>1521</strong><br />(+21 for winning)
|raw|quoge gaming's rating: 1511 &rarr; <strong>1490</strong><br />(-21 for losing)
|l|☆quoge gaming
|player|p2|
