|j|‽Exxxn
|j|‽liamsdad
|t:|1769390364
|gametype|singles
|player|p1|Exxxn|2|1569
|player|p2|liamsdad|bruno|1677
|gen|9
|tier|[Gen 9] OU
|rated|
|rule|HP Percentage Mod: HP is shown in percentages
|rule|Endless Battle Clause: Forcing endless battles is banned
|rule|Species Clause: Limit one of each Pokémon
|rule|OHKO Clause: OHKO moves are banned
|rule|Evasion Items Clause: Evasion items are banned
|rule|Evasion Moves Clause: Evasion moves are banned
|rule|Evasion Abilities Clause: Evasion abilities are banned
|rule|Sleep Moves Clause: Sleep-inducing moves are banned
|clearpoke
|poke|p1|Dragapult, M|
|poke|p1|Glimmora, F|
|poke|p1|Dondozo, F|
|poke|p1|Ogerpon-Wellspring, F|
|poke|p1|Gardevoir, M|
|poke|p1|Great Tusk|
|poke|p2|Electrode-Hisui|
|poke|p2|Rillaboom, F|
|poke|p2|Iron Crown|
|poke|p2|Primarina, F|
|poke|p2|Garchomp, M|
|poke|p2|Great Tusk|
|teampreview
|inactive|Battle timer is ON: inactive players will automatically lose when time's up. (requested by liamsdad)
|
|t:|1769390372
|teamsize|p1|6
|teamsize|p2|6
|start
|switch|p1a: Gardevoir|Gardevoir, M, shiny|100/100
|switch|p2a: Rillaboom|Rillaboom, F|100/100
|-fieldstart|move: Grassy Terrain|[from] ability: Grassy Surge|[of] p2a: Rillaboom
|-ability|p1a: Gardevoir|Grassy Surge|Trace|[from] ability: Trace|[of] p2a: Rillaboom
|turn|1
|
|t:|1769390378
|move|p2a: Rillaboom|Swords Dance|p2a: Rillaboom
|-boost|p2a: Rillaboom|atk|2
|move|p1a: Gardevoir|Mystical Fire|p2a: Rillaboom
|-supereffective|p2a: Rillaboom
|-damage|p2a: Rillaboom|31/100
|-unboost|p2a: Rillaboom|spa|1
|
|-heal|p2a: Rillaboom|37/100|[from] Grassy Terrain
|upkeep
|turn|2
|
|t:|1769390384
|move|p2a: Rillaboom|Grassy Glide|p1a: Gardevoir
|-damage|p1a: Gardevoir|16/100
|move|p1a: Gardevoir|Mystical Fire|p2a: Rillaboom
|-supereffective|p2a: Rillaboom
|-damage|p2a: Rillaboom|0 fnt
|faint|p2a: Rillaboom
|
|-heal|p1a: Gardevoir|22/100|[from] Grassy Terrain
|upkeep
|
|t:|1769390388
|switch|p2a: Electrode|Electrode-Hisui|100/100
|turn|3
|inactive|Exxxn has 120 seconds left.
|
|t:|1769390423
|switch|p1a: Dragapult|Dragapult, M|100/100
|move|p2a: Electrode|Volt Switch|p1a: Dragapult
|-resisted|p1a: Dragapult
|-damage|p1a: Dragapult|79/100
|
|t:|1769390443
|switch|p2a: Primarina|Primarina, F|100/100|[from] Volt Switch
|
|-heal|p1a: Dragapult|85/100|[from] Grassy Terrain
|upkeep
|turn|4
|inactive|Exxxn has 120 seconds left.
|
|t:|1769390457
|switch|p1a: Gardevoir|Gardevoir, M, shiny|22/100
|-ability|p1a: Gardevoir|Liquid Voice|Trace|[from] ability: Trace|[of] p2a: Primarina
|move|p2a: Primarina|Calm Mind|p2a: Primarina
|-boost|p2a: Primarina|spa|1
|-boost|p2a: Primarina|spd|1
|
|-heal|p1a: Gardevoir|28/100|[from] Grassy Terrain
|upkeep
|turn|5
|
|t:|1769390462
|move|p1a: Gardevoir|Psyshock|p2a: Primarina
|-damage|p2a: Primarina|52/100
|move|p2a: Primarina|Draining Kiss|p1a: Gardevoir
|-damage|p1a: Gardevoir|2/100
|-heal|p2a: Primarina|74/100|[from] drain|[of] p1a: Gardevoir
|
|-heal|p1a: Gardevoir|8/100|[from] Grassy Terrain
|-heal|p2a: Primarina|80/100|[from] Grassy Terrain
|upkeep
|turn|6
|
|t:|1769390466
|move|p1a: Gardevoir|Psyshock|p2a: Primarina
|-damage|p2a: Primarina|33/100
|move|p2a: Primarina|Draining Kiss|p1a: Gardevoir
|-damage|p1a: Gardevoir|0 fnt
|-heal|p2a: Primarina|40/100|[from] drain|[of] p1a: Gardevoir
|faint|p1a: Gardevoir
|
|-heal|p2a: Primarina|46/100|[from] Grassy Terrain
|upkeep
|
|t:|1769390469
|switch|p1a: Ogerpon|Ogerpon-Wellspring, F|100/100
|turn|7
|
|t:|1769390473
|-terastallize|p2a: Primarina|Steel
|move|p1a: Ogerpon|Horn Leech|p2a: Primarina
|-resisted|p2a: Primarina
|-damage|p2a: Primarina|13/100
|move|p2a: Primarina|Draining Kiss|p1a: Ogerpon
|-damage|p1a: Ogerpon|52/100
|-heal|p2a: Primarina|56/100|[from] drain|[of] p1a: Ogerpon
|
|-heal|p1a: Ogerpon|59/100|[from] Grassy Terrain
|-heal|p2a: Primarina|62/100|[from] Grassy Terrain
|upkeep
|turn|8
|
|t:|1769390482
|move|p1a: Ogerpon|Ivy Cudgel|p2a: Primarina|[anim] Ivy Cudgel Water
|-damage|p2a: Primarina|0 fnt
|faint|p2a: Primarina
|
|-heal|p1a: Ogerpon|65/100|[from] Grassy Terrain
|-fieldend|move: Grassy Terrain
|upkeep
|
|t:|1769390487
|switch|p2a: Electrode|Electrode-Hisui|100/100
|turn|9
|
|t:|1769390498
|switch|p1a: Dragapult|Dragapult, M|85/100
|move|p2a: Electrode|Substitute|p2a: Electrode
|-start|p2a: Electrode|Substitute
|-damage|p2a: Electrode|76/100
|
|upkeep
|turn|10
|
|t:|1769390503
|move|p2a: Electrode|Leech Seed|p1a: Dragapult
|-start|p1a: Dragapult|move: Leech Seed
|move|p1a: Dragapult|Dragon Darts|p2a: Electrode
|-end|p2a: Electrode|Substitute
|-anim|p1a: Dragapult|Dragon Darts|p2a: Electrode
|-damage|p2a: Electrode|18/100
|-damage|p1a: Dragapult|75/100|[from] item: Life Orb
|
|-damage|p1a: Dragapult|63/100|[from] Leech Seed|[of] p2a: Electrode
|-heal|p2a: Electrode|33/100|[silent]
|upkeep
|turn|11
|
|t:|1769390512
|move|p2a: Electrode|Substitute|p2a: Electrode
|-start|p2a: Electrode|Substitute
|-damage|p2a: Electrode|8/100
|move|p1a: Dragapult|Dragon Darts|p2a: Electrode
|-end|p2a: Electrode|Substitute
|-anim|p1a: Dragapult|Dragon Darts|p2a: Electrode
|-damage|p2a: Electrode|0 fnt
|faint|p2a: Electrode
|-damage|p1a: Dragapult|53/100|[from] item: Life Orb
|
|upkeep
|
|t:|1769390524
|switch|p2a: Great Tusk|Great Tusk|100/100
|-enditem|p2a: Great Tusk|Booster Energy
|-activate|p2a: Great Tusk|ability: Protosynthesis|[fromitem]
|-start|p2a: Great Tusk|protosynthesisatk
|turn|12
|
|t:|1769390539
|move|p1a: Dragapult|Will-O-Wisp|p2a: Great Tusk
|-status|p2a: Great Tusk|brn
|move|p2a: Great Tusk|Rapid Spin|p1a: Dragapult
|-immune|p1a: Dragapult
|
|-damage|p1a: Dragapult|41/100|[from] Leech Seed|[of] p2a: Great Tusk
|-damage|p2a: Great Tusk|94/100 brn|[from] brn
|upkeep
|turn|13
|
|t:|1769390544
|switch|p1a: Ogerpon|Ogerpon-Wellspring, F|65/100
|move|p2a: Great Tusk|Ice Spinner|p1a: Ogerpon
|-damage|p1a: Ogerpon|49/100
|
|-damage|p2a: Great Tusk|88/100 brn|[from] brn
|upkeep
|turn|14
|
|t:|1769390567
|move|p2a: Great Tusk|Rapid Spin|p1a: Ogerpon
|-damage|p1a: Ogerpon|39/100
|-boost|p2a: Great Tusk|spe|1
|move|p1a: Ogerpon|Horn Leech|p2a: Great Tusk
|-supereffective|p2a: Great Tusk
|-damage|p2a: Great Tusk|21/100 brn
|-heal|p1a: Ogerpon|77/100|[from] drain|[of] p2a: Great Tusk
|
|-damage|p2a: Great Tusk|15/100 brn|[from] brn
|upkeep
|turn|15
|
|t:|1769390573
|move|p2a: Great Tusk|Ice Spinner|p1a: Ogerpon
|-damage|p1a: Ogerpon|62/100
|move|p1a: Ogerpon|Horn Leech|p2a: Great Tusk
|-supereffective|p2a: Great Tusk
|-damage|p2a: Great Tusk|0 fnt
|-heal|p1a: Ogerpon|70/100|[from] drain|[of] p2a: Great Tusk
|faint|p2a: Great Tusk
|-end|p2a: Great Tusk|Protosynthesis|[silent]
|
|upkeep
|
|t:|1769390575
|switch|p2a: Iron Crown|Iron Crown|100/100
|-enditem|p2a: Iron Crown|Booster Energy
|-activate|p2a: Iron Crown|ability: Quark Drive|[fromitem]
|-start|p2a: Iron Crown|quarkdrivespe
|turn|16
|
|t:|1769390599
|move|p2a: Iron Crown|Calm Mind|p2a: Iron Crown
|-boost|p2a: Iron Crown|spa|1
|-boost|p2a: Iron Crown|spd|1
|move|p1a: Ogerpon|Ivy Cudgel|p2a: Iron Crown|[anim] Ivy Cudgel Water
|-damage|p2a: Iron Crown|46/100
|
|upkeep
|turn|17
|
|t:|1769390603
|-terastallize|p1a: Ogerpon|Water
|detailschange|p1a: Ogerpon|Ogerpon-Wellspring-Tera, F, tera:Water
|-ability|p1a: Ogerpon|Embody Aspect (Wellspring)|boost
|-boost|p1a: Ogerpon|spd|1
|move|p2a: Iron Crown|Psyshock|p1a: Ogerpon
|-damage|p1a: Ogerpon|19/100
|move|p1a: Ogerpon|Ivy Cudgel|p2a: Iron Crown|[anim] Ivy Cudgel Water
|-damage|p2a: Iron Crown|0 fnt
|faint|p2a: Iron Crown
|-end|p2a: Iron Crown|Quark Drive|[silent]
|
|upkeep
|
|t:|1769390606
|switch|p2a: Garchomp|Garchomp, M|100/100
|turn|18
|
|t:|1769390610
|move|p2a: Garchomp|Spikes|p1a: Ogerpon
|-sidestart|p1: Exxxn|Spikes
|move|p1a: Ogerpon|Ivy Cudgel|p2a: Garchomp|[anim] Ivy Cudgel Water
|-damage|p2a: Garchomp|20/100
|
|upkeep
|turn|19
|
|t:|1769390614
|move|p2a: Garchomp|Poison Jab|p1a: Ogerpon
|-damage|p1a: Ogerpon|0 fnt
|faint|p1a: Ogerpon
|detailschange|p1: Ogerpon|Ogerpon-Wellspring, F|[silent]
|
|upkeep
|
|t:|1769390620
|switch|p1a: Dragapult|Dragapult, M|41/100
|-damage|p1a: Dragapult|28/100|[from] Spikes
|turn|20
|
|t:|1769390623
|move|p1a: Dragapult|Dragon Darts|p2a: Garchomp
|-supereffective|p2a: Garchomp
|-damage|p2a: Garchomp|0 fnt
|faint|p2a: Garchomp
|-damage|p1a: Dragapult|18/100|[from] item: Life Orb
|
|win|Exxxn
|raw|Exxxn's rating: 1569 &rarr; <strong>1595</strong><br />(+26 for winning)
|raw|liamsdad's rating: 1677 &rarr; <strong>1651</strong><br />(-26 for losing)
|l|‽liamsdad
|player|p2|
|l|‽Exxxn
|player|p1|
