|j|☆justraffe
|j|☆Ohioimpressed
|t:|1769363761
|gametype|singles
|player|p1|justraffe|elesa-masters3|1529
|player|p2|Ohioimpressed|cynthia-gen4|1553
|gen|9
|tier|[Gen 9] OU
|rated|
|rule|HP Percentage Mod: HP is shown in percentages
|rule|Endless Battle Clause: Forcing endless battles is banned
|rule|Species Clause: Limit one of each Pokémon
|rule|OHKO Clause: OHKO moves are banned
|rule|Evasion Items Clause: Evasion items are banned
|rule|Evasion Moves Clause: Evasion moves are banned
|rule|Evasion Abilities Clause: Evasion abilities are banned
|rule|Sleep Moves Clause: Sleep-inducing moves are banned
|clearpoke
|poke|p1|Charjabug, F|
|poke|p1|Rotom|
|poke|p1|Quaquaval, F|
|poke|p1|Glimmora, F|
|poke|p1|Ogerpon, F|
|poke|p1|Iron Valiant|
|poke|p2|Metagross|
|poke|p2|Garchomp, M|
|poke|p2|Great Tusk|
|poke|p2|Zoroark-Hisui, M|
|poke|p2|Primarina, F|
|poke|p2|Samurott-Hisui, F|
|teampreview
|inactive|Battle timer is ON: inactive players will automatically lose when time's up. (requested by justraffe)
|
|t:|1769363770
|teamsize|p1|6
|teamsize|p2|6
|start
|switch|p1a: god of death|Charjabug, F|100/100
|switch|p2a: Garchomp|Garchomp, M|100/100
|turn|1
|
|t:|1769363774
|move|p2a: Garchomp|Swords Dance|p2a: Garchomp
|-boost|p2a: Garchomp|atk|2
|move|p1a: god of death|Sticky Web|p2a: Garchomp
|-sidestart|p2: Ohioimpressed|move: Sticky Web
|
|upkeep
|turn|2
|
|t:|1769363778
|move|p2a: Garchomp|Scale Shot|p1a: god of death
|-damage|p1a: god of death|81/100
|-crit|p1a: god of death
|-damage|p1a: god of death|51/100
|-damage|p1a: god of death|33/100
|-damage|p1a: god of death|16/100
|-hitcount|p1a: god of death|4
|-unboost|p2a: Garchomp|def|1
|-boost|p2a: Garchomp|spe|1
|move|p1a: god of death|Lunge|p2a: Garchomp
|-damage|p2a: Garchomp|62/100
|-unboost|p2a: Garchomp|atk|1
|-damage|p1a: god of death|3/100|[from] ability: Rough Skin|[of] p2a: Garchomp
|
|upkeep
|turn|3
|
|t:|1769363787
|move|p2a: Garchomp|Earthquake|p1a: god of death
|-crit|p1a: god of death
|-damage|p1a: god of death|0 fnt
|faint|p1a: god of death
|
|upkeep
|inactive|justraffe has 120 seconds left.
|
|t:|1769363817
|switch|p1a: flungus|Rotom|100/100
|turn|4
|
|t:|1769363839
|move|p2a: Garchomp|Scale Shot|p1a: flungus
|-damage|p1a: flungus|68/100
|-damage|p1a: flungus|31/100
|-damage|p1a: flungus|0 fnt
|faint|p1a: flungus
|-hitcount|p1: flungus|3
|-unboost|p2a: Garchomp|def|1
|-boost|p2a: Garchomp|spe|1
|
|upkeep
|
|t:|1769363847
|switch|p1a: dungus|Quaquaval, F|100/100
|turn|5
|
|t:|1769363854
|move|p2a: Garchomp|Scale Shot|p1a: dungus
|-damage|p1a: dungus|75/100
|-damage|p1a: dungus|49/100
|-damage|p1a: dungus|22/100
|-damage|p1a: dungus|0 fnt
|faint|p1a: dungus
|-hitcount|p1: dungus|4
|-unboost|p2a: Garchomp|def|1
|-boost|p2a: Garchomp|spe|1
|
|upkeep
|
|t:|1769363864
|switch|p1a: olungus|Ogerpon, F|100/100
|turn|6
|
|t:|1769363873
|-terastallize|p1a: olungus|Grass
|detailschange|p1a: olungus|Ogerpon-Teal-Tera, F, tera:Grass
|-ability|p1a: olungus|Embody Aspect (Teal)|boost
|-boost|p1a: olungus|spe|1
|move|p2a: Garchomp|Scale Shot|p1a: olungus
|-damage|p1a: olungus|73/100
|-damage|p1a: olungus|49/100
|-damage|p1a: olungus|25/100
|-damage|p1a: olungus|1/100
|-damage|p1a: olungus|0 fnt
|faint|p1a: olungus
|detailschange|p1: olungus|Ogerpon, F|[silent]
|-hitcount|p1: olungus|5
|-unboost|p2a: Garchomp|def|1
|-boost|p2a: Garchomp|spe|1
|
|upkeep
|
|t:|1769363886
|switch|p1a: vungus|Iron Valiant|100/100
|-enditem|p1a: vungus|Booster Energy
|-activate|p1a: vungus|ability: Quark Drive|[fromitem]
|-start|p1a: vungus|quarkdrivespa
|turn|7
|
|t:|1769363890
|move|p2a: Garchomp|Earthquake|p1a: vungus
|-damage|p1a: vungus|0 fnt
|faint|p1a: vungus
|-end|p1a: vungus|Quark Drive|[silent]
|
|upkeep
|
|t:|1769363895
|switch|p1a: rungus|Glimmora, F|100/100
|turn|8
|
|t:|1769363897
|move|p2a: Garchomp|Earthquake|p1a: rungus
|-supereffective|p1a: rungus
|-damage|p1a: rungus|0 fnt
|-activate|p1a: rungus|ability: Toxic Debris
|-sidestart|p2: Ohioimpressed|move: Toxic Spikes
|faint|p1a: rungus
|
|win|Ohioimpressed
|raw|justraffe's rating: 1529 &rarr; <strong>1510</strong><br />(-19 for losing)
|raw|Ohioimpressed's rating: 1553 &rarr; <strong>1572</strong><br />(+19 for winning)
|l|☆justraffe
|player|p1|
|l|☆Ohioimpressed
|player|p2|
