|j|☆FieryLeoN
|j|☆adobo809
|t:|1769320410
|gametype|singles
|player|p1|FieryLeoN|2|1115
|player|p2|adobo809|juan|1092
|gen|9
|tier|[Gen 9] OU
|rated|
|rule|HP Percentage Mod: HP is shown in percentages
|rule|Endless Battle Clause: Forcing endless battles is banned
|rule|Species Clause: Limit one of each Pokémon
|rule|OHKO Clause: OHKO moves are banned
|rule|Evasion Items Clause: Evasion items are banned
|rule|Evasion Moves Clause: Evasion moves are banned
|rule|Evasion Abilities Clause: Evasion abilities are banned
|rule|Sleep Moves Clause: Sleep-inducing moves are banned
|clearpoke
|poke|p1|Dragonite, M|
|poke|p1|Zamazenta-*|
|poke|p1|Gholdengo|
|poke|p1|Great Tusk|
|poke|p1|Kingambit, M|
|poke|p1|Ogerpon-Wellspring, F|
|poke|p2|Ambipom, F|
|poke|p2|Glimmora, M|
|poke|p2|Heatran, F|
|poke|p2|Ogerpon-Wellspring, F|
|poke|p2|Hatterene, F|
|poke|p2|Dragapult, F|
|teampreview
|inactive|Battle timer is ON: inactive players will automatically lose when time's up. (requested by FieryLeoN)
|
|t:|1769320416
|teamsize|p1|6
|teamsize|p2|6
|start
|switch|p1a: Ogerpon|Ogerpon-Wellspring, F|100/100
|switch|p2a: Glimmora|Glimmora, M|100/100
|turn|1
|
|t:|1769320426
|switch|p1a: Great Tusk|Great Tusk|100/100
|-enditem|p1a: Great Tusk|Booster Energy
|-activate|p1a: Great Tusk|ability: Protosynthesis|[fromitem]
|-start|p1a: Great Tusk|protosynthesisatk
|move|p2a: Glimmora|Mortal Spin|p1a: Great Tusk
|-resisted|p1a: Great Tusk
|-damage|p1a: Great Tusk|97/100
|-status|p1a: Great Tusk|psn
|
|-damage|p1a: Great Tusk|85/100 psn|[from] psn
|upkeep
|turn|2
|
|t:|1769320438
|move|p2a: Glimmora|Spiky Shield|p2a: Glimmora
|-singleturn|p2a: Glimmora|move: Protect
|move|p1a: Great Tusk|Rapid Spin|p2a: Glimmora
|-activate|p2a: Glimmora|move: Protect
|-damage|p1a: Great Tusk|72/100 psn|[from] Spiky Shield|[of] p2a: Glimmora
|
|-damage|p1a: Great Tusk|60/100 psn|[from] psn
|upkeep
|turn|3
|
|t:|1769320450
|switch|p2a: Dragapult|Dragapult, F|100/100
|move|p1a: Great Tusk|Ice Spinner|p2a: Dragapult
|-supereffective|p2a: Dragapult
|-damage|p2a: Dragapult|3/100
|
|-damage|p1a: Great Tusk|48/100 psn|[from] psn
|upkeep
|turn|4
|
|t:|1769320460
|move|p2a: Dragapult|Phantom Force||[still]
|-prepare|p2a: Dragapult|Phantom Force
|move|p1a: Great Tusk|Ice Spinner|p2a: Dragapult|[miss]
|-miss|p1a: Great Tusk|p2a: Dragapult
|
|-damage|p1a: Great Tusk|35/100 psn|[from] psn
|upkeep
|turn|5
|
|t:|1769320475
|-end|p1a: Great Tusk|Protosynthesis|[silent]
|switch|p1a: Kingambit|Kingambit, M|100/100
|-item|p1a: Kingambit|Air Balloon
|move|p2a: Dragapult|Phantom Force|p1a: Kingambit|[from] lockedmove
|-resisted|p1a: Kingambit
|-damage|p1a: Kingambit|82/100
|-enditem|p1a: Kingambit|Air Balloon
|
|upkeep
|turn|6
|
|t:|1769320489
|switch|p2a: Glimmora|Glimmora, M|100/100
|move|p1a: Kingambit|Swords Dance|p1a: Kingambit
|-boost|p1a: Kingambit|atk|2
|
|upkeep
|turn|7
|
|t:|1769320497
|move|p2a: Glimmora|Spikes|p1a: Kingambit
|-sidestart|p1: FieryLeoN|Spikes
|move|p1a: Kingambit|Iron Head|p2a: Glimmora
|-supereffective|p2a: Glimmora
|-enditem|p2a: Glimmora|Focus Sash
|-damage|p2a: Glimmora|1/100
|-activate|p2a: Glimmora|ability: Toxic Debris
|-sidestart|p1: FieryLeoN|move: Toxic Spikes
|
|upkeep
|turn|8
|
|t:|1769320508
|move|p2a: Glimmora|Spiky Shield|p2a: Glimmora
|-singleturn|p2a: Glimmora|move: Protect
|move|p1a: Kingambit|Swords Dance|p1a: Kingambit
|-boost|p1a: Kingambit|atk|2
|
|upkeep
|turn|9
|
|t:|1769320517
|move|p2a: Glimmora|Spikes|p1a: Kingambit
|-sidestart|p1: FieryLeoN|Spikes
|move|p1a: Kingambit|Iron Head|p2a: Glimmora
|-supereffective|p2a: Glimmora
|-damage|p2a: Glimmora|0 fnt
|-activate|p2a: Glimmora|ability: Toxic Debris
|-sidestart|p1: FieryLeoN|move: Toxic Spikes
|faint|p2a: Glimmora
|
|upkeep
|
|t:|1769320533
|switch|p2a: Heatran|Heatran, F|100/100
|-item|p2a: Heatran|Air Balloon
|turn|10
|
|t:|1769320548
|-terastallize|p2a: Heatran|Grass
|move|p1a: Kingambit|Sucker Punch|p2a: Heatran
|-damage|p2a: Heatran|0 fnt
|-enditem|p2a: Heatran|Air Balloon
|faint|p2a: Heatran
|
|upkeep
|
|t:|1769320569
|switch|p2a: Dragapult|Dragapult, F|3/100
|turn|11
|
|t:|1769320574
|move|p2a: Dragapult|Dragon Darts|p1a: Kingambit
|-resisted|p1a: Kingambit
|-damage|p1a: Kingambit|72/100
|-anim|p2a: Dragapult|Dragon Darts|p1a: Kingambit
|-resisted|p1a: Kingambit
|-damage|p1a: Kingambit|61/100
|move|p1a: Kingambit|Swords Dance|p1a: Kingambit
|-boost|p1a: Kingambit|atk|2
|
|upkeep
|turn|12
|
|t:|1769320583
|move|p1a: Kingambit|Sucker Punch|p2a: Dragapult
|-supereffective|p2a: Dragapult
|-damage|p2a: Dragapult|0 fnt
|faint|p2a: Dragapult
|
|upkeep
|
|t:|1769320586
|switch|p2a: Ambipom|Ambipom, F, shiny|100/100
|turn|13
|
|t:|1769320596
|move|p2a: Ambipom|Fake Out|p1a: Kingambit
|-resisted|p1a: Kingambit
|-damage|p1a: Kingambit|46/100
|-damage|p2a: Ambipom|91/100|[from] item: Life Orb
|cant|p1a: Kingambit|flinch
|
|upkeep
|turn|14
|
|t:|1769320606
|move|p1a: Kingambit|Sucker Punch|p2a: Ambipom
|-damage|p2a: Ambipom|0 fnt
|faint|p2a: Ambipom
|
|upkeep
|c|☆adobo809|Bet you're so proud
|c|☆adobo809|Fkn loser
|-message|adobo809 forfeited.
|
|win|FieryLeoN
|raw|FieryLeoN's rating: 1115 &rarr; <strong>1138</strong><br />(+23 for winning)
|raw|adobo809's rating: 1092 &rarr; <strong>1070</strong><br />(-22 for losing)
|l|☆adobo809
|player|p2|
|l|☆FieryLeoN
|player|p1|
