|j|☆Supersayan999
|j|☆EleaRosea
|t:|1769303203
|gametype|singles
|player|p1|Supersayan999|palmer|1503
|player|p2|EleaRosea|harmony|1435
|gen|9
|tier|[Gen 9] OU
|rated|
|rule|HP Percentage Mod: HP is shown in percentages
|rule|Endless Battle Clause: Forcing endless battles is banned
|rule|Species Clause: Limit one of each Pokémon
|rule|OHKO Clause: OHKO moves are banned
|rule|Evasion Items Clause: Evasion items are banned
|rule|Evasion Moves Clause: Evasion moves are banned
|rule|Evasion Abilities Clause: Evasion abilities are banned
|rule|Sleep Moves Clause: Sleep-inducing moves are banned
|clearpoke
|poke|p1|Darkrai|
|poke|p1|Zamazenta-*|
|poke|p1|Gliscor, M|
|poke|p1|Kyurem|
|poke|p1|Corviknight, F|
|poke|p1|Toxapex, M|
|poke|p2|Great Tusk|
|poke|p2|Heatran, F|
|poke|p2|Weavile, F|
|poke|p2|Primarina, F|
|poke|p2|Ogerpon, F|
|poke|p2|Pecharunt|
|teampreview
|
|t:|1769303223
|teamsize|p1|6
|teamsize|p2|6
|start
|switch|p1a: Kyurem|Kyurem|100/100
|switch|p2a: Chaos|Heatran, F, shiny|100/100
|-ability|p1a: Kyurem|Pressure
|-item|p2a: Chaos|Air Balloon
|turn|1
|
|t:|1769303234
|switch|p1a: Toxapex|Toxapex, M|100/100
|move|p2a: Chaos|Magma Storm|p1a: Toxapex
|-resisted|p1a: Toxapex
|-damage|p1a: Toxapex|88/100
|-activate|p1a: Toxapex|move: Magma Storm|[of] p2a: Chaos
|
|-damage|p1a: Toxapex|75/100|[from] move: Magma Storm|[partiallytrapped]
|upkeep
|turn|2
|
|t:|1769303264
|move|p2a: Chaos|Earth Power|p1a: Toxapex
|-supereffective|p1a: Toxapex
|-damage|p1a: Toxapex|45/100
|move|p1a: Toxapex|Liquidation|p2a: Chaos
|-supereffective|p2a: Chaos
|-crit|p2a: Chaos
|-damage|p2a: Chaos|24/100
|-enditem|p2a: Chaos|Air Balloon
|
|-damage|p1a: Toxapex|32/100|[from] move: Magma Storm|[partiallytrapped]
|upkeep
|turn|3
|
|t:|1769303275
|move|p2a: Chaos|Earth Power|p1a: Toxapex
|-supereffective|p1a: Toxapex
|-damage|p1a: Toxapex|0 fnt
|faint|p1a: Toxapex
|
|upkeep
|
|t:|1769303285
|switch|p1a: Darkrai|Darkrai|100/100
|turn|4
|
|t:|1769303308
|switch|p2a: Celestine|Primarina, F, shiny|100/100
|move|p1a: Darkrai|Dark Pulse|p2a: Celestine
|-resisted|p2a: Celestine
|-damage|p2a: Celestine|83/100
|
|upkeep
|turn|5
|
|t:|1769303321
|switch|p1a: Zamazenta|Zamazenta|100/100
|-ability|p1a: Zamazenta|Dauntless Shield|boost
|-boost|p1a: Zamazenta|def|1
|move|p2a: Celestine|Flip Turn|p1a: Zamazenta
|-damage|p1a: Zamazenta|93/100
|
|t:|1769303327
|switch|p2a: Overseer|Pecharunt|100/100|[from] Flip Turn
|
|-heal|p1a: Zamazenta|99/100|[from] item: Leftovers
|upkeep
|turn|6
|
|t:|1769303337
|switch|p1a: Gliscor|Gliscor, M|100/100
|move|p2a: Overseer|Shadow Ball|p1a: Gliscor
|-damage|p1a: Gliscor|69/100
|
|-status|p1a: Gliscor|tox|[from] item: Toxic Orb
|upkeep
|turn|7
|
|t:|1769303348
|move|p1a: Gliscor|Earthquake|p2a: Overseer
|-supereffective|p2a: Overseer
|-damage|p2a: Overseer|69/100
|move|p2a: Overseer|Parting Shot|p1a: Gliscor
|-unboost|p1a: Gliscor|atk|1
|-unboost|p1a: Gliscor|spa|1
|
|t:|1769303356
|switch|p2a: Bandit|Weavile, F, shiny|100/100|[from] Parting Shot
|-ability|p2a: Bandit|Pressure
|
|-heal|p1a: Gliscor|82/100 tox|[from] ability: Poison Heal
|upkeep
|turn|8
|
|t:|1769303364
|move|p1a: Gliscor|Protect|p1a: Gliscor
|-singleturn|p1a: Gliscor|Protect
|move|p2a: Bandit|Triple Axel|p1a: Gliscor
|-activate|p1a: Gliscor|move: Protect
|
|-heal|p1a: Gliscor|94/100 tox|[from] ability: Poison Heal
|upkeep
|turn|9
|inactive|Battle timer is ON: inactive players will automatically lose when time's up. (requested by EleaRosea)
|
|t:|1769303373
|switch|p1a: Corviknight|Corviknight, F|100/100
|-ability|p1a: Corviknight|Pressure
|move|p2a: Bandit|Triple Axel|p1a: Corviknight
|-damage|p1a: Corviknight|91/100
|-damage|p2a: Bandit|84/100|[from] item: Rocky Helmet|[of] p1a: Corviknight
|-damage|p1a: Corviknight|73/100
|-damage|p2a: Bandit|68/100|[from] item: Rocky Helmet|[of] p1a: Corviknight
|-damage|p1a: Corviknight|44/100
|-damage|p2a: Bandit|51/100|[from] item: Rocky Helmet|[of] p1a: Corviknight
|-hitcount|p1a: Corviknight|3
|
|upkeep
|turn|10
|
|t:|1769303393
|move|p2a: Bandit|Triple Axel|p1a: Corviknight
|-damage|p1a: Corviknight|36/100
|-damage|p2a: Bandit|35/100|[from] item: Rocky Helmet|[of] p1a: Corviknight
|-damage|p1a: Corviknight|19/100
|-damage|p2a: Bandit|19/100|[from] item: Rocky Helmet|[of] p1a: Corviknight
|-damage|p1a: Corviknight|0 fnt
|-damage|p2a: Bandit|2/100|[from] item: Rocky Helmet|[of] p1a: Corviknight
|faint|p1a: Corviknight
|-hitcount|p1: Corviknight|3
|
|upkeep
|
|t:|1769303404
|switch|p1a: Zamazenta|Zamazenta|99/100
|turn|11
|
|t:|1769303408
|switch|p2a: Overseer|Pecharunt|69/100
|move|p1a: Zamazenta|Crunch|p2a: Overseer
|-supereffective|p2a: Overseer
|-damage|p2a: Overseer|49/100
|-damage|p1a: Zamazenta|82/100|[from] item: Rocky Helmet|[of] p2a: Overseer
|
|-heal|p1a: Zamazenta|89/100|[from] item: Leftovers
|upkeep
|turn|12
|
|t:|1769303418
|switch|p1a: Gliscor|Gliscor, M|94/100 tox
|move|p2a: Overseer|Recover|p2a: Overseer
|-heal|p2a: Overseer|99/100
|
|-heal|p1a: Gliscor|100/100 tox|[from] ability: Poison Heal
|upkeep
|turn|13
|
|t:|1769303427
|move|p1a: Gliscor|Stealth Rock|p2a: Overseer
|-sidestart|p2: EleaRosea|move: Stealth Rock
|move|p2a: Overseer|Parting Shot|p1a: Gliscor
|-unboost|p1a: Gliscor|atk|1
|-unboost|p1a: Gliscor|spa|1
|
|t:|1769303443
|switch|p2a: Behemoth|Great Tusk, shiny|100/100|[from] Parting Shot
|
|upkeep
|turn|14
|
|t:|1769303448
|move|p2a: Behemoth|Rapid Spin|p1a: Gliscor
|-damage|p1a: Gliscor|89/100 tox
|-boost|p2a: Behemoth|spe|1
|-sideend|p2: EleaRosea|Stealth Rock|[from] move: Rapid Spin|[of] p2a: Behemoth
|move|p1a: Gliscor|Toxic|p2a: Behemoth
|-status|p2a: Behemoth|tox
|
|-damage|p2a: Behemoth|94/100 tox|[from] psn
|-heal|p1a: Gliscor|100/100 tox|[from] ability: Poison Heal
|upkeep
|turn|15
|
|t:|1769303458
|move|p2a: Behemoth|Headlong Rush|p1a: Gliscor
|-immune|p1a: Gliscor
|move|p1a: Gliscor|Stealth Rock|p2a: Behemoth
|-sidestart|p2: EleaRosea|move: Stealth Rock
|
|-damage|p2a: Behemoth|82/100 tox|[from] psn
|upkeep
|turn|16
|
|t:|1769303466
|move|p1a: Gliscor|Protect|p1a: Gliscor
|-singleturn|p1a: Gliscor|Protect
|move|p2a: Behemoth|Ice Spinner|p1a: Gliscor
|-activate|p1a: Gliscor|move: Protect
|
|-damage|p2a: Behemoth|63/100 tox|[from] psn
|upkeep
|turn|17
|
|t:|1769303476
|-terastallize|p1a: Gliscor|Ghost
|move|p2a: Behemoth|Ice Spinner|p1a: Gliscor
|-damage|p1a: Gliscor|84/100 tox
|move|p1a: Gliscor|Earthquake|p2a: Behemoth
|-damage|p2a: Behemoth|48/100 tox
|
|-damage|p2a: Behemoth|23/100 tox|[from] psn
|-heal|p1a: Gliscor|97/100 tox|[from] ability: Poison Heal
|upkeep
|turn|18
|
|t:|1769303487
|move|p1a: Gliscor|Protect|p1a: Gliscor
|-singleturn|p1a: Gliscor|Protect
|move|p2a: Behemoth|Headlong Rush|p1a: Gliscor
|-activate|p1a: Gliscor|move: Protect
|
|-damage|p2a: Behemoth|0 fnt|[from] psn
|faint|p2a: Behemoth
|-end|p2a: Behemoth|Protosynthesis|[silent]
|-heal|p1a: Gliscor|100/100 tox|[from] ability: Poison Heal
|upkeep
|
|t:|1769303492
|switch|p2a: Overseer|Pecharunt|99/100
|-damage|p2a: Overseer|87/100|[from] Stealth Rock
|turn|19
|j| Yamgam
|
|t:|1769303514
|switch|p1a: Darkrai|Darkrai|100/100
|move|p2a: Overseer|Shadow Ball|p1a: Darkrai
|-resisted|p1a: Darkrai
|-damage|p1a: Darkrai|84/100
|-unboost|p1a: Darkrai|spd|1
|
|upkeep
|turn|20
|
|t:|1769303522
|switch|p2a: Bandit|Weavile, F, shiny|2/100
|-damage|p2a: Bandit|0 fnt|[from] Stealth Rock
|faint|p2a: Bandit
|move|p1a: Darkrai|Dark Pulse|p2: Bandit|[notarget]
|-fail|p1a: Darkrai
|
|upkeep
|
|t:|1769303525
|switch|p2a: Celestine|Primarina, F, shiny|83/100
|-damage|p2a: Celestine|70/100|[from] Stealth Rock
|turn|21
|
|t:|1769303534
|switch|p1a: Zamazenta|Zamazenta|89/100
|move|p2a: Celestine|Moonblast|p1a: Zamazenta
|-supereffective|p1a: Zamazenta
|-damage|p1a: Zamazenta|9/100
|
|-heal|p1a: Zamazenta|15/100|[from] item: Leftovers
|upkeep
|turn|22
|
|t:|1769303544
|switch|p2a: Overseer|Pecharunt|87/100
|-damage|p2a: Overseer|75/100|[from] Stealth Rock
|move|p1a: Zamazenta|Heavy Slam|p2a: Overseer
|-damage|p2a: Overseer|59/100
|-damage|p1a: Zamazenta|0 fnt|[from] item: Rocky Helmet|[of] p2a: Overseer
|faint|p1a: Zamazenta
|
|upkeep
|
|t:|1769303554
|switch|p1a: Darkrai|Darkrai|84/100
|turn|23
|
|t:|1769303562
|switch|p2a: Chaos|Heatran, F, shiny|24/100
|-damage|p2a: Chaos|11/100|[from] Stealth Rock
|move|p1a: Darkrai|Psychic|p2a: Chaos
|-resisted|p2a: Chaos
|-damage|p2a: Chaos|0 fnt
|faint|p2a: Chaos
|
|upkeep
|
|t:|1769303589
|switch|p2a: Celestine|Primarina, F, shiny|70/100
|-damage|p2a: Celestine|58/100|[from] Stealth Rock
|turn|24
|
|t:|1769303596
|switch|p1a: Gliscor|Gliscor, M, tera:Ghost|100/100 tox
|move|p2a: Celestine|Moonblast|p1a: Gliscor
|-damage|p1a: Gliscor|34/100 tox
|
|-heal|p1a: Gliscor|47/100 tox|[from] ability: Poison Heal
|upkeep
|turn|25
|
|t:|1769303604
|move|p1a: Gliscor|Protect|p1a: Gliscor
|-singleturn|p1a: Gliscor|Protect
|move|p2a: Celestine|Moonblast|p1a: Gliscor
|-activate|p1a: Gliscor|move: Protect
|
|-heal|p1a: Gliscor|59/100 tox|[from] ability: Poison Heal
|upkeep
|turn|26
|
|t:|1769303614
|move|p1a: Gliscor|Earthquake|p2a: Celestine
|-damage|p2a: Celestine|18/100
|move|p2a: Celestine|Moonblast|p1a: Gliscor
|-damage|p1a: Gliscor|0 fnt
|faint|p1a: Gliscor
|
|upkeep
|
|t:|1769303625
|switch|p1a: Kyurem|Kyurem|100/100
|-ability|p1a: Kyurem|Pressure
|turn|27
|
|t:|1769303632
|move|p1a: Kyurem|Icicle Spear|p2a: Celestine
|-resisted|p2a: Celestine
|-damage|p2a: Celestine|10/100
|-resisted|p2a: Celestine
|-damage|p2a: Celestine|1/100
|-resisted|p2a: Celestine
|-crit|p2a: Celestine
|-damage|p2a: Celestine|0 fnt
|faint|p2a: Celestine
|-hitcount|p2: Celestine|3
|
|upkeep
|
|t:|1769303641
|switch|p2a: Overseer|Pecharunt|59/100
|-damage|p2a: Overseer|47/100|[from] Stealth Rock
|turn|28
|
|t:|1769303645
|move|p1a: Kyurem|Dragon Dance|p1a: Kyurem
|-boost|p1a: Kyurem|atk|1
|-boost|p1a: Kyurem|spe|1
|move|p2a: Overseer|Recover|p2a: Overseer
|-heal|p2a: Overseer|97/100
|
|upkeep
|turn|29
|
|t:|1769303651
|move|p1a: Kyurem|Icicle Spear|p2a: Overseer
|-damage|p2a: Overseer|86/100
|-damage|p2a: Overseer|76/100
|-damage|p2a: Overseer|66/100
|-damage|p2a: Overseer|56/100
|-damage|p2a: Overseer|47/100
|-hitcount|p2a: Overseer|5
|move|p2a: Overseer|Malignant Chain|p1a: Kyurem
|-damage|p1a: Kyurem|73/100
|-status|p1a: Kyurem|tox
|-start|p1a: Kyurem|confusion|[from] ability: Poison Puppeteer|[of] p2a: Overseer
|
|-damage|p1a: Kyurem|67/100 tox|[from] psn
|upkeep
|turn|30
|l| Yamgam
|
|t:|1769303667
|-activate|p1a: Kyurem|confusion
|-damage|p1a: Kyurem|44/100 tox|[from] confusion
|move|p2a: Overseer|Recover|p2a: Overseer
|-heal|p2a: Overseer|97/100
|
|-damage|p1a: Kyurem|31/100 tox|[from] psn
|upkeep
|turn|31
|
|t:|1769303686
|-end|p1a: Kyurem|confusion
|move|p1a: Kyurem|Icicle Spear|p2a: Overseer
|-damage|p2a: Overseer|87/100
|-damage|p2a: Overseer|78/100
|-damage|p2a: Overseer|68/100
|-damage|p2a: Overseer|57/100
|-hitcount|p2a: Overseer|4
|move|p2a: Overseer|Malignant Chain|p1a: Kyurem
|-damage|p1a: Kyurem|0 fnt
|faint|p1a: Kyurem
|
|upkeep
|
|t:|1769303700
|switch|p1a: Darkrai|Darkrai|84/100
|turn|32
|
|t:|1769303704
|move|p1a: Darkrai|Dark Pulse|p2a: Overseer
|-supereffective|p2a: Overseer
|-damage|p2a: Overseer|0 fnt
|faint|p2a: Overseer
|
|upkeep
|
|t:|1769303706
|switch|p2a: Anonymous|Ogerpon, F|100/100
|-damage|p2a: Anonymous|88/100|[from] Stealth Rock
|turn|33
|c|☆EleaRosea|gg
|
|t:|1769303713
|-terastallize|p2a: Anonymous|Grass
|detailschange|p2a: Anonymous|Ogerpon-Teal-Tera, F, tera:Grass
|-ability|p2a: Anonymous|Embody Aspect (Teal)|boost
|-boost|p2a: Anonymous|spe|1
|move|p2a: Anonymous|Ivy Cudgel|p1a: Darkrai
|-damage|p1a: Darkrai|0 fnt
|faint|p1a: Darkrai
|
|win|EleaRosea
|raw|Supersayan999's rating: 1503 &rarr; <strong>1479</strong><br />(-24 for losing)
|raw|EleaRosea's rating: 1435 &rarr; <strong>1459</strong><br />(+24 for winning)
|l|☆Supersayan999
|player|p1|
