|j|☆Igoodnamename
|j|☆Palm X
|t:|1769378691
|gametype|singles
|player|p1|Igoodnamename|266|1610
|player|p2|Palm X|caitlin|1643
|gen|9
|tier|[Gen 9] OU
|rated|
|rule|HP Percentage Mod: HP is shown in percentages
|rule|Endless Battle Clause: Forcing endless battles is banned
|rule|Species Clause: Limit one of each Pokémon
|rule|OHKO Clause: OHKO moves are banned
|rule|Evasion Items Clause: Evasion items are banned
|rule|Evasion Moves Clause: Evasion moves are banned
|rule|Evasion Abilities Clause: Evasion abilities are banned
|rule|Sleep Moves Clause: Sleep-inducing moves are banned
|clearpoke
|poke|p1|Walking Wake|
|poke|p1|Sinistcha|
|poke|p1|Tinkaton, F|
|poke|p1|Weavile, F|
|poke|p1|Ting-Lu|
|poke|p1|Moltres|
|poke|p2|Great Tusk|
|poke|p2|Slowking-Galar, M|
|poke|p2|Cinderace, M|
|poke|p2|Kyurem|
|poke|p2|Enamorus, F|
|poke|p2|Kingambit, M|
|teampreview
|inactive|Battle timer is ON: inactive players will automatically lose when time's up. (requested by Palm X)
|
|t:|1769378704
|teamsize|p1|6
|teamsize|p2|6
|start
|switch|p1a: Walking Wake|Walking Wake|100/100
|switch|p2a: Cinderace|Cinderace, M|100/100
|turn|1
|
|t:|1769378708
|move|p2a: Cinderace|U-turn|p1a: Walking Wake
|-damage|p1a: Walking Wake|79/100
|
|t:|1769378709
|switch|p2a: Slowking|Slowking-Galar, M|100/100|[from] U-turn
|move|p1a: Walking Wake|Knock Off|p2a: Slowking
|-supereffective|p2a: Slowking
|-enditem|p2a: Slowking|Colbur Berry|[eat]
|-enditem|p2a: Slowking|Colbur Berry|[weaken]
|-damage|p2a: Slowking|81/100
|
|upkeep
|turn|2
|
|t:|1769378717
|move|p1a: Walking Wake|Flip Turn|p2a: Slowking
|-damage|p2a: Slowking|64/100
|
|t:|1769378721
|-end|p1a: Walking Wake|Protosynthesis|[silent]
|switch|p1a: Ting-Lu|Ting-Lu|100/100|[from] Flip Turn
|-ability|p1a: Ting-Lu|Vessel of Ruin
|-prepare|p2a: Slowking|Chilly Reception|[premajor]
|move|p2a: Slowking|Chilly Reception|p2a: Slowking
|-weather|Snowscape
|
|t:|1769378728
|switch|p2a: Kyurem|Kyurem|100/100|[from] Chilly Reception
|-ability|p2a: Kyurem|Pressure
|
|-weather|Snowscape|[upkeep]
|upkeep
|turn|3
|
|t:|1769378736
|move|p2a: Kyurem|Freeze-Dry|p1a: Ting-Lu
|-supereffective|p1a: Ting-Lu
|-damage|p1a: Ting-Lu|67/100
|move|p1a: Ting-Lu|Ruination|p2a: Kyurem
|-damage|p2a: Kyurem|51/100
|
|-weather|Snowscape|[upkeep]
|-heal|p2a: Kyurem|57/100|[from] item: Leftovers
|-heal|p1a: Ting-Lu|74/100|[from] item: Leftovers
|upkeep
|turn|4
|
|t:|1769378748
|move|p2a: Kyurem|Freeze-Dry|p1a: Ting-Lu
|-supereffective|p1a: Ting-Lu
|-damage|p1a: Ting-Lu|42/100
|move|p1a: Ting-Lu|Spikes|p2a: Kyurem
|-sidestart|p2: Palm X|Spikes
|
|-weather|Snowscape|[upkeep]
|-heal|p2a: Kyurem|63/100|[from] item: Leftovers
|-heal|p1a: Ting-Lu|48/100|[from] item: Leftovers
|upkeep
|turn|5
|
|t:|1769378753
|switch|p1a: Weavile|Weavile, F|100/100
|-ability|p1a: Weavile|Pressure
|move|p2a: Kyurem|Freeze-Dry|p1a: Weavile
|-resisted|p1a: Weavile
|-damage|p1a: Weavile|74/100
|
|-weather|Snowscape|[upkeep]
|-heal|p2a: Kyurem|69/100|[from] item: Leftovers
|upkeep
|turn|6
|
|t:|1769378762
|move|p2a: Kyurem|Protect|p2a: Kyurem
|-singleturn|p2a: Kyurem|Protect
|move|p1a: Weavile|Knock Off|p2a: Kyurem
|-activate|p2a: Kyurem|move: Protect
|
|-weather|none
|-heal|p2a: Kyurem|75/100|[from] item: Leftovers
|upkeep
|turn|7
|
|t:|1769378771
|switch|p2a: Great Tusk|Great Tusk|100/100
|-damage|p2a: Great Tusk|88/100|[from] Spikes
|move|p1a: Weavile|Knock Off|p2a: Great Tusk
|-resisted|p2a: Great Tusk
|-damage|p2a: Great Tusk|76/100
|-enditem|p2a: Great Tusk|Leftovers|[from] move: Knock Off|[of] p1a: Weavile
|
|upkeep
|turn|8
|
|t:|1769378779
|switch|p1a: Sinistcha|Sinistcha|100/100
|move|p2a: Great Tusk|Knock Off|p1a: Sinistcha
|-supereffective|p1a: Sinistcha
|-damage|p1a: Sinistcha|60/100
|-enditem|p1a: Sinistcha|Heavy-Duty Boots|[from] move: Knock Off|[of] p2a: Great Tusk
|
|upkeep
|turn|9
|
|t:|1769378786
|-end|p2a: Great Tusk|Protosynthesis|[silent]
|switch|p2a: Slowking|Slowking-Galar, M|97/100
|-damage|p2a: Slowking|85/100|[from] Spikes
|move|p1a: Sinistcha|Strength Sap|p2a: Slowking
|-unboost|p2a: Slowking|atk|1
|-heal|p1a: Sinistcha|99/100
|
|upkeep
|turn|10
|
|t:|1769378793
|switch|p1a: Weavile|Weavile, F|74/100
|-ability|p1a: Weavile|Pressure
|move|p2a: Slowking|Sludge Bomb|p1a: Weavile
|-damage|p1a: Weavile|30/100
|
|upkeep
|turn|11
|
|t:|1769378800
|move|p1a: Weavile|Knock Off|p2a: Slowking
|-supereffective|p2a: Slowking
|-damage|p2a: Slowking|16/100
|move|p2a: Slowking|Sludge Bomb|p1a: Weavile
|-damage|p1a: Weavile|0 fnt
|faint|p1a: Weavile
|
|upkeep
|
|t:|1769378806
|switch|p1a: Walking Wake|Walking Wake|79/100
|turn|12
|
|t:|1769378813
|switch|p2a: Great Tusk|Great Tusk|76/100
|-damage|p2a: Great Tusk|63/100|[from] Spikes
|move|p1a: Walking Wake|Knock Off|p2a: Great Tusk
|-resisted|p2a: Great Tusk
|-damage|p2a: Great Tusk|60/100
|
|upkeep
|turn|13
|
|t:|1769378822
|-end|p2a: Great Tusk|Protosynthesis|[silent]
|switch|p2a: Enamorus|Enamorus, F|100/100
|move|p1a: Walking Wake|Scald|p2a: Enamorus
|-damage|p2a: Enamorus|45/100
|-status|p2a: Enamorus|brn
|
|-damage|p2a: Enamorus|39/100 brn|[from] brn
|upkeep
|turn|14
|
|t:|1769378827
|-end|p1a: Walking Wake|Protosynthesis|[silent]
|switch|p1a: Tinkaton|Tinkaton, F|100/100
|-ability|p1a: Tinkaton|Mold Breaker
|-item|p1a: Tinkaton|Air Balloon
|move|p2a: Enamorus|Moonblast|p1a: Tinkaton
|-resisted|p1a: Tinkaton
|-damage|p1a: Tinkaton|79/100
|-enditem|p1a: Tinkaton|Air Balloon
|
|-damage|p2a: Enamorus|33/100 brn|[from] brn
|upkeep
|turn|15
|
|t:|1769378836
|switch|p2a: Cinderace|Cinderace, M|100/100
|move|p1a: Tinkaton|Gigaton Hammer|p2a: Cinderace
|-resisted|p2a: Cinderace
|-damage|p2a: Cinderace|73/100
|
|upkeep
|turn|16
|
|t:|1769378842
|switch|p1a: Walking Wake|Walking Wake|79/100
|move|p2a: Cinderace|Will-O-Wisp|p1a: Walking Wake
|-status|p1a: Walking Wake|brn
|
|-damage|p1a: Walking Wake|73/100 brn|[from] brn
|upkeep
|turn|17
|
|t:|1769378851
|move|p2a: Cinderace|Court Change|p2a: Cinderace
|-swapsideconditions
|-activate|p2a: Cinderace|move: Court Change
|move|p1a: Walking Wake|Scald|p2a: Cinderace
|-supereffective|p2a: Cinderace
|-damage|p2a: Cinderace|0 fnt
|faint|p2a: Cinderace
|
|-damage|p1a: Walking Wake|67/100 brn|[from] brn
|upkeep
|
|t:|1769378854
|switch|p2a: Slowking|Slowking-Galar, M|49/100
|turn|18
|
|t:|1769378858
|move|p1a: Walking Wake|Scald|p2a: Slowking
|-damage|p2a: Slowking|26/100
|-prepare|p2a: Slowking|Chilly Reception|[premajor]
|move|p2a: Slowking|Chilly Reception|p2a: Slowking
|-weather|Snowscape
|
|t:|1769378862
|switch|p2a: Enamorus|Enamorus, F|33/100 brn|[from] Chilly Reception
|
|-weather|Snowscape|[upkeep]
|-damage|p2a: Enamorus|26/100 brn|[from] brn
|-damage|p1a: Walking Wake|61/100 brn|[from] brn
|upkeep
|turn|19
|
|t:|1769378869
|switch|p2a: Kyurem|Kyurem|75/100
|-ability|p2a: Kyurem|Pressure
|-end|p1a: Walking Wake|Protosynthesis|[silent]
|switch|p1a: Moltres|Moltres|100/100
|
|-weather|Snowscape|[upkeep]
|-heal|p2a: Kyurem|81/100|[from] item: Leftovers
|upkeep
|turn|20
|
|t:|1769378879
|move|p2a: Kyurem|Substitute|p2a: Kyurem
|-start|p2a: Kyurem|Substitute
|-damage|p2a: Kyurem|57/100
|move|p1a: Moltres|Flamethrower|p2a: Kyurem
|-end|p2a: Kyurem|Substitute
|
|-weather|Snowscape|[upkeep]
|-heal|p2a: Kyurem|63/100|[from] item: Leftovers
|upkeep
|turn|21
|
|t:|1769378882
|move|p2a: Kyurem|Freeze-Dry|p1a: Moltres
|-damage|p1a: Moltres|59/100
|move|p1a: Moltres|Will-O-Wisp|p2a: Kyurem
|-status|p2a: Kyurem|brn
|
|-weather|Snowscape|[upkeep]
|-heal|p2a: Kyurem|69/100 brn|[from] item: Leftovers
|-damage|p2a: Kyurem|63/100 brn|[from] brn
|upkeep
|turn|22
|
|t:|1769378888
|move|p2a: Kyurem|Freeze-Dry|p1a: Moltres
|-damage|p1a: Moltres|22/100
|move|p1a: Moltres|Roost|p1a: Moltres
|-heal|p1a: Moltres|73/100
|-singleturn|p1a: Moltres|move: Roost
|
|-weather|none
|-heal|p2a: Kyurem|69/100 brn|[from] item: Leftovers
|-damage|p2a: Kyurem|63/100 brn|[from] brn
|upkeep
|turn|23
|
|t:|1769378893
|move|p2a: Kyurem|Freeze-Dry|p1a: Moltres
|-damage|p1a: Moltres|35/100
|move|p1a: Moltres|Roost|p1a: Moltres
|-heal|p1a: Moltres|86/100
|-singleturn|p1a: Moltres|move: Roost
|
|-heal|p2a: Kyurem|69/100 brn|[from] item: Leftovers
|-damage|p2a: Kyurem|63/100 brn|[from] brn
|upkeep
|turn|24
|
|t:|1769378897
|switch|p1a: Tinkaton|Tinkaton, F|79/100
|-damage|p1a: Tinkaton|67/100|[from] Spikes
|-ability|p1a: Tinkaton|Mold Breaker
|move|p2a: Kyurem|Freeze-Dry|p1a: Tinkaton
|-resisted|p1a: Tinkaton
|-damage|p1a: Tinkaton|51/100
|
|-heal|p2a: Kyurem|69/100 brn|[from] item: Leftovers
|-damage|p2a: Kyurem|63/100 brn|[from] brn
|upkeep
|turn|25
|
|t:|1769378907
|switch|p2a: Slowking|Slowking-Galar, M|59/100
|move|p1a: Tinkaton|Stealth Rock|p2a: Slowking
|-sidestart|p2: Palm X|move: Stealth Rock
|
|upkeep
|turn|26
|
|t:|1769378911
|move|p1a: Tinkaton|Thunder Wave|p2a: Slowking
|-status|p2a: Slowking|par
|-prepare|p2a: Slowking|Chilly Reception|[premajor]
|move|p2a: Slowking|Chilly Reception|p2a: Slowking
|-weather|Snowscape
|
|t:|1769378916
|switch|p2a: Great Tusk|Great Tusk|60/100|[from] Chilly Reception
|-damage|p2a: Great Tusk|57/100|[from] Stealth Rock
|
|-weather|Snowscape|[upkeep]
|upkeep
|turn|27
|
|t:|1769378920
|switch|p1a: Sinistcha|Sinistcha|99/100
|-damage|p1a: Sinistcha|87/100|[from] Spikes
|move|p2a: Great Tusk|Knock Off|p1a: Sinistcha
|-supereffective|p1a: Sinistcha
|-damage|p1a: Sinistcha|61/100
|
|-weather|Snowscape|[upkeep]
|upkeep
|turn|28
|
|t:|1769378926
|-end|p2a: Great Tusk|Protosynthesis|[silent]
|switch|p2a: Slowking|Slowking-Galar, M|92/100 par
|-damage|p2a: Slowking|80/100 par|[from] Stealth Rock
|move|p1a: Sinistcha|Matcha Gotcha|p2a: Slowking
|-resisted|p2a: Slowking
|-damage|p2a: Slowking|71/100 par
|-heal|p1a: Sinistcha|66/100|[from] drain|[of] p2a: Slowking
|
|-weather|Snowscape|[upkeep]
|upkeep
|turn|29
|
|t:|1769378931
|switch|p1a: Ting-Lu|Ting-Lu|48/100
|-damage|p1a: Ting-Lu|36/100|[from] Spikes
|-ability|p1a: Ting-Lu|Vessel of Ruin
|move|p2a: Slowking|Ice Beam|p1a: Ting-Lu
|-supereffective|p1a: Ting-Lu
|-damage|p1a: Ting-Lu|16/100
|
|-weather|Snowscape|[upkeep]
|-heal|p1a: Ting-Lu|23/100|[from] item: Leftovers
|upkeep
|turn|30
|
|t:|1769378940
|switch|p2a: Great Tusk|Great Tusk|57/100
|-damage|p2a: Great Tusk|54/100|[from] Stealth Rock
|move|p1a: Ting-Lu|Spikes|p2a: Great Tusk
|-sidestart|p2: Palm X|Spikes
|
|-weather|none
|-heal|p1a: Ting-Lu|29/100|[from] item: Leftovers
|upkeep
|turn|31
|
|t:|1769378947
|switch|p1a: Moltres|Moltres|86/100
|move|p2a: Great Tusk|Knock Off|p1a: Moltres
|-damage|p1a: Moltres|68/100
|-enditem|p1a: Moltres|Heavy-Duty Boots|[from] move: Knock Off|[of] p2a: Great Tusk
|
|upkeep
|turn|32
|
|t:|1769378952
|switch|p1a: Sinistcha|Sinistcha|66/100
|-damage|p1a: Sinistcha|53/100|[from] Spikes
|move|p2a: Great Tusk|Rapid Spin|p1a: Sinistcha
|-immune|p1a: Sinistcha
|
|upkeep
|turn|33
|
|t:|1769378957
|-end|p2a: Great Tusk|Protosynthesis|[silent]
|switch|p2a: Slowking|Slowking-Galar, M|100/100 par
|-damage|p2a: Slowking|88/100 par|[from] Stealth Rock
|-damage|p2a: Slowking|76/100 par|[from] Spikes
|move|p1a: Sinistcha|Strength Sap|p2a: Slowking
|-unboost|p2a: Slowking|atk|1
|-heal|p1a: Sinistcha|92/100
|
|upkeep
|turn|34
|
|t:|1769378965
|switch|p1a: Ting-Lu|Ting-Lu|29/100
|-damage|p1a: Ting-Lu|16/100|[from] Spikes
|-ability|p1a: Ting-Lu|Vessel of Ruin
|move|p2a: Slowking|Future Sight|p1a: Ting-Lu
|-start|p2a: Slowking|move: Future Sight
|
|-heal|p1a: Ting-Lu|23/100|[from] item: Leftovers
|upkeep
|turn|35
|
|t:|1769378970
|switch|p2a: Great Tusk|Great Tusk|54/100
|-damage|p2a: Great Tusk|51/100|[from] Stealth Rock
|-damage|p2a: Great Tusk|39/100|[from] Spikes
|move|p1a: Ting-Lu|Earthquake|p2a: Great Tusk
|-damage|p2a: Great Tusk|21/100
|
|-heal|p1a: Ting-Lu|29/100|[from] item: Leftovers
|upkeep
|turn|36
|
|t:|1769378977
|switch|p1a: Sinistcha|Sinistcha|92/100
|-damage|p1a: Sinistcha|80/100|[from] Spikes
|move|p2a: Great Tusk|Rapid Spin|p1a: Sinistcha
|-immune|p1a: Sinistcha
|
|-end|p1a: Sinistcha|move: Future Sight
|-damage|p1a: Sinistcha|23/100
|upkeep
|turn|37
|j| dendar
|
|t:|1769378981
|move|p2a: Great Tusk|Knock Off|p1a: Sinistcha
|-supereffective|p1a: Sinistcha
|-damage|p1a: Sinistcha|0 fnt
|faint|p1a: Sinistcha
|
|upkeep
|
|t:|1769378984
|switch|p1a: Walking Wake|Walking Wake|61/100 brn
|turn|38
|l| dendar
|
|t:|1769378989
|-end|p2a: Great Tusk|Protosynthesis|[silent]
|switch|p2a: Slowking|Slowking-Galar, M|100/100 par
|-damage|p2a: Slowking|88/100 par|[from] Stealth Rock
|-damage|p2a: Slowking|76/100 par|[from] Spikes
|move|p1a: Walking Wake|Scald|p2a: Slowking
|-damage|p2a: Slowking|53/100 par
|
|-damage|p1a: Walking Wake|54/100 brn|[from] brn
|upkeep
|turn|39
|
|t:|1769378995
|move|p1a: Walking Wake|Flip Turn|p2a: Slowking
|-damage|p2a: Slowking|44/100 par
|
|t:|1769378998
|-end|p1a: Walking Wake|Protosynthesis|[silent]
|switch|p1a: Ting-Lu|Ting-Lu|29/100|[from] Flip Turn
|-damage|p1a: Ting-Lu|16/100|[from] Spikes
|-ability|p1a: Ting-Lu|Vessel of Ruin
|cant|p2a: Slowking|par
|
|-heal|p1a: Ting-Lu|23/100|[from] item: Leftovers
|upkeep
|turn|40
|
|t:|1769379005
|move|p1a: Ting-Lu|Spikes|p2a: Slowking
|-sidestart|p2: Palm X|Spikes
|-prepare|p2a: Slowking|Chilly Reception|[premajor]
|move|p2a: Slowking|Chilly Reception|p2a: Slowking
|-weather|Snowscape
|
|t:|1769379007
|switch|p2a: Great Tusk|Great Tusk|21/100|[from] Chilly Reception
|-damage|p2a: Great Tusk|18/100|[from] Stealth Rock
|-damage|p2a: Great Tusk|1/100|[from] Spikes
|
|-weather|Snowscape|[upkeep]
|-heal|p1a: Ting-Lu|29/100|[from] item: Leftovers
|upkeep
|turn|41
|
|t:|1769379016
|switch|p1a: Moltres|Moltres|68/100
|move|p2a: Great Tusk|Rapid Spin|p1a: Moltres
|-damage|p1a: Moltres|57/100
|-boost|p2a: Great Tusk|spe|1
|-sideend|p2: Palm X|Spikes|[from] move: Rapid Spin|[of] p2a: Great Tusk
|-sideend|p2: Palm X|Stealth Rock|[from] move: Rapid Spin|[of] p2a: Great Tusk
|
|-weather|Snowscape|[upkeep]
|upkeep
|turn|42
|
|t:|1769379022
|-end|p2a: Great Tusk|Protosynthesis|[silent]
|switch|p2a: Slowking|Slowking-Galar, M|77/100 par
|move|p1a: Moltres|Roost|p1a: Moltres
|-heal|p1a: Moltres|100/100
|-singleturn|p1a: Moltres|move: Roost
|
|-weather|Snowscape|[upkeep]
|upkeep
|turn|43
|
|t:|1769379026
|move|p1a: Moltres|U-turn|p2a: Slowking
|-damage|p2a: Slowking|62/100 par
|
|t:|1769379029
|switch|p1a: Ting-Lu|Ting-Lu|29/100|[from] U-turn
|-damage|p1a: Ting-Lu|16/100|[from] Spikes
|-ability|p1a: Ting-Lu|Vessel of Ruin
|move|p2a: Slowking|Ice Beam|p1a: Ting-Lu
|-supereffective|p1a: Ting-Lu
|-damage|p1a: Ting-Lu|0 fnt
|faint|p1a: Ting-Lu
|
|-weather|Snowscape|[upkeep]
|upkeep
|j| FirstLightSoulja
|c|☆Igoodnamename|ggs
|-message|Igoodnamename forfeited.
|
|win|Palm X
|raw|Igoodnamename's rating: 1610 &rarr; <strong>1592</strong><br />(-18 for losing)
|raw|Palm X's rating: 1643 &rarr; <strong>1661</strong><br />(+18 for winning)
|l|☆Igoodnamename
|player|p1|
|l| FirstLightSoulja
|l|☆Palm X
|player|p2|
