|j|☆drzomboss75
|j|☆biggruse04
|t:|1769300415
|gametype|singles
|player|p1|drzomboss75|266|1089
|player|p2|biggruse04|lady-gen4|1124
|gen|9
|tier|[Gen 9] OU
|rated|
|rule|HP Percentage Mod: HP is shown in percentages
|rule|Endless Battle Clause: Forcing endless battles is banned
|rule|Species Clause: Limit one of each Pokémon
|rule|OHKO Clause: OHKO moves are banned
|rule|Evasion Items Clause: Evasion items are banned
|rule|Evasion Moves Clause: Evasion moves are banned
|rule|Evasion Abilities Clause: Evasion abilities are banned
|rule|Sleep Moves Clause: Sleep-inducing moves are banned
|clearpoke
|poke|p1|Cinderace, F|
|poke|p1|Ursaluna, M|
|poke|p1|Dragonite, F|
|poke|p1|Darkrai|
|poke|p1|Scizor, M|
|poke|p1|Clefable, F|
|poke|p2|Ninetales, M|
|poke|p2|Skeledirge, M|
|poke|p2|Great Tusk|
|poke|p2|Glimmora, M|
|poke|p2|Lilligant-Hisui, F|
|poke|p2|Blaziken, M|
|teampreview
|
|t:|1769300442
|teamsize|p1|6
|teamsize|p2|6
|start
|switch|p1a: Clefable|Clefable, F|100/100
|switch|p2a: i cast sun|Ninetales, M, shiny|100/100
|-weather|SunnyDay|[from] ability: Drought|[of] p2a: i cast sun
|turn|1
|
|t:|1769300455
|move|p2a: i cast sun|Overheat|p1a: Clefable
|-damage|p1a: Clefable|61/100
|-unboost|p2a: i cast sun|spa|2
|move|p1a: Clefable|Stealth Rock|p2a: i cast sun
|-sidestart|p2: biggruse04|move: Stealth Rock
|
|-weather|SunnyDay|[upkeep]
|upkeep
|turn|2
|
|t:|1769300471
|switch|p2a: rock boy|Great Tusk, shiny|100/100
|-damage|p2a: rock boy|98/100|[from] Stealth Rock
|-activate|p2a: rock boy|ability: Protosynthesis
|-start|p2a: rock boy|protosynthesisatk
|move|p1a: Clefable|Thunder Wave|p2a: rock boy
|-immune|p2a: rock boy
|
|-weather|SunnyDay|[upkeep]
|upkeep
|turn|3
|
|t:|1769300482
|move|p2a: rock boy|Rapid Spin|p1a: Clefable
|-damage|p1a: Clefable|40/100
|-boost|p2a: rock boy|spe|1
|-sideend|p2: biggruse04|Stealth Rock|[from] move: Rapid Spin|[of] p2a: rock boy
|move|p1a: Clefable|Reflect|p1a: Clefable
|-sidestart|p1: drzomboss75|Reflect
|
|-weather|SunnyDay|[upkeep]
|upkeep
|turn|4
|
|t:|1769300489
|move|p2a: rock boy|Headlong Rush|p1a: Clefable
|-damage|p1a: Clefable|5/100
|-unboost|p2a: rock boy|def|1
|-unboost|p2a: rock boy|spd|1
|move|p1a: Clefable|Light Screen|p1a: Clefable
|-sidestart|p1: drzomboss75|move: Light Screen
|
|-weather|SunnyDay|[upkeep]
|upkeep
|turn|5
|
|t:|1769300501
|move|p2a: rock boy|Close Combat|p1a: Clefable
|-resisted|p1a: Clefable
|-damage|p1a: Clefable|0 fnt
|-unboost|p2a: rock boy|def|1
|-unboost|p2a: rock boy|spd|1
|faint|p1a: Clefable
|
|-weather|SunnyDay|[upkeep]
|upkeep
|
|t:|1769300517
|switch|p1a: Cinderace|Cinderace, F|100/100
|turn|6
|
|t:|1769300534
|move|p2a: rock boy|Headlong Rush|p1a: Cinderace
|-supereffective|p1a: Cinderace
|-damage|p1a: Cinderace|0 fnt
|-unboost|p2a: rock boy|def|1
|-unboost|p2a: rock boy|spd|1
|faint|p1a: Cinderace
|
|-weather|SunnyDay|[upkeep]
|upkeep
|
|t:|1769300545
|switch|p1a: Ursaluna|Ursaluna, M|100/100
|turn|7
|
|t:|1769300551
|move|p2a: rock boy|Close Combat|p1a: Ursaluna
|-supereffective|p1a: Ursaluna
|-damage|p1a: Ursaluna|43/100
|-unboost|p2a: rock boy|def|1
|-unboost|p2a: rock boy|spd|1
|move|p1a: Ursaluna|Avalanche|p2a: rock boy
|-supereffective|p2a: rock boy
|-damage|p2a: rock boy|0 fnt
|-damage|p1a: Ursaluna|27/100|[from] item: Rocky Helmet|[of] p2a: rock boy
|faint|p2a: rock boy
|-end|p2a: rock boy|Protosynthesis|[silent]
|
|-weather|SunnyDay|[upkeep]
|-sideend|p1: drzomboss75|Reflect
|-status|p1a: Ursaluna|brn|[from] item: Flame Orb
|upkeep
|
|t:|1769300562
|switch|p2a: za sun|Lilligant-Hisui, F, shiny|100/100
|turn|8
|
|t:|1769300567
|move|p2a: za sun|Solar Blade||[still]
|-prepare|p2a: za sun|Solar Blade
|-anim|p2a: za sun|Solar Blade|p1a: Ursaluna
|-supereffective|p1a: Ursaluna
|-damage|p1a: Ursaluna|0 fnt
|faint|p1a: Ursaluna
|-damage|p2a: za sun|91/100|[from] item: Life Orb
|
|-weather|none
|-sideend|p1: drzomboss75|move: Light Screen
|upkeep
|
|t:|1769300579
|switch|p1a: Darkrai|Darkrai|100/100
|turn|9
|
|t:|1769300589
|move|p1a: Darkrai|Calm Mind|p1a: Darkrai
|-boost|p1a: Darkrai|spa|1
|-boost|p1a: Darkrai|spd|1
|move|p2a: za sun|Close Combat|p1a: Darkrai
|-supereffective|p1a: Darkrai
|-damage|p1a: Darkrai|0 fnt
|-unboost|p2a: za sun|def|1
|-unboost|p2a: za sun|spd|1
|faint|p1a: Darkrai
|-damage|p2a: za sun|81/100|[from] item: Life Orb
|
|upkeep
|
|t:|1769300604
|switch|p1a: Scizor|Scizor, M|100/100
|turn|10
|
|t:|1769300613
|move|p1a: Scizor|Bullet Punch|p2a: za sun
|-damage|p2a: za sun|4/100
|move|p2a: za sun|Close Combat|p1a: Scizor
|-damage|p1a: Scizor|28/100
|-unboost|p2a: za sun|def|1
|-unboost|p2a: za sun|spd|1
|-damage|p2a: za sun|0 fnt|[from] item: Life Orb
|faint|p2a: za sun
|
|-heal|p1a: Scizor|34/100|[from] item: Leftovers
|upkeep
|
|t:|1769300622
|switch|p2a: bigey bonk|Skeledirge, M, shiny|100/100
|turn|11
|
|t:|1769300630
|-terastallize|p2a: bigey bonk|Fire
|move|p1a: Scizor|Bullet Punch|p2a: bigey bonk
|-resisted|p2a: bigey bonk
|-damage|p2a: bigey bonk|84/100
|move|p2a: bigey bonk|Torch Song|p1a: Scizor
|-supereffective|p1a: Scizor
|-damage|p1a: Scizor|0 fnt
|-boost|p2a: bigey bonk|spa|1
|faint|p1a: Scizor
|
|upkeep
|
|t:|1769300641
|switch|p1a: Dragonite|Dragonite, F|100/100
|turn|12
|
|t:|1769300645
|move|p1a: Dragonite|Dragon Dance|p1a: Dragonite
|-boost|p1a: Dragonite|atk|1
|-boost|p1a: Dragonite|spe|1
|move|p2a: bigey bonk|Torch Song|p1a: Dragonite
|-resisted|p1a: Dragonite
|-damage|p1a: Dragonite|70/100
|-boost|p2a: bigey bonk|spa|1
|
|upkeep
|turn|13
|
|t:|1769300655
|move|p1a: Dragonite|Dragon Dance|p1a: Dragonite
|-boost|p1a: Dragonite|atk|1
|-boost|p1a: Dragonite|spe|1
|move|p2a: bigey bonk|Torch Song|p1a: Dragonite
|-resisted|p1a: Dragonite
|-damage|p1a: Dragonite|0 fnt
|-boost|p2a: bigey bonk|spa|1
|faint|p1a: Dragonite
|
|win|biggruse04
|raw|drzomboss75's rating: 1089 &rarr; <strong>1068</strong><br />(-21 for losing)
|raw|biggruse04's rating: 1124 &rarr; <strong>1146</strong><br />(+22 for winning)
|l|☆drzomboss75
|player|p1|
