|j|☆Ice Master Steph
|j|☆THESWIMMER974
|t:|1769410731
|gametype|singles
|player|p1|Ice Master Steph|policeman-gen4|1254
|player|p2|THESWIMMER974|swimmer|1199
|gen|9
|tier|[Gen 9] OU
|rated|
|rule|HP Percentage Mod: HP is shown in percentages
|rule|Endless Battle Clause: Forcing endless battles is banned
|rule|Species Clause: Limit one of each Pokémon
|rule|OHKO Clause: OHKO moves are banned
|rule|Evasion Items Clause: Evasion items are banned
|rule|Evasion Moves Clause: Evasion moves are banned
|rule|Evasion Abilities Clause: Evasion abilities are banned
|rule|Sleep Moves Clause: Sleep-inducing moves are banned
|clearpoke
|poke|p1|Dragapult, F|
|poke|p1|Walking Wake|
|poke|p1|Torkoal, M|
|poke|p1|Glimmora, M|
|poke|p1|Lilligant-Hisui, F|
|poke|p1|Slither Wing|
|poke|p2|Bronzong|
|poke|p2|Ursaluna, F|
|poke|p2|Hatterene, F|
|poke|p2|Cresselia, F|
|poke|p2|Glastrier|
|poke|p2|Iron Hands|
|teampreview
|inactive|Battle timer is ON: inactive players will automatically lose when time's up. (requested by THESWIMMER974)
|
|t:|1769410734
|teamsize|p1|6
|teamsize|p2|6
|start
|switch|p1a: Fire Dino|Torkoal, M|100/100
|switch|p2a: DING-DONG|Bronzong|100/100
|-weather|SunnyDay|[from] ability: Drought|[of] p1a: Fire Dino
|turn|1
|
|t:|1769410763
|move|p1a: Fire Dino|Stealth Rock|p2a: DING-DONG
|-sidestart|p2: THESWIMMER974|move: Stealth Rock
|move|p2a: DING-DONG|Trick Room|p2a: DING-DONG
|-fieldstart|move: Trick Room|[of] p2a: DING-DONG
|
|-weather|SunnyDay|[upkeep]
|upkeep
|turn|2
|
|t:|1769410776
|move|p2a: DING-DONG|Psychic|p1a: Fire Dino
|-damage|p1a: Fire Dino|59/100
|move|p1a: Fire Dino|Solar Beam||[still]
|-prepare|p1a: Fire Dino|Solar Beam
|-anim|p1a: Fire Dino|Solar Beam|p2a: DING-DONG
|-resisted|p2a: DING-DONG
|-damage|p2a: DING-DONG|87/100
|
|-weather|SunnyDay|[upkeep]
|upkeep
|turn|3
|
|t:|1769410802
|switch|p1a: Water Dino|Walking Wake|100/100
|-activate|p1a: Water Dino|ability: Protosynthesis
|-start|p1a: Water Dino|protosynthesisspe
|move|p2a: DING-DONG|Stealth Rock|p1a: Water Dino
|-sidestart|p1: Ice Master Steph|move: Stealth Rock
|
|-weather|SunnyDay|[upkeep]
|upkeep
|turn|4
|
|t:|1769410811
|move|p2a: DING-DONG|Steel Beam|p1a: Water Dino|[miss]
|-miss|p2a: DING-DONG|p1a: Water Dino
|-damage|p2a: DING-DONG|37/100|[from] steelbeam
|move|p1a: Water Dino|Hydro Steam|p2a: DING-DONG
|-damage|p2a: DING-DONG|0 fnt
|faint|p2a: DING-DONG
|
|-weather|SunnyDay|[upkeep]
|upkeep
|
|t:|1769410826
|switch|p2a: TYSON|Iron Hands|100/100
|-damage|p2a: TYSON|94/100|[from] Stealth Rock
|-enditem|p2a: TYSON|Booster Energy
|-activate|p2a: TYSON|ability: Quark Drive|[fromitem]
|-start|p2a: TYSON|quarkdriveatk
|turn|5
|
|t:|1769410833
|move|p2a: TYSON|Swords Dance|p2a: TYSON
|-boost|p2a: TYSON|atk|2
|move|p1a: Water Dino|Hydro Steam|p2a: TYSON
|-damage|p2a: TYSON|10/100
|
|-weather|SunnyDay|[upkeep]
|-fieldend|move: Trick Room
|upkeep
|turn|6
|
|t:|1769410842
|move|p1a: Water Dino|Hydro Steam|p2a: TYSON
|-damage|p2a: TYSON|0 fnt
|faint|p2a: TYSON
|-end|p2a: TYSON|Quark Drive|[silent]
|
|-weather|SunnyDay|[upkeep]
|upkeep
|-message|THESWIMMER974 forfeited.
|
|win|Ice Master Steph
|raw|Ice Master Steph's rating: 1254 &rarr; <strong>1275</strong><br />(+21 for winning)
|raw|THESWIMMER974's rating: 1199 &rarr; <strong>1178</strong><br />(-21 for losing)
|l|☆THESWIMMER974
|player|p2|
|l|☆Ice Master Steph
|player|p1|
|j|☆Ice Master Steph
|player|p1|Ice Master Steph|policeman-gen4|
