|j|☆Wozzathesexygod
|j|☆Kis Vegallomas
|t:|1769419586
|gametype|singles
|player|p1|Wozzathesexygod|n|1505
|player|p2|Kis Vegallomas|2|1464
|gen|9
|tier|[Gen 9] OU
|rated|
|rule|HP Percentage Mod: HP is shown in percentages
|rule|Endless Battle Clause: Forcing endless battles is banned
|rule|Species Clause: Limit one of each Pokémon
|rule|OHKO Clause: OHKO moves are banned
|rule|Evasion Items Clause: Evasion items are banned
|rule|Evasion Moves Clause: Evasion moves are banned
|rule|Evasion Abilities Clause: Evasion abilities are banned
|rule|Sleep Moves Clause: Sleep-inducing moves are banned
|clearpoke
|poke|p1|Hydrapple, M|
|poke|p1|Tyranitar, F|
|poke|p1|Moltres|
|poke|p1|Zamazenta-*|
|poke|p1|Slowking-Galar, F|
|poke|p1|Excadrill, F|
|poke|p2|Garchomp, M|
|poke|p2|Slowking-Galar, F|
|poke|p2|Keldeo-Resolute|
|poke|p2|Grimmsnarl, M|
|poke|p2|Iron Crown|
|poke|p2|Primeape, F|
|teampreview
|inactive|Battle timer is ON: inactive players will automatically lose when time's up. (requested by Wozzathesexygod)
|
|t:|1769419594
|teamsize|p1|6
|teamsize|p2|6
|start
|switch|p1a: Moltres|Moltres|100/100
|switch|p2a: Garchomp|Garchomp, M|100/100
|turn|1
|
|t:|1769419603
|switch|p2a: Grimmsnarl|Grimmsnarl, M|100/100
|move|p1a: Moltres|Flamethrower|p2a: Grimmsnarl
|-damage|p2a: Grimmsnarl|71/100
|
|upkeep
|turn|2
|
|t:|1769419617
|move|p2a: Grimmsnarl|Light Screen|p2a: Grimmsnarl
|-sidestart|p2: Kis Vegallomas|move: Light Screen
|move|p1a: Moltres|Flamethrower|p2a: Grimmsnarl
|-damage|p2a: Grimmsnarl|56/100
|
|upkeep
|turn|3
|
|t:|1769419622
|move|p2a: Grimmsnarl|Reflect|p2a: Grimmsnarl
|-sidestart|p2: Kis Vegallomas|Reflect
|move|p1a: Moltres|U-turn|p2a: Grimmsnarl
|-damage|p2a: Grimmsnarl|47/100
|
|t:|1769419624
|switch|p1a: Tyranitar|Tyranitar, F|100/100|[from] U-turn
|-weather|Sandstorm|[from] ability: Sand Stream|[of] p1a: Tyranitar
|
|-weather|Sandstorm|[upkeep]
|-damage|p2a: Grimmsnarl|41/100|[from] Sandstorm
|upkeep
|turn|4
|
|t:|1769419628
|switch|p2a: Keldeo|Keldeo-Resolute|100/100
|move|p1a: Tyranitar|Stealth Rock|p2a: Keldeo
|-sidestart|p2: Kis Vegallomas|move: Stealth Rock
|
|-weather|Sandstorm|[upkeep]
|-damage|p2a: Keldeo|94/100|[from] Sandstorm
|-heal|p2a: Keldeo|100/100|[from] item: Leftovers
|upkeep
|turn|5
|
|t:|1769419636
|switch|p1a: Slowking|Slowking-Galar, F|100/100
|move|p2a: Keldeo|Calm Mind|p2a: Keldeo
|-boost|p2a: Keldeo|spa|1
|-boost|p2a: Keldeo|spd|1
|
|-weather|Sandstorm|[upkeep]
|-damage|p2a: Keldeo|94/100|[from] Sandstorm
|-damage|p1a: Slowking|94/100|[from] Sandstorm
|-heal|p2a: Keldeo|100/100|[from] item: Leftovers
|upkeep
|turn|6
|
|t:|1769419642
|move|p2a: Keldeo|Surf|p1a: Slowking
|-damage|p1a: Slowking|58/100
|move|p1a: Slowking|Psyshock|p2a: Keldeo
|-supereffective|p2a: Keldeo
|-damage|p2a: Keldeo|63/100
|
|-weather|Sandstorm|[upkeep]
|-damage|p2a: Keldeo|57/100|[from] Sandstorm
|-damage|p1a: Slowking|52/100|[from] Sandstorm
|-heal|p2a: Keldeo|63/100|[from] item: Leftovers
|upkeep
|turn|7
|
|t:|1769419648
|switch|p1a: Hydrapple|Hydrapple, M|100/100
|move|p2a: Keldeo|Surf|p1a: Hydrapple
|-resisted|p1a: Hydrapple
|-damage|p1a: Hydrapple|82/100
|
|-weather|Sandstorm|[upkeep]
|-damage|p2a: Keldeo|57/100|[from] Sandstorm
|-damage|p1a: Hydrapple|76/100|[from] Sandstorm
|-heal|p2a: Keldeo|63/100|[from] item: Leftovers
|upkeep
|turn|8
|inactive|Wozzathesexygod has 120 seconds left.
|
|t:|1769419690
|switch|p1a: Slowking|Slowking-Galar, F|85/100
|move|p2a: Keldeo|Secret Sword|p1a: Slowking
|-resisted|p1a: Slowking
|-damage|p1a: Slowking|73/100
|
|-weather|Sandstorm|[upkeep]
|-damage|p2a: Keldeo|57/100|[from] Sandstorm
|-damage|p1a: Slowking|67/100|[from] Sandstorm
|-heal|p2a: Keldeo|63/100|[from] item: Leftovers
|upkeep
|turn|9
|
|t:|1769419699
|move|p2a: Keldeo|Surf|p1a: Slowking
|-damage|p1a: Slowking|27/100
|move|p1a: Slowking|Psyshock|p2a: Keldeo
|-supereffective|p2a: Keldeo
|-damage|p2a: Keldeo|25/100
|
|-weather|Sandstorm|[upkeep]
|-damage|p2a: Keldeo|19/100|[from] Sandstorm
|-damage|p1a: Slowking|21/100|[from] Sandstorm
|-heal|p2a: Keldeo|25/100|[from] item: Leftovers
|-sideend|p2: Kis Vegallomas|move: Light Screen
|upkeep
|turn|10
|inactive|Wozzathesexygod has 120 seconds left.
|
|t:|1769419731
|switch|p1a: Hydrapple|Hydrapple, M|100/100
|move|p2a: Keldeo|Surf|p1a: Hydrapple
|-resisted|p1a: Hydrapple
|-damage|p1a: Hydrapple|84/100
|
|-weather|none
|-heal|p2a: Keldeo|31/100|[from] item: Leftovers
|-sideend|p2: Kis Vegallomas|Reflect
|upkeep
|turn|11
|
|t:|1769419736
|move|p2a: Keldeo|Secret Sword|p1a: Hydrapple
|-damage|p1a: Hydrapple|46/100
|move|p1a: Hydrapple|Giga Drain|p2a: Keldeo
|-supereffective|p2a: Keldeo
|-damage|p2a: Keldeo|0 fnt
|-heal|p1a: Hydrapple|59/100|[from] drain|[of] p2a: Keldeo
|faint|p2a: Keldeo
|
|upkeep
|
|t:|1769419743
|switch|p2a: Primeape|Primeape, F|100/100
|-damage|p2a: Primeape|95/100|[from] Stealth Rock
|turn|12
|inactive|Wozzathesexygod has 120 seconds left.
|
|t:|1769419748
|switch|p1a: Moltres|Moltres|100/100
|move|p2a: Primeape|Bulk Up|p2a: Primeape
|-boost|p2a: Primeape|atk|1
|-boost|p2a: Primeape|def|1
|
|upkeep
|turn|13
|
|t:|1769419753
|move|p2a: Primeape|Taunt|p1a: Moltres
|-start|p1a: Moltres|move: Taunt
|cant|p1a: Moltres|move: Taunt|Roar
|
|upkeep
|turn|14
|
|t:|1769419757
|move|p2a: Primeape|Bulk Up|p2a: Primeape
|-boost|p2a: Primeape|atk|1
|-boost|p2a: Primeape|def|1
|move|p1a: Moltres|Flamethrower|p2a: Primeape
|-damage|p2a: Primeape|70/100
|
|upkeep
|turn|15
|
|t:|1769419761
|move|p2a: Primeape|Bulk Up|p2a: Primeape
|-boost|p2a: Primeape|atk|1
|-boost|p2a: Primeape|def|1
|move|p1a: Moltres|Flamethrower|p2a: Primeape
|-damage|p2a: Primeape|46/100
|
|-end|p1a: Moltres|move: Taunt
|upkeep
|turn|16
|
|t:|1769419768
|move|p2a: Primeape|Taunt|p1a: Moltres
|-start|p1a: Moltres|move: Taunt
|move|p1a: Moltres|Flamethrower|p2a: Primeape
|-damage|p2a: Primeape|21/100
|
|upkeep
|turn|17
|
|t:|1769419772
|move|p2a: Primeape|Rage Fist|p1a: Moltres
|-damage|p1a: Moltres|7/100
|-status|p2a: Primeape|brn|[from] ability: Flame Body|[of] p1a: Moltres
|move|p1a: Moltres|Flamethrower|p2a: Primeape
|-damage|p2a: Primeape|0 fnt
|faint|p2a: Primeape
|
|upkeep
|
|t:|1769419778
|switch|p2a: Garchomp|Garchomp, M|100/100
|-damage|p2a: Garchomp|94/100|[from] Stealth Rock
|turn|18
|
|t:|1769419783
|switch|p1a: Tyranitar|Tyranitar, F|100/100
|-weather|Sandstorm|[from] ability: Sand Stream|[of] p1a: Tyranitar
|move|p2a: Garchomp|Scale Shot|p1a: Tyranitar
|-damage|p1a: Tyranitar|91/100
|-damage|p1a: Tyranitar|80/100
|-damage|p1a: Tyranitar|69/100
|-damage|p1a: Tyranitar|59/100
|-damage|p1a: Tyranitar|50/100
|-hitcount|p1a: Tyranitar|5
|-unboost|p2a: Garchomp|def|1
|-boost|p2a: Garchomp|spe|1
|
|-weather|Sandstorm|[upkeep]
|upkeep
|turn|19
|
|t:|1769419795
|move|p2a: Garchomp|Swords Dance|p2a: Garchomp
|-boost|p2a: Garchomp|atk|2
|move|p1a: Tyranitar|Ice Beam|p2a: Garchomp
|-supereffective|p2a: Garchomp
|-crit|p2a: Garchomp
|-damage|p2a: Garchomp|0 fnt
|faint|p2a: Garchomp
|
|-weather|Sandstorm|[upkeep]
|upkeep
|
|t:|1769419799
|switch|p2a: Iron Crown|Iron Crown|100/100
|-damage|p2a: Iron Crown|95/100|[from] Stealth Rock
|turn|20
|
|t:|1769419827
|switch|p1a: Slowking|Slowking-Galar, F|54/100
|move|p2a: Iron Crown|Tachyon Cutter|p1a: Slowking
|-damage|p1a: Slowking|39/100
|-damage|p1a: Slowking|23/100
|-hitcount|p1a: Slowking|2
|
|-weather|Sandstorm|[upkeep]
|-damage|p1a: Slowking|17/100|[from] Sandstorm
|upkeep
|turn|21
|inactive|Wozzathesexygod has 120 seconds left.
|
|t:|1769419850
|switch|p1a: Moltres|Moltres|7/100
|move|p2a: Iron Crown|Tachyon Cutter|p1a: Moltres
|-resisted|p1a: Moltres
|-damage|p1a: Moltres|0 fnt
|faint|p1a: Moltres
|-hitcount|p1: Moltres|1
|
|-weather|Sandstorm|[upkeep]
|upkeep
|
|t:|1769419852
|switch|p1a: Excadrill|Excadrill, F|100/100
|-item|p1a: Excadrill|Air Balloon
|turn|22
|
|t:|1769419856
|-end|p2a: Iron Crown|Quark Drive|[silent]
|switch|p2a: Slowking|Slowking-Galar, F|100/100
|-damage|p2a: Slowking|88/100|[from] Stealth Rock
|move|p1a: Excadrill|Earthquake|p2a: Slowking
|-supereffective|p2a: Slowking
|-damage|p2a: Slowking|0 fnt
|faint|p2a: Slowking
|
|-weather|Sandstorm|[upkeep]
|upkeep
|
|t:|1769419866
|switch|p2a: Grimmsnarl|Grimmsnarl, M|41/100
|-damage|p2a: Grimmsnarl|28/100|[from] Stealth Rock
|turn|23
|
|t:|1769419871
|move|p2a: Grimmsnarl|Reflect|p2a: Grimmsnarl
|-sidestart|p2: Kis Vegallomas|Reflect
|move|p1a: Excadrill|Iron Head|p2a: Grimmsnarl
|-supereffective|p2a: Grimmsnarl
|-damage|p2a: Grimmsnarl|0 fnt
|faint|p2a: Grimmsnarl
|
|-weather|Sandstorm|[upkeep]
|upkeep
|
|t:|1769419875
|switch|p2a: Iron Crown|Iron Crown|95/100
|-damage|p2a: Iron Crown|89/100|[from] Stealth Rock
|turn|24
|
|t:|1769419889
|move|p1a: Excadrill|Earthquake|p2a: Iron Crown
|-supereffective|p2a: Iron Crown
|-damage|p2a: Iron Crown|40/100
|-enditem|p2a: Iron Crown|Weakness Policy
|-boost|p2a: Iron Crown|atk|2|[from] item: Weakness Policy
|-boost|p2a: Iron Crown|spa|2|[from] item: Weakness Policy
|move|p2a: Iron Crown|Agility|p2a: Iron Crown
|-boost|p2a: Iron Crown|spe|2
|
|-weather|Sandstorm|[upkeep]
|upkeep
|turn|25
|
|t:|1769419901
|-terastallize|p2a: Iron Crown|Fighting
|move|p1a: Excadrill|Earthquake|p2a: Iron Crown
|-damage|p2a: Iron Crown|14/100
|move|p2a: Iron Crown|Tera Blast|p1a: Excadrill|[anim] Tera Blast Fighting
|-supereffective|p1a: Excadrill
|-damage|p1a: Excadrill|0 fnt
|-enditem|p1a: Excadrill|Air Balloon
|faint|p1a: Excadrill
|
|-weather|none
|upkeep
|
|t:|1769419909
|switch|p1a: Tyranitar|Tyranitar, F|50/100
|-weather|Sandstorm|[from] ability: Sand Stream|[of] p1a: Tyranitar
|turn|26
|
|t:|1769419917
|move|p2a: Iron Crown|Tachyon Cutter|p1a: Tyranitar
|-supereffective|p1a: Tyranitar
|-damage|p1a: Tyranitar|6/100
|-supereffective|p1a: Tyranitar
|-damage|p1a: Tyranitar|0 fnt
|faint|p1a: Tyranitar
|-hitcount|p1: Tyranitar|2
|
|-weather|Sandstorm|[upkeep]
|-damage|p2a: Iron Crown|8/100|[from] Sandstorm
|upkeep
|
|t:|1769419919
|switch|p1a: Slowking|Slowking-Galar, F|50/100
|turn|27
|
|t:|1769419925
|switch|p1a: Hydrapple|Hydrapple, M|92/100
|move|p2a: Iron Crown|Stored Power|p1a: Hydrapple
|-damage|p1a: Hydrapple|0 fnt
|faint|p1a: Hydrapple
|
|-weather|Sandstorm|[upkeep]
|-damage|p2a: Iron Crown|2/100|[from] Sandstorm
|upkeep
|
|t:|1769419933
|switch|p1a: Slowking|Slowking-Galar, F|84/100
|turn|28
|
|t:|1769419946
|-terastallize|p1a: Slowking|Grass
|move|p2a: Iron Crown|Stored Power|p1a: Slowking
|-damage|p1a: Slowking|2/100
|move|p1a: Slowking|Flamethrower|p2a: Iron Crown
|-damage|p2a: Iron Crown|0 fnt
|faint|p2a: Iron Crown
|-end|p2a: Iron Crown|Quark Drive|[silent]
|
|win|Wozzathesexygod
|raw|Wozzathesexygod's rating: 1505 &rarr; <strong>1523</strong><br />(+18 for winning)
|raw|Kis Vegallomas's rating: 1464 &rarr; <strong>1446</strong><br />(-18 for losing)
|c|☆Wozzathesexygod|Gg
