|j|☆JDStriker1
|j|☆Leriskato
|t:|1769336488
|gametype|singles
|player|p1|JDStriker1|wattson|1126
|player|p2|Leriskato|hoopster|1129
|gen|9
|tier|[Gen 9] OU
|rated|
|rule|HP Percentage Mod: HP is shown in percentages
|rule|Endless Battle Clause: Forcing endless battles is banned
|rule|Species Clause: Limit one of each Pokémon
|rule|OHKO Clause: OHKO moves are banned
|rule|Evasion Items Clause: Evasion items are banned
|rule|Evasion Moves Clause: Evasion moves are banned
|rule|Evasion Abilities Clause: Evasion abilities are banned
|rule|Sleep Moves Clause: Sleep-inducing moves are banned
|clearpoke
|poke|p1|Landorus-Therian, M|
|poke|p1|Tyranitar, M|
|poke|p1|Iron Treads|
|poke|p1|Gholdengo|
|poke|p1|Kyurem|
|poke|p1|Gliscor, M|
|poke|p2|Minior|
|poke|p2|Gholdengo|
|poke|p2|Maushold|
|poke|p2|Ninetales-Alola, F|
|poke|p2|Kyurem|
|poke|p2|Glimmora, M|
|teampreview
|
|t:|1769336494
|teamsize|p1|6
|teamsize|p2|6
|start
|switch|p1a: Landorus|Landorus-Therian, M|100/100
|switch|p2a: Maushold|Maushold|100/100
|-ability|p1a: Landorus|Intimidate|boost
|-unboost|p2a: Maushold|atk|1
|turn|1
|
|t:|1769336504
|move|p2a: Maushold|Tidy Up|p2a: Maushold
|-boost|p2a: Maushold|atk|1
|-boost|p2a: Maushold|spe|1
|move|p1a: Landorus|Earthquake|p2a: Maushold
|-damage|p2a: Maushold|7/100
|
|upkeep
|turn|2
|
|t:|1769336511
|move|p2a: Maushold|Population Bomb|p1a: Landorus
|-damage|p1a: Landorus|88/100
|-damage|p2a: Maushold|0 fnt|[from] item: Rocky Helmet|[of] p1a: Landorus
|faint|p2a: Maushold
|-hitcount|p1a: Landorus|1
|move|p1a: Landorus|Stealth Rock|p2: Maushold
|-sidestart|p2: Leriskato|move: Stealth Rock
|
|upkeep
|
|t:|1769336522
|switch|p2a: Glimmora|Glimmora, M|100/100
|-damage|p2a: Glimmora|88/100|[from] Stealth Rock
|-item|p2a: Glimmora|Air Balloon
|turn|3
|
|t:|1769336530
|move|p1a: Landorus|Taunt|p2a: Glimmora
|-start|p2a: Glimmora|move: Taunt
|move|p2a: Glimmora|Mortal Spin|p1a: Landorus
|-resisted|p1a: Landorus
|-damage|p1a: Landorus|85/100
|-status|p1a: Landorus|psn
|-damage|p2a: Glimmora|72/100|[from] item: Rocky Helmet|[of] p1a: Landorus
|-sideend|p2: Leriskato|Stealth Rock|[from] move: Mortal Spin|[of] p2a: Glimmora
|
|-damage|p1a: Landorus|72/100 psn|[from] psn
|upkeep
|turn|4
|
|t:|1769336543
|move|p1a: Landorus|U-turn|p2a: Glimmora
|-resisted|p2a: Glimmora
|-damage|p2a: Glimmora|57/100
|-activate|p2a: Glimmora|ability: Toxic Debris
|-sidestart|p1: JDStriker1|move: Toxic Spikes
|-enditem|p2a: Glimmora|Air Balloon
|
|t:|1769336549
|switch|p1a: Iron Treads|Iron Treads|100/100|[from] U-turn
|move|p2a: Glimmora|Power Gem|p1a: Iron Treads
|-resisted|p1a: Iron Treads
|-damage|p1a: Iron Treads|87/100
|
|-heal|p1a: Iron Treads|93/100|[from] item: Leftovers
|upkeep
|turn|5
|
|t:|1769336559
|switch|p2a: Ninetales|Ninetales-Alola, F|100/100
|-weather|Snowscape|[from] ability: Snow Warning|[of] p2a: Ninetales
|move|p1a: Iron Treads|Rapid Spin|p2a: Ninetales
|-crit|p2a: Ninetales
|-damage|p2a: Ninetales|79/100
|-boost|p1a: Iron Treads|spe|1
|-sideend|p1: JDStriker1|Toxic Spikes|[from] move: Rapid Spin|[of] p1a: Iron Treads
|
|-weather|Snowscape|[upkeep]
|-heal|p1a: Iron Treads|99/100|[from] item: Leftovers
|upkeep
|turn|6
|
|t:|1769336572
|move|p1a: Iron Treads|Earthquake|p2a: Ninetales
|-damage|p2a: Ninetales|37/100
|move|p2a: Ninetales|Aurora Veil|p2a: Ninetales
|-sidestart|p2: Leriskato|move: Aurora Veil
|
|-weather|Snowscape|[upkeep]
|-heal|p1a: Iron Treads|100/100|[from] item: Leftovers
|upkeep
|turn|7
|
|t:|1769336580
|switch|p2a: Minior|Minior|100/100
|-formechange|p2a: Minior|Minior-Meteor||[from] ability: Shields Down
|move|p1a: Iron Treads|Knock Off|p2a: Minior
|-damage|p2a: Minior|82/100
|-enditem|p2a: Minior|White Herb|[from] move: Knock Off|[of] p1a: Iron Treads
|
|-weather|Snowscape|[upkeep]
|upkeep
|turn|8
|
|t:|1769336593
|-end|p1a: Iron Treads|Quark Drive|[silent]
|switch|p1a: Kyurem|Kyurem|100/100
|-ability|p1a: Kyurem|Pressure
|move|p2a: Minior|Shell Smash|p2a: Minior
|-unboost|p2a: Minior|def|1
|-unboost|p2a: Minior|spd|1
|-boost|p2a: Minior|atk|2
|-boost|p2a: Minior|spa|2
|-boost|p2a: Minior|spe|2
|
|-weather|Snowscape|[upkeep]
|upkeep
|turn|9
|
|t:|1769336604
|move|p2a: Minior|Rock Slide|p1a: Kyurem
|-supereffective|p1a: Kyurem
|-damage|p1a: Kyurem|34/100
|move|p1a: Kyurem|Icicle Spear|p2a: Minior
|-supereffective|p2a: Minior
|-damage|p2a: Minior|49/100
|-supereffective|p2a: Minior
|-damage|p2a: Minior|19/100
|-supereffective|p2a: Minior
|-damage|p2a: Minior|0 fnt
|faint|p2a: Minior
|-hitcount|p2: Minior|3
|
|-weather|none
|upkeep
|
|t:|1769336612
|switch|p2a: Gholdengo|Gholdengo|100/100
|-item|p2a: Gholdengo|Air Balloon
|turn|10
|
|t:|1769336621
|switch|p1a: Gliscor|Gliscor, M|100/100
|move|p2a: Gholdengo|Nasty Plot|p2a: Gholdengo
|-boost|p2a: Gholdengo|spa|2
|
|-status|p1a: Gliscor|tox|[from] item: Toxic Orb
|upkeep
|turn|11
|
|t:|1769336635
|move|p2a: Gholdengo|Shadow Ball|p1a: Gliscor
|-damage|p1a: Gliscor|14/100 tox
|move|p1a: Gliscor|Earthquake|p2a: Gholdengo
|-immune|p2a: Gholdengo
|
|-heal|p1a: Gliscor|26/100 tox|[from] ability: Poison Heal
|upkeep
|turn|12
|
|t:|1769336645
|move|p2a: Gholdengo|Shadow Ball|p1a: Gliscor
|-damage|p1a: Gliscor|0 fnt
|faint|p1a: Gliscor
|
|upkeep
|
|t:|1769336649
|switch|p1a: Tyranitar|Tyranitar, M|100/100
|-weather|Sandstorm|[from] ability: Sand Stream|[of] p1a: Tyranitar
|turn|13
|
|t:|1769336659
|move|p2a: Gholdengo|Make It Rain|p1a: Tyranitar
|-supereffective|p1a: Tyranitar
|-damage|p1a: Tyranitar|0 fnt
|-unboost|p2a: Gholdengo|spa|1
|faint|p1a: Tyranitar
|
|-weather|Sandstorm|[upkeep]
|-sideend|p2: Leriskato|move: Aurora Veil
|upkeep
|
|t:|1769336669
|switch|p1a: Gholdengo|Gholdengo|100/100
|-item|p1a: Gholdengo|Air Balloon
|turn|14
|
|t:|1769336678
|-terastallize|p2a: Gholdengo|Grass
|move|p2a: Gholdengo|Shadow Ball|p1a: Gholdengo
|-supereffective|p1a: Gholdengo
|-damage|p1a: Gholdengo|0 fnt
|-enditem|p1a: Gholdengo|Air Balloon
|faint|p1a: Gholdengo
|
|-weather|Sandstorm|[upkeep]
|-damage|p2a: Gholdengo|94/100|[from] Sandstorm
|upkeep
|
|t:|1769336689
|switch|p1a: Landorus|Landorus-Therian, M|72/100 psn
|-ability|p1a: Landorus|Intimidate|boost
|-unboost|p2a: Gholdengo|atk|1
|turn|15
|
|t:|1769336693
|move|p1a: Landorus|U-turn|p2a: Gholdengo
|-supereffective|p2a: Gholdengo
|-damage|p2a: Gholdengo|32/100
|-enditem|p2a: Gholdengo|Air Balloon
|
|t:|1769336698
|switch|p1a: Kyurem|Kyurem|34/100|[from] U-turn
|-ability|p1a: Kyurem|Pressure
|move|p2a: Gholdengo|Shadow Ball|p1a: Kyurem
|-damage|p1a: Kyurem|0 fnt
|faint|p1a: Kyurem
|
|-weather|Sandstorm|[upkeep]
|-damage|p2a: Gholdengo|26/100|[from] Sandstorm
|upkeep
|
|t:|1769336708
|switch|p1a: Landorus|Landorus-Therian, M|72/100 psn
|-ability|p1a: Landorus|Intimidate|boost
|-unboost|p2a: Gholdengo|atk|1
|turn|16
|
|t:|1769336713
|switch|p2a: Glimmora|Glimmora, M|57/100
|move|p1a: Landorus|Earthquake|p2a: Glimmora
|-supereffective|p2a: Glimmora
|-damage|p2a: Glimmora|0 fnt
|-activate|p2a: Glimmora|ability: Toxic Debris
|-sidestart|p1: JDStriker1|move: Toxic Spikes
|faint|p2a: Glimmora
|
|-weather|Sandstorm|[upkeep]
|-damage|p1a: Landorus|60/100 psn|[from] psn
|upkeep
|
|t:|1769336716
|switch|p2a: Ninetales|Ninetales-Alola, F|37/100
|-weather|Snowscape|[from] ability: Snow Warning|[of] p2a: Ninetales
|turn|17
|
|t:|1769336726
|move|p2a: Ninetales|Aurora Veil|p2a: Ninetales
|-sidestart|p2: Leriskato|move: Aurora Veil
|move|p1a: Landorus|Earthquake|p2a: Ninetales
|-damage|p2a: Ninetales|13/100
|
|-weather|Snowscape|[upkeep]
|-damage|p1a: Landorus|48/100 psn|[from] psn
|upkeep
|turn|18
|
|t:|1769336733
|move|p2a: Ninetales|Blizzard|p1a: Landorus
|-supereffective|p1a: Landorus
|-damage|p1a: Landorus|0 fnt
|faint|p1a: Landorus
|
|-weather|Snowscape|[upkeep]
|upkeep
|
|t:|1769336738
|switch|p1a: Iron Treads|Iron Treads|100/100
|turn|19
|
|t:|1769336741
|move|p2a: Ninetales|Blizzard|p1a: Iron Treads
|-damage|p1a: Iron Treads|45/100
|move|p1a: Iron Treads|Rapid Spin|p2a: Ninetales
|-damage|p2a: Ninetales|6/100
|-boost|p1a: Iron Treads|spe|1
|-sideend|p1: JDStriker1|Toxic Spikes|[from] move: Rapid Spin|[of] p1a: Iron Treads
|
|-weather|Snowscape|[upkeep]
|-heal|p1a: Iron Treads|52/100|[from] item: Leftovers
|upkeep
|turn|20
|
|t:|1769336750
|move|p1a: Iron Treads|Rapid Spin|p2a: Ninetales
|-damage|p2a: Ninetales|0 fnt
|-boost|p1a: Iron Treads|spe|1
|faint|p2a: Ninetales
|
|-weather|Snowscape|[upkeep]
|-heal|p1a: Iron Treads|58/100|[from] item: Leftovers
|upkeep
|
|t:|1769336752
|switch|p2a: Kyurem|Kyurem|100/100
|-ability|p2a: Kyurem|Pressure
|turn|21
|
|t:|1769336761
|move|p1a: Iron Treads|Earthquake|p2a: Kyurem
|-damage|p2a: Kyurem|87/100
|move|p2a: Kyurem|Icicle Spear|p1a: Iron Treads
|-damage|p1a: Iron Treads|45/100
|-damage|p1a: Iron Treads|34/100
|-damage|p1a: Iron Treads|21/100
|-damage|p1a: Iron Treads|9/100
|-hitcount|p1a: Iron Treads|4
|
|-weather|none
|-heal|p1a: Iron Treads|15/100|[from] item: Leftovers
|upkeep
|turn|22
|
|t:|1769336775
|move|p1a: Iron Treads|Earthquake|p2a: Kyurem
|-damage|p2a: Kyurem|66/100
|move|p2a: Kyurem|Icicle Spear|p1a: Iron Treads
|-damage|p1a: Iron Treads|2/100
|-damage|p1a: Iron Treads|0 fnt
|faint|p1a: Iron Treads
|-end|p1a: Iron Treads|Quark Drive|[silent]
|-hitcount|p1: Iron Treads|2
|
|win|Leriskato
|raw|JDStriker1's rating: 1126 &rarr; <strong>1101</strong><br />(-25 for losing)
|raw|Leriskato's rating: 1129 &rarr; <strong>1154</strong><br />(+25 for winning)
|l|☆JDStriker1
|player|p1|
|l|☆Leriskato
|player|p2|
