|j|☆FishOfTheSea
|j|☆poopseydoopsey
|t:|1769363584
|gametype|singles
|player|p1|FishOfTheSea|elesa-gen5bw2|1713
|player|p2|poopseydoopsey|hiker-gen6|1737
|gen|9
|tier|[Gen 9] OU
|rated|
|rule|HP Percentage Mod: HP is shown in percentages
|rule|Endless Battle Clause: Forcing endless battles is banned
|rule|Species Clause: Limit one of each Pokémon
|rule|OHKO Clause: OHKO moves are banned
|rule|Evasion Items Clause: Evasion items are banned
|rule|Evasion Moves Clause: Evasion moves are banned
|rule|Evasion Abilities Clause: Evasion abilities are banned
|rule|Sleep Moves Clause: Sleep-inducing moves are banned
|clearpoke
|poke|p1|Slowking-Galar, F|
|poke|p1|Great Tusk|
|poke|p1|Dondozo, M|
|poke|p1|Darkrai|
|poke|p1|Corviknight, M|
|poke|p1|Hatterene, F|
|poke|p2|Dragapult, M|
|poke|p2|Samurott-Hisui, F|
|poke|p2|Dragonite, F|
|poke|p2|Great Tusk|
|poke|p2|Rillaboom, F|
|poke|p2|Heatran, M|
|teampreview
|inactive|Battle timer is ON: inactive players will automatically lose when time's up. (requested by poopseydoopsey)
|inactive|poopseydoopsey has 120 seconds left.
|
|t:|1769363636
|teamsize|p1|6
|teamsize|p2|6
|start
|switch|p1a: Great Tusk|Great Tusk|100/100
|switch|p2a: Dragapult|Dragapult, M|100/100
|turn|1
|
|t:|1769363647
|-end|p1a: Great Tusk|Protosynthesis|[silent]
|switch|p1a: Slowking|Slowking-Galar, F|100/100
|move|p2a: Dragapult|Shadow Ball|p1a: Slowking
|-supereffective|p1a: Slowking
|-damage|p1a: Slowking|44/100
|-damage|p2a: Dragapult|91/100|[from] item: Life Orb
|
|-heal|p1a: Slowking|50/100|[from] item: Black Sludge
|upkeep
|turn|2
|
|t:|1769363659
|switch|p1a: Dondozo|Dondozo, M|100/100
|move|p2a: Dragapult|Dragon Darts|p1a: Dondozo
|-crit|p1a: Dondozo
|-damage|p1a: Dondozo|76/100
|-anim|p2a: Dragapult|Dragon Darts|p1a: Dondozo
|-damage|p1a: Dondozo|60/100
|-damage|p2a: Dragapult|81/100|[from] item: Life Orb
|
|-heal|p1a: Dondozo|66/100|[from] item: Leftovers
|upkeep
|turn|3
|
|t:|1769363676
|move|p2a: Dragapult|Shadow Ball|p1a: Dondozo
|-damage|p1a: Dondozo|35/100
|-unboost|p1a: Dondozo|spd|1
|-damage|p2a: Dragapult|71/100|[from] item: Life Orb
|move|p1a: Dondozo|Rest|p1a: Dondozo
|-status|p1a: Dondozo|slp|[from] move: Rest
|-heal|p1a: Dondozo|100/100 slp|[silent]
|
|upkeep
|turn|4
|
|t:|1769363685
|move|p2a: Dragapult|Shadow Ball|p1a: Dondozo
|-damage|p1a: Dondozo|55/100 slp
|-damage|p2a: Dragapult|61/100|[from] item: Life Orb
|cant|p1a: Dondozo|slp
|move|p1a: Dondozo|Sleep Talk|p1a: Dondozo
|move|p1a: Dondozo|Avalanche|p2a: Dragapult|[from] move: Sleep Talk
|-supereffective|p2a: Dragapult
|-damage|p2a: Dragapult|0 fnt
|faint|p2a: Dragapult
|
|-heal|p1a: Dondozo|62/100 slp|[from] item: Leftovers
|upkeep
|
|t:|1769363697
|switch|p2a: Samurott|Samurott-Hisui, F|100/100
|turn|5
|
|t:|1769363702
|switch|p1a: Corviknight|Corviknight, M|100/100
|-ability|p1a: Corviknight|Pressure
|move|p2a: Samurott|Ceaseless Edge|p1a: Corviknight
|-damage|p1a: Corviknight|71/100
|-damage|p2a: Samurott|84/100|[from] item: Rocky Helmet|[of] p1a: Corviknight
|-sidestart|p1: FishOfTheSea|Spikes
|
|upkeep
|turn|6
|
|t:|1769363710
|move|p2a: Samurott|Knock Off|p1a: Corviknight
|-damage|p1a: Corviknight|40/100
|-damage|p2a: Samurott|68/100|[from] item: Rocky Helmet|[of] p1a: Corviknight
|-enditem|p1a: Corviknight|Rocky Helmet|[from] move: Knock Off|[of] p2a: Samurott
|move|p1a: Corviknight|Roost|p1a: Corviknight
|-heal|p1a: Corviknight|90/100
|-singleturn|p1a: Corviknight|move: Roost
|
|upkeep
|turn|7
|
|t:|1769363714
|move|p2a: Samurott|Razor Shell|p1a: Corviknight
|-damage|p1a: Corviknight|58/100
|move|p1a: Corviknight|Body Press|p2a: Samurott
|-supereffective|p2a: Samurott
|-damage|p2a: Samurott|8/100
|
|upkeep
|turn|8
|
|t:|1769363721
|move|p2a: Samurott|Ceaseless Edge|p1a: Corviknight
|-damage|p1a: Corviknight|26/100
|-sidestart|p1: FishOfTheSea|Spikes
|move|p1a: Corviknight|Roost|p1a: Corviknight
|-heal|p1a: Corviknight|76/100
|-singleturn|p1a: Corviknight|move: Roost
|
|upkeep
|turn|9
|
|t:|1769363726
|switch|p2a: Heatran|Heatran, M|100/100
|move|p1a: Corviknight|Roost|p1a: Corviknight
|-heal|p1a: Corviknight|100/100
|-singleturn|p1a: Corviknight|move: Roost
|
|upkeep
|turn|10
|
|t:|1769363756
|-terastallize|p1a: Corviknight|Dragon
|move|p2a: Heatran|Magma Storm|p1a: Corviknight|[miss]
|-miss|p2a: Heatran|p1a: Corviknight
|move|p1a: Corviknight|Iron Defense|p1a: Corviknight
|-boost|p1a: Corviknight|def|2
|
|upkeep
|turn|11
|
|t:|1769363763
|move|p2a: Heatran|Will-O-Wisp|p1a: Corviknight
|-status|p1a: Corviknight|brn
|move|p1a: Corviknight|Body Press|p2a: Heatran
|-supereffective|p2a: Heatran
|-damage|p2a: Heatran|51/100
|
|-heal|p2a: Heatran|57/100|[from] item: Leftovers
|-damage|p1a: Corviknight|94/100 brn|[from] brn
|upkeep
|turn|12
|
|t:|1769363772
|move|p2a: Heatran|Magma Storm|p1a: Corviknight
|-resisted|p1a: Corviknight
|-damage|p1a: Corviknight|69/100 brn
|-activate|p1a: Corviknight|move: Magma Storm|[of] p2a: Heatran
|move|p1a: Corviknight|Body Press|p2a: Heatran
|-supereffective|p2a: Heatran
|-damage|p2a: Heatran|5/100
|
|-heal|p2a: Heatran|11/100|[from] item: Leftovers
|-damage|p1a: Corviknight|63/100 brn|[from] brn
|-damage|p1a: Corviknight|51/100 brn|[from] move: Magma Storm|[partiallytrapped]
|upkeep
|turn|13
|
|t:|1769363788
|switch|p2a: Great Tusk|Great Tusk|100/100
|-enditem|p2a: Great Tusk|Booster Energy
|-activate|p2a: Great Tusk|ability: Protosynthesis|[fromitem]
|-start|p2a: Great Tusk|protosynthesisatk
|move|p1a: Corviknight|Roost|p1a: Corviknight
|-heal|p1a: Corviknight|100/100 brn
|
|-damage|p1a: Corviknight|94/100 brn|[from] brn
|-end|p1a: Corviknight|Magma Storm|[partiallytrapped]|[silent]
|upkeep
|turn|14
|
|t:|1769363795
|-end|p2a: Great Tusk|Protosynthesis|[silent]
|switch|p2a: Dragonite|Dragonite, F|100/100
|move|p1a: Corviknight|Iron Defense|p1a: Corviknight
|-boost|p1a: Corviknight|def|2
|
|-damage|p1a: Corviknight|88/100 brn|[from] brn
|upkeep
|turn|15
|
|t:|1769363800
|move|p2a: Dragonite|Encore|p1a: Corviknight
|-start|p1a: Corviknight|Encore
|move|p1a: Corviknight|Iron Defense|p1a: Corviknight
|-boost|p1a: Corviknight|def|2
|
|-damage|p1a: Corviknight|82/100 brn|[from] brn
|upkeep
|turn|16
|
|t:|1769363806
|switch|p2a: Rillaboom|Rillaboom, F|100/100
|-fieldstart|move: Grassy Terrain|[from] ability: Grassy Surge|[of] p2a: Rillaboom
|switch|p1a: Hatterene|Hatterene, F|100/100
|-damage|p1a: Hatterene|84/100|[from] Spikes
|
|-heal|p1a: Hatterene|90/100|[from] Grassy Terrain
|-heal|p1a: Hatterene|96/100|[from] item: Leftovers
|upkeep
|turn|17
|
|t:|1769363815
|switch|p1a: Corviknight|Corviknight, M, tera:Dragon|82/100 brn
|-damage|p1a: Corviknight|66/100 brn|[from] Spikes
|-ability|p1a: Corviknight|Pressure
|move|p2a: Rillaboom|Wood Hammer|p1a: Corviknight
|-resisted|p1a: Corviknight
|-damage|p1a: Corviknight|25/100 brn
|-damage|p2a: Rillaboom|85/100|[from] Recoil
|
|-heal|p2a: Rillaboom|91/100|[from] Grassy Terrain
|-heal|p1a: Corviknight|31/100 brn|[from] Grassy Terrain
|-damage|p1a: Corviknight|25/100 brn|[from] brn
|upkeep
|turn|18
|
|t:|1769363822
|move|p2a: Rillaboom|Wood Hammer|p1a: Corviknight
|-resisted|p1a: Corviknight
|-damage|p1a: Corviknight|0 fnt
|faint|p1a: Corviknight
|-damage|p2a: Rillaboom|81/100|[from] Recoil
|
|-heal|p2a: Rillaboom|88/100|[from] Grassy Terrain
|upkeep
|
|t:|1769363829
|switch|p1a: Darkrai|Darkrai|100/100
|-damage|p1a: Darkrai|84/100|[from] Spikes
|turn|19
|
|t:|1769363858
|switch|p2a: Samurott|Samurott-Hisui, F|8/100
|move|p1a: Darkrai|Dark Pulse|p2a: Samurott
|-resisted|p2a: Samurott
|-damage|p2a: Samurott|0 fnt
|faint|p2a: Samurott
|
|-heal|p1a: Darkrai|90/100|[from] Grassy Terrain
|upkeep
|inactive|poopseydoopsey has 120 seconds left.
|
|t:|1769363877
|switch|p2a: Rillaboom|Rillaboom, F|88/100
|turn|20
|
|t:|1769363883
|switch|p1a: Slowking|Slowking-Galar, F|84/100
|-damage|p1a: Slowking|67/100|[from] Spikes
|move|p2a: Rillaboom|U-turn|p1a: Slowking
|-damage|p1a: Slowking|25/100
|
|t:|1769363885
|switch|p2a: Heatran|Heatran, M|11/100|[from] U-turn
|
|-heal|p2a: Heatran|17/100|[from] Grassy Terrain
|-heal|p2a: Heatran|23/100|[from] item: Leftovers
|-heal|p1a: Slowking|31/100|[from] Grassy Terrain
|-heal|p1a: Slowking|37/100|[from] item: Black Sludge
|-fieldend|move: Grassy Terrain
|upkeep
|turn|21
|
|t:|1769363895
|move|p2a: Heatran|Stealth Rock|p1a: Slowking
|-sidestart|p1: FishOfTheSea|move: Stealth Rock
|-prepare|p1a: Slowking|Chilly Reception|[premajor]
|move|p1a: Slowking|Chilly Reception|p1a: Slowking
|-weather|Snowscape
|
|t:|1769363900
|switch|p1a: Great Tusk|Great Tusk|100/100|[from] Chilly Reception
|
|-weather|Snowscape|[upkeep]
|-heal|p2a: Heatran|30/100|[from] item: Leftovers
|upkeep
|turn|22
|
|t:|1769363909
|-terastallize|p2a: Heatran|Ghost
|move|p1a: Great Tusk|Rapid Spin|p2a: Heatran
|-immune|p2a: Heatran
|move|p2a: Heatran|Will-O-Wisp|p1a: Great Tusk
|-status|p1a: Great Tusk|brn
|
|-weather|Snowscape|[upkeep]
|-heal|p2a: Heatran|36/100|[from] item: Leftovers
|-damage|p1a: Great Tusk|94/100 brn|[from] brn
|upkeep
|turn|23
|
|t:|1769363921
|move|p1a: Great Tusk|Knock Off|p2a: Heatran
|-supereffective|p2a: Heatran
|-damage|p2a: Heatran|1/100
|-enditem|p2a: Heatran|Leftovers|[from] move: Knock Off|[of] p1a: Great Tusk
|move|p2a: Heatran|Magma Storm|p1a: Great Tusk
|-damage|p1a: Great Tusk|13/100 brn
|-activate|p1a: Great Tusk|move: Magma Storm|[of] p2a: Heatran
|
|-weather|Snowscape|[upkeep]
|-damage|p1a: Great Tusk|7/100 brn|[from] brn
|-damage|p1a: Great Tusk|0 fnt|[from] move: Magma Storm|[partiallytrapped]
|faint|p1a: Great Tusk
|-end|p1a: Great Tusk|Protosynthesis|[silent]
|upkeep
|
|t:|1769363932
|switch|p1a: Darkrai|Darkrai|90/100
|-damage|p1a: Darkrai|74/100|[from] Spikes
|-damage|p1a: Darkrai|61/100|[from] Stealth Rock
|turn|24
|
|t:|1769363935
|move|p1a: Darkrai|Dark Pulse|p2a: Heatran
|-supereffective|p2a: Heatran
|-damage|p2a: Heatran|0 fnt
|faint|p2a: Heatran
|
|-weather|Snowscape|[upkeep]
|upkeep
|
|t:|1769363946
|switch|p2a: Rillaboom|Rillaboom, F|88/100
|-fieldstart|move: Grassy Terrain|[from] ability: Grassy Surge|[of] p2a: Rillaboom
|turn|25
|
|t:|1769363951
|switch|p1a: Slowking|Slowking-Galar, F|71/100
|-damage|p1a: Slowking|54/100|[from] Spikes
|-damage|p1a: Slowking|42/100|[from] Stealth Rock
|move|p2a: Rillaboom|Grassy Glide|p1a: Slowking
|-resisted|p1a: Slowking
|-damage|p1a: Slowking|10/100
|
|-weather|none
|-heal|p2a: Rillaboom|94/100|[from] Grassy Terrain
|-heal|p1a: Slowking|16/100|[from] Grassy Terrain
|-heal|p1a: Slowking|22/100|[from] item: Black Sludge
|upkeep
|turn|26
|
|t:|1769363957
|switch|p1a: Darkrai|Darkrai|61/100
|-damage|p1a: Darkrai|45/100|[from] Spikes
|-damage|p1a: Darkrai|33/100|[from] Stealth Rock
|move|p2a: Rillaboom|Grassy Glide|p1a: Darkrai
|-damage|p1a: Darkrai|0 fnt
|faint|p1a: Darkrai
|
|-heal|p2a: Rillaboom|99/100|[from] Grassy Terrain
|upkeep
|
|t:|1769363963
|switch|p1a: Hatterene|Hatterene, F|96/100
|-damage|p1a: Hatterene|79/100|[from] Spikes
|-damage|p1a: Hatterene|67/100|[from] Stealth Rock
|turn|27
|
|t:|1769363971
|move|p2a: Rillaboom|Grassy Glide|p1a: Hatterene
|-damage|p1a: Hatterene|21/100
|move|p1a: Hatterene|Mystical Fire|p2a: Rillaboom
|-supereffective|p2a: Rillaboom
|-damage|p2a: Rillaboom|35/100
|-unboost|p2a: Rillaboom|spa|1
|
|-heal|p2a: Rillaboom|42/100|[from] Grassy Terrain
|-heal|p1a: Hatterene|27/100|[from] Grassy Terrain
|-heal|p1a: Hatterene|33/100|[from] item: Leftovers
|upkeep
|turn|28
|
|t:|1769363975
|move|p2a: Rillaboom|Grassy Glide|p1a: Hatterene
|-damage|p1a: Hatterene|0 fnt
|faint|p1a: Hatterene
|
|-heal|p2a: Rillaboom|48/100|[from] Grassy Terrain
|upkeep
|
|t:|1769363978
|switch|p1a: Slowking|Slowking-Galar, F|55/100
|-damage|p1a: Slowking|39/100|[from] Spikes
|-damage|p1a: Slowking|26/100|[from] Stealth Rock
|turn|29
|
|t:|1769363982
|move|p2a: Rillaboom|Grassy Glide|p1a: Slowking
|-resisted|p1a: Slowking
|-damage|p1a: Slowking|0 fnt
|faint|p1a: Slowking
|
|-heal|p2a: Rillaboom|54/100|[from] Grassy Terrain
|-fieldend|move: Grassy Terrain
|upkeep
|-message|FishOfTheSea forfeited.
|
|win|poopseydoopsey
|raw|FishOfTheSea's rating: 1713 &rarr; <strong>1694</strong><br />(-19 for losing)
|raw|poopseydoopsey's rating: 1737 &rarr; <strong>1756</strong><br />(+19 for winning)
|l|☆FishOfTheSea
|player|p1|
|l|☆poopseydoopsey
|player|p2|
|j| Samurajen
