|j|☆LiedGhostFox
|j|☆pitfox64
|t:|1769341123
|gametype|singles
|player|p1|LiedGhostFox|ethan|1316
|player|p2|pitfox64|102|1355
|gen|9
|tier|[Gen 9] OU
|rated|
|rule|HP Percentage Mod: HP is shown in percentages
|rule|Endless Battle Clause: Forcing endless battles is banned
|rule|Species Clause: Limit one of each Pokémon
|rule|OHKO Clause: OHKO moves are banned
|rule|Evasion Items Clause: Evasion items are banned
|rule|Evasion Moves Clause: Evasion moves are banned
|rule|Evasion Abilities Clause: Evasion abilities are banned
|rule|Sleep Moves Clause: Sleep-inducing moves are banned
|clearpoke
|poke|p1|Raging Bolt|
|poke|p1|Corviknight, M|
|poke|p1|Dragapult, M|
|poke|p1|Meowscarada, M|
|poke|p1|Latios, M|
|poke|p1|Iron Moth|
|poke|p2|Rillaboom, M|
|poke|p2|Heracross, M|
|poke|p2|Iron Moth|
|poke|p2|Tentacruel, M|
|poke|p2|Umbreon, M|
|poke|p2|Meowstic, M|
|teampreview
|inactive|Battle timer is ON: inactive players will automatically lose when time's up. (requested by LiedGhostFox)
|inactive|LiedGhostFox has 120 seconds left.
|
|t:|1769341158
|teamsize|p1|6
|teamsize|p2|6
|start
|switch|p1a: Iron Moth|Iron Moth|100/100
|switch|p2a: Meowstic|Meowstic, M|100/100
|turn|1
|
|t:|1769341165
|move|p2a: Meowstic|Light Screen|p2a: Meowstic
|-sidestart|p2: pitfox64|move: Light Screen
|move|p1a: Iron Moth|Fiery Dance|p2a: Meowstic
|-damage|p2a: Meowstic|74/100
|-boost|p1a: Iron Moth|spa|1
|
|upkeep
|turn|2
|
|t:|1769341170
|move|p2a: Meowstic|Reflect|p2a: Meowstic
|-sidestart|p2: pitfox64|Reflect
|move|p1a: Iron Moth|Fiery Dance|p2a: Meowstic
|-damage|p2a: Meowstic|39/100
|
|upkeep
|turn|3
|
|t:|1769341177
|move|p2a: Meowstic|Thunder Wave|p1a: Iron Moth
|-status|p1a: Iron Moth|par
|move|p1a: Iron Moth|Fiery Dance|p2a: Meowstic
|-damage|p2a: Meowstic|5/100
|-boost|p1a: Iron Moth|spa|1
|
|upkeep
|turn|4
|
|t:|1769341184
|switch|p2a: Tentacruel|Tentacruel, M|100/100
|move|p1a: Iron Moth|Fiery Dance|p2a: Tentacruel
|-resisted|p2a: Tentacruel
|-damage|p2a: Tentacruel|88/100
|-boost|p1a: Iron Moth|spa|1
|
|upkeep
|turn|5
|
|t:|1769341191
|move|p2a: Tentacruel|Surf|p1a: Iron Moth
|-supereffective|p1a: Iron Moth
|-damage|p1a: Iron Moth|63/100 par
|move|p1a: Iron Moth|Psychic|p2a: Tentacruel
|-supereffective|p2a: Tentacruel
|-damage|p2a: Tentacruel|41/100
|
|upkeep
|turn|6
|
|t:|1769341198
|move|p2a: Tentacruel|Surf|p1a: Iron Moth
|-supereffective|p1a: Iron Moth
|-damage|p1a: Iron Moth|22/100 par
|cant|p1a: Iron Moth|par
|
|upkeep
|turn|7
|
|t:|1769341209
|-end|p1a: Iron Moth|Quark Drive|[silent]
|switch|p1a: Latios|Latios, M, shiny|100/100
|move|p2a: Tentacruel|Surf|p1a: Latios
|-resisted|p1a: Latios
|-damage|p1a: Latios|83/100
|
|upkeep
|turn|8
|
|t:|1769341214
|move|p1a: Latios|Luster Purge|p2a: Tentacruel
|-supereffective|p2a: Tentacruel
|-damage|p2a: Tentacruel|13/100
|-unboost|p2a: Tentacruel|spd|1
|move|p2a: Tentacruel|Ice Beam|p1a: Latios
|-supereffective|p1a: Latios
|-damage|p1a: Latios|36/100
|
|-sideend|p2: pitfox64|move: Light Screen
|upkeep
|turn|9
|
|t:|1769341225
|switch|p2a: Umbreon|Umbreon, M, shiny|100/100
|move|p1a: Latios|Dragon Pulse|p2a: Umbreon
|-damage|p2a: Umbreon|65/100
|
|-heal|p2a: Umbreon|71/100|[from] item: Leftovers
|-sideend|p2: pitfox64|Reflect
|upkeep
|turn|10
|
|t:|1769341232
|switch|p1a: Iron Moth|Iron Moth|22/100 par
|move|p2a: Umbreon|Wish|p2a: Umbreon
|
|-heal|p2a: Umbreon|77/100|[from] item: Leftovers
|upkeep
|turn|11
|
|t:|1769341238
|switch|p2a: Tentacruel|Tentacruel, M|13/100
|move|p1a: Iron Moth|Psychic|p2a: Tentacruel
|-supereffective|p2a: Tentacruel
|-damage|p2a: Tentacruel|0 fnt
|faint|p2a: Tentacruel
|
|upkeep
|
|t:|1769341248
|switch|p2a: Iron Moth|Iron Moth|100/100
|-enditem|p2a: Iron Moth|Booster Energy
|-activate|p2a: Iron Moth|ability: Quark Drive|[fromitem]
|-start|p2a: Iron Moth|quarkdrivespa
|turn|12
|
|t:|1769341253
|move|p2a: Iron Moth|Fiery Dance|p1a: Iron Moth
|-resisted|p1a: Iron Moth
|-crit|p1a: Iron Moth
|-damage|p1a: Iron Moth|0 fnt
|-boost|p2a: Iron Moth|spa|1
|faint|p1a: Iron Moth
|-end|p1a: Iron Moth|Quark Drive|[silent]
|
|upkeep
|
|t:|1769341259
|switch|p1a: Latios|Latios, M, shiny|36/100
|turn|13
|
|t:|1769341283
|move|p1a: Latios|Luster Purge|p2a: Iron Moth
|-supereffective|p2a: Iron Moth
|-damage|p2a: Iron Moth|0 fnt
|faint|p2a: Iron Moth
|-end|p2a: Iron Moth|Quark Drive|[silent]
|
|upkeep
|
|t:|1769341289
|switch|p2a: Meowstic|Meowstic, M|5/100
|turn|14
|
|t:|1769341292
|move|p2a: Meowstic|Light Screen|p2a: Meowstic
|-sidestart|p2: pitfox64|move: Light Screen
|move|p1a: Latios|Dragon Pulse|p2a: Meowstic
|-crit|p2a: Meowstic
|-damage|p2a: Meowstic|0 fnt
|faint|p2a: Meowstic
|
|upkeep
|
|t:|1769341303
|switch|p2a: Rillaboom|Rillaboom, M|100/100
|-fieldstart|move: Grassy Terrain|[from] ability: Grassy Surge|[of] p2a: Rillaboom
|turn|15
|
|t:|1769341307
|move|p1a: Latios|Luster Purge|p2a: Rillaboom
|-damage|p2a: Rillaboom|72/100
|move|p2a: Rillaboom|Swords Dance|p2a: Rillaboom
|-boost|p2a: Rillaboom|atk|2
|
|-heal|p2a: Rillaboom|78/100|[from] Grassy Terrain
|upkeep
|turn|16
|
|t:|1769341314
|switch|p1a: Corviknight|Corviknight, M, shiny|100/100
|move|p2a: Rillaboom|Grassy Glide|p1a: Corviknight
|-resisted|p1a: Corviknight
|-damage|p1a: Corviknight|88/100
|-damage|p2a: Rillaboom|61/100|[from] item: Rocky Helmet|[of] p1a: Corviknight
|
|-heal|p2a: Rillaboom|67/100|[from] Grassy Terrain
|upkeep
|turn|17
|
|t:|1769341323
|-terastallize|p2a: Rillaboom|Fire
|move|p2a: Rillaboom|Swords Dance|p2a: Rillaboom
|-boost|p2a: Rillaboom|atk|2
|move|p1a: Corviknight|Iron Defense|p1a: Corviknight
|-boost|p1a: Corviknight|def|2
|
|-heal|p2a: Rillaboom|73/100|[from] Grassy Terrain
|upkeep
|turn|18
|
|t:|1769341331
|move|p2a: Rillaboom|Tera Blast|p1a: Corviknight|[anim] Tera Blast Fire
|-supereffective|p1a: Corviknight
|-damage|p1a: Corviknight|4/100
|move|p1a: Corviknight|Iron Defense|p1a: Corviknight
|-boost|p1a: Corviknight|def|2
|
|-heal|p2a: Rillaboom|79/100|[from] Grassy Terrain
|upkeep
|turn|19
|
|t:|1769341338
|move|p2a: Rillaboom|Tera Blast|p1a: Corviknight|[anim] Tera Blast Fire
|-supereffective|p1a: Corviknight
|-damage|p1a: Corviknight|0 fnt
|faint|p1a: Corviknight
|
|-heal|p2a: Rillaboom|85/100|[from] Grassy Terrain
|upkeep
|
|t:|1769341345
|switch|p1a: Meowscarada|Meowscarada, M, shiny|100/100
|turn|20
|inactive|pitfox64 has 120 seconds left.
|
|t:|1769341399
|move|p1a: Meowscarada|Knock Off|p2a: Rillaboom
|-start|p1a: Meowscarada|typechange|Dark|[from] ability: Protean
|-damage|p2a: Rillaboom|46/100
|-enditem|p2a: Rillaboom|Terrain Extender|[from] move: Knock Off|[of] p1a: Meowscarada
|move|p2a: Rillaboom|Tera Blast|p1a: Meowscarada|[anim] Tera Blast Fire
|-damage|p1a: Meowscarada|0 fnt
|faint|p1a: Meowscarada
|
|-heal|p2a: Rillaboom|52/100|[from] Grassy Terrain
|upkeep
|
|t:|1769341411
|switch|p1a: Dragapult|Dragapult, M|100/100
|turn|21
|
|t:|1769341414
|move|p1a: Dragapult|Dragon Darts|p2a: Rillaboom
|-damage|p2a: Rillaboom|21/100
|-anim|p1a: Dragapult|Dragon Darts|p2a: Rillaboom
|-crit|p2a: Rillaboom
|-damage|p2a: Rillaboom|0 fnt
|faint|p2a: Rillaboom
|-damage|p1a: Dragapult|91/100|[from] item: Life Orb
|
|-heal|p1a: Dragapult|97/100|[from] Grassy Terrain
|-sideend|p2: pitfox64|move: Light Screen
|upkeep
|
|t:|1769341419
|switch|p2a: Heracross|Heracross, M|100/100
|turn|22
|
|t:|1769341426
|switch|p1a: Raging Bolt|Raging Bolt|100/100
|-enditem|p1a: Raging Bolt|Booster Energy
|-activate|p1a: Raging Bolt|ability: Protosynthesis|[fromitem]
|-start|p1a: Raging Bolt|protosynthesisspa
|move|p2a: Heracross|Knock Off|p1a: Raging Bolt
|-damage|p1a: Raging Bolt|82/100
|
|-heal|p1a: Raging Bolt|88/100|[from] Grassy Terrain
|-fieldend|move: Grassy Terrain
|-status|p2a: Heracross|brn|[from] item: Flame Orb
|upkeep
|turn|23
|
|t:|1769341438
|move|p2a: Heracross|High Horsepower|p1a: Raging Bolt
|-supereffective|p1a: Raging Bolt
|-damage|p1a: Raging Bolt|13/100
|move|p1a: Raging Bolt|Dragon Pulse|p2a: Heracross
|-crit|p2a: Heracross
|-damage|p2a: Heracross|0 fnt
|faint|p2a: Heracross
|
|upkeep
|
|t:|1769341444
|switch|p2a: Umbreon|Umbreon, M, shiny|77/100
|turn|24
|
|t:|1769341447
|move|p1a: Raging Bolt|Discharge|p2a: Umbreon
|-damage|p2a: Umbreon|37/100
|move|p2a: Umbreon|Wish|p2a: Umbreon
|
|-heal|p2a: Umbreon|43/100|[from] item: Leftovers
|upkeep
|turn|25
|
|t:|1769341453
|move|p1a: Raging Bolt|Discharge|p2a: Umbreon
|-damage|p2a: Umbreon|0 fnt
|faint|p2a: Umbreon
|
|win|LiedGhostFox
|raw|LiedGhostFox's rating: 1316 &rarr; <strong>1338</strong><br />(+22 for winning)
|raw|pitfox64's rating: 1355 &rarr; <strong>1333</strong><br />(-22 for losing)
|l|☆pitfox64
|player|p2|
|c|☆LiedGhostFox|ez
|l|☆LiedGhostFox
|player|p1|
