|j|☆Gentai_Kiajo
|j|☆deathflower
|t:|1769411476
|gametype|singles
|player|p1|Gentai_Kiajo|steven|1067
|player|p2|deathflower|iris|1152
|gen|9
|tier|[Gen 9] OU
|rated|
|rule|HP Percentage Mod: HP is shown in percentages
|rule|Endless Battle Clause: Forcing endless battles is banned
|rule|Species Clause: Limit one of each Pokémon
|rule|OHKO Clause: OHKO moves are banned
|rule|Evasion Items Clause: Evasion items are banned
|rule|Evasion Moves Clause: Evasion moves are banned
|rule|Evasion Abilities Clause: Evasion abilities are banned
|rule|Sleep Moves Clause: Sleep-inducing moves are banned
|clearpoke
|poke|p1|Golurk|
|poke|p1|Pyroar, F|
|poke|p1|Rillaboom, F|
|poke|p1|Garganacl, M|
|poke|p1|Goodra, F|
|poke|p1|Samurott-Hisui, F|
|poke|p2|Mandibuzz, F|
|poke|p2|Araquanid, M|
|poke|p2|Pelipper, M|
|poke|p2|Kilowattrel, F|
|poke|p2|Beartic, M|
|poke|p2|Quagsire, M|
|teampreview
|inactive|Battle timer is ON: inactive players will automatically lose when time's up. (requested by Gentai_Kiajo)
|
|t:|1769411500
|teamsize|p1|6
|teamsize|p2|6
|start
|switch|p1a: Rillaboom|Rillaboom, F|100/100
|switch|p2a: Pelipper|Pelipper, M|100/100
|-weather|RainDance|[from] ability: Drizzle|[of] p2a: Pelipper
|turn|1
|
|t:|1769411519
|move|p1a: Rillaboom|U-turn|p2a: Pelipper
|-resisted|p2a: Pelipper
|-damage|p2a: Pelipper|86/100
|
|t:|1769411528
|switch|p1a: Goodra|Goodra, F|100/100|[from] U-turn
|move|p2a: Pelipper|Hurricane|p1a: Goodra
|-damage|p1a: Goodra|82/100
|
|-weather|RainDance|[upkeep]
|upkeep
|turn|2
|
|t:|1769411537
|move|p1a: Goodra|Knock Off|p2a: Pelipper
|-damage|p2a: Pelipper|68/100
|-enditem|p2a: Pelipper|Damp Rock|[from] move: Knock Off|[of] p1a: Goodra
|move|p2a: Pelipper|U-turn|p1a: Goodra
|-damage|p1a: Goodra|70/100
|
|t:|1769411541
|switch|p2a: Beartic|Beartic, M|100/100|[from] U-turn
|
|-weather|RainDance|[upkeep]
|upkeep
|turn|3
|
|t:|1769411554
|move|p2a: Beartic|Icicle Crash|p1a: Goodra
|-supereffective|p1a: Goodra
|-damage|p1a: Goodra|0 fnt
|faint|p1a: Goodra
|
|-weather|RainDance|[upkeep]
|upkeep
|
|t:|1769411562
|switch|p1a: Garganacl|Garganacl, M|100/100
|turn|4
|
|t:|1769411565
|move|p2a: Beartic|Close Combat|p1a: Garganacl
|-supereffective|p1a: Garganacl
|-crit|p1a: Garganacl
|-damage|p1a: Garganacl|13/100
|-unboost|p2a: Beartic|def|1
|-unboost|p2a: Beartic|spd|1
|move|p1a: Garganacl|Iron Defense|p1a: Garganacl
|-boost|p1a: Garganacl|def|2
|
|-weather|RainDance|[upkeep]
|-heal|p1a: Garganacl|19/100|[from] item: Leftovers
|upkeep
|turn|5
|
|t:|1769411572
|move|p2a: Beartic|Earthquake|p1a: Garganacl
|-supereffective|p1a: Garganacl
|-damage|p1a: Garganacl|0 fnt
|faint|p1a: Garganacl
|
|-weather|RainDance|[upkeep]
|upkeep
|
|t:|1769411580
|switch|p1a: Samurott|Samurott-Hisui, F|100/100
|turn|6
|
|t:|1769411584
|move|p1a: Samurott|Sucker Punch|p2a: Beartic
|-damage|p2a: Beartic|36/100
|move|p2a: Beartic|Close Combat|p1a: Samurott
|-supereffective|p1a: Samurott
|-damage|p1a: Samurott|0 fnt
|-unboost|p2a: Beartic|def|1
|-unboost|p2a: Beartic|spd|1
|faint|p1a: Samurott
|
|-weather|RainDance|[upkeep]
|upkeep
|
|t:|1769411588
|switch|p1a: Rillaboom|Rillaboom, F|100/100
|turn|7
|
|t:|1769411591
|switch|p2a: Mandibuzz|Mandibuzz, F, shiny|100/100
|move|p1a: Rillaboom|Grassy Glide|p2a: Mandibuzz
|-resisted|p2a: Mandibuzz
|-crit|p2a: Mandibuzz
|-damage|p2a: Mandibuzz|76/100
|
|-weather|RainDance|[upkeep]
|upkeep
|turn|8
|
|t:|1769411601
|switch|p1a: Pyroar|Pyroar, F|100/100
|move|p2a: Mandibuzz|Foul Play|p1a: Pyroar
|-damage|p1a: Pyroar|70/100
|
|-weather|none
|upkeep
|turn|9
|
|t:|1769411611
|switch|p2a: Pelipper|Pelipper, M|68/100
|-weather|RainDance|[from] ability: Drizzle|[of] p2a: Pelipper
|move|p1a: Pyroar|Hyper Voice|p2a: Pelipper
|-damage|p2a: Pelipper|6/100
|
|-weather|RainDance|[upkeep]
|upkeep
|turn|10
|
|t:|1769411615
|move|p1a: Pyroar|Hyper Voice|p2a: Pelipper
|-damage|p2a: Pelipper|0 fnt
|faint|p2a: Pelipper
|
|-weather|RainDance|[upkeep]
|upkeep
|
|t:|1769411620
|switch|p2a: Kilowattrel|Kilowattrel, F|100/100
|turn|11
|
|t:|1769411623
|move|p2a: Kilowattrel|Weather Ball|p1a: Pyroar
|-supereffective|p1a: Pyroar
|-damage|p1a: Pyroar|0 fnt
|faint|p1a: Pyroar
|-damage|p2a: Kilowattrel|91/100|[from] item: Life Orb
|
|-weather|RainDance|[upkeep]
|upkeep
|
|t:|1769411631
|switch|p1a: Golurk|Golurk|100/100
|turn|12
|
|t:|1769411637
|-terastallize|p1a: Golurk|Dark
|move|p2a: Kilowattrel|Weather Ball|p1a: Golurk
|-damage|p1a: Golurk|22/100
|-damage|p2a: Kilowattrel|81/100|[from] item: Life Orb
|move|p1a: Golurk|Dynamic Punch|p2a: Kilowattrel
|-resisted|p2a: Kilowattrel
|-damage|p2a: Kilowattrel|43/100
|-start|p2a: Kilowattrel|confusion
|
|-weather|RainDance|[upkeep]
|upkeep
|turn|13
|
|t:|1769411646
|-activate|p2a: Kilowattrel|confusion
|move|p2a: Kilowattrel|Thunder|p1a: Golurk
|-damage|p1a: Golurk|0 fnt
|faint|p1a: Golurk
|-damage|p2a: Kilowattrel|33/100|[from] item: Life Orb
|
|-weather|none
|upkeep
|-message|Gentai_Kiajo forfeited.
|
|win|deathflower
|raw|Gentai_Kiajo's rating: 1067 &rarr; <strong>1052</strong><br />(-15 for losing)
|raw|deathflower's rating: 1152 &rarr; <strong>1171</strong><br />(+19 for winning)
|l|☆Gentai_Kiajo
|player|p1|
|l|☆deathflower
|player|p2|
