|j|☆bobert002
|j|☆ashgari
|t:|1769350372
|gametype|singles
|player|p1|bobert002|ninjaboy|1091
|player|p2|ashgari|1|1074
|gen|9
|tier|[Gen 9] OU
|rated|
|rule|HP Percentage Mod: HP is shown in percentages
|rule|Endless Battle Clause: Forcing endless battles is banned
|rule|Species Clause: Limit one of each Pokémon
|rule|OHKO Clause: OHKO moves are banned
|rule|Evasion Items Clause: Evasion items are banned
|rule|Evasion Moves Clause: Evasion moves are banned
|rule|Evasion Abilities Clause: Evasion abilities are banned
|rule|Sleep Moves Clause: Sleep-inducing moves are banned
|clearpoke
|poke|p1|Tyranitar, M|
|poke|p1|Excadrill, F|
|poke|p1|Corviknight, F|
|poke|p1|Donphan, M|
|poke|p1|Minior-Blue|
|poke|p1|Magnezone|
|poke|p2|Dragonite, F|
|poke|p2|Iron Moth|
|poke|p2|Iron Valiant|
|poke|p2|Gliscor, F|
|poke|p2|Great Tusk|
|poke|p2|Metagross|
|teampreview
|
|t:|1769350378
|teamsize|p1|6
|teamsize|p2|6
|start
|switch|p1a: Tyranitar|Tyranitar, M|100/100
|switch|p2a: Gliscor|Gliscor, F|100/100
|-weather|Sandstorm|[from] ability: Sand Stream|[of] p1a: Tyranitar
|turn|1
|
|t:|1769350386
|move|p2a: Gliscor|Stealth Rock|p1a: Tyranitar
|-sidestart|p1: bobert002|move: Stealth Rock
|move|p1a: Tyranitar|Stealth Rock|p2a: Gliscor
|-sidestart|p2: ashgari|move: Stealth Rock
|
|-weather|Sandstorm|[upkeep]
|-status|p2a: Gliscor|tox|[from] item: Toxic Orb
|upkeep
|turn|2
|
|t:|1769350392
|move|p2a: Gliscor|Spikes|p1a: Tyranitar
|-sidestart|p1: bobert002|Spikes
|move|p1a: Tyranitar|Crunch|p2a: Gliscor
|-damage|p2a: Gliscor|53/100 tox
|
|-weather|Sandstorm|[upkeep]
|-damage|p2a: Gliscor|47/100 tox|[from] psn
|upkeep
|turn|3
|
|t:|1769350406
|move|p2a: Gliscor|Spikes|p1a: Tyranitar
|-sidestart|p1: bobert002|Spikes
|move|p1a: Tyranitar|Crunch|p2a: Gliscor
|-damage|p2a: Gliscor|2/100 tox
|-unboost|p2a: Gliscor|def|1
|
|-weather|Sandstorm|[upkeep]
|-damage|p2a: Gliscor|0 fnt|[from] psn
|faint|p2a: Gliscor
|upkeep
|
|t:|1769350415
|switch|p2a: Great Tusk|Great Tusk|100/100
|-damage|p2a: Great Tusk|98/100|[from] Stealth Rock
|turn|4
|
|t:|1769350421
|switch|p1a: Corviknight|Corviknight, F|100/100
|-damage|p1a: Corviknight|88/100|[from] Stealth Rock
|move|p2a: Great Tusk|Bulk Up|p2a: Great Tusk
|-boost|p2a: Great Tusk|atk|1
|-boost|p2a: Great Tusk|def|1
|
|-weather|Sandstorm|[upkeep]
|-heal|p2a: Great Tusk|100/100|[from] item: Leftovers
|-heal|p1a: Corviknight|94/100|[from] item: Leftovers
|upkeep
|turn|5
|
|t:|1769350431
|move|p2a: Great Tusk|Body Press|p1a: Corviknight
|-damage|p1a: Corviknight|65/100
|move|p1a: Corviknight|Defog|p2a: Great Tusk
|-unboost|p2a: Great Tusk|evasion|1
|-sideend|p2: ashgari|Stealth Rock|[from] move: Defog|[of] p1a: Corviknight
|-sideend|p1: bobert002|Spikes|[from] move: Defog|[of] p1a: Corviknight
|-sideend|p1: bobert002|Stealth Rock|[from] move: Defog|[of] p1a: Corviknight
|
|-weather|Sandstorm|[upkeep]
|-heal|p1a: Corviknight|71/100|[from] item: Leftovers
|upkeep
|turn|6
|
|t:|1769350440
|move|p2a: Great Tusk|Body Press|p1a: Corviknight
|-damage|p1a: Corviknight|39/100
|move|p1a: Corviknight|Brave Bird|p2a: Great Tusk
|-supereffective|p2a: Great Tusk
|-damage|p2a: Great Tusk|63/100
|-damage|p1a: Corviknight|28/100|[from] Recoil
|
|-weather|Sandstorm|[upkeep]
|-heal|p2a: Great Tusk|70/100|[from] item: Leftovers
|-heal|p1a: Corviknight|34/100|[from] item: Leftovers
|upkeep
|turn|7
|
|t:|1769350450
|move|p2a: Great Tusk|Body Press|p1a: Corviknight
|-damage|p1a: Corviknight|5/100
|move|p1a: Corviknight|Roost|p1a: Corviknight
|-heal|p1a: Corviknight|55/100
|-singleturn|p1a: Corviknight|move: Roost
|
|-weather|Sandstorm|[upkeep]
|-heal|p2a: Great Tusk|76/100|[from] item: Leftovers
|-heal|p1a: Corviknight|62/100|[from] item: Leftovers
|upkeep
|turn|8
|
|t:|1769350459
|move|p2a: Great Tusk|Body Press|p1a: Corviknight
|-damage|p1a: Corviknight|30/100
|move|p1a: Corviknight|U-turn|p2a: Great Tusk
|-resisted|p2a: Great Tusk
|-damage|p2a: Great Tusk|72/100
|
|t:|1769350466
|switch|p1a: Minior|Minior-Blue|100/100|[from] U-turn
|-formechange|p1a: Minior|Minior-Meteor||[from] ability: Shields Down
|
|-weather|none
|-heal|p2a: Great Tusk|78/100|[from] item: Leftovers
|upkeep
|turn|9
|
|t:|1769350477
|move|p2a: Great Tusk|Bulk Up|p2a: Great Tusk
|-boost|p2a: Great Tusk|atk|1
|-boost|p2a: Great Tusk|def|1
|move|p1a: Minior|Shell Smash|p1a: Minior
|-unboost|p1a: Minior|def|1
|-unboost|p1a: Minior|spd|1
|-boost|p1a: Minior|atk|2
|-boost|p1a: Minior|spa|2
|-boost|p1a: Minior|spe|2
|
|-heal|p2a: Great Tusk|85/100|[from] item: Leftovers
|upkeep
|turn|10
|
|t:|1769350487
|move|p1a: Minior|Acrobatics|p2a: Great Tusk
|-supereffective|p2a: Great Tusk
|-damage|p2a: Great Tusk|57/100
|move|p2a: Great Tusk|Body Press|p1a: Minior
|-enditem|p1a: Minior|Focus Sash
|-damage|p1a: Minior|1/100
|
|-heal|p2a: Great Tusk|63/100|[from] item: Leftovers
|-formechange|p1a: Minior|Minior-Blue||[from] ability: Shields Down
|upkeep
|turn|11
|inactive|Battle timer is ON: inactive players will automatically lose when time's up. (requested by ashgari)
|
|t:|1769350503
|move|p1a: Minior|Acrobatics|p2a: Great Tusk
|-supereffective|p2a: Great Tusk
|-damage|p2a: Great Tusk|0 fnt
|faint|p2a: Great Tusk
|-end|p2a: Great Tusk|Protosynthesis|[silent]
|
|upkeep
|
|t:|1769350513
|switch|p2a: Dragonite|Dragonite, F|100/100
|turn|12
|
|t:|1769350516
|switch|p1a: Tyranitar|Tyranitar, M|100/100
|-weather|Sandstorm|[from] ability: Sand Stream|[of] p1a: Tyranitar
|move|p2a: Dragonite|Extreme Speed|p1a: Tyranitar
|-resisted|p1a: Tyranitar
|-damage|p1a: Tyranitar|90/100
|
|-weather|Sandstorm|[upkeep]
|-damage|p2a: Dragonite|94/100|[from] Sandstorm
|-heal|p2a: Dragonite|100/100|[from] item: Leftovers
|upkeep
|turn|13
|
|t:|1769350527
|move|p2a: Dragonite|Dragon Dance|p2a: Dragonite
|-boost|p2a: Dragonite|atk|1
|-boost|p2a: Dragonite|spe|1
|move|p1a: Tyranitar|Stealth Rock|p2a: Dragonite
|-sidestart|p2: ashgari|move: Stealth Rock
|
|-weather|Sandstorm|[upkeep]
|-damage|p2a: Dragonite|94/100|[from] Sandstorm
|-heal|p2a: Dragonite|100/100|[from] item: Leftovers
|upkeep
|turn|14
|
|t:|1769350536
|move|p2a: Dragonite|Dragon Dance|p2a: Dragonite
|-boost|p2a: Dragonite|atk|1
|-boost|p2a: Dragonite|spe|1
|move|p1a: Tyranitar|Rock Slide|p2a: Dragonite
|-supereffective|p2a: Dragonite
|-damage|p2a: Dragonite|2/100
|
|-weather|Sandstorm|[upkeep]
|-damage|p2a: Dragonite|0 fnt|[from] Sandstorm
|faint|p2a: Dragonite
|upkeep
|
|t:|1769350550
|switch|p2a: Metagross|Metagross|100/100
|-damage|p2a: Metagross|95/100|[from] Stealth Rock
|turn|15
|
|t:|1769350558
|switch|p1a: Minior|Minior-Blue|1/100
|move|p2a: Metagross|Body Press|p1a: Minior
|-damage|p1a: Minior|0 fnt
|faint|p1a: Minior
|
|-weather|Sandstorm|[upkeep]
|-heal|p2a: Metagross|100/100|[from] item: Leftovers
|upkeep
|
|t:|1769350566
|switch|p1a: Donphan|Donphan, M|100/100
|turn|16
|
|t:|1769350577
|switch|p2a: Iron Moth|Iron Moth|100/100
|-damage|p2a: Iron Moth|76/100|[from] Stealth Rock
|move|p1a: Donphan|High Horsepower|p2a: Iron Moth
|-supereffective|p2a: Iron Moth
|-damage|p2a: Iron Moth|0 fnt
|faint|p2a: Iron Moth
|-end|p2a: Iron Moth|Quark Drive|[silent]
|
|-weather|Sandstorm|[upkeep]
|upkeep
|-message|ashgari forfeited.
|
|win|bobert002
|raw|bobert002's rating: 1091 &rarr; <strong>1116</strong><br />(+25 for winning)
|raw|ashgari's rating: 1074 &rarr; <strong>1054</strong><br />(-20 for losing)
|l|☆ashgari
|player|p2|
|l|☆bobert002
|player|p1|
