|j|☆baakrisht
|j|☆Pem779567 phone
|t:|1769410990
|gametype|singles
|player|p1|baakrisht|102|1148
|player|p2|Pem779567 phone|1|1180
|gen|9
|tier|[Gen 9] OU
|rated|
|rule|HP Percentage Mod: HP is shown in percentages
|rule|Endless Battle Clause: Forcing endless battles is banned
|rule|Species Clause: Limit one of each Pokémon
|rule|OHKO Clause: OHKO moves are banned
|rule|Evasion Items Clause: Evasion items are banned
|rule|Evasion Moves Clause: Evasion moves are banned
|rule|Evasion Abilities Clause: Evasion abilities are banned
|rule|Sleep Moves Clause: Sleep-inducing moves are banned
|clearpoke
|poke|p1|Blissey, F|
|poke|p1|Espeon, F|
|poke|p1|Goodra, F|
|poke|p1|Weezing-Galar, F|
|poke|p1|Orthworm, F|
|poke|p1|Suicune|
|poke|p2|Samurott-Hisui, F|
|poke|p2|Slowking-Galar, M|
|poke|p2|Entei|
|poke|p2|Rillaboom, M|
|poke|p2|Salamence, F|
|poke|p2|Ninetales-Alola, M|
|teampreview
|inactive|Battle timer is ON: inactive players will automatically lose when time's up. (requested by Pem779567 phone)
|
|t:|1769411003
|teamsize|p1|6
|teamsize|p2|6
|start
|switch|p1a: Orthworm|Orthworm, F|100/100
|switch|p2a: Samurott|Samurott-Hisui, F|100/100
|turn|1
|
|t:|1769411009
|move|p2a: Samurott|Sacred Sword|p1a: Orthworm
|-supereffective|p1a: Orthworm
|-crit|p1a: Orthworm
|-damage|p1a: Orthworm|27/100
|move|p1a: Orthworm|Body Press|p2a: Samurott
|-supereffective|p2a: Samurott
|-damage|p2a: Samurott|16/100
|
|-heal|p1a: Orthworm|33/100|[from] item: Leftovers
|upkeep
|turn|2
|
|t:|1769411014
|switch|p1a: Suicune|Suicune|100/100
|-ability|p1a: Suicune|Pressure
|move|p2a: Samurott|Sacred Sword|p1a: Suicune
|-damage|p1a: Suicune|76/100
|-damage|p2a: Samurott|0 fnt|[from] item: Rocky Helmet|[of] p1a: Suicune
|faint|p2a: Samurott
|
|upkeep
|
|t:|1769411018
|switch|p2a: Rillaboom|Rillaboom, M|100/100
|-fieldstart|move: Grassy Terrain|[from] ability: Grassy Surge|[of] p2a: Rillaboom
|turn|3
|
|t:|1769411024
|switch|p1a: Weezing|Weezing-Galar, F|100/100
|move|p2a: Rillaboom|Drum Beating|p1a: Weezing
|-resisted|p1a: Weezing
|-damage|p1a: Weezing|80/100
|-unboost|p1a: Weezing|spe|1
|
|upkeep
|turn|4
|
|t:|1769411038
|switch|p2a: Slowking|Slowking-Galar, M, shiny|100/100
|move|p1a: Weezing|Toxic Spikes|p2a: Slowking
|-sidestart|p2: Pem779567 phone|move: Toxic Spikes
|
|upkeep
|turn|5
|
|t:|1769411045
|switch|p1a: Espeon|Espeon, F|100/100
|move|p2a: Slowking|Future Sight|p1a: Espeon
|-start|p2a: Slowking|move: Future Sight
|
|upkeep
|turn|6
|
|t:|1769411059
|move|p1a: Espeon|Trick|p2a: Slowking
|-activate|p1a: Espeon|move: Trick|[of] p2a: Slowking
|-item|p2a: Slowking|Choice Scarf|[from] move: Trick
|-item|p1a: Espeon|Leftovers|[from] move: Trick
|-prepare|p2a: Slowking|Chilly Reception|[premajor]
|move|p2a: Slowking|Chilly Reception|p2a: Slowking
|-weather|Snowscape
|
|t:|1769411064
|switch|p2a: Rillaboom|Rillaboom, M|100/100|[from] Chilly Reception
|-status|p2a: Rillaboom|psn
|
|-weather|Snowscape|[upkeep]
|-damage|p2a: Rillaboom|88/100 psn|[from] psn
|upkeep
|turn|7
|
|t:|1769411075
|switch|p1a: Orthworm|Orthworm, F|33/100
|move|p2a: Rillaboom|Knock Off|p1a: Orthworm
|-damage|p1a: Orthworm|15/100
|-enditem|p1a: Orthworm|Leftovers|[from] move: Knock Off|[of] p2a: Rillaboom
|
|-weather|Snowscape|[upkeep]
|-end|p1a: Orthworm|move: Future Sight
|-resisted|p1a: Orthworm
|-damage|p1a: Orthworm|0 fnt
|faint|p1a: Orthworm
|-heal|p2a: Rillaboom|94/100 psn|[from] Grassy Terrain
|-damage|p2a: Rillaboom|82/100 psn|[from] psn
|-fieldend|move: Grassy Terrain
|upkeep
|
|t:|1769411086
|switch|p1a: Weezing|Weezing-Galar, F|80/100
|turn|8
|
|t:|1769411104
|switch|p1a: Blissey|Blissey, F|100/100
|move|p2a: Rillaboom|Drum Beating|p1a: Blissey
|-damage|p1a: Blissey|1/100
|-unboost|p1a: Blissey|spe|1
|
|-weather|Snowscape|[upkeep]
|-heal|p1a: Blissey|7/100|[from] item: Leftovers
|-damage|p2a: Rillaboom|70/100 psn|[from] psn
|upkeep
|turn|9
|
|t:|1769411111
|switch|p1a: Weezing|Weezing-Galar, F|80/100
|move|p2a: Rillaboom|Drum Beating|p1a: Weezing
|-resisted|p1a: Weezing
|-damage|p1a: Weezing|65/100
|-unboost|p1a: Weezing|spe|1
|
|-weather|Snowscape|[upkeep]
|-damage|p2a: Rillaboom|57/100 psn|[from] psn
|upkeep
|turn|10
|
|t:|1769411140
|switch|p1a: Blissey|Blissey, F|7/100
|move|p2a: Rillaboom|Drum Beating|p1a: Blissey
|-damage|p1a: Blissey|0 fnt
|faint|p1a: Blissey
|
|-weather|none
|-damage|p2a: Rillaboom|45/100 psn|[from] psn
|upkeep
|
|t:|1769411147
|switch|p1a: Weezing|Weezing-Galar, F|65/100
|turn|11
|
|t:|1769411151
|move|p2a: Rillaboom|Drum Beating|p1a: Weezing
|-resisted|p1a: Weezing
|-damage|p1a: Weezing|50/100
|-unboost|p1a: Weezing|spe|1
|move|p1a: Weezing|Clear Smog|p2a: Rillaboom
|-supereffective|p2a: Rillaboom
|-damage|p2a: Rillaboom|3/100 psn
|-clearboost|p2a: Rillaboom
|
|-damage|p2a: Rillaboom|0 fnt|[from] psn
|faint|p2a: Rillaboom
|upkeep
|
|t:|1769411158
|switch|p2a: Slowking|Slowking-Galar, M, shiny|100/100
|-sideend|p2: Pem779567 phone|move: Toxic Spikes|[of] p2a: Slowking
|turn|12
|
|t:|1769411162
|move|p2a: Slowking|Future Sight|p1a: Weezing
|-start|p2a: Slowking|move: Future Sight
|move|p1a: Weezing|Toxic Spikes|p2a: Slowking
|-sidestart|p2: Pem779567 phone|move: Toxic Spikes
|
|upkeep
|turn|13
|
|t:|1769411169
|switch|p2a: Ninetales|Ninetales-Alola, M|100/100
|-status|p2a: Ninetales|psn
|-weather|Snowscape|[from] ability: Snow Warning|[of] p2a: Ninetales
|switch|p1a: Suicune|Suicune|76/100
|-ability|p1a: Suicune|Pressure
|
|-weather|Snowscape|[upkeep]
|-damage|p2a: Ninetales|88/100 psn|[from] psn
|upkeep
|turn|14
|
|t:|1769411177
|move|p2a: Ninetales|Aurora Veil|p2a: Ninetales
|-sidestart|p2: Pem779567 phone|move: Aurora Veil
|move|p1a: Suicune|Substitute|p1a: Suicune
|-start|p1a: Suicune|Substitute
|-damage|p1a: Suicune|51/100
|
|-weather|Snowscape|[upkeep]
|-end|p1a: Suicune|move: Future Sight
|-end|p1a: Suicune|Substitute
|-damage|p2a: Ninetales|76/100 psn|[from] psn
|upkeep
|turn|15
|
|t:|1769411181
|move|p2a: Ninetales|Freeze-Dry|p1a: Suicune
|-supereffective|p1a: Suicune
|-damage|p1a: Suicune|9/100
|move|p1a: Suicune|Roar|p2a: Ninetales
|drag|p2a: Slowking|Slowking-Galar, M, shiny|100/100
|-sideend|p2: Pem779567 phone|move: Toxic Spikes|[of] p2a: Slowking
|
|-weather|Snowscape|[upkeep]
|upkeep
|turn|16
|
|t:|1769411196
|switch|p1a: Goodra|Goodra, F|100/100
|move|p2a: Slowking|Future Sight|p1a: Goodra
|-start|p2a: Slowking|move: Future Sight
|
|-weather|Snowscape|[upkeep]
|upkeep
|turn|17
|
|t:|1769411200
|switch|p2a: Ninetales|Ninetales-Alola, M|76/100 psn
|move|p1a: Goodra|Rain Dance|p1a: Goodra
|-weather|RainDance
|
|-weather|RainDance|[upkeep]
|-damage|p2a: Ninetales|64/100 psn|[from] psn
|upkeep
|turn|18
|
|t:|1769411208
|move|p2a: Ninetales|Moonblast|p1a: Goodra
|-supereffective|p1a: Goodra
|-damage|p1a: Goodra|56/100
|move|p1a: Goodra|Sludge Bomb|p2a: Ninetales
|-supereffective|p2a: Ninetales
|-damage|p2a: Ninetales|39/100 psn
|
|-weather|RainDance|[upkeep]
|-end|p1a: Goodra|move: Future Sight
|-damage|p1a: Goodra|30/100
|-damage|p2a: Ninetales|27/100 psn|[from] psn
|upkeep
|turn|19
|
|t:|1769411218
|move|p2a: Ninetales|Moonblast|p1a: Goodra
|-supereffective|p1a: Goodra
|-damage|p1a: Goodra|0 fnt
|faint|p1a: Goodra
|
|-weather|RainDance|[upkeep]
|-damage|p2a: Ninetales|15/100 psn|[from] psn
|upkeep
|
|t:|1769411221
|switch|p1a: Espeon|Espeon, F|100/100
|turn|20
|
|t:|1769411226
|move|p2a: Ninetales|Moonblast|p1a: Espeon
|-damage|p1a: Espeon|74/100
|move|p1a: Espeon|Psychic|p2a: Ninetales
|-damage|p2a: Ninetales|0 fnt
|faint|p2a: Ninetales
|
|-weather|RainDance|[upkeep]
|-heal|p1a: Espeon|80/100|[from] item: Leftovers
|upkeep
|
|t:|1769411236
|switch|p2a: Slowking|Slowking-Galar, M, shiny|100/100
|turn|21
|
|t:|1769411243
|move|p1a: Espeon|Light Screen|p1a: Espeon
|-sidestart|p1: baakrisht|move: Light Screen
|move|p2a: Slowking|Future Sight|p1a: Espeon
|-start|p2a: Slowking|move: Future Sight
|
|-weather|RainDance|[upkeep]
|-heal|p1a: Espeon|86/100|[from] item: Leftovers
|-sideend|p2: Pem779567 phone|move: Aurora Veil
|upkeep
|turn|22
|
|t:|1769411247
|switch|p2a: Entei|Entei|100/100
|move|p1a: Espeon|Psychic|p2a: Entei
|-damage|p2a: Entei|52/100
|
|-weather|RainDance|[upkeep]
|-heal|p1a: Espeon|92/100|[from] item: Leftovers
|upkeep
|turn|23
|
|t:|1769411250
|move|p2a: Entei|Extreme Speed|p1a: Espeon
|-damage|p1a: Espeon|33/100
|move|p1a: Espeon|Psychic|p2a: Entei
|-damage|p2a: Entei|5/100
|
|-weather|RainDance|[upkeep]
|-end|p1a: Espeon|move: Future Sight
|-resisted|p1a: Espeon
|-damage|p1a: Espeon|24/100
|-heal|p1a: Espeon|30/100|[from] item: Leftovers
|upkeep
|turn|24
|
|t:|1769411255
|switch|p1a: Suicune|Suicune|9/100
|-ability|p1a: Suicune|Pressure
|move|p2a: Entei|Extreme Speed|p1a: Suicune
|-damage|p1a: Suicune|0 fnt
|-damage|p2a: Entei|0 fnt|[from] item: Rocky Helmet|[of] p1a: Suicune
|faint|p1a: Suicune
|faint|p2a: Entei
|
|-weather|none
|upkeep
|
|t:|1769411260
|switch|p2a: Slowking|Slowking-Galar, M, shiny|100/100
|switch|p1a: Espeon|Espeon, F|30/100
|turn|25
|
|t:|1769411269
|move|p1a: Espeon|Psychic|p2a: Slowking
|-damage|p2a: Slowking|79/100
|move|p2a: Slowking|Future Sight|p1a: Espeon
|-start|p2a: Slowking|move: Future Sight
|
|-heal|p1a: Espeon|36/100|[from] item: Leftovers
|-sideend|p1: baakrisht|move: Light Screen
|upkeep
|turn|26
|
|t:|1769411271
|move|p1a: Espeon|Psychic|p2a: Slowking
|-damage|p2a: Slowking|57/100
|move|p2a: Slowking|Future Sight||[still]
|-fail|p2a: Slowking
|
|-heal|p1a: Espeon|42/100|[from] item: Leftovers
|upkeep
|turn|27
|
|t:|1769411274
|move|p1a: Espeon|Light Screen|p1a: Espeon
|-sidestart|p1: baakrisht|move: Light Screen
|move|p2a: Slowking|Future Sight||[still]
|-fail|p2a: Slowking
|
|-end|p1a: Espeon|move: Future Sight
|-resisted|p1a: Espeon
|-damage|p1a: Espeon|33/100
|-heal|p1a: Espeon|39/100|[from] item: Leftovers
|upkeep
|turn|28
|
|t:|1769411288
|switch|p2a: Salamence|Salamence, F|100/100
|move|p1a: Espeon|Psychic|p2a: Salamence
|-damage|p2a: Salamence|55/100
|
|-heal|p1a: Espeon|45/100|[from] item: Leftovers
|upkeep
|turn|29
|
|t:|1769411292
|switch|p2a: Slowking|Slowking-Galar, M, shiny|91/100
|move|p1a: Espeon|Psychic|p2a: Slowking
|-damage|p2a: Slowking|67/100
|-unboost|p2a: Slowking|spd|1
|
|-heal|p1a: Espeon|50/100|[from] item: Leftovers
|upkeep
|turn|30
|
|t:|1769411302
|move|p1a: Espeon|Psychic|p2a: Slowking
|-damage|p2a: Slowking|35/100
|move|p2a: Slowking|Future Sight|p1a: Espeon
|-start|p2a: Slowking|move: Future Sight
|
|-heal|p1a: Espeon|56/100|[from] item: Leftovers
|upkeep
|turn|31
|
|t:|1769411308
|move|p1a: Espeon|Psychic|p2a: Slowking
|-damage|p2a: Slowking|2/100
|move|p2a: Slowking|Future Sight||[still]
|-fail|p2a: Slowking
|
|-heal|p1a: Espeon|62/100|[from] item: Leftovers
|-sideend|p1: baakrisht|move: Light Screen
|upkeep
|turn|32
|
|t:|1769411312
|move|p1a: Espeon|Psychic|p2a: Slowking
|-damage|p2a: Slowking|0 fnt
|faint|p2a: Slowking
|
|-end|p1a: Espeon|move: Future Sight
|-resisted|p1a: Espeon
|-damage|p1a: Espeon|45/100
|-heal|p1a: Espeon|51/100|[from] item: Leftovers
|upkeep
|
|t:|1769411321
|switch|p2a: Salamence|Salamence, F|55/100
|turn|33
|
|t:|1769411327
|-terastallize|p2a: Salamence|Steel
|move|p2a: Salamence|Dragon Dance|p2a: Salamence
|-boost|p2a: Salamence|atk|1
|-boost|p2a: Salamence|spe|1
|move|p1a: Espeon|Psychic|p2a: Salamence
|-resisted|p2a: Salamence
|-damage|p2a: Salamence|30/100
|
|-heal|p1a: Espeon|57/100|[from] item: Leftovers
|upkeep
|turn|34
|
|t:|1769411335
|move|p2a: Salamence|Earthquake|p1a: Espeon
|-damage|p1a: Espeon|0 fnt
|faint|p1a: Espeon
|-ability|p2a: Salamence|Moxie|boost
|-boost|p2a: Salamence|atk|1
|
|upkeep
|
|t:|1769411337
|switch|p1a: Weezing|Weezing-Galar, F|50/100
|turn|35
|
|t:|1769411341
|-terastallize|p1a: Weezing|Fire
|move|p2a: Salamence|Iron Head|p1a: Weezing
|-resisted|p1a: Weezing
|-damage|p1a: Weezing|20/100
|-damage|p2a: Salamence|13/100|[from] item: Rocky Helmet|[of] p1a: Weezing
|move|p1a: Weezing|Flamethrower|p2a: Salamence
|-supereffective|p2a: Salamence
|-damage|p2a: Salamence|0 fnt
|faint|p2a: Salamence
|
|win|baakrisht
|raw|baakrisht's rating: 1148 &rarr; <strong>1175</strong><br />(+27 for winning)
|raw|Pem779567 phone's rating: 1180 &rarr; <strong>1153</strong><br />(-27 for losing)
|l|☆Pem779567 phone
|player|p2|
|l|☆baakrisht
|player|p1|
