|j|☆yesgamerfleet
|j|☆vacineee
|t:|1769407119
|gametype|singles
|player|p1|yesgamerfleet|102|1407
|player|p2|vacineee|parasollady-gen4|1410
|gen|9
|tier|[Gen 9] OU
|rated|
|rule|HP Percentage Mod: HP is shown in percentages
|rule|Endless Battle Clause: Forcing endless battles is banned
|rule|Species Clause: Limit one of each Pokémon
|rule|OHKO Clause: OHKO moves are banned
|rule|Evasion Items Clause: Evasion items are banned
|rule|Evasion Moves Clause: Evasion moves are banned
|rule|Evasion Abilities Clause: Evasion abilities are banned
|rule|Sleep Moves Clause: Sleep-inducing moves are banned
|clearpoke
|poke|p1|Rillaboom, M|
|poke|p1|Zamazenta-*|
|poke|p1|Kingambit, F|
|poke|p1|Iron Valiant|
|poke|p1|Samurott-Hisui, M|
|poke|p1|Dragapult, M|
|poke|p2|Hoopa-Unbound|
|poke|p2|Rillaboom, F|
|poke|p2|Iron Hands|
|poke|p2|Slowking-Galar, F|
|poke|p2|Great Tusk|
|poke|p2|Heatran, M|
|teampreview
|
|t:|1769407131
|teamsize|p1|6
|teamsize|p2|6
|start
|switch|p1a: Samurott|Samurott-Hisui, M|100/100
|switch|p2a: Heatran|Heatran, M|100/100
|-item|p2a: Heatran|Air Balloon
|turn|1
|
|t:|1769407149
|switch|p2a: Rillaboom|Rillaboom, F|100/100
|-fieldstart|move: Grassy Terrain|[from] ability: Grassy Surge|[of] p2a: Rillaboom
|move|p1a: Samurott|Razor Shell|p2a: Rillaboom
|-resisted|p2a: Rillaboom
|-damage|p2a: Rillaboom|74/100
|
|-heal|p2a: Rillaboom|80/100|[from] Grassy Terrain
|upkeep
|turn|2
|
|t:|1769407154
|switch|p1a: Dragapult|Dragapult, M, shiny|100/100
|move|p2a: Rillaboom|U-turn|p1a: Dragapult
|-resisted|p1a: Dragapult
|-crit|p1a: Dragapult
|-damage|p1a: Dragapult|63/100
|
|t:|1769407162
|switch|p2a: Iron Hands|Iron Hands, shiny|100/100|[from] U-turn
|
|-heal|p1a: Dragapult|69/100|[from] Grassy Terrain
|upkeep
|turn|3
|
|t:|1769407168
|move|p1a: Dragapult|U-turn|p2a: Iron Hands
|-resisted|p2a: Iron Hands
|-damage|p2a: Iron Hands|94/100
|inactive|Battle timer is ON: inactive players will automatically lose when time's up. (requested by vacineee)
|
|t:|1769407207
|switch|p1a: Zamazenta|Zamazenta, shiny|100/100|[from] U-turn
|-ability|p1a: Zamazenta|Dauntless Shield|boost
|-boost|p1a: Zamazenta|def|1
|move|p2a: Iron Hands|Ice Punch|p1a: Zamazenta
|-damage|p1a: Zamazenta|84/100
|
|-heal|p1a: Zamazenta|90/100|[from] Grassy Terrain
|-heal|p1a: Zamazenta|96/100|[from] item: Leftovers
|-heal|p2a: Iron Hands|100/100|[from] Grassy Terrain
|upkeep
|turn|4
|inactive|vacineee has 120 seconds left.
|
|t:|1769407241
|-end|p2a: Iron Hands|Quark Drive|[silent]
|switch|p2a: Hoopa|Hoopa-Unbound|100/100
|-enditem|p2a: Hoopa|Grassy Seed
|-boost|p2a: Hoopa|def|1|[from] item: Grassy Seed
|move|p1a: Zamazenta|Iron Defense|p1a: Zamazenta
|-boost|p1a: Zamazenta|def|2
|
|-heal|p1a: Zamazenta|100/100|[from] Grassy Terrain
|upkeep
|turn|5
|
|t:|1769407252
|-terastallize|p2a: Hoopa|Fairy
|move|p1a: Zamazenta|Body Press|p2a: Hoopa
|-resisted|p2a: Hoopa
|-damage|p2a: Hoopa|63/100
|move|p2a: Hoopa|Psychic Noise|p1a: Zamazenta
|-supereffective|p1a: Zamazenta
|-damage|p1a: Zamazenta|5/100
|-start|p1a: Zamazenta|move: Heal Block
|-item|p2a: Hoopa|Leftovers|[from] ability: Magician|[of] p1a: Zamazenta
|
|-heal|p2a: Hoopa|69/100|[from] Grassy Terrain
|-heal|p2a: Hoopa|75/100|[from] item: Leftovers
|-fieldend|move: Grassy Terrain
|upkeep
|turn|6
|inactive|vacineee has 120 seconds left.
|
|t:|1769407282
|switch|p2a: Great Tusk|Great Tusk|100/100
|-enditem|p2a: Great Tusk|Booster Energy
|-activate|p2a: Great Tusk|ability: Protosynthesis|[fromitem]
|-start|p2a: Great Tusk|protosynthesisspe
|move|p1a: Zamazenta|Body Press|p2a: Great Tusk
|-damage|p2a: Great Tusk|42/100
|
|-end|p1a: Zamazenta|move: Heal Block
|upkeep
|turn|7
|
|t:|1769407287
|move|p2a: Great Tusk|Headlong Rush|p1a: Zamazenta
|-damage|p1a: Zamazenta|0 fnt
|-unboost|p2a: Great Tusk|def|1
|-unboost|p2a: Great Tusk|spd|1
|faint|p1a: Zamazenta
|
|upkeep
|
|t:|1769407296
|switch|p1a: Dragapult|Dragapult, M, shiny|69/100
|turn|8
|inactive|vacineee has 120 seconds left.
|
|t:|1769407310
|move|p2a: Great Tusk|Headlong Rush|p1a: Dragapult
|-damage|p1a: Dragapult|0 fnt
|-unboost|p2a: Great Tusk|def|1
|-unboost|p2a: Great Tusk|spd|1
|faint|p1a: Dragapult
|
|upkeep
|
|t:|1769407322
|switch|p1a: Rillaboom|Rillaboom, M|100/100
|-fieldstart|move: Grassy Terrain|[from] ability: Grassy Surge|[of] p1a: Rillaboom
|turn|9
|
|t:|1769407334
|-end|p2a: Great Tusk|Protosynthesis|[silent]
|switch|p2a: Iron Hands|Iron Hands, shiny|100/100
|move|p1a: Rillaboom|Swords Dance|p1a: Rillaboom
|-boost|p1a: Rillaboom|atk|2
|
|upkeep
|turn|10
|
|t:|1769407341
|move|p1a: Rillaboom|High Horsepower|p2a: Iron Hands
|-supereffective|p2a: Iron Hands
|-damage|p2a: Iron Hands|0 fnt
|faint|p2a: Iron Hands
|-end|p2a: Iron Hands|Quark Drive|[silent]
|-damage|p1a: Rillaboom|91/100|[from] item: Life Orb
|
|-heal|p1a: Rillaboom|97/100|[from] Grassy Terrain
|upkeep
|
|t:|1769407347
|switch|p2a: Heatran|Heatran, M|100/100
|-item|p2a: Heatran|Air Balloon
|turn|11
|
|t:|1769407374
|move|p1a: Rillaboom|Knock Off|p2a: Heatran
|-damage|p2a: Heatran|17/100
|-enditem|p2a: Heatran|Air Balloon
|-damage|p1a: Rillaboom|87/100|[from] item: Life Orb
|move|p2a: Heatran|Magma Storm|p1a: Rillaboom
|-supereffective|p1a: Rillaboom
|-damage|p1a: Rillaboom|0 fnt
|faint|p1a: Rillaboom
|
|-heal|p2a: Heatran|23/100|[from] Grassy Terrain
|upkeep
|
|t:|1769407384
|switch|p1a: Samurott|Samurott-Hisui, M|100/100
|turn|12
|inactive|yesgamerfleet has 120 seconds left.
|inactive|yesgamerfleet has 90 seconds left.
|
|t:|1769407435
|switch|p2a: Great Tusk|Great Tusk|42/100
|move|p1a: Samurott|Ceaseless Edge|p2a: Great Tusk
|-resisted|p2a: Great Tusk
|-damage|p2a: Great Tusk|27/100
|-sidestart|p2: vacineee|Spikes
|
|-heal|p2a: Great Tusk|33/100|[from] Grassy Terrain
|upkeep
|turn|13
|
|t:|1769407440
|move|p1a: Samurott|Ceaseless Edge|p2a: Great Tusk|[miss]
|-miss|p1a: Samurott|p2a: Great Tusk
|move|p2a: Great Tusk|Rapid Spin|p1a: Samurott
|-damage|p1a: Samurott|81/100
|-boost|p2a: Great Tusk|spe|1
|-sideend|p2: vacineee|Spikes|[from] move: Rapid Spin|[of] p2a: Great Tusk
|
|-heal|p2a: Great Tusk|40/100|[from] Grassy Terrain
|-heal|p1a: Samurott|87/100|[from] Grassy Terrain
|-fieldend|move: Grassy Terrain
|upkeep
|turn|14
|
|t:|1769407444
|move|p2a: Great Tusk|Close Combat|p1a: Samurott
|-supereffective|p1a: Samurott
|-damage|p1a: Samurott|0 fnt
|-unboost|p2a: Great Tusk|def|1
|-unboost|p2a: Great Tusk|spd|1
|faint|p1a: Samurott
|
|upkeep
|
|t:|1769407448
|switch|p1a: Iron Valiant|Iron Valiant|100/100
|-enditem|p1a: Iron Valiant|Booster Energy
|-activate|p1a: Iron Valiant|ability: Quark Drive|[fromitem]
|-start|p1a: Iron Valiant|quarkdrivespe
|turn|15
|
|t:|1769407451
|move|p1a: Iron Valiant|Spirit Break|p2a: Great Tusk
|-supereffective|p2a: Great Tusk
|-damage|p2a: Great Tusk|0 fnt
|faint|p2a: Great Tusk
|-end|p2a: Great Tusk|Protosynthesis|[silent]
|
|upkeep
|
|t:|1769407459
|switch|p2a: Heatran|Heatran, M|23/100
|turn|16
|inactive|yesgamerfleet has 120 seconds left.
|
|t:|1769407481
|move|p1a: Iron Valiant|Knock Off|p2a: Heatran
|-damage|p2a: Heatran|5/100
|move|p2a: Heatran|Magma Storm|p1a: Iron Valiant
|-damage|p1a: Iron Valiant|17/100
|-activate|p1a: Iron Valiant|move: Magma Storm|[of] p2a: Heatran
|
|-damage|p1a: Iron Valiant|5/100|[from] move: Magma Storm|[partiallytrapped]
|upkeep
|turn|17
|inactive|yesgamerfleet has 120 seconds left.
|
|t:|1769407489
|move|p1a: Iron Valiant|Knock Off|p2a: Heatran
|-damage|p2a: Heatran|0 fnt
|faint|p2a: Heatran
|
|-end|p1a: Iron Valiant|Magma Storm|[partiallytrapped]|[silent]
|upkeep
|inactive|vacineee has 120 seconds left.
|
|t:|1769407530
|switch|p2a: Slowking|Slowking-Galar, F|100/100
|turn|18
|inactive|yesgamerfleet has 120 seconds left.
|
|t:|1769407566
|move|p1a: Iron Valiant|Knock Off|p2a: Slowking
|-supereffective|p2a: Slowking
|-damage|p2a: Slowking|33/100
|-enditem|p2a: Slowking|Heavy-Duty Boots|[from] move: Knock Off|[of] p1a: Iron Valiant
|move|p2a: Slowking|Sludge Bomb|p1a: Iron Valiant
|-supereffective|p1a: Iron Valiant
|-damage|p1a: Iron Valiant|0 fnt
|faint|p1a: Iron Valiant
|-end|p1a: Iron Valiant|Quark Drive|[silent]
|
|upkeep
|
|t:|1769407568
|switch|p1a: Kingambit|Kingambit, F, shiny|100/100
|-activate|p1a: Kingambit|ability: Supreme Overlord
|-start|p1a: Kingambit|fallen5|[silent]
|turn|19
|inactive|vacineee has 120 seconds left.
|
|t:|1769407580
|move|p1a: Kingambit|Swords Dance|p1a: Kingambit
|-boost|p1a: Kingambit|atk|2
|move|p2a: Slowking|Thunder Wave|p1a: Kingambit|[miss]
|-miss|p2a: Slowking|p1a: Kingambit
|
|upkeep
|turn|20
|inactive|yesgamerfleet has 120 seconds left.
|
|t:|1769407594
|move|p1a: Kingambit|Kowtow Cleave|p2a: Slowking
|-supereffective|p2a: Slowking
|-damage|p2a: Slowking|0 fnt
|faint|p2a: Slowking
|
|upkeep
|
|t:|1769407596
|switch|p2a: Hoopa|Hoopa-Unbound, tera:Fairy|75/100
|turn|21
|inactive|yesgamerfleet has 120 seconds left.
|
|t:|1769407622
|-terastallize|p1a: Kingambit|Dark
|move|p2a: Hoopa|Drain Punch|p1a: Kingambit
|-supereffective|p1a: Kingambit
|-damage|p1a: Kingambit|63/100
|-heal|p2a: Hoopa|97/100|[from] drain|[of] p1a: Kingambit
|move|p1a: Kingambit|Kowtow Cleave|p2a: Hoopa
|-resisted|p2a: Hoopa
|-damage|p2a: Hoopa|0 fnt
|faint|p2a: Hoopa
|
|upkeep
|
|t:|1769407631
|switch|p2a: Rillaboom|Rillaboom, F|80/100
|-fieldstart|move: Grassy Terrain|[from] ability: Grassy Surge|[of] p2a: Rillaboom
|turn|22
|
|t:|1769407638
|move|p2a: Rillaboom|Grassy Glide|p1a: Kingambit
|-damage|p1a: Kingambit|16/100
|move|p1a: Kingambit|Kowtow Cleave|p2a: Rillaboom
|-damage|p2a: Rillaboom|0 fnt
|faint|p2a: Rillaboom
|
|win|yesgamerfleet
|raw|yesgamerfleet's rating: 1407 &rarr; <strong>1428</strong><br />(+21 for winning)
|raw|vacineee's rating: 1428 &rarr; <strong>1407</strong><br />(-21 for losing)
|l|☆vacineee
|player|p2|
|l|☆yesgamerfleet
|player|p1|
