|j|☆BoostingTyranntrum
|j|☆DatGroove
|t:|1769430628
|gametype|singles
|player|p1|BoostingTyranntrum|102|1354
|player|p2|DatGroove|2|1350
|gen|9
|tier|[Gen 9] OU
|rated|
|rule|HP Percentage Mod: HP is shown in percentages
|rule|Endless Battle Clause: Forcing endless battles is banned
|rule|Species Clause: Limit one of each Pokémon
|rule|OHKO Clause: OHKO moves are banned
|rule|Evasion Items Clause: Evasion items are banned
|rule|Evasion Moves Clause: Evasion moves are banned
|rule|Evasion Abilities Clause: Evasion abilities are banned
|rule|Sleep Moves Clause: Sleep-inducing moves are banned
|clearpoke
|poke|p1|Pelipper, M|
|poke|p1|Ludicolo, F|
|poke|p1|Iron Treads|
|poke|p1|Landorus-Therian, M|
|poke|p1|Barraskewda, M|
|poke|p1|Basculegion-F, F|
|poke|p2|Pelipper, F|
|poke|p2|Ogerpon-Wellspring, F|
|poke|p2|Dragonite, F|
|poke|p2|Landorus-Therian, M|
|poke|p2|Mandibuzz, F|
|poke|p2|Tinkaton, F|
|teampreview
|
|t:|1769430650
|teamsize|p1|6
|teamsize|p2|6
|start
|switch|p1a: Landorus|Landorus-Therian, M|100/100
|switch|p2a: Ogerpon|Ogerpon-Wellspring, F|100/100
|-ability|p1a: Landorus|Intimidate|boost
|-unboost|p2a: Ogerpon|atk|1
|turn|1
|
|t:|1769430659
|-terastallize|p1a: Landorus|Poison
|move|p2a: Ogerpon|Knock Off|p1a: Landorus
|-damage|p1a: Landorus|71/100
|-enditem|p1a: Landorus|Choice Specs|[from] move: Knock Off|[of] p2a: Ogerpon
|move|p1a: Landorus|Sludge Bomb|p2a: Ogerpon
|-supereffective|p2a: Ogerpon
|-crit|p2a: Ogerpon
|-damage|p2a: Ogerpon|0 fnt
|faint|p2a: Ogerpon
|
|upkeep
|
|t:|1769430667
|switch|p2a: Landorus|Landorus-Therian, M|100/100
|-ability|p2a: Landorus|Intimidate|boost
|-unboost|p1a: Landorus|atk|1
|turn|2
|
|t:|1769430678
|move|p1a: Landorus|U-turn|p2a: Landorus
|-resisted|p2a: Landorus
|-damage|p2a: Landorus|94/100
|-damage|p1a: Landorus|55/100|[from] item: Rocky Helmet|[of] p2a: Landorus
|
|t:|1769430682
|switch|p1a: Pelipper|Pelipper, M|100/100|[from] U-turn
|-weather|RainDance|[from] ability: Drizzle|[of] p1a: Pelipper
|move|p2a: Landorus|Stone Edge|p1a: Pelipper
|-supereffective|p1a: Pelipper
|-damage|p1a: Pelipper|40/100
|
|-weather|RainDance|[upkeep]
|upkeep
|turn|3
|
|t:|1769430690
|switch|p2a: Tinkaton|Tinkaton, F|100/100
|-ability|p2a: Tinkaton|Mold Breaker
|move|p1a: Pelipper|Weather Ball|p2a: Tinkaton
|-damage|p2a: Tinkaton|67/100
|
|-weather|RainDance|[upkeep]
|upkeep
|turn|4
|
|t:|1769430699
|switch|p1a: Iron Treads|Iron Treads|100/100
|move|p2a: Tinkaton|Stealth Rock|p1a: Iron Treads
|-sidestart|p1: BoostingTyranntrum|move: Stealth Rock
|
|-weather|RainDance|[upkeep]
|upkeep
|turn|5
|
|t:|1769430706
|switch|p2a: Landorus|Landorus-Therian, M|94/100
|-ability|p2a: Landorus|Intimidate|boost
|-unboost|p1a: Iron Treads|atk|1
|move|p1a: Iron Treads|Rapid Spin|p2a: Landorus
|-damage|p2a: Landorus|86/100
|-boost|p1a: Iron Treads|spe|1
|-damage|p1a: Iron Treads|84/100|[from] item: Rocky Helmet|[of] p2a: Landorus
|-sideend|p1: BoostingTyranntrum|Stealth Rock|[from] move: Rapid Spin|[of] p1a: Iron Treads
|
|-weather|RainDance|[upkeep]
|upkeep
|turn|6
|
|t:|1769430715
|-end|p1a: Iron Treads|Quark Drive|[silent]
|switch|p1a: Pelipper|Pelipper, M|40/100
|move|p2a: Landorus|Earthquake|p1a: Pelipper
|-immune|p1a: Pelipper
|
|-weather|RainDance|[upkeep]
|upkeep
|turn|7
|
|t:|1769430721
|switch|p1a: Barraskewda|Barraskewda, M|100/100
|move|p2a: Landorus|Stone Edge|p1a: Barraskewda
|-crit|p1a: Barraskewda
|-damage|p1a: Barraskewda|0 fnt
|faint|p1a: Barraskewda
|
|-weather|RainDance|[upkeep]
|upkeep
|
|t:|1769430724
|switch|p1a: Basculegion|Basculegion-F, F|100/100
|turn|8
|
|t:|1769430736
|switch|p2a: Tinkaton|Tinkaton, F|67/100
|-ability|p2a: Tinkaton|Mold Breaker
|move|p1a: Basculegion|Surf|p2a: Tinkaton
|-damage|p2a: Tinkaton|15/100
|-damage|p1a: Basculegion|91/100|[from] item: Life Orb
|
|-weather|RainDance|[upkeep]
|upkeep
|turn|9
|
|t:|1769430741
|move|p1a: Basculegion|Surf|p2a: Tinkaton
|-damage|p2a: Tinkaton|0 fnt
|faint|p2a: Tinkaton
|-damage|p1a: Basculegion|81/100|[from] item: Life Orb
|
|-weather|none
|upkeep
|
|t:|1769430745
|switch|p2a: Dragonite|Dragonite, F|100/100
|turn|10
|
|t:|1769430764
|move|p2a: Dragonite|Draco Meteor|p1a: Basculegion
|-damage|p1a: Basculegion|0 fnt
|-unboost|p2a: Dragonite|spa|2
|faint|p1a: Basculegion
|
|upkeep
|
|t:|1769430768
|switch|p1a: Pelipper|Pelipper, M|40/100
|-weather|RainDance|[from] ability: Drizzle|[of] p1a: Pelipper
|turn|11
|
|t:|1769430773
|switch|p1a: Ludicolo|Ludicolo, F|100/100
|move|p2a: Dragonite|Draco Meteor|p1a: Ludicolo
|-damage|p1a: Ludicolo|49/100
|-unboost|p2a: Dragonite|spa|2
|
|-weather|RainDance|[upkeep]
|upkeep
|turn|12
|
|t:|1769430778
|switch|p2a: Pelipper|Pelipper, F|100/100
|move|p1a: Ludicolo|Ice Beam|p2a: Pelipper
|-damage|p2a: Pelipper|55/100
|-damage|p1a: Ludicolo|39/100|[from] item: Life Orb
|
|-weather|RainDance|[upkeep]
|upkeep
|turn|13
|
|t:|1769430788
|move|p1a: Ludicolo|Giga Drain|p2a: Pelipper
|-damage|p2a: Pelipper|0 fnt
|-heal|p1a: Ludicolo|69/100|[from] drain|[of] p2a: Pelipper
|faint|p2a: Pelipper
|-damage|p1a: Ludicolo|59/100|[from] item: Life Orb
|
|-weather|RainDance|[upkeep]
|upkeep
|
|t:|1769430794
|switch|p2a: Mandibuzz|Mandibuzz, F|100/100
|turn|14
|
|t:|1769430803
|switch|p1a: Landorus|Landorus-Therian, M, tera:Poison|55/100
|-ability|p1a: Landorus|Intimidate|boost
|-unboost|p2a: Mandibuzz|atk|1
|move|p2a: Mandibuzz|Foul Play|p1a: Landorus
|-damage|p1a: Landorus|5/100
|
|-weather|RainDance|[upkeep]
|upkeep
|turn|15
|
|t:|1769430809
|move|p1a: Landorus|Sludge Bomb|p2a: Mandibuzz
|-damage|p2a: Mandibuzz|66/100
|move|p2a: Mandibuzz|U-turn|p1a: Landorus
|-resisted|p1a: Landorus
|-damage|p1a: Landorus|0 fnt
|faint|p1a: Landorus
|
|t:|1769430820
|switch|p2a: Dragonite|Dragonite, F|100/100|[from] U-turn
|
|-weather|RainDance|[upkeep]
|upkeep
|
|t:|1769430823
|switch|p1a: Iron Treads|Iron Treads|84/100
|turn|16
|
|t:|1769430828
|move|p2a: Dragonite|Surf|p1a: Iron Treads
|-supereffective|p1a: Iron Treads
|-damage|p1a: Iron Treads|18/100
|move|p1a: Iron Treads|Iron Head|p2a: Dragonite
|-damage|p2a: Dragonite|84/100
|
|-weather|RainDance|[upkeep]
|upkeep
|turn|17
|
|t:|1769430835
|move|p2a: Dragonite|Surf|p1a: Iron Treads
|-supereffective|p1a: Iron Treads
|-damage|p1a: Iron Treads|0 fnt
|faint|p1a: Iron Treads
|-end|p1a: Iron Treads|Quark Drive|[silent]
|
|-weather|RainDance|[upkeep]
|upkeep
|
|t:|1769430837
|switch|p1a: Ludicolo|Ludicolo, F|59/100
|turn|18
|
|t:|1769430844
|switch|p2a: Mandibuzz|Mandibuzz, F|66/100
|move|p1a: Ludicolo|Hydro Pump|p2a: Mandibuzz
|-damage|p2a: Mandibuzz|0 fnt
|faint|p2a: Mandibuzz
|-damage|p1a: Ludicolo|49/100|[from] item: Life Orb
|
|-weather|none
|upkeep
|
|t:|1769430850
|switch|p2a: Dragonite|Dragonite, F|84/100
|turn|19
|
|t:|1769430858
|switch|p1a: Pelipper|Pelipper, M|40/100
|-weather|RainDance|[from] ability: Drizzle|[of] p1a: Pelipper
|move|p2a: Dragonite|Dragon Pulse|p1a: Pelipper
|-damage|p1a: Pelipper|0 fnt
|faint|p1a: Pelipper
|
|-weather|RainDance|[upkeep]
|upkeep
|
|t:|1769430860
|switch|p1a: Ludicolo|Ludicolo, F|49/100
|turn|20
|
|t:|1769430865
|-terastallize|p2a: Dragonite|Dragon
|move|p1a: Ludicolo|Ice Beam|p2a: Dragonite
|-supereffective|p2a: Dragonite
|-damage|p2a: Dragonite|14/100
|-damage|p1a: Ludicolo|39/100|[from] item: Life Orb
|move|p2a: Dragonite|Dragon Pulse|p1a: Ludicolo
|-damage|p1a: Ludicolo|0 fnt
|faint|p1a: Ludicolo
|
|win|DatGroove
|raw|BoostingTyranntrum's rating: 1354 &rarr; <strong>1334</strong><br />(-20 for losing)
|raw|DatGroove's rating: 1350 &rarr; <strong>1370</strong><br />(+20 for winning)
|l|☆DatGroove
|player|p2|
|l|☆BoostingTyranntrum
|player|p1|
