|j|☆I do not 1234
|j|☆TheDoritosLad
|t:|1769433438
|gametype|singles
|player|p1|I do not 1234|170|1126
|player|p2|TheDoritosLad|miku-water|1120
|gen|9
|tier|[Gen 9] OU
|rated|
|rule|HP Percentage Mod: HP is shown in percentages
|rule|Endless Battle Clause: Forcing endless battles is banned
|rule|Species Clause: Limit one of each Pokémon
|rule|OHKO Clause: OHKO moves are banned
|rule|Evasion Items Clause: Evasion items are banned
|rule|Evasion Moves Clause: Evasion moves are banned
|rule|Evasion Abilities Clause: Evasion abilities are banned
|rule|Sleep Moves Clause: Sleep-inducing moves are banned
|clearpoke
|poke|p1|Pelipper, F|
|poke|p1|Hatterene, F|
|poke|p1|Iron Treads|
|poke|p1|Toxicroak, F|
|poke|p1|Barraskewda, F|
|poke|p1|Zapdos|
|poke|p2|Iron Valiant|
|poke|p2|Primarina, F|
|poke|p2|Zoroark-Hisui, M|
|poke|p2|Flygon, F|
|poke|p2|Ninetales, F|
|poke|p2|Metagross|
|teampreview
|inactive|Battle timer is ON: inactive players will automatically lose when time's up. (requested by TheDoritosLad)
|
|t:|1769433450
|teamsize|p1|6
|teamsize|p2|6
|start
|switch|p1a: Pelipper|Pelipper, F|100/100
|switch|p2a: Flygon|Flygon, F|100/100
|-weather|RainDance|[from] ability: Drizzle|[of] p1a: Pelipper
|turn|1
|
|t:|1769433463
|move|p1a: Pelipper|Knock Off|p2a: Flygon
|-damage|p2a: Flygon|85/100
|-enditem|p2a: Flygon|Choice Band|[from] move: Knock Off|[of] p1a: Pelipper
|move|p2a: Flygon|Dragon Tail|p1a: Pelipper
|-damage|p1a: Pelipper|70/100
|drag|p1a: Toxicroak|Toxicroak, F|100/100
|
|-weather|RainDance|[upkeep]
|upkeep
|turn|2
|
|t:|1769433473
|move|p2a: Flygon|Earthquake|p1a: Toxicroak
|-supereffective|p1a: Toxicroak
|-crit|p1a: Toxicroak
|-damage|p1a: Toxicroak|0 fnt
|faint|p1a: Toxicroak
|
|-weather|RainDance|[upkeep]
|upkeep
|
|t:|1769433478
|switch|p1a: Barraskewda|Barraskewda, F|100/100
|turn|3
|
|t:|1769433482
|-terastallize|p1a: Barraskewda|Water
|move|p1a: Barraskewda|Liquidation|p2a: Flygon
|-damage|p2a: Flygon|0 fnt
|faint|p2a: Flygon
|
|-weather|RainDance|[upkeep]
|upkeep
|
|t:|1769433491
|switch|p2a: Primarina|Primarina, F, shiny|100/100
|turn|4
|
|t:|1769433493
|move|p1a: Barraskewda|Liquidation|p2a: Primarina
|-resisted|p2a: Primarina
|-damage|p2a: Primarina|13/100
|-enditem|p2a: Primarina|Sitrus Berry|[eat]
|-heal|p2a: Primarina|38/100|[from] item: Sitrus Berry
|move|p2a: Primarina|Moonblast|p1a: Barraskewda
|-damage|p1a: Barraskewda|0 fnt
|faint|p1a: Barraskewda
|
|-weather|RainDance|[upkeep]
|upkeep
|
|t:|1769433502
|switch|p1a: Zapdos|Zapdos|100/100
|turn|5
|
|t:|1769433506
|switch|p2a: Ninetales|Ninetales, F, shiny|100/100
|-weather|SunnyDay|[from] ability: Drought|[of] p2a: Ninetales
|move|p1a: Zapdos|Thunder|p2a: Ninetales
|-damage|p2a: Ninetales|1/100
|
|-weather|SunnyDay|[upkeep]
|upkeep
|turn|6
|
|t:|1769433517
|switch|p2a: Metagross|Metagross|100/100
|switch|p1a: Pelipper|Pelipper, F|70/100
|-weather|RainDance|[from] ability: Drizzle|[of] p1a: Pelipper
|
|-weather|RainDance|[upkeep]
|upkeep
|turn|7
|
|t:|1769433525
|move|p2a: Metagross|Stone Edge|p1a: Pelipper
|-supereffective|p1a: Pelipper
|-damage|p1a: Pelipper|0 fnt
|faint|p1a: Pelipper
|
|-weather|RainDance|[upkeep]
|upkeep
|
|t:|1769433530
|switch|p1a: Zapdos|Zapdos|100/100
|turn|8
|
|t:|1769433535
|switch|p2a: Ninetales|Ninetales, F, shiny|1/100
|-weather|SunnyDay|[from] ability: Drought|[of] p2a: Ninetales
|move|p1a: Zapdos|Thunder|p2a: Ninetales|[miss]
|-miss|p1a: Zapdos|p2a: Ninetales
|
|-weather|SunnyDay|[upkeep]
|upkeep
|turn|9
|
|t:|1769433541
|move|p2a: Ninetales|Weather Ball|p1a: Zapdos
|-damage|p1a: Zapdos|31/100
|move|p1a: Zapdos|Thunder|p2a: Ninetales
|-damage|p2a: Ninetales|0 fnt
|faint|p2a: Ninetales
|
|-weather|SunnyDay|[upkeep]
|upkeep
|
|t:|1769433546
|switch|p2a: Metagross|Metagross|100/100
|turn|10
|
|t:|1769433550
|move|p1a: Zapdos|Thunder|p2a: Metagross
|-damage|p2a: Metagross|42/100
|move|p2a: Metagross|Heavy Slam|p1a: Zapdos
|-resisted|p1a: Zapdos
|-damage|p1a: Zapdos|0 fnt
|-status|p2a: Metagross|par|[from] ability: Static|[of] p1a: Zapdos
|faint|p1a: Zapdos
|
|-weather|SunnyDay|[upkeep]
|upkeep
|
|t:|1769433559
|switch|p1a: Iron Treads|Iron Treads|100/100
|turn|11
|
|t:|1769433563
|move|p1a: Iron Treads|Stealth Rock|p2a: Metagross
|-sidestart|p2: TheDoritosLad|move: Stealth Rock
|cant|p2a: Metagross|par
|
|-weather|SunnyDay|[upkeep]
|upkeep
|turn|12
|
|t:|1769433569
|move|p1a: Iron Treads|Earthquake|p2a: Metagross
|-supereffective|p2a: Metagross
|-damage|p2a: Metagross|0 fnt
|faint|p2a: Metagross
|
|-weather|none
|upkeep
|
|t:|1769433572
|switch|p2a: Primarina|Primarina, F, shiny|38/100
|-damage|p2a: Primarina|25/100|[from] Stealth Rock
|turn|13
|
|t:|1769433586
|move|p1a: Iron Treads|Volt Switch|p2a: Primarina
|-supereffective|p2a: Primarina
|-damage|p2a: Primarina|7/100
|
|t:|1769433590
|-end|p1a: Iron Treads|Quark Drive|[silent]
|switch|p1a: Hatterene|Hatterene, F|100/100|[from] Volt Switch
|move|p2a: Primarina|Hyper Voice|p1a: Hatterene
|-damage|p1a: Hatterene|45/100
|-enditem|p1a: Hatterene|Eject Button
|
|t:|1769433597
|switch|p1a: Iron Treads|Iron Treads|100/100
|
|upkeep
|turn|14
|
|t:|1769433601
|move|p1a: Iron Treads|Rapid Spin|p2a: Primarina
|-damage|p2a: Primarina|0 fnt
|-boost|p1a: Iron Treads|spe|1
|faint|p2a: Primarina
|
|upkeep
|
|t:|1769433610
|switch|p2a: Iron Valiant|Iron Valiant|100/100
|-damage|p2a: Iron Valiant|94/100|[from] Stealth Rock
|turn|15
|
|t:|1769433619
|move|p1a: Iron Treads|Earthquake|p2a: Iron Valiant
|-damage|p2a: Iron Valiant|41/100
|move|p2a: Iron Valiant|Drain Punch|p1a: Iron Treads
|-supereffective|p1a: Iron Treads
|-damage|p1a: Iron Treads|22/100
|-heal|p2a: Iron Valiant|93/100|[from] drain|[of] p1a: Iron Treads
|-damage|p2a: Iron Valiant|83/100|[from] item: Life Orb
|
|-heal|p1a: Iron Treads|28/100|[from] item: Leftovers
|upkeep
|turn|16
|
|t:|1769433628
|move|p1a: Iron Treads|Volt Switch|p2a: Iron Valiant
|-crit|p2a: Iron Valiant
|-damage|p2a: Iron Valiant|52/100
|
|t:|1769433631
|-end|p1a: Iron Treads|Quark Drive|[silent]
|switch|p1a: Hatterene|Hatterene, F|45/100|[from] Volt Switch
|move|p2a: Iron Valiant|Drain Punch|p1a: Hatterene
|-resisted|p1a: Hatterene
|-damage|p1a: Hatterene|32/100
|-heal|p2a: Iron Valiant|59/100|[from] drain|[of] p1a: Hatterene
|-damage|p2a: Iron Valiant|49/100|[from] item: Life Orb
|
|upkeep
|turn|17
|
|t:|1769433641
|move|p2a: Iron Valiant|Shadow Sneak|p1a: Hatterene
|-supereffective|p1a: Hatterene
|-damage|p1a: Hatterene|0 fnt
|faint|p1a: Hatterene
|-damage|p2a: Iron Valiant|39/100|[from] item: Life Orb
|
|upkeep
|
|t:|1769433646
|switch|p1a: Iron Treads|Iron Treads|28/100
|turn|18
|
|t:|1769433649
|move|p2a: Iron Valiant|Drain Punch|p1a: Iron Treads
|-supereffective|p1a: Iron Treads
|-damage|p1a: Iron Treads|0 fnt
|-heal|p2a: Iron Valiant|58/100|[from] drain|[of] p1a: Iron Treads
|faint|p1a: Iron Treads
|-end|p1a: Iron Treads|Quark Drive|[silent]
|-damage|p2a: Iron Valiant|48/100|[from] item: Life Orb
|
|win|TheDoritosLad
|raw|I do not 1234's rating: 1126 &rarr; <strong>1101</strong><br />(-25 for losing)
|raw|TheDoritosLad's rating: 1120 &rarr; <strong>1145</strong><br />(+25 for winning)
|l|☆TheDoritosLad
|player|p2|
|l|☆I do not 1234
|player|p1|
