|j|☆newbytho
|j|☆jpig44
|t:|1769369063
|gametype|singles
|player|p1|newbytho|1|1669
|player|p2|jpig44|red-masters|1730
|gen|9
|tier|[Gen 9] OU
|rated|
|rule|HP Percentage Mod: HP is shown in percentages
|rule|Endless Battle Clause: Forcing endless battles is banned
|rule|Species Clause: Limit one of each Pokémon
|rule|OHKO Clause: OHKO moves are banned
|rule|Evasion Items Clause: Evasion items are banned
|rule|Evasion Moves Clause: Evasion moves are banned
|rule|Evasion Abilities Clause: Evasion abilities are banned
|rule|Sleep Moves Clause: Sleep-inducing moves are banned
|clearpoke
|poke|p1|Pecharunt|
|poke|p1|Zapdos|
|poke|p1|Ting-Lu|
|poke|p1|Great Tusk|
|poke|p1|Slowking-Galar, F|
|poke|p1|Kingambit, F|
|poke|p2|Lokix, F|
|poke|p2|Cinderace, F|
|poke|p2|Great Tusk|
|poke|p2|Alomomola, F|
|poke|p2|Enamorus, F|
|poke|p2|Slowking-Galar, M|
|teampreview
|
|t:|1769369081
|teamsize|p1|6
|teamsize|p2|6
|start
|switch|p1a: Zapdos|Zapdos|100/100
|switch|p2a: Slowking|Slowking-Galar, M|100/100
|turn|1
|
|t:|1769369085
|move|p1a: Zapdos|Volt Switch|p2a: Slowking
|-damage|p2a: Slowking|76/100
|inactive|Battle timer is ON: inactive players will automatically lose when time's up. (requested by jpig44)
|
|t:|1769369089
|switch|p1a: Ting-Lu|Ting-Lu|100/100|[from] Volt Switch
|-ability|p1a: Ting-Lu|Vessel of Ruin
|-prepare|p2a: Slowking|Chilly Reception|[premajor]
|move|p2a: Slowking|Chilly Reception|p2a: Slowking
|-weather|Snowscape
|
|t:|1769369097
|switch|p2a: Lokix|Lokix, F|100/100|[from] Chilly Reception
|
|-weather|Snowscape|[upkeep]
|upkeep
|turn|2
|
|t:|1769369101
|switch|p1a: Zapdos|Zapdos|100/100
|move|p2a: Lokix|Knock Off|p1a: Zapdos
|-damage|p1a: Zapdos|46/100
|-enditem|p1a: Zapdos|Heavy-Duty Boots|[from] move: Knock Off|[of] p2a: Lokix
|
|-weather|Snowscape|[upkeep]
|upkeep
|turn|3
|
|t:|1769369108
|switch|p2a: Slowking|Slowking-Galar, M|100/100
|move|p1a: Zapdos|Roost|p1a: Zapdos
|-heal|p1a: Zapdos|96/100
|-singleturn|p1a: Zapdos|move: Roost
|
|-weather|Snowscape|[upkeep]
|upkeep
|turn|4
|
|t:|1769369111
|move|p1a: Zapdos|Volt Switch|p2a: Slowking
|-damage|p2a: Slowking|78/100
|
|t:|1769369116
|switch|p1a: Ting-Lu|Ting-Lu|100/100|[from] Volt Switch
|-ability|p1a: Ting-Lu|Vessel of Ruin
|-prepare|p2a: Slowking|Chilly Reception|[premajor]
|move|p2a: Slowking|Chilly Reception|p2a: Slowking
|
|t:|1769369133
|switch|p2a: Cinderace|Cinderace, F|100/100|[from] Chilly Reception
|
|-weather|Snowscape|[upkeep]
|upkeep
|turn|5
|
|t:|1769369139
|switch|p1a: Pecharunt|Pecharunt|100/100
|move|p2a: Cinderace|Will-O-Wisp|p1a: Pecharunt
|-status|p1a: Pecharunt|brn
|
|-weather|none
|-damage|p1a: Pecharunt|94/100 brn|[from] brn
|upkeep
|turn|6
|
|t:|1769369149
|switch|p2a: Slowking|Slowking-Galar, M|100/100
|move|p1a: Pecharunt|Malignant Chain|p2a: Slowking
|-resisted|p2a: Slowking
|-damage|p2a: Slowking|88/100
|
|-damage|p1a: Pecharunt|88/100 brn|[from] brn
|upkeep
|turn|7
|
|t:|1769369157
|switch|p1a: Slowking|Slowking-Galar, F|100/100
|move|p2a: Slowking|Future Sight|p1a: Slowking
|-start|p2a: Slowking|move: Future Sight
|
|upkeep
|turn|8
|
|t:|1769369162
|move|p1a: Slowking|Ice Beam|p2a: Slowking
|-damage|p2a: Slowking|66/100
|-prepare|p2a: Slowking|Chilly Reception|[premajor]
|move|p2a: Slowking|Chilly Reception|p2a: Slowking
|-weather|Snowscape
|
|t:|1769369164
|switch|p2a: Lokix|Lokix, F|100/100|[from] Chilly Reception
|
|-weather|Snowscape|[upkeep]
|upkeep
|turn|9
|
|t:|1769369175
|switch|p1a: Kingambit|Kingambit, F|100/100
|-terastallize|p2a: Lokix|Bug
|move|p2a: Lokix|First Impression|p1a: Kingambit
|-damage|p1a: Kingambit|38/100
|
|-weather|Snowscape|[upkeep]
|-end|p1a: Kingambit|move: Future Sight
|-immune|p1a: Kingambit
|-heal|p1a: Kingambit|44/100|[from] item: Leftovers
|upkeep
|turn|10
|
|t:|1769369186
|switch|p2a: Great Tusk|Great Tusk|100/100
|move|p1a: Kingambit|Iron Head|p2a: Great Tusk
|-damage|p2a: Great Tusk|76/100
|
|-weather|Snowscape|[upkeep]
|-heal|p2a: Great Tusk|83/100|[from] item: Leftovers
|-heal|p1a: Kingambit|50/100|[from] item: Leftovers
|upkeep
|turn|11
|
|t:|1769369196
|-end|p2a: Great Tusk|Protosynthesis|[silent]
|switch|p2a: Slowking|Slowking-Galar, M|99/100
|-end|p1a: Kingambit|fallenundefined|[silent]
|switch|p1a: Ting-Lu|Ting-Lu|100/100
|-ability|p1a: Ting-Lu|Vessel of Ruin
|
|-weather|Snowscape|[upkeep]
|upkeep
|turn|12
|
|t:|1769369200
|switch|p2a: Lokix|Lokix, F, tera:Bug|100/100
|move|p1a: Ting-Lu|Stealth Rock|p2a: Lokix
|-sidestart|p2: jpig44|move: Stealth Rock
|
|-weather|none
|upkeep
|turn|13
|
|t:|1769369205
|switch|p1a: Zapdos|Zapdos|96/100
|move|p2a: Lokix|U-turn|p1a: Zapdos
|-resisted|p1a: Zapdos
|-damage|p1a: Zapdos|50/100
|-status|p2a: Lokix|par|[from] ability: Static|[of] p1a: Zapdos
|
|t:|1769369223
|switch|p2a: Slowking|Slowking-Galar, M|100/100|[from] U-turn
|-damage|p2a: Slowking|88/100|[from] Stealth Rock
|
|upkeep
|turn|14
|
|t:|1769369227
|move|p1a: Zapdos|Roost|p1a: Zapdos
|-heal|p1a: Zapdos|99/100
|-singleturn|p1a: Zapdos|move: Roost
|move|p2a: Slowking|Future Sight|p1a: Zapdos
|-start|p2a: Slowking|move: Future Sight
|
|upkeep
|turn|15
|
|t:|1769369234
|move|p1a: Zapdos|Volt Switch|p2a: Slowking
|-damage|p2a: Slowking|64/100
|
|t:|1769369242
|switch|p1a: Kingambit|Kingambit, F|50/100|[from] Volt Switch
|-prepare|p2a: Slowking|Chilly Reception|[premajor]
|move|p2a: Slowking|Chilly Reception|p2a: Slowking
|-weather|Snowscape
|
|t:|1769369255
|switch|p2a: Cinderace|Cinderace, F|100/100|[from] Chilly Reception
|
|-weather|Snowscape|[upkeep]
|-heal|p1a: Kingambit|57/100|[from] item: Leftovers
|upkeep
|turn|16
|
|t:|1769369261
|-end|p1a: Kingambit|fallenundefined|[silent]
|switch|p1a: Ting-Lu|Ting-Lu|100/100
|-ability|p1a: Ting-Lu|Vessel of Ruin
|move|p2a: Cinderace|Pyro Ball|p1a: Ting-Lu
|-damage|p1a: Ting-Lu|74/100
|
|-weather|Snowscape|[upkeep]
|-end|p1a: Ting-Lu|move: Future Sight
|-immune|p1a: Ting-Lu
|-heal|p1a: Ting-Lu|80/100|[from] item: Leftovers
|upkeep
|turn|17
|
|t:|1769369267
|move|p2a: Cinderace|Will-O-Wisp|p1a: Ting-Lu
|-status|p1a: Ting-Lu|brn
|move|p1a: Ting-Lu|Ruination|p2a: Cinderace
|-damage|p2a: Cinderace|50/100
|
|-weather|Snowscape|[upkeep]
|-heal|p1a: Ting-Lu|87/100 brn|[from] item: Leftovers
|-damage|p1a: Ting-Lu|80/100 brn|[from] brn
|upkeep
|turn|18
|
|t:|1769369276
|move|p2a: Cinderace|U-turn|p1a: Ting-Lu
|-supereffective|p1a: Ting-Lu
|-damage|p1a: Ting-Lu|59/100 brn
|
|t:|1769369279
|switch|p2a: Great Tusk|Great Tusk|83/100|[from] U-turn
|-damage|p2a: Great Tusk|80/100|[from] Stealth Rock
|move|p1a: Ting-Lu|Ruination|p2a: Great Tusk
|-damage|p2a: Great Tusk|40/100
|
|-weather|Snowscape|[upkeep]
|-heal|p2a: Great Tusk|46/100|[from] item: Leftovers
|-heal|p1a: Ting-Lu|65/100 brn|[from] item: Leftovers
|-damage|p1a: Ting-Lu|59/100 brn|[from] brn
|upkeep
|turn|19
|
|t:|1769369284
|switch|p1a: Pecharunt|Pecharunt|88/100 brn
|move|p2a: Great Tusk|Earthquake|p1a: Pecharunt
|-supereffective|p1a: Pecharunt
|-damage|p1a: Pecharunt|48/100 brn
|
|-weather|none
|-heal|p2a: Great Tusk|53/100|[from] item: Leftovers
|-damage|p1a: Pecharunt|42/100 brn|[from] brn
|upkeep
|turn|20
|
|t:|1769369296
|-end|p2a: Great Tusk|Protosynthesis|[silent]
|switch|p2a: Slowking|Slowking-Galar, M|97/100
|-damage|p2a: Slowking|85/100|[from] Stealth Rock
|-terastallize|p1a: Pecharunt|Ghost
|move|p1a: Pecharunt|Recover|p1a: Pecharunt
|-heal|p1a: Pecharunt|92/100 brn
|
|-damage|p1a: Pecharunt|86/100 brn|[from] brn
|upkeep
|turn|21
|
|t:|1769369302
|switch|p1a: Kingambit|Kingambit, F|57/100
|switch|p2a: Alomomola|Alomomola, F|100/100
|-damage|p2a: Alomomola|88/100|[from] Stealth Rock
|
|-heal|p1a: Kingambit|63/100|[from] item: Leftovers
|upkeep
|turn|22
|
|t:|1769369310
|move|p1a: Kingambit|Kowtow Cleave|p2a: Alomomola
|-damage|p2a: Alomomola|48/100
|move|p2a: Alomomola|Flip Turn|p1a: Kingambit
|-damage|p1a: Kingambit|52/100
|
|t:|1769369314
|switch|p2a: Cinderace|Cinderace, F|50/100|[from] Flip Turn
|
|-heal|p1a: Kingambit|58/100|[from] item: Leftovers
|upkeep
|turn|23
|
|t:|1769369319
|-end|p1a: Kingambit|fallenundefined|[silent]
|switch|p1a: Ting-Lu|Ting-Lu|59/100 brn
|-ability|p1a: Ting-Lu|Vessel of Ruin
|move|p2a: Cinderace|Pyro Ball|p1a: Ting-Lu
|-crit|p1a: Ting-Lu
|-damage|p1a: Ting-Lu|22/100 brn
|
|-heal|p1a: Ting-Lu|28/100 brn|[from] item: Leftovers
|-damage|p1a: Ting-Lu|22/100 brn|[from] brn
|upkeep
|turn|24
|
|t:|1769369326
|switch|p1a: Zapdos|Zapdos|99/100
|move|p2a: Cinderace|U-turn|p1a: Zapdos
|-resisted|p1a: Zapdos
|-damage|p1a: Zapdos|94/100
|-status|p2a: Cinderace|par|[from] ability: Static|[of] p1a: Zapdos
|
|t:|1769369331
|switch|p2a: Slowking|Slowking-Galar, M|100/100|[from] U-turn
|-damage|p2a: Slowking|88/100|[from] Stealth Rock
|
|upkeep
|turn|25
|
|t:|1769369336
|move|p1a: Zapdos|Volt Switch|p2a: Slowking
|-damage|p2a: Slowking|66/100
|
|t:|1769369340
|switch|p1a: Kingambit|Kingambit, F|58/100|[from] Volt Switch
|-prepare|p2a: Slowking|Chilly Reception|[premajor]
|move|p2a: Slowking|Chilly Reception|p2a: Slowking
|-weather|Snowscape
|
|t:|1769369348
|switch|p2a: Cinderace|Cinderace, F|50/100 par|[from] Chilly Reception
|
|-weather|Snowscape|[upkeep]
|-heal|p1a: Kingambit|64/100|[from] item: Leftovers
|upkeep
|turn|26
|
|t:|1769369354
|move|p2a: Cinderace|Pyro Ball|p1a: Kingambit
|-supereffective|p1a: Kingambit
|-damage|p1a: Kingambit|0 fnt
|faint|p1a: Kingambit
|-end|p1a: Kingambit|fallenundefined|[silent]
|
|-weather|Snowscape|[upkeep]
|upkeep
|
|t:|1769369381
|switch|p1a: Great Tusk|Great Tusk|100/100
|turn|27
|
|t:|1769369386
|switch|p2a: Great Tusk|Great Tusk|53/100
|-damage|p2a: Great Tusk|50/100|[from] Stealth Rock
|move|p1a: Great Tusk|Close Combat|p2a: Great Tusk
|-damage|p2a: Great Tusk|23/100
|-unboost|p1a: Great Tusk|def|1
|-unboost|p1a: Great Tusk|spd|1
|
|-weather|Snowscape|[upkeep]
|-heal|p2a: Great Tusk|29/100|[from] item: Leftovers
|upkeep
|turn|28
|
|t:|1769369393
|-end|p1a: Great Tusk|Protosynthesis|[silent]
|switch|p1a: Pecharunt|Pecharunt, tera:Ghost|86/100 brn
|move|p2a: Great Tusk|Knock Off|p1a: Pecharunt
|-supereffective|p1a: Pecharunt
|-damage|p1a: Pecharunt|59/100 brn
|-enditem|p1a: Pecharunt|Covert Cloak|[from] move: Knock Off|[of] p2a: Great Tusk
|
|-weather|Snowscape|[upkeep]
|-heal|p2a: Great Tusk|35/100|[from] item: Leftovers
|-damage|p1a: Pecharunt|53/100 brn|[from] brn
|upkeep
|turn|29
|
|t:|1769369399
|-end|p2a: Great Tusk|Protosynthesis|[silent]
|switch|p2a: Alomomola|Alomomola, F|81/100
|-damage|p2a: Alomomola|68/100|[from] Stealth Rock
|move|p1a: Pecharunt|Recover|p1a: Pecharunt
|-heal|p1a: Pecharunt|100/100 brn
|
|-weather|none
|-damage|p1a: Pecharunt|94/100 brn|[from] brn
|upkeep
|turn|30
|
|t:|1769369402
|move|p1a: Pecharunt|Malignant Chain|p2a: Alomomola
|-damage|p2a: Alomomola|53/100
|-status|p2a: Alomomola|tox
|-start|p2a: Alomomola|confusion|[from] ability: Poison Puppeteer|[of] p1a: Pecharunt
|-activate|p2a: Alomomola|confusion
|-damage|p2a: Alomomola|47/100 tox|[from] confusion
|
|-damage|p2a: Alomomola|41/100 tox|[from] psn
|-damage|p1a: Pecharunt|88/100 brn|[from] brn
|upkeep
|turn|31
|
|t:|1769369410
|switch|p1a: Great Tusk|Great Tusk|100/100
|-end|p2a: Alomomola|confusion
|move|p2a: Alomomola|Flip Turn|p1a: Great Tusk
|-supereffective|p1a: Great Tusk
|-damage|p1a: Great Tusk|82/100
|
|t:|1769369415
|switch|p2a: Enamorus|Enamorus, F|100/100|[from] Flip Turn
|-damage|p2a: Enamorus|76/100|[from] Stealth Rock
|
|-heal|p1a: Great Tusk|88/100|[from] item: Leftovers
|upkeep
|turn|32
|
|t:|1769369435
|-end|p1a: Great Tusk|Protosynthesis|[silent]
|switch|p1a: Slowking|Slowking-Galar, F|100/100
|move|p2a: Enamorus|Healing Wish|p2a: Enamorus
|faint|p2a: Enamorus
|
|upkeep
|
|t:|1769369440
|switch|p2a: Cinderace|Cinderace, F|50/100 par
|-heal|p2a: Cinderace|100/100|[from] move: Healing Wish
|turn|33
|
|t:|1769369442
|move|p2a: Cinderace|Court Change|p2a: Cinderace
|-swapsideconditions
|-activate|p2a: Cinderace|move: Court Change
|move|p1a: Slowking|Sludge Bomb|p2a: Cinderace
|-damage|p2a: Cinderace|51/100
|
|upkeep
|turn|34
|
|t:|1769369450
|switch|p1a: Ting-Lu|Ting-Lu|22/100 brn
|-damage|p1a: Ting-Lu|15/100 brn|[from] Stealth Rock
|-ability|p1a: Ting-Lu|Vessel of Ruin
|move|p2a: Cinderace|U-turn|p1a: Ting-Lu
|-supereffective|p1a: Ting-Lu
|-damage|p1a: Ting-Lu|0 fnt
|faint|p1a: Ting-Lu
|
|t:|1769369456
|switch|p2a: Lokix|Lokix, F, tera:Bug|100/100 par|[from] U-turn
|
|upkeep
|
|t:|1769369459
|switch|p1a: Great Tusk|Great Tusk|88/100
|-damage|p1a: Great Tusk|85/100|[from] Stealth Rock
|turn|35
|inactive|jpig44 has 120 seconds left.
|inactive|jpig44 has 90 seconds left.
|
|t:|1769369545
|move|p1a: Great Tusk|Rapid Spin|p2a: Lokix
|-damage|p2a: Lokix|80/100 par
|-boost|p1a: Great Tusk|spe|1
|-sideend|p1: newbytho|Stealth Rock|[from] move: Rapid Spin|[of] p1a: Great Tusk
|move|p2a: Lokix|Knock Off|p1a: Great Tusk
|-resisted|p1a: Great Tusk
|-damage|p1a: Great Tusk|46/100
|-enditem|p1a: Great Tusk|Leftovers|[from] move: Knock Off|[of] p2a: Lokix
|
|upkeep
|turn|36
|
|t:|1769369573
|switch|p2a: Alomomola|Alomomola, F|74/100 tox
|move|p1a: Great Tusk|Knock Off|p2a: Alomomola
|-damage|p2a: Alomomola|52/100 tox
|-enditem|p2a: Alomomola|Assault Vest|[from] move: Knock Off|[of] p1a: Great Tusk
|
|-damage|p2a: Alomomola|46/100 tox|[from] psn
|upkeep
|turn|37
|inactive|newbytho has 120 seconds left.
|
|t:|1769369612
|-end|p1a: Great Tusk|Protosynthesis|[silent]
|switch|p1a: Zapdos|Zapdos|94/100
|move|p2a: Alomomola|Aqua Jet|p1a: Zapdos
|-damage|p1a: Zapdos|85/100
|
|-damage|p2a: Alomomola|34/100 tox|[from] psn
|upkeep
|turn|38
|
|t:|1769369617
|switch|p2a: Slowking|Slowking-Galar, M|99/100
|move|p1a: Zapdos|Volt Switch|p2a: Slowking
|-damage|p2a: Slowking|74/100
|
|t:|1769369626
|switch|p1a: Great Tusk|Great Tusk|46/100|[from] Volt Switch
|
|upkeep
|turn|39
|
|t:|1769369631
|move|p1a: Great Tusk|Earthquake|p2a: Slowking
|-supereffective|p2a: Slowking
|-enditem|p2a: Slowking|Shuca Berry|[eat]
|-enditem|p2a: Slowking|Shuca Berry|[weaken]
|-damage|p2a: Slowking|40/100
|move|p2a: Slowking|Ice Beam|p1a: Great Tusk
|-supereffective|p1a: Great Tusk
|-damage|p1a: Great Tusk|0 fnt
|faint|p1a: Great Tusk
|-end|p1a: Great Tusk|Protosynthesis|[silent]
|
|upkeep
|inactive|newbytho has 120 seconds left.
|
|t:|1769369642
|switch|p1a: Pecharunt|Pecharunt, tera:Ghost|88/100 brn
|turn|40
|inactive|jpig44 has 90 seconds left.
|
|t:|1769369657
|switch|p2a: Alomomola|Alomomola, F|67/100 tox
|move|p1a: Pecharunt|Shadow Ball|p2a: Alomomola
|-damage|p2a: Alomomola|42/100 tox
|
|-damage|p2a: Alomomola|36/100 tox|[from] psn
|-damage|p1a: Pecharunt|82/100 brn|[from] brn
|upkeep
|turn|41
|
|t:|1769369671
|move|p1a: Pecharunt|Nasty Plot|p1a: Pecharunt
|-boost|p1a: Pecharunt|spa|2
|move|p2a: Alomomola|Flip Turn|p1a: Pecharunt
|-damage|p1a: Pecharunt|74/100 brn
|inactive|jpig44 has 90 seconds left.
|inactive|jpig44 has 60 seconds left.
|
|t:|1769369712
|switch|p2a: Great Tusk|Great Tusk|35/100|[from] Flip Turn
|
|-heal|p2a: Great Tusk|41/100|[from] item: Leftovers
|-damage|p1a: Pecharunt|68/100 brn|[from] brn
|upkeep
|turn|42
|
|t:|1769369718
|move|p2a: Great Tusk|Earthquake|p1a: Pecharunt
|-damage|p1a: Pecharunt|47/100 brn
|move|p1a: Pecharunt|Recover|p1a: Pecharunt
|-heal|p1a: Pecharunt|97/100 brn
|
|-heal|p2a: Great Tusk|48/100|[from] item: Leftovers
|-damage|p1a: Pecharunt|91/100 brn|[from] brn
|upkeep
|turn|43
|
|t:|1769369723
|move|p2a: Great Tusk|Earthquake|p1a: Pecharunt
|-crit|p1a: Pecharunt
|-damage|p1a: Pecharunt|63/100 brn
|move|p1a: Pecharunt|Shadow Ball|p2a: Great Tusk
|-damage|p2a: Great Tusk|0 fnt
|faint|p2a: Great Tusk
|-end|p2a: Great Tusk|Protosynthesis|[silent]
|
|-damage|p1a: Pecharunt|57/100 brn|[from] brn
|upkeep
|
|t:|1769369738
|switch|p2a: Lokix|Lokix, F, tera:Bug|80/100 par
|turn|44
|
|t:|1769369747
|move|p1a: Pecharunt|Recover|p1a: Pecharunt
|-heal|p1a: Pecharunt|100/100 brn
|move|p2a: Lokix|Knock Off|p1a: Pecharunt
|-supereffective|p1a: Pecharunt
|-damage|p1a: Pecharunt|58/100 brn
|
|-damage|p1a: Pecharunt|52/100 brn|[from] brn
|upkeep
|turn|45
|
|t:|1769369759
|move|p1a: Pecharunt|Recover|p1a: Pecharunt
|-heal|p1a: Pecharunt|100/100 brn
|move|p2a: Lokix|Knock Off|p1a: Pecharunt
|-supereffective|p1a: Pecharunt
|-damage|p1a: Pecharunt|58/100 brn
|
|-damage|p1a: Pecharunt|52/100 brn|[from] brn
|upkeep
|turn|46
|
|t:|1769369766
|move|p1a: Pecharunt|Recover|p1a: Pecharunt
|-heal|p1a: Pecharunt|100/100 brn
|move|p2a: Lokix|Knock Off|p1a: Pecharunt
|-supereffective|p1a: Pecharunt
|-damage|p1a: Pecharunt|59/100 brn
|
|-damage|p1a: Pecharunt|53/100 brn|[from] brn
|upkeep
|turn|47
|
|t:|1769369770
|move|p1a: Pecharunt|Recover|p1a: Pecharunt
|-heal|p1a: Pecharunt|100/100 brn
|move|p2a: Lokix|Knock Off|p1a: Pecharunt
|-supereffective|p1a: Pecharunt
|-damage|p1a: Pecharunt|59/100 brn
|
|-damage|p1a: Pecharunt|53/100 brn|[from] brn
|upkeep
|turn|48
|
|t:|1769369775
|move|p1a: Pecharunt|Recover|p1a: Pecharunt
|-heal|p1a: Pecharunt|100/100 brn
|cant|p2a: Lokix|par
|
|-damage|p1a: Pecharunt|94/100 brn|[from] brn
|upkeep
|turn|49
|inactive|jpig44 has 90 seconds left.
|
|t:|1769369811
|move|p1a: Pecharunt|Shadow Ball|p2a: Lokix
|-damage|p2a: Lokix|0 fnt
|faint|p2a: Lokix
|
|-damage|p1a: Pecharunt|88/100 brn|[from] brn
|upkeep
|
|t:|1769369816
|switch|p2a: Alomomola|Alomomola, F|69/100 tox
|turn|50
|inactive|jpig44 has 90 seconds left.
|
|t:|1769369826
|move|p1a: Pecharunt|Nasty Plot|p1a: Pecharunt
|-boost|p1a: Pecharunt|spa|2
|move|p2a: Alomomola|Mirror Coat||[still]
|-fail|p2a: Alomomola
|
|-damage|p2a: Alomomola|63/100 tox|[from] psn
|-damage|p1a: Pecharunt|82/100 brn|[from] brn
|upkeep
|turn|51
|inactive|jpig44 has 90 seconds left.
|
|t:|1769369857
|switch|p2a: Cinderace|Cinderace, F|51/100
|move|p1a: Pecharunt|Nasty Plot|p1a: Pecharunt
|-boost|p1a: Pecharunt|spa|2
|
|-damage|p1a: Pecharunt|76/100 brn|[from] brn
|upkeep
|turn|52
|
|t:|1769369864
|move|p2a: Cinderace|Pyro Ball|p1a: Pecharunt
|-damage|p1a: Pecharunt|54/100 brn
|move|p1a: Pecharunt|Malignant Chain|p2a: Cinderace
|-damage|p2a: Cinderace|0 fnt
|faint|p2a: Cinderace
|
|-damage|p1a: Pecharunt|48/100 brn|[from] brn
|upkeep
|
|t:|1769369871
|switch|p2a: Alomomola|Alomomola, F|96/100 tox
|turn|53
|
|t:|1769369879
|move|p1a: Pecharunt|Shadow Ball|p2a: Alomomola
|-damage|p2a: Alomomola|0 fnt
|faint|p2a: Alomomola
|
|-damage|p1a: Pecharunt|42/100 brn|[from] brn
|upkeep
|-message|jpig44 forfeited.
|
|win|newbytho
|raw|newbytho's rating: 1669 &rarr; <strong>1692</strong><br />(+23 for winning)
|raw|jpig44's rating: 1730 &rarr; <strong>1707</strong><br />(-23 for losing)
|l|☆jpig44
|player|p2|
|l|☆newbytho
|player|p1|
