|j|☆VvTOo
|j|☆CambridgeFoulPlay
|t:|1769370141
|gametype|singles
|player|p1|VvTOo|hiker-gen4|1653
|player|p2|CambridgeFoulPlay|266|1723
|gen|9
|tier|[Gen 9] OU
|rated|
|rule|HP Percentage Mod: HP is shown in percentages
|rule|Endless Battle Clause: Forcing endless battles is banned
|rule|Species Clause: Limit one of each Pokémon
|rule|OHKO Clause: OHKO moves are banned
|rule|Evasion Items Clause: Evasion items are banned
|rule|Evasion Moves Clause: Evasion moves are banned
|rule|Evasion Abilities Clause: Evasion abilities are banned
|rule|Sleep Moves Clause: Sleep-inducing moves are banned
|clearpoke
|poke|p1|Slowking-Galar, F|
|poke|p1|Kyurem|
|poke|p1|Indeedee, M|
|poke|p1|Great Tusk|
|poke|p1|Rillaboom, F|
|poke|p1|Hoopa-Unbound|
|poke|p2|Hydrapple, M|
|poke|p2|Tyranitar, F|
|poke|p2|Moltres|
|poke|p2|Zamazenta-*|
|poke|p2|Slowking-Galar, M|
|poke|p2|Excadrill, F|
|teampreview
|inactive|Battle timer is ON: inactive players will automatically lose when time's up. (requested by VvTOo)
|c|☆CambridgeFoulPlay|hf
|inactive|CambridgeFoulPlay also wants the timer to be on.
|
|t:|1769370151
|teamsize|p1|6
|teamsize|p2|6
|start
|switch|p1a: Hoopa|Hoopa-Unbound|100/100
|switch|p2a: Zamazenta|Zamazenta|100/100
|-ability|p2a: Zamazenta|Dauntless Shield|boost
|-boost|p2a: Zamazenta|def|1
|turn|1
|
|t:|1769370156
|switch|p1a: Slowking|Slowking-Galar, F|100/100
|move|p2a: Zamazenta|Body Press|p1a: Slowking
|-resisted|p1a: Slowking
|-damage|p1a: Slowking|90/100
|-damage|p2a: Zamazenta|84/100|[from] item: Rocky Helmet|[of] p1a: Slowking
|
|-heal|p2a: Zamazenta|90/100|[from] item: Leftovers
|upkeep
|turn|2
|
|t:|1769370161
|switch|p2a: Tyranitar|Tyranitar, F|100/100
|-weather|Sandstorm|[from] ability: Sand Stream|[of] p2a: Tyranitar
|-prepare|p1a: Slowking|Chilly Reception|[premajor]
|move|p1a: Slowking|Chilly Reception|p1a: Slowking
|-weather|Snowscape
|
|t:|1769370165
|switch|p1a: Hoopa|Hoopa-Unbound|100/100|[from] Chilly Reception
|
|-weather|Snowscape|[upkeep]
|upkeep
|turn|3
|
|t:|1769370167
|move|p1a: Hoopa|Drain Punch|p2a: Tyranitar
|-supereffective|p2a: Tyranitar
|-damage|p2a: Tyranitar|0 fnt
|faint|p2a: Tyranitar
|
|-weather|Snowscape|[upkeep]
|upkeep
|
|t:|1769370170
|switch|p2a: Hydrapple|Hydrapple, M|100/100
|turn|4
|
|t:|1769370173
|move|p1a: Hoopa|Psychic Noise|p2a: Hydrapple
|-damage|p2a: Hydrapple|58/100
|-start|p2a: Hydrapple|move: Heal Block
|move|p2a: Hydrapple|Fickle Beam|p1a: Hoopa
|-damage|p1a: Hoopa|80/100
|
|-weather|Snowscape|[upkeep]
|upkeep
|turn|5
|
|t:|1769370176
|switch|p2a: Moltres|Moltres|100/100
|move|p1a: Hoopa|Psychic Noise|p2a: Moltres
|-damage|p2a: Moltres|57/100
|-start|p2a: Moltres|move: Heal Block
|
|-weather|Snowscape|[upkeep]
|upkeep
|turn|6
|
|t:|1769370178
|move|p1a: Hoopa|Thunderbolt|p2a: Moltres
|-supereffective|p2a: Moltres
|-damage|p2a: Moltres|0 fnt
|faint|p2a: Moltres
|
|-weather|none
|upkeep
|
|t:|1769370180
|switch|p2a: Excadrill|Excadrill, F|100/100
|-item|p2a: Excadrill|Air Balloon
|turn|7
|
|t:|1769370187
|-terastallize|p1a: Hoopa|Fighting
|move|p2a: Excadrill|Earthquake|p1a: Hoopa
|-crit|p1a: Hoopa
|-damage|p1a: Hoopa|0 fnt
|faint|p1a: Hoopa
|
|upkeep
|
|t:|1769370192
|switch|p1a: Great Tusk|Great Tusk|100/100
|turn|8
|
|t:|1769370195
|switch|p2a: Zamazenta|Zamazenta|90/100
|move|p1a: Great Tusk|Close Combat|p2a: Zamazenta
|-damage|p2a: Zamazenta|37/100
|-unboost|p1a: Great Tusk|def|1
|-unboost|p1a: Great Tusk|spd|1
|
|-heal|p2a: Zamazenta|43/100|[from] item: Leftovers
|upkeep
|turn|9
|
|t:|1769370198
|-end|p1a: Great Tusk|Protosynthesis|[silent]
|switch|p1a: Slowking|Slowking-Galar, F|100/100
|move|p2a: Zamazenta|Iron Defense|p2a: Zamazenta
|-boost|p2a: Zamazenta|def|2
|
|-heal|p2a: Zamazenta|49/100|[from] item: Leftovers
|upkeep
|turn|10
|
|t:|1769370226
|switch|p2a: Excadrill|Excadrill, F|100/100
|-item|p2a: Excadrill|Air Balloon
|move|p1a: Slowking|Future Sight|p2a: Excadrill
|-start|p1a: Slowking|move: Future Sight
|
|upkeep
|turn|11
|
|t:|1769370229
|move|p2a: Excadrill|Swords Dance|p2a: Excadrill
|-boost|p2a: Excadrill|atk|2
|-prepare|p1a: Slowking|Chilly Reception|[premajor]
|move|p1a: Slowking|Chilly Reception|p1a: Slowking
|-weather|Snowscape
|
|t:|1769370232
|switch|p1a: Rillaboom|Rillaboom, F|100/100|[from] Chilly Reception
|-fieldstart|move: Grassy Terrain|[from] ability: Grassy Surge|[of] p1a: Rillaboom
|
|-weather|Snowscape|[upkeep]
|upkeep
|turn|12
|
|t:|1769370235
|move|p1a: Rillaboom|Grassy Glide|p2a: Excadrill
|-damage|p2a: Excadrill|10/100
|-enditem|p2a: Excadrill|Air Balloon
|move|p2a: Excadrill|Iron Head|p1a: Rillaboom
|-damage|p1a: Rillaboom|2/100
|
|-weather|Snowscape|[upkeep]
|-end|p2a: Excadrill|move: Future Sight
|-resisted|p2a: Excadrill
|-damage|p2a: Excadrill|0 fnt
|faint|p2a: Excadrill
|-heal|p1a: Rillaboom|8/100|[from] Grassy Terrain
|upkeep
|
|t:|1769370238
|switch|p2a: Hydrapple|Hydrapple, M|92/100
|turn|13
|
|t:|1769370241
|switch|p1a: Slowking|Slowking-Galar, F|100/100
|move|p2a: Hydrapple|Fickle Beam|p1a: Slowking
|-damage|p1a: Slowking|70/100
|
|-weather|Snowscape|[upkeep]
|-heal|p2a: Hydrapple|98/100|[from] Grassy Terrain
|-heal|p1a: Slowking|77/100|[from] Grassy Terrain
|upkeep
|turn|14
|
|t:|1769370244
|move|p2a: Hydrapple|Nasty Plot|p2a: Hydrapple
|-boost|p2a: Hydrapple|spa|2
|move|p1a: Slowking|Sludge Bomb|p2a: Hydrapple
|-supereffective|p2a: Hydrapple
|-damage|p2a: Hydrapple|31/100
|-status|p2a: Hydrapple|psn
|
|-weather|Snowscape|[upkeep]
|-heal|p2a: Hydrapple|37/100 psn|[from] Grassy Terrain
|-heal|p1a: Slowking|83/100|[from] Grassy Terrain
|-damage|p2a: Hydrapple|24/100 psn|[from] psn
|upkeep
|turn|15
|
|t:|1769370246
|switch|p2a: Zamazenta|Zamazenta|49/100
|-prepare|p1a: Slowking|Chilly Reception|[premajor]
|move|p1a: Slowking|Chilly Reception|p1a: Slowking
|
|t:|1769370249
|switch|p1a: Indeedee|Indeedee, M|100/100|[from] Chilly Reception
|-fieldstart|move: Psychic Terrain|[from] ability: Psychic Surge|[of] p1a: Indeedee
|
|-weather|none
|-heal|p2a: Zamazenta|56/100|[from] item: Leftovers
|upkeep
|turn|16
|
|t:|1769370269
|switch|p2a: Slowking|Slowking-Galar, M|100/100
|move|p1a: Indeedee|Expanding Force|p2a: Slowking
|-damage|p2a: Slowking|59/100
|
|upkeep
|turn|17
|
|t:|1769370273
|switch|p1a: Slowking|Slowking-Galar, F|100/100
|move|p2a: Slowking|Sludge Bomb|p1a: Slowking
|-resisted|p1a: Slowking
|-damage|p1a: Slowking|86/100
|
|upkeep
|turn|18
|
|t:|1769370275
|move|p2a: Slowking|Psyshock|p1a: Slowking
|-damage|p1a: Slowking|55/100
|move|p1a: Slowking|Future Sight|p2a: Slowking
|-start|p1a: Slowking|move: Future Sight
|
|upkeep
|turn|19
|j| davlard
|
|t:|1769370283
|move|p2a: Slowking|Psyshock|p1a: Slowking
|-damage|p1a: Slowking|27/100
|-prepare|p1a: Slowking|Chilly Reception|[premajor]
|move|p1a: Slowking|Chilly Reception|p1a: Slowking
|-weather|Snowscape
|
|t:|1769370291
|switch|p1a: Great Tusk|Great Tusk|100/100|[from] Chilly Reception
|
|-weather|Snowscape|[upkeep]
|-fieldend|move: Psychic Terrain
|upkeep
|turn|20
|
|t:|1769370293
|move|p1a: Great Tusk|Headlong Rush|p2a: Slowking
|-supereffective|p2a: Slowking
|-damage|p2a: Slowking|0 fnt
|-unboost|p1a: Great Tusk|def|1
|-unboost|p1a: Great Tusk|spd|1
|faint|p2a: Slowking
|
|-weather|Snowscape|[upkeep]
|-hint|Future Sight did not hit because the target is fainted.
|upkeep
|
|t:|1769370296
|switch|p2a: Hydrapple|Hydrapple, M|58/100 psn
|turn|21
|
|t:|1769370318
|-end|p1a: Great Tusk|Protosynthesis|[silent]
|switch|p1a: Slowking|Slowking-Galar, F|60/100
|switch|p2a: Zamazenta|Zamazenta|56/100
|
|-weather|Snowscape|[upkeep]
|-heal|p2a: Zamazenta|62/100|[from] item: Leftovers
|upkeep
|turn|22
|
|t:|1769370321
|move|p2a: Zamazenta|Crunch|p1a: Slowking
|-supereffective|p1a: Slowking
|-damage|p1a: Slowking|27/100
|-damage|p2a: Zamazenta|45/100|[from] item: Rocky Helmet|[of] p1a: Slowking
|move|p1a: Slowking|Future Sight|p2a: Zamazenta
|-start|p1a: Slowking|move: Future Sight
|
|-weather|Snowscape|[upkeep]
|-heal|p2a: Zamazenta|51/100|[from] item: Leftovers
|upkeep
|turn|23
|
|t:|1769370324
|switch|p1a: Great Tusk|Great Tusk|100/100
|move|p2a: Zamazenta|Crunch|p1a: Great Tusk
|-resisted|p1a: Great Tusk
|-damage|p1a: Great Tusk|93/100
|
|-weather|none
|-heal|p2a: Zamazenta|57/100|[from] item: Leftovers
|upkeep
|turn|24
|
|t:|1769370327
|switch|p2a: Hydrapple|Hydrapple, M|91/100 psn
|move|p1a: Great Tusk|Ice Spinner|p2a: Hydrapple
|-supereffective|p2a: Hydrapple
|-damage|p2a: Hydrapple|12/100 psn
|
|-end|p2a: Hydrapple|move: Future Sight
|-damage|p2a: Hydrapple|0 fnt
|faint|p2a: Hydrapple
|upkeep
|
|t:|1769370329
|switch|p2a: Zamazenta|Zamazenta|57/100
|turn|25
|
|t:|1769370331
|-end|p1a: Great Tusk|Protosynthesis|[silent]
|switch|p1a: Slowking|Slowking-Galar, F|60/100
|move|p2a: Zamazenta|Iron Defense|p2a: Zamazenta
|-boost|p2a: Zamazenta|def|2
|
|-heal|p2a: Zamazenta|64/100|[from] item: Leftovers
|upkeep
|turn|26
|
|t:|1769370334
|switch|p1a: Great Tusk|Great Tusk|93/100
|move|p2a: Zamazenta|Roar|p1a: Great Tusk
|-end|p1a: Great Tusk|Protosynthesis|[silent]
|drag|p1a: Indeedee|Indeedee, M|100/100
|-fieldstart|move: Psychic Terrain|[from] ability: Psychic Surge|[of] p1a: Indeedee
|
|-heal|p2a: Zamazenta|70/100|[from] item: Leftovers
|upkeep
|turn|27
|l| davlard
|
|t:|1769370346
|move|p1a: Indeedee|Expanding Force|p2a: Zamazenta
|-supereffective|p2a: Zamazenta
|-damage|p2a: Zamazenta|0 fnt
|faint|p2a: Zamazenta
|
|win|VvTOo
|raw|VvTOo's rating: 1653 &rarr; <strong>1677</strong><br />(+24 for winning)
|raw|CambridgeFoulPlay's rating: 1723 &rarr; <strong>1699</strong><br />(-24 for losing)
|c|☆CambridgeFoulPlay|gg
