|j|☆brickforbrains
|j|☆xueshang
|t:|1769351676
|gametype|singles
|player|p1|brickforbrains|clerk|1325
|player|p2|xueshang|skierf|1398
|gen|9
|tier|[Gen 9] OU
|rated|
|rule|HP Percentage Mod: HP is shown in percentages
|rule|Endless Battle Clause: Forcing endless battles is banned
|rule|Species Clause: Limit one of each Pokémon
|rule|OHKO Clause: OHKO moves are banned
|rule|Evasion Items Clause: Evasion items are banned
|rule|Evasion Moves Clause: Evasion moves are banned
|rule|Evasion Abilities Clause: Evasion abilities are banned
|rule|Sleep Moves Clause: Sleep-inducing moves are banned
|clearpoke
|poke|p1|Landorus-Therian, M|
|poke|p1|Revavroom, M|
|poke|p1|Kyurem|
|poke|p1|Hatterene, F|
|poke|p1|Iron Valiant|
|poke|p1|Dragonite, M|
|poke|p2|Darkrai|
|poke|p2|Dragapult, F|
|poke|p2|Zamazenta-*|
|poke|p2|Cinderace, M|
|poke|p2|Iron Moth|
|poke|p2|Scizor, M|
|teampreview
|inactive|Battle timer is ON: inactive players will automatically lose when time's up. (requested by brickforbrains)
|
|t:|1769351682
|teamsize|p1|6
|teamsize|p2|6
|start
|switch|p1a: Landorus|Landorus-Therian, M|100/100
|switch|p2a: Darkrai|Darkrai|100/100
|-ability|p1a: Landorus|Intimidate|boost
|-unboost|p2a: Darkrai|atk|1
|turn|1
|
|t:|1769351690
|switch|p1a: Hatterene|Hatterene, F|100/100
|move|p2a: Darkrai|Ice Beam|p1a: Hatterene
|-damage|p1a: Hatterene|75/100
|-damage|p2a: Darkrai|91/100|[from] item: Life Orb
|
|upkeep
|turn|2
|
|t:|1769351697
|switch|p2a: Scizor|Scizor, M|100/100
|move|p1a: Hatterene|Nuzzle|p2a: Scizor
|-damage|p2a: Scizor|97/100
|-status|p2a: Scizor|par
|
|upkeep
|turn|3
|
|t:|1769351704
|switch|p1a: Landorus|Landorus-Therian, M|100/100
|-ability|p1a: Landorus|Intimidate|boost
|-unboost|p2a: Scizor|atk|1
|move|p2a: Scizor|U-turn|p1a: Landorus
|-resisted|p1a: Landorus
|-damage|p1a: Landorus|82/100
|-damage|p2a: Scizor|80/100 par|[from] item: Rocky Helmet|[of] p1a: Landorus
|
|t:|1769351714
|switch|p2a: Darkrai|Darkrai|91/100|[from] U-turn
|
|upkeep
|turn|4
|
|t:|1769351724
|switch|p1a: Hatterene|Hatterene, F|75/100
|move|p2a: Darkrai|Dark Pulse|p1a: Hatterene
|-damage|p1a: Hatterene|43/100
|-damage|p2a: Darkrai|81/100|[from] item: Life Orb
|
|upkeep
|turn|5
|
|t:|1769351733
|move|p2a: Darkrai|Dark Pulse|p1a: Hatterene
|-damage|p1a: Hatterene|7/100
|-damage|p2a: Darkrai|71/100|[from] item: Life Orb
|cant|p1a: Hatterene|flinch
|
|upkeep
|turn|6
|
|t:|1769351740
|move|p2a: Darkrai|Dark Pulse|p1a: Hatterene
|-damage|p1a: Hatterene|0 fnt
|faint|p1a: Hatterene
|-damage|p2a: Darkrai|61/100|[from] item: Life Orb
|
|upkeep
|
|t:|1769351748
|switch|p1a: Iron Valiant|Iron Valiant|100/100
|-enditem|p1a: Iron Valiant|Booster Energy
|-activate|p1a: Iron Valiant|ability: Quark Drive|[fromitem]
|-start|p1a: Iron Valiant|quarkdrivespe
|turn|7
|
|t:|1769351756
|switch|p2a: Iron Moth|Iron Moth|100/100
|-enditem|p2a: Iron Moth|Booster Energy
|-activate|p2a: Iron Moth|ability: Quark Drive|[fromitem]
|-start|p2a: Iron Moth|quarkdrivespe
|-terastallize|p1a: Iron Valiant|Electric
|move|p1a: Iron Valiant|Calm Mind|p1a: Iron Valiant
|-boost|p1a: Iron Valiant|spa|1
|-boost|p1a: Iron Valiant|spd|1
|
|upkeep
|turn|8
|
|t:|1769351762
|move|p1a: Iron Valiant|Thunderbolt|p2a: Iron Moth
|-damage|p2a: Iron Moth|34/100
|move|p2a: Iron Moth|Fiery Dance|p1a: Iron Valiant
|-damage|p1a: Iron Valiant|55/100
|-boost|p2a: Iron Moth|spa|1
|
|upkeep
|turn|9
|
|t:|1769351769
|-terastallize|p2a: Iron Moth|Grass
|move|p1a: Iron Valiant|Thunderbolt|p2a: Iron Moth
|-resisted|p2a: Iron Moth
|-damage|p2a: Iron Moth|0 fnt
|faint|p2a: Iron Moth
|-end|p2a: Iron Moth|Quark Drive|[silent]
|
|upkeep
|
|t:|1769351773
|switch|p2a: Scizor|Scizor, M|80/100 par
|turn|10
|
|t:|1769351776
|move|p2a: Scizor|Bullet Punch|p1a: Iron Valiant
|-resisted|p1a: Iron Valiant
|-damage|p1a: Iron Valiant|24/100
|move|p1a: Iron Valiant|Thunderbolt|p2a: Scizor
|-damage|p2a: Scizor|4/100 par
|
|upkeep
|turn|11
|
|t:|1769351787
|move|p2a: Scizor|Bullet Punch|p1a: Iron Valiant
|-resisted|p1a: Iron Valiant
|-damage|p1a: Iron Valiant|0 fnt
|faint|p1a: Iron Valiant
|-end|p1a: Iron Valiant|Quark Drive|[silent]
|
|upkeep
|
|t:|1769351799
|switch|p1a: Revavroom|Revavroom, M|100/100
|-item|p1a: Revavroom|Air Balloon
|turn|12
|
|t:|1769351802
|cant|p2a: Scizor|par
|move|p1a: Revavroom|Shift Gear|p1a: Revavroom
|-boost|p1a: Revavroom|spe|2
|-boost|p1a: Revavroom|atk|1
|
|upkeep
|turn|13
|
|t:|1769351804
|move|p2a: Scizor|Bullet Punch|p1a: Revavroom
|-resisted|p1a: Revavroom
|-damage|p1a: Revavroom|71/100
|-enditem|p1a: Revavroom|Air Balloon
|move|p1a: Revavroom|Shift Gear|p1a: Revavroom
|-boost|p1a: Revavroom|spe|2
|-boost|p1a: Revavroom|atk|1
|
|upkeep
|turn|14
|
|t:|1769351809
|move|p2a: Scizor|Bullet Punch|p1a: Revavroom
|-resisted|p1a: Revavroom
|-damage|p1a: Revavroom|38/100
|move|p1a: Revavroom|Shift Gear|p1a: Revavroom
|-boost|p1a: Revavroom|spe|2
|-boost|p1a: Revavroom|atk|1
|
|upkeep
|turn|15
|
|t:|1769351813
|move|p2a: Scizor|Bullet Punch|p1a: Revavroom
|-resisted|p1a: Revavroom
|-damage|p1a: Revavroom|7/100
|move|p1a: Revavroom|Iron Head|p2a: Scizor
|-resisted|p2a: Scizor
|-damage|p2a: Scizor|0 fnt
|faint|p2a: Scizor
|
|upkeep
|
|t:|1769351820
|switch|p2a: Zamazenta|Zamazenta|100/100
|-ability|p2a: Zamazenta|Dauntless Shield|boost
|-boost|p2a: Zamazenta|def|1
|turn|16
|
|t:|1769351823
|move|p1a: Revavroom|Iron Head|p2a: Zamazenta
|-damage|p2a: Zamazenta|33/100
|cant|p2a: Zamazenta|flinch
|
|-heal|p2a: Zamazenta|39/100|[from] item: Leftovers
|upkeep
|turn|17
|
|t:|1769351829
|move|p1a: Revavroom|Iron Head|p2a: Zamazenta
|-damage|p2a: Zamazenta|0 fnt
|faint|p2a: Zamazenta
|
|upkeep
|
|t:|1769351834
|switch|p2a: Cinderace|Cinderace, M|100/100
|turn|18
|
|t:|1769351837
|move|p1a: Revavroom|High Horsepower|p2a: Cinderace
|-supereffective|p2a: Cinderace
|-damage|p2a: Cinderace|0 fnt
|faint|p2a: Cinderace
|
|upkeep
|-message|xueshang forfeited.
|
|win|brickforbrains
|raw|brickforbrains's rating: 1325 &rarr; <strong>1349</strong><br />(+24 for winning)
|raw|xueshang's rating: 1398 &rarr; <strong>1374</strong><br />(-24 for losing)
|l|☆xueshang
|player|p2|
|l|☆brickforbrains
|player|p1|
|j|☆brickforbrains
|player|p1|brickforbrains|clerk|
