|j|☆The Blxck
|j|☆ImaDoublesGuy
|t:|1769322433
|gametype|singles
|player|p1|The Blxck|gardenia|1148
|player|p2|ImaDoublesGuy|skier|1104
|gen|9
|tier|[Gen 9] OU
|rated|
|rule|HP Percentage Mod: HP is shown in percentages
|rule|Endless Battle Clause: Forcing endless battles is banned
|rule|Species Clause: Limit one of each Pokémon
|rule|OHKO Clause: OHKO moves are banned
|rule|Evasion Items Clause: Evasion items are banned
|rule|Evasion Moves Clause: Evasion moves are banned
|rule|Evasion Abilities Clause: Evasion abilities are banned
|rule|Sleep Moves Clause: Sleep-inducing moves are banned
|clearpoke
|poke|p1|Tyranitar, F|
|poke|p1|Excadrill, F|
|poke|p1|Dachsbun, M|
|poke|p1|Greninja-*, M|
|poke|p1|Eelektross, F|
|poke|p1|Iron Valiant|
|poke|p2|Mienshao, F|
|poke|p2|Cinderace, M|
|poke|p2|Landorus-Therian, M|
|poke|p2|Electrode-Hisui|
|poke|p2|Primarina, F|
|poke|p2|Slither Wing|
|teampreview
|inactive|Battle timer is ON: inactive players will automatically lose when time's up. (requested by The Blxck)
|
|t:|1769322457
|teamsize|p1|6
|teamsize|p2|6
|start
|switch|p1a: Tyranitar|Tyranitar, F|100/100
|switch|p2a: Mienshao|Mienshao, F|100/100
|-weather|Sandstorm|[from] ability: Sand Stream|[of] p1a: Tyranitar
|turn|1
|
|t:|1769322469
|move|p2a: Mienshao|Close Combat|p1a: Tyranitar
|-supereffective|p1a: Tyranitar
|-damage|p1a: Tyranitar|0 fnt
|-unboost|p2a: Mienshao|def|1
|-unboost|p2a: Mienshao|spd|1
|faint|p1a: Tyranitar
|
|-weather|Sandstorm|[upkeep]
|-damage|p2a: Mienshao|94/100|[from] Sandstorm
|upkeep
|
|t:|1769322480
|switch|p1a: Excadrill|Excadrill, F|100/100
|turn|2
|
|t:|1769322495
|switch|p2a: Landorus|Landorus-Therian, M|100/100
|-ability|p2a: Landorus|Intimidate|boost
|-unboost|p1a: Excadrill|atk|1
|-terastallize|p1a: Excadrill|Ghost
|move|p1a: Excadrill|Swords Dance|p1a: Excadrill
|-boost|p1a: Excadrill|atk|2
|
|-weather|Sandstorm|[upkeep]
|upkeep
|turn|3
|
|t:|1769322505
|move|p1a: Excadrill|Iron Head|p2a: Landorus
|-damage|p2a: Landorus|27/100
|move|p2a: Landorus|Earthquake|p1a: Excadrill
|-damage|p1a: Excadrill|17/100
|
|-weather|Sandstorm|[upkeep]
|upkeep
|turn|4
|
|t:|1769322511
|move|p1a: Excadrill|Iron Head|p2a: Landorus
|-damage|p2a: Landorus|0 fnt
|faint|p2a: Landorus
|
|-weather|Sandstorm|[upkeep]
|upkeep
|
|t:|1769322518
|switch|p2a: Slither Wing|Slither Wing|100/100
|turn|5
|
|t:|1769322524
|move|p2a: Slither Wing|First Impression|p1a: Excadrill
|-resisted|p1a: Excadrill
|-damage|p1a: Excadrill|0 fnt
|faint|p1a: Excadrill
|
|-weather|Sandstorm|[upkeep]
|-damage|p2a: Slither Wing|94/100|[from] Sandstorm
|upkeep
|
|t:|1769322539
|switch|p1a: Eelektross|Eelektross, F|100/100
|turn|6
|
|t:|1769322544
|move|p2a: Slither Wing|U-turn|p1a: Eelektross
|-damage|p1a: Eelektross|51/100
|
|t:|1769322552
|-end|p2a: Slither Wing|Protosynthesis|[silent]
|switch|p2a: Mienshao|Mienshao, F|100/100|[from] U-turn
|move|p1a: Eelektross|Flamethrower|p2a: Mienshao
|-damage|p2a: Mienshao|11/100
|
|-weather|Sandstorm|[upkeep]
|-damage|p2a: Mienshao|5/100|[from] Sandstorm
|-damage|p1a: Eelektross|45/100|[from] Sandstorm
|upkeep
|turn|7
|
|t:|1769322562
|switch|p1a: Dachsbun|Dachsbun, M|100/100
|move|p2a: Mienshao|U-turn|p1a: Dachsbun
|-resisted|p1a: Dachsbun
|-damage|p1a: Dachsbun|91/100
|
|t:|1769322575
|switch|p2a: Primarina|Primarina, F|100/100|[from] U-turn
|
|-weather|Sandstorm|[upkeep]
|-damage|p1a: Dachsbun|85/100|[from] Sandstorm
|-damage|p2a: Primarina|95/100|[from] Sandstorm
|upkeep
|turn|8
|
|t:|1769322583
|move|p1a: Dachsbun|Play Rough|p2a: Primarina
|-damage|p2a: Primarina|61/100
|move|p2a: Primarina|Moonblast|p1a: Dachsbun
|-damage|p1a: Dachsbun|51/100
|
|-weather|none
|upkeep
|turn|9
|
|t:|1769322602
|move|p1a: Dachsbun|Body Press|p2a: Primarina
|-resisted|p2a: Primarina
|-damage|p2a: Primarina|42/100
|move|p2a: Primarina|Flip Turn|p1a: Dachsbun
|-damage|p1a: Dachsbun|39/100
|
|t:|1769322609
|switch|p2a: Cinderace|Cinderace, M|100/100|[from] Flip Turn
|
|upkeep
|turn|10
|c|☆The Blxck|I ACCIDENTLY PUT A VEST ON MY DOG!!!
|inactive|The Blxck has 120 seconds left.
|
|t:|1769322640
|switch|p1a: Eelektross|Eelektross, F|45/100
|move|p2a: Cinderace|Gunk Shot|p1a: Eelektross
|-start|p2a: Cinderace|typechange|Poison|[from] ability: Libero
|-damage|p1a: Eelektross|0 fnt
|faint|p1a: Eelektross
|
|upkeep
|inactive|The Blxck has 120 seconds left.
|
|t:|1769322648
|switch|p1a: Greninja|Greninja, M|100/100
|turn|11
|inactive|The Blxck has 120 seconds left.
|
|t:|1769322665
|move|p1a: Greninja|Water Shuriken|p2a: Cinderace
|-damage|p2a: Cinderace|91/100
|-damage|p2a: Cinderace|82/100
|-damage|p2a: Cinderace|72/100
|-damage|p2a: Cinderace|62/100
|-hitcount|p2a: Cinderace|4
|move|p2a: Cinderace|U-turn|p1a: Greninja
|-supereffective|p1a: Greninja
|-damage|p1a: Greninja|17/100
|
|t:|1769322678
|switch|p2a: Mienshao|Mienshao, F|38/100|[from] U-turn
|
|upkeep
|turn|12
|inactive|The Blxck has 120 seconds left.
|
|t:|1769322689
|switch|p1a: Dachsbun|Dachsbun, M|39/100
|move|p2a: Mienshao|Fake Out|p1a: Dachsbun
|-damage|p1a: Dachsbun|29/100
|
|upkeep
|turn|13
|
|t:|1769322698
|move|p2a: Mienshao|U-turn|p1a: Dachsbun
|-resisted|p1a: Dachsbun
|-damage|p1a: Dachsbun|19/100
|
|t:|1769322709
|switch|p2a: Cinderace|Cinderace, M|62/100|[from] U-turn
|move|p1a: Dachsbun|Play Rough|p2a: Cinderace
|-resisted|p2a: Cinderace
|-damage|p2a: Cinderace|42/100
|
|upkeep
|turn|14
|
|t:|1769322718
|move|p2a: Cinderace|Gunk Shot|p1a: Dachsbun
|-start|p2a: Cinderace|typechange|Poison|[from] ability: Libero
|-supereffective|p1a: Dachsbun
|-crit|p1a: Dachsbun
|-damage|p1a: Dachsbun|0 fnt
|faint|p1a: Dachsbun
|
|upkeep
|
|t:|1769322721
|switch|p1a: Greninja|Greninja, M|17/100
|turn|15
|
|t:|1769322737
|move|p1a: Greninja|Water Shuriken|p2a: Cinderace
|-damage|p2a: Cinderace|31/100
|-damage|p2a: Cinderace|21/100
|-damage|p2a: Cinderace|11/100
|-damage|p2a: Cinderace|1/100
|-damage|p2a: Cinderace|0 fnt
|faint|p2a: Cinderace
|-ability|p1a: Greninja|Battle Bond|boost
|-boost|p1a: Greninja|atk|1
|-boost|p1a: Greninja|spa|1
|-boost|p1a: Greninja|spe|1
|-activate|p1a: Greninja|ability: Battle Bond
|-hitcount|p2: Cinderace|5
|
|upkeep
|
|t:|1769322748
|switch|p2a: Slither Wing|Slither Wing|94/100
|turn|16
|
|t:|1769322755
|move|p2a: Slither Wing|First Impression|p1a: Greninja
|-supereffective|p1a: Greninja
|-damage|p1a: Greninja|0 fnt
|faint|p1a: Greninja
|
|upkeep
|
|t:|1769322757
|switch|p1a: Iron Valiant|Iron Valiant|100/100
|-enditem|p1a: Iron Valiant|Booster Energy
|-activate|p1a: Iron Valiant|ability: Quark Drive|[fromitem]
|-start|p1a: Iron Valiant|quarkdrivespe
|turn|17
|
|t:|1769322768
|move|p1a: Iron Valiant|Spirit Break|p2a: Slither Wing
|-supereffective|p2a: Slither Wing
|-damage|p2a: Slither Wing|0 fnt
|faint|p2a: Slither Wing
|-end|p2a: Slither Wing|Protosynthesis|[silent]
|
|upkeep
|
|t:|1769322779
|switch|p2a: Mienshao|Mienshao, F|71/100
|turn|18
|
|t:|1769322783
|move|p2a: Mienshao|Fake Out|p1a: Iron Valiant
|-damage|p1a: Iron Valiant|81/100
|cant|p1a: Iron Valiant|flinch
|
|upkeep
|turn|19
|
|t:|1769322788
|switch|p2a: Primarina|Primarina, F|42/100
|move|p1a: Iron Valiant|Spirit Break|p2a: Primarina
|-damage|p2a: Primarina|0 fnt
|faint|p2a: Primarina
|
|upkeep
|
|t:|1769322795
|switch|p2a: Mienshao|Mienshao, F|100/100
|turn|20
|
|t:|1769322798
|move|p2a: Mienshao|Fake Out|p1a: Iron Valiant
|-damage|p1a: Iron Valiant|62/100
|cant|p1a: Iron Valiant|flinch
|
|upkeep
|turn|21
|
|t:|1769322816
|switch|p2a: Electrode|Electrode-Hisui|100/100
|move|p1a: Iron Valiant|Spirit Break|p2a: Electrode
|-damage|p2a: Electrode|26/100
|-unboost|p2a: Electrode|spa|1
|
|upkeep
|turn|22
|
|t:|1769322824
|move|p1a: Iron Valiant|Spirit Break|p2a: Electrode
|-damage|p2a: Electrode|0 fnt
|-damage|p1a: Iron Valiant|38/100|[from] ability: Aftermath|[of] p2a: Electrode
|faint|p2a: Electrode
|
|upkeep
|
|t:|1769322828
|switch|p2a: Mienshao|Mienshao, F|100/100
|turn|23
|
|t:|1769322834
|move|p2a: Mienshao|Fake Out|p1a: Iron Valiant
|-damage|p1a: Iron Valiant|18/100
|cant|p1a: Iron Valiant|flinch
|
|upkeep
|turn|24
|
|t:|1769322844
|-terastallize|p2a: Mienshao|Fighting
|move|p1a: Iron Valiant|Spirit Break|p2a: Mienshao
|-supereffective|p2a: Mienshao
|-damage|p2a: Mienshao|0 fnt
|faint|p2a: Mienshao
|
|win|The Blxck
|raw|The Blxck's rating: 1148 &rarr; <strong>1170</strong><br />(+22 for winning)
|raw|ImaDoublesGuy's rating: 1104 &rarr; <strong>1082</strong><br />(-22 for losing)
|c|☆The Blxck|gg
|l|☆The Blxck
|player|p1|
|c|☆ImaDoublesGuy|gg
|l|☆ImaDoublesGuy
|player|p2|
