|j|☆RedBlueGree
|j|☆The Dragon Lair
|t:|1769328838
|gametype|singles
|player|p1|RedBlueGree|skier|1195
|player|p2|The Dragon Lair|ghetsis-gen5bw|1230
|gen|9
|tier|[Gen 9] OU
|rated|
|rule|HP Percentage Mod: HP is shown in percentages
|rule|Endless Battle Clause: Forcing endless battles is banned
|rule|Species Clause: Limit one of each Pokémon
|rule|OHKO Clause: OHKO moves are banned
|rule|Evasion Items Clause: Evasion items are banned
|rule|Evasion Moves Clause: Evasion moves are banned
|rule|Evasion Abilities Clause: Evasion abilities are banned
|rule|Sleep Moves Clause: Sleep-inducing moves are banned
|clearpoke
|poke|p1|Kingambit, M|
|poke|p1|Glimmora, M|
|poke|p1|Gholdengo|
|poke|p1|Maushold|
|poke|p1|Lokix, M|
|poke|p1|Dragonite, F|
|poke|p2|Dragonite, M|
|poke|p2|Dragapult, M|
|poke|p2|Regidrago|
|poke|p2|Raging Bolt|
|poke|p2|Goodra-Hisui, M|
|poke|p2|Noivern, M|
|teampreview
|inactive|Battle timer is ON: inactive players will automatically lose when time's up. (requested by RedBlueGree)
|
|t:|1769328843
|teamsize|p1|6
|teamsize|p2|6
|start
|switch|p1a: Lokix|Lokix, M|100/100
|switch|p2a: Goodra|Goodra-Hisui, M|100/100
|turn|1
|
|t:|1769328849
|move|p1a: Lokix|Knock Off|p2a: Goodra
|-damage|p2a: Goodra|33/100
|-ability|p2a: Goodra|Gooey
|-unboost|p1a: Lokix|spe|1
|-enditem|p2a: Goodra|Leftovers|[from] move: Knock Off|[of] p1a: Lokix
|move|p2a: Goodra|Curse|p2a: Goodra
|-unboost|p2a: Goodra|spe|1
|-boost|p2a: Goodra|atk|1
|-boost|p2a: Goodra|def|1
|
|upkeep
|turn|2
|
|t:|1769328862
|switch|p1a: Gholdengo|Gholdengo|100/100
|move|p2a: Goodra|Dragon Tail|p1a: Gholdengo
|-resisted|p1a: Gholdengo
|-damage|p1a: Gholdengo|76/100
|drag|p1a: Kingambit|Kingambit, M|100/100
|
|upkeep
|turn|3
|
|t:|1769328870
|move|p1a: Kingambit|Low Kick|p2a: Goodra
|-supereffective|p2a: Goodra
|-damage|p2a: Goodra|0 fnt
|-ability|p2a: Goodra|Gooey
|-unboost|p1a: Kingambit|spe|1
|faint|p2a: Goodra
|
|upkeep
|
|t:|1769328878
|switch|p2a: Dragapult|Dragapult, M|100/100
|turn|4
|
|t:|1769328882
|-end|p1a: Kingambit|fallenundefined|[silent]
|switch|p1a: Gholdengo|Gholdengo|76/100
|move|p2a: Dragapult|Will-O-Wisp|p1a: Gholdengo
|-immune|p1a: Gholdengo|[from] ability: Good as Gold
|
|upkeep
|turn|5
|
|t:|1769328895
|switch|p1a: Glimmora|Glimmora, M|100/100
|switch|p2a: Dragonite|Dragonite, M|100/100
|
|upkeep
|turn|6
|
|t:|1769328902
|move|p1a: Glimmora|Power Gem|p2a: Dragonite
|-supereffective|p2a: Dragonite
|-damage|p2a: Dragonite|9/100
|-enditem|p2a: Dragonite|Weakness Policy
|-boost|p2a: Dragonite|atk|2|[from] item: Weakness Policy
|-boost|p2a: Dragonite|spa|2|[from] item: Weakness Policy
|move|p2a: Dragonite|Earthquake|p1a: Glimmora
|-supereffective|p1a: Glimmora
|-enditem|p1a: Glimmora|Focus Sash
|-damage|p1a: Glimmora|1/100
|-activate|p1a: Glimmora|ability: Toxic Debris
|-sidestart|p2: The Dragon Lair|move: Toxic Spikes
|
|upkeep
|turn|7
|
|t:|1769328913
|switch|p1a: Gholdengo|Gholdengo|76/100
|move|p2a: Dragonite|Extreme Speed|p1a: Gholdengo
|-immune|p1a: Gholdengo
|
|upkeep
|turn|8
|
|t:|1769328923
|move|p1a: Gholdengo|Shadow Ball|p2a: Dragonite
|-damage|p2a: Dragonite|0 fnt
|faint|p2a: Dragonite
|
|upkeep
|
|t:|1769328931
|switch|p2a: Noivern|Noivern, M|100/100
|turn|9
|
|t:|1769328936
|move|p2a: Noivern|Tailwind|p2a: Noivern
|-sidestart|p2: The Dragon Lair|move: Tailwind
|move|p1a: Gholdengo|Shadow Ball|p2a: Noivern
|-crit|p2a: Noivern
|-damage|p2a: Noivern|32/100
|
|upkeep
|turn|10
|
|t:|1769328946
|switch|p2a: Raging Bolt|Raging Bolt|100/100
|-status|p2a: Raging Bolt|psn
|-enditem|p2a: Raging Bolt|Booster Energy
|-activate|p2a: Raging Bolt|ability: Protosynthesis|[fromitem]
|-start|p2a: Raging Bolt|protosynthesisspa
|move|p1a: Gholdengo|Shadow Ball|p2a: Raging Bolt
|-damage|p2a: Raging Bolt|68/100 psn
|
|-damage|p2a: Raging Bolt|56/100 psn|[from] psn
|upkeep
|turn|11
|
|t:|1769328958
|switch|p1a: Glimmora|Glimmora, M|1/100
|move|p2a: Raging Bolt|Thunderclap||[still]
|-fail|p2a: Raging Bolt
|
|-damage|p2a: Raging Bolt|43/100 psn|[from] psn
|upkeep
|turn|12
|
|t:|1769328965
|move|p2a: Raging Bolt|Thunderbolt|p1a: Glimmora
|-damage|p1a: Glimmora|0 fnt
|faint|p1a: Glimmora
|
|-damage|p2a: Raging Bolt|31/100 psn|[from] psn
|-sideend|p2: The Dragon Lair|move: Tailwind
|upkeep
|
|t:|1769328971
|switch|p1a: Lokix|Lokix, M|100/100
|turn|13
|
|t:|1769328979
|move|p1a: Lokix|U-turn|p2a: Raging Bolt
|-damage|p2a: Raging Bolt|0 fnt
|faint|p2a: Raging Bolt
|-end|p2a: Raging Bolt|Protosynthesis|[silent]
|
|t:|1769328984
|switch|p1a: Gholdengo|Gholdengo|76/100|[from] U-turn
|
|upkeep
|
|t:|1769328992
|switch|p2a: Dragapult|Dragapult, M|100/100
|turn|14
|
|t:|1769328997
|move|p1a: Gholdengo|Shadow Ball|p2a: Dragapult
|-supereffective|p2a: Dragapult
|-damage|p2a: Dragapult|0 fnt
|faint|p2a: Dragapult
|
|upkeep
|-message|The Dragon Lair forfeited.
|
|win|RedBlueGree
|raw|RedBlueGree's rating: 1195 &rarr; <strong>1223</strong><br />(+28 for winning)
|raw|The Dragon Lair's rating: 1230 &rarr; <strong>1202</strong><br />(-28 for losing)
|l|☆The Dragon Lair
|player|p2|
|l|☆RedBlueGree
|player|p1|
