|j|☆marvelous.n
|j|☆Yusuffi
|t:|1769297640
|gametype|singles
|player|p1|marvelous.n|hugh|1366
|player|p2|Yusuffi|2|1399
|gen|9
|tier|[Gen 9] OU
|rated|
|rule|HP Percentage Mod: HP is shown in percentages
|rule|Endless Battle Clause: Forcing endless battles is banned
|rule|Species Clause: Limit one of each Pokémon
|rule|OHKO Clause: OHKO moves are banned
|rule|Evasion Items Clause: Evasion items are banned
|rule|Evasion Moves Clause: Evasion moves are banned
|rule|Evasion Abilities Clause: Evasion abilities are banned
|rule|Sleep Moves Clause: Sleep-inducing moves are banned
|clearpoke
|poke|p1|Toucannon, M|
|poke|p1|Iron Treads|
|poke|p1|Abomasnow, F|
|poke|p1|Hatterene, F|
|poke|p1|Raging Bolt|
|poke|p1|Ceruledge, F|
|poke|p2|Pelipper, F|
|poke|p2|Basculegion-F, F|
|poke|p2|Ogerpon-Wellspring, F|
|poke|p2|Zamazenta-*|
|poke|p2|Zapdos|
|poke|p2|Iron Treads|
|teampreview
|
|t:|1769297667
|teamsize|p1|6
|teamsize|p2|6
|start
|switch|p1a: Toucannon|Toucannon, M, shiny|100/100
|switch|p2a: Zapdos|Zapdos|100/100
|turn|1
|
|t:|1769297695
|switch|p1a: Iron Treads|Iron Treads, shiny|100/100
|-enditem|p1a: Iron Treads|Booster Energy
|-activate|p1a: Iron Treads|ability: Quark Drive|[fromitem]
|-start|p1a: Iron Treads|quarkdrivespe
|move|p2a: Zapdos|Volt Switch|p1a: Iron Treads
|-immune|p1a: Iron Treads
|
|upkeep
|turn|2
|
|t:|1769297714
|switch|p2a: Pelipper|Pelipper, F|100/100
|-weather|RainDance|[from] ability: Drizzle|[of] p2a: Pelipper
|move|p1a: Iron Treads|Stealth Rock|p2a: Pelipper
|-sidestart|p2: Yusuffi|move: Stealth Rock
|
|-weather|RainDance|[upkeep]
|upkeep
|turn|3
|
|t:|1769297727
|-end|p1a: Iron Treads|Quark Drive|[silent]
|switch|p1a: Abomasnow|Abomasnow, F, shiny|100/100
|-weather|Snowscape|[from] ability: Snow Warning|[of] p1a: Abomasnow
|move|p2a: Pelipper|Weather Ball|p1a: Abomasnow
|-damage|p1a: Abomasnow|62/100
|
|-weather|Snowscape|[upkeep]
|upkeep
|turn|4
|
|t:|1769297735
|switch|p2a: Zamazenta|Zamazenta|100/100
|-damage|p2a: Zamazenta|94/100|[from] Stealth Rock
|-ability|p2a: Zamazenta|Dauntless Shield|boost
|-boost|p2a: Zamazenta|def|1
|move|p1a: Abomasnow|Giga Drain|p2a: Zamazenta
|-damage|p2a: Zamazenta|74/100
|-heal|p1a: Abomasnow|73/100|[from] drain|[of] p2a: Zamazenta
|
|-weather|Snowscape|[upkeep]
|-heal|p2a: Zamazenta|80/100|[from] item: Leftovers
|upkeep
|turn|5
|
|t:|1769297742
|switch|p1a: Hatterene|Hatterene, F, shiny|100/100
|move|p2a: Zamazenta|Body Press|p1a: Hatterene
|-resisted|p1a: Hatterene
|-damage|p1a: Hatterene|91/100
|
|-weather|Snowscape|[upkeep]
|-heal|p2a: Zamazenta|86/100|[from] item: Leftovers
|upkeep
|turn|6
|
|t:|1769297780
|switch|p2a: Pelipper|Pelipper, F|100/100
|-damage|p2a: Pelipper|76/100|[from] Stealth Rock
|-weather|RainDance|[from] ability: Drizzle|[of] p2a: Pelipper
|move|p1a: Hatterene|Draining Kiss|p2a: Pelipper
|-damage|p2a: Pelipper|47/100
|-heal|p1a: Hatterene|100/100|[from] drain|[of] p2a: Pelipper
|
|-weather|RainDance|[upkeep]
|upkeep
|turn|7
|
|t:|1769297792
|move|p2a: Pelipper|U-turn|p1a: Hatterene
|-damage|p1a: Hatterene|94/100
|
|t:|1769297811
|switch|p2a: Basculegion|Basculegion-F, F|100/100|[from] U-turn
|-damage|p2a: Basculegion|88/100|[from] Stealth Rock
|move|p1a: Hatterene|Draining Kiss|p2a: Basculegion
|-damage|p2a: Basculegion|60/100
|-heal|p1a: Hatterene|100/100|[from] drain|[of] p2a: Basculegion
|
|-weather|RainDance|[upkeep]
|upkeep
|turn|8
|
|t:|1769297833
|switch|p1a: Abomasnow|Abomasnow, F, shiny|73/100
|-weather|Snowscape|[from] ability: Snow Warning|[of] p1a: Abomasnow
|move|p2a: Basculegion|Shadow Ball|p1a: Abomasnow
|-damage|p1a: Abomasnow|17/100
|
|-weather|Snowscape|[upkeep]
|upkeep
|turn|9
|
|t:|1769297875
|switch|p1a: Toucannon|Toucannon, M, shiny|100/100
|move|p2a: Basculegion|Shadow Ball|p1a: Toucannon
|-immune|p1a: Toucannon
|
|-weather|Snowscape|[upkeep]
|upkeep
|turn|10
|
|t:|1769297894
|switch|p2a: Zapdos|Zapdos|100/100
|-singleturn|p1a: Toucannon|move: Beak Blast
|move|p1a: Toucannon|Beak Blast|p2a: Zapdos
|-resisted|p2a: Zapdos
|-damage|p2a: Zapdos|82/100
|
|-weather|Snowscape|[upkeep]
|upkeep
|turn|11
|
|t:|1769297914
|switch|p1a: Iron Treads|Iron Treads, shiny|100/100
|move|p2a: Zapdos|Hurricane|p1a: Iron Treads
|-resisted|p1a: Iron Treads
|-damage|p1a: Iron Treads|68/100
|
|-weather|Snowscape|[upkeep]
|upkeep
|turn|12
|
|t:|1769297923
|switch|p2a: Zamazenta|Zamazenta|86/100
|-damage|p2a: Zamazenta|80/100|[from] Stealth Rock
|move|p1a: Iron Treads|Rapid Spin|p2a: Zamazenta
|-crit|p2a: Zamazenta
|-damage|p2a: Zamazenta|68/100
|-boost|p1a: Iron Treads|spe|1
|
|-weather|none
|-heal|p2a: Zamazenta|74/100|[from] item: Leftovers
|upkeep
|turn|13
|
|t:|1769297929
|switch|p2a: Iron Treads|Iron Treads|100/100
|-damage|p2a: Iron Treads|98/100|[from] Stealth Rock
|move|p1a: Iron Treads|Steel Beam|p2a: Iron Treads
|-resisted|p2a: Iron Treads
|-damage|p2a: Iron Treads|77/100
|-damage|p1a: Iron Treads|18/100|[from] steelbeam
|
|upkeep
|turn|14
|
|t:|1769297934
|-end|p2a: Iron Treads|Quark Drive|[silent]
|switch|p2a: Zapdos|Zapdos|82/100
|move|p1a: Iron Treads|Earth Power|p2a: Zapdos
|-immune|p2a: Zapdos
|
|upkeep
|turn|15
|
|t:|1769297941
|move|p1a: Iron Treads|Steel Beam|p2a: Zapdos
|-resisted|p2a: Zapdos
|-damage|p2a: Zapdos|57/100
|-damage|p1a: Iron Treads|0 fnt|[from] steelbeam
|faint|p1a: Iron Treads
|-end|p1a: Iron Treads|Quark Drive|[silent]
|move|p2a: Zapdos|Hurricane|p1: Iron Treads|[notarget]
|-fail|p2a: Zapdos
|
|upkeep
|
|t:|1769297946
|switch|p1a: Abomasnow|Abomasnow, F, shiny|17/100
|-weather|Snowscape|[from] ability: Snow Warning|[of] p1a: Abomasnow
|turn|16
|
|t:|1769297974
|move|p1a: Abomasnow|Ice Shard|p2a: Zapdos
|-supereffective|p2a: Zapdos
|-damage|p2a: Zapdos|37/100
|move|p2a: Zapdos|Hurricane|p1a: Abomasnow|[miss]
|-miss|p2a: Zapdos|p1a: Abomasnow
|
|-weather|Snowscape|[upkeep]
|upkeep
|turn|17
|
|t:|1769297978
|move|p1a: Abomasnow|Ice Shard|p2a: Zapdos
|-supereffective|p2a: Zapdos
|-damage|p2a: Zapdos|18/100
|move|p2a: Zapdos|Hurricane|p1a: Abomasnow
|-supereffective|p1a: Abomasnow
|-damage|p1a: Abomasnow|0 fnt
|faint|p1a: Abomasnow
|
|-weather|Snowscape|[upkeep]
|upkeep
|
|t:|1769297987
|switch|p1a: Raging Bolt|Raging Bolt|100/100
|-enditem|p1a: Raging Bolt|Booster Energy
|-activate|p1a: Raging Bolt|ability: Protosynthesis|[fromitem]
|-start|p1a: Raging Bolt|protosynthesisspa
|turn|18
|
|t:|1769297990
|move|p1a: Raging Bolt|Dragon Pulse|p2a: Zapdos
|-damage|p2a: Zapdos|0 fnt
|faint|p2a: Zapdos
|
|-weather|Snowscape|[upkeep]
|upkeep
|
|t:|1769297991
|switch|p2a: Iron Treads|Iron Treads|77/100
|-damage|p2a: Iron Treads|74/100|[from] Stealth Rock
|turn|19
|
|t:|1769297996
|-end|p1a: Raging Bolt|Protosynthesis|[silent]
|switch|p1a: Toucannon|Toucannon, M, shiny|100/100
|move|p2a: Iron Treads|Earthquake|p1a: Toucannon
|-immune|p1a: Toucannon
|
|-weather|Snowscape|[upkeep]
|upkeep
|turn|20
|
|t:|1769298001
|move|p2a: Iron Treads|Rapid Spin|p1a: Toucannon
|-damage|p1a: Toucannon|84/100
|-boost|p2a: Iron Treads|spe|1
|-sideend|p2: Yusuffi|Stealth Rock|[from] move: Rapid Spin|[of] p2a: Iron Treads
|move|p1a: Toucannon|Temper Flare|p2a: Iron Treads
|-supereffective|p2a: Iron Treads
|-damage|p2a: Iron Treads|33/100
|
|-weather|none
|upkeep
|turn|21
|
|t:|1769298005
|move|p2a: Iron Treads|Volt Switch|p1a: Toucannon
|-supereffective|p1a: Toucannon
|-damage|p1a: Toucannon|67/100
|
|t:|1769298008
|-end|p2a: Iron Treads|Quark Drive|[silent]
|switch|p2a: Pelipper|Pelipper, F|47/100|[from] Volt Switch
|-weather|RainDance|[from] ability: Drizzle|[of] p2a: Pelipper
|move|p1a: Toucannon|Temper Flare|p2a: Pelipper
|-resisted|p2a: Pelipper
|-damage|p2a: Pelipper|40/100
|
|-weather|RainDance|[upkeep]
|upkeep
|turn|22
|
|t:|1769298011
|move|p1a: Toucannon|Rock Blast|p2a: Pelipper
|-supereffective|p2a: Pelipper
|-damage|p2a: Pelipper|20/100
|-supereffective|p2a: Pelipper
|-damage|p2a: Pelipper|1/100
|-supereffective|p2a: Pelipper
|-damage|p2a: Pelipper|0 fnt
|faint|p2a: Pelipper
|-hitcount|p2: Pelipper|3
|
|-weather|RainDance|[upkeep]
|upkeep
|
|t:|1769298018
|switch|p2a: Basculegion|Basculegion-F, F|60/100
|turn|23
|
|t:|1769298022
|move|p2a: Basculegion|Surf|p1a: Toucannon
|-damage|p1a: Toucannon|0 fnt
|faint|p1a: Toucannon
|
|-weather|RainDance|[upkeep]
|upkeep
|
|t:|1769298025
|switch|p1a: Raging Bolt|Raging Bolt|100/100
|turn|24
|
|t:|1769298028
|switch|p2a: Iron Treads|Iron Treads|33/100
|move|p1a: Raging Bolt|Dragon Pulse|p2a: Iron Treads
|-resisted|p2a: Iron Treads
|-damage|p2a: Iron Treads|15/100
|
|-weather|RainDance|[upkeep]
|upkeep
|turn|25
|
|t:|1769298052
|-end|p1a: Raging Bolt|Protosynthesis|[silent]
|switch|p1a: Hatterene|Hatterene, F, shiny|100/100
|move|p2a: Iron Treads|Volt Switch|p1a: Hatterene
|-damage|p1a: Hatterene|88/100
|
|t:|1769298059
|-end|p2a: Iron Treads|Quark Drive|[silent]
|switch|p2a: Ogerpon|Ogerpon-Wellspring, F|100/100|[from] Volt Switch
|
|-weather|none
|upkeep
|turn|26
|
|t:|1769298063
|move|p2a: Ogerpon|Swords Dance|p2a: Ogerpon
|-boost|p2a: Ogerpon|atk|2
|move|p1a: Hatterene|Nuzzle|p2a: Ogerpon
|-damage|p2a: Ogerpon|95/100
|-status|p2a: Ogerpon|par
|
|upkeep
|turn|27
|
|t:|1769298066
|move|p2a: Ogerpon|Ivy Cudgel|p1a: Hatterene|[anim] Ivy Cudgel Water
|-damage|p1a: Hatterene|0 fnt
|faint|p1a: Hatterene
|
|upkeep
|
|t:|1769298069
|switch|p1a: Raging Bolt|Raging Bolt|100/100
|turn|28
|
|t:|1769298101
|move|p1a: Raging Bolt|Dragon Pulse|p2a: Ogerpon
|-damage|p2a: Ogerpon|39/100 par
|move|p2a: Ogerpon|Play Rough|p1a: Raging Bolt
|-supereffective|p1a: Raging Bolt
|-damage|p1a: Raging Bolt|0 fnt
|faint|p1a: Raging Bolt
|-end|p1a: Raging Bolt|Protosynthesis|[silent]
|
|upkeep
|
|t:|1769298107
|switch|p1a: Ceruledge|Ceruledge, F, shiny|100/100
|turn|29
|inactive|Battle timer is ON: inactive players will automatically lose when time's up. (requested by marvelous.n)
|
|t:|1769298172
|move|p1a: Ceruledge|Swords Dance|p1a: Ceruledge
|-boost|p1a: Ceruledge|atk|2
|move|p2a: Ogerpon|Ivy Cudgel|p1a: Ceruledge|[anim] Ivy Cudgel Water
|-supereffective|p1a: Ceruledge
|-enditem|p1a: Ceruledge|Focus Sash
|-damage|p1a: Ceruledge|1/100
|-ability|p1a: Ceruledge|Weak Armor|boost
|-unboost|p1a: Ceruledge|def|1
|-boost|p1a: Ceruledge|spe|2
|
|upkeep
|turn|30
|
|t:|1769298178
|move|p1a: Ceruledge|Bitter Blade|p2a: Ogerpon
|-damage|p2a: Ogerpon|0 fnt
|-heal|p1a: Ceruledge|21/100|[from] drain|[of] p2a: Ogerpon
|faint|p2a: Ogerpon
|
|upkeep
|
|t:|1769298190
|switch|p2a: Basculegion|Basculegion-F, F|60/100
|turn|31
|
|t:|1769298199
|-terastallize|p1a: Ceruledge|Ghost
|-terastallize|p2a: Basculegion|Water
|move|p1a: Ceruledge|Poltergeist|p2a: Basculegion
|-activate|p2a: Basculegion|move: Poltergeist|Choice Specs
|-damage|p2a: Basculegion|0 fnt
|faint|p2a: Basculegion
|
|upkeep
|
|t:|1769298205
|switch|p2a: Zamazenta|Zamazenta|74/100
|turn|32
|
|t:|1769298206
|move|p1a: Ceruledge|Poltergeist|p2a: Zamazenta
|-activate|p2a: Zamazenta|move: Poltergeist|Leftovers
|-damage|p2a: Zamazenta|0 fnt
|faint|p2a: Zamazenta
|
|upkeep
|
|t:|1769298208
|switch|p2a: Iron Treads|Iron Treads|15/100
|turn|33
|
|t:|1769298210
|move|p1a: Ceruledge|Bitter Blade|p2a: Iron Treads
|-supereffective|p2a: Iron Treads
|-damage|p2a: Iron Treads|0 fnt
|-heal|p1a: Ceruledge|30/100|[from] drain|[of] p2a: Iron Treads
|faint|p2a: Iron Treads
|-end|p2a: Iron Treads|Quark Drive|[silent]
|
|win|marvelous.n
|raw|marvelous.n's rating: 1366 &rarr; <strong>1388</strong><br />(+22 for winning)
|raw|Yusuffi's rating: 1399 &rarr; <strong>1377</strong><br />(-22 for losing)
|c|☆marvelous.n|GG
|l|☆marvelous.n
|player|p1|
|l|☆Yusuffi
|player|p2|
