|j|☆Asda0004
|j|☆dallintrix
|t:|1769437534
|gametype|singles
|player|p1|Asda0004|veteran|1195
|player|p2|dallintrix|steven|1145
|gen|9
|tier|[Gen 9] OU
|rated|
|rule|HP Percentage Mod: HP is shown in percentages
|rule|Endless Battle Clause: Forcing endless battles is banned
|rule|Species Clause: Limit one of each Pokémon
|rule|OHKO Clause: OHKO moves are banned
|rule|Evasion Items Clause: Evasion items are banned
|rule|Evasion Moves Clause: Evasion moves are banned
|rule|Evasion Abilities Clause: Evasion abilities are banned
|rule|Sleep Moves Clause: Sleep-inducing moves are banned
|clearpoke
|poke|p1|Ninetales-Alola, F|
|poke|p1|Zapdos|
|poke|p1|Garchomp, M|
|poke|p1|Corviknight, F|
|poke|p1|Iron Moth|
|poke|p1|Dragonite, M|
|poke|p2|Luxray, M|
|poke|p2|Greninja-*, M|
|poke|p2|Garchomp, M|
|poke|p2|Metagross|
|poke|p2|Ceruledge, F|
|poke|p2|Iron Valiant|
|teampreview
|
|t:|1769437537
|teamsize|p1|6
|teamsize|p2|6
|start
|switch|p1a: Emma|Ninetales-Alola, F|100/100
|switch|p2a: Garchomp|Garchomp, M|100/100
|-weather|Snowscape|[from] ability: Snow Warning|[of] p1a: Emma
|turn|1
|
|t:|1769437548
|switch|p2a: Metagross|Metagross|100/100
|move|p1a: Emma|Aurora Veil|p1a: Emma
|-sidestart|p1: Asda0004|move: Aurora Veil
|
|-weather|Snowscape|[upkeep]
|upkeep
|turn|2
|
|t:|1769437557
|switch|p1a: Vlad|Iron Moth|100/100
|-enditem|p1a: Vlad|Booster Energy
|-activate|p1a: Vlad|ability: Quark Drive|[fromitem]
|-start|p1a: Vlad|quarkdrivespe
|move|p2a: Metagross|Agility|p2a: Metagross
|-boost|p2a: Metagross|spe|2
|
|-weather|Snowscape|[upkeep]
|upkeep
|turn|3
|
|t:|1769437569
|move|p1a: Vlad|Fiery Dance|p2a: Metagross
|-supereffective|p2a: Metagross
|-damage|p2a: Metagross|13/100
|-boost|p1a: Vlad|spa|1
|-enditem|p2a: Metagross|Weakness Policy
|-boost|p2a: Metagross|atk|2|[from] item: Weakness Policy
|-boost|p2a: Metagross|spa|2|[from] item: Weakness Policy
|move|p2a: Metagross|Earthquake|p1a: Vlad
|-supereffective|p1a: Vlad
|-damage|p1a: Vlad|0 fnt
|faint|p1a: Vlad
|-end|p1a: Vlad|Quark Drive|[silent]
|
|-weather|Snowscape|[upkeep]
|upkeep
|
|t:|1769437573
|switch|p1a: Pancinha|Dragonite, M|100/100
|turn|4
|
|t:|1769437581
|move|p1a: Pancinha|Extreme Speed|p2a: Metagross
|-resisted|p2a: Metagross
|-damage|p2a: Metagross|0 fnt
|faint|p2a: Metagross
|
|-weather|Snowscape|[upkeep]
|upkeep
|
|t:|1769437593
|switch|p2a: Greninja|Greninja, M|100/100
|turn|5
|
|t:|1769437599
|move|p2a: Greninja|Ice Beam|p1a: Pancinha
|-supereffective|p1a: Pancinha
|-damage|p1a: Pancinha|71/100
|move|p1a: Pancinha|Dragon Dance|p1a: Pancinha
|-boost|p1a: Pancinha|atk|1
|-boost|p1a: Pancinha|spe|1
|
|-weather|none
|-heal|p1a: Pancinha|77/100|[from] item: Leftovers
|upkeep
|turn|6
|
|t:|1769437603
|move|p2a: Greninja|Ice Beam|p1a: Pancinha
|-supereffective|p1a: Pancinha
|-damage|p1a: Pancinha|27/100
|move|p1a: Pancinha|Outrage|p2a: Greninja
|-damage|p2a: Greninja|0 fnt
|faint|p2a: Greninja
|
|-heal|p1a: Pancinha|33/100|[from] item: Leftovers
|upkeep
|
|t:|1769437610
|switch|p2a: Iron Valiant|Iron Valiant|100/100
|-enditem|p2a: Iron Valiant|Booster Energy
|-activate|p2a: Iron Valiant|ability: Quark Drive|[fromitem]
|-start|p2a: Iron Valiant|quarkdrivespe
|turn|7
|
|t:|1769437615
|move|p2a: Iron Valiant|Moonblast|p1a: Pancinha
|-supereffective|p1a: Pancinha
|-damage|p1a: Pancinha|0 fnt
|faint|p1a: Pancinha
|
|upkeep
|
|t:|1769437620
|switch|p1a: Corviknight|Corviknight, F|100/100
|-ability|p1a: Corviknight|Pressure
|turn|8
|
|t:|1769437635
|move|p2a: Iron Valiant|Aura Sphere|p1a: Corviknight
|-damage|p1a: Corviknight|85/100
|move|p1a: Corviknight|Brave Bird|p2a: Iron Valiant
|-supereffective|p2a: Iron Valiant
|-damage|p2a: Iron Valiant|9/100
|-damage|p1a: Corviknight|63/100|[from] Recoil
|
|-heal|p1a: Corviknight|69/100|[from] item: Leftovers
|-sideend|p1: Asda0004|move: Aurora Veil
|upkeep
|turn|9
|
|t:|1769437645
|move|p2a: Iron Valiant|Psychic|p1a: Corviknight
|-resisted|p1a: Corviknight
|-damage|p1a: Corviknight|57/100
|move|p1a: Corviknight|Brave Bird|p2a: Iron Valiant
|-supereffective|p2a: Iron Valiant
|-damage|p2a: Iron Valiant|0 fnt
|faint|p2a: Iron Valiant
|-end|p2a: Iron Valiant|Quark Drive|[silent]
|-damage|p1a: Corviknight|55/100|[from] Recoil
|
|-heal|p1a: Corviknight|62/100|[from] item: Leftovers
|upkeep
|
|t:|1769437653
|switch|p2a: Luxray|Luxray, M, shiny|100/100
|-ability|p2a: Luxray|Intimidate|boost
|-unboost|p1a: Corviknight|atk|1
|turn|10
|inactive|Battle timer is ON: inactive players will automatically lose when time's up. (requested by dallintrix)
|
|t:|1769437686
|move|p2a: Luxray|Supercell Slam|p1a: Corviknight
|-supereffective|p1a: Corviknight
|-damage|p1a: Corviknight|0 fnt
|faint|p1a: Corviknight
|
|upkeep
|
|t:|1769437689
|switch|p1a: Drake|Garchomp, M, shiny|100/100
|turn|11
|
|t:|1769437700
|switch|p2a: Garchomp|Garchomp, M|100/100
|move|p1a: Drake|Swords Dance|p1a: Drake
|-boost|p1a: Drake|atk|2
|
|upkeep
|turn|12
|
|t:|1769437703
|move|p2a: Garchomp|Outrage|p1a: Drake
|-supereffective|p1a: Drake
|-damage|p1a: Drake|0 fnt
|-damage|p2a: Garchomp|88/100|[from] ability: Rough Skin|[of] p1a: Drake
|faint|p1a: Drake
|
|upkeep
|
|t:|1769437709
|switch|p1a: Emma|Ninetales-Alola, F|100/100
|-weather|Snowscape|[from] ability: Snow Warning|[of] p1a: Emma
|turn|13
|
|t:|1769437714
|move|p1a: Emma|Aurora Veil|p1a: Emma
|-sidestart|p1: Asda0004|move: Aurora Veil
|move|p2a: Garchomp|Outrage|p1a: Emma|[from] lockedmove
|-immune|p1a: Emma
|
|-weather|Snowscape|[upkeep]
|upkeep
|turn|14
|inactive|dallintrix has 120 seconds left.
|inactive|dallintrix has 90 seconds left.
|
|t:|1769437777
|-terastallize|p2a: Garchomp|Poison
|move|p1a: Emma|Freeze-Dry|p2a: Garchomp
|-damage|p2a: Garchomp|66/100
|move|p2a: Garchomp|Earthquake|p1a: Emma
|-damage|p1a: Emma|79/100
|
|-weather|Snowscape|[upkeep]
|upkeep
|turn|15
|
|t:|1769437785
|switch|p1a: Zapdos|Zapdos|100/100
|move|p2a: Garchomp|Earthquake|p1a: Zapdos
|-immune|p1a: Zapdos
|
|-weather|Snowscape|[upkeep]
|upkeep
|turn|16
|
|t:|1769437793
|move|p2a: Garchomp|Swords Dance|p2a: Garchomp
|-boost|p2a: Garchomp|atk|2
|move|p1a: Zapdos|Discharge|p2a: Garchomp
|-damage|p2a: Garchomp|33/100
|
|-weather|Snowscape|[upkeep]
|upkeep
|turn|17
|
|t:|1769437798
|move|p2a: Garchomp|Outrage|p1a: Zapdos
|-damage|p1a: Zapdos|52/100
|move|p1a: Zapdos|Discharge|p2a: Garchomp
|-damage|p2a: Garchomp|0 fnt
|faint|p2a: Garchomp
|
|-weather|none
|upkeep
|
|t:|1769437814
|switch|p2a: Ceruledge|Ceruledge, F|100/100
|turn|18
|
|t:|1769437822
|move|p2a: Ceruledge|Bulk Up|p2a: Ceruledge
|-boost|p2a: Ceruledge|atk|1
|-boost|p2a: Ceruledge|def|1
|move|p1a: Zapdos|Hurricane|p2a: Ceruledge
|-damage|p2a: Ceruledge|46/100
|-start|p2a: Ceruledge|confusion
|-enditem|p2a: Ceruledge|Sitrus Berry|[eat]
|-heal|p2a: Ceruledge|70/100|[from] item: Sitrus Berry
|
|upkeep
|turn|19
|
|t:|1769437833
|-activate|p2a: Ceruledge|confusion
|move|p2a: Ceruledge|Bitter Blade|p1a: Zapdos
|-damage|p1a: Zapdos|31/100
|-heal|p2a: Ceruledge|84/100|[from] drain|[of] p1a: Zapdos
|move|p1a: Zapdos|Roost|p1a: Zapdos
|-heal|p1a: Zapdos|81/100
|-singleturn|p1a: Zapdos|move: Roost
|
|upkeep
|turn|20
|
|t:|1769437843
|-end|p2a: Ceruledge|confusion
|move|p2a: Ceruledge|Bitter Blade|p1a: Zapdos
|-damage|p1a: Zapdos|57/100
|-heal|p2a: Ceruledge|99/100|[from] drain|[of] p1a: Zapdos
|move|p1a: Zapdos|Hurricane|p2a: Ceruledge
|-damage|p2a: Ceruledge|43/100
|
|-sideend|p1: Asda0004|move: Aurora Veil
|upkeep
|turn|21
|
|t:|1769437852
|move|p2a: Ceruledge|Poltergeist|p1a: Zapdos|[miss]
|-miss|p2a: Ceruledge|p1a: Zapdos
|move|p1a: Zapdos|Discharge|p2a: Ceruledge
|-damage|p2a: Ceruledge|7/100
|
|upkeep
|turn|22
|
|t:|1769437857
|move|p2a: Ceruledge|Poltergeist|p1a: Zapdos
|-activate|p1a: Zapdos|move: Poltergeist|Heavy-Duty Boots
|-damage|p1a: Zapdos|6/100
|move|p1a: Zapdos|Discharge|p2a: Ceruledge
|-damage|p2a: Ceruledge|0 fnt
|faint|p2a: Ceruledge
|
|upkeep
|
|t:|1769437862
|switch|p2a: Luxray|Luxray, M, shiny|100/100
|-ability|p2a: Luxray|Intimidate|boost
|-unboost|p1a: Zapdos|atk|1
|turn|23
|
|t:|1769437866
|move|p2a: Luxray|Supercell Slam|p1a: Zapdos
|-damage|p1a: Zapdos|0 fnt
|faint|p1a: Zapdos
|
|upkeep
|
|t:|1769437869
|switch|p1a: Emma|Ninetales-Alola, F|79/100
|-weather|Snowscape|[from] ability: Snow Warning|[of] p1a: Emma
|turn|24
|
|t:|1769437879
|move|p1a: Emma|Aurora Veil|p1a: Emma
|-sidestart|p1: Asda0004|move: Aurora Veil
|move|p2a: Luxray|Supercell Slam|p1a: Emma
|-damage|p1a: Emma|59/100
|
|-weather|Snowscape|[upkeep]
|upkeep
|turn|25
|
|t:|1769437887
|move|p1a: Emma|Moonblast|p2a: Luxray
|-damage|p2a: Luxray|67/100
|move|p2a: Luxray|Supercell Slam|p1a: Emma
|-damage|p1a: Emma|38/100
|
|-weather|Snowscape|[upkeep]
|upkeep
|turn|26
|
|t:|1769437897
|move|p1a: Emma|Freeze-Dry|p2a: Luxray
|-damage|p2a: Luxray|43/100
|move|p2a: Luxray|Supercell Slam|p1a: Emma
|-damage|p1a: Emma|18/100
|
|-weather|Snowscape|[upkeep]
|upkeep
|turn|27
|
|t:|1769437903
|move|p1a: Emma|Freeze-Dry|p2a: Luxray
|-damage|p2a: Luxray|18/100
|move|p2a: Luxray|Supercell Slam|p1a: Emma
|-damage|p1a: Emma|0 fnt
|faint|p1a: Emma
|
|win|dallintrix
|raw|Asda0004's rating: 1195 &rarr; <strong>1166</strong><br />(-29 for losing)
|raw|dallintrix's rating: 1145 &rarr; <strong>1174</strong><br />(+29 for winning)
|l|☆Asda0004
|player|p1|
|l|☆dallintrix
|player|p2|
