|j|☆Team BBIO 38
|j|☆ayush6984
|t:|1769441745
|gametype|singles
|player|p1|Team BBIO 38|rocketgrunt|1292
|player|p2|ayush6984|102|1302
|gen|9
|tier|[Gen 9] OU
|rated|
|rule|HP Percentage Mod: HP is shown in percentages
|rule|Endless Battle Clause: Forcing endless battles is banned
|rule|Species Clause: Limit one of each Pokémon
|rule|OHKO Clause: OHKO moves are banned
|rule|Evasion Items Clause: Evasion items are banned
|rule|Evasion Moves Clause: Evasion moves are banned
|rule|Evasion Abilities Clause: Evasion abilities are banned
|rule|Sleep Moves Clause: Sleep-inducing moves are banned
|clearpoke
|poke|p1|Dusclops, M|
|poke|p1|Blissey, F|
|poke|p1|Flamigo, M|
|poke|p1|Latias, F|
|poke|p1|Darkrai|
|poke|p1|Mudsdale, M|
|poke|p2|Gholdengo|
|poke|p2|Ogerpon, F|
|poke|p2|Rillaboom, M|
|poke|p2|Samurott-Hisui, M|
|poke|p2|Glimmora, M|
|poke|p2|Raging Bolt|
|teampreview
|inactive|Battle timer is ON: inactive players will automatically lose when time's up. (requested by Team BBIO 38)
|
|t:|1769441756
|teamsize|p1|6
|teamsize|p2|6
|start
|switch|p1a: Darkrai|Darkrai|100/100
|switch|p2a: Samurott|Samurott-Hisui, M|100/100
|turn|1
|
|t:|1769441763
|switch|p1a: Flamigo|Flamigo, M|100/100
|move|p2a: Samurott|Flip Turn|p1a: Flamigo
|-damage|p1a: Flamigo|56/100
|
|t:|1769441771
|switch|p2a: Glimmora|Glimmora, M|100/100|[from] Flip Turn
|
|upkeep
|turn|2
|
|t:|1769441775
|switch|p1a: Darkrai|Darkrai|100/100
|move|p2a: Glimmora|Stealth Rock|p1a: Darkrai
|-sidestart|p1: Team BBIO 38|move: Stealth Rock
|
|upkeep
|turn|3
|
|t:|1769441780
|move|p1a: Darkrai|Psychic|p2a: Glimmora
|-supereffective|p2a: Glimmora
|-crit|p2a: Glimmora
|-damage|p2a: Glimmora|0 fnt
|faint|p2a: Glimmora
|
|upkeep
|
|t:|1769441787
|switch|p2a: Samurott|Samurott-Hisui, M|100/100
|turn|4
|
|t:|1769441790
|switch|p1a: Dusclops|Dusclops, M|100/100
|-damage|p1a: Dusclops|88/100|[from] Stealth Rock
|-item|p2a: Samurott|Black Glasses|[from] ability: Frisk|[of] p1a: Dusclops
|move|p2a: Samurott|Flip Turn|p1a: Dusclops
|-damage|p1a: Dusclops|74/100
|
|t:|1769441798
|switch|p2a: Gholdengo|Gholdengo|100/100|[from] Flip Turn
|
|upkeep
|turn|5
|
|t:|1769441802
|switch|p1a: Mudsdale|Mudsdale, M|100/100
|-damage|p1a: Mudsdale|94/100|[from] Stealth Rock
|move|p2a: Gholdengo|Shadow Ball|p1a: Mudsdale
|-damage|p1a: Mudsdale|57/100
|-unboost|p1a: Mudsdale|spd|1
|-ability|p1a: Mudsdale|Stamina|boost
|-boost|p1a: Mudsdale|def|1
|
|upkeep
|turn|6
|
|t:|1769441813
|switch|p2a: Rillaboom|Rillaboom, M|100/100
|-fieldstart|move: Grassy Terrain|[from] ability: Grassy Surge|[of] p2a: Rillaboom
|move|p1a: Mudsdale|Earthquake|p2a: Rillaboom
|-resisted|p2a: Rillaboom
|-damage|p2a: Rillaboom|76/100
|
|-heal|p2a: Rillaboom|82/100|[from] Grassy Terrain
|-heal|p1a: Mudsdale|63/100|[from] Grassy Terrain
|upkeep
|turn|7
|
|t:|1769441825
|switch|p1a: Dusclops|Dusclops, M|74/100
|-damage|p1a: Dusclops|62/100|[from] Stealth Rock
|-item|p2a: Rillaboom|Life Orb|[from] ability: Frisk|[of] p1a: Dusclops
|move|p2a: Rillaboom|Grassy Glide|p1a: Dusclops
|-damage|p1a: Dusclops|37/100
|-damage|p2a: Rillaboom|72/100|[from] item: Life Orb
|
|-heal|p2a: Rillaboom|79/100|[from] Grassy Terrain
|-heal|p1a: Dusclops|43/100|[from] Grassy Terrain
|upkeep
|turn|8
|
|t:|1769441844
|switch|p2a: Gholdengo|Gholdengo|100/100
|-enditem|p2a: Gholdengo|Grassy Seed
|-boost|p2a: Gholdengo|def|1|[from] item: Grassy Seed
|move|p1a: Dusclops|Pain Split|p2a: Gholdengo
|-immune|p2a: Gholdengo|[from] ability: Good as Gold
|
|-heal|p1a: Dusclops|49/100|[from] Grassy Terrain
|upkeep
|turn|9
|
|t:|1769441852
|switch|p1a: Blissey|Blissey, F|100/100
|-damage|p1a: Blissey|88/100|[from] Stealth Rock
|move|p2a: Gholdengo|Shadow Ball|p1a: Blissey
|-immune|p1a: Blissey
|
|-heal|p1a: Blissey|94/100|[from] Grassy Terrain
|-heal|p1a: Blissey|99/100|[from] item: Leftovers
|upkeep
|turn|10
|
|t:|1769441864
|switch|p2a: Rillaboom|Rillaboom, M|79/100
|move|p1a: Blissey|Stealth Rock|p2a: Rillaboom
|-sidestart|p2: ayush6984|move: Stealth Rock
|
|-heal|p2a: Rillaboom|85/100|[from] Grassy Terrain
|-heal|p1a: Blissey|100/100|[from] Grassy Terrain
|-fieldend|move: Grassy Terrain
|upkeep
|turn|11
|
|t:|1769441871
|switch|p1a: Dusclops|Dusclops, M|49/100
|-damage|p1a: Dusclops|37/100|[from] Stealth Rock
|-item|p2a: Rillaboom|Life Orb|[from] ability: Frisk|[of] p1a: Dusclops
|move|p2a: Rillaboom|High Horsepower|p1a: Dusclops
|-damage|p1a: Dusclops|14/100
|-damage|p2a: Rillaboom|75/100|[from] item: Life Orb
|
|upkeep
|turn|12
|
|t:|1769441880
|move|p2a: Rillaboom|Grassy Glide|p1a: Dusclops
|-damage|p1a: Dusclops|0 fnt
|faint|p1a: Dusclops
|-damage|p2a: Rillaboom|65/100|[from] item: Life Orb
|
|upkeep
|
|t:|1769441885
|switch|p1a: Flamigo|Flamigo, M|56/100
|-damage|p1a: Flamigo|44/100|[from] Stealth Rock
|turn|13
|
|t:|1769441905
|switch|p2a: Gholdengo|Gholdengo|100/100
|-damage|p2a: Gholdengo|94/100|[from] Stealth Rock
|move|p1a: Flamigo|Close Combat|p2a: Gholdengo
|-supereffective|p2a: Gholdengo
|-damage|p2a: Gholdengo|16/100
|-unboost|p1a: Flamigo|def|1
|-unboost|p1a: Flamigo|spd|1
|
|upkeep
|turn|14
|c|☆ayush6984|Ohh man
|c|☆ayush6984|I always forget
|
|t:|1769441920
|move|p1a: Flamigo|Close Combat|p2a: Gholdengo
|-supereffective|p2a: Gholdengo
|-damage|p2a: Gholdengo|0 fnt
|-unboost|p1a: Flamigo|def|1
|-unboost|p1a: Flamigo|spd|1
|faint|p2a: Gholdengo
|
|upkeep
|c|☆Team BBIO 38|:p
|
|t:|1769441923
|switch|p2a: Rillaboom|Rillaboom, M|65/100
|-damage|p2a: Rillaboom|52/100|[from] Stealth Rock
|-fieldstart|move: Grassy Terrain|[from] ability: Grassy Surge|[of] p2a: Rillaboom
|turn|15
|
|t:|1769441933
|move|p2a: Rillaboom|Grassy Glide|p1a: Flamigo
|-resisted|p1a: Flamigo
|-damage|p1a: Flamigo|0 fnt
|faint|p1a: Flamigo
|-damage|p2a: Rillaboom|42/100|[from] item: Life Orb
|
|-heal|p2a: Rillaboom|49/100|[from] Grassy Terrain
|upkeep
|c|☆ayush6984|Yea it gets scarppy man lol
|
|t:|1769441941
|switch|p1a: Darkrai|Darkrai|100/100
|-damage|p1a: Darkrai|88/100|[from] Stealth Rock
|turn|16
|
|t:|1769441946
|move|p2a: Rillaboom|Grassy Glide|p1a: Darkrai
|-damage|p1a: Darkrai|14/100
|-damage|p2a: Rillaboom|39/100|[from] item: Life Orb
|move|p1a: Darkrai|Dark Pulse|p2a: Rillaboom
|-crit|p2a: Rillaboom
|-damage|p2a: Rillaboom|0 fnt
|faint|p2a: Rillaboom
|
|-heal|p1a: Darkrai|20/100|[from] Grassy Terrain
|upkeep
|
|t:|1769441951
|switch|p2a: Samurott|Samurott-Hisui, M|100/100
|-damage|p2a: Samurott|88/100|[from] Stealth Rock
|turn|17
|
|t:|1769441958
|move|p1a: Darkrai|Dark Pulse|p2a: Samurott
|-resisted|p2a: Samurott
|-damage|p2a: Samurott|42/100
|move|p2a: Samurott|Ceaseless Edge|p1a: Darkrai
|-resisted|p1a: Darkrai
|-crit|p1a: Darkrai
|-damage|p1a: Darkrai|0 fnt
|-sidestart|p1: Team BBIO 38|Spikes
|faint|p1a: Darkrai
|
|-heal|p2a: Samurott|48/100|[from] Grassy Terrain
|upkeep
|
|t:|1769441968
|switch|p1a: Blissey|Blissey, F|100/100
|-damage|p1a: Blissey|88/100|[from] Stealth Rock
|-damage|p1a: Blissey|76/100|[from] Spikes
|turn|18
|
|t:|1769441972
|move|p2a: Samurott|Ceaseless Edge|p1a: Blissey
|-damage|p1a: Blissey|25/100
|-sidestart|p1: Team BBIO 38|Spikes
|move|p1a: Blissey|Seismic Toss|p2a: Samurott
|-damage|p2a: Samurott|17/100
|
|-heal|p2a: Samurott|24/100|[from] Grassy Terrain
|-heal|p1a: Blissey|32/100|[from] Grassy Terrain
|-heal|p1a: Blissey|38/100|[from] item: Leftovers
|upkeep
|turn|19
|
|t:|1769441981
|move|p2a: Samurott|Knock Off|p1a: Blissey
|-damage|p1a: Blissey|0 fnt
|-enditem|p1a: Blissey|Leftovers|[from] move: Knock Off|[of] p2a: Samurott
|faint|p1a: Blissey
|
|-heal|p2a: Samurott|30/100|[from] Grassy Terrain
|-fieldend|move: Grassy Terrain
|upkeep
|
|t:|1769441987
|switch|p1a: Mudsdale|Mudsdale, M|63/100
|-damage|p1a: Mudsdale|57/100|[from] Stealth Rock
|-damage|p1a: Mudsdale|41/100|[from] Spikes
|turn|20
|
|t:|1769441997
|move|p2a: Samurott|Flip Turn|p1a: Mudsdale
|-supereffective|p1a: Mudsdale
|-damage|p1a: Mudsdale|0 fnt
|faint|p1a: Mudsdale
|
|t:|1769442001
|switch|p2a: Ogerpon|Ogerpon, F|100/100|[from] Flip Turn
|-damage|p2a: Ogerpon|88/100|[from] Stealth Rock
|
|upkeep
|
|t:|1769442006
|switch|p1a: Alaric|Latias, F|100/100
|-damage|p1a: Alaric|88/100|[from] Stealth Rock
|turn|21
|
|t:|1769442010
|-terastallize|p1a: Alaric|Steel
|move|p1a: Alaric|Calm Mind|p1a: Alaric
|-boost|p1a: Alaric|spa|1
|-boost|p1a: Alaric|spd|1
|move|p2a: Ogerpon|U-turn|p1a: Alaric
|-resisted|p1a: Alaric
|-damage|p1a: Alaric|72/100
|
|t:|1769442014
|switch|p2a: Samurott|Samurott-Hisui, M|30/100|[from] U-turn
|-damage|p2a: Samurott|17/100|[from] Stealth Rock
|
|upkeep
|turn|22
|
|t:|1769442020
|move|p1a: Alaric|Aura Sphere|p2a: Samurott
|-supereffective|p2a: Samurott
|-damage|p2a: Samurott|0 fnt
|faint|p2a: Samurott
|
|upkeep
|c|☆ayush6984|Oh
|c|☆ayush6984|You have speed
|
|t:|1769442030
|switch|p2a: Ogerpon|Ogerpon, F|88/100
|-damage|p2a: Ogerpon|76/100|[from] Stealth Rock
|turn|23
|c|☆Team BBIO 38|yeah
|
|t:|1769442034
|move|p1a: Alaric|Calm Mind|p1a: Alaric
|-boost|p1a: Alaric|spa|1
|-boost|p1a: Alaric|spd|1
|move|p2a: Ogerpon|Superpower|p1a: Alaric
|-supereffective|p1a: Alaric
|-damage|p1a: Alaric|0 fnt
|-unboost|p2a: Ogerpon|atk|1
|-unboost|p2a: Ogerpon|def|1
|faint|p1a: Alaric
|
|win|ayush6984
|raw|Team BBIO 38's rating: 1292 &rarr; <strong>1268</strong><br />(-24 for losing)
|raw|ayush6984's rating: 1302 &rarr; <strong>1321</strong><br />(+19 for winning)
|c|☆Team BBIO 38|gg
|c|☆ayush6984|Gg
|l|☆Team BBIO 38
|player|p1|
|l|☆ayush6984
|player|p2|
