|badge|p2|bronze|gen9ou|100-8
|uhtml|medal-msg|<div class="broadcast-blue">Curious what those medals under the avatar are? PS now has Ladder Seasons! For more information, check out the <a href="https://www.smogon.com/forums/threads/3740067/">thread on Smogon.</a></div>
|j|☆Noamm
|j|☆Eel56
|t:|1769370012
|gametype|singles
|player|p1|Noamm|gambler|1731
|player|p2|Eel56|265|1812
|gen|9
|tier|[Gen 9] OU
|rated|
|rule|HP Percentage Mod: HP is shown in percentages
|rule|Endless Battle Clause: Forcing endless battles is banned
|rule|Species Clause: Limit one of each Pokémon
|rule|OHKO Clause: OHKO moves are banned
|rule|Evasion Items Clause: Evasion items are banned
|rule|Evasion Moves Clause: Evasion moves are banned
|rule|Evasion Abilities Clause: Evasion abilities are banned
|rule|Sleep Moves Clause: Sleep-inducing moves are banned
|clearpoke
|poke|p1|Lokix, M|
|poke|p1|Dragapult, F|
|poke|p1|Slowking-Galar, M|
|poke|p1|Mandibuzz, F|
|poke|p1|Great Tusk|
|poke|p1|Primarina, F|
|poke|p2|Great Tusk|
|poke|p2|Pecharunt|
|poke|p2|Iron Valiant|
|poke|p2|Iron Crown|
|poke|p2|Samurott-Hisui, M|
|poke|p2|Dragonite, M|
|teampreview
|
|t:|1769370029
|teamsize|p1|6
|teamsize|p2|6
|start
|switch|p1a: Kamen Rider SwarmX|Lokix, M, shiny|100/100
|switch|p2a: Iron Valiant|Iron Valiant, shiny|100/100
|turn|1
|
|t:|1769370046
|switch|p1a: Kamen Rider Siren|Primarina, F|100/100
|move|p2a: Iron Valiant|Moonblast|p1a: Kamen Rider Siren
|-crit|p1a: Kamen Rider Siren
|-damage|p1a: Kamen Rider Siren|36/100
|
|upkeep
|turn|2
|
|t:|1769370058
|-end|p2a: Iron Valiant|Quark Drive|[silent]
|switch|p2a: Samurott|Samurott-Hisui, M, shiny|100/100
|switch|p1a: Kamen Rider Burr|Slowking-Galar, M|100/100
|
|upkeep
|turn|3
|
|t:|1769370068
|switch|p1a: Kamen Rider Scaven|Mandibuzz, F|100/100
|move|p2a: Samurott|Ceaseless Edge|p1a: Kamen Rider Scaven
|-resisted|p1a: Kamen Rider Scaven
|-damage|p1a: Kamen Rider Scaven|84/100
|-sidestart|p1: Noamm|Spikes
|
|upkeep
|turn|4
|
|t:|1769370073
|move|p2a: Samurott|Flip Turn|p1a: Kamen Rider Scaven
|-damage|p1a: Kamen Rider Scaven|67/100
|
|t:|1769370078
|switch|p2a: Pecharunt|Pecharunt|100/100|[from] Flip Turn
|move|p1a: Kamen Rider Scaven|Defog|p2a: Pecharunt
|-unboost|p2a: Pecharunt|evasion|1
|-sideend|p1: Noamm|Spikes|[from] move: Defog|[of] p1a: Kamen Rider Scaven
|
|upkeep
|turn|5
|
|t:|1769370082
|switch|p1a: Kamen Rider Burr|Slowking-Galar, M|100/100
|move|p2a: Pecharunt|Malignant Chain|p1a: Kamen Rider Burr
|-resisted|p1a: Kamen Rider Burr
|-damage|p1a: Kamen Rider Burr|91/100
|
|upkeep
|turn|6
|
|t:|1769370086
|move|p2a: Pecharunt|Parting Shot|p1a: Kamen Rider Burr
|-unboost|p1a: Kamen Rider Burr|atk|1
|-unboost|p1a: Kamen Rider Burr|spa|1
|
|t:|1769370104
|switch|p2a: Samurott|Samurott-Hisui, M, shiny|100/100|[from] Parting Shot
|-prepare|p1a: Kamen Rider Burr|Chilly Reception|[premajor]
|move|p1a: Kamen Rider Burr|Chilly Reception|p1a: Kamen Rider Burr
|-weather|Snowscape
|
|t:|1769370107
|switch|p1a: Kamen Rider SwarmX|Lokix, M, shiny|100/100|[from] Chilly Reception
|
|-weather|Snowscape|[upkeep]
|upkeep
|turn|7
|
|t:|1769370113
|switch|p2a: Pecharunt|Pecharunt|100/100
|move|p1a: Kamen Rider SwarmX|U-turn|p2a: Pecharunt
|-resisted|p2a: Pecharunt
|-damage|p2a: Pecharunt|89/100
|-damage|p1a: Kamen Rider SwarmX|84/100|[from] item: Rocky Helmet|[of] p2a: Pecharunt
|
|t:|1769370115
|switch|p1a: Kamen Rider Burr|Slowking-Galar, M|100/100|[from] U-turn
|
|-weather|Snowscape|[upkeep]
|upkeep
|turn|8
|
|t:|1769370122
|move|p2a: Pecharunt|Shadow Ball|p1a: Kamen Rider Burr
|-supereffective|p1a: Kamen Rider Burr
|-damage|p1a: Kamen Rider Burr|73/100
|move|p1a: Kamen Rider Burr|Future Sight|p2a: Pecharunt
|-start|p1a: Kamen Rider Burr|move: Future Sight
|
|-weather|Snowscape|[upkeep]
|upkeep
|turn|9
|
|t:|1769370132
|move|p2a: Pecharunt|Shadow Ball|p1a: Kamen Rider Burr
|-supereffective|p1a: Kamen Rider Burr
|-damage|p1a: Kamen Rider Burr|42/100
|-prepare|p1a: Kamen Rider Burr|Chilly Reception|[premajor]
|move|p1a: Kamen Rider Burr|Chilly Reception|p1a: Kamen Rider Burr
|
|t:|1769370138
|switch|p1a: Kamen Rider Torque|Great Tusk|100/100|[from] Chilly Reception
|
|-weather|Snowscape|[upkeep]
|upkeep
|turn|10
|
|t:|1769370143
|move|p1a: Kamen Rider Torque|Headlong Rush|p2a: Pecharunt
|-supereffective|p2a: Pecharunt
|-damage|p2a: Pecharunt|27/100
|-unboost|p1a: Kamen Rider Torque|def|1
|-unboost|p1a: Kamen Rider Torque|spd|1
|-damage|p1a: Kamen Rider Torque|84/100|[from] item: Rocky Helmet|[of] p2a: Pecharunt
|move|p2a: Pecharunt|Parting Shot|p1a: Kamen Rider Torque
|-unboost|p1a: Kamen Rider Torque|atk|1
|-unboost|p1a: Kamen Rider Torque|spa|1
|
|t:|1769370149
|switch|p2a: Iron Crown|Iron Crown|100/100|[from] Parting Shot
|
|-weather|none
|-end|p2a: Iron Crown|move: Future Sight
|-resisted|p2a: Iron Crown
|-damage|p2a: Iron Crown|93/100
|upkeep
|turn|11
|
|t:|1769370161
|move|p2a: Iron Crown|Tachyon Cutter|p1a: Kamen Rider Torque
|-damage|p1a: Kamen Rider Torque|30/100
|-damage|p1a: Kamen Rider Torque|0 fnt
|faint|p1a: Kamen Rider Torque
|-end|p1a: Kamen Rider Torque|Protosynthesis|[silent]
|-hitcount|p1: Kamen Rider Torque|2
|
|upkeep
|
|t:|1769370165
|switch|p1a: Kamen Rider Shade|Dragapult, F, shiny|100/100
|turn|12
|
|t:|1769370185
|-terastallize|p2a: Iron Crown|Steel
|move|p1a: Kamen Rider Shade|Shadow Ball|p2a: Iron Crown
|-damage|p2a: Iron Crown|56/100
|-unboost|p2a: Iron Crown|spd|1
|move|p2a: Iron Crown|Tachyon Cutter|p1a: Kamen Rider Shade
|-damage|p1a: Kamen Rider Shade|58/100
|-damage|p1a: Kamen Rider Shade|16/100
|-hitcount|p1a: Kamen Rider Shade|2
|
|upkeep
|turn|13
|
|t:|1769370196
|switch|p1a: Kamen Rider Burr|Slowking-Galar, M|75/100
|-end|p2a: Iron Crown|Quark Drive|[silent]
|switch|p2a: Samurott|Samurott-Hisui, M, shiny|100/100
|
|upkeep
|turn|14
|
|t:|1769370202
|switch|p1a: Kamen Rider Scaven|Mandibuzz, F|67/100
|move|p2a: Samurott|Flip Turn|p1a: Kamen Rider Scaven
|-damage|p1a: Kamen Rider Scaven|49/100
|
|t:|1769370207
|switch|p2a: Iron Crown|Iron Crown, tera:Steel|56/100|[from] Flip Turn
|
|upkeep
|turn|15
|
|t:|1769370212
|switch|p1a: Kamen Rider Burr|Slowking-Galar, M|100/100
|move|p2a: Iron Crown|Tachyon Cutter|p1a: Kamen Rider Burr
|-damage|p1a: Kamen Rider Burr|82/100
|-damage|p1a: Kamen Rider Burr|61/100
|-hitcount|p1a: Kamen Rider Burr|2
|
|upkeep
|turn|16
|
|t:|1769370217
|move|p2a: Iron Crown|Volt Switch|p1a: Kamen Rider Burr
|-damage|p1a: Kamen Rider Burr|48/100
|
|t:|1769370223
|-end|p2a: Iron Crown|Quark Drive|[silent]
|switch|p2a: Samurott|Samurott-Hisui, M, shiny|100/100|[from] Volt Switch
|-prepare|p1a: Kamen Rider Burr|Chilly Reception|[premajor]
|move|p1a: Kamen Rider Burr|Chilly Reception|p1a: Kamen Rider Burr
|-weather|Snowscape
|
|t:|1769370224
|switch|p1a: Kamen Rider SwarmX|Lokix, M, shiny|84/100|[from] Chilly Reception
|
|-weather|Snowscape|[upkeep]
|upkeep
|turn|17
|
|t:|1769370231
|switch|p2a: Pecharunt|Pecharunt|27/100
|move|p1a: Kamen Rider SwarmX|U-turn|p2a: Pecharunt
|-resisted|p2a: Pecharunt
|-damage|p2a: Pecharunt|15/100
|-damage|p1a: Kamen Rider SwarmX|67/100|[from] item: Rocky Helmet|[of] p2a: Pecharunt
|
|t:|1769370235
|switch|p1a: Kamen Rider Shade|Dragapult, F, shiny|16/100|[from] U-turn
|
|-weather|Snowscape|[upkeep]
|upkeep
|turn|18
|
|t:|1769370241
|move|p1a: Kamen Rider Shade|Shadow Ball|p2a: Pecharunt
|-supereffective|p2a: Pecharunt
|-damage|p2a: Pecharunt|0 fnt
|faint|p2a: Pecharunt
|
|-weather|Snowscape|[upkeep]
|upkeep
|
|t:|1769370246
|switch|p2a: Samurott|Samurott-Hisui, M, shiny|100/100
|turn|19
|
|t:|1769370256
|switch|p1a: Kamen Rider Siren|Primarina, F|36/100
|move|p2a: Samurott|Flip Turn|p1a: Kamen Rider Siren
|-resisted|p1a: Kamen Rider Siren
|-damage|p1a: Kamen Rider Siren|13/100
|
|t:|1769370266
|switch|p2a: Iron Crown|Iron Crown, tera:Steel|56/100|[from] Flip Turn
|
|-weather|Snowscape|[upkeep]
|upkeep
|turn|20
|
|t:|1769370270
|move|p2a: Iron Crown|Tachyon Cutter|p1a: Kamen Rider Siren
|-damage|p1a: Kamen Rider Siren|0 fnt
|faint|p1a: Kamen Rider Siren
|-hitcount|p1: Kamen Rider Siren|1
|
|-weather|none
|upkeep
|
|t:|1769370272
|switch|p1a: Kamen Rider SwarmX|Lokix, M, shiny|67/100
|turn|21
|
|t:|1769370280
|-end|p2a: Iron Crown|Quark Drive|[silent]
|switch|p2a: Dragonite|Dragonite, M, shiny|100/100
|-terastallize|p1a: Kamen Rider SwarmX|Bug
|move|p1a: Kamen Rider SwarmX|U-turn|p2a: Dragonite
|-resisted|p2a: Dragonite
|-damage|p2a: Dragonite|62/100
|
|t:|1769370283
|switch|p1a: Kamen Rider Scaven|Mandibuzz, F|49/100|[from] U-turn
|
|upkeep
|turn|22
|
|t:|1769370297
|move|p2a: Dragonite|Roost|p2a: Dragonite
|-heal|p2a: Dragonite|100/100
|-singleturn|p2a: Dragonite|move: Roost
|move|p1a: Kamen Rider Scaven|Roost|p1a: Kamen Rider Scaven
|-heal|p1a: Kamen Rider Scaven|99/100
|-singleturn|p1a: Kamen Rider Scaven|move: Roost
|
|upkeep
|turn|23
|
|t:|1769370309
|switch|p2a: Iron Valiant|Iron Valiant, shiny|100/100
|move|p1a: Kamen Rider Scaven|Foul Play|p2a: Iron Valiant
|-resisted|p2a: Iron Valiant
|-damage|p2a: Iron Valiant|90/100
|
|upkeep
|turn|24
|
|t:|1769370321
|switch|p1a: Kamen Rider Burr|Slowking-Galar, M|81/100
|move|p2a: Iron Valiant|Shadow Ball|p1a: Kamen Rider Burr
|-supereffective|p1a: Kamen Rider Burr
|-damage|p1a: Kamen Rider Burr|32/100
|
|upkeep
|turn|25
|
|t:|1769370332
|-end|p2a: Iron Valiant|Quark Drive|[silent]
|switch|p2a: Iron Crown|Iron Crown, tera:Steel|56/100
|-prepare|p1a: Kamen Rider Burr|Chilly Reception|[premajor]
|move|p1a: Kamen Rider Burr|Chilly Reception|p1a: Kamen Rider Burr
|-weather|Snowscape
|
|t:|1769370337
|switch|p1a: Kamen Rider Shade|Dragapult, F, shiny|16/100|[from] Chilly Reception
|
|-weather|Snowscape|[upkeep]
|upkeep
|turn|26
|
|t:|1769370346
|-end|p2a: Iron Crown|Quark Drive|[silent]
|switch|p2a: Samurott|Samurott-Hisui, M, shiny|100/100
|move|p1a: Kamen Rider Shade|U-turn|p2a: Samurott
|-supereffective|p2a: Samurott
|-damage|p2a: Samurott|54/100
|
|t:|1769370348
|switch|p1a: Kamen Rider SwarmX|Lokix, M, shiny, tera:Bug|67/100|[from] U-turn
|
|-weather|Snowscape|[upkeep]
|upkeep
|turn|27
|
|t:|1769370352
|switch|p2a: Dragonite|Dragonite, M, shiny|100/100
|move|p1a: Kamen Rider SwarmX|U-turn|p2a: Dragonite
|-resisted|p2a: Dragonite
|-damage|p2a: Dragonite|65/100
|
|t:|1769370382
|switch|p1a: Kamen Rider Shade|Dragapult, F, shiny|16/100|[from] U-turn
|
|-weather|Snowscape|[upkeep]
|upkeep
|turn|28
|inactive|Battle timer is ON: inactive players will automatically lose when time's up. (requested by Eel56)
|
|t:|1769370394
|switch|p2a: Samurott|Samurott-Hisui, M, shiny|54/100
|move|p1a: Kamen Rider Shade|Draco Meteor|p2a: Samurott
|-damage|p2a: Samurott|0 fnt
|-unboost|p1a: Kamen Rider Shade|spa|2
|faint|p2a: Samurott
|
|-weather|Snowscape|[upkeep]
|upkeep
|
|t:|1769370411
|switch|p2a: Iron Crown|Iron Crown, tera:Steel|56/100
|turn|29
|
|t:|1769370414
|switch|p1a: Kamen Rider Burr|Slowking-Galar, M|65/100
|move|p2a: Iron Crown|Volt Switch|p1a: Kamen Rider Burr
|-damage|p1a: Kamen Rider Burr|52/100
|
|t:|1769370418
|-end|p2a: Iron Crown|Quark Drive|[silent]
|switch|p2a: Great Tusk|Great Tusk, shiny|100/100|[from] Volt Switch
|
|-weather|none
|upkeep
|turn|30
|
|t:|1769370423
|switch|p1a: Kamen Rider Scaven|Mandibuzz, F|99/100
|move|p2a: Great Tusk|Ice Spinner|p1a: Kamen Rider Scaven
|-supereffective|p1a: Kamen Rider Scaven
|-damage|p1a: Kamen Rider Scaven|67/100
|
|upkeep
|turn|31
|
|t:|1769370433
|-end|p2a: Great Tusk|Protosynthesis|[silent]
|switch|p2a: Iron Valiant|Iron Valiant, shiny|90/100
|move|p1a: Kamen Rider Scaven|Roost|p1a: Kamen Rider Scaven
|-heal|p1a: Kamen Rider Scaven|100/100
|-singleturn|p1a: Kamen Rider Scaven|move: Roost
|
|upkeep
|turn|32
|
|t:|1769370442
|switch|p1a: Kamen Rider Burr|Slowking-Galar, M|85/100
|move|p2a: Iron Valiant|Moonblast|p1a: Kamen Rider Burr
|-resisted|p1a: Kamen Rider Burr
|-damage|p1a: Kamen Rider Burr|66/100
|
|upkeep
|turn|33
|
|t:|1769370452
|-end|p2a: Iron Valiant|Quark Drive|[silent]
|switch|p2a: Great Tusk|Great Tusk, shiny|100/100
|move|p1a: Kamen Rider Burr|Future Sight|p2a: Great Tusk
|-start|p1a: Kamen Rider Burr|move: Future Sight
|
|upkeep
|turn|34
|
|t:|1769370457
|switch|p1a: Kamen Rider Scaven|Mandibuzz, F|100/100
|move|p2a: Great Tusk|Stealth Rock|p1a: Kamen Rider Scaven
|-sidestart|p1: Noamm|move: Stealth Rock
|
|upkeep
|turn|35
|
|t:|1769370466
|-end|p2a: Great Tusk|Protosynthesis|[silent]
|switch|p2a: Iron Crown|Iron Crown, tera:Steel|56/100
|move|p1a: Kamen Rider Scaven|Foul Play|p2a: Iron Crown
|-damage|p2a: Iron Crown|33/100
|
|-end|p2a: Iron Crown|move: Future Sight
|-resisted|p2a: Iron Crown
|-damage|p2a: Iron Crown|17/100
|upkeep
|turn|36
|
|t:|1769370474
|move|p2a: Iron Crown|Volt Switch|p1a: Kamen Rider Scaven
|-supereffective|p1a: Kamen Rider Scaven
|-damage|p1a: Kamen Rider Scaven|61/100
|
|t:|1769370477
|-end|p2a: Iron Crown|Quark Drive|[silent]
|switch|p2a: Iron Valiant|Iron Valiant, shiny|90/100|[from] Volt Switch
|move|p1a: Kamen Rider Scaven|Foul Play|p2a: Iron Valiant
|-resisted|p2a: Iron Valiant
|-damage|p2a: Iron Valiant|79/100
|
|upkeep
|turn|37
|
|t:|1769370490
|switch|p1a: Kamen Rider Burr|Slowking-Galar, M|99/100
|move|p2a: Iron Valiant|Shadow Ball|p1a: Kamen Rider Burr
|-supereffective|p1a: Kamen Rider Burr
|-damage|p1a: Kamen Rider Burr|56/100
|
|upkeep
|turn|38
|
|t:|1769370498
|move|p2a: Iron Valiant|Shadow Ball|p1a: Kamen Rider Burr
|-supereffective|p1a: Kamen Rider Burr
|-damage|p1a: Kamen Rider Burr|7/100
|-prepare|p1a: Kamen Rider Burr|Chilly Reception|[premajor]
|move|p1a: Kamen Rider Burr|Chilly Reception|p1a: Kamen Rider Burr
|-weather|Snowscape
|
|t:|1769370503
|switch|p1a: Kamen Rider Shade|Dragapult, F, shiny|16/100|[from] Chilly Reception
|-damage|p1a: Kamen Rider Shade|4/100|[from] Stealth Rock
|
|-weather|Snowscape|[upkeep]
|upkeep
|turn|39
|inactive|Eel56 has 120 seconds left.
|
|t:|1769370541
|-end|p2a: Iron Valiant|Quark Drive|[silent]
|switch|p2a: Iron Crown|Iron Crown, tera:Steel|17/100
|move|p1a: Kamen Rider Shade|Shadow Ball|p2a: Iron Crown
|-damage|p2a: Iron Crown|0 fnt
|faint|p2a: Iron Crown
|-end|p2a: Iron Crown|Quark Drive|[silent]
|
|-weather|Snowscape|[upkeep]
|upkeep
|
|t:|1769370548
|switch|p2a: Great Tusk|Great Tusk, shiny|100/100
|turn|40
|
|t:|1769370555
|switch|p1a: Kamen Rider Scaven|Mandibuzz, F|61/100
|move|p2a: Great Tusk|Ice Spinner|p1a: Kamen Rider Scaven
|-supereffective|p1a: Kamen Rider Scaven
|-damage|p1a: Kamen Rider Scaven|31/100
|
|-weather|Snowscape|[upkeep]
|upkeep
|turn|41
|inactive|Eel56 has 120 seconds left.
|
|t:|1769370586
|move|p2a: Great Tusk|Ice Spinner|p1a: Kamen Rider Scaven
|-supereffective|p1a: Kamen Rider Scaven
|-damage|p1a: Kamen Rider Scaven|0 fnt
|faint|p1a: Kamen Rider Scaven
|
|-weather|Snowscape|[upkeep]
|upkeep
|
|t:|1769370593
|switch|p1a: Kamen Rider SwarmX|Lokix, M, shiny, tera:Bug|67/100
|-damage|p1a: Kamen Rider SwarmX|43/100|[from] Stealth Rock
|turn|42
|
|t:|1769370602
|-end|p2a: Great Tusk|Protosynthesis|[silent]
|switch|p2a: Dragonite|Dragonite, M, shiny|65/100
|move|p1a: Kamen Rider SwarmX|Leech Life|p2a: Dragonite
|-resisted|p2a: Dragonite
|-damage|p2a: Dragonite|0 fnt
|-heal|p1a: Kamen Rider SwarmX|79/100|[from] drain|[of] p2a: Dragonite
|faint|p2a: Dragonite
|
|-weather|none
|upkeep
|
|t:|1769370609
|switch|p2a: Iron Valiant|Iron Valiant, shiny|79/100
|turn|43
|
|t:|1769370617
|switch|p1a: Kamen Rider Shade|Dragapult, F, shiny|4/100
|-damage|p1a: Kamen Rider Shade|0 fnt|[from] Stealth Rock
|faint|p1a: Kamen Rider Shade
|move|p2a: Iron Valiant|Shadow Ball|p1: Kamen Rider Shade|[notarget]
|-fail|p2a: Iron Valiant
|
|upkeep
|
|t:|1769370645
|switch|p1a: Kamen Rider Burr|Slowking-Galar, M|40/100
|turn|44
|l|☆Eel56
|inactive|Eel56 disconnected and has a minute to reconnect!
|player|p2|
|j|☆Eel56
|inactive|Eel56 reconnected and has 135 seconds left.
|player|p2|Eel56|265|
|
|t:|1769370658
|switch|p1a: Kamen Rider SwarmX|Lokix, M, shiny, tera:Bug|79/100
|-damage|p1a: Kamen Rider SwarmX|55/100|[from] Stealth Rock
|move|p2a: Iron Valiant|Shadow Ball|p1a: Kamen Rider SwarmX
|-damage|p1a: Kamen Rider SwarmX|0 fnt
|faint|p1a: Kamen Rider SwarmX
|
|upkeep
|
|t:|1769370666
|switch|p1a: Kamen Rider Burr|Slowking-Galar, M|74/100
|turn|45
|
|t:|1769370675
|move|p2a: Iron Valiant|Shadow Ball|p1a: Kamen Rider Burr
|-supereffective|p1a: Kamen Rider Burr
|-damage|p1a: Kamen Rider Burr|26/100
|move|p1a: Kamen Rider Burr|Sludge Bomb|p2a: Iron Valiant
|-supereffective|p2a: Iron Valiant
|-crit|p2a: Iron Valiant
|-damage|p2a: Iron Valiant|0 fnt
|faint|p2a: Iron Valiant
|-end|p2a: Iron Valiant|Quark Drive|[silent]
|
|upkeep
|j| double lead paint
|
|t:|1769370678
|switch|p2a: Great Tusk|Great Tusk, shiny|100/100
|turn|46
|c|☆Eel56|gg
|
|t:|1769370686
|move|p2a: Great Tusk|Headlong Rush|p1a: Kamen Rider Burr
|-supereffective|p1a: Kamen Rider Burr
|-crit|p1a: Kamen Rider Burr
|-damage|p1a: Kamen Rider Burr|0 fnt
|-unboost|p2a: Great Tusk|def|1
|-unboost|p2a: Great Tusk|spd|1
|faint|p1a: Kamen Rider Burr
|
|win|Eel56
|raw|Noamm's rating: 1731 &rarr; <strong>1716</strong><br />(-15 for losing)
|raw|Eel56's rating: 1812 &rarr; <strong>1827</strong><br />(+15 for winning)
|c|☆Noamm|Gg
|l| double lead paint
|l|☆Eel56
|player|p2|
|l|☆Noamm
|player|p1|
