|j|☆CambridgeFoulPlay
|j|☆Eel56
|t:|1769371218
|gametype|singles
|player|p1|CambridgeFoulPlay|266|1729
|player|p2|Eel56|265|1804
|gen|9
|tier|[Gen 9] OU
|rated|
|rule|HP Percentage Mod: HP is shown in percentages
|rule|Endless Battle Clause: Forcing endless battles is banned
|rule|Species Clause: Limit one of each Pokémon
|rule|OHKO Clause: OHKO moves are banned
|rule|Evasion Items Clause: Evasion items are banned
|rule|Evasion Moves Clause: Evasion moves are banned
|rule|Evasion Abilities Clause: Evasion abilities are banned
|rule|Sleep Moves Clause: Sleep-inducing moves are banned
|clearpoke
|poke|p1|Hydrapple, M|
|poke|p1|Tyranitar, F|
|poke|p1|Moltres|
|poke|p1|Zamazenta-*|
|poke|p1|Slowking-Galar, M|
|poke|p1|Excadrill, F|
|poke|p2|Great Tusk|
|poke|p2|Pecharunt|
|poke|p2|Iron Valiant|
|poke|p2|Iron Crown|
|poke|p2|Samurott-Hisui, M|
|poke|p2|Dragonite, M|
|teampreview
|c|☆CambridgeFoulPlay|hf
|inactive|Battle timer is ON: inactive players will automatically lose when time's up. (requested by CambridgeFoulPlay)
|j| shedtailhater
|l| shedtailhater
|
|t:|1769371237
|teamsize|p1|6
|teamsize|p2|6
|start
|switch|p1a: Tyranitar|Tyranitar, F|100/100
|switch|p2a: Great Tusk|Great Tusk, shiny|100/100
|-weather|Sandstorm|[from] ability: Sand Stream|[of] p1a: Tyranitar
|turn|1
|
|t:|1769371241
|switch|p1a: Hydrapple|Hydrapple, M|100/100
|move|p2a: Great Tusk|Stealth Rock|p1a: Hydrapple
|-sidestart|p1: CambridgeFoulPlay|move: Stealth Rock
|
|-weather|Sandstorm|[upkeep]
|-damage|p1a: Hydrapple|94/100|[from] Sandstorm
|upkeep
|turn|2
|
|t:|1769371250
|-end|p2a: Great Tusk|Protosynthesis|[silent]
|switch|p2a: Iron Crown|Iron Crown|100/100
|move|p1a: Hydrapple|Giga Drain|p2a: Iron Crown
|-resisted|p2a: Iron Crown
|-damage|p2a: Iron Crown|89/100
|-heal|p1a: Hydrapple|99/100|[from] drain|[of] p2a: Iron Crown
|
|-weather|Sandstorm|[upkeep]
|-damage|p1a: Hydrapple|93/100|[from] Sandstorm
|upkeep
|turn|3
|
|t:|1769371269
|switch|p1a: Excadrill|Excadrill, F|100/100
|-damage|p1a: Excadrill|97/100|[from] Stealth Rock
|-item|p1a: Excadrill|Air Balloon
|move|p2a: Iron Crown|Tachyon Cutter|p1a: Excadrill
|-resisted|p1a: Excadrill
|-damage|p1a: Excadrill|80/100
|-enditem|p1a: Excadrill|Air Balloon
|-resisted|p1a: Excadrill
|-damage|p1a: Excadrill|63/100
|-hitcount|p1a: Excadrill|2
|
|-weather|Sandstorm|[upkeep]
|upkeep
|turn|4
|
|t:|1769371283
|-end|p2a: Iron Crown|Quark Drive|[silent]
|switch|p2a: Iron Valiant|Iron Valiant, shiny|100/100
|move|p1a: Excadrill|Rapid Spin|p2a: Iron Valiant
|-damage|p2a: Iron Valiant|78/100
|-boost|p1a: Excadrill|spe|1
|-sideend|p1: CambridgeFoulPlay|Stealth Rock|[from] move: Rapid Spin|[of] p1a: Excadrill
|
|-weather|Sandstorm|[upkeep]
|-damage|p2a: Iron Valiant|72/100|[from] Sandstorm
|upkeep
|turn|5
|
|t:|1769371288
|move|p2a: Iron Valiant|Vacuum Wave|p1a: Excadrill
|-supereffective|p1a: Excadrill
|-damage|p1a: Excadrill|0 fnt
|faint|p1a: Excadrill
|
|-weather|Sandstorm|[upkeep]
|-damage|p2a: Iron Valiant|66/100|[from] Sandstorm
|upkeep
|
|t:|1769371291
|switch|p1a: Hydrapple|Hydrapple, M|100/100
|turn|6
|
|t:|1769371304
|-end|p2a: Iron Valiant|Quark Drive|[silent]
|switch|p2a: Iron Crown|Iron Crown|89/100
|move|p1a: Hydrapple|Nasty Plot|p1a: Hydrapple
|-boost|p1a: Hydrapple|spa|2
|
|-weather|Sandstorm|[upkeep]
|-damage|p1a: Hydrapple|94/100|[from] Sandstorm
|upkeep
|turn|7
|
|t:|1769371331
|move|p2a: Iron Crown|Tachyon Cutter|p1a: Hydrapple
|-damage|p1a: Hydrapple|70/100
|-damage|p1a: Hydrapple|44/100
|-hitcount|p1a: Hydrapple|2
|move|p1a: Hydrapple|Earth Power|p2a: Iron Crown
|-supereffective|p2a: Iron Crown
|-damage|p2a: Iron Crown|21/100
|
|-weather|Sandstorm|[upkeep]
|-damage|p1a: Hydrapple|38/100|[from] Sandstorm
|upkeep
|turn|8
|
|t:|1769371342
|switch|p1a: Slowking|Slowking-Galar, M|100/100
|move|p2a: Iron Crown|Volt Switch|p1a: Slowking
|-damage|p1a: Slowking|88/100
|
|t:|1769371347
|-end|p2a: Iron Crown|Quark Drive|[silent]
|switch|p2a: Samurott|Samurott-Hisui, M, shiny|100/100|[from] Volt Switch
|
|-weather|none
|upkeep
|turn|9
|
|t:|1769371351
|switch|p1a: Hydrapple|Hydrapple, M|71/100
|move|p2a: Samurott|Ceaseless Edge|p1a: Hydrapple
|-damage|p1a: Hydrapple|35/100
|-sidestart|p1: CambridgeFoulPlay|Spikes
|
|upkeep
|turn|10
|
|t:|1769371356
|switch|p1a: Zamazenta|Zamazenta|100/100
|-damage|p1a: Zamazenta|88/100|[from] Spikes
|-ability|p1a: Zamazenta|Dauntless Shield|boost
|-boost|p1a: Zamazenta|def|1
|move|p2a: Samurott|Knock Off|p1a: Zamazenta
|-resisted|p1a: Zamazenta
|-damage|p1a: Zamazenta|72/100
|-enditem|p1a: Zamazenta|Leftovers|[from] move: Knock Off|[of] p2a: Samurott
|
|upkeep
|turn|11
|
|t:|1769371359
|switch|p2a: Pecharunt|Pecharunt|100/100
|move|p1a: Zamazenta|Roar|p2a: Pecharunt
|drag|p2a: Iron Crown|Iron Crown|21/100
|
|upkeep
|turn|12
|
|t:|1769371362
|-end|p2a: Iron Crown|Quark Drive|[silent]
|switch|p2a: Pecharunt|Pecharunt|100/100
|move|p1a: Zamazenta|Crunch|p2a: Pecharunt
|-supereffective|p2a: Pecharunt
|-damage|p2a: Pecharunt|80/100
|-damage|p1a: Zamazenta|56/100|[from] item: Rocky Helmet|[of] p2a: Pecharunt
|
|upkeep
|turn|13
|
|t:|1769371366
|switch|p1a: Slowking|Slowking-Galar, M|100/100
|-damage|p1a: Slowking|88/100|[from] Spikes
|move|p2a: Pecharunt|Shadow Ball|p1a: Slowking
|-supereffective|p1a: Slowking
|-damage|p1a: Slowking|61/100
|
|upkeep
|turn|14
|
|t:|1769371372
|switch|p1a: Tyranitar|Tyranitar, F|100/100
|-damage|p1a: Tyranitar|88/100|[from] Spikes
|-weather|Sandstorm|[from] ability: Sand Stream|[of] p1a: Tyranitar
|move|p2a: Pecharunt|Parting Shot|p1a: Tyranitar
|-unboost|p1a: Tyranitar|atk|1
|-unboost|p1a: Tyranitar|spa|1
|
|t:|1769371374
|switch|p2a: Great Tusk|Great Tusk, shiny|100/100|[from] Parting Shot
|
|-weather|Sandstorm|[upkeep]
|upkeep
|turn|15
|
|t:|1769371376
|switch|p1a: Hydrapple|Hydrapple, M|68/100
|move|p2a: Great Tusk|Stealth Rock|p1a: Hydrapple
|-sidestart|p1: CambridgeFoulPlay|move: Stealth Rock
|
|-weather|Sandstorm|[upkeep]
|-damage|p1a: Hydrapple|62/100|[from] Sandstorm
|upkeep
|turn|16
|j| Fifo drummer
|
|t:|1769371392
|-end|p2a: Great Tusk|Protosynthesis|[silent]
|switch|p2a: Iron Crown|Iron Crown|21/100
|move|p1a: Hydrapple|Earth Power|p2a: Iron Crown
|-supereffective|p2a: Iron Crown
|-damage|p2a: Iron Crown|0 fnt
|faint|p2a: Iron Crown
|-end|p2a: Iron Crown|Quark Drive|[silent]
|
|-weather|Sandstorm|[upkeep]
|-damage|p1a: Hydrapple|56/100|[from] Sandstorm
|upkeep
|j| shedtailhater
|
|t:|1769371409
|switch|p2a: Dragonite|Dragonite, M, shiny|100/100
|turn|17
|
|t:|1769371422
|switch|p1a: Moltres|Moltres|100/100
|-terastallize|p2a: Dragonite|Flying
|move|p2a: Dragonite|Tera Blast|p1a: Moltres|[anim] Tera Blast Flying
|-crit|p1a: Moltres
|-damage|p1a: Moltres|41/100
|
|-weather|Sandstorm|[upkeep]
|-damage|p2a: Dragonite|94/100|[from] Sandstorm
|-damage|p1a: Moltres|35/100|[from] Sandstorm
|upkeep
|turn|18
|
|t:|1769371426
|switch|p1a: Tyranitar|Tyranitar, F|88/100
|-damage|p1a: Tyranitar|76/100|[from] Spikes
|-damage|p1a: Tyranitar|63/100|[from] Stealth Rock
|move|p2a: Dragonite|Tera Blast|p1a: Tyranitar|[anim] Tera Blast Flying
|-resisted|p1a: Tyranitar
|-crit|p1a: Tyranitar
|-damage|p1a: Tyranitar|28/100
|
|-weather|Sandstorm|[upkeep]
|-damage|p2a: Dragonite|88/100|[from] Sandstorm
|upkeep
|turn|19
|
|t:|1769371431
|-terastallize|p1a: Tyranitar|Flying
|move|p2a: Dragonite|Earthquake|p1a: Tyranitar
|-immune|p1a: Tyranitar
|move|p1a: Tyranitar|Knock Off|p2a: Dragonite
|-damage|p2a: Dragonite|39/100
|-enditem|p2a: Dragonite|Heavy-Duty Boots|[from] move: Knock Off|[of] p1a: Tyranitar
|
|-weather|Sandstorm|[upkeep]
|-damage|p2a: Dragonite|33/100|[from] Sandstorm
|-damage|p1a: Tyranitar|21/100|[from] Sandstorm
|upkeep
|turn|20
|
|t:|1769371436
|move|p2a: Dragonite|Tera Blast|p1a: Tyranitar|[anim] Tera Blast Flying
|-damage|p1a: Tyranitar|0 fnt
|faint|p1a: Tyranitar
|
|-weather|Sandstorm|[upkeep]
|-damage|p2a: Dragonite|27/100|[from] Sandstorm
|upkeep
|
|t:|1769371439
|switch|p1a: Zamazenta|Zamazenta|56/100
|-damage|p1a: Zamazenta|44/100|[from] Spikes
|-damage|p1a: Zamazenta|37/100|[from] Stealth Rock
|turn|21
|l| Fifo drummer
|
|t:|1769371459
|switch|p2a: Iron Valiant|Iron Valiant, shiny|66/100
|move|p1a: Zamazenta|Crunch|p2a: Iron Valiant
|-resisted|p2a: Iron Valiant
|-damage|p2a: Iron Valiant|59/100
|
|-weather|none
|upkeep
|turn|22
|
|t:|1769371463
|move|p1a: Zamazenta|Body Press|p2a: Iron Valiant
|-resisted|p2a: Iron Valiant
|-damage|p2a: Iron Valiant|35/100
|move|p2a: Iron Valiant|Shadow Ball|p1a: Zamazenta
|-damage|p1a: Zamazenta|0 fnt
|faint|p1a: Zamazenta
|
|upkeep
|
|t:|1769371466
|switch|p1a: Slowking|Slowking-Galar, M|94/100
|-damage|p1a: Slowking|81/100|[from] Spikes
|-damage|p1a: Slowking|69/100|[from] Stealth Rock
|turn|23
|
|t:|1769371477
|-end|p2a: Iron Valiant|Quark Drive|[silent]
|switch|p2a: Samurott|Samurott-Hisui, M, shiny|100/100
|move|p1a: Slowking|Flamethrower|p2a: Samurott
|-resisted|p2a: Samurott
|-damage|p2a: Samurott|84/100
|
|upkeep
|turn|24
|
|t:|1769371485
|switch|p1a: Moltres|Moltres|35/100
|move|p2a: Samurott|Knock Off|p1a: Moltres
|-damage|p1a: Moltres|0 fnt
|-enditem|p1a: Moltres|Heavy-Duty Boots|[from] move: Knock Off|[of] p2a: Samurott
|faint|p1a: Moltres
|
|upkeep
|
|t:|1769371488
|switch|p1a: Hydrapple|Hydrapple, M|89/100
|turn|25
|
|t:|1769371496
|move|p2a: Samurott|Flip Turn|p1a: Hydrapple
|-resisted|p1a: Hydrapple
|-damage|p1a: Hydrapple|84/100
|
|t:|1769371499
|switch|p2a: Pecharunt|Pecharunt|80/100|[from] Flip Turn
|move|p1a: Hydrapple|Fickle Beam|p2a: Pecharunt
|-damage|p2a: Pecharunt|44/100
|
|upkeep
|turn|26
|
|t:|1769371504
|switch|p1a: Slowking|Slowking-Galar, M|100/100
|-damage|p1a: Slowking|88/100|[from] Spikes
|-damage|p1a: Slowking|76/100|[from] Stealth Rock
|move|p2a: Pecharunt|Malignant Chain|p1a: Slowking
|-resisted|p1a: Slowking
|-damage|p1a: Slowking|68/100
|
|upkeep
|turn|27
|l| shedtailhater
|
|t:|1769371508
|move|p2a: Pecharunt|Shadow Ball|p1a: Slowking
|-supereffective|p1a: Slowking
|-damage|p1a: Slowking|41/100
|-unboost|p1a: Slowking|spd|1
|move|p1a: Slowking|Ice Beam|p2a: Pecharunt
|-damage|p2a: Pecharunt|23/100
|
|upkeep
|turn|28
|
|t:|1769371510
|move|p2a: Pecharunt|Shadow Ball|p1a: Slowking
|-supereffective|p1a: Slowking
|-damage|p1a: Slowking|3/100
|move|p1a: Slowking|Ice Beam|p2a: Pecharunt
|-damage|p2a: Pecharunt|2/100
|-status|p2a: Pecharunt|frz
|
|upkeep
|turn|29
|
|t:|1769371515
|switch|p1a: Hydrapple|Hydrapple, M|100/100
|cant|p2a: Pecharunt|frz
|
|upkeep
|turn|30
|
|t:|1769371516
|switch|p1a: Slowking|Slowking-Galar, M|36/100
|-damage|p1a: Slowking|24/100|[from] Spikes
|-damage|p1a: Slowking|11/100|[from] Stealth Rock
|-curestatus|p2a: Pecharunt|frz|[msg]
|move|p2a: Pecharunt|Malignant Chain|p1a: Slowking
|-resisted|p1a: Slowking
|-damage|p1a: Slowking|2/100
|
|upkeep
|turn|31
|
|t:|1769371521
|switch|p1a: Hydrapple|Hydrapple, M|100/100
|move|p2a: Pecharunt|Shadow Ball|p1a: Hydrapple
|-damage|p1a: Hydrapple|74/100
|
|upkeep
|turn|32
|
|t:|1769371523
|switch|p1a: Slowking|Slowking-Galar, M|36/100
|-damage|p1a: Slowking|23/100|[from] Spikes
|-damage|p1a: Slowking|11/100|[from] Stealth Rock
|move|p2a: Pecharunt|Malignant Chain|p1a: Slowking
|-resisted|p1a: Slowking
|-damage|p1a: Slowking|2/100
|
|upkeep
|turn|33
|
|t:|1769371524
|switch|p1a: Hydrapple|Hydrapple, M|100/100
|move|p2a: Pecharunt|Malignant Chain|p1a: Hydrapple
|-supereffective|p1a: Hydrapple
|-damage|p1a: Hydrapple|33/100
|
|upkeep
|turn|34
|
|t:|1769371526
|switch|p1a: Slowking|Slowking-Galar, M|35/100
|-damage|p1a: Slowking|23/100|[from] Spikes
|-damage|p1a: Slowking|10/100|[from] Stealth Rock
|move|p2a: Pecharunt|Malignant Chain|p1a: Slowking
|-resisted|p1a: Slowking
|-damage|p1a: Slowking|2/100
|
|upkeep
|turn|35
|
|t:|1769371527
|switch|p1a: Hydrapple|Hydrapple, M|67/100
|move|p2a: Pecharunt|Malignant Chain|p1a: Hydrapple
|-supereffective|p1a: Hydrapple
|-damage|p1a: Hydrapple|5/100
|
|upkeep
|turn|36
|
|t:|1769371529
|move|p2a: Pecharunt|Malignant Chain|p1a: Hydrapple
|-supereffective|p1a: Hydrapple
|-damage|p1a: Hydrapple|0 fnt
|faint|p1a: Hydrapple
|
|upkeep
|
|t:|1769371530
|switch|p1a: Slowking|Slowking-Galar, M|35/100
|-damage|p1a: Slowking|23/100|[from] Spikes
|-damage|p1a: Slowking|10/100|[from] Stealth Rock
|turn|37
|
|t:|1769371531
|move|p2a: Pecharunt|Shadow Ball|p1a: Slowking
|-supereffective|p1a: Slowking
|-damage|p1a: Slowking|0 fnt
|faint|p1a: Slowking
|
|win|Eel56
|raw|CambridgeFoulPlay's rating: 1729 &rarr; <strong>1713</strong><br />(-16 for losing)
|raw|Eel56's rating: 1804 &rarr; <strong>1820</strong><br />(+16 for winning)
|c|☆CambridgeFoulPlay|gg
