|j|☆HeyIts3E
|j|☆ShaveMyLegHair
|t:|1769307370
|gametype|singles
|player|p1|HeyIts3E|2|1069
|player|p2|ShaveMyLegHair|2|1069
|gen|9
|tier|[Gen 9] OU
|rated|
|rule|HP Percentage Mod: HP is shown in percentages
|rule|Endless Battle Clause: Forcing endless battles is banned
|rule|Species Clause: Limit one of each Pokémon
|rule|OHKO Clause: OHKO moves are banned
|rule|Evasion Items Clause: Evasion items are banned
|rule|Evasion Moves Clause: Evasion moves are banned
|rule|Evasion Abilities Clause: Evasion abilities are banned
|rule|Sleep Moves Clause: Sleep-inducing moves are banned
|clearpoke
|poke|p1|Cetitan, M|
|poke|p1|Alomomola, F|
|poke|p1|Great Tusk|
|poke|p1|Iron Moth|
|poke|p1|Raging Bolt|
|poke|p1|Iron Crown|
|poke|p2|Azumarill, M|
|poke|p2|Rabsca, M|
|poke|p2|Slowking-Galar, M|
|poke|p2|Ditto|
|poke|p2|Ursaluna, M|
|poke|p2|Kingambit, F|
|teampreview
|inactive|Battle timer is ON: inactive players will automatically lose when time's up. (requested by HeyIts3E)
|
|t:|1769307376
|teamsize|p1|6
|teamsize|p2|6
|start
|switch|p1a: Iron Crown|Iron Crown|100/100
|switch|p2a: Azumarill|Azumarill, M|100/100
|turn|1
|
|t:|1769307379
|move|p1a: Iron Crown|Volt Switch|p2a: Azumarill
|-supereffective|p2a: Azumarill
|-damage|p2a: Azumarill|60/100
|
|t:|1769307382
|-end|p1a: Iron Crown|Quark Drive|[silent]
|switch|p1a: Alomomola|Alomomola, F|100/100|[from] Volt Switch
|move|p2a: Azumarill|Knock Off|p1a: Alomomola
|-damage|p1a: Alomomola|70/100
|-enditem|p1a: Alomomola|Assault Vest|[from] move: Knock Off|[of] p2a: Azumarill
|
|upkeep
|turn|2
|
|t:|1769307392
|switch|p2a: Slowking|Slowking-Galar, M|100/100
|move|p1a: Alomomola|Flip Turn|p2a: Slowking
|-damage|p2a: Slowking|82/100
|
|t:|1769307395
|switch|p1a: Great Tusk|Great Tusk|100/100|[from] Flip Turn
|
|upkeep
|turn|3
|
|t:|1769307401
|switch|p2a: Azumarill|Azumarill, M|60/100
|move|p1a: Great Tusk|Headlong Rush|p2a: Azumarill
|-damage|p2a: Azumarill|0 fnt
|-unboost|p1a: Great Tusk|def|1
|-unboost|p1a: Great Tusk|spd|1
|faint|p2a: Azumarill
|
|upkeep
|
|t:|1769307404
|switch|p2a: Slowking|Slowking-Galar, M|100/100
|turn|4
|
|t:|1769307408
|move|p1a: Great Tusk|Headlong Rush|p2a: Slowking
|-supereffective|p2a: Slowking
|-damage|p2a: Slowking|0 fnt
|-unboost|p1a: Great Tusk|def|1
|-unboost|p1a: Great Tusk|spd|1
|faint|p2a: Slowking
|
|upkeep
|
|t:|1769307417
|switch|p2a: Ursaluna|Ursaluna, M|100/100
|turn|5
|
|t:|1769307422
|move|p1a: Great Tusk|Close Combat|p2a: Ursaluna
|-supereffective|p2a: Ursaluna
|-damage|p2a: Ursaluna|13/100
|-unboost|p1a: Great Tusk|def|1
|-unboost|p1a: Great Tusk|spd|1
|move|p2a: Ursaluna|Facade|p1a: Great Tusk
|-damage|p1a: Great Tusk|42/100
|
|-heal|p1a: Great Tusk|48/100|[from] item: Leftovers
|-status|p2a: Ursaluna|brn|[from] item: Flame Orb
|upkeep
|turn|6
|-message|ShaveMyLegHair forfeited.
|
|win|HeyIts3E
|raw|HeyIts3E's rating: 1069 &rarr; <strong>1099</strong><br />(+30 for winning)
|raw|ShaveMyLegHair's rating: 1069 &rarr; <strong>1049</strong><br />(-20 for losing)
|l|☆ShaveMyLegHair
|player|p2|
