|j|☆Oliotus
|j|☆Bleuseil
|t:|1769415061
|gametype|singles
|player|p1|Oliotus|101|1114
|player|p2|Bleuseil|gambler|1069
|gen|9
|tier|[Gen 9] OU
|rated|
|rule|HP Percentage Mod: HP is shown in percentages
|rule|Endless Battle Clause: Forcing endless battles is banned
|rule|Species Clause: Limit one of each Pokémon
|rule|OHKO Clause: OHKO moves are banned
|rule|Evasion Items Clause: Evasion items are banned
|rule|Evasion Moves Clause: Evasion moves are banned
|rule|Evasion Abilities Clause: Evasion abilities are banned
|rule|Sleep Moves Clause: Sleep-inducing moves are banned
|clearpoke
|poke|p1|Exeggutor, M|
|poke|p1|Gholdengo|
|poke|p1|Blissey, F|
|poke|p1|Glimmora, M|
|poke|p1|Slither Wing|
|poke|p1|Darkrai|
|poke|p2|Tyranitar, F|
|poke|p2|Excadrill, F|
|poke|p2|Great Tusk|
|poke|p2|Mamoswine, M|
|poke|p2|Gastrodon, F|
|poke|p2|Corviknight, F|
|teampreview
|
|t:|1769415084
|teamsize|p1|6
|teamsize|p2|6
|start
|switch|p1a: Darkrai|Darkrai, shiny|100/100
|switch|p2a: Gastrodon|Gastrodon, F|100/100
|turn|1
|
|t:|1769415102
|switch|p1a: Glimmora|Glimmora, M, shiny|100/100
|move|p2a: Gastrodon|Earth Power|p1a: Glimmora
|-supereffective|p1a: Glimmora
|-damage|p1a: Glimmora|0 fnt
|faint|p1a: Glimmora
|
|upkeep
|
|t:|1769415111
|switch|p1a: Exeggutor|Exeggutor, M, shiny|100/100
|turn|2
|
|t:|1769415123
|switch|p2a: Corviknight|Corviknight, F|100/100
|-ability|p2a: Corviknight|Pressure
|move|p1a: Exeggutor|Substitute|p1a: Exeggutor
|-start|p1a: Exeggutor|Substitute
|-damage|p1a: Exeggutor|75/100
|
|upkeep
|turn|3
|
|t:|1769415134
|move|p1a: Exeggutor|Protect|p1a: Exeggutor
|-singleturn|p1a: Exeggutor|Protect
|move|p2a: Corviknight|Bulk Up|p2a: Corviknight
|-boost|p2a: Corviknight|atk|1
|-boost|p2a: Corviknight|def|1
|
|upkeep
|turn|4
|
|t:|1769415142
|switch|p1a: Blissey|Blissey, F, shiny|100/100
|move|p2a: Corviknight|Bulk Up|p2a: Corviknight
|-boost|p2a: Corviknight|atk|1
|-boost|p2a: Corviknight|def|1
|
|upkeep
|turn|5
|
|t:|1769415152
|switch|p1a: Gholdengo|Gholdengo|100/100
|move|p2a: Corviknight|Iron Head|p1a: Gholdengo
|-resisted|p1a: Gholdengo
|-damage|p1a: Gholdengo|84/100
|-damage|p2a: Corviknight|84/100|[from] item: Rocky Helmet|[of] p1a: Gholdengo
|
|-heal|p2a: Corviknight|90/100|[from] item: Leftovers
|upkeep
|turn|6
|
|t:|1769415162
|move|p1a: Gholdengo|Thunder Wave|p2a: Corviknight
|-status|p2a: Corviknight|par
|move|p2a: Corviknight|Bulk Up|p2a: Corviknight
|-boost|p2a: Corviknight|atk|1
|-boost|p2a: Corviknight|def|1
|
|-heal|p2a: Corviknight|96/100 par|[from] item: Leftovers
|upkeep
|turn|7
|
|t:|1769415171
|move|p1a: Gholdengo|Hex|p2a: Corviknight
|-damage|p2a: Corviknight|38/100 par
|move|p2a: Corviknight|Bulk Up|p2a: Corviknight
|-boost|p2a: Corviknight|atk|1
|-boost|p2a: Corviknight|def|1
|
|-heal|p2a: Corviknight|44/100 par|[from] item: Leftovers
|upkeep
|turn|8
|
|t:|1769415181
|move|p1a: Gholdengo|Hex|p2a: Corviknight
|-damage|p2a: Corviknight|0 fnt
|faint|p2a: Corviknight
|
|upkeep
|
|t:|1769415190
|switch|p2a: Tyranitar|Tyranitar, F|100/100
|-weather|Sandstorm|[from] ability: Sand Stream|[of] p2a: Tyranitar
|turn|9
|
|t:|1769415200
|move|p1a: Gholdengo|Thunder Wave|p2a: Tyranitar
|-status|p2a: Tyranitar|par
|cant|p2a: Tyranitar|par
|
|-weather|Sandstorm|[upkeep]
|upkeep
|turn|10
|
|t:|1769415207
|move|p1a: Gholdengo|Hex|p2a: Tyranitar
|-resisted|p2a: Tyranitar
|-damage|p2a: Tyranitar|86/100 par
|cant|p2a: Tyranitar|par
|
|-weather|Sandstorm|[upkeep]
|upkeep
|turn|11
|
|t:|1769415225
|switch|p1a: Darkrai|Darkrai, shiny|100/100
|move|p2a: Tyranitar|Fire Punch|p1a: Darkrai
|-damage|p1a: Darkrai|60/100
|
|-weather|Sandstorm|[upkeep]
|-damage|p1a: Darkrai|54/100|[from] Sandstorm
|upkeep
|turn|12
|
|t:|1769415236
|move|p1a: Darkrai|Focus Blast|p2a: Tyranitar
|-supereffective|p2a: Tyranitar
|-damage|p2a: Tyranitar|0 fnt
|faint|p2a: Tyranitar
|
|-weather|Sandstorm|[upkeep]
|-damage|p1a: Darkrai|47/100|[from] Sandstorm
|upkeep
|-message|Bleuseil forfeited.
|
|win|Oliotus
|raw|Oliotus's rating: 1114 &rarr; <strong>1136</strong><br />(+22 for winning)
|raw|Bleuseil's rating: 1069 &rarr; <strong>1051</strong><br />(-18 for losing)
|l|☆Bleuseil
|player|p2|
|l|☆Oliotus
|player|p1|
