|j|☆Grimblez
|j|☆Purpleaxolotl48
|t:|1769361919
|gametype|singles
|player|p1|Grimblez|brawly|1302
|player|p2|Purpleaxolotl48|workerice|1319
|gen|9
|tier|[Gen 9] OU
|rated|
|rule|HP Percentage Mod: HP is shown in percentages
|rule|Endless Battle Clause: Forcing endless battles is banned
|rule|Species Clause: Limit one of each Pokémon
|rule|OHKO Clause: OHKO moves are banned
|rule|Evasion Items Clause: Evasion items are banned
|rule|Evasion Moves Clause: Evasion moves are banned
|rule|Evasion Abilities Clause: Evasion abilities are banned
|rule|Sleep Moves Clause: Sleep-inducing moves are banned
|clearpoke
|poke|p1|Weezing-Galar, M|
|poke|p1|Ting-Lu|
|poke|p1|Gliscor, F|
|poke|p1|Zapdos|
|poke|p1|Dragonite, F|
|poke|p1|Iron Hands|
|poke|p2|Komala, M|
|poke|p2|Swampert, M|
|poke|p2|Whimsicott, F|
|poke|p2|Frosmoth, F|
|poke|p2|Garganacl, F|
|poke|p2|Skeledirge, F|
|teampreview
|
|t:|1769361923
|teamsize|p1|6
|teamsize|p2|6
|start
|switch|p1a: Ting-Lu|Ting-Lu|100/100
|switch|p2a: Tumble|Whimsicott, F|100/100
|-ability|p1a: Ting-Lu|Vessel of Ruin
|turn|1
|inactive|Battle timer is ON: inactive players will automatically lose when time's up. (requested by Grimblez)
|
|t:|1769361928
|move|p2a: Tumble|Moonblast|p1a: Ting-Lu
|-supereffective|p1a: Ting-Lu
|-damage|p1a: Ting-Lu|79/100
|move|p1a: Ting-Lu|Spikes|p2a: Tumble
|-sidestart|p2: Purpleaxolotl48|Spikes
|
|-heal|p1a: Ting-Lu|85/100|[from] item: Leftovers
|upkeep
|turn|2
|
|t:|1769361932
|move|p2a: Tumble|Moonblast|p1a: Ting-Lu
|-supereffective|p1a: Ting-Lu
|-damage|p1a: Ting-Lu|65/100
|move|p1a: Ting-Lu|Spikes|p2a: Tumble
|-sidestart|p2: Purpleaxolotl48|Spikes
|
|-heal|p1a: Ting-Lu|71/100|[from] item: Leftovers
|upkeep
|turn|3
|
|t:|1769361934
|move|p2a: Tumble|Moonblast|p1a: Ting-Lu
|-supereffective|p1a: Ting-Lu
|-damage|p1a: Ting-Lu|49/100
|move|p1a: Ting-Lu|Spikes|p2a: Tumble
|-sidestart|p2: Purpleaxolotl48|Spikes
|
|-heal|p1a: Ting-Lu|55/100|[from] item: Leftovers
|upkeep
|turn|4
|
|t:|1769361937
|move|p2a: Tumble|Moonblast|p1a: Ting-Lu
|-supereffective|p1a: Ting-Lu
|-damage|p1a: Ting-Lu|33/100
|move|p1a: Ting-Lu|Whirlwind|p2a: Tumble
|drag|p2a: Skeledirge|Skeledirge, F|100/100
|
|-heal|p1a: Ting-Lu|39/100|[from] item: Leftovers
|upkeep
|turn|5
|
|t:|1769361940
|move|p2a: Skeledirge|Will-O-Wisp|p1a: Ting-Lu|[miss]
|-miss|p2a: Skeledirge|p1a: Ting-Lu
|move|p1a: Ting-Lu|Earthquake|p2a: Skeledirge
|-supereffective|p2a: Skeledirge
|-damage|p2a: Skeledirge|54/100
|
|-heal|p1a: Ting-Lu|45/100|[from] item: Leftovers
|upkeep
|turn|6
|
|t:|1769361945
|move|p2a: Skeledirge|Will-O-Wisp|p1a: Ting-Lu
|-status|p1a: Ting-Lu|brn
|move|p1a: Ting-Lu|Earthquake|p2a: Skeledirge
|-supereffective|p2a: Skeledirge
|-damage|p2a: Skeledirge|31/100
|
|-heal|p1a: Ting-Lu|51/100 brn|[from] item: Leftovers
|-damage|p1a: Ting-Lu|45/100 brn|[from] brn
|upkeep
|turn|7
|
|t:|1769361947
|move|p2a: Skeledirge|Slack Off|p2a: Skeledirge
|-heal|p2a: Skeledirge|81/100
|move|p1a: Ting-Lu|Earthquake|p2a: Skeledirge
|-supereffective|p2a: Skeledirge
|-damage|p2a: Skeledirge|59/100
|
|-heal|p1a: Ting-Lu|51/100 brn|[from] item: Leftovers
|-damage|p1a: Ting-Lu|45/100 brn|[from] brn
|upkeep
|turn|8
|
|t:|1769361951
|move|p2a: Skeledirge|Torch Song|p1a: Ting-Lu
|-damage|p1a: Ting-Lu|32/100 brn
|-boost|p2a: Skeledirge|spa|1
|move|p1a: Ting-Lu|Whirlwind|p2a: Skeledirge
|drag|p2a: Komala|Komala, M|100/100
|-damage|p2a: Komala|76/100|[from] Spikes
|-ability|p2a: Komala|Comatose
|
|-heal|p2a: Komala|82/100|[from] item: Leftovers
|-heal|p1a: Ting-Lu|38/100 brn|[from] item: Leftovers
|-damage|p1a: Ting-Lu|32/100 brn|[from] brn
|upkeep
|turn|9
|
|t:|1769361954
|move|p2a: Komala|Rapid Spin|p1a: Ting-Lu
|-damage|p1a: Ting-Lu|22/100 brn
|-boost|p2a: Komala|spe|1
|-sideend|p2: Purpleaxolotl48|Spikes|[from] move: Rapid Spin|[of] p2a: Komala
|move|p1a: Ting-Lu|Whirlwind|p2a: Komala
|drag|p2a: Skeledirge|Skeledirge, F|59/100
|
|-heal|p1a: Ting-Lu|28/100 brn|[from] item: Leftovers
|-damage|p1a: Ting-Lu|22/100 brn|[from] brn
|upkeep
|turn|10
|
|t:|1769361958
|move|p2a: Skeledirge|Torch Song|p1a: Ting-Lu
|-crit|p1a: Ting-Lu
|-damage|p1a: Ting-Lu|5/100 brn
|-boost|p2a: Skeledirge|spa|1
|move|p1a: Ting-Lu|Earthquake|p2a: Skeledirge
|-supereffective|p2a: Skeledirge
|-damage|p2a: Skeledirge|37/100
|
|-heal|p1a: Ting-Lu|11/100 brn|[from] item: Leftovers
|-damage|p1a: Ting-Lu|5/100 brn|[from] brn
|upkeep
|turn|11
|
|t:|1769361962
|move|p2a: Skeledirge|Slack Off|p2a: Skeledirge
|-heal|p2a: Skeledirge|87/100
|move|p1a: Ting-Lu|Whirlwind|p2a: Skeledirge
|drag|p2a: Frosmoth|Frosmoth, F|100/100
|
|-heal|p1a: Ting-Lu|11/100 brn|[from] item: Leftovers
|-damage|p1a: Ting-Lu|5/100 brn|[from] brn
|upkeep
|turn|12
|
|t:|1769361966
|move|p2a: Frosmoth|Ice Beam|p1a: Ting-Lu
|-supereffective|p1a: Ting-Lu
|-damage|p1a: Ting-Lu|0 fnt
|faint|p1a: Ting-Lu
|
|upkeep
|
|t:|1769361967
|switch|p1a: Weezing|Weezing-Galar, M|100/100
|-ability|p1a: Weezing|Neutralizing Gas
|turn|13
|
|t:|1769361973
|switch|p2a: Garganacl|Garganacl, F|100/100
|move|p1a: Weezing|Will-O-Wisp|p2a: Garganacl
|-status|p2a: Garganacl|brn
|
|-damage|p2a: Garganacl|94/100 brn|[from] brn
|upkeep
|turn|14
|
|t:|1769361978
|-end|p1a: Weezing|ability: Neutralizing Gas
|switch|p1a: Gliscor|Gliscor, F|100/100
|move|p2a: Garganacl|Salt Cure|p1a: Gliscor
|-damage|p1a: Gliscor|96/100
|-start|p1a: Gliscor|Salt Cure
|
|-damage|p2a: Garganacl|88/100 brn|[from] brn
|-damage|p1a: Gliscor|84/100|[from] Salt Cure
|-status|p1a: Gliscor|tox|[from] item: Toxic Orb
|upkeep
|turn|15
|
|t:|1769361985
|move|p1a: Gliscor|U-turn|p2a: Garganacl
|-damage|p2a: Garganacl|77/100 brn
|-damage|p1a: Gliscor|67/100 tox|[from] item: Rocky Helmet|[of] p2a: Garganacl
|
|t:|1769361989
|switch|p1a: Dragonite|Dragonite, F|100/100|[from] U-turn
|move|p2a: Garganacl|Iron Defense|p2a: Garganacl
|-boost|p2a: Garganacl|def|2
|
|-damage|p2a: Garganacl|71/100 brn|[from] brn
|upkeep
|turn|16
|
|t:|1769361996
|move|p1a: Dragonite|Earthquake|p2a: Garganacl
|-supereffective|p2a: Garganacl
|-damage|p2a: Garganacl|46/100 brn
|move|p2a: Garganacl|Salt Cure|p1a: Dragonite
|-supereffective|p1a: Dragonite
|-damage|p1a: Dragonite|92/100
|-start|p1a: Dragonite|Salt Cure
|
|-damage|p2a: Garganacl|40/100 brn|[from] brn
|-damage|p1a: Dragonite|80/100|[from] Salt Cure
|upkeep
|turn|17
|
|t:|1769362002
|move|p1a: Dragonite|Earthquake|p2a: Garganacl
|-supereffective|p2a: Garganacl
|-damage|p2a: Garganacl|14/100 brn
|move|p2a: Garganacl|Recover|p2a: Garganacl
|-heal|p2a: Garganacl|64/100 brn
|
|-damage|p2a: Garganacl|58/100 brn|[from] brn
|-damage|p1a: Dragonite|67/100|[from] Salt Cure
|upkeep
|turn|18
|
|t:|1769362007
|switch|p1a: Iron Hands|Iron Hands|100/100
|move|p2a: Garganacl|Recover|p2a: Garganacl
|-heal|p2a: Garganacl|100/100 brn
|
|-damage|p2a: Garganacl|94/100 brn|[from] brn
|upkeep
|turn|19
|
|t:|1769362012
|switch|p2a: Skeledirge|Skeledirge, F|87/100
|move|p1a: Iron Hands|Drain Punch|p2a: Skeledirge
|-immune|p2a: Skeledirge
|
|upkeep
|turn|20
|
|t:|1769362015
|move|p2a: Skeledirge|Will-O-Wisp|p1a: Iron Hands
|-status|p1a: Iron Hands|brn
|move|p1a: Iron Hands|Volt Switch|p2a: Skeledirge
|-damage|p2a: Skeledirge|74/100
|
|t:|1769362016
|-end|p1a: Iron Hands|Quark Drive|[silent]
|switch|p1a: Weezing|Weezing-Galar, M|100/100|[from] Volt Switch
|-ability|p1a: Weezing|Neutralizing Gas
|
|upkeep
|turn|21
|
|t:|1769362020
|switch|p2a: Komala|Komala, M|82/100
|-ability|p2a: Komala|Comatose
|move|p1a: Weezing|Strange Steam|p2a: Komala
|-damage|p2a: Komala|61/100
|
|-heal|p2a: Komala|67/100|[from] item: Leftovers
|upkeep
|turn|22
|
|t:|1769362023
|move|p2a: Komala|Wish|p2a: Komala
|move|p1a: Weezing|Will-O-Wisp|p2a: Komala
|-immune|p2a: Komala|[from] ability: Comatose
|
|-heal|p2a: Komala|73/100|[from] item: Leftovers
|upkeep
|turn|23
|
|t:|1769362026
|-end|p1a: Weezing|ability: Neutralizing Gas
|switch|p1a: Gliscor|Gliscor, F|67/100 tox
|move|p2a: Komala|Rapid Spin|p1a: Gliscor
|-damage|p1a: Gliscor|54/100 tox
|-boost|p2a: Komala|spe|1
|
|-heal|p2a: Komala|100/100|[from] move: Wish|[wisher] Komala
|-heal|p1a: Gliscor|67/100 tox|[from] ability: Poison Heal
|upkeep
|turn|24
|
|t:|1769362032
|switch|p2a: Tumble|Whimsicott, F|100/100
|move|p1a: Gliscor|Toxic|p2a: Tumble|[miss]
|-miss|p1a: Gliscor|p2a: Tumble
|
|-heal|p1a: Gliscor|79/100 tox|[from] ability: Poison Heal
|upkeep
|turn|25
|
|t:|1769362036
|move|p2a: Tumble|Substitute|p2a: Tumble
|-start|p2a: Tumble|Substitute
|-damage|p2a: Tumble|76/100
|move|p1a: Gliscor|Toxic||[still]
|-fail|p1a: Gliscor
|
|-heal|p2a: Tumble|82/100|[from] item: Leftovers
|-heal|p1a: Gliscor|92/100 tox|[from] ability: Poison Heal
|upkeep
|turn|26
|
|t:|1769362038
|move|p2a: Tumble|Leech Seed|p1a: Gliscor
|-start|p1a: Gliscor|move: Leech Seed
|move|p1a: Gliscor|U-turn|p2a: Tumble
|-activate|p2a: Tumble|move: Substitute|[damage]
|
|t:|1769362046
|switch|p1a: Iron Hands|Iron Hands|100/100 brn|[from] U-turn
|
|-heal|p2a: Tumble|88/100|[from] item: Leftovers
|-damage|p1a: Iron Hands|94/100 brn|[from] brn
|upkeep
|turn|27
|
|t:|1769362048
|move|p2a: Tumble|Moonblast|p1a: Iron Hands
|-supereffective|p1a: Iron Hands
|-damage|p1a: Iron Hands|64/100 brn
|move|p1a: Iron Hands|Ice Punch|p2a: Tumble
|-supereffective|p2a: Tumble
|-crit|p2a: Tumble
|-end|p2a: Tumble|Substitute
|
|-heal|p2a: Tumble|94/100|[from] item: Leftovers
|-damage|p1a: Iron Hands|57/100 brn|[from] brn
|upkeep
|turn|28
|
|t:|1769362054
|switch|p2a: Swampert|Swampert, M|100/100
|move|p1a: Iron Hands|Ice Punch|p2a: Swampert
|-damage|p2a: Swampert|86/100
|
|-heal|p2a: Swampert|92/100|[from] item: Leftovers
|-damage|p1a: Iron Hands|51/100 brn|[from] brn
|upkeep
|turn|29
|
|t:|1769362060
|move|p2a: Swampert|Stealth Rock|p1a: Iron Hands
|-sidestart|p1: Grimblez|move: Stealth Rock
|move|p1a: Iron Hands|Volt Switch|p2a: Swampert
|-immune|p2a: Swampert
|
|-heal|p2a: Swampert|99/100|[from] item: Leftovers
|-damage|p1a: Iron Hands|45/100 brn|[from] brn
|upkeep
|turn|30
|
|t:|1769362065
|-end|p1a: Iron Hands|Quark Drive|[silent]
|switch|p1a: Weezing|Weezing-Galar, M|100/100
|-ability|p1a: Weezing|Neutralizing Gas
|move|p2a: Swampert|Earthquake|p1a: Weezing
|-supereffective|p1a: Weezing
|-damage|p1a: Weezing|28/100
|
|-heal|p2a: Swampert|100/100|[from] item: Leftovers
|upkeep
|turn|31
|
|t:|1769362075
|-end|p1a: Weezing|ability: Neutralizing Gas
|switch|p1a: Gliscor|Gliscor, F|92/100 tox
|-damage|p1a: Gliscor|79/100 tox|[from] Stealth Rock
|switch|p2a: Skeledirge|Skeledirge, F|74/100
|
|-heal|p1a: Gliscor|92/100 tox|[from] ability: Poison Heal
|upkeep
|turn|32
|
|t:|1769362082
|switch|p2a: Garganacl|Garganacl, F|94/100 brn
|move|p1a: Gliscor|Toxic||[still]
|-fail|p1a: Gliscor
|
|-heal|p1a: Gliscor|100/100 tox|[from] ability: Poison Heal
|-damage|p2a: Garganacl|88/100 brn|[from] brn
|upkeep
|turn|33
|
|t:|1769362085
|move|p1a: Gliscor|U-turn|p2a: Garganacl
|-damage|p2a: Garganacl|77/100 brn
|-damage|p1a: Gliscor|84/100 tox|[from] item: Rocky Helmet|[of] p2a: Garganacl
|
|t:|1769362088
|switch|p1a: Weezing|Weezing-Galar, M|28/100|[from] U-turn
|-ability|p1a: Weezing|Neutralizing Gas
|move|p2a: Garganacl|Salt Cure|p1a: Weezing
|-damage|p1a: Weezing|23/100
|-start|p1a: Weezing|Salt Cure
|
|-damage|p2a: Garganacl|71/100 brn|[from] brn
|-damage|p1a: Weezing|11/100|[from] Salt Cure
|upkeep
|turn|34
|
|t:|1769362094
|move|p1a: Weezing|Pain Split|p2a: Garganacl
|-sethp|p2a: Garganacl|40/100 brn|[from] move: Pain Split|[silent]
|-sethp|p1a: Weezing|48/100|[from] move: Pain Split
|move|p2a: Garganacl|Recover|p2a: Garganacl
|-heal|p2a: Garganacl|90/100 brn
|
|-damage|p2a: Garganacl|84/100 brn|[from] brn
|-damage|p1a: Weezing|36/100|[from] Salt Cure
|upkeep
|turn|35
|
|t:|1769362098
|move|p1a: Weezing|Pain Split|p2a: Garganacl
|-sethp|p2a: Garganacl|57/100 brn|[from] move: Pain Split|[silent]
|-sethp|p1a: Weezing|69/100|[from] move: Pain Split
|move|p2a: Garganacl|Iron Defense|p2a: Garganacl
|-boost|p2a: Garganacl|def|2
|
|-damage|p2a: Garganacl|51/100 brn|[from] brn
|-damage|p1a: Weezing|56/100|[from] Salt Cure
|upkeep
|turn|36
|
|t:|1769362105
|move|p1a: Weezing|Defog|p2a: Garganacl
|-unboost|p2a: Garganacl|evasion|1
|-sideend|p1: Grimblez|Stealth Rock|[from] move: Defog|[of] p1a: Weezing
|move|p2a: Garganacl|Iron Defense|p2a: Garganacl
|-boost|p2a: Garganacl|def|2
|
|-damage|p2a: Garganacl|45/100 brn|[from] brn
|-damage|p1a: Weezing|44/100|[from] Salt Cure
|upkeep
|turn|37
|
|t:|1769362110
|move|p1a: Weezing|Pain Split|p2a: Garganacl
|-sethp|p2a: Garganacl|41/100 brn|[from] move: Pain Split|[silent]
|-sethp|p1a: Weezing|49/100|[from] move: Pain Split
|move|p2a: Garganacl|Recover|p2a: Garganacl
|-heal|p2a: Garganacl|91/100 brn
|
|-damage|p2a: Garganacl|84/100 brn|[from] brn
|-damage|p1a: Weezing|37/100|[from] Salt Cure
|upkeep
|turn|38
|
|t:|1769362117
|switch|p2a: Skeledirge|Skeledirge, F|74/100
|move|p1a: Weezing|Pain Split|p2a: Skeledirge
|-sethp|p2a: Skeledirge|52/100|[from] move: Pain Split|[silent]
|-sethp|p1a: Weezing|64/100|[from] move: Pain Split
|
|-damage|p1a: Weezing|52/100|[from] Salt Cure
|upkeep
|turn|39
|
|t:|1769362123
|-end|p1a: Weezing|ability: Neutralizing Gas
|switch|p1a: Gliscor|Gliscor, F|84/100 tox
|move|p2a: Skeledirge|Will-O-Wisp|p1a: Gliscor|[miss]
|-miss|p2a: Skeledirge|p1a: Gliscor
|
|-heal|p1a: Gliscor|96/100 tox|[from] ability: Poison Heal
|upkeep
|turn|40
|
|t:|1769362128
|switch|p2a: Garganacl|Garganacl, F|84/100 brn
|move|p1a: Gliscor|Toxic||[still]
|-fail|p1a: Gliscor
|
|-heal|p1a: Gliscor|100/100 tox|[from] ability: Poison Heal
|-damage|p2a: Garganacl|78/100 brn|[from] brn
|upkeep
|turn|41
|
|t:|1769362130
|move|p1a: Gliscor|Earthquake|p2a: Garganacl
|-supereffective|p2a: Garganacl
|-damage|p2a: Garganacl|31/100 brn
|move|p2a: Garganacl|Salt Cure|p1a: Gliscor
|-damage|p1a: Gliscor|96/100 tox
|-start|p1a: Gliscor|Salt Cure
|
|-heal|p1a: Gliscor|100/100 tox|[from] ability: Poison Heal
|-damage|p2a: Garganacl|25/100 brn|[from] brn
|-damage|p1a: Gliscor|88/100 tox|[from] Salt Cure
|upkeep
|turn|42
|
|t:|1769362135
|switch|p2a: Tumble|Whimsicott, F|94/100
|move|p1a: Gliscor|Earthquake|p2a: Tumble
|-resisted|p2a: Tumble
|-damage|p2a: Tumble|81/100
|
|-heal|p2a: Tumble|87/100|[from] item: Leftovers
|-heal|p1a: Gliscor|100/100 tox|[from] ability: Poison Heal
|-damage|p1a: Gliscor|88/100 tox|[from] Salt Cure
|upkeep
|turn|43
|
|t:|1769362137
|move|p2a: Tumble|Substitute|p2a: Tumble
|-start|p2a: Tumble|Substitute
|-damage|p2a: Tumble|63/100
|move|p1a: Gliscor|Toxic|p2a: Tumble|[miss]
|-miss|p1a: Gliscor|p2a: Tumble
|
|-heal|p2a: Tumble|69/100|[from] item: Leftovers
|-heal|p1a: Gliscor|100/100 tox|[from] ability: Poison Heal
|-damage|p1a: Gliscor|88/100 tox|[from] Salt Cure
|upkeep
|turn|44
|
|t:|1769362140
|move|p2a: Tumble|Encore|p1a: Gliscor
|-start|p1a: Gliscor|Encore
|move|p1a: Gliscor|Toxic||[still]
|-fail|p1a: Gliscor
|
|-heal|p2a: Tumble|75/100|[from] item: Leftovers
|-heal|p1a: Gliscor|100/100 tox|[from] ability: Poison Heal
|-damage|p1a: Gliscor|88/100 tox|[from] Salt Cure
|upkeep
|turn|45
|
|t:|1769362144
|switch|p1a: Weezing|Weezing-Galar, M|52/100
|-ability|p1a: Weezing|Neutralizing Gas
|move|p2a: Tumble|Leech Seed|p1a: Weezing
|-start|p1a: Weezing|move: Leech Seed
|
|-heal|p2a: Tumble|81/100|[from] item: Leftovers
|-damage|p1a: Weezing|39/100|[from] Leech Seed|[of] p2a: Tumble
|-heal|p2a: Tumble|94/100|[silent]
|upkeep
|turn|46
|
|t:|1769362150
|move|p2a: Tumble|Moonblast|p1a: Weezing
|-resisted|p1a: Weezing
|-damage|p1a: Weezing|21/100
|-unboost|p1a: Weezing|spa|1
|move|p1a: Weezing|Pain Split||[still]
|-fail|p1a: Weezing
|
|-heal|p2a: Tumble|99/100|[from] item: Leftovers
|-damage|p1a: Weezing|9/100|[from] Leech Seed|[of] p2a: Tumble
|-heal|p2a: Tumble|100/100|[silent]
|upkeep
|turn|47
|
|t:|1769362154
|-end|p1a: Weezing|ability: Neutralizing Gas
|switch|p1a: Gliscor|Gliscor, F|88/100 tox
|move|p2a: Tumble|Moonblast|p1a: Gliscor
|-damage|p1a: Gliscor|53/100 tox
|
|-heal|p1a: Gliscor|65/100 tox|[from] ability: Poison Heal
|upkeep
|turn|48
|
|t:|1769362160
|move|p1a: Gliscor|Protect|p1a: Gliscor
|-singleturn|p1a: Gliscor|Protect
|move|p2a: Tumble|Moonblast|p1a: Gliscor
|-activate|p1a: Gliscor|move: Protect
|
|-heal|p1a: Gliscor|78/100 tox|[from] ability: Poison Heal
|upkeep
|turn|49
|
|t:|1769362162
|switch|p1a: Weezing|Weezing-Galar, M|9/100
|-ability|p1a: Weezing|Neutralizing Gas
|move|p2a: Tumble|Leech Seed|p1a: Weezing
|-start|p1a: Weezing|move: Leech Seed
|
|-damage|p1a: Weezing|0 fnt|[from] Leech Seed|[of] p2a: Tumble
|faint|p1a: Weezing
|-end|p1a: Weezing|ability: Neutralizing Gas
|upkeep
|
|t:|1769362168
|switch|p1a: Zapdos|Zapdos|100/100
|-ability|p1a: Zapdos|Pressure
|turn|50
|
|t:|1769362173
|move|p2a: Tumble|Leech Seed|p1a: Zapdos
|-start|p1a: Zapdos|move: Leech Seed
|move|p1a: Zapdos|Heat Wave|p2a: Tumble
|-supereffective|p2a: Tumble
|-end|p2a: Tumble|Substitute
|
|-damage|p1a: Zapdos|88/100|[from] Leech Seed|[of] p2a: Tumble
|upkeep
|turn|51
|
|t:|1769362177
|switch|p1a: Gliscor|Gliscor, F|78/100 tox
|switch|p2a: Swampert|Swampert, M|100/100
|
|-heal|p1a: Gliscor|90/100 tox|[from] ability: Poison Heal
|upkeep
|turn|52
|
|t:|1769362181
|switch|p2a: Garganacl|Garganacl, F|25/100 brn
|move|p1a: Gliscor|Toxic||[still]
|-fail|p1a: Gliscor
|
|-heal|p1a: Gliscor|100/100 tox|[from] ability: Poison Heal
|-damage|p2a: Garganacl|18/100 brn|[from] brn
|upkeep
|turn|53
|
|t:|1769362184
|switch|p2a: Tumble|Whimsicott, F|100/100
|move|p1a: Gliscor|Earthquake|p2a: Tumble
|-resisted|p2a: Tumble
|-damage|p2a: Tumble|86/100
|
|-heal|p2a: Tumble|92/100|[from] item: Leftovers
|upkeep
|turn|54
|
|t:|1769362186
|move|p2a: Tumble|Substitute|p2a: Tumble
|-start|p2a: Tumble|Substitute
|-damage|p2a: Tumble|68/100
|move|p1a: Gliscor|Toxic||[still]
|-fail|p1a: Gliscor
|
|-heal|p2a: Tumble|74/100|[from] item: Leftovers
|upkeep
|turn|55
|c|☆Grimblez|Your gameplay is super annoying
|c|☆Purpleaxolotl48|coming from you?
|inactive|Grimblez has 120 seconds left.
|c|☆Purpleaxolotl48|that's ironic
|c|☆Grimblez|LOL
|c|☆Grimblez|What’s that supposed to mean?
|inactive|Grimblez has 90 seconds left.
|c|☆Grimblez|At least I actually play the game instead of sitting behind substitute and stalling
|inactive|Grimblez has 60 seconds left.
|c|☆Purpleaxolotl48|yea protect toxic stall gliscor
|inactive|Grimblez has 30 seconds left.
|c|☆Purpleaxolotl48|totally playing the game
|inactive|Grimblez has 20 seconds left.
|inactive|Grimblez has 15 seconds left.
|c|☆Grimblez|I haven’t used toxic or protect this whole game
|inactive|Grimblez has 10 seconds left.
|
|t:|1769362330
|move|p2a: Tumble|Leech Seed|p1a: Gliscor
|-start|p1a: Gliscor|move: Leech Seed
|move|p1a: Gliscor|Earthquake|p2a: Tumble
|-resisted|p2a: Tumble
|-activate|p2a: Tumble|move: Substitute|[damage]
|
|-heal|p2a: Tumble|80/100|[from] item: Leftovers
|-damage|p1a: Gliscor|88/100 tox|[from] Leech Seed|[of] p2a: Tumble
|-heal|p2a: Tumble|94/100|[silent]
|-heal|p1a: Gliscor|100/100 tox|[from] ability: Poison Heal
|upkeep
|turn|56
|inactive|Grimblez has 20 seconds left this turn.
|
|t:|1769362335
|switch|p1a: Iron Hands|Iron Hands|45/100 brn
|move|p2a: Tumble|Moonblast|p1a: Iron Hands
|-supereffective|p1a: Iron Hands
|-damage|p1a: Iron Hands|16/100 brn
|
|-heal|p2a: Tumble|99/100|[from] item: Leftovers
|-damage|p1a: Iron Hands|10/100 brn|[from] brn
|upkeep
|turn|57
|inactive|Grimblez has 30 seconds left this turn.
|inactive|Grimblez has 20 seconds left.
|inactive|Grimblez has 15 seconds left.
|c|☆Grimblez|Enjoy your ‘win’ loser
|inactive|Grimblez has 10 seconds left.
|c|☆Purpleaxolotl48|ez
|-message|Grimblez forfeited.
|
|win|Purpleaxolotl48
|raw|Grimblez's rating: 1302 &rarr; <strong>1284</strong><br />(-18 for losing)
|raw|Purpleaxolotl48's rating: 1341 &rarr; <strong>1359</strong><br />(+18 for winning)
|l|☆Purpleaxolotl48
|player|p2|
|l|☆Grimblez
|player|p1|
