|j|☆suprm_overlord_mao
|j|☆bradsharp
|t:|1769441459
|gametype|singles
|player|p1|suprm_overlord_mao|bruno|1291
|player|p2|bradsharp|102|1301
|gen|9
|tier|[Gen 9] OU
|rated|
|rule|HP Percentage Mod: HP is shown in percentages
|rule|Endless Battle Clause: Forcing endless battles is banned
|rule|Species Clause: Limit one of each Pokémon
|rule|OHKO Clause: OHKO moves are banned
|rule|Evasion Items Clause: Evasion items are banned
|rule|Evasion Moves Clause: Evasion moves are banned
|rule|Evasion Abilities Clause: Evasion abilities are banned
|rule|Sleep Moves Clause: Sleep-inducing moves are banned
|clearpoke
|poke|p1|Clefable, F|
|poke|p1|Goodra-Hisui, F|
|poke|p1|Arcanine-Hisui, M|
|poke|p1|Swampert, M|
|poke|p1|Weezing-Galar, F|
|poke|p1|Mamoswine, F|
|poke|p2|Deoxys-Speed|
|poke|p2|Weavile, F|
|poke|p2|Iron Valiant|
|poke|p2|Raging Bolt|
|poke|p2|Greninja-*, M|
|poke|p2|Gliscor, M|
|teampreview
|inactive|Battle timer is ON: inactive players will automatically lose when time's up. (requested by bradsharp)
|
|t:|1769441472
|teamsize|p1|6
|teamsize|p2|6
|start
|switch|p1a: LIL FLIP|Swampert, M|100/100
|switch|p2a: Deoxys|Deoxys-Speed|100/100
|-ability|p2a: Deoxys|Pressure
|turn|1
|
|t:|1769441479
|move|p2a: Deoxys|Stealth Rock|p1a: LIL FLIP
|-sidestart|p1: suprm_overlord_mao|move: Stealth Rock
|move|p1a: LIL FLIP|Knock Off|p2a: Deoxys
|-supereffective|p2a: Deoxys
|-enditem|p2a: Deoxys|Colbur Berry|[eat]
|-enditem|p2a: Deoxys|Colbur Berry|[weaken]
|-damage|p2a: Deoxys|77/100
|
|upkeep
|turn|2
|
|t:|1769441484
|move|p2a: Deoxys|Knock Off|p1a: LIL FLIP
|-damage|p1a: LIL FLIP|86/100
|-enditem|p1a: LIL FLIP|Leftovers|[from] move: Knock Off|[of] p2a: Deoxys
|move|p1a: LIL FLIP|Stealth Rock|p2a: Deoxys
|-sidestart|p2: bradsharp|move: Stealth Rock
|
|upkeep
|turn|3
|
|t:|1769441498
|move|p2a: Deoxys|Psychic Noise|p1a: LIL FLIP
|-damage|p1a: LIL FLIP|63/100
|-start|p1a: LIL FLIP|move: Heal Block
|move|p1a: LIL FLIP|Knock Off|p2a: Deoxys
|-supereffective|p2a: Deoxys
|-damage|p2a: Deoxys|41/100
|
|upkeep
|turn|4
|
|t:|1769441512
|move|p2a: Deoxys|Psychic Noise|p1a: LIL FLIP
|-damage|p1a: LIL FLIP|39/100
|move|p1a: LIL FLIP|Earthquake|p2a: Deoxys
|-damage|p2a: Deoxys|5/100
|
|-end|p1a: LIL FLIP|move: Heal Block
|upkeep
|turn|5
|
|t:|1769441521
|move|p2a: Deoxys|Psychic Noise|p1a: LIL FLIP
|-damage|p1a: LIL FLIP|17/100
|-start|p1a: LIL FLIP|move: Heal Block
|move|p1a: LIL FLIP|Knock Off|p2a: Deoxys
|-supereffective|p2a: Deoxys
|-damage|p2a: Deoxys|0 fnt
|faint|p2a: Deoxys
|
|upkeep
|inactive|bradsharp has 120 seconds left.
|
|t:|1769441572
|switch|p2a: Weavile|Weavile, F|100/100
|-ability|p2a: Weavile|Pressure
|turn|6
|
|t:|1769441584
|move|p2a: Weavile|Triple Axel|p1a: LIL FLIP
|-damage|p1a: LIL FLIP|10/100
|-damage|p1a: LIL FLIP|0 fnt
|faint|p1a: LIL FLIP
|-hitcount|p1: LIL FLIP|2
|
|upkeep
|
|t:|1769441589
|switch|p1a: ANDRE 3K|Weezing-Galar, F|100/100
|-ability|p1a: ANDRE 3K|Neutralizing Gas
|turn|7
|inactive|bradsharp has 120 seconds left.
|
|t:|1769441602
|move|p2a: Weavile|Swords Dance|p2a: Weavile
|-boost|p2a: Weavile|atk|2
|move|p1a: ANDRE 3K|Will-O-Wisp|p2a: Weavile
|-status|p2a: Weavile|brn
|
|-damage|p2a: Weavile|94/100 brn|[from] brn
|upkeep
|turn|8
|inactive|bradsharp has 120 seconds left.
|
|t:|1769441608
|move|p2a: Weavile|Swords Dance|p2a: Weavile
|-boost|p2a: Weavile|atk|2
|move|p1a: ANDRE 3K|Defog|p2a: Weavile
|-unboost|p2a: Weavile|evasion|1
|-sideend|p2: bradsharp|Stealth Rock|[from] move: Defog|[of] p1a: ANDRE 3K
|-sideend|p1: suprm_overlord_mao|Stealth Rock|[from] move: Defog|[of] p1a: ANDRE 3K
|
|-damage|p2a: Weavile|88/100 brn|[from] brn
|upkeep
|turn|9
|
|t:|1769441611
|-end|p1a: ANDRE 3K|ability: Neutralizing Gas
|-ability|p2a: Weavile|Pressure
|switch|p1a: LIL KIM|Clefable, F|100/100
|move|p2a: Weavile|Triple Axel|p1a: LIL KIM
|-damage|p1a: LIL KIM|97/100
|-damage|p1a: LIL KIM|89/100
|-damage|p1a: LIL KIM|78/100
|-hitcount|p1a: LIL KIM|3
|
|-heal|p1a: LIL KIM|84/100|[from] item: Leftovers
|-damage|p2a: Weavile|82/100 brn|[from] brn
|upkeep
|turn|10
|
|t:|1769441622
|switch|p2a: Gliscor|Gliscor, M|100/100
|move|p1a: LIL KIM|Moonblast|p2a: Gliscor
|-damage|p2a: Gliscor|72/100
|
|-heal|p1a: LIL KIM|90/100|[from] item: Leftovers
|-status|p2a: Gliscor|tox|[from] item: Toxic Orb
|upkeep
|turn|11
|
|t:|1769441631
|switch|p1a: ANDRE 3K|Weezing-Galar, F|100/100
|-ability|p1a: ANDRE 3K|Neutralizing Gas
|move|p2a: Gliscor|Swords Dance|p2a: Gliscor
|-boost|p2a: Gliscor|atk|2
|
|-damage|p2a: Gliscor|65/100 tox|[from] psn
|upkeep
|turn|12
|
|t:|1769441648
|move|p2a: Gliscor|Protect|p2a: Gliscor
|-singleturn|p2a: Gliscor|Protect
|move|p1a: ANDRE 3K|Strange Steam|p2a: Gliscor
|-activate|p2a: Gliscor|move: Protect
|
|-damage|p2a: Gliscor|53/100 tox|[from] psn
|upkeep
|turn|13
|
|t:|1769441658
|move|p2a: Gliscor|Facade|p1a: ANDRE 3K
|-damage|p1a: ANDRE 3K|59/100
|move|p1a: ANDRE 3K|Strange Steam|p2a: Gliscor
|-damage|p2a: Gliscor|31/100 tox
|
|-damage|p2a: Gliscor|12/100 tox|[from] psn
|upkeep
|turn|14
|
|t:|1769441671
|move|p2a: Gliscor|Facade|p1a: ANDRE 3K
|-damage|p1a: ANDRE 3K|16/100
|move|p1a: ANDRE 3K|Will-O-Wisp||[still]
|-fail|p1a: ANDRE 3K
|
|-damage|p2a: Gliscor|0 fnt|[from] psn
|faint|p2a: Gliscor
|upkeep
|
|t:|1769441674
|switch|p2a: Greninja|Greninja, M|100/100
|turn|15
|
|t:|1769441679
|-end|p1a: ANDRE 3K|ability: Neutralizing Gas
|switch|p1a: NICKI MINAJ|Goodra-Hisui, F|100/100
|move|p2a: Greninja|Surf|p1a: NICKI MINAJ
|-resisted|p1a: NICKI MINAJ
|-damage|p1a: NICKI MINAJ|86/100
|-damage|p2a: Greninja|91/100|[from] item: Life Orb
|
|upkeep
|turn|16
|-message|bradsharp forfeited.
|
|win|suprm_overlord_mao
|raw|suprm_overlord_mao's rating: 1291 &rarr; <strong>1317</strong><br />(+26 for winning)
|raw|bradsharp's rating: 1301 &rarr; <strong>1280</strong><br />(-21 for losing)
|l|☆bradsharp
|player|p2|
|l|☆suprm_overlord_mao
|player|p1|
