|j|☆blzh
|j|☆scarletspide
|t:|1769414078
|gametype|singles
|player|p1|blzh|101|1135
|player|p2|scarletspide|266|1105
|gen|9
|tier|[Gen 9] OU
|rated|
|rule|HP Percentage Mod: HP is shown in percentages
|rule|Endless Battle Clause: Forcing endless battles is banned
|rule|Species Clause: Limit one of each Pokémon
|rule|OHKO Clause: OHKO moves are banned
|rule|Evasion Items Clause: Evasion items are banned
|rule|Evasion Moves Clause: Evasion moves are banned
|rule|Evasion Abilities Clause: Evasion abilities are banned
|rule|Sleep Moves Clause: Sleep-inducing moves are banned
|clearpoke
|poke|p1|Sceptile, M|
|poke|p1|Tentacruel, F|
|poke|p1|Garchomp, M|
|poke|p1|Espeon, M|
|poke|p1|Umbreon, F|
|poke|p1|Chandelure, M|
|poke|p2|Armarouge, M|
|poke|p2|Lycanroc-Dusk, M|
|poke|p2|Sylveon, M|
|poke|p2|Snorlax, F|
|poke|p2|Sceptile, F|
|poke|p2|Blastoise, M|
|teampreview
|inactive|Battle timer is ON: inactive players will automatically lose when time's up. (requested by blzh)
|
|t:|1769414095
|teamsize|p1|6
|teamsize|p2|6
|start
|switch|p1a: Espeon|Espeon, M|100/100
|switch|p2a: Blastoise|Blastoise, M|100/100
|turn|1
|inactive|blzh has 120 seconds left.
|
|t:|1769414132
|move|p1a: Espeon|Light Screen|p1a: Espeon
|-sidestart|p1: blzh|move: Light Screen
|move|p2a: Blastoise|Shell Smash|p2a: Blastoise
|-unboost|p2a: Blastoise|def|1
|-unboost|p2a: Blastoise|spd|1
|-boost|p2a: Blastoise|atk|2
|-boost|p2a: Blastoise|spa|2
|-boost|p2a: Blastoise|spe|2
|-enditem|p2a: Blastoise|White Herb
|-clearnegativeboost|p2a: Blastoise|[silent]
|
|upkeep
|turn|2
|inactive|blzh has 120 seconds left.
|inactive|scarletspide has 120 seconds left.
|
|t:|1769414162
|move|p2a: Blastoise|Shell Smash|p2a: Blastoise
|-unboost|p2a: Blastoise|def|1
|-unboost|p2a: Blastoise|spd|1
|-boost|p2a: Blastoise|atk|2
|-boost|p2a: Blastoise|spa|2
|-boost|p2a: Blastoise|spe|2
|move|p1a: Espeon|Psychic|p2a: Blastoise
|-damage|p2a: Blastoise|38/100
|
|upkeep
|turn|3
|
|t:|1769414170
|move|p2a: Blastoise|Liquidation|p1a: Espeon
|-damage|p1a: Espeon|0 fnt
|faint|p1a: Espeon
|
|upkeep
|inactive|blzh has 120 seconds left.
|
|t:|1769414206
|switch|p1a: Garchomp|Garchomp, M|100/100
|turn|4
|
|t:|1769414213
|move|p2a: Blastoise|Ice Spinner|p1a: Garchomp
|-supereffective|p1a: Garchomp
|-damage|p1a: Garchomp|0 fnt
|-damage|p2a: Blastoise|26/100|[from] ability: Rough Skin|[of] p1a: Garchomp
|-damage|p2a: Blastoise|9/100|[from] item: Rocky Helmet|[of] p1a: Garchomp
|faint|p1a: Garchomp
|
|upkeep
|
|t:|1769414223
|switch|p1a: Sceptile|Sceptile, M|100/100
|turn|5
|
|t:|1769414236
|-terastallize|p1a: Sceptile|Steel
|move|p2a: Blastoise|Ice Spinner|p1a: Sceptile
|-resisted|p1a: Sceptile
|-damage|p1a: Sceptile|52/100
|move|p1a: Sceptile|Giga Drain|p2a: Blastoise
|-supereffective|p2a: Blastoise
|-crit|p2a: Blastoise
|-damage|p2a: Blastoise|0 fnt
|-heal|p1a: Sceptile|56/100|[from] drain|[of] p2a: Blastoise
|faint|p2a: Blastoise
|
|-heal|p1a: Sceptile|62/100|[from] item: Leftovers
|upkeep
|
|t:|1769414244
|switch|p2a: Armarouge|Armarouge, M|100/100
|turn|6
|
|t:|1769414253
|move|p1a: Sceptile|Protect|p1a: Sceptile
|-singleturn|p1a: Sceptile|Protect
|move|p2a: Armarouge|Calm Mind|p2a: Armarouge
|-boost|p2a: Armarouge|spa|1
|-boost|p2a: Armarouge|spd|1
|
|-heal|p1a: Sceptile|68/100|[from] item: Leftovers
|upkeep
|turn|7
|
|t:|1769414263
|move|p1a: Sceptile|Leech Seed|p2a: Armarouge|[miss]
|-miss|p1a: Sceptile|p2a: Armarouge
|move|p2a: Armarouge|Armor Cannon|p1a: Sceptile
|-supereffective|p1a: Sceptile
|-damage|p1a: Sceptile|0 fnt
|-unboost|p2a: Armarouge|def|1
|-unboost|p2a: Armarouge|spd|1
|faint|p1a: Sceptile
|
|upkeep
|
|t:|1769414264
|switch|p1a: Chandelure|Chandelure, M|100/100
|turn|8
|
|t:|1769414277
|move|p1a: Chandelure|Shadow Ball|p2a: Armarouge
|-supereffective|p2a: Armarouge
|-enditem|p2a: Armarouge|Focus Sash
|-damage|p2a: Armarouge|1/100
|-unboost|p2a: Armarouge|spd|1
|move|p2a: Armarouge|Expanding Force|p1a: Chandelure
|-damage|p1a: Chandelure|54/100
|
|-sideend|p1: blzh|move: Light Screen
|upkeep
|turn|9
|
|t:|1769414288
|move|p1a: Chandelure|Shadow Ball|p2a: Armarouge
|-supereffective|p2a: Armarouge
|-damage|p2a: Armarouge|0 fnt
|faint|p2a: Armarouge
|
|upkeep
|
|t:|1769414291
|switch|p2a: Lycanroc|Lycanroc-Dusk, M|100/100
|turn|10
|
|t:|1769414295
|move|p2a: Lycanroc|Accelerock|p1a: Chandelure
|-supereffective|p1a: Chandelure
|-damage|p1a: Chandelure|0 fnt
|faint|p1a: Chandelure
|
|upkeep
|
|t:|1769414297
|switch|p1a: Umbreon|Umbreon, F|100/100
|turn|11
|
|t:|1769414302
|move|p2a: Lycanroc|Swords Dance|p2a: Lycanroc
|-boost|p2a: Lycanroc|atk|2
|move|p1a: Umbreon|Toxic|p2a: Lycanroc
|-status|p2a: Lycanroc|tox
|
|-damage|p2a: Lycanroc|94/100 tox|[from] psn
|upkeep
|turn|12
|
|t:|1769414308
|move|p2a: Lycanroc|Close Combat|p1a: Umbreon
|-supereffective|p1a: Umbreon
|-crit|p1a: Umbreon
|-damage|p1a: Umbreon|0 fnt
|-unboost|p2a: Lycanroc|def|1
|-unboost|p2a: Lycanroc|spd|1
|faint|p1a: Umbreon
|
|-damage|p2a: Lycanroc|82/100 tox|[from] psn
|upkeep
|
|t:|1769414311
|switch|p1a: Tentacruel|Tentacruel, F|100/100
|turn|13
|
|t:|1769414316
|move|p2a: Lycanroc|Trailblaze|p1a: Tentacruel
|-damage|p1a: Tentacruel|41/100
|-boost|p2a: Lycanroc|spe|1
|move|p1a: Tentacruel|Surf|p2a: Lycanroc
|-supereffective|p2a: Lycanroc
|-damage|p2a: Lycanroc|0 fnt
|faint|p2a: Lycanroc
|
|-heal|p1a: Tentacruel|47/100|[from] item: Black Sludge
|upkeep
|
|t:|1769414322
|switch|p2a: Snorlax|Snorlax, F|100/100
|turn|14
|
|t:|1769414329
|move|p1a: Tentacruel|Surf|p2a: Snorlax
|-damage|p2a: Snorlax|89/100
|move|p2a: Snorlax|Earthquake|p1a: Tentacruel
|-supereffective|p1a: Tentacruel
|-damage|p1a: Tentacruel|0 fnt
|faint|p1a: Tentacruel
|
|win|scarletspide
|raw|blzh's rating: 1135 &rarr; <strong>1108</strong><br />(-27 for losing)
|raw|scarletspide's rating: 1105 &rarr; <strong>1132</strong><br />(+27 for winning)
|l|☆blzh
|player|p1|
|l|☆scarletspide
|player|p2|
