|j|☆Spud Webbs
|j|☆bigboi629
|t:|1769399716
|gametype|singles
|player|p1|Spud Webbs|1|1379
|player|p2|bigboi629|clair|1489
|gen|9
|tier|[Gen 9] OU
|rated|
|rule|HP Percentage Mod: HP is shown in percentages
|rule|Endless Battle Clause: Forcing endless battles is banned
|rule|Species Clause: Limit one of each Pokémon
|rule|OHKO Clause: OHKO moves are banned
|rule|Evasion Items Clause: Evasion items are banned
|rule|Evasion Moves Clause: Evasion moves are banned
|rule|Evasion Abilities Clause: Evasion abilities are banned
|rule|Sleep Moves Clause: Sleep-inducing moves are banned
|clearpoke
|poke|p1|Thundurus-Therian, M|
|poke|p1|Samurott-Hisui, F|
|poke|p1|Enamorus, F|
|poke|p1|Araquanid, M|
|poke|p1|Ceruledge, M|
|poke|p1|Tatsugiri, M|
|poke|p2|Deoxys-Speed|
|poke|p2|Ceruledge, M|
|poke|p2|Ogerpon-Wellspring, F|
|poke|p2|Zamazenta-*|
|poke|p2|Iron Valiant|
|poke|p2|Great Tusk|
|teampreview
|
|t:|1769399760
|teamsize|p1|6
|teamsize|p2|6
|start
|switch|p1a: BARNEY|Samurott-Hisui, F, shiny|100/100
|switch|p2a: Deoxys|Deoxys-Speed, shiny|100/100
|-ability|p2a: Deoxys|Pressure
|turn|1
|inactive|Battle timer is ON: inactive players will automatically lose when time's up. (requested by bigboi629)
|inactive|Spud Webbs has 120 seconds left.
|
|t:|1769399838
|switch|p2a: Zamazenta|Zamazenta|100/100
|-ability|p2a: Zamazenta|Dauntless Shield|boost
|-boost|p2a: Zamazenta|def|1
|move|p1a: BARNEY|Swords Dance|p1a: BARNEY
|-boost|p1a: BARNEY|atk|2
|
|upkeep
|turn|2
|
|t:|1769399849
|-terastallize|p1a: BARNEY|Ghost
|move|p2a: Zamazenta|Iron Defense|p2a: Zamazenta
|-boost|p2a: Zamazenta|def|2
|move|p1a: BARNEY|Ceaseless Edge|p2a: Zamazenta
|-resisted|p2a: Zamazenta
|-crit|p2a: Zamazenta
|-damage|p2a: Zamazenta|49/100
|-sidestart|p2: bigboi629|Spikes
|
|upkeep
|turn|3
|inactive|bigboi629 has 120 seconds left.
|
|t:|1769399886
|-terastallize|p2a: Zamazenta|Dark
|move|p2a: Zamazenta|Crunch|p1a: BARNEY
|-supereffective|p1a: BARNEY
|-damage|p1a: BARNEY|9/100
|move|p1a: BARNEY|Aqua Cutter|p2a: Zamazenta
|-damage|p2a: Zamazenta|16/100
|
|upkeep
|turn|4
|inactive|bigboi629 has 120 seconds left.
|
|t:|1769399895
|switch|p1a: YIKES MY GUY|Enamorus, F|100/100
|move|p2a: Zamazenta|Rest|p2a: Zamazenta
|-status|p2a: Zamazenta|slp|[from] move: Rest
|-heal|p2a: Zamazenta|100/100 slp|[silent]
|-enditem|p2a: Zamazenta|Chesto Berry|[eat]
|-curestatus|p2a: Zamazenta|slp|[msg]
|
|upkeep
|turn|5
|inactive|bigboi629 has 120 seconds left.
|
|t:|1769399919
|switch|p2a: Deoxys|Deoxys-Speed, shiny|100/100
|-damage|p2a: Deoxys|88/100|[from] Spikes
|-ability|p2a: Deoxys|Pressure
|move|p1a: YIKES MY GUY|Moonblast|p2a: Deoxys
|-damage|p2a: Deoxys|22/100
|
|upkeep
|turn|6
|
|t:|1769399924
|move|p2a: Deoxys|Light Screen|p2a: Deoxys
|-sidestart|p2: bigboi629|move: Light Screen
|move|p1a: YIKES MY GUY|Moonblast|p2a: Deoxys
|-damage|p2a: Deoxys|0 fnt
|faint|p2a: Deoxys
|
|upkeep
|inactive|bigboi629 has 120 seconds left.
|
|t:|1769399958
|switch|p2a: Ogerpon|Ogerpon-Wellspring, F|100/100
|-damage|p2a: Ogerpon|88/100|[from] Spikes
|turn|7
|
|t:|1769399961
|move|p1a: YIKES MY GUY|Moonblast|p2a: Ogerpon
|-damage|p2a: Ogerpon|55/100
|-unboost|p2a: Ogerpon|spa|1
|move|p2a: Ogerpon|Swords Dance|p2a: Ogerpon
|-boost|p2a: Ogerpon|atk|2
|
|upkeep
|turn|8
|
|t:|1769399965
|switch|p1a: Tatsugiri|Tatsugiri, M|100/100
|move|p2a: Ogerpon|Ivy Cudgel|p1a: Tatsugiri|[anim] Ivy Cudgel Water
|-ability|p1a: Tatsugiri|Storm Drain|boost
|-boost|p1a: Tatsugiri|spa|1
|
|upkeep
|turn|9
|inactive|bigboi629 has 120 seconds left.
|
|t:|1769399971
|switch|p1a: HMMM|Ceruledge, M|100/100
|move|p2a: Ogerpon|Knock Off|p1a: HMMM
|-supereffective|p1a: HMMM
|-enditem|p1a: HMMM|Focus Sash
|-damage|p1a: HMMM|1/100
|-ability|p1a: HMMM|Weak Armor|boost
|-unboost|p1a: HMMM|def|1
|-boost|p1a: HMMM|spe|2
|
|upkeep
|turn|10
|
|t:|1769399981
|move|p1a: HMMM|Poltergeist|p2a: Ogerpon
|-activate|p2a: Ogerpon|move: Poltergeist|Wellspring Mask
|-damage|p2a: Ogerpon|0 fnt
|faint|p2a: Ogerpon
|
|upkeep
|
|t:|1769399983
|switch|p2a: Ceruledge|Ceruledge, M, shiny|100/100
|-damage|p2a: Ceruledge|88/100|[from] Spikes
|turn|11
|
|t:|1769399992
|move|p2a: Ceruledge|Shadow Sneak|p1a: HMMM
|-supereffective|p1a: HMMM
|-damage|p1a: HMMM|0 fnt
|faint|p1a: HMMM
|-damage|p2a: Ceruledge|78/100|[from] item: Life Orb
|
|upkeep
|
|t:|1769400000
|switch|p1a: Tatsugiri|Tatsugiri, M|100/100
|turn|12
|
|t:|1769400011
|move|p1a: Tatsugiri|Surf|p2a: Ceruledge
|-supereffective|p2a: Ceruledge
|-damage|p2a: Ceruledge|0 fnt
|faint|p2a: Ceruledge
|
|upkeep
|
|t:|1769400025
|switch|p2a: Iron Valiant|Iron Valiant|100/100
|-damage|p2a: Iron Valiant|88/100|[from] Spikes
|-enditem|p2a: Iron Valiant|Booster Energy
|-activate|p2a: Iron Valiant|ability: Quark Drive|[fromitem]
|-start|p2a: Iron Valiant|quarkdrivespe
|turn|13
|
|t:|1769400029
|switch|p1a: WEBS|Araquanid, M|100/100
|move|p2a: Iron Valiant|Calm Mind|p2a: Iron Valiant
|-boost|p2a: Iron Valiant|spa|1
|-boost|p2a: Iron Valiant|spd|1
|
|-sideend|p2: bigboi629|move: Light Screen
|upkeep
|turn|14
|
|t:|1769400042
|move|p2a: Iron Valiant|Moonblast|p1a: WEBS
|-damage|p1a: WEBS|48/100
|-unboost|p1a: WEBS|spa|1
|-enditem|p1a: WEBS|Red Card|[of] p2a: Iron Valiant
|-end|p2a: Iron Valiant|Quark Drive|[silent]
|drag|p2a: Great Tusk|Great Tusk, shiny|100/100
|move|p1a: WEBS|Surf|p2a: Great Tusk
|-supereffective|p2a: Great Tusk
|-damage|p2a: Great Tusk|23/100
|
|upkeep
|turn|15
|
|t:|1769400054
|move|p2a: Great Tusk|Head Smash|p1a: WEBS
|-supereffective|p1a: WEBS
|-damage|p1a: WEBS|0 fnt
|faint|p1a: WEBS
|-damage|p2a: Great Tusk|1/100|[from] Recoil
|
|upkeep
|
|t:|1769400061
|switch|p1a: YIKES MY GUY|Enamorus, F|100/100
|turn|16
|
|t:|1769400067
|move|p1a: YIKES MY GUY|Moonblast|p2a: Great Tusk
|-supereffective|p2a: Great Tusk
|-damage|p2a: Great Tusk|0 fnt
|faint|p2a: Great Tusk
|-end|p2a: Great Tusk|Protosynthesis|[silent]
|
|upkeep
|
|t:|1769400074
|switch|p2a: Iron Valiant|Iron Valiant|88/100
|-damage|p2a: Iron Valiant|76/100|[from] Spikes
|turn|17
|
|t:|1769400076
|move|p1a: YIKES MY GUY|Moonblast|p2a: Iron Valiant
|-supereffective|p2a: Iron Valiant
|-crit|p2a: Iron Valiant
|-damage|p2a: Iron Valiant|0 fnt
|faint|p2a: Iron Valiant
|-end|p2a: Iron Valiant|Quark Drive|[silent]
|
|upkeep
|-message|bigboi629 forfeited.
|
|win|Spud Webbs
|raw|Spud Webbs's rating: 1379 &rarr; <strong>1405</strong><br />(+26 for winning)
|raw|bigboi629's rating: 1489 &rarr; <strong>1463</strong><br />(-26 for losing)
|l|☆bigboi629
|player|p2|
|l|☆Spud Webbs
|player|p1|
