|j|☆YumeKasumi76
|j|☆Lilodious
|t:|1769414358
|gametype|singles
|player|p1|YumeKasumi76|170|1252
|player|p2|Lilodious|ingo|1230
|gen|9
|tier|[Gen 9] OU
|rated|
|rule|HP Percentage Mod: HP is shown in percentages
|rule|Endless Battle Clause: Forcing endless battles is banned
|rule|Species Clause: Limit one of each Pokémon
|rule|OHKO Clause: OHKO moves are banned
|rule|Evasion Items Clause: Evasion items are banned
|rule|Evasion Moves Clause: Evasion moves are banned
|rule|Evasion Abilities Clause: Evasion abilities are banned
|rule|Sleep Moves Clause: Sleep-inducing moves are banned
|clearpoke
|poke|p1|Dragapult, M|
|poke|p1|Bisharp, F|
|poke|p1|Glimmora, F|
|poke|p1|Entei|
|poke|p1|Veluza, F|
|poke|p1|Braviary-Hisui, M|
|poke|p2|Kyurem|
|poke|p2|Ceruledge, F|
|poke|p2|Ting-Lu|
|poke|p2|Dragapult, F|
|poke|p2|Gliscor, M|
|poke|p2|Great Tusk|
|teampreview
|
|t:|1769414372
|teamsize|p1|6
|teamsize|p2|6
|start
|switch|p1a: Sovereign|Entei|100/100
|switch|p2a: Nopero|Ting-Lu|100/100
|-ability|p2a: Nopero|Vessel of Ruin
|turn|1
|inactive|Battle timer is ON: inactive players will automatically lose when time's up. (requested by YumeKasumi76)
|
|t:|1769414381
|move|p1a: Sovereign|Sacred Fire|p2a: Nopero
|-damage|p2a: Nopero|72/100
|-status|p2a: Nopero|brn
|move|p2a: Nopero|Sleep Talk||[still]
|-fail|p2a: Nopero
|
|-heal|p2a: Nopero|78/100 brn|[from] item: Leftovers
|-damage|p2a: Nopero|72/100 brn|[from] brn
|upkeep
|turn|2
|
|t:|1769414396
|switch|p1a: Riamare|Veluza, F, shiny|100/100
|move|p2a: Nopero|Ruination|p1a: Riamare|[miss]
|-miss|p2a: Nopero|p1a: Riamare
|
|-heal|p2a: Nopero|78/100 brn|[from] item: Leftovers
|-damage|p2a: Nopero|72/100 brn|[from] brn
|upkeep
|turn|3
|
|t:|1769414419
|move|p1a: Riamare|Fillet Away|p1a: Riamare
|-boost|p1a: Riamare|atk|2
|-boost|p1a: Riamare|spa|2
|-boost|p1a: Riamare|spe|2
|-damage|p1a: Riamare|50/100
|-enditem|p1a: Riamare|Sitrus Berry|[eat]
|-heal|p1a: Riamare|75/100|[from] item: Sitrus Berry
|move|p2a: Nopero|Ruination|p1a: Riamare
|-damage|p1a: Riamare|38/100
|
|-heal|p2a: Nopero|78/100 brn|[from] item: Leftovers
|-damage|p2a: Nopero|72/100 brn|[from] brn
|upkeep
|turn|4
|
|t:|1769414432
|move|p1a: Riamare|Aqua Cutter|p2a: Nopero
|-supereffective|p2a: Nopero
|-damage|p2a: Nopero|0 fnt
|faint|p2a: Nopero
|
|upkeep
|
|t:|1769414436
|switch|p2a: Toreitheya|Ceruledge, F|100/100
|turn|5
|
|t:|1769414441
|move|p1a: Riamare|Stored Power|p2a: Toreitheya
|-damage|p2a: Toreitheya|9/100
|move|p2a: Toreitheya|Swords Dance|p2a: Toreitheya
|-boost|p2a: Toreitheya|atk|2
|
|upkeep
|turn|6
|
|t:|1769414448
|move|p2a: Toreitheya|Shadow Sneak|p1a: Riamare
|-supereffective|p1a: Riamare
|-damage|p1a: Riamare|0 fnt
|faint|p1a: Riamare
|
|upkeep
|
|t:|1769414454
|switch|p1a: Bellator|Bisharp, F, shiny|100/100
|turn|7
|
|t:|1769414459
|move|p1a: Bellator|Sucker Punch|p2a: Toreitheya
|-supereffective|p2a: Toreitheya
|-damage|p2a: Toreitheya|0 fnt
|faint|p2a: Toreitheya
|
|upkeep
|
|t:|1769414473
|switch|p2a: Takira|Gliscor, M|100/100
|turn|8
|
|t:|1769414478
|move|p2a: Takira|Swords Dance|p2a: Takira
|-boost|p2a: Takira|atk|2
|move|p1a: Bellator|Stealth Rock|p2a: Takira
|-sidestart|p2: Lilodious|move: Stealth Rock
|
|-status|p2a: Takira|tox|[from] item: Toxic Orb
|upkeep
|turn|9
|
|t:|1769414487
|move|p2a: Takira|Swords Dance|p2a: Takira
|-boost|p2a: Takira|atk|2
|move|p1a: Bellator|Swords Dance|p1a: Bellator
|-boost|p1a: Bellator|atk|2
|
|upkeep
|turn|10
|
|t:|1769414493
|move|p2a: Takira|Knock Off|p1a: Bellator
|-resisted|p1a: Bellator
|-damage|p1a: Bellator|80/100
|-enditem|p1a: Bellator|Eviolite|[from] move: Knock Off|[of] p2a: Takira
|move|p1a: Bellator|Iron Head|p2a: Takira
|-damage|p2a: Takira|40/100 tox
|
|-heal|p2a: Takira|52/100 tox|[from] ability: Poison Heal
|upkeep
|turn|11
|
|t:|1769414512
|move|p2a: Takira|Protect|p2a: Takira
|-singleturn|p2a: Takira|Protect
|move|p1a: Bellator|Iron Head|p2a: Takira
|-activate|p2a: Takira|move: Protect
|
|-heal|p2a: Takira|65/100 tox|[from] ability: Poison Heal
|upkeep
|turn|12
|
|t:|1769414519
|-terastallize|p2a: Takira|Normal
|move|p1a: Bellator|Sucker Punch|p2a: Takira
|-damage|p2a: Takira|11/100 tox
|move|p2a: Takira|Facade|p1a: Bellator
|-resisted|p1a: Bellator
|-crit|p1a: Bellator
|-damage|p1a: Bellator|0 fnt
|faint|p1a: Bellator
|
|-heal|p2a: Takira|24/100 tox|[from] ability: Poison Heal
|upkeep
|
|t:|1769414528
|switch|p1a: Railgun|Dragapult, M|100/100
|turn|13
|
|t:|1769414534
|move|p2a: Takira|Protect|p2a: Takira
|-singleturn|p2a: Takira|Protect
|move|p1a: Railgun|Dragon Darts|p2a: Takira
|-activate|p2a: Takira|move: Protect
|
|-heal|p2a: Takira|36/100 tox|[from] ability: Poison Heal
|upkeep
|turn|14
|
|t:|1769414546
|move|p2a: Takira|Protect|p2a: Takira
|-singleturn|p2a: Takira|Protect
|move|p1a: Railgun|Dragon Darts|p2a: Takira
|-activate|p2a: Takira|move: Protect
|
|-heal|p2a: Takira|49/100 tox|[from] ability: Poison Heal
|upkeep
|turn|15
|
|t:|1769414568
|move|p1a: Railgun|Reflect|p1a: Railgun
|-sidestart|p1: YumeKasumi76|Reflect
|move|p2a: Takira|Knock Off|p1a: Railgun
|-supereffective|p1a: Railgun
|-damage|p1a: Railgun|26/100
|-enditem|p1a: Railgun|Light Clay|[from] move: Knock Off|[of] p2a: Takira
|
|-heal|p2a: Takira|61/100 tox|[from] ability: Poison Heal
|upkeep
|turn|16
|
|t:|1769414576
|move|p2a: Takira|Protect|p2a: Takira
|-singleturn|p2a: Takira|Protect
|move|p1a: Railgun|Curse|p2a: Takira
|-start|p2a: Takira|Curse|[of] p1a: Railgun
|-damage|p1a: Railgun|0 fnt
|faint|p1a: Railgun
|
|-heal|p2a: Takira|74/100 tox|[from] ability: Poison Heal
|-damage|p2a: Takira|49/100 tox|[from] Curse
|upkeep
|
|t:|1769414581
|switch|p1a: Mentalist|Braviary-Hisui, M|100/100
|turn|17
|
|t:|1769414593
|move|p1a: Mentalist|Esper Wing|p2a: Takira
|-crit|p2a: Takira
|-damage|p2a: Takira|0 fnt
|-boost|p1a: Mentalist|spe|1
|faint|p2a: Takira
|
|upkeep
|
|t:|1769414603
|switch|p2a: Prushka|Kyurem|100/100
|-damage|p2a: Prushka|76/100|[from] Stealth Rock
|-ability|p2a: Prushka|Pressure
|turn|18
|inactive|Lilodious has 120 seconds left.
|
|t:|1769414641
|move|p1a: Mentalist|Esper Wing|p2a: Prushka
|-damage|p2a: Prushka|39/100
|-boost|p1a: Mentalist|spe|1
|move|p2a: Prushka|Draco Meteor|p1a: Mentalist
|-damage|p1a: Mentalist|0 fnt
|-unboost|p2a: Prushka|spa|2
|faint|p1a: Mentalist
|
|upkeep
|
|t:|1769414649
|switch|p1a: Sovereign|Entei|100/100
|turn|19
|inactive|Lilodious has 120 seconds left.
|
|t:|1769414664
|switch|p2a: Recima|Dragapult, F|100/100
|move|p1a: Sovereign|Sacred Fire|p2a: Recima
|-resisted|p2a: Recima
|-damage|p2a: Recima|62/100
|
|upkeep
|turn|20
|
|t:|1769414680
|switch|p1a: Hikari|Glimmora, F|100/100
|move|p2a: Recima|Dragon Darts|p1a: Hikari
|-damage|p1a: Hikari|78/100
|-activate|p1a: Hikari|ability: Toxic Debris
|-sidestart|p2: Lilodious|move: Toxic Spikes
|-anim|p2a: Recima|Dragon Darts|p1a: Hikari
|-damage|p1a: Hikari|53/100
|-activate|p1a: Hikari|ability: Toxic Debris
|-sidestart|p2: Lilodious|move: Toxic Spikes
|
|upkeep
|turn|21
|
|t:|1769414695
|move|p2a: Recima|Dragon Darts|p1a: Hikari
|-damage|p1a: Hikari|28/100
|-anim|p2a: Recima|Dragon Darts|p1a: Hikari
|-damage|p1a: Hikari|2/100
|move|p1a: Hikari|Energy Ball|p2a: Recima
|-resisted|p2a: Recima
|-damage|p2a: Recima|40/100
|-unboost|p2a: Recima|spd|1
|
|upkeep
|turn|22
|
|t:|1769414714
|move|p2a: Recima|Dragon Darts|p1a: Hikari
|-damage|p1a: Hikari|0 fnt
|faint|p1a: Hikari
|
|-sideend|p1: YumeKasumi76|Reflect
|upkeep
|
|t:|1769414716
|switch|p1a: Sovereign|Entei|100/100
|turn|23
|
|t:|1769414726
|move|p2a: Recima|Dragon Darts|p1a: Sovereign
|-damage|p1a: Sovereign|81/100
|-anim|p2a: Recima|Dragon Darts|p1a: Sovereign
|-damage|p1a: Sovereign|61/100
|move|p1a: Sovereign|Sacred Fire|p2a: Recima
|-resisted|p2a: Recima
|-damage|p2a: Recima|6/100
|
|upkeep
|turn|24
|
|t:|1769414733
|move|p2a: Recima|Dragon Darts|p1a: Sovereign
|-damage|p1a: Sovereign|43/100
|-anim|p2a: Recima|Dragon Darts|p1a: Sovereign
|-damage|p1a: Sovereign|23/100
|move|p1a: Sovereign|Roar|p2a: Recima
|drag|p2a: Prushka|Kyurem|39/100
|-damage|p2a: Prushka|14/100|[from] Stealth Rock
|-status|p2a: Prushka|tox
|-ability|p2a: Prushka|Pressure
|
|-damage|p2a: Prushka|8/100 tox|[from] psn
|upkeep
|turn|25
|
|t:|1769414745
|move|p1a: Sovereign|Extreme Speed|p2a: Prushka
|-damage|p2a: Prushka|0 fnt
|faint|p2a: Prushka
|
|upkeep
|
|t:|1769414751
|switch|p2a: Mitty|Great Tusk|100/100
|turn|26
|
|t:|1769414756
|-terastallize|p1a: Sovereign|Normal
|move|p2a: Mitty|Headlong Rush|p1a: Sovereign
|-damage|p1a: Sovereign|0 fnt
|-unboost|p2a: Mitty|def|1
|-unboost|p2a: Mitty|spd|1
|faint|p1a: Sovereign
|
|win|Lilodious
|raw|YumeKasumi76's rating: 1252 &rarr; <strong>1225</strong><br />(-27 for losing)
|raw|Lilodious's rating: 1230 &rarr; <strong>1257</strong><br />(+27 for winning)
|l|☆YumeKasumi76
|player|p1|
|l|☆Lilodious
|player|p2|
