|j|☆michael00000000
|j|☆tat4n
|t:|1769294751
|gametype|singles
|player|p1|michael00000000|clair|1376
|player|p2|tat4n|zinnia|1343
|gen|9
|tier|[Gen 9] OU
|rated|
|rule|HP Percentage Mod: HP is shown in percentages
|rule|Endless Battle Clause: Forcing endless battles is banned
|rule|Species Clause: Limit one of each Pokémon
|rule|OHKO Clause: OHKO moves are banned
|rule|Evasion Items Clause: Evasion items are banned
|rule|Evasion Moves Clause: Evasion moves are banned
|rule|Evasion Abilities Clause: Evasion abilities are banned
|rule|Sleep Moves Clause: Sleep-inducing moves are banned
|clearpoke
|poke|p1|Gardevoir, F|
|poke|p1|Iron Valiant|
|poke|p1|Arcanine, M|
|poke|p1|Hatterene, F|
|poke|p1|Dragapult, F|
|poke|p1|Milotic, F|
|poke|p2|Hydreigon, F|
|poke|p2|Blaziken, F|
|poke|p2|Meowscarada, F|
|poke|p2|Hatterene, F|
|poke|p2|Gholdengo|
|poke|p2|Gyarados, M|
|teampreview
|
|t:|1769294786
|teamsize|p1|6
|teamsize|p2|6
|start
|switch|p1a: Rhea|Gardevoir, F, shiny|100/100
|switch|p2a: Gyarados|Gyarados, M|100/100
|-ability|p2a: Gyarados|Intimidate|boost
|-unboost|p1a: Rhea|atk|1
|-ability|p1a: Rhea|Intimidate|Trace|[from] ability: Trace|[of] p2a: Gyarados
|-ability|p1a: Rhea|Intimidate|boost
|-unboost|p2a: Gyarados|atk|1
|turn|1
|c|☆tat4n|Wait...
|c|☆tat4n|That Gardevoir's name reminds me of someone...
|c|☆tat4n|Hm...
|c|☆tat4n|Oh well
|
|t:|1769294811
|move|p2a: Gyarados|Waterfall|p1a: Rhea
|-crit|p1a: Rhea
|-damage|p1a: Rhea|0 fnt
|faint|p1a: Rhea
|-damage|p2a: Gyarados|91/100|[from] item: Life Orb
|
|upkeep
|c|☆tat4n|WOAH
|
|t:|1769294824
|switch|p1a: Mercé|Dragapult, F, shiny|100/100
|turn|2
|c|☆tat4n|Gyarados!
|c|☆michael00000000|rip
|c|☆tat4n|Why that agressive
|
|t:|1769294832
|move|p1a: Mercé|Thunder Wave|p2a: Gyarados
|-status|p2a: Gyarados|par
|move|p2a: Gyarados|Crunch|p1a: Mercé
|-supereffective|p1a: Mercé
|-damage|p1a: Mercé|35/100
|-damage|p2a: Gyarados|81/100 par|[from] item: Life Orb
|
|upkeep
|turn|3
|
|t:|1769294839
|move|p1a: Mercé|Hex|p2a: Gyarados
|-damage|p2a: Gyarados|24/100 par
|move|p2a: Gyarados|Crunch|p1a: Mercé
|-supereffective|p1a: Mercé
|-damage|p1a: Mercé|0 fnt
|faint|p1a: Mercé
|-damage|p2a: Gyarados|14/100 par|[from] item: Life Orb
|
|upkeep
|
|t:|1769294843
|switch|p1a: Hermé|Iron Valiant, shiny|100/100
|-enditem|p1a: Hermé|Booster Energy
|-activate|p1a: Hermé|ability: Quark Drive|[fromitem]
|-start|p1a: Hermé|quarkdrivespe
|turn|4
|c|☆tat4n|Gyarados!
|
|t:|1769294849
|move|p1a: Hermé|Moonblast|p2a: Gyarados
|-damage|p2a: Gyarados|0 fnt
|faint|p2a: Gyarados
|
|upkeep
|
|t:|1769294878
|switch|p2a: Gholdst|Gholdengo|100/100
|turn|5
|
|t:|1769294881
|-terastallize|p1a: Hermé|Dark
|move|p1a: Hermé|Knock Off|p2a: Gholdst
|-supereffective|p2a: Gholdst
|-damage|p2a: Gholdst|0 fnt
|-enditem|p2a: Gholdst|Choice Scarf|[from] move: Knock Off|[of] p1a: Hermé
|faint|p2a: Gholdst
|
|upkeep
|c|☆tat4n|😭😭😭😭😭😭😭
|
|t:|1769294904
|switch|p2a: Kusanya|Meowscarada, F|100/100
|turn|6
|
|t:|1769294918
|move|p2a: Kusanya|U-turn|p1a: Hermé
|-start|p2a: Kusanya|typechange|Bug|[from] ability: Protean
|-supereffective|p1a: Hermé
|-damage|p1a: Hermé|11/100
|
|t:|1769294926
|switch|p2a: Blaze|Blaziken, F|100/100|[from] U-turn
|move|p1a: Hermé|Knock Off|p2a: Blaze
|-resisted|p2a: Blaze
|-damage|p2a: Blaze|60/100
|-enditem|p2a: Blaze|Scope Lens|[from] move: Knock Off|[of] p1a: Hermé
|
|upkeep
|turn|7
|
|t:|1769294934
|-end|p1a: Hermé|Quark Drive|[silent]
|switch|p1a: Nimbus|Arcanine, M|100/100
|-ability|p1a: Nimbus|Intimidate|boost
|-unboost|p2a: Blaze|atk|1
|move|p2a: Blaze|Protect||[still]
|-fail|p2a: Blaze
|
|-ability|p2a: Blaze|Speed Boost|boost
|-boost|p2a: Blaze|spe|1
|upkeep
|turn|8
|
|t:|1769294943
|move|p1a: Nimbus|Extreme Speed|p2a: Blaze
|-crit|p2a: Blaze
|-damage|p2a: Blaze|0 fnt
|faint|p2a: Blaze
|
|upkeep
|
|t:|1769294951
|switch|p2a: Hydranoid|Hydreigon, F|100/100
|turn|9
|
|t:|1769294961
|switch|p1a: Ceteres|Milotic, F, shiny|100/100
|move|p2a: Hydranoid|Dark Pulse|p1a: Ceteres
|-crit|p1a: Ceteres
|-damage|p1a: Ceteres|53/100
|
|-heal|p1a: Ceteres|59/100|[from] item: Leftovers
|upkeep
|turn|10
|
|t:|1769294969
|move|p2a: Hydranoid|Dark Pulse|p1a: Ceteres
|-damage|p1a: Ceteres|30/100
|move|p1a: Ceteres|Ice Beam|p2a: Hydranoid
|-supereffective|p2a: Hydranoid
|-damage|p2a: Hydranoid|56/100
|
|-heal|p1a: Ceteres|37/100|[from] item: Leftovers
|upkeep
|turn|11
|
|t:|1769294977
|move|p2a: Hydranoid|Draco Meteor|p1a: Ceteres
|-damage|p1a: Ceteres|0 fnt
|-unboost|p2a: Hydranoid|spa|2
|faint|p1a: Ceteres
|
|upkeep
|
|t:|1769294981
|switch|p1a: Hermé|Iron Valiant, shiny, tera:Dark|11/100
|turn|12
|
|t:|1769294985
|move|p1a: Hermé|Moonblast|p2a: Hydranoid
|-supereffective|p2a: Hydranoid
|-damage|p2a: Hydranoid|0 fnt
|faint|p2a: Hydranoid
|
|upkeep
|
|t:|1769294987
|switch|p2a: Kusanya|Meowscarada, F|100/100
|turn|13
|
|t:|1769294992
|move|p2a: Kusanya|U-turn|p1a: Hermé
|-start|p2a: Kusanya|typechange|Bug|[from] ability: Protean
|-supereffective|p1a: Hermé
|-damage|p1a: Hermé|0 fnt
|faint|p1a: Hermé
|-end|p1a: Hermé|Quark Drive|[silent]
|
|t:|1769294994
|switch|p2a: Hokorene|Hatterene, F|100/100|[from] U-turn
|
|upkeep
|
|t:|1769294997
|switch|p1a: Noir|Hatterene, F, shiny|100/100
|turn|14
|
|t:|1769295000
|move|p1a: Noir|Mystical Fire|p2a: Hokorene
|-damage|p2a: Hokorene|69/100
|-unboost|p2a: Hokorene|spa|1
|move|p2a: Hokorene|Nuzzle|p1a: Noir
|-crit|p1a: Noir
|-damage|p1a: Noir|94/100
|-status|p1a: Noir|par
|
|-heal|p2a: Hokorene|75/100|[from] item: Leftovers
|upkeep
|turn|15
|
|t:|1769295004
|move|p2a: Hokorene|Calm Mind|p2a: Hokorene
|-boost|p2a: Hokorene|spa|1
|-boost|p2a: Hokorene|spd|1
|cant|p1a: Noir|par
|
|-heal|p2a: Hokorene|81/100|[from] item: Leftovers
|upkeep
|turn|16
|
|t:|1769295010
|switch|p1a: Nimbus|Arcanine, M|100/100
|-ability|p1a: Nimbus|Intimidate|boost
|-unboost|p2a: Hokorene|atk|1
|move|p2a: Hokorene|Calm Mind|p2a: Hokorene
|-boost|p2a: Hokorene|spa|1
|-boost|p2a: Hokorene|spd|1
|
|-heal|p2a: Hokorene|87/100|[from] item: Leftovers
|upkeep
|turn|17
|
|t:|1769295014
|move|p1a: Nimbus|Flare Blitz|p2a: Hokorene
|-damage|p2a: Hokorene|0 fnt
|faint|p2a: Hokorene
|-damage|p1a: Nimbus|72/100|[from] Recoil
|
|upkeep
|
|t:|1769295020
|switch|p2a: Kusanya|Meowscarada, F|100/100
|turn|18
|
|t:|1769295023
|-terastallize|p2a: Kusanya|Grass
|move|p2a: Kusanya|Flower Trick|p1a: Nimbus
|-resisted|p1a: Nimbus
|-crit|p1a: Nimbus
|-damage|p1a: Nimbus|31/100
|move|p1a: Nimbus|Flare Blitz|p2a: Kusanya
|-supereffective|p2a: Kusanya
|-damage|p2a: Kusanya|0 fnt
|faint|p2a: Kusanya
|-damage|p1a: Nimbus|0 fnt|[from] Recoil
|faint|p1a: Nimbus
|
|win|michael00000000
|raw|michael00000000's rating: 1355 &rarr; <strong>1374</strong><br />(+19 for winning)
|raw|tat4n's rating: 1343 &rarr; <strong>1324</strong><br />(-19 for losing)
|c|☆michael00000000|gg wp
|c|☆tat4n|I let you win
|c|☆tat4n|Gg
|l|☆tat4n
|player|p2|
|c|☆michael00000000|thanks
|l|☆michael00000000
|player|p1|
