|j|☆about12
|j|☆FdePerro28
|t:|1769345944
|gametype|singles
|player|p1|about12|2|1108
|player|p2|FdePerro28|firebreather|1142
|gen|9
|tier|[Gen 9] OU
|rated|
|rule|HP Percentage Mod: HP is shown in percentages
|rule|Endless Battle Clause: Forcing endless battles is banned
|rule|Species Clause: Limit one of each Pokémon
|rule|OHKO Clause: OHKO moves are banned
|rule|Evasion Items Clause: Evasion items are banned
|rule|Evasion Moves Clause: Evasion moves are banned
|rule|Evasion Abilities Clause: Evasion abilities are banned
|rule|Sleep Moves Clause: Sleep-inducing moves are banned
|clearpoke
|poke|p1|Chandelure, F|
|poke|p1|Trevenant, M|
|poke|p1|Iron Thorns|
|poke|p1|Dragonite, M|
|poke|p1|Articuno-Galar|
|poke|p1|Meowscarada, M|
|poke|p2|Mandibuzz, F|
|poke|p2|Meowscarada, M|
|poke|p2|Weezing-Galar, F|
|poke|p2|Klefki, M|
|poke|p2|Illumise, F|
|poke|p2|Frosmoth, F|
|teampreview
|inactive|Battle timer is ON: inactive players will automatically lose when time's up. (requested by about12)
|
|t:|1769345957
|teamsize|p1|6
|teamsize|p2|6
|start
|switch|p1a: Chandelure|Chandelure, F|100/100
|switch|p2a: Meowscarada|Meowscarada, M, shiny|100/100
|turn|1
|
|t:|1769345966
|switch|p1a: Dragonite|Dragonite, M|100/100
|move|p2a: Meowscarada|Sucker Punch||[still]
|-fail|p2a: Meowscarada
|
|upkeep
|turn|2
|
|t:|1769345972
|move|p2a: Meowscarada|U-turn|p1a: Dragonite
|-start|p2a: Meowscarada|typechange|Bug|[from] ability: Protean
|-resisted|p1a: Dragonite
|-damage|p1a: Dragonite|91/100
|
|t:|1769345976
|switch|p2a: Weezing|Weezing-Galar, F|100/100|[from] U-turn
|-fieldstart|move: Misty Terrain|[from] ability: Misty Surge|[of] p2a: Weezing
|move|p1a: Dragonite|Ice Spinner|p2a: Weezing
|-damage|p2a: Weezing|81/100
|-fieldend|Misty Terrain
|
|upkeep
|turn|3
|
|t:|1769345989
|switch|p1a: Articuno|Articuno-Galar|100/100
|move|p2a: Weezing|Sludge Wave|p1a: Articuno
|-damage|p1a: Articuno|69/100
|
|-heal|p1a: Articuno|75/100|[from] item: Leftovers
|upkeep
|turn|4
|
|t:|1769346004
|switch|p2a: Illumise|Illumise, F|100/100
|move|p1a: Articuno|Hurricane|p2a: Illumise
|-supereffective|p2a: Illumise
|-damage|p2a: Illumise|3/100
|
|-heal|p1a: Articuno|81/100|[from] item: Leftovers
|-heal|p2a: Illumise|9/100|[from] item: Leftovers
|upkeep
|turn|5
|
|t:|1769346009
|move|p2a: Illumise|Thunder Wave|p1a: Articuno
|-status|p1a: Articuno|par
|cant|p1a: Articuno|par
|
|-heal|p2a: Illumise|15/100|[from] item: Leftovers
|-heal|p1a: Articuno|87/100 par|[from] item: Leftovers
|upkeep
|turn|6
|
|t:|1769346018
|move|p2a: Illumise|U-turn|p1a: Articuno
|-damage|p1a: Articuno|72/100 par
|
|t:|1769346021
|switch|p2a: Klefki|Klefki, M|100/100|[from] U-turn
|move|p1a: Articuno|Freezing Glare|p2a: Klefki
|-resisted|p2a: Klefki
|-damage|p2a: Klefki|76/100
|
|-heal|p2a: Klefki|82/100|[from] item: Leftovers
|-heal|p1a: Articuno|78/100 par|[from] item: Leftovers
|upkeep
|turn|7
|
|t:|1769346029
|move|p2a: Klefki|Light Screen|p2a: Klefki
|-sidestart|p2: FdePerro28|move: Light Screen
|move|p1a: Articuno|Calm Mind|p1a: Articuno
|-boost|p1a: Articuno|spa|1
|-boost|p1a: Articuno|spd|1
|
|-heal|p2a: Klefki|88/100|[from] item: Leftovers
|-heal|p1a: Articuno|84/100 par|[from] item: Leftovers
|upkeep
|turn|8
|
|t:|1769346038
|switch|p2a: Frosmoth|Frosmoth, F|100/100
|move|p1a: Articuno|Calm Mind|p1a: Articuno
|-boost|p1a: Articuno|spa|1
|-boost|p1a: Articuno|spd|1
|
|-heal|p1a: Articuno|90/100 par|[from] item: Leftovers
|upkeep
|turn|9
|
|t:|1769346045
|-terastallize|p2a: Frosmoth|Fire
|move|p2a: Frosmoth|Quiver Dance|p2a: Frosmoth
|-boost|p2a: Frosmoth|spa|1
|-boost|p2a: Frosmoth|spd|1
|-boost|p2a: Frosmoth|spe|1
|move|p1a: Articuno|Hurricane|p2a: Frosmoth
|-damage|p2a: Frosmoth|76/100
|
|-heal|p1a: Articuno|96/100 par|[from] item: Leftovers
|upkeep
|turn|10
|
|t:|1769346053
|move|p2a: Frosmoth|Quiver Dance|p2a: Frosmoth
|-boost|p2a: Frosmoth|spa|1
|-boost|p2a: Frosmoth|spd|1
|-boost|p2a: Frosmoth|spe|1
|move|p1a: Articuno|Freezing Glare|p2a: Frosmoth
|-damage|p2a: Frosmoth|61/100
|
|-heal|p1a: Articuno|100/100 par|[from] item: Leftovers
|upkeep
|turn|11
|
|t:|1769346055
|move|p2a: Frosmoth|Quiver Dance|p2a: Frosmoth
|-boost|p2a: Frosmoth|spa|1
|-boost|p2a: Frosmoth|spd|1
|-boost|p2a: Frosmoth|spe|1
|move|p1a: Articuno|Freezing Glare|p2a: Frosmoth
|-damage|p2a: Frosmoth|49/100
|
|-sideend|p2: FdePerro28|move: Light Screen
|upkeep
|turn|12
|
|t:|1769346068
|move|p2a: Frosmoth|Ice Beam|p1a: Articuno
|-supereffective|p1a: Articuno
|-damage|p1a: Articuno|0 fnt
|faint|p1a: Articuno
|
|upkeep
|
|t:|1769346071
|switch|p1a: Dragonite|Dragonite, M|91/100
|turn|13
|
|t:|1769346079
|switch|p2a: Mandibuzz|Mandibuzz, F|100/100
|-terastallize|p1a: Dragonite|Normal
|move|p1a: Dragonite|Extreme Speed|p2a: Mandibuzz
|-damage|p2a: Mandibuzz|73/100
|
|upkeep
|turn|14
|
|t:|1769346086
|switch|p1a: Iron Thorns|Iron Thorns|100/100
|move|p2a: Mandibuzz|Foul Play|p1a: Iron Thorns
|-damage|p1a: Iron Thorns|57/100
|
|upkeep
|turn|15
|
|t:|1769346096
|move|p1a: Iron Thorns|Rock Blast|p2a: Mandibuzz
|-supereffective|p2a: Mandibuzz
|-damage|p2a: Mandibuzz|57/100
|-supereffective|p2a: Mandibuzz
|-damage|p2a: Mandibuzz|43/100
|-supereffective|p2a: Mandibuzz
|-damage|p2a: Mandibuzz|28/100
|-supereffective|p2a: Mandibuzz
|-damage|p2a: Mandibuzz|12/100
|-hitcount|p2a: Mandibuzz|4
|move|p2a: Mandibuzz|U-turn|p1a: Iron Thorns
|-damage|p1a: Iron Thorns|46/100
|
|t:|1769346108
|switch|p2a: Meowscarada|Meowscarada, M, shiny|100/100|[from] U-turn
|
|upkeep
|turn|16
|
|t:|1769346113
|-end|p1a: Iron Thorns|Quark Drive|[silent]
|switch|p1a: Trevenant|Trevenant, M|100/100
|move|p2a: Meowscarada|Flower Trick|p1a: Trevenant
|-start|p2a: Meowscarada|typechange|Grass|[from] ability: Protean
|-resisted|p1a: Trevenant
|-crit|p1a: Trevenant
|-damage|p1a: Trevenant|70/100
|
|upkeep
|turn|17
|
|t:|1769346123
|move|p1a: Trevenant|Sucker Punch|p2a: Meowscarada
|-damage|p2a: Meowscarada|52/100
|-damage|p1a: Trevenant|60/100|[from] item: Life Orb
|move|p2a: Meowscarada|U-turn|p1a: Trevenant
|-damage|p1a: Trevenant|28/100
|
|t:|1769346130
|switch|p2a: Illumise|Illumise, F|15/100|[from] U-turn
|
|-heal|p2a: Illumise|21/100|[from] item: Leftovers
|upkeep
|turn|18
|
|t:|1769346135
|move|p2a: Illumise|Encore|p1a: Trevenant
|-start|p1a: Trevenant|Encore
|move|p1a: Trevenant|Sucker Punch||[still]
|-fail|p1a: Trevenant
|
|-heal|p2a: Illumise|27/100|[from] item: Leftovers
|upkeep
|turn|19
|
|t:|1769346142
|switch|p1a: Chandelure|Chandelure, F|100/100
|move|p2a: Illumise|Wish|p2a: Illumise
|
|-heal|p2a: Illumise|33/100|[from] item: Leftovers
|upkeep
|turn|20
|
|t:|1769346148
|switch|p2a: Frosmoth|Frosmoth, F, tera:Fire|49/100
|move|p1a: Chandelure|Heat Wave|p2a: Frosmoth
|-resisted|p2a: Frosmoth
|-damage|p2a: Frosmoth|21/100
|
|-heal|p2a: Frosmoth|81/100|[from] move: Wish|[wisher] Illumise
|upkeep
|turn|21
|
|t:|1769346163
|switch|p1a: Meowscarada|Meowscarada, M|100/100
|move|p2a: Frosmoth|Ice Beam|p1a: Meowscarada
|-supereffective|p1a: Meowscarada
|-damage|p1a: Meowscarada|0 fnt
|faint|p1a: Meowscarada
|
|upkeep
|
|t:|1769346168
|switch|p1a: Iron Thorns|Iron Thorns|46/100
|turn|22
|
|t:|1769346175
|switch|p2a: Mandibuzz|Mandibuzz, F|12/100
|move|p1a: Iron Thorns|Rock Blast|p2a: Mandibuzz
|-supereffective|p2a: Mandibuzz
|-damage|p2a: Mandibuzz|0 fnt
|faint|p2a: Mandibuzz
|-hitcount|p2: Mandibuzz|1
|
|upkeep
|
|t:|1769346179
|switch|p2a: Meowscarada|Meowscarada, M, shiny|52/100
|turn|23
|
|t:|1769346187
|-end|p1a: Iron Thorns|Quark Drive|[silent]
|switch|p1a: Chandelure|Chandelure, F|100/100
|move|p2a: Meowscarada|Flower Trick|p1a: Chandelure
|-start|p2a: Meowscarada|typechange|Grass|[from] ability: Protean
|-resisted|p1a: Chandelure
|-crit|p1a: Chandelure
|-damage|p1a: Chandelure|67/100
|
|upkeep
|turn|24
|
|t:|1769346194
|move|p2a: Meowscarada|Sucker Punch|p1a: Chandelure
|-supereffective|p1a: Chandelure
|-damage|p1a: Chandelure|1/100
|move|p1a: Chandelure|Shadow Ball|p2a: Meowscarada
|-damage|p2a: Meowscarada|0 fnt
|faint|p2a: Meowscarada
|
|upkeep
|
|t:|1769346198
|switch|p2a: Frosmoth|Frosmoth, F, tera:Fire|81/100
|turn|25
|
|t:|1769346208
|move|p1a: Chandelure|Shadow Ball|p2a: Frosmoth
|-damage|p2a: Frosmoth|28/100
|-unboost|p2a: Frosmoth|spd|1
|move|p2a: Frosmoth|Bug Buzz|p1a: Chandelure
|-resisted|p1a: Chandelure
|-damage|p1a: Chandelure|0 fnt
|faint|p1a: Chandelure
|
|upkeep
|
|t:|1769346214
|switch|p1a: Dragonite|Dragonite, M, tera:Normal|91/100
|turn|26
|
|t:|1769346220
|switch|p2a: Illumise|Illumise, F|33/100
|move|p1a: Dragonite|Extreme Speed|p2a: Illumise
|-damage|p2a: Illumise|0 fnt
|faint|p2a: Illumise
|
|upkeep
|
|t:|1769346222
|switch|p2a: Klefki|Klefki, M|88/100
|turn|27
|
|t:|1769346226
|move|p2a: Klefki|Reflect|p2a: Klefki
|-sidestart|p2: FdePerro28|Reflect
|move|p1a: Dragonite|Earthquake|p2a: Klefki
|-supereffective|p2a: Klefki
|-damage|p2a: Klefki|51/100
|
|-heal|p2a: Klefki|57/100|[from] item: Leftovers
|upkeep
|turn|28
|
|t:|1769346229
|move|p2a: Klefki|Thunder Wave|p1a: Dragonite
|-status|p1a: Dragonite|par
|move|p1a: Dragonite|Dragon Dance|p1a: Dragonite
|-boost|p1a: Dragonite|atk|1
|-boost|p1a: Dragonite|spe|1
|
|-heal|p2a: Klefki|63/100|[from] item: Leftovers
|upkeep
|turn|29
|
|t:|1769346234
|move|p1a: Dragonite|Dragon Dance|p1a: Dragonite
|-boost|p1a: Dragonite|atk|1
|-boost|p1a: Dragonite|spe|1
|move|p2a: Klefki|Foul Play|p1a: Dragonite
|-damage|p1a: Dragonite|12/100 par
|
|-heal|p2a: Klefki|69/100|[from] item: Leftovers
|upkeep
|turn|30
|
|t:|1769346239
|move|p1a: Dragonite|Earthquake|p2a: Klefki
|-supereffective|p2a: Klefki
|-damage|p2a: Klefki|0 fnt
|faint|p2a: Klefki
|
|upkeep
|
|t:|1769346256
|switch|p2a: Frosmoth|Frosmoth, F, tera:Fire|28/100
|turn|31
|
|t:|1769346259
|move|p1a: Dragonite|Extreme Speed|p2a: Frosmoth
|-damage|p2a: Frosmoth|0 fnt
|faint|p2a: Frosmoth
|
|-sideend|p2: FdePerro28|Reflect
|upkeep
|
|t:|1769346261
|switch|p2a: Weezing|Weezing-Galar, F|81/100
|-fieldstart|move: Misty Terrain|[from] ability: Misty Surge|[of] p2a: Weezing
|turn|32
|
|t:|1769346264
|move|p1a: Dragonite|Extreme Speed|p2a: Weezing
|-damage|p2a: Weezing|20/100
|move|p2a: Weezing|Sludge Wave|p1a: Dragonite
|-damage|p1a: Dragonite|0 fnt
|faint|p1a: Dragonite
|
|upkeep
|
|t:|1769346271
|switch|p1a: Trevenant|Trevenant, M|28/100
|turn|33
|
|t:|1769346274
|move|p1a: Trevenant|Sucker Punch|p2a: Weezing
|-resisted|p2a: Weezing
|-damage|p2a: Weezing|11/100
|-damage|p1a: Trevenant|18/100|[from] item: Life Orb
|move|p2a: Weezing|Sludge Wave|p1a: Trevenant
|-damage|p1a: Trevenant|0 fnt
|faint|p1a: Trevenant
|
|upkeep
|
|t:|1769346277
|switch|p1a: Iron Thorns|Iron Thorns|46/100
|turn|34
|
|t:|1769346279
|move|p1a: Iron Thorns|Rock Blast|p2a: Weezing
|-crit|p2a: Weezing
|-damage|p2a: Weezing|0 fnt
|faint|p2a: Weezing
|-hitcount|p2: Weezing|1
|
|win|about12
|raw|about12's rating: 1108 &rarr; <strong>1135</strong><br />(+27 for winning)
|raw|FdePerro28's rating: 1142 &rarr; <strong>1115</strong><br />(-27 for losing)
|l|☆FdePerro28
|player|p2|
