|j|☆pinkwalll
|j|☆quoge gaming
|t:|1769412797
|gametype|singles
|player|p1|pinkwalll|battlegirl|1473
|player|p2|quoge gaming|clay|1586
|gen|9
|tier|[Gen 9] OU
|rated|
|rule|HP Percentage Mod: HP is shown in percentages
|rule|Endless Battle Clause: Forcing endless battles is banned
|rule|Species Clause: Limit one of each Pokémon
|rule|OHKO Clause: OHKO moves are banned
|rule|Evasion Items Clause: Evasion items are banned
|rule|Evasion Moves Clause: Evasion moves are banned
|rule|Evasion Abilities Clause: Evasion abilities are banned
|rule|Sleep Moves Clause: Sleep-inducing moves are banned
|clearpoke
|poke|p1|Torkoal, F|
|poke|p1|Scovillain, F|
|poke|p1|Walking Wake|
|poke|p1|Hatterene, F|
|poke|p1|Great Tusk|
|poke|p1|Ceruledge, F|
|poke|p2|Crawdaunt, F|
|poke|p2|Pelipper, F|
|poke|p2|Barraskewda, F|
|poke|p2|Raging Bolt|
|poke|p2|Iron Crown|
|poke|p2|Iron Treads|
|teampreview
|inactive|Battle timer is ON: inactive players will automatically lose when time's up. (requested by pinkwalll)
|
|t:|1769412804
|teamsize|p1|6
|teamsize|p2|6
|start
|switch|p1a: Torkoal|Torkoal, F|100/100
|switch|p2a: Barraskewda|Barraskewda, F|100/100
|-weather|SunnyDay|[from] ability: Drought|[of] p1a: Torkoal
|turn|1
|
|t:|1769412817
|switch|p1a: Hatterene|Hatterene, F, shiny|100/100
|move|p2a: Barraskewda|Flip Turn|p1a: Hatterene
|-damage|p1a: Hatterene|79/100
|-enditem|p1a: Hatterene|Eject Button
|
|t:|1769412821
|switch|p1a: Scovillain|Scovillain, F|100/100
|
|-weather|SunnyDay|[upkeep]
|upkeep
|turn|2
|
|t:|1769412832
|switch|p2a: Pelipper|Pelipper, F|100/100
|-weather|RainDance|[from] ability: Drizzle|[of] p2a: Pelipper
|move|p1a: Scovillain|Giga Drain|p2a: Pelipper
|-damage|p2a: Pelipper|35/100
|-damage|p1a: Scovillain|91/100|[from] item: Life Orb
|
|-weather|RainDance|[upkeep]
|upkeep
|turn|3
|
|t:|1769412838
|switch|p2a: Iron Crown|Iron Crown|100/100
|move|p1a: Scovillain|Giga Drain|p2a: Iron Crown
|-resisted|p2a: Iron Crown
|-damage|p2a: Iron Crown|85/100
|-heal|p1a: Scovillain|99/100|[from] drain|[of] p2a: Iron Crown
|-damage|p1a: Scovillain|90/100|[from] item: Life Orb
|
|-weather|RainDance|[upkeep]
|upkeep
|turn|4
|
|t:|1769412850
|switch|p1a: Torkoal|Torkoal, F|100/100
|-weather|SunnyDay|[from] ability: Drought|[of] p1a: Torkoal
|move|p2a: Iron Crown|Psychic Noise|p1a: Torkoal
|-damage|p1a: Torkoal|58/100
|-start|p1a: Torkoal|move: Heal Block
|
|-weather|SunnyDay|[upkeep]
|upkeep
|turn|5
|
|t:|1769412856
|switch|p1a: Hatterene|Hatterene, F, shiny|79/100
|move|p2a: Iron Crown|Psychic Noise|p1a: Hatterene
|-resisted|p1a: Hatterene
|-damage|p1a: Hatterene|63/100
|-start|p1a: Hatterene|move: Heal Block
|
|-weather|SunnyDay|[upkeep]
|upkeep
|turn|6
|
|t:|1769412867
|move|p2a: Iron Crown|Tachyon Cutter|p1a: Hatterene
|-supereffective|p1a: Hatterene
|-damage|p1a: Hatterene|19/100
|-supereffective|p1a: Hatterene
|-damage|p1a: Hatterene|0 fnt
|faint|p1a: Hatterene
|-hitcount|p1: Hatterene|2
|
|-weather|SunnyDay|[upkeep]
|upkeep
|
|t:|1769412873
|switch|p1a: Ceruledge|Ceruledge, F|100/100
|turn|7
|
|t:|1769412878
|move|p2a: Iron Crown|Volt Switch|p1a: Ceruledge
|-damage|p1a: Ceruledge|75/100
|
|t:|1769412882
|-end|p2a: Iron Crown|Quark Drive|[silent]
|switch|p2a: Crawdaunt|Crawdaunt, F|100/100|[from] Volt Switch
|move|p1a: Ceruledge|Bitter Blade|p2a: Crawdaunt
|-resisted|p2a: Crawdaunt
|-damage|p2a: Crawdaunt|49/100
|-heal|p1a: Ceruledge|99/100|[from] drain|[of] p2a: Crawdaunt
|
|-weather|SunnyDay|[upkeep]
|upkeep
|turn|8
|
|t:|1769412890
|move|p2a: Crawdaunt|Aqua Jet|p1a: Ceruledge
|-supereffective|p1a: Ceruledge
|-damage|p1a: Ceruledge|51/100
|-ability|p1a: Ceruledge|Weak Armor|boost
|-unboost|p1a: Ceruledge|def|1
|-boost|p1a: Ceruledge|spe|2
|-damage|p2a: Crawdaunt|39/100|[from] item: Life Orb
|move|p1a: Ceruledge|Solar Blade||[still]
|-prepare|p1a: Ceruledge|Solar Blade
|-anim|p1a: Ceruledge|Solar Blade|p2a: Crawdaunt
|-supereffective|p2a: Crawdaunt
|-damage|p2a: Crawdaunt|0 fnt
|faint|p2a: Crawdaunt
|
|-weather|SunnyDay|[upkeep]
|upkeep
|
|t:|1769412905
|switch|p2a: Pelipper|Pelipper, F|35/100
|-weather|RainDance|[from] ability: Drizzle|[of] p2a: Pelipper
|turn|9
|
|t:|1769412916
|switch|p2a: Iron Treads|Iron Treads|100/100
|-enditem|p2a: Iron Treads|Booster Energy
|-activate|p2a: Iron Treads|ability: Quark Drive|[fromitem]
|-start|p2a: Iron Treads|quarkdrivespe
|move|p1a: Ceruledge|Bitter Blade|p2a: Iron Treads
|-supereffective|p2a: Iron Treads
|-damage|p2a: Iron Treads|53/100
|-heal|p1a: Ceruledge|77/100|[from] drain|[of] p2a: Iron Treads
|
|-weather|RainDance|[upkeep]
|upkeep
|turn|10
|
|t:|1769412927
|switch|p1a: Don|Great Tusk, shiny|100/100
|move|p2a: Iron Treads|Earthquake|p1a: Don
|-damage|p1a: Don|66/100
|
|-weather|RainDance|[upkeep]
|upkeep
|turn|11
|
|t:|1769412936
|move|p2a: Iron Treads|Ice Spinner|p1a: Don
|-supereffective|p1a: Don
|-damage|p1a: Don|31/100
|-damage|p2a: Iron Treads|37/100|[from] item: Rocky Helmet|[of] p1a: Don
|move|p1a: Don|Headlong Rush|p2a: Iron Treads
|-supereffective|p2a: Iron Treads
|-damage|p2a: Iron Treads|0 fnt
|-unboost|p1a: Don|def|1
|-unboost|p1a: Don|spd|1
|faint|p2a: Iron Treads
|-end|p2a: Iron Treads|Quark Drive|[silent]
|
|-weather|RainDance|[upkeep]
|upkeep
|
|t:|1769412943
|switch|p2a: Barraskewda|Barraskewda, F|100/100
|turn|12
|
|t:|1769412948
|move|p2a: Barraskewda|Flip Turn|p1a: Don
|-supereffective|p1a: Don
|-damage|p1a: Don|0 fnt
|-damage|p2a: Barraskewda|84/100|[from] item: Rocky Helmet|[of] p1a: Don
|faint|p1a: Don
|-end|p1a: Don|Protosynthesis|[silent]
|
|t:|1769412954
|switch|p2a: Raging Bolt|Raging Bolt|100/100|[from] Flip Turn
|
|-weather|RainDance|[upkeep]
|upkeep
|
|t:|1769412962
|switch|p1a: Torkoal|Torkoal, F|58/100
|-weather|SunnyDay|[from] ability: Drought|[of] p1a: Torkoal
|-activate|p2a: Raging Bolt|ability: Protosynthesis
|-start|p2a: Raging Bolt|protosynthesisspa
|turn|13
|
|t:|1769412968
|move|p2a: Raging Bolt|Draco Meteor|p1a: Torkoal
|-damage|p1a: Torkoal|0 fnt
|-unboost|p2a: Raging Bolt|spa|2
|faint|p1a: Torkoal
|
|-weather|SunnyDay|[upkeep]
|upkeep
|
|t:|1769412974
|switch|p1a: Scovillain|Scovillain, F|90/100
|turn|14
|
|t:|1769412979
|-end|p2a: Raging Bolt|Protosynthesis|[silent]
|switch|p2a: Pelipper|Pelipper, F|35/100
|-weather|RainDance|[from] ability: Drizzle|[of] p2a: Pelipper
|move|p1a: Scovillain|Growth|p1a: Scovillain
|-boost|p1a: Scovillain|atk|1
|-boost|p1a: Scovillain|spa|1
|
|-weather|RainDance|[upkeep]
|upkeep
|turn|15
|
|t:|1769412985
|move|p1a: Scovillain|Giga Drain|p2a: Pelipper
|-crit|p2a: Pelipper
|-damage|p2a: Pelipper|0 fnt
|-heal|p1a: Scovillain|100/100|[from] drain|[of] p2a: Pelipper
|faint|p2a: Pelipper
|-damage|p1a: Scovillain|91/100|[from] item: Life Orb
|
|-weather|RainDance|[upkeep]
|upkeep
|
|t:|1769412993
|switch|p2a: Barraskewda|Barraskewda, F|84/100
|turn|16
|
|t:|1769413008
|move|p2a: Barraskewda|Flip Turn|p1a: Scovillain
|-damage|p1a: Scovillain|0 fnt
|faint|p1a: Scovillain
|
|t:|1769413013
|switch|p2a: Raging Bolt|Raging Bolt|100/100|[from] Flip Turn
|
|-weather|RainDance|[upkeep]
|upkeep
|
|t:|1769413017
|switch|p1a: Ceruledge|Ceruledge, F|77/100
|turn|17
|
|t:|1769413024
|move|p1a: Ceruledge|Swords Dance|p1a: Ceruledge
|-boost|p1a: Ceruledge|atk|2
|move|p2a: Raging Bolt|Weather Ball|p1a: Ceruledge
|-supereffective|p1a: Ceruledge
|-damage|p1a: Ceruledge|0 fnt
|faint|p1a: Ceruledge
|
|-weather|RainDance|[upkeep]
|upkeep
|
|t:|1769413026
|switch|p1a: Walking Wake|Walking Wake|100/100
|turn|18
|
|t:|1769413032
|-end|p2a: Raging Bolt|Protosynthesis|[silent]
|switch|p2a: Iron Crown|Iron Crown|85/100
|-terastallize|p1a: Walking Wake|Water
|move|p1a: Walking Wake|Hydro Steam|p2a: Iron Crown
|-damage|p2a: Iron Crown|0 fnt
|faint|p2a: Iron Crown
|-end|p2a: Iron Crown|Quark Drive|[silent]
|
|-weather|RainDance|[upkeep]
|upkeep
|
|t:|1769413045
|switch|p2a: Barraskewda|Barraskewda, F|84/100
|turn|19
|c|☆pinkwalll|gg i had to save tork
|
|t:|1769413056
|move|p2a: Barraskewda|Close Combat|p1a: Walking Wake
|-damage|p1a: Walking Wake|27/100
|-unboost|p2a: Barraskewda|def|1
|-unboost|p2a: Barraskewda|spd|1
|move|p1a: Walking Wake|Hydro Steam|p2a: Barraskewda
|-resisted|p2a: Barraskewda
|-damage|p2a: Barraskewda|0 fnt
|faint|p2a: Barraskewda
|
|-weather|RainDance|[upkeep]
|upkeep
|
|t:|1769413060
|switch|p2a: Raging Bolt|Raging Bolt|100/100
|turn|20
|
|t:|1769413066
|move|p2a: Raging Bolt|Thunderclap|p1a: Walking Wake
|-supereffective|p1a: Walking Wake
|-damage|p1a: Walking Wake|0 fnt
|faint|p1a: Walking Wake
|-end|p1a: Walking Wake|Protosynthesis|[silent]
|
|win|quoge gaming
|raw|pinkwalll's rating: 1473 &rarr; <strong>1459</strong><br />(-14 for losing)
|raw|quoge gaming's rating: 1586 &rarr; <strong>1600</strong><br />(+14 for winning)
|l|☆pinkwalll
|player|p1|
|c|☆quoge gaming|gg
|l|☆quoge gaming
|player|p2|
|j|☆quoge gaming
|player|p2|quoge gaming|clay|
