|j|☆ghighas
|j|☆Jinghan Yu
|t:|1769322334
|gametype|singles
|player|p1|ghighas|ghetsis|1426
|player|p2|Jinghan Yu|nate|1366
|gen|9
|tier|[Gen 9] OU
|rated|
|rule|HP Percentage Mod: HP is shown in percentages
|rule|Endless Battle Clause: Forcing endless battles is banned
|rule|Species Clause: Limit one of each Pokémon
|rule|OHKO Clause: OHKO moves are banned
|rule|Evasion Items Clause: Evasion items are banned
|rule|Evasion Moves Clause: Evasion moves are banned
|rule|Evasion Abilities Clause: Evasion abilities are banned
|rule|Sleep Moves Clause: Sleep-inducing moves are banned
|clearpoke
|poke|p1|Barraskewda, M|
|poke|p1|Pelipper, F|
|poke|p1|Dondozo, M|
|poke|p1|Ogerpon-Wellspring, F|
|poke|p1|Goodra-Hisui, M|
|poke|p1|Great Tusk|
|poke|p2|Blastoise, M|
|poke|p2|Tyranitar, M|
|poke|p2|Garchomp, M|
|poke|p2|Gyarados, M|
|poke|p2|Gengar, M|
|poke|p2|Excadrill, M|
|teampreview
|
|t:|1769322337
|teamsize|p1|6
|teamsize|p2|6
|start
|switch|p1a: Dondozo|Dondozo, M|100/100
|switch|p2a: Osten|Gyarados, M, shiny|100/100
|-ability|p2a: Osten|Intimidate|boost
|-unboost|p1a: Dondozo|atk|1
|turn|1
|
|t:|1769322340
|move|p2a: Osten|Dragon Dance|p2a: Osten
|-boost|p2a: Osten|atk|1
|-boost|p2a: Osten|spe|1
|move|p1a: Dondozo|Wave Crash|p2a: Osten
|-resisted|p2a: Osten
|-damage|p2a: Osten|84/100
|-damage|p1a: Dondozo|97/100|[from] Recoil
|
|-heal|p2a: Osten|90/100|[from] item: Leftovers
|-heal|p1a: Dondozo|100/100|[from] item: Leftovers
|upkeep
|turn|2
|
|t:|1769322347
|move|p2a: Osten|Body Slam|p1a: Dondozo
|-damage|p1a: Dondozo|86/100
|move|p1a: Dondozo|Curse|p1a: Dondozo
|-unboost|p1a: Dondozo|spe|1
|-boost|p1a: Dondozo|atk|1
|-boost|p1a: Dondozo|def|1
|
|-heal|p2a: Osten|96/100|[from] item: Leftovers
|-heal|p1a: Dondozo|93/100|[from] item: Leftovers
|upkeep
|turn|3
|
|t:|1769322351
|move|p2a: Osten|Body Slam|p1a: Dondozo
|-damage|p1a: Dondozo|81/100
|move|p1a: Dondozo|Wave Crash|p2a: Osten
|-resisted|p2a: Osten
|-damage|p2a: Osten|70/100
|-damage|p1a: Dondozo|76/100|[from] Recoil
|
|-heal|p2a: Osten|76/100|[from] item: Leftovers
|-heal|p1a: Dondozo|82/100|[from] item: Leftovers
|upkeep
|turn|4
|
|t:|1769322355
|move|p2a: Osten|Body Slam|p1a: Dondozo
|-damage|p1a: Dondozo|73/100
|move|p1a: Dondozo|Wave Crash|p2a: Osten
|-resisted|p2a: Osten
|-damage|p2a: Osten|49/100
|-damage|p1a: Dondozo|67/100|[from] Recoil
|
|-heal|p2a: Osten|55/100|[from] item: Leftovers
|-heal|p1a: Dondozo|73/100|[from] item: Leftovers
|upkeep
|turn|5
|inactive|Battle timer is ON: inactive players will automatically lose when time's up. (requested by Jinghan Yu)
|j| dl春日野穹ybz
|
|t:|1769322428
|move|p2a: Osten|Body Slam|p1a: Dondozo
|-damage|p1a: Dondozo|63/100
|-status|p1a: Dondozo|par
|cant|p1a: Dondozo|par
|
|-heal|p2a: Osten|61/100|[from] item: Leftovers
|-heal|p1a: Dondozo|69/100 par|[from] item: Leftovers
|upkeep
|turn|6
|
|t:|1769322439
|move|p2a: Osten|Crunch|p1a: Dondozo
|-damage|p1a: Dondozo|58/100 par
|move|p1a: Dondozo|Rest|p1a: Dondozo
|-status|p1a: Dondozo|slp|[from] move: Rest
|-heal|p1a: Dondozo|100/100 slp|[silent]
|
|-heal|p2a: Osten|67/100|[from] item: Leftovers
|upkeep
|turn|7
|
|t:|1769322443
|switch|p2a: Nasim|Gengar, M|100/100
|cant|p1a: Dondozo|slp
|
|upkeep
|turn|8
|
|t:|1769322453
|switch|p1a: Great Tusk|Great Tusk|100/100
|move|p2a: Nasim|Nasty Plot|p2a: Nasim
|-boost|p2a: Nasim|spa|2
|
|upkeep
|turn|9
|
|t:|1769322457
|move|p2a: Nasim|Dazzling Gleam|p1a: Great Tusk
|-supereffective|p1a: Great Tusk
|-damage|p1a: Great Tusk|0 fnt
|faint|p1a: Great Tusk
|-end|p1a: Great Tusk|Protosynthesis|[silent]
|
|upkeep
|l| dl春日野穹ybz
|
|t:|1769322466
|switch|p1a: Goodra|Goodra-Hisui, M|100/100
|turn|10
|
|t:|1769322472
|-terastallize|p2a: Nasim|Fairy
|move|p2a: Nasim|Dazzling Gleam|p1a: Goodra
|-damage|p1a: Goodra|57/100
|move|p1a: Goodra|Dragon Tail|p2a: Nasim
|-immune|p2a: Nasim
|
|upkeep
|turn|11
|
|t:|1769322479
|move|p2a: Nasim|Shadow Ball|p1a: Goodra
|-damage|p1a: Goodra|14/100
|move|p1a: Goodra|Flash Cannon|p2a: Nasim
|-supereffective|p2a: Nasim
|-damage|p2a: Nasim|8/100
|-start|p1a: Goodra|Disable|Flash Cannon|[from] ability: Cursed Body|[of] p2a: Nasim
|-enditem|p2a: Nasim|Salac Berry|[eat]
|-boost|p2a: Nasim|spe|1|[from] item: Salac Berry
|
|upkeep
|turn|12
|
|t:|1769322484
|move|p2a: Nasim|Shadow Ball|p1a: Goodra
|-damage|p1a: Goodra|0 fnt
|faint|p1a: Goodra
|
|upkeep
|
|t:|1769322486
|switch|p1a: Barraskewda|Barraskewda, M, shiny|100/100
|turn|13
|j| dl春日野穹ybz
|
|t:|1769322490
|move|p2a: Nasim|Endure|p2a: Nasim
|-singleturn|p2a: Nasim|move: Endure
|move|p1a: Barraskewda|Aqua Jet|p2a: Nasim
|-activate|p2a: Nasim|move: Endure
|-damage|p2a: Nasim|1/100
|-start|p1a: Barraskewda|Disable|Aqua Jet|[from] ability: Cursed Body|[of] p2a: Nasim
|
|upkeep
|turn|14
|
|t:|1769322495
|switch|p1a: Ogerpon|Ogerpon-Wellspring, F|100/100
|move|p2a: Nasim|Dazzling Gleam|p1a: Ogerpon
|-damage|p1a: Ogerpon|13/100
|
|upkeep
|turn|15
|
|t:|1769322498
|move|p2a: Nasim|Dazzling Gleam|p1a: Ogerpon
|-damage|p1a: Ogerpon|0 fnt
|faint|p1a: Ogerpon
|
|upkeep
|
|t:|1769322500
|switch|p1a: Barraskewda|Barraskewda, M, shiny|100/100
|turn|16
|
|t:|1769322502
|move|p2a: Nasim|Endure|p2a: Nasim
|-singleturn|p2a: Nasim|move: Endure
|move|p1a: Barraskewda|Aqua Jet|p2a: Nasim
|-activate|p2a: Nasim|move: Endure
|-damage|p2a: Nasim|1/100
|
|upkeep
|turn|17
|
|t:|1769322506
|move|p2a: Nasim|Endure|p2a: Nasim
|-singleturn|p2a: Nasim|move: Endure
|move|p1a: Barraskewda|Aqua Jet|p2a: Nasim
|-activate|p2a: Nasim|move: Endure
|-damage|p2a: Nasim|1/100
|
|upkeep
|turn|18
|
|t:|1769322510
|move|p2a: Nasim|Endure||[still]
|-fail|p2a: Nasim
|move|p1a: Barraskewda|Aqua Jet|p2a: Nasim
|-damage|p2a: Nasim|0 fnt
|faint|p2a: Nasim
|
|upkeep
|
|t:|1769322512
|switch|p2a: Mangus|Garchomp, M, shiny|100/100
|turn|19
|
|t:|1769322514
|switch|p1a: Dondozo|Dondozo, M|100/100 slp
|move|p2a: Mangus|Scale Shot|p1a: Dondozo
|-damage|p1a: Dondozo|93/100 slp
|-damage|p1a: Dondozo|85/100 slp
|-damage|p1a: Dondozo|79/100 slp
|-damage|p1a: Dondozo|72/100 slp
|-hitcount|p1a: Dondozo|4
|-unboost|p2a: Mangus|def|1
|-boost|p2a: Mangus|spe|1
|
|-heal|p1a: Dondozo|78/100 slp|[from] item: Leftovers
|upkeep
|turn|20
|
|t:|1769322516
|move|p2a: Mangus|Swords Dance|p2a: Mangus
|-boost|p2a: Mangus|atk|2
|cant|p1a: Dondozo|slp
|
|-heal|p1a: Dondozo|84/100 slp|[from] item: Leftovers
|upkeep
|turn|21
|
|t:|1769322518
|move|p2a: Mangus|Scale Shot|p1a: Dondozo
|-damage|p1a: Dondozo|77/100 slp
|-damage|p1a: Dondozo|70/100 slp
|-damage|p1a: Dondozo|63/100 slp
|-damage|p1a: Dondozo|56/100 slp
|-hitcount|p1a: Dondozo|4
|-unboost|p2a: Mangus|def|1
|-boost|p2a: Mangus|spe|1
|-curestatus|p1a: Dondozo|slp|[msg]
|move|p1a: Dondozo|Curse|p1a: Dondozo
|-unboost|p1a: Dondozo|spe|1
|-boost|p1a: Dondozo|atk|1
|-boost|p1a: Dondozo|def|1
|
|-heal|p1a: Dondozo|62/100|[from] item: Leftovers
|upkeep
|turn|22
|
|t:|1769322524
|move|p2a: Mangus|Earthquake|p1a: Dondozo
|-damage|p1a: Dondozo|43/100
|move|p1a: Dondozo|Curse|p1a: Dondozo
|-unboost|p1a: Dondozo|spe|1
|-boost|p1a: Dondozo|atk|1
|-boost|p1a: Dondozo|def|1
|
|-heal|p1a: Dondozo|49/100|[from] item: Leftovers
|upkeep
|turn|23
|
|t:|1769322533
|move|p2a: Mangus|Scale Shot|p1a: Dondozo
|-damage|p1a: Dondozo|46/100
|-damage|p1a: Dondozo|42/100
|-crit|p1a: Dondozo
|-damage|p1a: Dondozo|32/100
|-damage|p1a: Dondozo|28/100
|-damage|p1a: Dondozo|25/100
|-hitcount|p1a: Dondozo|5
|-unboost|p2a: Mangus|def|1
|-boost|p2a: Mangus|spe|1
|move|p1a: Dondozo|Rest|p1a: Dondozo
|-status|p1a: Dondozo|slp|[from] move: Rest
|-heal|p1a: Dondozo|100/100 slp|[silent]
|
|upkeep
|turn|24
|
|t:|1769322538
|move|p2a: Mangus|Scale Shot|p1a: Dondozo
|-damage|p1a: Dondozo|97/100 slp
|-damage|p1a: Dondozo|93/100 slp
|-damage|p1a: Dondozo|90/100 slp
|-damage|p1a: Dondozo|86/100 slp
|-hitcount|p1a: Dondozo|4
|-unboost|p2a: Mangus|def|1
|-boost|p2a: Mangus|spe|1
|cant|p1a: Dondozo|slp
|
|-heal|p1a: Dondozo|92/100 slp|[from] item: Leftovers
|upkeep
|turn|25
|
|t:|1769322543
|switch|p2a: Emmett|Excadrill, M|100/100
|-item|p2a: Emmett|Air Balloon
|cant|p1a: Dondozo|slp
|
|-heal|p1a: Dondozo|99/100 slp|[from] item: Leftovers
|upkeep
|turn|26
|
|t:|1769322550
|move|p2a: Emmett|Rapid Spin|p1a: Dondozo
|-damage|p1a: Dondozo|94/100 slp
|-boost|p2a: Emmett|spe|1
|-curestatus|p1a: Dondozo|slp|[msg]
|move|p1a: Dondozo|Wave Crash|p2a: Emmett
|-supereffective|p2a: Emmett
|-damage|p2a: Emmett|0 fnt
|-enditem|p2a: Emmett|Air Balloon
|faint|p2a: Emmett
|-damage|p1a: Dondozo|71/100|[from] Recoil
|
|-heal|p1a: Dondozo|77/100|[from] item: Leftovers
|upkeep
|
|t:|1769322556
|switch|p2a: Blaine|Blastoise, M|100/100
|turn|27
|
|t:|1769322559
|-terastallize|p1a: Dondozo|Fighting
|move|p2a: Blaine|Shell Smash|p2a: Blaine
|-unboost|p2a: Blaine|def|1
|-unboost|p2a: Blaine|spd|1
|-boost|p2a: Blaine|atk|2
|-boost|p2a: Blaine|spa|2
|-boost|p2a: Blaine|spe|2
|-enditem|p2a: Blaine|White Herb
|-clearnegativeboost|p2a: Blaine|[silent]
|move|p1a: Dondozo|Body Press|p2a: Blaine
|-damage|p2a: Blaine|10/100
|
|-heal|p1a: Dondozo|83/100|[from] item: Leftovers
|upkeep
|turn|28
|
|t:|1769322562
|move|p2a: Blaine|Surf|p1a: Dondozo
|-damage|p1a: Dondozo|36/100
|move|p1a: Dondozo|Body Press|p2a: Blaine
|-damage|p2a: Blaine|0 fnt
|faint|p2a: Blaine
|
|-heal|p1a: Dondozo|42/100|[from] item: Leftovers
|upkeep
|
|t:|1769322569
|switch|p2a: Mangus|Garchomp, M, shiny|100/100
|turn|29
|
|t:|1769322571
|move|p2a: Mangus|Swords Dance|p2a: Mangus
|-boost|p2a: Mangus|atk|2
|move|p1a: Dondozo|Rest|p1a: Dondozo
|-status|p1a: Dondozo|slp|[from] move: Rest
|-heal|p1a: Dondozo|100/100 slp|[silent]
|
|upkeep
|turn|30
|-message|Jinghan Yu forfeited.
|
|win|ghighas
|raw|ghighas's rating: 1426 &rarr; <strong>1443</strong><br />(+17 for winning)
|raw|Jinghan Yu's rating: 1366 &rarr; <strong>1349</strong><br />(-17 for losing)
|l|☆Jinghan Yu
|player|p2|
|l|☆ghighas
|player|p1|
