|j|☆Pizzasmash
|j|☆plokik
|t:|1769319282
|gametype|singles
|player|p1|Pizzasmash|flannery|1311
|player|p2|plokik|1|1325
|gen|9
|tier|[Gen 9] OU
|rated|
|rule|HP Percentage Mod: HP is shown in percentages
|rule|Endless Battle Clause: Forcing endless battles is banned
|rule|Species Clause: Limit one of each Pokémon
|rule|OHKO Clause: OHKO moves are banned
|rule|Evasion Items Clause: Evasion items are banned
|rule|Evasion Moves Clause: Evasion moves are banned
|rule|Evasion Abilities Clause: Evasion abilities are banned
|rule|Sleep Moves Clause: Sleep-inducing moves are banned
|clearpoke
|poke|p1|Galvantula, F|
|poke|p1|Scizor, M|
|poke|p1|Zoroark-Hisui, F|
|poke|p1|Garganacl, M|
|poke|p1|Skeledirge, M|
|poke|p1|Garchomp, F|
|poke|p2|Great Tusk|
|poke|p2|Slowking-Galar, F|
|poke|p2|Zapdos|
|poke|p2|Dragonite, M|
|poke|p2|Cinderace, M|
|poke|p2|Samurott-Hisui, F|
|teampreview
|inactive|Battle timer is ON: inactive players will automatically lose when time's up. (requested by Pizzasmash)
|
|t:|1769319294
|teamsize|p1|6
|teamsize|p2|6
|start
|switch|p1a: Galvantula|Galvantula, F, shiny|100/100
|switch|p2a: Cinderace|Cinderace, M|100/100
|turn|1
|
|t:|1769319301
|move|p2a: Cinderace|Pyro Ball|p1a: Galvantula
|-supereffective|p1a: Galvantula
|-enditem|p1a: Galvantula|Focus Sash
|-damage|p1a: Galvantula|1/100
|move|p1a: Galvantula|Thunder Wave|p2a: Cinderace
|-status|p2a: Cinderace|par
|
|upkeep
|turn|2
|
|t:|1769319317
|move|p1a: Galvantula|Thunder|p2a: Cinderace
|-damage|p2a: Cinderace|29/100 par
|move|p2a: Cinderace|Court Change||[still]
|-start|p2a: Cinderace|typechange|Normal|[from] ability: Libero
|-fail|p2a: Cinderace
|
|upkeep
|turn|3
|
|t:|1769319331
|switch|p2a: Slowking|Slowking-Galar, F|100/100
|move|p1a: Galvantula|Energy Ball|p2a: Slowking
|-resisted|p2a: Slowking
|-damage|p2a: Slowking|93/100
|
|-heal|p2a: Slowking|99/100|[from] item: Leftovers
|upkeep
|turn|4
|
|t:|1769319342
|move|p1a: Galvantula|Sticky Web|p2a: Slowking
|-sidestart|p2: plokik|move: Sticky Web
|-prepare|p2a: Slowking|Chilly Reception|[premajor]
|move|p2a: Slowking|Chilly Reception|p2a: Slowking
|-weather|Snowscape
|
|t:|1769319353
|switch|p2a: Cinderace|Cinderace, M|29/100 par|[from] Chilly Reception
|
|-weather|Snowscape|[upkeep]
|upkeep
|turn|5
|
|t:|1769319363
|switch|p2a: Slowking|Slowking-Galar, F|100/100
|-activate|p2a: Slowking|move: Sticky Web
|-unboost|p2a: Slowking|spe|1
|move|p1a: Galvantula|Thunder|p2a: Slowking
|-damage|p2a: Slowking|72/100
|
|-weather|Snowscape|[upkeep]
|-heal|p2a: Slowking|78/100|[from] item: Leftovers
|upkeep
|turn|6
|
|t:|1769319373
|move|p1a: Galvantula|Thunder Wave|p2a: Slowking
|-status|p2a: Slowking|par
|cant|p2a: Slowking|par
|
|-weather|Snowscape|[upkeep]
|-heal|p2a: Slowking|85/100 par|[from] item: Leftovers
|upkeep
|turn|7
|
|t:|1769319381
|switch|p1a: Garchomp|Garchomp, F, shiny|100/100
|move|p2a: Slowking|Psychic Noise|p1a: Garchomp
|-damage|p1a: Garchomp|67/100
|-start|p1a: Garchomp|move: Heal Block
|
|-weather|Snowscape|[upkeep]
|-heal|p2a: Slowking|91/100 par|[from] item: Leftovers
|upkeep
|turn|8
|
|t:|1769319392
|switch|p2a: Dragonite|Dragonite, M|100/100
|-terastallize|p1a: Garchomp|Steel
|move|p1a: Garchomp|Swords Dance|p1a: Garchomp
|-boost|p1a: Garchomp|atk|2
|
|-weather|none
|-end|p1a: Garchomp|move: Heal Block
|upkeep
|turn|9
|
|t:|1769319409
|-terastallize|p2a: Dragonite|Normal
|move|p1a: Garchomp|Scale Shot|p2a: Dragonite
|-damage|p2a: Dragonite|85/100
|-damage|p2a: Dragonite|54/100
|-damage|p2a: Dragonite|22/100
|-damage|p2a: Dragonite|0 fnt
|faint|p2a: Dragonite
|-hitcount|p2: Dragonite|4
|-unboost|p1a: Garchomp|def|1
|-boost|p1a: Garchomp|spe|1
|
|upkeep
|inactive|plokik has 120 seconds left.
|c|☆plokik|;forfeit
|-message|plokik forfeited.
|
|win|Pizzasmash
|raw|Pizzasmash's rating: 1311 &rarr; <strong>1332</strong><br />(+21 for winning)
|raw|plokik's rating: 1325 &rarr; <strong>1304</strong><br />(-21 for losing)
|l|☆Pizzasmash
|player|p1|
