|j|☆big blue tree
|j|☆patchworrk
|t:|1769428611
|gametype|singles
|player|p1|big blue tree|266|1313
|player|p2|patchworrk|rosa|1247
|gen|9
|tier|[Gen 9] OU
|rated|
|rule|HP Percentage Mod: HP is shown in percentages
|rule|Endless Battle Clause: Forcing endless battles is banned
|rule|Species Clause: Limit one of each Pokémon
|rule|OHKO Clause: OHKO moves are banned
|rule|Evasion Items Clause: Evasion items are banned
|rule|Evasion Moves Clause: Evasion moves are banned
|rule|Evasion Abilities Clause: Evasion abilities are banned
|rule|Sleep Moves Clause: Sleep-inducing moves are banned
|clearpoke
|poke|p1|Arcanine-Hisui, F|
|poke|p1|Darkrai|
|poke|p1|Great Tusk|
|poke|p1|Hatterene, F|
|poke|p1|Ogerpon-Wellspring, F|
|poke|p1|Zapdos|
|poke|p2|Hatterene, F|
|poke|p2|Garganacl, M|
|poke|p2|Iron Moth|
|poke|p2|Iron Treads|
|poke|p2|Dragapult, M|
|poke|p2|Meowscarada, M|
|teampreview
|inactive|Battle timer is ON: inactive players will automatically lose when time's up. (requested by big blue tree)
|
|t:|1769428633
|teamsize|p1|6
|teamsize|p2|6
|start
|switch|p1a: Zapdos|Zapdos|100/100
|switch|p2a: golden wind|Dragapult, M, shiny|100/100
|turn|1
|
|t:|1769428651
|move|p2a: golden wind|U-turn|p1a: Zapdos
|-resisted|p1a: Zapdos
|-damage|p1a: Zapdos|88/100
|
|t:|1769428657
|switch|p2a: address me|Iron Treads|100/100|[from] U-turn
|-item|p2a: address me|Air Balloon
|move|p1a: Zapdos|Thunder Wave|p2a: address me
|-immune|p2a: address me
|
|upkeep
|turn|2
|
|t:|1769428674
|switch|p1a: Great Tusk|Great Tusk|100/100
|move|p2a: address me|Ice Spinner|p1a: Great Tusk
|-supereffective|p1a: Great Tusk
|-damage|p1a: Great Tusk|60/100
|-damage|p2a: address me|84/100|[from] item: Rocky Helmet|[of] p1a: Great Tusk
|
|upkeep
|turn|3
|
|t:|1769428683
|move|p2a: address me|Rapid Spin|p1a: Great Tusk
|-damage|p1a: Great Tusk|48/100
|-boost|p2a: address me|spe|1
|-damage|p2a: address me|68/100|[from] item: Rocky Helmet|[of] p1a: Great Tusk
|move|p1a: Great Tusk|Rapid Spin|p2a: address me
|-resisted|p2a: address me
|-damage|p2a: address me|60/100
|-boost|p1a: Great Tusk|spe|1
|-enditem|p2a: address me|Air Balloon
|
|upkeep
|turn|4
|inactive|patchworrk has 120 seconds left.
|
|t:|1769428708
|move|p2a: address me|Ice Spinner|p1a: Great Tusk
|-supereffective|p1a: Great Tusk
|-damage|p1a: Great Tusk|10/100
|-damage|p2a: address me|44/100|[from] item: Rocky Helmet|[of] p1a: Great Tusk
|move|p1a: Great Tusk|Headlong Rush|p2a: address me
|-supereffective|p2a: address me
|-damage|p2a: address me|0 fnt
|-unboost|p1a: Great Tusk|def|1
|-unboost|p1a: Great Tusk|spd|1
|faint|p2a: address me
|-end|p2a: address me|Quark Drive|[silent]
|
|upkeep
|inactive|patchworrk has 120 seconds left.
|
|t:|1769428720
|switch|p2a: golden wind|Dragapult, M, shiny|100/100
|turn|5
|inactive|patchworrk has 120 seconds left.
|
|t:|1769428726
|move|p2a: golden wind|Sucker Punch|p1a: Great Tusk
|-resisted|p1a: Great Tusk
|-damage|p1a: Great Tusk|0 fnt
|-damage|p2a: golden wind|84/100|[from] item: Rocky Helmet|[of] p1a: Great Tusk
|faint|p1a: Great Tusk
|-end|p1a: Great Tusk|Protosynthesis|[silent]
|
|upkeep
|
|t:|1769428755
|switch|p1a: Darkrai|Darkrai|100/100
|turn|6
|inactive|patchworrk has 120 seconds left.
|
|t:|1769428771
|switch|p2a: hivemind|Iron Moth|100/100
|-enditem|p2a: hivemind|Booster Energy
|-activate|p2a: hivemind|ability: Quark Drive|[fromitem]
|-start|p2a: hivemind|quarkdrivespa
|move|p1a: Darkrai|Dark Pulse|p2a: hivemind
|-damage|p2a: hivemind|57/100
|
|upkeep
|turn|7
|inactive|patchworrk has 120 seconds left.
|
|t:|1769428790
|move|p1a: Darkrai|Dark Pulse|p2a: hivemind
|-damage|p2a: hivemind|11/100
|move|p2a: hivemind|Bug Buzz|p1a: Darkrai
|-supereffective|p1a: Darkrai
|-damage|p1a: Darkrai|0 fnt
|faint|p1a: Darkrai
|
|upkeep
|inactive|big blue tree has 120 seconds left.
|
|t:|1769428826
|switch|p1a: Arcanine|Arcanine-Hisui, F|100/100
|turn|8
|inactive|patchworrk has 120 seconds left.
|
|t:|1769428855
|-end|p2a: hivemind|Quark Drive|[silent]
|switch|p2a: trampoline|Hatterene, F, shiny|100/100
|move|p1a: Arcanine|Extreme Speed|p2a: trampoline
|-damage|p2a: trampoline|56/100
|
|upkeep
|turn|9
|l|☆big blue tree
|inactive|big blue tree disconnected and has a minute to reconnect!
|player|p1|
|j|☆big blue tree
|inactive|big blue tree reconnected and has 80 seconds left.
|player|p1|big blue tree|266|
|inactive|big blue tree has 60 seconds left.
|
|t:|1769428920
|switch|p1a: Hatterene|Hatterene, F|100/100
|switch|p2a: golden wind|Dragapult, M, shiny|84/100
|
|upkeep
|turn|10
|inactive|big blue tree has 60 seconds left.
|
|t:|1769428933
|move|p2a: golden wind|U-turn|p1a: Hatterene
|-crit|p1a: Hatterene
|-damage|p1a: Hatterene|41/100
|
|t:|1769428941
|switch|p2a: fat chud|Garganacl, M, shiny|100/100|[from] U-turn
|move|p1a: Hatterene|Draining Kiss|p2a: fat chud
|-damage|p2a: fat chud|76/100
|-heal|p1a: Hatterene|64/100|[from] drain|[of] p2a: fat chud
|
|-heal|p2a: fat chud|83/100|[from] item: Leftovers
|upkeep
|turn|11
|
|t:|1769428954
|move|p2a: fat chud|Curse|p2a: fat chud
|-unboost|p2a: fat chud|spe|1
|-boost|p2a: fat chud|atk|1
|-boost|p2a: fat chud|def|1
|move|p1a: Hatterene|Draining Kiss|p2a: fat chud
|-damage|p2a: fat chud|59/100
|-heal|p1a: Hatterene|87/100|[from] drain|[of] p2a: fat chud
|
|-heal|p2a: fat chud|65/100|[from] item: Leftovers
|upkeep
|turn|12
|inactive|big blue tree has 60 seconds left.
|
|t:|1769428969
|move|p1a: Hatterene|Draining Kiss|p2a: fat chud
|-crit|p2a: fat chud
|-damage|p2a: fat chud|26/100
|-heal|p1a: Hatterene|100/100|[from] drain|[of] p2a: fat chud
|move|p2a: fat chud|Salt Cure|p1a: Hatterene
|-damage|p1a: Hatterene|78/100
|-start|p1a: Hatterene|Salt Cure
|
|-heal|p2a: fat chud|33/100|[from] item: Leftovers
|-damage|p1a: Hatterene|66/100|[from] Salt Cure
|upkeep
|turn|13
|inactive|big blue tree has 60 seconds left.
|
|t:|1769428981
|switch|p1a: Arcanine|Arcanine-Hisui, F|100/100
|move|p2a: fat chud|Recover|p2a: fat chud
|-heal|p2a: fat chud|83/100
|
|-heal|p2a: fat chud|89/100|[from] item: Leftovers
|upkeep
|turn|14
|
|t:|1769428994
|move|p1a: Arcanine|Close Combat|p2a: fat chud
|-supereffective|p2a: fat chud
|-damage|p2a: fat chud|48/100
|-unboost|p1a: Arcanine|def|1
|-unboost|p1a: Arcanine|spd|1
|move|p2a: fat chud|Salt Cure|p1a: Arcanine
|-supereffective|p1a: Arcanine
|-damage|p1a: Arcanine|22/100
|-start|p1a: Arcanine|Salt Cure
|
|-heal|p2a: fat chud|54/100|[from] item: Leftovers
|-damage|p1a: Arcanine|10/100|[from] Salt Cure
|upkeep
|turn|15
|-message|big blue tree forfeited.
|
|win|patchworrk
|raw|big blue tree's rating: 1313 &rarr; <strong>1289</strong><br />(-24 for losing)
|raw|patchworrk's rating: 1247 &rarr; <strong>1277</strong><br />(+30 for winning)
|l|☆big blue tree
|player|p1|
