|j|☆no_dupes
|j|☆StarLi
|t:|1769409416
|gametype|singles
|player|p1|no_dupes|brock-gen2|1428
|player|p2|StarLi|iono|1448
|gen|9
|tier|[Gen 9] OU
|rated|
|rule|HP Percentage Mod: HP is shown in percentages
|rule|Endless Battle Clause: Forcing endless battles is banned
|rule|Species Clause: Limit one of each Pokémon
|rule|OHKO Clause: OHKO moves are banned
|rule|Evasion Items Clause: Evasion items are banned
|rule|Evasion Moves Clause: Evasion moves are banned
|rule|Evasion Abilities Clause: Evasion abilities are banned
|rule|Sleep Moves Clause: Sleep-inducing moves are banned
|clearpoke
|poke|p1|Great Tusk|
|poke|p1|Hatterene, F|
|poke|p1|Charizard, M|
|poke|p1|Walking Wake|
|poke|p1|Torkoal, F|
|poke|p1|Fezandipiti, M|
|poke|p2|Darkrai|
|poke|p2|Garganacl, M|
|poke|p2|Enamorus, F|
|poke|p2|Kingambit, F|
|poke|p2|Samurott-Hisui, M|
|poke|p2|Pecharunt|
|teampreview
|
|t:|1769409420
|teamsize|p1|6
|teamsize|p2|6
|start
|switch|p1a: Torkoal|Torkoal, F|100/100
|switch|p2a: Samurott|Samurott-Hisui, M|100/100
|-weather|SunnyDay|[from] ability: Drought|[of] p1a: Torkoal
|turn|1
|
|t:|1769409425
|-terastallize|p1a: Torkoal|Fighting
|move|p2a: Samurott|Knock Off|p1a: Torkoal
|-resisted|p1a: Torkoal
|-damage|p1a: Torkoal|87/100
|-enditem|p1a: Torkoal|Heat Rock|[from] move: Knock Off|[of] p2a: Samurott
|move|p1a: Torkoal|Body Press|p2a: Samurott
|-supereffective|p2a: Samurott
|-enditem|p2a: Samurott|Focus Sash
|-damage|p2a: Samurott|1/100
|
|-weather|SunnyDay|[upkeep]
|upkeep
|turn|2
|
|t:|1769409429
|move|p2a: Samurott|Ceaseless Edge|p1a: Torkoal
|-resisted|p1a: Torkoal
|-damage|p1a: Torkoal|75/100
|-sidestart|p1: no_dupes|Spikes
|move|p1a: Torkoal|Rapid Spin|p2a: Samurott
|-damage|p2a: Samurott|0 fnt
|-boost|p1a: Torkoal|spe|1
|-sideend|p1: no_dupes|Spikes|[from] move: Rapid Spin|[of] p1a: Torkoal
|faint|p2a: Samurott
|
|-weather|SunnyDay|[upkeep]
|upkeep
|
|t:|1769409437
|switch|p2a: Enamorus|Enamorus, F|100/100
|turn|3
|
|t:|1769409441
|switch|p1a: Fez And Ipiti|Fezandipiti, M|100/100
|move|p2a: Enamorus|Moonblast|p1a: Fez And Ipiti
|-resisted|p1a: Fez And Ipiti
|-damage|p1a: Fez And Ipiti|84/100
|-unboost|p1a: Fez And Ipiti|spa|1
|
|-weather|SunnyDay|[upkeep]
|upkeep
|turn|4
|
|t:|1769409451
|switch|p2a: Garganacl|Garganacl, M|100/100
|move|p1a: Fez And Ipiti|U-turn|p2a: Garganacl
|-damage|p2a: Garganacl|91/100
|
|t:|1769409455
|switch|p1a: Emperor|Charizard, M, shiny|100/100|[from] U-turn
|
|-weather|SunnyDay|[upkeep]
|-damage|p1a: Emperor|88/100|[from] ability: Solar Power|[of] p1a: Emperor
|-heal|p2a: Garganacl|97/100|[from] item: Leftovers
|upkeep
|turn|5
|
|t:|1769409468
|move|p1a: Emperor|Solar Beam||[still]
|-prepare|p1a: Emperor|Solar Beam
|-anim|p1a: Emperor|Solar Beam|p2a: Garganacl
|-supereffective|p2a: Garganacl
|-damage|p2a: Garganacl|0 fnt
|faint|p2a: Garganacl
|
|-weather|SunnyDay|[upkeep]
|-damage|p1a: Emperor|76/100|[from] ability: Solar Power|[of] p1a: Emperor
|upkeep
|inactive|Battle timer is ON: inactive players will automatically lose when time's up. (requested by no_dupes)
|
|t:|1769409471
|switch|p2a: Enamorus|Enamorus, F|100/100
|turn|6
|
|t:|1769409478
|switch|p1a: Hatterene|Hatterene, F|100/100
|move|p2a: Enamorus|Mystical Fire|p1a: Hatterene
|-crit|p1a: Hatterene
|-damage|p1a: Hatterene|36/100
|-unboost|p1a: Hatterene|spa|1
|-enditem|p1a: Hatterene|Eject Button
|
|t:|1769409480
|switch|p1a: Walking Wake|Walking Wake|100/100
|-activate|p1a: Walking Wake|ability: Protosynthesis
|-start|p1a: Walking Wake|protosynthesisspe
|
|-weather|SunnyDay|[upkeep]
|upkeep
|turn|7
|
|t:|1769409489
|move|p1a: Walking Wake|Hydro Steam|p2a: Enamorus
|-damage|p2a: Enamorus|0 fnt
|faint|p2a: Enamorus
|
|-weather|SunnyDay|[upkeep]
|upkeep
|
|t:|1769409501
|switch|p2a: Darkrai|Darkrai|100/100
|turn|8
|
|t:|1769409507
|move|p1a: Walking Wake|Hydro Steam|p2a: Darkrai
|-damage|p2a: Darkrai|10/100
|move|p2a: Darkrai|Dark Pulse|p1a: Walking Wake
|-damage|p1a: Walking Wake|52/100
|
|-weather|none
|-end|p1a: Walking Wake|Protosynthesis
|-heal|p2a: Darkrai|17/100|[from] item: Leftovers
|upkeep
|turn|9
|
|t:|1769409517
|-end|p1a: Walking Wake|Protosynthesis|[silent]
|switch|p1a: Fez And Ipiti|Fezandipiti, M|84/100
|move|p2a: Darkrai|Nasty Plot|p2a: Darkrai
|-boost|p2a: Darkrai|spa|2
|
|-heal|p2a: Darkrai|23/100|[from] item: Leftovers
|upkeep
|turn|10
|
|t:|1769409525
|switch|p1a: Torkoal|Torkoal, F, tera:Fighting|75/100
|-weather|SunnyDay|[from] ability: Drought|[of] p1a: Torkoal
|move|p2a: Darkrai|Sludge Bomb|p1a: Torkoal
|-damage|p1a: Torkoal|0 fnt
|faint|p1a: Torkoal
|
|-weather|SunnyDay|[upkeep]
|-heal|p2a: Darkrai|29/100|[from] item: Leftovers
|upkeep
|
|t:|1769409527
|switch|p1a: Walking Wake|Walking Wake|52/100
|-activate|p1a: Walking Wake|ability: Protosynthesis
|-start|p1a: Walking Wake|protosynthesisspe
|turn|11
|
|t:|1769409530
|move|p1a: Walking Wake|Hydro Steam|p2a: Darkrai
|-damage|p2a: Darkrai|0 fnt
|faint|p2a: Darkrai
|
|-weather|SunnyDay|[upkeep]
|upkeep
|
|t:|1769409534
|switch|p2a: Pecharunt|Pecharunt|100/100
|-item|p2a: Pecharunt|Air Balloon
|turn|12
|
|t:|1769409540
|move|p1a: Walking Wake|Weather Ball|p2a: Pecharunt
|-damage|p2a: Pecharunt|30/100
|-enditem|p2a: Pecharunt|Air Balloon
|move|p2a: Pecharunt|Malignant Chain|p1a: Walking Wake
|-damage|p1a: Walking Wake|2/100
|-status|p1a: Walking Wake|tox
|-start|p1a: Walking Wake|confusion|[from] ability: Poison Puppeteer|[of] p2a: Pecharunt
|
|-weather|SunnyDay|[upkeep]
|-damage|p1a: Walking Wake|0 fnt|[from] psn
|faint|p1a: Walking Wake
|-end|p1a: Walking Wake|Protosynthesis|[silent]
|upkeep
|
|t:|1769409545
|switch|p1a: Emperor|Charizard, M, shiny|76/100
|turn|13
|
|t:|1769409548
|move|p1a: Emperor|Weather Ball|p2a: Pecharunt
|-damage|p2a: Pecharunt|0 fnt
|faint|p2a: Pecharunt
|
|-weather|SunnyDay|[upkeep]
|-damage|p1a: Emperor|63/100|[from] ability: Solar Power|[of] p1a: Emperor
|upkeep
|
|t:|1769409550
|switch|p2a: Kingambit|Kingambit, F|100/100
|-activate|p2a: Kingambit|ability: Supreme Overlord
|-start|p2a: Kingambit|fallen5|[silent]
|turn|14
|
|t:|1769409553
|-terastallize|p2a: Kingambit|Dark
|move|p2a: Kingambit|Sucker Punch|p1a: Emperor
|-damage|p1a: Emperor|0 fnt
|faint|p1a: Emperor
|
|-weather|none
|upkeep
|
|t:|1769409563
|switch|p1a: Great Tusk|Great Tusk|100/100
|turn|15
|
|t:|1769409568
|move|p1a: Great Tusk|Headlong Rush|p2a: Kingambit
|-damage|p2a: Kingambit|54/100
|-unboost|p1a: Great Tusk|def|1
|-unboost|p1a: Great Tusk|spd|1
|move|p2a: Kingambit|Iron Head|p1a: Great Tusk
|-damage|p1a: Great Tusk|53/100
|
|-heal|p1a: Great Tusk|59/100|[from] item: Leftovers
|-heal|p2a: Kingambit|60/100|[from] item: Leftovers
|upkeep
|turn|16
|
|t:|1769409582
|move|p1a: Great Tusk|Headlong Rush|p2a: Kingambit
|-damage|p2a: Kingambit|14/100
|-unboost|p1a: Great Tusk|def|1
|-unboost|p1a: Great Tusk|spd|1
|move|p2a: Kingambit|Iron Head|p1a: Great Tusk
|-damage|p1a: Great Tusk|0 fnt
|faint|p1a: Great Tusk
|-end|p1a: Great Tusk|Protosynthesis|[silent]
|
|-heal|p2a: Kingambit|20/100|[from] item: Leftovers
|upkeep
|
|t:|1769409585
|switch|p1a: Fez And Ipiti|Fezandipiti, M|84/100
|turn|17
|
|t:|1769409588
|move|p1a: Fez And Ipiti|Double Kick|p2a: Kingambit
|-supereffective|p2a: Kingambit
|-damage|p2a: Kingambit|3/100
|-supereffective|p2a: Kingambit
|-damage|p2a: Kingambit|0 fnt
|faint|p2a: Kingambit
|-end|p2a: Kingambit|fallen5|[silent]
|-hitcount|p2: Kingambit|2
|
|win|no_dupes
|raw|no_dupes's rating: 1428 &rarr; <strong>1449</strong><br />(+21 for winning)
|raw|StarLi's rating: 1448 &rarr; <strong>1427</strong><br />(-21 for losing)
|c|☆no_dupes|gg
|c|☆StarLi|gg
