|j|☆sirlatch
|j|☆mobydih
|t:|1769365641
|gametype|singles
|player|p1|sirlatch|gentleman|1105
|player|p2|mobydih|artist-gen4|1070
|gen|9
|tier|[Gen 9] OU
|rated|
|rule|HP Percentage Mod: HP is shown in percentages
|rule|Endless Battle Clause: Forcing endless battles is banned
|rule|Species Clause: Limit one of each Pokémon
|rule|OHKO Clause: OHKO moves are banned
|rule|Evasion Items Clause: Evasion items are banned
|rule|Evasion Moves Clause: Evasion moves are banned
|rule|Evasion Abilities Clause: Evasion abilities are banned
|rule|Sleep Moves Clause: Sleep-inducing moves are banned
|clearpoke
|poke|p1|Pelipper, M|
|poke|p1|Politoed, F|
|poke|p1|Thundurus-Therian, M|
|poke|p1|Overqwil, F|
|poke|p1|Barraskewda, F|
|poke|p1|Iron Treads|
|poke|p2|Lokix, M|
|poke|p2|Gholdengo|
|poke|p2|Zapdos|
|poke|p2|Great Tusk|
|poke|p2|Cinderace, M|
|poke|p2|Wooper, M|
|teampreview
|inactive|Battle timer is ON: inactive players will automatically lose when time's up. (requested by sirlatch)
|
|t:|1769365660
|teamsize|p1|6
|teamsize|p2|6
|start
|switch|p1a: dua lippa|Pelipper, M|100/100
|switch|p2a: Lokix|Lokix, M, shiny|100/100
|-weather|RainDance|[from] ability: Drizzle|[of] p1a: dua lippa
|turn|1
|
|t:|1769365675
|move|p2a: Lokix|U-turn|p1a: dua lippa
|-resisted|p1a: dua lippa
|-damage|p1a: dua lippa|68/100
|-damage|p2a: Lokix|91/100|[from] item: Life Orb
|
|t:|1769365685
|switch|p2a: Cutie Patootie|Wooper, M|100/100|[from] U-turn
|move|p1a: dua lippa|Weather Ball|p2a: Cutie Patootie
|-damage|p2a: Cutie Patootie|0 fnt
|faint|p2a: Cutie Patootie
|
|-weather|RainDance|[upkeep]
|upkeep
|
|t:|1769365695
|switch|p2a: Zapdos|Zapdos, shiny|100/100
|turn|2
|
|t:|1769365701
|switch|p1a: blunderous blerian|Thundurus-Therian, M|100/100
|move|p2a: Zapdos|Hurricane|p1a: blunderous blerian
|-resisted|p1a: blunderous blerian
|-damage|p1a: blunderous blerian|60/100
|-start|p1a: blunderous blerian|confusion
|
|-weather|RainDance|[upkeep]
|upkeep
|turn|3
|
|t:|1769365719
|-activate|p1a: blunderous blerian|confusion
|-damage|p1a: blunderous blerian|47/100|[from] confusion
|move|p2a: Zapdos|Hurricane|p1a: blunderous blerian
|-resisted|p1a: blunderous blerian
|-damage|p1a: blunderous blerian|7/100
|
|-weather|RainDance|[upkeep]
|upkeep
|turn|4
|
|t:|1769365730
|switch|p1a: rayne|Politoed, F|100/100
|move|p2a: Zapdos|Volt Switch|p1a: rayne
|-supereffective|p1a: rayne
|-damage|p1a: rayne|57/100
|
|t:|1769365759
|switch|p2a: Gholdengo|Gholdengo|100/100|[from] Volt Switch
|
|-weather|RainDance|[upkeep]
|upkeep
|turn|5
|
|t:|1769365770
|switch|p1a: qwilova|Overqwil, F|100/100
|move|p2a: Gholdengo|Thunder Wave|p1a: qwilova
|-status|p1a: qwilova|par
|
|-weather|RainDance|[upkeep]
|upkeep
|turn|6
|
|t:|1769365781
|switch|p2a: Great Tusk|Great Tusk|100/100
|move|p1a: qwilova|Waterfall|p2a: Great Tusk
|-supereffective|p2a: Great Tusk
|-damage|p2a: Great Tusk|13/100
|-damage|p1a: qwilova|84/100 par|[from] item: Rocky Helmet|[of] p2a: Great Tusk
|
|-weather|RainDance|[upkeep]
|upkeep
|turn|7
|
|t:|1769365790
|move|p2a: Great Tusk|Headlong Rush|p1a: qwilova
|-supereffective|p1a: qwilova
|-damage|p1a: qwilova|0 fnt
|-unboost|p2a: Great Tusk|def|1
|-unboost|p2a: Great Tusk|spd|1
|faint|p1a: qwilova
|
|-weather|RainDance|[upkeep]
|upkeep
|
|t:|1769365802
|switch|p1a: atticus fish|Barraskewda, F|100/100
|turn|8
|
|t:|1769365814
|move|p1a: atticus fish|Flip Turn|p2a: Great Tusk
|-supereffective|p2a: Great Tusk
|-damage|p2a: Great Tusk|0 fnt
|-damage|p1a: atticus fish|84/100|[from] item: Rocky Helmet|[of] p2a: Great Tusk
|faint|p2a: Great Tusk
|-end|p2a: Great Tusk|Protosynthesis|[silent]
|
|t:|1769365828
|switch|p1a: jeremy|Iron Treads|100/100|[from] Flip Turn
|
|-weather|none
|upkeep
|
|t:|1769365834
|switch|p2a: Cinderace|Cinderace, M, shiny|100/100
|turn|9
|
|t:|1769365845
|-end|p1a: jeremy|Quark Drive|[silent]
|switch|p1a: dua lippa|Pelipper, M|68/100
|-weather|RainDance|[from] ability: Drizzle|[of] p1a: dua lippa
|move|p2a: Cinderace|Pyro Ball|p1a: dua lippa
|-resisted|p1a: dua lippa
|-damage|p1a: dua lippa|58/100
|
|-weather|RainDance|[upkeep]
|upkeep
|turn|10
|
|t:|1769365853
|move|p2a: Cinderace|U-turn|p1a: dua lippa
|-start|p2a: Cinderace|typechange|Bug|[from] ability: Libero
|-resisted|p1a: dua lippa
|-damage|p1a: dua lippa|44/100
|
|t:|1769365859
|switch|p2a: Gholdengo|Gholdengo|100/100|[from] U-turn
|move|p1a: dua lippa|Weather Ball|p2a: Gholdengo
|-damage|p2a: Gholdengo|56/100
|
|-weather|RainDance|[upkeep]
|-heal|p2a: Gholdengo|62/100|[from] item: Leftovers
|upkeep
|turn|11
|
|t:|1769365871
|switch|p1a: jeremy|Iron Treads|100/100
|move|p2a: Gholdengo|Thunder Wave|p1a: jeremy
|-immune|p1a: jeremy
|
|-weather|RainDance|[upkeep]
|-heal|p2a: Gholdengo|68/100|[from] item: Leftovers
|upkeep
|turn|12
|
|t:|1769365889
|switch|p2a: Zapdos|Zapdos, shiny|100/100
|move|p1a: jeremy|Ice Spinner|p2a: Zapdos
|-supereffective|p2a: Zapdos
|-damage|p2a: Zapdos|58/100
|
|-weather|RainDance|[upkeep]
|upkeep
|turn|13
|
|t:|1769365904
|move|p1a: jeremy|Ice Spinner|p2a: Zapdos
|-supereffective|p2a: Zapdos
|-damage|p2a: Zapdos|20/100
|-status|p1a: jeremy|par|[from] ability: Static|[of] p2a: Zapdos
|move|p2a: Zapdos|Roost|p2a: Zapdos
|-heal|p2a: Zapdos|70/100
|-singleturn|p2a: Zapdos|move: Roost
|
|-weather|RainDance|[upkeep]
|upkeep
|turn|14
|
|t:|1769365913
|move|p2a: Zapdos|Hurricane|p1a: jeremy
|-resisted|p1a: jeremy
|-damage|p1a: jeremy|54/100 par
|cant|p1a: jeremy|par
|
|-weather|RainDance|[upkeep]
|upkeep
|turn|15
|
|t:|1769365921
|move|p2a: Zapdos|Hurricane|p1a: jeremy
|-resisted|p1a: jeremy
|-damage|p1a: jeremy|11/100 par
|move|p1a: jeremy|Ice Spinner|p2a: Zapdos
|-supereffective|p2a: Zapdos
|-damage|p2a: Zapdos|25/100
|
|-weather|RainDance|[upkeep]
|upkeep
|turn|16
|
|t:|1769365930
|move|p2a: Zapdos|Roost|p2a: Zapdos
|-heal|p2a: Zapdos|75/100
|-singleturn|p2a: Zapdos|move: Roost
|move|p1a: jeremy|Earthquake|p2a: Zapdos
|-supereffective|p2a: Zapdos
|-damage|p2a: Zapdos|0 fnt
|faint|p2a: Zapdos
|
|-weather|none
|upkeep
|
|t:|1769365947
|switch|p2a: Gholdengo|Gholdengo|68/100
|turn|17
|
|t:|1769365950
|move|p2a: Gholdengo|Hex|p1a: jeremy
|-damage|p1a: jeremy|0 fnt
|faint|p1a: jeremy
|-end|p1a: jeremy|Quark Drive|[silent]
|
|-heal|p2a: Gholdengo|74/100|[from] item: Leftovers
|upkeep
|
|t:|1769365954
|switch|p1a: rayne|Politoed, F|57/100
|-weather|RainDance|[from] ability: Drizzle|[of] p1a: rayne
|turn|18
|
|t:|1769365960
|move|p2a: Gholdengo|Thunder Wave|p1a: rayne
|-status|p1a: rayne|par
|move|p1a: rayne|Surf|p2a: Gholdengo
|-damage|p2a: Gholdengo|11/100
|
|-weather|RainDance|[upkeep]
|-heal|p2a: Gholdengo|17/100|[from] item: Leftovers
|upkeep
|turn|19
|
|t:|1769365984
|move|p2a: Gholdengo|Recover|p2a: Gholdengo
|-heal|p2a: Gholdengo|67/100
|move|p1a: rayne|Surf|p2a: Gholdengo
|-damage|p2a: Gholdengo|5/100
|
|-weather|RainDance|[upkeep]
|-heal|p2a: Gholdengo|11/100|[from] item: Leftovers
|upkeep
|turn|20
|
|t:|1769365993
|-terastallize|p2a: Gholdengo|Grass
|move|p2a: Gholdengo|Recover|p2a: Gholdengo
|-heal|p2a: Gholdengo|61/100
|move|p1a: rayne|Surf|p2a: Gholdengo
|-resisted|p2a: Gholdengo
|-damage|p2a: Gholdengo|31/100
|
|-weather|RainDance|[upkeep]
|-heal|p2a: Gholdengo|38/100|[from] item: Leftovers
|upkeep
|turn|21
|inactive|mobydih has 120 seconds left.
|
|t:|1769366028
|move|p2a: Gholdengo|Hex|p1a: rayne
|-damage|p1a: rayne|11/100 par
|move|p1a: rayne|Ice Beam|p2a: Gholdengo
|-supereffective|p2a: Gholdengo
|-damage|p2a: Gholdengo|0 fnt
|faint|p2a: Gholdengo
|
|-weather|RainDance|[upkeep]
|upkeep
|
|t:|1769366040
|switch|p2a: Cinderace|Cinderace, M, shiny|100/100
|turn|22
|
|t:|1769366043
|move|p2a: Cinderace|U-turn|p1a: rayne
|-start|p2a: Cinderace|typechange|Bug|[from] ability: Libero
|-damage|p1a: rayne|0 fnt
|faint|p1a: rayne
|inactive|mobydih has 120 seconds left.
|
|t:|1769366052
|switch|p2a: Lokix|Lokix, M, shiny|91/100|[from] U-turn
|
|-weather|none
|upkeep
|
|t:|1769366056
|switch|p1a: dua lippa|Pelipper, M|44/100
|-weather|RainDance|[from] ability: Drizzle|[of] p1a: dua lippa
|turn|23
|
|t:|1769366064
|move|p2a: Lokix|First Impression|p1a: dua lippa
|-resisted|p1a: dua lippa
|-damage|p1a: dua lippa|8/100
|-damage|p2a: Lokix|81/100|[from] item: Life Orb
|move|p1a: dua lippa|Weather Ball|p2a: Lokix
|-damage|p2a: Lokix|0 fnt
|faint|p2a: Lokix
|
|-weather|RainDance|[upkeep]
|upkeep
|
|t:|1769366073
|switch|p2a: Cinderace|Cinderace, M, shiny|100/100
|turn|24
|
|t:|1769366085
|move|p2a: Cinderace|Pyro Ball|p1a: dua lippa
|-resisted|p1a: dua lippa
|-damage|p1a: dua lippa|0 fnt
|faint|p1a: dua lippa
|
|-weather|RainDance|[upkeep]
|upkeep
|
|t:|1769366088
|switch|p1a: atticus fish|Barraskewda, F|84/100
|turn|25
|
|t:|1769366095
|-terastallize|p1a: atticus fish|Water
|move|p1a: atticus fish|Liquidation|p2a: Cinderace
|-supereffective|p2a: Cinderace
|-damage|p2a: Cinderace|0 fnt
|faint|p2a: Cinderace
|
|win|sirlatch
|raw|sirlatch's rating: 1105 &rarr; <strong>1127</strong><br />(+22 for winning)
|raw|mobydih's rating: 1070 &rarr; <strong>1052</strong><br />(-18 for losing)
|l|☆sirlatch
|player|p1|
|l|☆mobydih
|player|p2|
