|j|☆maxthegoldencorgi
|j|☆aquariumchef
|t:|1769425321
|gametype|singles
|player|p1|maxthegoldencorgi|2|1172
|player|p2|aquariumchef|biker|1173
|gen|9
|tier|[Gen 9] OU
|rated|
|rule|HP Percentage Mod: HP is shown in percentages
|rule|Endless Battle Clause: Forcing endless battles is banned
|rule|Species Clause: Limit one of each Pokémon
|rule|OHKO Clause: OHKO moves are banned
|rule|Evasion Items Clause: Evasion items are banned
|rule|Evasion Moves Clause: Evasion moves are banned
|rule|Evasion Abilities Clause: Evasion abilities are banned
|rule|Sleep Moves Clause: Sleep-inducing moves are banned
|clearpoke
|poke|p1|Quagsire, F|
|poke|p1|Regice|
|poke|p1|Porygon-Z|
|poke|p1|Clefable, M|
|poke|p1|Dragonite, M|
|poke|p1|Tyranitar, M|
|poke|p2|Ogerpon-Wellspring, F|
|poke|p2|Landorus-Therian, M|
|poke|p2|Iron Crown|
|poke|p2|Corviknight, M|
|poke|p2|Fezandipiti, M|
|poke|p2|Garganacl, M|
|teampreview
|inactive|Battle timer is ON: inactive players will automatically lose when time's up. (requested by aquariumchef)
|
|t:|1769425329
|teamsize|p1|6
|teamsize|p2|6
|start
|switch|p1a: Tyranitar|Tyranitar, M|100/100
|switch|p2a: Fezandipiti|Fezandipiti, M|100/100
|-weather|Sandstorm|[from] ability: Sand Stream|[of] p1a: Tyranitar
|turn|1
|
|t:|1769425332
|move|p2a: Fezandipiti|Beat Up|p1a: Tyranitar
|-resisted|p1a: Tyranitar
|-damage|p1a: Tyranitar|99/100
|-resisted|p1a: Tyranitar
|-damage|p1a: Tyranitar|97/100
|-resisted|p1a: Tyranitar
|-damage|p1a: Tyranitar|96/100
|-resisted|p1a: Tyranitar
|-damage|p1a: Tyranitar|95/100
|-resisted|p1a: Tyranitar
|-damage|p1a: Tyranitar|93/100
|-resisted|p1a: Tyranitar
|-damage|p1a: Tyranitar|92/100
|-status|p1a: Tyranitar|tox|[from] ability: Toxic Chain|[of] p2a: Fezandipiti
|-hitcount|p1a: Tyranitar|6
|move|p1a: Tyranitar|Dragon Dance|p1a: Tyranitar
|-boost|p1a: Tyranitar|atk|1
|-boost|p1a: Tyranitar|spe|1
|
|-weather|Sandstorm|[upkeep]
|-damage|p2a: Fezandipiti|94/100|[from] Sandstorm
|-damage|p1a: Tyranitar|85/100 tox|[from] psn
|upkeep
|turn|2
|
|t:|1769425348
|switch|p2a: Bara bait|Landorus-Therian, M|100/100
|-ability|p2a: Bara bait|Intimidate|boost
|-unboost|p1a: Tyranitar|atk|1
|move|p1a: Tyranitar|Dragon Dance|p1a: Tyranitar
|-boost|p1a: Tyranitar|atk|1
|-boost|p1a: Tyranitar|spe|1
|
|-weather|Sandstorm|[upkeep]
|-damage|p1a: Tyranitar|73/100 tox|[from] psn
|upkeep
|turn|3
|
|t:|1769425354
|move|p1a: Tyranitar|Knock Off|p2a: Bara bait
|-damage|p2a: Bara bait|41/100
|-damage|p1a: Tyranitar|56/100 tox|[from] item: Rocky Helmet|[of] p2a: Bara bait
|-enditem|p2a: Bara bait|Rocky Helmet|[from] move: Knock Off|[of] p1a: Tyranitar
|move|p2a: Bara bait|Taunt|p1a: Tyranitar
|-start|p1a: Tyranitar|move: Taunt
|
|-weather|Sandstorm|[upkeep]
|-damage|p1a: Tyranitar|38/100 tox|[from] psn
|upkeep
|turn|4
|
|t:|1769425363
|switch|p2a: Corviknight|Corviknight, M|100/100
|-ability|p2a: Corviknight|Pressure
|move|p1a: Tyranitar|Rock Slide|p2a: Corviknight
|-damage|p2a: Corviknight|69/100
|
|-weather|Sandstorm|[upkeep]
|-damage|p1a: Tyranitar|13/100 tox|[from] psn
|upkeep
|turn|5
|
|t:|1769425372
|move|p1a: Tyranitar|Thunder Punch|p2a: Corviknight
|-supereffective|p2a: Corviknight
|-damage|p2a: Corviknight|27/100
|-damage|p1a: Tyranitar|0 fnt|[from] item: Rocky Helmet|[of] p2a: Corviknight
|faint|p1a: Tyranitar
|move|p2a: Corviknight|Roost|p2a: Corviknight
|-heal|p2a: Corviknight|77/100
|-singleturn|p2a: Corviknight|move: Roost
|
|-weather|none
|upkeep
|
|t:|1769425375
|switch|p1a: Clefable|Clefable, M|100/100
|turn|6
|
|t:|1769425385
|move|p2a: Corviknight|U-turn|p1a: Clefable
|-resisted|p1a: Clefable
|-damage|p1a: Clefable|93/100
|
|t:|1769425388
|switch|p2a: Fezandipiti|Fezandipiti, M|94/100|[from] U-turn
|move|p1a: Clefable|Flamethrower|p2a: Fezandipiti
|-damage|p2a: Fezandipiti|69/100
|
|upkeep
|turn|7
|
|t:|1769425400
|move|p2a: Fezandipiti|Beat Up|p1a: Clefable
|-resisted|p1a: Clefable
|-damage|p1a: Clefable|91/100
|-resisted|p1a: Clefable
|-damage|p1a: Clefable|89/100
|-resisted|p1a: Clefable
|-damage|p1a: Clefable|88/100
|-resisted|p1a: Clefable
|-damage|p1a: Clefable|85/100
|-resisted|p1a: Clefable
|-damage|p1a: Clefable|83/100
|-resisted|p1a: Clefable
|-damage|p1a: Clefable|81/100
|-status|p1a: Clefable|tox|[from] ability: Toxic Chain|[of] p2a: Fezandipiti
|-hitcount|p1a: Clefable|6
|move|p1a: Clefable|Flamethrower|p2a: Fezandipiti
|-damage|p2a: Fezandipiti|46/100
|
|upkeep
|turn|8
|
|t:|1769425415
|move|p2a: Fezandipiti|Roost|p2a: Fezandipiti
|-heal|p2a: Fezandipiti|96/100
|-singleturn|p2a: Fezandipiti|move: Roost
|move|p1a: Clefable|Ice Beam|p2a: Fezandipiti
|-damage|p2a: Fezandipiti|71/100
|
|upkeep
|turn|9
|
|t:|1769425423
|switch|p1a: imgonnateraground|Porygon-Z|100/100
|move|p2a: Fezandipiti|U-turn|p1a: imgonnateraground
|-damage|p1a: imgonnateraground|77/100
|-status|p1a: imgonnateraground|tox|[from] ability: Toxic Chain|[of] p2a: Fezandipiti
|
|t:|1769425434
|switch|p2a: Iron Crown|Iron Crown|100/100|[from] U-turn
|
|-damage|p1a: imgonnateraground|71/100 tox|[from] psn
|upkeep
|turn|10
|
|t:|1769425443
|-terastallize|p1a: imgonnateraground|Ground
|move|p1a: imgonnateraground|Tera Blast|p2a: Iron Crown|[anim] Tera Blast Ground
|-supereffective|p2a: Iron Crown
|-damage|p2a: Iron Crown|0 fnt
|faint|p2a: Iron Crown
|-end|p2a: Iron Crown|Quark Drive|[silent]
|
|-damage|p1a: imgonnateraground|59/100 tox|[from] psn
|upkeep
|
|t:|1769425451
|switch|p2a: John egbert|Ogerpon-Wellspring, F|100/100
|turn|11
|
|t:|1769425460
|switch|p1a: Clefable|Clefable, M|81/100 tox
|-terastallize|p2a: John egbert|Water
|detailschange|p2a: John egbert|Ogerpon-Wellspring-Tera, F, tera:Water
|-ability|p2a: John egbert|Embody Aspect (Wellspring)|boost
|-boost|p2a: John egbert|spd|1
|move|p2a: John egbert|Swords Dance|p2a: John egbert
|-boost|p2a: John egbert|atk|2
|
|upkeep
|turn|12
|
|t:|1769425465
|move|p2a: John egbert|Ivy Cudgel|p1a: Clefable|[anim] Ivy Cudgel Water
|-damage|p1a: Clefable|0 fnt
|faint|p1a: Clefable
|
|upkeep
|
|t:|1769425471
|switch|p1a: Quagsire|Quagsire, F|100/100
|turn|13
|
|t:|1769425475
|move|p2a: John egbert|Horn Leech|p1a: Quagsire
|-supereffective|p1a: Quagsire
|-damage|p1a: Quagsire|0 fnt
|faint|p1a: Quagsire
|
|upkeep
|
|t:|1769425480
|switch|p1a: Regice|Regice|100/100
|turn|14
|-message|maxthegoldencorgi forfeited.
|
|win|aquariumchef
|raw|maxthegoldencorgi's rating: 1172 &rarr; <strong>1149</strong><br />(-23 for losing)
|raw|aquariumchef's rating: 1196 &rarr; <strong>1219</strong><br />(+23 for winning)
|l|☆maxthegoldencorgi
|player|p1|
|l|☆aquariumchef
|player|p2|
