|j|☆suprya
|j|☆spunder_policy
|t:|1769296508
|gametype|singles
|player|p1|suprya|wattson|1702
|player|p2|spunder_policy|170|1611
|gen|9
|tier|[Gen 9] OU
|rated|
|rule|HP Percentage Mod: HP is shown in percentages
|rule|Endless Battle Clause: Forcing endless battles is banned
|rule|Species Clause: Limit one of each Pokémon
|rule|OHKO Clause: OHKO moves are banned
|rule|Evasion Items Clause: Evasion items are banned
|rule|Evasion Moves Clause: Evasion moves are banned
|rule|Evasion Abilities Clause: Evasion abilities are banned
|rule|Sleep Moves Clause: Sleep-inducing moves are banned
|clearpoke
|poke|p1|Sandaconda, F|
|poke|p1|Excadrill, F|
|poke|p1|Heatran, F|
|poke|p1|Enamorus-Therian, F|
|poke|p1|Raging Bolt|
|poke|p1|Meowscarada, F|
|poke|p2|Whimsicott, F|
|poke|p2|Torkoal, F|
|poke|p2|Great Tusk|
|poke|p2|Walking Wake|
|poke|p2|Cinderace, F|
|poke|p2|Moltres|
|teampreview
|inactive|Battle timer is ON: inactive players will automatically lose when time's up. (requested by spunder_policy)
|inactive|suprya also wants the timer to be on.
|inactive|suprya has 120 seconds left.
|
|t:|1769296542
|teamsize|p1|6
|teamsize|p2|6
|start
|switch|p1a: Raging Bolt|Raging Bolt|100/100
|switch|p2a: Walking Wake|Walking Wake|100/100
|turn|1
|
|t:|1769296554
|-terastallize|p1a: Raging Bolt|Bug
|move|p2a: Walking Wake|Flip Turn|p1a: Raging Bolt
|-damage|p1a: Raging Bolt|86/100
|
|t:|1769296559
|-end|p2a: Walking Wake|Protosynthesis|[silent]
|switch|p2a: Whimsicott|Whimsicott, F|100/100|[from] Flip Turn
|move|p1a: Raging Bolt|Dragon Pulse|p2a: Whimsicott
|-immune|p2a: Whimsicott
|
|-heal|p1a: Raging Bolt|92/100|[from] item: Leftovers
|upkeep
|turn|2
|
|t:|1769296565
|-end|p1a: Raging Bolt|Protosynthesis|[silent]
|switch|p1a: Excadrill|Excadrill, F|100/100
|move|p2a: Whimsicott|U-turn|p1a: Excadrill
|-resisted|p1a: Excadrill
|-damage|p1a: Excadrill|93/100
|
|t:|1769296569
|switch|p2a: Walking Wake|Walking Wake|100/100|[from] U-turn
|
|upkeep
|turn|3
|
|t:|1769296573
|switch|p1a: Meowscarada|Meowscarada, F|100/100
|move|p2a: Walking Wake|Hydro Steam|p1a: Meowscarada
|-resisted|p1a: Meowscarada
|-damage|p1a: Meowscarada|71/100
|
|upkeep
|turn|4
|
|t:|1769296577
|move|p1a: Meowscarada|Knock Off|p2a: Walking Wake
|-start|p1a: Meowscarada|typechange|Dark|[from] ability: Protean
|-damage|p2a: Walking Wake|42/100
|-damage|p1a: Meowscarada|54/100|[from] item: Rocky Helmet|[of] p2a: Walking Wake
|-enditem|p2a: Walking Wake|Rocky Helmet|[from] move: Knock Off|[of] p1a: Meowscarada
|move|p2a: Walking Wake|Hydro Steam|p1a: Meowscarada
|-damage|p1a: Meowscarada|0 fnt
|faint|p1a: Meowscarada
|
|upkeep
|
|t:|1769296594
|switch|p1a: Excadrill|Excadrill, F|93/100
|turn|5
|
|t:|1769296598
|-end|p2a: Walking Wake|Protosynthesis|[silent]
|switch|p2a: Moltres|Moltres|100/100
|move|p1a: Excadrill|Earthquake|p2a: Moltres
|-immune|p2a: Moltres
|
|upkeep
|turn|6
|
|t:|1769296602
|switch|p1a: Heatran|Heatran, F|100/100
|switch|p2a: Great Tusk|Great Tusk|100/100
|
|upkeep
|turn|7
|
|t:|1769296606
|move|p2a: Great Tusk|Knock Off|p1a: Heatran
|-damage|p1a: Heatran|75/100
|-enditem|p1a: Heatran|Leftovers|[from] move: Knock Off|[of] p2a: Great Tusk
|move|p1a: Heatran|Will-O-Wisp|p2a: Great Tusk
|-status|p2a: Great Tusk|brn
|
|-damage|p2a: Great Tusk|94/100 brn|[from] brn
|upkeep
|turn|8
|
|t:|1769296611
|switch|p1a: Enamorus|Enamorus-Therian, F|100/100
|move|p2a: Great Tusk|Knock Off|p1a: Enamorus
|-resisted|p1a: Enamorus
|-damage|p1a: Enamorus|95/100
|-enditem|p1a: Enamorus|Heavy-Duty Boots|[from] move: Knock Off|[of] p2a: Great Tusk
|
|-damage|p2a: Great Tusk|88/100 brn|[from] brn
|upkeep
|turn|9
|
|t:|1769296619
|-end|p2a: Great Tusk|Protosynthesis|[silent]
|switch|p2a: Cinderace|Cinderace, F|100/100
|move|p1a: Enamorus|Calm Mind|p1a: Enamorus
|-boost|p1a: Enamorus|spa|1
|-boost|p1a: Enamorus|spd|1
|
|upkeep
|turn|10
|
|t:|1769296625
|move|p2a: Cinderace|Pyro Ball|p1a: Enamorus
|-damage|p1a: Enamorus|53/100
|move|p1a: Enamorus|Earth Power|p2a: Cinderace
|-supereffective|p2a: Cinderace
|-crit|p2a: Cinderace
|-damage|p2a: Cinderace|0 fnt
|faint|p2a: Cinderace
|
|upkeep
|
|t:|1769296628
|switch|p2a: Moltres|Moltres|100/100
|turn|11
|
|t:|1769296632
|switch|p1a: Heatran|Heatran, F|75/100
|move|p2a: Moltres|Flamethrower|p1a: Heatran
|-start|p1a: Heatran|ability: Flash Fire
|
|upkeep
|turn|12
|
|t:|1769296637
|move|p2a: Moltres|Scorching Sands|p1a: Heatran
|-supereffective|p1a: Heatran
|-damage|p1a: Heatran|6/100
|move|p1a: Heatran|Magma Storm|p2a: Moltres
|-resisted|p2a: Moltres
|-damage|p2a: Moltres|64/100
|-activate|p2a: Moltres|move: Magma Storm|[of] p1a: Heatran
|
|-damage|p2a: Moltres|51/100|[from] move: Magma Storm|[partiallytrapped]
|upkeep
|turn|13
|
|t:|1769296651
|move|p2a: Moltres|Tera Blast|p1a: Heatran
|-resisted|p1a: Heatran
|-damage|p1a: Heatran|0 fnt
|faint|p1a: Heatran
|
|-end|p2a: Moltres|Magma Storm|[partiallytrapped]|[silent]
|upkeep
|
|t:|1769296654
|switch|p1a: Raging Bolt|Raging Bolt, tera:Bug|92/100
|turn|14
|
|t:|1769296659
|switch|p2a: Great Tusk|Great Tusk|88/100 brn
|move|p1a: Raging Bolt|Dragon Pulse|p2a: Great Tusk
|-damage|p2a: Great Tusk|50/100 brn
|
|-heal|p1a: Raging Bolt|99/100|[from] item: Leftovers
|-damage|p2a: Great Tusk|44/100 brn|[from] brn
|upkeep
|turn|15
|
|t:|1769296667
|move|p2a: Great Tusk|Knock Off|p1a: Raging Bolt
|-damage|p1a: Raging Bolt|86/100
|-enditem|p1a: Raging Bolt|Leftovers|[from] move: Knock Off|[of] p2a: Great Tusk
|move|p1a: Raging Bolt|Calm Mind|p1a: Raging Bolt
|-boost|p1a: Raging Bolt|spa|1
|-boost|p1a: Raging Bolt|spd|1
|
|-damage|p2a: Great Tusk|37/100 brn|[from] brn
|upkeep
|turn|16
|
|t:|1769296688
|-end|p2a: Great Tusk|Protosynthesis|[silent]
|switch|p2a: Walking Wake|Walking Wake|42/100
|move|p1a: Raging Bolt|Dragon Pulse|p2a: Walking Wake
|-supereffective|p2a: Walking Wake
|-damage|p2a: Walking Wake|0 fnt
|faint|p2a: Walking Wake
|-end|p2a: Walking Wake|Protosynthesis|[silent]
|
|upkeep
|
|t:|1769296693
|switch|p2a: Whimsicott|Whimsicott, F|100/100
|turn|17
|
|t:|1769296697
|-end|p1a: Raging Bolt|Protosynthesis|[silent]
|switch|p1a: Excadrill|Excadrill, F|93/100
|move|p2a: Whimsicott|Moonblast|p1a: Excadrill
|-resisted|p1a: Excadrill
|-damage|p1a: Excadrill|67/100
|
|upkeep
|turn|18
|
|t:|1769296715
|switch|p2a: Torkoal|Torkoal, F|100/100
|-weather|SunnyDay|[from] ability: Drought|[of] p2a: Torkoal
|switch|p1a: Sandaconda|Sandaconda, F|100/100
|
|-weather|SunnyDay|[upkeep]
|upkeep
|turn|19
|
|t:|1769296722
|move|p1a: Sandaconda|Stealth Rock|p2a: Torkoal
|-sidestart|p2: spunder_policy|move: Stealth Rock
|move|p2a: Torkoal|Stealth Rock|p1a: Sandaconda
|-sidestart|p1: suprya|move: Stealth Rock
|
|-weather|SunnyDay|[upkeep]
|upkeep
|turn|20
|
|t:|1769296726
|switch|p2a: Great Tusk|Great Tusk|37/100 brn
|-damage|p2a: Great Tusk|34/100 brn|[from] Stealth Rock
|-activate|p2a: Great Tusk|ability: Protosynthesis
|-start|p2a: Great Tusk|protosynthesisspe
|move|p1a: Sandaconda|Glare||[still]
|-fail|p1a: Sandaconda
|
|-weather|SunnyDay|[upkeep]
|-damage|p2a: Great Tusk|28/100 brn|[from] brn
|upkeep
|turn|21
|
|t:|1769296739
|move|p2a: Great Tusk|Rapid Spin|p1a: Sandaconda
|-damage|p1a: Sandaconda|96/100
|-boost|p2a: Great Tusk|spe|1
|-weather|Sandstorm|[from] ability: Sand Spit|[of] p1a: Sandaconda
|-end|p2a: Great Tusk|Protosynthesis
|-sideend|p2: spunder_policy|Stealth Rock|[from] move: Rapid Spin|[of] p2a: Great Tusk
|move|p1a: Sandaconda|Earthquake|p2a: Great Tusk
|-crit|p2a: Great Tusk
|-damage|p2a: Great Tusk|0 fnt
|faint|p2a: Great Tusk
|-end|p2a: Great Tusk|Protosynthesis|[silent]
|
|-weather|Sandstorm|[upkeep]
|upkeep
|
|t:|1769296745
|switch|p2a: Torkoal|Torkoal, F|100/100
|-weather|SunnyDay|[from] ability: Drought|[of] p2a: Torkoal
|turn|22
|
|t:|1769296752
|switch|p2a: Whimsicott|Whimsicott, F|100/100
|move|p1a: Sandaconda|Stealth Rock|p2a: Whimsicott
|-sidestart|p2: spunder_policy|move: Stealth Rock
|
|-weather|SunnyDay|[upkeep]
|upkeep
|turn|23
|
|t:|1769296759
|move|p2a: Whimsicott|Solar Beam||[still]
|-prepare|p2a: Whimsicott|Solar Beam
|-anim|p2a: Whimsicott|Solar Beam|p1a: Sandaconda
|-supereffective|p1a: Sandaconda
|-damage|p1a: Sandaconda|0 fnt
|-weather|Sandstorm|[from] ability: Sand Spit|[of] p1a: Sandaconda
|faint|p1a: Sandaconda
|
|-weather|Sandstorm|[upkeep]
|-damage|p2a: Whimsicott|94/100|[from] Sandstorm
|upkeep
|
|t:|1769296766
|switch|p1a: Enamorus|Enamorus-Therian, F|53/100
|-damage|p1a: Enamorus|28/100|[from] Stealth Rock
|turn|24
|
|t:|1769296770
|switch|p2a: Torkoal|Torkoal, F|100/100
|-damage|p2a: Torkoal|75/100|[from] Stealth Rock
|-weather|SunnyDay|[from] ability: Drought|[of] p2a: Torkoal
|move|p1a: Enamorus|Draining Kiss|p2a: Torkoal
|-resisted|p2a: Torkoal
|-damage|p2a: Torkoal|61/100
|-heal|p1a: Enamorus|39/100|[from] drain|[of] p2a: Torkoal
|
|-weather|SunnyDay|[upkeep]
|upkeep
|turn|25
|
|t:|1769296776
|switch|p2a: Moltres|Moltres|51/100
|move|p1a: Enamorus|Calm Mind|p1a: Enamorus
|-boost|p1a: Enamorus|spa|1
|-boost|p1a: Enamorus|spd|1
|
|-weather|SunnyDay|[upkeep]
|upkeep
|turn|26
|
|t:|1769296781
|move|p2a: Moltres|Flamethrower|p1a: Enamorus
|-damage|p1a: Enamorus|0 fnt
|faint|p1a: Enamorus
|
|-weather|SunnyDay|[upkeep]
|upkeep
|
|t:|1769296784
|switch|p1a: Raging Bolt|Raging Bolt, tera:Bug|86/100
|-damage|p1a: Raging Bolt|61/100|[from] Stealth Rock
|-activate|p1a: Raging Bolt|ability: Protosynthesis
|-start|p1a: Raging Bolt|protosynthesisspa
|turn|27
|
|t:|1769296787
|-terastallize|p2a: Moltres|Dragon
|move|p2a: Moltres|Flamethrower|p1a: Raging Bolt
|-supereffective|p1a: Raging Bolt
|-damage|p1a: Raging Bolt|0 fnt
|faint|p1a: Raging Bolt
|-end|p1a: Raging Bolt|Protosynthesis|[silent]
|
|-weather|SunnyDay|[upkeep]
|upkeep
|
|t:|1769296791
|switch|p1a: Excadrill|Excadrill, F|67/100
|-damage|p1a: Excadrill|64/100|[from] Stealth Rock
|turn|28
|
|t:|1769296793
|move|p1a: Excadrill|Earthquake|p2a: Moltres
|-damage|p2a: Moltres|0 fnt
|faint|p2a: Moltres
|
|-weather|SunnyDay|[upkeep]
|upkeep
|
|t:|1769296795
|switch|p2a: Whimsicott|Whimsicott, F|94/100
|-damage|p2a: Whimsicott|82/100|[from] Stealth Rock
|turn|29
|
|t:|1769296798
|move|p2a: Whimsicott|Solar Beam||[still]
|-prepare|p2a: Whimsicott|Solar Beam
|-anim|p2a: Whimsicott|Solar Beam|p1a: Excadrill
|-damage|p1a: Excadrill|0 fnt
|faint|p1a: Excadrill
|
|win|spunder_policy
|raw|suprya's rating: 1702 &rarr; <strong>1677</strong><br />(-25 for losing)
|raw|spunder_policy's rating: 1611 &rarr; <strong>1636</strong><br />(+25 for winning)
|l|☆suprya
|player|p1|
|l|☆spunder_policy
|player|p2|
