|j|☆IronEyeJoe
|j|☆fluffycool
|t:|1769329622
|gametype|singles
|player|p1|IronEyeJoe|wallace|1335
|player|p2|fluffycool|schoolboy-gen2|1343
|gen|9
|tier|[Gen 9] OU
|rated|
|rule|HP Percentage Mod: HP is shown in percentages
|rule|Endless Battle Clause: Forcing endless battles is banned
|rule|Species Clause: Limit one of each Pokémon
|rule|OHKO Clause: OHKO moves are banned
|rule|Evasion Items Clause: Evasion items are banned
|rule|Evasion Moves Clause: Evasion moves are banned
|rule|Evasion Abilities Clause: Evasion abilities are banned
|rule|Sleep Moves Clause: Sleep-inducing moves are banned
|clearpoke
|poke|p1|Samurott-Hisui, F|
|poke|p1|Glimmora, M|
|poke|p1|Kyurem|
|poke|p1|Gholdengo|
|poke|p1|Landorus-Therian, M|
|poke|p1|Deoxys-Speed|
|poke|p2|Latios, M|
|poke|p2|Gholdengo|
|poke|p2|Clodsire, F|
|poke|p2|Slowking, M|
|poke|p2|Meowscarada, M|
|poke|p2|Skarmory, F|
|teampreview
|inactive|Battle timer is ON: inactive players will automatically lose when time's up. (requested by fluffycool)
|
|t:|1769329633
|teamsize|p1|6
|teamsize|p2|6
|start
|switch|p1a: Glimmora|Glimmora, M|100/100
|switch|p2a: Meowscarada|Meowscarada, M|100/100
|turn|1
|
|t:|1769329649
|move|p2a: Meowscarada|U-turn|p1a: Glimmora
|-start|p2a: Meowscarada|typechange|Bug|[from] ability: Protean
|-resisted|p1a: Glimmora
|-damage|p1a: Glimmora|80/100
|-activate|p1a: Glimmora|ability: Toxic Debris
|-sidestart|p2: fluffycool|move: Toxic Spikes
|
|t:|1769329652
|switch|p2a: Clodsire|Clodsire, F|100/100|[from] U-turn
|-sideend|p2: fluffycool|move: Toxic Spikes|[of] p2a: Clodsire
|move|p1a: Glimmora|Stealth Rock|p2a: Clodsire
|-sidestart|p2: fluffycool|move: Stealth Rock
|
|upkeep
|turn|2
|
|t:|1769329667
|move|p1a: Glimmora|Earth Power|p2a: Clodsire
|-supereffective|p2a: Clodsire
|-damage|p2a: Clodsire|67/100
|move|p2a: Clodsire|Stealth Rock|p1a: Glimmora
|-sidestart|p1: IronEyeJoe|move: Stealth Rock
|
|upkeep
|turn|3
|
|t:|1769329672
|move|p1a: Glimmora|Mortal Spin|p2a: Clodsire
|-resisted|p2a: Clodsire
|-damage|p2a: Clodsire|65/100
|-sideend|p1: IronEyeJoe|Stealth Rock|[from] move: Mortal Spin|[of] p1a: Glimmora
|move|p2a: Clodsire|Earthquake|p1a: Glimmora
|-supereffective|p1a: Glimmora
|-damage|p1a: Glimmora|0 fnt
|-activate|p1a: Glimmora|ability: Toxic Debris
|-sidestart|p2: fluffycool|move: Toxic Spikes
|faint|p1a: Glimmora
|
|upkeep
|
|t:|1769329675
|switch|p1a: Landorus|Landorus-Therian, M|100/100
|-ability|p1a: Landorus|Intimidate|boost
|-unboost|p2a: Clodsire|atk|1
|turn|4
|
|t:|1769329679
|switch|p2a: Skarmory|Skarmory, F|100/100
|-damage|p2a: Skarmory|88/100|[from] Stealth Rock
|move|p1a: Landorus|Substitute|p1a: Landorus
|-start|p1a: Landorus|Substitute
|-damage|p1a: Landorus|76/100
|
|-heal|p1a: Landorus|82/100|[from] item: Leftovers
|upkeep
|turn|5
|
|t:|1769329685
|move|p1a: Landorus|Swords Dance|p1a: Landorus
|-boost|p1a: Landorus|atk|2
|move|p2a: Skarmory|Iron Defense|p2a: Skarmory
|-boost|p2a: Skarmory|def|2
|
|-heal|p1a: Landorus|88/100|[from] item: Leftovers
|upkeep
|turn|6
|
|t:|1769329690
|move|p1a: Landorus|Smack Down|p2a: Skarmory
|-damage|p2a: Skarmory|74/100
|-start|p2a: Skarmory|Smack Down
|move|p2a: Skarmory|Iron Defense|p2a: Skarmory
|-boost|p2a: Skarmory|def|2
|
|-heal|p1a: Landorus|94/100|[from] item: Leftovers
|upkeep
|turn|7
|
|t:|1769329695
|move|p1a: Landorus|Earthquake|p2a: Skarmory
|-supereffective|p2a: Skarmory
|-damage|p2a: Skarmory|22/100
|move|p2a: Skarmory|Iron Defense|p2a: Skarmory
|-boost|p2a: Skarmory|def|2
|
|-heal|p1a: Landorus|99/100|[from] item: Leftovers
|upkeep
|turn|8
|
|t:|1769329717
|-terastallize|p2a: Skarmory|Dragon
|move|p1a: Landorus|Earthquake|p2a: Skarmory
|-damage|p2a: Skarmory|5/100
|move|p2a: Skarmory|Roost|p2a: Skarmory
|-heal|p2a: Skarmory|55/100
|
|-heal|p1a: Landorus|100/100|[from] item: Leftovers
|upkeep
|turn|9
|
|t:|1769329724
|move|p1a: Landorus|Swords Dance|p1a: Landorus
|-boost|p1a: Landorus|atk|2
|move|p2a: Skarmory|Roost|p2a: Skarmory
|-heal|p2a: Skarmory|100/100
|
|upkeep
|turn|10
|
|t:|1769329730
|move|p1a: Landorus|Swords Dance|p1a: Landorus
|-boost|p1a: Landorus|atk|2
|move|p2a: Skarmory|Body Press|p1a: Landorus
|-resisted|p1a: Landorus
|-end|p1a: Landorus|Substitute
|
|upkeep
|turn|11
|
|t:|1769329734
|switch|p1a: Gholdengo|Gholdengo|100/100
|-item|p1a: Gholdengo|Air Balloon
|move|p2a: Skarmory|Body Press|p1a: Gholdengo
|-immune|p1a: Gholdengo
|
|upkeep
|turn|12
|
|t:|1769329738
|switch|p2a: Clodsire|Clodsire, F|65/100
|-sideend|p2: fluffycool|move: Toxic Spikes|[of] p2a: Clodsire
|move|p1a: Gholdengo|Nasty Plot|p1a: Gholdengo
|-boost|p1a: Gholdengo|spa|2
|
|upkeep
|turn|13
|
|t:|1769329743
|move|p1a: Gholdengo|Make It Rain|p2a: Clodsire
|-damage|p2a: Clodsire|36/100
|-unboost|p1a: Gholdengo|spa|1
|move|p2a: Clodsire|Recover|p2a: Clodsire
|-heal|p2a: Clodsire|86/100
|
|upkeep
|turn|14
|
|t:|1769329753
|switch|p1a: Kyurem|Kyurem|100/100
|-ability|p1a: Kyurem|Pressure
|move|p2a: Clodsire|Stealth Rock|p1a: Kyurem
|-sidestart|p1: IronEyeJoe|move: Stealth Rock
|
|upkeep
|turn|15
|
|t:|1769329759
|move|p1a: Kyurem|Dragon Dance|p1a: Kyurem
|-boost|p1a: Kyurem|atk|1
|-boost|p1a: Kyurem|spe|1
|move|p2a: Clodsire|Toxic|p1a: Kyurem
|-status|p1a: Kyurem|tox
|
|-damage|p1a: Kyurem|94/100 tox|[from] psn
|upkeep
|turn|16
|
|t:|1769329766
|switch|p2a: Gholdengo|Gholdengo|100/100
|-damage|p2a: Gholdengo|94/100|[from] Stealth Rock
|-item|p2a: Gholdengo|Air Balloon
|move|p1a: Kyurem|Icicle Spear|p2a: Gholdengo
|-resisted|p2a: Gholdengo
|-damage|p2a: Gholdengo|83/100
|-enditem|p2a: Gholdengo|Air Balloon
|-resisted|p2a: Gholdengo
|-damage|p2a: Gholdengo|72/100
|-resisted|p2a: Gholdengo
|-damage|p2a: Gholdengo|61/100
|-resisted|p2a: Gholdengo
|-damage|p2a: Gholdengo|50/100
|-hitcount|p2a: Gholdengo|4
|
|-damage|p1a: Kyurem|82/100 tox|[from] psn
|upkeep
|turn|17
|
|t:|1769329782
|move|p1a: Kyurem|Icicle Spear|p2a: Gholdengo
|-resisted|p2a: Gholdengo
|-damage|p2a: Gholdengo|38/100
|-resisted|p2a: Gholdengo
|-damage|p2a: Gholdengo|27/100
|-resisted|p2a: Gholdengo
|-damage|p2a: Gholdengo|17/100
|-resisted|p2a: Gholdengo
|-damage|p2a: Gholdengo|6/100
|-hitcount|p2a: Gholdengo|4
|move|p2a: Gholdengo|Make It Rain|p1a: Kyurem
|-supereffective|p1a: Kyurem
|-damage|p1a: Kyurem|0 fnt
|-unboost|p2a: Gholdengo|spa|1
|faint|p1a: Kyurem
|
|upkeep
|
|t:|1769329795
|switch|p1a: Samurott|Samurott-Hisui, F|100/100
|-damage|p1a: Samurott|88/100|[from] Stealth Rock
|turn|18
|
|t:|1769329798
|move|p2a: Gholdengo|Thunderbolt|p1a: Samurott
|-supereffective|p1a: Samurott
|-damage|p1a: Samurott|56/100
|move|p1a: Samurott|Ceaseless Edge|p2a: Gholdengo
|-supereffective|p2a: Gholdengo
|-damage|p2a: Gholdengo|0 fnt
|-sidestart|p2: fluffycool|Spikes
|faint|p2a: Gholdengo
|
|upkeep
|
|t:|1769329809
|switch|p2a: Meowscarada|Meowscarada, M|100/100
|turn|19
|
|t:|1769329825
|move|p2a: Meowscarada|U-turn|p1a: Samurott
|-start|p2a: Meowscarada|typechange|Bug|[from] ability: Protean
|-supereffective|p1a: Samurott
|-damage|p1a: Samurott|0 fnt
|faint|p1a: Samurott
|
|t:|1769329830
|switch|p2a: Slowking|Slowking, M|100/100|[from] U-turn
|
|upkeep
|
|t:|1769329836
|switch|p1a: Gholdengo|Gholdengo|100/100
|-damage|p1a: Gholdengo|94/100|[from] Stealth Rock
|-item|p1a: Gholdengo|Air Balloon
|turn|20
|
|t:|1769329844
|move|p1a: Gholdengo|Shadow Ball|p2a: Slowking
|-supereffective|p2a: Slowking
|-damage|p2a: Slowking|59/100
|move|p2a: Slowking|Scald|p1a: Gholdengo
|-damage|p1a: Gholdengo|67/100
|-status|p1a: Gholdengo|brn
|-enditem|p1a: Gholdengo|Air Balloon
|
|-damage|p1a: Gholdengo|60/100 brn|[from] brn
|upkeep
|turn|21
|
|t:|1769329852
|move|p1a: Gholdengo|Shadow Ball|p2a: Slowking
|-supereffective|p2a: Slowking
|-damage|p2a: Slowking|16/100
|move|p2a: Slowking|Scald|p1a: Gholdengo
|-damage|p1a: Gholdengo|33/100 brn
|
|-damage|p1a: Gholdengo|27/100 brn|[from] brn
|upkeep
|turn|22
|
|t:|1769329860
|move|p1a: Gholdengo|Shadow Ball|p2a: Slowking
|-supereffective|p2a: Slowking
|-damage|p2a: Slowking|0 fnt
|faint|p2a: Slowking
|
|-damage|p1a: Gholdengo|21/100 brn|[from] brn
|upkeep
|
|t:|1769329863
|switch|p2a: Meowscarada|Meowscarada, M|100/100
|turn|23
|
|t:|1769329867
|move|p2a: Meowscarada|Knock Off|p1a: Gholdengo
|-start|p2a: Meowscarada|typechange|Dark|[from] ability: Protean
|-supereffective|p1a: Gholdengo
|-damage|p1a: Gholdengo|0 fnt
|faint|p1a: Gholdengo
|
|upkeep
|
|t:|1769329871
|switch|p1a: Deoxys|Deoxys-Speed|100/100
|-damage|p1a: Deoxys|88/100|[from] Stealth Rock
|-ability|p1a: Deoxys|Pressure
|turn|24
|
|t:|1769329874
|move|p2a: Meowscarada|Sucker Punch|p1a: Deoxys
|-supereffective|p1a: Deoxys
|-damage|p1a: Deoxys|0 fnt
|faint|p1a: Deoxys
|
|upkeep
|
|t:|1769329877
|switch|p1a: Landorus|Landorus-Therian, M|100/100
|-damage|p1a: Landorus|88/100|[from] Stealth Rock
|-ability|p1a: Landorus|Intimidate|boost
|-unboost|p2a: Meowscarada|atk|1
|turn|25
|
|t:|1769329882
|move|p2a: Meowscarada|Triple Axel|p1a: Landorus
|-supereffective|p1a: Landorus
|-damage|p1a: Landorus|69/100
|-supereffective|p1a: Landorus
|-damage|p1a: Landorus|29/100
|-supereffective|p1a: Landorus
|-crit|p1a: Landorus
|-damage|p1a: Landorus|0 fnt
|faint|p1a: Landorus
|-hitcount|p1: Landorus|3
|
|win|fluffycool
|raw|IronEyeJoe's rating: 1335 &rarr; <strong>1315</strong><br />(-20 for losing)
|raw|fluffycool's rating: 1343 &rarr; <strong>1363</strong><br />(+20 for winning)
|l|☆IronEyeJoe
|player|p1|
