|j|☆supermonst
|j|☆akikoumi
|t:|1769442720
|gametype|singles
|player|p1|supermonst|benga|1413
|player|p2|akikoumi|miku-water|1412
|gen|9
|tier|[Gen 9] OU
|rated|
|rule|HP Percentage Mod: HP is shown in percentages
|rule|Endless Battle Clause: Forcing endless battles is banned
|rule|Species Clause: Limit one of each Pokémon
|rule|OHKO Clause: OHKO moves are banned
|rule|Evasion Items Clause: Evasion items are banned
|rule|Evasion Moves Clause: Evasion moves are banned
|rule|Evasion Abilities Clause: Evasion abilities are banned
|rule|Sleep Moves Clause: Sleep-inducing moves are banned
|clearpoke
|poke|p1|Gengar, F|
|poke|p1|Ursaluna, F|
|poke|p1|Conkeldurr, M|
|poke|p1|Kingambit, F|
|poke|p1|Hatterene, F|
|poke|p1|Crawdaunt, M|
|poke|p2|Pelipper, F|
|poke|p2|Hatterene, F|
|poke|p2|Iron Treads|
|poke|p2|Toxicroak, F|
|poke|p2|Barraskewda, F|
|poke|p2|Zapdos|
|teampreview
|inactive|Battle timer is ON: inactive players will automatically lose when time's up. (requested by akikoumi)
|inactive|supermonst also wants the timer to be on.
|inactive|supermonst has 120 seconds left.
|
|t:|1769442758
|teamsize|p1|6
|teamsize|p2|6
|start
|switch|p1a: click clack|Crawdaunt, M|100/100
|switch|p2a: Barraskewda|Barraskewda, F|100/100
|turn|1
|
|t:|1769442762
|move|p2a: Barraskewda|Flip Turn|p1a: click clack
|-resisted|p1a: click clack
|-damage|p1a: click clack|66/100
|
|t:|1769442763
|switch|p2a: Toxicroak|Toxicroak, F|100/100|[from] Flip Turn
|move|p1a: click clack|Knock Off|p2a: Toxicroak
|-resisted|p2a: Toxicroak
|-damage|p2a: Toxicroak|56/100
|-damage|p1a: click clack|50/100|[from] item: Rocky Helmet|[of] p2a: Toxicroak
|-enditem|p2a: Toxicroak|Rocky Helmet|[from] move: Knock Off|[of] p1a: click clack
|-damage|p1a: click clack|40/100|[from] item: Life Orb
|
|upkeep
|turn|2
|
|t:|1769442768
|switch|p1a: room service?|Gengar, F|100/100
|move|p2a: Toxicroak|Drain Punch|p1a: room service?
|-immune|p1a: room service?
|
|upkeep
|turn|3
|
|t:|1769442773
|switch|p2a: Pelipper|Pelipper, F|100/100
|-weather|RainDance|[from] ability: Drizzle|[of] p2a: Pelipper
|move|p1a: room service?|Encore||[still]
|-fail|p1a: room service?
|
|-weather|RainDance|[upkeep]
|upkeep
|turn|4
|
|t:|1769442777
|switch|p2a: Iron Treads|Iron Treads|100/100
|move|p1a: room service?|Sludge Bomb|p2a: Iron Treads
|-immune|p2a: Iron Treads
|
|-weather|RainDance|[upkeep]
|upkeep
|turn|5
|
|t:|1769442784
|switch|p1a: defoging rocks|Conkeldurr, M|100/100
|move|p2a: Iron Treads|Earthquake|p1a: defoging rocks
|-damage|p1a: defoging rocks|67/100
|
|-weather|RainDance|[upkeep]
|-status|p1a: defoging rocks|brn|[from] item: Flame Orb
|upkeep
|turn|6
|
|t:|1769442791
|move|p2a: Iron Treads|Volt Switch|p1a: defoging rocks
|-damage|p1a: defoging rocks|55/100 brn
|
|t:|1769442793
|-end|p2a: Iron Treads|Quark Drive|[silent]
|switch|p2a: Zapdos|Zapdos|100/100|[from] Volt Switch
|move|p1a: defoging rocks|Facade|p2a: Zapdos
|-damage|p2a: Zapdos|1/100
|
|-weather|RainDance|[upkeep]
|-damage|p1a: defoging rocks|49/100 brn|[from] brn
|upkeep
|turn|7
|
|t:|1769442799
|switch|p2a: Toxicroak|Toxicroak, F|56/100
|move|p1a: defoging rocks|Mach Punch|p2a: Toxicroak
|-resisted|p2a: Toxicroak
|-damage|p2a: Toxicroak|40/100
|
|-weather|RainDance|[upkeep]
|-heal|p2a: Toxicroak|52/100|[from] ability: Dry Skin
|-damage|p1a: defoging rocks|43/100 brn|[from] brn
|upkeep
|turn|8
|
|t:|1769442802
|move|p2a: Toxicroak|Encore|p1a: defoging rocks
|-start|p1a: defoging rocks|Encore
|move|p1a: defoging rocks|Mach Punch|p2a: Toxicroak
|-resisted|p2a: Toxicroak
|-damage|p2a: Toxicroak|35/100
|
|-weather|RainDance|[upkeep]
|-heal|p2a: Toxicroak|48/100|[from] ability: Dry Skin
|-damage|p1a: defoging rocks|36/100 brn|[from] brn
|upkeep
|turn|9
|
|t:|1769442805
|switch|p1a: nuzzle up|Hatterene, F|100/100
|move|p2a: Toxicroak|Drain Punch|p1a: nuzzle up
|-resisted|p1a: nuzzle up
|-damage|p1a: nuzzle up|93/100
|-heal|p2a: Toxicroak|51/100|[from] drain|[of] p1a: nuzzle up
|
|-weather|RainDance|[upkeep]
|-heal|p2a: Toxicroak|63/100|[from] ability: Dry Skin
|upkeep
|turn|10
|
|t:|1769442812
|switch|p2a: Iron Treads|Iron Treads|100/100
|switch|p1a: mindgames bb|Kingambit, F|100/100
|
|-weather|none
|upkeep
|turn|11
|
|t:|1769442816
|move|p2a: Iron Treads|Earthquake|p1a: mindgames bb
|-supereffective|p1a: mindgames bb
|-damage|p1a: mindgames bb|47/100
|move|p1a: mindgames bb|Stealth Rock|p2a: Iron Treads
|-sidestart|p2: akikoumi|move: Stealth Rock
|
|upkeep
|turn|12
|
|t:|1769442825
|-end|p1a: mindgames bb|fallenundefined|[silent]
|switch|p1a: click clack|Crawdaunt, M|40/100
|move|p2a: Iron Treads|Earthquake|p1a: click clack
|-damage|p1a: click clack|0 fnt
|faint|p1a: click clack
|
|upkeep
|
|t:|1769442827
|switch|p1a: defoging rocks|Conkeldurr, M|36/100 brn
|turn|13
|
|t:|1769442831
|move|p2a: Iron Treads|Earthquake|p1a: defoging rocks
|-damage|p1a: defoging rocks|1/100 brn
|move|p1a: defoging rocks|Knock Off|p2a: Iron Treads
|-damage|p2a: Iron Treads|52/100
|-enditem|p2a: Iron Treads|Leftovers|[from] move: Knock Off|[of] p1a: defoging rocks
|
|-damage|p1a: defoging rocks|0 fnt|[from] brn
|faint|p1a: defoging rocks
|upkeep
|
|t:|1769442833
|switch|p1a: see fair|Ursaluna, F|100/100
|turn|14
|
|t:|1769442840
|move|p2a: Iron Treads|Rapid Spin|p1a: see fair
|-damage|p1a: see fair|91/100
|-boost|p2a: Iron Treads|spe|1
|-sideend|p2: akikoumi|Stealth Rock|[from] move: Rapid Spin|[of] p2a: Iron Treads
|move|p1a: see fair|Headlong Rush|p2a: Iron Treads
|-supereffective|p2a: Iron Treads
|-damage|p2a: Iron Treads|0 fnt
|-unboost|p1a: see fair|def|1
|-unboost|p1a: see fair|spd|1
|faint|p2a: Iron Treads
|-end|p2a: Iron Treads|Quark Drive|[silent]
|
|-status|p1a: see fair|brn|[from] item: Flame Orb
|upkeep
|
|t:|1769442845
|switch|p2a: Pelipper|Pelipper, F|100/100
|-weather|RainDance|[from] ability: Drizzle|[of] p2a: Pelipper
|turn|15
|
|t:|1769442848
|-terastallize|p1a: see fair|Normal
|move|p2a: Pelipper|U-turn|p1a: see fair
|-damage|p1a: see fair|81/100 brn
|
|t:|1769442852
|switch|p2a: Zapdos|Zapdos|1/100|[from] U-turn
|move|p1a: see fair|Facade|p2a: Zapdos
|-damage|p2a: Zapdos|0 fnt
|faint|p2a: Zapdos
|
|-weather|RainDance|[upkeep]
|-damage|p1a: see fair|75/100 brn|[from] brn
|upkeep
|
|t:|1769442854
|switch|p2a: Barraskewda|Barraskewda, F|100/100
|turn|16
|
|t:|1769442856
|switch|p1a: room service?|Gengar, F|100/100
|-terastallize|p2a: Barraskewda|Water
|move|p2a: Barraskewda|Liquidation|p1a: room service?
|-damage|p1a: room service?|0 fnt
|faint|p1a: room service?
|
|-weather|RainDance|[upkeep]
|upkeep
|
|t:|1769442858
|switch|p1a: mindgames bb|Kingambit, F|47/100
|-activate|p1a: mindgames bb|ability: Supreme Overlord
|-start|p1a: mindgames bb|fallen3|[silent]
|turn|17
|
|t:|1769442860
|move|p1a: mindgames bb|Sucker Punch|p2a: Barraskewda
|-damage|p2a: Barraskewda|0 fnt
|faint|p2a: Barraskewda
|
|-weather|RainDance|[upkeep]
|upkeep
|
|t:|1769442864
|switch|p2a: Toxicroak|Toxicroak, F|63/100
|turn|18
|
|t:|1769442869
|move|p1a: mindgames bb|Sucker Punch|p2a: Toxicroak
|-resisted|p2a: Toxicroak
|-damage|p2a: Toxicroak|34/100
|move|p2a: Toxicroak|Knock Off|p1a: mindgames bb
|-resisted|p1a: mindgames bb
|-damage|p1a: mindgames bb|39/100
|-enditem|p1a: mindgames bb|Black Glasses|[from] move: Knock Off|[of] p2a: Toxicroak
|
|-weather|RainDance|[upkeep]
|-heal|p2a: Toxicroak|46/100|[from] ability: Dry Skin
|upkeep
|turn|19
|
|t:|1769442872
|move|p1a: mindgames bb|Sucker Punch||[still]
|-fail|p1a: mindgames bb
|move|p2a: Toxicroak|Encore|p1a: mindgames bb
|-start|p1a: mindgames bb|Encore
|
|-weather|RainDance|[upkeep]
|-heal|p2a: Toxicroak|58/100|[from] ability: Dry Skin
|upkeep
|turn|20
|
|t:|1769442876
|move|p1a: mindgames bb|Sucker Punch|p2a: Toxicroak
|-resisted|p2a: Toxicroak
|-damage|p2a: Toxicroak|36/100
|move|p2a: Toxicroak|Knock Off|p1a: mindgames bb
|-resisted|p1a: mindgames bb
|-damage|p1a: mindgames bb|33/100
|
|-weather|RainDance|[upkeep]
|-heal|p2a: Toxicroak|48/100|[from] ability: Dry Skin
|upkeep
|turn|21
|
|t:|1769442879
|move|p1a: mindgames bb|Sucker Punch|p2a: Toxicroak
|-resisted|p2a: Toxicroak
|-damage|p2a: Toxicroak|24/100
|move|p2a: Toxicroak|Drain Punch|p1a: mindgames bb
|-supereffective|p1a: mindgames bb
|-damage|p1a: mindgames bb|0 fnt
|-heal|p2a: Toxicroak|41/100|[from] drain|[of] p1a: mindgames bb
|faint|p1a: mindgames bb
|-end|p1a: mindgames bb|fallen3|[silent]
|
|-weather|RainDance|[upkeep]
|-heal|p2a: Toxicroak|54/100|[from] ability: Dry Skin
|upkeep
|
|t:|1769442882
|switch|p1a: nuzzle up|Hatterene, F|93/100
|turn|22
|
|t:|1769442884
|switch|p2a: Hatterene|Hatterene, F|100/100
|move|p1a: nuzzle up|Trick Room|p1a: nuzzle up
|-fieldstart|move: Trick Room|[of] p1a: nuzzle up
|
|-weather|none
|upkeep
|turn|23
|
|t:|1769442891
|move|p1a: nuzzle up|Healing Wish|p1a: nuzzle up
|faint|p1a: nuzzle up
|move|p2a: Hatterene|Nuzzle|p1: nuzzle up|[notarget]
|-fail|p2a: Hatterene
|
|upkeep
|
|t:|1769442892
|switch|p1a: see fair|Ursaluna, F, tera:Normal|75/100 brn
|-heal|p1a: see fair|100/100|[from] move: Healing Wish
|turn|24
|
|t:|1769442897
|switch|p2a: Pelipper|Pelipper, F|100/100
|-weather|RainDance|[from] ability: Drizzle|[of] p2a: Pelipper
|move|p1a: see fair|Crunch|p2a: Pelipper
|-damage|p2a: Pelipper|66/100
|
|-weather|RainDance|[upkeep]
|-status|p1a: see fair|brn|[from] item: Flame Orb
|upkeep
|turn|25
|
|t:|1769442900
|switch|p2a: Hatterene|Hatterene, F|100/100
|move|p1a: see fair|Facade|p2a: Hatterene
|-damage|p2a: Hatterene|0 fnt
|faint|p2a: Hatterene
|
|-weather|RainDance|[upkeep]
|-damage|p1a: see fair|94/100 brn|[from] brn
|upkeep
|
|t:|1769442903
|switch|p2a: Toxicroak|Toxicroak, F|54/100
|turn|26
|
|t:|1769442911
|switch|p2a: Pelipper|Pelipper, F|66/100
|move|p1a: see fair|Facade|p2a: Pelipper
|-damage|p2a: Pelipper|0 fnt
|faint|p2a: Pelipper
|
|-weather|RainDance|[upkeep]
|-damage|p1a: see fair|88/100 brn|[from] brn
|-fieldend|move: Trick Room
|upkeep
|
|t:|1769442912
|switch|p2a: Toxicroak|Toxicroak, F|54/100
|turn|27
|
|t:|1769442921
|move|p2a: Toxicroak|Drain Punch|p1a: see fair
|-supereffective|p1a: see fair
|-damage|p1a: see fair|47/100 brn
|-heal|p2a: Toxicroak|80/100|[from] drain|[of] p1a: see fair
|move|p1a: see fair|Facade|p2a: Toxicroak
|-damage|p2a: Toxicroak|0 fnt
|faint|p2a: Toxicroak
|
|win|supermonst
|raw|supermonst's rating: 1413 &rarr; <strong>1433</strong><br />(+20 for winning)
|raw|akikoumi's rating: 1412 &rarr; <strong>1392</strong><br />(-20 for losing)
|l|☆akikoumi
|player|p2|
|l|☆supermonst
|player|p1|
