|j|☆Dat boii fam
|j|☆we2022
|t:|1769435985
|gametype|singles
|player|p1|Dat boii fam|li|1339
|player|p2|we2022|101|1384
|gen|9
|tier|[Gen 9] OU
|rated|
|rule|HP Percentage Mod: HP is shown in percentages
|rule|Endless Battle Clause: Forcing endless battles is banned
|rule|Species Clause: Limit one of each Pokémon
|rule|OHKO Clause: OHKO moves are banned
|rule|Evasion Items Clause: Evasion items are banned
|rule|Evasion Moves Clause: Evasion moves are banned
|rule|Evasion Abilities Clause: Evasion abilities are banned
|rule|Sleep Moves Clause: Sleep-inducing moves are banned
|clearpoke
|poke|p1|Hippowdon, M|
|poke|p1|Sandslash, F|
|poke|p1|Excadrill, F|
|poke|p1|Tyranitar, F|
|poke|p1|Gliscor, F|
|poke|p1|Deoxys-Defense|
|poke|p2|Garganacl, F|
|poke|p2|Dragapult, F|
|poke|p2|Ogerpon-Wellspring, F|
|poke|p2|Moltres|
|poke|p2|Zamazenta-*|
|poke|p2|Iron Treads|
|teampreview
|inactive|Battle timer is ON: inactive players will automatically lose when time's up. (requested by we2022)
|inactive|Dat boii fam has 120 seconds left.
|
|t:|1769436040
|teamsize|p1|6
|teamsize|p2|6
|start
|switch|p1a: Hippowdon|Hippowdon, M|100/100
|switch|p2a: Dragapult|Dragapult, F|100/100
|-weather|Sandstorm|[from] ability: Sand Stream|[of] p1a: Hippowdon
|turn|1
|
|t:|1769436052
|move|p2a: Dragapult|U-turn|p1a: Hippowdon
|-damage|p1a: Hippowdon|91/100
|
|t:|1769436059
|switch|p2a: Ogerpon|Ogerpon-Wellspring, F|100/100|[from] U-turn
|move|p1a: Hippowdon|Earthquake|p2a: Ogerpon
|-resisted|p2a: Ogerpon
|-damage|p2a: Ogerpon|81/100
|
|-weather|Sandstorm|[upkeep]
|-damage|p2a: Ogerpon|74/100|[from] Sandstorm
|upkeep
|turn|2
|
|t:|1769436069
|-terastallize|p1a: Hippowdon|Grass
|move|p2a: Ogerpon|Trailblaze|p1a: Hippowdon
|-resisted|p1a: Hippowdon
|-damage|p1a: Hippowdon|84/100
|-boost|p2a: Ogerpon|spe|1
|move|p1a: Hippowdon|Whirlwind|p2a: Ogerpon
|drag|p2a: Iron Treads|Iron Treads|100/100
|
|-weather|Sandstorm|[upkeep]
|-damage|p1a: Hippowdon|77/100|[from] Sandstorm
|upkeep
|turn|3
|
|t:|1769436080
|-end|p2a: Iron Treads|Quark Drive|[silent]
|switch|p2a: Moltres|Moltres|100/100
|move|p1a: Hippowdon|Earthquake|p2a: Moltres
|-immune|p2a: Moltres
|
|-weather|Sandstorm|[upkeep]
|-damage|p2a: Moltres|94/100|[from] Sandstorm
|-damage|p1a: Hippowdon|71/100|[from] Sandstorm
|upkeep
|turn|4
|
|t:|1769436087
|switch|p1a: Deoxys|Deoxys-Defense|100/100
|-ability|p1a: Deoxys|Pressure
|move|p2a: Moltres|Will-O-Wisp|p1a: Deoxys
|-status|p1a: Deoxys|brn
|
|-weather|Sandstorm|[upkeep]
|-damage|p2a: Moltres|88/100|[from] Sandstorm
|-damage|p1a: Deoxys|95/100 brn|[from] Sandstorm
|-damage|p1a: Deoxys|89/100 brn|[from] brn
|upkeep
|turn|5
|l|☆we2022
|inactive|we2022 disconnected and has a minute to reconnect!
|player|p2|
|j|☆we2022
|inactive|we2022 reconnected and has 125 seconds left.
|player|p2|we2022|101|
|inactive|we2022 has 120 seconds left.
|
|t:|1769436143
|switch|p2a: Iron Treads|Iron Treads|100/100
|move|p1a: Deoxys|Reflect|p1a: Deoxys
|-sidestart|p1: Dat boii fam|Reflect
|
|-weather|Sandstorm|[upkeep]
|-damage|p1a: Deoxys|83/100 brn|[from] Sandstorm
|-damage|p1a: Deoxys|77/100 brn|[from] brn
|upkeep
|turn|6
|
|t:|1769436161
|switch|p1a: Gliscor|Gliscor, F|100/100
|move|p2a: Iron Treads|Knock Off|p1a: Gliscor
|-damage|p1a: Gliscor|90/100
|-enditem|p1a: Gliscor|Toxic Orb|[from] move: Knock Off|[of] p2a: Iron Treads
|
|-weather|Sandstorm|[upkeep]
|upkeep
|turn|7
|
|t:|1769436171
|switch|p1a: Excadrill|Excadrill, F|100/100
|-end|p2a: Iron Treads|Quark Drive|[silent]
|switch|p2a: Moltres|Moltres|88/100
|
|-weather|Sandstorm|[upkeep]
|-damage|p2a: Moltres|82/100|[from] Sandstorm
|upkeep
|turn|8
|
|t:|1769436179
|switch|p2a: Zamazenta|Zamazenta|100/100
|-ability|p2a: Zamazenta|Dauntless Shield|boost
|-boost|p2a: Zamazenta|def|1
|move|p1a: Excadrill|Rock Slide|p2a: Zamazenta
|-resisted|p2a: Zamazenta
|-damage|p2a: Zamazenta|91/100
|
|-weather|none
|upkeep
|turn|9
|inactive|we2022 has 120 seconds left.
|
|t:|1769436188
|switch|p1a: Deoxys|Deoxys-Defense|77/100 brn
|-ability|p1a: Deoxys|Pressure
|move|p2a: Zamazenta|Crunch|p1a: Deoxys
|-supereffective|p1a: Deoxys
|-damage|p1a: Deoxys|57/100 brn
|
|-damage|p1a: Deoxys|51/100 brn|[from] brn
|upkeep
|turn|10
|
|t:|1769436196
|move|p2a: Zamazenta|Crunch|p1a: Deoxys
|-supereffective|p1a: Deoxys
|-damage|p1a: Deoxys|33/100 brn
|move|p1a: Deoxys|Recover|p1a: Deoxys
|-heal|p1a: Deoxys|83/100 brn
|
|-damage|p1a: Deoxys|77/100 brn|[from] brn
|upkeep
|turn|11
|
|t:|1769436203
|switch|p2a: Iron Treads|Iron Treads|100/100
|move|p1a: Deoxys|Psychic Noise|p2a: Iron Treads
|-resisted|p2a: Iron Treads
|-damage|p2a: Iron Treads|93/100
|-start|p2a: Iron Treads|move: Heal Block
|
|-damage|p1a: Deoxys|71/100 brn|[from] brn
|upkeep
|turn|12
|-message|Dat boii fam forfeited.
|
|win|we2022
|raw|Dat boii fam's rating: 1339 &rarr; <strong>1322</strong><br />(-17 for losing)
|raw|we2022's rating: 1384 &rarr; <strong>1401</strong><br />(+17 for winning)
|l|☆Dat boii fam
|player|p1|
