|j|☆asdadac
|j|☆N0AH__123__
|t:|1769421974
|gametype|singles
|player|p1|asdadac|102|1476
|player|p2|N0AH__123__|boarder|1418
|gen|9
|tier|[Gen 9] OU
|rated|
|rule|HP Percentage Mod: HP is shown in percentages
|rule|Endless Battle Clause: Forcing endless battles is banned
|rule|Species Clause: Limit one of each Pokémon
|rule|OHKO Clause: OHKO moves are banned
|rule|Evasion Items Clause: Evasion items are banned
|rule|Evasion Moves Clause: Evasion moves are banned
|rule|Evasion Abilities Clause: Evasion abilities are banned
|rule|Sleep Moves Clause: Sleep-inducing moves are banned
|clearpoke
|poke|p1|Tinkaton, F|
|poke|p1|Ogerpon, F|
|poke|p1|Great Tusk|
|poke|p1|Pecharunt|
|poke|p1|Alomomola, F|
|poke|p1|Darkrai|
|poke|p2|Gliscor, M|
|poke|p2|Latios, M|
|poke|p2|Mimikyu, F|
|poke|p2|Cinderace, F|
|poke|p2|Hatterene, F|
|poke|p2|Iron Moth|
|teampreview
|
|t:|1769421984
|teamsize|p1|6
|teamsize|p2|6
|start
|switch|p1a: Anonymous|Ogerpon, F|100/100
|switch|p2a: Iron Moth|Iron Moth|100/100
|-enditem|p2a: Iron Moth|Booster Energy
|-activate|p2a: Iron Moth|ability: Quark Drive|[fromitem]
|-start|p2a: Iron Moth|quarkdrivespe
|turn|1
|
|t:|1769421994
|switch|p1a: Pisces|Alomomola, F, shiny|100/100
|move|p2a: Iron Moth|Fiery Dance|p1a: Pisces
|-resisted|p1a: Pisces
|-damage|p1a: Pisces|90/100
|
|upkeep
|turn|2
|
|t:|1769422003
|move|p2a: Iron Moth|Fiery Dance|p1a: Pisces
|-resisted|p1a: Pisces
|-damage|p1a: Pisces|80/100
|move|p1a: Pisces|Mirror Coat|p2a: Iron Moth
|-damage|p2a: Iron Moth|67/100
|
|upkeep
|turn|3
|
|t:|1769422012
|move|p2a: Iron Moth|Discharge|p1a: Pisces
|-supereffective|p1a: Pisces
|-damage|p1a: Pisces|54/100
|-status|p1a: Pisces|par
|cant|p1a: Pisces|par
|
|upkeep
|turn|4
|
|t:|1769422019
|move|p2a: Iron Moth|Fiery Dance|p1a: Pisces
|-resisted|p1a: Pisces
|-damage|p1a: Pisces|45/100 par
|move|p1a: Pisces|Flip Turn|p2a: Iron Moth
|-supereffective|p2a: Iron Moth
|-damage|p2a: Iron Moth|16/100
|
|t:|1769422056
|switch|p1a: Overseer|Pecharunt|100/100|[from] Flip Turn
|
|upkeep
|turn|5
|
|t:|1769422062
|switch|p1a: Pisces|Alomomola, F, shiny|78/100 par
|move|p2a: Iron Moth|Psychic|p1a: Pisces
|-damage|p1a: Pisces|63/100 par
|-unboost|p1a: Pisces|spd|1
|
|upkeep
|turn|6
|
|t:|1769422069
|move|p1a: Pisces|Aqua Jet|p2a: Iron Moth
|-supereffective|p2a: Iron Moth
|-damage|p2a: Iron Moth|0 fnt
|faint|p2a: Iron Moth
|-end|p2a: Iron Moth|Quark Drive|[silent]
|
|upkeep
|
|t:|1769422078
|switch|p2a: Hatterene|Hatterene, F|100/100
|turn|7
|
|t:|1769422083
|move|p2a: Hatterene|Agility|p2a: Hatterene
|-boost|p2a: Hatterene|spe|2
|move|p1a: Pisces|Flip Turn|p2a: Hatterene
|-damage|p2a: Hatterene|84/100
|
|t:|1769422097
|switch|p1a: Anonymous|Ogerpon, F|100/100|[from] Flip Turn
|
|-heal|p2a: Hatterene|89/100|[from] item: Leftovers
|upkeep
|turn|8
|
|t:|1769422109
|-terastallize|p1a: Anonymous|Grass
|detailschange|p1a: Anonymous|Ogerpon-Teal-Tera, F, tera:Grass
|-ability|p1a: Anonymous|Embody Aspect (Teal)|boost
|-boost|p1a: Anonymous|spe|1
|-terastallize|p2a: Hatterene|Fire
|move|p1a: Anonymous|Ivy Cudgel|p2a: Hatterene
|-resisted|p2a: Hatterene
|-damage|p2a: Hatterene|39/100
|move|p2a: Hatterene|Agility|p2a: Hatterene
|-boost|p2a: Hatterene|spe|2
|
|-heal|p2a: Hatterene|45/100|[from] item: Leftovers
|upkeep
|turn|9
|
|t:|1769422123
|switch|p1a: Pisces|Alomomola, F, shiny|96/100 par
|move|p2a: Hatterene|Mystical Fire|p1a: Pisces
|-resisted|p1a: Pisces
|-damage|p1a: Pisces|88/100 par
|-unboost|p1a: Pisces|spa|1
|
|-heal|p2a: Hatterene|51/100|[from] item: Leftovers
|upkeep
|turn|10
|
|t:|1769422139
|move|p1a: Pisces|Aqua Jet|p2a: Hatterene
|-supereffective|p2a: Hatterene
|-damage|p2a: Hatterene|26/100
|move|p2a: Hatterene|Calm Mind|p2a: Hatterene
|-boost|p2a: Hatterene|spa|1
|-boost|p2a: Hatterene|spd|1
|
|-heal|p2a: Hatterene|32/100|[from] item: Leftovers
|upkeep
|turn|11
|
|t:|1769422149
|move|p2a: Hatterene|Stored Power|p1a: Pisces
|-damage|p1a: Pisces|43/100 par
|move|p1a: Pisces|Flip Turn|p2a: Hatterene
|-supereffective|p2a: Hatterene
|-crit|p2a: Hatterene
|-damage|p2a: Hatterene|0 fnt
|faint|p2a: Hatterene
|
|t:|1769422157
|switch|p1a: Anonymous|Ogerpon-Teal-Tera, F, tera:Grass|100/100|[from] Flip Turn
|-ability|p1a: Anonymous|Embody Aspect (Teal)|boost
|-boost|p1a: Anonymous|spe|1
|
|upkeep
|
|t:|1769422166
|switch|p2a: Cinderace|Cinderace, F|100/100
|turn|12
|
|t:|1769422171
|move|p1a: Anonymous|U-turn|p2a: Cinderace
|-resisted|p2a: Cinderace
|-damage|p2a: Cinderace|80/100
|
|t:|1769422177
|switch|p1a: Pisces|Alomomola, F, shiny|76/100 par|[from] U-turn
|move|p2a: Cinderace|Pyro Ball|p1a: Pisces|[miss]
|-miss|p2a: Cinderace|p1a: Pisces
|
|upkeep
|turn|13
|
|t:|1769422185
|switch|p2a: Latios|Latios, M|100/100
|move|p1a: Pisces|Flip Turn|p2a: Latios
|-resisted|p2a: Latios
|-damage|p2a: Latios|89/100
|
|t:|1769422192
|switch|p1a: Anonymous|Ogerpon-Teal-Tera, F, tera:Grass|100/100|[from] Flip Turn
|-ability|p1a: Anonymous|Embody Aspect (Teal)|boost
|-boost|p1a: Anonymous|spe|1
|
|-heal|p2a: Latios|95/100|[from] item: Leftovers
|upkeep
|turn|14
|
|t:|1769422200
|switch|p2a: Cinderace|Cinderace, F|80/100
|move|p1a: Anonymous|Knock Off|p2a: Cinderace
|-damage|p2a: Cinderace|26/100
|-enditem|p2a: Cinderace|Heavy-Duty Boots|[from] move: Knock Off|[of] p1a: Anonymous
|
|upkeep
|turn|15
|
|t:|1769422210
|move|p1a: Anonymous|Knock Off|p2a: Cinderace
|-damage|p2a: Cinderace|0 fnt
|faint|p2a: Cinderace
|
|upkeep
|
|t:|1769422212
|switch|p2a: Mimikyu|Mimikyu, F|100/100
|turn|16
|
|t:|1769422216
|move|p1a: Anonymous|Knock Off|p2a: Mimikyu
|-activate|p2a: Mimikyu|ability: Disguise
|-damage|p2a: Mimikyu|100/100
|-enditem|p2a: Mimikyu|Red Card|[from] move: Knock Off|[of] p1a: Anonymous
|detailschange|p2a: Mimikyu|Mimikyu-Busted, F
|-damage|p2a: Mimikyu|88/100|[from] pokemon: Mimikyu-Busted
|move|p2a: Mimikyu|Play Rough|p1a: Anonymous
|-damage|p1a: Anonymous|50/100
|
|upkeep
|turn|17
|
|t:|1769422229
|switch|p1a: Overseer|Pecharunt|100/100
|move|p2a: Mimikyu|Play Rough|p1a: Overseer
|-resisted|p1a: Overseer
|-damage|p1a: Overseer|92/100
|-damage|p2a: Mimikyu|72/100|[from] item: Rocky Helmet|[of] p1a: Overseer
|
|upkeep
|turn|18
|
|t:|1769422243
|move|p2a: Mimikyu|Swords Dance|p2a: Mimikyu
|-boost|p2a: Mimikyu|atk|2
|move|p1a: Overseer|Malignant Chain|p2a: Mimikyu
|-crit|p2a: Mimikyu
|-damage|p2a: Mimikyu|14/100
|-status|p2a: Mimikyu|tox
|-start|p2a: Mimikyu|confusion|[from] ability: Poison Puppeteer|[of] p1a: Overseer
|
|-damage|p2a: Mimikyu|8/100 tox|[from] psn
|upkeep
|turn|19
|
|t:|1769422254
|-activate|p2a: Mimikyu|confusion
|move|p2a: Mimikyu|Destiny Bond|p2a: Mimikyu
|-singlemove|p2a: Mimikyu|Destiny Bond
|move|p1a: Overseer|Recover|p1a: Overseer
|-heal|p1a: Overseer|100/100
|
|-damage|p2a: Mimikyu|0 fnt|[from] psn
|faint|p2a: Mimikyu
|upkeep
|
|t:|1769422259
|switch|p2a: Gliscor|Gliscor, M|100/100
|turn|20
|
|t:|1769422264
|move|p2a: Gliscor|Agility|p2a: Gliscor
|-boost|p2a: Gliscor|spe|2
|move|p1a: Overseer|Parting Shot|p2a: Gliscor
|-unboost|p2a: Gliscor|atk|1
|-unboost|p2a: Gliscor|spa|1
|
|t:|1769422272
|switch|p1a: Smile.exe|Tinkaton, F, shiny|100/100|[from] Parting Shot
|-item|p1a: Smile.exe|Air Balloon
|
|-status|p2a: Gliscor|tox|[from] item: Toxic Orb
|upkeep
|turn|21
|
|t:|1769422279
|move|p2a: Gliscor|Swords Dance|p2a: Gliscor
|-boost|p2a: Gliscor|atk|2
|move|p1a: Smile.exe|Ice Hammer|p2a: Gliscor
|-supereffective|p2a: Gliscor
|-damage|p2a: Gliscor|26/100 tox
|-unboost|p1a: Smile.exe|spe|1
|
|-heal|p2a: Gliscor|38/100 tox|[from] ability: Poison Heal
|upkeep
|turn|22
|
|t:|1769422289
|move|p2a: Gliscor|Ice Fang|p1a: Smile.exe
|-resisted|p1a: Smile.exe
|-damage|p1a: Smile.exe|85/100
|-enditem|p1a: Smile.exe|Air Balloon
|-enditem|p2a: Gliscor|Toxic Orb|[silent]|[from] ability: Pickpocket|[of] p2a: Gliscor
|-item|p1a: Smile.exe|Toxic Orb|[from] ability: Pickpocket|[of] p2a: Gliscor
|move|p1a: Smile.exe|Ice Hammer|p2a: Gliscor
|-supereffective|p2a: Gliscor
|-damage|p2a: Gliscor|0 fnt
|-unboost|p1a: Smile.exe|spe|1
|faint|p2a: Gliscor
|
|upkeep
|
|t:|1769422297
|switch|p2a: Latios|Latios, M|95/100
|turn|23
|
|t:|1769422309
|move|p2a: Latios|Aura Sphere|p1a: Smile.exe
|-damage|p1a: Smile.exe|52/100
|move|p1a: Smile.exe|Gigaton Hammer|p2a: Latios
|-damage|p2a: Latios|17/100
|
|-heal|p2a: Latios|23/100|[from] item: Leftovers
|upkeep
|turn|24
|
|t:|1769422317
|move|p2a: Latios|Aura Sphere|p1a: Smile.exe
|-damage|p1a: Smile.exe|18/100
|move|p1a: Smile.exe|Ice Hammer|p2a: Latios
|-supereffective|p2a: Latios
|-crit|p2a: Latios
|-damage|p2a: Latios|0 fnt
|-unboost|p1a: Smile.exe|spe|1
|faint|p2a: Latios
|
|win|asdadac
|raw|asdadac's rating: 1476 &rarr; <strong>1493</strong><br />(+17 for winning)
|raw|N0AH__123__'s rating: 1418 &rarr; <strong>1401</strong><br />(-17 for losing)
|l|☆N0AH__123__
|player|p2|
|l|☆asdadac
|player|p1|
