|j|☆frmojifrmoji
|j|☆GreninjaMyFav
|t:|1769407444
|gametype|singles
|player|p1|frmojifrmoji|klara|1549
|player|p2|GreninjaMyFav|skyla|1563
|gen|9
|tier|[Gen 9] OU
|rated|
|rule|HP Percentage Mod: HP is shown in percentages
|rule|Endless Battle Clause: Forcing endless battles is banned
|rule|Species Clause: Limit one of each Pokémon
|rule|OHKO Clause: OHKO moves are banned
|rule|Evasion Items Clause: Evasion items are banned
|rule|Evasion Moves Clause: Evasion moves are banned
|rule|Evasion Abilities Clause: Evasion abilities are banned
|rule|Sleep Moves Clause: Sleep-inducing moves are banned
|clearpoke
|poke|p1|Zoroark-Hisui, F|
|poke|p1|Ogerpon-Wellspring, F|
|poke|p1|Great Tusk|
|poke|p1|Garganacl, M|
|poke|p1|Pecharunt|
|poke|p1|Alomomola, F|
|poke|p2|Rillaboom, M|
|poke|p2|Gholdengo|
|poke|p2|Greninja-*, M|
|poke|p2|Heatran, M|
|poke|p2|Great Tusk|
|poke|p2|Ogerpon, F|
|teampreview
|
|t:|1769407489
|teamsize|p1|6
|teamsize|p2|6
|start
|switch|p1a: Pecharunt|Pecharunt|100/100
|switch|p2a: Rillaboom|Rillaboom, M|100/100
|-fieldstart|move: Grassy Terrain|[from] ability: Grassy Surge|[of] p2a: Rillaboom
|turn|1
|
|t:|1769407504
|-terastallize|p1a: Pecharunt|Ghost
|move|p1a: Pecharunt|Shadow Ball|p2a: Rillaboom
|-damage|p2a: Rillaboom|1/100
|move|p2a: Rillaboom|U-turn|p1a: Pecharunt
|-resisted|p1a: Pecharunt
|-damage|p1a: Pecharunt|63/100
|replace|p1a: Zoroark|Zoroark-Hisui, F, shiny
|-end|p1a: Zoroark|Illusion
|
|t:|1769407511
|switch|p2a: Ogerpon|Ogerpon, F|100/100|[from] U-turn
|
|-heal|p1a: Zoroark|69/100|[from] Grassy Terrain
|upkeep
|turn|2
|
|t:|1769407517
|switch|p1a: Pecharunt|Pecharunt|100/100
|move|p2a: Ogerpon|Knock Off|p1a: Pecharunt
|-supereffective|p1a: Pecharunt
|-damage|p1a: Pecharunt|70/100
|-enditem|p1a: Pecharunt|Heavy-Duty Boots|[from] move: Knock Off|[of] p2a: Ogerpon
|
|-heal|p1a: Pecharunt|76/100|[from] Grassy Terrain
|upkeep
|turn|3
|
|t:|1769407527
|switch|p2a: Heatran|Heatran, M|100/100
|move|p1a: Pecharunt|Foul Play|p2a: Heatran
|-damage|p2a: Heatran|88/100
|
|-heal|p1a: Pecharunt|82/100|[from] Grassy Terrain
|-heal|p2a: Heatran|94/100|[from] Grassy Terrain
|-heal|p2a: Heatran|99/100|[from] item: Leftovers
|upkeep
|turn|4
|
|t:|1769407534
|switch|p1a: Alomomola|Alomomola, F|100/100
|move|p2a: Heatran|Stealth Rock|p1a: Alomomola
|-sidestart|p1: frmojifrmoji|move: Stealth Rock
|
|-heal|p2a: Heatran|100/100|[from] Grassy Terrain
|upkeep
|turn|5
|
|t:|1769407538
|switch|p2a: Ogerpon|Ogerpon, F|100/100
|move|p1a: Alomomola|Flip Turn|p2a: Ogerpon
|-resisted|p2a: Ogerpon
|-damage|p2a: Ogerpon|91/100
|
|t:|1769407545
|switch|p1a: Pecharunt|Pecharunt|82/100|[from] Flip Turn
|-damage|p1a: Pecharunt|70/100|[from] Stealth Rock
|
|-heal|p2a: Ogerpon|97/100|[from] Grassy Terrain
|-heal|p2a: Ogerpon|100/100|[from] item: Leftovers
|-heal|p1a: Pecharunt|76/100|[from] Grassy Terrain
|-fieldend|move: Grassy Terrain
|upkeep
|turn|6
|
|t:|1769407555
|move|p2a: Ogerpon|Substitute|p2a: Ogerpon
|-start|p2a: Ogerpon|Substitute
|-damage|p2a: Ogerpon|76/100
|move|p1a: Pecharunt|Parting Shot|p2a: Ogerpon
|-unboost|p2a: Ogerpon|atk|1
|-ability|p2a: Ogerpon|Defiant|boost
|-boost|p2a: Ogerpon|atk|2
|-unboost|p2a: Ogerpon|spa|1
|-ability|p2a: Ogerpon|Defiant|boost
|-boost|p2a: Ogerpon|atk|2
|
|t:|1769407563
|switch|p1a: Pecharunt|Pecharunt, tera:Ghost|69/100|[from] Parting Shot
|-damage|p1a: Pecharunt|57/100|[from] Stealth Rock
|
|-heal|p2a: Ogerpon|82/100|[from] item: Leftovers
|upkeep
|turn|7
|
|t:|1769407569
|-terastallize|p2a: Ogerpon|Grass
|detailschange|p2a: Ogerpon|Ogerpon-Teal-Tera, F, tera:Grass
|-ability|p2a: Ogerpon|Embody Aspect (Teal)|boost
|-boost|p2a: Ogerpon|spe|1
|move|p2a: Ogerpon|Swords Dance|p2a: Ogerpon
|-boost|p2a: Ogerpon|atk|2
|move|p1a: Pecharunt|U-turn|p2a: Ogerpon
|-supereffective|p2a: Ogerpon
|-end|p2a: Ogerpon|Substitute
|inactive|Battle timer is ON: inactive players will automatically lose when time's up. (requested by GreninjaMyFav)
|
|t:|1769407593
|switch|p1a: Pecharunt|Pecharunt|76/100|[from] U-turn
|-damage|p1a: Pecharunt|63/100|[from] Stealth Rock
|
|-heal|p2a: Ogerpon|88/100|[from] item: Leftovers
|upkeep
|turn|8
|inactive|GreninjaMyFav has 120 seconds left.
|
|t:|1769407650
|move|p2a: Ogerpon|Knock Off|p1a: Pecharunt
|-supereffective|p1a: Pecharunt
|-damage|p1a: Pecharunt|0 fnt
|faint|p1a: Pecharunt
|
|-heal|p2a: Ogerpon|94/100|[from] item: Leftovers
|upkeep
|-message|frmojifrmoji forfeited.
|
|win|GreninjaMyFav
|raw|frmojifrmoji's rating: 1549 &rarr; <strong>1530</strong><br />(-19 for losing)
|raw|GreninjaMyFav's rating: 1563 &rarr; <strong>1582</strong><br />(+19 for winning)
|l|☆frmojifrmoji
|player|p1|
|l|☆GreninjaMyFav
|player|p2|
