|j|‽Gonzalogaja
|j|☆Bug Trainer Barry
|t:|1769376949
|gametype|singles
|player|p1|Gonzalogaja|aaron|1321
|player|p2|Bug Trainer Barry|bugcatcher-gen4dp|1348
|gen|9
|tier|[Gen 9] OU
|rated|
|rule|HP Percentage Mod: HP is shown in percentages
|rule|Endless Battle Clause: Forcing endless battles is banned
|rule|Species Clause: Limit one of each Pokémon
|rule|OHKO Clause: OHKO moves are banned
|rule|Evasion Items Clause: Evasion items are banned
|rule|Evasion Moves Clause: Evasion moves are banned
|rule|Evasion Abilities Clause: Evasion abilities are banned
|rule|Sleep Moves Clause: Sleep-inducing moves are banned
|clearpoke
|poke|p1|Porygon-Z|
|poke|p1|Hatterene, F|
|poke|p1|Corviknight, M|
|poke|p1|Inteleon, F|
|poke|p1|Dragonite, F|
|poke|p1|Tyranitar, M|
|poke|p2|Illumise, F|
|poke|p2|Lokix, M|
|poke|p2|Forretress, F|
|poke|p2|Yanmega, M|
|poke|p2|Araquanid, F|
|poke|p2|Slither Wing|
|teampreview
|
|t:|1769376967
|teamsize|p1|6
|teamsize|p2|6
|start
|switch|p1a: Porygon-Z|Porygon-Z|100/100
|switch|p2a: Araquanid|Araquanid, F|100/100
|-ability|p1a: Porygon-Z|Download|boost
|-boost|p1a: Porygon-Z|atk|1
|turn|1
|
|t:|1769376975
|switch|p1a: Hatterene|Hatterene, F, shiny|100/100
|move|p2a: Araquanid|Surf|p1a: Hatterene
|-damage|p1a: Hatterene|45/100
|
|upkeep
|turn|2
|inactive|Battle timer is ON: inactive players will automatically lose when time's up. (requested by Gonzalogaja)
|
|t:|1769376981
|switch|p1a: Tyranitar|Tyranitar, M, shiny|100/100
|-weather|Sandstorm|[from] ability: Sand Stream|[of] p1a: Tyranitar
|move|p2a: Araquanid|Surf|p1a: Tyranitar
|-supereffective|p1a: Tyranitar
|-damage|p1a: Tyranitar|60/100
|
|-weather|Sandstorm|[upkeep]
|-damage|p2a: Araquanid|94/100|[from] Sandstorm
|upkeep
|turn|3
|
|t:|1769376988
|move|p1a: Tyranitar|Knock Off|p2a: Araquanid
|-damage|p2a: Araquanid|32/100
|-enditem|p2a: Araquanid|Custap Berry|[from] move: Knock Off|[of] p1a: Tyranitar
|move|p2a: Araquanid|Sticky Web|p1a: Tyranitar
|-sidestart|p1: Gonzalogaja|move: Sticky Web
|
|-weather|Sandstorm|[upkeep]
|-damage|p2a: Araquanid|26/100|[from] Sandstorm
|upkeep
|turn|4
|
|t:|1769376997
|switch|p1a: Corviknight|Corviknight, M, shiny|100/100
|-ability|p1a: Corviknight|Pressure
|move|p2a: Araquanid|Surf|p1a: Corviknight
|-damage|p1a: Corviknight|47/100
|
|-weather|Sandstorm|[upkeep]
|-damage|p2a: Araquanid|20/100|[from] Sandstorm
|upkeep
|turn|5
|
|t:|1769377002
|move|p1a: Corviknight|Defog|p2a: Araquanid
|-unboost|p2a: Araquanid|evasion|1
|-sideend|p1: Gonzalogaja|Sticky Web|[from] move: Defog|[of] p1a: Corviknight
|move|p2a: Araquanid|Surf|p1a: Corviknight
|-damage|p1a: Corviknight|0 fnt
|faint|p1a: Corviknight
|
|-weather|Sandstorm|[upkeep]
|-damage|p2a: Araquanid|13/100|[from] Sandstorm
|upkeep
|
|t:|1769377013
|switch|p1a: Inteleon|Inteleon, F, shiny|100/100
|turn|6
|
|t:|1769377016
|move|p1a: Inteleon|Shadow Ball|p2a: Araquanid
|-damage|p2a: Araquanid|0 fnt
|faint|p2a: Araquanid
|
|-weather|none
|upkeep
|
|t:|1769377019
|switch|p2a: Lokix|Lokix, M|100/100
|turn|7
|
|t:|1769377033
|-terastallize|p2a: Lokix|Bug
|move|p1a: Inteleon|Scald|p2a: Lokix
|-damage|p2a: Lokix|20/100
|move|p2a: Lokix|U-turn|p1a: Inteleon
|-enditem|p1a: Inteleon|Focus Sash
|-damage|p1a: Inteleon|1/100
|
|t:|1769377042
|switch|p2a: Forretress|Forretress, F|100/100|[from] U-turn
|
|upkeep
|turn|8
|
|t:|1769377049
|switch|p1a: Hatterene|Hatterene, F, shiny|45/100
|move|p2a: Forretress|Volt Switch|p1a: Hatterene
|-damage|p1a: Hatterene|36/100
|
|t:|1769377054
|switch|p2a: Lokix|Lokix, M, tera:Bug|20/100|[from] Volt Switch
|
|upkeep
|turn|9
|
|t:|1769377060
|switch|p1a: Tyranitar|Tyranitar, M, shiny|60/100
|-weather|Sandstorm|[from] ability: Sand Stream|[of] p1a: Tyranitar
|move|p2a: Lokix|U-turn|p1a: Tyranitar
|-supereffective|p1a: Tyranitar
|-damage|p1a: Tyranitar|0 fnt
|faint|p1a: Tyranitar
|
|t:|1769377067
|switch|p2a: Forretress|Forretress, F|100/100|[from] U-turn
|
|-weather|Sandstorm|[upkeep]
|upkeep
|
|t:|1769377071
|switch|p1a: Hatterene|Hatterene, F, shiny|36/100
|turn|10
|
|t:|1769377078
|move|p2a: Forretress|Gyro Ball|p1a: Hatterene
|-supereffective|p1a: Hatterene
|-damage|p1a: Hatterene|20/100
|-enditem|p1a: Hatterene|Weakness Policy
|-boost|p1a: Hatterene|atk|2|[from] item: Weakness Policy
|-boost|p1a: Hatterene|spa|2|[from] item: Weakness Policy
|move|p1a: Hatterene|Trick Room|p1a: Hatterene
|-fieldstart|move: Trick Room|[of] p1a: Hatterene
|
|-weather|Sandstorm|[upkeep]
|-damage|p1a: Hatterene|14/100|[from] Sandstorm
|upkeep
|turn|11
|
|t:|1769377083
|move|p1a: Hatterene|Mystical Fire|p2a: Forretress
|-supereffective|p2a: Forretress
|-ability|p2a: Forretress|Sturdy
|-damage|p2a: Forretress|1/100
|-unboost|p2a: Forretress|spa|1
|move|p2a: Forretress|Gyro Ball|p1a: Hatterene
|-supereffective|p1a: Hatterene
|-damage|p1a: Hatterene|0 fnt
|faint|p1a: Hatterene
|
|-weather|Sandstorm|[upkeep]
|upkeep
|
|t:|1769377089
|switch|p1a: Dragonite|Dragonite, F|100/100
|turn|12
|
|t:|1769377111
|move|p2a: Forretress|Gyro Ball|p1a: Dragonite
|-damage|p1a: Dragonite|88/100
|move|p1a: Dragonite|Dragon Dance|p1a: Dragonite
|-boost|p1a: Dragonite|atk|1
|-boost|p1a: Dragonite|spe|1
|
|-weather|Sandstorm|[upkeep]
|-damage|p1a: Dragonite|82/100|[from] Sandstorm
|upkeep
|turn|13
|
|t:|1769377122
|move|p2a: Forretress|Gyro Ball|p1a: Dragonite
|-damage|p1a: Dragonite|44/100
|move|p1a: Dragonite|Dragon Dance|p1a: Dragonite
|-boost|p1a: Dragonite|atk|1
|-boost|p1a: Dragonite|spe|1
|
|-weather|none
|upkeep
|turn|14
|
|t:|1769377129
|move|p1a: Dragonite|Extreme Speed|p2a: Forretress
|-resisted|p2a: Forretress
|-damage|p2a: Forretress|0 fnt
|-damage|p1a: Dragonite|27/100|[from] item: Rocky Helmet|[of] p2a: Forretress
|faint|p2a: Forretress
|
|-fieldend|move: Trick Room
|upkeep
|
|t:|1769377137
|switch|p2a: Lokix|Lokix, M, tera:Bug|20/100
|turn|15
|
|t:|1769377143
|move|p1a: Dragonite|Extreme Speed|p2a: Lokix
|-damage|p2a: Lokix|0 fnt
|faint|p2a: Lokix
|
|upkeep
|
|t:|1769377147
|switch|p2a: Slither Wing|Slither Wing|100/100
|-enditem|p2a: Slither Wing|Booster Energy
|-activate|p2a: Slither Wing|ability: Protosynthesis|[fromitem]
|-start|p2a: Slither Wing|protosynthesisatk
|turn|16
|
|t:|1769377159
|-terastallize|p1a: Dragonite|Normal
|move|p1a: Dragonite|Extreme Speed|p2a: Slither Wing
|-damage|p2a: Slither Wing|0 fnt
|faint|p2a: Slither Wing
|-end|p2a: Slither Wing|Protosynthesis|[silent]
|
|upkeep
|-message|Bug Trainer Barry forfeited.
|
|win|Gonzalogaja
|raw|Gonzalogaja's rating: 1321 &rarr; <strong>1343</strong><br />(+22 for winning)
|raw|Bug Trainer Barry's rating: 1348 &rarr; <strong>1326</strong><br />(-22 for losing)
|l|☆Bug Trainer Barry
|player|p2|
|l|‽Gonzalogaja
|player|p1|
