|j|☆Sceptilian70
|j|☆baakrisht
|t:|1769415010
|gametype|singles
|player|p1|Sceptilian70|cress|1226
|player|p2|baakrisht|102|1195
|gen|9
|tier|[Gen 9] OU
|rated|
|rule|HP Percentage Mod: HP is shown in percentages
|rule|Endless Battle Clause: Forcing endless battles is banned
|rule|Species Clause: Limit one of each Pokémon
|rule|OHKO Clause: OHKO moves are banned
|rule|Evasion Items Clause: Evasion items are banned
|rule|Evasion Moves Clause: Evasion moves are banned
|rule|Evasion Abilities Clause: Evasion abilities are banned
|rule|Sleep Moves Clause: Sleep-inducing moves are banned
|clearpoke
|poke|p1|Samurott-Hisui, F|
|poke|p1|Cinderace, M|
|poke|p1|Iron Valiant|
|poke|p1|Gholdengo|
|poke|p1|Tornadus-Therian, M|
|poke|p1|Excadrill, F|
|poke|p2|Blissey, F|
|poke|p2|Espeon, F|
|poke|p2|Goodra, F|
|poke|p2|Weezing-Galar, F|
|poke|p2|Orthworm, F|
|poke|p2|Suicune|
|teampreview
|inactive|Battle timer is ON: inactive players will automatically lose when time's up. (requested by Sceptilian70)
|
|t:|1769415027
|teamsize|p1|6
|teamsize|p2|6
|start
|switch|p1a: Tornadus|Tornadus-Therian, M, shiny|100/100
|switch|p2a: Orthworm|Orthworm, F|100/100
|turn|1
|
|t:|1769415042
|move|p1a: Tornadus|Taunt|p2a: Orthworm
|-start|p2a: Orthworm|move: Taunt
|cant|p2a: Orthworm|move: Taunt|Iron Defense
|
|upkeep
|turn|2
|
|t:|1769415048
|move|p1a: Tornadus|Knock Off|p2a: Orthworm
|-damage|p2a: Orthworm|87/100
|-enditem|p2a: Orthworm|Leftovers|[from] move: Knock Off|[of] p1a: Tornadus
|move|p2a: Orthworm|Earthquake|p1a: Tornadus
|-immune|p1a: Tornadus
|
|upkeep
|turn|3
|
|t:|1769415071
|move|p1a: Tornadus|U-turn|p2a: Orthworm
|-resisted|p2a: Orthworm
|-damage|p2a: Orthworm|82/100
|
|t:|1769415074
|switch|p1a: Samurott|Samurott-Hisui, F, shiny|100/100|[from] U-turn
|move|p2a: Orthworm|Body Press|p1a: Samurott
|-supereffective|p1a: Samurott
|-damage|p1a: Samurott|20/100
|
|-end|p2a: Orthworm|move: Taunt
|upkeep
|turn|4
|
|t:|1769415086
|move|p1a: Samurott|Ceaseless Edge|p2a: Orthworm|[miss]
|-miss|p1a: Samurott|p2a: Orthworm
|move|p2a: Orthworm|Body Press|p1a: Samurott
|-supereffective|p1a: Samurott
|-damage|p1a: Samurott|0 fnt
|faint|p1a: Samurott
|
|upkeep
|
|t:|1769415096
|switch|p1a: Cinderace|Cinderace, M, shiny|100/100
|turn|5
|
|t:|1769415104
|-terastallize|p2a: Orthworm|Fighting
|move|p1a: Cinderace|High Jump Kick|p2a: Orthworm|[miss]
|-start|p1a: Cinderace|typechange|Fighting|[from] ability: Libero
|-miss|p1a: Cinderace|p2a: Orthworm
|-damage|p1a: Cinderace|50/100|[from] highjumpkick
|move|p2a: Orthworm|Iron Defense|p2a: Orthworm
|-boost|p2a: Orthworm|def|2
|
|upkeep
|turn|6
|
|t:|1769415115
|move|p1a: Cinderace|High Jump Kick|p2a: Orthworm
|-damage|p2a: Orthworm|64/100
|move|p2a: Orthworm|Stealth Rock|p1a: Cinderace
|-sidestart|p1: Sceptilian70|move: Stealth Rock
|
|upkeep
|turn|7
|
|t:|1769415134
|switch|p1a: Gholdengo|Gholdengo, shiny|100/100
|-damage|p1a: Gholdengo|94/100|[from] Stealth Rock
|move|p2a: Orthworm|Body Press|p1a: Gholdengo
|-immune|p1a: Gholdengo
|
|upkeep
|turn|8
|
|t:|1769415146
|switch|p2a: Espeon|Espeon, F|100/100
|move|p1a: Gholdengo|Thunder Wave|p2a: Espeon
|move|p2a: Espeon|Thunder Wave|p1a: Gholdengo|[from] ability: Magic Bounce
|-immune|p1a: Gholdengo|[from] ability: Good as Gold
|
|upkeep
|turn|9
|
|t:|1769415155
|switch|p2a: Blissey|Blissey, F|100/100
|move|p1a: Gholdengo|Shadow Ball|p2a: Blissey
|-immune|p2a: Blissey
|
|upkeep
|turn|10
|
|t:|1769415178
|switch|p2a: Weezing|Weezing-Galar, F|100/100
|move|p1a: Gholdengo|Thunder Wave|p2a: Weezing
|-status|p2a: Weezing|par
|
|upkeep
|turn|11
|
|t:|1769415205
|move|p1a: Gholdengo|Make It Rain|p2a: Weezing
|-supereffective|p2a: Weezing
|-damage|p2a: Weezing|0 fnt
|-unboost|p1a: Gholdengo|spa|1
|faint|p2a: Weezing
|
|upkeep
|
|t:|1769415210
|switch|p2a: Espeon|Espeon, F|100/100
|turn|12
|
|t:|1769415215
|switch|p1a: Tornadus|Tornadus-Therian, M, shiny|100/100
|move|p2a: Espeon|Shadow Ball|p1a: Tornadus
|-damage|p1a: Tornadus|75/100
|
|upkeep
|turn|13
|
|t:|1769415224
|switch|p2a: Suicune|Suicune|100/100
|-ability|p2a: Suicune|Pressure
|move|p1a: Tornadus|Taunt|p2a: Suicune
|-start|p2a: Suicune|move: Taunt
|
|upkeep
|turn|14
|
|t:|1769415230
|move|p1a: Tornadus|Knock Off|p2a: Suicune
|-crit|p2a: Suicune
|-damage|p2a: Suicune|80/100
|-damage|p1a: Tornadus|59/100|[from] item: Rocky Helmet|[of] p2a: Suicune
|-enditem|p2a: Suicune|Rocky Helmet|[from] move: Knock Off|[of] p1a: Tornadus
|move|p2a: Suicune|Ice Beam|p1a: Tornadus
|-supereffective|p1a: Tornadus
|-damage|p1a: Tornadus|11/100
|-status|p1a: Tornadus|frz
|
|upkeep
|turn|15
|
|t:|1769415249
|switch|p1a: Gholdengo|Gholdengo, shiny|94/100
|-damage|p1a: Gholdengo|88/100|[from] Stealth Rock
|move|p2a: Suicune|Scald|p1a: Gholdengo
|-damage|p1a: Gholdengo|60/100
|-status|p1a: Gholdengo|brn
|
|-damage|p1a: Gholdengo|54/100 brn|[from] brn
|-end|p2a: Suicune|move: Taunt
|upkeep
|turn|16
|
|t:|1769415264
|move|p1a: Gholdengo|Thunder Wave|p2a: Suicune
|-status|p2a: Suicune|par
|move|p2a: Suicune|Scald|p1a: Gholdengo
|-damage|p1a: Gholdengo|26/100 brn
|
|-damage|p1a: Gholdengo|20/100 brn|[from] brn
|upkeep
|turn|17
|
|t:|1769415273
|switch|p2a: Blissey|Blissey, F|100/100
|move|p1a: Gholdengo|Shadow Ball|p2a: Blissey
|-immune|p2a: Blissey
|
|-damage|p1a: Gholdengo|14/100 brn|[from] brn
|upkeep
|turn|18
|
|t:|1769415279
|move|p1a: Gholdengo|Psyshock|p2a: Blissey
|-damage|p2a: Blissey|49/100
|move|p2a: Blissey|Heal Bell|p2a: Blissey
|-activate|p2a: Blissey|move: Heal Bell
|-curestatus|p2: Suicune|par|[msg]
|
|-heal|p2a: Blissey|55/100|[from] item: Leftovers
|-damage|p1a: Gholdengo|8/100 brn|[from] brn
|upkeep
|turn|19
|inactive|baakrisht has 120 seconds left.
|
|t:|1769415314
|switch|p2a: Orthworm|Orthworm, F, tera:Fighting|64/100
|move|p1a: Gholdengo|Psyshock|p2a: Orthworm
|-supereffective|p2a: Orthworm
|-damage|p2a: Orthworm|31/100
|
|-damage|p1a: Gholdengo|2/100 brn|[from] brn
|upkeep
|turn|20
|inactive|baakrisht has 120 seconds left.
|
|t:|1769415326
|switch|p2a: Goodra|Goodra, F|100/100
|move|p1a: Gholdengo|Psyshock|p2a: Goodra
|-damage|p2a: Goodra|69/100
|
|-damage|p1a: Gholdengo|0 fnt|[from] brn
|faint|p1a: Gholdengo
|upkeep
|
|t:|1769415332
|switch|p1a: Iron Valiant|Iron Valiant, shiny|100/100
|-damage|p1a: Iron Valiant|94/100|[from] Stealth Rock
|turn|21
|
|t:|1769415338
|switch|p2a: Orthworm|Orthworm, F, tera:Fighting|31/100
|move|p1a: Iron Valiant|Moonblast|p2a: Orthworm
|-supereffective|p2a: Orthworm
|-damage|p2a: Orthworm|0 fnt
|faint|p2a: Orthworm
|-damage|p1a: Iron Valiant|85/100|[from] item: Life Orb
|
|upkeep
|
|t:|1769415345
|switch|p2a: Blissey|Blissey, F|55/100
|turn|22
|
|t:|1769415352
|-end|p1a: Iron Valiant|Quark Drive|[silent]
|switch|p1a: Tornadus|Tornadus-Therian, M, shiny|44/100 frz
|move|p2a: Blissey|Thunder Wave||[still]
|-fail|p2a: Blissey
|
|-heal|p2a: Blissey|61/100|[from] item: Leftovers
|upkeep
|turn|23
|
|t:|1769415360
|cant|p1a: Tornadus|frz
|move|p2a: Blissey|Soft-Boiled|p2a: Blissey
|-heal|p2a: Blissey|100/100
|
|upkeep
|turn|24
|
|t:|1769415365
|switch|p2a: Espeon|Espeon, F|100/100
|cant|p1a: Tornadus|frz
|
|upkeep
|turn|25
|
|t:|1769415368
|move|p2a: Espeon|Trick|p1a: Tornadus
|-activate|p2a: Espeon|move: Trick|[of] p1a: Tornadus
|-item|p1a: Tornadus|Choice Scarf|[from] move: Trick
|-item|p2a: Espeon|Heavy-Duty Boots|[from] move: Trick
|cant|p1a: Tornadus|frz
|
|upkeep
|turn|26
|
|t:|1769415373
|cant|p1a: Tornadus|frz
|move|p2a: Espeon|Light Screen|p2a: Espeon
|-sidestart|p2: baakrisht|move: Light Screen
|
|upkeep
|turn|27
|
|t:|1769415375
|cant|p1a: Tornadus|frz
|move|p2a: Espeon|Psychic|p1a: Tornadus
|-damage|p1a: Tornadus|1/100 frz
|
|upkeep
|turn|28
|
|t:|1769415378
|cant|p1a: Tornadus|frz
|move|p2a: Espeon|Psychic|p1a: Tornadus
|-damage|p1a: Tornadus|0 fnt
|faint|p1a: Tornadus
|
|upkeep
|
|t:|1769415400
|switch|p1a: Cinderace|Cinderace, M, shiny|50/100
|-damage|p1a: Cinderace|26/100|[from] Stealth Rock
|turn|29
|
|t:|1769415404
|move|p1a: Cinderace|U-turn|p2a: Espeon
|-start|p1a: Cinderace|typechange|Bug|[from] ability: Libero
|-supereffective|p2a: Espeon
|-damage|p2a: Espeon|0 fnt
|faint|p2a: Espeon
|
|t:|1769415408
|switch|p1a: The Drill|Excadrill, F, shiny|100/100|[from] U-turn
|-damage|p1a: The Drill|97/100|[from] Stealth Rock
|-ability|p1a: The Drill|Mold Breaker
|
|upkeep
|
|t:|1769415412
|switch|p2a: Suicune|Suicune|80/100
|-ability|p2a: Suicune|Pressure
|turn|30
|
|t:|1769415435
|-terastallize|p1a: The Drill|Grass
|move|p1a: The Drill|Rapid Spin|p2a: Suicune
|-damage|p2a: Suicune|70/100
|-boost|p1a: The Drill|spe|1
|-sideend|p1: Sceptilian70|Stealth Rock|[from] move: Rapid Spin|[of] p1a: The Drill
|move|p2a: Suicune|Scald|p1a: The Drill
|-resisted|p1a: The Drill
|-damage|p1a: The Drill|83/100
|-status|p1a: The Drill|brn
|
|-damage|p1a: The Drill|76/100 brn|[from] brn
|-sideend|p2: baakrisht|move: Light Screen
|upkeep
|turn|31
|
|t:|1769415448
|move|p1a: The Drill|Stealth Rock|p2a: Suicune
|-sidestart|p2: baakrisht|move: Stealth Rock
|move|p2a: Suicune|Ice Beam|p1a: The Drill
|-supereffective|p1a: The Drill
|-damage|p1a: The Drill|32/100 brn
|-enditem|p1a: The Drill|Sitrus Berry|[eat]
|-heal|p1a: The Drill|57/100 brn|[from] item: Sitrus Berry
|
|-damage|p1a: The Drill|51/100 brn|[from] brn
|upkeep
|turn|32
|
|t:|1769415455
|move|p1a: The Drill|Earthquake|p2a: Suicune
|-damage|p2a: Suicune|55/100
|move|p2a: Suicune|Ice Beam|p1a: The Drill
|-supereffective|p1a: The Drill
|-damage|p1a: The Drill|0 fnt
|faint|p1a: The Drill
|
|upkeep
|
|t:|1769415464
|switch|p1a: Cinderace|Cinderace, M, shiny|26/100
|turn|33
|
|t:|1769415472
|move|p1a: Cinderace|High Jump Kick|p2a: Suicune
|-start|p1a: Cinderace|typechange|Fighting|[from] ability: Libero
|-damage|p2a: Suicune|18/100
|move|p2a: Suicune|Scald|p1a: Cinderace
|-damage|p1a: Cinderace|0 fnt
|faint|p1a: Cinderace
|
|upkeep
|
|t:|1769415478
|switch|p1a: Iron Valiant|Iron Valiant, shiny|85/100
|turn|34
|
|t:|1769415490
|move|p1a: Iron Valiant|Moonblast|p2a: Suicune
|-damage|p2a: Suicune|0 fnt
|faint|p2a: Suicune
|-damage|p1a: Iron Valiant|75/100|[from] item: Life Orb
|
|upkeep
|
|t:|1769415493
|switch|p2a: Blissey|Blissey, F|100/100
|-damage|p2a: Blissey|88/100|[from] Stealth Rock
|turn|35
|
|t:|1769415502
|move|p1a: Iron Valiant|Aura Sphere|p2a: Blissey
|-supereffective|p2a: Blissey
|-damage|p2a: Blissey|57/100
|-damage|p1a: Iron Valiant|65/100|[from] item: Life Orb
|move|p2a: Blissey|Thunder Wave|p1a: Iron Valiant
|-status|p1a: Iron Valiant|par
|
|-heal|p2a: Blissey|63/100|[from] item: Leftovers
|upkeep
|turn|36
|
|t:|1769415507
|move|p1a: Iron Valiant|Aura Sphere|p2a: Blissey
|-supereffective|p2a: Blissey
|-damage|p2a: Blissey|31/100
|-damage|p1a: Iron Valiant|56/100 par|[from] item: Life Orb
|move|p2a: Blissey|Seismic Toss|p1a: Iron Valiant
|-damage|p1a: Iron Valiant|21/100 par
|
|-heal|p2a: Blissey|37/100|[from] item: Leftovers
|upkeep
|turn|37
|
|t:|1769415509
|cant|p1a: Iron Valiant|par
|move|p2a: Blissey|Soft-Boiled|p2a: Blissey
|-heal|p2a: Blissey|87/100
|
|-heal|p2a: Blissey|93/100|[from] item: Leftovers
|upkeep
|turn|38
|
|t:|1769415513
|move|p1a: Iron Valiant|Aura Sphere|p2a: Blissey
|-supereffective|p2a: Blissey
|-damage|p2a: Blissey|60/100
|-damage|p1a: Iron Valiant|11/100 par|[from] item: Life Orb
|move|p2a: Blissey|Seismic Toss|p1a: Iron Valiant
|-damage|p1a: Iron Valiant|0 fnt
|faint|p1a: Iron Valiant
|-end|p1a: Iron Valiant|Quark Drive|[silent]
|
|win|baakrisht
|raw|Sceptilian70's rating: 1226 &rarr; <strong>1199</strong><br />(-27 for losing)
|raw|baakrisht's rating: 1195 &rarr; <strong>1222</strong><br />(+27 for winning)
|l|☆Sceptilian70
|player|p1|
|l|☆baakrisht
|player|p2|
