|j|☆rabiafan'girl'
|j|☆beztgan
|t:|1769343892
|gametype|singles
|player|p1|rabiafan'girl'|medium|1293
|player|p2|beztgan|1|1337
|gen|9
|tier|[Gen 9] OU
|rated|
|rule|HP Percentage Mod: HP is shown in percentages
|rule|Endless Battle Clause: Forcing endless battles is banned
|rule|Species Clause: Limit one of each Pokémon
|rule|OHKO Clause: OHKO moves are banned
|rule|Evasion Items Clause: Evasion items are banned
|rule|Evasion Moves Clause: Evasion moves are banned
|rule|Evasion Abilities Clause: Evasion abilities are banned
|rule|Sleep Moves Clause: Sleep-inducing moves are banned
|clearpoke
|poke|p1|Decidueye-Hisui, M|
|poke|p1|Latios, M|
|poke|p1|Gholdengo|
|poke|p1|Blissey, F|
|poke|p1|Lokix, F|
|poke|p1|Iron Valiant|
|poke|p2|Darkrai|
|poke|p2|Great Tusk|
|poke|p2|Ogerpon-Wellspring, F|
|poke|p2|Gholdengo|
|poke|p2|Dragonite, M|
|poke|p2|Ting-Lu|
|teampreview
|inactive|Battle timer is ON: inactive players will automatically lose when time's up. (requested by rabiafan'girl')
|
|t:|1769343903
|teamsize|p1|6
|teamsize|p2|6
|start
|switch|p1a: Lokix|Lokix, F|100/100
|switch|p2a: Dragonite|Dragonite, M|100/100
|turn|1
|
|t:|1769343907
|move|p2a: Dragonite|Extreme Speed|p1a: Lokix
|-damage|p1a: Lokix|52/100
|move|p1a: Lokix|U-turn|p2a: Dragonite
|-resisted|p2a: Dragonite
|-damage|p2a: Dragonite|80/100
|
|t:|1769343919
|switch|p1a: Gholdengo|Gholdengo|100/100|[from] U-turn
|
|upkeep
|turn|2
|
|t:|1769343925
|switch|p2a: Ting-Lu|Ting-Lu|100/100
|-ability|p2a: Ting-Lu|Vessel of Ruin
|move|p1a: Gholdengo|Trick|p2a: Ting-Lu
|-activate|p1a: Gholdengo|move: Trick|[of] p2a: Ting-Lu
|-item|p2a: Ting-Lu|Choice Scarf|[from] move: Trick
|-item|p1a: Gholdengo|Leftovers|[from] move: Trick
|
|upkeep
|turn|3
|
|t:|1769343935
|switch|p1a: Decidueye|Decidueye-Hisui, M|100/100
|move|p2a: Ting-Lu|Spikes|p1a: Decidueye
|-sidestart|p1: rabiafan'girl'|Spikes
|
|upkeep
|turn|4
|
|t:|1769343949
|switch|p2a: Gholdengo|Gholdengo|100/100
|-item|p2a: Gholdengo|Air Balloon
|move|p1a: Decidueye|Defog|p2a: Gholdengo
|-immune|p2a: Gholdengo|[from] ability: Good as Gold
|
|upkeep
|turn|5
|
|t:|1769343955
|move|p2a: Gholdengo|Dazzling Gleam|p1a: Decidueye
|-supereffective|p1a: Decidueye
|-damage|p1a: Decidueye|70/100
|move|p1a: Decidueye|Triple Arrows|p2a: Gholdengo
|-supereffective|p2a: Gholdengo
|-damage|p2a: Gholdengo|50/100
|-unboost|p2a: Gholdengo|def|1
|-enditem|p2a: Gholdengo|Air Balloon
|
|upkeep
|turn|6
|
|t:|1769343964
|-terastallize|p2a: Gholdengo|Fairy
|move|p2a: Gholdengo|Dazzling Gleam|p1a: Decidueye
|-supereffective|p1a: Decidueye
|-damage|p1a: Decidueye|26/100
|move|p1a: Decidueye|Roost|p1a: Decidueye
|-heal|p1a: Decidueye|76/100
|-singleturn|p1a: Decidueye|move: Roost
|
|upkeep
|turn|7
|
|t:|1769343971
|switch|p1a: Blissey|Blissey, F|100/100
|move|p2a: Gholdengo|Nasty Plot|p2a: Gholdengo
|-boost|p2a: Gholdengo|spa|2
|
|upkeep
|turn|8
|
|t:|1769343978
|move|p2a: Gholdengo|Recover|p2a: Gholdengo
|-heal|p2a: Gholdengo|99/100
|move|p1a: Blissey|Stealth Rock|p2a: Gholdengo
|-sidestart|p2: beztgan|move: Stealth Rock
|
|upkeep
|turn|9
|
|t:|1769343991
|move|p2a: Gholdengo|Nasty Plot|p2a: Gholdengo
|-boost|p2a: Gholdengo|spa|2
|move|p1a: Blissey|Seismic Toss|p2a: Gholdengo
|-damage|p2a: Gholdengo|73/100
|
|upkeep
|turn|10
|
|t:|1769343995
|move|p2a: Gholdengo|Nasty Plot|p2a: Gholdengo
|-boost|p2a: Gholdengo|spa|2
|move|p1a: Blissey|Seismic Toss|p2a: Gholdengo
|-damage|p2a: Gholdengo|47/100
|
|upkeep
|turn|11
|
|t:|1769343997
|move|p2a: Gholdengo|Recover|p2a: Gholdengo
|-heal|p2a: Gholdengo|97/100
|move|p1a: Blissey|Seismic Toss|p2a: Gholdengo
|-damage|p2a: Gholdengo|70/100
|
|upkeep
|turn|12
|
|t:|1769343999
|move|p2a: Gholdengo|Dazzling Gleam|p1a: Blissey
|-damage|p1a: Blissey|60/100
|move|p1a: Blissey|Seismic Toss|p2a: Gholdengo
|-damage|p2a: Gholdengo|44/100
|
|upkeep
|turn|13
|
|t:|1769344004
|move|p2a: Gholdengo|Dazzling Gleam|p1a: Blissey
|-damage|p1a: Blissey|19/100
|move|p1a: Blissey|Seismic Toss|p2a: Gholdengo
|-damage|p2a: Gholdengo|17/100
|
|upkeep
|turn|14
|
|t:|1769344008
|move|p2a: Gholdengo|Dazzling Gleam|p1a: Blissey
|-damage|p1a: Blissey|0 fnt
|faint|p1a: Blissey
|
|upkeep
|
|t:|1769344013
|switch|p1a: Lokix|Lokix, F|52/100
|-damage|p1a: Lokix|40/100|[from] Spikes
|turn|15
|
|t:|1769344017
|move|p1a: Lokix|U-turn|p2a: Gholdengo
|-resisted|p2a: Gholdengo
|-damage|p2a: Gholdengo|0 fnt
|faint|p2a: Gholdengo
|
|t:|1769344027
|switch|p1a: Latios|Latios, M|100/100|[from] U-turn
|
|upkeep
|
|t:|1769344032
|switch|p2a: Darkrai|Darkrai|100/100
|-damage|p2a: Darkrai|88/100|[from] Stealth Rock
|turn|16
|
|t:|1769344041
|move|p2a: Darkrai|Ice Beam|p1a: Latios
|-supereffective|p1a: Latios
|-damage|p1a: Latios|48/100
|-status|p1a: Latios|frz
|-curestatus|p1a: Latios|frz|[msg]
|move|p1a: Latios|Draco Meteor|p2a: Darkrai
|-damage|p2a: Darkrai|0 fnt
|-unboost|p1a: Latios|spa|2
|faint|p2a: Darkrai
|
|upkeep
|
|t:|1769344051
|switch|p2a: Great Tusk|Great Tusk|100/100
|turn|17
|
|t:|1769344055
|move|p1a: Latios|Draco Meteor|p2a: Great Tusk
|-damage|p2a: Great Tusk|24/100
|-unboost|p1a: Latios|spa|2
|move|p2a: Great Tusk|Rapid Spin|p1a: Latios
|-damage|p1a: Latios|23/100
|-boost|p2a: Great Tusk|spe|1
|-sideend|p2: beztgan|Stealth Rock|[from] move: Rapid Spin|[of] p2a: Great Tusk
|
|upkeep
|turn|18
|
|t:|1769344067
|move|p2a: Great Tusk|Rapid Spin|p1a: Latios
|-damage|p1a: Latios|0 fnt
|-boost|p2a: Great Tusk|spe|1
|faint|p1a: Latios
|
|upkeep
|
|t:|1769344070
|switch|p1a: Lokix|Lokix, F|40/100
|-damage|p1a: Lokix|28/100|[from] Spikes
|turn|19
|
|t:|1769344077
|move|p1a: Lokix|First Impression|p2a: Great Tusk
|-resisted|p2a: Great Tusk
|-damage|p2a: Great Tusk|0 fnt
|faint|p2a: Great Tusk
|-end|p2a: Great Tusk|Protosynthesis|[silent]
|
|upkeep
|
|t:|1769344082
|switch|p2a: Ogerpon|Ogerpon-Wellspring, F|100/100
|turn|20
|
|t:|1769344088
|switch|p1a: Iron Valiant|Iron Valiant|100/100
|-damage|p1a: Iron Valiant|88/100|[from] Spikes
|-enditem|p1a: Iron Valiant|Booster Energy
|-activate|p1a: Iron Valiant|ability: Quark Drive|[fromitem]
|-start|p1a: Iron Valiant|quarkdrivespe
|move|p2a: Ogerpon|U-turn|p1a: Iron Valiant
|-resisted|p1a: Iron Valiant
|-damage|p1a: Iron Valiant|79/100
|
|t:|1769344096
|switch|p2a: Dragonite|Dragonite, M|80/100|[from] U-turn
|
|upkeep
|turn|21
|-message|beztgan forfeited.
|
|win|rabiafan'girl'
|raw|rabiafan&apos;girl&apos;'s rating: 1293 &rarr; <strong>1321</strong><br />(+28 for winning)
|raw|beztgan's rating: 1337 &rarr; <strong>1314</strong><br />(-23 for losing)
|l|☆beztgan
|player|p2|
|l|☆rabiafan'girl'
|player|p1|
