|j|☆arroyofran2
|j|☆ShadowFerretofD00M
|t:|1769355195
|gametype|singles
|player|p1|arroyofran2|fisherman|1483
|player|p2|ShadowFerretofD00M|unknown|1508
|gen|9
|tier|[Gen 9] OU
|rated|
|rule|HP Percentage Mod: HP is shown in percentages
|rule|Endless Battle Clause: Forcing endless battles is banned
|rule|Species Clause: Limit one of each Pokémon
|rule|OHKO Clause: OHKO moves are banned
|rule|Evasion Items Clause: Evasion items are banned
|rule|Evasion Moves Clause: Evasion moves are banned
|rule|Evasion Abilities Clause: Evasion abilities are banned
|rule|Sleep Moves Clause: Sleep-inducing moves are banned
|clearpoke
|poke|p1|Politoed, M|
|poke|p1|Kilowattrel, F|
|poke|p1|Iron Crown|
|poke|p1|Rillaboom, F|
|poke|p1|Hawlucha, F|
|poke|p1|Landorus-Therian, M|
|poke|p2|Torterra, F|
|poke|p2|Dragapult, F|
|poke|p2|Samurott-Hisui, F|
|poke|p2|Iron Valiant|
|poke|p2|Kingambit, M|
|poke|p2|Gholdengo|
|teampreview
|inactive|Battle timer is ON: inactive players will automatically lose when time's up. (requested by ShadowFerretofD00M)
|
|t:|1769355203
|teamsize|p1|6
|teamsize|p2|6
|start
|switch|p1a: Iron Crown|Iron Crown|100/100
|switch|p2a: Dragapult|Dragapult, F|100/100
|turn|1
|
|t:|1769355208
|move|p2a: Dragapult|Light Screen|p2a: Dragapult
|-sidestart|p2: ShadowFerretofD00M|move: Light Screen
|move|p1a: Iron Crown|Tachyon Cutter|p2a: Dragapult
|-damage|p2a: Dragapult|86/100
|-start|p1a: Iron Crown|Disable|Tachyon Cutter|[from] ability: Cursed Body|[of] p2a: Dragapult
|-damage|p2a: Dragapult|72/100
|-hitcount|p2a: Dragapult|2
|
|upkeep
|turn|2
|
|t:|1769355215
|move|p2a: Dragapult|Fire Blast|p1a: Iron Crown
|-supereffective|p1a: Iron Crown
|-damage|p1a: Iron Crown|66/100
|move|p1a: Iron Crown|Volt Switch|p2a: Dragapult
|-resisted|p2a: Dragapult
|-damage|p2a: Dragapult|65/100
|
|t:|1769355223
|-end|p1a: Iron Crown|Quark Drive|[silent]
|switch|p1a: Landorus|Landorus-Therian, M|100/100|[from] Volt Switch
|-ability|p1a: Landorus|Intimidate|boost
|-unboost|p2a: Dragapult|atk|1
|
|upkeep
|turn|3
|
|t:|1769355229
|move|p2a: Dragapult|Reflect|p2a: Dragapult
|-sidestart|p2: ShadowFerretofD00M|Reflect
|move|p1a: Landorus|Stealth Rock|p2a: Dragapult
|-sidestart|p2: ShadowFerretofD00M|move: Stealth Rock
|
|upkeep
|turn|4
|
|t:|1769355234
|move|p2a: Dragapult|U-turn|p1a: Landorus
|-resisted|p1a: Landorus
|-damage|p1a: Landorus|95/100
|-damage|p2a: Dragapult|48/100|[from] item: Rocky Helmet|[of] p1a: Landorus
|inactive|ShadowFerretofD00M has 120 seconds left.
|
|t:|1769355278
|switch|p2a: Samurott|Samurott-Hisui, F|100/100|[from] U-turn
|-damage|p2a: Samurott|88/100|[from] Stealth Rock
|move|p1a: Landorus|Earthquake|p2a: Samurott
|-damage|p2a: Samurott|58/100
|
|upkeep
|turn|5
|
|t:|1769355285
|move|p2a: Samurott|Ceaseless Edge|p1a: Landorus
|-damage|p1a: Landorus|48/100
|-damage|p2a: Samurott|42/100|[from] item: Rocky Helmet|[of] p1a: Landorus
|-sidestart|p1: arroyofran2|Spikes
|move|p1a: Landorus|U-turn|p2a: Samurott
|-supereffective|p2a: Samurott
|-damage|p2a: Samurott|13/100
|
|t:|1769355294
|switch|p1a: Kilowattrel|Kilowattrel, F, shiny|100/100|[from] U-turn
|
|upkeep
|turn|6
|
|t:|1769355309
|move|p2a: Samurott|Ceaseless Edge|p1a: Kilowattrel
|-damage|p1a: Kilowattrel|19/100
|-sidestart|p1: arroyofran2|Spikes
|move|p1a: Kilowattrel|Volt Switch|p2a: Samurott
|-supereffective|p2a: Samurott
|-damage|p2a: Samurott|0 fnt
|faint|p2a: Samurott
|
|t:|1769355325
|switch|p1a: Politoed|Politoed, M|100/100|[from] Volt Switch
|-damage|p1a: Politoed|84/100|[from] Spikes
|-weather|RainDance|[from] ability: Drizzle|[of] p1a: Politoed
|
|-weather|RainDance|[upkeep]
|upkeep
|
|t:|1769355333
|switch|p2a: Torterra|Torterra, F|100/100
|-damage|p2a: Torterra|94/100|[from] Stealth Rock
|turn|7
|
|t:|1769355344
|move|p2a: Torterra|Bullet Seed|p1a: Politoed
|-supereffective|p1a: Politoed
|-damage|p1a: Politoed|57/100
|-supereffective|p1a: Politoed
|-damage|p1a: Politoed|27/100
|-supereffective|p1a: Politoed
|-damage|p1a: Politoed|0 fnt
|faint|p1a: Politoed
|-hitcount|p1: Politoed|3
|
|-weather|RainDance|[upkeep]
|upkeep
|
|t:|1769355346
|switch|p1a: Kilowattrel|Kilowattrel, F, shiny|19/100
|turn|8
|
|t:|1769355359
|move|p1a: Kilowattrel|Hurricane|p2a: Torterra
|-supereffective|p2a: Torterra
|-crit|p2a: Torterra
|-damage|p2a: Torterra|0 fnt
|faint|p2a: Torterra
|
|-weather|RainDance|[upkeep]
|-sideend|p2: ShadowFerretofD00M|move: Light Screen
|upkeep
|
|t:|1769355368
|switch|p2a: Iron Valiant|Iron Valiant|100/100
|-damage|p2a: Iron Valiant|94/100|[from] Stealth Rock
|-enditem|p2a: Iron Valiant|Booster Energy
|-activate|p2a: Iron Valiant|ability: Quark Drive|[fromitem]
|-start|p2a: Iron Valiant|quarkdrivespe
|turn|9
|
|t:|1769355375
|move|p2a: Iron Valiant|Moonblast|p1a: Kilowattrel
|-damage|p1a: Kilowattrel|0 fnt
|faint|p1a: Kilowattrel
|
|-weather|RainDance|[upkeep]
|upkeep
|
|t:|1769355377
|switch|p1a: Iron Crown|Iron Crown|66/100
|-damage|p1a: Iron Crown|49/100|[from] Spikes
|turn|10
|
|t:|1769355383
|-terastallize|p2a: Iron Valiant|Steel
|move|p2a: Iron Valiant|Calm Mind|p2a: Iron Valiant
|-boost|p2a: Iron Valiant|spa|1
|-boost|p2a: Iron Valiant|spd|1
|move|p1a: Iron Crown|Tachyon Cutter|p2a: Iron Valiant
|-resisted|p2a: Iron Valiant
|-damage|p2a: Iron Valiant|79/100
|-resisted|p2a: Iron Valiant
|-damage|p2a: Iron Valiant|65/100
|-hitcount|p2a: Iron Valiant|2
|
|-weather|RainDance|[upkeep]
|-sideend|p2: ShadowFerretofD00M|Reflect
|upkeep
|turn|11
|
|t:|1769355391
|move|p2a: Iron Valiant|Thunderbolt|p1a: Iron Crown
|-damage|p1a: Iron Crown|22/100
|move|p1a: Iron Crown|Focus Blast|p2a: Iron Valiant|[miss]
|-miss|p1a: Iron Crown|p2a: Iron Valiant
|
|-weather|RainDance|[upkeep]
|upkeep
|turn|12
|
|t:|1769355396
|move|p2a: Iron Valiant|Thunderbolt|p1a: Iron Crown
|-damage|p1a: Iron Crown|0 fnt
|faint|p1a: Iron Crown
|-end|p1a: Iron Crown|Quark Drive|[silent]
|
|-weather|RainDance|[upkeep]
|upkeep
|
|t:|1769355405
|switch|p1a: Rillaboom|Rillaboom, F|100/100
|-damage|p1a: Rillaboom|84/100|[from] Spikes
|-fieldstart|move: Grassy Terrain|[from] ability: Grassy Surge|[of] p1a: Rillaboom
|turn|13
|
|t:|1769355407
|switch|p1a: Landorus|Landorus-Therian, M|48/100
|-ability|p1a: Landorus|Intimidate|boost
|-unboost|p2a: Iron Valiant|atk|1
|move|p2a: Iron Valiant|Moonblast|p1a: Landorus
|-damage|p1a: Landorus|0 fnt
|faint|p1a: Landorus
|
|-weather|none
|-heal|p2a: Iron Valiant|71/100|[from] Grassy Terrain
|upkeep
|
|t:|1769355410
|switch|p1a: Hawlucha|Hawlucha, F, shiny|100/100
|-enditem|p1a: Hawlucha|Grassy Seed
|-boost|p1a: Hawlucha|def|1|[from] item: Grassy Seed
|turn|14
|
|t:|1769355419
|move|p1a: Hawlucha|Close Combat|p2a: Iron Valiant
|-supereffective|p2a: Iron Valiant
|-damage|p2a: Iron Valiant|0 fnt
|-unboost|p1a: Hawlucha|def|1
|-unboost|p1a: Hawlucha|spd|1
|faint|p2a: Iron Valiant
|-end|p2a: Iron Valiant|Quark Drive|[silent]
|
|upkeep
|
|t:|1769355425
|switch|p2a: Gholdengo|Gholdengo|100/100
|-damage|p2a: Gholdengo|94/100|[from] Stealth Rock
|-item|p2a: Gholdengo|Air Balloon
|turn|15
|
|t:|1769355432
|move|p1a: Hawlucha|Acrobatics|p2a: Gholdengo
|-resisted|p2a: Gholdengo
|-damage|p2a: Gholdengo|69/100
|-enditem|p2a: Gholdengo|Air Balloon
|move|p2a: Gholdengo|Make It Rain|p1a: Hawlucha
|-damage|p1a: Hawlucha|0 fnt
|-unboost|p2a: Gholdengo|spa|1
|faint|p1a: Hawlucha
|
|-heal|p2a: Gholdengo|75/100|[from] Grassy Terrain
|upkeep
|
|t:|1769355440
|switch|p1a: Rillaboom|Rillaboom, F|84/100
|-damage|p1a: Rillaboom|67/100|[from] Spikes
|turn|16
|
|t:|1769355444
|move|p2a: Gholdengo|Make It Rain|p1a: Rillaboom
|-damage|p1a: Rillaboom|17/100
|-unboost|p2a: Gholdengo|spa|1
|move|p1a: Rillaboom|Low Kick|p2a: Gholdengo
|-immune|p2a: Gholdengo
|
|-heal|p2a: Gholdengo|81/100|[from] Grassy Terrain
|-heal|p1a: Rillaboom|23/100|[from] Grassy Terrain
|upkeep
|turn|17
|-message|arroyofran2 forfeited.
|
|win|ShadowFerretofD00M
|raw|arroyofran2's rating: 1483 &rarr; <strong>1464</strong><br />(-19 for losing)
|raw|ShadowFerretofD00M's rating: 1508 &rarr; <strong>1527</strong><br />(+19 for winning)
|l|☆arroyofran2
|player|p1|
|c|☆ShadowFerretofD00M|gg
|l|☆ShadowFerretofD00M
|player|p2|
