|j|☆jarrodbennett
|j|☆depecos
|t:|1769349384
|gametype|singles
|player|p1|jarrodbennett|2|1381
|player|p2|depecos|265|1337
|gen|9
|tier|[Gen 9] OU
|rated|
|rule|HP Percentage Mod: HP is shown in percentages
|rule|Endless Battle Clause: Forcing endless battles is banned
|rule|Species Clause: Limit one of each Pokémon
|rule|OHKO Clause: OHKO moves are banned
|rule|Evasion Items Clause: Evasion items are banned
|rule|Evasion Moves Clause: Evasion moves are banned
|rule|Evasion Abilities Clause: Evasion abilities are banned
|rule|Sleep Moves Clause: Sleep-inducing moves are banned
|clearpoke
|poke|p1|Ribombee, F|
|poke|p1|Cinderace, M|
|poke|p1|Serperior, M|
|poke|p1|Hitmonlee, M|
|poke|p1|Empoleon, M|
|poke|p1|Kingambit, F|
|poke|p2|Sudowoodo, F|
|poke|p2|Okidogi, M|
|poke|p2|Gholdengo|
|poke|p2|Mimikyu, F|
|poke|p2|Great Tusk|
|poke|p2|Kingambit, F|
|teampreview
|inactive|Battle timer is ON: inactive players will automatically lose when time's up. (requested by depecos)
|
|t:|1769349402
|teamsize|p1|6
|teamsize|p2|6
|start
|switch|p1a: Ya Like Jazz?|Ribombee, F|100/100
|switch|p2a: Harvest Staff|Sudowoodo, F|100/100
|turn|1
|
|t:|1769349408
|move|p1a: Ya Like Jazz?|Sticky Web|p2a: Harvest Staff
|-sidestart|p2: depecos|move: Sticky Web
|move|p2a: Harvest Staff|Stealth Rock|p1a: Ya Like Jazz?
|-sidestart|p1: jarrodbennett|move: Stealth Rock
|
|upkeep
|turn|2
|
|t:|1769349413
|move|p1a: Ya Like Jazz?|Moonblast|p2a: Harvest Staff
|-damage|p2a: Harvest Staff|50/100
|move|p2a: Harvest Staff|Spikes|p1a: Ya Like Jazz?
|-sidestart|p1: jarrodbennett|Spikes
|
|upkeep
|turn|3
|
|t:|1769349419
|move|p1a: Ya Like Jazz?|Charm|p2a: Harvest Staff
|-unboost|p2a: Harvest Staff|atk|2
|move|p2a: Harvest Staff|Spikes|p1a: Ya Like Jazz?
|-sidestart|p1: jarrodbennett|Spikes
|
|upkeep
|turn|4
|
|t:|1769349428
|move|p1a: Ya Like Jazz?|Struggle Bug|p2a: Harvest Staff
|-damage|p2a: Harvest Staff|25/100
|-unboost|p2a: Harvest Staff|spa|1
|move|p2a: Harvest Staff|Head Smash|p1a: Ya Like Jazz?|[miss]
|-miss|p2a: Harvest Staff|p1a: Ya Like Jazz?
|
|upkeep
|turn|5
|-enditem|p2a: Harvest Staff|Custap Berry|[eat]
|-activate|p2a: Harvest Staff|item: Custap Berry|[consumed]
|
|t:|1769349435
|move|p2a: Harvest Staff|Head Smash|p1a: Ya Like Jazz?
|-supereffective|p1a: Ya Like Jazz?
|-enditem|p1a: Ya Like Jazz?|Focus Sash
|-damage|p1a: Ya Like Jazz?|1/100
|-damage|p2a: Harvest Staff|0 fnt|[from] Recoil
|faint|p2a: Harvest Staff
|move|p1a: Ya Like Jazz?|Charm|p2: Harvest Staff|[notarget]
|-fail|p1a: Ya Like Jazz?
|
|upkeep
|
|t:|1769349446
|switch|p2a: Midas Prime|Gholdengo|100/100
|-item|p2a: Midas Prime|Air Balloon
|turn|6
|
|t:|1769349450
|move|p1a: Ya Like Jazz?|Struggle Bug|p2a: Midas Prime
|-resisted|p2a: Midas Prime
|-damage|p2a: Midas Prime|94/100
|-unboost|p2a: Midas Prime|spa|1
|-enditem|p2a: Midas Prime|Air Balloon
|move|p2a: Midas Prime|Shadow Ball|p1a: Ya Like Jazz?
|-damage|p1a: Ya Like Jazz?|0 fnt
|faint|p1a: Ya Like Jazz?
|
|upkeep
|
|t:|1769349460
|switch|p1a: What's Up Doc?|Cinderace, M|100/100
|turn|7
|
|t:|1769349465
|move|p1a: What's Up Doc?|Court Change|p1a: What's Up Doc?
|-start|p1a: What's Up Doc?|typechange|Normal|[from] ability: Libero
|-swapsideconditions
|-activate|p1a: What's Up Doc?|move: Court Change
|move|p2a: Midas Prime|Thunder Wave|p1a: What's Up Doc?
|-status|p1a: What's Up Doc?|par
|
|upkeep
|turn|8
|
|t:|1769349473
|move|p2a: Midas Prime|Nasty Plot|p2a: Midas Prime
|-boost|p2a: Midas Prime|spa|2
|move|p1a: What's Up Doc?|Pyro Ball|p2a: Midas Prime
|-supereffective|p2a: Midas Prime
|-damage|p2a: Midas Prime|6/100
|
|upkeep
|turn|9
|
|t:|1769349480
|move|p2a: Midas Prime|Shadow Ball|p1a: What's Up Doc?
|-immune|p1a: What's Up Doc?
|move|p1a: What's Up Doc?|Pyro Ball|p2a: Midas Prime
|-supereffective|p2a: Midas Prime
|-damage|p2a: Midas Prime|0 fnt
|faint|p2a: Midas Prime
|
|upkeep
|
|t:|1769349482
|switch|p2a: Grax|Great Tusk|100/100
|-damage|p2a: Grax|98/100|[from] Stealth Rock
|-damage|p2a: Grax|81/100|[from] Spikes
|-enditem|p2a: Grax|Booster Energy
|-activate|p2a: Grax|ability: Protosynthesis|[fromitem]
|-start|p2a: Grax|protosynthesisspe
|turn|10
|
|t:|1769349494
|switch|p1a: Slytherin|Serperior, M|100/100
|-activate|p1a: Slytherin|move: Sticky Web
|-boost|p1a: Slytherin|spe|1
|move|p2a: Grax|Rapid Spin|p1a: Slytherin
|-damage|p1a: Slytherin|81/100
|-boost|p2a: Grax|spe|1
|-sideend|p2: depecos|Spikes|[from] move: Rapid Spin|[of] p2a: Grax
|-sideend|p2: depecos|Stealth Rock|[from] move: Rapid Spin|[of] p2a: Grax
|
|upkeep
|turn|11
|
|t:|1769349503
|move|p2a: Grax|Ice Spinner|p1a: Slytherin
|-supereffective|p1a: Slytherin
|-damage|p1a: Slytherin|26/100
|move|p1a: Slytherin|Leaf Storm|p2a: Grax
|-supereffective|p2a: Grax
|-damage|p2a: Grax|0 fnt
|-boost|p1a: Slytherin|spa|2
|faint|p2a: Grax
|-end|p2a: Grax|Protosynthesis|[silent]
|
|upkeep
|
|t:|1769349506
|switch|p2a: Affliction|Mimikyu, F, shiny|100/100
|turn|12
|
|t:|1769349514
|move|p1a: Slytherin|Leaf Storm|p2a: Affliction
|-activate|p2a: Affliction|ability: Disguise
|-damage|p2a: Affliction|100/100
|-boost|p1a: Slytherin|spa|2
|detailschange|p2a: Affliction|Mimikyu-Busted, F, shiny
|-damage|p2a: Affliction|88/100|[from] pokemon: Mimikyu-Busted
|move|p2a: Affliction|Play Rough|p1a: Slytherin
|-damage|p1a: Slytherin|0 fnt
|faint|p1a: Slytherin
|-damage|p2a: Affliction|78/100|[from] item: Life Orb
|
|upkeep
|
|t:|1769349528
|switch|p1a: What's Up Doc?|Cinderace, M|100/100 par
|turn|13
|
|t:|1769349531
|move|p2a: Affliction|Shadow Claw|p1a: What's Up Doc?
|-damage|p1a: What's Up Doc?|47/100 par
|-damage|p2a: Affliction|68/100|[from] item: Life Orb
|move|p1a: What's Up Doc?|Pyro Ball|p2a: Affliction
|-crit|p2a: Affliction
|-damage|p2a: Affliction|0 fnt
|faint|p2a: Affliction
|
|upkeep
|
|t:|1769349538
|switch|p2a: Aorta|Okidogi, M|100/100
|turn|14
|
|t:|1769349543
|-terastallize|p2a: Aorta|Fire
|move|p2a: Aorta|Bulk Up|p2a: Aorta
|-boost|p2a: Aorta|atk|1
|-boost|p2a: Aorta|def|1
|move|p1a: What's Up Doc?|Pyro Ball|p2a: Aorta
|-resisted|p2a: Aorta
|-damage|p2a: Aorta|85/100
|
|upkeep
|turn|15
|
|t:|1769349553
|move|p2a: Aorta|Bulk Up|p2a: Aorta
|-boost|p2a: Aorta|atk|1
|-boost|p2a: Aorta|def|1
|cant|p1a: What's Up Doc?|par
|
|upkeep
|turn|16
|
|t:|1769349560
|move|p2a: Aorta|Drain Punch|p1a: What's Up Doc?
|-crit|p1a: What's Up Doc?
|-damage|p1a: What's Up Doc?|0 fnt
|-heal|p2a: Aorta|100/100|[from] drain|[of] p1a: What's Up Doc?
|faint|p1a: What's Up Doc?
|
|upkeep
|
|t:|1769349566
|switch|p1a: Big Z|Empoleon, M|100/100
|-activate|p1a: Big Z|move: Sticky Web
|-unboost|p1a: Big Z|spe|1
|-ability|p1a: Big Z|Competitive|boost
|-boost|p1a: Big Z|spa|2
|turn|17
|
|t:|1769349572
|-terastallize|p1a: Big Z|Ground
|move|p2a: Aorta|Drain Punch|p1a: Big Z
|-damage|p1a: Big Z|25/100
|-status|p1a: Big Z|tox|[from] ability: Toxic Chain|[of] p2a: Aorta
|move|p1a: Big Z|Surf|p2a: Aorta
|-supereffective|p2a: Aorta
|-damage|p2a: Aorta|0 fnt
|faint|p2a: Aorta
|
|-damage|p1a: Big Z|19/100 tox|[from] psn
|upkeep
|
|t:|1769349578
|switch|p2a: Murasama|Kingambit, F|100/100
|-activate|p2a: Murasama|ability: Supreme Overlord
|-start|p2a: Murasama|fallen5|[silent]
|-item|p2a: Murasama|Air Balloon
|turn|18
|
|t:|1769349589
|move|p1a: Big Z|Vacuum Wave|p2a: Murasama
|-supereffective|p2a: Murasama
|-crit|p2a: Murasama
|-damage|p2a: Murasama|0 fnt
|-enditem|p2a: Murasama|Air Balloon
|faint|p2a: Murasama
|-end|p2a: Murasama|fallen5|[silent]
|
|win|jarrodbennett
|raw|jarrodbennett's rating: 1381 &rarr; <strong>1398</strong><br />(+17 for winning)
|raw|depecos's rating: 1337 &rarr; <strong>1320</strong><br />(-17 for losing)
|l|☆depecos
|player|p2|
|c|☆jarrodbennett|Gg
|l|☆jarrodbennett
|player|p1|
