|j|‽sableye555
|j|☆Silent1ine
|t:|1769296245
|gametype|singles
|player|p1|sableye555|gentleman-gen4|1388
|player|p2|Silent1ine|palmer|1382
|gen|9
|tier|[Gen 9] OU
|rated|
|rule|HP Percentage Mod: HP is shown in percentages
|rule|Endless Battle Clause: Forcing endless battles is banned
|rule|Species Clause: Limit one of each Pokémon
|rule|OHKO Clause: OHKO moves are banned
|rule|Evasion Items Clause: Evasion items are banned
|rule|Evasion Moves Clause: Evasion moves are banned
|rule|Evasion Abilities Clause: Evasion abilities are banned
|rule|Sleep Moves Clause: Sleep-inducing moves are banned
|clearpoke
|poke|p1|Lokix, M|
|poke|p1|Quaquaval, M|
|poke|p1|Ditto|
|poke|p1|Slowking-Galar, M|
|poke|p1|Corviknight, M|
|poke|p1|Cinderace, F|
|poke|p2|Kingambit, M|
|poke|p2|Deoxys-Speed|
|poke|p2|Great Tusk|
|poke|p2|Iron Valiant|
|poke|p2|Ceruledge, M|
|poke|p2|Ogerpon-Wellspring, F|
|teampreview
|inactive|Battle timer is ON: inactive players will automatically lose when time's up. (requested by sableye555)
|
|t:|1769296256
|teamsize|p1|6
|teamsize|p2|6
|start
|switch|p1a: Lokix|Lokix, M|100/100
|switch|p2a: Tusker Carlson|Great Tusk|100/100
|turn|1
|
|t:|1769296264
|-terastallize|p1a: Lokix|Bug
|move|p2a: Tusker Carlson|Knock Off|p1a: Lokix
|-damage|p1a: Lokix|51/100
|-enditem|p1a: Lokix|Choice Band|[from] move: Knock Off|[of] p2a: Tusker Carlson
|move|p1a: Lokix|U-turn|p2a: Tusker Carlson
|-resisted|p2a: Tusker Carlson
|-damage|p2a: Tusker Carlson|66/100
|-damage|p1a: Lokix|34/100|[from] item: Rocky Helmet|[of] p2a: Tusker Carlson
|
|t:|1769296273
|switch|p1a: Quaquaval|Quaquaval, M, shiny|100/100|[from] U-turn
|
|upkeep
|turn|2
|
|t:|1769296280
|-end|p2a: Tusker Carlson|Protosynthesis|[silent]
|switch|p2a: Warcriminal|Ogerpon-Wellspring, F|100/100
|move|p1a: Quaquaval|Ice Spinner|p2a: Warcriminal
|-damage|p2a: Warcriminal|65/100
|
|upkeep
|turn|3
|
|t:|1769296289
|switch|p1a: Corviknight|Corviknight, M, shiny|100/100
|move|p2a: Warcriminal|Play Rough|p1a: Corviknight
|-resisted|p1a: Corviknight
|-damage|p1a: Corviknight|89/100
|-damage|p2a: Warcriminal|49/100|[from] item: Rocky Helmet|[of] p1a: Corviknight
|
|upkeep
|turn|4
|
|t:|1769296297
|switch|p2a: Tusker Carlson|Great Tusk|66/100
|move|p1a: Corviknight|U-turn|p2a: Tusker Carlson
|-resisted|p2a: Tusker Carlson
|-damage|p2a: Tusker Carlson|61/100
|-damage|p1a: Corviknight|73/100|[from] item: Rocky Helmet|[of] p2a: Tusker Carlson
|
|t:|1769296308
|switch|p1a: Quaquaval|Quaquaval, M, shiny|100/100|[from] U-turn
|
|upkeep
|turn|5
|
|t:|1769296313
|move|p2a: Tusker Carlson|Headlong Rush|p1a: Quaquaval
|-damage|p1a: Quaquaval|16/100
|-unboost|p2a: Tusker Carlson|def|1
|-unboost|p2a: Tusker Carlson|spd|1
|move|p1a: Quaquaval|Close Combat|p2a: Tusker Carlson
|-damage|p2a: Tusker Carlson|0 fnt
|-unboost|p1a: Quaquaval|def|1
|-unboost|p1a: Quaquaval|spd|1
|-damage|p1a: Quaquaval|0 fnt|[from] item: Rocky Helmet|[of] p2a: Tusker Carlson
|faint|p2a: Tusker Carlson
|-end|p2a: Tusker Carlson|Protosynthesis|[silent]
|faint|p1a: Quaquaval
|
|upkeep
|
|t:|1769296324
|switch|p2a: Vert Approves|Deoxys-Speed|100/100
|switch|p1a: Lokix|Lokix, M, tera:Bug|34/100
|-ability|p2a: Vert Approves|Pressure
|turn|6
|
|t:|1769296329
|switch|p2a: IB-01|Iron Valiant|100/100
|-enditem|p2a: IB-01|Booster Energy
|-activate|p2a: IB-01|ability: Quark Drive|[fromitem]
|-start|p2a: IB-01|quarkdrivespe
|move|p1a: Lokix|U-turn|p2a: IB-01
|-resisted|p2a: IB-01
|-damage|p2a: IB-01|72/100
|
|t:|1769296341
|switch|p1a: Corviknight|Corviknight, M, shiny|73/100|[from] U-turn
|
|upkeep
|turn|7
|
|t:|1769296350
|move|p2a: IB-01|Calm Mind|p2a: IB-01
|-boost|p2a: IB-01|spa|1
|-boost|p2a: IB-01|spd|1
|move|p1a: Corviknight|Brave Bird|p2a: IB-01
|-supereffective|p2a: IB-01
|-damage|p2a: IB-01|0 fnt
|faint|p2a: IB-01
|-end|p2a: IB-01|Quark Drive|[silent]
|-damage|p1a: Corviknight|56/100|[from] Recoil
|
|upkeep
|
|t:|1769296353
|switch|p2a: Vert Approves|Deoxys-Speed|100/100
|-ability|p2a: Vert Approves|Pressure
|turn|8
|
|t:|1769296357
|move|p2a: Vert Approves|Reflect|p2a: Vert Approves
|-sidestart|p2: Silent1ine|Reflect
|move|p1a: Corviknight|U-turn|p2a: Vert Approves
|-supereffective|p2a: Vert Approves
|-damage|p2a: Vert Approves|80/100
|
|t:|1769296362
|switch|p1a: Lokix|Lokix, M, tera:Bug|34/100|[from] U-turn
|
|upkeep
|turn|9
|
|t:|1769296365
|move|p2a: Vert Approves|Psycho Boost|p1a: Lokix
|-damage|p1a: Lokix|0 fnt
|-unboost|p2a: Vert Approves|spa|2
|faint|p1a: Lokix
|
|upkeep
|
|t:|1769296374
|switch|p1a: Slowking|Slowking-Galar, M|100/100
|turn|10
|
|t:|1769296383
|switch|p2a: King Von|Kingambit, M|100/100
|-activate|p2a: King Von|ability: Supreme Overlord
|-start|p2a: King Von|fallen2|[silent]
|move|p1a: Slowking|Flamethrower|p2a: King Von
|-supereffective|p2a: King Von
|-damage|p2a: King Von|56/100
|
|-heal|p2a: King Von|63/100|[from] item: Leftovers
|upkeep
|turn|11
|
|t:|1769296391
|switch|p1a: Corviknight|Corviknight, M, shiny|56/100
|move|p2a: King Von|Swords Dance|p2a: King Von
|-boost|p2a: King Von|atk|2
|
|-heal|p2a: King Von|69/100|[from] item: Leftovers
|upkeep
|turn|12
|
|t:|1769296400
|move|p1a: Corviknight|U-turn|p2a: King Von
|-damage|p2a: King Von|63/100
|
|t:|1769296408
|switch|p1a: Cinderace|Cinderace, F|100/100|[from] U-turn
|move|p2a: King Von|Kowtow Cleave|p1a: Cinderace
|-damage|p1a: Cinderace|0 fnt
|faint|p1a: Cinderace
|
|-heal|p2a: King Von|70/100|[from] item: Leftovers
|upkeep
|
|t:|1769296414
|switch|p1a: Ditto|Ditto|100/100
|-transform|p1a: Ditto|p2a: King Von|[from] ability: Imposter
|-activate|p1a: Ditto|ability: Supreme Overlord
|-start|p1a: Ditto|fallen3|[silent]
|turn|13
|
|t:|1769296433
|move|p1a: Ditto|Iron Head|p2a: King Von
|-resisted|p2a: King Von
|-damage|p2a: King Von|49/100
|cant|p2a: King Von|flinch
|
|-heal|p2a: King Von|55/100|[from] item: Leftovers
|upkeep
|turn|14
|
|t:|1769296443
|-end|p1a: Ditto|fallen3|[silent]
|switch|p1a: Corviknight|Corviknight, M, shiny|56/100
|move|p2a: King Von|Kowtow Cleave|p1a: Corviknight
|-damage|p1a: Corviknight|0 fnt
|-damage|p2a: King Von|38/100|[from] item: Rocky Helmet|[of] p1a: Corviknight
|faint|p1a: Corviknight
|
|-heal|p2a: King Von|44/100|[from] item: Leftovers
|upkeep
|
|t:|1769296448
|switch|p1a: Ditto|Ditto|100/100
|-transform|p1a: Ditto|p2a: King Von|[from] ability: Imposter
|-activate|p1a: Ditto|ability: Supreme Overlord
|-start|p1a: Ditto|fallen4|[silent]
|turn|15
|
|t:|1769296457
|move|p1a: Ditto|Kowtow Cleave|p2a: King Von
|-resisted|p2a: King Von
|-damage|p2a: King Von|19/100
|move|p2a: King Von|Kowtow Cleave|p1a: Ditto
|-resisted|p1a: Ditto
|-damage|p1a: Ditto|45/100
|
|-heal|p2a: King Von|25/100|[from] item: Leftovers
|-sideend|p2: Silent1ine|Reflect
|upkeep
|turn|16
|
|t:|1769296465
|-terastallize|p2a: King Von|Dark
|move|p2a: King Von|Sucker Punch|p1a: Ditto
|-resisted|p1a: Ditto
|-damage|p1a: Ditto|0 fnt
|faint|p1a: Ditto
|-end|p1a: Ditto|fallen4|[silent]
|
|-heal|p2a: King Von|31/100|[from] item: Leftovers
|upkeep
|-message|sableye555 forfeited.
|
|win|Silent1ine
|raw|sableye555's rating: 1388 &rarr; <strong>1368</strong><br />(-20 for losing)
|raw|Silent1ine's rating: 1382 &rarr; <strong>1402</strong><br />(+20 for winning)
|l|‽sableye555
|player|p1|
