|j|☆Jagonite
|j|☆Fraaaxn
|t:|1769308579
|gametype|singles
|player|p1|Jagonite|266|1560
|player|p2|Fraaaxn|169|1507
|gen|9
|tier|[Gen 9] OU
|rated|
|rule|HP Percentage Mod: HP is shown in percentages
|rule|Endless Battle Clause: Forcing endless battles is banned
|rule|Species Clause: Limit one of each Pokémon
|rule|OHKO Clause: OHKO moves are banned
|rule|Evasion Items Clause: Evasion items are banned
|rule|Evasion Moves Clause: Evasion moves are banned
|rule|Evasion Abilities Clause: Evasion abilities are banned
|rule|Sleep Moves Clause: Sleep-inducing moves are banned
|clearpoke
|poke|p1|Ting-Lu|
|poke|p1|Iron Crown|
|poke|p1|Pecharunt|
|poke|p1|Zamazenta-*|
|poke|p1|Dragonite, M|
|poke|p1|Mew|
|poke|p2|Zamazenta-*|
|poke|p2|Moltres-Galar|
|poke|p2|Ceruledge, F|
|poke|p2|Ogerpon-Wellspring, F|
|poke|p2|Darkrai|
|poke|p2|Deoxys-Speed|
|teampreview
|inactive|Battle timer is ON: inactive players will automatically lose when time's up. (requested by Fraaaxn)
|
|t:|1769308591
|teamsize|p1|6
|teamsize|p2|6
|start
|switch|p1a: Iron Crown|Iron Crown|100/100
|switch|p2a: Deoxys|Deoxys-Speed|100/100
|-ability|p2a: Deoxys|Pressure
|turn|1
|
|t:|1769308604
|move|p2a: Deoxys|Light Screen|p2a: Deoxys
|-sidestart|p2: Fraaaxn|move: Light Screen
|move|p1a: Iron Crown|Tachyon Cutter|p2a: Deoxys
|-damage|p2a: Deoxys|75/100
|-damage|p2a: Deoxys|50/100
|-hitcount|p2a: Deoxys|2
|
|upkeep
|turn|2
|
|t:|1769308611
|switch|p2a: Ogerpon|Ogerpon-Wellspring, F|100/100
|-end|p1a: Iron Crown|Quark Drive|[silent]
|switch|p1a: Ting-Lu|Ting-Lu|100/100
|-ability|p1a: Ting-Lu|Vessel of Ruin
|
|upkeep
|turn|3
|
|t:|1769308615
|switch|p1a: Pecharunt|Pecharunt|100/100
|move|p2a: Ogerpon|Ivy Cudgel|p1a: Pecharunt|[anim] Ivy Cudgel Water
|-crit|p1a: Pecharunt
|-damage|p1a: Pecharunt|53/100
|
|upkeep
|turn|4
|
|t:|1769308645
|switch|p2a: Moltres|Moltres-Galar|100/100
|move|p1a: Pecharunt|Recover|p1a: Pecharunt
|-heal|p1a: Pecharunt|100/100
|
|upkeep
|turn|5
|inactive|Jagonite has 120 seconds left.
|
|t:|1769308702
|move|p2a: Moltres|Nasty Plot|p2a: Moltres
|-boost|p2a: Moltres|spa|2
|move|p1a: Pecharunt|Malignant Chain|p2a: Moltres
|-damage|p2a: Moltres|86/100
|
|upkeep
|turn|6
|
|t:|1769308711
|move|p2a: Moltres|Nasty Plot|p2a: Moltres
|-boost|p2a: Moltres|spa|2
|move|p1a: Pecharunt|Malignant Chain|p2a: Moltres
|-damage|p2a: Moltres|73/100
|
|upkeep
|turn|7
|
|t:|1769308715
|switch|p1a: Ting-Lu|Ting-Lu|100/100
|-ability|p1a: Ting-Lu|Vessel of Ruin
|move|p2a: Moltres|Fiery Wrath|p1a: Ting-Lu
|-resisted|p1a: Ting-Lu
|-damage|p1a: Ting-Lu|75/100
|
|-heal|p1a: Ting-Lu|82/100|[from] item: Leftovers
|upkeep
|turn|8
|
|t:|1769308719
|-terastallize|p2a: Moltres|Fairy
|move|p2a: Moltres|Tera Blast|p1a: Ting-Lu|[anim] Tera Blast Fairy
|-supereffective|p1a: Ting-Lu
|-damage|p1a: Ting-Lu|0 fnt
|faint|p1a: Ting-Lu
|
|-sideend|p2: Fraaaxn|move: Light Screen
|upkeep
|
|t:|1769308724
|switch|p1a: Dragonite|Dragonite, M|100/100
|turn|9
|
|t:|1769308729
|-terastallize|p1a: Dragonite|Normal
|move|p1a: Dragonite|Extreme Speed|p2a: Moltres
|-damage|p2a: Moltres|0 fnt
|faint|p2a: Moltres
|
|upkeep
|
|t:|1769308737
|switch|p2a: Zamazenta|Zamazenta|100/100
|-ability|p2a: Zamazenta|Dauntless Shield|boost
|-boost|p2a: Zamazenta|def|1
|turn|10
|
|t:|1769308742
|switch|p2a: Deoxys|Deoxys-Speed|50/100
|-ability|p2a: Deoxys|Pressure
|switch|p1a: Pecharunt|Pecharunt|100/100
|
|upkeep
|turn|11
|
|t:|1769308746
|switch|p1a: Iron Crown|Iron Crown|100/100
|move|p2a: Deoxys|Light Screen|p2a: Deoxys
|-sidestart|p2: Fraaaxn|move: Light Screen
|
|upkeep
|turn|12
|
|t:|1769308750
|move|p2a: Deoxys|Reflect|p2a: Deoxys
|-sidestart|p2: Fraaaxn|Reflect
|move|p1a: Iron Crown|Tachyon Cutter|p2a: Deoxys
|-damage|p2a: Deoxys|24/100
|-damage|p2a: Deoxys|0 fnt
|faint|p2a: Deoxys
|-hitcount|p2: Deoxys|2
|
|upkeep
|
|t:|1769308752
|switch|p2a: Ogerpon|Ogerpon-Wellspring, F|100/100
|turn|13
|
|t:|1769308755
|-end|p1a: Iron Crown|Quark Drive|[silent]
|switch|p1a: Zamazenta|Zamazenta|100/100
|-ability|p1a: Zamazenta|Dauntless Shield|boost
|-boost|p1a: Zamazenta|def|1
|move|p2a: Ogerpon|Swords Dance|p2a: Ogerpon
|-boost|p2a: Ogerpon|atk|2
|
|upkeep
|turn|14
|
|t:|1769308759
|move|p2a: Ogerpon|Swords Dance|p2a: Ogerpon
|-boost|p2a: Ogerpon|atk|2
|move|p1a: Zamazenta|Iron Defense|p1a: Zamazenta
|-boost|p1a: Zamazenta|def|2
|
|upkeep
|turn|15
|
|t:|1769308766
|move|p2a: Ogerpon|Play Rough|p1a: Zamazenta
|-supereffective|p1a: Zamazenta
|-damage|p1a: Zamazenta|43/100
|move|p1a: Zamazenta|Body Press|p2a: Ogerpon
|-damage|p2a: Ogerpon|38/100
|
|upkeep
|turn|16
|
|t:|1769308773
|move|p2a: Ogerpon|Ivy Cudgel|p1a: Zamazenta|[anim] Ivy Cudgel Water
|-crit|p1a: Zamazenta
|-damage|p1a: Zamazenta|0 fnt
|faint|p1a: Zamazenta
|
|upkeep
|
|t:|1769308781
|switch|p1a: Dragonite|Dragonite, M, tera:Normal|100/100
|turn|17
|
|t:|1769308782
|move|p1a: Dragonite|Extreme Speed|p2a: Ogerpon
|-damage|p2a: Ogerpon|0 fnt
|faint|p2a: Ogerpon
|
|upkeep
|
|t:|1769308791
|switch|p2a: Ceruledge|Ceruledge, F|100/100
|turn|18
|
|t:|1769308795
|switch|p1a: Mew|Mew|100/100
|move|p2a: Ceruledge|Swords Dance|p2a: Ceruledge
|-boost|p2a: Ceruledge|atk|2
|
|-sideend|p2: Fraaaxn|move: Light Screen
|upkeep
|turn|19
|
|t:|1769308801
|move|p2a: Ceruledge|Shadow Sneak|p1a: Mew
|-supereffective|p1a: Mew
|-crit|p1a: Mew
|-damage|p1a: Mew|0 fnt
|faint|p1a: Mew
|-damage|p2a: Ceruledge|91/100|[from] item: Life Orb
|
|-sideend|p2: Fraaaxn|Reflect
|upkeep
|
|t:|1769308804
|switch|p1a: Iron Crown|Iron Crown|100/100
|turn|20
|
|t:|1769308807
|move|p2a: Ceruledge|Shadow Sneak|p1a: Iron Crown
|-supereffective|p1a: Iron Crown
|-damage|p1a: Iron Crown|0 fnt
|faint|p1a: Iron Crown
|-end|p1a: Iron Crown|Quark Drive|[silent]
|-damage|p2a: Ceruledge|81/100|[from] item: Life Orb
|
|upkeep
|
|t:|1769308810
|switch|p1a: Dragonite|Dragonite, M, tera:Normal|100/100
|turn|21
|
|t:|1769308822
|move|p2a: Ceruledge|Bitter Blade|p1a: Dragonite
|-damage|p1a: Dragonite|45/100
|-heal|p2a: Ceruledge|100/100|[from] drain|[of] p1a: Dragonite
|-damage|p2a: Ceruledge|91/100|[from] item: Life Orb
|move|p1a: Dragonite|Earthquake|p2a: Ceruledge
|-supereffective|p2a: Ceruledge
|-damage|p2a: Ceruledge|0 fnt
|faint|p2a: Ceruledge
|
|upkeep
|
|t:|1769308829
|switch|p2a: Darkrai|Darkrai|100/100
|turn|22
|
|t:|1769308833
|switch|p1a: Pecharunt|Pecharunt|100/100
|move|p2a: Darkrai|Dark Pulse|p1a: Pecharunt
|-supereffective|p1a: Pecharunt
|-damage|p1a: Pecharunt|10/100
|
|upkeep
|turn|23
|
|t:|1769308837
|move|p2a: Darkrai|Dark Pulse|p1a: Pecharunt
|-supereffective|p1a: Pecharunt
|-damage|p1a: Pecharunt|0 fnt
|faint|p1a: Pecharunt
|
|upkeep
|
|t:|1769308839
|switch|p1a: Dragonite|Dragonite, M, tera:Normal|45/100
|turn|24
|
|t:|1769308848
|move|p1a: Dragonite|Extreme Speed|p2a: Darkrai
|-damage|p2a: Darkrai|13/100
|move|p2a: Darkrai|Dark Pulse|p1a: Dragonite
|-damage|p1a: Dragonite|14/100
|
|upkeep
|turn|25
|
|t:|1769308864
|move|p1a: Dragonite|Extreme Speed|p2a: Darkrai
|-damage|p2a: Darkrai|0 fnt
|faint|p2a: Darkrai
|
|upkeep
|
|t:|1769308865
|switch|p2a: Zamazenta|Zamazenta|100/100
|turn|26
|
|t:|1769308868
|move|p1a: Dragonite|Extreme Speed|p2a: Zamazenta
|-crit|p2a: Zamazenta
|-damage|p2a: Zamazenta|22/100
|move|p2a: Zamazenta|Body Press|p1a: Dragonite
|-supereffective|p1a: Dragonite
|-damage|p1a: Dragonite|0 fnt
|faint|p1a: Dragonite
|
|win|Fraaaxn
|raw|Jagonite's rating: 1560 &rarr; <strong>1537</strong><br />(-23 for losing)
|raw|Fraaaxn's rating: 1507 &rarr; <strong>1530</strong><br />(+23 for winning)
|l|☆Jagonite
|player|p1|
|l|☆Fraaaxn
|player|p2|
