|j|☆frazybalkany
|j|☆Stugo5000
|t:|1769358632
|gametype|singles
|player|p1|frazybalkany|101|1464
|player|p2|Stugo5000|harlequin|1540
|gen|9
|tier|[Gen 9] OU
|rated|
|rule|HP Percentage Mod: HP is shown in percentages
|rule|Endless Battle Clause: Forcing endless battles is banned
|rule|Species Clause: Limit one of each Pokémon
|rule|OHKO Clause: OHKO moves are banned
|rule|Evasion Items Clause: Evasion items are banned
|rule|Evasion Moves Clause: Evasion moves are banned
|rule|Evasion Abilities Clause: Evasion abilities are banned
|rule|Sleep Moves Clause: Sleep-inducing moves are banned
|clearpoke
|poke|p1|Torkoal, F|
|poke|p1|Dragapult, F|
|poke|p1|Iron Moth|
|poke|p1|Kingambit, M|
|poke|p1|Ceruledge, F|
|poke|p1|Staraptor, M|
|poke|p2|Toxapex, M|
|poke|p2|Tyranitar, M|
|poke|p2|Excadrill, M|
|poke|p2|Iron Valiant|
|poke|p2|Zapdos|
|poke|p2|Ogerpon, F|
|teampreview
|inactive|Battle timer is ON: inactive players will automatically lose when time's up. (requested by Stugo5000)
|inactive|frazybalkany also wants the timer to be on.
|inactive|Stugo5000 has 120 seconds left.
|
|t:|1769358671
|teamsize|p1|6
|teamsize|p2|6
|start
|switch|p1a: Staraptor|Staraptor, M|100/100
|switch|p2a: Mr. Big Shot|Tyranitar, M|100/100
|-weather|Sandstorm|[from] ability: Sand Stream|[of] p2a: Mr. Big Shot
|turn|1
|
|t:|1769358691
|move|p1a: Staraptor|Final Gambit|p2a: Mr. Big Shot
|-damage|p2a: Mr. Big Shot|0 fnt
|faint|p1a: Staraptor
|faint|p2a: Mr. Big Shot
|
|-weather|Sandstorm|[upkeep]
|upkeep
|inactive|Stugo5000 has 120 seconds left.
|
|t:|1769358706
|switch|p1a: Torkoal|Torkoal, F|100/100
|switch|p2a: Life Support|Toxapex, M, shiny|100/100
|-weather|SunnyDay|[from] ability: Drought|[of] p1a: Torkoal
|turn|2
|
|t:|1769358712
|move|p2a: Life Support|Toxic Spikes|p1a: Torkoal
|-sidestart|p1: frazybalkany|move: Toxic Spikes
|move|p1a: Torkoal|Stealth Rock|p2a: Life Support
|-sidestart|p2: Stugo5000|move: Stealth Rock
|
|-weather|SunnyDay|[upkeep]
|upkeep
|turn|3
|
|t:|1769358719
|move|p2a: Life Support|Toxic|p1a: Torkoal
|-status|p1a: Torkoal|tox
|move|p1a: Torkoal|Earth Power|p2a: Life Support
|-supereffective|p2a: Life Support
|-damage|p2a: Life Support|75/100
|-enditem|p2a: Life Support|Eject Button
|inactive|Stugo5000 has 120 seconds left.
|
|t:|1769358746
|switch|p2a: Sweet Disaster|Zapdos, shiny|100/100
|
|-weather|SunnyDay|[upkeep]
|-damage|p1a: Torkoal|94/100 tox|[from] psn
|upkeep
|turn|4
|j| Red over MT Silver
|
|t:|1769358752
|move|p2a: Sweet Disaster|Volt Switch|p1a: Torkoal
|-damage|p1a: Torkoal|60/100 tox
|
|t:|1769358755
|switch|p2a: Life Support|Toxapex, M, shiny|100/100|[from] Volt Switch
|-damage|p2a: Life Support|88/100|[from] Stealth Rock
|move|p1a: Torkoal|Rapid Spin|p2a: Life Support
|-damage|p2a: Life Support|82/100
|-boost|p1a: Torkoal|spe|1
|-sideend|p1: frazybalkany|Toxic Spikes|[from] move: Rapid Spin|[of] p1a: Torkoal
|
|-weather|SunnyDay|[upkeep]
|-damage|p1a: Torkoal|48/100 tox|[from] psn
|upkeep
|turn|5
|l| Red over MT Silver
|
|t:|1769358765
|switch|p1a: Kingambit|Kingambit, M|100/100
|-activate|p1a: Kingambit|ability: Supreme Overlord
|-start|p1a: Kingambit|fallen1|[silent]
|move|p2a: Life Support|Toxic Spikes|p1a: Kingambit
|-sidestart|p1: frazybalkany|move: Toxic Spikes
|
|-weather|SunnyDay|[upkeep]
|upkeep
|turn|6
|
|t:|1769358776
|move|p1a: Kingambit|Swords Dance|p1a: Kingambit
|-boost|p1a: Kingambit|atk|2
|move|p2a: Life Support|Haze|p2a: Life Support
|-clearallboost
|
|-weather|none
|upkeep
|turn|7
|
|t:|1769358788
|move|p1a: Kingambit|Iron Head|p2a: Life Support
|-resisted|p2a: Life Support
|-damage|p2a: Life Support|65/100
|cant|p2a: Life Support|flinch
|
|upkeep
|turn|8
|
|t:|1769358792
|switch|p2a: Sweet Disaster|Zapdos, shiny|100/100
|move|p1a: Kingambit|Swords Dance|p1a: Kingambit
|-boost|p1a: Kingambit|atk|2
|
|upkeep
|turn|9
|
|t:|1769358812
|switch|p2a: She wants me too|Iron Valiant, shiny|100/100
|-damage|p2a: She wants me too|94/100|[from] Stealth Rock
|move|p1a: Kingambit|Sucker Punch||[still]
|-fail|p1a: Kingambit
|
|upkeep
|turn|10
|
|t:|1769358821
|move|p2a: She wants me too|Vacuum Wave|p1a: Kingambit
|-supereffective|p1a: Kingambit
|-enditem|p1a: Kingambit|Focus Sash
|-damage|p1a: Kingambit|1/100
|move|p1a: Kingambit|Iron Head|p2a: She wants me too
|-supereffective|p2a: She wants me too
|-damage|p2a: She wants me too|0 fnt
|faint|p2a: She wants me too
|-end|p2a: She wants me too|Quark Drive|[silent]
|
|upkeep
|inactive|Stugo5000 has 120 seconds left.
|-message|Stugo5000 forfeited.
|
|win|frazybalkany
|raw|frazybalkany's rating: 1464 &rarr; <strong>1488</strong><br />(+24 for winning)
|raw|Stugo5000's rating: 1540 &rarr; <strong>1516</strong><br />(-24 for losing)
|l|☆Stugo5000
|player|p2|
|l|☆frazybalkany
|player|p1|
