|j|☆naicker2000
|j|☆quehahah
|t:|1769308428
|gametype|singles
|player|p1|naicker2000|170|1104
|player|p2|quehahah|266|1083
|gen|9
|tier|[Gen 9] OU
|rated|
|rule|HP Percentage Mod: HP is shown in percentages
|rule|Endless Battle Clause: Forcing endless battles is banned
|rule|Species Clause: Limit one of each Pokémon
|rule|OHKO Clause: OHKO moves are banned
|rule|Evasion Items Clause: Evasion items are banned
|rule|Evasion Moves Clause: Evasion moves are banned
|rule|Evasion Abilities Clause: Evasion abilities are banned
|rule|Sleep Moves Clause: Sleep-inducing moves are banned
|clearpoke
|poke|p1|Pelipper, M|
|poke|p1|Beartic, M|
|poke|p1|Barraskewda, M|
|poke|p1|Ogerpon-Wellspring, F|
|poke|p1|Zapdos|
|poke|p1|Hatterene, F|
|poke|p2|Araquanid, M|
|poke|p2|Alomomola, M|
|poke|p2|Slowking-Galar, M|
|poke|p2|Magnezone|
|poke|p2|Regidrago|
|poke|p2|Dondozo, M|
|teampreview
|
|t:|1769308438
|teamsize|p1|6
|teamsize|p2|6
|start
|switch|p1a: becky lynch|Pelipper, M|100/100
|switch|p2a: Araquanid|Araquanid, M|100/100
|-weather|RainDance|[from] ability: Drizzle|[of] p1a: becky lynch
|turn|1
|
|t:|1769308451
|switch|p1a: ???|Hatterene, F|100/100
|-terastallize|p2a: Araquanid|Water
|move|p2a: Araquanid|Liquidation|p1a: ???
|-damage|p1a: ???|0 fnt
|faint|p1a: ???
|
|-weather|RainDance|[upkeep]
|upkeep
|
|t:|1769308462
|switch|p1a: seth rollins|Zapdos|100/100
|turn|2
|
|t:|1769308474
|switch|p2a: Slowking|Slowking-Galar, M|100/100
|move|p1a: seth rollins|Thunder|p2a: Slowking
|-damage|p2a: Slowking|67/100
|
|-weather|RainDance|[upkeep]
|upkeep
|turn|3
|
|t:|1769308481
|move|p1a: seth rollins|Volt Switch|p2a: Slowking
|-damage|p2a: Slowking|48/100
|
|t:|1769308485
|switch|p1a: finn balor|Barraskewda, M|100/100|[from] Volt Switch
|-prepare|p2a: Slowking|Chilly Reception|[premajor]
|move|p2a: Slowking|Chilly Reception|p2a: Slowking
|-weather|Snowscape
|
|t:|1769308499
|switch|p2a: Magnezone|Magnezone|100/100|[from] Chilly Reception
|
|-weather|Snowscape|[upkeep]
|upkeep
|turn|4
|
|t:|1769308504
|switch|p2a: Alomomola|Alomomola, M|100/100
|move|p1a: finn balor|Flip Turn|p2a: Alomomola
|-resisted|p2a: Alomomola
|-damage|p2a: Alomomola|90/100
|-damage|p1a: finn balor|84/100|[from] item: Rocky Helmet|[of] p2a: Alomomola
|
|t:|1769308511
|switch|p1a: cm punk|Ogerpon-Wellspring, F|100/100|[from] Flip Turn
|
|-weather|Snowscape|[upkeep]
|upkeep
|turn|5
|
|t:|1769308544
|switch|p2a: Araquanid|Araquanid, M, tera:Water|100/100
|move|p1a: cm punk|Power Whip|p2a: Araquanid
|-supereffective|p2a: Araquanid
|-damage|p2a: Araquanid|0 fnt
|faint|p2a: Araquanid
|
|-weather|Snowscape|[upkeep]
|upkeep
|
|t:|1769308546
|switch|p2a: Magnezone|Magnezone|100/100
|turn|6
|
|t:|1769308573
|switch|p1a: becky lynch|Pelipper, M|100/100
|-weather|RainDance|[from] ability: Drizzle|[of] p1a: becky lynch
|move|p2a: Magnezone|Thunderbolt|p1a: becky lynch
|-supereffective|p1a: becky lynch
|-damage|p1a: becky lynch|0 fnt
|faint|p1a: becky lynch
|
|-weather|RainDance|[upkeep]
|upkeep
|
|t:|1769308589
|switch|p1a: finn balor|Barraskewda, M|84/100
|turn|7
|
|t:|1769308593
|switch|p2a: Alomomola|Alomomola, M|100/100
|move|p1a: finn balor|Close Combat|p2a: Alomomola
|-damage|p2a: Alomomola|76/100
|-unboost|p1a: finn balor|def|1
|-unboost|p1a: finn balor|spd|1
|-damage|p1a: finn balor|68/100|[from] item: Rocky Helmet|[of] p2a: Alomomola
|
|-weather|RainDance|[upkeep]
|upkeep
|turn|8
|
|t:|1769308603
|switch|p2a: Slowking|Slowking-Galar, M|81/100
|move|p1a: finn balor|Flip Turn|p2a: Slowking
|-damage|p2a: Slowking|19/100
|
|t:|1769308608
|switch|p1a: cm punk|Ogerpon-Wellspring, F|100/100|[from] Flip Turn
|
|-weather|RainDance|[upkeep]
|upkeep
|turn|9
|
|t:|1769308613
|move|p1a: cm punk|Ivy Cudgel|p2a: Slowking|[anim] Ivy Cudgel Water
|-crit|p2a: Slowking
|-damage|p2a: Slowking|0 fnt
|faint|p2a: Slowking
|
|-weather|RainDance|[upkeep]
|upkeep
|
|t:|1769308626
|switch|p2a: Regidrago|Regidrago|100/100
|turn|10
|
|t:|1769308630
|move|p2a: Regidrago|Dragon Energy|p1a: cm punk
|-damage|p1a: cm punk|0 fnt
|faint|p1a: cm punk
|
|-weather|RainDance|[upkeep]
|upkeep
|
|t:|1769308636
|switch|p1a: roman reigns|Beartic, M|100/100
|turn|11
|
|t:|1769308642
|switch|p2a: Alomomola|Alomomola, M|100/100
|move|p1a: roman reigns|Icicle Spear|p2a: Alomomola
|-resisted|p2a: Alomomola
|-damage|p2a: Alomomola|97/100
|-resisted|p2a: Alomomola
|-damage|p2a: Alomomola|93/100
|-resisted|p2a: Alomomola
|-damage|p2a: Alomomola|90/100
|-resisted|p2a: Alomomola
|-damage|p2a: Alomomola|87/100
|-hitcount|p2a: Alomomola|4
|
|-weather|RainDance|[upkeep]
|upkeep
|turn|12
|
|t:|1769308655
|move|p1a: roman reigns|Swords Dance|p1a: roman reigns
|-boost|p1a: roman reigns|atk|2
|move|p2a: Alomomola|Flip Turn|p1a: roman reigns
|-damage|p1a: roman reigns|72/100
|
|t:|1769308661
|switch|p2a: Dondozo|Dondozo, M|100/100|[from] Flip Turn
|
|-weather|RainDance|[upkeep]
|upkeep
|turn|13
|
|t:|1769308665
|move|p1a: roman reigns|Icicle Spear|p2a: Dondozo
|-resisted|p2a: Dondozo
|-damage|p2a: Dondozo|98/100
|-resisted|p2a: Dondozo
|-damage|p2a: Dondozo|95/100
|-resisted|p2a: Dondozo
|-damage|p2a: Dondozo|92/100
|-resisted|p2a: Dondozo
|-damage|p2a: Dondozo|89/100
|-hitcount|p2a: Dondozo|4
|move|p2a: Dondozo|Curse|p2a: Dondozo
|-unboost|p2a: Dondozo|spe|1
|-boost|p2a: Dondozo|atk|1
|-boost|p2a: Dondozo|def|1
|
|-weather|none
|-heal|p2a: Dondozo|95/100|[from] item: Leftovers
|upkeep
|turn|14
|
|t:|1769308680
|switch|p1a: seth rollins|Zapdos|100/100
|move|p2a: Dondozo|Liquidation|p1a: seth rollins
|-damage|p1a: seth rollins|44/100
|
|-heal|p2a: Dondozo|100/100|[from] item: Leftovers
|upkeep
|turn|15
|
|t:|1769308691
|-terastallize|p1a: seth rollins|Electric
|move|p1a: seth rollins|Volt Switch|p2a: Dondozo
|-supereffective|p2a: Dondozo
|-damage|p2a: Dondozo|4/100
|
|t:|1769308698
|switch|p1a: roman reigns|Beartic, M|72/100|[from] Volt Switch
|move|p2a: Dondozo|Liquidation|p1a: roman reigns
|-damage|p1a: roman reigns|18/100
|
|-heal|p2a: Dondozo|10/100|[from] item: Leftovers
|upkeep
|turn|16
|inactive|Battle timer is ON: inactive players will automatically lose when time's up. (requested by quehahah)
|
|t:|1769308705
|move|p1a: roman reigns|Icicle Spear|p2a: Dondozo
|-resisted|p2a: Dondozo
|-damage|p2a: Dondozo|8/100
|-resisted|p2a: Dondozo
|-damage|p2a: Dondozo|6/100
|-resisted|p2a: Dondozo
|-damage|p2a: Dondozo|4/100
|-resisted|p2a: Dondozo
|-damage|p2a: Dondozo|2/100
|-resisted|p2a: Dondozo
|-damage|p2a: Dondozo|0 fnt
|faint|p2a: Dondozo
|-hitcount|p2: Dondozo|5
|
|upkeep
|
|t:|1769308719
|switch|p2a: Alomomola|Alomomola, M|100/100
|turn|17
|
|t:|1769308723
|move|p1a: roman reigns|Earthquake|p2a: Alomomola
|-damage|p2a: Alomomola|81/100
|move|p2a: Alomomola|Flip Turn|p1a: roman reigns
|-damage|p1a: roman reigns|0 fnt
|faint|p1a: roman reigns
|
|t:|1769308732
|switch|p2a: Regidrago|Regidrago|100/100|[from] Flip Turn
|
|upkeep
|
|t:|1769308738
|switch|p1a: finn balor|Barraskewda, M|68/100
|turn|18
|
|t:|1769308741
|move|p2a: Regidrago|Dragon Energy|p1a: finn balor
|-damage|p1a: finn balor|0 fnt
|faint|p1a: finn balor
|
|upkeep
|
|t:|1769308746
|switch|p1a: seth rollins|Zapdos, tera:Electric|44/100
|turn|19
|
|t:|1769308749
|move|p2a: Regidrago|Dragon Energy|p1a: seth rollins
|-damage|p1a: seth rollins|0 fnt
|faint|p1a: seth rollins
|
|win|quehahah
|raw|naicker2000's rating: 1104 &rarr; <strong>1077</strong><br />(-27 for losing)
|raw|quehahah's rating: 1083 &rarr; <strong>1112</strong><br />(+29 for winning)
|l|☆naicker2000
|player|p1|
