|j|☆SquilliamTG
|j|☆suifenli
|t:|1769403898
|gametype|singles
|player|p1|SquilliamTG|silver|1518
|player|p2|suifenli|n|1506
|gen|9
|tier|[Gen 9] OU
|rated|
|rule|HP Percentage Mod: HP is shown in percentages
|rule|Endless Battle Clause: Forcing endless battles is banned
|rule|Species Clause: Limit one of each Pokémon
|rule|OHKO Clause: OHKO moves are banned
|rule|Evasion Items Clause: Evasion items are banned
|rule|Evasion Moves Clause: Evasion moves are banned
|rule|Evasion Abilities Clause: Evasion abilities are banned
|rule|Sleep Moves Clause: Sleep-inducing moves are banned
|clearpoke
|poke|p1|Great Tusk|
|poke|p1|Magnezone|
|poke|p1|Slowking-Galar, M|
|poke|p1|Dragonite, F|
|poke|p1|Alomomola, M|
|poke|p1|Zamazenta-*|
|poke|p2|Zamazenta-*|
|poke|p2|Sableye, M|
|poke|p2|Enamorus, F|
|poke|p2|Bellossom, F|
|poke|p2|Garganacl, F|
|poke|p2|Latias, F|
|teampreview
|inactive|Battle timer is ON: inactive players will automatically lose when time's up. (requested by SquilliamTG)
|inactive|suifenli also wants the timer to be on.
|
|t:|1769403913
|teamsize|p1|6
|teamsize|p2|6
|start
|switch|p1a: Magnezone|Magnezone|100/100
|switch|p2a: Sableye|Sableye, M|100/100
|turn|1
|
|t:|1769403924
|move|p1a: Magnezone|Volt Switch|p2a: Sableye
|-damage|p2a: Sableye|16/100
|
|t:|1769403927
|switch|p1a: Alomomola|Alomomola, M|100/100|[from] Volt Switch
|move|p2a: Sableye|Metal Burst|p1a: Alomomola
|-damage|p1a: Alomomola|28/100
|
|upkeep
|turn|2
|
|t:|1769403957
|move|p2a: Sableye|Thunder Wave|p1a: Alomomola
|-status|p1a: Alomomola|par
|move|p1a: Alomomola|Flip Turn|p2a: Sableye
|-damage|p2a: Sableye|0 fnt
|faint|p2a: Sableye
|
|t:|1769403964
|switch|p1a: Magnezone|Magnezone|100/100|[from] Flip Turn
|
|upkeep
|
|t:|1769403967
|switch|p2a: Zamazenta|Zamazenta|100/100
|-ability|p2a: Zamazenta|Dauntless Shield|boost
|-boost|p2a: Zamazenta|def|1
|turn|3
|
|t:|1769403973
|switch|p1a: Slowking|Slowking-Galar, M|100/100
|move|p2a: Zamazenta|Substitute|p2a: Zamazenta
|-start|p2a: Zamazenta|Substitute
|-damage|p2a: Zamazenta|76/100
|
|-heal|p2a: Zamazenta|82/100|[from] item: Leftovers
|upkeep
|turn|4
|
|t:|1769403980
|-terastallize|p2a: Zamazenta|Dark
|move|p2a: Zamazenta|Snarl|p1a: Slowking
|-supereffective|p1a: Slowking
|-damage|p1a: Slowking|82/100
|-unboost|p1a: Slowking|spa|1
|move|p1a: Slowking|Future Sight|p2a: Zamazenta
|-start|p1a: Slowking|move: Future Sight
|
|-heal|p2a: Zamazenta|88/100|[from] item: Leftovers
|upkeep
|turn|5
|j| Itz J
|
|t:|1769403989
|move|p2a: Zamazenta|Iron Defense|p2a: Zamazenta
|-boost|p2a: Zamazenta|def|2
|-prepare|p1a: Slowking|Chilly Reception|[premajor]
|move|p1a: Slowking|Chilly Reception|p1a: Slowking
|-weather|Snowscape
|
|t:|1769403998
|switch|p1a: Dragonite|Dragonite, F|100/100|[from] Chilly Reception
|
|-weather|Snowscape|[upkeep]
|-heal|p2a: Zamazenta|94/100|[from] item: Leftovers
|upkeep
|turn|6
|
|t:|1769404012
|move|p2a: Zamazenta|Iron Defense|p2a: Zamazenta
|-boost|p2a: Zamazenta|def|2
|move|p1a: Dragonite|Dragon Dance|p1a: Dragonite
|-boost|p1a: Dragonite|atk|1
|-boost|p1a: Dragonite|spe|1
|
|-weather|Snowscape|[upkeep]
|-end|p2a: Zamazenta|move: Future Sight
|-immune|p2a: Zamazenta
|-heal|p2a: Zamazenta|99/100|[from] item: Leftovers
|upkeep
|turn|7
|
|t:|1769404021
|move|p1a: Dragonite|Encore|p2a: Zamazenta
|-start|p2a: Zamazenta|Encore
|move|p2a: Zamazenta|Iron Defense|p2a: Zamazenta
|-boost|p2a: Zamazenta|def|1
|
|-weather|Snowscape|[upkeep]
|-heal|p2a: Zamazenta|100/100|[from] item: Leftovers
|upkeep
|turn|8
|inactive|suifenli has 120 seconds left.
|
|t:|1769404061
|switch|p2a: Bellossom|Bellossom, F|100/100
|move|p1a: Dragonite|Dragon Dance|p1a: Dragonite
|-boost|p1a: Dragonite|atk|1
|-boost|p1a: Dragonite|spe|1
|
|-weather|Snowscape|[upkeep]
|upkeep
|turn|9
|
|t:|1769404070
|move|p1a: Dragonite|Extreme Speed|p2a: Bellossom
|-damage|p2a: Bellossom|61/100
|-enditem|p2a: Bellossom|Kee Berry|[eat]
|-boost|p2a: Bellossom|def|1|[from] item: Kee Berry
|move|p2a: Bellossom|Strength Sap|p1a: Dragonite
|-unboost|p1a: Dragonite|atk|1
|-heal|p2a: Bellossom|100/100
|
|-weather|none
|upkeep
|turn|10
|inactive|suifenli has 120 seconds left.
|
|t:|1769404089
|move|p1a: Dragonite|Encore|p2a: Bellossom
|-start|p2a: Bellossom|Encore
|move|p2a: Bellossom|Strength Sap|p1a: Dragonite
|-unboost|p1a: Dragonite|atk|1
|
|upkeep
|turn|11
|
|t:|1769404095
|switch|p1a: Magnezone|Magnezone|100/100
|switch|p2a: Enamorus|Enamorus, F|100/100
|
|upkeep
|turn|12
|
|t:|1769404103
|-terastallize|p1a: Magnezone|Flying
|move|p2a: Enamorus|Earth Power|p1a: Magnezone
|-immune|p1a: Magnezone
|move|p1a: Magnezone|Flash Cannon|p2a: Enamorus
|-supereffective|p2a: Enamorus
|-damage|p2a: Enamorus|0 fnt
|faint|p2a: Enamorus
|
|upkeep
|
|t:|1769404114
|switch|p2a: Latias|Latias, F|100/100
|turn|13
|
|t:|1769404118
|switch|p1a: Dragonite|Dragonite, F|100/100
|move|p2a: Latias|Calm Mind|p2a: Latias
|-boost|p2a: Latias|spa|1
|-boost|p2a: Latias|spd|1
|
|upkeep
|turn|14
|
|t:|1769404136
|move|p1a: Dragonite|Encore|p2a: Latias
|-start|p2a: Latias|Encore
|move|p2a: Latias|Calm Mind|p2a: Latias
|-boost|p2a: Latias|spa|1
|-boost|p2a: Latias|spd|1
|
|upkeep
|turn|15
|
|t:|1769404147
|switch|p2a: Garganacl|Garganacl, F|100/100
|move|p1a: Dragonite|Dragon Dance|p1a: Dragonite
|-boost|p1a: Dragonite|atk|1
|-boost|p1a: Dragonite|spe|1
|
|upkeep
|turn|16
|
|t:|1769404172
|switch|p1a: Great Tusk|Great Tusk|100/100
|move|p2a: Garganacl|Salt Cure|p1a: Great Tusk
|-resisted|p1a: Great Tusk
|-damage|p1a: Great Tusk|98/100
|-start|p1a: Great Tusk|Salt Cure
|
|-damage|p1a: Great Tusk|86/100|[from] Salt Cure
|upkeep
|turn|17
|
|t:|1769404180
|switch|p2a: Bellossom|Bellossom, F|100/100
|move|p1a: Great Tusk|Stealth Rock|p2a: Bellossom
|-sidestart|p2: suifenli|move: Stealth Rock
|
|-damage|p1a: Great Tusk|73/100|[from] Salt Cure
|upkeep
|turn|18
|inactive|suifenli has 120 seconds left.
|
|t:|1769404212
|-end|p1a: Great Tusk|Protosynthesis|[silent]
|switch|p1a: Magnezone|Magnezone, tera:Flying|100/100
|move|p2a: Bellossom|Quiver Dance|p2a: Bellossom
|-boost|p2a: Bellossom|spa|1
|-boost|p2a: Bellossom|spd|1
|-boost|p2a: Bellossom|spe|1
|
|upkeep
|turn|19
|
|t:|1769404219
|move|p1a: Magnezone|Volt Switch|p2a: Bellossom
|-resisted|p2a: Bellossom
|-damage|p2a: Bellossom|82/100
|
|t:|1769404222
|switch|p1a: Dragonite|Dragonite, F|100/100|[from] Volt Switch
|move|p2a: Bellossom|Quiver Dance|p2a: Bellossom
|-boost|p2a: Bellossom|spa|1
|-boost|p2a: Bellossom|spd|1
|-boost|p2a: Bellossom|spe|1
|
|upkeep
|turn|20
|
|t:|1769404240
|move|p1a: Dragonite|Encore|p2a: Bellossom
|-start|p2a: Bellossom|Encore
|move|p2a: Bellossom|Quiver Dance|p2a: Bellossom
|-boost|p2a: Bellossom|spa|1
|-boost|p2a: Bellossom|spd|1
|-boost|p2a: Bellossom|spe|1
|
|upkeep
|turn|21
|
|t:|1769404245
|move|p2a: Bellossom|Quiver Dance|p2a: Bellossom
|-boost|p2a: Bellossom|spa|1
|-boost|p2a: Bellossom|spd|1
|-boost|p2a: Bellossom|spe|1
|move|p1a: Dragonite|Dragon Dance|p1a: Dragonite
|-boost|p1a: Dragonite|atk|1
|-boost|p1a: Dragonite|spe|1
|
|upkeep
|turn|22
|
|t:|1769404254
|move|p1a: Dragonite|Dragon Dance|p1a: Dragonite
|-boost|p1a: Dragonite|atk|1
|-boost|p1a: Dragonite|spe|1
|move|p2a: Bellossom|Quiver Dance|p2a: Bellossom
|-boost|p2a: Bellossom|spa|1
|-boost|p2a: Bellossom|spd|1
|-boost|p2a: Bellossom|spe|1
|
|-end|p2a: Bellossom|Encore
|upkeep
|turn|23
|
|t:|1769404261
|move|p1a: Dragonite|Encore|p2a: Bellossom
|-start|p2a: Bellossom|Encore
|move|p2a: Bellossom|Quiver Dance|p2a: Bellossom
|-boost|p2a: Bellossom|spa|1
|-boost|p2a: Bellossom|spd|1
|-boost|p2a: Bellossom|spe|1
|
|upkeep
|turn|24
|
|t:|1769404272
|move|p1a: Dragonite|Extreme Speed|p2a: Bellossom
|-damage|p2a: Bellossom|44/100
|move|p2a: Bellossom|Quiver Dance|p2a: Bellossom
|-boost|p2a: Bellossom|spa|0
|-boost|p2a: Bellossom|spd|0
|-boost|p2a: Bellossom|spe|0
|
|upkeep
|turn|25
|
|t:|1769404278
|move|p1a: Dragonite|Extreme Speed|p2a: Bellossom
|-damage|p2a: Bellossom|6/100
|move|p2a: Bellossom|Quiver Dance|p2a: Bellossom
|-boost|p2a: Bellossom|spa|0
|-boost|p2a: Bellossom|spd|0
|-boost|p2a: Bellossom|spe|0
|
|-end|p2a: Bellossom|Encore
|upkeep
|turn|26
|
|t:|1769404286
|move|p1a: Dragonite|Extreme Speed|p2a: Bellossom
|-damage|p2a: Bellossom|0 fnt
|faint|p2a: Bellossom
|
|upkeep
|
|t:|1769404305
|switch|p2a: Zamazenta|Zamazenta, tera:Dark|100/100
|-damage|p2a: Zamazenta|88/100|[from] Stealth Rock
|turn|27
|
|t:|1769404311
|move|p1a: Dragonite|Earthquake|p2a: Zamazenta
|-damage|p2a: Zamazenta|39/100
|move|p2a: Zamazenta|Iron Defense|p2a: Zamazenta
|-boost|p2a: Zamazenta|def|2
|
|-heal|p2a: Zamazenta|45/100|[from] item: Leftovers
|upkeep
|turn|28
|
|t:|1769404321
|move|p1a: Dragonite|Encore|p2a: Zamazenta
|-start|p2a: Zamazenta|Encore
|move|p2a: Zamazenta|Iron Defense|p2a: Zamazenta
|-boost|p2a: Zamazenta|def|2
|
|-heal|p2a: Zamazenta|51/100|[from] item: Leftovers
|upkeep
|turn|29
|
|t:|1769404330
|switch|p1a: Magnezone|Magnezone, tera:Flying|100/100
|move|p2a: Zamazenta|Iron Defense|p2a: Zamazenta
|-boost|p2a: Zamazenta|def|2
|
|-heal|p2a: Zamazenta|57/100|[from] item: Leftovers
|upkeep
|turn|30
|
|t:|1769404351
|move|p2a: Zamazenta|Iron Defense|p2a: Zamazenta
|-boost|p2a: Zamazenta|def|0
|move|p1a: Magnezone|Thunderbolt|p2a: Zamazenta
|-damage|p2a: Zamazenta|12/100
|
|-heal|p2a: Zamazenta|18/100|[from] item: Leftovers
|-end|p2a: Zamazenta|Encore
|upkeep
|turn|31
|
|t:|1769404358
|move|p2a: Zamazenta|Body Press|p1a: Magnezone
|-resisted|p1a: Magnezone
|-damage|p1a: Magnezone|20/100
|move|p1a: Magnezone|Thunderbolt|p2a: Zamazenta
|-damage|p2a: Zamazenta|0 fnt
|faint|p2a: Zamazenta
|
|upkeep
|
|t:|1769404375
|switch|p2a: Latias|Latias, F|100/100
|-damage|p2a: Latias|88/100|[from] Stealth Rock
|turn|32
|
|t:|1769404379
|switch|p1a: Dragonite|Dragonite, F|100/100
|move|p2a: Latias|Agility|p2a: Latias
|-boost|p2a: Latias|spe|2
|
|upkeep
|turn|33
|
|t:|1769404401
|move|p2a: Latias|Draining Kiss|p1a: Dragonite
|-supereffective|p1a: Dragonite
|-damage|p1a: Dragonite|87/100
|-heal|p2a: Latias|97/100|[from] drain|[of] p1a: Dragonite
|move|p1a: Dragonite|Encore|p2a: Latias
|-start|p2a: Latias|Encore
|
|upkeep
|turn|34
|
|t:|1769404414
|move|p2a: Latias|Draining Kiss|p1a: Dragonite
|-supereffective|p1a: Dragonite
|-damage|p1a: Dragonite|62/100
|-heal|p2a: Latias|100/100|[from] drain|[of] p1a: Dragonite
|move|p1a: Dragonite|Dragon Dance|p1a: Dragonite
|-boost|p1a: Dragonite|atk|1
|-boost|p1a: Dragonite|spe|1
|
|upkeep
|turn|35
|
|t:|1769404433
|move|p1a: Dragonite|Extreme Speed|p2a: Latias
|-damage|p2a: Latias|67/100
|-enditem|p2a: Latias|Kee Berry|[eat]
|-boost|p2a: Latias|def|1|[from] item: Kee Berry
|move|p2a: Latias|Draining Kiss|p1a: Dragonite
|-supereffective|p1a: Dragonite
|-damage|p1a: Dragonite|36/100
|-heal|p2a: Latias|84/100|[from] drain|[of] p1a: Dragonite
|
|upkeep
|turn|36
|
|t:|1769404444
|move|p1a: Dragonite|Extreme Speed|p2a: Latias
|-damage|p2a: Latias|64/100
|move|p2a: Latias|Draining Kiss|p1a: Dragonite
|-supereffective|p1a: Dragonite
|-damage|p1a: Dragonite|11/100
|-heal|p2a: Latias|81/100|[from] drain|[of] p1a: Dragonite
|
|-end|p2a: Latias|Encore
|upkeep
|turn|37
|
|t:|1769404465
|move|p2a: Latias|Draining Kiss|p1a: Dragonite
|-supereffective|p1a: Dragonite
|-damage|p1a: Dragonite|0 fnt
|-heal|p2a: Latias|88/100|[from] drain|[of] p1a: Dragonite
|faint|p1a: Dragonite
|
|upkeep
|
|t:|1769404470
|switch|p1a: Zamazenta|Zamazenta|100/100
|-ability|p1a: Zamazenta|Dauntless Shield|boost
|-boost|p1a: Zamazenta|def|1
|turn|38
|
|t:|1769404478
|move|p2a: Latias|Stored Power|p1a: Zamazenta
|-supereffective|p1a: Zamazenta
|-damage|p1a: Zamazenta|40/100
|move|p1a: Zamazenta|Crunch|p2a: Latias
|-supereffective|p2a: Latias
|-damage|p2a: Latias|46/100
|
|upkeep
|turn|39
|
|t:|1769404487
|switch|p1a: Magnezone|Magnezone, tera:Flying|20/100
|move|p2a: Latias|Draining Kiss|p1a: Magnezone
|-damage|p1a: Magnezone|2/100
|-heal|p2a: Latias|57/100|[from] drain|[of] p1a: Magnezone
|
|upkeep
|turn|40
|
|t:|1769404493
|move|p2a: Latias|Calm Mind|p2a: Latias
|-boost|p2a: Latias|spa|1
|-boost|p2a: Latias|spd|1
|move|p1a: Magnezone|Flash Cannon|p2a: Latias
|-damage|p2a: Latias|25/100
|
|upkeep
|turn|41
|
|t:|1769404508
|move|p2a: Latias|Draining Kiss|p1a: Magnezone
|-crit|p1a: Magnezone
|-damage|p1a: Magnezone|0 fnt
|-heal|p2a: Latias|26/100|[from] drain|[of] p1a: Magnezone
|faint|p1a: Magnezone
|
|upkeep
|
|t:|1769404513
|switch|p1a: Slowking|Slowking-Galar, M|100/100
|turn|42
|
|t:|1769404522
|move|p2a: Latias|Stored Power|p1a: Slowking
|-damage|p1a: Slowking|59/100
|move|p1a: Slowking|Ice Beam|p2a: Latias
|-supereffective|p2a: Latias
|-damage|p2a: Latias|6/100
|
|upkeep
|turn|43
|
|t:|1769404529
|move|p2a: Latias|Stored Power|p1a: Slowking
|-damage|p1a: Slowking|23/100
|move|p1a: Slowking|Ice Beam|p2a: Latias
|-supereffective|p2a: Latias
|-damage|p2a: Latias|0 fnt
|faint|p2a: Latias
|
|upkeep
|l| Itz J
|
|t:|1769404534
|switch|p2a: Garganacl|Garganacl, F|100/100
|-damage|p2a: Garganacl|88/100|[from] Stealth Rock
|turn|44
|
|t:|1769404539
|move|p2a: Garganacl|Iron Defense|p2a: Garganacl
|-boost|p2a: Garganacl|def|2
|move|p1a: Slowking|Future Sight|p2a: Garganacl
|-start|p1a: Slowking|move: Future Sight
|
|upkeep
|turn|45
|
|t:|1769404549
|move|p2a: Garganacl|Iron Defense|p2a: Garganacl
|-boost|p2a: Garganacl|def|2
|-prepare|p1a: Slowking|Chilly Reception|[premajor]
|move|p1a: Slowking|Chilly Reception|p1a: Slowking
|-weather|Snowscape
|
|t:|1769404557
|switch|p1a: Zamazenta|Zamazenta|40/100|[from] Chilly Reception
|
|-weather|Snowscape|[upkeep]
|upkeep
|turn|46
|
|t:|1769404561
|move|p1a: Zamazenta|Close Combat|p2a: Garganacl
|-supereffective|p2a: Garganacl
|-damage|p2a: Garganacl|47/100
|-unboost|p1a: Zamazenta|def|1
|-unboost|p1a: Zamazenta|spd|1
|move|p2a: Garganacl|Salt Cure|p1a: Zamazenta
|-resisted|p1a: Zamazenta
|-damage|p1a: Zamazenta|31/100
|-start|p1a: Zamazenta|Salt Cure
|
|-weather|Snowscape|[upkeep]
|-end|p2a: Garganacl|move: Future Sight
|-damage|p2a: Garganacl|20/100
|-damage|p1a: Zamazenta|18/100|[from] Salt Cure
|upkeep
|turn|47
|
|t:|1769404573
|move|p1a: Zamazenta|Close Combat|p2a: Garganacl
|-supereffective|p2a: Garganacl
|-damage|p2a: Garganacl|0 fnt
|-unboost|p1a: Zamazenta|def|1
|-unboost|p1a: Zamazenta|spd|1
|faint|p2a: Garganacl
|
|win|SquilliamTG
|raw|SquilliamTG's rating: 1518 &rarr; <strong>1538</strong><br />(+20 for winning)
|raw|suifenli's rating: 1523 &rarr; <strong>1503</strong><br />(-20 for losing)
|l|☆suifenli
|player|p2|
|c|☆SquilliamTG|annoying af
|l|☆SquilliamTG
|player|p1|
