|j|☆pedallo2
|j|☆justraffe
|t:|1769363270
|gametype|singles
|player|p1|pedallo2|grimsley|1480
|player|p2|justraffe|elesa-masters3|1553
|gen|9
|tier|[Gen 9] OU
|rated|
|rule|HP Percentage Mod: HP is shown in percentages
|rule|Endless Battle Clause: Forcing endless battles is banned
|rule|Species Clause: Limit one of each Pokémon
|rule|OHKO Clause: OHKO moves are banned
|rule|Evasion Items Clause: Evasion items are banned
|rule|Evasion Moves Clause: Evasion moves are banned
|rule|Evasion Abilities Clause: Evasion abilities are banned
|rule|Sleep Moves Clause: Sleep-inducing moves are banned
|clearpoke
|poke|p1|Glimmora, F|
|poke|p1|Gholdengo|
|poke|p1|Ogerpon-Wellspring, F|
|poke|p1|Kingambit, F|
|poke|p1|Iron Moth|
|poke|p1|Enamorus, F|
|poke|p2|Charjabug, F|
|poke|p2|Rotom|
|poke|p2|Quaquaval, M|
|poke|p2|Glimmora, M|
|poke|p2|Ogerpon, F|
|poke|p2|Iron Valiant|
|teampreview
|inactive|Battle timer is ON: inactive players will automatically lose when time's up. (requested by justraffe)
|
|t:|1769363280
|teamsize|p1|6
|teamsize|p2|6
|start
|switch|p1a: Glimmora|Glimmora, F|100/100
|switch|p2a: god of death|Charjabug, F|100/100
|turn|1
|
|t:|1769363289
|switch|p2a: dungus|Quaquaval, M|100/100
|move|p1a: Glimmora|Stealth Rock|p2a: dungus
|-sidestart|p2: justraffe|move: Stealth Rock
|
|upkeep
|turn|2
|
|t:|1769363300
|move|p1a: Glimmora|Mortal Spin|p2a: dungus
|-damage|p2a: dungus|92/100
|-status|p2a: dungus|psn
|move|p2a: dungus|Rapid Spin|p1a: Glimmora
|-resisted|p1a: Glimmora
|-damage|p1a: Glimmora|86/100
|-boost|p2a: dungus|spe|1
|-activate|p1a: Glimmora|ability: Toxic Debris
|-sidestart|p2: justraffe|move: Toxic Spikes
|-sideend|p2: justraffe|Toxic Spikes|[from] move: Rapid Spin|[of] p2a: dungus
|-sideend|p2: justraffe|Stealth Rock|[from] move: Rapid Spin|[of] p2a: dungus
|-damage|p2a: dungus|82/100 psn|[from] item: Life Orb
|
|-damage|p2a: dungus|70/100 psn|[from] psn
|upkeep
|turn|3
|
|t:|1769363315
|switch|p1a: Ogerpon|Ogerpon-Wellspring, F|100/100
|move|p2a: dungus|Aqua Step|p1a: Ogerpon
|-immune|p1a: Ogerpon|[from] ability: Water Absorb
|
|-damage|p2a: dungus|58/100 psn|[from] psn
|upkeep
|turn|4
|
|t:|1769363323
|switch|p1a: Glimmora|Glimmora, F|86/100
|move|p2a: dungus|Close Combat|p1a: Glimmora
|-crit|p1a: Glimmora
|-damage|p1a: Glimmora|0 fnt
|-unboost|p2a: dungus|def|1
|-unboost|p2a: dungus|spd|1
|-activate|p1a: Glimmora|ability: Toxic Debris
|-sidestart|p2: justraffe|move: Toxic Spikes
|faint|p1a: Glimmora
|-ability|p2a: dungus|Moxie|boost
|-boost|p2a: dungus|atk|1
|-damage|p2a: dungus|48/100 psn|[from] item: Life Orb
|
|-damage|p2a: dungus|36/100 psn|[from] psn
|upkeep
|
|t:|1769363341
|switch|p1a: Ogerpon|Ogerpon-Wellspring, F|100/100
|turn|5
|
|t:|1769363345
|switch|p1a: Gholdengo|Gholdengo|100/100
|-item|p1a: Gholdengo|Air Balloon
|move|p2a: dungus|Close Combat|p1a: Gholdengo
|-immune|p1a: Gholdengo
|
|-damage|p2a: dungus|24/100 psn|[from] psn
|upkeep
|turn|6
|
|t:|1769363357
|switch|p1a: Ogerpon|Ogerpon-Wellspring, F|100/100
|move|p2a: dungus|Knock Off|p1a: Ogerpon
|-damage|p1a: Ogerpon|42/100
|-damage|p2a: dungus|14/100 psn|[from] item: Life Orb
|
|-damage|p2a: dungus|1/100 psn|[from] psn
|upkeep
|turn|7
|
|t:|1769363380
|move|p2a: dungus|Knock Off|p1a: Ogerpon
|-damage|p1a: Ogerpon|0 fnt
|faint|p1a: Ogerpon
|-ability|p2a: dungus|Moxie|boost
|-boost|p2a: dungus|atk|1
|-damage|p2a: dungus|0 fnt|[from] item: Life Orb
|faint|p2a: dungus
|
|upkeep
|
|t:|1769363390
|switch|p1a: Gholdengo|Gholdengo|100/100
|switch|p2a: god of death|Charjabug, F|100/100
|-item|p1a: Gholdengo|Air Balloon
|-status|p2a: god of death|psn
|turn|8
|
|t:|1769363394
|move|p1a: Gholdengo|Shadow Ball|p2a: god of death
|-damage|p2a: god of death|71/100 psn
|move|p2a: god of death|Sticky Web|p1a: Gholdengo
|-sidestart|p1: pedallo2|move: Sticky Web
|
|-damage|p2a: god of death|59/100 psn|[from] psn
|upkeep
|turn|9
|
|t:|1769363398
|move|p1a: Gholdengo|Shadow Ball|p2a: god of death
|-damage|p2a: god of death|30/100 psn
|move|p2a: god of death|Skitter Smack|p1a: Gholdengo
|-resisted|p1a: Gholdengo
|-damage|p1a: Gholdengo|94/100
|-unboost|p1a: Gholdengo|spa|1
|-enditem|p1a: Gholdengo|Air Balloon
|
|-damage|p2a: god of death|17/100 psn|[from] psn
|upkeep
|turn|10
|
|t:|1769363405
|move|p1a: Gholdengo|Shadow Ball|p2a: god of death
|-damage|p2a: god of death|0 fnt
|faint|p2a: god of death
|
|upkeep
|
|t:|1769363424
|switch|p2a: flungus|Rotom|100/100
|turn|11
|
|t:|1769363427
|move|p2a: flungus|Shadow Ball|p1a: Gholdengo
|-supereffective|p1a: Gholdengo
|-damage|p1a: Gholdengo|0 fnt
|faint|p1a: Gholdengo
|-damage|p2a: flungus|91/100|[from] item: Life Orb
|
|upkeep
|
|t:|1769363436
|switch|p1a: Kingambit|Kingambit, F|100/100
|-activate|p1a: Kingambit|move: Sticky Web
|-unboost|p1a: Kingambit|spe|1
|-activate|p1a: Kingambit|ability: Supreme Overlord
|-start|p1a: Kingambit|fallen3|[silent]
|turn|12
|
|t:|1769363445
|move|p2a: flungus|Thunderbolt|p1a: Kingambit
|-damage|p1a: Kingambit|46/100
|-damage|p2a: flungus|81/100|[from] item: Life Orb
|move|p1a: Kingambit|Iron Head|p2a: flungus
|-resisted|p2a: flungus
|-damage|p2a: flungus|30/100
|
|upkeep
|turn|13
|
|t:|1769363452
|switch|p2a: rungus|Glimmora, M|100/100
|-sideend|p2: justraffe|move: Toxic Spikes|[of] p2a: rungus
|move|p1a: Kingambit|Sucker Punch||[still]
|-fail|p1a: Kingambit
|
|upkeep
|turn|14
|
|t:|1769363461
|-terastallize|p1a: Kingambit|Flying
|move|p2a: rungus|Earth Power|p1a: Kingambit
|-immune|p1a: Kingambit
|move|p1a: Kingambit|Iron Head|p2a: rungus
|-supereffective|p2a: rungus
|-damage|p2a: rungus|0 fnt
|-activate|p2a: rungus|ability: Toxic Debris
|-sidestart|p1: pedallo2|move: Toxic Spikes
|faint|p2a: rungus
|
|upkeep
|
|t:|1769363468
|switch|p2a: olungus|Ogerpon, F|100/100
|turn|15
|
|t:|1769363474
|-end|p1a: Kingambit|fallen3|[silent]
|switch|p1a: Iron Moth|Iron Moth|100/100
|-activate|p1a: Iron Moth|move: Sticky Web
|-unboost|p1a: Iron Moth|spe|1
|-sideend|p1: pedallo2|move: Toxic Spikes|[of] p1a: Iron Moth
|-enditem|p1a: Iron Moth|Booster Energy
|-activate|p1a: Iron Moth|ability: Quark Drive|[fromitem]
|-start|p1a: Iron Moth|quarkdrivespa
|move|p2a: olungus|Swords Dance|p2a: olungus
|-boost|p2a: olungus|atk|2
|
|upkeep
|turn|16
|
|t:|1769363486
|move|p2a: olungus|Knock Off|p1a: Iron Moth
|-damage|p1a: Iron Moth|39/100
|move|p1a: Iron Moth|Sludge Wave|p2a: olungus
|-supereffective|p2a: olungus
|-damage|p2a: olungus|0 fnt
|faint|p2a: olungus
|
|upkeep
|
|t:|1769363488
|switch|p2a: flungus|Rotom|30/100
|turn|17
|
|t:|1769363496
|move|p2a: flungus|Thunderbolt|p1a: Iron Moth
|-crit|p1a: Iron Moth
|-damage|p1a: Iron Moth|0 fnt
|faint|p1a: Iron Moth
|-end|p1a: Iron Moth|Quark Drive|[silent]
|-damage|p2a: flungus|20/100|[from] item: Life Orb
|
|upkeep
|
|t:|1769363498
|switch|p1a: Enamorus|Enamorus, F|100/100
|turn|18
|
|t:|1769363511
|move|p1a: Enamorus|Moonblast|p2a: flungus
|-damage|p2a: flungus|0 fnt
|faint|p2a: flungus
|
|upkeep
|
|t:|1769363514
|switch|p2a: vungus|Iron Valiant|100/100
|-enditem|p2a: vungus|Booster Energy
|-activate|p2a: vungus|ability: Quark Drive|[fromitem]
|-start|p2a: vungus|quarkdrivespa
|turn|19
|
|t:|1769363524
|-terastallize|p2a: vungus|Ghost
|move|p1a: Enamorus|Moonblast|p2a: vungus
|-damage|p2a: vungus|13/100
|-unboost|p2a: vungus|spa|1
|move|p2a: vungus|Moonblast|p1a: Enamorus
|-damage|p1a: Enamorus|32/100
|-boost|p1a: Enamorus|spa|1
|
|upkeep
|turn|20
|
|t:|1769363532
|move|p2a: vungus|Vacuum Wave|p1a: Enamorus
|-resisted|p1a: Enamorus
|-damage|p1a: Enamorus|25/100
|move|p1a: Enamorus|Moonblast|p2a: vungus
|-crit|p2a: vungus
|-damage|p2a: vungus|0 fnt
|faint|p2a: vungus
|-end|p2a: vungus|Quark Drive|[silent]
|
|win|pedallo2
|raw|pedallo2's rating: 1480 &rarr; <strong>1504</strong><br />(+24 for winning)
|raw|justraffe's rating: 1553 &rarr; <strong>1529</strong><br />(-24 for losing)
|l|☆justraffe
|player|p2|
|l|☆pedallo2
|player|p1|
