|j|☆114514ll45l4
|j|☆FUKNNlGERRAPlST69
|t:|1769318797
|gametype|singles
|player|p1|114514ll45l4|101|1070
|player|p2|FUKNNlGERRAPlST69|265|1119
|gen|9
|tier|[Gen 9] OU
|rated|
|rule|HP Percentage Mod: HP is shown in percentages
|rule|Endless Battle Clause: Forcing endless battles is banned
|rule|Species Clause: Limit one of each Pokémon
|rule|OHKO Clause: OHKO moves are banned
|rule|Evasion Items Clause: Evasion items are banned
|rule|Evasion Moves Clause: Evasion moves are banned
|rule|Evasion Abilities Clause: Evasion abilities are banned
|rule|Sleep Moves Clause: Sleep-inducing moves are banned
|clearpoke
|poke|p1|Donphan, F|
|poke|p1|Ting-Lu|
|poke|p1|Glimmora, F|
|poke|p1|Corviknight, F|
|poke|p1|Gliscor, M|
|poke|p1|Walking Wake|
|poke|p2|Barraskewda, M|
|poke|p2|Iron Treads|
|poke|p2|Hatterene, F|
|poke|p2|Zapdos|
|poke|p2|Pelipper, F|
|poke|p2|Toxicroak, F|
|teampreview
|
|t:|1769318803
|teamsize|p1|6
|teamsize|p2|6
|start
|switch|p1a: Glimmora|Glimmora, F|100/100
|switch|p2a: Barraskewda|Barraskewda, M, shiny|100/100
|turn|1
|
|t:|1769318811
|move|p1a: Glimmora|Spiky Shield|p1a: Glimmora
|-singleturn|p1a: Glimmora|move: Protect
|move|p2a: Barraskewda|Flip Turn|p1a: Glimmora
|-activate|p1a: Glimmora|move: Protect
|-damage|p2a: Barraskewda|88/100|[from] Spiky Shield|[of] p1a: Glimmora
|
|upkeep
|turn|2
|
|t:|1769318820
|move|p2a: Barraskewda|Flip Turn|p1a: Glimmora
|-supereffective|p1a: Glimmora
|-damage|p1a: Glimmora|24/100
|-activate|p1a: Glimmora|ability: Toxic Debris
|-sidestart|p2: FUKNNlGERRAPlST69|move: Toxic Spikes
|
|t:|1769318826
|switch|p2a: Iron Treads|Iron Treads, shiny|100/100|[from] Flip Turn
|move|p1a: Glimmora|Spikes|p2a: Iron Treads
|-sidestart|p2: FUKNNlGERRAPlST69|Spikes
|
|upkeep
|turn|3
|
|t:|1769318833
|move|p1a: Glimmora|Spiky Shield|p1a: Glimmora
|-singleturn|p1a: Glimmora|move: Protect
|move|p2a: Iron Treads|Rapid Spin|p1a: Glimmora
|-activate|p1a: Glimmora|move: Protect
|-damage|p2a: Iron Treads|88/100|[from] Spiky Shield|[of] p1a: Glimmora
|
|-heal|p2a: Iron Treads|94/100|[from] item: Leftovers
|upkeep
|turn|4
|
|t:|1769318856
|switch|p1a: Walking Wake|Walking Wake|100/100
|-enditem|p1a: Walking Wake|Booster Energy
|-activate|p1a: Walking Wake|ability: Protosynthesis|[fromitem]
|-start|p1a: Walking Wake|protosynthesisspa
|move|p2a: Iron Treads|Rapid Spin|p1a: Walking Wake
|-damage|p1a: Walking Wake|87/100
|-boost|p2a: Iron Treads|spe|1
|-sideend|p2: FUKNNlGERRAPlST69|Spikes|[from] move: Rapid Spin|[of] p2a: Iron Treads
|-sideend|p2: FUKNNlGERRAPlST69|Toxic Spikes|[from] move: Rapid Spin|[of] p2a: Iron Treads
|
|-heal|p2a: Iron Treads|100/100|[from] item: Leftovers
|upkeep
|turn|5
|
|t:|1769318868
|move|p2a: Iron Treads|Volt Switch|p1a: Walking Wake
|-damage|p1a: Walking Wake|73/100
|
|t:|1769318871
|-end|p2a: Iron Treads|Quark Drive|[silent]
|switch|p2a: Toxicroak|Toxicroak, F, shiny|100/100|[from] Volt Switch
|move|p1a: Walking Wake|Dragon Dance|p1a: Walking Wake
|-boost|p1a: Walking Wake|atk|1
|-boost|p1a: Walking Wake|spe|1
|
|upkeep
|turn|6
|
|t:|1769318884
|move|p1a: Walking Wake|Dragon Pulse|p2a: Toxicroak
|-damage|p2a: Toxicroak|26/100
|move|p2a: Toxicroak|Drain Punch|p1a: Walking Wake
|-damage|p1a: Walking Wake|45/100
|-heal|p2a: Toxicroak|40/100|[from] drain|[of] p1a: Walking Wake
|
|upkeep
|turn|7
|
|t:|1769318894
|move|p1a: Walking Wake|Flamethrower|p2a: Toxicroak
|-damage|p2a: Toxicroak|0 fnt
|faint|p2a: Toxicroak
|
|upkeep
|
|t:|1769318896
|switch|p2a: Pelipper|Pelipper, F, shiny|100/100
|-weather|RainDance|[from] ability: Drizzle|[of] p2a: Pelipper
|turn|8
|
|t:|1769318906
|switch|p2a: Hatterene|Hatterene, F, shiny|100/100
|move|p1a: Walking Wake|Dragon Pulse|p2a: Hatterene
|-immune|p2a: Hatterene
|
|-weather|RainDance|[upkeep]
|upkeep
|turn|9
|
|t:|1769318913
|move|p1a: Walking Wake|Hydro Steam|p2a: Hatterene
|-damage|p2a: Hatterene|22/100
|-enditem|p2a: Hatterene|Eject Button
|
|t:|1769318917
|switch|p2a: Barraskewda|Barraskewda, M, shiny|88/100
|
|-weather|RainDance|[upkeep]
|upkeep
|turn|10
|
|t:|1769318925
|move|p2a: Barraskewda|Close Combat|p1a: Walking Wake
|-damage|p1a: Walking Wake|0 fnt
|-unboost|p2a: Barraskewda|def|1
|-unboost|p2a: Barraskewda|spd|1
|faint|p1a: Walking Wake
|-end|p1a: Walking Wake|Protosynthesis|[silent]
|
|-weather|RainDance|[upkeep]
|upkeep
|
|t:|1769318933
|switch|p1a: Glimmora|Glimmora, F|24/100
|turn|11
|
|t:|1769318936
|move|p1a: Glimmora|Spiky Shield|p1a: Glimmora
|-singleturn|p1a: Glimmora|move: Protect
|move|p2a: Barraskewda|Close Combat|p1a: Glimmora
|-activate|p1a: Glimmora|move: Protect
|-damage|p2a: Barraskewda|76/100|[from] Spiky Shield|[of] p1a: Glimmora
|
|-weather|RainDance|[upkeep]
|upkeep
|turn|12
|
|t:|1769318946
|switch|p2a: Iron Treads|Iron Treads, shiny|100/100
|move|p1a: Glimmora|Spikes|p2a: Iron Treads
|-sidestart|p2: FUKNNlGERRAPlST69|Spikes
|
|-weather|RainDance|[upkeep]
|upkeep
|turn|13
|
|t:|1769318954
|move|p1a: Glimmora|Spiky Shield|p1a: Glimmora
|-singleturn|p1a: Glimmora|move: Protect
|move|p2a: Iron Treads|Stealth Rock|p1a: Glimmora
|-sidestart|p1: 114514ll45l4|move: Stealth Rock
|
|-weather|RainDance|[upkeep]
|upkeep
|turn|14
|
|t:|1769318962
|switch|p1a: Corviknight|Corviknight, F|100/100
|-damage|p1a: Corviknight|88/100|[from] Stealth Rock
|move|p2a: Iron Treads|Rapid Spin|p1a: Corviknight
|-resisted|p1a: Corviknight
|-damage|p1a: Corviknight|84/100
|-boost|p2a: Iron Treads|spe|1
|-sideend|p2: FUKNNlGERRAPlST69|Spikes|[from] move: Rapid Spin|[of] p2a: Iron Treads
|
|-weather|RainDance|[upkeep]
|-heal|p1a: Corviknight|90/100|[from] item: Leftovers
|upkeep
|turn|15
|
|t:|1769318974
|move|p2a: Iron Treads|Volt Switch|p1a: Corviknight
|-supereffective|p1a: Corviknight
|-damage|p1a: Corviknight|70/100
|
|t:|1769318979
|-end|p2a: Iron Treads|Quark Drive|[silent]
|switch|p2a: Zapdos|Zapdos, shiny|100/100|[from] Volt Switch
|move|p1a: Corviknight|Defog|p2a: Zapdos
|-unboost|p2a: Zapdos|evasion|1
|-sideend|p1: 114514ll45l4|Stealth Rock|[from] move: Defog|[of] p1a: Corviknight
|
|-weather|none
|-heal|p1a: Corviknight|76/100|[from] item: Leftovers
|upkeep
|turn|16
|
|t:|1769318991
|switch|p2a: Pelipper|Pelipper, F, shiny|100/100
|-weather|RainDance|[from] ability: Drizzle|[of] p2a: Pelipper
|switch|p1a: Gliscor|Gliscor, M|100/100
|
|-weather|RainDance|[upkeep]
|-status|p1a: Gliscor|tox|[from] item: Toxic Orb
|upkeep
|turn|17
|
|t:|1769319002
|switch|p2a: Hatterene|Hatterene, F, shiny|22/100
|move|p1a: Gliscor|Protect||[still]
|-fail|p1a: Gliscor
|
|-weather|RainDance|[upkeep]
|upkeep
|turn|18
|
|t:|1769319009
|move|p1a: Gliscor|Swords Dance|p1a: Gliscor
|-boost|p1a: Gliscor|atk|2
|move|p2a: Hatterene|Psychic Noise|p1a: Gliscor
|-damage|p1a: Gliscor|52/100 tox
|-start|p1a: Gliscor|move: Heal Block
|
|-weather|RainDance|[upkeep]
|upkeep
|turn|19
|
|t:|1769319021
|move|p1a: Gliscor|Knock Off|p2a: Hatterene
|-damage|p2a: Hatterene|0 fnt
|faint|p2a: Hatterene
|
|-weather|RainDance|[upkeep]
|-end|p1a: Gliscor|move: Heal Block
|upkeep
|
|t:|1769319026
|switch|p2a: Barraskewda|Barraskewda, M, shiny|76/100
|turn|20
|
|t:|1769319031
|move|p1a: Gliscor|Protect|p1a: Gliscor
|-singleturn|p1a: Gliscor|Protect
|move|p2a: Barraskewda|Liquidation|p1a: Gliscor
|-activate|p1a: Gliscor|move: Protect
|
|-weather|RainDance|[upkeep]
|-heal|p1a: Gliscor|64/100 tox|[from] ability: Poison Heal
|upkeep
|turn|21
|
|t:|1769319043
|-terastallize|p2a: Barraskewda|Water
|move|p2a: Barraskewda|Liquidation|p1a: Gliscor
|-supereffective|p1a: Gliscor
|-damage|p1a: Gliscor|0 fnt
|faint|p1a: Gliscor
|
|-weather|RainDance|[upkeep]
|upkeep
|
|t:|1769319053
|switch|p1a: Glimmora|Glimmora, F|24/100
|turn|22
|
|t:|1769319059
|switch|p2a: Iron Treads|Iron Treads, shiny|100/100
|move|p1a: Glimmora|Spiky Shield||[still]
|-fail|p1a: Glimmora
|
|-weather|RainDance|[upkeep]
|upkeep
|turn|23
|
|t:|1769319078
|switch|p1a: Donphan|Donphan, F|100/100
|move|p2a: Iron Treads|Rapid Spin|p1a: Donphan
|-damage|p1a: Donphan|91/100
|-boost|p2a: Iron Treads|spe|1
|
|-weather|none
|upkeep
|turn|24
|
|t:|1769319096
|-end|p2a: Iron Treads|Quark Drive|[silent]
|switch|p2a: Pelipper|Pelipper, F, shiny|100/100
|-weather|RainDance|[from] ability: Drizzle|[of] p2a: Pelipper
|move|p1a: Donphan|Ice Spinner|p2a: Pelipper
|-damage|p2a: Pelipper|78/100
|
|-weather|RainDance|[upkeep]
|upkeep
|turn|25
|
|t:|1769319113
|switch|p1a: Glimmora|Glimmora, F|24/100
|move|p2a: Pelipper|U-turn|p1a: Glimmora
|-resisted|p1a: Glimmora
|-damage|p1a: Glimmora|21/100
|-activate|p1a: Glimmora|ability: Toxic Debris
|-sidestart|p2: FUKNNlGERRAPlST69|move: Toxic Spikes
|
|t:|1769319118
|switch|p2a: Zapdos|Zapdos, shiny|100/100|[from] U-turn
|
|-weather|RainDance|[upkeep]
|upkeep
|turn|26
|
|t:|1769319127
|move|p2a: Zapdos|Weather Ball|p1a: Glimmora
|-supereffective|p1a: Glimmora
|-damage|p1a: Glimmora|0 fnt
|faint|p1a: Glimmora
|
|-weather|RainDance|[upkeep]
|upkeep
|
|t:|1769319136
|switch|p1a: Corviknight|Corviknight, F|76/100
|turn|27
|
|t:|1769319143
|switch|p2a: Iron Treads|Iron Treads, shiny|100/100
|move|p1a: Corviknight|Defog|p2a: Iron Treads
|-unboost|p2a: Iron Treads|evasion|1
|-sideend|p2: FUKNNlGERRAPlST69|Toxic Spikes|[from] move: Defog|[of] p1a: Corviknight
|
|-weather|RainDance|[upkeep]
|-heal|p1a: Corviknight|82/100|[from] item: Leftovers
|upkeep
|turn|28
|
|t:|1769319154
|move|p2a: Iron Treads|Stealth Rock|p1a: Corviknight
|-sidestart|p1: 114514ll45l4|move: Stealth Rock
|move|p1a: Corviknight|U-turn|p2a: Iron Treads
|-resisted|p2a: Iron Treads
|-damage|p2a: Iron Treads|95/100
|
|t:|1769319160
|switch|p1a: Donphan|Donphan, F|91/100|[from] U-turn
|-damage|p1a: Donphan|85/100|[from] Stealth Rock
|
|-weather|RainDance|[upkeep]
|-heal|p2a: Iron Treads|100/100|[from] item: Leftovers
|upkeep
|turn|29
|
|t:|1769319171
|-end|p2a: Iron Treads|Quark Drive|[silent]
|switch|p2a: Pelipper|Pelipper, F, shiny|78/100
|move|p1a: Donphan|Rapid Spin|p2a: Pelipper
|-damage|p2a: Pelipper|65/100
|-boost|p1a: Donphan|spe|1
|-sideend|p1: 114514ll45l4|Stealth Rock|[from] move: Rapid Spin|[of] p1a: Donphan
|
|-weather|RainDance|[upkeep]
|upkeep
|turn|30
|
|t:|1769319180
|move|p1a: Donphan|Stealth Rock|p2a: Pelipper
|-sidestart|p2: FUKNNlGERRAPlST69|move: Stealth Rock
|move|p2a: Pelipper|Roost|p2a: Pelipper
|-heal|p2a: Pelipper|100/100
|-singleturn|p2a: Pelipper|move: Roost
|
|-weather|RainDance|[upkeep]
|upkeep
|turn|31
|
|t:|1769319190
|move|p1a: Donphan|Ice Spinner|p2a: Pelipper
|-damage|p2a: Pelipper|78/100
|move|p2a: Pelipper|U-turn|p1a: Donphan
|-damage|p1a: Donphan|78/100
|
|t:|1769319198
|switch|p2a: Barraskewda|Barraskewda, M, shiny, tera:Water|76/100|[from] U-turn
|-damage|p2a: Barraskewda|64/100|[from] Stealth Rock
|
|-weather|none
|upkeep
|turn|32
|
|t:|1769319206
|switch|p1a: Corviknight|Corviknight, F|82/100
|move|p2a: Barraskewda|Flip Turn|p1a: Corviknight
|-damage|p1a: Corviknight|40/100
|
|t:|1769319213
|switch|p2a: Iron Treads|Iron Treads, shiny|100/100|[from] Flip Turn
|-damage|p2a: Iron Treads|97/100|[from] Stealth Rock
|
|-heal|p2a: Iron Treads|100/100|[from] item: Leftovers
|-heal|p1a: Corviknight|47/100|[from] item: Leftovers
|upkeep
|turn|33
|
|t:|1769319222
|move|p2a: Iron Treads|Rapid Spin|p1a: Corviknight
|-resisted|p1a: Corviknight
|-crit|p1a: Corviknight
|-damage|p1a: Corviknight|41/100
|-boost|p2a: Iron Treads|spe|1
|-sideend|p2: FUKNNlGERRAPlST69|Stealth Rock|[from] move: Rapid Spin|[of] p2a: Iron Treads
|move|p1a: Corviknight|Roost|p1a: Corviknight
|-heal|p1a: Corviknight|91/100
|-singleturn|p1a: Corviknight|move: Roost
|
|-heal|p1a: Corviknight|97/100|[from] item: Leftovers
|upkeep
|turn|34
|
|t:|1769319234
|-end|p2a: Iron Treads|Quark Drive|[silent]
|switch|p2a: Pelipper|Pelipper, F, shiny|78/100
|-weather|RainDance|[from] ability: Drizzle|[of] p2a: Pelipper
|move|p1a: Corviknight|U-turn|p2a: Pelipper
|-resisted|p2a: Pelipper
|-damage|p2a: Pelipper|72/100
|
|t:|1769319241
|switch|p1a: Donphan|Donphan, F|78/100|[from] U-turn
|
|-weather|RainDance|[upkeep]
|upkeep
|turn|35
|
|t:|1769319248
|move|p2a: Pelipper|Knock Off|p1a: Donphan
|-damage|p1a: Donphan|68/100
|-enditem|p1a: Donphan|Custap Berry|[from] move: Knock Off|[of] p2a: Pelipper
|move|p1a: Donphan|Stealth Rock|p2a: Pelipper
|-sidestart|p2: FUKNNlGERRAPlST69|move: Stealth Rock
|
|-weather|RainDance|[upkeep]
|upkeep
|turn|36
|
|t:|1769319260
|move|p2a: Pelipper|Hurricane|p1a: Donphan
|-damage|p1a: Donphan|11/100
|move|p1a: Donphan|Ice Spinner|p2a: Pelipper
|-crit|p2a: Pelipper
|-damage|p2a: Pelipper|39/100
|
|-weather|RainDance|[upkeep]
|upkeep
|turn|37
|
|t:|1769319270
|move|p2a: Pelipper|Roost|p2a: Pelipper
|-heal|p2a: Pelipper|89/100
|-singleturn|p2a: Pelipper|move: Roost
|move|p1a: Donphan|High Horsepower|p2a: Pelipper
|-damage|p2a: Pelipper|47/100
|
|-weather|RainDance|[upkeep]
|upkeep
|turn|38
|
|t:|1769319281
|move|p2a: Pelipper|Roost|p2a: Pelipper
|-heal|p2a: Pelipper|97/100
|-singleturn|p2a: Pelipper|move: Roost
|move|p1a: Donphan|High Horsepower|p2a: Pelipper
|-damage|p2a: Pelipper|58/100
|
|-weather|RainDance|[upkeep]
|upkeep
|turn|39
|
|t:|1769319291
|move|p2a: Pelipper|Hurricane|p1a: Donphan
|-crit|p1a: Donphan
|-damage|p1a: Donphan|0 fnt
|faint|p1a: Donphan
|
|-weather|RainDance|[upkeep]
|upkeep
|
|t:|1769319298
|switch|p1a: Ting-Lu|Ting-Lu|100/100
|-ability|p1a: Ting-Lu|Vessel of Ruin
|turn|40
|
|t:|1769319304
|move|p2a: Pelipper|Roost|p2a: Pelipper
|-heal|p2a: Pelipper|100/100
|-singleturn|p2a: Pelipper|move: Roost
|move|p1a: Ting-Lu|Spikes|p2a: Pelipper
|-sidestart|p2: FUKNNlGERRAPlST69|Spikes
|
|-weather|RainDance|[upkeep]
|upkeep
|turn|41
|
|t:|1769319314
|move|p2a: Pelipper|Knock Off|p1a: Ting-Lu
|-resisted|p1a: Ting-Lu
|-damage|p1a: Ting-Lu|98/100
|-enditem|p1a: Ting-Lu|Leftovers|[from] move: Knock Off|[of] p2a: Pelipper
|move|p1a: Ting-Lu|Whirlwind|p2a: Pelipper
|drag|p2a: Iron Treads|Iron Treads, shiny|100/100
|-damage|p2a: Iron Treads|97/100|[from] Stealth Rock
|-damage|p2a: Iron Treads|85/100|[from] Spikes
|
|-weather|none
|-heal|p2a: Iron Treads|91/100|[from] item: Leftovers
|upkeep
|turn|42
|
|t:|1769319327
|move|p2a: Iron Treads|Rapid Spin|p1a: Ting-Lu
|-crit|p1a: Ting-Lu
|-damage|p1a: Ting-Lu|91/100
|-boost|p2a: Iron Treads|spe|1
|-sideend|p2: FUKNNlGERRAPlST69|Spikes|[from] move: Rapid Spin|[of] p2a: Iron Treads
|-sideend|p2: FUKNNlGERRAPlST69|Stealth Rock|[from] move: Rapid Spin|[of] p2a: Iron Treads
|move|p1a: Ting-Lu|Ruination|p2a: Iron Treads
|-damage|p2a: Iron Treads|46/100
|
|-heal|p2a: Iron Treads|52/100|[from] item: Leftovers
|upkeep
|turn|43
|
|t:|1769319339
|-end|p2a: Iron Treads|Quark Drive|[silent]
|switch|p2a: Pelipper|Pelipper, F, shiny|100/100
|-weather|RainDance|[from] ability: Drizzle|[of] p2a: Pelipper
|move|p1a: Ting-Lu|Spikes|p2a: Pelipper
|-sidestart|p2: FUKNNlGERRAPlST69|Spikes
|
|-weather|RainDance|[upkeep]
|upkeep
|turn|44
|
|t:|1769319347
|move|p2a: Pelipper|U-turn|p1a: Ting-Lu
|-supereffective|p1a: Ting-Lu
|-damage|p1a: Ting-Lu|82/100
|
|t:|1769319351
|switch|p2a: Zapdos|Zapdos, shiny|100/100|[from] U-turn
|move|p1a: Ting-Lu|Ruination|p2a: Zapdos
|-damage|p2a: Zapdos|51/100
|
|-weather|RainDance|[upkeep]
|upkeep
|turn|45
|
|t:|1769319360
|move|p2a: Zapdos|Weather Ball|p1a: Ting-Lu
|-supereffective|p1a: Ting-Lu
|-damage|p1a: Ting-Lu|0 fnt
|faint|p1a: Ting-Lu
|
|-weather|RainDance|[upkeep]
|upkeep
|
|t:|1769319368
|switch|p1a: Corviknight|Corviknight, F|97/100
|turn|46
|
|t:|1769319373
|move|p2a: Zapdos|Weather Ball|p1a: Corviknight
|-damage|p1a: Corviknight|22/100
|move|p1a: Corviknight|Drill Peck|p2a: Zapdos
|-resisted|p2a: Zapdos
|-crit|p2a: Zapdos
|-damage|p2a: Zapdos|28/100
|-status|p1a: Corviknight|par|[from] ability: Static|[of] p2a: Zapdos
|
|-weather|RainDance|[upkeep]
|-heal|p1a: Corviknight|28/100 par|[from] item: Leftovers
|upkeep
|turn|47
|inactive|Battle timer is ON: inactive players will automatically lose when time's up. (requested by FUKNNlGERRAPlST69)
|
|t:|1769319385
|-terastallize|p1a: Corviknight|Flying
|move|p2a: Zapdos|Weather Ball|p1a: Corviknight
|-damage|p1a: Corviknight|0 fnt
|faint|p1a: Corviknight
|
|win|FUKNNlGERRAPlST69
|raw|114514ll45l4's rating: 1070 &rarr; <strong>1054</strong><br />(-16 for losing)
|raw|FUKNNlGERRAPlST69's rating: 1141 &rarr; <strong>1161</strong><br />(+20 for winning)
|l|☆114514ll45l4
|player|p1|
