|j|☆CambridgeFoulPlay
|j|☆rblt ryo
|t:|1769366439
|gametype|singles
|player|p1|CambridgeFoulPlay|266|1676
|player|p2|rblt ryo|dawn|1789
|gen|9
|tier|[Gen 9] OU
|rated|
|rule|HP Percentage Mod: HP is shown in percentages
|rule|Endless Battle Clause: Forcing endless battles is banned
|rule|Species Clause: Limit one of each Pokémon
|rule|OHKO Clause: OHKO moves are banned
|rule|Evasion Items Clause: Evasion items are banned
|rule|Evasion Moves Clause: Evasion moves are banned
|rule|Evasion Abilities Clause: Evasion abilities are banned
|rule|Sleep Moves Clause: Sleep-inducing moves are banned
|clearpoke
|poke|p1|Hydrapple, M|
|poke|p1|Tyranitar, F|
|poke|p1|Moltres|
|poke|p1|Zamazenta-*|
|poke|p1|Slowking-Galar, F|
|poke|p1|Excadrill, F|
|poke|p2|Metagross|
|poke|p2|Keldeo-Resolute|
|poke|p2|Ting-Lu|
|poke|p2|Pecharunt|
|poke|p2|Dragapult, M|
|poke|p2|Zapdos|
|teampreview
|c|☆CambridgeFoulPlay|hf
|inactive|Battle timer is ON: inactive players will automatically lose when time's up. (requested by CambridgeFoulPlay)
|
|t:|1769366466
|teamsize|p1|6
|teamsize|p2|6
|start
|switch|p1a: Hydrapple|Hydrapple, M|100/100
|switch|p2a: Keldeo|Keldeo-Resolute, shiny|100/100
|turn|1
|
|t:|1769366473
|move|p2a: Keldeo|Flip Turn|p1a: Hydrapple
|-resisted|p1a: Hydrapple
|-damage|p1a: Hydrapple|99/100
|
|t:|1769366477
|switch|p2a: Zapdos|Zapdos|100/100|[from] Flip Turn
|move|p1a: Hydrapple|Nasty Plot|p1a: Hydrapple
|-boost|p1a: Hydrapple|spa|2
|
|upkeep
|turn|2
|
|t:|1769366486
|-terastallize|p1a: Hydrapple|Poison
|move|p2a: Zapdos|Hurricane|p1a: Hydrapple
|-damage|p1a: Hydrapple|42/100
|move|p1a: Hydrapple|Fickle Beam|p2a: Zapdos
|-damage|p2a: Zapdos|26/100
|
|upkeep
|turn|3
|
|t:|1769366495
|switch|p1a: Tyranitar|Tyranitar, F|100/100
|-weather|Sandstorm|[from] ability: Sand Stream|[of] p1a: Tyranitar
|move|p2a: Zapdos|Volt Switch|p1a: Tyranitar
|-damage|p1a: Tyranitar|85/100
|
|t:|1769366501
|switch|p2a: Keldeo|Keldeo-Resolute, shiny|100/100|[from] Volt Switch
|
|-weather|Sandstorm|[upkeep]
|-damage|p2a: Keldeo|94/100|[from] Sandstorm
|upkeep
|turn|4
|
|t:|1769366507
|switch|p1a: Slowking|Slowking-Galar, F|100/100
|-terastallize|p2a: Keldeo|Water
|move|p2a: Keldeo|Surf|p1a: Slowking
|-damage|p1a: Slowking|47/100
|
|-weather|Sandstorm|[upkeep]
|-damage|p2a: Keldeo|88/100|[from] Sandstorm
|-damage|p1a: Slowking|41/100|[from] Sandstorm
|upkeep
|turn|5
|
|t:|1769366518
|switch|p1a: Tyranitar|Tyranitar, F|85/100
|move|p2a: Keldeo|Surf|p1a: Tyranitar
|-supereffective|p1a: Tyranitar
|-damage|p1a: Tyranitar|12/100
|
|-weather|Sandstorm|[upkeep]
|-damage|p2a: Keldeo|82/100|[from] Sandstorm
|upkeep
|turn|6
|
|t:|1769366522
|move|p2a: Keldeo|Surf|p1a: Tyranitar
|-supereffective|p1a: Tyranitar
|-damage|p1a: Tyranitar|0 fnt
|faint|p1a: Tyranitar
|
|-weather|Sandstorm|[upkeep]
|-damage|p2a: Keldeo|76/100|[from] Sandstorm
|upkeep
|
|t:|1769366524
|switch|p1a: Zamazenta|Zamazenta|100/100
|-ability|p1a: Zamazenta|Dauntless Shield|boost
|-boost|p1a: Zamazenta|def|1
|turn|7
|
|t:|1769366531
|switch|p2a: Pecharunt|Pecharunt|100/100
|move|p1a: Zamazenta|Body Press|p2a: Pecharunt
|-immune|p2a: Pecharunt
|
|-weather|Sandstorm|[upkeep]
|-damage|p1a: Zamazenta|94/100|[from] Sandstorm
|-damage|p2a: Pecharunt|94/100|[from] Sandstorm
|-heal|p1a: Zamazenta|100/100|[from] item: Leftovers
|upkeep
|turn|8
|
|t:|1769366539
|move|p1a: Zamazenta|Crunch|p2a: Pecharunt
|-supereffective|p2a: Pecharunt
|-damage|p2a: Pecharunt|74/100
|-unboost|p2a: Pecharunt|def|1
|move|p2a: Pecharunt|Parting Shot|p1a: Zamazenta
|-unboost|p1a: Zamazenta|atk|1
|-unboost|p1a: Zamazenta|spa|1
|
|t:|1769366543
|switch|p2a: Zapdos|Zapdos|26/100|[from] Parting Shot
|
|-weather|Sandstorm|[upkeep]
|-damage|p1a: Zamazenta|94/100|[from] Sandstorm
|-damage|p2a: Zapdos|20/100|[from] Sandstorm
|-heal|p1a: Zamazenta|100/100|[from] item: Leftovers
|upkeep
|turn|9
|
|t:|1769366548
|move|p1a: Zamazenta|Body Press|p2a: Zapdos
|-resisted|p2a: Zapdos
|-damage|p2a: Zapdos|0 fnt
|faint|p2a: Zapdos
|
|-weather|Sandstorm|[upkeep]
|-damage|p1a: Zamazenta|94/100|[from] Sandstorm
|-heal|p1a: Zamazenta|100/100|[from] item: Leftovers
|upkeep
|
|t:|1769366554
|switch|p2a: Pecharunt|Pecharunt|74/100
|turn|10
|
|t:|1769366561
|move|p1a: Zamazenta|Iron Defense|p1a: Zamazenta
|-boost|p1a: Zamazenta|def|2
|move|p2a: Pecharunt|Parting Shot|p1a: Zamazenta
|-unboost|p1a: Zamazenta|atk|1
|-unboost|p1a: Zamazenta|spa|1
|
|t:|1769366568
|switch|p2a: Dragapult|Dragapult, M|100/100|[from] Parting Shot
|
|-weather|none
|upkeep
|turn|11
|
|t:|1769366574
|switch|p2a: Pecharunt|Pecharunt|74/100
|move|p1a: Zamazenta|Crunch|p2a: Pecharunt
|-supereffective|p2a: Pecharunt
|-crit|p2a: Pecharunt
|-damage|p2a: Pecharunt|42/100
|
|upkeep
|turn|12
|
|t:|1769366582
|switch|p1a: Hydrapple|Hydrapple, M, tera:Poison|76/100
|move|p2a: Pecharunt|Recover|p2a: Pecharunt
|-heal|p2a: Pecharunt|92/100
|
|upkeep
|turn|13
|
|t:|1769366587
|move|p2a: Pecharunt|Parting Shot|p1a: Hydrapple
|-unboost|p1a: Hydrapple|atk|1
|-unboost|p1a: Hydrapple|spa|1
|
|t:|1769366590
|switch|p2a: Metagross|Metagross, shiny|100/100|[from] Parting Shot
|move|p1a: Hydrapple|Giga Drain|p2a: Metagross
|-resisted|p2a: Metagross
|-damage|p2a: Metagross|92/100
|-heal|p1a: Hydrapple|79/100|[from] drain|[of] p2a: Metagross
|
|upkeep
|turn|14
|
|t:|1769366598
|switch|p2a: Keldeo|Keldeo-Resolute, shiny, tera:Water|76/100
|switch|p1a: Zamazenta|Zamazenta|100/100
|
|upkeep
|turn|15
|
|t:|1769366608
|switch|p2a: Pecharunt|Pecharunt|92/100
|move|p1a: Zamazenta|Body Press|p2a: Pecharunt
|-immune|p2a: Pecharunt
|
|upkeep
|turn|16
|
|t:|1769366614
|move|p1a: Zamazenta|Iron Defense|p1a: Zamazenta
|-boost|p1a: Zamazenta|def|2
|move|p2a: Pecharunt|Malignant Chain|p1a: Zamazenta
|-damage|p1a: Zamazenta|71/100
|-status|p1a: Zamazenta|tox
|-start|p1a: Zamazenta|confusion|[from] ability: Poison Puppeteer|[of] p2a: Pecharunt
|
|-heal|p1a: Zamazenta|77/100 tox|[from] item: Leftovers
|-damage|p1a: Zamazenta|71/100 tox|[from] psn
|upkeep
|turn|17
|
|t:|1769366619
|move|p2a: Pecharunt|Parting Shot|p1a: Zamazenta
|-unboost|p1a: Zamazenta|atk|1
|-unboost|p1a: Zamazenta|spa|1
|
|t:|1769366623
|switch|p2a: Dragapult|Dragapult, M|100/100|[from] Parting Shot
|-activate|p1a: Zamazenta|confusion
|move|p1a: Zamazenta|Roar|p2a: Dragapult
|drag|p2a: Metagross|Metagross, shiny|92/100
|
|-heal|p1a: Zamazenta|77/100 tox|[from] item: Leftovers
|-damage|p1a: Zamazenta|64/100 tox|[from] psn
|upkeep
|turn|18
|
|t:|1769366633
|switch|p2a: Pecharunt|Pecharunt|92/100
|-activate|p1a: Zamazenta|confusion
|-damage|p1a: Zamazenta|61/100 tox|[from] confusion
|
|-heal|p1a: Zamazenta|68/100 tox|[from] item: Leftovers
|-damage|p1a: Zamazenta|49/100 tox|[from] psn
|upkeep
|turn|19
|
|t:|1769366639
|-activate|p1a: Zamazenta|confusion
|-damage|p1a: Zamazenta|46/100 tox|[from] confusion
|move|p2a: Pecharunt|Malignant Chain|p1a: Zamazenta
|-damage|p1a: Zamazenta|15/100 tox
|
|-heal|p1a: Zamazenta|21/100 tox|[from] item: Leftovers
|-damage|p1a: Zamazenta|0 fnt|[from] psn
|faint|p1a: Zamazenta
|upkeep
|
|t:|1769366641
|switch|p1a: Hydrapple|Hydrapple, M, tera:Poison|100/100
|turn|20
|
|t:|1769366650
|move|p2a: Pecharunt|Parting Shot|p1a: Hydrapple
|-unboost|p1a: Hydrapple|atk|1
|-unboost|p1a: Hydrapple|spa|1
|
|t:|1769366653
|switch|p2a: Metagross|Metagross, shiny|92/100|[from] Parting Shot
|move|p1a: Hydrapple|Nasty Plot|p1a: Hydrapple
|-boost|p1a: Hydrapple|spa|2
|
|upkeep
|turn|21
|
|t:|1769366660
|move|p2a: Metagross|Brick Break|p1a: Hydrapple
|-resisted|p1a: Hydrapple
|-damage|p1a: Hydrapple|91/100
|move|p1a: Hydrapple|Earth Power|p2a: Metagross
|-supereffective|p2a: Metagross
|-damage|p2a: Metagross|41/100
|
|upkeep
|turn|22
|
|t:|1769366666
|switch|p1a: Moltres|Moltres|100/100
|move|p2a: Metagross|Zen Headbutt|p1a: Moltres
|-damage|p1a: Moltres|70/100
|-status|p2a: Metagross|brn|[from] ability: Flame Body|[of] p1a: Moltres
|
|-damage|p2a: Metagross|35/100 brn|[from] brn
|upkeep
|turn|23
|
|t:|1769366675
|move|p1a: Moltres|U-turn|p2a: Metagross
|-damage|p2a: Metagross|24/100 brn
|
|t:|1769366677
|switch|p1a: Hydrapple|Hydrapple, M, tera:Poison|100/100|[from] U-turn
|move|p2a: Metagross|Knock Off|p1a: Hydrapple
|-damage|p1a: Hydrapple|90/100
|-enditem|p1a: Hydrapple|Heavy-Duty Boots|[from] move: Knock Off|[of] p2a: Metagross
|
|-damage|p2a: Metagross|18/100 brn|[from] brn
|upkeep
|turn|24
|c|☆rblt ryo|That was a bad misclick
|c|☆rblt ryo|I always misckick on phone
|
|t:|1769366701
|switch|p1a: Slowking|Slowking-Galar, F|74/100
|move|p2a: Metagross|Knock Off|p1a: Slowking
|-supereffective|p1a: Slowking
|-damage|p1a: Slowking|44/100
|-enditem|p1a: Slowking|Assault Vest|[from] move: Knock Off|[of] p2a: Metagross
|
|-damage|p2a: Metagross|11/100 brn|[from] brn
|upkeep
|turn|25
|
|t:|1769366706
|switch|p1a: Hydrapple|Hydrapple, M, tera:Poison|100/100
|move|p2a: Metagross|Knock Off|p1a: Hydrapple
|-damage|p1a: Hydrapple|93/100
|
|-damage|p2a: Metagross|5/100 brn|[from] brn
|upkeep
|turn|26
|
|t:|1769366710
|switch|p1a: Moltres|Moltres|70/100
|move|p2a: Metagross|Zen Headbutt|p1a: Moltres
|-damage|p1a: Moltres|52/100
|
|-damage|p2a: Metagross|0 fnt|[from] brn
|faint|p2a: Metagross
|upkeep
|
|t:|1769366714
|switch|p2a: Keldeo|Keldeo-Resolute, shiny, tera:Water|76/100
|turn|27
|
|t:|1769366717
|move|p2a: Keldeo|Surf|p1a: Moltres
|-supereffective|p1a: Moltres
|-damage|p1a: Moltres|0 fnt
|faint|p1a: Moltres
|
|upkeep
|
|t:|1769366719
|switch|p1a: Hydrapple|Hydrapple, M, tera:Poison|100/100
|turn|28
|
|t:|1769366731
|move|p2a: Keldeo|Surf|p1a: Hydrapple
|-damage|p1a: Hydrapple|6/100
|move|p1a: Hydrapple|Giga Drain|p2a: Keldeo
|-supereffective|p2a: Keldeo
|-damage|p2a: Keldeo|1/100
|-heal|p1a: Hydrapple|36/100|[from] drain|[of] p2a: Keldeo
|
|upkeep
|turn|29
|
|t:|1769366737
|move|p2a: Keldeo|Surf|p1a: Hydrapple
|-damage|p1a: Hydrapple|0 fnt
|faint|p1a: Hydrapple
|
|upkeep
|
|t:|1769366740
|switch|p1a: Slowking|Slowking-Galar, F|77/100
|turn|30
|
|t:|1769366744
|move|p2a: Keldeo|Surf|p1a: Slowking
|-damage|p1a: Slowking|0 fnt
|faint|p1a: Slowking
|
|upkeep
|
|t:|1769366746
|switch|p1a: Excadrill|Excadrill, F|100/100
|-item|p1a: Excadrill|Air Balloon
|turn|31
|
|t:|1769366750
|move|p2a: Keldeo|Surf|p1a: Excadrill
|-supereffective|p1a: Excadrill
|-damage|p1a: Excadrill|0 fnt
|-enditem|p1a: Excadrill|Air Balloon
|faint|p1a: Excadrill
|
|win|rblt ryo
|raw|CambridgeFoulPlay's rating: 1676 &rarr; <strong>1662</strong><br />(-14 for losing)
|raw|rblt ryo's rating: 1789 &rarr; <strong>1803</strong><br />(+14 for winning)
|c|☆CambridgeFoulPlay|gg
