|j|☆Martin2792
|j|☆Marceeisanut
|t:|1769379554
|gametype|singles
|player|p1|Martin2792|anabel-gen7|1177
|player|p2|Marceeisanut|clown|1220
|gen|9
|tier|[Gen 9] OU
|rated|
|rule|HP Percentage Mod: HP is shown in percentages
|rule|Endless Battle Clause: Forcing endless battles is banned
|rule|Species Clause: Limit one of each Pokémon
|rule|OHKO Clause: OHKO moves are banned
|rule|Evasion Items Clause: Evasion items are banned
|rule|Evasion Moves Clause: Evasion moves are banned
|rule|Evasion Abilities Clause: Evasion abilities are banned
|rule|Sleep Moves Clause: Sleep-inducing moves are banned
|clearpoke
|poke|p1|Hydrapple, M|
|poke|p1|Corviknight, M|
|poke|p1|Ogerpon-Wellspring, F|
|poke|p1|Weavile, F|
|poke|p1|Great Tusk|
|poke|p1|Mismagius, F|
|poke|p2|Whiscash, M|
|poke|p2|Slowking-Galar, M|
|poke|p2|Corviknight, F|
|poke|p2|Ursaluna, F|
|poke|p2|Cresselia, F|
|poke|p2|Kingambit, M|
|teampreview
|
|t:|1769379565
|teamsize|p1|6
|teamsize|p2|6
|start
|switch|p1a: Izutsumi|Weavile, F|100/100
|switch|p2a: Corviknight|Corviknight, F|100/100
|-ability|p2a: Corviknight|Pressure
|turn|1
|inactive|Battle timer is ON: inactive players will automatically lose when time's up. (requested by Marceeisanut)
|
|t:|1769379574
|move|p1a: Izutsumi|Swords Dance|p1a: Izutsumi
|-boost|p1a: Izutsumi|atk|2
|move|p2a: Corviknight|U-turn|p1a: Izutsumi
|-supereffective|p1a: Izutsumi
|-damage|p1a: Izutsumi|49/100
|
|t:|1769379584
|switch|p2a: Ursaluna|Ursaluna, F|100/100|[from] U-turn
|
|-status|p2a: Ursaluna|brn|[from] item: Flame Orb
|upkeep
|turn|2
|
|t:|1769379594
|switch|p2a: Corviknight|Corviknight, F|100/100
|-ability|p2a: Corviknight|Pressure
|move|p1a: Izutsumi|Ice Spinner|p2a: Corviknight
|-damage|p2a: Corviknight|55/100
|-damage|p1a: Izutsumi|33/100|[from] item: Rocky Helmet|[of] p2a: Corviknight
|
|upkeep
|turn|3
|
|t:|1769379606
|move|p1a: Izutsumi|Knock Off|p2a: Corviknight
|-damage|p2a: Corviknight|0 fnt
|-damage|p1a: Izutsumi|17/100|[from] item: Rocky Helmet|[of] p2a: Corviknight
|-enditem|p2a: Corviknight|Rocky Helmet|[from] move: Knock Off|[of] p1a: Izutsumi
|faint|p2a: Corviknight
|
|upkeep
|
|t:|1769379610
|switch|p2a: Kingambit|Kingambit, M|100/100
|-activate|p2a: Kingambit|ability: Supreme Overlord
|-start|p2a: Kingambit|fallen1|[silent]
|turn|4
|
|t:|1769379619
|move|p1a: Izutsumi|Swords Dance|p1a: Izutsumi
|-boost|p1a: Izutsumi|atk|2
|move|p2a: Kingambit|Kowtow Cleave|p1a: Izutsumi
|-resisted|p1a: Izutsumi
|-damage|p1a: Izutsumi|0 fnt
|faint|p1a: Izutsumi
|
|upkeep
|
|t:|1769379626
|switch|p1a: Hydrapple|Hydrapple, M|100/100
|turn|5
|
|t:|1769379633
|-end|p2a: Kingambit|fallen1|[silent]
|switch|p2a: Slowking|Slowking-Galar, M|100/100
|move|p1a: Hydrapple|Nasty Plot|p1a: Hydrapple
|-boost|p1a: Hydrapple|spa|2
|
|upkeep
|turn|6
|
|t:|1769379642
|move|p1a: Hydrapple|Earth Power|p2a: Slowking
|-supereffective|p2a: Slowking
|-damage|p2a: Slowking|41/100
|move|p2a: Slowking|Trick Room|p2a: Slowking
|-fieldstart|move: Trick Room|[of] p2a: Slowking
|
|upkeep
|turn|7
|
|t:|1769379652
|switch|p2a: Ursaluna|Ursaluna, F|100/100 brn
|move|p1a: Hydrapple|Fickle Beam|p2a: Ursaluna
|-damage|p2a: Ursaluna|47/100 brn
|
|-damage|p2a: Ursaluna|41/100 brn|[from] brn
|upkeep
|turn|8
|
|t:|1769379659
|move|p1a: Hydrapple|Giga Drain|p2a: Ursaluna
|-supereffective|p2a: Ursaluna
|-damage|p2a: Ursaluna|0 fnt
|faint|p2a: Ursaluna
|
|upkeep
|
|t:|1769379664
|switch|p2a: Whiscash|Whiscash, M|100/100
|turn|9
|
|t:|1769379671
|move|p1a: Hydrapple|Fickle Beam|p2a: Whiscash
|-damage|p2a: Whiscash|38/100
|move|p2a: Whiscash|Stealth Rock|p1a: Hydrapple
|-sidestart|p1: Martin2792|move: Stealth Rock
|
|-heal|p2a: Whiscash|44/100|[from] item: Leftovers
|upkeep
|turn|10
|
|t:|1769379676
|move|p1a: Hydrapple|Nasty Plot|p1a: Hydrapple
|-boost|p1a: Hydrapple|spa|2
|move|p2a: Whiscash|Liquidation|p1a: Hydrapple
|-resisted|p1a: Hydrapple
|-damage|p1a: Hydrapple|95/100
|-unboost|p1a: Hydrapple|def|1
|
|-heal|p2a: Whiscash|50/100|[from] item: Leftovers
|-fieldend|move: Trick Room
|upkeep
|turn|11
|
|t:|1769379684
|move|p2a: Whiscash|Liquidation|p1a: Hydrapple
|-resisted|p1a: Hydrapple
|-damage|p1a: Hydrapple|87/100
|-unboost|p1a: Hydrapple|def|1
|move|p1a: Hydrapple|Giga Drain|p2a: Whiscash
|-supereffective|p2a: Whiscash
|-damage|p2a: Whiscash|0 fnt
|-heal|p1a: Hydrapple|100/100|[from] drain|[of] p2a: Whiscash
|faint|p2a: Whiscash
|
|upkeep
|
|t:|1769379689
|switch|p2a: Slowking|Slowking-Galar, M|74/100
|turn|12
|
|t:|1769379693
|move|p1a: Hydrapple|Earth Power|p2a: Slowking
|-supereffective|p2a: Slowking
|-damage|p2a: Slowking|0 fnt
|faint|p2a: Slowking
|
|upkeep
|
|t:|1769379696
|switch|p2a: Kingambit|Kingambit, M|100/100
|-activate|p2a: Kingambit|ability: Supreme Overlord
|-start|p2a: Kingambit|fallen4|[silent]
|turn|13
|
|t:|1769379703
|-terastallize|p2a: Kingambit|Flying
|-terastallize|p1a: Hydrapple|Fairy
|move|p2a: Kingambit|Swords Dance|p2a: Kingambit
|-boost|p2a: Kingambit|atk|2
|move|p1a: Hydrapple|Earth Power|p2a: Kingambit
|-immune|p2a: Kingambit
|
|upkeep
|turn|14
|
|t:|1769379710
|move|p2a: Kingambit|Kowtow Cleave|p1a: Hydrapple
|-resisted|p1a: Hydrapple
|-damage|p1a: Hydrapple|10/100
|move|p1a: Hydrapple|Fickle Beam|p2a: Kingambit|[anim] Fickle Beam All Out
|-activate|p1a: Hydrapple|move: Fickle Beam
|-damage|p2a: Kingambit|0 fnt
|faint|p2a: Kingambit
|-end|p2a: Kingambit|fallen4|[silent]
|
|upkeep
|-message|Marceeisanut forfeited.
|
|win|Martin2792
|raw|Martin2792's rating: 1177 &rarr; <strong>1205</strong><br />(+28 for winning)
|raw|Marceeisanut's rating: 1220 &rarr; <strong>1192</strong><br />(-28 for losing)
|l|☆Marceeisanut
|player|p2|
|l|☆Martin2792
|player|p1|
