|j|☆Izuyuki
|j|‽Danz_115
|t:|1769326103
|gametype|singles
|player|p1|Izuyuki|266|1090
|player|p2|Danz_115|collector|1053
|gen|9
|tier|[Gen 9] OU
|rated|
|rule|HP Percentage Mod: HP is shown in percentages
|rule|Endless Battle Clause: Forcing endless battles is banned
|rule|Species Clause: Limit one of each Pokémon
|rule|OHKO Clause: OHKO moves are banned
|rule|Evasion Items Clause: Evasion items are banned
|rule|Evasion Moves Clause: Evasion moves are banned
|rule|Evasion Abilities Clause: Evasion abilities are banned
|rule|Sleep Moves Clause: Sleep-inducing moves are banned
|clearpoke
|poke|p1|Gliscor, M|
|poke|p1|Ting-Lu|
|poke|p1|Toxapex, F|
|poke|p1|Alomomola, F|
|poke|p1|Corviknight, F|
|poke|p1|Raging Bolt|
|poke|p2|Meowscarada, F|
|poke|p2|Slowking, M|
|poke|p2|Mamoswine, F|
|poke|p2|Rotom-Heat|
|poke|p2|Venomoth, F|
|poke|p2|Goodra-Hisui, F|
|teampreview
|
|t:|1769326125
|teamsize|p1|6
|teamsize|p2|6
|start
|switch|p1a: Ting-Lu|Ting-Lu|100/100
|switch|p2a: Slowking|Slowking, M|100/100
|-ability|p1a: Ting-Lu|Vessel of Ruin
|turn|1
|
|t:|1769326134
|move|p1a: Ting-Lu|Stealth Rock|p2a: Slowking
|-sidestart|p2: Danz_115|move: Stealth Rock
|move|p2a: Slowking|Light Screen|p2a: Slowking
|-sidestart|p2: Danz_115|move: Light Screen
|
|upkeep
|turn|2
|
|t:|1769326141
|move|p1a: Ting-Lu|Spikes|p2a: Slowking
|-sidestart|p2: Danz_115|Spikes
|move|p2a: Slowking|Calm Mind|p2a: Slowking
|-boost|p2a: Slowking|spa|1
|-boost|p2a: Slowking|spd|1
|
|upkeep
|turn|3
|
|t:|1769326147
|move|p1a: Ting-Lu|Taunt|p2a: Slowking
|-immune|p2a: Slowking|[from] ability: Oblivious
|move|p2a: Slowking|Calm Mind|p2a: Slowking
|-boost|p2a: Slowking|spa|1
|-boost|p2a: Slowking|spd|1
|
|upkeep
|turn|4
|
|t:|1769326168
|move|p1a: Ting-Lu|Spikes|p2a: Slowking
|-sidestart|p2: Danz_115|Spikes
|move|p2a: Slowking|Hydro Pump|p1a: Ting-Lu
|-supereffective|p1a: Ting-Lu
|-damage|p1a: Ting-Lu|18/100
|
|-heal|p1a: Ting-Lu|25/100|[from] item: Leftovers
|upkeep
|turn|5
|
|t:|1769326177
|move|p1a: Ting-Lu|Spikes|p2a: Slowking
|-sidestart|p2: Danz_115|Spikes
|move|p2a: Slowking|Hydro Pump|p1a: Ting-Lu
|-supereffective|p1a: Ting-Lu
|-damage|p1a: Ting-Lu|0 fnt
|faint|p1a: Ting-Lu
|
|upkeep
|
|t:|1769326181
|switch|p1a: Toxapex|Toxapex, F|100/100
|turn|6
|
|t:|1769326188
|move|p1a: Toxapex|Haze|p1a: Toxapex
|-clearallboost
|move|p2a: Slowking|Psychic Noise|p1a: Toxapex
|-supereffective|p1a: Toxapex
|-damage|p1a: Toxapex|41/100
|-start|p1a: Toxapex|move: Heal Block
|
|upkeep
|turn|7
|
|t:|1769326197
|switch|p1a: Gliscor|Gliscor, M|100/100
|move|p2a: Slowking|Psychic Noise|p1a: Gliscor
|-damage|p1a: Gliscor|72/100
|-start|p1a: Gliscor|move: Heal Block
|
|-status|p1a: Gliscor|tox|[from] item: Toxic Orb
|upkeep
|turn|8
|
|t:|1769326213
|move|p1a: Gliscor|Toxic|p2a: Slowking
|-status|p2a: Slowking|tox
|move|p2a: Slowking|Calm Mind|p2a: Slowking
|-boost|p2a: Slowking|spa|1
|-boost|p2a: Slowking|spd|1
|
|-damage|p2a: Slowking|94/100 tox|[from] psn
|-end|p1a: Gliscor|move: Heal Block
|-sideend|p2: Danz_115|move: Light Screen
|upkeep
|turn|9
|
|t:|1769326223
|move|p1a: Gliscor|Substitute|p1a: Gliscor
|-start|p1a: Gliscor|Substitute
|-damage|p1a: Gliscor|47/100 tox
|move|p2a: Slowking|Calm Mind|p2a: Slowking
|-boost|p2a: Slowking|spa|1
|-boost|p2a: Slowking|spd|1
|
|-heal|p1a: Gliscor|60/100 tox|[from] ability: Poison Heal
|-damage|p2a: Slowking|82/100 tox|[from] psn
|upkeep
|turn|10
|
|t:|1769326233
|move|p1a: Gliscor|Knock Off|p2a: Slowking
|-supereffective|p2a: Slowking
|-damage|p2a: Slowking|32/100 tox
|-enditem|p2a: Slowking|Light Clay|[from] move: Knock Off|[of] p1a: Gliscor
|move|p2a: Slowking|Light Screen|p2a: Slowking
|-sidestart|p2: Danz_115|move: Light Screen
|
|-heal|p1a: Gliscor|72/100 tox|[from] ability: Poison Heal
|-damage|p2a: Slowking|14/100 tox|[from] psn
|upkeep
|turn|11
|
|t:|1769326247
|move|p1a: Gliscor|Protect|p1a: Gliscor
|-singleturn|p1a: Gliscor|Protect
|move|p2a: Slowking|Hydro Pump|p1a: Gliscor
|-activate|p1a: Gliscor|move: Protect
|
|-heal|p1a: Gliscor|85/100 tox|[from] ability: Poison Heal
|-damage|p2a: Slowking|0 fnt|[from] psn
|faint|p2a: Slowking
|upkeep
|
|t:|1769326264
|switch|p2a: Venomoth|Venomoth, F|100/100
|-damage|p2a: Venomoth|75/100|[from] Stealth Rock
|-damage|p2a: Venomoth|50/100|[from] Spikes
|turn|12
|
|t:|1769326270
|move|p2a: Venomoth|Toxic Spikes|p1a: Gliscor
|-sidestart|p1: Izuyuki|move: Toxic Spikes
|move|p1a: Gliscor|Knock Off|p2a: Venomoth
|-damage|p2a: Venomoth|14/100
|-enditem|p2a: Venomoth|Silver Powder|[from] move: Knock Off|[of] p1a: Gliscor
|
|-heal|p1a: Gliscor|97/100 tox|[from] ability: Poison Heal
|upkeep
|turn|13
|
|t:|1769326286
|move|p2a: Venomoth|U-turn|p1a: Gliscor
|-resisted|p1a: Gliscor
|-activate|p1a: Gliscor|move: Substitute|[damage]
|
|t:|1769326299
|switch|p2a: Mamoswine|Mamoswine, F|100/100|[from] U-turn
|-damage|p2a: Mamoswine|88/100|[from] Stealth Rock
|-damage|p2a: Mamoswine|63/100|[from] Spikes
|move|p1a: Gliscor|Knock Off|p2a: Mamoswine
|-damage|p2a: Mamoswine|40/100
|-enditem|p2a: Mamoswine|Leftovers|[from] move: Knock Off|[of] p1a: Gliscor
|
|-heal|p1a: Gliscor|100/100 tox|[from] ability: Poison Heal
|upkeep
|turn|14
|
|t:|1769326319
|move|p1a: Gliscor|Toxic|p2a: Mamoswine
|-status|p2a: Mamoswine|tox
|move|p2a: Mamoswine|Earthquake|p1a: Gliscor
|-immune|p1a: Gliscor
|
|-damage|p2a: Mamoswine|34/100 tox|[from] psn
|-sideend|p2: Danz_115|move: Light Screen
|upkeep
|turn|15
|
|t:|1769326329
|move|p1a: Gliscor|Protect|p1a: Gliscor
|-singleturn|p1a: Gliscor|Protect
|move|p2a: Mamoswine|Rest|p2a: Mamoswine
|-status|p2a: Mamoswine|slp|[from] move: Rest
|-heal|p2a: Mamoswine|100/100 slp|[silent]
|
|upkeep
|turn|16
|
|t:|1769326340
|switch|p1a: Toxapex|Toxapex, F|75/100
|-sideend|p1: Izuyuki|move: Toxic Spikes|[of] p1a: Toxapex
|cant|p2a: Mamoswine|slp
|
|-heal|p1a: Toxapex|81/100|[from] item: Black Sludge
|upkeep
|turn|17
|
|t:|1769326349
|cant|p2a: Mamoswine|slp
|move|p1a: Toxapex|Liquidation|p2a: Mamoswine
|-supereffective|p2a: Mamoswine
|-damage|p2a: Mamoswine|41/100 slp
|
|-heal|p1a: Toxapex|87/100|[from] item: Black Sludge
|upkeep
|turn|18
|
|t:|1769326358
|switch|p1a: Corviknight|Corviknight, F|100/100
|-ability|p1a: Corviknight|Pressure
|-curestatus|p2a: Mamoswine|slp|[msg]
|move|p2a: Mamoswine|Earthquake|p1a: Corviknight
|-immune|p1a: Corviknight
|
|upkeep
|turn|19
|
|t:|1769326366
|move|p2a: Mamoswine|Blizzard|p1a: Corviknight|[miss]
|-miss|p2a: Mamoswine|p1a: Corviknight
|move|p1a: Corviknight|Body Press|p2a: Mamoswine
|-supereffective|p2a: Mamoswine
|-damage|p2a: Mamoswine|0 fnt
|faint|p2a: Mamoswine
|
|upkeep
|
|t:|1769326376
|switch|p2a: Rotom|Rotom-Heat|100/100
|-damage|p2a: Rotom|75/100|[from] Stealth Rock
|turn|20
|
|t:|1769326383
|switch|p1a: Toxapex|Toxapex, F|100/100
|move|p2a: Rotom|Overheat|p1a: Toxapex
|-resisted|p1a: Toxapex
|-damage|p1a: Toxapex|80/100
|-unboost|p2a: Rotom|spa|2
|
|-heal|p1a: Toxapex|86/100|[from] item: Black Sludge
|upkeep
|turn|21
|
|t:|1769326393
|move|p2a: Rotom|Thunderbolt|p1a: Toxapex
|-supereffective|p1a: Toxapex
|-damage|p1a: Toxapex|56/100
|move|p1a: Toxapex|Liquidation|p2a: Rotom
|-supereffective|p2a: Rotom
|-damage|p2a: Rotom|0 fnt
|faint|p2a: Rotom
|
|-heal|p1a: Toxapex|63/100|[from] item: Black Sludge
|upkeep
|
|t:|1769326411
|switch|p2a: Venomoth|Venomoth, F|14/100
|-damage|p2a: Venomoth|0 fnt|[from] Stealth Rock
|faint|p2a: Venomoth
|
|t:|1769326420
|switch|p2a: Goodra|Goodra-Hisui, F|100/100
|-damage|p2a: Goodra|95/100|[from] Stealth Rock
|-damage|p2a: Goodra|70/100|[from] Spikes
|turn|22
|
|t:|1769326428
|move|p2a: Goodra|Rest|p2a: Goodra
|-status|p2a: Goodra|slp|[from] move: Rest
|-heal|p2a: Goodra|100/100 slp|[silent]
|move|p1a: Toxapex|Liquidation|p2a: Goodra
|-resisted|p2a: Goodra
|-damage|p2a: Goodra|85/100 slp
|
|-heal|p2a: Goodra|91/100 slp|[from] item: Leftovers
|-heal|p1a: Toxapex|69/100|[from] item: Black Sludge
|upkeep
|turn|23
|
|t:|1769326439
|switch|p1a: Corviknight|Corviknight, F|100/100
|-ability|p1a: Corviknight|Pressure
|cant|p2a: Goodra|slp
|move|p2a: Goodra|Sleep Talk|p2a: Goodra
|move|p2a: Goodra|Draco Meteor|p1a: Corviknight|[from] move: Sleep Talk
|-resisted|p1a: Corviknight
|-damage|p1a: Corviknight|79/100
|-unboost|p2a: Goodra|spa|2
|
|-heal|p2a: Goodra|97/100 slp|[from] item: Leftovers
|upkeep
|turn|24
|
|t:|1769326453
|cant|p2a: Goodra|slp
|move|p2a: Goodra|Sleep Talk|p2a: Goodra
|move|p2a: Goodra|Rest||[from] move: Sleep Talk|[still]
|-fail|p2a: Goodra
|move|p1a: Corviknight|Body Press|p2a: Goodra
|-supereffective|p2a: Goodra
|-damage|p2a: Goodra|51/100 slp
|
|-heal|p2a: Goodra|57/100 slp|[from] item: Leftovers
|upkeep
|turn|25
|
|t:|1769326465
|-curestatus|p2a: Goodra|slp|[msg]
|move|p2a: Goodra|Sleep Talk||[still]
|-fail|p2a: Goodra
|move|p1a: Corviknight|Body Press|p2a: Goodra
|-supereffective|p2a: Goodra
|-damage|p2a: Goodra|10/100
|
|-heal|p2a: Goodra|16/100|[from] item: Leftovers
|upkeep
|turn|26
|
|t:|1769326475
|move|p2a: Goodra|Rest|p2a: Goodra
|-status|p2a: Goodra|slp|[from] move: Rest
|-heal|p2a: Goodra|100/100 slp|[silent]
|move|p1a: Corviknight|Body Press|p2a: Goodra
|-supereffective|p2a: Goodra
|-crit|p2a: Goodra
|-damage|p2a: Goodra|25/100 slp
|
|-heal|p2a: Goodra|31/100 slp|[from] item: Leftovers
|upkeep
|turn|27
|
|t:|1769326486
|cant|p2a: Goodra|slp
|move|p2a: Goodra|Sleep Talk|p2a: Goodra
|move|p2a: Goodra|Draco Meteor|p1a: Corviknight|[from] move: Sleep Talk
|-resisted|p1a: Corviknight
|-damage|p1a: Corviknight|68/100
|-unboost|p2a: Goodra|spa|2
|move|p1a: Corviknight|Body Press|p2a: Goodra
|-supereffective|p2a: Goodra
|-damage|p2a: Goodra|0 fnt
|faint|p2a: Goodra
|
|upkeep
|
|t:|1769326500
|switch|p2a: Meowscarada|Meowscarada, F|100/100
|-damage|p2a: Meowscarada|88/100|[from] Stealth Rock
|-damage|p2a: Meowscarada|63/100|[from] Spikes
|turn|28
|
|t:|1769326508
|-terastallize|p2a: Meowscarada|Fairy
|move|p2a: Meowscarada|Play Rough|p1a: Corviknight
|-resisted|p1a: Corviknight
|-damage|p1a: Corviknight|47/100
|-damage|p2a: Meowscarada|47/100|[from] item: Rocky Helmet|[of] p1a: Corviknight
|move|p1a: Corviknight|Body Press|p2a: Meowscarada
|-resisted|p2a: Meowscarada
|-damage|p2a: Meowscarada|33/100
|
|upkeep
|turn|29
|
|t:|1769326521
|move|p2a: Meowscarada|Lash Out|p1a: Corviknight
|-damage|p1a: Corviknight|20/100
|-damage|p2a: Meowscarada|17/100|[from] item: Rocky Helmet|[of] p1a: Corviknight
|move|p1a: Corviknight|Roost|p1a: Corviknight
|-heal|p1a: Corviknight|70/100
|-singleturn|p1a: Corviknight|move: Roost
|
|upkeep
|turn|30
|-message|Danz_115 forfeited.
|
|win|Izuyuki
|raw|Izuyuki's rating: 1090 &rarr; <strong>1114</strong><br />(+24 for winning)
|raw|Danz_115's rating: 1053 &rarr; <strong>1037</strong><br />(-16 for losing)
|l|‽Danz_115
|player|p2|
|l|☆Izuyuki
|player|p1|
