|j|☆scarlet chains
|j|☆GWeather
|t:|1769443630
|gametype|singles
|player|p1|scarlet chains|102|1459
|player|p2|GWeather|n|1383
|gen|9
|tier|[Gen 9] OU
|rated|
|rule|HP Percentage Mod: HP is shown in percentages
|rule|Endless Battle Clause: Forcing endless battles is banned
|rule|Species Clause: Limit one of each Pokémon
|rule|OHKO Clause: OHKO moves are banned
|rule|Evasion Items Clause: Evasion items are banned
|rule|Evasion Moves Clause: Evasion moves are banned
|rule|Evasion Abilities Clause: Evasion abilities are banned
|rule|Sleep Moves Clause: Sleep-inducing moves are banned
|clearpoke
|poke|p1|Rillaboom, F|
|poke|p1|Salamence, F|
|poke|p1|Glimmora, M|
|poke|p1|Alomomola, F|
|poke|p1|Iron Crown|
|poke|p1|Lycanroc-Dusk, F|
|poke|p2|Dragonite, M|
|poke|p2|Ogerpon-Wellspring, F|
|poke|p2|Darkrai|
|poke|p2|Heatran, F|
|poke|p2|Great Tusk|
|poke|p2|Slowking-Galar, F|
|teampreview
|inactive|Battle timer is ON: inactive players will automatically lose when time's up. (requested by GWeather)
|inactive|scarlet chains has 120 seconds left.
|inactive|scarlet chains has 90 seconds left.
|
|t:|1769443718
|teamsize|p1|6
|teamsize|p2|6
|start
|switch|p1a: Rillaboom|Rillaboom, F|100/100
|switch|p2a: Great Tusk|Great Tusk|100/100
|-fieldstart|move: Grassy Terrain|[from] ability: Grassy Surge|[of] p1a: Rillaboom
|turn|1
|
|t:|1769443731
|-end|p2a: Great Tusk|Protosynthesis|[silent]
|switch|p2a: Heatran|Heatran, F|100/100
|move|p1a: Rillaboom|U-turn|p2a: Heatran
|-resisted|p2a: Heatran
|-damage|p2a: Heatran|92/100
|
|t:|1769443742
|switch|p1a: Lycanroc|Lycanroc-Dusk, F|100/100|[from] U-turn
|
|-heal|p2a: Heatran|98/100|[from] Grassy Terrain
|-heal|p2a: Heatran|100/100|[from] item: Leftovers
|upkeep
|turn|2
|
|t:|1769443747
|switch|p2a: Great Tusk|Great Tusk|100/100
|move|p1a: Lycanroc|Close Combat|p2a: Great Tusk
|-damage|p2a: Great Tusk|65/100
|-unboost|p1a: Lycanroc|def|1
|-unboost|p1a: Lycanroc|spd|1
|
|-heal|p2a: Great Tusk|71/100|[from] Grassy Terrain
|upkeep
|turn|3
|
|t:|1769443755
|move|p1a: Lycanroc|Taunt|p2a: Great Tusk
|-start|p2a: Great Tusk|move: Taunt
|move|p2a: Great Tusk|Knock Off|p1a: Lycanroc
|-damage|p1a: Lycanroc|9/100
|-enditem|p1a: Lycanroc|Focus Sash|[from] move: Knock Off|[of] p2a: Great Tusk
|
|-heal|p1a: Lycanroc|15/100|[from] Grassy Terrain
|-heal|p2a: Great Tusk|77/100|[from] Grassy Terrain
|upkeep
|turn|4
|
|t:|1769443765
|move|p1a: Lycanroc|Close Combat|p2a: Great Tusk
|-damage|p2a: Great Tusk|41/100
|-unboost|p1a: Lycanroc|def|1
|-unboost|p1a: Lycanroc|spd|1
|move|p2a: Great Tusk|Rapid Spin|p1a: Lycanroc
|-resisted|p1a: Lycanroc
|-damage|p1a: Lycanroc|0 fnt
|-boost|p2a: Great Tusk|spe|1
|faint|p1a: Lycanroc
|
|-heal|p2a: Great Tusk|48/100|[from] Grassy Terrain
|upkeep
|
|t:|1769443774
|switch|p1a: Rillaboom|Rillaboom, F|100/100
|turn|5
|
|t:|1769443781
|-end|p2a: Great Tusk|Protosynthesis|[silent]
|switch|p2a: Heatran|Heatran, F|100/100
|move|p1a: Rillaboom|U-turn|p2a: Heatran
|-resisted|p2a: Heatran
|-damage|p2a: Heatran|93/100
|
|t:|1769443787
|switch|p1a: Salamence|Salamence, F|100/100|[from] U-turn
|
|-heal|p2a: Heatran|99/100|[from] Grassy Terrain
|-heal|p2a: Heatran|100/100|[from] item: Leftovers
|-fieldend|move: Grassy Terrain
|upkeep
|turn|6
|
|t:|1769443805
|-terastallize|p2a: Heatran|Grass
|move|p1a: Salamence|Dragon Dance|p1a: Salamence
|-boost|p1a: Salamence|atk|1
|-boost|p1a: Salamence|spe|1
|move|p2a: Heatran|Magma Storm|p1a: Salamence
|-resisted|p1a: Salamence
|-damage|p1a: Salamence|72/100
|-activate|p1a: Salamence|move: Magma Storm|[of] p2a: Heatran
|
|-damage|p1a: Salamence|60/100|[from] move: Magma Storm|[partiallytrapped]
|upkeep
|turn|7
|
|t:|1769443814
|move|p1a: Salamence|Dual Wingbeat|p2a: Heatran
|-supereffective|p2a: Heatran
|-damage|p2a: Heatran|31/100
|-supereffective|p2a: Heatran
|-damage|p2a: Heatran|0 fnt
|faint|p2a: Heatran
|-ability|p1a: Salamence|Moxie|boost
|-boost|p1a: Salamence|atk|1
|-hitcount|p2: Heatran|2
|
|-end|p1a: Salamence|Magma Storm|[partiallytrapped]|[silent]
|upkeep
|
|t:|1769443826
|switch|p2a: Dragonite|Dragonite, M|100/100
|turn|8
|
|t:|1769443831
|-terastallize|p1a: Salamence|Flying
|move|p1a: Salamence|Dual Wingbeat|p2a: Dragonite
|-damage|p2a: Dragonite|58/100
|-damage|p2a: Dragonite|0 fnt
|faint|p2a: Dragonite
|-ability|p1a: Salamence|Moxie|boost
|-boost|p1a: Salamence|atk|1
|-hitcount|p2: Dragonite|2
|
|upkeep
|-message|GWeather forfeited.
|
|win|scarlet chains
|raw|scarlet chains's rating: 1459 &rarr; <strong>1475</strong><br />(+16 for winning)
|raw|GWeather's rating: 1383 &rarr; <strong>1367</strong><br />(-16 for losing)
|l|☆GWeather
|player|p2|
|l|☆scarlet chains
|player|p1|
