|j|☆swagswag234
|j|☆arroyofran2
|t:|1769355053
|gametype|singles
|player|p1|swagswag234|cyclist|1485
|player|p2|arroyofran2|fisherman|1462
|gen|9
|tier|[Gen 9] OU
|rated|
|rule|HP Percentage Mod: HP is shown in percentages
|rule|Endless Battle Clause: Forcing endless battles is banned
|rule|Species Clause: Limit one of each Pokémon
|rule|OHKO Clause: OHKO moves are banned
|rule|Evasion Items Clause: Evasion items are banned
|rule|Evasion Moves Clause: Evasion moves are banned
|rule|Evasion Abilities Clause: Evasion abilities are banned
|rule|Sleep Moves Clause: Sleep-inducing moves are banned
|clearpoke
|poke|p1|Pecharunt|
|poke|p1|Kingambit, F|
|poke|p1|Volcanion|
|poke|p1|Iron Valiant|
|poke|p1|Landorus-Therian, M|
|poke|p1|Deoxys-Speed|
|poke|p2|Politoed, F|
|poke|p2|Kilowattrel, M|
|poke|p2|Iron Crown|
|poke|p2|Rillaboom, F|
|poke|p2|Hawlucha, F|
|poke|p2|Landorus-Therian, M|
|teampreview
|inactive|Battle timer is ON: inactive players will automatically lose when time's up. (requested by swagswag234)
|j| 304Collector
|
|t:|1769355061
|teamsize|p1|6
|teamsize|p2|6
|start
|switch|p1a: Deoxys|Deoxys-Speed|100/100
|switch|p2a: Kilowattrel|Kilowattrel, M, shiny|100/100
|-ability|p1a: Deoxys|Pressure
|turn|1
|
|t:|1769355064
|move|p1a: Deoxys|Psycho Boost|p2a: Kilowattrel|[miss]
|-miss|p1a: Deoxys|p2a: Kilowattrel
|move|p2a: Kilowattrel|Volt Switch|p1a: Deoxys
|-damage|p1a: Deoxys|12/100
|
|t:|1769355078
|switch|p2a: Rillaboom|Rillaboom, F|100/100|[from] Volt Switch
|-fieldstart|move: Grassy Terrain|[from] ability: Grassy Surge|[of] p2a: Rillaboom
|
|-heal|p1a: Deoxys|18/100|[from] Grassy Terrain
|upkeep
|turn|2
|
|t:|1769355082
|switch|p1a: Landorus|Landorus-Therian, M|100/100
|-ability|p1a: Landorus|Intimidate|boost
|-unboost|p2a: Rillaboom|atk|1
|move|p2a: Rillaboom|Grassy Glide|p1a: Landorus
|-damage|p1a: Landorus|69/100
|-damage|p2a: Rillaboom|84/100|[from] item: Rocky Helmet|[of] p1a: Landorus
|-damage|p2a: Rillaboom|74/100|[from] item: Life Orb
|
|-heal|p2a: Rillaboom|80/100|[from] Grassy Terrain
|upkeep
|turn|3
|
|t:|1769355088
|switch|p2a: Landorus|Landorus-Therian, M|100/100
|-ability|p2a: Landorus|Intimidate|boost
|-unboost|p1a: Landorus|atk|1
|move|p1a: Landorus|Stealth Rock|p2a: Landorus
|-sidestart|p2: arroyofran2|move: Stealth Rock
|
|upkeep
|turn|4
|
|t:|1769355093
|move|p2a: Landorus|Stealth Rock|p1a: Landorus
|-sidestart|p1: swagswag234|move: Stealth Rock
|move|p1a: Landorus|U-turn|p2a: Landorus
|-resisted|p2a: Landorus
|-damage|p2a: Landorus|94/100
|-damage|p1a: Landorus|52/100|[from] item: Rocky Helmet|[of] p2a: Landorus
|
|t:|1769355097
|switch|p1a: Deoxys|Deoxys-Speed|18/100|[from] U-turn
|-damage|p1a: Deoxys|6/100|[from] Stealth Rock
|-ability|p1a: Deoxys|Pressure
|
|-heal|p1a: Deoxys|12/100|[from] Grassy Terrain
|upkeep
|turn|5
|
|t:|1769355105
|switch|p2a: Iron Crown|Iron Crown|100/100
|-damage|p2a: Iron Crown|94/100|[from] Stealth Rock
|move|p1a: Deoxys|Psycho Boost|p2a: Iron Crown
|-resisted|p2a: Iron Crown
|-damage|p2a: Iron Crown|84/100
|-unboost|p1a: Deoxys|spa|2
|-enditem|p1a: Deoxys|Eject Pack
|
|t:|1769355118
|switch|p1a: Kingambit|Kingambit, F|100/100
|-damage|p1a: Kingambit|94/100|[from] Stealth Rock
|
|-heal|p2a: Iron Crown|90/100|[from] Grassy Terrain
|-heal|p1a: Kingambit|100/100|[from] Grassy Terrain
|-fieldend|move: Grassy Terrain
|upkeep
|turn|6
|
|t:|1769355130
|-terastallize|p2a: Iron Crown|Fighting
|move|p2a: Iron Crown|Focus Blast|p1a: Kingambit
|-supereffective|p1a: Kingambit
|-damage|p1a: Kingambit|0 fnt
|faint|p1a: Kingambit
|-end|p1a: Kingambit|fallenundefined|[silent]
|
|upkeep
|
|t:|1769355138
|switch|p1a: Iron Valiant|Iron Valiant|100/100
|-damage|p1a: Iron Valiant|94/100|[from] Stealth Rock
|-enditem|p1a: Iron Valiant|Booster Energy
|-activate|p1a: Iron Valiant|ability: Quark Drive|[fromitem]
|-start|p1a: Iron Valiant|quarkdrivespe
|turn|7
|
|t:|1769355147
|move|p1a: Iron Valiant|Close Combat|p2a: Iron Crown
|-damage|p2a: Iron Crown|24/100
|-unboost|p1a: Iron Valiant|def|1
|-unboost|p1a: Iron Valiant|spd|1
|move|p2a: Iron Crown|Tachyon Cutter|p1a: Iron Valiant
|-supereffective|p1a: Iron Valiant
|-damage|p1a: Iron Valiant|0 fnt
|faint|p1a: Iron Valiant
|-end|p1a: Iron Valiant|Quark Drive|[silent]
|-hitcount|p1: Iron Valiant|1
|
|upkeep
|-message|swagswag234 forfeited.
|
|win|arroyofran2
|raw|swagswag234's rating: 1485 &rarr; <strong>1464</strong><br />(-21 for losing)
|raw|arroyofran2's rating: 1462 &rarr; <strong>1483</strong><br />(+21 for winning)
|l|☆swagswag234
|player|p1|
|l|☆arroyofran2
|player|p2|
