|j|☆Malcyuu
|j|☆TTrevor
|t:|1769390782
|gametype|singles
|player|p1|Malcyuu|170|1354
|player|p2|TTrevor|170|1307
|gen|9
|tier|[Gen 9] OU
|rated|
|rule|HP Percentage Mod: HP is shown in percentages
|rule|Endless Battle Clause: Forcing endless battles is banned
|rule|Species Clause: Limit one of each Pokémon
|rule|OHKO Clause: OHKO moves are banned
|rule|Evasion Items Clause: Evasion items are banned
|rule|Evasion Moves Clause: Evasion moves are banned
|rule|Evasion Abilities Clause: Evasion abilities are banned
|rule|Sleep Moves Clause: Sleep-inducing moves are banned
|clearpoke
|poke|p1|Exeggutor, M|
|poke|p1|Gholdengo|
|poke|p1|Blissey, F|
|poke|p1|Glimmora, M|
|poke|p1|Slither Wing|
|poke|p1|Darkrai|
|poke|p2|Gholdengo|
|poke|p2|Darkrai|
|poke|p2|Clefable, F|
|poke|p2|Ting-Lu|
|poke|p2|Dragonite, F|
|poke|p2|Pecharunt|
|teampreview
|inactive|Battle timer is ON: inactive players will automatically lose when time's up. (requested by TTrevor)
|
|t:|1769390794
|teamsize|p1|6
|teamsize|p2|6
|start
|switch|p1a: Slither Wing|Slither Wing|100/100
|switch|p2a: Ting-Lu|Ting-Lu|100/100
|-ability|p2a: Ting-Lu|Vessel of Ruin
|turn|1
|inactive|TTrevor has 120 seconds left.
|
|t:|1769390828
|switch|p2a: Clefable|Clefable, F|100/100
|move|p1a: Slither Wing|First Impression|p2a: Clefable
|-resisted|p2a: Clefable
|-damage|p2a: Clefable|79/100
|
|upkeep
|turn|2
|
|t:|1769390837
|move|p2a: Clefable|Moonblast|p1a: Slither Wing
|-supereffective|p1a: Slither Wing
|-damage|p1a: Slither Wing|12/100
|move|p1a: Slither Wing|U-turn|p2a: Clefable
|-resisted|p2a: Clefable
|-damage|p2a: Clefable|63/100
|
|t:|1769390853
|-end|p1a: Slither Wing|Protosynthesis|[silent]
|switch|p1a: Gholdengo|Gholdengo|100/100|[from] U-turn
|
|upkeep
|turn|3
|inactive|Malcyuu has 120 seconds left.
|
|t:|1769390881
|switch|p1a: Blissey|Blissey, F|100/100
|switch|p2a: Ting-Lu|Ting-Lu|100/100
|-ability|p2a: Ting-Lu|Vessel of Ruin
|
|upkeep
|turn|4
|inactive|TTrevor has 120 seconds left.
|
|t:|1769390904
|move|p1a: Blissey|Trick|p2a: Ting-Lu
|-activate|p1a: Blissey|move: Trick|[of] p2a: Ting-Lu
|-item|p2a: Ting-Lu|Choice Scarf|[from] move: Trick
|-item|p1a: Blissey|Red Card|[from] move: Trick
|move|p2a: Ting-Lu|Stealth Rock|p1a: Blissey
|-sidestart|p1: Malcyuu|move: Stealth Rock
|
|upkeep
|turn|5
|l|☆Malcyuu
|inactive|Malcyuu disconnected and has a minute to reconnect!
|player|p1|
|j|☆Malcyuu
|inactive|Malcyuu reconnected and has 105 seconds left.
|player|p1|Malcyuu|170|
|
|t:|1769390944
|switch|p2a: Clefable|Clefable, F|63/100
|move|p1a: Blissey|Ice Beam|p2a: Clefable
|-damage|p2a: Clefable|40/100
|
|upkeep
|turn|6
|
|t:|1769390964
|switch|p1a: Slither Wing|Slither Wing|12/100
|move|p2a: Clefable|Moonlight|p2a: Clefable
|-heal|p2a: Clefable|90/100
|
|upkeep
|turn|7
|
|t:|1769390982
|-end|p1a: Slither Wing|Protosynthesis|[silent]
|switch|p1a: Blissey|Blissey, F|100/100
|-damage|p1a: Blissey|88/100|[from] Stealth Rock
|move|p2a: Clefable|Moonblast|p1a: Blissey
|-damage|p1a: Blissey|67/100
|-enditem|p1a: Blissey|Red Card|[of] p2a: Clefable
|drag|p2a: Dragonite|Dragonite, F|100/100
|
|upkeep
|turn|8
|inactive|TTrevor has 120 seconds left.
|
|t:|1769390998
|switch|p2a: Clefable|Clefable, F|90/100
|move|p1a: Blissey|Ice Beam|p2a: Clefable
|-damage|p2a: Clefable|69/100
|
|upkeep
|turn|9
|
|t:|1769391002
|move|p2a: Clefable|Calm Mind|p2a: Clefable
|-boost|p2a: Clefable|spa|1
|-boost|p2a: Clefable|spd|1
|move|p1a: Blissey|Ice Beam|p2a: Clefable
|-damage|p2a: Clefable|54/100
|-status|p2a: Clefable|frz
|
|upkeep
|turn|10
|
|t:|1769391021
|switch|p1a: Gholdengo|Gholdengo|100/100
|-damage|p1a: Gholdengo|94/100|[from] Stealth Rock
|-curestatus|p2a: Clefable|frz|[msg]
|move|p2a: Clefable|Flamethrower|p1a: Gholdengo
|-supereffective|p1a: Gholdengo
|-crit|p1a: Gholdengo
|-damage|p1a: Gholdengo|0 fnt
|faint|p1a: Gholdengo
|
|upkeep
|
|t:|1769391028
|switch|p1a: Glimmora|Glimmora, M|100/100
|-damage|p1a: Glimmora|88/100|[from] Stealth Rock
|turn|11
|
|t:|1769391056
|switch|p2a: Ting-Lu|Ting-Lu|100/100
|-ability|p2a: Ting-Lu|Vessel of Ruin
|move|p1a: Glimmora|Earth Power|p2a: Ting-Lu
|-damage|p2a: Ting-Lu|87/100
|-unboost|p2a: Ting-Lu|spd|1
|
|upkeep
|turn|12
|
|t:|1769391065
|switch|p1a: Exeggutor|Exeggutor, M|100/100
|-damage|p1a: Exeggutor|88/100|[from] Stealth Rock
|move|p2a: Ting-Lu|Spikes|p1a: Exeggutor
|-sidestart|p1: Malcyuu|Spikes
|
|upkeep
|turn|13
|
|t:|1769391072
|move|p1a: Exeggutor|Substitute|p1a: Exeggutor
|-start|p1a: Exeggutor|Substitute
|-damage|p1a: Exeggutor|63/100
|move|p2a: Ting-Lu|Spikes|p1a: Exeggutor
|-sidestart|p1: Malcyuu|Spikes
|
|upkeep
|turn|14
|inactive|Malcyuu has 120 seconds left.
|
|t:|1769391097
|switch|p2a: Pecharunt|Pecharunt|100/100
|move|p1a: Exeggutor|Synthesis|p1a: Exeggutor
|-heal|p1a: Exeggutor|100/100
|
|upkeep
|turn|15
|inactive|Malcyuu has 120 seconds left.
|
|t:|1769391105
|move|p2a: Pecharunt|Shadow Ball|p1a: Exeggutor
|-supereffective|p1a: Exeggutor
|-end|p1a: Exeggutor|Substitute
|move|p1a: Exeggutor|Stored Power|p2a: Pecharunt
|-supereffective|p2a: Pecharunt
|-damage|p2a: Pecharunt|83/100
|
|upkeep
|turn|16
|
|t:|1769391114
|move|p2a: Pecharunt|Malignant Chain|p1a: Exeggutor
|-supereffective|p1a: Exeggutor
|-damage|p1a: Exeggutor|28/100
|move|p1a: Exeggutor|Synthesis|p1a: Exeggutor
|-heal|p1a: Exeggutor|78/100
|
|upkeep
|turn|17
|
|t:|1769391128
|move|p2a: Pecharunt|Nasty Plot|p2a: Pecharunt
|-boost|p2a: Pecharunt|spa|2
|move|p1a: Exeggutor|Synthesis|p1a: Exeggutor
|-heal|p1a: Exeggutor|100/100
|
|upkeep
|turn|18
|
|t:|1769391141
|-terastallize|p1a: Exeggutor|Poison
|move|p2a: Pecharunt|Malignant Chain|p1a: Exeggutor
|-resisted|p1a: Exeggutor
|-damage|p1a: Exeggutor|66/100
|move|p1a: Exeggutor|Stored Power|p2a: Pecharunt
|-supereffective|p2a: Pecharunt
|-damage|p2a: Pecharunt|65/100
|
|upkeep
|turn|19
|
|t:|1769391152
|move|p2a: Pecharunt|Shadow Ball|p1a: Exeggutor
|-damage|p1a: Exeggutor|11/100
|-enditem|p1a: Exeggutor|Starf Berry|[eat]
|-boost|p1a: Exeggutor|spd|2|[from] item: Starf Berry
|move|p1a: Exeggutor|Stored Power|p2a: Pecharunt
|-supereffective|p2a: Pecharunt
|-damage|p2a: Pecharunt|16/100
|
|upkeep
|turn|20
|
|t:|1769391163
|-terastallize|p2a: Pecharunt|Ghost
|move|p1a: Exeggutor|Protect|p1a: Exeggutor
|-singleturn|p1a: Exeggutor|Protect
|move|p2a: Pecharunt|Recover|p2a: Pecharunt
|-heal|p2a: Pecharunt|66/100
|
|upkeep
|turn|21
|
|t:|1769391180
|move|p2a: Pecharunt|Shadow Ball|p1a: Exeggutor
|-damage|p1a: Exeggutor|0 fnt
|faint|p1a: Exeggutor
|
|upkeep
|-message|Malcyuu forfeited.
|
|win|TTrevor
|raw|Malcyuu's rating: 1354 &rarr; <strong>1331</strong><br />(-23 for losing)
|raw|TTrevor's rating: 1307 &rarr; <strong>1330</strong><br />(+23 for winning)
|l|☆Malcyuu
|player|p1|
|l|☆TTrevor
|player|p2|
