|j|☆MiaTaylor612
|j|☆Teefryingpan
|t:|1769346744
|gametype|singles
|player|p1|MiaTaylor612|idol|1545
|player|p2|Teefryingpan|102|1578
|gen|9
|tier|[Gen 9] OU
|rated|
|rule|HP Percentage Mod: HP is shown in percentages
|rule|Endless Battle Clause: Forcing endless battles is banned
|rule|Species Clause: Limit one of each Pokémon
|rule|OHKO Clause: OHKO moves are banned
|rule|Evasion Items Clause: Evasion items are banned
|rule|Evasion Moves Clause: Evasion moves are banned
|rule|Evasion Abilities Clause: Evasion abilities are banned
|rule|Sleep Moves Clause: Sleep-inducing moves are banned
|clearpoke
|poke|p1|Hoopa-Unbound|
|poke|p1|Weezing-Galar, F|
|poke|p1|Alomomola, F|
|poke|p1|Zamazenta-*|
|poke|p1|Zapdos|
|poke|p1|Iron Treads|
|poke|p2|Samurott-Hisui, F|
|poke|p2|Dragapult, F|
|poke|p2|Enamorus, F|
|poke|p2|Scizor, F|
|poke|p2|Iron Treads|
|poke|p2|Ogerpon-Wellspring, F|
|teampreview
|inactive|Battle timer is ON: inactive players will automatically lose when time's up. (requested by MiaTaylor612)
|
|t:|1769346752
|teamsize|p1|6
|teamsize|p2|6
|start
|switch|p1a: Zapdos|Zapdos|100/100
|switch|p2a: Dragapult|Dragapult, F|100/100
|turn|1
|
|t:|1769346755
|switch|p1a: Alomomola|Alomomola, F|100/100
|move|p2a: Dragapult|Draco Meteor|p1a: Alomomola
|-damage|p1a: Alomomola|57/100
|-unboost|p2a: Dragapult|spa|2
|
|upkeep
|turn|2
|
|t:|1769346760
|switch|p2a: Ogerpon|Ogerpon-Wellspring, F|100/100
|move|p1a: Alomomola|Body Slam|p2a: Ogerpon
|-damage|p2a: Ogerpon|80/100
|
|upkeep
|turn|3
|
|t:|1769346766
|switch|p1a: Zamazenta|Zamazenta|100/100
|-ability|p1a: Zamazenta|Dauntless Shield|boost
|-boost|p1a: Zamazenta|def|1
|move|p2a: Ogerpon|Knock Off|p1a: Zamazenta
|-resisted|p1a: Zamazenta
|-damage|p1a: Zamazenta|88/100
|-enditem|p1a: Zamazenta|Life Orb|[from] move: Knock Off|[of] p2a: Ogerpon
|
|upkeep
|turn|4
|
|t:|1769346772
|switch|p2a: Enamorus|Enamorus, F|100/100
|move|p1a: Zamazenta|Heavy Slam|p2a: Enamorus
|-supereffective|p2a: Enamorus
|-damage|p2a: Enamorus|4/100
|
|upkeep
|turn|5
|j| BLHonokami
|
|t:|1769346782
|switch|p1a: Alomomola|Alomomola, F|90/100
|move|p2a: Enamorus|Moonblast|p1a: Alomomola
|-damage|p1a: Alomomola|65/100
|-unboost|p1a: Alomomola|spa|1
|
|upkeep
|turn|6
|j| Prwellz
|
|t:|1769346786
|switch|p2a: Ogerpon|Ogerpon-Wellspring, F|80/100
|move|p1a: Alomomola|Body Slam|p2a: Ogerpon
|-damage|p2a: Ogerpon|58/100
|-status|p2a: Ogerpon|par
|
|upkeep
|turn|7
|l| BLHonokami
|
|t:|1769346792
|switch|p1a: Weezing|Weezing-Galar, F|100/100
|-ability|p1a: Weezing|Neutralizing Gas
|move|p2a: Ogerpon|Knock Off|p1a: Weezing
|-resisted|p1a: Weezing
|-damage|p1a: Weezing|88/100
|-enditem|p1a: Weezing|Heavy-Duty Boots|[from] move: Knock Off|[of] p2a: Ogerpon
|
|upkeep
|turn|8
|
|t:|1769346800
|switch|p2a: Iron Treads|Iron Treads|100/100
|move|p1a: Weezing|Sludge Bomb|p2a: Iron Treads
|-immune|p2a: Iron Treads
|
|upkeep
|turn|9
|
|t:|1769346801
|move|p2a: Iron Treads|Stealth Rock|p1a: Weezing
|-sidestart|p1: MiaTaylor612|move: Stealth Rock
|move|p1a: Weezing|Will-O-Wisp|p2a: Iron Treads
|-status|p2a: Iron Treads|brn
|
|-damage|p2a: Iron Treads|94/100 brn|[from] brn
|upkeep
|turn|10
|
|t:|1769346805
|-end|p2a: Iron Treads|Quark Drive|[silent]
|switch|p2a: Ogerpon|Ogerpon-Wellspring, F|58/100 par
|-end|p1a: Weezing|ability: Neutralizing Gas
|switch|p1a: Alomomola|Alomomola, F|98/100
|-damage|p1a: Alomomola|85/100|[from] Stealth Rock
|
|upkeep
|turn|11
|
|t:|1769346810
|switch|p1a: Zapdos|Zapdos|100/100
|move|p2a: Ogerpon|Swords Dance|p2a: Ogerpon
|-boost|p2a: Ogerpon|atk|2
|
|upkeep
|turn|12
|
|t:|1769346815
|move|p1a: Zapdos|Volt Switch|p2a: Ogerpon
|-damage|p2a: Ogerpon|18/100 par
|
|t:|1769346823
|switch|p1a: Zamazenta|Zamazenta|88/100|[from] Volt Switch
|-damage|p1a: Zamazenta|81/100|[from] Stealth Rock
|cant|p2a: Ogerpon|par
|
|upkeep
|turn|13
|
|t:|1769346829
|switch|p2a: Dragapult|Dragapult, F|100/100
|move|p1a: Zamazenta|Heavy Slam|p2a: Dragapult
|-damage|p2a: Dragapult|56/100
|
|upkeep
|turn|14
|
|t:|1769346836
|switch|p1a: Alomomola|Alomomola, F|100/100
|-damage|p1a: Alomomola|88/100|[from] Stealth Rock
|move|p2a: Dragapult|Shadow Ball|p1a: Alomomola
|-damage|p1a: Alomomola|61/100
|-unboost|p1a: Alomomola|spd|1
|
|upkeep
|turn|15
|
|t:|1769346842
|move|p2a: Dragapult|Shadow Ball|p1a: Alomomola
|-damage|p1a: Alomomola|20/100
|move|p1a: Alomomola|Mirror Coat|p2a: Dragapult
|-damage|p2a: Dragapult|0 fnt
|faint|p2a: Dragapult
|
|upkeep
|
|t:|1769346848
|switch|p2a: Samurott|Samurott-Hisui, F|100/100
|turn|16
|
|t:|1769346851
|switch|p1a: Weezing|Weezing-Galar, F|88/100
|-ability|p1a: Weezing|Neutralizing Gas
|-damage|p1a: Weezing|76/100|[from] Stealth Rock
|move|p2a: Samurott|Aqua Cutter|p1a: Weezing
|-damage|p1a: Weezing|54/100
|
|upkeep
|turn|17
|
|t:|1769346868
|switch|p2a: Iron Treads|Iron Treads|94/100 brn
|move|p1a: Weezing|Defog|p2a: Iron Treads
|-unboost|p2a: Iron Treads|evasion|1
|-sideend|p1: MiaTaylor612|Stealth Rock|[from] move: Defog|[of] p1a: Weezing
|
|-damage|p2a: Iron Treads|88/100 brn|[from] brn
|upkeep
|turn|18
|
|t:|1769346874
|move|p2a: Iron Treads|Stealth Rock|p1a: Weezing
|-sidestart|p1: MiaTaylor612|move: Stealth Rock
|move|p1a: Weezing|Pain Split|p2a: Iron Treads
|-sethp|p2a: Iron Treads|67/100 brn|[from] move: Pain Split|[silent]
|-sethp|p1a: Weezing|78/100|[from] move: Pain Split
|
|-damage|p2a: Iron Treads|61/100 brn|[from] brn
|upkeep
|turn|19
|
|t:|1769346883
|-end|p2a: Iron Treads|Quark Drive|[silent]
|switch|p2a: Enamorus|Enamorus, F|4/100
|-end|p1a: Weezing|ability: Neutralizing Gas
|switch|p1a: Alomomola|Alomomola, F|53/100
|-damage|p1a: Alomomola|41/100|[from] Stealth Rock
|
|upkeep
|turn|20
|
|t:|1769346888
|move|p1a: Alomomola|Aqua Jet|p2a: Enamorus
|-damage|p2a: Enamorus|0 fnt
|faint|p2a: Enamorus
|
|upkeep
|
|t:|1769346894
|switch|p2a: Samurott|Samurott-Hisui, F|100/100
|turn|21
|
|t:|1769346896
|move|p2a: Samurott|Swords Dance|p2a: Samurott
|-boost|p2a: Samurott|atk|2
|move|p1a: Alomomola|Flip Turn|p2a: Samurott
|-resisted|p2a: Samurott
|-damage|p2a: Samurott|90/100
|-damage|p1a: Alomomola|24/100|[from] item: Rocky Helmet|[of] p2a: Samurott
|
|t:|1769346905
|switch|p1a: Zapdos|Zapdos|100/100|[from] Flip Turn
|
|upkeep
|turn|22
|
|t:|1769346912
|-terastallize|p2a: Samurott|Ghost
|move|p1a: Zapdos|Volt Switch|p2a: Samurott
|-damage|p2a: Samurott|35/100
|
|t:|1769346917
|switch|p1a: Alomomola|Alomomola, F|57/100|[from] Volt Switch
|-damage|p1a: Alomomola|45/100|[from] Stealth Rock
|move|p2a: Samurott|Ceaseless Edge|p1a: Alomomola|[miss]
|-miss|p2a: Samurott|p1a: Alomomola
|
|upkeep
|turn|23
|
|t:|1769346922
|move|p2a: Samurott|Ceaseless Edge|p1a: Alomomola
|-damage|p1a: Alomomola|0 fnt
|-sidestart|p1: MiaTaylor612|Spikes
|faint|p1a: Alomomola
|
|upkeep
|
|t:|1769346927
|switch|p1a: Zapdos|Zapdos|100/100
|turn|24
|
|t:|1769346935
|move|p1a: Zapdos|Volt Switch|p2a: Samurott
|-damage|p2a: Samurott|0 fnt
|faint|p2a: Samurott
|
|t:|1769346942
|switch|p1a: Weezing|Weezing-Galar, F|78/100|[from] Volt Switch
|-ability|p1a: Weezing|Neutralizing Gas
|-damage|p1a: Weezing|65/100|[from] Stealth Rock
|-damage|p1a: Weezing|53/100|[from] Spikes
|
|upkeep
|
|t:|1769346944
|switch|p2a: Scizor|Scizor, F|100/100
|turn|25
|
|t:|1769346947
|move|p2a: Scizor|Knock Off|p1a: Weezing
|-resisted|p1a: Weezing
|-damage|p1a: Weezing|42/100
|move|p1a: Weezing|Will-O-Wisp|p2a: Scizor
|-status|p2a: Scizor|brn
|
|-damage|p2a: Scizor|94/100 brn|[from] brn
|upkeep
|turn|26
|-message|Teefryingpan forfeited.
|
|win|MiaTaylor612
|raw|MiaTaylor612's rating: 1545 &rarr; <strong>1567</strong><br />(+22 for winning)
|raw|Teefryingpan's rating: 1578 &rarr; <strong>1556</strong><br />(-22 for losing)
|l|☆MiaTaylor612
|player|p1|
