|j|☆Spud Webbs
|j|☆sancorv1
|t:|1769382358
|gametype|singles
|player|p1|Spud Webbs|101|1459
|player|p2|sancorv1|doctor|1474
|gen|9
|tier|[Gen 9] OU
|rated|
|rule|HP Percentage Mod: HP is shown in percentages
|rule|Endless Battle Clause: Forcing endless battles is banned
|rule|Species Clause: Limit one of each Pokémon
|rule|OHKO Clause: OHKO moves are banned
|rule|Evasion Items Clause: Evasion items are banned
|rule|Evasion Moves Clause: Evasion moves are banned
|rule|Evasion Abilities Clause: Evasion abilities are banned
|rule|Sleep Moves Clause: Sleep-inducing moves are banned
|clearpoke
|poke|p1|Enamorus, F|
|poke|p1|Raging Bolt|
|poke|p1|Great Tusk|
|poke|p1|Manaphy|
|poke|p1|Gholdengo|
|poke|p1|Ribombee, M|
|poke|p2|Iron Crown|
|poke|p2|Zamazenta-*|
|poke|p2|Ting-Lu|
|poke|p2|Primarina, F|
|poke|p2|Corviknight, F|
|poke|p2|Walking Wake|
|teampreview
|
|t:|1769382368
|teamsize|p1|6
|teamsize|p2|6
|start
|switch|p1a: Ribombee|Ribombee, M|100/100
|switch|p2a: Iron Crown|Iron Crown|100/100
|turn|1
|
|t:|1769382373
|move|p1a: Ribombee|Sticky Web|p2a: Iron Crown
|-sidestart|p2: sancorv1|move: Sticky Web
|move|p2a: Iron Crown|Tachyon Cutter|p1a: Ribombee
|-supereffective|p1a: Ribombee
|-enditem|p1a: Ribombee|Focus Sash
|-damage|p1a: Ribombee|1/100
|-supereffective|p1a: Ribombee
|-damage|p1a: Ribombee|0 fnt
|faint|p1a: Ribombee
|-hitcount|p1: Ribombee|2
|
|upkeep
|
|t:|1769382378
|switch|p1a: Manaphy|Manaphy|100/100
|turn|2
|inactive|Battle timer is ON: inactive players will automatically lose when time's up. (requested by Spud Webbs)
|
|t:|1769382423
|move|p2a: Iron Crown|Tachyon Cutter|p1a: Manaphy
|-resisted|p1a: Manaphy
|-damage|p1a: Manaphy|83/100
|-resisted|p1a: Manaphy
|-damage|p1a: Manaphy|66/100
|-hitcount|p1a: Manaphy|2
|move|p1a: Manaphy|Tail Glow|p1a: Manaphy
|-boost|p1a: Manaphy|spa|3
|
|upkeep
|turn|3
|
|t:|1769382428
|move|p2a: Iron Crown|Tachyon Cutter|p1a: Manaphy
|-resisted|p1a: Manaphy
|-damage|p1a: Manaphy|47/100
|-resisted|p1a: Manaphy
|-damage|p1a: Manaphy|28/100
|-hitcount|p1a: Manaphy|2
|move|p1a: Manaphy|Surf|p2a: Iron Crown
|-damage|p2a: Iron Crown|0 fnt
|faint|p2a: Iron Crown
|-end|p2a: Iron Crown|Quark Drive|[silent]
|
|upkeep
|
|t:|1769382432
|switch|p2a: Walking Wake|Walking Wake|100/100
|turn|4
|
|t:|1769382436
|move|p2a: Walking Wake|Draco Meteor|p1a: Manaphy
|-damage|p1a: Manaphy|0 fnt
|-unboost|p2a: Walking Wake|spa|2
|faint|p1a: Manaphy
|
|upkeep
|
|t:|1769382442
|switch|p1a: Enamorus|Enamorus, F|100/100
|turn|5
|
|t:|1769382449
|-end|p2a: Walking Wake|Protosynthesis|[silent]
|switch|p2a: Corviknight|Corviknight, F|100/100
|-ability|p2a: Corviknight|Pressure
|move|p1a: Enamorus|Moonblast|p2a: Corviknight
|-resisted|p2a: Corviknight
|-damage|p2a: Corviknight|72/100
|
|upkeep
|turn|6
|
|t:|1769382452
|move|p1a: Enamorus|Moonblast|p2a: Corviknight
|-resisted|p2a: Corviknight
|-damage|p2a: Corviknight|42/100
|move|p2a: Corviknight|U-turn|p1a: Enamorus
|-resisted|p1a: Enamorus
|-damage|p1a: Enamorus|95/100
|
|t:|1769382468
|switch|p2a: Primarina|Primarina, F, shiny|100/100|[from] U-turn
|-activate|p2a: Primarina|move: Sticky Web
|-unboost|p2a: Primarina|spe|1
|
|upkeep
|turn|7
|
|t:|1769382473
|move|p1a: Enamorus|Moonblast|p2a: Primarina
|-damage|p2a: Primarina|19/100
|move|p2a: Primarina|Moonblast|p1a: Enamorus
|-damage|p1a: Enamorus|25/100
|
|-heal|p2a: Primarina|25/100|[from] item: Leftovers
|upkeep
|turn|8
|
|t:|1769382478
|move|p1a: Enamorus|Moonblast|p2a: Primarina
|-damage|p2a: Primarina|0 fnt
|faint|p2a: Primarina
|
|upkeep
|
|t:|1769382480
|switch|p2a: Corviknight|Corviknight, F|42/100
|-ability|p2a: Corviknight|Pressure
|turn|9
|
|t:|1769382482
|move|p1a: Enamorus|Moonblast|p2a: Corviknight
|-resisted|p2a: Corviknight
|-damage|p2a: Corviknight|0 fnt
|faint|p2a: Corviknight
|
|upkeep
|
|t:|1769382485
|switch|p2a: Walking Wake|Walking Wake|100/100
|turn|10
|
|t:|1769382506
|-terastallize|p2a: Walking Wake|Fairy
|move|p2a: Walking Wake|Surf|p1a: Enamorus
|-damage|p1a: Enamorus|0 fnt
|faint|p1a: Enamorus
|
|upkeep
|
|t:|1769382509
|switch|p1a: Gholdengo|Gholdengo|100/100
|turn|11
|
|t:|1769382514
|-end|p2a: Walking Wake|Protosynthesis|[silent]
|switch|p2a: Ting-Lu|Ting-Lu|100/100
|-activate|p2a: Ting-Lu|move: Sticky Web
|-unboost|p2a: Ting-Lu|spe|1
|-ability|p2a: Ting-Lu|Vessel of Ruin
|switch|p1a: Great Tusk|Great Tusk|100/100
|-enditem|p1a: Great Tusk|Booster Energy
|-activate|p1a: Great Tusk|ability: Protosynthesis|[fromitem]
|-start|p1a: Great Tusk|protosynthesisatk
|
|upkeep
|turn|12
|
|t:|1769382517
|move|p1a: Great Tusk|Close Combat|p2a: Ting-Lu
|-supereffective|p2a: Ting-Lu
|-crit|p2a: Ting-Lu
|-damage|p2a: Ting-Lu|0 fnt
|-unboost|p1a: Great Tusk|def|1
|-unboost|p1a: Great Tusk|spd|1
|faint|p2a: Ting-Lu
|
|upkeep
|
|t:|1769382525
|switch|p2a: Walking Wake|Walking Wake, tera:Fairy|100/100
|turn|13
|
|t:|1769382529
|move|p2a: Walking Wake|Surf|p1a: Great Tusk
|-supereffective|p1a: Great Tusk
|-damage|p1a: Great Tusk|0 fnt
|faint|p1a: Great Tusk
|-end|p1a: Great Tusk|Protosynthesis|[silent]
|
|upkeep
|
|t:|1769382532
|switch|p1a: Raging Bolt|Raging Bolt|100/100
|-enditem|p1a: Raging Bolt|Booster Energy
|-activate|p1a: Raging Bolt|ability: Protosynthesis|[fromitem]
|-start|p1a: Raging Bolt|protosynthesisspa
|turn|14
|
|t:|1769382535
|-terastallize|p1a: Raging Bolt|Ghost
|move|p2a: Walking Wake|Draco Meteor|p1a: Raging Bolt
|-damage|p1a: Raging Bolt|34/100
|-unboost|p2a: Walking Wake|spa|2
|move|p1a: Raging Bolt|Thunderbolt|p2a: Walking Wake
|-damage|p2a: Walking Wake|24/100
|
|upkeep
|turn|15
|
|t:|1769382541
|move|p1a: Raging Bolt|Thunderclap|p2a: Walking Wake
|-damage|p2a: Walking Wake|0 fnt
|faint|p2a: Walking Wake
|-end|p2a: Walking Wake|Protosynthesis|[silent]
|
|upkeep
|
|t:|1769382542
|switch|p2a: Zamazenta|Zamazenta|100/100
|-activate|p2a: Zamazenta|move: Sticky Web
|-unboost|p2a: Zamazenta|spe|1
|-ability|p2a: Zamazenta|Dauntless Shield|boost
|-boost|p2a: Zamazenta|def|1
|turn|16
|
|t:|1769382545
|move|p1a: Raging Bolt|Thunderclap|p2a: Zamazenta
|-damage|p2a: Zamazenta|56/100
|move|p2a: Zamazenta|Crunch|p1a: Raging Bolt
|-supereffective|p1a: Raging Bolt
|-damage|p1a: Raging Bolt|0 fnt
|faint|p1a: Raging Bolt
|-end|p1a: Raging Bolt|Protosynthesis|[silent]
|
|-heal|p2a: Zamazenta|63/100|[from] item: Leftovers
|upkeep
|
|t:|1769382548
|switch|p1a: Gholdengo|Gholdengo|100/100
|turn|17
|
|t:|1769382551
|move|p1a: Gholdengo|Make It Rain|p2a: Zamazenta
|-damage|p2a: Zamazenta|0 fnt
|-unboost|p1a: Gholdengo|spa|1
|faint|p2a: Zamazenta
|-damage|p1a: Gholdengo|91/100|[from] item: Life Orb
|
|win|Spud Webbs
|raw|Spud Webbs's rating: 1459 &rarr; <strong>1480</strong><br />(+21 for winning)
|raw|sancorv1's rating: 1474 &rarr; <strong>1453</strong><br />(-21 for losing)
