|j|☆VIXperation
|j|☆DerDonPorrello
|t:|1769297322
|gametype|singles
|player|p1|VIXperation|hooligans|1187
|player|p2|DerDonPorrello|hiker-gen4|1156
|gen|9
|tier|[Gen 9] OU
|rated|
|rule|HP Percentage Mod: HP is shown in percentages
|rule|Endless Battle Clause: Forcing endless battles is banned
|rule|Species Clause: Limit one of each Pokémon
|rule|OHKO Clause: OHKO moves are banned
|rule|Evasion Items Clause: Evasion items are banned
|rule|Evasion Moves Clause: Evasion moves are banned
|rule|Evasion Abilities Clause: Evasion abilities are banned
|rule|Sleep Moves Clause: Sleep-inducing moves are banned
|clearpoke
|poke|p1|Slowking-Galar, F|
|poke|p1|Gholdengo|
|poke|p1|Great Tusk|
|poke|p1|Dondozo, F|
|poke|p1|Gliscor, F|
|poke|p1|Meowscarada, M|
|poke|p2|Alomomola, F|
|poke|p2|Hydrapple, F|
|poke|p2|Kleavor, M|
|poke|p2|Overqwil, F|
|poke|p2|Hoopa|
|poke|p2|Quaxwell, F|
|teampreview
|
|t:|1769297334
|teamsize|p1|6
|teamsize|p2|6
|start
|switch|p1a: Gliscor|Gliscor, F|100/100
|switch|p2a: Kleavor|Kleavor, M|100/100
|turn|1
|
|t:|1769297343
|move|p1a: Gliscor|Protect|p1a: Gliscor
|-singleturn|p1a: Gliscor|Protect
|move|p2a: Kleavor|Stone Axe|p1a: Gliscor
|-activate|p1a: Gliscor|move: Protect
|
|-status|p1a: Gliscor|tox|[from] item: Toxic Orb
|upkeep
|turn|2
|
|t:|1769297350
|move|p2a: Kleavor|Stone Axe|p1a: Gliscor
|-damage|p1a: Gliscor|71/100 tox
|-sidestart|p1: VIXperation|move: Stealth Rock
|move|p1a: Gliscor|Stealth Rock|p2a: Kleavor
|-sidestart|p2: DerDonPorrello|move: Stealth Rock
|
|-heal|p1a: Gliscor|83/100 tox|[from] ability: Poison Heal
|upkeep
|turn|3
|
|t:|1769297357
|move|p2a: Kleavor|U-turn|p1a: Gliscor
|-resisted|p1a: Gliscor
|-damage|p1a: Gliscor|73/100 tox
|
|t:|1769297363
|switch|p2a: Quaxwell|Quaxwell, F|100/100|[from] U-turn
|-damage|p2a: Quaxwell|88/100|[from] Stealth Rock
|move|p1a: Gliscor|Spikes|p2a: Quaxwell
|-sidestart|p2: DerDonPorrello|Spikes
|
|-heal|p1a: Gliscor|85/100 tox|[from] ability: Poison Heal
|upkeep
|turn|4
|
|t:|1769297375
|move|p1a: Gliscor|Protect|p1a: Gliscor
|-singleturn|p1a: Gliscor|Protect
|move|p2a: Quaxwell|Rapid Spin|p1a: Gliscor
|-activate|p1a: Gliscor|move: Protect
|
|-heal|p1a: Gliscor|98/100 tox|[from] ability: Poison Heal
|upkeep
|turn|5
|
|t:|1769297382
|switch|p1a: Gholdengo|Gholdengo|100/100
|-damage|p1a: Gholdengo|94/100|[from] Stealth Rock
|move|p2a: Quaxwell|Rapid Spin|p1a: Gholdengo
|-immune|p1a: Gholdengo
|
|upkeep
|turn|6
|
|t:|1769297391
|switch|p2a: Hydrapple|Hydrapple, F|100/100
|-damage|p2a: Hydrapple|88/100|[from] Stealth Rock
|-damage|p2a: Hydrapple|76/100|[from] Spikes
|move|p1a: Gholdengo|Shadow Ball|p2a: Hydrapple
|-damage|p2a: Hydrapple|46/100
|-unboost|p2a: Hydrapple|spd|1
|
|upkeep
|turn|7
|
|t:|1769297404
|switch|p2a: Quaxwell|Quaxwell, F|88/100
|-damage|p2a: Quaxwell|75/100|[from] Stealth Rock
|-damage|p2a: Quaxwell|63/100|[from] Spikes
|move|p1a: Gholdengo|Shadow Ball|p2a: Quaxwell
|-damage|p2a: Quaxwell|15/100
|-unboost|p2a: Quaxwell|spd|1
|
|upkeep
|turn|8
|
|t:|1769297417
|move|p1a: Gholdengo|Shadow Ball|p2a: Quaxwell
|-damage|p2a: Quaxwell|0 fnt
|faint|p2a: Quaxwell
|
|upkeep
|
|t:|1769297425
|switch|p2a: Overqwil|Overqwil, F|100/100
|-damage|p2a: Overqwil|88/100|[from] Stealth Rock
|-damage|p2a: Overqwil|76/100|[from] Spikes
|-ability|p2a: Overqwil|Intimidate|boost
|-unboost|p1a: Gholdengo|atk|1
|turn|9
|
|t:|1769297438
|switch|p1a: Dondozo|Dondozo, F, shiny|100/100
|-damage|p1a: Dondozo|88/100|[from] Stealth Rock
|move|p2a: Overqwil|Spikes|p1a: Dondozo
|-sidestart|p1: VIXperation|Spikes
|
|-heal|p2a: Overqwil|82/100|[from] item: Black Sludge
|-heal|p1a: Dondozo|94/100|[from] item: Leftovers
|upkeep
|turn|10
|
|t:|1769297447
|switch|p1a: Great Tusk|Great Tusk|100/100
|-damage|p1a: Great Tusk|98/100|[from] Stealth Rock
|-damage|p1a: Great Tusk|85/100|[from] Spikes
|move|p2a: Overqwil|Spikes|p1a: Great Tusk
|-sidestart|p1: VIXperation|Spikes
|
|-heal|p2a: Overqwil|88/100|[from] item: Black Sludge
|-heal|p1a: Great Tusk|91/100|[from] item: Leftovers
|upkeep
|turn|11
|
|t:|1769297457
|switch|p2a: Hoopa|Hoopa|100/100
|-damage|p2a: Hoopa|88/100|[from] Stealth Rock
|-damage|p2a: Hoopa|76/100|[from] Spikes
|move|p1a: Great Tusk|Knock Off|p2a: Hoopa
|-supereffective|p2a: Hoopa
|-damage|p2a: Hoopa|0 fnt
|-enditem|p2a: Hoopa|Choice Specs|[from] move: Knock Off|[of] p1a: Great Tusk
|faint|p2a: Hoopa
|
|-heal|p1a: Great Tusk|98/100|[from] item: Leftovers
|upkeep
|
|t:|1769297471
|switch|p2a: Alomomola|Alomomola, F|100/100
|-damage|p2a: Alomomola|88/100|[from] Stealth Rock
|-damage|p2a: Alomomola|76/100|[from] Spikes
|turn|12
|
|t:|1769297477
|move|p1a: Great Tusk|Rapid Spin|p2a: Alomomola
|-damage|p2a: Alomomola|67/100
|-boost|p1a: Great Tusk|spe|1
|-damage|p1a: Great Tusk|81/100|[from] item: Rocky Helmet|[of] p2a: Alomomola
|-sideend|p1: VIXperation|Spikes|[from] move: Rapid Spin|[of] p1a: Great Tusk
|-sideend|p1: VIXperation|Stealth Rock|[from] move: Rapid Spin|[of] p1a: Great Tusk
|move|p2a: Alomomola|Whirlpool|p1a: Great Tusk
|-supereffective|p1a: Great Tusk
|-damage|p1a: Great Tusk|64/100
|-activate|p1a: Great Tusk|move: Whirlpool|[of] p2a: Alomomola
|
|-heal|p1a: Great Tusk|71/100|[from] item: Leftovers
|-damage|p1a: Great Tusk|58/100|[from] move: Whirlpool|[partiallytrapped]
|upkeep
|turn|13
|
|t:|1769297492
|move|p1a: Great Tusk|Knock Off|p2a: Alomomola
|-damage|p2a: Alomomola|52/100
|-damage|p1a: Great Tusk|42/100|[from] item: Rocky Helmet|[of] p2a: Alomomola
|-enditem|p2a: Alomomola|Rocky Helmet|[from] move: Knock Off|[of] p1a: Great Tusk
|move|p2a: Alomomola|Wish|p2a: Alomomola
|
|-heal|p1a: Great Tusk|48/100|[from] item: Leftovers
|-damage|p1a: Great Tusk|35/100|[from] move: Whirlpool|[partiallytrapped]
|upkeep
|turn|14
|
|t:|1769297501
|move|p1a: Great Tusk|Body Press|p2a: Alomomola
|-damage|p2a: Alomomola|27/100
|move|p2a: Alomomola|Whirlpool|p1a: Great Tusk|[miss]
|-miss|p2a: Alomomola|p1a: Great Tusk
|
|-heal|p2a: Alomomola|77/100|[from] move: Wish|[wisher] Alomomola
|-heal|p1a: Great Tusk|42/100|[from] item: Leftovers
|-damage|p1a: Great Tusk|29/100|[from] move: Whirlpool|[partiallytrapped]
|upkeep
|turn|15
|
|t:|1769297511
|move|p1a: Great Tusk|Body Press|p2a: Alomomola
|-damage|p2a: Alomomola|51/100
|move|p2a: Alomomola|Wish|p2a: Alomomola
|
|-heal|p1a: Great Tusk|35/100|[from] item: Leftovers
|-damage|p1a: Great Tusk|23/100|[from] move: Whirlpool|[partiallytrapped]
|upkeep
|turn|16
|
|t:|1769297518
|move|p1a: Great Tusk|Body Press|p2a: Alomomola
|-damage|p2a: Alomomola|23/100
|move|p2a: Alomomola|Whirlpool|p1a: Great Tusk
|-supereffective|p1a: Great Tusk
|-damage|p1a: Great Tusk|8/100
|
|-heal|p2a: Alomomola|73/100|[from] move: Wish|[wisher] Alomomola
|-heal|p1a: Great Tusk|14/100|[from] item: Leftovers
|-end|p1a: Great Tusk|Whirlpool|[partiallytrapped]
|upkeep
|turn|17
|
|t:|1769297529
|-end|p1a: Great Tusk|Protosynthesis|[silent]
|switch|p1a: Slowking|Slowking-Galar, F|100/100
|move|p2a: Alomomola|Wish|p2a: Alomomola
|
|upkeep
|turn|18
|
|t:|1769297537
|switch|p2a: Overqwil|Overqwil, F|88/100
|-damage|p2a: Overqwil|76/100|[from] Stealth Rock
|-damage|p2a: Overqwil|64/100|[from] Spikes
|-ability|p2a: Overqwil|Intimidate|boost
|-unboost|p1a: Slowking|atk|1
|move|p1a: Slowking|Toxic|p2a: Overqwil
|-immune|p2a: Overqwil
|
|-heal|p2a: Overqwil|100/100|[from] move: Wish|[wisher] Alomomola
|upkeep
|turn|19
|
|t:|1769297549
|move|p2a: Overqwil|Crunch|p1a: Slowking
|-supereffective|p1a: Slowking
|-damage|p1a: Slowking|30/100
|move|p1a: Slowking|Thunder Wave|p2a: Overqwil
|-status|p2a: Overqwil|par
|
|-heal|p1a: Slowking|37/100|[from] item: Black Sludge
|upkeep
|turn|20
|
|t:|1769297557
|switch|p1a: Great Tusk|Great Tusk|14/100
|cant|p2a: Overqwil|par
|
|-heal|p1a: Great Tusk|20/100|[from] item: Leftovers
|upkeep
|turn|21
|
|t:|1769297564
|switch|p2a: Alomomola|Alomomola, F|100/100
|-damage|p2a: Alomomola|88/100|[from] Stealth Rock
|-damage|p2a: Alomomola|76/100|[from] Spikes
|move|p1a: Great Tusk|Body Press|p2a: Alomomola
|-damage|p2a: Alomomola|51/100
|
|-heal|p1a: Great Tusk|26/100|[from] item: Leftovers
|upkeep
|turn|22
|
|t:|1769297576
|-end|p1a: Great Tusk|Protosynthesis|[silent]
|switch|p1a: Slowking|Slowking-Galar, F|70/100
|move|p2a: Alomomola|Wish|p2a: Alomomola
|
|-heal|p1a: Slowking|76/100|[from] item: Black Sludge
|upkeep
|turn|23
|
|t:|1769297584
|switch|p2a: Overqwil|Overqwil, F|100/100 par
|-damage|p2a: Overqwil|88/100 par|[from] Stealth Rock
|-damage|p2a: Overqwil|76/100 par|[from] Spikes
|-ability|p2a: Overqwil|Intimidate|boost
|-unboost|p1a: Slowking|atk|1
|move|p1a: Slowking|Trick|p2a: Overqwil
|-activate|p1a: Slowking|move: Trick|[of] p2a: Overqwil
|-item|p2a: Overqwil|Black Sludge|[from] move: Trick
|-item|p1a: Slowking|Black Sludge|[from] move: Trick
|
|-heal|p2a: Overqwil|100/100 par|[from] move: Wish|[wisher] Alomomola
|-heal|p1a: Slowking|82/100|[from] item: Black Sludge
|upkeep
|turn|24
|
|t:|1769297597
|move|p2a: Overqwil|Crunch|p1a: Slowking
|-supereffective|p1a: Slowking
|-damage|p1a: Slowking|14/100
|-prepare|p1a: Slowking|Chilly Reception|[premajor]
|move|p1a: Slowking|Chilly Reception|p1a: Slowking
|-weather|Snowscape
|
|t:|1769297610
|switch|p1a: Great Tusk|Great Tusk|26/100|[from] Chilly Reception
|
|-weather|Snowscape|[upkeep]
|-heal|p1a: Great Tusk|33/100|[from] item: Leftovers
|upkeep
|turn|25
|
|t:|1769297621
|switch|p2a: Alomomola|Alomomola, F|84/100
|-damage|p2a: Alomomola|71/100|[from] Stealth Rock
|-damage|p2a: Alomomola|59/100|[from] Spikes
|move|p1a: Great Tusk|Body Press|p2a: Alomomola
|-damage|p2a: Alomomola|31/100
|
|-weather|Snowscape|[upkeep]
|-heal|p1a: Great Tusk|39/100|[from] item: Leftovers
|upkeep
|turn|26
|
|t:|1769297631
|-end|p1a: Great Tusk|Protosynthesis|[silent]
|switch|p1a: Slowking|Slowking-Galar, F|48/100
|move|p2a: Alomomola|Wish|p2a: Alomomola
|
|-weather|Snowscape|[upkeep]
|-heal|p1a: Slowking|54/100|[from] item: Black Sludge
|upkeep
|turn|27
|
|t:|1769297638
|move|p2a: Alomomola|Protect|p2a: Alomomola
|-singleturn|p2a: Alomomola|Protect
|-prepare|p1a: Slowking|Chilly Reception|[premajor]
|move|p1a: Slowking|Chilly Reception|p1a: Slowking
|
|t:|1769297644
|switch|p1a: Great Tusk|Great Tusk|39/100|[from] Chilly Reception
|
|-weather|Snowscape|[upkeep]
|-heal|p2a: Alomomola|81/100|[from] move: Wish|[wisher] Alomomola
|-heal|p1a: Great Tusk|45/100|[from] item: Leftovers
|upkeep
|turn|28
|
|t:|1769297652
|-end|p1a: Great Tusk|Protosynthesis|[silent]
|switch|p1a: Slowking|Slowking-Galar, F|87/100
|move|p2a: Alomomola|Whirlpool|p1a: Slowking
|-damage|p1a: Slowking|84/100
|-activate|p1a: Slowking|move: Whirlpool|[of] p2a: Alomomola
|
|-weather|none
|-heal|p1a: Slowking|90/100|[from] item: Black Sludge
|-damage|p1a: Slowking|77/100|[from] move: Whirlpool|[partiallytrapped]
|upkeep
|turn|29
|
|t:|1769297662
|switch|p2a: Overqwil|Overqwil, F|100/100 par
|-damage|p2a: Overqwil|88/100 par|[from] Stealth Rock
|-damage|p2a: Overqwil|76/100 par|[from] Spikes
|-ability|p2a: Overqwil|Intimidate|boost
|-unboost|p1a: Slowking|atk|1
|-prepare|p1a: Slowking|Chilly Reception|[premajor]
|move|p1a: Slowking|Chilly Reception|p1a: Slowking
|-weather|Snowscape
|
|t:|1769297672
|switch|p1a: Great Tusk|Great Tusk|45/100|[from] Chilly Reception
|
|-weather|Snowscape|[upkeep]
|-heal|p1a: Great Tusk|51/100|[from] item: Leftovers
|-heal|p2a: Overqwil|82/100 par|[from] item: Black Sludge
|upkeep
|turn|30
|
|t:|1769297682
|switch|p2a: Alomomola|Alomomola, F|100/100
|-damage|p2a: Alomomola|88/100|[from] Stealth Rock
|-damage|p2a: Alomomola|76/100|[from] Spikes
|move|p1a: Great Tusk|Body Press|p2a: Alomomola
|-damage|p2a: Alomomola|51/100
|
|-weather|Snowscape|[upkeep]
|-heal|p1a: Great Tusk|57/100|[from] item: Leftovers
|upkeep
|turn|31
|-message|DerDonPorrello forfeited.
|
|win|VIXperation
|raw|VIXperation's rating: 1187 &rarr; <strong>1210</strong><br />(+23 for winning)
|raw|DerDonPorrello's rating: 1156 &rarr; <strong>1133</strong><br />(-23 for losing)
|l|☆DerDonPorrello
|player|p2|
|l|☆VIXperation
|player|p1|
