|j|☆Trainer #39
|j|☆mio3777
|t:|1769441592
|gametype|singles
|player|p1|Trainer #39|bugsy|1850
|player|p2|mio3777|101|1807
|gen|9
|tier|[Gen 9] OU
|rated|
|rule|HP Percentage Mod: HP is shown in percentages
|rule|Endless Battle Clause: Forcing endless battles is banned
|rule|Species Clause: Limit one of each Pokémon
|rule|OHKO Clause: OHKO moves are banned
|rule|Evasion Items Clause: Evasion items are banned
|rule|Evasion Moves Clause: Evasion moves are banned
|rule|Evasion Abilities Clause: Evasion abilities are banned
|rule|Sleep Moves Clause: Sleep-inducing moves are banned
|clearpoke
|poke|p1|Blissey, F|
|poke|p1|Corviknight, M|
|poke|p1|Dondozo, M|
|poke|p1|Gliscor, M|
|poke|p1|Clefable, M|
|poke|p1|Slowking-Galar, M|
|poke|p2|Indeedee, M|
|poke|p2|Polteageist-Antique|
|poke|p2|Cinderace, M|
|poke|p2|Armarouge, F|
|poke|p2|Hawlucha, F|
|poke|p2|Hatterene, F|
|teampreview
|
|t:|1769441622
|teamsize|p1|6
|teamsize|p2|6
|start
|switch|p1a: Free Palestine|Gliscor, M|100/100
|switch|p2a: Indeedee|Indeedee, M|100/100
|-fieldstart|move: Psychic Terrain|[from] ability: Psychic Surge|[of] p2a: Indeedee
|turn|1
|inactive|Battle timer is ON: inactive players will automatically lose when time's up. (requested by mio3777)
|
|t:|1769441632
|move|p1a: Free Palestine|Protect|p1a: Free Palestine
|-singleturn|p1a: Free Palestine|Protect
|move|p2a: Indeedee|Expanding Force|p1a: Free Palestine
|-activate|p1a: Free Palestine|move: Protect
|
|-status|p1a: Free Palestine|tox|[from] item: Toxic Orb
|upkeep
|turn|2
|
|t:|1769441639
|switch|p1a: brat|Blissey, F|100/100
|move|p2a: Indeedee|Expanding Force|p1a: brat
|-damage|p1a: brat|75/100
|
|upkeep
|turn|3
|
|t:|1769441650
|switch|p2a: Polteageist|Polteageist-Antique|100/100
|move|p1a: brat|Calm Mind|p1a: brat
|-boost|p1a: brat|spa|1
|-boost|p1a: brat|spd|1
|
|upkeep
|turn|4
|
|t:|1769441657
|move|p2a: Polteageist|Shell Smash|p2a: Polteageist
|-unboost|p2a: Polteageist|def|1
|-unboost|p2a: Polteageist|spd|1
|-boost|p2a: Polteageist|atk|2
|-boost|p2a: Polteageist|spa|2
|-boost|p2a: Polteageist|spe|2
|move|p1a: brat|Shadow Ball|p2a: Polteageist
|-supereffective|p2a: Polteageist
|-damage|p2a: Polteageist|28/100
|
|upkeep
|turn|5
|
|t:|1769441672
|switch|p2a: Cinderace|Cinderace, M|100/100
|move|p1a: brat|Shadow Ball|p2a: Cinderace
|-damage|p2a: Cinderace|72/100
|-unboost|p2a: Cinderace|spd|1
|
|upkeep
|turn|6
|
|t:|1769441680
|switch|p1a: Free Palestine|Gliscor, M|100/100 tox
|move|p2a: Cinderace|U-turn|p1a: Free Palestine
|-start|p2a: Cinderace|typechange|Bug|[from] ability: Libero
|-resisted|p1a: Free Palestine
|-damage|p1a: Free Palestine|92/100 tox
|
|t:|1769441687
|switch|p2a: Indeedee|Indeedee, M|100/100|[from] U-turn
|
|-heal|p1a: Free Palestine|100/100 tox|[from] ability: Poison Heal
|upkeep
|turn|7
|
|t:|1769441694
|move|p1a: Free Palestine|Protect|p1a: Free Palestine
|-singleturn|p1a: Free Palestine|Protect
|move|p2a: Indeedee|Expanding Force|p1a: Free Palestine
|-activate|p1a: Free Palestine|move: Protect
|
|upkeep
|turn|8
|
|t:|1769441699
|switch|p1a: brat|Blissey, F|75/100
|move|p2a: Indeedee|Expanding Force|p1a: brat
|-damage|p1a: brat|48/100
|
|-fieldend|move: Psychic Terrain
|upkeep
|turn|9
|
|t:|1769441707
|switch|p2a: Cinderace|Cinderace, M|72/100
|move|p1a: brat|Soft-Boiled|p1a: brat
|-heal|p1a: brat|98/100
|
|upkeep
|turn|10
|
|t:|1769441712
|switch|p1a: Free Palestine|Gliscor, M|100/100 tox
|move|p2a: Cinderace|U-turn|p1a: Free Palestine
|-start|p2a: Cinderace|typechange|Bug|[from] ability: Libero
|-resisted|p1a: Free Palestine
|-damage|p1a: Free Palestine|91/100 tox
|
|t:|1769441720
|switch|p2a: Indeedee|Indeedee, M|100/100|[from] U-turn
|-fieldstart|move: Psychic Terrain|[from] ability: Psychic Surge|[of] p2a: Indeedee
|
|-heal|p1a: Free Palestine|100/100 tox|[from] ability: Poison Heal
|upkeep
|turn|11
|
|t:|1769441726
|move|p1a: Free Palestine|Protect|p1a: Free Palestine
|-singleturn|p1a: Free Palestine|Protect
|move|p2a: Indeedee|Healing Wish|p2a: Indeedee
|faint|p2a: Indeedee
|
|upkeep
|
|t:|1769441731
|switch|p2a: Polteageist|Polteageist-Antique|28/100
|-heal|p2a: Polteageist|100/100|[from] move: Healing Wish
|turn|12
|
|t:|1769441736
|move|p2a: Polteageist|Shell Smash|p2a: Polteageist
|-unboost|p2a: Polteageist|def|1
|-unboost|p2a: Polteageist|spd|1
|-boost|p2a: Polteageist|atk|2
|-boost|p2a: Polteageist|spa|2
|-boost|p2a: Polteageist|spe|2
|move|p1a: Free Palestine|Toxic|p2a: Polteageist|[miss]
|-miss|p1a: Free Palestine|p2a: Polteageist
|
|upkeep
|turn|13
|j| helnetflix
|
|t:|1769441747
|move|p1a: Free Palestine|Protect|p1a: Free Palestine
|-singleturn|p1a: Free Palestine|Protect
|move|p2a: Polteageist|Stored Power|p1a: Free Palestine
|-activate|p1a: Free Palestine|move: Protect
|
|upkeep
|turn|14
|
|t:|1769441752
|switch|p1a: Trump is low IQ|Corviknight, M|100/100
|-ability|p1a: Trump is low IQ|Pressure
|move|p2a: Polteageist|Stored Power|p1a: Trump is low IQ
|-resisted|p1a: Trump is low IQ
|-damage|p1a: Trump is low IQ|42/100
|
|upkeep
|turn|15
|
|t:|1769441760
|move|p2a: Polteageist|Stored Power|p1a: Trump is low IQ
|-resisted|p1a: Trump is low IQ
|-damage|p1a: Trump is low IQ|0 fnt
|faint|p1a: Trump is low IQ
|
|upkeep
|
|t:|1769441762
|switch|p1a: Charli xcx|Clefable, M|100/100
|turn|16
|
|t:|1769441771
|-terastallize|p1a: Charli xcx|Dark
|move|p2a: Polteageist|Stored Power|p1a: Charli xcx
|-immune|p1a: Charli xcx
|move|p1a: Charli xcx|Knock Off|p2a: Polteageist
|-supereffective|p2a: Polteageist
|-damage|p2a: Polteageist|11/100
|-ability|p2a: Polteageist|Weak Armor|boost
|-unboost|p2a: Polteageist|def|1
|-boost|p2a: Polteageist|spe|2
|-enditem|p2a: Polteageist|Focus Sash|[from] move: Knock Off|[of] p1a: Charli xcx
|
|upkeep
|turn|17
|
|t:|1769441790
|-terastallize|p2a: Polteageist|Fighting
|move|p2a: Polteageist|Tera Blast|p1a: Charli xcx|[anim] Tera Blast Fighting
|-supereffective|p1a: Charli xcx
|-damage|p1a: Charli xcx|46/100
|move|p1a: Charli xcx|Wish|p1a: Charli xcx
|
|-fieldend|move: Psychic Terrain
|upkeep
|turn|18
|
|t:|1769441798
|move|p1a: Charli xcx|Protect|p1a: Charli xcx
|-singleturn|p1a: Charli xcx|Protect
|move|p2a: Polteageist|Tera Blast|p1a: Charli xcx|[anim] Tera Blast Fighting
|-activate|p1a: Charli xcx|move: Protect
|
|-heal|p1a: Charli xcx|96/100|[from] move: Wish|[wisher] Charli xcx
|upkeep
|turn|19
|
|t:|1769441806
|move|p2a: Polteageist|Tera Blast|p1a: Charli xcx|[anim] Tera Blast Fighting
|-supereffective|p1a: Charli xcx
|-damage|p1a: Charli xcx|39/100
|move|p1a: Charli xcx|Wish|p1a: Charli xcx
|
|upkeep
|turn|20
|
|t:|1769441813
|move|p1a: Charli xcx|Protect|p1a: Charli xcx
|-singleturn|p1a: Charli xcx|Protect
|move|p2a: Polteageist|Shell Smash|p2a: Polteageist
|-unboost|p2a: Polteageist|def|1
|-unboost|p2a: Polteageist|spd|1
|-boost|p2a: Polteageist|atk|2
|-boost|p2a: Polteageist|spa|2
|-boost|p2a: Polteageist|spe|2
|
|-heal|p1a: Charli xcx|89/100|[from] move: Wish|[wisher] Charli xcx
|upkeep
|turn|21
|
|t:|1769441822
|move|p2a: Polteageist|Tera Blast|p1a: Charli xcx|[anim] Tera Blast Fighting
|-supereffective|p1a: Charli xcx
|-damage|p1a: Charli xcx|29/100
|move|p1a: Charli xcx|Moonblast|p2a: Polteageist
|-supereffective|p2a: Polteageist
|-damage|p2a: Polteageist|0 fnt
|faint|p2a: Polteageist
|
|upkeep
|j| jdjdjdjjdjdjd
|
|t:|1769441838
|switch|p2a: Cinderace|Cinderace, M|72/100
|turn|22
|
|t:|1769441845
|switch|p1a: Free Palestine|Gliscor, M|100/100 tox
|move|p2a: Cinderace|U-turn|p1a: Free Palestine
|-start|p2a: Cinderace|typechange|Bug|[from] ability: Libero
|-resisted|p1a: Free Palestine
|-damage|p1a: Free Palestine|92/100 tox
|
|t:|1769441853
|switch|p2a: Armarouge|Armarouge, F|100/100|[from] U-turn
|
|-heal|p1a: Free Palestine|100/100 tox|[from] ability: Poison Heal
|upkeep
|turn|23
|
|t:|1769441864
|switch|p2a: Hatterene|Hatterene, F|100/100
|move|p1a: Free Palestine|Toxic|p2a: Hatterene
|move|p2a: Hatterene|Toxic|p1a: Free Palestine|[from] ability: Magic Bounce
|-fail|p1a: Free Palestine|tox
|
|upkeep
|turn|24
|
|t:|1769441871
|switch|p1a: Save Sudan|Slowking-Galar, M|100/100
|move|p2a: Hatterene|Expanding Force|p1a: Save Sudan
|-damage|p1a: Save Sudan|65/100
|
|upkeep
|turn|25
|
|t:|1769441878
|switch|p2a: Cinderace|Cinderace, M|72/100
|move|p1a: Save Sudan|Trick|p2a: Cinderace
|-activate|p1a: Save Sudan|move: Trick|[of] p2a: Cinderace
|-item|p2a: Cinderace|Choice Scarf|[from] move: Trick
|-item|p1a: Save Sudan|Heavy-Duty Boots|[from] move: Trick
|
|upkeep
|turn|26
|
|t:|1769441887
|switch|p1a: Free Palestine|Gliscor, M|100/100 tox
|move|p2a: Cinderace|U-turn|p1a: Free Palestine
|-start|p2a: Cinderace|typechange|Bug|[from] ability: Libero
|-resisted|p1a: Free Palestine
|-damage|p1a: Free Palestine|91/100 tox
|
|t:|1769441895
|switch|p2a: Hatterene|Hatterene, F|100/100|[from] U-turn
|
|-heal|p1a: Free Palestine|100/100 tox|[from] ability: Poison Heal
|upkeep
|turn|27
|
|t:|1769441901
|switch|p1a: Save Sudan|Slowking-Galar, M|98/100
|move|p2a: Hatterene|Expanding Force|p1a: Save Sudan
|-damage|p1a: Save Sudan|63/100
|
|upkeep
|turn|28
|
|t:|1769441907
|move|p1a: Save Sudan|Sludge Bomb|p2a: Hatterene
|-supereffective|p2a: Hatterene
|-damage|p2a: Hatterene|33/100
|move|p2a: Hatterene|Expanding Force|p1a: Save Sudan
|-damage|p1a: Save Sudan|24/100
|
|upkeep
|turn|29
|
|t:|1769441917
|switch|p2a: Cinderace|Cinderace, M|72/100
|move|p1a: Save Sudan|Sludge Bomb|p2a: Cinderace
|-crit|p2a: Cinderace
|-damage|p2a: Cinderace|14/100
|
|upkeep
|turn|30
|
|t:|1769441923
|switch|p1a: Free Palestine|Gliscor, M|100/100 tox
|move|p2a: Cinderace|U-turn|p1a: Free Palestine
|-start|p2a: Cinderace|typechange|Bug|[from] ability: Libero
|-resisted|p1a: Free Palestine
|-damage|p1a: Free Palestine|92/100 tox
|
|t:|1769441928
|switch|p2a: Hatterene|Hatterene, F|33/100|[from] U-turn
|
|-heal|p1a: Free Palestine|100/100 tox|[from] ability: Poison Heal
|upkeep
|turn|31
|
|t:|1769441934
|switch|p1a: Save Sudan|Slowking-Galar, M|58/100
|move|p2a: Hatterene|Expanding Force|p1a: Save Sudan
|-damage|p1a: Save Sudan|24/100
|
|upkeep
|turn|32
|
|t:|1769441939
|move|p2a: Hatterene|Endure|p2a: Hatterene
|-singleturn|p2a: Hatterene|move: Endure
|move|p1a: Save Sudan|Sludge Bomb|p2a: Hatterene
|-supereffective|p2a: Hatterene
|-activate|p2a: Hatterene|move: Endure
|-damage|p2a: Hatterene|1/100
|
|upkeep
|turn|33
|-enditem|p2a: Hatterene|Custap Berry|[eat]
|-activate|p2a: Hatterene|item: Custap Berry|[consumed]
|
|t:|1769441945
|move|p2a: Hatterene|Expanding Force|p1a: Save Sudan
|-damage|p1a: Save Sudan|0 fnt
|faint|p1a: Save Sudan
|
|upkeep
|
|t:|1769441948
|switch|p1a: Free Palestine|Gliscor, M|100/100 tox
|turn|34
|
|t:|1769441955
|move|p1a: Free Palestine|Earthquake|p2a: Hatterene
|-damage|p2a: Hatterene|0 fnt
|faint|p2a: Hatterene
|
|upkeep
|
|t:|1769441964
|switch|p2a: Armarouge|Armarouge, F|100/100
|turn|35
|
|t:|1769441969
|move|p1a: Free Palestine|Protect|p1a: Free Palestine
|-singleturn|p1a: Free Palestine|Protect
|move|p2a: Armarouge|Expanding Force|p1a: Free Palestine
|-activate|p1a: Free Palestine|move: Protect
|
|upkeep
|turn|36
|
|t:|1769441975
|move|p2a: Armarouge|Expanding Force|p1a: Free Palestine
|-damage|p1a: Free Palestine|49/100 tox
|move|p1a: Free Palestine|Toxic|p2a: Armarouge
|-status|p2a: Armarouge|tox
|
|-damage|p2a: Armarouge|94/100 tox|[from] psn
|-heal|p1a: Free Palestine|62/100 tox|[from] ability: Poison Heal
|upkeep
|turn|37
|-message|mio3777 forfeited.
|
|win|Trainer #39
|raw|Trainer #39's rating: 1850 &rarr; <strong>1868</strong><br />(+18 for winning)
|raw|mio3777's rating: 1807 &rarr; <strong>1789</strong><br />(-18 for losing)
|l|☆Trainer #39
|player|p1|
|l| helnetflix
|l| jdjdjdjjdjdjd
