|j|☆AR Samu
|j|☆chuchu77
|t:|1769412354
|gametype|singles
|player|p1|AR Samu|boarder|1454
|player|p2|chuchu77|170|1465
|gen|9
|tier|[Gen 9] OU
|rated|
|rule|HP Percentage Mod: HP is shown in percentages
|rule|Endless Battle Clause: Forcing endless battles is banned
|rule|Species Clause: Limit one of each Pokémon
|rule|OHKO Clause: OHKO moves are banned
|rule|Evasion Items Clause: Evasion items are banned
|rule|Evasion Moves Clause: Evasion moves are banned
|rule|Evasion Abilities Clause: Evasion abilities are banned
|rule|Sleep Moves Clause: Sleep-inducing moves are banned
|clearpoke
|poke|p1|Ogerpon-Wellspring, F|
|poke|p1|Ceruledge, M|
|poke|p1|Alomomola, M|
|poke|p1|Ting-Lu|
|poke|p1|Iron Crown|
|poke|p1|Tornadus-Therian, M|
|poke|p2|Ursaluna, F|
|poke|p2|Cresselia, F|
|poke|p2|Hatterene, F|
|poke|p2|Iron Hands|
|poke|p2|Volcanion|
|poke|p2|Porygon2|
|teampreview
|
|t:|1769412372
|teamsize|p1|6
|teamsize|p2|6
|start
|switch|p1a: Iron Crown|Iron Crown|100/100
|switch|p2a: Porygon2|Porygon2, shiny|100/100
|-ability|p2a: Porygon2|Download|boost
|-boost|p2a: Porygon2|atk|1
|turn|1
|
|t:|1769412426
|move|p1a: Iron Crown|Future Sight|p2a: Porygon2
|-start|p1a: Iron Crown|move: Future Sight
|move|p2a: Porygon2|Trick Room|p2a: Porygon2
|-fieldstart|move: Trick Room|[of] p2a: Porygon2
|
|upkeep
|turn|2
|
|t:|1769412443
|move|p2a: Porygon2|Tera Blast|p1a: Iron Crown
|-resisted|p1a: Iron Crown
|-crit|p1a: Iron Crown
|-damage|p1a: Iron Crown|83/100
|move|p1a: Iron Crown|Focus Blast|p2a: Porygon2
|-supereffective|p2a: Porygon2
|-damage|p2a: Porygon2|49/100
|
|upkeep
|turn|3
|
|t:|1769412460
|switch|p2a: Cresselia|Cresselia, F, shiny|100/100
|move|p1a: Iron Crown|Volt Switch|p2a: Cresselia
|-damage|p2a: Cresselia|85/100
|
|t:|1769412469
|-end|p1a: Iron Crown|Quark Drive|[silent]
|switch|p1a: Ting-Lu|Ting-Lu|100/100|[from] Volt Switch
|-ability|p1a: Ting-Lu|Vessel of Ruin
|
|-end|p2a: Cresselia|move: Future Sight
|-resisted|p2a: Cresselia
|-damage|p2a: Cresselia|70/100
|upkeep
|turn|4
|
|t:|1769412492
|move|p1a: Ting-Lu|Ruination|p2a: Cresselia|[miss]
|-miss|p1a: Ting-Lu|p2a: Cresselia
|move|p2a: Cresselia|Moonlight|p2a: Cresselia
|-heal|p2a: Cresselia|100/100
|
|upkeep
|turn|5
|
|t:|1769412506
|move|p1a: Ting-Lu|Stealth Rock|p2a: Cresselia
|-sidestart|p2: chuchu77|move: Stealth Rock
|move|p2a: Cresselia|Moonlight|p2a: Cresselia
|-fail|p2a: Cresselia|heal
|
|-fieldend|move: Trick Room
|upkeep
|turn|6
|
|t:|1769412531
|move|p1a: Ting-Lu|Ruination|p2a: Cresselia
|-damage|p2a: Cresselia|51/100
|move|p2a: Cresselia|Trick Room|p2a: Cresselia
|-fieldstart|move: Trick Room|[of] p2a: Cresselia
|
|upkeep
|turn|7
|
|t:|1769412550
|switch|p2a: Volcanion|Volcanion|100/100
|-damage|p2a: Volcanion|76/100|[from] Stealth Rock
|move|p1a: Ting-Lu|Ruination|p2a: Volcanion
|-damage|p2a: Volcanion|38/100
|
|upkeep
|turn|8
|
|t:|1769412565
|switch|p1a: Ogerpon|Ogerpon-Wellspring, F|100/100
|move|p2a: Volcanion|Steam Eruption|p1a: Ogerpon
|-immune|p1a: Ogerpon|[from] ability: Water Absorb
|
|upkeep
|turn|9
|
|t:|1769412585
|switch|p2a: Porygon2|Porygon2, shiny|49/100
|-damage|p2a: Porygon2|37/100|[from] Stealth Rock
|-ability|p2a: Porygon2|Download|boost
|-boost|p2a: Porygon2|atk|1
|move|p1a: Ogerpon|Knock Off|p2a: Porygon2
|-damage|p2a: Porygon2|12/100
|-enditem|p2a: Porygon2|Eviolite|[from] move: Knock Off|[of] p1a: Ogerpon
|
|upkeep
|turn|10
|
|t:|1769412603
|-terastallize|p2a: Porygon2|Ground
|move|p2a: Porygon2|Tera Blast|p1a: Ogerpon|[anim] Tera Blast Ground
|-resisted|p1a: Ogerpon
|-damage|p1a: Ogerpon|78/100
|move|p1a: Ogerpon|Ivy Cudgel|p2a: Porygon2|[anim] Ivy Cudgel Water
|-supereffective|p2a: Porygon2
|-damage|p2a: Porygon2|0 fnt
|faint|p2a: Porygon2
|
|-fieldend|move: Trick Room
|upkeep
|inactive|Battle timer is ON: inactive players will automatically lose when time's up. (requested by chuchu77)
|
|t:|1769412610
|switch|p2a: Cresselia|Cresselia, F, shiny|51/100
|-damage|p2a: Cresselia|38/100|[from] Stealth Rock
|turn|11
|
|t:|1769412626
|move|p1a: Ogerpon|Knock Off|p2a: Cresselia
|-supereffective|p2a: Cresselia
|-damage|p2a: Cresselia|0 fnt
|-enditem|p2a: Cresselia|Mental Herb|[from] move: Knock Off|[of] p1a: Ogerpon
|faint|p2a: Cresselia
|
|upkeep
|
|t:|1769412631
|switch|p2a: Hatterene|Hatterene, F, shiny|100/100
|-damage|p2a: Hatterene|88/100|[from] Stealth Rock
|turn|12
|
|t:|1769412657
|move|p1a: Ogerpon|Knock Off|p2a: Hatterene
|-damage|p2a: Hatterene|45/100
|-enditem|p2a: Hatterene|Focus Sash|[from] move: Knock Off|[of] p1a: Ogerpon
|move|p2a: Hatterene|Trick Room|p2a: Hatterene
|-fieldstart|move: Trick Room|[of] p2a: Hatterene
|
|upkeep
|turn|13
|
|t:|1769412669
|switch|p1a: Iron Crown|Iron Crown|83/100
|move|p2a: Hatterene|Dazzling Gleam|p1a: Iron Crown
|-resisted|p1a: Iron Crown
|-damage|p1a: Iron Crown|68/100
|
|upkeep
|turn|14
|
|t:|1769412681
|switch|p2a: Ursaluna|Ursaluna, F, shiny|100/100
|-damage|p2a: Ursaluna|94/100|[from] Stealth Rock
|move|p1a: Iron Crown|Future Sight|p2a: Ursaluna
|-start|p1a: Iron Crown|move: Future Sight
|
|-status|p2a: Ursaluna|brn|[from] item: Flame Orb
|upkeep
|turn|15
|inactive|AR Samu has 120 seconds left.
|
|t:|1769412704
|-end|p1a: Iron Crown|Quark Drive|[silent]
|switch|p1a: Alomomola|Alomomola, M|100/100
|move|p2a: Ursaluna|Facade|p1a: Alomomola
|-damage|p1a: Alomomola|31/100
|
|-heal|p1a: Alomomola|37/100|[from] item: Leftovers
|-damage|p2a: Ursaluna|88/100 brn|[from] brn
|upkeep
|turn|16
|inactive|AR Samu has 120 seconds left.
|
|t:|1769412711
|move|p1a: Alomomola|Protect|p1a: Alomomola
|-singleturn|p1a: Alomomola|Protect
|move|p2a: Ursaluna|Facade|p1a: Alomomola
|-activate|p1a: Alomomola|move: Protect
|
|-end|p2a: Ursaluna|move: Future Sight
|-damage|p2a: Ursaluna|15/100 brn
|-heal|p1a: Alomomola|44/100|[from] item: Leftovers
|-damage|p2a: Ursaluna|9/100 brn|[from] brn
|-fieldend|move: Trick Room
|upkeep
|turn|17
|
|t:|1769412716
|move|p1a: Alomomola|Flip Turn|p2a: Ursaluna
|-supereffective|p2a: Ursaluna
|-damage|p2a: Ursaluna|0 fnt
|faint|p2a: Ursaluna
|-message|chuchu77 forfeited.
|
|win|AR Samu
|raw|AR Samu's rating: 1454 &rarr; <strong>1475</strong><br />(+21 for winning)
|raw|chuchu77's rating: 1465 &rarr; <strong>1444</strong><br />(-21 for losing)
|l|☆chuchu77
|player|p2|
|c|☆AR Samu|Gg
