|j|☆Drakon907
|j|☆lucas.nczl
|t:|1769308460
|gametype|singles
|player|p1|Drakon907|gentleman|1160
|player|p2|lucas.nczl|bruno|1147
|gen|9
|tier|[Gen 9] OU
|rated|
|rule|HP Percentage Mod: HP is shown in percentages
|rule|Endless Battle Clause: Forcing endless battles is banned
|rule|Species Clause: Limit one of each Pokémon
|rule|OHKO Clause: OHKO moves are banned
|rule|Evasion Items Clause: Evasion items are banned
|rule|Evasion Moves Clause: Evasion moves are banned
|rule|Evasion Abilities Clause: Evasion abilities are banned
|rule|Sleep Moves Clause: Sleep-inducing moves are banned
|clearpoke
|poke|p1|Thundurus, M|
|poke|p1|Greninja-*, M|
|poke|p1|Ceruledge, M|
|poke|p1|Serperior, M|
|poke|p1|Blaziken, M|
|poke|p1|Corviknight, M|
|poke|p2|Ceruledge, M|
|poke|p2|Samurott-Hisui, M|
|poke|p2|Iron Hands|
|poke|p2|Iron Valiant|
|poke|p2|Gliscor, F|
|poke|p2|Great Tusk|
|teampreview
|
|t:|1769308472
|teamsize|p1|6
|teamsize|p2|6
|start
|switch|p1a: Goatperior|Serperior, M|100/100
|switch|p2a: Samurott|Samurott-Hisui, M, shiny|100/100
|turn|1
|
|t:|1769308480
|move|p1a: Goatperior|Leaf Storm|p2a: Samurott
|-supereffective|p2a: Samurott
|-enditem|p2a: Samurott|Focus Sash
|-damage|p2a: Samurott|1/100
|-boost|p1a: Goatperior|spa|2
|move|p2a: Samurott|Ceaseless Edge|p1a: Goatperior
|-damage|p1a: Goatperior|47/100
|-sidestart|p1: Drakon907|Spikes
|
|-heal|p1a: Goatperior|53/100|[from] item: Leftovers
|upkeep
|turn|2
|
|t:|1769308493
|move|p1a: Goatperior|Leaf Storm|p2a: Samurott
|-supereffective|p2a: Samurott
|-damage|p2a: Samurott|0 fnt
|-boost|p1a: Goatperior|spa|2
|faint|p2a: Samurott
|
|-heal|p1a: Goatperior|59/100|[from] item: Leftovers
|upkeep
|
|t:|1769308500
|switch|p2a: Ceruledge|Ceruledge, M, shiny|100/100
|turn|3
|
|t:|1769308507
|-terastallize|p1a: Goatperior|Water
|move|p1a: Goatperior|Tera Blast|p2a: Ceruledge|[anim] Tera Blast Water
|-supereffective|p2a: Ceruledge
|-damage|p2a: Ceruledge|0 fnt
|faint|p2a: Ceruledge
|
|-heal|p1a: Goatperior|65/100|[from] item: Leftovers
|upkeep
|
|t:|1769308516
|switch|p2a: Iron Valiant|Iron Valiant, shiny|100/100
|-enditem|p2a: Iron Valiant|Booster Energy
|-activate|p2a: Iron Valiant|ability: Quark Drive|[fromitem]
|-start|p2a: Iron Valiant|quarkdrivespe
|turn|4
|
|t:|1769308524
|move|p2a: Iron Valiant|Energy Ball|p1a: Goatperior
|-supereffective|p1a: Goatperior
|-damage|p1a: Goatperior|0 fnt
|faint|p1a: Goatperior
|
|upkeep
|
|t:|1769308532
|switch|p1a: John T-wave|Thundurus, M|100/100
|turn|5
|
|t:|1769308545
|move|p2a: Iron Valiant|Thunderbolt|p1a: John T-wave
|-damage|p1a: John T-wave|57/100
|move|p1a: John T-wave|Knock Off|p2a: Iron Valiant
|-resisted|p2a: Iron Valiant
|-damage|p2a: Iron Valiant|95/100
|
|-heal|p1a: John T-wave|63/100|[from] item: Leftovers
|upkeep
|turn|6
|
|t:|1769308555
|move|p1a: John T-wave|Thunder Wave|p2a: Iron Valiant
|-status|p2a: Iron Valiant|par
|move|p2a: Iron Valiant|Moonblast|p1a: John T-wave
|-damage|p1a: John T-wave|0 fnt
|faint|p1a: John T-wave
|
|upkeep
|
|t:|1769308565
|switch|p1a: Corviknight|Corviknight, M, shiny|100/100
|turn|7
|
|t:|1769308571
|move|p2a: Iron Valiant|Thunderbolt|p1a: Corviknight
|-supereffective|p1a: Corviknight
|-damage|p1a: Corviknight|47/100
|move|p1a: Corviknight|Iron Defense|p1a: Corviknight
|-boost|p1a: Corviknight|def|2
|
|upkeep
|turn|8
|
|t:|1769308578
|cant|p2a: Iron Valiant|par
|move|p1a: Corviknight|Brave Bird|p2a: Iron Valiant
|-supereffective|p2a: Iron Valiant
|-damage|p2a: Iron Valiant|2/100 par
|-damage|p1a: Corviknight|25/100|[from] Recoil
|
|upkeep
|turn|9
|
|t:|1769308585
|cant|p2a: Iron Valiant|par
|move|p1a: Corviknight|Roost|p1a: Corviknight
|-heal|p1a: Corviknight|75/100
|-singleturn|p1a: Corviknight|move: Roost
|
|upkeep
|turn|10
|
|t:|1769308593
|move|p2a: Iron Valiant|Close Combat|p1a: Corviknight
|-damage|p1a: Corviknight|59/100
|-unboost|p2a: Iron Valiant|def|1
|-unboost|p2a: Iron Valiant|spd|1
|-damage|p2a: Iron Valiant|0 fnt|[from] item: Rocky Helmet|[of] p1a: Corviknight
|faint|p2a: Iron Valiant
|-end|p2a: Iron Valiant|Quark Drive|[silent]
|move|p1a: Corviknight|Body Press|p2: Iron Valiant|[notarget]
|-fail|p1a: Corviknight
|
|upkeep
|
|t:|1769308610
|switch|p2a: Iron Hands|Iron Hands|100/100
|-enditem|p2a: Iron Hands|Booster Energy
|-activate|p2a: Iron Hands|ability: Quark Drive|[fromitem]
|-start|p2a: Iron Hands|quarkdriveatk
|turn|11
|
|t:|1769308617
|move|p2a: Iron Hands|Fake Out|p1a: Corviknight
|-resisted|p1a: Corviknight
|-damage|p1a: Corviknight|56/100
|-damage|p2a: Iron Hands|84/100|[from] item: Rocky Helmet|[of] p1a: Corviknight
|cant|p1a: Corviknight|flinch
|
|upkeep
|turn|12
|
|t:|1769308624
|move|p1a: Corviknight|Brave Bird|p2a: Iron Hands
|-damage|p2a: Iron Hands|62/100
|-damage|p1a: Corviknight|47/100|[from] Recoil
|move|p2a: Iron Hands|Belly Drum|p2a: Iron Hands
|-damage|p2a: Iron Hands|12/100
|-setboost|p2a: Iron Hands|atk|6|[from] move: Belly Drum
|
|upkeep
|turn|13
|
|t:|1769308635
|move|p1a: Corviknight|Body Press|p2a: Iron Hands
|-damage|p2a: Iron Hands|0 fnt
|faint|p2a: Iron Hands
|-end|p2a: Iron Hands|Quark Drive|[silent]
|
|upkeep
|
|t:|1769308642
|switch|p2a: Gliscor|Gliscor, F|100/100
|turn|14
|
|t:|1769308645
|move|p2a: Gliscor|Swords Dance|p2a: Gliscor
|-boost|p2a: Gliscor|atk|2
|move|p1a: Corviknight|Roost|p1a: Corviknight
|-heal|p1a: Corviknight|97/100
|-singleturn|p1a: Corviknight|move: Roost
|
|-status|p2a: Gliscor|tox|[from] item: Toxic Orb
|upkeep
|turn|15
|
|t:|1769308657
|move|p2a: Gliscor|Facade|p1a: Corviknight
|-resisted|p1a: Corviknight
|-damage|p1a: Corviknight|85/100
|-damage|p2a: Gliscor|84/100 tox|[from] item: Rocky Helmet|[of] p1a: Corviknight
|move|p1a: Corviknight|Iron Defense|p1a: Corviknight
|-boost|p1a: Corviknight|def|2
|
|-heal|p2a: Gliscor|96/100 tox|[from] ability: Poison Heal
|upkeep
|turn|16
|
|t:|1769308667
|move|p2a: Gliscor|Swords Dance|p2a: Gliscor
|-boost|p2a: Gliscor|atk|2
|move|p1a: Corviknight|Iron Defense|p1a: Corviknight
|-boost|p1a: Corviknight|def|2
|
|-heal|p2a: Gliscor|100/100 tox|[from] ability: Poison Heal
|upkeep
|turn|17
|
|t:|1769308675
|move|p2a: Gliscor|Swords Dance|p2a: Gliscor
|-boost|p2a: Gliscor|atk|2
|move|p1a: Corviknight|Body Press|p2a: Gliscor
|-resisted|p2a: Gliscor
|-damage|p2a: Gliscor|56/100 tox
|
|-heal|p2a: Gliscor|68/100 tox|[from] ability: Poison Heal
|upkeep
|turn|18
|
|t:|1769308684
|move|p2a: Gliscor|Facade|p1a: Corviknight
|-resisted|p1a: Corviknight
|-damage|p1a: Corviknight|73/100
|-damage|p2a: Gliscor|52/100 tox|[from] item: Rocky Helmet|[of] p1a: Corviknight
|move|p1a: Corviknight|Body Press|p2a: Gliscor
|-resisted|p2a: Gliscor
|-damage|p2a: Gliscor|8/100 tox
|
|-heal|p2a: Gliscor|21/100 tox|[from] ability: Poison Heal
|upkeep
|turn|19
|
|t:|1769308696
|move|p2a: Gliscor|Protect|p2a: Gliscor
|-singleturn|p2a: Gliscor|Protect
|move|p1a: Corviknight|Body Press|p2a: Gliscor
|-activate|p2a: Gliscor|move: Protect
|
|-heal|p2a: Gliscor|33/100 tox|[from] ability: Poison Heal
|upkeep
|turn|20
|
|t:|1769308706
|move|p2a: Gliscor|Facade|p1a: Corviknight
|-resisted|p1a: Corviknight
|-damage|p1a: Corviknight|61/100
|-damage|p2a: Gliscor|17/100 tox|[from] item: Rocky Helmet|[of] p1a: Corviknight
|move|p1a: Corviknight|Body Press|p2a: Gliscor
|-resisted|p2a: Gliscor
|-damage|p2a: Gliscor|0 fnt
|faint|p2a: Gliscor
|
|upkeep
|
|t:|1769308714
|switch|p2a: Great Tusk|Great Tusk|100/100
|turn|21
|
|t:|1769308718
|move|p2a: Great Tusk|Ice Spinner|p1a: Corviknight
|-damage|p1a: Corviknight|56/100
|-damage|p2a: Great Tusk|84/100|[from] item: Rocky Helmet|[of] p1a: Corviknight
|move|p1a: Corviknight|Roost|p1a: Corviknight
|-heal|p1a: Corviknight|100/100
|-singleturn|p1a: Corviknight|move: Roost
|
|upkeep
|turn|22
|-message|lucas.nczl forfeited.
|
|win|Drakon907
|raw|Drakon907's rating: 1160 &rarr; <strong>1184</strong><br />(+24 for winning)
|raw|lucas.nczl's rating: 1147 &rarr; <strong>1123</strong><br />(-24 for losing)
|l|☆lucas.nczl
|player|p2|
