|j|☆Dwagonpro18
|j|☆ghighas
|t:|1769319635
|gametype|singles
|player|p1|Dwagonpro18|riley|1344
|player|p2|ghighas|ghetsis|1356
|gen|9
|tier|[Gen 9] OU
|rated|
|rule|HP Percentage Mod: HP is shown in percentages
|rule|Endless Battle Clause: Forcing endless battles is banned
|rule|Species Clause: Limit one of each Pokémon
|rule|OHKO Clause: OHKO moves are banned
|rule|Evasion Items Clause: Evasion items are banned
|rule|Evasion Moves Clause: Evasion moves are banned
|rule|Evasion Abilities Clause: Evasion abilities are banned
|rule|Sleep Moves Clause: Sleep-inducing moves are banned
|clearpoke
|poke|p1|Walking Wake|
|poke|p1|Garchomp, F|
|poke|p1|Raging Bolt|
|poke|p1|Kyurem|
|poke|p1|Dragonite, M|
|poke|p1|Dragapult, F|
|poke|p2|Barraskewda, M|
|poke|p2|Pelipper, F|
|poke|p2|Dondozo, F|
|poke|p2|Ogerpon-Wellspring, F|
|poke|p2|Goodra-Hisui, M|
|poke|p2|Great Tusk|
|teampreview
|inactive|Battle timer is ON: inactive players will automatically lose when time's up. (requested by Dwagonpro18)
|
|t:|1769319648
|teamsize|p1|6
|teamsize|p2|6
|start
|switch|p1a: Garchomp|Garchomp, F|100/100
|switch|p2a: Ogerpon|Ogerpon-Wellspring, F|100/100
|turn|1
|
|t:|1769319653
|move|p2a: Ogerpon|Knock Off|p1a: Garchomp
|-damage|p1a: Garchomp|75/100
|-damage|p2a: Ogerpon|88/100|[from] ability: Rough Skin|[of] p1a: Garchomp
|-damage|p2a: Ogerpon|72/100|[from] item: Rocky Helmet|[of] p1a: Garchomp
|-enditem|p1a: Garchomp|Rocky Helmet|[from] move: Knock Off|[of] p2a: Ogerpon
|move|p1a: Garchomp|Stealth Rock|p2a: Ogerpon
|-sidestart|p2: ghighas|move: Stealth Rock
|
|upkeep
|turn|2
|
|t:|1769319660
|switch|p2a: Dondozo|Dondozo, F|100/100
|-damage|p2a: Dondozo|88/100|[from] Stealth Rock
|move|p1a: Garchomp|Spikes|p2a: Dondozo
|-sidestart|p2: ghighas|Spikes
|
|-heal|p2a: Dondozo|94/100|[from] item: Leftovers
|upkeep
|turn|3
|
|t:|1769319664
|move|p1a: Garchomp|Spikes|p2a: Dondozo
|-sidestart|p2: ghighas|Spikes
|move|p2a: Dondozo|Wave Crash|p1a: Garchomp
|-damage|p1a: Garchomp|47/100
|-damage|p2a: Dondozo|82/100|[from] ability: Rough Skin|[of] p1a: Garchomp
|-damage|p2a: Dondozo|74/100|[from] Recoil
|
|-heal|p2a: Dondozo|80/100|[from] item: Leftovers
|upkeep
|turn|4
|
|t:|1769319669
|move|p1a: Garchomp|Spikes|p2a: Dondozo
|-sidestart|p2: ghighas|Spikes
|move|p2a: Dondozo|Wave Crash|p1a: Garchomp
|-damage|p1a: Garchomp|17/100
|-damage|p2a: Dondozo|68/100|[from] ability: Rough Skin|[of] p1a: Garchomp
|-damage|p2a: Dondozo|59/100|[from] Recoil
|
|-heal|p2a: Dondozo|65/100|[from] item: Leftovers
|upkeep
|turn|5
|
|t:|1769319676
|move|p1a: Garchomp|Earthquake|p2a: Dondozo
|-damage|p2a: Dondozo|43/100
|move|p2a: Dondozo|Body Press|p1a: Garchomp
|-damage|p1a: Garchomp|0 fnt
|-damage|p2a: Dondozo|31/100|[from] ability: Rough Skin|[of] p1a: Garchomp
|faint|p1a: Garchomp
|
|-heal|p2a: Dondozo|37/100|[from] item: Leftovers
|upkeep
|
|t:|1769319703
|switch|p1a: Dragonite|Dragonite, M|100/100
|turn|6
|
|t:|1769319708
|move|p1a: Dragonite|Dragon Dance|p1a: Dragonite
|-boost|p1a: Dragonite|atk|1
|-boost|p1a: Dragonite|spe|1
|move|p2a: Dondozo|Rest|p2a: Dondozo
|-status|p2a: Dondozo|slp|[from] move: Rest
|-heal|p2a: Dondozo|100/100 slp|[silent]
|
|upkeep
|turn|7
|
|t:|1769319715
|move|p1a: Dragonite|Dragon Dance|p1a: Dragonite
|-boost|p1a: Dragonite|atk|1
|-boost|p1a: Dragonite|spe|1
|cant|p2a: Dondozo|slp
|
|upkeep
|turn|8
|
|t:|1769319724
|move|p1a: Dragonite|Dragon Dance|p1a: Dragonite
|-boost|p1a: Dragonite|atk|1
|-boost|p1a: Dragonite|spe|1
|cant|p2a: Dondozo|slp
|
|upkeep
|turn|9
|
|t:|1769319731
|move|p1a: Dragonite|Earthquake|p2a: Dondozo
|-damage|p2a: Dondozo|81/100 slp
|-curestatus|p2a: Dondozo|slp|[msg]
|move|p2a: Dondozo|Curse|p2a: Dondozo
|-unboost|p2a: Dondozo|spe|1
|-boost|p2a: Dondozo|atk|1
|-boost|p2a: Dondozo|def|1
|
|-heal|p2a: Dondozo|88/100|[from] item: Leftovers
|upkeep
|turn|10
|
|t:|1769319745
|switch|p1a: Raging Bolt|Raging Bolt|100/100
|move|p2a: Dondozo|Body Press|p1a: Raging Bolt
|-damage|p1a: Raging Bolt|67/100
|
|-heal|p1a: Raging Bolt|73/100|[from] item: Leftovers
|-heal|p2a: Dondozo|94/100|[from] item: Leftovers
|upkeep
|turn|11
|
|t:|1769319753
|switch|p2a: Great Tusk|Great Tusk|100/100
|move|p1a: Raging Bolt|Calm Mind|p1a: Raging Bolt
|-boost|p1a: Raging Bolt|spa|1
|-boost|p1a: Raging Bolt|spd|1
|
|-heal|p1a: Raging Bolt|79/100|[from] item: Leftovers
|upkeep
|turn|12
|
|t:|1769319757
|-terastallize|p1a: Raging Bolt|Grass
|move|p2a: Great Tusk|Knock Off|p1a: Raging Bolt
|-damage|p1a: Raging Bolt|56/100
|-enditem|p1a: Raging Bolt|Leftovers|[from] move: Knock Off|[of] p2a: Great Tusk
|move|p1a: Raging Bolt|Dragon Pulse|p2a: Great Tusk
|-damage|p2a: Great Tusk|20/100
|
|upkeep
|turn|13
|
|t:|1769319765
|move|p2a: Great Tusk|Rapid Spin|p1a: Raging Bolt
|-crit|p1a: Raging Bolt
|-damage|p1a: Raging Bolt|37/100
|-boost|p2a: Great Tusk|spe|1
|-sideend|p2: ghighas|Spikes|[from] move: Rapid Spin|[of] p2a: Great Tusk
|-sideend|p2: ghighas|Stealth Rock|[from] move: Rapid Spin|[of] p2a: Great Tusk
|move|p1a: Raging Bolt|Dragon Pulse|p2a: Great Tusk
|-damage|p2a: Great Tusk|0 fnt
|faint|p2a: Great Tusk
|-end|p2a: Great Tusk|Protosynthesis|[silent]
|
|upkeep
|
|t:|1769319770
|switch|p2a: Goodra|Goodra-Hisui, M|100/100
|turn|14
|
|t:|1769319774
|move|p1a: Raging Bolt|Dragon Pulse|p2a: Goodra
|-damage|p2a: Goodra|57/100
|move|p2a: Goodra|Dragon Tail|p1a: Raging Bolt|[miss]
|-miss|p2a: Goodra|p1a: Raging Bolt
|
|upkeep
|turn|15
|
|t:|1769319780
|move|p1a: Raging Bolt|Dragon Pulse|p2a: Goodra
|-crit|p2a: Goodra
|-damage|p2a: Goodra|0 fnt
|faint|p2a: Goodra
|
|upkeep
|
|t:|1769319786
|switch|p2a: Ogerpon|Ogerpon-Wellspring, F|72/100
|turn|16
|
|t:|1769319791
|move|p1a: Raging Bolt|Thunderclap|p2a: Ogerpon
|-damage|p2a: Ogerpon|4/100
|move|p2a: Ogerpon|Knock Off|p1a: Raging Bolt
|-damage|p1a: Raging Bolt|17/100
|
|upkeep
|turn|17
|
|t:|1769319796
|move|p1a: Raging Bolt|Thunderclap|p2a: Ogerpon
|-damage|p2a: Ogerpon|0 fnt
|faint|p2a: Ogerpon
|
|upkeep
|
|t:|1769319798
|switch|p2a: Barraskewda|Barraskewda, M, shiny|100/100
|turn|18
|
|t:|1769319804
|-terastallize|p2a: Barraskewda|Water
|move|p2a: Barraskewda|Aqua Jet|p1a: Raging Bolt
|-resisted|p1a: Raging Bolt
|-damage|p1a: Raging Bolt|0 fnt
|faint|p1a: Raging Bolt
|-end|p1a: Raging Bolt|Protosynthesis|[silent]
|
|upkeep
|
|t:|1769319814
|switch|p1a: Kyurem|Kyurem|100/100
|-ability|p1a: Kyurem|Pressure
|turn|19
|
|t:|1769319829
|switch|p2a: Dondozo|Dondozo, F|94/100
|move|p1a: Kyurem|Freeze-Dry|p2a: Dondozo
|-supereffective|p2a: Dondozo
|-damage|p2a: Dondozo|32/100
|
|-heal|p2a: Dondozo|38/100|[from] item: Leftovers
|upkeep
|turn|20
|
|t:|1769319832
|move|p1a: Kyurem|Freeze-Dry|p2a: Dondozo
|-supereffective|p2a: Dondozo
|-damage|p2a: Dondozo|0 fnt
|faint|p2a: Dondozo
|
|upkeep
|
|t:|1769319834
|switch|p2a: Pelipper|Pelipper, F|100/100
|-weather|RainDance|[from] ability: Drizzle|[of] p2a: Pelipper
|turn|21
|-message|ghighas forfeited.
|
|win|Dwagonpro18
|raw|Dwagonpro18's rating: 1344 &rarr; <strong>1365</strong><br />(+21 for winning)
|raw|ghighas's rating: 1356 &rarr; <strong>1335</strong><br />(-21 for losing)
|l|☆ghighas
|player|p2|
|l|☆Dwagonpro18
|player|p1|
