|j|☆toxel.png
|j|☆meiopotato
|t:|1769306334
|gametype|singles
|player|p1|toxel.png|roxie|1394
|player|p2|meiopotato|265|1513
|gen|9
|tier|[Gen 9] OU
|rated|
|rule|HP Percentage Mod: HP is shown in percentages
|rule|Endless Battle Clause: Forcing endless battles is banned
|rule|Species Clause: Limit one of each Pokémon
|rule|OHKO Clause: OHKO moves are banned
|rule|Evasion Items Clause: Evasion items are banned
|rule|Evasion Moves Clause: Evasion moves are banned
|rule|Evasion Abilities Clause: Evasion abilities are banned
|rule|Sleep Moves Clause: Sleep-inducing moves are banned
|clearpoke
|poke|p1|Grimmsnarl, M|
|poke|p1|Toxtricity, M|
|poke|p1|Dragonite, M|
|poke|p1|Incineroar, M|
|poke|p1|Weavile, M|
|poke|p1|Corviknight, F|
|poke|p2|Cresselia, F|
|poke|p2|Iron Moth|
|poke|p2|Polteageist|
|poke|p2|Ogerpon-Wellspring, F|
|poke|p2|Kingambit, M|
|poke|p2|Zamazenta-*|
|teampreview
|inactive|Battle timer is ON: inactive players will automatically lose when time's up. (requested by meiopotato)
|
|t:|1769306342
|teamsize|p1|6
|teamsize|p2|6
|start
|switch|p1a: ♪ Chop Suey!|Grimmsnarl, M|100/100
|switch|p2a: Kingambit|Kingambit, M|100/100
|turn|1
|
|t:|1769306353
|switch|p1a: ♪ Still Shinin’|Corviknight, F|100/100
|-ability|p1a: ♪ Still Shinin’|Pressure
|move|p2a: Kingambit|Swords Dance|p2a: Kingambit
|-boost|p2a: Kingambit|atk|2
|
|upkeep
|turn|2
|
|t:|1769306357
|move|p2a: Kingambit|Sucker Punch|p1a: ♪ Still Shinin’
|-damage|p1a: ♪ Still Shinin’|59/100
|-damage|p2a: Kingambit|84/100|[from] item: Rocky Helmet|[of] p1a: ♪ Still Shinin’
|move|p1a: ♪ Still Shinin’|Body Press|p2a: Kingambit
|-supereffective|p2a: Kingambit
|-damage|p2a: Kingambit|1/100
|
|-heal|p2a: Kingambit|7/100|[from] item: Leftovers
|upkeep
|turn|3
|
|t:|1769306362
|move|p2a: Kingambit|Sucker Punch||[still]
|-fail|p2a: Kingambit
|move|p1a: ♪ Still Shinin’|Roost|p1a: ♪ Still Shinin’
|-heal|p1a: ♪ Still Shinin’|100/100
|-singleturn|p1a: ♪ Still Shinin’|move: Roost
|
|-heal|p2a: Kingambit|13/100|[from] item: Leftovers
|upkeep
|turn|4
|
|t:|1769306364
|move|p2a: Kingambit|Sucker Punch|p1a: ♪ Still Shinin’
|-crit|p1a: ♪ Still Shinin’
|-damage|p1a: ♪ Still Shinin’|38/100
|-damage|p2a: Kingambit|0 fnt|[from] item: Rocky Helmet|[of] p1a: ♪ Still Shinin’
|faint|p2a: Kingambit
|-end|p2a: Kingambit|fallenundefined|[silent]
|move|p1a: ♪ Still Shinin’|U-turn|p2: Kingambit|[notarget]
|-fail|p1a: ♪ Still Shinin’
|
|upkeep
|
|t:|1769306371
|switch|p2a: Iron Moth|Iron Moth|100/100
|turn|5
|
|t:|1769306375
|switch|p1a: ♪ One Beer|Incineroar, M|100/100
|-ability|p1a: ♪ One Beer|Intimidate|boost
|-unboost|p2a: Iron Moth|atk|1
|move|p2a: Iron Moth|Fiery Dance|p1a: ♪ One Beer
|-resisted|p1a: ♪ One Beer
|-damage|p1a: ♪ One Beer|84/100
|
|upkeep
|turn|6
|
|t:|1769306379
|move|p2a: Iron Moth|Sludge Wave|p1a: ♪ One Beer
|-damage|p1a: ♪ One Beer|49/100
|-status|p1a: ♪ One Beer|psn
|move|p1a: ♪ One Beer|Parting Shot|p2a: Iron Moth
|-unboost|p2a: Iron Moth|atk|1
|-unboost|p2a: Iron Moth|spa|1
|
|t:|1769306387
|switch|p1a: ♪ Chop Suey!|Grimmsnarl, M|100/100|[from] Parting Shot
|
|upkeep
|turn|7
|
|t:|1769306393
|move|p1a: ♪ Chop Suey!|Parting Shot|p2a: Iron Moth
|-unboost|p2a: Iron Moth|atk|1
|-unboost|p2a: Iron Moth|spa|1
|
|t:|1769306399
|switch|p1a: ♪ One Beer|Incineroar, M|49/100 psn|[from] Parting Shot
|-ability|p1a: ♪ One Beer|Intimidate|boost
|-unboost|p2a: Iron Moth|atk|1
|move|p2a: Iron Moth|Fiery Dance|p1a: ♪ One Beer
|-resisted|p1a: ♪ One Beer
|-damage|p1a: ♪ One Beer|41/100 psn
|-boost|p2a: Iron Moth|spa|1
|
|-damage|p1a: ♪ One Beer|28/100 psn|[from] psn
|upkeep
|turn|8
|
|t:|1769306408
|move|p2a: Iron Moth|Fiery Dance|p1a: ♪ One Beer
|-resisted|p1a: ♪ One Beer
|-damage|p1a: ♪ One Beer|17/100 psn
|move|p1a: ♪ One Beer|Knock Off|p2a: Iron Moth
|-damage|p2a: Iron Moth|32/100
|-enditem|p2a: Iron Moth|Focus Sash|[from] move: Knock Off|[of] p1a: ♪ One Beer
|
|-damage|p1a: ♪ One Beer|5/100 psn|[from] psn
|upkeep
|turn|9
|
|t:|1769306412
|move|p2a: Iron Moth|Fiery Dance|p1a: ♪ One Beer
|-resisted|p1a: ♪ One Beer
|-damage|p1a: ♪ One Beer|0 fnt
|faint|p1a: ♪ One Beer
|
|upkeep
|
|t:|1769306419
|switch|p1a: ♪ Aeriels|Dragonite, M|100/100
|turn|10
|
|t:|1769306423
|move|p2a: Iron Moth|Dazzling Gleam|p1a: ♪ Aeriels
|-supereffective|p1a: ♪ Aeriels
|-damage|p1a: ♪ Aeriels|80/100
|move|p1a: ♪ Aeriels|Dragon Dance|p1a: ♪ Aeriels
|-boost|p1a: ♪ Aeriels|atk|1
|-boost|p1a: ♪ Aeriels|spe|1
|
|upkeep
|turn|11
|
|t:|1769306429
|-terastallize|p1a: ♪ Aeriels|Flying
|move|p1a: ♪ Aeriels|Roost|p1a: ♪ Aeriels
|-heal|p1a: ♪ Aeriels|100/100
|-hint|If a Terastallized Pokemon uses Roost, it remains Flying-type.
|move|p2a: Iron Moth|Dazzling Gleam|p1a: ♪ Aeriels
|-damage|p1a: ♪ Aeriels|91/100
|
|upkeep
|turn|12
|
|t:|1769306433
|move|p1a: ♪ Aeriels|Dragon Dance|p1a: ♪ Aeriels
|-boost|p1a: ♪ Aeriels|atk|1
|-boost|p1a: ♪ Aeriels|spe|1
|move|p2a: Iron Moth|Sludge Wave|p1a: ♪ Aeriels
|-damage|p1a: ♪ Aeriels|53/100
|
|upkeep
|turn|13
|
|t:|1769306436
|move|p1a: ♪ Aeriels|Roost|p1a: ♪ Aeriels
|-heal|p1a: ♪ Aeriels|100/100
|-hint|If a Terastallized Pokemon uses Roost, it remains Flying-type.
|move|p2a: Iron Moth|Sludge Wave|p1a: ♪ Aeriels
|-damage|p1a: ♪ Aeriels|81/100
|
|upkeep
|turn|14
|
|t:|1769306443
|move|p1a: ♪ Aeriels|Tera Blast|p2a: Iron Moth|[anim] Tera Blast Flying
|-damage|p2a: Iron Moth|0 fnt
|faint|p2a: Iron Moth
|-end|p2a: Iron Moth|Quark Drive|[silent]
|
|upkeep
|
|t:|1769306446
|switch|p2a: Polteageist|Polteageist|100/100
|turn|15
|
|t:|1769306450
|move|p1a: ♪ Aeriels|Tera Blast|p2a: Polteageist|[anim] Tera Blast Flying
|-enditem|p2a: Polteageist|Focus Sash
|-damage|p2a: Polteageist|1/100
|-ability|p2a: Polteageist|Weak Armor|boost
|-unboost|p2a: Polteageist|def|1
|-boost|p2a: Polteageist|spe|2
|move|p2a: Polteageist|Shell Smash|p2a: Polteageist
|-unboost|p2a: Polteageist|def|1
|-unboost|p2a: Polteageist|spd|1
|-boost|p2a: Polteageist|atk|2
|-boost|p2a: Polteageist|spa|2
|-boost|p2a: Polteageist|spe|2
|
|upkeep
|turn|16
|
|t:|1769306463
|move|p2a: Polteageist|Stored Power|p1a: ♪ Aeriels
|-damage|p1a: ♪ Aeriels|0 fnt
|faint|p1a: ♪ Aeriels
|
|upkeep
|
|t:|1769306467
|switch|p1a: ♪ King Von|Weavile, M|100/100
|-ability|p1a: ♪ King Von|Pressure
|turn|17
|
|t:|1769306470
|move|p1a: ♪ King Von|Ice Shard|p2a: Polteageist
|-damage|p2a: Polteageist|0 fnt
|faint|p2a: Polteageist
|
|upkeep
|
|t:|1769306472
|switch|p2a: Zamazenta|Zamazenta|100/100
|-ability|p2a: Zamazenta|Dauntless Shield|boost
|-boost|p2a: Zamazenta|def|1
|turn|18
|
|t:|1769306476
|switch|p1a: ♪ Still Shinin’|Corviknight, F|38/100
|-ability|p1a: ♪ Still Shinin’|Pressure
|move|p2a: Zamazenta|Iron Defense|p2a: Zamazenta
|-boost|p2a: Zamazenta|def|2
|
|upkeep
|turn|19
|
|t:|1769306478
|move|p2a: Zamazenta|Iron Defense|p2a: Zamazenta
|-boost|p2a: Zamazenta|def|2
|move|p1a: ♪ Still Shinin’|Body Press|p2a: Zamazenta
|-damage|p2a: Zamazenta|94/100
|
|-heal|p2a: Zamazenta|99/100|[from] item: Leftovers
|upkeep
|turn|20
|
|t:|1769306483
|move|p2a: Zamazenta|Body Press|p1a: ♪ Still Shinin’
|-damage|p1a: ♪ Still Shinin’|0 fnt
|-damage|p2a: Zamazenta|83/100|[from] item: Rocky Helmet|[of] p1a: ♪ Still Shinin’
|faint|p1a: ♪ Still Shinin’
|
|-heal|p2a: Zamazenta|89/100|[from] item: Leftovers
|upkeep
|
|t:|1769306485
|switch|p1a: ♪ Chop Suey!|Grimmsnarl, M|100/100
|turn|21
|
|t:|1769306487
|move|p1a: ♪ Chop Suey!|Thunder Wave|p2a: Zamazenta
|-status|p2a: Zamazenta|par
|move|p2a: Zamazenta|Body Press|p1a: ♪ Chop Suey!
|-crit|p1a: ♪ Chop Suey!
|-damage|p1a: ♪ Chop Suey!|0 fnt
|faint|p1a: ♪ Chop Suey!
|
|-heal|p2a: Zamazenta|96/100 par|[from] item: Leftovers
|upkeep
|
|t:|1769306490
|switch|p1a: ♪ Stricken|Toxtricity, M|100/100
|turn|22
|
|t:|1769306492
|move|p1a: ♪ Stricken|Boomburst|p2a: Zamazenta
|-damage|p2a: Zamazenta|5/100 par
|move|p2a: Zamazenta|Body Press|p1a: ♪ Stricken
|-resisted|p1a: ♪ Stricken
|-crit|p1a: ♪ Stricken
|-damage|p1a: ♪ Stricken|0 fnt
|faint|p1a: ♪ Stricken
|
|-heal|p2a: Zamazenta|11/100 par|[from] item: Leftovers
|upkeep
|
|t:|1769306495
|switch|p1a: ♪ King Von|Weavile, M|100/100
|-ability|p1a: ♪ King Von|Pressure
|turn|23
|
|t:|1769306497
|move|p1a: ♪ King Von|Triple Axel|p2a: Zamazenta
|-damage|p2a: Zamazenta|7/100 par
|-damage|p2a: Zamazenta|0 fnt
|faint|p2a: Zamazenta
|-hitcount|p2: Zamazenta|2
|
|upkeep
|
|t:|1769306514
|switch|p2a: Cresselia|Cresselia, F, shiny|100/100
|turn|24
|
|t:|1769306516
|move|p1a: ♪ King Von|Triple Axel|p2a: Cresselia
|-damage|p2a: Cresselia|92/100
|-damage|p2a: Cresselia|75/100
|-crit|p2a: Cresselia
|-damage|p2a: Cresselia|37/100
|-hitcount|p2a: Cresselia|3
|move|p2a: Cresselia|Moonblast|p1a: ♪ King Von
|-supereffective|p1a: ♪ King Von
|-damage|p1a: ♪ King Von|47/100
|
|-heal|p2a: Cresselia|43/100|[from] item: Leftovers
|upkeep
|turn|25
|
|t:|1769306525
|move|p1a: ♪ King Von|Triple Axel|p2a: Cresselia
|-damage|p2a: Cresselia|34/100
|-damage|p2a: Cresselia|16/100
|-damage|p2a: Cresselia|0 fnt
|faint|p2a: Cresselia
|-hitcount|p2: Cresselia|3
|
|upkeep
|
|t:|1769306527
|switch|p2a: Ogerpon|Ogerpon-Wellspring, F|100/100
|turn|26
|
|t:|1769306531
|-terastallize|p2a: Ogerpon|Water
|detailschange|p2a: Ogerpon|Ogerpon-Wellspring-Tera, F, tera:Water
|-ability|p2a: Ogerpon|Embody Aspect (Wellspring)|boost
|-boost|p2a: Ogerpon|spd|1
|move|p1a: ♪ King Von|Triple Axel|p2a: Ogerpon
|-resisted|p2a: Ogerpon
|-damage|p2a: Ogerpon|90/100
|-resisted|p2a: Ogerpon
|-damage|p2a: Ogerpon|71/100
|-resisted|p2a: Ogerpon
|-damage|p2a: Ogerpon|43/100
|-hitcount|p2a: Ogerpon|3
|move|p2a: Ogerpon|Ivy Cudgel|p1a: ♪ King Von|[anim] Ivy Cudgel Water
|-damage|p1a: ♪ King Von|0 fnt
|faint|p1a: ♪ King Von
|
|win|meiopotato
|raw|toxel.png's rating: 1394 &rarr; <strong>1381</strong><br />(-13 for losing)
|raw|meiopotato's rating: 1513 &rarr; <strong>1526</strong><br />(+13 for winning)
|l|☆toxel.png
|player|p1|
|l|☆meiopotato
|player|p2|
