|j|‽Abigcamel
|j|☆MiaTaylor612
|t:|1769429201
|gametype|singles
|player|p1|Abigcamel|morty|1608
|player|p2|MiaTaylor612|idol|1574
|gen|9
|tier|[Gen 9] OU
|rated|
|rule|HP Percentage Mod: HP is shown in percentages
|rule|Endless Battle Clause: Forcing endless battles is banned
|rule|Species Clause: Limit one of each Pokémon
|rule|OHKO Clause: OHKO moves are banned
|rule|Evasion Items Clause: Evasion items are banned
|rule|Evasion Moves Clause: Evasion moves are banned
|rule|Evasion Abilities Clause: Evasion abilities are banned
|rule|Sleep Moves Clause: Sleep-inducing moves are banned
|clearpoke
|poke|p1|Great Tusk|
|poke|p1|Pecharunt|
|poke|p1|Iron Valiant|
|poke|p1|Iron Crown|
|poke|p1|Samurott-Hisui, M|
|poke|p1|Dragonite, M|
|poke|p2|Hoopa-Unbound|
|poke|p2|Weezing-Galar, F|
|poke|p2|Alomomola, M|
|poke|p2|Zamazenta-*|
|poke|p2|Zapdos|
|poke|p2|Iron Treads|
|teampreview
|inactive|Battle timer is ON: inactive players will automatically lose when time's up. (requested by MiaTaylor612)
|j| jiyurey
|
|t:|1769429214
|teamsize|p1|6
|teamsize|p2|6
|start
|switch|p1a: Iron Crown|Iron Crown|100/100
|switch|p2a: Weezing|Weezing-Galar, F|100/100
|-ability|p2a: Weezing|Neutralizing Gas
|turn|1
|
|t:|1769429218
|-end|p2a: Weezing|ability: Neutralizing Gas
|switch|p2a: Alomomola|Alomomola, M|100/100
|move|p1a: Iron Crown|Tachyon Cutter|p2a: Alomomola
|-resisted|p2a: Alomomola
|-damage|p2a: Alomomola|94/100
|-resisted|p2a: Alomomola
|-damage|p2a: Alomomola|87/100
|-hitcount|p2a: Alomomola|2
|
|upkeep
|turn|2
|
|t:|1769429225
|move|p1a: Iron Crown|Volt Switch|p2a: Alomomola
|-supereffective|p2a: Alomomola
|-damage|p2a: Alomomola|63/100
|
|t:|1769429228
|-end|p1a: Iron Crown|Quark Drive|[silent]
|switch|p1a: Samurott|Samurott-Hisui, M, shiny|100/100|[from] Volt Switch
|move|p2a: Alomomola|Flip Turn|p1a: Samurott
|-resisted|p1a: Samurott
|-damage|p1a: Samurott|90/100
|j| Tbccc15
|
|t:|1769429238
|switch|p2a: Zapdos|Zapdos|100/100|[from] Flip Turn
|
|upkeep
|turn|3
|
|t:|1769429243
|switch|p1a: Iron Crown|Iron Crown|100/100
|move|p2a: Zapdos|Volt Switch|p1a: Iron Crown
|-damage|p1a: Iron Crown|78/100
|
|t:|1769429248
|switch|p2a: Alomomola|Alomomola, M|97/100|[from] Volt Switch
|
|upkeep
|turn|4
|
|t:|1769429253
|move|p1a: Iron Crown|Future Sight|p2a: Alomomola
|-start|p1a: Iron Crown|move: Future Sight
|move|p2a: Alomomola|Body Slam|p1a: Iron Crown
|-resisted|p1a: Iron Crown
|-damage|p1a: Iron Crown|70/100
|
|upkeep
|turn|5
|
|t:|1769429262
|move|p1a: Iron Crown|Psychic Noise|p2a: Alomomola
|-crit|p2a: Alomomola
|-damage|p2a: Alomomola|64/100
|-start|p2a: Alomomola|move: Heal Block
|move|p2a: Alomomola|Flip Turn|p1a: Iron Crown
|-damage|p1a: Iron Crown|54/100
|
|t:|1769429269
|switch|p2a: Zapdos|Zapdos|100/100|[from] Flip Turn
|
|upkeep
|turn|6
|
|t:|1769429275
|move|p2a: Zapdos|Volt Switch|p1a: Iron Crown
|-damage|p1a: Iron Crown|29/100
|
|t:|1769429284
|switch|p2a: Iron Treads|Iron Treads|100/100|[from] Volt Switch
|move|p1a: Iron Crown|Psychic Noise|p2a: Iron Treads
|-resisted|p2a: Iron Treads
|-damage|p2a: Iron Treads|85/100
|-start|p2a: Iron Treads|move: Heal Block
|
|-end|p2a: Iron Treads|move: Future Sight
|-resisted|p2a: Iron Treads
|-damage|p2a: Iron Treads|61/100
|upkeep
|turn|7
|
|t:|1769429290
|-end|p1a: Iron Crown|Quark Drive|[silent]
|switch|p1a: Pecharunt|Pecharunt|100/100
|move|p2a: Iron Treads|Stealth Rock|p1a: Pecharunt
|-sidestart|p1: Abigcamel|move: Stealth Rock
|
|-end|p2a: Iron Treads|move: Heal Block
|upkeep
|turn|8
|
|t:|1769429295
|move|p2a: Iron Treads|Earthquake|p1a: Pecharunt
|-supereffective|p1a: Pecharunt
|-damage|p1a: Pecharunt|64/100
|move|p1a: Pecharunt|Parting Shot|p2a: Iron Treads
|-unboost|p2a: Iron Treads|atk|1
|-unboost|p2a: Iron Treads|spa|1
|
|t:|1769429299
|switch|p1a: Great Tusk|Great Tusk, shiny|100/100|[from] Parting Shot
|
|-heal|p2a: Iron Treads|68/100|[from] item: Leftovers
|upkeep
|turn|9
|
|t:|1769429303
|-end|p2a: Iron Treads|Quark Drive|[silent]
|switch|p2a: Alomomola|Alomomola, M|98/100
|move|p1a: Great Tusk|Stealth Rock|p2a: Alomomola
|-sidestart|p2: MiaTaylor612|move: Stealth Rock
|
|upkeep
|turn|10
|
|t:|1769429307
|move|p1a: Great Tusk|Rapid Spin|p2a: Alomomola
|-crit|p2a: Alomomola
|-damage|p2a: Alomomola|78/100
|-boost|p1a: Great Tusk|spe|1
|-sideend|p1: Abigcamel|Stealth Rock|[from] move: Rapid Spin|[of] p1a: Great Tusk
|move|p2a: Alomomola|Scald|p1a: Great Tusk
|-supereffective|p1a: Great Tusk
|-crit|p1a: Great Tusk
|-damage|p1a: Great Tusk|35/100
|-status|p1a: Great Tusk|brn
|
|-damage|p1a: Great Tusk|29/100 brn|[from] brn
|upkeep
|turn|11
|
|t:|1769429316
|-end|p1a: Great Tusk|Protosynthesis|[silent]
|switch|p1a: Pecharunt|Pecharunt|64/100
|move|p2a: Alomomola|Flip Turn|p1a: Pecharunt
|-damage|p1a: Pecharunt|56/100
|-damage|p2a: Alomomola|62/100|[from] item: Rocky Helmet|[of] p1a: Pecharunt
|j| js_redstar
|
|t:|1769429324
|switch|p2a: Iron Treads|Iron Treads|68/100|[from] Flip Turn
|-damage|p2a: Iron Treads|65/100|[from] Stealth Rock
|
|-heal|p2a: Iron Treads|71/100|[from] item: Leftovers
|upkeep
|turn|12
|
|t:|1769429328
|move|p2a: Iron Treads|Stealth Rock|p1a: Pecharunt
|-sidestart|p1: Abigcamel|move: Stealth Rock
|move|p1a: Pecharunt|Recover|p1a: Pecharunt
|-heal|p1a: Pecharunt|100/100
|
|-heal|p2a: Iron Treads|77/100|[from] item: Leftovers
|upkeep
|turn|13
|
|t:|1769429332
|move|p2a: Iron Treads|Earthquake|p1a: Pecharunt
|-supereffective|p1a: Pecharunt
|-crit|p1a: Pecharunt
|-damage|p1a: Pecharunt|48/100
|move|p1a: Pecharunt|Shadow Ball|p2a: Iron Treads
|-damage|p2a: Iron Treads|56/100
|
|-heal|p2a: Iron Treads|62/100|[from] item: Leftovers
|upkeep
|turn|14
|
|t:|1769429338
|move|p2a: Iron Treads|Earthquake|p1a: Pecharunt
|-supereffective|p1a: Pecharunt
|-damage|p1a: Pecharunt|10/100
|move|p1a: Pecharunt|Recover|p1a: Pecharunt
|-heal|p1a: Pecharunt|60/100
|
|-heal|p2a: Iron Treads|68/100|[from] item: Leftovers
|upkeep
|turn|15
|
|t:|1769429343
|move|p2a: Iron Treads|Earthquake|p1a: Pecharunt
|-supereffective|p1a: Pecharunt
|-damage|p1a: Pecharunt|23/100
|move|p1a: Pecharunt|Recover|p1a: Pecharunt
|-heal|p1a: Pecharunt|74/100
|
|-heal|p2a: Iron Treads|75/100|[from] item: Leftovers
|upkeep
|turn|16
|
|t:|1769429346
|move|p2a: Iron Treads|Earthquake|p1a: Pecharunt
|-supereffective|p1a: Pecharunt
|-damage|p1a: Pecharunt|40/100
|move|p1a: Pecharunt|Parting Shot|p2a: Iron Treads
|-unboost|p2a: Iron Treads|atk|1
|-unboost|p2a: Iron Treads|spa|1
|l| js_redstar
|
|t:|1769429353
|switch|p1a: Dragonite|Dragonite, M, shiny|100/100|[from] Parting Shot
|
|-heal|p2a: Iron Treads|81/100|[from] item: Leftovers
|upkeep
|turn|17
|
|t:|1769429358
|move|p1a: Dragonite|Dragon Dance|p1a: Dragonite
|-boost|p1a: Dragonite|atk|1
|-boost|p1a: Dragonite|spe|1
|move|p2a: Iron Treads|Ice Spinner|p1a: Dragonite
|-supereffective|p1a: Dragonite
|-damage|p1a: Dragonite|70/100
|
|-heal|p2a: Iron Treads|87/100|[from] item: Leftovers
|upkeep
|turn|18
|
|t:|1769429370
|-end|p2a: Iron Treads|Quark Drive|[silent]
|switch|p2a: Zapdos|Zapdos|100/100
|move|p1a: Dragonite|Earthquake|p2a: Zapdos
|-immune|p2a: Zapdos
|
|upkeep
|turn|19
|
|t:|1769429375
|move|p1a: Dragonite|Roost|p1a: Dragonite
|-heal|p1a: Dragonite|100/100
|-singleturn|p1a: Dragonite|move: Roost
|move|p2a: Zapdos|Volt Switch|p1a: Dragonite
|-resisted|p1a: Dragonite
|-damage|p1a: Dragonite|92/100
|
|t:|1769429380
|switch|p2a: Weezing|Weezing-Galar, F|100/100|[from] Volt Switch
|-ability|p2a: Weezing|Neutralizing Gas
|
|upkeep
|turn|20
|
|t:|1769429385
|switch|p1a: Great Tusk|Great Tusk, shiny|29/100 brn
|move|p2a: Weezing|Will-O-Wisp|p1a: Great Tusk
|-fail|p1a: Great Tusk|brn
|
|-damage|p1a: Great Tusk|23/100 brn|[from] brn
|upkeep
|turn|21
|j| natte pannenkoek
|
|t:|1769429388
|move|p1a: Great Tusk|Rapid Spin|p2a: Weezing
|-damage|p2a: Weezing|95/100
|-boost|p1a: Great Tusk|spe|1
|-sideend|p1: Abigcamel|Stealth Rock|[from] move: Rapid Spin|[of] p1a: Great Tusk
|move|p2a: Weezing|Sludge Bomb|p1a: Great Tusk
|-resisted|p1a: Great Tusk
|-damage|p1a: Great Tusk|3/100 brn
|
|-damage|p1a: Great Tusk|0 fnt|[from] brn
|faint|p1a: Great Tusk
|-end|p1a: Great Tusk|Protosynthesis|[silent]
|upkeep
|
|t:|1769429393
|switch|p1a: Iron Crown|Iron Crown|29/100
|turn|22
|
|t:|1769429396
|-end|p2a: Weezing|ability: Neutralizing Gas
|switch|p2a: Alomomola|Alomomola, M|95/100
|-damage|p2a: Alomomola|83/100|[from] Stealth Rock
|move|p1a: Iron Crown|Future Sight|p2a: Alomomola
|-start|p1a: Iron Crown|move: Future Sight
|
|upkeep
|turn|23
|
|t:|1769429401
|move|p1a: Iron Crown|Psychic Noise|p2a: Alomomola
|-damage|p2a: Alomomola|60/100
|-start|p2a: Alomomola|move: Heal Block
|move|p2a: Alomomola|Flip Turn|p1a: Iron Crown
|-damage|p1a: Iron Crown|11/100
|
|t:|1769429408
|switch|p2a: Iron Treads|Iron Treads|87/100|[from] Flip Turn
|-damage|p2a: Iron Treads|84/100|[from] Stealth Rock
|
|-heal|p2a: Iron Treads|90/100|[from] item: Leftovers
|upkeep
|turn|24
|l|‽Abigcamel
|inactive|Abigcamel disconnected and has a minute to reconnect!
|player|p1|
|inactive|Abigcamel has 30 seconds to reconnect!
|inactive|Abigcamel has 20 seconds to reconnect!
|j|‽Abigcamel
|inactive|Abigcamel reconnected and has 110 seconds left.
|player|p1|Abigcamel|morty|
|n|‽Abigcamel|abigcamel
|
|t:|1769429456
|move|p1a: Iron Crown|Psychic Noise|p2a: Iron Treads
|-resisted|p2a: Iron Treads
|-damage|p2a: Iron Treads|76/100
|-start|p2a: Iron Treads|move: Heal Block
|move|p2a: Iron Treads|Stealth Rock|p1a: Iron Crown
|-sidestart|p1: Abigcamel|move: Stealth Rock
|
|-end|p2a: Iron Treads|move: Future Sight
|-resisted|p2a: Iron Treads
|-damage|p2a: Iron Treads|51/100
|upkeep
|turn|25
|
|t:|1769429475
|move|p1a: Iron Crown|Tachyon Cutter|p2a: Iron Treads
|-resisted|p2a: Iron Treads
|-crit|p2a: Iron Treads
|-damage|p2a: Iron Treads|35/100
|-resisted|p2a: Iron Treads
|-damage|p2a: Iron Treads|24/100
|-hitcount|p2a: Iron Treads|2
|move|p2a: Iron Treads|Rapid Spin|p1a: Iron Crown
|-resisted|p1a: Iron Crown
|-damage|p1a: Iron Crown|5/100
|-boost|p2a: Iron Treads|spe|1
|-sideend|p2: MiaTaylor612|Stealth Rock|[from] move: Rapid Spin|[of] p2a: Iron Treads
|
|-end|p2a: Iron Treads|move: Heal Block
|upkeep
|turn|26
|
|t:|1769429482
|move|p2a: Iron Treads|Rapid Spin|p1a: Iron Crown
|-resisted|p1a: Iron Crown
|-damage|p1a: Iron Crown|0 fnt
|-boost|p2a: Iron Treads|spe|1
|faint|p1a: Iron Crown
|-end|p1a: Iron Crown|Quark Drive|[silent]
|
|-heal|p2a: Iron Treads|31/100|[from] item: Leftovers
|upkeep
|
|t:|1769429487
|switch|p1a: Samurott|Samurott-Hisui, M, shiny|90/100
|-damage|p1a: Samurott|77/100|[from] Stealth Rock
|turn|27
|
|t:|1769429492
|move|p1a: Samurott|Sucker Punch|p2a: Iron Treads
|-damage|p2a: Iron Treads|0 fnt
|faint|p2a: Iron Treads
|-end|p2a: Iron Treads|Quark Drive|[silent]
|
|upkeep
|
|t:|1769429495
|switch|p2a: Zapdos|Zapdos|100/100
|turn|28
|
|t:|1769429504
|move|p1a: Samurott|Sucker Punch|p2a: Zapdos
|-damage|p2a: Zapdos|52/100
|move|p2a: Zapdos|Volt Switch|p1a: Samurott
|-supereffective|p1a: Samurott
|-damage|p1a: Samurott|0 fnt
|faint|p1a: Samurott
|
|t:|1769429512
|switch|p2a: Wishmaster|Hoopa-Unbound|100/100|[from] Volt Switch
|
|upkeep
|
|t:|1769429517
|switch|p1a: Iron Valiant|Iron Valiant, shiny|100/100
|-damage|p1a: Iron Valiant|94/100|[from] Stealth Rock
|turn|29
|
|t:|1769429520
|-terastallize|p1a: Iron Valiant|Fairy
|move|p1a: Iron Valiant|Moonblast|p2a: Wishmaster
|-supereffective|p2a: Wishmaster
|-damage|p2a: Wishmaster|8/100
|move|p2a: Wishmaster|Psychic Noise|p1a: Iron Valiant
|-damage|p1a: Iron Valiant|3/100
|-start|p1a: Iron Valiant|move: Heal Block
|
|upkeep
|turn|30
|
|t:|1769429529
|move|p1a: Iron Valiant|Moonblast|p2a: Wishmaster
|-supereffective|p2a: Wishmaster
|-damage|p2a: Wishmaster|0 fnt
|faint|p2a: Wishmaster
|
|-end|p1a: Iron Valiant|move: Heal Block
|upkeep
|
|t:|1769429531
|switch|p2a: Alomomola|Alomomola, M|94/100
|turn|31
|
|t:|1769429534
|move|p1a: Iron Valiant|Moonblast|p2a: Alomomola
|-damage|p2a: Alomomola|41/100
|-unboost|p2a: Alomomola|spa|1
|move|p2a: Alomomola|Flip Turn|p1a: Iron Valiant
|-damage|p1a: Iron Valiant|0 fnt
|faint|p1a: Iron Valiant
|-end|p1a: Iron Valiant|Quark Drive|[silent]
|
|t:|1769429540
|switch|p2a: Zamazenta|Zamazenta|100/100|[from] Flip Turn
|-ability|p2a: Zamazenta|Dauntless Shield|boost
|-boost|p2a: Zamazenta|def|1
|
|upkeep
|
|t:|1769429543
|switch|p1a: Pecharunt|Pecharunt|40/100
|-damage|p1a: Pecharunt|27/100|[from] Stealth Rock
|turn|32
|
|t:|1769429546
|move|p2a: Zamazenta|Crunch|p1a: Pecharunt
|-supereffective|p1a: Pecharunt
|-damage|p1a: Pecharunt|0 fnt
|-damage|p2a: Zamazenta|84/100|[from] item: Rocky Helmet|[of] p1a: Pecharunt
|faint|p1a: Pecharunt
|-damage|p2a: Zamazenta|74/100|[from] item: Life Orb
|
|upkeep
|
|t:|1769429548
|switch|p1a: Dragonite|Dragonite, M, shiny|92/100
|turn|33
|
|t:|1769429553
|move|p2a: Zamazenta|Stone Edge|p1a: Dragonite
|-supereffective|p1a: Dragonite
|-crit|p1a: Dragonite
|-damage|p1a: Dragonite|0 fnt
|faint|p1a: Dragonite
|-damage|p2a: Zamazenta|64/100|[from] item: Life Orb
|
|win|MiaTaylor612
|raw|Abigcamel's rating: 1608 &rarr; <strong>1586</strong><br />(-22 for losing)
|raw|MiaTaylor612's rating: 1574 &rarr; <strong>1596</strong><br />(+22 for winning)
|l|‽Abigcamel
|player|p1|
|l|☆MiaTaylor612
|player|p2|
|l| natte pannenkoek
