|j|☆bvbjonas98
|j|☆my password broke
|t:|1769329697
|gametype|singles
|player|p1|bvbjonas98|wattson|1527
|player|p2|my password broke|266|1409
|gen|9
|tier|[Gen 9] OU
|rated|
|rule|HP Percentage Mod: HP is shown in percentages
|rule|Endless Battle Clause: Forcing endless battles is banned
|rule|Species Clause: Limit one of each Pokémon
|rule|OHKO Clause: OHKO moves are banned
|rule|Evasion Items Clause: Evasion items are banned
|rule|Evasion Moves Clause: Evasion moves are banned
|rule|Evasion Abilities Clause: Evasion abilities are banned
|rule|Sleep Moves Clause: Sleep-inducing moves are banned
|clearpoke
|poke|p1|Ceruledge, M|
|poke|p1|Clefable, M|
|poke|p1|Corviknight, F|
|poke|p1|Rotom-Wash|
|poke|p1|Clodsire, M|
|poke|p1|Weavile, M|
|poke|p2|Rillaboom, M|
|poke|p2|Okidogi, M|
|poke|p2|Zamazenta-*|
|poke|p2|Iron Treads|
|poke|p2|Clefable, F|
|poke|p2|Walking Wake|
|teampreview
|inactive|Battle timer is ON: inactive players will automatically lose when time's up. (requested by bvbjonas98)
|
|t:|1769329743
|teamsize|p1|6
|teamsize|p2|6
|start
|switch|p1a: Clefable|Clefable, M|100/100
|switch|p2a: Walking Wake|Walking Wake|100/100
|turn|1
|
|t:|1769329748
|switch|p1a: Clodsire|Clodsire, M|100/100
|move|p2a: Walking Wake|Flip Turn|p1a: Clodsire
|-immune|p1a: Clodsire|[from] ability: Water Absorb
|
|upkeep
|turn|2
|
|t:|1769329759
|-end|p2a: Walking Wake|Protosynthesis|[silent]
|switch|p2a: Iron Treads|Iron Treads|100/100
|move|p1a: Clodsire|Stealth Rock|p2a: Iron Treads
|-sidestart|p2: my password broke|move: Stealth Rock
|
|upkeep
|turn|3
|
|t:|1769329767
|switch|p1a: Ceruledge|Ceruledge, M, shiny|100/100
|move|p2a: Iron Treads|Stealth Rock|p1a: Ceruledge
|-sidestart|p1: bvbjonas98|move: Stealth Rock
|
|upkeep
|turn|4
|
|t:|1769329784
|move|p2a: Iron Treads|High Horsepower|p1a: Ceruledge
|-supereffective|p1a: Ceruledge
|-damage|p1a: Ceruledge|12/100
|move|p1a: Ceruledge|Bitter Blade|p2a: Iron Treads
|-supereffective|p2a: Iron Treads
|-damage|p2a: Iron Treads|41/100
|-heal|p1a: Ceruledge|44/100|[from] drain|[of] p2a: Iron Treads
|
|-heal|p2a: Iron Treads|47/100|[from] item: Leftovers
|-heal|p1a: Ceruledge|51/100|[from] item: Leftovers
|upkeep
|turn|5
|
|t:|1769329796
|switch|p1a: Corviknight|Corviknight, F|100/100
|-damage|p1a: Corviknight|88/100|[from] Stealth Rock
|move|p2a: Iron Treads|High Horsepower|p1a: Corviknight
|-immune|p1a: Corviknight
|
|-heal|p2a: Iron Treads|53/100|[from] item: Leftovers
|upkeep
|turn|6
|
|t:|1769329805
|move|p2a: Iron Treads|Knock Off|p1a: Corviknight
|-damage|p1a: Corviknight|73/100
|-damage|p2a: Iron Treads|37/100|[from] item: Rocky Helmet|[of] p1a: Corviknight
|-enditem|p1a: Corviknight|Rocky Helmet|[from] move: Knock Off|[of] p2a: Iron Treads
|move|p1a: Corviknight|Body Press|p2a: Iron Treads
|-supereffective|p2a: Iron Treads
|-damage|p2a: Iron Treads|0 fnt
|faint|p2a: Iron Treads
|-end|p2a: Iron Treads|Quark Drive|[silent]
|
|upkeep
|
|t:|1769329818
|switch|p2a: Walking Wake|Walking Wake|100/100
|-damage|p2a: Walking Wake|88/100|[from] Stealth Rock
|turn|7
|
|t:|1769329829
|move|p2a: Walking Wake|Surf|p1a: Corviknight
|-damage|p1a: Corviknight|10/100
|move|p1a: Corviknight|U-turn|p2a: Walking Wake
|-damage|p2a: Walking Wake|72/100
|
|t:|1769329839
|switch|p1a: Clodsire|Clodsire, M|100/100|[from] U-turn
|-damage|p1a: Clodsire|94/100|[from] Stealth Rock
|
|-heal|p1a: Clodsire|100/100|[from] item: Black Sludge
|upkeep
|turn|8
|
|t:|1769329858
|-end|p2a: Walking Wake|Protosynthesis|[silent]
|switch|p2a: Rillaboom|Rillaboom, M|100/100
|-damage|p2a: Rillaboom|88/100|[from] Stealth Rock
|-fieldstart|move: Grassy Terrain|[from] ability: Grassy Surge|[of] p2a: Rillaboom
|move|p1a: Clodsire|Toxic|p2a: Rillaboom
|-status|p2a: Rillaboom|tox
|
|-heal|p2a: Rillaboom|94/100 tox|[from] Grassy Terrain
|-damage|p2a: Rillaboom|88/100 tox|[from] psn
|upkeep
|turn|9
|
|t:|1769329872
|switch|p1a: Corviknight|Corviknight, F|10/100
|-damage|p1a: Corviknight|0 fnt|[from] Stealth Rock
|faint|p1a: Corviknight
|move|p2a: Rillaboom|Wood Hammer|p1: Corviknight|[notarget]
|-fail|p2a: Rillaboom
|
|-heal|p2a: Rillaboom|94/100 tox|[from] Grassy Terrain
|-damage|p2a: Rillaboom|82/100 tox|[from] psn
|upkeep
|
|t:|1769329882
|switch|p1a: Weavile|Weavile, M|100/100
|-ability|p1a: Weavile|Pressure
|turn|10
|
|t:|1769329889
|switch|p2a: Zamazenta|Zamazenta|100/100
|-damage|p2a: Zamazenta|94/100|[from] Stealth Rock
|-ability|p2a: Zamazenta|Dauntless Shield|boost
|-boost|p2a: Zamazenta|def|1
|move|p1a: Weavile|Triple Axel|p2a: Zamazenta
|-damage|p2a: Zamazenta|89/100
|-damage|p2a: Zamazenta|78/100
|-damage|p2a: Zamazenta|64/100
|-hitcount|p2a: Zamazenta|3
|
|-heal|p2a: Zamazenta|70/100|[from] Grassy Terrain
|-heal|p2a: Zamazenta|76/100|[from] item: Leftovers
|upkeep
|turn|11
|
|t:|1769329902
|switch|p1a: Clefable|Clefable, M|100/100
|move|p2a: Zamazenta|Stone Edge|p1a: Clefable
|-damage|p1a: Clefable|78/100
|
|-heal|p2a: Zamazenta|83/100|[from] Grassy Terrain
|-heal|p2a: Zamazenta|89/100|[from] item: Leftovers
|-heal|p1a: Clefable|84/100|[from] Grassy Terrain
|upkeep
|turn|12
|
|t:|1769329913
|switch|p2a: Rillaboom|Rillaboom, M|82/100 tox
|-damage|p2a: Rillaboom|69/100 tox|[from] Stealth Rock
|move|p1a: Clefable|Moonblast|p2a: Rillaboom
|-damage|p2a: Rillaboom|31/100 tox
|-unboost|p2a: Rillaboom|spa|1
|
|-heal|p2a: Rillaboom|37/100 tox|[from] Grassy Terrain
|-heal|p1a: Clefable|91/100|[from] Grassy Terrain
|-damage|p2a: Rillaboom|31/100 tox|[from] psn
|upkeep
|turn|13
|
|t:|1769329927
|switch|p1a: Clodsire|Clodsire, M|100/100
|-damage|p1a: Clodsire|94/100|[from] Stealth Rock
|move|p2a: Rillaboom|Wood Hammer|p1a: Clodsire
|-damage|p1a: Clodsire|4/100
|-damage|p2a: Rillaboom|0 fnt|[from] Recoil
|faint|p2a: Rillaboom
|
|-heal|p1a: Clodsire|10/100|[from] Grassy Terrain
|-heal|p1a: Clodsire|16/100|[from] item: Black Sludge
|upkeep
|
|t:|1769329935
|switch|p2a: Okidogi|Okidogi, M|100/100
|-damage|p2a: Okidogi|94/100|[from] Stealth Rock
|turn|14
|
|t:|1769329943
|switch|p1a: Rotom|Rotom-Wash|100/100
|-damage|p1a: Rotom|88/100|[from] Stealth Rock
|move|p2a: Okidogi|Knock Off|p1a: Rotom
|-damage|p1a: Rotom|44/100
|-status|p1a: Rotom|tox|[from] ability: Toxic Chain|[of] p2a: Okidogi
|-enditem|p1a: Rotom|Choice Scarf|[from] move: Knock Off|[of] p2a: Okidogi
|
|-heal|p2a: Okidogi|100/100|[from] Grassy Terrain
|-damage|p1a: Rotom|38/100 tox|[from] psn
|upkeep
|turn|15
|
|t:|1769329958
|move|p1a: Rotom|Pain Split|p2a: Okidogi
|-sethp|p2a: Okidogi|62/100|[from] move: Pain Split|[silent]
|-sethp|p1a: Rotom|98/100 tox|[from] move: Pain Split
|move|p2a: Okidogi|Drain Punch|p1a: Rotom
|-damage|p1a: Rotom|51/100 tox
|-heal|p2a: Okidogi|77/100|[from] drain|[of] p1a: Rotom
|
|-heal|p2a: Okidogi|83/100|[from] Grassy Terrain
|-heal|p2a: Okidogi|89/100|[from] item: Leftovers
|-damage|p1a: Rotom|39/100 tox|[from] psn
|-fieldend|move: Grassy Terrain
|upkeep
|turn|16
|
|t:|1769329970
|move|p1a: Rotom|Trick|p2a: Okidogi
|-activate|p1a: Rotom|move: Trick|[of] p2a: Okidogi
|-enditem|p2a: Okidogi|Leftovers|[silent]|[from] move: Trick
|-item|p1a: Rotom|Leftovers|[from] move: Trick
|move|p2a: Okidogi|Drain Punch|p1a: Rotom
|-damage|p1a: Rotom|0 fnt
|-heal|p2a: Okidogi|100/100|[from] drain|[of] p1a: Rotom
|faint|p1a: Rotom
|
|upkeep
|
|t:|1769329979
|switch|p1a: Clefable|Clefable, M|91/100
|turn|17
|
|t:|1769329983
|-terastallize|p2a: Okidogi|Fire
|-terastallize|p1a: Clefable|Poison
|move|p2a: Okidogi|Gunk Shot|p1a: Clefable
|-resisted|p1a: Clefable
|-damage|p1a: Clefable|70/100
|move|p1a: Clefable|Calm Mind|p1a: Clefable
|-boost|p1a: Clefable|spa|1
|-boost|p1a: Clefable|spd|1
|
|upkeep
|turn|18
|
|t:|1769329998
|move|p2a: Okidogi|Knock Off|p1a: Clefable
|-damage|p1a: Clefable|45/100
|-enditem|p1a: Clefable|Heavy-Duty Boots|[from] move: Knock Off|[of] p2a: Okidogi
|move|p1a: Clefable|Moonlight|p1a: Clefable
|-heal|p1a: Clefable|95/100
|
|upkeep
|turn|19
|
|t:|1769330010
|switch|p2a: Clefable|Clefable, F|100/100
|move|p1a: Clefable|Calm Mind|p1a: Clefable
|-boost|p1a: Clefable|spa|1
|-boost|p1a: Clefable|spd|1
|
|upkeep
|turn|20
|
|t:|1769330016
|move|p2a: Clefable|Thunder Wave|p1a: Clefable
|-status|p1a: Clefable|par
|move|p1a: Clefable|Moonblast|p2a: Clefable
|-damage|p2a: Clefable|41/100
|
|-heal|p2a: Clefable|47/100|[from] item: Leftovers
|upkeep
|turn|21
|
|t:|1769330029
|move|p2a: Clefable|Moonlight|p2a: Clefable
|-heal|p2a: Clefable|97/100
|cant|p1a: Clefable|par
|
|-heal|p2a: Clefable|100/100|[from] item: Leftovers
|upkeep
|turn|22
|
|t:|1769330038
|move|p2a: Clefable|Moonblast|p1a: Clefable
|-resisted|p1a: Clefable
|-damage|p1a: Clefable|88/100 par
|-unboost|p1a: Clefable|spa|1
|move|p1a: Clefable|Calm Mind|p1a: Clefable
|-boost|p1a: Clefable|spa|1
|-boost|p1a: Clefable|spd|1
|
|upkeep
|turn|23
|
|t:|1769330052
|switch|p2a: Okidogi|Okidogi, M, tera:Fire|100/100
|-damage|p2a: Okidogi|76/100|[from] Stealth Rock
|move|p1a: Clefable|Calm Mind|p1a: Clefable
|-boost|p1a: Clefable|spa|1
|-boost|p1a: Clefable|spd|1
|
|upkeep
|turn|24
|
|t:|1769330067
|move|p2a: Okidogi|Drain Punch|p1a: Clefable
|-resisted|p1a: Clefable
|-damage|p1a: Clefable|73/100 par
|-heal|p2a: Okidogi|83/100|[from] drain|[of] p1a: Clefable
|move|p1a: Clefable|Moonblast|p2a: Okidogi
|-resisted|p2a: Okidogi
|-damage|p2a: Okidogi|52/100
|
|upkeep
|turn|25
|
|t:|1769330076
|move|p2a: Okidogi|Drain Punch|p1a: Clefable
|-resisted|p1a: Clefable
|-damage|p1a: Clefable|58/100 par
|-heal|p2a: Okidogi|60/100|[from] drain|[of] p1a: Clefable
|cant|p1a: Clefable|par
|
|upkeep
|turn|26
|
|t:|1769330086
|move|p2a: Okidogi|Drain Punch|p1a: Clefable
|-resisted|p1a: Clefable
|-damage|p1a: Clefable|43/100 par
|-heal|p2a: Okidogi|68/100|[from] drain|[of] p1a: Clefable
|move|p1a: Clefable|Moonlight|p1a: Clefable
|-heal|p1a: Clefable|93/100 par
|
|upkeep
|turn|27
|
|t:|1769330096
|move|p2a: Okidogi|Drain Punch|p1a: Clefable
|-resisted|p1a: Clefable
|-damage|p1a: Clefable|79/100 par
|-heal|p2a: Okidogi|75/100|[from] drain|[of] p1a: Clefable
|cant|p1a: Clefable|par
|
|upkeep
|turn|28
|
|t:|1769330104
|move|p2a: Okidogi|Drain Punch|p1a: Clefable
|-resisted|p1a: Clefable
|-crit|p1a: Clefable
|-damage|p1a: Clefable|57/100 par
|-heal|p2a: Okidogi|87/100|[from] drain|[of] p1a: Clefable
|move|p1a: Clefable|Moonblast|p2a: Okidogi
|-resisted|p2a: Okidogi
|-crit|p2a: Okidogi
|-damage|p2a: Okidogi|39/100
|-unboost|p2a: Okidogi|spa|1
|
|upkeep
|turn|29
|
|t:|1769330114
|switch|p2a: Walking Wake|Walking Wake|72/100
|-damage|p2a: Walking Wake|59/100|[from] Stealth Rock
|move|p1a: Clefable|Moonlight|p1a: Clefable
|-heal|p1a: Clefable|100/100 par
|
|upkeep
|turn|30
|
|t:|1769330122
|move|p2a: Walking Wake|Draco Meteor|p1a: Clefable
|-damage|p1a: Clefable|70/100 par
|-unboost|p2a: Walking Wake|spa|2
|cant|p1a: Clefable|par
|
|upkeep
|turn|31
|
|t:|1769330128
|move|p2a: Walking Wake|Draco Meteor|p1a: Clefable
|-damage|p1a: Clefable|41/100 par
|-unboost|p2a: Walking Wake|spa|2
|move|p1a: Clefable|Moonlight|p1a: Clefable
|-heal|p1a: Clefable|91/100 par
|
|upkeep
|turn|32
|
|t:|1769330136
|move|p2a: Walking Wake|Draco Meteor|p1a: Clefable
|-crit|p1a: Clefable
|-damage|p1a: Clefable|0 fnt
|-unboost|p2a: Walking Wake|spa|2
|faint|p1a: Clefable
|
|upkeep
|c|☆bvbjonas98|ofc
|c|☆my password broke|i mean
|c|☆my password broke|is gonna happen
|c|☆bvbjonas98|it can happen yeah
|c|☆bvbjonas98|but not very common
|c|☆my password broke|after 30 atk
|inactive|bvbjonas98 has 120 seconds left.
|c|☆my password broke|there is chances
|c|☆my password broke|that was my only wincon
|c|☆bvbjonas98|yeah every move would be ok to crit
|c|☆my password broke|so i gotta aim for that
|c|☆bvbjonas98|just not draco :D
|c|☆my password broke|i know
|-message|bvbjonas98 forfeited.
|
|win|my password broke
|raw|bvbjonas98's rating: 1527 &rarr; <strong>1500</strong><br />(-27 for losing)
|raw|my password broke's rating: 1409 &rarr; <strong>1436</strong><br />(+27 for winning)
|l|☆bvbjonas98
|player|p1|
|c|☆my password broke|my b
