|j|☆D3grad3 m3
|j|☆Firsttimeplayinig
|t:|1769304896
|gametype|singles
|player|p1|D3grad3 m3|preschoolerf|1197
|player|p2|Firsttimeplayinig|bugcatcher-gen4dp|1177
|gen|9
|tier|[Gen 9] OU
|rated|
|rule|HP Percentage Mod: HP is shown in percentages
|rule|Endless Battle Clause: Forcing endless battles is banned
|rule|Species Clause: Limit one of each Pokémon
|rule|OHKO Clause: OHKO moves are banned
|rule|Evasion Items Clause: Evasion items are banned
|rule|Evasion Moves Clause: Evasion moves are banned
|rule|Evasion Abilities Clause: Evasion abilities are banned
|rule|Sleep Moves Clause: Sleep-inducing moves are banned
|clearpoke
|poke|p1|Meowscarada, M|
|poke|p1|Zapdos|
|poke|p1|Keldeo-Resolute|
|poke|p1|Garganacl, M|
|poke|p1|Dragapult, F|
|poke|p1|Slowking-Galar, F|
|poke|p2|Zapdos-Galar|
|poke|p2|Ting-Lu|
|poke|p2|Keldeo-Resolute|
|poke|p2|Sinistcha|
|poke|p2|Fezandipiti, M|
|poke|p2|Iron Treads|
|teampreview
|inactive|Battle timer is ON: inactive players will automatically lose when time's up. (requested by D3grad3 m3)
|inactive|D3grad3 m3 has 120 seconds left.
|
|t:|1769304929
|teamsize|p1|6
|teamsize|p2|6
|start
|switch|p1a: Meowthsynth|Meowscarada, M|100/100
|switch|p2a: Fezandipiti|Fezandipiti, M|100/100
|turn|1
|
|t:|1769304934
|move|p1a: Meowthsynth|U-turn|p2a: Fezandipiti
|-start|p1a: Meowthsynth|typechange|Bug|[from] ability: Protean
|-resisted|p2a: Fezandipiti
|-damage|p2a: Fezandipiti|87/100
|
|t:|1769304937
|switch|p1a: Clarity|Garganacl, M|100/100|[from] U-turn
|move|p2a: Fezandipiti|Sludge Bomb|p1a: Clarity
|-resisted|p1a: Clarity
|-damage|p1a: Clarity|92/100
|
|-heal|p1a: Clarity|99/100|[from] item: Leftovers
|upkeep
|turn|2
|
|t:|1769304946
|move|p2a: Fezandipiti|Beat Up|p1a: Clarity
|-damage|p1a: Clarity|97/100
|-damage|p1a: Clarity|94/100
|-damage|p1a: Clarity|92/100
|-damage|p1a: Clarity|91/100
|-damage|p1a: Clarity|89/100
|-damage|p1a: Clarity|87/100
|-hitcount|p1a: Clarity|6
|move|p1a: Clarity|Salt Cure|p2a: Fezandipiti
|-damage|p2a: Fezandipiti|72/100
|-start|p2a: Fezandipiti|Salt Cure
|
|-heal|p1a: Clarity|93/100|[from] item: Leftovers
|-damage|p2a: Fezandipiti|59/100|[from] Salt Cure
|upkeep
|turn|3
|
|t:|1769304952
|switch|p2a: Ting-Lu|Ting-Lu|100/100
|-ability|p2a: Ting-Lu|Vessel of Ruin
|move|p1a: Clarity|Stealth Rock|p2a: Ting-Lu
|-sidestart|p2: Firsttimeplayinig|move: Stealth Rock
|
|-heal|p1a: Clarity|99/100|[from] item: Leftovers
|upkeep
|turn|4
|
|t:|1769304956
|move|p1a: Clarity|Protect|p1a: Clarity
|-singleturn|p1a: Clarity|Protect
|move|p2a: Ting-Lu|Spikes|p1a: Clarity
|-sidestart|p1: D3grad3 m3|Spikes
|
|-heal|p1a: Clarity|100/100|[from] item: Leftovers
|upkeep
|turn|5
|
|t:|1769304961
|switch|p1a: stargazing|Keldeo-Resolute|100/100
|move|p2a: Ting-Lu|Spikes|p1a: stargazing
|-sidestart|p1: D3grad3 m3|Spikes
|
|upkeep
|turn|6
|
|t:|1769304967
|move|p1a: stargazing|Calm Mind|p1a: stargazing
|-boost|p1a: stargazing|spa|1
|-boost|p1a: stargazing|spd|1
|move|p2a: Ting-Lu|Spikes|p1a: stargazing
|-sidestart|p1: D3grad3 m3|Spikes
|
|upkeep
|turn|7
|
|t:|1769304972
|move|p1a: stargazing|Surf|p2a: Ting-Lu
|-supereffective|p2a: Ting-Lu
|-damage|p2a: Ting-Lu|29/100
|move|p2a: Ting-Lu|Whirlwind|p1a: stargazing
|drag|p1a: Another End|Slowking-Galar, F|100/100
|
|-heal|p2a: Ting-Lu|36/100|[from] item: Leftovers
|upkeep
|turn|8
|
|t:|1769304976
|move|p2a: Ting-Lu|Payback|p1a: Another End
|-supereffective|p1a: Another End
|-damage|p1a: Another End|58/100
|-prepare|p1a: Another End|Chilly Reception|[premajor]
|move|p1a: Another End|Chilly Reception|p1a: Another End
|-weather|Snowscape
|
|t:|1769304978
|switch|p1a: stargazing|Keldeo-Resolute|100/100|[from] Chilly Reception
|
|-weather|Snowscape|[upkeep]
|-heal|p2a: Ting-Lu|42/100|[from] item: Leftovers
|upkeep
|turn|9
|
|t:|1769304981
|move|p1a: stargazing|Surf|p2a: Ting-Lu
|-supereffective|p2a: Ting-Lu
|-damage|p2a: Ting-Lu|0 fnt
|faint|p2a: Ting-Lu
|
|-weather|Snowscape|[upkeep]
|upkeep
|
|t:|1769304985
|switch|p2a: Zapdos|Zapdos-Galar|100/100
|-damage|p2a: Zapdos|88/100|[from] Stealth Rock
|turn|10
|
|t:|1769304989
|switch|p1a: Two Ballades|Zapdos|100/100
|move|p2a: Zapdos|U-turn|p1a: Two Ballades
|-resisted|p1a: Two Ballades
|-damage|p1a: Two Ballades|92/100
|
|t:|1769304996
|switch|p2a: Fezandipiti|Fezandipiti, M|59/100|[from] U-turn
|-damage|p2a: Fezandipiti|47/100|[from] Stealth Rock
|
|-weather|Snowscape|[upkeep]
|upkeep
|turn|11
|
|t:|1769305006
|move|p2a: Fezandipiti|Moonblast|p1a: Two Ballades
|-damage|p1a: Two Ballades|69/100
|move|p1a: Two Ballades|Hurricane|p2a: Fezandipiti|[miss]
|-miss|p1a: Two Ballades|p2a: Fezandipiti
|
|-weather|Snowscape|[upkeep]
|upkeep
|turn|12
|
|t:|1769305012
|switch|p1a: Clarity|Garganacl, M|100/100
|-damage|p1a: Clarity|75/100|[from] Spikes
|move|p2a: Fezandipiti|Beat Up|p1a: Clarity
|-damage|p1a: Clarity|74/100
|-damage|p1a: Clarity|71/100
|-damage|p1a: Clarity|70/100
|-damage|p1a: Clarity|68/100
|-damage|p1a: Clarity|66/100
|-hitcount|p1a: Clarity|5
|
|-weather|none
|-heal|p1a: Clarity|72/100|[from] item: Leftovers
|upkeep
|turn|13
|
|t:|1769305019
|switch|p2a: Iron Treads|Iron Treads|100/100
|move|p1a: Clarity|Salt Cure|p2a: Iron Treads
|-resisted|p2a: Iron Treads
|-damage|p2a: Iron Treads|97/100
|-start|p2a: Iron Treads|Salt Cure
|
|-heal|p1a: Clarity|78/100|[from] item: Leftovers
|-damage|p2a: Iron Treads|73/100|[from] Salt Cure
|upkeep
|turn|14
|
|t:|1769305023
|move|p1a: Clarity|Protect|p1a: Clarity
|-singleturn|p1a: Clarity|Protect
|move|p2a: Iron Treads|Stealth Rock|p1a: Clarity
|-sidestart|p1: D3grad3 m3|move: Stealth Rock
|
|-heal|p1a: Clarity|84/100|[from] item: Leftovers
|-damage|p2a: Iron Treads|48/100|[from] Salt Cure
|upkeep
|turn|15
|
|t:|1769305030
|-end|p2a: Iron Treads|Quark Drive|[silent]
|switch|p2a: Keldeo|Keldeo-Resolute|100/100
|-damage|p2a: Keldeo|94/100|[from] Stealth Rock
|switch|p1a: STARLIGHT|Dragapult, F|100/100
|-damage|p1a: STARLIGHT|76/100|[from] Spikes
|-damage|p1a: STARLIGHT|63/100|[from] Stealth Rock
|
|upkeep
|turn|16
|
|t:|1769305035
|move|p1a: STARLIGHT|Dragon Darts|p2a: Keldeo
|-damage|p2a: Keldeo|45/100
|-anim|p1a: STARLIGHT|Dragon Darts|p2a: Keldeo
|-damage|p2a: Keldeo|0 fnt
|faint|p2a: Keldeo
|
|upkeep
|
|t:|1769305039
|switch|p2a: Zapdos|Zapdos-Galar|88/100
|-damage|p2a: Zapdos|76/100|[from] Stealth Rock
|turn|17
|
|t:|1769305041
|move|p2a: Zapdos|Knock Off|p1a: STARLIGHT
|-supereffective|p1a: STARLIGHT
|-damage|p1a: STARLIGHT|0 fnt
|-enditem|p1a: STARLIGHT|Choice Band|[from] move: Knock Off|[of] p2a: Zapdos
|faint|p1a: STARLIGHT
|
|upkeep
|
|t:|1769305046
|switch|p1a: stargazing|Keldeo-Resolute|100/100
|turn|18
|
|t:|1769305053
|move|p2a: Zapdos|Knock Off|p1a: stargazing
|-resisted|p1a: stargazing
|-damage|p1a: stargazing|82/100
|-ability|p1a: stargazing|Justified|boost
|-boost|p1a: stargazing|atk|1
|-enditem|p1a: stargazing|Heavy-Duty Boots|[from] move: Knock Off|[of] p2a: Zapdos
|move|p1a: stargazing|Surf|p2a: Zapdos
|-damage|p2a: Zapdos|18/100
|
|upkeep
|turn|19
|
|t:|1769305062
|switch|p2a: Fezandipiti|Fezandipiti, M|47/100
|-damage|p2a: Fezandipiti|35/100|[from] Stealth Rock
|move|p1a: stargazing|Surf|p2a: Fezandipiti
|-damage|p2a: Fezandipiti|12/100
|
|upkeep
|turn|20
|
|t:|1769305066
|move|p1a: stargazing|Surf|p2a: Fezandipiti
|-damage|p2a: Fezandipiti|0 fnt
|faint|p2a: Fezandipiti
|
|upkeep
|
|t:|1769305067
|switch|p2a: Sinistcha|Sinistcha|100/100
|-damage|p2a: Sinistcha|88/100|[from] Stealth Rock
|turn|21
|
|t:|1769305071
|switch|p1a: Another End|Slowking-Galar, F|91/100
|move|p2a: Sinistcha|Calm Mind|p2a: Sinistcha
|-boost|p2a: Sinistcha|spa|1
|-boost|p2a: Sinistcha|spd|1
|
|-heal|p2a: Sinistcha|94/100|[from] item: Leftovers
|upkeep
|turn|22
|
|t:|1769305076
|move|p2a: Sinistcha|Calm Mind|p2a: Sinistcha
|-boost|p2a: Sinistcha|spa|1
|-boost|p2a: Sinistcha|spd|1
|move|p1a: Another End|Future Sight|p2a: Sinistcha
|-start|p1a: Another End|move: Future Sight
|
|-heal|p2a: Sinistcha|99/100|[from] item: Leftovers
|upkeep
|turn|23
|
|t:|1769305080
|move|p2a: Sinistcha|Shadow Ball|p1a: Another End
|-supereffective|p1a: Another End
|-damage|p1a: Another End|21/100
|move|p1a: Another End|Thunder Wave|p2a: Sinistcha
|-status|p2a: Sinistcha|par
|
|-heal|p2a: Sinistcha|100/100 par|[from] item: Leftovers
|upkeep
|turn|24
|
|t:|1769305084
|move|p2a: Sinistcha|Shadow Ball|p1a: Another End
|-supereffective|p1a: Another End
|-damage|p1a: Another End|0 fnt
|faint|p1a: Another End
|
|-end|p2a: Sinistcha|move: Future Sight
|-damage|p2a: Sinistcha|76/100 par
|-heal|p2a: Sinistcha|82/100 par|[from] item: Leftovers
|upkeep
|
|t:|1769305087
|switch|p1a: Clarity|Garganacl, M|84/100
|-damage|p1a: Clarity|59/100|[from] Spikes
|-damage|p1a: Clarity|47/100|[from] Stealth Rock
|turn|25
|
|t:|1769305092
|move|p1a: Clarity|Salt Cure|p2a: Sinistcha
|-damage|p2a: Sinistcha|72/100 par
|-start|p2a: Sinistcha|Salt Cure
|move|p2a: Sinistcha|Matcha Gotcha|p1a: Clarity
|-supereffective|p1a: Clarity
|-damage|p1a: Clarity|0 fnt
|-heal|p2a: Sinistcha|99/100 par|[from] drain|[of] p1a: Clarity
|faint|p1a: Clarity
|
|-heal|p2a: Sinistcha|100/100 par|[from] item: Leftovers
|-damage|p2a: Sinistcha|88/100 par|[from] Salt Cure
|upkeep
|
|t:|1769305095
|switch|p1a: Two Ballades|Zapdos|69/100
|turn|26
|
|t:|1769305100
|move|p1a: Two Ballades|Hurricane|p2a: Sinistcha
|-supereffective|p2a: Sinistcha
|-damage|p2a: Sinistcha|38/100 par
|move|p2a: Sinistcha|Shadow Ball|p1a: Two Ballades
|-damage|p1a: Two Ballades|6/100
|
|-heal|p2a: Sinistcha|44/100 par|[from] item: Leftovers
|-damage|p2a: Sinistcha|31/100 par|[from] Salt Cure
|upkeep
|turn|27
|
|t:|1769305110
|-terastallize|p2a: Sinistcha|Poison
|move|p1a: Two Ballades|Hurricane|p2a: Sinistcha|[miss]
|-miss|p1a: Two Ballades|p2a: Sinistcha
|move|p2a: Sinistcha|Shadow Ball|p1a: Two Ballades
|-damage|p1a: Two Ballades|0 fnt
|faint|p1a: Two Ballades
|
|-heal|p2a: Sinistcha|37/100 par|[from] item: Leftovers
|-damage|p2a: Sinistcha|25/100 par|[from] Salt Cure
|upkeep
|
|t:|1769305119
|switch|p1a: Meowthsynth|Meowscarada, M|100/100
|-damage|p1a: Meowthsynth|76/100|[from] Spikes
|-damage|p1a: Meowthsynth|63/100|[from] Stealth Rock
|turn|28
|
|t:|1769305131
|move|p1a: Meowthsynth|Knock Off|p2a: Sinistcha
|-start|p1a: Meowthsynth|typechange|Dark|[from] ability: Protean
|-damage|p2a: Sinistcha|0 fnt
|-enditem|p2a: Sinistcha|Leftovers|[from] move: Knock Off|[of] p1a: Meowthsynth
|faint|p2a: Sinistcha
|
|upkeep
|
|t:|1769305140
|switch|p2a: Iron Treads|Iron Treads|48/100
|turn|29
|
|t:|1769305144
|move|p1a: Meowthsynth|Knock Off|p2a: Iron Treads
|-damage|p2a: Iron Treads|0 fnt
|-enditem|p2a: Iron Treads|Heavy-Duty Boots|[from] move: Knock Off|[of] p1a: Meowthsynth
|faint|p2a: Iron Treads
|-end|p2a: Iron Treads|Quark Drive|[silent]
|
|upkeep
|
|t:|1769305146
|switch|p2a: Zapdos|Zapdos-Galar|18/100
|-damage|p2a: Zapdos|5/100|[from] Stealth Rock
|turn|30
|
|t:|1769305153
|move|p2a: Zapdos|Thunderous Kick|p1a: Meowthsynth
|-supereffective|p1a: Meowthsynth
|-damage|p1a: Meowthsynth|0 fnt
|faint|p1a: Meowthsynth
|
|upkeep
|
|t:|1769305156
|switch|p1a: stargazing|Keldeo-Resolute|82/100
|-damage|p1a: stargazing|57/100|[from] Spikes
|-damage|p1a: stargazing|51/100|[from] Stealth Rock
|turn|31
|
|t:|1769305159
|move|p1a: stargazing|Vacuum Wave|p2a: Zapdos
|-resisted|p2a: Zapdos
|-damage|p2a: Zapdos|0 fnt
|faint|p2a: Zapdos
|
|win|D3grad3 m3
|raw|D3grad3 m3's rating: 1197 &rarr; <strong>1221</strong><br />(+24 for winning)
|raw|Firsttimeplayinig's rating: 1177 &rarr; <strong>1153</strong><br />(-24 for losing)
|c|☆Firsttimeplayinig|Gg
|c|☆Firsttimeplayinig|wo
|c|☆D3grad3 m3|gg
|c|☆Firsttimeplayinig|wp
|c|☆D3grad3 m3|you too
