|j|☆Shy Sammy
|j|☆urifloo777
|t:|1769404683
|gametype|singles
|player|p1|Shy Sammy|pokemaniac|1139
|player|p2|urifloo777|blue|1094
|gen|9
|tier|[Gen 9] OU
|rated|
|rule|HP Percentage Mod: HP is shown in percentages
|rule|Endless Battle Clause: Forcing endless battles is banned
|rule|Species Clause: Limit one of each Pokémon
|rule|OHKO Clause: OHKO moves are banned
|rule|Evasion Items Clause: Evasion items are banned
|rule|Evasion Moves Clause: Evasion moves are banned
|rule|Evasion Abilities Clause: Evasion abilities are banned
|rule|Sleep Moves Clause: Sleep-inducing moves are banned
|clearpoke
|poke|p1|Pelipper, M|
|poke|p1|Barraskewda, M|
|poke|p1|Kingdra, M|
|poke|p1|Thundurus, M|
|poke|p1|Amoonguss, M|
|poke|p1|Clodsire, M|
|poke|p2|Blastoise, F|
|poke|p2|Garchomp, F|
|poke|p2|Gengar, F|
|poke|p2|Florges-Blue, F|
|poke|p2|Kingambit, F|
|poke|p2|Frosmoth, F|
|teampreview
|
|t:|1769404697
|teamsize|p1|6
|teamsize|p2|6
|start
|switch|p1a: Peppers|Pelipper, M|100/100
|switch|p2a: Gollira|Garchomp, F|100/100
|-weather|RainDance|[from] ability: Drizzle|[of] p1a: Peppers
|turn|1
|
|t:|1769404715
|-terastallize|p2a: Gollira|Fire
|move|p2a: Gollira|Swords Dance|p2a: Gollira
|-boost|p2a: Gollira|atk|2
|move|p1a: Peppers|Weather Ball|p2a: Gollira
|-supereffective|p2a: Gollira
|-damage|p2a: Gollira|0 fnt
|faint|p2a: Gollira
|
|-weather|RainDance|[upkeep]
|upkeep
|
|t:|1769404726
|switch|p2a: Gengar|Gengar, F|100/100
|turn|2
|
|t:|1769404733
|move|p2a: Gengar|Thunderbolt|p1a: Peppers
|-supereffective|p1a: Peppers
|-damage|p1a: Peppers|0 fnt
|faint|p1a: Peppers
|
|-weather|RainDance|[upkeep]
|upkeep
|
|t:|1769404737
|switch|p1a: Vroom Vroom|Barraskewda, M|100/100
|turn|3
|
|t:|1769404741
|-terastallize|p1a: Vroom Vroom|Water
|move|p1a: Vroom Vroom|Liquidation|p2a: Gengar
|-damage|p2a: Gengar|0 fnt
|faint|p2a: Gengar
|
|-weather|RainDance|[upkeep]
|upkeep
|
|t:|1769404750
|switch|p2a: Mothra|Frosmoth, F|100/100
|turn|4
|
|t:|1769404759
|move|p1a: Vroom Vroom|Liquidation|p2a: Mothra
|-damage|p2a: Mothra|0 fnt
|faint|p2a: Mothra
|
|-weather|RainDance|[upkeep]
|upkeep
|
|t:|1769404785
|switch|p2a: Kingambit|Kingambit, F|100/100
|-activate|p2a: Kingambit|ability: Supreme Overlord
|-start|p2a: Kingambit|fallen3|[silent]
|turn|5
|
|t:|1769404792
|switch|p1a: Special Dumplin|Clodsire, M|100/100
|move|p2a: Kingambit|Sucker Punch||[still]
|-fail|p2a: Kingambit
|
|-weather|RainDance|[upkeep]
|upkeep
|turn|6
|
|t:|1769404800
|move|p2a: Kingambit|Swords Dance|p2a: Kingambit
|-boost|p2a: Kingambit|atk|2
|move|p1a: Special Dumplin|Stealth Rock|p2a: Kingambit
|-sidestart|p2: urifloo777|move: Stealth Rock
|
|-weather|RainDance|[upkeep]
|upkeep
|turn|7
|
|t:|1769404806
|move|p2a: Kingambit|Swords Dance|p2a: Kingambit
|-boost|p2a: Kingambit|atk|2
|move|p1a: Special Dumplin|Earthquake|p2a: Kingambit
|-supereffective|p2a: Kingambit
|-damage|p2a: Kingambit|67/100
|
|-weather|RainDance|[upkeep]
|-heal|p2a: Kingambit|73/100|[from] item: Leftovers
|upkeep
|turn|8
|
|t:|1769404814
|move|p2a: Kingambit|Swords Dance|p2a: Kingambit
|-boost|p2a: Kingambit|atk|2
|move|p1a: Special Dumplin|Earthquake|p2a: Kingambit
|-supereffective|p2a: Kingambit
|-damage|p2a: Kingambit|39/100
|
|-weather|none
|-heal|p2a: Kingambit|46/100|[from] item: Leftovers
|upkeep
|turn|9
|
|t:|1769404822
|move|p2a: Kingambit|Iron Head|p1a: Special Dumplin
|-damage|p1a: Special Dumplin|0 fnt
|faint|p1a: Special Dumplin
|
|-heal|p2a: Kingambit|52/100|[from] item: Leftovers
|upkeep
|
|t:|1769404837
|switch|p1a: Pew Pew|Kingdra, M|100/100
|turn|10
|
|t:|1769404846
|move|p1a: Pew Pew|Draco Meteor|p2a: Kingambit
|-resisted|p2a: Kingambit
|-damage|p2a: Kingambit|3/100
|-unboost|p1a: Pew Pew|spa|2
|move|p2a: Kingambit|Iron Head|p1a: Pew Pew
|-resisted|p1a: Pew Pew
|-damage|p1a: Pew Pew|0 fnt
|faint|p1a: Pew Pew
|
|-heal|p2a: Kingambit|9/100|[from] item: Leftovers
|upkeep
|
|t:|1769404859
|switch|p1a: Eat Me|Amoonguss, M|100/100
|turn|11
|
|t:|1769404865
|move|p2a: Kingambit|Sucker Punch|p1a: Eat Me
|-damage|p1a: Eat Me|0 fnt
|faint|p1a: Eat Me
|
|-heal|p2a: Kingambit|15/100|[from] item: Leftovers
|upkeep
|
|t:|1769404871
|switch|p1a: Vroom Vroom|Barraskewda, M, tera:Water|100/100
|turn|12
|
|t:|1769404893
|move|p2a: Kingambit|Sucker Punch|p1a: Vroom Vroom
|-damage|p1a: Vroom Vroom|0 fnt
|faint|p1a: Vroom Vroom
|
|-heal|p2a: Kingambit|21/100|[from] item: Leftovers
|upkeep
|
|t:|1769404899
|switch|p1a: Old Fart|Thundurus, M|100/100
|turn|13
|
|t:|1769404906
|move|p2a: Kingambit|Sucker Punch|p1a: Old Fart
|-damage|p1a: Old Fart|0 fnt
|faint|p1a: Old Fart
|
|win|urifloo777
|raw|Shy Sammy's rating: 1139 &rarr; <strong>1111</strong><br />(-28 for losing)
|raw|urifloo777's rating: 1094 &rarr; <strong>1123</strong><br />(+29 for winning)
|l|☆Shy Sammy
|player|p1|
|l|☆urifloo777
|player|p2|
