|j|☆Jinghan Yu
|j|☆guoqiushi
|t:|1769318571
|gametype|singles
|player|p1|Jinghan Yu|nate|1368
|player|p2|guoqiushi|n|1422
|gen|9
|tier|[Gen 9] OU
|rated|
|rule|HP Percentage Mod: HP is shown in percentages
|rule|Endless Battle Clause: Forcing endless battles is banned
|rule|Species Clause: Limit one of each Pokémon
|rule|OHKO Clause: OHKO moves are banned
|rule|Evasion Items Clause: Evasion items are banned
|rule|Evasion Moves Clause: Evasion moves are banned
|rule|Evasion Abilities Clause: Evasion abilities are banned
|rule|Sleep Moves Clause: Sleep-inducing moves are banned
|clearpoke
|poke|p1|Blastoise, M|
|poke|p1|Tyranitar, M|
|poke|p1|Garchomp, M|
|poke|p1|Gyarados, M|
|poke|p1|Gengar, M|
|poke|p1|Excadrill, M|
|poke|p2|Zoroark, F|
|poke|p2|Great Tusk|
|poke|p2|Moltres|
|poke|p2|Dragonite, M|
|poke|p2|Gholdengo|
|poke|p2|Glimmora, M|
|teampreview
|inactive|Battle timer is ON: inactive players will automatically lose when time's up. (requested by Jinghan Yu)
|
|t:|1769318590
|teamsize|p1|6
|teamsize|p2|6
|start
|switch|p1a: Mangus|Garchomp, M, shiny|100/100
|switch|p2a: Glimmora|Glimmora, M|100/100
|turn|1
|
|t:|1769318596
|switch|p2a: Great Tusk|Great Tusk|100/100
|move|p1a: Mangus|Swords Dance|p1a: Mangus
|-boost|p1a: Mangus|atk|2
|
|upkeep
|turn|2
|
|t:|1769318602
|-terastallize|p1a: Mangus|Ghost
|move|p1a: Mangus|Swords Dance|p1a: Mangus
|-boost|p1a: Mangus|atk|2
|move|p2a: Great Tusk|Knock Off|p1a: Mangus
|-supereffective|p1a: Mangus
|-damage|p1a: Mangus|41/100
|-damage|p2a: Great Tusk|88/100|[from] ability: Rough Skin|[of] p1a: Mangus
|-enditem|p1a: Mangus|Loaded Dice|[from] move: Knock Off|[of] p2a: Great Tusk
|
|upkeep
|turn|3
|
|t:|1769318609
|move|p1a: Mangus|Scale Shot|p2a: Great Tusk
|-damage|p2a: Great Tusk|67/100
|-damage|p2a: Great Tusk|48/100
|-damage|p2a: Great Tusk|26/100
|-hitcount|p2a: Great Tusk|3
|-unboost|p1a: Mangus|def|1
|-boost|p1a: Mangus|spe|1
|move|p2a: Great Tusk|Knock Off|p1a: Mangus
|-supereffective|p1a: Mangus
|-damage|p1a: Mangus|0 fnt
|-damage|p2a: Great Tusk|13/100|[from] ability: Rough Skin|[of] p1a: Mangus
|faint|p1a: Mangus
|
|upkeep
|
|t:|1769318620
|switch|p1a: Blaine|Blastoise, M|100/100
|turn|4
|j| sixlegoat
|
|t:|1769318625
|move|p1a: Blaine|Shell Smash|p1a: Blaine
|-unboost|p1a: Blaine|def|1
|-unboost|p1a: Blaine|spd|1
|-boost|p1a: Blaine|atk|2
|-boost|p1a: Blaine|spa|2
|-boost|p1a: Blaine|spe|2
|-enditem|p1a: Blaine|White Herb
|-clearnegativeboost|p1a: Blaine|[silent]
|move|p2a: Great Tusk|Knock Off|p1a: Blaine
|-damage|p1a: Blaine|78/100
|
|upkeep
|turn|5
|l| sixlegoat
|
|t:|1769318634
|move|p1a: Blaine|Ice Beam|p2a: Great Tusk
|-supereffective|p2a: Great Tusk
|-damage|p2a: Great Tusk|0 fnt
|faint|p2a: Great Tusk
|-end|p2a: Great Tusk|Protosynthesis|[silent]
|
|upkeep
|
|t:|1769318641
|switch|p2a: Dragonite|Dragonite, M|100/100
|turn|6
|
|t:|1769318644
|-terastallize|p2a: Dragonite|Normal
|move|p2a: Dragonite|Extreme Speed|p1a: Blaine
|-damage|p1a: Blaine|21/100
|move|p1a: Blaine|Ice Beam|p2a: Dragonite
|-damage|p2a: Dragonite|73/100
|
|-heal|p2a: Dragonite|79/100|[from] item: Leftovers
|upkeep
|turn|7
|
|t:|1769318651
|switch|p1a: Nasim|Gengar, M|100/100
|move|p2a: Dragonite|Extreme Speed|p1a: Nasim
|-immune|p1a: Nasim
|
|-heal|p2a: Dragonite|85/100|[from] item: Leftovers
|upkeep
|turn|8
|
|t:|1769318658
|switch|p2a: Gholdengo|Gholdengo|100/100
|move|p1a: Nasim|Endure||[still]
|-fail|p1a: Nasim
|
|upkeep
|turn|9
|
|t:|1769318666
|move|p2a: Gholdengo|Make It Rain|p1a: Nasim
|-damage|p1a: Nasim|0 fnt
|-unboost|p2a: Gholdengo|spa|1
|faint|p1a: Nasim
|
|upkeep
|
|t:|1769318671
|switch|p1a: Osten|Gyarados, M, shiny|100/100
|-ability|p1a: Osten|Intimidate|boost
|-unboost|p2a: Gholdengo|atk|1
|turn|10
|
|t:|1769318676
|switch|p2a: Glimmora|Glimmora, M|100/100
|move|p1a: Osten|Dragon Dance|p1a: Osten
|-boost|p1a: Osten|atk|1
|-boost|p1a: Osten|spe|1
|
|upkeep
|turn|11
|
|t:|1769318681
|move|p1a: Osten|Waterfall|p2a: Glimmora
|-supereffective|p2a: Glimmora
|-enditem|p2a: Glimmora|Focus Sash
|-damage|p2a: Glimmora|1/100
|-activate|p2a: Glimmora|ability: Toxic Debris
|-sidestart|p1: Jinghan Yu|move: Toxic Spikes
|move|p2a: Glimmora|Power Gem|p1a: Osten
|-supereffective|p1a: Osten
|-damage|p1a: Osten|13/100
|
|-heal|p1a: Osten|19/100|[from] item: Leftovers
|upkeep
|turn|12
|
|t:|1769318689
|move|p1a: Osten|Waterfall|p2a: Glimmora
|-supereffective|p2a: Glimmora
|-damage|p2a: Glimmora|0 fnt
|-activate|p2a: Glimmora|ability: Toxic Debris
|-sidestart|p1: Jinghan Yu|move: Toxic Spikes
|faint|p2a: Glimmora
|
|-heal|p1a: Osten|25/100|[from] item: Leftovers
|upkeep
|
|t:|1769318693
|switch|p2a: Dragonite|Dragonite, M, tera:Normal|85/100
|turn|13
|
|t:|1769318695
|move|p2a: Dragonite|Extreme Speed|p1a: Osten
|-damage|p1a: Osten|0 fnt
|faint|p1a: Osten
|
|-heal|p2a: Dragonite|91/100|[from] item: Leftovers
|upkeep
|
|t:|1769318698
|switch|p1a: Emmett|Excadrill, M|100/100
|-item|p1a: Emmett|Air Balloon
|turn|14
|
|t:|1769318703
|switch|p2a: Gholdengo|Gholdengo|100/100
|move|p1a: Emmett|Rapid Spin|p2a: Gholdengo
|-immune|p2a: Gholdengo
|
|upkeep
|turn|15
|
|t:|1769318710
|move|p2a: Gholdengo|Shadow Ball|p1a: Emmett
|-damage|p1a: Emmett|41/100
|-enditem|p1a: Emmett|Air Balloon
|move|p1a: Emmett|Earthquake|p2a: Gholdengo
|-supereffective|p2a: Gholdengo
|-damage|p2a: Gholdengo|0 fnt
|faint|p2a: Gholdengo
|
|upkeep
|
|t:|1769318717
|switch|p2a: Dragonite|Dragonite, M, tera:Normal|91/100
|turn|16
|
|t:|1769318720
|move|p1a: Emmett|Rapid Spin|p2a: Dragonite
|-damage|p2a: Dragonite|70/100
|-boost|p1a: Emmett|spe|1
|-sideend|p1: Jinghan Yu|Toxic Spikes|[from] move: Rapid Spin|[of] p1a: Emmett
|move|p2a: Dragonite|Earthquake|p1a: Emmett
|-supereffective|p1a: Emmett
|-damage|p1a: Emmett|0 fnt
|faint|p1a: Emmett
|
|-heal|p2a: Dragonite|76/100|[from] item: Leftovers
|upkeep
|
|t:|1769318725
|switch|p1a: Timothy|Tyranitar, M|100/100
|-weather|Sandstorm|[from] ability: Sand Stream|[of] p1a: Timothy
|turn|17
|
|t:|1769318730
|move|p1a: Timothy|Thunder Wave|p2a: Dragonite
|-status|p2a: Dragonite|par
|move|p2a: Dragonite|Earthquake|p1a: Timothy
|-supereffective|p1a: Timothy
|-damage|p1a: Timothy|25/100
|
|-weather|Sandstorm|[upkeep]
|-damage|p2a: Dragonite|70/100 par|[from] Sandstorm
|-heal|p2a: Dragonite|76/100 par|[from] item: Leftovers
|upkeep
|turn|18
|
|t:|1769318735
|move|p2a: Dragonite|Extreme Speed|p1a: Timothy
|-resisted|p1a: Timothy
|-damage|p1a: Timothy|3/100
|move|p1a: Timothy|Stone Edge|p2a: Dragonite
|-damage|p2a: Dragonite|8/100 par
|
|-weather|Sandstorm|[upkeep]
|-damage|p2a: Dragonite|2/100 par|[from] Sandstorm
|-heal|p2a: Dragonite|8/100 par|[from] item: Leftovers
|upkeep
|turn|19
|
|t:|1769318743
|move|p2a: Dragonite|Extreme Speed|p1a: Timothy
|-resisted|p1a: Timothy
|-damage|p1a: Timothy|0 fnt
|faint|p1a: Timothy
|
|-weather|Sandstorm|[upkeep]
|-damage|p2a: Dragonite|2/100 par|[from] Sandstorm
|-heal|p2a: Dragonite|8/100 par|[from] item: Leftovers
|upkeep
|
|t:|1769318745
|switch|p1a: Blaine|Blastoise, M|21/100
|turn|20
|
|t:|1769318748
|move|p2a: Dragonite|Extreme Speed|p1a: Blaine
|-damage|p1a: Blaine|0 fnt
|faint|p1a: Blaine
|
|win|guoqiushi
|raw|Jinghan Yu's rating: 1368 &rarr; <strong>1351</strong><br />(-17 for losing)
|raw|guoqiushi's rating: 1422 &rarr; <strong>1439</strong><br />(+17 for winning)
|l|☆Jinghan Yu
|player|p1|
|l|☆guoqiushi
|player|p2|
