|j|☆diggem
|j|☆666123y
|t:|1769335745
|gametype|singles
|player|p1|diggem|102|1257
|player|p2|666123y|170|1247
|gen|9
|tier|[Gen 9] OU
|rated|
|rule|HP Percentage Mod: HP is shown in percentages
|rule|Endless Battle Clause: Forcing endless battles is banned
|rule|Species Clause: Limit one of each Pokémon
|rule|OHKO Clause: OHKO moves are banned
|rule|Evasion Items Clause: Evasion items are banned
|rule|Evasion Moves Clause: Evasion moves are banned
|rule|Evasion Abilities Clause: Evasion abilities are banned
|rule|Sleep Moves Clause: Sleep-inducing moves are banned
|clearpoke
|poke|p1|Ninetales-Alola, M|
|poke|p1|Kyurem|
|poke|p1|Slowking-Galar, F|
|poke|p1|Pecharunt|
|poke|p1|Gholdengo|
|poke|p1|Infernape, M|
|poke|p2|Ogerpon-Wellspring, F|
|poke|p2|Dragapult, F|
|poke|p2|Gholdengo|
|poke|p2|Gliscor, F|
|poke|p2|Kingambit, M|
|poke|p2|Corviknight, F|
|teampreview
|
|t:|1769335757
|teamsize|p1|6
|teamsize|p2|6
|start
|switch|p1a: Ninetales|Ninetales-Alola, M|100/100
|switch|p2a: Dragapult|Dragapult, F|100/100
|-weather|Snowscape|[from] ability: Snow Warning|[of] p1a: Ninetales
|turn|1
|
|t:|1769335765
|move|p1a: Ninetales|Aurora Veil|p1a: Ninetales
|-sidestart|p1: diggem|move: Aurora Veil
|move|p2a: Dragapult|U-turn|p1a: Ninetales
|-resisted|p1a: Ninetales
|-damage|p1a: Ninetales|88/100
|-damage|p2a: Dragapult|91/100|[from] item: Life Orb
|inactive|Battle timer is ON: inactive players will automatically lose when time's up. (requested by 666123y)
|
|t:|1769335776
|switch|p2a: Corviknight|Corviknight, F|100/100|[from] U-turn
|
|-weather|Snowscape|[upkeep]
|upkeep
|turn|2
|
|t:|1769335790
|switch|p1a: Infernape|Infernape, M|100/100
|move|p2a: Corviknight|Defog|p1a: Infernape
|-unboost|p1a: Infernape|evasion|1
|-sideend|p1: diggem|move: Aurora Veil
|
|-weather|Snowscape|[upkeep]
|upkeep
|turn|3
|
|t:|1769335813
|move|p1a: Infernape|Bulk Up|p1a: Infernape
|-boost|p1a: Infernape|atk|1
|-boost|p1a: Infernape|def|1
|move|p2a: Corviknight|Iron Defense|p2a: Corviknight
|-boost|p2a: Corviknight|def|2
|
|-weather|Snowscape|[upkeep]
|upkeep
|turn|4
|
|t:|1769335821
|move|p1a: Infernape|Fire Punch|p2a: Corviknight
|-supereffective|p2a: Corviknight
|-damage|p2a: Corviknight|55/100
|move|p2a: Corviknight|Iron Defense|p2a: Corviknight
|-boost|p2a: Corviknight|def|2
|
|-weather|Snowscape|[upkeep]
|-heal|p2a: Corviknight|61/100|[from] item: Leftovers
|upkeep
|turn|5
|
|t:|1769335829
|move|p1a: Infernape|Knock Off|p2a: Corviknight
|-damage|p2a: Corviknight|51/100
|-enditem|p2a: Corviknight|Leftovers|[from] move: Knock Off|[of] p1a: Infernape
|move|p2a: Corviknight|Roost|p2a: Corviknight
|-heal|p2a: Corviknight|100/100
|-singleturn|p2a: Corviknight|move: Roost
|
|-weather|none
|upkeep
|turn|6
|
|t:|1769335849
|move|p1a: Infernape|Bulk Up|p1a: Infernape
|-boost|p1a: Infernape|atk|1
|-boost|p1a: Infernape|def|1
|move|p2a: Corviknight|Iron Defense|p2a: Corviknight
|-boost|p2a: Corviknight|def|2
|
|upkeep
|turn|7
|
|t:|1769335855
|move|p1a: Infernape|Bulk Up|p1a: Infernape
|-boost|p1a: Infernape|atk|1
|-boost|p1a: Infernape|def|1
|move|p2a: Corviknight|Body Press|p1a: Infernape
|-damage|p1a: Infernape|50/100
|
|upkeep
|turn|8
|
|t:|1769335863
|move|p1a: Infernape|Drain Punch|p2a: Corviknight
|-damage|p2a: Corviknight|83/100
|-heal|p1a: Infernape|62/100|[from] drain|[of] p2a: Corviknight
|move|p2a: Corviknight|Body Press|p1a: Infernape
|-damage|p1a: Infernape|3/100
|
|upkeep
|turn|9
|
|t:|1769335875
|switch|p1a: Pecharunt|Pecharunt|100/100
|move|p2a: Corviknight|Body Press|p1a: Pecharunt
|-immune|p1a: Pecharunt
|
|upkeep
|turn|10
|
|t:|1769335885
|switch|p2a: Gliscor|Gliscor, F|100/100
|move|p1a: Pecharunt|Parting Shot|p2a: Gliscor
|-unboost|p2a: Gliscor|atk|1
|-unboost|p2a: Gliscor|spa|1
|
|t:|1769335891
|switch|p1a: Ninetales|Ninetales-Alola, M|88/100|[from] Parting Shot
|-weather|Snowscape|[from] ability: Snow Warning|[of] p1a: Ninetales
|
|-weather|Snowscape|[upkeep]
|-status|p2a: Gliscor|tox|[from] item: Toxic Orb
|upkeep
|turn|11
|
|t:|1769335899
|switch|p2a: Corviknight|Corviknight, F|83/100
|move|p1a: Ninetales|Aurora Veil|p1a: Ninetales
|-sidestart|p1: diggem|move: Aurora Veil
|
|-weather|Snowscape|[upkeep]
|upkeep
|turn|12
|
|t:|1769335911
|move|p1a: Ninetales|Chilling Water|p2a: Corviknight
|-damage|p2a: Corviknight|72/100
|-ability|p2a: Corviknight|Mirror Armor
|-unboost|p1a: Ninetales|atk|1
|move|p2a: Corviknight|Defog|p1a: Ninetales
|-unboost|p1a: Ninetales|evasion|1
|-sideend|p1: diggem|move: Aurora Veil
|
|-weather|Snowscape|[upkeep]
|upkeep
|turn|13
|
|t:|1769335930
|move|p1a: Ninetales|Aurora Veil|p1a: Ninetales
|-sidestart|p1: diggem|move: Aurora Veil
|move|p2a: Corviknight|Body Press|p1a: Ninetales
|-damage|p1a: Ninetales|78/100
|
|-weather|Snowscape|[upkeep]
|upkeep
|turn|14
|inactive|diggem has 120 seconds left.
|l|☆diggem
|inactive|diggem disconnected and has a minute to reconnect!
|player|p1|
|inactive|diggem has 30 seconds to reconnect!
|inactive|diggem has 20 seconds to reconnect!
|inactive|diggem has 15 seconds to reconnect!
|inactive|diggem has 10 seconds to reconnect!
|inactive|diggem has 5 seconds to reconnect!
|-message|diggem lost due to inactivity.
|
|win|666123y
|raw|diggem's rating: 1257 &rarr; <strong>1231</strong><br />(-26 for losing)
|raw|666123y's rating: 1247 &rarr; <strong>1273</strong><br />(+26 for winning)
|l|☆666123y
|player|p2|
