|j|☆MUJIE123666
|j|☆T0fyl
|t:|1769424634
|gametype|singles
|player|p1|MUJIE123666|giovanni|1103
|player|p2|T0fyl|roughneck|1061
|gen|9
|tier|[Gen 9] OU
|rated|
|rule|HP Percentage Mod: HP is shown in percentages
|rule|Endless Battle Clause: Forcing endless battles is banned
|rule|Species Clause: Limit one of each Pokémon
|rule|OHKO Clause: OHKO moves are banned
|rule|Evasion Items Clause: Evasion items are banned
|rule|Evasion Moves Clause: Evasion moves are banned
|rule|Evasion Abilities Clause: Evasion abilities are banned
|rule|Sleep Moves Clause: Sleep-inducing moves are banned
|clearpoke
|poke|p1|Tyranitar, M|
|poke|p1|Excadrill, M|
|poke|p1|Glimmora, F|
|poke|p1|Landorus-Therian, M|
|poke|p1|Hippowdon, F|
|poke|p1|Gliscor, F|
|poke|p2|Dragapult, M|
|poke|p2|Deoxys-Speed|
|poke|p2|Grimmsnarl, M|
|poke|p2|Scizor, M|
|poke|p2|Coalossal, F|
|poke|p2|Hoopa-Unbound|
|teampreview
|
|t:|1769424646
|teamsize|p1|6
|teamsize|p2|6
|start
|switch|p1a: 沙|Tyranitar, M|100/100
|switch|p2a: Hoopa|Hoopa-Unbound|100/100
|-weather|Sandstorm|[from] ability: Sand Stream|[of] p1a: 沙
|turn|1
|
|t:|1769424663
|switch|p2a: Coalossal|Coalossal, F|100/100
|move|p1a: 沙|Dragon Dance|p1a: 沙
|-boost|p1a: 沙|atk|1
|-boost|p1a: 沙|spe|1
|
|-weather|Sandstorm|[upkeep]
|upkeep
|turn|2
|inactive|Battle timer is ON: inactive players will automatically lose when time's up. (requested by T0fyl)
|
|t:|1769424672
|move|p1a: 沙|Earthquake|p2a: Coalossal
|-supereffective|p2a: Coalossal
|-damage|p2a: Coalossal|0 fnt
|faint|p2a: Coalossal
|
|-weather|Sandstorm|[upkeep]
|upkeep
|
|t:|1769424687
|switch|p2a: Scizor|Scizor, M|100/100
|turn|3
|
|t:|1769424692
|move|p1a: 沙|Rock Slide|p2a: Scizor
|-damage|p2a: Scizor|28/100
|cant|p2a: Scizor|flinch
|
|-weather|Sandstorm|[upkeep]
|upkeep
|turn|4
|
|t:|1769424700
|move|p2a: Scizor|Bullet Punch|p1a: 沙
|-supereffective|p1a: 沙
|-damage|p1a: 沙|20/100
|-enditem|p1a: 沙|Weakness Policy
|-boost|p1a: 沙|atk|2|[from] item: Weakness Policy
|-boost|p1a: 沙|spa|2|[from] item: Weakness Policy
|-damage|p2a: Scizor|18/100|[from] item: Life Orb
|move|p1a: 沙|Rock Slide|p2a: Scizor
|-damage|p2a: Scizor|0 fnt
|faint|p2a: Scizor
|
|-weather|Sandstorm|[upkeep]
|upkeep
|
|t:|1769424720
|switch|p2a: Dragapult|Dragapult, M|100/100
|turn|5
|
|t:|1769424725
|-terastallize|p2a: Dragapult|Normal
|move|p2a: Dragapult|Quick Attack|p1a: 沙
|-resisted|p1a: 沙
|-damage|p1a: 沙|6/100
|move|p1a: 沙|Dragon Claw|p2a: Dragapult
|-damage|p2a: Dragapult|2/100
|
|-weather|none
|upkeep
|turn|6
|
|t:|1769424736
|switch|p2a: Deoxys|Deoxys-Speed|100/100
|-ability|p2a: Deoxys|Pressure
|switch|p1a: Hippowdon|Hippowdon, F|100/100
|-weather|Sandstorm|[from] ability: Sand Stream|[of] p1a: Hippowdon
|
|-weather|Sandstorm|[upkeep]
|-damage|p2a: Deoxys|94/100|[from] Sandstorm
|upkeep
|turn|7
|
|t:|1769424754
|move|p2a: Deoxys|Taunt|p1a: Hippowdon
|-start|p1a: Hippowdon|move: Taunt
|move|p1a: Hippowdon|Earthquake|p2a: Deoxys
|-damage|p2a: Deoxys|38/100
|
|-weather|Sandstorm|[upkeep]
|-damage|p2a: Deoxys|32/100|[from] Sandstorm
|upkeep
|turn|8
|
|t:|1769424763
|switch|p1a: Landorus|Landorus-Therian, M|100/100
|-ability|p1a: Landorus|Intimidate|boost
|-unboost|p2a: Deoxys|atk|1
|move|p2a: Deoxys|Stealth Rock|p1a: Landorus
|-sidestart|p1: MUJIE123666|move: Stealth Rock
|
|-weather|Sandstorm|[upkeep]
|-damage|p2a: Deoxys|25/100|[from] Sandstorm
|upkeep
|turn|9
|
|t:|1769424772
|move|p1a: Landorus|U-turn|p2a: Deoxys
|-supereffective|p2a: Deoxys
|-damage|p2a: Deoxys|0 fnt
|faint|p2a: Deoxys
|
|t:|1769424777
|switch|p1a: 暴|Excadrill, M|100/100|[from] U-turn
|-damage|p1a: 暴|97/100|[from] Stealth Rock
|
|-weather|Sandstorm|[upkeep]
|upkeep
|
|t:|1769424785
|switch|p2a: Hoopa|Hoopa-Unbound|100/100
|turn|10
|
|t:|1769424793
|move|p1a: 暴|Swords Dance|p1a: 暴
|-boost|p1a: 暴|atk|2
|move|p2a: Hoopa|Focus Blast|p1a: 暴
|-supereffective|p1a: 暴
|-damage|p1a: 暴|0 fnt
|faint|p1a: 暴
|
|-weather|none
|upkeep
|
|t:|1769424797
|switch|p1a: Landorus|Landorus-Therian, M|100/100
|-damage|p1a: Landorus|88/100|[from] Stealth Rock
|-ability|p1a: Landorus|Intimidate|boost
|-unboost|p2a: Hoopa|atk|1
|turn|11
|
|t:|1769424808
|switch|p2a: Grimmsnarl|Grimmsnarl, M|100/100
|move|p1a: Landorus|U-turn|p2a: Grimmsnarl
|-damage|p2a: Grimmsnarl|80/100
|
|t:|1769424815
|switch|p1a: 沙|Tyranitar, M|6/100|[from] U-turn
|-damage|p1a: 沙|0 fnt|[from] Stealth Rock
|faint|p1a: 沙
|
|upkeep
|
|t:|1769424821
|switch|p1a: Gliscor|Gliscor, F|100/100
|-damage|p1a: Gliscor|88/100|[from] Stealth Rock
|turn|12
|
|t:|1769424831
|move|p2a: Grimmsnarl|Reflect|p2a: Grimmsnarl
|-sidestart|p2: T0fyl|Reflect
|move|p1a: Gliscor|Toxic|p2a: Grimmsnarl
|-status|p2a: Grimmsnarl|tox
|
|-damage|p2a: Grimmsnarl|74/100 tox|[from] psn
|-status|p1a: Gliscor|tox|[from] item: Toxic Orb
|upkeep
|turn|13
|
|t:|1769424840
|switch|p2a: Dragapult|Dragapult, M, tera:Normal|2/100
|move|p1a: Gliscor|Protect||[still]
|-fail|p1a: Gliscor
|
|-heal|p1a: Gliscor|100/100 tox|[from] ability: Poison Heal
|upkeep
|turn|14
|
|t:|1769424860
|switch|p1a: Hippowdon|Hippowdon, F|100/100
|-damage|p1a: Hippowdon|94/100|[from] Stealth Rock
|-weather|Sandstorm|[from] ability: Sand Stream|[of] p1a: Hippowdon
|move|p2a: Dragapult|U-turn|p1a: Hippowdon
|-damage|p1a: Hippowdon|77/100
|
|t:|1769424868
|switch|p2a: Hoopa|Hoopa-Unbound|100/100|[from] U-turn
|
|-weather|Sandstorm|[upkeep]
|-damage|p2a: Hoopa|95/100|[from] Sandstorm
|-heal|p1a: Hippowdon|83/100|[from] item: Leftovers
|upkeep
|turn|15
|
|t:|1769424879
|switch|p1a: Glimmora|Glimmora, F|100/100
|-damage|p1a: Glimmora|88/100|[from] Stealth Rock
|move|p2a: Hoopa|Dark Pulse|p1a: Glimmora
|-damage|p1a: Glimmora|48/100
|
|-weather|Sandstorm|[upkeep]
|-damage|p2a: Hoopa|89/100|[from] Sandstorm
|upkeep
|turn|16
|
|t:|1769424890
|switch|p2a: Grimmsnarl|Grimmsnarl, M|74/100 tox
|move|p1a: Glimmora|Stealth Rock|p2a: Grimmsnarl
|-sidestart|p2: T0fyl|move: Stealth Rock
|
|-weather|Sandstorm|[upkeep]
|-damage|p2a: Grimmsnarl|68/100 tox|[from] Sandstorm
|-damage|p2a: Grimmsnarl|62/100 tox|[from] psn
|upkeep
|turn|17
|
|t:|1769424904
|move|p2a: Grimmsnarl|Light Screen|p2a: Grimmsnarl
|-sidestart|p2: T0fyl|move: Light Screen
|move|p1a: Glimmora|Energy Ball|p2a: Grimmsnarl
|-damage|p2a: Grimmsnarl|50/100 tox
|
|-weather|Sandstorm|[upkeep]
|-damage|p2a: Grimmsnarl|44/100 tox|[from] Sandstorm
|-damage|p2a: Grimmsnarl|31/100 tox|[from] psn
|upkeep
|turn|18
|
|t:|1769424917
|switch|p2a: Dragapult|Dragapult, M, tera:Normal|2/100
|-damage|p2a: Dragapult|0 fnt|[from] Stealth Rock
|faint|p2a: Dragapult
|move|p1a: Glimmora|Light Screen|p1a: Glimmora
|-sidestart|p1: MUJIE123666|move: Light Screen
|
|-weather|none
|upkeep
|
|t:|1769424927
|switch|p2a: Hoopa|Hoopa-Unbound|89/100
|-damage|p2a: Hoopa|76/100|[from] Stealth Rock
|turn|19
|
|t:|1769424933
|move|p2a: Hoopa|Knock Off|p1a: Glimmora
|-damage|p1a: Glimmora|2/100
|-activate|p1a: Glimmora|ability: Toxic Debris
|-sidestart|p2: T0fyl|move: Toxic Spikes
|-enditem|p1a: Glimmora|Focus Sash|[from] move: Knock Off|[of] p2a: Hoopa
|move|p1a: Glimmora|Toxic|p2a: Hoopa
|-status|p2a: Hoopa|tox
|
|-damage|p2a: Hoopa|70/100 tox|[from] psn
|-sideend|p2: T0fyl|Reflect
|upkeep
|turn|20
|
|t:|1769424946
|move|p2a: Hoopa|Knock Off|p1a: Glimmora
|-damage|p1a: Glimmora|0 fnt
|-activate|p1a: Glimmora|ability: Toxic Debris
|-sidestart|p2: T0fyl|move: Toxic Spikes
|faint|p1a: Glimmora
|
|-damage|p2a: Hoopa|58/100 tox|[from] psn
|upkeep
|
|t:|1769424952
|switch|p1a: Landorus|Landorus-Therian, M|88/100
|-damage|p1a: Landorus|76/100|[from] Stealth Rock
|-ability|p1a: Landorus|Intimidate|boost
|-unboost|p2a: Hoopa|atk|1
|turn|21
|
|t:|1769424959
|switch|p2a: Grimmsnarl|Grimmsnarl, M|31/100 tox
|-damage|p2a: Grimmsnarl|19/100 tox|[from] Stealth Rock
|move|p1a: Landorus|U-turn|p2a: Grimmsnarl
|-damage|p2a: Grimmsnarl|0 fnt
|faint|p2a: Grimmsnarl
|
|t:|1769424966
|switch|p1a: Hippowdon|Hippowdon, F|83/100|[from] U-turn
|-damage|p1a: Hippowdon|77/100|[from] Stealth Rock
|-weather|Sandstorm|[from] ability: Sand Stream|[of] p1a: Hippowdon
|
|-weather|Sandstorm|[upkeep]
|-heal|p1a: Hippowdon|83/100|[from] item: Leftovers
|upkeep
|
|t:|1769424975
|switch|p2a: Hoopa|Hoopa-Unbound|58/100 tox
|-damage|p2a: Hoopa|46/100 tox|[from] Stealth Rock
|turn|22
|
|t:|1769424980
|move|p2a: Hoopa|Dark Pulse|p1a: Hippowdon
|-damage|p1a: Hippowdon|45/100
|move|p1a: Hippowdon|Rest|p1a: Hippowdon
|-status|p1a: Hippowdon|slp|[from] move: Rest
|-heal|p1a: Hippowdon|100/100 slp|[silent]
|
|-weather|Sandstorm|[upkeep]
|-damage|p2a: Hoopa|40/100 tox|[from] Sandstorm
|-damage|p2a: Hoopa|34/100 tox|[from] psn
|-sideend|p1: MUJIE123666|move: Light Screen
|upkeep
|turn|23
|
|t:|1769424997
|move|p2a: Hoopa|Dark Pulse|p1a: Hippowdon
|-damage|p1a: Hippowdon|16/100 slp
|cant|p1a: Hippowdon|slp
|
|-weather|Sandstorm|[upkeep]
|-damage|p2a: Hoopa|28/100 tox|[from] Sandstorm
|-heal|p1a: Hippowdon|22/100 slp|[from] item: Leftovers
|-damage|p2a: Hoopa|16/100 tox|[from] psn
|upkeep
|turn|24
|
|t:|1769425008
|switch|p1a: Gliscor|Gliscor, F|100/100 tox
|-damage|p1a: Gliscor|88/100 tox|[from] Stealth Rock
|move|p2a: Hoopa|Dark Pulse|p1a: Gliscor
|-damage|p1a: Gliscor|9/100 tox
|
|-weather|Sandstorm|[upkeep]
|-damage|p2a: Hoopa|10/100 tox|[from] Sandstorm
|-heal|p1a: Gliscor|21/100 tox|[from] ability: Poison Heal
|-damage|p2a: Hoopa|0 fnt|[from] psn
|faint|p2a: Hoopa
|
|win|MUJIE123666
|raw|MUJIE123666's rating: 1103 &rarr; <strong>1125</strong><br />(+22 for winning)
|raw|T0fyl's rating: 1061 &rarr; <strong>1044</strong><br />(-17 for losing)
|l|☆T0fyl
|player|p2|
