|j|☆Mybruddaplscalmdwn
|j|☆LVMH VERSACE
|t:|1769418030
|gametype|singles
|player|p1|Mybruddaplscalmdwn|elesa-gen5bw2|1412
|player|p2|LVMH VERSACE|lucas|1340
|gen|9
|tier|[Gen 9] OU
|rated|
|rule|HP Percentage Mod: HP is shown in percentages
|rule|Endless Battle Clause: Forcing endless battles is banned
|rule|Species Clause: Limit one of each Pokémon
|rule|OHKO Clause: OHKO moves are banned
|rule|Evasion Items Clause: Evasion items are banned
|rule|Evasion Moves Clause: Evasion moves are banned
|rule|Evasion Abilities Clause: Evasion abilities are banned
|rule|Sleep Moves Clause: Sleep-inducing moves are banned
|clearpoke
|poke|p1|Tyranitar, M|
|poke|p1|Excadrill, M|
|poke|p1|Dragapult, M|
|poke|p1|Ogerpon-Wellspring, F|
|poke|p1|Clefable, F|
|poke|p1|Corviknight, M|
|poke|p2|Dragonite, M|
|poke|p2|Iron Moth|
|poke|p2|Smeargle, M|
|poke|p2|Gholdengo|
|poke|p2|Iron Valiant|
|poke|p2|Great Tusk|
|teampreview
|
|t:|1769418035
|teamsize|p1|6
|teamsize|p2|6
|start
|switch|p1a: Ogerpon|Ogerpon-Wellspring, F|100/100
|switch|p2a: Smeargle|Smeargle, M|100/100
|turn|1
|inactive|Battle timer is ON: inactive players will automatically lose when time's up. (requested by LVMH VERSACE)
|
|t:|1769418041
|move|p2a: Smeargle|Burning Bulwark|p2a: Smeargle
|-singleturn|p2a: Smeargle|move: Protect
|move|p1a: Ogerpon|Ivy Cudgel|p2a: Smeargle|[anim] Ivy Cudgel Water
|-activate|p2a: Smeargle|move: Protect
|
|upkeep
|turn|2
|
|t:|1769418046
|move|p1a: Ogerpon|Encore|p2a: Smeargle
|-start|p2a: Smeargle|Encore
|move|p2a: Smeargle|Burning Bulwark||[still]
|-fail|p2a: Smeargle
|
|upkeep
|turn|3
|
|t:|1769418051
|switch|p2a: Dragonite|Dragonite, M, shiny|100/100
|move|p1a: Ogerpon|Ivy Cudgel|p2a: Dragonite|[anim] Ivy Cudgel Water
|-resisted|p2a: Dragonite
|-damage|p2a: Dragonite|83/100
|
|upkeep
|turn|4
|
|t:|1769418054
|move|p1a: Ogerpon|U-turn|p2a: Dragonite
|-resisted|p2a: Dragonite
|-damage|p2a: Dragonite|67/100
|
|t:|1769418060
|switch|p1a: Clefable|Clefable, F|100/100|[from] U-turn
|move|p2a: Dragonite|Dragon Dance|p2a: Dragonite
|-boost|p2a: Dragonite|atk|1
|-boost|p2a: Dragonite|spe|1
|
|upkeep
|turn|5
|
|t:|1769418065
|switch|p2a: Smeargle|Smeargle, M|100/100
|move|p1a: Clefable|Thunder Wave|p2a: Smeargle
|-status|p2a: Smeargle|par
|
|upkeep
|turn|6
|
|t:|1769418070
|switch|p1a: Ogerpon|Ogerpon-Wellspring, F|100/100
|move|p2a: Smeargle|Sticky Web|p1a: Ogerpon
|-sidestart|p1: Mybruddaplscalmdwn|move: Sticky Web
|
|upkeep
|turn|7
|
|t:|1769418075
|move|p1a: Ogerpon|U-turn|p2a: Smeargle
|-damage|p2a: Smeargle|39/100 par
|
|t:|1769418081
|switch|p1a: Corviknight|Corviknight, M|100/100|[from] U-turn
|-ability|p1a: Corviknight|Pressure
|move|p2a: Smeargle|Memento|p1a: Corviknight
|-unboost|p1a: Corviknight|atk|2
|-unboost|p1a: Corviknight|spa|2
|faint|p2a: Smeargle
|
|upkeep
|
|t:|1769418088
|switch|p2a: Iron Moth|Iron Moth|100/100
|-enditem|p2a: Iron Moth|Booster Energy
|-activate|p2a: Iron Moth|ability: Quark Drive|[fromitem]
|-start|p2a: Iron Moth|quarkdrivespa
|turn|8
|
|t:|1769418099
|move|p2a: Iron Moth|Fiery Dance|p1a: Corviknight
|-supereffective|p1a: Corviknight
|-damage|p1a: Corviknight|0 fnt
|-boost|p2a: Iron Moth|spa|1
|faint|p1a: Corviknight
|
|upkeep
|
|t:|1769418115
|switch|p1a: Tyranitar|Tyranitar, M|100/100
|-activate|p1a: Tyranitar|move: Sticky Web
|-unboost|p1a: Tyranitar|spe|1
|-weather|Sandstorm|[from] ability: Sand Stream|[of] p1a: Tyranitar
|turn|9
|
|t:|1769418129
|move|p2a: Iron Moth|Energy Ball|p1a: Tyranitar
|-supereffective|p1a: Tyranitar
|-damage|p1a: Tyranitar|25/100
|move|p1a: Tyranitar|Stone Edge|p2a: Iron Moth
|-supereffective|p2a: Iron Moth
|-damage|p2a: Iron Moth|0 fnt
|faint|p2a: Iron Moth
|-end|p2a: Iron Moth|Quark Drive|[silent]
|
|-weather|Sandstorm|[upkeep]
|upkeep
|
|t:|1769418139
|switch|p2a: Great Tusk|Great Tusk|100/100
|-enditem|p2a: Great Tusk|Booster Energy
|-activate|p2a: Great Tusk|ability: Protosynthesis|[fromitem]
|-start|p2a: Great Tusk|protosynthesisatk
|turn|10
|
|t:|1769418153
|switch|p1a: Clefable|Clefable, F|100/100
|-activate|p1a: Clefable|move: Sticky Web
|-unboost|p1a: Clefable|spe|1
|move|p2a: Great Tusk|Ice Spinner|p1a: Clefable
|-damage|p1a: Clefable|60/100
|
|-weather|Sandstorm|[upkeep]
|-heal|p1a: Clefable|66/100|[from] item: Leftovers
|upkeep
|turn|11
|
|t:|1769418164
|move|p2a: Great Tusk|Headlong Rush|p1a: Clefable
|-damage|p1a: Clefable|0 fnt
|-unboost|p2a: Great Tusk|def|1
|-unboost|p2a: Great Tusk|spd|1
|faint|p1a: Clefable
|
|-weather|Sandstorm|[upkeep]
|upkeep
|
|t:|1769418168
|switch|p1a: Excadrill|Excadrill, M|100/100
|-activate|p1a: Excadrill|move: Sticky Web
|-unboost|p1a: Excadrill|spe|1
|turn|12
|
|t:|1769418173
|move|p1a: Excadrill|Rapid Spin|p2a: Great Tusk
|-damage|p2a: Great Tusk|81/100
|-boost|p1a: Excadrill|spe|1
|-sideend|p1: Mybruddaplscalmdwn|Sticky Web|[from] move: Rapid Spin|[of] p1a: Excadrill
|move|p2a: Great Tusk|Headlong Rush|p1a: Excadrill
|-supereffective|p1a: Excadrill
|-enditem|p1a: Excadrill|Focus Sash
|-damage|p1a: Excadrill|1/100
|-unboost|p2a: Great Tusk|def|1
|-unboost|p2a: Great Tusk|spd|1
|
|-weather|Sandstorm|[upkeep]
|upkeep
|turn|13
|
|t:|1769418180
|move|p1a: Excadrill|Earthquake|p2a: Great Tusk
|-damage|p2a: Great Tusk|0 fnt
|faint|p2a: Great Tusk
|-end|p2a: Great Tusk|Protosynthesis|[silent]
|
|-weather|none
|upkeep
|
|t:|1769418189
|switch|p2a: Dragonite|Dragonite, M, shiny|67/100
|turn|14
|inactive|Mybruddaplscalmdwn has 120 seconds left.
|
|t:|1769418221
|switch|p1a: Tyranitar|Tyranitar, M|25/100
|-weather|Sandstorm|[from] ability: Sand Stream|[of] p1a: Tyranitar
|move|p2a: Dragonite|Scale Shot|p1a: Tyranitar
|-damage|p1a: Tyranitar|14/100
|-damage|p1a: Tyranitar|2/100
|-damage|p1a: Tyranitar|0 fnt
|faint|p1a: Tyranitar
|-hitcount|p1: Tyranitar|3
|-unboost|p2a: Dragonite|def|1
|-boost|p2a: Dragonite|spe|1
|
|-weather|Sandstorm|[upkeep]
|-damage|p2a: Dragonite|61/100|[from] Sandstorm
|upkeep
|inactive|Mybruddaplscalmdwn has 120 seconds left.
|
|t:|1769418228
|switch|p1a: Excadrill|Excadrill, M|1/100
|turn|15
|
|t:|1769418233
|move|p1a: Excadrill|Iron Head|p2a: Dragonite
|-damage|p2a: Dragonite|0 fnt
|faint|p2a: Dragonite
|
|-weather|Sandstorm|[upkeep]
|upkeep
|
|t:|1769418235
|switch|p2a: Gholdengo|Gholdengo|100/100
|-item|p2a: Gholdengo|Air Balloon
|turn|16
|
|t:|1769418241
|switch|p1a: Ogerpon|Ogerpon-Wellspring, F|100/100
|move|p2a: Gholdengo|Shadow Ball|p1a: Ogerpon
|-damage|p1a: Ogerpon|41/100
|
|-weather|Sandstorm|[upkeep]
|-damage|p1a: Ogerpon|35/100|[from] Sandstorm
|upkeep
|turn|17
|
|t:|1769418260
|move|p1a: Ogerpon|Ivy Cudgel|p2a: Gholdengo|[anim] Ivy Cudgel Water
|-damage|p2a: Gholdengo|34/100
|-enditem|p2a: Gholdengo|Air Balloon
|move|p2a: Gholdengo|Shadow Ball|p1a: Ogerpon
|-damage|p1a: Ogerpon|0 fnt
|faint|p1a: Ogerpon
|
|-weather|Sandstorm|[upkeep]
|upkeep
|
|t:|1769418265
|switch|p1a: Excadrill|Excadrill, M|1/100
|turn|18
|
|t:|1769418273
|move|p1a: Excadrill|Earthquake|p2a: Gholdengo
|-supereffective|p2a: Gholdengo
|-damage|p2a: Gholdengo|0 fnt
|faint|p2a: Gholdengo
|
|-weather|none
|upkeep
|
|t:|1769418275
|switch|p2a: Iron Valiant|Iron Valiant|100/100
|-enditem|p2a: Iron Valiant|Booster Energy
|-activate|p2a: Iron Valiant|ability: Quark Drive|[fromitem]
|-start|p2a: Iron Valiant|quarkdrivespe
|turn|19
|
|t:|1769418281
|move|p2a: Iron Valiant|Knock Off|p1a: Excadrill
|-damage|p1a: Excadrill|0 fnt
|faint|p1a: Excadrill
|
|upkeep
|
|t:|1769418286
|switch|p1a: Dragapult|Dragapult, M|100/100
|turn|20
|
|t:|1769418289
|-terastallize|p1a: Dragapult|Ghost
|move|p2a: Iron Valiant|Knock Off|p1a: Dragapult
|-supereffective|p1a: Dragapult
|-damage|p1a: Dragapult|3/100
|-enditem|p1a: Dragapult|Choice Specs|[from] move: Knock Off|[of] p2a: Iron Valiant
|move|p1a: Dragapult|Shadow Ball|p2a: Iron Valiant
|-damage|p2a: Iron Valiant|22/100
|
|upkeep
|turn|21
|c|☆Mybruddaplscalmdwn|gg
|
|t:|1769418297
|move|p2a: Iron Valiant|Knock Off|p1a: Dragapult
|-supereffective|p1a: Dragapult
|-damage|p1a: Dragapult|0 fnt
|faint|p1a: Dragapult
|
|win|LVMH VERSACE
|raw|Mybruddaplscalmdwn's rating: 1412 &rarr; <strong>1388</strong><br />(-24 for losing)
|raw|LVMH VERSACE's rating: 1340 &rarr; <strong>1364</strong><br />(+24 for winning)
|l|☆LVMH VERSACE
|player|p2|
|l|☆Mybruddaplscalmdwn
|player|p1|
