|j|☆Mrkaiminus
|j|☆necrosys
|t:|1769423384
|gametype|singles
|player|p1|Mrkaiminus|ethan|1093
|player|p2|necrosys|101|1090
|gen|9
|tier|[Gen 9] OU
|rated|
|rule|HP Percentage Mod: HP is shown in percentages
|rule|Endless Battle Clause: Forcing endless battles is banned
|rule|Species Clause: Limit one of each Pokémon
|rule|OHKO Clause: OHKO moves are banned
|rule|Evasion Items Clause: Evasion items are banned
|rule|Evasion Moves Clause: Evasion moves are banned
|rule|Evasion Abilities Clause: Evasion abilities are banned
|rule|Sleep Moves Clause: Sleep-inducing moves are banned
|clearpoke
|poke|p1|Feraligatr, M|
|poke|p1|Umbreon, M|
|poke|p1|Ampharos, F|
|poke|p1|Tyranitar, F|
|poke|p1|Scizor, M|
|poke|p1|Houndoom, M|
|poke|p2|Dondozo, M|
|poke|p2|Kingambit, M|
|poke|p2|Weezing-Galar, F|
|poke|p2|Oricorio-Pom-Pom, M|
|poke|p2|Zamazenta-*|
|poke|p2|Raging Bolt|
|teampreview
|
|t:|1769423404
|teamsize|p1|6
|teamsize|p2|6
|start
|switch|p1a: Tyranitar|Tyranitar, F|100/100
|switch|p2a: Kingambit|Kingambit, M|100/100
|-weather|Sandstorm|[from] ability: Sand Stream|[of] p1a: Tyranitar
|turn|1
|inactive|Battle timer is ON: inactive players will automatically lose when time's up. (requested by necrosys)
|
|t:|1769423412
|move|p1a: Tyranitar|Stealth Rock|p2a: Kingambit
|-sidestart|p2: necrosys|move: Stealth Rock
|move|p2a: Kingambit|Iron Head|p1a: Tyranitar
|-supereffective|p1a: Tyranitar
|-damage|p1a: Tyranitar|27/100
|
|-weather|Sandstorm|[upkeep]
|-heal|p1a: Tyranitar|33/100|[from] item: Leftovers
|upkeep
|turn|2
|
|t:|1769423421
|move|p1a: Tyranitar|Earthquake|p2a: Kingambit
|-supereffective|p2a: Kingambit
|-damage|p2a: Kingambit|45/100
|move|p2a: Kingambit|Iron Head|p1a: Tyranitar
|-supereffective|p1a: Tyranitar
|-damage|p1a: Tyranitar|0 fnt
|faint|p1a: Tyranitar
|
|-weather|Sandstorm|[upkeep]
|upkeep
|
|t:|1769423442
|switch|p1a: Houndoom|Houndoom, M|100/100
|turn|3
|
|t:|1769423452
|move|p1a: Houndoom|Flamethrower|p2a: Kingambit
|-supereffective|p2a: Kingambit
|-damage|p2a: Kingambit|0 fnt
|faint|p2a: Kingambit
|
|-weather|Sandstorm|[upkeep]
|-damage|p1a: Houndoom|94/100|[from] Sandstorm
|-heal|p1a: Houndoom|100/100|[from] item: Leftovers
|upkeep
|
|t:|1769423462
|switch|p2a: Weezing|Weezing-Galar, F|100/100
|-damage|p2a: Weezing|88/100|[from] Stealth Rock
|turn|4
|
|t:|1769423473
|switch|p1a: Scizor|Scizor, M|100/100
|move|p2a: Weezing|Defog|p1a: Scizor
|-unboost|p1a: Scizor|evasion|1
|-sideend|p2: necrosys|Stealth Rock|[from] move: Defog|[of] p2a: Weezing
|
|-weather|Sandstorm|[upkeep]
|-damage|p2a: Weezing|82/100|[from] Sandstorm
|-heal|p2a: Weezing|88/100|[from] item: Black Sludge
|upkeep
|turn|5
|
|t:|1769423484
|move|p1a: Scizor|Bullet Punch|p2a: Weezing
|-supereffective|p2a: Weezing
|-damage|p2a: Weezing|36/100
|move|p2a: Weezing|Flamethrower|p1a: Scizor
|-supereffective|p1a: Scizor
|-damage|p1a: Scizor|39/100
|
|-weather|none
|-heal|p2a: Weezing|42/100|[from] item: Black Sludge
|upkeep
|turn|6
|
|t:|1769423494
|switch|p2a: Dondozo|Dondozo, M|100/100
|move|p1a: Scizor|Bullet Punch|p2a: Dondozo
|-resisted|p2a: Dondozo
|-damage|p2a: Dondozo|93/100
|
|-heal|p2a: Dondozo|99/100|[from] item: Leftovers
|upkeep
|turn|7
|
|t:|1769423504
|switch|p1a: Ampharos|Ampharos, F|100/100
|move|p2a: Dondozo|Liquidation|p1a: Ampharos
|-damage|p1a: Ampharos|68/100
|
|-heal|p1a: Ampharos|74/100|[from] item: Leftovers
|-heal|p2a: Dondozo|100/100|[from] item: Leftovers
|upkeep
|turn|8
|
|t:|1769423517
|switch|p2a: Zamazenta|Zamazenta|100/100
|-ability|p2a: Zamazenta|Dauntless Shield|boost
|-boost|p2a: Zamazenta|def|1
|move|p1a: Ampharos|Cotton Guard|p1a: Ampharos
|-boost|p1a: Ampharos|def|3
|
|-heal|p1a: Ampharos|80/100|[from] item: Leftovers
|upkeep
|turn|9
|
|t:|1769423529
|move|p2a: Zamazenta|Play Rough|p1a: Ampharos
|-damage|p1a: Ampharos|70/100
|move|p1a: Ampharos|Reflect|p1a: Ampharos
|-sidestart|p1: Mrkaiminus|Reflect
|
|-heal|p1a: Ampharos|76/100|[from] item: Leftovers
|upkeep
|turn|10
|
|t:|1769423538
|switch|p2a: Oricorio|Oricorio-Pom-Pom, M|100/100
|move|p1a: Ampharos|Light Screen|p1a: Ampharos
|-sidestart|p1: Mrkaiminus|move: Light Screen
|
|-heal|p1a: Ampharos|82/100|[from] item: Leftovers
|upkeep
|turn|11
|
|t:|1769423545
|move|p2a: Oricorio|Quiver Dance|p2a: Oricorio
|-boost|p2a: Oricorio|spa|1
|-boost|p2a: Oricorio|spd|1
|-boost|p2a: Oricorio|spe|1
|move|p1a: Ampharos|Cotton Guard|p1a: Ampharos
|-boost|p1a: Ampharos|def|3
|
|-heal|p1a: Ampharos|89/100|[from] item: Leftovers
|upkeep
|turn|12
|
|t:|1769423555
|move|p2a: Oricorio|Quiver Dance|p2a: Oricorio
|-boost|p2a: Oricorio|spa|1
|-boost|p2a: Oricorio|spd|1
|-boost|p2a: Oricorio|spe|1
|move|p1a: Ampharos|Thunderbolt|p2a: Oricorio
|-damage|p2a: Oricorio|81/100
|
|-heal|p1a: Ampharos|95/100|[from] item: Leftovers
|upkeep
|turn|13
|
|t:|1769423564
|move|p2a: Oricorio|Quiver Dance|p2a: Oricorio
|-boost|p2a: Oricorio|spa|1
|-boost|p2a: Oricorio|spd|1
|-boost|p2a: Oricorio|spe|1
|move|p1a: Ampharos|Thunderbolt|p2a: Oricorio
|-damage|p2a: Oricorio|67/100
|
|-heal|p1a: Ampharos|100/100|[from] item: Leftovers
|-sideend|p1: Mrkaiminus|Reflect
|upkeep
|turn|14
|
|t:|1769423576
|move|p2a: Oricorio|Quiver Dance|p2a: Oricorio
|-boost|p2a: Oricorio|spa|1
|-boost|p2a: Oricorio|spd|1
|-boost|p2a: Oricorio|spe|1
|move|p1a: Ampharos|Reflect|p1a: Ampharos
|-sidestart|p1: Mrkaiminus|Reflect
|
|-sideend|p1: Mrkaiminus|move: Light Screen
|upkeep
|turn|15
|
|t:|1769423583
|move|p2a: Oricorio|Roost|p2a: Oricorio
|-heal|p2a: Oricorio|100/100
|-singleturn|p2a: Oricorio|move: Roost
|move|p1a: Ampharos|Light Screen|p1a: Ampharos
|-sidestart|p1: Mrkaiminus|move: Light Screen
|
|upkeep
|turn|16
|
|t:|1769423590
|move|p2a: Oricorio|Quiver Dance|p2a: Oricorio
|-boost|p2a: Oricorio|spa|1
|-boost|p2a: Oricorio|spd|1
|-boost|p2a: Oricorio|spe|1
|move|p1a: Ampharos|Thunderbolt|p2a: Oricorio
|-damage|p2a: Oricorio|90/100
|
|upkeep
|turn|17
|
|t:|1769423597
|move|p2a: Oricorio|Quiver Dance|p2a: Oricorio
|-boost|p2a: Oricorio|spa|1
|-boost|p2a: Oricorio|spd|1
|-boost|p2a: Oricorio|spe|1
|move|p1a: Ampharos|Thunderbolt|p2a: Oricorio
|-damage|p2a: Oricorio|81/100
|
|upkeep
|turn|18
|
|t:|1769423606
|move|p2a: Oricorio|Revelation Dance|p1a: Ampharos
|-resisted|p1a: Ampharos
|-damage|p1a: Ampharos|80/100
|move|p1a: Ampharos|Thunderbolt|p2a: Oricorio
|-damage|p2a: Oricorio|73/100
|
|-heal|p1a: Ampharos|87/100|[from] item: Leftovers
|-sideend|p1: Mrkaiminus|Reflect
|upkeep
|turn|19
|
|t:|1769423616
|move|p2a: Oricorio|Roost|p2a: Oricorio
|-heal|p2a: Oricorio|100/100
|-singleturn|p2a: Oricorio|move: Roost
|move|p1a: Ampharos|Thunderbolt|p2a: Oricorio
|-resisted|p2a: Oricorio
|-damage|p2a: Oricorio|96/100
|
|-heal|p1a: Ampharos|93/100|[from] item: Leftovers
|-sideend|p1: Mrkaiminus|move: Light Screen
|upkeep
|turn|20
|
|t:|1769423627
|move|p2a: Oricorio|Revelation Dance|p1a: Ampharos
|-resisted|p1a: Ampharos
|-damage|p1a: Ampharos|48/100
|move|p1a: Ampharos|Light Screen|p1a: Ampharos
|-sidestart|p1: Mrkaiminus|move: Light Screen
|
|-heal|p1a: Ampharos|55/100|[from] item: Leftovers
|upkeep
|turn|21
|
|t:|1769423639
|move|p2a: Oricorio|Air Slash|p1a: Ampharos|[miss]
|-miss|p2a: Oricorio|p1a: Ampharos
|move|p1a: Ampharos|Thunderbolt|p2a: Oricorio
|-damage|p2a: Oricorio|86/100
|
|-heal|p1a: Ampharos|61/100|[from] item: Leftovers
|upkeep
|turn|22
|
|t:|1769423647
|move|p2a: Oricorio|Air Slash|p1a: Ampharos
|-resisted|p1a: Ampharos
|-damage|p1a: Ampharos|45/100
|move|p1a: Ampharos|Thunderbolt|p2a: Oricorio
|-damage|p2a: Oricorio|78/100
|
|-heal|p1a: Ampharos|51/100|[from] item: Leftovers
|upkeep
|turn|23
|
|t:|1769423656
|move|p2a: Oricorio|Roost|p2a: Oricorio
|-heal|p2a: Oricorio|100/100
|-singleturn|p2a: Oricorio|move: Roost
|move|p1a: Ampharos|Thunderbolt|p2a: Oricorio
|-resisted|p2a: Oricorio
|-damage|p2a: Oricorio|96/100
|
|-heal|p1a: Ampharos|57/100|[from] item: Leftovers
|upkeep
|turn|24
|
|t:|1769423670
|move|p2a: Oricorio|Revelation Dance|p1a: Ampharos
|-resisted|p1a: Ampharos
|-damage|p1a: Ampharos|36/100
|move|p1a: Ampharos|Thunderbolt|p2a: Oricorio
|-damage|p2a: Oricorio|88/100
|
|-heal|p1a: Ampharos|42/100|[from] item: Leftovers
|-sideend|p1: Mrkaiminus|move: Light Screen
|upkeep
|turn|25
|
|t:|1769423681
|move|p2a: Oricorio|Revelation Dance|p1a: Ampharos
|-resisted|p1a: Ampharos
|-damage|p1a: Ampharos|2/100
|move|p1a: Ampharos|Light Screen|p1a: Ampharos
|-sidestart|p1: Mrkaiminus|move: Light Screen
|
|-heal|p1a: Ampharos|8/100|[from] item: Leftovers
|upkeep
|turn|26
|
|t:|1769423691
|move|p2a: Oricorio|Revelation Dance|p1a: Ampharos
|-resisted|p1a: Ampharos
|-damage|p1a: Ampharos|0 fnt
|faint|p1a: Ampharos
|
|upkeep
|
|t:|1769423698
|switch|p1a: Scizor|Scizor, M|39/100
|turn|27
|
|t:|1769423704
|move|p1a: Scizor|Bullet Punch|p2a: Oricorio
|-resisted|p2a: Oricorio
|-damage|p2a: Oricorio|69/100
|move|p2a: Oricorio|Revelation Dance|p1a: Scizor
|-damage|p1a: Scizor|0 fnt
|faint|p1a: Scizor
|
|upkeep
|
|t:|1769423713
|switch|p1a: Umbreon|Umbreon, M, shiny|100/100
|turn|28
|
|t:|1769423716
|move|p2a: Oricorio|Revelation Dance|p1a: Umbreon
|-damage|p1a: Umbreon|64/100
|move|p1a: Umbreon|Toxic|p2a: Oricorio
|-status|p2a: Oricorio|tox
|
|-heal|p1a: Umbreon|70/100|[from] item: Leftovers
|-damage|p2a: Oricorio|62/100 tox|[from] psn
|upkeep
|turn|29
|
|t:|1769423729
|move|p2a: Oricorio|Roost|p2a: Oricorio
|-heal|p2a: Oricorio|100/100 tox
|-singleturn|p2a: Oricorio|move: Roost
|move|p1a: Umbreon|Wish|p1a: Umbreon
|
|-heal|p1a: Umbreon|76/100|[from] item: Leftovers
|-damage|p2a: Oricorio|88/100 tox|[from] psn
|-sideend|p1: Mrkaiminus|move: Light Screen
|upkeep
|turn|30
|
|t:|1769423740
|move|p1a: Umbreon|Protect|p1a: Umbreon
|-singleturn|p1a: Umbreon|Protect
|move|p2a: Oricorio|Revelation Dance|p1a: Umbreon
|-activate|p1a: Umbreon|move: Protect
|
|-heal|p1a: Umbreon|100/100|[from] move: Wish|[wisher] Umbreon
|-damage|p2a: Oricorio|69/100 tox|[from] psn
|upkeep
|turn|31
|
|t:|1769423751
|move|p2a: Oricorio|Revelation Dance|p1a: Umbreon
|-damage|p1a: Umbreon|29/100
|move|p1a: Umbreon|Wish|p1a: Umbreon
|
|-heal|p1a: Umbreon|35/100|[from] item: Leftovers
|-damage|p2a: Oricorio|45/100 tox|[from] psn
|upkeep
|turn|32
|
|t:|1769423768
|move|p1a: Umbreon|Protect|p1a: Umbreon
|-singleturn|p1a: Umbreon|Protect
|move|p2a: Oricorio|Revelation Dance|p1a: Umbreon
|-activate|p1a: Umbreon|move: Protect
|
|-heal|p1a: Umbreon|85/100|[from] move: Wish|[wisher] Umbreon
|-heal|p1a: Umbreon|91/100|[from] item: Leftovers
|-damage|p2a: Oricorio|13/100 tox|[from] psn
|upkeep
|turn|33
|
|t:|1769423780
|move|p2a: Oricorio|Air Slash|p1a: Umbreon
|-damage|p1a: Umbreon|35/100
|cant|p1a: Umbreon|flinch
|
|-heal|p1a: Umbreon|41/100|[from] item: Leftovers
|-damage|p2a: Oricorio|0 fnt|[from] psn
|faint|p2a: Oricorio
|upkeep
|
|t:|1769423787
|switch|p2a: Zamazenta|Zamazenta|100/100
|turn|34
|
|t:|1769423806
|move|p2a: Zamazenta|Close Combat|p1a: Umbreon
|-supereffective|p1a: Umbreon
|-damage|p1a: Umbreon|0 fnt
|-unboost|p2a: Zamazenta|def|1
|-unboost|p2a: Zamazenta|spd|1
|faint|p1a: Umbreon
|
|upkeep
|
|t:|1769423813
|switch|p1a: Feraligatr|Feraligatr, M|100/100
|turn|35
|
|t:|1769423821
|switch|p2a: Raging Bolt|Raging Bolt|100/100
|-enditem|p2a: Raging Bolt|Booster Energy
|-activate|p2a: Raging Bolt|ability: Protosynthesis|[fromitem]
|-start|p2a: Raging Bolt|protosynthesisspa
|move|p1a: Feraligatr|Liquidation|p2a: Raging Bolt
|-resisted|p2a: Raging Bolt
|-damage|p2a: Raging Bolt|72/100
|
|upkeep
|turn|36
|
|t:|1769423829
|move|p1a: Feraligatr|Dragon Dance|p1a: Feraligatr
|-boost|p1a: Feraligatr|atk|1
|-boost|p1a: Feraligatr|spe|1
|move|p2a: Raging Bolt|Thunderbolt|p1a: Feraligatr
|-supereffective|p1a: Feraligatr
|-damage|p1a: Feraligatr|0 fnt
|faint|p1a: Feraligatr
|
|upkeep
|
|t:|1769423838
|switch|p1a: Houndoom|Houndoom, M|100/100
|turn|37
|
|t:|1769423843
|-terastallize|p1a: Houndoom|Dark
|move|p1a: Houndoom|Dark Pulse|p2a: Raging Bolt
|-damage|p2a: Raging Bolt|31/100
|move|p2a: Raging Bolt|Draco Meteor|p1a: Houndoom
|-damage|p1a: Houndoom|0 fnt
|-unboost|p2a: Raging Bolt|spa|2
|faint|p1a: Houndoom
|
|win|necrosys
|raw|Mrkaiminus's rating: 1093 &rarr; <strong>1069</strong><br />(-24 for losing)
|raw|necrosys's rating: 1090 &rarr; <strong>1117</strong><br />(+27 for winning)
|l|☆Mrkaiminus
|player|p1|
|l|☆necrosys
|player|p2|
