|j|☆CLCLCL21
|j|☆valkeinen
|t:|1769436633
|gametype|singles
|player|p1|CLCLCL21|fisherman-gen4|1241
|player|p2|valkeinen|unknownf|1239
|gen|9
|tier|[Gen 9] OU
|rated|
|rule|HP Percentage Mod: HP is shown in percentages
|rule|Endless Battle Clause: Forcing endless battles is banned
|rule|Species Clause: Limit one of each Pokémon
|rule|OHKO Clause: OHKO moves are banned
|rule|Evasion Items Clause: Evasion items are banned
|rule|Evasion Moves Clause: Evasion moves are banned
|rule|Evasion Abilities Clause: Evasion abilities are banned
|rule|Sleep Moves Clause: Sleep-inducing moves are banned
|clearpoke
|poke|p1|Torkoal, M|
|poke|p1|Great Tusk|
|poke|p1|Raging Bolt|
|poke|p1|Walking Wake|
|poke|p1|Venusaur, F|
|poke|p1|Moltres|
|poke|p2|Hitmonlee, M|
|poke|p2|Donphan, F|
|poke|p2|Ribombee, F|
|poke|p2|Exeggutor, M|
|poke|p2|Torkoal, M|
|poke|p2|Garchomp, F|
|teampreview
|inactive|Battle timer is ON: inactive players will automatically lose when time's up. (requested by valkeinen)
|
|t:|1769436642
|teamsize|p1|6
|teamsize|p2|6
|start
|switch|p1a: Walking Wake|Walking Wake|100/100
|switch|p2a: OnlyPhans|Donphan, F, shiny|100/100
|turn|1
|
|t:|1769436649
|move|p1a: Walking Wake|Hydro Steam|p2a: OnlyPhans
|-supereffective|p2a: OnlyPhans
|-ability|p2a: OnlyPhans|Sturdy
|-damage|p2a: OnlyPhans|1/100
|move|p2a: OnlyPhans|Stealth Rock|p1a: Walking Wake
|-sidestart|p1: CLCLCL21|move: Stealth Rock
|
|upkeep
|turn|2
|
|t:|1769436657
|move|p1a: Walking Wake|Hydro Steam|p2a: OnlyPhans
|-supereffective|p2a: OnlyPhans
|-damage|p2a: OnlyPhans|0 fnt
|faint|p2a: OnlyPhans
|
|upkeep
|
|t:|1769436674
|switch|p2a: Teophilus|Exeggutor, M, shiny|100/100
|turn|3
|
|t:|1769436685
|-end|p1a: Walking Wake|Protosynthesis|[silent]
|switch|p1a: Moltres|Moltres|100/100
|-ability|p1a: Moltres|Pressure
|move|p2a: Teophilus|Psychic|p1a: Moltres
|-damage|p1a: Moltres|54/100
|
|upkeep
|turn|4
|
|t:|1769436703
|switch|p2a: Humphry|Torkoal, M|100/100
|-weather|SunnyDay|[from] ability: Drought|[of] p2a: Humphry
|move|p1a: Moltres|U-turn|p2a: Humphry
|-resisted|p2a: Humphry
|-damage|p2a: Humphry|95/100
|
|t:|1769436710
|switch|p1a: Great Tusk|Great Tusk|100/100|[from] U-turn
|-damage|p1a: Great Tusk|98/100|[from] Stealth Rock
|-activate|p1a: Great Tusk|ability: Protosynthesis
|-start|p1a: Great Tusk|protosynthesisdef
|
|-weather|SunnyDay|[upkeep]
|-heal|p1a: Great Tusk|100/100|[from] item: Leftovers
|upkeep
|turn|5
|
|t:|1769436724
|move|p1a: Great Tusk|Knock Off|p2a: Humphry
|-damage|p2a: Humphry|74/100
|-enditem|p2a: Humphry|Heat Rock|[from] move: Knock Off|[of] p1a: Great Tusk
|move|p2a: Humphry|Will-O-Wisp|p1a: Great Tusk
|-status|p1a: Great Tusk|brn
|
|-weather|SunnyDay|[upkeep]
|-damage|p1a: Great Tusk|94/100 brn|[from] brn
|upkeep
|turn|6
|
|t:|1769436734
|switch|p2a: Teophilus|Exeggutor, M, shiny|100/100
|move|p1a: Great Tusk|Stone Edge|p2a: Teophilus|[miss]
|-miss|p1a: Great Tusk|p2a: Teophilus
|
|-weather|SunnyDay|[upkeep]
|-heal|p1a: Great Tusk|100/100 brn|[from] item: Leftovers
|-damage|p1a: Great Tusk|94/100 brn|[from] brn
|upkeep
|turn|7
|
|t:|1769436742
|move|p2a: Teophilus|Psychic|p1a: Great Tusk
|-supereffective|p1a: Great Tusk
|-damage|p1a: Great Tusk|0 fnt
|faint|p1a: Great Tusk
|-end|p1a: Great Tusk|Protosynthesis|[silent]
|
|-weather|SunnyDay|[upkeep]
|upkeep
|
|t:|1769436749
|switch|p1a: Walking Wake|Walking Wake|100/100
|-damage|p1a: Walking Wake|88/100|[from] Stealth Rock
|-activate|p1a: Walking Wake|ability: Protosynthesis
|-start|p1a: Walking Wake|protosynthesisspe
|turn|8
|
|t:|1769436755
|-terastallize|p2a: Teophilus|Fire
|move|p1a: Walking Wake|Flamethrower|p2a: Teophilus
|-resisted|p2a: Teophilus
|-damage|p2a: Teophilus|70/100
|move|p2a: Teophilus|Psychic|p1a: Walking Wake
|-damage|p1a: Walking Wake|12/100
|
|-weather|SunnyDay|[upkeep]
|upkeep
|turn|9
|
|t:|1769436763
|move|p1a: Walking Wake|Flamethrower|p2a: Teophilus
|-resisted|p2a: Teophilus
|-damage|p2a: Teophilus|40/100
|move|p2a: Teophilus|Psychic|p1a: Walking Wake
|-damage|p1a: Walking Wake|0 fnt
|faint|p1a: Walking Wake
|-end|p1a: Walking Wake|Protosynthesis|[silent]
|
|-weather|SunnyDay|[upkeep]
|upkeep
|
|t:|1769436781
|switch|p1a: Raging Bolt|Raging Bolt|100/100
|-damage|p1a: Raging Bolt|88/100|[from] Stealth Rock
|-activate|p1a: Raging Bolt|ability: Protosynthesis
|-start|p1a: Raging Bolt|protosynthesisspa
|turn|10
|
|t:|1769436787
|move|p2a: Teophilus|Psychic|p1a: Raging Bolt
|-damage|p1a: Raging Bolt|20/100
|move|p1a: Raging Bolt|Thunderbolt|p2a: Teophilus
|-damage|p2a: Teophilus|0 fnt
|faint|p2a: Teophilus
|
|-weather|SunnyDay|[upkeep]
|upkeep
|
|t:|1769436793
|switch|p2a: trans beedrill|Ribombee, F|100/100
|turn|11
|
|t:|1769436797
|move|p2a: trans beedrill|Sticky Web|p1a: Raging Bolt
|-sidestart|p1: CLCLCL21|move: Sticky Web
|move|p1a: Raging Bolt|Thunderbolt|p2a: trans beedrill
|-enditem|p2a: trans beedrill|Focus Sash
|-damage|p2a: trans beedrill|1/100
|
|-weather|none
|-end|p1a: Raging Bolt|Protosynthesis
|upkeep
|turn|12
|
|t:|1769436805
|move|p2a: trans beedrill|Moonblast|p1a: Raging Bolt
|-supereffective|p1a: Raging Bolt
|-damage|p1a: Raging Bolt|0 fnt
|faint|p1a: Raging Bolt
|-end|p1a: Raging Bolt|Protosynthesis|[silent]
|
|upkeep
|
|t:|1769436810
|switch|p1a: Torkoal|Torkoal, M|100/100
|-damage|p1a: Torkoal|75/100|[from] Stealth Rock
|-activate|p1a: Torkoal|move: Sticky Web
|-unboost|p1a: Torkoal|spe|1
|-weather|SunnyDay|[from] ability: Drought|[of] p1a: Torkoal
|turn|13
|
|t:|1769436817
|switch|p2a: 🤓|Garchomp, F|100/100
|move|p1a: Torkoal|Rapid Spin|p2a: 🤓
|-damage|p2a: 🤓|90/100
|-boost|p1a: Torkoal|spe|1
|-damage|p1a: Torkoal|63/100|[from] ability: Rough Skin|[of] p2a: 🤓
|-sideend|p1: CLCLCL21|Stealth Rock|[from] move: Rapid Spin|[of] p1a: Torkoal
|-sideend|p1: CLCLCL21|Sticky Web|[from] move: Rapid Spin|[of] p1a: Torkoal
|
|-weather|SunnyDay|[upkeep]
|upkeep
|turn|14
|
|t:|1769436832
|move|p2a: 🤓|Draco Meteor|p1a: Torkoal
|-damage|p1a: Torkoal|0 fnt
|-unboost|p2a: 🤓|spa|2
|faint|p1a: Torkoal
|
|-weather|SunnyDay|[upkeep]
|upkeep
|
|t:|1769436838
|switch|p1a: Venusaur|Venusaur, F|100/100
|turn|15
|
|t:|1769436844
|switch|p2a: trans beedrill|Ribombee, F|1/100
|move|p1a: Venusaur|Growth|p1a: Venusaur
|-boost|p1a: Venusaur|atk|2
|-boost|p1a: Venusaur|spa|2
|
|-weather|SunnyDay|[upkeep]
|upkeep
|turn|16
|
|t:|1769436852
|move|p1a: Venusaur|Weather Ball|p2a: trans beedrill
|-supereffective|p2a: trans beedrill
|-damage|p2a: trans beedrill|0 fnt
|faint|p2a: trans beedrill
|-damage|p1a: Venusaur|91/100|[from] item: Life Orb
|
|-weather|SunnyDay|[upkeep]
|upkeep
|
|t:|1769436862
|switch|p2a: Humphry|Torkoal, M|74/100
|turn|17
|
|t:|1769436871
|move|p1a: Venusaur|Sludge Bomb|p2a: Humphry
|-damage|p2a: Humphry|0 fnt
|faint|p2a: Humphry
|-damage|p1a: Venusaur|81/100|[from] item: Life Orb
|
|-weather|none
|upkeep
|
|t:|1769436875
|switch|p2a: prepucio|Hitmonlee, M, shiny|100/100
|turn|18
|
|t:|1769436886
|move|p2a: prepucio|Endure|p2a: prepucio
|-singleturn|p2a: prepucio|move: Endure
|move|p1a: Venusaur|Giga Drain|p2a: prepucio
|-activate|p2a: prepucio|move: Endure
|-damage|p2a: prepucio|1/100
|-heal|p1a: Venusaur|100/100|[from] drain|[of] p2a: prepucio
|-enditem|p2a: prepucio|Liechi Berry|[eat]
|-boost|p2a: prepucio|atk|1|[from] item: Liechi Berry
|-damage|p1a: Venusaur|91/100|[from] item: Life Orb
|
|upkeep
|turn|19
|
|t:|1769436895
|move|p2a: prepucio|Reversal|p1a: Venusaur
|-resisted|p1a: Venusaur
|-damage|p1a: Venusaur|0 fnt
|faint|p1a: Venusaur
|
|upkeep
|
|t:|1769436899
|switch|p1a: Moltres|Moltres|54/100
|-ability|p1a: Moltres|Pressure
|turn|20
|
|t:|1769436906
|move|p2a: prepucio|Knock Off|p1a: Moltres
|-damage|p1a: Moltres|6/100
|-enditem|p1a: Moltres|Heavy-Duty Boots|[from] move: Knock Off|[of] p2a: prepucio
|move|p1a: Moltres|Roost|p1a: Moltres
|-heal|p1a: Moltres|56/100
|-singleturn|p1a: Moltres|move: Roost
|
|upkeep
|turn|21
|
|t:|1769436913
|move|p2a: prepucio|Reversal|p1a: Moltres
|-resisted|p1a: Moltres
|-damage|p1a: Moltres|0 fnt
|faint|p1a: Moltres
|
|win|valkeinen
|raw|CLCLCL21's rating: 1241 &rarr; <strong>1216</strong><br />(-25 for losing)
|raw|valkeinen's rating: 1239 &rarr; <strong>1264</strong><br />(+25 for winning)
|c|☆valkeinen|gg
|l|☆CLCLCL21
|player|p1|
|l|☆valkeinen
|player|p2|
