|j|☆mind goblin games
|j|☆Seraphyde
|t:|1769364094
|gametype|singles
|player|p1|mind goblin games|101|1389
|player|p2|Seraphyde|riley|1397
|gen|9
|tier|[Gen 9] OU
|rated|
|rule|HP Percentage Mod: HP is shown in percentages
|rule|Endless Battle Clause: Forcing endless battles is banned
|rule|Species Clause: Limit one of each Pokémon
|rule|OHKO Clause: OHKO moves are banned
|rule|Evasion Items Clause: Evasion items are banned
|rule|Evasion Moves Clause: Evasion moves are banned
|rule|Evasion Abilities Clause: Evasion abilities are banned
|rule|Sleep Moves Clause: Sleep-inducing moves are banned
|clearpoke
|poke|p1|Dondozo, F|
|poke|p1|Slowking-Galar, M|
|poke|p1|Hydrapple, M|
|poke|p1|Great Tusk|
|poke|p1|Gholdengo|
|poke|p1|Tyranitar, M|
|poke|p2|Landorus-Therian, M|
|poke|p2|Samurott-Hisui, M|
|poke|p2|Weavile, M|
|poke|p2|Darkrai|
|poke|p2|Pecharunt|
|poke|p2|Iron Moth|
|teampreview
|inactive|Battle timer is ON: inactive players will automatically lose when time's up. (requested by mind goblin games)
|
|t:|1769364113
|teamsize|p1|6
|teamsize|p2|6
|start
|switch|p1a: Hydrapple|Hydrapple, M|100/100
|switch|p2a: Landorus|Landorus-Therian, M, shiny|100/100
|-ability|p2a: Landorus|Intimidate|boost
|-unboost|p1a: Hydrapple|atk|1
|turn|1
|
|t:|1769364119
|move|p2a: Landorus|U-turn|p1a: Hydrapple
|-supereffective|p1a: Hydrapple
|-damage|p1a: Hydrapple|58/100
|
|t:|1769364125
|switch|p2a: Iron Moth|Iron Moth|100/100|[from] U-turn
|-enditem|p2a: Iron Moth|Booster Energy
|-activate|p2a: Iron Moth|ability: Quark Drive|[fromitem]
|-start|p2a: Iron Moth|quarkdrivespe
|move|p1a: Hydrapple|Nasty Plot|p1a: Hydrapple
|-boost|p1a: Hydrapple|spa|2
|
|upkeep
|turn|2
|
|t:|1769364132
|-terastallize|p1a: Hydrapple|Dragon
|move|p2a: Iron Moth|Sludge Wave|p1a: Hydrapple
|-damage|p1a: Hydrapple|9/100
|move|p1a: Hydrapple|Earth Power|p2a: Iron Moth
|-supereffective|p2a: Iron Moth
|-damage|p2a: Iron Moth|0 fnt
|faint|p2a: Iron Moth
|-end|p2a: Iron Moth|Quark Drive|[silent]
|-damage|p1a: Hydrapple|0 fnt|[from] item: Life Orb
|faint|p1a: Hydrapple
|
|upkeep
|
|t:|1769364155
|switch|p2a: Landorus|Landorus-Therian, M, shiny|100/100
|switch|p1a: Dondozo|Dondozo, F|100/100
|-ability|p2a: Landorus|Intimidate|boost
|-unboost|p1a: Dondozo|atk|1
|turn|3
|
|t:|1769364176
|switch|p1a: Great Tusk|Great Tusk|100/100
|-enditem|p1a: Great Tusk|Booster Energy
|-activate|p1a: Great Tusk|ability: Protosynthesis|[fromitem]
|-start|p1a: Great Tusk|protosynthesisatk
|move|p2a: Landorus|U-turn|p1a: Great Tusk
|-resisted|p1a: Great Tusk
|-damage|p1a: Great Tusk|93/100
|inactive|Seraphyde has 120 seconds left.
|
|t:|1769364197
|switch|p2a: Pecharunt|Pecharunt|100/100|[from] U-turn
|
|upkeep
|turn|4
|
|t:|1769364204
|move|p2a: Pecharunt|Parting Shot|p1a: Great Tusk
|-unboost|p1a: Great Tusk|atk|1
|-unboost|p1a: Great Tusk|spa|1
|
|t:|1769364207
|switch|p2a: Landorus|Landorus-Therian, M, shiny|100/100|[from] Parting Shot
|-ability|p2a: Landorus|Intimidate|boost
|-unboost|p1a: Great Tusk|atk|1
|move|p1a: Great Tusk|Stealth Rock|p2a: Landorus
|-sidestart|p2: Seraphyde|move: Stealth Rock
|
|upkeep
|turn|5
|
|t:|1769364229
|-end|p1a: Great Tusk|Protosynthesis|[silent]
|switch|p1a: Dondozo|Dondozo, F|100/100
|move|p2a: Landorus|Stealth Rock|p1a: Dondozo
|-sidestart|p1: mind goblin games|move: Stealth Rock
|
|upkeep
|turn|6
|
|t:|1769364242
|move|p2a: Landorus|U-turn|p1a: Dondozo
|-damage|p1a: Dondozo|90/100
|
|t:|1769364245
|switch|p2a: Weavile|Weavile, M|100/100|[from] U-turn
|-ability|p2a: Weavile|Pressure
|move|p1a: Dondozo|Waterfall|p2a: Weavile
|-damage|p2a: Weavile|55/100
|
|-heal|p1a: Dondozo|96/100|[from] item: Leftovers
|upkeep
|turn|7
|
|t:|1769364255
|move|p2a: Weavile|Knock Off|p1a: Dondozo
|-crit|p1a: Dondozo
|-damage|p1a: Dondozo|62/100
|-enditem|p1a: Dondozo|Leftovers|[from] move: Knock Off|[of] p2a: Weavile
|move|p1a: Dondozo|Waterfall|p2a: Weavile
|-damage|p2a: Weavile|9/100
|
|upkeep
|turn|8
|
|t:|1769364267
|switch|p2a: Pecharunt|Pecharunt|100/100
|-damage|p2a: Pecharunt|88/100|[from] Stealth Rock
|move|p1a: Dondozo|Rest|p1a: Dondozo
|-status|p1a: Dondozo|slp|[from] move: Rest
|-heal|p1a: Dondozo|100/100 slp|[silent]
|
|-heal|p2a: Pecharunt|94/100|[from] item: Leftovers
|upkeep
|turn|9
|
|t:|1769364278
|switch|p1a: Tyranitar|Tyranitar, M|100/100
|-damage|p1a: Tyranitar|88/100|[from] Stealth Rock
|-weather|Sandstorm|[from] ability: Sand Stream|[of] p1a: Tyranitar
|move|p2a: Pecharunt|Parting Shot|p1a: Tyranitar
|-unboost|p1a: Tyranitar|atk|1
|-unboost|p1a: Tyranitar|spa|1
|
|t:|1769364287
|switch|p2a: Samurott|Samurott-Hisui, M, shiny|100/100|[from] Parting Shot
|
|-weather|Sandstorm|[upkeep]
|-damage|p2a: Samurott|94/100|[from] Sandstorm
|upkeep
|turn|10
|
|t:|1769364293
|switch|p1a: Dondozo|Dondozo, F|100/100 slp
|-damage|p1a: Dondozo|88/100 slp|[from] Stealth Rock
|move|p2a: Samurott|Sacred Sword|p1a: Dondozo
|-damage|p1a: Dondozo|70/100 slp
|
|-weather|Sandstorm|[upkeep]
|-damage|p2a: Samurott|88/100|[from] Sandstorm
|-damage|p1a: Dondozo|64/100 slp|[from] Sandstorm
|upkeep
|turn|11
|
|t:|1769364302
|move|p2a: Samurott|Ceaseless Edge|p1a: Dondozo
|-damage|p1a: Dondozo|44/100 slp
|-sidestart|p1: mind goblin games|Spikes
|cant|p1a: Dondozo|slp
|move|p1a: Dondozo|Sleep Talk|p1a: Dondozo
|move|p1a: Dondozo|Curse|p1a: Dondozo|[from] move: Sleep Talk
|-unboost|p1a: Dondozo|spe|1
|-boost|p1a: Dondozo|atk|1
|-boost|p1a: Dondozo|def|1
|
|-weather|Sandstorm|[upkeep]
|-damage|p2a: Samurott|82/100|[from] Sandstorm
|-damage|p1a: Dondozo|38/100 slp|[from] Sandstorm
|upkeep
|turn|12
|
|t:|1769364312
|move|p2a: Samurott|Ceaseless Edge|p1a: Dondozo
|-damage|p1a: Dondozo|24/100 slp
|-sidestart|p1: mind goblin games|Spikes
|cant|p1a: Dondozo|slp
|move|p1a: Dondozo|Sleep Talk|p1a: Dondozo
|move|p1a: Dondozo|Waterfall|p2a: Samurott|[from] move: Sleep Talk
|-resisted|p2a: Samurott
|-damage|p2a: Samurott|57/100
|
|-weather|Sandstorm|[upkeep]
|-damage|p2a: Samurott|51/100|[from] Sandstorm
|-damage|p1a: Dondozo|18/100 slp|[from] Sandstorm
|upkeep
|turn|13
|
|t:|1769364322
|move|p2a: Samurott|Ceaseless Edge|p1a: Dondozo
|-damage|p1a: Dondozo|4/100 slp
|-sidestart|p1: mind goblin games|Spikes
|-curestatus|p1a: Dondozo|slp|[msg]
|move|p1a: Dondozo|Rest|p1a: Dondozo
|-status|p1a: Dondozo|slp|[from] move: Rest
|-heal|p1a: Dondozo|100/100 slp|[silent]
|
|-weather|none
|upkeep
|turn|14
|
|t:|1769364340
|switch|p1a: Great Tusk|Great Tusk|93/100
|-damage|p1a: Great Tusk|90/100|[from] Stealth Rock
|-damage|p1a: Great Tusk|65/100|[from] Spikes
|move|p2a: Samurott|Razor Shell|p1a: Great Tusk
|-supereffective|p1a: Great Tusk
|-crit|p1a: Great Tusk
|-damage|p1a: Great Tusk|0 fnt
|faint|p1a: Great Tusk
|-end|p1a: Great Tusk|Protosynthesis|[silent]
|
|upkeep
|
|t:|1769364354
|switch|p1a: Gholdengo|Gholdengo|100/100
|-damage|p1a: Gholdengo|94/100|[from] Stealth Rock
|-damage|p1a: Gholdengo|70/100|[from] Spikes
|turn|15
|
|t:|1769364358
|move|p2a: Samurott|Sucker Punch|p1a: Gholdengo
|-supereffective|p1a: Gholdengo
|-damage|p1a: Gholdengo|0 fnt
|faint|p1a: Gholdengo
|
|upkeep
|
|t:|1769364365
|switch|p1a: Dondozo|Dondozo, F|100/100 slp
|-damage|p1a: Dondozo|88/100 slp|[from] Stealth Rock
|-damage|p1a: Dondozo|63/100 slp|[from] Spikes
|turn|16
|
|t:|1769364369
|move|p2a: Samurott|Razor Shell|p1a: Dondozo
|-resisted|p1a: Dondozo
|-damage|p1a: Dondozo|52/100 slp
|cant|p1a: Dondozo|slp
|move|p1a: Dondozo|Sleep Talk|p1a: Dondozo
|move|p1a: Dondozo|Waterfall|p2a: Samurott|[from] move: Sleep Talk
|-resisted|p2a: Samurott
|-damage|p2a: Samurott|31/100
|
|upkeep
|turn|17
|
|t:|1769364379
|move|p2a: Samurott|Razor Shell|p1a: Dondozo
|-resisted|p1a: Dondozo
|-damage|p1a: Dondozo|41/100 slp
|cant|p1a: Dondozo|slp
|move|p1a: Dondozo|Sleep Talk|p1a: Dondozo
|move|p1a: Dondozo|Rest||[from] move: Sleep Talk|[still]
|-fail|p1a: Dondozo
|
|upkeep
|turn|18
|
|t:|1769364392
|switch|p2a: Weavile|Weavile, M|9/100
|-ability|p2a: Weavile|Pressure
|-curestatus|p1a: Dondozo|slp|[msg]
|move|p1a: Dondozo|Rest|p1a: Dondozo
|-status|p1a: Dondozo|slp|[from] move: Rest
|-heal|p1a: Dondozo|100/100 slp|[silent]
|
|upkeep
|turn|19
|
|t:|1769364402
|switch|p2a: Pecharunt|Pecharunt|94/100
|-damage|p2a: Pecharunt|82/100|[from] Stealth Rock
|cant|p1a: Dondozo|slp
|move|p1a: Dondozo|Sleep Talk|p1a: Dondozo
|move|p1a: Dondozo|Rest||[from] move: Sleep Talk|[still]
|-fail|p1a: Dondozo
|
|-heal|p2a: Pecharunt|88/100|[from] item: Leftovers
|upkeep
|turn|20
|
|t:|1769364411
|move|p2a: Pecharunt|Parting Shot|p1a: Dondozo
|-unboost|p1a: Dondozo|atk|1
|-unboost|p1a: Dondozo|spa|1
|
|t:|1769364414
|switch|p2a: Landorus|Landorus-Therian, M, shiny|100/100|[from] Parting Shot
|-damage|p2a: Landorus|88/100|[from] Stealth Rock
|-ability|p2a: Landorus|Intimidate|boost
|-unboost|p1a: Dondozo|atk|1
|cant|p1a: Dondozo|slp
|move|p1a: Dondozo|Sleep Talk|p1a: Dondozo
|move|p1a: Dondozo|Curse|p1a: Dondozo|[from] move: Sleep Talk
|-unboost|p1a: Dondozo|spe|1
|-boost|p1a: Dondozo|atk|1
|-boost|p1a: Dondozo|def|1
|
|upkeep
|turn|21
|
|t:|1769364425
|move|p2a: Landorus|U-turn|p1a: Dondozo
|-damage|p1a: Dondozo|93/100 slp
|
|t:|1769364428
|switch|p2a: Pecharunt|Pecharunt|88/100|[from] U-turn
|-damage|p2a: Pecharunt|75/100|[from] Stealth Rock
|-curestatus|p1a: Dondozo|slp|[msg]
|move|p1a: Dondozo|Curse|p1a: Dondozo
|-unboost|p1a: Dondozo|spe|1
|-boost|p1a: Dondozo|atk|1
|-boost|p1a: Dondozo|def|1
|
|-heal|p2a: Pecharunt|82/100|[from] item: Leftovers
|upkeep
|turn|22
|
|t:|1769364438
|move|p2a: Pecharunt|Malignant Chain|p1a: Dondozo
|-damage|p1a: Dondozo|66/100
|move|p1a: Dondozo|Curse|p1a: Dondozo
|-unboost|p1a: Dondozo|spe|1
|-boost|p1a: Dondozo|atk|1
|-boost|p1a: Dondozo|def|1
|
|-heal|p2a: Pecharunt|88/100|[from] item: Leftovers
|upkeep
|turn|23
|
|t:|1769364446
|move|p2a: Pecharunt|Malignant Chain|p1a: Dondozo
|-damage|p1a: Dondozo|34/100
|move|p1a: Dondozo|Waterfall|p2a: Pecharunt
|-damage|p2a: Pecharunt|62/100
|
|-heal|p2a: Pecharunt|68/100|[from] item: Leftovers
|upkeep
|turn|24
|
|t:|1769364453
|move|p2a: Pecharunt|Malignant Chain|p1a: Dondozo
|-damage|p1a: Dondozo|5/100
|move|p1a: Dondozo|Rest|p1a: Dondozo
|-status|p1a: Dondozo|slp|[from] move: Rest
|-heal|p1a: Dondozo|100/100 slp|[silent]
|
|-heal|p2a: Pecharunt|74/100|[from] item: Leftovers
|upkeep
|turn|25
|
|t:|1769364461
|move|p2a: Pecharunt|Parting Shot|p1a: Dondozo
|-unboost|p1a: Dondozo|atk|1
|-unboost|p1a: Dondozo|spa|1
|
|t:|1769364464
|switch|p2a: Landorus|Landorus-Therian, M, shiny|88/100|[from] Parting Shot
|-damage|p2a: Landorus|76/100|[from] Stealth Rock
|-ability|p2a: Landorus|Intimidate|boost
|-unboost|p1a: Dondozo|atk|1
|cant|p1a: Dondozo|slp
|move|p1a: Dondozo|Sleep Talk|p1a: Dondozo
|move|p1a: Dondozo|Curse|p1a: Dondozo|[from] move: Sleep Talk
|-unboost|p1a: Dondozo|spe|1
|-boost|p1a: Dondozo|atk|1
|-boost|p1a: Dondozo|def|1
|
|upkeep
|turn|26
|inactive|Seraphyde has 120 seconds left.
|
|t:|1769364500
|move|p2a: Landorus|U-turn|p1a: Dondozo
|-damage|p1a: Dondozo|97/100 slp
|
|t:|1769364503
|switch|p2a: Pecharunt|Pecharunt|74/100|[from] U-turn
|-damage|p2a: Pecharunt|62/100|[from] Stealth Rock
|cant|p1a: Dondozo|slp
|move|p1a: Dondozo|Sleep Talk|p1a: Dondozo
|move|p1a: Dondozo|Waterfall|p2a: Pecharunt|[from] move: Sleep Talk
|-damage|p2a: Pecharunt|45/100
|
|-heal|p2a: Pecharunt|51/100|[from] item: Leftovers
|upkeep
|turn|27
|
|t:|1769364513
|move|p2a: Pecharunt|Parting Shot|p1a: Dondozo
|-unboost|p1a: Dondozo|atk|1
|-unboost|p1a: Dondozo|spa|1
|
|t:|1769364516
|switch|p2a: Landorus|Landorus-Therian, M, shiny|76/100|[from] Parting Shot
|-damage|p2a: Landorus|63/100|[from] Stealth Rock
|-ability|p2a: Landorus|Intimidate|boost
|-unboost|p1a: Dondozo|atk|1
|-curestatus|p1a: Dondozo|slp|[msg]
|move|p1a: Dondozo|Curse|p1a: Dondozo
|-unboost|p1a: Dondozo|spe|1
|-boost|p1a: Dondozo|atk|1
|-boost|p1a: Dondozo|def|1
|
|upkeep
|turn|28
|
|t:|1769364527
|move|p2a: Landorus|U-turn|p1a: Dondozo
|-damage|p1a: Dondozo|93/100
|
|t:|1769364530
|switch|p2a: Pecharunt|Pecharunt|51/100|[from] U-turn
|-damage|p2a: Pecharunt|38/100|[from] Stealth Rock
|move|p1a: Dondozo|Waterfall|p2a: Pecharunt
|-damage|p2a: Pecharunt|28/100
|
|-heal|p2a: Pecharunt|34/100|[from] item: Leftovers
|upkeep
|turn|29
|
|t:|1769364538
|move|p2a: Pecharunt|Malignant Chain|p1a: Dondozo
|-damage|p1a: Dondozo|61/100
|move|p1a: Dondozo|Waterfall|p2a: Pecharunt
|-damage|p2a: Pecharunt|23/100
|
|-heal|p2a: Pecharunt|29/100|[from] item: Leftovers
|upkeep
|turn|30
|
|t:|1769364545
|move|p2a: Pecharunt|Malignant Chain|p1a: Dondozo
|-damage|p1a: Dondozo|32/100
|move|p1a: Dondozo|Waterfall|p2a: Pecharunt
|-damage|p2a: Pecharunt|17/100
|
|-heal|p2a: Pecharunt|23/100|[from] item: Leftovers
|upkeep
|turn|31
|
|t:|1769364553
|move|p2a: Pecharunt|Recover|p2a: Pecharunt
|-heal|p2a: Pecharunt|73/100
|move|p1a: Dondozo|Rest|p1a: Dondozo
|-status|p1a: Dondozo|slp|[from] move: Rest
|-heal|p1a: Dondozo|100/100 slp|[silent]
|
|-heal|p2a: Pecharunt|79/100|[from] item: Leftovers
|upkeep
|turn|32
|
|t:|1769364562
|move|p2a: Pecharunt|Parting Shot|p1a: Dondozo
|-unboost|p1a: Dondozo|atk|1
|-unboost|p1a: Dondozo|spa|1
|
|t:|1769364565
|switch|p2a: Landorus|Landorus-Therian, M, shiny|63/100|[from] Parting Shot
|-damage|p2a: Landorus|51/100|[from] Stealth Rock
|-ability|p2a: Landorus|Intimidate|boost
|-unboost|p1a: Dondozo|atk|1
|cant|p1a: Dondozo|slp
|move|p1a: Dondozo|Sleep Talk|p1a: Dondozo
|move|p1a: Dondozo|Curse|p1a: Dondozo|[from] move: Sleep Talk
|-unboost|p1a: Dondozo|spe|1
|-boost|p1a: Dondozo|atk|1
|-boost|p1a: Dondozo|def|1
|
|upkeep
|turn|33
|
|t:|1769364576
|move|p2a: Landorus|U-turn|p1a: Dondozo
|-damage|p1a: Dondozo|98/100 slp
|
|t:|1769364578
|switch|p2a: Pecharunt|Pecharunt|79/100|[from] U-turn
|-damage|p2a: Pecharunt|67/100|[from] Stealth Rock
|cant|p1a: Dondozo|slp
|move|p1a: Dondozo|Sleep Talk|p1a: Dondozo
|move|p1a: Dondozo|Waterfall|p2a: Pecharunt|[from] move: Sleep Talk
|-damage|p2a: Pecharunt|57/100
|
|-heal|p2a: Pecharunt|63/100|[from] item: Leftovers
|upkeep
|turn|34
|
|t:|1769364588
|move|p2a: Pecharunt|Parting Shot|p1a: Dondozo
|-unboost|p1a: Dondozo|atk|1
|-unboost|p1a: Dondozo|spa|1
|
|t:|1769364597
|switch|p2a: Weavile|Weavile, M|9/100|[from] Parting Shot
|-ability|p2a: Weavile|Pressure
|-curestatus|p1a: Dondozo|slp|[msg]
|move|p1a: Dondozo|Waterfall|p2a: Weavile
|-damage|p2a: Weavile|0 fnt
|faint|p2a: Weavile
|
|upkeep
|
|t:|1769364609
|switch|p2a: Pecharunt|Pecharunt|63/100
|-damage|p2a: Pecharunt|51/100|[from] Stealth Rock
|turn|35
|
|t:|1769364613
|move|p2a: Pecharunt|Malignant Chain|p1a: Dondozo
|-damage|p1a: Dondozo|67/100
|-status|p1a: Dondozo|tox
|-start|p1a: Dondozo|confusion|[from] ability: Poison Puppeteer|[of] p2a: Pecharunt
|-activate|p1a: Dondozo|confusion
|move|p1a: Dondozo|Waterfall|p2a: Pecharunt
|-damage|p2a: Pecharunt|44/100
|
|-heal|p2a: Pecharunt|50/100|[from] item: Leftovers
|-damage|p1a: Dondozo|61/100 tox|[from] psn
|upkeep
|turn|36
|
|t:|1769364624
|move|p2a: Pecharunt|Hex|p1a: Dondozo
|-damage|p1a: Dondozo|23/100 tox
|-activate|p1a: Dondozo|confusion
|-damage|p1a: Dondozo|23/100 tox|[from] confusion
|
|-heal|p2a: Pecharunt|57/100|[from] item: Leftovers
|-damage|p1a: Dondozo|10/100 tox|[from] psn
|upkeep
|turn|37
|
|t:|1769364632
|move|p2a: Pecharunt|Parting Shot|p1a: Dondozo
|-unboost|p1a: Dondozo|atk|1
|-unboost|p1a: Dondozo|spa|1
|
|t:|1769364635
|switch|p2a: Landorus|Landorus-Therian, M, shiny|51/100|[from] Parting Shot
|-damage|p2a: Landorus|38/100|[from] Stealth Rock
|-ability|p2a: Landorus|Intimidate|boost
|-unboost|p1a: Dondozo|atk|1
|-activate|p1a: Dondozo|confusion
|move|p1a: Dondozo|Rest|p1a: Dondozo
|-status|p1a: Dondozo|slp|[from] move: Rest
|-heal|p1a: Dondozo|100/100 slp|[silent]
|
|upkeep
|turn|38
|
|t:|1769364645
|move|p2a: Landorus|U-turn|p1a: Dondozo
|-damage|p1a: Dondozo|98/100 slp
|
|t:|1769364648
|switch|p2a: Pecharunt|Pecharunt|57/100|[from] U-turn
|-damage|p2a: Pecharunt|44/100|[from] Stealth Rock
|cant|p1a: Dondozo|slp
|-activate|p1a: Dondozo|confusion
|move|p1a: Dondozo|Sleep Talk|p1a: Dondozo
|move|p1a: Dondozo|Waterfall|p2a: Pecharunt|[from] move: Sleep Talk
|-damage|p2a: Pecharunt|39/100
|
|-heal|p2a: Pecharunt|45/100|[from] item: Leftovers
|upkeep
|turn|39
|
|t:|1769364659
|move|p2a: Pecharunt|Parting Shot|p1a: Dondozo
|-unboost|p1a: Dondozo|atk|1
|-unboost|p1a: Dondozo|spa|0
|inactive|Seraphyde has 120 seconds left.
|
|t:|1769364696
|switch|p2a: Darkrai|Darkrai|100/100|[from] Parting Shot
|cant|p1a: Dondozo|slp
|-end|p1a: Dondozo|confusion
|move|p1a: Dondozo|Sleep Talk|p1a: Dondozo
|move|p1a: Dondozo|Waterfall|p2a: Darkrai|[from] move: Sleep Talk
|-damage|p2a: Darkrai|91/100
|
|-damage|p1a: Dondozo|85/100 slp|[from] ability: Bad Dreams|[of] p2a: Darkrai
|upkeep
|turn|40
|
|t:|1769364709
|move|p2a: Darkrai|Dark Pulse|p1a: Dondozo
|-damage|p1a: Dondozo|43/100 slp
|-curestatus|p1a: Dondozo|slp|[msg]
|move|p1a: Dondozo|Waterfall|p2a: Darkrai
|-damage|p2a: Darkrai|82/100
|
|upkeep
|turn|41
|
|t:|1769364724
|move|p2a: Darkrai|Dark Pulse|p1a: Dondozo
|-damage|p1a: Dondozo|3/100
|cant|p1a: Dondozo|flinch
|
|upkeep
|turn|42
|
|t:|1769364734
|move|p2a: Darkrai|Dark Pulse|p1a: Dondozo
|-damage|p1a: Dondozo|0 fnt
|faint|p1a: Dondozo
|
|upkeep
|
|t:|1769364748
|switch|p1a: Tyranitar|Tyranitar, M|88/100
|-damage|p1a: Tyranitar|76/100|[from] Stealth Rock
|-damage|p1a: Tyranitar|51/100|[from] Spikes
|-weather|Sandstorm|[from] ability: Sand Stream|[of] p1a: Tyranitar
|turn|43
|inactive|Seraphyde has 120 seconds left.
|inactive|Seraphyde has 90 seconds left.
|
|t:|1769364788
|switch|p2a: Landorus|Landorus-Therian, M, shiny|38/100
|-damage|p2a: Landorus|26/100|[from] Stealth Rock
|-ability|p2a: Landorus|Intimidate|boost
|-unboost|p1a: Tyranitar|atk|1
|move|p1a: Tyranitar|Low Kick|p2a: Landorus
|-resisted|p2a: Landorus
|-damage|p2a: Landorus|8/100
|-damage|p1a: Tyranitar|35/100|[from] item: Rocky Helmet|[of] p2a: Landorus
|
|-weather|Sandstorm|[upkeep]
|upkeep
|turn|44
|
|t:|1769364799
|move|p2a: Landorus|Earthquake|p1a: Tyranitar
|-supereffective|p1a: Tyranitar
|-damage|p1a: Tyranitar|0 fnt
|faint|p1a: Tyranitar
|
|-weather|Sandstorm|[upkeep]
|upkeep
|
|t:|1769364801
|switch|p1a: Slowking|Slowking-Galar, M, shiny|100/100
|-damage|p1a: Slowking|88/100|[from] Stealth Rock
|-damage|p1a: Slowking|63/100|[from] Spikes
|turn|45
|
|t:|1769364807
|move|p2a: Landorus|U-turn|p1a: Slowking
|-damage|p1a: Slowking|43/100
|
|t:|1769364810
|switch|p2a: Samurott|Samurott-Hisui, M, shiny|31/100|[from] U-turn
|move|p1a: Slowking|Sludge Bomb|p2a: Samurott
|-damage|p2a: Samurott|0 fnt
|faint|p2a: Samurott
|
|-weather|Sandstorm|[upkeep]
|-damage|p1a: Slowking|37/100|[from] Sandstorm
|upkeep
|
|t:|1769364818
|switch|p2a: Landorus|Landorus-Therian, M, shiny|8/100
|-damage|p2a: Landorus|0 fnt|[from] Stealth Rock
|faint|p2a: Landorus
|
|t:|1769364822
|switch|p2a: Darkrai|Darkrai|82/100
|turn|46
|
|t:|1769364832
|move|p2a: Darkrai|Dark Pulse|p1a: Slowking
|-supereffective|p1a: Slowking
|-damage|p1a: Slowking|0 fnt
|faint|p1a: Slowking
|
|win|Seraphyde
|raw|mind goblin games's rating: 1389 &rarr; <strong>1369</strong><br />(-20 for losing)
|raw|Seraphyde's rating: 1397 &rarr; <strong>1417</strong><br />(+20 for winning)
|l|☆mind goblin games
|player|p1|
