|j|☆poktt
|j|☆boom moon
|t:|1769377505
|gametype|singles
|player|p1|poktt|dawn|1181
|player|p2|boom moon|102|1156
|gen|9
|tier|[Gen 9] OU
|rated|
|rule|HP Percentage Mod: HP is shown in percentages
|rule|Endless Battle Clause: Forcing endless battles is banned
|rule|Species Clause: Limit one of each Pokémon
|rule|OHKO Clause: OHKO moves are banned
|rule|Evasion Items Clause: Evasion items are banned
|rule|Evasion Moves Clause: Evasion moves are banned
|rule|Evasion Abilities Clause: Evasion abilities are banned
|rule|Sleep Moves Clause: Sleep-inducing moves are banned
|clearpoke
|poke|p1|Flareon, F|
|poke|p1|Dragonite, M|
|poke|p1|Scizor, F|
|poke|p1|Empoleon, F|
|poke|p1|Gardevoir, F|
|poke|p1|Torterra, M|
|poke|p2|Breloom, F|
|poke|p2|Maushold|
|poke|p2|Azumarill, F|
|poke|p2|Greninja-*, M|
|poke|p2|Muk-Alola, M|
|poke|p2|Magmortar, M|
|teampreview
|inactive|Battle timer is ON: inactive players will automatically lose when time's up. (requested by boom moon)
|
|t:|1769377520
|teamsize|p1|6
|teamsize|p2|6
|start
|switch|p1a: Empoleon|Empoleon, F|100/100
|switch|p2a: Magmortar|Magmortar, M|100/100
|turn|1
|
|t:|1769377532
|move|p2a: Magmortar|Belly Drum|p2a: Magmortar
|-damage|p2a: Magmortar|50/100
|-setboost|p2a: Magmortar|atk|6|[from] move: Belly Drum
|move|p1a: Empoleon|Stealth Rock|p2a: Magmortar
|-sidestart|p2: boom moon|move: Stealth Rock
|
|upkeep
|turn|2
|
|t:|1769377540
|move|p2a: Magmortar|Earthquake|p1a: Empoleon
|-supereffective|p1a: Empoleon
|-damage|p1a: Empoleon|0 fnt
|faint|p1a: Empoleon
|
|upkeep
|
|t:|1769377545
|switch|p1a: Flareon|Flareon, F|100/100
|turn|3
|
|t:|1769377557
|move|p1a: Flareon|Quick Attack|p2a: Magmortar
|-damage|p2a: Magmortar|27/100
|move|p2a: Magmortar|Earthquake|p1a: Flareon
|-supereffective|p1a: Flareon
|-damage|p1a: Flareon|0 fnt
|faint|p1a: Flareon
|
|upkeep
|
|t:|1769377562
|switch|p1a: Dragonite|Dragonite, M|100/100
|turn|4
|
|t:|1769377570
|move|p1a: Dragonite|Extreme Speed|p2a: Magmortar
|-damage|p2a: Magmortar|0 fnt
|faint|p2a: Magmortar
|
|upkeep
|
|t:|1769377576
|switch|p2a: Muk|Muk-Alola, M|100/100
|-damage|p2a: Muk|88/100|[from] Stealth Rock
|turn|5
|
|t:|1769377581
|switch|p1a: Scizor|Scizor, F|100/100
|move|p2a: Muk|Crunch|p1a: Scizor
|-damage|p1a: Scizor|61/100
|
|upkeep
|turn|6
|
|t:|1769377585
|move|p1a: Scizor|Bullet Punch|p2a: Muk
|-damage|p2a: Muk|32/100
|-enditem|p2a: Muk|Figy Berry|[eat]
|-heal|p2a: Muk|65/100|[from] item: Figy Berry
|move|p2a: Muk|Fire Punch|p1a: Scizor
|-supereffective|p1a: Scizor
|-damage|p1a: Scizor|0 fnt
|faint|p1a: Scizor
|
|upkeep
|
|t:|1769377596
|switch|p1a: Gardevoir|Gardevoir, F|100/100
|-ability|p1a: Gardevoir|Gluttony|Trace|[from] ability: Trace|[of] p2a: Muk
|turn|7
|
|t:|1769377618
|move|p1a: Gardevoir|Moonblast|p2a: Muk
|-damage|p2a: Muk|29/100
|move|p2a: Muk|Poison Fang|p1a: Gardevoir
|-supereffective|p1a: Gardevoir
|-crit|p1a: Gardevoir
|-damage|p1a: Gardevoir|0 fnt
|faint|p1a: Gardevoir
|
|upkeep
|
|t:|1769377629
|switch|p1a: Dragonite|Dragonite, M|100/100
|turn|8
|
|t:|1769377637
|move|p1a: Dragonite|Extreme Speed|p2a: Muk
|-damage|p2a: Muk|0 fnt
|faint|p2a: Muk
|
|upkeep
|
|t:|1769377658
|switch|p2a: Azumarill|Azumarill, F|100/100
|-damage|p2a: Azumarill|88/100|[from] Stealth Rock
|turn|9
|
|t:|1769377665
|move|p1a: Dragonite|Dragon Dance|p1a: Dragonite
|-boost|p1a: Dragonite|atk|1
|-boost|p1a: Dragonite|spe|1
|move|p2a: Azumarill|Ice Spinner|p1a: Dragonite
|-supereffective|p1a: Dragonite
|-damage|p1a: Dragonite|4/100
|-enditem|p1a: Dragonite|Weakness Policy
|-boost|p1a: Dragonite|atk|2|[from] item: Weakness Policy
|-boost|p1a: Dragonite|spa|2|[from] item: Weakness Policy
|-damage|p2a: Azumarill|78/100|[from] item: Life Orb
|
|upkeep
|turn|10
|
|t:|1769377669
|move|p1a: Dragonite|Extreme Speed|p2a: Azumarill
|-damage|p2a: Azumarill|0 fnt
|faint|p2a: Azumarill
|
|upkeep
|
|t:|1769377673
|switch|p2a: Maushold|Maushold|100/100
|-damage|p2a: Maushold|88/100|[from] Stealth Rock
|turn|11
|
|t:|1769377679
|-terastallize|p2a: Maushold|Ghost
|move|p1a: Dragonite|Extreme Speed|p2a: Maushold
|-immune|p2a: Maushold
|move|p2a: Maushold|Bite|p1a: Dragonite
|-damage|p1a: Dragonite|0 fnt
|faint|p1a: Dragonite
|
|upkeep
|
|t:|1769377683
|switch|p1a: Torterra|Torterra, M|100/100
|turn|12
|
|t:|1769377710
|move|p2a: Maushold|Population Bomb|p1a: Torterra
|-damage|p1a: Torterra|88/100
|-damage|p1a: Torterra|77/100
|-crit|p1a: Torterra
|-damage|p1a: Torterra|59/100
|-damage|p1a: Torterra|48/100
|-damage|p1a: Torterra|36/100
|-damage|p1a: Torterra|24/100
|-damage|p1a: Torterra|12/100
|-damage|p1a: Torterra|0 fnt
|faint|p1a: Torterra
|-hitcount|p1: Torterra|8
|
|win|boom moon
|raw|poktt's rating: 1181 &rarr; <strong>1154</strong><br />(-27 for losing)
|raw|boom moon's rating: 1156 &rarr; <strong>1183</strong><br />(+27 for winning)
|l|☆boom moon
|player|p2|
|l|☆poktt
|player|p1|
