|j|‽LT_Alt1
|j|☆CambridgeFoulPlay
|t:|1769319453
|gametype|singles
|player|p1|LT_Alt1|101|1664
|player|p2|CambridgeFoulPlay|266|1602
|gen|9
|tier|[Gen 9] OU
|rated|
|rule|HP Percentage Mod: HP is shown in percentages
|rule|Endless Battle Clause: Forcing endless battles is banned
|rule|Species Clause: Limit one of each Pokémon
|rule|OHKO Clause: OHKO moves are banned
|rule|Evasion Items Clause: Evasion items are banned
|rule|Evasion Moves Clause: Evasion moves are banned
|rule|Evasion Abilities Clause: Evasion abilities are banned
|rule|Sleep Moves Clause: Sleep-inducing moves are banned
|clearpoke
|poke|p1|Darkrai|
|poke|p1|Slowking-Galar, M|
|poke|p1|Gholdengo|
|poke|p1|Iron Treads|
|poke|p1|Raging Bolt|
|poke|p1|Gliscor, M|
|poke|p2|Hydrapple, M|
|poke|p2|Tyranitar, F|
|poke|p2|Moltres|
|poke|p2|Zamazenta-*|
|poke|p2|Slowking-Galar, F|
|poke|p2|Excadrill, F|
|teampreview
|c|☆CambridgeFoulPlay|hf
|inactive|Battle timer is ON: inactive players will automatically lose when time's up. (requested by CambridgeFoulPlay)
|
|t:|1769319465
|teamsize|p1|6
|teamsize|p2|6
|start
|switch|p1a: Iron Treads|Iron Treads|100/100
|switch|p2a: Tyranitar|Tyranitar, F|100/100
|-weather|Sandstorm|[from] ability: Sand Stream|[of] p2a: Tyranitar
|turn|1
|
|t:|1769319468
|switch|p2a: Excadrill|Excadrill, F|100/100
|-item|p2a: Excadrill|Air Balloon
|move|p1a: Iron Treads|Earthquake|p2a: Excadrill
|-immune|p2a: Excadrill
|
|-weather|Sandstorm|[upkeep]
|upkeep
|turn|2
|
|t:|1769319472
|move|p2a: Excadrill|Earthquake|p1a: Iron Treads
|-supereffective|p1a: Iron Treads
|-damage|p1a: Iron Treads|22/100
|move|p1a: Iron Treads|Rock Tomb|p2a: Excadrill
|-resisted|p2a: Excadrill
|-damage|p2a: Excadrill|95/100
|-unboost|p2a: Excadrill|spe|1
|-enditem|p2a: Excadrill|Air Balloon
|
|-weather|Sandstorm|[upkeep]
|upkeep
|turn|3
|
|t:|1769319475
|-end|p1a: Iron Treads|Quark Drive|[silent]
|switch|p1a: Gliscor|Gliscor, M|100/100
|move|p2a: Excadrill|Earthquake|p1a: Gliscor
|-immune|p1a: Gliscor
|
|-weather|Sandstorm|[upkeep]
|-status|p1a: Gliscor|tox|[from] item: Toxic Orb
|upkeep
|turn|4
|
|t:|1769319478
|move|p2a: Excadrill|Swords Dance|p2a: Excadrill
|-boost|p2a: Excadrill|atk|2
|move|p1a: Gliscor|Spikes|p2a: Excadrill
|-sidestart|p2: CambridgeFoulPlay|Spikes
|
|-weather|Sandstorm|[upkeep]
|upkeep
|turn|5
|
|t:|1769319485
|move|p2a: Excadrill|Iron Head|p1a: Gliscor
|-damage|p1a: Gliscor|34/100 tox
|cant|p1a: Gliscor|flinch
|
|-weather|Sandstorm|[upkeep]
|-heal|p1a: Gliscor|46/100 tox|[from] ability: Poison Heal
|upkeep
|turn|6
|
|t:|1769319489
|move|p1a: Gliscor|Protect|p1a: Gliscor
|-singleturn|p1a: Gliscor|Protect
|move|p2a: Excadrill|Iron Head|p1a: Gliscor
|-activate|p1a: Gliscor|move: Protect
|
|-weather|Sandstorm|[upkeep]
|-heal|p1a: Gliscor|58/100 tox|[from] ability: Poison Heal
|upkeep
|turn|7
|
|t:|1769319501
|switch|p1a: Iron Treads|Iron Treads|22/100
|move|p2a: Excadrill|Iron Head|p1a: Iron Treads
|-resisted|p1a: Iron Treads
|-crit|p1a: Iron Treads
|-damage|p1a: Iron Treads|0 fnt
|faint|p1a: Iron Treads
|-end|p1a: Iron Treads|Quark Drive|[silent]
|
|-weather|Sandstorm|[upkeep]
|upkeep
|
|t:|1769319506
|switch|p1a: Gliscor|Gliscor, M|58/100 tox
|turn|8
|
|t:|1769319510
|switch|p1a: Gholdengo|Gholdengo|100/100
|move|p2a: Excadrill|Iron Head|p1a: Gholdengo
|-resisted|p1a: Gholdengo
|-damage|p1a: Gholdengo|51/100
|
|-weather|none
|upkeep
|turn|9
|
|t:|1769319514
|move|p1a: Gholdengo|Make It Rain|p2a: Excadrill
|-resisted|p2a: Excadrill
|-crit|p2a: Excadrill
|-damage|p2a: Excadrill|30/100
|-unboost|p1a: Gholdengo|spa|1
|move|p2a: Excadrill|Earthquake|p1a: Gholdengo
|-supereffective|p1a: Gholdengo
|-damage|p1a: Gholdengo|0 fnt
|faint|p1a: Gholdengo
|
|upkeep
|
|t:|1769319519
|switch|p1a: Darkrai|Darkrai|100/100
|turn|10
|
|t:|1769319522
|switch|p2a: Tyranitar|Tyranitar, F|100/100
|-damage|p2a: Tyranitar|88/100|[from] Spikes
|-weather|Sandstorm|[from] ability: Sand Stream|[of] p2a: Tyranitar
|move|p1a: Darkrai|Nasty Plot|p1a: Darkrai
|-boost|p1a: Darkrai|spa|2
|
|-weather|Sandstorm|[upkeep]
|-damage|p1a: Darkrai|95/100|[from] Sandstorm
|-heal|p1a: Darkrai|100/100|[from] item: Leftovers
|upkeep
|turn|11
|
|t:|1769319530
|move|p1a: Darkrai|Focus Blast|p2a: Tyranitar
|-supereffective|p2a: Tyranitar
|-damage|p2a: Tyranitar|0 fnt
|faint|p2a: Tyranitar
|
|-weather|Sandstorm|[upkeep]
|-damage|p1a: Darkrai|95/100|[from] Sandstorm
|-heal|p1a: Darkrai|100/100|[from] item: Leftovers
|upkeep
|
|t:|1769319532
|switch|p2a: Excadrill|Excadrill, F|30/100
|-damage|p2a: Excadrill|18/100|[from] Spikes
|turn|12
|
|t:|1769319539
|move|p2a: Excadrill|Iron Head|p1a: Darkrai
|-damage|p1a: Darkrai|48/100
|move|p1a: Darkrai|Dark Pulse|p2a: Excadrill
|-damage|p2a: Excadrill|0 fnt
|faint|p2a: Excadrill
|
|-weather|Sandstorm|[upkeep]
|-damage|p1a: Darkrai|42/100|[from] Sandstorm
|-heal|p1a: Darkrai|48/100|[from] item: Leftovers
|upkeep
|
|t:|1769319541
|switch|p2a: Zamazenta|Zamazenta|100/100
|-damage|p2a: Zamazenta|88/100|[from] Spikes
|-ability|p2a: Zamazenta|Dauntless Shield|boost
|-boost|p2a: Zamazenta|def|1
|turn|13
|
|t:|1769319554
|move|p2a: Zamazenta|Crunch|p1a: Darkrai
|-resisted|p1a: Darkrai
|-damage|p1a: Darkrai|34/100
|move|p1a: Darkrai|Ice Beam|p2a: Zamazenta
|-damage|p2a: Zamazenta|33/100
|
|-weather|Sandstorm|[upkeep]
|-damage|p2a: Zamazenta|27/100|[from] Sandstorm
|-damage|p1a: Darkrai|28/100|[from] Sandstorm
|-heal|p2a: Zamazenta|33/100|[from] item: Leftovers
|-heal|p1a: Darkrai|34/100|[from] item: Leftovers
|upkeep
|turn|14
|
|t:|1769319560
|-terastallize|p1a: Darkrai|Ghost
|move|p2a: Zamazenta|Body Press|p1a: Darkrai
|-immune|p1a: Darkrai
|move|p1a: Darkrai|Ice Beam|p2a: Zamazenta
|-crit|p2a: Zamazenta
|-damage|p2a: Zamazenta|0 fnt
|faint|p2a: Zamazenta
|
|-weather|Sandstorm|[upkeep]
|-damage|p1a: Darkrai|28/100|[from] Sandstorm
|-heal|p1a: Darkrai|34/100|[from] item: Leftovers
|upkeep
|
|t:|1769319562
|switch|p2a: Moltres|Moltres|100/100
|turn|15
|
|t:|1769319565
|-terastallize|p2a: Moltres|Fairy
|move|p1a: Darkrai|Dark Pulse|p2a: Moltres
|-resisted|p2a: Moltres
|-damage|p2a: Moltres|57/100
|cant|p2a: Moltres|flinch
|
|-weather|Sandstorm|[upkeep]
|-damage|p1a: Darkrai|28/100|[from] Sandstorm
|-damage|p2a: Moltres|51/100|[from] Sandstorm
|-heal|p1a: Darkrai|34/100|[from] item: Leftovers
|upkeep
|turn|16
|
|t:|1769319568
|switch|p2a: Slowking|Slowking-Galar, F|100/100
|-damage|p2a: Slowking|88/100|[from] Spikes
|move|p1a: Darkrai|Ice Beam|p2a: Slowking
|-damage|p2a: Slowking|55/100
|-status|p2a: Slowking|frz
|
|-weather|Sandstorm|[upkeep]
|-damage|p1a: Darkrai|28/100|[from] Sandstorm
|-damage|p2a: Slowking|49/100 frz|[from] Sandstorm
|-heal|p1a: Darkrai|34/100|[from] item: Leftovers
|upkeep
|turn|17
|
|t:|1769319571
|switch|p2a: Moltres|Moltres, tera:Fairy|51/100
|move|p1a: Darkrai|Dark Pulse|p2a: Moltres
|-resisted|p2a: Moltres
|-damage|p2a: Moltres|8/100
|
|-weather|none
|-heal|p1a: Darkrai|40/100|[from] item: Leftovers
|upkeep
|turn|18
|
|t:|1769319579
|switch|p2a: Hydrapple|Hydrapple, M|100/100
|move|p1a: Darkrai|Dark Pulse|p2a: Hydrapple
|-damage|p2a: Hydrapple|25/100
|
|-heal|p1a: Darkrai|46/100|[from] item: Leftovers
|upkeep
|turn|19
|
|t:|1769319594
|switch|p2a: Moltres|Moltres, tera:Fairy|8/100
|move|p1a: Darkrai|Dark Pulse|p2a: Moltres
|-resisted|p2a: Moltres
|-damage|p2a: Moltres|0 fnt
|faint|p2a: Moltres
|
|-heal|p1a: Darkrai|52/100|[from] item: Leftovers
|upkeep
|
|t:|1769319595
|switch|p2a: Slowking|Slowking-Galar, F|82/100 frz
|-damage|p2a: Slowking|70/100 frz|[from] Spikes
|turn|20
|
|t:|1769319597
|switch|p2a: Hydrapple|Hydrapple, M|58/100
|move|p1a: Darkrai|Dark Pulse|p2a: Hydrapple
|-damage|p2a: Hydrapple|0 fnt
|faint|p2a: Hydrapple
|
|-heal|p1a: Darkrai|58/100|[from] item: Leftovers
|upkeep
|
|t:|1769319599
|switch|p2a: Slowking|Slowking-Galar, F|100/100 frz
|-damage|p2a: Slowking|88/100 frz|[from] Spikes
|turn|21
|
|t:|1769319602
|move|p1a: Darkrai|Dark Pulse|p2a: Slowking
|-supereffective|p2a: Slowking
|-damage|p2a: Slowking|6/100 frz
|cant|p2a: Slowking|frz
|
|-heal|p1a: Darkrai|64/100|[from] item: Leftovers
|upkeep
|turn|22
|
|t:|1769319607
|move|p1a: Darkrai|Dark Pulse|p2a: Slowking
|-supereffective|p2a: Slowking
|-damage|p2a: Slowking|0 fnt
|faint|p2a: Slowking
|
|win|LT_Alt1
|raw|LT_Alt1's rating: 1664 &rarr; <strong>1680</strong><br />(+16 for winning)
|raw|CambridgeFoulPlay's rating: 1602 &rarr; <strong>1586</strong><br />(-16 for losing)
|c|☆CambridgeFoulPlay|gg
|l|☆CambridgeFoulPlay
|player|p2|
