|j|☆fishfail
|j|☆kyuremhardwin
|t:|1769319577
|gametype|singles
|player|p1|fishfail|ghetsis-gen5bw|1317
|player|p2|kyuremhardwin|169|1325
|gen|9
|tier|[Gen 9] OU
|rated|
|rule|HP Percentage Mod: HP is shown in percentages
|rule|Endless Battle Clause: Forcing endless battles is banned
|rule|Species Clause: Limit one of each Pokémon
|rule|OHKO Clause: OHKO moves are banned
|rule|Evasion Items Clause: Evasion items are banned
|rule|Evasion Moves Clause: Evasion moves are banned
|rule|Evasion Abilities Clause: Evasion abilities are banned
|rule|Sleep Moves Clause: Sleep-inducing moves are banned
|clearpoke
|poke|p1|Ceruledge, F|
|poke|p1|Samurott-Hisui, F|
|poke|p1|Great Tusk|
|poke|p1|Gholdengo|
|poke|p1|Iron Valiant|
|poke|p1|Glimmora, M|
|poke|p2|Kyurem|
|poke|p2|Blissey, F|
|poke|p2|Talonflame, M|
|poke|p2|Weezing-Galar, F|
|poke|p2|Dondozo, F|
|poke|p2|Cresselia, F|
|teampreview
|
|t:|1769319588
|teamsize|p1|6
|teamsize|p2|6
|start
|switch|p1a: Glimmora|Glimmora, M|100/100
|switch|p2a: Kyurem|Kyurem|100/100
|-ability|p2a: Kyurem|Pressure
|turn|1
|inactive|Battle timer is ON: inactive players will automatically lose when time's up. (requested by fishfail)
|
|t:|1769319594
|-terastallize|p2a: Kyurem|Ground
|move|p2a: Kyurem|Substitute|p2a: Kyurem
|-start|p2a: Kyurem|Substitute
|-damage|p2a: Kyurem|75/100
|move|p1a: Glimmora|Stealth Rock|p2a: Kyurem
|-sidestart|p2: kyuremhardwin|move: Stealth Rock
|
|-heal|p2a: Kyurem|82/100|[from] item: Leftovers
|upkeep
|turn|2
|
|t:|1769319606
|move|p2a: Kyurem|Protect|p2a: Kyurem
|-singleturn|p2a: Kyurem|Protect
|move|p1a: Glimmora|Earth Power|p2a: Kyurem
|-activate|p2a: Kyurem|move: Protect
|
|-heal|p2a: Kyurem|88/100|[from] item: Leftovers
|upkeep
|turn|3
|
|t:|1769319614
|move|p2a: Kyurem|Earth Power|p1a: Glimmora
|-supereffective|p1a: Glimmora
|-enditem|p1a: Glimmora|Focus Sash
|-damage|p1a: Glimmora|1/100
|move|p1a: Glimmora|Earth Power|p2a: Kyurem
|-end|p2a: Kyurem|Substitute
|
|-heal|p2a: Kyurem|94/100|[from] item: Leftovers
|upkeep
|turn|4
|
|t:|1769319625
|move|p2a: Kyurem|Protect|p2a: Kyurem
|-singleturn|p2a: Kyurem|Protect
|move|p1a: Glimmora|Earth Power|p2a: Kyurem
|-activate|p2a: Kyurem|move: Protect
|
|-heal|p2a: Kyurem|99/100|[from] item: Leftovers
|upkeep
|turn|5
|
|t:|1769319631
|move|p2a: Kyurem|Freeze-Dry|p1a: Glimmora
|-damage|p1a: Glimmora|0 fnt
|faint|p1a: Glimmora
|
|-heal|p2a: Kyurem|100/100|[from] item: Leftovers
|upkeep
|
|t:|1769319642
|switch|p1a: Samurott|Samurott-Hisui, F|100/100
|turn|6
|
|t:|1769319647
|move|p2a: Kyurem|Protect|p2a: Kyurem
|-singleturn|p2a: Kyurem|Protect
|move|p1a: Samurott|Razor Shell|p2a: Kyurem
|-activate|p2a: Kyurem|move: Protect
|
|upkeep
|turn|7
|
|t:|1769319655
|switch|p2a: Weezing|Weezing-Galar, F|100/100
|-ability|p2a: Weezing|Neutralizing Gas
|-damage|p2a: Weezing|88/100|[from] Stealth Rock
|move|p1a: Samurott|Razor Shell|p2a: Weezing
|-damage|p2a: Weezing|66/100
|-unboost|p2a: Weezing|def|1
|
|-heal|p2a: Weezing|72/100|[from] item: Leftovers
|upkeep
|turn|8
|
|t:|1769319664
|switch|p1a: Gholdengo|Gholdengo|100/100
|-item|p1a: Gholdengo|Air Balloon
|move|p2a: Weezing|Will-O-Wisp|p1a: Gholdengo
|-status|p1a: Gholdengo|brn
|
|-heal|p2a: Weezing|78/100|[from] item: Leftovers
|-damage|p1a: Gholdengo|94/100 brn|[from] brn
|upkeep
|turn|9
|
|t:|1769319673
|-end|p2a: Weezing|ability: Neutralizing Gas
|switch|p2a: Blissey|Blissey, F|100/100
|-damage|p2a: Blissey|88/100|[from] Stealth Rock
|move|p1a: Gholdengo|Make It Rain|p2a: Blissey
|-damage|p2a: Blissey|68/100
|-unboost|p1a: Gholdengo|spa|1
|
|-heal|p2a: Blissey|74/100|[from] item: Leftovers
|-damage|p1a: Gholdengo|88/100 brn|[from] brn
|upkeep
|turn|10
|
|t:|1769319681
|switch|p1a: Samurott|Samurott-Hisui, F|100/100
|move|p2a: Blissey|Protect||[still]
|-fail|p2a: Blissey
|
|-heal|p2a: Blissey|80/100|[from] item: Leftovers
|upkeep
|turn|11
|
|t:|1769319683
|move|p2a: Blissey|Protect|p2a: Blissey
|-singleturn|p2a: Blissey|Protect
|move|p1a: Samurott|Ceaseless Edge|p2a: Blissey
|-activate|p2a: Blissey|move: Protect
|
|-heal|p2a: Blissey|87/100|[from] item: Leftovers
|upkeep
|turn|12
|
|t:|1769319688
|switch|p2a: Weezing|Weezing-Galar, F|78/100
|-ability|p2a: Weezing|Neutralizing Gas
|-damage|p2a: Weezing|66/100|[from] Stealth Rock
|move|p1a: Samurott|Ceaseless Edge|p2a: Weezing
|-resisted|p2a: Weezing
|-damage|p2a: Weezing|57/100
|-sidestart|p2: kyuremhardwin|Spikes
|
|-heal|p2a: Weezing|63/100|[from] item: Leftovers
|upkeep
|turn|13
|
|t:|1769319692
|move|p1a: Samurott|Ceaseless Edge|p2a: Weezing
|-resisted|p2a: Weezing
|-damage|p2a: Weezing|53/100
|-sidestart|p2: kyuremhardwin|Spikes
|move|p2a: Weezing|Defog|p1a: Samurott
|-unboost|p1a: Samurott|evasion|1
|-sideend|p2: kyuremhardwin|Spikes|[from] move: Defog|[of] p2a: Weezing
|-sideend|p2: kyuremhardwin|Stealth Rock|[from] move: Defog|[of] p2a: Weezing
|
|-heal|p2a: Weezing|59/100|[from] item: Leftovers
|upkeep
|turn|14
|
|t:|1769319701
|switch|p1a: Great Tusk|Great Tusk|100/100
|move|p2a: Weezing|Pain Split|p1a: Great Tusk
|-sethp|p1a: Great Tusk|77/100|[from] move: Pain Split|[silent]
|-sethp|p2a: Weezing|85/100|[from] move: Pain Split
|
|-heal|p2a: Weezing|91/100|[from] item: Leftovers
|upkeep
|turn|15
|
|t:|1769319710
|-end|p2a: Weezing|ability: Neutralizing Gas
|switch|p2a: Talonflame|Talonflame, M|100/100
|move|p1a: Great Tusk|Knock Off|p2a: Talonflame
|-damage|p2a: Talonflame|69/100
|-enditem|p2a: Talonflame|Heavy-Duty Boots|[from] move: Knock Off|[of] p1a: Great Tusk
|
|upkeep
|turn|16
|
|t:|1769319718
|-end|p1a: Great Tusk|Protosynthesis|[silent]
|switch|p1a: Gholdengo|Gholdengo|88/100 brn
|-item|p1a: Gholdengo|Air Balloon
|move|p2a: Talonflame|Flamethrower|p1a: Gholdengo
|-supereffective|p1a: Gholdengo
|-damage|p1a: Gholdengo|36/100 brn
|-enditem|p1a: Gholdengo|Air Balloon
|
|-damage|p1a: Gholdengo|30/100 brn|[from] brn
|upkeep
|turn|17
|
|t:|1769319727
|switch|p2a: Blissey|Blissey, F|87/100
|move|p1a: Gholdengo|Make It Rain|p2a: Blissey
|-damage|p2a: Blissey|63/100
|-unboost|p1a: Gholdengo|spa|1
|
|-heal|p2a: Blissey|69/100|[from] item: Leftovers
|-damage|p1a: Gholdengo|24/100 brn|[from] brn
|upkeep
|turn|18
|
|t:|1769319742
|move|p1a: Gholdengo|Recover|p1a: Gholdengo
|-heal|p1a: Gholdengo|74/100 brn
|move|p2a: Blissey|Shadow Ball|p1a: Gholdengo
|-supereffective|p1a: Gholdengo
|-damage|p1a: Gholdengo|37/100 brn
|
|-heal|p2a: Blissey|76/100|[from] item: Leftovers
|-damage|p1a: Gholdengo|31/100 brn|[from] brn
|upkeep
|turn|19
|
|t:|1769319755
|move|p1a: Gholdengo|Recover|p1a: Gholdengo
|-heal|p1a: Gholdengo|81/100 brn
|move|p2a: Blissey|Shadow Ball|p1a: Gholdengo
|-supereffective|p1a: Gholdengo
|-damage|p1a: Gholdengo|49/100 brn
|
|-heal|p2a: Blissey|82/100|[from] item: Leftovers
|-damage|p1a: Gholdengo|43/100 brn|[from] brn
|upkeep
|turn|20
|
|t:|1769319758
|move|p2a: Blissey|Protect|p2a: Blissey
|-singleturn|p2a: Blissey|Protect
|move|p1a: Gholdengo|Recover|p1a: Gholdengo
|-heal|p1a: Gholdengo|93/100 brn
|
|-heal|p2a: Blissey|88/100|[from] item: Leftovers
|-damage|p1a: Gholdengo|87/100 brn|[from] brn
|upkeep
|turn|21
|inactive|fishfail has 120 seconds left.
|inactive|fishfail has 90 seconds left.
|
|t:|1769319823
|switch|p1a: Samurott|Samurott-Hisui, F|100/100
|switch|p2a: Kyurem|Kyurem, tera:Ground|100/100
|-ability|p2a: Kyurem|Pressure
|
|upkeep
|turn|22
|
|t:|1769319831
|move|p2a: Kyurem|Protect|p2a: Kyurem
|-singleturn|p2a: Kyurem|Protect
|move|p1a: Samurott|Razor Shell|p2a: Kyurem
|-activate|p2a: Kyurem|move: Protect
|
|upkeep
|turn|23
|
|t:|1769319837
|switch|p2a: Dondozo|Dondozo, F|100/100
|move|p1a: Samurott|Razor Shell|p2a: Dondozo
|-resisted|p2a: Dondozo
|-damage|p2a: Dondozo|90/100
|
|-heal|p2a: Dondozo|96/100|[from] item: Leftovers
|upkeep
|turn|24
|-message|fishfail forfeited.
|
|win|kyuremhardwin
|raw|fishfail's rating: 1317 &rarr; <strong>1297</strong><br />(-20 for losing)
|raw|kyuremhardwin's rating: 1325 &rarr; <strong>1345</strong><br />(+20 for winning)
|l|☆fishfail
|player|p1|
|l|☆kyuremhardwin
|player|p2|
