|j|☆flaresun3
|j|☆xxblazefire
|t:|1769376763
|gametype|singles
|player|p1|flaresun3|shadowtriad|1153
|player|p2|xxblazefire|cynthia|1204
|gen|9
|tier|[Gen 9] OU
|rated|
|rule|HP Percentage Mod: HP is shown in percentages
|rule|Endless Battle Clause: Forcing endless battles is banned
|rule|Species Clause: Limit one of each Pokémon
|rule|OHKO Clause: OHKO moves are banned
|rule|Evasion Items Clause: Evasion items are banned
|rule|Evasion Moves Clause: Evasion moves are banned
|rule|Evasion Abilities Clause: Evasion abilities are banned
|rule|Sleep Moves Clause: Sleep-inducing moves are banned
|clearpoke
|poke|p1|Indeedee, M|
|poke|p1|Lapras, M|
|poke|p1|Blaziken, F|
|poke|p1|Serperior, F|
|poke|p1|Gengar, M|
|poke|p1|Krookodile, F|
|poke|p2|Dragapult, F|
|poke|p2|Dragonite, F|
|poke|p2|Ting-Lu|
|poke|p2|Weezing-Galar, F|
|poke|p2|Iron Crown|
|poke|p2|Zapdos|
|teampreview
|inactive|Battle timer is ON: inactive players will automatically lose when time's up. (requested by xxblazefire)
|inactive|flaresun3 also wants the timer to be on.
|inactive|xxblazefire has 120 seconds left.
|
|t:|1769376798
|teamsize|p1|6
|teamsize|p2|6
|start
|switch|p1a: Krookodile|Krookodile, F|100/100
|switch|p2a: Weezing|Weezing-Galar, F|100/100
|-ability|p2a: Weezing|Neutralizing Gas
|turn|1
|
|t:|1769376817
|move|p1a: Krookodile|Earthquake|p2a: Weezing
|-supereffective|p2a: Weezing
|-damage|p2a: Weezing|37/100
|move|p2a: Weezing|Toxic Spikes|p1a: Krookodile
|-sidestart|p1: flaresun3|move: Toxic Spikes
|
|upkeep
|turn|2
|
|t:|1769376825
|-end|p2a: Weezing|ability: Neutralizing Gas
|switch|p2a: Dragonite|Dragonite, F|100/100
|move|p1a: Krookodile|Earthquake|p2a: Dragonite
|-immune|p2a: Dragonite
|
|upkeep
|turn|3
|
|t:|1769376835
|switch|p1a: Gengar|Gengar, M|100/100
|-item|p1a: Gengar|Air Balloon
|move|p2a: Dragonite|Dragon Dance|p2a: Dragonite
|-boost|p2a: Dragonite|atk|1
|-boost|p2a: Dragonite|spe|1
|
|upkeep
|turn|4
|
|t:|1769376858
|switch|p2a: Ting-Lu|Ting-Lu|100/100
|-ability|p2a: Ting-Lu|Vessel of Ruin
|move|p1a: Gengar|Icy Wind|p2a: Ting-Lu
|-supereffective|p2a: Ting-Lu
|-damage|p2a: Ting-Lu|85/100
|-unboost|p2a: Ting-Lu|spe|1
|
|-heal|p2a: Ting-Lu|92/100|[from] item: Leftovers
|upkeep
|turn|5
|
|t:|1769376875
|switch|p1a: Blaziken|Blaziken, F|100/100
|-status|p1a: Blaziken|psn
|move|p2a: Ting-Lu|Stealth Rock|p1a: Blaziken
|-sidestart|p1: flaresun3|move: Stealth Rock
|
|-heal|p2a: Ting-Lu|98/100|[from] item: Leftovers
|-damage|p1a: Blaziken|88/100 psn|[from] psn
|upkeep
|turn|6
|
|t:|1769376890
|switch|p2a: Dragonite|Dragonite, F|100/100
|move|p1a: Blaziken|Close Combat|p2a: Dragonite
|-resisted|p2a: Dragonite
|-damage|p2a: Dragonite|78/100
|-unboost|p1a: Blaziken|def|1
|-unboost|p1a: Blaziken|spd|1
|-damage|p1a: Blaziken|78/100 psn|[from] item: Life Orb
|
|-damage|p1a: Blaziken|66/100 psn|[from] psn
|-ability|p1a: Blaziken|Speed Boost|boost
|-boost|p1a: Blaziken|spe|1
|upkeep
|turn|7
|
|t:|1769376904
|switch|p1a: Indeedee|Indeedee, M|100/100
|-status|p1a: Indeedee|psn
|-damage|p1a: Indeedee|88/100 psn|[from] Stealth Rock
|-fieldstart|move: Psychic Terrain|[from] ability: Psychic Surge|[of] p1a: Indeedee
|move|p2a: Dragonite|Dragon Dance|p2a: Dragonite
|-boost|p2a: Dragonite|atk|1
|-boost|p2a: Dragonite|spe|1
|
|-damage|p1a: Indeedee|76/100 psn|[from] psn
|upkeep
|turn|8
|inactive|xxblazefire has 120 seconds left.
|
|t:|1769376932
|move|p2a: Dragonite|Extreme Speed|p1a: Indeedee
|-activate|p1a: Indeedee|move: Psychic Terrain
|move|p1a: Indeedee|Expanding Force|p2a: Dragonite
|-damage|p2a: Dragonite|0 fnt
|faint|p2a: Dragonite
|-damage|p1a: Indeedee|66/100 psn|[from] item: Life Orb
|
|-damage|p1a: Indeedee|54/100 psn|[from] psn
|upkeep
|inactive|xxblazefire has 90 seconds left.
|
|t:|1769376966
|switch|p2a: Ting-Lu|Ting-Lu|98/100
|-ability|p2a: Ting-Lu|Vessel of Ruin
|turn|9
|
|t:|1769376975
|switch|p1a: Blaziken|Blaziken, F|66/100 psn
|-damage|p1a: Blaziken|54/100 psn|[from] Stealth Rock
|move|p2a: Ting-Lu|Whirlwind|p1a: Blaziken
|drag|p1a: Gengar|Gengar, M|100/100
|-damage|p1a: Gengar|88/100|[from] Stealth Rock
|-item|p1a: Gengar|Air Balloon
|
|-heal|p2a: Ting-Lu|100/100|[from] item: Leftovers
|upkeep
|turn|10
|inactive|xxblazefire has 90 seconds left.
|
|t:|1769376991
|switch|p1a: Blaziken|Blaziken, F|54/100 psn
|-damage|p1a: Blaziken|41/100 psn|[from] Stealth Rock
|move|p2a: Ting-Lu|Earthquake|p1a: Blaziken
|-supereffective|p1a: Blaziken
|-damage|p1a: Blaziken|0 fnt
|faint|p1a: Blaziken
|
|upkeep
|
|t:|1769376996
|switch|p1a: Krookodile|Krookodile, F|100/100
|-status|p1a: Krookodile|psn
|-damage|p1a: Krookodile|94/100 psn|[from] Stealth Rock
|turn|11
|
|t:|1769377009
|move|p1a: Krookodile|Close Combat|p2a: Ting-Lu
|-supereffective|p2a: Ting-Lu
|-damage|p2a: Ting-Lu|60/100
|-unboost|p1a: Krookodile|def|1
|-unboost|p1a: Krookodile|spd|1
|move|p2a: Ting-Lu|Whirlwind|p1a: Krookodile
|drag|p1a: Lapras|Lapras, M|100/100
|-status|p1a: Lapras|psn
|-damage|p1a: Lapras|76/100 psn|[from] Stealth Rock
|
|-heal|p2a: Ting-Lu|66/100|[from] item: Leftovers
|-damage|p1a: Lapras|63/100 psn|[from] psn
|-fieldend|move: Psychic Terrain
|upkeep
|turn|12
|inactive|xxblazefire has 90 seconds left.
|
|t:|1769377029
|-terastallize|p2a: Ting-Lu|Water
|move|p1a: Lapras|Hydro Pump|p2a: Ting-Lu
|-resisted|p2a: Ting-Lu
|-damage|p2a: Ting-Lu|56/100
|move|p2a: Ting-Lu|Whirlwind|p1a: Lapras
|drag|p1a: Krookodile|Krookodile, F|94/100 psn
|-damage|p1a: Krookodile|88/100 psn|[from] Stealth Rock
|
|-heal|p2a: Ting-Lu|62/100|[from] item: Leftovers
|-damage|p1a: Krookodile|76/100 psn|[from] psn
|upkeep
|turn|13
|inactive|xxblazefire has 90 seconds left.
|
|t:|1769377047
|move|p1a: Krookodile|Knock Off|p2a: Ting-Lu
|-damage|p2a: Ting-Lu|37/100
|-enditem|p2a: Ting-Lu|Leftovers|[from] move: Knock Off|[of] p1a: Krookodile
|move|p2a: Ting-Lu|Whirlwind|p1a: Krookodile
|drag|p1a: Lapras|Lapras, M|63/100 psn
|-damage|p1a: Lapras|39/100 psn|[from] Stealth Rock
|
|-damage|p1a: Lapras|26/100 psn|[from] psn
|upkeep
|turn|14
|
|t:|1769377058
|move|p1a: Lapras|Thunder|p2a: Ting-Lu|[miss]
|-miss|p1a: Lapras|p2a: Ting-Lu
|move|p2a: Ting-Lu|Whirlwind|p1a: Lapras
|drag|p1a: Indeedee|Indeedee, M|54/100 psn
|-damage|p1a: Indeedee|41/100 psn|[from] Stealth Rock
|-fieldstart|move: Psychic Terrain|[from] ability: Psychic Surge|[of] p1a: Indeedee
|
|-damage|p1a: Indeedee|29/100 psn|[from] psn
|upkeep
|turn|15
|
|t:|1769377073
|switch|p2a: Weezing|Weezing-Galar, F|37/100
|-ability|p2a: Weezing|Neutralizing Gas
|move|p1a: Indeedee|Expanding Force|p2a: Weezing
|-supereffective|p2a: Weezing
|-crit|p2a: Weezing
|-damage|p2a: Weezing|0 fnt
|faint|p2a: Weezing
|-end|p2a: Weezing|ability: Neutralizing Gas
|-damage|p1a: Indeedee|19/100 psn|[from] item: Life Orb
|
|-damage|p1a: Indeedee|7/100 psn|[from] psn
|upkeep
|
|t:|1769377090
|switch|p2a: Iron Crown|Iron Crown|100/100
|turn|16
|
|t:|1769377106
|move|p2a: Iron Crown|Tachyon Cutter|p1a: Indeedee
|-damage|p1a: Indeedee|0 fnt
|faint|p1a: Indeedee
|-hitcount|p1: Indeedee|1
|
|upkeep
|
|t:|1769377111
|switch|p1a: Krookodile|Krookodile, F|76/100 psn
|-damage|p1a: Krookodile|70/100 psn|[from] Stealth Rock
|turn|17
|
|t:|1769377116
|move|p1a: Krookodile|Knock Off|p2a: Iron Crown
|-supereffective|p2a: Iron Crown
|-damage|p2a: Iron Crown|0 fnt
|-enditem|p2a: Iron Crown|Choice Specs|[from] move: Knock Off|[of] p1a: Krookodile
|faint|p2a: Iron Crown
|-end|p2a: Iron Crown|Quark Drive|[silent]
|-ability|p1a: Krookodile|Moxie|boost
|-boost|p1a: Krookodile|atk|1
|
|-damage|p1a: Krookodile|58/100 psn|[from] psn
|upkeep
|
|t:|1769377128
|switch|p2a: Zapdos|Zapdos|100/100
|turn|18
|
|t:|1769377135
|move|p1a: Krookodile|Knock Off|p2a: Zapdos
|-damage|p2a: Zapdos|20/100
|-enditem|p2a: Zapdos|Heavy-Duty Boots|[from] move: Knock Off|[of] p1a: Krookodile
|move|p2a: Zapdos|Hurricane|p1a: Krookodile
|-damage|p1a: Krookodile|0 fnt
|faint|p1a: Krookodile
|
|-fieldend|move: Psychic Terrain
|upkeep
|
|t:|1769377143
|switch|p1a: Lapras|Lapras, M|26/100 psn
|-damage|p1a: Lapras|1/100 psn|[from] Stealth Rock
|turn|19
|inactive|xxblazefire has 90 seconds left.
|
|t:|1769377150
|switch|p2a: Ting-Lu|Ting-Lu, tera:Water|37/100
|-ability|p2a: Ting-Lu|Vessel of Ruin
|move|p1a: Lapras|Ice Shard|p2a: Ting-Lu
|-resisted|p2a: Ting-Lu
|-damage|p2a: Ting-Lu|33/100
|
|-damage|p1a: Lapras|0 fnt|[from] psn
|faint|p1a: Lapras
|upkeep
|
|t:|1769377166
|switch|p1a: Serperior|Serperior, F|100/100
|-status|p1a: Serperior|psn
|-damage|p1a: Serperior|88/100 psn|[from] Stealth Rock
|turn|20
|
|t:|1769377173
|move|p1a: Serperior|Leaf Storm|p2a: Ting-Lu
|-supereffective|p2a: Ting-Lu
|-damage|p2a: Ting-Lu|0 fnt
|-boost|p1a: Serperior|spa|2
|faint|p2a: Ting-Lu
|
|-damage|p1a: Serperior|76/100 psn|[from] psn
|upkeep
|
|t:|1769377181
|switch|p2a: Dragapult|Dragapult, F|100/100
|turn|21
|
|t:|1769377186
|move|p2a: Dragapult|Hex|p1a: Serperior
|-damage|p1a: Serperior|7/100 psn
|move|p1a: Serperior|Leaf Storm|p2a: Dragapult
|-resisted|p2a: Dragapult
|-damage|p2a: Dragapult|0 fnt
|-boost|p1a: Serperior|spa|2
|faint|p2a: Dragapult
|
|-damage|p1a: Serperior|0 fnt|[from] psn
|faint|p1a: Serperior
|upkeep
|
|t:|1769377197
|switch|p2a: Zapdos|Zapdos|20/100
|switch|p1a: Gengar|Gengar, M|88/100
|-damage|p1a: Gengar|76/100|[from] Stealth Rock
|-item|p1a: Gengar|Air Balloon
|turn|22
|
|t:|1769377207
|move|p1a: Gengar|Shadow Ball|p2a: Zapdos
|-damage|p2a: Zapdos|0 fnt
|faint|p2a: Zapdos
|
|win|flaresun3
|raw|flaresun3's rating: 1153 &rarr; <strong>1182</strong><br />(+29 for winning)
|raw|xxblazefire's rating: 1204 &rarr; <strong>1175</strong><br />(-29 for losing)
|c|☆flaresun3|gg
|l|☆flaresun3
|player|p1|
|l|☆xxblazefire
|player|p2|
