|j|☆the.ramen.gang
|j|☆xxzombieriotxx
|t:|1769309709
|gametype|singles
|player|p1|the.ramen.gang|265|1205
|player|p2|xxzombieriotxx|n|1241
|gen|9
|tier|[Gen 9] OU
|rated|
|rule|HP Percentage Mod: HP is shown in percentages
|rule|Endless Battle Clause: Forcing endless battles is banned
|rule|Species Clause: Limit one of each Pokémon
|rule|OHKO Clause: OHKO moves are banned
|rule|Evasion Items Clause: Evasion items are banned
|rule|Evasion Moves Clause: Evasion moves are banned
|rule|Evasion Abilities Clause: Evasion abilities are banned
|rule|Sleep Moves Clause: Sleep-inducing moves are banned
|clearpoke
|poke|p1|Zangoose, M|
|poke|p1|Banette, F|
|poke|p1|Vivillon, F|
|poke|p1|Whiscash, M|
|poke|p1|Dugtrio, F|
|poke|p1|Sawsbuck, F|
|poke|p2|Torkoal, F|
|poke|p2|Raging Bolt|
|poke|p2|Walking Wake|
|poke|p2|Iron Moth|
|poke|p2|Great Tusk|
|poke|p2|Sableye, F|
|teampreview
|
|t:|1769309720
|teamsize|p1|6
|teamsize|p2|6
|start
|switch|p1a: Whiscash|Whiscash, M|100/100
|switch|p2a: Sableye|Sableye, F|100/100
|turn|1
|
|t:|1769309727
|move|p2a: Sableye|Will-O-Wisp|p1a: Whiscash
|-status|p1a: Whiscash|brn
|move|p1a: Whiscash|Earthquake|p2a: Sableye
|-damage|p2a: Sableye|61/100
|-damage|p1a: Whiscash|91/100 brn|[from] item: Life Orb
|
|-heal|p2a: Sableye|67/100|[from] item: Leftovers
|-damage|p1a: Whiscash|84/100 brn|[from] brn
|upkeep
|turn|2
|
|t:|1769309741
|switch|p1a: Sawsbuck|Sawsbuck, F|100/100
|move|p2a: Sableye|Protect||[still]
|-fail|p2a: Sableye
|
|-heal|p2a: Sableye|74/100|[from] item: Leftovers
|upkeep
|turn|3
|
|t:|1769309749
|move|p2a: Sableye|Will-O-Wisp|p1a: Sawsbuck
|-status|p1a: Sawsbuck|brn
|move|p1a: Sawsbuck|Petal Blizzard|p2a: Sableye
|-damage|p2a: Sableye|28/100
|
|-heal|p2a: Sableye|34/100|[from] item: Leftovers
|-damage|p1a: Sawsbuck|95/100 brn|[from] brn
|upkeep
|turn|4
|
|t:|1769309759
|move|p2a: Sableye|Recover|p2a: Sableye
|-heal|p2a: Sableye|84/100
|move|p1a: Sawsbuck|Petal Blizzard|p2a: Sableye
|-damage|p2a: Sableye|39/100
|
|-heal|p2a: Sableye|45/100|[from] item: Leftovers
|-damage|p1a: Sawsbuck|89/100 brn|[from] brn
|upkeep
|turn|5
|
|t:|1769309769
|switch|p2a: Torkoal|Torkoal, F|100/100
|-weather|SunnyDay|[from] ability: Drought|[of] p2a: Torkoal
|move|p1a: Sawsbuck|Petal Blizzard|p2a: Torkoal
|-resisted|p2a: Torkoal
|-damage|p2a: Torkoal|89/100
|
|-weather|SunnyDay|[upkeep]
|-damage|p1a: Sawsbuck|83/100 brn|[from] brn
|upkeep
|turn|6
|inactive|Battle timer is ON: inactive players will automatically lose when time's up. (requested by the.ramen.gang)
|
|t:|1769309782
|switch|p1a: Vivillon|Vivillon, F|100/100
|move|p2a: Torkoal|Stealth Rock|p1a: Vivillon
|-sidestart|p1: the.ramen.gang|move: Stealth Rock
|
|-weather|SunnyDay|[upkeep]
|upkeep
|turn|7
|
|t:|1769309788
|move|p1a: Vivillon|Quiver Dance|p1a: Vivillon
|-boost|p1a: Vivillon|spa|1
|-boost|p1a: Vivillon|spd|1
|-boost|p1a: Vivillon|spe|1
|move|p2a: Torkoal|Lava Plume|p1a: Vivillon
|-supereffective|p1a: Vivillon
|-damage|p1a: Vivillon|5/100
|-status|p1a: Vivillon|brn
|
|-weather|SunnyDay|[upkeep]
|-damage|p1a: Vivillon|0 fnt|[from] brn
|faint|p1a: Vivillon
|upkeep
|
|t:|1769309794
|switch|p1a: Dugtrio|Dugtrio, F|100/100
|-damage|p1a: Dugtrio|94/100|[from] Stealth Rock
|turn|8
|
|t:|1769309809
|move|p1a: Dugtrio|Swords Dance|p1a: Dugtrio
|-boost|p1a: Dugtrio|atk|2
|move|p2a: Torkoal|Will-O-Wisp|p1a: Dugtrio|[miss]
|-miss|p2a: Torkoal|p1a: Dugtrio
|
|-weather|SunnyDay|[upkeep]
|upkeep
|turn|9
|
|t:|1769309826
|switch|p2a: Sableye|Sableye, F|45/100
|move|p1a: Dugtrio|Earthquake|p2a: Sableye
|-damage|p2a: Sableye|0 fnt
|faint|p2a: Sableye
|
|-weather|SunnyDay|[upkeep]
|upkeep
|
|t:|1769309835
|switch|p2a: Walking Wake|Walking Wake|100/100
|-activate|p2a: Walking Wake|ability: Protosynthesis
|-start|p2a: Walking Wake|protosynthesisspa
|turn|10
|
|t:|1769309858
|move|p1a: Dugtrio|Sucker Punch|p2a: Walking Wake
|-damage|p2a: Walking Wake|57/100
|move|p2a: Walking Wake|Hydro Steam|p1a: Dugtrio
|-supereffective|p1a: Dugtrio
|-damage|p1a: Dugtrio|0 fnt
|faint|p1a: Dugtrio
|
|-weather|SunnyDay|[upkeep]
|upkeep
|
|t:|1769309866
|switch|p1a: Sawsbuck|Sawsbuck, F|83/100 brn
|-damage|p1a: Sawsbuck|70/100 brn|[from] Stealth Rock
|turn|11
|inactive|xxzombieriotxx has 120 seconds left.
|
|t:|1769309890
|move|p2a: Walking Wake|Hydro Steam|p1a: Sawsbuck
|-resisted|p1a: Sawsbuck
|-damage|p1a: Sawsbuck|0 fnt
|faint|p1a: Sawsbuck
|
|-weather|SunnyDay|[upkeep]
|upkeep
|
|t:|1769309894
|switch|p1a: Whiscash|Whiscash, M|84/100 brn
|-damage|p1a: Whiscash|78/100 brn|[from] Stealth Rock
|turn|12
|
|t:|1769309900
|move|p2a: Walking Wake|Hydro Steam|p1a: Whiscash
|-damage|p1a: Whiscash|0 fnt
|faint|p1a: Whiscash
|
|-weather|none
|-end|p2a: Walking Wake|Protosynthesis
|upkeep
|
|t:|1769309904
|switch|p1a: Zangoose|Zangoose, M|100/100
|-damage|p1a: Zangoose|88/100|[from] Stealth Rock
|turn|13
|
|t:|1769309912
|move|p2a: Walking Wake|Hydro Steam|p1a: Zangoose
|-damage|p1a: Zangoose|0 fnt
|faint|p1a: Zangoose
|
|upkeep
|
|t:|1769309915
|switch|p1a: Banette|Banette, F|100/100
|-damage|p1a: Banette|88/100|[from] Stealth Rock
|turn|14
|c|☆xxzombieriotxx|Gg
|
|t:|1769309934
|-terastallize|p1a: Banette|Ghost
|move|p1a: Banette|Shadow Sneak|p2a: Walking Wake
|-damage|p2a: Walking Wake|31/100
|move|p2a: Walking Wake|Hydro Steam|p1a: Banette
|-damage|p1a: Banette|0 fnt
|faint|p1a: Banette
|
|win|xxzombieriotxx
|raw|the.ramen.gang's rating: 1205 &rarr; <strong>1183</strong><br />(-22 for losing)
|raw|xxzombieriotxx's rating: 1241 &rarr; <strong>1263</strong><br />(+22 for winning)
|l|☆the.ramen.gang
|player|p1|
|l|☆xxzombieriotxx
|player|p2|
