|j|‽Pingunos117
|j|‽LT_Alt1
|t:|1769413763
|gametype|singles
|player|p1|Pingunos117|rosa|1482
|player|p2|LT_Alt1|169|1613
|gen|9
|tier|[Gen 9] OU
|rated|
|rule|HP Percentage Mod: HP is shown in percentages
|rule|Endless Battle Clause: Forcing endless battles is banned
|rule|Species Clause: Limit one of each Pokémon
|rule|OHKO Clause: OHKO moves are banned
|rule|Evasion Items Clause: Evasion items are banned
|rule|Evasion Moves Clause: Evasion moves are banned
|rule|Evasion Abilities Clause: Evasion abilities are banned
|rule|Sleep Moves Clause: Sleep-inducing moves are banned
|clearpoke
|poke|p1|Moltres-Galar|
|poke|p1|Dragapult, M|
|poke|p1|Heatran, F|
|poke|p1|Scizor, F|
|poke|p1|Latias, F|
|poke|p1|Great Tusk|
|poke|p2|Darkrai|
|poke|p2|Slowking-Galar, F|
|poke|p2|Gholdengo|
|poke|p2|Iron Treads|
|poke|p2|Raging Bolt|
|poke|p2|Gliscor, F|
|teampreview
|
|t:|1769413786
|teamsize|p1|6
|teamsize|p2|6
|start
|switch|p1a: Great Tusk|Great Tusk, shiny|100/100
|switch|p2a: Darkrai|Darkrai|100/100
|-enditem|p1a: Great Tusk|Booster Energy
|-activate|p1a: Great Tusk|ability: Protosynthesis|[fromitem]
|-start|p1a: Great Tusk|protosynthesisatk
|turn|1
|inactive|Battle timer is ON: inactive players will automatically lose when time's up. (requested by Pingunos117)
|
|t:|1769413805
|move|p2a: Darkrai|Ice Beam|p1a: Great Tusk
|-supereffective|p1a: Great Tusk
|-damage|p1a: Great Tusk|15/100
|move|p1a: Great Tusk|Rapid Spin|p2a: Darkrai
|-damage|p2a: Darkrai|68/100
|-boost|p1a: Great Tusk|spe|1
|
|-heal|p2a: Darkrai|74/100|[from] item: Leftovers
|upkeep
|turn|2
|
|t:|1769413816
|switch|p2a: Gliscor|Gliscor, F|100/100
|move|p1a: Great Tusk|Headlong Rush|p2a: Gliscor
|-immune|p2a: Gliscor
|
|-status|p2a: Gliscor|tox|[from] item: Toxic Orb
|upkeep
|turn|3
|
|t:|1769413823
|-terastallize|p2a: Gliscor|Water
|move|p1a: Great Tusk|Ice Spinner|p2a: Gliscor
|-resisted|p2a: Gliscor
|-damage|p2a: Gliscor|87/100 tox
|move|p2a: Gliscor|Toxic|p1a: Great Tusk
|-status|p1a: Great Tusk|tox
|
|-damage|p1a: Great Tusk|9/100 tox|[from] psn
|-heal|p2a: Gliscor|99/100 tox|[from] ability: Poison Heal
|upkeep
|turn|4
|
|t:|1769413831
|move|p1a: Great Tusk|Headlong Rush|p2a: Gliscor
|-damage|p2a: Gliscor|35/100 tox
|-unboost|p1a: Great Tusk|def|1
|-unboost|p1a: Great Tusk|spd|1
|move|p2a: Gliscor|Spikes|p1a: Great Tusk
|-sidestart|p1: Pingunos117|Spikes
|
|-damage|p1a: Great Tusk|0 fnt|[from] psn
|faint|p1a: Great Tusk
|-end|p1a: Great Tusk|Protosynthesis|[silent]
|-heal|p2a: Gliscor|47/100 tox|[from] ability: Poison Heal
|upkeep
|
|t:|1769413853
|switch|p1a: Dragapult|Dragapult, M, shiny|100/100
|-damage|p1a: Dragapult|88/100|[from] Spikes
|turn|5
|
|t:|1769413867
|move|p1a: Dragapult|Reflect|p1a: Dragapult
|-sidestart|p1: Pingunos117|Reflect
|move|p2a: Gliscor|Toxic|p1a: Dragapult
|-status|p1a: Dragapult|tox
|
|-damage|p1a: Dragapult|82/100 tox|[from] psn
|-heal|p2a: Gliscor|60/100 tox|[from] ability: Poison Heal
|upkeep
|turn|6
|
|t:|1769413875
|move|p1a: Dragapult|Light Screen|p1a: Dragapult
|-sidestart|p1: Pingunos117|move: Light Screen
|move|p2a: Gliscor|Spikes|p1a: Dragapult
|-sidestart|p1: Pingunos117|Spikes
|
|-damage|p1a: Dragapult|70/100 tox|[from] psn
|-heal|p2a: Gliscor|72/100 tox|[from] ability: Poison Heal
|upkeep
|turn|7
|
|t:|1769413878
|move|p1a: Dragapult|Draco Meteor|p2a: Gliscor
|-damage|p2a: Gliscor|22/100 tox
|-unboost|p1a: Dragapult|spa|2
|move|p2a: Gliscor|Spikes|p1a: Dragapult
|-sidestart|p1: Pingunos117|Spikes
|
|-damage|p1a: Dragapult|52/100 tox|[from] psn
|-heal|p2a: Gliscor|34/100 tox|[from] ability: Poison Heal
|upkeep
|turn|8
|
|t:|1769413885
|move|p1a: Dragapult|U-turn|p2a: Gliscor
|-damage|p2a: Gliscor|22/100 tox
|
|t:|1769413909
|switch|p1a: Scizor|Scizor, F, shiny|100/100|[from] U-turn
|-damage|p1a: Scizor|76/100|[from] Spikes
|move|p2a: Gliscor|Toxic|p1a: Scizor
|-immune|p1a: Scizor
|
|-heal|p2a: Gliscor|34/100 tox|[from] ability: Poison Heal
|upkeep
|turn|9
|
|t:|1769413916
|move|p2a: Gliscor|Knock Off|p1a: Scizor
|-damage|p1a: Scizor|63/100
|-enditem|p1a: Scizor|Choice Band|[from] move: Knock Off|[of] p2a: Gliscor
|move|p1a: Scizor|U-turn|p2a: Gliscor
|-damage|p2a: Gliscor|1/100 tox
|
|t:|1769413919
|switch|p1a: Dragapult|Dragapult, M, shiny|52/100 tox|[from] U-turn
|-damage|p1a: Dragapult|27/100 tox|[from] Spikes
|
|-damage|p1a: Dragapult|21/100 tox|[from] psn
|-heal|p2a: Gliscor|14/100 tox|[from] ability: Poison Heal
|upkeep
|turn|10
|
|t:|1769413924
|move|p2a: Gliscor|Protect|p2a: Gliscor
|-singleturn|p2a: Gliscor|Protect
|move|p1a: Dragapult|Draco Meteor|p2a: Gliscor
|-activate|p2a: Gliscor|move: Protect
|
|-damage|p1a: Dragapult|9/100 tox|[from] psn
|-heal|p2a: Gliscor|26/100 tox|[from] ability: Poison Heal
|upkeep
|turn|11
|
|t:|1769413931
|switch|p2a: Slowking|Slowking-Galar, F|100/100
|move|p1a: Dragapult|Draco Meteor|p2a: Slowking
|-damage|p2a: Slowking|67/100
|-unboost|p1a: Dragapult|spa|2
|
|-heal|p2a: Slowking|73/100|[from] item: Leftovers
|-damage|p1a: Dragapult|0 fnt|[from] psn
|faint|p1a: Dragapult
|upkeep
|
|t:|1769413934
|switch|p1a: Heatran|Heatran, F, shiny|100/100
|-damage|p1a: Heatran|76/100|[from] Spikes
|turn|12
|
|t:|1769413939
|move|p1a: Heatran|Earth Power|p2a: Slowking
|-supereffective|p2a: Slowking
|-damage|p2a: Slowking|42/100
|-prepare|p2a: Slowking|Chilly Reception|[premajor]
|move|p2a: Slowking|Chilly Reception|p2a: Slowking
|-weather|Snowscape
|
|t:|1769413942
|switch|p2a: Iron Treads|Iron Treads|100/100|[from] Chilly Reception
|
|-weather|Snowscape|[upkeep]
|-heal|p1a: Heatran|82/100|[from] item: Leftovers
|-sideend|p1: Pingunos117|Reflect
|upkeep
|turn|13
|
|t:|1769413951
|move|p2a: Iron Treads|Earthquake|p1a: Heatran
|-supereffective|p1a: Heatran
|-damage|p1a: Heatran|0 fnt
|faint|p1a: Heatran
|
|-weather|Snowscape|[upkeep]
|-sideend|p1: Pingunos117|move: Light Screen
|upkeep
|
|t:|1769413954
|switch|p1a: Moltres|Moltres-Galar, shiny|100/100
|turn|14
|
|t:|1769413959
|move|p2a: Iron Treads|Rock Tomb|p1a: Moltres|[miss]
|-miss|p2a: Iron Treads|p1a: Moltres
|move|p1a: Moltres|Agility|p1a: Moltres
|-boost|p1a: Moltres|spe|2
|
|-weather|Snowscape|[upkeep]
|upkeep
|turn|15
|
|t:|1769413966
|move|p1a: Moltres|Nasty Plot|p1a: Moltres
|-boost|p1a: Moltres|spa|2
|move|p2a: Iron Treads|Rock Tomb|p1a: Moltres
|-supereffective|p1a: Moltres
|-damage|p1a: Moltres|67/100
|-unboost|p1a: Moltres|spe|1
|
|-weather|Snowscape|[upkeep]
|upkeep
|turn|16
|
|t:|1769413978
|-end|p2a: Iron Treads|Quark Drive|[silent]
|switch|p2a: Gliscor|Gliscor, F, tera:Water|26/100 tox
|move|p1a: Moltres|Fiery Wrath|p2a: Gliscor
|-damage|p2a: Gliscor|0 fnt
|faint|p2a: Gliscor
|
|-weather|none
|upkeep
|
|t:|1769413992
|switch|p2a: Raging Bolt|Raging Bolt|100/100
|turn|17
|
|t:|1769413997
|-terastallize|p1a: Moltres|Ground
|move|p1a: Moltres|Fiery Wrath|p2a: Raging Bolt
|-damage|p2a: Raging Bolt|20/100
|move|p2a: Raging Bolt|Thunderbolt|p1a: Moltres
|-immune|p1a: Moltres
|
|-heal|p2a: Raging Bolt|26/100|[from] item: Leftovers
|upkeep
|turn|18
|
|t:|1769414003
|move|p1a: Moltres|Fiery Wrath|p2a: Raging Bolt
|-damage|p2a: Raging Bolt|0 fnt
|faint|p2a: Raging Bolt
|-end|p2a: Raging Bolt|Protosynthesis|[silent]
|
|upkeep
|
|t:|1769414009
|switch|p2a: Gholdengo|Gholdengo|100/100
|turn|19
|
|t:|1769414018
|move|p2a: Gholdengo|Make It Rain|p1a: Moltres
|-damage|p1a: Moltres|11/100
|-unboost|p2a: Gholdengo|spa|1
|-ability|p1a: Moltres|Berserk|boost
|-boost|p1a: Moltres|spa|1
|-enditem|p1a: Moltres|Sitrus Berry|[eat]
|-heal|p1a: Moltres|36/100|[from] item: Sitrus Berry
|move|p1a: Moltres|Fiery Wrath|p2a: Gholdengo
|-supereffective|p2a: Gholdengo
|-crit|p2a: Gholdengo
|-damage|p2a: Gholdengo|0 fnt
|faint|p2a: Gholdengo
|
|upkeep
|
|t:|1769414025
|switch|p2a: Darkrai|Darkrai|74/100
|turn|20
|
|t:|1769414028
|move|p1a: Moltres|Air Slash|p2a: Darkrai
|-damage|p2a: Darkrai|0 fnt
|faint|p2a: Darkrai
|
|upkeep
|-message|LT_Alt1 forfeited.
|
|win|Pingunos117
|raw|Pingunos117's rating: 1482 &rarr; <strong>1509</strong><br />(+27 for winning)
|raw|LT_Alt1's rating: 1613 &rarr; <strong>1586</strong><br />(-27 for losing)
|l|‽LT_Alt1
|player|p2|
|l|‽Pingunos117
|player|p1|
