|j|☆OnihC
|j|☆johnnazz
|t:|1769371844
|gametype|singles
|player|p1|OnihC|blue|1119
|player|p2|johnnazz|1|1162
|gen|9
|tier|[Gen 9] OU
|rated|
|rule|HP Percentage Mod: HP is shown in percentages
|rule|Endless Battle Clause: Forcing endless battles is banned
|rule|Species Clause: Limit one of each Pokémon
|rule|OHKO Clause: OHKO moves are banned
|rule|Evasion Items Clause: Evasion items are banned
|rule|Evasion Moves Clause: Evasion moves are banned
|rule|Evasion Abilities Clause: Evasion abilities are banned
|rule|Sleep Moves Clause: Sleep-inducing moves are banned
|clearpoke
|poke|p1|Tyranitar, F|
|poke|p1|Excadrill, M|
|poke|p1|Iron Valiant|
|poke|p1|Zapdos|
|poke|p1|Ogerpon, F|
|poke|p1|Toxapex, M|
|poke|p2|Garganacl, F|
|poke|p2|Tyranitar, M|
|poke|p2|Kingambit, F|
|poke|p2|Gholdengo|
|poke|p2|Glimmora, M|
|poke|p2|Great Tusk|
|teampreview
|
|t:|1769371859
|teamsize|p1|6
|teamsize|p2|6
|start
|switch|p1a: Ogerpon|Ogerpon, F|100/100
|switch|p2a: Garganacl|Garganacl, F|100/100
|turn|1
|
|t:|1769371876
|-terastallize|p1a: Ogerpon|Grass
|detailschange|p1a: Ogerpon|Ogerpon-Teal-Tera, F, tera:Grass
|-ability|p1a: Ogerpon|Embody Aspect (Teal)|boost
|-boost|p1a: Ogerpon|spe|1
|-terastallize|p2a: Garganacl|Ghost
|move|p1a: Ogerpon|Ivy Cudgel|p2a: Garganacl
|-damage|p2a: Garganacl|37/100
|move|p2a: Garganacl|Iron Defense|p2a: Garganacl
|-boost|p2a: Garganacl|def|2
|
|-heal|p2a: Garganacl|43/100|[from] item: Leftovers
|upkeep
|turn|2
|
|t:|1769371891
|move|p1a: Ogerpon|Ivy Cudgel|p2a: Garganacl
|-damage|p2a: Garganacl|8/100
|move|p2a: Garganacl|Recover|p2a: Garganacl
|-heal|p2a: Garganacl|58/100
|
|-heal|p2a: Garganacl|64/100|[from] item: Leftovers
|upkeep
|turn|3
|
|t:|1769371900
|move|p1a: Ogerpon|Ivy Cudgel|p2a: Garganacl
|-damage|p2a: Garganacl|29/100
|move|p2a: Garganacl|Recover|p2a: Garganacl
|-heal|p2a: Garganacl|79/100
|
|-heal|p2a: Garganacl|86/100|[from] item: Leftovers
|upkeep
|turn|4
|
|t:|1769371909
|move|p1a: Ogerpon|Ivy Cudgel|p2a: Garganacl
|-damage|p2a: Garganacl|56/100
|move|p2a: Garganacl|Iron Defense|p2a: Garganacl
|-boost|p2a: Garganacl|def|2
|
|-heal|p2a: Garganacl|62/100|[from] item: Leftovers
|upkeep
|turn|5
|
|t:|1769371920
|switch|p1a: Toxapex|Toxapex, M|100/100
|move|p2a: Garganacl|Salt Cure|p1a: Toxapex
|-damage|p1a: Toxapex|90/100
|-start|p1a: Toxapex|Salt Cure
|-enditem|p1a: Toxapex|Eject Button
|
|t:|1769371930
|switch|p1a: Tyranitar|Tyranitar, F|100/100
|-weather|Sandstorm|[from] ability: Sand Stream|[of] p1a: Tyranitar
|
|-weather|Sandstorm|[upkeep]
|-damage|p2a: Garganacl|56/100|[from] Sandstorm
|-heal|p2a: Garganacl|62/100|[from] item: Leftovers
|upkeep
|turn|6
|inactive|Battle timer is ON: inactive players will automatically lose when time's up. (requested by johnnazz)
|
|t:|1769371940
|move|p1a: Tyranitar|Knock Off|p2a: Garganacl
|-supereffective|p2a: Garganacl
|-damage|p2a: Garganacl|35/100
|-enditem|p2a: Garganacl|Leftovers|[from] move: Knock Off|[of] p1a: Tyranitar
|move|p2a: Garganacl|Salt Cure|p1a: Tyranitar
|-damage|p1a: Tyranitar|88/100
|-start|p1a: Tyranitar|Salt Cure
|
|-weather|Sandstorm|[upkeep]
|-damage|p2a: Garganacl|29/100|[from] Sandstorm
|-damage|p1a: Tyranitar|76/100|[from] Salt Cure
|upkeep
|turn|7
|
|t:|1769371953
|switch|p1a: Toxapex|Toxapex, M|100/100
|move|p2a: Garganacl|Recover|p2a: Garganacl
|-heal|p2a: Garganacl|79/100
|
|-weather|Sandstorm|[upkeep]
|-damage|p2a: Garganacl|73/100|[from] Sandstorm
|-damage|p1a: Toxapex|95/100|[from] Sandstorm
|upkeep
|turn|8
|
|t:|1769371963
|move|p1a: Toxapex|Haze|p1a: Toxapex
|-clearallboost
|move|p2a: Garganacl|Salt Cure|p1a: Toxapex
|-damage|p1a: Toxapex|84/100
|-start|p1a: Toxapex|Salt Cure
|
|-weather|Sandstorm|[upkeep]
|-damage|p2a: Garganacl|67/100|[from] Sandstorm
|-damage|p1a: Toxapex|78/100|[from] Sandstorm
|-damage|p1a: Toxapex|54/100|[from] Salt Cure
|upkeep
|turn|9
|
|t:|1769371985
|switch|p1a: Iron Valiant|Iron Valiant, shiny|100/100
|move|p2a: Garganacl|Recover|p2a: Garganacl
|-heal|p2a: Garganacl|100/100
|
|-weather|Sandstorm|[upkeep]
|-damage|p1a: Iron Valiant|94/100|[from] Sandstorm
|-damage|p2a: Garganacl|94/100|[from] Sandstorm
|upkeep
|turn|10
|
|t:|1769371999
|move|p1a: Iron Valiant|Shadow Ball|p2a: Garganacl
|-supereffective|p2a: Garganacl
|-crit|p2a: Garganacl
|-damage|p2a: Garganacl|46/100
|-unboost|p2a: Garganacl|spd|1
|move|p2a: Garganacl|Salt Cure|p1a: Iron Valiant
|-resisted|p1a: Iron Valiant
|-damage|p1a: Iron Valiant|86/100
|-start|p1a: Iron Valiant|Salt Cure
|
|-weather|Sandstorm|[upkeep]
|-damage|p1a: Iron Valiant|80/100|[from] Sandstorm
|-damage|p2a: Garganacl|40/100|[from] Sandstorm
|-damage|p1a: Iron Valiant|67/100|[from] Salt Cure
|upkeep
|turn|11
|
|t:|1769372013
|switch|p2a: Tyranitar|Tyranitar, M|100/100
|move|p1a: Iron Valiant|Shadow Ball|p2a: Tyranitar
|-resisted|p2a: Tyranitar
|-damage|p2a: Tyranitar|95/100
|
|-weather|Sandstorm|[upkeep]
|-damage|p1a: Iron Valiant|61/100|[from] Sandstorm
|-damage|p1a: Iron Valiant|49/100|[from] Salt Cure
|upkeep
|turn|12
|
|t:|1769372025
|-end|p1a: Iron Valiant|Quark Drive|[silent]
|switch|p1a: Toxapex|Toxapex, M|87/100
|move|p2a: Tyranitar|Knock Off|p1a: Toxapex
|-damage|p1a: Toxapex|65/100
|
|-weather|none
|upkeep
|turn|13
|
|t:|1769372034
|move|p2a: Tyranitar|Earthquake|p1a: Toxapex
|-supereffective|p1a: Toxapex
|-damage|p1a: Toxapex|21/100
|move|p1a: Toxapex|Toxic|p2a: Tyranitar
|-status|p2a: Tyranitar|tox
|
|-damage|p2a: Tyranitar|89/100 tox|[from] psn
|upkeep
|turn|14
|
|t:|1769372055
|switch|p2a: Garganacl|Garganacl, F, tera:Ghost|40/100
|switch|p1a: Ogerpon|Ogerpon-Teal-Tera, F, tera:Grass|100/100
|-ability|p1a: Ogerpon|Embody Aspect (Teal)|boost
|-boost|p1a: Ogerpon|spe|1
|
|upkeep
|turn|15
|
|t:|1769372065
|move|p1a: Ogerpon|Ivy Cudgel|p2a: Garganacl
|-damage|p2a: Garganacl|0 fnt
|faint|p2a: Garganacl
|
|upkeep
|
|t:|1769372076
|switch|p2a: Kingambit|Kingambit, F|100/100
|-activate|p2a: Kingambit|ability: Supreme Overlord
|-start|p2a: Kingambit|fallen1|[silent]
|turn|16
|
|t:|1769372084
|switch|p1a: Zapdos|Zapdos|100/100
|move|p2a: Kingambit|Kowtow Cleave|p1a: Zapdos
|-damage|p1a: Zapdos|31/100
|-status|p2a: Kingambit|par|[from] ability: Static|[of] p1a: Zapdos
|
|upkeep
|turn|17
|
|t:|1769372094
|move|p1a: Zapdos|Heat Wave|p2a: Kingambit
|-supereffective|p2a: Kingambit
|-damage|p2a: Kingambit|41/100 par
|cant|p2a: Kingambit|par
|
|upkeep
|turn|18
|
|t:|1769372102
|-end|p2a: Kingambit|fallen1|[silent]
|switch|p2a: Tyranitar|Tyranitar, M|89/100 tox
|-weather|Sandstorm|[from] ability: Sand Stream|[of] p2a: Tyranitar
|move|p1a: Zapdos|Heat Wave|p2a: Tyranitar
|-resisted|p2a: Tyranitar
|-damage|p2a: Tyranitar|85/100 tox
|
|-weather|Sandstorm|[upkeep]
|-damage|p1a: Zapdos|25/100|[from] Sandstorm
|-damage|p2a: Tyranitar|79/100 tox|[from] psn
|upkeep
|turn|19
|
|t:|1769372115
|move|p1a: Zapdos|Volt Switch|p2a: Tyranitar
|-damage|p2a: Tyranitar|69/100 tox
|
|t:|1769372125
|switch|p1a: Toxapex|Toxapex, M|55/100|[from] Volt Switch
|move|p2a: Tyranitar|Earthquake|p1a: Toxapex
|-supereffective|p1a: Toxapex
|-damage|p1a: Toxapex|12/100
|
|-weather|Sandstorm|[upkeep]
|-damage|p1a: Toxapex|6/100|[from] Sandstorm
|-damage|p2a: Tyranitar|57/100 tox|[from] psn
|upkeep
|turn|20
|
|t:|1769372138
|switch|p2a: Kingambit|Kingambit, F|41/100 par
|-activate|p2a: Kingambit|ability: Supreme Overlord
|-start|p2a: Kingambit|fallen1|[silent]
|switch|p1a: Ogerpon|Ogerpon-Teal-Tera, F, tera:Grass|100/100
|-ability|p1a: Ogerpon|Embody Aspect (Teal)|boost
|-boost|p1a: Ogerpon|spe|1
|
|-weather|Sandstorm|[upkeep]
|-damage|p1a: Ogerpon|95/100|[from] Sandstorm
|upkeep
|turn|21
|
|t:|1769372151
|move|p2a: Kingambit|Sucker Punch|p1a: Ogerpon
|-damage|p1a: Ogerpon|30/100
|move|p1a: Ogerpon|Ivy Cudgel|p2a: Kingambit
|-resisted|p2a: Kingambit
|-damage|p2a: Kingambit|6/100 par
|
|-weather|Sandstorm|[upkeep]
|-damage|p1a: Ogerpon|24/100|[from] Sandstorm
|upkeep
|turn|22
|
|t:|1769372167
|switch|p1a: Iron Valiant|Iron Valiant, shiny|49/100
|move|p2a: Kingambit|Kowtow Cleave|p1a: Iron Valiant
|-resisted|p1a: Iron Valiant
|-damage|p1a: Iron Valiant|32/100
|
|-weather|none
|upkeep
|turn|23
|
|t:|1769372177
|move|p1a: Iron Valiant|Vacuum Wave|p2a: Kingambit
|-supereffective|p2a: Kingambit
|-damage|p2a: Kingambit|0 fnt
|faint|p2a: Kingambit
|-end|p2a: Kingambit|fallen1|[silent]
|
|upkeep
|
|t:|1769372182
|switch|p2a: Tyranitar|Tyranitar, M|57/100 tox
|-weather|Sandstorm|[from] ability: Sand Stream|[of] p2a: Tyranitar
|turn|24
|
|t:|1769372189
|-end|p1a: Iron Valiant|Quark Drive|[silent]
|switch|p1a: Toxapex|Toxapex, M|40/100
|move|p2a: Tyranitar|Knock Off|p1a: Toxapex
|-damage|p1a: Toxapex|20/100
|
|-weather|Sandstorm|[upkeep]
|-damage|p1a: Toxapex|14/100|[from] Sandstorm
|-damage|p2a: Tyranitar|50/100 tox|[from] psn
|upkeep
|turn|25
|
|t:|1769372211
|move|p2a: Tyranitar|Knock Off|p1a: Toxapex
|-damage|p1a: Toxapex|0 fnt
|faint|p1a: Toxapex
|
|-weather|Sandstorm|[upkeep]
|-damage|p2a: Tyranitar|38/100 tox|[from] psn
|upkeep
|
|t:|1769372222
|switch|p1a: Ogerpon|Ogerpon-Teal-Tera, F, tera:Grass|24/100
|-ability|p1a: Ogerpon|Embody Aspect (Teal)|boost
|-boost|p1a: Ogerpon|spe|1
|turn|26
|
|t:|1769372228
|move|p1a: Ogerpon|Ivy Cudgel|p2a: Tyranitar
|-supereffective|p2a: Tyranitar
|-damage|p2a: Tyranitar|0 fnt
|faint|p2a: Tyranitar
|
|-weather|Sandstorm|[upkeep]
|-damage|p1a: Ogerpon|18/100|[from] Sandstorm
|upkeep
|
|t:|1769372242
|switch|p2a: Glimmora|Glimmora, M|100/100
|turn|27
|
|t:|1769372250
|move|p1a: Ogerpon|Ivy Cudgel|p2a: Glimmora
|-enditem|p2a: Glimmora|Focus Sash
|-damage|p2a: Glimmora|1/100
|-activate|p2a: Glimmora|ability: Toxic Debris
|-sidestart|p1: OnihC|move: Toxic Spikes
|move|p2a: Glimmora|Mortal Spin|p1a: Ogerpon
|-supereffective|p1a: Ogerpon
|-damage|p1a: Ogerpon|1/100
|-status|p1a: Ogerpon|psn
|
|-weather|Sandstorm|[upkeep]
|-damage|p1a: Ogerpon|0 fnt|[from] Sandstorm
|faint|p1a: Ogerpon
|detailschange|p1: Ogerpon|Ogerpon, F|[silent]
|upkeep
|
|t:|1769372266
|switch|p1a: Iron Valiant|Iron Valiant, shiny|32/100
|-status|p1a: Iron Valiant|psn
|turn|28
|
|t:|1769372278
|move|p1a: Iron Valiant|Shadow Ball|p2a: Glimmora
|-damage|p2a: Glimmora|0 fnt
|faint|p2a: Glimmora
|
|-weather|none
|-damage|p1a: Iron Valiant|20/100 psn|[from] psn
|upkeep
|
|t:|1769372286
|switch|p2a: Gholdengo|Gholdengo|100/100
|-item|p2a: Gholdengo|Air Balloon
|turn|29
|
|t:|1769372293
|move|p1a: Iron Valiant|Shadow Ball|p2a: Gholdengo
|-supereffective|p2a: Gholdengo
|-damage|p2a: Gholdengo|9/100
|-enditem|p2a: Gholdengo|Air Balloon
|move|p2a: Gholdengo|Dazzling Gleam|p1a: Iron Valiant
|-supereffective|p1a: Iron Valiant
|-damage|p1a: Iron Valiant|0 fnt
|faint|p1a: Iron Valiant
|-end|p1a: Iron Valiant|Quark Drive|[silent]
|
|upkeep
|inactive|OnihC has 120 seconds left.
|
|t:|1769372325
|switch|p1a: Zapdos|Zapdos|25/100
|turn|30
|
|t:|1769372331
|move|p1a: Zapdos|Volt Switch|p2a: Gholdengo
|-crit|p2a: Gholdengo
|-damage|p2a: Gholdengo|0 fnt
|faint|p2a: Gholdengo
|
|t:|1769372338
|switch|p1a: Excadrill|Excadrill, M|100/100|[from] Volt Switch
|
|upkeep
|
|t:|1769372342
|switch|p2a: Great Tusk|Great Tusk|100/100
|turn|31
|
|t:|1769372351
|move|p1a: Excadrill|Substitute|p1a: Excadrill
|-start|p1a: Excadrill|Substitute
|-damage|p1a: Excadrill|76/100
|move|p2a: Great Tusk|Rapid Spin|p1a: Excadrill
|-resisted|p1a: Excadrill
|-activate|p1a: Excadrill|move: Substitute|[damage]
|-boost|p2a: Great Tusk|spe|1
|
|-heal|p1a: Excadrill|82/100|[from] item: Leftovers
|upkeep
|turn|32
|
|t:|1769372364
|move|p2a: Great Tusk|Body Press|p1a: Excadrill
|-supereffective|p1a: Excadrill
|-end|p1a: Excadrill|Substitute
|move|p1a: Excadrill|Earthquake|p2a: Great Tusk
|-damage|p2a: Great Tusk|72/100
|
|-heal|p2a: Great Tusk|78/100|[from] item: Leftovers
|-heal|p1a: Excadrill|88/100|[from] item: Leftovers
|upkeep
|turn|33
|
|t:|1769372375
|switch|p1a: Zapdos|Zapdos|25/100
|move|p2a: Great Tusk|Body Press|p1a: Zapdos
|-resisted|p1a: Zapdos
|-damage|p1a: Zapdos|0 fnt
|-status|p2a: Great Tusk|par|[from] ability: Static|[of] p1a: Zapdos
|faint|p1a: Zapdos
|
|-heal|p2a: Great Tusk|84/100 par|[from] item: Leftovers
|upkeep
|
|t:|1769372387
|switch|p1a: Tyranitar|Tyranitar, F|76/100
|-status|p1a: Tyranitar|psn
|-weather|Sandstorm|[from] ability: Sand Stream|[of] p1a: Tyranitar
|turn|34
|
|t:|1769372393
|move|p1a: Tyranitar|Ice Punch|p2a: Great Tusk
|-supereffective|p2a: Great Tusk
|-damage|p2a: Great Tusk|53/100 par
|cant|p2a: Great Tusk|par
|
|-weather|Sandstorm|[upkeep]
|-heal|p2a: Great Tusk|60/100 par|[from] item: Leftovers
|-damage|p1a: Tyranitar|63/100 psn|[from] psn
|upkeep
|turn|35
|
|t:|1769372404
|move|p1a: Tyranitar|Ice Punch|p2a: Great Tusk
|-supereffective|p2a: Great Tusk
|-damage|p2a: Great Tusk|29/100 par
|cant|p2a: Great Tusk|par
|
|-weather|Sandstorm|[upkeep]
|-heal|p2a: Great Tusk|35/100 par|[from] item: Leftovers
|-damage|p1a: Tyranitar|51/100 psn|[from] psn
|upkeep
|turn|36
|
|t:|1769372415
|move|p1a: Tyranitar|Ice Punch|p2a: Great Tusk
|-supereffective|p2a: Great Tusk
|-damage|p2a: Great Tusk|5/100 par
|move|p2a: Great Tusk|Body Press|p1a: Tyranitar
|-supereffective|p1a: Tyranitar
|-damage|p1a: Tyranitar|0 fnt
|faint|p1a: Tyranitar
|
|-weather|Sandstorm|[upkeep]
|-heal|p2a: Great Tusk|11/100 par|[from] item: Leftovers
|upkeep
|
|t:|1769372426
|switch|p1a: Excadrill|Excadrill, M|88/100
|turn|37
|
|t:|1769372431
|move|p1a: Excadrill|Earthquake|p2a: Great Tusk
|-damage|p2a: Great Tusk|0 fnt
|faint|p2a: Great Tusk
|-end|p2a: Great Tusk|Protosynthesis|[silent]
|
|win|OnihC
|raw|OnihC's rating: 1119 &rarr; <strong>1147</strong><br />(+28 for winning)
|raw|johnnazz's rating: 1162 &rarr; <strong>1134</strong><br />(-28 for losing)
|c|☆johnnazz|gg
|c|☆johnnazz|para clutched for you
