|j|☆ManInBlack14
|j|☆reversetracebaxks
|t:|1769422152
|gametype|singles
|player|p1|ManInBlack14|red|
|player|p2|reversetracebaxks|170|
|gen|9
|tier|[Gen 9] OU
|rule|HP Percentage Mod: HP is shown in percentages
|rule|Endless Battle Clause: Forcing endless battles is banned
|rule|Species Clause: Limit one of each Pokémon
|rule|OHKO Clause: OHKO moves are banned
|rule|Evasion Items Clause: Evasion items are banned
|rule|Evasion Moves Clause: Evasion moves are banned
|rule|Evasion Abilities Clause: Evasion abilities are banned
|rule|Sleep Moves Clause: Sleep-inducing moves are banned
|clearpoke
|poke|p1|Blissey, F|
|poke|p1|Clodsire, F|
|poke|p1|Dondozo, M|
|poke|p1|Weezing-Galar, M|
|poke|p1|Gliscor, F|
|poke|p1|Alomomola, F|
|poke|p2|Meowscarada, F|
|poke|p2|Iron Treads|
|poke|p2|Tornadus-Therian, M|
|poke|p2|Dondozo, M|
|poke|p2|Primarina, M|
|poke|p2|Kyurem|
|teampreview
|inactive|Battle timer is ON: inactive players will automatically lose when time's up. (requested by ManInBlack14)
|
|t:|1769422177
|teamsize|p1|6
|teamsize|p2|6
|start
|switch|p1a: Gliscor|Gliscor, F|100/100
|switch|p2a: Meowscarada|Meowscarada, F|100/100
|turn|1
|
|t:|1769422182
|move|p1a: Gliscor|Protect|p1a: Gliscor
|-singleturn|p1a: Gliscor|Protect
|move|p2a: Meowscarada|Knock Off|p1a: Gliscor
|-start|p2a: Meowscarada|typechange|Dark|[from] ability: Protean
|-activate|p1a: Gliscor|move: Protect
|
|-status|p1a: Gliscor|tox|[from] item: Toxic Orb
|upkeep
|turn|2
|
|t:|1769422195
|switch|p1a: Alomomola|Alomomola, F|100/100
|move|p2a: Meowscarada|Triple Axel|p1a: Alomomola
|-resisted|p1a: Alomomola
|-damage|p1a: Alomomola|98/100
|-resisted|p1a: Alomomola
|-damage|p1a: Alomomola|94/100
|-resisted|p1a: Alomomola
|-damage|p1a: Alomomola|87/100
|-hitcount|p1a: Alomomola|3
|
|upkeep
|turn|3
|
|t:|1769422205
|move|p1a: Alomomola|Protect|p1a: Alomomola
|-singleturn|p1a: Alomomola|Protect
|move|p2a: Meowscarada|Knock Off|p1a: Alomomola
|-activate|p1a: Alomomola|move: Protect
|
|upkeep
|turn|4
|
|t:|1769422211
|switch|p1a: Weezing|Weezing-Galar, M|100/100
|-ability|p1a: Weezing|Neutralizing Gas
|move|p2a: Meowscarada|Knock Off|p1a: Weezing
|-resisted|p1a: Weezing
|-damage|p1a: Weezing|86/100
|-enditem|p1a: Weezing|Heavy-Duty Boots|[from] move: Knock Off|[of] p2a: Meowscarada
|
|upkeep
|turn|5
|
|t:|1769422220
|move|p2a: Meowscarada|U-turn|p1a: Weezing
|-resisted|p1a: Weezing
|-damage|p1a: Weezing|83/100
|
|t:|1769422222
|switch|p2a: Tornadus|Tornadus-Therian, M, shiny|100/100|[from] U-turn
|move|p1a: Weezing|Will-O-Wisp|p2a: Tornadus
|-status|p2a: Tornadus|brn
|
|-damage|p2a: Tornadus|94/100 brn|[from] brn
|upkeep
|turn|6
|
|t:|1769422237
|-end|p1a: Weezing|ability: Neutralizing Gas
|switch|p1a: Gliscor|Gliscor, F|100/100 tox
|move|p2a: Tornadus|U-turn|p1a: Gliscor
|-resisted|p1a: Gliscor
|-damage|p1a: Gliscor|98/100 tox
|j| Niroglift
|
|t:|1769422243
|switch|p2a: Kyurem|Kyurem|100/100|[from] U-turn
|-ability|p2a: Kyurem|Pressure
|
|-heal|p1a: Gliscor|100/100 tox|[from] ability: Poison Heal
|upkeep
|turn|7
|
|t:|1769422259
|-terastallize|p1a: Gliscor|Fairy
|move|p2a: Kyurem|Substitute|p2a: Kyurem
|-start|p2a: Kyurem|Substitute
|-damage|p2a: Kyurem|75/100
|move|p1a: Gliscor|Toxic||[still]
|-fail|p1a: Gliscor
|
|-heal|p2a: Kyurem|82/100|[from] item: Leftovers
|upkeep
|turn|8
|
|t:|1769422272
|move|p2a: Kyurem|Freeze-Dry|p1a: Gliscor
|-damage|p1a: Gliscor|71/100 tox
|move|p1a: Gliscor|Spikes|p2a: Kyurem
|-sidestart|p2: reversetracebaxks|Spikes
|
|-heal|p2a: Kyurem|88/100|[from] item: Leftovers
|-heal|p1a: Gliscor|84/100 tox|[from] ability: Poison Heal
|upkeep
|turn|9
|
|t:|1769422277
|move|p2a: Kyurem|Freeze-Dry|p1a: Gliscor
|-damage|p1a: Gliscor|50/100 tox
|move|p1a: Gliscor|Spikes|p2a: Kyurem
|-sidestart|p2: reversetracebaxks|Spikes
|
|-heal|p2a: Kyurem|94/100|[from] item: Leftovers
|-heal|p1a: Gliscor|63/100 tox|[from] ability: Poison Heal
|upkeep
|turn|10
|
|t:|1769422280
|move|p1a: Gliscor|Protect|p1a: Gliscor
|-singleturn|p1a: Gliscor|Protect
|move|p2a: Kyurem|Freeze-Dry|p1a: Gliscor
|-activate|p1a: Gliscor|move: Protect
|
|-heal|p2a: Kyurem|99/100|[from] item: Leftovers
|-heal|p1a: Gliscor|75/100 tox|[from] ability: Poison Heal
|upkeep
|turn|11
|
|t:|1769422292
|switch|p1a: Blissey|Blissey, F|100/100
|move|p2a: Kyurem|Freeze-Dry|p1a: Blissey
|-damage|p1a: Blissey|89/100
|
|-heal|p2a: Kyurem|100/100|[from] item: Leftovers
|-heal|p1a: Blissey|95/100|[from] item: Leftovers
|upkeep
|turn|12
|
|t:|1769422295
|move|p2a: Kyurem|Freeze-Dry|p1a: Blissey
|-damage|p1a: Blissey|83/100
|move|p1a: Blissey|Stealth Rock|p2a: Kyurem
|-sidestart|p2: reversetracebaxks|move: Stealth Rock
|
|-heal|p1a: Blissey|89/100|[from] item: Leftovers
|upkeep
|turn|13
|
|t:|1769422301
|switch|p1a: Gliscor|Gliscor, F, tera:Fairy|75/100 tox
|move|p2a: Kyurem|Freeze-Dry|p1a: Gliscor
|-damage|p1a: Gliscor|44/100 tox
|
|-heal|p1a: Gliscor|56/100 tox|[from] ability: Poison Heal
|upkeep
|turn|14
|
|t:|1769422306
|move|p2a: Kyurem|Protect|p2a: Kyurem
|-singleturn|p2a: Kyurem|Protect
|move|p1a: Gliscor|Protect||[still]
|-fail|p1a: Gliscor
|
|-heal|p1a: Gliscor|69/100 tox|[from] ability: Poison Heal
|upkeep
|turn|15
|
|t:|1769422311
|switch|p1a: Alomomola|Alomomola, F|100/100
|move|p2a: Kyurem|Freeze-Dry|p1a: Alomomola
|-supereffective|p1a: Alomomola
|-damage|p1a: Alomomola|40/100
|
|upkeep
|turn|16
|
|t:|1769422318
|switch|p1a: Blissey|Blissey, F|89/100
|move|p2a: Kyurem|Freeze-Dry|p1a: Blissey
|-damage|p1a: Blissey|77/100
|
|-heal|p1a: Blissey|83/100|[from] item: Leftovers
|upkeep
|turn|17
|
|t:|1769422326
|switch|p2a: Iron Treads|Iron Treads|100/100
|-damage|p2a: Iron Treads|84/100|[from] Spikes
|-damage|p2a: Iron Treads|81/100|[from] Stealth Rock
|move|p1a: Blissey|Seismic Toss|p2a: Iron Treads
|-damage|p2a: Iron Treads|55/100
|
|-heal|p2a: Iron Treads|61/100|[from] item: Leftovers
|-heal|p1a: Blissey|89/100|[from] item: Leftovers
|upkeep
|turn|18
|
|t:|1769422334
|move|p2a: Iron Treads|Rapid Spin|p1a: Blissey
|-damage|p1a: Blissey|78/100
|-boost|p2a: Iron Treads|spe|1
|-sideend|p2: reversetracebaxks|Spikes|[from] move: Rapid Spin|[of] p2a: Iron Treads
|-sideend|p2: reversetracebaxks|Stealth Rock|[from] move: Rapid Spin|[of] p2a: Iron Treads
|move|p1a: Blissey|Flamethrower|p2a: Iron Treads
|-supereffective|p2a: Iron Treads
|-damage|p2a: Iron Treads|35/100
|
|-heal|p2a: Iron Treads|41/100|[from] item: Leftovers
|-heal|p1a: Blissey|84/100|[from] item: Leftovers
|upkeep
|turn|19
|
|t:|1769422345
|switch|p1a: Gliscor|Gliscor, F, tera:Fairy|69/100 tox
|move|p2a: Iron Treads|Stealth Rock|p1a: Gliscor
|-sidestart|p1: ManInBlack14|move: Stealth Rock
|
|-heal|p2a: Iron Treads|47/100|[from] item: Leftovers
|-heal|p1a: Gliscor|81/100 tox|[from] ability: Poison Heal
|upkeep
|turn|20
|
|t:|1769422354
|move|p2a: Iron Treads|Earthquake|p1a: Gliscor
|-damage|p1a: Gliscor|51/100 tox
|move|p1a: Gliscor|Spikes|p2a: Iron Treads
|-sidestart|p2: reversetracebaxks|Spikes
|
|-heal|p2a: Iron Treads|54/100|[from] item: Leftovers
|-heal|p1a: Gliscor|64/100 tox|[from] ability: Poison Heal
|upkeep
|turn|21
|
|t:|1769422362
|move|p2a: Iron Treads|Rapid Spin|p1a: Gliscor
|-damage|p1a: Gliscor|54/100 tox
|-boost|p2a: Iron Treads|spe|1
|-sideend|p2: reversetracebaxks|Spikes|[from] move: Rapid Spin|[of] p2a: Iron Treads
|move|p1a: Gliscor|Knock Off|p2a: Iron Treads
|-damage|p2a: Iron Treads|39/100
|-enditem|p2a: Iron Treads|Leftovers|[from] move: Knock Off|[of] p1a: Gliscor
|
|-heal|p1a: Gliscor|66/100 tox|[from] ability: Poison Heal
|upkeep
|turn|22
|
|t:|1769422369
|move|p2a: Iron Treads|Earthquake|p1a: Gliscor
|-damage|p1a: Gliscor|37/100 tox
|move|p1a: Gliscor|Spikes|p2a: Iron Treads
|-sidestart|p2: reversetracebaxks|Spikes
|
|-heal|p1a: Gliscor|49/100 tox|[from] ability: Poison Heal
|upkeep
|turn|23
|
|t:|1769422374
|move|p1a: Gliscor|Protect|p1a: Gliscor
|-singleturn|p1a: Gliscor|Protect
|move|p2a: Iron Treads|Earthquake|p1a: Gliscor
|-activate|p1a: Gliscor|move: Protect
|
|-heal|p1a: Gliscor|62/100 tox|[from] ability: Poison Heal
|upkeep
|turn|24
|
|t:|1769422378
|switch|p1a: Alomomola|Alomomola, F|74/100
|move|p2a: Iron Treads|Earthquake|p1a: Alomomola
|-damage|p1a: Alomomola|46/100
|
|upkeep
|turn|25
|
|t:|1769422381
|move|p2a: Iron Treads|Rapid Spin|p1a: Alomomola
|-damage|p1a: Alomomola|38/100
|-boost|p2a: Iron Treads|spe|1
|-sideend|p2: reversetracebaxks|Spikes|[from] move: Rapid Spin|[of] p2a: Iron Treads
|move|p1a: Alomomola|Wish|p1a: Alomomola
|
|upkeep
|turn|26
|
|t:|1769422403
|-end|p2a: Iron Treads|Quark Drive|[silent]
|switch|p2a: Kyurem|Kyurem|100/100
|-ability|p2a: Kyurem|Pressure
|move|p1a: Alomomola|Protect||[still]
|-fail|p1a: Alomomola
|
|-heal|p1a: Alomomola|88/100|[from] move: Wish|[wisher] Alomomola
|upkeep
|turn|27
|
|t:|1769422410
|switch|p2a: Primarina|Primarina, M|100/100
|move|p1a: Alomomola|Mirror Coat||[still]
|-fail|p1a: Alomomola
|
|upkeep
|turn|28
|
|t:|1769422413
|move|p1a: Alomomola|Wish|p1a: Alomomola
|move|p2a: Primarina|Substitute|p2a: Primarina
|-start|p2a: Primarina|Substitute
|-damage|p2a: Primarina|76/100
|
|-heal|p2a: Primarina|82/100|[from] item: Leftovers
|upkeep
|turn|29
|
|t:|1769422423
|move|p2a: Primarina|Psychic Noise|p1a: Alomomola
|-resisted|p1a: Alomomola
|-damage|p1a: Alomomola|69/100
|-start|p1a: Alomomola|move: Heal Block
|move|p1a: Alomomola|Mirror Coat|p2a: Primarina
|-end|p2a: Primarina|Substitute
|
|-heal|p2a: Primarina|88/100|[from] item: Leftovers
|upkeep
|turn|30
|
|t:|1769422435
|move|p1a: Alomomola|Flip Turn|p2a: Primarina
|-resisted|p2a: Primarina
|-damage|p2a: Primarina|78/100
|
|t:|1769422438
|switch|p1a: Blissey|Blissey, F|84/100|[from] Flip Turn
|-damage|p1a: Blissey|72/100|[from] Stealth Rock
|move|p2a: Primarina|Substitute|p2a: Primarina
|-start|p2a: Primarina|Substitute
|-damage|p2a: Primarina|53/100
|
|-heal|p2a: Primarina|59/100|[from] item: Leftovers
|-heal|p1a: Blissey|78/100|[from] item: Leftovers
|upkeep
|turn|31
|
|t:|1769422443
|-terastallize|p2a: Primarina|Ghost
|move|p2a: Primarina|Whirlpool|p1a: Blissey
|-damage|p1a: Blissey|72/100
|-activate|p1a: Blissey|move: Whirlpool|[of] p2a: Primarina
|move|p1a: Blissey|Stealth Rock|p2a: Primarina
|-sidestart|p2: reversetracebaxks|move: Stealth Rock
|
|-heal|p2a: Primarina|65/100|[from] item: Leftovers
|-heal|p1a: Blissey|78/100|[from] item: Leftovers
|-damage|p1a: Blissey|65/100|[from] move: Whirlpool|[partiallytrapped]
|upkeep
|turn|32
|
|t:|1769422450
|move|p2a: Primarina|Psychic Noise|p1a: Blissey
|-damage|p1a: Blissey|51/100
|-start|p1a: Blissey|move: Heal Block
|move|p1a: Blissey|Flamethrower|p2a: Primarina
|-activate|p2a: Primarina|move: Substitute|[damage]
|
|-heal|p2a: Primarina|71/100|[from] item: Leftovers
|-damage|p1a: Blissey|39/100|[from] move: Whirlpool|[partiallytrapped]
|upkeep
|turn|33
|c| Niroglift|nahh reverse
|
|t:|1769422457
|move|p2a: Primarina|Moonblast|p1a: Blissey
|-damage|p1a: Blissey|21/100
|move|p1a: Blissey|Flamethrower|p2a: Primarina
|-end|p2a: Primarina|Substitute
|
|-heal|p2a: Primarina|77/100|[from] item: Leftovers
|-damage|p1a: Blissey|9/100|[from] move: Whirlpool|[partiallytrapped]
|-end|p1a: Blissey|move: Heal Block
|upkeep
|turn|34
|c|☆ManInBlack14|lol ofc he says he wont lose to stall with this set
|
|t:|1769422469
|move|p2a: Primarina|Moonblast|p1a: Blissey
|-damage|p1a: Blissey|0 fnt
|faint|p1a: Blissey
|
|-heal|p2a: Primarina|83/100|[from] item: Leftovers
|upkeep
|
|t:|1769422473
|switch|p1a: Clodsire|Clodsire, F|100/100
|turn|35
|
|t:|1769422481
|move|p2a: Primarina|Substitute|p2a: Primarina
|-start|p2a: Primarina|Substitute
|-damage|p2a: Primarina|59/100
|move|p1a: Clodsire|Amnesia|p1a: Clodsire
|-boost|p1a: Clodsire|spd|2
|
|-heal|p2a: Primarina|65/100|[from] item: Leftovers
|upkeep
|turn|36
|
|t:|1769422486
|move|p2a: Primarina|Whirlpool|p1a: Clodsire
|-supereffective|p1a: Clodsire
|-damage|p1a: Clodsire|89/100
|-activate|p1a: Clodsire|move: Whirlpool|[of] p2a: Primarina
|move|p1a: Clodsire|Earthquake|p2a: Primarina
|-end|p2a: Primarina|Substitute
|
|-heal|p2a: Primarina|71/100|[from] item: Leftovers
|-damage|p1a: Clodsire|76/100|[from] move: Whirlpool|[partiallytrapped]
|upkeep
|turn|37
|
|t:|1769422495
|move|p2a: Primarina|Substitute|p2a: Primarina
|-start|p2a: Primarina|Substitute
|-damage|p2a: Primarina|46/100
|move|p1a: Clodsire|Earthquake|p2a: Primarina
|-end|p2a: Primarina|Substitute
|
|-heal|p2a: Primarina|52/100|[from] item: Leftovers
|-damage|p1a: Clodsire|64/100|[from] move: Whirlpool|[partiallytrapped]
|upkeep
|turn|38
|
|t:|1769422501
|move|p2a: Primarina|Psychic Noise|p1a: Clodsire
|-supereffective|p1a: Clodsire
|-damage|p1a: Clodsire|43/100
|-start|p1a: Clodsire|move: Heal Block
|move|p1a: Clodsire|Earthquake|p2a: Primarina
|-damage|p2a: Primarina|19/100
|
|-heal|p2a: Primarina|25/100|[from] item: Leftovers
|-damage|p1a: Clodsire|30/100|[from] move: Whirlpool|[partiallytrapped]
|upkeep
|turn|39
|
|t:|1769422521
|switch|p2a: Meowscarada|Meowscarada, F|100/100
|move|p1a: Clodsire|Earthquake|p2a: Meowscarada
|-resisted|p2a: Meowscarada
|-damage|p2a: Meowscarada|79/100
|
|-end|p1a: Clodsire|Whirlpool|[partiallytrapped]|[silent]
|-end|p1a: Clodsire|move: Heal Block
|upkeep
|turn|40
|
|t:|1769422527
|move|p2a: Meowscarada|Flower Trick|p1a: Clodsire
|-start|p2a: Meowscarada|typechange|Grass|[from] ability: Protean
|-crit|p1a: Clodsire
|-damage|p1a: Clodsire|0 fnt
|faint|p1a: Clodsire
|
|upkeep
|
|t:|1769422532
|switch|p1a: Weezing|Weezing-Galar, M|83/100
|-ability|p1a: Weezing|Neutralizing Gas
|-damage|p1a: Weezing|71/100|[from] Stealth Rock
|turn|41
|
|t:|1769422544
|move|p2a: Meowscarada|U-turn|p1a: Weezing
|-resisted|p1a: Weezing
|-damage|p1a: Weezing|67/100
|
|t:|1769422546
|switch|p2a: Tornadus|Tornadus-Therian, M, shiny|100/100 brn|[from] U-turn
|-damage|p2a: Tornadus|76/100 brn|[from] Stealth Rock
|move|p1a: Weezing|Will-O-Wisp|p2a: Tornadus
|-fail|p2a: Tornadus|brn
|
|-damage|p2a: Tornadus|70/100 brn|[from] brn
|upkeep
|turn|42
|
|t:|1769422551
|move|p2a: Tornadus|Bleakwind Storm|p1a: Weezing
|-damage|p1a: Weezing|21/100
|move|p1a: Weezing|Pain Split|p2a: Tornadus
|-sethp|p2a: Tornadus|44/100 brn|[from] move: Pain Split|[silent]
|-sethp|p1a: Weezing|48/100|[from] move: Pain Split
|
|-damage|p2a: Tornadus|38/100 brn|[from] brn
|upkeep
|turn|43
|
|t:|1769422557
|-end|p1a: Weezing|ability: Neutralizing Gas
|switch|p1a: Alomomola|Alomomola, F|100/100
|move|p2a: Tornadus|U-turn|p1a: Alomomola
|-damage|p1a: Alomomola|96/100
|
|t:|1769422569
|switch|p2a: Primarina|Primarina, M, tera:Ghost|25/100|[from] U-turn
|-damage|p2a: Primarina|13/100|[from] Stealth Rock
|
|-heal|p2a: Primarina|19/100|[from] item: Leftovers
|upkeep
|turn|44
|
|t:|1769422575
|move|p1a: Alomomola|Flip Turn|p2a: Primarina
|-damage|p2a: Primarina|0 fnt
|faint|p2a: Primarina
|
|t:|1769422579
|switch|p1a: Gliscor|Gliscor, F, tera:Fairy|62/100 tox|[from] Flip Turn
|-damage|p1a: Gliscor|49/100 tox|[from] Stealth Rock
|
|-heal|p1a: Gliscor|62/100 tox|[from] ability: Poison Heal
|upkeep
|
|t:|1769422594
|switch|p2a: Kyurem|Kyurem|100/100
|-damage|p2a: Kyurem|75/100|[from] Stealth Rock
|-ability|p2a: Kyurem|Pressure
|turn|45
|
|t:|1769422606
|move|p2a: Kyurem|Substitute|p2a: Kyurem
|-start|p2a: Kyurem|Substitute
|-damage|p2a: Kyurem|50/100
|move|p1a: Gliscor|Spikes|p2a: Kyurem
|-sidestart|p2: reversetracebaxks|Spikes
|
|-heal|p2a: Kyurem|57/100|[from] item: Leftovers
|-heal|p1a: Gliscor|74/100 tox|[from] ability: Poison Heal
|upkeep
|turn|46
|
|t:|1769422614
|move|p2a: Kyurem|Freeze-Dry|p1a: Gliscor
|-damage|p1a: Gliscor|46/100 tox
|move|p1a: Gliscor|Spikes|p2a: Kyurem
|-sidestart|p2: reversetracebaxks|Spikes
|
|-heal|p2a: Kyurem|63/100|[from] item: Leftovers
|-heal|p1a: Gliscor|58/100 tox|[from] ability: Poison Heal
|upkeep
|turn|47
|
|t:|1769422622
|move|p2a: Kyurem|Protect|p2a: Kyurem
|-singleturn|p2a: Kyurem|Protect
|move|p1a: Gliscor|Spikes|p2a: Kyurem
|-sidestart|p2: reversetracebaxks|Spikes
|
|-heal|p2a: Kyurem|69/100|[from] item: Leftovers
|-heal|p1a: Gliscor|71/100 tox|[from] ability: Poison Heal
|upkeep
|turn|48
|
|t:|1769422628
|move|p2a: Kyurem|Earth Power|p1a: Gliscor
|-damage|p1a: Gliscor|44/100 tox
|move|p1a: Gliscor|Toxic||[still]
|-fail|p1a: Gliscor
|
|-heal|p2a: Kyurem|75/100|[from] item: Leftovers
|-heal|p1a: Gliscor|57/100 tox|[from] ability: Poison Heal
|upkeep
|turn|49
|
|t:|1769422634
|switch|p1a: Alomomola|Alomomola, F|100/100
|move|p2a: Kyurem|Earth Power|p1a: Alomomola
|-damage|p1a: Alomomola|74/100
|
|-heal|p2a: Kyurem|81/100|[from] item: Leftovers
|upkeep
|turn|50
|
|t:|1769422642
|move|p2a: Kyurem|Freeze-Dry|p1a: Alomomola
|-supereffective|p1a: Alomomola
|-damage|p1a: Alomomola|13/100
|-status|p1a: Alomomola|frz
|-curestatus|p1a: Alomomola|frz|[msg]
|move|p1a: Alomomola|Mirror Coat|p2a: Kyurem
|-end|p2a: Kyurem|Substitute
|
|-heal|p2a: Kyurem|88/100|[from] item: Leftovers
|upkeep
|turn|51
|
|t:|1769422649
|move|p1a: Alomomola|Protect|p1a: Alomomola
|-singleturn|p1a: Alomomola|Protect
|move|p2a: Kyurem|Freeze-Dry|p1a: Alomomola
|-activate|p1a: Alomomola|move: Protect
|
|-heal|p2a: Kyurem|94/100|[from] item: Leftovers
|upkeep
|turn|52
|
|t:|1769422654
|switch|p1a: Gliscor|Gliscor, F, tera:Fairy|57/100 tox
|-damage|p1a: Gliscor|44/100 tox|[from] Stealth Rock
|move|p2a: Kyurem|Earth Power|p1a: Gliscor
|-damage|p1a: Gliscor|17/100 tox
|
|-heal|p2a: Kyurem|99/100|[from] item: Leftovers
|-heal|p1a: Gliscor|29/100 tox|[from] ability: Poison Heal
|upkeep
|turn|53
|
|t:|1769422661
|move|p1a: Gliscor|Protect|p1a: Gliscor
|-singleturn|p1a: Gliscor|Protect
|move|p2a: Kyurem|Substitute|p2a: Kyurem
|-start|p2a: Kyurem|Substitute
|-damage|p2a: Kyurem|75/100
|
|-heal|p2a: Kyurem|81/100|[from] item: Leftovers
|-heal|p1a: Gliscor|42/100 tox|[from] ability: Poison Heal
|upkeep
|turn|54
|
|t:|1769422668
|move|p2a: Kyurem|Earth Power|p1a: Gliscor
|-damage|p1a: Gliscor|18/100 tox
|move|p1a: Gliscor|Knock Off|p2a: Kyurem
|-activate|p2a: Kyurem|move: Substitute|[damage]
|
|-heal|p2a: Kyurem|87/100|[from] item: Leftovers
|-heal|p1a: Gliscor|30/100 tox|[from] ability: Poison Heal
|upkeep
|turn|55
|
|t:|1769422676
|move|p2a: Kyurem|Protect|p2a: Kyurem
|-singleturn|p2a: Kyurem|Protect
|move|p1a: Gliscor|Protect||[still]
|-fail|p1a: Gliscor
|
|-heal|p2a: Kyurem|94/100|[from] item: Leftovers
|-heal|p1a: Gliscor|43/100 tox|[from] ability: Poison Heal
|upkeep
|turn|56
|
|t:|1769422685
|move|p2a: Kyurem|Freeze-Dry|p1a: Gliscor
|-crit|p1a: Gliscor
|-damage|p1a: Gliscor|0 fnt
|faint|p1a: Gliscor
|
|-heal|p2a: Kyurem|99/100|[from] item: Leftovers
|upkeep
|
|t:|1769422688
|switch|p1a: Dondozo|Dondozo, M|100/100
|-damage|p1a: Dondozo|88/100|[from] Stealth Rock
|turn|57
|
|t:|1769422691
|move|p2a: Kyurem|Freeze-Dry|p1a: Dondozo
|-supereffective|p1a: Dondozo
|-damage|p1a: Dondozo|25/100
|move|p1a: Dondozo|Waterfall|p2a: Kyurem
|-resisted|p2a: Kyurem
|-end|p2a: Kyurem|Substitute
|
|-heal|p2a: Kyurem|100/100|[from] item: Leftovers
|-heal|p1a: Dondozo|31/100|[from] item: Leftovers
|upkeep
|turn|58
|-message|ManInBlack14 forfeited.
|
|win|reversetracebaxks
