|j|☆habracadabrah
|j|‽Shynart FR
|t:|1769336602
|gametype|singles
|player|p1|habracadabrah|hugh|1146
|player|p2|Shynart FR|266|1234
|gen|9
|tier|[Gen 9] OU
|rated|
|rule|HP Percentage Mod: HP is shown in percentages
|rule|Endless Battle Clause: Forcing endless battles is banned
|rule|Species Clause: Limit one of each Pokémon
|rule|OHKO Clause: OHKO moves are banned
|rule|Evasion Items Clause: Evasion items are banned
|rule|Evasion Moves Clause: Evasion moves are banned
|rule|Evasion Abilities Clause: Evasion abilities are banned
|rule|Sleep Moves Clause: Sleep-inducing moves are banned
|clearpoke
|poke|p1|Cacturne, M|
|poke|p1|Tyranitar, F|
|poke|p1|Umbreon, M|
|poke|p1|Weavile, M|
|poke|p1|Ninetales-Alola, F|
|poke|p1|Excadrill, F|
|poke|p2|Blissey, F|
|poke|p2|Dondozo, F|
|poke|p2|Gliscor, F|
|poke|p2|Toxapex, M|
|poke|p2|Clefable, M|
|poke|p2|Clodsire, F|
|teampreview
|c|☆habracadabrah|Not this
|inactive|Battle timer is ON: inactive players will automatically lose when time's up. (requested by Shynart FR)
|
|t:|1769336657
|teamsize|p1|6
|teamsize|p2|6
|start
|switch|p1a: Tyranitar|Tyranitar, F|100/100
|switch|p2a: Toxapex|Toxapex, M|100/100
|-weather|Sandstorm|[from] ability: Sand Stream|[of] p1a: Tyranitar
|turn|1
|
|t:|1769336675
|switch|p2a: Dondozo|Dondozo, F|100/100
|move|p1a: Tyranitar|Knock Off|p2a: Dondozo
|-damage|p2a: Dondozo|76/100
|-enditem|p2a: Dondozo|Heavy-Duty Boots|[from] move: Knock Off|[of] p1a: Tyranitar
|
|-weather|Sandstorm|[upkeep]
|-damage|p2a: Dondozo|70/100|[from] Sandstorm
|upkeep
|turn|2
|
|t:|1769336691
|switch|p1a: Cacturne|Cacturne, M|100/100
|move|p2a: Dondozo|Waterfall|p1a: Cacturne
|-immune|p1a: Cacturne|[from] ability: Water Absorb
|
|-weather|Sandstorm|[upkeep]
|-damage|p1a: Cacturne|94/100|[from] Sandstorm
|-damage|p2a: Dondozo|64/100|[from] Sandstorm
|upkeep
|turn|3
|
|t:|1769336704
|switch|p2a: Toxapex|Toxapex, M|100/100
|move|p1a: Cacturne|Focus Blast|p2a: Toxapex
|-resisted|p2a: Toxapex
|-damage|p2a: Toxapex|75/100
|
|-weather|Sandstorm|[upkeep]
|-damage|p1a: Cacturne|88/100|[from] Sandstorm
|-damage|p2a: Toxapex|69/100|[from] Sandstorm
|upkeep
|turn|4
|
|t:|1769336719
|switch|p1a: Excadrill|Excadrill, F|100/100
|-item|p1a: Excadrill|Air Balloon
|move|p2a: Toxapex|Toxic Spikes|p1a: Excadrill
|-sidestart|p1: habracadabrah|move: Toxic Spikes
|
|-weather|Sandstorm|[upkeep]
|-damage|p2a: Toxapex|64/100|[from] Sandstorm
|upkeep
|turn|5
|
|t:|1769336728
|move|p2a: Toxapex|Baneful Bunker|p2a: Toxapex
|-singleturn|p2a: Toxapex|move: Protect
|move|p1a: Excadrill|Swords Dance|p1a: Excadrill
|-boost|p1a: Excadrill|atk|2
|
|-weather|none
|upkeep
|turn|6
|
|t:|1769336737
|switch|p2a: Gliscor|Gliscor, F|100/100
|move|p1a: Excadrill|Earthquake|p2a: Gliscor
|-immune|p2a: Gliscor
|
|-status|p2a: Gliscor|tox|[from] item: Toxic Orb
|upkeep
|turn|7
|
|t:|1769336746
|move|p1a: Excadrill|Iron Head|p2a: Gliscor
|-damage|p2a: Gliscor|43/100 tox
|move|p2a: Gliscor|Knock Off|p1a: Excadrill
|-damage|p1a: Excadrill|70/100
|-enditem|p1a: Excadrill|Air Balloon
|
|-heal|p2a: Gliscor|55/100 tox|[from] ability: Poison Heal
|upkeep
|turn|8
|
|t:|1769336756
|move|p1a: Excadrill|Iron Head|p2a: Gliscor
|-damage|p2a: Gliscor|0 fnt
|faint|p2a: Gliscor
|
|upkeep
|
|t:|1769336762
|switch|p2a: Clodsire|Clodsire, F|100/100
|turn|9
|-message|Shynart FR forfeited.
|
|win|habracadabrah
|raw|habracadabrah's rating: 1146 &rarr; <strong>1177</strong><br />(+31 for winning)
|raw|Shynart FR's rating: 1234 &rarr; <strong>1203</strong><br />(-31 for losing)
|l|‽Shynart FR
|player|p2|
|l|☆habracadabrah
|player|p1|
