|badge|p2|bronze|gen9uu|100-8
|uhtml|medal-msg|<div class="broadcast-blue">Curious what those medals under the avatar are? PS now has Ladder Seasons! For more information, check out the <a href="https://www.smogon.com/forums/threads/3740067/">thread on Smogon.</a></div>
|j|☆Niroglift
|j|☆damorush
|t:|1769419840
|gametype|singles
|player|p1|Niroglift|emmet|1699
|player|p2|damorush|169|1632
|gen|9
|tier|[Gen 9] OU
|rated|
|rule|HP Percentage Mod: HP is shown in percentages
|rule|Endless Battle Clause: Forcing endless battles is banned
|rule|Species Clause: Limit one of each Pokémon
|rule|OHKO Clause: OHKO moves are banned
|rule|Evasion Items Clause: Evasion items are banned
|rule|Evasion Moves Clause: Evasion moves are banned
|rule|Evasion Abilities Clause: Evasion abilities are banned
|rule|Sleep Moves Clause: Sleep-inducing moves are banned
|clearpoke
|poke|p1|Clodsire, F|
|poke|p1|Gliscor, M|
|poke|p1|Weezing-Galar, M|
|poke|p1|Dondozo, M|
|poke|p1|Corviknight, M|
|poke|p1|Blissey, F|
|poke|p2|Glimmora, F|
|poke|p2|Iron Valiant|
|poke|p2|Dragonite, F|
|poke|p2|Gholdengo|
|poke|p2|Kyurem|
|poke|p2|Kingambit, M|
|teampreview
|
|t:|1769419848
|teamsize|p1|6
|teamsize|p2|6
|start
|switch|p1a: Da Scor|Gliscor, M|100/100
|switch|p2a: Glimmora|Glimmora, F|100/100
|turn|1
|
|t:|1769419856
|move|p2a: Glimmora|Stealth Rock|p1a: Da Scor
|-sidestart|p1: Niroglift|move: Stealth Rock
|move|p1a: Da Scor|Knock Off|p2a: Glimmora
|-damage|p2a: Glimmora|77/100
|-activate|p2a: Glimmora|ability: Toxic Debris
|-sidestart|p1: Niroglift|move: Toxic Spikes
|-enditem|p2a: Glimmora|Focus Sash|[from] move: Knock Off|[of] p1a: Da Scor
|
|-status|p1a: Da Scor|tox|[from] item: Toxic Orb
|upkeep
|turn|2
|
|t:|1769419863
|switch|p1a: Da Cloddening|Clodsire, F, shiny|100/100
|-damage|p1a: Da Cloddening|94/100|[from] Stealth Rock
|-sideend|p1: Niroglift|move: Toxic Spikes|[of] p1a: Da Cloddening
|move|p2a: Glimmora|Power Gem|p1a: Da Cloddening
|-resisted|p1a: Da Cloddening
|-damage|p1a: Da Cloddening|84/100
|
|-heal|p1a: Da Cloddening|90/100|[from] item: Leftovers
|upkeep
|turn|3
|
|t:|1769419867
|move|p2a: Glimmora|Earth Power|p1a: Da Cloddening
|-supereffective|p1a: Da Cloddening
|-damage|p1a: Da Cloddening|58/100
|move|p1a: Da Cloddening|Bulldoze|p2a: Glimmora
|-supereffective|p2a: Glimmora
|-damage|p2a: Glimmora|0 fnt
|-activate|p2a: Glimmora|ability: Toxic Debris
|-sidestart|p1: Niroglift|move: Toxic Spikes
|faint|p2a: Glimmora
|
|-heal|p1a: Da Cloddening|65/100|[from] item: Leftovers
|upkeep
|
|t:|1769419873
|switch|p2a: Kyurem|Kyurem|100/100
|-ability|p2a: Kyurem|Pressure
|turn|4
|
|t:|1769419876
|switch|p1a: Weezing|Weezing-Galar, M|100/100
|-ability|p1a: Weezing|Neutralizing Gas
|-sideend|p1: Niroglift|move: Toxic Spikes|[of] p1a: Weezing
|move|p2a: Kyurem|Icicle Spear|p1a: Weezing
|-damage|p1a: Weezing|92/100
|-damage|p1a: Weezing|84/100
|-damage|p1a: Weezing|75/100
|-damage|p1a: Weezing|66/100
|-crit|p1a: Weezing
|-damage|p1a: Weezing|53/100
|-hitcount|p1a: Weezing|5
|
|upkeep
|turn|5
|
|t:|1769419890
|-end|p1a: Weezing|ability: Neutralizing Gas
|-ability|p2a: Kyurem|Pressure
|switch|p1a: Corviknight|Corviknight, M, shiny|100/100
|-damage|p1a: Corviknight|88/100|[from] Stealth Rock
|-ability|p1a: Corviknight|Pressure
|-terastallize|p2a: Kyurem|Fire
|move|p2a: Kyurem|Icicle Spear|p1a: Corviknight
|-damage|p1a: Corviknight|79/100
|-damage|p1a: Corviknight|72/100
|-damage|p1a: Corviknight|64/100
|-crit|p1a: Corviknight
|-damage|p1a: Corviknight|51/100
|-damage|p1a: Corviknight|44/100
|-hitcount|p1a: Corviknight|5
|
|-heal|p1a: Corviknight|50/100|[from] item: Leftovers
|upkeep
|turn|6
|
|t:|1769419902
|switch|p1a: Dondozo|Dondozo, M|100/100
|-damage|p1a: Dondozo|88/100|[from] Stealth Rock
|move|p2a: Kyurem|Dragon Dance|p2a: Kyurem
|-boost|p2a: Kyurem|atk|1
|-boost|p2a: Kyurem|spe|1
|
|-heal|p1a: Dondozo|94/100|[from] item: Leftovers
|upkeep
|turn|7
|
|t:|1769419904
|switch|p2a: Gholdengo|Gholdengo|100/100
|-item|p2a: Gholdengo|Air Balloon
|move|p1a: Dondozo|Curse|p1a: Dondozo
|-unboost|p1a: Dondozo|spe|1
|-boost|p1a: Dondozo|atk|1
|-boost|p1a: Dondozo|def|1
|
|-heal|p1a: Dondozo|99/100|[from] item: Leftovers
|upkeep
|turn|8
|
|t:|1769419908
|move|p2a: Gholdengo|Shadow Ball|p1a: Dondozo
|-damage|p1a: Dondozo|60/100
|move|p1a: Dondozo|Waterfall|p2a: Gholdengo
|-damage|p2a: Gholdengo|57/100
|-enditem|p2a: Gholdengo|Air Balloon
|
|-heal|p1a: Dondozo|66/100|[from] item: Leftovers
|upkeep
|turn|9
|
|t:|1769419928
|switch|p1a: Weezing|Weezing-Galar, M|53/100
|-ability|p1a: Weezing|Neutralizing Gas
|move|p2a: Gholdengo|Nasty Plot|p2a: Gholdengo
|-boost|p2a: Gholdengo|spa|2
|
|upkeep
|turn|10
|
|t:|1769419938
|move|p2a: Gholdengo|Shadow Ball|p1a: Weezing
|-damage|p1a: Weezing|0 fnt
|faint|p1a: Weezing
|-end|p1a: Weezing|ability: Neutralizing Gas
|
|upkeep
|
|t:|1769419940
|switch|p1a: Da Cloddening|Clodsire, F, shiny|65/100
|-damage|p1a: Da Cloddening|58/100|[from] Stealth Rock
|turn|11
|
|t:|1769419952
|switch|p2a: Kyurem|Kyurem, tera:Fire|100/100
|-ability|p2a: Kyurem|Pressure
|-terastallize|p1a: Da Cloddening|Dark
|move|p1a: Da Cloddening|Recover|p1a: Da Cloddening
|-heal|p1a: Da Cloddening|100/100
|
|upkeep
|turn|12
|
|t:|1769419958
|switch|p1a: Dondozo|Dondozo, M|66/100
|-damage|p1a: Dondozo|53/100|[from] Stealth Rock
|move|p2a: Kyurem|Icicle Spear|p1a: Dondozo
|-resisted|p1a: Dondozo
|-damage|p1a: Dondozo|51/100
|-resisted|p1a: Dondozo
|-damage|p1a: Dondozo|48/100
|-resisted|p1a: Dondozo
|-damage|p1a: Dondozo|45/100
|-resisted|p1a: Dondozo
|-damage|p1a: Dondozo|42/100
|-hitcount|p1a: Dondozo|4
|
|-heal|p1a: Dondozo|48/100|[from] item: Leftovers
|upkeep
|turn|13
|
|t:|1769419961
|move|p2a: Kyurem|Scale Shot|p1a: Dondozo
|-damage|p1a: Dondozo|43/100
|-damage|p1a: Dondozo|37/100
|-damage|p1a: Dondozo|31/100
|-damage|p1a: Dondozo|25/100
|-damage|p1a: Dondozo|20/100
|-hitcount|p1a: Dondozo|5
|-unboost|p2a: Kyurem|def|1
|-boost|p2a: Kyurem|spe|1
|move|p1a: Dondozo|Rest|p1a: Dondozo
|-status|p1a: Dondozo|slp|[from] move: Rest
|-heal|p1a: Dondozo|100/100 slp|[silent]
|
|upkeep
|turn|14
|
|t:|1769419965
|switch|p2a: Gholdengo|Gholdengo|57/100
|cant|p1a: Dondozo|slp
|move|p1a: Dondozo|Sleep Talk|p1a: Dondozo
|move|p1a: Dondozo|Waterfall|p2a: Gholdengo|[from] move: Sleep Talk
|-damage|p2a: Gholdengo|27/100
|
|upkeep
|turn|15
|
|t:|1769419969
|switch|p1a: Blissey|Blissey, F|100/100
|-damage|p1a: Blissey|88/100|[from] Stealth Rock
|move|p2a: Gholdengo|Shadow Ball|p1a: Blissey
|-immune|p1a: Blissey
|
|-heal|p1a: Blissey|94/100|[from] item: Leftovers
|upkeep
|turn|16
|
|t:|1769419973
|switch|p1a: Da Cloddening|Clodsire, F, shiny, tera:Dark|100/100
|-damage|p1a: Da Cloddening|88/100|[from] Stealth Rock
|move|p2a: Gholdengo|Nasty Plot|p2a: Gholdengo
|-boost|p2a: Gholdengo|spa|2
|
|-heal|p1a: Da Cloddening|94/100|[from] item: Leftovers
|upkeep
|turn|17
|
|t:|1769419975
|move|p2a: Gholdengo|Dazzling Gleam|p1a: Da Cloddening
|-supereffective|p1a: Da Cloddening
|-damage|p1a: Da Cloddening|62/100
|move|p1a: Da Cloddening|Amnesia|p1a: Da Cloddening
|-boost|p1a: Da Cloddening|spd|2
|
|-heal|p1a: Da Cloddening|68/100|[from] item: Leftovers
|upkeep
|turn|18
|
|t:|1769419982
|switch|p2a: Kingambit|Kingambit, M|100/100
|-activate|p2a: Kingambit|ability: Supreme Overlord
|-start|p2a: Kingambit|fallen1|[silent]
|move|p1a: Da Cloddening|Recover|p1a: Da Cloddening
|-heal|p1a: Da Cloddening|100/100
|
|upkeep
|turn|19
|
|t:|1769419988
|switch|p1a: Dondozo|Dondozo, M|100/100 slp
|-damage|p1a: Dondozo|88/100 slp|[from] Stealth Rock
|move|p2a: Kingambit|Swords Dance|p2a: Kingambit
|-boost|p2a: Kingambit|atk|2
|
|-heal|p1a: Dondozo|94/100 slp|[from] item: Leftovers
|upkeep
|turn|20
|
|t:|1769419990
|move|p2a: Kingambit|Kowtow Cleave|p1a: Dondozo
|-damage|p1a: Dondozo|69/100 slp
|cant|p1a: Dondozo|slp
|move|p1a: Dondozo|Sleep Talk|p1a: Dondozo
|move|p1a: Dondozo|Rest||[from] move: Sleep Talk|[still]
|-fail|p1a: Dondozo
|
|-heal|p1a: Dondozo|75/100 slp|[from] item: Leftovers
|upkeep
|turn|21
|j| 0us
|
|t:|1769419995
|move|p2a: Kingambit|Kowtow Cleave|p1a: Dondozo
|-damage|p1a: Dondozo|50/100 slp
|-curestatus|p1a: Dondozo|slp|[msg]
|move|p1a: Dondozo|Curse|p1a: Dondozo
|-unboost|p1a: Dondozo|spe|1
|-boost|p1a: Dondozo|atk|1
|-boost|p1a: Dondozo|def|1
|
|-heal|p1a: Dondozo|56/100|[from] item: Leftovers
|upkeep
|turn|22
|
|t:|1769420001
|-end|p2a: Kingambit|fallen1|[silent]
|switch|p2a: Gholdengo|Gholdengo|27/100
|move|p1a: Dondozo|Rest|p1a: Dondozo
|-status|p1a: Dondozo|slp|[from] move: Rest
|-heal|p1a: Dondozo|100/100 slp|[silent]
|
|upkeep
|turn|23
|
|t:|1769420008
|switch|p1a: Da Scor|Gliscor, M|100/100 tox
|-damage|p1a: Da Scor|88/100 tox|[from] Stealth Rock
|move|p2a: Gholdengo|Shadow Ball|p1a: Da Scor
|-damage|p1a: Da Scor|50/100 tox
|
|-heal|p1a: Da Scor|62/100 tox|[from] ability: Poison Heal
|upkeep
|turn|24
|
|t:|1769420013
|move|p2a: Gholdengo|Nasty Plot|p2a: Gholdengo
|-boost|p2a: Gholdengo|spa|2
|move|p1a: Da Scor|Spikes|p2a: Gholdengo
|-sidestart|p2: damorush|Spikes
|
|-heal|p1a: Da Scor|75/100 tox|[from] ability: Poison Heal
|upkeep
|turn|25
|
|t:|1769420017
|move|p1a: Da Scor|Protect|p1a: Da Scor
|-singleturn|p1a: Da Scor|Protect
|move|p2a: Gholdengo|Dazzling Gleam|p1a: Da Scor
|-activate|p1a: Da Scor|move: Protect
|
|-heal|p1a: Da Scor|87/100 tox|[from] ability: Poison Heal
|upkeep
|turn|26
|
|t:|1769420022
|move|p2a: Gholdengo|Dazzling Gleam|p1a: Da Scor
|-damage|p1a: Da Scor|39/100 tox
|move|p1a: Da Scor|Spikes|p2a: Gholdengo
|-sidestart|p2: damorush|Spikes
|
|-heal|p1a: Da Scor|51/100 tox|[from] ability: Poison Heal
|upkeep
|turn|27
|
|t:|1769420025
|move|p1a: Da Scor|Protect|p1a: Da Scor
|-singleturn|p1a: Da Scor|Protect
|move|p2a: Gholdengo|Dazzling Gleam|p1a: Da Scor
|-activate|p1a: Da Scor|move: Protect
|
|-heal|p1a: Da Scor|64/100 tox|[from] ability: Poison Heal
|upkeep
|turn|28
|l| 0us
|
|t:|1769420029
|switch|p1a: Da Cloddening|Clodsire, F, shiny, tera:Dark|100/100
|-damage|p1a: Da Cloddening|88/100|[from] Stealth Rock
|move|p2a: Gholdengo|Dazzling Gleam|p1a: Da Cloddening
|-supereffective|p1a: Da Cloddening
|-damage|p1a: Da Cloddening|57/100
|
|-heal|p1a: Da Cloddening|64/100|[from] item: Leftovers
|upkeep
|turn|29
|
|t:|1769420047
|move|p2a: Gholdengo|Dazzling Gleam|p1a: Da Cloddening
|-supereffective|p1a: Da Cloddening
|-damage|p1a: Da Cloddening|34/100
|move|p1a: Da Cloddening|Recover|p1a: Da Cloddening
|-heal|p1a: Da Cloddening|84/100
|
|-heal|p1a: Da Cloddening|90/100|[from] item: Leftovers
|upkeep
|turn|30
|
|t:|1769420050
|move|p2a: Gholdengo|Dazzling Gleam|p1a: Da Cloddening
|-supereffective|p1a: Da Cloddening
|-damage|p1a: Da Cloddening|63/100
|move|p1a: Da Cloddening|Amnesia|p1a: Da Cloddening
|-boost|p1a: Da Cloddening|spd|2
|
|-heal|p1a: Da Cloddening|69/100|[from] item: Leftovers
|upkeep
|turn|31
|
|t:|1769420054
|move|p2a: Gholdengo|Dazzling Gleam|p1a: Da Cloddening
|-supereffective|p1a: Da Cloddening
|-damage|p1a: Da Cloddening|54/100
|move|p1a: Da Cloddening|Recover|p1a: Da Cloddening
|-heal|p1a: Da Cloddening|100/100
|
|upkeep
|turn|32
|
|t:|1769420059
|move|p2a: Gholdengo|Dazzling Gleam|p1a: Da Cloddening
|-supereffective|p1a: Da Cloddening
|-damage|p1a: Da Cloddening|84/100
|move|p1a: Da Cloddening|Amnesia|p1a: Da Cloddening
|-boost|p1a: Da Cloddening|spd|2
|
|-heal|p1a: Da Cloddening|90/100|[from] item: Leftovers
|upkeep
|turn|33
|
|t:|1769420062
|move|p2a: Gholdengo|Dazzling Gleam|p1a: Da Cloddening
|-supereffective|p1a: Da Cloddening
|-damage|p1a: Da Cloddening|79/100
|move|p1a: Da Cloddening|Bulldoze|p2a: Gholdengo
|-supereffective|p2a: Gholdengo
|-damage|p2a: Gholdengo|0 fnt
|faint|p2a: Gholdengo
|
|-heal|p1a: Da Cloddening|85/100|[from] item: Leftovers
|upkeep
|
|t:|1769420067
|switch|p2a: Kyurem|Kyurem, tera:Fire|100/100
|-damage|p2a: Kyurem|84/100|[from] Spikes
|-ability|p2a: Kyurem|Pressure
|turn|34
|
|t:|1769420071
|switch|p1a: Dondozo|Dondozo, M|100/100 slp
|-damage|p1a: Dondozo|88/100 slp|[from] Stealth Rock
|move|p2a: Kyurem|Scale Shot|p1a: Dondozo
|-damage|p1a: Dondozo|82/100 slp
|-damage|p1a: Dondozo|76/100 slp
|-damage|p1a: Dondozo|71/100 slp
|-damage|p1a: Dondozo|65/100 slp
|-hitcount|p1a: Dondozo|4
|-unboost|p2a: Kyurem|def|1
|-boost|p2a: Kyurem|spe|1
|
|-heal|p1a: Dondozo|72/100 slp|[from] item: Leftovers
|upkeep
|turn|35
|
|t:|1769420074
|switch|p2a: Iron Valiant|Iron Valiant|100/100
|-damage|p2a: Iron Valiant|84/100|[from] Spikes
|-enditem|p2a: Iron Valiant|Booster Energy
|-activate|p2a: Iron Valiant|ability: Quark Drive|[fromitem]
|-start|p2a: Iron Valiant|quarkdrivespe
|cant|p1a: Dondozo|slp
|move|p1a: Dondozo|Sleep Talk|p1a: Dondozo
|move|p1a: Dondozo|Rest||[from] move: Sleep Talk|[still]
|-fail|p1a: Dondozo
|
|-heal|p1a: Dondozo|78/100 slp|[from] item: Leftovers
|upkeep
|turn|36
|
|t:|1769420079
|switch|p1a: Da Scor|Gliscor, M|64/100 tox
|-damage|p1a: Da Scor|51/100 tox|[from] Stealth Rock
|move|p2a: Iron Valiant|Calm Mind|p2a: Iron Valiant
|-boost|p2a: Iron Valiant|spa|1
|-boost|p2a: Iron Valiant|spd|1
|
|-heal|p1a: Da Scor|64/100 tox|[from] ability: Poison Heal
|upkeep
|turn|37
|
|t:|1769420081
|move|p1a: Da Scor|Protect|p1a: Da Scor
|-singleturn|p1a: Da Scor|Protect
|move|p2a: Iron Valiant|Moonblast|p1a: Da Scor
|-activate|p1a: Da Scor|move: Protect
|
|-heal|p1a: Da Scor|76/100 tox|[from] ability: Poison Heal
|upkeep
|turn|38
|
|t:|1769420084
|move|p2a: Iron Valiant|Moonblast|p1a: Da Scor
|-damage|p1a: Da Scor|16/100 tox
|move|p1a: Da Scor|Toxic|p2a: Iron Valiant
|-status|p2a: Iron Valiant|tox
|
|-damage|p2a: Iron Valiant|78/100 tox|[from] psn
|-heal|p1a: Da Scor|28/100 tox|[from] ability: Poison Heal
|upkeep
|turn|39
|
|t:|1769420088
|switch|p1a: Blissey|Blissey, F|94/100
|-damage|p1a: Blissey|82/100|[from] Stealth Rock
|move|p2a: Iron Valiant|Moonblast|p1a: Blissey
|-damage|p1a: Blissey|62/100
|-unboost|p1a: Blissey|spa|1
|
|-heal|p1a: Blissey|68/100|[from] item: Leftovers
|-damage|p2a: Iron Valiant|65/100 tox|[from] psn
|upkeep
|turn|40
|-message|damorush forfeited.
|
|win|Niroglift
|raw|Niroglift's rating: 1699 &rarr; <strong>1715</strong><br />(+16 for winning)
|raw|damorush's rating: 1632 &rarr; <strong>1616</strong><br />(-16 for losing)
|l|☆damorush
|player|p2|
