|j|☆awerpc
|j|☆averagealt99
|t:|1769362386
|gametype|singles
|player|p1|awerpc|2|1158
|player|p2|averagealt99|acetrainerf-gen4dp|1198
|gen|9
|tier|[Gen 9] OU
|rated|
|rule|HP Percentage Mod: HP is shown in percentages
|rule|Endless Battle Clause: Forcing endless battles is banned
|rule|Species Clause: Limit one of each Pokémon
|rule|OHKO Clause: OHKO moves are banned
|rule|Evasion Items Clause: Evasion items are banned
|rule|Evasion Moves Clause: Evasion moves are banned
|rule|Evasion Abilities Clause: Evasion abilities are banned
|rule|Sleep Moves Clause: Sleep-inducing moves are banned
|clearpoke
|poke|p1|Cinderace, F|
|poke|p1|Mandibuzz, F|
|poke|p1|Excadrill, F|
|poke|p1|Primarina, M|
|poke|p1|Dragapult, M|
|poke|p1|Rillaboom, M|
|poke|p2|Pelipper, M|
|poke|p2|Samurott-Hisui, F|
|poke|p2|Hatterene, F|
|poke|p2|Poliwrath, F|
|poke|p2|Dragalge, F|
|poke|p2|Thundurus-Therian, M|
|teampreview
|
|t:|1769362390
|teamsize|p1|6
|teamsize|p2|6
|start
|switch|p1a: Cinderace|Cinderace, F|100/100
|switch|p2a: Pelipper|Pelipper, M|100/100
|-weather|RainDance|[from] ability: Drizzle|[of] p2a: Pelipper
|turn|1
|
|t:|1769362401
|move|p1a: Cinderace|U-turn|p2a: Pelipper
|-start|p1a: Cinderace|typechange|Bug|[from] ability: Libero
|-resisted|p2a: Pelipper
|-damage|p2a: Pelipper|86/100
|
|t:|1769362406
|switch|p1a: Dragapult|Dragapult, M|100/100|[from] U-turn
|move|p2a: Pelipper|U-turn|p1a: Dragapult
|-resisted|p1a: Dragapult
|-damage|p1a: Dragapult|94/100
|
|t:|1769362410
|switch|p2a: Samurott|Samurott-Hisui, F|100/100|[from] U-turn
|
|-weather|RainDance|[upkeep]
|upkeep
|turn|2
|
|t:|1769362418
|move|p1a: Dragapult|Thunderbolt|p2a: Samurott
|-supereffective|p2a: Samurott
|-damage|p2a: Samurott|34/100
|move|p2a: Samurott|Knock Off|p1a: Dragapult
|-supereffective|p1a: Dragapult
|-damage|p1a: Dragapult|2/100
|-enditem|p1a: Dragapult|Choice Specs|[from] move: Knock Off|[of] p2a: Samurott
|
|-weather|RainDance|[upkeep]
|upkeep
|turn|3
|
|t:|1769362428
|switch|p2a: Thundurus|Thundurus-Therian, M|100/100
|move|p1a: Dragapult|Thunderbolt|p2a: Thundurus
|-immune|p2a: Thundurus|[from] ability: Volt Absorb
|
|-weather|RainDance|[upkeep]
|upkeep
|turn|4
|
|t:|1769362449
|move|p2a: Thundurus|U-turn|p1a: Dragapult
|-resisted|p1a: Dragapult
|-damage|p1a: Dragapult|0 fnt
|faint|p1a: Dragapult
|inactive|Battle timer is ON: inactive players will automatically lose when time's up. (requested by averagealt99)
|
|t:|1769362457
|switch|p2a: Samurott|Samurott-Hisui, F|34/100|[from] U-turn
|
|-weather|RainDance|[upkeep]
|upkeep
|
|t:|1769362463
|switch|p1a: Cinderace|Cinderace, F|100/100
|turn|5
|
|t:|1769362468
|switch|p2a: Thundurus|Thundurus-Therian, M|100/100
|move|p1a: Cinderace|U-turn|p2a: Thundurus
|-start|p1a: Cinderace|typechange|Bug|[from] ability: Libero
|-resisted|p2a: Thundurus
|-damage|p2a: Thundurus|76/100
|
|t:|1769362483
|switch|p1a: Excadrill|Excadrill, F|100/100|[from] U-turn
|-ability|p1a: Excadrill|Mold Breaker
|
|-weather|RainDance|[upkeep]
|upkeep
|turn|6
|
|t:|1769362491
|move|p2a: Thundurus|Weather Ball|p1a: Excadrill
|-supereffective|p1a: Excadrill
|-enditem|p1a: Excadrill|Focus Sash
|-damage|p1a: Excadrill|1/100
|move|p1a: Excadrill|Stealth Rock|p2a: Thundurus
|-sidestart|p2: averagealt99|move: Stealth Rock
|
|-weather|RainDance|[upkeep]
|upkeep
|turn|7
|
|t:|1769362513
|move|p2a: Thundurus|Weather Ball|p1a: Excadrill
|-supereffective|p1a: Excadrill
|-damage|p1a: Excadrill|0 fnt
|faint|p1a: Excadrill
|
|-weather|RainDance|[upkeep]
|upkeep
|
|t:|1769362520
|switch|p1a: Rillaboom|Rillaboom, M|100/100
|-fieldstart|move: Grassy Terrain|[from] ability: Grassy Surge|[of] p1a: Rillaboom
|turn|8
|
|t:|1769362525
|switch|p2a: Dragalge|Dragalge, F, shiny|100/100
|move|p1a: Rillaboom|Grassy Glide|p2a: Dragalge
|-resisted|p2a: Dragalge
|-damage|p2a: Dragalge|83/100
|
|-weather|none
|-heal|p2a: Dragalge|89/100|[from] Grassy Terrain
|upkeep
|turn|9
|
|t:|1769362535
|switch|p1a: Mandibuzz|Mandibuzz, F, shiny|100/100
|move|p2a: Dragalge|Sludge Bomb|p1a: Mandibuzz
|-damage|p1a: Mandibuzz|49/100
|
|-heal|p2a: Dragalge|95/100|[from] Grassy Terrain
|upkeep
|turn|10
|
|t:|1769362548
|move|p1a: Mandibuzz|Roost|p1a: Mandibuzz
|-heal|p1a: Mandibuzz|99/100
|-singleturn|p1a: Mandibuzz|move: Roost
|move|p2a: Dragalge|Flip Turn|p1a: Mandibuzz
|-damage|p1a: Mandibuzz|94/100
|-damage|p2a: Dragalge|78/100|[from] item: Rocky Helmet|[of] p1a: Mandibuzz
|
|t:|1769362555
|switch|p2a: Samurott|Samurott-Hisui, F|34/100|[from] Flip Turn
|-damage|p2a: Samurott|21/100|[from] Stealth Rock
|
|-heal|p2a: Samurott|28/100|[from] Grassy Terrain
|-heal|p1a: Mandibuzz|100/100|[from] Grassy Terrain
|upkeep
|turn|11
|
|t:|1769362564
|move|p2a: Samurott|Knock Off|p1a: Mandibuzz
|-resisted|p1a: Mandibuzz
|-crit|p1a: Mandibuzz
|-damage|p1a: Mandibuzz|87/100
|-damage|p2a: Samurott|11/100|[from] item: Rocky Helmet|[of] p1a: Mandibuzz
|-enditem|p1a: Mandibuzz|Rocky Helmet|[from] move: Knock Off|[of] p2a: Samurott
|move|p1a: Mandibuzz|Foul Play|p2a: Samurott
|-resisted|p2a: Samurott
|-damage|p2a: Samurott|0 fnt
|faint|p2a: Samurott
|
|upkeep
|
|t:|1769362580
|switch|p2a: Pelipper|Pelipper, M|86/100
|-damage|p2a: Pelipper|61/100|[from] Stealth Rock
|-weather|RainDance|[from] ability: Drizzle|[of] p2a: Pelipper
|turn|12
|
|t:|1769362586
|move|p1a: Mandibuzz|Foul Play|p2a: Pelipper
|-damage|p2a: Pelipper|43/100
|move|p2a: Pelipper|U-turn|p1a: Mandibuzz
|-damage|p1a: Mandibuzz|81/100
|
|t:|1769362590
|switch|p2a: Thundurus|Thundurus-Therian, M|76/100|[from] U-turn
|-damage|p2a: Thundurus|52/100|[from] Stealth Rock
|
|-weather|RainDance|[upkeep]
|-fieldend|move: Grassy Terrain
|upkeep
|turn|13
|
|t:|1769362605
|switch|p1a: Rillaboom|Rillaboom, M|100/100
|-fieldstart|move: Grassy Terrain|[from] ability: Grassy Surge|[of] p1a: Rillaboom
|move|p2a: Thundurus|Thunder|p1a: Rillaboom
|-resisted|p1a: Rillaboom
|-damage|p1a: Rillaboom|57/100
|
|-weather|RainDance|[upkeep]
|-heal|p1a: Rillaboom|64/100|[from] Grassy Terrain
|upkeep
|turn|14
|
|t:|1769362619
|move|p2a: Thundurus|Thunder|p1a: Rillaboom
|-resisted|p1a: Rillaboom
|-damage|p1a: Rillaboom|17/100
|move|p1a: Rillaboom|Knock Off|p2a: Thundurus
|-damage|p2a: Thundurus|0 fnt
|-enditem|p2a: Thundurus|Choice Scarf|[from] move: Knock Off|[of] p1a: Rillaboom
|faint|p2a: Thundurus
|
|-weather|RainDance|[upkeep]
|-heal|p1a: Rillaboom|23/100|[from] Grassy Terrain
|upkeep
|
|t:|1769362627
|switch|p2a: Poliwrath|Poliwrath, F|100/100
|-damage|p2a: Poliwrath|94/100|[from] Stealth Rock
|turn|15
|
|t:|1769362635
|switch|p1a: Primarina|Primarina, M|100/100
|move|p2a: Poliwrath|Belly Drum|p2a: Poliwrath
|-damage|p2a: Poliwrath|44/100
|-setboost|p2a: Poliwrath|atk|6|[from] move: Belly Drum
|-enditem|p2a: Poliwrath|Sitrus Berry|[eat]
|-heal|p2a: Poliwrath|69/100|[from] item: Sitrus Berry
|
|-weather|RainDance|[upkeep]
|-heal|p2a: Poliwrath|75/100|[from] Grassy Terrain
|upkeep
|turn|16
|
|t:|1769362647
|-terastallize|p2a: Poliwrath|Poison
|move|p2a: Poliwrath|Tera Blast|p1a: Primarina|[anim] Tera Blast Poison
|-supereffective|p1a: Primarina
|-damage|p1a: Primarina|0 fnt
|faint|p1a: Primarina
|
|-weather|RainDance|[upkeep]
|-heal|p2a: Poliwrath|82/100|[from] Grassy Terrain
|upkeep
|inactive|awerpc has 120 seconds left.
|
|t:|1769362687
|switch|p1a: Cinderace|Cinderace, F|100/100
|turn|17
|
|t:|1769362692
|move|p2a: Poliwrath|Liquidation|p1a: Cinderace
|-supereffective|p1a: Cinderace
|-damage|p1a: Cinderace|0 fnt
|faint|p1a: Cinderace
|
|-weather|RainDance|[upkeep]
|-heal|p2a: Poliwrath|88/100|[from] Grassy Terrain
|-fieldend|move: Grassy Terrain
|upkeep
|-message|awerpc forfeited.
|
|win|averagealt99
|raw|awerpc's rating: 1158 &rarr; <strong>1136</strong><br />(-22 for losing)
|raw|averagealt99's rating: 1198 &rarr; <strong>1220</strong><br />(+22 for winning)
|l|☆awerpc
|player|p1|
|l|☆averagealt99
|player|p2|
