|j|☆PARTYKILLER123
|j|☆UR FUKN RAPlST3828
|t:|1769348973
|gametype|singles
|player|p1|PARTYKILLER123|cyclist-gen4|1223
|player|p2|UR FUKN RAPlST3828|170|1246
|gen|9
|tier|[Gen 9] OU
|rated|
|rule|HP Percentage Mod: HP is shown in percentages
|rule|Endless Battle Clause: Forcing endless battles is banned
|rule|Species Clause: Limit one of each Pokémon
|rule|OHKO Clause: OHKO moves are banned
|rule|Evasion Items Clause: Evasion items are banned
|rule|Evasion Moves Clause: Evasion moves are banned
|rule|Evasion Abilities Clause: Evasion abilities are banned
|rule|Sleep Moves Clause: Sleep-inducing moves are banned
|clearpoke
|poke|p1|Ogerpon-Wellspring, F|
|poke|p1|Dragapult, F|
|poke|p1|Thundurus-Therian, M|
|poke|p1|Latios, M|
|poke|p1|Glastrier|
|poke|p1|Zamazenta-*|
|poke|p2|Barraskewda, M|
|poke|p2|Iron Treads|
|poke|p2|Hatterene, F|
|poke|p2|Zapdos|
|poke|p2|Pelipper, M|
|poke|p2|Toxicroak, M|
|teampreview
|inactive|Battle timer is ON: inactive players will automatically lose when time's up. (requested by PARTYKILLER123)
|
|t:|1769348984
|teamsize|p1|6
|teamsize|p2|6
|start
|switch|p1a: Ogerpon|Ogerpon-Wellspring, F|100/100
|switch|p2a: Pelipper|Pelipper, M, shiny|100/100
|-weather|RainDance|[from] ability: Drizzle|[of] p2a: Pelipper
|turn|1
|
|t:|1769348990
|switch|p2a: Toxicroak|Toxicroak, M, shiny|100/100
|move|p1a: Ogerpon|Play Rough|p2a: Toxicroak
|-crit|p2a: Toxicroak
|-damage|p2a: Toxicroak|46/100
|-damage|p1a: Ogerpon|84/100|[from] item: Rocky Helmet|[of] p2a: Toxicroak
|
|-weather|RainDance|[upkeep]
|-heal|p2a: Toxicroak|58/100|[from] ability: Dry Skin
|upkeep
|turn|2
|
|t:|1769348995
|move|p1a: Ogerpon|Ivy Cudgel|p2a: Toxicroak|[anim] Ivy Cudgel Water
|-heal|p2a: Toxicroak|83/100|[from] ability: Dry Skin|[of] p1a: Ogerpon
|move|p2a: Toxicroak|Knock Off|p1a: Ogerpon
|-damage|p1a: Ogerpon|62/100
|
|-weather|RainDance|[upkeep]
|-heal|p2a: Toxicroak|95/100|[from] ability: Dry Skin
|upkeep
|turn|3
|
|t:|1769348999
|move|p1a: Ogerpon|Play Rough|p2a: Toxicroak
|-damage|p2a: Toxicroak|61/100
|-damage|p1a: Ogerpon|45/100|[from] item: Rocky Helmet|[of] p2a: Toxicroak
|move|p2a: Toxicroak|Knock Off|p1a: Ogerpon
|-damage|p1a: Ogerpon|24/100
|
|-weather|RainDance|[upkeep]
|-heal|p2a: Toxicroak|73/100|[from] ability: Dry Skin
|upkeep
|turn|4
|
|t:|1769349002
|move|p1a: Ogerpon|Play Rough|p2a: Toxicroak|[miss]
|-miss|p1a: Ogerpon|p2a: Toxicroak
|move|p2a: Toxicroak|Drain Punch|p1a: Ogerpon
|-damage|p1a: Ogerpon|0 fnt
|-heal|p2a: Toxicroak|83/100|[from] drain|[of] p1a: Ogerpon
|faint|p1a: Ogerpon
|
|-weather|RainDance|[upkeep]
|-heal|p2a: Toxicroak|95/100|[from] ability: Dry Skin
|upkeep
|
|t:|1769349007
|switch|p1a: Latios|Latios, M|100/100
|turn|5
|
|t:|1769349017
|switch|p2a: Hatterene|Hatterene, F, shiny|100/100
|move|p1a: Latios|Calm Mind|p1a: Latios
|-boost|p1a: Latios|spa|1
|-boost|p1a: Latios|spd|1
|
|-weather|RainDance|[upkeep]
|upkeep
|turn|6
|
|t:|1769349024
|move|p1a: Latios|Luster Purge|p2a: Hatterene
|-resisted|p2a: Hatterene
|-damage|p2a: Hatterene|63/100
|-enditem|p2a: Hatterene|Eject Button
|
|t:|1769349028
|switch|p2a: Barraskewda|Barraskewda, M, shiny|100/100
|
|-weather|RainDance|[upkeep]
|upkeep
|turn|7
|
|t:|1769349035
|-terastallize|p2a: Barraskewda|Water
|move|p2a: Barraskewda|Flip Turn|p1a: Latios
|-resisted|p1a: Latios
|-damage|p1a: Latios|28/100
|
|t:|1769349040
|switch|p2a: Hatterene|Hatterene, F, shiny|63/100|[from] Flip Turn
|move|p1a: Latios|Aura Sphere|p2a: Hatterene
|-resisted|p2a: Hatterene
|-damage|p2a: Hatterene|52/100
|
|-weather|RainDance|[upkeep]
|upkeep
|turn|8
|
|t:|1769349043
|move|p1a: Latios|Luster Purge|p2a: Hatterene
|-resisted|p2a: Hatterene
|-damage|p2a: Hatterene|15/100
|-unboost|p2a: Hatterene|spd|1
|move|p2a: Hatterene|Nuzzle|p1a: Latios
|-resisted|p1a: Latios
|-damage|p1a: Latios|25/100
|-status|p1a: Latios|par
|
|-weather|none
|upkeep
|turn|9
|
|t:|1769349048
|move|p1a: Latios|Air Slash|p2a: Hatterene
|-damage|p2a: Hatterene|0 fnt
|faint|p2a: Hatterene
|
|upkeep
|
|t:|1769349051
|switch|p2a: Barraskewda|Barraskewda, M, shiny, tera:Water|100/100
|turn|10
|
|t:|1769349057
|move|p2a: Barraskewda|Flip Turn|p1a: Latios
|-resisted|p1a: Latios
|-damage|p1a: Latios|0 fnt
|faint|p1a: Latios
|
|t:|1769349062
|switch|p2a: Pelipper|Pelipper, M, shiny|100/100|[from] Flip Turn
|-weather|RainDance|[from] ability: Drizzle|[of] p2a: Pelipper
|
|-weather|RainDance|[upkeep]
|upkeep
|
|t:|1769349067
|switch|p1a: Thundurus|Thundurus-Therian, M|100/100
|turn|11
|
|t:|1769349071
|switch|p2a: Iron Treads|Iron Treads, shiny|100/100
|move|p1a: Thundurus|Nasty Plot|p1a: Thundurus
|-boost|p1a: Thundurus|spa|2
|
|-weather|RainDance|[upkeep]
|upkeep
|turn|12
|
|t:|1769349075
|move|p1a: Thundurus|Grass Knot|p2a: Iron Treads
|-damage|p2a: Iron Treads|16/100
|move|p2a: Iron Treads|Rapid Spin|p1a: Thundurus
|-crit|p1a: Thundurus
|-damage|p1a: Thundurus|69/100
|-boost|p2a: Iron Treads|spe|1
|
|-weather|RainDance|[upkeep]
|-heal|p2a: Iron Treads|22/100|[from] item: Leftovers
|upkeep
|turn|13
|
|t:|1769349078
|move|p2a: Iron Treads|Stealth Rock|p1a: Thundurus
|-sidestart|p1: PARTYKILLER123|move: Stealth Rock
|move|p1a: Thundurus|Grass Knot|p2a: Iron Treads
|-damage|p2a: Iron Treads|0 fnt
|faint|p2a: Iron Treads
|-end|p2a: Iron Treads|Quark Drive|[silent]
|
|-weather|RainDance|[upkeep]
|upkeep
|
|t:|1769349082
|switch|p2a: Barraskewda|Barraskewda, M, shiny, tera:Water|100/100
|turn|14
|
|t:|1769349086
|move|p2a: Barraskewda|Flip Turn|p1a: Thundurus
|-damage|p1a: Thundurus|0 fnt
|faint|p1a: Thundurus
|
|t:|1769349091
|switch|p2a: Zapdos|Zapdos, shiny|100/100|[from] Flip Turn
|
|-weather|RainDance|[upkeep]
|upkeep
|
|t:|1769349095
|switch|p1a: Glastrier|Glastrier|100/100
|-damage|p1a: Glastrier|76/100|[from] Stealth Rock
|turn|15
|
|t:|1769349097
|move|p2a: Zapdos|Volt Switch|p1a: Glastrier
|-damage|p1a: Glastrier|34/100
|
|t:|1769349102
|switch|p2a: Toxicroak|Toxicroak, M, shiny|95/100|[from] Volt Switch
|move|p1a: Glastrier|Avalanche|p2a: Toxicroak
|-damage|p2a: Toxicroak|66/100
|-damage|p1a: Glastrier|18/100|[from] item: Rocky Helmet|[of] p2a: Toxicroak
|
|-weather|RainDance|[upkeep]
|-heal|p2a: Toxicroak|78/100|[from] ability: Dry Skin
|upkeep
|turn|16
|
|t:|1769349106
|move|p2a: Toxicroak|Drain Punch|p1a: Glastrier
|-supereffective|p1a: Glastrier
|-damage|p1a: Glastrier|0 fnt
|-heal|p2a: Toxicroak|86/100|[from] drain|[of] p1a: Glastrier
|faint|p1a: Glastrier
|
|-weather|RainDance|[upkeep]
|-heal|p2a: Toxicroak|98/100|[from] ability: Dry Skin
|upkeep
|
|t:|1769349113
|switch|p1a: Zamazenta|Zamazenta|100/100
|-damage|p1a: Zamazenta|94/100|[from] Stealth Rock
|-ability|p1a: Zamazenta|Dauntless Shield|boost
|-boost|p1a: Zamazenta|def|1
|turn|17
|
|t:|1769349116
|move|p1a: Zamazenta|Close Combat|p2a: Toxicroak
|-resisted|p2a: Toxicroak
|-damage|p2a: Toxicroak|52/100
|-unboost|p1a: Zamazenta|def|1
|-unboost|p1a: Zamazenta|spd|1
|-damage|p1a: Zamazenta|78/100|[from] item: Rocky Helmet|[of] p2a: Toxicroak
|move|p2a: Toxicroak|Toxic|p1a: Zamazenta
|-status|p1a: Zamazenta|tox
|
|-weather|none
|-damage|p1a: Zamazenta|72/100 tox|[from] psn
|upkeep
|turn|18
|
|t:|1769349122
|move|p1a: Zamazenta|Close Combat|p2a: Toxicroak
|-resisted|p2a: Toxicroak
|-damage|p2a: Toxicroak|10/100
|-unboost|p1a: Zamazenta|def|1
|-unboost|p1a: Zamazenta|spd|1
|-damage|p1a: Zamazenta|55/100 tox|[from] item: Rocky Helmet|[of] p2a: Toxicroak
|move|p2a: Toxicroak|Encore|p1a: Zamazenta
|-start|p1a: Zamazenta|Encore
|
|-damage|p1a: Zamazenta|43/100 tox|[from] psn
|upkeep
|turn|19
|
|t:|1769349125
|switch|p2a: Pelipper|Pelipper, M, shiny|100/100
|-weather|RainDance|[from] ability: Drizzle|[of] p2a: Pelipper
|move|p1a: Zamazenta|Close Combat|p2a: Pelipper
|-resisted|p2a: Pelipper
|-damage|p2a: Pelipper|49/100
|-unboost|p1a: Zamazenta|def|1
|-unboost|p1a: Zamazenta|spd|1
|
|-weather|RainDance|[upkeep]
|-damage|p1a: Zamazenta|24/100 tox|[from] psn
|upkeep
|turn|20
|
|t:|1769349128
|move|p1a: Zamazenta|Close Combat|p2a: Pelipper
|-resisted|p2a: Pelipper
|-damage|p2a: Pelipper|0 fnt
|-unboost|p1a: Zamazenta|def|1
|-unboost|p1a: Zamazenta|spd|1
|faint|p2a: Pelipper
|
|-weather|RainDance|[upkeep]
|-damage|p1a: Zamazenta|0 fnt|[from] psn
|faint|p1a: Zamazenta
|upkeep
|
|t:|1769349133
|switch|p1a: Dragapult|Dragapult, F|100/100
|switch|p2a: Barraskewda|Barraskewda, M, shiny, tera:Water|100/100
|-damage|p1a: Dragapult|88/100|[from] Stealth Rock
|turn|21
|
|t:|1769349141
|-terastallize|p1a: Dragapult|Fairy
|move|p2a: Barraskewda|Flip Turn|p1a: Dragapult
|-crit|p1a: Dragapult
|-damage|p1a: Dragapult|0 fnt
|faint|p1a: Dragapult
|
|win|UR FUKN RAPlST3828
|raw|PARTYKILLER123's rating: 1223 &rarr; <strong>1200</strong><br />(-23 for losing)
|raw|UR FUKN RAPlST3828's rating: 1246 &rarr; <strong>1269</strong><br />(+23 for winning)
