|j|☆maximilk
|j|☆hackingefidiant
|t:|1769317693
|gametype|singles
|player|p1|maximilk|veteran|1530
|player|p2|hackingefidiant|unknownf|1541
|gen|9
|tier|[Gen 9] OU
|rated|
|rule|HP Percentage Mod: HP is shown in percentages
|rule|Endless Battle Clause: Forcing endless battles is banned
|rule|Species Clause: Limit one of each Pokémon
|rule|OHKO Clause: OHKO moves are banned
|rule|Evasion Items Clause: Evasion items are banned
|rule|Evasion Moves Clause: Evasion moves are banned
|rule|Evasion Abilities Clause: Evasion abilities are banned
|rule|Sleep Moves Clause: Sleep-inducing moves are banned
|clearpoke
|poke|p1|Landorus-Therian, M|
|poke|p1|Slowking-Galar, F|
|poke|p1|Kyurem|
|poke|p1|Great Tusk|
|poke|p1|Iron Moth|
|poke|p1|Dragonite, F|
|poke|p2|Kyurem|
|poke|p2|Slowking-Galar, F|
|poke|p2|Alomomola, F|
|poke|p2|Great Tusk|
|poke|p2|Samurott-Hisui, F|
|poke|p2|Enamorus, F|
|teampreview
|j| Joao Marcos 123
|inactive|Battle timer is ON: inactive players will automatically lose when time's up. (requested by hackingefidiant)
|
|t:|1769317733
|teamsize|p1|6
|teamsize|p2|6
|start
|switch|p1a: Landorus|Landorus-Therian, M|100/100
|switch|p2a: Kyurem|Kyurem|100/100
|-ability|p2a: Kyurem|Pressure
|-ability|p1a: Landorus|Intimidate|boost
|-unboost|p2a: Kyurem|atk|1
|turn|1
|
|t:|1769317741
|switch|p1a: Slowking|Slowking-Galar, F|100/100
|move|p2a: Kyurem|Ice Beam|p1a: Slowking
|-damage|p1a: Slowking|56/100
|
|upkeep
|turn|2
|
|t:|1769317750
|move|p2a: Kyurem|Ice Beam|p1a: Slowking
|-damage|p1a: Slowking|13/100
|move|p1a: Slowking|Sludge Bomb|p2a: Kyurem
|-damage|p2a: Kyurem|67/100
|-status|p2a: Kyurem|psn
|
|-damage|p2a: Kyurem|55/100 psn|[from] psn
|upkeep
|turn|3
|
|t:|1769317766
|switch|p1a: Iron Moth|Iron Moth|100/100
|-enditem|p1a: Iron Moth|Booster Energy
|-activate|p1a: Iron Moth|ability: Quark Drive|[fromitem]
|-start|p1a: Iron Moth|quarkdrivespa
|move|p2a: Kyurem|Ice Beam|p1a: Iron Moth
|-resisted|p1a: Iron Moth
|-damage|p1a: Iron Moth|66/100
|
|-damage|p2a: Kyurem|43/100 psn|[from] psn
|upkeep
|turn|4
|
|t:|1769317772
|switch|p2a: Slowking|Slowking-Galar, F|100/100
|move|p1a: Iron Moth|Agility|p1a: Iron Moth
|-boost|p1a: Iron Moth|spe|2
|
|upkeep
|turn|5
|
|t:|1769317777
|move|p1a: Iron Moth|Fiery Dance|p2a: Slowking
|-damage|p2a: Slowking|63/100
|-boost|p1a: Iron Moth|spa|1
|move|p2a: Slowking|Future Sight|p1a: Iron Moth
|-start|p2a: Slowking|move: Future Sight
|
|upkeep
|turn|6
|
|t:|1769317788
|move|p1a: Iron Moth|Fiery Dance|p2a: Slowking
|-damage|p2a: Slowking|9/100
|-prepare|p2a: Slowking|Chilly Reception|[premajor]
|move|p2a: Slowking|Chilly Reception|p2a: Slowking
|-weather|Snowscape
|
|t:|1769317816
|switch|p2a: Alomomola|Alomomola, F|100/100|[from] Chilly Reception
|
|-weather|Snowscape|[upkeep]
|upkeep
|turn|7
|inactive|hackingefidiant has 120 seconds left.
|
|t:|1769317846
|move|p1a: Iron Moth|Energy Ball|p2a: Alomomola
|-supereffective|p2a: Alomomola
|-damage|p2a: Alomomola|0 fnt
|faint|p2a: Alomomola
|
|-weather|Snowscape|[upkeep]
|-end|p1a: Iron Moth|move: Future Sight
|-supereffective|p1a: Iron Moth
|-damage|p1a: Iron Moth|0 fnt
|faint|p1a: Iron Moth
|-end|p1a: Iron Moth|Quark Drive|[silent]
|upkeep
|
|t:|1769317862
|switch|p1a: Dragonite|Dragonite, F|100/100
|switch|p2a: Kyurem|Kyurem|43/100 psn
|-ability|p2a: Kyurem|Pressure
|turn|8
|
|t:|1769317870
|-terastallize|p1a: Dragonite|Fire
|move|p2a: Kyurem|Ice Beam|p1a: Dragonite
|-resisted|p1a: Dragonite
|-damage|p1a: Dragonite|83/100
|move|p1a: Dragonite|Dragon Dance|p1a: Dragonite
|-boost|p1a: Dragonite|atk|1
|-boost|p1a: Dragonite|spe|1
|
|-weather|Snowscape|[upkeep]
|-damage|p2a: Kyurem|30/100 psn|[from] psn
|upkeep
|turn|9
|
|t:|1769317885
|switch|p2a: Great Tusk|Great Tusk|100/100
|move|p1a: Dragonite|Dragon Dance|p1a: Dragonite
|-boost|p1a: Dragonite|atk|1
|-boost|p1a: Dragonite|spe|1
|
|-weather|Snowscape|[upkeep]
|upkeep
|turn|10
|
|t:|1769317892
|move|p1a: Dragonite|Scale Shot|p2a: Great Tusk
|-damage|p2a: Great Tusk|82/100
|-damage|p2a: Great Tusk|64/100
|-damage|p2a: Great Tusk|44/100
|-damage|p2a: Great Tusk|25/100
|-damage|p2a: Great Tusk|7/100
|-hitcount|p2a: Great Tusk|5
|-unboost|p1a: Dragonite|def|1
|-boost|p1a: Dragonite|spe|1
|move|p2a: Great Tusk|Headlong Rush|p1a: Dragonite
|-supereffective|p1a: Dragonite
|-damage|p1a: Dragonite|0 fnt
|-unboost|p2a: Great Tusk|def|1
|-unboost|p2a: Great Tusk|spd|1
|faint|p1a: Dragonite
|
|-weather|none
|upkeep
|l| Joao Marcos 123
|
|t:|1769317902
|switch|p1a: Landorus|Landorus-Therian, M|100/100
|-ability|p1a: Landorus|Intimidate|boost
|-unboost|p2a: Great Tusk|atk|1
|turn|11
|inactive|hackingefidiant has 120 seconds left.
|
|t:|1769317918
|-end|p2a: Great Tusk|Protosynthesis|[silent]
|switch|p2a: Enamorus|Enamorus, F|100/100
|move|p1a: Landorus|U-turn|p2a: Enamorus
|-resisted|p2a: Enamorus
|-damage|p2a: Enamorus|88/100
|
|t:|1769317921
|switch|p1a: Slowking|Slowking-Galar, F|46/100|[from] U-turn
|
|upkeep
|turn|12
|inactive|hackingefidiant has 120 seconds left.
|
|t:|1769317946
|switch|p2a: Samurott|Samurott-Hisui, F|100/100
|switch|p1a: Landorus|Landorus-Therian, M|100/100
|-ability|p1a: Landorus|Intimidate|boost
|-unboost|p2a: Samurott|atk|1
|
|upkeep
|turn|13
|
|t:|1769317960
|move|p2a: Samurott|Ceaseless Edge|p1a: Landorus
|-damage|p1a: Landorus|48/100
|-sidestart|p1: maximilk|Spikes
|move|p1a: Landorus|U-turn|p2a: Samurott
|-supereffective|p2a: Samurott
|-damage|p2a: Samurott|29/100
|
|t:|1769317966
|switch|p1a: Great Tusk|Great Tusk|100/100|[from] U-turn
|-damage|p1a: Great Tusk|88/100|[from] Spikes
|
|-heal|p1a: Great Tusk|94/100|[from] item: Leftovers
|upkeep
|turn|14
|inactive|hackingefidiant has 120 seconds left.
|
|t:|1769317983
|-terastallize|p2a: Samurott|Ghost
|move|p1a: Great Tusk|Rapid Spin|p2a: Samurott
|-immune|p2a: Samurott
|move|p2a: Samurott|Ceaseless Edge|p1a: Great Tusk
|-resisted|p1a: Great Tusk
|-damage|p1a: Great Tusk|80/100
|-sidestart|p1: maximilk|Spikes
|
|-heal|p1a: Great Tusk|86/100|[from] item: Leftovers
|upkeep
|turn|15
|
|t:|1769317997
|switch|p2a: Great Tusk|Great Tusk|7/100
|move|p1a: Great Tusk|Stealth Rock|p2a: Great Tusk
|-sidestart|p2: hackingefidiant|move: Stealth Rock
|
|-heal|p1a: Great Tusk|92/100|[from] item: Leftovers
|upkeep
|turn|16
|
|t:|1769318013
|move|p2a: Great Tusk|Rapid Spin|p1a: Great Tusk
|-damage|p1a: Great Tusk|83/100
|-boost|p2a: Great Tusk|spe|1
|-sideend|p2: hackingefidiant|Stealth Rock|[from] move: Rapid Spin|[of] p2a: Great Tusk
|move|p1a: Great Tusk|Rapid Spin|p2a: Great Tusk
|-crit|p2a: Great Tusk
|-damage|p2a: Great Tusk|0 fnt
|-boost|p1a: Great Tusk|spe|1
|-sideend|p1: maximilk|Spikes|[from] move: Rapid Spin|[of] p1a: Great Tusk
|faint|p2a: Great Tusk
|-end|p2a: Great Tusk|Protosynthesis|[silent]
|
|-heal|p1a: Great Tusk|89/100|[from] item: Leftovers
|upkeep
|
|t:|1769318019
|switch|p2a: Enamorus|Enamorus, F|88/100
|turn|17
|
|t:|1769318023
|-end|p1a: Great Tusk|Protosynthesis|[silent]
|switch|p1a: Slowking|Slowking-Galar, F|79/100
|move|p2a: Enamorus|Moonblast|p1a: Slowking
|-resisted|p1a: Slowking
|-damage|p1a: Slowking|62/100
|
|upkeep
|turn|18
|inactive|hackingefidiant has 120 seconds left.
|
|t:|1769318031
|switch|p2a: Slowking|Slowking-Galar, F|42/100
|move|p1a: Slowking|Future Sight|p2a: Slowking
|-start|p1a: Slowking|move: Future Sight
|
|upkeep
|turn|19
|
|t:|1769318036
|-prepare|p1a: Slowking|Chilly Reception|[premajor]
|move|p1a: Slowking|Chilly Reception|p1a: Slowking
|-weather|Snowscape
|
|t:|1769318039
|switch|p1a: Kyurem|Kyurem|100/100|[from] Chilly Reception
|-ability|p1a: Kyurem|Pressure
|move|p2a: Slowking|Future Sight|p1a: Kyurem
|-start|p2a: Slowking|move: Future Sight
|
|-weather|Snowscape|[upkeep]
|upkeep
|turn|20
|
|t:|1769318047
|move|p1a: Kyurem|Blizzard|p2a: Slowking
|-damage|p2a: Slowking|0 fnt
|faint|p2a: Slowking
|
|-weather|Snowscape|[upkeep]
|-hint|Future Sight did not hit because the target is fainted.
|upkeep
|
|t:|1769318055
|switch|p2a: Enamorus|Enamorus, F|88/100
|turn|21
|
|t:|1769318060
|switch|p1a: Slowking|Slowking-Galar, F|95/100
|move|p2a: Enamorus|Moonblast|p1a: Slowking
|-resisted|p1a: Slowking
|-damage|p1a: Slowking|79/100
|-unboost|p1a: Slowking|spa|1
|
|-weather|Snowscape|[upkeep]
|-end|p1a: Slowking|move: Future Sight
|-damage|p1a: Slowking|54/100
|upkeep
|turn|22
|
|t:|1769318074
|switch|p2a: Samurott|Samurott-Hisui, F, tera:Ghost|29/100
|move|p1a: Slowking|Sludge Bomb|p2a: Samurott
|-resisted|p2a: Samurott
|-damage|p2a: Samurott|13/100
|
|-weather|Snowscape|[upkeep]
|upkeep
|turn|23
|j| sixlegoat
|
|t:|1769318090
|switch|p1a: Landorus|Landorus-Therian, M|48/100
|-ability|p1a: Landorus|Intimidate|boost
|-unboost|p2a: Samurott|atk|1
|move|p2a: Samurott|Razor Shell|p1a: Landorus
|-supereffective|p1a: Landorus
|-damage|p1a: Landorus|0 fnt
|faint|p1a: Landorus
|
|-weather|none
|upkeep
|
|t:|1769318094
|switch|p1a: Great Tusk|Great Tusk|89/100
|turn|24
|
|t:|1769318100
|move|p1a: Great Tusk|Earthquake|p2a: Samurott
|-damage|p2a: Samurott|0 fnt
|faint|p2a: Samurott
|
|-heal|p1a: Great Tusk|95/100|[from] item: Leftovers
|upkeep
|
|t:|1769318105
|switch|p2a: Kyurem|Kyurem|30/100 psn
|-ability|p2a: Kyurem|Pressure
|turn|25
|
|t:|1769318110
|move|p2a: Kyurem|Ice Beam|p1a: Great Tusk
|-supereffective|p1a: Great Tusk
|-damage|p1a: Great Tusk|0 fnt
|faint|p1a: Great Tusk
|-end|p1a: Great Tusk|Protosynthesis|[silent]
|
|-damage|p2a: Kyurem|18/100 psn|[from] psn
|upkeep
|
|t:|1769318115
|switch|p1a: Kyurem|Kyurem|100/100
|-ability|p1a: Kyurem|Pressure
|turn|26
|
|t:|1769318120
|move|p1a: Kyurem|Freeze-Dry|p2a: Kyurem
|-damage|p2a: Kyurem|0 fnt
|faint|p2a: Kyurem
|
|upkeep
|
|t:|1769318123
|switch|p2a: Enamorus|Enamorus, F|88/100
|turn|27
|
|t:|1769318125
|move|p2a: Enamorus|Moonblast|p1a: Kyurem
|-supereffective|p1a: Kyurem
|-damage|p1a: Kyurem|0 fnt
|faint|p1a: Kyurem
|
|upkeep
|
|t:|1769318127
|switch|p1a: Slowking|Slowking-Galar, F|87/100
|turn|28
|
|t:|1769318129
|move|p2a: Enamorus|Moonblast|p1a: Slowking
|-resisted|p1a: Slowking
|-damage|p1a: Slowking|71/100
|move|p1a: Slowking|Sludge Bomb|p2a: Enamorus
|-supereffective|p2a: Enamorus
|-damage|p2a: Enamorus|0 fnt
|faint|p2a: Enamorus
|
|win|maximilk
|raw|maximilk's rating: 1530 &rarr; <strong>1551</strong><br />(+21 for winning)
|raw|hackingefidiant's rating: 1541 &rarr; <strong>1520</strong><br />(-21 for losing)
|j| Samurajen
|c|☆hackingefidiant|gg
|c|☆maximilk|gg
|l|☆maximilk
|player|p1|
|l|☆hackingefidiant
|player|p2|
