|j|☆Galarapio
|j|☆daascdson
|t:|1769365822
|gametype|singles
|player|p1|Galarapio|2|1241
|player|p2|daascdson|picnicker|1197
|gen|9
|tier|[Gen 9] OU
|rated|
|rule|HP Percentage Mod: HP is shown in percentages
|rule|Endless Battle Clause: Forcing endless battles is banned
|rule|Species Clause: Limit one of each Pokémon
|rule|OHKO Clause: OHKO moves are banned
|rule|Evasion Items Clause: Evasion items are banned
|rule|Evasion Moves Clause: Evasion moves are banned
|rule|Evasion Abilities Clause: Evasion abilities are banned
|rule|Sleep Moves Clause: Sleep-inducing moves are banned
|clearpoke
|poke|p1|Ribombee, F|
|poke|p1|Serperior, M|
|poke|p1|Lurantis, F|
|poke|p1|Enamorus, F|
|poke|p1|Cinderace, M|
|poke|p1|Dusclops, F|
|poke|p2|Latios, M|
|poke|p2|Ogerpon-Wellspring, F|
|poke|p2|Pecharunt|
|poke|p2|Corviknight, F|
|poke|p2|Ting-Lu|
|poke|p2|Zamazenta-*|
|teampreview
|inactive|Battle timer is ON: inactive players will automatically lose when time's up. (requested by daascdson)
|
|t:|1769365837
|teamsize|p1|6
|teamsize|p2|6
|start
|switch|p1a: Ribombee|Ribombee, F|100/100
|switch|p2a: Corviknight|Corviknight, F, shiny|100/100
|-ability|p2a: Corviknight|Pressure
|turn|1
|
|t:|1769365842
|move|p1a: Ribombee|Sticky Web|p2a: Corviknight
|-sidestart|p2: daascdson|move: Sticky Web
|move|p2a: Corviknight|Brave Bird|p1a: Ribombee
|-supereffective|p1a: Ribombee
|-enditem|p1a: Ribombee|Focus Sash
|-damage|p1a: Ribombee|1/100
|-damage|p2a: Corviknight|79/100|[from] Recoil
|
|upkeep
|turn|2
|
|t:|1769365853
|switch|p1a: Dusclops|Dusclops, F|100/100
|-item|p2a: Corviknight|Rocky Helmet|[from] ability: Frisk|[of] p1a: Dusclops
|move|p2a: Corviknight|Defog|p1a: Dusclops
|-unboost|p1a: Dusclops|evasion|1
|-sideend|p2: daascdson|Sticky Web|[from] move: Defog|[of] p2a: Corviknight
|
|upkeep
|turn|3
|
|t:|1769365859
|move|p2a: Corviknight|U-turn|p1a: Dusclops
|-resisted|p1a: Dusclops
|-damage|p1a: Dusclops|96/100
|
|t:|1769365868
|switch|p2a: Ting-Lu|Ting-Lu|100/100|[from] U-turn
|-ability|p2a: Ting-Lu|Vessel of Ruin
|move|p1a: Dusclops|Will-O-Wisp|p2a: Ting-Lu|[miss]
|-miss|p1a: Dusclops|p2a: Ting-Lu
|
|upkeep
|turn|4
|
|t:|1769365878
|move|p2a: Ting-Lu|Payback|p1a: Dusclops
|-supereffective|p1a: Dusclops
|-damage|p1a: Dusclops|74/100
|move|p1a: Dusclops|Will-O-Wisp|p2a: Ting-Lu
|-status|p2a: Ting-Lu|brn
|
|-damage|p2a: Ting-Lu|94/100 brn|[from] brn
|upkeep
|turn|5
|
|t:|1769365887
|move|p2a: Ting-Lu|Payback|p1a: Dusclops
|-supereffective|p1a: Dusclops
|-damage|p1a: Dusclops|64/100
|move|p1a: Dusclops|Night Shade|p2a: Ting-Lu
|-damage|p2a: Ting-Lu|75/100 brn
|
|-heal|p2a: Ting-Lu|81/100 brn|[from] item: Leftovers
|-damage|p2a: Ting-Lu|75/100 brn|[from] brn
|upkeep
|turn|6
|
|t:|1769365901
|move|p2a: Ting-Lu|Payback|p1a: Dusclops
|-supereffective|p1a: Dusclops
|-damage|p1a: Dusclops|54/100
|move|p1a: Dusclops|Night Shade|p2a: Ting-Lu
|-damage|p2a: Ting-Lu|55/100 brn
|
|-heal|p2a: Ting-Lu|62/100 brn|[from] item: Leftovers
|-damage|p2a: Ting-Lu|55/100 brn|[from] brn
|upkeep
|turn|7
|
|t:|1769365905
|move|p2a: Ting-Lu|Payback|p1a: Dusclops
|-supereffective|p1a: Dusclops
|-damage|p1a: Dusclops|43/100
|move|p1a: Dusclops|Pain Split|p2a: Ting-Lu
|-sethp|p2a: Ting-Lu|39/100 brn|[from] move: Pain Split|[silent]
|-sethp|p1a: Dusclops|74/100|[from] move: Pain Split
|
|-heal|p2a: Ting-Lu|45/100 brn|[from] item: Leftovers
|-damage|p2a: Ting-Lu|39/100 brn|[from] brn
|upkeep
|turn|8
|
|t:|1769365917
|switch|p1a: Serperior|Serperior, M|100/100
|move|p2a: Ting-Lu|Rest|p2a: Ting-Lu
|-status|p2a: Ting-Lu|slp|[from] move: Rest
|-heal|p2a: Ting-Lu|100/100 slp|[silent]
|
|upkeep
|turn|9
|
|t:|1769365922
|switch|p2a: Pecharunt|Pecharunt|100/100
|move|p1a: Serperior|Leech Seed|p2a: Pecharunt
|-start|p2a: Pecharunt|move: Leech Seed
|
|-damage|p2a: Pecharunt|88/100|[from] Leech Seed|[of] p1a: Serperior
|upkeep
|turn|10
|
|t:|1769365927
|move|p1a: Serperior|Substitute|p1a: Serperior
|-start|p1a: Serperior|Substitute
|-damage|p1a: Serperior|76/100
|move|p2a: Pecharunt|Parting Shot|p1a: Serperior
|-boost|p1a: Serperior|atk|1
|-boost|p1a: Serperior|spa|1
|
|t:|1769365932
|switch|p2a: Corviknight|Corviknight, F, shiny|79/100|[from] Parting Shot
|-ability|p2a: Corviknight|Pressure
|
|-heal|p1a: Serperior|82/100|[from] item: Leftovers
|upkeep
|turn|11
|
|t:|1769365937
|move|p1a: Serperior|Leech Seed|p2a: Corviknight
|-start|p2a: Corviknight|move: Leech Seed
|move|p2a: Corviknight|Brave Bird|p1a: Serperior
|-supereffective|p1a: Serperior
|-end|p1a: Serperior|Substitute
|-damage|p2a: Corviknight|73/100|[from] Recoil|[of] p1a: Serperior
|
|-heal|p1a: Serperior|88/100|[from] item: Leftovers
|-damage|p2a: Corviknight|61/100|[from] Leech Seed|[of] p1a: Serperior
|-heal|p1a: Serperior|100/100|[silent]
|upkeep
|turn|12
|
|t:|1769365948
|switch|p1a: Dusclops|Dusclops, F|74/100
|-item|p2a: Corviknight|Rocky Helmet|[from] ability: Frisk|[of] p1a: Dusclops
|move|p2a: Corviknight|U-turn|p1a: Dusclops
|-resisted|p1a: Dusclops
|-damage|p1a: Dusclops|70/100
|
|t:|1769365956
|switch|p2a: Ting-Lu|Ting-Lu|100/100 slp|[from] U-turn
|-ability|p2a: Ting-Lu|Vessel of Ruin
|
|upkeep
|turn|13
|
|t:|1769365961
|cant|p2a: Ting-Lu|slp
|move|p2a: Ting-Lu|Sleep Talk|p2a: Ting-Lu
|move|p2a: Ting-Lu|Payback|p1a: Dusclops|[from] move: Sleep Talk
|-supereffective|p1a: Dusclops
|-damage|p1a: Dusclops|50/100
|move|p1a: Dusclops|Pain Split|p2a: Ting-Lu
|-sethp|p2a: Ting-Lu|64/100 slp|[from] move: Pain Split|[silent]
|-sethp|p1a: Dusclops|100/100|[from] move: Pain Split
|
|-heal|p2a: Ting-Lu|70/100 slp|[from] item: Leftovers
|upkeep
|turn|14
|
|t:|1769365977
|switch|p2a: Pecharunt|Pecharunt|88/100
|switch|p1a: Serperior|Serperior, M|100/100
|
|upkeep
|turn|15
|
|t:|1769365983
|move|p1a: Serperior|Leech Seed|p2a: Pecharunt
|-start|p2a: Pecharunt|move: Leech Seed
|move|p2a: Pecharunt|Malignant Chain|p1a: Serperior
|-supereffective|p1a: Serperior
|-damage|p1a: Serperior|19/100
|-status|p1a: Serperior|tox
|-start|p1a: Serperior|confusion|[from] ability: Poison Puppeteer|[of] p2a: Pecharunt
|
|-heal|p1a: Serperior|26/100 tox|[from] item: Leftovers
|-damage|p2a: Pecharunt|76/100|[from] Leech Seed|[of] p1a: Serperior
|-heal|p1a: Serperior|42/100 tox|[silent]
|-damage|p1a: Serperior|36/100 tox|[from] psn
|upkeep
|turn|16
|
|t:|1769365998
|-activate|p1a: Serperior|confusion
|move|p1a: Serperior|Leaf Storm|p2a: Pecharunt
|-resisted|p2a: Pecharunt
|-damage|p2a: Pecharunt|51/100
|-boost|p1a: Serperior|spa|2
|move|p2a: Pecharunt|Hex|p1a: Serperior
|-damage|p1a: Serperior|0 fnt
|faint|p1a: Serperior
|
|upkeep
|
|t:|1769366009
|switch|p1a: Enamorus|Enamorus, F|100/100
|turn|17
|
|t:|1769366015
|switch|p2a: Corviknight|Corviknight, F, shiny|61/100
|-ability|p2a: Corviknight|Pressure
|move|p1a: Enamorus|Earth Power|p2a: Corviknight
|-immune|p2a: Corviknight
|
|upkeep
|turn|18
|
|t:|1769366025
|switch|p1a: Dusclops|Dusclops, F|100/100
|-item|p2a: Corviknight|Rocky Helmet|[from] ability: Frisk|[of] p1a: Dusclops
|switch|p2a: Pecharunt|Pecharunt|51/100
|
|upkeep
|turn|19
|
|t:|1769366033
|move|p2a: Pecharunt|Recover|p2a: Pecharunt
|-heal|p2a: Pecharunt|100/100
|move|p1a: Dusclops|Will-O-Wisp|p2a: Pecharunt
|-status|p2a: Pecharunt|brn
|
|-damage|p2a: Pecharunt|94/100 brn|[from] brn
|upkeep
|turn|20
|
|t:|1769366059
|switch|p1a: Lurantis|Lurantis, F|100/100
|move|p2a: Pecharunt|Malignant Chain|p1a: Lurantis
|-supereffective|p1a: Lurantis
|-damage|p1a: Lurantis|27/100
|
|-heal|p1a: Lurantis|33/100|[from] item: Leftovers
|-damage|p2a: Pecharunt|88/100 brn|[from] brn
|upkeep
|turn|21
|
|t:|1769366066
|move|p2a: Pecharunt|Malignant Chain|p1a: Lurantis
|-supereffective|p1a: Lurantis
|-damage|p1a: Lurantis|0 fnt
|faint|p1a: Lurantis
|
|-damage|p2a: Pecharunt|82/100 brn|[from] brn
|upkeep
|
|t:|1769366079
|switch|p1a: Ribombee|Ribombee, F|1/100
|turn|22
|
|t:|1769366089
|move|p1a: Ribombee|Sticky Web|p2a: Pecharunt
|-sidestart|p2: daascdson|move: Sticky Web
|move|p2a: Pecharunt|Parting Shot|p1a: Ribombee
|-unboost|p1a: Ribombee|atk|1
|-unboost|p1a: Ribombee|spa|1
|
|t:|1769366092
|switch|p2a: Corviknight|Corviknight, F, shiny|61/100|[from] Parting Shot
|-ability|p2a: Corviknight|Pressure
|
|upkeep
|turn|23
|inactive|Galarapio has 120 seconds left.
|l|☆Galarapio
|inactive|Galarapio disconnected and has a minute to reconnect!
|player|p1|
|inactive|Galarapio has 30 seconds to reconnect!
|inactive|Galarapio has 20 seconds to reconnect!
|inactive|Galarapio has 15 seconds to reconnect!
|inactive|Galarapio has 10 seconds to reconnect!
|inactive|Galarapio has 5 seconds to reconnect!
|-message|Galarapio lost due to inactivity.
|
|win|daascdson
|raw|Galarapio's rating: 1241 &rarr; <strong>1213</strong><br />(-28 for losing)
|raw|daascdson's rating: 1197 &rarr; <strong>1225</strong><br />(+28 for winning)
|l|☆daascdson
|player|p2|
