|j|☆sleeeeepyzzz
|j|☆Mandarine061
|t:|1769360397
|gametype|singles
|player|p1|sleeeeepyzzz|169|1242
|player|p2|Mandarine061|bianca-pwt|1305
|gen|9
|tier|[Gen 9] OU
|rated|
|rule|HP Percentage Mod: HP is shown in percentages
|rule|Endless Battle Clause: Forcing endless battles is banned
|rule|Species Clause: Limit one of each Pokémon
|rule|OHKO Clause: OHKO moves are banned
|rule|Evasion Items Clause: Evasion items are banned
|rule|Evasion Moves Clause: Evasion moves are banned
|rule|Evasion Abilities Clause: Evasion abilities are banned
|rule|Sleep Moves Clause: Sleep-inducing moves are banned
|clearpoke
|poke|p1|Blastoise, M|
|poke|p1|Pelipper, M|
|poke|p1|Zapdos|
|poke|p1|Iron Treads|
|poke|p1|Latios, M|
|poke|p1|Volcanion|
|poke|p2|Iron Valiant|
|poke|p2|Heatran, M|
|poke|p2|Ogerpon-Wellspring, F|
|poke|p2|Great Tusk|
|poke|p2|Gholdengo|
|poke|p2|Dragapult, M|
|teampreview
|
|t:|1769360462
|teamsize|p1|6
|teamsize|p2|6
|start
|switch|p1a: Pelipper|Pelipper, M|100/100
|switch|p2a: Dragapult|Dragapult, M|100/100
|-weather|RainDance|[from] ability: Drizzle|[of] p1a: Pelipper
|turn|1
|inactive|Battle timer is ON: inactive players will automatically lose when time's up. (requested by sleeeeepyzzz)
|
|t:|1769360474
|move|p2a: Dragapult|Dragon Darts|p1a: Pelipper
|-damage|p1a: Pelipper|83/100
|-anim|p2a: Dragapult|Dragon Darts|p1a: Pelipper
|-damage|p1a: Pelipper|63/100
|move|p1a: Pelipper|Knock Off|p2a: Dragapult
|-supereffective|p2a: Dragapult
|-damage|p2a: Dragapult|61/100
|-enditem|p2a: Dragapult|Heavy-Duty Boots|[from] move: Knock Off|[of] p1a: Pelipper
|
|-weather|RainDance|[upkeep]
|upkeep
|turn|2
|
|t:|1769360484
|move|p2a: Dragapult|Will-O-Wisp|p1a: Pelipper|[miss]
|-miss|p2a: Dragapult|p1a: Pelipper
|move|p1a: Pelipper|Chilling Water|p2a: Dragapult
|-resisted|p2a: Dragapult
|-damage|p2a: Dragapult|45/100
|-unboost|p2a: Dragapult|atk|1
|
|-weather|RainDance|[upkeep]
|upkeep
|turn|3
|
|t:|1769360493
|move|p2a: Dragapult|U-turn|p1a: Pelipper
|-resisted|p1a: Pelipper
|-damage|p1a: Pelipper|58/100
|
|t:|1769360504
|switch|p2a: Ogerpon|Ogerpon-Wellspring, F|100/100|[from] U-turn
|move|p1a: Pelipper|Roost|p1a: Pelipper
|-heal|p1a: Pelipper|100/100
|-singleturn|p1a: Pelipper|move: Roost
|
|-weather|RainDance|[upkeep]
|upkeep
|turn|4
|
|t:|1769360512
|move|p2a: Ogerpon|Encore|p1a: Pelipper
|-start|p1a: Pelipper|Encore
|move|p1a: Pelipper|Roost||[still]
|-fail|p1a: Pelipper|heal
|
|-weather|RainDance|[upkeep]
|upkeep
|turn|5
|
|t:|1769360518
|switch|p1a: Zapdos|Zapdos|100/100
|move|p2a: Ogerpon|Horn Leech|p1a: Zapdos
|-resisted|p1a: Zapdos
|-damage|p1a: Zapdos|79/100
|
|-weather|RainDance|[upkeep]
|-heal|p1a: Zapdos|85/100|[from] item: Leftovers
|upkeep
|turn|6
|
|t:|1769360530
|switch|p2a: Heatran|Heatran, M|100/100
|move|p1a: Zapdos|Hurricane|p2a: Heatran
|-resisted|p2a: Heatran
|-damage|p2a: Heatran|80/100
|
|-weather|RainDance|[upkeep]
|-heal|p1a: Zapdos|91/100|[from] item: Leftovers
|-heal|p2a: Heatran|87/100|[from] item: Leftovers
|upkeep
|turn|7
|
|t:|1769360539
|move|p1a: Zapdos|Thunder|p2a: Heatran
|-damage|p2a: Heatran|51/100
|-status|p2a: Heatran|par
|move|p2a: Heatran|Stealth Rock|p1a: Zapdos
|-sidestart|p1: sleeeeepyzzz|move: Stealth Rock
|
|-weather|RainDance|[upkeep]
|-heal|p1a: Zapdos|97/100|[from] item: Leftovers
|-heal|p2a: Heatran|57/100 par|[from] item: Leftovers
|upkeep
|turn|8
|
|t:|1769360548
|switch|p2a: Dragapult|Dragapult, M|45/100
|move|p1a: Zapdos|Volt Switch|p2a: Dragapult
|-resisted|p2a: Dragapult
|-damage|p2a: Dragapult|16/100
|
|t:|1769360553
|switch|p1a: Iron Treads|Iron Treads|100/100|[from] Volt Switch
|-damage|p1a: Iron Treads|97/100|[from] Stealth Rock
|
|-weather|none
|-heal|p1a: Iron Treads|100/100|[from] item: Leftovers
|upkeep
|turn|9
|
|t:|1769360563
|move|p2a: Dragapult|Will-O-Wisp|p1a: Iron Treads
|-status|p1a: Iron Treads|brn
|move|p1a: Iron Treads|Knock Off|p2a: Dragapult
|-supereffective|p2a: Dragapult
|-damage|p2a: Dragapult|0 fnt
|faint|p2a: Dragapult
|
|-damage|p1a: Iron Treads|94/100 brn|[from] brn
|upkeep
|
|t:|1769360574
|switch|p2a: Great Tusk|Great Tusk|100/100
|turn|10
|
|t:|1769360584
|move|p1a: Iron Treads|Rapid Spin|p2a: Great Tusk
|-damage|p2a: Great Tusk|96/100
|-boost|p1a: Iron Treads|spe|1
|-sideend|p1: sleeeeepyzzz|Stealth Rock|[from] move: Rapid Spin|[of] p1a: Iron Treads
|move|p2a: Great Tusk|Close Combat|p1a: Iron Treads
|-supereffective|p1a: Iron Treads
|-damage|p1a: Iron Treads|6/100 brn
|-unboost|p2a: Great Tusk|def|1
|-unboost|p2a: Great Tusk|spd|1
|
|-heal|p1a: Iron Treads|12/100 brn|[from] item: Leftovers
|-heal|p2a: Great Tusk|100/100|[from] item: Leftovers
|-damage|p1a: Iron Treads|6/100 brn|[from] brn
|upkeep
|turn|11
|
|t:|1769360596
|-end|p1a: Iron Treads|Quark Drive|[silent]
|switch|p1a: Pelipper|Pelipper, M|100/100
|-weather|RainDance|[from] ability: Drizzle|[of] p1a: Pelipper
|move|p2a: Great Tusk|Knock Off|p1a: Pelipper
|-damage|p1a: Pelipper|79/100
|-enditem|p1a: Pelipper|Damp Rock|[from] move: Knock Off|[of] p2a: Great Tusk
|
|-weather|RainDance|[upkeep]
|upkeep
|turn|12
|
|t:|1769360606
|-end|p2a: Great Tusk|Protosynthesis|[silent]
|switch|p2a: Gholdengo|Gholdengo|100/100
|-item|p2a: Gholdengo|Air Balloon
|move|p1a: Pelipper|Hurricane|p2a: Gholdengo
|-resisted|p2a: Gholdengo
|-crit|p2a: Gholdengo
|-damage|p2a: Gholdengo|69/100
|-start|p2a: Gholdengo|confusion
|-enditem|p2a: Gholdengo|Air Balloon
|
|-weather|RainDance|[upkeep]
|upkeep
|turn|13
|
|t:|1769360620
|-activate|p2a: Gholdengo|confusion
|move|p2a: Gholdengo|Shadow Ball|p1a: Pelipper
|-damage|p1a: Pelipper|24/100
|move|p1a: Pelipper|Chilling Water|p2a: Gholdengo
|-damage|p2a: Gholdengo|38/100
|-unboost|p2a: Gholdengo|atk|1
|
|-weather|RainDance|[upkeep]
|upkeep
|turn|14
|
|t:|1769360640
|switch|p1a: Iron Treads|Iron Treads|6/100 brn
|-end|p2a: Gholdengo|confusion
|move|p2a: Gholdengo|Shadow Ball|p1a: Iron Treads
|-damage|p1a: Iron Treads|0 fnt
|faint|p1a: Iron Treads
|-end|p1a: Iron Treads|Quark Drive|[silent]
|
|-weather|RainDance|[upkeep]
|upkeep
|
|t:|1769360655
|switch|p1a: Blastoise|Blastoise, M|100/100
|turn|15
|
|t:|1769360659
|move|p2a: Gholdengo|Thunder Wave|p1a: Blastoise
|-status|p1a: Blastoise|par
|cant|p1a: Blastoise|par
|
|-weather|RainDance|[upkeep]
|upkeep
|turn|16
|
|t:|1769360667
|switch|p2a: Ogerpon|Ogerpon-Wellspring, F|100/100
|move|p1a: Blastoise|Shell Smash|p1a: Blastoise
|-unboost|p1a: Blastoise|def|1
|-unboost|p1a: Blastoise|spd|1
|-boost|p1a: Blastoise|atk|2
|-boost|p1a: Blastoise|spa|2
|-boost|p1a: Blastoise|spe|2
|-enditem|p1a: Blastoise|White Herb
|-clearnegativeboost|p1a: Blastoise|[silent]
|
|-weather|RainDance|[upkeep]
|upkeep
|turn|17
|
|t:|1769360680
|-terastallize|p1a: Blastoise|Steel
|move|p2a: Ogerpon|Encore|p1a: Blastoise
|-start|p1a: Blastoise|Encore
|cant|p1a: Blastoise|par
|
|-weather|RainDance|[upkeep]
|upkeep
|turn|18
|
|t:|1769360687
|move|p2a: Ogerpon|Ivy Cudgel|p1a: Blastoise|[anim] Ivy Cudgel Water
|-damage|p1a: Blastoise|0 fnt
|faint|p1a: Blastoise
|
|-weather|none
|upkeep
|
|t:|1769360693
|switch|p1a: Pelipper|Pelipper, M|24/100
|-weather|RainDance|[from] ability: Drizzle|[of] p1a: Pelipper
|turn|19
|
|t:|1769360702
|move|p2a: Ogerpon|Ivy Cudgel|p1a: Pelipper|[anim] Ivy Cudgel Water
|-resisted|p1a: Pelipper
|-damage|p1a: Pelipper|0 fnt
|faint|p1a: Pelipper
|
|-weather|RainDance|[upkeep]
|upkeep
|inactive|sleeeeepyzzz has 120 seconds left.
|
|t:|1769360741
|switch|p1a: Latios|Latios, M|100/100
|turn|20
|inactive|sleeeeepyzzz has 120 seconds left.
|
|t:|1769360769
|switch|p2a: Gholdengo|Gholdengo|38/100
|move|p1a: Latios|Calm Mind|p1a: Latios
|-boost|p1a: Latios|spa|1
|-boost|p1a: Latios|spd|1
|
|-weather|RainDance|[upkeep]
|upkeep
|turn|21
|inactive|sleeeeepyzzz has 120 seconds left.
|
|t:|1769360782
|move|p2a: Gholdengo|Thunder Wave|p1a: Latios
|-status|p1a: Latios|par
|move|p1a: Latios|Dragon Pulse|p2a: Gholdengo
|-resisted|p2a: Gholdengo
|-damage|p2a: Gholdengo|0 fnt
|faint|p2a: Gholdengo
|
|-weather|RainDance|[upkeep]
|upkeep
|
|t:|1769360788
|switch|p2a: Iron Valiant|Iron Valiant|100/100
|-enditem|p2a: Iron Valiant|Booster Energy
|-activate|p2a: Iron Valiant|ability: Quark Drive|[fromitem]
|-start|p2a: Iron Valiant|quarkdrivespe
|turn|22
|
|t:|1769360794
|move|p2a: Iron Valiant|Swords Dance|p2a: Iron Valiant
|-boost|p2a: Iron Valiant|atk|2
|cant|p1a: Latios|par
|
|-weather|RainDance|[upkeep]
|upkeep
|turn|23
|
|t:|1769360800
|move|p2a: Iron Valiant|Knock Off|p1a: Latios
|-supereffective|p1a: Latios
|-damage|p1a: Latios|0 fnt
|-enditem|p1a: Latios|Soul Dew|[from] move: Knock Off|[of] p2a: Iron Valiant
|faint|p1a: Latios
|
|-weather|none
|upkeep
|l|☆sleeeeepyzzz
|inactive|sleeeeepyzzz disconnected and has a minute to reconnect!
|player|p1|
|inactive|sleeeeepyzzz has 30 seconds to reconnect!
|inactive|sleeeeepyzzz has 20 seconds to reconnect!
|inactive|sleeeeepyzzz has 15 seconds to reconnect!
|inactive|sleeeeepyzzz has 10 seconds to reconnect!
|inactive|sleeeeepyzzz has 5 seconds to reconnect!
|-message|sleeeeepyzzz lost due to inactivity.
|
|win|Mandarine061
|raw|sleeeeepyzzz's rating: 1242 &rarr; <strong>1221</strong><br />(-21 for losing)
|raw|Mandarine061's rating: 1305 &rarr; <strong>1321</strong><br />(+16 for winning)
