|j|☆notjishnurc
|j|☆Pig Perfect
|t:|1769425901
|gametype|singles
|player|p1|notjishnurc|byron|1564
|player|p2|Pig Perfect|workerice|1576
|gen|9
|tier|[Gen 9] OU
|rated|
|rule|HP Percentage Mod: HP is shown in percentages
|rule|Endless Battle Clause: Forcing endless battles is banned
|rule|Species Clause: Limit one of each Pokémon
|rule|OHKO Clause: OHKO moves are banned
|rule|Evasion Items Clause: Evasion items are banned
|rule|Evasion Moves Clause: Evasion moves are banned
|rule|Evasion Abilities Clause: Evasion abilities are banned
|rule|Sleep Moves Clause: Sleep-inducing moves are banned
|clearpoke
|poke|p1|Pelipper, F|
|poke|p1|Barraskewda, M|
|poke|p1|Toxicroak, F|
|poke|p1|Zapdos|
|poke|p1|Iron Treads|
|poke|p1|Hatterene, F|
|poke|p2|Cresselia, F|
|poke|p2|Great Tusk|
|poke|p2|Heatran, F|
|poke|p2|Ninetales, M|
|poke|p2|Raging Bolt|
|poke|p2|Walking Wake|
|teampreview
|
|t:|1769425922
|teamsize|p1|6
|teamsize|p2|6
|start
|switch|p1a: Toxicroak|Toxicroak, F|100/100
|switch|p2a: Walking Wake|Walking Wake|100/100
|turn|1
|
|t:|1769425928
|-terastallize|p1a: Toxicroak|Fairy
|move|p2a: Walking Wake|Flamethrower|p1a: Toxicroak
|-damage|p1a: Toxicroak|19/100
|move|p1a: Toxicroak|Toxic|p2a: Walking Wake
|-status|p2a: Walking Wake|tox
|
|-damage|p2a: Walking Wake|94/100 tox|[from] psn
|upkeep
|turn|2
|
|t:|1769425939
|-end|p2a: Walking Wake|Protosynthesis|[silent]
|switch|p2a: Heatran|Heatran, F|100/100
|move|p1a: Toxicroak|Drain Punch|p2a: Heatran
|-supereffective|p2a: Heatran
|-damage|p2a: Heatran|42/100
|-heal|p1a: Toxicroak|46/100|[from] drain|[of] p2a: Heatran
|
|-heal|p2a: Heatran|48/100|[from] item: Leftovers
|upkeep
|turn|3
|
|t:|1769425944
|move|p2a: Heatran|Magma Storm|p1a: Toxicroak
|-damage|p1a: Toxicroak|0 fnt
|faint|p1a: Toxicroak
|
|-heal|p2a: Heatran|54/100|[from] item: Leftovers
|upkeep
|
|t:|1769425950
|switch|p1a: Zapdos|Zapdos|100/100
|turn|4
|
|t:|1769425957
|switch|p2a: Raging Bolt|Raging Bolt|100/100
|move|p1a: Zapdos|Hurricane|p2a: Raging Bolt
|-resisted|p2a: Raging Bolt
|-damage|p2a: Raging Bolt|68/100
|
|-heal|p2a: Raging Bolt|75/100|[from] item: Leftovers
|upkeep
|turn|5
|
|t:|1769425960
|switch|p1a: Iron Treads|Iron Treads|100/100
|move|p2a: Raging Bolt|Dragon Pulse|p1a: Iron Treads
|-resisted|p1a: Iron Treads
|-damage|p1a: Iron Treads|88/100
|
|-heal|p2a: Raging Bolt|81/100|[from] item: Leftovers
|upkeep
|turn|6
|
|t:|1769425965
|-end|p2a: Raging Bolt|Protosynthesis|[silent]
|switch|p2a: Great Tusk|Great Tusk|100/100
|move|p1a: Iron Treads|Volt Switch|p2a: Great Tusk
|-immune|p2a: Great Tusk
|
|upkeep
|turn|7
|
|t:|1769425968
|-end|p1a: Iron Treads|Quark Drive|[silent]
|switch|p1a: Pelipper|Pelipper, F|100/100
|-weather|RainDance|[from] ability: Drizzle|[of] p1a: Pelipper
|move|p2a: Great Tusk|Knock Off|p1a: Pelipper
|-damage|p1a: Pelipper|68/100
|-enditem|p1a: Pelipper|Damp Rock|[from] move: Knock Off|[of] p2a: Great Tusk
|
|-weather|RainDance|[upkeep]
|upkeep
|turn|8
|
|t:|1769425973
|-end|p2a: Great Tusk|Protosynthesis|[silent]
|switch|p2a: Ninetales|Ninetales, M|100/100
|-weather|SunnyDay|[from] ability: Drought|[of] p2a: Ninetales
|move|p1a: Pelipper|U-turn|p2a: Ninetales
|-resisted|p2a: Ninetales
|-damage|p2a: Ninetales|95/100
|
|t:|1769425976
|switch|p1a: Zapdos|Zapdos|100/100|[from] U-turn
|
|-weather|SunnyDay|[upkeep]
|upkeep
|turn|9
|
|t:|1769425979
|switch|p2a: Raging Bolt|Raging Bolt|81/100
|-activate|p2a: Raging Bolt|ability: Protosynthesis
|-start|p2a: Raging Bolt|protosynthesisspa
|move|p1a: Zapdos|Volt Switch|p2a: Raging Bolt
|-resisted|p2a: Raging Bolt
|-damage|p2a: Raging Bolt|70/100
|
|t:|1769425983
|switch|p1a: Iron Treads|Iron Treads|88/100|[from] Volt Switch
|
|-weather|SunnyDay|[upkeep]
|-heal|p2a: Raging Bolt|76/100|[from] item: Leftovers
|upkeep
|turn|10
|
|t:|1769425988
|-end|p1a: Iron Treads|Quark Drive|[silent]
|switch|p1a: Pelipper|Pelipper, F|68/100
|-weather|RainDance|[from] ability: Drizzle|[of] p1a: Pelipper
|-end|p2a: Raging Bolt|Protosynthesis
|-end|p2a: Raging Bolt|Protosynthesis|[silent]
|switch|p2a: Great Tusk|Great Tusk|100/100
|
|-weather|RainDance|[upkeep]
|upkeep
|turn|11
|
|t:|1769425993
|-end|p2a: Great Tusk|Protosynthesis|[silent]
|switch|p2a: Ninetales|Ninetales, M|95/100
|-weather|SunnyDay|[from] ability: Drought|[of] p2a: Ninetales
|move|p1a: Pelipper|U-turn|p2a: Ninetales
|-resisted|p2a: Ninetales
|-damage|p2a: Ninetales|90/100
|j| Tbccc15
|
|t:|1769425999
|switch|p1a: Zapdos|Zapdos|100/100|[from] U-turn
|
|-weather|SunnyDay|[upkeep]
|upkeep
|turn|12
|l| Tbccc15
|
|t:|1769426006
|switch|p2a: Great Tusk|Great Tusk|100/100
|-activate|p2a: Great Tusk|ability: Protosynthesis
|-start|p2a: Great Tusk|protosynthesisatk
|move|p1a: Zapdos|Volt Switch|p2a: Great Tusk
|-immune|p2a: Great Tusk
|
|-weather|SunnyDay|[upkeep]
|upkeep
|turn|13
|
|t:|1769426008
|switch|p1a: Hatterene|Hatterene, F|100/100
|move|p2a: Great Tusk|Ice Spinner|p1a: Hatterene
|-damage|p1a: Hatterene|75/100
|
|-weather|SunnyDay|[upkeep]
|-heal|p1a: Hatterene|81/100|[from] item: Leftovers
|upkeep
|turn|14
|
|t:|1769426015
|-end|p2a: Great Tusk|Protosynthesis|[silent]
|switch|p2a: Heatran|Heatran, F|54/100
|move|p1a: Hatterene|Nuzzle|p2a: Heatran
|-damage|p2a: Heatran|50/100
|-status|p2a: Heatran|par
|
|-weather|SunnyDay|[upkeep]
|-heal|p2a: Heatran|56/100 par|[from] item: Leftovers
|-heal|p1a: Hatterene|87/100|[from] item: Leftovers
|upkeep
|turn|15
|
|t:|1769426019
|switch|p1a: Pelipper|Pelipper, F|68/100
|-weather|RainDance|[from] ability: Drizzle|[of] p1a: Pelipper
|cant|p2a: Heatran|par
|
|-weather|RainDance|[upkeep]
|-heal|p2a: Heatran|62/100 par|[from] item: Leftovers
|upkeep
|turn|16
|
|t:|1769426024
|move|p1a: Pelipper|U-turn|p2a: Heatran
|-resisted|p2a: Heatran
|-damage|p2a: Heatran|60/100 par
|
|t:|1769426026
|switch|p1a: Barraskewda|Barraskewda, M|100/100|[from] U-turn
|cant|p2a: Heatran|par
|
|-weather|RainDance|[upkeep]
|-heal|p2a: Heatran|66/100 par|[from] item: Leftovers
|upkeep
|turn|17
|
|t:|1769426033
|switch|p2a: Cresselia|Cresselia, F|100/100
|move|p1a: Barraskewda|Close Combat|p2a: Cresselia
|-resisted|p2a: Cresselia
|-damage|p2a: Cresselia|83/100
|-unboost|p1a: Barraskewda|def|1
|-unboost|p1a: Barraskewda|spd|1
|-damage|p1a: Barraskewda|84/100|[from] item: Rocky Helmet|[of] p2a: Cresselia
|
|-weather|RainDance|[upkeep]
|upkeep
|turn|18
|
|t:|1769426040
|switch|p1a: Zapdos|Zapdos|100/100
|switch|p2a: Ninetales|Ninetales, M|90/100
|-weather|SunnyDay|[from] ability: Drought|[of] p2a: Ninetales
|
|-weather|SunnyDay|[upkeep]
|upkeep
|turn|19
|
|t:|1769426044
|switch|p2a: Walking Wake|Walking Wake|94/100 tox
|-activate|p2a: Walking Wake|ability: Protosynthesis
|-start|p2a: Walking Wake|protosynthesisspe
|move|p1a: Zapdos|Hurricane|p2a: Walking Wake
|-damage|p2a: Walking Wake|0 fnt
|faint|p2a: Walking Wake
|-end|p2a: Walking Wake|Protosynthesis|[silent]
|
|-weather|SunnyDay|[upkeep]
|upkeep
|
|t:|1769426054
|switch|p2a: Heatran|Heatran, F|66/100 par
|turn|20
|
|t:|1769426058
|switch|p1a: Pelipper|Pelipper, F|68/100
|-weather|RainDance|[from] ability: Drizzle|[of] p1a: Pelipper
|move|p2a: Heatran|Power Gem|p1a: Pelipper
|-supereffective|p1a: Pelipper
|-damage|p1a: Pelipper|10/100
|
|-weather|RainDance|[upkeep]
|-heal|p2a: Heatran|72/100 par|[from] item: Leftovers
|upkeep
|turn|21
|
|t:|1769426065
|move|p1a: Pelipper|Roost|p1a: Pelipper
|-heal|p1a: Pelipper|60/100
|-singleturn|p1a: Pelipper|move: Roost
|cant|p2a: Heatran|par
|
|-weather|RainDance|[upkeep]
|-heal|p2a: Heatran|78/100 par|[from] item: Leftovers
|upkeep
|turn|22
|
|t:|1769426069
|switch|p2a: Ninetales|Ninetales, M|90/100
|-weather|SunnyDay|[from] ability: Drought|[of] p2a: Ninetales
|move|p1a: Pelipper|Weather Ball|p2a: Ninetales
|-resisted|p2a: Ninetales
|-damage|p2a: Ninetales|74/100
|
|-weather|SunnyDay|[upkeep]
|upkeep
|turn|23
|
|t:|1769426073
|switch|p2a: Heatran|Heatran, F|78/100 par
|move|p1a: Pelipper|U-turn|p2a: Heatran
|-resisted|p2a: Heatran
|-damage|p2a: Heatran|76/100 par
|
|t:|1769426080
|switch|p1a: Iron Treads|Iron Treads|88/100|[from] U-turn
|
|-weather|SunnyDay|[upkeep]
|-heal|p2a: Heatran|83/100 par|[from] item: Leftovers
|upkeep
|turn|24
|
|t:|1769426086
|switch|p2a: Great Tusk|Great Tusk|100/100
|-activate|p2a: Great Tusk|ability: Protosynthesis
|-start|p2a: Great Tusk|protosynthesisatk
|move|p1a: Iron Treads|Earthquake|p2a: Great Tusk
|-damage|p2a: Great Tusk|78/100
|
|-weather|SunnyDay|[upkeep]
|upkeep
|turn|25
|
|t:|1769426091
|-end|p1a: Iron Treads|Quark Drive|[silent]
|switch|p1a: Zapdos|Zapdos|100/100
|move|p2a: Great Tusk|Knock Off|p1a: Zapdos
|-damage|p1a: Zapdos|58/100
|-status|p2a: Great Tusk|par|[from] ability: Static|[of] p1a: Zapdos
|-enditem|p1a: Zapdos|Choice Specs|[from] move: Knock Off|[of] p2a: Great Tusk
|
|-weather|SunnyDay|[upkeep]
|upkeep
|turn|26
|
|t:|1769426098
|-end|p2a: Great Tusk|Protosynthesis|[silent]
|switch|p2a: Heatran|Heatran, F|83/100 par
|move|p1a: Zapdos|Weather Ball|p2a: Heatran
|-start|p2a: Heatran|ability: Flash Fire
|
|-weather|SunnyDay|[upkeep]
|-heal|p2a: Heatran|89/100 par|[from] item: Leftovers
|upkeep
|turn|27
|
|t:|1769426102
|move|p1a: Zapdos|Volt Switch|p2a: Heatran
|-damage|p2a: Heatran|53/100 par
|
|t:|1769426104
|switch|p1a: Pelipper|Pelipper, F|60/100|[from] Volt Switch
|-weather|RainDance|[from] ability: Drizzle|[of] p1a: Pelipper
|move|p2a: Heatran|Stealth Rock|p1a: Pelipper
|-sidestart|p1: notjishnurc|move: Stealth Rock
|
|-weather|RainDance|[upkeep]
|-heal|p2a: Heatran|59/100 par|[from] item: Leftovers
|upkeep
|turn|28
|
|t:|1769426109
|-end|p2a: Heatran|ability: Flash Fire|[silent]
|switch|p2a: Ninetales|Ninetales, M|74/100
|-weather|SunnyDay|[from] ability: Drought|[of] p2a: Ninetales
|move|p1a: Pelipper|Weather Ball|p2a: Ninetales
|-resisted|p2a: Ninetales
|-damage|p2a: Ninetales|57/100
|
|-weather|SunnyDay|[upkeep]
|upkeep
|turn|29
|
|t:|1769426113
|move|p2a: Ninetales|Weather Ball|p1a: Pelipper
|-resisted|p1a: Pelipper
|-damage|p1a: Pelipper|38/100
|move|p1a: Pelipper|U-turn|p2a: Ninetales
|-resisted|p2a: Ninetales
|-damage|p2a: Ninetales|52/100
|
|t:|1769426117
|switch|p1a: Barraskewda|Barraskewda, M|84/100|[from] U-turn
|-damage|p1a: Barraskewda|72/100|[from] Stealth Rock
|
|-weather|SunnyDay|[upkeep]
|upkeep
|turn|30
|
|t:|1769426119
|switch|p2a: Cresselia|Cresselia, F|83/100
|move|p1a: Barraskewda|Flip Turn|p2a: Cresselia
|-damage|p2a: Cresselia|70/100
|-damage|p1a: Barraskewda|56/100|[from] item: Rocky Helmet|[of] p2a: Cresselia
|
|t:|1769426122
|switch|p1a: Iron Treads|Iron Treads|88/100|[from] Flip Turn
|-damage|p1a: Iron Treads|85/100|[from] Stealth Rock
|
|-weather|SunnyDay|[upkeep]
|upkeep
|turn|31
|
|t:|1769426132
|move|p1a: Iron Treads|Rapid Spin|p2a: Cresselia
|-damage|p2a: Cresselia|63/100
|-boost|p1a: Iron Treads|spe|1
|-damage|p1a: Iron Treads|69/100|[from] item: Rocky Helmet|[of] p2a: Cresselia
|-sideend|p1: notjishnurc|Stealth Rock|[from] move: Rapid Spin|[of] p1a: Iron Treads
|move|p2a: Cresselia|Ice Beam|p1a: Iron Treads
|-damage|p1a: Iron Treads|59/100
|
|-weather|SunnyDay|[upkeep]
|upkeep
|turn|32
|
|t:|1769426135
|move|p1a: Iron Treads|Volt Switch|p2a: Cresselia
|-damage|p2a: Cresselia|55/100
|
|t:|1769426139
|-end|p1a: Iron Treads|Quark Drive|[silent]
|switch|p1a: Pelipper|Pelipper, F|38/100|[from] Volt Switch
|-weather|RainDance|[from] ability: Drizzle|[of] p1a: Pelipper
|move|p2a: Cresselia|Ice Beam|p1a: Pelipper
|-damage|p1a: Pelipper|22/100
|
|-weather|RainDance|[upkeep]
|upkeep
|turn|33
|
|t:|1769426145
|move|p2a: Cresselia|Thunder Wave|p1a: Pelipper
|-status|p1a: Pelipper|par
|move|p1a: Pelipper|Roost|p1a: Pelipper
|-heal|p1a: Pelipper|73/100 par
|-singleturn|p1a: Pelipper|move: Roost
|
|-weather|RainDance|[upkeep]
|upkeep
|turn|34
|
|t:|1769426150
|move|p2a: Cresselia|Ice Beam|p1a: Pelipper
|-damage|p1a: Pelipper|56/100 par
|move|p1a: Pelipper|U-turn|p2a: Cresselia
|-supereffective|p2a: Cresselia
|-damage|p2a: Cresselia|46/100
|-damage|p1a: Pelipper|40/100 par|[from] item: Rocky Helmet|[of] p2a: Cresselia
|
|t:|1769426152
|switch|p1a: Zapdos|Zapdos|58/100|[from] U-turn
|
|-weather|RainDance|[upkeep]
|upkeep
|turn|35
|
|t:|1769426158
|switch|p2a: Raging Bolt|Raging Bolt|76/100
|move|p1a: Zapdos|Hurricane|p2a: Raging Bolt
|-resisted|p2a: Raging Bolt
|-damage|p2a: Raging Bolt|52/100
|
|-weather|RainDance|[upkeep]
|-heal|p2a: Raging Bolt|58/100|[from] item: Leftovers
|upkeep
|turn|36
|
|t:|1769426163
|move|p1a: Zapdos|Volt Switch|p2a: Raging Bolt
|-resisted|p2a: Raging Bolt
|-crit|p2a: Raging Bolt
|-damage|p2a: Raging Bolt|47/100
|
|t:|1769426165
|switch|p1a: Iron Treads|Iron Treads|59/100|[from] Volt Switch
|move|p2a: Raging Bolt|Dragon Pulse|p1a: Iron Treads
|-resisted|p1a: Iron Treads
|-damage|p1a: Iron Treads|44/100
|
|-weather|none
|-heal|p2a: Raging Bolt|53/100|[from] item: Leftovers
|upkeep
|turn|37
|
|t:|1769426174
|-end|p2a: Raging Bolt|Protosynthesis|[silent]
|switch|p2a: Great Tusk|Great Tusk|78/100 par
|move|p1a: Iron Treads|Earthquake|p2a: Great Tusk
|-damage|p2a: Great Tusk|54/100 par
|
|upkeep
|turn|38
|
|t:|1769426183
|-end|p1a: Iron Treads|Quark Drive|[silent]
|switch|p1a: Hatterene|Hatterene, F|87/100
|cant|p2a: Great Tusk|par
|
|-heal|p1a: Hatterene|93/100|[from] item: Leftovers
|upkeep
|turn|39
|
|t:|1769426190
|-end|p2a: Great Tusk|Protosynthesis|[silent]
|switch|p2a: Heatran|Heatran, F|59/100 par
|move|p1a: Hatterene|Nuzzle|p2a: Heatran
|-crit|p2a: Heatran
|-damage|p2a: Heatran|52/100 par
|
|-heal|p2a: Heatran|59/100 par|[from] item: Leftovers
|-heal|p1a: Hatterene|99/100|[from] item: Leftovers
|upkeep
|turn|40
|
|t:|1769426198
|switch|p1a: Iron Treads|Iron Treads|44/100
|move|p2a: Heatran|Magma Storm|p1a: Iron Treads|[miss]
|-miss|p2a: Heatran|p1a: Iron Treads
|
|-heal|p2a: Heatran|65/100 par|[from] item: Leftovers
|upkeep
|turn|41
|
|t:|1769426205
|switch|p2a: Great Tusk|Great Tusk|54/100 par
|move|p1a: Iron Treads|Earthquake|p2a: Great Tusk
|-damage|p2a: Great Tusk|30/100 par
|
|upkeep
|turn|42
|
|t:|1769426212
|-end|p2a: Great Tusk|Protosynthesis|[silent]
|switch|p2a: Cresselia|Cresselia, F|46/100
|move|p1a: Iron Treads|Earthquake|p2a: Cresselia
|-immune|p2a: Cresselia|[from] ability: Levitate
|
|upkeep
|turn|43
|
|t:|1769426214
|move|p1a: Iron Treads|Volt Switch|p2a: Cresselia
|-damage|p2a: Cresselia|39/100
|
|t:|1769426216
|-end|p1a: Iron Treads|Quark Drive|[silent]
|switch|p1a: Zapdos|Zapdos|58/100|[from] Volt Switch
|move|p2a: Cresselia|Moonlight|p2a: Cresselia
|-heal|p2a: Cresselia|89/100
|
|upkeep
|turn|44
|
|t:|1769426220
|move|p1a: Zapdos|Hurricane|p2a: Cresselia|[miss]
|-miss|p1a: Zapdos|p2a: Cresselia
|move|p2a: Cresselia|Ice Beam|p1a: Zapdos
|-supereffective|p1a: Zapdos
|-damage|p1a: Zapdos|22/100
|
|upkeep
|turn|45
|-message|notjishnurc forfeited.
|
|win|Pig Perfect
|raw|notjishnurc's rating: 1564 &rarr; <strong>1545</strong><br />(-19 for losing)
|raw|Pig Perfect's rating: 1576 &rarr; <strong>1595</strong><br />(+19 for winning)
|l|☆notjishnurc
|player|p1|
|c|☆Pig Perfect|Gg
|l|☆Pig Perfect
|player|p2|
