|j|☆dragonyuk
|j|☆Exprroooosaannn
|t:|1769383657
|gametype|singles
|player|p1|dragonyuk|101|1228
|player|p2|Exprroooosaannn|swimmerf-gen4dp|1179
|gen|9
|tier|[Gen 9] OU
|rated|
|rule|HP Percentage Mod: HP is shown in percentages
|rule|Endless Battle Clause: Forcing endless battles is banned
|rule|Species Clause: Limit one of each Pokémon
|rule|OHKO Clause: OHKO moves are banned
|rule|Evasion Items Clause: Evasion items are banned
|rule|Evasion Moves Clause: Evasion moves are banned
|rule|Evasion Abilities Clause: Evasion abilities are banned
|rule|Sleep Moves Clause: Sleep-inducing moves are banned
|clearpoke
|poke|p1|Magneton|
|poke|p1|Psyduck, M|
|poke|p1|Toxapex, F|
|poke|p1|Zoroark-Hisui, F|
|poke|p1|Maushold|
|poke|p1|Hitmontop, M|
|poke|p2|Iron Boulder|
|poke|p2|Darkrai|
|poke|p2|Ogerpon-Cornerstone, F|
|poke|p2|Zamazenta-*|
|poke|p2|Deoxys-Speed|
|poke|p2|Primarina, F|
|teampreview
|inactive|Battle timer is ON: inactive players will automatically lose when time's up. (requested by Exprroooosaannn)
|
|t:|1769383674
|teamsize|p1|6
|teamsize|p2|6
|start
|switch|p1a: DA GOAT|Magneton, shiny|100/100
|switch|p2a: Deoxys|Deoxys-Speed|100/100
|-ability|p2a: Deoxys|Pressure
|turn|1
|
|t:|1769383682
|move|p2a: Deoxys|Stealth Rock|p1a: DA GOAT
|-sidestart|p1: dragonyuk|move: Stealth Rock
|move|p1a: DA GOAT|Thunderbolt|p2a: Deoxys
|-damage|p2a: Deoxys|44/100
|
|upkeep
|turn|2
|
|t:|1769383688
|move|p2a: Deoxys|Spikes|p1a: DA GOAT
|-sidestart|p1: dragonyuk|Spikes
|move|p1a: DA GOAT|Thunderbolt|p2a: Deoxys
|-damage|p2a: Deoxys|0 fnt
|faint|p2a: Deoxys
|
|upkeep
|
|t:|1769383704
|switch|p2a: Zamazenta|Zamazenta|100/100
|-ability|p2a: Zamazenta|Dauntless Shield|boost
|-boost|p2a: Zamazenta|def|1
|turn|3
|
|t:|1769383709
|switch|p1a: DA WALL|Toxapex, F|100/100
|-damage|p1a: DA WALL|88/100|[from] Stealth Rock
|-damage|p1a: DA WALL|75/100|[from] Spikes
|move|p2a: Zamazenta|Close Combat|p1a: DA WALL
|-resisted|p1a: DA WALL
|-damage|p1a: DA WALL|39/100
|-unboost|p2a: Zamazenta|def|1
|-unboost|p2a: Zamazenta|spd|1
|
|upkeep
|turn|4
|
|t:|1769383715
|move|p2a: Zamazenta|Close Combat|p1a: DA WALL
|-resisted|p1a: DA WALL
|-damage|p1a: DA WALL|5/100
|-unboost|p2a: Zamazenta|def|1
|-unboost|p2a: Zamazenta|spd|1
|move|p1a: DA WALL|Liquidation|p2a: Zamazenta
|-damage|p2a: Zamazenta|40/100
|
|upkeep
|turn|5
|
|t:|1769383722
|move|p2a: Zamazenta|Close Combat|p1a: DA WALL
|-resisted|p1a: DA WALL
|-damage|p1a: DA WALL|0 fnt
|-unboost|p2a: Zamazenta|def|1
|-unboost|p2a: Zamazenta|spd|1
|faint|p1a: DA WALL
|
|upkeep
|
|t:|1769383727
|switch|p1a: Beyblade|Hitmontop, M|100/100
|-damage|p1a: Beyblade|94/100|[from] Stealth Rock
|-damage|p1a: Beyblade|82/100|[from] Spikes
|turn|6
|
|t:|1769383733
|switch|p2a: Primarina|Primarina, F, shiny|100/100
|move|p1a: Beyblade|Rapid Spin|p2a: Primarina
|-damage|p2a: Primarina|65/100
|-boost|p1a: Beyblade|spe|1
|-sideend|p1: dragonyuk|Spikes|[from] move: Rapid Spin|[of] p1a: Beyblade
|-sideend|p1: dragonyuk|Stealth Rock|[from] move: Rapid Spin|[of] p1a: Beyblade
|
|-heal|p1a: Beyblade|88/100|[from] item: Leftovers
|-heal|p2a: Primarina|71/100|[from] item: Leftovers
|upkeep
|turn|7
|
|t:|1769383749
|switch|p1a: DA GOAT|Magneton, shiny|100/100
|move|p2a: Primarina|Draining Kiss|p1a: DA GOAT
|-resisted|p1a: DA GOAT
|-damage|p1a: DA GOAT|77/100
|-heal|p2a: Primarina|85/100|[from] drain|[of] p1a: DA GOAT
|
|-heal|p2a: Primarina|91/100|[from] item: Leftovers
|upkeep
|turn|8
|
|t:|1769383754
|switch|p2a: Zamazenta|Zamazenta|40/100
|move|p1a: DA GOAT|Volt Switch|p2a: Zamazenta
|-damage|p2a: Zamazenta|5/100
|
|t:|1769383757
|switch|p1a: Beyblade|Hitmontop, M|88/100|[from] Volt Switch
|
|-heal|p1a: Beyblade|94/100|[from] item: Leftovers
|upkeep
|turn|9
|
|t:|1769383762
|move|p1a: Beyblade|Mach Punch|p2a: Zamazenta
|-damage|p2a: Zamazenta|0 fnt
|faint|p2a: Zamazenta
|
|-heal|p1a: Beyblade|100/100|[from] item: Leftovers
|upkeep
|
|t:|1769383769
|switch|p2a: Iron Boulder|Iron Boulder|100/100
|-enditem|p2a: Iron Boulder|Booster Energy
|-activate|p2a: Iron Boulder|ability: Quark Drive|[fromitem]
|-start|p2a: Iron Boulder|quarkdrivespe
|turn|10
|
|t:|1769383775
|move|p2a: Iron Boulder|Swords Dance|p2a: Iron Boulder
|-boost|p2a: Iron Boulder|atk|2
|move|p1a: Beyblade|Triple Axel|p2a: Iron Boulder
|-damage|p2a: Iron Boulder|88/100
|-damage|p2a: Iron Boulder|66/100
|-damage|p2a: Iron Boulder|28/100
|-hitcount|p2a: Iron Boulder|3
|
|upkeep
|turn|11
|
|t:|1769383783
|move|p1a: Beyblade|Mach Punch|p2a: Iron Boulder
|-damage|p2a: Iron Boulder|0 fnt
|faint|p2a: Iron Boulder
|-end|p2a: Iron Boulder|Quark Drive|[silent]
|
|upkeep
|
|t:|1769383787
|switch|p2a: Ogerpon|Ogerpon-Cornerstone, F|100/100
|turn|12
|
|t:|1769383792
|move|p2a: Ogerpon|Ivy Cudgel|p1a: Beyblade|[anim] Ivy Cudgel Rock
|-resisted|p1a: Beyblade
|-damage|p1a: Beyblade|67/100
|move|p1a: Beyblade|Triple Axel|p2a: Ogerpon
|-supereffective|p2a: Ogerpon
|-damage|p2a: Ogerpon|75/100
|-hitcount|p2a: Ogerpon|1
|
|-heal|p1a: Beyblade|73/100|[from] item: Leftovers
|upkeep
|turn|13
|
|t:|1769383797
|move|p2a: Ogerpon|Ivy Cudgel|p1a: Beyblade|[anim] Ivy Cudgel Rock
|-resisted|p1a: Beyblade
|-damage|p1a: Beyblade|35/100
|move|p1a: Beyblade|Triple Axel|p2a: Ogerpon
|-supereffective|p2a: Ogerpon
|-damage|p2a: Ogerpon|50/100
|-supereffective|p2a: Ogerpon
|-damage|p2a: Ogerpon|4/100
|-supereffective|p2a: Ogerpon
|-damage|p2a: Ogerpon|0 fnt
|faint|p2a: Ogerpon
|-hitcount|p2: Ogerpon|3
|
|-heal|p1a: Beyblade|41/100|[from] item: Leftovers
|upkeep
|
|t:|1769383801
|switch|p2a: Darkrai|Darkrai, shiny|100/100
|turn|14
|
|t:|1769383804
|move|p1a: Beyblade|Mach Punch|p2a: Darkrai
|-supereffective|p2a: Darkrai
|-damage|p2a: Darkrai|25/100
|move|p2a: Darkrai|Sludge Bomb|p1a: Beyblade
|-damage|p1a: Beyblade|8/100
|-status|p1a: Beyblade|psn
|
|-heal|p1a: Beyblade|14/100 psn|[from] item: Leftovers
|-damage|p1a: Beyblade|2/100 psn|[from] psn
|upkeep
|turn|15
|
|t:|1769383808
|move|p1a: Beyblade|Mach Punch|p2a: Darkrai
|-supereffective|p2a: Darkrai
|-damage|p2a: Darkrai|0 fnt
|faint|p2a: Darkrai
|
|-heal|p1a: Beyblade|8/100 psn|[from] item: Leftovers
|-damage|p1a: Beyblade|0 fnt|[from] psn
|faint|p1a: Beyblade
|upkeep
|
|t:|1769383810
|switch|p2a: Primarina|Primarina, F, shiny|91/100
|switch|p1a: DA GOAT|Magneton, shiny|77/100
|turn|16
|
|t:|1769383817
|move|p1a: DA GOAT|Thunderbolt|p2a: Primarina
|-supereffective|p2a: Primarina
|-damage|p2a: Primarina|21/100
|move|p2a: Primarina|Calm Mind|p2a: Primarina
|-boost|p2a: Primarina|spa|1
|-boost|p2a: Primarina|spd|1
|
|-heal|p2a: Primarina|27/100|[from] item: Leftovers
|upkeep
|turn|17
|
|t:|1769383822
|move|p1a: DA GOAT|Thunderbolt|p2a: Primarina
|-supereffective|p2a: Primarina
|-crit|p2a: Primarina
|-damage|p2a: Primarina|0 fnt
|faint|p2a: Primarina
|
|win|dragonyuk
|raw|dragonyuk's rating: 1228 &rarr; <strong>1249</strong><br />(+21 for winning)
|raw|Exprroooosaannn's rating: 1179 &rarr; <strong>1158</strong><br />(-21 for losing)
|l|☆dragonyuk
|player|p1|
