|j|☆eltitoguille
|j|☆lord shiddenfards
|t:|1769438783
|gametype|singles
|player|p1|eltitoguille|101|1593
|player|p2|lord shiddenfards|rood|1590
|gen|9
|tier|[Gen 9] OU
|rated|
|rule|HP Percentage Mod: HP is shown in percentages
|rule|Endless Battle Clause: Forcing endless battles is banned
|rule|Species Clause: Limit one of each Pokémon
|rule|OHKO Clause: OHKO moves are banned
|rule|Evasion Items Clause: Evasion items are banned
|rule|Evasion Moves Clause: Evasion moves are banned
|rule|Evasion Abilities Clause: Evasion abilities are banned
|rule|Sleep Moves Clause: Sleep-inducing moves are banned
|clearpoke
|poke|p1|Tinkaton, F|
|poke|p1|Ogerpon, F|
|poke|p1|Great Tusk|
|poke|p1|Pecharunt|
|poke|p1|Alomomola, M|
|poke|p1|Hydreigon, M|
|poke|p2|Ninetales, M|
|poke|p2|Great Tusk|
|poke|p2|Slither Wing|
|poke|p2|Raging Bolt|
|poke|p2|Iron Moth|
|poke|p2|Alomomola, M|
|teampreview
|
|t:|1769438811
|teamsize|p1|6
|teamsize|p2|6
|start
|switch|p1a: Hybrid|Hydreigon, M, shiny|100/100
|switch|p2a: Ninetales|Ninetales, M|100/100
|-weather|SunnyDay|[from] ability: Drought|[of] p2a: Ninetales
|turn|1
|
|t:|1769438830
|switch|p2a: Alomomola|Alomomola, M|100/100
|move|p1a: Hybrid|Draco Meteor|p2a: Alomomola
|-damage|p2a: Alomomola|13/100
|-unboost|p1a: Hybrid|spa|2
|-enditem|p2a: Alomomola|Eject Button
|
|t:|1769438839
|switch|p2a: Slither Wing|Slither Wing|100/100
|-activate|p2a: Slither Wing|ability: Protosynthesis
|-start|p2a: Slither Wing|protosynthesisatk
|
|-weather|SunnyDay|[upkeep]
|upkeep
|turn|2
|
|t:|1769438852
|switch|p1a: Overseer|Pecharunt|100/100
|move|p2a: Slither Wing|U-turn|p1a: Overseer
|-resisted|p1a: Overseer
|-damage|p1a: Overseer|92/100
|-damage|p2a: Slither Wing|84/100|[from] item: Rocky Helmet|[of] p1a: Overseer
|
|t:|1769438859
|-end|p2a: Slither Wing|Protosynthesis|[silent]
|switch|p2a: Raging Bolt|Raging Bolt|100/100|[from] U-turn
|-activate|p2a: Raging Bolt|ability: Protosynthesis
|-start|p2a: Raging Bolt|protosynthesisspa
|
|-weather|SunnyDay|[upkeep]
|upkeep
|turn|3
|
|t:|1769438877
|switch|p1a: Behemoth|Great Tusk, shiny|100/100
|-activate|p1a: Behemoth|ability: Protosynthesis
|-start|p1a: Behemoth|protosynthesisatk
|move|p2a: Raging Bolt|Weather Ball|p1a: Behemoth
|-damage|p1a: Behemoth|0 fnt
|faint|p1a: Behemoth
|-end|p1a: Behemoth|Protosynthesis|[silent]
|
|-weather|SunnyDay|[upkeep]
|upkeep
|
|t:|1769438885
|switch|p1a: Pisces|Alomomola, M, shiny|100/100
|turn|4
|
|t:|1769438894
|-end|p2a: Raging Bolt|Protosynthesis|[silent]
|switch|p2a: Slither Wing|Slither Wing|84/100
|-activate|p2a: Slither Wing|ability: Protosynthesis
|-start|p2a: Slither Wing|protosynthesisatk
|move|p1a: Pisces|Flip Turn|p2a: Slither Wing
|-damage|p2a: Slither Wing|74/100
|
|t:|1769438898
|switch|p1a: Overseer|Pecharunt|92/100|[from] Flip Turn
|
|-weather|SunnyDay|[upkeep]
|upkeep
|turn|5
|
|t:|1769438901
|move|p2a: Slither Wing|Earthquake|p1a: Overseer
|-supereffective|p1a: Overseer
|-damage|p1a: Overseer|19/100
|move|p1a: Overseer|Parting Shot|p2a: Slither Wing
|-unboost|p2a: Slither Wing|atk|1
|-unboost|p2a: Slither Wing|spa|1
|
|t:|1769438905
|switch|p1a: Hybrid|Hydreigon, M, shiny|100/100|[from] Parting Shot
|
|-weather|none
|-end|p2a: Slither Wing|Protosynthesis
|upkeep
|turn|6
|
|t:|1769438914
|-end|p2a: Slither Wing|Protosynthesis|[silent]
|switch|p2a: Alomomola|Alomomola, M|46/100
|move|p1a: Hybrid|Draco Meteor|p2a: Alomomola
|-crit|p2a: Alomomola
|-damage|p2a: Alomomola|0 fnt
|-unboost|p1a: Hybrid|spa|2
|faint|p2a: Alomomola
|
|upkeep
|
|t:|1769438929
|switch|p2a: Raging Bolt|Raging Bolt|100/100
|turn|7
|
|t:|1769438938
|switch|p1a: Overseer|Pecharunt|19/100
|move|p2a: Raging Bolt|Volt Switch|p1a: Overseer
|-damage|p1a: Overseer|0 fnt
|faint|p1a: Overseer
|
|t:|1769438946
|-end|p2a: Raging Bolt|Protosynthesis|[silent]
|switch|p2a: Ninetales|Ninetales, M|100/100|[from] Volt Switch
|-weather|SunnyDay|[from] ability: Drought|[of] p2a: Ninetales
|
|-weather|SunnyDay|[upkeep]
|upkeep
|
|t:|1769438948
|switch|p1a: Hybrid|Hydreigon, M, shiny|100/100
|turn|8
|
|t:|1769438962
|move|p2a: Ninetales|Overheat|p1a: Hybrid
|-resisted|p1a: Hybrid
|-damage|p1a: Hybrid|35/100
|-unboost|p2a: Ninetales|spa|2
|move|p1a: Hybrid|Draco Meteor|p2a: Ninetales
|-damage|p2a: Ninetales|0 fnt
|-unboost|p1a: Hybrid|spa|2
|faint|p2a: Ninetales
|
|-weather|SunnyDay|[upkeep]
|upkeep
|
|t:|1769438983
|switch|p2a: Slither Wing|Slither Wing|74/100
|-activate|p2a: Slither Wing|ability: Protosynthesis
|-start|p2a: Slither Wing|protosynthesisatk
|turn|9
|
|t:|1769438987
|switch|p1a: Pisces|Alomomola, M, shiny|100/100
|move|p2a: Slither Wing|U-turn|p1a: Pisces
|-damage|p1a: Pisces|41/100
|
|t:|1769438990
|-end|p2a: Slither Wing|Protosynthesis|[silent]
|switch|p2a: Raging Bolt|Raging Bolt|100/100|[from] U-turn
|-activate|p2a: Raging Bolt|ability: Protosynthesis
|-start|p2a: Raging Bolt|protosynthesisspa
|
|-weather|SunnyDay|[upkeep]
|upkeep
|turn|10
|
|t:|1769439007
|switch|p1a: Anonymous|Ogerpon, F|100/100
|move|p2a: Raging Bolt|Volt Switch|p1a: Anonymous
|-resisted|p1a: Anonymous
|-damage|p1a: Anonymous|67/100
|
|t:|1769439019
|-end|p2a: Raging Bolt|Protosynthesis|[silent]
|switch|p2a: Slither Wing|Slither Wing|74/100|[from] Volt Switch
|-activate|p2a: Slither Wing|ability: Protosynthesis
|-start|p2a: Slither Wing|protosynthesisatk
|
|-weather|SunnyDay|[upkeep]
|upkeep
|turn|11
|
|t:|1769439030
|switch|p1a: Smile.exe|Tinkaton, F, shiny|100/100
|-item|p1a: Smile.exe|Air Balloon
|move|p2a: Slither Wing|First Impression|p1a: Smile.exe
|-resisted|p1a: Smile.exe
|-damage|p1a: Smile.exe|66/100
|-enditem|p1a: Smile.exe|Air Balloon
|-enditem|p2a: Slither Wing|Choice Band|[silent]|[from] ability: Pickpocket|[of] p2a: Slither Wing
|-item|p1a: Smile.exe|Choice Band|[from] ability: Pickpocket|[of] p2a: Slither Wing
|
|-weather|none
|-end|p2a: Slither Wing|Protosynthesis
|upkeep
|turn|12
|
|t:|1769439044
|-end|p2a: Slither Wing|Protosynthesis|[silent]
|switch|p2a: Great Tusk|Great Tusk|100/100
|move|p1a: Smile.exe|Stealth Rock|p2a: Great Tusk
|-sidestart|p2: lord shiddenfards|move: Stealth Rock
|
|upkeep
|turn|13
|
|t:|1769439055
|switch|p1a: Anonymous|Ogerpon, F|67/100
|move|p2a: Great Tusk|Bulk Up|p2a: Great Tusk
|-boost|p2a: Great Tusk|atk|1
|-boost|p2a: Great Tusk|def|1
|
|upkeep
|turn|14
|
|t:|1769439063
|-terastallize|p2a: Great Tusk|Ghost
|move|p1a: Anonymous|Ivy Cudgel|p2a: Great Tusk
|-damage|p2a: Great Tusk|70/100
|move|p2a: Great Tusk|Rapid Spin|p1a: Anonymous
|-damage|p1a: Anonymous|36/100
|-boost|p2a: Great Tusk|spe|1
|-sideend|p2: lord shiddenfards|Stealth Rock|[from] move: Rapid Spin|[of] p2a: Great Tusk
|
|upkeep
|turn|15
|
|t:|1769439074
|move|p2a: Great Tusk|Ice Spinner|p1a: Anonymous
|-supereffective|p1a: Anonymous
|-damage|p1a: Anonymous|0 fnt
|faint|p1a: Anonymous
|
|upkeep
|
|t:|1769439076
|switch|p1a: Hybrid|Hydreigon, M, shiny|35/100
|turn|16
|
|t:|1769439079
|-terastallize|p1a: Hybrid|Steel
|move|p2a: Great Tusk|Ice Spinner|p1a: Hybrid
|-resisted|p1a: Hybrid
|-damage|p1a: Hybrid|15/100
|move|p1a: Hybrid|Dark Pulse|p2a: Great Tusk
|-supereffective|p2a: Great Tusk
|-damage|p2a: Great Tusk|0 fnt
|faint|p2a: Great Tusk
|-end|p2a: Great Tusk|Protosynthesis|[silent]
|
|upkeep
|
|t:|1769439085
|switch|p2a: Iron Moth|Iron Moth|100/100
|-enditem|p2a: Iron Moth|Booster Energy
|-activate|p2a: Iron Moth|ability: Quark Drive|[fromitem]
|-start|p2a: Iron Moth|quarkdrivespe
|turn|17
|
|t:|1769439088
|switch|p1a: Pisces|Alomomola, M, shiny|75/100
|move|p2a: Iron Moth|Fiery Dance|p1a: Pisces
|-resisted|p1a: Pisces
|-damage|p1a: Pisces|64/100
|
|upkeep
|turn|18
|
|t:|1769439097
|move|p2a: Iron Moth|Sludge Wave|p1a: Pisces
|-damage|p1a: Pisces|41/100
|move|p1a: Pisces|Flip Turn|p2a: Iron Moth
|-supereffective|p2a: Iron Moth
|-damage|p2a: Iron Moth|44/100
|
|t:|1769439106
|switch|p1a: Hybrid|Hydreigon, M, shiny, tera:Steel|15/100|[from] Flip Turn
|
|upkeep
|turn|19
|
|t:|1769439112
|switch|p1a: Pisces|Alomomola, M, shiny|75/100
|move|p2a: Iron Moth|Substitute|p2a: Iron Moth
|-start|p2a: Iron Moth|Substitute
|-damage|p2a: Iron Moth|19/100
|
|upkeep
|turn|20
|
|t:|1769439117
|move|p1a: Pisces|Aqua Jet|p2a: Iron Moth
|-supereffective|p2a: Iron Moth
|-end|p2a: Iron Moth|Substitute
|move|p2a: Iron Moth|Sludge Wave|p1a: Pisces
|-damage|p1a: Pisces|52/100
|
|upkeep
|turn|21
|
|t:|1769439124
|-end|p2a: Iron Moth|Quark Drive|[silent]
|switch|p2a: Raging Bolt|Raging Bolt|100/100
|move|p1a: Pisces|Flip Turn|p2a: Raging Bolt
|-resisted|p2a: Raging Bolt
|-damage|p2a: Raging Bolt|94/100
|
|t:|1769439128
|switch|p1a: Smile.exe|Tinkaton, F, shiny|66/100|[from] Flip Turn
|
|upkeep
|turn|22
|
|t:|1769439131
|move|p1a: Smile.exe|Ice Hammer|p2a: Raging Bolt
|-supereffective|p2a: Raging Bolt
|-damage|p2a: Raging Bolt|34/100
|-unboost|p1a: Smile.exe|spe|1
|move|p2a: Raging Bolt|Volt Switch|p1a: Smile.exe
|-damage|p1a: Smile.exe|26/100
|
|t:|1769439140
|-end|p2a: Raging Bolt|Protosynthesis|[silent]
|switch|p2a: Iron Moth|Iron Moth|19/100|[from] Volt Switch
|
|upkeep
|turn|23
|
|t:|1769439143
|-end|p2a: Iron Moth|Quark Drive|[silent]
|switch|p2a: Slither Wing|Slither Wing|74/100
|switch|p1a: Pisces|Alomomola, M, shiny|85/100
|
|upkeep
|turn|24
|
|t:|1769439149
|move|p2a: Slither Wing|Close Combat|p1a: Pisces
|-damage|p1a: Pisces|34/100
|-unboost|p2a: Slither Wing|def|1
|-unboost|p2a: Slither Wing|spd|1
|move|p1a: Pisces|Flip Turn|p2a: Slither Wing
|-damage|p2a: Slither Wing|40/100
|
|t:|1769439156
|switch|p1a: Hybrid|Hydreigon, M, shiny, tera:Steel|15/100|[from] Flip Turn
|
|upkeep
|turn|25
|
|t:|1769439172
|-end|p2a: Slither Wing|Protosynthesis|[silent]
|switch|p2a: Iron Moth|Iron Moth|19/100
|move|p1a: Hybrid|Draco Meteor|p2a: Iron Moth
|-damage|p2a: Iron Moth|0 fnt
|-unboost|p1a: Hybrid|spa|2
|faint|p2a: Iron Moth
|-end|p2a: Iron Moth|Quark Drive|[silent]
|
|upkeep
|
|t:|1769439174
|switch|p2a: Raging Bolt|Raging Bolt|34/100
|turn|26
|
|t:|1769439180
|move|p1a: Hybrid|Draco Meteor|p2a: Raging Bolt
|-supereffective|p2a: Raging Bolt
|-damage|p2a: Raging Bolt|0 fnt
|-unboost|p1a: Hybrid|spa|2
|faint|p2a: Raging Bolt
|-end|p2a: Raging Bolt|Protosynthesis|[silent]
|
|upkeep
|
|t:|1769439182
|switch|p2a: Slither Wing|Slither Wing|40/100
|turn|27
|
|t:|1769439187
|switch|p1a: Smile.exe|Tinkaton, F, shiny|26/100
|move|p2a: Slither Wing|Close Combat|p1a: Smile.exe
|-damage|p1a: Smile.exe|0 fnt
|-unboost|p2a: Slither Wing|def|1
|-unboost|p2a: Slither Wing|spd|1
|faint|p1a: Smile.exe
|
|upkeep
|
|t:|1769439189
|switch|p1a: Hybrid|Hydreigon, M, shiny, tera:Steel|15/100
|turn|28
|
|t:|1769439192
|move|p1a: Hybrid|Flash Cannon|p2a: Slither Wing
|-crit|p2a: Slither Wing
|-damage|p2a: Slither Wing|0 fnt
|faint|p2a: Slither Wing
|-end|p2a: Slither Wing|Protosynthesis|[silent]
|
|win|eltitoguille
|raw|eltitoguille's rating: 1593 &rarr; <strong>1613</strong><br />(+20 for winning)
|raw|lord shiddenfards's rating: 1590 &rarr; <strong>1570</strong><br />(-20 for losing)
|l|☆lord shiddenfards
|player|p2|
|l|☆eltitoguille
|player|p1|
