|j|☆SKron
|j|☆Mortifi
|t:|1769343976
|gametype|singles
|player|p1|SKron|170|1463
|player|p2|Mortifi|pokemaniac|1549
|gen|9
|tier|[Gen 9] OU
|rated|
|rule|HP Percentage Mod: HP is shown in percentages
|rule|Endless Battle Clause: Forcing endless battles is banned
|rule|Species Clause: Limit one of each Pokémon
|rule|OHKO Clause: OHKO moves are banned
|rule|Evasion Items Clause: Evasion items are banned
|rule|Evasion Moves Clause: Evasion moves are banned
|rule|Evasion Abilities Clause: Evasion abilities are banned
|rule|Sleep Moves Clause: Sleep-inducing moves are banned
|clearpoke
|poke|p1|Great Tusk|
|poke|p1|Deoxys-Speed|
|poke|p1|Moltres|
|poke|p1|Tyranitar, M|
|poke|p1|Hatterene, F|
|poke|p1|Glimmora, F|
|poke|p2|Fezandipiti, M|
|poke|p2|Corviknight, F|
|poke|p2|Hoopa-Unbound|
|poke|p2|Gliscor, M|
|poke|p2|Kingambit, F|
|poke|p2|Dragapult, M|
|teampreview
|c|☆SKron|gl
|inactive|Battle timer is ON: inactive players will automatically lose when time's up. (requested by SKron)
|
|t:|1769344022
|teamsize|p1|6
|teamsize|p2|6
|start
|switch|p1a: Great Tusk|Great Tusk|100/100
|switch|p2a: Dragapult|Dragapult, M|100/100
|turn|1
|
|t:|1769344030
|switch|p2a: Corviknight|Corviknight, F|100/100
|-ability|p2a: Corviknight|Pressure
|-end|p1a: Great Tusk|Protosynthesis|[silent]
|switch|p1a: Tyranitar|Tyranitar, M|100/100
|-weather|Sandstorm|[from] ability: Sand Stream|[of] p1a: Tyranitar
|
|-weather|Sandstorm|[upkeep]
|upkeep
|turn|2
|
|t:|1769344047
|switch|p1a: Moltres|Moltres|100/100
|move|p2a: Corviknight|Bulk Up|p2a: Corviknight
|-boost|p2a: Corviknight|atk|1
|-boost|p2a: Corviknight|def|1
|
|-weather|Sandstorm|[upkeep]
|-damage|p1a: Moltres|94/100|[from] Sandstorm
|upkeep
|turn|3
|
|t:|1769344055
|switch|p2a: Fezandipiti|Fezandipiti, M|100/100
|move|p1a: Moltres|Flamethrower|p2a: Fezandipiti
|-damage|p2a: Fezandipiti|73/100
|
|-weather|Sandstorm|[upkeep]
|-damage|p1a: Moltres|88/100|[from] Sandstorm
|-damage|p2a: Fezandipiti|67/100|[from] Sandstorm
|upkeep
|turn|4
|
|t:|1769344066
|switch|p1a: Glimmora|Glimmora, F|100/100
|move|p2a: Fezandipiti|Roost|p2a: Fezandipiti
|-heal|p2a: Fezandipiti|100/100
|-singleturn|p2a: Fezandipiti|move: Roost
|
|-weather|Sandstorm|[upkeep]
|-damage|p2a: Fezandipiti|94/100|[from] Sandstorm
|upkeep
|turn|5
|
|t:|1769344073
|move|p1a: Glimmora|Stealth Rock|p2a: Fezandipiti
|-sidestart|p2: Mortifi|move: Stealth Rock
|move|p2a: Fezandipiti|U-turn|p1a: Glimmora
|-resisted|p1a: Glimmora
|-damage|p1a: Glimmora|91/100
|-activate|p1a: Glimmora|ability: Toxic Debris
|-sidestart|p2: Mortifi|move: Toxic Spikes
|
|t:|1769344079
|switch|p2a: Gliscor|Gliscor, M|100/100|[from] U-turn
|-damage|p2a: Gliscor|88/100|[from] Stealth Rock
|
|-weather|none
|-status|p2a: Gliscor|tox|[from] item: Toxic Orb
|upkeep
|turn|6
|
|t:|1769344089
|switch|p1a: Hatterene|Hatterene, F|100/100
|move|p2a: Gliscor|Stealth Rock|p1a: Hatterene
|move|p1a: Hatterene|Stealth Rock||[from] ability: Magic Bounce|[still]
|-fail|p1a: Hatterene
|
|-heal|p2a: Gliscor|100/100 tox|[from] ability: Poison Heal
|upkeep
|turn|7
|
|t:|1769344101
|move|p2a: Gliscor|Knock Off|p1a: Hatterene
|-damage|p1a: Hatterene|77/100
|-enditem|p1a: Hatterene|Choice Specs|[from] move: Knock Off|[of] p2a: Gliscor
|move|p1a: Hatterene|Psychic Noise|p2a: Gliscor
|-damage|p2a: Gliscor|66/100 tox
|-start|p2a: Gliscor|move: Heal Block
|
|upkeep
|turn|8
|
|t:|1769344114
|move|p2a: Gliscor|Protect|p2a: Gliscor
|-singleturn|p2a: Gliscor|Protect
|move|p1a: Hatterene|Dazzling Gleam|p2a: Gliscor
|-activate|p2a: Gliscor|move: Protect
|
|-end|p2a: Gliscor|move: Heal Block
|upkeep
|turn|9
|
|t:|1769344121
|switch|p2a: Corviknight|Corviknight, F|100/100
|-damage|p2a: Corviknight|88/100|[from] Stealth Rock
|-ability|p2a: Corviknight|Pressure
|move|p1a: Hatterene|Dazzling Gleam|p2a: Corviknight
|-resisted|p2a: Corviknight
|-damage|p2a: Corviknight|65/100
|
|upkeep
|turn|10
|
|t:|1769344130
|move|p2a: Corviknight|Defog|p1a: Hatterene
|move|p1a: Hatterene|Defog|p2a: Corviknight|[from] ability: Magic Bounce
|-unboost|p2a: Corviknight|evasion|1
|-sideend|p2: Mortifi|Toxic Spikes|[from] move: Defog|[of] p1a: Hatterene
|-sideend|p2: Mortifi|Stealth Rock|[from] move: Defog|[of] p1a: Hatterene
|move|p1a: Hatterene|Mystical Fire|p2a: Corviknight
|-supereffective|p2a: Corviknight
|-damage|p2a: Corviknight|4/100
|-unboost|p2a: Corviknight|spa|1
|
|upkeep
|turn|11
|
|t:|1769344148
|switch|p2a: Hoopa|Hoopa-Unbound|100/100
|move|p1a: Hatterene|Mystical Fire|p2a: Hoopa
|-damage|p2a: Hoopa|74/100
|-unboost|p2a: Hoopa|spa|1
|
|upkeep
|turn|12
|
|t:|1769344156
|switch|p1a: Glimmora|Glimmora, F|91/100
|move|p2a: Hoopa|Knock Off|p1a: Glimmora
|-damage|p1a: Glimmora|0 fnt
|-activate|p1a: Glimmora|ability: Toxic Debris
|-sidestart|p2: Mortifi|move: Toxic Spikes
|-enditem|p1a: Glimmora|Focus Sash|[from] move: Knock Off|[of] p2a: Hoopa
|faint|p1a: Glimmora
|
|upkeep
|
|t:|1769344161
|switch|p1a: Great Tusk|Great Tusk|100/100
|turn|13
|
|t:|1769344173
|switch|p2a: Gliscor|Gliscor, M|66/100 tox
|move|p1a: Great Tusk|Ice Spinner|p2a: Gliscor
|-supereffective|p2a: Gliscor
|-damage|p2a: Gliscor|0 fnt
|faint|p2a: Gliscor
|
|upkeep
|
|t:|1769344180
|switch|p2a: Dragapult|Dragapult, M|100/100
|turn|14
|
|t:|1769344191
|-end|p1a: Great Tusk|Protosynthesis|[silent]
|switch|p1a: Hatterene|Hatterene, F|77/100
|move|p2a: Dragapult|Hex|p1a: Hatterene
|-supereffective|p1a: Hatterene
|-damage|p1a: Hatterene|17/100
|
|upkeep
|turn|15
|
|t:|1769344198
|switch|p1a: Tyranitar|Tyranitar, M|100/100
|-weather|Sandstorm|[from] ability: Sand Stream|[of] p1a: Tyranitar
|move|p2a: Dragapult|U-turn|p1a: Tyranitar
|-supereffective|p1a: Tyranitar
|-damage|p1a: Tyranitar|65/100
|
|t:|1769344205
|switch|p2a: Fezandipiti|Fezandipiti, M|94/100|[from] U-turn
|-sideend|p2: Mortifi|move: Toxic Spikes|[of] p2a: Fezandipiti
|
|-weather|Sandstorm|[upkeep]
|-damage|p2a: Fezandipiti|88/100|[from] Sandstorm
|upkeep
|turn|16
|c|☆SKron|Wp
|
|t:|1769344212
|switch|p1a: Hatterene|Hatterene, F|17/100
|move|p2a: Fezandipiti|U-turn|p1a: Hatterene
|-damage|p1a: Hatterene|0 fnt
|faint|p1a: Hatterene
|
|t:|1769344220
|switch|p2a: Dragapult|Dragapult, M|100/100|[from] U-turn
|
|-weather|Sandstorm|[upkeep]
|-damage|p2a: Dragapult|95/100|[from] Sandstorm
|upkeep
|
|t:|1769344223
|switch|p1a: Deoxys|Deoxys-Speed|100/100
|-ability|p1a: Deoxys|Pressure
|turn|17
|
|t:|1769344236
|switch|p2a: Corviknight|Corviknight, F|4/100
|-ability|p2a: Corviknight|Pressure
|move|p1a: Deoxys|Knock Off|p2a: Corviknight
|-damage|p2a: Corviknight|0 fnt
|-damage|p1a: Deoxys|84/100|[from] item: Rocky Helmet|[of] p2a: Corviknight
|-enditem|p2a: Corviknight|Rocky Helmet|[from] move: Knock Off|[of] p1a: Deoxys
|faint|p2a: Corviknight
|-damage|p1a: Deoxys|74/100|[from] item: Life Orb
|
|-weather|Sandstorm|[upkeep]
|-damage|p1a: Deoxys|68/100|[from] Sandstorm
|upkeep
|
|t:|1769344251
|switch|p2a: Kingambit|Kingambit, F|100/100
|-activate|p2a: Kingambit|ability: Supreme Overlord
|-start|p2a: Kingambit|fallen2|[silent]
|turn|18
|
|t:|1769344255
|switch|p1a: Moltres|Moltres|88/100
|move|p2a: Kingambit|Sucker Punch||[still]
|-fail|p2a: Kingambit
|
|-weather|Sandstorm|[upkeep]
|-damage|p1a: Moltres|82/100|[from] Sandstorm
|upkeep
|turn|19
|
|t:|1769344262
|-end|p2a: Kingambit|fallen2|[silent]
|switch|p2a: Fezandipiti|Fezandipiti, M|88/100
|move|p1a: Moltres|U-turn|p2a: Fezandipiti
|-resisted|p2a: Fezandipiti
|-crit|p2a: Fezandipiti
|-damage|p2a: Fezandipiti|83/100
|
|t:|1769344266
|switch|p1a: Great Tusk|Great Tusk|100/100|[from] U-turn
|
|-weather|none
|upkeep
|turn|20
|
|t:|1769344273
|-terastallize|p2a: Fezandipiti|Water
|move|p1a: Great Tusk|Headlong Rush|p2a: Fezandipiti
|-damage|p2a: Fezandipiti|0 fnt
|-unboost|p1a: Great Tusk|def|1
|-unboost|p1a: Great Tusk|spd|1
|faint|p2a: Fezandipiti
|
|upkeep
|
|t:|1769344292
|switch|p2a: Dragapult|Dragapult, M|95/100
|turn|21
|
|t:|1769344295
|-end|p1a: Great Tusk|Protosynthesis|[silent]
|switch|p1a: Tyranitar|Tyranitar, M|65/100
|-weather|Sandstorm|[from] ability: Sand Stream|[of] p1a: Tyranitar
|move|p2a: Dragapult|Will-O-Wisp|p1a: Tyranitar
|-status|p1a: Tyranitar|brn
|
|-weather|Sandstorm|[upkeep]
|-damage|p2a: Dragapult|89/100|[from] Sandstorm
|-damage|p1a: Tyranitar|59/100 brn|[from] brn
|upkeep
|turn|22
|
|t:|1769344307
|move|p2a: Dragapult|U-turn|p1a: Tyranitar
|-supereffective|p1a: Tyranitar
|-damage|p1a: Tyranitar|20/100 brn
|
|t:|1769344310
|switch|p2a: Kingambit|Kingambit, F|100/100|[from] U-turn
|-activate|p2a: Kingambit|ability: Supreme Overlord
|-start|p2a: Kingambit|fallen3|[silent]
|move|p1a: Tyranitar|Low Kick|p2a: Kingambit
|-supereffective|p2a: Kingambit
|-damage|p2a: Kingambit|44/100
|
|-weather|Sandstorm|[upkeep]
|-heal|p2a: Kingambit|50/100|[from] item: Leftovers
|-damage|p1a: Tyranitar|14/100 brn|[from] brn
|upkeep
|turn|23
|
|t:|1769344322
|-end|p2a: Kingambit|fallen3|[silent]
|switch|p2a: Dragapult|Dragapult, M|89/100
|move|p1a: Tyranitar|Knock Off|p2a: Dragapult
|-supereffective|p2a: Dragapult
|-damage|p2a: Dragapult|4/100
|-enditem|p2a: Dragapult|Heavy-Duty Boots|[from] move: Knock Off|[of] p1a: Tyranitar
|
|-weather|Sandstorm|[upkeep]
|-damage|p2a: Dragapult|0 fnt|[from] Sandstorm
|faint|p2a: Dragapult
|-damage|p1a: Tyranitar|8/100 brn|[from] brn
|upkeep
|-message|Mortifi forfeited.
|
|win|SKron
|raw|SKron's rating: 1463 &rarr; <strong>1488</strong><br />(+25 for winning)
|raw|Mortifi's rating: 1549 &rarr; <strong>1524</strong><br />(-25 for losing)
|l|☆Mortifi
|player|p2|
|l|☆SKron
|player|p1|
