|j|☆Trumpthat
|j|☆distantmonk
|t:|1769335153
|gametype|singles
|player|p1|Trumpthat|ingo|1081
|player|p2|distantmonk|li|1082
|gen|9
|tier|[Gen 9] OU
|rated|
|rule|HP Percentage Mod: HP is shown in percentages
|rule|Endless Battle Clause: Forcing endless battles is banned
|rule|Species Clause: Limit one of each Pokémon
|rule|OHKO Clause: OHKO moves are banned
|rule|Evasion Items Clause: Evasion items are banned
|rule|Evasion Moves Clause: Evasion moves are banned
|rule|Evasion Abilities Clause: Evasion abilities are banned
|rule|Sleep Moves Clause: Sleep-inducing moves are banned
|clearpoke
|poke|p1|Blaziken, F|
|poke|p1|Regigigas|
|poke|p1|Diancie|
|poke|p1|Rotom-Fan|
|poke|p1|Dusknoir, M|
|poke|p1|Ditto|
|poke|p2|Hydrapple, F|
|poke|p2|Gholdengo|
|poke|p2|Great Tusk|
|poke|p2|Dragonite, F|
|poke|p2|Rotom-Wash|
|poke|p2|Heatran, M|
|teampreview
|inactive|Battle timer is ON: inactive players will automatically lose when time's up. (requested by distantmonk)
|
|t:|1769335163
|teamsize|p1|6
|teamsize|p2|6
|start
|switch|p1a: Way Big|Regigigas|100/100
|switch|p2a: Gholdengo|Gholdengo|100/100
|-start|p1a: Way Big|ability: Slow Start
|turn|1
|
|t:|1769335175
|switch|p1a: Heatblast|Blaziken, F|100/100
|move|p2a: Gholdengo|Make It Rain|p1a: Heatblast
|-resisted|p1a: Heatblast
|-damage|p1a: Heatblast|69/100
|-unboost|p2a: Gholdengo|spa|1
|
|upkeep
|turn|2
|
|t:|1769335183
|switch|p2a: Hydrapple|Hydrapple, F|100/100
|move|p1a: Heatblast|Blaze Kick|p2a: Hydrapple|[miss]
|-miss|p1a: Heatblast|p2a: Hydrapple
|
|-ability|p1a: Heatblast|Speed Boost|boost
|-boost|p1a: Heatblast|spe|1
|upkeep
|turn|3
|
|t:|1769335188
|move|p1a: Heatblast|Blaze Kick|p2a: Hydrapple
|-damage|p2a: Hydrapple|68/100
|move|p2a: Hydrapple|Earth Power|p1a: Heatblast
|-supereffective|p1a: Heatblast
|-damage|p1a: Heatblast|7/100
|
|-heal|p2a: Hydrapple|74/100|[from] item: Leftovers
|-ability|p1a: Heatblast|Speed Boost|boost
|-boost|p1a: Heatblast|spe|1
|upkeep
|turn|4
|
|t:|1769335194
|move|p1a: Heatblast|Flare Blitz|p2a: Hydrapple
|-damage|p2a: Hydrapple|25/100
|-damage|p1a: Heatblast|0 fnt|[from] Recoil
|faint|p1a: Heatblast
|move|p2a: Hydrapple|Earth Power|p1: Heatblast|[notarget]
|-fail|p2a: Hydrapple
|
|-heal|p2a: Hydrapple|31/100|[from] item: Leftovers
|upkeep
|
|t:|1769335198
|switch|p1a: Ben Tennyson|Ditto|100/100
|-transform|p1a: Ben Tennyson|p2a: Hydrapple|[from] ability: Imposter
|turn|5
|inactive|distantmonk has 120 seconds left.
|
|t:|1769335231
|switch|p2a: Gholdengo|Gholdengo|100/100
|move|p1a: Ben Tennyson|Fickle Beam|p2a: Gholdengo
|-resisted|p2a: Gholdengo
|-damage|p2a: Gholdengo|74/100
|
|upkeep
|turn|6
|
|t:|1769335242
|switch|p1a: Ghostfreak|Dusknoir, M|100/100
|-ability|p1a: Ghostfreak|Pressure
|move|p2a: Gholdengo|Shadow Ball|p1a: Ghostfreak
|-supereffective|p1a: Ghostfreak
|-damage|p1a: Ghostfreak|29/100
|
|upkeep
|turn|7
|
|t:|1769335245
|move|p2a: Gholdengo|Shadow Ball|p1a: Ghostfreak
|-supereffective|p1a: Ghostfreak
|-damage|p1a: Ghostfreak|0 fnt
|faint|p1a: Ghostfreak
|
|upkeep
|
|t:|1769335248
|switch|p1a: Ben Tennyson|Ditto|100/100
|-transform|p1a: Ben Tennyson|p2a: Gholdengo|[from] ability: Imposter
|turn|8
|
|t:|1769335250
|move|p1a: Ben Tennyson|Shadow Ball|p2a: Gholdengo
|-supereffective|p2a: Gholdengo
|-damage|p2a: Gholdengo|0 fnt
|faint|p2a: Gholdengo
|
|upkeep
|
|t:|1769335257
|switch|p2a: Dragonite|Dragonite, F|100/100
|turn|9
|
|t:|1769335261
|switch|p1a: Chromastone|Diancie|100/100
|-item|p1a: Chromastone|Air Balloon
|move|p2a: Dragonite|Dragon Dance|p2a: Dragonite
|-boost|p2a: Dragonite|atk|1
|-boost|p2a: Dragonite|spe|1
|
|upkeep
|turn|10
|
|t:|1769335268
|move|p2a: Dragonite|Earthquake|p1a: Chromastone
|-immune|p1a: Chromastone
|move|p1a: Chromastone|Moonblast|p2a: Dragonite
|-supereffective|p2a: Dragonite
|-damage|p2a: Dragonite|53/100
|
|upkeep
|turn|11
|
|t:|1769335275
|move|p2a: Dragonite|Extreme Speed|p1a: Chromastone
|-resisted|p1a: Chromastone
|-damage|p1a: Chromastone|83/100
|-enditem|p1a: Chromastone|Air Balloon
|move|p1a: Chromastone|Ancient Power|p2a: Dragonite
|-supereffective|p2a: Dragonite
|-damage|p2a: Dragonite|0 fnt
|faint|p2a: Dragonite
|
|upkeep
|
|t:|1769335276
|switch|p2a: Hydrapple|Hydrapple, F|64/100
|turn|12
|
|t:|1769335281
|move|p2a: Hydrapple|Earth Power|p1a: Chromastone
|-supereffective|p1a: Chromastone
|-damage|p1a: Chromastone|31/100
|move|p1a: Chromastone|Moonblast|p2a: Hydrapple
|-supereffective|p2a: Hydrapple
|-damage|p2a: Hydrapple|0 fnt
|faint|p2a: Hydrapple
|
|upkeep
|
|t:|1769335288
|switch|p2a: Rotom|Rotom-Wash|100/100
|turn|13
|
|t:|1769335291
|move|p2a: Rotom|Hydro Pump|p1a: Chromastone
|-supereffective|p1a: Chromastone
|-damage|p1a: Chromastone|0 fnt
|faint|p1a: Chromastone
|
|upkeep
|
|t:|1769335299
|switch|p1a: Way Big|Regigigas|100/100
|-start|p1a: Way Big|ability: Slow Start
|turn|14
|
|t:|1769335310
|move|p2a: Rotom|Will-O-Wisp|p1a: Way Big|[miss]
|-miss|p2a: Rotom|p1a: Way Big
|move|p1a: Way Big|Hyper Beam|p2a: Rotom
|-damage|p2a: Rotom|53/100
|-mustrecharge|p1a: Way Big
|
|upkeep
|turn|15
|
|t:|1769335314
|move|p2a: Rotom|Will-O-Wisp|p1a: Way Big|[miss]
|-miss|p2a: Rotom|p1a: Way Big
|cant|p1a: Way Big|recharge
|
|upkeep
|turn|16
|
|t:|1769335318
|move|p2a: Rotom|Will-O-Wisp|p1a: Way Big|[miss]
|-miss|p2a: Rotom|p1a: Way Big
|move|p1a: Way Big|Hyper Beam|p2a: Rotom
|-damage|p2a: Rotom|7/100
|-mustrecharge|p1a: Way Big
|
|upkeep
|turn|17
|
|t:|1769335321
|move|p2a: Rotom|Pain Split|p1a: Way Big
|-sethp|p1a: Way Big|53/100|[from] move: Pain Split|[silent]
|-sethp|p2a: Rotom|74/100|[from] move: Pain Split
|cant|p1a: Way Big|recharge
|
|-heal|p1a: Way Big|59/100|[from] item: Leftovers
|upkeep
|turn|18
|
|t:|1769335327
|move|p2a: Rotom|Will-O-Wisp|p1a: Way Big
|-status|p1a: Way Big|brn
|move|p1a: Way Big|Rest|p1a: Way Big
|-status|p1a: Way Big|slp|[from] move: Rest
|-heal|p1a: Way Big|100/100 slp|[silent]
|
|-end|p1a: Way Big|Slow Start
|upkeep
|turn|19
|
|t:|1769335331
|cant|p1a: Way Big|slp
|move|p1a: Way Big|Sleep Talk|p1a: Way Big
|move|p1a: Way Big|Giga Impact|p2a: Rotom|[from] move: Sleep Talk
|-damage|p2a: Rotom|17/100
|-mustrecharge|p1a: Way Big
|-damage|p1a: Way Big|84/100 slp|[from] item: Rocky Helmet|[of] p2a: Rotom
|move|p2a: Rotom|Hydro Pump|p1a: Way Big|[miss]
|-miss|p2a: Rotom|p1a: Way Big
|
|-heal|p1a: Way Big|90/100 slp|[from] item: Leftovers
|upkeep
|turn|20
|
|t:|1769335335
|cant|p1a: Way Big|recharge
|move|p2a: Rotom|Pain Split|p1a: Way Big
|-sethp|p1a: Way Big|51/100 slp|[from] move: Pain Split|[silent]
|-sethp|p2a: Rotom|71/100|[from] move: Pain Split
|
|-heal|p1a: Way Big|57/100 slp|[from] item: Leftovers
|upkeep
|turn|21
|
|t:|1769335340
|switch|p2a: Heatran|Heatran, M|100/100
|cant|p1a: Way Big|slp
|move|p1a: Way Big|Sleep Talk|p1a: Way Big
|move|p1a: Way Big|Hyper Beam|p2a: Heatran|[from] move: Sleep Talk
|-resisted|p2a: Heatran
|-damage|p2a: Heatran|87/100
|-mustrecharge|p1a: Way Big
|
|-heal|p1a: Way Big|63/100 slp|[from] item: Leftovers
|-heal|p2a: Heatran|94/100|[from] item: Leftovers
|upkeep
|turn|22
|
|t:|1769335343
|cant|p1a: Way Big|recharge
|move|p2a: Heatran|Stealth Rock|p1a: Way Big
|-sidestart|p1: Trumpthat|move: Stealth Rock
|
|-heal|p1a: Way Big|70/100 slp|[from] item: Leftovers
|-heal|p2a: Heatran|99/100|[from] item: Leftovers
|upkeep
|turn|23
|
|t:|1769335346
|-curestatus|p1a: Way Big|slp|[msg]
|move|p1a: Way Big|Giga Impact|p2a: Heatran
|-resisted|p2a: Heatran
|-damage|p2a: Heatran|68/100
|-mustrecharge|p1a: Way Big
|move|p2a: Heatran|Magma Storm|p1a: Way Big
|-damage|p1a: Way Big|44/100
|-activate|p1a: Way Big|move: Magma Storm|[of] p2a: Heatran
|
|-heal|p1a: Way Big|50/100|[from] item: Leftovers
|-heal|p2a: Heatran|74/100|[from] item: Leftovers
|-damage|p1a: Way Big|38/100|[from] move: Magma Storm|[partiallytrapped]
|upkeep
|turn|24
|
|t:|1769335352
|cant|p1a: Way Big|recharge
|move|p2a: Heatran|Flash Cannon|p1a: Way Big
|-damage|p1a: Way Big|19/100
|
|-heal|p1a: Way Big|25/100|[from] item: Leftovers
|-heal|p2a: Heatran|80/100|[from] item: Leftovers
|-damage|p1a: Way Big|13/100|[from] move: Magma Storm|[partiallytrapped]
|upkeep
|turn|25
|
|t:|1769335355
|move|p1a: Way Big|Rest|p1a: Way Big
|-status|p1a: Way Big|slp|[from] move: Rest
|-heal|p1a: Way Big|100/100 slp|[silent]
|move|p2a: Heatran|Flash Cannon|p1a: Way Big
|-damage|p1a: Way Big|83/100 slp
|
|-heal|p1a: Way Big|89/100 slp|[from] item: Leftovers
|-heal|p2a: Heatran|87/100|[from] item: Leftovers
|-damage|p1a: Way Big|77/100 slp|[from] move: Magma Storm|[partiallytrapped]
|upkeep
|turn|26
|
|t:|1769335358
|cant|p1a: Way Big|slp
|move|p1a: Way Big|Sleep Talk|p1a: Way Big
|move|p1a: Way Big|Hyper Beam|p2a: Heatran|[from] move: Sleep Talk
|-resisted|p2a: Heatran
|-damage|p2a: Heatran|74/100
|-mustrecharge|p1a: Way Big
|move|p2a: Heatran|Flash Cannon|p1a: Way Big
|-damage|p1a: Way Big|59/100 slp
|
|-heal|p1a: Way Big|65/100 slp|[from] item: Leftovers
|-heal|p2a: Heatran|81/100|[from] item: Leftovers
|-damage|p1a: Way Big|52/100 slp|[from] move: Magma Storm|[partiallytrapped]
|upkeep
|turn|27
|
|t:|1769335362
|cant|p1a: Way Big|recharge
|move|p2a: Heatran|Flash Cannon|p1a: Way Big
|-damage|p1a: Way Big|35/100 slp
|
|-heal|p1a: Way Big|41/100 slp|[from] item: Leftovers
|-heal|p2a: Heatran|87/100|[from] item: Leftovers
|-damage|p1a: Way Big|29/100 slp|[from] move: Magma Storm|[partiallytrapped]
|upkeep
|turn|28
|
|t:|1769335367
|cant|p1a: Way Big|slp
|move|p1a: Way Big|Sleep Talk|p1a: Way Big
|move|p1a: Way Big|Giga Impact|p2a: Heatran|[from] move: Sleep Talk
|-resisted|p2a: Heatran
|-damage|p2a: Heatran|52/100
|-mustrecharge|p1a: Way Big
|move|p2a: Heatran|Flash Cannon|p1a: Way Big
|-damage|p1a: Way Big|9/100 slp
|
|-heal|p1a: Way Big|15/100 slp|[from] item: Leftovers
|-heal|p2a: Heatran|58/100|[from] item: Leftovers
|-end|p1a: Way Big|Magma Storm|[partiallytrapped]
|upkeep
|turn|29
|
|t:|1769335372
|cant|p1a: Way Big|recharge
|move|p2a: Heatran|Flash Cannon|p1a: Way Big
|-damage|p1a: Way Big|0 fnt
|faint|p1a: Way Big
|
|-heal|p2a: Heatran|64/100|[from] item: Leftovers
|upkeep
|
|t:|1769335379
|switch|p1a: Buzzshock|Rotom-Fan|100/100
|-damage|p1a: Buzzshock|76/100|[from] Stealth Rock
|turn|30
|
|t:|1769335390
|move|p1a: Buzzshock|Discharge|p2a: Heatran
|-damage|p2a: Heatran|44/100
|move|p2a: Heatran|Magma Storm|p1a: Buzzshock
|-damage|p1a: Buzzshock|17/100
|-activate|p1a: Buzzshock|move: Magma Storm|[of] p2a: Heatran
|
|-heal|p2a: Heatran|50/100|[from] item: Leftovers
|-damage|p1a: Buzzshock|5/100|[from] move: Magma Storm|[partiallytrapped]
|upkeep
|turn|31
|
|t:|1769335394
|move|p1a: Buzzshock|Discharge|p2a: Heatran
|-damage|p2a: Heatran|26/100
|move|p2a: Heatran|Flash Cannon|p1a: Buzzshock
|-resisted|p1a: Buzzshock
|-damage|p1a: Buzzshock|0 fnt
|faint|p1a: Buzzshock
|
|-heal|p2a: Heatran|32/100|[from] item: Leftovers
|upkeep
|
|t:|1769335397
|switch|p1a: Ben Tennyson|Ditto|100/100
|-damage|p1a: Ben Tennyson|88/100|[from] Stealth Rock
|-transform|p1a: Ben Tennyson|p2a: Heatran|[from] ability: Imposter
|turn|32
|
|t:|1769335400
|move|p1a: Ben Tennyson|Earth Power|p2a: Heatran
|-supereffective|p2a: Heatran
|-damage|p2a: Heatran|0 fnt
|faint|p2a: Heatran
|
|upkeep
|
|t:|1769335404
|switch|p2a: Great Tusk|Great Tusk|100/100
|turn|33
|
|t:|1769335408
|move|p2a: Great Tusk|Headlong Rush|p1a: Ben Tennyson
|-supereffective|p1a: Ben Tennyson
|-damage|p1a: Ben Tennyson|0 fnt
|-unboost|p2a: Great Tusk|def|1
|-unboost|p2a: Great Tusk|spd|1
|faint|p1a: Ben Tennyson
|
|win|distantmonk
|raw|Trumpthat's rating: 1081 &rarr; <strong>1059</strong><br />(-22 for losing)
|raw|distantmonk's rating: 1082 &rarr; <strong>1110</strong><br />(+28 for winning)
|c|☆Trumpthat|gg
|c|☆distantmonk|Gg
|l|☆Trumpthat
|player|p1|
|l|☆distantmonk
|player|p2|
