|j|☆Smash BrOUs
|j|☆Gyo99
|t:|1769306335
|gametype|singles
|player|p1|Smash BrOUs|wallace|1580
|player|p2|Gyo99|rocketgrunt|1546
|gen|9
|tier|[Gen 9] OU
|rated|
|rule|HP Percentage Mod: HP is shown in percentages
|rule|Endless Battle Clause: Forcing endless battles is banned
|rule|Species Clause: Limit one of each Pokémon
|rule|OHKO Clause: OHKO moves are banned
|rule|Evasion Items Clause: Evasion items are banned
|rule|Evasion Moves Clause: Evasion moves are banned
|rule|Evasion Abilities Clause: Evasion abilities are banned
|rule|Sleep Moves Clause: Sleep-inducing moves are banned
|clearpoke
|poke|p1|Torterra, M|
|poke|p1|Polteageist|
|poke|p1|Cloyster, M|
|poke|p1|Minior-Green|
|poke|p1|Blastoise, M|
|poke|p1|Drednaw, M|
|poke|p2|Garchomp, M|
|poke|p2|Corviknight, M|
|poke|p2|Clefable, F|
|poke|p2|Swampert, M|
|poke|p2|Cinderace, M|
|poke|p2|Darkrai|
|teampreview
|inactive|Battle timer is ON: inactive players will automatically lose when time's up. (requested by Smash BrOUs)
|l|☆Smash BrOUs
|inactive|Smash BrOUs disconnected and has a minute to reconnect!
|player|p1|
|j|☆Smash BrOUs
|inactive|Smash BrOUs reconnected and has 110 seconds left.
|player|p1|Smash BrOUs|wallace|
|
|t:|1769306380
|teamsize|p1|6
|teamsize|p2|6
|start
|switch|p1a: Dr. Mario|Cloyster, M|100/100
|switch|p2a: Swampert|Swampert, M|100/100
|turn|1
|
|t:|1769306387
|move|p1a: Dr. Mario|Shell Smash|p1a: Dr. Mario
|-unboost|p1a: Dr. Mario|def|1
|-unboost|p1a: Dr. Mario|spd|1
|-boost|p1a: Dr. Mario|atk|2
|-boost|p1a: Dr. Mario|spa|2
|-boost|p1a: Dr. Mario|spe|2
|move|p2a: Swampert|Roar|p1a: Dr. Mario
|drag|p1a: King Dedede|Blastoise, M|100/100
|
|upkeep
|turn|2
|j| Reixo‽♪
|l| Reixo‽♪
|
|t:|1769306396
|move|p1a: King Dedede|Shell Smash|p1a: King Dedede
|-unboost|p1a: King Dedede|def|1
|-unboost|p1a: King Dedede|spd|1
|-boost|p1a: King Dedede|atk|2
|-boost|p1a: King Dedede|spa|2
|-boost|p1a: King Dedede|spe|2
|move|p2a: Swampert|Stealth Rock|p1a: King Dedede
|-sidestart|p1: Smash BrOUs|move: Stealth Rock
|
|upkeep
|turn|3
|
|t:|1769306404
|move|p1a: King Dedede|Surf|p2a: Swampert
|-damage|p2a: Swampert|57/100
|move|p2a: Swampert|Roar|p1a: King Dedede
|drag|p1a: Wii Fit Trainer|Minior-Green|100/100
|-damage|p1a: Wii Fit Trainer|76/100|[from] Stealth Rock
|-formechange|p1a: Wii Fit Trainer|Minior-Meteor||[from] ability: Shields Down
|
|-heal|p2a: Swampert|63/100|[from] item: Leftovers
|upkeep
|turn|4
|
|t:|1769306415
|move|p1a: Wii Fit Trainer|Earthquake|p2a: Swampert
|-damage|p2a: Swampert|42/100
|move|p2a: Swampert|Flip Turn|p1a: Wii Fit Trainer
|-supereffective|p1a: Wii Fit Trainer
|-damage|p1a: Wii Fit Trainer|14/100
|
|t:|1769306422
|switch|p2a: Darkrai|Darkrai, shiny|100/100|[from] Flip Turn
|
|-formechange|p1a: Wii Fit Trainer|Minior-Green||[from] ability: Shields Down
|upkeep
|turn|5
|
|t:|1769306434
|move|p2a: Darkrai|Dark Pulse|p1a: Wii Fit Trainer
|-damage|p1a: Wii Fit Trainer|0 fnt
|faint|p1a: Wii Fit Trainer
|
|upkeep
|
|t:|1769306437
|switch|p1a: King Dedede|Blastoise, M|100/100
|-damage|p1a: King Dedede|88/100|[from] Stealth Rock
|turn|6
|
|t:|1769306442
|move|p2a: Darkrai|Dark Pulse|p1a: King Dedede
|-damage|p1a: King Dedede|14/100
|move|p1a: King Dedede|Rapid Spin|p2a: Darkrai
|-damage|p2a: Darkrai|89/100
|-boost|p1a: King Dedede|spe|1
|-sideend|p1: Smash BrOUs|Stealth Rock|[from] move: Rapid Spin|[of] p1a: King Dedede
|
|upkeep
|turn|7
|
|t:|1769306452
|move|p1a: King Dedede|Surf|p2a: Darkrai
|-damage|p2a: Darkrai|23/100
|move|p2a: Darkrai|Dark Pulse|p1a: King Dedede
|-damage|p1a: King Dedede|0 fnt
|faint|p1a: King Dedede
|
|upkeep
|
|t:|1769306471
|switch|p1a: Ganondorf|Drednaw, M|100/100
|turn|8
|
|t:|1769306475
|move|p2a: Darkrai|Dark Pulse|p1a: Ganondorf
|-damage|p1a: Ganondorf|9/100
|move|p1a: Ganondorf|Shell Smash|p1a: Ganondorf
|-unboost|p1a: Ganondorf|def|1
|-unboost|p1a: Ganondorf|spd|1
|-boost|p1a: Ganondorf|atk|2
|-boost|p1a: Ganondorf|spa|2
|-boost|p1a: Ganondorf|spe|2
|
|upkeep
|turn|9
|
|t:|1769306483
|switch|p2a: Corviknight|Corviknight, M, shiny|100/100
|move|p1a: Ganondorf|Earthquake|p2a: Corviknight
|-immune|p2a: Corviknight
|
|upkeep
|turn|10
|
|t:|1769306490
|move|p1a: Ganondorf|Stone Edge|p2a: Corviknight
|-damage|p2a: Corviknight|40/100
|move|p2a: Corviknight|Roost|p2a: Corviknight
|-heal|p2a: Corviknight|90/100
|-singleturn|p2a: Corviknight|move: Roost
|
|upkeep
|turn|11
|
|t:|1769306497
|move|p1a: Ganondorf|Stone Edge|p2a: Corviknight
|-damage|p2a: Corviknight|29/100
|move|p2a: Corviknight|U-turn|p1a: Ganondorf
|-damage|p1a: Ganondorf|0 fnt
|faint|p1a: Ganondorf
|
|t:|1769306505
|switch|p2a: Darkrai|Darkrai, shiny|23/100|[from] U-turn
|
|upkeep
|
|t:|1769306512
|switch|p1a: Mr. Game & Watch|Polteageist|100/100
|turn|12
|
|t:|1769306516
|move|p2a: Darkrai|Trick|p1a: Mr. Game & Watch
|-activate|p2a: Darkrai|move: Trick|[of] p1a: Mr. Game & Watch
|-item|p1a: Mr. Game & Watch|Choice Specs|[from] move: Trick
|-item|p2a: Darkrai|Focus Sash|[from] move: Trick
|move|p1a: Mr. Game & Watch|Shell Smash|p1a: Mr. Game & Watch
|-unboost|p1a: Mr. Game & Watch|def|1
|-unboost|p1a: Mr. Game & Watch|spd|1
|-boost|p1a: Mr. Game & Watch|atk|2
|-boost|p1a: Mr. Game & Watch|spa|2
|-boost|p1a: Mr. Game & Watch|spe|2
|
|upkeep
|turn|13
|-message|Smash BrOUs forfeited.
|
|win|Gyo99
|raw|Smash BrOUs's rating: 1580 &rarr; <strong>1558</strong><br />(-22 for losing)
|raw|Gyo99's rating: 1546 &rarr; <strong>1568</strong><br />(+22 for winning)
|l|☆Smash BrOUs
|player|p1|
|l|☆Gyo99
|player|p2|
