|j|☆elpets
|j|☆Pig Perfect
|t:|1769443334
|gametype|singles
|player|p1|elpets|infielder|1685
|player|p2|Pig Perfect|workerice|1578
|gen|9
|tier|[Gen 9] OU
|rated|
|rule|HP Percentage Mod: HP is shown in percentages
|rule|Endless Battle Clause: Forcing endless battles is banned
|rule|Species Clause: Limit one of each Pokémon
|rule|OHKO Clause: OHKO moves are banned
|rule|Evasion Items Clause: Evasion items are banned
|rule|Evasion Moves Clause: Evasion moves are banned
|rule|Evasion Abilities Clause: Evasion abilities are banned
|rule|Sleep Moves Clause: Sleep-inducing moves are banned
|clearpoke
|poke|p1|Hatterene, F|
|poke|p1|Dragonite, F|
|poke|p1|Breloom, M|
|poke|p1|Azumarill, F|
|poke|p1|Great Tusk|
|poke|p1|Skeledirge, F|
|poke|p2|Cresselia, F|
|poke|p2|Great Tusk|
|poke|p2|Heatran, F|
|poke|p2|Raging Bolt|
|poke|p2|Torkoal, F|
|poke|p2|Walking Wake|
|teampreview
|inactive|Battle timer is ON: inactive players will automatically lose when time's up. (requested by elpets)
|
|t:|1769443358
|teamsize|p1|6
|teamsize|p2|6
|start
|switch|p1a: Azumarill|Azumarill, F|100/100
|switch|p2a: Torkoal|Torkoal, F|100/100
|-weather|SunnyDay|[from] ability: Drought|[of] p2a: Torkoal
|turn|1
|
|t:|1769443364
|move|p1a: Azumarill|Knock Off|p2a: Torkoal
|-damage|p2a: Torkoal|68/100
|-enditem|p2a: Torkoal|Heat Rock|[from] move: Knock Off|[of] p1a: Azumarill
|move|p2a: Torkoal|Stealth Rock|p1a: Azumarill
|-sidestart|p1: elpets|move: Stealth Rock
|
|-weather|SunnyDay|[upkeep]
|upkeep
|turn|2
|
|t:|1769443369
|switch|p2a: Cresselia|Cresselia, F|100/100
|move|p1a: Azumarill|Liquidation|p2a: Cresselia
|-damage|p2a: Cresselia|87/100
|-damage|p1a: Azumarill|84/100|[from] item: Rocky Helmet|[of] p2a: Cresselia
|
|-weather|SunnyDay|[upkeep]
|upkeep
|turn|3
|
|t:|1769443378
|move|p2a: Cresselia|Thunder Wave|p1a: Azumarill
|-status|p1a: Azumarill|par
|move|p1a: Azumarill|Knock Off|p2a: Cresselia
|-supereffective|p2a: Cresselia
|-damage|p2a: Cresselia|44/100
|-damage|p1a: Azumarill|67/100 par|[from] item: Rocky Helmet|[of] p2a: Cresselia
|-enditem|p2a: Cresselia|Rocky Helmet|[from] move: Knock Off|[of] p1a: Azumarill
|
|-weather|SunnyDay|[upkeep]
|upkeep
|turn|4
|
|t:|1769443385
|switch|p1a: Great Tusk|Great Tusk|100/100
|-damage|p1a: Great Tusk|98/100|[from] Stealth Rock
|-activate|p1a: Great Tusk|ability: Protosynthesis
|-start|p1a: Great Tusk|protosynthesisatk
|move|p2a: Cresselia|Ice Beam|p1a: Great Tusk
|-supereffective|p1a: Great Tusk
|-damage|p1a: Great Tusk|50/100
|
|-weather|SunnyDay|[upkeep]
|upkeep
|turn|5
|
|t:|1769443388
|move|p1a: Great Tusk|Rapid Spin|p2a: Cresselia
|-damage|p2a: Cresselia|32/100
|-boost|p1a: Great Tusk|spe|1
|-sideend|p1: elpets|Stealth Rock|[from] move: Rapid Spin|[of] p1a: Great Tusk
|move|p2a: Cresselia|Ice Beam|p1a: Great Tusk
|-supereffective|p1a: Great Tusk
|-damage|p1a: Great Tusk|1/100
|
|-weather|SunnyDay|[upkeep]
|upkeep
|turn|6
|
|t:|1769443391
|move|p1a: Great Tusk|Supercell Slam|p2a: Cresselia
|-damage|p2a: Cresselia|7/100
|move|p2a: Cresselia|Moonlight|p2a: Cresselia
|-heal|p2a: Cresselia|73/100
|
|-weather|SunnyDay|[upkeep]
|upkeep
|turn|7
|
|t:|1769443395
|-end|p1a: Great Tusk|Protosynthesis|[silent]
|switch|p1a: Skeledirge|Skeledirge, F|100/100
|move|p2a: Cresselia|Moonlight|p2a: Cresselia
|-heal|p2a: Cresselia|100/100
|
|-weather|SunnyDay|[upkeep]
|upkeep
|turn|8
|
|t:|1769443399
|switch|p2a: Heatran|Heatran, F|100/100
|move|p1a: Skeledirge|Torch Song|p2a: Heatran
|-start|p2a: Heatran|ability: Flash Fire
|
|-weather|none
|upkeep
|turn|9
|
|t:|1769443401
|switch|p1a: Azumarill|Azumarill, F|67/100 par
|move|p2a: Heatran|Substitute|p2a: Heatran
|-start|p2a: Heatran|Substitute
|-damage|p2a: Heatran|76/100
|
|-heal|p2a: Heatran|82/100|[from] item: Leftovers
|upkeep
|turn|10
|
|t:|1769443403
|move|p2a: Heatran|Magma Storm|p1a: Azumarill
|-resisted|p1a: Azumarill
|-damage|p1a: Azumarill|40/100 par
|-activate|p1a: Azumarill|move: Magma Storm|[of] p2a: Heatran
|move|p1a: Azumarill|Liquidation|p2a: Heatran
|-supereffective|p2a: Heatran
|-end|p2a: Heatran|Substitute
|
|-heal|p2a: Heatran|88/100|[from] item: Leftovers
|-damage|p1a: Azumarill|27/100 par|[from] move: Magma Storm|[partiallytrapped]
|upkeep
|turn|11
|
|t:|1769443412
|move|p2a: Heatran|Substitute|p2a: Heatran
|-start|p2a: Heatran|Substitute
|-damage|p2a: Heatran|63/100
|move|p1a: Azumarill|Liquidation|p2a: Heatran
|-supereffective|p2a: Heatran
|-end|p2a: Heatran|Substitute
|
|-heal|p2a: Heatran|69/100|[from] item: Leftovers
|-damage|p1a: Azumarill|15/100 par|[from] move: Magma Storm|[partiallytrapped]
|upkeep
|turn|12
|
|t:|1769443418
|-end|p2a: Heatran|ability: Flash Fire|[silent]
|switch|p2a: Torkoal|Torkoal, F|68/100
|-weather|SunnyDay|[from] ability: Drought|[of] p2a: Torkoal
|cant|p1a: Azumarill|par
|
|-weather|SunnyDay|[upkeep]
|-end|p1a: Azumarill|Magma Storm|[partiallytrapped]|[silent]
|upkeep
|turn|13
|
|t:|1769443424
|switch|p1a: Hatterene|Hatterene, F|100/100
|move|p2a: Torkoal|Stealth Rock|p1a: Hatterene
|move|p1a: Hatterene|Stealth Rock|p2a: Torkoal|[from] ability: Magic Bounce
|-sidestart|p2: Pig Perfect|move: Stealth Rock
|
|-weather|SunnyDay|[upkeep]
|upkeep
|turn|14
|
|t:|1769443428
|switch|p1a: Skeledirge|Skeledirge, F|100/100
|move|p2a: Torkoal|Rapid Spin|p1a: Skeledirge
|-immune|p1a: Skeledirge
|
|-weather|SunnyDay|[upkeep]
|upkeep
|turn|15
|
|t:|1769443431
|switch|p2a: Heatran|Heatran, F|69/100
|-damage|p2a: Heatran|57/100|[from] Stealth Rock
|move|p1a: Skeledirge|Shadow Ball|p2a: Heatran
|-damage|p2a: Heatran|28/100
|
|-weather|SunnyDay|[upkeep]
|-heal|p2a: Heatran|35/100|[from] item: Leftovers
|upkeep
|turn|16
|
|t:|1769443435
|switch|p1a: Azumarill|Azumarill, F|15/100 par
|move|p2a: Heatran|Power Gem|p1a: Azumarill
|-damage|p1a: Azumarill|0 fnt
|faint|p1a: Azumarill
|
|-weather|none
|-heal|p2a: Heatran|41/100|[from] item: Leftovers
|upkeep
|
|t:|1769443438
|switch|p1a: Great Tusk|Great Tusk|1/100
|-enditem|p1a: Great Tusk|Booster Energy
|-activate|p1a: Great Tusk|ability: Protosynthesis|[fromitem]
|-start|p1a: Great Tusk|protosynthesisatk
|turn|17
|
|t:|1769443443
|-end|p1a: Great Tusk|Protosynthesis|[silent]
|switch|p1a: Ippo|Breloom, M|100/100
|switch|p2a: Cresselia|Cresselia, F|100/100
|-damage|p2a: Cresselia|88/100|[from] Stealth Rock
|
|upkeep
|turn|18
|
|t:|1769443446
|move|p1a: Ippo|Swords Dance|p1a: Ippo
|-boost|p1a: Ippo|atk|2
|move|p2a: Cresselia|Ice Beam|p1a: Ippo
|-supereffective|p1a: Ippo
|-damage|p1a: Ippo|36/100
|
|upkeep
|turn|19
|
|t:|1769443448
|move|p1a: Ippo|Bullet Seed|p2a: Cresselia
|-damage|p2a: Cresselia|66/100
|-damage|p2a: Cresselia|41/100
|-crit|p2a: Cresselia
|-damage|p2a: Cresselia|3/100
|-hitcount|p2a: Cresselia|3
|move|p2a: Cresselia|Ice Beam|p1a: Ippo
|-supereffective|p1a: Ippo
|-damage|p1a: Ippo|0 fnt
|faint|p1a: Ippo
|
|upkeep
|
|t:|1769443454
|switch|p1a: Great Tusk|Great Tusk|1/100
|turn|20
|
|t:|1769443467
|switch|p2a: Great Tusk|Great Tusk|100/100
|-damage|p2a: Great Tusk|97/100|[from] Stealth Rock
|move|p1a: Great Tusk|Rapid Spin|p2a: Great Tusk
|-damage|p2a: Great Tusk|86/100
|-boost|p1a: Great Tusk|spe|1
|
|upkeep
|turn|21
|
|t:|1769443471
|move|p1a: Great Tusk|Ice Spinner|p2a: Great Tusk
|-supereffective|p2a: Great Tusk
|-damage|p2a: Great Tusk|49/100
|move|p2a: Great Tusk|Knock Off|p1a: Great Tusk
|-resisted|p1a: Great Tusk
|-damage|p1a: Great Tusk|0 fnt
|faint|p1a: Great Tusk
|-end|p1a: Great Tusk|Protosynthesis|[silent]
|
|upkeep
|
|t:|1769443474
|switch|p1a: Hatterene|Hatterene, F|100/100
|turn|22
|
|t:|1769443482
|-end|p2a: Great Tusk|Protosynthesis|[silent]
|switch|p2a: Torkoal|Torkoal, F|68/100
|-damage|p2a: Torkoal|43/100|[from] Stealth Rock
|-weather|SunnyDay|[from] ability: Drought|[of] p2a: Torkoal
|move|p1a: Hatterene|Psyshock|p2a: Torkoal
|-damage|p2a: Torkoal|8/100
|
|-weather|SunnyDay|[upkeep]
|upkeep
|turn|23
|
|t:|1769443490
|switch|p1a: Skeledirge|Skeledirge, F|100/100
|move|p2a: Torkoal|Clear Smog|p1a: Skeledirge
|-resisted|p1a: Skeledirge
|-damage|p1a: Skeledirge|95/100
|-clearboost|p1a: Skeledirge
|
|-weather|SunnyDay|[upkeep]
|upkeep
|turn|24
|
|t:|1769443493
|move|p1a: Skeledirge|Torch Song|p2a: Torkoal
|-resisted|p2a: Torkoal
|-damage|p2a: Torkoal|0 fnt
|-boost|p1a: Skeledirge|spa|1
|faint|p2a: Torkoal
|
|-weather|SunnyDay|[upkeep]
|upkeep
|
|t:|1769443497
|switch|p2a: Heatran|Heatran, F|41/100
|-damage|p2a: Heatran|28/100|[from] Stealth Rock
|turn|25
|
|t:|1769443501
|move|p2a: Heatran|Power Gem|p1a: Skeledirge
|-supereffective|p1a: Skeledirge
|-damage|p1a: Skeledirge|41/100
|move|p1a: Skeledirge|Shadow Ball|p2a: Heatran
|-damage|p2a: Heatran|0 fnt
|faint|p2a: Heatran
|
|-weather|SunnyDay|[upkeep]
|upkeep
|
|t:|1769443503
|switch|p2a: Walking Wake|Walking Wake|100/100
|-damage|p2a: Walking Wake|88/100|[from] Stealth Rock
|-activate|p2a: Walking Wake|ability: Protosynthesis
|-start|p2a: Walking Wake|protosynthesisspe
|turn|26
|
|t:|1769443508
|move|p2a: Walking Wake|Hydro Steam|p1a: Skeledirge
|-supereffective|p1a: Skeledirge
|-damage|p1a: Skeledirge|0 fnt
|faint|p1a: Skeledirge
|
|-weather|none
|-end|p2a: Walking Wake|Protosynthesis
|upkeep
|
|t:|1769443509
|switch|p1a: Dragonite|Dragonite, F|100/100
|turn|27
|
|t:|1769443513
|move|p2a: Walking Wake|Hydro Steam|p1a: Dragonite
|-resisted|p1a: Dragonite
|-damage|p1a: Dragonite|85/100
|move|p1a: Dragonite|Dragon Dance|p1a: Dragonite
|-boost|p1a: Dragonite|atk|1
|-boost|p1a: Dragonite|spe|1
|
|upkeep
|turn|28
|
|t:|1769443518
|-end|p2a: Walking Wake|Protosynthesis|[silent]
|switch|p2a: Cresselia|Cresselia, F|3/100
|-damage|p2a: Cresselia|0 fnt|[from] Stealth Rock
|faint|p2a: Cresselia
|move|p1a: Dragonite|Outrage|p2: Cresselia|[notarget]
|-fail|p1a: Dragonite
|
|upkeep
|
|t:|1769443520
|switch|p2a: Raging Bolt|Raging Bolt|100/100
|-damage|p2a: Raging Bolt|88/100|[from] Stealth Rock
|turn|29
|
|t:|1769443522
|-terastallize|p2a: Raging Bolt|Ghost
|move|p1a: Dragonite|Outrage|p2a: Raging Bolt
|-damage|p2a: Raging Bolt|8/100
|move|p2a: Raging Bolt|Dragon Pulse|p1a: Dragonite
|-supereffective|p1a: Dragonite
|-damage|p1a: Dragonite|0 fnt
|faint|p1a: Dragonite
|
|-heal|p2a: Raging Bolt|14/100|[from] item: Leftovers
|upkeep
|
|t:|1769443524
|switch|p1a: Hatterene|Hatterene, F|100/100
|turn|30
|
|t:|1769443530
|move|p2a: Raging Bolt|Thunderbolt|p1a: Hatterene
|-damage|p1a: Hatterene|44/100
|move|p1a: Hatterene|Trick Room|p1a: Hatterene
|-fieldstart|move: Trick Room|[of] p1a: Hatterene
|
|-heal|p1a: Hatterene|50/100|[from] item: Leftovers
|-heal|p2a: Raging Bolt|20/100|[from] item: Leftovers
|upkeep
|turn|31
|
|t:|1769443545
|move|p2a: Raging Bolt|Thunderclap|p1a: Hatterene
|-crit|p1a: Hatterene
|-damage|p1a: Hatterene|0 fnt
|faint|p1a: Hatterene
|
|win|Pig Perfect
|raw|elpets's rating: 1685 &rarr; <strong>1659</strong><br />(-26 for losing)
|raw|Pig Perfect's rating: 1578 &rarr; <strong>1604</strong><br />(+26 for winning)
|l|☆elpets
|player|p1|
|l|☆Pig Perfect
|player|p2|
