|j|‽hisohisokurione
|j|☆LilBabyJedi
|t:|1769323249
|gametype|singles
|player|p1|hisohisokurione|backersf|1099
|player|p2|LilBabyJedi|1|1152
|gen|9
|tier|[Gen 9] OU
|rated|
|rule|HP Percentage Mod: HP is shown in percentages
|rule|Endless Battle Clause: Forcing endless battles is banned
|rule|Species Clause: Limit one of each Pokémon
|rule|OHKO Clause: OHKO moves are banned
|rule|Evasion Items Clause: Evasion items are banned
|rule|Evasion Moves Clause: Evasion moves are banned
|rule|Evasion Abilities Clause: Evasion abilities are banned
|rule|Sleep Moves Clause: Sleep-inducing moves are banned
|clearpoke
|poke|p1|Registeel|
|poke|p1|Sunkern, F|
|poke|p1|Dragapult, M|
|poke|p1|Torkoal, F|
|poke|p1|Mew|
|poke|p1|Pecharunt|
|poke|p2|Hydrapple, M|
|poke|p2|Tyranitar, F|
|poke|p2|Moltres|
|poke|p2|Zamazenta-*|
|poke|p2|Slowking-Galar, M|
|poke|p2|Excadrill, F|
|teampreview
|inactive|Battle timer is ON: inactive players will automatically lose when time's up. (requested by LilBabyJedi)
|inactive|LilBabyJedi has 120 seconds left.
|
|t:|1769323307
|teamsize|p1|6
|teamsize|p2|6
|start
|switch|p1a: Torkoal|Torkoal, F|100/100
|switch|p2a: Tyranitar|Tyranitar, F|100/100
|-weather|Sandstorm|[from] ability: Sand Stream|[of] p2a: Tyranitar
|-weather|SunnyDay|[from] ability: Drought|[of] p1a: Torkoal
|turn|1
|
|t:|1769323324
|move|p2a: Tyranitar|Thunder Wave|p1a: Torkoal
|-status|p1a: Torkoal|par
|move|p1a: Torkoal|Stealth Rock|p2a: Tyranitar
|-sidestart|p2: LilBabyJedi|move: Stealth Rock
|
|-weather|SunnyDay|[upkeep]
|upkeep
|turn|2
|
|t:|1769323345
|switch|p2a: Zamazenta|Zamazenta|100/100
|-damage|p2a: Zamazenta|94/100|[from] Stealth Rock
|-ability|p2a: Zamazenta|Dauntless Shield|boost
|-boost|p2a: Zamazenta|def|1
|move|p1a: Torkoal|Solar Beam||[still]
|-prepare|p1a: Torkoal|Solar Beam
|-anim|p1a: Torkoal|Solar Beam|p2a: Zamazenta
|-damage|p2a: Zamazenta|71/100
|
|-weather|SunnyDay|[upkeep]
|-heal|p2a: Zamazenta|77/100|[from] item: Leftovers
|upkeep
|turn|3
|inactive|hisohisokurione has 120 seconds left.
|inactive|LilBabyJedi has 120 seconds left.
|
|t:|1769323382
|move|p2a: Zamazenta|Body Press|p1a: Torkoal
|-damage|p1a: Torkoal|68/100 par
|move|p1a: Torkoal|Solar Beam||[still]
|-prepare|p1a: Torkoal|Solar Beam
|-anim|p1a: Torkoal|Solar Beam|p2a: Zamazenta
|-damage|p2a: Zamazenta|56/100
|
|-weather|SunnyDay|[upkeep]
|-heal|p2a: Zamazenta|63/100|[from] item: Leftovers
|upkeep
|turn|4
|inactive|LilBabyJedi has 120 seconds left.
|
|t:|1769323404
|move|p2a: Zamazenta|Body Press|p1a: Torkoal
|-damage|p1a: Torkoal|36/100 par
|move|p1a: Torkoal|Overheat|p2a: Zamazenta
|-damage|p2a: Zamazenta|6/100
|-unboost|p1a: Torkoal|spa|2
|-enditem|p1a: Torkoal|Eject Pack
|
|t:|1769323423
|switch|p1a: Dragapult|Dragapult, M|100/100
|
|-weather|SunnyDay|[upkeep]
|-heal|p2a: Zamazenta|12/100|[from] item: Leftovers
|upkeep
|turn|5
|
|t:|1769323428
|move|p2a: Zamazenta|Crunch|p1a: Dragapult
|-supereffective|p1a: Dragapult
|-damage|p1a: Dragapult|39/100
|-unboost|p1a: Dragapult|def|1
|move|p1a: Dragapult|Dragon Tail|p2a: Zamazenta
|-damage|p2a: Zamazenta|0 fnt
|faint|p2a: Zamazenta
|
|-weather|none
|upkeep
|
|t:|1769323435
|switch|p2a: Tyranitar|Tyranitar, F|100/100
|-damage|p2a: Tyranitar|88/100|[from] Stealth Rock
|-weather|Sandstorm|[from] ability: Sand Stream|[of] p2a: Tyranitar
|turn|6
|
|t:|1769323442
|move|p1a: Dragapult|Phantom Force||[still]
|-prepare|p1a: Dragapult|Phantom Force
|move|p2a: Tyranitar|Knock Off|p1a: Dragapult|[miss]
|-miss|p2a: Tyranitar|p1a: Dragapult
|
|-weather|Sandstorm|[upkeep]
|-damage|p1a: Dragapult|33/100|[from] Sandstorm
|upkeep
|turn|7
|
|t:|1769323448
|move|p1a: Dragapult|Phantom Force|p2a: Tyranitar|[from] lockedmove
|-resisted|p2a: Tyranitar
|-damage|p2a: Tyranitar|70/100
|move|p2a: Tyranitar|Knock Off|p1a: Dragapult
|-supereffective|p1a: Dragapult
|-damage|p1a: Dragapult|0 fnt
|-enditem|p1a: Dragapult|Heavy-Duty Boots|[from] move: Knock Off|[of] p2a: Tyranitar
|faint|p1a: Dragapult
|
|-weather|Sandstorm|[upkeep]
|upkeep
|inactive|hisohisokurione has 90 seconds left.
|
|t:|1769323485
|switch|p1a: Registeel|Registeel|100/100
|turn|8
|
|t:|1769323501
|switch|p2a: Moltres|Moltres|100/100
|move|p1a: Registeel|Iron Defense|p1a: Registeel
|-boost|p1a: Registeel|def|2
|
|-weather|Sandstorm|[upkeep]
|-damage|p2a: Moltres|94/100|[from] Sandstorm
|upkeep
|turn|9
|
|t:|1769323508
|move|p2a: Moltres|Flamethrower|p1a: Registeel
|-supereffective|p1a: Registeel
|-damage|p1a: Registeel|64/100
|move|p1a: Registeel|Amnesia|p1a: Registeel
|-boost|p1a: Registeel|spd|2
|
|-weather|Sandstorm|[upkeep]
|-damage|p2a: Moltres|88/100|[from] Sandstorm
|-heal|p1a: Registeel|70/100|[from] item: Leftovers
|upkeep
|turn|10
|
|t:|1769323518
|move|p1a: Registeel|Amnesia|p1a: Registeel
|-boost|p1a: Registeel|spd|2
|move|p2a: Moltres|Roar|p1a: Registeel
|drag|p1a: Mew|Mew|100/100
|
|-weather|Sandstorm|[upkeep]
|-damage|p1a: Mew|94/100|[from] Sandstorm
|-damage|p2a: Moltres|82/100|[from] Sandstorm
|upkeep
|turn|11
|inactive|hisohisokurione has 90 seconds left.
|
|t:|1769323547
|move|p1a: Mew|Dragon Dance|p1a: Mew
|-boost|p1a: Mew|atk|1
|-boost|p1a: Mew|spe|1
|move|p2a: Moltres|U-turn|p1a: Mew
|-supereffective|p1a: Mew
|-damage|p1a: Mew|63/100
|inactive|LilBabyJedi has 120 seconds left.
|
|t:|1769323569
|switch|p2a: Excadrill|Excadrill, F|100/100|[from] U-turn
|-damage|p2a: Excadrill|97/100|[from] Stealth Rock
|-item|p2a: Excadrill|Air Balloon
|
|-weather|Sandstorm|[upkeep]
|-damage|p1a: Mew|57/100|[from] Sandstorm
|upkeep
|turn|12
|inactive|LilBabyJedi has 120 seconds left.
|inactive|hisohisokurione has 90 seconds left.
|
|t:|1769323598
|-terastallize|p2a: Excadrill|Fire
|move|p2a: Excadrill|Earthquake|p1a: Mew
|-damage|p1a: Mew|5/100
|move|p1a: Mew|Bullet Seed|p2a: Excadrill
|-resisted|p2a: Excadrill
|-damage|p2a: Excadrill|89/100
|-enditem|p2a: Excadrill|Air Balloon
|-resisted|p2a: Excadrill
|-damage|p2a: Excadrill|81/100
|-resisted|p2a: Excadrill
|-damage|p2a: Excadrill|73/100
|-resisted|p2a: Excadrill
|-damage|p2a: Excadrill|65/100
|-hitcount|p2a: Excadrill|4
|
|-weather|Sandstorm|[upkeep]
|-damage|p1a: Mew|0 fnt|[from] Sandstorm
|faint|p1a: Mew
|upkeep
|inactive|hisohisokurione has 60 seconds left.
|
|t:|1769323627
|switch|p1a: Torkoal|Torkoal, F|36/100 par
|-weather|SunnyDay|[from] ability: Drought|[of] p1a: Torkoal
|turn|13
|inactive|hisohisokurione has 60 seconds left.
|
|t:|1769323638
|move|p2a: Excadrill|Earthquake|p1a: Torkoal
|-supereffective|p1a: Torkoal
|-damage|p1a: Torkoal|0 fnt
|faint|p1a: Torkoal
|
|-weather|SunnyDay|[upkeep]
|upkeep
|inactive|hisohisokurione has 60 seconds left.
|
|t:|1769323645
|switch|p1a: Pecharunt|Pecharunt|100/100
|turn|14
|inactive|hisohisokurione has 60 seconds left.
|
|t:|1769323657
|switch|p2a: Tyranitar|Tyranitar, F|70/100
|-damage|p2a: Tyranitar|57/100|[from] Stealth Rock
|-weather|Sandstorm|[from] ability: Sand Stream|[of] p2a: Tyranitar
|move|p1a: Pecharunt|Malignant Chain|p2a: Tyranitar
|-resisted|p2a: Tyranitar
|-damage|p2a: Tyranitar|50/100
|-status|p2a: Tyranitar|tox
|-start|p2a: Tyranitar|confusion|[from] ability: Poison Puppeteer|[of] p1a: Pecharunt
|
|-weather|Sandstorm|[upkeep]
|-damage|p1a: Pecharunt|95/100|[from] Sandstorm
|-heal|p1a: Pecharunt|100/100|[from] item: Black Sludge
|-damage|p2a: Tyranitar|44/100 tox|[from] psn
|upkeep
|turn|15
|inactive|hisohisokurione has 60 seconds left.
|
|t:|1769323673
|switch|p1a: Registeel|Registeel|70/100
|-activate|p2a: Tyranitar|confusion
|move|p2a: Tyranitar|Knock Off|p1a: Registeel
|-damage|p1a: Registeel|40/100
|-enditem|p1a: Registeel|Leftovers|[from] move: Knock Off|[of] p2a: Tyranitar
|
|-weather|Sandstorm|[upkeep]
|-damage|p2a: Tyranitar|32/100 tox|[from] psn
|upkeep
|turn|16
|inactive|hisohisokurione has 60 seconds left.
|
|t:|1769323681
|-activate|p2a: Tyranitar|confusion
|-damage|p2a: Tyranitar|23/100 tox|[from] confusion
|move|p1a: Registeel|Iron Defense|p1a: Registeel
|-boost|p1a: Registeel|def|2
|
|-weather|Sandstorm|[upkeep]
|-damage|p2a: Tyranitar|4/100 tox|[from] psn
|upkeep
|turn|17
|
|t:|1769323691
|-activate|p2a: Tyranitar|confusion
|-damage|p2a: Tyranitar|0 fnt|[from] confusion
|faint|p2a: Tyranitar
|move|p1a: Registeel|Rest|p1a: Registeel
|-status|p1a: Registeel|slp|[from] move: Rest
|-heal|p1a: Registeel|100/100 slp|[silent]
|
|-weather|Sandstorm|[upkeep]
|upkeep
|
|t:|1769323694
|switch|p2a: Moltres|Moltres|82/100
|turn|18
|
|t:|1769323702
|cant|p1a: Registeel|slp
|move|p2a: Moltres|Roar|p1a: Registeel
|drag|p1a: Pecharunt|Pecharunt|100/100
|
|-weather|Sandstorm|[upkeep]
|-damage|p1a: Pecharunt|95/100|[from] Sandstorm
|-damage|p2a: Moltres|76/100|[from] Sandstorm
|-heal|p1a: Pecharunt|100/100|[from] item: Black Sludge
|upkeep
|turn|19
|inactive|LilBabyJedi has 120 seconds left.
|
|t:|1769323732
|move|p1a: Pecharunt|Malignant Chain|p2a: Moltres
|-damage|p2a: Moltres|43/100
|move|p2a: Moltres|U-turn|p1a: Pecharunt
|-resisted|p1a: Pecharunt
|-damage|p1a: Pecharunt|98/100
|
|t:|1769323736
|switch|p2a: Excadrill|Excadrill, F, tera:Fire|65/100|[from] U-turn
|-damage|p2a: Excadrill|40/100|[from] Stealth Rock
|
|-weather|Sandstorm|[upkeep]
|-damage|p1a: Pecharunt|92/100|[from] Sandstorm
|-heal|p1a: Pecharunt|98/100|[from] item: Black Sludge
|upkeep
|turn|20
|
|t:|1769323756
|move|p2a: Excadrill|Earthquake|p1a: Pecharunt
|-supereffective|p1a: Pecharunt
|-damage|p1a: Pecharunt|25/100
|move|p1a: Pecharunt|Foul Play|p2a: Excadrill
|-damage|p2a: Excadrill|0 fnt
|faint|p2a: Excadrill
|
|-weather|Sandstorm|[upkeep]
|-damage|p1a: Pecharunt|19/100|[from] Sandstorm
|-heal|p1a: Pecharunt|25/100|[from] item: Black Sludge
|upkeep
|
|t:|1769323766
|switch|p2a: Moltres|Moltres|43/100
|turn|21
|
|t:|1769323779
|move|p1a: Pecharunt|Recover|p1a: Pecharunt
|-heal|p1a: Pecharunt|75/100
|move|p2a: Moltres|Flamethrower|p1a: Pecharunt
|-damage|p1a: Pecharunt|26/100
|
|-weather|none
|-heal|p1a: Pecharunt|32/100|[from] item: Black Sludge
|upkeep
|turn|22
|inactive|LilBabyJedi has 120 seconds left.
|inactive|LilBabyJedi has 90 seconds left.
|
|t:|1769323847
|move|p1a: Pecharunt|Destiny Bond|p1a: Pecharunt
|-singlemove|p1a: Pecharunt|Destiny Bond
|move|p2a: Moltres|Roost|p2a: Moltres
|-heal|p2a: Moltres|93/100
|-singleturn|p2a: Moltres|move: Roost
|
|-heal|p1a: Pecharunt|38/100|[from] item: Black Sludge
|upkeep
|turn|23
|inactive|hisohisokurione has 60 seconds left.
|
|t:|1769323880
|-terastallize|p1a: Pecharunt|Water
|move|p1a: Pecharunt|Malignant Chain|p2a: Moltres
|-damage|p2a: Moltres|59/100
|move|p2a: Moltres|Flamethrower|p1a: Pecharunt
|-resisted|p1a: Pecharunt
|-crit|p1a: Pecharunt
|-damage|p1a: Pecharunt|3/100
|
|-damage|p1a: Pecharunt|0 fnt|[from] item: Black Sludge
|faint|p1a: Pecharunt
|upkeep
|
|t:|1769323893
|switch|p1a: Registeel|Registeel|100/100 slp
|turn|24
|
|t:|1769323897
|move|p2a: Moltres|Flamethrower|p1a: Registeel
|-supereffective|p1a: Registeel
|-damage|p1a: Registeel|60/100 slp
|cant|p1a: Registeel|slp
|
|upkeep
|turn|25
|inactive|LilBabyJedi has 90 seconds left.
|
|t:|1769323937
|move|p2a: Moltres|Flamethrower|p1a: Registeel
|-supereffective|p1a: Registeel
|-damage|p1a: Registeel|21/100 slp
|-curestatus|p1a: Registeel|slp|[msg]
|move|p1a: Registeel|Amnesia|p1a: Registeel
|-boost|p1a: Registeel|spd|2
|
|upkeep
|turn|26
|
|t:|1769323945
|move|p1a: Registeel|Rest|p1a: Registeel
|-status|p1a: Registeel|slp|[from] move: Rest
|-heal|p1a: Registeel|100/100 slp|[silent]
|move|p2a: Moltres|Roar|p1a: Registeel
|drag|p1a: Sunkern|Sunkern, F|100/100
|
|upkeep
|turn|27
|inactive|LilBabyJedi has 90 seconds left.
|
|t:|1769323963
|move|p2a: Moltres|U-turn|p1a: Sunkern
|-supereffective|p1a: Sunkern
|-damage|p1a: Sunkern|25/100
|
|t:|1769323967
|switch|p2a: Hydrapple|Hydrapple, M|100/100|[from] U-turn
|move|p1a: Sunkern|Leech Seed|p2a: Hydrapple
|-immune|p2a: Hydrapple
|
|upkeep
|turn|28
|
|t:|1769323980
|move|p1a: Sunkern|Endeavor|p2a: Hydrapple
|-damage|p2a: Hydrapple|13/100
|move|p2a: Hydrapple|Nasty Plot|p2a: Hydrapple
|-boost|p2a: Hydrapple|spa|2
|
|upkeep
|turn|29
|
|t:|1769323987
|switch|p1a: Registeel|Registeel|100/100 slp
|move|p2a: Hydrapple|Giga Drain|p1a: Registeel
|-resisted|p1a: Registeel
|-damage|p1a: Registeel|86/100 slp
|-heal|p2a: Hydrapple|19/100|[from] drain|[of] p1a: Registeel
|
|upkeep
|turn|30
|
|t:|1769323994
|cant|p1a: Registeel|slp
|move|p2a: Hydrapple|Earth Power|p1a: Registeel
|-supereffective|p1a: Registeel
|-damage|p1a: Registeel|32/100 slp
|
|upkeep
|turn|31
|inactive|LilBabyJedi has 120 seconds left.
|
|t:|1769324020
|cant|p1a: Registeel|slp
|move|p2a: Hydrapple|Earth Power|p1a: Registeel
|-supereffective|p1a: Registeel
|-damage|p1a: Registeel|0 fnt
|faint|p1a: Registeel
|
|upkeep
|
|t:|1769324026
|switch|p1a: Sunkern|Sunkern, F|25/100
|turn|32
|inactive|hisohisokurione has 90 seconds left.
|
|t:|1769324035
|move|p1a: Sunkern|Encore|p2a: Hydrapple
|-start|p2a: Hydrapple|Encore
|move|p2a: Hydrapple|Earth Power|p1a: Sunkern
|-resisted|p1a: Sunkern
|-damage|p1a: Sunkern|0 fnt
|faint|p1a: Sunkern
|
|win|LilBabyJedi
|raw|hisohisokurione's rating: 1099 &rarr; <strong>1078</strong><br />(-21 for losing)
|raw|LilBabyJedi's rating: 1152 &rarr; <strong>1173</strong><br />(+21 for winning)
|l|‽hisohisokurione
|player|p1|
|l|☆LilBabyJedi
|player|p2|
