|j|☆kingsy14
|j|☆CheakyMofo
|t:|1769333576
|gametype|singles
|player|p1|kingsy14|veteran|1471
|player|p2|CheakyMofo|steven|1392
|gen|9
|tier|[Gen 9] OU
|rated|
|rule|HP Percentage Mod: HP is shown in percentages
|rule|Endless Battle Clause: Forcing endless battles is banned
|rule|Species Clause: Limit one of each Pokémon
|rule|OHKO Clause: OHKO moves are banned
|rule|Evasion Items Clause: Evasion items are banned
|rule|Evasion Moves Clause: Evasion moves are banned
|rule|Evasion Abilities Clause: Evasion abilities are banned
|rule|Sleep Moves Clause: Sleep-inducing moves are banned
|clearpoke
|poke|p1|Zamazenta-*|
|poke|p1|Dragapult, F|
|poke|p1|Iron Valiant|
|poke|p1|Alomomola, M|
|poke|p1|Corviknight, F|
|poke|p1|Garchomp, F|
|poke|p2|Alomomola, M|
|poke|p2|Umbreon, F|
|poke|p2|Clefable, F|
|poke|p2|Corviknight, M|
|poke|p2|Ting-Lu|
|poke|p2|Ogerpon-Cornerstone, F|
|teampreview
|inactive|Battle timer is ON: inactive players will automatically lose when time's up. (requested by kingsy14)
|
|t:|1769333597
|teamsize|p1|6
|teamsize|p2|6
|start
|switch|p1a: Iron Valiant|Iron Valiant|100/100
|switch|p2a: Umbreon|Umbreon, F|100/100
|turn|1
|
|t:|1769333608
|move|p1a: Iron Valiant|Close Combat|p2a: Umbreon
|-supereffective|p2a: Umbreon
|-damage|p2a: Umbreon|19/100
|-unboost|p1a: Iron Valiant|def|1
|-unboost|p1a: Iron Valiant|spd|1
|-damage|p1a: Iron Valiant|84/100|[from] item: Rocky Helmet|[of] p2a: Umbreon
|move|p2a: Umbreon|Toxic|p1a: Iron Valiant
|-status|p1a: Iron Valiant|tox
|
|-damage|p1a: Iron Valiant|78/100 tox|[from] psn
|upkeep
|turn|2
|
|t:|1769333618
|-end|p1a: Iron Valiant|Quark Drive|[silent]
|switch|p1a: Dragapult|Dragapult, F|100/100
|move|p2a: Umbreon|Protect||[still]
|-fail|p2a: Umbreon
|
|upkeep
|turn|3
|
|t:|1769333626
|switch|p2a: Clefable|Clefable, F|100/100
|move|p1a: Dragapult|U-turn|p2a: Clefable
|-resisted|p2a: Clefable
|-damage|p2a: Clefable|91/100
|
|t:|1769333636
|switch|p1a: Zamazenta|Zamazenta|100/100|[from] U-turn
|-ability|p1a: Zamazenta|Dauntless Shield|boost
|-boost|p1a: Zamazenta|def|1
|
|upkeep
|turn|4
|j| tsrhuevo超能馆主
|
|t:|1769333642
|move|p1a: Zamazenta|Heavy Slam|p2a: Clefable
|-supereffective|p2a: Clefable
|-damage|p2a: Clefable|0 fnt
|faint|p2a: Clefable
|
|upkeep
|
|t:|1769333648
|switch|p2a: Ogerpon|Ogerpon-Cornerstone, F|100/100
|turn|5
|
|t:|1769333652
|move|p1a: Zamazenta|Heavy Slam|p2a: Ogerpon
|-supereffective|p2a: Ogerpon
|-ability|p2a: Ogerpon|Sturdy
|-damage|p2a: Ogerpon|1/100
|move|p2a: Ogerpon|Counter|p1a: Zamazenta
|-damage|p1a: Zamazenta|0 fnt
|faint|p1a: Zamazenta
|
|upkeep
|
|t:|1769333655
|switch|p1a: Dragapult|Dragapult, F|100/100
|turn|6
|inactive|CheakyMofo has 120 seconds left.
|
|t:|1769333691
|move|p1a: Dragapult|U-turn|p2a: Ogerpon
|-supereffective|p2a: Ogerpon
|-damage|p2a: Ogerpon|0 fnt
|faint|p2a: Ogerpon
|
|t:|1769333698
|switch|p1a: Iron Valiant|Iron Valiant|78/100 tox|[from] U-turn
|
|-damage|p1a: Iron Valiant|71/100 tox|[from] psn
|upkeep
|inactive|CheakyMofo has 120 seconds left.
|
|t:|1769333731
|switch|p2a: Corviknight|Corviknight, M|100/100
|-ability|p2a: Corviknight|Pressure
|turn|7
|
|t:|1769333736
|move|p1a: Iron Valiant|Thunderbolt|p2a: Corviknight
|-supereffective|p2a: Corviknight
|-damage|p2a: Corviknight|60/100
|move|p2a: Corviknight|Brave Bird|p1a: Iron Valiant
|-supereffective|p1a: Iron Valiant
|-damage|p1a: Iron Valiant|0 fnt
|faint|p1a: Iron Valiant
|-end|p1a: Iron Valiant|Quark Drive|[silent]
|-damage|p2a: Corviknight|43/100|[from] Recoil
|
|upkeep
|
|t:|1769333739
|switch|p1a: Dragapult|Dragapult, F|100/100
|turn|8
|
|t:|1769333750
|move|p1a: Dragapult|Fire Blast|p2a: Corviknight
|-supereffective|p2a: Corviknight
|-damage|p2a: Corviknight|0 fnt
|faint|p2a: Corviknight
|
|upkeep
|
|t:|1769333758
|switch|p2a: Krebs|Alomomola, M, shiny|100/100
|turn|9
|
|t:|1769333762
|switch|p1a: Corviknight|Corviknight, F|100/100
|move|p2a: Krebs|Wish|p2a: Krebs
|
|upkeep
|turn|10
|
|t:|1769333771
|switch|p2a: Umbreon|Umbreon, F|19/100
|move|p1a: Corviknight|U-turn|p2a: Umbreon
|-supereffective|p2a: Umbreon
|-damage|p2a: Umbreon|0 fnt
|-damage|p1a: Corviknight|84/100|[from] item: Rocky Helmet|[of] p2a: Umbreon
|faint|p2a: Umbreon
|j| computer slow
|-message|CheakyMofo forfeited.
|
|win|kingsy14
|raw|kingsy14's rating: 1471 &rarr; <strong>1487</strong><br />(+16 for winning)
|raw|CheakyMofo's rating: 1392 &rarr; <strong>1376</strong><br />(-16 for losing)
|l|☆CheakyMofo
|player|p2|
|l| computer slow
