|j|☆beeboobaa
|j|☆AFish14
|t:|1769375177
|gametype|singles
|player|p1|beeboobaa|2|1454
|player|p2|AFish14|169|1493
|gen|9
|tier|[Gen 9] OU
|rated|
|rule|HP Percentage Mod: HP is shown in percentages
|rule|Endless Battle Clause: Forcing endless battles is banned
|rule|Species Clause: Limit one of each Pokémon
|rule|OHKO Clause: OHKO moves are banned
|rule|Evasion Items Clause: Evasion items are banned
|rule|Evasion Moves Clause: Evasion moves are banned
|rule|Evasion Abilities Clause: Evasion abilities are banned
|rule|Sleep Moves Clause: Sleep-inducing moves are banned
|clearpoke
|poke|p1|Clefable, F|
|poke|p1|Gengar, M|
|poke|p1|Chansey, F|
|poke|p1|Ditto|
|poke|p1|Zapdos|
|poke|p1|Dragonite, M|
|poke|p2|Porygon2|
|poke|p2|Dragonite, F|
|poke|p2|Arcanine, M|
|poke|p2|Gengar, M|
|poke|p2|Iron Valiant|
|poke|p2|Metagross|
|teampreview
|inactive|Battle timer is ON: inactive players will automatically lose when time's up. (requested by AFish14)
|
|t:|1769375188
|teamsize|p1|6
|teamsize|p2|6
|start
|switch|p1a: Clefable|Clefable, F|100/100
|switch|p2a: Arcanine|Arcanine, M|100/100
|-ability|p2a: Arcanine|Intimidate|boost
|-unboost|p1a: Clefable|atk|1
|turn|1
|
|t:|1769375193
|move|p2a: Arcanine|Flare Blitz|p1a: Clefable
|-damage|p1a: Clefable|35/100
|-status|p1a: Clefable|brn
|-damage|p2a: Arcanine|84/100|[from] item: Rocky Helmet|[of] p1a: Clefable
|-damage|p2a: Arcanine|58/100|[from] Recoil
|move|p1a: Clefable|Thunder Wave|p2a: Arcanine
|-status|p2a: Arcanine|par
|
|upkeep
|turn|2
|
|t:|1769375207
|move|p2a: Arcanine|Flare Blitz|p1a: Clefable
|-damage|p1a: Clefable|0 fnt
|-damage|p2a: Arcanine|41/100 par|[from] item: Rocky Helmet|[of] p1a: Clefable
|faint|p1a: Clefable
|-damage|p2a: Arcanine|27/100 par|[from] Recoil
|
|upkeep
|
|t:|1769375222
|switch|p1a: Dragonite|Dragonite, M|100/100
|turn|3
|
|t:|1769375226
|switch|p2a: Dragonite|Dragonite, F|100/100
|move|p1a: Dragonite|Dragon Dance|p1a: Dragonite
|-boost|p1a: Dragonite|atk|1
|-boost|p1a: Dragonite|spe|1
|
|upkeep
|turn|4
|
|t:|1769375230
|move|p1a: Dragonite|Ice Spinner|p2a: Dragonite
|-supereffective|p2a: Dragonite
|-damage|p2a: Dragonite|6/100
|move|p2a: Dragonite|Dragon Tail|p1a: Dragonite
|-supereffective|p1a: Dragonite
|-damage|p1a: Dragonite|69/100
|drag|p1a: Gengar|Gengar, M, shiny|100/100
|
|upkeep
|turn|5
|
|t:|1769375238
|move|p1a: Gengar|Sludge Bomb|p2a: Dragonite
|-damage|p2a: Dragonite|0 fnt
|faint|p2a: Dragonite
|
|upkeep
|
|t:|1769375249
|switch|p2a: Gengar|Gengar, M|100/100
|turn|6
|
|t:|1769375254
|switch|p1a: Chansey|Chansey, F|100/100
|move|p2a: Gengar|Shadow Ball|p1a: Chansey
|-immune|p1a: Chansey
|
|upkeep
|turn|7
|
|t:|1769375258
|switch|p2a: Metagross|Metagross|100/100
|move|p1a: Chansey|Seismic Toss|p2a: Metagross
|-damage|p2a: Metagross|67/100
|
|upkeep
|turn|8
|
|t:|1769375267
|move|p2a: Metagross|Iron Head|p1a: Chansey
|-damage|p1a: Chansey|67/100
|cant|p1a: Chansey|flinch
|
|upkeep
|turn|9
|
|t:|1769375274
|switch|p1a: Zapdos|Zapdos|100/100
|move|p2a: Metagross|Iron Head|p1a: Zapdos
|-resisted|p1a: Zapdos
|-damage|p1a: Zapdos|83/100
|
|upkeep
|turn|10
|
|t:|1769375278
|switch|p2a: Porygon2|Porygon2, shiny|100/100
|-ability|p2a: Porygon2|Download|boost
|-boost|p2a: Porygon2|atk|1
|move|p1a: Zapdos|Thunder Wave|p2a: Porygon2
|-status|p2a: Porygon2|par
|
|upkeep
|turn|11
|
|t:|1769375285
|move|p1a: Zapdos|Hurricane|p2a: Porygon2
|-damage|p2a: Porygon2|69/100 par
|move|p2a: Porygon2|Ice Beam|p1a: Zapdos
|-supereffective|p1a: Zapdos
|-damage|p1a: Zapdos|36/100
|
|upkeep
|turn|12
|
|t:|1769375294
|switch|p2a: Arcanine|Arcanine, M|27/100 par
|-ability|p2a: Arcanine|Intimidate|boost
|-unboost|p1a: Zapdos|atk|1
|move|p1a: Zapdos|Roost|p1a: Zapdos
|-heal|p1a: Zapdos|86/100
|-singleturn|p1a: Zapdos|move: Roost
|
|upkeep
|turn|13
|
|t:|1769375299
|move|p1a: Zapdos|Volt Switch|p2a: Arcanine
|-damage|p2a: Arcanine|0 fnt
|faint|p2a: Arcanine
|
|t:|1769375307
|switch|p1a: Gengar|Gengar, M, shiny|100/100|[from] Volt Switch
|
|upkeep
|
|t:|1769375311
|switch|p2a: Gengar|Gengar, M|100/100
|turn|14
|
|t:|1769375314
|move|p2a: Gengar|Shadow Ball|p1a: Gengar
|-supereffective|p1a: Gengar
|-crit|p1a: Gengar
|-damage|p1a: Gengar|0 fnt
|faint|p1a: Gengar
|
|upkeep
|
|t:|1769375318
|switch|p1a: Chansey|Chansey, F|67/100
|turn|15
|
|t:|1769375322
|switch|p2a: Metagross|Metagross|67/100
|move|p1a: Chansey|Soft-Boiled|p1a: Chansey
|-heal|p1a: Chansey|100/100
|
|upkeep
|turn|16
|
|t:|1769375333
|switch|p1a: Zapdos|Zapdos|86/100
|move|p2a: Metagross|Iron Head|p1a: Zapdos
|-resisted|p1a: Zapdos
|-damage|p1a: Zapdos|67/100
|
|upkeep
|turn|17
|
|t:|1769375343
|move|p1a: Zapdos|Hurricane|p2a: Metagross
|-resisted|p2a: Metagross
|-damage|p2a: Metagross|38/100
|move|p2a: Metagross|Earthquake|p1a: Zapdos
|-immune|p1a: Zapdos
|
|upkeep
|turn|18
|
|t:|1769375349
|move|p1a: Zapdos|Roost|p1a: Zapdos
|-heal|p1a: Zapdos|100/100
|-singleturn|p1a: Zapdos|move: Roost
|move|p2a: Metagross|Psychic Fangs|p1a: Zapdos
|-damage|p1a: Zapdos|63/100
|
|upkeep
|turn|19
|
|t:|1769375354
|move|p1a: Zapdos|Hurricane|p2a: Metagross
|-resisted|p2a: Metagross
|-damage|p2a: Metagross|8/100
|move|p2a: Metagross|Earthquake|p1a: Zapdos
|-immune|p1a: Zapdos
|
|upkeep
|turn|20
|
|t:|1769375360
|move|p1a: Zapdos|Hurricane|p2a: Metagross
|-resisted|p2a: Metagross
|-damage|p2a: Metagross|0 fnt
|faint|p2a: Metagross
|
|upkeep
|
|t:|1769375367
|switch|p2a: Gengar|Gengar, M|100/100
|turn|21
|
|t:|1769375374
|switch|p1a: Chansey|Chansey, F|100/100
|move|p2a: Gengar|Sludge Wave|p1a: Chansey
|-damage|p1a: Chansey|85/100
|
|upkeep
|turn|22
|
|t:|1769375380
|switch|p2a: Porygon2|Porygon2, shiny|69/100 par
|-ability|p2a: Porygon2|Download|boost
|-boost|p2a: Porygon2|atk|1
|move|p1a: Chansey|Seismic Toss|p2a: Porygon2
|-damage|p2a: Porygon2|42/100 par
|
|upkeep
|turn|23
|
|t:|1769375398
|switch|p1a: Ditto|Ditto|100/100
|-transform|p1a: Ditto|p2a: Porygon2|[from] ability: Imposter
|-ability|p1a: Ditto|Download|boost
|-boost|p1a: Ditto|atk|1
|move|p2a: Porygon2|Recover|p2a: Porygon2
|-heal|p2a: Porygon2|92/100 par
|
|upkeep
|turn|24
|
|t:|1769375416
|switch|p1a: Chansey|Chansey, F|85/100
|switch|p2a: Iron Valiant|Iron Valiant|100/100
|-enditem|p2a: Iron Valiant|Booster Energy
|-activate|p2a: Iron Valiant|ability: Quark Drive|[fromitem]
|-start|p2a: Iron Valiant|quarkdrivespe
|
|upkeep
|turn|25
|inactive|AFish14 has 120 seconds left.
|l|☆beeboobaa
|inactive|beeboobaa disconnected and has a minute to reconnect!
|player|p1|
|
|t:|1769375460
|switch|p1a: Zapdos|Zapdos|63/100
|-terastallize|p2a: Iron Valiant|Fighting
|move|p2a: Iron Valiant|Aura Sphere|p1a: Zapdos
|-resisted|p1a: Zapdos
|-damage|p1a: Zapdos|41/100
|
|upkeep
|turn|26
|j|☆beeboobaa
|inactive|beeboobaa reconnected and has 145 seconds left.
|player|p1|beeboobaa|2|
|
|t:|1769375471
|move|p2a: Iron Valiant|Moonblast|p1a: Zapdos
|-damage|p1a: Zapdos|5/100
|move|p1a: Zapdos|Roost|p1a: Zapdos
|-heal|p1a: Zapdos|55/100
|-singleturn|p1a: Zapdos|move: Roost
|
|upkeep
|turn|27
|
|t:|1769375479
|move|p2a: Iron Valiant|Calm Mind|p2a: Iron Valiant
|-boost|p2a: Iron Valiant|spa|1
|-boost|p2a: Iron Valiant|spd|1
|move|p1a: Zapdos|Thunder Wave|p2a: Iron Valiant|[miss]
|-miss|p1a: Zapdos|p2a: Iron Valiant
|
|upkeep
|turn|28
|
|t:|1769375494
|move|p2a: Iron Valiant|Moonblast|p1a: Zapdos
|-damage|p1a: Zapdos|0 fnt
|faint|p1a: Zapdos
|
|upkeep
|
|t:|1769375500
|switch|p1a: Ditto|Ditto|100/100
|-transform|p1a: Ditto|p2a: Iron Valiant|[from] ability: Imposter
|-start|p1a: Ditto|typechange|Fairy/Fighting|[silent]
|turn|29
|
|t:|1769375507
|move|p1a: Ditto|Moonblast|p2a: Iron Valiant
|-supereffective|p2a: Iron Valiant
|-damage|p2a: Iron Valiant|0 fnt
|faint|p2a: Iron Valiant
|-end|p2a: Iron Valiant|Quark Drive|[silent]
|
|upkeep
|
|t:|1769375509
|switch|p2a: Gengar|Gengar, M|100/100
|turn|30
|
|t:|1769375520
|-end|p1a: Ditto|Quark Drive|[silent]
|switch|p1a: Chansey|Chansey, F|85/100
|move|p2a: Gengar|Sludge Wave|p1a: Chansey
|-crit|p1a: Chansey
|-damage|p1a: Chansey|62/100
|-status|p1a: Chansey|psn
|
|-damage|p1a: Chansey|50/100 psn|[from] psn
|upkeep
|turn|31
|
|t:|1769375526
|switch|p2a: Porygon2|Porygon2, shiny|92/100 par
|-ability|p2a: Porygon2|Download|boost
|-boost|p2a: Porygon2|atk|1
|move|p1a: Chansey|Soft-Boiled|p1a: Chansey
|-heal|p1a: Chansey|99/100 psn
|
|-damage|p1a: Chansey|88/100 psn|[from] psn
|upkeep
|turn|32
|-message|AFish14 forfeited.
|
|win|beeboobaa
|raw|beeboobaa's rating: 1454 &rarr; <strong>1476</strong><br />(+22 for winning)
|raw|AFish14's rating: 1493 &rarr; <strong>1471</strong><br />(-22 for losing)
|l|☆AFish14
|player|p2|
|l|☆beeboobaa
|player|p1|
