|j|☆noireondrugs
|j|☆naco03
|t:|1769318632
|gametype|singles
|player|p1|noireondrugs|1|1101
|player|p2|naco03|265|1078
|gen|9
|tier|[Gen 9] OU
|rated|
|rule|HP Percentage Mod: HP is shown in percentages
|rule|Endless Battle Clause: Forcing endless battles is banned
|rule|Species Clause: Limit one of each Pokémon
|rule|OHKO Clause: OHKO moves are banned
|rule|Evasion Items Clause: Evasion items are banned
|rule|Evasion Moves Clause: Evasion moves are banned
|rule|Evasion Abilities Clause: Evasion abilities are banned
|rule|Sleep Moves Clause: Sleep-inducing moves are banned
|clearpoke
|poke|p1|Scizor, F|
|poke|p1|Ogerpon-Wellspring, F|
|poke|p1|Raging Bolt|
|poke|p1|Pecharunt|
|poke|p1|Landorus-Therian, M|
|poke|p1|Samurott-Hisui, F|
|poke|p2|Blaziken, M|
|poke|p2|Maushold-Four|
|poke|p2|Great Tusk|
|poke|p2|Gholdengo|
|poke|p2|Dragapult, F|
|poke|p2|Rillaboom, F|
|teampreview
|inactive|Battle timer is ON: inactive players will automatically lose when time's up. (requested by naco03)
|
|t:|1769318638
|teamsize|p1|6
|teamsize|p2|6
|start
|switch|p1a: Landorus|Landorus-Therian, M|100/100
|switch|p2a: Maushold|Maushold-Four, shiny|100/100
|-ability|p1a: Landorus|Intimidate|boost
|-unboost|p2a: Maushold|atk|1
|turn|1
|
|t:|1769318648
|-terastallize|p2a: Maushold|Normal
|move|p2a: Maushold|Tidy Up|p2a: Maushold
|-boost|p2a: Maushold|atk|1
|-boost|p2a: Maushold|spe|1
|move|p1a: Landorus|Earthquake|p2a: Maushold
|-damage|p2a: Maushold|21/100
|
|upkeep
|turn|2
|
|t:|1769318657
|switch|p1a: Pecharunt|Pecharunt|100/100
|move|p2a: Maushold|Population Bomb|p1a: Pecharunt
|-immune|p1a: Pecharunt
|
|upkeep
|turn|3
|
|t:|1769318673
|switch|p2a: Gholdengo|Gholdengo|100/100
|-item|p2a: Gholdengo|Air Balloon
|move|p1a: Pecharunt|Malignant Chain|p2a: Gholdengo
|-immune|p2a: Gholdengo
|
|upkeep
|turn|4
|
|t:|1769318682
|move|p1a: Pecharunt|Parting Shot|p2a: Gholdengo
|-immune|p2a: Gholdengo|[from] ability: Good as Gold
|move|p2a: Gholdengo|Nasty Plot|p2a: Gholdengo
|-boost|p2a: Gholdengo|spa|2
|
|upkeep
|turn|5
|
|t:|1769318689
|move|p1a: Pecharunt|Hex|p2a: Gholdengo
|-supereffective|p2a: Gholdengo
|-damage|p2a: Gholdengo|54/100
|-enditem|p2a: Gholdengo|Air Balloon
|move|p2a: Gholdengo|Shadow Ball|p1a: Pecharunt
|-supereffective|p1a: Pecharunt
|-damage|p1a: Pecharunt|0 fnt
|faint|p1a: Pecharunt
|
|upkeep
|
|t:|1769318701
|switch|p1a: Samurott|Samurott-Hisui, F|100/100
|turn|6
|
|t:|1769318704
|move|p1a: Samurott|Ceaseless Edge|p2a: Gholdengo
|-supereffective|p2a: Gholdengo
|-damage|p2a: Gholdengo|0 fnt
|-sidestart|p2: naco03|Spikes
|faint|p2a: Gholdengo
|
|upkeep
|
|t:|1769318710
|switch|p2a: Maushold|Maushold-Four, shiny, tera:Normal|21/100
|-damage|p2a: Maushold|9/100|[from] Spikes
|turn|7
|
|t:|1769318716
|move|p1a: Samurott|Ceaseless Edge|p2a: Maushold
|-damage|p2a: Maushold|0 fnt
|-sidestart|p2: naco03|Spikes
|faint|p2a: Maushold
|
|upkeep
|
|t:|1769318724
|switch|p2a: Great Tusk|Great Tusk, shiny|100/100
|-damage|p2a: Great Tusk|84/100|[from] Spikes
|turn|8
|
|t:|1769318737
|switch|p1a: Ogerpon|Ogerpon-Wellspring, F|100/100
|move|p2a: Great Tusk|Close Combat|p1a: Ogerpon
|-damage|p1a: Ogerpon|33/100
|-unboost|p2a: Great Tusk|def|1
|-unboost|p2a: Great Tusk|spd|1
|
|-heal|p2a: Great Tusk|90/100|[from] item: Leftovers
|upkeep
|turn|9
|
|t:|1769318745
|move|p1a: Ogerpon|Ivy Cudgel|p2a: Great Tusk|[anim] Ivy Cudgel Water
|-supereffective|p2a: Great Tusk
|-damage|p2a: Great Tusk|3/100
|move|p2a: Great Tusk|Rapid Spin|p1a: Ogerpon
|-damage|p1a: Ogerpon|14/100
|-boost|p2a: Great Tusk|spe|1
|-sideend|p2: naco03|Spikes|[from] move: Rapid Spin|[of] p2a: Great Tusk
|
|-heal|p2a: Great Tusk|9/100|[from] item: Leftovers
|upkeep
|turn|10
|
|t:|1769318768
|move|p1a: Ogerpon|Ivy Cudgel|p2a: Great Tusk|[anim] Ivy Cudgel Water
|-supereffective|p2a: Great Tusk
|-damage|p2a: Great Tusk|0 fnt
|faint|p2a: Great Tusk
|-end|p2a: Great Tusk|Protosynthesis|[silent]
|
|upkeep
|
|t:|1769318773
|switch|p2a: Rillaboom|Rillaboom, F, shiny|100/100
|-fieldstart|move: Grassy Terrain|[from] ability: Grassy Surge|[of] p2a: Rillaboom
|turn|11
|
|t:|1769318778
|move|p2a: Rillaboom|Grassy Glide|p1a: Ogerpon
|-damage|p1a: Ogerpon|0 fnt
|faint|p1a: Ogerpon
|
|upkeep
|
|t:|1769318783
|switch|p1a: Landorus|Landorus-Therian, M|100/100
|-ability|p1a: Landorus|Intimidate|boost
|-unboost|p2a: Rillaboom|atk|1
|turn|12
|
|t:|1769318789
|move|p1a: Landorus|U-turn|p2a: Rillaboom
|-supereffective|p2a: Rillaboom
|-damage|p2a: Rillaboom|49/100
|
|t:|1769318792
|switch|p1a: Scizor|Scizor, F|100/100|[from] U-turn
|move|p2a: Rillaboom|Wood Hammer|p1a: Scizor
|-resisted|p1a: Scizor
|-damage|p1a: Scizor|84/100
|-damage|p2a: Rillaboom|44/100|[from] Recoil
|
|-heal|p2a: Rillaboom|50/100|[from] Grassy Terrain
|-heal|p1a: Scizor|90/100|[from] Grassy Terrain
|upkeep
|turn|13
|
|t:|1769318803
|switch|p2a: Blaziken|Blaziken, M, shiny|100/100
|move|p1a: Scizor|U-turn|p2a: Blaziken
|-resisted|p2a: Blaziken
|-crit|p2a: Blaziken
|-damage|p2a: Blaziken|64/100
|
|t:|1769318806
|switch|p1a: Landorus|Landorus-Therian, M|100/100|[from] U-turn
|-ability|p1a: Landorus|Intimidate|boost
|-unboost|p2a: Blaziken|atk|1
|
|-heal|p2a: Blaziken|70/100|[from] Grassy Terrain
|upkeep
|turn|14
|
|t:|1769318817
|switch|p2a: Dragapult|Dragapult, F, shiny|100/100
|move|p1a: Landorus|Earthquake|p2a: Dragapult
|-damage|p2a: Dragapult|68/100
|
|-heal|p2a: Dragapult|74/100|[from] Grassy Terrain
|upkeep
|turn|15
|
|t:|1769318825
|switch|p1a: Scizor|Scizor, F|90/100
|move|p2a: Dragapult|Dragon Dance|p2a: Dragapult
|-boost|p2a: Dragapult|atk|1
|-boost|p2a: Dragapult|spe|1
|
|-heal|p2a: Dragapult|80/100|[from] Grassy Terrain
|-heal|p1a: Scizor|96/100|[from] Grassy Terrain
|-fieldend|move: Grassy Terrain
|upkeep
|turn|16
|
|t:|1769318836
|move|p2a: Dragapult|Dragon Dance|p2a: Dragapult
|-boost|p2a: Dragapult|atk|1
|-boost|p2a: Dragapult|spe|1
|move|p1a: Scizor|Knock Off|p2a: Dragapult
|-supereffective|p2a: Dragapult
|-damage|p2a: Dragapult|0 fnt
|-enditem|p2a: Dragapult|Life Orb|[from] move: Knock Off|[of] p1a: Scizor
|faint|p2a: Dragapult
|
|upkeep
|c|☆naco03|down de mierda
|
|t:|1769318851
|switch|p2a: Blaziken|Blaziken, M, shiny|70/100
|turn|17
|
|t:|1769318857
|switch|p1a: Landorus|Landorus-Therian, M|100/100
|-ability|p1a: Landorus|Intimidate|boost
|-unboost|p2a: Blaziken|atk|1
|move|p2a: Blaziken|Swords Dance|p2a: Blaziken
|-boost|p2a: Blaziken|atk|2
|
|-ability|p2a: Blaziken|Speed Boost|boost
|-boost|p2a: Blaziken|spe|1
|upkeep
|turn|18
|
|t:|1769318867
|move|p2a: Blaziken|Flare Blitz|p1a: Landorus
|-damage|p1a: Landorus|18/100
|-damage|p2a: Blaziken|53/100|[from] item: Rocky Helmet|[of] p1a: Landorus
|-damage|p2a: Blaziken|19/100|[from] Recoil
|move|p1a: Landorus|Earthquake|p2a: Blaziken
|-supereffective|p2a: Blaziken
|-damage|p2a: Blaziken|0 fnt
|faint|p2a: Blaziken
|
|upkeep
|c|☆naco03|mogolico de mierda
|
|t:|1769318881
|switch|p2a: Rillaboom|Rillaboom, F, shiny|50/100
|-fieldstart|move: Grassy Terrain|[from] ability: Grassy Surge|[of] p2a: Rillaboom
|turn|19
|n|‽naco03|naco03
|c|~|/log naco03 was locked from talking by Artemis. (☆naco03: mogolico de mierda)
|c|~|/raw <small>This action was done automatically. Want to learn more about the AI? <a href="https://www.smogon.com/forums/threads/3570628/#post-9056769">Visit the information thread</a>.</small>
|inactive|noireondrugs has 120 seconds left.
|
|t:|1769318933
|move|p2a: Rillaboom|Grassy Glide|p1a: Landorus
|-damage|p1a: Landorus|0 fnt
|-damage|p2a: Rillaboom|34/100|[from] item: Rocky Helmet|[of] p1a: Landorus
|faint|p1a: Landorus
|
|-heal|p2a: Rillaboom|40/100|[from] Grassy Terrain
|upkeep
|
|t:|1769318936
|switch|p1a: Scizor|Scizor, F|96/100
|turn|20
|-message|naco03 forfeited.
|
|win|noireondrugs
