|j|☆CryingDaniel
|j|☆Rixx Sensei
|t:|1769424237
|gametype|singles
|player|p1|CryingDaniel|waitress-gen4|1141
|player|p2|Rixx Sensei|blue-gen7|1220
|gen|9
|tier|[Gen 9] OU
|rated|
|rule|HP Percentage Mod: HP is shown in percentages
|rule|Endless Battle Clause: Forcing endless battles is banned
|rule|Species Clause: Limit one of each Pokémon
|rule|OHKO Clause: OHKO moves are banned
|rule|Evasion Items Clause: Evasion items are banned
|rule|Evasion Moves Clause: Evasion moves are banned
|rule|Evasion Abilities Clause: Evasion abilities are banned
|rule|Sleep Moves Clause: Sleep-inducing moves are banned
|clearpoke
|poke|p1|Regigigas|
|poke|p1|Pelipper, M|
|poke|p1|Floatzel, F|
|poke|p1|Kingambit, F|
|poke|p1|Slowking-Galar, F|
|poke|p1|Forretress, M|
|poke|p2|Tinkaton, F|
|poke|p2|Ogerpon, F|
|poke|p2|Great Tusk|
|poke|p2|Pecharunt|
|poke|p2|Alomomola, F|
|poke|p2|Hydreigon, M|
|teampreview
|inactive|Battle timer is ON: inactive players will automatically lose when time's up. (requested by CryingDaniel)
|
|t:|1769424247
|teamsize|p1|6
|teamsize|p2|6
|start
|switch|p1a: Cringebit|Kingambit, F|100/100
|switch|p2a: Hydreigon|Hydreigon, M, shiny|100/100
|-item|p1a: Cringebit|Air Balloon
|turn|1
|
|t:|1769424259
|move|p2a: Hydreigon|Dark Pulse|p1a: Cringebit
|-resisted|p1a: Cringebit
|-damage|p1a: Cringebit|73/100
|-enditem|p1a: Cringebit|Air Balloon
|move|p1a: Cringebit|Stealth Rock|p2a: Hydreigon
|-sidestart|p2: Rixx Sensei|move: Stealth Rock
|
|upkeep
|turn|2
|
|t:|1769424275
|switch|p2a: Great Tusk|Great Tusk, shiny|100/100
|-end|p1a: Cringebit|fallenundefined|[silent]
|switch|p1a: Wazzbin|Pelipper, M|100/100
|-weather|RainDance|[from] ability: Drizzle|[of] p1a: Wazzbin
|
|-weather|RainDance|[upkeep]
|upkeep
|turn|3
|
|t:|1769424287
|-end|p2a: Great Tusk|Protosynthesis|[silent]
|switch|p2a: Alomomola|Alomomola, F, shiny|100/100
|-damage|p2a: Alomomola|88/100|[from] Stealth Rock
|move|p1a: Wazzbin|Ice Beam|p2a: Alomomola
|-resisted|p2a: Alomomola
|-damage|p2a: Alomomola|84/100
|
|-weather|RainDance|[upkeep]
|upkeep
|turn|4
|
|t:|1769424296
|move|p1a: Wazzbin|U-turn|p2a: Alomomola
|-damage|p2a: Alomomola|77/100
|
|t:|1769424299
|switch|p1a: ChuckleNugget|Regigigas, shiny|100/100|[from] U-turn
|-start|p1a: ChuckleNugget|ability: Slow Start
|move|p2a: Alomomola|Flip Turn|p1a: ChuckleNugget
|-damage|p1a: ChuckleNugget|82/100
|
|t:|1769424305
|switch|p2a: Great Tusk|Great Tusk, shiny|100/100|[from] Flip Turn
|
|-weather|RainDance|[upkeep]
|upkeep
|turn|5
|
|t:|1769424322
|switch|p1a: Wazzbin|Pelipper, M|100/100
|move|p2a: Great Tusk|Rapid Spin|p1a: Wazzbin
|-damage|p1a: Wazzbin|87/100
|-boost|p2a: Great Tusk|spe|1
|-sideend|p2: Rixx Sensei|Stealth Rock|[from] move: Rapid Spin|[of] p2a: Great Tusk
|
|-weather|RainDance|[upkeep]
|upkeep
|turn|6
|
|t:|1769424331
|-end|p2a: Great Tusk|Protosynthesis|[silent]
|switch|p2a: Alomomola|Alomomola, F, shiny|100/100
|move|p1a: Wazzbin|U-turn|p2a: Alomomola
|-damage|p2a: Alomomola|94/100
|
|t:|1769424334
|switch|p1a: Googles|Forretress, M|100/100|[from] U-turn
|
|-weather|none
|upkeep
|turn|7
|
|t:|1769424343
|move|p2a: Alomomola|Flip Turn|p1a: Googles
|-damage|p1a: Googles|91/100
|
|t:|1769424349
|switch|p2a: Hydreigon|Hydreigon, M, shiny|100/100|[from] Flip Turn
|move|p1a: Googles|Thunder Wave|p2a: Hydreigon
|-status|p2a: Hydreigon|par
|
|upkeep
|turn|8
|
|t:|1769424361
|cant|p2a: Hydreigon|par
|move|p1a: Googles|Toxic Spikes|p2a: Hydreigon
|-sidestart|p2: Rixx Sensei|move: Toxic Spikes
|
|upkeep
|turn|9
|l|☆Rixx Sensei
|inactive|Rixx Sensei disconnected and has a minute to reconnect!
|player|p2|
|inactive|Rixx Sensei has 30 seconds to reconnect!
|inactive|Rixx Sensei has 20 seconds to reconnect!
|inactive|Rixx Sensei has 15 seconds to reconnect!
|inactive|Rixx Sensei has 10 seconds to reconnect!
|inactive|Rixx Sensei has 5 seconds to reconnect!
|-message|Rixx Sensei lost due to inactivity.
|
|win|CryingDaniel
|raw|CryingDaniel's rating: 1141 &rarr; <strong>1172</strong><br />(+31 for winning)
|raw|Rixx Sensei's rating: 1220 &rarr; <strong>1189</strong><br />(-31 for losing)
|l|☆CryingDaniel
|player|p1|
