|j|☆UltraSharkBrosYT
|j|‽nakgy
|t:|1769404595
|gametype|singles
|player|p1|UltraSharkBrosYT|ingo-hisui|1215
|player|p2|nakgy|169|1178
|gen|9
|tier|[Gen 9] OU
|rated|
|rule|HP Percentage Mod: HP is shown in percentages
|rule|Endless Battle Clause: Forcing endless battles is banned
|rule|Species Clause: Limit one of each Pokémon
|rule|OHKO Clause: OHKO moves are banned
|rule|Evasion Items Clause: Evasion items are banned
|rule|Evasion Moves Clause: Evasion moves are banned
|rule|Evasion Abilities Clause: Evasion abilities are banned
|rule|Sleep Moves Clause: Sleep-inducing moves are banned
|clearpoke
|poke|p1|Garchomp, F|
|poke|p1|Garganacl, M|
|poke|p1|Heatran, M|
|poke|p1|Lokix, F|
|poke|p1|Iron Jugulis|
|poke|p1|Metagross|
|poke|p2|Ogerpon-Wellspring, F|
|poke|p2|Heatran, F|
|poke|p2|Mandibuzz, F|
|poke|p2|Wyrdeer, F|
|poke|p2|Gliscor, F|
|poke|p2|Mimikyu, F|
|teampreview
|inactive|Battle timer is ON: inactive players will automatically lose when time's up. (requested by UltraSharkBrosYT)
|inactive|nakgy also wants the timer to be on.
|
|t:|1769404613
|teamsize|p1|6
|teamsize|p2|6
|start
|switch|p1a: Expedition 33|Garganacl, M|100/100
|switch|p2a: Heatran|Heatran, F|100/100
|-item|p2a: Heatran|Air Balloon
|turn|1
|
|t:|1769404629
|move|p2a: Heatran|Earth Power|p1a: Expedition 33
|-supereffective|p1a: Expedition 33
|-damage|p1a: Expedition 33|40/100
|move|p1a: Expedition 33|Salt Cure|p2a: Heatran
|-damage|p2a: Heatran|89/100
|-start|p2a: Heatran|Salt Cure
|-enditem|p2a: Heatran|Air Balloon
|
|-heal|p1a: Expedition 33|46/100|[from] item: Leftovers
|-damage|p2a: Heatran|64/100|[from] Salt Cure
|upkeep
|turn|2
|
|t:|1769404634
|move|p1a: Expedition 33|Protect|p1a: Expedition 33
|-singleturn|p1a: Expedition 33|Protect
|move|p2a: Heatran|Earth Power|p1a: Expedition 33
|-activate|p1a: Expedition 33|move: Protect
|
|-heal|p1a: Expedition 33|52/100|[from] item: Leftovers
|-damage|p2a: Heatran|39/100|[from] Salt Cure
|upkeep
|turn|3
|
|t:|1769404640
|switch|p1a: Last of Us Pt 2|Iron Jugulis|100/100
|-enditem|p1a: Last of Us Pt 2|Booster Energy
|-activate|p1a: Last of Us Pt 2|ability: Quark Drive|[fromitem]
|-start|p1a: Last of Us Pt 2|quarkdrivespe
|move|p2a: Heatran|Earth Power|p1a: Last of Us Pt 2
|-immune|p1a: Last of Us Pt 2
|
|-damage|p2a: Heatran|14/100|[from] Salt Cure
|upkeep
|turn|4
|
|t:|1769404648
|-end|p1a: Last of Us Pt 2|Quark Drive|[silent]
|switch|p1a: Expedition 33|Garganacl, M|52/100
|move|p2a: Heatran|Stealth Rock|p1a: Expedition 33
|-sidestart|p1: UltraSharkBrosYT|move: Stealth Rock
|
|-heal|p1a: Expedition 33|58/100|[from] item: Leftovers
|-damage|p2a: Heatran|0 fnt|[from] Salt Cure
|faint|p2a: Heatran
|upkeep
|
|t:|1769404658
|switch|p2a: Mimikyu|Mimikyu, F|100/100
|turn|5
|
|t:|1769404661
|move|p2a: Mimikyu|Swords Dance|p2a: Mimikyu
|-boost|p2a: Mimikyu|atk|2
|move|p1a: Expedition 33|Stealth Rock|p2a: Mimikyu
|-sidestart|p2: nakgy|move: Stealth Rock
|
|-heal|p1a: Expedition 33|64/100|[from] item: Leftovers
|upkeep
|turn|6
|
|t:|1769404668
|move|p2a: Mimikyu|Swords Dance|p2a: Mimikyu
|-boost|p2a: Mimikyu|atk|2
|move|p1a: Expedition 33|Salt Cure|p2a: Mimikyu
|-activate|p2a: Mimikyu|ability: Disguise
|-damage|p2a: Mimikyu|100/100
|-start|p2a: Mimikyu|Salt Cure
|detailschange|p2a: Mimikyu|Mimikyu-Busted, F
|-damage|p2a: Mimikyu|88/100|[from] pokemon: Mimikyu-Busted
|
|-heal|p1a: Expedition 33|71/100|[from] item: Leftovers
|-damage|p2a: Mimikyu|76/100|[from] Salt Cure
|upkeep
|turn|7
|
|t:|1769404676
|move|p2a: Mimikyu|Drain Punch|p1a: Expedition 33
|-supereffective|p1a: Expedition 33
|-damage|p1a: Expedition 33|0 fnt
|-heal|p2a: Mimikyu|100/100|[from] drain|[of] p1a: Expedition 33
|faint|p1a: Expedition 33
|-damage|p2a: Mimikyu|91/100|[from] item: Life Orb
|
|-damage|p2a: Mimikyu|78/100|[from] Salt Cure
|upkeep
|
|t:|1769404680
|switch|p1a: Last of Us Pt 2|Iron Jugulis|100/100
|-damage|p1a: Last of Us Pt 2|76/100|[from] Stealth Rock
|turn|8
|
|t:|1769404691
|move|p1a: Last of Us Pt 2|Dark Pulse|p2a: Mimikyu
|-crit|p2a: Mimikyu
|-damage|p2a: Mimikyu|4/100
|move|p2a: Mimikyu|Play Rough|p1a: Last of Us Pt 2
|-supereffective|p1a: Last of Us Pt 2
|-damage|p1a: Last of Us Pt 2|0 fnt
|faint|p1a: Last of Us Pt 2
|-end|p1a: Last of Us Pt 2|Quark Drive|[silent]
|-damage|p2a: Mimikyu|0 fnt|[from] item: Life Orb
|faint|p2a: Mimikyu
|
|upkeep
|
|t:|1769404703
|switch|p1a: Astro Bot|Metagross|100/100
|switch|p2a: Mandibuzz|Mandibuzz, F|100/100
|-damage|p1a: Astro Bot|94/100|[from] Stealth Rock
|-damage|p2a: Mandibuzz|76/100|[from] Stealth Rock
|turn|9
|
|t:|1769404710
|move|p1a: Astro Bot|Heavy Slam|p2a: Mandibuzz
|-damage|p2a: Mandibuzz|45/100
|-damage|p1a: Astro Bot|78/100|[from] item: Rocky Helmet|[of] p2a: Mandibuzz
|move|p2a: Mandibuzz|Foul Play|p1a: Astro Bot
|-supereffective|p1a: Astro Bot
|-damage|p1a: Astro Bot|12/100
|
|-heal|p1a: Astro Bot|18/100|[from] item: Leftovers
|upkeep
|turn|10
|
|t:|1769404720
|switch|p1a: It Takes Two|Lokix, F|100/100
|move|p2a: Mandibuzz|Roost|p2a: Mandibuzz
|-heal|p2a: Mandibuzz|95/100
|-singleturn|p2a: Mandibuzz|move: Roost
|
|upkeep
|turn|11
|
|t:|1769404728
|move|p1a: It Takes Two|First Impression|p2a: Mandibuzz
|-damage|p2a: Mandibuzz|70/100
|-damage|p1a: It Takes Two|84/100|[from] item: Rocky Helmet|[of] p2a: Mandibuzz
|move|p2a: Mandibuzz|Toxic|p1a: It Takes Two
|-status|p1a: It Takes Two|tox
|
|-damage|p1a: It Takes Two|78/100 tox|[from] psn
|upkeep
|turn|12
|
|t:|1769404740
|move|p1a: It Takes Two|U-turn|p2a: Mandibuzz
|-damage|p2a: Mandibuzz|49/100
|-damage|p1a: It Takes Two|61/100 tox|[from] item: Rocky Helmet|[of] p2a: Mandibuzz
|
|t:|1769404743
|switch|p1a: Baldurs Gate 3|Heatran, M|100/100|[from] U-turn
|-damage|p1a: Baldurs Gate 3|88/100|[from] Stealth Rock
|-item|p1a: Baldurs Gate 3|Air Balloon
|move|p2a: Mandibuzz|Roost|p2a: Mandibuzz
|-heal|p2a: Mandibuzz|99/100
|-singleturn|p2a: Mandibuzz|move: Roost
|
|upkeep
|turn|13
|
|t:|1769404755
|move|p2a: Mandibuzz|Foul Play|p1a: Baldurs Gate 3
|-damage|p1a: Baldurs Gate 3|68/100
|-enditem|p1a: Baldurs Gate 3|Air Balloon
|move|p1a: Baldurs Gate 3|Flamethrower|p2a: Mandibuzz
|-damage|p2a: Mandibuzz|59/100
|
|upkeep
|turn|14
|
|t:|1769404765
|switch|p2a: Gliscor|Gliscor, F|100/100
|-damage|p2a: Gliscor|88/100|[from] Stealth Rock
|move|p1a: Baldurs Gate 3|Magma Storm|p2a: Gliscor
|-damage|p2a: Gliscor|23/100
|-activate|p2a: Gliscor|move: Magma Storm|[of] p1a: Baldurs Gate 3
|
|-damage|p2a: Gliscor|10/100|[from] move: Magma Storm|[partiallytrapped]
|-status|p2a: Gliscor|tox|[from] item: Toxic Orb
|upkeep
|turn|15
|
|t:|1769404782
|switch|p1a: Elden Ring|Garchomp, F|100/100
|-damage|p1a: Elden Ring|94/100|[from] Stealth Rock
|move|p2a: Gliscor|Protect||[still]
|-fail|p2a: Gliscor
|
|-heal|p2a: Gliscor|23/100 tox|[from] ability: Poison Heal
|-end|p2a: Gliscor|Magma Storm|[partiallytrapped]|[silent]
|upkeep
|turn|16
|
|t:|1769404801
|move|p2a: Gliscor|Protect|p2a: Gliscor
|-singleturn|p2a: Gliscor|Protect
|move|p1a: Elden Ring|Swords Dance|p1a: Elden Ring
|-boost|p1a: Elden Ring|atk|2
|
|-heal|p2a: Gliscor|35/100 tox|[from] ability: Poison Heal
|upkeep
|turn|17
|
|t:|1769404808
|move|p1a: Elden Ring|Liquidation|p2a: Gliscor
|-supereffective|p2a: Gliscor
|-damage|p2a: Gliscor|0 fnt
|faint|p2a: Gliscor
|
|upkeep
|
|t:|1769404812
|switch|p2a: Ogerpon|Ogerpon-Wellspring, F|100/100
|-damage|p2a: Ogerpon|88/100|[from] Stealth Rock
|turn|18
|
|t:|1769404820
|-terastallize|p1a: Elden Ring|Water
|move|p2a: Ogerpon|Play Rough|p1a: Elden Ring
|-damage|p1a: Elden Ring|57/100
|-damage|p2a: Ogerpon|76/100|[from] ability: Rough Skin|[of] p1a: Elden Ring
|move|p1a: Elden Ring|Scale Shot|p2a: Ogerpon|[miss]
|-miss|p1a: Elden Ring|p2a: Ogerpon
|
|upkeep
|turn|19
|c|☆UltraSharkBrosYT|heartbreaking
|
|t:|1769404836
|switch|p1a: Astro Bot|Metagross|18/100
|-damage|p1a: Astro Bot|12/100|[from] Stealth Rock
|move|p2a: Ogerpon|Horn Leech|p1a: Astro Bot
|-resisted|p1a: Astro Bot
|-damage|p1a: Astro Bot|0 fnt
|-heal|p2a: Ogerpon|83/100|[from] drain|[of] p1a: Astro Bot
|faint|p1a: Astro Bot
|
|upkeep
|
|t:|1769404841
|switch|p1a: It Takes Two|Lokix, F|61/100 tox
|turn|20
|
|t:|1769404856
|-terastallize|p2a: Ogerpon|Water
|detailschange|p2a: Ogerpon|Ogerpon-Wellspring-Tera, F, tera:Water
|-ability|p2a: Ogerpon|Embody Aspect (Wellspring)|boost
|-boost|p2a: Ogerpon|spd|1
|move|p1a: It Takes Two|First Impression|p2a: Ogerpon
|-damage|p2a: Ogerpon|21/100
|move|p2a: Ogerpon|Swords Dance|p2a: Ogerpon
|-boost|p2a: Ogerpon|atk|2
|
|-damage|p1a: It Takes Two|55/100 tox|[from] psn
|upkeep
|turn|21
|
|t:|1769404870
|move|p1a: It Takes Two|Sucker Punch|p2a: Ogerpon
|-damage|p2a: Ogerpon|0 fnt
|faint|p2a: Ogerpon
|detailschange|p2: Ogerpon|Ogerpon-Wellspring, F|[silent]
|
|-damage|p1a: It Takes Two|43/100 tox|[from] psn
|upkeep
|
|t:|1769404875
|switch|p2a: Mandibuzz|Mandibuzz, F|59/100
|-damage|p2a: Mandibuzz|34/100|[from] Stealth Rock
|turn|22
|
|t:|1769404877
|move|p1a: It Takes Two|U-turn|p2a: Mandibuzz
|-damage|p2a: Mandibuzz|15/100
|-damage|p1a: It Takes Two|27/100 tox|[from] item: Rocky Helmet|[of] p2a: Mandibuzz
|
|t:|1769404879
|switch|p1a: Elden Ring|Garchomp, F, tera:Water|57/100|[from] U-turn
|-damage|p1a: Elden Ring|45/100|[from] Stealth Rock
|move|p2a: Mandibuzz|Roost|p2a: Mandibuzz
|-heal|p2a: Mandibuzz|65/100
|-singleturn|p2a: Mandibuzz|move: Roost
|
|upkeep
|turn|23
|
|t:|1769404896
|move|p1a: Elden Ring|Swords Dance|p1a: Elden Ring
|-boost|p1a: Elden Ring|atk|2
|move|p2a: Mandibuzz|Foul Play|p1a: Elden Ring
|-damage|p1a: Elden Ring|0 fnt
|-damage|p2a: Mandibuzz|53/100|[from] ability: Rough Skin|[of] p1a: Elden Ring
|faint|p1a: Elden Ring
|
|upkeep
|
|t:|1769404902
|switch|p1a: It Takes Two|Lokix, F|27/100 tox
|turn|24
|
|t:|1769404906
|move|p1a: It Takes Two|First Impression|p2a: Mandibuzz
|-damage|p2a: Mandibuzz|30/100
|-damage|p1a: It Takes Two|10/100 tox|[from] item: Rocky Helmet|[of] p2a: Mandibuzz
|move|p2a: Mandibuzz|Roost|p2a: Mandibuzz
|-heal|p2a: Mandibuzz|80/100
|-singleturn|p2a: Mandibuzz|move: Roost
|
|-damage|p1a: It Takes Two|4/100 tox|[from] psn
|upkeep
|turn|25
|
|t:|1769404925
|move|p1a: It Takes Two|Knock Off|p2a: Mandibuzz
|-resisted|p2a: Mandibuzz
|-damage|p2a: Mandibuzz|53/100
|-damage|p1a: It Takes Two|0 fnt|[from] item: Rocky Helmet|[of] p2a: Mandibuzz
|faint|p1a: It Takes Two
|move|p2a: Mandibuzz|Defog|p1: It Takes Two|[notarget]
|-fail|p2a: Mandibuzz
|
|upkeep
|
|t:|1769404928
|switch|p1a: Baldurs Gate 3|Heatran, M|68/100
|-damage|p1a: Baldurs Gate 3|55/100|[from] Stealth Rock
|turn|26
|
|t:|1769404936
|move|p2a: Mandibuzz|Roost|p2a: Mandibuzz
|-heal|p2a: Mandibuzz|100/100
|-singleturn|p2a: Mandibuzz|move: Roost
|move|p1a: Baldurs Gate 3|Flamethrower|p2a: Mandibuzz
|-damage|p2a: Mandibuzz|54/100
|
|upkeep
|turn|27
|
|t:|1769404946
|move|p2a: Mandibuzz|Foul Play|p1a: Baldurs Gate 3
|-damage|p1a: Baldurs Gate 3|37/100
|-status|p2a: Mandibuzz|brn|[from] ability: Flame Body|[of] p1a: Baldurs Gate 3
|move|p1a: Baldurs Gate 3|Magma Storm|p2a: Mandibuzz
|-damage|p2a: Mandibuzz|7/100 brn
|-activate|p2a: Mandibuzz|move: Magma Storm|[of] p1a: Baldurs Gate 3
|
|-damage|p2a: Mandibuzz|1/100 brn|[from] brn
|-damage|p2a: Mandibuzz|0 fnt|[from] move: Magma Storm|[partiallytrapped]
|faint|p2a: Mandibuzz
|upkeep
|
|t:|1769404953
|switch|p2a: Wyrdeer|Wyrdeer, F|100/100
|-damage|p2a: Wyrdeer|88/100|[from] Stealth Rock
|turn|28
|
|t:|1769404962
|move|p2a: Wyrdeer|Psyshield Bash|p1a: Baldurs Gate 3|[miss]
|-miss|p2a: Wyrdeer|p1a: Baldurs Gate 3
|move|p1a: Baldurs Gate 3|Flamethrower|p2a: Wyrdeer
|-damage|p2a: Wyrdeer|29/100
|
|upkeep
|turn|29
|
|t:|1769404967
|move|p2a: Wyrdeer|Psyshield Bash|p1a: Baldurs Gate 3
|-resisted|p1a: Baldurs Gate 3
|-damage|p1a: Baldurs Gate 3|24/100
|-boost|p2a: Wyrdeer|def|1
|move|p1a: Baldurs Gate 3|Flamethrower|p2a: Wyrdeer
|-damage|p2a: Wyrdeer|0 fnt
|faint|p2a: Wyrdeer
|
|win|UltraSharkBrosYT
|raw|UltraSharkBrosYT's rating: 1215 &rarr; <strong>1237</strong><br />(+22 for winning)
|raw|nakgy's rating: 1178 &rarr; <strong>1156</strong><br />(-22 for losing)
|c|☆UltraSharkBrosYT|gg
|l|‽nakgy
|player|p2|
|l|☆UltraSharkBrosYT
|player|p1|
