|j|☆Hammez36
|j|☆evemeria
|t:|1769366767
|gametype|singles
|player|p1|Hammez36|1|1297
|player|p2|evemeria|veteranf|1324
|gen|9
|tier|[Gen 9] OU
|rated|
|rule|HP Percentage Mod: HP is shown in percentages
|rule|Endless Battle Clause: Forcing endless battles is banned
|rule|Species Clause: Limit one of each Pokémon
|rule|OHKO Clause: OHKO moves are banned
|rule|Evasion Items Clause: Evasion items are banned
|rule|Evasion Moves Clause: Evasion moves are banned
|rule|Evasion Abilities Clause: Evasion abilities are banned
|rule|Sleep Moves Clause: Sleep-inducing moves are banned
|clearpoke
|poke|p1|Darkrai|
|poke|p1|Iron Crown|
|poke|p1|Quaquaval, M|
|poke|p1|Gliscor, M|
|poke|p1|Florges, F|
|poke|p1|Pecharunt|
|poke|p2|Zoroark-Hisui, M|
|poke|p2|Ogerpon-Wellspring, F|
|poke|p2|Great Tusk|
|poke|p2|Garganacl, F|
|poke|p2|Pecharunt|
|poke|p2|Alomomola, F|
|teampreview
|inactive|Battle timer is ON: inactive players will automatically lose when time's up. (requested by evemeria)
|
|t:|1769366793
|teamsize|p1|6
|teamsize|p2|6
|start
|switch|p1a: Quaquaval|Quaquaval, M|100/100
|switch|p2a: Ogerpon|Ogerpon-Wellspring, F|100/100
|turn|1
|
|t:|1769366817
|switch|p1a: Pecharunt|Pecharunt|100/100
|move|p2a: Ogerpon|Swords Dance|p2a: Ogerpon
|-boost|p2a: Ogerpon|atk|2
|
|upkeep
|turn|2
|
|t:|1769366828
|move|p2a: Ogerpon|Ivy Cudgel|p1a: Pecharunt|[anim] Ivy Cudgel Water
|-damage|p1a: Pecharunt|48/100
|move|p1a: Pecharunt|Malignant Chain|p2a: Ogerpon
|-supereffective|p2a: Ogerpon
|-damage|p2a: Ogerpon|32/100
|-status|p2a: Ogerpon|tox
|-start|p2a: Ogerpon|confusion|[from] ability: Poison Puppeteer|[of] p1a: Pecharunt
|
|-damage|p2a: Ogerpon|26/100 tox|[from] psn
|upkeep
|turn|3
|
|t:|1769366838
|-activate|p2a: Ogerpon|confusion
|move|p2a: Ogerpon|Swords Dance|p2a: Ogerpon
|-boost|p2a: Ogerpon|atk|2
|move|p1a: Pecharunt|Recover|p1a: Pecharunt
|-heal|p1a: Pecharunt|98/100
|
|-damage|p2a: Ogerpon|14/100 tox|[from] psn
|upkeep
|turn|4
|
|t:|1769366849
|-activate|p2a: Ogerpon|confusion
|move|p2a: Ogerpon|Ivy Cudgel|p1a: Pecharunt|[anim] Ivy Cudgel Water
|-damage|p1a: Pecharunt|17/100
|move|p1a: Pecharunt|Foul Play|p2a: Ogerpon
|-damage|p2a: Ogerpon|0 fnt
|faint|p2a: Ogerpon
|
|upkeep
|
|t:|1769366856
|switch|p2a: Alomomola|Alomomola, F|100/100
|turn|5
|
|t:|1769366862
|move|p2a: Alomomola|Shadow Ball|p1a: Pecharunt
|-supereffective|p1a: Pecharunt
|-damage|p1a: Pecharunt|0 fnt
|faint|p1a: Pecharunt
|
|upkeep
|
|t:|1769366873
|switch|p1a: Florges|Florges, F|100/100
|turn|6
|
|t:|1769366879
|switch|p2a: Pecharunt|Pecharunt|100/100
|move|p1a: Florges|Giga Drain|p2a: Pecharunt
|-resisted|p2a: Pecharunt
|-damage|p2a: Pecharunt|91/100
|
|upkeep
|turn|7
|
|t:|1769366896
|switch|p1a: Gliscor|Gliscor, M|100/100
|move|p2a: Pecharunt|Parting Shot|p1a: Gliscor
|-unboost|p1a: Gliscor|atk|1
|-unboost|p1a: Gliscor|spa|1
|
|t:|1769366899
|switch|p2a: Great Tusk|Great Tusk|100/100|[from] Parting Shot
|
|-status|p1a: Gliscor|tox|[from] item: Toxic Orb
|upkeep
|turn|8
|
|t:|1769366911
|move|p2a: Great Tusk|Rapid Spin|p1a: Gliscor
|-damage|p1a: Gliscor|90/100 tox
|-boost|p2a: Great Tusk|spe|1
|move|p1a: Gliscor|Toxic|p2a: Great Tusk
|-status|p2a: Great Tusk|tox
|
|-damage|p2a: Great Tusk|94/100 tox|[from] psn
|-heal|p1a: Gliscor|100/100 tox|[from] ability: Poison Heal
|upkeep
|turn|9
|
|t:|1769366920
|move|p2a: Great Tusk|Ice Spinner|p1a: Gliscor
|-supereffective|p1a: Gliscor
|-damage|p1a: Gliscor|31/100 tox
|move|p1a: Gliscor|Knock Off|p2a: Great Tusk
|-resisted|p2a: Great Tusk
|-damage|p2a: Great Tusk|89/100 tox
|-enditem|p2a: Great Tusk|Heavy-Duty Boots|[from] move: Knock Off|[of] p1a: Gliscor
|
|-damage|p2a: Great Tusk|77/100 tox|[from] psn
|-heal|p1a: Gliscor|44/100 tox|[from] ability: Poison Heal
|upkeep
|turn|10
|
|t:|1769366932
|switch|p1a: Quaquaval|Quaquaval, M|100/100
|move|p2a: Great Tusk|Rapid Spin|p1a: Quaquaval
|-damage|p1a: Quaquaval|78/100
|-boost|p2a: Great Tusk|spe|1
|
|-heal|p1a: Quaquaval|84/100|[from] item: Leftovers
|-damage|p2a: Great Tusk|58/100 tox|[from] psn
|upkeep
|turn|11
|
|t:|1769366945
|move|p2a: Great Tusk|Headlong Rush|p1a: Quaquaval
|-damage|p1a: Quaquaval|0 fnt
|-unboost|p2a: Great Tusk|def|1
|-unboost|p2a: Great Tusk|spd|1
|faint|p1a: Quaquaval
|
|-damage|p2a: Great Tusk|33/100 tox|[from] psn
|upkeep
|
|t:|1769366954
|switch|p1a: Florges|Florges, F|100/100
|turn|12
|
|t:|1769366958
|move|p2a: Great Tusk|Headlong Rush|p1a: Florges
|-damage|p1a: Florges|18/100
|-unboost|p2a: Great Tusk|def|1
|-unboost|p2a: Great Tusk|spd|1
|move|p1a: Florges|Giga Drain|p2a: Great Tusk
|-supereffective|p2a: Great Tusk
|-damage|p2a: Great Tusk|0 fnt
|-heal|p1a: Florges|35/100|[from] drain|[of] p2a: Great Tusk
|faint|p2a: Great Tusk
|-end|p2a: Great Tusk|Protosynthesis|[silent]
|
|upkeep
|
|t:|1769366969
|switch|p2a: Alomomola|Alomomola, F|100/100
|turn|13
|
|t:|1769366976
|move|p2a: Alomomola|Shadow Ball|p1a: Florges
|-damage|p1a: Florges|15/100
|move|p1a: Florges|Giga Drain|p2a: Alomomola
|-damage|p2a: Alomomola|62/100
|-heal|p1a: Florges|29/100|[from] drain|[of] p2a: Alomomola
|replace|p2a: Zoroark|Zoroark-Hisui, M, shiny
|-end|p2a: Zoroark|Illusion
|
|upkeep
|turn|14
|
|t:|1769366992
|switch|p2a: Pecharunt|Pecharunt|91/100
|move|p1a: Florges|Giga Drain|p2a: Pecharunt
|-resisted|p2a: Pecharunt
|-damage|p2a: Pecharunt|80/100
|-heal|p1a: Florges|35/100|[from] drain|[of] p2a: Pecharunt
|
|upkeep
|turn|15
|
|t:|1769367006
|switch|p1a: Gliscor|Gliscor, M|44/100 tox
|move|p2a: Pecharunt|Foul Play|p1a: Gliscor
|-damage|p1a: Gliscor|31/100 tox
|
|-heal|p1a: Gliscor|43/100 tox|[from] ability: Poison Heal
|upkeep
|turn|16
|
|t:|1769367021
|switch|p2a: Alomomola|Alomomola, F|100/100
|move|p1a: Gliscor|Knock Off|p2a: Alomomola
|-damage|p2a: Alomomola|85/100
|-enditem|p2a: Alomomola|Assault Vest|[from] move: Knock Off|[of] p1a: Gliscor
|
|-heal|p1a: Gliscor|56/100 tox|[from] ability: Poison Heal
|upkeep
|turn|17
|
|t:|1769367030
|move|p1a: Gliscor|Toxic|p2a: Alomomola
|-status|p2a: Alomomola|tox
|move|p2a: Alomomola|Scald|p1a: Gliscor
|-supereffective|p1a: Gliscor
|-damage|p1a: Gliscor|23/100 tox
|
|-heal|p1a: Gliscor|35/100 tox|[from] ability: Poison Heal
|-damage|p2a: Alomomola|79/100 tox|[from] psn
|upkeep
|turn|18
|
|t:|1769367039
|move|p1a: Gliscor|Protect|p1a: Gliscor
|-singleturn|p1a: Gliscor|Protect
|move|p2a: Alomomola|Flip Turn|p1a: Gliscor
|-activate|p1a: Gliscor|move: Protect
|
|-heal|p1a: Gliscor|48/100 tox|[from] ability: Poison Heal
|-damage|p2a: Alomomola|67/100 tox|[from] psn
|upkeep
|turn|19
|
|t:|1769367055
|switch|p1a: Darkrai|Darkrai, shiny|100/100
|move|p2a: Alomomola|Flip Turn|p1a: Darkrai
|-damage|p1a: Darkrai|79/100
|
|t:|1769367061
|switch|p2a: Garganacl|Garganacl, F|100/100|[from] Flip Turn
|
|-heal|p1a: Darkrai|85/100|[from] item: Leftovers
|upkeep
|turn|20
|
|t:|1769367074
|-terastallize|p1a: Darkrai|Ghost
|move|p1a: Darkrai|Substitute|p1a: Darkrai
|-start|p1a: Darkrai|Substitute
|-damage|p1a: Darkrai|60/100
|move|p2a: Garganacl|Stealth Rock|p1a: Darkrai
|-sidestart|p1: Hammez36|move: Stealth Rock
|
|-heal|p1a: Darkrai|66/100|[from] item: Leftovers
|upkeep
|turn|21
|
|t:|1769367082
|move|p1a: Darkrai|Nasty Plot|p1a: Darkrai
|-boost|p1a: Darkrai|spa|2
|move|p2a: Garganacl|Salt Cure|p1a: Darkrai
|-activate|p1a: Darkrai|move: Substitute|[damage]
|
|-heal|p1a: Darkrai|72/100|[from] item: Leftovers
|upkeep
|turn|22
|
|t:|1769367092
|move|p1a: Darkrai|Nasty Plot|p1a: Darkrai
|-boost|p1a: Darkrai|spa|2
|move|p2a: Garganacl|Salt Cure|p1a: Darkrai
|-end|p1a: Darkrai|Substitute
|
|-heal|p1a: Darkrai|78/100|[from] item: Leftovers
|upkeep
|turn|23
|
|t:|1769367101
|move|p1a: Darkrai|Dark Pulse|p2a: Garganacl
|-damage|p2a: Garganacl|14/100
|move|p2a: Garganacl|Salt Cure|p1a: Darkrai
|-damage|p1a: Darkrai|59/100
|-start|p1a: Darkrai|Salt Cure
|
|-heal|p1a: Darkrai|65/100|[from] item: Leftovers
|-heal|p2a: Garganacl|20/100|[from] item: Leftovers
|-damage|p1a: Darkrai|52/100|[from] Salt Cure
|upkeep
|turn|24
|
|t:|1769367111
|move|p2a: Garganacl|Protect|p2a: Garganacl
|-singleturn|p2a: Garganacl|Protect
|move|p1a: Darkrai|Dark Pulse|p2a: Garganacl
|-activate|p2a: Garganacl|move: Protect
|
|-heal|p1a: Darkrai|59/100|[from] item: Leftovers
|-heal|p2a: Garganacl|26/100|[from] item: Leftovers
|-damage|p1a: Darkrai|46/100|[from] Salt Cure
|upkeep
|turn|25
|
|t:|1769367117
|move|p2a: Garganacl|Protect||[still]
|-fail|p2a: Garganacl
|move|p1a: Darkrai|Dark Pulse|p2a: Garganacl
|-damage|p2a: Garganacl|0 fnt
|faint|p2a: Garganacl
|
|-heal|p1a: Darkrai|52/100|[from] item: Leftovers
|-damage|p1a: Darkrai|40/100|[from] Salt Cure
|upkeep
|
|t:|1769367120
|switch|p2a: Pecharunt|Pecharunt|80/100
|turn|26
|
|t:|1769367134
|-terastallize|p2a: Pecharunt|Dark
|move|p1a: Darkrai|Dark Pulse|p2a: Pecharunt
|-resisted|p2a: Pecharunt
|-damage|p2a: Pecharunt|22/100
|move|p2a: Pecharunt|Foul Play|p1a: Darkrai
|-supereffective|p1a: Darkrai
|-damage|p1a: Darkrai|0 fnt
|faint|p1a: Darkrai
|
|upkeep
|
|t:|1769367151
|switch|p1a: Iron Crown|Iron Crown|100/100
|-damage|p1a: Iron Crown|94/100|[from] Stealth Rock
|-enditem|p1a: Iron Crown|Booster Energy
|-activate|p1a: Iron Crown|ability: Quark Drive|[fromitem]
|-start|p1a: Iron Crown|quarkdrivespe
|turn|27
|
|t:|1769367158
|move|p1a: Iron Crown|Tachyon Cutter|p2a: Pecharunt
|-damage|p2a: Pecharunt|0 fnt
|faint|p2a: Pecharunt
|-hitcount|p2: Pecharunt|1
|
|upkeep
|
|t:|1769367160
|switch|p2a: Alomomola|Alomomola, F|99/100 tox
|turn|28
|
|t:|1769367175
|move|p1a: Iron Crown|Calm Mind|p1a: Iron Crown
|-boost|p1a: Iron Crown|spa|1
|-boost|p1a: Iron Crown|spd|1
|move|p2a: Alomomola|Mirror Coat||[still]
|-fail|p2a: Alomomola
|
|-damage|p2a: Alomomola|94/100 tox|[from] psn
|upkeep
|turn|29
|
|t:|1769367181
|move|p1a: Iron Crown|Calm Mind|p1a: Iron Crown
|-boost|p1a: Iron Crown|spa|1
|-boost|p1a: Iron Crown|spd|1
|move|p2a: Alomomola|Scald|p1a: Iron Crown
|-crit|p1a: Iron Crown
|-damage|p1a: Iron Crown|76/100
|-status|p1a: Iron Crown|brn
|
|-damage|p2a: Alomomola|82/100 tox|[from] psn
|-damage|p1a: Iron Crown|70/100 brn|[from] brn
|upkeep
|turn|30
|
|t:|1769367192
|move|p1a: Iron Crown|Calm Mind|p1a: Iron Crown
|-boost|p1a: Iron Crown|spa|1
|-boost|p1a: Iron Crown|spd|1
|move|p2a: Alomomola|Mirror Coat||[still]
|-fail|p2a: Alomomola
|
|-damage|p2a: Alomomola|64/100 tox|[from] psn
|-damage|p1a: Iron Crown|63/100 brn|[from] brn
|upkeep
|turn|31
|
|t:|1769367201
|move|p1a: Iron Crown|Calm Mind|p1a: Iron Crown
|-boost|p1a: Iron Crown|spa|1
|-boost|p1a: Iron Crown|spd|1
|move|p2a: Alomomola|Mirror Coat||[still]
|-fail|p2a: Alomomola
|
|-damage|p2a: Alomomola|39/100 tox|[from] psn
|-damage|p1a: Iron Crown|57/100 brn|[from] brn
|upkeep
|turn|32
|
|t:|1769367213
|move|p1a: Iron Crown|Stored Power|p2a: Alomomola
|-damage|p2a: Alomomola|0 fnt
|faint|p2a: Alomomola
|
|-damage|p1a: Iron Crown|51/100 brn|[from] brn
|upkeep
|
|t:|1769367215
|switch|p2a: Zoroark|Zoroark-Hisui, M, shiny|62/100
|turn|33
|-message|evemeria forfeited.
|
|win|Hammez36
|raw|Hammez36's rating: 1297 &rarr; <strong>1324</strong><br />(+27 for winning)
|raw|evemeria's rating: 1324 &rarr; <strong>1302</strong><br />(-22 for losing)
|l|☆evemeria
|player|p2|
|l|☆Hammez36
|player|p1|
