|j|☆alt.jr
|j|☆biscuitkhan
|t:|1769324443
|gametype|singles
|player|p1|alt.jr|266|1376
|player|p2|biscuitkhan|101|1353
|gen|9
|tier|[Gen 9] OU
|rated|
|rule|HP Percentage Mod: HP is shown in percentages
|rule|Endless Battle Clause: Forcing endless battles is banned
|rule|Species Clause: Limit one of each Pokémon
|rule|OHKO Clause: OHKO moves are banned
|rule|Evasion Items Clause: Evasion items are banned
|rule|Evasion Moves Clause: Evasion moves are banned
|rule|Evasion Abilities Clause: Evasion abilities are banned
|rule|Sleep Moves Clause: Sleep-inducing moves are banned
|clearpoke
|poke|p1|Gholdengo|
|poke|p1|Ogerpon, F|
|poke|p1|Rillaboom, F|
|poke|p1|Samurott-Hisui, F|
|poke|p1|Glimmora, M|
|poke|p1|Raging Bolt|
|poke|p2|Meowscarada, M|
|poke|p2|Clodsire, M|
|poke|p2|Volcanion|
|poke|p2|Metagross|
|poke|p2|Garchomp, M|
|poke|p2|Scizor, F|
|teampreview
|inactive|Battle timer is ON: inactive players will automatically lose when time's up. (requested by biscuitkhan)
|inactive|alt.jr has 120 seconds left.
|
|t:|1769324488
|teamsize|p1|6
|teamsize|p2|6
|start
|switch|p1a: Ogerpon|Ogerpon, F|100/100
|switch|p2a: Meowscarada|Meowscarada, M|100/100
|turn|1
|
|t:|1769324498
|switch|p1a: Glimmora|Glimmora, M|100/100
|move|p2a: Meowscarada|U-turn|p1a: Glimmora
|-start|p2a: Meowscarada|typechange|Bug|[from] ability: Protean
|-resisted|p1a: Glimmora
|-damage|p1a: Glimmora|79/100
|-activate|p1a: Glimmora|ability: Toxic Debris
|-sidestart|p2: biscuitkhan|move: Toxic Spikes
|-enditem|p1a: Glimmora|Red Card|[of] p2a: Meowscarada
|drag|p2a: Scizor|Scizor, F|100/100
|
|upkeep
|turn|2
|
|t:|1769324514
|switch|p1a: Rillaboom|Rillaboom, F|100/100
|-fieldstart|move: Grassy Terrain|[from] ability: Grassy Surge|[of] p1a: Rillaboom
|move|p2a: Scizor|Bullet Punch|p1a: Rillaboom
|-damage|p1a: Rillaboom|61/100
|
|-heal|p1a: Rillaboom|67/100|[from] Grassy Terrain
|upkeep
|turn|3
|
|t:|1769324528
|switch|p1a: Gholdengo|Gholdengo|100/100
|-enditem|p1a: Gholdengo|Grassy Seed
|-boost|p1a: Gholdengo|def|1|[from] item: Grassy Seed
|move|p2a: Scizor|U-turn|p1a: Gholdengo
|-resisted|p1a: Gholdengo
|-damage|p1a: Gholdengo|96/100
|
|t:|1769324535
|switch|p2a: Clodsire|Clodsire, M|100/100|[from] U-turn
|-sideend|p2: biscuitkhan|move: Toxic Spikes|[of] p2a: Clodsire
|
|-heal|p1a: Gholdengo|100/100|[from] Grassy Terrain
|upkeep
|turn|4
|
|t:|1769324560
|switch|p2a: Volcanion|Volcanion|100/100
|move|p1a: Gholdengo|Shadow Ball|p2a: Volcanion
|-damage|p2a: Volcanion|77/100
|
|-heal|p2a: Volcanion|83/100|[from] Grassy Terrain
|upkeep
|turn|5
|inactive|alt.jr has 120 seconds left.
|
|t:|1769324603
|switch|p1a: Raging Bolt|Raging Bolt|100/100
|-enditem|p1a: Raging Bolt|Booster Energy
|-activate|p1a: Raging Bolt|ability: Protosynthesis|[fromitem]
|-start|p1a: Raging Bolt|protosynthesisspa
|move|p2a: Volcanion|Flamethrower|p1a: Raging Bolt
|-resisted|p1a: Raging Bolt
|-damage|p1a: Raging Bolt|75/100
|
|-heal|p1a: Raging Bolt|82/100|[from] Grassy Terrain
|-heal|p2a: Volcanion|90/100|[from] Grassy Terrain
|upkeep
|turn|6
|
|t:|1769324616
|-end|p1a: Raging Bolt|Protosynthesis|[silent]
|switch|p1a: Rillaboom|Rillaboom, F|67/100
|-terastallize|p2a: Volcanion|Fire
|move|p2a: Volcanion|Earth Power|p1a: Rillaboom
|-resisted|p1a: Rillaboom
|-damage|p1a: Rillaboom|41/100
|
|-heal|p1a: Rillaboom|47/100|[from] Grassy Terrain
|-heal|p2a: Volcanion|96/100|[from] Grassy Terrain
|-fieldend|move: Grassy Terrain
|upkeep
|turn|7
|
|t:|1769324625
|switch|p1a: Raging Bolt|Raging Bolt|82/100
|move|p2a: Volcanion|Sludge Bomb|p1a: Raging Bolt
|-damage|p1a: Raging Bolt|50/100
|-status|p1a: Raging Bolt|psn
|
|-damage|p1a: Raging Bolt|38/100 psn|[from] psn
|upkeep
|turn|8
|
|t:|1769324639
|move|p1a: Raging Bolt|Thunderclap|p2a: Volcanion
|-crit|p2a: Volcanion
|-damage|p2a: Volcanion|50/100
|move|p2a: Volcanion|Sludge Bomb|p1a: Raging Bolt
|-damage|p1a: Raging Bolt|8/100 psn
|
|-damage|p1a: Raging Bolt|0 fnt|[from] psn
|faint|p1a: Raging Bolt
|-end|p1a: Raging Bolt|Protosynthesis|[silent]
|upkeep
|inactive|alt.jr has 90 seconds left.
|
|t:|1769324670
|switch|p1a: Rillaboom|Rillaboom, F|47/100
|-fieldstart|move: Grassy Terrain|[from] ability: Grassy Surge|[of] p1a: Rillaboom
|turn|9
|
|t:|1769324675
|move|p1a: Rillaboom|High Horsepower|p2a: Volcanion
|-supereffective|p2a: Volcanion
|-damage|p2a: Volcanion|0 fnt
|faint|p2a: Volcanion
|-damage|p1a: Rillaboom|37/100|[from] item: Life Orb
|
|-heal|p1a: Rillaboom|43/100|[from] Grassy Terrain
|upkeep
|
|t:|1769324683
|switch|p2a: Garchomp|Garchomp, M|100/100
|turn|10
|l|☆alt.jr
|inactive|alt.jr disconnected and has a minute to reconnect!
|player|p1|
|j|☆alt.jr
|inactive|alt.jr reconnected and has 105 seconds left.
|player|p1|alt.jr|266|
|inactive|alt.jr has 90 seconds left.
|
|t:|1769324708
|switch|p1a: Glimmora|Glimmora, M|79/100
|move|p2a: Garchomp|Stealth Rock|p1a: Glimmora
|-sidestart|p1: alt.jr|move: Stealth Rock
|
|-heal|p1a: Glimmora|85/100|[from] Grassy Terrain
|upkeep
|turn|11
|
|t:|1769324715
|move|p2a: Garchomp|Earthquake|p1a: Glimmora
|-supereffective|p1a: Glimmora
|-damage|p1a: Glimmora|3/100
|-activate|p1a: Glimmora|ability: Toxic Debris
|-sidestart|p2: biscuitkhan|move: Toxic Spikes
|move|p1a: Glimmora|Stealth Rock|p2a: Garchomp
|-sidestart|p2: biscuitkhan|move: Stealth Rock
|
|-heal|p1a: Glimmora|10/100|[from] Grassy Terrain
|upkeep
|turn|12
|
|t:|1769324726
|move|p2a: Garchomp|Dragon Claw|p1a: Glimmora
|-damage|p1a: Glimmora|0 fnt
|-activate|p1a: Glimmora|ability: Toxic Debris
|-sidestart|p2: biscuitkhan|move: Toxic Spikes
|faint|p1a: Glimmora
|
|upkeep
|
|t:|1769324742
|switch|p1a: Ogerpon|Ogerpon, F|100/100
|-damage|p1a: Ogerpon|88/100|[from] Stealth Rock
|turn|13
|inactive|alt.jr has 90 seconds left.
|
|t:|1769324763
|move|p1a: Ogerpon|Superpower|p2a: Garchomp
|-damage|p2a: Garchomp|66/100
|-unboost|p1a: Ogerpon|atk|1
|-unboost|p1a: Ogerpon|def|1
|-damage|p1a: Ogerpon|76/100|[from] ability: Rough Skin|[of] p2a: Garchomp
|-damage|p1a: Ogerpon|59/100|[from] item: Rocky Helmet|[of] p2a: Garchomp
|move|p2a: Garchomp|Dragon Claw|p1a: Ogerpon
|-damage|p1a: Ogerpon|0 fnt
|faint|p1a: Ogerpon
|
|-heal|p2a: Garchomp|72/100|[from] Grassy Terrain
|-fieldend|move: Grassy Terrain
|upkeep
|
|t:|1769324770
|switch|p1a: Rillaboom|Rillaboom, F|43/100
|-damage|p1a: Rillaboom|31/100|[from] Stealth Rock
|-fieldstart|move: Grassy Terrain|[from] ability: Grassy Surge|[of] p1a: Rillaboom
|turn|14
|inactive|alt.jr has 90 seconds left.
|
|t:|1769324782
|move|p1a: Rillaboom|Grassy Glide|p2a: Garchomp
|-damage|p2a: Garchomp|44/100
|-damage|p1a: Rillaboom|18/100|[from] ability: Rough Skin|[of] p2a: Garchomp
|-damage|p1a: Rillaboom|2/100|[from] item: Rocky Helmet|[of] p2a: Garchomp
|-damage|p1a: Rillaboom|0 fnt|[from] item: Life Orb
|faint|p1a: Rillaboom
|move|p2a: Garchomp|Flamethrower|p1: Rillaboom|[notarget]
|-fail|p2a: Garchomp
|
|-heal|p2a: Garchomp|50/100|[from] Grassy Terrain
|upkeep
|inactive|alt.jr has 90 seconds left.
|
|t:|1769324791
|switch|p1a: Samurott|Samurott-Hisui, F|100/100
|-damage|p1a: Samurott|88/100|[from] Stealth Rock
|turn|15
|
|t:|1769324798
|move|p1a: Samurott|Flip Turn|p2a: Garchomp
|-damage|p2a: Garchomp|30/100
|-damage|p1a: Samurott|76/100|[from] ability: Rough Skin|[of] p2a: Garchomp
|-damage|p1a: Samurott|59/100|[from] item: Rocky Helmet|[of] p2a: Garchomp
|
|t:|1769324801
|switch|p1a: Gholdengo|Gholdengo|100/100|[from] Flip Turn
|-damage|p1a: Gholdengo|94/100|[from] Stealth Rock
|move|p2a: Garchomp|Dragon Claw|p1a: Gholdengo
|-resisted|p1a: Gholdengo
|-damage|p1a: Gholdengo|82/100
|
|-heal|p2a: Garchomp|36/100|[from] Grassy Terrain
|-heal|p1a: Gholdengo|88/100|[from] Grassy Terrain
|upkeep
|turn|16
|
|t:|1769324815
|-terastallize|p1a: Gholdengo|Fairy
|move|p2a: Garchomp|Flamethrower|p1a: Gholdengo
|-damage|p1a: Gholdengo|74/100
|move|p1a: Gholdengo|Nasty Plot|p1a: Gholdengo
|-boost|p1a: Gholdengo|spa|2
|
|-heal|p2a: Garchomp|42/100|[from] Grassy Terrain
|-heal|p1a: Gholdengo|80/100|[from] Grassy Terrain
|upkeep
|turn|17
|inactive|alt.jr has 120 seconds left.
|
|t:|1769324823
|move|p2a: Garchomp|Earthquake|p1a: Gholdengo
|-damage|p1a: Gholdengo|66/100
|move|p1a: Gholdengo|Nasty Plot|p1a: Gholdengo
|-boost|p1a: Gholdengo|spa|2
|
|-heal|p2a: Garchomp|49/100|[from] Grassy Terrain
|-heal|p1a: Gholdengo|72/100|[from] Grassy Terrain
|upkeep
|turn|18
|inactive|alt.jr has 120 seconds left.
|
|t:|1769324833
|move|p2a: Garchomp|Earthquake|p1a: Gholdengo
|-damage|p1a: Gholdengo|58/100
|move|p1a: Gholdengo|Shadow Ball|p2a: Garchomp
|-damage|p2a: Garchomp|0 fnt
|faint|p2a: Garchomp
|
|-heal|p1a: Gholdengo|64/100|[from] Grassy Terrain
|-fieldend|move: Grassy Terrain
|upkeep
|
|t:|1769324842
|switch|p2a: Metagross|Metagross|100/100
|-damage|p2a: Metagross|94/100|[from] Stealth Rock
|turn|19
|
|t:|1769324851
|move|p2a: Metagross|Bullet Punch|p1a: Gholdengo
|-supereffective|p1a: Gholdengo
|-damage|p1a: Gholdengo|16/100
|move|p1a: Gholdengo|Recover|p1a: Gholdengo
|-heal|p1a: Gholdengo|66/100
|
|upkeep
|turn|20
|
|t:|1769324863
|move|p2a: Metagross|Bullet Punch|p1a: Gholdengo
|-supereffective|p1a: Gholdengo
|-damage|p1a: Gholdengo|13/100
|move|p1a: Gholdengo|Shadow Ball|p2a: Metagross
|-supereffective|p2a: Metagross
|-damage|p2a: Metagross|0 fnt
|faint|p2a: Metagross
|
|upkeep
|
|t:|1769324869
|switch|p2a: Clodsire|Clodsire, M|100/100
|-sideend|p2: biscuitkhan|move: Toxic Spikes|[of] p2a: Clodsire
|-damage|p2a: Clodsire|94/100|[from] Stealth Rock
|turn|21
|
|t:|1769324875
|switch|p1a: Samurott|Samurott-Hisui, F|59/100
|-damage|p1a: Samurott|47/100|[from] Stealth Rock
|move|p2a: Clodsire|Toxic|p1a: Samurott
|-status|p1a: Samurott|tox
|
|-damage|p1a: Samurott|40/100 tox|[from] psn
|upkeep
|turn|22
|
|t:|1769324887
|switch|p2a: Scizor|Scizor, F|100/100
|move|p1a: Samurott|Flip Turn|p2a: Scizor
|-damage|p2a: Scizor|69/100
|
|t:|1769324893
|switch|p1a: Gholdengo|Gholdengo, tera:Fairy|13/100|[from] Flip Turn
|-damage|p1a: Gholdengo|1/100|[from] Stealth Rock
|
|upkeep
|turn|23
|
|t:|1769324898
|move|p2a: Scizor|Bullet Punch|p1a: Gholdengo
|-supereffective|p1a: Gholdengo
|-damage|p1a: Gholdengo|0 fnt
|faint|p1a: Gholdengo
|
|upkeep
|
|t:|1769324901
|switch|p1a: Samurott|Samurott-Hisui, F|40/100 tox
|-damage|p1a: Samurott|28/100 tox|[from] Stealth Rock
|turn|24
|
|t:|1769324903
|move|p1a: Samurott|Knock Off|p2a: Scizor
|-damage|p2a: Scizor|2/100
|-enditem|p2a: Scizor|Heavy-Duty Boots|[from] move: Knock Off|[of] p1a: Samurott
|move|p2a: Scizor|U-turn|p1a: Samurott
|-supereffective|p1a: Samurott
|-damage|p1a: Samurott|0 fnt
|faint|p1a: Samurott
|
|win|biscuitkhan
|raw|alt.jr's rating: 1376 &rarr; <strong>1355</strong><br />(-21 for losing)
|raw|biscuitkhan's rating: 1353 &rarr; <strong>1374</strong><br />(+21 for winning)
|l|☆biscuitkhan
|player|p2|
|l|☆alt.jr
|player|p1|
