|j|☆borill
|j|☆El Eco del Gato
|t:|1769293694
|gametype|singles
|player|p1|borill|170|1161
|player|p2|El Eco del Gato|mina-lgpe|1130
|gen|9
|tier|[Gen 9] OU
|rated|
|rule|HP Percentage Mod: HP is shown in percentages
|rule|Endless Battle Clause: Forcing endless battles is banned
|rule|Species Clause: Limit one of each Pokémon
|rule|OHKO Clause: OHKO moves are banned
|rule|Evasion Items Clause: Evasion items are banned
|rule|Evasion Moves Clause: Evasion moves are banned
|rule|Evasion Abilities Clause: Evasion abilities are banned
|rule|Sleep Moves Clause: Sleep-inducing moves are banned
|clearpoke
|poke|p1|Clodsire, F|
|poke|p1|Toxapex, F|
|poke|p1|Araquanid, F|
|poke|p1|Corviknight, F|
|poke|p1|Garganacl, F|
|poke|p1|Dragonite, M|
|poke|p2|Hawlucha, M|
|poke|p2|Pincurchin, M|
|poke|p2|Skeledirge, F|
|poke|p2|Shaymin|
|poke|p2|Ogerpon-Cornerstone, F|
|poke|p2|Glimmora, F|
|teampreview
|
|t:|1769293715
|teamsize|p1|6
|teamsize|p2|6
|start
|switch|p1a: Clodsire|Clodsire, F|100/100
|switch|p2a: Glimmora|Glimmora, F|100/100
|-item|p2a: Glimmora|Air Balloon
|turn|1
|
|t:|1769293724
|move|p2a: Glimmora|Stealth Rock|p1a: Clodsire
|-sidestart|p1: borill|move: Stealth Rock
|move|p1a: Clodsire|Spikes|p2a: Glimmora
|-sidestart|p2: El Eco del Gato|Spikes
|
|upkeep
|turn|2
|
|t:|1769293745
|switch|p2a: Shaymin|Shaymin|100/100
|-damage|p2a: Shaymin|88/100|[from] Spikes
|move|p1a: Clodsire|Spikes|p2a: Shaymin
|-sidestart|p2: El Eco del Gato|Spikes
|
|-heal|p2a: Shaymin|94/100|[from] item: Leftovers
|upkeep
|turn|3
|
|t:|1769293762
|move|p2a: Shaymin|Zen Headbutt|p1a: Clodsire
|-supereffective|p1a: Clodsire
|-damage|p1a: Clodsire|58/100
|-damage|p2a: Shaymin|78/100|[from] item: Rocky Helmet|[of] p1a: Clodsire
|move|p1a: Clodsire|Toxic|p2a: Shaymin
|-status|p2a: Shaymin|tox
|
|-heal|p2a: Shaymin|84/100 tox|[from] item: Leftovers
|-damage|p2a: Shaymin|78/100 tox|[from] psn
|upkeep
|turn|4
|
|t:|1769293771
|move|p2a: Shaymin|Zen Headbutt|p1a: Clodsire
|-supereffective|p1a: Clodsire
|-damage|p1a: Clodsire|15/100
|-damage|p2a: Shaymin|61/100 tox|[from] item: Rocky Helmet|[of] p1a: Clodsire
|move|p1a: Clodsire|Recover|p1a: Clodsire
|-heal|p1a: Clodsire|65/100
|
|-heal|p2a: Shaymin|67/100 tox|[from] item: Leftovers
|-damage|p2a: Shaymin|55/100 tox|[from] psn
|upkeep
|turn|5
|
|t:|1769293785
|-curestatus|p2a: Shaymin|tox|[from] ability: Natural Cure
|switch|p2a: Pincurchin|Pincurchin, M|100/100
|-fieldstart|move: Electric Terrain|[from] ability: Electric Surge|[of] p2a: Pincurchin
|-item|p2a: Pincurchin|Air Balloon
|move|p1a: Clodsire|Spikes|p2a: Pincurchin
|-sidestart|p2: El Eco del Gato|Spikes
|
|upkeep
|turn|6
|
|t:|1769293800
|move|p1a: Clodsire|Toxic|p2a: Pincurchin
|-status|p2a: Pincurchin|tox
|move|p2a: Pincurchin|Spikes|p1a: Clodsire
|-sidestart|p1: borill|Spikes
|
|-damage|p2a: Pincurchin|94/100 tox|[from] psn
|upkeep
|turn|7
|
|t:|1769293812
|switch|p2a: Glimmora|Glimmora, F|100/100
|-item|p2a: Glimmora|Air Balloon
|move|p1a: Clodsire|Earthquake|p2a: Glimmora
|-immune|p2a: Glimmora
|
|upkeep
|turn|8
|
|t:|1769293822
|switch|p1a: Toxapex|Toxapex, F, shiny|100/100
|move|p2a: Glimmora|Mortal Spin|p1a: Toxapex
|-resisted|p1a: Toxapex
|-damage|p1a: Toxapex|99/100
|-sideend|p2: El Eco del Gato|Spikes|[from] move: Mortal Spin|[of] p2a: Glimmora
|
|upkeep
|turn|9
|
|t:|1769293832
|switch|p2a: Hawlucha|Hawlucha, M|100/100
|-enditem|p2a: Hawlucha|Electric Seed
|-boost|p2a: Hawlucha|def|1|[from] item: Electric Seed
|move|p1a: Toxapex|Toxic Spikes|p2a: Hawlucha
|-sidestart|p2: El Eco del Gato|move: Toxic Spikes
|
|-fieldend|move: Electric Terrain
|upkeep
|turn|10
|
|t:|1769293840
|move|p2a: Hawlucha|Thunder Punch|p1a: Toxapex
|-supereffective|p1a: Toxapex
|-damage|p1a: Toxapex|72/100
|move|p1a: Toxapex|Toxic|p2a: Hawlucha
|-status|p2a: Hawlucha|tox
|
|-damage|p2a: Hawlucha|94/100 tox|[from] psn
|upkeep
|turn|11
|
|t:|1769293847
|move|p2a: Hawlucha|Swords Dance|p2a: Hawlucha
|-boost|p2a: Hawlucha|atk|2
|move|p1a: Toxapex|Toxic Spikes|p2a: Hawlucha
|-sidestart|p2: El Eco del Gato|move: Toxic Spikes
|
|-damage|p2a: Hawlucha|82/100 tox|[from] psn
|upkeep
|turn|12
|
|t:|1769293853
|move|p2a: Hawlucha|Swords Dance|p2a: Hawlucha
|-boost|p2a: Hawlucha|atk|2
|move|p1a: Toxapex|Haze|p1a: Toxapex
|-clearallboost
|
|-damage|p2a: Hawlucha|64/100 tox|[from] psn
|upkeep
|turn|13
|
|t:|1769293863
|move|p2a: Hawlucha|Swords Dance|p2a: Hawlucha
|-boost|p2a: Hawlucha|atk|2
|move|p1a: Toxapex|Recover|p1a: Toxapex
|-heal|p1a: Toxapex|100/100
|
|-damage|p2a: Hawlucha|40/100 tox|[from] psn
|upkeep
|turn|14
|
|t:|1769293870
|move|p2a: Hawlucha|Thunder Punch|p1a: Toxapex
|-supereffective|p1a: Toxapex
|-damage|p1a: Toxapex|55/100
|move|p1a: Toxapex|Haze|p1a: Toxapex
|-clearallboost
|
|-damage|p2a: Hawlucha|10/100 tox|[from] psn
|upkeep
|turn|15
|
|t:|1769293877
|switch|p2a: Glimmora|Glimmora, F|100/100
|-item|p2a: Glimmora|Air Balloon
|move|p1a: Toxapex|Recover|p1a: Toxapex
|-heal|p1a: Toxapex|100/100
|
|upkeep
|turn|16
|
|t:|1769293887
|switch|p1a: Corviknight|Corviknight, F|100/100
|-damage|p1a: Corviknight|88/100|[from] Stealth Rock
|-ability|p1a: Corviknight|Pressure
|move|p2a: Glimmora|Mortal Spin|p1a: Corviknight
|-immune|p1a: Corviknight
|
|upkeep
|turn|17
|
|t:|1769293907
|move|p2a: Glimmora|Power Gem|p1a: Corviknight
|-damage|p1a: Corviknight|54/100
|move|p1a: Corviknight|Iron Defense|p1a: Corviknight
|-boost|p1a: Corviknight|def|2
|
|upkeep
|turn|18
|
|t:|1769293916
|move|p2a: Glimmora|Power Gem|p1a: Corviknight
|-damage|p1a: Corviknight|19/100
|-enditem|p1a: Corviknight|Sitrus Berry|[eat]
|-heal|p1a: Corviknight|44/100|[from] item: Sitrus Berry
|move|p1a: Corviknight|Iron Defense|p1a: Corviknight
|-boost|p1a: Corviknight|def|2
|
|upkeep
|turn|19
|
|t:|1769293923
|move|p2a: Glimmora|Power Gem|p1a: Corviknight
|-damage|p1a: Corviknight|12/100
|move|p1a: Corviknight|Roost|p1a: Corviknight
|-heal|p1a: Corviknight|62/100
|-singleturn|p1a: Corviknight|move: Roost
|
|upkeep
|turn|20
|
|t:|1769293931
|move|p2a: Glimmora|Power Gem|p1a: Corviknight
|-damage|p1a: Corviknight|31/100
|move|p1a: Corviknight|Body Press|p2a: Glimmora
|-damage|p2a: Glimmora|46/100
|-activate|p2a: Glimmora|ability: Toxic Debris
|-sidestart|p1: borill|move: Toxic Spikes
|-enditem|p2a: Glimmora|Air Balloon
|
|upkeep
|turn|21
|
|t:|1769293946
|move|p2a: Glimmora|Power Gem|p1a: Corviknight
|-damage|p1a: Corviknight|0 fnt
|faint|p1a: Corviknight
|
|upkeep
|
|t:|1769293959
|switch|p1a: Toxapex|Toxapex, F, shiny|100/100
|-sideend|p1: borill|move: Toxic Spikes|[of] p1a: Toxapex
|turn|22
|
|t:|1769293968
|switch|p1a: Dragonite|Dragonite, M|100/100
|-damage|p1a: Dragonite|75/100|[from] Stealth Rock
|move|p2a: Glimmora|Mortal Spin|p1a: Dragonite
|-damage|p1a: Dragonite|69/100
|-status|p1a: Dragonite|psn
|-sideend|p2: El Eco del Gato|Toxic Spikes|[from] move: Mortal Spin|[of] p2a: Glimmora
|
|-damage|p1a: Dragonite|56/100 psn|[from] psn
|upkeep
|turn|23
|
|t:|1769293981
|switch|p1a: Garganacl|Garganacl, F|100/100
|-damage|p1a: Garganacl|88/100|[from] Stealth Rock
|-damage|p1a: Garganacl|76/100|[from] Spikes
|move|p2a: Glimmora|Power Gem|p1a: Garganacl
|-damage|p1a: Garganacl|50/100
|
|-heal|p1a: Garganacl|56/100|[from] item: Leftovers
|upkeep
|turn|24
|
|t:|1769293993
|move|p2a: Glimmora|Power Gem|p1a: Garganacl
|-damage|p1a: Garganacl|29/100
|move|p1a: Garganacl|Stealth Rock|p2a: Glimmora
|-sidestart|p2: El Eco del Gato|move: Stealth Rock
|
|-heal|p1a: Garganacl|35/100|[from] item: Leftovers
|upkeep
|turn|25
|
|t:|1769294001
|move|p1a: Garganacl|Protect|p1a: Garganacl
|-singleturn|p1a: Garganacl|Protect
|move|p2a: Glimmora|Power Gem|p1a: Garganacl
|-activate|p1a: Garganacl|move: Protect
|
|-heal|p1a: Garganacl|41/100|[from] item: Leftovers
|upkeep
|turn|26
|
|t:|1769294008
|move|p2a: Glimmora|Power Gem|p1a: Garganacl
|-damage|p1a: Garganacl|15/100
|move|p1a: Garganacl|Salt Cure|p2a: Glimmora
|-damage|p2a: Glimmora|35/100
|-start|p2a: Glimmora|Salt Cure
|-activate|p2a: Glimmora|ability: Toxic Debris
|-sidestart|p1: borill|move: Toxic Spikes
|
|-heal|p1a: Garganacl|22/100|[from] item: Leftovers
|-damage|p2a: Glimmora|23/100|[from] Salt Cure
|upkeep
|turn|27
|
|t:|1769294019
|move|p1a: Garganacl|Protect|p1a: Garganacl
|-singleturn|p1a: Garganacl|Protect
|move|p2a: Glimmora|Power Gem|p1a: Garganacl
|-activate|p1a: Garganacl|move: Protect
|
|-heal|p1a: Garganacl|28/100|[from] item: Leftovers
|-damage|p2a: Glimmora|10/100|[from] Salt Cure
|upkeep
|turn|28
|
|t:|1769294030
|move|p2a: Glimmora|Mortal Spin|p1a: Garganacl
|-resisted|p1a: Garganacl
|-damage|p1a: Garganacl|26/100
|-sideend|p2: El Eco del Gato|Stealth Rock|[from] move: Mortal Spin|[of] p2a: Glimmora
|move|p1a: Garganacl|Recover|p1a: Garganacl
|-heal|p1a: Garganacl|76/100
|
|-heal|p1a: Garganacl|82/100|[from] item: Leftovers
|-damage|p2a: Glimmora|0 fnt|[from] Salt Cure
|faint|p2a: Glimmora
|upkeep
|
|t:|1769294048
|switch|p2a: Ogerpon|Ogerpon-Cornerstone, F|100/100
|turn|29
|
|t:|1769294063
|move|p1a: Garganacl|Protect|p1a: Garganacl
|-singleturn|p1a: Garganacl|Protect
|move|p2a: Ogerpon|Swords Dance|p2a: Ogerpon
|-boost|p2a: Ogerpon|atk|2
|
|-heal|p1a: Garganacl|88/100|[from] item: Leftovers
|upkeep
|turn|30
|
|t:|1769294076
|switch|p1a: Toxapex|Toxapex, F, shiny|100/100
|-sideend|p1: borill|move: Toxic Spikes|[of] p1a: Toxapex
|move|p2a: Ogerpon|Swords Dance|p2a: Ogerpon
|-boost|p2a: Ogerpon|atk|2
|
|upkeep
|turn|31
|
|t:|1769294082
|move|p2a: Ogerpon|Ivy Cudgel|p1a: Toxapex|[anim] Ivy Cudgel Rock
|-damage|p1a: Toxapex|1/100
|move|p1a: Toxapex|Haze|p1a: Toxapex
|-clearallboost
|
|upkeep
|turn|32
|
|t:|1769294091
|switch|p1a: Clodsire|Clodsire, F|65/100
|-damage|p1a: Clodsire|59/100|[from] Stealth Rock
|-damage|p1a: Clodsire|47/100|[from] Spikes
|move|p2a: Ogerpon|Quick Attack|p1a: Clodsire
|-damage|p1a: Clodsire|28/100
|-damage|p2a: Ogerpon|84/100|[from] item: Rocky Helmet|[of] p1a: Clodsire
|
|upkeep
|turn|33
|
|t:|1769294102
|move|p2a: Ogerpon|Ivy Cudgel|p1a: Clodsire|[anim] Ivy Cudgel Rock
|-resisted|p1a: Clodsire
|-damage|p1a: Clodsire|0 fnt
|faint|p1a: Clodsire
|
|upkeep
|
|t:|1769294116
|switch|p1a: Garganacl|Garganacl, F|88/100
|-damage|p1a: Garganacl|76/100|[from] Stealth Rock
|-damage|p1a: Garganacl|64/100|[from] Spikes
|turn|34
|
|t:|1769294126
|move|p2a: Ogerpon|Horn Leech|p1a: Garganacl
|-supereffective|p1a: Garganacl
|-damage|p1a: Garganacl|4/100
|-heal|p2a: Ogerpon|100/100|[from] drain|[of] p1a: Garganacl
|move|p1a: Garganacl|Stealth Rock|p2a: Ogerpon
|-sidestart|p2: El Eco del Gato|move: Stealth Rock
|
|-heal|p1a: Garganacl|10/100|[from] item: Leftovers
|upkeep
|turn|35
|
|t:|1769294134
|move|p1a: Garganacl|Protect|p1a: Garganacl
|-singleturn|p1a: Garganacl|Protect
|move|p2a: Ogerpon|Quick Attack|p1a: Garganacl
|-activate|p1a: Garganacl|move: Protect
|
|-heal|p1a: Garganacl|17/100|[from] item: Leftovers
|upkeep
|turn|36
|
|t:|1769294156
|move|p2a: Ogerpon|Horn Leech|p1a: Garganacl
|-supereffective|p1a: Garganacl
|-damage|p1a: Garganacl|0 fnt
|faint|p1a: Garganacl
|
|upkeep
|
|t:|1769294165
|switch|p1a: Araquanid|Araquanid, F, shiny|100/100
|-damage|p1a: Araquanid|76/100|[from] Stealth Rock
|-damage|p1a: Araquanid|63/100|[from] Spikes
|turn|37
|c|☆El Eco del Gato|If u started with araquanid u probably would have won
|
|t:|1769294201
|move|p2a: Ogerpon|Ivy Cudgel|p1a: Araquanid|[anim] Ivy Cudgel Rock
|-supereffective|p1a: Araquanid
|-damage|p1a: Araquanid|0 fnt
|faint|p1a: Araquanid
|
|upkeep
|c|☆El Eco del Gato|Araquanid hits harder then you might think
|
|t:|1769294207
|switch|p1a: Toxapex|Toxapex, F, shiny|35/100
|turn|38
|c|☆borill|maybe
|c|☆borill|who knows
|
|t:|1769294226
|move|p2a: Ogerpon|Ivy Cudgel|p1a: Toxapex|[anim] Ivy Cudgel Rock
|-damage|p1a: Toxapex|0 fnt
|faint|p1a: Toxapex
|
|upkeep
|
|t:|1769294230
|switch|p1a: Dragonite|Dragonite, M|56/100 psn
|-damage|p1a: Dragonite|31/100 psn|[from] Stealth Rock
|turn|39
|c|☆El Eco del Gato|No like
|c|☆El Eco del Gato|Max attack
|c|☆El Eco del Gato|Water bubble
|c|☆borill|but mine isnt max attack
|c|☆El Eco del Gato|Rip
|
|t:|1769294258
|move|p2a: Ogerpon|Ivy Cudgel|p1a: Dragonite|[anim] Ivy Cudgel Rock
|-supereffective|p1a: Dragonite
|-damage|p1a: Dragonite|0 fnt
|faint|p1a: Dragonite
|
|win|El Eco del Gato
|raw|borill's rating: 1161 &rarr; <strong>1134</strong><br />(-27 for losing)
|raw|El Eco del Gato's rating: 1130 &rarr; <strong>1157</strong><br />(+27 for winning)
|l|☆El Eco del Gato
|player|p2|
|c|☆borill|gg
|l|☆borill
|player|p1|
