|j|☆Gentai_Kiajo
|j|☆rdfttgvy
|t:|1769411659
|gametype|singles
|player|p1|Gentai_Kiajo|steven|1052
|player|p2|rdfttgvy|101|1061
|gen|9
|tier|[Gen 9] OU
|rated|
|rule|HP Percentage Mod: HP is shown in percentages
|rule|Endless Battle Clause: Forcing endless battles is banned
|rule|Species Clause: Limit one of each Pokémon
|rule|OHKO Clause: OHKO moves are banned
|rule|Evasion Items Clause: Evasion items are banned
|rule|Evasion Moves Clause: Evasion moves are banned
|rule|Evasion Abilities Clause: Evasion abilities are banned
|rule|Sleep Moves Clause: Sleep-inducing moves are banned
|clearpoke
|poke|p1|Golurk|
|poke|p1|Pyroar, M|
|poke|p1|Rillaboom, F|
|poke|p1|Garganacl, M|
|poke|p1|Goodra, M|
|poke|p1|Samurott-Hisui, M|
|poke|p2|Thundurus-Therian, M|
|poke|p2|Excadrill, M|
|poke|p2|Pelipper, M|
|poke|p2|Gliscor, F|
|poke|p2|Alomomola, M|
|poke|p2|Clefable, F|
|teampreview
|inactive|Battle timer is ON: inactive players will automatically lose when time's up. (requested by Gentai_Kiajo)
|inactive|rdfttgvy also wants the timer to be on.
|
|t:|1769411681
|teamsize|p1|6
|teamsize|p2|6
|start
|switch|p1a: Pyroar|Pyroar, M|100/100
|switch|p2a: Alomomola|Alomomola, M|100/100
|turn|1
|
|t:|1769411687
|-terastallize|p1a: Pyroar|Electric
|move|p1a: Pyroar|Tera Blast|p2a: Alomomola|[anim] Tera Blast Electric
|-supereffective|p2a: Alomomola
|-damage|p2a: Alomomola|0 fnt
|faint|p2a: Alomomola
|
|upkeep
|
|t:|1769411692
|switch|p2a: Thundurus|Thundurus-Therian, M|100/100
|turn|2
|
|t:|1769411702
|switch|p1a: Goodra|Goodra, M|100/100
|move|p2a: Thundurus|Tera Blast|p1a: Goodra
|-damage|p1a: Goodra|81/100
|
|upkeep
|turn|3
|
|t:|1769411712
|-terastallize|p2a: Thundurus|Fairy
|move|p2a: Thundurus|Tera Blast|p1a: Goodra|[anim] Tera Blast Fairy
|-supereffective|p1a: Goodra
|-damage|p1a: Goodra|24/100
|move|p1a: Goodra|Knock Off|p2a: Thundurus
|-resisted|p2a: Thundurus
|-damage|p2a: Thundurus|84/100
|-enditem|p2a: Thundurus|Choice Specs|[from] move: Knock Off|[of] p1a: Goodra
|
|upkeep
|turn|4
|
|t:|1769411736
|move|p2a: Thundurus|Tera Blast|p1a: Goodra|[anim] Tera Blast Fairy
|-supereffective|p1a: Goodra
|-damage|p1a: Goodra|0 fnt
|faint|p1a: Goodra
|
|upkeep
|
|t:|1769411747
|switch|p1a: Golurk|Golurk|100/100
|turn|5
|
|t:|1769411752
|switch|p2a: Gliscor|Gliscor, F|100/100
|move|p1a: Golurk|Dynamic Punch|p2a: Gliscor
|-resisted|p2a: Gliscor
|-damage|p2a: Gliscor|81/100
|-start|p2a: Gliscor|confusion
|
|-status|p2a: Gliscor|tox|[from] item: Toxic Orb
|upkeep
|turn|6
|
|t:|1769411758
|-activate|p2a: Gliscor|confusion
|move|p2a: Gliscor|Knock Off|p1a: Golurk
|-supereffective|p1a: Golurk
|-damage|p1a: Golurk|28/100
|-enditem|p1a: Golurk|Blunder Policy|[from] move: Knock Off|[of] p2a: Gliscor
|move|p1a: Golurk|Dynamic Punch|p2a: Gliscor
|-resisted|p2a: Gliscor
|-damage|p2a: Gliscor|60/100 tox
|
|-heal|p2a: Gliscor|72/100 tox|[from] ability: Poison Heal
|upkeep
|turn|7
|
|t:|1769411765
|-activate|p2a: Gliscor|confusion
|move|p2a: Gliscor|Crabhammer|p1a: Golurk
|-supereffective|p1a: Golurk
|-damage|p1a: Golurk|0 fnt
|faint|p1a: Golurk
|
|-heal|p2a: Gliscor|85/100 tox|[from] ability: Poison Heal
|upkeep
|
|t:|1769411771
|switch|p1a: Samurott|Samurott-Hisui, M|100/100
|turn|8
|
|t:|1769411776
|-activate|p2a: Gliscor|confusion
|move|p2a: Gliscor|Protect|p2a: Gliscor
|-singleturn|p2a: Gliscor|Protect
|move|p1a: Samurott|Razor Shell|p2a: Gliscor
|-activate|p2a: Gliscor|move: Protect
|
|-heal|p2a: Gliscor|97/100 tox|[from] ability: Poison Heal
|upkeep
|turn|9
|
|t:|1769411792
|switch|p2a: Pelipper|Pelipper, M|100/100
|-weather|RainDance|[from] ability: Drizzle|[of] p2a: Pelipper
|move|p1a: Samurott|Razor Shell|p2a: Pelipper
|-resisted|p2a: Pelipper
|-damage|p2a: Pelipper|58/100
|
|-weather|RainDance|[upkeep]
|upkeep
|turn|10
|
|t:|1769411798
|move|p1a: Samurott|Razor Shell|p2a: Pelipper
|-resisted|p2a: Pelipper
|-damage|p2a: Pelipper|17/100
|-unboost|p2a: Pelipper|def|1
|move|p2a: Pelipper|U-turn|p1a: Samurott
|-supereffective|p1a: Samurott
|-damage|p1a: Samurott|76/100
|
|t:|1769411801
|switch|p2a: Thundurus|Thundurus-Therian, M, tera:Fairy|84/100|[from] U-turn
|
|-weather|RainDance|[upkeep]
|upkeep
|turn|11
|
|t:|1769411812
|move|p1a: Samurott|Razor Shell|p2a: Thundurus
|-damage|p2a: Thundurus|0 fnt
|faint|p2a: Thundurus
|
|-weather|RainDance|[upkeep]
|upkeep
|
|t:|1769411822
|switch|p2a: Clefable|Clefable, F|100/100
|turn|12
|
|t:|1769411826
|move|p1a: Samurott|Razor Shell|p2a: Clefable
|-damage|p2a: Clefable|9/100
|-unboost|p2a: Clefable|def|1
|move|p2a: Clefable|Stealth Rock|p1a: Samurott
|-sidestart|p1: Gentai_Kiajo|move: Stealth Rock
|
|-weather|RainDance|[upkeep]
|-heal|p2a: Clefable|15/100|[from] item: Leftovers
|upkeep
|turn|13
|
|t:|1769411830
|move|p1a: Samurott|Razor Shell|p2a: Clefable
|-damage|p2a: Clefable|0 fnt
|faint|p2a: Clefable
|
|-weather|RainDance|[upkeep]
|upkeep
|
|t:|1769411833
|switch|p2a: Gliscor|Gliscor, F|97/100 tox
|turn|14
|
|t:|1769411837
|move|p1a: Samurott|Razor Shell|p2a: Gliscor
|-supereffective|p2a: Gliscor
|-damage|p2a: Gliscor|0 fnt
|faint|p2a: Gliscor
|
|-weather|RainDance|[upkeep]
|upkeep
|
|t:|1769411840
|switch|p2a: Excadrill|Excadrill, M|100/100
|-ability|p2a: Excadrill|Mold Breaker
|turn|15
|
|t:|1769411847
|move|p1a: Samurott|Razor Shell|p2a: Excadrill
|-supereffective|p2a: Excadrill
|-damage|p2a: Excadrill|0 fnt
|faint|p2a: Excadrill
|
|-weather|RainDance|[upkeep]
|upkeep
|
|t:|1769411850
|switch|p2a: Pelipper|Pelipper, M|17/100
|turn|16
|
|t:|1769411855
|move|p1a: Samurott|Razor Shell|p2a: Pelipper
|-resisted|p2a: Pelipper
|-damage|p2a: Pelipper|0 fnt
|faint|p2a: Pelipper
|
|win|Gentai_Kiajo
|raw|Gentai_Kiajo's rating: 1052 &rarr; <strong>1085</strong><br />(+33 for winning)
|raw|rdfttgvy's rating: 1061 &rarr; <strong>1041</strong><br />(-20 for losing)
|l|☆rdfttgvy
|player|p2|
|l|☆Gentai_Kiajo
|player|p1|
