|j|☆apexacer
|j|☆nimjaisugly
|t:|1769443040
|gametype|singles
|player|p1|apexacer|2|1589
|player|p2|nimjaisugly|clavell-s|1578
|gen|9
|tier|[Gen 9] OU
|rated|
|rule|HP Percentage Mod: HP is shown in percentages
|rule|Endless Battle Clause: Forcing endless battles is banned
|rule|Species Clause: Limit one of each Pokémon
|rule|OHKO Clause: OHKO moves are banned
|rule|Evasion Items Clause: Evasion items are banned
|rule|Evasion Moves Clause: Evasion moves are banned
|rule|Evasion Abilities Clause: Evasion abilities are banned
|rule|Sleep Moves Clause: Sleep-inducing moves are banned
|clearpoke
|poke|p1|Indeedee, M|
|poke|p1|Kingambit, F|
|poke|p1|Polteageist|
|poke|p1|Grimmsnarl, M|
|poke|p1|Great Tusk|
|poke|p1|Kyurem|
|poke|p2|Scyther, F|
|poke|p2|Kleavor, F|
|poke|p2|Scizor, M|
|poke|p2|Alomomola, F|
|poke|p2|Ursaluna, F|
|poke|p2|Dragapult, F|
|teampreview
|inactive|Battle timer is ON: inactive players will automatically lose when time's up. (requested by nimjaisugly)
|
|t:|1769443050
|teamsize|p1|6
|teamsize|p2|6
|start
|switch|p1a: Great Tusk|Great Tusk|100/100
|switch|p2a: Scizor|Scizor, M|100/100
|turn|1
|
|t:|1769443060
|switch|p2a: Scyther|Scyther, F|100/100
|move|p1a: Great Tusk|Headlong Rush|p2a: Scyther
|-immune|p2a: Scyther
|
|upkeep
|turn|2
|
|t:|1769443066
|move|p2a: Scyther|Dual Wingbeat|p1a: Great Tusk
|-supereffective|p1a: Great Tusk
|-damage|p1a: Great Tusk|37/100
|-damage|p2a: Scyther|84/100|[from] item: Rocky Helmet|[of] p1a: Great Tusk
|-supereffective|p1a: Great Tusk
|-damage|p1a: Great Tusk|0 fnt
|-damage|p2a: Scyther|68/100|[from] item: Rocky Helmet|[of] p1a: Great Tusk
|faint|p1a: Great Tusk
|-end|p1a: Great Tusk|Protosynthesis|[silent]
|-hitcount|p1: Great Tusk|2
|
|upkeep
|
|t:|1769443075
|switch|p1a: Kyurem|Kyurem|100/100
|-ability|p1a: Kyurem|Pressure
|turn|3
|
|t:|1769443081
|switch|p2a: Scizor|Scizor, M|100/100
|move|p1a: Kyurem|Draco Meteor|p2a: Scizor
|-resisted|p2a: Scizor
|-damage|p2a: Scizor|56/100
|-unboost|p1a: Kyurem|spa|2
|
|upkeep
|turn|4
|
|t:|1769443089
|switch|p1a: Kingambit|Kingambit, F|100/100
|-activate|p1a: Kingambit|ability: Supreme Overlord
|-start|p1a: Kingambit|fallen1|[silent]
|move|p2a: Scizor|Knock Off|p1a: Kingambit
|-resisted|p1a: Kingambit
|-crit|p1a: Kingambit
|-damage|p1a: Kingambit|79/100
|-enditem|p1a: Kingambit|Black Glasses|[from] move: Knock Off|[of] p2a: Scizor
|
|upkeep
|turn|5
|
|t:|1769443095
|switch|p2a: Kleavor|Kleavor, F|100/100
|move|p1a: Kingambit|Kowtow Cleave|p2a: Kleavor
|-crit|p2a: Kleavor
|-damage|p2a: Kleavor|0 fnt
|faint|p2a: Kleavor
|
|upkeep
|
|t:|1769443106
|switch|p2a: Scyther|Scyther, F|68/100
|turn|6
|
|t:|1769443113
|-terastallize|p2a: Scyther|Fairy
|move|p1a: Kingambit|Sucker Punch|p2a: Scyther
|-resisted|p2a: Scyther
|-damage|p2a: Scyther|38/100
|move|p2a: Scyther|Close Combat|p1a: Kingambit
|-supereffective|p1a: Kingambit
|-damage|p1a: Kingambit|0 fnt
|-unboost|p2a: Scyther|def|1
|-unboost|p2a: Scyther|spd|1
|faint|p1a: Kingambit
|-end|p1a: Kingambit|fallen1|[silent]
|
|upkeep
|
|t:|1769443122
|switch|p1a: Grimmsnarl|Grimmsnarl, M|100/100
|turn|7
|
|t:|1769443130
|switch|p2a: Scizor|Scizor, M|56/100
|move|p1a: Grimmsnarl|Spirit Break|p2a: Scizor
|-resisted|p2a: Scizor
|-damage|p2a: Scizor|42/100
|-unboost|p2a: Scizor|spa|1
|
|upkeep
|turn|8
|
|t:|1769443137
|switch|p1a: Indeedee|Indeedee, M|100/100
|-fieldstart|move: Psychic Terrain|[from] ability: Psychic Surge|[of] p1a: Indeedee
|move|p2a: Scizor|Knock Off|p1a: Indeedee
|-supereffective|p1a: Indeedee
|-damage|p1a: Indeedee|0 fnt
|-enditem|p1a: Indeedee|Choice Scarf|[from] move: Knock Off|[of] p2a: Scizor
|faint|p1a: Indeedee
|
|upkeep
|
|t:|1769443145
|switch|p1a: Grimmsnarl|Grimmsnarl, M|100/100
|turn|9
|
|t:|1769443149
|move|p1a: Grimmsnarl|Reflect|p1a: Grimmsnarl
|-sidestart|p1: apexacer|Reflect
|move|p2a: Scizor|Knock Off|p1a: Grimmsnarl
|-resisted|p1a: Grimmsnarl
|-damage|p1a: Grimmsnarl|95/100
|-enditem|p1a: Grimmsnarl|Light Clay|[from] move: Knock Off|[of] p2a: Scizor
|
|upkeep
|turn|10
|
|t:|1769443157
|move|p2a: Scizor|Defog|p1a: Grimmsnarl
|-unboost|p1a: Grimmsnarl|evasion|1
|-sideend|p1: apexacer|Reflect
|-fieldend|move: Psychic Terrain
|move|p1a: Grimmsnarl|Spirit Break|p2a: Scizor
|-resisted|p2a: Scizor
|-damage|p2a: Scizor|27/100
|-unboost|p2a: Scizor|spa|1
|
|upkeep
|turn|11
|
|t:|1769443162
|move|p2a: Scizor|Bullet Punch|p1a: Grimmsnarl
|-supereffective|p1a: Grimmsnarl
|-damage|p1a: Grimmsnarl|13/100
|move|p1a: Grimmsnarl|Reflect|p1a: Grimmsnarl
|-sidestart|p1: apexacer|Reflect
|
|upkeep
|turn|12
|
|t:|1769443170
|move|p2a: Scizor|Defog|p1a: Grimmsnarl
|-unboost|p1a: Grimmsnarl|evasion|1
|-sideend|p1: apexacer|Reflect
|move|p1a: Grimmsnarl|Spirit Break|p2a: Scizor
|-resisted|p2a: Scizor
|-damage|p2a: Scizor|12/100
|-unboost|p2a: Scizor|spa|1
|
|upkeep
|turn|13
|
|t:|1769443181
|move|p2a: Scizor|Bullet Punch|p1a: Grimmsnarl
|-supereffective|p1a: Grimmsnarl
|-damage|p1a: Grimmsnarl|0 fnt
|faint|p1a: Grimmsnarl
|
|upkeep
|
|t:|1769443185
|switch|p1a: Polteageist|Polteageist|100/100
|turn|14
|
|t:|1769443198
|move|p1a: Polteageist|Shadow Ball|p2a: Scizor
|-damage|p2a: Scizor|0 fnt
|faint|p2a: Scizor
|
|upkeep
|
|t:|1769443207
|switch|p2a: Scyther|Scyther, F, tera:Fairy|38/100
|turn|15
|
|t:|1769443214
|-terastallize|p1a: Polteageist|Fighting
|move|p2a: Scyther|Dual Wingbeat|p1a: Polteageist
|-supereffective|p1a: Polteageist
|-damage|p1a: Polteageist|0 fnt
|faint|p1a: Polteageist
|-hitcount|p1: Polteageist|1
|
|upkeep
|
|t:|1769443220
|switch|p1a: Kyurem|Kyurem|100/100
|-ability|p1a: Kyurem|Pressure
|turn|16
|
|t:|1769443227
|move|p1a: Kyurem|Freeze-Dry|p2a: Scyther
|-damage|p2a: Scyther|0 fnt
|faint|p2a: Scyther
|
|upkeep
|
|t:|1769443233
|switch|p2a: Alomomola|Alomomola, F|100/100
|turn|17
|
|t:|1769443236
|move|p1a: Kyurem|Freeze-Dry|p2a: Alomomola
|-supereffective|p2a: Alomomola
|-damage|p2a: Alomomola|54/100
|move|p2a: Alomomola|Mirror Coat|p1a: Kyurem
|-damage|p1a: Kyurem|0 fnt
|faint|p1a: Kyurem
|
|win|nimjaisugly
|raw|apexacer's rating: 1589 &rarr; <strong>1568</strong><br />(-21 for losing)
|raw|nimjaisugly's rating: 1578 &rarr; <strong>1599</strong><br />(+21 for winning)
|l|☆apexacer
|player|p1|
|l|☆nimjaisugly
|player|p2|
