|j|☆Seaglassed
|j|☆chienpaoismypal
|t:|1769398669
|gametype|singles
|player|p1|Seaglassed|fisherman-gen4|1482
|player|p2|chienpaoismypal|lorelei-lgpe|1424
|gen|9
|tier|[Gen 9] OU
|rated|
|rule|HP Percentage Mod: HP is shown in percentages
|rule|Endless Battle Clause: Forcing endless battles is banned
|rule|Species Clause: Limit one of each Pokémon
|rule|OHKO Clause: OHKO moves are banned
|rule|Evasion Items Clause: Evasion items are banned
|rule|Evasion Moves Clause: Evasion moves are banned
|rule|Evasion Abilities Clause: Evasion abilities are banned
|rule|Sleep Moves Clause: Sleep-inducing moves are banned
|clearpoke
|poke|p1|Gholdengo|
|poke|p1|Darkrai|
|poke|p1|Clefable, F|
|poke|p1|Ting-Lu|
|poke|p1|Dragonite, F|
|poke|p1|Pecharunt|
|poke|p2|Kingambit, F|
|poke|p2|Zamazenta-*|
|poke|p2|Enamorus, F|
|poke|p2|Dragonite, F|
|poke|p2|Raging Bolt|
|poke|p2|Deoxys-Speed|
|teampreview
|inactive|Battle timer is ON: inactive players will automatically lose when time's up. (requested by Seaglassed)
|
|t:|1769398703
|teamsize|p1|6
|teamsize|p2|6
|start
|switch|p1a: Gholdengo|Gholdengo|100/100
|switch|p2a: Deoxys|Deoxys-Speed|100/100
|-ability|p2a: Deoxys|Pressure
|turn|1
|
|t:|1769398721
|switch|p2a: Kingambit|Kingambit, F|100/100
|move|p1a: Gholdengo|Trick|p2a: Kingambit
|-activate|p1a: Gholdengo|move: Trick|[of] p2a: Kingambit
|-item|p2a: Kingambit|Choice Scarf|[from] move: Trick
|-item|p1a: Gholdengo|Black Glasses|[from] move: Trick
|
|upkeep
|turn|2
|
|t:|1769398742
|switch|p1a: Dragonite|Dragonite, F|100/100
|move|p2a: Kingambit|Kowtow Cleave|p1a: Dragonite
|-damage|p1a: Dragonite|71/100
|
|upkeep
|turn|3
|
|t:|1769398759
|-end|p2a: Kingambit|fallenundefined|[silent]
|switch|p2a: Enamorus|Enamorus, F|100/100
|switch|p1a: Darkrai|Darkrai|100/100
|
|upkeep
|turn|4
|inactive|Seaglassed has 120 seconds left.
|
|t:|1769398774
|switch|p2a: Kingambit|Kingambit, F|100/100
|move|p1a: Darkrai|Ice Beam|p2a: Kingambit
|-resisted|p2a: Kingambit
|-damage|p2a: Kingambit|81/100
|
|upkeep
|turn|5
|
|t:|1769398781
|move|p1a: Darkrai|Dark Pulse|p2a: Kingambit
|-resisted|p2a: Kingambit
|-damage|p2a: Kingambit|56/100
|cant|p2a: Kingambit|flinch
|
|upkeep
|turn|6
|
|t:|1769398786
|move|p1a: Darkrai|Dark Pulse|p2a: Kingambit
|-resisted|p2a: Kingambit
|-damage|p2a: Kingambit|31/100
|move|p2a: Kingambit|Iron Head|p1a: Darkrai
|-damage|p1a: Darkrai|41/100
|
|upkeep
|turn|7
|
|t:|1769398811
|-end|p2a: Kingambit|fallenundefined|[silent]
|switch|p2a: Zamazenta|Zamazenta|100/100
|-ability|p2a: Zamazenta|Dauntless Shield|boost
|-boost|p2a: Zamazenta|def|1
|move|p1a: Darkrai|Ice Beam|p2a: Zamazenta
|-damage|p2a: Zamazenta|76/100
|
|-heal|p2a: Zamazenta|82/100|[from] item: Leftovers
|upkeep
|turn|8
|inactive|chienpaoismypal has 120 seconds left.
|
|t:|1769398833
|switch|p1a: Gholdengo|Gholdengo|100/100
|move|p2a: Zamazenta|Body Press|p1a: Gholdengo
|-immune|p1a: Gholdengo
|
|-heal|p2a: Zamazenta|88/100|[from] item: Leftovers
|upkeep
|turn|9
|inactive|chienpaoismypal has 120 seconds left.
|
|t:|1769398842
|switch|p2a: Kingambit|Kingambit, F|31/100
|move|p1a: Gholdengo|Shadow Ball|p2a: Kingambit
|-resisted|p2a: Kingambit
|-damage|p2a: Kingambit|8/100
|
|upkeep
|turn|10
|inactive|chienpaoismypal has 120 seconds left.
|
|t:|1769398853
|switch|p1a: Darkrai|Darkrai|41/100
|move|p2a: Kingambit|Iron Head|p1a: Darkrai
|-damage|p1a: Darkrai|0 fnt
|faint|p1a: Darkrai
|
|upkeep
|
|t:|1769398855
|switch|p1a: Ting-Lu|Ting-Lu|100/100
|-ability|p1a: Ting-Lu|Vessel of Ruin
|turn|11
|
|t:|1769398865
|-end|p2a: Kingambit|fallenundefined|[silent]
|switch|p2a: Zamazenta|Zamazenta|88/100
|move|p1a: Ting-Lu|Spikes|p2a: Zamazenta
|-sidestart|p2: chienpaoismypal|Spikes
|
|-heal|p2a: Zamazenta|94/100|[from] item: Leftovers
|upkeep
|turn|12
|
|t:|1769398878
|move|p2a: Zamazenta|Crunch|p1a: Ting-Lu
|-resisted|p1a: Ting-Lu
|-damage|p1a: Ting-Lu|95/100
|-enditem|p1a: Ting-Lu|Red Card|[of] p2a: Zamazenta
|drag|p2a: Enamorus|Enamorus, F|100/100
|move|p1a: Ting-Lu|Stealth Rock|p2a: Enamorus
|-sidestart|p2: chienpaoismypal|move: Stealth Rock
|
|upkeep
|turn|13
|
|t:|1769398886
|move|p2a: Enamorus|Moonblast|p1a: Ting-Lu
|-supereffective|p1a: Ting-Lu
|-damage|p1a: Ting-Lu|43/100
|-unboost|p1a: Ting-Lu|spa|1
|move|p1a: Ting-Lu|Whirlwind|p2a: Enamorus
|drag|p2a: Raging Bolt|Raging Bolt|100/100
|-damage|p2a: Raging Bolt|88/100|[from] Spikes
|-damage|p2a: Raging Bolt|76/100|[from] Stealth Rock
|-enditem|p2a: Raging Bolt|Booster Energy
|-activate|p2a: Raging Bolt|ability: Protosynthesis|[fromitem]
|-start|p2a: Raging Bolt|protosynthesisspa
|
|upkeep
|turn|14
|
|t:|1769398900
|move|p2a: Raging Bolt|Dragon Pulse|p1a: Ting-Lu
|-damage|p1a: Ting-Lu|16/100
|move|p1a: Ting-Lu|Ruination|p2a: Raging Bolt
|-damage|p2a: Raging Bolt|38/100
|
|upkeep
|turn|15
|
|t:|1769398906
|move|p2a: Raging Bolt|Dragon Pulse|p1a: Ting-Lu
|-damage|p1a: Ting-Lu|0 fnt
|faint|p1a: Ting-Lu
|
|upkeep
|
|t:|1769398912
|switch|p1a: Clefable|Clefable, F|100/100
|turn|16
|inactive|chienpaoismypal has 120 seconds left.
|inactive|chienpaoismypal has 90 seconds left.
|inactive|chienpaoismypal has 60 seconds left.
|
|t:|1769399021
|-end|p2a: Raging Bolt|Protosynthesis|[silent]
|switch|p2a: Enamorus|Enamorus, F|100/100
|-damage|p2a: Enamorus|76/100|[from] Stealth Rock
|move|p1a: Clefable|Calm Mind|p1a: Clefable
|-boost|p1a: Clefable|spa|1
|-boost|p1a: Clefable|spd|1
|
|upkeep
|turn|17
|
|t:|1769399028
|move|p2a: Enamorus|Healing Wish|p2a: Enamorus
|faint|p2a: Enamorus
|move|p1a: Clefable|Moonlight|p1a: Clefable
|-fail|p1a: Clefable|heal
|
|upkeep
|
|t:|1769399034
|switch|p2a: Kingambit|Kingambit, F|8/100
|-heal|p2a: Kingambit|100/100|[from] move: Healing Wish
|-damage|p2a: Kingambit|88/100|[from] Spikes
|-damage|p2a: Kingambit|82/100|[from] Stealth Rock
|-activate|p2a: Kingambit|ability: Supreme Overlord
|-start|p2a: Kingambit|fallen1|[silent]
|turn|18
|
|t:|1769399037
|-terastallize|p1a: Clefable|Water
|move|p2a: Kingambit|Iron Head|p1a: Clefable
|-resisted|p1a: Clefable
|-damage|p1a: Clefable|72/100
|move|p1a: Clefable|Flamethrower|p2a: Kingambit
|-supereffective|p2a: Kingambit
|-damage|p2a: Kingambit|0 fnt
|faint|p2a: Kingambit
|-end|p2a: Kingambit|fallen1|[silent]
|
|upkeep
|
|t:|1769399042
|switch|p2a: Raging Bolt|Raging Bolt|38/100
|-damage|p2a: Raging Bolt|26/100|[from] Spikes
|-damage|p2a: Raging Bolt|14/100|[from] Stealth Rock
|turn|19
|
|t:|1769399055
|switch|p1a: Gholdengo|Gholdengo|100/100
|move|p2a: Raging Bolt|Thunderbolt|p1a: Gholdengo
|-damage|p1a: Gholdengo|34/100
|
|upkeep
|turn|20
|
|t:|1769399060
|move|p2a: Raging Bolt|Thunderclap|p1a: Gholdengo
|-damage|p1a: Gholdengo|0 fnt
|faint|p1a: Gholdengo
|
|upkeep
|
|t:|1769399063
|switch|p1a: Dragonite|Dragonite, F|71/100
|turn|21
|
|t:|1769399077
|move|p1a: Dragonite|Extreme Speed|p2a: Raging Bolt
|-damage|p2a: Raging Bolt|0 fnt
|faint|p2a: Raging Bolt
|-end|p2a: Raging Bolt|Protosynthesis|[silent]
|
|upkeep
|
|t:|1769399082
|switch|p2a: Dragonite|Dragonite, F|100/100
|turn|22
|
|t:|1769399089
|switch|p1a: Pecharunt|Pecharunt|100/100
|move|p2a: Dragonite|Ice Spinner|p1a: Pecharunt
|-damage|p1a: Pecharunt|83/100
|
|upkeep
|turn|23
|inactive|chienpaoismypal has 90 seconds left.
|
|t:|1769399116
|switch|p2a: Zamazenta|Zamazenta|94/100
|-damage|p2a: Zamazenta|82/100|[from] Spikes
|-damage|p2a: Zamazenta|76/100|[from] Stealth Rock
|move|p1a: Pecharunt|Malignant Chain|p2a: Zamazenta
|-crit|p2a: Zamazenta
|-damage|p2a: Zamazenta|39/100
|
|-heal|p2a: Zamazenta|45/100|[from] item: Leftovers
|upkeep
|turn|24
|
|t:|1769399131
|move|p2a: Zamazenta|Crunch|p1a: Pecharunt
|-supereffective|p1a: Pecharunt
|-damage|p1a: Pecharunt|59/100
|move|p1a: Pecharunt|Malignant Chain|p2a: Zamazenta
|-damage|p2a: Zamazenta|23/100
|
|-heal|p2a: Zamazenta|29/100|[from] item: Leftovers
|upkeep
|turn|25
|
|t:|1769399144
|switch|p2a: Deoxys|Deoxys-Speed|100/100
|-damage|p2a: Deoxys|88/100|[from] Spikes
|-damage|p2a: Deoxys|76/100|[from] Stealth Rock
|-ability|p2a: Deoxys|Pressure
|move|p1a: Pecharunt|Recover|p1a: Pecharunt
|-heal|p1a: Pecharunt|100/100
|
|upkeep
|turn|26
|
|t:|1769399151
|switch|p1a: Clefable|Clefable, F, tera:Water|72/100
|move|p2a: Deoxys|Psychic Noise|p1a: Clefable
|-damage|p1a: Clefable|47/100
|-start|p1a: Clefable|move: Heal Block
|
|upkeep
|turn|27
|
|t:|1769399168
|move|p2a: Deoxys|Psychic Noise|p1a: Clefable
|-crit|p1a: Clefable
|-damage|p1a: Clefable|10/100
|move|p1a: Clefable|Moonblast|p2a: Deoxys
|-damage|p2a: Deoxys|12/100
|
|-end|p1a: Clefable|move: Heal Block
|upkeep
|turn|28
|
|t:|1769399172
|move|p2a: Deoxys|Psychic Noise|p1a: Clefable
|-damage|p1a: Clefable|0 fnt
|faint|p1a: Clefable
|
|upkeep
|
|t:|1769399174
|switch|p1a: Dragonite|Dragonite, F|71/100
|turn|29
|
|t:|1769399191
|-terastallize|p2a: Deoxys|Ghost
|move|p1a: Dragonite|Extreme Speed|p2a: Deoxys
|-immune|p2a: Deoxys
|move|p2a: Deoxys|Psychic Noise|p1a: Dragonite
|-damage|p1a: Dragonite|45/100
|-start|p1a: Dragonite|move: Heal Block
|
|upkeep
|turn|30
|
|t:|1769399205
|move|p2a: Deoxys|Psychic Noise|p1a: Dragonite
|-damage|p1a: Dragonite|18/100
|move|p1a: Dragonite|Earthquake|p2a: Deoxys
|-damage|p2a: Deoxys|0 fnt
|faint|p2a: Deoxys
|
|-end|p1a: Dragonite|move: Heal Block
|upkeep
|
|t:|1769399207
|switch|p2a: Dragonite|Dragonite, F|100/100
|turn|31
|
|t:|1769399211
|move|p1a: Dragonite|Extreme Speed|p2a: Dragonite
|-damage|p2a: Dragonite|84/100
|move|p2a: Dragonite|Dragon Dance|p2a: Dragonite
|-boost|p2a: Dragonite|atk|1
|-boost|p2a: Dragonite|spe|1
|
|upkeep
|turn|32
|inactive|chienpaoismypal has 90 seconds left.
|
|t:|1769399226
|switch|p1a: Pecharunt|Pecharunt|100/100
|move|p2a: Dragonite|Extreme Speed|p1a: Pecharunt
|-immune|p1a: Pecharunt
|
|upkeep
|turn|33
|
|t:|1769399228
|move|p2a: Dragonite|Earthquake|p1a: Pecharunt
|-supereffective|p1a: Pecharunt
|-damage|p1a: Pecharunt|26/100
|move|p1a: Pecharunt|Malignant Chain|p2a: Dragonite
|-damage|p2a: Dragonite|53/100
|
|upkeep
|turn|34
|
|t:|1769399231
|switch|p1a: Dragonite|Dragonite, F|18/100
|move|p2a: Dragonite|Earthquake|p1a: Dragonite
|-immune|p1a: Dragonite
|
|upkeep
|turn|35
|
|t:|1769399233
|move|p2a: Dragonite|Extreme Speed|p1a: Dragonite
|-damage|p1a: Dragonite|0 fnt
|faint|p1a: Dragonite
|
|upkeep
|
|t:|1769399236
|switch|p1a: Pecharunt|Pecharunt|26/100
|turn|36
|c|☆Seaglassed|gg
|-message|Seaglassed forfeited.
|
|win|chienpaoismypal
|raw|Seaglassed's rating: 1482 &rarr; <strong>1459</strong><br />(-23 for losing)
|raw|chienpaoismypal's rating: 1424 &rarr; <strong>1447</strong><br />(+23 for winning)
|c|☆chienpaoismypal|Gg
|l|☆Seaglassed
|player|p1|
