|j|☆hodeialberdi
|j|☆Vangnex
|t:|1769423669
|gametype|singles
|player|p1|hodeialberdi|marshal|1137
|player|p2|Vangnex|lillie-z|1085
|gen|9
|tier|[Gen 9] OU
|rated|
|rule|HP Percentage Mod: HP is shown in percentages
|rule|Endless Battle Clause: Forcing endless battles is banned
|rule|Species Clause: Limit one of each Pokémon
|rule|OHKO Clause: OHKO moves are banned
|rule|Evasion Items Clause: Evasion items are banned
|rule|Evasion Moves Clause: Evasion moves are banned
|rule|Evasion Abilities Clause: Evasion abilities are banned
|rule|Sleep Moves Clause: Sleep-inducing moves are banned
|clearpoke
|poke|p1|Amoonguss, M|
|poke|p1|Great Tusk|
|poke|p1|Heatran, M|
|poke|p1|Rotom-Wash|
|poke|p1|Dragapult, F|
|poke|p1|Cinderace, M|
|poke|p2|Glimmora, F|
|poke|p2|Cinderace, M|
|poke|p2|Ursaluna, M|
|poke|p2|Jolteon, F|
|poke|p2|Zangoose, F|
|poke|p2|Conkeldurr, M|
|teampreview
|
|t:|1769423682
|teamsize|p1|6
|teamsize|p2|6
|start
|switch|p1a: Great Tusk|Great Tusk|100/100
|switch|p2a: Glimmora|Glimmora, F|100/100
|-enditem|p1a: Great Tusk|Booster Energy
|-activate|p1a: Great Tusk|ability: Protosynthesis|[fromitem]
|-start|p1a: Great Tusk|protosynthesisdef
|turn|1
|
|t:|1769423695
|move|p2a: Glimmora|Energy Ball|p1a: Great Tusk
|-supereffective|p1a: Great Tusk
|-damage|p1a: Great Tusk|13/100
|move|p1a: Great Tusk|Knock Off|p2a: Glimmora
|-damage|p2a: Glimmora|66/100
|-activate|p2a: Glimmora|ability: Toxic Debris
|-sidestart|p1: hodeialberdi|move: Toxic Spikes
|-enditem|p2a: Glimmora|Focus Sash|[from] move: Knock Off|[of] p1a: Great Tusk
|
|upkeep
|turn|2
|
|t:|1769423713
|-end|p1a: Great Tusk|Protosynthesis|[silent]
|switch|p1a: Rotom|Rotom-Wash, shiny|100/100
|move|p2a: Glimmora|Energy Ball|p1a: Rotom
|-supereffective|p1a: Rotom
|-damage|p1a: Rotom|28/100
|
|upkeep
|turn|3
|
|t:|1769423725
|move|p2a: Glimmora|Energy Ball|p1a: Rotom
|-supereffective|p1a: Rotom
|-damage|p1a: Rotom|0 fnt
|faint|p1a: Rotom
|
|upkeep
|
|t:|1769423734
|switch|p1a: Dragapult|Dragapult, F|100/100
|-status|p1a: Dragapult|psn
|turn|4
|
|t:|1769423745
|move|p1a: Dragapult|Draco Meteor|p2a: Glimmora
|-damage|p2a: Glimmora|0 fnt
|-unboost|p1a: Dragapult|spa|2
|faint|p2a: Glimmora
|
|-damage|p1a: Dragapult|88/100 psn|[from] psn
|upkeep
|
|t:|1769423750
|switch|p2a: Cinderace|Cinderace, M|100/100
|turn|5
|
|t:|1769423760
|switch|p1a: Cinderace|Cinderace, M, shiny|100/100
|-status|p1a: Cinderace|psn
|move|p2a: Cinderace|Court Change|p2a: Cinderace
|-start|p2a: Cinderace|typechange|Normal|[from] ability: Libero
|-swapsideconditions
|-activate|p2a: Cinderace|move: Court Change
|
|-damage|p1a: Cinderace|88/100 psn|[from] psn
|upkeep
|turn|6
|
|t:|1769423770
|move|p2a: Cinderace|High Jump Kick|p1a: Cinderace|[miss]
|-miss|p2a: Cinderace|p1a: Cinderace
|-damage|p2a: Cinderace|51/100|[from] highjumpkick
|move|p1a: Cinderace|High Jump Kick|p2a: Cinderace
|-start|p1a: Cinderace|typechange|Fighting|[from] ability: Libero
|-supereffective|p2a: Cinderace
|-damage|p2a: Cinderace|0 fnt
|faint|p2a: Cinderace
|-damage|p1a: Cinderace|78/100 psn|[from] item: Life Orb
|
|-damage|p1a: Cinderace|66/100 psn|[from] psn
|upkeep
|c|☆hodeialberdi|im lucky
|
|t:|1769423780
|switch|p2a: Jolteon|Jolteon, F|100/100
|-status|p2a: Jolteon|psn
|turn|7
|
|t:|1769423792
|-terastallize|p1a: Cinderace|Fire
|move|p2a: Jolteon|Alluring Voice|p1a: Cinderace
|-resisted|p1a: Cinderace
|-damage|p1a: Cinderace|36/100 psn
|move|p1a: Cinderace|Pyro Ball|p2a: Jolteon
|-damage|p2a: Jolteon|0 fnt
|faint|p2a: Jolteon
|-damage|p1a: Cinderace|26/100 psn|[from] item: Life Orb
|
|-damage|p1a: Cinderace|14/100 psn|[from] psn
|upkeep
|
|t:|1769423807
|switch|p2a: Conkeldurr|Conkeldurr, M|100/100
|-status|p2a: Conkeldurr|psn
|turn|8
|
|t:|1769423816
|move|p1a: Cinderace|Pyro Ball|p2a: Conkeldurr
|-damage|p2a: Conkeldurr|32/100 psn
|-damage|p1a: Cinderace|4/100 psn|[from] item: Life Orb
|move|p2a: Conkeldurr|Knock Off|p1a: Cinderace
|-damage|p1a: Cinderace|0 fnt
|-enditem|p1a: Cinderace|Life Orb|[from] move: Knock Off|[of] p2a: Conkeldurr
|faint|p1a: Cinderace
|
|-damage|p2a: Conkeldurr|19/100 psn|[from] psn
|upkeep
|
|t:|1769423829
|switch|p1a: Great Tusk|Great Tusk|13/100
|turn|9
|-enditem|p2a: Conkeldurr|Custap Berry|[eat]
|-activate|p2a: Conkeldurr|item: Custap Berry|[consumed]
|
|t:|1769423846
|move|p2a: Conkeldurr|Drain Punch|p1a: Great Tusk
|-damage|p1a: Great Tusk|0 fnt
|-heal|p2a: Conkeldurr|26/100 psn|[from] drain|[of] p1a: Great Tusk
|faint|p1a: Great Tusk
|-end|p1a: Great Tusk|Protosynthesis|[silent]
|
|-damage|p2a: Conkeldurr|14/100 psn|[from] psn
|upkeep
|
|t:|1769423859
|switch|p1a: Dragapult|Dragapult, F|88/100 psn
|turn|10
|
|t:|1769423868
|-terastallize|p2a: Conkeldurr|Fairy
|move|p1a: Dragapult|U-turn|p2a: Conkeldurr
|-resisted|p2a: Conkeldurr
|-damage|p2a: Conkeldurr|7/100 psn
|
|t:|1769423873
|switch|p1a: Heatran|Heatran, M, shiny|100/100|[from] U-turn
|move|p2a: Conkeldurr|Knock Off|p1a: Heatran
|-damage|p1a: Heatran|49/100
|-enditem|p1a: Heatran|Leftovers|[from] move: Knock Off|[of] p2a: Conkeldurr
|
|-damage|p2a: Conkeldurr|0 fnt|[from] psn
|faint|p2a: Conkeldurr
|upkeep
|
|t:|1769423882
|switch|p2a: Ursaluna|Ursaluna, M|100/100
|-status|p2a: Ursaluna|psn
|turn|11
|
|t:|1769423900
|move|p1a: Heatran|Magma Storm|p2a: Ursaluna
|-damage|p2a: Ursaluna|76/100 psn
|-activate|p2a: Ursaluna|move: Magma Storm|[of] p1a: Heatran
|move|p2a: Ursaluna|Earthquake|p1a: Heatran
|-supereffective|p1a: Heatran
|-damage|p1a: Heatran|0 fnt
|faint|p1a: Heatran
|
|-damage|p2a: Ursaluna|63/100 psn|[from] psn
|-end|p2a: Ursaluna|Magma Storm|[partiallytrapped]|[silent]
|upkeep
|
|t:|1769423908
|switch|p1a: Dragapult|Dragapult, F|88/100 psn
|turn|12
|
|t:|1769423912
|move|p1a: Dragapult|Draco Meteor|p2a: Ursaluna
|-damage|p2a: Ursaluna|13/100 psn
|-unboost|p1a: Dragapult|spa|2
|move|p2a: Ursaluna|Crunch|p1a: Dragapult
|-supereffective|p1a: Dragapult
|-damage|p1a: Dragapult|0 fnt
|faint|p1a: Dragapult
|
|-damage|p2a: Ursaluna|0 fnt|[from] psn
|faint|p2a: Ursaluna
|upkeep
|
|t:|1769423922
|switch|p1a: Amoonguss|Amoonguss, M, shiny|100/100
|switch|p2a: Zangoose|Zangoose, F|100/100
|-status|p2a: Zangoose|psn
|turn|13
|
|t:|1769423931
|move|p2a: Zangoose|Facade|p1a: Amoonguss
|-damage|p1a: Amoonguss|29/100
|-damage|p2a: Zangoose|84/100 psn|[from] item: Rocky Helmet|[of] p1a: Amoonguss
|move|p1a: Amoonguss|Grassy Terrain|p1a: Amoonguss
|-fieldstart|move: Grassy Terrain
|
|-heal|p2a: Zangoose|90/100 psn|[from] Grassy Terrain
|-heal|p1a: Amoonguss|35/100|[from] Grassy Terrain
|-damage|p2a: Zangoose|78/100 psn|[from] psn
|upkeep
|turn|14
|
|t:|1769423939
|move|p2a: Zangoose|Facade|p1a: Amoonguss
|-damage|p1a: Amoonguss|0 fnt
|-damage|p2a: Zangoose|61/100 psn|[from] item: Rocky Helmet|[of] p1a: Amoonguss
|faint|p1a: Amoonguss
|
|win|Vangnex
|raw|hodeialberdi's rating: 1137 &rarr; <strong>1108</strong><br />(-29 for losing)
|raw|Vangnex's rating: 1085 &rarr; <strong>1116</strong><br />(+31 for winning)
|l|☆Vangnex
|player|p2|
|l|☆hodeialberdi
|player|p1|
