|j|☆GoatBoy98
|j|☆krookodile fangirl
|t:|1769410477
|gametype|singles
|player|p1|GoatBoy98|blackbelt-gen4dp|1117
|player|p2|krookodile fangirl|roughneck|1129
|gen|9
|tier|[Gen 9] OU
|rated|
|rule|HP Percentage Mod: HP is shown in percentages
|rule|Endless Battle Clause: Forcing endless battles is banned
|rule|Species Clause: Limit one of each Pokémon
|rule|OHKO Clause: OHKO moves are banned
|rule|Evasion Items Clause: Evasion items are banned
|rule|Evasion Moves Clause: Evasion moves are banned
|rule|Evasion Abilities Clause: Evasion abilities are banned
|rule|Sleep Moves Clause: Sleep-inducing moves are banned
|clearpoke
|poke|p1|Zangoose, M|
|poke|p1|Araquanid, M|
|poke|p1|Great Tusk|
|poke|p1|Skeledirge, M|
|poke|p1|Glimmora, F|
|poke|p1|Darkrai|
|poke|p2|Krookodile, M|
|poke|p2|Deoxys-Speed|
|poke|p2|Ogerpon-Cornerstone, F|
|poke|p2|Corviknight, F|
|poke|p2|Typhlosion-Hisui, M|
|poke|p2|Araquanid, M|
|teampreview
|
|t:|1769410484
|teamsize|p1|6
|teamsize|p2|6
|start
|switch|p1a: Glimmora|Glimmora, F|100/100
|switch|p2a: Invader Zim|Deoxys-Speed, shiny|100/100
|-ability|p2a: Invader Zim|Pressure
|turn|1
|
|t:|1769410493
|move|p2a: Invader Zim|Taunt|p1a: Glimmora
|-start|p1a: Glimmora|move: Taunt
|cant|p1a: Glimmora|move: Taunt|Stealth Rock
|
|upkeep
|turn|2
|
|t:|1769410498
|switch|p2a: Slimesicle|Araquanid, M|100/100
|move|p1a: Glimmora|Power Gem|p2a: Slimesicle
|-supereffective|p2a: Slimesicle
|-damage|p2a: Slimesicle|60/100
|
|upkeep
|turn|3
|
|t:|1769410504
|move|p1a: Glimmora|Power Gem|p2a: Slimesicle
|-supereffective|p2a: Slimesicle
|-damage|p2a: Slimesicle|19/100
|move|p2a: Slimesicle|Liquidation|p1a: Glimmora
|-supereffective|p1a: Glimmora
|-enditem|p1a: Glimmora|Focus Sash
|-damage|p1a: Glimmora|1/100
|-activate|p1a: Glimmora|ability: Toxic Debris
|-sidestart|p2: krookodile fangirl|move: Toxic Spikes
|
|-end|p1a: Glimmora|move: Taunt
|upkeep
|turn|4
|
|t:|1769410516
|switch|p2a: Meta Slave|Corviknight, F|100/100
|-ability|p2a: Meta Slave|Pressure
|move|p1a: Glimmora|Stealth Rock|p2a: Meta Slave
|-sidestart|p2: krookodile fangirl|move: Stealth Rock
|
|upkeep
|turn|5
|
|t:|1769410524
|move|p1a: Glimmora|Power Gem|p2a: Meta Slave
|-damage|p2a: Meta Slave|63/100
|move|p2a: Meta Slave|Defog|p1a: Glimmora
|-unboost|p1a: Glimmora|evasion|1
|-sideend|p2: krookodile fangirl|Toxic Spikes|[from] move: Defog|[of] p2a: Meta Slave
|-sideend|p2: krookodile fangirl|Stealth Rock|[from] move: Defog|[of] p2a: Meta Slave
|
|upkeep
|turn|6
|
|t:|1769410533
|switch|p2a: Invader Zim|Deoxys-Speed, shiny|100/100
|-ability|p2a: Invader Zim|Pressure
|move|p1a: Glimmora|Power Gem|p2a: Invader Zim
|-damage|p2a: Invader Zim|41/100
|
|upkeep
|turn|7
|
|t:|1769410539
|move|p2a: Invader Zim|Ice Beam|p1a: Glimmora
|-damage|p1a: Glimmora|0 fnt
|faint|p1a: Glimmora
|
|upkeep
|
|t:|1769410545
|switch|p1a: Araquanid|Araquanid, M|100/100
|turn|8
|
|t:|1769410550
|move|p2a: Invader Zim|Taunt|p1a: Araquanid
|-start|p1a: Araquanid|move: Taunt
|move|p1a: Araquanid|Leech Life|p2a: Invader Zim
|-supereffective|p2a: Invader Zim
|-damage|p2a: Invader Zim|0 fnt
|faint|p2a: Invader Zim
|
|upkeep
|
|t:|1769410553
|switch|p2a: Majora|Ogerpon-Cornerstone, F|100/100
|turn|9
|
|t:|1769410563
|move|p2a: Majora|Ivy Cudgel|p1a: Araquanid|[anim] Ivy Cudgel Rock
|-supereffective|p1a: Araquanid
|-damage|p1a: Araquanid|0 fnt
|faint|p1a: Araquanid
|
|upkeep
|
|t:|1769410568
|switch|p1a: Great Tusk|Great Tusk|100/100
|-enditem|p1a: Great Tusk|Booster Energy
|-activate|p1a: Great Tusk|ability: Protosynthesis|[fromitem]
|-start|p1a: Great Tusk|protosynthesisspe
|turn|10
|
|t:|1769410573
|move|p1a: Great Tusk|Headlong Rush|p2a: Majora
|-damage|p2a: Majora|34/100
|-unboost|p1a: Great Tusk|def|1
|-unboost|p1a: Great Tusk|spd|1
|move|p2a: Majora|Horn Leech|p1a: Great Tusk
|-supereffective|p1a: Great Tusk
|-damage|p1a: Great Tusk|14/100
|-heal|p2a: Majora|96/100|[from] drain|[of] p1a: Great Tusk
|
|upkeep
|turn|11
|
|t:|1769410586
|switch|p2a: Meta Slave|Corviknight, F|63/100
|-ability|p2a: Meta Slave|Pressure
|move|p1a: Great Tusk|Headlong Rush|p2a: Meta Slave
|-immune|p2a: Meta Slave
|
|upkeep
|turn|12
|
|t:|1769410592
|-end|p1a: Great Tusk|Protosynthesis|[silent]
|switch|p1a: Skeledirge|Skeledirge, M|100/100
|move|p2a: Meta Slave|Iron Head|p1a: Skeledirge
|-resisted|p1a: Skeledirge
|-damage|p1a: Skeledirge|88/100
|
|upkeep
|turn|13
|
|t:|1769410598
|move|p2a: Meta Slave|U-turn|p1a: Skeledirge
|-resisted|p1a: Skeledirge
|-damage|p1a: Skeledirge|85/100
|
|t:|1769410600
|switch|p2a: Slimesicle|Araquanid, M|19/100|[from] U-turn
|move|p1a: Skeledirge|Torch Song|p2a: Slimesicle
|-damage|p2a: Slimesicle|8/100
|-boost|p1a: Skeledirge|spa|1
|
|upkeep
|turn|14
|
|t:|1769410606
|move|p1a: Skeledirge|Torch Song|p2a: Slimesicle
|-damage|p2a: Slimesicle|0 fnt
|-boost|p1a: Skeledirge|spa|1
|faint|p2a: Slimesicle
|
|upkeep
|
|t:|1769410613
|switch|p2a: Majora|Ogerpon-Cornerstone, F|96/100
|turn|15
|
|t:|1769410625
|-terastallize|p1a: Skeledirge|Normal
|move|p2a: Majora|Ivy Cudgel|p1a: Skeledirge|[anim] Ivy Cudgel Rock
|-damage|p1a: Skeledirge|39/100
|move|p1a: Skeledirge|Torch Song|p2a: Majora
|-damage|p2a: Majora|0 fnt
|-boost|p1a: Skeledirge|spa|1
|faint|p2a: Majora
|
|upkeep
|
|t:|1769410633
|switch|p2a: The Janitor|Krookodile, M|100/100
|turn|16
|
|t:|1769410640
|move|p2a: The Janitor|Close Combat|p1a: Skeledirge
|-supereffective|p1a: Skeledirge
|-damage|p1a: Skeledirge|0 fnt
|-unboost|p2a: The Janitor|def|1
|-unboost|p2a: The Janitor|spd|1
|faint|p1a: Skeledirge
|-ability|p2a: The Janitor|Moxie|boost
|-boost|p2a: The Janitor|atk|1
|
|upkeep
|
|t:|1769410647
|switch|p1a: Great Tusk|Great Tusk|14/100
|turn|17
|
|t:|1769410652
|move|p2a: The Janitor|Scale Shot|p1a: Great Tusk|[miss]
|-miss|p2a: The Janitor|p1a: Great Tusk
|move|p1a: Great Tusk|Ice Spinner|p2a: The Janitor
|-supereffective|p2a: The Janitor
|-damage|p2a: The Janitor|11/100
|
|upkeep
|turn|18
|
|t:|1769410658
|move|p2a: The Janitor|Scale Shot|p1a: Great Tusk|[miss]
|-miss|p2a: The Janitor|p1a: Great Tusk
|move|p1a: Great Tusk|Ice Spinner|p2a: The Janitor
|-supereffective|p2a: The Janitor
|-damage|p2a: The Janitor|0 fnt
|faint|p2a: The Janitor
|
|upkeep
|
|t:|1769410663
|switch|p2a: THE ALLEGATIONS|Typhlosion-Hisui, M|100/100
|turn|19
|
|t:|1769410666
|move|p2a: THE ALLEGATIONS|Tera Blast|p1a: Great Tusk
|-damage|p1a: Great Tusk|0 fnt
|faint|p1a: Great Tusk
|-end|p1a: Great Tusk|Protosynthesis|[silent]
|
|upkeep
|
|t:|1769410675
|switch|p1a: Zangoose|Zangoose, M|100/100
|turn|20
|
|t:|1769410680
|switch|p2a: Meta Slave|Corviknight, F|63/100
|-ability|p2a: Meta Slave|Pressure
|move|p1a: Zangoose|Protect||[still]
|-fail|p1a: Zangoose
|
|-status|p1a: Zangoose|tox|[from] item: Toxic Orb
|upkeep
|turn|21
|
|t:|1769410687
|move|p1a: Zangoose|Knock Off|p2a: Meta Slave
|-damage|p2a: Meta Slave|29/100
|-enditem|p2a: Meta Slave|Covert Cloak|[from] move: Knock Off|[of] p1a: Zangoose
|move|p2a: Meta Slave|Roost|p2a: Meta Slave
|-heal|p2a: Meta Slave|79/100
|-singleturn|p2a: Meta Slave|move: Roost
|
|-damage|p1a: Zangoose|95/100 tox|[from] psn
|upkeep
|turn|22
|
|t:|1769410695
|switch|p1a: Darkrai|Darkrai|100/100
|move|p2a: Meta Slave|U-turn|p1a: Darkrai
|-supereffective|p1a: Darkrai
|-damage|p1a: Darkrai|56/100
|
|t:|1769410697
|switch|p2a: THE ALLEGATIONS|Typhlosion-Hisui, M|100/100|[from] U-turn
|-item|p1a: Darkrai|Leftovers|[from] ability: Frisk|[of] p2a: THE ALLEGATIONS
|
|-heal|p1a: Darkrai|62/100|[from] item: Leftovers
|upkeep
|turn|23
|
|t:|1769410706
|move|p2a: THE ALLEGATIONS|Eruption|p1a: Darkrai
|-damage|p1a: Darkrai|0 fnt
|faint|p1a: Darkrai
|
|upkeep
|
|t:|1769410711
|switch|p1a: Zangoose|Zangoose, M|95/100 tox
|turn|24
|
|t:|1769410714
|move|p2a: THE ALLEGATIONS|Eruption|p1a: Zangoose
|-damage|p1a: Zangoose|0 fnt
|faint|p1a: Zangoose
|
|win|krookodile fangirl
|raw|GoatBoy98's rating: 1117 &rarr; <strong>1093</strong><br />(-24 for losing)
|raw|krookodile fangirl's rating: 1129 &rarr; <strong>1153</strong><br />(+24 for winning)
|l|☆krookodile fangirl
|player|p2|
|l|☆GoatBoy98
|player|p1|
