|j|☆Orange74
|j|☆Acer14
|t:|1769417091
|gametype|singles
|player|p1|Orange74|bugsy-masters|1250
|player|p2|Acer14|1|1302
|gen|9
|tier|[Gen 9] OU
|rated|
|rule|HP Percentage Mod: HP is shown in percentages
|rule|Endless Battle Clause: Forcing endless battles is banned
|rule|Species Clause: Limit one of each Pokémon
|rule|OHKO Clause: OHKO moves are banned
|rule|Evasion Items Clause: Evasion items are banned
|rule|Evasion Moves Clause: Evasion moves are banned
|rule|Evasion Abilities Clause: Evasion abilities are banned
|rule|Sleep Moves Clause: Sleep-inducing moves are banned
|clearpoke
|poke|p1|Ting-Lu|
|poke|p1|Walking Wake|
|poke|p1|Iron Moth|
|poke|p1|Corviknight, F|
|poke|p1|Tornadus-Therian, M|
|poke|p1|Ogerpon-Cornerstone, F|
|poke|p2|Tyranitar, M|
|poke|p2|Excadrill, M|
|poke|p2|Iron Valiant|
|poke|p2|Zapdos|
|poke|p2|Ogerpon, F|
|poke|p2|Toxapex, M|
|teampreview
|inactive|Battle timer is ON: inactive players will automatically lose when time's up. (requested by Acer14)
|
|t:|1769417099
|teamsize|p1|6
|teamsize|p2|6
|start
|switch|p1a: The Wake|Walking Wake|100/100
|switch|p2a: Ogerpon|Ogerpon, F|100/100
|turn|1
|
|t:|1769417103
|move|p2a: Ogerpon|Ivy Cudgel|p1a: The Wake
|-damage|p1a: The Wake|21/100
|move|p1a: The Wake|Flamethrower|p2a: Ogerpon
|-supereffective|p2a: Ogerpon
|-damage|p2a: Ogerpon|0 fnt
|faint|p2a: Ogerpon
|
|upkeep
|
|t:|1769417111
|switch|p2a: Iron Valiant|Iron Valiant, shiny|100/100
|turn|2
|
|t:|1769417116
|-end|p1a: The Wake|Protosynthesis|[silent]
|switch|p1a: Big 'Lu|Ting-Lu|100/100
|-ability|p1a: Big 'Lu|Vessel of Ruin
|move|p2a: Iron Valiant|Thunderbolt|p1a: Big 'Lu
|-immune|p1a: Big 'Lu
|
|upkeep
|turn|3
|
|t:|1769417125
|-end|p2a: Iron Valiant|Quark Drive|[silent]
|switch|p2a: Tyranitar|Tyranitar, M, shiny|100/100
|-weather|Sandstorm|[from] ability: Sand Stream|[of] p2a: Tyranitar
|move|p1a: Big 'Lu|Earthquake|p2a: Tyranitar
|-supereffective|p2a: Tyranitar
|-damage|p2a: Tyranitar|26/100
|
|-weather|Sandstorm|[upkeep]
|upkeep
|turn|4
|
|t:|1769417132
|move|p2a: Tyranitar|Low Kick|p1a: Big 'Lu
|-supereffective|p1a: Big 'Lu
|-damage|p1a: Big 'Lu|49/100
|move|p1a: Big 'Lu|Earthquake|p2a: Tyranitar
|-supereffective|p2a: Tyranitar
|-damage|p2a: Tyranitar|0 fnt
|faint|p2a: Tyranitar
|
|-weather|Sandstorm|[upkeep]
|-heal|p1a: Big 'Lu|55/100|[from] item: Leftovers
|upkeep
|
|t:|1769417135
|switch|p2a: Iron Valiant|Iron Valiant, shiny|100/100
|turn|5
|
|t:|1769417138
|switch|p1a: Corviknight|Corviknight, F|100/100
|-ability|p1a: Corviknight|Pressure
|move|p2a: Iron Valiant|Moonblast|p1a: Corviknight
|-resisted|p1a: Corviknight
|-damage|p1a: Corviknight|69/100
|
|-weather|Sandstorm|[upkeep]
|-damage|p2a: Iron Valiant|94/100|[from] Sandstorm
|upkeep
|turn|6
|
|t:|1769417143
|-end|p2a: Iron Valiant|Quark Drive|[silent]
|switch|p2a: Zapdos|Zapdos, shiny|100/100
|move|p1a: Corviknight|Roost|p1a: Corviknight
|-heal|p1a: Corviknight|100/100
|-singleturn|p1a: Corviknight|move: Roost
|
|-weather|Sandstorm|[upkeep]
|-damage|p2a: Zapdos|94/100|[from] Sandstorm
|upkeep
|turn|7
|c|☆Acer14|Fck u bro
|
|t:|1769417151
|switch|p1a: Big 'Lu|Ting-Lu|55/100
|-ability|p1a: Big 'Lu|Vessel of Ruin
|move|p2a: Zapdos|Volt Switch|p1a: Big 'Lu
|-immune|p1a: Big 'Lu
|
|-weather|Sandstorm|[upkeep]
|-damage|p2a: Zapdos|88/100|[from] Sandstorm
|-heal|p1a: Big 'Lu|62/100|[from] item: Leftovers
|upkeep
|turn|8
|c|☆Acer14|FCKN asshile
|-message|Acer14 forfeited.
|
|win|Orange74
