|j|☆goated_araquanid
|j|☆Team BBIO 38
|t:|1769363840
|gametype|singles
|player|p1|goated_araquanid|266|1324
|player|p2|Team BBIO 38|rocketgrunt|1377
|gen|9
|tier|[Gen 9] OU
|rated|
|rule|HP Percentage Mod: HP is shown in percentages
|rule|Endless Battle Clause: Forcing endless battles is banned
|rule|Species Clause: Limit one of each Pokémon
|rule|OHKO Clause: OHKO moves are banned
|rule|Evasion Items Clause: Evasion items are banned
|rule|Evasion Moves Clause: Evasion moves are banned
|rule|Evasion Abilities Clause: Evasion abilities are banned
|rule|Sleep Moves Clause: Sleep-inducing moves are banned
|clearpoke
|poke|p1|Regirock|
|poke|p1|Ninetales-Alola, F|
|poke|p1|Enamorus, F|
|poke|p1|Okidogi, M|
|poke|p1|Hatterene, F|
|poke|p1|Scizor, F|
|poke|p2|Dusclops, M|
|poke|p2|Blissey, F|
|poke|p2|Flamigo, M|
|poke|p2|Latias, F|
|poke|p2|Darkrai|
|poke|p2|Dragonite, M|
|teampreview
|inactive|Battle timer is ON: inactive players will automatically lose when time's up. (requested by Team BBIO 38)
|inactive|goated_araquanid also wants the timer to be on.
|
|t:|1769363848
|teamsize|p1|6
|teamsize|p2|6
|start
|switch|p1a: Ninetales|Ninetales-Alola, F|100/100
|switch|p2a: Darkrai|Darkrai|100/100
|-weather|Snowscape|[from] ability: Snow Warning|[of] p1a: Ninetales
|turn|1
|
|t:|1769363853
|move|p2a: Darkrai|Psychic|p1a: Ninetales
|-damage|p1a: Ninetales|57/100
|move|p1a: Ninetales|Aurora Veil|p1a: Ninetales
|-sidestart|p1: goated_araquanid|move: Aurora Veil
|
|-weather|Snowscape|[upkeep]
|upkeep
|turn|2
|
|t:|1769363859
|switch|p2a: Blissey|Blissey, F|100/100
|move|p1a: Ninetales|Moonblast|p2a: Blissey
|-damage|p2a: Blissey|90/100
|
|-weather|Snowscape|[upkeep]
|-heal|p2a: Blissey|97/100|[from] item: Leftovers
|upkeep
|turn|3
|
|t:|1769363877
|switch|p1a: Hatterene|Hatterene, F|100/100
|move|p2a: Blissey|Seismic Toss|p1a: Hatterene
|-damage|p1a: Hatterene|69/100
|-enditem|p1a: Hatterene|Eject Button
|
|t:|1769363882
|switch|p1a: Regirock|Regirock|100/100
|
|-weather|Snowscape|[upkeep]
|-heal|p2a: Blissey|100/100|[from] item: Leftovers
|upkeep
|turn|4
|
|t:|1769363887
|switch|p2a: Dusclops|Dusclops, M|100/100
|-item|p1a: Regirock|Maranga Berry|[from] ability: Frisk|[of] p2a: Dusclops
|move|p1a: Regirock|Body Press|p2a: Dusclops
|-immune|p2a: Dusclops
|
|-weather|Snowscape|[upkeep]
|upkeep
|turn|5
|
|t:|1769363902
|move|p1a: Regirock|Curse|p1a: Regirock
|-unboost|p1a: Regirock|spe|1
|-boost|p1a: Regirock|atk|1
|-boost|p1a: Regirock|def|1
|move|p2a: Dusclops|Will-O-Wisp|p1a: Regirock
|-status|p1a: Regirock|brn
|
|-weather|none
|-damage|p1a: Regirock|94/100 brn|[from] brn
|upkeep
|turn|6
|
|t:|1769363911
|move|p2a: Dusclops|Haze|p2a: Dusclops
|-clearallboost
|move|p1a: Regirock|Curse|p1a: Regirock
|-unboost|p1a: Regirock|spe|1
|-boost|p1a: Regirock|atk|1
|-boost|p1a: Regirock|def|1
|
|-damage|p1a: Regirock|88/100 brn|[from] brn
|upkeep
|turn|7
|
|t:|1769363920
|move|p2a: Dusclops|Pain Split|p1a: Regirock
|-sethp|p1a: Regirock|83/100 brn|[from] move: Pain Split|[silent]
|-sethp|p2a: Dusclops|100/100|[from] move: Pain Split
|move|p1a: Regirock|Stone Edge|p2a: Dusclops|[miss]
|-miss|p1a: Regirock|p2a: Dusclops
|
|-damage|p1a: Regirock|77/100 brn|[from] brn
|upkeep
|turn|8
|
|t:|1769363928
|switch|p1a: Hatterene|Hatterene, F|69/100
|move|p2a: Dusclops|Night Shade|p1a: Hatterene
|-damage|p1a: Hatterene|38/100
|
|-sideend|p1: goated_araquanid|move: Aurora Veil
|upkeep
|turn|9
|
|t:|1769363933
|move|p2a: Dusclops|Night Shade|p1a: Hatterene
|-damage|p1a: Hatterene|6/100
|move|p1a: Hatterene|Nuzzle|p2a: Dusclops
|-damage|p2a: Dusclops|98/100
|-status|p2a: Dusclops|par
|
|upkeep
|turn|10
|
|t:|1769363939
|move|p1a: Hatterene|Psyshock|p2a: Dusclops
|-crit|p2a: Dusclops
|-damage|p2a: Dusclops|65/100 par
|move|p2a: Dusclops|Night Shade|p1a: Hatterene
|-damage|p1a: Hatterene|0 fnt
|faint|p1a: Hatterene
|
|upkeep
|
|t:|1769363950
|switch|p1a: Scizor|Scizor, F|100/100
|turn|11
|
|t:|1769363956
|move|p1a: Scizor|Knock Off|p2a: Dusclops
|-supereffective|p2a: Dusclops
|-damage|p2a: Dusclops|31/100 par
|-enditem|p2a: Dusclops|Eviolite|[from] move: Knock Off|[of] p1a: Scizor
|move|p2a: Dusclops|Will-O-Wisp|p1a: Scizor
|-status|p1a: Scizor|brn
|
|-damage|p1a: Scizor|94/100 brn|[from] brn
|upkeep
|turn|12
|
|t:|1769363965
|move|p1a: Scizor|Swords Dance|p1a: Scizor
|-boost|p1a: Scizor|atk|2
|cant|p2a: Dusclops|par
|
|-heal|p1a: Scizor|100/100 brn|[from] item: Leftovers
|-damage|p1a: Scizor|94/100 brn|[from] brn
|upkeep
|turn|13
|
|t:|1769363971
|move|p1a: Scizor|Knock Off|p2a: Dusclops
|-supereffective|p2a: Dusclops
|-damage|p2a: Dusclops|0 fnt
|faint|p2a: Dusclops
|
|-heal|p1a: Scizor|100/100 brn|[from] item: Leftovers
|-damage|p1a: Scizor|94/100 brn|[from] brn
|upkeep
|
|t:|1769363979
|switch|p2a: Darkrai|Darkrai|100/100
|turn|14
|
|t:|1769363981
|move|p2a: Darkrai|Trick|p1a: Scizor
|-activate|p2a: Darkrai|move: Trick|[of] p1a: Scizor
|-item|p1a: Scizor|Choice Specs|[from] move: Trick
|-item|p2a: Darkrai|Leftovers|[from] move: Trick
|move|p1a: Scizor|Close Combat|p2a: Darkrai
|-supereffective|p2a: Darkrai
|-damage|p2a: Darkrai|0 fnt
|-unboost|p1a: Scizor|def|1
|-unboost|p1a: Scizor|spd|1
|faint|p2a: Darkrai
|
|-damage|p1a: Scizor|88/100 brn|[from] brn
|upkeep
|
|t:|1769363991
|switch|p2a: Flamigo|Flamigo, M|100/100
|turn|15
|
|t:|1769363994
|move|p2a: Flamigo|Close Combat|p1a: Scizor
|-damage|p1a: Scizor|0 fnt
|-unboost|p2a: Flamigo|def|1
|-unboost|p2a: Flamigo|spd|1
|faint|p1a: Scizor
|
|upkeep
|
|t:|1769364000
|switch|p1a: Ninetales|Ninetales-Alola, F|57/100
|-weather|Snowscape|[from] ability: Snow Warning|[of] p1a: Ninetales
|turn|16
|
|t:|1769364003
|move|p2a: Flamigo|Close Combat|p1a: Ninetales
|-damage|p1a: Ninetales|3/100
|-unboost|p2a: Flamigo|def|1
|-unboost|p2a: Flamigo|spd|1
|move|p1a: Ninetales|Aurora Veil|p1a: Ninetales
|-sidestart|p1: goated_araquanid|move: Aurora Veil
|
|-weather|Snowscape|[upkeep]
|upkeep
|turn|17
|
|t:|1769364012
|switch|p1a: Okidogi|Okidogi, M|100/100
|move|p2a: Flamigo|Close Combat|p1a: Okidogi
|-resisted|p1a: Okidogi
|-damage|p1a: Okidogi|86/100
|-unboost|p2a: Flamigo|def|1
|-unboost|p2a: Flamigo|spd|1
|
|-weather|Snowscape|[upkeep]
|upkeep
|turn|18
|
|t:|1769364020
|switch|p2a: Dragonite|Dragonite, M|100/100
|move|p1a: Okidogi|Gunk Shot|p2a: Dragonite
|-damage|p2a: Dragonite|64/100
|
|-weather|Snowscape|[upkeep]
|upkeep
|turn|19
|
|t:|1769364026
|switch|p2a: Blissey|Blissey, F|100/100
|move|p1a: Okidogi|Gunk Shot|p2a: Blissey
|-damage|p2a: Blissey|41/100
|
|-weather|Snowscape|[upkeep]
|-heal|p2a: Blissey|47/100|[from] item: Leftovers
|upkeep
|turn|20
|
|t:|1769364033
|move|p1a: Okidogi|Gunk Shot|p2a: Blissey
|-damage|p2a: Blissey|0 fnt
|faint|p2a: Blissey
|
|-weather|none
|upkeep
|
|t:|1769364043
|switch|p2a: Dragonite|Dragonite, M|64/100
|turn|21
|
|t:|1769364048
|-terastallize|p1a: Okidogi|Ghost
|move|p2a: Dragonite|Earthquake|p1a: Okidogi
|-damage|p1a: Okidogi|67/100
|move|p1a: Okidogi|Gunk Shot|p2a: Dragonite
|-damage|p2a: Dragonite|0 fnt
|faint|p2a: Dragonite
|
|upkeep
|
|t:|1769364059
|switch|p2a: Alaric|Latias, F|100/100
|turn|22
|
|t:|1769364062
|-terastallize|p2a: Alaric|Steel
|move|p2a: Alaric|Calm Mind|p2a: Alaric
|-boost|p2a: Alaric|spa|1
|-boost|p2a: Alaric|spd|1
|move|p1a: Okidogi|Gunk Shot|p2a: Alaric
|-immune|p2a: Alaric
|
|upkeep
|turn|23
|
|t:|1769364069
|move|p2a: Alaric|Calm Mind|p2a: Alaric
|-boost|p2a: Alaric|spa|1
|-boost|p2a: Alaric|spd|1
|move|p1a: Okidogi|Drain Punch|p2a: Alaric
|-supereffective|p2a: Alaric
|-damage|p2a: Alaric|11/100
|-heal|p1a: Okidogi|100/100|[from] drain|[of] p2a: Alaric
|
|-sideend|p1: goated_araquanid|move: Aurora Veil
|upkeep
|turn|24
|
|t:|1769364076
|move|p2a: Alaric|Stored Power|p1a: Okidogi
|-damage|p1a: Okidogi|10/100
|move|p1a: Okidogi|Drain Punch|p2a: Alaric
|-supereffective|p2a: Alaric
|-damage|p2a: Alaric|0 fnt
|-heal|p1a: Okidogi|15/100|[from] drain|[of] p2a: Alaric
|faint|p2a: Alaric
|
|upkeep
|
|t:|1769364084
|switch|p2a: Flamigo|Flamigo, M|100/100
|turn|25
|
|t:|1769364087
|move|p2a: Flamigo|Brave Bird|p1a: Okidogi
|-damage|p1a: Okidogi|0 fnt
|faint|p1a: Okidogi
|-damage|p2a: Flamigo|95/100|[from] Recoil
|
|upkeep
|
|t:|1769364089
|switch|p1a: Regirock|Regirock|77/100 brn
|turn|26
|
|t:|1769364093
|move|p2a: Flamigo|Brave Bird|p1a: Regirock
|-resisted|p1a: Regirock
|-damage|p1a: Regirock|63/100 brn
|-damage|p2a: Flamigo|90/100|[from] Recoil
|move|p1a: Regirock|Curse|p1a: Regirock
|-unboost|p1a: Regirock|spe|1
|-boost|p1a: Regirock|atk|1
|-boost|p1a: Regirock|def|1
|
|-damage|p1a: Regirock|57/100 brn|[from] brn
|upkeep
|turn|27
|c|☆Team BBIO 38|gg
|-message|Team BBIO 38 forfeited.
|
|win|goated_araquanid
|raw|goated_araquanid's rating: 1324 &rarr; <strong>1347</strong><br />(+23 for winning)
|raw|Team BBIO 38's rating: 1377 &rarr; <strong>1354</strong><br />(-23 for losing)
|l|☆Team BBIO 38
|player|p2|
|l|☆goated_araquanid
|player|p1|
