|j|☆PansageEnthusiast
|j|☆Saints or Villain
|t:|1769295014
|gametype|singles
|player|p1|PansageEnthusiast|iris|1184
|player|p2|Saints or Villain|psychic-gen2|1170
|gen|9
|tier|[Gen 9] OU
|rated|
|rule|HP Percentage Mod: HP is shown in percentages
|rule|Endless Battle Clause: Forcing endless battles is banned
|rule|Species Clause: Limit one of each Pokémon
|rule|OHKO Clause: OHKO moves are banned
|rule|Evasion Items Clause: Evasion items are banned
|rule|Evasion Moves Clause: Evasion moves are banned
|rule|Evasion Abilities Clause: Evasion abilities are banned
|rule|Sleep Moves Clause: Sleep-inducing moves are banned
|clearpoke
|poke|p1|Landorus-Therian, M|
|poke|p1|Samurott-Hisui, F|
|poke|p1|Pecharunt|
|poke|p1|Scizor, M|
|poke|p1|Latios, M|
|poke|p1|Zamazenta-*|
|poke|p2|Raging Bolt|
|poke|p2|Alomomola, M|
|poke|p2|Hatterene, F|
|poke|p2|Lokix, F|
|poke|p2|Great Tusk|
|poke|p2|Heatran, M|
|teampreview
|inactive|Battle timer is ON: inactive players will automatically lose when time's up. (requested by Saints or Villain)
|
|t:|1769295021
|teamsize|p1|6
|teamsize|p2|6
|start
|switch|p1a: Landorus|Landorus-Therian, M|100/100
|switch|p2a: Alomomola|Alomomola, M|100/100
|-ability|p1a: Landorus|Intimidate|boost
|-unboost|p2a: Alomomola|atk|1
|turn|1
|
|t:|1769295030
|move|p1a: Landorus|Stealth Rock|p2a: Alomomola
|-sidestart|p2: Saints or Villain|move: Stealth Rock
|move|p2a: Alomomola|Flip Turn|p1a: Landorus
|-supereffective|p1a: Landorus
|-crit|p1a: Landorus
|-damage|p1a: Landorus|52/100
|-damage|p2a: Alomomola|84/100|[from] item: Rocky Helmet|[of] p1a: Landorus
|
|t:|1769295039
|switch|p2a: Great Tusk|Great Tusk|100/100|[from] Flip Turn
|-damage|p2a: Great Tusk|98/100|[from] Stealth Rock
|
|upkeep
|turn|2
|
|t:|1769295053
|switch|p1a: Pecharunt|Pecharunt|100/100
|move|p2a: Great Tusk|Ice Spinner|p1a: Pecharunt
|-damage|p1a: Pecharunt|82/100
|
|upkeep
|turn|3
|
|t:|1769295065
|-end|p2a: Great Tusk|Protosynthesis|[silent]
|switch|p2a: Heatran|Heatran, M|100/100
|-damage|p2a: Heatran|88/100|[from] Stealth Rock
|move|p1a: Pecharunt|Shadow Ball|p2a: Heatran
|-damage|p2a: Heatran|68/100
|-unboost|p2a: Heatran|spd|1
|
|-heal|p2a: Heatran|75/100|[from] item: Leftovers
|upkeep
|turn|4
|
|t:|1769295077
|move|p1a: Pecharunt|Parting Shot|p2a: Heatran
|-unboost|p2a: Heatran|atk|1
|-unboost|p2a: Heatran|spa|1
|
|t:|1769295088
|switch|p1a: Landorus|Landorus-Therian, M|52/100|[from] Parting Shot
|-ability|p1a: Landorus|Intimidate|boost
|-unboost|p2a: Heatran|atk|1
|move|p2a: Heatran|Earth Power|p1a: Landorus
|-immune|p1a: Landorus
|
|-heal|p2a: Heatran|81/100|[from] item: Leftovers
|upkeep
|turn|5
|
|t:|1769295097
|switch|p2a: Alomomola|Alomomola, M|100/100
|-damage|p2a: Alomomola|88/100|[from] Stealth Rock
|move|p1a: Landorus|Earthquake|p2a: Alomomola
|-damage|p2a: Alomomola|57/100
|-enditem|p2a: Alomomola|Eject Button
|
|t:|1769295126
|switch|p2a: Lokix|Lokix, F|100/100
|-damage|p2a: Lokix|76/100|[from] Stealth Rock
|
|upkeep
|turn|6
|inactive|Saints or Villain has 120 seconds left.
|l|☆Saints or Villain
|inactive|Saints or Villain disconnected and has a minute to reconnect!
|player|p2|
|j|☆Saints or Villain
|inactive|Saints or Villain reconnected and has 115 seconds left.
|player|p2|Saints or Villain|psychic-gen2|
|
|t:|1769295164
|move|p2a: Lokix|First Impression|p1a: Landorus
|-resisted|p1a: Landorus
|-damage|p1a: Landorus|0 fnt
|-damage|p2a: Lokix|59/100|[from] item: Rocky Helmet|[of] p1a: Landorus
|faint|p1a: Landorus
|
|upkeep
|
|t:|1769295182
|switch|p1a: Zamazenta|Zamazenta|100/100
|-ability|p1a: Zamazenta|Dauntless Shield|boost
|-boost|p1a: Zamazenta|def|1
|turn|7
|
|t:|1769295195
|switch|p2a: Alomomola|Alomomola, M|90/100
|-damage|p2a: Alomomola|77/100|[from] Stealth Rock
|move|p1a: Zamazenta|Body Press|p2a: Alomomola
|-damage|p2a: Alomomola|42/100
|
|upkeep
|turn|8
|
|t:|1769295208
|move|p1a: Zamazenta|Iron Defense|p1a: Zamazenta
|-boost|p1a: Zamazenta|def|2
|move|p2a: Alomomola|Flip Turn|p1a: Zamazenta
|-damage|p1a: Zamazenta|96/100
|
|t:|1769295217
|switch|p2a: Hatterene|Hatterene, F|100/100|[from] Flip Turn
|-damage|p2a: Hatterene|88/100|[from] Stealth Rock
|
|-heal|p1a: Zamazenta|100/100|[from] item: Leftovers
|upkeep
|turn|9
|
|t:|1769295225
|move|p1a: Zamazenta|Crunch|p2a: Hatterene
|-damage|p2a: Hatterene|64/100
|move|p2a: Hatterene|Nuzzle|p1a: Zamazenta
|-damage|p1a: Zamazenta|99/100
|-status|p1a: Zamazenta|par
|
|-heal|p1a: Zamazenta|100/100 par|[from] item: Leftovers
|upkeep
|turn|10
|
|t:|1769295246
|move|p2a: Hatterene|Future Sight|p1a: Zamazenta
|-start|p2a: Hatterene|move: Future Sight
|move|p1a: Zamazenta|Roar|p2a: Hatterene
|move|p2a: Hatterene|Roar|p1a: Zamazenta|[from] ability: Magic Bounce
|drag|p1a: Scizor|Scizor, M|100/100
|
|upkeep
|turn|11
|
|t:|1769295259
|switch|p2a: Great Tusk|Great Tusk|98/100
|-damage|p2a: Great Tusk|95/100|[from] Stealth Rock
|move|p1a: Scizor|Bullet Punch|p2a: Great Tusk
|-damage|p2a: Great Tusk|72/100
|
|upkeep
|turn|12
|
|t:|1769295277
|switch|p1a: Latios|Latios, M|100/100
|move|p2a: Great Tusk|Headlong Rush|p1a: Latios
|-immune|p1a: Latios|[from] ability: Levitate
|
|-end|p1a: Latios|move: Future Sight
|-resisted|p1a: Latios
|-damage|p1a: Latios|75/100
|upkeep
|turn|13
|
|t:|1769295297
|-end|p2a: Great Tusk|Protosynthesis|[silent]
|switch|p2a: Hatterene|Hatterene, F|64/100
|-damage|p2a: Hatterene|52/100|[from] Stealth Rock
|move|p1a: Latios|Psychic Noise|p2a: Hatterene
|-resisted|p2a: Hatterene
|-damage|p2a: Hatterene|39/100
|-start|p2a: Hatterene|move: Heal Block
|
|upkeep
|turn|14
|
|t:|1769295313
|switch|p1a: Zamazenta|Zamazenta|100/100 par
|move|p2a: Hatterene|Nuzzle|p1a: Zamazenta
|-damage|p1a: Zamazenta|98/100 par
|
|-heal|p1a: Zamazenta|100/100 par|[from] item: Leftovers
|-end|p2a: Hatterene|move: Heal Block
|upkeep
|turn|15
|
|t:|1769295321
|move|p1a: Zamazenta|Crunch|p2a: Hatterene
|-damage|p2a: Hatterene|16/100
|-unboost|p2a: Hatterene|def|1
|move|p2a: Hatterene|Draining Kiss|p1a: Zamazenta
|-supereffective|p1a: Zamazenta
|-damage|p1a: Zamazenta|57/100 par
|-heal|p2a: Hatterene|52/100|[from] drain|[of] p1a: Zamazenta
|
|-heal|p1a: Zamazenta|63/100 par|[from] item: Leftovers
|upkeep
|turn|16
|
|t:|1769295333
|move|p1a: Zamazenta|Crunch|p2a: Hatterene
|-damage|p2a: Hatterene|17/100
|-unboost|p2a: Hatterene|def|1
|move|p2a: Hatterene|Draining Kiss|p1a: Zamazenta
|-supereffective|p1a: Zamazenta
|-damage|p1a: Zamazenta|26/100 par
|-heal|p2a: Hatterene|47/100|[from] drain|[of] p1a: Zamazenta
|
|-heal|p1a: Zamazenta|32/100 par|[from] item: Leftovers
|upkeep
|turn|17
|
|t:|1769295343
|switch|p2a: Great Tusk|Great Tusk|72/100
|-damage|p2a: Great Tusk|69/100|[from] Stealth Rock
|move|p1a: Zamazenta|Crunch|p2a: Great Tusk
|-resisted|p2a: Great Tusk
|-damage|p2a: Great Tusk|61/100
|
|-heal|p1a: Zamazenta|38/100 par|[from] item: Leftovers
|upkeep
|turn|18
|
|t:|1769295362
|switch|p1a: Pecharunt|Pecharunt|82/100
|move|p2a: Great Tusk|Ice Spinner|p1a: Pecharunt
|-damage|p1a: Pecharunt|66/100
|
|upkeep
|turn|19
|
|t:|1769295382
|-terastallize|p1a: Pecharunt|Dark
|move|p1a: Pecharunt|Shadow Ball|p2a: Great Tusk
|-damage|p2a: Great Tusk|34/100
|move|p2a: Great Tusk|Headlong Rush|p1a: Pecharunt
|-damage|p1a: Pecharunt|28/100
|-unboost|p2a: Great Tusk|def|1
|-unboost|p2a: Great Tusk|spd|1
|
|upkeep
|turn|20
|
|t:|1769295400
|-end|p2a: Great Tusk|Protosynthesis|[silent]
|switch|p2a: Alomomola|Alomomola, M|75/100
|-damage|p2a: Alomomola|62/100|[from] Stealth Rock
|move|p1a: Pecharunt|Shadow Ball|p2a: Alomomola
|-damage|p2a: Alomomola|40/100
|-unboost|p2a: Alomomola|spd|1
|
|upkeep
|turn|21
|
|t:|1769295412
|switch|p2a: Heatran|Heatran, M|81/100
|-damage|p2a: Heatran|68/100|[from] Stealth Rock
|move|p1a: Pecharunt|Malignant Chain|p2a: Heatran
|-immune|p2a: Heatran
|
|-heal|p2a: Heatran|75/100|[from] item: Leftovers
|upkeep
|turn|22
|
|t:|1769295422
|move|p1a: Pecharunt|Parting Shot|p2a: Heatran
|-unboost|p2a: Heatran|atk|1
|-unboost|p2a: Heatran|spa|1
|
|t:|1769295426
|switch|p1a: Samurott|Samurott-Hisui, F|100/100|[from] Parting Shot
|move|p2a: Heatran|Stealth Rock|p1a: Samurott
|-sidestart|p1: PansageEnthusiast|move: Stealth Rock
|
|-heal|p2a: Heatran|81/100|[from] item: Leftovers
|upkeep
|turn|23
|
|t:|1769295433
|move|p1a: Samurott|Ceaseless Edge|p2a: Heatran
|-damage|p2a: Heatran|47/100
|-sidestart|p2: Saints or Villain|Spikes
|move|p2a: Heatran|Will-O-Wisp|p1a: Samurott
|-status|p1a: Samurott|brn
|
|-heal|p2a: Heatran|53/100|[from] item: Leftovers
|-damage|p1a: Samurott|94/100 brn|[from] brn
|upkeep
|turn|24
|
|t:|1769295453
|switch|p2a: Great Tusk|Great Tusk|34/100
|-damage|p2a: Great Tusk|31/100|[from] Stealth Rock
|-damage|p2a: Great Tusk|18/100|[from] Spikes
|move|p1a: Samurott|Razor Shell|p2a: Great Tusk
|-supereffective|p2a: Great Tusk
|-damage|p2a: Great Tusk|0 fnt
|faint|p2a: Great Tusk
|-end|p2a: Great Tusk|Protosynthesis|[silent]
|
|-damage|p1a: Samurott|88/100 brn|[from] brn
|upkeep
|
|t:|1769295462
|switch|p2a: Lokix|Lokix, F|59/100
|-damage|p2a: Lokix|34/100|[from] Stealth Rock
|-damage|p2a: Lokix|22/100|[from] Spikes
|turn|25
|
|t:|1769295479
|switch|p1a: Zamazenta|Zamazenta|38/100 par
|-damage|p1a: Zamazenta|32/100 par|[from] Stealth Rock
|move|p2a: Lokix|Leech Life|p1a: Zamazenta
|-resisted|p1a: Zamazenta
|-damage|p1a: Zamazenta|0 fnt
|-heal|p2a: Lokix|40/100|[from] drain|[of] p1a: Zamazenta
|faint|p1a: Zamazenta
|
|upkeep
|
|t:|1769295488
|switch|p1a: Samurott|Samurott-Hisui, F|88/100 brn
|-damage|p1a: Samurott|76/100 brn|[from] Stealth Rock
|turn|26
|
|t:|1769295500
|switch|p1a: Pecharunt|Pecharunt, tera:Dark|28/100
|move|p2a: Lokix|Leech Life|p1a: Pecharunt
|-supereffective|p1a: Pecharunt
|-damage|p1a: Pecharunt|0 fnt
|-heal|p2a: Lokix|59/100|[from] drain|[of] p1a: Pecharunt
|faint|p1a: Pecharunt
|
|upkeep
|
|t:|1769295516
|switch|p1a: Latios|Latios, M|75/100
|-damage|p1a: Latios|62/100|[from] Stealth Rock
|turn|27
|
|t:|1769295525
|switch|p2a: Heatran|Heatran, M|53/100
|-damage|p2a: Heatran|41/100|[from] Stealth Rock
|-damage|p2a: Heatran|29/100|[from] Spikes
|move|p1a: Latios|Draco Meteor|p2a: Heatran
|-resisted|p2a: Heatran
|-damage|p2a: Heatran|0 fnt
|-unboost|p1a: Latios|spa|2
|faint|p2a: Heatran
|
|upkeep
|
|t:|1769295531
|switch|p2a: Raging Bolt|Raging Bolt|100/100
|-damage|p2a: Raging Bolt|88/100|[from] Stealth Rock
|-damage|p2a: Raging Bolt|76/100|[from] Spikes
|turn|28
|
|t:|1769295542
|switch|p1a: Scizor|Scizor, M|100/100
|move|p2a: Raging Bolt|Volt Switch|p1a: Scizor
|-damage|p1a: Scizor|41/100
|
|t:|1769295547
|-end|p2a: Raging Bolt|Protosynthesis|[silent]
|switch|p2a: Alomomola|Alomomola, M|73/100|[from] Volt Switch
|-damage|p2a: Alomomola|61/100|[from] Stealth Rock
|-damage|p2a: Alomomola|48/100|[from] Spikes
|
|upkeep
|turn|29
|
|t:|1769295559
|move|p1a: Scizor|Bullet Punch|p2a: Alomomola
|-resisted|p2a: Alomomola
|-damage|p2a: Alomomola|38/100
|move|p2a: Alomomola|Wish|p2a: Alomomola
|
|upkeep
|turn|30
|
|t:|1769295566
|move|p1a: Scizor|Swords Dance|p1a: Scizor
|-boost|p1a: Scizor|atk|2
|move|p2a: Alomomola|Flip Turn|p1a: Scizor
|-damage|p1a: Scizor|20/100
|
|t:|1769295569
|switch|p2a: Lokix|Lokix, F|59/100|[from] Flip Turn
|-damage|p2a: Lokix|34/100|[from] Stealth Rock
|-damage|p2a: Lokix|21/100|[from] Spikes
|
|-heal|p2a: Lokix|100/100|[from] move: Wish|[wisher] Alomomola
|upkeep
|turn|31
|
|t:|1769295580
|move|p2a: Lokix|First Impression|p1a: Scizor
|-resisted|p1a: Scizor
|-damage|p1a: Scizor|0 fnt
|faint|p1a: Scizor
|
|upkeep
|
|t:|1769295585
|switch|p1a: Latios|Latios, M|62/100
|-damage|p1a: Latios|50/100|[from] Stealth Rock
|turn|32
|
|t:|1769295589
|switch|p2a: Alomomola|Alomomola, M|71/100
|-damage|p2a: Alomomola|58/100|[from] Stealth Rock
|-damage|p2a: Alomomola|46/100|[from] Spikes
|move|p1a: Latios|Draco Meteor|p2a: Alomomola
|-damage|p2a: Alomomola|0 fnt
|-unboost|p1a: Latios|spa|2
|faint|p2a: Alomomola
|
|upkeep
|
|t:|1769295592
|switch|p2a: Lokix|Lokix, F|100/100
|-damage|p2a: Lokix|76/100|[from] Stealth Rock
|-damage|p2a: Lokix|63/100|[from] Spikes
|turn|33
|
|t:|1769295604
|switch|p1a: Samurott|Samurott-Hisui, F|76/100 brn
|-damage|p1a: Samurott|63/100 brn|[from] Stealth Rock
|-terastallize|p2a: Lokix|Bug
|move|p2a: Lokix|First Impression|p1a: Samurott
|-supereffective|p1a: Samurott
|-damage|p1a: Samurott|0 fnt
|faint|p1a: Samurott
|
|upkeep
|
|t:|1769295613
|switch|p1a: Latios|Latios, M|50/100
|-damage|p1a: Latios|38/100|[from] Stealth Rock
|turn|34
|
|t:|1769295617
|switch|p2a: Hatterene|Hatterene, F|47/100
|-damage|p2a: Hatterene|35/100|[from] Stealth Rock
|-damage|p2a: Hatterene|22/100|[from] Spikes
|move|p1a: Latios|Psychic Noise|p2a: Hatterene
|-resisted|p2a: Hatterene
|-damage|p2a: Hatterene|9/100
|-start|p2a: Hatterene|move: Heal Block
|
|upkeep
|turn|35
|
|t:|1769295630
|move|p1a: Latios|Psychic Noise|p2a: Hatterene
|-resisted|p2a: Hatterene
|-damage|p2a: Hatterene|0 fnt
|faint|p2a: Hatterene
|
|upkeep
|
|t:|1769295633
|switch|p2a: Lokix|Lokix, F, tera:Bug|63/100
|-damage|p2a: Lokix|38/100|[from] Stealth Rock
|-damage|p2a: Lokix|26/100|[from] Spikes
|turn|36
|
|t:|1769295640
|move|p2a: Lokix|First Impression|p1a: Latios
|-supereffective|p1a: Latios
|-damage|p1a: Latios|0 fnt
|faint|p1a: Latios
|
|win|Saints or Villain
|raw|PansageEnthusiast's rating: 1184 &rarr; <strong>1158</strong><br />(-26 for losing)
|raw|Saints or Villain's rating: 1170 &rarr; <strong>1196</strong><br />(+26 for winning)
|l|☆PansageEnthusiast
|player|p1|
