|j|☆MrKickflip
|j|☆alt 523
|t:|1769298672
|gametype|singles
|player|p1|MrKickflip|skier|1381
|player|p2|alt 523|pokemonbreederf-gen4|1405
|gen|9
|tier|[Gen 9] OU
|rated|
|rule|HP Percentage Mod: HP is shown in percentages
|rule|Endless Battle Clause: Forcing endless battles is banned
|rule|Species Clause: Limit one of each Pokémon
|rule|OHKO Clause: OHKO moves are banned
|rule|Evasion Items Clause: Evasion items are banned
|rule|Evasion Moves Clause: Evasion moves are banned
|rule|Evasion Abilities Clause: Evasion abilities are banned
|rule|Sleep Moves Clause: Sleep-inducing moves are banned
|clearpoke
|poke|p1|Slowking-Galar, M|
|poke|p1|Thundurus-Therian, M|
|poke|p1|Great Tusk|
|poke|p1|Cinderace, M|
|poke|p1|Meowscarada, F|
|poke|p1|Alomomola, F|
|poke|p2|Munkidori, M|
|poke|p2|Alomomola, M|
|poke|p2|Ting-Lu|
|poke|p2|Landorus-Therian, M|
|poke|p2|Ogerpon, F|
|poke|p2|Cinderace, F|
|teampreview
|inactive|Battle timer is ON: inactive players will automatically lose when time's up. (requested by alt 523)
|inactive|MrKickflip also wants the timer to be on.
|
|t:|1769298695
|teamsize|p1|6
|teamsize|p2|6
|start
|switch|p1a: The Magicat|Meowscarada, F|100/100
|switch|p2a: Munkidori|Munkidori, M|100/100
|turn|1
|
|t:|1769298703
|switch|p2a: Cinderace|Cinderace, F|100/100
|move|p1a: The Magicat|Knock Off|p2a: Cinderace
|-start|p1a: The Magicat|typechange|Dark|[from] ability: Protean
|-damage|p2a: Cinderace|48/100
|-enditem|p2a: Cinderace|Heavy-Duty Boots|[from] move: Knock Off|[of] p1a: The Magicat
|
|upkeep
|turn|2
|
|t:|1769298707
|switch|p1a: The SunFish|Alomomola, F|100/100
|move|p2a: Cinderace|U-turn|p1a: The SunFish
|-damage|p1a: The SunFish|88/100
|
|t:|1769298713
|switch|p2a: Ogerpon|Ogerpon, F|100/100|[from] U-turn
|
|upkeep
|turn|3
|
|t:|1769298729
|switch|p1a: The Rabbit|Cinderace, M|100/100
|move|p2a: Ogerpon|Ivy Cudgel|p1a: The Rabbit
|-resisted|p1a: The Rabbit
|-damage|p1a: The Rabbit|46/100
|
|upkeep
|turn|4
|
|t:|1769298735
|-terastallize|p2a: Ogerpon|Grass
|detailschange|p2a: Ogerpon|Ogerpon-Teal-Tera, F, tera:Grass
|-ability|p2a: Ogerpon|Embody Aspect (Teal)|boost
|-boost|p2a: Ogerpon|spe|1
|move|p2a: Ogerpon|Ivy Cudgel|p1a: The Rabbit
|-resisted|p1a: The Rabbit
|-damage|p1a: The Rabbit|0 fnt
|faint|p1a: The Rabbit
|
|upkeep
|
|t:|1769298738
|switch|p1a: The Magicat|Meowscarada, F|100/100
|turn|5
|
|t:|1769298745
|switch|p2a: Alomomola|Alomomola, M|100/100
|move|p1a: The Magicat|U-turn|p2a: Alomomola
|-start|p1a: The Magicat|typechange|Bug|[from] ability: Protean
|-damage|p2a: Alomomola|81/100
|
|t:|1769298748
|switch|p1a: The Genie|Thundurus-Therian, M|100/100|[from] U-turn
|
|upkeep
|turn|6
|
|t:|1769298751
|switch|p2a: Ting-Lu|Ting-Lu|100/100
|-ability|p2a: Ting-Lu|Vessel of Ruin
|move|p1a: The Genie|Nasty Plot|p1a: The Genie
|-boost|p1a: The Genie|spa|2
|
|upkeep
|turn|7
|
|t:|1769298762
|move|p1a: The Genie|Nasty Plot|p1a: The Genie
|-boost|p1a: The Genie|spa|2
|move|p2a: Ting-Lu|Whirlwind|p1a: The Genie
|drag|p1a: The Pachyderm|Great Tusk|100/100
|
|upkeep
|turn|8
|
|t:|1769298766
|switch|p2a: Alomomola|Alomomola, M|100/100
|move|p1a: The Pachyderm|Stealth Rock|p2a: Alomomola
|-sidestart|p2: alt 523|move: Stealth Rock
|
|upkeep
|turn|9
|
|t:|1769298769
|move|p1a: The Pachyderm|Knock Off|p2a: Alomomola
|-damage|p2a: Alomomola|80/100
|-enditem|p2a: Alomomola|Assault Vest|[from] move: Knock Off|[of] p1a: The Pachyderm
|move|p2a: Alomomola|Flip Turn|p1a: The Pachyderm
|-supereffective|p1a: The Pachyderm
|-damage|p1a: The Pachyderm|75/100
|
|t:|1769298775
|switch|p2a: Munkidori|Munkidori, M|100/100|[from] Flip Turn
|
|upkeep
|turn|10
|
|t:|1769298781
|move|p2a: Munkidori|U-turn|p1a: The Pachyderm
|-resisted|p1a: The Pachyderm
|-crit|p1a: The Pachyderm
|-damage|p1a: The Pachyderm|69/100
|
|t:|1769298784
|switch|p2a: Alomomola|Alomomola, M|100/100|[from] U-turn
|-damage|p2a: Alomomola|88/100|[from] Stealth Rock
|move|p1a: The Pachyderm|Headlong Rush|p2a: Alomomola
|-damage|p2a: Alomomola|53/100
|-unboost|p1a: The Pachyderm|def|1
|-unboost|p1a: The Pachyderm|spd|1
|-enditem|p1a: The Pachyderm|Eject Pack
|
|t:|1769298788
|-end|p1a: The Pachyderm|Protosynthesis|[silent]
|switch|p1a: The Genie|Thundurus-Therian, M|100/100
|
|upkeep
|turn|11
|
|t:|1769298791
|switch|p2a: Ting-Lu|Ting-Lu|100/100
|-damage|p2a: Ting-Lu|94/100|[from] Stealth Rock
|-ability|p2a: Ting-Lu|Vessel of Ruin
|move|p1a: The Genie|Nasty Plot|p1a: The Genie
|-boost|p1a: The Genie|spa|2
|
|-heal|p2a: Ting-Lu|100/100|[from] item: Leftovers
|upkeep
|turn|12
|
|t:|1769298792
|move|p1a: The Genie|Grass Knot|p2a: Ting-Lu
|-supereffective|p2a: Ting-Lu
|-damage|p2a: Ting-Lu|27/100
|move|p2a: Ting-Lu|Whirlwind|p1a: The Genie
|drag|p1a: The Pachyderm|Great Tusk|69/100
|
|-heal|p2a: Ting-Lu|33/100|[from] item: Leftovers
|upkeep
|turn|13
|
|t:|1769298797
|switch|p2a: Alomomola|Alomomola, M|86/100
|-damage|p2a: Alomomola|74/100|[from] Stealth Rock
|move|p1a: The Pachyderm|Headlong Rush|p2a: Alomomola
|-damage|p2a: Alomomola|37/100
|-unboost|p1a: The Pachyderm|def|1
|-unboost|p1a: The Pachyderm|spd|1
|
|upkeep
|turn|14
|
|t:|1769298802
|move|p1a: The Pachyderm|Knock Off|p2a: Alomomola
|-damage|p2a: Alomomola|23/100
|move|p2a: Alomomola|Flip Turn|p1a: The Pachyderm
|-supereffective|p1a: The Pachyderm
|-damage|p1a: The Pachyderm|35/100
|
|t:|1769298804
|switch|p2a: Ogerpon|Ogerpon-Teal-Tera, F, tera:Grass|100/100|[from] Flip Turn
|-damage|p2a: Ogerpon|88/100|[from] Stealth Rock
|-ability|p2a: Ogerpon|Embody Aspect (Teal)|boost
|-boost|p2a: Ogerpon|spe|1
|
|upkeep
|turn|15
|
|t:|1769298807
|move|p2a: Ogerpon|Ivy Cudgel|p1a: The Pachyderm
|-supereffective|p1a: The Pachyderm
|-damage|p1a: The Pachyderm|0 fnt
|faint|p1a: The Pachyderm
|-end|p1a: The Pachyderm|Protosynthesis|[silent]
|
|upkeep
|
|t:|1769298811
|switch|p1a: The Magicat|Meowscarada, F|100/100
|turn|16
|
|t:|1769298814
|switch|p2a: Ting-Lu|Ting-Lu|33/100
|-damage|p2a: Ting-Lu|27/100|[from] Stealth Rock
|-ability|p2a: Ting-Lu|Vessel of Ruin
|move|p1a: The Magicat|U-turn|p2a: Ting-Lu
|-start|p1a: The Magicat|typechange|Bug|[from] ability: Protean
|-supereffective|p2a: Ting-Lu
|-damage|p2a: Ting-Lu|0 fnt
|faint|p2a: Ting-Lu
|
|t:|1769298822
|switch|p1a: The Corrupted|Slowking-Galar, M|100/100|[from] U-turn
|
|upkeep
|
|t:|1769298826
|switch|p2a: Cinderace|Cinderace, F|48/100
|-damage|p2a: Cinderace|23/100|[from] Stealth Rock
|turn|17
|
|t:|1769298829
|switch|p1a: The SunFish|Alomomola, F|100/100
|move|p2a: Cinderace|Court Change|p2a: Cinderace
|-swapsideconditions
|-activate|p2a: Cinderace|move: Court Change
|
|upkeep
|turn|18
|
|t:|1769298835
|switch|p2a: Alomomola|Alomomola, M|57/100
|move|p1a: The SunFish|Flip Turn|p2a: Alomomola
|-resisted|p2a: Alomomola
|-crit|p2a: Alomomola
|-damage|p2a: Alomomola|50/100
|
|t:|1769298839
|switch|p1a: The Genie|Thundurus-Therian, M|100/100|[from] Flip Turn
|
|upkeep
|turn|19
|
|t:|1769298843
|switch|p2a: Landorus|Landorus-Therian, M|100/100
|-ability|p2a: Landorus|Intimidate|boost
|-unboost|p1a: The Genie|atk|1
|move|p1a: The Genie|Nasty Plot|p1a: The Genie
|-boost|p1a: The Genie|spa|2
|
|upkeep
|turn|20
|
|t:|1769298861
|-terastallize|p1a: The Genie|Fairy
|move|p2a: Landorus|Stone Edge|p1a: The Genie
|-damage|p1a: The Genie|38/100
|move|p1a: The Genie|Tera Blast|p2a: Landorus|[anim] Tera Blast Fairy
|-damage|p2a: Landorus|0 fnt
|faint|p2a: Landorus
|
|upkeep
|
|t:|1769298876
|switch|p2a: Ogerpon|Ogerpon-Teal-Tera, F, tera:Grass|88/100
|-ability|p2a: Ogerpon|Embody Aspect (Teal)|boost
|-boost|p2a: Ogerpon|spe|1
|turn|21
|
|t:|1769298880
|switch|p1a: The Corrupted|Slowking-Galar, M|100/100
|move|p2a: Ogerpon|Ivy Cudgel|p1a: The Corrupted
|-resisted|p1a: The Corrupted
|-damage|p1a: The Corrupted|50/100
|
|upkeep
|turn|22
|
|t:|1769298886
|move|p2a: Ogerpon|Ivy Cudgel|p1a: The Corrupted
|-resisted|p1a: The Corrupted
|-damage|p1a: The Corrupted|0 fnt
|faint|p1a: The Corrupted
|
|upkeep
|
|t:|1769298888
|switch|p1a: The Magicat|Meowscarada, F|100/100
|-damage|p1a: The Magicat|88/100|[from] Stealth Rock
|turn|23
|
|t:|1769298892
|switch|p2a: Cinderace|Cinderace, F|23/100
|move|p1a: The Magicat|U-turn|p2a: Cinderace
|-start|p1a: The Magicat|typechange|Bug|[from] ability: Protean
|-resisted|p2a: Cinderace
|-damage|p2a: Cinderace|2/100
|
|t:|1769298896
|switch|p1a: The SunFish|Alomomola, F|100/100|[from] U-turn
|
|upkeep
|turn|24
|
|t:|1769298902
|switch|p2a: Alomomola|Alomomola, M|83/100
|move|p1a: The SunFish|Flip Turn|p2a: Alomomola
|-resisted|p2a: Alomomola
|-damage|p2a: Alomomola|78/100
|
|t:|1769298908
|switch|p1a: The Genie|Thundurus-Therian, M, tera:Fairy|38/100|[from] Flip Turn
|
|upkeep
|turn|25
|
|t:|1769298911
|move|p1a: The Genie|Volt Switch|p2a: Alomomola
|-supereffective|p2a: Alomomola
|-damage|p2a: Alomomola|1/100
|
|t:|1769298914
|switch|p1a: The SunFish|Alomomola, F|100/100|[from] Volt Switch
|move|p2a: Alomomola|Flip Turn|p1a: The SunFish
|-resisted|p1a: The SunFish
|-damage|p1a: The SunFish|95/100
|
|t:|1769298916
|switch|p2a: Ogerpon|Ogerpon-Teal-Tera, F, tera:Grass|88/100|[from] Flip Turn
|-ability|p2a: Ogerpon|Embody Aspect (Teal)|boost
|-boost|p2a: Ogerpon|spe|1
|
|upkeep
|turn|26
|
|t:|1769298924
|switch|p1a: The Magicat|Meowscarada, F|88/100
|-damage|p1a: The Magicat|76/100|[from] Stealth Rock
|move|p2a: Ogerpon|Ivy Cudgel|p1a: The Magicat
|-resisted|p1a: The Magicat
|-damage|p1a: The Magicat|2/100
|
|upkeep
|turn|27
|
|t:|1769298935
|switch|p2a: Alomomola|Alomomola, M|34/100
|move|p1a: The Magicat|Knock Off|p2a: Alomomola
|-start|p1a: The Magicat|typechange|Dark|[from] ability: Protean
|-damage|p2a: Alomomola|14/100
|
|upkeep
|turn|28
|
|t:|1769298943
|switch|p2a: Cinderace|Cinderace, F|2/100
|move|p1a: The Magicat|Knock Off|p2a: Cinderace
|-crit|p2a: Cinderace
|-damage|p2a: Cinderace|0 fnt
|faint|p2a: Cinderace
|
|upkeep
|
|t:|1769298946
|switch|p2a: Alomomola|Alomomola, M|47/100
|turn|29
|
|t:|1769298949
|switch|p1a: The SunFish|Alomomola, F|100/100
|move|p2a: Alomomola|Flip Turn|p1a: The SunFish
|-resisted|p1a: The SunFish
|-damage|p1a: The SunFish|95/100
|
|t:|1769298951
|switch|p2a: Ogerpon|Ogerpon-Teal-Tera, F, tera:Grass|88/100|[from] Flip Turn
|-ability|p2a: Ogerpon|Embody Aspect (Teal)|boost
|-boost|p2a: Ogerpon|spe|1
|
|upkeep
|turn|30
|
|t:|1769298954
|move|p2a: Ogerpon|Ivy Cudgel|p1a: The SunFish
|-supereffective|p1a: The SunFish
|-crit|p1a: The SunFish
|-damage|p1a: The SunFish|0 fnt
|faint|p1a: The SunFish
|
|upkeep
|
|t:|1769298958
|switch|p1a: The Genie|Thundurus-Therian, M, tera:Fairy|38/100
|turn|31
|
|t:|1769298960
|move|p2a: Ogerpon|Ivy Cudgel|p1a: The Genie
|-damage|p1a: The Genie|0 fnt
|faint|p1a: The Genie
|
|upkeep
|
|t:|1769298961
|switch|p1a: The Magicat|Meowscarada, F|2/100
|-damage|p1a: The Magicat|0 fnt|[from] Stealth Rock
|faint|p1a: The Magicat
|
|win|alt 523
|raw|MrKickflip's rating: 1381 &rarr; <strong>1362</strong><br />(-19 for losing)
|raw|alt 523's rating: 1405 &rarr; <strong>1424</strong><br />(+19 for winning)
|l|☆MrKickflip
|player|p1|
|l|☆alt 523
|player|p2|
