|j|☆spunder_policy
|j|☆CambridgeFoulPlay
|t:|1769320442
|gametype|singles
|player|p1|spunder_policy|169|1813
|player|p2|CambridgeFoulPlay|266|1628
|gen|9
|tier|[Gen 9] OU
|rated|
|rule|HP Percentage Mod: HP is shown in percentages
|rule|Endless Battle Clause: Forcing endless battles is banned
|rule|Species Clause: Limit one of each Pokémon
|rule|OHKO Clause: OHKO moves are banned
|rule|Evasion Items Clause: Evasion items are banned
|rule|Evasion Moves Clause: Evasion moves are banned
|rule|Evasion Abilities Clause: Evasion abilities are banned
|rule|Sleep Moves Clause: Sleep-inducing moves are banned
|clearpoke
|poke|p1|Zoroark-Hisui, M|
|poke|p1|Mesprit|
|poke|p1|Alomomola, F|
|poke|p1|Goodra-Hisui, M|
|poke|p1|Thundurus, M|
|poke|p1|Blaziken, F|
|poke|p2|Hydrapple, M|
|poke|p2|Tyranitar, F|
|poke|p2|Moltres|
|poke|p2|Zamazenta-*|
|poke|p2|Slowking-Galar, F|
|poke|p2|Excadrill, F|
|teampreview
|inactive|Battle timer is ON: inactive players will automatically lose when time's up. (requested by spunder_policy)
|c|☆CambridgeFoulPlay|hf
|inactive|CambridgeFoulPlay also wants the timer to be on.
|
|t:|1769320452
|teamsize|p1|6
|teamsize|p2|6
|start
|switch|p1a: Mesprit|Mesprit|100/100
|switch|p2a: Zamazenta|Zamazenta|100/100
|-ability|p2a: Zamazenta|Dauntless Shield|boost
|-boost|p2a: Zamazenta|def|1
|turn|1
|
|t:|1769320457
|switch|p2a: Tyranitar|Tyranitar, F|100/100
|-weather|Sandstorm|[from] ability: Sand Stream|[of] p2a: Tyranitar
|-terastallize|p1a: Mesprit|Steel
|move|p1a: Mesprit|Stealth Rock|p2a: Tyranitar
|-sidestart|p2: CambridgeFoulPlay|move: Stealth Rock
|
|-weather|Sandstorm|[upkeep]
|upkeep
|turn|2
|
|t:|1769320459
|move|p1a: Mesprit|U-turn|p2a: Tyranitar
|-supereffective|p2a: Tyranitar
|-damage|p2a: Tyranitar|75/100
|
|t:|1769320463
|switch|p1a: Blaziken|Blaziken, F|100/100|[from] U-turn
|move|p2a: Tyranitar|Stealth Rock|p1a: Blaziken
|-sidestart|p1: spunder_policy|move: Stealth Rock
|
|-weather|Sandstorm|[upkeep]
|-damage|p1a: Blaziken|95/100|[from] Sandstorm
|upkeep
|turn|3
|
|t:|1769320466
|switch|p2a: Zamazenta|Zamazenta|100/100
|-damage|p2a: Zamazenta|94/100|[from] Stealth Rock
|move|p1a: Blaziken|U-turn|p2a: Zamazenta
|-resisted|p2a: Zamazenta
|-damage|p2a: Zamazenta|86/100
|
|t:|1769320468
|switch|p1a: Alomomola|Alomomola, F|100/100|[from] U-turn
|
|-weather|Sandstorm|[upkeep]
|-damage|p2a: Zamazenta|80/100|[from] Sandstorm
|-damage|p1a: Alomomola|94/100|[from] Sandstorm
|-heal|p2a: Zamazenta|86/100|[from] item: Leftovers
|upkeep
|turn|4
|
|t:|1769320471
|move|p2a: Zamazenta|Iron Defense|p2a: Zamazenta
|-boost|p2a: Zamazenta|def|2
|move|p1a: Alomomola|Scald|p2a: Zamazenta
|-damage|p2a: Zamazenta|74/100
|
|-weather|Sandstorm|[upkeep]
|-damage|p2a: Zamazenta|68/100|[from] Sandstorm
|-damage|p1a: Alomomola|88/100|[from] Sandstorm
|-heal|p2a: Zamazenta|74/100|[from] item: Leftovers
|upkeep
|turn|5
|
|t:|1769320476
|move|p2a: Zamazenta|Body Press|p1a: Alomomola
|-damage|p1a: Alomomola|33/100
|move|p1a: Alomomola|Flip Turn|p2a: Zamazenta
|-damage|p2a: Zamazenta|68/100
|
|t:|1769320480
|switch|p1a: Goodra|Goodra-Hisui, M|100/100|[from] Flip Turn
|
|-weather|Sandstorm|[upkeep]
|-damage|p2a: Zamazenta|61/100|[from] Sandstorm
|-damage|p1a: Goodra|95/100|[from] Sandstorm
|-heal|p2a: Zamazenta|68/100|[from] item: Leftovers
|upkeep
|turn|6
|
|t:|1769320485
|switch|p1a: Thundurus|Thundurus, M|100/100
|move|p2a: Zamazenta|Body Press|p1a: Thundurus
|-resisted|p1a: Thundurus
|-damage|p1a: Thundurus|49/100
|
|-weather|Sandstorm|[upkeep]
|-damage|p2a: Zamazenta|61/100|[from] Sandstorm
|-damage|p1a: Thundurus|43/100|[from] Sandstorm
|-heal|p2a: Zamazenta|68/100|[from] item: Leftovers
|upkeep
|turn|7
|
|t:|1769320489
|move|p1a: Thundurus|Thunder Wave|p2a: Zamazenta
|-status|p2a: Zamazenta|par
|move|p2a: Zamazenta|Body Press|p1a: Thundurus
|-resisted|p1a: Thundurus
|-damage|p1a: Thundurus|0 fnt
|faint|p1a: Thundurus
|
|-weather|Sandstorm|[upkeep]
|-damage|p2a: Zamazenta|61/100 par|[from] Sandstorm
|-heal|p2a: Zamazenta|68/100 par|[from] item: Leftovers
|upkeep
|
|t:|1769320497
|switch|p1a: Goodra|Goodra-Hisui, M|95/100
|turn|8
|
|t:|1769320500
|move|p1a: Goodra|Hex|p2a: Zamazenta
|-damage|p2a: Zamazenta|9/100 par
|move|p2a: Zamazenta|Body Press|p1a: Goodra
|-immune|p1a: Goodra
|
|-weather|none
|-heal|p2a: Zamazenta|16/100 par|[from] item: Leftovers
|upkeep
|turn|9
|
|t:|1769320503
|move|p1a: Goodra|Focus Blast|p2a: Zamazenta
|-damage|p2a: Zamazenta|0 fnt
|faint|p2a: Zamazenta
|
|upkeep
|
|t:|1769320506
|switch|p2a: Hydrapple|Hydrapple, M|100/100
|turn|10
|
|t:|1769320509
|switch|p1a: Mesprit|Mesprit, tera:Steel|100/100
|move|p2a: Hydrapple|Fickle Beam|p1a: Mesprit
|-resisted|p1a: Mesprit
|-damage|p1a: Mesprit|86/100
|
|upkeep
|turn|11
|
|t:|1769320512
|move|p1a: Mesprit|Ice Beam|p2a: Hydrapple
|-supereffective|p2a: Hydrapple
|-damage|p2a: Hydrapple|15/100
|move|p2a: Hydrapple|Nasty Plot|p2a: Hydrapple
|-boost|p2a: Hydrapple|spa|2
|
|upkeep
|turn|12
|
|t:|1769320516
|switch|p2a: Slowking|Slowking-Galar, F|100/100
|-damage|p2a: Slowking|88/100|[from] Stealth Rock
|move|p1a: Mesprit|U-turn|p2a: Slowking
|-damage|p2a: Slowking|76/100
|
|t:|1769320519
|switch|p1a: Goodra|Goodra-Hisui, M|100/100|[from] U-turn
|
|upkeep
|turn|13
|
|t:|1769320522
|move|p1a: Goodra|Knock Off|p2a: Slowking
|-supereffective|p2a: Slowking
|-damage|p2a: Slowking|42/100
|-enditem|p2a: Slowking|Assault Vest|[from] move: Knock Off|[of] p1a: Goodra
|move|p2a: Slowking|Ice Beam|p1a: Goodra
|-damage|p1a: Goodra|86/100
|
|upkeep
|turn|14
|
|t:|1769320528
|switch|p1a: Blaziken|Blaziken, F|95/100
|switch|p2a: Excadrill|Excadrill, F|100/100
|-damage|p2a: Excadrill|97/100|[from] Stealth Rock
|-item|p2a: Excadrill|Air Balloon
|
|upkeep
|turn|15
|
|t:|1769320535
|move|p1a: Blaziken|Protect|p1a: Blaziken
|-singleturn|p1a: Blaziken|Protect
|move|p2a: Excadrill|Earthquake|p1a: Blaziken
|-activate|p1a: Blaziken|move: Protect
|
|-ability|p1a: Blaziken|Speed Boost|boost
|-boost|p1a: Blaziken|spe|1
|upkeep
|turn|16
|
|t:|1769320537
|switch|p2a: Slowking|Slowking-Galar, F|75/100
|-damage|p2a: Slowking|63/100|[from] Stealth Rock
|move|p1a: Blaziken|Overheat|p2a: Slowking
|-damage|p2a: Slowking|10/100
|-unboost|p1a: Blaziken|spa|2
|
|-ability|p1a: Blaziken|Speed Boost|boost
|-boost|p1a: Blaziken|spe|1
|upkeep
|turn|17
|
|t:|1769320543
|switch|p2a: Hydrapple|Hydrapple, M|48/100
|move|p1a: Blaziken|U-turn|p2a: Hydrapple
|-supereffective|p2a: Hydrapple
|-damage|p2a: Hydrapple|24/100
|
|t:|1769320551
|switch|p1a: Mesprit|Mesprit, tera:Steel|86/100|[from] U-turn
|
|upkeep
|turn|18
|
|t:|1769320556
|switch|p2a: Moltres|Moltres|100/100
|move|p1a: Mesprit|U-turn|p2a: Moltres
|-resisted|p2a: Moltres
|-damage|p2a: Moltres|98/100
|-status|p1a: Mesprit|brn|[from] ability: Flame Body|[of] p2a: Moltres
|
|t:|1769320560
|switch|p1a: Goodra|Goodra-Hisui, M|86/100|[from] U-turn
|
|upkeep
|turn|19
|
|t:|1769320563
|move|p2a: Moltres|U-turn|p1a: Goodra
|-resisted|p1a: Goodra
|-damage|p1a: Goodra|80/100
|
|t:|1769320566
|switch|p2a: Excadrill|Excadrill, F|97/100|[from] U-turn
|-damage|p2a: Excadrill|94/100|[from] Stealth Rock
|-item|p2a: Excadrill|Air Balloon
|move|p1a: Goodra|Surf|p2a: Excadrill
|-supereffective|p2a: Excadrill
|-damage|p2a: Excadrill|23/100
|-enditem|p2a: Excadrill|Air Balloon
|
|upkeep
|turn|20
|
|t:|1769320570
|move|p2a: Excadrill|Earthquake|p1a: Goodra
|-supereffective|p1a: Goodra
|-damage|p1a: Goodra|0 fnt
|faint|p1a: Goodra
|
|upkeep
|
|t:|1769320574
|switch|p1a: Blaziken|Blaziken, F|95/100
|turn|21
|j| Tb_cccc15
|
|t:|1769320581
|move|p1a: Blaziken|Tera Blast|p2a: Excadrill
|-resisted|p2a: Excadrill
|-damage|p2a: Excadrill|0 fnt
|faint|p2a: Excadrill
|
|upkeep
|
|t:|1769320582
|switch|p2a: Hydrapple|Hydrapple, M|58/100
|turn|22
|
|t:|1769320587
|switch|p1a: Mesprit|Mesprit, tera:Steel|86/100 brn
|move|p2a: Hydrapple|Giga Drain|p1a: Mesprit
|-resisted|p1a: Mesprit
|-damage|p1a: Mesprit|72/100 brn
|-heal|p2a: Hydrapple|64/100|[from] drain|[of] p1a: Mesprit
|
|-damage|p1a: Mesprit|66/100 brn|[from] brn
|upkeep
|turn|23
|
|t:|1769320589
|switch|p2a: Tyranitar|Tyranitar, F|75/100
|-damage|p2a: Tyranitar|63/100|[from] Stealth Rock
|-weather|Sandstorm|[from] ability: Sand Stream|[of] p2a: Tyranitar
|move|p1a: Mesprit|Ice Beam|p2a: Tyranitar
|-damage|p2a: Tyranitar|54/100
|
|-weather|Sandstorm|[upkeep]
|-damage|p1a: Mesprit|60/100 brn|[from] brn
|upkeep
|turn|24
|
|t:|1769320592
|move|p1a: Mesprit|U-turn|p2a: Tyranitar
|-supereffective|p2a: Tyranitar
|-crit|p2a: Tyranitar
|-damage|p2a: Tyranitar|36/100
|
|t:|1769320595
|switch|p1a: Alomomola|Alomomola, F|66/100|[from] U-turn
|move|p2a: Tyranitar|Knock Off|p1a: Alomomola
|-damage|p1a: Alomomola|35/100
|-enditem|p1a: Alomomola|Heavy-Duty Boots|[from] move: Knock Off|[of] p2a: Tyranitar
|
|-weather|Sandstorm|[upkeep]
|-damage|p1a: Alomomola|29/100|[from] Sandstorm
|upkeep
|turn|25
|
|t:|1769320600
|move|p1a: Alomomola|Flip Turn|p2a: Tyranitar
|-supereffective|p2a: Tyranitar
|-damage|p2a: Tyranitar|9/100
|
|t:|1769320602
|switch|p1a: Blaziken|Blaziken, F|95/100|[from] Flip Turn
|move|p2a: Tyranitar|Knock Off|p1a: Blaziken
|-resisted|p1a: Blaziken
|-damage|p1a: Blaziken|64/100
|-enditem|p1a: Blaziken|Heavy-Duty Boots|[from] move: Knock Off|[of] p2a: Tyranitar
|
|-weather|Sandstorm|[upkeep]
|-damage|p1a: Blaziken|58/100|[from] Sandstorm
|upkeep
|turn|26
|
|t:|1769320605
|switch|p2a: Moltres|Moltres|98/100
|move|p1a: Blaziken|U-turn|p2a: Moltres
|-resisted|p2a: Moltres
|-damage|p2a: Moltres|94/100
|
|t:|1769320609
|switch|p1a: Alomomola|Alomomola, F|62/100|[from] U-turn
|-damage|p1a: Alomomola|50/100|[from] Stealth Rock
|
|-weather|Sandstorm|[upkeep]
|-damage|p2a: Moltres|88/100|[from] Sandstorm
|-damage|p1a: Alomomola|43/100|[from] Sandstorm
|upkeep
|turn|27
|
|t:|1769320612
|move|p2a: Moltres|U-turn|p1a: Alomomola
|-damage|p1a: Alomomola|32/100
|
|t:|1769320615
|switch|p2a: Hydrapple|Hydrapple, M|97/100|[from] U-turn
|move|p1a: Alomomola|Wish|p1a: Alomomola
|
|-weather|Sandstorm|[upkeep]
|-damage|p1a: Alomomola|26/100|[from] Sandstorm
|-damage|p2a: Hydrapple|91/100|[from] Sandstorm
|upkeep
|turn|28
|j| we love marioparty
|
|t:|1769320619
|move|p1a: Alomomola|Flip Turn|p2a: Hydrapple
|-resisted|p2a: Hydrapple
|-damage|p2a: Hydrapple|89/100
|
|t:|1769320620
|switch|p1a: Mesprit|Mesprit, tera:Steel|60/100 brn|[from] Flip Turn
|move|p2a: Hydrapple|Nasty Plot|p2a: Hydrapple
|-boost|p2a: Hydrapple|spa|2
|
|-weather|Sandstorm|[upkeep]
|-damage|p2a: Hydrapple|83/100|[from] Sandstorm
|-heal|p1a: Mesprit|100/100 brn|[from] move: Wish|[wisher] Alomomola
|-damage|p1a: Mesprit|94/100 brn|[from] brn
|upkeep
|turn|29
|
|t:|1769320624
|switch|p2a: Moltres|Moltres|88/100
|move|p1a: Mesprit|Psychic Noise|p2a: Moltres
|-damage|p2a: Moltres|59/100
|-start|p2a: Moltres|move: Heal Block
|
|-weather|Sandstorm|[upkeep]
|-damage|p2a: Moltres|53/100|[from] Sandstorm
|-damage|p1a: Mesprit|88/100 brn|[from] brn
|upkeep
|turn|30
|
|t:|1769320632
|move|p2a: Moltres|Flamethrower|p1a: Mesprit
|-supereffective|p1a: Mesprit
|-damage|p1a: Mesprit|27/100 brn
|move|p1a: Mesprit|Psychic Noise|p2a: Moltres
|-damage|p2a: Moltres|23/100
|
|-weather|none
|-damage|p1a: Mesprit|21/100 brn|[from] brn
|-end|p2a: Moltres|move: Heal Block
|upkeep
|turn|31
|
|t:|1769320635
|move|p2a: Moltres|Roost|p2a: Moltres
|-heal|p2a: Moltres|73/100
|-singleturn|p2a: Moltres|move: Roost
|move|p1a: Mesprit|Psychic Noise|p2a: Moltres
|-damage|p2a: Moltres|45/100
|-start|p2a: Moltres|move: Heal Block
|
|-damage|p1a: Mesprit|15/100 brn|[from] brn
|upkeep
|turn|32
|
|t:|1769320637
|switch|p1a: Alomomola|Alomomola, F|59/100
|-damage|p1a: Alomomola|47/100|[from] Stealth Rock
|move|p2a: Moltres|Flamethrower|p1a: Alomomola
|-resisted|p1a: Alomomola
|-damage|p1a: Alomomola|34/100
|
|-end|p2a: Moltres|move: Heal Block
|upkeep
|turn|33
|
|t:|1769320640
|move|p2a: Moltres|Roost|p2a: Moltres
|-heal|p2a: Moltres|95/100
|-singleturn|p2a: Moltres|move: Roost
|move|p1a: Alomomola|Flip Turn|p2a: Moltres
|-supereffective|p2a: Moltres
|-damage|p2a: Moltres|72/100
|-status|p1a: Alomomola|brn|[from] ability: Flame Body|[of] p2a: Moltres
|
|t:|1769320643
|switch|p1a: Blaziken|Blaziken, F|95/100|[from] Flip Turn
|
|upkeep
|turn|34
|
|t:|1769320645
|move|p1a: Blaziken|Tera Blast|p2a: Moltres
|-damage|p2a: Moltres|29/100
|move|p2a: Moltres|Roost|p2a: Moltres
|-heal|p2a: Moltres|80/100
|-singleturn|p2a: Moltres|move: Roost
|
|upkeep
|turn|35
|
|t:|1769320649
|move|p1a: Blaziken|Tera Blast|p2a: Moltres
|-damage|p2a: Moltres|42/100
|move|p2a: Moltres|U-turn|p1a: Blaziken
|-resisted|p1a: Blaziken
|-damage|p1a: Blaziken|79/100
|replace|p1a: Zoroark|Zoroark-Hisui, M
|-end|p1a: Zoroark|Illusion
|
|t:|1769320650
|switch|p2a: Hydrapple|Hydrapple, M|100/100|[from] U-turn
|
|upkeep
|turn|36
|
|t:|1769320655
|switch|p1a: Alomomola|Alomomola, F|68/100 brn
|-damage|p1a: Alomomola|55/100 brn|[from] Stealth Rock
|move|p2a: Hydrapple|Giga Drain|p1a: Alomomola
|-supereffective|p1a: Alomomola
|-damage|p1a: Alomomola|10/100 brn
|
|-damage|p1a: Alomomola|4/100 brn|[from] brn
|upkeep
|turn|37
|
|t:|1769320658
|move|p1a: Alomomola|Wish|p1a: Alomomola
|move|p2a: Hydrapple|Nasty Plot|p2a: Hydrapple
|-boost|p2a: Hydrapple|spa|2
|
|-damage|p1a: Alomomola|0 fnt|[from] brn
|faint|p1a: Alomomola
|upkeep
|
|t:|1769320663
|switch|p1a: Mesprit|Mesprit, tera:Steel|15/100 brn
|turn|38
|
|t:|1769320676
|move|p1a: Mesprit|Ice Beam|p2a: Hydrapple
|-supereffective|p2a: Hydrapple
|-damage|p2a: Hydrapple|17/100
|-status|p2a: Hydrapple|frz
|cant|p2a: Hydrapple|frz
|
|-heal|p1a: Mesprit|88/100 brn|[from] move: Wish|[wisher] Alomomola
|-damage|p1a: Mesprit|82/100 brn|[from] brn
|upkeep
|turn|39
|
|t:|1769320680
|move|p1a: Mesprit|Psychic Noise|p2a: Hydrapple
|-damage|p2a: Hydrapple|0 fnt
|faint|p2a: Hydrapple
|
|-damage|p1a: Mesprit|76/100 brn|[from] brn
|upkeep
|
|t:|1769320682
|switch|p2a: Moltres|Moltres|42/100
|turn|40
|
|t:|1769320684
|move|p2a: Moltres|Roost|p2a: Moltres
|-heal|p2a: Moltres|92/100
|-singleturn|p2a: Moltres|move: Roost
|move|p1a: Mesprit|Psychic Noise|p2a: Moltres
|-damage|p2a: Moltres|65/100
|-start|p2a: Moltres|move: Heal Block
|
|-damage|p1a: Mesprit|70/100 brn|[from] brn
|upkeep
|turn|41
|
|t:|1769320696
|move|p2a: Moltres|U-turn|p1a: Mesprit
|-resisted|p1a: Mesprit
|-damage|p1a: Mesprit|65/100 brn
|
|t:|1769320698
|switch|p2a: Tyranitar|Tyranitar, F|9/100|[from] U-turn
|-damage|p2a: Tyranitar|0 fnt|[from] Stealth Rock
|faint|p2a: Tyranitar
|move|p1a: Mesprit|Psychic Noise|p2: Tyranitar|[notarget]
|-fail|p1a: Mesprit
|
|-damage|p1a: Mesprit|59/100 brn|[from] brn
|upkeep
|
|t:|1769320699
|switch|p2a: Slowking|Slowking-Galar, F|43/100
|-damage|p2a: Slowking|31/100|[from] Stealth Rock
|turn|42
|
|t:|1769320703
|move|p1a: Mesprit|Psychic Noise|p2a: Slowking
|-damage|p2a: Slowking|9/100
|-start|p2a: Slowking|move: Heal Block
|move|p2a: Slowking|Flamethrower|p1a: Mesprit
|-supereffective|p1a: Mesprit
|-damage|p1a: Mesprit|17/100 brn
|
|-damage|p1a: Mesprit|11/100 brn|[from] brn
|upkeep
|turn|43
|
|t:|1769320709
|switch|p2a: Moltres|Moltres|65/100
|move|p1a: Mesprit|Psychic Noise|p2a: Moltres
|-damage|p2a: Moltres|35/100
|-start|p2a: Moltres|move: Heal Block
|
|-damage|p1a: Mesprit|5/100 brn|[from] brn
|upkeep
|turn|44
|
|t:|1769320711
|move|p1a: Mesprit|Psychic Noise|p2a: Moltres
|-crit|p2a: Moltres
|-damage|p2a: Moltres|0 fnt
|faint|p2a: Moltres
|
|-damage|p1a: Mesprit|0 fnt|[from] brn
|faint|p1a: Mesprit
|upkeep
|
|t:|1769320716
|switch|p2a: Slowking|Slowking-Galar, F|42/100
|switch|p1a: Blaziken|Blaziken, F|58/100
|-damage|p1a: Blaziken|46/100|[from] Stealth Rock
|-damage|p2a: Slowking|30/100|[from] Stealth Rock
|turn|45
|
|t:|1769320718
|move|p1a: Blaziken|Earthquake|p2a: Slowking
|-supereffective|p2a: Slowking
|-damage|p2a: Slowking|0 fnt
|faint|p2a: Slowking
|
|win|spunder_policy
|raw|spunder_policy's rating: 1813 &rarr; <strong>1823</strong><br />(+10 for winning)
|raw|CambridgeFoulPlay's rating: 1628 &rarr; <strong>1618</strong><br />(-10 for losing)
|c|☆CambridgeFoulPlay|gg
|l|☆CambridgeFoulPlay
|player|p2|
