|j|☆Chigusa_24zono
|j|☆praveenkumart236
|t:|1769337010
|gametype|singles
|player|p1|Chigusa_24zono|lass|1592
|player|p2|praveenkumart236|101|1665
|gen|9
|tier|[Gen 9] OU
|rated|
|rule|HP Percentage Mod: HP is shown in percentages
|rule|Endless Battle Clause: Forcing endless battles is banned
|rule|Species Clause: Limit one of each Pokémon
|rule|OHKO Clause: OHKO moves are banned
|rule|Evasion Items Clause: Evasion items are banned
|rule|Evasion Moves Clause: Evasion moves are banned
|rule|Evasion Abilities Clause: Evasion abilities are banned
|rule|Sleep Moves Clause: Sleep-inducing moves are banned
|clearpoke
|poke|p1|Iron Jugulis|
|poke|p1|Sandy Shocks|
|poke|p1|Manaphy|
|poke|p1|Latios, M|
|poke|p1|Scizor, F|
|poke|p1|Ogerpon, F|
|poke|p2|Farigiraf, M|
|poke|p2|Kingambit, F|
|poke|p2|Raging Bolt|
|poke|p2|Pecharunt|
|poke|p2|Great Tusk|
|poke|p2|Grimmsnarl, M|
|teampreview
|inactive|Battle timer is ON: inactive players will automatically lose when time's up. (requested by praveenkumart236)
|
|t:|1769337017
|teamsize|p1|6
|teamsize|p2|6
|start
|switch|p1a: Sandy Shocks|Sandy Shocks, shiny|100/100
|switch|p2a: Grimmsnarl|Grimmsnarl, M|100/100
|-enditem|p1a: Sandy Shocks|Booster Energy
|-activate|p1a: Sandy Shocks|ability: Protosynthesis|[fromitem]
|-start|p1a: Sandy Shocks|protosynthesisspe
|turn|1
|
|t:|1769337021
|move|p2a: Grimmsnarl|Light Screen|p2a: Grimmsnarl
|-sidestart|p2: praveenkumart236|move: Light Screen
|move|p1a: Sandy Shocks|Stealth Rock|p2a: Grimmsnarl
|-sidestart|p2: praveenkumart236|move: Stealth Rock
|
|upkeep
|turn|2
|
|t:|1769337027
|move|p2a: Grimmsnarl|Reflect|p2a: Grimmsnarl
|-sidestart|p2: praveenkumart236|Reflect
|move|p1a: Sandy Shocks|Spikes|p2a: Grimmsnarl
|-sidestart|p2: praveenkumart236|Spikes
|
|upkeep
|turn|3
|
|t:|1769337030
|-end|p1a: Sandy Shocks|Protosynthesis|[silent]
|switch|p1a: Iron Jugulis|Iron Jugulis, shiny|100/100
|-enditem|p1a: Iron Jugulis|Booster Energy
|-activate|p1a: Iron Jugulis|ability: Quark Drive|[fromitem]
|-start|p1a: Iron Jugulis|quarkdrivespe
|move|p2a: Grimmsnarl|Parting Shot|p1a: Iron Jugulis
|-hint|Since gen 7, Dark is immune to Prankster moves.
|-immune|p1a: Iron Jugulis
|
|upkeep
|turn|4
|
|t:|1769337044
|move|p1a: Iron Jugulis|Earth Power|p2a: Grimmsnarl
|-damage|p2a: Grimmsnarl|88/100
|move|p2a: Grimmsnarl|Spirit Break|p1a: Iron Jugulis
|-supereffective|p1a: Iron Jugulis
|-damage|p1a: Iron Jugulis|34/100
|-unboost|p1a: Iron Jugulis|spa|1
|
|upkeep
|turn|5
|
|t:|1769337052
|move|p1a: Iron Jugulis|Earth Power|p2a: Grimmsnarl
|-crit|p2a: Grimmsnarl
|-damage|p2a: Grimmsnarl|57/100
|move|p2a: Grimmsnarl|Spirit Break|p1a: Iron Jugulis
|-supereffective|p1a: Iron Jugulis
|-damage|p1a: Iron Jugulis|0 fnt
|faint|p1a: Iron Jugulis
|-end|p1a: Iron Jugulis|Quark Drive|[silent]
|
|upkeep
|
|t:|1769337060
|switch|p1a: Sandy Shocks|Sandy Shocks, shiny|100/100
|turn|6
|
|t:|1769337072
|switch|p2a: Pecharunt|Pecharunt|100/100
|-damage|p2a: Pecharunt|88/100|[from] Stealth Rock
|-item|p2a: Pecharunt|Air Balloon
|move|p1a: Sandy Shocks|Spikes|p2a: Pecharunt
|-sidestart|p2: praveenkumart236|Spikes
|
|upkeep
|turn|7
|
|t:|1769337079
|move|p1a: Sandy Shocks|Discharge|p2a: Pecharunt
|-damage|p2a: Pecharunt|68/100
|-status|p2a: Pecharunt|par
|-enditem|p2a: Pecharunt|Air Balloon
|move|p2a: Pecharunt|Nasty Plot|p2a: Pecharunt
|-boost|p2a: Pecharunt|spa|2
|
|upkeep
|turn|8
|
|t:|1769337089
|move|p1a: Sandy Shocks|Earth Power|p2a: Pecharunt
|-supereffective|p2a: Pecharunt
|-damage|p2a: Pecharunt|23/100 par
|cant|p2a: Pecharunt|par
|
|-sideend|p2: praveenkumart236|move: Light Screen
|upkeep
|turn|9
|
|t:|1769337095
|move|p1a: Sandy Shocks|Earth Power|p2a: Pecharunt
|-supereffective|p2a: Pecharunt
|-damage|p2a: Pecharunt|0 fnt
|faint|p2a: Pecharunt
|
|-sideend|p2: praveenkumart236|Reflect
|upkeep
|
|t:|1769337099
|switch|p2a: Great Tusk|Great Tusk|100/100
|-damage|p2a: Great Tusk|97/100|[from] Stealth Rock
|-damage|p2a: Great Tusk|81/100|[from] Spikes
|-enditem|p2a: Great Tusk|Booster Energy
|-activate|p2a: Great Tusk|ability: Protosynthesis|[fromitem]
|-start|p2a: Great Tusk|protosynthesisspe
|turn|10
|
|t:|1769337106
|-terastallize|p1a: Sandy Shocks|Ghost
|move|p2a: Great Tusk|Rapid Spin|p1a: Sandy Shocks
|-immune|p1a: Sandy Shocks
|move|p1a: Sandy Shocks|Earth Power|p2a: Great Tusk
|-damage|p2a: Great Tusk|22/100
|
|upkeep
|turn|11
|
|t:|1769337111
|move|p2a: Great Tusk|Headlong Rush|p1a: Sandy Shocks
|-damage|p1a: Sandy Shocks|45/100
|-unboost|p2a: Great Tusk|def|1
|-unboost|p2a: Great Tusk|spd|1
|move|p1a: Sandy Shocks|Earth Power|p2a: Great Tusk
|-damage|p2a: Great Tusk|0 fnt
|faint|p2a: Great Tusk
|-end|p2a: Great Tusk|Protosynthesis|[silent]
|
|upkeep
|
|t:|1769337119
|switch|p2a: Grimmsnarl|Grimmsnarl, M|57/100
|-damage|p2a: Grimmsnarl|45/100|[from] Stealth Rock
|-damage|p2a: Grimmsnarl|28/100|[from] Spikes
|turn|12
|
|t:|1769337123
|move|p2a: Grimmsnarl|Light Screen|p2a: Grimmsnarl
|-sidestart|p2: praveenkumart236|move: Light Screen
|move|p1a: Sandy Shocks|Discharge|p2a: Grimmsnarl
|-damage|p2a: Grimmsnarl|15/100
|-status|p2a: Grimmsnarl|par
|
|upkeep
|turn|13
|
|t:|1769337146
|move|p2a: Grimmsnarl|Parting Shot|p1a: Sandy Shocks
|-unboost|p1a: Sandy Shocks|atk|1
|-unboost|p1a: Sandy Shocks|spa|1
|
|t:|1769337151
|switch|p2a: Farigiraf|Farigiraf, M|100/100|[from] Parting Shot
|-damage|p2a: Farigiraf|88/100|[from] Stealth Rock
|-damage|p2a: Farigiraf|71/100|[from] Spikes
|move|p1a: Sandy Shocks|Spikes|p2a: Farigiraf
|-sidestart|p2: praveenkumart236|Spikes
|
|-heal|p2a: Farigiraf|78/100|[from] item: Leftovers
|upkeep
|turn|14
|j| 12723 Dong
|
|t:|1769337159
|-end|p1a: Sandy Shocks|Protosynthesis|[silent]
|switch|p1a: Ogerpon|Ogerpon, F|100/100
|move|p2a: Farigiraf|Nasty Plot|p2a: Farigiraf
|-boost|p2a: Farigiraf|spa|2
|
|-heal|p2a: Farigiraf|84/100|[from] item: Leftovers
|upkeep
|turn|15
|
|t:|1769337170
|move|p1a: Ogerpon|Encore|p2a: Farigiraf
|-start|p2a: Farigiraf|Encore
|move|p2a: Farigiraf|Nasty Plot|p2a: Farigiraf
|-boost|p2a: Farigiraf|spa|2
|
|-heal|p2a: Farigiraf|90/100|[from] item: Leftovers
|upkeep
|turn|16
|
|t:|1769337180
|switch|p2a: Grimmsnarl|Grimmsnarl, M|15/100 par
|-damage|p2a: Grimmsnarl|2/100 par|[from] Stealth Rock
|-damage|p2a: Grimmsnarl|0 fnt|[from] Spikes
|faint|p2a: Grimmsnarl
|move|p1a: Ogerpon|Swords Dance|p1a: Ogerpon
|-boost|p1a: Ogerpon|atk|2
|
|upkeep
|inactive|praveenkumart236 has 120 seconds left.
|inactive|praveenkumart236 has 90 seconds left.
|
|t:|1769337235
|switch|p2a: Farigiraf|Farigiraf, M|90/100
|-damage|p2a: Farigiraf|78/100|[from] Stealth Rock
|-damage|p2a: Farigiraf|53/100|[from] Spikes
|turn|17
|
|t:|1769337240
|move|p1a: Ogerpon|Ivy Cudgel|p2a: Farigiraf
|-damage|p2a: Farigiraf|0 fnt
|faint|p2a: Farigiraf
|-damage|p1a: Ogerpon|91/100|[from] item: Life Orb
|
|upkeep
|
|t:|1769337245
|switch|p2a: Raging Bolt|Raging Bolt|100/100
|-damage|p2a: Raging Bolt|88/100|[from] Stealth Rock
|-damage|p2a: Raging Bolt|63/100|[from] Spikes
|-enditem|p2a: Raging Bolt|Booster Energy
|-activate|p2a: Raging Bolt|ability: Protosynthesis|[fromitem]
|-start|p2a: Raging Bolt|protosynthesisspa
|turn|18
|
|t:|1769337254
|move|p1a: Ogerpon|Ivy Cudgel|p2a: Raging Bolt
|-resisted|p2a: Raging Bolt
|-damage|p2a: Raging Bolt|12/100
|-damage|p1a: Ogerpon|81/100|[from] item: Life Orb
|move|p2a: Raging Bolt|Dragon Pulse|p1a: Ogerpon
|-damage|p1a: Ogerpon|8/100
|
|upkeep
|turn|19
|
|t:|1769337269
|move|p1a: Ogerpon|Ivy Cudgel|p2a: Raging Bolt
|-resisted|p2a: Raging Bolt
|-damage|p2a: Raging Bolt|0 fnt
|faint|p2a: Raging Bolt
|-end|p2a: Raging Bolt|Protosynthesis|[silent]
|-damage|p1a: Ogerpon|0 fnt|[from] item: Life Orb
|faint|p1a: Ogerpon
|
|-sideend|p2: praveenkumart236|move: Light Screen
|upkeep
|
|t:|1769337275
|switch|p1a: Latios|Latios, M, shiny|100/100
|switch|p2a: Kingambit|Kingambit, F|100/100
|-damage|p2a: Kingambit|94/100|[from] Stealth Rock
|-damage|p2a: Kingambit|69/100|[from] Spikes
|-activate|p2a: Kingambit|ability: Supreme Overlord
|-start|p2a: Kingambit|fallen5|[silent]
|turn|20
|
|t:|1769337292
|move|p1a: Latios|Aura Sphere|p2a: Kingambit
|-supereffective|p2a: Kingambit
|-damage|p2a: Kingambit|0 fnt
|faint|p2a: Kingambit
|-end|p2a: Kingambit|fallen5|[silent]
|
|win|Chigusa_24zono
|raw|Chigusa_24zono's rating: 1592 &rarr; <strong>1616</strong><br />(+24 for winning)
|raw|praveenkumart236's rating: 1665 &rarr; <strong>1641</strong><br />(-24 for losing)
|l|☆praveenkumart236
|player|p2|
|l|☆Chigusa_24zono
|player|p1|
|l| 12723 Dong
