|j|☆unstickyicki
|j|☆Vandenta
|t:|1769366186
|gametype|singles
|player|p1|unstickyicki|lady-gen4|1272
|player|p2|Vandenta|ghetsis-gen5bw|1307
|gen|9
|tier|[Gen 9] OU
|rated|
|rule|HP Percentage Mod: HP is shown in percentages
|rule|Endless Battle Clause: Forcing endless battles is banned
|rule|Species Clause: Limit one of each Pokémon
|rule|OHKO Clause: OHKO moves are banned
|rule|Evasion Items Clause: Evasion items are banned
|rule|Evasion Moves Clause: Evasion moves are banned
|rule|Evasion Abilities Clause: Evasion abilities are banned
|rule|Sleep Moves Clause: Sleep-inducing moves are banned
|clearpoke
|poke|p1|Primarina, F|
|poke|p1|Great Tusk|
|poke|p1|Kingambit, M|
|poke|p1|Slowking-Galar, M|
|poke|p1|Ogerpon, F|
|poke|p1|Enamorus, F|
|poke|p2|Dragonite, F|
|poke|p2|Beartic, M|
|poke|p2|Slowking, F|
|poke|p2|Salazzle, F|
|poke|p2|Hydreigon, F|
|poke|p2|Corviknight, M|
|teampreview
|inactive|Battle timer is ON: inactive players will automatically lose when time's up. (requested by Vandenta)
|c|☆unstickyicki|glhf
|
|t:|1769366201
|teamsize|p1|6
|teamsize|p2|6
|start
|switch|p1a: Kingambit|Kingambit, M, shiny|100/100
|switch|p2a: Slowking|Slowking, F|100/100
|turn|1
|
|t:|1769366223
|switch|p2a: Salazzle|Salazzle, F|100/100
|move|p1a: Kingambit|Kowtow Cleave|p2a: Salazzle
|-damage|p2a: Salazzle|27/100
|
|upkeep
|turn|2
|
|t:|1769366229
|-end|p1a: Kingambit|fallenundefined|[silent]
|switch|p1a: Annette|Primarina, F, shiny|100/100
|move|p2a: Salazzle|Toxic|p1a: Annette
|-status|p1a: Annette|tox
|
|-damage|p1a: Annette|95/100 tox|[from] psn
|upkeep
|turn|3
|
|t:|1769366236
|move|p2a: Salazzle|Protect|p2a: Salazzle
|-singleturn|p2a: Salazzle|Protect
|move|p1a: Annette|Substitute|p1a: Annette
|-start|p1a: Annette|Substitute
|-damage|p1a: Annette|70/100 tox
|
|-heal|p1a: Annette|76/100 tox|[from] item: Leftovers
|-damage|p1a: Annette|64/100 tox|[from] psn
|upkeep
|turn|4
|
|t:|1769366243
|move|p2a: Salazzle|Encore|p1a: Annette
|-start|p1a: Annette|Encore
|move|p1a: Annette|Substitute|p1a: Annette
|-fail|p1a: Annette|move: Substitute
|
|-heal|p1a: Annette|70/100 tox|[from] item: Leftovers
|-damage|p1a: Annette|52/100 tox|[from] psn
|upkeep
|turn|5
|
|t:|1769366247
|switch|p1a: Cyrus|Slowking-Galar, M|100/100
|move|p2a: Salazzle|Toxic|p1a: Cyrus
|-status|p1a: Cyrus|tox
|
|-damage|p1a: Cyrus|94/100 tox|[from] psn
|upkeep
|turn|6
|
|t:|1769366251
|move|p2a: Salazzle|Protect|p2a: Salazzle
|-singleturn|p2a: Salazzle|Protect
|move|p1a: Cyrus|Psychic Noise|p2a: Salazzle
|-activate|p2a: Salazzle|move: Protect
|
|-damage|p1a: Cyrus|82/100 tox|[from] psn
|upkeep
|turn|7
|
|t:|1769366261
|switch|p2a: Hydreigon|Hydreigon, F, shiny|100/100
|move|p1a: Cyrus|Sludge Bomb|p2a: Hydreigon
|-damage|p2a: Hydreigon|62/100
|
|-damage|p1a: Cyrus|64/100 tox|[from] psn
|upkeep
|turn|8
|
|t:|1769366266
|switch|p1a: Annette|Primarina, F, shiny|52/100 tox
|move|p2a: Hydreigon|Dark Pulse|p1a: Annette
|-resisted|p1a: Annette
|-damage|p1a: Annette|31/100 tox
|
|-heal|p1a: Annette|37/100 tox|[from] item: Leftovers
|-damage|p1a: Annette|31/100 tox|[from] psn
|upkeep
|turn|9
|
|t:|1769366277
|switch|p2a: Slowking|Slowking, F|100/100
|move|p1a: Annette|Whirlpool|p2a: Slowking
|-resisted|p2a: Slowking
|-damage|p2a: Slowking|93/100
|-activate|p2a: Slowking|move: Whirlpool|[of] p1a: Annette
|
|-heal|p1a: Annette|37/100 tox|[from] item: Leftovers
|-damage|p1a: Annette|25/100 tox|[from] psn
|-damage|p2a: Slowking|81/100|[from] move: Whirlpool|[partiallytrapped]
|upkeep
|turn|10
|
|t:|1769366282
|move|p1a: Annette|Psychic Noise|p2a: Slowking
|-resisted|p2a: Slowking
|-damage|p2a: Slowking|64/100
|-start|p2a: Slowking|move: Heal Block
|-prepare|p2a: Slowking|Chilly Reception|[premajor]
|move|p2a: Slowking|Chilly Reception|p2a: Slowking
|-weather|Snowscape
|inactive|Vandenta has 120 seconds left.
|
|t:|1769366320
|switch|p2a: Beartic|Beartic, M|100/100|[from] Chilly Reception
|
|-weather|Snowscape|[upkeep]
|-heal|p1a: Annette|31/100 tox|[from] item: Leftovers
|-damage|p1a: Annette|13/100 tox|[from] psn
|upkeep
|turn|11
|
|t:|1769366325
|move|p2a: Beartic|Icicle Spear|p1a: Annette
|-resisted|p1a: Annette
|-damage|p1a: Annette|3/100 tox
|-resisted|p1a: Annette
|-damage|p1a: Annette|0 fnt
|faint|p1a: Annette
|-hitcount|p1: Annette|2
|
|-weather|Snowscape|[upkeep]
|upkeep
|
|t:|1769366340
|switch|p1a: Kingambit|Kingambit, M, shiny|100/100
|-activate|p1a: Kingambit|ability: Supreme Overlord
|-start|p1a: Kingambit|fallen1|[silent]
|turn|12
|
|t:|1769366355
|switch|p2a: Corviknight|Corviknight, M|100/100
|-ability|p2a: Corviknight|Pressure
|-end|p1a: Kingambit|fallen1|[silent]
|switch|p1a: Boa Hancock|Enamorus, F, shiny|100/100
|
|-weather|Snowscape|[upkeep]
|upkeep
|turn|13
|
|t:|1769366362
|move|p1a: Boa Hancock|Mystical Fire|p2a: Corviknight
|-supereffective|p2a: Corviknight
|-damage|p2a: Corviknight|57/100
|-unboost|p2a: Corviknight|spa|1
|move|p2a: Corviknight|U-turn|p1a: Boa Hancock
|-resisted|p1a: Boa Hancock
|-damage|p1a: Boa Hancock|94/100
|
|t:|1769366371
|switch|p2a: Beartic|Beartic, M|100/100|[from] U-turn
|
|-weather|Snowscape|[upkeep]
|upkeep
|turn|14
|
|t:|1769366383
|switch|p1a: Cyrus|Slowking-Galar, M|97/100 tox
|move|p2a: Beartic|Swords Dance|p2a: Beartic
|-boost|p2a: Beartic|atk|2
|
|-weather|Snowscape|[upkeep]
|-damage|p1a: Cyrus|91/100 tox|[from] psn
|upkeep
|turn|15
|
|t:|1769366393
|move|p2a: Beartic|Earthquake|p1a: Cyrus
|-supereffective|p1a: Cyrus
|-damage|p1a: Cyrus|0 fnt
|faint|p1a: Cyrus
|
|-weather|Snowscape|[upkeep]
|upkeep
|
|t:|1769366416
|switch|p1a: Kingambit|Kingambit, M, shiny|100/100
|-activate|p1a: Kingambit|ability: Supreme Overlord
|-start|p1a: Kingambit|fallen2|[silent]
|turn|16
|
|t:|1769366426
|-terastallize|p1a: Kingambit|Ghost
|move|p2a: Beartic|Earthquake|p1a: Kingambit
|-damage|p1a: Kingambit|50/100
|move|p1a: Kingambit|Iron Head|p2a: Beartic
|-supereffective|p2a: Beartic
|-damage|p2a: Beartic|13/100
|
|-weather|Snowscape|[upkeep]
|-heal|p1a: Kingambit|57/100|[from] item: Leftovers
|upkeep
|turn|17
|
|t:|1769366434
|switch|p2a: Salazzle|Salazzle, F|27/100
|move|p1a: Kingambit|Sucker Punch||[still]
|-fail|p1a: Kingambit
|
|-weather|none
|-heal|p1a: Kingambit|63/100|[from] item: Leftovers
|upkeep
|turn|18
|
|t:|1769366442
|-end|p1a: Kingambit|fallen2|[silent]
|switch|p1a: Boa Hancock|Enamorus, F, shiny|94/100
|move|p2a: Salazzle|Toxic|p1a: Boa Hancock
|-status|p1a: Boa Hancock|tox
|
|-damage|p1a: Boa Hancock|88/100 tox|[from] psn
|upkeep
|turn|19
|
|t:|1769366451
|move|p2a: Salazzle|Protect|p2a: Salazzle
|-singleturn|p2a: Salazzle|Protect
|move|p1a: Boa Hancock|Mystical Fire|p2a: Salazzle
|-activate|p2a: Salazzle|move: Protect
|
|-damage|p1a: Boa Hancock|76/100 tox|[from] psn
|upkeep
|turn|20
|
|t:|1769366461
|switch|p2a: Slowking|Slowking, F|98/100
|move|p1a: Boa Hancock|Mystical Fire|p2a: Slowking
|-resisted|p2a: Slowking
|-damage|p2a: Slowking|86/100
|-unboost|p2a: Slowking|spa|1
|
|-damage|p1a: Boa Hancock|57/100 tox|[from] psn
|upkeep
|turn|21
|
|t:|1769366465
|switch|p1a: Usagi|Ogerpon, F|100/100
|-prepare|p2a: Slowking|Chilly Reception|[premajor]
|move|p2a: Slowking|Chilly Reception|p2a: Slowking
|-weather|Snowscape
|
|t:|1769366468
|switch|p2a: Beartic|Beartic, M|13/100|[from] Chilly Reception
|
|-weather|Snowscape|[upkeep]
|upkeep
|turn|22
|
|t:|1769366475
|move|p2a: Beartic|Icicle Spear|p1a: Usagi
|-supereffective|p1a: Usagi
|-damage|p1a: Usagi|64/100
|-supereffective|p1a: Usagi
|-damage|p1a: Usagi|30/100
|-supereffective|p1a: Usagi
|-damage|p1a: Usagi|0 fnt
|faint|p1a: Usagi
|-hitcount|p1: Usagi|3
|
|-weather|Snowscape|[upkeep]
|upkeep
|
|t:|1769366479
|switch|p1a: Kingambit|Kingambit, M, shiny, tera:Ghost|63/100
|-activate|p1a: Kingambit|ability: Supreme Overlord
|-start|p1a: Kingambit|fallen3|[silent]
|turn|23
|
|t:|1769366490
|move|p2a: Beartic|Swords Dance|p2a: Beartic
|-boost|p2a: Beartic|atk|2
|move|p1a: Kingambit|Kowtow Cleave|p2a: Beartic
|-damage|p2a: Beartic|0 fnt
|faint|p2a: Beartic
|
|-weather|Snowscape|[upkeep]
|-heal|p1a: Kingambit|69/100|[from] item: Leftovers
|upkeep
|
|t:|1769366507
|switch|p2a: Hydreigon|Hydreigon, F, shiny|62/100
|turn|24
|
|t:|1769366514
|-end|p1a: Kingambit|fallen3|[silent]
|switch|p1a: Boa Hancock|Enamorus, F, shiny|57/100 tox
|move|p2a: Hydreigon|Dark Pulse|p1a: Boa Hancock
|-resisted|p1a: Boa Hancock
|-damage|p1a: Boa Hancock|25/100 tox
|
|-weather|Snowscape|[upkeep]
|-damage|p1a: Boa Hancock|19/100 tox|[from] psn
|upkeep
|turn|25
|
|t:|1769366535
|switch|p2a: Slowking|Slowking, F|100/100
|move|p1a: Boa Hancock|Healing Wish|p1a: Boa Hancock
|faint|p1a: Boa Hancock
|
|-weather|Snowscape|[upkeep]
|upkeep
|
|t:|1769366545
|switch|p1a: Kingambit|Kingambit, M, shiny, tera:Ghost|69/100
|-heal|p1a: Kingambit|100/100|[from] move: Healing Wish
|-activate|p1a: Kingambit|ability: Supreme Overlord
|-start|p1a: Kingambit|fallen4|[silent]
|turn|26
|
|t:|1769366548
|move|p1a: Kingambit|Swords Dance|p1a: Kingambit
|-boost|p1a: Kingambit|atk|2
|move|p2a: Slowking|Thunder Wave|p1a: Kingambit
|-status|p1a: Kingambit|par
|
|-weather|Snowscape|[upkeep]
|upkeep
|turn|27
|
|t:|1769366555
|-prepare|p2a: Slowking|Chilly Reception|[premajor]
|move|p2a: Slowking|Chilly Reception|p2a: Slowking
|
|t:|1769366562
|switch|p2a: Corviknight|Corviknight, M|57/100|[from] Chilly Reception
|-ability|p2a: Corviknight|Pressure
|move|p1a: Kingambit|Kowtow Cleave|p2a: Corviknight
|-damage|p2a: Corviknight|0 fnt
|-damage|p1a: Kingambit|84/100 par|[from] item: Rocky Helmet|[of] p2a: Corviknight
|faint|p2a: Corviknight
|
|-weather|Snowscape|[upkeep]
|-heal|p1a: Kingambit|90/100 par|[from] item: Leftovers
|upkeep
|
|t:|1769366570
|switch|p2a: Hydreigon|Hydreigon, F, shiny|62/100
|turn|28
|
|t:|1769366573
|cant|p1a: Kingambit|par
|move|p2a: Hydreigon|Dark Pulse|p1a: Kingambit
|-supereffective|p1a: Kingambit
|-damage|p1a: Kingambit|5/100 par
|
|-weather|none
|-heal|p1a: Kingambit|11/100 par|[from] item: Leftovers
|upkeep
|turn|29
|
|t:|1769366581
|move|p2a: Hydreigon|Dark Pulse|p1a: Kingambit
|-supereffective|p1a: Kingambit
|-damage|p1a: Kingambit|0 fnt
|faint|p1a: Kingambit
|-end|p1a: Kingambit|fallen4|[silent]
|
|upkeep
|
|t:|1769366582
|switch|p1a: Great Tusk|Great Tusk, shiny|100/100
|turn|30
|
|t:|1769366586
|switch|p2a: Slowking|Slowking, F|100/100
|move|p1a: Great Tusk|Ice Spinner|p2a: Slowking
|-resisted|p2a: Slowking
|-damage|p2a: Slowking|90/100
|
|upkeep
|turn|31
|
|t:|1769366592
|move|p1a: Great Tusk|Rapid Spin|p2a: Slowking
|-damage|p2a: Slowking|76/100
|-boost|p1a: Great Tusk|spe|1
|move|p2a: Slowking|Scald|p1a: Great Tusk
|-supereffective|p1a: Great Tusk
|-damage|p1a: Great Tusk|21/100
|-status|p1a: Great Tusk|brn
|
|-damage|p1a: Great Tusk|15/100 brn|[from] brn
|upkeep
|turn|32
|-message|unstickyicki forfeited.
|
|win|Vandenta
|raw|unstickyicki's rating: 1272 &rarr; <strong>1250</strong><br />(-22 for losing)
|raw|Vandenta's rating: 1307 &rarr; <strong>1325</strong><br />(+18 for winning)
|l|☆unstickyicki
|player|p1|
|l|☆Vandenta
|player|p2|
