|j|☆jessies boyfriend
|j|☆Ravaris
|t:|1769317535
|gametype|singles
|player|p1|jessies boyfriend|brock|1343
|player|p2|Ravaris|hilda-wonderlauncher|1286
|gen|9
|tier|[Gen 9] OU
|rated|
|rule|HP Percentage Mod: HP is shown in percentages
|rule|Endless Battle Clause: Forcing endless battles is banned
|rule|Species Clause: Limit one of each Pokémon
|rule|OHKO Clause: OHKO moves are banned
|rule|Evasion Items Clause: Evasion items are banned
|rule|Evasion Moves Clause: Evasion moves are banned
|rule|Evasion Abilities Clause: Evasion abilities are banned
|rule|Sleep Moves Clause: Sleep-inducing moves are banned
|clearpoke
|poke|p1|Rillaboom, F|
|poke|p1|Ninetales, F|
|poke|p1|Great Tusk|
|poke|p1|Typhlosion-Hisui, F|
|poke|p1|Ribombee, M|
|poke|p1|Keldeo-Resolute|
|poke|p2|Hydrapple, M|
|poke|p2|Tyranitar, F|
|poke|p2|Moltres|
|poke|p2|Zamazenta-*|
|poke|p2|Slowking-Galar, F|
|poke|p2|Excadrill, F|
|teampreview
|inactive|Battle timer is ON: inactive players will automatically lose when time's up. (requested by jessies boyfriend)
|
|t:|1769317552
|teamsize|p1|6
|teamsize|p2|6
|start
|switch|p1a: Rillaboom|Rillaboom, F|100/100
|switch|p2a: Tyranitar|Tyranitar, F|100/100
|-fieldstart|move: Grassy Terrain|[from] ability: Grassy Surge|[of] p1a: Rillaboom
|-weather|Sandstorm|[from] ability: Sand Stream|[of] p2a: Tyranitar
|turn|1
|
|t:|1769317566
|-terastallize|p2a: Tyranitar|Flying
|move|p1a: Rillaboom|Drain Punch|p2a: Tyranitar
|-resisted|p2a: Tyranitar
|-damage|p2a: Tyranitar|92/100
|move|p2a: Tyranitar|Ice Beam|p1a: Rillaboom
|-supereffective|p1a: Rillaboom
|-damage|p1a: Rillaboom|66/100
|
|-weather|Sandstorm|[upkeep]
|-damage|p1a: Rillaboom|60/100|[from] Sandstorm
|-damage|p2a: Tyranitar|86/100|[from] Sandstorm
|-heal|p1a: Rillaboom|66/100|[from] Grassy Terrain
|upkeep
|turn|2
|
|t:|1769317580
|move|p1a: Rillaboom|Leech Seed|p2a: Tyranitar
|-start|p2a: Tyranitar|move: Leech Seed
|move|p2a: Tyranitar|Knock Off|p1a: Rillaboom
|-damage|p1a: Rillaboom|26/100
|-enditem|p1a: Rillaboom|Terrain Extender|[from] move: Knock Off|[of] p2a: Tyranitar
|
|-weather|Sandstorm|[upkeep]
|-damage|p1a: Rillaboom|20/100|[from] Sandstorm
|-damage|p2a: Tyranitar|80/100|[from] Sandstorm
|-heal|p1a: Rillaboom|26/100|[from] Grassy Terrain
|-damage|p2a: Tyranitar|67/100|[from] Leech Seed|[of] p1a: Rillaboom
|-heal|p1a: Rillaboom|39/100|[silent]
|upkeep
|turn|3
|
|t:|1769317591
|switch|p2a: Slowking|Slowking-Galar, F|100/100
|move|p1a: Rillaboom|U-turn|p2a: Slowking
|-damage|p2a: Slowking|85/100
|
|t:|1769317607
|switch|p1a: Ribombee|Ribombee, M|100/100|[from] U-turn
|
|-weather|Sandstorm|[upkeep]
|-damage|p1a: Ribombee|94/100|[from] Sandstorm
|-damage|p2a: Slowking|79/100|[from] Sandstorm
|-heal|p1a: Ribombee|100/100|[from] Grassy Terrain
|-heal|p2a: Slowking|85/100|[from] Grassy Terrain
|upkeep
|turn|4
|
|t:|1769317622
|move|p1a: Ribombee|Sticky Web|p2a: Slowking
|-sidestart|p2: Ravaris|move: Sticky Web
|move|p2a: Slowking|Sludge Bomb|p1a: Ribombee
|-supereffective|p1a: Ribombee
|-enditem|p1a: Ribombee|Focus Sash
|-damage|p1a: Ribombee|1/100
|
|-weather|Sandstorm|[upkeep]
|-damage|p1a: Ribombee|0 fnt|[from] Sandstorm
|-damage|p2a: Slowking|79/100|[from] Sandstorm
|faint|p1a: Ribombee
|-heal|p2a: Slowking|85/100|[from] Grassy Terrain
|upkeep
|
|t:|1769317627
|switch|p1a: Ninetales|Ninetales, F, shiny|100/100
|-weather|SunnyDay|[from] ability: Drought|[of] p1a: Ninetales
|turn|5
|
|t:|1769317644
|move|p1a: Ninetales|Encore|p2a: Slowking
|-start|p2a: Slowking|Encore
|move|p2a: Slowking|Sludge Bomb|p1a: Ninetales
|-damage|p1a: Ninetales|59/100
|
|-weather|SunnyDay|[upkeep]
|-heal|p1a: Ninetales|65/100|[from] Grassy Terrain
|-heal|p2a: Slowking|92/100|[from] Grassy Terrain
|upkeep
|turn|6
|
|t:|1769317651
|switch|p1a: Great Tusk|Great Tusk|100/100
|-activate|p1a: Great Tusk|ability: Protosynthesis
|-start|p1a: Great Tusk|protosynthesisspe
|move|p2a: Slowking|Sludge Bomb|p1a: Great Tusk
|-resisted|p1a: Great Tusk
|-crit|p1a: Great Tusk
|-damage|p1a: Great Tusk|71/100
|
|-weather|SunnyDay|[upkeep]
|-heal|p1a: Great Tusk|77/100|[from] Grassy Terrain
|-heal|p1a: Great Tusk|84/100|[from] item: Leftovers
|-heal|p2a: Slowking|98/100|[from] Grassy Terrain
|upkeep
|turn|7
|
|t:|1769317673
|-end|p1a: Great Tusk|Protosynthesis|[silent]
|switch|p1a: Typhlosion|Typhlosion-Hisui, F|100/100
|switch|p2a: Tyranitar|Tyranitar, F, tera:Flying|67/100
|-weather|Sandstorm|[from] ability: Sand Stream|[of] p2a: Tyranitar
|
|-weather|Sandstorm|[upkeep]
|-damage|p1a: Typhlosion|95/100|[from] Sandstorm
|-damage|p2a: Tyranitar|61/100|[from] Sandstorm
|-heal|p1a: Typhlosion|100/100|[from] Grassy Terrain
|upkeep
|turn|8
|inactive|Ravaris has 120 seconds left.
|
|t:|1769317709
|switch|p2a: Moltres|Moltres|100/100
|move|p1a: Typhlosion|Eruption|p2a: Moltres
|-resisted|p2a: Moltres
|-damage|p2a: Moltres|66/100
|
|-weather|Sandstorm|[upkeep]
|-damage|p1a: Typhlosion|95/100|[from] Sandstorm
|-damage|p2a: Moltres|60/100|[from] Sandstorm
|-heal|p1a: Typhlosion|100/100|[from] Grassy Terrain
|-fieldend|move: Grassy Terrain
|upkeep
|turn|9
|
|t:|1769317727
|move|p1a: Typhlosion|Substitute|p1a: Typhlosion
|-start|p1a: Typhlosion|Substitute
|-damage|p1a: Typhlosion|76/100
|move|p2a: Moltres|U-turn|p1a: Typhlosion
|-resisted|p1a: Typhlosion
|-activate|p1a: Typhlosion|move: Substitute|[damage]
|l|☆jessies boyfriend
|inactive|jessies boyfriend disconnected and has a minute to reconnect!
|player|p1|
|inactive|Ravaris has 90 seconds left.
|
|t:|1769317745
|switch|p2a: Slowking|Slowking-Galar, F|100/100|[from] U-turn
|-activate|p2a: Slowking|move: Sticky Web
|-unboost|p2a: Slowking|spe|1
|
|-weather|Sandstorm|[upkeep]
|-damage|p1a: Typhlosion|70/100|[from] Sandstorm
|-damage|p2a: Slowking|94/100|[from] Sandstorm
|-heal|p1a: Typhlosion|76/100|[from] item: Leftovers
|upkeep
|turn|10
|inactive|Ravaris has 90 seconds left.
|j|☆jessies boyfriend
|inactive|jessies boyfriend reconnected and has 140 seconds left.
|player|p1|jessies boyfriend|brock|
|
|t:|1769317762
|move|p1a: Typhlosion|Calm Mind|p1a: Typhlosion
|-boost|p1a: Typhlosion|spa|1
|-boost|p1a: Typhlosion|spd|1
|move|p2a: Slowking|Psyshock|p1a: Typhlosion
|-end|p1a: Typhlosion|Substitute
|
|-weather|Sandstorm|[upkeep]
|-damage|p1a: Typhlosion|70/100|[from] Sandstorm
|-damage|p2a: Slowking|88/100|[from] Sandstorm
|-heal|p1a: Typhlosion|76/100|[from] item: Leftovers
|upkeep
|turn|11
|
|t:|1769317775
|-terastallize|p1a: Typhlosion|Fire
|move|p1a: Typhlosion|Eruption|p2a: Slowking
|-damage|p2a: Slowking|34/100
|move|p2a: Slowking|Psyshock|p1a: Typhlosion
|-damage|p1a: Typhlosion|28/100
|
|-weather|Sandstorm|[upkeep]
|-damage|p1a: Typhlosion|22/100|[from] Sandstorm
|-damage|p2a: Slowking|28/100|[from] Sandstorm
|-heal|p1a: Typhlosion|28/100|[from] item: Leftovers
|upkeep
|turn|12
|inactive|Ravaris has 90 seconds left.
|inactive|Ravaris has 60 seconds left.
|
|t:|1769317822
|switch|p2a: Moltres|Moltres|60/100
|move|p1a: Typhlosion|Infernal Parade|p2a: Moltres
|-damage|p2a: Moltres|11/100
|
|-weather|Sandstorm|[upkeep]
|-damage|p1a: Typhlosion|22/100|[from] Sandstorm
|-damage|p2a: Moltres|5/100|[from] Sandstorm
|-heal|p1a: Typhlosion|28/100|[from] item: Leftovers
|upkeep
|turn|13
|inactive|Ravaris has 60 seconds left.
|
|t:|1769317834
|move|p1a: Typhlosion|Infernal Parade|p2a: Moltres
|-damage|p2a: Moltres|0 fnt
|faint|p2a: Moltres
|
|-weather|Sandstorm|[upkeep]
|-damage|p1a: Typhlosion|22/100|[from] Sandstorm
|-heal|p1a: Typhlosion|28/100|[from] item: Leftovers
|upkeep
|inactive|Ravaris has 60 seconds left.
|
|t:|1769317844
|switch|p2a: Excadrill|Excadrill, F|100/100
|-item|p2a: Excadrill|Air Balloon
|turn|14
|inactive|Ravaris has 60 seconds left.
|
|t:|1769317856
|switch|p1a: Rillaboom|Rillaboom, F|39/100
|-fieldstart|move: Grassy Terrain|[from] ability: Grassy Surge|[of] p1a: Rillaboom
|move|p2a: Excadrill|Earthquake|p1a: Rillaboom
|-resisted|p1a: Rillaboom
|-damage|p1a: Rillaboom|27/100
|
|-weather|none
|-heal|p1a: Rillaboom|34/100|[from] Grassy Terrain
|upkeep
|turn|15
|inactive|Ravaris has 60 seconds left.
|
|t:|1769317867
|move|p2a: Excadrill|Iron Head|p1a: Rillaboom
|-damage|p1a: Rillaboom|0 fnt
|faint|p1a: Rillaboom
|
|upkeep
|
|t:|1769317876
|switch|p1a: Ninetales|Ninetales, F, shiny|65/100
|-weather|SunnyDay|[from] ability: Drought|[of] p1a: Ninetales
|turn|16
|inactive|Ravaris has 60 seconds left.
|
|t:|1769317895
|switch|p2a: Zamazenta|Zamazenta|100/100
|-activate|p2a: Zamazenta|move: Sticky Web
|-unboost|p2a: Zamazenta|spe|1
|-ability|p2a: Zamazenta|Dauntless Shield|boost
|-boost|p2a: Zamazenta|def|1
|move|p1a: Ninetales|Inferno|p2a: Zamazenta
|-damage|p2a: Zamazenta|45/100
|-status|p2a: Zamazenta|brn
|
|-weather|SunnyDay|[upkeep]
|-heal|p1a: Ninetales|71/100|[from] Grassy Terrain
|-heal|p2a: Zamazenta|51/100 brn|[from] Grassy Terrain
|-heal|p2a: Zamazenta|57/100 brn|[from] item: Leftovers
|-damage|p2a: Zamazenta|51/100 brn|[from] brn
|upkeep
|turn|17
|inactive|Ravaris has 60 seconds left.
|inactive|Ravaris has 30 seconds left.
|
|t:|1769317939
|switch|p1a: Great Tusk|Great Tusk|84/100
|-activate|p1a: Great Tusk|ability: Protosynthesis
|-start|p1a: Great Tusk|protosynthesisspe
|move|p2a: Zamazenta|Body Press|p1a: Great Tusk
|-damage|p1a: Great Tusk|62/100
|
|-weather|SunnyDay|[upkeep]
|-heal|p1a: Great Tusk|69/100|[from] Grassy Terrain
|-heal|p1a: Great Tusk|75/100|[from] item: Leftovers
|-heal|p2a: Zamazenta|57/100 brn|[from] Grassy Terrain
|-heal|p2a: Zamazenta|64/100 brn|[from] item: Leftovers
|-damage|p2a: Zamazenta|57/100 brn|[from] brn
|upkeep
|turn|18
|inactive|Ravaris has 30 seconds left.
|inactive|Ravaris has 20 seconds left.
|
|t:|1769317959
|switch|p2a: Tyranitar|Tyranitar, F, tera:Flying|61/100
|-weather|Sandstorm|[from] ability: Sand Stream|[of] p2a: Tyranitar
|-end|p1a: Great Tusk|Protosynthesis
|move|p1a: Great Tusk|Bulk Up|p1a: Great Tusk
|-boost|p1a: Great Tusk|atk|1
|-boost|p1a: Great Tusk|def|1
|
|-weather|Sandstorm|[upkeep]
|-damage|p2a: Tyranitar|55/100|[from] Sandstorm
|-heal|p1a: Great Tusk|81/100|[from] Grassy Terrain
|-heal|p1a: Great Tusk|87/100|[from] item: Leftovers
|-fieldend|move: Grassy Terrain
|upkeep
|turn|19
|inactive|Ravaris has 30 seconds left this turn.
|inactive|Ravaris has 20 seconds left.
|inactive|Ravaris has 15 seconds left.
|
|t:|1769317979
|move|p1a: Great Tusk|Ice Spinner|p2a: Tyranitar
|-supereffective|p2a: Tyranitar
|-damage|p2a: Tyranitar|5/100
|move|p2a: Tyranitar|Stealth Rock|p1a: Great Tusk
|-sidestart|p1: jessies boyfriend|move: Stealth Rock
|
|-weather|Sandstorm|[upkeep]
|-damage|p2a: Tyranitar|0 fnt|[from] Sandstorm
|faint|p2a: Tyranitar
|-heal|p1a: Great Tusk|93/100|[from] item: Leftovers
|upkeep
|inactive|Ravaris has 20 seconds left this turn.
|inactive|Ravaris has 15 seconds left.
|inactive|Ravaris has 10 seconds left.
|inactive|Ravaris has 5 seconds left.
|
|t:|1769317999
|switch|p2a: Hydrapple|Hydrapple, M|100/100
|turn|20
|inactive|Ravaris has 15 seconds left this turn.
|inactive|Ravaris has 10 seconds left.
|
|t:|1769318007
|move|p1a: Great Tusk|Ice Spinner|p2a: Hydrapple
|-supereffective|p2a: Hydrapple
|-crit|p2a: Hydrapple
|-damage|p2a: Hydrapple|0 fnt
|faint|p2a: Hydrapple
|
|-weather|Sandstorm|[upkeep]
|-heal|p1a: Great Tusk|99/100|[from] item: Leftovers
|upkeep
|inactive|Ravaris has 15 seconds left this turn.
|inactive|Ravaris has 10 seconds left.
|-message|Ravaris forfeited.
|
|win|jessies boyfriend
|raw|jessies boyfriend's rating: 1343 &rarr; <strong>1360</strong><br />(+17 for winning)
|raw|Ravaris's rating: 1286 &rarr; <strong>1265</strong><br />(-21 for losing)
|l|☆Ravaris
|player|p2|
|l|☆jessies boyfriend
|player|p1|
