|j|☆kukuchen
|j|☆kimmmmmmm66
|t:|1769341954
|gametype|singles
|player|p1|kukuchen|2|1382
|player|p2|kimmmmmmm66|265|1400
|gen|9
|tier|[Gen 9] OU
|rated|
|rule|HP Percentage Mod: HP is shown in percentages
|rule|Endless Battle Clause: Forcing endless battles is banned
|rule|Species Clause: Limit one of each Pokémon
|rule|OHKO Clause: OHKO moves are banned
|rule|Evasion Items Clause: Evasion items are banned
|rule|Evasion Moves Clause: Evasion moves are banned
|rule|Evasion Abilities Clause: Evasion abilities are banned
|rule|Sleep Moves Clause: Sleep-inducing moves are banned
|clearpoke
|poke|p1|Dragapult, F|
|poke|p1|Clefable, F|
|poke|p1|Ting-Lu|
|poke|p1|Corviknight, F|
|poke|p1|Slowking-Galar, M|
|poke|p1|Great Tusk|
|poke|p2|Dragapult, M|
|poke|p2|Lokix, M|
|poke|p2|Espeon, M|
|poke|p2|Sinistcha|
|poke|p2|Incineroar, M|
|poke|p2|Glimmora, F|
|teampreview
|inactive|Battle timer is ON: inactive players will automatically lose when time's up. (requested by kimmmmmmm66)
|
|t:|1769341966
|teamsize|p1|6
|teamsize|p2|6
|start
|switch|p1a: Dragapult|Dragapult, F|100/100
|switch|p2a: Incineroar|Incineroar, M|100/100
|-ability|p2a: Incineroar|Intimidate|boost
|-fail|p1a: Dragapult|unboost|[from] ability: Clear Body|[of] p1a: Dragapult
|turn|1
|
|t:|1769341971
|move|p1a: Dragapult|U-turn|p2a: Incineroar
|-damage|p2a: Incineroar|67/100
|
|t:|1769341977
|switch|p1a: Clefable|Clefable, F|100/100|[from] U-turn
|move|p2a: Incineroar|Knock Off|p1a: Clefable
|-resisted|p1a: Clefable
|-damage|p1a: Clefable|86/100
|-enditem|p1a: Clefable|Sticky Barb|[from] move: Knock Off|[of] p2a: Incineroar
|
|upkeep
|turn|2
|
|t:|1769341989
|move|p2a: Incineroar|Parting Shot|p1a: Clefable
|-unboost|p1a: Clefable|atk|1
|-unboost|p1a: Clefable|spa|1
|
|t:|1769341992
|switch|p2a: Espeon|Espeon, M|100/100|[from] Parting Shot
|move|p1a: Clefable|Moonblast|p2a: Espeon
|-damage|p2a: Espeon|74/100
|-unboost|p2a: Espeon|spa|1
|
|upkeep
|turn|3
|
|t:|1769341998
|move|p2a: Espeon|Light Screen|p2a: Espeon
|-sidestart|p2: kimmmmmmm66|move: Light Screen
|move|p1a: Clefable|Knock Off|p2a: Espeon
|-supereffective|p2a: Espeon
|-damage|p2a: Espeon|37/100
|-enditem|p2a: Espeon|Light Clay|[from] move: Knock Off|[of] p1a: Clefable
|
|upkeep
|turn|4
|
|t:|1769342028
|switch|p1a: Ting-Lu|Ting-Lu|100/100
|-ability|p1a: Ting-Lu|Vessel of Ruin
|move|p2a: Espeon|Psychic Noise|p1a: Ting-Lu
|-immune|p1a: Ting-Lu
|
|upkeep
|turn|5
|
|t:|1769342034
|move|p2a: Espeon|Reflect|p2a: Espeon
|-sidestart|p2: kimmmmmmm66|Reflect
|move|p1a: Ting-Lu|Earthquake|p2a: Espeon
|-damage|p2a: Espeon|1/100
|
|upkeep
|turn|6
|
|t:|1769342039
|move|p2a: Espeon|Alluring Voice|p1a: Ting-Lu
|-supereffective|p1a: Ting-Lu
|-damage|p1a: Ting-Lu|84/100
|move|p1a: Ting-Lu|Earthquake|p2a: Espeon
|-damage|p2a: Espeon|0 fnt
|faint|p2a: Espeon
|
|-heal|p1a: Ting-Lu|90/100|[from] item: Leftovers
|upkeep
|
|t:|1769342042
|switch|p2a: Lokix|Lokix, M|100/100
|turn|7
|
|t:|1769342048
|move|p2a: Lokix|U-turn|p1a: Ting-Lu
|-supereffective|p1a: Ting-Lu
|-damage|p1a: Ting-Lu|39/100
|
|t:|1769342051
|switch|p2a: Glimmora|Glimmora, F|100/100|[from] U-turn
|move|p1a: Ting-Lu|Spikes|p2a: Glimmora
|-sidestart|p2: kimmmmmmm66|Spikes
|
|-heal|p1a: Ting-Lu|45/100|[from] item: Leftovers
|upkeep
|turn|8
|
|t:|1769342060
|move|p2a: Glimmora|Mortal Spin|p1a: Ting-Lu
|-resisted|p1a: Ting-Lu
|-damage|p1a: Ting-Lu|43/100
|-status|p1a: Ting-Lu|psn
|-sideend|p2: kimmmmmmm66|Spikes|[from] move: Mortal Spin|[of] p2a: Glimmora
|move|p1a: Ting-Lu|Earthquake|p2a: Glimmora
|-supereffective|p2a: Glimmora
|-damage|p2a: Glimmora|48/100
|-activate|p2a: Glimmora|ability: Toxic Debris
|-sidestart|p1: kukuchen|move: Toxic Spikes
|
|-heal|p1a: Ting-Lu|49/100 psn|[from] item: Leftovers
|-damage|p1a: Ting-Lu|37/100 psn|[from] psn
|upkeep
|turn|9
|
|t:|1769342067
|move|p2a: Glimmora|Power Gem|p1a: Ting-Lu
|-resisted|p1a: Ting-Lu
|-damage|p1a: Ting-Lu|30/100 psn
|move|p1a: Ting-Lu|Earthquake|p2a: Glimmora
|-supereffective|p2a: Glimmora
|-damage|p2a: Glimmora|0 fnt
|-activate|p2a: Glimmora|ability: Toxic Debris
|-sidestart|p1: kukuchen|move: Toxic Spikes
|faint|p2a: Glimmora
|
|-heal|p1a: Ting-Lu|36/100 psn|[from] item: Leftovers
|-damage|p1a: Ting-Lu|24/100 psn|[from] psn
|-sideend|p2: kimmmmmmm66|Reflect
|upkeep
|
|t:|1769342070
|switch|p2a: Lokix|Lokix, M|100/100
|turn|10
|
|t:|1769342075
|move|p2a: Lokix|U-turn|p1a: Ting-Lu
|-supereffective|p1a: Ting-Lu
|-damage|p1a: Ting-Lu|0 fnt
|faint|p1a: Ting-Lu
|
|t:|1769342080
|switch|p2a: Dragapult|Dragapult, M|100/100|[from] U-turn
|
|-sideend|p2: kimmmmmmm66|move: Light Screen
|upkeep
|
|t:|1769342087
|switch|p1a: Slowking|Slowking-Galar, M|100/100
|-sideend|p1: kukuchen|move: Toxic Spikes|[of] p1a: Slowking
|turn|11
|
|t:|1769342105
|move|p2a: Dragapult|U-turn|p1a: Slowking
|-damage|p1a: Slowking|79/100
|
|t:|1769342108
|switch|p2a: Incineroar|Incineroar, M|67/100|[from] U-turn
|-ability|p2a: Incineroar|Intimidate|boost
|-unboost|p1a: Slowking|atk|1
|move|p1a: Slowking|Ice Beam|p2a: Incineroar
|-resisted|p2a: Incineroar
|-damage|p2a: Incineroar|57/100
|
|upkeep
|turn|12
|
|t:|1769342121
|switch|p1a: Clefable|Clefable, F|86/100
|move|p2a: Incineroar|Knock Off|p1a: Clefable
|-resisted|p1a: Clefable
|-damage|p1a: Clefable|76/100
|
|upkeep
|turn|13
|
|t:|1769342127
|move|p1a: Clefable|Stealth Rock|p2a: Incineroar
|-sidestart|p2: kimmmmmmm66|move: Stealth Rock
|move|p2a: Incineroar|Flare Blitz|p1a: Clefable
|-damage|p1a: Clefable|42/100
|-damage|p2a: Incineroar|45/100|[from] Recoil
|-enditem|p2a: Incineroar|Sitrus Berry|[eat]
|-heal|p2a: Incineroar|70/100|[from] item: Sitrus Berry
|
|upkeep
|turn|14
|
|t:|1769342132
|move|p1a: Clefable|Moonlight|p1a: Clefable
|-heal|p1a: Clefable|92/100
|move|p2a: Incineroar|Flare Blitz|p1a: Clefable
|-damage|p1a: Clefable|55/100
|-damage|p2a: Incineroar|58/100|[from] Recoil
|
|upkeep
|turn|15
|
|t:|1769342138
|move|p1a: Clefable|Moonlight|p1a: Clefable
|-heal|p1a: Clefable|100/100
|move|p2a: Incineroar|Flare Blitz|p1a: Clefable
|-damage|p1a: Clefable|65/100
|-damage|p2a: Incineroar|46/100|[from] Recoil
|
|upkeep
|turn|16
|
|t:|1769342150
|move|p1a: Clefable|Moonblast|p2a: Incineroar
|-damage|p2a: Incineroar|26/100
|move|p2a: Incineroar|Flare Blitz|p1a: Clefable
|-damage|p1a: Clefable|30/100
|-damage|p2a: Incineroar|14/100|[from] Recoil
|
|upkeep
|turn|17
|
|t:|1769342155
|move|p1a: Clefable|Moonlight|p1a: Clefable
|-heal|p1a: Clefable|80/100
|move|p2a: Incineroar|Flare Blitz|p1a: Clefable
|-damage|p1a: Clefable|46/100
|-damage|p2a: Incineroar|3/100|[from] Recoil
|
|upkeep
|turn|18
|
|t:|1769342160
|move|p2a: Incineroar|Flare Blitz|p1a: Clefable
|-damage|p1a: Clefable|9/100
|-damage|p2a: Incineroar|0 fnt|[from] Recoil
|faint|p2a: Incineroar
|move|p1a: Clefable|Moonlight|p1a: Clefable
|-heal|p1a: Clefable|59/100
|
|upkeep
|
|t:|1769342163
|switch|p2a: Lokix|Lokix, M|100/100
|-damage|p2a: Lokix|75/100|[from] Stealth Rock
|turn|19
|
|t:|1769342166
|move|p2a: Lokix|Throat Chop|p1a: Clefable
|-resisted|p1a: Clefable
|-damage|p1a: Clefable|16/100
|-start|p1a: Clefable|Throat Chop|[silent]
|move|p1a: Clefable|Moonlight|p1a: Clefable
|-heal|p1a: Clefable|66/100
|
|upkeep
|turn|20
|
|t:|1769342172
|move|p2a: Lokix|Throat Chop|p1a: Clefable
|-resisted|p1a: Clefable
|-damage|p1a: Clefable|25/100
|move|p1a: Clefable|Moonlight|p1a: Clefable
|-heal|p1a: Clefable|75/100
|
|-end|p1a: Clefable|Throat Chop|[silent]
|upkeep
|turn|21
|
|t:|1769342178
|move|p2a: Lokix|Throat Chop|p1a: Clefable
|-resisted|p1a: Clefable
|-damage|p1a: Clefable|31/100
|-start|p1a: Clefable|Throat Chop|[silent]
|move|p1a: Clefable|Moonblast|p2a: Lokix
|-supereffective|p2a: Lokix
|-damage|p2a: Lokix|0 fnt
|faint|p2a: Lokix
|
|upkeep
|
|t:|1769342181
|switch|p2a: Dragapult|Dragapult, M|100/100
|-damage|p2a: Dragapult|88/100|[from] Stealth Rock
|turn|22
|
|t:|1769342188
|switch|p1a: Corviknight|Corviknight, F|100/100
|-ability|p1a: Corviknight|Pressure
|move|p2a: Dragapult|U-turn|p1a: Corviknight
|-resisted|p1a: Corviknight
|-damage|p1a: Corviknight|97/100
|-damage|p2a: Dragapult|72/100|[from] item: Rocky Helmet|[of] p1a: Corviknight
|-message|kimmmmmmm66 forfeited.
|
|win|kukuchen
|raw|kukuchen's rating: 1382 &rarr; <strong>1403</strong><br />(+21 for winning)
|raw|kimmmmmmm66's rating: 1400 &rarr; <strong>1379</strong><br />(-21 for losing)
|l|☆kimmmmmmm66
|player|p2|
|l|☆kukuchen
|player|p1|
