|j|☆baakrisht
|j|☆Mr.Cerba
|t:|1769426031
|gametype|singles
|player|p1|baakrisht|266|1223
|player|p2|Mr.Cerba|265|1219
|gen|9
|tier|[Gen 9] OU
|rated|
|rule|HP Percentage Mod: HP is shown in percentages
|rule|Endless Battle Clause: Forcing endless battles is banned
|rule|Species Clause: Limit one of each Pokémon
|rule|OHKO Clause: OHKO moves are banned
|rule|Evasion Items Clause: Evasion items are banned
|rule|Evasion Moves Clause: Evasion moves are banned
|rule|Evasion Abilities Clause: Evasion abilities are banned
|rule|Sleep Moves Clause: Sleep-inducing moves are banned
|clearpoke
|poke|p1|Blissey, F|
|poke|p1|Espeon, F|
|poke|p1|Goodra, F|
|poke|p1|Weezing-Galar, F|
|poke|p1|Orthworm, F|
|poke|p1|Suicune|
|poke|p2|Darkrai|
|poke|p2|Garganacl, F|
|poke|p2|Great Tusk|
|poke|p2|Hatterene, F|
|poke|p2|Dragonite, M|
|poke|p2|Tornadus-Therian, M|
|teampreview
|
|t:|1769426038
|teamsize|p1|6
|teamsize|p2|6
|start
|switch|p1a: Espeon|Espeon, F|100/100
|switch|p2a: Garganacl|Garganacl, F|100/100
|turn|1
|
|t:|1769426044
|move|p1a: Espeon|Trick|p2a: Garganacl
|-activate|p1a: Espeon|move: Trick|[of] p2a: Garganacl
|-item|p2a: Garganacl|Choice Scarf|[from] move: Trick
|-item|p1a: Espeon|Leftovers|[from] move: Trick
|move|p2a: Garganacl|Salt Cure|p1a: Espeon
|-damage|p1a: Espeon|79/100
|-start|p1a: Espeon|Salt Cure
|
|-heal|p1a: Espeon|85/100|[from] item: Leftovers
|-damage|p1a: Espeon|72/100|[from] Salt Cure
|upkeep
|turn|2
|
|t:|1769426054
|switch|p1a: Orthworm|Orthworm, F|100/100
|switch|p2a: Tornadus|Tornadus-Therian, M|100/100
|
|upkeep
|turn|3
|
|t:|1769426062
|move|p2a: Tornadus|U-turn|p1a: Orthworm
|-resisted|p1a: Orthworm
|-crit|p1a: Orthworm
|-damage|p1a: Orthworm|94/100
|
|t:|1769426067
|switch|p2a: Garganacl|Garganacl, F|100/100|[from] U-turn
|move|p1a: Orthworm|Stealth Rock|p2a: Garganacl
|-sidestart|p2: Mr.Cerba|move: Stealth Rock
|
|-heal|p1a: Orthworm|100/100|[from] item: Leftovers
|upkeep
|turn|4
|
|t:|1769426073
|move|p1a: Orthworm|Body Press|p2a: Garganacl
|-supereffective|p2a: Garganacl
|-damage|p2a: Garganacl|53/100
|move|p2a: Garganacl|Stealth Rock|p1a: Orthworm
|-sidestart|p1: baakrisht|move: Stealth Rock
|
|upkeep
|turn|5
|
|t:|1769426082
|switch|p2a: Great Tusk|Great Tusk|100/100
|-damage|p2a: Great Tusk|98/100|[from] Stealth Rock
|-enditem|p2a: Great Tusk|Booster Energy
|-activate|p2a: Great Tusk|ability: Protosynthesis|[fromitem]
|-start|p2a: Great Tusk|protosynthesisatk
|move|p1a: Orthworm|Body Press|p2a: Great Tusk
|-damage|p2a: Great Tusk|73/100
|
|upkeep
|turn|6
|
|t:|1769426091
|-terastallize|p1a: Orthworm|Fighting
|move|p2a: Great Tusk|Rapid Spin|p1a: Orthworm
|-damage|p1a: Orthworm|87/100
|-boost|p2a: Great Tusk|spe|1
|-sideend|p2: Mr.Cerba|Stealth Rock|[from] move: Rapid Spin|[of] p2a: Great Tusk
|move|p1a: Orthworm|Iron Defense|p1a: Orthworm
|-boost|p1a: Orthworm|def|2
|
|-heal|p1a: Orthworm|94/100|[from] item: Leftovers
|upkeep
|turn|7
|
|t:|1769426104
|-end|p2a: Great Tusk|Protosynthesis|[silent]
|switch|p2a: Hatterene|Hatterene, F|100/100
|move|p1a: Orthworm|Body Press|p2a: Hatterene
|-resisted|p2a: Hatterene
|-damage|p2a: Hatterene|79/100
|-damage|p1a: Orthworm|77/100|[from] item: Rocky Helmet|[of] p2a: Hatterene
|
|-heal|p1a: Orthworm|83/100|[from] item: Leftovers
|upkeep
|turn|8
|
|t:|1769426120
|switch|p1a: Suicune|Suicune|100/100
|-damage|p1a: Suicune|88/100|[from] Stealth Rock
|-ability|p1a: Suicune|Pressure
|move|p2a: Hatterene|Dazzling Gleam|p1a: Suicune
|-crit|p1a: Suicune
|-damage|p1a: Suicune|50/100
|
|upkeep
|turn|9
|
|t:|1769426138
|switch|p1a: Blissey|Blissey, F|100/100
|-damage|p1a: Blissey|88/100|[from] Stealth Rock
|switch|p2a: Tornadus|Tornadus-Therian, M|100/100
|
|-heal|p1a: Blissey|94/100|[from] item: Leftovers
|upkeep
|turn|10
|
|t:|1769426156
|switch|p1a: Weezing|Weezing-Galar, F|100/100
|-damage|p1a: Weezing|88/100|[from] Stealth Rock
|move|p2a: Tornadus|U-turn|p1a: Weezing
|-resisted|p1a: Weezing
|-crit|p1a: Weezing
|-damage|p1a: Weezing|84/100
|-damage|p2a: Tornadus|84/100|[from] item: Rocky Helmet|[of] p1a: Weezing
|
|t:|1769426164
|switch|p2a: Garganacl|Garganacl, F|53/100|[from] U-turn
|
|upkeep
|turn|11
|
|t:|1769426167
|move|p2a: Garganacl|Recover|p2a: Garganacl
|-heal|p2a: Garganacl|100/100
|move|p1a: Weezing|Toxic Spikes|p2a: Garganacl
|-sidestart|p2: Mr.Cerba|move: Toxic Spikes
|
|upkeep
|turn|12
|
|t:|1769426201
|switch|p2a: Tornadus|Tornadus-Therian, M|100/100
|move|p1a: Weezing|Flamethrower|p2a: Tornadus
|-damage|p2a: Tornadus|88/100
|
|upkeep
|turn|13
|
|t:|1769426211
|move|p2a: Tornadus|Knock Off|p1a: Weezing
|-resisted|p1a: Weezing
|-damage|p1a: Weezing|77/100
|-damage|p2a: Tornadus|71/100|[from] item: Rocky Helmet|[of] p1a: Weezing
|-enditem|p1a: Weezing|Rocky Helmet|[from] move: Knock Off|[of] p2a: Tornadus
|move|p1a: Weezing|Flamethrower|p2a: Tornadus
|-damage|p2a: Tornadus|59/100
|
|upkeep
|turn|14
|
|t:|1769426219
|move|p2a: Tornadus|U-turn|p1a: Weezing
|-resisted|p1a: Weezing
|-damage|p1a: Weezing|75/100
|
|t:|1769426228
|switch|p2a: Great Tusk|Great Tusk|73/100|[from] U-turn
|-status|p2a: Great Tusk|psn
|move|p1a: Weezing|Flamethrower|p2a: Great Tusk
|-damage|p2a: Great Tusk|47/100 psn
|
|-damage|p2a: Great Tusk|35/100 psn|[from] psn
|upkeep
|turn|15
|
|t:|1769426237
|move|p2a: Great Tusk|Rapid Spin|p1a: Weezing
|-damage|p1a: Weezing|64/100
|-boost|p2a: Great Tusk|spe|1
|-sideend|p2: Mr.Cerba|Toxic Spikes|[from] move: Rapid Spin|[of] p2a: Great Tusk
|move|p1a: Weezing|Flamethrower|p2a: Great Tusk
|-damage|p2a: Great Tusk|8/100 psn
|
|-damage|p2a: Great Tusk|0 fnt|[from] psn
|faint|p2a: Great Tusk
|-end|p2a: Great Tusk|Protosynthesis|[silent]
|upkeep
|
|t:|1769426246
|switch|p2a: Darkrai|Darkrai|100/100
|turn|16
|
|t:|1769426257
|switch|p1a: Blissey|Blissey, F|94/100
|-damage|p1a: Blissey|82/100|[from] Stealth Rock
|move|p2a: Darkrai|Psychic|p1a: Blissey
|-damage|p1a: Blissey|68/100
|
|-heal|p1a: Blissey|74/100|[from] item: Leftovers
|upkeep
|turn|17
|
|t:|1769426267
|switch|p2a: Dragonite|Dragonite, M|100/100
|move|p1a: Blissey|Thunder Wave|p2a: Dragonite|[miss]
|-miss|p1a: Blissey|p2a: Dragonite
|
|-heal|p1a: Blissey|80/100|[from] item: Leftovers
|upkeep
|turn|18
|
|t:|1769426279
|switch|p1a: Weezing|Weezing-Galar, F|64/100
|-damage|p1a: Weezing|52/100|[from] Stealth Rock
|move|p2a: Dragonite|Dragon Dance|p2a: Dragonite
|-boost|p2a: Dragonite|atk|1
|-boost|p2a: Dragonite|spe|1
|
|upkeep
|turn|19
|
|t:|1769426288
|-terastallize|p2a: Dragonite|Normal
|move|p2a: Dragonite|Extreme Speed|p1a: Weezing
|-damage|p1a: Weezing|0 fnt
|faint|p1a: Weezing
|
|upkeep
|
|t:|1769426294
|switch|p1a: Suicune|Suicune|50/100
|-damage|p1a: Suicune|38/100|[from] Stealth Rock
|-ability|p1a: Suicune|Pressure
|turn|20
|
|t:|1769426299
|move|p2a: Dragonite|Extreme Speed|p1a: Suicune
|-damage|p1a: Suicune|0 fnt
|-damage|p2a: Dragonite|84/100|[from] item: Rocky Helmet|[of] p1a: Suicune
|faint|p1a: Suicune
|
|upkeep
|
|t:|1769426304
|switch|p1a: Orthworm|Orthworm, F, tera:Fighting|83/100
|-damage|p1a: Orthworm|77/100|[from] Stealth Rock
|turn|21
|
|t:|1769426319
|move|p2a: Dragonite|Dragon Dance|p2a: Dragonite
|-boost|p2a: Dragonite|atk|1
|-boost|p2a: Dragonite|spe|1
|move|p1a: Orthworm|Iron Defense|p1a: Orthworm
|-boost|p1a: Orthworm|def|2
|
|-heal|p1a: Orthworm|83/100|[from] item: Leftovers
|upkeep
|turn|22
|
|t:|1769426325
|move|p2a: Dragonite|Extreme Speed|p1a: Orthworm
|-damage|p1a: Orthworm|53/100
|move|p1a: Orthworm|Body Press|p2a: Dragonite
|-supereffective|p2a: Dragonite
|-damage|p2a: Dragonite|0 fnt
|faint|p2a: Dragonite
|
|-heal|p1a: Orthworm|59/100|[from] item: Leftovers
|upkeep
|
|t:|1769426335
|switch|p2a: Darkrai|Darkrai|100/100
|turn|23
|
|t:|1769426341
|switch|p1a: Blissey|Blissey, F|80/100
|-damage|p1a: Blissey|68/100|[from] Stealth Rock
|move|p2a: Darkrai|Focus Blast|p1a: Blissey|[miss]
|-miss|p2a: Darkrai|p1a: Blissey
|
|-heal|p1a: Blissey|74/100|[from] item: Leftovers
|upkeep
|turn|24
|
|t:|1769426351
|switch|p2a: Tornadus|Tornadus-Therian, M|92/100
|move|p1a: Blissey|Seismic Toss|p2a: Tornadus
|-damage|p2a: Tornadus|63/100
|
|-heal|p1a: Blissey|80/100|[from] item: Leftovers
|upkeep
|turn|25
|
|t:|1769426375
|switch|p1a: Goodra|Goodra, F|100/100
|-damage|p1a: Goodra|88/100|[from] Stealth Rock
|move|p2a: Tornadus|U-turn|p1a: Goodra
|-damage|p1a: Goodra|71/100
|
|t:|1769426390
|switch|p2a: Hatterene|Hatterene, F|79/100|[from] U-turn
|
|upkeep
|turn|26
|
|t:|1769426400
|move|p1a: Goodra|Sludge Bomb|p2a: Hatterene
|-supereffective|p2a: Hatterene
|-damage|p2a: Hatterene|34/100
|move|p2a: Hatterene|Nuzzle|p1a: Goodra
|-resisted|p1a: Goodra
|-damage|p1a: Goodra|69/100
|-status|p1a: Goodra|par
|
|upkeep
|turn|27
|
|t:|1769426424
|switch|p1a: Espeon|Espeon, F|72/100
|-damage|p1a: Espeon|60/100|[from] Stealth Rock
|switch|p2a: Tornadus|Tornadus-Therian, M|97/100
|
|-heal|p1a: Espeon|66/100|[from] item: Leftovers
|upkeep
|turn|28
|
|t:|1769426439
|switch|p1a: Goodra|Goodra, F|69/100 par
|-damage|p1a: Goodra|56/100 par|[from] Stealth Rock
|move|p2a: Tornadus|U-turn|p1a: Goodra
|-crit|p1a: Goodra
|-damage|p1a: Goodra|28/100 par
|
|t:|1769426451
|switch|p2a: Darkrai|Darkrai|100/100|[from] U-turn
|
|upkeep
|turn|29
|
|t:|1769426455
|move|p2a: Darkrai|Focus Blast|p1a: Goodra|[miss]
|-miss|p2a: Darkrai|p1a: Goodra
|move|p1a: Goodra|Rest|p1a: Goodra
|-status|p1a: Goodra|slp|[from] move: Rest
|-heal|p1a: Goodra|100/100 slp|[silent]
|
|-damage|p1a: Goodra|88/100 slp|[from] ability: Bad Dreams|[of] p2a: Darkrai
|upkeep
|turn|30
|
|t:|1769426464
|switch|p1a: Blissey|Blissey, F|80/100
|-damage|p1a: Blissey|68/100|[from] Stealth Rock
|move|p2a: Darkrai|Focus Blast|p1a: Blissey|[miss]
|-miss|p2a: Darkrai|p1a: Blissey
|
|-heal|p1a: Blissey|74/100|[from] item: Leftovers
|upkeep
|turn|31
|
|t:|1769426472
|switch|p2a: Tornadus|Tornadus-Therian, M|100/100
|move|p1a: Blissey|Heal Bell|p1a: Blissey
|-activate|p1a: Blissey|move: Heal Bell
|-curestatus|p1: Goodra|slp|[msg]
|
|-heal|p1a: Blissey|80/100|[from] item: Leftovers
|upkeep
|turn|32
|
|t:|1769426482
|switch|p1a: Goodra|Goodra, F|88/100
|-damage|p1a: Goodra|75/100|[from] Stealth Rock
|move|p2a: Tornadus|Bleakwind Storm|p1a: Goodra
|-damage|p1a: Goodra|53/100
|-unboost|p1a: Goodra|spe|1
|
|upkeep
|turn|33
|
|t:|1769426495
|move|p2a: Tornadus|Knock Off|p1a: Goodra
|-damage|p1a: Goodra|27/100
|-enditem|p1a: Goodra|Damp Rock|[from] move: Knock Off|[of] p2a: Tornadus
|move|p1a: Goodra|Rain Dance|p1a: Goodra
|-weather|RainDance
|
|-weather|RainDance|[upkeep]
|upkeep
|turn|34
|
|t:|1769426506
|move|p2a: Tornadus|U-turn|p1a: Goodra
|-damage|p1a: Goodra|9/100
|
|t:|1769426515
|switch|p2a: Garganacl|Garganacl, F|100/100|[from] U-turn
|move|p1a: Goodra|Rest|p1a: Goodra
|-status|p1a: Goodra|slp|[from] move: Rest
|-heal|p1a: Goodra|100/100 slp|[silent]
|
|-weather|RainDance|[upkeep]
|-activate|p1a: Goodra|ability: Hydration
|-curestatus|p1a: Goodra|slp|[msg]
|upkeep
|turn|35
|
|t:|1769426529
|move|p1a: Goodra|Thunder|p2a: Garganacl
|-damage|p2a: Garganacl|80/100
|move|p2a: Garganacl|Salt Cure|p1a: Goodra
|-damage|p1a: Goodra|84/100
|-start|p1a: Goodra|Salt Cure
|
|-weather|RainDance|[upkeep]
|-damage|p1a: Goodra|72/100|[from] Salt Cure
|upkeep
|turn|36
|
|t:|1769426545
|switch|p2a: Tornadus|Tornadus-Therian, M|100/100
|move|p1a: Goodra|Sludge Bomb|p2a: Tornadus
|-damage|p2a: Tornadus|85/100
|-status|p2a: Tornadus|psn
|
|-weather|RainDance|[upkeep]
|-damage|p2a: Tornadus|72/100 psn|[from] psn
|-damage|p1a: Goodra|59/100|[from] Salt Cure
|upkeep
|turn|37
|
|t:|1769426555
|move|p2a: Tornadus|U-turn|p1a: Goodra
|-damage|p1a: Goodra|41/100
|
|t:|1769426558
|switch|p2a: Garganacl|Garganacl, F|80/100|[from] U-turn
|move|p1a: Goodra|Thunder|p2a: Garganacl
|-damage|p2a: Garganacl|59/100
|
|-weather|none
|-damage|p1a: Goodra|28/100|[from] Salt Cure
|upkeep
|turn|38
|
|t:|1769426566
|move|p1a: Goodra|Rain Dance|p1a: Goodra
|-weather|RainDance
|move|p2a: Garganacl|Recover|p2a: Garganacl
|-heal|p2a: Garganacl|100/100
|
|-weather|RainDance|[upkeep]
|-damage|p1a: Goodra|16/100|[from] Salt Cure
|upkeep
|turn|39
|
|t:|1769426572
|switch|p2a: Darkrai|Darkrai|100/100
|move|p1a: Goodra|Rest|p1a: Goodra
|-status|p1a: Goodra|slp|[from] move: Rest
|-heal|p1a: Goodra|100/100 slp|[silent]
|
|-weather|RainDance|[upkeep]
|-activate|p1a: Goodra|ability: Hydration
|-curestatus|p1a: Goodra|slp|[msg]
|-damage|p1a: Goodra|88/100|[from] Salt Cure
|upkeep
|turn|40
|
|t:|1769426584
|move|p2a: Darkrai|Dark Pulse|p1a: Goodra
|-damage|p1a: Goodra|44/100
|cant|p1a: Goodra|flinch
|
|-weather|RainDance|[upkeep]
|-damage|p1a: Goodra|32/100|[from] Salt Cure
|upkeep
|turn|41
|
|t:|1769426591
|move|p2a: Darkrai|Dark Pulse|p1a: Goodra
|-damage|p1a: Goodra|0 fnt
|faint|p1a: Goodra
|
|-weather|RainDance|[upkeep]
|upkeep
|
|t:|1769426594
|switch|p1a: Blissey|Blissey, F|80/100
|-damage|p1a: Blissey|68/100|[from] Stealth Rock
|turn|42
|
|t:|1769426599
|switch|p2a: Tornadus|Tornadus-Therian, M|100/100 psn
|move|p1a: Blissey|Thunder Wave|p2a: Tornadus|[miss]
|-miss|p1a: Blissey|p2a: Tornadus
|
|-weather|none
|-heal|p1a: Blissey|74/100|[from] item: Leftovers
|-damage|p2a: Tornadus|88/100 psn|[from] psn
|upkeep
|turn|43
|
|t:|1769426616
|switch|p1a: Espeon|Espeon, F|66/100
|-damage|p1a: Espeon|54/100|[from] Stealth Rock
|move|p2a: Tornadus|Knock Off|p1a: Espeon
|-supereffective|p1a: Espeon
|-damage|p1a: Espeon|0 fnt
|-enditem|p1a: Espeon|Leftovers|[from] move: Knock Off|[of] p2a: Tornadus
|faint|p1a: Espeon
|
|-damage|p2a: Tornadus|76/100 psn|[from] psn
|upkeep
|
|t:|1769426622
|switch|p1a: Orthworm|Orthworm, F, tera:Fighting|59/100
|-damage|p1a: Orthworm|53/100|[from] Stealth Rock
|turn|44
|
|t:|1769426628
|move|p2a: Tornadus|Knock Off|p1a: Orthworm
|-resisted|p1a: Orthworm
|-damage|p1a: Orthworm|47/100
|-enditem|p1a: Orthworm|Leftovers|[from] move: Knock Off|[of] p2a: Tornadus
|move|p1a: Orthworm|Body Press|p2a: Tornadus
|-resisted|p2a: Tornadus
|-damage|p2a: Tornadus|44/100 psn
|
|-damage|p2a: Tornadus|32/100 psn|[from] psn
|upkeep
|turn|45
|
|t:|1769426637
|move|p2a: Tornadus|U-turn|p1a: Orthworm
|-resisted|p1a: Orthworm
|-damage|p1a: Orthworm|43/100
|
|t:|1769426650
|switch|p2a: Darkrai|Darkrai|100/100|[from] U-turn
|move|p1a: Orthworm|Iron Defense|p1a: Orthworm
|-boost|p1a: Orthworm|def|2
|
|upkeep
|turn|46
|
|t:|1769426656
|switch|p2a: Hatterene|Hatterene, F|34/100
|move|p1a: Orthworm|Body Press|p2a: Hatterene
|-resisted|p2a: Hatterene
|-damage|p2a: Hatterene|15/100
|-damage|p1a: Orthworm|26/100|[from] item: Rocky Helmet|[of] p2a: Hatterene
|
|upkeep
|turn|47
|
|t:|1769426666
|switch|p2a: Tornadus|Tornadus-Therian, M|65/100 psn
|move|p1a: Orthworm|Body Press|p2a: Tornadus
|-resisted|p2a: Tornadus
|-damage|p2a: Tornadus|7/100 psn
|
|-damage|p2a: Tornadus|0 fnt|[from] psn
|faint|p2a: Tornadus
|upkeep
|
|t:|1769426674
|switch|p2a: Darkrai|Darkrai|100/100
|turn|48
|
|t:|1769426694
|switch|p1a: Blissey|Blissey, F|74/100
|-damage|p1a: Blissey|61/100|[from] Stealth Rock
|move|p2a: Darkrai|Psychic|p1a: Blissey
|-damage|p1a: Blissey|47/100
|
|-heal|p1a: Blissey|53/100|[from] item: Leftovers
|upkeep
|turn|49
|
|t:|1769426703
|switch|p2a: Garganacl|Garganacl, F|100/100
|move|p1a: Blissey|Seismic Toss|p2a: Garganacl
|-damage|p2a: Garganacl|76/100
|
|-heal|p1a: Blissey|59/100|[from] item: Leftovers
|upkeep
|turn|50
|
|t:|1769426710
|move|p2a: Garganacl|Salt Cure|p1a: Blissey
|-damage|p1a: Blissey|33/100
|-start|p1a: Blissey|Salt Cure
|move|p1a: Blissey|Seismic Toss|p2a: Garganacl
|-damage|p2a: Garganacl|51/100
|
|-heal|p1a: Blissey|40/100|[from] item: Leftovers
|-damage|p1a: Blissey|27/100|[from] Salt Cure
|upkeep
|turn|51
|
|t:|1769426720
|switch|p2a: Hatterene|Hatterene, F|15/100
|move|p1a: Blissey|Soft-Boiled|p1a: Blissey
|-heal|p1a: Blissey|77/100
|
|-heal|p1a: Blissey|83/100|[from] item: Leftovers
|-damage|p1a: Blissey|71/100|[from] Salt Cure
|upkeep
|turn|52
|
|t:|1769426729
|move|p1a: Blissey|Seismic Toss|p2a: Hatterene
|-damage|p2a: Hatterene|0 fnt
|-damage|p1a: Blissey|54/100|[from] item: Rocky Helmet|[of] p2a: Hatterene
|faint|p2a: Hatterene
|
|-heal|p1a: Blissey|60/100|[from] item: Leftovers
|-damage|p1a: Blissey|48/100|[from] Salt Cure
|upkeep
|
|t:|1769426738
|switch|p2a: Garganacl|Garganacl, F|51/100
|turn|53
|
|t:|1769426741
|move|p2a: Garganacl|Recover|p2a: Garganacl
|-heal|p2a: Garganacl|100/100
|move|p1a: Blissey|Soft-Boiled|p1a: Blissey
|-heal|p1a: Blissey|98/100
|
|-heal|p1a: Blissey|100/100|[from] item: Leftovers
|-damage|p1a: Blissey|88/100|[from] Salt Cure
|upkeep
|turn|54
|
|t:|1769426749
|switch|p2a: Darkrai|Darkrai|100/100
|move|p1a: Blissey|Thunder Wave|p2a: Darkrai
|-status|p2a: Darkrai|par
|
|-heal|p1a: Blissey|94/100|[from] item: Leftovers
|-damage|p1a: Blissey|82/100|[from] Salt Cure
|upkeep
|turn|55
|
|t:|1769426758
|move|p2a: Darkrai|Focus Blast|p1a: Blissey
|-supereffective|p1a: Blissey
|-damage|p1a: Blissey|45/100
|move|p1a: Blissey|Seismic Toss|p2a: Darkrai
|-damage|p2a: Darkrai|65/100 par
|
|-heal|p1a: Blissey|51/100|[from] item: Leftovers
|-damage|p1a: Blissey|39/100|[from] Salt Cure
|upkeep
|turn|56
|
|t:|1769426768
|move|p2a: Darkrai|Focus Blast|p1a: Blissey
|-supereffective|p1a: Blissey
|-damage|p1a: Blissey|0 fnt
|faint|p1a: Blissey
|
|upkeep
|
|t:|1769426771
|switch|p1a: Orthworm|Orthworm, F, tera:Fighting|26/100
|-damage|p1a: Orthworm|20/100|[from] Stealth Rock
|turn|57
|
|t:|1769426775
|switch|p2a: Garganacl|Garganacl, F|100/100
|move|p1a: Orthworm|Body Press|p2a: Garganacl
|-supereffective|p2a: Garganacl
|-damage|p2a: Garganacl|34/100
|
|upkeep
|turn|58
|
|t:|1769426787
|move|p1a: Orthworm|Body Press|p2a: Garganacl
|-supereffective|p2a: Garganacl
|-damage|p2a: Garganacl|0 fnt
|faint|p2a: Garganacl
|
|upkeep
|
|t:|1769426791
|switch|p2a: Darkrai|Darkrai|65/100 par
|turn|59
|
|t:|1769426795
|move|p2a: Darkrai|Psychic|p1a: Orthworm
|-supereffective|p1a: Orthworm
|-damage|p1a: Orthworm|0 fnt
|faint|p1a: Orthworm
|
|win|Mr.Cerba
|raw|baakrisht's rating: 1223 &rarr; <strong>1198</strong><br />(-25 for losing)
|raw|Mr.Cerba's rating: 1219 &rarr; <strong>1244</strong><br />(+25 for winning)
|l|☆Mr.Cerba
|player|p2|
|c|☆baakrisht|Gg
|l|☆baakrisht
|player|p1|
