|j|☆CambridgeFoulPlay
|j|☆Trainer #39
|t:|1769362108
|gametype|singles
|player|p1|CambridgeFoulPlay|266|1793
|player|p2|Trainer #39|bugsy|1712
|gen|9
|tier|[Gen 9] OU
|rated|
|rule|HP Percentage Mod: HP is shown in percentages
|rule|Endless Battle Clause: Forcing endless battles is banned
|rule|Species Clause: Limit one of each Pokémon
|rule|OHKO Clause: OHKO moves are banned
|rule|Evasion Items Clause: Evasion items are banned
|rule|Evasion Moves Clause: Evasion moves are banned
|rule|Evasion Abilities Clause: Evasion abilities are banned
|rule|Sleep Moves Clause: Sleep-inducing moves are banned
|clearpoke
|poke|p1|Hydrapple, M|
|poke|p1|Tyranitar, F|
|poke|p1|Moltres|
|poke|p1|Zamazenta-*|
|poke|p1|Slowking-Galar, M|
|poke|p1|Excadrill, F|
|poke|p2|Blissey, F|
|poke|p2|Corviknight, M|
|poke|p2|Dondozo, M|
|poke|p2|Gliscor, M|
|poke|p2|Clefable, M|
|poke|p2|Slowking-Galar, M|
|teampreview
|c|☆CambridgeFoulPlay|hf
|j| faronaan
|inactive|Battle timer is ON: inactive players will automatically lose when time's up. (requested by CambridgeFoulPlay)
|
|t:|1769362117
|teamsize|p1|6
|teamsize|p2|6
|start
|switch|p1a: Tyranitar|Tyranitar, F|100/100
|switch|p2a: Free Palestine|Gliscor, M|100/100
|-weather|Sandstorm|[from] ability: Sand Stream|[of] p1a: Tyranitar
|turn|1
|
|t:|1769362129
|move|p2a: Free Palestine|Substitute|p2a: Free Palestine
|-start|p2a: Free Palestine|Substitute
|-damage|p2a: Free Palestine|76/100
|move|p1a: Tyranitar|Ice Beam|p2a: Free Palestine
|-supereffective|p2a: Free Palestine
|-end|p2a: Free Palestine|Substitute
|
|-weather|Sandstorm|[upkeep]
|-status|p2a: Free Palestine|tox|[from] item: Toxic Orb
|upkeep
|turn|2
|
|t:|1769362138
|move|p2a: Free Palestine|Protect|p2a: Free Palestine
|-singleturn|p2a: Free Palestine|Protect
|move|p1a: Tyranitar|Ice Beam|p2a: Free Palestine
|-activate|p2a: Free Palestine|move: Protect
|
|-weather|Sandstorm|[upkeep]
|-heal|p2a: Free Palestine|88/100 tox|[from] ability: Poison Heal
|upkeep
|turn|3
|
|t:|1769362142
|move|p2a: Free Palestine|Substitute|p2a: Free Palestine
|-start|p2a: Free Palestine|Substitute
|-damage|p2a: Free Palestine|63/100 tox
|move|p1a: Tyranitar|Ice Beam|p2a: Free Palestine
|-supereffective|p2a: Free Palestine
|-end|p2a: Free Palestine|Substitute
|
|-weather|Sandstorm|[upkeep]
|-heal|p2a: Free Palestine|76/100 tox|[from] ability: Poison Heal
|upkeep
|turn|4
|
|t:|1769362144
|move|p2a: Free Palestine|Substitute|p2a: Free Palestine
|-start|p2a: Free Palestine|Substitute
|-damage|p2a: Free Palestine|51/100 tox
|move|p1a: Tyranitar|Ice Beam|p2a: Free Palestine
|-supereffective|p2a: Free Palestine
|-end|p2a: Free Palestine|Substitute
|
|-weather|Sandstorm|[upkeep]
|-heal|p2a: Free Palestine|63/100 tox|[from] ability: Poison Heal
|upkeep
|turn|5
|
|t:|1769362147
|move|p2a: Free Palestine|Substitute|p2a: Free Palestine
|-start|p2a: Free Palestine|Substitute
|-damage|p2a: Free Palestine|38/100 tox
|move|p1a: Tyranitar|Ice Beam|p2a: Free Palestine
|-supereffective|p2a: Free Palestine
|-end|p2a: Free Palestine|Substitute
|
|-weather|Sandstorm|[upkeep]
|-heal|p2a: Free Palestine|51/100 tox|[from] ability: Poison Heal
|upkeep
|turn|6
|
|t:|1769362149
|move|p2a: Free Palestine|Protect|p2a: Free Palestine
|-singleturn|p2a: Free Palestine|Protect
|move|p1a: Tyranitar|Ice Beam|p2a: Free Palestine
|-activate|p2a: Free Palestine|move: Protect
|
|-weather|Sandstorm|[upkeep]
|-heal|p2a: Free Palestine|63/100 tox|[from] ability: Poison Heal
|upkeep
|turn|7
|
|t:|1769362152
|move|p2a: Free Palestine|Substitute|p2a: Free Palestine
|-start|p2a: Free Palestine|Substitute
|-damage|p2a: Free Palestine|38/100 tox
|move|p1a: Tyranitar|Ice Beam|p2a: Free Palestine
|-supereffective|p2a: Free Palestine
|-end|p2a: Free Palestine|Substitute
|
|-weather|Sandstorm|[upkeep]
|-heal|p2a: Free Palestine|51/100 tox|[from] ability: Poison Heal
|upkeep
|turn|8
|
|t:|1769362169
|switch|p2a: Trump is low IQ|Corviknight, M|100/100
|-ability|p2a: Trump is low IQ|Pressure
|move|p1a: Tyranitar|Ice Beam|p2a: Trump is low IQ
|-damage|p2a: Trump is low IQ|80/100
|
|-weather|none
|upkeep
|turn|9
|
|t:|1769362173
|switch|p2a: Free Palestine|Gliscor, M|51/100 tox
|switch|p1a: Hydrapple|Hydrapple, M|100/100
|
|-heal|p2a: Free Palestine|63/100 tox|[from] ability: Poison Heal
|upkeep
|turn|10
|
|t:|1769362176
|move|p2a: Free Palestine|Protect|p2a: Free Palestine
|-singleturn|p2a: Free Palestine|Protect
|move|p1a: Hydrapple|Fickle Beam|p2a: Free Palestine
|-activate|p2a: Free Palestine|move: Protect
|
|-heal|p2a: Free Palestine|76/100 tox|[from] ability: Poison Heal
|upkeep
|turn|11
|
|t:|1769362180
|move|p2a: Free Palestine|Substitute|p2a: Free Palestine
|-start|p2a: Free Palestine|Substitute
|-damage|p2a: Free Palestine|51/100 tox
|move|p1a: Hydrapple|Fickle Beam|p2a: Free Palestine|[anim] Fickle Beam All Out
|-activate|p1a: Hydrapple|move: Fickle Beam
|-end|p2a: Free Palestine|Substitute
|
|-heal|p2a: Free Palestine|63/100 tox|[from] ability: Poison Heal
|upkeep
|turn|12
|
|t:|1769362183
|move|p2a: Free Palestine|Protect|p2a: Free Palestine
|-singleturn|p2a: Free Palestine|Protect
|move|p1a: Hydrapple|Fickle Beam|p2a: Free Palestine
|-activate|p2a: Free Palestine|move: Protect
|
|-heal|p2a: Free Palestine|76/100 tox|[from] ability: Poison Heal
|upkeep
|turn|13
|
|t:|1769362185
|move|p2a: Free Palestine|Substitute|p2a: Free Palestine
|-start|p2a: Free Palestine|Substitute
|-damage|p2a: Free Palestine|51/100 tox
|move|p1a: Hydrapple|Fickle Beam|p2a: Free Palestine
|-end|p2a: Free Palestine|Substitute
|
|-heal|p2a: Free Palestine|63/100 tox|[from] ability: Poison Heal
|upkeep
|turn|14
|
|t:|1769362188
|move|p2a: Free Palestine|Substitute|p2a: Free Palestine
|-start|p2a: Free Palestine|Substitute
|-damage|p2a: Free Palestine|38/100 tox
|move|p1a: Hydrapple|Fickle Beam|p2a: Free Palestine
|-end|p2a: Free Palestine|Substitute
|
|-heal|p2a: Free Palestine|51/100 tox|[from] ability: Poison Heal
|upkeep
|turn|15
|
|t:|1769362190
|move|p2a: Free Palestine|Substitute|p2a: Free Palestine
|-start|p2a: Free Palestine|Substitute
|-damage|p2a: Free Palestine|26/100 tox
|move|p1a: Hydrapple|Fickle Beam|p2a: Free Palestine|[anim] Fickle Beam All Out
|-activate|p1a: Hydrapple|move: Fickle Beam
|-end|p2a: Free Palestine|Substitute
|
|-heal|p2a: Free Palestine|38/100 tox|[from] ability: Poison Heal
|upkeep
|turn|16
|
|t:|1769362193
|switch|p1a: Excadrill|Excadrill, F|100/100
|-item|p1a: Excadrill|Air Balloon
|move|p2a: Free Palestine|Protect||[still]
|-fail|p2a: Free Palestine
|
|-heal|p2a: Free Palestine|51/100 tox|[from] ability: Poison Heal
|upkeep
|turn|17
|
|t:|1769362195
|move|p2a: Free Palestine|Protect|p2a: Free Palestine
|-singleturn|p2a: Free Palestine|Protect
|move|p1a: Excadrill|Swords Dance|p1a: Excadrill
|-boost|p1a: Excadrill|atk|2
|
|-heal|p2a: Free Palestine|63/100 tox|[from] ability: Poison Heal
|upkeep
|turn|18
|
|t:|1769362198
|switch|p2a: 808 and curses|Dondozo, M|100/100
|move|p1a: Excadrill|Earthquake|p2a: 808 and curses
|-damage|p2a: 808 and curses|78/100
|
|-heal|p2a: 808 and curses|84/100|[from] item: Leftovers
|upkeep
|turn|19
|
|t:|1769362202
|switch|p1a: Hydrapple|Hydrapple, M|100/100
|switch|p2a: Free Palestine|Gliscor, M|63/100 tox
|
|-heal|p2a: Free Palestine|76/100 tox|[from] ability: Poison Heal
|upkeep
|turn|20
|
|t:|1769362204
|move|p2a: Free Palestine|Protect|p2a: Free Palestine
|-singleturn|p2a: Free Palestine|Protect
|move|p1a: Hydrapple|Fickle Beam|p2a: Free Palestine
|-activate|p2a: Free Palestine|move: Protect
|
|-heal|p2a: Free Palestine|88/100 tox|[from] ability: Poison Heal
|upkeep
|turn|21
|
|t:|1769362208
|move|p2a: Free Palestine|Substitute|p2a: Free Palestine
|-start|p2a: Free Palestine|Substitute
|-damage|p2a: Free Palestine|63/100 tox
|move|p1a: Hydrapple|Fickle Beam|p2a: Free Palestine
|-end|p2a: Free Palestine|Substitute
|
|-heal|p2a: Free Palestine|76/100 tox|[from] ability: Poison Heal
|upkeep
|turn|22
|
|t:|1769362210
|move|p2a: Free Palestine|Toxic|p1a: Hydrapple
|-status|p1a: Hydrapple|tox
|move|p1a: Hydrapple|Giga Drain|p2a: Free Palestine
|-damage|p2a: Free Palestine|39/100 tox
|
|-heal|p2a: Free Palestine|51/100 tox|[from] ability: Poison Heal
|-damage|p1a: Hydrapple|94/100 tox|[from] psn
|upkeep
|turn|23
|
|t:|1769362213
|move|p2a: Free Palestine|Substitute|p2a: Free Palestine
|-start|p2a: Free Palestine|Substitute
|-damage|p2a: Free Palestine|26/100 tox
|move|p1a: Hydrapple|Giga Drain|p2a: Free Palestine
|-end|p2a: Free Palestine|Substitute
|-heal|p1a: Hydrapple|100/100 tox|[from] drain|[of] p2a: Free Palestine
|
|-heal|p2a: Free Palestine|39/100 tox|[from] ability: Poison Heal
|-damage|p1a: Hydrapple|88/100 tox|[from] psn
|upkeep
|turn|24
|
|t:|1769362214
|switch|p1a: Excadrill|Excadrill, F|100/100
|-item|p1a: Excadrill|Air Balloon
|move|p2a: Free Palestine|Protect||[still]
|-fail|p2a: Free Palestine
|
|-heal|p2a: Free Palestine|51/100 tox|[from] ability: Poison Heal
|upkeep
|turn|25
|
|t:|1769362216
|move|p2a: Free Palestine|Protect|p2a: Free Palestine
|-singleturn|p2a: Free Palestine|Protect
|move|p1a: Excadrill|Iron Head|p2a: Free Palestine
|-activate|p2a: Free Palestine|move: Protect
|
|-heal|p2a: Free Palestine|64/100 tox|[from] ability: Poison Heal
|upkeep
|turn|26
|
|t:|1769362218
|switch|p2a: Trump is low IQ|Corviknight, M|80/100
|-ability|p2a: Trump is low IQ|Pressure
|move|p1a: Excadrill|Swords Dance|p1a: Excadrill
|-boost|p1a: Excadrill|atk|2
|
|upkeep
|turn|27
|
|t:|1769362220
|switch|p1a: Moltres|Moltres|100/100
|switch|p2a: 808 and curses|Dondozo, M|84/100
|
|-heal|p2a: 808 and curses|91/100|[from] item: Leftovers
|upkeep
|turn|28
|
|t:|1769362223
|move|p1a: Moltres|Flamethrower|p2a: 808 and curses
|-resisted|p2a: 808 and curses
|-damage|p2a: 808 and curses|72/100
|move|p2a: 808 and curses|Waterfall|p1a: Moltres
|-supereffective|p1a: Moltres
|-damage|p1a: Moltres|63/100
|
|-heal|p2a: 808 and curses|78/100|[from] item: Leftovers
|upkeep
|turn|29
|
|t:|1769362225
|move|p1a: Moltres|Roost|p1a: Moltres
|-heal|p1a: Moltres|100/100
|-singleturn|p1a: Moltres|move: Roost
|move|p2a: 808 and curses|Waterfall|p1a: Moltres
|-supereffective|p1a: Moltres
|-damage|p1a: Moltres|61/100
|
|-heal|p2a: 808 and curses|84/100|[from] item: Leftovers
|upkeep
|turn|30
|
|t:|1769362228
|move|p1a: Moltres|Roost|p1a: Moltres
|-heal|p1a: Moltres|100/100
|-singleturn|p1a: Moltres|move: Roost
|move|p2a: 808 and curses|Waterfall|p1a: Moltres
|-supereffective|p1a: Moltres
|-damage|p1a: Moltres|61/100
|
|-heal|p2a: 808 and curses|91/100|[from] item: Leftovers
|upkeep
|turn|31
|
|t:|1769362230
|move|p1a: Moltres|Roost|p1a: Moltres
|-heal|p1a: Moltres|100/100
|-singleturn|p1a: Moltres|move: Roost
|move|p2a: 808 and curses|Waterfall|p1a: Moltres
|-supereffective|p1a: Moltres
|-damage|p1a: Moltres|61/100
|-status|p2a: 808 and curses|brn|[from] ability: Flame Body|[of] p1a: Moltres
|
|-heal|p2a: 808 and curses|97/100 brn|[from] item: Leftovers
|-damage|p2a: 808 and curses|91/100 brn|[from] brn
|upkeep
|turn|32
|
|t:|1769362233
|move|p1a: Moltres|Roost|p1a: Moltres
|-heal|p1a: Moltres|100/100
|-singleturn|p1a: Moltres|move: Roost
|move|p2a: 808 and curses|Waterfall|p1a: Moltres
|-supereffective|p1a: Moltres
|-damage|p1a: Moltres|82/100
|
|-heal|p2a: 808 and curses|97/100 brn|[from] item: Leftovers
|-damage|p2a: 808 and curses|91/100 brn|[from] brn
|upkeep
|turn|33
|
|t:|1769362235
|move|p1a: Moltres|Flamethrower|p2a: 808 and curses
|-resisted|p2a: 808 and curses
|-damage|p2a: 808 and curses|72/100 brn
|move|p2a: 808 and curses|Waterfall|p1a: Moltres
|-supereffective|p1a: Moltres
|-damage|p1a: Moltres|63/100
|
|-heal|p2a: 808 and curses|78/100 brn|[from] item: Leftovers
|-damage|p2a: 808 and curses|72/100 brn|[from] brn
|upkeep
|turn|34
|
|t:|1769362238
|move|p1a: Moltres|Roost|p1a: Moltres
|-heal|p1a: Moltres|100/100
|-singleturn|p1a: Moltres|move: Roost
|move|p2a: 808 and curses|Rest|p2a: 808 and curses
|-status|p2a: 808 and curses|slp|[from] move: Rest
|-heal|p2a: 808 and curses|100/100 slp|[silent]
|
|upkeep
|turn|35
|
|t:|1769362241
|move|p1a: Moltres|Flamethrower|p2a: 808 and curses
|-resisted|p2a: 808 and curses
|-damage|p2a: 808 and curses|83/100 slp
|cant|p2a: 808 and curses|slp
|move|p2a: 808 and curses|Sleep Talk|p2a: 808 and curses
|move|p2a: 808 and curses|Waterfall|p1a: Moltres|[from] move: Sleep Talk
|-supereffective|p1a: Moltres
|-damage|p1a: Moltres|60/100
|
|-heal|p2a: 808 and curses|89/100 slp|[from] item: Leftovers
|upkeep
|turn|36
|
|t:|1769362243
|move|p1a: Moltres|Roost|p1a: Moltres
|-heal|p1a: Moltres|100/100
|-singleturn|p1a: Moltres|move: Roost
|cant|p2a: 808 and curses|slp
|move|p2a: 808 and curses|Sleep Talk|p2a: 808 and curses
|move|p2a: 808 and curses|Curse|p2a: 808 and curses|[from] move: Sleep Talk
|-unboost|p2a: 808 and curses|spe|1
|-boost|p2a: 808 and curses|atk|1
|-boost|p2a: 808 and curses|def|1
|
|-heal|p2a: 808 and curses|96/100 slp|[from] item: Leftovers
|upkeep
|turn|37
|
|t:|1769362245
|switch|p1a: Hydrapple|Hydrapple, M|100/100 tox
|-curestatus|p2a: 808 and curses|slp|[msg]
|move|p2a: 808 and curses|Waterfall|p1a: Hydrapple
|-resisted|p1a: Hydrapple
|-damage|p1a: Hydrapple|94/100 tox
|
|-heal|p2a: 808 and curses|100/100|[from] item: Leftovers
|-damage|p1a: Hydrapple|88/100 tox|[from] psn
|upkeep
|turn|38
|
|t:|1769362247
|switch|p2a: Free Palestine|Gliscor, M|64/100 tox
|move|p1a: Hydrapple|Giga Drain|p2a: Free Palestine
|-damage|p2a: Free Palestine|26/100 tox
|-heal|p1a: Hydrapple|100/100 tox|[from] drain|[of] p2a: Free Palestine
|
|-heal|p2a: Free Palestine|39/100 tox|[from] ability: Poison Heal
|-damage|p1a: Hydrapple|88/100 tox|[from] psn
|upkeep
|turn|39
|
|t:|1769362250
|switch|p1a: Excadrill|Excadrill, F|100/100
|-item|p1a: Excadrill|Air Balloon
|move|p2a: Free Palestine|Protect||[still]
|-fail|p2a: Free Palestine
|
|-heal|p2a: Free Palestine|51/100 tox|[from] ability: Poison Heal
|upkeep
|turn|40
|
|t:|1769362252
|move|p2a: Free Palestine|Protect|p2a: Free Palestine
|-singleturn|p2a: Free Palestine|Protect
|move|p1a: Excadrill|Swords Dance|p1a: Excadrill
|-boost|p1a: Excadrill|atk|2
|
|-heal|p2a: Free Palestine|63/100 tox|[from] ability: Poison Heal
|upkeep
|turn|41
|
|t:|1769362254
|switch|p1a: Slowking|Slowking-Galar, M|100/100
|switch|p2a: 808 and curses|Dondozo, M|100/100
|
|upkeep
|turn|42
|
|t:|1769362256
|switch|p2a: Save Sudan|Slowking-Galar, M|100/100
|move|p1a: Slowking|Sludge Bomb|p2a: Save Sudan
|-resisted|p2a: Save Sudan
|-damage|p2a: Save Sudan|87/100
|
|upkeep
|turn|43
|
|t:|1769362259
|move|p2a: Save Sudan|Thunder Wave|p1a: Slowking
|-status|p1a: Slowking|par
|move|p1a: Slowking|Ice Beam|p2a: Save Sudan
|-damage|p2a: Save Sudan|69/100
|
|upkeep
|turn|44
|
|t:|1769362262
|switch|p2a: brat|Blissey, F|100/100
|move|p1a: Slowking|Ice Beam|p2a: brat
|-damage|p2a: brat|93/100
|-status|p2a: brat|frz
|
|upkeep
|turn|45
|
|t:|1769362266
|-curestatus|p2a: brat|frz|[from] ability: Natural Cure
|switch|p2a: Save Sudan|Slowking-Galar, M|100/100
|cant|p1a: Slowking|par
|
|upkeep
|turn|46
|
|t:|1769362268
|switch|p2a: brat|Blissey, F|93/100
|switch|p1a: Tyranitar|Tyranitar, F|100/100
|-weather|Sandstorm|[from] ability: Sand Stream|[of] p1a: Tyranitar
|
|-weather|Sandstorm|[upkeep]
|-damage|p2a: brat|87/100|[from] Sandstorm
|upkeep
|turn|47
|
|t:|1769362271
|switch|p2a: Trump is low IQ|Corviknight, M|80/100
|-ability|p2a: Trump is low IQ|Pressure
|move|p1a: Tyranitar|Stealth Rock|p2a: Trump is low IQ
|-sidestart|p2: Trainer #39|move: Stealth Rock
|
|-weather|Sandstorm|[upkeep]
|upkeep
|turn|48
|
|t:|1769362273
|switch|p1a: Moltres|Moltres|100/100
|move|p2a: Trump is low IQ|Defog|p1a: Moltres
|-unboost|p1a: Moltres|evasion|1
|-sideend|p2: Trainer #39|Stealth Rock|[from] move: Defog|[of] p2a: Trump is low IQ
|
|-weather|Sandstorm|[upkeep]
|-damage|p1a: Moltres|94/100|[from] Sandstorm
|upkeep
|turn|49
|
|t:|1769362276
|switch|p2a: Save Sudan|Slowking-Galar, M|100/100
|move|p1a: Moltres|Flamethrower|p2a: Save Sudan
|-damage|p2a: Save Sudan|73/100
|
|-weather|Sandstorm|[upkeep]
|-damage|p2a: Save Sudan|67/100|[from] Sandstorm
|-damage|p1a: Moltres|88/100|[from] Sandstorm
|upkeep
|turn|50
|
|t:|1769362279
|move|p2a: Save Sudan|Trick|p1a: Moltres
|-activate|p2a: Save Sudan|move: Trick|[of] p1a: Moltres
|-item|p1a: Moltres|Choice Scarf|[from] move: Trick
|-item|p2a: Save Sudan|Heavy-Duty Boots|[from] move: Trick
|move|p1a: Moltres|Flamethrower|p2a: Save Sudan
|-damage|p2a: Save Sudan|38/100
|
|-weather|Sandstorm|[upkeep]
|-damage|p1a: Moltres|82/100|[from] Sandstorm
|-damage|p2a: Save Sudan|32/100|[from] Sandstorm
|upkeep
|turn|51
|
|t:|1769362282
|switch|p2a: brat|Blissey, F|87/100
|move|p1a: Moltres|Flamethrower|p2a: brat
|-damage|p2a: brat|74/100
|
|-weather|Sandstorm|[upkeep]
|-damage|p1a: Moltres|76/100|[from] Sandstorm
|-damage|p2a: brat|68/100|[from] Sandstorm
|upkeep
|turn|52
|
|t:|1769362285
|switch|p1a: Tyranitar|Tyranitar, F|100/100
|move|p2a: brat|Stealth Rock|p1a: Tyranitar
|-sidestart|p1: CambridgeFoulPlay|move: Stealth Rock
|
|-weather|Sandstorm|[upkeep]
|-damage|p2a: brat|62/100|[from] Sandstorm
|upkeep
|turn|53
|
|t:|1769362288
|switch|p2a: Trump is low IQ|Corviknight, M|80/100
|-ability|p2a: Trump is low IQ|Pressure
|move|p1a: Tyranitar|Knock Off|p2a: Trump is low IQ
|-damage|p2a: Trump is low IQ|54/100
|-damage|p1a: Tyranitar|84/100|[from] item: Rocky Helmet|[of] p2a: Trump is low IQ
|-enditem|p2a: Trump is low IQ|Rocky Helmet|[from] move: Knock Off|[of] p1a: Tyranitar
|
|-weather|none
|upkeep
|turn|54
|
|t:|1769362291
|move|p2a: Trump is low IQ|Roost|p2a: Trump is low IQ
|-heal|p2a: Trump is low IQ|100/100
|-singleturn|p2a: Trump is low IQ|move: Roost
|move|p1a: Tyranitar|Stealth Rock|p2a: Trump is low IQ
|-sidestart|p2: Trainer #39|move: Stealth Rock
|
|upkeep
|turn|55
|
|t:|1769362293
|switch|p1a: Zamazenta|Zamazenta|100/100
|-damage|p1a: Zamazenta|94/100|[from] Stealth Rock
|-ability|p1a: Zamazenta|Dauntless Shield|boost
|-boost|p1a: Zamazenta|def|1
|move|p2a: Trump is low IQ|Brave Bird|p1a: Zamazenta
|-supereffective|p1a: Zamazenta
|-damage|p1a: Zamazenta|57/100
|-damage|p2a: Trump is low IQ|90/100|[from] Recoil
|
|-heal|p1a: Zamazenta|64/100|[from] item: Leftovers
|upkeep
|turn|56
|
|t:|1769362297
|move|p1a: Zamazenta|Body Press|p2a: Trump is low IQ
|-damage|p2a: Trump is low IQ|54/100
|move|p2a: Trump is low IQ|Brave Bird|p1a: Zamazenta
|-supereffective|p1a: Zamazenta
|-crit|p1a: Zamazenta
|-damage|p1a: Zamazenta|0 fnt
|faint|p1a: Zamazenta
|-damage|p2a: Trump is low IQ|37/100|[from] Recoil
|
|upkeep
|
|t:|1769362299
|switch|p1a: Excadrill|Excadrill, F|100/100
|-damage|p1a: Excadrill|97/100|[from] Stealth Rock
|-item|p1a: Excadrill|Air Balloon
|turn|57
|
|t:|1769362301
|move|p1a: Excadrill|Rapid Spin|p2a: Trump is low IQ
|-resisted|p2a: Trump is low IQ
|-damage|p2a: Trump is low IQ|32/100
|-boost|p1a: Excadrill|spe|1
|-sideend|p1: CambridgeFoulPlay|Stealth Rock|[from] move: Rapid Spin|[of] p1a: Excadrill
|move|p2a: Trump is low IQ|Roost|p2a: Trump is low IQ
|-heal|p2a: Trump is low IQ|82/100
|-singleturn|p2a: Trump is low IQ|move: Roost
|
|upkeep
|turn|58
|
|t:|1769362302
|switch|p1a: Moltres|Moltres|76/100
|move|p2a: Trump is low IQ|Defog|p1a: Moltres
|-unboost|p1a: Moltres|evasion|1
|-sideend|p2: Trainer #39|Stealth Rock|[from] move: Defog|[of] p2a: Trump is low IQ
|
|upkeep
|turn|59
|
|t:|1769362304
|switch|p2a: Save Sudan|Slowking-Galar, M|65/100
|move|p1a: Moltres|Flamethrower|p2a: Save Sudan
|-damage|p2a: Save Sudan|37/100
|
|upkeep
|turn|60
|
|t:|1769362308
|move|p1a: Moltres|Flamethrower|p2a: Save Sudan
|-damage|p2a: Save Sudan|8/100
|move|p2a: Save Sudan|Sludge Bomb|p1a: Moltres
|-damage|p1a: Moltres|43/100
|-status|p1a: Moltres|psn
|
|-damage|p1a: Moltres|31/100 psn|[from] psn
|upkeep
|turn|61
|
|t:|1769362310
|switch|p1a: Excadrill|Excadrill, F|97/100
|-item|p1a: Excadrill|Air Balloon
|switch|p2a: brat|Blissey, F|62/100
|
|upkeep
|turn|62
|
|t:|1769362313
|switch|p2a: Free Palestine|Gliscor, M|63/100 tox
|move|p1a: Excadrill|Earthquake|p2a: Free Palestine
|-immune|p2a: Free Palestine
|
|-heal|p2a: Free Palestine|76/100 tox|[from] ability: Poison Heal
|upkeep
|turn|63
|
|t:|1769362315
|switch|p2a: Trump is low IQ|Corviknight, M|82/100
|-ability|p2a: Trump is low IQ|Pressure
|move|p1a: Excadrill|Swords Dance|p1a: Excadrill
|-boost|p1a: Excadrill|atk|2
|
|upkeep
|turn|64
|
|t:|1769362318
|switch|p1a: Moltres|Moltres|31/100 psn
|switch|p2a: 808 and curses|Dondozo, M|100/100
|
|-damage|p1a: Moltres|18/100 psn|[from] psn
|upkeep
|turn|65
|
|t:|1769362320
|move|p1a: Moltres|Roost|p1a: Moltres
|-heal|p1a: Moltres|68/100 psn
|-singleturn|p1a: Moltres|move: Roost
|move|p2a: 808 and curses|Curse|p2a: 808 and curses
|-unboost|p2a: 808 and curses|spe|1
|-boost|p2a: 808 and curses|atk|1
|-boost|p2a: 808 and curses|def|1
|
|-damage|p1a: Moltres|56/100 psn|[from] psn
|upkeep
|turn|66
|
|t:|1769362321
|switch|p1a: Hydrapple|Hydrapple, M|100/100 tox
|move|p2a: 808 and curses|Waterfall|p1a: Hydrapple
|-resisted|p1a: Hydrapple
|-damage|p1a: Hydrapple|94/100 tox
|
|-damage|p1a: Hydrapple|88/100 tox|[from] psn
|upkeep
|turn|67
|
|t:|1769362324
|switch|p2a: Save Sudan|Slowking-Galar, M|41/100
|move|p1a: Hydrapple|Giga Drain|p2a: Save Sudan
|-resisted|p2a: Save Sudan
|-damage|p2a: Save Sudan|28/100
|-heal|p1a: Hydrapple|93/100 tox|[from] drain|[of] p2a: Save Sudan
|
|-damage|p1a: Hydrapple|81/100 tox|[from] psn
|upkeep
|turn|68
|
|t:|1769362326
|switch|p2a: brat|Blissey, F|62/100
|switch|p1a: Excadrill|Excadrill, F|97/100
|-item|p1a: Excadrill|Air Balloon
|
|upkeep
|turn|69
|
|t:|1769362329
|switch|p2a: Free Palestine|Gliscor, M|76/100 tox
|move|p1a: Excadrill|Earthquake|p2a: Free Palestine
|-immune|p2a: Free Palestine
|
|-heal|p2a: Free Palestine|88/100 tox|[from] ability: Poison Heal
|upkeep
|turn|70
|
|t:|1769362331
|switch|p2a: 808 and curses|Dondozo, M|100/100
|move|p1a: Excadrill|Earthquake|p2a: 808 and curses
|-damage|p2a: 808 and curses|75/100
|
|-heal|p2a: 808 and curses|81/100|[from] item: Leftovers
|upkeep
|turn|71
|
|t:|1769362332
|switch|p1a: Hydrapple|Hydrapple, M|100/100 tox
|move|p2a: 808 and curses|Waterfall|p1a: Hydrapple
|-resisted|p1a: Hydrapple
|-damage|p1a: Hydrapple|96/100 tox
|
|-heal|p2a: 808 and curses|87/100|[from] item: Leftovers
|-damage|p1a: Hydrapple|90/100 tox|[from] psn
|upkeep
|turn|72
|
|t:|1769362334
|switch|p2a: Save Sudan|Slowking-Galar, M|61/100
|move|p1a: Hydrapple|Giga Drain|p2a: Save Sudan
|-resisted|p2a: Save Sudan
|-damage|p2a: Save Sudan|49/100
|-heal|p1a: Hydrapple|95/100 tox|[from] drain|[of] p2a: Save Sudan
|
|-damage|p1a: Hydrapple|83/100 tox|[from] psn
|upkeep
|turn|73
|
|t:|1769362336
|switch|p2a: brat|Blissey, F|62/100
|switch|p1a: Tyranitar|Tyranitar, F|84/100
|-weather|Sandstorm|[from] ability: Sand Stream|[of] p1a: Tyranitar
|
|-weather|Sandstorm|[upkeep]
|-damage|p2a: brat|56/100|[from] Sandstorm
|upkeep
|turn|74
|
|t:|1769362338
|switch|p2a: Trump is low IQ|Corviknight, M|82/100
|-ability|p2a: Trump is low IQ|Pressure
|move|p1a: Tyranitar|Knock Off|p2a: Trump is low IQ
|-damage|p2a: Trump is low IQ|65/100
|
|-weather|Sandstorm|[upkeep]
|upkeep
|turn|75
|
|t:|1769362341
|move|p2a: Trump is low IQ|Brave Bird|p1a: Tyranitar
|-resisted|p1a: Tyranitar
|-damage|p1a: Tyranitar|70/100
|-damage|p2a: Trump is low IQ|61/100|[from] Recoil
|move|p1a: Tyranitar|Thunder Wave|p2a: Trump is low IQ
|-status|p2a: Trump is low IQ|par
|
|-weather|Sandstorm|[upkeep]
|upkeep
|turn|76
|
|t:|1769362343
|move|p1a: Tyranitar|Stealth Rock|p2a: Trump is low IQ
|-sidestart|p2: Trainer #39|move: Stealth Rock
|move|p2a: Trump is low IQ|Defog|p1a: Tyranitar
|-unboost|p1a: Tyranitar|evasion|1
|-sideend|p2: Trainer #39|Stealth Rock|[from] move: Defog|[of] p2a: Trump is low IQ
|
|-weather|Sandstorm|[upkeep]
|upkeep
|turn|77
|
|t:|1769362345
|move|p1a: Tyranitar|Stealth Rock|p2a: Trump is low IQ
|-sidestart|p2: Trainer #39|move: Stealth Rock
|cant|p2a: Trump is low IQ|par
|
|-weather|Sandstorm|[upkeep]
|upkeep
|turn|78
|
|t:|1769362346
|switch|p1a: Excadrill|Excadrill, F|97/100
|-item|p1a: Excadrill|Air Balloon
|cant|p2a: Trump is low IQ|par
|
|-weather|Sandstorm|[upkeep]
|upkeep
|turn|79
|
|t:|1769362348
|move|p1a: Excadrill|Iron Head|p2a: Trump is low IQ
|-resisted|p2a: Trump is low IQ
|-damage|p2a: Trump is low IQ|48/100 par
|move|p2a: Trump is low IQ|Defog|p1a: Excadrill
|-unboost|p1a: Excadrill|evasion|1
|-sideend|p2: Trainer #39|Stealth Rock|[from] move: Defog|[of] p2a: Trump is low IQ
|
|-weather|Sandstorm|[upkeep]
|upkeep
|turn|80
|
|t:|1769362350
|move|p1a: Excadrill|Iron Head|p2a: Trump is low IQ
|-resisted|p2a: Trump is low IQ
|-damage|p2a: Trump is low IQ|35/100 par
|cant|p2a: Trump is low IQ|par
|
|-weather|none
|upkeep
|turn|81
|
|t:|1769362352
|move|p1a: Excadrill|Iron Head|p2a: Trump is low IQ
|-resisted|p2a: Trump is low IQ
|-damage|p2a: Trump is low IQ|23/100 par
|cant|p2a: Trump is low IQ|par
|
|upkeep
|turn|82
|
|t:|1769362353
|move|p1a: Excadrill|Swords Dance|p1a: Excadrill
|-boost|p1a: Excadrill|atk|2
|move|p2a: Trump is low IQ|Roost|p2a: Trump is low IQ
|-heal|p2a: Trump is low IQ|73/100 par
|-singleturn|p2a: Trump is low IQ|move: Roost
|
|upkeep
|turn|83
|
|t:|1769362355
|switch|p2a: 808 and curses|Dondozo, M|87/100
|move|p1a: Excadrill|Earthquake|p2a: 808 and curses
|-damage|p2a: 808 and curses|64/100
|
|-heal|p2a: 808 and curses|71/100|[from] item: Leftovers
|upkeep
|turn|84
|
|t:|1769362358
|switch|p1a: Hydrapple|Hydrapple, M|100/100 tox
|move|p2a: 808 and curses|Waterfall|p1a: Hydrapple
|-resisted|p1a: Hydrapple
|-damage|p1a: Hydrapple|96/100 tox
|
|-heal|p2a: 808 and curses|77/100|[from] item: Leftovers
|-damage|p1a: Hydrapple|90/100 tox|[from] psn
|upkeep
|turn|85
|
|t:|1769362360
|switch|p2a: Save Sudan|Slowking-Galar, M|82/100
|move|p1a: Hydrapple|Giga Drain|p2a: Save Sudan
|-resisted|p2a: Save Sudan
|-damage|p2a: Save Sudan|70/100
|-heal|p1a: Hydrapple|96/100 tox|[from] drain|[of] p2a: Save Sudan
|
|-damage|p1a: Hydrapple|83/100 tox|[from] psn
|upkeep
|turn|86
|
|t:|1769362361
|switch|p1a: Tyranitar|Tyranitar, F|70/100
|-weather|Sandstorm|[from] ability: Sand Stream|[of] p1a: Tyranitar
|move|p2a: Save Sudan|Future Sight|p1a: Tyranitar
|-start|p2a: Save Sudan|move: Future Sight
|
|-weather|Sandstorm|[upkeep]
|-damage|p2a: Save Sudan|64/100|[from] Sandstorm
|upkeep
|turn|87
|
|t:|1769362363
|switch|p2a: Trump is low IQ|Corviknight, M|73/100 par
|-ability|p2a: Trump is low IQ|Pressure
|move|p1a: Tyranitar|Knock Off|p2a: Trump is low IQ
|-damage|p2a: Trump is low IQ|56/100 par
|
|-weather|Sandstorm|[upkeep]
|upkeep
|turn|88
|
|t:|1769362365
|move|p1a: Tyranitar|Stealth Rock|p2a: Trump is low IQ
|-sidestart|p2: Trainer #39|move: Stealth Rock
|move|p2a: Trump is low IQ|Roost|p2a: Trump is low IQ
|-heal|p2a: Trump is low IQ|100/100 par
|-singleturn|p2a: Trump is low IQ|move: Roost
|
|-weather|Sandstorm|[upkeep]
|-end|p1a: Tyranitar|move: Future Sight
|-immune|p1a: Tyranitar
|upkeep
|turn|89
|
|t:|1769362366
|move|p1a: Tyranitar|Ice Beam|p2a: Trump is low IQ
|-damage|p2a: Trump is low IQ|82/100 par
|move|p2a: Trump is low IQ|Defog|p1a: Tyranitar
|-unboost|p1a: Tyranitar|evasion|1
|-sideend|p2: Trainer #39|Stealth Rock|[from] move: Defog|[of] p2a: Trump is low IQ
|
|-weather|Sandstorm|[upkeep]
|upkeep
|turn|90
|
|t:|1769362368
|move|p1a: Tyranitar|Stealth Rock|p2a: Trump is low IQ
|-sidestart|p2: Trainer #39|move: Stealth Rock
|move|p2a: Trump is low IQ|Defog|p1a: Tyranitar
|-unboost|p1a: Tyranitar|evasion|1
|-sideend|p2: Trainer #39|Stealth Rock|[from] move: Defog|[of] p2a: Trump is low IQ
|
|-weather|Sandstorm|[upkeep]
|upkeep
|turn|91
|
|t:|1769362370
|move|p1a: Tyranitar|Stealth Rock|p2a: Trump is low IQ
|-sidestart|p2: Trainer #39|move: Stealth Rock
|cant|p2a: Trump is low IQ|par
|
|-weather|Sandstorm|[upkeep]
|upkeep
|turn|92
|
|t:|1769362371
|move|p1a: Tyranitar|Ice Beam|p2a: Trump is low IQ
|-damage|p2a: Trump is low IQ|62/100 par
|move|p2a: Trump is low IQ|Defog|p1a: Tyranitar
|-unboost|p1a: Tyranitar|evasion|1
|-sideend|p2: Trainer #39|Stealth Rock|[from] move: Defog|[of] p2a: Trump is low IQ
|
|-weather|Sandstorm|[upkeep]
|upkeep
|turn|93
|
|t:|1769362373
|move|p1a: Tyranitar|Stealth Rock|p2a: Trump is low IQ
|-sidestart|p2: Trainer #39|move: Stealth Rock
|move|p2a: Trump is low IQ|Defog|p1a: Tyranitar
|-unboost|p1a: Tyranitar|evasion|1
|-sideend|p2: Trainer #39|Stealth Rock|[from] move: Defog|[of] p2a: Trump is low IQ
|
|-weather|none
|upkeep
|turn|94
|
|t:|1769362374
|move|p1a: Tyranitar|Stealth Rock|p2a: Trump is low IQ
|-sidestart|p2: Trainer #39|move: Stealth Rock
|cant|p2a: Trump is low IQ|par
|
|upkeep
|turn|95
|
|t:|1769362376
|switch|p1a: Excadrill|Excadrill, F|97/100
|-item|p1a: Excadrill|Air Balloon
|move|p2a: Trump is low IQ|Defog|p1a: Excadrill
|-unboost|p1a: Excadrill|evasion|1
|-sideend|p2: Trainer #39|Stealth Rock|[from] move: Defog|[of] p2a: Trump is low IQ
|
|upkeep
|turn|96
|
|t:|1769362378
|move|p1a: Excadrill|Earthquake|p2a: Trump is low IQ
|-immune|p2a: Trump is low IQ
|cant|p2a: Trump is low IQ|par
|
|upkeep
|turn|97
|
|t:|1769362380
|move|p1a: Excadrill|Earthquake|p2a: Trump is low IQ
|-immune|p2a: Trump is low IQ
|move|p2a: Trump is low IQ|U-turn|p1a: Excadrill
|-resisted|p1a: Excadrill
|-damage|p1a: Excadrill|87/100
|-enditem|p1a: Excadrill|Air Balloon
|
|t:|1769362382
|switch|p2a: Free Palestine|Gliscor, M|88/100 tox|[from] U-turn
|
|-heal|p2a: Free Palestine|100/100 tox|[from] ability: Poison Heal
|upkeep
|turn|98
|
|t:|1769362383
|switch|p1a: Hydrapple|Hydrapple, M|100/100 tox
|move|p2a: Free Palestine|Earthquake|p1a: Hydrapple
|-resisted|p1a: Hydrapple
|-damage|p1a: Hydrapple|92/100 tox
|
|-damage|p1a: Hydrapple|86/100 tox|[from] psn
|upkeep
|turn|99
|
|t:|1769362385
|move|p2a: Free Palestine|Substitute|p2a: Free Palestine
|-start|p2a: Free Palestine|Substitute
|-damage|p2a: Free Palestine|76/100 tox
|move|p1a: Hydrapple|Giga Drain|p2a: Free Palestine
|-end|p2a: Free Palestine|Substitute
|-heal|p1a: Hydrapple|97/100 tox|[from] drain|[of] p2a: Free Palestine
|
|-heal|p2a: Free Palestine|88/100 tox|[from] ability: Poison Heal
|-damage|p1a: Hydrapple|84/100 tox|[from] psn
|upkeep
|turn|100
|
|t:|1769362387
|move|p2a: Free Palestine|Substitute|p2a: Free Palestine
|-start|p2a: Free Palestine|Substitute
|-damage|p2a: Free Palestine|63/100 tox
|move|p1a: Hydrapple|Giga Drain|p2a: Free Palestine
|-end|p2a: Free Palestine|Substitute
|-heal|p1a: Hydrapple|95/100 tox|[from] drain|[of] p2a: Free Palestine
|
|-heal|p2a: Free Palestine|76/100 tox|[from] ability: Poison Heal
|-damage|p1a: Hydrapple|77/100 tox|[from] psn
|upkeep
|turn|101
|
|t:|1769362389
|switch|p1a: Moltres|Moltres|56/100 psn
|move|p2a: Free Palestine|Protect||[still]
|-fail|p2a: Free Palestine
|
|-damage|p1a: Moltres|44/100 psn|[from] psn
|-heal|p2a: Free Palestine|88/100 tox|[from] ability: Poison Heal
|upkeep
|turn|102
|
|t:|1769362392
|switch|p2a: Save Sudan|Slowking-Galar, M|97/100
|move|p1a: Moltres|Flamethrower|p2a: Save Sudan
|-damage|p2a: Save Sudan|66/100
|
|-damage|p1a: Moltres|32/100 psn|[from] psn
|upkeep
|turn|103
|
|t:|1769362394
|move|p1a: Moltres|Flamethrower|p2a: Save Sudan
|-damage|p2a: Save Sudan|40/100
|move|p2a: Save Sudan|Future Sight|p1a: Moltres
|-start|p2a: Save Sudan|move: Future Sight
|
|-damage|p1a: Moltres|19/100 psn|[from] psn
|upkeep
|turn|104
|
|t:|1769362396
|switch|p1a: Tyranitar|Tyranitar, F|70/100
|-weather|Sandstorm|[from] ability: Sand Stream|[of] p1a: Tyranitar
|switch|p2a: brat|Blissey, F|56/100
|
|-weather|Sandstorm|[upkeep]
|-damage|p2a: brat|49/100|[from] Sandstorm
|upkeep
|turn|105
|j| tuanquewang
|
|t:|1769362398
|switch|p2a: Trump is low IQ|Corviknight, M|62/100 par
|-ability|p2a: Trump is low IQ|Pressure
|move|p1a: Tyranitar|Knock Off|p2a: Trump is low IQ
|-damage|p2a: Trump is low IQ|44/100 par
|
|-weather|Sandstorm|[upkeep]
|-end|p1a: Tyranitar|move: Future Sight
|-immune|p1a: Tyranitar
|upkeep
|turn|106
|
|t:|1769362400
|move|p1a: Tyranitar|Stealth Rock|p2a: Trump is low IQ
|-sidestart|p2: Trainer #39|move: Stealth Rock
|move|p2a: Trump is low IQ|Roost|p2a: Trump is low IQ
|-heal|p2a: Trump is low IQ|94/100 par
|-singleturn|p2a: Trump is low IQ|move: Roost
|
|-weather|Sandstorm|[upkeep]
|upkeep
|turn|107
|
|t:|1769362401
|move|p1a: Tyranitar|Knock Off|p2a: Trump is low IQ
|-damage|p2a: Trump is low IQ|76/100 par
|move|p2a: Trump is low IQ|Defog|p1a: Tyranitar
|-unboost|p1a: Tyranitar|evasion|1
|-sideend|p2: Trainer #39|Stealth Rock|[from] move: Defog|[of] p2a: Trump is low IQ
|
|-weather|Sandstorm|[upkeep]
|upkeep
|turn|108
|
|t:|1769362403
|move|p1a: Tyranitar|Stealth Rock|p2a: Trump is low IQ
|-sidestart|p2: Trainer #39|move: Stealth Rock
|move|p2a: Trump is low IQ|Defog|p1a: Tyranitar
|-unboost|p1a: Tyranitar|evasion|1
|-sideend|p2: Trainer #39|Stealth Rock|[from] move: Defog|[of] p2a: Trump is low IQ
|
|-weather|Sandstorm|[upkeep]
|upkeep
|turn|109
|
|t:|1769362406
|move|p1a: Tyranitar|Stealth Rock|p2a: Trump is low IQ
|-sidestart|p2: Trainer #39|move: Stealth Rock
|move|p2a: Trump is low IQ|Defog|p1a: Tyranitar
|-unboost|p1a: Tyranitar|evasion|1
|-sideend|p2: Trainer #39|Stealth Rock|[from] move: Defog|[of] p2a: Trump is low IQ
|
|-weather|Sandstorm|[upkeep]
|upkeep
|turn|110
|
|t:|1769362408
|move|p1a: Tyranitar|Stealth Rock|p2a: Trump is low IQ
|-sidestart|p2: Trainer #39|move: Stealth Rock
|cant|p2a: Trump is low IQ|par
|
|-weather|Sandstorm|[upkeep]
|upkeep
|turn|111
|
|t:|1769362409
|move|p1a: Tyranitar|Knock Off|p2a: Trump is low IQ
|-damage|p2a: Trump is low IQ|59/100 par
|move|p2a: Trump is low IQ|Defog|p1a: Tyranitar
|-unboost|p1a: Tyranitar|evasion|1
|-sideend|p2: Trainer #39|Stealth Rock|[from] move: Defog|[of] p2a: Trump is low IQ
|
|-weather|none
|upkeep
|turn|112
|
|t:|1769362411
|move|p1a: Tyranitar|Stealth Rock|p2a: Trump is low IQ
|-sidestart|p2: Trainer #39|move: Stealth Rock
|cant|p2a: Trump is low IQ|par
|
|upkeep
|turn|113
|
|t:|1769362412
|move|p1a: Tyranitar|Ice Beam|p2a: Trump is low IQ
|-damage|p2a: Trump is low IQ|39/100 par
|move|p2a: Trump is low IQ|Defog|p1a: Tyranitar
|-unboost|p1a: Tyranitar|evasion|1
|-sideend|p2: Trainer #39|Stealth Rock|[from] move: Defog|[of] p2a: Trump is low IQ
|
|upkeep
|turn|114
|
|t:|1769362414
|move|p1a: Tyranitar|Stealth Rock|p2a: Trump is low IQ
|-sidestart|p2: Trainer #39|move: Stealth Rock
|cant|p2a: Trump is low IQ|par
|
|upkeep
|turn|115
|
|t:|1769362415
|move|p1a: Tyranitar|Knock Off|p2a: Trump is low IQ
|-damage|p2a: Trump is low IQ|22/100 par
|cant|p2a: Trump is low IQ|par
|
|upkeep
|turn|116
|
|t:|1769362417
|move|p1a: Tyranitar|Knock Off|p2a: Trump is low IQ
|-damage|p2a: Trump is low IQ|5/100 par
|move|p2a: Trump is low IQ|Roost|p2a: Trump is low IQ
|-heal|p2a: Trump is low IQ|55/100 par
|-singleturn|p2a: Trump is low IQ|move: Roost
|
|upkeep
|turn|117
|
|t:|1769362419
|move|p1a: Tyranitar|Knock Off|p2a: Trump is low IQ
|-damage|p2a: Trump is low IQ|39/100 par
|move|p2a: Trump is low IQ|Defog|p1a: Tyranitar
|-unboost|p1a: Tyranitar|evasion|1
|-sideend|p2: Trainer #39|Stealth Rock|[from] move: Defog|[of] p2a: Trump is low IQ
|
|upkeep
|turn|118
|
|t:|1769362421
|move|p1a: Tyranitar|Stealth Rock|p2a: Trump is low IQ
|-sidestart|p2: Trainer #39|move: Stealth Rock
|move|p2a: Trump is low IQ|Roost|p2a: Trump is low IQ
|-heal|p2a: Trump is low IQ|89/100 par
|-singleturn|p2a: Trump is low IQ|move: Roost
|
|upkeep
|turn|119
|
|t:|1769362423
|move|p1a: Tyranitar|Ice Beam|p2a: Trump is low IQ
|-damage|p2a: Trump is low IQ|67/100 par
|move|p2a: Trump is low IQ|Defog|p1a: Tyranitar
|-unboost|p1a: Tyranitar|evasion|0
|-sideend|p2: Trainer #39|Stealth Rock|[from] move: Defog|[of] p2a: Trump is low IQ
|
|upkeep
|turn|120
|
|t:|1769362425
|move|p1a: Tyranitar|Knock Off|p2a: Trump is low IQ
|-damage|p2a: Trump is low IQ|49/100 par
|move|p2a: Trump is low IQ|Defog||[still]
|-unboost|p1a: Tyranitar|evasion|0
|-fail|p2a: Trump is low IQ
|
|upkeep
|turn|121
|
|t:|1769362427
|move|p1a: Tyranitar|Knock Off|p2a: Trump is low IQ
|-damage|p2a: Trump is low IQ|31/100 par
|move|p2a: Trump is low IQ|Roost|p2a: Trump is low IQ
|-heal|p2a: Trump is low IQ|81/100 par
|-singleturn|p2a: Trump is low IQ|move: Roost
|
|upkeep
|turn|122
|j| lonelyblueheart
|
|t:|1769362432
|move|p1a: Tyranitar|Knock Off|p2a: Trump is low IQ
|-damage|p2a: Trump is low IQ|63/100 par
|move|p2a: Trump is low IQ|Defog||[still]
|-unboost|p1a: Tyranitar|evasion|0
|-fail|p2a: Trump is low IQ
|
|upkeep
|turn|123
|
|t:|1769362433
|move|p1a: Tyranitar|Knock Off|p2a: Trump is low IQ
|-damage|p2a: Trump is low IQ|46/100 par
|move|p2a: Trump is low IQ|U-turn|p1a: Tyranitar
|-supereffective|p1a: Tyranitar
|-damage|p1a: Tyranitar|48/100
|l| lonelyblueheart
|
|t:|1769362436
|switch|p2a: Free Palestine|Gliscor, M|88/100 tox|[from] U-turn
|
|-heal|p2a: Free Palestine|100/100 tox|[from] ability: Poison Heal
|upkeep
|turn|124
|
|t:|1769362437
|switch|p2a: Trump is low IQ|Corviknight, M|46/100 par
|-ability|p2a: Trump is low IQ|Pressure
|switch|p1a: Hydrapple|Hydrapple, M|100/100 tox
|
|-damage|p1a: Hydrapple|94/100 tox|[from] psn
|upkeep
|turn|125
|
|t:|1769362440
|switch|p2a: Save Sudan|Slowking-Galar, M|73/100
|move|p1a: Hydrapple|Nasty Plot|p1a: Hydrapple
|-boost|p1a: Hydrapple|spa|2
|
|-damage|p1a: Hydrapple|82/100 tox|[from] psn
|upkeep
|turn|126
|
|t:|1769362443
|switch|p2a: Charli xcx|Clefable, M|100/100
|move|p1a: Hydrapple|Giga Drain|p2a: Charli xcx
|-damage|p2a: Charli xcx|79/100
|-heal|p1a: Hydrapple|92/100 tox|[from] drain|[of] p2a: Charli xcx
|
|-damage|p1a: Hydrapple|74/100 tox|[from] psn
|upkeep
|turn|127
|
|t:|1769362446
|switch|p1a: Excadrill|Excadrill, F|87/100
|move|p2a: Charli xcx|Moonblast|p1a: Excadrill
|-resisted|p1a: Excadrill
|-damage|p1a: Excadrill|66/100
|-unboost|p1a: Excadrill|spa|1
|
|upkeep
|turn|128
|
|t:|1769362450
|switch|p2a: 808 and curses|Dondozo, M|77/100
|move|p1a: Excadrill|Iron Head|p2a: 808 and curses
|-resisted|p2a: 808 and curses
|-damage|p2a: 808 and curses|67/100
|
|-heal|p2a: 808 and curses|73/100|[from] item: Leftovers
|upkeep
|turn|129
|
|t:|1769362451
|switch|p1a: Hydrapple|Hydrapple, M|100/100 tox
|move|p2a: 808 and curses|Waterfall|p1a: Hydrapple
|-resisted|p1a: Hydrapple
|-damage|p1a: Hydrapple|96/100 tox
|
|-heal|p2a: 808 and curses|79/100|[from] item: Leftovers
|-damage|p1a: Hydrapple|90/100 tox|[from] psn
|upkeep
|turn|130
|
|t:|1769362454
|switch|p2a: Save Sudan|Slowking-Galar, M|100/100
|move|p1a: Hydrapple|Giga Drain|p2a: Save Sudan
|-resisted|p2a: Save Sudan
|-damage|p2a: Save Sudan|87/100
|-heal|p1a: Hydrapple|96/100 tox|[from] drain|[of] p2a: Save Sudan
|
|-damage|p1a: Hydrapple|83/100 tox|[from] psn
|upkeep
|turn|131
|
|t:|1769362456
|switch|p1a: Excadrill|Excadrill, F|66/100
|move|p2a: Save Sudan|Future Sight|p1a: Excadrill
|-start|p2a: Save Sudan|move: Future Sight
|
|upkeep
|turn|132
|
|t:|1769362458
|switch|p1a: Slowking|Slowking-Galar, M|100/100 par
|switch|p2a: 808 and curses|Dondozo, M|79/100
|
|-heal|p2a: 808 and curses|85/100|[from] item: Leftovers
|upkeep
|turn|133
|
|t:|1769362460
|move|p2a: 808 and curses|Waterfall|p1a: Slowking
|-damage|p1a: Slowking|79/100 par
|cant|p1a: Slowking|par
|
|-end|p1a: Slowking|move: Future Sight
|-crit|p1a: Slowking
|-damage|p1a: Slowking|42/100 par
|-heal|p2a: 808 and curses|92/100|[from] item: Leftovers
|upkeep
|turn|134
|
|t:|1769362462
|switch|p1a: Hydrapple|Hydrapple, M|100/100 tox
|move|p2a: 808 and curses|Waterfall|p1a: Hydrapple
|-resisted|p1a: Hydrapple
|-damage|p1a: Hydrapple|96/100 tox
|
|-heal|p2a: 808 and curses|98/100|[from] item: Leftovers
|-damage|p1a: Hydrapple|90/100 tox|[from] psn
|upkeep
|turn|135
|
|t:|1769362464
|switch|p1a: Slowking|Slowking-Galar, M|75/100 par
|switch|p2a: Save Sudan|Slowking-Galar, M|100/100
|
|upkeep
|turn|136
|
|t:|1769362465
|move|p2a: Save Sudan|Future Sight|p1a: Slowking
|-start|p2a: Save Sudan|move: Future Sight
|cant|p1a: Slowking|par
|
|upkeep
|turn|137
|
|t:|1769362468
|switch|p2a: brat|Blissey, F|49/100
|move|p1a: Slowking|Ice Beam|p2a: brat
|-damage|p2a: brat|42/100
|
|upkeep
|turn|138
|
|t:|1769362471
|switch|p1a: Tyranitar|Tyranitar, F|48/100
|-weather|Sandstorm|[from] ability: Sand Stream|[of] p1a: Tyranitar
|move|p2a: brat|Stealth Rock|p1a: Tyranitar
|-sidestart|p1: CambridgeFoulPlay|move: Stealth Rock
|
|-weather|Sandstorm|[upkeep]
|-damage|p2a: brat|35/100|[from] Sandstorm
|-end|p1a: Tyranitar|move: Future Sight
|-immune|p1a: Tyranitar
|upkeep
|turn|139
|
|t:|1769362473
|switch|p2a: Trump is low IQ|Corviknight, M|46/100 par
|-ability|p2a: Trump is low IQ|Pressure
|move|p1a: Tyranitar|Knock Off|p2a: Trump is low IQ
|-damage|p2a: Trump is low IQ|30/100 par
|
|-weather|Sandstorm|[upkeep]
|upkeep
|turn|140
|j| deadbyflinch
|
|t:|1769362480
|move|p1a: Tyranitar|Knock Off|p2a: Trump is low IQ
|-damage|p2a: Trump is low IQ|12/100 par
|cant|p2a: Trump is low IQ|par
|
|-weather|Sandstorm|[upkeep]
|upkeep
|turn|141
|
|t:|1769362486
|switch|p1a: Slowking|Slowking-Galar, M|100/100 par
|-damage|p1a: Slowking|88/100 par|[from] Stealth Rock
|switch|p2a: Free Palestine|Gliscor, M|100/100 tox
|
|-weather|Sandstorm|[upkeep]
|-damage|p1a: Slowking|82/100 par|[from] Sandstorm
|upkeep
|turn|142
|
|t:|1769362488
|move|p2a: Free Palestine|Substitute|p2a: Free Palestine
|-start|p2a: Free Palestine|Substitute
|-damage|p2a: Free Palestine|76/100 tox
|move|p1a: Slowking|Ice Beam|p2a: Free Palestine
|-supereffective|p2a: Free Palestine
|-end|p2a: Free Palestine|Substitute
|
|-weather|Sandstorm|[upkeep]
|-damage|p1a: Slowking|76/100 par|[from] Sandstorm
|-heal|p2a: Free Palestine|88/100 tox|[from] ability: Poison Heal
|upkeep
|turn|143
|
|t:|1769362490
|move|p2a: Free Palestine|Substitute|p2a: Free Palestine
|-start|p2a: Free Palestine|Substitute
|-damage|p2a: Free Palestine|63/100 tox
|move|p1a: Slowking|Ice Beam|p2a: Free Palestine
|-supereffective|p2a: Free Palestine
|-end|p2a: Free Palestine|Substitute
|
|-weather|Sandstorm|[upkeep]
|-damage|p1a: Slowking|70/100 par|[from] Sandstorm
|-heal|p2a: Free Palestine|76/100 tox|[from] ability: Poison Heal
|upkeep
|turn|144
|
|t:|1769362492
|move|p2a: Free Palestine|Substitute|p2a: Free Palestine
|-start|p2a: Free Palestine|Substitute
|-damage|p2a: Free Palestine|51/100 tox
|move|p1a: Slowking|Ice Beam|p2a: Free Palestine
|-supereffective|p2a: Free Palestine
|-end|p2a: Free Palestine|Substitute
|
|-weather|Sandstorm|[upkeep]
|-damage|p1a: Slowking|64/100 par|[from] Sandstorm
|-heal|p2a: Free Palestine|63/100 tox|[from] ability: Poison Heal
|upkeep
|turn|145
|
|t:|1769362494
|move|p2a: Free Palestine|Protect|p2a: Free Palestine
|-singleturn|p2a: Free Palestine|Protect
|cant|p1a: Slowking|par
|
|-weather|none
|-heal|p2a: Free Palestine|76/100 tox|[from] ability: Poison Heal
|upkeep
|turn|146
|
|t:|1769362497
|switch|p2a: Save Sudan|Slowking-Galar, M|100/100
|move|p1a: Slowking|Ice Beam|p2a: Save Sudan
|-damage|p2a: Save Sudan|82/100
|-status|p2a: Save Sudan|frz
|
|upkeep
|turn|147
|
|t:|1769362499
|cant|p2a: Save Sudan|frz
|move|p1a: Slowking|Ice Beam|p2a: Save Sudan
|-damage|p2a: Save Sudan|64/100 frz
|
|upkeep
|turn|148
|
|t:|1769362502
|cant|p2a: Save Sudan|frz
|move|p1a: Slowking|Ice Beam|p2a: Save Sudan
|-crit|p2a: Save Sudan
|-damage|p2a: Save Sudan|37/100 frz
|
|upkeep
|turn|149
|
|t:|1769362503
|cant|p2a: Save Sudan|frz
|move|p1a: Slowking|Ice Beam|p2a: Save Sudan
|-damage|p2a: Save Sudan|20/100 frz
|
|upkeep
|turn|150
|
|t:|1769362505
|switch|p2a: brat|Blissey, F|35/100
|move|p1a: Slowking|Ice Beam|p2a: brat
|-damage|p2a: brat|27/100
|
|upkeep
|turn|151
|
|t:|1769362508
|switch|p1a: Excadrill|Excadrill, F|66/100
|-damage|p1a: Excadrill|63/100|[from] Stealth Rock
|move|p2a: brat|Soft-Boiled|p2a: brat
|-heal|p2a: brat|77/100
|
|upkeep
|turn|152
|
|t:|1769362511
|switch|p2a: Trump is low IQ|Corviknight, M|12/100 par
|-ability|p2a: Trump is low IQ|Pressure
|move|p1a: Excadrill|Rapid Spin|p2a: Trump is low IQ
|-resisted|p2a: Trump is low IQ
|-damage|p2a: Trump is low IQ|7/100 par
|-boost|p1a: Excadrill|spe|1
|-sideend|p1: CambridgeFoulPlay|Stealth Rock|[from] move: Rapid Spin|[of] p1a: Excadrill
|
|upkeep
|turn|153
|
|t:|1769362513
|switch|p2a: Free Palestine|Gliscor, M|76/100 tox
|move|p1a: Excadrill|Iron Head|p2a: Free Palestine
|-damage|p2a: Free Palestine|48/100 tox
|
|-heal|p2a: Free Palestine|60/100 tox|[from] ability: Poison Heal
|upkeep
|turn|154
|
|t:|1769362515
|switch|p1a: Hydrapple|Hydrapple, M|100/100 tox
|move|p2a: Free Palestine|Earthquake|p1a: Hydrapple
|-resisted|p1a: Hydrapple
|-damage|p1a: Hydrapple|92/100 tox
|
|-heal|p2a: Free Palestine|73/100 tox|[from] ability: Poison Heal
|-damage|p1a: Hydrapple|86/100 tox|[from] psn
|upkeep
|turn|155
|
|t:|1769362517
|move|p2a: Free Palestine|Protect|p2a: Free Palestine
|-singleturn|p2a: Free Palestine|Protect
|move|p1a: Hydrapple|Nasty Plot|p1a: Hydrapple
|-boost|p1a: Hydrapple|spa|2
|
|-heal|p2a: Free Palestine|85/100 tox|[from] ability: Poison Heal
|-damage|p1a: Hydrapple|73/100 tox|[from] psn
|upkeep
|turn|156
|
|t:|1769362520
|switch|p2a: Charli xcx|Clefable, M|79/100
|move|p1a: Hydrapple|Giga Drain|p2a: Charli xcx
|-damage|p2a: Charli xcx|57/100
|-heal|p1a: Hydrapple|84/100 tox|[from] drain|[of] p2a: Charli xcx
|
|-damage|p1a: Hydrapple|66/100 tox|[from] psn
|upkeep
|turn|157
|
|t:|1769362522
|switch|p1a: Tyranitar|Tyranitar, F|48/100
|-weather|Sandstorm|[from] ability: Sand Stream|[of] p1a: Tyranitar
|move|p2a: Charli xcx|Wish|p2a: Charli xcx
|
|-weather|Sandstorm|[upkeep]
|-damage|p2a: Charli xcx|51/100|[from] Sandstorm
|upkeep
|turn|158
|
|t:|1769362525
|move|p1a: Tyranitar|Knock Off|p2a: Charli xcx
|-resisted|p2a: Charli xcx
|-damage|p2a: Charli xcx|27/100
|-enditem|p2a: Charli xcx|Heavy-Duty Boots|[from] move: Knock Off|[of] p1a: Tyranitar
|move|p2a: Charli xcx|Moonblast|p1a: Tyranitar
|-supereffective|p1a: Tyranitar
|-damage|p1a: Tyranitar|22/100
|
|-weather|Sandstorm|[upkeep]
|-damage|p2a: Charli xcx|21/100|[from] Sandstorm
|-heal|p2a: Charli xcx|71/100|[from] move: Wish|[wisher] Charli xcx
|upkeep
|turn|159
|
|t:|1769362528
|move|p1a: Tyranitar|Knock Off|p2a: Charli xcx
|-resisted|p2a: Charli xcx
|-crit|p2a: Charli xcx
|-damage|p2a: Charli xcx|45/100
|move|p2a: Charli xcx|Wish|p2a: Charli xcx
|
|-weather|Sandstorm|[upkeep]
|-damage|p2a: Charli xcx|39/100|[from] Sandstorm
|upkeep
|turn|160
|
|t:|1769362531
|switch|p1a: Slowking|Slowking-Galar, M|97/100 par
|move|p2a: Charli xcx|Moonblast|p1a: Slowking
|-resisted|p1a: Slowking
|-crit|p1a: Slowking
|-damage|p1a: Slowking|85/100 par
|
|-weather|Sandstorm|[upkeep]
|-damage|p2a: Charli xcx|33/100|[from] Sandstorm
|-damage|p1a: Slowking|79/100 par|[from] Sandstorm
|-heal|p2a: Charli xcx|83/100|[from] move: Wish|[wisher] Charli xcx
|upkeep
|turn|161
|
|t:|1769362534
|move|p2a: Charli xcx|Wish|p2a: Charli xcx
|cant|p1a: Slowking|par
|
|-weather|Sandstorm|[upkeep]
|-damage|p2a: Charli xcx|77/100|[from] Sandstorm
|-damage|p1a: Slowking|73/100 par|[from] Sandstorm
|upkeep
|turn|162
|
|t:|1769362536
|switch|p2a: Trump is low IQ|Corviknight, M|7/100 par
|-ability|p2a: Trump is low IQ|Pressure
|switch|p1a: Excadrill|Excadrill, F|63/100
|
|-weather|Sandstorm|[upkeep]
|-heal|p2a: Trump is low IQ|56/100 par|[from] move: Wish|[wisher] Charli xcx
|upkeep
|turn|163
|
|t:|1769362539
|move|p1a: Excadrill|Iron Head|p2a: Trump is low IQ
|-resisted|p2a: Trump is low IQ
|-damage|p2a: Trump is low IQ|43/100 par
|cant|p2a: Trump is low IQ|par
|
|-weather|Sandstorm|[upkeep]
|upkeep
|turn|164
|
|t:|1769362541
|switch|p1a: Slowking|Slowking-Galar, M|100/100 par
|move|p2a: Trump is low IQ|U-turn|p1a: Slowking
|-damage|p1a: Slowking|90/100 par
|
|t:|1769362544
|switch|p2a: Save Sudan|Slowking-Galar, M|53/100 frz|[from] U-turn
|
|-weather|none
|upkeep
|turn|165
|
|t:|1769362546
|cant|p2a: Save Sudan|frz
|move|p1a: Slowking|Psyshock|p2a: Save Sudan
|-damage|p2a: Save Sudan|13/100 frz
|
|upkeep
|turn|166
|
|t:|1769362549
|switch|p2a: 808 and curses|Dondozo, M|98/100
|cant|p1a: Slowking|par
|
|-heal|p2a: 808 and curses|100/100|[from] item: Leftovers
|upkeep
|turn|167
|
|t:|1769362550
|switch|p2a: brat|Blissey, F|77/100
|move|p1a: Slowking|Ice Beam|p2a: brat
|-damage|p2a: brat|70/100
|
|upkeep
|turn|168
|
|t:|1769362554
|switch|p1a: Excadrill|Excadrill, F|63/100
|move|p2a: brat|Stealth Rock|p1a: Excadrill
|-sidestart|p1: CambridgeFoulPlay|move: Stealth Rock
|
|upkeep
|turn|169
|
|t:|1769362556
|move|p1a: Excadrill|Rapid Spin|p2a: brat
|-damage|p2a: brat|50/100
|-boost|p1a: Excadrill|spe|1
|-sideend|p1: CambridgeFoulPlay|Stealth Rock|[from] move: Rapid Spin|[of] p1a: Excadrill
|move|p2a: brat|Shadow Ball|p1a: Excadrill
|-damage|p1a: Excadrill|45/100
|
|upkeep
|turn|170
|
|t:|1769362559
|switch|p2a: Trump is low IQ|Corviknight, M|43/100 par
|-ability|p2a: Trump is low IQ|Pressure
|move|p1a: Excadrill|Iron Head|p2a: Trump is low IQ
|-resisted|p2a: Trump is low IQ
|-crit|p2a: Trump is low IQ
|-damage|p2a: Trump is low IQ|25/100 par
|
|upkeep
|turn|171
|l| deadbyflinch
|
|t:|1769362562
|move|p1a: Excadrill|Iron Head|p2a: Trump is low IQ
|-resisted|p2a: Trump is low IQ
|-damage|p2a: Trump is low IQ|12/100 par
|move|p2a: Trump is low IQ|U-turn|p1a: Excadrill
|-resisted|p1a: Excadrill
|-damage|p1a: Excadrill|35/100
|
|t:|1769362565
|switch|p2a: Save Sudan|Slowking-Galar, M|47/100 frz|[from] U-turn
|
|upkeep
|turn|172
|
|t:|1769362566
|switch|p2a: Free Palestine|Gliscor, M|85/100 tox
|move|p1a: Excadrill|Swords Dance|p1a: Excadrill
|-boost|p1a: Excadrill|atk|2
|
|-heal|p2a: Free Palestine|97/100 tox|[from] ability: Poison Heal
|upkeep
|turn|173
|
|t:|1769362569
|move|p1a: Excadrill|Iron Head|p2a: Free Palestine
|-damage|p2a: Free Palestine|48/100 tox
|cant|p2a: Free Palestine|flinch
|
|-heal|p2a: Free Palestine|61/100 tox|[from] ability: Poison Heal
|upkeep
|turn|174
|
|t:|1769362572
|move|p2a: Free Palestine|Protect|p2a: Free Palestine
|-singleturn|p2a: Free Palestine|Protect
|move|p1a: Excadrill|Iron Head|p2a: Free Palestine
|-activate|p2a: Free Palestine|move: Protect
|
|-heal|p2a: Free Palestine|73/100 tox|[from] ability: Poison Heal
|upkeep
|turn|175
|
|t:|1769362575
|switch|p2a: 808 and curses|Dondozo, M|100/100
|move|p1a: Excadrill|Iron Head|p2a: 808 and curses
|-resisted|p2a: 808 and curses
|-damage|p2a: 808 and curses|90/100
|
|-heal|p2a: 808 and curses|97/100|[from] item: Leftovers
|upkeep
|turn|176
|
|t:|1769362576
|switch|p1a: Hydrapple|Hydrapple, M|99/100 tox
|move|p2a: 808 and curses|Waterfall|p1a: Hydrapple
|-resisted|p1a: Hydrapple
|-damage|p1a: Hydrapple|95/100 tox
|
|-heal|p2a: 808 and curses|100/100|[from] item: Leftovers
|-damage|p1a: Hydrapple|88/100 tox|[from] psn
|upkeep
|turn|177
|
|t:|1769362578
|switch|p2a: Save Sudan|Slowking-Galar, M|80/100 frz
|move|p1a: Hydrapple|Giga Drain|p2a: Save Sudan
|-resisted|p2a: Save Sudan
|-damage|p2a: Save Sudan|67/100 frz
|-heal|p1a: Hydrapple|94/100 tox|[from] drain|[of] p2a: Save Sudan
|
|-damage|p1a: Hydrapple|81/100 tox|[from] psn
|upkeep
|turn|178
|
|t:|1769362581
|cant|p2a: Save Sudan|frz
|move|p1a: Hydrapple|Giga Drain|p2a: Save Sudan
|-resisted|p2a: Save Sudan
|-damage|p2a: Save Sudan|56/100 frz
|-heal|p1a: Hydrapple|86/100 tox|[from] drain|[of] p2a: Save Sudan
|
|-damage|p1a: Hydrapple|68/100 tox|[from] psn
|upkeep
|turn|179
|
|t:|1769362584
|switch|p1a: Slowking|Slowking-Galar, M|100/100 par
|cant|p2a: Save Sudan|frz
|
|upkeep
|turn|180
|
|t:|1769362586
|cant|p2a: Save Sudan|frz
|move|p1a: Slowking|Psyshock|p2a: Save Sudan
|-crit|p2a: Save Sudan
|-damage|p2a: Save Sudan|0 fnt
|faint|p2a: Save Sudan
|
|upkeep
|
|t:|1769362589
|switch|p2a: brat|Blissey, F|50/100
|turn|181
|
|t:|1769362591
|move|p2a: brat|Soft-Boiled|p2a: brat
|-heal|p2a: brat|99/100
|move|p1a: Slowking|Psyshock|p2a: brat
|-damage|p2a: brat|69/100
|
|upkeep
|turn|182
|
|t:|1769362593
|switch|p1a: Excadrill|Excadrill, F|35/100
|move|p2a: brat|Stealth Rock|p1a: Excadrill
|-sidestart|p1: CambridgeFoulPlay|move: Stealth Rock
|
|upkeep
|turn|183
|
|t:|1769362596
|move|p1a: Excadrill|Rapid Spin|p2a: brat
|-damage|p2a: brat|51/100
|-boost|p1a: Excadrill|spe|1
|-sideend|p1: CambridgeFoulPlay|Stealth Rock|[from] move: Rapid Spin|[of] p1a: Excadrill
|move|p2a: brat|Shadow Ball|p1a: Excadrill
|-damage|p1a: Excadrill|17/100
|
|upkeep
|turn|184
|l| tuanquewang
|
|t:|1769362599
|switch|p2a: Free Palestine|Gliscor, M|73/100 tox
|move|p1a: Excadrill|Iron Head|p2a: Free Palestine
|-damage|p2a: Free Palestine|45/100 tox
|
|-heal|p2a: Free Palestine|57/100 tox|[from] ability: Poison Heal
|upkeep
|turn|185
|
|t:|1769362600
|move|p1a: Excadrill|Iron Head|p2a: Free Palestine
|-damage|p2a: Free Palestine|29/100 tox
|move|p2a: Free Palestine|Earthquake|p1a: Excadrill
|-supereffective|p1a: Excadrill
|-damage|p1a: Excadrill|0 fnt
|faint|p1a: Excadrill
|
|-heal|p2a: Free Palestine|42/100 tox|[from] ability: Poison Heal
|upkeep
|
|t:|1769362602
|switch|p1a: Moltres|Moltres|19/100 psn
|turn|186
|
|t:|1769362604
|move|p2a: Free Palestine|Protect|p2a: Free Palestine
|-singleturn|p2a: Free Palestine|Protect
|move|p1a: Moltres|Roost|p1a: Moltres
|-heal|p1a: Moltres|69/100 psn
|-singleturn|p1a: Moltres|move: Roost
|
|-damage|p1a: Moltres|57/100 psn|[from] psn
|-heal|p2a: Free Palestine|54/100 tox|[from] ability: Poison Heal
|upkeep
|turn|187
|
|t:|1769362607
|switch|p1a: Hydrapple|Hydrapple, M|100/100 tox
|move|p2a: Free Palestine|Earthquake|p1a: Hydrapple
|-resisted|p1a: Hydrapple
|-damage|p1a: Hydrapple|91/100 tox
|
|-heal|p2a: Free Palestine|67/100 tox|[from] ability: Poison Heal
|-damage|p1a: Hydrapple|85/100 tox|[from] psn
|upkeep
|turn|188
|
|t:|1769362610
|switch|p2a: brat|Blissey, F|51/100
|switch|p1a: Slowking|Slowking-Galar, M|100/100 par
|
|upkeep
|turn|189
|
|t:|1769362612
|move|p2a: brat|Stealth Rock|p1a: Slowking
|-sidestart|p1: CambridgeFoulPlay|move: Stealth Rock
|move|p1a: Slowking|Psyshock|p2a: brat
|-damage|p2a: brat|20/100
|
|upkeep
|turn|190
|
|t:|1769362613
|move|p2a: brat|Soft-Boiled|p2a: brat
|-heal|p2a: brat|70/100
|move|p1a: Slowking|Psyshock|p2a: brat
|-damage|p2a: brat|38/100
|
|upkeep
|turn|191
|
|t:|1769362616
|move|p2a: brat|Soft-Boiled|p2a: brat
|-heal|p2a: brat|88/100
|cant|p1a: Slowking|par
|
|upkeep
|turn|192
|
|t:|1769362618
|switch|p2a: 808 and curses|Dondozo, M|100/100
|move|p1a: Slowking|Sludge Bomb|p2a: 808 and curses
|-damage|p2a: 808 and curses|69/100
|
|-heal|p2a: 808 and curses|75/100|[from] item: Leftovers
|upkeep
|turn|193
|
|t:|1769362619
|move|p2a: 808 and curses|Waterfall|p1a: Slowking
|-damage|p1a: Slowking|78/100 par
|move|p1a: Slowking|Sludge Bomb|p2a: 808 and curses
|-damage|p2a: 808 and curses|41/100
|-status|p2a: 808 and curses|psn
|
|-heal|p2a: 808 and curses|47/100 psn|[from] item: Leftovers
|-damage|p2a: 808 and curses|35/100 psn|[from] psn
|upkeep
|turn|194
|
|t:|1769362622
|move|p2a: 808 and curses|Rest|p2a: 808 and curses
|-status|p2a: 808 and curses|slp|[from] move: Rest
|-heal|p2a: 808 and curses|100/100 slp|[silent]
|move|p1a: Slowking|Sludge Bomb|p2a: 808 and curses
|-damage|p2a: 808 and curses|68/100 slp
|
|-heal|p2a: 808 and curses|74/100 slp|[from] item: Leftovers
|upkeep
|turn|195
|
|t:|1769362624
|cant|p2a: 808 and curses|slp
|move|p1a: Slowking|Sludge Bomb|p2a: 808 and curses
|-damage|p2a: 808 and curses|43/100 slp
|
|-heal|p2a: 808 and curses|50/100 slp|[from] item: Leftovers
|upkeep
|turn|196
|
|t:|1769362626
|switch|p1a: Hydrapple|Hydrapple, M|100/100 tox
|cant|p2a: 808 and curses|slp
|
|-heal|p2a: 808 and curses|56/100 slp|[from] item: Leftovers
|-damage|p1a: Hydrapple|94/100 tox|[from] psn
|upkeep
|turn|197
|
|t:|1769362628
|switch|p1a: Slowking|Slowking-Galar, M|100/100 par
|-damage|p1a: Slowking|88/100 par|[from] Stealth Rock
|switch|p2a: Charli xcx|Clefable, M|77/100
|
|upkeep
|turn|198
|
|t:|1769362630
|switch|p2a: 808 and curses|Dondozo, M|56/100 slp
|move|p1a: Slowking|Sludge Bomb|p2a: 808 and curses
|-damage|p2a: 808 and curses|24/100 slp
|
|-heal|p2a: 808 and curses|30/100 slp|[from] item: Leftovers
|upkeep
|turn|199
|
|t:|1769362632
|-curestatus|p2a: 808 and curses|slp|[msg]
|move|p2a: 808 and curses|Rest|p2a: 808 and curses
|-status|p2a: 808 and curses|slp|[from] move: Rest
|-heal|p2a: 808 and curses|100/100 slp|[silent]
|move|p1a: Slowking|Sludge Bomb|p2a: 808 and curses
|-damage|p2a: 808 and curses|68/100 slp
|
|-heal|p2a: 808 and curses|75/100 slp|[from] item: Leftovers
|upkeep
|turn|200
|
|t:|1769362634
|cant|p2a: 808 and curses|slp
|move|p1a: Slowking|Sludge Bomb|p2a: 808 and curses
|-damage|p2a: 808 and curses|39/100 slp
|
|-heal|p2a: 808 and curses|46/100 slp|[from] item: Leftovers
|upkeep
|turn|201
|
|t:|1769362636
|switch|p1a: Hydrapple|Hydrapple, M|100/100 tox
|cant|p2a: 808 and curses|slp
|
|-heal|p2a: 808 and curses|52/100 slp|[from] item: Leftovers
|-damage|p1a: Hydrapple|94/100 tox|[from] psn
|upkeep
|turn|202
|
|t:|1769362639
|switch|p2a: Charli xcx|Clefable, M|77/100
|move|p1a: Hydrapple|Giga Drain|p2a: Charli xcx
|-damage|p2a: Charli xcx|57/100
|-heal|p1a: Hydrapple|100/100 tox|[from] drain|[of] p2a: Charli xcx
|
|-damage|p1a: Hydrapple|88/100 tox|[from] psn
|upkeep
|turn|203
|
|t:|1769362641
|switch|p1a: Slowking|Slowking-Galar, M|100/100 par
|-damage|p1a: Slowking|88/100 par|[from] Stealth Rock
|move|p2a: Charli xcx|Wish|p2a: Charli xcx
|
|upkeep
|turn|204
|
|t:|1769362644
|move|p2a: Charli xcx|Protect|p2a: Charli xcx
|-singleturn|p2a: Charli xcx|Protect
|cant|p1a: Slowking|par
|
|-heal|p2a: Charli xcx|100/100|[from] move: Wish|[wisher] Charli xcx
|upkeep
|turn|205
|
|t:|1769362647
|switch|p2a: Trump is low IQ|Corviknight, M|12/100 par
|-ability|p2a: Trump is low IQ|Pressure
|move|p1a: Slowking|Sludge Bomb|p2a: Trump is low IQ
|-immune|p2a: Trump is low IQ
|
|upkeep
|turn|206
|
|t:|1769362649
|switch|p2a: 808 and curses|Dondozo, M|52/100 slp
|switch|p1a: Hydrapple|Hydrapple, M|100/100 tox
|
|-heal|p2a: 808 and curses|58/100 slp|[from] item: Leftovers
|-damage|p1a: Hydrapple|94/100 tox|[from] psn
|upkeep
|turn|207
|
|t:|1769362653
|switch|p1a: Slowking|Slowking-Galar, M|100/100 par
|-damage|p1a: Slowking|88/100 par|[from] Stealth Rock
|switch|p2a: Charli xcx|Clefable, M|100/100
|
|upkeep
|turn|208
|j| shedtailhater
|
|t:|1769362655
|switch|p2a: 808 and curses|Dondozo, M|58/100 slp
|cant|p1a: Slowking|par
|
|-heal|p2a: 808 and curses|64/100 slp|[from] item: Leftovers
|upkeep
|turn|209
|
|t:|1769362658
|-curestatus|p2a: 808 and curses|slp|[msg]
|move|p2a: 808 and curses|Curse|p2a: 808 and curses
|-unboost|p2a: 808 and curses|spe|1
|-boost|p2a: 808 and curses|atk|1
|-boost|p2a: 808 and curses|def|1
|cant|p1a: Slowking|par
|
|-heal|p2a: 808 and curses|70/100|[from] item: Leftovers
|upkeep
|turn|210
|
|t:|1769362660
|move|p2a: 808 and curses|Waterfall|p1a: Slowking
|-damage|p1a: Slowking|57/100 par
|cant|p1a: Slowking|flinch
|
|-heal|p2a: 808 and curses|76/100|[from] item: Leftovers
|upkeep
|turn|211
|
|t:|1769362662
|switch|p1a: Hydrapple|Hydrapple, M|100/100 tox
|move|p2a: 808 and curses|Waterfall|p1a: Hydrapple
|-resisted|p1a: Hydrapple
|-damage|p1a: Hydrapple|94/100 tox
|
|-heal|p2a: 808 and curses|82/100|[from] item: Leftovers
|-damage|p1a: Hydrapple|88/100 tox|[from] psn
|upkeep
|turn|212
|
|t:|1769362665
|switch|p1a: Slowking|Slowking-Galar, M|91/100 par
|-damage|p1a: Slowking|78/100 par|[from] Stealth Rock
|switch|p2a: brat|Blissey, F|88/100
|
|upkeep
|turn|213
|
|t:|1769362667
|move|p2a: brat|Calm Mind|p2a: brat
|-boost|p2a: brat|spa|1
|-boost|p2a: brat|spd|1
|move|p1a: Slowking|Psyshock|p2a: brat
|-damage|p2a: brat|58/100
|
|upkeep
|turn|214
|
|t:|1769362669
|move|p2a: brat|Calm Mind|p2a: brat
|-boost|p2a: brat|spa|1
|-boost|p2a: brat|spd|1
|move|p1a: Slowking|Psyshock|p2a: brat
|-damage|p2a: brat|24/100
|
|upkeep
|turn|215
|
|t:|1769362672
|switch|p1a: Tyranitar|Tyranitar, F|22/100
|-damage|p1a: Tyranitar|10/100|[from] Stealth Rock
|-weather|Sandstorm|[from] ability: Sand Stream|[of] p1a: Tyranitar
|move|p2a: brat|Soft-Boiled|p2a: brat
|-heal|p2a: brat|74/100
|
|-weather|Sandstorm|[upkeep]
|-damage|p2a: brat|68/100|[from] Sandstorm
|upkeep
|turn|216
|
|t:|1769362678
|move|p2a: brat|Shadow Ball|p1a: Tyranitar
|-resisted|p1a: Tyranitar
|-damage|p1a: Tyranitar|4/100
|move|p1a: Tyranitar|Thunder Wave|p2a: brat
|-status|p2a: brat|par
|
|-weather|Sandstorm|[upkeep]
|-damage|p2a: brat|62/100 par|[from] Sandstorm
|upkeep
|turn|217
|
|t:|1769362681
|move|p1a: Tyranitar|Thunder Wave|p2a: brat
|-fail|p2a: brat|par
|move|p2a: brat|Shadow Ball|p1a: Tyranitar
|-resisted|p1a: Tyranitar
|-damage|p1a: Tyranitar|0 fnt
|faint|p1a: Tyranitar
|
|-weather|Sandstorm|[upkeep]
|-damage|p2a: brat|55/100 par|[from] Sandstorm
|upkeep
|
|t:|1769362682
|switch|p1a: Slowking|Slowking-Galar, M|100/100 par
|-damage|p1a: Slowking|88/100 par|[from] Stealth Rock
|turn|218
|
|t:|1769362685
|-curestatus|p2a: brat|par|[from] ability: Natural Cure
|switch|p2a: 808 and curses|Dondozo, M|82/100
|move|p1a: Slowking|Psyshock|p2a: 808 and curses
|-damage|p2a: 808 and curses|68/100
|
|-weather|Sandstorm|[upkeep]
|-damage|p2a: 808 and curses|62/100|[from] Sandstorm
|-damage|p1a: Slowking|82/100 par|[from] Sandstorm
|-heal|p2a: 808 and curses|68/100|[from] item: Leftovers
|upkeep
|turn|219
|
|t:|1769362687
|move|p2a: 808 and curses|Curse|p2a: 808 and curses
|-unboost|p2a: 808 and curses|spe|1
|-boost|p2a: 808 and curses|atk|1
|-boost|p2a: 808 and curses|def|1
|cant|p1a: Slowking|par
|
|-weather|Sandstorm|[upkeep]
|-damage|p2a: 808 and curses|62/100|[from] Sandstorm
|-damage|p1a: Slowking|76/100 par|[from] Sandstorm
|-heal|p2a: 808 and curses|68/100|[from] item: Leftovers
|upkeep
|turn|220
|
|t:|1769362689
|switch|p1a: Hydrapple|Hydrapple, M|100/100 tox
|move|p2a: 808 and curses|Curse|p2a: 808 and curses
|-unboost|p2a: 808 and curses|spe|1
|-boost|p2a: 808 and curses|atk|1
|-boost|p2a: 808 and curses|def|1
|
|-weather|Sandstorm|[upkeep]
|-damage|p1a: Hydrapple|94/100 tox|[from] Sandstorm
|-damage|p2a: 808 and curses|62/100|[from] Sandstorm
|-heal|p2a: 808 and curses|68/100|[from] item: Leftovers
|-damage|p1a: Hydrapple|88/100 tox|[from] psn
|upkeep
|turn|221
|j| tuanquewang
|
|t:|1769362692
|switch|p1a: Slowking|Slowking-Galar, M|100/100 par
|-damage|p1a: Slowking|88/100 par|[from] Stealth Rock
|switch|p2a: Charli xcx|Clefable, M|100/100
|
|-weather|Sandstorm|[upkeep]
|-damage|p2a: Charli xcx|94/100|[from] Sandstorm
|-damage|p1a: Slowking|82/100 par|[from] Sandstorm
|upkeep
|turn|222
|
|t:|1769362694
|switch|p2a: Trump is low IQ|Corviknight, M|12/100 par
|-ability|p2a: Trump is low IQ|Pressure
|move|p1a: Slowking|Sludge Bomb|p2a: Trump is low IQ
|-immune|p2a: Trump is low IQ
|
|-weather|none
|upkeep
|turn|223
|
|t:|1769362698
|switch|p2a: 808 and curses|Dondozo, M|68/100
|move|p1a: Slowking|Psyshock|p2a: 808 and curses
|-damage|p2a: 808 and curses|55/100
|
|-heal|p2a: 808 and curses|62/100|[from] item: Leftovers
|upkeep
|turn|224
|
|t:|1769362702
|switch|p2a: Trump is low IQ|Corviknight, M|12/100 par
|-ability|p2a: Trump is low IQ|Pressure
|move|p1a: Slowking|Sludge Bomb|p2a: Trump is low IQ
|-immune|p2a: Trump is low IQ
|
|upkeep
|turn|225
|
|t:|1769362705
|switch|p2a: brat|Blissey, F|55/100
|move|p1a: Slowking|Sludge Bomb|p2a: brat
|-damage|p2a: brat|43/100
|-status|p2a: brat|psn
|
|-damage|p2a: brat|31/100 psn|[from] psn
|upkeep
|turn|226
|
|t:|1769362709
|-curestatus|p2a: brat|psn|[from] ability: Natural Cure
|switch|p2a: 808 and curses|Dondozo, M|62/100
|move|p1a: Slowking|Psyshock|p2a: 808 and curses
|-damage|p2a: 808 and curses|49/100
|
|-heal|p2a: 808 and curses|55/100|[from] item: Leftovers
|upkeep
|turn|227
|
|t:|1769362714
|switch|p2a: Charli xcx|Clefable, M|94/100
|move|p1a: Slowking|Sludge Bomb|p2a: Charli xcx
|-supereffective|p2a: Charli xcx
|-damage|p2a: Charli xcx|44/100
|-status|p2a: Charli xcx|psn
|
|-damage|p2a: Charli xcx|32/100 psn|[from] psn
|upkeep
|turn|228
|
|t:|1769362717
|move|p2a: Charli xcx|Wish|p2a: Charli xcx
|cant|p1a: Slowking|par
|
|-damage|p2a: Charli xcx|19/100 psn|[from] psn
|upkeep
|turn|229
|
|t:|1769362721
|switch|p2a: brat|Blissey, F|31/100
|cant|p1a: Slowking|par
|
|-heal|p2a: brat|59/100|[from] move: Wish|[wisher] Charli xcx
|upkeep
|turn|230
|
|t:|1769362725
|switch|p2a: 808 and curses|Dondozo, M|55/100
|move|p1a: Slowking|Psyshock|p2a: 808 and curses
|-damage|p2a: 808 and curses|40/100
|
|-heal|p2a: 808 and curses|47/100|[from] item: Leftovers
|upkeep
|turn|231
|
|t:|1769362728
|move|p2a: 808 and curses|Curse|p2a: 808 and curses
|-unboost|p2a: 808 and curses|spe|1
|-boost|p2a: 808 and curses|atk|1
|-boost|p2a: 808 and curses|def|1
|move|p1a: Slowking|Ice Beam|p2a: 808 and curses
|-resisted|p2a: 808 and curses
|-damage|p2a: 808 and curses|36/100
|
|-heal|p2a: 808 and curses|42/100|[from] item: Leftovers
|upkeep
|turn|232
|
|t:|1769362731
|move|p2a: 808 and curses|Waterfall|p1a: Slowking
|-damage|p1a: Slowking|49/100 par
|cant|p1a: Slowking|par
|
|-heal|p2a: 808 and curses|48/100|[from] item: Leftovers
|upkeep
|turn|233
|
|t:|1769362733
|move|p2a: 808 and curses|Waterfall|p1a: Slowking
|-damage|p1a: Slowking|16/100 par
|cant|p1a: Slowking|par
|
|-heal|p2a: 808 and curses|54/100|[from] item: Leftovers
|upkeep
|turn|234
|
|t:|1769362736
|move|p2a: 808 and curses|Waterfall|p1a: Slowking
|-damage|p1a: Slowking|0 fnt
|faint|p1a: Slowking
|
|-heal|p2a: 808 and curses|60/100|[from] item: Leftovers
|upkeep
|
|t:|1769362737
|switch|p1a: Moltres|Moltres|57/100 psn
|-damage|p1a: Moltres|7/100 psn|[from] Stealth Rock
|turn|235
|
|t:|1769362739
|move|p2a: 808 and curses|Waterfall|p1a: Moltres
|-supereffective|p1a: Moltres
|-damage|p1a: Moltres|0 fnt
|faint|p1a: Moltres
|
|-heal|p2a: 808 and curses|67/100|[from] item: Leftovers
|upkeep
|
|t:|1769362741
|switch|p1a: Hydrapple|Hydrapple, M|100/100 tox
|turn|236
|l| shedtailhater
|
|t:|1769362743
|switch|p2a: brat|Blissey, F|59/100
|move|p1a: Hydrapple|Nasty Plot|p1a: Hydrapple
|-boost|p1a: Hydrapple|spa|2
|
|-damage|p1a: Hydrapple|94/100 tox|[from] psn
|upkeep
|turn|237
|
|t:|1769362745
|move|p2a: brat|Calm Mind|p2a: brat
|-boost|p2a: brat|spa|1
|-boost|p2a: brat|spd|1
|move|p1a: Hydrapple|Nasty Plot|p1a: Hydrapple
|-boost|p1a: Hydrapple|spa|2
|
|-damage|p1a: Hydrapple|82/100 tox|[from] psn
|upkeep
|turn|238
|
|t:|1769362746
|move|p2a: brat|Soft-Boiled|p2a: brat
|-heal|p2a: brat|100/100
|move|p1a: Hydrapple|Giga Drain|p2a: brat
|-damage|p2a: brat|78/100
|-heal|p1a: Hydrapple|100/100 tox|[from] drain|[of] p2a: brat
|
|-damage|p1a: Hydrapple|82/100 tox|[from] psn
|upkeep
|turn|239
|
|t:|1769362748
|move|p2a: brat|Calm Mind|p2a: brat
|-boost|p2a: brat|spa|1
|-boost|p2a: brat|spd|1
|move|p1a: Hydrapple|Nasty Plot|p1a: Hydrapple
|-boost|p1a: Hydrapple|spa|2
|
|-damage|p1a: Hydrapple|57/100 tox|[from] psn
|upkeep
|turn|240
|
|t:|1769362749
|-terastallize|p1a: Hydrapple|Poison
|move|p2a: brat|Calm Mind|p2a: brat
|-boost|p2a: brat|spa|1
|-boost|p2a: brat|spd|1
|move|p1a: Hydrapple|Giga Drain|p2a: brat
|-damage|p2a: brat|62/100
|-heal|p1a: Hydrapple|72/100 tox|[from] drain|[of] p2a: brat
|
|-damage|p1a: Hydrapple|41/100 tox|[from] psn
|upkeep
|turn|241
|
|t:|1769362750
|move|p2a: brat|Calm Mind|p2a: brat
|-boost|p2a: brat|spa|1
|-boost|p2a: brat|spd|1
|move|p1a: Hydrapple|Nasty Plot|p1a: Hydrapple
|-boost|p1a: Hydrapple|spa|0
|
|-damage|p1a: Hydrapple|4/100 tox|[from] psn
|upkeep
|turn|242
|
|t:|1769362752
|move|p2a: brat|Calm Mind|p2a: brat
|-boost|p2a: brat|spa|1
|-boost|p2a: brat|spd|1
|move|p1a: Hydrapple|Nasty Plot|p1a: Hydrapple
|-boost|p1a: Hydrapple|spa|0
|
|-damage|p1a: Hydrapple|0 fnt|[from] psn
|faint|p1a: Hydrapple
|
|win|Trainer #39
|raw|CambridgeFoulPlay's rating: 1793 &rarr; <strong>1768</strong><br />(-25 for losing)
|raw|Trainer #39's rating: 1712 &rarr; <strong>1737</strong><br />(+25 for winning)
|c|☆CambridgeFoulPlay|gg
|l|☆CambridgeFoulPlay
|player|p1|
|l|☆Trainer #39
|player|p2|
|l| faronaan
|l| tuanquewang
