|j|☆666123y
|j|☆bowcaster26
|t:|1769336104
|gametype|singles
|player|p1|666123y|170|1273
|player|p2|bowcaster26|striker|1327
|gen|9
|tier|[Gen 9] OU
|rated|
|rule|HP Percentage Mod: HP is shown in percentages
|rule|Endless Battle Clause: Forcing endless battles is banned
|rule|Species Clause: Limit one of each Pokémon
|rule|OHKO Clause: OHKO moves are banned
|rule|Evasion Items Clause: Evasion items are banned
|rule|Evasion Moves Clause: Evasion moves are banned
|rule|Evasion Abilities Clause: Evasion abilities are banned
|rule|Sleep Moves Clause: Sleep-inducing moves are banned
|clearpoke
|poke|p1|Cinderace, M|
|poke|p1|Clefable, M|
|poke|p1|Gholdengo|
|poke|p1|Rotom-Wash|
|poke|p1|Garchomp, F|
|poke|p1|Scizor, M|
|poke|p2|Scizor, M|
|poke|p2|Mamoswine, M|
|poke|p2|Serperior, M|
|poke|p2|Samurott-Hisui, M|
|poke|p2|Dragapult, F|
|poke|p2|Garganacl, M|
|teampreview
|inactive|Battle timer is ON: inactive players will automatically lose when time's up. (requested by bowcaster26)
|
|t:|1769336123
|teamsize|p1|6
|teamsize|p2|6
|start
|switch|p1a: Clefable|Clefable, M|100/100
|switch|p2a: Depth Charge|Samurott-Hisui, M|100/100
|turn|1
|
|t:|1769336128
|move|p2a: Depth Charge|Razor Shell|p1a: Clefable
|-damage|p1a: Clefable|42/100
|move|p1a: Clefable|Thunder Wave|p2a: Depth Charge
|-status|p2a: Depth Charge|par
|
|upkeep
|turn|2
|
|t:|1769336146
|move|p1a: Clefable|Trick|p2a: Depth Charge
|-activate|p1a: Clefable|move: Trick|[of] p2a: Depth Charge
|-item|p2a: Depth Charge|Sticky Barb|[from] move: Trick
|-item|p1a: Clefable|Focus Sash|[from] move: Trick
|move|p2a: Depth Charge|Razor Shell|p1a: Clefable
|-damage|p1a: Clefable|0 fnt
|faint|p1a: Clefable
|
|-damage|p2a: Depth Charge|88/100 par|[from] item: Sticky Barb
|upkeep
|
|t:|1769336155
|switch|p1a: Scizor|Scizor, M|100/100
|turn|3
|l|☆bowcaster26
|inactive|bowcaster26 disconnected and has a minute to reconnect!
|player|p2|
|j|☆bowcaster26
|inactive|bowcaster26 reconnected and has 130 seconds left.
|player|p2|bowcaster26|striker|
|
|t:|1769336182
|move|p1a: Scizor|U-turn|p2a: Depth Charge
|-supereffective|p2a: Depth Charge
|-damage|p2a: Depth Charge|0 fnt
|faint|p2a: Depth Charge
|
|t:|1769336191
|switch|p1a: Cinderace|Cinderace, M|100/100|[from] U-turn
|
|upkeep
|
|t:|1769336197
|switch|p2a: Slipstream|Dragapult, F|100/100
|turn|4
|
|t:|1769336209
|move|p2a: Slipstream|Draco Meteor|p1a: Cinderace
|-damage|p1a: Cinderace|0 fnt
|-unboost|p2a: Slipstream|spa|2
|faint|p1a: Cinderace
|
|upkeep
|
|t:|1769336229
|switch|p1a: Scizor|Scizor, M|100/100
|turn|5
|
|t:|1769336237
|switch|p2a: Inferno|Scizor, M|100/100
|move|p1a: Scizor|U-turn|p2a: Inferno
|-resisted|p2a: Inferno
|-damage|p2a: Inferno|82/100
|
|t:|1769336242
|switch|p1a: Garchomp|Garchomp, F|100/100|[from] U-turn
|
|upkeep
|turn|6
|
|t:|1769336245
|move|p1a: Garchomp|Substitute|p1a: Garchomp
|-start|p1a: Garchomp|Substitute
|-damage|p1a: Garchomp|76/100
|move|p2a: Inferno|Swords Dance|p2a: Inferno
|-boost|p2a: Inferno|atk|2
|
|upkeep
|turn|7
|
|t:|1769336252
|move|p2a: Inferno|Bullet Punch|p1a: Garchomp
|-end|p1a: Garchomp|Substitute
|move|p1a: Garchomp|Swords Dance|p1a: Garchomp
|-boost|p1a: Garchomp|atk|2
|
|upkeep
|turn|8
|
|t:|1769336272
|-terastallize|p1a: Garchomp|Steel
|move|p2a: Inferno|Bullet Punch|p1a: Garchomp
|-resisted|p1a: Garchomp
|-damage|p1a: Garchomp|42/100
|-damage|p2a: Inferno|70/100|[from] ability: Rough Skin|[of] p1a: Garchomp
|move|p1a: Garchomp|Scale Shot|p2a: Inferno
|-resisted|p2a: Inferno
|-damage|p2a: Inferno|56/100
|-resisted|p2a: Inferno
|-damage|p2a: Inferno|43/100
|-enditem|p2a: Inferno|Sitrus Berry|[eat]
|-heal|p2a: Inferno|68/100|[from] item: Sitrus Berry
|-resisted|p2a: Inferno
|-damage|p2a: Inferno|56/100
|-resisted|p2a: Inferno
|-damage|p2a: Inferno|42/100
|-hitcount|p2a: Inferno|4
|-unboost|p1a: Garchomp|def|1
|-boost|p1a: Garchomp|spe|1
|
|upkeep
|turn|9
|l|☆bowcaster26
|inactive|bowcaster26 disconnected and has a minute to reconnect!
|player|p2|
|j|☆bowcaster26
|inactive|bowcaster26 reconnected and has 130 seconds left.
|player|p2|bowcaster26|striker|
|
|t:|1769336292
|move|p2a: Inferno|Bullet Punch|p1a: Garchomp
|-resisted|p1a: Garchomp
|-damage|p1a: Garchomp|0 fnt
|-damage|p2a: Inferno|30/100|[from] ability: Rough Skin|[of] p1a: Garchomp
|faint|p1a: Garchomp
|
|upkeep
|
|t:|1769336297
|switch|p1a: Scizor|Scizor, M|100/100
|turn|10
|
|t:|1769336304
|move|p1a: Scizor|Dual Wingbeat|p2a: Inferno
|-damage|p2a: Inferno|10/100
|-damage|p2a: Inferno|0 fnt
|faint|p2a: Inferno
|-hitcount|p2: Inferno|2
|
|upkeep
|
|t:|1769336309
|switch|p2a: Targitzan|Garganacl, M, shiny|100/100
|turn|11
|
|t:|1769336324
|switch|p1a: Gholdengo|Gholdengo|100/100
|-item|p1a: Gholdengo|Air Balloon
|-terastallize|p2a: Targitzan|Flying
|move|p2a: Targitzan|Salt Cure|p1a: Gholdengo
|-resisted|p1a: Gholdengo
|-damage|p1a: Gholdengo|92/100
|-start|p1a: Gholdengo|Salt Cure
|-enditem|p1a: Gholdengo|Air Balloon
|
|-damage|p1a: Gholdengo|67/100|[from] Salt Cure
|upkeep
|turn|12
|
|t:|1769336334
|move|p1a: Gholdengo|Shadow Ball|p2a: Targitzan
|-damage|p2a: Targitzan|87/100
|-unboost|p2a: Targitzan|spd|1
|move|p2a: Targitzan|Salt Cure|p1a: Gholdengo
|-resisted|p1a: Gholdengo
|-crit|p1a: Gholdengo
|-damage|p1a: Gholdengo|56/100
|
|-heal|p2a: Targitzan|93/100|[from] item: Leftovers
|-damage|p1a: Gholdengo|31/100|[from] Salt Cure
|upkeep
|turn|13
|
|t:|1769336347
|move|p1a: Gholdengo|Shadow Ball|p2a: Targitzan
|-damage|p2a: Targitzan|71/100
|-unboost|p2a: Targitzan|spd|1
|move|p2a: Targitzan|Salt Cure|p1a: Gholdengo
|-resisted|p1a: Gholdengo
|-damage|p1a: Gholdengo|23/100
|
|-heal|p2a: Targitzan|77/100|[from] item: Leftovers
|-damage|p1a: Gholdengo|0 fnt|[from] Salt Cure
|faint|p1a: Gholdengo
|upkeep
|
|t:|1769336352
|switch|p1a: Rotom|Rotom-Wash|100/100
|turn|14
|
|t:|1769336357
|move|p1a: Rotom|Trick|p2a: Targitzan
|-activate|p1a: Rotom|move: Trick|[of] p2a: Targitzan
|-item|p2a: Targitzan|Choice Scarf|[from] move: Trick
|-item|p1a: Rotom|Leftovers|[from] move: Trick
|move|p2a: Targitzan|Salt Cure|p1a: Rotom
|-damage|p1a: Rotom|88/100
|-start|p1a: Rotom|Salt Cure
|
|-heal|p1a: Rotom|94/100|[from] item: Leftovers
|-damage|p1a: Rotom|69/100|[from] Salt Cure
|upkeep
|turn|15
|
|t:|1769336376
|switch|p2a: Megatron|Mamoswine, M|100/100
|move|p1a: Rotom|Volt Switch|p2a: Megatron
|-immune|p2a: Megatron
|
|-heal|p1a: Rotom|75/100|[from] item: Leftovers
|-damage|p1a: Rotom|50/100|[from] Salt Cure
|upkeep
|turn|16
|
|t:|1769336386
|switch|p2a: Targitzan|Garganacl, M, shiny, tera:Flying|77/100
|move|p1a: Rotom|Hydro Pump|p2a: Targitzan
|-damage|p2a: Targitzan|49/100
|
|-heal|p1a: Rotom|57/100|[from] item: Leftovers
|-damage|p1a: Rotom|32/100|[from] Salt Cure
|upkeep
|turn|17
|
|t:|1769336398
|move|p1a: Rotom|Pain Split|p2a: Targitzan
|-sethp|p2a: Targitzan|36/100|[from] move: Pain Split|[silent]
|-sethp|p1a: Rotom|49/100|[from] move: Pain Split
|move|p2a: Targitzan|Body Press|p1a: Rotom
|-damage|p1a: Rotom|30/100
|
|-heal|p1a: Rotom|36/100|[from] item: Leftovers
|-damage|p1a: Rotom|11/100|[from] Salt Cure
|upkeep
|turn|18
|
|t:|1769336409
|move|p1a: Rotom|Volt Switch|p2a: Targitzan
|-supereffective|p2a: Targitzan
|-damage|p2a: Targitzan|0 fnt
|faint|p2a: Targitzan
|
|t:|1769336413
|switch|p1a: Scizor|Scizor, M|100/100|[from] Volt Switch
|
|upkeep
|
|t:|1769336431
|switch|p2a: Slipstream|Dragapult, F|100/100
|turn|19
|
|t:|1769336438
|move|p2a: Slipstream|Flamethrower|p1a: Scizor
|-supereffective|p1a: Scizor
|-damage|p1a: Scizor|0 fnt
|faint|p1a: Scizor
|
|upkeep
|-message|666123y forfeited.
|
|win|bowcaster26
|raw|666123y's rating: 1273 &rarr; <strong>1252</strong><br />(-21 for losing)
|raw|bowcaster26's rating: 1327 &rarr; <strong>1344</strong><br />(+17 for winning)
|l|☆666123y
|player|p1|
