|j|☆pr.iyanshu768500
|j|☆no_dupes
|t:|1769411004
|gametype|singles
|player|p1|pr.iyanshu768500|steven|1507
|player|p2|no_dupes|brock-gen2|1489
|gen|9
|tier|[Gen 9] OU
|rated|
|rule|HP Percentage Mod: HP is shown in percentages
|rule|Endless Battle Clause: Forcing endless battles is banned
|rule|Species Clause: Limit one of each Pokémon
|rule|OHKO Clause: OHKO moves are banned
|rule|Evasion Items Clause: Evasion items are banned
|rule|Evasion Moves Clause: Evasion moves are banned
|rule|Evasion Abilities Clause: Evasion abilities are banned
|rule|Sleep Moves Clause: Sleep-inducing moves are banned
|clearpoke
|poke|p1|Deoxys-Speed|
|poke|p1|Heatran, M|
|poke|p1|Meowscarada, M|
|poke|p1|Dragonite, F|
|poke|p1|Darkrai|
|poke|p1|Great Tusk|
|poke|p2|Great Tusk|
|poke|p2|Hatterene, F|
|poke|p2|Charizard, M|
|poke|p2|Walking Wake|
|poke|p2|Torkoal, F|
|poke|p2|Fezandipiti, M|
|teampreview
|
|t:|1769411019
|teamsize|p1|6
|teamsize|p2|6
|start
|switch|p1a: Deoxys|Deoxys-Speed|100/100
|switch|p2a: Fez And Ipiti|Fezandipiti, M|100/100
|-ability|p1a: Deoxys|Pressure
|turn|1
|
|t:|1769411031
|move|p1a: Deoxys|Psycho Boost|p2a: Fez And Ipiti
|-supereffective|p2a: Fez And Ipiti
|-damage|p2a: Fez And Ipiti|33/100
|-unboost|p1a: Deoxys|spa|2
|move|p2a: Fez And Ipiti|U-turn|p1a: Deoxys
|-supereffective|p1a: Deoxys
|-damage|p1a: Deoxys|52/100
|
|t:|1769411034
|switch|p2a: Torkoal|Torkoal, F|100/100|[from] U-turn
|-weather|SunnyDay|[from] ability: Drought|[of] p2a: Torkoal
|
|-weather|SunnyDay|[upkeep]
|upkeep
|turn|2
|j| firecharmander004
|
|t:|1769411038
|move|p1a: Deoxys|Knock Off|p2a: Torkoal
|-crit|p2a: Torkoal
|-damage|p2a: Torkoal|82/100
|-enditem|p2a: Torkoal|Heat Rock|[from] move: Knock Off|[of] p1a: Deoxys
|move|p2a: Torkoal|Stealth Rock|p1a: Deoxys
|-sidestart|p1: pr.iyanshu768500|move: Stealth Rock
|
|-weather|SunnyDay|[upkeep]
|upkeep
|turn|3
|
|t:|1769411044
|move|p1a: Deoxys|Stealth Rock|p2a: Torkoal
|-sidestart|p2: no_dupes|move: Stealth Rock
|move|p2a: Torkoal|Body Press|p1a: Deoxys
|-resisted|p1a: Deoxys
|-crit|p1a: Deoxys
|-damage|p1a: Deoxys|8/100
|
|-weather|SunnyDay|[upkeep]
|upkeep
|turn|4
|
|t:|1769411053
|-terastallize|p1a: Deoxys|Ghost
|move|p1a: Deoxys|Psycho Boost|p2a: Torkoal
|-damage|p2a: Torkoal|42/100
|-unboost|p1a: Deoxys|spa|2
|move|p2a: Torkoal|Rapid Spin|p1a: Deoxys
|-immune|p1a: Deoxys
|
|-weather|SunnyDay|[upkeep]
|upkeep
|turn|5
|
|t:|1769411063
|move|p1a: Deoxys|Thunder Wave|p2a: Torkoal
|-status|p2a: Torkoal|par
|move|p2a: Torkoal|Lava Plume|p1a: Deoxys
|-damage|p1a: Deoxys|0 fnt
|faint|p1a: Deoxys
|
|-weather|SunnyDay|[upkeep]
|upkeep
|
|t:|1769411073
|switch|p1a: Heatran|Heatran, M|100/100
|-damage|p1a: Heatran|88/100|[from] Stealth Rock
|turn|6
|
|t:|1769411076
|switch|p2a: Walking Wake|Walking Wake|100/100
|-damage|p2a: Walking Wake|88/100|[from] Stealth Rock
|-activate|p2a: Walking Wake|ability: Protosynthesis
|-start|p2a: Walking Wake|protosynthesisspe
|move|p1a: Heatran|Substitute|p1a: Heatran
|-start|p1a: Heatran|Substitute
|-damage|p1a: Heatran|63/100
|
|-weather|SunnyDay|[upkeep]
|-heal|p1a: Heatran|69/100|[from] item: Leftovers
|upkeep
|turn|7
|
|t:|1769411086
|move|p2a: Walking Wake|Hydro Steam|p1a: Heatran
|-supereffective|p1a: Heatran
|-end|p1a: Heatran|Substitute
|move|p1a: Heatran|Power Gem|p2a: Walking Wake
|-damage|p2a: Walking Wake|52/100
|
|-weather|SunnyDay|[upkeep]
|-heal|p1a: Heatran|76/100|[from] item: Leftovers
|upkeep
|turn|8
|
|t:|1769411109
|switch|p1a: Dragonite|Dragonite, F|100/100
|-damage|p1a: Dragonite|76/100|[from] Stealth Rock
|move|p2a: Walking Wake|Hydro Steam|p1a: Dragonite
|-resisted|p1a: Dragonite
|-damage|p1a: Dragonite|40/100
|
|-weather|none
|-end|p2a: Walking Wake|Protosynthesis
|upkeep
|turn|9
|
|t:|1769411122
|-end|p2a: Walking Wake|Protosynthesis|[silent]
|switch|p2a: Great Tusk|Great Tusk|100/100
|-damage|p2a: Great Tusk|98/100|[from] Stealth Rock
|move|p1a: Dragonite|Extreme Speed|p2a: Great Tusk
|-damage|p2a: Great Tusk|84/100
|-damage|p1a: Dragonite|24/100|[from] item: Rocky Helmet|[of] p2a: Great Tusk
|
|upkeep
|turn|10
|
|t:|1769411130
|move|p1a: Dragonite|Scale Shot|p2a: Great Tusk
|-damage|p2a: Great Tusk|77/100
|-damage|p2a: Great Tusk|69/100
|-damage|p2a: Great Tusk|62/100
|-damage|p2a: Great Tusk|55/100
|-damage|p2a: Great Tusk|48/100
|-hitcount|p2a: Great Tusk|5
|-unboost|p1a: Dragonite|def|1
|-boost|p1a: Dragonite|spe|1
|move|p2a: Great Tusk|Rapid Spin|p1a: Dragonite
|-damage|p1a: Dragonite|0 fnt
|-boost|p2a: Great Tusk|spe|1
|-sideend|p2: no_dupes|Stealth Rock|[from] move: Rapid Spin|[of] p2a: Great Tusk
|faint|p1a: Dragonite
|
|upkeep
|
|t:|1769411134
|switch|p1a: Great Tusk|Great Tusk|100/100
|-damage|p1a: Great Tusk|98/100|[from] Stealth Rock
|-enditem|p1a: Great Tusk|Booster Energy
|-activate|p1a: Great Tusk|ability: Protosynthesis|[fromitem]
|-start|p1a: Great Tusk|protosynthesisatk
|turn|11
|
|t:|1769411149
|-end|p2a: Great Tusk|Protosynthesis|[silent]
|switch|p2a: Torkoal|Torkoal, F|42/100 par
|-weather|SunnyDay|[from] ability: Drought|[of] p2a: Torkoal
|move|p1a: Great Tusk|Rapid Spin|p2a: Torkoal
|-damage|p2a: Torkoal|30/100 par
|-boost|p1a: Great Tusk|spe|1
|-sideend|p1: pr.iyanshu768500|Stealth Rock|[from] move: Rapid Spin|[of] p1a: Great Tusk
|
|-weather|SunnyDay|[upkeep]
|upkeep
|turn|12
|
|t:|1769411163
|switch|p2a: Hatterene|Hatterene, F|100/100
|move|p1a: Great Tusk|Rapid Spin|p2a: Hatterene
|-damage|p2a: Hatterene|83/100
|-boost|p1a: Great Tusk|spe|1
|-enditem|p2a: Hatterene|Eject Button
|
|t:|1769411168
|switch|p2a: Emperor|Charizard, M, shiny|100/100
|
|-weather|SunnyDay|[upkeep]
|-damage|p2a: Emperor|88/100|[from] ability: Solar Power|[of] p2a: Emperor
|upkeep
|turn|13
|
|t:|1769411178
|move|p1a: Great Tusk|Ice Spinner|p2a: Emperor
|-damage|p2a: Emperor|36/100
|move|p2a: Emperor|Weather Ball|p1a: Great Tusk
|-damage|p1a: Great Tusk|0 fnt
|faint|p1a: Great Tusk
|-end|p1a: Great Tusk|Protosynthesis|[silent]
|
|-weather|SunnyDay|[upkeep]
|-damage|p2a: Emperor|23/100|[from] ability: Solar Power|[of] p2a: Emperor
|upkeep
|
|t:|1769411187
|switch|p1a: Darkrai|Darkrai|100/100
|turn|14
|
|t:|1769411194
|move|p1a: Darkrai|Dark Pulse|p2a: Emperor
|-damage|p2a: Emperor|0 fnt
|faint|p2a: Emperor
|-damage|p1a: Darkrai|91/100|[from] item: Life Orb
|
|-weather|SunnyDay|[upkeep]
|upkeep
|
|t:|1769411195
|switch|p2a: Walking Wake|Walking Wake|52/100
|-activate|p2a: Walking Wake|ability: Protosynthesis
|-start|p2a: Walking Wake|protosynthesisspe
|turn|15
|
|t:|1769411204
|move|p1a: Darkrai|Sucker Punch|p2a: Walking Wake
|-damage|p2a: Walking Wake|22/100
|-damage|p1a: Darkrai|81/100|[from] item: Life Orb
|move|p2a: Walking Wake|Hydro Steam|p1a: Darkrai
|-damage|p1a: Darkrai|0 fnt
|faint|p1a: Darkrai
|
|-weather|none
|-end|p2a: Walking Wake|Protosynthesis
|upkeep
|
|t:|1769411214
|switch|p1a: Meowscarada|Meowscarada, M|100/100
|turn|16
|
|t:|1769411229
|-end|p2a: Walking Wake|Protosynthesis|[silent]
|switch|p2a: Torkoal|Torkoal, F|30/100 par
|-weather|SunnyDay|[from] ability: Drought|[of] p2a: Torkoal
|move|p1a: Meowscarada|Flower Trick|p2a: Torkoal
|-start|p1a: Meowscarada|typechange|Grass|[from] ability: Protean
|-resisted|p2a: Torkoal
|-crit|p2a: Torkoal
|-damage|p2a: Torkoal|9/100 par
|
|-weather|SunnyDay|[upkeep]
|upkeep
|turn|17
|
|t:|1769411238
|move|p1a: Meowscarada|Flower Trick|p2a: Torkoal
|-resisted|p2a: Torkoal
|-crit|p2a: Torkoal
|-damage|p2a: Torkoal|0 fnt
|faint|p2a: Torkoal
|
|-weather|SunnyDay|[upkeep]
|upkeep
|
|t:|1769411242
|switch|p2a: Hatterene|Hatterene, F|83/100
|turn|18
|
|t:|1769411247
|switch|p1a: Heatran|Heatran, M|76/100
|move|p2a: Hatterene|Nuzzle|p1a: Heatran
|-damage|p1a: Heatran|72/100
|-status|p1a: Heatran|par
|
|-weather|SunnyDay|[upkeep]
|-heal|p1a: Heatran|78/100 par|[from] item: Leftovers
|upkeep
|turn|19
|
|t:|1769411250
|switch|p2a: Fez And Ipiti|Fezandipiti, M|33/100
|move|p1a: Heatran|Substitute|p1a: Heatran
|-start|p1a: Heatran|Substitute
|-damage|p1a: Heatran|54/100 par
|
|-weather|SunnyDay|[upkeep]
|-heal|p1a: Heatran|60/100 par|[from] item: Leftovers
|upkeep
|turn|20
|
|t:|1769411255
|move|p2a: Fez And Ipiti|Double Kick|p1a: Heatran
|-supereffective|p1a: Heatran
|-activate|p1a: Heatran|move: Substitute|[damage]
|-supereffective|p1a: Heatran
|-end|p1a: Heatran|Substitute
|-hitcount|p1a: Heatran|2
|move|p1a: Heatran|Flash Cannon|p2a: Fez And Ipiti
|-supereffective|p2a: Fez And Ipiti
|-damage|p2a: Fez And Ipiti|0 fnt
|faint|p2a: Fez And Ipiti
|
|-weather|none
|-heal|p1a: Heatran|66/100 par|[from] item: Leftovers
|upkeep
|
|t:|1769411262
|switch|p2a: Great Tusk|Great Tusk|48/100
|turn|21
|
|t:|1769411268
|move|p2a: Great Tusk|Headlong Rush|p1a: Heatran
|-supereffective|p1a: Heatran
|-damage|p1a: Heatran|0 fnt
|-unboost|p2a: Great Tusk|def|1
|-unboost|p2a: Great Tusk|spd|1
|faint|p1a: Heatran
|
|upkeep
|
|t:|1769411270
|switch|p1a: Meowscarada|Meowscarada, M|100/100
|turn|22
|
|t:|1769411292
|move|p1a: Meowscarada|Flower Trick|p2a: Great Tusk
|-start|p1a: Meowscarada|typechange|Grass|[from] ability: Protean
|-supereffective|p2a: Great Tusk
|-crit|p2a: Great Tusk
|-damage|p2a: Great Tusk|0 fnt
|faint|p2a: Great Tusk
|-end|p2a: Great Tusk|Protosynthesis|[silent]
|
|upkeep
|
|t:|1769411294
|switch|p2a: Hatterene|Hatterene, F|83/100
|turn|23
|
|t:|1769411296
|-terastallize|p2a: Hatterene|Steel
|move|p1a: Meowscarada|Flower Trick|p2a: Hatterene
|-resisted|p2a: Hatterene
|-crit|p2a: Hatterene
|-damage|p2a: Hatterene|50/100
|move|p2a: Hatterene|Nuzzle|p1a: Meowscarada
|-resisted|p1a: Meowscarada
|-damage|p1a: Meowscarada|97/100
|-status|p1a: Meowscarada|par
|
|upkeep
|turn|24
|
|t:|1769411300
|move|p1a: Meowscarada|Flower Trick|p2a: Hatterene
|-resisted|p2a: Hatterene
|-crit|p2a: Hatterene
|-damage|p2a: Hatterene|22/100
|move|p2a: Hatterene|Dazzling Gleam|p1a: Meowscarada
|-damage|p1a: Meowscarada|41/100 par
|
|upkeep
|turn|25
|
|t:|1769411305
|move|p1a: Meowscarada|Flower Trick|p2a: Hatterene
|-resisted|p2a: Hatterene
|-crit|p2a: Hatterene
|-damage|p2a: Hatterene|0 fnt
|faint|p2a: Hatterene
|
|upkeep
|
|t:|1769411306
|switch|p2a: Walking Wake|Walking Wake|22/100
|turn|26
|
|t:|1769411308
|move|p2a: Walking Wake|Draco Meteor|p1a: Meowscarada
|-damage|p1a: Meowscarada|0 fnt
|-unboost|p2a: Walking Wake|spa|2
|faint|p1a: Meowscarada
|
|win|no_dupes
|raw|pr.iyanshu768500's rating: 1507 &rarr; <strong>1486</strong><br />(-21 for losing)
|raw|no_dupes's rating: 1489 &rarr; <strong>1510</strong><br />(+21 for winning)
|l|☆pr.iyanshu768500
|player|p1|
|c|☆no_dupes|gg
|l|☆no_dupes
|player|p2|
|j| nitroLazer120
|l| nitroLazer120
|l| firecharmander004
