|j|☆DerDonPorrello
|j|☆VIXperation
|t:|1769299025
|gametype|singles
|player|p1|DerDonPorrello|hiker-gen4|1205
|player|p2|VIXperation|hooligans|1232
|gen|9
|tier|[Gen 9] OU
|rated|
|rule|HP Percentage Mod: HP is shown in percentages
|rule|Endless Battle Clause: Forcing endless battles is banned
|rule|Species Clause: Limit one of each Pokémon
|rule|OHKO Clause: OHKO moves are banned
|rule|Evasion Items Clause: Evasion items are banned
|rule|Evasion Moves Clause: Evasion moves are banned
|rule|Evasion Abilities Clause: Evasion abilities are banned
|rule|Sleep Moves Clause: Sleep-inducing moves are banned
|clearpoke
|poke|p1|Alomomola, M|
|poke|p1|Hydrapple, M|
|poke|p1|Kleavor, F|
|poke|p1|Overqwil, M|
|poke|p1|Hoopa|
|poke|p1|Quaxwell, F|
|poke|p2|Slowking-Galar, F|
|poke|p2|Gholdengo|
|poke|p2|Great Tusk|
|poke|p2|Dondozo, F|
|poke|p2|Meowscarada, F|
|poke|p2|Samurott-Hisui, F|
|teampreview
|
|t:|1769299044
|teamsize|p1|6
|teamsize|p2|6
|start
|switch|p1a: Kleavor|Kleavor, F|100/100
|switch|p2a: Samurott|Samurott-Hisui, F, shiny|100/100
|turn|1
|
|t:|1769299057
|switch|p1a: Alomomola|Alomomola, M|100/100
|move|p2a: Samurott|Flip Turn|p1a: Alomomola
|-resisted|p1a: Alomomola
|-damage|p1a: Alomomola|91/100
|-damage|p2a: Samurott|84/100|[from] item: Rocky Helmet|[of] p1a: Alomomola
|
|t:|1769299064
|switch|p2a: Meowscarada|Meowscarada, F|100/100|[from] Flip Turn
|
|upkeep
|turn|2
|
|t:|1769299072
|switch|p1a: Overqwil|Overqwil, M|100/100
|-ability|p1a: Overqwil|Intimidate|boost
|-unboost|p2a: Meowscarada|atk|1
|move|p2a: Meowscarada|Knock Off|p1a: Overqwil
|-start|p2a: Meowscarada|typechange|Dark|[from] ability: Protean
|-resisted|p1a: Overqwil
|-damage|p1a: Overqwil|84/100
|-enditem|p1a: Overqwil|Black Sludge|[from] move: Knock Off|[of] p2a: Meowscarada
|
|upkeep
|turn|3
|
|t:|1769299083
|switch|p2a: Great Tusk|Great Tusk|100/100
|move|p1a: Overqwil|Spikes|p2a: Great Tusk
|-sidestart|p2: VIXperation|Spikes
|
|upkeep
|turn|4
|
|t:|1769299089
|switch|p1a: Alomomola|Alomomola, M|100/100
|move|p2a: Great Tusk|Knock Off|p1a: Alomomola
|-damage|p1a: Alomomola|84/100
|-damage|p2a: Great Tusk|84/100|[from] item: Rocky Helmet|[of] p1a: Alomomola
|-enditem|p1a: Alomomola|Rocky Helmet|[from] move: Knock Off|[of] p2a: Great Tusk
|
|-heal|p2a: Great Tusk|90/100|[from] item: Leftovers
|upkeep
|turn|5
|
|t:|1769299100
|-end|p2a: Great Tusk|Protosynthesis|[silent]
|switch|p2a: Slowking|Slowking-Galar, F|100/100
|-damage|p2a: Slowking|88/100|[from] Spikes
|move|p1a: Alomomola|Whirlpool|p2a: Slowking|[miss]
|-miss|p1a: Alomomola|p2a: Slowking
|
|-heal|p2a: Slowking|94/100|[from] item: Black Sludge
|upkeep
|turn|6
|
|t:|1769299113
|switch|p1a: Hoopa|Hoopa|100/100
|move|p2a: Slowking|Thunder Wave|p1a: Hoopa
|-status|p1a: Hoopa|par
|
|-heal|p2a: Slowking|99/100|[from] item: Black Sludge
|upkeep
|turn|7
|
|t:|1769299128
|move|p1a: Hoopa|Trick|p2a: Slowking
|-activate|p1a: Hoopa|move: Trick|[of] p2a: Slowking
|-item|p2a: Slowking|Choice Specs|[from] move: Trick
|-item|p1a: Hoopa|Black Sludge|[from] move: Trick
|move|p2a: Slowking|Trick|p1a: Hoopa
|-activate|p2a: Slowking|move: Trick|[of] p1a: Hoopa
|-item|p1a: Hoopa|Choice Specs|[from] move: Trick
|-item|p2a: Slowking|Black Sludge|[from] move: Trick
|
|-heal|p2a: Slowking|100/100|[from] item: Black Sludge
|upkeep
|turn|8
|
|t:|1769299141
|move|p1a: Hoopa|Trick|p2a: Slowking
|-activate|p1a: Hoopa|move: Trick|[of] p2a: Slowking
|-item|p2a: Slowking|Choice Specs|[from] move: Trick
|-item|p1a: Hoopa|Black Sludge|[from] move: Trick
|move|p2a: Slowking|Trick|p1a: Hoopa
|-activate|p2a: Slowking|move: Trick|[of] p1a: Hoopa
|-item|p1a: Hoopa|Choice Specs|[from] move: Trick
|-item|p2a: Slowking|Black Sludge|[from] move: Trick
|
|upkeep
|turn|9
|
|t:|1769299150
|move|p1a: Hoopa|Shadow Ball|p2a: Slowking
|-supereffective|p2a: Slowking
|-crit|p2a: Slowking
|-damage|p2a: Slowking|0 fnt
|faint|p2a: Slowking
|
|upkeep
|
|t:|1769299156
|switch|p2a: Meowscarada|Meowscarada, F|100/100
|-damage|p2a: Meowscarada|88/100|[from] Spikes
|turn|10
|
|t:|1769299161
|switch|p1a: Overqwil|Overqwil, M|84/100
|-ability|p1a: Overqwil|Intimidate|boost
|-unboost|p2a: Meowscarada|atk|1
|move|p2a: Meowscarada|U-turn|p1a: Overqwil
|-start|p2a: Meowscarada|typechange|Bug|[from] ability: Protean
|-damage|p1a: Overqwil|59/100
|
|t:|1769299169
|switch|p2a: Great Tusk|Great Tusk|90/100|[from] U-turn
|-damage|p2a: Great Tusk|78/100|[from] Spikes
|
|-heal|p2a: Great Tusk|84/100|[from] item: Leftovers
|upkeep
|turn|11
|
|t:|1769299178
|switch|p1a: Alomomola|Alomomola, M|100/100
|move|p2a: Great Tusk|Stealth Rock|p1a: Alomomola
|-sidestart|p1: DerDonPorrello|move: Stealth Rock
|
|-heal|p2a: Great Tusk|90/100|[from] item: Leftovers
|upkeep
|turn|12
|
|t:|1769299202
|-end|p2a: Great Tusk|Protosynthesis|[silent]
|switch|p2a: Meowscarada|Meowscarada, F|88/100
|-damage|p2a: Meowscarada|76/100|[from] Spikes
|move|p1a: Alomomola|Wish|p1a: Alomomola
|
|upkeep
|turn|13
|
|t:|1769299212
|switch|p1a: Overqwil|Overqwil, M|59/100
|-damage|p1a: Overqwil|47/100|[from] Stealth Rock
|-ability|p1a: Overqwil|Intimidate|boost
|-unboost|p2a: Meowscarada|atk|1
|move|p2a: Meowscarada|U-turn|p1a: Overqwil
|-start|p2a: Meowscarada|typechange|Bug|[from] ability: Protean
|-damage|p1a: Overqwil|24/100
|
|t:|1769299224
|switch|p2a: Great Tusk|Great Tusk|90/100|[from] U-turn
|-damage|p2a: Great Tusk|78/100|[from] Spikes
|
|-heal|p1a: Overqwil|88/100|[from] move: Wish|[wisher] Alomomola
|-heal|p2a: Great Tusk|84/100|[from] item: Leftovers
|upkeep
|turn|14
|
|t:|1769299233
|switch|p1a: Alomomola|Alomomola, M|100/100
|-damage|p1a: Alomomola|88/100|[from] Stealth Rock
|move|p2a: Great Tusk|Rapid Spin|p1a: Alomomola
|-damage|p1a: Alomomola|79/100
|-boost|p2a: Great Tusk|spe|1
|-sideend|p2: VIXperation|Spikes|[from] move: Rapid Spin|[of] p2a: Great Tusk
|
|-heal|p2a: Great Tusk|90/100|[from] item: Leftovers
|upkeep
|turn|15
|
|t:|1769299252
|-end|p2a: Great Tusk|Protosynthesis|[silent]
|switch|p2a: Dondozo|Dondozo, F, shiny|100/100
|move|p1a: Alomomola|Whirlpool|p2a: Dondozo
|-resisted|p2a: Dondozo
|-damage|p2a: Dondozo|98/100
|-activate|p2a: Dondozo|move: Whirlpool|[of] p1a: Alomomola
|
|-heal|p2a: Dondozo|100/100|[from] item: Leftovers
|-damage|p2a: Dondozo|88/100|[from] move: Whirlpool|[partiallytrapped]
|upkeep
|turn|16
|
|t:|1769299265
|switch|p1a: Hydrapple|Hydrapple, M|100/100
|-damage|p1a: Hydrapple|88/100|[from] Stealth Rock
|move|p2a: Dondozo|Liquidation|p1a: Hydrapple
|-resisted|p1a: Hydrapple
|-damage|p1a: Hydrapple|82/100
|
|-heal|p2a: Dondozo|94/100|[from] item: Leftovers
|-end|p2a: Dondozo|Whirlpool|[partiallytrapped]|[silent]
|upkeep
|turn|17
|
|t:|1769299279
|switch|p2a: Gholdengo|Gholdengo|100/100
|move|p1a: Hydrapple|Giga Drain|p2a: Gholdengo
|-resisted|p2a: Gholdengo
|-damage|p2a: Gholdengo|76/100
|-heal|p1a: Hydrapple|92/100|[from] drain|[of] p2a: Gholdengo
|
|upkeep
|turn|18
|
|t:|1769299300
|switch|p1a: Overqwil|Overqwil, M|88/100
|-damage|p1a: Overqwil|76/100|[from] Stealth Rock
|-ability|p1a: Overqwil|Intimidate|boost
|-unboost|p2a: Gholdengo|atk|1
|move|p2a: Gholdengo|Trick|p1a: Overqwil
|-activate|p2a: Gholdengo|move: Trick|[of] p1a: Overqwil
|-item|p1a: Overqwil|Choice Scarf|[from] move: Trick
|-enditem|p2a: Gholdengo|Choice Scarf|[silent]|[from] move: Trick
|
|upkeep
|turn|19
|
|t:|1769299318
|switch|p2a: Great Tusk|Great Tusk|90/100
|move|p1a: Overqwil|Crunch|p2a: Great Tusk
|-resisted|p2a: Great Tusk
|-damage|p2a: Great Tusk|82/100
|
|-heal|p2a: Great Tusk|89/100|[from] item: Leftovers
|upkeep
|turn|20
|
|t:|1769299328
|switch|p1a: Alomomola|Alomomola, M|100/100
|-damage|p1a: Alomomola|88/100|[from] Stealth Rock
|-end|p2a: Great Tusk|Protosynthesis|[silent]
|switch|p2a: Samurott|Samurott-Hisui, F, shiny|84/100
|
|upkeep
|turn|21
|
|t:|1769299336
|move|p2a: Samurott|Ceaseless Edge|p1a: Alomomola
|-damage|p1a: Alomomola|59/100
|-sidestart|p1: DerDonPorrello|Spikes
|move|p1a: Alomomola|Wish|p1a: Alomomola
|
|upkeep
|turn|22
|
|t:|1769299344
|move|p2a: Samurott|Ceaseless Edge|p1a: Alomomola
|-damage|p1a: Alomomola|29/100
|-sidestart|p1: DerDonPorrello|Spikes
|move|p1a: Alomomola|Play Rough|p2a: Samurott
|-supereffective|p2a: Samurott
|-damage|p2a: Samurott|44/100
|
|-heal|p1a: Alomomola|78/100|[from] move: Wish|[wisher] Alomomola
|upkeep
|turn|23
|
|t:|1769299355
|switch|p2a: Dondozo|Dondozo, F, shiny|94/100
|move|p1a: Alomomola|Wish|p1a: Alomomola
|
|-heal|p2a: Dondozo|99/100|[from] item: Leftovers
|upkeep
|turn|24
|
|t:|1769299375
|switch|p1a: Hydrapple|Hydrapple, M|100/100
|-damage|p1a: Hydrapple|88/100|[from] Stealth Rock
|-damage|p1a: Hydrapple|72/100|[from] Spikes
|switch|p2a: Samurott|Samurott-Hisui, F, shiny|44/100
|
|-heal|p1a: Hydrapple|100/100|[from] move: Wish|[wisher] Alomomola
|upkeep
|turn|25
|
|t:|1769299390
|move|p2a: Samurott|Knock Off|p1a: Hydrapple
|-damage|p1a: Hydrapple|63/100
|-enditem|p1a: Hydrapple|Assault Vest|[from] move: Knock Off|[of] p2a: Samurott
|move|p1a: Hydrapple|Giga Drain|p2a: Samurott
|-supereffective|p2a: Samurott
|-damage|p2a: Samurott|0 fnt
|-heal|p1a: Hydrapple|80/100|[from] drain|[of] p2a: Samurott
|faint|p2a: Samurott
|
|upkeep
|
|t:|1769299399
|switch|p2a: Meowscarada|Meowscarada, F|76/100
|turn|26
|
|t:|1769299412
|move|p2a: Meowscarada|Triple Axel|p1a: Hydrapple
|-start|p2a: Meowscarada|typechange|Ice|[from] ability: Protean
|-supereffective|p1a: Hydrapple
|-damage|p1a: Hydrapple|36/100
|-hitcount|p1a: Hydrapple|1
|move|p1a: Hydrapple|Fickle Beam|p2a: Meowscarada
|-damage|p2a: Meowscarada|6/100
|
|upkeep
|turn|27
|
|t:|1769299423
|switch|p1a: Alomomola|Alomomola, M|100/100
|-damage|p1a: Alomomola|88/100|[from] Stealth Rock
|-damage|p1a: Alomomola|71/100|[from] Spikes
|move|p2a: Meowscarada|Triple Axel|p1a: Alomomola
|-resisted|p1a: Alomomola
|-damage|p1a: Alomomola|67/100
|-resisted|p1a: Alomomola
|-damage|p1a: Alomomola|59/100
|-resisted|p1a: Alomomola
|-damage|p1a: Alomomola|46/100
|-hitcount|p1a: Alomomola|3
|
|upkeep
|turn|28
|
|t:|1769299436
|switch|p2a: Gholdengo|Gholdengo|76/100
|move|p1a: Alomomola|Wish|p1a: Alomomola
|
|upkeep
|turn|29
|
|t:|1769299442
|switch|p1a: Overqwil|Overqwil, M|76/100
|-damage|p1a: Overqwil|64/100|[from] Stealth Rock
|-damage|p1a: Overqwil|47/100|[from] Spikes
|-ability|p1a: Overqwil|Intimidate|boost
|-unboost|p2a: Gholdengo|atk|1
|move|p2a: Gholdengo|Recover|p2a: Gholdengo
|-heal|p2a: Gholdengo|100/100
|
|-heal|p1a: Overqwil|100/100|[from] move: Wish|[wisher] Alomomola
|upkeep
|turn|30
|
|t:|1769299457
|switch|p2a: Great Tusk|Great Tusk|89/100
|move|p1a: Overqwil|Toxic Spikes|p2a: Great Tusk
|-sidestart|p2: VIXperation|move: Toxic Spikes
|
|-heal|p2a: Great Tusk|95/100|[from] item: Leftovers
|upkeep
|turn|31
|
|t:|1769299471
|switch|p1a: Alomomola|Alomomola, M|80/100
|-damage|p1a: Alomomola|67/100|[from] Stealth Rock
|-damage|p1a: Alomomola|50/100|[from] Spikes
|move|p2a: Great Tusk|Rapid Spin|p1a: Alomomola
|-damage|p1a: Alomomola|41/100
|-boost|p2a: Great Tusk|spe|1
|-sideend|p2: VIXperation|Toxic Spikes|[from] move: Rapid Spin|[of] p2a: Great Tusk
|
|-heal|p2a: Great Tusk|100/100|[from] item: Leftovers
|upkeep
|turn|32
|
|t:|1769299482
|move|p2a: Great Tusk|Body Press|p1a: Alomomola
|-damage|p1a: Alomomola|16/100
|move|p1a: Alomomola|Wish|p1a: Alomomola
|
|upkeep
|turn|33
|
|t:|1769299491
|-end|p2a: Great Tusk|Protosynthesis|[silent]
|switch|p2a: Meowscarada|Meowscarada, F|6/100
|move|p1a: Alomomola|Protect||[still]
|-fail|p1a: Alomomola
|
|-heal|p1a: Alomomola|66/100|[from] move: Wish|[wisher] Alomomola
|upkeep
|turn|34
|
|t:|1769299499
|switch|p1a: Overqwil|Overqwil, M|100/100
|-damage|p1a: Overqwil|88/100|[from] Stealth Rock
|-damage|p1a: Overqwil|72/100|[from] Spikes
|-ability|p1a: Overqwil|Intimidate|boost
|-unboost|p2a: Meowscarada|atk|1
|move|p2a: Meowscarada|U-turn|p1a: Overqwil
|-start|p2a: Meowscarada|typechange|Bug|[from] ability: Protean
|-damage|p1a: Overqwil|49/100
|
|t:|1769299510
|switch|p2a: Great Tusk|Great Tusk|100/100|[from] U-turn
|
|upkeep
|turn|35
|
|t:|1769299519
|switch|p1a: Alomomola|Alomomola, M|99/100
|-damage|p1a: Alomomola|87/100|[from] Stealth Rock
|-damage|p1a: Alomomola|70/100|[from] Spikes
|move|p2a: Great Tusk|Knock Off|p1a: Alomomola
|-damage|p1a: Alomomola|58/100
|
|upkeep
|turn|36
|
|t:|1769299527
|-end|p2a: Great Tusk|Protosynthesis|[silent]
|switch|p2a: Gholdengo|Gholdengo|100/100
|move|p1a: Alomomola|Wish|p1a: Alomomola
|
|upkeep
|turn|37
|
|t:|1769299537
|switch|p1a: Overqwil|Overqwil, M|49/100
|-damage|p1a: Overqwil|37/100|[from] Stealth Rock
|-damage|p1a: Overqwil|20/100|[from] Spikes
|-ability|p1a: Overqwil|Intimidate|boost
|-unboost|p2a: Gholdengo|atk|1
|move|p2a: Gholdengo|Shadow Ball|p1a: Overqwil
|-resisted|p1a: Overqwil
|-damage|p1a: Overqwil|0 fnt
|faint|p1a: Overqwil
|
|upkeep
|
|t:|1769299564
|switch|p1a: Kleavor|Kleavor, F|100/100
|turn|38
|
|t:|1769299572
|switch|p1a: Quaxwell|Quaxwell, F|100/100
|-damage|p1a: Quaxwell|88/100|[from] Stealth Rock
|-damage|p1a: Quaxwell|71/100|[from] Spikes
|move|p2a: Gholdengo|Make It Rain|p1a: Quaxwell
|-resisted|p1a: Quaxwell
|-damage|p1a: Quaxwell|34/100
|-unboost|p2a: Gholdengo|spa|1
|
|upkeep
|turn|39
|
|t:|1769299585
|move|p2a: Gholdengo|Trick|p1a: Quaxwell
|-activate|p2a: Gholdengo|move: Trick|[of] p1a: Quaxwell
|-enditem|p1a: Quaxwell|Eviolite|[silent]|[from] move: Trick
|-item|p2a: Gholdengo|Eviolite|[from] move: Trick
|move|p1a: Quaxwell|Roost|p1a: Quaxwell
|-heal|p1a: Quaxwell|84/100
|-singleturn|p1a: Quaxwell|move: Roost
|
|upkeep
|turn|40
|
|t:|1769299594
|move|p2a: Gholdengo|Shadow Ball|p1a: Quaxwell
|-damage|p1a: Quaxwell|36/100
|-unboost|p1a: Quaxwell|spd|1
|move|p1a: Quaxwell|Liquidation|p2a: Gholdengo
|-damage|p2a: Gholdengo|73/100
|-unboost|p2a: Gholdengo|def|1
|
|upkeep
|turn|41
|
|t:|1769299610
|switch|p1a: Hydrapple|Hydrapple, M|70/100
|-damage|p1a: Hydrapple|57/100|[from] Stealth Rock
|-damage|p1a: Hydrapple|41/100|[from] Spikes
|move|p2a: Gholdengo|Shadow Ball|p1a: Hydrapple
|-damage|p1a: Hydrapple|9/100
|
|upkeep
|turn|42
|
|t:|1769299624
|move|p2a: Gholdengo|Shadow Ball|p1a: Hydrapple
|-damage|p1a: Hydrapple|0 fnt
|faint|p1a: Hydrapple
|
|upkeep
|
|t:|1769299632
|switch|p1a: Kleavor|Kleavor, F|100/100
|turn|43
|
|t:|1769299637
|switch|p2a: Great Tusk|Great Tusk|100/100
|move|p1a: Kleavor|Night Slash|p2a: Great Tusk
|-resisted|p2a: Great Tusk
|-damage|p2a: Great Tusk|92/100
|
|-heal|p2a: Great Tusk|98/100|[from] item: Leftovers
|upkeep
|turn|44
|
|t:|1769299646
|move|p1a: Kleavor|U-turn|p2a: Great Tusk
|-resisted|p2a: Great Tusk
|-damage|p2a: Great Tusk|88/100
|
|t:|1769299649
|switch|p1a: Alomomola|Alomomola, M|91/100|[from] U-turn
|-damage|p1a: Alomomola|79/100|[from] Stealth Rock
|-damage|p1a: Alomomola|62/100|[from] Spikes
|move|p2a: Great Tusk|Rapid Spin|p1a: Alomomola
|-damage|p1a: Alomomola|54/100
|-boost|p2a: Great Tusk|spe|1
|
|-heal|p2a: Great Tusk|95/100|[from] item: Leftovers
|upkeep
|turn|45
|
|t:|1769299664
|move|p2a: Great Tusk|Body Press|p1a: Alomomola
|-damage|p1a: Alomomola|26/100
|move|p1a: Alomomola|Wish|p1a: Alomomola
|
|-heal|p2a: Great Tusk|100/100|[from] item: Leftovers
|upkeep
|turn|46
|
|t:|1769299675
|-end|p2a: Great Tusk|Protosynthesis|[silent]
|switch|p2a: Gholdengo|Gholdengo|73/100
|move|p1a: Alomomola|Protect||[still]
|-fail|p1a: Alomomola
|
|-heal|p1a: Alomomola|76/100|[from] move: Wish|[wisher] Alomomola
|upkeep
|turn|47
|
|t:|1769299687
|move|p2a: Gholdengo|Shadow Ball|p1a: Alomomola
|-damage|p1a: Alomomola|35/100
|move|p1a: Alomomola|Wish|p1a: Alomomola
|
|upkeep
|turn|48
|
|t:|1769299693
|move|p1a: Alomomola|Protect|p1a: Alomomola
|-singleturn|p1a: Alomomola|Protect
|move|p2a: Gholdengo|Recover|p2a: Gholdengo
|-heal|p2a: Gholdengo|100/100
|
|-heal|p1a: Alomomola|85/100|[from] move: Wish|[wisher] Alomomola
|upkeep
|turn|49
|
|t:|1769299701
|move|p2a: Gholdengo|Shadow Ball|p1a: Alomomola
|-damage|p1a: Alomomola|39/100
|-unboost|p1a: Alomomola|spd|1
|move|p1a: Alomomola|Wish|p1a: Alomomola
|
|upkeep
|turn|50
|
|t:|1769299710
|switch|p2a: Meowscarada|Meowscarada, F|6/100
|switch|p1a: Kleavor|Kleavor, F|100/100
|
|upkeep
|turn|51
|
|t:|1769299721
|move|p2a: Meowscarada|U-turn|p1a: Kleavor
|-start|p2a: Meowscarada|typechange|Bug|[from] ability: Protean
|-damage|p1a: Kleavor|37/100
|
|t:|1769299726
|switch|p2a: Great Tusk|Great Tusk|100/100|[from] U-turn
|move|p1a: Kleavor|U-turn|p2a: Great Tusk
|-resisted|p2a: Great Tusk
|-damage|p2a: Great Tusk|92/100
|
|t:|1769299731
|switch|p1a: Quaxwell|Quaxwell, F|36/100|[from] U-turn
|-damage|p1a: Quaxwell|23/100|[from] Stealth Rock
|-damage|p1a: Quaxwell|7/100|[from] Spikes
|
|-heal|p2a: Great Tusk|98/100|[from] item: Leftovers
|upkeep
|turn|52
|
|t:|1769299739
|-end|p2a: Great Tusk|Protosynthesis|[silent]
|switch|p2a: Gholdengo|Gholdengo|100/100
|move|p1a: Quaxwell|Roost|p1a: Quaxwell
|-heal|p1a: Quaxwell|57/100
|-singleturn|p1a: Quaxwell|move: Roost
|
|upkeep
|turn|53
|
|t:|1769299745
|move|p2a: Gholdengo|Shadow Ball|p1a: Quaxwell
|-damage|p1a: Quaxwell|0 fnt
|faint|p1a: Quaxwell
|
|upkeep
|-message|DerDonPorrello forfeited.
|
|win|VIXperation
|raw|DerDonPorrello's rating: 1205 &rarr; <strong>1182</strong><br />(-23 for losing)
|raw|VIXperation's rating: 1232 &rarr; <strong>1255</strong><br />(+23 for winning)
|l|☆DerDonPorrello
|player|p1|
|l|☆VIXperation
|player|p2|
