|j|☆Thegrimmace
|j|☆oscuruth
|t:|1769366687
|gametype|singles
|player|p1|Thegrimmace|170|1341
|player|p2|oscuruth|102|1292
|gen|9
|tier|[Gen 9] OU
|rated|
|rule|HP Percentage Mod: HP is shown in percentages
|rule|Endless Battle Clause: Forcing endless battles is banned
|rule|Species Clause: Limit one of each Pokémon
|rule|OHKO Clause: OHKO moves are banned
|rule|Evasion Items Clause: Evasion items are banned
|rule|Evasion Moves Clause: Evasion moves are banned
|rule|Evasion Abilities Clause: Evasion abilities are banned
|rule|Sleep Moves Clause: Sleep-inducing moves are banned
|clearpoke
|poke|p1|Glimmora, F|
|poke|p1|Kingambit, M|
|poke|p1|Iron Valiant|
|poke|p1|Dragapult, F|
|poke|p1|Zebstrika, F|
|poke|p1|Azumarill, F|
|poke|p2|Ninetales, M|
|poke|p2|Alomomola, F|
|poke|p2|Walking Wake|
|poke|p2|Venusaur, F|
|poke|p2|Great Tusk|
|poke|p2|Kingambit, F|
|teampreview
|
|t:|1769366709
|teamsize|p1|6
|teamsize|p2|6
|start
|switch|p1a: Zebstrika|Zebstrika, F|100/100
|switch|p2a: Great Tusk|Great Tusk|100/100
|turn|1
|inactive|Battle timer is ON: inactive players will automatically lose when time's up. (requested by Thegrimmace)
|
|t:|1769366728
|switch|p1a: Glimmora|Glimmora, F|100/100
|move|p2a: Great Tusk|Stealth Rock|p1a: Glimmora
|-sidestart|p1: Thegrimmace|move: Stealth Rock
|
|upkeep
|turn|2
|
|t:|1769366741
|move|p2a: Great Tusk|Headlong Rush|p1a: Glimmora
|-supereffective|p1a: Glimmora
|-enditem|p1a: Glimmora|Focus Sash
|-damage|p1a: Glimmora|1/100
|-unboost|p2a: Great Tusk|def|1
|-unboost|p2a: Great Tusk|spd|1
|-activate|p1a: Glimmora|ability: Toxic Debris
|-sidestart|p2: oscuruth|move: Toxic Spikes
|move|p1a: Glimmora|Stealth Rock|p2a: Great Tusk
|-sidestart|p2: oscuruth|move: Stealth Rock
|
|upkeep
|turn|3
|
|t:|1769366752
|move|p2a: Great Tusk|Ice Spinner|p1a: Glimmora
|-crit|p1a: Glimmora
|-damage|p1a: Glimmora|0 fnt
|-activate|p1a: Glimmora|ability: Toxic Debris
|-sidestart|p2: oscuruth|move: Toxic Spikes
|faint|p1a: Glimmora
|
|upkeep
|inactive|Thegrimmace has 120 seconds left.
|
|t:|1769366802
|switch|p1a: Iron Valiant|Iron Valiant|100/100
|-damage|p1a: Iron Valiant|94/100|[from] Stealth Rock
|-enditem|p1a: Iron Valiant|Booster Energy
|-activate|p1a: Iron Valiant|ability: Quark Drive|[fromitem]
|-start|p1a: Iron Valiant|quarkdrivespe
|turn|4
|
|t:|1769366812
|-terastallize|p2a: Great Tusk|Steel
|move|p1a: Iron Valiant|Psyshock|p2a: Great Tusk
|-resisted|p2a: Great Tusk
|-damage|p2a: Great Tusk|88/100
|move|p2a: Great Tusk|Rapid Spin|p1a: Iron Valiant
|-damage|p1a: Iron Valiant|74/100
|-boost|p2a: Great Tusk|spe|1
|-sideend|p2: oscuruth|Toxic Spikes|[from] move: Rapid Spin|[of] p2a: Great Tusk
|-sideend|p2: oscuruth|Stealth Rock|[from] move: Rapid Spin|[of] p2a: Great Tusk
|
|upkeep
|turn|5
|
|t:|1769366823
|-end|p2a: Great Tusk|Protosynthesis|[silent]
|switch|p2a: Alomomola|Alomomola, F|100/100
|move|p1a: Iron Valiant|Close Combat|p2a: Alomomola
|-damage|p2a: Alomomola|68/100
|-unboost|p1a: Iron Valiant|def|1
|-unboost|p1a: Iron Valiant|spd|1
|
|upkeep
|turn|6
|
|t:|1769366829
|move|p1a: Iron Valiant|Thunderbolt|p2a: Alomomola
|-supereffective|p2a: Alomomola
|-damage|p2a: Alomomola|33/100
|move|p2a: Alomomola|Flip Turn|p1a: Iron Valiant
|-damage|p1a: Iron Valiant|41/100
|
|t:|1769366834
|switch|p2a: Ninetales|Ninetales, M, shiny|100/100|[from] Flip Turn
|-weather|SunnyDay|[from] ability: Drought|[of] p2a: Ninetales
|
|-weather|SunnyDay|[upkeep]
|upkeep
|turn|7
|inactive|Thegrimmace has 120 seconds left.
|
|t:|1769366847
|move|p1a: Iron Valiant|Close Combat|p2a: Ninetales
|-crit|p2a: Ninetales
|-damage|p2a: Ninetales|4/100
|-unboost|p1a: Iron Valiant|def|1
|-unboost|p1a: Iron Valiant|spd|1
|move|p2a: Ninetales|Flamethrower|p1a: Iron Valiant
|-damage|p1a: Iron Valiant|0 fnt
|faint|p1a: Iron Valiant
|-end|p1a: Iron Valiant|Quark Drive|[silent]
|
|-weather|SunnyDay|[upkeep]
|upkeep
|
|t:|1769366853
|switch|p1a: Zebstrika|Zebstrika, F|100/100
|turn|8
|inactive|Thegrimmace has 120 seconds left.
|
|t:|1769366872
|switch|p2a: Walking Wake|Walking Wake|100/100
|-activate|p2a: Walking Wake|ability: Protosynthesis
|-start|p2a: Walking Wake|protosynthesisspe
|move|p1a: Zebstrika|Trailblaze|p2a: Walking Wake
|-damage|p2a: Walking Wake|90/100
|-boost|p1a: Zebstrika|spe|1
|
|-weather|SunnyDay|[upkeep]
|upkeep
|turn|9
|inactive|Thegrimmace has 120 seconds left.
|
|t:|1769366883
|move|p1a: Zebstrika|Volt Switch|p2a: Walking Wake
|-damage|p2a: Walking Wake|56/100
|
|t:|1769366885
|switch|p1a: Azumarill|Azumarill, F|100/100|[from] Volt Switch
|-damage|p1a: Azumarill|88/100|[from] Stealth Rock
|move|p2a: Walking Wake|Hydro Steam|p1a: Azumarill
|-resisted|p1a: Azumarill
|-damage|p1a: Azumarill|34/100
|-enditem|p1a: Azumarill|Sitrus Berry|[eat]
|-heal|p1a: Azumarill|59/100|[from] item: Sitrus Berry
|
|-weather|SunnyDay|[upkeep]
|upkeep
|turn|10
|
|t:|1769366899
|-end|p2a: Walking Wake|Protosynthesis|[silent]
|switch|p2a: Alomomola|Alomomola, F|66/100
|move|p1a: Azumarill|Play Rough|p2a: Alomomola
|-damage|p2a: Alomomola|28/100
|-unboost|p2a: Alomomola|atk|1
|
|-weather|SunnyDay|[upkeep]
|upkeep
|turn|11
|
|t:|1769366905
|switch|p2a: Venusaur|Venusaur, F|100/100
|move|p1a: Azumarill|Play Rough|p2a: Venusaur
|-resisted|p2a: Venusaur
|-damage|p2a: Venusaur|65/100
|
|-weather|SunnyDay|[upkeep]
|upkeep
|turn|12
|
|t:|1769366914
|switch|p1a: Zebstrika|Zebstrika, F|100/100
|move|p2a: Venusaur|Giga Drain|p1a: Zebstrika
|-ability|p1a: Zebstrika|Sap Sipper|boost
|-boost|p1a: Zebstrika|atk|1
|
|-weather|SunnyDay|[upkeep]
|upkeep
|turn|13
|
|t:|1769366922
|move|p2a: Venusaur|Sludge Bomb|p1a: Zebstrika
|-damage|p1a: Zebstrika|0 fnt
|faint|p1a: Zebstrika
|-damage|p2a: Venusaur|55/100|[from] item: Life Orb
|
|-weather|none
|upkeep
|
|t:|1769366934
|switch|p1a: Dragapult|Dragapult, F|100/100
|-damage|p1a: Dragapult|88/100|[from] Stealth Rock
|turn|14
|
|t:|1769366938
|switch|p2a: Ninetales|Ninetales, M, shiny|4/100
|-weather|SunnyDay|[from] ability: Drought|[of] p2a: Ninetales
|move|p1a: Dragapult|Flamethrower|p2a: Ninetales
|-resisted|p2a: Ninetales
|-damage|p2a: Ninetales|0 fnt
|faint|p2a: Ninetales
|
|-weather|SunnyDay|[upkeep]
|upkeep
|
|t:|1769366957
|switch|p2a: Venusaur|Venusaur, F|55/100
|turn|15
|
|t:|1769366961
|switch|p2a: Great Tusk|Great Tusk, tera:Steel|88/100
|-activate|p2a: Great Tusk|ability: Protosynthesis
|-start|p2a: Great Tusk|protosynthesisspe
|move|p1a: Dragapult|Flamethrower|p2a: Great Tusk
|-supereffective|p2a: Great Tusk
|-damage|p2a: Great Tusk|0 fnt
|faint|p2a: Great Tusk
|-end|p2a: Great Tusk|Protosynthesis|[silent]
|
|-weather|SunnyDay|[upkeep]
|upkeep
|
|t:|1769366964
|switch|p2a: Walking Wake|Walking Wake|56/100
|-activate|p2a: Walking Wake|ability: Protosynthesis
|-start|p2a: Walking Wake|protosynthesisspe
|turn|16
|
|t:|1769366971
|switch|p1a: Azumarill|Azumarill, F|59/100
|-damage|p1a: Azumarill|46/100|[from] Stealth Rock
|move|p2a: Walking Wake|Hydro Steam|p1a: Azumarill
|-resisted|p1a: Azumarill
|-damage|p1a: Azumarill|0 fnt
|faint|p1a: Azumarill
|
|-weather|SunnyDay|[upkeep]
|upkeep
|
|t:|1769366978
|switch|p1a: Kingambit|Kingambit, M|100/100
|-damage|p1a: Kingambit|94/100|[from] Stealth Rock
|-activate|p1a: Kingambit|ability: Supreme Overlord
|-start|p1a: Kingambit|fallen4|[silent]
|turn|17
|
|t:|1769366995
|-end|p2a: Walking Wake|Protosynthesis|[silent]
|switch|p2a: Alomomola|Alomomola, F|61/100
|move|p1a: Kingambit|Swords Dance|p1a: Kingambit
|-boost|p1a: Kingambit|atk|2
|
|-weather|SunnyDay|[upkeep]
|upkeep
|turn|18
|
|t:|1769367001
|move|p1a: Kingambit|Kowtow Cleave|p2a: Alomomola
|-damage|p2a: Alomomola|0 fnt
|faint|p2a: Alomomola
|
|-weather|SunnyDay|[upkeep]
|upkeep
|
|t:|1769367003
|switch|p2a: Venusaur|Venusaur, F|55/100
|turn|19
|
|t:|1769367010
|move|p1a: Kingambit|Sucker Punch||[still]
|-fail|p1a: Kingambit
|move|p2a: Venusaur|Growth|p2a: Venusaur
|-boost|p2a: Venusaur|atk|2
|-boost|p2a: Venusaur|spa|2
|
|-weather|SunnyDay|[upkeep]
|upkeep
|turn|20
|
|t:|1769367015
|switch|p2a: devindian|Kingambit, F|100/100
|-activate|p2a: devindian|ability: Supreme Overlord
|-start|p2a: devindian|fallen3|[silent]
|-item|p2a: devindian|Air Balloon
|move|p1a: Kingambit|Sucker Punch||[still]
|-fail|p1a: Kingambit
|
|-weather|SunnyDay|[upkeep]
|upkeep
|turn|21
|
|t:|1769367024
|move|p1a: Kingambit|Kowtow Cleave|p2a: devindian
|-resisted|p2a: devindian
|-damage|p2a: devindian|39/100
|-enditem|p2a: devindian|Air Balloon
|move|p2a: devindian|Iron Head|p1a: Kingambit
|-resisted|p1a: Kingambit
|-damage|p1a: Kingambit|67/100
|
|-weather|none
|upkeep
|turn|22
|
|t:|1769367043
|move|p1a: Kingambit|Sucker Punch|p2a: devindian
|-resisted|p2a: devindian
|-damage|p2a: devindian|0 fnt
|faint|p2a: devindian
|-end|p2a: devindian|fallen3|[silent]
|
|upkeep
|
|t:|1769367045
|switch|p2a: Venusaur|Venusaur, F|55/100
|turn|23
|
|t:|1769367063
|move|p1a: Kingambit|Sucker Punch||[still]
|-fail|p1a: Kingambit
|move|p2a: Venusaur|Growth|p2a: Venusaur
|-boost|p2a: Venusaur|atk|1
|-boost|p2a: Venusaur|spa|1
|
|upkeep
|turn|24
|
|t:|1769367070
|move|p1a: Kingambit|Sucker Punch||[still]
|-fail|p1a: Kingambit
|move|p2a: Venusaur|Growth|p2a: Venusaur
|-boost|p2a: Venusaur|atk|1
|-boost|p2a: Venusaur|spa|1
|
|upkeep
|turn|25
|
|t:|1769367087
|move|p1a: Kingambit|Sucker Punch||[still]
|-fail|p1a: Kingambit
|move|p2a: Venusaur|Growth|p2a: Venusaur
|-boost|p2a: Venusaur|atk|1
|-boost|p2a: Venusaur|spa|1
|
|upkeep
|turn|26
|
|t:|1769367095
|move|p2a: Venusaur|Growth|p2a: Venusaur
|-boost|p2a: Venusaur|atk|1
|-boost|p2a: Venusaur|spa|1
|move|p1a: Kingambit|Kowtow Cleave|p2a: Venusaur
|-damage|p2a: Venusaur|0 fnt
|faint|p2a: Venusaur
|
|upkeep
|
|t:|1769367097
|switch|p2a: Walking Wake|Walking Wake|56/100
|turn|27
|
|t:|1769367106
|-terastallize|p1a: Kingambit|Dark
|move|p1a: Kingambit|Sucker Punch|p2a: Walking Wake
|-damage|p2a: Walking Wake|0 fnt
|faint|p2a: Walking Wake
|-end|p2a: Walking Wake|Protosynthesis|[silent]
|
|win|Thegrimmace
|raw|Thegrimmace's rating: 1341 &rarr; <strong>1358</strong><br />(+17 for winning)
|raw|oscuruth's rating: 1292 &rarr; <strong>1271</strong><br />(-21 for losing)
|l|☆Thegrimmace
|player|p1|
|l|☆oscuruth
|player|p2|
