|j|☆betterweather
|j|☆Igoodnamename
|t:|1769295675
|gametype|singles
|player|p1|betterweather|chuck|1818
|player|p2|Igoodnamename|266|1778
|gen|9
|tier|[Gen 9] OU
|rated|
|rule|HP Percentage Mod: HP is shown in percentages
|rule|Endless Battle Clause: Forcing endless battles is banned
|rule|Species Clause: Limit one of each Pokémon
|rule|OHKO Clause: OHKO moves are banned
|rule|Evasion Items Clause: Evasion items are banned
|rule|Evasion Moves Clause: Evasion moves are banned
|rule|Evasion Abilities Clause: Evasion abilities are banned
|rule|Sleep Moves Clause: Sleep-inducing moves are banned
|clearpoke
|poke|p1|Darkrai|
|poke|p1|Kingambit, M|
|poke|p1|Corviknight, F|
|poke|p1|Alomomola, M|
|poke|p1|Mamoswine, M|
|poke|p1|Hatterene, F|
|poke|p2|Hydrapple, M|
|poke|p2|Alomomola, F|
|poke|p2|Weezing-Galar, M|
|poke|p2|Darkrai|
|poke|p2|Heatran, M|
|poke|p2|Zamazenta-*|
|teampreview
|inactive|Battle timer is ON: inactive players will automatically lose when time's up. (requested by betterweather)
|
|t:|1769295684
|teamsize|p1|6
|teamsize|p2|6
|start
|switch|p1a: Alomomola|Alomomola, M|100/100
|switch|p2a: Darkrai|Darkrai|100/100
|turn|1
|
|t:|1769295688
|-terastallize|p2a: Darkrai|Dark
|move|p2a: Darkrai|Dark Pulse|p1a: Alomomola
|-damage|p1a: Alomomola|0 fnt
|faint|p1a: Alomomola
|
|upkeep
|
|t:|1769295697
|switch|p1a: Darkrai|Darkrai|100/100
|turn|2
|
|t:|1769295701
|switch|p2a: Alomomola|Alomomola, F|100/100
|move|p1a: Darkrai|Focus Blast|p2a: Alomomola
|-damage|p2a: Alomomola|73/100
|
|upkeep
|turn|3
|
|t:|1769295705
|move|p1a: Darkrai|Nasty Plot|p1a: Darkrai
|-boost|p1a: Darkrai|spa|2
|move|p2a: Alomomola|Flip Turn|p1a: Darkrai
|-damage|p1a: Darkrai|80/100
|
|t:|1769295708
|switch|p2a: Zamazenta|Zamazenta|100/100|[from] Flip Turn
|-ability|p2a: Zamazenta|Dauntless Shield|boost
|-boost|p2a: Zamazenta|def|1
|
|upkeep
|turn|4
|
|t:|1769295710
|-terastallize|p1a: Darkrai|Poison
|move|p2a: Zamazenta|Close Combat|p1a: Darkrai
|-resisted|p1a: Darkrai
|-damage|p1a: Darkrai|39/100
|-unboost|p2a: Zamazenta|def|1
|-unboost|p2a: Zamazenta|spd|1
|move|p1a: Darkrai|Sludge Bomb|p2a: Zamazenta
|-damage|p2a: Zamazenta|5/100
|
|upkeep
|turn|5
|
|t:|1769295717
|switch|p1a: Hatterene|Hatterene, F|100/100
|move|p2a: Zamazenta|Close Combat|p1a: Hatterene
|-resisted|p1a: Hatterene
|-damage|p1a: Hatterene|88/100
|-unboost|p2a: Zamazenta|def|1
|-unboost|p2a: Zamazenta|spd|1
|-damage|p2a: Zamazenta|0 fnt|[from] item: Rocky Helmet|[of] p1a: Hatterene
|faint|p2a: Zamazenta
|
|upkeep
|
|t:|1769295722
|switch|p2a: Heatran|Heatran, M|100/100
|turn|6
|
|t:|1769295724
|move|p2a: Heatran|Magma Storm|p1a: Hatterene
|-damage|p1a: Hatterene|35/100
|-activate|p1a: Hatterene|move: Magma Storm|[of] p2a: Heatran
|move|p1a: Hatterene|Nuzzle|p2a: Heatran
|-damage|p2a: Heatran|96/100
|-status|p2a: Heatran|par
|
|-heal|p2a: Heatran|100/100 par|[from] item: Leftovers
|-damage|p1a: Hatterene|23/100|[from] move: Magma Storm|[partiallytrapped]
|upkeep
|turn|7
|
|t:|1769295729
|cant|p2a: Heatran|par
|move|p1a: Hatterene|Pain Split|p2a: Heatran
|-sethp|p2a: Heatran|61/100 par|[from] move: Pain Split|[silent]
|-sethp|p1a: Hatterene|62/100|[from] move: Pain Split
|
|-heal|p2a: Heatran|67/100 par|[from] item: Leftovers
|-damage|p1a: Hatterene|50/100|[from] move: Magma Storm|[partiallytrapped]
|upkeep
|turn|8
|j| acad_aver
|j| Latomate6430
|
|t:|1769295738
|move|p2a: Heatran|Magma Storm|p1a: Hatterene|[miss]
|-miss|p2a: Heatran|p1a: Hatterene
|move|p1a: Hatterene|Psychic Noise|p2a: Heatran
|-resisted|p2a: Heatran
|-damage|p2a: Heatran|50/100 par
|-start|p2a: Heatran|move: Heal Block
|
|-damage|p1a: Hatterene|38/100|[from] move: Magma Storm|[partiallytrapped]
|upkeep
|turn|9
|
|t:|1769295741
|move|p2a: Heatran|Magma Storm|p1a: Hatterene
|-damage|p1a: Hatterene|0 fnt
|faint|p1a: Hatterene
|
|-end|p2a: Heatran|move: Heal Block
|upkeep
|
|t:|1769295744
|switch|p1a: Mamoswine|Mamoswine, M|100/100
|turn|10
|
|t:|1769295751
|switch|p2a: Alomomola|Alomomola, F|100/100
|move|p1a: Mamoswine|Earthquake|p2a: Alomomola
|-damage|p2a: Alomomola|63/100
|
|upkeep
|turn|11
|
|t:|1769295753
|switch|p1a: Corviknight|Corviknight, F|100/100
|-ability|p1a: Corviknight|Pressure
|move|p2a: Alomomola|Scald|p1a: Corviknight
|-damage|p1a: Corviknight|87/100
|
|upkeep
|turn|12
|
|t:|1769295760
|switch|p2a: Weezing|Weezing-Galar, M|100/100
|-ability|p2a: Weezing|Neutralizing Gas
|move|p1a: Corviknight|Body Press|p2a: Weezing
|-resisted|p2a: Weezing
|-damage|p2a: Weezing|96/100
|
|upkeep
|turn|13
|
|t:|1769295764
|move|p1a: Corviknight|U-turn|p2a: Weezing
|-resisted|p2a: Weezing
|-damage|p2a: Weezing|94/100
|
|t:|1769295767
|switch|p1a: Mamoswine|Mamoswine, M|100/100|[from] U-turn
|move|p2a: Weezing|Will-O-Wisp|p1a: Mamoswine
|-status|p1a: Mamoswine|brn
|
|-damage|p1a: Mamoswine|94/100 brn|[from] brn
|upkeep
|turn|14
|j| birkenstock
|
|t:|1769295775
|-end|p2a: Weezing|ability: Neutralizing Gas
|switch|p2a: Alomomola|Alomomola, F|97/100
|move|p1a: Mamoswine|Knock Off|p2a: Alomomola
|-damage|p2a: Alomomola|85/100
|-enditem|p2a: Alomomola|Assault Vest|[from] move: Knock Off|[of] p1a: Mamoswine
|
|-damage|p1a: Mamoswine|88/100 brn|[from] brn
|upkeep
|turn|15
|
|t:|1769295779
|switch|p1a: Corviknight|Corviknight, F|87/100
|-ability|p1a: Corviknight|Pressure
|move|p2a: Alomomola|Flip Turn|p1a: Corviknight
|-damage|p1a: Corviknight|77/100
|-damage|p2a: Alomomola|68/100|[from] item: Rocky Helmet|[of] p1a: Corviknight
|l| birkenstock
|
|t:|1769295793
|switch|p2a: Darkrai|Darkrai, tera:Dark|100/100|[from] Flip Turn
|
|upkeep
|turn|16
|
|t:|1769295799
|switch|p1a: Kingambit|Kingambit, M|100/100
|-activate|p1a: Kingambit|ability: Supreme Overlord
|-start|p1a: Kingambit|fallen2|[silent]
|move|p2a: Darkrai|Dark Pulse|p1a: Kingambit
|-resisted|p1a: Kingambit
|-damage|p1a: Kingambit|59/100
|
|upkeep
|turn|17
|
|t:|1769295803
|move|p2a: Darkrai|Dark Pulse|p1a: Kingambit
|-resisted|p1a: Kingambit
|-damage|p1a: Kingambit|21/100
|cant|p1a: Kingambit|flinch
|
|upkeep
|turn|18
|
|t:|1769295808
|move|p1a: Kingambit|Sucker Punch|p2a: Darkrai
|-resisted|p2a: Darkrai
|-damage|p2a: Darkrai|60/100
|move|p2a: Darkrai|Dark Pulse|p1a: Kingambit
|-resisted|p1a: Kingambit
|-damage|p1a: Kingambit|0 fnt
|faint|p1a: Kingambit
|-end|p1a: Kingambit|fallen2|[silent]
|
|upkeep
|
|t:|1769295813
|switch|p1a: Darkrai|Darkrai, tera:Poison|39/100
|turn|19
|
|t:|1769295819
|switch|p2a: Alomomola|Alomomola, F|100/100
|move|p1a: Darkrai|Focus Blast|p2a: Alomomola|[miss]
|-miss|p1a: Darkrai|p2a: Alomomola
|
|upkeep
|turn|20
|
|t:|1769295826
|move|p1a: Darkrai|Nasty Plot|p1a: Darkrai
|-boost|p1a: Darkrai|spa|2
|move|p2a: Alomomola|Scald|p1a: Darkrai
|-damage|p1a: Darkrai|22/100
|
|upkeep
|turn|21
|
|t:|1769295829
|move|p1a: Darkrai|Sludge Bomb|p2a: Alomomola
|-damage|p2a: Alomomola|8/100
|move|p2a: Alomomola|Scald|p1a: Darkrai
|-damage|p1a: Darkrai|4/100
|
|upkeep
|turn|22
|
|t:|1769295837
|switch|p1a: Corviknight|Corviknight, F|77/100
|-ability|p1a: Corviknight|Pressure
|switch|p2a: Heatran|Heatran, M|50/100 par
|
|-heal|p2a: Heatran|56/100 par|[from] item: Leftovers
|upkeep
|turn|23
|
|t:|1769295841
|move|p1a: Corviknight|Body Press|p2a: Heatran
|-supereffective|p2a: Heatran
|-damage|p2a: Heatran|5/100 par
|cant|p2a: Heatran|par
|
|-heal|p2a: Heatran|11/100 par|[from] item: Leftovers
|upkeep
|turn|24
|
|t:|1769295846
|move|p1a: Corviknight|Body Press|p2a: Heatran
|-supereffective|p2a: Heatran
|-damage|p2a: Heatran|0 fnt
|faint|p2a: Heatran
|
|upkeep
|
|t:|1769295849
|switch|p2a: Darkrai|Darkrai, tera:Dark|60/100
|turn|25
|
|t:|1769295853
|switch|p1a: Mamoswine|Mamoswine, M|88/100 brn
|move|p2a: Darkrai|Dark Pulse|p1a: Mamoswine
|-damage|p1a: Mamoswine|21/100 brn
|
|-damage|p1a: Mamoswine|15/100 brn|[from] brn
|upkeep
|turn|26
|
|t:|1769295856
|move|p1a: Mamoswine|Ice Shard|p2a: Darkrai
|-damage|p2a: Darkrai|45/100
|move|p2a: Darkrai|Dark Pulse|p1a: Mamoswine
|-damage|p1a: Mamoswine|0 fnt
|faint|p1a: Mamoswine
|
|upkeep
|
|t:|1769295858
|switch|p1a: Darkrai|Darkrai, tera:Poison|4/100
|turn|27
|
|t:|1769295861
|move|p2a: Darkrai|Dark Pulse|p1a: Darkrai
|-damage|p1a: Darkrai|0 fnt
|faint|p1a: Darkrai
|
|upkeep
|c|☆Igoodnamename|ggs
|-message|betterweather forfeited.
|
|win|Igoodnamename
|raw|betterweather's rating: 1818 &rarr; <strong>1796</strong><br />(-22 for losing)
|raw|Igoodnamename's rating: 1778 &rarr; <strong>1800</strong><br />(+22 for winning)
|l|☆betterweather
|player|p1|
|l|☆Igoodnamename
|player|p2|
|l| acad_aver
|l| Latomate6430
