|j|☆iemonemon
|j|☆ghighas
|t:|1769321376
|gametype|singles
|player|p1|iemonemon|clown|1365
|player|p2|ghighas|ghetsis|1430
|gen|9
|tier|[Gen 9] OU
|rated|
|rule|HP Percentage Mod: HP is shown in percentages
|rule|Endless Battle Clause: Forcing endless battles is banned
|rule|Species Clause: Limit one of each Pokémon
|rule|OHKO Clause: OHKO moves are banned
|rule|Evasion Items Clause: Evasion items are banned
|rule|Evasion Moves Clause: Evasion moves are banned
|rule|Evasion Abilities Clause: Evasion abilities are banned
|rule|Sleep Moves Clause: Sleep-inducing moves are banned
|clearpoke
|poke|p1|Great Tusk|
|poke|p1|Alomomola, F|
|poke|p1|Corviknight, F|
|poke|p1|Landorus-Therian, M|
|poke|p1|Dragapult, F|
|poke|p1|Glimmora, F|
|poke|p2|Barraskewda, M|
|poke|p2|Pelipper, M|
|poke|p2|Dondozo, F|
|poke|p2|Ogerpon-Wellspring, F|
|poke|p2|Goodra-Hisui, F|
|poke|p2|Great Tusk|
|teampreview
|inactive|Battle timer is ON: inactive players will automatically lose when time's up. (requested by iemonemon)
|inactive|iemonemon has 120 seconds left.
|inactive|ghighas has 120 seconds left.
|
|t:|1769321424
|teamsize|p1|6
|teamsize|p2|6
|start
|switch|p1a: Glimmora|Glimmora, F|100/100
|switch|p2a: Goodra|Goodra-Hisui, F|100/100
|turn|1
|
|t:|1769321431
|move|p1a: Glimmora|Stealth Rock|p2a: Goodra
|-sidestart|p2: ghighas|move: Stealth Rock
|move|p2a: Goodra|Flash Cannon|p1a: Glimmora
|-supereffective|p1a: Glimmora
|-damage|p1a: Glimmora|24/100
|
|upkeep
|turn|2
|
|t:|1769321441
|switch|p1a: Alomomola|Alomomola, F|100/100
|move|p2a: Goodra|Flash Cannon|p1a: Alomomola
|-resisted|p1a: Alomomola
|-damage|p1a: Alomomola|94/100
|
|upkeep
|turn|3
|
|t:|1769321450
|switch|p2a: Ogerpon|Ogerpon-Wellspring, F|100/100
|-damage|p2a: Ogerpon|88/100|[from] Stealth Rock
|move|p1a: Alomomola|Flip Turn|p2a: Ogerpon
|-heal|p2a: Ogerpon|100/100|[from] ability: Water Absorb|[of] p1a: Alomomola
|
|upkeep
|turn|4
|
|t:|1769321466
|switch|p1a: Voyageur|Corviknight, F|100/100
|-ability|p1a: Voyageur|Pressure
|move|p2a: Ogerpon|Knock Off|p1a: Voyageur
|-damage|p1a: Voyageur|78/100
|-damage|p2a: Ogerpon|84/100|[from] item: Rocky Helmet|[of] p1a: Voyageur
|-enditem|p1a: Voyageur|Rocky Helmet|[from] move: Knock Off|[of] p2a: Ogerpon
|
|upkeep
|turn|5
|inactive|ghighas has 120 seconds left.
|
|t:|1769321500
|switch|p2a: Pelipper|Pelipper, M|100/100
|-damage|p2a: Pelipper|76/100|[from] Stealth Rock
|-weather|RainDance|[from] ability: Drizzle|[of] p2a: Pelipper
|move|p1a: Voyageur|U-turn|p2a: Pelipper
|-resisted|p2a: Pelipper
|-damage|p2a: Pelipper|70/100
|inactive|iemonemon has 120 seconds left.
|
|t:|1769321547
|switch|p1a: Bull's-eye|Dragapult, F|100/100|[from] U-turn
|
|-weather|RainDance|[upkeep]
|upkeep
|turn|6
|inactive|ghighas has 120 seconds left.
|inactive|ghighas has 90 seconds left.
|inactive|ghighas has 60 seconds left.
|
|t:|1769321641
|move|p1a: Bull's-eye|Shadow Ball|p2a: Pelipper
|-damage|p2a: Pelipper|12/100
|move|p2a: Pelipper|U-turn|p1a: Bull's-eye
|-resisted|p1a: Bull's-eye
|-damage|p1a: Bull's-eye|95/100
|
|t:|1769321647
|switch|p2a: Goodra|Goodra-Hisui, F|100/100|[from] U-turn
|
|-weather|RainDance|[upkeep]
|upkeep
|turn|7
|
|t:|1769321654
|switch|p1a: Alomomola|Alomomola, F|100/100
|move|p2a: Goodra|Flash Cannon|p1a: Alomomola
|-resisted|p1a: Alomomola
|-damage|p1a: Alomomola|93/100
|
|-weather|RainDance|[upkeep]
|upkeep
|turn|8
|inactive|iemonemon has 120 seconds left.
|inactive|ghighas has 60 seconds left.
|
|t:|1769321679
|switch|p2a: Ogerpon|Ogerpon-Wellspring, F|84/100
|-damage|p2a: Ogerpon|72/100|[from] Stealth Rock
|switch|p1a: Bull's-eye|Dragapult, F|95/100
|
|-weather|RainDance|[upkeep]
|upkeep
|turn|9
|
|t:|1769321682
|move|p1a: Bull's-eye|Draco Meteor|p2a: Ogerpon
|-damage|p2a: Ogerpon|0 fnt
|-unboost|p1a: Bull's-eye|spa|2
|faint|p2a: Ogerpon
|
|-weather|RainDance|[upkeep]
|upkeep
|
|t:|1769321685
|switch|p2a: Barraskewda|Barraskewda, M, shiny|100/100
|-damage|p2a: Barraskewda|88/100|[from] Stealth Rock
|turn|10
|
|t:|1769321690
|switch|p1a: Landorus|Landorus-Therian, M|100/100
|-ability|p1a: Landorus|Intimidate|boost
|-unboost|p2a: Barraskewda|atk|1
|move|p2a: Barraskewda|Liquidation|p1a: Landorus
|-supereffective|p1a: Landorus
|-damage|p1a: Landorus|0 fnt
|-damage|p2a: Barraskewda|71/100|[from] item: Rocky Helmet|[of] p1a: Landorus
|faint|p1a: Landorus
|
|-weather|RainDance|[upkeep]
|upkeep
|
|t:|1769321701
|switch|p1a: Voyageur|Corviknight, F|78/100
|-ability|p1a: Voyageur|Pressure
|turn|11
|
|t:|1769321705
|-terastallize|p2a: Barraskewda|Water
|move|p2a: Barraskewda|Liquidation|p1a: Voyageur
|-damage|p1a: Voyageur|27/100
|-unboost|p1a: Voyageur|def|1
|move|p1a: Voyageur|Roost|p1a: Voyageur
|-heal|p1a: Voyageur|77/100
|-singleturn|p1a: Voyageur|move: Roost
|
|-weather|RainDance|[upkeep]
|upkeep
|turn|12
|
|t:|1769321712
|switch|p1a: Alomomola|Alomomola, F|100/100
|move|p2a: Barraskewda|Liquidation|p1a: Alomomola
|-resisted|p1a: Alomomola
|-damage|p1a: Alomomola|62/100
|-unboost|p1a: Alomomola|def|1
|
|-weather|none
|upkeep
|turn|13
|
|t:|1769321718
|move|p2a: Barraskewda|Liquidation|p1a: Alomomola
|-resisted|p1a: Alomomola
|-damage|p1a: Alomomola|27/100
|-unboost|p1a: Alomomola|def|1
|move|p1a: Alomomola|Flip Turn|p2a: Barraskewda
|-resisted|p2a: Barraskewda
|-damage|p2a: Barraskewda|54/100
|
|t:|1769321722
|switch|p1a: Bull's-eye|Dragapult, F|95/100|[from] Flip Turn
|
|upkeep
|turn|14
|
|t:|1769321729
|switch|p2a: Goodra|Goodra-Hisui, F|100/100
|move|p1a: Bull's-eye|Shadow Ball|p2a: Goodra
|-damage|p2a: Goodra|69/100
|
|upkeep
|turn|15
|
|t:|1769321734
|switch|p1a: Alomomola|Alomomola, F|60/100
|move|p2a: Goodra|Dragon Tail|p1a: Alomomola
|-damage|p1a: Alomomola|42/100
|drag|p1a: Voyageur|Corviknight, F|77/100
|-ability|p1a: Voyageur|Pressure
|
|upkeep
|turn|16
|
|t:|1769321739
|switch|p1a: Alomomola|Alomomola, F|75/100
|move|p2a: Goodra|Curse|p2a: Goodra
|-unboost|p2a: Goodra|spe|1
|-boost|p2a: Goodra|atk|1
|-boost|p2a: Goodra|def|1
|
|upkeep
|turn|17
|
|t:|1769321751
|move|p1a: Alomomola|Scald|p2a: Goodra
|-resisted|p2a: Goodra
|-damage|p2a: Goodra|65/100
|-status|p2a: Goodra|brn
|move|p2a: Goodra|Curse|p2a: Goodra
|-unboost|p2a: Goodra|spe|1
|-boost|p2a: Goodra|atk|1
|-boost|p2a: Goodra|def|1
|
|-damage|p2a: Goodra|59/100 brn|[from] brn
|upkeep
|turn|18
|
|t:|1769321758
|move|p1a: Alomomola|Flip Turn|p2a: Goodra
|-resisted|p2a: Goodra
|-damage|p2a: Goodra|55/100 brn
|
|t:|1769321777
|switch|p1a: Voyageur|Corviknight, F|77/100|[from] Flip Turn
|-ability|p1a: Voyageur|Pressure
|move|p2a: Goodra|Curse|p2a: Goodra
|-unboost|p2a: Goodra|spe|1
|-boost|p2a: Goodra|atk|1
|-boost|p2a: Goodra|def|1
|
|-damage|p2a: Goodra|49/100 brn|[from] brn
|upkeep
|turn|19
|
|t:|1769321785
|move|p1a: Voyageur|U-turn|p2a: Goodra
|-resisted|p2a: Goodra
|-damage|p2a: Goodra|46/100 brn
|
|t:|1769321794
|switch|p1a: Alomomola|Alomomola, F|100/100|[from] U-turn
|move|p2a: Goodra|Curse|p2a: Goodra
|-unboost|p2a: Goodra|spe|1
|-boost|p2a: Goodra|atk|1
|-boost|p2a: Goodra|def|1
|
|-damage|p2a: Goodra|40/100 brn|[from] brn
|upkeep
|turn|20
|
|t:|1769321808
|move|p1a: Alomomola|Flip Turn|p2a: Goodra
|-resisted|p2a: Goodra
|-damage|p2a: Goodra|38/100 brn
|
|t:|1769321818
|switch|p1a: Glimmora|Glimmora, F|24/100|[from] Flip Turn
|move|p2a: Goodra|Curse|p2a: Goodra
|-unboost|p2a: Goodra|spe|1
|-boost|p2a: Goodra|atk|1
|-boost|p2a: Goodra|def|1
|
|-damage|p2a: Goodra|32/100 brn|[from] brn
|upkeep
|turn|21
|
|t:|1769321836
|switch|p1a: Alomomola|Alomomola, F|100/100
|move|p2a: Goodra|Rest|p2a: Goodra
|-status|p2a: Goodra|slp|[from] move: Rest
|-heal|p2a: Goodra|100/100 slp|[silent]
|
|upkeep
|turn|22
|
|t:|1769321843
|move|p1a: Alomomola|Flip Turn|p2a: Goodra
|-resisted|p2a: Goodra
|-damage|p2a: Goodra|98/100 slp
|
|t:|1769321847
|switch|p1a: Bull's-eye|Dragapult, F|95/100|[from] Flip Turn
|cant|p2a: Goodra|slp
|
|upkeep
|turn|23
|
|t:|1769321852
|move|p1a: Bull's-eye|Draco Meteor|p2a: Goodra
|-damage|p2a: Goodra|47/100 slp
|-unboost|p1a: Bull's-eye|spa|2
|cant|p2a: Goodra|slp
|
|upkeep
|turn|24
|inactive|iemonemon has 120 seconds left.
|
|t:|1769321885
|switch|p1a: Alomomola|Alomomola, F|100/100
|-curestatus|p2a: Goodra|slp|[msg]
|move|p2a: Goodra|Dragon Tail|p1a: Alomomola
|-damage|p1a: Alomomola|40/100
|drag|p1a: Glimmora|Glimmora, F|24/100
|
|upkeep
|turn|25
|
|t:|1769321894
|move|p1a: Glimmora|Earth Power|p2a: Goodra
|-supereffective|p2a: Goodra
|-damage|p2a: Goodra|11/100
|move|p2a: Goodra|Flash Cannon|p1a: Glimmora
|-supereffective|p1a: Glimmora
|-damage|p1a: Glimmora|0 fnt
|faint|p1a: Glimmora
|
|upkeep
|
|t:|1769321900
|switch|p1a: Bull's-eye|Dragapult, F|95/100
|turn|26
|
|t:|1769321904
|move|p1a: Bull's-eye|Shadow Ball|p2a: Goodra
|-damage|p2a: Goodra|0 fnt
|faint|p2a: Goodra
|
|upkeep
|
|t:|1769321906
|switch|p2a: Great Tusk|Great Tusk|100/100
|turn|27
|
|t:|1769321919
|move|p1a: Bull's-eye|Shadow Ball|p2a: Great Tusk
|-damage|p2a: Great Tusk|48/100
|-unboost|p2a: Great Tusk|spd|1
|move|p2a: Great Tusk|Knock Off|p1a: Bull's-eye
|-supereffective|p1a: Bull's-eye
|-damage|p1a: Bull's-eye|24/100
|-enditem|p1a: Bull's-eye|Choice Specs|[from] move: Knock Off|[of] p2a: Great Tusk
|
|upkeep
|turn|28
|
|t:|1769321938
|switch|p1a: Voyageur|Corviknight, F|77/100
|-ability|p1a: Voyageur|Pressure
|move|p2a: Great Tusk|Knock Off|p1a: Voyageur
|-damage|p1a: Voyageur|66/100
|
|upkeep
|turn|29
|
|t:|1769321946
|move|p2a: Great Tusk|Rapid Spin|p1a: Voyageur
|-resisted|p1a: Voyageur
|-damage|p1a: Voyageur|61/100
|-boost|p2a: Great Tusk|spe|1
|-sideend|p2: ghighas|Stealth Rock|[from] move: Rapid Spin|[of] p2a: Great Tusk
|move|p1a: Voyageur|Brave Bird|p2a: Great Tusk
|-supereffective|p2a: Great Tusk
|-damage|p2a: Great Tusk|10/100
|-damage|p1a: Voyageur|48/100|[from] Recoil
|
|upkeep
|turn|30
|
|t:|1769321952
|-end|p2a: Great Tusk|Protosynthesis|[silent]
|switch|p2a: Dondozo|Dondozo, F|100/100
|move|p1a: Voyageur|Roost|p1a: Voyageur
|-heal|p1a: Voyageur|98/100
|-singleturn|p1a: Voyageur|move: Roost
|
|upkeep
|turn|31
|
|t:|1769321959
|move|p1a: Voyageur|U-turn|p2a: Dondozo
|-damage|p2a: Dondozo|94/100
|
|t:|1769321963
|switch|p1a: Bull's-eye|Dragapult, F|24/100|[from] U-turn
|move|p2a: Dondozo|Wave Crash|p1a: Bull's-eye
|-resisted|p1a: Bull's-eye
|-damage|p1a: Bull's-eye|0 fnt
|faint|p1a: Bull's-eye
|-damage|p2a: Dondozo|89/100|[from] Recoil
|
|-heal|p2a: Dondozo|95/100|[from] item: Leftovers
|upkeep
|inactive|iemonemon has 120 seconds left.
|-message|iemonemon forfeited.
|
|win|ghighas
|raw|iemonemon's rating: 1365 &rarr; <strong>1349</strong><br />(-16 for losing)
|raw|ghighas's rating: 1430 &rarr; <strong>1446</strong><br />(+16 for winning)
|l|☆iemonemon
|player|p1|
|l|☆ghighas
|player|p2|
