|j|☆ur cutiefly
|j|☆CambridgeFoulPlay
|t:|1769340706
|gametype|singles
|player|p1|ur cutiefly|aromalady|1653
|player|p2|CambridgeFoulPlay|266|1745
|gen|9
|tier|[Gen 9] OU
|rated|
|rule|HP Percentage Mod: HP is shown in percentages
|rule|Endless Battle Clause: Forcing endless battles is banned
|rule|Species Clause: Limit one of each Pokémon
|rule|OHKO Clause: OHKO moves are banned
|rule|Evasion Items Clause: Evasion items are banned
|rule|Evasion Moves Clause: Evasion moves are banned
|rule|Evasion Abilities Clause: Evasion abilities are banned
|rule|Sleep Moves Clause: Sleep-inducing moves are banned
|clearpoke
|poke|p1|Gholdengo|
|poke|p1|Dragonite, F|
|poke|p1|Raging Bolt|
|poke|p1|Great Tusk|
|poke|p1|Iron Valiant|
|poke|p1|Ting-Lu|
|poke|p2|Hydrapple, M|
|poke|p2|Tyranitar, F|
|poke|p2|Moltres|
|poke|p2|Zamazenta-*|
|poke|p2|Slowking-Galar, F|
|poke|p2|Excadrill, F|
|teampreview
|inactive|Battle timer is ON: inactive players will automatically lose when time's up. (requested by ur cutiefly)
|c|☆CambridgeFoulPlay|hf
|inactive|CambridgeFoulPlay also wants the timer to be on.
|c|☆ur cutiefly|u2
|
|t:|1769340728
|teamsize|p1|6
|teamsize|p2|6
|start
|switch|p1a: Ting-Lu|Ting-Lu|100/100
|switch|p2a: Tyranitar|Tyranitar, F|100/100
|-weather|Sandstorm|[from] ability: Sand Stream|[of] p2a: Tyranitar
|-ability|p1a: Ting-Lu|Vessel of Ruin
|turn|1
|
|t:|1769340734
|move|p2a: Tyranitar|Stealth Rock|p1a: Ting-Lu
|-sidestart|p1: ur cutiefly|move: Stealth Rock
|move|p1a: Ting-Lu|Stealth Rock|p2a: Tyranitar
|-sidestart|p2: CambridgeFoulPlay|move: Stealth Rock
|
|-weather|Sandstorm|[upkeep]
|upkeep
|turn|2
|
|t:|1769340740
|switch|p2a: Hydrapple|Hydrapple, M|100/100
|move|p1a: Ting-Lu|Ruination|p2a: Hydrapple
|-damage|p2a: Hydrapple|51/100
|
|-weather|Sandstorm|[upkeep]
|-damage|p2a: Hydrapple|44/100|[from] Sandstorm
|upkeep
|turn|3
|
|t:|1769340747
|switch|p1a: Gholdengo|Gholdengo|100/100
|-damage|p1a: Gholdengo|94/100|[from] Stealth Rock
|move|p2a: Hydrapple|Giga Drain|p1a: Gholdengo
|-resisted|p1a: Gholdengo
|-damage|p1a: Gholdengo|74/100
|-heal|p2a: Hydrapple|52/100|[from] drain|[of] p1a: Gholdengo
|
|-weather|Sandstorm|[upkeep]
|-damage|p2a: Hydrapple|46/100|[from] Sandstorm
|upkeep
|turn|4
|
|t:|1769340759
|switch|p2a: Excadrill|Excadrill, F|100/100
|-damage|p2a: Excadrill|97/100|[from] Stealth Rock
|-item|p2a: Excadrill|Air Balloon
|move|p1a: Gholdengo|Shadow Ball|p2a: Excadrill
|-damage|p2a: Excadrill|3/100
|-enditem|p2a: Excadrill|Air Balloon
|
|-weather|Sandstorm|[upkeep]
|upkeep
|turn|5
|
|t:|1769340784
|switch|p1a: Great Tusk|Great Tusk|100/100
|-damage|p1a: Great Tusk|97/100|[from] Stealth Rock
|move|p2a: Excadrill|Earthquake|p1a: Great Tusk
|-damage|p1a: Great Tusk|64/100
|
|-weather|Sandstorm|[upkeep]
|upkeep
|turn|6
|
|t:|1769340791
|move|p2a: Excadrill|Iron Head|p1a: Great Tusk
|-damage|p1a: Great Tusk|39/100
|cant|p1a: Great Tusk|flinch
|
|-weather|Sandstorm|[upkeep]
|upkeep
|turn|7
|
|t:|1769340796
|move|p2a: Excadrill|Rapid Spin|p1a: Great Tusk
|-damage|p1a: Great Tusk|28/100
|-boost|p2a: Excadrill|spe|1
|-sideend|p2: CambridgeFoulPlay|Stealth Rock|[from] move: Rapid Spin|[of] p2a: Excadrill
|move|p1a: Great Tusk|Rapid Spin|p2a: Excadrill
|-resisted|p2a: Excadrill
|-damage|p2a: Excadrill|0 fnt
|-boost|p1a: Great Tusk|spe|1
|-sideend|p1: ur cutiefly|Stealth Rock|[from] move: Rapid Spin|[of] p1a: Great Tusk
|faint|p2a: Excadrill
|
|-weather|Sandstorm|[upkeep]
|upkeep
|
|t:|1769340799
|switch|p2a: Zamazenta|Zamazenta|100/100
|-ability|p2a: Zamazenta|Dauntless Shield|boost
|-boost|p2a: Zamazenta|def|1
|turn|8
|
|t:|1769340811
|-end|p1a: Great Tusk|Protosynthesis|[silent]
|switch|p1a: Iron Valiant|Iron Valiant|100/100
|-enditem|p1a: Iron Valiant|Booster Energy
|-activate|p1a: Iron Valiant|ability: Quark Drive|[fromitem]
|-start|p1a: Iron Valiant|quarkdrivespe
|move|p2a: Zamazenta|Body Press|p1a: Iron Valiant
|-resisted|p1a: Iron Valiant
|-damage|p1a: Iron Valiant|66/100
|
|-weather|none
|upkeep
|turn|9
|
|t:|1769340821
|switch|p2a: Slowking|Slowking-Galar, F|100/100
|move|p1a: Iron Valiant|Encore||[still]
|-fail|p1a: Iron Valiant
|
|upkeep
|turn|10
|
|t:|1769340830
|-end|p1a: Iron Valiant|Quark Drive|[silent]
|switch|p1a: Gholdengo|Gholdengo|74/100
|move|p2a: Slowking|Ice Beam|p1a: Gholdengo
|-resisted|p1a: Gholdengo
|-damage|p1a: Gholdengo|61/100
|
|upkeep
|turn|11
|
|t:|1769340839
|move|p1a: Gholdengo|Shadow Ball|p2a: Slowking
|-supereffective|p2a: Slowking
|-damage|p2a: Slowking|22/100
|move|p2a: Slowking|Flamethrower|p1a: Gholdengo
|-supereffective|p1a: Gholdengo
|-damage|p1a: Gholdengo|11/100
|
|upkeep
|turn|12
|
|t:|1769340850
|switch|p1a: Ting-Lu|Ting-Lu|100/100
|-ability|p1a: Ting-Lu|Vessel of Ruin
|switch|p2a: Tyranitar|Tyranitar, F|100/100
|-weather|Sandstorm|[from] ability: Sand Stream|[of] p2a: Tyranitar
|
|-weather|Sandstorm|[upkeep]
|upkeep
|turn|13
|
|t:|1769340856
|move|p2a: Tyranitar|Stealth Rock|p1a: Ting-Lu
|-sidestart|p1: ur cutiefly|move: Stealth Rock
|move|p1a: Ting-Lu|Stealth Rock|p2a: Tyranitar
|-sidestart|p2: CambridgeFoulPlay|move: Stealth Rock
|
|-weather|Sandstorm|[upkeep]
|upkeep
|turn|14
|
|t:|1769340865
|switch|p2a: Zamazenta|Zamazenta|100/100
|-damage|p2a: Zamazenta|94/100|[from] Stealth Rock
|switch|p1a: Gholdengo|Gholdengo|11/100
|-damage|p1a: Gholdengo|5/100|[from] Stealth Rock
|
|-weather|Sandstorm|[upkeep]
|-damage|p2a: Zamazenta|88/100|[from] Sandstorm
|-heal|p2a: Zamazenta|94/100|[from] item: Leftovers
|upkeep
|turn|15
|
|t:|1769340870
|move|p2a: Zamazenta|Crunch|p1a: Gholdengo
|-supereffective|p1a: Gholdengo
|-damage|p1a: Gholdengo|0 fnt
|faint|p1a: Gholdengo
|
|-weather|Sandstorm|[upkeep]
|-damage|p2a: Zamazenta|88/100|[from] Sandstorm
|-heal|p2a: Zamazenta|94/100|[from] item: Leftovers
|upkeep
|
|t:|1769340873
|switch|p1a: Great Neck|Raging Bolt|100/100
|-damage|p1a: Great Neck|88/100|[from] Stealth Rock
|turn|16
|
|t:|1769340877
|switch|p2a: Tyranitar|Tyranitar, F|100/100
|-damage|p2a: Tyranitar|88/100|[from] Stealth Rock
|move|p1a: Great Neck|Thunderbolt|p2a: Tyranitar
|-damage|p2a: Tyranitar|53/100
|
|-weather|Sandstorm|[upkeep]
|-damage|p1a: Great Neck|82/100|[from] Sandstorm
|upkeep
|turn|17
|inactive|ur cutiefly has 120 seconds left.
|j| oaim
|
|t:|1769340915
|-end|p1a: Great Neck|Protosynthesis|[silent]
|switch|p1a: Ting-Lu|Ting-Lu|100/100
|-damage|p1a: Ting-Lu|94/100|[from] Stealth Rock
|-ability|p1a: Ting-Lu|Vessel of Ruin
|move|p2a: Tyranitar|Ice Beam|p1a: Ting-Lu
|-supereffective|p1a: Ting-Lu
|-damage|p1a: Ting-Lu|76/100
|
|-weather|Sandstorm|[upkeep]
|-heal|p1a: Ting-Lu|82/100|[from] item: Leftovers
|upkeep
|turn|18
|inactive|ur cutiefly has 120 seconds left.
|
|t:|1769340920
|switch|p1a: Great Tusk|Great Tusk|28/100
|-damage|p1a: Great Tusk|25/100|[from] Stealth Rock
|move|p2a: Tyranitar|Knock Off|p1a: Great Tusk
|-resisted|p1a: Great Tusk
|-damage|p1a: Great Tusk|12/100
|-enditem|p1a: Great Tusk|Assault Vest|[from] move: Knock Off|[of] p2a: Tyranitar
|
|-weather|Sandstorm|[upkeep]
|upkeep
|turn|19
|
|t:|1769340927
|switch|p2a: Zamazenta|Zamazenta|94/100
|-damage|p2a: Zamazenta|88/100|[from] Stealth Rock
|move|p1a: Great Tusk|Rapid Spin|p2a: Zamazenta
|-damage|p2a: Zamazenta|75/100
|-boost|p1a: Great Tusk|spe|1
|-sideend|p1: ur cutiefly|Stealth Rock|[from] move: Rapid Spin|[of] p1a: Great Tusk
|
|-weather|none
|-heal|p2a: Zamazenta|81/100|[from] item: Leftovers
|upkeep
|turn|20
|
|t:|1769340939
|-end|p1a: Great Tusk|Protosynthesis|[silent]
|switch|p1a: Iron Valiant|Iron Valiant|66/100
|move|p2a: Zamazenta|Iron Defense|p2a: Zamazenta
|-boost|p2a: Zamazenta|def|2
|
|-heal|p2a: Zamazenta|87/100|[from] item: Leftovers
|upkeep
|turn|21
|
|t:|1769340948
|move|p2a: Zamazenta|Body Press|p1a: Iron Valiant
|-resisted|p1a: Iron Valiant
|-damage|p1a: Iron Valiant|18/100
|move|p1a: Iron Valiant|Shadow Ball|p2a: Zamazenta
|-damage|p2a: Zamazenta|62/100
|
|-heal|p2a: Zamazenta|68/100|[from] item: Leftovers
|upkeep
|turn|22
|
|t:|1769340954
|move|p2a: Zamazenta|Body Press|p1a: Iron Valiant
|-resisted|p1a: Iron Valiant
|-damage|p1a: Iron Valiant|0 fnt
|faint|p1a: Iron Valiant
|-end|p1a: Iron Valiant|Quark Drive|[silent]
|
|-heal|p2a: Zamazenta|74/100|[from] item: Leftovers
|upkeep
|
|t:|1769340957
|switch|p1a: Great Neck|Raging Bolt|82/100
|turn|23
|
|t:|1769340961
|-terastallize|p1a: Great Neck|Fairy
|move|p2a: Zamazenta|Body Press|p1a: Great Neck
|-resisted|p1a: Great Neck
|-crit|p1a: Great Neck
|-damage|p1a: Great Neck|33/100
|move|p1a: Great Neck|Thunderbolt|p2a: Zamazenta
|-damage|p2a: Zamazenta|3/100
|
|-heal|p2a: Zamazenta|9/100|[from] item: Leftovers
|upkeep
|turn|24
|
|t:|1769340967
|move|p2a: Zamazenta|Body Press|p1a: Great Neck
|-resisted|p1a: Great Neck
|-damage|p1a: Great Neck|1/100
|move|p1a: Great Neck|Thunderbolt|p2a: Zamazenta
|-damage|p2a: Zamazenta|0 fnt
|faint|p2a: Zamazenta
|
|upkeep
|
|t:|1769340969
|switch|p2a: Hydrapple|Hydrapple, M|80/100
|turn|25
|
|t:|1769340974
|-end|p1a: Great Neck|Protosynthesis|[silent]
|switch|p1a: Great Tusk|Great Tusk|12/100
|move|p2a: Hydrapple|Giga Drain|p1a: Great Tusk
|-supereffective|p1a: Great Tusk
|-damage|p1a: Great Tusk|0 fnt
|-heal|p2a: Hydrapple|85/100|[from] drain|[of] p1a: Great Tusk
|faint|p1a: Great Tusk
|-end|p1a: Great Tusk|Protosynthesis|[silent]
|
|upkeep
|
|t:|1769340981
|switch|p1a: Great Neck|Raging Bolt, tera:Fairy|1/100
|turn|26
|
|t:|1769340992
|switch|p2a: Tyranitar|Tyranitar, F|53/100
|-damage|p2a: Tyranitar|41/100|[from] Stealth Rock
|-weather|Sandstorm|[from] ability: Sand Stream|[of] p2a: Tyranitar
|move|p1a: Great Neck|Volt Switch|p2a: Tyranitar
|-damage|p2a: Tyranitar|15/100
|
|t:|1769341003
|-end|p1a: Great Neck|Protosynthesis|[silent]
|switch|p1a: Dragonite|Dragonite, F|100/100|[from] Volt Switch
|
|-weather|Sandstorm|[upkeep]
|-damage|p1a: Dragonite|94/100|[from] Sandstorm
|upkeep
|turn|27
|
|t:|1769341009
|switch|p2a: Moltres|Moltres|100/100
|move|p1a: Dragonite|Earthquake|p2a: Moltres
|-immune|p2a: Moltres
|
|-weather|Sandstorm|[upkeep]
|-damage|p1a: Dragonite|88/100|[from] Sandstorm
|-damage|p2a: Moltres|94/100|[from] Sandstorm
|upkeep
|turn|28
|
|t:|1769341018
|switch|p1a: Ting-Lu|Ting-Lu|82/100
|-ability|p1a: Ting-Lu|Vessel of Ruin
|move|p2a: Moltres|Flamethrower|p1a: Ting-Lu
|-damage|p1a: Ting-Lu|64/100
|-status|p1a: Ting-Lu|brn
|
|-weather|Sandstorm|[upkeep]
|-damage|p2a: Moltres|88/100|[from] Sandstorm
|-heal|p1a: Ting-Lu|70/100 brn|[from] item: Leftovers
|-damage|p1a: Ting-Lu|64/100 brn|[from] brn
|upkeep
|turn|29
|
|t:|1769341024
|move|p2a: Moltres|U-turn|p1a: Ting-Lu
|-supereffective|p1a: Ting-Lu
|-crit|p1a: Ting-Lu
|-damage|p1a: Ting-Lu|43/100 brn
|
|t:|1769341026
|switch|p2a: Hydrapple|Hydrapple, M|100/100|[from] U-turn
|move|p1a: Ting-Lu|Whirlwind|p2a: Hydrapple
|drag|p2a: Slowking|Slowking-Galar, F|55/100
|-damage|p2a: Slowking|43/100|[from] Stealth Rock
|
|-weather|Sandstorm|[upkeep]
|-damage|p2a: Slowking|37/100|[from] Sandstorm
|-heal|p1a: Ting-Lu|49/100 brn|[from] item: Leftovers
|-damage|p1a: Ting-Lu|43/100 brn|[from] brn
|upkeep
|turn|30
|
|t:|1769341035
|switch|p1a: Great Neck|Raging Bolt, tera:Fairy|1/100
|switch|p2a: Hydrapple|Hydrapple, M|100/100
|
|-weather|Sandstorm|[upkeep]
|-damage|p1a: Great Neck|0 fnt|[from] Sandstorm
|-damage|p2a: Hydrapple|94/100|[from] Sandstorm
|faint|p1a: Great Neck
|-end|p1a: Great Neck|Protosynthesis|[silent]
|upkeep
|
|t:|1769341040
|switch|p1a: Dragonite|Dragonite, F|88/100
|turn|31
|
|t:|1769341043
|move|p1a: Dragonite|Outrage|p2a: Hydrapple
|-supereffective|p2a: Hydrapple
|-damage|p2a: Hydrapple|4/100
|move|p2a: Hydrapple|Nasty Plot|p2a: Hydrapple
|-boost|p2a: Hydrapple|spa|2
|
|-weather|Sandstorm|[upkeep]
|-damage|p1a: Dragonite|82/100|[from] Sandstorm
|-damage|p2a: Hydrapple|0 fnt|[from] Sandstorm
|faint|p2a: Hydrapple
|upkeep
|
|t:|1769341046
|switch|p2a: Moltres|Moltres|88/100
|turn|32
|
|t:|1769341049
|move|p1a: Dragonite|Outrage|p2a: Moltres|[from] lockedmove
|-damage|p2a: Moltres|37/100
|-start|p1a: Dragonite|confusion|[fatigue]
|move|p2a: Moltres|Roost|p2a: Moltres
|-heal|p2a: Moltres|87/100
|-singleturn|p2a: Moltres|move: Roost
|
|-weather|Sandstorm|[upkeep]
|-damage|p1a: Dragonite|76/100|[from] Sandstorm
|-damage|p2a: Moltres|81/100|[from] Sandstorm
|upkeep
|turn|33
|
|t:|1769341054
|switch|p1a: Ting-Lu|Ting-Lu|43/100 brn
|-ability|p1a: Ting-Lu|Vessel of Ruin
|move|p2a: Moltres|Flamethrower|p1a: Ting-Lu
|-damage|p1a: Ting-Lu|26/100 brn
|
|-weather|none
|-heal|p1a: Ting-Lu|33/100 brn|[from] item: Leftovers
|-damage|p1a: Ting-Lu|26/100 brn|[from] brn
|upkeep
|turn|34
|
|t:|1769341064
|move|p2a: Moltres|Flamethrower|p1a: Ting-Lu
|-damage|p1a: Ting-Lu|9/100 brn
|move|p1a: Ting-Lu|Ruination|p2a: Moltres
|-damage|p2a: Moltres|41/100
|
|-heal|p1a: Ting-Lu|15/100 brn|[from] item: Leftovers
|-damage|p1a: Ting-Lu|9/100 brn|[from] brn
|upkeep
|turn|35
|
|t:|1769341071
|move|p2a: Moltres|U-turn|p1a: Ting-Lu
|-supereffective|p1a: Ting-Lu
|-damage|p1a: Ting-Lu|0 fnt
|faint|p1a: Ting-Lu
|
|t:|1769341073
|switch|p2a: Slowking|Slowking-Galar, F|70/100|[from] U-turn
|-damage|p2a: Slowking|58/100|[from] Stealth Rock
|
|upkeep
|
|t:|1769341077
|switch|p1a: Dragonite|Dragonite, F|76/100
|turn|36
|
|t:|1769341082
|-terastallize|p2a: Slowking|Grass
|move|p1a: Dragonite|Outrage|p2a: Slowking
|-damage|p2a: Slowking|4/100
|move|p2a: Slowking|Ice Beam|p1a: Dragonite
|-supereffective|p1a: Dragonite
|-damage|p1a: Dragonite|0 fnt
|faint|p1a: Dragonite
|
|win|CambridgeFoulPlay
|raw|ur cutiefly's rating: 1653 &rarr; <strong>1638</strong><br />(-15 for losing)
|raw|CambridgeFoulPlay's rating: 1745 &rarr; <strong>1760</strong><br />(+15 for winning)
|c|☆CambridgeFoulPlay|gg
