|j|☆bvbjonas98
|j|☆OP Sand
|t:|1769336431
|gametype|singles
|player|p1|bvbjonas98|wattson|1594
|player|p2|OP Sand|giovanni-masters|1665
|gen|9
|tier|[Gen 9] OU
|rated|
|rule|HP Percentage Mod: HP is shown in percentages
|rule|Endless Battle Clause: Forcing endless battles is banned
|rule|Species Clause: Limit one of each Pokémon
|rule|OHKO Clause: OHKO moves are banned
|rule|Evasion Items Clause: Evasion items are banned
|rule|Evasion Moves Clause: Evasion moves are banned
|rule|Evasion Abilities Clause: Evasion abilities are banned
|rule|Sleep Moves Clause: Sleep-inducing moves are banned
|clearpoke
|poke|p1|Ceruledge, M|
|poke|p1|Clefable, F|
|poke|p1|Corviknight, M|
|poke|p1|Rotom-Wash|
|poke|p1|Clodsire, M|
|poke|p1|Meowscarada, M|
|poke|p2|Excadrill, M|
|poke|p2|Tyranitar, F|
|poke|p2|Kyurem|
|poke|p2|Hawlucha, F|
|poke|p2|Pawmot, F|
|poke|p2|Houndstone, F|
|teampreview
|inactive|Battle timer is ON: inactive players will automatically lose when time's up. (requested by OP Sand)
|inactive|bvbjonas98 has 120 seconds left.
|
|t:|1769336477
|teamsize|p1|6
|teamsize|p2|6
|start
|switch|p1a: Meowscarada|Meowscarada, M|100/100
|switch|p2a: Shukaku|Tyranitar, F, shiny|100/100
|-weather|Sandstorm|[from] ability: Sand Stream|[of] p2a: Shukaku
|turn|1
|
|t:|1769336484
|switch|p2a: Houndstone|Houndstone, F, shiny|100/100
|move|p1a: Meowscarada|U-turn|p2a: Houndstone
|-start|p1a: Meowscarada|typechange|Bug|[from] ability: Protean
|-resisted|p2a: Houndstone
|-damage|p2a: Houndstone|76/100
|
|t:|1769336511
|switch|p1a: Clefable|Clefable, F|100/100|[from] U-turn
|
|-weather|Sandstorm|[upkeep]
|-damage|p1a: Clefable|94/100|[from] Sandstorm
|upkeep
|turn|2
|
|t:|1769336526
|switch|p2a: OP|Excadrill, M|100/100
|move|p1a: Clefable|Moonblast|p2a: OP
|-resisted|p2a: OP
|-damage|p2a: OP|78/100
|
|-weather|Sandstorm|[upkeep]
|-damage|p1a: Clefable|88/100|[from] Sandstorm
|upkeep
|turn|3
|
|t:|1769336534
|switch|p1a: Corviknight|Corviknight, M|100/100
|-terastallize|p2a: OP|Fire
|move|p2a: OP|Tera Blast|p1a: Corviknight|[anim] Tera Blast Fire
|-supereffective|p1a: Corviknight
|-damage|p1a: Corviknight|14/100
|
|-weather|Sandstorm|[upkeep]
|upkeep
|turn|4
|
|t:|1769336542
|move|p2a: OP|Tera Blast|p1a: Corviknight|[anim] Tera Blast Fire
|-supereffective|p1a: Corviknight
|-damage|p1a: Corviknight|0 fnt
|faint|p1a: Corviknight
|
|-weather|Sandstorm|[upkeep]
|upkeep
|
|t:|1769336551
|switch|p1a: Rotom|Rotom-Wash|100/100
|turn|5
|
|t:|1769336556
|switch|p2a: Houndstone|Houndstone, F, shiny|76/100
|move|p1a: Rotom|Volt Switch|p2a: Houndstone
|-damage|p2a: Houndstone|32/100
|
|t:|1769336563
|switch|p1a: Ceruledge|Ceruledge, M, shiny|100/100|[from] Volt Switch
|
|-weather|Sandstorm|[upkeep]
|-damage|p1a: Ceruledge|94/100|[from] Sandstorm
|-heal|p1a: Ceruledge|100/100|[from] item: Leftovers
|upkeep
|turn|6
|
|t:|1769336570
|move|p1a: Ceruledge|Shadow Sneak|p2a: Houndstone
|-supereffective|p2a: Houndstone
|-damage|p2a: Houndstone|0 fnt
|faint|p2a: Houndstone
|
|-weather|Sandstorm|[upkeep]
|-damage|p1a: Ceruledge|94/100|[from] Sandstorm
|-heal|p1a: Ceruledge|100/100|[from] item: Leftovers
|upkeep
|
|t:|1769336577
|switch|p2a: Frieza|Kyurem, shiny|100/100
|-ability|p2a: Frieza|Pressure
|turn|7
|
|t:|1769336582
|move|p2a: Frieza|Earth Power|p1a: Ceruledge
|-supereffective|p1a: Ceruledge
|-damage|p1a: Ceruledge|40/100
|move|p1a: Ceruledge|Bitter Blade|p2a: Frieza
|-crit|p2a: Frieza
|-damage|p2a: Frieza|45/100
|-heal|p1a: Ceruledge|71/100|[from] drain|[of] p2a: Frieza
|
|-weather|Sandstorm|[upkeep]
|-damage|p2a: Frieza|39/100|[from] Sandstorm
|-damage|p1a: Ceruledge|65/100|[from] Sandstorm
|-heal|p1a: Ceruledge|71/100|[from] item: Leftovers
|upkeep
|turn|8
|
|t:|1769336593
|move|p2a: Frieza|Earth Power|p1a: Ceruledge
|-supereffective|p1a: Ceruledge
|-damage|p1a: Ceruledge|14/100
|-unboost|p1a: Ceruledge|spd|1
|move|p1a: Ceruledge|Bitter Blade|p2a: Frieza
|-damage|p2a: Frieza|4/100
|-heal|p1a: Ceruledge|34/100|[from] drain|[of] p2a: Frieza
|
|-weather|none
|-heal|p1a: Ceruledge|40/100|[from] item: Leftovers
|upkeep
|turn|9
|
|t:|1769336603
|switch|p2a: Itachi|Hawlucha, F, shiny|100/100
|-ability|p2a: Itachi|Mold Breaker
|move|p1a: Ceruledge|Shadow Sneak|p2a: Itachi
|-damage|p2a: Itachi|78/100
|-enditem|p2a: Itachi|Red Card|[of] p1a: Ceruledge
|drag|p1a: Clefable|Clefable, F|88/100
|
|upkeep
|turn|10
|
|t:|1769336612
|switch|p2a: OP|Excadrill, M, tera:Fire|78/100
|move|p1a: Clefable|Moonblast|p2a: OP
|-resisted|p2a: OP
|-damage|p2a: OP|57/100
|
|upkeep
|turn|11
|
|t:|1769336621
|switch|p2a: Frieza|Kyurem, shiny|4/100
|-ability|p2a: Frieza|Pressure
|switch|p1a: Rotom|Rotom-Wash|100/100
|
|upkeep
|turn|12
|
|t:|1769336641
|switch|p1a: Ceruledge|Ceruledge, M, shiny|40/100
|move|p2a: Frieza|Shadow Ball|p1a: Ceruledge
|-supereffective|p1a: Ceruledge
|-damage|p1a: Ceruledge|0 fnt
|faint|p1a: Ceruledge
|
|upkeep
|
|t:|1769336650
|switch|p1a: Clodsire|Clodsire, M|100/100
|turn|13
|
|t:|1769336653
|move|p2a: Frieza|Endeavor|p1a: Clodsire
|-damage|p1a: Clodsire|3/100
|move|p1a: Clodsire|Stealth Rock|p2a: Frieza
|-sidestart|p2: OP Sand|move: Stealth Rock
|
|-heal|p1a: Clodsire|9/100|[from] item: Black Sludge
|upkeep
|turn|14
|
|t:|1769336661
|move|p2a: Frieza|Freeze-Dry|p1a: Clodsire
|-supereffective|p1a: Clodsire
|-damage|p1a: Clodsire|0 fnt
|faint|p1a: Clodsire
|
|upkeep
|
|t:|1769336671
|switch|p1a: Rotom|Rotom-Wash|100/100
|turn|15
|
|t:|1769336675
|move|p1a: Rotom|Volt Switch|p2a: Frieza
|-resisted|p2a: Frieza
|-damage|p2a: Frieza|0 fnt
|faint|p2a: Frieza
|
|t:|1769336682
|switch|p1a: Meowscarada|Meowscarada, M|100/100|[from] Volt Switch
|
|upkeep
|
|t:|1769336689
|switch|p2a: Shukaku|Tyranitar, F, shiny|100/100
|-damage|p2a: Shukaku|88/100|[from] Stealth Rock
|-weather|Sandstorm|[from] ability: Sand Stream|[of] p2a: Shukaku
|turn|16
|
|t:|1769336698
|switch|p2a: Itachi|Hawlucha, F, shiny|78/100
|-damage|p2a: Itachi|66/100|[from] Stealth Rock
|-ability|p2a: Itachi|Mold Breaker
|move|p1a: Meowscarada|Flower Trick|p2a: Itachi
|-start|p1a: Meowscarada|typechange|Grass|[from] ability: Protean
|-resisted|p2a: Itachi
|-crit|p2a: Itachi
|-damage|p2a: Itachi|29/100
|
|-weather|Sandstorm|[upkeep]
|-damage|p1a: Meowscarada|94/100|[from] Sandstorm
|-damage|p2a: Itachi|23/100|[from] Sandstorm
|upkeep
|turn|17
|
|t:|1769336712
|move|p1a: Meowscarada|Flower Trick|p2a: Itachi
|-resisted|p2a: Itachi
|-crit|p2a: Itachi
|-damage|p2a: Itachi|0 fnt
|faint|p2a: Itachi
|
|-weather|Sandstorm|[upkeep]
|-damage|p1a: Meowscarada|88/100|[from] Sandstorm
|upkeep
|inactive|OP Sand has 120 seconds left.
|
|t:|1769336760
|switch|p2a: OP|Excadrill, M, tera:Fire|57/100
|-damage|p2a: OP|33/100|[from] Stealth Rock
|turn|18
|
|t:|1769336765
|switch|p2a: Porunga|Pawmot, F|100/100
|-damage|p2a: Porunga|95/100|[from] Stealth Rock
|switch|p1a: Rotom|Rotom-Wash|100/100
|
|-weather|Sandstorm|[upkeep]
|-damage|p1a: Rotom|94/100|[from] Sandstorm
|-damage|p2a: Porunga|89/100|[from] Sandstorm
|upkeep
|turn|19
|
|t:|1769336774
|switch|p1a: Clefable|Clefable, F|88/100
|move|p2a: Porunga|Revival Blessing|p2a: Porunga
|-enditem|p2a: Porunga|Leppa Berry|[eat]
|-activate|p2a: Porunga|item: Leppa Berry|Revival Blessing|[consumed]
|
|t:|1769336781
|-heal|p2: Itachi|50/100|[from] move: Revival Blessing
|
|-weather|Sandstorm|[upkeep]
|-damage|p2a: Porunga|83/100|[from] Sandstorm
|-damage|p1a: Clefable|82/100|[from] Sandstorm
|upkeep
|turn|20
|
|t:|1769336789
|move|p2a: Porunga|Revival Blessing|p2a: Porunga
|
|t:|1769336791
|-heal|p2: Frieza|50/100|[from] move: Revival Blessing
|move|p1a: Clefable|Moonblast|p2a: Porunga
|-supereffective|p2a: Porunga
|-damage|p2a: Porunga|0 fnt
|faint|p2a: Porunga
|
|-weather|Sandstorm|[upkeep]
|-damage|p1a: Clefable|76/100|[from] Sandstorm
|upkeep
|
|t:|1769336801
|switch|p2a: Itachi|Hawlucha, F, shiny|50/100
|-damage|p2a: Itachi|38/100|[from] Stealth Rock
|-ability|p2a: Itachi|Mold Breaker
|turn|21
|
|t:|1769336806
|move|p2a: Itachi|Defog|p1a: Clefable
|-unboost|p1a: Clefable|evasion|1
|-sideend|p2: OP Sand|Stealth Rock|[from] move: Defog|[of] p2a: Itachi
|move|p1a: Clefable|Moonblast|p2a: Itachi
|-supereffective|p2a: Itachi
|-damage|p2a: Itachi|0 fnt
|faint|p2a: Itachi
|
|-weather|Sandstorm|[upkeep]
|-damage|p1a: Clefable|70/100|[from] Sandstorm
|upkeep
|
|t:|1769336810
|switch|p2a: OP|Excadrill, M, tera:Fire|33/100
|turn|22
|
|t:|1769336818
|switch|p1a: Rotom|Rotom-Wash|94/100
|move|p2a: OP|Earthquake|p1a: Rotom
|-immune|p1a: Rotom|[from] ability: Levitate
|
|-weather|Sandstorm|[upkeep]
|-damage|p1a: Rotom|88/100|[from] Sandstorm
|upkeep
|turn|23
|
|t:|1769336826
|switch|p2a: Frieza|Kyurem, shiny|50/100
|-ability|p2a: Frieza|Pressure
|move|p1a: Rotom|Volt Switch|p2a: Frieza
|-resisted|p2a: Frieza
|-damage|p2a: Frieza|35/100
|j| fck_yellow_magic
|
|t:|1769336833
|switch|p1a: Meowscarada|Meowscarada, M|88/100|[from] Volt Switch
|
|-weather|none
|upkeep
|turn|24
|
|t:|1769336839
|switch|p2a: Shukaku|Tyranitar, F, shiny|88/100
|-weather|Sandstorm|[from] ability: Sand Stream|[of] p2a: Shukaku
|move|p1a: Meowscarada|Triple Axel|p2a: Shukaku
|-start|p1a: Meowscarada|typechange|Ice|[from] ability: Protean
|-damage|p2a: Shukaku|82/100
|-damage|p2a: Shukaku|69/100
|-hitcount|p2a: Shukaku|2
|
|-weather|Sandstorm|[upkeep]
|-damage|p1a: Meowscarada|82/100|[from] Sandstorm
|upkeep
|turn|25
|
|t:|1769336852
|move|p1a: Meowscarada|U-turn|p2a: Shukaku
|-supereffective|p2a: Shukaku
|-damage|p2a: Shukaku|38/100
|
|t:|1769336857
|switch|p1a: Clefable|Clefable, F|70/100|[from] U-turn
|move|p2a: Shukaku|Thunder Wave|p1a: Clefable
|-status|p1a: Clefable|par
|
|-weather|Sandstorm|[upkeep]
|-damage|p1a: Clefable|64/100 par|[from] Sandstorm
|upkeep
|turn|26
|
|t:|1769336866
|move|p2a: Shukaku|Stealth Rock|p1a: Clefable
|-sidestart|p1: bvbjonas98|move: Stealth Rock
|cant|p1a: Clefable|par
|
|-weather|Sandstorm|[upkeep]
|-damage|p1a: Clefable|58/100 par|[from] Sandstorm
|upkeep
|turn|27
|
|t:|1769336873
|switch|p2a: OP|Excadrill, M, tera:Fire|33/100
|move|p1a: Clefable|Moonblast|p2a: OP
|-resisted|p2a: OP
|-damage|p2a: OP|13/100
|
|-weather|Sandstorm|[upkeep]
|-damage|p1a: Clefable|52/100 par|[from] Sandstorm
|upkeep
|turn|28
|
|t:|1769336881
|move|p2a: OP|Iron Head|p1a: Clefable
|-supereffective|p1a: Clefable
|-damage|p1a: Clefable|0 fnt
|faint|p1a: Clefable
|
|-weather|Sandstorm|[upkeep]
|upkeep
|
|t:|1769336888
|switch|p1a: Rotom|Rotom-Wash|88/100
|-damage|p1a: Rotom|76/100|[from] Stealth Rock
|turn|29
|
|t:|1769336892
|switch|p2a: Frieza|Kyurem, shiny|35/100
|-ability|p2a: Frieza|Pressure
|move|p1a: Rotom|Volt Switch|p2a: Frieza
|-resisted|p2a: Frieza
|-damage|p2a: Frieza|20/100
|
|t:|1769336902
|switch|p1a: Meowscarada|Meowscarada, M|82/100|[from] Volt Switch
|
|-weather|Sandstorm|[upkeep]
|-damage|p1a: Meowscarada|76/100|[from] Sandstorm
|-damage|p2a: Frieza|14/100|[from] Sandstorm
|upkeep
|turn|30
|inactive|OP Sand has 120 seconds left.
|c|☆bvbjonas98|when i win i have 8 kills
|inactive|OP Sand has 90 seconds left.
|
|t:|1769336968
|move|p1a: Meowscarada|U-turn|p2a: Frieza
|-start|p1a: Meowscarada|typechange|Bug|[from] ability: Protean
|-damage|p2a: Frieza|0 fnt
|faint|p2a: Frieza
|
|t:|1769336975
|switch|p1a: Rotom|Rotom-Wash|76/100|[from] U-turn
|-damage|p1a: Rotom|63/100|[from] Stealth Rock
|
|-weather|Sandstorm|[upkeep]
|-damage|p1a: Rotom|57/100|[from] Sandstorm
|upkeep
|inactive|OP Sand has 90 seconds left.
|
|t:|1769336981
|switch|p2a: OP|Excadrill, M, tera:Fire|13/100
|turn|31
|j| 12723 Dong
|
|t:|1769336984
|move|p2a: OP|Iron Head|p1a: Rotom
|-resisted|p1a: Rotom
|-damage|p1a: Rotom|32/100
|move|p1a: Rotom|Volt Switch|p2a: OP
|-damage|p2a: OP|0 fnt
|faint|p2a: OP
|-message|OP Sand forfeited.
|
|win|bvbjonas98
|raw|bvbjonas98's rating: 1594 &rarr; <strong>1618</strong><br />(+24 for winning)
|raw|OP Sand's rating: 1665 &rarr; <strong>1641</strong><br />(-24 for losing)
|j| Sk021
|l|☆OP Sand
|player|p2|
|l| fck_yellow_magic
|l|☆bvbjonas98
|player|p1|
|l| 12723 Dong
