|j|☆slave of society
|j|☆John orb
|t:|1769312947
|gametype|singles
|player|p1|slave of society|shadowtriad|1135
|player|p2|John orb|li|1167
|gen|9
|tier|[Gen 9] OU
|rated|
|rule|HP Percentage Mod: HP is shown in percentages
|rule|Endless Battle Clause: Forcing endless battles is banned
|rule|Species Clause: Limit one of each Pokémon
|rule|OHKO Clause: OHKO moves are banned
|rule|Evasion Items Clause: Evasion items are banned
|rule|Evasion Moves Clause: Evasion moves are banned
|rule|Evasion Abilities Clause: Evasion abilities are banned
|rule|Sleep Moves Clause: Sleep-inducing moves are banned
|clearpoke
|poke|p1|Deoxys-Speed|
|poke|p1|Ceruledge, F|
|poke|p1|Zamazenta-*|
|poke|p1|Ogerpon-Wellspring, F|
|poke|p1|Glimmora, M|
|poke|p1|Moltres-Galar|
|poke|p2|Hatterene, F|
|poke|p2|Corviknight, M|
|poke|p2|Great Tusk|
|poke|p2|Kyurem|
|poke|p2|Weavile, F|
|poke|p2|Cinderace, M|
|teampreview
|
|t:|1769312965
|teamsize|p1|6
|teamsize|p2|6
|start
|switch|p1a: Deoxys|Deoxys-Speed|100/100
|switch|p2a: Weavile|Weavile, F|100/100
|-ability|p1a: Deoxys|Pressure
|turn|1
|
|t:|1769312972
|move|p1a: Deoxys|Reflect|p1a: Deoxys
|-sidestart|p1: slave of society|Reflect
|move|p2a: Weavile|Beat Up|p1a: Deoxys
|-supereffective|p1a: Deoxys
|-damage|p1a: Deoxys|83/100
|-supereffective|p1a: Deoxys
|-damage|p1a: Deoxys|70/100
|-supereffective|p1a: Deoxys
|-damage|p1a: Deoxys|52/100
|-supereffective|p1a: Deoxys
|-damage|p1a: Deoxys|35/100
|-supereffective|p1a: Deoxys
|-damage|p1a: Deoxys|22/100
|-supereffective|p1a: Deoxys
|-damage|p1a: Deoxys|5/100
|-hitcount|p1a: Deoxys|6
|
|upkeep
|turn|2
|
|t:|1769312989
|switch|p1a: Zamazenta|Zamazenta|100/100
|-ability|p1a: Zamazenta|Dauntless Shield|boost
|-boost|p1a: Zamazenta|def|1
|move|p2a: Weavile|Beat Up|p1a: Zamazenta
|-resisted|p1a: Zamazenta
|-damage|p1a: Zamazenta|99/100
|-resisted|p1a: Zamazenta
|-damage|p1a: Zamazenta|97/100
|-resisted|p1a: Zamazenta
|-damage|p1a: Zamazenta|96/100
|-resisted|p1a: Zamazenta
|-damage|p1a: Zamazenta|94/100
|-resisted|p1a: Zamazenta
|-damage|p1a: Zamazenta|92/100
|-resisted|p1a: Zamazenta
|-damage|p1a: Zamazenta|91/100
|-hitcount|p1a: Zamazenta|6
|
|-heal|p1a: Zamazenta|97/100|[from] item: Leftovers
|upkeep
|turn|3
|
|t:|1769313007
|switch|p2a: Hatterene|Hatterene, F, shiny|100/100
|move|p1a: Zamazenta|Iron Defense|p1a: Zamazenta
|-boost|p1a: Zamazenta|def|2
|
|-heal|p1a: Zamazenta|100/100|[from] item: Leftovers
|upkeep
|turn|4
|
|t:|1769313013
|-terastallize|p1a: Zamazenta|Electric
|move|p1a: Zamazenta|Heavy Slam|p2a: Hatterene
|-supereffective|p2a: Hatterene
|-damage|p2a: Hatterene|48/100
|-damage|p1a: Zamazenta|84/100|[from] item: Rocky Helmet|[of] p2a: Hatterene
|move|p2a: Hatterene|Psychic Noise|p1a: Zamazenta
|-damage|p1a: Zamazenta|53/100
|-start|p1a: Zamazenta|move: Heal Block
|
|upkeep
|turn|5
|
|t:|1769313022
|-terastallize|p2a: Hatterene|Steel
|move|p1a: Zamazenta|Heavy Slam|p2a: Hatterene
|-resisted|p2a: Hatterene
|-damage|p2a: Hatterene|34/100
|-damage|p1a: Zamazenta|37/100|[from] item: Rocky Helmet|[of] p2a: Hatterene
|move|p2a: Hatterene|Psychic Noise|p1a: Zamazenta
|-damage|p1a: Zamazenta|8/100
|
|-end|p1a: Zamazenta|move: Heal Block
|upkeep
|turn|6
|
|t:|1769313034
|move|p1a: Zamazenta|Body Press|p2a: Hatterene
|-supereffective|p2a: Hatterene
|-damage|p2a: Hatterene|0 fnt
|-damage|p1a: Zamazenta|0 fnt|[from] item: Rocky Helmet|[of] p2a: Hatterene
|faint|p2a: Hatterene
|faint|p1a: Zamazenta
|
|upkeep
|
|t:|1769313045
|switch|p1a: Ceruledge|Ceruledge, F|100/100
|switch|p2a: Weavile|Weavile, F|100/100
|turn|7
|
|t:|1769313049
|move|p2a: Weavile|Beat Up|p1a: Ceruledge
|-supereffective|p1a: Ceruledge
|-damage|p1a: Ceruledge|83/100
|-ability|p1a: Ceruledge|Weak Armor|boost
|-unboost|p1a: Ceruledge|def|1
|-boost|p1a: Ceruledge|spe|2
|-supereffective|p1a: Ceruledge
|-crit|p1a: Ceruledge
|-damage|p1a: Ceruledge|25/100
|-ability|p1a: Ceruledge|Weak Armor|boost
|-unboost|p1a: Ceruledge|def|1
|-boost|p1a: Ceruledge|spe|2
|-supereffective|p1a: Ceruledge
|-damage|p1a: Ceruledge|0 fnt
|faint|p1a: Ceruledge
|-hitcount|p1: Ceruledge|3
|
|upkeep
|
|t:|1769313064
|switch|p1a: Ogerpon|Ogerpon-Wellspring, F|100/100
|turn|8
|
|t:|1769313071
|move|p2a: Weavile|Beat Up|p1a: Ogerpon
|-damage|p1a: Ogerpon|91/100
|-damage|p1a: Ogerpon|84/100
|-damage|p1a: Ogerpon|74/100
|-damage|p1a: Ogerpon|64/100
|-damage|p1a: Ogerpon|56/100
|-hitcount|p1a: Ogerpon|5
|move|p1a: Ogerpon|Swords Dance|p1a: Ogerpon
|-boost|p1a: Ogerpon|atk|2
|
|-sideend|p1: slave of society|Reflect
|upkeep
|turn|9
|
|t:|1769313081
|switch|p1a: Deoxys|Deoxys-Speed|5/100
|-ability|p1a: Deoxys|Pressure
|move|p2a: Weavile|Beat Up|p1a: Deoxys
|-supereffective|p1a: Deoxys
|-damage|p1a: Deoxys|0 fnt
|faint|p1a: Deoxys
|-hitcount|p1: Deoxys|1
|
|upkeep
|
|t:|1769313088
|switch|p1a: Glimmora|Glimmora, M|100/100
|turn|10
|
|t:|1769313092
|move|p2a: Weavile|Beat Up|p1a: Glimmora
|-damage|p1a: Glimmora|83/100
|-activate|p1a: Glimmora|ability: Toxic Debris
|-sidestart|p2: John orb|move: Toxic Spikes
|-damage|p1a: Glimmora|69/100
|-activate|p1a: Glimmora|ability: Toxic Debris
|-sidestart|p2: John orb|move: Toxic Spikes
|-damage|p1a: Glimmora|51/100
|-damage|p1a: Glimmora|31/100
|-damage|p1a: Glimmora|16/100
|-hitcount|p1a: Glimmora|5
|move|p1a: Glimmora|Meteor Beam||[still]
|-prepare|p1a: Glimmora|Meteor Beam
|-boost|p1a: Glimmora|spa|1
|-enditem|p1a: Glimmora|Power Herb
|-anim|p1a: Glimmora|Meteor Beam|p2a: Weavile
|-supereffective|p2a: Weavile
|-damage|p2a: Weavile|0 fnt
|faint|p2a: Weavile
|
|upkeep
|inactive|Battle timer is ON: inactive players will automatically lose when time's up. (requested by slave of society)
|
|t:|1769313126
|switch|p2a: Great Tusk|Great Tusk|100/100
|turn|11
|
|t:|1769313138
|move|p2a: Great Tusk|Rapid Spin|p1a: Glimmora
|-resisted|p1a: Glimmora
|-damage|p1a: Glimmora|5/100
|-boost|p2a: Great Tusk|spe|1
|-sideend|p2: John orb|Toxic Spikes|[from] move: Rapid Spin|[of] p2a: Great Tusk
|move|p1a: Glimmora|Earth Power|p2a: Great Tusk
|-damage|p2a: Great Tusk|24/100
|
|upkeep
|turn|12
|
|t:|1769313143
|move|p2a: Great Tusk|Rapid Spin|p1a: Glimmora
|-resisted|p1a: Glimmora
|-damage|p1a: Glimmora|0 fnt
|-boost|p2a: Great Tusk|spe|1
|-activate|p1a: Glimmora|ability: Toxic Debris
|-sidestart|p2: John orb|move: Toxic Spikes
|-sideend|p2: John orb|Toxic Spikes|[from] move: Rapid Spin|[of] p2a: Great Tusk
|faint|p1a: Glimmora
|
|upkeep
|
|t:|1769313159
|switch|p1a: Moltres|Moltres-Galar|100/100
|turn|13
|
|t:|1769313164
|move|p2a: Great Tusk|Close Combat|p1a: Moltres
|-damage|p1a: Moltres|33/100
|-unboost|p2a: Great Tusk|def|1
|-unboost|p2a: Great Tusk|spd|1
|-ability|p1a: Moltres|Berserk|boost
|-boost|p1a: Moltres|spa|1
|-enditem|p1a: Moltres|Sitrus Berry|[eat]
|-heal|p1a: Moltres|58/100|[from] item: Sitrus Berry
|move|p1a: Moltres|Agility|p1a: Moltres
|-boost|p1a: Moltres|spe|2
|
|upkeep
|turn|14
|
|t:|1769313169
|move|p2a: Great Tusk|Close Combat|p1a: Moltres
|-damage|p1a: Moltres|0 fnt
|-unboost|p2a: Great Tusk|def|1
|-unboost|p2a: Great Tusk|spd|1
|faint|p1a: Moltres
|
|upkeep
|
|t:|1769313172
|switch|p1a: Ogerpon|Ogerpon-Wellspring, F|56/100
|turn|15
|
|t:|1769313175
|move|p2a: Great Tusk|Close Combat|p1a: Ogerpon
|-damage|p1a: Ogerpon|0 fnt
|-unboost|p2a: Great Tusk|def|1
|-unboost|p2a: Great Tusk|spd|1
|faint|p1a: Ogerpon
|
|win|John orb
|raw|slave of society's rating: 1135 &rarr; <strong>1112</strong><br />(-23 for losing)
|raw|John orb's rating: 1167 &rarr; <strong>1190</strong><br />(+23 for winning)
