|badge|p2|silver|gen9ru|30-8
|badge|p2|bronze|gen9uu|100-8
|uhtml|medal-msg|<div class="broadcast-blue">Curious what those medals under the avatar are? PS now has Ladder Seasons! For more information, check out the <a href="https://www.smogon.com/forums/threads/3740067/">thread on Smogon.</a></div>
|j|☆BayHarborClauncher
|j|☆FP.//06
|t:|1769392253
|gametype|singles
|player|p1|BayHarborClauncher|gambler|1360
|player|p2|FP.//06|swimmerf2-gen6|1370
|gen|9
|tier|[Gen 9] OU
|rated|
|rule|HP Percentage Mod: HP is shown in percentages
|rule|Endless Battle Clause: Forcing endless battles is banned
|rule|Species Clause: Limit one of each Pokémon
|rule|OHKO Clause: OHKO moves are banned
|rule|Evasion Items Clause: Evasion items are banned
|rule|Evasion Moves Clause: Evasion moves are banned
|rule|Evasion Abilities Clause: Evasion abilities are banned
|rule|Sleep Moves Clause: Sleep-inducing moves are banned
|clearpoke
|poke|p1|Ribombee, F|
|poke|p1|Gholdengo|
|poke|p1|Pecharunt|
|poke|p1|Samurott-Hisui, M|
|poke|p1|Raging Bolt|
|poke|p1|Braviary, M|
|poke|p2|Zamazenta-*|
|poke|p2|Ninetales-Alola, M|
|poke|p2|Darkrai|
|poke|p2|Ceruledge, F|
|poke|p2|Gliscor, M|
|poke|p2|Hatterene, F|
|teampreview
|
|t:|1769392260
|teamsize|p1|6
|teamsize|p2|6
|start
|switch|p1a: Gholdengo|Gholdengo|100/100
|switch|p2a: Ninetales|Ninetales-Alola, M|100/100
|-weather|Snowscape|[from] ability: Snow Warning|[of] p2a: Ninetales
|turn|1
|
|t:|1769392262
|move|p1a: Gholdengo|Make It Rain|p2a: Ninetales
|-supereffective|p2a: Ninetales
|-damage|p2a: Ninetales|0 fnt
|-unboost|p1a: Gholdengo|spa|1
|faint|p2a: Ninetales
|
|-weather|Snowscape|[upkeep]
|upkeep
|
|t:|1769392264
|switch|p2a: Ceruledge|Ceruledge, F|100/100
|turn|2
|
|t:|1769392278
|switch|p1a: Ribombee|Ribombee, F|100/100
|move|p2a: Ceruledge|Bulk Up|p2a: Ceruledge
|-boost|p2a: Ceruledge|atk|1
|-boost|p2a: Ceruledge|def|1
|
|-weather|Snowscape|[upkeep]
|upkeep
|turn|3
|
|t:|1769392286
|move|p1a: Ribombee|Stun Spore|p2a: Ceruledge
|-status|p2a: Ceruledge|par
|move|p2a: Ceruledge|Bulk Up|p2a: Ceruledge
|-boost|p2a: Ceruledge|atk|1
|-boost|p2a: Ceruledge|def|1
|
|-weather|Snowscape|[upkeep]
|upkeep
|turn|4
|
|t:|1769392296
|move|p1a: Ribombee|Sticky Web|p2a: Ceruledge
|-sidestart|p2: FP.//06|move: Sticky Web
|move|p2a: Ceruledge|Bulk Up|p2a: Ceruledge
|-boost|p2a: Ceruledge|atk|1
|-boost|p2a: Ceruledge|def|1
|
|-weather|Snowscape|[upkeep]
|upkeep
|turn|5
|
|t:|1769392304
|move|p1a: Ribombee|Skill Swap|p2a: Ceruledge
|-activate|p1a: Ribombee|move: Skill Swap|Flash Fire|Shield Dust|[of] p2a: Ceruledge
|cant|p2a: Ceruledge|par
|
|-weather|none
|upkeep
|turn|6
|
|t:|1769392312
|switch|p1a: Samurott|Samurott-Hisui, M|100/100
|move|p2a: Ceruledge|Bulk Up|p2a: Ceruledge
|-boost|p2a: Ceruledge|atk|1
|-boost|p2a: Ceruledge|def|1
|
|upkeep
|turn|7
|
|t:|1769392321
|-terastallize|p2a: Ceruledge|Bug
|move|p1a: Samurott|Razor Shell|p2a: Ceruledge
|-damage|p2a: Ceruledge|69/100 par
|move|p2a: Ceruledge|Bitter Blade|p1a: Samurott
|-resisted|p1a: Samurott
|-damage|p1a: Samurott|30/100
|-heal|p2a: Ceruledge|100/100 par|[from] drain|[of] p1a: Samurott
|
|upkeep
|turn|8
|
|t:|1769392336
|switch|p1a: Pecharunt|Pecharunt|100/100
|-item|p1a: Pecharunt|Air Balloon
|cant|p2a: Ceruledge|par
|
|upkeep
|turn|9
|
|t:|1769392343
|move|p1a: Pecharunt|Malignant Chain|p2a: Ceruledge
|-damage|p2a: Ceruledge|63/100 par
|cant|p2a: Ceruledge|par
|
|upkeep
|turn|10
|
|t:|1769392349
|move|p1a: Pecharunt|Malignant Chain|p2a: Ceruledge
|-damage|p2a: Ceruledge|27/100 par
|move|p2a: Ceruledge|Bitter Blade|p1a: Pecharunt
|-crit|p1a: Pecharunt
|-damage|p1a: Pecharunt|1/100
|-heal|p2a: Ceruledge|80/100 par|[from] drain|[of] p1a: Pecharunt
|-enditem|p1a: Pecharunt|Air Balloon
|
|upkeep
|turn|11
|
|t:|1769392353
|move|p2a: Ceruledge|Shadow Sneak|p1a: Pecharunt
|-supereffective|p1a: Pecharunt
|-damage|p1a: Pecharunt|0 fnt
|faint|p1a: Pecharunt
|
|upkeep
|
|t:|1769392358
|switch|p1a: Gholdengo|Gholdengo|100/100
|turn|12
|
|t:|1769392368
|-terastallize|p1a: Gholdengo|Fighting
|move|p2a: Ceruledge|Shadow Sneak|p1a: Gholdengo
|-damage|p1a: Gholdengo|49/100
|move|p1a: Gholdengo|Make It Rain|p2a: Ceruledge
|-damage|p2a: Ceruledge|27/100 par
|-unboost|p1a: Gholdengo|spa|1
|
|upkeep
|turn|13
|
|t:|1769392380
|cant|p2a: Ceruledge|par
|move|p1a: Gholdengo|Make It Rain|p2a: Ceruledge
|-damage|p2a: Ceruledge|0 fnt
|-unboost|p1a: Gholdengo|spa|1
|faint|p2a: Ceruledge
|
|upkeep
|
|t:|1769392389
|switch|p2a: Gliscor|Gliscor, M|100/100
|turn|14
|
|t:|1769392396
|switch|p1a: Ribombee|Ribombee, F|100/100
|move|p2a: Gliscor|Agility|p2a: Gliscor
|-boost|p2a: Gliscor|spe|2
|
|-status|p2a: Gliscor|tox|[from] item: Toxic Orb
|upkeep
|turn|15
|
|t:|1769392404
|move|p2a: Gliscor|Facade|p1a: Ribombee
|-damage|p1a: Ribombee|41/100
|move|p1a: Ribombee|Skill Swap|p2a: Gliscor
|-activate|p1a: Ribombee|move: Skill Swap|Poison Heal|Shield Dust|[of] p2a: Gliscor
|
|-damage|p2a: Gliscor|94/100 tox|[from] psn
|upkeep
|turn|16
|
|t:|1769392413
|move|p2a: Gliscor|Facade|p1a: Ribombee
|-damage|p1a: Ribombee|0 fnt
|faint|p1a: Ribombee
|
|-damage|p2a: Gliscor|82/100 tox|[from] psn
|upkeep
|
|t:|1769392420
|switch|p1a: Braviary|Braviary, M|100/100
|turn|17
|
|t:|1769392427
|switch|p2a: Hatterene|Hatterene, F|100/100
|-activate|p2a: Hatterene|move: Sticky Web
|-unboost|p2a: Hatterene|spe|1
|move|p1a: Braviary|Bulk Up|p1a: Braviary
|-boost|p1a: Braviary|atk|1
|-boost|p1a: Braviary|def|1
|
|upkeep
|turn|18
|
|t:|1769392434
|move|p1a: Braviary|Bulk Up|p1a: Braviary
|-boost|p1a: Braviary|atk|1
|-boost|p1a: Braviary|def|1
|move|p2a: Hatterene|Calm Mind|p2a: Hatterene
|-boost|p2a: Hatterene|spa|1
|-boost|p2a: Hatterene|spd|1
|
|upkeep
|turn|19
|
|t:|1769392442
|move|p1a: Braviary|Shadow Claw|p2a: Hatterene
|-supereffective|p2a: Hatterene
|-damage|p2a: Hatterene|27/100
|move|p2a: Hatterene|Draining Kiss|p1a: Braviary
|-damage|p1a: Braviary|58/100
|-heal|p2a: Hatterene|61/100|[from] drain|[of] p1a: Braviary
|
|-heal|p2a: Hatterene|67/100|[from] item: Leftovers
|upkeep
|turn|20
|
|t:|1769392450
|move|p1a: Braviary|Shadow Claw|p2a: Hatterene
|-supereffective|p2a: Hatterene
|-damage|p2a: Hatterene|0 fnt
|faint|p2a: Hatterene
|
|upkeep
|
|t:|1769392452
|switch|p2a: Zamazenta|Zamazenta|100/100
|-activate|p2a: Zamazenta|move: Sticky Web
|-unboost|p2a: Zamazenta|spe|1
|-ability|p2a: Zamazenta|Dauntless Shield|boost
|-boost|p2a: Zamazenta|def|1
|turn|21
|
|t:|1769392457
|move|p1a: Braviary|Dual Wingbeat|p2a: Zamazenta
|-supereffective|p2a: Zamazenta
|-damage|p2a: Zamazenta|54/100
|-supereffective|p2a: Zamazenta
|-damage|p2a: Zamazenta|8/100
|-hitcount|p2a: Zamazenta|2
|move|p2a: Zamazenta|Iron Defense|p2a: Zamazenta
|-boost|p2a: Zamazenta|def|2
|
|upkeep
|turn|22
|-message|FP.//06 forfeited.
|
|win|BayHarborClauncher
|raw|BayHarborClauncher's rating: 1360 &rarr; <strong>1381</strong><br />(+21 for winning)
|raw|FP.&#x2f;&#x2f;06's rating: 1370 &rarr; <strong>1349</strong><br />(-21 for losing)
|l|☆FP.//06
|player|p2|
|l|☆BayHarborClauncher
|player|p1|
