|j|☆trc lucy
|j|☆PrimeXStriker
|t:|1769350892
|gametype|singles
|player|p1|trc lucy|265|1485
|player|p2|PrimeXStriker|bruno|1448
|gen|9
|tier|[Gen 9] OU
|rated|
|rule|HP Percentage Mod: HP is shown in percentages
|rule|Endless Battle Clause: Forcing endless battles is banned
|rule|Species Clause: Limit one of each Pokémon
|rule|OHKO Clause: OHKO moves are banned
|rule|Evasion Items Clause: Evasion items are banned
|rule|Evasion Moves Clause: Evasion moves are banned
|rule|Evasion Abilities Clause: Evasion abilities are banned
|rule|Sleep Moves Clause: Sleep-inducing moves are banned
|clearpoke
|poke|p1|Zamazenta-*|
|poke|p1|Ninetales-Alola, M|
|poke|p1|Darkrai|
|poke|p1|Ceruledge, M|
|poke|p1|Gliscor, M|
|poke|p1|Hatterene, F|
|poke|p2|Ceruledge, F|
|poke|p2|Scream Tail|
|poke|p2|Hydreigon, M|
|poke|p2|Great Tusk|
|poke|p2|Ting-Lu|
|poke|p2|Decidueye, M|
|teampreview
|
|t:|1769350907
|teamsize|p1|6
|teamsize|p2|6
|start
|switch|p1a: Ninetales|Ninetales-Alola, M|100/100
|switch|p2a: Scream Tail|Scream Tail|100/100
|-weather|Snowscape|[from] ability: Snow Warning|[of] p1a: Ninetales
|-enditem|p2a: Scream Tail|Booster Energy
|-activate|p2a: Scream Tail|ability: Protosynthesis|[fromitem]
|-start|p2a: Scream Tail|protosynthesisspe
|turn|1
|
|t:|1769350920
|move|p2a: Scream Tail|Stealth Rock|p1a: Ninetales
|-sidestart|p1: trc lucy|move: Stealth Rock
|move|p1a: Ninetales|Aurora Veil|p1a: Ninetales
|-sidestart|p1: trc lucy|move: Aurora Veil
|
|-weather|Snowscape|[upkeep]
|upkeep
|turn|2
|
|t:|1769350929
|move|p2a: Scream Tail|Encore|p1a: Ninetales
|-start|p1a: Ninetales|Encore
|move|p1a: Ninetales|Aurora Veil||[still]
|-fail|p1a: Ninetales
|
|-weather|Snowscape|[upkeep]
|upkeep
|turn|3
|
|t:|1769350934
|switch|p1a: Hatterene|Hatterene, F|100/100
|-damage|p1a: Hatterene|88/100|[from] Stealth Rock
|move|p2a: Scream Tail|Thunder Wave|p1a: Hatterene
|move|p1a: Hatterene|Thunder Wave|p2a: Scream Tail|[from] ability: Magic Bounce
|-status|p2a: Scream Tail|par
|
|-weather|Snowscape|[upkeep]
|-heal|p1a: Hatterene|94/100|[from] item: Leftovers
|upkeep
|turn|4
|
|t:|1769350951
|-end|p2a: Scream Tail|Protosynthesis|[silent]
|switch|p2a: Decidueye|Decidueye, M|100/100
|move|p1a: Hatterene|Calm Mind|p1a: Hatterene
|-boost|p1a: Hatterene|spa|1
|-boost|p1a: Hatterene|spd|1
|
|-weather|Snowscape|[upkeep]
|-heal|p1a: Hatterene|99/100|[from] item: Leftovers
|upkeep
|turn|5
|inactive|Battle timer is ON: inactive players will automatically lose when time's up. (requested by PrimeXStriker)
|
|t:|1769350961
|move|p2a: Decidueye|Poltergeist|p1a: Hatterene
|-activate|p1a: Hatterene|move: Poltergeist|Leftovers
|-supereffective|p1a: Hatterene
|-damage|p1a: Hatterene|58/100
|move|p1a: Hatterene|Mystical Fire|p2a: Decidueye
|-supereffective|p2a: Decidueye
|-damage|p2a: Decidueye|42/100
|-unboost|p2a: Decidueye|spa|1
|
|-weather|none
|-heal|p2a: Decidueye|48/100|[from] item: Leftovers
|-heal|p1a: Hatterene|64/100|[from] item: Leftovers
|upkeep
|turn|6
|
|t:|1769350970
|move|p2a: Decidueye|Poltergeist|p1a: Hatterene
|-activate|p1a: Hatterene|move: Poltergeist|Leftovers
|-supereffective|p1a: Hatterene
|-crit|p1a: Hatterene
|-damage|p1a: Hatterene|0 fnt
|faint|p1a: Hatterene
|
|-heal|p2a: Decidueye|54/100|[from] item: Leftovers
|upkeep
|
|t:|1769350978
|switch|p1a: Gliscor|Gliscor, M|100/100
|-damage|p1a: Gliscor|88/100|[from] Stealth Rock
|turn|7
|
|t:|1769351000
|move|p1a: Gliscor|Swords Dance|p1a: Gliscor
|-boost|p1a: Gliscor|atk|2
|move|p2a: Decidueye|Swords Dance|p2a: Decidueye
|-boost|p2a: Decidueye|atk|2
|
|-heal|p2a: Decidueye|60/100|[from] item: Leftovers
|-status|p1a: Gliscor|tox|[from] item: Toxic Orb
|upkeep
|turn|8
|
|t:|1769351016
|move|p2a: Decidueye|Shadow Sneak|p1a: Gliscor
|-damage|p1a: Gliscor|71/100 tox
|move|p1a: Gliscor|Earthquake|p2a: Decidueye
|-resisted|p2a: Decidueye
|-damage|p2a: Decidueye|23/100
|
|-heal|p2a: Decidueye|29/100|[from] item: Leftovers
|-heal|p1a: Gliscor|83/100 tox|[from] ability: Poison Heal
|-sideend|p1: trc lucy|move: Aurora Veil
|upkeep
|turn|9
|inactive|PrimeXStriker has 120 seconds left.
|
|t:|1769351034
|move|p1a: Gliscor|Agility|p1a: Gliscor
|-boost|p1a: Gliscor|spe|2
|move|p2a: Decidueye|Leaf Blade|p1a: Gliscor
|-damage|p1a: Gliscor|8/100 tox
|
|-heal|p2a: Decidueye|35/100|[from] item: Leftovers
|-heal|p1a: Gliscor|21/100 tox|[from] ability: Poison Heal
|upkeep
|turn|10
|
|t:|1769351041
|move|p2a: Decidueye|Shadow Sneak|p1a: Gliscor
|-damage|p1a: Gliscor|0 fnt
|faint|p1a: Gliscor
|
|-heal|p2a: Decidueye|41/100|[from] item: Leftovers
|upkeep
|
|t:|1769351046
|switch|p1a: Ceruledge|Ceruledge, M|100/100
|-damage|p1a: Ceruledge|76/100|[from] Stealth Rock
|turn|11
|
|t:|1769351049
|move|p2a: Decidueye|Shadow Sneak|p1a: Ceruledge
|-supereffective|p1a: Ceruledge
|-damage|p1a: Ceruledge|0 fnt
|faint|p1a: Ceruledge
|
|-heal|p2a: Decidueye|47/100|[from] item: Leftovers
|upkeep
|
|t:|1769351054
|switch|p1a: Darkrai|Darkrai|100/100
|-damage|p1a: Darkrai|88/100|[from] Stealth Rock
|turn|12
|
|t:|1769351058
|switch|p2a: Ting-Lu|Ting-Lu|100/100
|-ability|p2a: Ting-Lu|Vessel of Ruin
|move|p1a: Darkrai|Dark Pulse|p2a: Ting-Lu
|-resisted|p2a: Ting-Lu
|-damage|p2a: Ting-Lu|91/100
|
|-heal|p1a: Darkrai|94/100|[from] item: Leftovers
|-heal|p2a: Ting-Lu|97/100|[from] item: Leftovers
|upkeep
|turn|13
|
|t:|1769351063
|move|p1a: Darkrai|Nasty Plot|p1a: Darkrai
|-boost|p1a: Darkrai|spa|2
|move|p2a: Ting-Lu|Ruination|p1a: Darkrai
|-damage|p1a: Darkrai|47/100
|
|-heal|p1a: Darkrai|54/100|[from] item: Leftovers
|-heal|p2a: Ting-Lu|100/100|[from] item: Leftovers
|upkeep
|turn|14
|
|t:|1769351066
|move|p1a: Darkrai|Focus Blast|p2a: Ting-Lu
|-supereffective|p2a: Ting-Lu
|-damage|p2a: Ting-Lu|26/100
|move|p2a: Ting-Lu|Earthquake|p1a: Darkrai
|-damage|p1a: Darkrai|0 fnt
|faint|p1a: Darkrai
|
|-heal|p2a: Ting-Lu|32/100|[from] item: Leftovers
|upkeep
|
|t:|1769351071
|switch|p1a: Ninetales|Ninetales-Alola, M|100/100
|-damage|p1a: Ninetales|76/100|[from] Stealth Rock
|-weather|Snowscape|[from] ability: Snow Warning|[of] p1a: Ninetales
|turn|15
|
|t:|1769351079
|move|p1a: Ninetales|Aurora Veil|p1a: Ninetales
|-sidestart|p1: trc lucy|move: Aurora Veil
|move|p2a: Ting-Lu|Spikes|p1a: Ninetales
|-sidestart|p1: trc lucy|Spikes
|
|-weather|Snowscape|[upkeep]
|-heal|p2a: Ting-Lu|38/100|[from] item: Leftovers
|upkeep
|turn|16
|
|t:|1769351086
|move|p1a: Ninetales|Freeze-Dry|p2a: Ting-Lu
|-supereffective|p2a: Ting-Lu
|-damage|p2a: Ting-Lu|20/100
|move|p2a: Ting-Lu|Spikes|p1a: Ninetales
|-sidestart|p1: trc lucy|Spikes
|
|-weather|Snowscape|[upkeep]
|-heal|p2a: Ting-Lu|26/100|[from] item: Leftovers
|upkeep
|turn|17
|
|t:|1769351094
|move|p1a: Ninetales|Freeze-Dry|p2a: Ting-Lu
|-supereffective|p2a: Ting-Lu
|-damage|p2a: Ting-Lu|8/100
|move|p2a: Ting-Lu|Spikes|p1a: Ninetales
|-sidestart|p1: trc lucy|Spikes
|
|-weather|Snowscape|[upkeep]
|-heal|p2a: Ting-Lu|14/100|[from] item: Leftovers
|upkeep
|turn|18
|
|t:|1769351101
|switch|p2a: Ceruledge|Ceruledge, F|100/100
|move|p1a: Ninetales|Freeze-Dry|p2a: Ceruledge
|-resisted|p2a: Ceruledge
|-damage|p2a: Ceruledge|89/100
|
|-weather|Snowscape|[upkeep]
|upkeep
|turn|19
|
|t:|1769351108
|move|p2a: Ceruledge|Bitter Blade|p1a: Ninetales
|-supereffective|p1a: Ninetales
|-damage|p1a: Ninetales|29/100
|-heal|p2a: Ceruledge|100/100|[from] drain|[of] p1a: Ninetales
|-damage|p2a: Ceruledge|91/100|[from] item: Life Orb
|move|p1a: Ninetales|Roar|p2a: Ceruledge
|drag|p2a: Hydreigon|Hydreigon, M|100/100
|
|-weather|none
|upkeep
|turn|20
|
|t:|1769351116
|switch|p2a: Ceruledge|Ceruledge, F|91/100
|move|p1a: Ninetales|Freeze-Dry|p2a: Ceruledge
|-resisted|p2a: Ceruledge
|-damage|p2a: Ceruledge|80/100
|
|upkeep
|turn|21
|
|t:|1769351124
|move|p1a: Ninetales|Freeze-Dry|p2a: Ceruledge
|-resisted|p2a: Ceruledge
|-damage|p2a: Ceruledge|69/100
|-status|p2a: Ceruledge|frz
|cant|p2a: Ceruledge|frz
|
|upkeep
|turn|22
|
|t:|1769351131
|switch|p1a: Zamazenta|Zamazenta|100/100
|-damage|p1a: Zamazenta|94/100|[from] Stealth Rock
|-damage|p1a: Zamazenta|69/100|[from] Spikes
|-ability|p1a: Zamazenta|Dauntless Shield|boost
|-boost|p1a: Zamazenta|def|1
|cant|p2a: Ceruledge|frz
|
|-sideend|p1: trc lucy|move: Aurora Veil
|upkeep
|turn|23
|
|t:|1769351135
|switch|p2a: Scream Tail|Scream Tail|100/100 par
|move|p1a: Zamazenta|Iron Defense|p1a: Zamazenta
|-boost|p1a: Zamazenta|def|2
|
|upkeep
|turn|24
|
|t:|1769351142
|-terastallize|p1a: Zamazenta|Fire
|move|p1a: Zamazenta|Iron Defense|p1a: Zamazenta
|-boost|p1a: Zamazenta|def|2
|move|p2a: Scream Tail|Thunder Wave|p1a: Zamazenta
|-status|p1a: Zamazenta|par
|
|upkeep
|turn|25
|
|t:|1769351153
|cant|p1a: Zamazenta|par
|cant|p2a: Scream Tail|par
|
|upkeep
|turn|26
|
|t:|1769351157
|move|p1a: Zamazenta|Crunch|p2a: Scream Tail
|-damage|p2a: Scream Tail|81/100 par
|cant|p2a: Scream Tail|par
|
|upkeep
|turn|27
|
|t:|1769351162
|move|p1a: Zamazenta|Crunch|p2a: Scream Tail
|-damage|p2a: Scream Tail|61/100 par
|move|p2a: Scream Tail|Encore|p1a: Zamazenta
|-start|p1a: Zamazenta|Encore
|
|upkeep
|turn|28
|
|t:|1769351172
|-end|p2a: Scream Tail|Protosynthesis|[silent]
|switch|p2a: Great Tusk|Great Tusk|100/100
|move|p1a: Zamazenta|Crunch|p2a: Great Tusk
|-resisted|p2a: Great Tusk
|-damage|p2a: Great Tusk|95/100
|-damage|p1a: Zamazenta|53/100 par|[from] item: Rocky Helmet|[of] p2a: Great Tusk
|
|upkeep
|turn|29
|
|t:|1769351176
|move|p2a: Great Tusk|Earthquake|p1a: Zamazenta
|-supereffective|p1a: Zamazenta
|-damage|p1a: Zamazenta|31/100 par
|move|p1a: Zamazenta|Crunch|p2a: Great Tusk
|-resisted|p2a: Great Tusk
|-damage|p2a: Great Tusk|90/100
|-damage|p1a: Zamazenta|14/100 par|[from] item: Rocky Helmet|[of] p2a: Great Tusk
|
|upkeep
|turn|30
|
|t:|1769351180
|move|p2a: Great Tusk|Earthquake|p1a: Zamazenta
|-supereffective|p1a: Zamazenta
|-damage|p1a: Zamazenta|0 fnt
|faint|p1a: Zamazenta
|
|upkeep
|
|t:|1769351182
|switch|p1a: Ninetales|Ninetales-Alola, M|29/100
|-damage|p1a: Ninetales|5/100|[from] Stealth Rock
|-damage|p1a: Ninetales|0 fnt|[from] Spikes
|faint|p1a: Ninetales
|
|win|PrimeXStriker
|raw|trc lucy's rating: 1485 &rarr; <strong>1463</strong><br />(-22 for losing)
|raw|PrimeXStriker's rating: 1448 &rarr; <strong>1470</strong><br />(+22 for winning)
|l|☆trc lucy
|player|p1|
|l|☆PrimeXStriker
|player|p2|
