|j|☆savage2522
|j|☆ashyboyalola
|t:|1769327503
|gametype|singles
|player|p1|savage2522|2|1115
|player|p2|ashyboyalola|2|1129
|gen|9
|tier|[Gen 9] OU
|rated|
|rule|HP Percentage Mod: HP is shown in percentages
|rule|Endless Battle Clause: Forcing endless battles is banned
|rule|Species Clause: Limit one of each Pokémon
|rule|OHKO Clause: OHKO moves are banned
|rule|Evasion Items Clause: Evasion items are banned
|rule|Evasion Moves Clause: Evasion moves are banned
|rule|Evasion Abilities Clause: Evasion abilities are banned
|rule|Sleep Moves Clause: Sleep-inducing moves are banned
|clearpoke
|poke|p1|Metagross|
|poke|p1|Hatterene, F|
|poke|p1|Slowbro, F|
|poke|p1|Gardevoir, M|
|poke|p1|Lilligant-Hisui, F|
|poke|p1|Dragalge, F|
|poke|p2|Enamorus, F|
|poke|p2|Dragonite, M|
|poke|p2|Latios, M|
|poke|p2|Rotom-Wash|
|poke|p2|Tentacruel, F|
|poke|p2|Arcanine-Hisui, F|
|teampreview
|
|t:|1769327526
|teamsize|p1|6
|teamsize|p2|6
|start
|switch|p1a: Hatterene|Hatterene, F|100/100
|switch|p2a: washing machine|Rotom-Wash|100/100
|turn|1
|
|t:|1769327541
|move|p2a: washing machine|Hydro Pump|p1a: Hatterene
|-damage|p1a: Hatterene|49/100
|-enditem|p1a: Hatterene|Sitrus Berry|[eat]
|-heal|p1a: Hatterene|74/100|[from] item: Sitrus Berry
|move|p1a: Hatterene|Light Screen|p1a: Hatterene
|-sidestart|p1: savage2522|move: Light Screen
|
|upkeep
|turn|2
|
|t:|1769327553
|move|p2a: washing machine|Hydro Pump|p1a: Hatterene
|-damage|p1a: Hatterene|47/100
|move|p1a: Hatterene|Reflect|p1a: Hatterene
|-sidestart|p1: savage2522|Reflect
|
|upkeep
|turn|3
|
|t:|1769327562
|move|p2a: washing machine|Hydro Pump|p1a: Hatterene
|-damage|p1a: Hatterene|23/100
|move|p1a: Hatterene|Trick Room|p1a: Hatterene
|-fieldstart|move: Trick Room|[of] p1a: Hatterene
|
|upkeep
|turn|4
|
|t:|1769327589
|switch|p1a: Metagross|Metagross, shiny|100/100
|move|p2a: washing machine|Hydro Pump|p1a: Metagross|[miss]
|-miss|p2a: washing machine|p1a: Metagross
|
|upkeep
|turn|5
|
|t:|1769327604
|move|p1a: Metagross|Meteor Mash|p2a: washing machine
|-resisted|p2a: washing machine
|-damage|p2a: washing machine|82/100
|-damage|p1a: Metagross|91/100|[from] item: Life Orb
|move|p2a: washing machine|Volt Switch|p1a: Metagross
|-damage|p1a: Metagross|75/100
|
|t:|1769327611
|switch|p2a: My Pet Boy|Arcanine-Hisui, F|100/100|[from] Volt Switch
|
|-sideend|p1: savage2522|move: Light Screen
|upkeep
|turn|6
|
|t:|1769327619
|move|p1a: Metagross|Earthquake|p2a: My Pet Boy
|-supereffective|p2a: My Pet Boy
|-enditem|p2a: My Pet Boy|Focus Sash
|-damage|p2a: My Pet Boy|1/100
|-damage|p1a: Metagross|65/100|[from] item: Life Orb
|move|p2a: My Pet Boy|Flare Blitz|p1a: Metagross
|-supereffective|p1a: Metagross
|-damage|p1a: Metagross|8/100
|
|-sideend|p1: savage2522|Reflect
|upkeep
|turn|7
|
|t:|1769327628
|move|p2a: My Pet Boy|Extreme Speed|p1a: Metagross
|-resisted|p1a: Metagross
|-damage|p1a: Metagross|0 fnt
|faint|p1a: Metagross
|
|-fieldend|move: Trick Room
|upkeep
|
|t:|1769327656
|switch|p1a: Lilligant|Lilligant-Hisui, F|100/100
|turn|8
|
|t:|1769327675
|switch|p2a: thick dragoon|Dragonite, M|100/100
|move|p1a: Lilligant|Leaf Blade|p2a: thick dragoon
|-resisted|p2a: thick dragoon
|-damage|p2a: thick dragoon|91/100
|
|upkeep
|turn|9
|
|t:|1769327682
|move|p1a: Lilligant|Ice Spinner|p2a: thick dragoon|[miss]
|-miss|p1a: Lilligant|p2a: thick dragoon
|move|p2a: thick dragoon|Dragon Dance|p2a: thick dragoon
|-boost|p2a: thick dragoon|atk|1
|-boost|p2a: thick dragoon|spe|1
|
|upkeep
|turn|10
|
|t:|1769327689
|move|p2a: thick dragoon|Ice Spinner|p1a: Lilligant
|-supereffective|p1a: Lilligant
|-enditem|p1a: Lilligant|Focus Sash
|-damage|p1a: Lilligant|1/100
|move|p1a: Lilligant|Ice Spinner|p2a: thick dragoon
|-supereffective|p2a: thick dragoon
|-damage|p2a: thick dragoon|0 fnt
|faint|p2a: thick dragoon
|
|upkeep
|
|t:|1769327699
|switch|p2a: My Pet Boy|Arcanine-Hisui, F|1/100
|turn|11
|
|t:|1769327703
|switch|p1a: Hatterene|Hatterene, F|23/100
|move|p2a: My Pet Boy|Extreme Speed|p1a: Hatterene
|-damage|p1a: Hatterene|0 fnt
|faint|p1a: Hatterene
|
|upkeep
|
|t:|1769327707
|switch|p1a: Slowbro|Slowbro, F|100/100
|turn|12
|
|t:|1769327718
|switch|p2a: washing machine|Rotom-Wash|82/100
|move|p1a: Slowbro|Calm Mind|p1a: Slowbro
|-boost|p1a: Slowbro|spa|1
|-boost|p1a: Slowbro|spd|1
|
|upkeep
|turn|13
|
|t:|1769327727
|move|p2a: washing machine|Thunderbolt|p1a: Slowbro
|-supereffective|p1a: Slowbro
|-damage|p1a: Slowbro|33/100
|move|p1a: Slowbro|Scald|p2a: washing machine
|-resisted|p2a: washing machine
|-damage|p2a: washing machine|58/100
|-status|p2a: washing machine|brn
|
|-heal|p1a: Slowbro|39/100|[from] item: Leftovers
|-damage|p2a: washing machine|52/100 brn|[from] brn
|upkeep
|turn|14
|
|t:|1769327737
|move|p2a: washing machine|Thunderbolt|p1a: Slowbro
|-supereffective|p1a: Slowbro
|-damage|p1a: Slowbro|0 fnt
|faint|p1a: Slowbro
|
|-damage|p2a: washing machine|46/100 brn|[from] brn
|upkeep
|
|t:|1769327743
|switch|p1a: Gardevoir|Gardevoir, M|100/100
|-ability|p1a: Gardevoir|Levitate|Trace|[from] ability: Trace|[of] p2a: washing machine
|turn|15
|l|☆ashyboyalola
|player|p2|
|j|☆ashyboyalola
|player|p2|ashyboyalola|2|
|
|t:|1769327783
|move|p1a: Gardevoir|Psychic|p2a: washing machine
|-damage|p2a: washing machine|2/100 brn
|move|p2a: washing machine|Thunderbolt|p1a: Gardevoir
|-damage|p1a: Gardevoir|54/100
|
|-damage|p2a: washing machine|0 fnt|[from] brn
|faint|p2a: washing machine
|upkeep
|
|t:|1769327813
|switch|p2a: Tentakind|Tentacruel, F|100/100
|turn|16
|
|t:|1769327818
|-terastallize|p2a: Tentakind|Flying
|move|p1a: Gardevoir|Psychic|p2a: Tentakind
|-damage|p2a: Tentakind|74/100
|move|p2a: Tentakind|Sludge Bomb|p1a: Gardevoir
|-supereffective|p1a: Gardevoir
|-damage|p1a: Gardevoir|0 fnt
|faint|p1a: Gardevoir
|
|upkeep
|
|t:|1769327832
|switch|p1a: Dragalge|Dragalge, F|100/100
|turn|17
|
|t:|1769327851
|move|p2a: Tentakind|Knock Off|p1a: Dragalge
|-crit|p1a: Dragalge
|-damage|p1a: Dragalge|74/100
|-enditem|p1a: Dragalge|Choice Specs|[from] move: Knock Off|[of] p2a: Tentakind
|move|p1a: Dragalge|Thunderbolt|p2a: Tentakind
|-supereffective|p2a: Tentakind
|-damage|p2a: Tentakind|44/100
|
|upkeep
|turn|18
|
|t:|1769327880
|move|p2a: Tentakind|Surf|p1a: Dragalge
|-resisted|p1a: Dragalge
|-damage|p1a: Dragalge|57/100
|move|p1a: Dragalge|Thunderbolt|p2a: Tentakind
|-supereffective|p2a: Tentakind
|-damage|p2a: Tentakind|12/100
|
|upkeep
|turn|19
|
|t:|1769327888
|move|p2a: Tentakind|Sludge Bomb|p1a: Dragalge
|-resisted|p1a: Dragalge
|-damage|p1a: Dragalge|39/100
|move|p1a: Dragalge|Dragon Pulse|p2a: Tentakind
|-damage|p2a: Tentakind|0 fnt
|faint|p2a: Tentakind
|
|upkeep
|
|t:|1769327896
|switch|p2a: blue rocket|Latios, M|100/100
|turn|20
|
|t:|1769327899
|move|p2a: blue rocket|Luster Purge|p1a: Dragalge
|-supereffective|p1a: Dragalge
|-damage|p1a: Dragalge|0 fnt
|faint|p1a: Dragalge
|
|upkeep
|
|t:|1769327903
|switch|p1a: Lilligant|Lilligant-Hisui, F|1/100
|turn|21
|
|t:|1769327911
|move|p2a: blue rocket|Aura Sphere|p1a: Lilligant
|-damage|p1a: Lilligant|0 fnt
|faint|p1a: Lilligant
|
|win|ashyboyalola
|raw|savage2522's rating: 1115 &rarr; <strong>1091</strong><br />(-24 for losing)
|raw|ashyboyalola's rating: 1129 &rarr; <strong>1153</strong><br />(+24 for winning)
|l|☆ashyboyalola
|player|p2|
|l|☆savage2522
|player|p1|
