|j|☆Captain Brusin'
|j|☆LYHtyt
|t:|1769305477
|gametype|singles
|player|p1|Captain Brusin'|harlequin|1146
|player|p2|LYHtyt|hilbert|1107
|gen|9
|tier|[Gen 9] OU
|rated|
|rule|HP Percentage Mod: HP is shown in percentages
|rule|Endless Battle Clause: Forcing endless battles is banned
|rule|Species Clause: Limit one of each Pokémon
|rule|OHKO Clause: OHKO moves are banned
|rule|Evasion Items Clause: Evasion items are banned
|rule|Evasion Moves Clause: Evasion moves are banned
|rule|Evasion Abilities Clause: Evasion abilities are banned
|rule|Sleep Moves Clause: Sleep-inducing moves are banned
|clearpoke
|poke|p1|Rillaboom, M|
|poke|p1|Heatran, M|
|poke|p1|Alomomola, M|
|poke|p1|Hydreigon, M|
|poke|p1|Tornadus-Therian, M|
|poke|p1|Cinderace, F|
|poke|p2|Dragapult, F|
|poke|p2|Dragonite, F|
|poke|p2|Salamence, F|
|poke|p2|Scizor, M|
|poke|p2|Garchomp, M|
|poke|p2|Tyranitar, F|
|teampreview
|inactive|Battle timer is ON: inactive players will automatically lose when time's up. (requested by Captain Brusin')
|
|t:|1769305489
|teamsize|p1|6
|teamsize|p2|6
|start
|switch|p1a: Rillaboom|Rillaboom, M, shiny|100/100
|switch|p2a: Dragapult|Dragapult, F|100/100
|-fieldstart|move: Grassy Terrain|[from] ability: Grassy Surge|[of] p1a: Rillaboom
|turn|1
|
|t:|1769305498
|switch|p1a: Tornadus|Tornadus-Therian, M, shiny|100/100
|move|p2a: Dragapult|Dragon Dance|p2a: Dragapult
|-boost|p2a: Dragapult|atk|1
|-boost|p2a: Dragapult|spe|1
|
|upkeep
|turn|2
|
|t:|1769305506
|move|p2a: Dragapult|Dragon Darts|p1a: Tornadus
|-damage|p1a: Tornadus|57/100
|-anim|p2a: Dragapult|Dragon Darts|p1a: Tornadus
|-damage|p1a: Tornadus|15/100
|move|p1a: Tornadus|Knock Off|p2a: Dragapult
|-supereffective|p2a: Dragapult
|-crit|p2a: Dragapult
|-damage|p2a: Dragapult|13/100
|-enditem|p2a: Dragapult|Focus Sash|[from] move: Knock Off|[of] p1a: Tornadus
|
|-heal|p2a: Dragapult|19/100|[from] Grassy Terrain
|upkeep
|turn|3
|
|t:|1769305519
|switch|p1a: Alomomola|Alomomola, M, shiny|100/100
|move|p2a: Dragapult|Dragon Darts|p1a: Alomomola
|-damage|p1a: Alomomola|78/100
|-anim|p2a: Dragapult|Dragon Darts|p1a: Alomomola
|-damage|p1a: Alomomola|57/100
|
|-heal|p2a: Dragapult|25/100|[from] Grassy Terrain
|-heal|p1a: Alomomola|63/100|[from] Grassy Terrain
|upkeep
|turn|4
|
|t:|1769305537
|move|p2a: Dragapult|Will-O-Wisp|p1a: Alomomola
|-status|p1a: Alomomola|brn
|move|p1a: Alomomola|Flip Turn|p2a: Dragapult
|-resisted|p2a: Dragapult
|-damage|p2a: Dragapult|20/100
|
|t:|1769305544
|switch|p1a: Rillaboom|Rillaboom, M, shiny|100/100|[from] Flip Turn
|
|-heal|p2a: Dragapult|26/100|[from] Grassy Terrain
|upkeep
|turn|5
|
|t:|1769305551
|move|p1a: Rillaboom|Grassy Glide|p2a: Dragapult
|-resisted|p2a: Dragapult
|-damage|p2a: Dragapult|0 fnt
|faint|p2a: Dragapult
|-damage|p1a: Rillaboom|91/100|[from] item: Life Orb
|
|-heal|p1a: Rillaboom|97/100|[from] Grassy Terrain
|-fieldend|move: Grassy Terrain
|upkeep
|
|t:|1769305567
|switch|p2a: Dragonite|Dragonite, F|100/100
|turn|6
|
|t:|1769305577
|switch|p1a: Alomomola|Alomomola, M, shiny|96/100 brn
|move|p2a: Dragonite|Fire Punch|p1a: Alomomola
|-resisted|p1a: Alomomola
|-damage|p1a: Alomomola|82/100 brn
|
|-damage|p1a: Alomomola|76/100 brn|[from] brn
|upkeep
|turn|7
|
|t:|1769305590
|switch|p2a: Scizor|Scizor, M|100/100
|move|p1a: Alomomola|Tickle|p2a: Scizor
|-unboost|p2a: Scizor|atk|1
|-unboost|p2a: Scizor|def|1
|
|-damage|p1a: Alomomola|70/100 brn|[from] brn
|upkeep
|turn|8
|
|t:|1769305607
|move|p2a: Scizor|Swords Dance|p2a: Scizor
|-boost|p2a: Scizor|atk|2
|move|p1a: Alomomola|Flip Turn|p2a: Scizor
|-damage|p2a: Scizor|88/100
|
|t:|1769305614
|switch|p1a: Cinderace|Cinderace, F|100/100|[from] Flip Turn
|
|upkeep
|turn|9
|
|t:|1769305629
|switch|p2a: Tyranitar|Tyranitar, F|100/100
|-weather|Sandstorm|[from] ability: Sand Stream|[of] p2a: Tyranitar
|move|p1a: Cinderace|Pyro Ball|p2a: Tyranitar|[miss]
|-miss|p1a: Cinderace|p2a: Tyranitar
|
|-weather|Sandstorm|[upkeep]
|-damage|p1a: Cinderace|95/100|[from] Sandstorm
|upkeep
|turn|10
|
|t:|1769305640
|-terastallize|p2a: Tyranitar|Flying
|move|p1a: Cinderace|High Jump Kick|p2a: Tyranitar
|-start|p1a: Cinderace|typechange|Fighting|[from] ability: Libero
|-resisted|p2a: Tyranitar
|-damage|p2a: Tyranitar|77/100
|move|p2a: Tyranitar|Earthquake|p1a: Cinderace
|-damage|p1a: Cinderace|38/100
|
|-weather|Sandstorm|[upkeep]
|-damage|p1a: Cinderace|32/100|[from] Sandstorm
|-damage|p2a: Tyranitar|71/100|[from] Sandstorm
|upkeep
|turn|11
|
|t:|1769305656
|move|p1a: Cinderace|U-turn|p2a: Tyranitar
|-resisted|p2a: Tyranitar
|-damage|p2a: Tyranitar|62/100
|
|t:|1769305659
|switch|p1a: Alomomola|Alomomola, M, shiny|100/100 brn|[from] U-turn
|move|p2a: Tyranitar|Stealth Rock|p1a: Alomomola
|-sidestart|p1: Captain Brusin'|move: Stealth Rock
|
|-weather|Sandstorm|[upkeep]
|-damage|p2a: Tyranitar|56/100|[from] Sandstorm
|-damage|p1a: Alomomola|94/100 brn|[from] Sandstorm
|-damage|p1a: Alomomola|88/100 brn|[from] brn
|upkeep
|turn|12
|
|t:|1769305673
|move|p2a: Tyranitar|Knock Off|p1a: Alomomola
|-damage|p1a: Alomomola|56/100 brn
|-enditem|p1a: Alomomola|Heavy-Duty Boots|[from] move: Knock Off|[of] p2a: Tyranitar
|move|p1a: Alomomola|Wish|p1a: Alomomola
|
|-weather|Sandstorm|[upkeep]
|-damage|p2a: Tyranitar|50/100|[from] Sandstorm
|-damage|p1a: Alomomola|50/100 brn|[from] Sandstorm
|-damage|p1a: Alomomola|44/100 brn|[from] brn
|upkeep
|turn|13
|
|t:|1769305692
|switch|p2a: Scizor|Scizor, M|88/100
|move|p1a: Alomomola|Protect||[still]
|-fail|p1a: Alomomola
|
|-weather|none
|-heal|p1a: Alomomola|94/100 brn|[from] move: Wish|[wisher] Alomomola
|-damage|p1a: Alomomola|88/100 brn|[from] brn
|upkeep
|turn|14
|
|t:|1769305703
|move|p2a: Scizor|Swords Dance|p2a: Scizor
|-boost|p2a: Scizor|atk|2
|move|p1a: Alomomola|Flip Turn|p2a: Scizor
|-damage|p2a: Scizor|80/100
|
|t:|1769305711
|switch|p1a: Heatran|Heatran, M, shiny|100/100|[from] Flip Turn
|-damage|p1a: Heatran|88/100|[from] Stealth Rock
|
|-heal|p1a: Heatran|94/100|[from] item: Leftovers
|upkeep
|turn|15
|
|t:|1769305721
|switch|p2a: Tyranitar|Tyranitar, F, tera:Flying|50/100
|-weather|Sandstorm|[from] ability: Sand Stream|[of] p2a: Tyranitar
|move|p1a: Heatran|Magma Storm|p2a: Tyranitar
|-damage|p2a: Tyranitar|11/100
|-activate|p2a: Tyranitar|move: Magma Storm|[of] p1a: Heatran
|
|-weather|Sandstorm|[upkeep]
|-damage|p2a: Tyranitar|4/100|[from] Sandstorm
|-heal|p1a: Heatran|100/100|[from] item: Leftovers
|-damage|p2a: Tyranitar|0 fnt|[from] move: Magma Storm|[partiallytrapped]
|faint|p2a: Tyranitar
|upkeep
|inactive|LYHtyt has 120 seconds left.
|
|t:|1769305748
|switch|p2a: Garchomp|Garchomp, M|100/100
|turn|16
|
|t:|1769305755
|switch|p1a: Alomomola|Alomomola, M, shiny|100/100 brn
|-damage|p1a: Alomomola|88/100 brn|[from] Stealth Rock
|move|p2a: Garchomp|Earthquake|p1a: Alomomola
|-damage|p1a: Alomomola|59/100 brn
|
|-weather|Sandstorm|[upkeep]
|-damage|p1a: Alomomola|52/100 brn|[from] Sandstorm
|-damage|p1a: Alomomola|46/100 brn|[from] brn
|upkeep
|turn|17
|
|t:|1769305768
|switch|p2a: Scizor|Scizor, M|80/100
|move|p1a: Alomomola|Flip Turn|p2a: Scizor
|-damage|p2a: Scizor|72/100
|
|t:|1769305772
|switch|p1a: Heatran|Heatran, M, shiny|100/100|[from] Flip Turn
|-damage|p1a: Heatran|88/100|[from] Stealth Rock
|
|-weather|Sandstorm|[upkeep]
|-heal|p1a: Heatran|94/100|[from] item: Leftovers
|upkeep
|turn|18
|
|t:|1769305784
|switch|p2a: Dragonite|Dragonite, F|100/100
|move|p1a: Heatran|Magma Storm|p2a: Dragonite|[miss]
|-miss|p1a: Heatran|p2a: Dragonite
|
|-weather|Sandstorm|[upkeep]
|-damage|p2a: Dragonite|94/100|[from] Sandstorm
|-heal|p1a: Heatran|100/100|[from] item: Leftovers
|upkeep
|turn|19
|
|t:|1769305803
|switch|p1a: Tornadus|Tornadus-Therian, M, shiny|48/100
|-damage|p1a: Tornadus|23/100|[from] Stealth Rock
|move|p2a: Dragonite|Outrage|p1a: Tornadus
|-damage|p1a: Tornadus|0 fnt
|faint|p1a: Tornadus
|
|-weather|none
|upkeep
|
|t:|1769305816
|switch|p1a: Cinderace|Cinderace, F|32/100
|turn|20
|
|t:|1769305828
|move|p1a: Cinderace|Court Change|p1a: Cinderace
|-start|p1a: Cinderace|typechange|Normal|[from] ability: Libero
|-swapsideconditions
|-activate|p1a: Cinderace|move: Court Change
|move|p2a: Dragonite|Outrage|p1a: Cinderace|[from] lockedmove
|-damage|p1a: Cinderace|0 fnt
|faint|p1a: Cinderace
|-start|p2a: Dragonite|confusion|[fatigue]
|
|upkeep
|
|t:|1769305836
|switch|p1a: Hydreigon|Hydreigon, M, shiny|100/100
|turn|21
|
|t:|1769305840
|move|p1a: Hydreigon|Dark Pulse|p2a: Dragonite
|-damage|p2a: Dragonite|37/100
|-activate|p2a: Dragonite|confusion
|move|p2a: Dragonite|Outrage|p1a: Hydreigon
|-supereffective|p1a: Hydreigon
|-damage|p1a: Hydreigon|0 fnt
|faint|p1a: Hydreigon
|
|upkeep
|
|t:|1769305847
|switch|p1a: Heatran|Heatran, M, shiny|100/100
|turn|22
|
|t:|1769305854
|-activate|p2a: Dragonite|confusion
|move|p2a: Dragonite|Outrage|p1a: Heatran|[from] lockedmove
|-resisted|p1a: Heatran
|-damage|p1a: Heatran|54/100
|move|p1a: Heatran|Magma Storm|p2a: Dragonite
|-resisted|p2a: Dragonite
|-damage|p2a: Dragonite|19/100
|-activate|p2a: Dragonite|move: Magma Storm|[of] p1a: Heatran
|
|-heal|p1a: Heatran|60/100|[from] item: Leftovers
|-damage|p2a: Dragonite|7/100|[from] move: Magma Storm|[partiallytrapped]
|upkeep
|turn|23
|
|t:|1769305865
|move|p1a: Heatran|Protect|p1a: Heatran
|-singleturn|p1a: Heatran|Protect
|-activate|p2a: Dragonite|confusion
|move|p2a: Dragonite|Outrage|p1a: Heatran|[from] lockedmove
|-activate|p1a: Heatran|move: Protect
|
|-heal|p1a: Heatran|66/100|[from] item: Leftovers
|-damage|p2a: Dragonite|0 fnt|[from] move: Magma Storm|[partiallytrapped]
|faint|p2a: Dragonite
|upkeep
|
|t:|1769305878
|switch|p2a: Garchomp|Garchomp, M|100/100
|-damage|p2a: Garchomp|94/100|[from] Stealth Rock
|turn|24
|
|t:|1769305885
|switch|p1a: Alomomola|Alomomola, M, shiny|80/100 brn
|move|p2a: Garchomp|Earthquake|p1a: Alomomola
|-damage|p1a: Alomomola|46/100 brn
|
|-damage|p1a: Alomomola|40/100 brn|[from] brn
|upkeep
|turn|25
|
|t:|1769305893
|move|p2a: Garchomp|Earthquake|p1a: Alomomola
|-damage|p1a: Alomomola|9/100 brn
|move|p1a: Alomomola|Flip Turn|p2a: Garchomp
|-crit|p2a: Garchomp
|-damage|p2a: Garchomp|82/100
|-damage|p1a: Alomomola|0 fnt|[from] ability: Rough Skin|[of] p2a: Garchomp
|faint|p1a: Alomomola
|
|upkeep
|
|t:|1769305896
|switch|p1a: Rillaboom|Rillaboom, M, shiny|97/100
|-fieldstart|move: Grassy Terrain|[from] ability: Grassy Surge|[of] p1a: Rillaboom
|turn|26
|
|t:|1769305911
|switch|p2a: Scizor|Scizor, M|72/100
|-damage|p2a: Scizor|60/100|[from] Stealth Rock
|switch|p1a: Heatran|Heatran, M, shiny|66/100
|
|-heal|p1a: Heatran|72/100|[from] Grassy Terrain
|-heal|p1a: Heatran|78/100|[from] item: Leftovers
|-heal|p2a: Scizor|66/100|[from] Grassy Terrain
|upkeep
|turn|27
|
|t:|1769305928
|switch|p2a: Garchomp|Garchomp, M|82/100
|-damage|p2a: Garchomp|75/100|[from] Stealth Rock
|move|p1a: Heatran|Magma Storm|p2a: Garchomp
|-resisted|p2a: Garchomp
|-damage|p2a: Garchomp|53/100
|-activate|p2a: Garchomp|move: Magma Storm|[of] p1a: Heatran
|
|-heal|p2a: Garchomp|59/100|[from] Grassy Terrain
|-heal|p1a: Heatran|85/100|[from] Grassy Terrain
|-heal|p1a: Heatran|91/100|[from] item: Leftovers
|-damage|p2a: Garchomp|47/100|[from] move: Magma Storm|[partiallytrapped]
|upkeep
|turn|28
|
|t:|1769305948
|switch|p1a: Rillaboom|Rillaboom, M, shiny|97/100
|move|p2a: Garchomp|Earthquake|p1a: Rillaboom
|-resisted|p1a: Rillaboom
|-damage|p1a: Rillaboom|83/100
|
|-heal|p2a: Garchomp|53/100|[from] Grassy Terrain
|-heal|p1a: Rillaboom|90/100|[from] Grassy Terrain
|-end|p2a: Garchomp|Magma Storm|[partiallytrapped]|[silent]
|upkeep
|turn|29
|
|t:|1769305969
|switch|p2a: Scizor|Scizor, M|66/100
|-damage|p2a: Scizor|53/100|[from] Stealth Rock
|move|p1a: Rillaboom|Swords Dance|p1a: Rillaboom
|-boost|p1a: Rillaboom|atk|2
|
|-heal|p1a: Rillaboom|96/100|[from] Grassy Terrain
|-heal|p2a: Scizor|60/100|[from] Grassy Terrain
|upkeep
|turn|30
|
|t:|1769305982
|-terastallize|p1a: Rillaboom|Fighting
|move|p1a: Rillaboom|Low Kick|p2a: Scizor
|-damage|p2a: Scizor|0 fnt
|faint|p2a: Scizor
|-damage|p1a: Rillaboom|86/100|[from] item: Life Orb
|
|-heal|p1a: Rillaboom|92/100|[from] Grassy Terrain
|-fieldend|move: Grassy Terrain
|upkeep
|
|t:|1769305993
|switch|p2a: Salamence|Salamence, F|100/100
|-damage|p2a: Salamence|75/100|[from] Stealth Rock
|turn|31
|
|t:|1769306003
|switch|p1a: Heatran|Heatran, M, shiny|91/100
|move|p2a: Salamence|Dual Wingbeat|p1a: Heatran
|-resisted|p1a: Heatran
|-damage|p1a: Heatran|80/100
|-resisted|p1a: Heatran
|-damage|p1a: Heatran|69/100
|-hitcount|p1a: Heatran|2
|-damage|p2a: Salamence|66/100|[from] item: Life Orb
|
|-heal|p1a: Heatran|75/100|[from] item: Leftovers
|upkeep
|turn|32
|
|t:|1769306021
|switch|p1a: Rillaboom|Rillaboom, M, shiny, tera:Fighting|92/100
|-fieldstart|move: Grassy Terrain|[from] ability: Grassy Surge|[of] p1a: Rillaboom
|move|p2a: Salamence|Earthquake|p1a: Rillaboom
|-damage|p1a: Rillaboom|67/100
|-damage|p2a: Salamence|56/100|[from] item: Life Orb
|
|-heal|p1a: Rillaboom|73/100|[from] Grassy Terrain
|upkeep
|turn|33
|
|t:|1769306032
|switch|p1a: Heatran|Heatran, M, shiny|75/100
|move|p2a: Salamence|Dual Wingbeat|p1a: Heatran
|-resisted|p1a: Heatran
|-damage|p1a: Heatran|64/100
|-resisted|p1a: Heatran
|-damage|p1a: Heatran|52/100
|-hitcount|p1a: Heatran|2
|-damage|p2a: Salamence|46/100|[from] item: Life Orb
|
|-heal|p1a: Heatran|59/100|[from] Grassy Terrain
|-heal|p1a: Heatran|65/100|[from] item: Leftovers
|upkeep
|turn|34
|
|t:|1769306045
|move|p2a: Salamence|Dual Wingbeat|p1a: Heatran|[miss]
|-miss|p2a: Salamence|p1a: Heatran
|move|p1a: Heatran|Magma Storm|p2a: Salamence
|-resisted|p2a: Salamence
|-damage|p2a: Salamence|21/100
|-activate|p2a: Salamence|move: Magma Storm|[of] p1a: Heatran
|
|-heal|p1a: Heatran|71/100|[from] Grassy Terrain
|-heal|p1a: Heatran|77/100|[from] item: Leftovers
|-damage|p2a: Salamence|9/100|[from] move: Magma Storm|[partiallytrapped]
|upkeep
|turn|35
|
|t:|1769306057
|move|p1a: Heatran|Protect|p1a: Heatran
|-singleturn|p1a: Heatran|Protect
|move|p2a: Salamence|Earthquake|p1a: Heatran
|-activate|p1a: Heatran|move: Protect
|
|-heal|p1a: Heatran|83/100|[from] Grassy Terrain
|-heal|p1a: Heatran|90/100|[from] item: Leftovers
|-damage|p2a: Salamence|0 fnt|[from] move: Magma Storm|[partiallytrapped]
|faint|p2a: Salamence
|upkeep
|
|t:|1769306071
|switch|p2a: Garchomp|Garchomp, M|53/100
|-damage|p2a: Garchomp|47/100|[from] Stealth Rock
|turn|36
|
|t:|1769306078
|move|p2a: Garchomp|Outrage|p1a: Heatran
|-resisted|p1a: Heatran
|-damage|p1a: Heatran|63/100
|move|p1a: Heatran|Magma Storm|p2a: Garchomp
|-resisted|p2a: Garchomp
|-damage|p2a: Garchomp|23/100
|-activate|p2a: Garchomp|move: Magma Storm|[of] p1a: Heatran
|
|-heal|p2a: Garchomp|29/100|[from] Grassy Terrain
|-heal|p1a: Heatran|69/100|[from] Grassy Terrain
|-heal|p1a: Heatran|76/100|[from] item: Leftovers
|-damage|p2a: Garchomp|17/100|[from] move: Magma Storm|[partiallytrapped]
|-fieldend|move: Grassy Terrain
|upkeep
|turn|37
|
|t:|1769306092
|move|p2a: Garchomp|Outrage|p1a: Heatran|[from] lockedmove
|-resisted|p1a: Heatran
|-damage|p1a: Heatran|49/100
|move|p1a: Heatran|Flash Cannon|p2a: Garchomp
|-damage|p2a: Garchomp|0 fnt
|faint|p2a: Garchomp
|
|win|Captain Brusin'
|raw|Captain Brusin&apos;'s rating: 1146 &rarr; <strong>1168</strong><br />(+22 for winning)
|raw|LYHtyt's rating: 1107 &rarr; <strong>1085</strong><br />(-22 for losing)
|c|☆Captain Brusin'|Gg
