|j|☆Antimaverick1080
|j|☆Permanultimatum
|t:|1769384060
|gametype|singles
|player|p1|Antimaverick1080|eusine|1334
|player|p2|Permanultimatum|scientist-gen4|1327
|gen|9
|tier|[Gen 9] OU
|rated|
|rule|HP Percentage Mod: HP is shown in percentages
|rule|Endless Battle Clause: Forcing endless battles is banned
|rule|Species Clause: Limit one of each Pokémon
|rule|OHKO Clause: OHKO moves are banned
|rule|Evasion Items Clause: Evasion items are banned
|rule|Evasion Moves Clause: Evasion moves are banned
|rule|Evasion Abilities Clause: Evasion abilities are banned
|rule|Sleep Moves Clause: Sleep-inducing moves are banned
|clearpoke
|poke|p1|Ninetales-Alola, M|
|poke|p1|Jolteon, M|
|poke|p1|Ceruledge, M|
|poke|p1|Glastrier|
|poke|p1|Tornadus-Therian, M|
|poke|p1|Sandslash-Alola, M|
|poke|p2|Jirachi|
|poke|p2|Hydrapple, F|
|poke|p2|Hoopa-Unbound|
|poke|p2|Mandibuzz, F|
|poke|p2|Slither Wing|
|poke|p2|Rotom-Heat|
|teampreview
|c|☆Antimaverick1080|glhf
|
|t:|1769384078
|teamsize|p1|6
|teamsize|p2|6
|start
|switch|p1a: Foxtar|Ninetales-Alola, M|100/100
|switch|p2a: Jirachi|Jirachi|100/100
|-weather|Snowscape|[from] ability: Snow Warning|[of] p1a: Foxtar
|turn|1
|
|t:|1769384087
|switch|p1a: Saber|Ceruledge, M, shiny|100/100
|move|p2a: Jirachi|Doom Desire|p1a: Saber
|-start|p2a: Jirachi|Doom Desire
|
|-weather|Snowscape|[upkeep]
|upkeep
|turn|2
|
|t:|1769384097
|move|p2a: Jirachi|Psychic Noise|p1a: Saber
|-damage|p1a: Saber|66/100
|-damage|p2a: Jirachi|91/100|[from] item: Life Orb
|move|p1a: Saber|Bulk Up|p1a: Saber
|-boost|p1a: Saber|atk|1
|-boost|p1a: Saber|def|1
|
|-weather|Snowscape|[upkeep]
|upkeep
|turn|3
|
|t:|1769384123
|move|p1a: Saber|Shadow Sneak|p2a: Jirachi
|-supereffective|p2a: Jirachi
|-damage|p2a: Jirachi|36/100
|move|p2a: Jirachi|Encore|p1a: Saber
|-start|p1a: Saber|Encore
|
|-weather|Snowscape|[upkeep]
|-end|p1a: Saber|move: Doom Desire
|-resisted|p1a: Saber
|-damage|p1a: Saber|37/100
|-damage|p2a: Jirachi|26/100|[from] item: Life Orb
|upkeep
|turn|4
|
|t:|1769384148
|switch|p2a: Mandibuzz|Mandibuzz, F|100/100
|move|p1a: Saber|Shadow Sneak|p2a: Mandibuzz
|-resisted|p2a: Mandibuzz
|-damage|p2a: Mandibuzz|93/100
|
|-weather|Snowscape|[upkeep]
|upkeep
|turn|5
|
|t:|1769384152
|switch|p1a: Foxtar|Ninetales-Alola, M|100/100
|move|p2a: Mandibuzz|Foul Play|p1a: Foxtar
|-resisted|p1a: Foxtar
|-damage|p1a: Foxtar|93/100
|
|-weather|none
|upkeep
|turn|6
|
|t:|1769384159
|switch|p2a: Rotom|Rotom-Heat|100/100
|move|p1a: Foxtar|Moonblast|p2a: Rotom
|-resisted|p2a: Rotom
|-damage|p2a: Rotom|84/100
|-unboost|p2a: Rotom|spa|1
|
|upkeep
|turn|7
|
|t:|1769384166
|switch|p1a: Barry|Jolteon, M|100/100
|move|p2a: Rotom|Will-O-Wisp|p1a: Barry
|-status|p1a: Barry|brn
|
|-damage|p1a: Barry|95/100 brn|[from] brn
|upkeep
|turn|8
|
|t:|1769384174
|switch|p1a: Foxtar|Ninetales-Alola, M|93/100
|-weather|Snowscape|[from] ability: Snow Warning|[of] p1a: Foxtar
|move|p2a: Rotom|Pain Split|p1a: Foxtar
|-sethp|p1a: Foxtar|75/100|[from] move: Pain Split|[silent]
|-sethp|p2a: Rotom|100/100|[from] move: Pain Split
|
|-weather|Snowscape|[upkeep]
|upkeep
|turn|9
|
|t:|1769384182
|move|p1a: Foxtar|Aurora Veil|p1a: Foxtar
|-sidestart|p1: Antimaverick1080|move: Aurora Veil
|move|p2a: Rotom|Volt Switch|p1a: Foxtar
|-damage|p1a: Foxtar|66/100
|
|t:|1769384189
|switch|p2a: Jirachi|Jirachi|26/100|[from] Volt Switch
|
|-weather|Snowscape|[upkeep]
|upkeep
|turn|10
|
|t:|1769384198
|move|p1a: Foxtar|Moonblast|p2a: Jirachi
|-resisted|p2a: Jirachi
|-damage|p2a: Jirachi|13/100
|-unboost|p2a: Jirachi|spa|1
|move|p2a: Jirachi|Doom Desire|p1a: Foxtar
|-start|p2a: Jirachi|Doom Desire
|
|-weather|Snowscape|[upkeep]
|upkeep
|turn|11
|
|t:|1769384250
|switch|p2a: Rotom|Rotom-Heat|100/100
|move|p1a: Foxtar|Moonblast|p2a: Rotom
|-resisted|p2a: Rotom
|-damage|p2a: Rotom|81/100
|
|-weather|Snowscape|[upkeep]
|upkeep
|turn|12
|
|t:|1769384260
|switch|p1a: Sonic|Sandslash-Alola, M, shiny|100/100
|move|p2a: Rotom|Overheat|p1a: Sonic
|-supereffective|p1a: Sonic
|-damage|p1a: Sonic|0 fnt
|-unboost|p2a: Rotom|spa|2
|faint|p1a: Sonic
|
|-weather|none
|-hint|Doom Desire did not hit because the target is fainted.
|upkeep
|
|t:|1769384283
|switch|p1a: Foxtar|Ninetales-Alola, M|66/100
|-weather|Snowscape|[from] ability: Snow Warning|[of] p1a: Foxtar
|turn|13
|
|t:|1769384295
|switch|p1a: Saber|Ceruledge, M, shiny|37/100
|move|p2a: Rotom|Pain Split|p1a: Saber
|-sethp|p1a: Saber|46/100|[from] move: Pain Split|[silent]
|-sethp|p2a: Rotom|67/100|[from] move: Pain Split
|
|-weather|Snowscape|[upkeep]
|upkeep
|turn|14
|
|t:|1769384306
|switch|p1a: Barry|Jolteon, M|95/100 brn
|move|p2a: Rotom|Volt Switch|p1a: Barry
|-heal|p1a: Barry|100/100 brn|[from] ability: Volt Absorb|[of] p2a: Rotom
|
|-weather|Snowscape|[upkeep]
|-damage|p1a: Barry|95/100 brn|[from] brn
|upkeep
|turn|15
|
|t:|1769384339
|switch|p1a: Quan|Glastrier|100/100
|move|p2a: Rotom|Pain Split|p1a: Quan
|-sethp|p1a: Quan|70/100|[from] move: Pain Split|[silent]
|-sethp|p2a: Rotom|100/100|[from] move: Pain Split
|
|-weather|Snowscape|[upkeep]
|upkeep
|turn|16
|
|t:|1769384352
|switch|p1a: Saber|Ceruledge, M, shiny|46/100
|move|p2a: Rotom|Will-O-Wisp|p1a: Saber
|-start|p1a: Saber|ability: Flash Fire
|
|-weather|Snowscape|[upkeep]
|-sideend|p1: Antimaverick1080|move: Aurora Veil
|upkeep
|turn|17
|
|t:|1769384370
|-end|p1a: Saber|ability: Flash Fire|[silent]
|switch|p1a: Aeolus|Tornadus-Therian, M|100/100
|move|p2a: Rotom|Volt Switch|p1a: Aeolus
|-supereffective|p1a: Aeolus
|-damage|p1a: Aeolus|71/100
|
|t:|1769384383
|switch|p2a: Hydrapple|Hydrapple, F|100/100|[from] Volt Switch
|
|-weather|none
|upkeep
|turn|18
|
|t:|1769384397
|switch|p2a: Rotom|Rotom-Heat|100/100
|move|p1a: Aeolus|U-turn|p2a: Rotom
|-resisted|p2a: Rotom
|-damage|p2a: Rotom|91/100
|
|t:|1769384402
|switch|p1a: Foxtar|Ninetales-Alola, M|66/100|[from] U-turn
|-weather|Snowscape|[from] ability: Snow Warning|[of] p1a: Foxtar
|
|-weather|Snowscape|[upkeep]
|upkeep
|turn|19
|
|t:|1769384414
|move|p1a: Foxtar|Aurora Veil|p1a: Foxtar
|-sidestart|p1: Antimaverick1080|move: Aurora Veil
|move|p2a: Rotom|Overheat|p1a: Foxtar
|-supereffective|p1a: Foxtar
|-damage|p1a: Foxtar|12/100
|-unboost|p2a: Rotom|spa|2
|
|-weather|Snowscape|[upkeep]
|upkeep
|turn|20
|
|t:|1769384423
|switch|p1a: Barry|Jolteon, M|95/100 brn
|move|p2a: Rotom|Volt Switch|p1a: Barry
|-heal|p1a: Barry|100/100 brn|[from] ability: Volt Absorb|[of] p2a: Rotom
|
|-weather|Snowscape|[upkeep]
|-damage|p1a: Barry|95/100 brn|[from] brn
|upkeep
|turn|21
|
|t:|1769384435
|switch|p1a: Foxtar|Ninetales-Alola, M|12/100
|move|p2a: Rotom|Overheat|p1a: Foxtar
|-supereffective|p1a: Foxtar
|-damage|p1a: Foxtar|0 fnt
|-unboost|p2a: Rotom|spa|2
|faint|p1a: Foxtar
|
|-weather|Snowscape|[upkeep]
|upkeep
|
|t:|1769384452
|switch|p1a: Quan|Glastrier|70/100
|turn|22
|
|t:|1769384463
|move|p2a: Rotom|Will-O-Wisp|p1a: Quan
|-status|p1a: Quan|brn
|move|p1a: Quan|Swords Dance|p1a: Quan
|-boost|p1a: Quan|atk|2
|
|-weather|none
|-damage|p1a: Quan|64/100 brn|[from] brn
|upkeep
|turn|23
|
|t:|1769384479
|move|p2a: Rotom|Overheat|p1a: Quan
|-supereffective|p1a: Quan
|-damage|p1a: Quan|48/100 brn
|-unboost|p2a: Rotom|spa|2
|move|p1a: Quan|Icicle Crash|p2a: Rotom
|-resisted|p2a: Rotom
|-damage|p2a: Rotom|56/100
|
|-damage|p1a: Quan|42/100 brn|[from] brn
|upkeep
|turn|24
|
|t:|1769384497
|move|p2a: Rotom|Volt Switch|p1a: Quan
|-damage|p1a: Quan|39/100 brn
|
|t:|1769384500
|switch|p2a: Hoopa|Hoopa-Unbound|100/100|[from] Volt Switch
|move|p1a: Quan|Icicle Crash|p2a: Hoopa
|-damage|p2a: Hoopa|56/100
|
|-damage|p1a: Quan|33/100 brn|[from] brn
|upkeep
|turn|25
|
|t:|1769384525
|move|p2a: Hoopa|Drain Punch|p1a: Quan
|-supereffective|p1a: Quan
|-damage|p1a: Quan|11/100 brn
|-heal|p2a: Hoopa|68/100|[from] drain|[of] p1a: Quan
|-damage|p2a: Hoopa|58/100|[from] item: Life Orb
|move|p1a: Quan|Icicle Crash|p2a: Hoopa
|-damage|p2a: Hoopa|7/100
|
|-damage|p1a: Quan|5/100 brn|[from] brn
|upkeep
|turn|26
|
|t:|1769384553
|switch|p1a: Saber|Ceruledge, M, shiny|46/100
|move|p2a: Hoopa|Future Sight|p1a: Saber
|-start|p2a: Hoopa|move: Future Sight
|
|-sideend|p1: Antimaverick1080|move: Aurora Veil
|upkeep
|turn|27
|
|t:|1769384562
|move|p1a: Saber|Shadow Sneak|p2a: Hoopa
|-damage|p2a: Hoopa|0 fnt
|faint|p2a: Hoopa
|
|upkeep
|
|t:|1769384575
|switch|p2a: Jirachi|Jirachi|13/100
|turn|28
|
|t:|1769384584
|switch|p2a: Mandibuzz|Mandibuzz, F|93/100
|switch|p1a: Aeolus|Tornadus-Therian, M|100/100
|
|-end|p1a: Aeolus|move: Future Sight
|-damage|p1a: Aeolus|32/100
|upkeep
|turn|29
|
|t:|1769384593
|switch|p1a: Barry|Jolteon, M|95/100 brn
|switch|p2a: Rotom|Rotom-Heat|56/100
|
|-damage|p1a: Barry|89/100 brn|[from] brn
|upkeep
|turn|30
|
|t:|1769384622
|switch|p1a: Saber|Ceruledge, M, shiny|46/100
|move|p2a: Rotom|Pain Split|p1a: Saber
|-sethp|p1a: Saber|42/100|[from] move: Pain Split|[silent]
|-sethp|p2a: Rotom|61/100|[from] move: Pain Split
|
|upkeep
|turn|31
|inactive|Battle timer is ON: inactive players will automatically lose when time's up. (requested by Antimaverick1080)
|
|t:|1769384737
|move|p2a: Rotom|Volt Switch|p1a: Saber
|-damage|p1a: Saber|21/100
|
|t:|1769384741
|switch|p2a: Mandibuzz|Mandibuzz, F|93/100|[from] Volt Switch
|move|p1a: Saber|Bitter Blade|p2a: Mandibuzz
|-damage|p2a: Mandibuzz|73/100
|-heal|p1a: Saber|33/100|[from] drain|[of] p2a: Mandibuzz
|
|upkeep
|turn|32
|
|t:|1769384755
|switch|p1a: Aeolus|Tornadus-Therian, M|65/100
|switch|p2a: Rotom|Rotom-Heat|61/100
|
|upkeep
|turn|33
|
|t:|1769384764
|move|p1a: Aeolus|Knock Off|p2a: Rotom
|-damage|p2a: Rotom|34/100
|-enditem|p2a: Rotom|Heavy-Duty Boots|[from] move: Knock Off|[of] p1a: Aeolus
|move|p2a: Rotom|Pain Split|p1a: Aeolus
|-sethp|p1a: Aeolus|44/100|[from] move: Pain Split|[silent]
|-sethp|p2a: Rotom|66/100|[from] move: Pain Split
|
|upkeep
|turn|34
|
|t:|1769384774
|switch|p1a: Barry|Jolteon, M|89/100 brn
|move|p2a: Rotom|Overheat|p1a: Barry|[miss]
|-miss|p2a: Rotom|p1a: Barry
|
|-damage|p1a: Barry|83/100 brn|[from] brn
|upkeep
|turn|35
|
|t:|1769384785
|switch|p1a: Saber|Ceruledge, M, shiny|33/100
|move|p2a: Rotom|Volt Switch|p1a: Saber
|-damage|p1a: Saber|8/100
|
|t:|1769384801
|switch|p2a: Slither Wing|Slither Wing|100/100|[from] Volt Switch
|
|upkeep
|turn|36
|
|t:|1769384813
|switch|p1a: Aeolus|Tornadus-Therian, M|77/100
|-terastallize|p2a: Slither Wing|Bug
|move|p2a: Slither Wing|First Impression|p1a: Aeolus
|-resisted|p1a: Aeolus
|-damage|p1a: Aeolus|19/100
|
|upkeep
|turn|37
|
|t:|1769384828
|-end|p2a: Slither Wing|Protosynthesis|[silent]
|switch|p2a: Hydrapple|Hydrapple, F|100/100
|move|p1a: Aeolus|U-turn|p2a: Hydrapple
|-supereffective|p2a: Hydrapple
|-damage|p2a: Hydrapple|80/100
|
|t:|1769384835
|switch|p1a: Saber|Ceruledge, M, shiny|8/100|[from] U-turn
|
|upkeep
|turn|38
|
|t:|1769384841
|move|p1a: Saber|Bitter Blade|p2a: Hydrapple
|-damage|p2a: Hydrapple|54/100
|-heal|p1a: Saber|23/100|[from] drain|[of] p2a: Hydrapple
|move|p2a: Hydrapple|Earth Power|p1a: Saber
|-supereffective|p1a: Saber
|-damage|p1a: Saber|0 fnt
|faint|p1a: Saber
|
|upkeep
|
|t:|1769384846
|switch|p1a: Aeolus|Tornadus-Therian, M|52/100
|turn|39
|
|t:|1769384854
|move|p1a: Aeolus|Bleakwind Storm|p2a: Hydrapple
|-supereffective|p2a: Hydrapple
|-damage|p2a: Hydrapple|1/100
|-unboost|p2a: Hydrapple|spe|1
|move|p2a: Hydrapple|Draco Meteor|p1a: Aeolus
|-damage|p1a: Aeolus|0 fnt
|-unboost|p2a: Hydrapple|spa|2
|faint|p1a: Aeolus
|
|upkeep
|
|t:|1769384864
|switch|p1a: Barry|Jolteon, M|83/100 brn
|turn|40
|
|t:|1769384879
|switch|p2a: Rotom|Rotom-Heat|66/100
|move|p1a: Barry|Thunderbolt|p2a: Rotom
|-resisted|p2a: Rotom
|-damage|p2a: Rotom|39/100
|
|-damage|p1a: Barry|77/100 brn|[from] brn
|upkeep
|turn|41
|
|t:|1769384889
|move|p1a: Barry|Thunderbolt|p2a: Rotom
|-resisted|p2a: Rotom
|-damage|p2a: Rotom|11/100
|move|p2a: Rotom|Overheat|p1a: Barry
|-damage|p1a: Barry|4/100 brn
|-unboost|p2a: Rotom|spa|2
|
|-damage|p1a: Barry|0 fnt|[from] brn
|faint|p1a: Barry
|upkeep
|
|t:|1769384892
|switch|p1a: Quan|Glastrier|5/100 brn
|turn|42
|
|t:|1769384895
|move|p2a: Rotom|Volt Switch|p1a: Quan
|-damage|p1a: Quan|0 fnt
|faint|p1a: Quan
|
|win|Permanultimatum
|raw|Antimaverick1080's rating: 1334 &rarr; <strong>1314</strong><br />(-20 for losing)
|raw|Permanultimatum's rating: 1327 &rarr; <strong>1347</strong><br />(+20 for winning)
|c|☆Antimaverick1080|ggwp
|c|☆Permanultimatum|gg
|l|☆Antimaverick1080
|player|p1|
