|j|☆kliririrkr.jkjjjj
|j|☆levi6969
|t:|1769371993
|gametype|singles
|player|p1|kliririrkr.jkjjjj|az|1136
|player|p2|levi6969|265|1121
|gen|9
|tier|[Gen 9] OU
|rated|
|rule|HP Percentage Mod: HP is shown in percentages
|rule|Endless Battle Clause: Forcing endless battles is banned
|rule|Species Clause: Limit one of each Pokémon
|rule|OHKO Clause: OHKO moves are banned
|rule|Evasion Items Clause: Evasion items are banned
|rule|Evasion Moves Clause: Evasion moves are banned
|rule|Evasion Abilities Clause: Evasion abilities are banned
|rule|Sleep Moves Clause: Sleep-inducing moves are banned
|clearpoke
|poke|p1|Iron Crown|
|poke|p1|Samurott-Hisui, M|
|poke|p1|Zapdos|
|poke|p1|Dragapult, M|
|poke|p1|Great Tusk|
|poke|p1|Iron Boulder|
|poke|p2|Vigoroth, F|
|poke|p2|Drifblim, M|
|poke|p2|Ting-Lu|
|poke|p2|Clefable, M|
|poke|p2|Cobalion|
|poke|p2|Slowking-Galar, F|
|teampreview
|inactive|Battle timer is ON: inactive players will automatically lose when time's up. (requested by kliririrkr.jkjjjj)
|
|t:|1769372008
|teamsize|p1|6
|teamsize|p2|6
|start
|switch|p1a: Revery|Iron Boulder|100/100
|switch|p2a: Ting-Lu|Ting-Lu|100/100
|-ability|p2a: Ting-Lu|Vessel of Ruin
|-enditem|p1a: Revery|Booster Energy
|-activate|p1a: Revery|ability: Quark Drive|[fromitem]
|-start|p1a: Revery|quarkdrivespe
|turn|1
|
|t:|1769372023
|move|p1a: Revery|Swords Dance|p1a: Revery
|-boost|p1a: Revery|atk|2
|move|p2a: Ting-Lu|Earthquake|p1a: Revery
|-supereffective|p1a: Revery
|-damage|p1a: Revery|5/100
|
|upkeep
|turn|2
|
|t:|1769372031
|switch|p2a: Cobalion|Cobalion, shiny|100/100
|move|p1a: Revery|Close Combat|p2a: Cobalion
|-supereffective|p2a: Cobalion
|-damage|p2a: Cobalion|0 fnt
|-unboost|p1a: Revery|def|1
|-unboost|p1a: Revery|spd|1
|-damage|p1a: Revery|0 fnt|[from] item: Rocky Helmet|[of] p2a: Cobalion
|faint|p2a: Cobalion
|faint|p1a: Revery
|-end|p1a: Revery|Quark Drive|[silent]
|
|upkeep
|inactive|kliririrkr.jkjjjj has 120 seconds left.
|
|t:|1769372064
|switch|p1a: Hurikan|Zapdos|100/100
|switch|p2a: Clefable|Clefable, M, shiny|100/100
|turn|3
|inactive|kliririrkr.jkjjjj has 120 seconds left.
|
|t:|1769372080
|move|p1a: Hurikan|Discharge|p2a: Clefable
|-damage|p2a: Clefable|68/100
|move|p2a: Clefable|Moonblast|p1a: Hurikan
|-damage|p1a: Hurikan|72/100
|
|upkeep
|turn|4
|inactive|kliririrkr.jkjjjj has 120 seconds left.
|
|t:|1769372093
|switch|p2a: Ting-Lu|Ting-Lu|100/100
|-ability|p2a: Ting-Lu|Vessel of Ruin
|move|p1a: Hurikan|Discharge|p2a: Ting-Lu
|-immune|p2a: Ting-Lu
|
|upkeep
|turn|5
|
|t:|1769372097
|move|p1a: Hurikan|U-turn|p2a: Ting-Lu
|-supereffective|p2a: Ting-Lu
|-damage|p2a: Ting-Lu|85/100
|
|t:|1769372106
|switch|p1a: Parasite|Dragapult, M|100/100|[from] U-turn
|move|p2a: Ting-Lu|Spikes|p1a: Parasite
|-sidestart|p1: kliririrkr.jkjjjj|Spikes
|
|-heal|p2a: Ting-Lu|92/100|[from] item: Leftovers
|upkeep
|turn|6
|inactive|kliririrkr.jkjjjj has 120 seconds left.
|
|t:|1769372129
|move|p1a: Parasite|U-turn|p2a: Ting-Lu
|-supereffective|p2a: Ting-Lu
|-damage|p2a: Ting-Lu|55/100
|inactive|kliririrkr.jkjjjj has 90 seconds left.
|
|t:|1769372186
|switch|p1a: Hurikan|Zapdos|72/100|[from] U-turn
|move|p2a: Ting-Lu|Spikes|p1a: Hurikan
|-sidestart|p1: kliririrkr.jkjjjj|Spikes
|
|-heal|p2a: Ting-Lu|62/100|[from] item: Leftovers
|upkeep
|turn|7
|
|t:|1769372193
|move|p1a: Hurikan|U-turn|p2a: Ting-Lu
|-supereffective|p2a: Ting-Lu
|-damage|p2a: Ting-Lu|46/100
|inactive|kliririrkr.jkjjjj has 60 seconds left.
|
|t:|1769372222
|switch|p1a: Pump It|Great Tusk|100/100|[from] U-turn
|move|p2a: Ting-Lu|Spikes|p1a: Pump It
|-sidestart|p1: kliririrkr.jkjjjj|Spikes
|
|-heal|p2a: Ting-Lu|52/100|[from] item: Leftovers
|upkeep
|turn|8
|inactive|kliririrkr.jkjjjj has 60 seconds left.
|
|t:|1769372227
|switch|p2a: Drifblim|Drifblim, M, shiny|100/100
|move|p1a: Pump It|Rapid Spin|p2a: Drifblim
|-immune|p2a: Drifblim
|
|upkeep
|turn|9
|
|t:|1769372232
|move|p1a: Pump It|Ice Spinner|p2a: Drifblim
|-supereffective|p2a: Drifblim
|-damage|p2a: Drifblim|51/100
|move|p2a: Drifblim|Will-O-Wisp|p1a: Pump It
|-status|p1a: Pump It|brn
|
|-damage|p1a: Pump It|94/100 brn|[from] brn
|upkeep
|turn|10
|
|t:|1769372240
|move|p1a: Pump It|Stealth Rock|p2a: Drifblim
|-sidestart|p2: levi6969|move: Stealth Rock
|move|p2a: Drifblim|Strength Sap|p1a: Pump It
|-unboost|p1a: Pump It|atk|1
|-heal|p2a: Drifblim|100/100
|
|-damage|p1a: Pump It|88/100 brn|[from] brn
|upkeep
|turn|11
|
|t:|1769372247
|-end|p1a: Pump It|Protosynthesis|[silent]
|switch|p1a: Parasite|Dragapult, M|100/100
|-damage|p1a: Parasite|76/100|[from] Spikes
|move|p2a: Drifblim|Will-O-Wisp|p1a: Parasite
|-status|p1a: Parasite|brn
|
|-damage|p1a: Parasite|70/100 brn|[from] brn
|upkeep
|turn|12
|
|t:|1769372256
|move|p1a: Parasite|Dragon Darts|p2a: Drifblim
|-damage|p2a: Drifblim|84/100
|-anim|p1a: Parasite|Dragon Darts|p2a: Drifblim
|-damage|p2a: Drifblim|68/100
|move|p2a: Drifblim|Strength Sap|p1a: Parasite
|-fail|p1a: Parasite|unboost|[from] ability: Clear Body|[of] p1a: Parasite
|-heal|p2a: Drifblim|100/100
|
|-damage|p1a: Parasite|64/100 brn|[from] brn
|upkeep
|turn|13
|
|t:|1769372264
|move|p1a: Parasite|Dragon Darts|p2a: Drifblim
|-damage|p2a: Drifblim|84/100
|-anim|p1a: Parasite|Dragon Darts|p2a: Drifblim
|-damage|p2a: Drifblim|68/100
|move|p2a: Drifblim|Strength Sap|p1a: Parasite
|-fail|p1a: Parasite|unboost|[from] ability: Clear Body|[of] p1a: Parasite
|-heal|p2a: Drifblim|100/100
|
|-damage|p1a: Parasite|58/100 brn|[from] brn
|upkeep
|turn|14
|
|t:|1769372270
|move|p1a: Parasite|Dragon Darts|p2a: Drifblim
|-damage|p2a: Drifblim|86/100
|-anim|p1a: Parasite|Dragon Darts|p2a: Drifblim
|-damage|p2a: Drifblim|70/100
|move|p2a: Drifblim|Strength Sap|p1a: Parasite
|-fail|p1a: Parasite|unboost|[from] ability: Clear Body|[of] p1a: Parasite
|-heal|p2a: Drifblim|100/100
|
|-damage|p1a: Parasite|52/100 brn|[from] brn
|upkeep
|turn|15
|
|t:|1769372275
|move|p1a: Parasite|Dragon Darts|p2a: Drifblim
|-damage|p2a: Drifblim|86/100
|-anim|p1a: Parasite|Dragon Darts|p2a: Drifblim
|-damage|p2a: Drifblim|70/100
|move|p2a: Drifblim|Strength Sap|p1a: Parasite
|-fail|p1a: Parasite|unboost|[from] ability: Clear Body|[of] p1a: Parasite
|-heal|p2a: Drifblim|100/100
|
|-damage|p1a: Parasite|46/100 brn|[from] brn
|upkeep
|turn|16
|
|t:|1769372277
|move|p1a: Parasite|Dragon Darts|p2a: Drifblim
|-damage|p2a: Drifblim|85/100
|-anim|p1a: Parasite|Dragon Darts|p2a: Drifblim
|-damage|p2a: Drifblim|69/100
|move|p2a: Drifblim|Strength Sap|p1a: Parasite
|-fail|p1a: Parasite|unboost|[from] ability: Clear Body|[of] p1a: Parasite
|-heal|p2a: Drifblim|100/100
|
|-damage|p1a: Parasite|40/100 brn|[from] brn
|upkeep
|turn|17
|-message|kliririrkr.jkjjjj forfeited.
|
|win|levi6969
|raw|kliririrkr.jkjjjj's rating: 1136 &rarr; <strong>1110</strong><br />(-26 for losing)
|raw|levi6969's rating: 1121 &rarr; <strong>1147</strong><br />(+26 for winning)
|l|☆kliririrkr.jkjjjj
|player|p1|
