|j|☆Hgfhhfghfff
|j|☆Mca player 11
|t:|1769336711
|gametype|singles
|player|p1|Hgfhhfghfff|lucas|1626
|player|p2|Mca player 11|lucas|1655
|gen|9
|tier|[Gen 9] OU
|rated|
|rule|HP Percentage Mod: HP is shown in percentages
|rule|Endless Battle Clause: Forcing endless battles is banned
|rule|Species Clause: Limit one of each Pokémon
|rule|OHKO Clause: OHKO moves are banned
|rule|Evasion Items Clause: Evasion items are banned
|rule|Evasion Moves Clause: Evasion moves are banned
|rule|Evasion Abilities Clause: Evasion abilities are banned
|rule|Sleep Moves Clause: Sleep-inducing moves are banned
|clearpoke
|poke|p1|Scream Tail|
|poke|p1|Iron Hands|
|poke|p1|Talonflame, M|
|poke|p1|Latios, M|
|poke|p1|Ursaluna, M|
|poke|p1|Mabosstiff, F|
|poke|p2|Walking Wake|
|poke|p2|Ninetales, F|
|poke|p2|Lilligant-Hisui, F|
|poke|p2|Cresselia, F|
|poke|p2|Iron Moth|
|poke|p2|Great Tusk|
|teampreview
|inactive|Battle timer is ON: inactive players will automatically lose when time's up. (requested by Hgfhhfghfff)
|
|t:|1769336724
|teamsize|p1|6
|teamsize|p2|6
|start
|switch|p1a: Mabosstiff|Mabosstiff, F|100/100
|switch|p2a: Ninetales|Ninetales, F, shiny|100/100
|-weather|SunnyDay|[from] ability: Drought|[of] p2a: Ninetales
|turn|1
|
|t:|1769336730
|move|p2a: Ninetales|Will-O-Wisp|p1a: Mabosstiff
|-status|p1a: Mabosstiff|brn
|move|p1a: Mabosstiff|Jaw Lock|p2a: Ninetales
|-damage|p2a: Ninetales|79/100
|-activate|p1a: Mabosstiff|trapped
|-activate|p2a: Ninetales|trapped
|
|-weather|SunnyDay|[upkeep]
|-damage|p1a: Mabosstiff|94/100 brn|[from] brn
|upkeep
|turn|2
|j| Sergay_Is_Straight
|
|t:|1769336737
|move|p2a: Ninetales|Encore|p1a: Mabosstiff
|-start|p1a: Mabosstiff|Encore
|move|p1a: Mabosstiff|Jaw Lock|p2a: Ninetales
|-damage|p2a: Ninetales|58/100
|
|-weather|SunnyDay|[upkeep]
|-heal|p1a: Mabosstiff|100/100 brn|[from] item: Leftovers
|-damage|p1a: Mabosstiff|94/100 brn|[from] brn
|upkeep
|turn|3
|
|t:|1769336740
|move|p2a: Ninetales|Overheat|p1a: Mabosstiff|[miss]
|-miss|p2a: Ninetales|p1a: Mabosstiff
|move|p1a: Mabosstiff|Jaw Lock|p2a: Ninetales
|-damage|p2a: Ninetales|36/100
|
|-weather|SunnyDay|[upkeep]
|-heal|p1a: Mabosstiff|100/100 brn|[from] item: Leftovers
|-damage|p1a: Mabosstiff|94/100 brn|[from] brn
|upkeep
|turn|4
|
|t:|1769336744
|move|p2a: Ninetales|Overheat|p1a: Mabosstiff
|-damage|p1a: Mabosstiff|46/100 brn
|-unboost|p2a: Ninetales|spa|2
|move|p1a: Mabosstiff|Jaw Lock|p2a: Ninetales
|-damage|p2a: Ninetales|16/100
|
|-weather|SunnyDay|[upkeep]
|-heal|p1a: Mabosstiff|52/100 brn|[from] item: Leftovers
|-damage|p1a: Mabosstiff|46/100 brn|[from] brn
|-end|p1a: Mabosstiff|Encore
|upkeep
|turn|5
|
|t:|1769336749
|move|p2a: Ninetales|Overheat|p1a: Mabosstiff|[miss]
|-miss|p2a: Ninetales|p1a: Mabosstiff
|move|p1a: Mabosstiff|Trailblaze|p2a: Ninetales
|-resisted|p2a: Ninetales
|-damage|p2a: Ninetales|12/100
|-boost|p1a: Mabosstiff|spe|1
|
|-weather|SunnyDay|[upkeep]
|-heal|p1a: Mabosstiff|52/100 brn|[from] item: Leftovers
|-damage|p1a: Mabosstiff|46/100 brn|[from] brn
|upkeep
|turn|6
|
|t:|1769336769
|move|p2a: Ninetales|Overheat|p1a: Mabosstiff
|-damage|p1a: Mabosstiff|21/100 brn
|-unboost|p2a: Ninetales|spa|2
|move|p1a: Mabosstiff|Rest|p1a: Mabosstiff
|-status|p1a: Mabosstiff|slp|[from] move: Rest
|-heal|p1a: Mabosstiff|100/100 slp|[silent]
|
|-weather|SunnyDay|[upkeep]
|upkeep
|turn|7
|
|t:|1769336779
|move|p2a: Ninetales|Encore|p1a: Mabosstiff
|-start|p1a: Mabosstiff|Encore
|cant|p1a: Mabosstiff|slp
|
|-weather|SunnyDay|[upkeep]
|upkeep
|turn|8
|
|t:|1769336784
|move|p2a: Ninetales|Will-O-Wisp||[still]
|-fail|p2a: Ninetales
|cant|p1a: Mabosstiff|slp
|
|-weather|none
|upkeep
|turn|9
|
|t:|1769336789
|move|p2a: Ninetales|Encore||[still]
|-fail|p2a: Ninetales
|-curestatus|p1a: Mabosstiff|slp|[msg]
|move|p1a: Mabosstiff|Rest|p1a: Mabosstiff
|-fail|p1a: Mabosstiff|heal
|
|-end|p1a: Mabosstiff|Encore
|upkeep
|turn|10
|
|t:|1769336793
|move|p2a: Ninetales|Encore|p1a: Mabosstiff
|-start|p1a: Mabosstiff|Encore
|move|p1a: Mabosstiff|Rest|p1a: Mabosstiff
|-fail|p1a: Mabosstiff|heal
|
|upkeep
|turn|11
|
|t:|1769336796
|move|p2a: Ninetales|Overheat|p1a: Mabosstiff
|-damage|p1a: Mabosstiff|88/100
|-unboost|p2a: Ninetales|spa|2
|move|p1a: Mabosstiff|Rest|p1a: Mabosstiff
|-status|p1a: Mabosstiff|slp|[from] move: Rest
|-heal|p1a: Mabosstiff|100/100 slp|[silent]
|
|upkeep
|turn|12
|
|t:|1769336802
|move|p2a: Ninetales|Overheat|p1a: Mabosstiff
|-damage|p1a: Mabosstiff|92/100 slp
|cant|p1a: Mabosstiff|slp
|
|-heal|p1a: Mabosstiff|98/100 slp|[from] item: Leftovers
|-end|p1a: Mabosstiff|Encore
|upkeep
|turn|13
|
|t:|1769336806
|move|p2a: Ninetales|Healing Wish|p2a: Ninetales
|faint|p2a: Ninetales
|cant|p1a: Mabosstiff|slp
|
|-heal|p1a: Mabosstiff|100/100 slp|[from] item: Leftovers
|upkeep
|l| Sergay_Is_Straight
|
|t:|1769336812
|switch|p2a: Lilligant|Lilligant-Hisui, F|100/100
|turn|14
|
|t:|1769336821
|switch|p1a: Talonflame|Talonflame, M|100/100
|switch|p2a: Walking Wake|Walking Wake|100/100
|
|upkeep
|turn|15
|
|t:|1769336827
|switch|p1a: Scream Tail|Scream Tail|100/100
|move|p2a: Walking Wake|Hydro Steam|p1a: Scream Tail
|-damage|p1a: Scream Tail|67/100
|
|-heal|p1a: Scream Tail|73/100|[from] item: Leftovers
|upkeep
|turn|16
|
|t:|1769336833
|-end|p2a: Walking Wake|Protosynthesis|[silent]
|switch|p2a: Cresselia|Cresselia, F|100/100
|move|p1a: Scream Tail|Wish|p1a: Scream Tail
|
|-heal|p1a: Scream Tail|79/100|[from] item: Leftovers
|upkeep
|turn|17
|
|t:|1769336837
|move|p2a: Cresselia|Thunder Wave|p1a: Scream Tail
|-status|p1a: Scream Tail|par
|move|p1a: Scream Tail|Trick Room|p1a: Scream Tail
|-fieldstart|move: Trick Room|[of] p1a: Scream Tail
|
|-heal|p1a: Scream Tail|100/100 par|[from] move: Wish|[wisher] Scream Tail
|upkeep
|turn|18
|
|t:|1769336842
|-end|p1a: Scream Tail|Protosynthesis|[silent]
|switch|p1a: Ursaluna|Ursaluna, M|100/100
|move|p2a: Cresselia|Ice Beam|p1a: Ursaluna
|-supereffective|p1a: Ursaluna
|-damage|p1a: Ursaluna|72/100
|-status|p1a: Ursaluna|frz
|
|upkeep
|turn|19
|
|t:|1769336847
|switch|p2a: Great Tusk|Great Tusk|100/100
|cant|p1a: Ursaluna|frz
|
|upkeep
|turn|20
|
|t:|1769336852
|switch|p1a: Talonflame|Talonflame, M|100/100
|move|p2a: Great Tusk|Stealth Rock|p1a: Talonflame
|-sidestart|p1: Hgfhhfghfff|move: Stealth Rock
|
|upkeep
|turn|21
|
|t:|1769336856
|move|p2a: Great Tusk|Head Smash|p1a: Talonflame
|-supereffective|p1a: Talonflame
|-damage|p1a: Talonflame|0 fnt
|faint|p1a: Talonflame
|-damage|p2a: Great Tusk|58/100|[from] Recoil
|
|-fieldend|move: Trick Room
|upkeep
|
|t:|1769336861
|switch|p1a: Mabosstiff|Mabosstiff, F|100/100 slp
|-damage|p1a: Mabosstiff|88/100 slp|[from] Stealth Rock
|turn|22
|
|t:|1769336870
|move|p2a: Great Tusk|Headlong Rush|p1a: Mabosstiff
|-damage|p1a: Mabosstiff|35/100 slp
|-unboost|p2a: Great Tusk|def|1
|-unboost|p2a: Great Tusk|spd|1
|-curestatus|p1a: Mabosstiff|slp|[msg]
|move|p1a: Mabosstiff|Curse|p1a: Mabosstiff
|-unboost|p1a: Mabosstiff|spe|1
|-boost|p1a: Mabosstiff|atk|1
|-boost|p1a: Mabosstiff|def|1
|
|-heal|p1a: Mabosstiff|41/100|[from] item: Leftovers
|upkeep
|turn|23
|
|t:|1769336885
|-terastallize|p1a: Mabosstiff|Ghost
|move|p2a: Great Tusk|Headlong Rush|p1a: Mabosstiff
|-damage|p1a: Mabosstiff|4/100
|-unboost|p2a: Great Tusk|def|1
|-unboost|p2a: Great Tusk|spd|1
|move|p1a: Mabosstiff|Rest|p1a: Mabosstiff
|-status|p1a: Mabosstiff|slp|[from] move: Rest
|-heal|p1a: Mabosstiff|100/100 slp|[silent]
|
|upkeep
|turn|24
|
|t:|1769336892
|move|p2a: Great Tusk|Headlong Rush|p1a: Mabosstiff
|-damage|p1a: Mabosstiff|68/100 slp
|-unboost|p2a: Great Tusk|def|1
|-unboost|p2a: Great Tusk|spd|1
|cant|p1a: Mabosstiff|slp
|
|-heal|p1a: Mabosstiff|74/100 slp|[from] item: Leftovers
|upkeep
|turn|25
|
|t:|1769336899
|-end|p2a: Great Tusk|Protosynthesis|[silent]
|switch|p2a: Walking Wake|Walking Wake|100/100
|cant|p1a: Mabosstiff|slp
|
|-heal|p1a: Mabosstiff|80/100 slp|[from] item: Leftovers
|upkeep
|turn|26
|
|t:|1769336906
|move|p2a: Walking Wake|Hydro Steam|p1a: Mabosstiff
|-damage|p1a: Mabosstiff|23/100 slp
|-curestatus|p1a: Mabosstiff|slp|[msg]
|move|p1a: Mabosstiff|Jaw Lock|p2a: Walking Wake
|-damage|p2a: Walking Wake|48/100
|-activate|p2a: Walking Wake|trapped
|
|-heal|p1a: Mabosstiff|29/100|[from] item: Leftovers
|upkeep
|turn|27
|
|t:|1769336917
|move|p2a: Walking Wake|Hydro Steam|p1a: Mabosstiff
|-damage|p1a: Mabosstiff|0 fnt
|faint|p1a: Mabosstiff
|
|upkeep
|
|t:|1769336920
|switch|p1a: Latios|Latios, M|100/100
|-damage|p1a: Latios|88/100|[from] Stealth Rock
|turn|28
|
|t:|1769336924
|-end|p2a: Walking Wake|Protosynthesis|[silent]
|switch|p2a: Cresselia|Cresselia, F|100/100
|move|p1a: Latios|Luster Purge|p2a: Cresselia
|-resisted|p2a: Cresselia
|-damage|p2a: Cresselia|84/100
|-unboost|p2a: Cresselia|spd|1
|-enditem|p2a: Cresselia|Eject Button
|
|t:|1769336928
|switch|p2a: Walking Wake|Walking Wake|48/100
|-heal|p2a: Walking Wake|100/100|[from] move: Healing Wish
|
|upkeep
|turn|29
|-message|Hgfhhfghfff forfeited.
|
|win|Mca player 11
|raw|Hgfhhfghfff's rating: 1626 &rarr; <strong>1608</strong><br />(-18 for losing)
|raw|Mca player 11's rating: 1655 &rarr; <strong>1673</strong><br />(+18 for winning)
|l|☆Hgfhhfghfff
|player|p1|
|l|☆Mca player 11
|player|p2|
