|j|☆llachiee
|j|☆bart111
|t:|1769296632
|gametype|singles
|player|p1|llachiee|1|1294
|player|p2|bart111|preschooler|1315
|gen|9
|tier|[Gen 9] OU
|rated|
|rule|HP Percentage Mod: HP is shown in percentages
|rule|Endless Battle Clause: Forcing endless battles is banned
|rule|Species Clause: Limit one of each Pokémon
|rule|OHKO Clause: OHKO moves are banned
|rule|Evasion Items Clause: Evasion items are banned
|rule|Evasion Moves Clause: Evasion moves are banned
|rule|Evasion Abilities Clause: Evasion abilities are banned
|rule|Sleep Moves Clause: Sleep-inducing moves are banned
|clearpoke
|poke|p1|Tinkaton, F|
|poke|p1|Ogerpon, F|
|poke|p1|Great Tusk|
|poke|p1|Pecharunt|
|poke|p1|Alomomola, M|
|poke|p1|Hydreigon, M|
|poke|p2|Araquanid, F|
|poke|p2|Zoroark-Hisui, M|
|poke|p2|Enamorus, F|
|poke|p2|Zamazenta-*|
|poke|p2|Iron Treads|
|poke|p2|Ogerpon-Wellspring, F|
|teampreview
|
|t:|1769296641
|teamsize|p1|6
|teamsize|p2|6
|start
|switch|p1a: Smile.exe|Tinkaton, F, shiny|100/100
|switch|p2a: Araquanid|Araquanid, F|100/100
|-item|p1a: Smile.exe|Air Balloon
|turn|1
|inactive|Battle timer is ON: inactive players will automatically lose when time's up. (requested by llachiee)
|
|t:|1769296648
|move|p1a: Smile.exe|Stealth Rock|p2a: Araquanid
|-sidestart|p2: bart111|move: Stealth Rock
|move|p2a: Araquanid|Sticky Web|p1a: Smile.exe
|-sidestart|p1: llachiee|move: Sticky Web
|
|upkeep
|turn|2
|
|t:|1769296669
|move|p1a: Smile.exe|Encore|p2a: Araquanid
|-start|p2a: Araquanid|Encore
|move|p2a: Araquanid|Sticky Web||[still]
|-fail|p2a: Araquanid
|
|upkeep
|turn|3
|c|☆llachiee|thank you!
|
|t:|1769296679
|switch|p1a: Anonymous|Ogerpon, F|100/100
|-activate|p1a: Anonymous|move: Sticky Web
|-unboost|p1a: Anonymous|spe|1
|-ability|p1a: Anonymous|Defiant|boost
|-boost|p1a: Anonymous|atk|2
|switch|p2a: Iron Treads|Iron Treads|100/100
|-damage|p2a: Iron Treads|97/100|[from] Stealth Rock
|-enditem|p2a: Iron Treads|Booster Energy
|-activate|p2a: Iron Treads|ability: Quark Drive|[fromitem]
|-start|p2a: Iron Treads|quarkdriveatk
|
|upkeep
|turn|4
|
|t:|1769296685
|-terastallize|p1a: Anonymous|Grass
|detailschange|p1a: Anonymous|Ogerpon-Teal-Tera, F, tera:Grass
|-ability|p1a: Anonymous|Embody Aspect (Teal)|boost
|-boost|p1a: Anonymous|spe|1
|move|p1a: Anonymous|Ivy Cudgel|p2a: Iron Treads
|-damage|p2a: Iron Treads|0 fnt
|faint|p2a: Iron Treads
|-end|p2a: Iron Treads|Quark Drive|[silent]
|
|upkeep
|
|t:|1769296715
|switch|p2a: Ogerpon|Ogerpon-Wellspring, F|100/100
|-damage|p2a: Ogerpon|88/100|[from] Stealth Rock
|turn|5
|
|t:|1769296721
|move|p1a: Anonymous|Ivy Cudgel|p2a: Ogerpon
|-damage|p2a: Ogerpon|0 fnt
|replace|p2a: Zoroark|Zoroark-Hisui, M
|-end|p2a: Zoroark|Illusion
|faint|p2a: Zoroark
|
|upkeep
|
|t:|1769296730
|switch|p2a: Zamazenta|Zamazenta|100/100
|-damage|p2a: Zamazenta|94/100|[from] Stealth Rock
|-ability|p2a: Zamazenta|Dauntless Shield|boost
|-boost|p2a: Zamazenta|def|1
|turn|6
|
|t:|1769296734
|move|p1a: Anonymous|Ivy Cudgel|p2a: Zamazenta
|-crit|p2a: Zamazenta
|-damage|p2a: Zamazenta|0 fnt
|faint|p2a: Zamazenta
|
|upkeep
|c|☆bart111|wow
|c|☆llachiee|i have choice band
|c|☆llachiee|+ 1017 attack stat
|c|☆llachiee|+ terra
|c|☆llachiee|+stab
|c|☆bart111|damn
|inactive|bart111 has 120 seconds left.
|c|☆llachiee|ya you cooked sorry
|c|☆bart111|insane
|-message|bart111 forfeited.
|
|win|llachiee
|raw|llachiee's rating: 1316 &rarr; <strong>1336</strong><br />(+20 for winning)
|raw|bart111's rating: 1315 &rarr; <strong>1295</strong><br />(-20 for losing)
|l|☆bart111
|player|p2|
