|j|☆ASRAyeetASRA
|j|☆habracadabrah
|t:|1769339420
|gametype|singles
|player|p1|ASRAyeetASRA|169|1230
|player|p2|habracadabrah|hugh|1239
|gen|9
|tier|[Gen 9] OU
|rated|
|rule|HP Percentage Mod: HP is shown in percentages
|rule|Endless Battle Clause: Forcing endless battles is banned
|rule|Species Clause: Limit one of each Pokémon
|rule|OHKO Clause: OHKO moves are banned
|rule|Evasion Items Clause: Evasion items are banned
|rule|Evasion Moves Clause: Evasion moves are banned
|rule|Evasion Abilities Clause: Evasion abilities are banned
|rule|Sleep Moves Clause: Sleep-inducing moves are banned
|clearpoke
|poke|p1|Raging Bolt|
|poke|p1|Gholdengo|
|poke|p1|Glimmora, F|
|poke|p1|Ting-Lu|
|poke|p1|Ogerpon-Wellspring, F|
|poke|p1|Clefable, F|
|poke|p2|Cacturne, M|
|poke|p2|Tyranitar, F|
|poke|p2|Umbreon, F|
|poke|p2|Weavile, F|
|poke|p2|Ninetales-Alola, M|
|poke|p2|Excadrill, F|
|teampreview
|inactive|Battle timer is ON: inactive players will automatically lose when time's up. (requested by ASRAyeetASRA)
|
|t:|1769339433
|teamsize|p1|6
|teamsize|p2|6
|start
|switch|p1a: Glimmora|Glimmora, F, shiny|100/100
|switch|p2a: Tyranitar|Tyranitar, F|100/100
|-weather|Sandstorm|[from] ability: Sand Stream|[of] p2a: Tyranitar
|turn|1
|
|t:|1769339443
|move|p1a: Glimmora|Stealth Rock|p2a: Tyranitar
|-sidestart|p2: habracadabrah|move: Stealth Rock
|move|p2a: Tyranitar|Earthquake|p1a: Glimmora
|-supereffective|p1a: Glimmora
|-enditem|p1a: Glimmora|Focus Sash
|-damage|p1a: Glimmora|1/100
|-activate|p1a: Glimmora|ability: Toxic Debris
|-sidestart|p2: habracadabrah|move: Toxic Spikes
|
|-weather|Sandstorm|[upkeep]
|upkeep
|turn|2
|
|t:|1769339455
|switch|p1a: Gholdengo|Gholdengo, shiny|100/100
|-item|p1a: Gholdengo|Air Balloon
|move|p2a: Tyranitar|Knock Off|p1a: Gholdengo
|-supereffective|p1a: Gholdengo
|-damage|p1a: Gholdengo|0 fnt
|-enditem|p1a: Gholdengo|Air Balloon
|faint|p1a: Gholdengo
|
|-weather|Sandstorm|[upkeep]
|upkeep
|
|t:|1769339465
|switch|p1a: Ogerpon|Ogerpon-Wellspring, F|100/100
|turn|3
|
|t:|1769339477
|switch|p2a: Cacturne|Cacturne, M|100/100
|-damage|p2a: Cacturne|88/100|[from] Stealth Rock
|-status|p2a: Cacturne|psn
|move|p1a: Ogerpon|Ivy Cudgel|p2a: Cacturne|[anim] Ivy Cudgel Water
|-heal|p2a: Cacturne|100/100 psn|[from] ability: Water Absorb|[of] p1a: Ogerpon
|
|-weather|Sandstorm|[upkeep]
|-damage|p1a: Ogerpon|95/100|[from] Sandstorm
|-damage|p2a: Cacturne|94/100 psn|[from] Sandstorm
|-damage|p2a: Cacturne|82/100 psn|[from] psn
|upkeep
|turn|4
|
|t:|1769339488
|move|p1a: Ogerpon|U-turn|p2a: Cacturne
|-supereffective|p2a: Cacturne
|-crit|p2a: Cacturne
|-damage|p2a: Cacturne|0 fnt
|faint|p2a: Cacturne
|
|t:|1769339495
|switch|p1a: Glimmora|Glimmora, F, shiny|1/100|[from] U-turn
|
|-weather|Sandstorm|[upkeep]
|upkeep
|
|t:|1769339498
|switch|p2a: Excadrill|Excadrill, F|100/100
|-damage|p2a: Excadrill|97/100|[from] Stealth Rock
|-ability|p2a: Excadrill|Mold Breaker
|-item|p2a: Excadrill|Air Balloon
|turn|5
|
|t:|1769339517
|switch|p1a: Ting-Lu|Ting-Lu, shiny|100/100
|-ability|p1a: Ting-Lu|Vessel of Ruin
|move|p2a: Excadrill|Swords Dance|p2a: Excadrill
|-boost|p2a: Excadrill|atk|2
|
|-weather|none
|upkeep
|turn|6
|
|t:|1769339524
|move|p2a: Excadrill|Rapid Spin|p1a: Ting-Lu
|-damage|p1a: Ting-Lu|79/100
|-boost|p2a: Excadrill|spe|1
|-sideend|p2: habracadabrah|Toxic Spikes|[from] move: Rapid Spin|[of] p2a: Excadrill
|-sideend|p2: habracadabrah|Stealth Rock|[from] move: Rapid Spin|[of] p2a: Excadrill
|move|p1a: Ting-Lu|Whirlwind|p2a: Excadrill
|drag|p2a: Weavile|Weavile, F|100/100
|
|-heal|p1a: Ting-Lu|85/100|[from] item: Leftovers
|upkeep
|turn|7
|
|t:|1769339536
|switch|p1a: Clefable|Clefable, F, shiny|100/100
|move|p2a: Weavile|Icicle Crash|p1a: Clefable
|-damage|p1a: Clefable|70/100
|
|-heal|p1a: Clefable|76/100|[from] item: Leftovers
|upkeep
|turn|8
|
|t:|1769339545
|switch|p2a: Ninetales|Ninetales-Alola, M|100/100
|-weather|Snowscape|[from] ability: Snow Warning|[of] p2a: Ninetales
|move|p1a: Clefable|Moonblast|p2a: Ninetales
|-damage|p2a: Ninetales|64/100
|
|-weather|Snowscape|[upkeep]
|-heal|p1a: Clefable|82/100|[from] item: Leftovers
|upkeep
|turn|9
|
|t:|1769339558
|move|p2a: Ninetales|Aurora Veil|p2a: Ninetales
|-sidestart|p2: habracadabrah|move: Aurora Veil
|move|p1a: Clefable|Moonblast|p2a: Ninetales
|-damage|p2a: Ninetales|45/100
|-unboost|p2a: Ninetales|spa|1
|
|-weather|Snowscape|[upkeep]
|-heal|p1a: Clefable|88/100|[from] item: Leftovers
|upkeep
|turn|10
|
|t:|1769339566
|switch|p2a: Excadrill|Excadrill, F|97/100
|-ability|p2a: Excadrill|Mold Breaker
|-item|p2a: Excadrill|Air Balloon
|move|p1a: Clefable|Moonblast|p2a: Excadrill
|-resisted|p2a: Excadrill
|-damage|p2a: Excadrill|86/100
|-enditem|p2a: Excadrill|Air Balloon
|
|-weather|Snowscape|[upkeep]
|-heal|p1a: Clefable|94/100|[from] item: Leftovers
|upkeep
|turn|11
|
|t:|1769339576
|move|p1a: Clefable|Protect|p1a: Clefable
|-singleturn|p1a: Clefable|Protect
|move|p2a: Excadrill|Swords Dance|p2a: Excadrill
|-boost|p2a: Excadrill|atk|2
|
|-weather|Snowscape|[upkeep]
|-heal|p1a: Clefable|100/100|[from] item: Leftovers
|upkeep
|turn|12
|
|t:|1769339582
|switch|p1a: Ting-Lu|Ting-Lu, shiny|85/100
|-ability|p1a: Ting-Lu|Vessel of Ruin
|move|p2a: Excadrill|Swords Dance|p2a: Excadrill
|-boost|p2a: Excadrill|atk|2
|
|-weather|none
|-heal|p1a: Ting-Lu|91/100|[from] item: Leftovers
|upkeep
|turn|13
|
|t:|1769339587
|-terastallize|p2a: Excadrill|Ground
|move|p2a: Excadrill|Earthquake|p1a: Ting-Lu
|-damage|p1a: Ting-Lu|0 fnt
|faint|p1a: Ting-Lu
|
|upkeep
|
|t:|1769339598
|switch|p1a: Glimmora|Glimmora, F, shiny|1/100
|turn|14
|
|t:|1769339601
|move|p1a: Glimmora|Earth Power|p2a: Excadrill
|-damage|p2a: Excadrill|67/100
|move|p2a: Excadrill|Rapid Spin|p1a: Glimmora
|-resisted|p1a: Glimmora
|-damage|p1a: Glimmora|0 fnt
|-boost|p2a: Excadrill|spe|1
|-activate|p1a: Glimmora|ability: Toxic Debris
|-sidestart|p2: habracadabrah|move: Toxic Spikes
|-sideend|p2: habracadabrah|Toxic Spikes|[from] move: Rapid Spin|[of] p2a: Excadrill
|faint|p1a: Glimmora
|
|upkeep
|
|t:|1769339609
|switch|p1a: Clefable|Clefable, F, shiny|100/100
|turn|15
|
|t:|1769339612
|move|p1a: Clefable|Protect|p1a: Clefable
|-singleturn|p1a: Clefable|Protect
|move|p2a: Excadrill|Iron Head|p1a: Clefable
|-activate|p1a: Clefable|move: Protect
|
|upkeep
|turn|16
|
|t:|1769339620
|-terastallize|p1a: Clefable|Steel
|move|p2a: Excadrill|Iron Head|p1a: Clefable
|-resisted|p1a: Clefable
|-damage|p1a: Clefable|44/100
|cant|p1a: Clefable|flinch
|
|-heal|p1a: Clefable|50/100|[from] item: Leftovers
|-sideend|p2: habracadabrah|move: Aurora Veil
|upkeep
|turn|17
|
|t:|1769339628
|move|p1a: Clefable|Protect|p1a: Clefable
|-singleturn|p1a: Clefable|Protect
|move|p2a: Excadrill|Iron Head|p1a: Clefable
|-activate|p1a: Clefable|move: Protect
|
|-heal|p1a: Clefable|57/100|[from] item: Leftovers
|upkeep
|turn|18
|
|t:|1769339631
|move|p2a: Excadrill|Earthquake|p1a: Clefable
|-supereffective|p1a: Clefable
|-damage|p1a: Clefable|0 fnt
|faint|p1a: Clefable
|
|upkeep
|
|t:|1769339634
|switch|p1a: Ogerpon|Ogerpon-Wellspring, F|95/100
|turn|19
|
|t:|1769339640
|move|p2a: Excadrill|Iron Head|p1a: Ogerpon
|-resisted|p1a: Ogerpon
|-damage|p1a: Ogerpon|4/100
|move|p1a: Ogerpon|Ivy Cudgel|p2a: Excadrill|[anim] Ivy Cudgel Water
|-supereffective|p2a: Excadrill
|-damage|p2a: Excadrill|0 fnt
|faint|p2a: Excadrill
|
|upkeep
|
|t:|1769339648
|switch|p2a: Weavile|Weavile, F|100/100
|turn|20
|
|t:|1769339659
|switch|p1a: Raging Bolt|Raging Bolt|100/100
|move|p2a: Weavile|Knock Off|p1a: Raging Bolt
|-damage|p1a: Raging Bolt|61/100
|-enditem|p1a: Raging Bolt|Choice Specs|[from] move: Knock Off|[of] p2a: Weavile
|
|upkeep
|turn|21
|
|t:|1769339665
|move|p1a: Raging Bolt|Thunderclap|p2a: Weavile
|-damage|p2a: Weavile|44/100
|move|p2a: Weavile|Icicle Crash|p1a: Raging Bolt
|-supereffective|p1a: Raging Bolt
|-damage|p1a: Raging Bolt|0 fnt
|faint|p1a: Raging Bolt
|-end|p1a: Raging Bolt|Protosynthesis|[silent]
|
|upkeep
|
|t:|1769339670
|switch|p1a: Ogerpon|Ogerpon-Wellspring, F|4/100
|turn|22
|c|☆habracadabrah|Gi gi
|-message|ASRAyeetASRA forfeited.
|
|win|habracadabrah
|raw|ASRAyeetASRA's rating: 1230 &rarr; <strong>1207</strong><br />(-23 for losing)
|raw|habracadabrah's rating: 1258 &rarr; <strong>1281</strong><br />(+23 for winning)
|l|☆ASRAyeetASRA
|player|p1|
|l|☆habracadabrah
|player|p2|
