|j|☆majorasmog
|j|☆tgemvgc
|t:|1769382283
|gametype|singles
|player|p1|majorasmog|mars|1518
|player|p2|tgemvgc|diantha-masters|1644
|gen|9
|tier|[Gen 9] OU
|rated|
|rule|HP Percentage Mod: HP is shown in percentages
|rule|Endless Battle Clause: Forcing endless battles is banned
|rule|Species Clause: Limit one of each Pokémon
|rule|OHKO Clause: OHKO moves are banned
|rule|Evasion Items Clause: Evasion items are banned
|rule|Evasion Moves Clause: Evasion moves are banned
|rule|Evasion Abilities Clause: Evasion abilities are banned
|rule|Sleep Moves Clause: Sleep-inducing moves are banned
|clearpoke
|poke|p1|Ting-Lu|
|poke|p1|Iron Valiant|
|poke|p1|Gholdengo|
|poke|p1|Ogerpon-Wellspring, F|
|poke|p1|Great Tusk|
|poke|p1|Dragonite, M|
|poke|p2|Great Tusk|
|poke|p2|Pecharunt|
|poke|p2|Iron Valiant|
|poke|p2|Iron Crown|
|poke|p2|Samurott-Hisui, M|
|poke|p2|Dragonite, M|
|teampreview
|inactive|Battle timer is ON: inactive players will automatically lose when time's up. (requested by majorasmog)
|
|t:|1769382313
|teamsize|p1|6
|teamsize|p2|6
|start
|switch|p1a: Ogerpon|Ogerpon-Wellspring, F|100/100
|switch|p2a: Samurott|Samurott-Hisui, M, shiny|100/100
|turn|1
|
|t:|1769382319
|switch|p2a: Pecharunt|Pecharunt|100/100
|move|p1a: Ogerpon|Power Whip|p2a: Pecharunt
|-resisted|p2a: Pecharunt
|-damage|p2a: Pecharunt|85/100
|-damage|p1a: Ogerpon|84/100|[from] item: Rocky Helmet|[of] p2a: Pecharunt
|
|upkeep
|turn|2
|
|t:|1769382326
|switch|p1a: Ting-Lu|Ting-Lu|100/100
|-ability|p1a: Ting-Lu|Vessel of Ruin
|move|p2a: Pecharunt|Parting Shot|p1a: Ting-Lu
|-unboost|p1a: Ting-Lu|atk|1
|-unboost|p1a: Ting-Lu|spa|1
|
|t:|1769382338
|switch|p2a: Samurott|Samurott-Hisui, M, shiny|100/100|[from] Parting Shot
|
|upkeep
|turn|3
|
|t:|1769382351
|move|p2a: Samurott|Knock Off|p1a: Ting-Lu
|-resisted|p1a: Ting-Lu
|-damage|p1a: Ting-Lu|84/100
|-enditem|p1a: Ting-Lu|Leftovers|[from] move: Knock Off|[of] p2a: Samurott
|move|p1a: Ting-Lu|Spikes|p2a: Samurott
|-sidestart|p2: tgemvgc|Spikes
|
|upkeep
|turn|4
|
|t:|1769382360
|move|p2a: Samurott|Ceaseless Edge|p1a: Ting-Lu
|-resisted|p1a: Ting-Lu
|-damage|p1a: Ting-Lu|67/100
|-sidestart|p1: majorasmog|Spikes
|move|p1a: Ting-Lu|Earthquake|p2a: Samurott
|-damage|p2a: Samurott|72/100
|
|upkeep
|turn|5
|
|t:|1769382376
|move|p2a: Samurott|Flip Turn|p1a: Ting-Lu
|-supereffective|p1a: Ting-Lu
|-damage|p1a: Ting-Lu|35/100
|
|t:|1769382382
|switch|p2a: Great Tusk|Great Tusk, shiny|100/100|[from] Flip Turn
|move|p1a: Ting-Lu|Spikes|p2a: Great Tusk
|-sidestart|p2: tgemvgc|Spikes
|
|upkeep
|turn|6
|
|t:|1769382386
|switch|p1a: Gholdengo|Gholdengo|100/100
|-item|p1a: Gholdengo|Air Balloon
|move|p2a: Great Tusk|Rapid Spin|p1a: Gholdengo
|-immune|p1a: Gholdengo
|
|upkeep
|turn|7
|
|t:|1769382394
|move|p2a: Great Tusk|Ice Spinner|p1a: Gholdengo
|-resisted|p1a: Gholdengo
|-damage|p1a: Gholdengo|91/100
|-enditem|p1a: Gholdengo|Air Balloon
|move|p1a: Gholdengo|Make It Rain|p2a: Great Tusk
|-damage|p2a: Great Tusk|22/100
|-unboost|p1a: Gholdengo|spa|1
|
|upkeep
|turn|8
|
|t:|1769382402
|move|p2a: Great Tusk|Headlong Rush|p1a: Gholdengo
|-supereffective|p1a: Gholdengo
|-damage|p1a: Gholdengo|5/100
|-unboost|p2a: Great Tusk|def|1
|-unboost|p2a: Great Tusk|spd|1
|move|p1a: Gholdengo|Shadow Ball|p2a: Great Tusk
|-damage|p2a: Great Tusk|0 fnt
|faint|p2a: Great Tusk
|-end|p2a: Great Tusk|Protosynthesis|[silent]
|
|upkeep
|
|t:|1769382414
|switch|p2a: Iron Crown|Iron Crown|100/100
|-damage|p2a: Iron Crown|84/100|[from] Spikes
|turn|9
|
|t:|1769382420
|move|p2a: Iron Crown|Tachyon Cutter|p1a: Gholdengo
|-resisted|p1a: Gholdengo
|-damage|p1a: Gholdengo|0 fnt
|faint|p1a: Gholdengo
|-hitcount|p1: Gholdengo|1
|
|upkeep
|
|t:|1769382430
|switch|p1a: Ogerpon|Ogerpon-Wellspring, F|84/100
|-damage|p1a: Ogerpon|72/100|[from] Spikes
|turn|10
|
|t:|1769382436
|move|p1a: Ogerpon|Knock Off|p2a: Iron Crown
|-supereffective|p2a: Iron Crown
|-damage|p2a: Iron Crown|2/100
|-enditem|p2a: Iron Crown|Assault Vest|[from] move: Knock Off|[of] p1a: Ogerpon
|move|p2a: Iron Crown|Psychic Noise|p1a: Ogerpon
|-damage|p1a: Ogerpon|26/100
|-start|p1a: Ogerpon|move: Heal Block
|
|upkeep
|turn|11
|
|t:|1769382443
|move|p1a: Ogerpon|Knock Off|p2a: Iron Crown
|-supereffective|p2a: Iron Crown
|-damage|p2a: Iron Crown|0 fnt
|faint|p2a: Iron Crown
|-end|p2a: Iron Crown|Quark Drive|[silent]
|
|-end|p1a: Ogerpon|move: Heal Block
|upkeep
|
|t:|1769382453
|switch|p2a: Iron Valiant|Iron Valiant, shiny|100/100
|-damage|p2a: Iron Valiant|84/100|[from] Spikes
|turn|12
|
|t:|1769382456
|move|p2a: Iron Valiant|Moonblast|p1a: Ogerpon
|-damage|p1a: Ogerpon|0 fnt
|faint|p1a: Ogerpon
|
|upkeep
|
|t:|1769382474
|switch|p1a: Iron Valiant|Iron Valiant|100/100
|-damage|p1a: Iron Valiant|88/100|[from] Spikes
|-enditem|p1a: Iron Valiant|Booster Energy
|-activate|p1a: Iron Valiant|ability: Quark Drive|[fromitem]
|-start|p1a: Iron Valiant|quarkdrivespe
|turn|13
|l|☆majorasmog
|inactive|majorasmog disconnected and has a minute to reconnect!
|player|p1|
|inactive|majorasmog has 30 seconds to reconnect!
|j|☆majorasmog
|inactive|majorasmog reconnected and has 115 seconds left.
|player|p1|majorasmog|mars|
|
|t:|1769382533
|-end|p2a: Iron Valiant|Quark Drive|[silent]
|switch|p2a: Pecharunt|Pecharunt|85/100
|-damage|p2a: Pecharunt|68/100|[from] Spikes
|move|p1a: Iron Valiant|Moonblast|p2a: Pecharunt
|-resisted|p2a: Pecharunt
|-damage|p2a: Pecharunt|45/100
|
|upkeep
|turn|14
|
|t:|1769382542
|move|p1a: Iron Valiant|Shadow Ball|p2a: Pecharunt
|-supereffective|p2a: Pecharunt
|-damage|p2a: Pecharunt|0 fnt
|faint|p2a: Pecharunt
|
|upkeep
|
|t:|1769382554
|switch|p2a: Dragonite|Dragonite, M, shiny|100/100
|turn|15
|
|t:|1769382575
|-terastallize|p2a: Dragonite|Flying
|move|p1a: Iron Valiant|Moonblast|p2a: Dragonite
|-damage|p2a: Dragonite|76/100
|-unboost|p2a: Dragonite|spa|1
|move|p2a: Dragonite|Dragon Dance|p2a: Dragonite
|-boost|p2a: Dragonite|atk|1
|-boost|p2a: Dragonite|spe|1
|
|upkeep
|turn|16
|inactive|majorasmog has 120 seconds left.
|
|t:|1769382583
|move|p1a: Iron Valiant|Encore|p2a: Dragonite
|-start|p2a: Dragonite|Encore
|move|p2a: Dragonite|Dragon Dance|p2a: Dragonite
|-boost|p2a: Dragonite|atk|1
|-boost|p2a: Dragonite|spe|1
|
|upkeep
|turn|17
|
|t:|1769382590
|switch|p2a: Samurott|Samurott-Hisui, M, shiny|72/100
|-damage|p2a: Samurott|55/100|[from] Spikes
|move|p1a: Iron Valiant|Moonblast|p2a: Samurott
|-supereffective|p2a: Samurott
|-damage|p2a: Samurott|0 fnt
|faint|p2a: Samurott
|
|upkeep
|
|t:|1769382592
|switch|p2a: Dragonite|Dragonite, M, shiny, tera:Flying|76/100
|turn|18
|inactive|majorasmog has 120 seconds left.
|
|t:|1769382619
|-terastallize|p1a: Iron Valiant|Ghost
|move|p1a: Iron Valiant|Moonblast|p2a: Dragonite
|-damage|p2a: Dragonite|27/100
|-unboost|p2a: Dragonite|spa|1
|move|p2a: Dragonite|Tera Blast|p1a: Iron Valiant|[anim] Tera Blast Flying
|-damage|p1a: Iron Valiant|17/100
|
|upkeep
|turn|19
|
|t:|1769382626
|move|p1a: Iron Valiant|Moonblast|p2a: Dragonite
|-damage|p2a: Dragonite|0 fnt
|faint|p2a: Dragonite
|
|upkeep
|
|t:|1769382628
|switch|p2a: Iron Valiant|Iron Valiant, shiny|84/100
|-damage|p2a: Iron Valiant|67/100|[from] Spikes
|turn|20
|
|t:|1769382630
|move|p1a: Iron Valiant|Moonblast|p2a: Iron Valiant
|-supereffective|p2a: Iron Valiant
|-damage|p2a: Iron Valiant|0 fnt
|faint|p2a: Iron Valiant
|-end|p2a: Iron Valiant|Quark Drive|[silent]
|
|win|majorasmog
|raw|majorasmog's rating: 1518 &rarr; <strong>1545</strong><br />(+27 for winning)
|raw|tgemvgc's rating: 1644 &rarr; <strong>1617</strong><br />(-27 for losing)
|l|☆tgemvgc
|player|p2|
