|j|☆poopseydoopsey
|j|☆rblt ryo
|t:|1769361511
|gametype|singles
|player|p1|poopseydoopsey|hiker-gen6|1702
|player|p2|rblt ryo|dawn|1763
|gen|9
|tier|[Gen 9] OU
|rated|
|rule|HP Percentage Mod: HP is shown in percentages
|rule|Endless Battle Clause: Forcing endless battles is banned
|rule|Species Clause: Limit one of each Pokémon
|rule|OHKO Clause: OHKO moves are banned
|rule|Evasion Items Clause: Evasion items are banned
|rule|Evasion Moves Clause: Evasion moves are banned
|rule|Evasion Abilities Clause: Evasion abilities are banned
|rule|Sleep Moves Clause: Sleep-inducing moves are banned
|clearpoke
|poke|p1|Dragapult, M|
|poke|p1|Samurott-Hisui, F|
|poke|p1|Dragonite, F|
|poke|p1|Great Tusk|
|poke|p1|Rillaboom, F|
|poke|p1|Heatran, M|
|poke|p2|Metagross|
|poke|p2|Keldeo-Resolute|
|poke|p2|Ting-Lu|
|poke|p2|Pecharunt|
|poke|p2|Dragapult, M|
|poke|p2|Zapdos|
|teampreview
|inactive|Battle timer is ON: inactive players will automatically lose when time's up. (requested by poopseydoopsey)
|inactive|poopseydoopsey has 120 seconds left.
|
|t:|1769361550
|teamsize|p1|6
|teamsize|p2|6
|start
|switch|p1a: Samurott|Samurott-Hisui, F|100/100
|switch|p2a: Zapdos|Zapdos|100/100
|turn|1
|
|t:|1769361562
|move|p2a: Zapdos|Volt Switch|p1a: Samurott
|-supereffective|p1a: Samurott
|-damage|p1a: Samurott|32/100
|
|t:|1769361568
|switch|p2a: Keldeo|Keldeo-Resolute, shiny|100/100|[from] Volt Switch
|move|p1a: Samurott|Knock Off|p2a: Keldeo
|-resisted|p2a: Keldeo
|-damage|p2a: Keldeo|73/100
|-ability|p2a: Keldeo|Justified|boost
|-boost|p2a: Keldeo|atk|1
|-enditem|p2a: Keldeo|Choice Specs|[from] move: Knock Off|[of] p1a: Samurott
|
|upkeep
|turn|2
|
|t:|1769361581
|switch|p1a: Dragapult|Dragapult, M|100/100
|move|p2a: Keldeo|Surf|p1a: Dragapult
|-resisted|p1a: Dragapult
|-damage|p1a: Dragapult|63/100
|
|upkeep
|turn|3
|
|t:|1769361598
|switch|p1a: Rillaboom|Rillaboom, F|100/100
|-fieldstart|move: Grassy Terrain|[from] ability: Grassy Surge|[of] p1a: Rillaboom
|switch|p2a: Ting-Lu|Ting-Lu|100/100
|-ability|p2a: Ting-Lu|Vessel of Ruin
|
|upkeep
|turn|4
|
|t:|1769361609
|switch|p2a: Pecharunt|Pecharunt|100/100
|move|p1a: Rillaboom|U-turn|p2a: Pecharunt
|-resisted|p2a: Pecharunt
|-damage|p2a: Pecharunt|96/100
|
|t:|1769361613
|switch|p1a: Samurott|Samurott-Hisui, F|32/100|[from] U-turn
|
|-heal|p1a: Samurott|38/100|[from] Grassy Terrain
|-heal|p2a: Pecharunt|100/100|[from] Grassy Terrain
|upkeep
|turn|5
|
|t:|1769361623
|move|p1a: Samurott|Ceaseless Edge|p2a: Pecharunt
|-supereffective|p2a: Pecharunt
|-damage|p2a: Pecharunt|50/100
|-sidestart|p2: rblt ryo|Spikes
|move|p2a: Pecharunt|Malignant Chain|p1a: Samurott
|-damage|p1a: Samurott|12/100
|-status|p1a: Samurott|tox
|-start|p1a: Samurott|confusion|[from] ability: Poison Puppeteer|[of] p2a: Pecharunt
|
|-heal|p1a: Samurott|18/100 tox|[from] Grassy Terrain
|-heal|p2a: Pecharunt|56/100|[from] Grassy Terrain
|-damage|p1a: Samurott|12/100 tox|[from] psn
|upkeep
|turn|6
|
|t:|1769361640
|switch|p1a: Heatran|Heatran, M|100/100
|move|p2a: Pecharunt|Recover|p2a: Pecharunt
|-heal|p2a: Pecharunt|100/100
|
|upkeep
|turn|7
|
|t:|1769361656
|move|p1a: Heatran|Stealth Rock|p2a: Pecharunt
|-sidestart|p2: rblt ryo|move: Stealth Rock
|move|p2a: Pecharunt|Parting Shot|p1a: Heatran
|-unboost|p1a: Heatran|atk|1
|-unboost|p1a: Heatran|spa|1
|inactive|rblt ryo has 120 seconds left.
|
|t:|1769361674
|switch|p2a: Keldeo|Keldeo-Resolute, shiny|73/100|[from] Parting Shot
|-damage|p2a: Keldeo|61/100|[from] Spikes
|-damage|p2a: Keldeo|55/100|[from] Stealth Rock
|
|-heal|p2a: Keldeo|61/100|[from] Grassy Terrain
|-fieldend|move: Grassy Terrain
|upkeep
|turn|8
|
|t:|1769361684
|switch|p1a: Rillaboom|Rillaboom, F|100/100
|-fieldstart|move: Grassy Terrain|[from] ability: Grassy Surge|[of] p1a: Rillaboom
|move|p2a: Keldeo|Secret Sword|p1a: Rillaboom
|-damage|p1a: Rillaboom|50/100
|
|-heal|p2a: Keldeo|67/100|[from] Grassy Terrain
|-heal|p1a: Rillaboom|56/100|[from] Grassy Terrain
|upkeep
|turn|9
|
|t:|1769361694
|move|p2a: Keldeo|Secret Sword|p1a: Rillaboom
|-damage|p1a: Rillaboom|5/100
|move|p1a: Rillaboom|U-turn|p2a: Keldeo
|-resisted|p2a: Keldeo
|-damage|p2a: Keldeo|44/100
|
|t:|1769361701
|switch|p1a: Dragapult|Dragapult, M|63/100|[from] U-turn
|
|-heal|p1a: Dragapult|69/100|[from] Grassy Terrain
|-heal|p2a: Keldeo|50/100|[from] Grassy Terrain
|upkeep
|turn|10
|
|t:|1769361716
|switch|p2a: Ting-Lu|Ting-Lu|100/100
|-damage|p2a: Ting-Lu|88/100|[from] Spikes
|-damage|p2a: Ting-Lu|82/100|[from] Stealth Rock
|-ability|p2a: Ting-Lu|Vessel of Ruin
|move|p1a: Dragapult|Dragon Darts|p2a: Ting-Lu
|-damage|p2a: Ting-Lu|69/100
|-anim|p1a: Dragapult|Dragon Darts|p2a: Ting-Lu
|-damage|p2a: Ting-Lu|53/100
|-damage|p1a: Dragapult|59/100|[from] item: Life Orb
|
|-heal|p1a: Dragapult|65/100|[from] Grassy Terrain
|-heal|p2a: Ting-Lu|59/100|[from] Grassy Terrain
|-heal|p2a: Ting-Lu|66/100|[from] item: Leftovers
|upkeep
|turn|11
|inactive|poopseydoopsey has 120 seconds left.
|
|t:|1769361768
|switch|p1a: Dragonite|Dragonite, F|100/100
|move|p2a: Ting-Lu|Stealth Rock|p1a: Dragonite
|-sidestart|p1: poopseydoopsey|move: Stealth Rock
|
|-heal|p2a: Ting-Lu|72/100|[from] Grassy Terrain
|-heal|p2a: Ting-Lu|78/100|[from] item: Leftovers
|upkeep
|turn|12
|j| lonelyblueheart
|
|t:|1769361779
|switch|p2a: Zapdos|Zapdos|100/100
|move|p1a: Dragonite|Dragon Dance|p1a: Dragonite
|-boost|p1a: Dragonite|atk|1
|-boost|p1a: Dragonite|spe|1
|
|-fieldend|move: Grassy Terrain
|upkeep
|turn|13
|
|t:|1769361789
|move|p1a: Dragonite|Scale Shot|p2a: Zapdos
|-damage|p2a: Zapdos|78/100
|-damage|p2a: Zapdos|55/100
|-damage|p2a: Zapdos|31/100
|-damage|p2a: Zapdos|9/100
|-hitcount|p2a: Zapdos|4
|-unboost|p1a: Dragonite|def|1
|-boost|p1a: Dragonite|spe|1
|move|p2a: Zapdos|Volt Switch|p1a: Dragonite
|-crit|p1a: Dragonite
|-damage|p1a: Dragonite|74/100
|inactive|rblt ryo has 120 seconds left.
|
|t:|1769361833
|switch|p2a: Dragapult|Dragapult, M|100/100|[from] Volt Switch
|-damage|p2a: Dragapult|88/100|[from] Spikes
|-damage|p2a: Dragapult|76/100|[from] Stealth Rock
|
|upkeep
|turn|14
|
|t:|1769361839
|move|p2a: Dragapult|Draco Meteor|p1a: Dragonite
|-supereffective|p1a: Dragonite
|-damage|p1a: Dragonite|0 fnt
|-unboost|p2a: Dragapult|spa|2
|faint|p1a: Dragonite
|
|upkeep
|inactive|poopseydoopsey has 120 seconds left.
|
|t:|1769361849
|switch|p1a: Heatran|Heatran, M|100/100
|-damage|p1a: Heatran|88/100|[from] Stealth Rock
|turn|15
|inactive|poopseydoopsey has 120 seconds left.
|
|t:|1769361861
|switch|p2a: Zapdos|Zapdos|9/100
|move|p1a: Heatran|Magma Storm|p2a: Zapdos
|-damage|p2a: Zapdos|0 fnt
|faint|p2a: Zapdos
|
|-heal|p1a: Heatran|94/100|[from] item: Leftovers
|upkeep
|inactive|rblt ryo has 120 seconds left.
|
|t:|1769361872
|switch|p2a: Keldeo|Keldeo-Resolute, shiny|50/100
|-damage|p2a: Keldeo|38/100|[from] Spikes
|-damage|p2a: Keldeo|32/100|[from] Stealth Rock
|turn|16
|
|t:|1769361883
|switch|p1a: Rillaboom|Rillaboom, F|5/100
|-damage|p1a: Rillaboom|0 fnt|[from] Stealth Rock
|faint|p1a: Rillaboom
|move|p2a: Keldeo|Surf|p1: Rillaboom|[notarget]
|-fail|p2a: Keldeo
|
|upkeep
|
|t:|1769361888
|switch|p1a: Dragapult|Dragapult, M|65/100
|-damage|p1a: Dragapult|53/100|[from] Stealth Rock
|turn|17
|
|t:|1769361900
|move|p1a: Dragapult|Dragon Darts|p2a: Keldeo
|-damage|p2a: Keldeo|1/100
|-anim|p1a: Dragapult|Dragon Darts|p2a: Keldeo
|-damage|p2a: Keldeo|0 fnt
|faint|p2a: Keldeo
|-damage|p1a: Dragapult|43/100|[from] item: Life Orb
|
|upkeep
|
|t:|1769361914
|switch|p2a: Ting-Lu|Ting-Lu|78/100
|-damage|p2a: Ting-Lu|66/100|[from] Spikes
|-damage|p2a: Ting-Lu|59/100|[from] Stealth Rock
|-ability|p2a: Ting-Lu|Vessel of Ruin
|turn|18
|j| kunkunzhi
|
|t:|1769361921
|switch|p1a: Great Tusk|Great Tusk|100/100
|-damage|p1a: Great Tusk|97/100|[from] Stealth Rock
|-enditem|p1a: Great Tusk|Booster Energy
|-activate|p1a: Great Tusk|ability: Protosynthesis|[fromitem]
|-start|p1a: Great Tusk|protosynthesisatk
|move|p2a: Ting-Lu|Ruination|p1a: Great Tusk
|-damage|p1a: Great Tusk|49/100
|
|-heal|p2a: Ting-Lu|66/100|[from] item: Leftovers
|upkeep
|turn|19
|
|t:|1769361944
|move|p1a: Great Tusk|Headlong Rush|p2a: Ting-Lu
|-damage|p2a: Ting-Lu|21/100
|-unboost|p1a: Great Tusk|def|1
|-unboost|p1a: Great Tusk|spd|1
|move|p2a: Ting-Lu|Whirlwind|p1a: Great Tusk
|-end|p1a: Great Tusk|Protosynthesis|[silent]
|drag|p1a: Dragapult|Dragapult, M|43/100
|-damage|p1a: Dragapult|30/100|[from] Stealth Rock
|
|-heal|p2a: Ting-Lu|28/100|[from] item: Leftovers
|upkeep
|turn|20
|l| kunkunzhi
|
|t:|1769361957
|move|p1a: Dragapult|Dragon Darts|p2a: Ting-Lu
|-damage|p2a: Ting-Lu|13/100
|-anim|p1a: Dragapult|Dragon Darts|p2a: Ting-Lu
|-damage|p2a: Ting-Lu|0 fnt
|faint|p2a: Ting-Lu
|-damage|p1a: Dragapult|21/100|[from] item: Life Orb
|
|upkeep
|
|t:|1769361964
|switch|p2a: Metagross|Metagross, shiny|100/100
|-damage|p2a: Metagross|88/100|[from] Spikes
|-damage|p2a: Metagross|82/100|[from] Stealth Rock
|turn|21
|
|t:|1769361970
|move|p2a: Metagross|Bullet Punch|p1a: Dragapult
|-damage|p1a: Dragapult|0 fnt
|faint|p1a: Dragapult
|
|upkeep
|
|t:|1769361973
|switch|p1a: Great Tusk|Great Tusk|49/100
|-damage|p1a: Great Tusk|46/100|[from] Stealth Rock
|turn|22
|j| eladolf420
|inactive|rblt ryo has 120 seconds left.
|
|t:|1769362004
|switch|p2a: Pecharunt|Pecharunt|100/100
|move|p1a: Great Tusk|Headlong Rush|p2a: Pecharunt
|-supereffective|p2a: Pecharunt
|-damage|p2a: Pecharunt|43/100
|-unboost|p1a: Great Tusk|def|1
|-unboost|p1a: Great Tusk|spd|1
|
|upkeep
|turn|23
|inactive|rblt ryo has 120 seconds left.
|
|t:|1769362017
|move|p1a: Great Tusk|Headlong Rush|p2a: Pecharunt
|-supereffective|p2a: Pecharunt
|-damage|p2a: Pecharunt|0 fnt
|-unboost|p1a: Great Tusk|def|1
|-unboost|p1a: Great Tusk|spd|1
|faint|p2a: Pecharunt
|
|upkeep
|
|t:|1769362024
|switch|p2a: Dragapult|Dragapult, M|76/100
|-damage|p2a: Dragapult|64/100|[from] Spikes
|-damage|p2a: Dragapult|51/100|[from] Stealth Rock
|turn|24
|
|t:|1769362031
|-end|p1a: Great Tusk|Protosynthesis|[silent]
|switch|p1a: Samurott|Samurott-Hisui, F|12/100 tox
|-damage|p1a: Samurott|0 fnt|[from] Stealth Rock
|faint|p1a: Samurott
|move|p2a: Dragapult|Shadow Ball|p1: Samurott|[notarget]
|-fail|p2a: Dragapult
|
|upkeep
|
|t:|1769362038
|switch|p1a: Heatran|Heatran, M|94/100
|-damage|p1a: Heatran|82/100|[from] Stealth Rock
|turn|25
|
|t:|1769362045
|move|p2a: Dragapult|Shadow Ball|p1a: Heatran
|-damage|p1a: Heatran|40/100
|move|p1a: Heatran|Earth Power|p2a: Dragapult
|-damage|p2a: Dragapult|8/100
|
|-heal|p1a: Heatran|46/100|[from] item: Leftovers
|upkeep
|turn|26
|
|t:|1769362056
|move|p2a: Dragapult|Shadow Ball|p1a: Heatran
|-damage|p1a: Heatran|9/100
|move|p1a: Heatran|Earth Power|p2a: Dragapult
|-crit|p2a: Dragapult
|-damage|p2a: Dragapult|0 fnt
|faint|p2a: Dragapult
|
|-heal|p1a: Heatran|15/100|[from] item: Leftovers
|upkeep
|inactive|rblt ryo has 120 seconds left.
|
|t:|1769362092
|switch|p2a: Metagross|Metagross, shiny|82/100
|-damage|p2a: Metagross|70/100|[from] Spikes
|-damage|p2a: Metagross|64/100|[from] Stealth Rock
|turn|27
|
|t:|1769362097
|-terastallize|p2a: Metagross|Dark
|move|p1a: Heatran|Will-O-Wisp|p2a: Metagross
|-status|p2a: Metagross|brn
|move|p2a: Metagross|Knock Off|p1a: Heatran
|-damage|p1a: Heatran|0 fnt
|-enditem|p1a: Heatran|Leftovers|[from] move: Knock Off|[of] p2a: Metagross
|faint|p1a: Heatran
|
|-damage|p2a: Metagross|58/100 brn|[from] brn
|upkeep
|
|t:|1769362103
|switch|p1a: Great Tusk|Great Tusk|46/100
|-damage|p1a: Great Tusk|43/100|[from] Stealth Rock
|turn|28
|
|t:|1769362111
|-terastallize|p1a: Great Tusk|Steel
|move|p1a: Great Tusk|Bulk Up|p1a: Great Tusk
|-boost|p1a: Great Tusk|atk|1
|-boost|p1a: Great Tusk|def|1
|move|p2a: Metagross|Zen Headbutt|p1a: Great Tusk
|-resisted|p1a: Great Tusk
|-damage|p1a: Great Tusk|38/100
|
|-damage|p2a: Metagross|52/100 brn|[from] brn
|upkeep
|turn|29
|
|t:|1769362123
|move|p1a: Great Tusk|Headlong Rush|p2a: Metagross
|-damage|p2a: Metagross|0 fnt
|-unboost|p1a: Great Tusk|def|1
|-unboost|p1a: Great Tusk|spd|1
|faint|p2a: Metagross
|
|win|poopseydoopsey
|raw|poopseydoopsey's rating: 1702 &rarr; <strong>1725</strong><br />(+23 for winning)
|raw|rblt ryo's rating: 1763 &rarr; <strong>1740</strong><br />(-23 for losing)
|l|☆poopseydoopsey
|player|p1|
|l| lonelyblueheart
|l| eladolf420
|l|☆rblt ryo
|player|p2|
