|j|☆arcaico1
|j|☆gullivers travels
|t:|1769318773
|gametype|singles
|player|p1|arcaico1|cynthia-gen4|1148
|player|p2|gullivers travels|266|1198
|gen|9
|tier|[Gen 9] OU
|rated|
|rule|HP Percentage Mod: HP is shown in percentages
|rule|Endless Battle Clause: Forcing endless battles is banned
|rule|Species Clause: Limit one of each Pokémon
|rule|OHKO Clause: OHKO moves are banned
|rule|Evasion Items Clause: Evasion items are banned
|rule|Evasion Moves Clause: Evasion moves are banned
|rule|Evasion Abilities Clause: Evasion abilities are banned
|rule|Sleep Moves Clause: Sleep-inducing moves are banned
|clearpoke
|poke|p1|Zapdos|
|poke|p1|Ting-Lu|
|poke|p1|Iron Valiant|
|poke|p1|Zamazenta-*|
|poke|p1|Meowscarada, F|
|poke|p1|Gholdengo|
|poke|p2|Dragonite, M|
|poke|p2|Alomomola, F|
|poke|p2|Weezing-Galar, M|
|poke|p2|Kingambit, M|
|poke|p2|Volcanion|
|poke|p2|Rabsca, F|
|teampreview
|inactive|Battle timer is ON: inactive players will automatically lose when time's up. (requested by gullivers travels)
|
|t:|1769318785
|teamsize|p1|6
|teamsize|p2|6
|start
|switch|p1a: Meowscarada|Meowscarada, F|100/100
|switch|p2a: Volcanion|Volcanion|100/100
|turn|1
|
|t:|1769318798
|move|p1a: Meowscarada|U-turn|p2a: Volcanion
|-start|p1a: Meowscarada|typechange|Bug|[from] ability: Protean
|-resisted|p2a: Volcanion
|-damage|p2a: Volcanion|85/100
|
|t:|1769318810
|switch|p1a: Zamazenta|Zamazenta|100/100|[from] U-turn
|-ability|p1a: Zamazenta|Dauntless Shield|boost
|-boost|p1a: Zamazenta|def|1
|move|p2a: Volcanion|Flamethrower|p1a: Zamazenta
|-damage|p1a: Zamazenta|73/100
|
|upkeep
|turn|2
|
|t:|1769318821
|move|p1a: Zamazenta|Crunch|p2a: Volcanion
|-damage|p2a: Volcanion|64/100
|move|p2a: Volcanion|Steam Eruption|p1a: Zamazenta
|-damage|p1a: Zamazenta|35/100
|-status|p1a: Zamazenta|brn
|
|-damage|p1a: Zamazenta|29/100 brn|[from] brn
|upkeep
|turn|3
|
|t:|1769318830
|move|p1a: Zamazenta|Close Combat|p2a: Volcanion
|-damage|p2a: Volcanion|37/100
|-unboost|p1a: Zamazenta|def|1
|-unboost|p1a: Zamazenta|spd|1
|move|p2a: Volcanion|Flame Charge|p1a: Zamazenta
|-crit|p1a: Zamazenta
|-damage|p1a: Zamazenta|5/100 brn
|-boost|p2a: Volcanion|spe|1
|
|-damage|p1a: Zamazenta|0 fnt|[from] brn
|faint|p1a: Zamazenta
|upkeep
|
|t:|1769318833
|switch|p1a: Zapdos|Zapdos|100/100
|turn|4
|
|t:|1769318852
|switch|p2a: Weezing|Weezing-Galar, M|100/100
|-ability|p2a: Weezing|Neutralizing Gas
|move|p1a: Zapdos|Volt Switch|p2a: Weezing
|-damage|p2a: Weezing|65/100
|
|t:|1769318861
|switch|p1a: Gholdengo|Gholdengo|100/100|[from] Volt Switch
|
|upkeep
|turn|5
|
|t:|1769318871
|-end|p2a: Weezing|ability: Neutralizing Gas
|switch|p2a: Alomomola|Alomomola, F|100/100
|move|p1a: Gholdengo|Nasty Plot|p1a: Gholdengo
|-boost|p1a: Gholdengo|spa|2
|
|upkeep
|turn|6
|
|t:|1769318878
|move|p1a: Gholdengo|Nasty Plot|p1a: Gholdengo
|-boost|p1a: Gholdengo|spa|2
|move|p2a: Alomomola|Mirror Coat||[still]
|-fail|p2a: Alomomola
|
|upkeep
|turn|7
|
|t:|1769318885
|move|p1a: Gholdengo|Nasty Plot|p1a: Gholdengo
|-boost|p1a: Gholdengo|spa|2
|move|p2a: Alomomola|Wish|p2a: Alomomola
|
|upkeep
|turn|8
|
|t:|1769318902
|move|p1a: Gholdengo|Shadow Ball|p2a: Alomomola
|-damage|p2a: Alomomola|0 fnt
|faint|p2a: Alomomola
|
|upkeep
|
|t:|1769318905
|switch|p2a: Kingambit|Kingambit, M|100/100
|-activate|p2a: Kingambit|ability: Supreme Overlord
|-start|p2a: Kingambit|fallen1|[silent]
|turn|9
|
|t:|1769318911
|-terastallize|p1a: Gholdengo|Steel
|move|p1a: Gholdengo|Make It Rain|p2a: Kingambit
|-resisted|p2a: Kingambit
|-enditem|p2a: Kingambit|Focus Sash
|-damage|p2a: Kingambit|1/100
|-unboost|p1a: Gholdengo|spa|1
|move|p2a: Kingambit|Kowtow Cleave|p1a: Gholdengo
|-damage|p1a: Gholdengo|46/100
|
|-heal|p1a: Gholdengo|52/100|[from] item: Leftovers
|upkeep
|turn|10
|
|t:|1769318927
|move|p2a: Kingambit|Sucker Punch|p1a: Gholdengo
|-damage|p1a: Gholdengo|11/100
|move|p1a: Gholdengo|Shadow Ball|p2a: Kingambit
|-resisted|p2a: Kingambit
|-damage|p2a: Kingambit|0 fnt
|faint|p2a: Kingambit
|-end|p2a: Kingambit|fallen1|[silent]
|
|-heal|p1a: Gholdengo|17/100|[from] item: Leftovers
|upkeep
|
|t:|1769318932
|switch|p2a: Dragonite|Dragonite, M|100/100
|turn|11
|
|t:|1769318956
|-terastallize|p2a: Dragonite|Normal
|move|p2a: Dragonite|Extreme Speed|p1a: Gholdengo
|-resisted|p1a: Gholdengo
|-damage|p1a: Gholdengo|0 fnt
|faint|p1a: Gholdengo
|
|upkeep
|
|t:|1769318961
|switch|p1a: Meowscarada|Meowscarada, F|100/100
|turn|12
|
|t:|1769318970
|move|p2a: Dragonite|Extreme Speed|p1a: Meowscarada
|-damage|p1a: Meowscarada|31/100
|move|p1a: Meowscarada|U-turn|p2a: Dragonite
|-start|p1a: Meowscarada|typechange|Bug|[from] ability: Protean
|-damage|p2a: Dragonite|80/100
|
|t:|1769318981
|switch|p1a: Iron Valiant|Iron Valiant|100/100|[from] U-turn
|
|upkeep
|turn|13
|
|t:|1769318986
|move|p2a: Dragonite|Extreme Speed|p1a: Iron Valiant
|-damage|p1a: Iron Valiant|39/100
|move|p1a: Iron Valiant|Aura Sphere|p2a: Dragonite
|-supereffective|p2a: Dragonite
|-damage|p2a: Dragonite|3/100
|
|upkeep
|turn|14
|
|t:|1769319004
|move|p2a: Dragonite|Extreme Speed|p1a: Iron Valiant
|-damage|p1a: Iron Valiant|0 fnt
|faint|p1a: Iron Valiant
|-end|p1a: Iron Valiant|Quark Drive|[silent]
|
|upkeep
|
|t:|1769319007
|switch|p1a: Zapdos|Zapdos|100/100
|turn|15
|
|t:|1769319010
|move|p2a: Dragonite|Extreme Speed|p1a: Zapdos
|-crit|p1a: Zapdos
|-damage|p1a: Zapdos|16/100
|move|p1a: Zapdos|Volt Switch|p2a: Dragonite
|-damage|p2a: Dragonite|0 fnt
|faint|p2a: Dragonite
|
|t:|1769319014
|switch|p1a: Meowscarada|Meowscarada, F|31/100|[from] Volt Switch
|
|upkeep
|
|t:|1769319019
|switch|p2a: Weezing|Weezing-Galar, M|65/100
|-ability|p2a: Weezing|Neutralizing Gas
|turn|16
|
|t:|1769319025
|move|p1a: Meowscarada|Knock Off|p2a: Weezing
|-resisted|p2a: Weezing
|-damage|p2a: Weezing|44/100
|-enditem|p2a: Weezing|Heavy-Duty Boots|[from] move: Knock Off|[of] p1a: Meowscarada
|move|p2a: Weezing|Strange Steam|p1a: Meowscarada|[miss]
|-miss|p2a: Weezing|p1a: Meowscarada
|
|upkeep
|turn|17
|
|t:|1769319032
|switch|p1a: Zapdos|Zapdos|16/100
|move|p2a: Weezing|Strange Steam|p1a: Zapdos
|-crit|p1a: Zapdos
|-damage|p1a: Zapdos|0 fnt
|faint|p1a: Zapdos
|
|upkeep
|
|t:|1769319039
|switch|p1a: Ting-Lu|Ting-Lu|100/100
|turn|18
|
|t:|1769319042
|move|p2a: Weezing|Toxic|p1a: Ting-Lu
|-status|p1a: Ting-Lu|tox
|move|p1a: Ting-Lu|Stealth Rock|p2a: Weezing
|-sidestart|p2: gullivers travels|move: Stealth Rock
|
|-damage|p1a: Ting-Lu|94/100 tox|[from] psn
|upkeep
|turn|19
|
|t:|1769319048
|move|p2a: Weezing|Defog|p1a: Ting-Lu
|-unboost|p1a: Ting-Lu|evasion|1
|-sideend|p2: gullivers travels|Stealth Rock|[from] move: Defog|[of] p2a: Weezing
|move|p1a: Ting-Lu|Spikes|p2a: Weezing
|-sidestart|p2: gullivers travels|Spikes
|
|-heal|p1a: Ting-Lu|100/100 tox|[from] item: Leftovers
|-damage|p1a: Ting-Lu|88/100 tox|[from] psn
|upkeep
|turn|20
|
|t:|1769319053
|move|p2a: Weezing|Defog|p1a: Ting-Lu
|-unboost|p1a: Ting-Lu|evasion|1
|-sideend|p2: gullivers travels|Spikes|[from] move: Defog|[of] p2a: Weezing
|move|p1a: Ting-Lu|Stealth Rock|p2a: Weezing
|-sidestart|p2: gullivers travels|move: Stealth Rock
|
|-heal|p1a: Ting-Lu|94/100 tox|[from] item: Leftovers
|-damage|p1a: Ting-Lu|76/100 tox|[from] psn
|upkeep
|turn|21
|
|t:|1769319060
|move|p2a: Weezing|Defog|p1a: Ting-Lu
|-unboost|p1a: Ting-Lu|evasion|1
|-sideend|p2: gullivers travels|Stealth Rock|[from] move: Defog|[of] p2a: Weezing
|move|p1a: Ting-Lu|Whirlwind|p2a: Weezing
|-end|p2a: Weezing|ability: Neutralizing Gas
|-ability|p1a: Ting-Lu|Vessel of Ruin
|drag|p2a: Rabsca|Rabsca, F|100/100
|
|-heal|p1a: Ting-Lu|82/100 tox|[from] item: Leftovers
|-damage|p1a: Ting-Lu|57/100 tox|[from] psn
|upkeep
|turn|22
|-message|arcaico1 forfeited.
|
|win|gullivers travels
|raw|arcaico1's rating: 1148 &rarr; <strong>1127</strong><br />(-21 for losing)
|raw|gullivers travels's rating: 1198 &rarr; <strong>1219</strong><br />(+21 for winning)
|l|☆arcaico1
|player|p1|
|l|☆gullivers travels
|player|p2|
