|j|☆gggggyyyyy
|j|☆leidianjiangjun123
|t:|1769319535
|gametype|singles
|player|p1|gggggyyyyy|cynthia-gen4|
|player|p2|leidianjiangjun123|1|
|gen|9
|tier|[Gen 9] OU
|rule|HP Percentage Mod: HP is shown in percentages
|rule|Endless Battle Clause: Forcing endless battles is banned
|rule|Species Clause: Limit one of each Pokémon
|rule|OHKO Clause: OHKO moves are banned
|rule|Evasion Items Clause: Evasion items are banned
|rule|Evasion Moves Clause: Evasion moves are banned
|rule|Evasion Abilities Clause: Evasion abilities are banned
|rule|Sleep Moves Clause: Sleep-inducing moves are banned
|clearpoke
|poke|p1|Zarude|
|poke|p1|Pecharunt|
|poke|p1|Clodsire, M|
|poke|p1|Gholdengo|
|poke|p1|Grimmsnarl, M|
|poke|p1|Alomomola, M|
|poke|p2|Latias, F|
|poke|p2|Gliscor, F|
|poke|p2|Garchomp, M|
|poke|p2|Fezandipiti, M|
|poke|p2|Garganacl, F|
|poke|p2|Gholdengo|
|teampreview
|
|t:|1769319542
|teamsize|p1|6
|teamsize|p2|6
|start
|switch|p1a: Grimmsnarl|Grimmsnarl, M|100/100
|switch|p2a: 追风老头|Latias, F|100/100
|turn|1
|
|t:|1769319553
|move|p1a: Grimmsnarl|Trick|p2a: 追风老头
|-activate|p1a: Grimmsnarl|move: Trick|[of] p2a: 追风老头
|-item|p2a: 追风老头|Choice Scarf|[from] move: Trick
|-item|p1a: Grimmsnarl|Heavy-Duty Boots|[from] move: Trick
|move|p2a: 追风老头|Tailwind|p2a: 追风老头
|-sidestart|p2: leidianjiangjun123|move: Tailwind
|
|upkeep
|turn|2
|
|t:|1769319570
|switch|p2a: 杰哥|Gliscor, F, shiny|100/100
|move|p1a: Grimmsnarl|Bulk Up|p1a: Grimmsnarl
|-boost|p1a: Grimmsnarl|atk|1
|-boost|p1a: Grimmsnarl|def|1
|
|-status|p2a: 杰哥|tox|[from] item: Toxic Orb
|upkeep
|turn|3
|
|t:|1769319586
|move|p2a: 杰哥|Protect|p2a: 杰哥
|-singleturn|p2a: 杰哥|Protect
|move|p1a: Grimmsnarl|Bulk Up|p1a: Grimmsnarl
|-boost|p1a: Grimmsnarl|atk|1
|-boost|p1a: Grimmsnarl|def|1
|
|upkeep
|turn|4
|
|t:|1769319592
|move|p1a: Grimmsnarl|Bulk Up|p1a: Grimmsnarl
|-boost|p1a: Grimmsnarl|atk|1
|-boost|p1a: Grimmsnarl|def|1
|move|p2a: 杰哥|Earthquake|p1a: Grimmsnarl
|-damage|p1a: Grimmsnarl|85/100
|
|-sideend|p2: leidianjiangjun123|move: Tailwind
|upkeep
|turn|5
|
|t:|1769319601
|move|p1a: Grimmsnarl|Bulk Up|p1a: Grimmsnarl
|-boost|p1a: Grimmsnarl|atk|1
|-boost|p1a: Grimmsnarl|def|1
|move|p2a: 杰哥|Toxic|p1a: Grimmsnarl
|-status|p1a: Grimmsnarl|tox
|
|-damage|p1a: Grimmsnarl|78/100 tox|[from] psn
|upkeep
|turn|6
|
|t:|1769319612
|move|p2a: 杰哥|Protect|p2a: 杰哥
|-singleturn|p2a: 杰哥|Protect
|move|p1a: Grimmsnarl|Spirit Break|p2a: 杰哥
|-activate|p2a: 杰哥|move: Protect
|
|-damage|p1a: Grimmsnarl|66/100 tox|[from] psn
|upkeep
|turn|7
|
|t:|1769319624
|switch|p2a: 蔡辰|Garganacl, F|100/100
|move|p1a: Grimmsnarl|Spirit Break|p2a: 蔡辰
|-damage|p2a: 蔡辰|23/100
|
|-heal|p2a: 蔡辰|29/100|[from] item: Leftovers
|-damage|p1a: Grimmsnarl|48/100 tox|[from] psn
|upkeep
|turn|8
|
|t:|1769319636
|move|p2a: 蔡辰|Protect|p2a: 蔡辰
|-singleturn|p2a: 蔡辰|Protect
|move|p1a: Grimmsnarl|Sucker Punch||[still]
|-fail|p1a: Grimmsnarl
|
|-heal|p2a: 蔡辰|35/100|[from] item: Leftovers
|-damage|p1a: Grimmsnarl|24/100 tox|[from] psn
|upkeep
|turn|9
|
|t:|1769319645
|move|p1a: Grimmsnarl|Spirit Break|p2a: 蔡辰
|-damage|p2a: 蔡辰|0 fnt
|faint|p2a: 蔡辰
|
|-damage|p1a: Grimmsnarl|0 fnt|[from] psn
|faint|p1a: Grimmsnarl
|upkeep
|
|t:|1769319654
|switch|p1a: Gholdengo|Gholdengo|100/100
|switch|p2a: 高伟杰|Garchomp, M, shiny|100/100
|turn|10
|
|t:|1769319660
|move|p1a: Gholdengo|Trick|p2a: 高伟杰
|-activate|p1a: Gholdengo|move: Trick|[of] p2a: 高伟杰
|-item|p2a: 高伟杰|Choice Scarf|[from] move: Trick
|-item|p1a: Gholdengo|Rocky Helmet|[from] move: Trick
|move|p2a: 高伟杰|Spikes|p1a: Gholdengo
|-sidestart|p1: gggggyyyyy|Spikes
|
|upkeep
|turn|11
|
|t:|1769319670
|switch|p2a: 追风老头|Latias, F|100/100
|move|p1a: Gholdengo|Nasty Plot|p1a: Gholdengo
|-boost|p1a: Gholdengo|spa|2
|
|upkeep
|turn|12
|
|t:|1769319679
|move|p2a: 追风老头|Tailwind|p2a: 追风老头
|-sidestart|p2: leidianjiangjun123|move: Tailwind
|move|p1a: Gholdengo|Nasty Plot|p1a: Gholdengo
|-boost|p1a: Gholdengo|spa|2
|
|upkeep
|turn|13
|
|t:|1769319692
|switch|p2a: 杰哥|Gliscor, F, shiny|100/100 tox
|move|p1a: Gholdengo|Nasty Plot|p1a: Gholdengo
|-boost|p1a: Gholdengo|spa|2
|
|upkeep
|turn|14
|
|t:|1769319698
|move|p2a: 杰哥|Toxic|p1a: Gholdengo
|-immune|p1a: Gholdengo|[from] ability: Good as Gold
|move|p1a: Gholdengo|Make It Rain|p2a: 杰哥
|-damage|p2a: 杰哥|0 fnt
|-unboost|p1a: Gholdengo|spa|1
|faint|p2a: 杰哥
|
|upkeep
|
|t:|1769319714
|switch|p2a: 高伟杰|Garchomp, M, shiny|100/100
|turn|15
|
|t:|1769319718
|move|p1a: Gholdengo|Make It Rain|p2a: 高伟杰
|-damage|p2a: 高伟杰|0 fnt
|-unboost|p1a: Gholdengo|spa|1
|faint|p2a: 高伟杰
|
|-sideend|p2: leidianjiangjun123|move: Tailwind
|upkeep
|
|t:|1769319727
|switch|p2a: 江政蛆|Fezandipiti, M|100/100
|turn|16
|
|t:|1769319732
|move|p2a: 江政蛆|Taunt|p1a: Gholdengo
|-immune|p1a: Gholdengo|[from] ability: Good as Gold
|move|p1a: Gholdengo|Make It Rain|p2a: 江政蛆
|-supereffective|p2a: 江政蛆
|-damage|p2a: 江政蛆|0 fnt
|-unboost|p1a: Gholdengo|spa|1
|faint|p2a: 江政蛆
|
|upkeep
|
|t:|1769319742
|switch|p2a: 追风老头|Latias, F|100/100
|turn|17
|
|t:|1769319746
|move|p2a: 追风老头|Mist Ball|p1a: Gholdengo
|-resisted|p1a: Gholdengo
|-damage|p1a: Gholdengo|85/100
|move|p1a: Gholdengo|Make It Rain|p2a: 追风老头
|-damage|p2a: 追风老头|23/100
|-unboost|p1a: Gholdengo|spa|1
|
|upkeep
|turn|18
|
|t:|1769319761
|move|p2a: 追风老头|Mist Ball|p1a: Gholdengo
|-resisted|p1a: Gholdengo
|-damage|p1a: Gholdengo|70/100
|-unboost|p1a: Gholdengo|spa|1
|move|p1a: Gholdengo|Make It Rain|p2a: 追风老头
|-damage|p2a: 追风老头|0 fnt
|-unboost|p1a: Gholdengo|spa|1
|faint|p2a: 追风老头
|
|upkeep
|
|t:|1769319772
|switch|p2a: ex|Gholdengo, shiny|100/100
|turn|19
|
|t:|1769319786
|move|p2a: ex|Shadow Ball|p1a: Gholdengo
|-supereffective|p1a: Gholdengo
|-damage|p1a: Gholdengo|0 fnt
|faint|p1a: Gholdengo
|
|upkeep
|
|t:|1769319797
|switch|p1a: Zarude|Zarude|100/100
|-damage|p1a: Zarude|88/100|[from] Spikes
|turn|20
|
|t:|1769319803
|-terastallize|p1a: Zarude|Dark
|move|p1a: Zarude|Knock Off|p2a: ex
|-supereffective|p2a: ex
|-damage|p2a: ex|0 fnt
|-enditem|p2a: ex|Choice Specs|[from] move: Knock Off|[of] p1a: Zarude
|faint|p2a: ex
|-damage|p1a: Zarude|78/100|[from] item: Life Orb
|
|win|gggggyyyyy
