|j|☆Eel56
|j|☆CambridgeFoulPlay
|t:|1769364446
|gametype|singles
|player|p1|Eel56|265|1778
|player|p2|CambridgeFoulPlay|266|1737
|gen|9
|tier|[Gen 9] OU
|rated|
|rule|HP Percentage Mod: HP is shown in percentages
|rule|Endless Battle Clause: Forcing endless battles is banned
|rule|Species Clause: Limit one of each Pokémon
|rule|OHKO Clause: OHKO moves are banned
|rule|Evasion Items Clause: Evasion items are banned
|rule|Evasion Moves Clause: Evasion moves are banned
|rule|Evasion Abilities Clause: Evasion abilities are banned
|rule|Sleep Moves Clause: Sleep-inducing moves are banned
|clearpoke
|poke|p1|Great Tusk|
|poke|p1|Pecharunt|
|poke|p1|Iron Valiant|
|poke|p1|Iron Crown|
|poke|p1|Samurott-Hisui, M|
|poke|p1|Dragonite, M|
|poke|p2|Hydrapple, M|
|poke|p2|Tyranitar, F|
|poke|p2|Moltres|
|poke|p2|Zamazenta-*|
|poke|p2|Slowking-Galar, M|
|poke|p2|Excadrill, F|
|teampreview
|c|☆CambridgeFoulPlay|hf
|inactive|Battle timer is ON: inactive players will automatically lose when time's up. (requested by CambridgeFoulPlay)
|
|t:|1769364454
|teamsize|p1|6
|teamsize|p2|6
|start
|switch|p1a: Samurott|Samurott-Hisui, M, shiny|100/100
|switch|p2a: Tyranitar|Tyranitar, F|100/100
|-weather|Sandstorm|[from] ability: Sand Stream|[of] p2a: Tyranitar
|turn|1
|
|t:|1769364460
|switch|p2a: Hydrapple|Hydrapple, M|100/100
|move|p1a: Samurott|Ceaseless Edge|p2a: Hydrapple
|-damage|p2a: Hydrapple|63/100
|-sidestart|p2: CambridgeFoulPlay|Spikes
|
|-weather|Sandstorm|[upkeep]
|-damage|p1a: Samurott|94/100|[from] Sandstorm
|-damage|p2a: Hydrapple|57/100|[from] Sandstorm
|upkeep
|turn|2
|
|t:|1769364467
|move|p1a: Samurott|Flip Turn|p2a: Hydrapple
|-resisted|p2a: Hydrapple
|-damage|p2a: Hydrapple|53/100
|
|t:|1769364473
|switch|p1a: Iron Crown|Iron Crown|100/100|[from] Flip Turn
|move|p2a: Hydrapple|Giga Drain|p1a: Iron Crown
|-resisted|p1a: Iron Crown
|-damage|p1a: Iron Crown|89/100
|-heal|p2a: Hydrapple|57/100|[from] drain|[of] p1a: Iron Crown
|
|-weather|Sandstorm|[upkeep]
|-damage|p2a: Hydrapple|51/100|[from] Sandstorm
|upkeep
|turn|3
|
|t:|1769364483
|switch|p2a: Excadrill|Excadrill, F|100/100
|-item|p2a: Excadrill|Air Balloon
|move|p1a: Iron Crown|Future Sight|p2a: Excadrill
|-start|p1a: Iron Crown|move: Future Sight
|
|-weather|Sandstorm|[upkeep]
|upkeep
|turn|4
|j| lanarey
|
|t:|1769364492
|-end|p1a: Iron Crown|Quark Drive|[silent]
|switch|p1a: Great Tusk|Great Tusk, shiny|100/100
|move|p2a: Excadrill|Earthquake|p1a: Great Tusk
|-damage|p1a: Great Tusk|61/100
|
|-weather|Sandstorm|[upkeep]
|upkeep
|turn|5
|j| The Educated Fool
|
|t:|1769364516
|move|p2a: Excadrill|Iron Head|p1a: Great Tusk
|-damage|p1a: Great Tusk|27/100
|cant|p1a: Great Tusk|flinch
|
|-weather|Sandstorm|[upkeep]
|-end|p2a: Excadrill|move: Future Sight
|-resisted|p2a: Excadrill
|-damage|p2a: Excadrill|62/100
|-enditem|p2a: Excadrill|Air Balloon
|upkeep
|turn|6
|
|t:|1769364530
|move|p2a: Excadrill|Iron Head|p1a: Great Tusk
|-damage|p1a: Great Tusk|0 fnt
|faint|p1a: Great Tusk
|-end|p1a: Great Tusk|Protosynthesis|[silent]
|
|-weather|Sandstorm|[upkeep]
|upkeep
|
|t:|1769364537
|switch|p1a: Samurott|Samurott-Hisui, M, shiny|94/100
|turn|7
|
|t:|1769364545
|move|p1a: Samurott|Sucker Punch|p2a: Excadrill
|-damage|p2a: Excadrill|0 fnt
|faint|p2a: Excadrill
|
|-weather|Sandstorm|[upkeep]
|-damage|p1a: Samurott|88/100|[from] Sandstorm
|upkeep
|
|t:|1769364546
|switch|p2a: Hydrapple|Hydrapple, M|84/100
|turn|8
|
|t:|1769364560
|move|p1a: Samurott|Knock Off|p2a: Hydrapple
|-damage|p2a: Hydrapple|51/100
|-enditem|p2a: Hydrapple|Heavy-Duty Boots|[from] move: Knock Off|[of] p1a: Samurott
|move|p2a: Hydrapple|Nasty Plot|p2a: Hydrapple
|-boost|p2a: Hydrapple|spa|2
|
|-weather|none
|upkeep
|turn|9
|
|t:|1769364584
|move|p1a: Samurott|Flip Turn|p2a: Hydrapple
|-resisted|p2a: Hydrapple
|-damage|p2a: Hydrapple|46/100
|
|t:|1769364591
|switch|p1a: Iron Crown|Iron Crown|89/100|[from] Flip Turn
|move|p2a: Hydrapple|Giga Drain|p1a: Iron Crown
|-resisted|p1a: Iron Crown
|-damage|p1a: Iron Crown|67/100
|-heal|p2a: Hydrapple|55/100|[from] drain|[of] p1a: Iron Crown
|
|upkeep
|turn|10
|
|t:|1769364600
|move|p1a: Iron Crown|Tachyon Cutter|p2a: Hydrapple
|-damage|p2a: Hydrapple|29/100
|-damage|p2a: Hydrapple|1/100
|-hitcount|p2a: Hydrapple|2
|move|p2a: Hydrapple|Earth Power|p1a: Iron Crown
|-supereffective|p1a: Iron Crown
|-damage|p1a: Iron Crown|1/100
|
|upkeep
|turn|11
|
|t:|1769364608
|switch|p2a: Slowking|Slowking-Galar, M|100/100
|-damage|p2a: Slowking|88/100|[from] Spikes
|move|p1a: Iron Crown|Volt Switch|p2a: Slowking
|-damage|p2a: Slowking|76/100
|
|t:|1769364614
|-end|p1a: Iron Crown|Quark Drive|[silent]
|switch|p1a: Samurott|Samurott-Hisui, M, shiny|88/100|[from] Volt Switch
|
|upkeep
|turn|12
|
|t:|1769364617
|switch|p2a: Zamazenta|Zamazenta|100/100
|-damage|p2a: Zamazenta|88/100|[from] Spikes
|-ability|p2a: Zamazenta|Dauntless Shield|boost
|-boost|p2a: Zamazenta|def|1
|move|p1a: Samurott|Knock Off|p2a: Zamazenta
|-resisted|p2a: Zamazenta
|-damage|p2a: Zamazenta|74/100
|-enditem|p2a: Zamazenta|Leftovers|[from] move: Knock Off|[of] p1a: Samurott
|
|upkeep
|turn|13
|
|t:|1769364622
|switch|p1a: Pecharunt|Pecharunt|100/100
|move|p2a: Zamazenta|Roar|p1a: Pecharunt
|drag|p1a: Samurott|Samurott-Hisui, M, shiny|88/100
|
|upkeep
|turn|14
|
|t:|1769364628
|switch|p1a: Pecharunt|Pecharunt|100/100
|move|p2a: Zamazenta|Roar|p1a: Pecharunt
|drag|p1a: Samurott|Samurott-Hisui, M, shiny|88/100
|
|upkeep
|turn|15
|c| The Educated Fool|Two 1% clutches in one turn is kinda crazy
|
|t:|1769364632
|switch|p1a: Pecharunt|Pecharunt|100/100
|move|p2a: Zamazenta|Roar|p1a: Pecharunt
|drag|p1a: Dragonite|Dragonite, M, shiny|100/100
|
|upkeep
|turn|16
|
|t:|1769364637
|switch|p1a: Pecharunt|Pecharunt|100/100
|move|p2a: Zamazenta|Roar|p1a: Pecharunt
|drag|p1a: Samurott|Samurott-Hisui, M, shiny|88/100
|
|upkeep
|turn|17
|
|t:|1769364642
|switch|p1a: Pecharunt|Pecharunt|100/100
|move|p2a: Zamazenta|Roar|p1a: Pecharunt
|drag|p1a: Iron Valiant|Iron Valiant, shiny|100/100
|
|upkeep
|turn|18
|
|t:|1769364648
|switch|p2a: Slowking|Slowking-Galar, M|100/100
|-damage|p2a: Slowking|88/100|[from] Spikes
|-end|p1a: Iron Valiant|Quark Drive|[silent]
|switch|p1a: Pecharunt|Pecharunt|100/100
|
|upkeep
|turn|19
|
|t:|1769364652
|move|p1a: Pecharunt|Parting Shot|p2a: Slowking
|-unboost|p2a: Slowking|atk|1
|-unboost|p2a: Slowking|spa|1
|
|t:|1769364654
|switch|p1a: Samurott|Samurott-Hisui, M, shiny|88/100|[from] Parting Shot
|move|p2a: Slowking|Flamethrower|p1a: Samurott
|-resisted|p1a: Samurott
|-damage|p1a: Samurott|77/100
|
|upkeep
|turn|20
|
|t:|1769364667
|switch|p2a: Moltres|Moltres|100/100
|move|p1a: Samurott|Ceaseless Edge|p2a: Moltres
|-damage|p2a: Moltres|58/100
|-sidestart|p2: CambridgeFoulPlay|Spikes
|
|upkeep
|turn|21
|
|t:|1769364673
|move|p1a: Samurott|Flip Turn|p2a: Moltres
|-supereffective|p2a: Moltres
|-damage|p2a: Moltres|17/100
|
|t:|1769364683
|switch|p1a: Iron Crown|Iron Crown|1/100|[from] Flip Turn
|move|p2a: Moltres|Roost|p2a: Moltres
|-heal|p2a: Moltres|67/100
|-singleturn|p2a: Moltres|move: Roost
|
|upkeep
|turn|22
|l| lanarey
|
|t:|1769364693
|move|p1a: Iron Crown|Psychic Noise|p2a: Moltres
|-damage|p2a: Moltres|30/100
|-start|p2a: Moltres|move: Heal Block
|cant|p2a: Moltres|move: Heal Block|Roost
|
|upkeep
|turn|23
|
|t:|1769364699
|switch|p2a: Slowking|Slowking-Galar, M|100/100
|-damage|p2a: Slowking|84/100|[from] Spikes
|move|p1a: Iron Crown|Volt Switch|p2a: Slowking
|-damage|p2a: Slowking|72/100
|
|t:|1769364701
|-end|p1a: Iron Crown|Quark Drive|[silent]
|switch|p1a: Samurott|Samurott-Hisui, M, shiny|77/100|[from] Volt Switch
|
|upkeep
|turn|24
|
|t:|1769364706
|switch|p2a: Zamazenta|Zamazenta|74/100
|-damage|p2a: Zamazenta|58/100|[from] Spikes
|move|p1a: Samurott|Ceaseless Edge|p2a: Zamazenta
|-resisted|p2a: Zamazenta
|-damage|p2a: Zamazenta|34/100
|-sidestart|p2: CambridgeFoulPlay|Spikes
|
|upkeep
|turn|25
|
|t:|1769364725
|move|p1a: Samurott|Flip Turn|p2a: Zamazenta
|-damage|p2a: Zamazenta|11/100
|
|t:|1769364731
|switch|p1a: Iron Crown|Iron Crown|1/100|[from] Flip Turn
|move|p2a: Zamazenta|Roar|p1a: Iron Crown
|-end|p1a: Iron Crown|Quark Drive|[silent]
|drag|p1a: Samurott|Samurott-Hisui, M, shiny|77/100
|
|upkeep
|turn|26
|
|t:|1769364738
|move|p1a: Samurott|Sucker Punch||[still]
|-fail|p1a: Samurott
|move|p2a: Zamazenta|Iron Defense|p2a: Zamazenta
|-boost|p2a: Zamazenta|def|2
|
|upkeep
|turn|27
|
|t:|1769364741
|switch|p1a: Pecharunt|Pecharunt|100/100
|move|p2a: Zamazenta|Roar|p1a: Pecharunt
|drag|p1a: Iron Crown|Iron Crown|1/100
|
|upkeep
|turn|28
|
|t:|1769364744
|-end|p1a: Iron Crown|Quark Drive|[silent]
|switch|p1a: Pecharunt|Pecharunt|100/100
|move|p2a: Zamazenta|Crunch|p1a: Pecharunt
|-supereffective|p1a: Pecharunt
|-damage|p1a: Pecharunt|82/100
|-damage|p2a: Zamazenta|0 fnt|[from] item: Rocky Helmet|[of] p1a: Pecharunt
|faint|p2a: Zamazenta
|
|upkeep
|
|t:|1769364747
|switch|p2a: Tyranitar|Tyranitar, F|100/100
|-damage|p2a: Tyranitar|76/100|[from] Spikes
|-weather|Sandstorm|[from] ability: Sand Stream|[of] p2a: Tyranitar
|turn|29
|
|t:|1769364750
|move|p1a: Pecharunt|Parting Shot|p2a: Tyranitar
|-unboost|p2a: Tyranitar|atk|1
|-unboost|p2a: Tyranitar|spa|1
|
|t:|1769364761
|switch|p1a: Iron Crown|Iron Crown|1/100|[from] Parting Shot
|move|p2a: Tyranitar|Stealth Rock|p1a: Iron Crown
|-sidestart|p1: Eel56|move: Stealth Rock
|
|-weather|Sandstorm|[upkeep]
|upkeep
|turn|30
|
|t:|1769364767
|move|p1a: Iron Crown|Tachyon Cutter|p2a: Tyranitar
|-supereffective|p2a: Tyranitar
|-damage|p2a: Tyranitar|56/100
|-supereffective|p2a: Tyranitar
|-damage|p2a: Tyranitar|34/100
|-hitcount|p2a: Tyranitar|2
|move|p2a: Tyranitar|Knock Off|p1a: Iron Crown
|-supereffective|p1a: Iron Crown
|-damage|p1a: Iron Crown|0 fnt
|-enditem|p1a: Iron Crown|Assault Vest|[from] move: Knock Off|[of] p2a: Tyranitar
|faint|p1a: Iron Crown
|-end|p1a: Iron Crown|Quark Drive|[silent]
|
|-weather|Sandstorm|[upkeep]
|upkeep
|
|t:|1769364782
|switch|p1a: Samurott|Samurott-Hisui, M, shiny|77/100
|-damage|p1a: Samurott|65/100|[from] Stealth Rock
|turn|31
|
|t:|1769364784
|switch|p2a: Hydrapple|Hydrapple, M|35/100
|-damage|p2a: Hydrapple|10/100|[from] Spikes
|move|p1a: Samurott|Flip Turn|p2a: Hydrapple
|-resisted|p2a: Hydrapple
|-damage|p2a: Hydrapple|5/100
|
|t:|1769364790
|switch|p1a: Pecharunt|Pecharunt|82/100|[from] Flip Turn
|-damage|p1a: Pecharunt|69/100|[from] Stealth Rock
|
|-weather|Sandstorm|[upkeep]
|-damage|p1a: Pecharunt|63/100|[from] Sandstorm
|-damage|p2a: Hydrapple|0 fnt|[from] Sandstorm
|faint|p2a: Hydrapple
|upkeep
|
|t:|1769364793
|switch|p2a: Moltres|Moltres|30/100
|turn|32
|
|t:|1769364797
|move|p2a: Moltres|Roost|p2a: Moltres
|-heal|p2a: Moltres|80/100
|-singleturn|p2a: Moltres|move: Roost
|move|p1a: Pecharunt|Parting Shot|p2a: Moltres
|-unboost|p2a: Moltres|atk|1
|-unboost|p2a: Moltres|spa|1
|
|t:|1769364800
|switch|p1a: Iron Valiant|Iron Valiant, shiny|100/100|[from] Parting Shot
|-damage|p1a: Iron Valiant|94/100|[from] Stealth Rock
|
|-weather|Sandstorm|[upkeep]
|-damage|p1a: Iron Valiant|88/100|[from] Sandstorm
|-damage|p2a: Moltres|74/100|[from] Sandstorm
|upkeep
|turn|33
|
|t:|1769364810
|move|p1a: Iron Valiant|Thunderbolt|p2a: Moltres
|-supereffective|p2a: Moltres
|-damage|p2a: Moltres|0 fnt
|faint|p2a: Moltres
|
|-weather|Sandstorm|[upkeep]
|-damage|p1a: Iron Valiant|82/100|[from] Sandstorm
|upkeep
|
|t:|1769364812
|switch|p2a: Slowking|Slowking-Galar, M|100/100
|-damage|p2a: Slowking|76/100|[from] Spikes
|turn|34
|
|t:|1769364822
|-end|p1a: Iron Valiant|Quark Drive|[silent]
|switch|p1a: Samurott|Samurott-Hisui, M, shiny|65/100
|-damage|p1a: Samurott|53/100|[from] Stealth Rock
|move|p2a: Slowking|Ice Beam|p1a: Samurott
|-resisted|p1a: Samurott
|-damage|p1a: Samurott|34/100
|
|-weather|Sandstorm|[upkeep]
|-damage|p1a: Samurott|28/100|[from] Sandstorm
|-damage|p2a: Slowking|69/100|[from] Sandstorm
|upkeep
|turn|35
|
|t:|1769364826
|-terastallize|p2a: Slowking|Grass
|move|p1a: Samurott|Knock Off|p2a: Slowking
|-damage|p2a: Slowking|26/100
|-enditem|p2a: Slowking|Assault Vest|[from] move: Knock Off|[of] p1a: Samurott
|move|p2a: Slowking|Ice Beam|p1a: Samurott
|-resisted|p1a: Samurott
|-damage|p1a: Samurott|11/100
|
|-weather|Sandstorm|[upkeep]
|-damage|p1a: Samurott|5/100|[from] Sandstorm
|-damage|p2a: Slowking|20/100|[from] Sandstorm
|upkeep
|turn|36
|
|t:|1769364833
|switch|p2a: Tyranitar|Tyranitar, F|34/100
|-damage|p2a: Tyranitar|9/100|[from] Spikes
|move|p1a: Samurott|Knock Off|p2a: Tyranitar
|-resisted|p2a: Tyranitar
|-damage|p2a: Tyranitar|0 fnt
|-enditem|p2a: Tyranitar|Smooth Rock|[from] move: Knock Off|[of] p1a: Samurott
|faint|p2a: Tyranitar
|
|-weather|none
|upkeep
|
|t:|1769364834
|switch|p2a: Slowking|Slowking-Galar, M, tera:Grass|53/100
|-damage|p2a: Slowking|28/100|[from] Spikes
|turn|37
|
|t:|1769364837
|move|p1a: Samurott|Knock Off|p2a: Slowking
|-damage|p2a: Slowking|0 fnt
|faint|p2a: Slowking
|
|win|Eel56
|raw|Eel56's rating: 1778 &rarr; <strong>1796</strong><br />(+18 for winning)
|raw|CambridgeFoulPlay's rating: 1737 &rarr; <strong>1719</strong><br />(-18 for losing)
|c|☆CambridgeFoulPlay|gg
|l|☆CambridgeFoulPlay
|player|p2|
|l|☆Eel56
|player|p1|
