|j|☆gatesofchell
|j|☆FUKNNlGERRAPlST69
|t:|1769319386
|gametype|singles
|player|p1|gatesofchell|bugsy|1199
|player|p2|FUKNNlGERRAPlST69|265|1161
|gen|9
|tier|[Gen 9] OU
|rated|
|rule|HP Percentage Mod: HP is shown in percentages
|rule|Endless Battle Clause: Forcing endless battles is banned
|rule|Species Clause: Limit one of each Pokémon
|rule|OHKO Clause: OHKO moves are banned
|rule|Evasion Items Clause: Evasion items are banned
|rule|Evasion Moves Clause: Evasion moves are banned
|rule|Evasion Abilities Clause: Evasion abilities are banned
|rule|Sleep Moves Clause: Sleep-inducing moves are banned
|clearpoke
|poke|p1|Meowscarada, F|
|poke|p1|Great Tusk|
|poke|p1|Walking Wake|
|poke|p1|Ceruledge, F|
|poke|p1|Torkoal, M|
|poke|p1|Heatran, M|
|poke|p2|Barraskewda, F|
|poke|p2|Iron Treads|
|poke|p2|Hatterene, F|
|poke|p2|Zapdos|
|poke|p2|Pelipper, M|
|poke|p2|Toxicroak, F|
|teampreview
|
|t:|1769319397
|teamsize|p1|6
|teamsize|p2|6
|start
|switch|p1a: Meowscarada|Meowscarada, F|100/100
|switch|p2a: Zapdos|Zapdos, shiny|100/100
|turn|1
|
|t:|1769319405
|switch|p2a: Toxicroak|Toxicroak, F, shiny|100/100
|move|p1a: Meowscarada|Triple Axel|p2a: Toxicroak
|-start|p1a: Meowscarada|typechange|Ice|[from] ability: Protean
|-damage|p2a: Toxicroak|87/100
|-damage|p1a: Meowscarada|84/100|[from] item: Rocky Helmet|[of] p2a: Toxicroak
|-damage|p2a: Toxicroak|64/100
|-damage|p1a: Meowscarada|68/100|[from] item: Rocky Helmet|[of] p2a: Toxicroak
|-damage|p2a: Toxicroak|25/100
|-damage|p1a: Meowscarada|51/100|[from] item: Rocky Helmet|[of] p2a: Toxicroak
|-hitcount|p2a: Toxicroak|3
|
|upkeep
|turn|2
|
|t:|1769319426
|switch|p1a: Torkoal|Torkoal, M|100/100
|-weather|SunnyDay|[from] ability: Drought|[of] p1a: Torkoal
|move|p2a: Toxicroak|Drain Punch|p1a: Torkoal
|-damage|p1a: Torkoal|82/100
|-heal|p2a: Toxicroak|34/100|[from] drain|[of] p1a: Torkoal
|
|-weather|SunnyDay|[upkeep]
|-damage|p2a: Toxicroak|22/100|[from] ability: Dry Skin|[of] p2a: Toxicroak
|upkeep
|turn|3
|
|t:|1769319445
|switch|p2a: Pelipper|Pelipper, M, shiny|100/100
|-weather|RainDance|[from] ability: Drizzle|[of] p2a: Pelipper
|switch|p1a: Walking Wake|Walking Wake|100/100
|
|-weather|RainDance|[upkeep]
|upkeep
|turn|4
|
|t:|1769319455
|switch|p2a: Hatterene|Hatterene, F, shiny|100/100
|move|p1a: Walking Wake|Draco Meteor|p2a: Hatterene
|-immune|p2a: Hatterene
|
|-weather|RainDance|[upkeep]
|upkeep
|turn|5
|
|t:|1769319473
|move|p1a: Walking Wake|Hydro Steam|p2a: Hatterene
|-damage|p2a: Hatterene|37/100
|-enditem|p2a: Hatterene|Eject Button
|
|t:|1769319487
|switch|p2a: Zapdos|Zapdos, shiny|100/100
|
|-weather|RainDance|[upkeep]
|upkeep
|turn|6
|
|t:|1769319495
|move|p1a: Walking Wake|Draco Meteor|p2a: Zapdos
|-damage|p2a: Zapdos|24/100
|-unboost|p1a: Walking Wake|spa|2
|move|p2a: Zapdos|Thunder|p1a: Walking Wake
|-damage|p1a: Walking Wake|8/100
|
|-weather|RainDance|[upkeep]
|upkeep
|turn|7
|
|t:|1769319501
|switch|p2a: Toxicroak|Toxicroak, F, shiny|22/100
|move|p1a: Walking Wake|Draco Meteor|p2a: Toxicroak
|-damage|p2a: Toxicroak|0 fnt
|-unboost|p1a: Walking Wake|spa|2
|faint|p2a: Toxicroak
|
|-weather|RainDance|[upkeep]
|upkeep
|
|t:|1769319504
|switch|p2a: Barraskewda|Barraskewda, F, shiny|100/100
|turn|8
|
|t:|1769319511
|-end|p1a: Walking Wake|Protosynthesis|[silent]
|switch|p1a: Torkoal|Torkoal, M|82/100
|-weather|SunnyDay|[from] ability: Drought|[of] p1a: Torkoal
|move|p2a: Barraskewda|Flip Turn|p1a: Torkoal
|-supereffective|p1a: Torkoal
|-damage|p1a: Torkoal|42/100
|
|t:|1769319514
|switch|p2a: Pelipper|Pelipper, M, shiny|100/100|[from] Flip Turn
|-weather|RainDance|[from] ability: Drizzle|[of] p2a: Pelipper
|
|-weather|RainDance|[upkeep]
|upkeep
|turn|9
|
|t:|1769319529
|move|p2a: Pelipper|U-turn|p1a: Torkoal
|-resisted|p1a: Torkoal
|-damage|p1a: Torkoal|38/100
|
|t:|1769319532
|switch|p2a: Hatterene|Hatterene, F, shiny|37/100|[from] U-turn
|move|p1a: Torkoal|Stealth Rock|p2a: Hatterene
|move|p2a: Hatterene|Stealth Rock|p1a: Torkoal|[from] ability: Magic Bounce
|-sidestart|p1: gatesofchell|move: Stealth Rock
|
|-weather|RainDance|[upkeep]
|upkeep
|turn|10
|
|t:|1769319539
|move|p2a: Hatterene|Psychic Noise|p1a: Torkoal
|-damage|p1a: Torkoal|9/100
|-start|p1a: Torkoal|move: Heal Block
|move|p1a: Torkoal|Rapid Spin|p2a: Hatterene
|-damage|p2a: Hatterene|29/100
|-boost|p1a: Torkoal|spe|1
|-sideend|p1: gatesofchell|Stealth Rock|[from] move: Rapid Spin|[of] p1a: Torkoal
|
|-weather|RainDance|[upkeep]
|upkeep
|turn|11
|
|t:|1769319552
|switch|p1a: Meowscarada|Meowscarada, F|51/100
|move|p2a: Hatterene|Healing Wish|p2a: Hatterene
|faint|p2a: Hatterene
|
|-weather|RainDance|[upkeep]
|upkeep
|
|t:|1769319558
|switch|p2a: Barraskewda|Barraskewda, F, shiny|100/100
|turn|12
|
|t:|1769319567
|move|p2a: Barraskewda|Liquidation|p1a: Meowscarada
|-resisted|p1a: Meowscarada
|-damage|p1a: Meowscarada|0 fnt
|faint|p1a: Meowscarada
|
|-weather|RainDance|[upkeep]
|upkeep
|
|t:|1769319577
|switch|p1a: Ceruledge|Ceruledge, F|100/100
|turn|13
|
|t:|1769319580
|switch|p2a: Zapdos|Zapdos, shiny|24/100
|-heal|p2a: Zapdos|100/100|[from] move: Healing Wish
|-terastallize|p1a: Ceruledge|Bug
|move|p1a: Ceruledge|Swords Dance|p1a: Ceruledge
|-boost|p1a: Ceruledge|atk|2
|
|-weather|RainDance|[upkeep]
|upkeep
|turn|14
|
|t:|1769319592
|move|p2a: Zapdos|Hurricane|p1a: Ceruledge
|-supereffective|p1a: Ceruledge
|-damage|p1a: Ceruledge|0 fnt
|faint|p1a: Ceruledge
|
|-weather|RainDance|[upkeep]
|upkeep
|
|t:|1769319602
|switch|p1a: Torkoal|Torkoal, M|9/100
|-weather|SunnyDay|[from] ability: Drought|[of] p1a: Torkoal
|turn|15
|
|t:|1769319608
|switch|p2a: Pelipper|Pelipper, M, shiny|100/100
|-weather|RainDance|[from] ability: Drizzle|[of] p2a: Pelipper
|move|p1a: Torkoal|Stealth Rock|p2a: Pelipper
|-sidestart|p2: FUKNNlGERRAPlST69|move: Stealth Rock
|
|-weather|RainDance|[upkeep]
|upkeep
|turn|16
|
|t:|1769319622
|switch|p1a: Heatran|Heatran, M|100/100
|move|p2a: Pelipper|U-turn|p1a: Heatran
|-resisted|p1a: Heatran
|-damage|p1a: Heatran|98/100
|
|t:|1769319627
|switch|p2a: Iron Treads|Iron Treads, shiny|100/100|[from] U-turn
|-damage|p2a: Iron Treads|97/100|[from] Stealth Rock
|
|-weather|RainDance|[upkeep]
|-heal|p2a: Iron Treads|100/100|[from] item: Leftovers
|upkeep
|turn|17
|
|t:|1769319631
|move|p2a: Iron Treads|Rapid Spin|p1a: Heatran
|-resisted|p1a: Heatran
|-damage|p1a: Heatran|93/100
|-boost|p2a: Iron Treads|spe|1
|-sideend|p2: FUKNNlGERRAPlST69|Stealth Rock|[from] move: Rapid Spin|[of] p2a: Iron Treads
|move|p1a: Heatran|Earth Power|p2a: Iron Treads
|-supereffective|p2a: Iron Treads
|-damage|p2a: Iron Treads|50/100
|
|-weather|RainDance|[upkeep]
|-heal|p2a: Iron Treads|56/100|[from] item: Leftovers
|upkeep
|turn|18
|
|t:|1769319642
|move|p2a: Iron Treads|Stealth Rock|p1a: Heatran
|-sidestart|p1: gatesofchell|move: Stealth Rock
|move|p1a: Heatran|Earth Power|p2a: Iron Treads
|-supereffective|p2a: Iron Treads
|-damage|p2a: Iron Treads|0 fnt
|faint|p2a: Iron Treads
|-end|p2a: Iron Treads|Quark Drive|[silent]
|
|-weather|RainDance|[upkeep]
|upkeep
|
|t:|1769319647
|switch|p2a: Zapdos|Zapdos, shiny|100/100
|turn|19
|
|t:|1769319655
|move|p2a: Zapdos|Weather Ball|p1a: Heatran
|-supereffective|p1a: Heatran
|-damage|p1a: Heatran|5/100
|move|p1a: Heatran|Flash Cannon|p2a: Zapdos
|-resisted|p2a: Zapdos
|-damage|p2a: Zapdos|74/100
|-unboost|p2a: Zapdos|spd|1
|
|-weather|RainDance|[upkeep]
|upkeep
|turn|20
|
|t:|1769319668
|move|p2a: Zapdos|Weather Ball|p1a: Heatran
|-supereffective|p1a: Heatran
|-damage|p1a: Heatran|0 fnt
|faint|p1a: Heatran
|
|-weather|RainDance|[upkeep]
|upkeep
|
|t:|1769319673
|switch|p1a: Great Tusk|Great Tusk|100/100
|-damage|p1a: Great Tusk|98/100|[from] Stealth Rock
|turn|21
|
|t:|1769319683
|move|p2a: Zapdos|Weather Ball|p1a: Great Tusk
|-supereffective|p1a: Great Tusk
|-damage|p1a: Great Tusk|0 fnt
|faint|p1a: Great Tusk
|-end|p1a: Great Tusk|Protosynthesis|[silent]
|
|-weather|RainDance|[upkeep]
|upkeep
|
|t:|1769319687
|switch|p1a: Torkoal|Torkoal, M|9/100
|-damage|p1a: Torkoal|0 fnt|[from] Stealth Rock
|faint|p1a: Torkoal
|
|t:|1769319688
|switch|p1a: Walking Wake|Walking Wake|8/100
|turn|22
|inactive|Battle timer is ON: inactive players will automatically lose when time's up. (requested by FUKNNlGERRAPlST69)
|-message|gatesofchell forfeited.
|
|win|FUKNNlGERRAPlST69
|raw|gatesofchell's rating: 1199 &rarr; <strong>1171</strong><br />(-28 for losing)
|raw|FUKNNlGERRAPlST69's rating: 1161 &rarr; <strong>1189</strong><br />(+28 for winning)
|l|☆gatesofchell
|player|p1|
