|j|☆xHAKAI
|j|☆ferrydiscs
|t:|1769361915
|gametype|singles
|player|p1|xHAKAI|red|1413
|player|p2|ferrydiscs|will|1493
|gen|9
|tier|[Gen 9] OU
|rated|
|rule|HP Percentage Mod: HP is shown in percentages
|rule|Endless Battle Clause: Forcing endless battles is banned
|rule|Species Clause: Limit one of each Pokémon
|rule|OHKO Clause: OHKO moves are banned
|rule|Evasion Items Clause: Evasion items are banned
|rule|Evasion Moves Clause: Evasion moves are banned
|rule|Evasion Abilities Clause: Evasion abilities are banned
|rule|Sleep Moves Clause: Sleep-inducing moves are banned
|clearpoke
|poke|p1|Landorus-Therian, M|
|poke|p1|Heatran, M|
|poke|p1|Iron Valiant|
|poke|p1|Raging Bolt|
|poke|p1|Hoopa-Unbound|
|poke|p1|Ogerpon-Wellspring, F|
|poke|p2|Tyranitar, M|
|poke|p2|Excadrill, M|
|poke|p2|Tornadus-Therian, M|
|poke|p2|Tinkaton, F|
|poke|p2|Sinistcha|
|poke|p2|Toxapex, M|
|teampreview
|inactive|Battle timer is ON: inactive players will automatically lose when time's up. (requested by xHAKAI)
|
|t:|1769361945
|teamsize|p1|6
|teamsize|p2|6
|start
|switch|p1a: Flying Raijin|Raging Bolt|100/100
|switch|p2a: Tornadus|Tornadus-Therian, M, shiny|100/100
|-enditem|p1a: Flying Raijin|Booster Energy
|-activate|p1a: Flying Raijin|ability: Protosynthesis|[fromitem]
|-start|p1a: Flying Raijin|protosynthesisspa
|turn|1
|
|t:|1769361950
|switch|p2a: Excadrill|Excadrill, M, shiny|100/100
|move|p1a: Flying Raijin|Dragon Pulse|p2a: Excadrill
|-resisted|p2a: Excadrill
|-damage|p2a: Excadrill|59/100
|
|-heal|p2a: Excadrill|65/100|[from] item: Leftovers
|upkeep
|turn|2
|
|t:|1769361958
|-end|p1a: Flying Raijin|Protosynthesis|[silent]
|switch|p1a: Landorus|Landorus-Therian, M|100/100
|-ability|p1a: Landorus|Intimidate|boost
|-unboost|p2a: Excadrill|atk|1
|move|p2a: Excadrill|Earthquake|p1a: Landorus
|-immune|p1a: Landorus
|
|-heal|p2a: Excadrill|71/100|[from] item: Leftovers
|upkeep
|turn|3
|
|t:|1769361962
|switch|p2a: Tinkaton|Tinkaton, F, shiny|100/100
|-item|p2a: Tinkaton|Air Balloon
|move|p1a: Landorus|Stealth Rock|p2a: Tinkaton
|-sidestart|p2: ferrydiscs|move: Stealth Rock
|
|upkeep
|turn|4
|
|t:|1769361965
|move|p2a: Tinkaton|Stealth Rock|p1a: Landorus
|-sidestart|p1: xHAKAI|move: Stealth Rock
|move|p1a: Landorus|U-turn|p2a: Tinkaton
|-resisted|p2a: Tinkaton
|-damage|p2a: Tinkaton|94/100
|-enditem|p2a: Tinkaton|Air Balloon
|-enditem|p1a: Landorus|Rocky Helmet|[silent]|[from] ability: Pickpocket|[of] p1a: Landorus
|-item|p2a: Tinkaton|Rocky Helmet|[from] ability: Pickpocket|[of] p1a: Landorus
|
|t:|1769361967
|switch|p1a: Heatran|Heatran, M|100/100|[from] U-turn
|-damage|p1a: Heatran|88/100|[from] Stealth Rock
|-item|p1a: Heatran|Air Balloon
|
|upkeep
|turn|5
|
|t:|1769361971
|switch|p2a: Toxapex|Toxapex, M, shiny|100/100
|-damage|p2a: Toxapex|88/100|[from] Stealth Rock
|move|p1a: Heatran|Magma Storm|p2a: Toxapex|[miss]
|-miss|p1a: Heatran|p2a: Toxapex
|
|upkeep
|turn|6
|
|t:|1769361976
|switch|p1a: Flying Raijin|Raging Bolt|100/100
|-damage|p1a: Flying Raijin|88/100|[from] Stealth Rock
|move|p2a: Toxapex|Toxic Spikes|p1a: Flying Raijin
|-sidestart|p1: xHAKAI|move: Toxic Spikes
|
|upkeep
|turn|7
|
|t:|1769361980
|-end|p1a: Flying Raijin|Protosynthesis|[silent]
|switch|p1a: Landorus|Landorus-Therian, M|100/100
|-damage|p1a: Landorus|88/100|[from] Stealth Rock
|-ability|p1a: Landorus|Intimidate|boost
|-unboost|p2a: Toxapex|atk|1
|move|p2a: Toxapex|Toxic|p1a: Landorus
|-status|p1a: Landorus|tox
|
|-damage|p1a: Landorus|82/100 tox|[from] psn
|upkeep
|turn|8
|
|t:|1769361990
|move|p1a: Landorus|Earth Power|p2a: Toxapex
|-supereffective|p2a: Toxapex
|-damage|p2a: Toxapex|28/100
|-enditem|p2a: Toxapex|Eject Button
|
|t:|1769361995
|switch|p2a: Tornadus|Tornadus-Therian, M, shiny|100/100
|-damage|p2a: Tornadus|76/100|[from] Stealth Rock
|
|-damage|p1a: Landorus|70/100 tox|[from] psn
|upkeep
|turn|9
|
|t:|1769362012
|switch|p1a: Flying Raijin|Raging Bolt|88/100
|-damage|p1a: Flying Raijin|76/100|[from] Stealth Rock
|-status|p1a: Flying Raijin|psn
|move|p2a: Tornadus|Bleakwind Storm|p1a: Flying Raijin
|-resisted|p1a: Flying Raijin
|-damage|p1a: Flying Raijin|42/100 psn
|
|-damage|p1a: Flying Raijin|30/100 psn|[from] psn
|upkeep
|turn|10
|
|t:|1769362027
|switch|p2a: Sinistcha|Sinistcha, shiny|100/100
|-damage|p2a: Sinistcha|88/100|[from] Stealth Rock
|move|p1a: Flying Raijin|Thunderclap||[still]
|-fail|p1a: Flying Raijin
|
|-heal|p2a: Sinistcha|94/100|[from] item: Leftovers
|-damage|p1a: Flying Raijin|17/100 psn|[from] psn
|upkeep
|turn|11
|
|t:|1769362041
|switch|p2a: Tinkaton|Tinkaton, F, shiny|94/100
|-damage|p2a: Tinkaton|88/100|[from] Stealth Rock
|move|p1a: Flying Raijin|Dragon Pulse|p2a: Tinkaton
|-immune|p2a: Tinkaton
|
|-damage|p1a: Flying Raijin|5/100 psn|[from] psn
|upkeep
|turn|12
|
|t:|1769362047
|move|p2a: Tinkaton|Encore|p1a: Flying Raijin
|-start|p1a: Flying Raijin|Encore
|move|p1a: Flying Raijin|Dragon Pulse|p2a: Tinkaton
|-immune|p2a: Tinkaton
|
|-damage|p1a: Flying Raijin|0 fnt|[from] psn
|faint|p1a: Flying Raijin
|-end|p1a: Flying Raijin|Protosynthesis|[silent]
|upkeep
|
|t:|1769362053
|switch|p1a: Heatran|Heatran, M|88/100
|-damage|p1a: Heatran|76/100|[from] Stealth Rock
|-item|p1a: Heatran|Air Balloon
|turn|13
|
|t:|1769362074
|switch|p2a: Tyranitar|Tyranitar, M, shiny|100/100
|-damage|p2a: Tyranitar|88/100|[from] Stealth Rock
|-weather|Sandstorm|[from] ability: Sand Stream|[of] p2a: Tyranitar
|move|p1a: Heatran|Magma Storm|p2a: Tyranitar
|-resisted|p2a: Tyranitar
|-damage|p2a: Tyranitar|74/100
|-activate|p2a: Tyranitar|move: Magma Storm|[of] p1a: Heatran
|
|-weather|Sandstorm|[upkeep]
|-damage|p2a: Tyranitar|61/100|[from] move: Magma Storm|[partiallytrapped]
|upkeep
|turn|14
|
|t:|1769362087
|move|p2a: Tyranitar|Stone Edge|p1a: Heatran|[miss]
|-miss|p2a: Tyranitar|p1a: Heatran
|move|p1a: Heatran|Flash Cannon|p2a: Tyranitar
|-supereffective|p2a: Tyranitar
|-damage|p2a: Tyranitar|12/100
|
|-weather|Sandstorm|[upkeep]
|-damage|p2a: Tyranitar|0 fnt|[from] move: Magma Storm|[partiallytrapped]
|faint|p2a: Tyranitar
|upkeep
|
|t:|1769362105
|switch|p2a: Toxapex|Toxapex, M, shiny|62/100
|-damage|p2a: Toxapex|49/100|[from] Stealth Rock
|turn|15
|
|t:|1769362123
|switch|p1a: Landorus|Landorus-Therian, M|70/100 tox
|-damage|p1a: Landorus|58/100 tox|[from] Stealth Rock
|-ability|p1a: Landorus|Intimidate|boost
|-unboost|p2a: Toxapex|atk|1
|move|p2a: Toxapex|Recover|p2a: Toxapex
|-heal|p2a: Toxapex|99/100
|
|-weather|Sandstorm|[upkeep]
|-damage|p2a: Toxapex|94/100|[from] Sandstorm
|-damage|p1a: Landorus|52/100 tox|[from] psn
|upkeep
|turn|16
|
|t:|1769362127
|move|p1a: Landorus|Earth Power|p2a: Toxapex
|-supereffective|p2a: Toxapex
|-damage|p2a: Toxapex|34/100
|-unboost|p2a: Toxapex|spd|1
|move|p2a: Toxapex|Toxic Spikes|p1a: Landorus
|-sidestart|p1: xHAKAI|move: Toxic Spikes
|
|-weather|Sandstorm|[upkeep]
|-damage|p2a: Toxapex|28/100|[from] Sandstorm
|-damage|p1a: Landorus|40/100 tox|[from] psn
|upkeep
|turn|17
|
|t:|1769362138
|switch|p2a: Tornadus|Tornadus-Therian, M, shiny|100/100
|-damage|p2a: Tornadus|76/100|[from] Stealth Rock
|move|p1a: Landorus|U-turn|p2a: Tornadus
|-resisted|p2a: Tornadus
|-damage|p2a: Tornadus|63/100
|
|t:|1769362144
|switch|p1a: Hoopa|Hoopa-Unbound|100/100|[from] U-turn
|-damage|p1a: Hoopa|88/100|[from] Stealth Rock
|-status|p1a: Hoopa|tox
|
|-weather|none
|-damage|p1a: Hoopa|82/100 tox|[from] psn
|upkeep
|turn|18
|
|t:|1769362154
|switch|p2a: Tinkaton|Tinkaton, F, shiny|88/100
|-damage|p2a: Tinkaton|82/100|[from] Stealth Rock
|-terastallize|p1a: Hoopa|Fairy
|move|p1a: Hoopa|Thunderbolt|p2a: Tinkaton
|-damage|p2a: Tinkaton|41/100
|
|-damage|p1a: Hoopa|70/100 tox|[from] psn
|upkeep
|turn|19
|
|t:|1769362165
|switch|p1a: Landorus|Landorus-Therian, M|40/100 tox
|-damage|p1a: Landorus|28/100 tox|[from] Stealth Rock
|-ability|p1a: Landorus|Intimidate|boost
|-unboost|p2a: Tinkaton|atk|1
|move|p2a: Tinkaton|Gigaton Hammer|p1a: Landorus
|-damage|p1a: Landorus|0 fnt
|faint|p1a: Landorus
|
|upkeep
|
|t:|1769362182
|switch|p1a: Heatran|Heatran, M|76/100
|-damage|p1a: Heatran|63/100|[from] Stealth Rock
|-item|p1a: Heatran|Air Balloon
|turn|20
|
|t:|1769362186
|move|p2a: Tinkaton|Ice Hammer|p1a: Heatran
|-resisted|p1a: Heatran
|-damage|p1a: Heatran|61/100
|-unboost|p2a: Tinkaton|spe|1
|-enditem|p1a: Heatran|Air Balloon
|move|p1a: Heatran|Magma Storm|p2a: Tinkaton
|-supereffective|p2a: Tinkaton
|-damage|p2a: Tinkaton|0 fnt
|faint|p2a: Tinkaton
|
|upkeep
|
|t:|1769362192
|switch|p2a: Excadrill|Excadrill, M, shiny|71/100
|-damage|p2a: Excadrill|68/100|[from] Stealth Rock
|turn|21
|
|t:|1769362205
|move|p2a: Excadrill|Substitute|p2a: Excadrill
|-start|p2a: Excadrill|Substitute
|-damage|p2a: Excadrill|43/100
|move|p1a: Heatran|Magma Storm|p2a: Excadrill
|-supereffective|p2a: Excadrill
|-end|p2a: Excadrill|Substitute
|
|-heal|p2a: Excadrill|49/100|[from] item: Leftovers
|upkeep
|turn|22
|
|t:|1769362209
|move|p2a: Excadrill|Earthquake|p1a: Heatran
|-supereffective|p1a: Heatran
|-damage|p1a: Heatran|0 fnt
|faint|p1a: Heatran
|
|-heal|p2a: Excadrill|55/100|[from] item: Leftovers
|upkeep
|
|t:|1769362212
|switch|p1a: Kisame|Ogerpon-Wellspring, F|100/100
|-damage|p1a: Kisame|88/100|[from] Stealth Rock
|-status|p1a: Kisame|tox
|turn|23
|
|t:|1769362223
|switch|p1a: Hoopa|Hoopa-Unbound, tera:Fairy|70/100 tox
|-damage|p1a: Hoopa|58/100 tox|[from] Stealth Rock
|switch|p2a: Sinistcha|Sinistcha, shiny|94/100
|-damage|p2a: Sinistcha|82/100|[from] Stealth Rock
|
|-heal|p2a: Sinistcha|88/100|[from] item: Leftovers
|-damage|p1a: Hoopa|52/100 tox|[from] psn
|upkeep
|turn|24
|
|t:|1769362233
|move|p1a: Hoopa|Hyperspace Fury|p2a: Sinistcha
|-supereffective|p2a: Sinistcha
|-damage|p2a: Sinistcha|18/100
|-unboost|p1a: Hoopa|def|1
|move|p2a: Sinistcha|Shadow Ball|p1a: Hoopa
|-damage|p1a: Hoopa|35/100 tox
|
|-heal|p2a: Sinistcha|24/100|[from] item: Leftovers
|-damage|p1a: Hoopa|23/100 tox|[from] psn
|upkeep
|turn|25
|
|t:|1769362238
|move|p1a: Hoopa|Psychic Noise|p2a: Sinistcha
|-damage|p2a: Sinistcha|0 fnt
|faint|p2a: Sinistcha
|
|-damage|p1a: Hoopa|5/100 tox|[from] psn
|upkeep
|
|t:|1769362242
|switch|p2a: Excadrill|Excadrill, M, shiny|55/100
|-damage|p2a: Excadrill|52/100|[from] Stealth Rock
|turn|26
|
|t:|1769362245
|move|p2a: Excadrill|Rapid Spin|p1a: Hoopa
|-damage|p1a: Hoopa|0 fnt
|-boost|p2a: Excadrill|spe|1
|-sideend|p2: ferrydiscs|Stealth Rock|[from] move: Rapid Spin|[of] p2a: Excadrill
|faint|p1a: Hoopa
|
|-heal|p2a: Excadrill|58/100|[from] item: Leftovers
|upkeep
|
|t:|1769362252
|switch|p1a: Iron Valiant|Iron Valiant|100/100
|-damage|p1a: Iron Valiant|94/100|[from] Stealth Rock
|-status|p1a: Iron Valiant|tox
|-enditem|p1a: Iron Valiant|Booster Energy
|-activate|p1a: Iron Valiant|ability: Quark Drive|[fromitem]
|-start|p1a: Iron Valiant|quarkdrivespe
|turn|27
|
|t:|1769362264
|move|p1a: Iron Valiant|Encore|p2a: Excadrill
|-start|p2a: Excadrill|Encore
|move|p2a: Excadrill|Rapid Spin|p1a: Iron Valiant
|-damage|p1a: Iron Valiant|71/100 tox
|-boost|p2a: Excadrill|spe|1
|
|-heal|p2a: Excadrill|64/100|[from] item: Leftovers
|-damage|p1a: Iron Valiant|65/100 tox|[from] psn
|upkeep
|turn|28
|
|t:|1769362268
|switch|p2a: Toxapex|Toxapex, M, shiny|62/100
|move|p1a: Iron Valiant|Calm Mind|p1a: Iron Valiant
|-boost|p1a: Iron Valiant|spa|1
|-boost|p1a: Iron Valiant|spd|1
|
|-damage|p1a: Iron Valiant|52/100 tox|[from] psn
|upkeep
|turn|29
|
|t:|1769362294
|move|p1a: Iron Valiant|Calm Mind|p1a: Iron Valiant
|-boost|p1a: Iron Valiant|spa|1
|-boost|p1a: Iron Valiant|spd|1
|move|p2a: Toxapex|Haze|p2a: Toxapex
|-clearallboost
|
|-damage|p1a: Iron Valiant|33/100 tox|[from] psn
|upkeep
|turn|30
|
|t:|1769362299
|move|p1a: Iron Valiant|Encore|p2a: Toxapex
|-start|p2a: Toxapex|Encore
|move|p2a: Toxapex|Haze|p2a: Toxapex
|-clearallboost
|
|-damage|p1a: Iron Valiant|8/100 tox|[from] psn
|upkeep
|turn|31
|
|t:|1769362304
|move|p1a: Iron Valiant|Shadow Ball|p2a: Toxapex
|-damage|p2a: Toxapex|42/100
|move|p2a: Toxapex|Haze|p2a: Toxapex
|-clearallboost
|
|-damage|p1a: Iron Valiant|0 fnt|[from] psn
|faint|p1a: Iron Valiant
|-end|p1a: Iron Valiant|Quark Drive|[silent]
|upkeep
|
|t:|1769362307
|switch|p1a: Kisame|Ogerpon-Wellspring, F|88/100 tox
|-damage|p1a: Kisame|76/100 tox|[from] Stealth Rock
|turn|32
|
|t:|1769362310
|switch|p2a: Tornadus|Tornadus-Therian, M, shiny|96/100
|move|p1a: Kisame|Ivy Cudgel|p2a: Tornadus|[anim] Ivy Cudgel Water
|-damage|p2a: Tornadus|21/100
|
|-damage|p1a: Kisame|70/100 tox|[from] psn
|upkeep
|turn|33
|
|t:|1769362313
|move|p2a: Tornadus|Bleakwind Storm|p1a: Kisame
|-supereffective|p1a: Kisame
|-damage|p1a: Kisame|0 fnt
|faint|p1a: Kisame
|
|win|ferrydiscs
|raw|xHAKAI's rating: 1413 &rarr; <strong>1398</strong><br />(-15 for losing)
|raw|ferrydiscs's rating: 1493 &rarr; <strong>1508</strong><br />(+15 for winning)
|l|☆xHAKAI
|player|p1|
