|j|☆protime573
|j|☆ygffjvxr
|t:|1769392847
|gametype|singles
|player|p1|protime573|lillie-z|1199
|player|p2|ygffjvxr|worker-gen4|1266
|gen|9
|tier|[Gen 9] OU
|rated|
|rule|HP Percentage Mod: HP is shown in percentages
|rule|Endless Battle Clause: Forcing endless battles is banned
|rule|Species Clause: Limit one of each Pokémon
|rule|OHKO Clause: OHKO moves are banned
|rule|Evasion Items Clause: Evasion items are banned
|rule|Evasion Moves Clause: Evasion moves are banned
|rule|Evasion Abilities Clause: Evasion abilities are banned
|rule|Sleep Moves Clause: Sleep-inducing moves are banned
|clearpoke
|poke|p1|Darkrai|
|poke|p1|Okidogi, M|
|poke|p1|Gliscor, F|
|poke|p1|Samurott-Hisui, F|
|poke|p1|Great Tusk|
|poke|p1|Gholdengo|
|poke|p2|Hatterene, F|
|poke|p2|Cinderace, F|
|poke|p2|Great Tusk|
|poke|p2|Samurott-Hisui, F|
|poke|p2|Ogerpon-Wellspring, F|
|poke|p2|Pecharunt|
|teampreview
|
|t:|1769392888
|teamsize|p1|6
|teamsize|p2|6
|start
|switch|p1a: Samurott|Samurott-Hisui, F|100/100
|switch|p2a: Ogerpon|Ogerpon-Wellspring, F|100/100
|turn|1
|
|t:|1769392924
|switch|p1a: Okidogi|Okidogi, M|100/100
|move|p2a: Ogerpon|Power Whip|p1a: Okidogi
|-resisted|p1a: Okidogi
|-damage|p1a: Okidogi|72/100
|
|upkeep
|turn|2
|
|t:|1769392941
|switch|p2a: Pecharunt|Pecharunt|100/100
|move|p1a: Okidogi|Drain Punch|p2a: Pecharunt
|-immune|p2a: Pecharunt
|
|upkeep
|turn|3
|
|t:|1769392948
|switch|p1a: Darkrai|Darkrai|100/100
|move|p2a: Pecharunt|Parting Shot|p1a: Darkrai
|-unboost|p1a: Darkrai|atk|1
|-unboost|p1a: Darkrai|spa|1
|
|t:|1769392957
|switch|p2a: Hatterene|Hatterene, F|100/100|[from] Parting Shot
|
|upkeep
|turn|4
|
|t:|1769392969
|switch|p1a: Gliscor|Gliscor, F|100/100
|move|p2a: Hatterene|Mystical Fire|p1a: Gliscor
|-damage|p1a: Gliscor|78/100
|-unboost|p1a: Gliscor|spa|1
|
|-status|p1a: Gliscor|tox|[from] item: Toxic Orb
|upkeep
|turn|5
|
|t:|1769392983
|switch|p2a: Ogerpon|Ogerpon-Wellspring, F|100/100
|move|p1a: Gliscor|Stealth Rock|p2a: Ogerpon
|-sidestart|p2: ygffjvxr|move: Stealth Rock
|
|-heal|p1a: Gliscor|91/100 tox|[from] ability: Poison Heal
|upkeep
|turn|6
|
|t:|1769393011
|switch|p1a: Okidogi|Okidogi, M|72/100
|move|p2a: Ogerpon|Knock Off|p1a: Okidogi
|-resisted|p1a: Okidogi
|-damage|p1a: Okidogi|57/100
|-enditem|p1a: Okidogi|Choice Band|[from] move: Knock Off|[of] p2a: Ogerpon
|
|upkeep
|turn|7
|
|t:|1769393023
|move|p2a: Ogerpon|Ivy Cudgel|p1a: Okidogi|[anim] Ivy Cudgel Water
|-damage|p1a: Okidogi|7/100
|move|p1a: Okidogi|Gunk Shot|p2a: Ogerpon
|-supereffective|p2a: Ogerpon
|-damage|p2a: Ogerpon|0 fnt
|faint|p2a: Ogerpon
|
|upkeep
|
|t:|1769393034
|switch|p2a: Great Tusk|Great Tusk|100/100
|-damage|p2a: Great Tusk|98/100|[from] Stealth Rock
|turn|8
|
|t:|1769393044
|move|p2a: Great Tusk|Knock Off|p1a: Okidogi
|-resisted|p1a: Okidogi
|-damage|p1a: Okidogi|0 fnt
|faint|p1a: Okidogi
|
|upkeep
|
|t:|1769393096
|switch|p1a: Great Tusk|Great Tusk|100/100
|turn|9
|
|t:|1769393105
|move|p2a: Great Tusk|Rapid Spin|p1a: Great Tusk
|-damage|p1a: Great Tusk|91/100
|-boost|p2a: Great Tusk|spe|1
|-damage|p2a: Great Tusk|81/100|[from] item: Rocky Helmet|[of] p1a: Great Tusk
|-sideend|p2: ygffjvxr|Stealth Rock|[from] move: Rapid Spin|[of] p2a: Great Tusk
|move|p1a: Great Tusk|Ice Spinner|p2a: Great Tusk
|-supereffective|p2a: Great Tusk
|-damage|p2a: Great Tusk|50/100
|-damage|p1a: Great Tusk|74/100|[from] item: Rocky Helmet|[of] p2a: Great Tusk
|
|upkeep
|turn|10
|
|t:|1769393133
|-end|p2a: Great Tusk|Protosynthesis|[silent]
|switch|p2a: Samurott|Samurott-Hisui, F|100/100
|move|p1a: Great Tusk|Ice Spinner|p2a: Samurott
|-resisted|p2a: Samurott
|-damage|p2a: Samurott|86/100
|
|upkeep
|turn|11
|
|t:|1769393143
|move|p2a: Samurott|Razor Shell|p1a: Great Tusk
|-supereffective|p1a: Great Tusk
|-damage|p1a: Great Tusk|13/100
|-damage|p2a: Samurott|69/100|[from] item: Rocky Helmet|[of] p1a: Great Tusk
|move|p1a: Great Tusk|Close Combat|p2a: Samurott
|-supereffective|p2a: Samurott
|-damage|p2a: Samurott|0 fnt
|-unboost|p1a: Great Tusk|def|1
|-unboost|p1a: Great Tusk|spd|1
|faint|p2a: Samurott
|
|upkeep
|
|t:|1769393165
|switch|p2a: Cinderace|Cinderace, F|100/100
|turn|12
|
|t:|1769393170
|-terastallize|p2a: Cinderace|Fire
|move|p2a: Cinderace|Pyro Ball|p1a: Great Tusk
|-damage|p1a: Great Tusk|0 fnt
|faint|p1a: Great Tusk
|-end|p1a: Great Tusk|Protosynthesis|[silent]
|
|upkeep
|
|t:|1769393205
|switch|p1a: Gliscor|Gliscor, F|91/100 tox
|turn|13
|
|t:|1769393211
|switch|p2a: Great Tusk|Great Tusk|50/100
|move|p1a: Gliscor|Earthquake|p2a: Great Tusk
|-damage|p2a: Great Tusk|28/100
|
|-heal|p1a: Gliscor|100/100 tox|[from] ability: Poison Heal
|upkeep
|turn|14
|
|t:|1769393228
|-end|p2a: Great Tusk|Protosynthesis|[silent]
|switch|p2a: Hatterene|Hatterene, F|100/100
|switch|p1a: Samurott|Samurott-Hisui, F|100/100
|
|upkeep
|turn|15
|
|t:|1769393262
|move|p1a: Samurott|Aqua Cutter|p2a: Hatterene
|-damage|p2a: Hatterene|45/100
|move|p2a: Hatterene|Draining Kiss|p1a: Samurott
|-supereffective|p1a: Samurott
|-damage|p1a: Samurott|60/100
|-heal|p2a: Hatterene|81/100|[from] drain|[of] p1a: Samurott
|
|upkeep
|turn|16
|
|t:|1769393281
|switch|p2a: Pecharunt|Pecharunt|100/100
|move|p1a: Samurott|Flip Turn|p2a: Pecharunt
|-damage|p2a: Pecharunt|85/100
|
|t:|1769393288
|switch|p1a: Gholdengo|Gholdengo|100/100|[from] Flip Turn
|
|upkeep
|turn|17
|
|t:|1769393298
|-terastallize|p1a: Gholdengo|Ghost
|move|p1a: Gholdengo|Shadow Ball|p2a: Pecharunt
|-supereffective|p2a: Pecharunt
|-damage|p2a: Pecharunt|0 fnt
|faint|p2a: Pecharunt
|
|upkeep
|
|t:|1769393307
|switch|p2a: Cinderace|Cinderace, F, tera:Fire|100/100
|turn|18
|
|t:|1769393311
|switch|p1a: Gliscor|Gliscor, F|100/100 tox
|move|p2a: Cinderace|Pyro Ball|p1a: Gliscor
|-damage|p1a: Gliscor|12/100 tox
|
|-heal|p1a: Gliscor|25/100 tox|[from] ability: Poison Heal
|upkeep
|turn|19
|
|t:|1769393320
|move|p2a: Cinderace|Pyro Ball|p1a: Gliscor
|-damage|p1a: Gliscor|0 fnt
|faint|p1a: Gliscor
|
|upkeep
|
|t:|1769393324
|switch|p1a: Darkrai|Darkrai|100/100
|turn|20
|
|t:|1769393339
|move|p1a: Darkrai|Dark Pulse|p2a: Cinderace
|-damage|p2a: Cinderace|35/100
|move|p2a: Cinderace|Pyro Ball|p1a: Darkrai
|-damage|p1a: Darkrai|0 fnt
|faint|p1a: Darkrai
|
|upkeep
|
|t:|1769393343
|switch|p1a: Gholdengo|Gholdengo, tera:Ghost|100/100
|turn|21
|
|t:|1769393350
|move|p1a: Gholdengo|Shadow Ball|p2a: Cinderace
|-damage|p2a: Cinderace|0 fnt
|faint|p2a: Cinderace
|
|upkeep
|
|t:|1769393356
|switch|p2a: Hatterene|Hatterene, F|81/100
|turn|22
|
|t:|1769393361
|move|p1a: Gholdengo|Shadow Ball|p2a: Hatterene
|-supereffective|p2a: Hatterene
|-damage|p2a: Hatterene|11/100
|move|p2a: Hatterene|Draining Kiss|p1a: Gholdengo
|-damage|p1a: Gholdengo|68/100
|-heal|p2a: Hatterene|35/100|[from] drain|[of] p1a: Gholdengo
|
|upkeep
|turn|23
|
|t:|1769393375
|move|p1a: Gholdengo|Shadow Ball|p2a: Hatterene
|-supereffective|p2a: Hatterene
|-damage|p2a: Hatterene|0 fnt
|faint|p2a: Hatterene
|
|upkeep
|-message|ygffjvxr forfeited.
|
|win|protime573
|raw|protime573's rating: 1199 &rarr; <strong>1229</strong><br />(+30 for winning)
|raw|ygffjvxr's rating: 1266 &rarr; <strong>1236</strong><br />(-30 for losing)
|l|☆ygffjvxr
|player|p2|
|c|☆protime573|gg
