|j|☆choicesocks
|j|☆patchworrk
|t:|1769302826
|gametype|singles
|player|p1|choicesocks|1|1355
|player|p2|patchworrk|rosa|1296
|gen|9
|tier|[Gen 9] OU
|rated|
|rule|HP Percentage Mod: HP is shown in percentages
|rule|Endless Battle Clause: Forcing endless battles is banned
|rule|Species Clause: Limit one of each Pokémon
|rule|OHKO Clause: OHKO moves are banned
|rule|Evasion Items Clause: Evasion items are banned
|rule|Evasion Moves Clause: Evasion moves are banned
|rule|Evasion Abilities Clause: Evasion abilities are banned
|rule|Sleep Moves Clause: Sleep-inducing moves are banned
|clearpoke
|poke|p1|Hydrapple, M|
|poke|p1|Tyranitar, F|
|poke|p1|Talonflame, F|
|poke|p1|Zamazenta-*|
|poke|p1|Slowking-Galar, M|
|poke|p1|Excadrill, F|
|poke|p2|Primarina, M|
|poke|p2|Enamorus, F|
|poke|p2|Iron Moth|
|poke|p2|Iron Treads|
|poke|p2|Dragapult, M|
|poke|p2|Iron Jugulis|
|teampreview
|
|t:|1769302840
|teamsize|p1|6
|teamsize|p2|6
|start
|switch|p1a: Tyranitar|Tyranitar, F|100/100
|switch|p2a: golden wind|Dragapult, M, shiny|100/100
|-weather|Sandstorm|[from] ability: Sand Stream|[of] p1a: Tyranitar
|turn|1
|
|t:|1769302849
|move|p2a: golden wind|U-turn|p1a: Tyranitar
|-supereffective|p1a: Tyranitar
|-damage|p1a: Tyranitar|35/100
|
|t:|1769302853
|switch|p2a: address me|Iron Treads|100/100|[from] U-turn
|-item|p2a: address me|Air Balloon
|move|p1a: Tyranitar|Knock Off|p2a: address me
|-damage|p2a: address me|49/100
|-enditem|p2a: address me|Air Balloon
|
|-weather|Sandstorm|[upkeep]
|upkeep
|turn|2
|
|t:|1769302866
|move|p2a: address me|Earthquake|p1a: Tyranitar
|-supereffective|p1a: Tyranitar
|-damage|p1a: Tyranitar|0 fnt
|faint|p1a: Tyranitar
|
|-weather|Sandstorm|[upkeep]
|upkeep
|
|t:|1769302880
|switch|p1a: Talonflame|Talonflame, F|100/100
|turn|3
|
|t:|1769302891
|-end|p2a: address me|Quark Drive|[silent]
|switch|p2a: persephone|Primarina, M, shiny|100/100
|move|p1a: Talonflame|Flamethrower|p2a: persephone
|-resisted|p2a: persephone
|-damage|p2a: persephone|91/100
|
|-weather|Sandstorm|[upkeep]
|-damage|p1a: Talonflame|94/100|[from] Sandstorm
|-damage|p2a: persephone|85/100|[from] Sandstorm
|-heal|p2a: persephone|91/100|[from] item: Leftovers
|upkeep
|turn|4
|
|t:|1769302905
|switch|p1a: Slowking|Slowking-Galar, M|100/100
|move|p2a: persephone|Calm Mind|p2a: persephone
|-boost|p2a: persephone|spa|1
|-boost|p2a: persephone|spd|1
|
|-weather|Sandstorm|[upkeep]
|-damage|p2a: persephone|85/100|[from] Sandstorm
|-damage|p1a: Slowking|94/100|[from] Sandstorm
|-heal|p2a: persephone|91/100|[from] item: Leftovers
|upkeep
|turn|5
|
|t:|1769302923
|move|p2a: persephone|Calm Mind|p2a: persephone
|-boost|p2a: persephone|spa|1
|-boost|p2a: persephone|spd|1
|move|p1a: Slowking|Sludge Bomb|p2a: persephone
|-supereffective|p2a: persephone
|-damage|p2a: persephone|64/100
|-status|p2a: persephone|psn
|
|-weather|Sandstorm|[upkeep]
|-damage|p2a: persephone|58/100 psn|[from] Sandstorm
|-damage|p1a: Slowking|88/100|[from] Sandstorm
|-heal|p2a: persephone|64/100 psn|[from] item: Leftovers
|-damage|p2a: persephone|52/100 psn|[from] psn
|upkeep
|turn|6
|
|t:|1769302951
|move|p2a: persephone|Psychic Noise|p1a: Slowking
|-damage|p1a: Slowking|42/100
|-start|p1a: Slowking|move: Heal Block
|move|p1a: Slowking|Psyshock|p2a: persephone
|-damage|p2a: persephone|16/100 psn
|
|-weather|Sandstorm|[upkeep]
|-damage|p2a: persephone|10/100 psn|[from] Sandstorm
|-damage|p1a: Slowking|36/100|[from] Sandstorm
|-heal|p2a: persephone|16/100 psn|[from] item: Leftovers
|-damage|p2a: persephone|3/100 psn|[from] psn
|upkeep
|turn|7
|
|t:|1769302994
|switch|p2a: golden wind|Dragapult, M, shiny|100/100
|switch|p1a: Excadrill|Excadrill, F|100/100
|-item|p1a: Excadrill|Air Balloon
|
|-weather|Sandstorm|[upkeep]
|-damage|p2a: golden wind|95/100|[from] Sandstorm
|upkeep
|turn|8
|
|t:|1769303014
|-terastallize|p2a: golden wind|Fire
|move|p1a: Excadrill|Iron Head|p2a: golden wind
|-resisted|p2a: golden wind
|-damage|p2a: golden wind|68/100
|move|p2a: golden wind|Tera Blast|p1a: Excadrill|[anim] Tera Blast Fire
|-supereffective|p1a: Excadrill
|-damage|p1a: Excadrill|0 fnt
|-enditem|p1a: Excadrill|Air Balloon
|faint|p1a: Excadrill
|
|-weather|none
|upkeep
|
|t:|1769303033
|switch|p1a: Slowking|Slowking-Galar, M|69/100
|turn|9
|
|t:|1769303045
|move|p2a: golden wind|Tera Blast|p1a: Slowking|[anim] Tera Blast Fire
|-damage|p1a: Slowking|27/100
|move|p1a: Slowking|Psyshock|p2a: golden wind
|-damage|p2a: golden wind|27/100
|
|upkeep
|turn|10
|
|t:|1769303052
|switch|p1a: Talonflame|Talonflame, F|94/100
|move|p2a: golden wind|Tera Blast|p1a: Talonflame|[anim] Tera Blast Fire
|-resisted|p1a: Talonflame
|-damage|p1a: Talonflame|69/100
|
|upkeep
|turn|11
|
|t:|1769303062
|switch|p2a: hivemind|Iron Moth|100/100
|-enditem|p2a: hivemind|Booster Energy
|-activate|p2a: hivemind|ability: Quark Drive|[fromitem]
|-start|p2a: hivemind|quarkdrivespa
|move|p1a: Talonflame|Will-O-Wisp|p2a: hivemind
|-immune|p2a: hivemind
|
|upkeep
|turn|12
|
|t:|1769303082
|move|p2a: hivemind|Fiery Dance|p1a: Talonflame
|-resisted|p1a: Talonflame
|-damage|p1a: Talonflame|29/100
|-boost|p2a: hivemind|spa|1
|move|p1a: Talonflame|Flamethrower|p2a: hivemind
|-resisted|p2a: hivemind
|-damage|p2a: hivemind|88/100
|
|upkeep
|turn|13
|
|t:|1769303095
|move|p2a: hivemind|Fiery Dance|p1a: Talonflame
|-resisted|p1a: Talonflame
|-damage|p1a: Talonflame|0 fnt
|-boost|p2a: hivemind|spa|1
|faint|p1a: Talonflame
|
|upkeep
|
|t:|1769303102
|switch|p1a: Hydrapple|Hydrapple, M|100/100
|turn|14
|
|t:|1769303107
|move|p2a: hivemind|Sludge Wave|p1a: Hydrapple
|-supereffective|p1a: Hydrapple
|-damage|p1a: Hydrapple|0 fnt
|faint|p1a: Hydrapple
|
|upkeep
|-message|choicesocks forfeited.
|
|win|patchworrk
|raw|choicesocks's rating: 1355 &rarr; <strong>1332</strong><br />(-23 for losing)
|raw|patchworrk's rating: 1296 &rarr; <strong>1325</strong><br />(+29 for winning)
|l|☆choicesocks
|player|p1|
