|j|☆dhrumella1
|j|☆5 Hit Scale Shot
|t:|1769360303
|gametype|singles
|player|p1|dhrumella1|169|1051
|player|p2|5 Hit Scale Shot|clair|1000
|gen|9
|tier|[Gen 9] OU
|rated|
|rule|HP Percentage Mod: HP is shown in percentages
|rule|Endless Battle Clause: Forcing endless battles is banned
|rule|Species Clause: Limit one of each Pokémon
|rule|OHKO Clause: OHKO moves are banned
|rule|Evasion Items Clause: Evasion items are banned
|rule|Evasion Moves Clause: Evasion moves are banned
|rule|Evasion Abilities Clause: Evasion abilities are banned
|rule|Sleep Moves Clause: Sleep-inducing moves are banned
|clearpoke
|poke|p1|Scizor, M|
|poke|p1|Serperior, M|
|poke|p1|Landorus-Therian, M|
|poke|p1|Heatran, F|
|poke|p1|Dragapult, M|
|poke|p1|Blaziken, M|
|poke|p2|Garchomp, M|
|poke|p2|Gholdengo|
|poke|p2|Dragonite, F|
|poke|p2|Hatterene, F|
|poke|p2|Ogerpon-Wellspring, F|
|poke|p2|Kingambit, F|
|teampreview
|inactive|Battle timer is ON: inactive players will automatically lose when time's up. (requested by dhrumella1)
|
|t:|1769360329
|teamsize|p1|6
|teamsize|p2|6
|start
|switch|p1a: Heatran|Heatran, F|100/100
|switch|p2a: Garchomp|Garchomp, M|100/100
|turn|1
|
|t:|1769360337
|move|p2a: Garchomp|Earthquake|p1a: Heatran
|-supereffective|p1a: Heatran
|-damage|p1a: Heatran|0 fnt
|faint|p1a: Heatran
|
|upkeep
|
|t:|1769360343
|switch|p1a: Dragapult|Dragapult, M|100/100
|turn|2
|
|t:|1769360357
|switch|p2a: Kingambit|Kingambit, F, shiny|100/100
|move|p1a: Dragapult|Phantom Force||[still]
|-prepare|p1a: Dragapult|Phantom Force
|
|upkeep
|turn|3
|
|t:|1769360362
|move|p1a: Dragapult|Phantom Force|p2a: Kingambit|[from] lockedmove
|-resisted|p2a: Kingambit
|-damage|p2a: Kingambit|79/100
|move|p2a: Kingambit|Kowtow Cleave|p1a: Dragapult
|-supereffective|p1a: Dragapult
|-enditem|p1a: Dragapult|Focus Sash
|-damage|p1a: Dragapult|1/100
|
|-heal|p2a: Kingambit|86/100|[from] item: Leftovers
|upkeep
|turn|4
|
|t:|1769360370
|move|p2a: Kingambit|Sucker Punch|p1a: Dragapult
|-supereffective|p1a: Dragapult
|-damage|p1a: Dragapult|0 fnt
|faint|p1a: Dragapult
|
|-heal|p2a: Kingambit|92/100|[from] item: Leftovers
|upkeep
|
|t:|1769360374
|switch|p1a: Blaziken|Blaziken, M|100/100
|turn|5
|
|t:|1769360381
|-end|p2a: Kingambit|fallenundefined|[silent]
|switch|p2a: Dragonite|Dragonite, F|100/100
|move|p1a: Blaziken|Aura Sphere|p2a: Dragonite
|-resisted|p2a: Dragonite
|-damage|p2a: Dragonite|90/100
|
|-ability|p1a: Blaziken|Speed Boost|boost
|-boost|p1a: Blaziken|spe|1
|upkeep
|turn|6
|
|t:|1769360387
|switch|p1a: Serperior|Serperior, M|100/100
|move|p2a: Dragonite|Earthquake|p1a: Serperior
|-resisted|p1a: Serperior
|-damage|p1a: Serperior|74/100
|
|upkeep
|turn|7
|
|t:|1769360391
|switch|p2a: Gholdengo|Gholdengo|100/100
|move|p1a: Serperior|Dragon Pulse|p2a: Gholdengo
|-resisted|p2a: Gholdengo
|-damage|p2a: Gholdengo|81/100
|
|upkeep
|turn|8
|
|t:|1769360394
|switch|p1a: Landorus|Landorus-Therian, M|100/100
|-ability|p1a: Landorus|Intimidate|boost
|-unboost|p2a: Gholdengo|atk|1
|move|p2a: Gholdengo|Shadow Ball|p1a: Landorus
|-damage|p1a: Landorus|46/100
|
|-heal|p1a: Landorus|52/100|[from] item: Leftovers
|upkeep
|turn|9
|
|t:|1769360399
|switch|p2a: Hatterene|Hatterene, F|100/100
|move|p1a: Landorus|Earthquake|p2a: Hatterene
|-damage|p2a: Hatterene|35/100
|
|-heal|p1a: Landorus|58/100|[from] item: Leftovers
|upkeep
|turn|10
|
|t:|1769360415
|move|p1a: Landorus|Stone Edge|p2a: Hatterene
|-damage|p2a: Hatterene|0 fnt
|faint|p2a: Hatterene
|
|-heal|p1a: Landorus|64/100|[from] item: Leftovers
|upkeep
|
|t:|1769360421
|switch|p2a: Ogerpon|Ogerpon-Wellspring, F|100/100
|turn|11
|
|t:|1769360440
|move|p2a: Ogerpon|Ivy Cudgel|p1a: Landorus|[anim] Ivy Cudgel Water
|-supereffective|p1a: Landorus
|-damage|p1a: Landorus|0 fnt
|faint|p1a: Landorus
|
|upkeep
|
|t:|1769360447
|switch|p1a: Serperior|Serperior, M|74/100
|turn|12
|
|t:|1769360451
|switch|p2a: Gholdengo|Gholdengo|81/100
|move|p1a: Serperior|Leaf Storm|p2a: Gholdengo
|-resisted|p2a: Gholdengo
|-damage|p2a: Gholdengo|42/100
|-boost|p1a: Serperior|spa|2
|
|upkeep
|turn|13
|
|t:|1769360456
|move|p2a: Gholdengo|Shadow Ball|p1a: Serperior
|-damage|p1a: Serperior|24/100
|-boost|p1a: Serperior|spd|1
|move|p1a: Serperior|Leaf Storm|p2a: Gholdengo
|-resisted|p2a: Gholdengo
|-damage|p2a: Gholdengo|0 fnt
|-boost|p1a: Serperior|spa|2
|faint|p2a: Gholdengo
|
|upkeep
|
|t:|1769360460
|switch|p2a: Dragonite|Dragonite, F|90/100
|turn|14
|
|t:|1769360464
|move|p2a: Dragonite|Extreme Speed|p1a: Serperior
|-damage|p1a: Serperior|0 fnt
|faint|p1a: Serperior
|
|upkeep
|
|t:|1769360468
|switch|p1a: Scizor|Scizor, M|100/100
|-item|p1a: Scizor|Air Balloon
|turn|15
|
|t:|1769360478
|switch|p2a: Garchomp|Garchomp, M|100/100
|-terastallize|p1a: Scizor|Water
|move|p1a: Scizor|Swords Dance|p1a: Scizor
|-boost|p1a: Scizor|atk|2
|
|upkeep
|turn|16
|
|t:|1769360490
|move|p1a: Scizor|Swords Dance|p1a: Scizor
|-boost|p1a: Scizor|atk|2
|move|p2a: Garchomp|Dragon Tail|p1a: Scizor
|-damage|p1a: Scizor|73/100
|-enditem|p1a: Scizor|Air Balloon
|drag|p1a: Blaziken|Blaziken, M|100/100
|
|upkeep
|turn|17
|
|t:|1769360498
|move|p1a: Blaziken|Protect|p1a: Blaziken
|-singleturn|p1a: Blaziken|Protect
|move|p2a: Garchomp|Stealth Rock|p1a: Blaziken
|-sidestart|p1: dhrumella1|move: Stealth Rock
|
|-ability|p1a: Blaziken|Speed Boost|boost
|-boost|p1a: Blaziken|spe|1
|upkeep
|turn|18
|
|t:|1769360504
|move|p1a: Blaziken|Aura Sphere|p2a: Garchomp
|-damage|p2a: Garchomp|60/100
|move|p2a: Garchomp|Dragon Tail|p1a: Blaziken
|-damage|p1a: Blaziken|60/100
|drag|p1a: Scizor|Scizor, M, tera:Water|73/100
|-damage|p1a: Scizor|60/100|[from] Stealth Rock
|
|upkeep
|turn|19
|
|t:|1769360511
|move|p1a: Scizor|Dual Wingbeat|p2a: Garchomp
|-damage|p2a: Garchomp|47/100
|-damage|p1a: Scizor|48/100|[from] ability: Rough Skin|[of] p2a: Garchomp
|-damage|p1a: Scizor|31/100|[from] item: Rocky Helmet|[of] p2a: Garchomp
|-damage|p2a: Garchomp|34/100
|-damage|p1a: Scizor|19/100|[from] ability: Rough Skin|[of] p2a: Garchomp
|-damage|p1a: Scizor|3/100|[from] item: Rocky Helmet|[of] p2a: Garchomp
|-hitcount|p2a: Garchomp|2
|move|p2a: Garchomp|Dragon Tail|p1a: Scizor
|-damage|p1a: Scizor|0 fnt
|faint|p1a: Scizor
|
|upkeep
|
|t:|1769360521
|switch|p1a: Blaziken|Blaziken, M|60/100
|-damage|p1a: Blaziken|47/100|[from] Stealth Rock
|turn|20
|
|t:|1769360525
|move|p1a: Blaziken|Tera Blast|p2a: Garchomp
|-crit|p2a: Garchomp
|-damage|p2a: Garchomp|0 fnt
|faint|p2a: Garchomp
|
|-ability|p1a: Blaziken|Speed Boost|boost
|-boost|p1a: Blaziken|spe|1
|upkeep
|
|t:|1769360530
|switch|p2a: Dragonite|Dragonite, F|90/100
|turn|21
|
|t:|1769360534
|-terastallize|p2a: Dragonite|Normal
|move|p2a: Dragonite|Extreme Speed|p1a: Blaziken
|-damage|p1a: Blaziken|0 fnt
|faint|p1a: Blaziken
|
|win|5 Hit Scale Shot
|raw|dhrumella1's rating: 1051 &rarr; <strong>1031</strong><br />(-20 for losing)
|raw|5 Hit Scale Shot's rating: 1000 &rarr; <strong>1046</strong><br />(+46 for winning)
|l|☆dhrumella1
|player|p1|
