|j|☆KenjiShiguma
|j|☆MCVVV
|t:|1769355475
|gametype|singles
|player|p1|KenjiShiguma|pokemonbreeder-gen4|1101
|player|p2|MCVVV|n|1142
|gen|9
|tier|[Gen 9] OU
|rated|
|rule|HP Percentage Mod: HP is shown in percentages
|rule|Endless Battle Clause: Forcing endless battles is banned
|rule|Species Clause: Limit one of each Pokémon
|rule|OHKO Clause: OHKO moves are banned
|rule|Evasion Items Clause: Evasion items are banned
|rule|Evasion Moves Clause: Evasion moves are banned
|rule|Evasion Abilities Clause: Evasion abilities are banned
|rule|Sleep Moves Clause: Sleep-inducing moves are banned
|clearpoke
|poke|p1|Ambipom, M|
|poke|p1|Greedent, M|
|poke|p1|Dusknoir, M|
|poke|p1|Mismagius, F|
|poke|p1|Lucario, M|
|poke|p1|Forretress, M|
|poke|p2|Rillaboom, M|
|poke|p2|Hawlucha, M|
|poke|p2|Weavile, M|
|poke|p2|Hippowdon, M|
|poke|p2|Hydreigon, F|
|poke|p2|Tentacruel, M|
|teampreview
|
|t:|1769355488
|teamsize|p1|6
|teamsize|p2|6
|start
|switch|p1a: Dusknoir|Dusknoir, M|100/100
|switch|p2a: Weavile|Weavile, M|100/100
|-ability|p1a: Dusknoir|Pressure
|turn|1
|
|t:|1769355497
|switch|p2a: Tentacruel|Tentacruel, M|100/100
|move|p1a: Dusknoir|Will-O-Wisp|p2a: Tentacruel
|-status|p2a: Tentacruel|brn
|
|-damage|p2a: Tentacruel|94/100 brn|[from] brn
|upkeep
|turn|2
|
|t:|1769355508
|-terastallize|p1a: Dusknoir|Poison
|move|p2a: Tentacruel|Toxic Spikes|p1a: Dusknoir
|-sidestart|p1: KenjiShiguma|move: Toxic Spikes
|move|p1a: Dusknoir|Bind|p2a: Tentacruel
|-damage|p2a: Tentacruel|90/100 brn
|-activate|p2a: Tentacruel|move: Bind|[of] p1a: Dusknoir
|
|-heal|p2a: Tentacruel|96/100 brn|[from] item: Black Sludge
|-damage|p2a: Tentacruel|90/100 brn|[from] brn
|-damage|p2a: Tentacruel|77/100 brn|[from] move: Bind|[partiallytrapped]
|upkeep
|turn|3
|
|t:|1769355521
|move|p2a: Tentacruel|Hydro Pump|p1a: Dusknoir|[miss]
|-miss|p2a: Tentacruel|p1a: Dusknoir
|move|p1a: Dusknoir|Night Shade|p2a: Tentacruel
|-damage|p2a: Tentacruel|50/100 brn
|
|-heal|p2a: Tentacruel|56/100 brn|[from] item: Black Sludge
|-damage|p2a: Tentacruel|50/100 brn|[from] brn
|-damage|p2a: Tentacruel|38/100 brn|[from] move: Bind|[partiallytrapped]
|upkeep
|turn|4
|
|t:|1769355531
|move|p2a: Tentacruel|Toxic Spikes|p1a: Dusknoir
|-sidestart|p1: KenjiShiguma|move: Toxic Spikes
|move|p1a: Dusknoir|Night Shade|p2a: Tentacruel
|-damage|p2a: Tentacruel|10/100 brn
|
|-heal|p2a: Tentacruel|16/100 brn|[from] item: Black Sludge
|-damage|p2a: Tentacruel|10/100 brn|[from] brn
|-damage|p2a: Tentacruel|0 fnt|[from] move: Bind|[partiallytrapped]
|faint|p2a: Tentacruel
|upkeep
|
|t:|1769355542
|switch|p2a: Weavile|Weavile, M|100/100
|turn|5
|
|t:|1769355547
|move|p2a: Weavile|Fake Out|p1a: Dusknoir
|-crit|p1a: Dusknoir
|-damage|p1a: Dusknoir|84/100
|cant|p1a: Dusknoir|flinch
|
|upkeep
|turn|6
|
|t:|1769355555
|switch|p2a: Hippowdon|Hippowdon, M|100/100
|-weather|Sandstorm|[from] ability: Sand Stream|[of] p2a: Hippowdon
|move|p1a: Dusknoir|Will-O-Wisp|p2a: Hippowdon
|-status|p2a: Hippowdon|brn
|
|-weather|Sandstorm|[upkeep]
|-damage|p1a: Dusknoir|78/100|[from] Sandstorm
|-damage|p2a: Hippowdon|94/100 brn|[from] brn
|upkeep
|turn|7
|
|t:|1769355567
|move|p2a: Hippowdon|Stealth Rock|p1a: Dusknoir
|-sidestart|p1: KenjiShiguma|move: Stealth Rock
|move|p1a: Dusknoir|Pain Split|p2a: Hippowdon
|-sethp|p2a: Hippowdon|69/100 brn|[from] move: Pain Split|[silent]
|-sethp|p1a: Dusknoir|100/100|[from] move: Pain Split
|
|-weather|Sandstorm|[upkeep]
|-damage|p1a: Dusknoir|94/100|[from] Sandstorm
|-damage|p2a: Hippowdon|62/100 brn|[from] brn
|upkeep
|turn|8
|
|t:|1769355576
|move|p1a: Dusknoir|Bind|p2a: Hippowdon
|-damage|p2a: Hippowdon|60/100 brn
|-activate|p2a: Hippowdon|move: Bind|[of] p1a: Dusknoir
|-damage|p1a: Dusknoir|78/100|[from] item: Rocky Helmet|[of] p2a: Hippowdon
|move|p2a: Hippowdon|Whirlwind|p1a: Dusknoir
|drag|p1a: Greedent|Greedent, M|100/100
|-status|p1a: Greedent|tox
|-damage|p1a: Greedent|88/100 tox|[from] Stealth Rock
|
|-weather|Sandstorm|[upkeep]
|-damage|p1a: Greedent|82/100 tox|[from] Sandstorm
|-damage|p1a: Greedent|76/100 tox|[from] psn
|-damage|p2a: Hippowdon|54/100 brn|[from] brn
|-end|p2a: Hippowdon|Bind|[partiallytrapped]|[silent]
|upkeep
|turn|9
|
|t:|1769355594
|switch|p1a: Forretress|Forretress, M|100/100
|-damage|p1a: Forretress|88/100|[from] Stealth Rock
|move|p2a: Hippowdon|Earthquake|p1a: Forretress
|-damage|p1a: Forretress|78/100
|
|-weather|Sandstorm|[upkeep]
|-damage|p2a: Hippowdon|48/100 brn|[from] brn
|upkeep
|turn|10
|
|t:|1769355604
|move|p1a: Forretress|Rapid Spin|p2a: Hippowdon
|-damage|p2a: Hippowdon|43/100 brn
|-boost|p1a: Forretress|spe|1
|-damage|p1a: Forretress|61/100|[from] item: Rocky Helmet|[of] p2a: Hippowdon
|-sideend|p1: KenjiShiguma|Toxic Spikes|[from] move: Rapid Spin|[of] p1a: Forretress
|-sideend|p1: KenjiShiguma|Stealth Rock|[from] move: Rapid Spin|[of] p1a: Forretress
|move|p2a: Hippowdon|Whirlwind|p1a: Forretress
|drag|p1a: Ambipom|Ambipom, M|100/100
|
|-weather|none
|-damage|p2a: Hippowdon|36/100 brn|[from] brn
|upkeep
|turn|11
|
|t:|1769355616
|move|p1a: Ambipom|Fake Out|p2a: Hippowdon
|-damage|p2a: Hippowdon|20/100 brn
|-damage|p1a: Ambipom|84/100|[from] item: Rocky Helmet|[of] p2a: Hippowdon
|cant|p2a: Hippowdon|flinch
|
|-damage|p2a: Hippowdon|14/100 brn|[from] brn
|upkeep
|turn|12
|
|t:|1769355625
|move|p1a: Ambipom|Last Resort|p2a: Hippowdon
|-damage|p2a: Hippowdon|0 fnt
|-damage|p1a: Ambipom|68/100|[from] item: Rocky Helmet|[of] p2a: Hippowdon
|faint|p2a: Hippowdon
|
|upkeep
|
|t:|1769355631
|switch|p2a: Weavile|Weavile, M|100/100
|turn|13
|
|t:|1769355636
|switch|p1a: Mismagius|Mismagius, F|100/100
|move|p2a: Weavile|Fake Out|p1a: Mismagius
|-immune|p1a: Mismagius
|
|upkeep
|turn|14
|
|t:|1769355642
|switch|p2a: Rillaboom|Rillaboom, M|100/100
|-fieldstart|move: Grassy Terrain|[from] ability: Grassy Surge|[of] p2a: Rillaboom
|switch|p1a: Forretress|Forretress, M|61/100
|
|-heal|p1a: Forretress|67/100|[from] Grassy Terrain
|upkeep
|turn|15
|
|t:|1769355652
|move|p2a: Rillaboom|Knock Off|p1a: Forretress
|-damage|p1a: Forretress|49/100
|-damage|p2a: Rillaboom|84/100|[from] item: Rocky Helmet|[of] p1a: Forretress
|-enditem|p1a: Forretress|Rocky Helmet|[from] move: Knock Off|[of] p2a: Rillaboom
|move|p1a: Forretress|Thunder Wave|p2a: Rillaboom
|-status|p2a: Rillaboom|par
|
|-heal|p2a: Rillaboom|90/100 par|[from] Grassy Terrain
|-heal|p2a: Rillaboom|96/100 par|[from] item: Leftovers
|-heal|p1a: Forretress|55/100|[from] Grassy Terrain
|upkeep
|turn|16
|
|t:|1769355664
|move|p2a: Rillaboom|Grassy Glide|p1a: Forretress
|-resisted|p1a: Forretress
|-damage|p1a: Forretress|50/100
|move|p1a: Forretress|Sand Tomb|p2a: Rillaboom
|-resisted|p2a: Rillaboom
|-damage|p2a: Rillaboom|93/100 par
|-activate|p2a: Rillaboom|move: Sand Tomb|[of] p1a: Forretress
|
|-heal|p2a: Rillaboom|99/100 par|[from] Grassy Terrain
|-heal|p2a: Rillaboom|100/100 par|[from] item: Leftovers
|-heal|p1a: Forretress|57/100|[from] Grassy Terrain
|-damage|p2a: Rillaboom|88/100 par|[from] move: Sand Tomb|[partiallytrapped]
|upkeep
|turn|17
|
|t:|1769355679
|move|p2a: Rillaboom|U-turn|p1a: Forretress
|-resisted|p1a: Forretress
|-damage|p1a: Forretress|50/100
|
|t:|1769355682
|switch|p2a: Hydreigon|Hydreigon, F|100/100|[from] U-turn
|move|p1a: Forretress|Rapid Spin|p2a: Hydreigon
|-damage|p2a: Hydreigon|88/100
|-boost|p1a: Forretress|spe|1
|
|-heal|p1a: Forretress|56/100|[from] Grassy Terrain
|upkeep
|turn|18
|
|t:|1769355695
|switch|p1a: Greedent|Greedent, M|76/100 tox
|move|p2a: Hydreigon|Flamethrower|p1a: Greedent
|-damage|p1a: Greedent|45/100 tox
|-enditem|p1a: Greedent|Sitrus Berry|[eat]
|-heal|p1a: Greedent|70/100 tox|[from] item: Sitrus Berry
|-heal|p1a: Greedent|100/100 tox|[from] ability: Cheek Pouch
|
|-damage|p1a: Greedent|94/100 tox|[from] psn
|-fieldend|move: Grassy Terrain
|upkeep
|turn|19
|
|t:|1769355707
|move|p2a: Hydreigon|Flamethrower|p1a: Greedent
|-damage|p1a: Greedent|65/100 tox
|move|p1a: Greedent|Belly Drum|p1a: Greedent
|-damage|p1a: Greedent|15/100 tox
|-setboost|p1a: Greedent|atk|6|[from] move: Belly Drum
|
|-damage|p1a: Greedent|3/100 tox|[from] psn
|upkeep
|turn|20
|
|t:|1769355718
|switch|p2a: Rillaboom|Rillaboom, M|88/100 par
|-fieldstart|move: Grassy Terrain|[from] ability: Grassy Surge|[of] p2a: Rillaboom
|move|p1a: Greedent|Last Resort|p2a: Rillaboom
|-damage|p2a: Rillaboom|0 fnt
|faint|p2a: Rillaboom
|
|-heal|p1a: Greedent|9/100 tox|[from] Grassy Terrain
|-damage|p1a: Greedent|0 fnt|[from] psn
|faint|p1a: Greedent
|upkeep
|l|☆MCVVV
|player|p2|
|inactive|Battle timer is ON: inactive players will automatically lose when time's up. (requested by KenjiShiguma)
|j|☆MCVVV
|inactive|MCVVV reconnected and has 140 seconds left.
|player|p2|MCVVV|n|
|
|t:|1769355765
|switch|p2a: Hawlucha|Hawlucha, M, shiny|100/100
|switch|p1a: Forretress|Forretress, M|56/100
|-enditem|p2a: Hawlucha|Grassy Seed
|-boost|p2a: Hawlucha|def|1|[from] item: Grassy Seed
|turn|21
|
|t:|1769355777
|move|p2a: Hawlucha|Swords Dance|p2a: Hawlucha
|-boost|p2a: Hawlucha|atk|2
|move|p1a: Forretress|Thunder Wave|p2a: Hawlucha
|-status|p2a: Hawlucha|par
|
|-heal|p1a: Forretress|63/100|[from] Grassy Terrain
|upkeep
|turn|22
|
|t:|1769355787
|move|p2a: Hawlucha|Drain Punch|p1a: Forretress
|-damage|p1a: Forretress|26/100
|move|p1a: Forretress|Rapid Spin|p2a: Hawlucha
|-damage|p2a: Hawlucha|90/100 par
|-boost|p1a: Forretress|spe|1
|
|-heal|p1a: Forretress|32/100|[from] Grassy Terrain
|upkeep
|turn|23
|
|t:|1769355796
|move|p2a: Hawlucha|Acrobatics|p1a: Forretress
|-damage|p1a: Forretress|0 fnt
|faint|p1a: Forretress
|
|upkeep
|
|t:|1769355809
|switch|p1a: Dusknoir|Dusknoir, M, tera:Poison|78/100
|-ability|p1a: Dusknoir|Pressure
|turn|24
|
|t:|1769355814
|move|p2a: Hawlucha|Acrobatics|p1a: Dusknoir
|-damage|p1a: Dusknoir|0 fnt
|faint|p1a: Dusknoir
|
|-fieldend|move: Grassy Terrain
|upkeep
|
|t:|1769355823
|switch|p1a: Ambipom|Ambipom, M|68/100
|turn|25
|
|t:|1769355826
|move|p1a: Ambipom|Fake Out|p2a: Hawlucha
|-damage|p2a: Hawlucha|56/100 par
|cant|p2a: Hawlucha|flinch
|
|upkeep
|turn|26
|
|t:|1769355836
|switch|p1a: Lucario|Lucario, M|100/100
|move|p2a: Hawlucha|Acrobatics|p1a: Lucario
|-damage|p1a: Lucario|0 fnt
|faint|p1a: Lucario
|
|upkeep
|
|t:|1769355844
|switch|p1a: Ambipom|Ambipom, M|68/100
|turn|27
|
|t:|1769355847
|move|p1a: Ambipom|Fake Out|p2a: Hawlucha
|-damage|p2a: Hawlucha|26/100 par
|cant|p2a: Hawlucha|flinch
|
|upkeep
|turn|28
|
|t:|1769355852
|move|p1a: Ambipom|Last Resort|p2a: Hawlucha
|-damage|p2a: Hawlucha|0 fnt
|faint|p2a: Hawlucha
|
|upkeep
|
|t:|1769355858
|switch|p2a: Weavile|Weavile, M|100/100
|turn|29
|
|t:|1769355862
|switch|p1a: Mismagius|Mismagius, F|100/100
|move|p2a: Weavile|Counter||[still]
|-fail|p2a: Weavile
|
|upkeep
|turn|30
|
|t:|1769355873
|switch|p2a: Hydreigon|Hydreigon, F|88/100
|move|p1a: Mismagius|Dazzling Gleam|p2a: Hydreigon
|-supereffective|p2a: Hydreigon
|-damage|p2a: Hydreigon|0 fnt
|faint|p2a: Hydreigon
|
|upkeep
|
|t:|1769355880
|switch|p2a: Weavile|Weavile, M|100/100
|turn|31
|c|☆KenjiShiguma|Dam
|
|t:|1769355884
|-terastallize|p2a: Weavile|Ice
|move|p2a: Weavile|Icicle Crash|p1a: Mismagius
|-damage|p1a: Mismagius|0 fnt
|faint|p1a: Mismagius
|
|upkeep
|
|t:|1769355890
|switch|p1a: Ambipom|Ambipom, M|68/100
|turn|32
|
|t:|1769355898
|move|p2a: Weavile|Fake Out||[still]
|-hint|Fake Out only works on your first turn out.
|-fail|p2a: Weavile
|move|p1a: Ambipom|Fake Out|p2a: Weavile
|-damage|p2a: Weavile|47/100
|
|upkeep
|turn|33
|c|☆KenjiShiguma|Ur faster
|
|t:|1769355906
|move|p1a: Ambipom|Last Resort|p2a: Weavile
|-damage|p2a: Weavile|0 fnt
|faint|p2a: Weavile
|
|win|KenjiShiguma
|raw|KenjiShiguma's rating: 1101 &rarr; <strong>1129</strong><br />(+28 for winning)
|raw|MCVVV's rating: 1142 &rarr; <strong>1114</strong><br />(-28 for losing)
|c|☆KenjiShiguma|Oh???
|c|☆KenjiShiguma|No speed ev
|c|☆MCVVV|miss click
|c|☆KenjiShiguma|Wtf
|c|☆KenjiShiguma|Ah
|c|☆MCVVV|fake out 2 turn
|c|☆KenjiShiguma|I mean it would still be negated
|l|☆MCVVV
|player|p2|
|c|☆KenjiShiguma|Unless you have upper hand
|l|☆KenjiShiguma
|player|p1|
