|j|☆kieran321545
|j|☆KushagraHarsh
|t:|1769367307
|gametype|singles
|player|p1|kieran321545|lucas|1067
|player|p2|KushagraHarsh|dahlia|1074
|gen|9
|tier|[Gen 9] OU
|rated|
|rule|HP Percentage Mod: HP is shown in percentages
|rule|Endless Battle Clause: Forcing endless battles is banned
|rule|Species Clause: Limit one of each Pokémon
|rule|OHKO Clause: OHKO moves are banned
|rule|Evasion Items Clause: Evasion items are banned
|rule|Evasion Moves Clause: Evasion moves are banned
|rule|Evasion Abilities Clause: Evasion abilities are banned
|rule|Sleep Moves Clause: Sleep-inducing moves are banned
|clearpoke
|poke|p1|Lucario, M|
|poke|p1|Torterra, M|
|poke|p1|Glaceon, F|
|poke|p1|Honchkrow, F|
|poke|p1|Bronzong|
|poke|p1|Kleavor, M|
|poke|p2|Dragapult, M|
|poke|p2|Samurott-Hisui, F|
|poke|p2|Pecharunt|
|poke|p2|Heatran, M|
|poke|p2|Thundurus-Therian, M|
|poke|p2|Corviknight, M|
|teampreview
|inactive|Battle timer is ON: inactive players will automatically lose when time's up. (requested by kieran321545)
|inactive|KushagraHarsh also wants the timer to be on.
|
|t:|1769367320
|teamsize|p1|6
|teamsize|p2|6
|start
|switch|p1a: Kleavor|Kleavor, M|100/100
|switch|p2a: Dragapult|Dragapult, M|100/100
|turn|1
|
|t:|1769367327
|move|p2a: Dragapult|Dragon Dance|p2a: Dragapult
|-boost|p2a: Dragapult|atk|1
|-boost|p2a: Dragapult|spe|1
|move|p1a: Kleavor|Stone Axe|p2a: Dragapult
|-damage|p2a: Dragapult|30/100
|-sidestart|p2: KushagraHarsh|move: Stealth Rock
|
|upkeep
|turn|2
|
|t:|1769367333
|move|p2a: Dragapult|Dragon Darts|p1a: Kleavor
|-damage|p1a: Kleavor|34/100
|-anim|p2a: Dragapult|Dragon Darts|p1a: Kleavor
|-damage|p1a: Kleavor|0 fnt
|faint|p1a: Kleavor
|-damage|p2a: Dragapult|20/100|[from] item: Life Orb
|
|upkeep
|
|t:|1769367340
|switch|p1a: Lucario|Lucario, M|100/100
|turn|3
|
|t:|1769367344
|move|p1a: Lucario|Bullet Punch|p2a: Dragapult
|-damage|p2a: Dragapult|0 fnt
|faint|p2a: Dragapult
|-damage|p1a: Lucario|91/100|[from] item: Life Orb
|
|upkeep
|
|t:|1769367350
|switch|p2a: Corviknight|Corviknight, M|100/100
|-damage|p2a: Corviknight|88/100|[from] Stealth Rock
|turn|4
|
|t:|1769367355
|move|p1a: Lucario|Work Up|p1a: Lucario
|-boost|p1a: Lucario|atk|1
|-boost|p1a: Lucario|spa|1
|move|p2a: Corviknight|Iron Defense|p2a: Corviknight
|-boost|p2a: Corviknight|def|2
|
|-heal|p2a: Corviknight|94/100|[from] item: Leftovers
|upkeep
|turn|5
|
|t:|1769367360
|move|p1a: Lucario|Work Up|p1a: Lucario
|-boost|p1a: Lucario|atk|1
|-boost|p1a: Lucario|spa|1
|move|p2a: Corviknight|Iron Defense|p2a: Corviknight
|-boost|p2a: Corviknight|def|2
|
|-heal|p2a: Corviknight|99/100|[from] item: Leftovers
|upkeep
|turn|6
|
|t:|1769367362
|move|p1a: Lucario|Aura Sphere|p2a: Corviknight
|-damage|p2a: Corviknight|3/100
|-damage|p1a: Lucario|81/100|[from] item: Life Orb
|move|p2a: Corviknight|Iron Defense|p2a: Corviknight
|-boost|p2a: Corviknight|def|2
|
|-heal|p2a: Corviknight|9/100|[from] item: Leftovers
|upkeep
|turn|7
|
|t:|1769367381
|switch|p2a: Thundurus|Thundurus-Therian, M|100/100
|move|p1a: Lucario|Bullet Punch|p2a: Thundurus
|-resisted|p2a: Thundurus
|-damage|p2a: Thundurus|70/100
|-damage|p1a: Lucario|71/100|[from] item: Life Orb
|
|upkeep
|turn|8
|
|t:|1769367390
|move|p2a: Thundurus|Volt Switch|p1a: Lucario
|-crit|p1a: Lucario
|-damage|p1a: Lucario|0 fnt
|faint|p1a: Lucario
|
|t:|1769367405
|switch|p2a: Samurott|Samurott-Hisui, F|100/100|[from] Volt Switch
|-damage|p2a: Samurott|88/100|[from] Stealth Rock
|
|upkeep
|
|t:|1769367412
|switch|p1a: Glaceon|Glaceon, F|100/100
|turn|9
|
|t:|1769367417
|move|p2a: Samurott|Taunt|p1a: Glaceon
|-start|p1a: Glaceon|move: Taunt
|move|p1a: Glaceon|Freeze-Dry|p2a: Samurott
|-supereffective|p2a: Samurott
|-damage|p2a: Samurott|3/100
|
|upkeep
|turn|10
|
|t:|1769367426
|move|p2a: Samurott|Ceaseless Edge|p1a: Glaceon
|-damage|p1a: Glaceon|68/100
|-sidestart|p1: kieran321545|Spikes
|move|p1a: Glaceon|Freeze-Dry|p2a: Samurott
|-supereffective|p2a: Samurott
|-damage|p2a: Samurott|0 fnt
|faint|p2a: Samurott
|
|-heal|p1a: Glaceon|74/100|[from] item: Leftovers
|upkeep
|
|t:|1769367438
|switch|p2a: Heatran|Heatran, M|100/100
|-damage|p2a: Heatran|88/100|[from] Stealth Rock
|turn|11
|
|t:|1769367445
|switch|p1a: Honchkrow|Honchkrow, F|100/100
|move|p2a: Heatran|Flash Cannon|p1a: Honchkrow
|-damage|p1a: Honchkrow|44/100
|
|upkeep
|turn|12
|
|t:|1769367454
|move|p2a: Heatran|Flash Cannon|p1a: Honchkrow
|-damage|p1a: Honchkrow|0 fnt
|faint|p1a: Honchkrow
|
|upkeep
|
|t:|1769367461
|switch|p1a: Bronzong|Bronzong|100/100
|turn|13
|
|t:|1769367467
|move|p2a: Heatran|Magma Storm|p1a: Bronzong
|-supereffective|p1a: Bronzong
|-damage|p1a: Bronzong|35/100
|-activate|p1a: Bronzong|move: Magma Storm|[of] p2a: Heatran
|move|p1a: Bronzong|Body Press|p2a: Heatran
|-supereffective|p2a: Heatran
|-damage|p2a: Heatran|51/100
|
|-damage|p1a: Bronzong|22/100|[from] move: Magma Storm|[partiallytrapped]
|upkeep
|turn|14
|
|t:|1769367480
|move|p2a: Heatran|Dark Pulse|p1a: Bronzong
|-supereffective|p1a: Bronzong
|-damage|p1a: Bronzong|0 fnt
|faint|p1a: Bronzong
|
|upkeep
|
|t:|1769367484
|switch|p1a: Torterra|Torterra, M|100/100
|-damage|p1a: Torterra|88/100|[from] Spikes
|turn|15
|
|t:|1769367488
|-terastallize|p1a: Torterra|Rock
|move|p2a: Heatran|Magma Storm|p1a: Torterra
|-resisted|p1a: Torterra
|-damage|p1a: Torterra|58/100
|-activate|p1a: Torterra|move: Magma Storm|[of] p2a: Heatran
|move|p1a: Torterra|Shell Smash|p1a: Torterra
|-unboost|p1a: Torterra|def|1
|-unboost|p1a: Torterra|spd|1
|-boost|p1a: Torterra|atk|2
|-boost|p1a: Torterra|spa|2
|-boost|p1a: Torterra|spe|2
|-enditem|p1a: Torterra|White Herb
|-clearnegativeboost|p1a: Torterra|[silent]
|
|-damage|p1a: Torterra|45/100|[from] move: Magma Storm|[partiallytrapped]
|upkeep
|turn|16
|
|t:|1769367503
|move|p1a: Torterra|Rock Slide|p2a: Heatran
|-damage|p2a: Heatran|0 fnt
|faint|p2a: Heatran
|
|-end|p1a: Torterra|Magma Storm|[partiallytrapped]|[silent]
|upkeep
|
|t:|1769367511
|switch|p2a: Pecharunt|Pecharunt|100/100
|-damage|p2a: Pecharunt|88/100|[from] Stealth Rock
|turn|17
|
|t:|1769367517
|move|p2a: Pecharunt|Destiny Bond|p2a: Pecharunt
|-singlemove|p2a: Pecharunt|Destiny Bond
|move|p1a: Torterra|Rock Slide|p2a: Pecharunt
|-damage|p2a: Pecharunt|36/100
|
|upkeep
|turn|18
|
|t:|1769367530
|move|p2a: Pecharunt|Destiny Bond||[still]
|-fail|p2a: Pecharunt
|move|p1a: Torterra|Shell Smash|p1a: Torterra
|-unboost|p1a: Torterra|def|1
|-unboost|p1a: Torterra|spd|1
|-boost|p1a: Torterra|atk|2
|-boost|p1a: Torterra|spa|2
|-boost|p1a: Torterra|spe|2
|
|upkeep
|turn|19
|
|t:|1769367536
|move|p1a: Torterra|Rock Slide|p2a: Pecharunt|[miss]
|-miss|p1a: Torterra|p2a: Pecharunt
|move|p2a: Pecharunt|Destiny Bond|p2a: Pecharunt
|-singlemove|p2a: Pecharunt|Destiny Bond
|
|upkeep
|turn|20
|
|t:|1769367541
|move|p1a: Torterra|Shell Smash|p1a: Torterra
|-unboost|p1a: Torterra|def|1
|-unboost|p1a: Torterra|spd|1
|-boost|p1a: Torterra|atk|2
|-boost|p1a: Torterra|spa|2
|-boost|p1a: Torterra|spe|2
|move|p2a: Pecharunt|Destiny Bond||[still]
|-fail|p2a: Pecharunt
|
|upkeep
|turn|21
|
|t:|1769367548
|move|p1a: Torterra|Seed Bomb|p2a: Pecharunt
|-resisted|p2a: Pecharunt
|-damage|p2a: Pecharunt|0 fnt
|faint|p2a: Pecharunt
|
|upkeep
|
|t:|1769367552
|switch|p2a: Thundurus|Thundurus-Therian, M|70/100
|turn|22
|
|t:|1769367558
|move|p1a: Torterra|Rock Slide|p2a: Thundurus
|-supereffective|p2a: Thundurus
|-crit|p2a: Thundurus
|-damage|p2a: Thundurus|0 fnt
|faint|p2a: Thundurus
|
|upkeep
|
|t:|1769367561
|switch|p2a: Corviknight|Corviknight, M|9/100
|-damage|p2a: Corviknight|0 fnt|[from] Stealth Rock
|faint|p2a: Corviknight
|
|win|kieran321545
|raw|kieran321545's rating: 1067 &rarr; <strong>1098</strong><br />(+31 for winning)
|raw|KushagraHarsh's rating: 1074 &rarr; <strong>1052</strong><br />(-22 for losing)
|l|☆KushagraHarsh
|player|p2|
|l|☆kieran321545
|player|p1|
