|j|☆Noraa J Simpson
|j|☆Reaper542
|t:|1769321666
|gametype|singles
|player|p1|Noraa J Simpson|silver|1175
|player|p2|Reaper542|101|1144
|gen|9
|tier|[Gen 9] OU
|rated|
|rule|HP Percentage Mod: HP is shown in percentages
|rule|Endless Battle Clause: Forcing endless battles is banned
|rule|Species Clause: Limit one of each Pokémon
|rule|OHKO Clause: OHKO moves are banned
|rule|Evasion Items Clause: Evasion items are banned
|rule|Evasion Moves Clause: Evasion moves are banned
|rule|Evasion Abilities Clause: Evasion abilities are banned
|rule|Sleep Moves Clause: Sleep-inducing moves are banned
|clearpoke
|poke|p1|Iron Valiant|
|poke|p1|Scizor, F|
|poke|p1|Quagsire, F|
|poke|p1|Porygon2|
|poke|p1|Kingdra, M|
|poke|p1|Pelipper, F|
|poke|p2|Metagross|
|poke|p2|Blastoise, M|
|poke|p2|Breloom, F|
|poke|p2|Gholdengo|
|poke|p2|Blissey, F|
|poke|p2|Garchomp, F|
|teampreview
|
|t:|1769321677
|teamsize|p1|6
|teamsize|p2|6
|start
|switch|p1a: Prince|Pelipper, F, shiny|100/100
|switch|p2a: Breloom|Breloom, F|100/100
|-weather|RainDance|[from] ability: Drizzle|[of] p1a: Prince
|turn|1
|
|t:|1769321683
|move|p2a: Breloom|Substitute|p2a: Breloom
|-start|p2a: Breloom|Substitute
|-damage|p2a: Breloom|76/100
|move|p1a: Prince|Hurricane|p2a: Breloom
|-supereffective|p2a: Breloom
|-end|p2a: Breloom|Substitute
|
|-weather|RainDance|[upkeep]
|upkeep
|turn|2
|
|t:|1769321688
|switch|p2a: Blastoise|Blastoise, M|100/100
|move|p1a: Prince|Hurricane|p2a: Blastoise
|-damage|p2a: Blastoise|59/100
|-start|p2a: Blastoise|confusion
|
|-weather|RainDance|[upkeep]
|upkeep
|turn|3
|
|t:|1769321694
|-activate|p2a: Blastoise|confusion
|-damage|p2a: Blastoise|46/100|[from] confusion
|move|p1a: Prince|U-turn|p2a: Blastoise
|-damage|p2a: Blastoise|35/100
|
|t:|1769321703
|switch|p1a: Duckstation|Porygon2, shiny|100/100|[from] U-turn
|
|-weather|RainDance|[upkeep]
|upkeep
|turn|4
|
|t:|1769321709
|switch|p2a: Gholdengo|Gholdengo|100/100
|move|p1a: Duckstation|Thunder|p2a: Gholdengo
|-damage|p2a: Gholdengo|46/100
|
|-weather|RainDance|[upkeep]
|upkeep
|turn|5
|
|t:|1769321717
|move|p2a: Gholdengo|Make It Rain|p1a: Duckstation
|-damage|p1a: Duckstation|60/100
|-unboost|p2a: Gholdengo|spa|1
|move|p1a: Duckstation|Thunder|p2a: Gholdengo
|-damage|p2a: Gholdengo|0 fnt
|faint|p2a: Gholdengo
|
|-weather|RainDance|[upkeep]
|upkeep
|
|t:|1769321725
|switch|p2a: Garchomp|Garchomp, F|100/100
|turn|6
|
|t:|1769321728
|move|p2a: Garchomp|Brick Break|p1a: Duckstation
|-supereffective|p1a: Duckstation
|-damage|p1a: Duckstation|26/100
|move|p1a: Duckstation|Ice Beam|p2a: Garchomp
|-supereffective|p2a: Garchomp
|-damage|p2a: Garchomp|0 fnt
|faint|p2a: Garchomp
|
|-weather|RainDance|[upkeep]
|upkeep
|
|t:|1769321737
|switch|p2a: Blissey|Blissey, F|100/100
|turn|7
|l|☆Noraa J Simpson
|player|p1|
|j|☆Noraa J Simpson
|player|p1|Noraa J Simpson|silver|
|
|t:|1769321764
|move|p1a: Duckstation|Thunder Wave|p2a: Blissey
|-status|p2a: Blissey|par
|cant|p2a: Blissey|par
|
|-weather|RainDance|[upkeep]
|upkeep
|turn|8
|-message|Reaper542 forfeited.
|
|win|Noraa J Simpson
|raw|Noraa J Simpson's rating: 1175 &rarr; <strong>1198</strong><br />(+23 for winning)
|raw|Reaper542's rating: 1144 &rarr; <strong>1121</strong><br />(-23 for losing)
|l|☆Reaper542
|player|p2|
|l|☆Noraa J Simpson
|player|p1|
