|j|☆shuca nacua
|j|☆NicheLadder
|t:|1769367964
|gametype|singles
|player|p1|shuca nacua|boarder|1587
|player|p2|NicheLadder|266|1675
|gen|9
|tier|[Gen 9] OU
|rated|
|rule|HP Percentage Mod: HP is shown in percentages
|rule|Endless Battle Clause: Forcing endless battles is banned
|rule|Species Clause: Limit one of each Pokémon
|rule|OHKO Clause: OHKO moves are banned
|rule|Evasion Items Clause: Evasion items are banned
|rule|Evasion Moves Clause: Evasion moves are banned
|rule|Evasion Abilities Clause: Evasion abilities are banned
|rule|Sleep Moves Clause: Sleep-inducing moves are banned
|clearpoke
|poke|p1|Alomomola, M|
|poke|p1|Dragapult, F|
|poke|p1|Iron Valiant|
|poke|p1|Corviknight, F|
|poke|p1|Gliscor, F|
|poke|p1|Conkeldurr, M|
|poke|p2|Kingambit, M|
|poke|p2|Corviknight, M|
|poke|p2|Cinderace, F|
|poke|p2|Sylveon, F|
|poke|p2|Darkrai|
|poke|p2|Alomomola, F|
|teampreview
|inactive|Battle timer is ON: inactive players will automatically lose when time's up. (requested by NicheLadder)
|
|t:|1769367982
|teamsize|p1|6
|teamsize|p2|6
|start
|switch|p1a: Gliscor|Gliscor, F|100/100
|switch|p2a: Sylveon|Sylveon, F|100/100
|turn|1
|
|t:|1769367994
|move|p1a: Gliscor|Stealth Rock|p2a: Sylveon
|-sidestart|p2: NicheLadder|move: Stealth Rock
|move|p2a: Sylveon|Hyper Voice|p1a: Gliscor
|-crit|p1a: Gliscor
|-damage|p1a: Gliscor|0 fnt
|faint|p1a: Gliscor
|
|upkeep
|c|☆shuca nacua|oh
|
|t:|1769368009
|switch|p1a: Corviknight|Corviknight, F|100/100
|-ability|p1a: Corviknight|Pressure
|turn|2
|
|t:|1769368025
|switch|p2a: Corviknight|Corviknight, M|100/100
|-damage|p2a: Corviknight|88/100|[from] Stealth Rock
|-ability|p2a: Corviknight|Pressure
|move|p1a: Corviknight|U-turn|p2a: Corviknight
|-resisted|p2a: Corviknight
|-damage|p2a: Corviknight|86/100
|-damage|p1a: Corviknight|84/100|[from] item: Rocky Helmet|[of] p2a: Corviknight
|
|t:|1769368034
|switch|p1a: Conkeldurr|Conkeldurr, M|100/100|[from] U-turn
|
|upkeep
|turn|3
|
|t:|1769368038
|move|p2a: Corviknight|Iron Defense|p2a: Corviknight
|-boost|p2a: Corviknight|def|2
|move|p1a: Conkeldurr|Thunder Punch|p2a: Corviknight
|-supereffective|p2a: Corviknight
|-damage|p2a: Corviknight|60/100
|-damage|p1a: Conkeldurr|84/100|[from] item: Rocky Helmet|[of] p2a: Corviknight
|
|upkeep
|turn|4
|
|t:|1769368045
|switch|p1a: Iron Valiant|Iron Valiant|100/100
|-enditem|p1a: Iron Valiant|Booster Energy
|-activate|p1a: Iron Valiant|ability: Quark Drive|[fromitem]
|-start|p1a: Iron Valiant|quarkdrivespe
|move|p2a: Corviknight|Roost|p2a: Corviknight
|-heal|p2a: Corviknight|100/100
|-singleturn|p2a: Corviknight|move: Roost
|
|upkeep
|turn|5
|
|t:|1769368051
|move|p1a: Iron Valiant|Encore|p2a: Corviknight
|-start|p2a: Corviknight|Encore
|move|p2a: Corviknight|Roost||[still]
|-fail|p2a: Corviknight|heal
|
|upkeep
|turn|6
|
|t:|1769368055
|switch|p2a: Alomomola|Alomomola, F|100/100
|-damage|p2a: Alomomola|88/100|[from] Stealth Rock
|move|p1a: Iron Valiant|Moonblast|p2a: Alomomola
|-damage|p2a: Alomomola|63/100
|
|upkeep
|turn|7
|
|t:|1769368063
|-end|p1a: Iron Valiant|Quark Drive|[silent]
|switch|p1a: Conkeldurr|Conkeldurr, M|84/100
|move|p2a: Alomomola|Mirror Coat||[still]
|-fail|p2a: Alomomola
|
|upkeep
|turn|8
|
|t:|1769368076
|switch|p2a: Corviknight|Corviknight, M|100/100
|-damage|p2a: Corviknight|88/100|[from] Stealth Rock
|-ability|p2a: Corviknight|Pressure
|move|p1a: Conkeldurr|Thunder Punch|p2a: Corviknight
|-supereffective|p2a: Corviknight
|-damage|p2a: Corviknight|43/100
|-damage|p1a: Conkeldurr|67/100|[from] item: Rocky Helmet|[of] p2a: Corviknight
|
|upkeep
|turn|9
|
|t:|1769368093
|move|p2a: Corviknight|Roost|p2a: Corviknight
|-heal|p2a: Corviknight|93/100
|-singleturn|p2a: Corviknight|move: Roost
|move|p1a: Conkeldurr|Earthquake|p2a: Corviknight
|-supereffective|p2a: Corviknight
|-damage|p2a: Corviknight|41/100
|-damage|p1a: Conkeldurr|57/100|[from] item: Life Orb
|
|upkeep
|turn|10
|
|t:|1769368101
|switch|p1a: Iron Valiant|Iron Valiant|100/100
|move|p2a: Corviknight|Roost|p2a: Corviknight
|-heal|p2a: Corviknight|91/100
|-singleturn|p2a: Corviknight|move: Roost
|
|upkeep
|turn|11
|
|t:|1769368107
|move|p1a: Iron Valiant|Encore|p2a: Corviknight
|-start|p2a: Corviknight|Encore
|move|p2a: Corviknight|Roost|p2a: Corviknight
|-heal|p2a: Corviknight|100/100
|-singleturn|p2a: Corviknight|move: Roost
|
|upkeep
|turn|12
|
|t:|1769368110
|switch|p2a: Alomomola|Alomomola, F|96/100
|-damage|p2a: Alomomola|84/100|[from] Stealth Rock
|move|p1a: Iron Valiant|Moonblast|p2a: Alomomola
|-damage|p2a: Alomomola|59/100
|
|upkeep
|turn|13
|
|t:|1769368118
|-end|p1a: Iron Valiant|Quark Drive|[silent]
|switch|p1a: Alomomola|Alomomola, M|100/100
|move|p2a: Alomomola|Flip Turn|p1a: Alomomola
|-resisted|p1a: Alomomola
|-crit|p1a: Alomomola
|-damage|p1a: Alomomola|94/100
|
|t:|1769368129
|switch|p2a: Cinderace|Cinderace, F|100/100|[from] Flip Turn
|
|upkeep
|turn|14
|
|t:|1769368141
|move|p2a: Cinderace|Court Change|p2a: Cinderace
|-start|p2a: Cinderace|typechange|Normal|[from] ability: Libero
|-swapsideconditions
|-activate|p2a: Cinderace|move: Court Change
|move|p1a: Alomomola|Scald|p2a: Cinderace
|-damage|p2a: Cinderace|80/100
|
|upkeep
|turn|15
|
|t:|1769368149
|move|p2a: Cinderace|U-turn|p1a: Alomomola
|-damage|p1a: Alomomola|82/100
|
|t:|1769368155
|switch|p2a: Alomomola|Alomomola, F|92/100|[from] U-turn
|move|p1a: Alomomola|Wish|p1a: Alomomola
|
|upkeep
|turn|16
|
|t:|1769368164
|move|p1a: Alomomola|Flip Turn|p2a: Alomomola
|-resisted|p2a: Alomomola
|-damage|p2a: Alomomola|87/100
|
|t:|1769368168
|switch|p1a: Conkeldurr|Conkeldurr, M|57/100|[from] Flip Turn
|-damage|p1a: Conkeldurr|51/100|[from] Stealth Rock
|move|p2a: Alomomola|Flip Turn|p1a: Conkeldurr
|-damage|p1a: Conkeldurr|36/100
|
|t:|1769368172
|switch|p2a: Sylveon|Sylveon, F|100/100|[from] Flip Turn
|
|-heal|p1a: Conkeldurr|99/100|[from] move: Wish|[wisher] Alomomola
|upkeep
|turn|17
|
|t:|1769368177
|switch|p1a: Corviknight|Corviknight, F|84/100
|-damage|p1a: Corviknight|72/100|[from] Stealth Rock
|-ability|p1a: Corviknight|Pressure
|move|p2a: Sylveon|Hyper Voice|p1a: Corviknight
|-resisted|p1a: Corviknight
|-damage|p1a: Corviknight|32/100
|
|upkeep
|turn|18
|
|t:|1769368181
|move|p2a: Sylveon|Hyper Voice|p1a: Corviknight
|-resisted|p1a: Corviknight
|-damage|p1a: Corviknight|0 fnt
|faint|p1a: Corviknight
|
|upkeep
|
|t:|1769368188
|switch|p1a: Iron Valiant|Iron Valiant|100/100
|-damage|p1a: Iron Valiant|94/100|[from] Stealth Rock
|turn|19
|
|t:|1769368192
|move|p1a: Iron Valiant|Moonblast|p2a: Sylveon
|-damage|p2a: Sylveon|61/100
|move|p2a: Sylveon|Hyper Voice|p1a: Iron Valiant
|-supereffective|p1a: Iron Valiant
|-damage|p1a: Iron Valiant|0 fnt
|faint|p1a: Iron Valiant
|-end|p1a: Iron Valiant|Quark Drive|[silent]
|
|upkeep
|
|t:|1769368195
|switch|p1a: Dragapult|Dragapult, F|100/100
|-damage|p1a: Dragapult|88/100|[from] Stealth Rock
|turn|20
|
|t:|1769368199
|switch|p2a: Kingambit|Kingambit, M|100/100
|-terastallize|p1a: Dragapult|Ghost
|move|p1a: Dragapult|Tera Blast|p2a: Kingambit|[anim] Tera Blast Ghost
|-resisted|p2a: Kingambit
|-damage|p2a: Kingambit|76/100
|
|-heal|p2a: Kingambit|82/100|[from] item: Leftovers
|upkeep
|turn|21
|
|t:|1769368205
|switch|p1a: Conkeldurr|Conkeldurr, M|99/100
|-damage|p1a: Conkeldurr|94/100|[from] Stealth Rock
|move|p2a: Kingambit|Iron Head|p1a: Conkeldurr
|-damage|p1a: Conkeldurr|50/100
|
|-heal|p2a: Kingambit|88/100|[from] item: Leftovers
|upkeep
|turn|22
|
|t:|1769368215
|-terastallize|p2a: Kingambit|Ghost
|move|p2a: Kingambit|Swords Dance|p2a: Kingambit
|-boost|p2a: Kingambit|atk|2
|move|p1a: Conkeldurr|Fire Punch|p2a: Kingambit
|-damage|p2a: Kingambit|57/100
|
|-heal|p2a: Kingambit|63/100|[from] item: Leftovers
|upkeep
|turn|23
|
|t:|1769368221
|move|p2a: Kingambit|Iron Head|p1a: Conkeldurr
|-damage|p1a: Conkeldurr|0 fnt
|faint|p1a: Conkeldurr
|
|-heal|p2a: Kingambit|69/100|[from] item: Leftovers
|upkeep
|-message|shuca nacua forfeited.
|
|win|NicheLadder
|raw|shuca nacua's rating: 1587 &rarr; <strong>1572</strong><br />(-15 for losing)
|raw|NicheLadder's rating: 1675 &rarr; <strong>1690</strong><br />(+15 for winning)
|l|☆shuca nacua
|player|p1|
