|j|☆Auburn Hills
|j|☆Noamm
|t:|1769369616
|gametype|singles
|player|p1|Auburn Hills|alder|1731
|player|p2|Noamm|gambler|1710
|gen|9
|tier|[Gen 9] OU
|rated|
|rule|HP Percentage Mod: HP is shown in percentages
|rule|Endless Battle Clause: Forcing endless battles is banned
|rule|Species Clause: Limit one of each Pokémon
|rule|OHKO Clause: OHKO moves are banned
|rule|Evasion Items Clause: Evasion items are banned
|rule|Evasion Moves Clause: Evasion moves are banned
|rule|Evasion Abilities Clause: Evasion abilities are banned
|rule|Sleep Moves Clause: Sleep-inducing moves are banned
|clearpoke
|poke|p1|Iron Moth|
|poke|p1|Umbreon, F|
|poke|p1|Garchomp, M|
|poke|p1|Glimmora, M|
|poke|p1|Gholdengo|
|poke|p1|Dragonite, F|
|poke|p2|Lokix, M|
|poke|p2|Dragapult, F|
|poke|p2|Slowking-Galar, F|
|poke|p2|Mandibuzz, F|
|poke|p2|Great Tusk|
|poke|p2|Primarina, F|
|teampreview
|
|t:|1769369626
|teamsize|p1|6
|teamsize|p2|6
|start
|switch|p1a: Julia Jacklin|Glimmora, M|100/100
|switch|p2a: Kamen Rider Torque|Great Tusk|100/100
|turn|1
|
|t:|1769369631
|move|p2a: Kamen Rider Torque|Headlong Rush|p1a: Julia Jacklin
|-supereffective|p1a: Julia Jacklin
|-enditem|p1a: Julia Jacklin|Focus Sash
|-damage|p1a: Julia Jacklin|1/100
|-unboost|p2a: Kamen Rider Torque|def|1
|-unboost|p2a: Kamen Rider Torque|spd|1
|-activate|p1a: Julia Jacklin|ability: Toxic Debris
|-sidestart|p2: Noamm|move: Toxic Spikes
|move|p1a: Julia Jacklin|Mortal Spin|p2a: Kamen Rider Torque
|-resisted|p2a: Kamen Rider Torque
|-damage|p2a: Kamen Rider Torque|97/100
|-status|p2a: Kamen Rider Torque|psn
|
|-damage|p2a: Kamen Rider Torque|85/100 psn|[from] psn
|upkeep
|turn|2
|
|t:|1769369637
|move|p2a: Kamen Rider Torque|Rapid Spin|p1a: Julia Jacklin
|-resisted|p1a: Julia Jacklin
|-damage|p1a: Julia Jacklin|0 fnt
|-boost|p2a: Kamen Rider Torque|spe|1
|-activate|p1a: Julia Jacklin|ability: Toxic Debris
|-sidestart|p2: Noamm|move: Toxic Spikes
|-sideend|p2: Noamm|Toxic Spikes|[from] move: Rapid Spin|[of] p2a: Kamen Rider Torque
|faint|p1a: Julia Jacklin
|
|-damage|p2a: Kamen Rider Torque|72/100 psn|[from] psn
|upkeep
|
|t:|1769369667
|switch|p1a: Elucid|Dragonite, F|100/100
|turn|3
|
|t:|1769369670
|move|p2a: Kamen Rider Torque|Ice Spinner|p1a: Elucid
|-supereffective|p1a: Elucid
|-damage|p1a: Elucid|40/100
|move|p1a: Elucid|Ice Spinner|p2a: Kamen Rider Torque
|-supereffective|p2a: Kamen Rider Torque
|-damage|p2a: Kamen Rider Torque|0 fnt
|faint|p2a: Kamen Rider Torque
|-end|p2a: Kamen Rider Torque|Protosynthesis|[silent]
|
|upkeep
|
|t:|1769369684
|switch|p2a: Kamen Rider Shade|Dragapult, F, shiny|100/100
|turn|4
|
|t:|1769369695
|switch|p1a: Smino|Gholdengo|100/100
|move|p2a: Kamen Rider Shade|U-turn|p1a: Smino
|-resisted|p1a: Smino
|-damage|p1a: Smino|96/100
|
|t:|1769369698
|switch|p2a: Kamen Rider Siren|Primarina, F|100/100|[from] U-turn
|
|upkeep
|turn|5
|inactive|Battle timer is ON: inactive players will automatically lose when time's up. (requested by Auburn Hills)
|
|t:|1769369711
|switch|p1a: Alvvays|Umbreon, F|100/100
|move|p2a: Kamen Rider Siren|Psychic Noise|p1a: Alvvays
|-damage|p1a: Alvvays|77/100
|-start|p1a: Alvvays|move: Heal Block
|
|upkeep
|turn|6
|
|t:|1769369714
|move|p2a: Kamen Rider Siren|Moonblast|p1a: Alvvays
|-supereffective|p1a: Alvvays
|-damage|p1a: Alvvays|25/100
|move|p1a: Alvvays|Thunder Wave|p2a: Kamen Rider Siren
|-status|p2a: Kamen Rider Siren|par
|
|-end|p1a: Alvvays|move: Heal Block
|upkeep
|turn|7
|
|t:|1769369718
|move|p1a: Alvvays|Protect|p1a: Alvvays
|-singleturn|p1a: Alvvays|Protect
|move|p2a: Kamen Rider Siren|Flip Turn|p1a: Alvvays
|-activate|p1a: Alvvays|move: Protect
|
|-heal|p1a: Alvvays|31/100|[from] item: Leftovers
|upkeep
|turn|8
|
|t:|1769369720
|move|p1a: Alvvays|Wish|p1a: Alvvays
|cant|p2a: Kamen Rider Siren|par
|
|-heal|p1a: Alvvays|37/100|[from] item: Leftovers
|upkeep
|turn|9
|
|t:|1769369723
|move|p1a: Alvvays|Protect|p1a: Alvvays
|-singleturn|p1a: Alvvays|Protect
|move|p2a: Kamen Rider Siren|Psychic Noise|p1a: Alvvays
|-activate|p1a: Alvvays|move: Protect
|
|-heal|p1a: Alvvays|87/100|[from] move: Wish|[wisher] Alvvays
|-heal|p1a: Alvvays|93/100|[from] item: Leftovers
|upkeep
|turn|10
|
|t:|1769369731
|switch|p1a: Smino|Gholdengo|96/100
|move|p2a: Kamen Rider Siren|Whirlpool|p1a: Smino
|-damage|p1a: Smino|74/100
|-activate|p1a: Smino|move: Whirlpool|[of] p2a: Kamen Rider Siren
|
|-damage|p1a: Smino|61/100|[from] move: Whirlpool|[partiallytrapped]
|upkeep
|turn|11
|
|t:|1769369734
|move|p1a: Smino|Shadow Ball|p2a: Kamen Rider Siren
|-damage|p2a: Kamen Rider Siren|73/100 par
|-unboost|p2a: Kamen Rider Siren|spd|1
|move|p2a: Kamen Rider Siren|Psychic Noise|p1a: Smino
|-damage|p1a: Smino|11/100
|-start|p1a: Smino|move: Heal Block
|
|-damage|p1a: Smino|0 fnt|[from] move: Whirlpool|[partiallytrapped]
|faint|p1a: Smino
|upkeep
|
|t:|1769369738
|switch|p1a: Rat Tally|Garchomp, M|100/100
|turn|12
|
|t:|1769369744
|move|p1a: Rat Tally|Earthquake|p2a: Kamen Rider Siren
|-damage|p2a: Kamen Rider Siren|3/100 par
|move|p2a: Kamen Rider Siren|Moonblast|p1a: Rat Tally
|-supereffective|p1a: Rat Tally
|-damage|p1a: Rat Tally|0 fnt
|faint|p1a: Rat Tally
|
|upkeep
|
|t:|1769369767
|switch|p1a: Elucid|Dragonite, F|40/100
|turn|13
|
|t:|1769369774
|move|p1a: Elucid|Ice Spinner|p2a: Kamen Rider Siren
|-resisted|p2a: Kamen Rider Siren
|-damage|p2a: Kamen Rider Siren|0 fnt
|faint|p2a: Kamen Rider Siren
|
|upkeep
|
|t:|1769369776
|switch|p2a: Kamen Rider Shade|Dragapult, F, shiny|100/100
|turn|14
|
|t:|1769369781
|move|p2a: Kamen Rider Shade|Draco Meteor|p1a: Elucid
|-supereffective|p1a: Elucid
|-damage|p1a: Elucid|0 fnt
|-unboost|p2a: Kamen Rider Shade|spa|2
|faint|p1a: Elucid
|
|upkeep
|
|t:|1769369783
|switch|p1a: Alvvays|Umbreon, F|93/100
|turn|15
|
|t:|1769369787
|switch|p2a: Kamen Rider Burr|Slowking-Galar, F|100/100
|move|p1a: Alvvays|Thunder Wave|p2a: Kamen Rider Burr|[miss]
|-miss|p1a: Alvvays|p2a: Kamen Rider Burr
|
|-heal|p1a: Alvvays|99/100|[from] item: Leftovers
|upkeep
|turn|16
|
|t:|1769369793
|move|p1a: Alvvays|Thunder Wave|p2a: Kamen Rider Burr
|-status|p2a: Kamen Rider Burr|par
|-prepare|p2a: Kamen Rider Burr|Chilly Reception|[premajor]
|move|p2a: Kamen Rider Burr|Chilly Reception|p2a: Kamen Rider Burr
|-weather|Snowscape
|
|t:|1769369796
|switch|p2a: Kamen Rider SwarmX|Lokix, M, shiny|100/100|[from] Chilly Reception
|
|-weather|Snowscape|[upkeep]
|-heal|p1a: Alvvays|100/100|[from] item: Leftovers
|upkeep
|turn|17
|
|t:|1769369798
|-terastallize|p2a: Kamen Rider SwarmX|Bug
|move|p1a: Alvvays|Protect|p1a: Alvvays
|-singleturn|p1a: Alvvays|Protect
|move|p2a: Kamen Rider SwarmX|Leech Life|p1a: Alvvays
|-activate|p1a: Alvvays|move: Protect
|
|-weather|Snowscape|[upkeep]
|upkeep
|turn|18
|
|t:|1769369803
|-terastallize|p1a: Alvvays|Water
|move|p2a: Kamen Rider SwarmX|Leech Life|p1a: Alvvays
|-damage|p1a: Alvvays|39/100
|move|p1a: Alvvays|Thunder Wave|p2a: Kamen Rider SwarmX
|-status|p2a: Kamen Rider SwarmX|par
|
|-weather|Snowscape|[upkeep]
|-heal|p1a: Alvvays|45/100|[from] item: Leftovers
|upkeep
|turn|19
|
|t:|1769369814
|switch|p2a: Kamen Rider Burr|Slowking-Galar, F|100/100 par
|move|p1a: Alvvays|Protect||[still]
|-fail|p1a: Alvvays
|
|-weather|Snowscape|[upkeep]
|-heal|p1a: Alvvays|51/100|[from] item: Leftovers
|upkeep
|turn|20
|
|t:|1769369818
|move|p1a: Alvvays|Thunder Wave|p2a: Kamen Rider Burr
|-fail|p2a: Kamen Rider Burr|par
|move|p2a: Kamen Rider Burr|Sludge Bomb|p1a: Alvvays
|-damage|p1a: Alvvays|33/100
|
|-weather|none
|-heal|p1a: Alvvays|39/100|[from] item: Leftovers
|upkeep
|turn|21
|
|t:|1769369821
|move|p1a: Alvvays|Wish|p1a: Alvvays
|move|p2a: Kamen Rider Burr|Sludge Bomb|p1a: Alvvays
|-damage|p1a: Alvvays|22/100
|-status|p1a: Alvvays|psn
|
|-heal|p1a: Alvvays|28/100 psn|[from] item: Leftovers
|-damage|p1a: Alvvays|16/100 psn|[from] psn
|upkeep
|turn|22
|
|t:|1769369824
|move|p1a: Alvvays|Foul Play|p2a: Kamen Rider Burr
|-supereffective|p2a: Kamen Rider Burr
|-damage|p2a: Kamen Rider Burr|62/100 par
|move|p2a: Kamen Rider Burr|Future Sight|p1a: Alvvays
|-start|p2a: Kamen Rider Burr|move: Future Sight
|
|-heal|p1a: Alvvays|65/100 psn|[from] move: Wish|[wisher] Alvvays
|-heal|p1a: Alvvays|71/100 psn|[from] item: Leftovers
|-damage|p1a: Alvvays|59/100 psn|[from] psn
|upkeep
|turn|23
|
|t:|1769369830
|move|p1a: Alvvays|Foul Play|p2a: Kamen Rider Burr
|-supereffective|p2a: Kamen Rider Burr
|-damage|p2a: Kamen Rider Burr|24/100 par
|-prepare|p2a: Kamen Rider Burr|Chilly Reception|[premajor]
|move|p2a: Kamen Rider Burr|Chilly Reception|p2a: Kamen Rider Burr
|-weather|Snowscape
|
|t:|1769369832
|switch|p2a: Kamen Rider Shade|Dragapult, F, shiny|100/100|[from] Chilly Reception
|
|-weather|Snowscape|[upkeep]
|-heal|p1a: Alvvays|65/100 psn|[from] item: Leftovers
|-damage|p1a: Alvvays|53/100 psn|[from] psn
|upkeep
|turn|24
|
|t:|1769369835
|move|p2a: Kamen Rider Shade|Shadow Ball|p1a: Alvvays
|-damage|p1a: Alvvays|27/100 psn
|move|p1a: Alvvays|Foul Play|p2a: Kamen Rider Shade
|-supereffective|p2a: Kamen Rider Shade
|-damage|p2a: Kamen Rider Shade|3/100
|
|-weather|Snowscape|[upkeep]
|-end|p1a: Alvvays|move: Future Sight
|-damage|p1a: Alvvays|3/100 psn
|-heal|p1a: Alvvays|9/100 psn|[from] item: Leftovers
|-damage|p1a: Alvvays|0 fnt|[from] psn
|faint|p1a: Alvvays
|upkeep
|
|t:|1769369837
|switch|p1a: Carly Rae|Iron Moth|100/100
|-enditem|p1a: Carly Rae|Booster Energy
|-activate|p1a: Carly Rae|ability: Quark Drive|[fromitem]
|-start|p1a: Carly Rae|quarkdrivespe
|turn|25
|
|t:|1769369842
|move|p1a: Carly Rae|Fiery Dance|p2a: Kamen Rider Shade
|-resisted|p2a: Kamen Rider Shade
|-damage|p2a: Kamen Rider Shade|0 fnt
|-boost|p1a: Carly Rae|spa|1
|faint|p2a: Kamen Rider Shade
|
|-weather|Snowscape|[upkeep]
|upkeep
|
|t:|1769369847
|switch|p2a: Kamen Rider Burr|Slowking-Galar, F|57/100 par
|turn|26
|
|t:|1769369854
|move|p1a: Carly Rae|Fiery Dance|p2a: Kamen Rider Burr
|-damage|p2a: Kamen Rider Burr|24/100 par
|-boost|p1a: Carly Rae|spa|1
|move|p2a: Kamen Rider Burr|Future Sight|p1a: Carly Rae
|-start|p2a: Kamen Rider Burr|move: Future Sight
|
|-weather|Snowscape|[upkeep]
|upkeep
|turn|27
|
|t:|1769369861
|switch|p2a: Kamen Rider Scaven|Mandibuzz, F|100/100
|move|p1a: Carly Rae|Fiery Dance|p2a: Kamen Rider Scaven
|-damage|p2a: Kamen Rider Scaven|28/100
|
|-weather|none
|upkeep
|turn|28
|
|t:|1769369864
|move|p1a: Carly Rae|Fiery Dance|p2a: Kamen Rider Scaven
|-damage|p2a: Kamen Rider Scaven|0 fnt
|faint|p2a: Kamen Rider Scaven
|
|-end|p1a: Carly Rae|move: Future Sight
|-supereffective|p1a: Carly Rae
|-damage|p1a: Carly Rae|4/100
|upkeep
|
|t:|1769369865
|switch|p2a: Kamen Rider SwarmX|Lokix, M, shiny, tera:Bug|100/100 par
|turn|29
|
|t:|1769369867
|move|p2a: Kamen Rider SwarmX|First Impression|p1a: Carly Rae
|-resisted|p1a: Carly Rae
|-damage|p1a: Carly Rae|0 fnt
|faint|p1a: Carly Rae
|-end|p1a: Carly Rae|Quark Drive|[silent]
|
|win|Noamm
|raw|Auburn Hills's rating: 1731 &rarr; <strong>1710</strong><br />(-21 for losing)
|raw|Noamm's rating: 1710 &rarr; <strong>1731</strong><br />(+21 for winning)
|l|☆Auburn Hills
|player|p1|
|l|☆Noamm
|player|p2|
