|badge|p2|bronze|gen9ou|100-8
|uhtml|medal-msg|<div class="broadcast-blue">Curious what those medals under the avatar are? PS now has Ladder Seasons! For more information, check out the <a href="https://www.smogon.com/forums/threads/3740067/">thread on Smogon.</a></div>
|j|☆elpets
|j|☆CambridgeFoulPlay
|t:|1769383090
|gametype|singles
|player|p1|elpets|infielder|1635
|player|p2|CambridgeFoulPlay|266|1797
|gen|9
|tier|[Gen 9] OU
|rated|
|rule|HP Percentage Mod: HP is shown in percentages
|rule|Endless Battle Clause: Forcing endless battles is banned
|rule|Species Clause: Limit one of each Pokémon
|rule|OHKO Clause: OHKO moves are banned
|rule|Evasion Items Clause: Evasion items are banned
|rule|Evasion Moves Clause: Evasion moves are banned
|rule|Evasion Abilities Clause: Evasion abilities are banned
|rule|Sleep Moves Clause: Sleep-inducing moves are banned
|clearpoke
|poke|p1|Hatterene, F|
|poke|p1|Dragonite, F|
|poke|p1|Breloom, M|
|poke|p1|Azumarill, F|
|poke|p1|Great Tusk|
|poke|p1|Skeledirge, M|
|poke|p2|Hydrapple, M|
|poke|p2|Tyranitar, F|
|poke|p2|Moltres|
|poke|p2|Zamazenta-*|
|poke|p2|Slowking-Galar, M|
|poke|p2|Excadrill, F|
|teampreview
|c|☆CambridgeFoulPlay|hf
|inactive|Battle timer is ON: inactive players will automatically lose when time's up. (requested by CambridgeFoulPlay)
|
|t:|1769383095
|teamsize|p1|6
|teamsize|p2|6
|start
|switch|p1a: Azumarill|Azumarill, F|100/100
|switch|p2a: Hydrapple|Hydrapple, M|100/100
|turn|1
|
|t:|1769383098
|move|p1a: Azumarill|Knock Off|p2a: Hydrapple
|-damage|p2a: Hydrapple|76/100
|-enditem|p2a: Hydrapple|Heavy-Duty Boots|[from] move: Knock Off|[of] p1a: Azumarill
|move|p2a: Hydrapple|Giga Drain|p1a: Azumarill
|-supereffective|p1a: Azumarill
|-damage|p1a: Azumarill|60/100
|-heal|p2a: Hydrapple|96/100|[from] drain|[of] p1a: Azumarill
|
|upkeep
|turn|2
|
|t:|1769383103
|move|p1a: Azumarill|Play Rough|p2a: Hydrapple
|-supereffective|p2a: Hydrapple
|-crit|p2a: Hydrapple
|-damage|p2a: Hydrapple|0 fnt
|faint|p2a: Hydrapple
|
|upkeep
|
|t:|1769383106
|switch|p2a: Zamazenta|Zamazenta|100/100
|-ability|p2a: Zamazenta|Dauntless Shield|boost
|-boost|p2a: Zamazenta|def|1
|turn|3
|
|t:|1769383109
|move|p2a: Zamazenta|Iron Defense|p2a: Zamazenta
|-boost|p2a: Zamazenta|def|2
|move|p1a: Azumarill|Play Rough|p2a: Zamazenta
|-supereffective|p2a: Zamazenta
|-damage|p2a: Zamazenta|63/100
|-unboost|p2a: Zamazenta|atk|1
|
|-heal|p2a: Zamazenta|69/100|[from] item: Leftovers
|upkeep
|turn|4
|
|t:|1769383112
|switch|p1a: Skeledirge|Skeledirge, M|100/100
|move|p2a: Zamazenta|Body Press|p1a: Skeledirge
|-immune|p1a: Skeledirge
|
|-heal|p2a: Zamazenta|75/100|[from] item: Leftovers
|upkeep
|turn|5
|
|t:|1769383116
|switch|p2a: Tyranitar|Tyranitar, F|100/100
|-weather|Sandstorm|[from] ability: Sand Stream|[of] p2a: Tyranitar
|switch|p1a: Azumarill|Azumarill, F|60/100
|
|-weather|Sandstorm|[upkeep]
|-damage|p1a: Azumarill|54/100|[from] Sandstorm
|upkeep
|turn|6
|
|t:|1769383119
|switch|p2a: Moltres|Moltres|100/100
|move|p1a: Azumarill|Liquidation|p2a: Moltres
|-supereffective|p2a: Moltres
|-damage|p2a: Moltres|19/100
|
|-weather|Sandstorm|[upkeep]
|-damage|p2a: Moltres|13/100|[from] Sandstorm
|-damage|p1a: Azumarill|48/100|[from] Sandstorm
|upkeep
|turn|7
|
|t:|1769383120
|move|p1a: Azumarill|Aqua Jet|p2a: Moltres
|-supereffective|p2a: Moltres
|-damage|p2a: Moltres|0 fnt
|faint|p2a: Moltres
|
|-weather|Sandstorm|[upkeep]
|-damage|p1a: Azumarill|41/100|[from] Sandstorm
|upkeep
|
|t:|1769383122
|switch|p2a: Slowking|Slowking-Galar, M|100/100
|turn|8
|
|t:|1769383123
|move|p1a: Azumarill|Knock Off|p2a: Slowking
|-supereffective|p2a: Slowking
|-damage|p2a: Slowking|34/100
|-enditem|p2a: Slowking|Assault Vest|[from] move: Knock Off|[of] p1a: Azumarill
|move|p2a: Slowking|Sludge Bomb|p1a: Azumarill
|-supereffective|p1a: Azumarill
|-damage|p1a: Azumarill|0 fnt
|faint|p1a: Azumarill
|
|-weather|Sandstorm|[upkeep]
|-damage|p2a: Slowking|28/100|[from] Sandstorm
|upkeep
|
|t:|1769383128
|switch|p1a: Great Tusk|Great Tusk|100/100
|-enditem|p1a: Great Tusk|Booster Energy
|-activate|p1a: Great Tusk|ability: Protosynthesis|[fromitem]
|-start|p1a: Great Tusk|protosynthesisatk
|turn|9
|
|t:|1769383131
|switch|p2a: Zamazenta|Zamazenta|75/100
|move|p1a: Great Tusk|Headlong Rush|p2a: Zamazenta
|-damage|p2a: Zamazenta|8/100
|-unboost|p1a: Great Tusk|def|1
|-unboost|p1a: Great Tusk|spd|1
|
|-weather|Sandstorm|[upkeep]
|-damage|p2a: Zamazenta|2/100|[from] Sandstorm
|-heal|p2a: Zamazenta|8/100|[from] item: Leftovers
|upkeep
|turn|10
|
|t:|1769383134
|move|p2a: Zamazenta|Body Press|p1a: Great Tusk
|-damage|p1a: Great Tusk|55/100
|move|p1a: Great Tusk|Rapid Spin|p2a: Zamazenta
|-damage|p2a: Zamazenta|0 fnt
|-boost|p1a: Great Tusk|spe|1
|faint|p2a: Zamazenta
|
|-weather|Sandstorm|[upkeep]
|upkeep
|
|t:|1769383136
|switch|p2a: Excadrill|Excadrill, F|100/100
|-item|p2a: Excadrill|Air Balloon
|turn|11
|
|t:|1769383141
|-end|p1a: Great Tusk|Protosynthesis|[silent]
|switch|p1a: Hatterene|Hatterene, F|100/100
|move|p2a: Excadrill|Earthquake|p1a: Hatterene
|-damage|p1a: Hatterene|45/100
|
|-weather|Sandstorm|[upkeep]
|-damage|p1a: Hatterene|39/100|[from] Sandstorm
|-heal|p1a: Hatterene|45/100|[from] item: Leftovers
|upkeep
|turn|12
|
|t:|1769383145
|move|p2a: Excadrill|Iron Head|p1a: Hatterene
|-supereffective|p1a: Hatterene
|-damage|p1a: Hatterene|0 fnt
|faint|p1a: Hatterene
|
|-weather|none
|upkeep
|
|t:|1769383146
|switch|p1a: Ippo|Breloom, M|100/100
|turn|13
|
|t:|1769383149
|-terastallize|p2a: Excadrill|Fire
|move|p2a: Excadrill|Iron Head|p1a: Ippo
|-damage|p1a: Ippo|36/100
|move|p1a: Ippo|Bullet Seed|p2a: Excadrill
|-resisted|p2a: Excadrill
|-damage|p2a: Excadrill|84/100
|-enditem|p2a: Excadrill|Air Balloon
|-resisted|p2a: Excadrill
|-damage|p2a: Excadrill|70/100
|-resisted|p2a: Excadrill
|-damage|p2a: Excadrill|54/100
|-hitcount|p2a: Excadrill|3
|
|upkeep
|turn|14
|
|t:|1769383153
|move|p1a: Ippo|Mach Punch|p2a: Excadrill
|-damage|p2a: Excadrill|6/100
|move|p2a: Excadrill|Iron Head|p1a: Ippo
|-damage|p1a: Ippo|0 fnt
|faint|p1a: Ippo
|
|upkeep
|
|t:|1769383157
|switch|p1a: Great Tusk|Great Tusk|55/100
|turn|15
|
|t:|1769383159
|move|p2a: Excadrill|Iron Head|p1a: Great Tusk
|-damage|p1a: Great Tusk|23/100
|cant|p1a: Great Tusk|flinch
|
|upkeep
|turn|16
|
|t:|1769383162
|move|p2a: Excadrill|Iron Head|p1a: Great Tusk
|-damage|p1a: Great Tusk|0 fnt
|faint|p1a: Great Tusk
|-end|p1a: Great Tusk|Protosynthesis|[silent]
|
|upkeep
|
|t:|1769383167
|switch|p1a: Dragonite|Dragonite, F|100/100
|turn|17
|
|t:|1769383169
|move|p2a: Excadrill|Iron Head|p1a: Dragonite
|-damage|p1a: Dragonite|78/100
|cant|p1a: Dragonite|flinch
|
|upkeep
|turn|18
|
|t:|1769383173
|move|p2a: Excadrill|Iron Head|p1a: Dragonite
|-damage|p1a: Dragonite|33/100
|cant|p1a: Dragonite|flinch
|
|upkeep
|turn|19
|
|t:|1769383175
|move|p1a: Dragonite|Extreme Speed|p2a: Excadrill
|-damage|p2a: Excadrill|0 fnt
|faint|p2a: Excadrill
|
|upkeep
|
|t:|1769383178
|switch|p2a: Tyranitar|Tyranitar, F|100/100
|-weather|Sandstorm|[from] ability: Sand Stream|[of] p2a: Tyranitar
|turn|20
|
|t:|1769383181
|move|p1a: Dragonite|Outrage|p2a: Tyranitar
|-damage|p2a: Tyranitar|50/100
|move|p2a: Tyranitar|Knock Off|p1a: Dragonite
|-damage|p1a: Dragonite|0 fnt
|-enditem|p1a: Dragonite|Lum Berry|[from] move: Knock Off|[of] p2a: Tyranitar
|faint|p1a: Dragonite
|
|-weather|Sandstorm|[upkeep]
|upkeep
|
|t:|1769383184
|switch|p1a: Skeledirge|Skeledirge, M|100/100
|turn|21
|
|t:|1769383186
|-terastallize|p1a: Skeledirge|Water
|move|p1a: Skeledirge|Torch Song|p2a: Tyranitar
|-resisted|p2a: Tyranitar
|-damage|p2a: Tyranitar|44/100
|-boost|p1a: Skeledirge|spa|1
|move|p2a: Tyranitar|Thunder Wave|p1a: Skeledirge|[miss]
|-miss|p2a: Tyranitar|p1a: Skeledirge
|
|-weather|Sandstorm|[upkeep]
|-damage|p1a: Skeledirge|94/100|[from] Sandstorm
|upkeep
|turn|22
|
|t:|1769383191
|move|p1a: Skeledirge|Tera Blast|p2a: Tyranitar|[anim] Tera Blast Water
|-supereffective|p2a: Tyranitar
|-damage|p2a: Tyranitar|5/100
|move|p2a: Tyranitar|Thunder Wave|p1a: Skeledirge
|-status|p1a: Skeledirge|par
|
|-weather|Sandstorm|[upkeep]
|-damage|p1a: Skeledirge|88/100 par|[from] Sandstorm
|upkeep
|turn|23
|
|t:|1769383194
|move|p2a: Tyranitar|Knock Off|p1a: Skeledirge
|-damage|p1a: Skeledirge|63/100 par
|-enditem|p1a: Skeledirge|Covert Cloak|[from] move: Knock Off|[of] p2a: Tyranitar
|move|p1a: Skeledirge|Torch Song|p2a: Tyranitar
|-resisted|p2a: Tyranitar
|-damage|p2a: Tyranitar|0 fnt
|-boost|p1a: Skeledirge|spa|1
|faint|p2a: Tyranitar
|
|-weather|Sandstorm|[upkeep]
|-damage|p1a: Skeledirge|57/100 par|[from] Sandstorm
|upkeep
|
|t:|1769383197
|switch|p2a: Slowking|Slowking-Galar, M|62/100
|turn|24
|
|t:|1769383199
|move|p2a: Slowking|Sludge Bomb|p1a: Skeledirge
|-damage|p1a: Skeledirge|19/100 par
|move|p1a: Skeledirge|Shadow Ball|p2a: Slowking
|-supereffective|p2a: Slowking
|-damage|p2a: Slowking|0 fnt
|faint|p2a: Slowking
|
|win|elpets
|raw|elpets's rating: 1635 &rarr; <strong>1664</strong><br />(+29 for winning)
|raw|CambridgeFoulPlay's rating: 1797 &rarr; <strong>1768</strong><br />(-29 for losing)
|c|☆CambridgeFoulPlay|gg
|l|☆CambridgeFoulPlay
|player|p2|
|l|☆elpets
|player|p1|
