|j|☆OP Sand
|j|☆fck_yellow_magic
|t:|1769335986
|gametype|singles
|player|p1|OP Sand|giovanni-masters|1687
|player|p2|fck_yellow_magic|janitor-gen9|1645
|gen|9
|tier|[Gen 9] OU
|rated|
|rule|HP Percentage Mod: HP is shown in percentages
|rule|Endless Battle Clause: Forcing endless battles is banned
|rule|Species Clause: Limit one of each Pokémon
|rule|OHKO Clause: OHKO moves are banned
|rule|Evasion Items Clause: Evasion items are banned
|rule|Evasion Moves Clause: Evasion moves are banned
|rule|Evasion Abilities Clause: Evasion abilities are banned
|rule|Sleep Moves Clause: Sleep-inducing moves are banned
|clearpoke
|poke|p1|Excadrill, M|
|poke|p1|Tyranitar, F|
|poke|p1|Kyurem|
|poke|p1|Hawlucha, F|
|poke|p1|Pawmot, F|
|poke|p1|Houndstone, F|
|poke|p2|Clodsire, M|
|poke|p2|Conkeldurr, F|
|poke|p2|Zapdos|
|poke|p2|Skarmory, F|
|poke|p2|Sinistcha|
|poke|p2|Ceruledge, M|
|teampreview
|inactive|Battle timer is ON: inactive players will automatically lose when time's up. (requested by OP Sand)
|
|t:|1769336012
|teamsize|p1|6
|teamsize|p2|6
|start
|switch|p1a: Frieza|Kyurem, shiny|100/100
|switch|p2a: Wide Shoulder|Conkeldurr, F|100/100
|-ability|p1a: Frieza|Pressure
|turn|1
|
|t:|1769336015
|-terastallize|p1a: Frieza|Ghost
|move|p1a: Frieza|Shadow Ball|p2a: Wide Shoulder
|-crit|p2a: Wide Shoulder
|-damage|p2a: Wide Shoulder|57/100
|-unboost|p2a: Wide Shoulder|spd|1
|move|p2a: Wide Shoulder|Knock Off|p1a: Frieza
|-supereffective|p1a: Frieza
|-damage|p1a: Frieza|46/100
|-enditem|p1a: Frieza|Expert Belt|[from] move: Knock Off|[of] p2a: Wide Shoulder
|
|upkeep
|turn|2
|
|t:|1769336040
|switch|p2a: Rolling Thunder|Zapdos|100/100
|-ability|p2a: Rolling Thunder|Pressure
|move|p1a: Frieza|Shadow Ball|p2a: Rolling Thunder
|-damage|p2a: Rolling Thunder|51/100
|-unboost|p2a: Rolling Thunder|spd|1
|
|upkeep
|turn|3
|
|t:|1769336051
|move|p2a: Rolling Thunder|Volt Switch|p1a: Frieza
|-damage|p1a: Frieza|0 fnt
|faint|p1a: Frieza
|
|t:|1769336060
|switch|p2a: Wide Shoulder|Conkeldurr, F|57/100|[from] Volt Switch
|
|upkeep
|
|t:|1769336072
|switch|p1a: OP|Excadrill, M|100/100
|turn|4
|
|t:|1769336077
|move|p1a: OP|Earthquake|p2a: Wide Shoulder
|-damage|p2a: Wide Shoulder|0 fnt
|faint|p2a: Wide Shoulder
|
|upkeep
|
|t:|1769336086
|switch|p2a: Rolling Thunder|Zapdos|51/100
|-ability|p2a: Rolling Thunder|Pressure
|turn|5
|
|t:|1769336091
|switch|p1a: Shukaku|Tyranitar, F, shiny|100/100
|-weather|Sandstorm|[from] ability: Sand Stream|[of] p1a: Shukaku
|move|p2a: Rolling Thunder|Volt Switch|p1a: Shukaku
|-damage|p1a: Shukaku|67/100
|
|t:|1769336097
|switch|p2a: Fat Body|Clodsire, M|100/100|[from] Volt Switch
|
|-weather|Sandstorm|[upkeep]
|upkeep
|turn|6
|
|t:|1769336099
|move|p1a: Shukaku|Stealth Rock|p2a: Fat Body
|-sidestart|p2: fck_yellow_magic|move: Stealth Rock
|move|p2a: Fat Body|Stealth Rock|p1a: Shukaku
|-sidestart|p1: OP Sand|move: Stealth Rock
|
|-weather|Sandstorm|[upkeep]
|upkeep
|turn|7
|
|t:|1769336106
|switch|p1a: Itachi|Hawlucha, F, shiny|100/100
|-damage|p1a: Itachi|88/100|[from] Stealth Rock
|-ability|p1a: Itachi|Mold Breaker
|move|p2a: Fat Body|Earthquake|p1a: Itachi
|-immune|p1a: Itachi
|
|-weather|Sandstorm|[upkeep]
|-damage|p1a: Itachi|82/100|[from] Sandstorm
|upkeep
|turn|8
|j| graylv
|
|t:|1769336111
|move|p1a: Itachi|Encore|p2a: Fat Body
|-start|p2a: Fat Body|Encore
|move|p2a: Fat Body|Earthquake|p1a: Itachi
|-immune|p1a: Itachi
|
|-weather|Sandstorm|[upkeep]
|-damage|p1a: Itachi|76/100|[from] Sandstorm
|upkeep
|turn|9
|
|t:|1769336113
|switch|p2a: Metal Wing|Skarmory, F|100/100
|-damage|p2a: Metal Wing|88/100|[from] Stealth Rock
|move|p1a: Itachi|Swords Dance|p1a: Itachi
|-boost|p1a: Itachi|atk|2
|
|-weather|Sandstorm|[upkeep]
|-damage|p1a: Itachi|70/100|[from] Sandstorm
|-heal|p2a: Metal Wing|94/100|[from] item: Leftovers
|upkeep
|turn|10
|
|t:|1769336116
|move|p1a: Itachi|Brave Bird|p2a: Metal Wing
|-resisted|p2a: Metal Wing
|-crit|p2a: Metal Wing
|-damage|p2a: Metal Wing|47/100
|-damage|p1a: Itachi|53/100|[from] Recoil
|move|p2a: Metal Wing|Whirlwind|p1a: Itachi
|drag|p1a: Shukaku|Tyranitar, F, shiny|67/100
|-damage|p1a: Shukaku|55/100|[from] Stealth Rock
|
|-weather|Sandstorm|[upkeep]
|-heal|p2a: Metal Wing|53/100|[from] item: Leftovers
|upkeep
|turn|11
|
|t:|1769336122
|move|p2a: Metal Wing|Roost|p2a: Metal Wing
|-heal|p2a: Metal Wing|100/100
|-singleturn|p2a: Metal Wing|move: Roost
|move|p1a: Shukaku|Thunder Wave|p2a: Metal Wing
|-status|p2a: Metal Wing|par
|
|-weather|Sandstorm|[upkeep]
|upkeep
|turn|12
|
|t:|1769336125
|move|p1a: Shukaku|Ice Beam|p2a: Metal Wing
|-damage|p2a: Metal Wing|77/100 par
|cant|p2a: Metal Wing|par
|
|-weather|none
|-heal|p2a: Metal Wing|83/100 par|[from] item: Leftovers
|upkeep
|turn|13
|c|☆fck_yellow_magic|hax patch somhow
|
|t:|1769336143
|switch|p1a: Houndstone|Houndstone, F, shiny|100/100
|-damage|p1a: Houndstone|88/100|[from] Stealth Rock
|cant|p2a: Metal Wing|par
|
|-heal|p2a: Metal Wing|89/100 par|[from] item: Leftovers
|upkeep
|turn|14
|
|t:|1769336149
|move|p1a: Houndstone|Trick|p2a: Metal Wing
|-activate|p1a: Houndstone|move: Trick|[of] p2a: Metal Wing
|-item|p2a: Metal Wing|Choice Scarf|[from] move: Trick
|-item|p1a: Houndstone|Leftovers|[from] move: Trick
|cant|p2a: Metal Wing|par
|
|-heal|p1a: Houndstone|94/100|[from] item: Leftovers
|upkeep
|turn|15
|l| graylv
|
|t:|1769336158
|switch|p1a: Shukaku|Tyranitar, F, shiny|55/100
|-damage|p1a: Shukaku|43/100|[from] Stealth Rock
|-weather|Sandstorm|[from] ability: Sand Stream|[of] p1a: Shukaku
|move|p2a: Metal Wing|Spikes|p1a: Shukaku
|-sidestart|p1: OP Sand|Spikes
|
|-weather|Sandstorm|[upkeep]
|upkeep
|turn|16
|
|t:|1769336162
|move|p2a: Metal Wing|Spikes|p1a: Shukaku
|-sidestart|p1: OP Sand|Spikes
|move|p1a: Shukaku|Roar|p2a: Metal Wing
|drag|p2a: Broken Vessel|Sinistcha|100/100
|
|-weather|Sandstorm|[upkeep]
|-damage|p2a: Broken Vessel|94/100|[from] Sandstorm
|upkeep
|turn|17
|
|t:|1769336176
|switch|p2a: Metal Wing|Skarmory, F|89/100 par
|-damage|p2a: Metal Wing|77/100 par|[from] Stealth Rock
|move|p1a: Shukaku|Ice Beam|p2a: Metal Wing
|-damage|p2a: Metal Wing|51/100 par
|
|-weather|Sandstorm|[upkeep]
|upkeep
|turn|18
|
|t:|1769336183
|move|p1a: Shukaku|Ice Beam|p2a: Metal Wing
|-damage|p2a: Metal Wing|28/100 par
|move|p2a: Metal Wing|Roost|p2a: Metal Wing
|-heal|p2a: Metal Wing|78/100 par
|-singleturn|p2a: Metal Wing|move: Roost
|
|-weather|Sandstorm|[upkeep]
|upkeep
|turn|19
|
|t:|1769336192
|switch|p1a: Itachi|Hawlucha, F, shiny|53/100
|-damage|p1a: Itachi|40/100|[from] Stealth Rock
|-ability|p1a: Itachi|Mold Breaker
|move|p2a: Metal Wing|Roost|p2a: Metal Wing
|-heal|p2a: Metal Wing|100/100 par
|-singleturn|p2a: Metal Wing|move: Roost
|
|-weather|Sandstorm|[upkeep]
|-damage|p1a: Itachi|34/100|[from] Sandstorm
|upkeep
|turn|20
|
|t:|1769336195
|switch|p2a: Fat Body|Clodsire, M|100/100
|-damage|p2a: Fat Body|94/100|[from] Stealth Rock
|move|p1a: Itachi|Defog|p2a: Fat Body
|-unboost|p2a: Fat Body|evasion|1
|-sideend|p2: fck_yellow_magic|Stealth Rock|[from] move: Defog|[of] p1a: Itachi
|-sideend|p1: OP Sand|Spikes|[from] move: Defog|[of] p1a: Itachi
|-sideend|p1: OP Sand|Stealth Rock|[from] move: Defog|[of] p1a: Itachi
|
|-weather|Sandstorm|[upkeep]
|-damage|p1a: Itachi|28/100|[from] Sandstorm
|-heal|p2a: Fat Body|100/100|[from] item: Leftovers
|upkeep
|turn|21
|
|t:|1769336208
|move|p1a: Itachi|Swords Dance|p1a: Itachi
|-boost|p1a: Itachi|atk|2
|move|p2a: Fat Body|Earthquake|p1a: Itachi
|-immune|p1a: Itachi
|
|-weather|Sandstorm|[upkeep]
|-damage|p1a: Itachi|22/100|[from] Sandstorm
|upkeep
|turn|22
|
|t:|1769336215
|switch|p2a: Metal Wing|Skarmory, F|100/100 par
|move|p1a: Itachi|Brave Bird|p2a: Metal Wing
|-resisted|p2a: Metal Wing
|-damage|p2a: Metal Wing|66/100 par
|-damage|p1a: Itachi|10/100|[from] Recoil
|
|-weather|none
|upkeep
|turn|23
|
|t:|1769336224
|move|p1a: Itachi|Swords Dance|p1a: Itachi
|-boost|p1a: Itachi|atk|2
|move|p2a: Metal Wing|Brave Bird|p1a: Itachi
|-supereffective|p1a: Itachi
|-damage|p1a: Itachi|0 fnt
|faint|p1a: Itachi
|-damage|p2a: Metal Wing|64/100 par|[from] Recoil
|
|upkeep
|
|t:|1769336232
|switch|p1a: Porunga|Pawmot, F|100/100
|turn|24
|
|t:|1769336235
|switch|p2a: Fat Body|Clodsire, M|100/100
|move|p1a: Porunga|Revival Blessing|p1a: Porunga
|-enditem|p1a: Porunga|Leppa Berry|[eat]
|-activate|p1a: Porunga|item: Leppa Berry|Revival Blessing|[consumed]
|
|t:|1769336240
|-heal|p1: Itachi|50/100|[from] move: Revival Blessing
|
|upkeep
|turn|25
|
|t:|1769336245
|switch|p1a: Itachi|Hawlucha, F, shiny|50/100
|-ability|p1a: Itachi|Mold Breaker
|move|p2a: Fat Body|Toxic|p1a: Itachi
|-status|p1a: Itachi|tox
|
|-damage|p1a: Itachi|44/100 tox|[from] psn
|upkeep
|turn|26
|
|t:|1769336250
|move|p1a: Itachi|Swords Dance|p1a: Itachi
|-boost|p1a: Itachi|atk|2
|move|p2a: Fat Body|Stealth Rock|p1a: Itachi
|-sidestart|p1: OP Sand|move: Stealth Rock
|
|-damage|p1a: Itachi|32/100 tox|[from] psn
|upkeep
|turn|27
|
|t:|1769336254
|switch|p2a: Metal Wing|Skarmory, F|64/100 par
|move|p1a: Itachi|Brave Bird|p2a: Metal Wing
|-resisted|p2a: Metal Wing
|-damage|p2a: Metal Wing|29/100 par
|-damage|p1a: Itachi|19/100 tox|[from] Recoil
|
|-damage|p1a: Itachi|1/100 tox|[from] psn
|upkeep
|turn|28
|
|t:|1769336260
|move|p1a: Itachi|Defog|p2a: Metal Wing
|-unboost|p2a: Metal Wing|evasion|1
|-sideend|p1: OP Sand|Stealth Rock|[from] move: Defog|[of] p1a: Itachi
|cant|p2a: Metal Wing|par
|
|-damage|p1a: Itachi|0 fnt|[from] psn
|faint|p1a: Itachi
|upkeep
|
|t:|1769336276
|switch|p1a: OP|Excadrill, M|100/100
|turn|29
|
|t:|1769336284
|switch|p2a: Clean Edge|Ceruledge, M|100/100
|move|p1a: OP|Iron Head|p2a: Clean Edge
|-resisted|p2a: Clean Edge
|-damage|p2a: Clean Edge|62/100
|
|upkeep
|turn|30
|
|t:|1769336293
|switch|p1a: Shukaku|Tyranitar, F, shiny|43/100
|-weather|Sandstorm|[from] ability: Sand Stream|[of] p1a: Shukaku
|switch|p2a: Fat Body|Clodsire, M|100/100
|
|-weather|Sandstorm|[upkeep]
|upkeep
|turn|31
|
|t:|1769336296
|move|p1a: Shukaku|Stealth Rock|p2a: Fat Body
|-sidestart|p2: fck_yellow_magic|move: Stealth Rock
|move|p2a: Fat Body|Stealth Rock|p1a: Shukaku
|-sidestart|p1: OP Sand|move: Stealth Rock
|
|-weather|Sandstorm|[upkeep]
|upkeep
|turn|32
|
|t:|1769336302
|switch|p1a: Houndstone|Houndstone, F, shiny|94/100
|-damage|p1a: Houndstone|82/100|[from] Stealth Rock
|move|p2a: Fat Body|Earthquake|p1a: Houndstone
|-damage|p1a: Houndstone|46/100
|
|-weather|Sandstorm|[upkeep]
|-heal|p1a: Houndstone|52/100|[from] item: Leftovers
|upkeep
|turn|33
|
|t:|1769336307
|move|p1a: Houndstone|Shadow Sneak|p2a: Fat Body
|-damage|p2a: Fat Body|87/100
|move|p2a: Fat Body|Toxic|p1a: Houndstone
|-status|p1a: Houndstone|tox
|
|-weather|Sandstorm|[upkeep]
|-heal|p1a: Houndstone|58/100 tox|[from] item: Leftovers
|-heal|p2a: Fat Body|93/100|[from] item: Leftovers
|-damage|p1a: Houndstone|52/100 tox|[from] psn
|upkeep
|turn|34
|
|t:|1769336310
|switch|p1a: OP|Excadrill, M|100/100
|-damage|p1a: OP|97/100|[from] Stealth Rock
|move|p2a: Fat Body|Earthquake|p1a: OP
|-supereffective|p1a: OP
|-crit|p1a: OP
|-damage|p1a: OP|0 fnt
|faint|p1a: OP
|
|-weather|Sandstorm|[upkeep]
|-heal|p2a: Fat Body|99/100|[from] item: Leftovers
|upkeep
|
|t:|1769336312
|switch|p1a: Porunga|Pawmot, F|100/100
|-damage|p1a: Porunga|95/100|[from] Stealth Rock
|turn|35
|
|t:|1769336315
|move|p1a: Porunga|Revival Blessing|p1a: Porunga
|
|t:|1769336320
|-heal|p1: OP|50/100|[from] move: Revival Blessing
|move|p2a: Fat Body|Earthquake|p1a: Porunga
|-supereffective|p1a: Porunga
|-damage|p1a: Porunga|23/100
|
|-weather|Sandstorm|[upkeep]
|-damage|p1a: Porunga|17/100|[from] Sandstorm
|-heal|p2a: Fat Body|100/100|[from] item: Leftovers
|upkeep
|turn|36
|
|t:|1769336322
|move|p1a: Porunga|Rest|p1a: Porunga
|-status|p1a: Porunga|slp|[from] move: Rest
|-heal|p1a: Porunga|100/100 slp|[silent]
|move|p2a: Fat Body|Earthquake|p1a: Porunga
|-supereffective|p1a: Porunga
|-damage|p1a: Porunga|22/100 slp
|
|-weather|Sandstorm|[upkeep]
|-damage|p1a: Porunga|16/100 slp|[from] Sandstorm
|upkeep
|turn|37
|
|t:|1769336325
|cant|p1a: Porunga|slp
|move|p1a: Porunga|Sleep Talk|p1a: Porunga
|move|p1a: Porunga|Rest||[from] move: Sleep Talk|[still]
|-fail|p1a: Porunga
|move|p2a: Fat Body|Earthquake|p1a: Porunga
|-supereffective|p1a: Porunga
|-damage|p1a: Porunga|0 fnt
|faint|p1a: Porunga
|
|-weather|none
|upkeep
|
|t:|1769336330
|switch|p1a: OP|Excadrill, M|50/100
|-damage|p1a: OP|47/100|[from] Stealth Rock
|turn|38
|
|t:|1769336341
|switch|p2a: Metal Wing|Skarmory, F|29/100 par
|-damage|p2a: Metal Wing|16/100 par|[from] Stealth Rock
|move|p1a: OP|Iron Head|p2a: Metal Wing
|-resisted|p2a: Metal Wing
|-damage|p2a: Metal Wing|0 fnt
|faint|p2a: Metal Wing
|
|upkeep
|
|t:|1769336345
|switch|p2a: Clean Edge|Ceruledge, M|62/100
|turn|39
|
|t:|1769336353
|switch|p1a: Shukaku|Tyranitar, F, shiny|43/100
|-damage|p1a: Shukaku|30/100|[from] Stealth Rock
|-weather|Sandstorm|[from] ability: Sand Stream|[of] p1a: Shukaku
|move|p2a: Clean Edge|Bitter Blade|p1a: Shukaku
|-resisted|p1a: Shukaku
|-damage|p1a: Shukaku|18/100
|-heal|p2a: Clean Edge|67/100|[from] drain|[of] p1a: Shukaku
|
|-weather|Sandstorm|[upkeep]
|-damage|p2a: Clean Edge|61/100|[from] Sandstorm
|upkeep
|turn|40
|
|t:|1769336363
|move|p2a: Clean Edge|Poltergeist|p1a: Shukaku
|-activate|p1a: Shukaku|move: Poltergeist|Smooth Rock
|-resisted|p1a: Shukaku
|-damage|p1a: Shukaku|3/100
|move|p1a: Shukaku|Roar|p2a: Clean Edge
|drag|p2a: Rolling Thunder|Zapdos|51/100
|-damage|p2a: Rolling Thunder|26/100|[from] Stealth Rock
|-ability|p2a: Rolling Thunder|Pressure
|
|-weather|Sandstorm|[upkeep]
|-damage|p2a: Rolling Thunder|20/100|[from] Sandstorm
|upkeep
|turn|41
|
|t:|1769336372
|move|p2a: Rolling Thunder|Roost|p2a: Rolling Thunder
|-heal|p2a: Rolling Thunder|70/100
|-singleturn|p2a: Rolling Thunder|move: Roost
|move|p1a: Shukaku|Ice Beam|p2a: Rolling Thunder
|-damage|p2a: Rolling Thunder|42/100
|
|-weather|Sandstorm|[upkeep]
|-damage|p2a: Rolling Thunder|35/100|[from] Sandstorm
|upkeep
|turn|42
|
|t:|1769336386
|switch|p2a: Clean Edge|Ceruledge, M|61/100
|switch|p1a: Houndstone|Houndstone, F, shiny|52/100 tox
|-damage|p1a: Houndstone|40/100 tox|[from] Stealth Rock
|
|-weather|Sandstorm|[upkeep]
|-damage|p2a: Clean Edge|55/100|[from] Sandstorm
|-heal|p1a: Houndstone|46/100 tox|[from] item: Leftovers
|-damage|p1a: Houndstone|40/100 tox|[from] psn
|upkeep
|turn|43
|
|t:|1769336393
|move|p1a: Houndstone|Shadow Sneak|p2a: Clean Edge
|-supereffective|p2a: Clean Edge
|-damage|p2a: Clean Edge|16/100
|move|p2a: Clean Edge|Shadow Sneak|p1a: Houndstone
|-supereffective|p1a: Houndstone
|-damage|p1a: Houndstone|0 fnt
|faint|p1a: Houndstone
|
|-weather|Sandstorm|[upkeep]
|-damage|p2a: Clean Edge|10/100|[from] Sandstorm
|upkeep
|
|t:|1769336398
|switch|p1a: OP|Excadrill, M|47/100
|-damage|p1a: OP|44/100|[from] Stealth Rock
|turn|44
|
|t:|1769336403
|move|p2a: Clean Edge|Shadow Sneak|p1a: OP
|-damage|p1a: OP|23/100
|move|p1a: OP|Iron Head|p2a: Clean Edge
|-resisted|p2a: Clean Edge
|-damage|p2a: Clean Edge|0 fnt
|faint|p2a: Clean Edge
|
|-weather|Sandstorm|[upkeep]
|upkeep
|
|t:|1769336407
|switch|p2a: Fat Body|Clodsire, M|100/100
|-damage|p2a: Fat Body|94/100|[from] Stealth Rock
|turn|45
|
|t:|1769336410
|move|p1a: OP|Iron Head|p2a: Fat Body
|-damage|p2a: Fat Body|36/100
|move|p2a: Fat Body|Earthquake|p1a: OP
|-supereffective|p1a: OP
|-damage|p1a: OP|0 fnt
|faint|p1a: OP
|
|-weather|Sandstorm|[upkeep]
|-heal|p2a: Fat Body|43/100|[from] item: Leftovers
|upkeep
|-message|OP Sand forfeited.
|
|win|fck_yellow_magic
|raw|OP Sand's rating: 1687 &rarr; <strong>1665</strong><br />(-22 for losing)
|raw|fck_yellow_magic's rating: 1645 &rarr; <strong>1667</strong><br />(+22 for winning)
|l|☆OP Sand
|player|p1|
