|j|☆zcbnnnj
|j|☆ghoo91
|t:|1769334412
|gametype|singles
|player|p1|zcbnnnj|102|1078
|player|p2|ghoo91|swimmerf-gen4|1054
|gen|9
|tier|[Gen 9] OU
|rated|
|rule|HP Percentage Mod: HP is shown in percentages
|rule|Endless Battle Clause: Forcing endless battles is banned
|rule|Species Clause: Limit one of each Pokémon
|rule|OHKO Clause: OHKO moves are banned
|rule|Evasion Items Clause: Evasion items are banned
|rule|Evasion Moves Clause: Evasion moves are banned
|rule|Evasion Abilities Clause: Evasion abilities are banned
|rule|Sleep Moves Clause: Sleep-inducing moves are banned
|clearpoke
|poke|p1|Heatran, M|
|poke|p1|Toxapex, M|
|poke|p1|Skarmory, M|
|poke|p1|Gyarados, F|
|poke|p1|Umbreon, M|
|poke|p1|Garganacl, M|
|poke|p2|Pelipper, F|
|poke|p2|Kingdra, M|
|poke|p2|Corviknight, F|
|poke|p2|Thundurus-Therian, M|
|poke|p2|Beartic, M|
|poke|p2|Hydreigon, F|
|teampreview
|
|t:|1769334422
|teamsize|p1|6
|teamsize|p2|6
|start
|switch|p1a: Skarmory|Skarmory, M|100/100
|switch|p2a: Pelipper|Pelipper, F|100/100
|-weather|RainDance|[from] ability: Drizzle|[of] p2a: Pelipper
|turn|1
|
|t:|1769334430
|move|p1a: Skarmory|Spikes|p2a: Pelipper
|-sidestart|p2: ghoo91|Spikes
|move|p2a: Pelipper|Knock Off|p1a: Skarmory
|-damage|p1a: Skarmory|91/100
|-damage|p2a: Pelipper|84/100|[from] item: Rocky Helmet|[of] p1a: Skarmory
|-enditem|p1a: Skarmory|Rocky Helmet|[from] move: Knock Off|[of] p2a: Pelipper
|
|-weather|RainDance|[upkeep]
|upkeep
|turn|2
|
|t:|1769334440
|move|p1a: Skarmory|Spikes|p2a: Pelipper
|-sidestart|p2: ghoo91|Spikes
|move|p2a: Pelipper|Weather Ball|p1a: Skarmory
|-damage|p1a: Skarmory|19/100
|
|-weather|RainDance|[upkeep]
|upkeep
|turn|3
|
|t:|1769334450
|switch|p1a: Gyarados|Gyarados, F|100/100
|-ability|p1a: Gyarados|Intimidate|boost
|-unboost|p2a: Pelipper|atk|1
|move|p2a: Pelipper|Weather Ball|p1a: Gyarados
|-resisted|p1a: Gyarados
|-damage|p1a: Gyarados|63/100
|
|-weather|RainDance|[upkeep]
|-heal|p1a: Gyarados|69/100|[from] item: Leftovers
|upkeep
|turn|4
|
|t:|1769334470
|switch|p2a: Beartic|Beartic, M|100/100
|-damage|p2a: Beartic|84/100|[from] Spikes
|move|p1a: Gyarados|Dragon Tail|p2a: Beartic
|-damage|p2a: Beartic|55/100
|drag|p2a: Thundurus|Thundurus-Therian, M, shiny|100/100
|
|-weather|RainDance|[upkeep]
|-heal|p1a: Gyarados|75/100|[from] item: Leftovers
|upkeep
|turn|5
|
|t:|1769334484
|move|p2a: Thundurus|Wildbolt Storm|p1a: Gyarados
|-supereffective|p1a: Gyarados
|-damage|p1a: Gyarados|0 fnt
|faint|p1a: Gyarados
|
|-weather|RainDance|[upkeep]
|upkeep
|
|t:|1769334497
|switch|p1a: Garganacl|Garganacl, M|100/100
|turn|6
|
|t:|1769334502
|move|p2a: Thundurus|Wildbolt Storm|p1a: Garganacl
|-damage|p1a: Garganacl|60/100
|move|p1a: Garganacl|Salt Cure|p2a: Thundurus
|-supereffective|p2a: Thundurus
|-damage|p2a: Thundurus|60/100
|-start|p2a: Thundurus|Salt Cure
|
|-weather|RainDance|[upkeep]
|-heal|p2a: Thundurus|66/100|[from] item: Leftovers
|-heal|p1a: Garganacl|66/100|[from] item: Leftovers
|-damage|p2a: Thundurus|53/100|[from] Salt Cure
|upkeep
|turn|7
|
|t:|1769334516
|switch|p2a: Pelipper|Pelipper, F|84/100
|move|p1a: Garganacl|Protect||[still]
|-fail|p1a: Garganacl
|
|-weather|RainDance|[upkeep]
|-heal|p1a: Garganacl|72/100|[from] item: Leftovers
|upkeep
|turn|8
|
|t:|1769334525
|move|p2a: Pelipper|Weather Ball|p1a: Garganacl
|-supereffective|p1a: Garganacl
|-damage|p1a: Garganacl|0 fnt
|faint|p1a: Garganacl
|
|-weather|none
|upkeep
|
|t:|1769334535
|switch|p1a: Toxapex|Toxapex, M|100/100
|turn|9
|
|t:|1769334540
|move|p2a: Pelipper|Hurricane|p1a: Toxapex|[miss]
|-miss|p2a: Pelipper|p1a: Toxapex
|move|p1a: Toxapex|Toxic|p2a: Pelipper
|-status|p2a: Pelipper|tox
|
|-damage|p2a: Pelipper|78/100 tox|[from] psn
|upkeep
|turn|10
|
|t:|1769334553
|move|p2a: Pelipper|U-turn|p1a: Toxapex
|-resisted|p1a: Toxapex
|-damage|p1a: Toxapex|96/100
|
|t:|1769334557
|switch|p2a: Corviknight|Corviknight, F|100/100|[from] U-turn
|move|p1a: Toxapex|Ice Spinner|p2a: Corviknight
|-damage|p2a: Corviknight|90/100
|-damage|p1a: Toxapex|80/100|[from] item: Rocky Helmet|[of] p2a: Corviknight
|
|-heal|p1a: Toxapex|86/100|[from] item: Black Sludge
|upkeep
|turn|11
|
|t:|1769334568
|switch|p1a: Heatran|Heatran, M|100/100
|move|p2a: Corviknight|Bulk Up|p2a: Corviknight
|-boost|p2a: Corviknight|atk|1
|-boost|p2a: Corviknight|def|1
|
|upkeep
|turn|12
|
|t:|1769334576
|move|p2a: Corviknight|Body Press|p1a: Heatran
|-supereffective|p1a: Heatran
|-damage|p1a: Heatran|54/100
|-status|p2a: Corviknight|brn|[from] ability: Flame Body|[of] p1a: Heatran
|move|p1a: Heatran|Magma Storm|p2a: Corviknight
|-supereffective|p2a: Corviknight
|-damage|p2a: Corviknight|35/100 brn
|-activate|p2a: Corviknight|move: Magma Storm|[of] p1a: Heatran
|
|-heal|p1a: Heatran|60/100|[from] item: Leftovers
|-damage|p2a: Corviknight|29/100 brn|[from] brn
|-damage|p2a: Corviknight|16/100 brn|[from] move: Magma Storm|[partiallytrapped]
|upkeep
|turn|13
|
|t:|1769334596
|switch|p1a: Umbreon|Umbreon, M|100/100
|move|p2a: Corviknight|Body Press|p1a: Umbreon
|-supereffective|p1a: Umbreon
|-damage|p1a: Umbreon|80/100
|
|-heal|p1a: Umbreon|86/100|[from] item: Leftovers
|-damage|p2a: Corviknight|10/100 brn|[from] brn
|-end|p2a: Corviknight|Magma Storm|[partiallytrapped]|[silent]
|upkeep
|turn|14
|
|t:|1769334608
|switch|p2a: Pelipper|Pelipper, F|78/100 tox
|-weather|RainDance|[from] ability: Drizzle|[of] p2a: Pelipper
|move|p1a: Umbreon|Wish|p1a: Umbreon
|
|-weather|RainDance|[upkeep]
|-heal|p1a: Umbreon|92/100|[from] item: Leftovers
|-damage|p2a: Pelipper|72/100 tox|[from] psn
|upkeep
|turn|15
|
|t:|1769334619
|switch|p1a: Heatran|Heatran, M|60/100
|move|p2a: Pelipper|Knock Off|p1a: Heatran
|-damage|p1a: Heatran|50/100
|-enditem|p1a: Heatran|Leftovers|[from] move: Knock Off|[of] p2a: Pelipper
|
|-weather|RainDance|[upkeep]
|-heal|p1a: Heatran|100/100|[from] move: Wish|[wisher] Umbreon
|-damage|p2a: Pelipper|60/100 tox|[from] psn
|upkeep
|turn|16
|
|t:|1769334631
|move|p2a: Pelipper|Weather Ball|p1a: Heatran
|-supereffective|p1a: Heatran
|-damage|p1a: Heatran|2/100
|move|p1a: Heatran|Magma Storm|p2a: Pelipper|[miss]
|-miss|p1a: Heatran|p2a: Pelipper
|
|-weather|RainDance|[upkeep]
|-damage|p2a: Pelipper|41/100 tox|[from] psn
|upkeep
|turn|17
|
|t:|1769334641
|switch|p1a: Umbreon|Umbreon, M|92/100
|move|p2a: Pelipper|Weather Ball|p1a: Umbreon
|-damage|p1a: Umbreon|49/100
|
|-weather|RainDance|[upkeep]
|-heal|p1a: Umbreon|55/100|[from] item: Leftovers
|-damage|p2a: Pelipper|17/100 tox|[from] psn
|upkeep
|turn|18
|
|t:|1769334656
|switch|p2a: Thundurus|Thundurus-Therian, M, shiny|53/100
|move|p1a: Umbreon|Wish|p1a: Umbreon
|
|-weather|RainDance|[upkeep]
|-heal|p2a: Thundurus|59/100|[from] item: Leftovers
|-heal|p1a: Umbreon|61/100|[from] item: Leftovers
|upkeep
|turn|19
|
|t:|1769334665
|move|p2a: Thundurus|Nasty Plot|p2a: Thundurus
|-boost|p2a: Thundurus|spa|2
|move|p1a: Umbreon|Roar|p2a: Thundurus
|drag|p2a: Beartic|Beartic, M|55/100
|-damage|p2a: Beartic|38/100|[from] Spikes
|
|-weather|RainDance|[upkeep]
|-heal|p1a: Umbreon|100/100|[from] move: Wish|[wisher] Umbreon
|upkeep
|turn|20
|
|t:|1769334677
|move|p2a: Beartic|Icicle Spear|p1a: Umbreon
|-damage|p1a: Umbreon|91/100
|-damage|p1a: Umbreon|82/100
|-damage|p1a: Umbreon|73/100
|-damage|p1a: Umbreon|64/100
|-crit|p1a: Umbreon
|-damage|p1a: Umbreon|51/100
|-hitcount|p1a: Umbreon|5
|move|p1a: Umbreon|Toxic|p2a: Beartic
|-status|p2a: Beartic|tox
|
|-weather|RainDance|[upkeep]
|-heal|p1a: Umbreon|57/100|[from] item: Leftovers
|-damage|p2a: Beartic|32/100 tox|[from] psn
|upkeep
|turn|21
|
|t:|1769334693
|move|p1a: Umbreon|Protect|p1a: Umbreon
|-singleturn|p1a: Umbreon|Protect
|move|p2a: Beartic|Brick Break|p1a: Umbreon
|-activate|p1a: Umbreon|move: Protect
|
|-weather|none
|-heal|p1a: Umbreon|63/100|[from] item: Leftovers
|-damage|p2a: Beartic|20/100 tox|[from] psn
|upkeep
|turn|22
|
|t:|1769334703
|move|p1a: Umbreon|Protect|p1a: Umbreon
|-singleturn|p1a: Umbreon|Protect
|move|p2a: Beartic|Swords Dance|p2a: Beartic
|-boost|p2a: Beartic|atk|2
|
|-heal|p1a: Umbreon|69/100|[from] item: Leftovers
|-damage|p2a: Beartic|2/100 tox|[from] psn
|upkeep
|turn|23
|
|t:|1769334731
|move|p1a: Umbreon|Protect||[still]
|-fail|p1a: Umbreon
|move|p2a: Beartic|Brick Break|p1a: Umbreon
|-supereffective|p1a: Umbreon
|-damage|p1a: Umbreon|0 fnt
|faint|p1a: Umbreon
|
|-damage|p2a: Beartic|0 fnt|[from] psn
|faint|p2a: Beartic
|upkeep
|
|t:|1769334745
|switch|p2a: Pelipper|Pelipper, F|17/100 tox
|switch|p1a: Toxapex|Toxapex, M|100/100
|-weather|RainDance|[from] ability: Drizzle|[of] p2a: Pelipper
|turn|24
|
|t:|1769334754
|move|p2a: Pelipper|Knock Off|p1a: Toxapex
|-damage|p1a: Toxapex|89/100
|-enditem|p1a: Toxapex|Black Sludge|[from] move: Knock Off|[of] p2a: Pelipper
|move|p1a: Toxapex|Ice Spinner|p2a: Pelipper
|-damage|p2a: Pelipper|0 fnt
|faint|p2a: Pelipper
|
|-weather|RainDance|[upkeep]
|upkeep
|
|t:|1769334765
|switch|p2a: Thundurus|Thundurus-Therian, M, shiny|59/100
|turn|25
|
|t:|1769334770
|move|p2a: Thundurus|Wildbolt Storm|p1a: Toxapex
|-supereffective|p1a: Toxapex
|-damage|p1a: Toxapex|0 fnt
|faint|p1a: Toxapex
|
|-weather|RainDance|[upkeep]
|-heal|p2a: Thundurus|65/100|[from] item: Leftovers
|upkeep
|
|t:|1769334782
|switch|p1a: Skarmory|Skarmory, M|19/100
|turn|26
|
|t:|1769334797
|move|p2a: Thundurus|Wildbolt Storm|p1a: Skarmory
|-supereffective|p1a: Skarmory
|-damage|p1a: Skarmory|0 fnt
|faint|p1a: Skarmory
|
|-weather|RainDance|[upkeep]
|-heal|p2a: Thundurus|71/100|[from] item: Leftovers
|upkeep
|c|☆ghoo91|老傻子
|
|t:|1769334838
|switch|p1a: Heatran|Heatran, M|2/100
|turn|27
|
|t:|1769334849
|move|p2a: Thundurus|Volt Switch|p1a: Heatran
|-damage|p1a: Heatran|0 fnt
|faint|p1a: Heatran
|
|win|ghoo91
|raw|zcbnnnj's rating: 1078 &rarr; <strong>1055</strong><br />(-23 for losing)
|raw|ghoo91's rating: 1054 &rarr; <strong>1088</strong><br />(+34 for winning)
|l|☆ghoo91
|player|p2|
|l|☆zcbnnnj
|player|p1|
