|j|☆Eddy_Khil
|j|☆Fatty Mama
|t:|1769380705
|gametype|singles
|player|p1|Eddy_Khil|caitlin-masters|1420
|player|p2|Fatty Mama|touristf2|1387
|gen|9
|tier|[Gen 9] OU
|rated|
|rule|HP Percentage Mod: HP is shown in percentages
|rule|Endless Battle Clause: Forcing endless battles is banned
|rule|Species Clause: Limit one of each Pokémon
|rule|OHKO Clause: OHKO moves are banned
|rule|Evasion Items Clause: Evasion items are banned
|rule|Evasion Moves Clause: Evasion moves are banned
|rule|Evasion Abilities Clause: Evasion abilities are banned
|rule|Sleep Moves Clause: Sleep-inducing moves are banned
|clearpoke
|poke|p1|Iron Crown|
|poke|p1|Iron Hands|
|poke|p1|Grimmsnarl, M|
|poke|p1|Great Tusk|
|poke|p1|Dragonite, M|
|poke|p1|Glimmora, F|
|poke|p2|Slowking-Galar, F|
|poke|p2|Kyurem|
|poke|p2|Pecharunt|
|poke|p2|Cinderace, F|
|poke|p2|Samurott-Hisui, F|
|poke|p2|Landorus-Therian, M|
|teampreview
|inactive|Battle timer is ON: inactive players will automatically lose when time's up. (requested by Fatty Mama)
|
|t:|1769380721
|teamsize|p1|6
|teamsize|p2|6
|start
|switch|p1a: Grimmy Jenner|Grimmsnarl, M, shiny|100/100
|switch|p2a: Landorus|Landorus-Therian, M|100/100
|-ability|p2a: Landorus|Intimidate|boost
|-unboost|p1a: Grimmy Jenner|atk|1
|turn|1
|
|t:|1769380736
|move|p1a: Grimmy Jenner|Reflect|p1a: Grimmy Jenner
|-sidestart|p1: Eddy_Khil|Reflect
|move|p2a: Landorus|Stealth Rock|p1a: Grimmy Jenner
|-sidestart|p1: Eddy_Khil|move: Stealth Rock
|
|upkeep
|turn|2
|
|t:|1769380752
|move|p1a: Grimmy Jenner|Light Screen|p1a: Grimmy Jenner
|-sidestart|p1: Eddy_Khil|move: Light Screen
|move|p2a: Landorus|Earthquake|p1a: Grimmy Jenner
|-damage|p1a: Grimmy Jenner|71/100
|
|upkeep
|turn|3
|
|t:|1769380768
|move|p1a: Grimmy Jenner|Parting Shot|p2a: Landorus
|-unboost|p2a: Landorus|atk|1
|-unboost|p2a: Landorus|spa|1
|
|t:|1769380770
|switch|p1a: Pablo Escobar|Great Tusk|100/100|[from] Parting Shot
|-damage|p1a: Pablo Escobar|98/100|[from] Stealth Rock
|-enditem|p1a: Pablo Escobar|Booster Energy
|-activate|p1a: Pablo Escobar|ability: Protosynthesis|[fromitem]
|-start|p1a: Pablo Escobar|protosynthesisspe
|move|p2a: Landorus|Earthquake|p1a: Pablo Escobar
|-damage|p1a: Pablo Escobar|85/100
|
|upkeep
|turn|4
|
|t:|1769380786
|switch|p2a: Pecharunt|Pecharunt|100/100
|move|p1a: Pablo Escobar|Ice Spinner|p2a: Pecharunt
|-damage|p2a: Pecharunt|89/100
|
|upkeep
|turn|5
|inactive|Fatty Mama has 120 seconds left.
|
|t:|1769380802
|move|p1a: Pablo Escobar|Headlong Rush|p2a: Pecharunt
|-supereffective|p2a: Pecharunt
|-damage|p2a: Pecharunt|38/100
|-unboost|p1a: Pablo Escobar|def|1
|-unboost|p1a: Pablo Escobar|spd|1
|move|p2a: Pecharunt|Recover|p2a: Pecharunt
|-heal|p2a: Pecharunt|88/100
|
|upkeep
|turn|6
|inactive|Fatty Mama has 120 seconds left.
|
|t:|1769380817
|-end|p1a: Pablo Escobar|Protosynthesis|[silent]
|switch|p1a: Dr Octogonapus|Glimmora, F|100/100
|-damage|p1a: Dr Octogonapus|88/100|[from] Stealth Rock
|move|p2a: Pecharunt|Recover|p2a: Pecharunt
|-heal|p2a: Pecharunt|100/100
|
|upkeep
|turn|7
|inactive|Fatty Mama has 120 seconds left.
|
|t:|1769380832
|move|p1a: Dr Octogonapus|Rock Polish|p1a: Dr Octogonapus
|-boost|p1a: Dr Octogonapus|spe|2
|move|p2a: Pecharunt|Parting Shot|p1a: Dr Octogonapus
|-unboost|p1a: Dr Octogonapus|atk|1
|-unboost|p1a: Dr Octogonapus|spa|1
|
|t:|1769380848
|switch|p2a: Slowking|Slowking-Galar, F|100/100|[from] Parting Shot
|
|upkeep
|turn|8
|
|t:|1769380866
|switch|p1a: Grimmy Jenner|Grimmsnarl, M, shiny|71/100
|-damage|p1a: Grimmy Jenner|58/100|[from] Stealth Rock
|move|p2a: Slowking|Future Sight|p1a: Grimmy Jenner
|-start|p2a: Slowking|move: Future Sight
|
|-sideend|p1: Eddy_Khil|Reflect
|upkeep
|turn|9
|inactive|Fatty Mama has 90 seconds left.
|
|t:|1769380881
|move|p1a: Grimmy Jenner|Reflect|p1a: Grimmy Jenner
|-sidestart|p1: Eddy_Khil|Reflect
|move|p2a: Slowking|Sludge Bomb|p1a: Grimmy Jenner
|-supereffective|p1a: Grimmy Jenner
|-damage|p1a: Grimmy Jenner|27/100
|-status|p1a: Grimmy Jenner|psn
|
|-damage|p1a: Grimmy Jenner|14/100 psn|[from] psn
|-sideend|p1: Eddy_Khil|move: Light Screen
|upkeep
|turn|10
|inactive|Fatty Mama has 90 seconds left.
|
|t:|1769380897
|move|p1a: Grimmy Jenner|Light Screen|p1a: Grimmy Jenner
|-sidestart|p1: Eddy_Khil|move: Light Screen
|-prepare|p2a: Slowking|Chilly Reception|[premajor]
|move|p2a: Slowking|Chilly Reception|p2a: Slowking
|-weather|Snowscape
|
|t:|1769380912
|switch|p2a: Samurott|Samurott-Hisui, F|100/100|[from] Chilly Reception
|
|-weather|Snowscape|[upkeep]
|-end|p1a: Grimmy Jenner|move: Future Sight
|-immune|p1a: Grimmy Jenner
|-damage|p1a: Grimmy Jenner|2/100 psn|[from] psn
|upkeep
|turn|11
|
|t:|1769380929
|switch|p1a: Pablo Escobar|Great Tusk|85/100
|-damage|p1a: Pablo Escobar|82/100|[from] Stealth Rock
|move|p2a: Samurott|Ceaseless Edge|p1a: Pablo Escobar
|-resisted|p1a: Pablo Escobar
|-damage|p1a: Pablo Escobar|75/100
|-sidestart|p1: Eddy_Khil|Spikes
|
|-weather|Snowscape|[upkeep]
|upkeep
|turn|12
|
|t:|1769380945
|switch|p2a: Pecharunt|Pecharunt|100/100
|move|p1a: Pablo Escobar|Bulk Up|p1a: Pablo Escobar
|-boost|p1a: Pablo Escobar|atk|1
|-boost|p1a: Pablo Escobar|def|1
|
|-weather|Snowscape|[upkeep]
|upkeep
|turn|13
|inactive|Fatty Mama has 60 seconds left.
|
|t:|1769380960
|move|p1a: Pablo Escobar|Headlong Rush|p2a: Pecharunt
|-supereffective|p2a: Pecharunt
|-damage|p2a: Pecharunt|25/100
|-unboost|p1a: Pablo Escobar|def|1
|-unboost|p1a: Pablo Escobar|spd|1
|move|p2a: Pecharunt|Toxic|p1a: Pablo Escobar
|-status|p1a: Pablo Escobar|tox
|-start|p1a: Pablo Escobar|confusion|[from] ability: Poison Puppeteer|[of] p2a: Pecharunt
|
|-weather|Snowscape|[upkeep]
|-damage|p1a: Pablo Escobar|69/100 tox|[from] psn
|upkeep
|turn|14
|inactive|Fatty Mama has 60 seconds left.
|
|t:|1769380975
|-activate|p1a: Pablo Escobar|confusion
|move|p1a: Pablo Escobar|Ice Spinner|p2a: Pecharunt
|-crit|p2a: Pecharunt
|-damage|p2a: Pecharunt|0 fnt
|faint|p2a: Pecharunt
|
|-weather|none
|-damage|p1a: Pablo Escobar|56/100 tox|[from] psn
|upkeep
|
|t:|1769380991
|switch|p2a: Kyurem|Kyurem|100/100
|-ability|p2a: Kyurem|Pressure
|turn|15
|
|t:|1769381007
|-end|p1a: Pablo Escobar|Protosynthesis|[silent]
|switch|p1a: GET IN MY BELLY|Iron Hands|100/100
|-damage|p1a: GET IN MY BELLY|94/100|[from] Stealth Rock
|-damage|p1a: GET IN MY BELLY|82/100|[from] Spikes
|move|p2a: Kyurem|Ice Beam|p1a: GET IN MY BELLY
|-damage|p1a: GET IN MY BELLY|63/100
|
|-heal|p1a: GET IN MY BELLY|69/100|[from] item: Leftovers
|upkeep
|turn|16
|
|t:|1769381018
|switch|p2a: Landorus|Landorus-Therian, M|100/100
|-ability|p2a: Landorus|Intimidate|boost
|-unboost|p1a: GET IN MY BELLY|atk|1
|move|p1a: GET IN MY BELLY|Drain Punch|p2a: Landorus
|-resisted|p2a: Landorus
|-damage|p2a: Landorus|85/100
|-heal|p1a: GET IN MY BELLY|74/100|[from] drain|[of] p2a: Landorus
|-damage|p1a: GET IN MY BELLY|58/100|[from] item: Rocky Helmet|[of] p2a: Landorus
|
|-heal|p1a: GET IN MY BELLY|64/100|[from] item: Leftovers
|-sideend|p1: Eddy_Khil|Reflect
|upkeep
|turn|17
|inactive|Fatty Mama has 60 seconds left.
|
|t:|1769381026
|move|p2a: Landorus|Earthquake|p1a: GET IN MY BELLY
|-supereffective|p1a: GET IN MY BELLY
|-damage|p1a: GET IN MY BELLY|0 fnt
|faint|p1a: GET IN MY BELLY
|-end|p1a: GET IN MY BELLY|Quark Drive|[silent]
|
|-sideend|p1: Eddy_Khil|move: Light Screen
|upkeep
|
|t:|1769381032
|switch|p1a: Pablo Escobar|Great Tusk|56/100 tox
|-damage|p1a: Pablo Escobar|53/100 tox|[from] Stealth Rock
|-damage|p1a: Pablo Escobar|41/100 tox|[from] Spikes
|turn|18
|inactive|Fatty Mama has 60 seconds left.
|
|t:|1769381047
|move|p2a: Landorus|Earthquake|p1a: Pablo Escobar
|-damage|p1a: Pablo Escobar|8/100 tox
|move|p1a: Pablo Escobar|Rapid Spin|p2a: Landorus
|-damage|p2a: Landorus|67/100
|-boost|p1a: Pablo Escobar|spe|1
|-damage|p1a: Pablo Escobar|0 fnt|[from] item: Rocky Helmet|[of] p2a: Landorus
|faint|p1a: Pablo Escobar
|-end|p1a: Pablo Escobar|Protosynthesis|[silent]
|
|upkeep
|
|t:|1769381073
|switch|p1a: Big Baller Boi|Dragonite, M|100/100
|-damage|p1a: Big Baller Boi|76/100|[from] Stealth Rock
|turn|19
|inactive|Fatty Mama has 60 seconds left.
|
|t:|1769381088
|move|p2a: Landorus|Stone Edge|p1a: Big Baller Boi
|-supereffective|p1a: Big Baller Boi
|-damage|p1a: Big Baller Boi|0 fnt
|faint|p1a: Big Baller Boi
|
|upkeep
|
|t:|1769381096
|switch|p1a: Impeached|Iron Crown|100/100
|-damage|p1a: Impeached|94/100|[from] Stealth Rock
|-damage|p1a: Impeached|82/100|[from] Spikes
|-enditem|p1a: Impeached|Booster Energy
|-activate|p1a: Impeached|ability: Quark Drive|[fromitem]
|-start|p1a: Impeached|quarkdrivespe
|turn|20
|
|t:|1769381111
|-terastallize|p1a: Impeached|Fighting
|move|p1a: Impeached|Iron Defense|p1a: Impeached
|-boost|p1a: Impeached|def|2
|move|p2a: Landorus|Earthquake|p1a: Impeached
|-damage|p1a: Impeached|53/100
|
|upkeep
|turn|21
|inactive|Fatty Mama has 60 seconds left.
|
|t:|1769381126
|move|p1a: Impeached|Calm Mind|p1a: Impeached
|-boost|p1a: Impeached|spa|1
|-boost|p1a: Impeached|spd|1
|move|p2a: Landorus|Earthquake|p1a: Impeached
|-damage|p1a: Impeached|23/100
|
|upkeep
|turn|22
|inactive|Fatty Mama has 60 seconds left.
|
|t:|1769381140
|move|p1a: Impeached|Stored Power|p2a: Landorus
|-damage|p2a: Landorus|0 fnt
|faint|p2a: Landorus
|
|upkeep
|inactive|Fatty Mama has 60 seconds left.
|
|t:|1769381154
|switch|p2a: Kyurem|Kyurem|100/100
|-ability|p2a: Kyurem|Pressure
|turn|23
|inactive|Fatty Mama has 60 seconds left.
|
|t:|1769381167
|-terastallize|p2a: Kyurem|Fairy
|move|p1a: Impeached|Stored Power|p2a: Kyurem
|-damage|p2a: Kyurem|55/100
|move|p2a: Kyurem|Ice Beam|p1a: Impeached
|-damage|p1a: Impeached|0 fnt
|faint|p1a: Impeached
|-end|p1a: Impeached|Quark Drive|[silent]
|
|upkeep
|
|t:|1769381175
|switch|p1a: Dr Octogonapus|Glimmora, F|88/100
|-damage|p1a: Dr Octogonapus|76/100|[from] Stealth Rock
|-damage|p1a: Dr Octogonapus|63/100|[from] Spikes
|turn|24
|inactive|Fatty Mama has 60 seconds left.
|
|t:|1769381188
|move|p2a: Kyurem|Earth Power|p1a: Dr Octogonapus
|-supereffective|p1a: Dr Octogonapus
|-damage|p1a: Dr Octogonapus|0 fnt
|faint|p1a: Dr Octogonapus
|
|upkeep
|
|t:|1769381191
|switch|p1a: Grimmy Jenner|Grimmsnarl, M, shiny|2/100 psn
|-damage|p1a: Grimmy Jenner|0 fnt|[from] Stealth Rock
|faint|p1a: Grimmy Jenner
|
|win|Fatty Mama
|raw|Eddy_Khil's rating: 1420 &rarr; <strong>1398</strong><br />(-22 for losing)
|raw|Fatty Mama's rating: 1387 &rarr; <strong>1409</strong><br />(+22 for winning)
|l|☆Fatty Mama
|player|p2|
|c|☆Eddy_Khil|GG
|l|☆Eddy_Khil
|player|p1|
|j|☆Fatty Mama
|player|p2|Fatty Mama|touristf2|
