|j|☆Trainer #39
|j|☆Auburn Hills
|t:|1769440857
|gametype|singles
|player|p1|Trainer #39|bugsy|1812
|player|p2|Auburn Hills|alder|1814
|gen|9
|tier|[Gen 9] OU
|rated|
|rule|HP Percentage Mod: HP is shown in percentages
|rule|Endless Battle Clause: Forcing endless battles is banned
|rule|Species Clause: Limit one of each Pokémon
|rule|OHKO Clause: OHKO moves are banned
|rule|Evasion Items Clause: Evasion items are banned
|rule|Evasion Moves Clause: Evasion moves are banned
|rule|Evasion Abilities Clause: Evasion abilities are banned
|rule|Sleep Moves Clause: Sleep-inducing moves are banned
|clearpoke
|poke|p1|Blissey, F|
|poke|p1|Corviknight, M|
|poke|p1|Dondozo, M|
|poke|p1|Gliscor, M|
|poke|p1|Clefable, M|
|poke|p1|Slowking-Galar, M|
|poke|p2|Iron Moth|
|poke|p2|Umbreon, F|
|poke|p2|Garchomp, M|
|poke|p2|Glimmora, M|
|poke|p2|Gholdengo|
|poke|p2|Dragonite, F|
|teampreview
|
|t:|1769440896
|teamsize|p1|6
|teamsize|p2|6
|start
|switch|p1a: Free Palestine|Gliscor, M|100/100
|switch|p2a: Elucid|Dragonite, F|100/100
|turn|1
|
|t:|1769440901
|move|p1a: Free Palestine|Protect|p1a: Free Palestine
|-singleturn|p1a: Free Palestine|Protect
|move|p2a: Elucid|Ice Spinner|p1a: Free Palestine
|-activate|p1a: Free Palestine|move: Protect
|
|-status|p1a: Free Palestine|tox|[from] item: Toxic Orb
|upkeep
|turn|2
|
|t:|1769440904
|switch|p2a: Smino|Gholdengo|100/100
|switch|p1a: Trump is low IQ|Corviknight, M|100/100
|-ability|p1a: Trump is low IQ|Pressure
|
|upkeep
|turn|3
|
|t:|1769440907
|switch|p1a: Save Sudan|Slowking-Galar, M|100/100
|move|p2a: Smino|Shadow Ball|p1a: Save Sudan
|-supereffective|p1a: Save Sudan
|-damage|p1a: Save Sudan|34/100
|
|upkeep
|turn|4
|
|t:|1769440910
|switch|p2a: Rat Tally|Garchomp, M|100/100
|switch|p1a: brat|Blissey, F|100/100
|
|upkeep
|turn|5
|
|t:|1769440913
|switch|p1a: Free Palestine|Gliscor, M|100/100 tox
|move|p2a: Rat Tally|Swords Dance|p2a: Rat Tally
|-boost|p2a: Rat Tally|atk|2
|
|upkeep
|turn|6
|
|t:|1769440916
|switch|p1a: 808 and curses|Dondozo, M|100/100
|move|p2a: Rat Tally|Scale Shot|p1a: 808 and curses
|-damage|p1a: 808 and curses|95/100
|-damage|p1a: 808 and curses|89/100
|-crit|p1a: 808 and curses
|-damage|p1a: 808 and curses|79/100
|-damage|p1a: 808 and curses|74/100
|-hitcount|p1a: 808 and curses|4
|-unboost|p2a: Rat Tally|def|1
|-boost|p2a: Rat Tally|spe|1
|
|-heal|p1a: 808 and curses|80/100|[from] item: Leftovers
|upkeep
|turn|7
|
|t:|1769440920
|-terastallize|p2a: Rat Tally|Electric
|move|p2a: Rat Tally|Tera Blast|p1a: 808 and curses|[anim] Tera Blast Electric
|-supereffective|p1a: 808 and curses
|-damage|p1a: 808 and curses|43/100
|move|p1a: 808 and curses|Curse|p1a: 808 and curses
|-unboost|p1a: 808 and curses|spe|1
|-boost|p1a: 808 and curses|atk|1
|-boost|p1a: 808 and curses|def|1
|
|-heal|p1a: 808 and curses|49/100|[from] item: Leftovers
|upkeep
|turn|8
|
|t:|1769440925
|switch|p2a: Smino|Gholdengo|100/100
|move|p1a: 808 and curses|Rest|p1a: 808 and curses
|-status|p1a: 808 and curses|slp|[from] move: Rest
|-heal|p1a: 808 and curses|100/100 slp|[silent]
|
|upkeep
|turn|9
|
|t:|1769440930
|switch|p1a: brat|Blissey, F|100/100
|move|p2a: Smino|Shadow Ball|p1a: brat
|-immune|p1a: brat
|
|upkeep
|turn|10
|
|t:|1769440933
|switch|p2a: Julia Jacklin|Glimmora, M|100/100
|move|p1a: brat|Stealth Rock|p2a: Julia Jacklin
|-sidestart|p2: Auburn Hills|move: Stealth Rock
|
|upkeep
|turn|11
|
|t:|1769440936
|move|p2a: Julia Jacklin|Stealth Rock|p1a: brat
|-sidestart|p1: Trainer #39|move: Stealth Rock
|move|p1a: brat|Shadow Ball|p2a: Julia Jacklin
|-damage|p2a: Julia Jacklin|81/100
|
|upkeep
|turn|12
|
|t:|1769440939
|switch|p1a: Free Palestine|Gliscor, M|100/100 tox
|-damage|p1a: Free Palestine|88/100 tox|[from] Stealth Rock
|move|p2a: Julia Jacklin|Mortal Spin|p1a: Free Palestine
|-resisted|p1a: Free Palestine
|-damage|p1a: Free Palestine|86/100 tox
|-sideend|p2: Auburn Hills|Stealth Rock|[from] move: Mortal Spin|[of] p2a: Julia Jacklin
|
|-heal|p1a: Free Palestine|99/100 tox|[from] ability: Poison Heal
|upkeep
|turn|13
|
|t:|1769440941
|switch|p2a: Elucid|Dragonite, F|100/100
|move|p1a: Free Palestine|Protect||[still]
|-fail|p1a: Free Palestine
|
|-heal|p1a: Free Palestine|100/100 tox|[from] ability: Poison Heal
|upkeep
|turn|14
|
|t:|1769440944
|move|p1a: Free Palestine|Protect|p1a: Free Palestine
|-singleturn|p1a: Free Palestine|Protect
|move|p2a: Elucid|Ice Spinner|p1a: Free Palestine
|-activate|p1a: Free Palestine|move: Protect
|
|upkeep
|turn|15
|
|t:|1769440946
|switch|p2a: Smino|Gholdengo|100/100
|switch|p1a: Trump is low IQ|Corviknight, M|100/100
|-damage|p1a: Trump is low IQ|88/100|[from] Stealth Rock
|-ability|p1a: Trump is low IQ|Pressure
|
|upkeep
|turn|16
|
|t:|1769440950
|switch|p1a: Save Sudan|Slowking-Galar, M|67/100
|-damage|p1a: Save Sudan|55/100|[from] Stealth Rock
|move|p2a: Smino|Shadow Ball|p1a: Save Sudan
|-supereffective|p1a: Save Sudan
|-damage|p1a: Save Sudan|0 fnt
|faint|p1a: Save Sudan
|
|upkeep
|
|t:|1769440953
|switch|p1a: brat|Blissey, F|100/100
|turn|17
|
|t:|1769440955
|switch|p2a: Julia Jacklin|Glimmora, M|81/100
|switch|p1a: Free Palestine|Gliscor, M|100/100 tox
|-damage|p1a: Free Palestine|88/100 tox|[from] Stealth Rock
|
|-heal|p1a: Free Palestine|100/100 tox|[from] ability: Poison Heal
|upkeep
|turn|18
|
|t:|1769440957
|switch|p2a: Elucid|Dragonite, F|100/100
|move|p1a: Free Palestine|Substitute|p1a: Free Palestine
|-start|p1a: Free Palestine|Substitute
|-damage|p1a: Free Palestine|76/100 tox
|
|-heal|p1a: Free Palestine|88/100 tox|[from] ability: Poison Heal
|upkeep
|turn|19
|
|t:|1769440963
|move|p2a: Elucid|Ice Spinner|p1a: Free Palestine
|-supereffective|p1a: Free Palestine
|-end|p1a: Free Palestine|Substitute
|move|p1a: Free Palestine|Toxic|p2a: Elucid
|-status|p2a: Elucid|tox
|
|-damage|p2a: Elucid|94/100 tox|[from] psn
|-heal|p1a: Free Palestine|100/100 tox|[from] ability: Poison Heal
|upkeep
|turn|20
|
|t:|1769440968
|-terastallize|p1a: Free Palestine|Water
|move|p2a: Elucid|Ice Spinner|p1a: Free Palestine
|-resisted|p1a: Free Palestine
|-damage|p1a: Free Palestine|90/100 tox
|move|p1a: Free Palestine|Substitute|p1a: Free Palestine
|-start|p1a: Free Palestine|Substitute
|-damage|p1a: Free Palestine|65/100 tox
|
|-damage|p2a: Elucid|82/100 tox|[from] psn
|-heal|p1a: Free Palestine|78/100 tox|[from] ability: Poison Heal
|upkeep
|turn|21
|
|t:|1769440972
|switch|p2a: Julia Jacklin|Glimmora, M|81/100
|move|p1a: Free Palestine|Earthquake|p2a: Julia Jacklin
|-supereffective|p2a: Julia Jacklin
|-damage|p2a: Julia Jacklin|0 fnt
|-activate|p2a: Julia Jacklin|ability: Toxic Debris
|-sidestart|p1: Trainer #39|move: Toxic Spikes
|faint|p2a: Julia Jacklin
|
|-heal|p1a: Free Palestine|90/100 tox|[from] ability: Poison Heal
|upkeep
|
|t:|1769440989
|switch|p2a: Elucid|Dragonite, F|82/100 tox
|turn|22
|
|t:|1769440993
|move|p1a: Free Palestine|Protect|p1a: Free Palestine
|-singleturn|p1a: Free Palestine|Protect
|move|p2a: Elucid|Dragon Dance|p2a: Elucid
|-boost|p2a: Elucid|atk|1
|-boost|p2a: Elucid|spe|1
|
|-damage|p2a: Elucid|76/100 tox|[from] psn
|-heal|p1a: Free Palestine|100/100 tox|[from] ability: Poison Heal
|upkeep
|turn|23
|
|t:|1769440996
|move|p2a: Elucid|Earthquake|p1a: Free Palestine
|-end|p1a: Free Palestine|Substitute
|move|p1a: Free Palestine|Substitute|p1a: Free Palestine
|-start|p1a: Free Palestine|Substitute
|-damage|p1a: Free Palestine|76/100 tox
|
|-damage|p2a: Elucid|63/100 tox|[from] psn
|-heal|p1a: Free Palestine|88/100 tox|[from] ability: Poison Heal
|upkeep
|turn|24
|
|t:|1769441001
|move|p1a: Free Palestine|Protect|p1a: Free Palestine
|-singleturn|p1a: Free Palestine|Protect
|move|p2a: Elucid|Earthquake|p1a: Free Palestine
|-activate|p1a: Free Palestine|move: Protect
|
|-damage|p2a: Elucid|45/100 tox|[from] psn
|-heal|p1a: Free Palestine|100/100 tox|[from] ability: Poison Heal
|upkeep
|turn|25
|
|t:|1769441003
|move|p2a: Elucid|Earthquake|p1a: Free Palestine
|-end|p1a: Free Palestine|Substitute
|move|p1a: Free Palestine|Substitute|p1a: Free Palestine
|-start|p1a: Free Palestine|Substitute
|-damage|p1a: Free Palestine|76/100 tox
|
|-damage|p2a: Elucid|20/100 tox|[from] psn
|-heal|p1a: Free Palestine|88/100 tox|[from] ability: Poison Heal
|upkeep
|turn|26
|
|t:|1769441008
|switch|p2a: Smino|Gholdengo|100/100
|move|p1a: Free Palestine|Protect||[still]
|-fail|p1a: Free Palestine
|
|-heal|p1a: Free Palestine|100/100 tox|[from] ability: Poison Heal
|upkeep
|turn|27
|
|t:|1769441014
|switch|p2a: Alvvays|Umbreon, F|100/100
|move|p1a: Free Palestine|Earthquake|p2a: Alvvays
|-crit|p2a: Alvvays
|-damage|p2a: Alvvays|66/100
|
|-heal|p2a: Alvvays|72/100|[from] item: Leftovers
|upkeep
|turn|28
|
|t:|1769441016
|move|p2a: Alvvays|Protect|p2a: Alvvays
|-singleturn|p2a: Alvvays|Protect
|move|p1a: Free Palestine|Toxic|p2a: Alvvays
|-activate|p2a: Alvvays|move: Protect
|
|-heal|p2a: Alvvays|78/100|[from] item: Leftovers
|upkeep
|turn|29
|
|t:|1769441020
|switch|p2a: Smino|Gholdengo|100/100
|move|p1a: Free Palestine|Toxic|p2a: Smino
|-immune|p2a: Smino|[from] ability: Good as Gold
|
|upkeep
|turn|30
|
|t:|1769441022
|switch|p2a: Alvvays|Umbreon, F|78/100
|move|p1a: Free Palestine|Earthquake|p2a: Alvvays
|-damage|p2a: Alvvays|54/100
|
|-heal|p2a: Alvvays|60/100|[from] item: Leftovers
|upkeep
|turn|31
|
|t:|1769441025
|move|p2a: Alvvays|Protect|p2a: Alvvays
|-singleturn|p2a: Alvvays|Protect
|move|p1a: Free Palestine|Earthquake|p2a: Alvvays
|-activate|p2a: Alvvays|move: Protect
|
|-heal|p2a: Alvvays|66/100|[from] item: Leftovers
|upkeep
|turn|32
|
|t:|1769441027
|move|p1a: Free Palestine|Toxic|p2a: Alvvays
|-status|p2a: Alvvays|tox
|move|p2a: Alvvays|Wish|p2a: Alvvays
|
|-heal|p2a: Alvvays|73/100 tox|[from] item: Leftovers
|-damage|p2a: Alvvays|66/100 tox|[from] psn
|upkeep
|turn|33
|
|t:|1769441033
|move|p1a: Free Palestine|Earthquake|p2a: Alvvays
|-crit|p2a: Alvvays
|-damage|p2a: Alvvays|29/100 tox
|move|p2a: Alvvays|Foul Play|p1a: Free Palestine
|-activate|p1a: Free Palestine|move: Substitute|[damage]
|
|-heal|p2a: Alvvays|79/100 tox|[from] move: Wish|[wisher] Alvvays
|-heal|p2a: Alvvays|85/100 tox|[from] item: Leftovers
|-damage|p2a: Alvvays|73/100 tox|[from] psn
|upkeep
|turn|34
|
|t:|1769441035
|move|p1a: Free Palestine|Earthquake|p2a: Alvvays
|-damage|p2a: Alvvays|49/100 tox
|move|p2a: Alvvays|Foul Play|p1a: Free Palestine
|-end|p1a: Free Palestine|Substitute
|
|-heal|p2a: Alvvays|55/100 tox|[from] item: Leftovers
|-damage|p2a: Alvvays|36/100 tox|[from] psn
|upkeep
|turn|35
|
|t:|1769441042
|switch|p2a: Rat Tally|Garchomp, M, tera:Electric|100/100
|move|p1a: Free Palestine|Substitute|p1a: Free Palestine
|-start|p1a: Free Palestine|Substitute
|-damage|p1a: Free Palestine|76/100 tox
|
|-heal|p1a: Free Palestine|88/100 tox|[from] ability: Poison Heal
|upkeep
|turn|36
|
|t:|1769441045
|move|p2a: Rat Tally|Scale Shot|p1a: Free Palestine
|-activate|p1a: Free Palestine|move: Substitute|[damage]
|-activate|p1a: Free Palestine|move: Substitute|[damage]
|-end|p1a: Free Palestine|Substitute
|-damage|p1a: Free Palestine|79/100 tox
|-hitcount|p1a: Free Palestine|4
|-unboost|p2a: Rat Tally|def|1
|-boost|p2a: Rat Tally|spe|1
|move|p1a: Free Palestine|Toxic|p2a: Rat Tally
|-status|p2a: Rat Tally|tox
|
|-damage|p2a: Rat Tally|94/100 tox|[from] psn
|-heal|p1a: Free Palestine|92/100 tox|[from] ability: Poison Heal
|upkeep
|turn|37
|
|t:|1769441049
|move|p2a: Rat Tally|Swords Dance|p2a: Rat Tally
|-boost|p2a: Rat Tally|atk|2
|move|p1a: Free Palestine|Earthquake|p2a: Rat Tally
|-supereffective|p2a: Rat Tally
|-crit|p2a: Rat Tally
|-damage|p2a: Rat Tally|0 fnt
|faint|p2a: Rat Tally
|
|-heal|p1a: Free Palestine|100/100 tox|[from] ability: Poison Heal
|upkeep
|-message|Auburn Hills forfeited.
|
|win|Trainer #39
|raw|Trainer #39's rating: 1812 &rarr; <strong>1832</strong><br />(+20 for winning)
|raw|Auburn Hills's rating: 1814 &rarr; <strong>1794</strong><br />(-20 for losing)
|l|☆Auburn Hills
|player|p2|
|l|☆Trainer #39
|player|p1|
