|j|☆capt.once
|j|☆taoelcompetitivos
|t:|1769334509
|gametype|singles
|player|p1|capt.once|clerkf|1492
|player|p2|taoelcompetitivos|ghetsis|1447
|gen|9
|tier|[Gen 9] OU
|rated|
|rule|HP Percentage Mod: HP is shown in percentages
|rule|Endless Battle Clause: Forcing endless battles is banned
|rule|Species Clause: Limit one of each Pokémon
|rule|OHKO Clause: OHKO moves are banned
|rule|Evasion Items Clause: Evasion items are banned
|rule|Evasion Moves Clause: Evasion moves are banned
|rule|Evasion Abilities Clause: Evasion abilities are banned
|rule|Sleep Moves Clause: Sleep-inducing moves are banned
|clearpoke
|poke|p1|Samurott-Hisui, M|
|poke|p1|Salamence, F|
|poke|p1|Abomasnow, F|
|poke|p1|Glimmora, F|
|poke|p1|Iron Valiant|
|poke|p1|Iron Hands|
|poke|p2|Tinkaton, F|
|poke|p2|Ogerpon, F|
|poke|p2|Great Tusk|
|poke|p2|Pecharunt|
|poke|p2|Alomomola, M|
|poke|p2|Hydreigon, M|
|teampreview
|inactive|Battle timer is ON: inactive players will automatically lose when time's up. (requested by capt.once)
|
|t:|1769334532
|teamsize|p1|6
|teamsize|p2|6
|start
|switch|p1a: Samurott|Samurott-Hisui, M|100/100
|switch|p2a: Ogerpon|Ogerpon, F|100/100
|turn|1
|
|t:|1769334542
|switch|p1a: Abomasnow|Abomasnow, F|100/100
|-weather|Snowscape|[from] ability: Snow Warning|[of] p1a: Abomasnow
|move|p2a: Ogerpon|Ivy Cudgel|p1a: Abomasnow
|-resisted|p1a: Abomasnow
|-damage|p1a: Abomasnow|72/100
|
|-weather|Snowscape|[upkeep]
|upkeep
|turn|2
|
|t:|1769334564
|switch|p2a: Pecharunt|Pecharunt|100/100
|move|p1a: Abomasnow|Aurora Veil|p1a: Abomasnow
|-sidestart|p1: capt.once|move: Aurora Veil
|
|-weather|Snowscape|[upkeep]
|upkeep
|turn|3
|
|t:|1769334578
|switch|p1a: Glimmora|Glimmora, F|100/100
|move|p2a: Pecharunt|Parting Shot|p1a: Glimmora
|-unboost|p1a: Glimmora|atk|1
|-unboost|p1a: Glimmora|spa|1
|
|t:|1769334594
|switch|p2a: Hydreigon|Hydreigon, M, shiny|100/100|[from] Parting Shot
|
|-weather|Snowscape|[upkeep]
|upkeep
|turn|4
|inactive|taoelcompetitivos has 120 seconds left.
|
|t:|1769334623
|move|p2a: Hydreigon|Earth Power|p1a: Glimmora
|-supereffective|p1a: Glimmora
|-damage|p1a: Glimmora|0 fnt
|faint|p1a: Glimmora
|
|-weather|Snowscape|[upkeep]
|upkeep
|inactive|capt.once has 120 seconds left.
|
|t:|1769334633
|switch|p1a: Samurott|Samurott-Hisui, M|100/100
|turn|5
|
|t:|1769334642
|switch|p2a: Alomomola|Alomomola, M, shiny|100/100
|move|p1a: Samurott|Sacred Sword|p2a: Alomomola
|-damage|p2a: Alomomola|67/100
|
|-weather|none
|upkeep
|turn|6
|
|t:|1769334651
|switch|p1a: Abomasnow|Abomasnow, F|72/100
|-weather|Snowscape|[from] ability: Snow Warning|[of] p1a: Abomasnow
|move|p2a: Alomomola|Flip Turn|p1a: Abomasnow
|-resisted|p1a: Abomasnow
|-damage|p1a: Abomasnow|69/100
|
|t:|1769334663
|switch|p2a: Pecharunt|Pecharunt|100/100|[from] Flip Turn
|
|-weather|Snowscape|[upkeep]
|upkeep
|turn|7
|
|t:|1769334673
|move|p2a: Pecharunt|Malignant Chain|p1a: Abomasnow
|-supereffective|p1a: Abomasnow
|-damage|p1a: Abomasnow|40/100
|-status|p1a: Abomasnow|tox
|-start|p1a: Abomasnow|confusion|[from] ability: Poison Puppeteer|[of] p2a: Pecharunt
|-activate|p1a: Abomasnow|confusion
|move|p1a: Abomasnow|Blizzard|p2a: Pecharunt
|-damage|p2a: Pecharunt|47/100
|
|-weather|Snowscape|[upkeep]
|-damage|p1a: Abomasnow|34/100 tox|[from] psn
|upkeep
|turn|8
|
|t:|1769334687
|move|p2a: Pecharunt|Recover|p2a: Pecharunt
|-heal|p2a: Pecharunt|97/100
|-activate|p1a: Abomasnow|confusion
|move|p1a: Abomasnow|Blizzard|p2a: Pecharunt
|-damage|p2a: Pecharunt|47/100
|
|-weather|Snowscape|[upkeep]
|-damage|p1a: Abomasnow|22/100 tox|[from] psn
|upkeep
|turn|9
|
|t:|1769334700
|switch|p1a: Iron Valiant|Iron Valiant|100/100
|-enditem|p1a: Iron Valiant|Booster Energy
|-activate|p1a: Iron Valiant|ability: Quark Drive|[fromitem]
|-start|p1a: Iron Valiant|quarkdrivespe
|move|p2a: Pecharunt|Recover|p2a: Pecharunt
|-heal|p2a: Pecharunt|98/100
|
|-weather|Snowscape|[upkeep]
|-sideend|p1: capt.once|move: Aurora Veil
|upkeep
|turn|10
|
|t:|1769334725
|move|p1a: Iron Valiant|Psychic|p2a: Pecharunt
|-supereffective|p2a: Pecharunt
|-damage|p2a: Pecharunt|40/100
|move|p2a: Pecharunt|Parting Shot|p1a: Iron Valiant
|-unboost|p1a: Iron Valiant|atk|1
|-unboost|p1a: Iron Valiant|spa|1
|inactive|taoelcompetitivos has 120 seconds left.
|
|t:|1769334743
|switch|p2a: Tinkaton|Tinkaton, F, shiny|100/100|[from] Parting Shot
|
|-weather|none
|upkeep
|turn|11
|
|t:|1769334755
|-end|p1a: Iron Valiant|Quark Drive|[silent]
|switch|p1a: Abomasnow|Abomasnow, F|22/100 tox
|-weather|Snowscape|[from] ability: Snow Warning|[of] p1a: Abomasnow
|move|p2a: Tinkaton|Stealth Rock|p1a: Abomasnow
|-sidestart|p1: capt.once|move: Stealth Rock
|
|-weather|Snowscape|[upkeep]
|-damage|p1a: Abomasnow|16/100 tox|[from] psn
|upkeep
|turn|12
|
|t:|1769334766
|move|p2a: Tinkaton|Gigaton Hammer|p1a: Abomasnow
|-supereffective|p1a: Abomasnow
|-damage|p1a: Abomasnow|0 fnt
|faint|p1a: Abomasnow
|
|-weather|Snowscape|[upkeep]
|upkeep
|
|t:|1769334773
|switch|p1a: Iron Hands|Iron Hands|100/100
|-damage|p1a: Iron Hands|94/100|[from] Stealth Rock
|-enditem|p1a: Iron Hands|Booster Energy
|-activate|p1a: Iron Hands|ability: Quark Drive|[fromitem]
|-start|p1a: Iron Hands|quarkdriveatk
|turn|13
|
|t:|1769334792
|switch|p2a: Great Tusk|Great Tusk, shiny|100/100
|move|p1a: Iron Hands|Drain Punch|p2a: Great Tusk
|-damage|p2a: Great Tusk|61/100
|-heal|p1a: Iron Hands|100/100|[from] drain|[of] p2a: Great Tusk
|
|-weather|Snowscape|[upkeep]
|upkeep
|turn|14
|
|t:|1769334805
|-terastallize|p1a: Iron Hands|Fighting
|move|p2a: Great Tusk|Rapid Spin|p1a: Iron Hands
|-damage|p1a: Iron Hands|90/100
|-boost|p2a: Great Tusk|spe|1
|move|p1a: Iron Hands|Ice Punch|p2a: Great Tusk
|-supereffective|p2a: Great Tusk
|-damage|p2a: Great Tusk|0 fnt
|faint|p2a: Great Tusk
|-end|p2a: Great Tusk|Protosynthesis|[silent]
|
|-weather|Snowscape|[upkeep]
|upkeep
|
|t:|1769334819
|switch|p2a: Pecharunt|Pecharunt|40/100
|turn|15
|
|t:|1769334825
|move|p2a: Pecharunt|Recover|p2a: Pecharunt
|-heal|p2a: Pecharunt|90/100
|move|p1a: Iron Hands|Wild Charge|p2a: Pecharunt
|-crit|p2a: Pecharunt
|-damage|p2a: Pecharunt|42/100
|-damage|p1a: Iron Hands|74/100|[from] item: Rocky Helmet|[of] p2a: Pecharunt
|-damage|p1a: Iron Hands|64/100|[from] Recoil
|
|-weather|none
|upkeep
|turn|16
|
|t:|1769334846
|move|p2a: Pecharunt|Recover|p2a: Pecharunt
|-heal|p2a: Pecharunt|92/100
|move|p1a: Iron Hands|Swords Dance|p1a: Iron Hands
|-boost|p1a: Iron Hands|atk|2
|
|upkeep
|turn|17
|
|t:|1769334857
|move|p2a: Pecharunt|Malignant Chain|p1a: Iron Hands
|-damage|p1a: Iron Hands|29/100
|-status|p1a: Iron Hands|tox
|-start|p1a: Iron Hands|confusion|[from] ability: Poison Puppeteer|[of] p2a: Pecharunt
|-activate|p1a: Iron Hands|confusion
|move|p1a: Iron Hands|Wild Charge|p2a: Pecharunt
|-damage|p2a: Pecharunt|26/100
|-damage|p1a: Iron Hands|13/100 tox|[from] item: Rocky Helmet|[of] p2a: Pecharunt
|-damage|p1a: Iron Hands|0 fnt|[from] Recoil
|faint|p1a: Iron Hands
|-end|p1a: Iron Hands|Quark Drive|[silent]
|
|upkeep
|inactive|capt.once has 120 seconds left.
|
|t:|1769334876
|switch|p1a: Salamence|Salamence, F|100/100
|-damage|p1a: Salamence|76/100|[from] Stealth Rock
|turn|18
|
|t:|1769334883
|move|p1a: Salamence|Dual Wingbeat|p2a: Pecharunt
|-damage|p2a: Pecharunt|16/100
|-damage|p1a: Salamence|59/100|[from] item: Rocky Helmet|[of] p2a: Pecharunt
|-damage|p2a: Pecharunt|6/100
|-damage|p1a: Salamence|42/100|[from] item: Rocky Helmet|[of] p2a: Pecharunt
|-hitcount|p2a: Pecharunt|2
|move|p2a: Pecharunt|Malignant Chain|p1a: Salamence
|-damage|p1a: Salamence|2/100
|-status|p1a: Salamence|tox
|-start|p1a: Salamence|confusion|[from] ability: Poison Puppeteer|[of] p2a: Pecharunt
|-enditem|p1a: Salamence|Lum Berry|[eat]
|-curestatus|p1a: Salamence|tox|[msg]
|-end|p1a: Salamence|confusion
|
|upkeep
|turn|19
|
|t:|1769334900
|move|p1a: Salamence|Temper Flare|p2a: Pecharunt
|-damage|p2a: Pecharunt|0 fnt
|-damage|p1a: Salamence|0 fnt|[from] item: Rocky Helmet|[of] p2a: Pecharunt
|faint|p2a: Pecharunt
|faint|p1a: Salamence
|
|upkeep
|inactive|capt.once has 120 seconds left.
|
|t:|1769334915
|switch|p1a: Iron Valiant|Iron Valiant|100/100
|switch|p2a: Ogerpon|Ogerpon, F|100/100
|-damage|p1a: Iron Valiant|94/100|[from] Stealth Rock
|turn|20
|
|t:|1769334922
|-terastallize|p2a: Ogerpon|Grass
|detailschange|p2a: Ogerpon|Ogerpon-Teal-Tera, F, tera:Grass
|-ability|p2a: Ogerpon|Embody Aspect (Teal)|boost
|-boost|p2a: Ogerpon|spe|1
|move|p2a: Ogerpon|Ivy Cudgel|p1a: Iron Valiant
|-damage|p1a: Iron Valiant|0 fnt
|faint|p1a: Iron Valiant
|-end|p1a: Iron Valiant|Quark Drive|[silent]
|
|upkeep
|inactive|capt.once has 120 seconds left.
|-message|capt.once forfeited.
|
|win|taoelcompetitivos
|raw|capt.once's rating: 1492 &rarr; <strong>1469</strong><br />(-23 for losing)
|raw|taoelcompetitivos's rating: 1447 &rarr; <strong>1470</strong><br />(+23 for winning)
|l|☆capt.once
|player|p1|
|l|☆taoelcompetitivos
|player|p2|
